<mjloggm ver="2.3"><GO type="41" lobby="0"/><UN n0="%41%6D%69%63%68%61%6E" n1="%E3%82%BF%E3%83%BC%E3%83%A4" n2="%46%69%72%73%74" n3="%E3%82%A6%E3%83%AB%E3%83%88%E3%83%A9%E7%AB%8B%E7%9B%B4" dan="14,15,16,15" rate="1943.76,2046.17,1964.08,2014.81" sx="M,M,M,M"/><TAIKYOKU oya="0"/><INIT seed="0,0,0,1,2,118" ten="250,250,250,250" oya="0" hai0="22,16,31,108,13,18,60,26,122,93,50,61,124" hai1="111,117,71,133,84,12,96,30,35,129,100,81,70" hai2="102,134,36,66,121,74,58,105,94,97,2,3,72" hai3="11,83,125,4,51,40,24,6,59,87,109,89,38"/><T5/><D124/><U27/><E117/><V90/><F36/><W45/><G125/><T41/><D108/><U119/><E111/><V33/><F33/><W127/><G127/><T52/><D41/><U55/><E129/><V46/><F46/><W106/><G106/><T120/><D93/><U99/><E133/><V130/><F66/><W98/><G109/><T75/><D75/><U53/><E12/><V8/><F58/><W1/><G6/><T42/><D42/><U101/><E119/><V0/><F8/><W91/><G24/><T48/><D5/><U14/><E14/><V114/><F114/><W68/><G68/><T77/><D77/><U113/><E113/><V49/><F49/><W95/><REACH who="3" step="1"/><G59/><REACH who="3" ten="250,250,250,240" step="2"/><T43/><D43/><U19/><E19/><V57/><F105/><W123/><G123/><T37/><D37/><AGARI ba="0,1" hai="1,4,11,37,38,40,45,51,83,87,89,91,95,98" machi="37" ten="40,1300,0" yaku="1,1,53,0" doraHai="118" doraHaiUra="23" who="3" fromWho="0" sc="250,-13,250,0,250,0,240,23" /><INIT seed="1,0,0,2,1,70" ten="237,250,250,263" oya="1" hai0="1,88,30,94,130,6,90,77,82,56,29,122,118" hai1="54,123,71,8,103,2,81,35,135,101,47,131,120" hai2="116,57,24,117,78,112,96,27,37,12,60,31,62" hai3="21,64,20,134,89,67,38,41,84,95,63,4,80"/><U74/><E54/><V107/><F78/><W14/><G134/><T97/><D118/><U68/><E135/><V59/><F12/><W45/><G64/><T61/><D130/><U49/><E49/><V99/><F31/><W48/><G4/><T72/><D122/><U92/><E92/><V79/><F79/><W75/><G75/><T93/><D6/><U18/><E35/><V105/><REACH who="2" step="1"/><F112/><REACH who="2" ten="237,250,240,263" step="2"/><W124/><G14/><T7/><D1/><U43/><E120/><V3/><F3/><W91/><G124/><T128/><D128/><U65/><E18/><V114/><F114/><W33/><G33/><T52/><REACH who="0" step="1"/><D7/><REACH who="0" ten="227,250,240,263" step="2"/><U87/><E123/><V46/><F46/><W36/><G20/><T22/><D22/><U55/><E47/><V26/><F26/><W109/><G21/><T50/><D50/><U121/><E121/><V113/><F113/><W115/><G115/><T83/><D83/><U69/><E81/><V133/><F133/><W16/><G45/><T23/><D23/><U129/><E129/><V40/><F40/><W111/><G48/><T25/><D25/><U110/><E43/><V86/><F86/><AGARI ba="0,2" hai="29,30,52,56,61,72,77,82,86,88,90,93,94,97" machi="86" ten="30,7700,0" yaku="1,1,7,1,54,2,53,0" doraHai="70" doraHaiUra="102" who="0" fromWho="2" sc="227,97,250,0,240,-77,263,0" /><INIT seed="2,0,0,0,3,87" ten="324,250,163,263" oya="2" hai0="88,110,55,112,77,60,5,118,68,122,117,67,103" hai1="131,50,49,47,16,51,109,83,18,75,97,29,132" hai2="4,32,6,30,102,73,93,92,71,58,98,108,28" hai3="11,90,19,74,105,34,48,59,133,23,126,106,63"/><V42/><F71/><W10/><G34/><T116/><D122/><U35/><E109/><V104/><F73/><W121/><G74/><T21/><D110/><U2/><E2/><V33/><F108/><W39/><G39/><T20/><D112/><U3/><E3/><V123/><F123/><W125/><G48/><T37/><D37/><U79/><E132/><V69/><F42/><W9/><G121/><T91/><D103/><U86/><E131/><V113/><F113/><W14/><G133/><T45/><D77/><U89/><E47/><V111/><F111/><W64/><REACH who="3" step="1"/><G90/><REACH who="3" ten="324,250,163,253" step="2"/><N who="0" m="34347" /><D5/><U52/><E97/><V24/><F4/><W61/><G61/><T46/><D46/><U15/><E35/><V119/><F6/><W0/><G0/><T107/><D107/><AGARI ba="0,1" hai="9,10,11,14,19,23,59,63,64,105,106,107,125,126" machi="107" ten="40,1300,0" yaku="1,1,53,0" doraHai="87" doraHaiUra="114" who="3" fromWho="0" sc="324,-13,250,0,163,0,253,23" /><INIT seed="3,0,0,1,3,33" ten="311,250,163,276" oya="3" hai0="90,11,53,76,51,48,96,97,103,115,63,108,66" hai1="92,68,84,65,133,101,85,72,88,79,43,119,67" hai2="0,132,131,12,102,38,54,20,134,52,75,57,61" hai3="106,16,89,135,94,98,129,49,41,125,9,120,77"/><W112/><G120/><T86/><D108/><U105/><E133/><N who="2" m="51307" /><F131/><W73/><G112/><T2/><D76/><U5/><E119/><V28/><F75/><W110/><G106/><T18/><D115/><U95/><E68/><V22/><F38/><W100/><G110/><T127/><D127/><U62/><E62/><V45/><F102/><W83/><G125/><T111/><D111/><U15/><E43/><V1/><F12/><W32/><G32/><T69/><D51/><U21/><E21/><N who="2" m="8299" /><F28/><W26/><G135/><T123/><D103/><U24/><E24/><V130/><F130/><W3/><G129/><T59/><D123/><U124/><E124/><V27/><F27/><W46/><G26/><T74/><D74/><U122/><E122/><V34/><F34/><W104/><G16/><T121/><D121/><U99/><E15/><V78/><F78/><W36/><G49/><AGARI ba="0,0" hai="0,1,45,49,52,54,57,61" m="8299,51307" machi="49" ten="30,7700,0" yaku="20,1,52,2,54,1" doraHai="33" who="2" fromWho="3" sc="311,0,250,0,163,77,276,-77" /><INIT seed="4,0,0,4,4,74" ten="311,250,240,199" oya="0" hai0="99,104,117,131,85,87,88,115,26,18,1,54,92" hai1="127,40,32,134,9,3,123,14,76,119,111,97,45" hai2="121,83,5,68,105,27,130,24,51,4,37,112,63" hai3="29,113,96,41,126,67,20,57,103,61,66,120,71"/><T69/><D69/><U35/><E123/><V25/><F37/><W110/><G110/><T60/><D1/><U132/><E119/><V80/><F121/><W49/><G120/><T15/><D117/><U46/><E3/><V56/><F68/><W55/><G29/><T72/><D72/><U81/><E97/><V98/><F51/><N who="3" m="30975" /><G20/><N who="0" m="13591" /><D104/><U21/><E21/><V13/><F130/><W8/><G8/><T7/><D115/><U43/><E127/><V89/><F112/><W118/><G96/><T116/><D116/><U6/><E111/><V17/><F105/><W84/><G84/><T93/><D93/><U64/><E64/><N who="3" m="24618" /><G103/><T23/><D131/><U125/><E125/><V16/><F98/><W44/><G126/><T70/><D70/><U75/><E43/><V95/><F95/><W91/><G91/><T58/><D23/><U33/><REACH who="1" step="1"/><E46/><REACH who="1" ten="311,240,240,199" step="2"/><V12/><F63/><W28/><G118/><T30/><D30/><U2/><E2/><V86/><F56/><W78/><G28/><T19/><D19/><U0/><E0/><V53/><F17/><W36/><G113/><T52/><D99/><U50/><AGARI ba="0,1" hai="6,9,14,32,33,35,40,45,50,75,76,81,132,134" machi="50" ten="40,5200,0" yaku="1,1,0,1,52,1,53,0" doraHai="74" doraHaiUra="82" who="1" fromWho="1" sc="311,-26,240,62,240,-13,199,-13" /><INIT seed="5,0,0,0,3,56" ten="285,302,227,186" oya="1" hai0="2,66,13,0,106,73,12,8,42,49,104,44,10" hai1="50,46,96,71,34,43,16,14,130,122,110,75,59" hai2="35,107,21,28,76,69,24,103,91,93,54,6,37" hai3="30,95,27,86,3,78,92,70,118,40,132,18,58"/><U127/><E71/><V87/><F37/><W89/><G70/><T123/><D123/><U52/><E75/><V102/><F69/><W47/><G3/><T117/><D117/><U109/><E122/><V129/><F129/><W11/><G132/><T81/><D66/><U120/><E120/><V29/><F107/><W33/><G118/><T41/><D81/><U74/><E74/><V128/><F128/><W85/><G18/><T126/><D73/><U55/><E34/><V15/><F35/><W60/><G11/><T97/><D44/><U25/><E127/><V114/><F114/><W88/><G78/><T119/><D119/><U131/><E25/><V124/><F29/><W31/><G27/><T77/><D77/><U22/><E55/><V98/><F124/><W80/><G80/><T20/><D97/><U90/><E130/><V100/><F54/><W83/><G83/><T101/><D49/><U135/><E135/><V5/><F15/><W63/><G33/><T134/><D134/><U38/><E131/><V121/><F121/><W64/><REACH who="3" step="1"/><G60/><REACH who="3" ten="285,302,227,176" step="2"/><T48/><D126/><U125/><E125/><V115/><F76/><W111/><G111/><N who="1" m="42506" /><E90/><V53/><F91/><W112/><G112/><T36/><D101/><U105/><E96/><V113/><F102/><W82/><G82/><T133/><D133/><U99/><E99/><V72/><F103/><W32/><G32/><T67/><D8/><U79/><E79/><V65/><F115/><W39/><AGARI ba="0,1" hai="30,31,39,40,47,58,63,64,85,86,88,89,92,95" machi="39" ten="20,12000,2" yaku="1,1,0,1,7,1,9,1,52,1,54,1,53,0" doraHai="56" doraHaiUra="94" who="3" fromWho="3" sc="285,-30,302,-60,227,-30,176,130" /><INIT seed="6,0,0,4,3,122" ten="255,242,197,306" oya="2" hai0="69,89,1,59,5,77,62,41,97,16,65,15,36" hai1="40,18,54,30,14,47,133,92,135,4,112,107,21" hai2="113,34,81,43,80,105,63,94,120,26,49,125,73" hai3="35,115,64,44,2,95,74,37,130,31,98,23,39"/><V110/><F120/><W12/><G74/><T134/><D134/><U70/><E107/><V7/><F105/><W114/><G2/><T32/><D32/><U17/><E70/><V101/><F110/><W11/><G35/><T3/><D77/><U132/><E112/><N who="3" m="43050" /><G64/><T117/><D117/><U119/><E119/><V29/><F113/><W76/><G76/><T75/><D75/><U109/><E109/><V53/><F73/><W22/><G130/><T6/><D1/><U85/><E54/><V83/><F125/><W72/><G72/><T61/><D3/><U106/><E106/><V100/><F7/><W78/><G78/><T123/><D123/><U131/><E131/><V60/><F43/><N who="3" m="22639" /><G31/><T104/><D41/><U128/><E128/><V67/><F94/><W52/><G52/><N who="0" m="34023" /><D36/><N who="1" m="21895" /><E30/><V10/><F10/><W56/><G56/><N who="0" m="37063" /><D104/><U66/><E66/><V13/><F13/><W20/><G39/><T50/><D69/><U79/><E4/><V87/><F87/><W93/><G98/><T0/><D0/><U84/><E79/><V108/><F108/><W126/><G126/><T99/><D50/><U27/><E92/><V103/><REACH who="2" step="1"/><F67/><REACH who="2" ten="255,242,187,306" step="2"/><W48/><G95/><N who="0" m="56559" /><D99/><U91/><E91/><V42/><F42/><W118/><G93/><T58/><D58/><AGARI ba="0,1" hai="26,29,34,49,53,58,60,63,80,81,83,100,101,103" machi="58" ten="40,2000,0" yaku="1,1,53,0" doraHai="122" doraHaiUra="129" who="2" fromWho="0" sc="255,-20,242,0,187,30,306,0" /><INIT seed="6,1,0,4,2,2" ten="235,242,217,306" oya="2" hai0="113,0,120,116,60,118,37,61,122,78,45,51,36" hai1="48,68,126,21,80,63,47,123,6,119,26,134,12" hai2="73,59,64,46,96,124,107,13,1,4,91,77,132" hai3="42,114,23,135,90,109,52,127,130,88,82,34,71"/><V15/><F124/><W75/><G34/><T95/><D78/><U17/><E119/><N who="0" m="45609" /><D95/><U65/><E134/><V20/><F132/><W11/><G71/><T9/><D113/><U100/><E126/><V102/><F91/><W108/><G127/><T70/><D9/><U58/><E123/><N who="0" m="47145" /><D0/><U53/><E100/><V31/><F46/><W117/><G11/><T5/><D5/><U81/><E68/><V129/><F129/><W32/><G32/><T14/><D14/><U28/><REACH who="1" step="1"/><E6/><REACH who="1" ten="235,232,217,306" step="2"/><V18/><F4/><W105/><G135/><T83/><D70/><U92/><E92/><V40/><F107/><W121/><G105/><T27/><D83/><U97/><E97/><V38/><F102/><W86/><G82/><T112/><D112/><U87/><E87/><V35/><F96/><W66/><G86/><T19/><D37/><U115/><E115/><V69/><F69/><W67/><G114/><T39/><D36/><U79/><E79/><V49/><F77/><W89/><G121/><T33/><D39/><U131/><E131/><V25/><F73/><W10/><G75/><T8/><D33/><AGARI ba="1,1" hai="12,17,21,26,28,33,47,48,53,58,63,65,80,81" machi="33" ten="30,2000,0" yaku="1,1,7,1,53,0" doraHai="2" doraHaiUra="98" who="1" fromWho="0" sc="235,-23,232,33,217,0,306,0" /><INIT seed="7,0,0,0,3,8" ten="212,265,217,306" oya="3" hai0="18,45,10,47,14,1,128,32,127,35,83,20,26" hai1="114,51,102,16,2,13,5,113,31,39,132,46,116" hai2="119,77,49,44,117,17,84,6,86,23,43,126,52" hai3="64,106,121,85,122,63,112,73,96,105,100,124,12"/><W89/><G106/><T93/><D128/><U28/><E39/><V30/><F126/><W11/><G73/><T60/><D127/><U69/><E69/><V99/><F119/><W75/><G75/><T55/><D1/><U15/><E2/><V29/><F117/><W78/><G78/><T91/><D83/><U25/><E102/><V68/><F68/><W33/><G33/><T95/><D35/><U92/><E92/><N who="0" m="35401" /><D32/><U111/><E111/><V109/><F109/><W48/><G48/><T58/><D91/><U53/><E132/><V54/><F99/><W59/><G112/><N who="1" m="43114" /><E116/><V76/><F6/><AGARI ba="0,0" hai="6,10,14,18,20,26,45,47,55,58,60" m="35401" machi="6" ten="30,2000,0" yaku="8,1,52,1" doraHai="8" who="0" fromWho="2" sc="212,20,265,0,217,-20,306,0" owari="232,-17.0,265,7.0,197,-30.0,306,40.0" /></mjloggm>