<mjloggm ver="2.3"><GO type="169" lobby="0"/><UN n0="%E3%82%A6%E3%83%AB%E3%83%88%E3%83%A9%E7%AB%8B%E7%9B%B4" n1="%73%73%74%61%72%6F" n2="%EF%BC%88%EF%BC%BE%D0%94%EF%BC%BE%EF%BC%89" n3="%E3%82%89%E3%81%8F%E3%81%A0%EF%BC%90%EF%BC%91%EF%BC%90%EF%BC%99" dan="17,17,16,16" rate="2112.52,2162.93,2127.63,2154.00" sx="M,M,M,M"/><TAIKYOKU oya="0"/><INIT seed="0,0,0,2,3,43" ten="250,250,250,250" oya="0" hai0="61,19,126,31,101,123,132,85,46,30,133,9,49" hai1="134,63,39,10,44,2,17,8,1,115,97,47,55" hai2="79,110,24,75,73,35,62,14,58,69,20,114,120" hai3="41,33,7,98,12,109,65,52,80,32,89,13,111"/><T128/><D123/><U36/><E134/><N who="0" m="51817" /><D101/><U71/><E115/><V100/><F120/><W118/><G118/><T88/><D61/><U103/><E55/><V116/><F110/><N who="3" m="41995" /><G65/><T83/><D126/><U76/><E76/><V121/><F35/><N who="3" m="13387" /><G41/><N who="0" m="24783" /><D128/><U135/><E135/><V27/><F100/><W42/><G42/><T104/><D104/><U29/><E63/><V106/><F62/><W131/><G131/><T66/><D66/><U53/><E53/><V5/><F106/><W112/><G112/><T130/><D130/><U18/><E71/><V90/><F69/><W11/><G52/><T0/><D0/><U99/><REACH who="1" step="1"/><E103/><REACH who="1" ten="250,240,250,250" step="2"/><V93/><F114/><W74/><G74/><T70/><D70/><U38/><E38/><V107/><F73/><W23/><G89/><T127/><D127/><U68/><E68/><V3/><F90/><W16/><G80/><T21/><D9/><U51/><E51/><V125/><F75/><W87/><G87/><T40/><D40/><U84/><E84/><V56/><F125/><W77/><G98/><T94/><D83/><U67/><E67/><V37/><F37/><W119/><G119/><T92/><D92/><U54/><E54/><V122/><F93/><W64/><G64/><T117/><D117/><U113/><E113/><V91/><F116/><W102/><G102/><T45/><D45/><U15/><E15/><AGARI ba="0,1" hai="15,19,21,30,31,85,88,94" m="24783,51817" machi="15" ten="30,5800,0" yaku="20,1,52,1,54,1" doraHai="43" who="0" fromWho="1" sc="250,68,240,-58,250,0,250,0" /><INIT seed="0,1,0,4,2,89" ten="318,182,250,250" oya="0" hai0="113,34,103,4,10,15,100,115,29,54,129,48,49" hai1="97,85,133,71,43,63,110,66,53,120,78,23,30" hai2="109,27,75,123,118,86,80,107,44,93,32,94,1" hai3="56,122,88,95,121,3,31,6,7,11,112,17,2"/><T65/><D65/><U102/><E120/><N who="3" m="46186" /><G112/><T36/><D36/><U40/><E133/><V59/><F107/><W131/><G131/><T87/><D129/><U114/><E114/><V57/><F75/><W116/><G116/><T99/><D103/><U67/><E67/><V25/><F1/><N who="3" m="11" /><G31/><T37/><D37/><U21/><E110/><V82/><F109/><W128/><G56/><N who="2" m="21577" /><F32/><W28/><G28/><T13/><D29/><U62/><E30/><V79/><F123/><W77/><G77/><T22/><D34/><U42/><E63/><V135/><F135/><W8/><G128/><T125/><D49/><U111/><E53/><V127/><F127/><W20/><G6/><T132/><D125/><U38/><E38/><V60/><F60/><W58/><G58/><T26/><D132/><U73/><E73/><V39/><F39/><W14/><G7/><T96/><D48/><U12/><E111/><V69/><F69/><W104/><G104/><T106/><D106/><U47/><E47/><V35/><F35/><W124/><G124/><T101/><D4/><U55/><E71/><V24/><F118/><W105/><G105/><T108/><D108/><U83/><E66/><V16/><F44/><W130/><G130/><T64/><D64/><U41/><N who="1" m="10240" /><DORA hai="18" /><U126/><E126/><V70/><F70/><W76/><G76/><T0/><D113/><U74/><E62/><V46/><F46/><W81/><G81/><N who="2" m="31337" /><F16/><W117/><G117/><T119/><D119/><U19/><E19/><V98/><F79/><W84/><AGARI ba="1,0" hai="8,11,14,17,20,84,88,95" m="11,46186" machi="84" ten="30,7900,0" yaku="13,1,52,2,54,1" doraHai="89,18" who="3" fromWho="3" sc="318,-40,182,-21,250,-21,250,82" /><INIT seed="1,0,0,4,5,56" ten="278,161,229,332" oya="1" hai0="18,92,13,128,133,78,14,102,44,135,108,4,72" hai1="8,3,20,55,71,37,86,80,40,39,31,11,114" hai2="49,96,73,123,66,105,119,1,16,91,98,89,38" hai3="42,17,94,83,51,6,12,130,76,23,129,81,84"/><U34/><E114/><V21/><F38/><W24/><G94/><T69/><D69/><U22/><E71/><V120/><F73/><W57/><G83/><T77/><D72/><U79/><E34/><V75/><F75/><W117/><G117/><T58/><D44/><U115/><E115/><V85/><F1/><W110/><G110/><T88/><D102/><U134/><E134/><N who="0" m="51209" /><D108/><U132/><E132/><V65/><F119/><W33/><G33/><T101/><D101/><U27/><E40/><V116/><F116/><W7/><G7/><T106/><D106/><U0/><E22/><V9/><F9/><N who="3" m="4151" /><G57/><T45/><D45/><AGARI ba="0,0" hai="17,23,24,42,45,51,76,81,84,129,130" m="4151" machi="45" ten="30,1000,0" yaku="25,1" doraHai="56" who="3" fromWho="0" sc="278,-10,161,0,229,0,332,10" /><INIT seed="2,0,0,2,5,109" ten="268,161,229,342" oya="2" hai0="131,72,18,6,123,104,102,83,86,116,25,63,54" hai1="39,37,99,60,19,34,47,24,50,105,51,58,64" hai2="97,128,23,66,121,112,46,106,100,90,120,28,93" hai3="27,17,118,135,78,9,10,44,15,122,12,13,88"/><V48/><F112/><W45/><G122/><T53/><D6/><U80/><E80/><V111/><F128/><W5/><G118/><T68/><D18/><U67/><E67/><V40/><F111/><W94/><G135/><T69/><D25/><U20/><E34/><V74/><F74/><W98/><G78/><T14/><D14/><U101/><REACH who="1" step="1"/><E51/><REACH who="1" ten="268,151,229,342" step="2"/><V49/><F66/><W73/><G73/><T119/><D83/><U126/><E126/><V134/><F49/><W77/><G77/><T8/><D72/><U81/><E81/><V125/><F125/><W35/><G35/><T75/><D75/><U59/><E59/><V56/><F56/><W129/><G129/><T1/><D131/><U95/><E95/><V114/><F121/><W41/><G27/><T33/><D33/><U43/><AGARI ba="0,1" hai="19,20,24,37,39,43,47,50,58,60,64,99,101,105" machi="43" ten="20,2700,0" yaku="1,1,0,1,7,1,53,0" doraHai="109" doraHaiUra="91" who="1" fromWho="1" sc="268,-7,151,37,229,-13,342,-7" /><INIT seed="3,0,0,4,5,53" ten="261,188,216,335" oya="3" hai0="61,27,41,81,69,85,94,59,107,51,91,102,30" hai1="130,121,45,131,44,1,60,73,109,108,11,74,43" hai2="25,129,118,23,128,16,134,110,7,71,117,76,104" hai3="14,32,72,40,68,126,89,78,47,4,67,33,66"/><W98/><G126/><T88/><D69/><U6/><E121/><V57/><F104/><W22/><G72/><N who="1" m="27754" /><E60/><V99/><F76/><W114/><G78/><T38/><D38/><N who="1" m="21623" /><E45/><V120/><F71/><W122/><G122/><T83/><D107/><U54/><E54/><V106/><F120/><W18/><G114/><T123/><D123/><U133/><E133/><V75/><F75/><W55/><G68/><T87/><D102/><U42/><E42/><V37/><F37/><W52/><G4/><T90/><D51/><U105/><E105/><V82/><F134/><W135/><G135/><T64/><D41/><U92/><E92/><V13/><F82/><W119/><G119/><T111/><D111/><AGARI ba="0,0" hai="1,6,11,108,109,111,130,131" m="21623,27754" machi="111" ten="30,2000,0" yaku="14,1,23,1" doraHai="53" who="1" fromWho="0" sc="261,-20,188,20,216,0,335,0" /><INIT seed="4,0,0,4,2,110" ten="241,208,216,335" oya="0" hai0="69,72,7,3,135,82,101,109,44,63,54,41,27" hai1="23,39,115,18,21,134,28,15,12,5,56,106,62" hai2="66,42,49,74,98,58,86,35,55,37,76,78,93" hai3="133,73,59,87,92,77,36,2,13,112,94,121,100"/><T116/><D116/><U107/><E39/><V19/><F74/><W131/><G36/><T11/><D109/><U127/><E127/><V32/><F35/><W80/><G2/><T97/><D135/><U79/><E134/><V68/><F32/><W29/><G121/><T46/><D27/><U40/><E40/><V96/><F19/><W47/><G133/><T65/><D54/><U91/><E79/><V132/><F132/><W117/><G29/><T129/><D129/><U81/><E115/><V84/><F98/><W17/><G47/><T14/><D14/><U89/><E28/><V85/><F68/><W71/><G71/><T30/><D30/><U122/><E122/><V1/><F66/><W16/><G131/><T50/><D46/><U67/><E23/><V105/><F105/><W52/><G117/><T95/><D82/><U6/><E6/><V22/><F22/><W31/><G31/><T33/><D72/><U111/><E111/><V113/><F1/><W45/><G45/><T90/><REACH who="0" step="1"/><D33/><REACH who="0" ten="231,208,216,335" step="2"/><U75/><E75/><V88/><F42/><W34/><G73/><T25/><D25/><U119/><E119/><V61/><F55/><W8/><G34/><T60/><D60/><U114/><E81/><V64/><F61/><W20/><G80/><T130/><D130/><U57/><E62/><V83/><F83/><W26/><G13/><T53/><D53/><U120/><E15/><V124/><F76/><W70/><G26/><T24/><D24/><U118/><E118/><V9/><F78/><W43/><G77/><T126/><D126/><U10/><E12/><RYUUKYOKU ba="0,1" sc="231,30,208,-10,216,-10,335,-10" hai0="3,7,11,41,44,50,63,65,69,90,95,97,101" /><INIT seed="4,1,1,2,2,102" ten="261,198,206,325" oya="0" hai0="82,129,44,68,63,38,111,100,79,29,49,88,22" hai1="67,130,80,48,53,77,75,56,14,7,41,124,47" hai2="33,83,131,17,32,3,45,55,105,42,116,46,16" hai3="115,120,123,60,8,6,20,15,25,71,36,5,18"/><T73/><D129/><U65/><E130/><V24/><F3/><W4/><G36/><T43/><D111/><U90/><E124/><V34/><F131/><W19/><G71/><T110/><D110/><U127/><E127/><V61/><F116/><W54/><G60/><T113/><D113/><U125/><E125/><V114/><F114/><W13/><G54/><T51/><D100/><U103/><E103/><V72/><F105/><W35/><G115/><T133/><D133/><U62/><REACH who="1" step="1"/><E90/><REACH who="1" ten="261,188,206,325" step="2"/><V108/><F108/><W84/><G84/><T92/><D88/><U104/><E104/><V81/><F72/><W76/><G76/><T28/><D73/><U99/><E99/><V70/><F81/><W126/><G126/><T89/><D79/><U66/><E66/><V106/><F83/><W37/><G37/><T119/><D82/><U1/><E1/><V40/><F106/><W58/><G58/><T26/><D89/><U52/><E52/><V93/><F55/><W0/><G0/><T39/><D39/><U101/><E101/><V74/><F74/><W85/><G85/><T30/><D92/><U10/><AGARI ba="1,2" hai="7,10,14,41,47,48,53,56,62,65,67,75,77,80" machi="10" ten="30,2000,0" yaku="1,1,0,1,53,0" doraHai="102" doraHaiUra="118" who="1" fromWho="1" sc="261,-11,188,43,206,-6,325,-6" /><INIT seed="5,0,0,1,1,101" ten="250,231,200,319" oya="1" hai0="38,97,37,62,7,82,72,25,18,117,110,34,20" hai1="77,47,35,120,76,89,125,53,69,1,6,36,57" hai2="52,26,44,86,111,14,58,5,98,85,99,107,74" hai3="61,78,43,48,17,127,67,32,131,65,90,59,3"/><U51/><E120/><V39/><F74/><W55/><G32/><T129/><D110/><U113/><E35/><V92/><F111/><W115/><G3/><T112/><D117/><U79/><E69/><V66/><F66/><W24/><G115/><T126/><D34/><U105/><E113/><V4/><F107/><W54/><G131/><T9/><D112/><U80/><E105/><V103/><F99/><W130/><G130/><T31/><D31/><U29/><E29/><V87/><F26/><W133/><G133/><T124/><D97/><U75/><E125/><N who="0" m="48233" /><D62/><U119/><E119/><V123/><F123/><W10/><G127/><T12/><D129/><U60/><E89/><V116/><F116/><W41/><G78/><AGARI ba="0,0" hai="7,9,12,18,20,25,37,38,72,78,82" m="48233" machi="78" ten="30,1000,0" yaku="18,1" doraHai="101" who="0" fromWho="3" sc="250,10,231,0,200,0,319,-10" /><INIT seed="6,0,0,0,3,123" ten="260,231,200,309" oya="2" hai0="26,45,57,125,29,10,60,61,67,28,75,51,1" hai1="63,43,2,8,129,97,23,21,27,35,91,87,49" hai2="68,83,81,50,103,90,116,19,44,31,122,47,13" hai3="73,22,111,25,85,78,104,11,58,15,112,89,12"/><V18/><F68/><W5/><G104/><T41/><D75/><U36/><E36/><V121/><F116/><W65/><G111/><T70/><D125/><U69/><E97/><V114/><F114/><W99/><G99/><T74/><D74/><U135/><E135/><V101/><F31/><W3/><G112/><T92/><D92/><U80/><E129/><V0/><F13/><W59/><G73/><T128/><D128/><U117/><E117/><V46/><F46/><W77/><G3/><T93/><D93/><U55/><E35/><V132/><F50/><W56/><G65/><T109/><D109/><U32/><E32/><V115/><F115/><W100/><G100/><T40/><D40/><U108/><E108/><V14/><F14/><W110/><G15/><T64/><D26/><U76/><E43/><V96/><F96/><W33/><G33/><T133/><D133/><U53/><E27/><V88/><REACH who="2" step="1"/><F132/><REACH who="2" ten="260,231,190,309" step="2"/><W16/><G110/><T113/><D113/><U82/><E69/><V52/><F52/><W126/><G126/><T54/><D54/><U94/><E55/><V86/><F86/><W127/><G127/><T102/><D51/><U6/><E63/><V39/><F39/><W17/><G5/><N who="0" m="1327" /><D29/><U84/><E49/><V37/><F37/><W38/><G38/><N who="0" m="21687" /><D28/><U48/><E48/><V105/><F105/><W95/><AGARI ba="0,1" hai="11,12,16,17,22,25,56,58,59,77,78,85,89,95" machi="95" ten="30,4000,0" yaku="0,1,8,1,54,1" doraHai="123" who="3" fromWho="3" sc="260,-10,231,-10,190,-20,309,50" /><INIT seed="7,0,0,5,5,73" ten="250,221,170,359" oya="3" hai0="70,67,74,6,15,48,0,80,115,2,109,94,113" hai1="77,31,19,58,90,23,110,71,69,83,41,4,35" hai2="40,46,17,9,133,72,39,43,62,44,99,25,38" hai3="114,87,81,60,105,64,89,92,85,36,93,30,22"/><W121/><G36/><T59/><D70/><U101/><E110/><V78/><F133/><W33/><G33/><T82/><D109/><U98/><E90/><V45/><F45/><W135/><G105/><T42/><D94/><U128/><E128/><V13/><F99/><W3/><G3/><T134/><D82/><U14/><E41/><V106/><F106/><W103/><G114/><N who="0" m="43531" /><D6/><U27/><E58/><V29/><F62/><W96/><G135/><T65/><D15/><U49/><E49/><V21/><F72/><W18/><G30/><T61/><D67/><U95/><E4/><V55/><F55/><W10/><G10/><T26/><D26/><U20/><E35/><V88/><F88/><W68/><G121/><T130/><D134/><U111/><E111/><V1/><F1/><W52/><G85/><AGARI ba="0,0" hai="14,19,20,23,27,31,69,71,77,83,85,95,98,101" machi="85" ten="30,2000,0" yaku="7,1,52,1" doraHai="73" who="1" fromWho="3" sc="250,0,221,20,170,0,359,-20" owari="250,5.0,241,-16.0,170,-33.0,339,44.0" /></mjloggm>