<mjloggm ver="2.3"><GO type="41" lobby="0"/><UN n0="%74%6B%73%6A%69%68%75" n1="%E5%B0%B1%E6%B4%BB%E7%94%9F%40%E5%B7%9D%E6%9D%91%E8%BB%8D%E5%9B%A3" n2="%E7%8E%84%E7%B1%B3" n3="%E5%9B%BD%E5%A3%AB%E4%BC%9A" dan="13,15,14,14" rate="1809.71,1999.03,1937.05,1909.52" sx="M,M,M,M"/><TAIKYOKU oya="0"/><BYE who="1" /><UN n1="%E5%B0%B1%E6%B4%BB%E7%94%9F%40%E5%B7%9D%E6%9D%91%E8%BB%8D%E5%9B%A3" /><INIT seed="0,0,0,5,1,87" ten="250,250,250,250" oya="0" hai0="15,42,69,107,62,89,88,29,116,22,121,130,71" hai1="112,37,57,4,80,44,36,1,79,18,92,82,115" hai2="95,72,64,109,32,48,39,83,26,103,67,51,14" hai3="10,59,78,104,120,119,100,31,105,19,8,111,63"/><T77/><D116/><U50/><E50/><BYE who="1" /><UN n1="%E5%B0%B1%E6%B4%BB%E7%94%9F%40%E5%B7%9D%E6%9D%91%E8%BB%8D%E5%9B%A3" /><V66/><F39/><W128/><G119/><T43/><D121/><U124/><E124/><V90/><F103/><W81/><G111/><T101/><D77/><U53/><E4/><V38/><F38/><W45/><G128/><T30/><D101/><U56/><E1/><V61/><F109/><W132/><G132/><T20/><D107/><U54/><E92/><V126/><F126/><W5/><G19/><T93/><D93/><U135/><E18/><V24/><F61/><W68/><G45/><T40/><D130/><U133/><E44/><V21/><F32/><W58/><G10/><T114/><D114/><U118/><E79/><V123/><F123/><W33/><G104/><T74/><D74/><U134/><E134/><V98/><F14/><W3/><G120/><T16/><D22/><U110/><E110/><V55/><F72/><W99/><G81/><T108/><D108/><U70/><E118/><V2/><F2/><W131/><G78/><T25/><D30/><U7/><E7/><V76/><F76/><W13/><G13/><T65/><REACH who="0" step="1"/><D71/><AGARI ba="0,0" hai="36,37,53,54,56,57,70,71,80,82,112,115,133,135" machi="71" ten="25,1600,0" yaku="22,2" doraHai="87" who="1" fromWho="0" sc="250,-16,250,16,250,0,250,0" /><INIT seed="1,0,0,0,3,116" ten="234,266,250,250" oya="1" hai0="104,128,76,92,93,94,126,10,42,8,40,77,62" hai1="85,118,96,59,68,71,57,21,88,70,41,3,80" hai2="36,125,37,97,51,110,102,20,69,39,0,120,106" hai3="23,34,117,130,53,114,24,133,26,86,134,64,54"/><U82/><E118/><V2/><F69/><W60/><G117/><T122/><D104/><U83/><E3/><V113/><F110/><W12/><G114/><T19/><D128/><U107/><E41/><N who="0" m="15977" /><D126/><U16/><E107/><V79/><F125/><W135/><G130/><T15/><D122/><U100/><E100/><V47/><F113/><W28/><G12/><N who="0" m="7559" /><D62/><U108/><E96/><V89/><F120/><W131/><G86/><T101/><D101/><U66/><E108/><V31/><F79/><W46/><G46/><T90/><D90/><U65/><E59/><V91/><F0/><W25/><G131/><T78/><D15/><U11/><E11/><AGARI ba="0,0" hai="10,11,76,77,78,92,93,94" m="7559,15977" machi="11" ten="40,1300,0" yaku="8,1" doraHai="116" who="0" fromWho="1" sc="234,13,266,-13,250,0,250,0" /><INIT seed="2,0,0,2,0,6" ten="247,253,250,250" oya="2" hai0="86,13,14,134,75,46,32,127,125,56,78,79,113" hai1="33,74,104,58,95,42,3,72,25,4,50,66,121" hai2="67,76,53,38,128,68,84,131,93,28,24,62,36" hai3="98,64,124,90,112,17,27,97,8,55,80,29,71"/><V21/><F53/><W7/><G124/><N who="0" m="47691" /><D32/><U103/><E104/><V91/><REACH who="2" step="1"/><F76/><REACH who="2" ten="247,253,240,250" step="2"/><W115/><G55/><T19/><D78/><U108/><E121/><V15/><F15/><W49/><G115/><T70/><D79/><U18/><E3/><V110/><F110/><W5/><G112/><T61/><D13/><U116/><E108/><V135/><F135/><W73/><G64/><T111/><D134/><U122/><E66/><V94/><F94/><W69/><G73/><T34/><D113/><U31/><E95/><V100/><F100/><W43/><G80/><T51/><D111/><U99/><E74/><V106/><F106/><W118/><G90/><T47/><D75/><U35/><E72/><V109/><F109/><W129/><G129/><AGARI ba="0,1" hai="21,24,28,36,38,62,67,68,84,91,93,128,129,131" machi="129" ten="40,7700,0" yaku="1,1,19,1,53,1" doraHai="6" doraHaiUra="83" who="2" fromWho="3" sc="247,0,253,0,240,87,250,-77" /><INIT seed="2,1,0,1,0,84" ten="247,253,327,173" oya="2" hai0="9,52,115,129,128,88,32,56,57,70,102,33,35" hai1="85,47,45,91,114,81,63,34,89,51,111,48,14" hai2="3,118,60,101,123,99,26,73,6,46,105,87,18" hai3="25,15,127,38,17,54,82,132,31,65,64,96,59"/><V79/><F118/><W10/><G127/><T5/><D70/><U43/><E34/><V61/><F123/><W131/><G132/><T90/><D102/><U50/><E114/><V41/><F87/><W55/><G131/><N who="0" m="50251" /><D115/><U76/><E111/><V116/><F116/><W120/><G120/><T19/><D19/><U30/><E30/><V8/><F26/><W110/><G38/><T86/><D86/><U97/><E97/><V94/><F18/><W68/><G110/><T100/><D100/><U1/><E1/><V66/><F94/><W13/><G68/><T78/><D78/><U44/><E43/><V22/><F22/><W106/><G82/><T80/><D80/><U83/><E83/><N who="2" m="45551" /><F66/><W40/><G40/><T95/><D95/><U27/><E27/><V4/><F4/><W93/><G106/><T108/><D108/><U126/><E126/><V112/><F112/><W24/><G15/><N who="0" m="5551" /><D56/><U20/><E63/><AGARI ba="1,0" hai="32,33,35,52,57,63,88,90" m="5551,50251" machi="63" ten="40,8000,1" yaku="19,1,52,2,54,2" doraHai="84" who="0" fromWho="1" sc="247,83,253,-83,327,0,173,0" /><INIT seed="3,0,0,0,2,57" ten="330,170,327,173" oya="3" hai0="76,41,36,109,7,74,86,120,108,59,72,35,126" hai1="124,52,20,91,96,45,33,131,29,66,42,56,60" hai2="3,117,130,55,82,61,67,17,64,101,98,118,25" hai3="50,16,100,44,48,46,9,135,75,34,8,27,111"/><W65/><G135/><T37/><D120/><U28/><E33/><V12/><F3/><W0/><G75/><T1/><D35/><U38/><E131/><V6/><F130/><W53/><G111/><N who="0" m="42571" /><D59/><U95/><E124/><V125/><F125/><W30/><G65/><T106/><D126/><U26/><REACH who="1" step="1"/><E66/><REACH who="1" ten="330,160,327,173" step="2"/><V88/><F67/><W90/><G0/><T104/><D1/><U128/><E128/><V132/><F64/><W134/><G134/><T127/><D127/><U93/><E93/><V99/><F132/><W40/><G100/><T102/><D102/><U24/><E24/><V92/><F117/><W87/><REACH who="3" step="1"/><G16/><AGARI ba="0,1" hai="16,20,26,28,29,38,42,45,52,56,60,91,95,96" machi="16" ten="30,16000,3" yaku="1,1,7,1,25,2,52,1,54,2,53,1" doraHai="57" doraHaiUra="84" who="1" fromWho="3" sc="330,0,160,170,327,0,173,-160" /><INIT seed="4,0,0,1,1,87" ten="330,330,327,13" oya="0" hai0="58,122,54,112,48,127,56,120,124,85,90,52,67" hai1="17,95,103,14,66,38,116,13,104,73,21,129,37" hai2="113,42,5,99,51,100,55,97,81,61,89,50,43" hai3="119,84,34,101,33,128,3,94,111,8,64,134,31"/><T72/><D72/><U131/><E104/><V15/><F113/><W93/><G119/><T92/><D112/><U35/><E73/><V77/><F89/><W41/><G111/><T18/><D67/><U0/><E0/><V23/><F61/><W110/><G128/><N who="1" m="49226" /><E35/><V106/><F99/><W30/><G110/><T123/><REACH who="0" step="1"/><D18/><REACH who="0" ten="320,330,327,13" step="2"/><N who="1" m="10447" /><E66/><V6/><F6/><W68/><G134/><T26/><D26/><U108/><E108/><V82/><F5/><W20/><G64/><T80/><D80/><U2/><E116/><V78/><F81/><W29/><G68/><T74/><D74/><U83/><E83/><V98/><F78/><W1/><G41/><T10/><D10/><N who="1" m="6359" /><E2/><V12/><F82/><W70/><G70/><T7/><D7/><U115/><E115/><V75/><F77/><W47/><G8/><T132/><D132/><U57/><E38/><V25/><F75/><W32/><G20/><T4/><D4/><U19/><E37/><V105/><F25/><W11/><G11/><T45/><D45/><U79/><E19/><V36/><F36/><W53/><G3/><T39/><D39/><U133/><E79/><V121/><F12/><W114/><G1/><T27/><D27/><U91/><E133/><V69/><F15/><W49/><G114/><T60/><AGARI ba="0,1" hai="48,52,54,56,58,60,85,90,92,120,122,123,124,127" machi="60" ten="40,12000,1" yaku="1,1,0,1,52,1,54,1,53,0" doraHai="87" doraHaiUra="126" who="0" fromWho="0" sc="320,130,330,-40,327,-40,13,-40" owari="450,55.0,290,9.0,287,-11.0,-27,-53.0" /></mjloggm>