<mjloggm ver="2.3"><GO type="97" lobby="0"/><UN n0="%E6%A1%9C%E7%AB%9C%E2%80%A0%E3%81%82%E3%81%95%E3%81%9F%E3%81%8B" n1="%E3%82%A6%E3%83%AB%E3%83%88%E3%83%A9%E7%AB%8B%E7%9B%B4" n2="%75%64%70%5F%64%75%63%6B" n3="%E3%81%BF%E3%81%95%E3%81%8D%E3%82%93%E3%81%8E%E3%82%87" dan="13,15,15,16" rate="1873.08,2083.79,2032.63,1990.40" sx="F,M,M,F"/><TAIKYOKU oya="0"/><INIT seed="0,0,0,0,1,73" ten="250,250,250,250" oya="0" hai0="110,95,45,57,51,135,69,31,18,30,133,61,56" hai1="127,3,15,82,90,87,54,33,29,83,36,131,126" hai2="65,132,94,2,25,49,28,47,77,58,93,92,81" hai3="5,19,123,39,118,59,103,104,121,116,99,44,107"/><T52/><D110/><U134/><E3/><V106/><F106/><W75/><G5/><T108/><D108/><U4/><E36/><V85/><F2/><W100/><G19/><T122/><D122/><N who="3" m="46601" /><G59/><T20/><D95/><U26/><E131/><V17/><F132/><N who="0" m="50762" /><D69/><U9/><E134/><V120/><F120/><W21/><G21/><T63/><D57/><U12/><E12/><V117/><F117/><N who="3" m="45163" /><G44/><T8/><D8/><U53/><REACH who="1" step="1"/><E83/><REACH who="1" ten="250,240,250,250" step="2"/><V0/><F81/><W43/><G39/><T7/><D7/><U10/><E10/><V79/><F0/><W130/><G130/><T34/><D34/><U37/><E37/><V64/><F25/><W88/><G43/><N who="0" m="25023" /><D63/><U11/><E11/><V109/><F109/><W76/><G107/><T24/><AGARI ba="0,1" hai="18,20,24,30,31,52,56,61" m="25023,50762" machi="24" ten="30,3000,0" yaku="20,1,54,1" doraHai="73" who="0" fromWho="0" sc="250,40,240,-10,250,-10,250,-10" /><INIT seed="0,1,0,4,3,0" ten="290,230,240,240" oya="0" hai0="64,76,93,65,35,79,102,69,11,92,56,34,7" hai1="123,15,118,31,125,45,127,48,104,12,8,96,33" hai2="23,70,38,119,75,10,80,19,59,72,51,90,27" hai3="117,14,129,98,97,3,133,5,122,60,116,120,131"/><T101/><D56/><U113/><E123/><N who="3" m="47146" /><G60/><T130/><D130/><N who="3" m="49673" /><G3/><T128/><D128/><U83/><E104/><V21/><F70/><W63/><G63/><T73/><D73/><U16/><E96/><N who="3" m="36970" /><G133/><T40/><D40/><U71/><E71/><V85/><F119/><W124/><G124/><T29/><D29/><U77/><E118/><V89/><F38/><W67/><G67/><T74/><D74/><U39/><E39/><V57/><F72/><W49/><G49/><T50/><D50/><U43/><E113/><V110/><F75/><W44/><G44/><T17/><D69/><U99/><E99/><V121/><F121/><W30/><G30/><T24/><D34/><U109/><E31/><V94/><F51/><W82/><G82/><T87/><D35/><U106/><E33/><V1/><F1/><W100/><G100/><N who="0" m="38507" /><D65/><U111/><E127/><V13/><F23/><W53/><G53/><T78/><D64/><U68/><E68/><V26/><F26/><W88/><G88/><N who="0" m="53279" /><D93/><U6/><E125/><V66/><F66/><W115/><G115/><T108/><D108/><U132/><E132/><V55/><F110/><W32/><G32/><T62/><D62/><U58/><E58/><V52/><F57/><W86/><G86/><T4/><D24/><U41/><E111/><V135/><F135/><W81/><G81/><T114/><D114/><U28/><E109/><V22/><F59/><W134/><G134/><T107/><D107/><U112/><E106/><V54/><F27/><W61/><G61/><T84/><D84/><AGARI ba="1,0" hai="10,13,19,21,22,52,54,55,80,84,85,89,90,94" machi="84" ten="40,2600,0" yaku="8,1,54,1" doraHai="0" who="2" fromWho="0" sc="290,-29,230,0,240,29,240,0" /><INIT seed="1,0,0,0,5,54" ten="261,230,269,240" oya="1" hai0="52,55,63,132,60,30,133,28,68,58,87,15,72" hai1="126,125,51,134,39,24,18,48,82,10,57,12,127" hai2="80,64,44,90,89,7,53,49,38,96,22,76,11" hai3="131,110,40,29,59,4,17,5,101,20,91,95,41"/><U61/><E39/><V123/><F123/><W62/><G110/><T84/><D72/><U50/><E134/><N who="0" m="51817" /><D68/><U119/><E119/><V78/><F38/><W93/><G131/><T99/><D15/><U35/><E82/><V130/><F130/><W19/><G29/><N who="0" m="11371" /><D99/><U37/><E37/><V3/><F76/><W107/><G107/><T21/><D21/><U124/><N who="1" m="32256" /><DORA hai="113" /><U92/><E92/><N who="3" m="35402" /><G101/><T83/><D83/><U108/><E108/><V2/><F2/><W128/><G91/><T45/><D45/><U77/><E77/><V34/><F34/><W25/><G128/><T66/><D66/><N who="1" m="39215" /><E24/><V42/><F96/><W111/><G111/><T56/><AGARI ba="0,0" hai="52,55,56,58,60,63,84,87" m="11371,51817" machi="56" ten="30,7900,0" yaku="20,1,52,2,54,1" doraHai="54,113" who="0" fromWho="0" sc="261,79,230,-39,269,-20,240,-20" /><INIT seed="2,0,0,4,0,46" ten="340,191,249,220" oya="2" hai0="71,27,64,106,5,66,70,125,16,118,6,132,45" hai1="11,86,43,102,14,25,13,42,123,98,103,3,87" hai2="91,100,96,104,4,80,130,15,58,69,19,79,93" hai3="56,95,41,122,32,51,81,82,92,72,62,31,63"/><V133/><F69/><W128/><G122/><T135/><D106/><U33/><E33/><V34/><F34/><W89/><G128/><T112/><D112/><U48/><E25/><V110/><F4/><N who="0" m="1642" /><D118/><U38/><E98/><V111/><F58/><W44/><G31/><T88/><D125/><U115/><E115/><V76/><F130/><W17/><G32/><T94/><D45/><U116/><E38/><V7/><F7/><W50/><G72/><T24/><D70/><U119/><E11/><V55/><F55/><N who="3" m="31863" /><G17/><T20/><D27/><U113/><E113/><V35/><F35/><W85/><G95/><T18/><D18/><U73/><E73/><N who="2" m="43023" /><F79/><N who="3" m="46271" /><G82/><T124/><D71/><U47/><E47/><V105/><F133/><N who="0" m="51274" /><D124/><U65/><E65/><V67/><F67/><W121/><G121/><T107/><D107/><U129/><E129/><V26/><F26/><W29/><G29/><T8/><D8/><U108/><E123/><V10/><F104/><W90/><G89/><T134/><N who="0" m="51282" /><T30/><DORA hai="114" /><D30/><U0/><REACH who="1" step="1"/><E48/><REACH who="1" ten="340,181,249,220" step="2"/><V2/><F10/><W12/><G12/><T54/><D54/><U22/><E22/><V109/><F15/><W97/><AGARI ba="0,1" hai="41,44,51,62,63,90,92,97" m="46271,31863" machi="97" ten="30,4000,0" yaku="8,1,52,2" doraHai="46,114" who="3" fromWho="3" sc="340,-10,181,-10,249,-20,220,50" /><INIT seed="3,0,0,1,4,127" ten="330,171,229,270" oya="3" hai0="64,132,28,87,75,4,2,6,37,125,39,106,110" hai1="1,59,48,98,51,100,131,117,40,78,108,53,0" hai2="32,56,99,121,81,90,8,25,72,23,24,91,80" hai3="126,54,89,46,94,52,22,114,120,85,92,83,119"/><W27/><G120/><T77/><D125/><U76/><E108/><V122/><F72/><W31/><G126/><T11/><D110/><U107/><E117/><V88/><F32/><W15/><G119/><T62/><D106/><U13/><E13/><V104/><F8/><W30/><G114/><T79/><D132/><U129/><E40/><V5/><F5/><W29/><G15/><T109/><D109/><U10/><E51/><V111/><F111/><W70/><G70/><T67/><D6/><U3/><E10/><V73/><F73/><W134/><G134/><T47/><D28/><N who="3" m="10857" /><G46/><T69/><D67/><U9/><E9/><V130/><F56/><W61/><G61/><T65/><D65/><U33/><E33/><V16/><F25/><W93/><AGARI ba="0,0" hai="22,27,31,52,54,83,85,89,92,93,94" m="10857" machi="93" ten="30,3000,0" yaku="8,1,54,1" doraHai="127" who="3" fromWho="3" sc="330,-10,171,-10,229,-10,270,30" /><INIT seed="3,1,0,2,0,30" ten="320,161,219,300" oya="3" hai0="118,65,39,87,92,112,10,49,52,11,35,32,7" hai1="14,69,83,40,67,26,120,91,126,107,81,131,28" hai2="88,36,19,101,13,54,63,38,110,76,47,115,71" hai3="6,16,55,96,113,18,93,27,72,31,128,74,132"/><W73/><G113/><T43/><D118/><U66/><E120/><V135/><F115/><W129/><G6/><T80/><D112/><U48/><E126/><V61/><F76/><W23/><G132/><T17/><D65/><U56/><E131/><N who="3" m="50250" /><G55/><T125/><D125/><U24/><E107/><V15/><F101/><AGARI ba="1,0" hai="16,18,23,27,31,72,73,74,93,96,101" m="50250" machi="101" ten="40,3900,0" yaku="19,1,54,1" doraHai="30" who="3" fromWho="2" sc="320,0,161,0,219,-42,300,42" owari="320,12.0,161,-34.0,177,-22.0,342,44.0" /></mjloggm>