<mjloggm ver="2.3"><GO type="41" lobby="0"/><UN n0="%E3%81%AF%E3%81%93%EF%BC%91%EF%BC%90" n1="%E3%81%BE%E3%82%86%E3%82%81%2E" n2="%E6%B4%A9%E7%9F%A2%E8%AB%8F%E8%A8%AA%E5%AD%90" n3="%E3%82%A6%E3%83%AB%E3%83%88%E3%83%A9%E7%AB%8B%E7%9B%B4" dan="15,13,14,15" rate="1955.49,1887.13,1942.15,2023.20" sx="M,M,F,M"/><TAIKYOKU oya="0"/><INIT seed="0,0,0,5,1,68" ten="250,250,250,250" oya="0" hai0="57,99,108,63,60,31,18,132,38,11,65,106,96" hai1="76,113,71,16,117,29,3,100,89,12,10,104,77" hai2="51,6,30,74,70,66,0,84,44,21,45,69,91" hai3="105,109,123,59,110,73,82,42,14,118,43,79,131"/><T22/><D108/><N who="3" m="41577" /><G105/><T17/><D132/><U115/><E117/><V23/><F74/><W75/><G118/><T37/><D11/><U78/><E71/><V41/><F66/><W129/><G75/><T134/><D134/><U112/><E3/><V53/><F6/><W94/><G123/><T5/><D5/><U64/><E64/><V54/><F0/><W34/><G34/><T83/><D83/><U135/><E135/><V35/><F35/><W85/><G59/><T80/><D80/><U120/><E120/><V121/><F23/><W67/><G67/><T81/><D81/><U133/><E133/><V50/><F41/><N who="3" m="15371" /><G14/><T24/><D63/><U33/><E104/><V52/><F54/><W124/><G124/><T9/><D99/><U101/><E89/><AGARI ba="0,0" hai="73,79,82,85,89,94,129,131" m="15371,41577" machi="89" ten="30,1000,0" yaku="14,1" doraHai="68" who="3" fromWho="1" sc="250,0,250,-10,250,0,250,10" /><INIT seed="1,0,0,4,2,95" ten="250,240,250,260" oya="1" hai0="132,6,116,61,52,26,106,78,124,81,115,44,99" hai1="28,96,45,101,94,130,3,54,42,107,17,47,64" hai2="53,114,56,70,118,10,133,75,12,111,79,14,93" hai3="92,74,38,34,97,86,37,103,9,57,21,129,66"/><U0/><E130/><V110/><F70/><W49/><G34/><T24/><D116/><U27/><E107/><V105/><F105/><W104/><G129/><T43/><D115/><U29/><E64/><V20/><F118/><W39/><G74/><T125/><D6/><U121/><E121/><V127/><F133/><W2/><G21/><T63/><D132/><U69/><E69/><V15/><F127/><N who="0" m="48714" /><D43/><U117/><E117/><V41/><F41/><W76/><G2/><T65/><D44/><U50/><E17/><V119/><F20/><W30/><G30/><T46/><D65/><U91/><E101/><V89/><F119/><W90/><G9/><T131/><D131/><U23/><REACH who="1" step="1"/><E28/><REACH who="1" ten="250,230,250,260" step="2"/><V11/><F114/><W59/><G66/><T1/><D106/><U36/><AGARI ba="0,1" hai="0,3,23,27,29,36,42,45,47,50,54,91,94,96" machi="36" ten="20,12000,1" yaku="1,1,2,1,0,1,7,1,52,1,53,0" doraHai="95" doraHaiUra="128" who="1" fromWho="1" sc="250,-40,230,130,250,-40,260,-40" /><INIT seed="1,1,0,2,0,40" ten="210,360,210,220" oya="1" hai0="1,114,85,5,110,111,79,70,53,96,45,106,101" hai1="23,24,119,129,120,4,42,69,17,48,64,92,125" hai2="115,83,55,60,49,41,105,130,76,19,68,29,9" hai3="74,2,15,75,33,66,7,87,65,89,14,131,67"/><U11/><E120/><V30/><F105/><W84/><G33/><T18/><D70/><U95/><E119/><V88/><F130/><W56/><G131/><T133/><D114/><U103/><E129/><V82/><F41/><W90/><G56/><T26/><D133/><U51/><E125/><V59/><F115/><W104/><G104/><T122/><D122/><U124/><E124/><V38/><F38/><W3/><G7/><T94/><D5/><U13/><E103/><V73/><F9/><W86/><G90/><N who="0" m="53583" /><D1/><U98/><E42/><V108/><F19/><W52/><G52/><T99/><D18/><U37/><E37/><V91/><F108/><N who="0" m="41514" /><D26/><U28/><E69/><V71/><F71/><W121/><G89/><T25/><D25/><U12/><E64/><V54/><F91/><W6/><G6/><T27/><D27/><U35/><E98/><V58/><REACH who="2" step="1"/><F68/><REACH who="2" ten="210,360,200,220" step="2"/><W10/><G10/><T80/><D101/><U16/><E17/><V63/><F63/><W78/><G121/><T31/><D106/><U100/><E100/><V72/><F72/><W123/><G123/><T127/><D31/><U57/><E48/><V93/><F93/><W39/><G39/><T128/><D128/><U0/><E13/><N who="3" m="4618" /><G78/><T20/><D127/><U77/><E77/><V8/><F8/><W81/><G81/><T117/><D117/><U102/><E102/><V135/><F135/><W132/><G132/><T50/><D20/><U46/><E51/><V107/><F107/><W47/><G75/><AGARI ba="1,1" hai="45,50,53,75,79,80,96,99" m="41514,53583" machi="75" ten="30,2000,0" yaku="14,1,52,1" doraHai="40" who="0" fromWho="3" sc="210,33,360,0,200,0,220,-23" /><INIT seed="2,0,0,0,2,33" ten="243,360,200,197" oya="2" hai0="65,30,100,24,22,75,0,42,56,20,38,19,63" hai1="1,67,90,118,58,117,43,109,29,55,126,13,3" hai2="122,36,115,15,121,6,9,16,35,132,71,83,95" hai3="26,41,32,10,52,61,116,77,39,102,89,131,44"/><V59/><F115/><W87/><G116/><T86/><D75/><U123/><E67/><V119/><F71/><W96/><G131/><T133/><D133/><U110/><E43/><V14/><F119/><W68/><G77/><T53/><D100/><U99/><E126/><V80/><F35/><W107/><G10/><T48/><D86/><U49/><E29/><V45/><F132/><W64/><G52/><T114/><D114/><U120/><E13/><V4/><F4/><W129/><G129/><T82/><D82/><U130/><E130/><V8/><F59/><W112/><G112/><T105/><D105/><U88/><E99/><V69/><F69/><W128/><G128/><T125/><D125/><U34/><E34/><V94/><F80/><W76/><G76/><T135/><D135/><U70/><E70/><V12/><F14/><W84/><REACH who="3" step="1"/><G89/><REACH who="3" ten="243,360,200,187" step="2"/><N who="1" m="34410" /><E117/><V91/><F121/><N who="1" m="46665" /><E118/><V127/><F122/><W81/><G81/><T62/><D65/><U72/><E72/><V74/><F74/><W23/><G23/><T97/><D22/><U85/><E85/><N who="2" m="50623" /><F127/><W93/><G93/><N who="2" m="35337" /><F36/><W7/><G7/><T103/><D38/><U50/><E49/><V101/><F101/><W124/><G124/><T134/><D134/><U51/><E50/><V25/><F45/><W28/><AGARI ba="0,1" hai="26,28,32,39,41,44,61,64,68,84,87,96,102,107" machi="28" ten="30,8000,1" yaku="1,1,0,1,25,2,53,1" doraHai="33" doraHaiUra="60" who="3" fromWho="3" sc="243,-20,360,-20,200,-40,187,90" /><INIT seed="3,0,0,1,2,111" ten="223,340,160,277" oya="3" hai0="92,125,119,37,66,33,94,42,86,80,82,47,85" hai1="96,116,1,100,62,107,31,73,90,16,39,101,77" hai2="103,15,60,10,51,18,70,61,53,46,26,99,134" hai3="120,89,76,5,34,56,35,95,117,128,129,12,93"/><W57/><G120/><T68/><D119/><U87/><E116/><V98/><F134/><W135/><G76/><T43/><D125/><U3/><E100/><V88/><F70/><W126/><G117/><T102/><D33/><U22/><E39/><V11/><F11/><W106/><G106/><T23/><D68/><U123/><E123/><V2/><F2/><W124/><G12/><T65/><D23/><U118/><E118/><V50/><F50/><W130/><G5/><T7/><D7/><U13/><E31/><V28/><F99/><W25/><G25/><T6/><D6/><U131/><E131/><V55/><F55/><W110/><G110/><T4/><D4/><U127/><E127/><N who="3" m="48682" /><G89/><T21/><D21/><U58/><E77/><V122/><F122/><W81/><G81/><T115/><D115/><U69/><E69/><V8/><F8/><W63/><G63/><T109/><D109/><U44/><E44/><V19/><F19/><W30/><G30/><T54/><D54/><U20/><E22/><V64/><F88/><W59/><G135/><T49/><D37/><U24/><E13/><V105/><REACH who="2" step="1"/><F64/><REACH who="2" ten="223,340,150,277" step="2"/><W14/><G14/><T79/><D65/><U38/><E38/><V108/><F108/><W91/><G91/><N who="0" m="51623" /><D66/><U104/><E107/><V71/><F71/><W36/><G36/><T97/><D43/><U112/><E1/><V29/><F29/><W27/><G27/><T132/><D132/><U133/><E3/><V83/><F83/><W45/><G45/><T48/><D48/><U113/><E133/><V9/><F9/><W67/><G67/><RYUUKYOKU ba="0,1" sc="223,10,340,-30,150,10,277,10" hai0="42,47,49,79,82,86,92,94,97,102" hai2="10,15,18,26,28,46,51,53,60,61,98,103,105" hai3="34,35,56,57,59,93,95,128,129,130" /><INIT seed="3,1,1,5,3,83" ten="233,310,160,287" oya="3" hai0="2,41,89,135,24,1,106,79,18,4,113,42,37" hai1="99,46,29,127,52,103,80,97,27,48,45,62,58" hai2="40,93,134,78,19,81,17,11,20,70,68,54,125" hai3="104,76,30,129,114,98,101,128,120,32,72,118,92"/><W57/><G30/><T26/><D79/><U67/><E127/><V90/><F40/><N who="0" m="15466" /><D89/><U133/><E133/><V53/><F125/><W109/><G32/><T25/><D18/><U102/><E80/><V7/><F134/><W86/><G57/><T47/><D135/><U130/><E130/><N who="3" m="50282" /><G120/><T121/><D121/><U115/><E115/><V3/><F68/><W59/><G59/><T64/><D64/><U34/><E46/><V117/><F70/><W56/><G56/><T107/><D47/><U73/><REACH who="1" step="1"/><E73/><REACH who="1" ten="233,300,160,287" step="2"/><V8/><F81/><N who="3" m="45191" /><G114/><T61/><D113/><U16/><E16/><V63/><F17/><W100/><G118/><T122/><D122/><U116/><E116/><V31/><F19/><W28/><G28/><T12/><D4/><U105/><E105/><N who="0" m="39945" /><D12/><U39/><E39/><V131/><F7/><W123/><G123/><T85/><D37/><U38/><E38/><V111/><F117/><W75/><G75/><T33/><D33/><U82/><E82/><V43/><F131/><W112/><G112/><T44/><D44/><U9/><E9/><V0/><F11/><W6/><G6/><T88/><D61/><U14/><E14/><V23/><F63/><W71/><G104/><T65/><D65/><U132/><E132/><V87/><F8/><W35/><G35/><T91/><D1/><U60/><E60/><V77/><F0/><W108/><G92/><N who="0" m="54287" /><D2/><U66/><E66/><V51/><F3/><W55/><G71/><T13/><D13/><U84/><E84/><V21/><F31/><W95/><G86/><T124/><D124/><U74/><E74/><RYUUKYOKU ba="1,2" sc="233,15,300,15,160,-15,287,-15" hai0="24,25,26,91" hai1="27,29,34,45,48,52,58,62,67,97,99,102,103" /><INIT seed="4,2,2,0,0,47" ten="248,315,145,272" oya="0" hai0="76,32,36,130,125,5,134,72,42,82,43,68,52" hai1="80,94,83,122,91,40,57,132,6,87,78,92,34" hai2="128,23,3,17,41,4,75,62,112,70,15,19,30" hai3="71,118,0,24,101,51,119,67,86,85,59,39,9"/><T48/><D68/><U109/><E122/><V20/><F75/><W110/><G86/><T7/><D32/><U96/><E109/><V56/><F70/><W133/><G101/><T90/><D134/><U107/><E34/><V103/><F30/><W37/><G85/><T10/><D130/><U12/><E40/><V55/><F128/><W135/><G24/><T60/><D125/><U99/><E57/><V35/><F35/><W89/><G89/><T29/><D29/><U106/><E6/><V31/><F31/><W53/><G9/><T93/><D60/><U129/><E12/><V14/><F112/><W127/><G0/><T105/><D105/><N who="1" m="39947" /><E132/><N who="3" m="50762" /><G127/><T95/><D95/><N who="1" m="36395" /><E129/><V66/><F103/><W49/><G110/><T126/><D126/><U111/><E111/><V54/><REACH who="2" step="1"/><F41/><REACH who="2" ten="248,315,135,272" step="2"/><W44/><G118/><T114/><D42/><U38/><E38/><V81/><F81/><W16/><G119/><T13/><D43/><U64/><E64/><V74/><F74/><AGARI ba="2,3" hai="74,78,80,83,87,91,96,99" m="36395,39947" machi="74" ten="30,8000,1" yaku="35,5" doraHai="47" who="1" fromWho="2" sc="248,0,315,116,135,-86,272,0" /><INIT seed="5,0,0,0,1,57" ten="248,431,49,272" oya="1" hai0="27,18,94,28,32,72,63,118,35,48,30,14,20" hai1="56,33,6,114,64,15,100,67,84,89,124,38,9" hai2="53,65,109,88,110,54,59,10,76,4,7,86,123" hai3="131,44,13,16,12,47,115,68,25,83,71,87,34"/><U130/><E38/><V41/><F123/><W40/><G115/><T5/><D72/><U22/><E33/><V104/><F76/><W2/><G13/><T116/><D94/><U134/><E114/><V128/><F104/><W111/><G2/><T17/><D48/><U3/><E124/><V113/><F113/><W81/><G81/><T50/><D50/><U8/><E130/><V74/><F74/><W45/><G131/><T19/><D63/><U103/><E134/><V82/><F128/><W96/><G111/><T99/><D99/><U98/><E22/><V58/><F41/><W107/><G40/><T85/><D85/><U135/><E135/><V62/><F65/><W93/><G107/><T42/><D42/><U112/><E112/><V69/><F69/><W97/><G71/><T43/><D43/><U102/><E56/><V26/><F26/><W117/><G68/><T75/><D75/><U80/><REACH who="1" step="1"/><E98/><REACH who="1" ten="248,421,49,272" step="2"/><V66/><F66/><W125/><G97/><T95/><D118/><U11/><E11/><V133/><F133/><W23/><G125/><T121/><D116/><U122/><E122/><V106/><F106/><W120/><G117/><T90/><D121/><U52/><E52/><V31/><F31/><W127/><G127/><T37/><D37/><U108/><E108/><V70/><F70/><W126/><G126/><T1/><D95/><U49/><E49/><V0/><REACH who="2" step="1"/><F4/><AGARI ba="0,1" hai="3,4,6,8,9,15,64,67,80,84,89,100,102,103" machi="4" ten="40,2000,0" yaku="1,1,53,0" doraHai="57" doraHaiUra="91" who="1" fromWho="2" sc="248,0,421,30,49,-20,272,0" /><INIT seed="5,1,0,5,2,92" ten="248,451,29,272" oya="1" hai0="0,107,59,33,74,38,112,26,110,53,124,81,49" hai1="65,7,105,116,27,103,42,45,17,80,48,25,22" hai2="10,18,126,60,52,132,51,114,47,4,88,89,24" hai3="1,46,115,71,20,14,94,97,128,68,93,98,50"/><U69/><E116/><V86/><F126/><W11/><G1/><T106/><D81/><U34/><E7/><V104/><F104/><W23/><G115/><T6/><D124/><U109/><E109/><V82/><F132/><W37/><G37/><T29/><D112/><U30/><E80/><V41/><F114/><W96/><G128/><T95/><D110/><U54/><E69/><V44/><F89/><W117/><G117/><T127/><D74/><U43/><REACH who="1" step="1"/><E65/><REACH who="1" ten="248,441,29,272" step="2"/><V118/><F118/><W19/><G71/><T9/><D127/><U100/><E100/><V64/><F18/><W113/><G68/><T102/><REACH who="0" step="1"/><D38/><REACH who="0" ten="238,441,29,272" step="2"/><U125/><E125/><V13/><F24/><W75/><G113/><T56/><D56/><U72/><E72/><V90/><F90/><W123/><G75/><T8/><D8/><U2/><E2/><V85/><F85/><W101/><G101/><T77/><D77/><U57/><E57/><N who="2" m="36879" /><F41/><N who="3" m="24911" /><G123/><T40/><D40/><U35/><E35/><V32/><F32/><W70/><G70/><T91/><D91/><U129/><E129/><V3/><F3/><W12/><G23/><T120/><D120/><U16/><E16/><AGARI ba="1,2" hai="11,12,14,16,19,20,93,94,96,97,98" m="24911" machi="16" ten="30,8000,1" yaku="8,1,52,3,54,1" doraHai="92" who="3" fromWho="1" sc="238,0,441,-83,29,0,272,103" /><INIT seed="6,0,0,4,3,22" ten="238,358,29,375" oya="2" hai0="102,40,43,75,121,128,69,106,94,93,62,30,133" hai1="66,48,84,9,13,39,2,55,114,78,21,71,12" hai2="117,103,70,10,125,80,7,113,116,68,85,60,111" hai3="4,64,130,49,99,58,16,38,3,53,72,110,119"/><V35/><F35/><W56/><G72/><T134/><D30/><U42/><E114/><V95/><F113/><W33/><G38/><T97/><D62/><N who="1" m="40407" /><E21/><V120/><F120/><W118/><G33/><T26/><D26/><U127/><E127/><V83/><F125/><W32/><G32/><T19/><D19/><U15/><E2/><V90/><F111/><W92/><G110/><T44/><D69/><U28/><E28/><V67/><F68/><W98/><G4/><T31/><D31/><U23/><E23/><V89/><F103/><W47/><G3/><T135/><D43/><U115/><E115/><V132/><F132/><W112/><G112/><T101/><D121/><U20/><E20/><V79/><F83/><W107/><G16/><T124/><D124/><U87/><E78/><V8/><F89/><W54/><G107/><T74/><D44/><N who="1" m="23647" /><E9/><V51/><F51/><W82/><G82/><T109/><D40/><U73/><E73/><N who="0" m="27657" /><D109/><U100/><E100/><V76/><F8/><W86/><G86/><T18/><D18/><U14/><N who="1" m="3072" /><DORA hai="131" /><U5/><E5/><V96/><REACH who="2" step="1"/><F79/><REACH who="2" ten="238,358,19,375" step="2"/><W123/><G123/><T29/><D102/><U41/><E87/><V50/><F50/><W36/><G49/><T91/><D29/><U104/><E84/><V129/><F129/><W0/><G130/><T105/><D128/><U25/><E48/><V37/><F37/><W24/><G36/><T59/><D59/><U11/><E11/><V17/><F17/><W1/><G58/><T27/><D27/><U34/><E34/><V77/><F77/><W65/><G24/><RYUUKYOKU ba="0,1" sc="238,15,358,-15,19,15,375,-15" hai0="91,93,94,97,101,105,106,133,134,135" hai2="7,10,60,67,70,76,80,85,90,95,96,116,117" /><INIT seed="6,1,1,1,5,89" ten="253,343,34,360" oya="2" hai0="64,114,132,101,126,18,53,38,99,46,23,72,125" hai1="13,116,93,70,25,100,122,79,9,105,27,92,80" hai2="61,1,4,78,129,88,35,81,29,15,130,7,39" hai3="17,120,2,54,32,131,83,82,113,85,109,67,43"/><V87/><F39/><W115/><G32/><T97/><D72/><U49/><E116/><V52/><F1/><W128/><G2/><T91/><D64/><U5/><E70/><V124/><F124/><N who="0" m="47722" /><D46/><U41/><E122/><V57/><F29/><W77/><G67/><T16/><D53/><U8/><E9/><V62/><F35/><W3/><G3/><T135/><D38/><U55/><E41/><V69/><F15/><W6/><G43/><T96/><D101/><U0/><E0/><V30/><F30/><W133/><G6/><T84/><D114/><N who="3" m="43529" /><G17/><N who="0" m="6763" /><D23/><U22/><E105/><V47/><F47/><W111/><G54/><T119/><D119/><U12/><E100/><V28/><F28/><W59/><G59/><T98/><N who="0" m="25088" /><DORA hai="68" /><T20/><D20/><U34/><E55/><V127/><F127/><W56/><G56/><T71/><D71/><U21/><E49/><V86/><F69/><W107/><G107/><T73/><D73/><U134/><E22/><V33/><F33/><W76/><G120/><T108/><D108/><U40/><E34/><V11/><F61/><W26/><G26/><T60/><D60/><U121/><E121/><V117/><F117/><W19/><G19/><T95/><AGARI ba="1,1" hai="84,91,95,132,135" m="25088,6763,47722" machi="95" ten="50,6400,0" yaku="18,1,52,1,54,1" doraHai="89,68" who="0" fromWho="0" sc="253,77,343,-17,34,-33,360,-17" /><INIT seed="7,0,0,5,1,4" ten="330,326,1,343" oya="3" hai0="115,56,5,45,78,65,47,51,24,0,15,64,121" hai1="135,83,62,59,2,68,34,39,117,9,129,103,118" hai2="80,11,102,48,38,86,23,42,32,63,110,74,77" hai3="127,89,8,25,107,22,100,53,126,123,35,104,3"/><W93/><G35/><T122/><D78/><U20/><E129/><V101/><F101/><W58/><G100/><T98/><D0/><U106/><E135/><V92/><F92/><W71/><G71/><T37/><D98/><N who="1" m="61815" /><E39/><V57/><F57/><W60/><G123/><N who="0" m="47115" /><D15/><U72/><E68/><V30/><F30/><W75/><G75/><T46/><D24/><U97/><E97/><V116/><F116/><N who="1" m="44649" /><E34/><V40/><F40/><W16/><G8/><T132/><D5/><N who="1" m="1207" /><E20/><V105/><F105/><N who="3" m="40523" /><G3/><T120/><N who="0" m="47123" /><T99/><DORA hai="76" /><D99/><AGARI ba="0,0" hai="16,22,25,53,58,60,89,93,99,126,127" m="40523" machi="99" ten="30,2900,0" yaku="25,1,54,1" doraHai="4,76" who="3" fromWho="0" sc="330,-29,326,0,1,0,343,29" owari="301,-10.0,326,13.0,1,-50.0,372,47.0" /></mjloggm>