<mjloggm ver="2.3"><GO type="169" lobby="0"/><UN n0="%79%61%6D%69" n1="%E9%A2%A8%E8%BB%8A%E3%81%AE%E7%B5%B5%E7%90%86%E5%AD%90" n2="%E3%82%A6%E3%83%AB%E3%83%88%E3%83%A9%E7%AB%8B%E7%9B%B4" n3="%E5%A4%AA%E3%81%8F%E3%81%AA%E3%81%84%E3%81%8A" dan="17,16,17,17" rate="2210.13,2124.48,2149.86,2164.37" sx="M,F,M,M"/><TAIKYOKU oya="0"/><INIT seed="0,0,0,5,5,49" ten="250,250,250,250" oya="0" hai0="118,72,41,129,83,68,44,69,50,127,11,123,95" hai1="53,110,12,27,10,135,89,57,84,0,15,7,34" hai2="73,102,75,37,100,20,43,125,48,3,19,36,32" hai3="14,74,35,56,38,9,30,113,108,71,21,8,76"/><T23/><D118/><U54/><E110/><V133/><F32/><W130/><G71/><T131/><D123/><U62/><E135/><V82/><F3/><W47/><G113/><T17/><D127/><U92/><REACH who="1" step="1"/><E54/><REACH who="1" ten="250,240,250,250" step="2"/><V99/><F133/><W77/><G108/><T91/><D131/><U93/><E93/><V67/><F125/><W79/><G130/><T78/><D129/><U88/><E88/><V51/><F67/><W70/><G77/><T116/><D116/><U121/><E121/><V24/><F102/><W97/><G76/><T96/><REACH who="0" step="1"/><D11/><REACH who="0" ten="240,240,250,250" step="2"/><U59/><E59/><V132/><F132/><W29/><G56/><T66/><D66/><U115/><E115/><V45/><F73/><W80/><G74/><T81/><D81/><U16/><E16/><V126/><F126/><W4/><G80/><T25/><AGARI ba="0,2" hai="17,23,25,41,44,50,68,69,72,78,83,91,95,96" machi="25" ten="20,7800,0" yaku="1,1,0,1,7,1,53,1" doraHai="49" doraHaiUra="106" who="0" fromWho="0" sc="240,98,240,-26,250,-26,250,-26" /><INIT seed="0,1,0,1,2,81" ten="338,214,224,224" oya="0" hai0="79,19,31,0,37,124,133,86,101,74,130,83,100" hai1="6,77,75,22,42,132,21,73,18,60,107,120,25" hai2="116,5,92,90,69,45,82,10,106,112,105,94,121" hai3="14,109,68,7,29,16,63,67,65,34,51,127,28"/><T36/><D0/><U76/><E107/><V66/><F112/><W98/><G109/><T126/><D31/><U104/><E104/><V12/><F121/><W8/><G127/><N who="0" m="48683" /><D133/><U128/><E120/><V39/><F94/><W95/><G65/><T88/><D130/><U56/><E42/><V71/><F105/><W1/><G51/><T61/><D61/><U24/><E6/><V35/><F106/><W44/><G44/><T20/><D37/><U30/><E128/><V114/><F35/><W131/><G131/><T96/><D36/><U2/><E2/><V129/><F45/><W57/><G68/><T53/><D53/><U48/><E48/><V113/><F39/><W99/><G34/><T78/><D96/><U125/><E125/><V50/><F50/><W46/><G98/><T41/><D41/><U115/><E75/><V62/><F71/><W40/><G40/><T9/><D9/><U55/><E73/><V58/><F69/><W87/><G46/><T102/><D74/><U97/><E132/><V43/><F43/><W23/><REACH who="3" step="1"/><G87/><REACH who="3" ten="338,214,224,214" step="2"/><T119/><D119/><U38/><E38/><V89/><F116/><W32/><G32/><T47/><D47/><U91/><E115/><V54/><F129/><W64/><G64/><T123/><D123/><U93/><AGARI ba="1,1" hai="18,21,22,24,25,30,55,56,60,76,77,91,93,97" machi="93" ten="30,7900,0" yaku="0,1,25,2,8,1" doraHai="81" who="1" fromWho="1" sc="338,-40,214,92,224,-21,214,-21" /><INIT seed="1,0,0,1,0,60" ten="298,306,203,193" oya="1" hai0="9,50,61,8,103,41,16,65,5,92,108,43,118" hai1="131,29,127,124,106,30,19,74,57,52,130,17,56" hai2="117,70,115,94,125,80,133,77,104,63,39,58,47" hai3="24,110,31,45,96,28,49,122,86,69,35,37,25"/><U116/><E106/><V121/><F104/><W51/><G122/><T68/><D118/><U75/><REACH who="1" step="1"/><E52/><REACH who="1" ten="298,296,203,193" step="2"/><V59/><F121/><W13/><G45/><T12/><D108/><U126/><E126/><V21/><F125/><W105/><G110/><T76/><D43/><U2/><E2/><V15/><F117/><AGARI ba="0,1" hai="17,19,29,30,56,57,74,75,116,117,124,127,130,131" machi="117" ten="25,4800,0" yaku="1,1,22,2,53,0" doraHai="60" doraHaiUra="72" who="1" fromWho="2" sc="298,0,296,58,203,-48,193,0" /><INIT seed="1,1,0,5,0,47" ten="298,354,155,193" oya="1" hai0="123,67,28,71,32,96,37,72,10,52,84,54,57" hai1="103,97,131,104,24,36,5,98,117,6,42,29,113" hai2="80,102,0,75,82,7,116,39,70,65,27,56,61" hai3="17,106,62,23,20,122,33,86,133,53,38,21,77"/><U95/><E117/><V3/><F116/><W119/><G119/><T35/><D72/><U83/><E113/><V69/><F102/><W30/><G122/><T64/><D71/><U78/><E131/><V132/><F132/><W59/><G38/><T8/><D84/><U124/><E124/><V88/><F39/><W105/><G133/><T48/><D37/><U128/><E128/><V93/><F0/><W63/><G17/><T26/><D123/><U13/><E13/><V41/><F41/><W125/><G125/><T51/><D96/><U100/><E42/><V129/><F129/><W14/><G14/><T127/><D127/><U91/><E91/><V99/><F27/><W120/><G120/><T43/><D43/><U85/><REACH who="1" step="1"/><E36/><REACH who="1" ten="298,344,155,193" step="2"/><V50/><F3/><W73/><G77/><T16/><D32/><AGARI ba="1,1" hai="5,6,24,29,32,78,83,85,95,97,98,100,103,104" machi="32" ten="30,5800,0" yaku="1,1,2,1,7,1,53,0" doraHai="47" doraHaiUra="4" who="1" fromWho="0" sc="298,-61,344,71,155,0,193,0" /><INIT seed="1,2,0,0,3,98" ten="237,415,155,193" oya="1" hai0="94,15,10,132,52,38,61,114,126,104,84,27,113" hai1="120,125,60,6,133,33,22,55,18,130,44,97,21" hai2="16,76,66,50,14,72,117,56,20,45,34,87,100" hai3="85,13,5,99,103,9,41,53,51,2,26,11,32"/><U116/><E33/><V128/><F34/><W65/><G65/><T23/><D104/><U80/><E120/><V62/><F128/><W119/><G119/><T86/><D38/><U102/><E116/><V127/><F127/><W88/><G41/><T107/><D107/><U89/><E6/><V111/><F111/><W58/><G32/><T8/><D132/><U121/><E121/><V131/><F131/><W77/><G77/><T25/><D126/><U106/><E130/><V78/><F72/><W37/><G37/><T57/><D114/><U135/><E125/><V46/><F117/><W73/><G26/><N who="0" m="9739" /><D113/><U29/><E29/><V95/><F46/><W47/><G73/><T75/><D75/><U0/><E0/><V17/><F17/><W74/><G74/><T82/><D94/><U109/><E109/><V79/><F87/><N who="0" m="33322" /><D82/><U43/><E89/><V19/><F19/><AGARI ba="2,0" hai="8,10,15,19,23,52,57,61" m="33322,9739" machi="19" ten="30,2000,0" yaku="8,1,54,1" doraHai="98" who="0" fromWho="2" sc="237,26,415,0,155,-26,193,0" /><INIT seed="2,0,0,4,1,20" ten="263,415,129,193" oya="2" hai0="84,121,64,65,15,95,117,62,6,111,43,21,76" hai1="98,104,132,79,11,40,128,1,18,57,49,9,96" hai2="86,118,90,91,125,122,14,59,30,114,109,32,50" hai3="53,4,19,99,83,22,131,77,88,135,37,115,103"/><V80/><F122/><W116/><G116/><T55/><D111/><U94/><E79/><V93/><F118/><W17/><G37/><T38/><D38/><U81/><E104/><V75/><F114/><W54/><G115/><T73/><D43/><U106/><E106/><V56/><F109/><W107/><G135/><T29/><D73/><U0/><E81/><V44/><F125/><W113/><G113/><T33/><D33/><U51/><E57/><V108/><F108/><W47/><G131/><T119/><D55/><U35/><E94/><V78/><F91/><W7/><G19/><T42/><D42/><U67/><E18/><V24/><REACH who="2" step="1"/><F14/><REACH who="2" ten="263,415,119,193" step="2"/><W71/><G88/><T60/><D121/><U12/><E12/><V129/><F129/><W97/><G77/><T112/><D15/><U58/><E128/><V3/><F3/><W134/><G103/><T25/><D76/><U31/><E1/><V102/><F102/><W41/><G134/><T70/><D112/><U87/><E0/><V92/><F92/><W63/><G107/><T126/><D126/><U48/><E132/><V10/><F10/><W133/><G133/><T28/><D119/><U66/><E11/><V16/><F16/><W61/><G17/><T124/><D117/><U23/><E9/><V85/><F85/><W39/><G97/><T110/><D124/><U72/><E87/><V8/><F8/><W120/><G99/><T34/><D110/><U89/><E98/><V5/><F5/><W69/><G120/><T45/><D6/><U123/><E96/><V127/><F127/><W74/><G4/><RYUUKYOKU ba="0,1" sc="263,-10,415,-10,119,30,193,-10" hai2="24,30,32,44,50,56,59,75,78,80,86,90,93" /><INIT seed="2,1,1,1,0,121" ten="253,405,149,183" oya="2" hai0="133,13,125,101,50,135,83,38,73,88,128,45,29" hai1="69,36,16,96,111,31,37,33,4,118,119,74,80" hai2="60,115,8,102,84,11,85,70,58,53,26,109,12" hai3="127,68,18,54,98,108,81,71,55,15,93,120,19"/><V113/><F70/><W82/><G120/><T6/><D101/><U14/><E4/><V56/><F115/><W112/><G112/><T106/><D106/><U3/><E3/><V89/><F113/><W92/><G15/><T90/><D38/><U77/><E69/><V17/><F102/><W126/><REACH who="3" step="1"/><G98/><REACH who="3" ten="253,405,149,173" step="2"/><T95/><D13/><U1/><E96/><V61/><F26/><W67/><G67/><T104/><D133/><U94/><E1/><V0/><F0/><W27/><G27/><T78/><D135/><U99/><E119/><V49/><F11/><W7/><G7/><T122/><D6/><U24/><E118/><V91/><F109/><AGARI ba="1,2" hai="18,19,54,55,68,71,81,82,92,93,108,109,126,127" machi="109" ten="25,8000,1" yaku="1,1,22,2,52,2,53,0" doraHai="121" doraHaiUra="117" who="3" fromWho="2" sc="253,0,405,0,149,-83,173,103" /><INIT seed="3,0,0,5,3,3" ten="253,405,66,276" oya="3" hai0="20,58,75,29,45,135,18,97,129,81,128,124,86" hai1="24,113,101,8,1,121,48,40,100,92,33,96,52" hai2="115,126,119,15,57,78,0,88,70,16,55,64,65" hai3="98,116,93,61,28,85,107,37,46,5,89,125,56"/><W9/><G116/><T127/><D29/><U90/><E113/><V118/><F0/><W73/><G73/><T42/><D75/><U111/><E121/><V130/><F78/><W105/><G125/><N who="0" m="48203" /><D97/><U23/><E33/><V106/><F106/><W50/><G37/><N who="0" m="21711" /><D58/><U62/><E40/><V4/><F4/><W122/><G28/><T38/><D38/><U72/><E72/><V14/><F14/><W99/><G122/><T74/><D74/><U83/><E83/><V39/><F39/><W117/><G117/><T87/><D87/><U66/><E111/><V71/><F126/><W80/><G46/><T53/><D53/><U77/><E77/><V102/><F102/><W104/><G50/><T79/><D135/><U114/><E114/><V131/><F115/><W54/><REACH who="3" step="1"/><G80/><REACH who="3" ten="253,405,66,266" step="2"/><T69/><D81/><U43/><E48/><N who="2" m="30951" /><F119/><W109/><G109/><T133/><D133/><U59/><E43/><V22/><F118/><W32/><G32/><T31/><D31/><U68/><E68/><V51/><F51/><W36/><G36/><T35/><D69/><U44/><E44/><V108/><F108/><W82/><G82/><T91/><D35/><U13/><E59/><V120/><F120/><W63/><G63/><T123/><D123/><U47/><E62/><V6/><F71/><W26/><G26/><T2/><D79/><U84/><E24/><V7/><F70/><W103/><G103/><T110/><D110/><U94/><E101/><V10/><F88/><W27/><G27/><T132/><D91/><U19/><E90/><V49/><F49/><W76/><G76/><RYUUKYOKU ba="0,1" sc="253,-10,405,-10,66,-10,266,30" hai3="5,9,54,56,61,85,89,93,98,99,104,105,107" /><INIT seed="3,1,1,3,1,82" ten="243,395,56,296" oya="3" hai0="74,1,19,120,63,69,2,48,97,38,5,39,58" hai1="44,85,54,33,135,94,108,36,16,9,80,112,4" hai2="125,23,128,18,31,119,34,12,32,14,10,20,107" hai3="53,103,35,70,17,41,40,110,96,47,127,88,95"/><W132/><G70/><T25/><D74/><U87/><E33/><N who="2" m="12907" /><F107/><W77/><G35/><T42/><D5/><U28/><E28/><V114/><F119/><W111/><G77/><T61/><D97/><U109/><E112/><V62/><F62/><W30/><G30/><T123/><D25/><U27/><E135/><V106/><F106/><W43/><G132/><T60/><D19/><U22/><E94/><V0/><F114/><W11/><G127/><T3/><D69/><U67/><E67/><V92/><F92/><W59/><G47/><T66/><D66/><U8/><E8/><N who="2" m="6407" /><F125/><W124/><G124/><T91/><D91/><U26/><E26/><N who="2" m="16839" /><F128/><W105/><G105/><T134/><D134/><U117/><E117/><V72/><F72/><W56/><G103/><T126/><D126/><U78/><E54/><V131/><F131/><W116/><G116/><T57/><D48/><U113/><E113/><V98/><F98/><W71/><G71/><T68/><D42/><N who="1" m="22599" /><E80/><V64/><F64/><W99/><G99/><T104/><D104/><U84/><E78/><V55/><F55/><W79/><G79/><T130/><D130/><U21/><E87/><V37/><F37/><N who="0" m="13834" /><D68/><U15/><E85/><V101/><F101/><W65/><G65/><T73/><D73/><U121/><E84/><V100/><F100/><W76/><G76/><T13/><D13/><U129/><E129/><V102/><F102/><W86/><G96/><T93/><D93/><U83/><E83/><V52/><F52/><W81/><G95/><T118/><D118/><U50/><E15/><V115/><F14/><RYUUKYOKU ba="1,1" sc="243,30,395,-10,56,-10,296,-10" hai0="1,2,3,57,58,60,61,63,120,123" /><INIT seed="4,2,1,1,1,1" ten="273,385,46,286" oya="0" hai0="58,117,79,35,21,131,109,96,111,105,81,128,16" hai1="41,97,48,63,34,121,73,4,14,62,61,19,2" hai2="32,112,76,66,93,89,9,99,7,98,123,74,107" hai3="59,43,42,15,64,30,11,38,25,55,26,72,56"/><T92/><D35/><U126/><E73/><V133/><F32/><W116/><G72/><N who="0" m="43239" /><D105/><U85/><E34/><V103/><F123/><W51/><G116/><T108/><D58/><U37/><E37/><V53/><F112/><W13/><G38/><T24/><D117/><U135/><E121/><V110/><F133/><W125/><G125/><T132/><D132/><U36/><E36/><V120/><F120/><W106/><G106/><T130/><D130/><U12/><E135/><V29/><F110/><N who="0" m="28162" /><T68/><DORA hai="18" /><D68/><U67/><E126/><V27/><F66/><W104/><G104/><T100/><AGARI ba="2,1" hai="16,21,24,92,96,100,128,131" m="28162,43239" machi="100" ten="40,7800,0" yaku="10,1,52,1,54,1" doraHai="1,18" who="0" fromWho="0" sc="273,94,385,-28,46,-28,286,-28" /><INIT seed="4,3,0,2,2,113" ten="367,357,18,258" oya="0" hai0="14,101,11,5,118,0,76,81,34,16,44,123,61" hai1="100,132,78,103,7,135,39,46,3,65,51,128,73" hai2="58,80,40,97,127,79,117,96,74,66,92,37,31" hai3="36,2,49,129,8,88,82,72,24,116,9,109,19"/><T28/><D28/><U26/><BYE who="0" /><E39/><V57/><F127/><W94/><G109/><T71/><D71/><U67/><E128/><V91/><F40/><W17/><G36/><T10/><D10/><U33/><E7/><V83/><F37/><W75/><G129/><T30/><D30/><U52/><E3/><V45/><F45/><W69/><G69/><T119/><D119/><U4/><E4/><V115/><F115/><W131/><G131/><T6/><D6/><U84/><E73/><V106/><F31/><W124/><G2/><T62/><D62/><U21/><E33/><V125/><F125/><W89/><G124/><T56/><D56/><U99/><E78/><N who="2" m="44119" /><F66/><W110/><G110/><T35/><D35/><U98/><E84/><N who="2" m="48255" /><F58/><W64/><G64/><N who="1" m="24650" /><E135/><V63/><F57/><W47/><G82/><T50/><D50/><U86/><E86/><V38/><F63/><W87/><G49/><T18/><D18/><N who="1" m="12599" /><E132/><V27/><F27/><W85/><G24/><T134/><D134/><U23/><E23/><V133/><F38/><W32/><G32/><T55/><D55/><U41/><E41/><V77/><F133/><W48/><G48/><T105/><D105/><U54/><E54/><V68/><F68/><W53/><G53/><T112/><D112/><U43/><E43/><V90/><F77/><W120/><G47/><T104/><D104/><U25/><E25/><V29/><F29/><W60/><G60/><T59/><D59/><U111/><E111/><V122/><F122/><W42/><G42/><T102/><D102/><AGARI ba="3,0" hai="46,51,52,98,99,100,102,103" m="12599,24650" machi="102" ten="30,2000,0" yaku="8,1,54,1" doraHai="113" who="1" fromWho="0" sc="367,-29,357,29,18,0,258,0" /><UN n0="%79%61%6D%69" /><INIT seed="5,0,0,4,1,38" ten="338,386,18,258" oya="1" hai0="102,70,89,110,41,72,7,39,119,128,6,79,15" hai1="28,122,24,49,13,67,3,100,92,60,8,22,62" hai2="43,55,52,4,129,107,5,56,26,117,114,69,71" hai3="9,131,97,134,42,21,116,31,95,44,23,59,133"/><U104/><E104/><V103/><F103/><W111/><G111/><T17/><D119/><U77/><E3/><V109/><F107/><W2/><G116/><T73/><D70/><U32/><E32/><V25/><F117/><W64/><G131/><T90/><D102/><U40/><E122/><V27/><F56/><W75/><G75/><T130/><D79/><U66/><E77/><V16/><F109/><W84/><G84/><T78/><D78/><U0/><E0/><V36/><F129/><W127/><G127/><T10/><D110/><U83/><E83/><V108/><F108/><W48/><G2/><T30/><D30/><U118/><E118/><V12/><F114/><W81/><G81/><T11/><D15/><U80/><E80/><V86/><F86/><W63/><G9/><T126/><D39/><U93/><E100/><V88/><F88/><N who="3" m="55527" /><G31/><T85/><D85/><U58/><E62/><V120/><F120/><W124/><G124/><T33/><D17/><N who="1" m="8359" /><E66/><V106/><F106/><W74/><G74/><T113/><D33/><U51/><E51/><V18/><F36/><W87/><G87/><T46/><BYE who="3" /><D126/><U14/><E14/><V29/><F12/><W135/><G135/><T82/><D82/><U94/><E49/><V96/><F29/><W19/><G19/><N who="2" m="7209" /><F96/><UN n3="%E5%A4%AA%E3%81%8F%E3%81%AA%E3%81%84%E3%81%8A" /><W65/><G65/><T1/><D1/><U34/><E34/><V47/><F71/><W61/><G61/><T35/><D35/><U68/><E68/><V101/><F69/><W45/><G134/><T20/><D113/><U125/><E125/><V53/><F101/><W132/><G133/><RYUUKYOKU ba="0,0" sc="338,-15,386,15,18,15,258,-15" hai1="22,24,28,40,58,60,67,92,93,94" hai2="4,5,25,26,27,43,47,52,53,55" /><INIT seed="5,1,0,0,2,8" ten="323,401,33,243" oya="1" hai0="6,43,51,65,122,45,84,98,103,23,61,78,15" hai1="53,70,99,34,67,113,44,101,79,106,48,115,76" hai2="89,13,21,12,72,19,46,127,75,108,26,55,16" hai3="83,125,112,29,4,64,22,50,39,20,2,91,11"/><U121/><E34/><V97/><F108/><W96/><G39/><T87/><D122/><U132/><E121/><V52/><F127/><W33/><G125/><T17/><D78/><U10/><E70/><V135/><F135/><W110/><G110/><T41/><D41/><U25/><E67/><V63/><F75/><W47/><G112/><N who="1" m="43082" /><E25/><V124/><F72/><W90/><G64/><T88/><D6/><U95/><E132/><V109/><F124/><W117/><G117/><T119/><D119/><U57/><E106/><V60/><F109/><W105/><G33/><T94/><REACH who="0" step="1"/><D103/><REACH who="0" ten="313,401,33,243" step="2"/><U102/><E102/><V36/><F36/><W92/><G4/><T58/><AGARI ba="1,1" hai="15,17,23,43,45,51,58,61,65,84,87,88,94,98" machi="58" ten="20,12000,2" yaku="1,1,2,1,0,1,7,1,8,1,52,1,54,1,53,0" doraHai="8" doraHaiUra="1" who="0" fromWho="0" sc="313,133,401,-61,33,-31,243,-31" /><INIT seed="6,0,0,0,1,21" ten="446,340,2,212" oya="2" hai0="25,30,51,23,95,56,41,131,50,103,92,91,27" hai1="81,64,52,125,122,17,111,38,129,13,58,69,49" hai2="15,84,61,57,124,2,89,5,4,72,66,134,12" hai3="82,107,71,45,55,118,96,24,104,26,116,22,126"/><V120/><F72/><W29/><G71/><T86/><D131/><U123/><E38/><V14/><F120/><W36/><G126/><T74/><D74/><U37/><E37/><V114/><F2/><W130/><G130/><T102/><D92/><U110/><E129/><V35/><F35/><W135/><G135/><T32/><D50/><U7/><E7/><N who="2" m="2635" /><F124/><W132/><G132/><T78/><D78/><U128/><E128/><V63/><F114/><W79/><G96/><T121/><D121/><N who="1" m="46091" /><E81/><N who="2" m="49295" /><F134/><W11/><G11/><T54/><D41/><U75/><E75/><V33/><F33/><W101/><G101/><T28/><AGARI ba="0,0" hai="23,25,27,28,30,32,51,54,56,86,91,95,102,103" machi="28" ten="20,5200,0" yaku="0,1,7,1,52,2" doraHai="21" who="0" fromWho="0" sc="446,52,340,-13,2,-26,212,-13" owari="498,59.0,327,13.0,-24,-52.0,199,-20.0" /></mjloggm>