<mjloggm ver="2.3"><GO type="193" lobby="0"/><UN n0="%61%6E%69%2D%6A%70" n1="%53%53%32%47%4E" n2="%E5%B0%B1%E6%B4%BB%E7%94%9F%40%E5%B7%9D%E6%9D%91%E8%BB%8D%E5%9B%A3" n3="%68%6F%70%65%31%32%32%34" dan="11,11,11,10" rate="1615.92,1745.87,1797.62,1499.18" sx="M,M,M,M"/><TAIKYOKU oya="0"/><INIT seed="0,0,0,1,5,20" ten="250,250,250,250" oya="0" hai0="28,8,75,97,62,95,96,14,82,76,125,2,36" hai1="32,34,3,40,132,67,7,105,17,42,128,106,131" hai2="35,109,116,130,60,115,111,70,48,90,56,53,110" hai3="10,79,102,123,86,52,107,121,39,127,129,0,57"/><T91/><D125/><U74/><E74/><V126/><F35/><N who="1" m="13353" /><E67/><N who="2" m="41319" /><F90/><W11/><G127/><T69/><D36/><U84/><E84/><V13/><F13/><W45/><G129/><N who="1" m="49738" /><E17/><V41/><F126/><W44/><G0/><T1/><D28/><U112/><E132/><V71/><F130/><W51/><G107/><N who="1" m="40970" /><E112/><V64/><F115/><W25/><G102/><T120/><D120/><N who="3" m="46153" /><G25/><T88/><D69/><U83/><E83/><V114/><F114/><W80/><G39/><T26/><D26/><U119/><E119/><V18/><F18/><W12/><G10/><AGARI ba="0,0" hai="3,7,10,40,42" m="40970,49738,13353" machi="10" ten="40,1300,0" yaku="19,1" doraHai="20" who="1" fromWho="3" sc="250,0,250,13,250,0,250,-13" /><INIT seed="1,0,0,3,4,68" ten="250,263,250,237" oya="1" hai0="13,62,89,124,80,23,88,121,47,1,66,98,17" hai1="40,51,61,31,53,10,29,57,6,76,19,118,50" hai2="127,72,93,75,87,24,128,129,67,123,15,16,110" hai3="84,99,65,63,58,69,5,18,9,56,59,71,54"/><U114/><E114/><V3/><F3/><W90/><G99/><T77/><D121/><U70/><E118/><V133/><F123/><W14/><G71/><T42/><D124/><U41/><E70/><V122/><F122/><W105/><G105/><T26/><D1/><U74/><E19/><V117/><F117/><W131/><G131/><N who="2" m="50249" /><F127/><W91/><G91/><T81/><D98/><U28/><E76/><V83/><F67/><W130/><G130/><T0/><D0/><U20/><E74/><V79/><F110/><W120/><G120/><T38/><D80/><U11/><E20/><N who="2" m="11295" /><F133/><W106/><G106/><T116/><D116/><U21/><E21/><V104/><F104/><W8/><G8/><N who="1" m="3114" /><E6/><V30/><F93/><W45/><G45/><T96/><D96/><U115/><E115/><V64/><F64/><W111/><G111/><T34/><D34/><AGARI ba="0,0" hai="24,30,34,72,75,79,83,87" m="11295,50249" machi="34" ten="30,2000,0" yaku="19,1,54,1" doraHai="68" who="2" fromWho="0" sc="250,-20,263,0,250,20,237,0" /><INIT seed="2,0,0,1,4,102" ten="230,263,270,237" oya="2" hai0="33,11,132,67,40,72,121,91,129,73,122,50,8" hai1="98,48,51,62,101,18,84,89,123,99,32,124,92" hai2="28,114,10,86,112,31,107,43,68,70,75,39,130" hai3="125,47,74,78,52,7,113,27,60,15,45,36,97"/><V79/><F130/><W4/><G125/><T116/><D116/><U57/><E124/><V111/><F111/><W95/><G36/><T14/><D129/><U119/><E119/><V30/><F10/><W26/><G113/><T53/><D132/><U88/><E32/><V21/><F21/><W46/><G74/><T77/><D33/><U35/><E35/><V126/><F126/><W110/><G78/><T29/><D67/><U105/><E123/><V109/><F109/><W3/><G110/><T49/><D122/><U61/><E18/><V128/><F128/><W13/><G3/><T22/><D121/><U104/><E104/><V38/><F75/><W81/><G81/><T19/><D72/><U44/><E57/><V100/><F86/><W17/><G60/><T58/><D73/><U83/><REACH who="1" step="1"/><E51/><REACH who="1" ten="230,253,270,237" step="2"/><V24/><F112/><W6/><G52/><AGARI ba="0,1" hai="44,48,52,61,62,83,84,88,89,92,98,99,101,105" machi="52" ten="30,16000,3" yaku="1,1,2,1,7,1,52,1,54,2,53,2" doraHai="102" doraHaiUra="94" who="1" fromWho="3" sc="230,0,253,170,270,0,237,-160" /><INIT seed="3,0,0,3,5,123" ten="230,423,270,77" oya="3" hai0="68,70,49,133,32,16,37,0,12,125,46,116,7" hai1="10,28,104,73,129,48,31,84,108,121,102,24,105" hai2="19,92,20,62,93,38,91,65,42,64,39,22,52" hai3="6,35,135,107,81,109,60,61,18,127,111,128,25"/><W94/><G107/><T72/><D116/><U106/><E73/><V3/><F3/><W79/><G135/><T21/><D125/><U118/><E108/><N who="3" m="41546" /><G127/><T101/><D133/><U88/><E121/><V17/><F42/><W115/><G115/><T134/><D72/><U51/><E118/><V26/><F92/><W98/><G128/><T132/><D132/><U13/><E129/><V99/><F39/><W114/><G114/><T15/><D134/><U45/><E102/><V23/><F38/><W11/><G35/><T86/><D37/><U117/><E117/><V55/><F22/><N who="3" m="13527" /><G11/><T122/><D122/><U103/><E103/><V76/><F76/><W120/><G120/><T89/><D32/><U83/><E24/><V110/><F110/><W78/><G6/><T54/><D0/><U75/><E75/><V95/><F95/><W2/><G2/><T50/><D101/><U96/><E96/><V56/><REACH who="2" step="1"/><F55/><REACH who="2" ten="230,423,260,77" step="2"/><W30/><G78/><T47/><D7/><U87/><E105/><V119/><F119/><W124/><G30/><T100/><D100/><U126/><E126/><V69/><F69/><W9/><G124/><T5/><D5/><U71/><E104/><V131/><F131/><W34/><G9/><T77/><D77/><U53/><E106/><V29/><F29/><W27/><G34/><T63/><D63/><U4/><E31/><V112/><F112/><W80/><G27/><AGARI ba="0,1" hai="17,19,20,23,26,27,52,56,62,64,65,91,93,99" machi="27" ten="30,12000,2" yaku="1,1,7,1,9,1,25,2,8,1,54,1,53,0" doraHai="123" doraHaiUra="44" who="2" fromWho="3" sc="230,0,423,0,260,130,77,-120" owari="230,-17.0,423,52.0,390,19.0,-43,-54.0" /></mjloggm>