<mjloggm ver="2.3"><GO type="169" lobby="0"/><UN n0="%6E%65%75%74%72%6F%6E" n1="%6E%65%6F%40%75%6E%69" n2="%4D%4A%E3%81%AE%E6%9C%80%E9%AB%98%E5%B3%B0" n3="%E3%82%A6%E3%83%AB%E3%83%88%E3%83%A9%E7%AB%8B%E7%9B%B4" dan="16,18,16,17" rate="2091.03,2241.19,2078.75,2164.85" sx="M,M,M,M"/><TAIKYOKU oya="0"/><INIT seed="0,0,0,3,5,1" ten="250,250,250,250" oya="0" hai0="108,68,28,19,2,111,132,46,52,42,95,27,64" hai1="110,109,56,12,134,40,32,62,38,107,49,75,17" hai2="70,121,50,83,71,51,29,100,74,25,13,20,88" hai3="122,98,15,129,96,36,67,118,43,30,54,61,77"/><T119/><D119/><U135/><E75/><V60/><F121/><W130/><G118/><T81/><D2/><U87/><E107/><V84/><F74/><W8/><G122/><T37/><D132/><N who="1" m="50731" /><E32/><V90/><F100/><W79/><G54/><T7/><D7/><U102/><E12/><V114/><F114/><W117/><G30/><T14/><D81/><U16/><E102/><V4/><F90/><W63/><G43/><T21/><D95/><U113/><E87/><V76/><F76/><W80/><G36/><T85/><D85/><U24/><E38/><V125/><F125/><W57/><G117/><T9/><D64/><N who="1" m="38983" /><E24/><V115/><F115/><W105/><G105/><T11/><D68/><U93/><E93/><V103/><F103/><W44/><G80/><T124/><D124/><U48/><E113/><V26/><F25/><W94/><G94/><T33/><REACH who="0" step="1"/><D52/><REACH who="0" ten="240,250,250,250" step="2"/><U91/><E110/><AGARI ba="0,1" hai="9,11,14,19,21,27,28,33,37,42,46,108,110,111" machi="110" ten="40,12000,1" yaku="1,1,2,1,14,1,10,1,53,0" doraHai="1" doraHaiUra="65" who="0" fromWho="1" sc="240,130,250,-120,250,0,250,0" /><INIT seed="0,1,0,2,3,41" ten="370,130,250,250" oya="0" hai0="31,93,0,45,83,90,58,14,71,9,127,46,102" hai1="85,61,78,56,118,2,30,92,35,15,21,68,114" hai2="16,86,132,126,67,101,6,43,99,40,72,87,121" hai3="109,54,60,34,27,29,97,18,12,94,76,110,8"/><T79/><D71/><U47/><E118/><V125/><F72/><W106/><G106/><T105/><D0/><U22/><E2/><V39/><F6/><W59/><REACH who="3" step="1"/><G76/><REACH who="3" ten="370,130,250,240" step="2"/><T7/><D105/><U134/><E78/><V104/><F125/><W66/><G66/><T23/><D127/><U33/><E114/><V50/><F67/><W52/><G52/><T88/><D58/><U28/><E56/><V62/><F126/><W13/><G13/><T108/><D108/><U98/><E15/><V75/><F104/><W11/><G11/><T77/><D77/><U112/><E112/><V84/><F75/><W96/><G96/><N who="0" m="59663" /><D79/><U10/><E98/><V128/><F99/><W44/><G44/><N who="0" m="17003" /><D83/><U80/><E80/><V5/><F87/><W100/><AGARI ba="1,1" hai="8,12,18,27,29,34,54,59,60,94,97,100,109,110" machi="100" ten="30,2000,0" yaku="1,1,0,1,53,0" doraHai="41" doraHaiUra="3" who="3" fromWho="3" sc="370,-11,130,-6,250,-6,240,33" /><INIT seed="1,0,0,1,1,13" ten="359,124,244,273" oya="1" hai0="81,27,94,131,85,117,45,119,8,54,114,100,71" hai1="46,41,69,2,9,107,60,121,126,122,116,68,111" hai2="28,53,16,127,108,17,37,135,32,118,50,113,109" hai3="89,104,63,102,52,98,26,11,105,4,15,124,20"/><U132/><E107/><V70/><F118/><W34/><G124/><T129/><D114/><U82/><E116/><V48/><F127/><W39/><G39/><T115/><D115/><U44/><E126/><V75/><F113/><W40/><G40/><T73/><D71/><N who="1" m="27211" /><E82/><V65/><F37/><W103/><G34/><T74/><D8/><U67/><E9/><V24/><F75/><W25/><G89/><T21/><D73/><U61/><E2/><V19/><F135/><W84/><G84/><T36/><D74/><U23/><E23/><V55/><F65/><W62/><G26/><T96/><D36/><N who="1" m="21543" /><E132/><V47/><REACH who="2" step="1"/><F70/><REACH who="2" ten="359,124,234,273" step="2"/><W97/><REACH who="3" step="1"/><G52/><REACH who="3" ten="359,124,234,263" step="2"/><T128/><D54/><U18/><E122/><V7/><F7/><W106/><G106/><T99/><D117/><U83/><E121/><V56/><AGARI ba="0,2" hai="16,17,19,24,28,32,47,48,50,53,55,56,108,109" machi="56" ten="30,12000,2" yaku="1,1,0,1,52,3,54,1,53,0" doraHai="13" doraHaiUra="3" who="2" fromWho="2" sc="359,-30,124,-60,234,140,263,-30" /><INIT seed="2,0,0,3,3,122" ten="329,64,374,233" oya="2" hai0="3,127,57,135,105,75,95,65,128,100,77,47,17" hai1="123,25,24,2,33,38,50,21,117,111,61,28,37" hai2="108,35,27,31,51,85,22,5,64,78,116,67,32" hai3="109,118,96,70,13,14,104,6,36,10,84,19,130"/><V107/><F107/><W29/><G36/><T58/><D3/><U110/><E123/><V54/><F116/><W129/><G70/><T131/><D105/><U16/><E117/><V112/><F112/><W59/><G118/><T7/><D7/><U71/><E2/><V45/><F5/><W101/><G29/><T73/><D47/><U72/><E72/><V92/><F35/><W56/><G84/><T98/><D17/><U134/><E50/><V90/><F108/><N who="1" m="41513" /><E134/><V23/><F32/><W97/><G97/><T49/><D135/><U87/><E87/><V15/><F78/><W132/><G132/><T46/><D127/><U126/><E126/><V4/><F4/><W114/><G114/><T124/><D124/><U133/><E133/><V53/><F54/><W81/><G109/><T40/><D73/><U76/><E76/><V74/><F74/><W42/><G42/><T119/><D119/><U55/><E55/><V62/><F62/><W80/><G129/><N who="0" m="49739" /><D65/><AGARI ba="0,0" hai="16,21,24,25,28,33,37,38,61,65,71" m="41513" machi="65" ten="30,8000,1" yaku="14,1,52,3,54,1" doraHai="122" who="1" fromWho="0" sc="329,-80,64,80,374,0,233,0" /><INIT seed="3,0,0,0,5,9" ten="249,144,374,233" oya="3" hai0="42,5,4,19,134,132,15,18,58,61,127,85,69" hai1="45,66,119,128,116,57,100,51,89,104,75,39,102" hai2="64,65,53,115,130,6,10,95,52,38,24,16,48" hai3="122,108,67,114,125,20,43,14,17,92,74,131,70"/><W59/><G122/><T109/><D109/><U35/><E35/><V0/><F38/><W120/><G120/><T79/><D69/><U3/><E3/><V97/><F115/><W1/><G1/><T135/><D127/><U123/><E75/><V71/><F130/><W31/><G114/><T91/><D79/><U103/><E123/><V49/><F71/><W101/><G74/><T7/><D42/><U60/><E128/><V2/><F2/><W93/><G70/><T78/><D78/><U99/><E39/><V76/><F76/><W30/><G131/><T23/><D18/><U41/><REACH who="1" step="1"/><E89/><REACH who="1" ten="249,134,374,233" step="2"/><V73/><F73/><W110/><G125/><T29/><D91/><U62/><E62/><V105/><F0/><W44/><G108/><T81/><D61/><U84/><E84/><V83/><F49/><N who="3" m="26783" /><G110/><T34/><D85/><U113/><E113/><V129/><F48/><W88/><G88/><T25/><D81/><U26/><E26/><V50/><F83/><W56/><G93/><T12/><D58/><U87/><E87/><V106/><F50/><W77/><G59/><T40/><D40/><U118/><AGARI ba="0,1" hai="41,45,51,57,60,66,99,100,102,103,104,116,118,119" machi="118" ten="30,4000,0" yaku="1,1,0,1,12,1,53,0" doraHai="9" doraHaiUra="32" who="1" fromWho="1" sc="249,-10,134,50,374,-10,233,-20" /><INIT seed="4,0,0,2,4,22" ten="239,184,364,213" oya="0" hai0="31,63,32,104,107,2,39,72,38,60,25,108,29" hai1="87,35,124,47,78,96,102,94,48,93,117,105,54" hai2="20,89,79,41,27,30,37,1,28,92,121,46,77" hai3="113,65,88,91,16,95,53,73,120,42,129,56,12"/><T68/><D2/><U127/><E117/><V3/><F121/><W101/><G73/><T130/><D130/><U114/><E35/><V14/><F30/><W52/><G120/><T55/><D55/><N who="3" m="21065" /><G129/><T21/><D21/><U43/><E114/><V118/><F118/><W100/><G42/><T84/><D84/><U64/><E64/><V0/><REACH who="2" step="1"/><F14/><REACH who="2" ten="239,184,354,213" step="2"/><W57/><G113/><T97/><D31/><U82/><REACH who="1" step="1"/><E43/><REACH who="1" ten="239,174,354,213" step="2"/><V7/><F7/><W45/><G65/><T106/><D108/><U62/><E62/><V135/><F135/><W24/><G45/><T75/><D60/><U110/><E110/><V44/><F44/><W76/><G57/><T90/><D63/><U115/><E115/><V112/><F112/><W132/><G56/><T50/><D68/><U71/><E71/><V85/><AGARI ba="0,2" hai="0,1,3,20,27,28,37,41,46,77,79,85,89,92" machi="85" ten="30,4000,0" yaku="1,1,0,1,52,1,53,0" doraHai="22" doraHaiUra="51" who="2" fromWho="2" sc="239,-20,174,-10,354,60,213,-10" /><INIT seed="5,0,0,1,4,71" ten="219,164,414,203" oya="1" hai0="22,26,39,107,116,101,102,46,82,96,104,70,99" hai1="76,30,126,0,36,33,109,64,93,18,58,103,25" hai2="52,14,55,1,42,68,32,27,47,16,50,59,97" hai3="132,121,114,13,72,44,83,120,10,124,123,38,63"/><U60/><E0/><V45/><F1/><W125/><G63/><T78/><D116/><U90/><E109/><V34/><F68/><W127/><G132/><T117/><D117/><U84/><E126/><V91/><F27/><W51/><G114/><T74/><D70/><U7/><E7/><V92/><F47/><W65/><G65/><T43/><D22/><U9/><E76/><V85/><F97/><W129/><G129/><T112/><D26/><U29/><E29/><V48/><F55/><W135/><G135/><T80/><D80/><U28/><E28/><V122/><F122/><W111/><G111/><T20/><D20/><AGARI ba="0,0" hai="14,16,20,32,34,42,45,48,50,52,59,85,91,92" machi="20" ten="30,8000,1" yaku="7,1,25,2,54,2" doraHai="71" who="2" fromWho="0" sc="219,-80,164,0,414,80,203,0" /><INIT seed="6,0,0,0,0,20" ten="139,164,494,203" oya="2" hai0="83,101,86,42,98,115,131,71,56,126,68,114,19" hai1="36,17,30,59,117,5,25,32,73,63,44,37,124" hai2="57,46,77,18,120,51,52,15,103,93,48,62,65" hai3="122,94,130,75,95,10,6,74,92,72,104,7,135"/><V67/><F120/><W24/><G104/><T112/><D126/><U40/><E124/><V60/><F77/><W134/><G122/><T61/><D131/><U123/><E123/><V76/><F76/><W23/><G130/><T35/><D42/><U0/><E117/><V4/><F4/><W100/><G100/><T41/><D41/><U70/><E70/><V108/><F108/><W66/><G66/><T116/><D116/><U11/><E17/><V118/><F118/><W53/><G53/><T119/><D119/><U91/><E91/><V127/><F127/><W69/><G69/><T102/><D35/><U22/><E73/><V33/><F33/><W81/><G81/><T85/><D102/><U3/><E32/><V82/><F82/><W21/><G21/><T84/><D83/><U14/><REACH who="1" step="1"/><E37/><REACH who="1" ten="139,154,494,203" step="2"/><V78/><F78/><W26/><G10/><T109/><D109/><U28/><E28/><V47/><F103/><W49/><G23/><T133/><D19/><U50/><E50/><V13/><F18/><W12/><G49/><T39/><D39/><U45/><E45/><V90/><F48/><W29/><G29/><T88/><D133/><U80/><E80/><V31/><F31/><W97/><G135/><T9/><D88/><U79/><E79/><V16/><F16/><W1/><G134/><T64/><REACH who="0" step="1"/><D9/><REACH who="0" ten="129,154,494,203" step="2"/><U132/><E132/><V43/><F43/><W54/><G7/><T107/><AGARI ba="0,2" hai="56,61,64,68,71,84,85,86,98,101,107,112,114,115" machi="107" ten="40,8000,1" yaku="1,1,2,1,0,1,15,1,53,1" doraHai="20" doraHaiUra="58" who="0" fromWho="0" sc="129,100,154,-20,494,-40,203,-20" /><INIT seed="7,0,0,1,2,34" ten="229,134,454,183" oya="3" hai0="75,15,60,96,83,104,73,8,36,114,91,123,17" hai1="23,129,55,97,118,9,87,47,92,28,0,43,62" hai2="18,21,121,38,30,107,85,6,20,88,101,130,116" hai3="59,64,63,54,112,77,105,65,26,135,93,3,134"/><W61/><G105/><T117/><D36/><U44/><E118/><V53/><F38/><W52/><G77/><T72/><D123/><U33/><E33/><V111/><F116/><W90/><G26/><T82/><D117/><U12/><E129/><V57/><F111/><W51/><G3/><T4/><D114/><U27/><E87/><V1/><F130/><W74/><G74/><T109/><D109/><U48/><E0/><V70/><F30/><W120/><G120/><T100/><D60/><U25/><E25/><V71/><F21/><W29/><G29/><T13/><D91/><U128/><E128/><V119/><F119/><W102/><G102/><T133/><D133/><N who="3" m="50697" /><G112/><T67/><D67/><N who="3" m="25673" /><G54/><T110/><D110/><U78/><E78/><V76/><F76/><W22/><G22/><T49/><D49/><U86/><E86/><AGARI ba="0,0" hai="51,52,59,61,63,86,90,93" m="25673,50697" machi="86" ten="30,2900,0" yaku="20,1,54,1" doraHai="34" who="3" fromWho="1" sc="229,0,134,-29,454,0,183,29" /><INIT seed="7,1,0,4,2,34" ten="229,105,454,212" oya="3" hai0="22,77,104,55,116,18,42,45,111,94,25,49,70" hai1="114,109,1,59,67,46,27,84,122,113,124,33,118" hai2="74,87,108,52,110,75,7,63,81,10,80,60,8" hai3="6,129,119,43,68,31,125,54,4,86,103,48,38"/><W105/><G68/><T44/><D104/><U127/><E84/><V91/><F52/><W76/><G119/><T112/><D70/><U64/><E118/><V96/><F7/><W28/><G125/><T123/><D123/><U2/><E122/><V99/><F91/><W32/><G129/><T95/><D116/><U13/><E46/><V66/><F87/><W30/><G32/><T100/><D111/><U0/><E109/><V85/><F85/><W90/><G76/><T78/><D112/><N who="1" m="43115" /><E13/><V79/><F66/><N who="1" m="25129" /><E59/><V41/><F41/><W135/><G86/><T71/><D71/><U57/><E57/><V37/><F37/><W29/><G38/><T9/><D9/><U20/><E33/><V50/><F50/><W26/><G48/><N who="0" m="26647" /><D94/><U130/><E130/><V83/><F83/><W12/><G12/><T14/><D14/><U132/><E132/><V15/><F15/><W107/><G4/><T82/><D82/><U115/><N who="1" m="43123" /><U53/><DORA hai="128" /><E53/><V19/><F19/><W62/><G6/><T117/><D117/><U101/><E101/><V72/><F72/><W65/><G103/><T133/><D133/><U92/><E92/><V16/><F16/><W51/><G54/><T40/><D55/><U69/><E69/><V24/><F24/><W131/><G135/><T21/><D21/><U102/><E102/><V126/><F79/><W61/><G105/><T88/><D100/><U98/><E98/><AGARI ba="1,0" hai="18,22,25,40,45,49,77,78,88,95,98" m="26647" machi="98" ten="30,2000,0" yaku="8,1,54,1" doraHai="34,128" who="0" fromWho="1" sc="229,23,105,-23,454,0,212,0" owari="252,5.0,82,-42.0,454,56.0,212,-19.0" /></mjloggm>