<mjloggm ver="2.3"><GO type="97" lobby="0"/><UN n0="%6D%6D%6D%6D%6F%6F%6E" n1="%E3%82%A6%E3%83%AB%E3%83%88%E3%83%A9%E7%AB%8B%E7%9B%B4" n2="%6D%69%73%61%6B%69" n3="%6C%6F%76%65%6C%6F%76%65" dan="13,14,14,14" rate="1843.00,1957.08,1883.48,1942.90" sx="M,M,F,F"/><TAIKYOKU oya="0"/><INIT seed="0,0,0,2,2,134" ten="250,250,250,250" oya="0" hai0="95,3,115,40,81,33,85,131,44,12,19,38,97" hai1="62,13,0,36,30,21,32,89,35,26,20,75,122" hai2="29,130,23,77,70,91,128,27,64,46,104,76,39" hai3="126,69,17,98,41,2,58,79,117,22,48,45,51"/><T99/><D115/><U102/><E36/><V71/><F104/><W50/><G2/><T80/><D131/><N who="2" m="50218" /><F64/><W93/><G117/><T11/><D3/><U8/><E75/><V14/><F91/><W107/><G69/><N who="2" m="26121" /><F14/><W127/><G107/><T60/><D33/><N who="1" m="12875" /><E89/><V84/><F84/><W106/><G106/><T121/><D121/><U68/><E102/><V87/><F87/><W119/><G79/><T90/><REACH who="0" step="1"/><D60/><REACH who="0" ten="240,250,250,250" step="2"/><U88/><E62/><V83/><F39/><W37/><G119/><T129/><D129/><U112/><E68/><V120/><F120/><W67/><G67/><T125/><D125/><N who="3" m="47625" /><G58/><T61/><D61/><U28/><E122/><V92/><F46/><W109/><G109/><T74/><D74/><U103/><E0/><V55/><F55/><W101/><G37/><T124/><D124/><U6/><E112/><V135/><F135/><W34/><G34/><T59/><D59/><U114/><E114/><V5/><F77/><W42/><G45/><T82/><AGARI ba="0,1" hai="11,12,19,38,40,44,80,81,82,85,90,95,97,99" machi="82" ten="30,3000,0" yaku="1,1,0,1,53,0" doraHai="134" doraHaiUra="110" who="0" fromWho="0" sc="240,40,250,-10,250,-10,250,-10" /><INIT seed="0,1,0,4,1,7" ten="280,240,240,240" oya="0" hai0="89,9,84,129,3,88,131,38,104,106,58,5,80" hai1="81,23,31,52,28,109,1,85,119,63,98,54,43" hai2="12,123,8,77,59,20,76,45,110,99,122,108,57" hai3="32,94,61,102,47,11,87,60,92,48,21,70,79"/><T2/><D38/><U39/><E119/><V16/><F45/><W40/><G32/><T74/><D74/><U135/><E135/><V65/><F99/><W124/><G124/><T100/><D3/><U46/><E109/><N who="2" m="42091" /><F65/><W128/><G128/><N who="0" m="49227" /><D100/><U15/><E1/><V6/><F59/><W36/><G36/><T30/><D30/><U112/><E112/><V18/><F57/><W97/><G70/><T64/><D89/><U49/><E63/><AGARI ba="1,0" hai="2,5,9,58,63,64,80,84,88,104,106" m="49227" machi="63" ten="30,5800,0" yaku="19,1,52,1,54,1" doraHai="7" who="0" fromWho="1" sc="280,61,240,-61,240,0,240,0" /><INIT seed="0,2,0,0,5,130" ten="341,179,240,240" oya="0" hai0="135,118,55,49,120,73,76,6,40,124,27,38,28" hai1="48,2,41,54,83,127,34,103,107,29,91,79,23" hai2="30,4,72,106,56,129,36,60,43,111,134,110,59" hai3="81,109,97,100,122,64,62,25,42,31,86,113,24"/><T58/><D120/><U117/><E34/><V128/><F72/><W93/><G113/><T13/><D118/><U47/><E117/><V1/><F106/><W114/><G114/><T26/><D135/><U11/><E127/><V17/><F30/><W10/><G122/><T16/><D124/><U132/><E132/><V51/><F134/><W74/><G74/><T20/><D38/><U33/><E33/><V108/><F4/><W39/><G109/><T0/><D40/><U45/><E91/><V69/><F17/><W19/><G42/><T53/><D76/><U66/><E66/><N who="2" m="41159" /><F1/><W14/><G31/><T52/><D73/><U82/><E103/><V99/><F99/><W123/><G39/><T21/><REACH who="0" step="1"/><D0/><REACH who="0" ten="331,179,240,240" step="2"/><U115/><E2/><V65/><F36/><W78/><G123/><T80/><D80/><U70/><E83/><V112/><F112/><W96/><G78/><T95/><D95/><U63/><E115/><V94/><F94/><W3/><G3/><T87/><D87/><U9/><E82/><V131/><F65/><W84/><G97/><T125/><D125/><U121/><E79/><V50/><F43/><W7/><G81/><T46/><D46/><U12/><E121/><V44/><F44/><W37/><G37/><T126/><D126/><U77/><E77/><V102/><F102/><W32/><G86/><T105/><D105/><U68/><E107/><V88/><F88/><W67/><G84/><T18/><D18/><N who="1" m="10695" /><E47/><V116/><F116/><W89/><G100/><T5/><D5/><U15/><E41/><V75/><F75/><W98/><G7/><RYUUKYOKU ba="2,1" sc="331,15,179,-15,240,15,240,-15" hai0="6,13,16,20,21,26,27,28,49,52,53,55,58" hai2="50,51,56,59,108,110,111,128,129,131" /><INIT seed="0,3,1,5,3,8" ten="346,164,255,225" oya="0" hai0="60,120,111,87,90,19,17,131,82,63,70,85,74" hai1="114,2,84,91,109,130,66,57,40,102,103,71,68" hai2="94,11,56,116,134,99,55,54,89,9,28,77,86" hai3="52,122,78,64,36,12,58,69,124,101,117,65,104"/><T1/><D120/><U29/><E2/><V10/><F134/><W53/><G117/><T132/><D1/><U38/><E114/><V67/><F116/><W39/><G122/><T119/><D119/><U42/><E71/><V50/><F28/><W76/><G101/><N who="1" m="38410" /><E68/><V32/><F32/><W37/><G104/><T93/><D132/><U4/><E38/><V25/><F25/><W43/><G124/><T48/><D131/><U41/><E130/><V44/><F67/><W7/><G43/><N who="1" m="11010" /><U31/><DORA hai="46" /><E4/><V83/><F9/><W22/><G69/><T34/><D74/><U27/><E27/><V80/><F80/><W61/><G64/><T115/><D34/><U30/><E109/><V125/><F125/><W126/><G126/><T135/><D135/><U51/><E66/><V21/><F21/><W106/><G106/><T6/><D115/><U98/><E98/><V47/><F47/><W62/><G7/><T92/><D111/><U13/><E13/><V95/><F95/><W100/><G100/><T73/><D73/><U105/><E105/><V81/><F81/><W108/><G108/><T3/><D70/><U112/><E112/><V24/><F24/><W33/><G33/><T75/><D75/><U0/><E0/><V113/><F113/><W127/><G127/><T59/><D3/><U129/><E129/><V23/><F23/><W5/><G5/><T107/><D107/><U110/><E110/><V133/><F133/><W26/><G65/><T35/><D35/><U79/><E79/><V18/><F18/><N who="3" m="10567" /><G26/><T118/><D118/><U15/><E29/><RYUUKYOKU type="nm" ba="3,1" sc="346,120,164,-40,255,-40,225,-40" hai2="10,11,44,50,54,55,56,77,83,86,89,94,99" hai3="36,37,39,52,53,58,61,62,76,78" /><INIT seed="1,4,1,2,3,78" ten="466,124,215,185" oya="1" hai0="55,10,74,95,33,114,118,100,0,46,130,54,105" hai1="122,94,88,111,128,120,44,32,27,57,14,19,99" hai2="41,134,58,135,50,82,12,96,68,20,61,29,18" hai3="69,6,132,126,26,31,36,63,115,2,85,104,133"/><U92/><E128/><V37/><F37/><W52/><G104/><T110/><D114/><U13/><E111/><V71/><F29/><W83/><G115/><T17/><D118/><U77/><E77/><V15/><F96/><W66/><G36/><T117/><D117/><U113/><E113/><V127/><F127/><W98/><G126/><T108/><D105/><U35/><E44/><V3/><F3/><W109/><G109/><T91/><D74/><U45/><E45/><V116/><F116/><W9/><G98/><T25/><D130/><U51/><E94/><V34/><F34/><W56/><G31/><T67/><D67/><U16/><E27/><V80/><F15/><W5/><G5/><T107/><D107/><U48/><E57/><V124/><F124/><W28/><G28/><T65/><D65/><U125/><E125/><V106/><F106/><W70/><G26/><T42/><D33/><U73/><E73/><V11/><F11/><W53/><G53/><T79/><D10/><U97/><E92/><V64/><F41/><W93/><G93/><T86/><D95/><U60/><E60/><V30/><F30/><W38/><G38/><T76/><D110/><U90/><AGARI ba="4,1" hai="13,14,16,19,32,35,48,51,88,90,97,99,120,122" machi="90" ten="25,12000,1" yaku="0,1,22,2,54,2" doraHai="78" who="1" fromWho="1" sc="466,-44,124,142,215,-44,185,-44" /><INIT seed="1,5,0,5,4,15" ten="422,266,171,141" oya="1" hai0="5,13,59,109,39,122,61,134,99,10,84,130,40" hai1="38,101,82,74,51,1,113,55,69,67,90,81,46" hai2="2,52,95,41,8,23,123,48,91,128,132,31,135" hai3="86,43,6,26,45,75,50,20,83,70,106,102,71"/><U60/><E113/><V96/><F123/><W78/><G75/><T110/><D122/><U9/><E101/><V111/><F111/><N who="0" m="42506" /><D134/><N who="2" m="51242" /><F128/><W63/><G63/><T37/><D130/><U121/><E121/><V126/><F126/><W53/><G102/><T34/><D34/><U30/><E30/><V100/><F41/><W68/><G106/><T65/><D40/><U32/><E32/><V80/><F2/><W98/><G98/><T87/><D99/><U120/><E120/><V42/><F42/><W16/><G53/><T56/><D56/><U66/><E66/><V108/><F108/><W64/><G64/><T18/><D5/><U104/><E104/><V58/><F8/><W79/><REACH who="3" step="1"/><G6/><REACH who="3" ten="422,266,171,131" step="2"/><T33/><D33/><U133/><E133/><V115/><F115/><W88/><AGARI ba="5,1" hai="16,20,26,43,45,50,68,70,71,78,79,83,86,88" machi="88" ten="30,12000,2" yaku="1,1,2,1,0,1,52,1,54,2,53,0" doraHai="15" doraHaiUra="24" who="3" fromWho="3" sc="422,-35,266,-65,171,-35,131,145" /><INIT seed="2,0,0,4,1,30" ten="387,201,136,276" oya="2" hai0="95,4,47,34,112,134,38,76,72,90,15,8,65" hai1="42,3,108,92,100,71,117,33,124,107,5,43,32" hai2="59,89,0,135,88,61,18,94,111,73,96,17,123" hai3="105,133,63,87,10,103,21,51,24,97,110,22,13"/><V82/><F123/><W69/><G133/><T57/><D112/><U41/><E117/><V23/><F135/><W119/><G119/><T131/><D134/><U12/><E107/><V93/><F0/><W44/><G110/><T7/><D131/><U113/><E71/><V27/><F111/><W102/><G102/><T28/><D76/><U35/><E108/><V25/><F73/><W81/><G69/><T78/><D78/><U40/><N who="1" m="10752" /><DORA hai="49" /><U83/><E124/><V26/><F82/><W53/><G63/><T77/><D77/><U132/><E132/><V60/><F60/><W86/><G81/><T19/><D72/><U128/><E128/><V70/><F70/><W122/><G122/><T39/><D47/><U79/><E113/><V106/><F106/><W101/><G101/><T62/><D7/><U58/><E3/><V127/><F127/><W114/><G114/><T37/><D4/><U84/><E58/><V74/><F74/><W64/><G64/><T66/><D66/><U121/><E121/><V55/><F17/><W2/><G2/><T80/><D80/><U115/><E115/><V56/><F56/><W46/><G46/><T1/><D1/><U52/><E52/><V16/><F18/><W29/><G22/><T85/><D28/><U118/><E118/><V109/><F109/><W91/><G91/><T54/><D65/><U120/><E120/><V126/><F126/><W98/><G103/><T130/><D130/><U75/><E75/><V67/><F67/><W9/><G105/><T31/><D31/><U125/><E125/><V68/><F68/><RYUUKYOKU ba="0,0" sc="387,15,201,-15,136,15,276,-15" hai0="8,15,19,34,37,38,39,54,57,62,85,90,95" hai2="16,23,25,26,27,55,59,61,88,89,93,94,96" /><INIT seed="2,1,0,1,2,84" ten="402,186,151,261" oya="2" hai0="44,50,49,6,41,95,69,75,101,97,114,135,46" hai1="35,112,11,42,91,115,99,55,7,36,93,126,16" hai2="105,125,96,32,8,68,106,13,30,87,37,78,79" hai3="124,107,100,128,28,24,66,29,118,120,58,83,121"/><V33/><F68/><W23/><G118/><T31/><D75/><U61/><E35/><V1/><F37/><W122/><G124/><T14/><D114/><U98/><E126/><V59/><F1/><W0/><G0/><T74/><D74/><U51/><E36/><V56/><F125/><W88/><G128/><T4/><D135/><U72/><E72/><V116/><F116/><W34/><G100/><T9/><D69/><U52/><E112/><V76/><F30/><W20/><G107/><T27/><D27/><U39/><E39/><V5/><F87/><W57/><G66/><T45/><D31/><U10/><E7/><N who="0" m="2601" /><D41/><U21/><E115/><V2/><F2/><W64/><G64/><T133/><D133/><U119/><E119/><V73/><F73/><W25/><G34/><T130/><D130/><U117/><E117/><V109/><F109/><W26/><G26/><T17/><AGARI ba="1,0" hai="9,14,17,44,45,46,49,50,95,97,101" m="2601" machi="17" ten="30,1100,0" yaku="8,1" doraHai="84" who="0" fromWho="0" sc="402,14,186,-4,151,-6,261,-4" /><INIT seed="3,0,0,3,3,102" ten="416,182,145,257" oya="3" hai0="38,53,124,85,121,7,77,94,79,43,48,61,86" hai1="72,123,9,91,0,25,115,73,135,89,13,71,60" hai2="2,100,16,64,93,18,104,52,19,40,117,125,101" hai3="111,105,37,31,59,46,129,80,47,97,128,39,58"/><W68/><G68/><T87/><D121/><U67/><E0/><V119/><F2/><W98/><G31/><T109/><D109/><U114/><E123/><V82/><F125/><W3/><G3/><T70/><D70/><U95/><E135/><V41/><F64/><W78/><G78/><T4/><D38/><U122/><E122/><V1/><F1/><W29/><G29/><T26/><D26/><U116/><E116/><V14/><F104/><W75/><G75/><T11/><D124/><U83/><E25/><V118/><F82/><W27/><G27/><T96/><D61/><U107/><E107/><V21/><F93/><W51/><G80/><T45/><D43/><U99/><E89/><V66/><F66/><W76/><G76/><N who="0" m="29259" /><D11/><U130/><E130/><V120/><F120/><W32/><G51/><T22/><D22/><U112/><REACH who="1" step="1"/><E83/><REACH who="1" ten="416,172,145,257" step="2"/><V6/><F6/><AGARI ba="0,1" hai="6,9,13,60,67,71,72,73,91,95,99,112,114,115" machi="6" ten="40,2600,0" yaku="1,1,2,1,53,0" doraHai="102" doraHaiUra="30" who="1" fromWho="2" sc="416,0,172,36,145,-26,257,0" owari="416,51.0,208,-19.0,119,-38.0,257,6.0" /></mjloggm>