<mjloggm ver="2.3"><GO type="97" lobby="0"/><UN n0="%6F%2D%6A%75%6E%67%6C%65" n1="%E3%82%A6%E3%83%AB%E3%83%88%E3%83%A9%E7%AB%8B%E7%9B%B4" n2="%E6%9C%88%E5%AE%AE%E5%88%B9%E9%82%A3" n3="%75%73%68%69%6B%6F" dan="14,14,15,14" rate="1890.14,1934.52,2007.30,2037.33" sx="M,M,F,M"/><TAIKYOKU oya="0"/><INIT seed="0,0,0,4,0,33" ten="250,250,250,250" oya="0" hai0="118,63,93,126,49,16,26,58,121,76,74,30,102" hai1="57,113,18,119,52,50,35,116,21,11,27,24,44" hai2="12,90,135,22,96,111,31,54,13,66,122,79,98" hai3="120,131,64,14,106,100,99,88,67,40,45,114,69"/><T80/><D118/><U89/><E113/><V38/><F38/><W94/><G114/><T10/><D121/><U56/><E116/><V20/><F122/><W59/><G131/><T83/><D126/><U23/><E119/><V43/><F135/><W5/><G120/><T68/><D68/><U4/><E35/><V60/><F111/><W110/><G110/><T19/><D80/><U125/><E89/><V87/><F43/><W1/><G14/><N who="2" m="5737" /><F79/><W39/><G59/><T85/><D10/><U29/><REACH who="1" step="1"/><E125/><REACH who="1" ten="250,240,250,250" step="2"/><V124/><F124/><W127/><G127/><T37/><D102/><U130/><E130/><V55/><F96/><W51/><G69/><T129/><D129/><U71/><E71/><V97/><F98/><W78/><G78/><T73/><D74/><U9/><E9/><V112/><F97/><W103/><G106/><T8/><D73/><U2/><AGARI ba="0,1" hai="2,4,11,18,21,23,24,27,29,44,50,52,56,57" machi="2" ten="20,8000,1" yaku="1,1,0,1,7,1,52,1,54,1,53,0" doraHai="33" doraHaiUra="115" who="1" fromWho="1" sc="250,-40,240,90,250,-20,250,-20" /><INIT seed="1,0,0,2,0,45" ten="210,330,230,230" oya="1" hai0="43,2,35,56,73,22,62,86,31,135,131,37,3" hai1="111,24,50,59,88,42,95,113,103,128,9,99,57" hai2="52,27,32,14,39,15,76,66,133,118,28,94,34" hai3="48,101,84,44,60,92,74,71,104,30,114,122,12"/><U21/><E111/><V112/><F118/><W63/><G74/><T0/><D73/><U54/><E113/><V67/><F39/><W116/><G114/><T13/><D35/><U90/><E128/><V127/><F112/><W78/><G116/><T83/><D131/><U19/><E42/><V79/><F34/><W18/><G104/><T108/><D108/><U87/><E9/><V117/><F117/><W120/><G71/><T97/><D135/><U68/><E68/><V26/><F127/><W110/><G110/><T134/><D134/><U64/><E87/><V107/><F107/><W72/><G72/><T11/><D43/><U25/><E25/><V17/><F133/><W126/><G126/><T6/><D37/><U47/><E47/><V96/><F26/><W36/><G36/><T102/><D83/><U4/><E4/><V132/><F132/><W91/><G30/><T41/><D86/><U93/><E93/><V8/><F15/><W75/><G101/><T55/><D41/><U16/><E19/><V1/><F1/><W61/><G78/><T123/><D123/><U40/><E40/><V51/><F76/><W89/><G89/><T106/><D31/><U100/><E90/><V109/><F79/><W98/><G84/><T81/><D81/><U65/><E59/><N who="2" m="33183" /><F109/><W5/><G5/><T58/><D56/><U29/><E29/><V38/><F38/><W119/><G75/><T124/><D124/><U125/><E125/><V130/><F130/><W80/><G80/><T53/><D22/><U7/><E7/><V85/><F85/><W105/><G119/><RYUUKYOKU ba="0,0" sc="210,10,330,10,230,10,230,-30" hai0="0,2,3,6,11,13,53,55,58,62,97,102,106" hai1="16,21,24,50,54,57,64,65,88,95,99,100,103" hai2="8,14,17,27,28,32,66,67,94,96" /><INIT seed="1,1,0,4,2,101" ten="220,340,240,200" oya="1" hai0="125,20,102,87,18,78,91,9,55,46,97,40,8" hai1="25,36,106,116,27,100,111,62,93,47,32,79,96" hai2="109,7,92,16,42,110,70,34,128,88,90,44,43" hai3="103,24,130,99,121,41,66,75,50,30,63,58,29"/><U48/><E116/><V22/><F34/><W108/><G121/><T67/><D125/><U105/><E111/><N who="2" m="42507" /><F128/><W11/><G130/><T39/><D67/><U122/><E122/><V114/><F114/><W98/><G75/><T76/><D55/><U119/><E119/><V6/><F70/><W134/><G134/><T135/><D135/><U52/><E36/><N who="2" m="21575" /><F43/><W12/><G108/><T123/><D123/><U117/><E117/><V38/><F38/><W59/><G99/><T45/><D45/><U77/><E77/><V112/><F112/><W86/><G86/><T21/><D21/><U64/><E79/><V120/><F120/><W49/><G41/><T107/><D78/><U81/><E81/><V131/><F131/><W82/><G82/><T89/><D91/><N who="2" m="34858" /><F92/><W26/><G58/><T80/><REACH who="0" step="1"/><D76/><REACH who="0" ten="210,340,240,200" step="2"/><U65/><E65/><V126/><F126/><W4/><G50/><T132/><D132/><U0/><E32/><V5/><F5/><W85/><G49/><T71/><D71/><U74/><E64/><V53/><F53/><W60/><G63/><T69/><D69/><U124/><E62/><V68/><F68/><W72/><G60/><T115/><D115/><U83/><E124/><V84/><F6/><W56/><G66/><T14/><AGARI ba="1,1" hai="8,9,14,18,20,39,40,46,80,87,89,97,102,107" machi="14" ten="20,5200,0" yaku="1,1,0,1,7,1,52,1,53,0" doraHai="101" doraHaiUra="61" who="0" fromWho="0" sc="210,65,340,-27,240,-14,200,-14" /><INIT seed="2,0,0,0,1,134" ten="275,313,226,186" oya="2" hai0="42,59,116,49,35,48,1,101,6,85,27,96,8" hai1="120,62,16,78,40,65,126,38,108,17,74,57,54" hai2="99,131,44,12,79,45,104,36,28,50,105,14,34" hai3="73,83,66,130,33,69,37,129,110,88,26,94,135"/><V29/><F36/><W51/><G135/><T100/><D116/><U102/><E78/><V21/><F34/><W107/><G107/><T60/><D100/><U9/><E74/><V18/><F131/><N who="3" m="50187" /><G110/><T124/><D85/><U117/><E117/><V4/><F79/><N who="3" m="44527" /><G51/><T19/><D42/><U128/><E102/><V75/><F75/><W23/><G33/><T93/><D124/><U43/><E128/><V22/><F99/><N who="3" m="57799" /><G37/><T109/><D109/><U86/><E108/><V3/><F3/><W20/><G26/><T11/><D35/><U7/><E40/><V15/><F104/><W67/><G69/><T5/><D19/><U46/><E16/><N who="2" m="10399" /><F105/><W121/><G121/><T90/><D27/><U119/><E17/><N who="2" m="10535" /><F4/><W32/><G32/><T70/><D70/><U39/><E39/><V55/><F44/><W115/><G115/><T89/><D49/><U81/><E120/><V24/><F24/><W133/><G133/><T103/><D48/><U127/><E119/><V87/><F87/><W31/><G31/><T56/><D60/><U77/><REACH who="1" step="1"/><E65/><AGARI ba="0,0" hai="20,23,65,66,67" m="57799,44527,50187" machi="65" ten="30,2000,0" yaku="19,1,54,1" doraHai="134" who="3" fromWho="1" sc="275,0,313,-20,226,0,186,20" /><INIT seed="3,0,0,0,2,19" ten="275,293,226,206" oya="3" hai0="75,106,81,120,45,41,33,55,96,77,15,94,127" hai1="76,108,50,125,17,42,131,20,57,5,54,128,63" hai2="80,117,47,124,61,104,83,66,129,90,118,22,56" hai3="62,39,14,11,1,49,103,93,135,44,58,111,67"/><W3/><G135/><T114/><D120/><U113/><E113/><V53/><F104/><W110/><G39/><T23/><D114/><U107/><E107/><V24/><F129/><N who="1" m="49737" /><E125/><V87/><F124/><W52/><G93/><T98/><D33/><U0/><E108/><N who="3" m="41514" /><G103/><T102/><D127/><U92/><E76/><V89/><F118/><W79/><G79/><T34/><D55/><U18/><E18/><AGARI ba="0,0" hai="1,3,11,14,18,44,49,52,58,62,67" m="41514" machi="18" ten="30,5800,0" yaku="14,1,10,1,54,1" doraHai="19" who="3" fromWho="1" sc="275,0,293,-58,226,0,206,58" /><INIT seed="3,1,0,0,0,77" ten="275,235,226,264" oya="3" hai0="45,130,69,36,87,88,8,110,80,124,94,17,106" hai1="116,132,76,134,114,37,104,57,38,49,129,81,98" hai2="71,26,52,40,84,2,122,55,95,24,3,125,51" hai3="82,28,100,13,32,103,111,133,79,121,10,39,30"/><W105/><G39/><T43/><D69/><U29/><E114/><V120/><F71/><W9/><G121/><N who="2" m="46697" /><F125/><W35/><G133/><N who="1" m="51306" /><E29/><N who="3" m="11370" /><G105/><T131/><D106/><U115/><E115/><V44/><F95/><W20/><G111/><T56/><D124/><U19/><E19/><V58/><F84/><N who="3" m="48223" /><G32/><T7/><D17/><U101/><E129/><N who="0" m="49161" /><D110/><U117/><E49/><N who="2" m="30991" /><F40/><W109/><G35/><T21/><D21/><U67/><E57/><V85/><F85/><W48/><G48/><T75/><D56/><U23/><E23/><V47/><F47/><W119/><G119/><N who="1" m="45642" /><E67/><V64/><F64/><W74/><G74/><AGARI ba="1,0" hai="37,38,74,76,81,98,101,104" m="45642,51306" machi="74" ten="30,7700,0" yaku="20,1,12,1,23,1,52,1" doraHai="77" who="1" fromWho="3" sc="275,0,235,80,226,0,264,-80" owari="275,8.0,315,41.0,226,-17.0,184,-32.0" /></mjloggm>