<mjloggm ver="2.3"><GO type="193" lobby="0"/><UN n0="%E5%B0%B1%E6%B4%BB%E7%94%9F%40%E5%B7%9D%E6%9D%91%E8%BB%8D%E5%9B%A3" n1="%E3%81%A4%E3%81%A1%E3%82%84%E3%81%93%E3%81%86%E3%81%9F" n2="%E3%81%AA%E3%81%BE%E3%82%80%E3%81%9D" n3="%36%38%31%36%39%30%37%37" dan="12,10,12,13" rate="1790.72,1796.01,1660.43,1801.23" sx="M,M,M,M"/><TAIKYOKU oya="0"/><INIT seed="0,0,0,5,2,42" ten="250,250,250,250" oya="0" hai0="17,103,125,19,66,127,110,131,112,77,108,79,50" hai1="11,91,14,128,57,54,89,101,107,0,23,111,9" hai2="34,58,51,69,41,46,117,30,10,120,98,115,5" hai3="81,135,71,45,43,36,7,44,35,85,20,126,72"/><T25/><D112/><U8/><E128/><V4/><F115/><W67/><G35/><T100/><D66/><U82/><E111/><N who="0" m="42537" /><D50/><U56/><E0/><V39/><F120/><W47/><G135/><T86/><D131/><U68/><E68/><V96/><F117/><W78/><G85/><T99/><D100/><U40/><E40/><V118/><F118/><W49/><G20/><N who="0" m="13455" /><D19/><U62/><E57/><V6/><F69/><W53/><G126/><N who="0" m="48139" /><D86/><U109/><E101/><V21/><F96/><W59/><G7/><T134/><D134/><U130/><E109/><V65/><F98/><W28/><G28/><T70/><D70/><U37/><E37/><V3/><F30/><W106/><G106/><AGARI ba="0,0" hai="77,79,99,103,106" m="48139,13455,42537" machi="106" ten="30,5800,0" yaku="14,1,10,1,18,1" doraHai="42" who="0" fromWho="3" sc="250,58,250,0,250,0,250,-58" /><INIT seed="0,1,0,2,4,90" ten="308,250,250,192" oya="0" hai0="64,129,36,107,72,37,79,24,82,27,55,47,70" hai1="105,101,44,113,38,7,20,8,58,39,120,87,92" hai2="45,34,81,86,65,119,67,54,121,29,91,40,102" hai3="26,31,99,135,16,74,109,35,13,32,51,131,85"/><T50/><D107/><U98/><E120/><V133/><F121/><W100/><G74/><T124/><D124/><U6/><E113/><V89/><F133/><W59/><G135/><T95/><D129/><U5/><E58/><V103/><F119/><W80/><G131/><T127/><D127/><U125/><E125/><V112/><F112/><W11/><G109/><T118/><D118/><U0/><E20/><V63/><F29/><W18/><G35/><T28/><D27/><U83/><E105/><V1/><F1/><W2/><G2/><T49/><D95/><U117/><E117/><V52/><F34/><W41/><G41/><T106/><D106/><U14/><E0/><V84/><F45/><W97/><G18/><T130/><D130/><U77/><REACH who="1" step="1"/><E44/><REACH who="1" ten="308,240,250,192" step="2"/><V42/><F63/><W56/><G51/><T23/><D70/><U108/><E108/><V73/><REACH who="2" step="1"/><F81/><REACH who="2" ten="308,240,240,192" step="2"/><W111/><G111/><T60/><D47/><U15/><E15/><V19/><F19/><AGARI ba="1,2" hai="5,6,7,8,14,19,38,39,77,83,87,92,98,101" machi="19" ten="40,5200,0" yaku="1,1,52,1,53,1" doraHai="90" doraHaiUra="75" who="1" fromWho="2" sc="308,0,240,75,240,-55,192,0" /><INIT seed="1,0,0,4,5,121" ten="308,315,185,192" oya="1" hai0="98,68,12,129,18,107,41,71,57,63,74,44,67" hai1="130,0,38,52,58,93,85,59,1,26,33,114,60" hai2="94,70,13,24,20,77,117,113,122,42,61,65,119" hai3="30,29,47,89,15,66,88,19,104,3,95,109,4"/><U72/><E114/><V55/><F122/><W28/><G104/><T10/><D74/><U128/><E72/><V131/><F42/><W54/><G66/><T36/><D129/><N who="1" m="49771" /><E38/><V76/><F131/><W53/><G3/><T87/><D107/><U32/><E59/><V75/><F113/><W11/><G4/><T64/><D64/><U124/><E124/><V126/><F126/><W27/><G27/><T97/><D87/><U9/><E9/><V83/><F13/><W96/><G47/><T106/><REACH who="0" step="1"/><D106/><REACH who="0" ten="298,315,185,192" step="2"/><U108/><E108/><V50/><F117/><W23/><G109/><T14/><D14/><U120/><E120/><V135/><F119/><W79/><G11/><T40/><D40/><U62/><E85/><V39/><F75/><W43/><G43/><T49/><D49/><U92/><E62/><V82/><F39/><W115/><G115/><T90/><D90/><U6/><E0/><V16/><F76/><W78/><G89/><T8/><D8/><N who="1" m="2127" /><E26/><V46/><F77/><AGARI ba="0,1" hai="15,19,23,28,29,30,53,54,77,78,79,88,95,96" machi="77" ten="40,2600,0" yaku="8,1,54,1" doraHai="121" who="3" fromWho="2" sc="298,0,315,0,185,-26,192,36" /><INIT seed="2,0,0,0,1,123" ten="298,315,159,228" oya="2" hai0="20,79,78,117,44,80,36,7,41,31,8,27,58" hai1="9,63,101,1,130,122,39,87,54,131,69,3,98" hai2="40,42,129,13,56,34,133,53,93,38,66,4,104" hai3="125,91,65,22,19,132,64,16,29,21,25,96,0"/><V119/><F119/><W100/><G0/><T33/><D117/><U37/><E122/><V109/><F104/><W14/><G125/><T120/><D120/><U10/><E87/><V110/><F34/><W75/><G75/><T11/><D79/><U52/><E63/><V81/><F81/><W112/><G112/><T49/><D33/><U76/><E76/><V67/><F133/><W83/><G132/><T59/><D11/><U68/><E101/><V35/><F35/><W48/><G29/><T134/><D134/><U90/><E98/><V74/><F74/><W118/><G118/><T111/><D111/><N who="2" m="42506" /><F129/><W5/><G5/><T26/><D26/><U28/><E28/><V97/><F38/><W135/><G135/><T106/><D106/><U51/><E51/><N who="2" m="30783" /><F13/><W18/><G18/><T32/><D32/><U127/><E90/><N who="2" m="55479" /><F4/><W126/><G126/><AGARI ba="0,0" hai="1,3,9,10,37,39,52,54,68,69,126,127,130,131" machi="126" ten="25,3200,0" yaku="22,2,54,1" doraHai="123" who="1" fromWho="3" sc="298,0,315,32,159,0,228,-32" /><INIT seed="3,0,0,2,3,25" ten="298,347,159,196" oya="3" hai0="112,5,36,126,8,3,63,60,45,98,51,59,130" hai1="119,55,68,41,28,95,57,79,89,87,35,99,15" hai2="77,53,26,50,44,33,31,122,6,117,111,115,128" hai3="62,4,17,113,65,18,129,83,86,24,30,125,73"/><W102/><G73/><T118/><D118/><U39/><E68/><V70/><F115/><W100/><G113/><T123/><D123/><U127/><E127/><V38/><F117/><W124/><G4/><T134/><D112/><U2/><E2/><V71/><F111/><W109/><G109/><T107/><D126/><N who="3" m="48745" /><G129/><T54/><D130/><U19/><E119/><V23/><F128/><W108/><G108/><T37/><D134/><U76/><E39/><V11/><F122/><W88/><G102/><T22/><D63/><U16/><E41/><V74/><F38/><W64/><G100/><T81/><D107/><U1/><E1/><V27/><F74/><W67/><G62/><T12/><D98/><U101/><E28/><V82/><F77/><N who="1" m="29769" /><E35/><AGARI ba="0,0" hai="17,18,24,30,35,64,65,67,83,86,88" m="48745" machi="35" ten="30,5800,0" yaku="18,1,52,1,54,1" doraHai="25" who="3" fromWho="1" sc="298,0,347,-58,159,0,196,58" /><INIT seed="3,1,0,1,4,105" ten="298,289,159,254" oya="3" hai0="100,10,119,52,79,72,107,128,47,80,132,84,101" hai1="48,130,29,89,26,30,96,117,87,14,77,98,118" hai2="51,133,15,88,112,2,86,121,70,35,135,3,44" hai3="126,65,116,17,55,46,61,129,69,97,76,6,18"/><W115/><G116/><N who="1" m="44650" /><E130/><V78/><F112/><W68/><G115/><T33/><D119/><U71/><E71/><V56/><F70/><W0/><G69/><T66/><D33/><N who="1" m="20663" /><E30/><V108/><F35/><W1/><G129/><T39/><D128/><U75/><E14/><V21/><F108/><W4/><G76/><T32/><D32/><U90/><E48/><V125/><F56/><W127/><G97/><N who="1" m="37482" /><E75/><V95/><F121/><W131/><G131/><T45/><D132/><N who="2" m="50762" /><F125/><N who="3" m="47627" /><G55/><T91/><D66/><U53/><E53/><N who="2" m="29927" /><F78/><W7/><G46/><T92/><D107/><U124/><E124/><V59/><F59/><W57/><G68/><T64/><D64/><U114/><E114/><V49/><F49/><W62/><G62/><T85/><D72/><U109/><E109/><V102/><F102/><N who="0" m="39530" /><D39/><U9/><E9/><V16/><AGARI ba="1,0" hai="2,3,15,16,21,86,88,95" m="29927,50762" machi="16" ten="30,4000,0" yaku="20,1,54,2" doraHai="105" who="2" fromWho="2" sc="298,-11,289,-11,159,43,254,-21" /><INIT seed="4,0,0,1,1,65" ten="287,278,202,233" oya="0" hai0="44,90,48,108,71,103,50,31,101,129,18,20,34" hai1="85,82,6,12,10,95,116,96,112,43,113,83,58" hai2="69,28,33,75,25,102,125,77,86,97,22,98,55" hai3="56,91,11,45,123,79,128,2,32,121,9,19,15"/><T105/><D129/><U52/><E116/><V30/><F125/><W54/><G32/><T78/><D108/><U61/><E43/><V47/><F75/><W39/><G79/><T53/><D71/><U1/><E1/><V68/><F98/><W135/><G128/><T109/><D109/><U119/><E119/><V81/><F30/><W127/><G135/><T36/><D36/><U23/><E23/><V134/><F33/><W41/><G127/><T117/><D117/><U106/><E106/><V70/><F134/><W80/><G2/><T27/><D78/><U63/><E63/><V21/><F55/><W14/><G91/><T115/><D115/><N who="1" m="44107" /><E85/><V7/><F22/><W114/><G80/><T131/><D131/><U133/><E133/><V122/><F7/><W67/><G67/><T5/><D5/><U57/><E57/><V62/><F47/><W24/><G24/><T35/><D105/><U8/><E8/><V16/><F28/><W92/><G92/><T76/><D76/><U72/><E72/><V49/><F49/><W4/><REACH who="3" step="1"/><G114/><REACH who="3" ten="287,278,202,223" step="2"/><T110/><D110/><U89/><AGARI ba="0,1" hai="6,10,12,52,58,61,82,83,89,95,96" m="44107" machi="89" ten="30,4000,0" yaku="15,1,11,1,54,1" doraHai="65" who="1" fromWho="1" sc="287,-20,278,50,202,-10,223,-10" owari="267,7.0,328,43.0,192,-31.0,213,-19.0" /></mjloggm>