<mjloggm ver="2.3"><GO type="97" lobby="0"/><UN n0="%73%61%6C%74%79%64%6F%67" n1="%E3%82%B3%E3%83%9F" n2="%E3%82%A6%E3%83%AB%E3%83%88%E3%83%A9%E7%AB%8B%E7%9B%B4" n3="%6F%74%61%32" dan="14,15,15,14" rate="1929.02,1994.33,1990.49,1984.21" sx="M,M,M,M"/><TAIKYOKU oya="0"/><INIT seed="0,0,0,3,1,106" ten="250,250,250,250" oya="0" hai0="17,70,2,18,66,73,104,78,82,124,28,130,114" hai1="31,127,62,61,128,102,7,103,116,110,15,63,56" hai2="58,96,48,25,34,101,74,109,8,38,64,92,49" hai3="79,88,105,26,119,80,6,75,42,16,35,33,90"/><T118/><D114/><U120/><E116/><V51/><F38/><W94/><G119/><T126/><D118/><U76/><E120/><V57/><F109/><W27/><G105/><T84/><D2/><U125/><E110/><V23/><F34/><W12/><G90/><T43/><D43/><U121/><E121/><V131/><F131/><W20/><G35/><T91/><D28/><U134/><E31/><V54/><F74/><W95/><G95/><N who="0" m="54759" /><D66/><U46/><E46/><V30/><F8/><W72/><G42/><T55/><D55/><U83/><E134/><V29/><F29/><W100/><G100/><N who="1" m="38442" /><E128/><V81/><F81/><W85/><G6/><T107/><D70/><U14/><E56/><V68/><F68/><W111/><G111/><T117/><D130/><U65/><E65/><V22/><F22/><W135/><G135/><T108/><D117/><U59/><E59/><V123/><F123/><W115/><G115/><T50/><D108/><U24/><E7/><V52/><F54/><W40/><G40/><T86/><D50/><U36/><E36/><V32/><F32/><W99/><G33/><T113/><D113/><U11/><E11/><V60/><AGARI ba="0,0" hai="23,25,30,48,49,51,52,57,58,60,64,92,96,101" machi="60" ten="30,8000,1" yaku="0,1,25,2,8,1,54,1" doraHai="106" who="2" fromWho="2" sc="250,-40,250,-20,250,80,250,-20" /><INIT seed="1,0,0,5,4,113" ten="210,230,330,230" oya="1" hai0="42,122,53,130,31,121,115,35,93,92,89,21,84" hai1="45,75,4,112,13,133,79,55,23,44,96,27,18" hai2="100,15,135,86,73,77,65,110,41,48,19,59,39" hai3="24,7,33,38,32,51,99,111,124,10,134,74,6"/><U90/><E112/><V91/><F39/><W109/><G74/><T125/><D42/><U70/><E70/><V101/><F110/><N who="3" m="41995" /><G38/><T58/><D35/><N who="3" m="13385" /><G51/><T28/><D115/><U49/><E133/><V123/><F135/><W43/><G43/><T57/><D130/><U128/><E128/><V36/><F36/><W108/><G134/><T82/><D125/><U25/><E79/><V64/><F77/><W2/><G99/><T116/><D58/><N who="1" m="33135" /><E75/><V78/><F78/><W97/><G97/><T71/><D71/><U132/><E132/><V22/><F73/><W30/><N who="3" m="42003" /><W52/><DORA hai="56" /><G52/><T72/><D72/><U47/><E4/><V114/><F114/><W66/><G66/><N who="2" m="25705" /><F123/><N who="0" m="47114" /><D92/><AGARI ba="0,0" hai="13,18,23,25,27,44,45,47,90,92,96" m="33135" machi="92" ten="30,1500,0" yaku="8,1" doraHai="113,56" who="1" fromWho="0" sc="210,-15,230,15,330,0,230,0" /><INIT seed="1,1,0,5,4,130" ten="195,245,330,230" oya="1" hai0="96,90,82,125,103,58,65,19,44,17,24,54,134" hai1="10,62,67,93,28,16,83,13,51,128,123,50,132" hai2="39,120,101,12,41,61,97,100,40,25,59,80,71" hai3="119,74,110,47,27,133,112,0,38,81,88,68,56"/><U106/><E123/><V91/><F71/><W109/><G112/><T36/><D125/><U4/><E106/><V29/><F120/><W55/><G68/><T73/><D65/><U46/><E128/><V31/><F12/><W15/><G0/><T95/><D103/><N who="2" m="39498" /><F39/><W8/><G27/><T66/><D66/><U86/><E28/><V63/><F63/><W48/><G119/><T43/><D24/><U94/><E4/><V9/><F9/><W113/><G113/><T34/><D34/><U84/><E132/><V52/><F29/><W30/><G30/><T85/><D134/><U70/><E84/><N who="2" m="50567" /><F97/><W107/><G133/><T22/><D73/><U53/><REACH who="1" step="1"/><E51/><REACH who="1" ten="195,235,330,230" step="2"/><V118/><F118/><W49/><G107/><T131/><D131/><U7/><E7/><V117/><F117/><W20/><G38/><T26/><D19/><U124/><E124/><V87/><F87/><N who="3" m="50287" /><G74/><T89/><D36/><U35/><E35/><V11/><F31/><W108/><G49/><T32/><D32/><U42/><E42/><V126/><F41/><W98/><G98/><T111/><D43/><U104/><E104/><V75/><F40/><W3/><G3/><T99/><D96/><U1/><E1/><V23/><F75/><W78/><G110/><T77/><D111/><U122/><E122/><V2/><F2/><W57/><G109/><T79/><D44/><U5/><E5/><V129/><F129/><W18/><G108/><T121/><D121/><U14/><E14/><V127/><F127/><W76/><G20/><T105/><D105/><U21/><E21/><V45/><F23/><RYUUKYOKU ba="1,1" sc="195,10,235,10,330,-30,230,10" hai0="17,22,26,54,58,77,79,82,85,89,90,95,99" hai1="10,13,16,46,50,53,62,67,70,83,86,93,94" hai3="8,15,18,47,48,55,56,57,76,78" /><INIT seed="1,2,1,1,3,41" ten="205,245,300,240" oya="1" hai0="113,102,101,107,59,66,98,22,39,38,12,111,53" hai1="81,86,37,27,84,103,60,10,99,58,19,0,65" hai2="130,108,83,55,116,126,87,92,90,129,80,127,14" hai3="82,2,45,122,24,44,47,26,124,69,54,106,97"/><U21/><E37/><V135/><F14/><W94/><G122/><T77/><D113/><U109/><E109/><V96/><F55/><W6/><G106/><T105/><D111/><U31/><E81/><N who="2" m="31307" /><F108/><W95/><G69/><T13/><D66/><U78/><E78/><V115/><F116/><W79/><G2/><T34/><D34/><U64/><E64/><V50/><F50/><N who="3" m="28999" /><G6/><T52/><D77/><U89/><E89/><V119/><F119/><W40/><G40/><T20/><D59/><U128/><E128/><N who="2" m="49259" /><F115/><W75/><G124/><N who="2" m="47657" /><F87/><N who="3" m="48607" /><G95/><T1/><D1/><U5/><REACH who="1" step="1"/><E19/><REACH who="1" ten="205,235,300,240" step="2"/><V23/><F135/><W33/><G75/><T11/><D39/><U18/><E18/><V121/><F121/><W49/><G33/><T30/><D38/><U32/><E32/><V36/><F36/><W133/><G133/><T73/><D73/><U67/><E67/><V9/><F90/><N who="3" m="55511" /><G49/><T112/><D112/><U110/><E110/><V42/><F96/><W35/><G35/><T85/><D98/><U46/><E46/><AGARI ba="2,2" hai="24,26,45,46,47" m="55511,48607,28999" machi="46" ten="30,8000,1" yaku="8,1,52,4" doraHai="41" who="3" fromWho="1" sc="205,0,235,-86,300,0,240,106" /><INIT seed="2,0,0,2,1,99" ten="205,149,300,346" oya="2" hai0="134,15,80,118,65,67,50,104,127,52,64,89,124" hai1="131,45,72,38,102,128,6,7,97,56,1,77,74" hai2="84,21,120,23,117,111,113,119,34,101,11,88,48" hai3="55,3,32,83,106,16,51,121,20,62,19,95,47"/><V2/><F34/><W10/><G106/><T39/><D104/><U69/><E69/><V22/><F113/><W13/><G32/><T61/><D15/><U27/><E27/><V42/><F120/><W82/><G3/><T105/><D105/><U86/><E56/><V44/><F111/><W30/><G30/><T110/><D89/><U43/><E86/><V81/><F2/><W109/><G121/><T85/><D85/><U40/><E40/><V29/><F117/><W123/><G123/><T9/><D9/><U12/><E12/><V91/><F119/><W4/><G109/><T68/><D80/><U93/><E7/><V125/><F125/><N who="0" m="48202" /><D110/><U76/><E76/><N who="2" m="46119" /><F29/><W63/><G4/><T58/><D118/><U129/><REACH who="1" step="1"/><E77/><REACH who="1" ten="205,139,300,346" step="2"/><V108/><F108/><W59/><G59/><T24/><D24/><U0/><E0/><V126/><F126/><W75/><G75/><T92/><D39/><U98/><E98/><V103/><F11/><AGARI ba="0,1" hai="1,6,11,38,43,45,72,74,93,97,102,128,129,131" machi="11" ten="40,8000,1" yaku="1,1,19,1,52,1,53,1" doraHai="99" doraHaiUra="90" who="1" fromWho="2" sc="205,0,139,90,300,-80,346,0" /><INIT seed="3,0,0,4,3,58" ten="205,229,220,346" oya="3" hai0="66,92,18,67,14,35,107,99,134,98,21,39,57" hai1="78,121,40,113,110,11,117,29,9,85,1,96,64" hai2="108,122,54,81,8,31,46,30,45,62,20,12,50" hai3="32,95,133,88,60,61,105,128,52,80,131,79,0"/><W104/><G32/><T102/><D39/><U53/><E121/><V19/><F108/><W49/><G0/><T23/><D35/><U97/><E113/><V68/><F122/><W28/><G28/><N who="2" m="10793" /><F68/><W5/><G5/><T51/><D134/><U37/><E110/><V89/><F62/><N who="3" m="24171" /><G133/><T118/><D118/><U115/><E64/><V106/><F106/><W70/><G70/><T10/><D107/><U2/><E2/><V82/><F46/><N who="3" m="27703" /><G80/><T129/><D129/><N who="3" m="49737" /><G79/><T71/><D71/><U111/><E78/><V91/><F82/><W26/><G26/><T4/><D4/><U44/><E1/><V84/><F8/><W17/><G17/><T123/><D123/><U94/><E11/><V72/><F72/><W6/><G6/><T38/><D10/><U24/><E9/><V48/><F48/><W16/><G16/><T86/><D23/><U114/><E24/><V124/><F124/><W55/><G55/><N who="0" m="31999" /><D21/><U22/><E22/><V25/><F25/><W43/><G43/><T112/><D18/><U109/><E40/><V47/><F47/><W120/><G120/><T69/><D69/><U59/><E44/><V7/><F7/><W3/><G3/><T73/><D14/><U42/><E42/><V74/><F74/><W41/><G41/><T90/><D112/><U63/><E114/><V101/><F12/><W15/><G15/><T135/><D73/><U56/><E115/><V36/><F36/><W100/><G100/><N who="0" m="60487" /><D38/><U126/><E37/><V75/><F101/><W76/><G76/><T27/><D135/><U132/><E132/><V93/><F75/><RYUUKYOKU ba="0,0" sc="205,-10,229,-10,220,-10,346,30" hai3="88,95,104,105" owari="195,-30.0,219,2.0,210,-19.0,376,47.0" /></mjloggm>