<mjloggm ver="2.3"><GO type="41" lobby="0"/><UN n0="%E3%83%AB%E3%83%B3%E3%83%A1%E3%83%8B%E3%82%B2" n1="%E3%82%BB%E3%82%A4%E3%83%90%EF%BD%9E" n2="%E3%81%B9%E3%81%AB%E3%81%8F%E3%82%93" n3="%E5%B0%B1%E6%B4%BB%E7%94%9F%40%E5%B7%9D%E6%9D%91%E8%BB%8D%E5%9B%A3" dan="14,15,15,13" rate="1921.20,1962.69,2003.49,1857.72" sx="M,M,F,M"/><TAIKYOKU oya="0"/><INIT seed="0,0,0,5,5,125" ten="250,250,250,250" oya="0" hai0="16,33,5,23,26,47,79,52,63,100,38,46,61" hai1="66,104,45,86,75,114,119,29,54,2,17,55,37" hai2="88,76,25,64,31,111,49,13,99,56,69,21,74" hai3="7,62,126,50,60,87,41,103,18,36,113,28,24"/><T22/><D33/><U78/><E104/><V93/><F111/><W59/><G126/><T135/><D38/><U129/><E119/><V0/><F0/><W109/><G109/><T106/><D135/><U15/><E114/><V20/><F69/><W107/><G113/><T42/><D5/><U122/><E122/><V123/><F123/><W48/><G7/><T115/><D115/><U132/><E2/><V44/><F74/><W133/><G133/><T6/><D6/><U94/><E132/><V134/><F134/><W131/><G60/><N who="0" m="23115" /><D106/><U102/><E75/><V83/><F64/><W34/><G36/><T95/><D42/><U67/><E37/><V97/><F56/><W127/><G127/><T80/><D23/><U121/><E29/><V35/><F13/><W90/><G107/><T51/><D80/><U77/><E121/><V124/><F124/><W85/><G103/><T130/><D79/><U101/><E15/><V8/><F8/><W19/><G85/><T39/><D39/><U116/><E116/><V81/><F97/><W9/><G41/><T53/><D47/><U43/><E17/><V92/><F92/><W27/><G19/><T10/><D10/><U40/><E94/><V110/><F110/><W3/><G3/><T68/><D68/><U98/><E45/><V73/><REACH who="2" step="1"/><F83/><REACH who="2" ten="250,250,240,250" step="2"/><W112/><G112/><T91/><D95/><U4/><E98/><V117/><F117/><W14/><G27/><T1/><D1/><U105/><E105/><V118/><F118/><W32/><G9/><T30/><D26/><U71/><E71/><V65/><F65/><RYUUKYOKU ba="0,1" sc="250,-10,250,-10,240,30,250,-10" hai2="20,21,25,31,35,44,49,73,76,81,88,93,99" /><INIT seed="1,1,1,1,1,63" ten="240,240,270,240" oya="1" hai0="95,50,66,118,52,45,29,123,5,31,44,28,11" hai1="19,115,8,90,100,41,111,120,105,75,79,132,35" hai2="101,30,81,91,119,24,18,42,48,94,13,72,124" hai3="88,73,130,84,134,128,6,20,108,96,135,103,76"/><U78/><E35/><V37/><F119/><W62/><G6/><T112/><D118/><U2/><E120/><V133/><F37/><W33/><G33/><T57/><D112/><U92/><E41/><V54/><F42/><W99/><G62/><N who="0" m="38223" /><D123/><U1/><E115/><V127/><F133/><N who="3" m="50699" /><G20/><T27/><D95/><U67/><E132/><V65/><F101/><W21/><G21/><N who="0" m="15471" /><D44/><U74/><E19/><V107/><F107/><N who="3" m="63975" /><G99/><T22/><D22/><U43/><E43/><V36/><F30/><W59/><G59/><T116/><D116/><U109/><E8/><V17/><F17/><W53/><G53/><T106/><D106/><U16/><E16/><V0/><F0/><W125/><G125/><T93/><D93/><U122/><E2/><V10/><F94/><N who="3" m="54535" /><G108/><T104/><D104/><U83/><E1/><V46/><F54/><W56/><G56/><T39/><D39/><U60/><E122/><V47/><F36/><W9/><G9/><T49/><D49/><U12/><E12/><AGARI ba="1,1" hai="5,11,12,29,31,45,50,52" m="15471,38223" machi="12" ten="30,3900,0" yaku="8,1,52,1,54,1" doraHai="63" who="0" fromWho="1" sc="240,52,240,-42,270,0,240,0" /><INIT seed="2,0,0,1,3,33" ten="292,198,270,240" oya="2" hai0="50,45,2,110,3,75,114,111,22,119,63,29,86" hai1="109,21,126,6,92,51,35,122,91,46,79,129,57" hai2="47,130,10,93,84,15,85,16,76,32,87,105,58" hai3="26,59,27,34,5,69,66,125,42,40,49,20,116"/><V81/><F105/><W102/><G116/><T103/><D75/><U11/><E122/><V28/><F130/><W18/><G69/><T55/><D114/><U1/><E109/><N who="0" m="41481" /><D119/><U133/><E129/><V67/><F32/><W14/><G125/><T95/><D63/><U52/><E133/><V60/><F28/><W96/><G26/><N who="0" m="16599" /><D103/><U44/><E126/><V39/><REACH who="2" step="1"/><F93/><REACH who="2" ten="292,198,260,240" step="2"/><W134/><G134/><T12/><D95/><U106/><E35/><V113/><F113/><W23/><G34/><T73/><D73/><U120/><E106/><V78/><F78/><W13/><G102/><T0/><D86/><U77/><E120/><V97/><F97/><W19/><G96/><T128/><D128/><U135/><E79/><V83/><F83/><W99/><G99/><T4/><D12/><U54/><E77/><V8/><F8/><AGARI ba="0,1" hai="0,2,3,4,8,45,50,55" m="16599,41481" machi="8" ten="30,7700,0" yaku="14,1,52,3" doraHai="33" who="0" fromWho="2" sc="292,87,198,0,260,-77,240,0" /><INIT seed="3,0,0,1,4,95" ten="379,198,183,240" oya="3" hai0="67,31,35,37,17,124,22,92,13,113,32,75,40" hai1="127,135,52,89,3,123,41,119,27,83,38,4,72" hai2="57,94,36,86,91,99,9,121,24,114,122,116,30" hai3="1,44,0,79,5,108,6,26,81,20,132,97,84"/><W93/><G132/><T64/><D75/><U115/><E135/><V109/><F109/><W2/><G108/><T29/><D113/><U107/><E107/><V60/><F114/><W128/><G128/><T59/><D37/><U10/><E123/><N who="2" m="47115" /><F116/><W43/><G20/><T33/><D40/><U69/><E119/><V105/><F36/><W74/><G26/><T46/><D46/><U49/><E127/><V62/><F9/><W58/><G58/><T48/><D124/><U71/><E115/><V117/><F117/><W101/><REACH who="3" step="1"/><G74/><REACH who="3" ten="379,198,183,230" step="2"/><T78/><D22/><U51/><E27/><V110/><F110/><W133/><G133/><T47/><D35/><U125/><E125/><V18/><F57/><W54/><G54/><T87/><D59/><U53/><E69/><V103/><F18/><W134/><G134/><T12/><D17/><U61/><E71/><V50/><F50/><AGARI ba="0,1" hai="0,1,2,5,6,43,44,50,79,81,84,93,97,101" machi="50" ten="40,3900,0" yaku="1,1,52,1,53,0" doraHai="95" doraHaiUra="66" who="3" fromWho="2" sc="379,0,198,0,183,-39,230,49" /><INIT seed="3,1,0,2,2,135" ten="379,198,144,279" oya="3" hai0="52,115,8,112,3,87,133,31,38,127,84,39,75" hai1="10,16,109,14,95,54,37,40,129,26,5,23,120" hai2="63,35,32,86,134,48,68,71,19,113,114,128,108" hai3="118,6,104,94,119,97,17,22,43,33,12,47,81"/><W2/><G104/><T102/><D75/><U36/><E120/><V110/><F86/><N who="0" m="32810" /><D31/><U49/><E129/><V69/><F134/><W99/><G33/><N who="2" m="12873" /><F128/><W15/><G2/><T83/><D102/><U72/><E72/><V30/><F30/><W53/><G81/><T70/><D70/><U74/><E74/><V0/><F0/><W107/><G107/><T73/><D133/><U103/><E109/><N who="2" m="42091" /><F48/><W25/><G97/><T123/><D123/><U122/><E122/><V55/><F19/><W29/><G6/><N who="0" m="1119" /><D83/><U41/><E37/><V121/><F121/><W80/><G80/><T24/><D73/><U116/><E36/><V76/><F76/><W62/><G15/><T132/><D132/><U96/><REACH who="1" step="1"/><E116/><REACH who="1" ten="379,188,144,279" step="2"/><V105/><F105/><W42/><G119/><T82/><D39/><U85/><E85/><V79/><F79/><W64/><G118/><T60/><D38/><U58/><AGARI ba="1,1" hai="5,10,14,16,23,26,40,41,49,54,58,95,96,103" machi="58" ten="20,8000,1" yaku="1,1,0,1,7,1,8,1,54,1,53,0" doraHai="135" doraHaiUra="67" who="1" fromWho="1" sc="379,-21,188,93,144,-21,279,-41" /><INIT seed="4,0,0,0,3,25" ten="358,281,123,238" oya="0" hai0="134,121,127,72,103,90,112,101,51,113,123,135,107" hai1="13,37,92,40,84,108,23,26,4,33,52,95,96" hai2="79,35,81,128,5,49,45,98,117,34,116,94,58" hai3="30,68,9,21,36,54,97,39,27,109,118,41,20"/><T99/><D51/><U8/><E108/><V10/><F128/><W114/><G109/><T29/><D127/><U119/><E119/><N who="2" m="45643" /><F58/><W62/><G118/><T80/><D29/><U86/><E40/><N who="2" m="24743" /><F94/><W76/><G114/><N who="0" m="44139" /><D103/><U17/><E37/><V77/><F98/><W56/><G76/><N who="2" m="29257" /><F81/><W89/><G41/><T102/><D102/><U64/><E64/><V131/><F131/><W91/><G68/><T133/><D72/><U104/><E104/><V50/><F50/><W63/><G36/><T53/><D53/><U67/><E67/><V132/><F132/><W38/><G38/><T2/><D2/><AGARI ba="0,0" hai="2,5,10,34,35" m="29257,24743,45643" machi="2" ten="30,1000,0" yaku="12,1" doraHai="25" who="2" fromWho="0" sc="358,-10,281,0,123,10,238,0" /><INIT seed="5,0,0,2,0,72" ten="348,281,133,238" oya="1" hai0="46,99,82,47,89,45,26,101,83,92,122,17,6" hai1="81,51,19,0,1,84,128,127,104,5,80,121,22" hai2="36,11,64,93,106,42,96,124,132,28,18,59,54" hai3="48,75,32,34,111,100,2,85,66,76,114,116,49"/><U10/><E104/><V115/><F132/><W123/><G2/><T35/><D122/><U43/><E121/><V27/><F124/><W62/><G75/><T39/><D6/><U105/><E105/><V12/><F106/><W110/><G123/><T44/><D39/><U103/><E128/><V79/><F115/><W56/><G116/><T113/><D113/><U55/><E127/><V67/><F79/><W91/><G114/><T50/><D35/><U78/><E103/><V134/><F134/><W33/><G100/><T25/><D101/><U107/><E107/><V74/><F74/><W61/><G61/><T21/><REACH who="0" step="1"/><D26/><REACH who="0" ten="338,281,133,238" step="2"/><U97/><E0/><V65/><F36/><W70/><G111/><T63/><D63/><U102/><E43/><AGARI ba="0,1" hai="17,21,25,43,44,45,46,47,50,82,83,89,92,99" machi="43" ten="40,2600,0" yaku="1,1,8,1,53,0" doraHai="72" doraHaiUra="126" who="0" fromWho="1" sc="338,36,281,-26,133,0,238,0" /><INIT seed="6,0,0,1,2,68" ten="374,255,133,238" oya="2" hai0="33,80,112,83,64,48,53,111,26,24,49,117,113" hai1="132,5,4,51,73,87,1,52,74,45,108,120,40" hai2="17,85,130,134,76,10,70,55,41,13,133,31,103" hai3="14,46,124,29,38,115,42,99,88,78,47,71,21"/><V95/><F130/><W37/><G71/><T30/><D117/><U102/><E108/><V106/><F106/><W54/><G78/><T72/><D111/><U97/><E120/><V0/><F70/><W57/><G124/><T89/><D64/><U39/><E132/><N who="2" m="50795" /><F41/><W18/><G115/><N who="0" m="44107" /><D26/><U15/><E87/><V131/><F131/><W110/><G110/><T114/><D114/><U84/><E84/><V105/><F105/><W66/><G66/><T93/><D72/><U77/><E15/><V107/><F107/><W75/><G75/><T104/><D104/><U60/><E60/><V90/><F103/><W94/><G29/><T122/><D122/><U61/><E61/><V43/><F43/><W92/><G92/><T127/><D127/><U119/><E119/><V36/><F31/><W98/><G46/><N who="0" m="27799" /><D49/><U67/><E67/><V135/><N who="2" m="50803" /><V50/><DORA hai="129" /><F0/><W22/><G38/><T8/><D8/><U11/><E4/><V100/><F100/><W19/><G54/><T59/><D59/><U28/><E28/><V34/><F34/><W25/><REACH who="3" step="1"/><G57/><REACH who="3" ten="374,255,133,228" step="2"/><T63/><D93/><U58/><E77/><V7/><F76/><W109/><G109/><T116/><D116/><U32/><E74/><V81/><F36/><W3/><G3/><T96/><D83/><U86/><E73/><V27/><F81/><W125/><G125/><T23/><D80/><U16/><E1/><V82/><F82/><W128/><G128/><T65/><D65/><U126/><E39/><V35/><F55/><W121/><G121/><T2/><D2/><U56/><E126/><RYUUKYOKU ba="0,1" sc="374,-10,255,-10,133,-10,228,30" hai3="14,18,19,21,22,25,37,42,47,88,94,98,99" /><INIT seed="7,1,1,3,4,108" ten="364,245,123,258" oya="3" hai0="120,99,123,29,10,87,47,19,103,100,49,42,66" hai1="75,84,36,26,1,0,13,50,106,97,58,96,32" hai2="73,45,88,57,104,44,31,67,46,3,40,132,117" hai3="61,131,85,109,9,121,90,30,80,34,128,23,69"/><W118/><G34/><T12/><D103/><U93/><E36/><V101/><F117/><W18/><G118/><T2/><D2/><U111/><E111/><V119/><F119/><W59/><G121/><T48/><D29/><U60/><E75/><V21/><F73/><W8/><G69/><T14/><D66/><U124/><E124/><V22/><F3/><W63/><G109/><T116/><D116/><U51/><E106/><V16/><F132/><W86/><G30/><T112/><D49/><U77/><E77/><V114/><F114/><W113/><G113/><T74/><D74/><U27/><E13/><V15/><F104/><W37/><G37/><T133/><D133/><U35/><E84/><V82/><F101/><W91/><G128/><T83/><D14/><U79/><E79/><V107/><F107/><W43/><G43/><T11/><D11/><U55/><E93/><V72/><F72/><W54/><G63/><T135/><D112/><U25/><E60/><V39/><F67/><W33/><G33/><T7/><D135/><U6/><E6/><V127/><F127/><W64/><G64/><T130/><D7/><U62/><E1/><V129/><F129/><W41/><G41/><T71/><D130/><U20/><E0/><V52/><F40/><W78/><G78/><T65/><D123/><U76/><E76/><V95/><F82/><W110/><G110/><T53/><D120/><U4/><E4/><V24/><F39/><W122/><G122/><T70/><D65/><U81/><E35/><V92/><F88/><W126/><G131/><T134/><D134/><RYUUKYOKU ba="1,1" sc="364,-10,245,-10,123,30,258,-10" hai2="15,16,21,22,24,31,44,45,46,52,57,92,95" owari="364,46.0,235,-16.0,153,-35.0,248,5.0" /></mjloggm>