<mjloggm ver="2.3"><GO type="169" lobby="0"/><UN n0="%E3%82%B5%E3%83%B3%E3%83%9E%E9%81%93%E6%A5%BD%E4%BB%A3%E8%A1%A8" n1="%E6%96%B0%E5%AE%BF%E6%96%B9%E9%9D%A2" n2="%EF%BC%84%E3%83%8A%E3%83%8A%E3%82%B7%E3%83%BC%EF%BF%A5" n3="%E3%82%A6%E3%83%AB%E3%83%88%E3%83%A9%E7%AB%8B%E7%9B%B4" dan="16,17,16,17" rate="2075.99,2150.33,2073.20,2195.80" sx="M,M,M,M"/><TAIKYOKU oya="0"/><INIT seed="0,0,0,5,3,84" ten="250,250,250,250" oya="0" hai0="119,112,110,64,63,71,83,79,82,122,115,16,42" hai1="17,93,28,98,39,10,25,27,124,29,35,68,11" hai2="94,105,129,6,31,22,131,3,74,75,30,130,60" hai3="132,78,70,69,40,126,80,127,118,116,61,4,12"/><T57/><D122/><U54/><E124/><N who="3" m="47658" /><G40/><T100/><D119/><U81/><E39/><V5/><F105/><W66/><G70/><T18/><D100/><U67/><E81/><V97/><F60/><W45/><G45/><T72/><D110/><U73/><E73/><N who="2" m="27659" /><F22/><W87/><G132/><T44/><D83/><U101/><E17/><V90/><F3/><W117/><G12/><T96/><D96/><U128/><E128/><V20/><F20/><W107/><G4/><AGARI ba="0,0" hai="4,5,6,30,31,90,94,97,129,130,131" m="27659" machi="4" ten="40,2600,0" yaku="19,1,52,1" doraHai="84" who="2" fromWho="3" sc="250,0,250,0,250,26,250,-26" /><INIT seed="1,0,0,3,4,31" ten="250,250,276,224" oya="1" hai0="60,70,107,53,103,112,85,121,84,96,81,101,44" hai1="24,33,97,20,55,122,0,79,110,130,50,19,8" hai2="47,13,26,15,93,3,114,106,18,102,125,100,58" hai3="12,68,104,56,111,116,105,41,10,32,86,51,90"/><U95/><E122/><V43/><F3/><W48/><G68/><T77/><D112/><U7/><E130/><V72/><F106/><W115/><G115/><T99/><D70/><U73/><E110/><V117/><F72/><W69/><G69/><T11/><D11/><U123/><E123/><V57/><F114/><W54/><G111/><T27/><D27/><U5/><E5/><V132/><F117/><W37/><G37/><T133/><D60/><U59/><E73/><V120/><F120/><W98/><G98/><T118/><D121/><U40/><E79/><V131/><F131/><W71/><G71/><T45/><D53/><U38/><E38/><V28/><F132/><W119/><G32/><T6/><D6/><U129/><E129/><V42/><F125/><W113/><G113/><T4/><D4/><U46/><E33/><V91/><F102/><W66/><G66/><T17/><D17/><U128/><E128/><V62/><F100/><W75/><G75/><T1/><D1/><U67/><E67/><V9/><F15/><W124/><G124/><T135/><D118/><N who="3" m="45097" /><G41/><T30/><D30/><U49/><E97/><V39/><F43/><W14/><G48/><T109/><D109/><U83/><E83/><V35/><F62/><W29/><G29/><T74/><D44/><U52/><E40/><V78/><F78/><W23/><G23/><T2/><D45/><U88/><E95/><V34/><F34/><W65/><G65/><T126/><D126/><U82/><E82/><V87/><AGARI ba="0,0" hai="9,13,18,26,28,35,39,42,47,57,58,87,91,93" machi="87" ten="20,2700,0" yaku="0,1,7,1,52,1" doraHai="31" who="2" fromWho="2" sc="250,-7,250,-13,276,27,224,-7" /><INIT seed="2,0,0,3,0,0" ten="243,237,303,217" oya="2" hai0="100,98,124,36,96,127,26,113,95,1,133,61,60" hai1="85,116,25,130,23,30,33,49,32,135,77,86,8" hai2="4,115,58,5,88,69,22,62,41,14,19,11,107" hai3="117,134,2,108,75,102,46,70,118,74,80,104,76"/><V132/><F69/><W45/><G70/><T90/><D36/><U51/><E116/><V99/><F115/><W72/><G46/><T24/><D113/><U55/><E135/><V65/><F132/><W54/><G54/><T120/><D120/><U87/><E130/><V40/><F107/><W114/><G45/><T79/><D79/><U39/><E39/><V15/><F4/><W111/><G2/><T13/><D13/><U35/><E77/><V57/><F58/><W94/><G94/><AGARI ba="0,0" hai="5,11,14,15,19,22,40,41,57,62,65,88,94,99" machi="94" ten="40,7700,0" yaku="8,1,52,1,54,1" doraHai="0" who="2" fromWho="3" sc="243,0,237,0,303,77,217,-77" /><INIT seed="2,1,0,1,0,37" ten="243,237,380,140" oya="2" hai0="110,114,62,127,49,16,41,116,124,83,3,1,85" hai1="73,113,43,12,128,70,78,87,66,54,108,131,50" hai2="71,97,13,118,112,133,82,84,100,56,15,121,6" hai3="20,102,36,5,92,117,93,58,60,106,115,4,34"/><V126/><F121/><W48/><G36/><T75/><D75/><U65/><E73/><V77/><F71/><W11/><G34/><T28/><D28/><U132/><E113/><V130/><F112/><W45/><G117/><T91/><D114/><U103/><E103/><V9/><F118/><W104/><G115/><T80/><D110/><U44/><E78/><V26/><F133/><W135/><G135/><T51/><D83/><U22/><E87/><V74/><F130/><N who="1" m="49705" /><E132/><V35/><F126/><N who="0" m="48170" /><D51/><U38/><E108/><V24/><F74/><W39/><G39/><T129/><D62/><N who="1" m="40279" /><E12/><V31/><F26/><W107/><G102/><T47/><D116/><U19/><E22/><V119/><F119/><W25/><G20/><T76/><D76/><U79/><E79/><V53/><F15/><W42/><G25/><T46/><D129/><U95/><E95/><V105/><F56/><W67/><REACH who="3" step="1"/><G5/><REACH who="3" ten="243,237,380,130" step="2"/><T94/><D1/><AGARI ba="1,1" hai="1,4,11,42,45,48,58,60,67,92,93,104,106,107" machi="1" ten="40,5200,0" yaku="1,1,2,1,52,1,53,0" doraHai="37" doraHaiUra="68" who="3" fromWho="0" sc="243,-55,237,0,380,0,130,65" /><INIT seed="3,0,0,5,5,2" ten="188,237,380,195" oya="3" hai0="107,135,119,60,6,97,61,65,112,4,31,68,33" hai1="69,111,19,104,84,20,59,37,72,41,106,70,66" hai2="18,52,27,115,13,124,44,117,34,94,118,39,129" hai3="83,38,57,17,40,63,126,74,50,43,75,78,55"/><W93/><G38/><T122/><D122/><U87/><E72/><V46/><F115/><W51/><G126/><T3/><D3/><U85/><E111/><V47/><F39/><W54/><G75/><T132/><D61/><U90/><E90/><V89/><F129/><W42/><G93/><T98/><D98/><U131/><E131/><V49/><F124/><W58/><REACH who="3" step="1"/><G17/><REACH who="3" ten="188,237,380,185" step="2"/><T120/><D120/><U67/><E37/><V102/><F118/><W53/><G53/><T56/><D119/><U86/><E41/><V11/><F117/><W28/><G28/><T79/><D112/><U103/><E106/><V116/><F116/><W15/><G15/><T8/><D31/><U95/><E104/><V0/><F0/><W134/><G134/><T109/><D107/><U25/><E67/><V24/><F94/><W45/><AGARI ba="0,1" hai="40,42,43,45,50,51,54,55,57,58,63,74,78,83" machi="45" ten="30,3000,0" yaku="1,1,0,1,53,0" doraHai="2" doraHaiUra="9" who="3" fromWho="3" sc="188,-10,237,-10,380,-10,185,40" /><INIT seed="3,1,0,1,5,106" ten="178,227,370,225" oya="3" hai0="30,96,119,29,83,8,98,77,101,91,115,1,15" hai1="43,65,121,99,68,100,7,123,112,70,13,32,116" hai2="114,67,41,125,56,38,24,23,74,60,58,42,118" hai3="51,94,49,46,36,2,129,105,62,69,10,122,45"/><W89/><G105/><T47/><D1/><U128/><E112/><V84/><F74/><W82/><G82/><T28/><D119/><U64/><E32/><V95/><F114/><W97/><G122/><T20/><D91/><U35/><E35/><V40/><F118/><W92/><G36/><T52/><D20/><U93/><E116/><V110/><F110/><W50/><G129/><T90/><D101/><U9/><E43/><V71/><F38/><W66/><G2/><T17/><D115/><U57/><E57/><V111/><F111/><W18/><G10/><T131/><D131/><U113/><E113/><V103/><F125/><W107/><G107/><T133/><D133/><U124/><E124/><V6/><F6/><W73/><G73/><T4/><D4/><U33/><E33/><V22/><F22/><W37/><G37/><T5/><D5/><U72/><E72/><V59/><F71/><W88/><REACH who="3" step="1"/><G18/><REACH who="3" ten="178,227,370,215" step="2"/><T3/><D3/><U21/><E128/><V85/><F95/><W102/><G102/><T34/><D77/><U39/><E39/><V76/><F103/><W11/><G11/><T104/><D104/><U134/><E123/><V135/><F76/><W27/><G27/><T130/><D130/><U53/><E121/><V31/><F135/><W117/><G117/><T108/><D108/><U127/><E134/><V109/><F109/><W86/><AGARI ba="1,1" hai="45,46,49,50,51,62,66,69,86,88,89,92,94,97" machi="86" ten="30,6000,0" yaku="1,1,0,1,54,1,53,0" doraHai="106" doraHaiUra="14" who="3" fromWho="3" sc="178,-21,227,-21,370,-21,215,73" /><INIT seed="3,2,0,5,3,13" ten="157,206,349,288" oya="3" hai0="26,110,37,34,120,90,47,59,119,105,6,70,121" hai1="4,92,91,24,103,12,64,75,38,99,55,88,115" hai2="46,85,79,69,80,78,0,58,33,94,72,40,96" hai3="114,63,100,56,87,98,107,11,125,82,108,3,83"/><W127/><G114/><T95/><D105/><U50/><E115/><V27/><F69/><W18/><G3/><T51/><D70/><U35/><E75/><V19/><F0/><W53/><G108/><T23/><D110/><U65/><E38/><V42/><F72/><W122/><G122/><T31/><D6/><U52/><E35/><V8/><F33/><W106/><G106/><T32/><D119/><U17/><E24/><V30/><F78/><W48/><G48/><T123/><D59/><N who="1" m="33175" /><E55/><V10/><F58/><W128/><G128/><T77/><D37/><U41/><E41/><N who="2" m="15979" /><F46/><W73/><G73/><T117/><D77/><U118/><E4/><V102/><F30/><W7/><G7/><T76/><D76/><U20/><E118/><V57/><F57/><W49/><G63/><T71/><D71/><U101/><E91/><V93/><F93/><W22/><G11/><T14/><D117/><U97/><E97/><V104/><F104/><W5/><G5/><T131/><D131/><U25/><E25/><V129/><F129/><W134/><G134/><T9/><D51/><U81/><E81/><V28/><F28/><W2/><G2/><T124/><D47/><U133/><E133/><V132/><F132/><W1/><G1/><T16/><REACH who="0" step="1"/><D124/><REACH who="0" ten="147,206,349,288" step="2"/><U89/><E89/><V29/><F79/><N who="3" m="46559" /><G125/><T74/><D74/><U84/><E99/><AGARI ba="2,1" hai="9,14,16,23,26,31,32,34,90,95,99,120,121,123" machi="99" ten="40,8000,1" yaku="1,1,52,1,54,1,53,1" doraHai="13" doraHaiUra="86" who="0" fromWho="1" sc="147,96,206,-86,349,0,288,0" /><INIT seed="4,0,0,1,4,122" ten="243,120,349,288" oya="0" hai0="119,59,26,72,60,34,53,66,80,103,64,78,9" hai1="28,71,91,5,31,20,109,76,8,39,21,93,56" hai2="55,102,67,111,23,86,89,108,35,121,90,24,27" hai3="46,29,1,25,133,33,7,112,99,123,110,6,94"/><T124/><D119/><U75/><E71/><V84/><F121/><W117/><G117/><T100/><D124/><U43/><E109/><V77/><F77/><W106/><G106/><T15/><D64/><U14/><E39/><V32/><F67/><W10/><G123/><T79/><D79/><U82/><E43/><V134/><F102/><W98/><G110/><T0/><D0/><U44/><E44/><V45/><F45/><W104/><G104/><T120/><D120/><U114/><E114/><V126/><F23/><W37/><G112/><T4/><REACH who="0" step="1"/><D66/><REACH who="0" ten="233,120,349,288" step="2"/><U70/><E70/><V115/><F126/><W85/><G1/><T38/><D38/><U95/><E56/><V40/><F115/><W96/><G37/><T3/><D3/><U74/><E74/><V127/><F127/><W73/><G73/><T42/><D42/><U16/><E21/><V36/><F36/><W87/><G46/><T63/><D63/><U58/><E58/><V52/><F40/><W131/><G33/><T18/><D18/><U13/><REACH who="1" step="1"/><E95/><REACH who="1" ten="233,110,349,288" step="2"/><V118/><F118/><W61/><G94/><T50/><D50/><U105/><E105/><V41/><F41/><W57/><G61/><T17/><D17/><U132/><E132/><AGARI ba="0,2" hai="24,27,32,35,52,55,84,86,89,90,108,111,132,134" machi="132" ten="25,8000,1" yaku="22,2,52,2,54,1" doraHai="122" who="2" fromWho="1" sc="233,0,110,-80,349,100,288,0" /><INIT seed="5,0,0,1,4,4" ten="233,30,449,288" oya="1" hai0="51,26,2,74,45,84,122,48,18,13,59,62,127" hai1="69,111,93,119,115,49,103,116,106,108,135,63,57" hai2="88,31,67,8,36,58,22,27,79,15,95,105,52" hai3="78,133,94,25,55,32,129,56,100,87,6,126,66"/><U99/><E49/><N who="2" m="30991" /><F105/><W112/><G112/><T9/><D74/><U107/><E69/><V33/><F33/><W98/><G126/><T68/><D68/><U75/><E115/><V102/><F36/><W90/><G129/><T132/><D132/><U83/><E135/><V41/><F41/><W34/><G66/><T120/><D127/><U5/><E5/><N who="2" m="3471" /><F67/><W80/><G133/><T89/><D2/><U60/><E60/><V14/><F79/><W121/><G121/><T113/><D26/><U39/><E39/><V134/><F134/><W7/><G34/><T76/><D76/><N who="1" m="44447" /><E57/><V82/><F82/><W71/><G71/><T16/><D18/><U85/><E63/><V130/><F130/><W0/><G0/><T10/><D113/><U54/><E54/><V61/><F61/><N who="3" m="35999" /><G32/><T1/><D62/><U72/><E72/><V124/><F124/><W30/><G30/><T77/><D59/><U43/><E43/><V20/><F102/><W91/><G25/><T118/><D77/><U17/><E17/><V40/><F40/><W114/><G114/><T109/><D48/><U24/><E24/><V86/><F22/><W12/><G6/><N who="0" m="1231" /><D118/><N who="1" m="45099" /><E107/><V21/><F20/><W97/><G7/><T104/><D104/><U65/><E65/><V125/><F125/><W3/><G3/><T123/><D51/><U70/><E70/><V28/><F14/><W81/><G12/><T23/><D45/><U44/><E44/><V11/><F11/><W50/><G50/><T53/><D23/><U92/><E106/><V47/><F47/><W110/><G78/><T35/><D123/><RYUUKYOKU ba="0,0" sc="233,-15,30,15,449,15,288,-15" hai1="85,92,93,99,103,108,111" hai2="21,27,28,31,86,88,95" /><INIT seed="5,1,0,4,1,26" ten="218,45,464,273" oya="1" hai0="113,12,104,40,90,61,93,85,46,97,127,24,131" hai1="109,103,14,53,28,19,126,72,89,70,8,122,4" hai2="123,106,57,87,121,130,16,135,78,1,31,7,73" hai3="117,71,115,81,0,107,80,36,76,35,6,125,42"/><U82/><E122/><V37/><F106/><W132/><RYUUKYOKU type="yao9" ba="1,0" sc="218,0,45,0,464,0,273,0" hai3="0,6,35,36,42,71,76,80,81,107,115,117,125,132" /><INIT seed="5,2,0,5,1,130" ten="218,45,464,273" oya="1" hai0="90,87,64,111,60,97,118,95,8,132,125,124,61" hai1="109,44,88,36,67,33,17,72,16,27,2,127,39" hai2="70,121,12,10,7,20,113,106,14,99,92,123,108" hai3="42,114,102,75,77,84,112,110,28,104,135,76,128"/><U80/><E2/><V58/><F106/><W55/><G42/><T35/><D111/><U82/><E109/><V40/><F70/><W91/><G55/><T52/><D35/><U24/><E67/><V4/><F108/><W21/><G21/><T115/><D118/><U68/><E72/><V32/><F32/><W131/><G28/><T57/><D115/><N who="3" m="44073" /><G110/><T65/><D8/><U86/><E33/><V73/><F73/><W100/><G75/><T29/><D29/><U30/><E68/><V120/><F113/><W93/><G135/><T51/><D132/><U54/><E30/><V103/><F40/><W56/><G56/><T94/><D61/><U79/><E54/><V0/><F4/><W49/><G49/><T31/><D31/><U126/><E44/><V11/><F11/><W5/><G5/><T23/><D23/><U81/><E39/><V129/><F129/><N who="3" m="49739" /><G102/><T66/><REACH who="0" step="1"/><D60/><REACH who="0" ten="208,45,464,273" step="2"/><U38/><E17/><V46/><F20/><W85/><G84/><T62/><D62/><U107/><E16/><V9/><F7/><W63/><G63/><T134/><D134/><U41/><E41/><V15/><F0/><W26/><G26/><T101/><AGARI ba="2,1" hai="51,52,57,64,65,66,87,90,94,95,97,101,124,125" machi="101" ten="30,4000,0" yaku="1,1,0,1,54,1,53,0" doraHai="130" doraHaiUra="6" who="0" fromWho="0" sc="208,56,45,-22,464,-12,273,-12" /><INIT seed="6,0,0,4,1,10" ten="264,23,452,261" oya="2" hai0="80,103,17,116,34,122,43,29,49,92,130,24,60" hai1="45,39,76,127,131,96,98,50,36,121,12,94,86" hai2="42,5,66,18,21,107,14,4,13,75,32,68,35" hai3="87,38,22,59,46,125,117,88,72,31,102,77,55"/><V115/><F107/><W126/><G102/><T6/><D122/><U25/><E121/><V64/><F75/><W129/><G117/><T9/><D130/><U41/><E131/><V79/><F79/><W7/><G129/><T110/><D110/><U83/><E127/><N who="3" m="48650" /><G77/><T132/><D132/><U28/><E39/><V104/><F104/><W99/><G99/><T84/><D60/><U57/><E36/><V58/><F68/><W108/><G72/><T69/><D69/><U78/><E78/><V40/><F115/><W119/><G119/><T0/><D103/><U120/><E120/><V3/><F3/><W71/><G71/><T105/><D92/><U48/><E57/><V52/><F35/><W124/><G108/><T51/><D105/><U128/><E50/><N who="2" m="30999" /><F32/><W118/><G118/><T37/><D37/><U63/><E63/><V23/><F4/><W53/><G7/><T90/><D43/><N who="2" m="16426" /><F23/><W11/><G46/><T33/><D33/><U85/><E128/><V8/><AGARI ba="0,0" hai="5,8,13,14,18,21,64,66" m="16426,30999" machi="8" ten="30,11700,0" yaku="8,1,52,2,54,1" doraHai="10" who="2" fromWho="2" sc="264,-39,23,-39,452,117,261,-39" owari="225,3.0,-16,-52.0,569,67.0,222,-18.0" /></mjloggm>