<mjloggm ver="2.3"><GO type="97" lobby="0"/><UN n0="%36%4E%39" n1="%E5%93%B2%E5%AD%A6%E3%81%99%E3%82%8B%E9%BA%BB%E9%9B%80" n2="%E3%82%81%E3%81%8C%EF%BC%93" n3="%E5%B0%B1%E6%B4%BB%E7%94%9F%40%E5%B7%9D%E6%9D%91%E8%BB%8D%E5%9B%A3" dan="13,15,15,13" rate="1854.57,2002.08,1947.59,1882.78" sx="M,M,M,M"/><TAIKYOKU oya="0"/><INIT seed="0,0,0,4,2,83" ten="250,250,250,250" oya="0" hai0="44,58,82,38,31,25,84,43,93,78,9,46,19" hai1="0,21,113,65,107,86,80,71,8,106,15,1,17" hai2="14,85,131,109,11,6,66,73,4,112,2,27,59" hai3="54,13,61,75,60,37,79,87,116,132,133,51,20"/><T26/><D58/><U103/><E113/><V90/><F112/><W63/><G37/><T64/><D64/><U69/><E1/><V53/><F73/><W16/><G116/><T57/><D44/><U89/><E65/><V56/><F109/><W22/><G75/><T68/><D68/><U115/><E115/><V18/><F131/><W42/><G42/><T55/><D31/><U48/><E48/><N who="2" m="30759" /><F2/><W10/><G132/><T70/><D70/><U34/><E34/><V28/><F28/><W129/><G129/><T74/><D74/><U33/><E33/><V135/><F27/><W128/><G128/><T99/><D19/><U41/><E41/><V39/><F39/><W101/><G101/><T120/><D9/><U29/><E29/><V96/><F96/><W134/><G134/><T95/><D95/><U23/><E23/><V126/><F126/><W127/><G127/><T50/><REACH who="0" step="1"/><D120/><REACH who="0" ten="240,250,250,250" step="2"/><U104/><E107/><V30/><F30/><W40/><G133/><T130/><D130/><U125/><E106/><V3/><F135/><W94/><G40/><T5/><D5/><U100/><E104/><V36/><F59/><N who="3" m="33247" /><G94/><T114/><D114/><U47/><E69/><V76/><F66/><W45/><G45/><T7/><D7/><U92/><E71/><V62/><F6/><W67/><G67/><T111/><D111/><U97/><E125/><V98/><F4/><W49/><G49/><T121/><D121/><U124/><E124/><V108/><F108/><W118/><G118/><T122/><D122/><U32/><E47/><V88/><F11/><W110/><G110/><RYUUKYOKU ba="0,1" sc="240,15,250,-15,250,-15,250,15" hai0="25,26,38,43,46,50,55,57,78,82,84,93,99" hai3="10,13,16,20,22,60,61,63,79,87" /><INIT seed="0,1,1,1,4,115" ten="255,235,235,265" oya="0" hai0="106,5,12,50,81,39,66,82,76,18,98,57,71" hai1="120,118,110,13,53,16,54,113,107,25,9,100,27" hai2="109,48,92,22,132,42,135,0,112,35,29,56,86" hai3="93,72,114,105,21,3,19,99,133,89,38,14,4"/><T78/><D39/><U108/><E120/><V116/><F112/><W15/><G114/><T6/><D71/><U2/><E113/><V119/><F0/><W44/><G72/><T94/><D106/><U45/><E2/><V47/><F35/><W49/><G38/><T7/><D81/><U32/><E118/><N who="2" m="45099" /><F109/><N who="1" m="42089" /><E32/><V1/><F1/><W102/><G133/><N who="2" m="51273" /><F56/><W67/><G67/><T101/><D78/><U23/><E45/><V26/><F92/><W80/><G3/><T51/><D18/><U59/><E59/><V43/><F86/><N who="3" m="50375" /><G105/><T85/><D12/><U127/><E107/><V103/><F42/><N who="3" m="24727" /><G4/><T36/><D36/><U128/><E13/><AGARI ba="1,1" hai="13,14,15,19,21,93,99,102" m="24727,50375" machi="13" ten="30,1000,0" yaku="8,1" doraHai="115" who="3" fromWho="1" sc="255,0,235,-13,235,0,265,23" /><INIT seed="1,0,0,3,2,78" ten="255,222,235,288" oya="1" hai0="71,62,106,11,15,129,64,5,39,1,72,34,51" hai1="103,105,125,121,53,43,83,44,33,135,24,107,86" hai2="26,98,57,56,91,132,12,82,61,127,54,9,100" hai3="126,94,115,88,30,104,114,22,23,52,0,111,70"/><U97/><E121/><V131/><F132/><W116/><G104/><T67/><D129/><U120/><E120/><V37/><F37/><W16/><G114/><T80/><D39/><U118/><E118/><V102/><F131/><W48/><G70/><T17/><D67/><U85/><E135/><V41/><F41/><W6/><G116/><T32/><D106/><U75/><E75/><V133/><F133/><W73/><G115/><T89/><D51/><U55/><E125/><V35/><F127/><W8/><G126/><T20/><REACH who="0" step="1"/><D89/><REACH who="0" ten="245,222,235,288" step="2"/><U69/><E105/><V74/><F91/><W21/><G111/><T29/><D29/><U60/><E107/><V42/><F102/><W7/><G30/><T108/><D108/><U65/><E65/><V99/><F100/><W59/><G73/><T109/><D109/><U10/><E103/><V66/><F74/><W63/><G48/><T123/><D123/><U119/><E119/><V112/><F112/><W50/><G50/><T58/><D58/><U95/><E69/><V96/><F57/><W79/><G79/><AGARI ba="0,1" hai="1,5,11,15,17,20,32,34,62,64,71,72,79,80" machi="79" ten="40,2600,0" yaku="1,1,52,1,53,0" doraHai="78" doraHaiUra="38" who="0" fromWho="3" sc="245,36,222,0,235,0,288,-26" /><INIT seed="2,0,0,4,4,33" ten="281,222,235,262" oya="2" hai0="17,47,28,112,23,131,49,68,61,95,36,20,9" hai1="100,16,79,101,13,70,93,119,11,105,102,35,108" hai2="74,25,44,103,83,64,31,121,0,129,32,63,14" hai3="30,75,26,110,2,72,19,24,41,56,52,118,8"/><V39/><F121/><W18/><G118/><T76/><D131/><U5/><E119/><V104/><F14/><W6/><G110/><T82/><D36/><U120/><E105/><V60/><F60/><W113/><G41/><T90/><D28/><U89/><E70/><N who="2" m="42271" /><F129/><W38/><G38/><T46/><D46/><U130/><E130/><V127/><F127/><W58/><G113/><T27/><D9/><U67/><E108/><V91/><F91/><W80/><G58/><T94/><D90/><U57/><E79/><N who="2" m="44535" /><F0/><W117/><G117/><T10/><D61/><N who="1" m="38319" /><E35/><V12/><F12/><W50/><G24/><T51/><D68/><U42/><E120/><V97/><F44/><W111/><G111/><T106/><D49/><U134/><E42/><V54/><F54/><W73/><REACH who="3" step="1"/><G80/><REACH who="3" ten="281,222,235,252" step="2"/><T22/><D112/><U99/><E134/><V34/><F34/><AGARI ba="0,1" hai="2,6,8,18,19,26,30,34,50,52,56,72,73,75" machi="34" ten="40,8000,1" yaku="1,1,2,1,52,1,54,1,53,0" doraHai="33" doraHaiUra="78" who="3" fromWho="2" sc="281,0,222,0,235,-80,252,90" /><INIT seed="3,0,0,0,5,76" ten="281,222,155,342" oya="3" hai0="11,82,51,94,59,107,80,47,15,111,0,118,116" hai1="40,14,132,119,99,63,125,115,89,96,24,42,38" hai2="114,98,65,34,55,74,105,5,81,113,29,70,121" hai3="92,117,21,36,101,68,16,44,110,126,102,6,75"/><W120/><G68/><T33/><D107/><U124/><E115/><V95/><F121/><W128/><G75/><T10/><D33/><U109/><E109/><V58/><F5/><W37/><G110/><T35/><D35/><U66/><E132/><V97/><F97/><W71/><G71/><T103/><D0/><U72/><E119/><V22/><F105/><W56/><G6/><T49/><D111/><U135/><E72/><V23/><F23/><W50/><G128/><T90/><D103/><U54/><E135/><V39/><F39/><W104/><G104/><T30/><D30/><U20/><E54/><V64/><F34/><W12/><G126/><N who="1" m="48746" /><E14/><V83/><F70/><W77/><G77/><T133/><D133/><U79/><E79/><V88/><F113/><W13/><G120/><T2/><D2/><U45/><E40/><V122/><F122/><W26/><G117/><T4/><D11/><U18/><E89/><V52/><F74/><W106/><G106/><T91/><D91/><U87/><E87/><V32/><F32/><W43/><G36/><T131/><D131/><U129/><E129/><V19/><F114/><W84/><G102/><T7/><D7/><U93/><E93/><V57/><F29/><W62/><G37/><T86/><D118/><U28/><E28/><V78/><F78/><W17/><G17/><T112/><D112/><U48/><E38/><V27/><F55/><W85/><G84/><T130/><D130/><U123/><E123/><V53/><F53/><W41/><G41/><N who="0" m="24815" /><D116/><U127/><N who="1" m="48754" /><U108/><DORA hai="67" /><E108/><V60/><F64/><RYUUKYOKU ba="0,0" sc="281,10,222,10,155,10,342,-30" hai0="4,10,15,51,59,80,82,86,90,94" hai1="18,20,24,42,45,48,63,66,96,99" hai2="19,22,27,52,57,58,60,65,81,83,88,95,98" owari="291,9.0,232,-17.0,165,-33.0,312,41.0" /></mjloggm>