<mjloggm ver="2.3"><GO type="41" lobby="0"/><UN n0="%E7%8B%A9%2D%67%61%72%69%2D" n1="%E5%B0%B1%E6%B4%BB%E7%94%9F%40%E5%B7%9D%E6%9D%91%E8%BB%8D%E5%9B%A3" n2="%E5%9C%9F%E6%B5%A6%E5%BD%A9%E8%8F%9C" n3="%E3%83%90%E3%83%83%E3%82%AD%E3%83%BC" dan="14,15,15,14" rate="1937.81,2004.55,1980.97,1931.87" sx="F,M,F,M"/><TAIKYOKU oya="0"/><INIT seed="0,0,0,4,4,97" ten="250,250,250,250" oya="0" hai0="13,102,39,79,63,2,135,16,67,22,42,74,128" hai1="38,93,83,49,94,72,78,85,117,47,111,19,28" hai2="65,8,20,133,4,86,43,35,40,71,62,21,33" hai3="37,18,123,95,122,101,53,75,57,70,11,109,60"/><T30/><D2/><U15/><E111/><V129/><F129/><W82/><G37/><T89/><D128/><U17/><E117/><V64/><F133/><W87/><G75/><T130/><D130/><U132/><E38/><V125/><F125/><W121/><G70/><T104/><D135/><U7/><E132/><V58/><F71/><W12/><G109/><T10/><D74/><U107/><E107/><V32/><F86/><W59/><G57/><T114/><D79/><U9/><E28/><V110/><F110/><W113/><G113/><T131/><D131/><U105/><E105/><V55/><F65/><W54/><G54/><T108/><D114/><U26/><E72/><V69/><F40/><W14/><G14/><T6/><D108/><U48/><E48/><V96/><F96/><N who="3" m="59551" /><G87/><T80/><D30/><U112/><E112/><V29/><F43/><W31/><G31/><T25/><D42/><U120/><E120/><V92/><F92/><W124/><G124/><T118/><D39/><U34/><E34/><V23/><F29/><W3/><G3/><T24/><D118/><U100/><E26/><V106/><F106/><W77/><G82/><T27/><D104/><U115/><E115/><V84/><F84/><W1/><G1/><T98/><D80/><U99/><E94/><V90/><F90/><W119/><G119/><T66/><D89/><U81/><REACH who="1" step="1"/><E83/><REACH who="1" ten="250,240,250,250" step="2"/><V126/><F126/><W103/><G77/><T56/><D66/><U52/><AGARI ba="0,1" hai="7,9,15,17,19,47,49,52,78,81,85,93,99,100" machi="52" ten="20,16000,3" yaku="1,1,2,1,0,1,7,1,8,1,52,1,54,1,53,1" doraHai="97" doraHaiUra="0" who="1" fromWho="1" sc="250,-80,240,170,250,-40,250,-40" /><INIT seed="1,0,0,2,2,59" ten="170,410,210,210" oya="1" hai0="118,132,102,21,121,83,76,106,94,44,72,115,36" hai1="103,73,46,122,10,23,64,110,27,63,93,70,81" hai2="7,39,98,43,120,128,117,52,0,6,58,1,50" hai3="125,13,77,20,99,135,47,108,91,124,84,9,82"/><U37/><E122/><V25/><F120/><W74/><G108/><T24/><D121/><U56/><E110/><V68/><F117/><W8/><G135/><T109/><D109/><U92/><E73/><V126/><F126/><N who="3" m="48747" /><G99/><T26/><D118/><U90/><E10/><V22/><F128/><W11/><G47/><T55/><D115/><U79/><E70/><V113/><F113/><W3/><G20/><T19/><D132/><U17/><E37/><V51/><F68/><W34/><G34/><T69/><D69/><U129/><E129/><V14/><F14/><W49/><G49/><T65/><D65/><U16/><E46/><V18/><F39/><W62/><G62/><T53/><D106/><U86/><E93/><V38/><F38/><W57/><G57/><T33/><D55/><U15/><E103/><V133/><F133/><W123/><G123/><T95/><D102/><U112/><E112/><V2/><F98/><W87/><G3/><T42/><D33/><U107/><E107/><V130/><F130/><W119/><G119/><T54/><D26/><U67/><E15/><V131/><F131/><W104/><G104/><T78/><D78/><U105/><E105/><V28/><F28/><W61/><G61/><T40/><D40/><U127/><E127/><V32/><REACH who="2" step="1"/><F32/><REACH who="2" ten="170,410,200,210" step="2"/><W31/><G31/><T29/><D29/><U100/><E100/><V111/><F111/><W35/><G35/><T96/><D96/><N who="1" m="57367" /><E17/><V66/><F66/><AGARI ba="0,1" hai="16,23,27,56,63,64,66,67,79,81,86" m="57367" machi="66" ten="30,5800,0" yaku="8,1,52,1,54,1" doraHai="59" who="1" fromWho="2" sc="170,0,410,68,200,-58,210,0" /><INIT seed="1,1,0,2,3,102" ten="170,478,142,210" oya="1" hai0="128,91,108,5,78,89,69,54,126,117,11,88,58" hai1="48,114,38,134,112,46,83,121,55,24,71,107,100" hai2="10,12,39,36,33,111,23,109,27,84,9,20,4" hai3="80,76,57,30,118,51,125,97,50,8,74,63,16"/><U17/><E121/><V123/><F84/><W82/><G125/><T21/><D117/><U99/><E71/><V52/><F123/><W90/><G30/><T3/><D69/><U13/><E134/><V14/><F52/><W72/><G118/><T1/><D126/><U15/><E15/><V85/><F85/><W93/><G8/><T25/><D78/><U106/><E106/><V65/><F65/><W120/><G120/><T133/><D108/><N who="2" m="41546" /><F39/><W77/><REACH who="3" step="1"/><G16/><REACH who="3" ten="170,478,142,200" step="2"/><T49/><D133/><U87/><E24/><V130/><F130/><W47/><G47/><T53/><D128/><U68/><E38/><V35/><F36/><W66/><AGARI ba="1,1" hai="50,51,57,63,66,72,74,76,77,80,82,90,93,97" machi="66" ten="20,5200,0" yaku="1,1,0,1,7,1,9,1,53,0" doraHai="102" doraHaiUra="135" who="3" fromWho="3" sc="170,-14,478,-27,142,-14,200,65" /><INIT seed="2,0,0,5,0,95" ten="156,451,128,265" oya="2" hai0="19,16,1,39,75,131,49,110,54,83,24,93,124" hai1="134,111,96,78,69,33,59,80,5,135,52,8,73" hai2="109,113,90,125,0,7,25,58,6,107,64,84,27" hai3="85,127,53,122,23,92,117,14,72,88,67,68,51"/><V99/><F113/><W112/><G72/><T94/><D1/><U37/><E69/><V10/><F125/><W130/><G117/><T36/><D124/><U105/><E111/><V41/><F109/><W102/><G122/><T38/><D110/><U47/><E33/><V60/><F41/><W76/><G127/><T31/><D131/><U9/><E37/><V46/><F46/><W12/><G130/><T45/><D75/><U35/><E35/><V79/><F79/><W11/><G76/><T4/><D83/><U120/><E120/><V77/><F77/><W21/><G102/><T62/><D4/><U3/><E9/><V128/><F128/><W74/><G74/><T97/><D62/><U71/><E71/><V42/><F42/><W132/><G132/><T30/><D93/><U81/><E81/><V29/><F7/><W61/><G14/><T18/><REACH who="0" step="1"/><D24/><REACH who="0" ten="146,451,128,265" step="2"/><U106/><E134/><V104/><F27/><W65/><G112/><T87/><D87/><U55/><E135/><V89/><F99/><W123/><G123/><T32/><D32/><U115/><E115/><V116/><F116/><W86/><G86/><T126/><D126/><U56/><E96/><V63/><F63/><W98/><G85/><T133/><D133/><U57/><E105/><N who="2" m="40523" /><F84/><W66/><G61/><T22/><D22/><U50/><REACH who="1" step="1"/><E106/><REACH who="1" ten="146,441,128,265" step="2"/><V91/><F91/><AGARI ba="0,2" hai="16,18,19,30,31,36,38,39,45,49,54,91,94,97" machi="91" ten="50,6400,0" yaku="1,1,52,1,54,1,53,0" doraHai="95" doraHaiUra="129" who="0" fromWho="2" sc="146,84,441,0,128,-64,265,0" /><INIT seed="3,0,0,1,1,22" ten="230,441,64,265" oya="3" hai0="25,45,27,113,0,43,73,24,114,111,15,66,28" hai1="13,120,84,102,124,107,29,67,60,35,112,121,33" hai2="68,47,36,65,133,50,130,69,51,126,63,125,90" hai3="78,86,32,39,56,116,1,129,20,61,54,57,9"/><W3/><G116/><T104/><D0/><U115/><E107/><V72/><F72/><W98/><G32/><N who="0" m="20487" /><D111/><U26/><E102/><V132/><F90/><W75/><G39/><N who="0" m="21759" /><D104/><U37/><E37/><V16/><F16/><W74/><G129/><T119/><D119/><U92/><E124/><N who="2" m="47723" /><F69/><W122/><G122/><T70/><D73/><U4/><E35/><V11/><F11/><W135/><G75/><T31/><D31/><U8/><E92/><V19/><F19/><W131/><G9/><T134/><D134/><N who="2" m="51818" /><F36/><W48/><G135/><T94/><D94/><U53/><E53/><N who="2" m="29919" /><F51/><W42/><G48/><T10/><D66/><U97/><E97/><V110/><F110/><W23/><G74/><T44/><D70/><U21/><E84/><V89/><F89/><W128/><G98/><T6/><D44/><U80/><E80/><V85/><F85/><W77/><G86/><T79/><D79/><U82/><E82/><V59/><F68/><W2/><G78/><T18/><D18/><U58/><REACH who="1" step="1"/><E33/><REACH who="1" ten="230,431,64,265" step="2"/><V71/><F71/><W88/><G77/><T127/><D127/><U55/><E55/><V14/><F14/><W103/><G54/><T76/><D76/><U12/><E12/><V96/><F96/><W17/><G1/><T41/><D41/><U49/><E49/><V117/><F117/><W105/><G2/><T99/><D99/><U40/><E40/><V64/><F64/><N who="3" m="38951" /><G42/><T46/><D46/><U87/><E87/><V34/><F34/><W5/><G3/><T81/><D81/><U95/><E95/><V38/><F38/><W100/><G105/><RYUUKYOKU ba="0,1" sc="230,10,431,10,64,10,265,-30" hai0="6,10,15,25,27,113,114" hai1="4,8,13,21,26,29,58,60,67,112,115,120,121" hai2="59,63,65,130" /><INIT seed="4,1,1,5,2,83" ten="240,441,74,235" oya="0" hai0="61,52,103,128,107,48,79,126,93,41,0,35,19" hai1="30,5,46,32,68,10,99,86,14,112,3,66,26" hai2="31,4,28,54,29,11,1,105,130,53,117,50,127" hai3="98,132,101,102,106,38,100,81,22,80,64,67,104"/><T21/><D35/><U88/><E112/><V49/><F130/><W43/><G132/><T20/><D107/><U118/><E118/><V8/><F127/><W113/><G113/><T116/><D116/><U120/><E120/><V90/><F117/><W71/><G38/><T60/><D0/><U9/><E68/><V121/><F105/><W89/><G43/><T74/><D126/><U108/><E108/><V45/><F121/><W78/><G89/><T58/><D128/><U47/><E66/><V69/><F69/><W129/><G80/><T131/><D131/><U70/><E99/><V55/><F90/><W2/><G2/><T12/><D74/><U111/><E111/><V94/><F94/><W63/><G67/><N who="0" m="39319" /><D79/><U84/><E70/><V18/><F1/><W65/><G65/><T122/><D61/><U13/><E3/><V15/><F4/><W72/><G129/><T135/><D41/><U73/><E73/><V6/><F6/><W115/><G115/><T59/><D135/><U36/><E36/><V40/><REACH who="2" step="1"/><F11/><REACH who="2" ten="240,441,64,235" step="2"/><W51/><G104/><T23/><D122/><U95/><E84/><V97/><F97/><AGARI ba="1,2" hai="12,19,20,21,23,48,52,59,93,97,103" m="39319" machi="97" ten="30,2900,0" yaku="8,1,54,1" doraHai="83" who="0" fromWho="2" sc="240,52,441,0,64,-32,235,0" /><INIT seed="4,2,0,2,2,88" ten="292,441,32,235" oya="0" hai0="126,112,114,33,83,94,62,23,31,69,119,110,116" hai1="52,106,8,41,34,97,93,25,50,42,56,87,64" hai2="129,100,98,51,18,55,86,131,58,27,7,122,117" hai3="14,4,105,39,1,47,59,135,89,67,124,79,77"/><T102/><D33/><U84/><E106/><V53/><F122/><W90/><G1/><T38/><D38/><U101/><E34/><V28/><F7/><W29/><G105/><T17/><D31/><U133/><E133/><V113/><F113/><N who="0" m="43626" /><D83/><U9/><E25/><V12/><F117/><W65/><G135/><T26/><D126/><U85/><E64/><V11/><F11/><AGARI ba="2,0" hai="8,9,11,41,42,50,52,56,84,85,87,93,97,101" machi="11" ten="40,5200,0" yaku="8,1,52,1,54,1" doraHai="88" who="1" fromWho="2" sc="292,0,441,58,32,-58,235,0" owari="292,9.0,499,60.0,-26,-53.0,235,-16.0" /></mjloggm>