<mjloggm ver="2.3"><GO type="193" lobby="0"/><UN n0="%E5%B0%B1%E6%B4%BB%E7%94%9F%40%E5%B7%9D%E6%9D%91%E8%BB%8D%E5%9B%A3" n1="%51%75%6F%53%65" n2="%E9%87%91%E3%81%AE%E7%B3%B8%E9%8A%80%E3%81%AE%E7%B3%B8" n3="%73%68%73%72%32" dan="12,13,13,13" rate="1757.58,1790.91,1761.92,1787.28" sx="M,M,M,M"/><TAIKYOKU oya="0"/><INIT seed="0,0,0,0,4,100" ten="250,250,250,250" oya="0" hai0="59,64,102,46,123,77,108,94,12,19,24,130,122" hai1="4,26,56,2,8,88,44,133,104,61,132,3,58" hai2="68,126,43,21,119,107,7,110,113,66,96,97,117" hai3="5,79,34,85,86,17,16,37,71,63,78,89,93"/><T81/><D130/><U10/><E44/><V13/><F113/><W22/><G37/><T9/><D108/><U67/><E26/><V118/><F97/><N who="3" m="57519" /><G34/><T18/><D122/><U41/><E41/><V124/><F43/><W74/><G71/><T109/><D123/><U125/><E125/><N who="2" m="48235" /><F21/><W91/><G74/><T0/><D109/><U39/><E39/><V11/><F110/><W14/><G5/><T42/><D0/><U135/><E56/><V57/><F57/><W65/><G86/><T75/><D24/><U128/><E128/><V76/><F76/><N who="3" m="29227" /><G63/><T90/><D102/><U72/><E72/><V84/><F84/><W15/><G65/><T112/><D112/><U115/><E115/><V70/><F66/><W30/><G30/><T25/><D25/><U53/><E67/><V62/><F62/><W129/><G129/><T35/><D35/><U36/><E36/><V49/><F49/><W69/><G69/><T33/><D33/><U28/><E28/><V131/><F131/><W60/><G60/><T48/><D19/><N who="3" m="7241" /><G22/><T95/><D64/><U47/><E47/><V87/><F87/><W20/><G20/><T54/><D90/><U6/><E88/><V103/><AGARI ba="0,0" hai="7,11,13,68,70,96,103,107,117,118,119" m="48235" machi="103" ten="40,5200,0" yaku="12,1,18,1,52,1" doraHai="100" who="2" fromWho="2" sc="250,-26,250,-13,250,52,250,-13" /><INIT seed="1,0,0,2,3,110" ten="224,237,302,237" oya="1" hai0="11,62,50,82,113,105,56,19,72,67,103,125,88" hai1="112,14,33,121,133,96,115,111,51,78,127,102,32" hai2="28,8,66,90,63,48,27,75,85,69,80,107,49" hai3="21,45,117,54,35,25,60,47,26,22,37,42,130"/><U13/><E121/><V10/><F107/><W94/><G130/><T15/><D113/><N who="1" m="43595" /><E51/><V4/><F75/><W95/><G117/><T100/><D125/><U71/><E71/><V12/><F10/><W73/><G35/><AGARI ba="0,0" hai="4,8,12,27,28,35,48,49,63,66,69,80,85,90" machi="35" ten="30,1000,0" yaku="7,1" doraHai="110" who="2" fromWho="3" sc="224,0,237,0,302,10,237,-10" /><INIT seed="2,0,0,1,0,37" ten="224,237,312,227" oya="2" hai0="57,42,29,87,84,121,38,111,99,39,129,32,31" hai1="59,86,100,85,122,65,77,76,8,36,80,131,26" hai2="135,15,96,63,75,82,30,74,1,128,66,47,124" hai3="45,90,101,105,40,134,16,43,72,34,20,73,115"/><V48/><F124/><W98/><G134/><T44/><D121/><U116/><E122/><V46/><F128/><W81/><G34/><T3/><D3/><U106/><E116/><V53/><F135/><W61/><G115/><T51/><D129/><U52/><E36/><V130/><F1/><W120/><G120/><T0/><D0/><U108/><E131/><V6/><F130/><W23/><G61/><T22/><D111/><U10/><E108/><V55/><F30/><W114/><G114/><T133/><D133/><U18/><E106/><V49/><F82/><W104/><G104/><T64/><D32/><U14/><E100/><V103/><F15/><W58/><G58/><T127/><D127/><U94/><E94/><V83/><F83/><W119/><G119/><T11/><D11/><U12/><E65/><V117/><F6/><W109/><G109/><T132/><D132/><U56/><E26/><V102/><F102/><W54/><G23/><T125/><D99/><U91/><E91/><V9/><F9/><W89/><G81/><T97/><D97/><U2/><E2/><V24/><F24/><W13/><G73/><T60/><D125/><U33/><E33/><V93/><F117/><W71/><G71/><AGARI ba="0,0" hai="46,47,48,49,53,55,63,66,71,74,75,93,96,103" machi="71" ten="30,2900,0" yaku="7,1,9,1" doraHai="37" who="2" fromWho="3" sc="224,0,237,0,312,29,227,-29" /><INIT seed="2,1,0,0,1,73" ten="224,237,341,198" oya="2" hai0="103,123,87,0,68,48,98,75,110,47,96,21,91" hai1="79,114,53,76,112,26,89,25,124,81,131,59,72" hai2="133,129,3,41,46,23,108,61,127,49,13,120,17" hai3="70,16,10,83,132,35,94,4,66,125,56,28,19"/><V5/><F120/><W60/><G132/><T38/><D75/><U92/><E131/><V2/><F127/><W40/><G125/><T9/><D38/><U36/><E124/><V102/><F129/><W74/><G70/><T84/><D123/><U29/><E36/><V100/><F133/><W95/><G35/><T24/><D68/><U27/><E29/><V65/><F108/><W134/><G134/><T31/><D110/><U82/><E112/><V78/><F78/><W45/><G28/><T90/><D0/><U42/><E42/><V69/><F5/><W22/><G95/><T7/><D7/><U106/><E106/><V51/><F51/><W126/><G94/><T135/><D135/><U86/><E114/><V62/><F62/><W97/><G97/><T43/><D9/><U8/><E8/><V118/><F118/><W128/><G128/><T12/><D12/><U14/><E14/><V6/><F6/><W122/><G126/><T113/><D113/><U50/><REACH who="1" step="1"/><E25/><REACH who="1" ten="224,227,341,198" step="2"/><V67/><F2/><N who="3" m="279" /><G122/><T105/><D105/><U117/><E117/><V33/><F3/><W115/><G115/><T116/><D116/><U64/><E64/><V54/><F67/><W15/><G15/><T93/><D103/><U37/><E37/><V104/><F104/><W57/><G22/><T44/><REACH who="0" step="1"/><D47/><REACH who="0" ten="214,227,341,198" step="2"/><U121/><E121/><V20/><F46/><W55/><G45/><T119/><D119/><U107/><E107/><V34/><F102/><W58/><G40/><T101/><D101/><U1/><E1/><V111/><F100/><W88/><G74/><AGARI ba="1,2" hai="26,27,50,53,59,72,74,76,79,81,82,86,89,92" machi="74" ten="30,8000,1" yaku="1,1,7,1,9,1,52,2,53,0" doraHai="73" doraHaiUra="30" who="1" fromWho="3" sc="214,0,227,103,341,0,198,-83" /><INIT seed="3,0,0,4,0,97" ten="214,330,341,115" oya="3" hai0="46,20,124,39,16,103,122,38,91,105,9,66,72" hai1="30,118,107,57,113,41,1,85,59,10,128,92,27" hai2="86,132,51,35,111,76,36,119,17,71,116,55,31" hai3="87,123,127,19,50,77,94,63,22,125,100,11,115"/><W4/><G123/><T93/><D72/><U54/><E118/><V24/><F71/><W110/><G115/><T34/><D122/><U69/><E113/><V40/><F36/><W112/><G112/><T18/><D34/><U37/><E128/><V49/><F40/><W15/><G110/><T120/><D120/><U99/><E69/><V52/><F111/><W62/><G50/><T14/><D124/><N who="3" m="47689" /><G77/><T101/><D105/><U26/><E26/><V42/><F132/><W7/><G7/><T131/><D131/><U73/><E73/><V68/><F42/><W21/><G21/><T75/><D75/><U58/><E54/><V114/><F68/><W13/><G87/><N who="0" m="52479" /><D39/><U95/><E107/><V65/><F65/><W104/><G104/><T134/><D134/><U23/><E1/><V8/><F114/><W67/><G67/><T12/><D38/><U96/><E10/><V109/><F109/><W64/><G64/><T43/><D66/><U28/><E37/><V44/><F86/><W45/><G45/><T82/><D82/><U25/><E41/><V53/><F76/><W117/><G117/><T98/><D98/><AGARI ba="0,0" hai="4,11,13,15,19,22,62,63,94,98,100" m="47689" machi="98" ten="30,2900,0" yaku="18,1,52,1" doraHai="97" who="3" fromWho="0" sc="214,-29,330,0,341,0,115,29" /><INIT seed="3,1,0,4,2,33" ten="185,330,341,144" oya="3" hai0="71,34,86,106,94,66,107,69,72,93,13,60,105" hai1="19,2,10,68,55,23,67,77,70,16,26,25,37" hai2="113,44,3,8,88,85,18,101,131,91,129,61,50" hai3="76,124,135,49,29,130,14,125,127,104,82,117,79"/><W100/><G29/><T5/><D72/><U123/><E123/><V102/><F113/><W118/><G14/><T48/><D34/><U111/><E111/><V90/><F61/><W32/><G32/><T108/><D108/><U89/><E37/><V119/><F119/><N who="3" m="45579" /><G49/><T11/><D71/><U22/><E77/><N who="3" m="29770" /><G135/><T128/><D128/><N who="2" m="49226" /><F85/><W81/><G130/><T97/><D86/><U56/><E67/><V112/><F112/><W45/><G45/><T120/><D120/><U36/><E36/><V28/><F28/><W64/><G64/><T114/><D114/><U58/><E58/><V110/><F110/><W47/><G47/><T63/><D63/><U20/><E20/><V15/><F3/><W42/><G42/><AGARI ba="1,0" hai="8,15,18,42,44,50,88,90,91,101,102" m="49226" machi="42" ten="30,2000,0" yaku="19,1,54,1" doraHai="33" who="2" fromWho="3" sc="185,0,330,0,341,23,144,-23" owari="185,-21.0,330,13.0,364,46.0,121,-38.0" /></mjloggm>