<mjloggm ver="2.3"><GO type="41" lobby="0"/><UN n0="%E2%98%86%E3%83%92%E3%82%B2%E9%AD%94%E4%BA%BA%E2%98%86" n1="%E8%80%81%E9%BB%84%E5%BF%A0" n2="%E3%82%A6%E3%83%AB%E3%83%88%E3%83%A9%E7%AB%8B%E7%9B%B4" n3="%6E%69%6B%75%6B%79%75%75" dan="14,13,15,16" rate="1983.63,1968.04,2016.41,2109.62" sx="M,M,M,M"/><TAIKYOKU oya="0"/><INIT seed="0,0,0,4,0,107" ten="250,250,250,250" oya="0" hai0="61,100,6,36,50,13,44,109,93,21,112,96,123" hai1="63,17,89,43,106,65,73,51,117,122,92,98,102" hai2="103,84,86,34,31,22,55,68,60,11,99,32,7" hai3="40,20,18,105,127,46,53,110,131,121,0,48,35"/><T129/><D123/><U2/><E122/><V72/><F22/><W91/><G35/><T101/><D112/><U90/><E117/><V116/><F116/><W94/><G121/><T83/><D36/><U67/><E2/><V126/><F126/><W19/><G127/><T88/><D129/><U25/><E90/><V12/><F32/><W95/><G105/><T3/><D3/><U54/><E43/><V75/><F84/><W58/><G131/><T1/><D1/><U70/><E67/><N who="2" m="41063" /><F86/><W113/><G0/><T128/><D128/><U82/><E17/><V14/><F14/><W135/><G135/><T29/><D83/><U130/><E25/><N who="2" m="18799" /><F55/><W80/><G113/><T104/><D61/><U79/><E130/><V9/><F9/><W47/><G110/><T97/><D109/><U108/><E108/><V74/><F74/><W45/><G40/><T78/><D78/><U125/><E125/><V39/><F39/><W52/><G53/><T85/><D6/><U120/><E120/><V37/><F37/><W23/><G80/><T59/><D59/><U64/><E64/><V33/><F33/><W124/><G124/><T133/><D13/><U77/><E77/><V16/><F7/><W4/><G4/><T111/><D111/><U76/><E76/><V81/><F81/><W87/><G94/><T114/><D114/><U66/><E66/><V15/><F15/><N who="3" m="9311" /><G58/><T118/><D118/><U5/><E5/><V69/><F69/><W71/><G71/><T62/><D62/><U41/><E41/><V24/><F24/><AGARI ba="0,0" hai="19,23,24,45,46,47,48,52,87,91,95" m="9311" machi="24" ten="30,2000,0" yaku="8,1,54,1" doraHai="107" who="3" fromWho="2" sc="250,0,250,0,250,-20,250,20" /><INIT seed="1,0,0,4,2,83" ten="250,250,230,270" oya="1" hai0="36,91,92,97,12,71,10,49,120,64,56,22,80" hai1="29,103,61,70,7,81,72,46,50,114,105,123,115" hai2="2,95,27,101,82,40,124,30,134,133,107,67,39" hai3="84,45,68,113,14,4,3,17,1,53,18,55,119"/><U87/><E123/><V60/><F2/><W65/><G113/><T11/><D36/><U108/><E72/><V88/><F40/><W128/><G128/><T62/><D120/><U73/><E73/><V38/><F82/><W85/><G119/><T0/><D0/><U9/><E29/><V44/><F124/><W77/><G77/><T26/><D80/><U59/><E70/><V24/><F44/><W19/><G3/><T118/><D118/><U15/><E108/><V86/><F39/><W34/><G1/><T21/><D71/><U111/><E111/><V79/><F79/><W58/><G34/><T66/><D66/><U37/><E37/><V98/><F38/><W54/><G68/><T106/><D106/><U32/><E32/><V135/><F30/><W76/><G45/><T116/><D49/><U121/><E121/><V41/><F41/><W89/><G76/><T6/><D116/><U126/><E126/><V47/><F47/><W90/><G4/><T35/><D11/><U25/><E25/><V51/><F51/><W127/><G14/><T125/><D125/><U109/><E109/><V102/><F102/><W43/><G43/><T94/><D94/><U131/><E131/><V5/><F5/><W130/><G127/><T8/><D8/><U112/><E103/><V23/><F23/><W96/><G130/><T74/><D74/><U42/><E105/><V122/><F122/><W31/><G31/><N who="0" m="17871" /><D35/><U52/><E115/><V13/><F13/><W104/><G104/><T93/><D22/><U100/><E100/><V57/><AGARI ba="0,0" hai="24,27,57,60,67,86,88,95,98,101,107,133,134,135" machi="57" ten="30,7900,0" yaku="0,1,20,1,52,1,54,1" doraHai="83" who="2" fromWho="2" sc="250,-20,250,-39,230,79,270,-20" /><INIT seed="2,0,0,2,1,95" ten="230,211,309,250" oya="2" hai0="125,118,98,35,67,70,92,131,104,2,108,1,119" hai1="51,59,94,17,9,29,25,116,79,90,33,130,52" hai2="81,57,23,122,6,34,124,132,39,5,85,117,36" hai3="109,30,26,84,42,135,49,86,82,48,134,37,68"/><V45/><F34/><W89/><G68/><T128/><D35/><U71/><E71/><V73/><F73/><W133/><G109/><T38/><D38/><U15/><E116/><N who="0" m="44585" /><D70/><U106/><E106/><V78/><F117/><W127/><G127/><T114/><D67/><U50/><E130/><N who="0" m="49705" /><D114/><U83/><E83/><V4/><F122/><W10/><G10/><T40/><D40/><U96/><REACH who="1" step="1"/><E79/><REACH who="1" ten="230,201,309,250" step="2"/><V24/><F124/><W129/><G129/><T65/><D125/><U100/><E100/><V27/><F132/><W121/><G121/><T101/><D108/><U93/><E93/><V22/><F39/><W14/><G37/><T62/><D104/><U0/><E0/><V69/><F36/><W7/><G135/><T105/><D105/><U107/><E107/><V76/><F69/><W58/><G134/><T120/><D120/><U115/><E115/><V77/><F77/><W80/><G42/><T32/><D32/><U66/><E66/><V102/><F76/><W103/><G133/><T97/><D65/><U75/><E75/><V91/><F102/><W55/><G103/><T63/><D2/><U60/><AGARI ba="0,1" hai="9,15,17,25,29,33,50,51,52,59,60,90,94,96" machi="60" ten="20,8000,1" yaku="1,1,0,1,7,1,52,1,54,1,53,0" doraHai="95" doraHaiUra="18" who="1" fromWho="1" sc="230,-20,201,90,309,-40,250,-20" /><INIT seed="3,0,0,1,5,105" ten="210,291,269,230" oya="3" hai0="40,36,27,117,83,90,91,67,61,88,123,30,20" hai1="98,32,16,112,81,63,74,54,79,58,51,8,44" hai2="129,135,39,106,3,62,2,12,116,118,46,132,7" hai3="93,55,50,84,128,0,86,99,6,38,119,24,53"/><W134/><G119/><N who="2" m="45609" /><F106/><W11/><G38/><T60/><D117/><U64/><E112/><V130/><F62/><W28/><G134/><N who="2" m="51241" /><F46/><W104/><G104/><T37/><D123/><U108/><E108/><V78/><F78/><W75/><G128/><N who="2" m="49257" /><F39/><W41/><G41/><T35/><D35/><U68/><E98/><V19/><F7/><W80/><G75/><T18/><D61/><U115/><E115/><V10/><AGARI ba="0,0" hai="2,3,10,12,19" m="49257,51241,45609" machi="10" ten="40,8000,1" yaku="20,1,19,1,34,2" doraHai="105" who="2" fromWho="2" sc="210,-20,291,-20,269,80,230,-40" /><INIT seed="4,0,0,4,5,69" ten="190,271,349,190" oya="0" hai0="20,25,17,37,84,77,90,113,134,118,5,3,51" hai1="128,60,102,42,74,122,57,4,98,7,53,119,121" hai2="95,93,43,31,47,133,115,109,45,21,131,120,52" hai3="6,32,1,63,44,132,36,68,33,72,76,13,16"/><T26/><D118/><U62/><E119/><V11/><F120/><W107/><G132/><T23/><D134/><U116/><E116/><V49/><F109/><W82/><G107/><T101/><D77/><U19/><E74/><V22/><F131/><W35/><G13/><T104/><D104/><U39/><E128/><V124/><F115/><W123/><G16/><T83/><D101/><U8/><E62/><V96/><F124/><W125/><G125/><T106/><D106/><U73/><E73/><V70/><F70/><W48/><G48/><T40/><D113/><U66/><E66/><V29/><F11/><N who="3" m="2511" /><G123/><T56/><D3/><U50/><E50/><N who="2" m="28751" /><F133/><W54/><G54/><T2/><D2/><U64/><E64/><V85/><F85/><W108/><G108/><T34/><D34/><U67/><E67/><V58/><F58/><W65/><G35/><T78/><D5/><U112/><E112/><V14/><F95/><W41/><AGARI ba="0,0" hai="32,33,36,41,44,63,65,68,72,76,82" m="2511" machi="41" ten="30,7900,0" yaku="25,1,33,2,52,1" doraHai="69" who="3" fromWho="3" sc="190,-39,271,-20,349,-20,190,79" /><INIT seed="5,0,0,3,0,132" ten="151,251,329,269" oya="1" hai0="113,26,95,50,102,39,34,19,82,29,96,115,84" hai1="60,118,81,13,100,40,99,1,63,0,37,116,8" hai2="24,124,87,44,51,98,64,57,126,36,134,130,90" hai3="65,104,80,9,70,54,121,135,110,4,31,67,68"/><U59/><E81/><V25/><F98/><W112/><G121/><T21/><D39/><U105/><E63/><N who="2" m="37999" /><F36/><W20/><G110/><T3/><D3/><U14/><E14/><V91/><F91/><W18/><G135/><T79/><REACH who="0" step="1"/><D50/><REACH who="0" ten="141,251,329,269" step="2"/><U72/><E72/><V53/><F134/><W11/><G112/><T93/><D93/><U17/><E1/><V125/><F130/><W32/><G104/><T42/><D42/><U30/><E0/><V107/><F107/><W55/><G70/><T129/><D129/><U62/><E62/><V78/><F78/><W71/><G71/><T131/><D131/><U35/><E40/><V127/><F127/><W58/><G68/><T46/><D46/><U66/><REACH who="1" step="1"/><E37/><REACH who="1" ten="141,241,329,269" step="2"/><V83/><AGARI ba="0,2" hai="24,25,44,51,53,83,87,90,124,125,126" m="37999" machi="83" ten="30,7900,0" yaku="18,1,52,3" doraHai="132" who="2" fromWho="2" sc="141,-20,241,-39,329,99,269,-20" /><INIT seed="6,0,0,4,3,90" ten="121,202,428,249" oya="2" hai0="37,14,133,99,56,98,63,86,38,55,26,120,72" hai1="108,91,3,88,24,17,113,66,9,103,71,22,96" hai2="131,11,135,117,80,121,4,132,70,65,33,119,95" hai3="130,62,27,123,48,125,127,76,77,128,124,8,15"/><V42/><F33/><W68/><G123/><T97/><D120/><U82/><E108/><V20/><F121/><W81/><G27/><T53/><D72/><U13/><E113/><V34/><F34/><W78/><G48/><T39/><D14/><U89/><E3/><V12/><F42/><W92/><G62/><T46/><D26/><U112/><E112/><V105/><F105/><W23/><G23/><T122/><D122/><U28/><E71/><V7/><F65/><W5/><G68/><T107/><D107/><U67/><REACH who="1" step="1"/><E82/><REACH who="1" ten="121,192,428,249" step="2"/><V104/><F80/><W32/><G81/><T100/><D100/><U52/><E52/><N who="0" m="20041" /><D46/><U101/><E101/><V116/><F70/><W93/><REACH who="3" step="1"/><G32/><REACH who="3" ten="121,192,428,239" step="2"/><T21/><D63/><U47/><E47/><V79/><F117/><W54/><G54/><T109/><D109/><U74/><E74/><V0/><F119/><W57/><G57/><T44/><D44/><U59/><E59/><V41/><F116/><W10/><G10/><T25/><D56/><U43/><E43/><V118/><F41/><W6/><G6/><T126/><D21/><U75/><E75/><V134/><F118/><W58/><G58/><T50/><D50/><U2/><E2/><V1/><F1/><W30/><G30/><T36/><N who="0" m="9728" /><DORA hai="40" /><T29/><D29/><U16/><E16/><N who="2" m="10247" /><F7/><W114/><G114/><T85/><D25/><U69/><E69/><V84/><F4/><W64/><G64/><T102/><D102/><U60/><E60/><V73/><F0/><W94/><AGARI ba="0,2" hai="5,8,15,76,77,78,92,93,94,124,125,127,128,130" machi="94" ten="40,16000,3" yaku="1,1,0,1,29,2,18,1,52,3,53,0" doraHai="90,40" doraHaiUra="19,106" who="3" fromWho="3" sc="121,-40,192,-40,428,-80,239,180" /><INIT seed="7,0,0,0,3,71" ten="81,152,348,419" oya="3" hai0="58,75,101,16,14,88,9,105,122,40,57,26,93" hai1="49,4,44,118,80,76,34,121,98,0,113,124,86" hai2="107,1,112,74,25,134,37,21,43,115,130,123,61" hai3="132,91,11,19,33,82,81,48,10,64,72,111,85"/><W96/><G33/><T20/><D122/><U78/><E121/><V79/><F123/><W23/><G111/><T3/><D75/><U52/><E34/><V51/><F107/><W131/><G132/><T90/><D3/><U92/><E118/><V77/><F1/><W69/><G131/><T7/><D105/><U17/><E124/><V29/><F134/><W119/><G119/><T8/><D101/><U65/><E65/><V60/><F130/><W114/><G96/><T106/><D106/><U45/><E113/><V94/><F51/><W87/><G72/><T89/><D40/><U104/><E104/><V38/><F94/><W59/><G69/><T13/><REACH who="0" step="1"/><D93/><REACH who="0" ten="71,152,348,419" step="2"/><U95/><E95/><V35/><F43/><W110/><G110/><T83/><D83/><U99/><E99/><V62/><F35/><W42/><G42/><T50/><D50/><U128/><E128/><V63/><N who="2" m="15872" /><DORA hai="39" /><V120/><F120/><W27/><G114/><N who="2" m="43561" /><F74/><W103/><G64/><T55/><D55/><U125/><E125/><V68/><F68/><W22/><G103/><T66/><D66/><U127/><E127/><V2/><F2/><W18/><G48/><T31/><AGARI ba="0,1" hai="7,8,9,13,14,16,20,26,31,57,58,88,89,90" machi="31" ten="30,12000,2" yaku="1,1,0,1,8,1,54,2,53,1" doraHai="71,39" doraHaiUra="56,12" who="0" fromWho="0" sc="71,130,152,-30,348,-30,419,-60" owari="201,-20.0,122,-38.0,318,12.0,359,46.0" /></mjloggm>