<mjloggm ver="2.3"><GO type="193" lobby="0"/><UN n0="%E6%B3%B0%E7%84%B6" n1="%E3%81%8B%E3%81%AA%E3%81%8C%E3%82%8F" n2="%E3%81%A8%E3%82%93%E3%81%B9%E3%82%8A%E3%80%82" n3="%E5%B0%B1%E6%B4%BB%E7%94%9F%40%E5%B7%9D%E6%9D%91%E8%BB%8D%E5%9B%A3" dan="11,15,11,9" rate="1547.71,1862.09,1591.57,1673.01" sx="M,M,F,M"/><TAIKYOKU oya="0"/><INIT seed="0,0,0,2,2,41" ten="250,250,250,250" oya="0" hai0="16,25,109,28,66,87,22,8,119,122,62,1,31" hai1="133,15,35,5,121,104,101,90,11,125,36,82,40" hai2="9,69,108,110,79,23,93,120,21,126,106,80,0" hai3="116,55,77,98,64,123,78,88,134,86,89,81,43"/><T20/><D119/><U100/><E121/><V92/><F106/><W46/><G123/><T59/><D122/><U102/><E133/><V99/><F120/><W61/><G116/><T51/><D109/><N who="2" m="42090" /><F69/><W52/><G134/><T18/><D87/><U48/><E36/><V30/><F126/><W112/><G112/><T2/><D51/><U127/><E35/><V50/><F30/><W34/><G34/><T56/><D66/><U58/><E104/><V117/><F117/><W38/><G78/><T29/><D62/><U118/><E118/><V70/><F70/><W63/><G63/><T115/><D115/><U103/><N who="1" m="26112" /><DORA hai="10" /><U107/><E107/><V3/><F99/><W71/><REACH who="3" step="1"/><G89/><REACH who="3" ten="250,250,250,240" step="2"/><T75/><D75/><U65/><E127/><V114/><F114/><W53/><G53/><T113/><D113/><U97/><E125/><V83/><F79/><W130/><G130/><T132/><D132/><U45/><E65/><V26/><F50/><W72/><G72/><T54/><D54/><U47/><E40/><V39/><F39/><W49/><G49/><T73/><D73/><U12/><E12/><V76/><F76/><W57/><G57/><T84/><D59/><U32/><E32/><V37/><F37/><W7/><G7/><N who="0" m="1143" /><D56/><U85/><E97/><V128/><F128/><W14/><G14/><N who="0" m="9303" /><D84/><U131/><E131/><V67/><F67/><W6/><G6/><T68/><D68/><U42/><E42/><V105/><F3/><AGARI ba="0,1" hai="1,3,16,22,25,28,29,31" m="9303,1143" machi="3" ten="30,18000,2" yaku="35,5,52,1,54,1" doraHai="41,10" who="0" fromWho="2" sc="250,190,250,0,250,-180,240,0" /><INIT seed="0,1,0,5,5,53" ten="440,250,70,240" oya="0" hai0="15,6,103,47,29,34,94,83,60,77,121,93,36" hai1="65,26,79,132,124,127,114,49,130,8,101,129,1" hai2="28,76,42,30,35,9,120,45,80,104,10,100,18" hai3="116,41,89,50,88,68,92,62,69,126,20,81,115"/><T106/><D121/><U14/><E114/><V37/><F120/><W110/><G115/><T2/><D106/><U71/><E101/><V102/><F104/><W82/><G116/><T98/><D94/><U131/><E79/><V118/><F118/><W97/><G126/><N who="1" m="48170" /><E1/><V55/><F35/><W107/><G110/><T128/><D128/><U73/><E73/><V56/><F10/><W38/><G38/><T84/><D2/><U17/><E71/><V13/><F30/><W7/><G107/><T12/><D60/><U96/><E96/><V43/><F43/><W24/><G7/><T21/><D34/><U52/><E65/><V46/><F28/><W105/><G105/><T70/><D70/><U125/><N who="1" m="48178" /><U74/><DORA hai="40" /><E74/><V87/><REACH who="2" step="1"/><F46/><REACH who="2" ten="440,250,60,240" step="2"/><N who="3" m="25935" /><G69/><T22/><D36/><U25/><E132/><V113/><F113/><W133/><G68/><T91/><D29/><U99/><E99/><V4/><F4/><W78/><G133/><T61/><D6/><U11/><E11/><V59/><F59/><AGARI ba="1,1" hai="8,14,17,25,26,49,52,59,129,130,131" m="48178" machi="59" ten="50,8000,1" yaku="19,1,18,1,52,1,54,1" doraHai="53,40" who="1" fromWho="2" sc="440,0,250,93,60,-83,240,0" owari="440,54.0,343,14.0,-23,-52.0,240,-16.0" /></mjloggm>