<mjloggm ver="2.3"><GO type="97" lobby="0"/><UN n0="%E3%82%A6%E3%83%AB%E3%83%88%E3%83%A9%E7%AB%8B%E7%9B%B4" n1="%E3%82%82%E3%82%93%E2%98%85%E3%81%9F%E3%81%8F" n2="%42%47%39%E2%86%92%47%45%38" n3="%76%69%62%72%61%74%65" dan="14,14,14,14" rate="1932.62,1981.71,1861.29,1853.68" sx="M,M,M,M"/><TAIKYOKU oya="0"/><INIT seed="0,0,0,3,4,130" ten="250,250,250,250" oya="0" hai0="42,37,92,5,46,79,1,120,76,38,30,73,20" hai1="98,127,3,27,0,74,58,26,12,85,135,109,65" hai2="96,83,129,34,114,77,17,45,56,47,87,124,44" hai3="48,93,132,131,29,113,78,39,54,55,118,72,111"/><T126/><D120/><U4/><E85/><V10/><F114/><W2/><G29/><T95/><D126/><U40/><E98/><V71/><F71/><W128/><G55/><T66/><D66/><U59/><E65/><V68/><F68/><W36/><G54/><T31/><D20/><U91/><E91/><V51/><F129/><W102/><G93/><T43/><D5/><U15/><E74/><V97/><F34/><W63/><G48/><T16/><D16/><U107/><E40/><V88/><F77/><W49/><G49/><T21/><D21/><U19/><E107/><V32/><F32/><W89/><G63/><T82/><D1/><U99/><E99/><V57/><F124/><W61/><G61/><T81/><REACH who="0" step="1"/><D46/><REACH who="0" ten="240,250,250,250" step="2"/><U41/><E127/><V8/><F17/><W121/><G128/><T101/><D101/><U11/><E19/><V18/><F18/><W110/><G102/><T9/><D9/><U134/><E11/><V14/><F8/><W69/><G89/><T13/><D13/><U28/><E4/><V108/><F14/><W35/><G78/><T70/><D70/><U25/><E25/><V24/><F24/><W133/><G111/><T23/><D23/><U7/><E7/><V22/><F108/><W122/><G122/><T125/><D125/><U112/><E109/><V62/><F22/><W52/><G39/><T75/><AGARI ba="0,1" hai="30,31,37,38,42,43,73,75,76,79,81,82,92,95" machi="75" ten="25,9600,0" yaku="1,1,0,1,22,2,53,0" doraHai="130" doraHaiUra="117" who="0" fromWho="0" sc="240,106,250,-32,250,-32,250,-32" /><INIT seed="0,1,0,4,5,81" ten="346,218,218,218" oya="0" hai0="15,116,89,111,55,92,17,97,34,56,94,129,66" hai1="123,11,41,39,47,135,124,57,75,13,5,35,82" hai2="45,10,48,16,27,23,50,106,127,74,22,112,20" hai3="63,100,68,59,53,49,98,80,54,126,118,8,114"/><T38/><D34/><U77/><E123/><V58/><F112/><W32/><G32/><T119/><D38/><U21/><E135/><V78/><F106/><W24/><G114/><T65/><D129/><U6/><E35/><V103/><F103/><W60/><G126/><T12/><D111/><U2/><E124/><V70/><F70/><W128/><G63/><T3/><D3/><U25/><E57/><V115/><F115/><W99/><G24/><T1/><D1/><U0/><REACH who="1" step="1"/><E6/><REACH who="1" ten="346,208,218,218" step="2"/><V67/><F127/><W109/><G59/><T52/><D56/><U95/><E95/><V73/><F58/><W33/><G33/><T72/><D94/><U7/><E7/><V122/><F122/><W86/><G68/><T131/><D92/><U110/><E110/><V117/><F67/><W64/><G64/><T108/><D108/><U125/><E125/><V29/><F117/><W121/><G118/><T91/><D66/><U85/><E85/><V76/><F74/><W87/><G87/><T130/><D65/><U96/><E96/><V113/><F113/><W133/><G86/><T107/><D97/><U132/><E132/><V43/><F73/><W30/><G98/><T134/><D134/><U44/><E44/><V93/><F93/><W79/><G99/><T31/><D107/><U90/><E90/><V83/><F83/><W104/><G109/><T84/><D72/><U37/><E37/><V19/><F78/><W18/><G133/><T14/><D84/><U105/><E105/><V9/><F76/><W61/><G104/><T62/><D91/><U46/><E46/><RYUUKYOKU ba="1,1" sc="346,-10,208,30,218,-10,218,-10" hai1="0,2,5,11,13,21,25,39,41,47,75,77,82" /><INIT seed="1,2,1,4,4,65" ten="336,238,208,208" oya="1" hai0="40,24,74,31,91,104,32,103,21,118,100,71,78" hai1="122,43,4,110,10,28,121,130,23,123,98,55,127" hai2="46,11,116,120,48,134,75,88,17,3,62,82,99" hai3="126,56,58,64,2,69,50,7,115,25,38,131,53"/><U34/><E43/><V52/><F120/><W13/><G58/><T61/><D118/><U94/><E127/><V107/><F116/><W39/><G2/><T19/><D78/><U8/><E34/><V14/><F3/><W93/><G25/><T54/><D74/><U114/><E114/><V41/><F75/><W0/><G0/><T89/><D40/><U63/><E130/><V22/><F134/><W92/><G92/><T42/><D42/><U86/><E86/><N who="2" m="50263" /><F107/><W76/><G76/><T83/><D83/><U59/><E110/><V67/><F67/><W129/><G115/><T133/><D133/><U29/><E23/><V12/><F99/><W57/><G57/><N who="0" m="34999" /><D71/><U6/><E6/><V36/><F36/><W73/><G39/><T1/><D1/><U44/><E44/><V95/><F95/><W119/><G38/><T30/><D104/><U20/><E20/><V135/><F135/><W79/><G131/><T87/><D32/><U51/><E51/><V18/><F41/><W109/><G109/><T85/><D85/><U15/><REACH who="1" step="1"/><E10/><REACH who="1" ten="336,228,208,208" step="2"/><V106/><F106/><W105/><G50/><T5/><D5/><U102/><AGARI ba="2,2" hai="4,8,15,28,29,55,59,63,94,98,102,121,122,123" machi="102" ten="30,6000,0" yaku="1,1,2,1,0,1,53,0" doraHai="65" doraHaiUra="113" who="1" fromWho="1" sc="336,-22,228,86,208,-22,208,-22" /><INIT seed="1,3,0,4,0,53" ten="314,314,186,186" oya="1" hai0="73,33,47,12,83,121,72,38,69,62,80,48,100" hai1="71,11,66,116,57,75,64,89,74,17,63,39,18" hai2="77,119,43,4,95,134,70,131,23,135,13,5,93" hai3="86,79,10,67,28,21,52,1,107,20,108,42,111"/><U102/><E39/><V124/><F119/><W0/><G107/><T103/><D33/><U112/><E116/><V9/><F70/><W31/><G67/><T92/><D38/><U85/><E112/><V105/><F105/><W132/><G132/><N who="2" m="50729" /><F131/><W7/><G0/><T127/><D127/><U56/><E102/><V8/><F124/><W84/><G42/><T46/><D12/><U44/><E44/><V58/><F43/><W22/><G52/><T106/><D106/><U19/><E11/><V3/><F77/><W82/><REACH who="3" step="1"/><G86/><REACH who="3" ten="314,314,186,176" step="2"/><T94/><D62/><N who="1" m="37967" /><E74/><V114/><F114/><W36/><G36/><T54/><D54/><U32/><E75/><V113/><F113/><W129/><G129/><T87/><D69/><U50/><E71/><V51/><F51/><W97/><G97/><T65/><D48/><U35/><E50/><V2/><F58/><W126/><G126/><T40/><D40/><U99/><E85/><V96/><F96/><W76/><G76/><T37/><D37/><U34/><E99/><V104/><F104/><W123/><G123/><T30/><D87/><U88/><E66/><V120/><F120/><W59/><G59/><T115/><D65/><U68/><E68/><V98/><F98/><W27/><G27/><T16/><D115/><U90/><E56/><V128/><F128/><W122/><G122/><T125/><D121/><U14/><E14/><V29/><F13/><W81/><G81/><T24/><D125/><U133/><E133/><V61/><F61/><AGARI ba="3,1" hai="17,18,19,32,34,35,61,63,88,89,90" m="37967" machi="61" ten="40,12000,1" yaku="29,2,52,1,54,1" doraHai="53" who="1" fromWho="2" sc="314,0,314,139,186,-129,176,0" /><INIT seed="1,4,0,0,1,51" ten="314,453,57,176" oya="1" hai0="28,121,131,5,8,74,90,89,7,119,100,23,13" hai1="40,128,48,120,124,21,95,67,15,12,70,104,107" hai2="27,66,37,32,83,94,41,99,62,87,3,49,42" hai3="75,109,77,112,116,38,114,61,19,68,20,134,101"/><U56/><E120/><V65/><F3/><W111/><G101/><T26/><D74/><U4/><E70/><V50/><F37/><W86/><G19/><T84/><D121/><U97/><E128/><V127/><F127/><W54/><G20/><T22/><D100/><U85/><E124/><V10/><F10/><W60/><G54/><T125/><D125/><U14/><E85/><V59/><F66/><W123/><G86/><T58/><D119/><U78/><E78/><V92/><F92/><W11/><G11/><T35/><D90/><U43/><E4/><V96/><F96/><W73/><G60/><T82/><D131/><U33/><E33/><V55/><F50/><W69/><G61/><T117/><D117/><U105/><E67/><V64/><F64/><W133/><G77/><T88/><D89/><U17/><E56/><V6/><F6/><W110/><G38/><T9/><REACH who="0" step="1"/><D58/><REACH who="0" ten="304,453,57,176" step="2"/><U126/><E126/><V25/><F32/><W135/><G116/><T31/><D31/><U2/><E105/><V53/><F65/><W118/><G118/><T129/><D129/><U102/><E107/><V52/><F49/><W1/><G123/><T47/><D47/><U45/><E104/><V72/><F72/><N who="3" m="27723" /><G1/><AGARI ba="4,1" hai="1,5,7,8,9,13,22,23,26,28,35,82,84,88" machi="1" ten="30,3900,0" yaku="1,1,7,1,54,1,53,0" doraHai="51" doraHaiUra="130" who="0" fromWho="3" sc="304,61,453,0,57,0,176,-51" /><INIT seed="2,0,0,0,4,21" ten="365,453,57,125" oya="2" hai0="5,98,134,69,93,72,55,111,81,52,61,35,91" hai1="58,19,28,103,114,30,31,38,25,64,56,50,20" hai2="94,126,84,79,85,77,121,6,0,123,118,97,65" hai3="27,24,26,67,119,62,107,16,106,92,68,48,3"/><V129/><F65/><W113/><G119/><T2/><D111/><U54/><E38/><V43/><F43/><W4/><G3/><T74/><D134/><U131/><E114/><V45/><F45/><W63/><G4/><T108/><D108/><U99/><E131/><V70/><F70/><W32/><G32/><T132/><D132/><U17/><E17/><V36/><F36/><W127/><G63/><T105/><D105/><U76/><E76/><V86/><F118/><W1/><G1/><T39/><D39/><U78/><E78/><N who="2" m="29707" /><F6/><W15/><G127/><T51/><D35/><U110/><E110/><V95/><F0/><W7/><G7/><T122/><D122/><N who="2" m="46602" /><F126/><W40/><G113/><T115/><D115/><U128/><E128/><V42/><F42/><W9/><G92/><N who="2" m="35369" /><F129/><W73/><G73/><T135/><D135/><U23/><E23/><V96/><AGARI ba="0,0" hai="84,85,86,96,97" m="35369,46602,29707" machi="96" ten="40,12000,1" yaku="28,2,34,2" doraHai="21" who="2" fromWho="2" sc="365,-40,453,-40,57,120,125,-40" /><INIT seed="2,1,0,2,3,71" ten="325,413,177,85" oya="2" hai0="50,120,113,107,78,91,55,37,114,19,43,65,11" hai1="128,56,73,21,34,26,124,82,77,7,48,25,39" hai2="92,81,33,87,18,59,57,93,79,54,97,69,111" hai3="70,76,100,45,122,61,83,80,49,98,68,53,109"/><V6/><F69/><W102/><G122/><T130/><D107/><U126/><E39/><V14/><F33/><W67/><G109/><T51/><D78/><U20/><E128/><V30/><F111/><W27/><G70/><T132/><D91/><U5/><E34/><V2/><F2/><W85/><G98/><T52/><D19/><N who="1" m="12479" /><E56/><V101/><F6/><W16/><G27/><T23/><D23/><U35/><E48/><N who="0" m="18473" /><D11/><U84/><E35/><V90/><F30/><W116/><G116/><T72/><D72/><U15/><E15/><V0/><F0/><W58/><G16/><T94/><D94/><U47/><E47/><V106/><F93/><W108/><G108/><T24/><D24/><U9/><E9/><V129/><F129/><W127/><G127/><N who="1" m="48682" /><E73/><V46/><F46/><W74/><REACH who="3" step="1"/><G68/><REACH who="3" ten="325,413,177,75" step="2"/><T10/><D130/><U60/><E5/><V28/><F28/><W95/><G95/><T112/><D10/><U42/><E7/><V8/><REACH who="2" step="1"/><F54/><REACH who="2" ten="325,413,167,75" step="2"/><N who="0" m="20522" /><D120/><U17/><E42/><V89/><F89/><AGARI ba="1,2" hai="45,49,53,58,61,67,74,76,80,83,85,89,100,102" machi="89" ten="30,3900,0" yaku="1,1,7,1,53,1" doraHai="71" doraHaiUra="86" who="3" fromWho="2" sc="325,0,413,0,167,-42,75,62" /><INIT seed="3,0,0,3,5,4" ten="325,413,125,137" oya="3" hai0="95,104,110,3,133,106,6,109,103,19,40,97,2" hai1="83,52,128,94,18,78,92,23,80,66,119,29,86" hai2="125,101,77,88,9,74,113,99,84,107,47,63,17" hai3="57,22,120,131,82,124,118,44,69,121,39,117,10"/><W127/><G10/><T20/><D40/><U72/><E119/><N who="3" m="45578" /><G22/><T8/><D3/><U91/><E128/><V93/><F113/><W105/><G105/><T1/><D1/><U64/><E29/><V46/><F125/><N who="3" m="48203" /><G82/><T81/><D81/><U43/><E43/><V14/><F63/><W38/><G131/><T108/><REACH who="0" step="1"/><D133/><REACH who="0" ten="315,413,125,137" step="2"/><U25/><E83/><AGARI ba="0,1" hai="9,14,17,46,47,74,77,83,84,88,93,99,101,107" machi="83" ten="40,8000,1" yaku="24,2,52,1,54,1" doraHai="4" who="2" fromWho="1" sc="315,0,413,-80,125,90,137,0" owari="315,12.0,333,42.0,215,-18.0,137,-36.0" /></mjloggm>