<mjloggm ver="2.3"><GO type="97" lobby="0"/><UN n0="%68%65%6C%6C%6F%2E%63" n1="%E2%97%86%E3%82%82%E3%81%86%E3%82%89%E2%97%86" n2="%E3%81%82%E3%81%A4%E3%81%BF" n3="%E5%B0%B1%E6%B4%BB%E7%94%9F%40%E5%B7%9D%E6%9D%91%E8%BB%8D%E5%9B%A3" dan="13,14,15,13" rate="1814.76,1962.46,1974.29,1853.80" sx="M,M,M,M"/><TAIKYOKU oya="0"/><INIT seed="0,0,0,0,1,131" ten="250,250,250,250" oya="0" hai0="29,64,48,42,26,18,70,9,103,52,34,47,68" hai1="14,17,97,65,121,11,120,119,45,22,82,25,2" hai2="3,86,69,127,51,46,13,71,36,88,0,54,100" hai3="111,35,123,125,23,102,81,59,15,57,75,109,79"/><T31/><D31/><U80/><E119/><V5/><F127/><W33/><G125/><T117/><D117/><U74/><E65/><V113/><F36/><W41/><G123/><T73/><D73/><U7/><E80/><V49/><F113/><W133/><G133/><T124/><D124/><U44/><E97/><V122/><F122/><W60/><G41/><T105/><D42/><U56/><E44/><V89/><F100/><W87/><G102/><T95/><D105/><U116/><E116/><V112/><F112/><W66/><G59/><T16/><D64/><U92/><E92/><V78/><F78/><W8/><G23/><T12/><REACH who="0" step="1"/><D18/><REACH who="0" ten="240,250,250,250" step="2"/><U134/><E121/><V98/><F5/><W63/><G35/><T135/><D135/><U76/><E134/><V50/><F69/><W6/><G33/><T129/><D129/><U24/><E120/><V61/><F71/><W115/><G115/><T90/><D90/><U128/><E128/><V77/><F89/><W67/><G75/><T53/><D53/><U108/><E108/><V83/><F77/><W20/><G109/><T19/><D19/><U1/><E1/><V10/><F0/><W30/><G111/><T39/><D39/><U104/><E104/><V132/><F3/><W84/><G67/><T32/><D32/><U4/><E4/><V94/><F132/><W99/><G79/><T93/><D93/><U58/><E74/><V28/><F28/><W21/><G66/><T126/><D126/><U107/><E76/><N who="2" m="46439" /><F61/><W85/><G63/><T106/><D106/><U118/><E107/><V27/><F27/><RYUUKYOKU ba="0,1" sc="240,15,250,-15,250,15,250,-15" hai0="9,12,16,26,29,34,47,48,52,68,70,95,103" hai2="10,13,46,49,50,51,54,88,94,98" /><INIT seed="0,1,1,4,5,42" ten="255,235,265,235" oya="0" hai0="16,39,2,100,36,43,122,114,7,17,116,119,21" hai1="102,130,56,75,97,98,20,33,103,55,87,105,133" hai2="62,92,69,32,61,1,45,79,52,24,58,70,63" hai3="14,30,47,126,66,28,104,117,135,134,10,31,99"/><T27/><D122/><U53/><E33/><V91/><F1/><W4/><G117/><T38/><D114/><U123/><E123/><V112/><F79/><W49/><G126/><T0/><D7/><U59/><E75/><V74/><F112/><W94/><G104/><T96/><D43/><U80/><E133/><V106/><F74/><W29/><G66/><T131/><D131/><U93/><E130/><V6/><F106/><W18/><N who="3" m="7680" /><DORA hai="111" /><W127/><G127/><T78/><D78/><U13/><E87/><V34/><F24/><W107/><G107/><T9/><D9/><U125/><E80/><V51/><F6/><W23/><G94/><T22/><D96/><U60/><E125/><V115/><F115/><W88/><G88/><T11/><D100/><U8/><E20/><N who="0" m="7785" /><D27/><U40/><E40/><V84/><REACH who="2" step="1"/><F58/><REACH who="2" ten="255,235,255,235" step="2"/><W109/><G109/><T35/><D35/><AGARI ba="1,2" hai="32,34,35,45,51,52,61,62,63,69,70,84,91,92" machi="35" ten="40,16000,3" yaku="1,1,2,1,52,1,54,1,53,4" doraHai="42,111" doraHaiUra="57,90" who="2" fromWho="0" sc="255,-163,235,0,255,183,235,0" /><INIT seed="1,0,0,4,0,24" ten="92,235,438,235" oya="1" hai0="55,113,77,71,108,62,135,13,9,105,12,115,57" hai1="27,110,121,6,98,107,79,82,67,33,48,7,103" hai2="15,118,134,32,95,64,21,0,8,86,66,5,69" hai3="129,46,114,78,3,59,104,126,16,87,35,39,40"/><U54/><E67/><V43/><F118/><W72/><G104/><T61/><D105/><U81/><E121/><V85/><F32/><W83/><G114/><T53/><D77/><U120/><E110/><V36/><F134/><W25/><G129/><T99/><D99/><U88/><E120/><V122/><F122/><W60/><G126/><T117/><D9/><U92/><E33/><V50/><F36/><W89/><G3/><T68/><D117/><U19/><E81/><V132/><F132/><W17/><G35/><T123/><D135/><U112/><E112/><V51/><F69/><W90/><G25/><T42/><D123/><U18/><E18/><V133/><F133/><W31/><G31/><T1/><D1/><U76/><E76/><V38/><F38/><W41/><G41/><T47/><D12/><U106/><E106/><V124/><F124/><W22/><G22/><T97/><D13/><U70/><E70/><N who="0" m="26665" /><D97/><U4/><E27/><V119/><F119/><W30/><G30/><T65/><D108/><U58/><E19/><V28/><F0/><W63/><G63/><N who="0" m="38127" /><D113/><U80/><REACH who="1" step="1"/><E79/><REACH who="1" ten="92,225,438,235" step="2"/><V125/><F125/><W94/><G90/><T96/><D115/><U100/><E100/><V11/><F28/><W75/><G72/><T128/><D128/><U45/><E45/><V131/><F131/><W73/><G75/><T130/><D130/><U116/><E116/><V34/><F34/><W26/><G26/><T29/><D29/><U93/><E93/><V84/><F95/><W2/><G73/><T102/><D47/><U109/><E109/><V37/><F37/><RYUUKYOKU ba="0,1" sc="92,-10,225,30,438,-10,235,-10" hai1="4,6,7,48,54,58,80,82,88,92,98,103,107" /><INIT seed="1,1,1,5,3,96" ten="82,255,428,225" oya="1" hai0="10,33,40,100,3,51,57,56,83,42,17,34,19" hai1="126,129,45,59,71,20,103,21,53,23,116,132,22" hai2="104,54,109,11,39,124,89,91,64,30,52,12,101" hai3="0,88,7,25,72,97,73,125,26,121,55,78,120"/><U128/><E71/><V24/><F39/><W9/><G125/><T92/><D83/><U93/><E116/><V123/><F124/><W79/><G79/><T127/><D127/><U27/><E45/><V87/><F123/><W86/><G120/><T1/><D51/><U118/><E118/><V38/><F109/><W4/><G121/><T18/><D92/><U117/><E117/><V135/><F38/><W49/><G7/><T114/><D10/><U14/><E14/><V80/><F135/><W16/><G97/><T115/><REACH who="0" step="1"/><D19/><REACH who="0" ten="72,255,428,225" step="2"/><U31/><E126/><V8/><F104/><W82/><G16/><T130/><D130/><U50/><E132/><V41/><F80/><W47/><G72/><T95/><D95/><AGARI ba="1,2" hai="0,4,9,25,26,47,49,55,73,78,82,86,88,95" machi="95" ten="30,2000,0" yaku="7,1,54,1" doraHai="96" who="3" fromWho="0" sc="72,-23,255,0,428,0,225,43" /><INIT seed="2,0,0,1,5,73" ten="49,255,428,268" oya="2" hai0="132,29,126,87,120,8,115,104,106,1,83,129,12" hai1="25,101,127,3,117,96,33,54,77,17,128,86,47" hai2="13,7,110,43,10,95,22,58,118,89,113,57,14" hai3="60,112,49,99,66,28,15,116,91,102,109,26,56"/><V53/><F118/><W69/><G112/><T119/><D1/><U32/><E117/><V0/><F113/><W107/><G109/><T11/><D29/><U135/><E3/><V68/><F110/><W24/><G116/><T21/><D120/><U81/><E135/><V37/><F68/><W63/><G49/><T35/><D115/><U61/><E128/><V76/><F76/><W74/><G74/><T75/><D119/><U125/><E17/><V46/><F58/><W93/><G15/><T50/><D75/><U72/><E72/><V44/><F44/><W51/><G51/><T65/><D35/><U38/><E25/><V59/><F22/><W34/><G24/><T20/><D126/><U16/><E16/><V134/><F134/><W18/><G18/><T97/><D129/><U70/><E38/><V133/><F59/><W48/><G48/><T121/><D132/><U45/><E32/><V103/><F103/><W41/><G41/><T105/><D97/><U39/><E39/><V9/><F9/><N who="0" m="3658" /><D12/><U42/><E33/><V90/><F133/><W100/><G107/><N who="0" m="27395" /><T79/><DORA hai="67" /><D121/><U82/><E42/><V92/><F92/><W2/><REACH who="3" step="1"/><G2/><REACH who="3" ten="49,255,428,258" step="2"/><T55/><D65/><AGARI ba="0,1" hai="26,28,34,56,60,63,65,66,69,91,93,99,100,102" machi="65" ten="30,7700,0" yaku="1,1,2,1,7,1,52,1,53,0" doraHai="73,67" doraHaiUra="5,40" who="3" fromWho="0" sc="49,-77,255,0,428,0,258,87" owari="-28,-53.0,255,-14.0,428,52.0,345,15.0" /></mjloggm>