<mjloggm ver="2.3"><GO type="41" lobby="0"/><UN n0="%E5%B0%8E%E5%B8%AB%E5%B9%BB" n1="%E6%B6%88%E7%81%AB%E5%99%A8" n2="%E3%82%A6%E3%83%AB%E3%83%88%E3%83%A9%E7%AB%8B%E7%9B%B4" n3="%31%32%31%34%34" dan="15,16,15,15" rate="1968.74,1961.21,2004.21,2042.81" sx="M,M,M,M"/><TAIKYOKU oya="0"/><INIT seed="0,0,0,4,3,99" ten="250,250,250,250" oya="0" hai0="102,98,15,114,97,95,103,104,110,135,48,79,39" hai1="70,92,50,67,6,17,5,51,25,88,33,21,105" hai2="47,93,123,106,109,26,31,117,9,134,12,36,75" hai3="57,126,16,119,133,14,27,18,2,130,69,53,0"/><T29/><D114/><U100/><E33/><V96/><F75/><W66/><G119/><T90/><D39/><U28/><E105/><V132/><F106/><W101/><G130/><T91/><D29/><U84/><E100/><V3/><F3/><W72/><G72/><T124/><D124/><U24/><E70/><V7/><F123/><W20/><G133/><T59/><D135/><U40/><E67/><V73/><F73/><W55/><G126/><T65/><D110/><U64/><E64/><V34/><F117/><W86/><G69/><T113/><D113/><U85/><E85/><V115/><F115/><W76/><G66/><T30/><D30/><U108/><E108/><V42/><REACH who="2" step="1"/><F109/><REACH who="2" ten="250,250,240,250" step="2"/><W89/><G0/><T131/><D131/><U83/><E92/><V71/><F71/><W107/><G2/><T44/><D79/><U80/><E80/><V77/><F77/><W127/><G76/><T35/><D35/><U111/><E111/><V38/><F38/><W56/><G107/><T54/><REACH who="0" step="1"/><D15/><REACH who="0" ten="240,250,240,250" step="2"/><U1/><E1/><V94/><F94/><W82/><G14/><T61/><AGARI ba="0,2" hai="44,48,54,59,61,65,90,91,95,97,98,102,103,104" machi="61" ten="30,12000,1" yaku="1,1,2,1,0,1,52,2,53,0" doraHai="99" doraHaiUra="10" who="0" fromWho="0" sc="240,140,250,-40,240,-40,250,-40" /><INIT seed="0,1,0,0,3,122" ten="380,210,200,210" oya="0" hai0="0,18,68,22,113,66,116,132,61,53,118,114,11" hai1="96,13,6,5,104,59,20,46,56,27,125,47,89" hai2="79,80,4,110,126,84,8,74,15,28,99,30,21" hai3="90,44,71,43,106,54,24,117,108,121,31,49,127"/><T88/><D132/><U70/><E125/><V37/><F126/><W51/><G127/><T135/><D135/><U100/><E70/><V82/><F37/><W26/><G106/><T25/><D53/><U40/><E47/><V50/><F99/><W105/><G105/><T16/><D0/><U23/><E89/><V119/><F119/><W98/><G117/><T60/><D60/><U39/><E5/><V77/><F21/><W1/><G1/><T103/><D103/><U42/><E42/><V41/><REACH who="2" step="1"/><F110/><REACH who="2" ten="380,210,190,210" step="2"/><W9/><G108/><T69/><D118/><U57/><E23/><V102/><F102/><W48/><G98/><T107/><D116/><U131/><E20/><V10/><F10/><W91/><G9/><T92/><D107/><U33/><E96/><V111/><F111/><W38/><G38/><T85/><REACH who="0" step="1"/><D69/><REACH who="0" ten="370,210,190,210" step="2"/><U120/><E100/><V112/><F112/><W97/><G71/><T115/><D115/><U64/><E104/><V128/><F128/><W83/><G121/><T29/><D29/><U129/><E120/><V81/><F81/><W123/><G123/><T86/><D86/><U34/><E129/><V72/><F72/><W7/><G31/><T134/><D134/><U65/><E131/><V36/><F36/><W94/><G83/><T62/><D62/><U130/><E130/><V124/><F124/><W133/><G133/><T3/><D3/><U67/><E39/><V12/><F12/><AGARI ba="1,2" hai="11,12,16,18,22,25,61,66,68,85,88,92,113,114" machi="12" ten="40,12000,1" yaku="1,1,54,2,53,2" doraHai="122" doraHaiUra="109" who="0" fromWho="2" sc="370,143,210,0,190,-123,210,0" /><INIT seed="0,2,0,5,1,125" ten="513,210,67,210" oya="0" hai0="2,25,114,28,51,98,107,61,84,23,33,54,67" hai1="38,18,127,129,103,19,40,115,14,6,13,116,110" hai2="5,48,106,101,45,34,92,31,90,74,109,105,79" hai3="87,53,47,64,41,26,124,60,108,12,112,16,36"/><T96/><D2/><U83/><E116/><V42/><F31/><W29/><G124/><T133/><D114/><U55/><E127/><V88/><F34/><W70/><G112/><T11/><D133/><U99/><E115/><V65/><F65/><W10/><G108/><T117/><D117/><U94/><E110/><V0/><F109/><W57/><G87/><T27/><D11/><U119/><E119/><V123/><F123/><W72/><G72/><T121/><D121/><U15/><E6/><V35/><F35/><W126/><G126/><T52/><D84/><U113/><E113/><V63/><F63/><W39/><G39/><T46/><D54/><U89/><E55/><V111/><F111/><W66/><REACH who="3" step="1"/><G70/><REACH who="3" ten="513,210,67,200" step="2"/><T30/><REACH who="0" step="1"/><D107/><REACH who="0" ten="503,210,67,200" step="2"/><U32/><E99/><V73/><F106/><W120/><G120/><T80/><D80/><U20/><E83/><V69/><F105/><W132/><G132/><T131/><D131/><U58/><E129/><V130/><F130/><W43/><G43/><T56/><AGARI ba="2,2" hai="23,25,27,28,30,33,46,51,52,56,61,67,96,98" machi="56" ten="20,12000,1" yaku="1,1,0,1,7,1,54,1,53,1" doraHai="125" doraHaiUra="62" who="0" fromWho="0" sc="503,146,210,-42,67,-42,200,-42" /><INIT seed="0,3,0,4,4,43" ten="649,168,25,158" oya="0" hai0="75,101,120,133,84,63,97,132,26,0,96,39,91" hai1="67,74,11,108,81,114,20,121,95,64,107,131,5" hai2="135,50,48,3,79,59,45,33,56,34,102,134,123" hai3="1,76,65,4,49,40,15,60,16,36,54,127,28"/><T115/><D0/><U125/><E107/><V9/><F102/><W57/><G28/><T69/><D39/><U80/><E121/><V70/><F79/><W112/><G112/><T83/><D26/><U62/><E114/><V72/><F72/><W109/><G127/><T128/><D115/><U24/><E125/><V13/><F3/><W27/><G109/><T92/><D120/><U2/><E108/><V51/><F70/><W8/><G76/><N who="0" m="44447" /><D63/><U117/><E117/><V129/><F123/><W25/><G36/><T99/><D69/><U21/><E74/><V71/><F71/><W105/><G105/><N who="0" m="63655" /><D128/><U104/><E67/><V46/><F9/><W38/><G38/><T93/><D99/><U35/><E62/><V113/><F13/><W119/><G40/><T103/><AGARI ba="3,0" hai="84,91,92,93,97,103,132,133" m="63655,44447" machi="103" ten="30,6000,0" yaku="24,1,34,2" doraHai="43" who="0" fromWho="0" sc="649,69,168,-23,25,-23,158,-23" /><INIT seed="0,4,0,2,1,90" ten="718,145,2,135" oya="0" hai0="28,93,117,82,32,36,59,127,74,116,108,61,64" hai1="15,98,86,50,122,60,125,109,128,45,1,87,124" hai2="81,104,110,24,44,18,69,102,23,76,33,40,115" hai3="47,51,72,66,11,68,49,30,80,13,12,57,2"/><T114/><D36/><U17/><E1/><V75/><F33/><W112/><G112/><T100/><D114/><U132/><E122/><V119/><F69/><W73/><G68/><T92/><D127/><N who="1" m="48715" /><E132/><V58/><F115/><W133/><G133/><T134/><D134/><U106/><E109/><V27/><F110/><W71/><G71/><T121/><D121/><U19/><E128/><V63/><F119/><W131/><G131/><T21/><D32/><U0/><E0/><V84/><F75/><W85/><G30/><T135/><D108/><U39/><E39/><V34/><F34/><W53/><G2/><T43/><D43/><U67/><E98/><V79/><F102/><W103/><G103/><T52/><D135/><U38/><E106/><V118/><F104/><W26/><G26/><N who="0" m="16463" /><D116/><U7/><E7/><V130/><F130/><W56/><G66/><T101/><D117/><U22/><E19/><V78/><F27/><W29/><G29/><T94/><D64/><U10/><E10/><V9/><F9/><W35/><G35/><T123/><D123/><U105/><E38/><V88/><F118/><W97/><G97/><T96/><D96/><U95/><E105/><V31/><F31/><W120/><G120/><T113/><D113/><U99/><E67/><N who="2" m="39415" /><F40/><N who="3" m="24807" /><G57/><T20/><D20/><U107/><E107/><V55/><F55/><W77/><G11/><T14/><D14/><U83/><E22/><V37/><F37/><W129/><G129/><T70/><D70/><U4/><E15/><V126/><F126/><W42/><G42/><T89/><D74/><N who="3" m="28777" /><G13/><T16/><D16/><RYUUKYOKU ba="4,0" sc="718,10,145,-30,2,10,135,10" hai0="52,59,61,82,89,92,93,94,100,101" hai2="18,23,24,44,76,78,79,81,84,88" hai3="12,51,53,56,77,80,85" /><INIT seed="0,5,0,4,4,0" ten="728,115,12,145" oya="0" hai0="119,75,133,98,68,38,87,115,18,117,121,85,90" hai1="6,59,127,91,54,25,102,5,36,105,89,15,78" hai2="134,27,33,53,74,28,45,2,12,128,93,4,123" hai3="8,81,108,43,50,97,31,51,62,94,96,100,24"/><T40/><D68/><U3/><E3/><V66/><F74/><W79/><G108/><T1/><D1/><U37/><E127/><V7/><F123/><W57/><G97/><T84/><D121/><U30/><E36/><V9/><F128/><W103/><G100/><T107/><D18/><U44/><E37/><V82/><F134/><W95/><G94/><N who="0" m="56663" /><D40/><U92/><E44/><V17/><F66/><W14/><G43/><T61/><D61/><U60/><E105/><V67/><F67/><W65/><G31/><T58/><D58/><U21/><E78/><V77/><F93/><W55/><G24/><T135/><D38/><U71/><E71/><V116/><F116/><N who="0" m="44618" /><D115/><U86/><E102/><V130/><F130/><W125/><G125/><T10/><D10/><U109/><E109/><V101/><F101/><W42/><G42/><T122/><D122/><U73/><E73/><V106/><F106/><W70/><G70/><T41/><D41/><U120/><E120/><V32/><F32/><W47/><G47/><T129/><D129/><U22/><E89/><V63/><F2/><W131/><G131/><T20/><D20/><U29/><E15/><V72/><REACH who="2" step="1"/><F45/><REACH who="2" ten="728,115,2,145" step="2"/><W104/><G104/><T118/><D107/><U99/><E99/><V13/><F13/><W88/><G103/><T126/><D118/><U56/><E56/><AGARI ba="5,1" hai="4,7,9,12,17,27,28,33,53,56,63,72,77,82" machi="56" ten="40,5200,0" yaku="1,1,52,2,53,0" doraHai="0" doraHaiUra="112" who="2" fromWho="1" sc="728,0,115,-67,2,77,145,0" /><INIT seed="1,0,0,0,2,44" ten="728,48,79,145" oya="1" hai0="51,63,31,42,45,131,37,1,98,74,123,80,55" hai1="62,14,113,105,83,22,68,36,21,70,81,7,2" hai2="73,76,121,59,18,84,122,128,60,49,39,125,120" hai3="112,56,33,67,32,104,46,124,61,82,24,89,110"/><U19/><E113/><V135/><F73/><W132/><G112/><T4/><D123/><U53/><E36/><V134/><F76/><W133/><G104/><T26/><D131/><U126/><E105/><V64/><F84/><W20/><G124/><T29/><D98/><U85/><E126/><V13/><F125/><W43/><G110/><T92/><D92/><U116/><E116/><V10/><F39/><W5/><G5/><T11/><D63/><U30/><E2/><V28/><F28/><W35/><G82/><T15/><D26/><U47/><E7/><V16/><F128/><W71/><G89/><T75/><D15/><U78/><E30/><V117/><F117/><W129/><G71/><T48/><D74/><U52/><E22/><V88/><F88/><W8/><G8/><T54/><D54/><U87/><E47/><V106/><F106/><W118/><G118/><T40/><D40/><U115/><E115/><V101/><F101/><W25/><G129/><T109/><D109/><U90/><REACH who="1" step="1"/><E70/><REACH who="1" ten="728,38,79,145" step="2"/><V3/><F3/><W130/><G130/><T66/><D31/><U41/><E41/><V77/><F18/><W34/><G46/><T0/><D29/><U99/><E99/><V86/><F121/><W102/><G43/><T97/><D97/><U107/><E107/><V27/><F122/><W96/><G35/><T17/><D0/><U58/><E58/><N who="2" m="36887" /><F120/><W103/><G20/><T91/><D17/><U57/><E57/><V72/><F59/><W119/><G119/><T9/><D37/><U79/><E79/><V108/><F77/><W69/><G69/><RYUUKYOKU ba="0,1" sc="728,-10,38,30,79,-10,145,-10" hai1="14,19,21,52,53,62,68,78,81,83,85,87,90" /><INIT seed="1,1,1,0,5,116" ten="718,68,69,135" oya="1" hai0="98,111,46,18,30,133,80,57,94,35,21,45,56" hai1="95,53,55,32,68,22,36,114,118,4,130,0,105" hai2="15,104,6,26,119,25,101,76,110,126,112,17,83" hai3="65,81,20,49,90,34,91,85,99,93,82,12,71"/><U42/><E105/><V107/><F119/><W51/><G34/><T129/><D35/><U28/><E118/><V63/><F6/><W125/><G125/><T74/><D129/><U100/><E68/><V70/><F126/><W127/><G127/><T50/><D133/><U128/><E114/><V58/><F70/><W64/><G71/><T96/><D111/><U86/><E32/><V38/><F38/><W11/><G20/><T10/><D30/><U122/><E122/><V24/><F101/><W41/><G82/><T97/><D10/><N who="1" m="2311" /><E42/><V103/><F110/><W23/><G23/><T92/><D74/><U60/><E60/><V106/><F103/><W44/><REACH who="3" step="1"/><G49/><REACH who="3" ten="718,68,69,125" step="2"/><T14/><D80/><U84/><E22/><V43/><F112/><W134/><G134/><T78/><D78/><U131/><E131/><V40/><F83/><W27/><G27/><T75/><D75/><U39/><E128/><V123/><F76/><W124/><G124/><T33/><D33/><U77/><E130/><V5/><F25/><W115/><G115/><T37/><D37/><U87/><E77/><V48/><F26/><W89/><G89/><T31/><D31/><U88/><E28/><V79/><F24/><W62/><G62/><T8/><D21/><U9/><E36/><V19/><F79/><W113/><G113/><T120/><D50/><U7/><E39/><V16/><F48/><W47/><G47/><T59/><D46/><U109/><E109/><V66/><F123/><W121/><G121/><T69/><D45/><U29/><E29/><V13/><F13/><W132/><G132/><RYUUKYOKU ba="1,2" sc="718,-15,68,-15,69,15,125,15" hai2="5,15,16,17,19,40,43,58,63,66,104,106,107" hai3="11,12,41,44,51,64,65,81,85,90,91,93,99" /><INIT seed="2,2,2,2,4,75" ten="703,53,84,140" oya="2" hai0="21,85,11,25,53,112,116,79,0,130,70,74,31" hai1="37,100,45,90,29,78,9,95,2,64,4,57,65" hai2="51,54,68,121,93,67,119,15,32,20,58,135,10" hai3="124,80,83,102,94,6,49,52,96,48,47,103,117"/><V8/><F32/><W120/><G117/><T19/><D112/><U132/><E132/><V98/><F119/><W109/><G120/><T13/><D70/><U110/><E110/><V18/><F121/><W69/><G69/><T133/><D116/><U5/><E100/><V60/><REACH who="2" step="1"/><F135/><REACH who="2" ten="703,53,74,140" step="2"/><W77/><G109/><T14/><D133/><U36/><E29/><V43/><F43/><W128/><G128/><T30/><D30/><U106/><E106/><V87/><F87/><W1/><G124/><T59/><D85/><U111/><E111/><V88/><AGARI ba="2,3" hai="8,10,15,18,20,51,54,58,60,67,68,88,93,98" machi="88" ten="20,12000,1" yaku="1,1,0,1,7,1,54,1,53,1" doraHai="75" doraHaiUra="89" who="2" fromWho="2" sc="703,-42,53,-42,74,156,140,-42" /><INIT seed="2,3,0,4,5,18" ten="661,11,230,98" oya="2" hai0="69,114,55,32,49,58,61,33,130,67,108,102,34" hai1="29,80,19,62,94,6,36,86,118,74,98,77,91" hai2="47,13,52,24,125,38,72,66,104,111,5,4,132" hai3="103,75,9,97,105,26,28,43,22,14,76,20,123"/><V106/><F72/><W56/><G123/><T85/><D114/><U109/><E118/><V73/><F73/><W53/><G43/><T16/><D102/><U59/><E36/><V7/><F38/><W95/><G75/><T113/><D113/><U119/><E119/><V134/><F66/><W23/><G76/><T88/><D130/><U35/><E109/><V115/><F115/><W126/><G126/><T27/><D108/><U21/><E6/><V116/><F116/><W90/><G105/><T131/><D131/><U45/><E45/><V63/><F111/><W57/><G103/><T82/><REACH who="0" step="1"/><D16/><REACH who="0" ten="651,11,230,98" step="2"/><U41/><E41/><V92/><F125/><W0/><G0/><T87/><D87/><U100/><E29/><AGARI ba="3,1" hai="27,29,32,33,34,49,55,58,61,67,69,82,85,88" machi="29" ten="40,2600,0" yaku="1,1,54,1,53,0" doraHai="18" doraHaiUra="117" who="0" fromWho="1" sc="651,45,11,-35,230,0,98,0" owari="696,79.0,-24,-52.0,230,3.0,98,-30.0" /></mjloggm>