<mjloggm ver="2.3"><GO type="97" lobby="0"/><UN n0="%E3%82%A6%E3%83%AB%E3%83%88%E3%83%A9%E7%AB%8B%E7%9B%B4" n1="%54%41%4B%41%50%4E%47" n2="%EF%BC%BE%EF%BC%BE%EF%BC%9B%EF%BC%9B%EF%BC%9B" n3="%E9%9B%A2%E5%A9%9A%E6%99%82%E4%BB%A3" dan="15,13,13,14" rate="2055.05,1894.99,1850.49,1955.11" sx="M,M,F,M"/><TAIKYOKU oya="0"/><INIT seed="0,0,0,0,1,119" ten="250,250,250,250" oya="0" hai0="98,128,122,53,2,26,64,105,17,50,101,67,109" hai1="61,12,46,30,48,84,4,74,95,63,13,42,69" hai2="87,43,114,130,117,97,112,68,16,49,21,65,113" hai3="108,44,100,76,14,15,125,118,132,115,85,55,103"/><T80/><D2/><U66/><E74/><V35/><F35/><W91/><G118/><T28/><D128/><U127/><E127/><V38/><F117/><W54/><G76/><T78/><D109/><U56/><E30/><V20/><F20/><W96/><G103/><T0/><D0/><U33/><E33/><V10/><F10/><W3/><G3/><T27/><D27/><U106/><E106/><V94/><F130/><W31/><G31/><T131/><D17/><U123/><E123/><V92/><F38/><W29/><G29/><T7/><D7/><U18/><E4/><V60/><F43/><W79/><G79/><T1/><D1/><U6/><E6/><V121/><F49/><W34/><G44/><T51/><D51/><U124/><E124/><V58/><F68/><W86/><G91/><T22/><D131/><U93/><E84/><V73/><F73/><W39/><G39/><T120/><D67/><U129/><E12/><V19/><F21/><W52/><G34/><T24/><D64/><U116/><E116/><V83/><F94/><W81/><G14/><T102/><D102/><U126/><E129/><V88/><REACH who="2" step="1"/><F121/><REACH who="2" ten="250,250,240,250" step="2"/><W41/><G125/><T11/><D11/><N who="1" m="6463" /><E126/><V75/><F75/><W71/><G71/><T36/><D36/><U59/><E69/><V8/><F8/><W104/><G41/><T134/><D26/><U62/><E62/><V90/><AGARI ba="0,1" hai="16,19,58,60,65,83,87,88,90,92,97,112,113,114" machi="90" ten="30,8000,1" yaku="1,1,0,1,54,2,53,1" doraHai="119" doraHaiUra="57" who="2" fromWho="2" sc="250,-40,250,-20,240,90,250,-20" /><INIT seed="1,0,0,5,2,98" ten="210,230,330,230" oya="1" hai0="104,3,135,106,80,38,97,47,31,110,15,120,44" hai1="69,45,79,5,72,0,22,8,74,81,84,92,122" hai2="103,108,4,54,102,39,28,100,127,70,118,112,2" hai3="123,93,126,88,132,86,65,56,68,34,53,37,55"/><U87/><E122/><V32/><F118/><W52/><G123/><T23/><D3/><U10/><E69/><V51/><F39/><W24/><G37/><T115/><D120/><U59/><E10/><V43/><F43/><W41/><G41/><T109/><D115/><U33/><E33/><V9/><F70/><W20/><G34/><T21/><D38/><U73/><E45/><N who="0" m="17481" /><D31/><U63/><E22/><N who="0" m="8201" /><D80/><U105/><E105/><N who="0" m="40553" /><D97/><U19/><E19/><V7/><F112/><W85/><G132/><T40/><D40/><U67/><REACH who="1" step="1"/><E87/><REACH who="1" ten="210,220,330,230" step="2"/><V114/><F9/><W133/><G68/><T116/><D116/><U125/><E125/><V61/><F127/><W13/><G126/><T49/><D15/><U91/><AGARI ba="0,1" hai="0,5,8,59,63,67,72,73,74,79,81,84,91,92" machi="91" ten="30,3000,0" yaku="1,1,0,1,53,0" doraHai="98" doraHaiUra="17" who="1" fromWho="1" sc="210,-10,220,40,330,-10,230,-10" /><INIT seed="1,1,0,0,1,18" ten="200,260,320,220" oya="1" hai0="116,124,46,19,114,127,67,79,135,44,40,41,8" hai1="57,38,110,37,65,118,112,7,96,69,120,111,102" hai2="26,54,88,115,61,59,93,133,5,77,80,91,66" hai3="107,76,104,10,47,25,72,33,134,101,119,42,106"/><U121/><E7/><V105/><F105/><W123/><G123/><N who="1" m="47178" /><E118/><V90/><F133/><W71/><G134/><T34/><D34/><U58/><E96/><V11/><F115/><W94/><G71/><T39/><D135/><U45/><E102/><V23/><F66/><W132/><G132/><T21/><D116/><U84/><E84/><V50/><F50/><W82/><G119/><T78/><D114/><U64/><E112/><V1/><F80/><W97/><G10/><T49/><D67/><N who="1" m="25675" /><E69/><V14/><F77/><W3/><G3/><T12/><REACH who="0" step="1"/><D8/><REACH who="0" ten="190,260,320,220" step="2"/><U103/><E103/><V70/><F70/><W2/><G2/><T20/><D20/><U126/><E126/><AGARI ba="1,1" hai="12,19,21,39,40,41,44,46,49,78,79,124,126,127" machi="126" ten="40,5200,0" yaku="1,1,18,1,52,1,53,0" doraHai="18" doraHaiUra="109" who="0" fromWho="1" sc="190,65,260,-55,320,0,220,0" /><INIT seed="2,0,0,3,1,27" ten="255,205,320,220" oya="2" hai0="130,63,45,134,80,55,11,87,35,48,49,26,46" hai1="120,14,124,105,13,112,90,60,24,75,91,16,85" hai2="125,135,81,5,41,3,64,28,133,108,4,115,88" hai3="15,42,67,78,100,65,79,121,98,119,8,44,22"/><V111/><F115/><W114/><G121/><T68/><D130/><U73/><E120/><V19/><F125/><W36/><G119/><T6/><D134/><N who="2" m="51210" /><F64/><W122/><G122/><T32/><D63/><U51/><E105/><V109/><F41/><W74/><G114/><T96/><D96/><U56/><E112/><V37/><F37/><W94/><G22/><T107/><D107/><U71/><E124/><V118/><F118/><W70/><G74/><T57/><D57/><U31/><E71/><V54/><F3/><W129/><G129/><T84/><D68/><U25/><E73/><V38/><F38/><W58/><G70/><T126/><D126/><U89/><E75/><V43/><F43/><W128/><G128/><T127/><D127/><U53/><E85/><N who="2" m="50223" /><F28/><W104/><G104/><T123/><D123/><U82/><E82/><V9/><F54/><W0/><G0/><T69/><D69/><U86/><E86/><V7/><F9/><W21/><G21/><T110/><D87/><U132/><E132/><V20/><F19/><W2/><G2/><T12/><D35/><U52/><E31/><V102/><F20/><W72/><G72/><T92/><D32/><U62/><E60/><V97/><F97/><W34/><G34/><T83/><D26/><N who="1" m="10347" /><E16/><V106/><F102/><W50/><G36/><T29/><D29/><U59/><AGARI ba="0,0" hai="13,14,51,52,53,56,59,62,89,90,91" m="10347" machi="59" ten="30,2000,0" yaku="8,1,54,1" doraHai="27" who="1" fromWho="1" sc="255,-5,205,20,320,-10,220,-5" /><INIT seed="3,0,0,1,1,45" ten="250,225,310,215" oya="3" hai0="43,18,17,97,11,101,48,124,83,21,4,103,59" hai1="71,50,8,105,19,135,74,27,51,0,82,54,38" hai2="40,70,108,41,58,34,15,5,3,94,125,106,32" hai3="110,128,28,96,116,33,6,123,72,80,109,63,117"/><W107/><G6/><T36/><D36/><U62/><E38/><V75/><F15/><W44/><G123/><T130/><D130/><U99/><E135/><V42/><F5/><W61/><G44/><T49/><D43/><U68/><E71/><V79/><F58/><W39/><G39/><T65/><D124/><U93/><E105/><V23/><F23/><W90/><G90/><T56/><D83/><U98/><E0/><V26/><F79/><N who="3" m="44135" /><G61/><N who="0" m="38055" /><D59/><N who="1" m="35191" /><E68/><V112/><F42/><W88/><G88/><T102/><D97/><N who="1" m="36875" /><E74/><V129/><F41/><W22/><G22/><T120/><D120/><U14/><E82/><V37/><F40/><W13/><G13/><N who="0" m="7359" /><D4/><N who="1" m="3335" /><E93/><V86/><F37/><W16/><G63/><T9/><D9/><U104/><E104/><V89/><F70/><W121/><G16/><T131/><D131/><U127/><E127/><V81/><F106/><W25/><G128/><T12/><AGARI ba="0,0" hai="12,18,21,48,49,101,102,103" m="7359,38055" machi="12" ten="30,4000,0" yaku="8,1,52,2" doraHai="45" who="0" fromWho="0" sc="250,40,225,-10,310,-10,215,-20" owari="290,9.0,215,-18.0,300,39.0,195,-30.0" /></mjloggm>