<mjloggm ver="2.3"><GO type="97" lobby="0"/><UN n0="%74%6F%53%68%69%72%6F" n1="%70%6E%70%6E%70%61%69%6E" n2="%E3%82%A6%E3%83%AB%E3%83%88%E3%83%A9%E7%AB%8B%E7%9B%B4" n3="%6D%75%6E%6D%75%6E%63%68" dan="14,13,14,14" rate="1930.05,1956.72,1924.64,1878.28" sx="M,M,M,M"/><TAIKYOKU oya="0"/><INIT seed="0,0,0,1,4,40" ten="250,250,250,250" oya="0" hai0="51,16,44,120,86,88,118,58,8,94,47,24,113" hai1="129,95,43,133,3,101,1,25,99,78,115,102,30" hai2="122,20,28,124,60,34,9,100,127,55,39,18,19" hai3="84,50,82,70,52,21,116,23,62,10,112,97,134"/><T38/><D113/><U130/><E115/><V107/><F122/><W106/><G112/><T83/><D118/><U119/><E119/><V126/><F39/><W92/><G134/><T89/><D120/><U109/><E133/><V31/><F100/><W42/><G116/><T80/><D38/><U128/><E109/><V123/><F107/><W41/><G106/><T96/><D80/><U85/><E102/><V27/><F123/><W2/><G70/><T117/><D117/><U77/><E43/><V64/><F55/><W125/><G125/><T0/><D0/><N who="1" m="75" /><E85/><V110/><F9/><W7/><G62/><T87/><D96/><U67/><E67/><V79/><F79/><W14/><G2/><T48/><D58/><U53/><E53/><V61/><F110/><W103/><G41/><T4/><D4/><U114/><E114/><V72/><F72/><W13/><G13/><N who="0" m="7207" /><D24/><U73/><E73/><V17/><F64/><W26/><G42/><T76/><D76/><U45/><E45/><AGARI ba="0,0" hai="44,45,47,48,51,83,86,87,88,89,94" m="7207" machi="45" ten="30,18000,2" yaku="8,1,52,3,54,2" doraHai="40" who="0" fromWho="1" sc="250,180,250,-180,250,0,250,0" /><INIT seed="0,1,0,0,5,18" ten="430,70,250,250" oya="0" hai0="43,129,46,121,32,26,77,86,94,65,83,104,10" hai1="7,4,58,132,14,76,0,39,108,79,88,89,91" hai2="105,62,123,115,11,34,100,36,52,57,113,40,42" hai3="67,56,98,107,8,127,72,48,97,49,37,30,55"/><T45/><BYE who="1" /><D121/><U75/><E75/><V102/><F34/><W117/><G72/><T103/><D65/><U19/><E19/><V131/><F100/><W111/><G117/><T41/><D129/><U80/><E80/><V81/><F102/><W116/><G37/><T92/><D104/><U1/><E1/><V93/><F93/><W95/><G116/><T90/><D10/><U126/><E126/><V82/><F82/><W9/><G127/><T118/><D118/><U74/><E74/><V130/><F11/><W53/><G111/><T24/><D32/><U78/><E78/><V110/><F81/><W124/><G124/><T99/><D92/><U20/><E20/><V2/><F2/><W44/><G67/><T106/><D45/><U35/><E35/><V27/><F27/><W71/><G71/><T17/><D17/><U64/><E64/><V21/><F21/><W122/><G122/><T85/><REACH who="0" step="1"/><D43/><REACH who="0" ten="420,70,250,250" step="2"/><U31/><E31/><V66/><F105/><W3/><G107/><T25/><D25/><U59/><E59/><N who="2" m="37215" /><F123/><W33/><G33/><T51/><AGARI ba="1,1" hai="24,26,41,46,51,77,83,85,86,90,94,99,103,106" machi="51" ten="20,3900,0" yaku="1,1,0,1,7,1,53,0" doraHai="18" doraHaiUra="60" who="0" fromWho="0" sc="420,52,70,-14,250,-14,250,-14" /><INIT seed="0,2,0,2,4,57" ten="472,56,236,236" oya="0" hai0="129,35,11,68,5,42,50,32,71,34,106,6,75" hai1="105,67,9,79,111,74,99,77,63,46,41,66,124" hai2="96,95,131,26,31,135,15,61,94,134,70,3,104" hai3="101,20,118,117,58,113,36,86,16,119,97,37,38"/><T14/><D75/><U130/><E130/><V126/><F3/><W44/><G113/><T80/><D80/><U85/><E85/><V4/><F131/><W102/><G44/><T23/><D129/><U125/><E125/><V89/><F126/><W10/><G10/><T0/><D106/><U88/><E88/><N who="2" m="55367" /><F104/><W54/><G86/><T51/><D42/><U19/><E19/><V112/><F15/><W45/><G45/><T110/><D110/><U48/><E48/><V121/><F4/><W81/><G81/><T90/><D90/><U2/><E2/><V108/><F121/><W115/><G115/><T83/><D83/><U18/><E18/><V28/><F112/><W109/><G109/><T92/><D92/><U47/><E47/><V39/><F39/><W29/><G29/><T128/><D128/><U69/><E69/><V60/><F70/><W13/><REACH who="3" step="1"/><G97/><REACH who="3" ten="472,56,236,226" step="2"/><T93/><D11/><U65/><E65/><V21/><F108/><W40/><G40/><T127/><D127/><U64/><E64/><V43/><F43/><W78/><G78/><T25/><D0/><U103/><E103/><V33/><F31/><W72/><G72/><T1/><D1/><U56/><E56/><V59/><F59/><W133/><G133/><N who="2" m="50697" /><F33/><W98/><G98/><AGARI ba="2,1" hai="21,26,28,60,61,89,95,98" m="50697,55367" machi="98" ten="30,7700,0" yaku="20,1,52,2,54,1" doraHai="57" who="2" fromWho="3" sc="472,0,56,0,236,93,226,-83" /><INIT seed="1,0,0,0,2,13" ten="472,56,329,143" oya="1" hai0="26,119,70,113,124,45,96,134,19,128,39,133,1" hai1="135,122,4,89,54,35,8,14,53,3,127,65,87" hai2="116,67,44,17,104,40,131,79,42,123,112,11,88" hai3="62,10,58,68,93,74,97,132,110,52,91,7,121"/><U99/><E99/><V37/><F104/><W9/><G121/><T103/><D113/><U22/><E22/><V59/><F112/><W29/><G74/><T12/><D1/><U20/><E20/><V28/><F116/><W98/><G132/><N who="0" m="50795" /><D119/><U95/><E95/><V92/><F123/><W72/><G110/><T2/><D2/><U30/><E30/><V5/><F131/><W27/><G72/><T34/><D70/><U115/><E115/><V31/><F79/><W101/><G68/><T23/><D124/><U38/><E38/><V80/><F80/><W73/><G73/><T81/><D81/><U108/><E108/><V94/><F94/><W36/><G36/><T43/><D128/><U75/><E75/><V76/><F76/><W69/><G69/><T117/><D117/><U6/><E6/><V55/><F67/><W86/><G7/><T129/><D129/><U126/><E126/><V84/><F40/><W24/><G24/><T50/><D34/><U125/><E125/><V85/><F85/><W25/><G25/><T46/><D26/><U109/><E109/><V15/><REACH who="2" step="1"/><F5/><REACH who="2" ten="472,56,319,143" step="2"/><W0/><G0/><T61/><D43/><U77/><E77/><V106/><F106/><W66/><G66/><T60/><D96/><U57/><E57/><V49/><AGARI ba="0,1" hai="11,15,17,28,31,37,42,44,49,55,59,84,88,92" machi="49" ten="20,8000,1" yaku="1,1,0,1,7,1,52,1,54,1,53,0" doraHai="13" doraHaiUra="111" who="2" fromWho="2" sc="472,-20,56,-40,319,90,143,-20" /><INIT seed="2,0,0,3,5,2" ten="452,16,409,123" oya="2" hai0="1,67,17,34,100,26,42,97,12,47,20,29,116" hai1="112,30,52,58,35,56,45,109,49,4,41,63,69" hai2="55,108,119,28,95,18,25,125,115,130,5,132,82" hai3="107,43,15,6,99,68,33,127,36,135,64,81,61"/><V11/><F119/><W90/><G33/><T59/><D116/><U14/><E14/><N who="2" m="5487" /><F115/><W94/><G135/><T133/><D133/><U8/><E8/><V128/><F132/><W96/><G127/><T113/><D113/><U118/><E118/><V76/><F125/><W10/><G107/><T46/><D1/><U105/><E105/><V122/><F122/><W98/><G36/><T24/><D24/><U38/><E38/><V23/><F108/><W51/><G81/><T48/><D46/><U87/><E87/><N who="2" m="48583" /><F130/><W57/><G68/><T85/><D85/><U124/><E124/><V131/><F128/><W65/><G65/><T134/><D134/><U117/><E117/><V91/><F131/><W86/><G43/><T121/><D121/><U13/><E13/><V106/><F106/><W37/><G37/><T89/><D89/><U103/><E103/><V39/><F39/><W31/><G51/><T101/><D97/><U44/><E44/><V62/><F62/><W84/><G84/><T0/><D0/><U71/><E71/><V88/><F55/><W22/><G22/><T60/><AGARI ba="0,0" hai="12,17,20,26,29,34,42,47,48,59,60,67,100,101" machi="60" ten="30,1100,0" yaku="0,1" doraHai="2" who="0" fromWho="0" sc="452,11,16,-3,409,-5,123,-3" /><INIT seed="3,0,0,2,5,121" ten="463,13,404,120" oya="3" hai0="101,72,33,115,50,96,15,80,85,65,75,42,16" hai1="129,112,105,74,69,14,63,71,5,28,61,47,6" hai2="41,22,8,2,19,114,82,44,94,123,104,0,24" hai3="68,23,51,31,120,126,86,52,108,92,57,11,119"/><W122/><G68/><T17/><D33/><U79/><E79/><V53/><F104/><W102/><G119/><T49/><D115/><U130/><E130/><V25/><F114/><W95/><G126/><T27/><D65/><U125/><E125/><V48/><F123/><W135/><G135/><T36/><D36/><U89/><E89/><V83/><F2/><W3/><G3/><T58/><D27/><U7/><E7/><V34/><F34/><W118/><G118/><T37/><D37/><U10/><E10/><V39/><F0/><W116/><G116/><T18/><D15/><U127/><E127/><V32/><F32/><W62/><G11/><T60/><D72/><U107/><E107/><V59/><F8/><W87/><G87/><T70/><D70/><U77/><E77/><V12/><F12/><W110/><G62/><T35/><D35/><U88/><E88/><V111/><F25/><N who="3" m="16831" /><G92/><N who="0" m="58503" /><D75/><U40/><E40/><V43/><F43/><W100/><G86/><T64/><D42/><U45/><E45/><V9/><F9/><W54/><G54/><T97/><D97/><U81/><E81/><N who="2" m="30731" /><F94/><W106/><G106/><T98/><D98/><U73/><E73/><V46/><F46/><W21/><G21/><T67/><D67/><U99/><E99/><V90/><F90/><AGARI ba="0,0" hai="16,17,18,49,50,58,60,64,80,85,90" m="58503" machi="90" ten="30,2000,0" yaku="8,1,54,1" doraHai="121" who="0" fromWho="2" sc="463,20,13,0,404,-20,120,0" owari="483,59.0,13,-49.0,384,18.0,120,-28.0" /></mjloggm>