<mjloggm ver="2.3"><GO type="97" lobby="0"/><UN n0="%66%75%6D%69%68%69%64%65" n1="%E6%96%B0%E7%94%9F%E3%83%A9%E3%83%B3%E3%83%89" n2="%EF%BC%96%EF%BC%96" n3="%E3%82%A6%E3%83%AB%E3%83%88%E3%83%A9%E7%AB%8B%E7%9B%B4" dan="13,13,16,14" rate="1804.27,1810.32,2060.72,1920.87" sx="M,M,M,M"/><TAIKYOKU oya="0"/><INIT seed="0,0,0,0,2,114" ten="250,250,250,250" oya="0" hai0="45,24,62,105,32,72,3,41,135,113,121,98,134" hai1="43,25,60,131,82,2,33,118,5,86,11,50,57" hai2="34,126,97,102,120,6,75,116,106,123,4,76,110" hai3="23,54,104,1,18,61,117,56,49,14,129,124,83"/><T36/><D113/><U9/><E131/><V38/><F6/><W132/><G104/><T17/><D17/><U51/><E11/><V91/><F4/><W15/><G1/><T66/><D121/><U101/><E101/><V122/><F34/><W63/><G129/><T94/><D94/><U99/><E99/><V59/><F59/><W112/><G112/><T88/><D88/><U130/><E130/><V20/><F20/><W42/><G132/><T12/><D12/><U22/><E33/><V81/><F38/><W95/><G124/><T100/><D3/><U127/><E43/><V90/><F126/><W84/><G117/><T119/><D72/><U70/><E70/><V115/><F115/><W16/><G95/><T10/><D10/><U69/><E69/><V48/><F48/><W28/><G28/><T13/><D13/><U111/><E111/><V21/><F21/><N who="3" m="11415" /><G42/><T77/><D77/><AGARI ba="0,0" hai="15,18,23,49,54,56,61,63,77,83,84" m="11415" machi="77" ten="30,2000,0" yaku="8,1,54,1" doraHai="114" who="3" fromWho="0" sc="250,-20,250,0,250,0,250,20" /><INIT seed="1,0,0,1,2,74" ten="230,250,250,270" oya="1" hai0="10,39,51,131,99,130,67,8,124,53,117,7,56" hai1="97,2,69,46,107,17,77,27,64,119,91,84,109" hai2="123,111,23,112,129,29,3,115,125,86,101,47,12" hai3="113,65,83,133,19,118,13,98,30,96,80,76,57"/><U63/><E119/><V34/><F3/><W87/><G113/><N who="2" m="43593" /><F125/><W116/><G133/><T9/><D39/><U78/><E109/><V5/><F123/><W59/><G30/><T14/><D117/><N who="3" m="45161" /><G83/><T31/><D31/><U90/><E2/><V128/><F111/><W58/><G65/><T127/><D99/><U61/><E61/><V18/><F101/><W44/><G44/><T114/><D114/><U41/><E107/><V42/><F86/><W49/><G49/><T89/><D89/><U20/><E97/><V0/><F34/><W25/><G25/><T50/><D67/><U40/><E40/><V135/><F29/><W105/><G105/><T16/><D50/><U66/><E66/><V121/><F135/><W82/><G82/><T68/><D68/><U6/><E6/><V103/><F103/><W21/><AGARI ba="0,0" hai="13,19,21,57,58,59,76,80,87,96,98" m="45161" machi="21" ten="30,2000,0" yaku="12,1,52,1" doraHai="74" who="3" fromWho="3" sc="230,-5,250,-10,250,-5,270,20" /><INIT seed="2,0,0,4,1,62" ten="225,240,245,290" oya="2" hai0="122,90,91,66,8,21,123,135,43,102,79,16,7" hai1="36,28,104,83,23,24,86,42,82,72,125,89,134" hai2="47,22,46,68,119,117,124,39,0,131,85,69,35" hai3="113,97,95,74,30,132,130,80,92,65,115,112,81"/><V57/><F35/><W76/><G30/><T52/><D122/><U17/><E104/><V103/><F0/><W15/><G15/><T2/><D123/><U49/><E125/><V32/><F32/><W84/><G65/><T51/><D43/><U26/><E134/><V37/><F22/><W120/><G120/><T55/><D135/><U60/><E60/><V6/><F85/><W105/><G132/><T38/><D102/><U40/><E36/><N who="2" m="13899" /><F6/><W58/><G58/><T108/><D38/><U77/><REACH who="1" step="1"/><E49/><REACH who="1" ten="225,230,245,290" step="2"/><V41/><F124/><W75/><G105/><T70/><D108/><U133/><E133/><V109/><F109/><W100/><G130/><T14/><D79/><U126/><E126/><V128/><F103/><W27/><G113/><T63/><D55/><U127/><E127/><V33/><F41/><W3/><G100/><T73/><D73/><U19/><E19/><V59/><F131/><W129/><G115/><T53/><D53/><U121/><E121/><V71/><F128/><W9/><G112/><T67/><REACH who="0" step="1"/><D67/><REACH who="0" ten="215,230,245,290" step="2"/><U61/><E61/><V44/><F33/><AGARI ba="0,2" hai="17,23,24,26,28,33,40,42,72,77,82,83,86,89" machi="33" ten="30,2000,0" yaku="1,1,7,1,53,0" doraHai="62" doraHaiUra="94" who="1" fromWho="2" sc="215,0,230,40,245,-20,290,0" /><INIT seed="3,0,0,0,1,27" ten="215,270,225,290" oya="3" hai0="107,14,129,127,52,8,26,25,49,13,105,2,124" hai1="11,121,60,21,122,82,66,103,118,130,75,65,80" hai2="73,61,31,55,81,7,126,112,38,6,128,36,17" hai3="125,132,109,84,79,74,106,59,99,77,119,92,72"/><W93/><G59/><T90/><D2/><U135/><E103/><V71/><F112/><W123/><G123/><T29/><D90/><U69/><E130/><V44/><F17/><W57/><G57/><T108/><D108/><U70/><E135/><V4/><F128/><W23/><G23/><T56/><D129/><U53/><E118/><V116/><F116/><W34/><G34/><T30/><D8/><U87/><E75/><N who="3" m="28714" /><G119/><T10/><D10/><U131/><E131/><V54/><F31/><W3/><G3/><T98/><D98/><U19/><E11/><V42/><F38/><W24/><G24/><T12/><D26/><U91/><E53/><V37/><F36/><W100/><G109/><T41/><D41/><U43/><E43/><V88/><F73/><W64/><G64/><T95/><D95/><N who="3" m="36425" /><G132/><T133/><D133/><U86/><E66/><V97/><F97/><W96/><G125/><N who="0" m="48203" /><D25/><U9/><E70/><V67/><F126/><W63/><G63/><T104/><AGARI ba="0,0" hai="12,13,14,29,30,49,52,56,104,105,107" m="48203" machi="104" ten="40,8000,1" yaku="18,1,52,2,54,1" doraHai="27" who="0" fromWho="0" sc="215,80,270,-20,225,-20,290,-40" /><INIT seed="4,0,0,0,0,29" ten="295,250,205,250" oya="0" hai0="82,42,46,6,23,4,122,1,95,8,123,124,90" hai1="110,132,100,135,69,131,61,128,50,125,74,98,66" hai2="49,119,7,17,27,52,28,129,97,67,113,134,99" hai3="34,92,25,39,107,116,56,87,51,20,84,45,101"/><T38/><D6/><U96/><E110/><V47/><F119/><W44/><G116/><T115/><D115/><U65/><E74/><V5/><F17/><W76/><G107/><T41/><D41/><U106/><E50/><V70/><F113/><W26/><G39/><T86/><D124/><U130/><E66/><V33/><F134/><N who="1" m="51241" /><E98/><V57/><F129/><N who="1" m="33025" /><U48/><DORA hai="18" /><E48/><V9/><F70/><W79/><G34/><T36/><D36/><U103/><E103/><V83/><F83/><N who="3" m="47207" /><G26/><T3/><D3/><U37/><E37/><V24/><F24/><W35/><G35/><T127/><D127/><AGARI ba="0,0" hai="61,65,69,96,100,106,125,127" m="33025,51241" machi="127" ten="50,8000,1" yaku="30,2,20,1,19,1,23,1" doraHai="29,18" who="1" fromWho="0" sc="295,-80,250,80,205,0,250,0" owari="215,-18.0,330,42.0,205,-29.0,250,5.0" /></mjloggm>