<mjloggm ver="2.3"><GO type="97" lobby="0"/><UN n0="%E3%82%AA%E3%83%AC%E3%83%A0%E3%83%97" n1="%69%6A%69%67%65%6E" n2="%E3%82%A6%E3%83%AB%E3%83%88%E3%83%A9%E7%AB%8B%E7%9B%B4" n3="%E5%8D%83%E7%9F%B3%E6%92%AB%E5%AD%90%40" dan="15,15,14,14" rate="1986.88,1994.86,1962.49,1903.04" sx="M,M,M,F"/><TAIKYOKU oya="0"/><INIT seed="0,0,0,5,1,92" ten="250,250,250,250" oya="0" hai0="72,116,112,127,30,67,37,73,6,104,20,47,12" hai1="68,10,60,66,46,86,89,48,51,24,75,131,76" hai2="71,130,31,85,83,110,0,15,42,108,7,134,102" hai3="95,58,61,78,2,82,65,1,103,3,27,14,59"/><T4/><D116/><U96/><E131/><V91/><F0/><W124/><G124/><T28/><D112/><U101/><E10/><N who="2" m="4575" /><F71/><W133/><G133/><T33/><D67/><U45/><E75/><V90/><F134/><W126/><G126/><T8/><D127/><U34/><E76/><N who="2" m="46311" /><F130/><W63/><G14/><T120/><D120/><U17/><E46/><V135/><F135/><W100/><G27/><T88/><D104/><U74/><E74/><V77/><F77/><W43/><G43/><T106/><D106/><U19/><E19/><V70/><F70/><W53/><REACH who="3" step="1"/><G95/><REACH who="3" ten="250,250,250,240" step="2"/><T54/><D33/><U18/><E18/><V128/><F128/><W16/><G16/><T87/><D6/><U69/><E17/><V81/><F42/><W94/><G94/><T115/><D30/><U80/><E45/><V39/><F31/><W40/><G40/><T97/><D37/><U32/><E32/><V117/><F39/><W129/><G129/><T121/><D28/><N who="1" m="19719" /><E68/><V55/><F117/><W36/><G36/><T23/><D47/><U52/><E52/><V64/><F55/><W35/><G35/><T41/><D54/><U11/><E11/><V79/><F64/><W125/><G125/><T123/><D41/><U9/><E9/><V21/><F21/><W132/><G132/><T44/><D123/><U22/><E22/><V26/><F26/><W99/><G99/><T98/><D121/><U49/><E49/><V118/><F118/><W56/><G56/><T119/><D44/><U5/><E5/><V13/><F13/><W109/><G109/><T50/><D119/><RYUUKYOKU ba="0,1" sc="250,-15,250,15,250,-15,240,15" hai1="48,51,60,66,69,80,86,89,96,101" hai3="1,2,3,53,58,59,61,63,65,78,82,100,103" /><INIT seed="1,1,1,3,2,64" ten="235,265,235,255" oya="1" hai0="26,50,17,123,28,22,58,5,0,76,2,77,20" hai1="36,120,103,92,44,72,114,87,21,11,69,19,49" hai2="115,70,107,129,9,112,13,53,109,134,100,60,66" hai3="101,30,37,121,18,98,127,130,65,1,27,79,10"/><U73/><E114/><N who="2" m="43563" /><F109/><W110/><G37/><T93/><D123/><U57/><E120/><V7/><F129/><W75/><G121/><T42/><D2/><U108/><E36/><V96/><F53/><W3/><G110/><T106/><D106/><U6/><E108/><V62/><F62/><W116/><G65/><T51/><D51/><U80/><E69/><N who="2" m="42183" /><F134/><W135/><G135/><T14/><D5/><U31/><E57/><V63/><F63/><W124/><G130/><T131/><D0/><U56/><E56/><V55/><F55/><W23/><G116/><T88/><D131/><U71/><E71/><AGARI ba="1,1" hai="7,9,13,70,71,96,100,107" m="42183,43563" machi="71" ten="30,7700,0" yaku="11,1,52,3" doraHai="64" who="2" fromWho="1" sc="235,0,265,-80,235,90,255,0" /><INIT seed="2,0,0,4,0,46" ten="235,185,325,255" oya="2" hai0="0,132,78,127,26,53,29,111,109,88,21,2,32" hai1="64,30,38,131,73,69,25,16,43,66,61,96,128" hai2="81,76,4,80,34,67,115,129,95,120,10,3,99" hai3="35,51,60,68,5,103,62,14,18,100,44,72,82"/><V39/><F34/><W121/><G35/><T83/><D127/><U112/><E112/><V117/><F117/><W52/><G121/><T92/><D132/><U102/><E73/><V20/><F115/><W101/><G5/><T45/><D45/><U8/><E66/><V87/><F129/><W135/><G135/><T90/><D53/><U105/><E43/><V70/><F120/><W65/><G62/><T91/><D92/><U89/><E89/><V59/><F39/><W79/><G103/><T104/><D104/><U118/><E38/><V63/><F20/><AGARI ba="0,0" hai="14,18,20,44,51,52,60,65,68,72,79,82,100,101" machi="20" ten="30,3900,0" yaku="7,1,52,1,54,1" doraHai="46" who="3" fromWho="2" sc="235,0,185,0,325,-39,255,39" /><INIT seed="3,0,0,5,4,19" ten="235,185,286,294" oya="3" hai0="30,129,24,56,126,37,95,94,88,39,131,44,48" hai1="14,119,80,84,45,106,27,66,101,70,38,53,47" hai2="2,76,125,50,109,58,64,97,135,17,78,123,86" hai3="82,83,25,116,5,130,57,55,8,11,51,28,92"/><W52/><G116/><T72/><D72/><U127/><E119/><V68/><F2/><W35/><G130/><N who="0" m="49675" /><D56/><U10/><E127/><V107/><F68/><W54/><G8/><T124/><D95/><U61/><E38/><N who="0" m="14345" /><D44/><U100/><E106/><V33/><F33/><W73/><G92/><T71/><D48/><U16/><E27/><V110/><F135/><W115/><G115/><T75/><D75/><U67/><E66/><V21/><F125/><N who="0" m="48234" /><D71/><U62/><E62/><N who="2" m="37975" /><F50/><W65/><G51/><T59/><D59/><N who="1" m="35055" /><E67/><V96/><F123/><W112/><G112/><T3/><D3/><U113/><E70/><V63/><F63/><N who="3" m="38127" /><G73/><T103/><D103/><N who="1" m="39499" /><E113/><V117/><F107/><W108/><G83/><T111/><D111/><N who="2" m="42506" /><F117/><W91/><G108/><T46/><D46/><U134/><E134/><V120/><F120/><W0/><G82/><T93/><D88/><AGARI ba="0,0" hai="10,14,16,45,47,80,84,88" m="39499,35055" machi="88" ten="30,3900,0" yaku="8,1,54,2" doraHai="19" who="1" fromWho="0" sc="235,-39,185,39,286,0,294,0" /><INIT seed="4,0,0,4,1,5" ten="196,224,286,294" oya="0" hai0="53,21,26,56,97,98,123,59,75,119,63,25,55" hai1="66,89,90,95,74,9,61,68,64,69,80,29,99" hai2="1,47,18,120,11,84,50,77,103,131,6,23,91" hai3="4,17,24,70,39,76,15,72,94,0,44,107,128"/><T73/><D119/><U129/><E129/><V108/><F108/><W101/><G70/><T105/><D123/><U3/><E29/><V100/><F77/><W60/><G128/><T42/><D42/><U27/><E27/><V102/><F131/><W116/><G116/><T93/><D105/><U124/><E124/><V132/><F132/><W40/><G60/><T28/><D26/><U31/><E31/><V114/><F114/><W46/><G46/><T106/><D106/><U10/><E3/><V20/><F120/><W51/><G24/><T54/><D98/><U115/><E115/><V135/><F135/><W122/><G122/><T104/><D104/><U43/><E43/><V121/><F121/><W83/><G107/><T36/><D36/><U125/><E125/><V32/><F32/><W8/><G94/><T81/><D81/><U111/><E111/><V16/><F23/><N who="3" m="11711" /><G51/><T52/><REACH who="0" step="1"/><D59/><REACH who="0" ten="186,224,286,294" step="2"/><U57/><E57/><V82/><F102/><AGARI ba="0,1" hai="0,4,8,39,40,44,72,76,83,101,102" m="11711" machi="102" ten="30,2000,0" yaku="25,1,52,1" doraHai="5" who="3" fromWho="2" sc="186,0,224,0,286,-20,294,30" /><AGARI ba="0,0" hai="21,25,28,52,53,54,55,56,63,73,75,93,97,102" machi="102" ten="40,7700,0" yaku="1,1,2,1,54,1,53,0" doraHai="5" doraHaiUra="79" who="0" fromWho="2" sc="186,77,224,0,266,-77,324,0" /><INIT seed="4,1,0,1,2,104" ten="263,224,189,324" oya="0" hai0="51,88,68,7,94,44,82,114,45,113,1,15,115" hai1="54,46,120,71,37,3,97,27,58,98,59,29,131" hai2="132,99,17,79,53,16,126,41,76,130,0,30,117" hai3="77,78,19,67,50,129,13,95,86,9,61,26,22"/><T49/><D68/><U93/><E120/><V89/><F0/><W102/><G129/><T35/><D35/><U96/><E71/><V122/><F122/><W36/><G36/><T83/><D1/><U107/><E107/><V87/><F130/><W63/><G50/><N who="0" m="18955" /><D7/><U91/><E3/><V34/><F34/><W128/><G128/><T55/><D55/><U135/><E131/><V47/><F132/><W56/><G63/><T118/><D118/><U75/><E75/><V119/><F126/><W57/><G57/><T106/><D106/><U110/><E110/><V31/><F53/><W38/><G38/><T39/><D15/><U62/><E59/><V64/><F64/><W127/><G127/><T103/><D103/><U10/><E10/><V125/><F125/><W101/><G101/><T84/><D44/><U4/><E4/><V105/><F105/><W5/><G86/><T32/><D32/><U8/><E8/><V23/><F87/><W121/><G121/><T72/><D72/><U70/><E70/><V25/><F47/><W6/><G6/><T21/><D21/><U28/><E135/><V108/><F23/><W66/><G66/><T33/><D33/><U20/><E29/><V65/><F65/><W123/><G123/><T80/><D45/><U14/><E14/><V60/><F108/><W11/><G11/><T116/><D116/><U133/><E133/><V111/><F111/><W2/><G2/><T85/><D39/><U92/><E92/><V12/><F12/><W73/><G73/><T134/><D134/><U40/><AGARI ba="1,0" hai="20,27,28,37,40,46,54,58,62,91,93,96,97,98" machi="40" ten="30,1100,0" yaku="0,1" doraHai="104" who="1" fromWho="1" sc="263,-6,224,14,189,-4,324,-4" owari="257,6.0,238,-16.0,185,-31.0,320,41.0" /></mjloggm>