<mjloggm ver="2.3"><GO type="97" lobby="0"/><UN n0="%E2%98%86%E3%82%A2%E3%82%B9%E3%83%88%E3%83%AC%E3%82%A2%E2%98%86" n1="%E6%A1%9C%E7%AB%9C%E2%80%A0%E9%A6%99%E8%98%AD" n2="%E3%81%B2%E3%82%8D%E3%82%86%E3%81%8D%EF%BD%83%EF%BD%83%EF%BD%83" n3="%E3%82%A6%E3%83%AB%E3%83%88%E3%83%A9%E7%AB%8B%E7%9B%B4" dan="15,15,13,14" rate="1962.69,1945.76,1918.55,1974.97" sx="F,M,M,M"/><TAIKYOKU oya="0"/><INIT seed="0,0,0,2,3,67" ten="250,250,250,250" oya="0" hai0="12,117,77,115,9,70,80,16,37,47,119,103,49" hai1="125,135,62,44,60,83,2,5,7,59,84,18,63" hai2="87,22,114,23,106,31,50,30,29,39,126,102,110" hai3="105,21,51,35,55,86,25,10,129,81,56,65,34"/><T11/><D115/><U71/><E135/><V46/><F114/><W107/><G129/><T14/><D37/><U99/><E125/><V123/><F39/><W8/><G105/><T53/><D103/><U36/><E2/><V42/><F123/><W112/><G107/><T92/><D92/><U40/><E99/><V17/><F126/><W54/><G112/><T19/><REACH who="0" step="1"/><D70/><REACH who="0" ten="240,250,250,250" step="2"/><U101/><E71/><V33/><F33/><W98/><G35/><T6/><D6/><U89/><E101/><V28/><F106/><W109/><G34/><T15/><D15/><U24/><E5/><V97/><F102/><W45/><G109/><T104/><D104/><U61/><E7/><V26/><F110/><W4/><G4/><T73/><AGARI ba="0,1" hai="9,11,12,14,16,19,47,49,53,73,77,80,117,119" machi="73" ten="20,18000,2" yaku="1,1,0,1,7,1,9,1,54,1,53,1" doraHai="67" doraHaiUra="78" who="0" fromWho="0" sc="240,190,250,-60,250,-60,250,-60" /><INIT seed="0,1,0,2,3,30" ten="430,190,190,190" oya="0" hai0="35,97,50,48,130,131,59,82,33,121,2,132,23" hai1="113,96,54,29,124,42,117,108,14,94,81,69,107" hai2="3,7,70,21,4,32,28,73,11,63,79,83,9" hai3="58,125,40,84,12,93,105,44,62,92,64,98,111"/><T135/><D2/><U19/><E117/><V25/><F63/><W118/><G118/><T47/><D121/><U49/><E108/><V85/><F85/><W129/><G129/><N who="0" m="49163" /><D97/><U127/><E69/><V104/><F21/><W24/><G111/><T65/><D82/><U38/><E107/><V52/><F52/><W17/><G125/><T15/><D65/><U27/><E81/><V61/><F61/><W22/><G84/><T126/><D59/><U78/><E78/><V90/><F90/><W91/><G105/><T55/><D50/><U10/><E113/><V16/><F16/><W114/><G114/><T112/><D112/><U60/><E60/><V57/><F57/><W133/><G133/><N who="0" m="51275" /><D126/><N who="1" m="48171" /><E38/><V89/><F89/><W102/><G93/><T0/><D0/><U99/><E42/><V77/><F77/><W6/><G91/><T26/><D15/><U87/><E87/><V68/><REACH who="2" step="1"/><F104/><REACH who="2" ten="430,190,180,190" step="2"/><W45/><G40/><T88/><D88/><U39/><E39/><V86/><F86/><W56/><G56/><T75/><D75/><U36/><E36/><V53/><F53/><W128/><G128/><T18/><AGARI ba="1,1" hai="18,23,26,33,35,47,48,55" m="51275,49163" machi="18" ten="30,11700,0" yaku="19,1,20,1,52,2" doraHai="30" who="0" fromWho="0" sc="430,130,190,-40,180,-40,190,-40" /><INIT seed="0,2,0,5,5,84" ten="560,150,140,150" oya="0" hai0="99,75,115,119,77,68,87,24,82,70,100,51,93" hai1="12,7,54,71,44,110,90,103,30,20,48,127,2" hai2="8,6,108,29,62,130,49,79,38,102,39,45,88" hai3="57,94,122,74,10,135,59,18,40,124,52,1,76"/><T47/><D115/><U107/><E71/><V97/><F130/><W36/><G124/><T0/><D0/><U117/><E127/><V15/><F108/><W89/><G135/><T69/><D119/><U17/><E117/><V9/><F79/><W98/><G122/><T66/><D24/><U72/><E72/><V53/><F29/><W33/><G33/><T78/><D78/><U5/><E110/><V114/><F114/><W35/><G35/><T21/><D21/><U129/><E129/><V116/><F116/><W50/><G36/><T67/><REACH who="0" step="1"/><D75/><REACH who="0" ten="550,150,140,150" step="2"/><U19/><E2/><V56/><F8/><W111/><G111/><T83/><D83/><U123/><E123/><V16/><F6/><W34/><G34/><T73/><D73/><U3/><E5/><V133/><F133/><W109/><G109/><T128/><D128/><U126/><E7/><V106/><F39/><W4/><G76/><T55/><AGARI ba="2,1" hai="47,51,55,66,67,68,69,70,77,82,87,93,99,100" machi="55" ten="30,3000,0" yaku="1,1,0,1,53,0" doraHai="84" doraHaiUra="22" who="0" fromWho="0" sc="550,46,150,-12,140,-12,150,-12" /><INIT seed="0,3,0,3,0,108" ten="596,138,128,138" oya="0" hai0="5,85,126,118,80,25,6,100,60,15,26,86,53" hai1="92,13,84,38,45,134,50,46,115,77,3,104,35" hai2="52,111,58,21,41,94,51,24,64,8,34,73,102" hai3="19,122,68,29,119,71,59,72,79,11,31,109,131"/><T4/><D118/><U117/><E3/><V61/><F111/><W37/><G19/><T17/><D126/><U120/><E104/><V82/><F34/><W96/><G11/><T22/><D100/><U43/><E35/><V89/><F8/><W48/><G96/><T1/><D1/><U0/><E0/><V132/><F132/><W42/><G79/><N who="0" m="46239" /><D86/><U28/><E28/><V54/><F73/><W36/><G29/><T49/><D60/><U44/><E117/><V127/><F82/><W47/><G31/><T101/><D101/><U95/><E120/><V63/><F63/><W56/><G72/><T74/><D74/><U67/><E67/><V75/><F75/><W57/><G109/><T123/><D123/><U14/><E134/><V128/><F128/><W65/><G131/><T125/><D125/><U90/><E77/><V33/><F33/><W133/><G133/><T112/><D112/><U110/><E110/><V66/><F102/><W10/><G10/><T78/><D78/><U116/><E116/><V40/><F127/><W27/><G27/><T121/><D121/><U114/><E95/><V7/><F7/><W18/><G18/><T107/><D107/><U99/><E84/><N who="2" m="52519" /><F21/><W69/><G119/><T93/><D93/><U9/><E38/><N who="3" m="14954" /><G122/><T91/><D91/><U97/><E97/><V87/><F24/><W83/><G83/><T30/><D30/><U98/><E98/><V70/><F87/><W55/><G65/><N who="2" m="25193" /><F70/><N who="3" m="17923" /><W16/><DORA hai="12" /><G16/><T106/><D106/><U20/><E9/><V32/><F32/><W103/><G103/><T23/><D23/><RYUUKYOKU ba="3,0" sc="596,10,138,-30,128,10,138,10" hai0="4,5,6,15,17,22,25,26,49,53" hai2="40,41,51,52,54,58,61" hai3="42,47,48,55,56,57,59" /><INIT seed="0,4,0,3,1,24" ten="606,108,138,148" oya="0" hai0="121,116,69,76,34,9,59,79,100,25,31,12,62" hai1="88,85,47,13,46,110,82,128,36,78,21,122,3" hai2="11,17,33,132,64,124,7,92,40,106,99,28,50" hai3="42,84,44,45,105,54,104,81,10,97,30,55,123"/><T126/><D116/><U129/><E122/><V0/><F106/><W32/><G123/><T117/><D121/><U18/><E3/><V19/><F124/><W39/><G104/><T26/><D117/><U43/><E110/><V1/><F64/><W8/><G105/><T134/><D126/><U90/><REACH who="1" step="1"/><E47/><REACH who="1" ten="606,98,138,148" step="2"/><V89/><F1/><W74/><G44/><T66/><D134/><U27/><E27/><V48/><F132/><W111/><G45/><T35/><D100/><U73/><E73/><V29/><F40/><W108/><G74/><T119/><D119/><U6/><E6/><V102/><F33/><W61/><G42/><T130/><D26/><U38/><E38/><V68/><F68/><W77/><G39/><T118/><D35/><U98/><E98/><V96/><F96/><W103/><G97/><T58/><D118/><U101/><E101/><V70/><F70/><W56/><G103/><T49/><D69/><U95/><E95/><V133/><F102/><W127/><G127/><T22/><D34/><U63/><E63/><V16/><REACH who="2" step="1"/><F133/><REACH who="2" ten="606,98,128,148" step="2"/><W41/><G41/><T4/><D130/><AGARI ba="4,2" hai="13,18,21,36,43,46,78,82,85,88,90,128,129,130" machi="130" ten="40,8000,1" yaku="1,1,19,1,54,1,53,1" doraHai="24" doraHaiUra="72" who="1" fromWho="0" sc="606,-92,98,112,128,0,148,0" /><INIT seed="1,0,0,5,1,48" ten="514,210,128,148" oya="1" hai0="91,30,111,19,131,8,57,126,125,72,84,41,107" hai1="3,118,44,99,129,76,60,87,34,65,25,120,77" hai2="85,89,39,21,78,22,124,27,56,46,110,69,96" hai3="82,42,43,7,12,127,79,11,20,14,133,18,0"/><U88/><E3/><V95/><F69/><W68/><G68/><T6/><D72/><U73/><E120/><V55/><F124/><N who="0" m="47722" /><D111/><U9/><E118/><V93/><F110/><W83/><G127/><T63/><D107/><U64/><E129/><V40/><F78/><N who="1" m="30313" /><E73/><V51/><REACH who="2" step="1"/><F27/><REACH who="2" ten="514,210,118,148" step="2"/><W98/><G133/><T26/><D131/><U90/><E25/><V132/><F132/><W100/><G0/><T53/><D26/><U49/><E34/><V119/><F119/><W1/><G1/><T58/><D30/><U75/><E75/><V66/><F66/><W17/><G79/><T123/><D123/><U92/><E65/><V103/><AGARI ba="0,1" hai="21,22,39,40,46,51,55,56,85,89,93,95,96,103" machi="103" ten="20,8000,1" yaku="1,1,0,1,7,1,52,1,53,1" doraHai="48" doraHaiUra="80" who="2" fromWho="2" sc="514,-20,210,-40,118,90,148,-20" /><INIT seed="2,0,0,0,4,63" ten="494,170,208,128" oya="2" hai0="25,78,85,56,52,123,48,87,130,20,46,98,135" hai1="37,19,104,84,132,42,41,79,9,68,99,102,26" hai2="103,58,45,119,59,49,128,47,34,30,38,109,70" hai3="101,92,57,69,32,40,113,15,7,29,116,17,67"/><V120/><F120/><W16/><G116/><T97/><D123/><U11/><E132/><V73/><F119/><W91/><G113/><T129/><D135/><U55/><E11/><V65/><F73/><W50/><G69/><T27/><D27/><U108/><E108/><V36/><F109/><W94/><G32/><T114/><D114/><U21/><E9/><V121/><F121/><W96/><G29/><T74/><D74/><U126/><E126/><V90/><F103/><W22/><G7/><T24/><D24/><U23/><E23/><V3/><F3/><W18/><G40/><T12/><D12/><U51/><E68/><V95/><F30/><W54/><REACH who="3" step="1"/><G67/><REACH who="3" ten="494,170,208,118" step="2"/><T82/><D130/><U75/><E41/><V88/><F34/><W2/><G2/><T8/><D129/><U76/><E42/><V93/><F70/><W107/><G107/><T71/><D71/><U118/><E118/><V111/><F128/><W35/><G35/><T134/><D134/><U125/><E104/><V31/><F31/><W39/><G39/><T80/><D8/><U13/><E37/><V122/><F122/><W61/><G61/><T10/><D10/><U112/><E112/><V4/><F4/><W133/><G133/><T100/><D20/><U117/><E21/><V105/><F105/><W5/><G5/><T43/><D25/><U28/><E26/><V1/><F1/><W0/><G0/><T60/><D100/><U89/><E102/><V86/><F111/><W72/><G72/><T53/><D43/><U115/><E75/><V64/><F49/><W124/><G124/><RYUUKYOKU ba="0,1" sc="494,10,170,-30,208,10,118,10" hai0="46,48,52,53,56,60,78,80,82,85,87,97,98" hai2="36,38,45,47,58,59,64,65,86,88,90,93,95" hai3="15,16,17,18,22,50,54,57,91,92,94,96,101" /><INIT seed="2,1,1,5,5,21" ten="504,140,218,128" oya="2" hai0="51,41,123,94,4,124,108,37,121,67,99,12,14" hai1="48,8,28,134,15,45,105,18,50,98,86,55,9" hai2="71,52,61,100,31,88,10,72,22,97,34,47,25" hai3="102,39,126,36,119,130,83,76,77,78,116,118,112"/><V43/><F72/><W2/><G2/><T114/><D114/><U0/><E134/><V120/><F120/><W87/><G112/><T133/><D37/><U57/><E86/><V135/><F135/><W115/><G115/><T19/><D133/><U85/><E85/><V33/><F10/><W131/><G36/><T20/><D108/><U35/><E0/><V58/><F71/><W89/><G39/><T70/><D124/><U81/><E81/><V117/><F117/><W11/><G11/><N who="0" m="4199" /><D70/><U122/><E122/><V17/><F31/><W69/><G69/><T90/><D67/><U38/><E38/><N who="2" m="22007" /><F100/><W73/><G126/><T93/><D123/><U54/><E9/><V60/><F61/><W6/><G6/><T132/><D132/><U53/><E53/><V75/><F75/><W84/><G73/><T7/><D121/><U125/><E125/><V128/><F128/><N who="3" m="49195" /><G102/><T16/><D7/><U80/><E80/><AGARI ba="1,1" hai="76,77,78,80,83,84,87,89,116,118,119" m="49195" machi="80" ten="40,5200,0" yaku="19,1,34,2" doraHai="21" who="3" fromWho="1" sc="504,0,140,-55,218,0,128,65" /><INIT seed="3,0,0,1,4,28" ten="504,85,218,193" oya="3" hai0="7,0,19,74,67,61,63,79,110,90,37,58,125" hai1="31,91,126,128,105,103,89,56,108,92,80,66,112" hai2="88,62,86,33,29,107,120,84,99,8,43,129,115" hai3="51,48,81,93,6,68,116,114,47,50,119,106,25"/><W77/><G106/><T59/><D37/><U76/><E112/><V121/><F115/><W97/><G68/><T85/><D125/><U135/><E31/><V4/><F43/><W9/><G25/><T14/><D110/><U45/><E45/><V131/><F62/><W122/><G122/><N who="2" m="47209" /><F107/><W111/><G111/><T38/><D38/><U104/><E56/><V16/><F29/><W100/><G114/><T87/><D0/><U134/><E66/><V3/><F33/><W53/><G116/><T69/><D7/><U52/><E52/><V21/><F99/><W35/><G35/><T41/><D41/><U2/><E2/><V83/><F86/><W60/><G60/><T64/><D69/><U36/><E36/><V20/><F20/><W123/><G123/><T22/><D90/><U71/><E71/><V73/><F73/><W5/><G119/><T15/><D15/><AGARI ba="0,0" hai="3,4,8,15,16,21,83,84,88,129,131" m="47209" machi="15" ten="30,3900,0" yaku="13,1,54,2" doraHai="28" who="2" fromWho="0" sc="504,-39,85,0,218,39,193,0" owari="465,56.0,85,-41.0,257,6.0,193,-21.0" /></mjloggm>