<mjloggm ver="2.3"><GO type="97" lobby="0"/><UN n0="%E5%A4%9C%E9%9D%92%E7%AB%9C" n1="%E3%82%A6%E3%83%AB%E3%83%88%E3%83%A9%E7%AB%8B%E7%9B%B4" n2="%30%36%32%38%6E%61%6F" n3="%E3%81%97%E3%82%83%E3%82%82%E3%81%98%E8%9F%B2" dan="14,14,14,15" rate="1898.56,1913.28,1951.84,1993.70" sx="M,M,M,F"/><TAIKYOKU oya="0"/><INIT seed="0,0,0,2,3,58" ten="250,250,250,250" oya="0" hai0="104,0,112,39,107,82,70,127,31,118,18,98,84" hai1="85,2,135,6,126,28,12,97,38,49,92,15,66" hai2="64,68,59,116,90,71,131,17,11,89,133,67,124" hai3="27,20,87,62,100,24,128,9,25,122,51,99,33"/><T119/><D39/><U113/><E38/><V4/><F133/><W44/><G122/><T56/><D112/><U86/><E2/><V72/><F72/><W114/><G114/><T48/><D127/><U102/><E113/><V5/><F17/><W55/><G128/><T65/><D0/><U61/><E126/><V22/><F22/><W129/><G129/><T69/><D31/><U29/><E135/><V91/><F124/><W57/><G87/><T34/><D34/><U106/><E49/><V132/><F59/><W83/><G83/><T125/><D125/><U7/><E106/><V1/><F116/><W16/><G9/><T13/><D118/><U46/><E46/><V95/><F5/><W52/><REACH who="3" step="1"/><G33/><REACH who="3" ten="250,250,250,240" step="2"/><T30/><D119/><U101/><E86/><V45/><F131/><W130/><G130/><T96/><D96/><U121/><E85/><V14/><F11/><W103/><G103/><T76/><D104/><AGARI ba="0,1" hai="16,20,24,25,27,44,51,52,55,57,62,99,100,104" machi="104" ten="30,8000,1" yaku="1,1,7,1,52,1,54,2,53,0" doraHai="58" doraHaiUra="123" who="3" fromWho="0" sc="250,-80,250,0,250,0,240,90" /><INIT seed="1,0,0,4,2,57" ten="170,250,250,330" oya="1" hai0="13,103,113,0,64,63,39,25,85,52,2,44,84" hai1="135,131,108,122,111,90,115,107,6,129,77,116,43" hai2="66,49,128,72,132,104,109,42,59,36,58,91,46" hai3="4,118,75,96,32,8,10,78,99,48,15,12,101"/><U47/><E107/><V76/><F104/><W50/><G118/><T23/><D113/><U7/><E115/><V100/><F100/><W38/><G38/><T83/><D103/><U51/><E116/><V125/><F109/><N who="1" m="42057" /><E122/><V97/><F132/><W14/><G32/><T81/><D13/><U133/><E90/><V34/><F34/><W26/><G26/><T61/><D39/><N who="1" m="22015" /><E77/><V33/><F33/><W105/><G99/><T95/><D0/><U3/><E51/><V1/><F1/><W40/><G14/><T124/><D2/><U112/><E112/><V37/><F37/><W120/><G40/><T117/><D117/><U11/><E7/><V82/><F36/><W74/><G120/><T54/><D124/><U80/><E80/><N who="0" m="30793" /><D64/><U123/><E123/><V130/><F125/><W20/><G78/><T60/><D95/><U68/><E68/><V79/><F82/><W16/><G8/><T9/><D9/><U134/><AGARI ba="0,0" hai="3,6,11,129,131,133,134,135" m="22015,42057" machi="134" ten="40,12000,1" yaku="20,1,14,1,10,1,23,1" doraHai="57" who="1" fromWho="1" sc="170,-40,250,120,250,-40,330,-40" /><INIT seed="1,1,0,5,3,101" ten="130,370,210,290" oya="1" hai0="111,122,117,2,95,110,31,30,103,67,81,10,73" hai1="45,13,9,68,105,98,52,124,96,28,104,74,6" hai2="16,87,33,127,27,21,46,14,82,37,36,115,41" hai3="70,19,76,35,11,128,92,120,119,131,42,63,53"/><U26/><E74/><V43/><F115/><W91/><G120/><T39/><D117/><U47/><E68/><V4/><F127/><W84/><G35/><T100/><D39/><U130/><E124/><V24/><F33/><W51/><G42/><T64/><D2/><U106/><E130/><N who="3" m="49706" /><G119/><T77/><D122/><U1/><E13/><V94/><F94/><W56/><G76/><T129/><D129/><U133/><E133/><V32/><F32/><W25/><G25/><T102/><D95/><U78/><E78/><V86/><F4/><W3/><G3/><T17/><D10/><U5/><E5/><V38/><F86/><W113/><G113/><T132/><D17/><U23/><REACH who="1" step="1"/><E52/><REACH who="1" ten="130,360,210,290" step="2"/><V48/><F41/><W50/><G70/><T88/><D132/><U135/><E135/><V61/><REACH who="2" step="1"/><F61/><REACH who="2" ten="130,360,200,290" step="2"/><W118/><G118/><T0/><D0/><U93/><E93/><V20/><F20/><W75/><G75/><T55/><D73/><U34/><E34/><V71/><F71/><W72/><G72/><T29/><D77/><AGARI ba="1,2" hai="14,16,21,24,27,36,37,38,43,46,48,77,82,87" machi="77" ten="40,2600,0" yaku="1,1,54,1,53,0" doraHai="101" doraHaiUra="99" who="2" fromWho="0" sc="130,-29,360,0,200,49,290,0" /><INIT seed="2,0,0,4,0,59" ten="101,360,249,290" oya="2" hai0="38,121,130,76,14,120,67,31,21,13,93,73,47" hai1="6,23,122,75,107,134,1,90,55,72,106,103,104" hai2="36,124,32,27,54,70,98,88,16,65,24,9,29" hai3="17,131,2,44,118,57,95,69,79,25,94,82,18"/><V96/><F36/><W87/><G69/><T115/><D115/><U99/><E6/><V100/><F124/><W5/><G118/><T0/><D0/><U8/><E1/><V53/><F96/><W77/><G131/><T7/><D130/><U61/><E8/><V49/><F27/><W60/><G44/><T52/><D120/><U97/><E23/><V81/><F49/><W125/><G125/><T105/><D105/><U86/><E55/><V101/><F100/><W15/><G25/><T41/><D121/><U37/><E61/><V114/><F114/><W110/><G77/><T112/><D112/><U113/><E37/><V58/><F58/><W111/><G2/><T85/><D67/><U4/><E4/><V45/><F45/><W33/><G33/><T30/><D73/><U119/><E119/><V133/><F133/><W127/><G5/><T46/><D7/><U39/><E39/><V123/><F123/><W11/><G17/><T62/><D46/><U64/><E64/><V22/><F9/><W50/><G50/><T129/><D129/><U34/><E34/><V68/><F70/><W42/><G42/><T43/><D43/><U20/><E20/><V83/><F81/><W108/><REACH who="3" step="1"/><G127/><REACH who="3" ten="101,360,249,280" step="2"/><T12/><D21/><U66/><E113/><V128/><F68/><W10/><G10/><T126/><D126/><U102/><E122/><V80/><F128/><W74/><G74/><T132/><D132/><U117/><E134/><V135/><F135/><W28/><G28/><T40/><D40/><U109/><E75/><V48/><F32/><W89/><G89/><RYUUKYOKU ba="0,1" sc="101,-10,360,-10,249,-10,280,30" hai3="11,15,18,57,60,79,82,87,94,95,108,110,111" /><INIT seed="3,1,1,3,5,118" ten="91,350,239,310" oya="3" hai0="37,65,45,16,64,94,119,70,23,25,0,41,99" hai1="98,77,87,105,19,78,121,5,35,93,91,108,59" hai2="81,13,104,95,21,114,69,66,75,6,127,46,7" hai3="106,115,131,63,57,27,74,58,36,116,89,39,1"/><W128/><G116/><T2/><D119/><U49/><E35/><V48/><F104/><W24/><G106/><T50/><D2/><U83/><E121/><V14/><F127/><W79/><G1/><T88/><D0/><U38/><E38/><N who="3" m="14378" /><G115/><T72/><D72/><U4/><E105/><V43/><F81/><N who="3" m="45303" /><G89/><T15/><D70/><U11/><E108/><V97/><F75/><W28/><G28/><T132/><D132/><U67/><E78/><V17/><F114/><W12/><G12/><T101/><D37/><U33/><E33/><V100/><F66/><N who="3" m="39279" /><G58/><T129/><D129/><AGARI ba="1,1" hai="24,27,128,129,131" m="39279,45303,14378" machi="129" ten="30,1500,0" yaku="19,1" doraHai="118" who="3" fromWho="0" sc="91,-18,350,0,239,0,310,28" /><INIT seed="3,2,0,2,2,93" ten="73,350,239,338" oya="3" hai0="106,33,72,128,131,45,113,74,44,56,127,99,40" hai1="0,132,126,79,107,133,6,47,4,63,83,64,8" hai2="36,73,50,41,129,20,30,77,25,118,23,125,62" hai3="34,69,71,81,57,67,108,82,89,53,26,11,86"/><W18/><G108/><T84/><D33/><U29/><E107/><V42/><F118/><W117/><G117/><T10/><D113/><U95/><E29/><V135/><F129/><N who="0" m="49738" /><D127/><U75/><E126/><V7/><F135/><N who="1" m="51785" /><E95/><V12/><F77/><W80/><G67/><T49/><D84/><U51/><E8/><V92/><F73/><W97/><G97/><T52/><D10/><U96/><E96/><V22/><F36/><W91/><G71/><T54/><D54/><N who="1" m="30079" /><E0/><V58/><F50/><N who="3" m="30903" /><G69/><AGARI ba="2,0" hai="4,6,63,64,69,75,79,83" m="30079,51785" machi="69" ten="30,1000,0" yaku="20,1" doraHai="93" who="1" fromWho="3" sc="73,0,350,16,239,0,338,-16" owari="73,-43.0,366,47.0,239,-16.0,322,12.0" /></mjloggm>