<mjloggm ver="2.3"><GO type="97" lobby="0"/><UN n0="%E3%81%8B%E3%81%AA%E5%AE%89%E5%AE%9A" n1="%E3%82%A6%E3%83%AB%E3%83%88%E3%83%A9%E7%AB%8B%E7%9B%B4" n2="%E3%81%93%E3%82%84%E3%81%BF%E3%83%BC" n3="%E3%81%97%E3%81%A4%E3%81%BD" dan="15,13,14,15" rate="2027.41,1861.00,1885.57,1936.23" sx="F,M,M,M"/><TAIKYOKU oya="0"/><INIT seed="0,0,0,0,5,102" ten="250,250,250,250" oya="0" hai0="62,59,20,135,92,87,105,94,34,133,25,126,134" hai1="27,30,49,110,101,120,1,69,23,21,74,40,113" hai2="29,14,91,117,79,115,90,129,46,109,104,81,2" hai3="35,103,67,68,22,99,5,132,32,130,131,111,4"/><T114/><D114/><U43/><E1/><V7/><F115/><W83/><G83/><T125/><D34/><U100/><E74/><V18/><F129/><W86/><G86/><T88/><D105/><U65/><E113/><V38/><F109/><W82/><G82/><T76/><D76/><U45/><E120/><V8/><F117/><W122/><G67/><N who="0" m="39391" /><D92/><U13/><E110/><V75/><F29/><AGARI ba="0,0" hai="20,25,29,87,88,94,125,126,133,134,135" m="39391" machi="29" ten="30,2900,0" yaku="20,1,54,1" doraHai="102" who="0" fromWho="2" sc="250,29,250,0,250,-29,250,0" /><INIT seed="0,1,0,0,3,112" ten="279,250,221,250" oya="0" hai0="32,79,105,128,108,50,25,56,22,37,64,67,120" hai1="90,33,126,16,9,39,44,93,77,125,54,35,111" hai2="61,99,131,117,49,41,109,40,2,34,95,43,55" hai3="130,48,7,106,29,60,75,12,80,68,11,19,73"/><T88/><D120/><U24/><E77/><V36/><F109/><W133/><G106/><T4/><D37/><U65/><E65/><V101/><F131/><W0/><G130/><T121/><D121/><U5/><E111/><V72/><F72/><W102/><G102/><T14/><D105/><U92/><E92/><V46/><F2/><W123/><G123/><T113/><D113/><U10/><E54/><V51/><F34/><W91/><G29/><T87/><D32/><U58/><E58/><V86/><F49/><W26/><G26/><T107/><D107/><U81/><E81/><V116/><F86/><W53/><G133/><T27/><D79/><U129/><E44/><V70/><REACH who="2" step="1"/><F36/><REACH who="2" ten="279,250,211,250" step="2"/><W30/><G0/><T52/><D128/><U13/><E39/><V45/><F45/><W63/><G73/><T135/><D108/><U47/><E47/><V20/><F20/><W28/><G75/><T71/><D135/><U100/><E129/><V23/><F23/><W8/><G48/><T3/><D3/><U124/><E35/><V97/><F97/><W85/><G85/><T62/><D50/><U1/><E33/><V78/><F78/><W132/><G132/><T83/><D22/><N who="1" m="13383" /><E124/><V18/><F18/><W127/><G19/><T84/><D84/><N who="1" m="52423" /><E126/><V57/><F57/><W59/><G59/><T104/><D71/><U118/><E125/><V82/><F82/><W66/><G68/><T96/><D96/><U98/><E1/><V74/><F74/><W134/><G134/><T119/><D83/><U17/><E17/><V110/><F110/><W103/><G127/><RYUUKYOKU ba="1,1" sc="279,-10,250,-10,211,30,250,-10" hai2="40,41,43,46,51,55,61,70,95,99,101,116,117" /><INIT seed="1,2,1,1,1,37" ten="269,240,241,240" oya="1" hai0="134,38,81,19,49,116,77,26,51,133,53,118,47" hai1="29,96,128,41,117,15,14,21,129,39,95,42,110" hai2="74,75,55,13,113,69,0,57,79,17,82,48,86" hai3="33,16,119,25,76,60,61,89,105,56,100,108,114"/><U64/><E39/><V62/><F113/><W46/><G114/><T45/><D38/><U125/><E117/><V85/><F0/><W65/><G76/><T10/><D10/><U5/><E64/><V44/><F69/><W34/><G119/><T12/><D12/><N who="1" m="4651" /><E5/><V131/><F131/><N who="1" m="50249" /><E125/><V3/><F75/><W20/><G61/><T67/><D26/><N who="1" m="16591" /><E110/><V73/><F73/><W127/><G108/><T123/><D19/><U11/><E11/><V28/><F28/><W104/><G127/><T122/><D67/><U59/><E59/><V120/><F120/><N who="0" m="46122" /><D116/><U99/><E99/><V93/><F3/><W30/><G65/><T63/><D118/><U106/><E106/><V124/><F124/><W72/><G104/><T88/><D63/><U52/><E52/><V58/><F74/><W43/><G72/><N who="0" m="43175" /><D88/><AGARI ba="2,1" hai="41,42,88,95,96" m="16591,50249,4651" machi="88" ten="30,11600,0" yaku="19,1,52,2,54,1" doraHai="37" who="1" fromWho="0" sc="269,-122,240,132,241,0,240,0" /><INIT seed="1,3,0,1,4,133" ten="147,372,241,240" oya="1" hai0="35,90,83,50,26,78,46,6,127,112,101,33,63" hai1="124,17,52,106,18,93,76,39,105,57,114,74,123" hai2="107,65,66,104,135,134,32,77,91,69,8,59,45" hai3="116,36,86,80,11,47,119,2,103,67,99,43,60"/><U34/><E39/><V27/><F69/><W122/><G122/><T70/><D112/><U94/><E34/><V48/><F77/><W4/><G86/><T12/><D101/><U61/><E76/><V14/><F91/><W87/><G87/><T9/><D90/><U29/><E29/><N who="2" m="19519" /><F59/><W40/><G80/><T54/><D26/><U44/><E44/><V7/><F65/><W115/><G43/><T19/><D6/><U64/><E64/><V109/><F66/><W73/><G73/><T75/><D70/><U5/><E74/><V58/><F58/><W130/><G115/><T88/><D63/><U25/><E57/><V95/><F95/><W3/><G3/><T56/><D56/><U30/><E61/><V120/><F109/><W132/><G132/><N who="2" m="50729" /><F120/><W72/><G72/><T41/><D41/><AGARI ba="3,0" hai="7,8,14,41,45,48,104,107" m="50729,19519" machi="41" ten="30,1000,0" yaku="20,1" doraHai="133" who="2" fromWho="0" sc="147,-19,372,0,241,19,240,0" /><INIT seed="2,0,0,0,1,73" ten="128,372,260,240" oya="2" hai0="32,45,19,59,1,44,83,132,40,53,22,119,135" hai1="84,68,25,93,52,105,39,42,122,79,5,90,43" hai2="35,8,116,98,16,130,56,127,94,92,100,101,20" hai3="108,51,38,24,58,109,112,134,120,66,63,78,64"/><V118/><F127/><W91/><G91/><T107/><D107/><U69/><E105/><V81/><F130/><W114/><G24/><T76/><D32/><U10/><E39/><V129/><F129/><W103/><G103/><T85/><D1/><U87/><E68/><V106/><F35/><W62/><G78/><T6/><D6/><U21/><E69/><V123/><F123/><W125/><G38/><T126/><D126/><U17/><E52/><V50/><F81/><W9/><G9/><T115/><D115/><N who="3" m="44073" /><G125/><T54/><D119/><U96/><E96/><N who="2" m="59415" /><F106/><W48/><G134/><N who="0" m="51243" /><D59/><U65/><E122/><V47/><F118/><W37/><G37/><N who="0" m="21519" /><D45/><U49/><E93/><V29/><F116/><W74/><G74/><T27/><AGARI ba="0,0" hai="19,22,27,53,54,76,83,85" m="21519,51243" machi="27" ten="30,2000,0" yaku="20,1,52,1" doraHai="73" who="0" fromWho="0" sc="128,20,372,-5,260,-10,240,-5" /><INIT seed="3,0,0,2,4,114" ten="148,367,250,235" oya="3" hai0="126,73,39,32,59,96,109,63,132,55,113,30,41" hai1="62,2,78,1,82,95,47,23,135,90,81,19,108" hai2="14,20,28,64,128,66,68,119,34,16,110,35,45" hai3="85,26,51,116,127,124,52,83,6,115,3,76,105"/><W43/><G115/><T104/><D113/><U70/><E108/><V79/><F119/><W100/><G116/><T103/><D109/><U122/><E135/><V134/><F110/><W44/><G26/><T25/><D132/><U58/><E70/><V37/><F134/><W94/><G105/><T5/><D55/><U93/><E93/><V33/><F128/><W56/><G3/><T72/><D59/><U65/><E47/><V92/><F79/><W10/><G100/><T107/><D126/><N who="3" m="48169" /><G94/><T129/><D129/><U89/><E122/><V40/><F92/><W38/><G10/><T112/><D112/><U86/><E89/><V17/><F28/><W36/><G6/><T53/><D53/><U71/><E82/><V8/><REACH who="2" step="1"/><F68/><REACH who="2" ten="148,367,240,235" step="2"/><W118/><G118/><T11/><D104/><U125/><E71/><V48/><F48/><AGARI ba="0,1" hai="36,38,43,44,48,51,52,56,76,83,85" m="48169" machi="48" ten="30,2900,0" yaku="18,1,54,1" doraHai="114" who="3" fromWho="2" sc="148,0,367,0,240,-29,235,39" /><INIT seed="3,1,0,3,4,109" ten="148,367,211,274" oya="3" hai0="92,39,79,17,26,77,48,93,45,47,63,118,104" hai1="100,74,99,115,50,29,135,11,18,16,40,80,36" hai2="42,134,78,41,52,44,73,90,38,22,112,27,82" hai3="55,107,117,20,106,67,3,66,35,33,37,130,126"/><W113/><G20/><T88/><D118/><U4/><E115/><V85/><F112/><W1/><G55/><T51/><D104/><U8/><E29/><V54/><F134/><W121/><G37/><T12/><D39/><U128/><E50/><V21/><F41/><W2/><G113/><T127/><D127/><U57/><E57/><V46/><F46/><W5/><G5/><T132/><D132/><U68/><E68/><V62/><F62/><W94/><G94/><T91/><D63/><U96/><E11/><V111/><F111/><W122/><G126/><T123/><D123/><U60/><E60/><V102/><F102/><W65/><G130/><T9/><D26/><U70/><E70/><V59/><F59/><W116/><G106/><T34/><D34/><N who="3" m="12809" /><G107/><T98/><D51/><U24/><E128/><V97/><F97/><N who="1" m="37449" /><E135/><V58/><F58/><W75/><G75/><T25/><D25/><U69/><E100/><V108/><F108/><W53/><G53/><T110/><D110/><U32/><E69/><V89/><F89/><W114/><G114/><T86/><REACH who="0" step="1"/><D47/><REACH who="0" ten="138,367,211,274" step="2"/><N who="1" m="23943" /><E24/><V101/><F27/><W30/><G30/><T64/><D64/><U119/><E32/><V84/><F38/><W120/><AGARI ba="1,1" hai="1,2,3,65,66,67,116,117,120,121,122" m="12809" machi="120" ten="50,12000,1" yaku="29,2,28,2" doraHai="109" who="3" fromWho="3" sc="138,-41,367,-41,211,-41,274,133" owari="97,-40.0,326,13.0,170,-23.0,407,50.0" /></mjloggm>