<mjloggm ver="2.3"><GO type="97" lobby="0"/><UN n0="%E3%83%B4%E3%82%A1%E3%83%B3%E3%83%BB%E3%83%80%E3%82%A4%E3%83%B3" n1="%72%70%73%74%74%38%39%32" n2="%E3%82%A6%E3%83%AB%E3%83%88%E3%83%A9%E7%AB%8B%E7%9B%B4" n3="%53%68%61%4D%61%69%6E%64" dan="14,15,14,14" rate="1949.79,1912.02,1980.35,1900.86" sx="M,M,M,M"/><TAIKYOKU oya="0"/><INIT seed="0,0,0,3,1,101" ten="250,250,250,250" oya="0" hai0="81,54,33,49,115,88,22,117,84,116,109,123,83" hai1="44,28,107,78,45,13,43,64,1,16,34,50,104" hai2="32,19,133,2,24,25,40,5,119,127,70,66,85" hai3="106,6,122,102,96,23,30,98,120,111,48,29,110"/><T35/><D123/><N who="3" m="47145" /><G6/><T20/><D115/><U12/><E1/><V89/><F2/><W113/><G113/><T7/><D7/><U52/><E64/><V131/><F32/><W108/><G98/><T47/><D35/><U8/><E78/><V37/><F70/><W10/><G23/><T59/><D33/><U124/><E124/><V121/><F37/><W46/><G10/><T114/><D114/><U80/><E80/><V75/><F75/><W31/><G31/><T69/><D69/><U95/><E95/><V68/><F68/><W71/><G71/><T82/><D109/><U26/><REACH who="1" step="1"/><E13/><REACH who="1" ten="250,240,250,250" step="2"/><V86/><F127/><W14/><G14/><T135/><D83/><U129/><E129/><V112/><F131/><W39/><G39/><AGARI ba="0,1" hai="8,12,16,26,28,34,39,43,44,45,50,52,104,107" machi="39" ten="30,12000,2" yaku="1,1,7,1,52,2,54,2,53,0" doraHai="101" doraHaiUra="72" who="1" fromWho="3" sc="250,0,240,130,250,0,250,-120" /><INIT seed="1,0,0,2,5,8" ten="250,370,250,130" oya="1" hai0="95,71,89,19,66,119,97,30,34,32,24,113,29" hai1="76,51,38,47,65,102,18,103,116,1,35,135,88" hai2="50,101,37,107,15,4,10,20,22,27,77,36,48" hai3="7,23,90,44,98,3,31,93,12,26,62,59,33"/><U72/><E116/><V13/><F107/><W118/><G118/><T115/><D119/><U28/><E135/><V84/><F101/><W68/><G68/><T56/><D71/><U130/><E1/><V74/><F74/><W45/><G59/><T60/><D29/><U67/><E38/><V110/><F110/><W54/><G54/><T129/><D34/><U21/><E130/><V70/><F70/><W131/><G131/><T109/><D109/><U9/><E9/><N who="2" m="4263" /><F37/><W61/><G45/><T42/><D129/><U11/><E11/><V78/><F36/><W122/><G44/><T79/><D42/><U132/><E132/><V128/><F128/><W96/><G96/><T104/><D79/><N who="2" m="30218" /><F84/><W53/><G53/><T106/><REACH who="0" step="1"/><D19/><REACH who="0" ten="240,370,250,130" step="2"/><U105/><E28/><N who="2" m="17511" /><F22/><W58/><G122/><T81/><D81/><U40/><E35/><V63/><F63/><W112/><G112/><AGARI ba="0,1" hai="24,30,32,56,60,66,89,95,97,104,106,112,113,115" machi="112" ten="40,1300,0" yaku="1,1,53,0" doraHai="8" doraHaiUra="123" who="0" fromWho="3" sc="240,23,370,0,250,0,130,-13" /><INIT seed="2,0,0,2,2,134" ten="263,370,250,117" oya="2" hai0="80,90,24,100,96,58,15,103,118,10,50,2,48" hai1="26,32,60,117,107,64,84,72,30,130,6,92,73" hai2="53,62,91,27,45,44,85,102,52,79,99,125,123" hai3="47,132,105,54,11,69,31,28,14,89,13,35,78"/><V126/><F79/><W12/><G105/><T21/><D118/><U129/><E117/><V29/><F123/><W93/><G69/><T33/><D2/><U133/><E107/><V116/><F116/><W70/><G70/><T59/><D33/><U9/><E133/><V112/><F112/><W88/><G132/><T87/><D59/><U106/><E106/><V81/><F99/><W108/><G108/><T119/><D119/><U51/><E51/><N who="0" m="19497" /><D96/><U42/><E42/><V127/><F102/><W76/><G11/><T67/><D67/><U74/><E92/><V82/><F82/><W83/><G35/><T8/><D58/><U4/><E84/><V122/><F122/><W111/><G111/><T61/><D61/><U0/><REACH who="1" step="1"/><E4/><REACH who="1" ten="263,360,250,117" step="2"/><V19/><F19/><W38/><G38/><T22/><D87/><U7/><E7/><V115/><F115/><W63/><G47/><N who="2" m="17993" /><F62/><W95/><G63/><T34/><D80/><U65/><E65/><V114/><F114/><W16/><G83/><T121/><D121/><U25/><E25/><V94/><F81/><W3/><G16/><T97/><D24/><U124/><E124/><V135/><F135/><W55/><G13/><T66/><D15/><U17/><E17/><V120/><F120/><W37/><REACH who="3" step="1"/><G37/><REACH who="3" ten="263,360,250,107" step="2"/><T57/><D66/><U68/><AGARI ba="0,2" hai="0,6,9,26,30,32,60,64,68,72,73,74,129,130" machi="68" ten="40,8000,1" yaku="1,1,0,1,23,2,53,0" doraHai="134" doraHaiUra="77" who="1" fromWho="1" sc="263,-20,360,100,250,-40,107,-20" /><INIT seed="3,0,0,4,0,127" ten="243,460,210,87" oya="3" hai0="30,63,128,117,54,116,47,98,40,28,16,46,20" hai1="64,51,14,32,114,125,42,52,22,4,2,13,45" hai2="34,66,62,90,132,12,17,111,36,72,83,95,118" hai3="7,39,135,126,68,0,88,97,27,19,80,76,38"/><W24/><G68/><T26/><D47/><U74/><E32/><V119/><F34/><W60/><G126/><T53/><D128/><U29/><E74/><V94/><F36/><W134/><G60/><T123/><D123/><U43/><E125/><V50/><F94/><N who="3" m="56519" /><G19/><T77/><D77/><U129/><E129/><V65/><F50/><W133/><G7/><T121/><D121/><U70/><E114/><V55/><F12/><W48/><G0/><T93/><D117/><U96/><E2/><V8/><F17/><W99/><G48/><N who="0" m="26695" /><D116/><U75/><E75/><V101/><F62/><W33/><G99/><T11/><D11/><U103/><E70/><V6/><F65/><W82/><G82/><T58/><D54/><U44/><E64/><V115/><F83/><W109/><G109/><T10/><D10/><U15/><E4/><V131/><F111/><W106/><G106/><T86/><D86/><U18/><E29/><V107/><F66/><W67/><G67/><T41/><D41/><U49/><E42/><V91/><F6/><W124/><G124/><T57/><D57/><U84/><E84/><V5/><F5/><W102/><G102/><AGARI ba="0,0" hai="16,20,26,28,30,53,58,63,93,98,102" m="26695" machi="102" ten="30,2000,0" yaku="8,1,54,1" doraHai="127" who="0" fromWho="3" sc="243,20,460,0,210,0,87,-20" owari="263,6.0,460,56.0,210,-19.0,67,-43.0" /></mjloggm>