<mjloggm ver="2.3"><GO type="41" lobby="0"/><UN n0="%72%61%6E%74%65%72%75" n1="%E6%9D%B1%E6%B5%B7%E5%B8%9D%E7%8E%8B%32%34%31" n2="%E3%82%A6%E3%83%AB%E3%83%88%E3%83%A9%E7%AB%8B%E7%9B%B4" n3="%E7%99%BD%E9%8A%80%E3%81%8F%E3%82%93" dan="14,14,15,15" rate="1994.90,1854.09,2010.64,2021.68" sx="M,M,M,M"/><TAIKYOKU oya="0"/><INIT seed="0,0,0,5,1,56" ten="250,250,250,250" oya="0" hai0="37,125,110,95,59,120,10,91,3,90,106,76,92" hai1="128,31,118,93,81,48,25,80,50,51,41,129,117" hai2="19,65,60,83,0,58,28,14,55,96,18,23,133" hai3="115,62,131,112,43,2,5,44,94,77,72,135,78"/><T6/><D120/><U40/><E93/><V69/><F0/><W71/><G135/><T35/><D106/><U126/><E126/><V57/><F133/><W87/><G131/><N who="1" m="50250" /><E25/><V107/><F28/><W108/><G108/><T36/><D125/><U109/><E31/><V84/><F107/><W66/><G5/><T111/><D35/><U85/><E109/><N who="0" m="41481" /><D76/><U61/><E61/><V33/><F33/><W9/><G2/><T127/><D127/><U105/><E105/><V34/><F34/><W24/><G78/><T20/><D20/><U13/><E13/><V45/><F96/><W116/><G77/><T122/><D122/><U104/><E104/><V7/><F7/><W4/><G4/><T42/><D59/><U64/><E64/><V47/><F19/><W134/><G66/><T89/><D42/><N who="1" m="16491" /><E85/><V73/><F73/><W1/><G72/><T49/><D49/><U27/><E27/><V22/><F22/><W68/><G24/><T16/><D16/><U54/><E54/><V97/><F69/><W75/><G71/><T30/><D30/><U53/><E53/><V100/><F100/><W46/><G68/><T124/><D124/><U130/><N who="1" m="50258" /><U38/><DORA hai="102" /><E38/><AGARI ba="0,0" hai="3,6,10,36,37,38,89,90,91,92,95" m="41481" machi="38" ten="40,3900,0" yaku="14,1,10,1" doraHai="56,102" who="0" fromWho="1" sc="250,39,250,-39,250,0,250,0" /><INIT seed="0,1,0,0,1,129" ten="289,211,250,250" oya="0" hai0="23,45,112,9,86,16,134,115,118,15,44,114,84" hai1="62,135,102,66,130,57,53,61,31,38,59,69,126" hai2="8,6,17,133,131,111,41,108,72,91,26,68,0" hai3="60,56,132,33,71,2,47,51,79,73,19,46,105"/><T36/><D118/><U121/><E121/><V116/><F68/><W65/><G105/><T43/><D44/><U29/><E130/><V77/><F77/><W42/><G33/><T37/><D37/><U25/><E126/><V123/><F72/><W70/><G2/><T98/><D98/><U127/><E127/><V12/><F41/><N who="3" m="25039" /><G19/><T52/><D52/><U95/><E38/><V48/><F48/><N who="3" m="26743" /><G79/><T110/><D110/><N who="2" m="42026" /><F91/><W50/><G73/><T4/><REACH who="0" step="1"/><D134/><REACH who="0" ten="279,211,250,250" step="2"/><U99/><E135/><V11/><F131/><W34/><G132/><T109/><D109/><U94/><E94/><V55/><F133/><W100/><G50/><T122/><D122/><U82/><E82/><V30/><F55/><W83/><G65/><T14/><AGARI ba="1,1" hai="4,9,14,15,16,23,36,43,45,84,86,112,114,115" machi="14" ten="30,6000,0" yaku="1,1,0,1,54,1,53,0" doraHai="129" doraHaiUra="32" who="0" fromWho="0" sc="279,73,211,-21,250,-21,250,-21" /><INIT seed="0,2,0,5,2,108" ten="352,190,229,229" oya="0" hai0="113,45,3,85,104,12,124,69,135,74,92,2,109" hai1="102,116,21,63,80,31,131,115,83,59,93,43,9" hai2="129,75,79,41,19,17,71,95,87,127,62,66,98" hai3="44,72,88,121,22,110,1,13,94,18,99,26,101"/><T15/><D135/><U114/><E116/><V39/><F75/><W40/><G1/><T55/><D124/><U61/><E9/><V10/><F127/><W130/><G110/><T86/><D109/><U103/><E131/><V91/><F129/><W65/><G130/><T24/><D74/><U49/><E43/><V20/><F41/><W4/><G72/><T7/><D104/><U128/><E128/><V133/><F39/><W70/><G70/><T52/><D92/><U84/><E49/><V56/><F71/><W120/><G65/><T29/><D69/><U30/><E21/><V35/><F35/><W28/><G4/><T132/><D132/><U37/><E37/><V23/><F133/><W51/><REACH who="3" step="1"/><G101/><REACH who="3" ten="352,190,229,219" step="2"/><T89/><D7/><U134/><E134/><V105/><F66/><W57/><G57/><T90/><D45/><U50/><E50/><V81/><F56/><W58/><G58/><T68/><D68/><U76/><E59/><V73/><F62/><W117/><G117/><T8/><D3/><U123/><E123/><V118/><F118/><W48/><G48/><T38/><D2/><U0/><E0/><V125/><F125/><W36/><G36/><T96/><D38/><U111/><E111/><V14/><F19/><W46/><G46/><T54/><D29/><U5/><E5/><V6/><F6/><W77/><G77/><T100/><D100/><AGARI ba="2,1" hai="10,14,17,20,23,73,79,81,87,91,95,98,100,105" machi="100" ten="40,2600,0" yaku="24,2" doraHai="108" who="2" fromWho="0" sc="352,-32,190,0,229,42,219,0" /><INIT seed="1,0,0,0,0,12" ten="320,190,271,219" oya="1" hai0="61,33,56,20,42,9,89,7,70,48,77,31,117" hai1="71,79,122,47,88,27,80,34,82,36,116,35,81" hai2="68,44,52,57,13,87,21,123,99,18,3,59,43" hai3="45,41,69,94,74,26,11,28,86,127,8,76,128"/><U54/><E71/><V110/><F3/><W6/><G69/><T101/><D117/><U29/><E116/><V60/><F68/><W135/><G135/><T15/><D70/><U113/><E122/><V108/><F123/><W0/><G127/><T132/><D33/><U126/><E126/><V97/><F87/><W30/><G128/><T95/><D132/><U78/><E113/><V64/><F59/><W38/><G11/><T16/><D31/><U58/><E35/><V72/><F72/><W91/><REACH who="3" step="1"/><G26/><REACH who="3" ten="320,190,271,209" step="2"/><T1/><D101/><U120/><E120/><V107/><F64/><W85/><G85/><T92/><D77/><U63/><REACH who="1" step="1"/><E88/><REACH who="1" ten="320,180,271,209" step="2"/><V104/><F99/><W118/><G118/><T106/><D89/><U10/><E10/><V134/><F134/><W4/><G4/><T62/><D9/><U125/><E125/><V2/><F97/><W17/><G17/><T14/><D7/><U115/><E115/><V55/><F18/><W133/><G133/><T39/><D16/><U96/><E96/><V124/><F124/><W105/><G105/><T98/><D98/><U102/><E102/><V112/><F107/><W131/><G131/><T50/><D106/><U19/><E19/><N who="2" m="10479" /><F104/><W130/><G130/><T53/><D1/><U93/><E93/><V51/><F2/><W24/><G24/><T111/><D95/><U109/><E109/><V5/><F112/><W40/><G40/><AGARI ba="0,2" hai="27,29,34,36,40,47,54,58,63,78,79,80,81,82" machi="40" ten="40,2000,0" yaku="1,1,53,0" doraHai="12" doraHaiUra="129" who="1" fromWho="3" sc="320,0,180,40,271,0,209,-20" /><INIT seed="1,1,0,4,2,8" ten="320,220,271,189" oya="1" hai0="134,113,117,111,72,102,96,78,126,116,87,17,119" hai1="10,31,129,110,77,16,128,38,121,60,4,52,114" hai2="58,35,47,98,69,85,59,132,118,48,81,40,70" hai3="62,0,67,23,54,45,124,24,92,86,49,75,44"/><U33/><E121/><V101/><F35/><W123/><G75/><T51/><D51/><U97/><E114/><V26/><F118/><W99/><G124/><T93/><D17/><U56/><E38/><V108/><F108/><W127/><G0/><T115/><D126/><U107/><E110/><V66/><F132/><W12/><G123/><T27/><D27/><U74/><E74/><V105/><F26/><W109/><G109/><T95/><D111/><U84/><E77/><V7/><F7/><W133/><G133/><T46/><D46/><U21/><E84/><V32/><F32/><W25/><G86/><T36/><D36/><U14/><E97/><V11/><F11/><W34/><G45/><T90/><D134/><U131/><E107/><V61/><F59/><W37/><G37/><T3/><D3/><U71/><E71/><V18/><F18/><W68/><G34/><T63/><D63/><U64/><E33/><V6/><F6/><W100/><G127/><T1/><D1/><N who="1" m="271" /><E31/><V88/><AGARI ba="1,0" hai="40,47,48,58,61,66,69,70,81,85,88,98,101,105" machi="88" ten="20,2700,0" yaku="0,1,7,1,54,1" doraHai="8" who="2" fromWho="2" sc="320,-8,220,-14,271,30,189,-8" /><INIT seed="2,0,0,4,3,37" ten="312,206,301,181" oya="2" hai0="8,85,54,112,23,69,72,120,21,56,36,131,58" hai1="67,107,47,55,63,99,86,32,124,102,133,18,35" hai2="75,64,122,43,79,66,109,4,60,41,30,121,52" hai3="51,89,100,20,31,132,70,26,71,135,1,115,76"/><V116/><F79/><W29/><G115/><T25/><D112/><U93/><E133/><N who="3" m="51274" /><G1/><T49/><D120/><N who="2" m="46186" /><F75/><W125/><G125/><T83/><D131/><U62/><E124/><V88/><F88/><W40/><G100/><T22/><D69/><N who="3" m="26121" /><G89/><T39/><D72/><U27/><E107/><V106/><F30/><N who="3" m="17735" /><G76/><T3/><D3/><U114/><E114/><V117/><F4/><W28/><G51/><T50/><D8/><U97/><E97/><V5/><F5/><W81/><G81/><T0/><D0/><U59/><E86/><V95/><F95/><W46/><G46/><T10/><D10/><U84/><E84/><V127/><F106/><W113/><G113/><T90/><D25/><U15/><E27/><V33/><F33/><W96/><G96/><T2/><D2/><U123/><E123/><V134/><F134/><W12/><G12/><T13/><D13/><U11/><E47/><V17/><F17/><W7/><G7/><T128/><D128/><U91/><E102/><V129/><F127/><W98/><G98/><T68/><D68/><AGARI ba="0,0" hai="11,15,18,32,35,55,59,62,63,67,68,91,93,99" machi="68" ten="30,1000,0" yaku="7,1" doraHai="37" who="1" fromWho="0" sc="312,-10,206,10,301,0,181,0" /><INIT seed="3,0,0,2,4,24" ten="302,216,301,181" oya="3" hai0="133,124,107,10,15,83,89,8,120,99,39,134,12" hai1="109,62,96,90,44,104,0,81,57,21,122,56,2" hai2="40,28,45,65,38,48,128,75,41,51,74,87,4" hai3="86,111,132,26,54,37,105,67,66,50,11,22,59"/><W100/><G37/><T16/><D120/><U61/><E122/><V58/><F128/><W92/><G132/><N who="0" m="50795" /><D39/><U82/><E109/><V85/><F4/><W95/><G111/><T84/><D124/><U71/><E71/><V42/><F38/><W49/><G105/><T123/><D123/><U1/><E44/><V35/><F35/><W3/><G3/><T76/><D107/><U14/><E14/><V52/><F75/><W129/><G11/><T80/><D99/><U34/><E34/><V55/><F74/><W70/><G70/><T25/><D25/><U29/><E104/><V9/><F9/><W114/><G114/><T118/><D118/><U20/><E96/><V94/><F94/><W110/><G110/><T68/><D68/><U103/><E103/><V32/><F65/><N who="3" m="24587" /><G95/><N who="0" m="54695" /><D76/><U79/><E79/><V5/><F5/><AGARI ba="0,0" hai="5,8,10,12,15,16,80,83" m="54695,50795" machi="5" ten="30,2000,0" yaku="20,1,54,1" doraHai="24" who="0" fromWho="2" sc="302,20,216,0,301,-20,181,0" /><INIT seed="4,0,0,4,4,92" ten="322,216,281,181" oya="0" hai0="97,91,23,20,53,75,66,120,103,95,102,107,118" hai1="28,125,32,48,133,72,101,132,113,10,88,2,16" hai2="38,85,14,70,24,111,86,50,67,65,71,4,18" hai3="8,90,121,46,83,19,35,115,44,135,61,80,108"/><T112/><D120/><U122/><E122/><V55/><F38/><W39/><G108/><T73/><D118/><U9/><E72/><V12/><F111/><W79/><G35/><T127/><D112/><U77/><E77/><V63/><F24/><W129/><G129/><T116/><D116/><U25/><E125/><V106/><F106/><W1/><G115/><T98/><D127/><U69/><E113/><V131/><F131/><W33/><G33/><T74/><D103/><U37/><E37/><V5/><F50/><W11/><G135/><T84/><D84/><U64/><E64/><V3/><F55/><W15/><G61/><T34/><D34/><U105/><E69/><V62/><F3/><W7/><G39/><T104/><D104/><U13/><E48/><V40/><F18/><W68/><G68/><T17/><D66/><U41/><E41/><AGARI ba="0,0" hai="4,5,12,14,40,41,62,63,65,67,70,71,85,86" machi="41" ten="25,1600,0" yaku="22,2" doraHai="92" who="2" fromWho="1" sc="322,0,216,-16,281,16,181,0" /><INIT seed="5,0,0,2,4,21" ten="322,200,297,181" oya="1" hai0="24,81,80,54,86,95,31,135,25,127,98,94,129" hai1="34,107,26,41,47,11,40,42,71,70,67,69,28" hai2="19,44,85,123,115,1,29,46,0,122,52,101,111" hai3="3,97,110,116,104,33,134,18,100,43,87,60,8"/><U9/><E107/><V120/><F111/><W74/><G110/><T73/><D135/><U5/><E67/><V14/><F101/><W65/><G74/><T45/><D129/><U72/><E72/><V50/><F115/><W119/><G134/><T126/><D73/><U36/><REACH who="1" step="1"/><E11/><REACH who="1" ten="322,190,297,181" step="2"/><V79/><F122/><W132/><G8/><T125/><D125/><U48/><E48/><V39/><F123/><W78/><G132/><T2/><D127/><U118/><E118/><V63/><F120/><W77/><G65/><T96/><D126/><U106/><E106/><V16/><F39/><W130/><G104/><T92/><D98/><U59/><E59/><V108/><F108/><W53/><G97/><T20/><D96/><U114/><E114/><V38/><F38/><W27/><G116/><T35/><D2/><AGARI ba="0,1" hai="2,5,9,26,28,34,36,40,41,42,47,69,70,71" machi="2" ten="40,3900,0" yaku="1,1,52,1,53,0" doraHai="21" doraHaiUra="113" who="1" fromWho="0" sc="322,-39,190,49,297,0,181,0" /><INIT seed="5,1,0,1,3,89" ten="283,239,297,181" oya="1" hai0="112,40,41,25,85,127,59,34,69,66,23,104,109" hai1="48,129,16,83,77,7,81,28,75,42,60,38,11" hai2="114,58,44,17,87,52,62,55,9,71,36,50,51" hai3="124,14,84,74,133,18,20,53,132,123,110,47,13"/><U120/><E120/><V5/><F17/><W49/><G123/><T63/><D109/><U37/><E129/><V39/><F87/><W86/><G74/><T102/><D112/><U82/><E60/><N who="2" m="35911" /><F9/><W88/><G110/><T125/><D85/><U2/><E28/><V128/><F5/><W101/><G101/><T24/><D59/><U131/><E131/><V12/><F12/><W33/><G33/><T8/><D8/><U30/><E30/><V21/><F21/><W54/><G124/><N who="0" m="47691" /><D24/><U107/><E107/><V70/><F114/><W10/><G84/><T121/><D121/><U29/><E29/><V105/><F105/><W100/><G100/><T92/><D92/><U19/><E83/><V94/><F94/><N who="3" m="54551" /><G132/><T79/><D79/><U64/><E64/><N who="2" m="41239" /><F128/><W115/><G115/><T45/><D34/><U6/><E6/><V126/><F126/><W65/><G133/><T72/><D72/><U35/><E35/><V95/><F95/><W4/><G65/><T22/><D23/><U56/><E82/><V99/><F99/><W91/><G91/><T117/><D102/><U1/><E1/><V113/><F113/><W111/><G111/><T93/><D104/><U116/><E116/><V106/><F106/><W76/><G76/><T73/><D117/><U96/><E96/><V98/><F98/><W67/><G67/><T130/><D73/><U122/><E122/><V97/><F97/><W15/><G15/><T118/><D118/><U119/><E119/><V46/><F71/><W135/><G135/><T134/><D134/><U27/><E75/><V3/><F3/><RYUUKYOKU ba="1,0" sc="283,-15,239,-15,297,15,181,15" hai2="36,39,44,46,50,51,55" hai3="4,10,13,14,18,20,47,49,53,54" /><INIT seed="6,2,0,0,0,84" ten="268,224,312,196" oya="2" hai0="32,30,40,108,131,27,97,98,122,42,62,63,51" hai1="6,104,50,47,66,12,96,92,87,83,73,31,72" hai2="70,1,7,65,9,19,134,118,124,135,133,3,55" hai3="14,29,127,128,94,99,90,2,78,46,100,88,35"/><V113/><F65/><W20/><G2/><T52/><D122/><U125/><E125/><V74/><F70/><W15/><G127/><T77/><D108/><U79/><E31/><V120/><F74/><W89/><G35/><T37/><D131/><U69/><E69/><V24/><F124/><W126/><G126/><T41/><D37/><U13/><E66/><V28/><F55/><W45/><G128/><T115/><D115/><U85/><E85/><V0/><F120/><W49/><G78/><T71/><D77/><U58/><E58/><V86/><F86/><W110/><G110/><T60/><REACH who="0" step="1"/><D71/><REACH who="0" ten="258,224,312,196" step="2"/><U68/><E68/><V53/><F113/><W54/><G46/><AGARI ba="2,1" hai="27,30,32,40,41,42,46,51,52,60,62,63,97,98" machi="46" ten="40,5200,0" yaku="1,1,2,1,54,1,53,0" doraHai="84" doraHaiUra="117" who="0" fromWho="3" sc="258,68,224,0,312,0,196,-58" /><INIT seed="7,0,0,0,0,8" ten="326,224,312,138" oya="3" hai0="11,97,30,29,110,14,111,91,85,116,69,39,134" hai1="101,80,128,19,132,35,3,125,58,84,98,15,13" hai2="77,1,99,41,10,123,114,133,105,33,28,130,67" hai3="96,64,9,47,2,40,72,119,94,135,46,100,71"/><W92/><G119/><T52/><D116/><U61/><E3/><V50/><F50/><W23/><G72/><T102/><D134/><U122/><E122/><V22/><F22/><W112/><G135/><T42/><D69/><U0/><E0/><V115/><F41/><W104/><G112/><N who="2" m="43049" /><F130/><W108/><G108/><T121/><D121/><U59/><E132/><V103/><F133/><W79/><G79/><T4/><D52/><U65/><E35/><V34/><F123/><W126/><G126/><T16/><D111/><U36/><E36/><V60/><F77/><W12/><G2/><T129/><D129/><U43/><E43/><V26/><F1/><W17/><G71/><T95/><D110/><U62/><E128/><V31/><F10/><W87/><G64/><T73/><D73/><U6/><E6/><V68/><F31/><W118/><G118/><T21/><D42/><U70/><E19/><V78/><F78/><W88/><G9/><T76/><D39/><U81/><E81/><V32/><AGARI ba="0,0" hai="26,28,32,33,34,60,67,68,99,103,105" m="43049" machi="32" ten="30,4000,0" yaku="25,1,15,1,23,1" doraHai="8" who="2" fromWho="2" sc="326,-10,224,-10,312,40,138,-20" owari="316,12.0,214,-19.0,352,45.0,118,-38.0" /></mjloggm>