<mjloggm ver="2.3"><GO type="97" lobby="0"/><UN n0="%E7%94%9F%E5%BE%92%E4%BC%9A%E9%95%B7" n1="%E5%B0%B1%E6%B4%BB%E7%94%9F%40%E5%B7%9D%E6%9D%91%E8%BB%8D%E5%9B%A3" n2="%65%71%6D%6D" n3="%6F%72%74%68%6F%70%65%64" dan="13,13,15,15" rate="1839.72,1912.70,1894.35,2007.22" sx="M,M,M,M"/><TAIKYOKU oya="0"/><INIT seed="0,0,0,4,5,119" ten="250,250,250,250" oya="0" hai0="84,91,14,73,74,88,49,103,124,76,3,130,7" hai1="81,133,43,94,40,62,102,79,85,60,75,95,41" hai2="66,120,33,61,9,22,92,58,31,83,37,26,87" hai3="110,135,131,23,109,64,114,82,134,29,48,115,38"/><T90/><D3/><U34/><E34/><V21/><F37/><W39/><G82/><N who="0" m="47175" /><D7/><U13/><E133/><N who="3" m="50698" /><G29/><T99/><D49/><U97/><E75/><N who="0" m="28681" /><D14/><U117/><E117/><V42/><F42/><W55/><G64/><T96/><D130/><U32/><E32/><V122/><F92/><W53/><G23/><T44/><D44/><U28/><E95/><V126/><F126/><W65/><G65/><T129/><D129/><U20/><REACH who="1" step="1"/><E13/><REACH who="1" ten="250,240,250,250" step="2"/><V11/><F33/><W128/><G131/><T63/><D124/><U5/><E5/><V93/><F93/><W25/><G128/><T18/><D18/><U51/><E51/><V123/><REACH who="2" step="1"/><F22/><REACH who="2" ten="250,240,240,250" step="2"/><W70/><G38/><T54/><D96/><U111/><E111/><V56/><F56/><W89/><G39/><T113/><D99/><U1/><E1/><V27/><F27/><AGARI ba="0,2" hai="20,27,28,40,41,43,60,62,79,81,85,94,97,102" machi="27" ten="40,2600,0" yaku="1,1,8,1,53,0" doraHai="119" doraHaiUra="125" who="1" fromWho="2" sc="250,0,240,46,240,-26,250,0" /><INIT seed="1,0,0,0,4,55" ten="250,286,214,250" oya="1" hai0="126,91,64,88,5,74,76,104,106,45,23,71,36" hai1="124,26,11,17,68,110,59,20,38,1,80,103,56" hai2="87,13,58,92,101,32,57,118,50,100,41,21,53" hai3="97,113,51,12,46,83,73,114,122,35,25,2,132"/><U4/><E68/><V77/><F32/><W69/><G2/><T54/><D126/><U127/><E38/><V34/><F34/><W107/><G122/><T108/><D71/><U78/><E103/><N who="2" m="39499" /><F118/><W24/><G69/><T63/><D23/><U111/><E124/><V66/><F41/><W61/><G35/><T16/><D5/><U70/><E70/><V135/><F135/><W85/><G73/><T30/><D30/><U49/><E127/><V89/><F77/><W18/><G107/><T112/><D106/><U119/><E119/><V14/><F21/><W67/><G97/><T125/><D76/><U47/><E78/><V3/><F3/><W31/><G31/><T40/><D74/><U0/><E0/><V130/><F130/><W19/><G132/><T42/><D104/><U98/><E98/><V79/><F79/><W105/><G105/><T7/><D7/><U60/><E80/><V72/><F72/><W121/><G121/><T10/><D42/><U99/><E99/><V123/><F123/><W84/><G12/><N who="2" m="4713" /><F66/><W15/><G67/><T96/><D64/><U95/><E95/><V128/><F128/><W28/><G28/><T109/><D40/><N who="1" m="24807" /><E60/><V22/><F22/><W29/><G61/><T8/><D63/><U115/><E115/><V37/><F37/><W39/><G39/><T81/><D112/><U27/><E27/><N who="3" m="10314" /><G29/><T90/><D36/><U82/><E82/><V75/><F75/><W94/><G114/><T43/><D81/><U33/><E33/><V117/><F117/><W62/><G113/><T9/><D125/><U120/><E120/><RYUUKYOKU ba="0,0" sc="250,-15,286,15,214,15,250,-15" hai1="1,4,11,17,20,26,56,59,110,111" hai2="50,53,57,58,87,89,92" /><INIT seed="1,1,0,2,3,16" ten="235,301,229,235" oya="1" hai0="29,92,79,132,104,116,88,6,119,1,106,127,89" hai1="24,57,123,75,100,21,40,117,38,37,70,20,113" hai2="112,22,101,61,8,135,108,31,27,107,77,13,30" hai3="32,43,65,118,12,42,131,82,41,56,5,93,44"/><U63/><E117/><V46/><F108/><W121/><G32/><T73/><D1/><U4/><E123/><V36/><F135/><W71/><G121/><T102/><D6/><U96/><E113/><V45/><F112/><W59/><G118/><N who="0" m="45099" /><D29/><U51/><E75/><V9/><F77/><W85/><G93/><T2/><D2/><U60/><E70/><V122/><F122/><W109/><G109/><T47/><D47/><N who="1" m="26087" /><E38/><V58/><F31/><W19/><G5/><T110/><D132/><U15/><E37/><V64/><F36/><W68/><G131/><T86/><D110/><U133/><E133/><V95/><F107/><N who="0" m="41002" /><D102/><U49/><E49/><V55/><F55/><W28/><G28/><T94/><D127/><U83/><E83/><V105/><F105/><W90/><G44/><N who="2" m="17001" /><F13/><W0/><G0/><T34/><D34/><U17/><E4/><V130/><F130/><W91/><G91/><N who="0" m="34891" /><D73/><U67/><E63/><V114/><F114/><W18/><G18/><T78/><D86/><U126/><E126/><V66/><F66/><W3/><G3/><T14/><D14/><U124/><E124/><V72/><F72/><W129/><G129/><T50/><D50/><U120/><E120/><V26/><F26/><W74/><G74/><T84/><D84/><U62/><E62/><V23/><F23/><N who="3" m="11751" /><G65/><T33/><D33/><U103/><E96/><AGARI ba="1,0" hai="8,9,22,27,30,58,61,64,95,96,101" m="17001" machi="96" ten="30,3900,0" yaku="25,1,8,1,52,1" doraHai="16" who="2" fromWho="1" sc="235,0,301,-42,229,42,235,0" /><INIT seed="2,0,0,1,1,133" ten="235,259,271,235" oya="2" hai0="108,19,14,88,100,18,129,5,26,106,66,22,72" hai1="131,13,30,105,115,15,75,25,112,82,47,124,20" hai2="71,63,1,121,35,24,7,33,2,4,116,36,39" hai3="46,69,91,109,97,21,117,86,73,8,62,118,44"/><V122/><F116/><W50/><G73/><T134/><D72/><U119/><E105/><V76/><F76/><W85/><G69/><T17/><D134/><U89/><E119/><V43/><F24/><W38/><G38/><N who="2" m="14377" /><F43/><W92/><G109/><T54/><D108/><U52/><E131/><V60/><F71/><W34/><G34/><N who="2" m="12809" /><F60/><W98/><G62/><T6/><D106/><U28/><E28/><V87/><F87/><W84/><G98/><T68/><D100/><U80/><E80/><V41/><F41/><W135/><G135/><T128/><D68/><U74/><E74/><V10/><F63/><W12/><G21/><N who="0" m="11447" /><D66/><U102/><E102/><V49/><F49/><W130/><G130/><N who="0" m="50283" /><D88/><U96/><E96/><V132/><F132/><W65/><G65/><T29/><D54/><U94/><E75/><V55/><F55/><W70/><G70/><T113/><D113/><U111/><E111/><V64/><F64/><W59/><G118/><T126/><D19/><U42/><E89/><V77/><F77/><W61/><G117/><T114/><D114/><U58/><E112/><V48/><F48/><W99/><G99/><T81/><D81/><U93/><E115/><V27/><F27/><W37/><G37/><T53/><D53/><U110/><E82/><V51/><F51/><W31/><G50/><T32/><D32/><U0/><E110/><V90/><F90/><W23/><G61/><T107/><D18/><U57/><E52/><V95/><F95/><W103/><G91/><T123/><D107/><U40/><E93/><V11/><AGARI ba="0,0" hai="1,2,4,7,10,11,121,122" m="12809,14377" machi="11" ten="40,2100,0" yaku="23,1" doraHai="133" who="2" fromWho="2" sc="235,-7,259,-7,271,21,235,-7" /><INIT seed="2,1,0,4,2,0" ten="228,252,292,228" oya="2" hai0="131,45,19,118,30,67,42,46,104,101,24,132,134" hai1="57,123,31,34,112,65,73,71,44,86,126,81,13" hai2="83,105,10,106,5,79,119,4,113,37,102,48,114" hai3="29,91,120,70,72,53,40,68,52,22,47,125,7"/><V129/><F37/><W63/><G72/><T56/><D131/><U84/><E71/><V92/><F119/><W54/><G120/><T1/><D1/><U117/><E112/><V41/><F129/><W28/><G91/><T116/><D101/><U133/><E73/><V9/><F92/><W32/><G32/><T80/><D104/><U90/><E123/><V85/><F41/><W97/><G97/><T16/><D80/><U64/><E117/><N who="0" m="45161" /><D67/><U127/><E133/><N who="0" m="51305" /><D56/><U58/><E34/><V15/><F48/><W76/><G76/><T96/><D96/><U98/><E31/><V25/><F25/><W27/><G28/><T14/><D14/><U135/><E135/><V35/><F35/><W89/><G89/><T6/><D6/><U43/><E98/><V77/><F83/><W128/><G7/><T103/><D103/><U8/><E86/><V61/><F15/><W110/><G128/><T122/><D122/><U18/><E65/><V49/><F85/><W75/><G75/><T11/><D11/><U78/><E90/><V95/><F102/><W60/><G70/><T50/><D46/><U124/><REACH who="1" step="1"/><E64/><REACH who="1" ten="228,242,292,228" step="2"/><V82/><F113/><W33/><G68/><T20/><AGARI ba="1,1" hai="16,19,20,24,30,42,45,50" m="51305,45161" machi="20" ten="30,4000,0" yaku="12,1,20,1,54,1" doraHai="0" who="0" fromWho="0" sc="228,53,242,-11,292,-21,228,-11" /><INIT seed="3,0,0,4,5,84" ten="281,231,271,217" oya="3" hai0="117,135,62,21,119,111,71,60,107,133,42,16,39" hai1="43,105,9,56,19,63,50,95,103,35,120,46,123" hai2="118,59,54,58,22,18,5,1,127,115,31,48,29" hai3="89,61,125,86,68,20,23,122,75,74,79,96,73"/><W45/><G122/><T93/><D107/><U3/><E105/><V0/><F115/><W32/><G32/><T78/><D78/><U17/><E35/><V15/><F118/><W51/><G79/><T108/><D93/><U109/><E109/><N who="0" m="42057" /><D39/><U110/><E110/><V26/><F127/><W47/><G96/><T92/><D92/><U77/><E77/><V116/><F116/><N who="0" m="44618" /><D42/><U76/><E76/><V8/><F0/><W41/><G125/><T112/><D112/><U44/><E44/><V2/><F2/><W28/><G28/><T102/><D102/><U70/><E70/><V106/><F106/><W13/><G13/><N who="0" m="9359" /><D71/><U100/><E120/><V124/><F124/><W12/><G12/><T129/><D129/><U66/><E123/><V33/><F31/><W98/><G98/><T83/><D83/><U87/><E103/><V91/><F91/><W30/><G30/><T49/><D49/><U25/><E100/><V81/><F81/><W90/><G47/><AGARI ba="0,0" hai="1,5,8,15,18,22,26,29,33,47,48,54,58,59" machi="47" ten="30,3900,0" yaku="7,1,24,2" doraHai="84" who="2" fromWho="3" sc="281,0,231,0,271,39,217,-39" owari="281,8.0,231,-17.0,310,41.0,178,-32.0" /></mjloggm>