<mjloggm ver="2.3"><GO type="97" lobby="0"/><UN n0="%E3%83%9F%E3%83%A9%E3%82%AF%E3%83%AB%E3%82%A8%E3%83%BC%E3%82%B9" n1="%E4%BF%AE%E6%A5%AD%E4%B8%AD" n2="%E3%81%B1%E3%81%AB%E3%83%BC%E3%81%AB" n3="%E3%82%A6%E3%83%AB%E3%83%88%E3%83%A9%E7%AB%8B%E7%9B%B4" dan="13,13,13,13" rate="1855.43,1886.45,1866.24,1860.59" sx="M,M,F,M"/><TAIKYOKU oya="0"/><INIT seed="0,0,0,3,4,20" ten="250,250,250,250" oya="0" hai0="76,3,28,97,104,53,81,6,9,92,112,26,61" hai1="86,10,89,12,132,19,47,118,95,125,58,25,110" hai2="129,51,65,96,99,127,38,134,87,73,1,55,49" hai3="77,48,69,74,0,98,41,105,94,64,42,36,67"/><T18/><D112/><U122/><E122/><V88/><F73/><W108/><G105/><T102/><D18/><U100/><E118/><V17/><F38/><W29/><G0/><T56/><D104/><U23/><E125/><V34/><F1/><W124/><G36/><T37/><D37/><U116/><E116/><V40/><F34/><W50/><G74/><T52/><D53/><U135/><E110/><V31/><F31/><W126/><G77/><T39/><D39/><U115/><E115/><V30/><F30/><W46/><G29/><T93/><D93/><U44/><E100/><V111/><F134/><N who="1" m="51241" /><E58/><V84/><F65/><W80/><G108/><T14/><D3/><U120/><E120/><V32/><F127/><N who="3" m="48683" /><G80/><T85/><D28/><AGARI ba="0,0" hai="10,12,19,23,25,28,44,47,86,89,95" m="51241" machi="28" ten="30,2000,0" yaku="20,1,52,1" doraHai="20" who="1" fromWho="0" sc="250,-20,250,20,250,0,250,0" /><INIT seed="1,0,0,0,5,130" ten="230,270,250,250" oya="1" hai0="87,9,116,18,44,33,90,97,119,100,134,131,63" hai1="113,58,14,115,59,96,98,126,102,74,129,12,108" hai2="80,35,120,39,34,29,32,101,71,7,77,30,43" hai3="111,21,103,112,46,94,104,2,17,75,47,124,118"/><U76/><E129/><V70/><F101/><W89/><G75/><T13/><D33/><U91/><E126/><V65/><F120/><W132/><G2/><T40/><D131/><U69/><E69/><V25/><F30/><W55/><G118/><T62/><D119/><U125/><E125/><V66/><F7/><W127/><G112/><T53/><D53/><U50/><E108/><V122/><F66/><W117/><G117/><T31/><D31/><U73/><E76/><V99/><F99/><N who="3" m="61567" /><G55/><T20/><D20/><U78/><E78/><V3/><F3/><W67/><G67/><T114/><D114/><U15/><E50/><V4/><F4/><W36/><G36/><T56/><D56/><N who="1" m="21547" /><E91/><V60/><F71/><W52/><G52/><T61/><D116/><U0/><E102/><V79/><F79/><W88/><G47/><T54/><D54/><U45/><E45/><N who="2" m="23807" /><F122/><W109/><G46/><T82/><D100/><U68/><E0/><V57/><F57/><W86/><G89/><T123/><D97/><N who="1" m="37483" /><E68/><V38/><F38/><W83/><G127/><T121/><D121/><U135/><E135/><V27/><F27/><N who="3" m="14767" /><G124/><T107/><D107/><U110/><E110/><N who="3" m="41994" /><G94/><T95/><D123/><U81/><E81/><V106/><F106/><W105/><G105/><T26/><D95/><U16/><E16/><V23/><F35/><W1/><G1/><T22/><D9/><U51/><E51/><V41/><F41/><W85/><G85/><T6/><D6/><U93/><E93/><V5/><F5/><W11/><G11/><T72/><D72/><AGARI ba="0,0" hai="12,14,15,72,73,74,113,115" m="37483,21547" machi="72" ten="40,3900,0" yaku="28,2" doraHai="130" who="1" fromWho="0" sc="230,-39,270,39,250,0,250,0" /><INIT seed="1,1,0,3,0,30" ten="191,309,250,250" oya="1" hai0="43,92,34,56,88,133,86,73,71,94,78,17,69" hai1="53,95,125,52,57,21,16,19,65,63,98,37,112" hai2="104,117,77,36,10,108,74,18,135,90,105,29,82" hai3="14,128,127,66,85,134,62,23,3,7,15,24,12"/><U79/><E37/><V40/><F117/><W13/><G127/><T124/><D124/><U64/><E125/><V122/><F122/><W96/><G128/><T38/><D56/><U130/><E130/><V1/><F18/><W126/><G126/><T42/><D94/><U75/><E75/><V119/><F90/><W31/><G134/><T6/><D6/><U123/><E79/><V81/><F81/><W101/><G85/><T89/><D89/><N who="1" m="55663" /><E112/><V54/><F54/><N who="1" m="21097" /><E123/><V46/><F119/><W129/><G129/><T67/><D133/><U114/><E114/><V100/><F135/><W25/><G25/><T132/><D132/><U55/><E19/><V50/><F50/><W99/><G3/><T9/><D73/><U91/><E91/><V27/><F100/><W47/><G47/><T80/><D78/><U68/><E68/><V49/><F49/><W41/><G41/><T48/><D80/><U103/><E103/><V107/><F108/><W113/><G113/><T59/><D38/><U11/><E11/><V28/><REACH who="2" step="1"/><F27/><AGARI ba="1,0" hai="16,21,27,55,57,63,64,65" m="21097,55663" machi="27" ten="30,11600,0" yaku="25,1,8,1,54,2" doraHai="30" who="1" fromWho="2" sc="191,0,309,119,250,-119,250,0" /><INIT seed="1,2,0,3,4,0" ten="191,428,131,250" oya="1" hai0="29,39,77,118,93,99,47,91,53,127,89,50,63" hai1="117,35,100,41,79,25,46,110,1,17,20,126,129" hai2="131,83,12,42,58,105,92,109,102,65,49,70,103" hai3="23,67,98,55,101,7,130,133,76,86,108,6,56"/><U57/><E117/><V96/><F105/><W95/><G108/><T134/><D118/><U36/><E1/><V121/><F121/><W5/><G130/><T81/><D127/><U123/><E35/><V31/><F70/><W16/><G133/><T4/><D134/><U52/><E123/><V27/><F109/><W11/><G67/><T88/><D29/><U128/><E110/><V66/><F131/><N who="1" m="50249" /><E79/><V37/><F37/><W122/><G122/><T60/><D39/><U40/><E100/><N who="2" m="60423" /><F12/><N who="3" m="5247" /><G86/><N who="0" m="48431" /><D4/><U107/><E107/><V34/><F83/><W124/><G76/><T111/><D111/><U51/><E41/><V69/><F69/><W90/><G101/><AGARI ba="2,0" hai="47,50,53,60,63,88,89,91,93,99,101" m="48431" machi="101" ten="30,2000,0" yaku="8,1,54,1" doraHai="0" who="0" fromWho="3" sc="191,26,428,0,131,0,250,-26" /><INIT seed="2,0,0,5,2,54" ten="217,428,131,224" oya="2" hai0="75,17,117,98,76,121,96,53,36,59,129,48,23" hai1="112,100,19,42,97,67,39,101,22,79,40,126,78" hai2="116,62,13,1,82,124,18,9,55,47,122,60,94" hai3="12,135,37,3,99,109,16,70,111,31,105,83,133"/><V107/><F107/><W119/><G3/><T127/><D121/><U61/><E112/><V71/><F122/><W72/><G70/><T73/><D36/><U69/><E126/><V29/><F116/><W35/><G37/><T58/><D127/><U45/><E42/><V77/><F124/><W0/><G0/><T131/><D117/><U46/><E46/><V10/><F29/><W2/><G2/><T30/><D30/><U115/><E101/><V89/><F71/><W25/><G119/><T74/><D76/><U34/><E34/><V87/><F1/><W65/><G65/><T103/><D98/><U106/><E115/><V28/><F28/><W134/><G83/><T68/><D68/><U85/><E85/><N who="2" m="52527" /><F9/><N who="3" m="6159" /><G72/><T32/><D32/><U49/><E39/><V20/><F10/><W24/><G24/><AGARI ba="0,0" hai="19,22,24,40,45,49,61,67,69,78,79,97,100,106" machi="24" ten="30,1000,0" yaku="7,1" doraHai="54" who="1" fromWho="3" sc="217,0,428,10,131,0,224,-10" /><INIT seed="3,0,0,2,4,102" ten="217,438,131,214" oya="3" hai0="2,88,119,62,117,82,60,34,26,38,21,29,47" hai1="124,118,129,97,8,1,72,134,110,122,3,51,4" hai2="48,49,55,61,70,130,93,77,123,59,95,22,7" hai3="54,50,83,23,53,12,78,69,20,133,76,100,9"/><W105/><G69/><T14/><D2/><U92/><E72/><V111/><F111/><W18/><G133/><T107/><D107/><U52/><E122/><V19/><F130/><W15/><G105/><T37/><D37/><U30/><E118/><V81/><F70/><W112/><G112/><T114/><D114/><U125/><E1/><V106/><F7/><W132/><G132/><T33/><D33/><U39/><E39/><V67/><F123/><W108/><G108/><T41/><D34/><U86/><E129/><V44/><F49/><W127/><G100/><T126/><D14/><U45/><E110/><V98/><F98/><W24/><G127/><N who="1" m="48714" /><E86/><V25/><F106/><W28/><G83/><T91/><D126/><U65/><E65/><V85/><REACH who="2" step="1"/><F67/><REACH who="2" ten="217,438,121,214" step="2"/><W5/><G53/><T42/><D119/><U109/><E109/><V13/><F13/><W79/><G54/><T103/><D117/><U87/><E134/><V17/><F17/><W74/><G74/><T11/><D11/><U113/><E30/><V116/><F116/><W31/><G50/><T40/><D29/><AGARI ba="0,1" hai="5,9,12,15,18,20,23,24,28,29,31,76,78,79" machi="29" ten="40,2000,0" yaku="8,1" doraHai="102" who="3" fromWho="0" sc="217,-20,438,0,121,0,214,30" /><INIT seed="3,1,0,4,2,59" ten="197,438,121,244" oya="3" hai0="14,74,17,80,9,27,45,102,39,1,12,68,72" hai1="130,131,98,46,53,62,6,116,133,114,122,55,42" hai2="63,16,71,57,86,66,2,93,135,35,120,34,29" hai3="95,112,69,97,105,32,126,52,31,123,82,129,107"/><W96/><G123/><T11/><D68/><U70/><E6/><V30/><F2/><W24/><G112/><T75/><D1/><U127/><E98/><V41/><F135/><W51/><G126/><T79/><D102/><U101/><E101/><V67/><F120/><W61/><G129/><N who="1" m="49162" /><E133/><V78/><F41/><W36/><G36/><T21/><D39/><N who="1" m="21855" /><E114/><V85/><F71/><W43/><G82/><T13/><REACH who="0" step="1"/><D45/><REACH who="0" ten="187,438,121,244" step="2"/><U117/><E122/><V56/><F93/><W38/><G38/><T7/><D7/><U28/><E127/><V76/><REACH who="2" step="1"/><F16/><REACH who="2" ten="187,438,111,244" step="2"/><W103/><G95/><T10/><AGARI ba="1,2" hai="9,10,11,12,13,14,17,21,27,72,74,75,79,80" machi="10" ten="30,2000,0" yaku="1,1,0,1,53,0" doraHai="59" doraHaiUra="89" who="0" fromWho="0" sc="187,43,438,-6,111,-6,244,-11" owari="230,-17.0,432,53.0,105,-39.0,233,3.0" /></mjloggm>