<mjloggm ver="2.3"><GO type="97" lobby="0"/><UN n0="%41%73%61%67%61%6B%69" n1="%70%65%6E%5F%63%68%61%6E" n2="%E7%AA%81%E6%92%83%E3%81%AE%E5%9C%B0%E9%B3%B4%E3%82%8A" n3="%E3%82%A6%E3%83%AB%E3%83%88%E3%83%A9%E7%AB%8B%E7%9B%B4" dan="14,14,13,13" rate="1963.08,2001.24,1905.43,1868.40" sx="M,M,F,M"/><TAIKYOKU oya="0"/><INIT seed="0,0,0,2,4,43" ten="250,250,250,250" oya="0" hai0="92,119,112,53,70,104,74,85,77,36,113,22,9" hai1="54,105,118,63,10,58,133,47,129,34,11,1,31" hai2="98,134,123,95,41,4,135,66,55,94,35,30,6" hai3="125,32,61,5,107,101,69,88,15,76,96,64,93"/><T102/><D119/><U52/><E105/><V68/><F123/><W97/><G125/><T8/><D70/><U109/><E118/><V37/><F55/><W60/><G76/><T90/><D22/><U0/><E34/><V111/><F111/><W83/><G83/><N who="0" m="45495" /><D53/><U38/><E31/><V75/><F75/><W23/><G32/><T108/><D36/><U50/><E109/><V20/><F35/><W65/><G5/><T39/><D39/><U40/><E129/><V103/><F94/><W7/><G7/><T67/><D67/><U79/><E79/><V17/><F30/><W2/><G2/><T87/><D87/><U26/><E26/><N who="2" m="14607" /><F66/><W82/><G82/><T100/><D100/><U126/><E126/><V117/><F68/><W48/><G23/><T21/><D21/><U19/><E133/><N who="2" m="50699" /><F117/><W13/><REACH who="3" step="1"/><G48/><REACH who="3" ten="250,250,250,240" step="2"/><T116/><D116/><U73/><E73/><V71/><F6/><W3/><G3/><T128/><D108/><U81/><E81/><V127/><F4/><W91/><G91/><T14/><D128/><U27/><E10/><N who="0" m="4201" /><D14/><U49/><E49/><V120/><F127/><W51/><G51/><T18/><D18/><U122/><E122/><V12/><F120/><W121/><G121/><T24/><D24/><U80/><E80/><V78/><F37/><W89/><G89/><T86/><D86/><U124/><E124/><V110/><F78/><W44/><G44/><T33/><D33/><U130/><E0/><V62/><F110/><W16/><G16/><T42/><D113/><U56/><E1/><V72/><F12/><W106/><G106/><RYUUKYOKU ba="0,1" sc="250,-10,250,-10,250,-10,240,30" hai3="13,15,60,61,64,65,69,88,93,96,97,101,107" /><INIT seed="1,1,1,5,2,30" ten="240,240,240,270" oya="1" hai0="102,111,109,45,49,14,110,88,133,57,85,34,46" hai1="84,0,42,101,2,54,22,11,115,20,37,15,41" hai2="103,94,105,13,67,21,132,4,81,89,12,108,7" hai3="93,78,134,48,91,83,27,65,6,126,121,77,74"/><U58/><E115/><V1/><F108/><W130/><G121/><T56/><D133/><U29/><E2/><V38/><F38/><W35/><G6/><T95/><D34/><U112/><E112/><V106/><F132/><W8/><G8/><T120/><D120/><U125/><E0/><V104/><F67/><W16/><G134/><T60/><D14/><U10/><E125/><V100/><F81/><W127/><G65/><T62/><D102/><U119/><E119/><V61/><F61/><N who="0" m="23658" /><D46/><U43/><E37/><V33/><F33/><W79/><G48/><T19/><D19/><U128/><E101/><V107/><F107/><W66/><G35/><T55/><AGARI ba="1,1" hai="45,49,55,56,57,85,88,95,109,110,111" m="23658" machi="55" ten="40,2700,0" yaku="14,1,54,1" doraHai="30" who="0" fromWho="0" sc="240,40,240,-14,240,-8,270,-8" /><INIT seed="2,0,0,4,2,104" ten="280,226,232,262" oya="2" hai0="27,70,121,103,53,24,115,41,94,100,91,132,45" hai1="17,39,120,30,65,73,12,124,109,52,96,43,37" hai2="58,85,76,133,123,5,113,42,44,14,84,57,77" hai3="34,61,60,69,15,134,106,89,26,114,125,51,32"/><V102/><F113/><W99/><G125/><T81/><D115/><U122/><E124/><V127/><F123/><N who="1" m="47145" /><E65/><V74/><F127/><W87/><G114/><T28/><D121/><U64/><E64/><V36/><F133/><W112/><G134/><T128/><D70/><U13/><E30/><V10/><F102/><W0/><G0/><T108/><D108/><U130/><E109/><V86/><REACH who="2" step="1"/><F77/><REACH who="2" ten="280,226,222,262" step="2"/><W118/><G112/><T72/><D103/><U54/><E130/><V25/><F25/><W29/><G26/><T19/><D100/><U97/><E12/><V11/><F11/><W21/><G15/><T67/><D27/><U93/><E96/><V117/><F117/><W90/><G99/><T8/><D128/><U7/><E7/><V129/><F129/><W101/><G101/><T82/><D8/><N who="1" m="6311" /><E73/><V20/><F20/><W18/><G21/><T78/><D132/><U3/><E3/><V62/><F62/><W92/><G61/><T83/><D24/><U1/><E1/><V16/><F16/><W48/><G60/><T4/><D19/><U88/><E43/><V40/><F40/><W126/><G18/><T59/><D28/><U68/><E68/><V75/><F75/><W111/><G69/><T66/><D4/><U50/><E50/><V38/><F38/><AGARI ba="0,1" hai="37,38,39,52,54,88,93,97" m="6311,47145" machi="38" ten="30,3900,0" yaku="13,1,54,2" doraHai="104" who="1" fromWho="2" sc="280,0,226,49,222,-39,262,0" /><INIT seed="3,0,0,2,3,21" ten="280,275,183,262" oya="3" hai0="8,123,37,117,65,129,76,132,88,62,105,81,101" hai1="55,4,30,80,104,29,5,70,49,125,38,91,57" hai2="77,68,118,44,133,115,69,109,18,2,127,75,41" hai3="22,36,13,135,12,85,103,19,83,67,46,128,0"/><W93/><G0/><T51/><D117/><U102/><E38/><V31/><F115/><W131/><G135/><T43/><D123/><U78/><E70/><V112/><F112/><W1/><G1/><T48/><D132/><U84/><E125/><V106/><F118/><W95/><G67/><T17/><D37/><U134/><E134/><V23/><F133/><W72/><G72/><T87/><D129/><N who="3" m="49737" /><G103/><T61/><D105/><U73/><E4/><V59/><F109/><W71/><G71/><T58/><D101/><U16/><E5/><V90/><F127/><W33/><G33/><T10/><D62/><U98/><REACH who="1" step="1"/><E16/><REACH who="1" ten="280,265,183,262" step="2"/><V11/><F106/><W50/><G36/><T9/><D17/><U82/><AGARI ba="0,1" hai="29,30,49,55,57,73,78,80,82,84,91,98,102,104" machi="82" ten="20,5200,0" yaku="1,1,2,1,0,1,7,1,53,0" doraHai="21" doraHaiUra="6" who="1" fromWho="1" sc="280,-13,265,62,183,-13,262,-26" owari="267,7.0,327,42.0,170,-33.0,236,-16.0" /></mjloggm>