<mjloggm ver="2.3"><GO type="97" lobby="0"/><UN n0="%6A%61%6E%6E%65%62%62%62" n1="%72%61%72%66%69%6C%65" n2="%59%61%69%74%6F%68" n3="%E5%B0%B1%E6%B4%BB%E7%94%9F%40%E5%B7%9D%E6%9D%91%E8%BB%8D%E5%9B%A3" dan="13,13,13,13" rate="1805.97,1883.73,1846.82,1919.19" sx="M,M,M,M"/><TAIKYOKU oya="0"/><INIT seed="0,0,0,5,2,113" ten="250,250,250,250" oya="0" hai0="105,64,78,6,109,31,129,123,111,3,70,103,74" hai1="104,127,21,9,53,0,131,124,1,86,33,55,35" hai2="5,108,92,132,45,133,101,84,98,49,19,47,37" hai3="71,81,54,97,115,29,76,119,61,82,72,112,17"/><T134/><D123/><U43/><E104/><V7/><F108/><N who="0" m="41546" /><D134/><N who="2" m="51818" /><F19/><W16/><G82/><N who="0" m="45399" /><D129/><U36/><E131/><V30/><F30/><W121/><G121/><T67/><D31/><U96/><E96/><V65/><F65/><W28/><G28/><T94/><D70/><U44/><E21/><V52/><F84/><W4/><G29/><T38/><D38/><U68/><E68/><V125/><F125/><N who="1" m="48201" /><E86/><V90/><F90/><W79/><G79/><T118/><D118/><U116/><E116/><V34/><F34/><N who="1" m="12809" /><E9/><V27/><F27/><W88/><G119/><T73/><D73/><U126/><N who="1" m="48209" /><U32/><N who="1" m="12817" /><DORA hai="69" /><U18/><DORA hai="87" /><E18/><V13/><F13/><W46/><G17/><T11/><D105/><U40/><E40/><AGARI ba="0,0" hai="5,7,37,40,45,47,49,52,92,98,101" m="51818" machi="40" ten="30,3900,0" yaku="20,1,52,1,54,1" doraHai="113,69,87" who="2" fromWho="1" sc="250,0,250,-39,250,39,250,0" /><INIT seed="1,0,0,3,4,72" ten="250,211,289,250" oya="1" hai0="23,39,33,18,27,5,94,12,90,37,110,48,88" hai1="20,28,78,49,51,15,120,66,63,8,109,74,24" hai2="85,45,130,4,14,41,58,135,67,30,40,134,55" hai3="1,98,113,128,57,70,47,127,13,97,82,11,7"/><U91/><E120/><V93/><F30/><W36/><G70/><T117/><D117/><U69/><E109/><V25/><F25/><W103/><G113/><T101/><D110/><U108/><E108/><V92/><F130/><W2/><G127/><T102/><D90/><U114/><E114/><V112/><F112/><W99/><G128/><T122/><D122/><U111/><E111/><V84/><F67/><W104/><G2/><T75/><D75/><U56/><E91/><V60/><F41/><W10/><G57/><T79/><D79/><U22/><E22/><V129/><F129/><W62/><G62/><T76/><D76/><U80/><REACH who="1" step="1"/><E69/><REACH who="1" ten="250,201,289,250" step="2"/><V106/><F135/><W64/><G103/><N who="0" m="39435" /><D33/><U16/><AGARI ba="0,1" hai="8,15,16,20,24,28,49,51,56,63,66,74,78,80" machi="16" ten="20,12000,1" yaku="1,1,0,1,7,1,52,1,54,1,53,0" doraHai="72" doraHaiUra="89" who="1" fromWho="1" sc="250,-40,201,130,289,-40,250,-40" /><INIT seed="1,1,0,3,1,99" ten="210,331,249,210" oya="1" hai0="66,98,12,119,120,127,125,63,77,60,51,90,4" hai1="9,14,74,65,13,133,2,68,53,55,17,24,59" hai2="102,108,93,76,7,34,114,25,79,132,3,71,84" hai3="49,117,23,21,115,67,88,11,70,33,73,134,38"/><U109/><E74/><V61/><F114/><W80/><G33/><T64/><D120/><U116/><E116/><V40/><F40/><W45/><G117/><T30/><D119/><U122/><E122/><V1/><F7/><W128/><G115/><T27/><D77/><U16/><E2/><V78/><F132/><W95/><G38/><T19/><D51/><U126/><E133/><V94/><F108/><W121/><G121/><T97/><D4/><U50/><E109/><V28/><F84/><W35/><G35/><T129/><D129/><U107/><E107/><V106/><F106/><W20/><G128/><T89/><D30/><U18/><E126/><V86/><F86/><W39/><G134/><T91/><D27/><U123/><E123/><V54/><F94/><W124/><G39/><T42/><D42/><U0/><E24/><V56/><REACH who="2" step="1"/><F71/><REACH who="2" ten="210,331,239,210" step="2"/><W57/><G70/><T5/><D5/><U58/><E68/><V43/><F43/><W15/><G73/><T100/><D127/><U8/><E0/><V113/><F113/><W22/><G80/><T103/><D125/><U69/><E69/><V29/><F29/><W105/><G105/><T48/><D48/><N who="1" m="31015" /><E65/><V96/><AGARI ba="1,1" hai="1,3,25,28,34,54,56,61,76,78,79,93,96,102" machi="96" ten="30,4000,0" yaku="1,1,0,1,52,1,53,0" doraHai="99" doraHaiUra="10" who="2" fromWho="2" sc="210,-11,331,-21,239,53,210,-11" /><INIT seed="2,0,0,1,2,51" ten="199,310,292,199" oya="2" hai0="9,14,57,127,132,110,99,43,4,36,88,18,17" hai1="80,81,8,97,134,65,87,10,16,113,40,28,77" hai2="19,94,131,2,69,107,120,75,98,103,116,26,39" hai3="123,58,27,3,12,121,101,6,122,111,37,74,76"/><V68/><F120/><W32/><G111/><T83/><D110/><U93/><E113/><V47/><F116/><W1/><G101/><T85/><D127/><U126/><E28/><V0/><F75/><W46/><G58/><T48/><D132/><U129/><E126/><V55/><F69/><W54/><G54/><T79/><D36/><U106/><E134/><V114/><F114/><W13/><G46/><T60/><D79/><U73/><E65/><V20/><F68/><W86/><G86/><T35/><D99/><U30/><E30/><V34/><F131/><W100/><G100/><T133/><D133/><U11/><E40/><V112/><F112/><W5/><G76/><T64/><REACH who="0" step="1"/><D35/><REACH who="0" ten="189,310,292,199" step="2"/><U125/><E125/><V108/><F108/><W61/><G37/><T95/><D95/><U31/><E106/><V50/><F34/><W53/><G74/><T49/><D49/><U105/><E105/><V56/><REACH who="2" step="1"/><F107/><REACH who="2" ten="189,310,282,199" step="2"/><W91/><G32/><T119/><D119/><U135/><E135/><V33/><F33/><W104/><G122/><T25/><D25/><U115/><E115/><V67/><F67/><W92/><G104/><T70/><D70/><U128/><E128/><V66/><F66/><W42/><G27/><T63/><D63/><U96/><E129/><V117/><F117/><W72/><G61/><T84/><D84/><U38/><E87/><V90/><F90/><W29/><G91/><T102/><D102/><U118/><E118/><V41/><AGARI ba="0,2" hai="0,2,19,20,26,39,41,47,50,55,56,94,98,103" machi="41" ten="30,11700,0" yaku="1,1,0,1,52,1,53,1" doraHai="51" doraHaiUra="71" who="2" fromWho="2" sc="189,-39,310,-39,282,137,199,-39" /><INIT seed="2,1,0,2,4,45" ten="150,271,419,160" oya="2" hai0="109,19,115,129,85,125,60,95,82,114,34,57,63" hai1="0,89,58,121,37,52,133,130,86,92,118,3,128" hai2="49,43,80,124,69,83,97,100,65,6,48,28,39" hai3="96,24,2,111,40,78,47,120,30,72,73,135,110"/><V103/><F6/><W26/><G120/><T53/><D34/><U101/><E37/><V61/><F28/><W98/><G2/><T31/><D109/><N who="3" m="41481" /><G135/><T108/><D31/><U84/><E121/><V29/><F29/><W68/><G68/><T22/><D108/><U79/><E101/><V81/><F124/><W32/><G26/><T36/><D129/><U123/><E118/><V127/><F127/><W122/><G122/><T9/><D125/><U126/><E133/><V50/><REACH who="2" step="1"/><F97/><REACH who="2" ten="150,271,409,160" step="2"/><N who="3" m="37483" /><G78/><T42/><D115/><U11/><E126/><V35/><F35/><W71/><G71/><T15/><D114/><U70/><E70/><V102/><F102/><W131/><G131/><T8/><D9/><U87/><E123/><V55/><F55/><W27/><G32/><T18/><D53/><U104/><E130/><V67/><F67/><W20/><G27/><T106/><D8/><U66/><E66/><V54/><F54/><W10/><G10/><T77/><D77/><U94/><E79/><V116/><F116/><W93/><G93/><T119/><D95/><U64/><E64/><V132/><F132/><W1/><G1/><T4/><D4/><U44/><E128/><V51/><N who="2" m="12800" /><DORA hai="16" /><V113/><F113/><W41/><G47/><AGARI ba="1,1" hai="39,43,47,61,65,69,80,81,83,100,103" m="12800" machi="47" ten="60,18000,2" yaku="1,1,52,4,53,1" doraHai="45,16" doraHaiUra="90,62" who="2" fromWho="3" sc="150,0,271,0,409,193,160,-183" owari="150,-25.0,271,7.0,602,70.0,-23,-52.0" /></mjloggm>