<mjloggm ver="2.3"><GO type="97" lobby="0"/><UN n0="%65%6D%70%65%72%6F%72%37" n1="%79%75%75%6E%61%30%31" n2="%E3%82%A6%E3%83%AB%E3%83%88%E3%83%A9%E7%AB%8B%E7%9B%B4" n3="%E6%9F%8F%E6%9C%A8%E3%82%A7%E3%82%A7" dan="15,13,14,15" rate="1998.03,1853.70,1942.98,2012.94" sx="M,M,M,M"/><TAIKYOKU oya="0"/><INIT seed="0,0,0,4,3,74" ten="250,250,250,250" oya="0" hai0="101,61,25,45,103,9,66,36,34,68,73,115,96" hai1="51,81,52,90,31,72,19,18,5,105,1,130,59" hai2="44,35,121,3,4,118,56,26,107,133,7,32,16" hai3="8,84,38,55,17,99,65,50,83,14,111,29,33"/><T77/><D115/><U88/><E105/><V135/><F107/><W69/><G38/><T132/><D132/><N who="2" m="50762" /><F44/><W67/><G111/><T129/><D129/><U126/><E130/><V46/><F46/><N who="3" m="28119" /><G69/><T6/><D25/><U113/><E113/><V93/><F93/><W60/><G60/><T37/><D34/><N who="2" m="12842" /><F56/><W78/><G33/><T102/><D45/><U54/><E126/><V120/><F118/><W43/><G43/><T53/><D53/><U85/><E72/><V131/><F131/><W70/><G29/><T76/><D96/><U63/><E31/><V20/><F3/><W127/><G127/><T79/><REACH who="0" step="1"/><D73/><REACH who="0" ten="240,250,250,250" step="2"/><U108/><E108/><V24/><F24/><W95/><G70/><T80/><D80/><U28/><E28/><V122/><AGARI ba="0,1" hai="4,7,16,20,26,120,121,122" m="12842,50762" machi="122" ten="40,8000,1" yaku="20,1,34,2,54,1" doraHai="74" who="2" fromWho="2" sc="240,-40,250,-20,250,90,250,-20" /><INIT seed="1,0,0,1,5,106" ten="200,230,340,230" oya="1" hai0="78,56,25,120,122,121,135,91,76,129,34,23,80" hai1="113,109,81,8,70,28,128,6,92,84,24,21,77" hai2="3,53,0,130,112,30,133,13,115,124,19,38,32" hai3="47,43,51,62,33,95,44,110,55,114,29,1,11"/><U63/><E113/><N who="2" m="43595" /><F38/><W131/><G114/><T15/><D34/><U35/><E128/><V39/><F39/><W74/><G110/><T27/><D129/><U49/><E109/><V22/><F130/><W119/><G131/><T87/><D135/><U132/><E132/><V54/><F133/><W52/><G119/><T7/><D76/><U14/><E35/><V94/><F94/><W83/><G95/><T85/><D56/><U41/><E70/><V65/><F65/><W2/><G33/><T4/><D15/><U31/><E63/><V82/><F82/><W111/><G111/><T123/><N who="0" m="31232" /><DORA hai="48" /><T108/><D108/><U67/><E67/><V42/><F42/><W57/><G29/><T97/><D97/><U40/><E40/><V50/><F50/><W134/><G134/><T89/><D27/><U46/><E92/><V107/><F107/><W68/><G68/><T118/><D118/><U66/><E66/><V17/><F124/><W90/><G11/><T127/><D127/><U16/><AGARI ba="0,0" hai="6,8,14,16,21,24,28,31,41,46,49,77,81,84" machi="16" ten="20,18000,2" yaku="0,1,7,1,25,2,8,1,54,1" doraHai="106,48" who="1" fromWho="1" sc="200,-60,230,180,340,-60,230,-60" /><INIT seed="1,1,0,0,3,120" ten="140,410,280,170" oya="1" hai0="111,110,30,16,127,38,82,13,27,92,101,78,83" hai1="35,39,118,14,69,105,123,11,55,15,41,51,124" hai2="28,80,102,34,128,119,23,84,77,43,97,3,2" hai3="93,62,104,79,33,131,53,10,86,44,76,99,42"/><U49/><E123/><V32/><F119/><W60/><G33/><T18/><D38/><U135/><E118/><V65/><F128/><W114/><G114/><T68/><D68/><U0/><E135/><V113/><F113/><W130/><G104/><T29/><D101/><U129/><E35/><V91/><F34/><W70/><G10/><T74/><D92/><U71/><E129/><N who="3" m="49162" /><G53/><T24/><D127/><U109/><E0/><V6/><F32/><W9/><G9/><T66/><D66/><U36/><E105/><V73/><F65/><N who="3" m="41255" /><G62/><T95/><D95/><U21/><E11/><V47/><F28/><W1/><G86/><T50/><D50/><U134/><E55/><V52/><F23/><W26/><G26/><T108/><D82/><U57/><E21/><V37/><F52/><W98/><G1/><T94/><D94/><U12/><E134/><V19/><F19/><N who="0" m="7210" /><D13/><U7/><E7/><V112/><F112/><W100/><G99/><T126/><D126/><U121/><E124/><V116/><F116/><W106/><G106/><T90/><D90/><U96/><E39/><AGARI ba="1,0" hai="39,42,44,76,79,93,98,100" m="41255,49162" machi="39" ten="30,1000,0" yaku="19,1" doraHai="120" who="3" fromWho="1" sc="140,0,410,-13,280,0,170,13" /><INIT seed="2,0,0,0,1,4" ten="140,397,280,183" oya="2" hai0="50,59,74,49,29,93,66,13,101,99,20,94,78" hai1="23,31,113,64,28,30,27,110,73,61,114,117,36" hai2="42,44,87,32,1,37,121,7,17,92,118,47,75" hai3="123,12,68,48,88,43,25,71,69,111,130,76,52"/><V9/><F121/><W51/><G123/><T54/><D74/><U89/><E117/><V131/><F118/><W38/><G111/><T16/><D78/><U2/><E110/><V18/><F131/><W0/><G0/><T112/><D112/><U104/><E104/><V35/><F18/><W108/><G108/><T86/><D66/><U129/><E129/><V120/><F120/><W119/><G76/><T58/><D29/><U46/><E73/><V80/><F17/><W77/><G77/><T127/><D127/><U100/><E2/><V97/><F47/><W40/><G130/><T62/><REACH who="0" step="1"/><D58/><REACH who="0" ten="130,397,280,183" step="2"/><U72/><E114/><V83/><F35/><W14/><G119/><T107/><D107/><U81/><E64/><V134/><F32/><W22/><G71/><T116/><D116/><U98/><E72/><V115/><F115/><W84/><G69/><T56/><D56/><U105/><E113/><V57/><F57/><W124/><G124/><T26/><D26/><U21/><E27/><V102/><F134/><W10/><G68/><T34/><D34/><U135/><E31/><V85/><F80/><W103/><G25/><T3/><D3/><U5/><E81/><V128/><F128/><W95/><G38/><T132/><D132/><U126/><E30/><V53/><F75/><W60/><G60/><T125/><D125/><U67/><E61/><V90/><F83/><W15/><G51/><T122/><D122/><U41/><E28/><V65/><F65/><W11/><G48/><T70/><D70/><U63/><E126/><V109/><F1/><W45/><G45/><RYUUKYOKU ba="0,1" sc="130,30,397,-10,280,-10,183,-10" hai0="13,16,20,49,50,54,59,62,86,93,94,99,101" /><INIT seed="3,1,1,5,5,1" ten="160,387,270,173" oya="3" hai0="48,53,117,114,135,10,36,57,72,24,33,15,101" hai1="11,108,92,38,55,102,41,85,122,68,64,22,134" hai2="89,49,23,65,63,77,17,129,35,74,50,127,59" hai3="7,106,110,26,125,2,80,51,21,52,62,78,43"/><W0/><G106/><T29/><D117/><U116/><E122/><V37/><F35/><W30/><G125/><T60/><D36/><U56/><E116/><V13/><F37/><W6/><G110/><T133/><D72/><U75/><E108/><V46/><F127/><W97/><G97/><T58/><D101/><U124/><E124/><V73/><F129/><W40/><G2/><T39/><D39/><U45/><E134/><N who="0" m="51209" /><D114/><U105/><E75/><V112/><F112/><W93/><G93/><T81/><D81/><U12/><E22/><V76/><F74/><W113/><G113/><T3/><D3/><U69/><E105/><V9/><F73/><W107/><G107/><T79/><D79/><U31/><E31/><V61/><F61/><W132/><G132/><T34/><D34/><U83/><E64/><V131/><F131/><W103/><G103/><T44/><D60/><U121/><E121/><V16/><F89/><W19/><G0/><T118/><D118/><U94/><E94/><V126/><F126/><W130/><G130/><T27/><D27/><U95/><E92/><V18/><F50/><W88/><G78/><N who="2" m="30313" /><F23/><W54/><G30/><T120/><D120/><U115/><E115/><V96/><F96/><W119/><G119/><T47/><D47/><U109/><E109/><V67/><F67/><W70/><G70/><T111/><D111/><U25/><E68/><V14/><F14/><W28/><G28/><T104/><D104/><U84/><E69/><V4/><F49/><W66/><G66/><T82/><D82/><U100/><E83/><V42/><F46/><RYUUKYOKU ba="1,1" sc="160,15,387,-15,270,15,173,-15" hai0="10,15,24,29,33,44,48,53,57,58" hai2="4,9,13,16,17,18,42,59,63,65" owari="175,-22.0,382,47.0,285,9.0,158,-34.0" /></mjloggm>