<mjloggm ver="2.3"><GO type="1" lobby="0"/><UN n0="%79%75%6B%61%74%61%6E%30" n1="%E5%B0%B1%E6%B4%BB%E7%94%9F%40%E5%B7%9D%E6%9D%91%E8%BB%8D%E5%9B%A3" n2="%E3%82%93%E3%81%98%E3%82%87%E3%82%82" n3="%4E%6F%4E%61%6D%65" dan="0,8,11,0" rate="1500.00,1647.87,1662.72,1500.00" sx="F,M,F,M"/><TAIKYOKU oya="0"/><INIT seed="0,0,0,1,0,97" ten="250,250,250,250" oya="0" hai0="69,95,47,16,9,38,46,40,59,18,129,99,85" hai1="62,80,117,42,105,44,2,33,0,56,106,81,30" hai2="17,111,87,114,77,101,116,12,89,37,39,27,103" hai3="20,21,131,83,94,31,53,61,1,90,110,49,24"/><T71/><D9/><U63/><E117/><V98/><F116/><W41/><G110/><T134/><D134/><U84/><E33/><V72/><F111/><W109/><G109/><T19/><D129/><U100/><E30/><V7/><F114/><W91/><G131/><T60/><D85/><U120/><E120/><V15/><F72/><W73/><G73/><T23/><D23/><N who="3" m="8777" /><G1/><T133/><D47/><U32/><E32/><V26/><F77/><W6/><G6/><T8/><D8/><U5/><E5/><V66/><F98/><N who="3" m="57687" /><G24/><N who="2" m="9257" /><F17/><W10/><G31/><T70/><D133/><U92/><E62/><V132/><F7/><W29/><G29/><T107/><D107/><U128/><E128/><V22/><F22/><W54/><G10/><T45/><D45/><U88/><E106/><V86/><F132/><W57/><G41/><T124/><D124/><U34/><E34/><V67/><F89/><W135/><G135/><T127/><D127/><U25/><E25/><V68/><F68/><W58/><G91/><T50/><D99/><U119/><E2/><V79/><F79/><W93/><G93/><T78/><D78/><U55/><E0/><V43/><F43/><W76/><G76/><T104/><D104/><U96/><REACH who="1" step="1"/><E119/><REACH who="1" ten="250,240,250,250" step="2"/><V115/><F115/><W113/><G113/><T52/><D95/><U123/><E123/><V121/><F121/><W13/><G13/><N who="2" m="5193" /><F37/><AGARI ba="0,1" hai="37,42,44,55,56,63,80,81,84,88,92,96,100,105" machi="37" ten="30,8000,1" yaku="1,1,7,1,52,1,54,1,53,1" doraHai="97" doraHaiUra="51" who="1" fromWho="2" sc="250,0,240,90,250,-80,250,0" /><INIT seed="1,0,0,4,0,76" ten="250,330,170,250" oya="1" hai0="27,70,135,22,28,26,126,95,82,67,108,77,32" hai1="35,57,36,66,78,51,105,42,44,110,41,65,130" hai2="75,128,90,73,83,7,129,17,125,46,48,72,15" hai3="63,112,10,49,104,24,59,56,52,0,116,97,5"/><U96/><E130/><N who="2" m="50283" /><F7/><W18/><G112/><T38/><D108/><U29/><E110/><V13/><F125/><W113/><G113/><T31/><D95/><U118/><E118/><V6/><F6/><W33/><G116/><T55/><D55/><U107/><E35/><V16/><F46/><W23/><G33/><T85/><D126/><U134/><E29/><V4/><F4/><W111/><G111/><T88/><D135/><U2/><E2/><V114/><F48/><W93/><G93/><T100/><D38/><U40/><E134/><V61/><F61/><W121/><G121/><T133/><D133/><U98/><E36/><V60/><F60/><W94/><G104/><T50/><D70/><U12/><E12/><N who="2" m="4683" /><F114/><W20/><G20/><N who="0" m="15431" /><D67/><U19/><E19/><N who="2" m="7243" /><F90/><W122/><G122/><T131/><D131/><U89/><E89/><V91/><F91/><W109/><G109/><T71/><D71/><U8/><E51/><V124/><F124/><W58/><REACH who="3" step="1"/><G49/><REACH who="3" ten="250,330,170,240" step="2"/><T25/><D32/><U30/><E107/><V84/><F84/><W117/><G117/><T102/><D50/><U127/><E105/><V45/><F45/><W92/><G92/><T37/><D77/><AGARI ba="0,1" hai="72,73,75,77,83" m="7243,4683,50283" machi="77" ten="30,3900,0" yaku="19,1,52,1,54,1" doraHai="76" who="2" fromWho="0" sc="250,-39,330,0,170,49,240,0" /><INIT seed="2,0,0,3,0,89" ten="211,330,219,240" oya="2" hai0="33,104,15,5,34,19,102,108,96,59,35,95,132" hai1="129,134,114,11,75,32,120,109,52,27,39,91,69" hai2="99,63,101,46,113,49,97,98,68,1,117,122,4" hai3="90,7,119,38,9,107,8,74,73,80,81,41,78"/><V24/><F122/><W40/><G119/><T100/><D132/><U13/><RYUUKYOKU type="yao9" ba="0,0" sc="211,0,330,0,219,0,240,0" hai1="11,13,27,32,39,52,69,75,91,109,114,120,129,134" /><INIT seed="2,1,0,5,0,14" ten="211,330,219,240" oya="2" hai0="39,15,16,4,79,34,65,102,22,91,69,106,51" hai1="36,86,130,29,50,81,42,27,112,46,35,99,24" hai2="116,127,74,9,44,7,111,6,10,40,123,63,0" hai3="18,31,88,90,76,12,26,126,47,85,57,133,94"/><V87/><F63/><W61/><G126/><T78/><D34/><U71/><E112/><V64/><F87/><N who="3" m="52511" /><G133/><T98/><D39/><U134/><E130/><V114/><F64/><N who="3" m="38959" /><G47/><T67/><D69/><U13/><E134/><V100/><F100/><W82/><G76/><T105/><D4/><U68/><E27/><V23/><F23/><N who="3" m="11719" /><G31/><T49/><D106/><U121/><E121/><V54/><F54/><W8/><G8/><T101/><D105/><U89/><E36/><N who="2" m="21511" /><F116/><W120/><G120/><T113/><D98/><U107/><E107/><V25/><F123/><W83/><G83/><T125/><D125/><U122/><E99/><V118/><F118/><W66/><G66/><T70/><D70/><U19/><E122/><V119/><F127/><W117/><G117/><T21/><D113/><U41/><E41/><V124/><F119/><W37/><G37/><T60/><D60/><U43/><E43/><V59/><F124/><W115/><G115/><T53/><D91/><U129/><E129/><V110/><F114/><W128/><G128/><T2/><D2/><U95/><E81/><V97/><F97/><W73/><G73/><T84/><D84/><U72/><E72/><V11/><F59/><W17/><G17/><T1/><D1/><U33/><E33/><V30/><F74/><W132/><G132/><T92/><D92/><U48/><E71/><V52/><F11/><W93/><G93/><T135/><D135/><U20/><E68/><V56/><F0/><W75/><G75/><T80/><D80/><U62/><E35/><V103/><F103/><N who="0" m="39434" /><D53/><U58/><E42/><RYUUKYOKU ba="1,0" sc="211,-10,330,-10,219,-10,240,30" hai3="26,82,85,90" /><INIT seed="3,2,0,4,4,11" ten="201,320,209,270" oya="3" hai0="33,121,29,12,25,15,60,38,14,71,46,21,40" hai1="82,98,117,0,43,86,63,132,68,23,97,125,26" hai2="17,107,133,30,59,134,85,53,47,95,50,81,61" hai3="93,115,20,42,8,135,10,122,19,94,56,74,58"/><W88/><G42/><T4/><D121/><U13/><E0/><V124/><F107/><W65/><G122/><T106/><D4/><U3/><E3/><V1/><F1/><W123/><G123/><T120/><D120/><U49/><E117/><V91/><F124/><W7/><G74/><T83/><D83/><U52/><E125/><V69/><F30/><W73/><G73/><T32/><D106/><U36/><E132/><N who="2" m="50795" /><F69/><W109/><G135/><T24/><D24/><U127/><E127/><V79/><F17/><W22/><G115/><T118/><D118/><U114/><E36/><V87/><F87/><W34/><G34/><T128/><D128/><U90/><E114/><V129/><F129/><W102/><G109/><T76/><D76/><U67/><E43/><V75/><F61/><W92/><G102/><T5/><D5/><U28/><E13/><V57/><AGARI ba="2,0" hai="47,50,53,57,59,75,79,81,85,91,95" m="50795" machi="57" ten="30,1100,0" yaku="20,1" doraHai="11" who="2" fromWho="2" sc="201,-5,320,-5,209,17,270,-7" owari="196,-30.0,315,41.0,226,-17.0,263,6.0" /></mjloggm>