<mjloggm ver="2.3"><GO type="41" lobby="0"/><UN n0="%E5%85%83%E3%83%8E%E3%83%A9%E3%83%8D%E3%82%B3" n1="%E5%B0%B1%E6%B4%BB%E7%94%9F%40%E5%B7%9D%E6%9D%91%E8%BB%8D%E5%9B%A3" n2="%E5%86%86%E7%AD%92" n3="%53%49%E2%98%86%E3%82%B7%E3%83%A3%E3%82%A4%E3%83%B3" dan="15,15,16,15" rate="1982.03,1981.78,2025.42,1938.97" sx="M,M,M,F"/><TAIKYOKU oya="0"/><INIT seed="0,0,0,2,5,64" ten="250,250,250,250" oya="0" hai0="69,127,5,38,105,96,126,135,1,112,104,91,17" hai1="75,133,101,24,92,56,15,30,88,9,51,74,3" hai2="67,111,110,114,107,42,83,55,108,52,49,125,16" hai3="27,57,81,6,59,103,82,89,87,68,94,29,99"/><T79/><D112/><U33/><E3/><V116/><F107/><W37/><G37/><T11/><D38/><U54/><E101/><V86/><F114/><W18/><G68/><T62/><D135/><U117/><E117/><V26/><F116/><W34/><G6/><T31/><D31/><U132/><E132/><V124/><F67/><W50/><G50/><T47/><D47/><U23/><E33/><V113/><F42/><W8/><G8/><T70/><D79/><U76/><E76/><N who="2" m="46439" /><F113/><W25/><G25/><T95/><D62/><U63/><E133/><V85/><F85/><W35/><G18/><T134/><D134/><U21/><E21/><N who="2" m="13607" /><F55/><W129/><G129/><T130/><D130/><U61/><E75/><V97/><F97/><W128/><G128/><T66/><D66/><U109/><E74/><V14/><F14/><W115/><G115/><T106/><REACH who="0" step="1"/><D17/><REACH who="0" ten="240,250,250,250" step="2"/><N who="1" m="8431" /><E109/><V122/><F122/><W32/><G32/><T102/><D102/><U28/><E28/><V90/><F90/><W39/><G39/><T36/><D36/><U12/><E12/><V19/><F19/><W10/><G35/><T2/><D2/><U77/><E77/><V53/><F53/><W93/><G34/><T98/><D98/><AGARI ba="0,1" hai="23,24,30,51,54,56,61,63,88,92,98" m="8431" machi="98" ten="30,2000,0" yaku="8,1,54,1" doraHai="64" who="1" fromWho="0" sc="240,-20,250,30,250,0,250,0" /><INIT seed="1,0,0,1,1,32" ten="220,280,250,250" oya="1" hai0="44,31,75,126,63,42,94,47,66,131,64,19,3" hai1="17,6,109,88,79,107,25,84,7,130,15,123,78" hai2="115,49,13,106,8,60,21,110,85,97,122,5,104" hai3="48,35,30,128,73,38,134,71,120,0,22,77,135"/><U67/><E123/><V118/><F122/><W116/><RYUUKYOKU type="yao9" ba="0,0" sc="220,0,280,0,250,0,250,0" hai3="0,22,30,35,38,48,71,73,77,116,120,128,134,135" /><INIT seed="1,1,0,2,3,8" ten="220,280,250,250" oya="1" hai0="38,135,21,72,36,119,13,106,132,67,108,61,58" hai1="12,85,116,4,35,49,109,34,71,39,131,16,63" hai2="107,3,5,22,78,6,120,77,92,2,89,62,101" hai3="64,113,95,91,76,128,31,105,27,50,56,19,0"/><U81/><E39/><V110/><F120/><W125/><G113/><T29/><D106/><U112/><E116/><V90/><F110/><W48/><G0/><T9/><D72/><U66/><E112/><V52/><F107/><W23/><G105/><T102/><D102/><U87/><E109/><V111/><F111/><W130/><G125/><T126/><D126/><U114/><E4/><N who="2" m="1643" /><F3/><W10/><G76/><N who="2" m="29289" /><F2/><W40/><G40/><T41/><D108/><U32/><E114/><V123/><F123/><W121/><G121/><T59/><D59/><U97/><E131/><N who="3" m="50218" /><G64/><T57/><D57/><U100/><E49/><V7/><F7/><W83/><G83/><T86/><D86/><U45/><E81/><V14/><F92/><W99/><G56/><T17/><D119/><U129/><E129/><V28/><F28/><W46/><G46/><T53/><D53/><U54/><E45/><V26/><F101/><W70/><G70/><T94/><D94/><U42/><E42/><V60/><F90/><W93/><G93/><T75/><D75/><U96/><E54/><V134/><F89/><W1/><G1/><T43/><D43/><U98/><REACH who="1" step="1"/><E100/><REACH who="1" ten="220,270,250,250" step="2"/><V117/><F117/><W24/><G50/><T88/><D41/><U30/><E30/><V15/><F52/><W84/><G48/><T103/><D103/><U51/><E51/><V127/><F127/><W124/><G124/><T79/><D38/><U33/><N who="1" m="8704" /><DORA hai="82" /><U122/><E122/><V18/><F134/><W73/><G31/><T69/><D36/><U104/><E104/><V65/><F65/><W25/><G73/><RYUUKYOKU ba="1,1" sc="220,-15,270,15,250,15,250,-15" hai1="12,16,63,66,71,85,87,96,97,98" hai2="14,15,18,22,26,60,62" /><INIT seed="1,2,1,1,5,66" ten="205,285,265,235" oya="1" hai0="90,60,40,100,4,82,75,27,38,84,116,132,20" hai1="91,129,43,3,94,122,119,34,28,12,54,110,127" hai2="47,9,79,92,86,48,77,50,57,36,93,103,70" hai3="25,67,78,108,49,33,44,21,131,73,22,42,63"/><U45/><E3/><V121/><F121/><W35/><G131/><T111/><D116/><U118/><E122/><V72/><F36/><W96/><G108/><T87/><D111/><U41/><E110/><V97/><F70/><W39/><G96/><T58/><D75/><U8/><E129/><V115/><F115/><W80/><G39/><T98/><D132/><U13/><E127/><V64/><F72/><W114/><G114/><T31/><D4/><U107/><E107/><V68/><F68/><W71/><REACH who="3" step="1"/><G21/><REACH who="3" ten="205,285,265,225" step="2"/><T11/><D38/><N who="1" m="21687" /><E34/><V81/><F97/><W124/><G124/><T15/><D40/><U128/><E43/><V52/><F103/><W69/><G69/><T113/><D113/><U59/><E128/><V125/><F125/><W30/><AGARI ba="2,2" hai="22,25,30,33,35,42,44,49,63,67,71,73,78,80" machi="30" ten="20,5200,0" yaku="1,1,0,1,7,1,52,1,53,0" doraHai="66" doraHaiUra="6" who="3" fromWho="3" sc="205,-15,285,-28,265,-15,225,78" /><INIT seed="2,0,0,0,4,26" ten="190,257,250,303" oya="2" hai0="58,6,17,75,101,54,62,9,132,116,135,60,83" hai1="102,122,23,30,134,18,82,124,67,24,28,32,80" hai2="51,86,121,127,34,126,21,14,78,114,81,111,40" hai3="70,131,77,119,11,2,19,74,133,66,99,120,52"/><V79/><F121/><W123/><G119/><T130/><D116/><U98/><E122/><V42/><F34/><W104/><G133/><N who="0" m="51275" /><D101/><U59/><E134/><V33/><F33/><W10/><G131/><T68/><D130/><U65/><E124/><N who="2" m="47659" /><F114/><W103/><G77/><N who="0" m="44479" /><D17/><U8/><E8/><V12/><F111/><W29/><G74/><T118/><D118/><U13/><E30/><V84/><F51/><W129/><G129/><T37/><D37/><U35/><E35/><V76/><F21/><W57/><G70/><T45/><D45/><U125/><E125/><V69/><F69/><W3/><G66/><T90/><D90/><U94/><E65/><V4/><F4/><W55/><G2/><N who="0" m="215" /><D68/><U95/><E95/><V88/><F84/><W108/><G3/><T27/><D27/><U112/><E112/><V106/><F106/><W96/><G108/><T109/><D109/><U7/><E7/><V47/><F47/><W92/><G120/><T97/><D97/><U71/><E71/><V20/><F20/><W100/><G99/><T50/><AGARI ba="0,0" hai="50,54,58,60,62" m="215,44479,51275" machi="50" ten="30,1100,0" yaku="20,1" doraHai="26" who="0" fromWho="0" sc="190,11,257,-3,250,-5,303,-3" /><INIT seed="3,0,0,5,2,43" ten="201,254,245,300" oya="3" hai0="20,9,75,21,124,87,100,49,117,90,118,113,40" hai1="73,93,96,133,70,106,45,104,111,13,88,65,128" hai2="11,2,63,29,24,98,48,103,126,27,83,131,115" hai3="59,85,97,91,25,10,3,28,123,107,39,30,15"/><W36/><G123/><T51/><D75/><U14/><E73/><V67/><F115/><W44/><G3/><T68/><D68/><U22/><E111/><V122/><F122/><W38/><G59/><T135/><D113/><U95/><E133/><V7/><F131/><W4/><G44/><T121/><D121/><U31/><E128/><V92/><F126/><W112/><G112/><T81/><D135/><U69/><E106/><V6/><F6/><W34/><G30/><T84/><D124/><U18/><E104/><V127/><F127/><W101/><REACH who="3" step="1"/><G36/><REACH who="3" ten="201,254,245,290" step="2"/><T62/><D118/><U35/><E31/><V78/><F29/><W26/><G26/><T61/><D117/><U8/><E35/><V120/><F120/><W105/><G105/><T57/><D100/><U99/><E45/><V1/><F1/><W114/><G114/><T89/><D9/><U33/><E65/><V74/><F48/><W102/><G102/><T53/><D40/><U5/><E33/><V119/><F119/><W72/><G72/><T86/><D49/><U41/><E41/><V32/><F32/><W82/><AGARI ba="0,1" hai="4,10,15,25,28,34,38,39,82,85,91,97,101,107" machi="82" ten="20,3900,0" yaku="1,1,0,1,7,1,53,0" doraHai="43" doraHaiUra="125" who="3" fromWho="3" sc="201,-13,254,-13,245,-13,290,49" /><INIT seed="3,1,0,0,1,97" ten="188,241,232,339" oya="3" hai0="66,105,118,96,14,41,128,48,71,134,62,117,20" hai1="107,60,32,91,29,81,7,2,78,15,42,88,119" hai2="82,95,100,65,94,25,59,58,130,22,92,73,123" hai3="98,131,85,111,61,76,17,51,31,75,116,122,55"/><W52/><G122/><T37/><D128/><U3/><E119/><V46/><F130/><W8/><G116/><T49/><D134/><U70/><E107/><V74/><F123/><W38/><G131/><T5/><D49/><U101/><E42/><V133/><F133/><W125/><G38/><T35/><D48/><U114/><E114/><V87/><F46/><W34/><G75/><T127/><D127/><U47/><E47/><V89/><F73/><W13/><G125/><T12/><D35/><U43/><E43/><V21/><F74/><W50/><G61/><T124/><D124/><U0/><E101/><V135/><F135/><W26/><G111/><T44/><D14/><U84/><E32/><V129/><F129/><W18/><G18/><T121/><D121/><U115/><E29/><N who="2" m="17583" /><F22/><W27/><G27/><T67/><D67/><U28/><E28/><V83/><F83/><W24/><G24/><T19/><REACH who="0" step="1"/><D5/><REACH who="0" ten="178,241,232,339" step="2"/><U132/><E132/><V23/><F65/><W102/><G51/><T6/><D6/><U99/><E7/><V54/><F23/><W110/><G50/><T109/><D109/><U80/><E15/><V10/><F10/><W45/><G110/><T93/><D93/><N who="2" m="35946" /><F54/><W1/><G1/><T126/><D126/><U11/><E0/><V4/><F4/><W63/><G55/><T64/><D64/><U113/><E2/><V40/><F40/><W36/><G52/><T106/><D106/><U86/><E3/><V108/><F108/><W77/><G8/><T120/><D120/><U33/><E11/><V68/><F95/><W72/><G36/><RYUUKYOKU ba="1,1" sc="178,30,241,-10,232,-10,339,-10" hai0="12,19,20,37,41,44,62,66,71,96,105,117,118" /><INIT seed="4,2,1,3,4,30" ten="208,231,222,329" oya="0" hai0="112,78,23,55,129,21,130,61,2,104,107,84,1" hai1="24,59,95,10,41,4,29,72,79,98,53,67,71" hai2="57,44,122,43,100,36,109,133,94,5,88,64,135" hai3="13,48,69,63,20,15,65,56,121,38,131,108,126"/><T85/><D112/><U22/><E41/><V70/><F122/><W60/><G38/><T119/><D119/><U101/><E71/><V125/><F109/><W42/><G121/><T0/><D61/><U113/><E113/><V54/><F125/><W7/><G126/><T37/><D37/><U32/><E67/><V35/><F100/><W58/><G131/><N who="0" m="50187" /><D55/><U25/><E79/><V132/><F5/><W92/><G108/><T118/><D78/><U111/><E72/><V97/><F35/><W120/><G120/><T47/><D47/><U9/><E4/><V52/><REACH who="2" step="1"/><F57/><REACH who="2" ten="208,231,212,329" step="2"/><W11/><G58/><T46/><D118/><U110/><E110/><V86/><F86/><N who="0" m="33386" /><D46/><U124/><E111/><V128/><F128/><W82/><G56/><T3/><N who="0" m="512" /><DORA hai="80" /><T51/><D51/><U134/><E124/><V115/><F115/><W62/><G48/><T31/><D31/><U105/><E29/><V14/><F14/><W68/><G15/><T93/><D93/><U91/><E95/><V81/><F81/><W66/><G69/><T39/><D39/><U28/><E105/><AGARI ba="2,2" hai="21,23,104,105,107" m="512,33386,50187" machi="105" ten="70,18000,2" yaku="28,2,19,1,52,3" doraHai="30,80" who="0" fromWho="1" sc="208,206,231,-186,212,0,329,0" /><INIT seed="4,3,0,3,3,59" ten="414,45,212,329" oya="0" hai0="118,119,55,108,6,3,111,62,86,67,94,76,54" hai1="106,48,36,19,17,84,91,57,104,126,4,25,1" hai2="47,110,11,56,12,113,8,82,68,41,112,131,97" hai3="107,69,117,71,45,51,115,39,13,29,26,130,95"/><T83/><D3/><U74/><E36/><V63/><F110/><N who="0" m="42026" /><D6/><U100/><E74/><V122/><F122/><W9/><G107/><T34/><D34/><U22/><E126/><V114/><F131/><W15/><G117/><N who="0" m="44555" /><D94/><U135/><E135/><V99/><F68/><AGARI ba="3,0" hai="54,55,62,67,68,76,83,86" m="44555,42026" machi="68" ten="30,2900,0" yaku="10,1,52,1" doraHai="59" who="0" fromWho="2" sc="414,38,45,0,212,-38,329,0" /><INIT seed="4,4,0,2,3,124" ten="452,45,174,329" oya="0" hai0="16,131,12,29,94,41,87,72,61,58,21,129,118" hai1="8,75,76,78,97,54,57,122,105,130,107,84,32" hai2="126,77,15,101,52,132,119,135,40,11,108,96,71" hai3="45,89,92,48,30,123,34,91,17,47,103,120,28"/><T74/><D118/><U114/><E32/><V9/><F126/><W79/><G79/><T62/><D41/><U0/><E122/><N who="3" m="46634" /><G17/><T55/><D29/><N who="3" m="11369" /><G34/><T110/><D110/><U80/><E0/><V106/><F108/><W125/><G125/><T73/><D94/><U43/><E43/><V127/><F40/><N who="3" m="24615" /><G47/><T53/><D87/><U3/><E3/><V18/><F127/><W133/><G133/><T117/><D117/><U86/><E8/><V68/><F119/><W50/><G50/><T44/><D44/><U20/><E20/><V112/><F77/><W128/><G128/><N who="0" m="49227" /><D62/><U36/><E130/><V95/><F95/><W69/><G69/><T121/><D121/><U1/><E36/><V81/><F71/><W27/><G27/><T88/><D88/><U42/><E84/><V60/><F68/><W2/><G2/><T111/><D111/><U49/><E86/><V13/><F60/><W100/><G89/><T5/><D5/><U115/><E78/><V4/><F81/><W31/><N who="3" m="11377" /><W134/><DORA hai="38" /><G134/><T85/><D85/><AGARI ba="4,0" hai="85,91,92,100,103" m="24615,11377,46634" machi="85" ten="40,2600,0" yaku="13,1,52,1" doraHai="124,38" who="3" fromWho="0" sc="452,-38,45,0,174,0,329,38" /><INIT seed="5,0,0,5,1,40" ten="414,45,174,367" oya="1" hai0="80,49,46,106,78,51,82,39,79,54,3,110,27" hai1="116,18,115,92,21,96,131,28,14,31,1,74,89" hai2="120,33,35,2,5,16,4,17,37,67,102,10,59" hai3="117,42,12,73,22,135,95,71,0,108,90,19,64"/><U97/><E116/><V100/><F37/><W25/><G117/><T41/><D110/><U6/><E74/><V62/><F120/><W114/><G73/><T93/><D106/><U66/><E115/><V68/><F68/><W91/><G114/><T129/><D129/><U60/><E131/><V122/><F122/><W113/><G113/><T30/><D3/><U72/><E72/><V132/><F132/><W85/><G0/><T81/><D93/><U26/><E1/><V29/><F5/><W7/><G135/><T86/><D39/><U38/><E38/><V57/><F57/><W99/><G42/><T34/><D78/><U20/><E96/><V8/><F8/><W11/><G108/><T69/><D69/><U112/><E112/><V47/><F47/><AGARI ba="0,0" hai="27,30,34,41,46,47,49,51,54,79,80,81,82,86" machi="47" ten="30,3900,0" yaku="7,1,52,2" doraHai="40" who="0" fromWho="2" sc="414,39,45,0,174,-39,367,0" /><INIT seed="6,0,0,4,3,110" ten="453,45,135,367" oya="2" hai0="118,48,106,64,74,73,130,47,120,104,12,16,98" hai1="51,42,76,71,117,11,24,25,79,19,34,114,0" hai2="9,97,85,116,112,83,94,2,58,15,63,38,90" hai3="91,57,121,36,30,23,31,132,111,60,52,45,128"/><V105/><F116/><W43/><G121/><T37/><D120/><U35/><E71/><V41/><F2/><W29/><G111/><T53/><D118/><U92/><E117/><V46/><F105/><W122/><G122/><T134/><D134/><U54/><E42/><V123/><F112/><W44/><G132/><T113/><D113/><U50/><E92/><V89/><F123/><W33/><G128/><T28/><D28/><U81/><E114/><V39/><F46/><W6/><G6/><T99/><D130/><U70/><E70/><V75/><F41/><W131/><G131/><T67/><D37/><U66/><E66/><V65/><REACH who="2" step="1"/><F75/><REACH who="2" ten="453,45,125,367" step="2"/><W126/><G44/><T103/><D74/><U7/><E51/><V32/><F32/><W124/><G45/><T4/><D73/><U69/><E69/><V13/><F13/><W77/><G43/><T87/><D106/><U59/><E76/><V18/><AGARI ba="0,1" hai="9,15,18,38,39,58,63,65,83,85,89,90,94,97" machi="18" ten="20,3900,0" yaku="1,1,0,1,7,1,53,0" doraHai="110" doraHaiUra="21" who="2" fromWho="2" sc="453,-13,45,-13,125,49,367,-13" /><INIT seed="6,1,0,0,2,60" ten="440,32,174,354" oya="2" hai0="1,17,18,72,77,121,95,68,105,89,42,115,117" hai1="57,58,46,12,71,30,3,128,19,23,7,98,33" hai2="113,40,13,20,114,69,131,16,92,93,79,36,38" hai3="119,133,106,101,124,96,10,86,11,129,51,118,70"/><V52/><F79/><W45/><G70/><T80/><D121/><U34/><E128/><V6/><F131/><W53/><G129/><T109/><D109/><U54/><E71/><V130/><F130/><W85/><G133/><T5/><D105/><U90/><E46/><V26/><F69/><W120/><G120/><T22/><D68/><U48/><E98/><V76/><F76/><W122/><G122/><T39/><D117/><U2/><E90/><V32/><F6/><W56/><G124/><T65/><D65/><U8/><E2/><V14/><F32/><W64/><G119/><T91/><D115/><N who="2" m="44042" /><F40/><W43/><G64/><T135/><D135/><U75/><E75/><V110/><F110/><W35/><G35/><T103/><D18/><U102/><E102/><V66/><F66/><W87/><REACH who="3" step="1"/><G118/><REACH who="3" ten="440,32,174,344" step="2"/><T44/><D1/><U15/><E15/><V123/><F123/><W125/><G125/><T31/><D31/><U49/><REACH who="1" step="1"/><E30/><REACH who="1" ten="440,22,174,344" step="2"/><V116/><F116/><W78/><G78/><T27/><D77/><U21/><E21/><V28/><F13/><W84/><N who="3" m="22016" /><DORA hai="107" /><W126/><G126/><T127/><D127/><U37/><E37/><AGARI ba="1,2" hai="10,11,37,43,45,51,53,56,96,101,106" m="22016" machi="37" ten="50,1600,0" yaku="1,1,53,0" doraHai="60,107" doraHaiUra="62,111" who="3" fromWho="1" sc="440,0,22,-19,174,0,344,39" /><INIT seed="7,0,0,1,4,80" ten="440,3,174,383" oya="3" hai0="129,88,78,19,22,111,120,45,20,34,91,2,52" hai1="30,28,55,97,96,132,57,113,94,53,127,27,17" hai2="82,24,103,62,114,100,8,59,44,54,126,87,119" hai3="42,39,104,124,26,7,15,118,18,112,43,9,51"/><W73/><G118/><T29/><D111/><U131/><E113/><V60/><F114/><W4/><G73/><T71/><D120/><U23/><E131/><V84/><F119/><W109/><G112/><T66/><D2/><U50/><E127/><V74/><F74/><W3/><G124/><T14/><D129/><U72/><E132/><V70/><F126/><W76/><G104/><T79/><D34/><U89/><E72/><V11/><F44/><W107/><G107/><T83/><D71/><U0/><E0/><V6/><F70/><W69/><G69/><T125/><D125/><U40/><E40/><V68/><F24/><W56/><G109/><T48/><D66/><U12/><E53/><V10/><F6/><W116/><G116/><T32/><D32/><U134/><E134/><V128/><F128/><W95/><G39/><T93/><D83/><U90/><E90/><N who="0" m="34345" /><D93/><U110/><E110/><V122/><F122/><W117/><G117/><T133/><D133/><U130/><E130/><V16/><F82/><W31/><G76/><T75/><D75/><U77/><E77/><V115/><F68/><W1/><G95/><T105/><D105/><U85/><E28/><V64/><F64/><W101/><G101/><N who="2" m="38985" /><F115/><W21/><G4/><T99/><D99/><U25/><E25/><AGARI ba="0,0" hai="14,19,20,22,25,29,45,48,52,78,79" m="34345" machi="25" ten="30,3900,0" yaku="8,1,54,2" doraHai="80" who="0" fromWho="1" sc="440,39,3,-39,174,0,383,0" owari="479,59.0,-36,-54.0,174,-23.0,383,18.0" /></mjloggm>