<mjloggm ver="2.3"><GO type="97" lobby="0"/><UN n0="%35%36%37" n1="%E3%82%A6%E3%83%AB%E3%83%88%E3%83%A9%E7%AB%8B%E7%9B%B4" n2="%69%72%61%6B%75%79%61%48" n3="%E3%82%BF%E3%83%B3%E3%83%9D%E3%83%9D" dan="14,14,13,14" rate="1883.03,1964.46,1937.90,1926.36" sx="F,M,F,M"/><TAIKYOKU oya="0"/><INIT seed="0,0,0,5,0,87" ten="250,250,250,250" oya="0" hai0="37,24,22,1,8,67,130,113,5,65,18,57,40" hai1="89,42,52,63,90,28,39,126,58,38,105,54,19" hai2="66,48,36,69,109,78,99,23,119,51,129,17,16" hai3="41,120,123,108,85,60,6,80,116,128,118,86,135"/><T68/><D68/><U97/><E42/><V103/><F36/><W94/><G41/><T3/><D113/><U73/><E73/><V59/><F119/><N who="3" m="45611" /><G6/><T12/><D130/><U132/><E39/><V76/><F129/><W133/><G60/><T33/><D37/><U82/><E38/><V74/><F74/><W115/><G128/><T88/><D40/><U110/><E105/><V102/><F69/><W81/><G94/><T71/><D71/><U95/><E110/><V122/><F109/><W91/><G108/><T111/><D111/><U83/><E126/><V47/><F122/><N who="3" m="46635" /><G115/><T62/><D3/><U53/><E132/><V101/><F99/><W61/><G61/><T20/><D67/><N who="1" m="39415" /><E28/><V35/><F35/><W106/><G106/><T11/><D33/><U127/><E127/><V2/><F2/><W98/><G98/><T0/><D0/><U15/><E90/><AGARI ba="0,0" hai="80,81,85,86,90,91,133,135" m="46635,45611" machi="90" ten="30,8000,1" yaku="13,1,34,2,52,2" doraHai="87" who="3" fromWho="1" sc="250,0,250,-80,250,0,250,80" /><INIT seed="1,0,0,5,1,49" ten="250,170,250,330" oya="1" hai0="62,10,126,123,124,110,111,68,79,31,132,118,74" hai1="32,59,56,16,23,61,51,91,28,77,109,40,17" hai2="43,95,86,114,5,70,130,9,44,104,75,84,97" hai3="120,2,26,37,52,58,11,29,133,94,131,35,96"/><U8/><E32/><V42/><F42/><W106/><G120/><T39/><D74/><U69/><E69/><V105/><F70/><W13/><G133/><T99/><D79/><U98/><E77/><V90/><F75/><W89/><G37/><T53/><D99/><U21/><E109/><N who="0" m="41481" /><D31/><U72/><E72/><V18/><F18/><N who="1" m="7273" /><E8/><V117/><F117/><W116/><G116/><T50/><D10/><U93/><E28/><V41/><F41/><W34/><G131/><T12/><D12/><U55/><E40/><V115/><F130/><W102/><G2/><T121/><D118/><U46/><E46/><V83/><F86/><W135/><G135/><T113/><D132/><U125/><E125/><N who="0" m="48233" /><D39/><U87/><E98/><V47/><F115/><W24/><G24/><T63/><D113/><U45/><E45/><V128/><F47/><W101/><G35/><T65/><D63/><U1/><E1/><V36/><F128/><W48/><G106/><T134/><D134/><U67/><AGARI ba="0,0" hai="21,23,51,55,56,59,61,67,87,91,93" m="7273" machi="67" ten="30,6000,0" yaku="8,1,52,1,54,1" doraHai="49" who="1" fromWho="1" sc="250,-20,170,60,250,-20,330,-20" /><INIT seed="1,1,0,2,5,76" ten="230,230,230,310" oya="1" hai0="20,4,112,33,17,90,12,59,83,47,32,94,107" hai1="29,98,105,104,91,101,40,129,134,56,15,73,77" hai2="65,130,58,81,38,69,79,61,99,72,22,50,11" hai3="71,89,119,45,49,131,9,14,34,19,27,5,46"/><U121/><E56/><V48/><F130/><W30/><G71/><T52/><D107/><N who="1" m="63927" /><E15/><V124/><F124/><W62/><G119/><T7/><D112/><U6/><E6/><V128/><F128/><W31/><G131/><T78/><D47/><U44/><E29/><V28/><F38/><W35/><G46/><T133/><D33/><N who="3" m="12297" /><G62/><T106/><D32/><U117/><E129/><V39/><F39/><W86/><G49/><N who="0" m="31119" /><D106/><N who="1" m="41067" /><E44/><V51/><F99/><W74/><G89/><T63/><D63/><U109/><E40/><V127/><F127/><W0/><G86/><N who="0" m="48503" /><D133/><U93/><E117/><V42/><F11/><W132/><G132/><T123/><D123/><U75/><E134/><V55/><F42/><W68/><G74/><N who="1" m="28170" /><E121/><V102/><F102/><W8/><G68/><T85/><AGARI ba="1,0" hai="4,7,12,17,20,85,90,94" m="48503,31119" machi="85" ten="30,7900,0" yaku="25,1,8,1,52,1,54,1" doraHai="76" who="0" fromWho="0" sc="230,82,230,-40,230,-21,310,-21" /><INIT seed="2,0,0,0,3,17" ten="312,190,209,289" oya="2" hai0="41,71,69,118,87,66,112,131,70,105,12,4,106" hai1="15,117,38,26,19,81,135,68,32,65,92,7,107" hai2="109,132,126,90,29,84,56,24,121,97,8,37,30" hai3="51,3,57,62,47,6,111,58,108,82,120,85,96"/><V74/><F74/><W28/><G120/><T100/><D112/><U9/><E38/><V60/><F37/><W103/><G6/><T61/><D41/><U119/><E107/><V133/><F121/><W14/><G3/><T88/><D131/><U113/><E65/><V27/><F97/><W114/><G114/><T64/><D118/><N who="1" m="45067" /><E92/><V110/><F8/><W101/><G14/><T20/><D100/><N who="3" m="38473" /><G96/><T124/><D124/><U104/><E81/><N who="2" m="49423" /><F126/><W129/><G62/><T79/><D79/><U55/><E55/><N who="2" m="33823" /><F27/><W80/><G28/><N who="2" m="10857" /><F24/><W36/><G36/><T23/><D66/><U116/><E68/><V22/><F22/><W78/><G82/><T134/><D106/><U83/><E83/><V53/><F53/><W43/><G129/><T91/><D105/><U76/><E104/><V33/><F33/><W31/><G31/><T42/><D42/><U10/><N who="1" m="45075" /><U93/><DORA hai="18" /><E93/><V128/><F128/><W34/><G34/><T102/><D102/><U123/><E113/><V1/><F1/><W95/><G95/><T73/><D73/><U98/><E123/><V35/><F35/><W52/><G43/><T59/><D91/><U45/><E32/><V46/><F46/><W49/><G49/><T25/><D25/><U99/><E45/><V11/><F11/><W67/><G67/><T86/><D70/><U130/><E130/><V125/><F125/><W2/><G2/><T50/><D71/><U89/><E10/><V127/><F127/><W54/><G54/><T21/><D69/><U122/><E122/><V77/><F77/><W0/><G0/><RYUUKYOKU ba="0,0" sc="312,-15,190,-15,209,15,289,15" hai2="109,110,132,133" hai3="47,51,52,57,58,78,80,85,108,111" /><INIT seed="2,1,0,0,3,35" ten="297,175,224,304" oya="2" hai0="125,90,4,48,32,93,101,110,71,97,16,124,73" hai1="13,67,47,81,128,100,57,69,45,102,76,75,21" hai2="84,17,86,2,44,29,34,77,31,109,115,37,106" hai3="131,96,118,132,20,130,36,26,78,126,127,99,98"/><V46/><F106/><W119/><G36/><T107/><D73/><U43/><E69/><V55/><F115/><W89/><G26/><T113/><D113/><U112/><E112/><V22/><F109/><W38/><G20/><T82/><D71/><U50/><E128/><N who="3" m="49194" /><G38/><T121/><D32/><U114/><E114/><V91/><F2/><W25/><G25/><T80/><D121/><U27/><E13/><V88/><F34/><W40/><G40/><T122/><D48/><U53/><E67/><V15/><F37/><W66/><G66/><T1/><D122/><U65/><E65/><V104/><F104/><W39/><G39/><T19/><D110/><U64/><E64/><V70/><F70/><W108/><G108/><T51/><D51/><U12/><E12/><V33/><F33/><W5/><G5/><T111/><D111/><U49/><REACH who="1" step="1"/><E47/><REACH who="1" ten="297,165,224,304" step="2"/><N who="2" m="17963" /><F55/><W58/><G58/><T30/><D30/><AGARI ba="1,1" hai="21,27,30,43,45,49,50,53,57,75,76,81,100,102" machi="30" ten="30,2000,0" yaku="1,1,7,1,53,0" doraHai="35" doraHaiUra="56" who="1" fromWho="0" sc="297,-23,165,33,224,0,304,0" /><INIT seed="3,0,0,0,5,60" ten="274,198,224,304" oya="3" hai0="19,79,22,43,90,47,15,74,120,33,20,51,67" hai1="64,63,12,34,2,84,89,55,52,42,118,26,31" hai2="46,38,48,127,16,18,6,92,106,86,78,53,41" hai3="28,73,104,56,85,35,37,17,80,62,94,124,115"/><W133/><G37/><T88/><D33/><U77/><E2/><V29/><F127/><W10/><G104/><T135/><D120/><U121/><E121/><V23/><F106/><W39/><G115/><T70/><D135/><U81/><E118/><V95/><F6/><W75/><G39/><T98/><D98/><U0/><E0/><V21/><F29/><W49/><G133/><T5/><D5/><U1/><E1/><V7/><F7/><W24/><G124/><T66/><D70/><U97/><E42/><V11/><F11/><W87/><G49/><T8/><D79/><U111/><E111/><V103/><F78/><W45/><G45/><T122/><D74/><U99/><E12/><V36/><F86/><W72/><G94/><T109/><D122/><U50/><E50/><V69/><F69/><W32/><G80/><T40/><D40/><U14/><E14/><V44/><F103/><W71/><G71/><T65/><D109/><U131/><E131/><V91/><F91/><AGARI ba="0,0" hai="8,15,19,20,22,43,47,51,65,66,67,88,90,91" machi="91" ten="40,8000,1" yaku="8,1,52,3,54,1" doraHai="60" who="0" fromWho="2" sc="274,80,198,0,224,-80,304,0" owari="354,46.0,198,-20.0,144,-36.0,304,10.0" /></mjloggm>