<mjloggm ver="2.3"><GO type="193" lobby="0"/><UN n0="%E5%B0%B1%E6%B4%BB%E7%94%9F%40%E5%B7%9D%E6%9D%91%E8%BB%8D%E5%9B%A3" n1="%E6%9C%B1%E9%9B%80%E3%83%9E%E3%83%89%E3%83%AA%E3%83%BC%E3%83%89" n2="%6F%76%65%72%62%65%61%74" n3="%E3%83%84%E3%83%8E%E3%82%AB%E3%83%8E%E2%85%A1" dan="12,12,12,13" rate="1750.28,1962.18,1653.90,1792.49" sx="M,M,M,F"/><TAIKYOKU oya="0"/><INIT seed="0,0,0,2,3,65" ten="250,250,250,250" oya="0" hai0="79,62,64,14,22,85,99,40,28,8,130,111,29" hai1="76,72,57,39,115,36,7,82,123,51,122,69,49" hai2="1,110,97,26,25,12,125,46,121,135,18,107,96" hai3="15,95,48,104,50,105,67,42,13,108,5,70,78"/><T89/><D130/><U52/><E69/><V56/><F121/><W131/><G131/><T75/><D111/><U34/><E115/><V58/><F1/><W47/><G108/><T17/><D75/><U30/><E7/><V112/><F110/><W92/><G78/><T118/><D118/><U6/><E6/><V134/><F112/><W74/><G74/><T106/><D40/><U59/><E34/><V0/><F0/><W113/><G113/><T4/><D79/><U124/><E30/><V10/><F125/><W19/><G5/><T101/><D89/><U117/><E117/><V120/><F120/><W33/><G33/><T61/><D61/><U77/><E124/><V129/><F129/><W27/><G67/><T63/><D63/><U44/><E123/><V55/><F46/><W38/><G47/><T2/><REACH who="0" step="1"/><D85/><REACH who="0" ten="240,250,250,250" step="2"/><U16/><E122/><V84/><F84/><W90/><G42/><T73/><D73/><U128/><E76/><V133/><F107/><W68/><G90/><T103/><D103/><U126/><E126/><V31/><F26/><W66/><G66/><T93/><D93/><U88/><E128/><V24/><F24/><W94/><G94/><T132/><D132/><U116/><E116/><V100/><F100/><W9/><G27/><T87/><D87/><U114/><E114/><V32/><REACH who="2" step="1"/><F56/><AGARI ba="0,1" hai="2,4,8,14,17,22,28,29,56,62,64,99,101,106" machi="56" ten="30,5800,0" yaku="1,1,7,1,53,1" doraHai="65" doraHaiUra="3" who="0" fromWho="2" sc="240,68,250,0,250,-58,250,0" /><INIT seed="0,1,0,0,3,45" ten="308,250,192,250" oya="0" hai0="89,74,110,52,93,66,126,135,35,18,64,25,36" hai1="68,33,85,15,117,82,3,91,111,90,62,31,20" hai2="53,38,70,49,101,134,47,58,41,118,54,92,104" hai3="48,42,80,46,107,37,57,8,39,115,127,78,28"/><T19/><D36/><U67/><E3/><V113/><F118/><W86/><G115/><T9/><D74/><U109/><E117/><V83/><F113/><W17/><G127/><T59/><D126/><U44/><E33/><V133/><F104/><W120/><G120/><T11/><D135/><N who="2" m="51722" /><F70/><W95/><G107/><T55/><D110/><N who="1" m="41995" /><E44/><V4/><F53/><N who="0" m="20554" /><D35/><U23/><E31/><V112/><F112/><W108/><G108/><T5/><D5/><U122/><E122/><V10/><F83/><W69/><G69/><T100/><D100/><U124/><E124/><V87/><F87/><W128/><G128/><T50/><D25/><U63/><E62/><V106/><F106/><W2/><G28/><T77/><D77/><N who="1" m="46287" /><E15/><V125/><F125/><W116/><G116/><T61/><D50/><U123/><E123/><V29/><F29/><W12/><G2/><T72/><D72/><U73/><E73/><V79/><F79/><W98/><REACH who="3" step="1"/><G57/><REACH who="3" ten="308,250,192,240" step="2"/><T6/><D6/><U24/><E24/><V94/><F101/><AGARI ba="1,1" hai="8,12,17,37,39,42,46,48,78,80,86,95,98,101" machi="101" ten="30,8000,1" yaku="1,1,2,1,7,1,52,1,53,1" doraHai="45" doraHaiUra="7" who="3" fromWho="2" sc="308,0,250,0,192,-83,240,93" /><INIT seed="1,0,0,1,0,22" ten="308,250,109,333" oya="1" hai0="53,12,85,49,42,89,40,66,123,21,6,43,46" hai1="92,0,47,1,93,51,99,2,41,65,19,127,113" hai2="87,29,44,130,104,81,36,63,5,45,80,37,96" hai3="121,15,9,25,26,60,39,98,101,115,134,100,7"/><U97/><E113/><V75/><F130/><W109/><G115/><T79/><D123/><U18/><E127/><V57/><F5/><W133/><G121/><T107/><D107/><U68/><E68/><V61/><F75/><W108/><G39/><T10/><D79/><U94/><E65/><V105/><F29/><W58/><G98/><T64/><REACH who="0" step="1"/><D21/><REACH who="0" ten="298,250,109,333" step="2"/><U116/><REACH who="1" step="1"/><E116/><REACH who="1" ten="298,240,109,333" step="2"/><V90/><F81/><AGARI ba="0,2" hai="6,10,12,40,42,43,46,49,53,64,66,81,85,89" machi="81" ten="40,5200,0" yaku="1,1,2,1,8,1,53,0" doraHai="22" doraHaiUra="117" who="0" fromWho="2" sc="298,72,240,0,109,-52,333,0" /><INIT seed="2,0,0,1,2,129" ten="370,240,57,333" oya="2" hai0="97,107,133,78,40,103,99,19,88,100,30,114,32" hai1="27,10,47,119,135,39,134,58,130,55,46,21,77" hai2="25,124,4,0,106,45,83,16,81,105,111,59,125" hai3="54,36,66,90,3,80,131,74,85,98,23,102,104"/><V2/><F111/><W108/><G3/><N who="2" m="1065" /><F4/><W67/><G36/><T76/><D114/><U34/><E119/><V118/><F118/><W53/><G108/><T49/><D32/><U8/><E130/><V42/><F59/><W92/><G131/><T93/><D30/><U110/><E34/><V48/><F25/><W44/><G23/><T95/><D19/><U14/><E110/><V20/><F20/><W113/><G113/><T26/><D26/><U115/><E77/><V62/><F62/><W52/><REACH who="3" step="1"/><G44/><REACH who="3" ten="370,240,57,323" step="2"/><N who="1" m="16938" /><E39/><V73/><F73/><W132/><G132/><N who="1" m="50730" /><E115/><V56/><F56/><W94/><G94/><T128/><D133/><U63/><E14/><V41/><F45/><W31/><G31/><AGARI ba="0,1" hai="8,10,21,27,31,55,58,63" m="50730,16938" machi="31" ten="30,7700,0" yaku="20,1,52,3" doraHai="129" who="1" fromWho="3" sc="370,0,240,87,57,0,323,-77" /><INIT seed="3,0,0,5,5,86" ten="370,327,57,246" oya="3" hai0="110,12,43,129,44,28,82,42,75,52,90,27,38" hai1="108,121,37,31,72,55,57,56,95,54,58,26,115" hai2="11,98,73,120,135,124,35,92,132,123,99,8,126" hai3="112,118,102,89,109,96,83,125,70,6,5,14,46"/><W101/><G112/><T74/><D110/><U64/><E121/><V97/><F35/><W87/><G118/><T45/><D129/><U113/><E37/><V60/><F60/><W61/><G125/><N who="2" m="48233" /><F73/><W9/><G46/><T131/><D131/><U10/><E72/><V100/><F100/><W2/><G109/><T51/><D12/><U32/><E108/><V50/><F50/><W103/><G2/><T63/><D63/><U69/><E69/><V30/><F30/><W49/><G49/><T104/><D104/><U117/><E117/><V16/><F16/><N who="3" m="8271" /><G70/><T40/><D75/><U4/><E64/><V25/><F25/><W133/><G133/><N who="2" m="51273" /><F92/><N who="3" m="56335" /><G61/><T53/><D53/><U23/><E32/><V17/><F17/><W48/><G48/><T128/><D128/><U93/><E115/><V130/><F11/><W34/><G34/><T33/><D74/><U81/><E113/><V1/><F1/><W114/><G114/><T122/><D38/><U77/><E55/><V94/><F8/><W18/><G18/><T134/><D27/><U107/><E107/><V85/><F85/><W3/><G3/><T7/><D33/><U13/><E54/><V29/><F29/><W59/><G59/><T127/><D134/><U67/><E67/><V116/><F94/><W79/><AGARI ba="0,0" hai="5,6,79,83,87,101,102,103" m="56335,8271" machi="79" ten="30,6000,0" yaku="8,1,52,1,54,1" doraHai="86" who="3" fromWho="3" sc="370,-20,327,-20,57,-20,246,60" /><INIT seed="3,1,0,1,1,94" ten="350,307,37,306" oya="3" hai0="82,92,78,19,61,7,54,86,131,73,16,106,11" hai1="18,43,63,52,27,50,71,120,79,42,118,22,121" hai2="48,84,101,55,58,93,15,81,114,8,129,30,4" hai3="2,53,68,100,103,57,98,45,85,20,46,14,126"/><W127/><G2/><T125/><D106/><U9/><E118/><V51/><F129/><W17/><G68/><T13/><D131/><U109/><E109/><V134/><F114/><W21/><G85/><T113/><D113/><U95/><E79/><V135/><F30/><W97/><G21/><T39/><D39/><U31/><E95/><V1/><F1/><W132/><G132/><T116/><D116/><U69/><E43/><V65/><F135/><W122/><G122/><T70/><D125/><N who="3" m="47625" /><G57/><T105/><D105/><U37/><E37/><V0/><F134/><W83/><G83/><T72/><D70/><U74/><E74/><V5/><F101/><N who="3" m="38987" /><G45/><T56/><D73/><U64/><E42/><V24/><F93/><W123/><G123/><T115/><D115/><U119/><E119/><V89/><F89/><W41/><BYE who="2" /><G53/><T28/><D28/><U99/><E71/><V130/><F130/><W44/><G44/><T23/><D23/><U75/><E75/><V59/><F59/><W104/><G104/><T107/><D107/><U47/><REACH who="1" step="1"/><E99/><REACH who="1" ten="350,297,37,306" step="2"/><V6/><F6/><W33/><G33/><T62/><D92/><U38/><E38/><AGARI ba="1,1" hai="14,17,20,38,41,46,97,98" m="38987,47625" machi="38" ten="30,5800,0" yaku="18,1,52,2" doraHai="94" who="3" fromWho="1" sc="350,0,297,-61,37,0,306,71" owari="350,15.0,236,-16.0,37,-46.0,377,47.0" /></mjloggm>