<mjloggm ver="2.3"><GO type="41" lobby="0"/><UN n0="%66%75%72%62%79%33" n1="%E3%81%B2%E3%82%8D%E3%81%B1%E3%81%B1%E2%99%AA" n2="%E3%83%87%E3%82%B3%E3%81%A1%E3%82%83%E3%82%93" n3="%E3%82%A6%E3%83%AB%E3%83%88%E3%83%A9%E7%AB%8B%E7%9B%B4" dan="15,13,13,15" rate="2074.25,1823.67,1874.92,2031.61" sx="M,M,M,M"/><TAIKYOKU oya="0"/><INIT seed="0,0,0,5,3,121" ten="250,250,250,250" oya="0" hai0="15,50,117,0,13,123,20,115,103,88,116,49,130" hai1="111,119,51,80,129,68,41,34,75,61,11,109,27" hai2="62,23,31,69,45,134,73,132,63,99,133,135,9" hai3="19,46,21,101,39,57,48,5,78,92,16,77,81"/><T93/><D0/><U105/><E119/><V95/><N who="2" m="34304" /><DORA hai="125" /><V6/><F73/><W58/><G39/><T97/><D123/><U76/><E11/><V86/><F69/><W74/><G5/><T33/><D33/><U114/><E114/><V60/><F86/><W56/><G78/><T65/><D115/><U24/><E105/><V126/><F126/><W102/><G92/><T127/><D127/><U44/><E129/><V66/><F45/><W35/><G35/><T4/><D65/><U91/><E91/><N who="2" m="55807" /><F23/><W122/><G122/><T90/><D20/><U29/><E24/><V84/><F84/><W12/><REACH who="3" step="1"/><G19/><REACH who="3" ten="250,250,250,240" step="2"/><T120/><D120/><U22/><E34/><V113/><F31/><W8/><G8/><T106/><D4/><U87/><E75/><V64/><F113/><W89/><G89/><T118/><D93/><U96/><E96/><V32/><F32/><W107/><G107/><T18/><D18/><U124/><E124/><V30/><F30/><W38/><G38/><T59/><D106/><U14/><E14/><AGARI ba="0,1" hai="6,9,14,60,62,63,64,66" m="55807,34304" machi="14" ten="60,2000,0" yaku="20,1" doraHai="121,125" who="2" fromWho="1" sc="250,0,250,-20,250,30,240,0" /><INIT seed="1,0,0,2,5,27" ten="250,230,280,240" oya="1" hai0="60,31,28,76,132,94,106,98,37,105,93,87,83" hai1="123,68,85,78,89,57,131,121,7,47,113,71,32" hai2="129,124,2,8,91,17,79,116,45,111,99,82,26" hai3="75,1,81,22,66,125,103,11,118,119,80,58,12"/><U72/><E113/><V65/><F116/><N who="3" m="44587" /><G75/><T117/><D117/><U5/><E131/><V20/><F129/><W41/><G125/><T109/><D37/><U18/><E32/><V130/><F130/><W122/><G122/><T54/><D109/><U97/><E123/><V48/><F124/><W69/><G69/><T100/><D132/><U133/><E121/><V40/><F111/><W88/><G103/><T86/><D86/><U127/><E133/><V15/><F2/><W30/><G41/><T92/><REACH who="0" step="1"/><D106/><REACH who="0" ten="240,230,280,240" step="2"/><U19/><E127/><V51/><F99/><W104/><G104/><T10/><D10/><U95/><E72/><V112/><F112/><W126/><G126/><T110/><D110/><U70/><E47/><V90/><F65/><W42/><G66/><T24/><D24/><U134/><E134/><V67/><F67/><W59/><G11/><T4/><D4/><U74/><E74/><V9/><F9/><W120/><G120/><T53/><D53/><U61/><E5/><N who="2" m="3471" /><F48/><W14/><G42/><T96/><D96/><U108/><E108/><V102/><F102/><W50/><G50/><T25/><D25/><U73/><E73/><V56/><F56/><AGARI ba="0,1" hai="28,31,54,56,60,76,83,87,92,93,94,98,100,105" machi="56" ten="40,5200,0" yaku="1,1,52,2,53,0" doraHai="27" doraHaiUra="29" who="0" fromWho="2" sc="240,62,230,0,280,-52,240,0" /><INIT seed="2,0,0,2,1,76" ten="302,230,228,240" oya="2" hai0="3,26,92,25,7,82,33,99,75,104,42,113,135" hai1="55,32,121,34,70,15,72,98,85,12,57,23,84" hai2="117,24,94,87,9,53,71,17,63,101,106,78,111" hai3="31,20,108,124,127,102,79,89,46,59,118,28,5"/><V56/><F117/><W10/><G118/><T29/><D26/><U68/><E72/><V61/><F106/><W30/><G102/><N who="0" m="62559" /><D92/><U16/><E121/><V4/><F111/><W47/><G79/><N who="0" m="44415" /><D42/><U67/><E34/><V11/><F71/><W60/><G20/><T77/><D77/><U51/><E32/><V115/><F115/><W69/><G108/><T52/><D52/><U95/><E70/><V40/><F40/><W62/><G89/><T80/><D80/><U27/><E68/><V21/><F4/><W112/><G112/><T43/><D43/><U134/><E134/><V39/><F39/><W125/><G69/><T116/><D113/><U90/><E67/><V100/><F63/><W35/><G35/><T132/><D116/><U45/><E45/><V48/><F48/><W50/><G50/><T109/><D109/><U96/><E98/><N who="2" m="59479" /><F101/><W120/><G120/><T8/><AGARI ba="0,0" hai="3,7,8,25,29,33,132,135" m="44415,62559" machi="8" ten="30,2000,0" yaku="23,1,52,1" doraHai="76" who="0" fromWho="0" sc="302,20,230,-5,228,-10,240,-5" /><INIT seed="3,0,0,1,5,30" ten="322,225,218,235" oya="3" hai0="23,100,78,63,127,44,135,111,73,108,39,128,47" hai1="125,98,123,4,94,16,130,69,50,105,81,82,86" hai2="64,80,8,93,66,26,114,62,74,112,91,13,121" hai3="34,32,77,53,28,117,101,65,7,31,76,104,134"/><W61/><G117/><T87/><D23/><U10/><E123/><V54/><F121/><W132/><G7/><T133/><D100/><U120/><E69/><V58/><F114/><W40/><G40/><N who="0" m="22559" /><D73/><U11/><E120/><V18/><F112/><W118/><G53/><T109/><D47/><U19/><E105/><V70/><F70/><N who="3" m="42287" /><G118/><T129/><D63/><U89/><E125/><V0/><F0/><W17/><G17/><T116/><D116/><U57/><E130/><N who="0" m="50281" /><D127/><U1/><E11/><V43/><F43/><W41/><G41/><T97/><D97/><U22/><E19/><N who="2" m="8615" /><F80/><AGARI ba="0,0" hai="78,80,87,108,109,111,133,135" m="50281,22559" machi="80" ten="40,2600,0" yaku="14,1,19,1" doraHai="30" who="0" fromWho="2" sc="322,26,225,0,218,-26,235,0" /><INIT seed="4,0,0,4,3,73" ten="348,225,192,235" oya="0" hai0="130,110,21,56,96,37,5,20,46,94,17,42,121" hai1="120,39,1,100,30,45,0,129,74,75,44,91,122" hai2="40,32,111,12,18,79,82,67,26,99,19,98,119" hai3="135,54,34,47,13,15,77,115,29,33,123,24,11"/><T51/><D121/><N who="1" m="46699" /><E91/><V53/><F111/><W133/><G115/><T72/><D72/><N who="1" m="27691" /><E30/><V90/><F119/><W27/><G77/><T4/><D110/><U132/><E100/><V93/><F32/><W31/><G123/><T124/><D124/><U106/><E106/><V3/><F3/><N who="1" m="1097" /><E132/><N who="3" m="50762" /><G54/><T131/><D56/><U81/><E81/><V58/><F67/><W60/><G60/><T126/><D51/><U108/><E108/><V7/><F40/><W104/><G104/><T76/><D20/><U55/><E55/><V6/><F99/><W95/><G95/><T116/><D96/><U84/><E84/><N who="2" m="48223" /><F19/><N who="3" m="8639" /><G47/><N who="1" m="17994" /><E39/><V102/><F102/><W64/><G64/><T36/><D37/><U68/><E68/><V59/><F26/><W16/><G15/><T10/><D36/><U8/><E8/><N who="2" m="6407" /><F59/><W57/><G57/><T52/><D10/><U50/><E50/><AGARI ba="0,0" hai="6,7,50,53,58,90,93,98" m="6407,48223" machi="50" ten="30,2000,0" yaku="8,1,52,1" doraHai="73" who="2" fromWho="1" sc="348,0,225,-20,192,20,235,0" /><INIT seed="5,0,0,0,2,108" ten="348,205,212,235" oya="1" hai0="21,47,114,72,100,37,69,126,121,46,55,87,99" hai1="34,80,115,68,125,48,135,102,75,38,43,11,134" hai2="92,89,85,3,45,17,23,31,57,74,27,56,58" hai3="61,10,12,70,103,66,36,113,86,16,39,44,65"/><U112/><E68/><V71/><F71/><W15/><G66/><T110/><D69/><U5/><E34/><V33/><F74/><W76/><G103/><T1/><D72/><U6/><E125/><V91/><F3/><W20/><G44/><T4/><D110/><U123/><E123/><V54/><F33/><W83/><REACH who="3" step="1"/><G113/><REACH who="3" ten="348,205,212,225" step="2"/><N who="1" m="43594" /><E102/><V26/><F91/><W81/><G81/><T24/><D100/><U106/><E106/><V116/><F116/><W67/><G67/><T25/><D121/><U84/><E75/><V2/><F2/><W32/><G32/><T63/><D1/><U122/><E122/><V127/><F127/><W7/><AGARI ba="0,1" hai="7,10,12,15,16,20,36,39,61,65,70,76,83,86" machi="7" ten="20,8000,1" yaku="1,1,0,1,7,1,54,1,53,1" doraHai="108" doraHaiUra="79" who="3" fromWho="3" sc="348,-20,205,-40,212,-20,225,90" /><INIT seed="6,0,0,1,1,106" ten="328,165,192,315" oya="2" hai0="2,15,29,3,12,17,110,51,91,115,121,6,0" hai1="82,57,43,59,126,49,79,40,127,35,62,90,22" hai2="85,107,48,20,52,32,95,10,103,70,124,65,88" hai3="66,39,98,120,117,63,56,64,112,84,24,42,92"/><V130/><F32/><W55/><G120/><T60/><D60/><U133/><E35/><V75/><F75/><W114/><G84/><T5/><D110/><U68/><E90/><V77/><F130/><W28/><G117/><T96/><D121/><U97/><E97/><V109/><F124/><N who="1" m="47657" /><E22/><V1/><F109/><W26/><G42/><N who="1" m="15914" /><E82/><V99/><F20/><W50/><G39/><T14/><D51/><U101/><E101/><V34/><F34/><W72/><G72/><T81/><D81/><U41/><E79/><V23/><F23/><W113/><G28/><T47/><D47/><N who="1" m="25839" /><E133/><V16/><F1/><W58/><REACH who="3" step="1"/><G66/><AGARI ba="0,0" hai="57,59,62,66,68" m="25839,15914,47657" machi="66" ten="30,3900,0" yaku="18,1,34,2" doraHai="106" who="1" fromWho="3" sc="328,0,165,39,192,0,315,-39" /><INIT seed="7,0,0,3,2,75" ten="328,204,192,276" oya="3" hai0="0,45,114,33,109,48,79,2,81,17,70,9,42" hai1="10,119,27,118,82,76,113,13,115,73,123,66,130" hai2="35,134,30,69,80,5,85,100,74,87,4,53,16" hai3="122,12,97,78,121,124,39,107,15,25,68,135,133"/><W55/><G68/><T92/><D109/><U37/><E37/><V83/><F69/><W28/><G39/><T18/><D70/><U58/><E123/><V41/><F134/><N who="3" m="51211" /><G124/><T95/><D33/><U131/><E27/><V96/><F35/><N who="3" m="20879" /><G55/><T86/><D114/><N who="1" m="43531" /><E66/><V23/><F74/><W126/><G126/><T65/><D65/><U106/><E58/><V26/><F41/><W104/><G78/><T94/><REACH who="0" step="1"/><D9/><REACH who="0" ten="318,204,192,276" step="2"/><U31/><E31/><V47/><F30/><W90/><G121/><T51/><D51/><U24/><E24/><V105/><F53/><W52/><G52/><T128/><D128/><N who="1" m="49195" /><E106/><V29/><F29/><W49/><G49/><T102/><D102/><U132/><E132/><V72/><F72/><W98/><G122/><T71/><D71/><U67/><E67/><V38/><F38/><W8/><G107/><T32/><D32/><U112/><N who="1" m="43539" /><U120/><DORA hai="129" /><E120/><V50/><F50/><W1/><G1/><AGARI ba="0,1" hai="0,1,2,17,18,42,45,48,79,81,86,92,94,95" machi="1" ten="40,2600,0" yaku="1,1,52,1,53,0" doraHai="75,129" doraHaiUra="20,108" who="0" fromWho="3" sc="318,36,204,0,192,0,276,-26" owari="354,46.0,204,-20.0,192,-31.0,250,5.0" /></mjloggm>