<mjloggm ver="2.3"><GO type="97" lobby="0"/><UN n0="%E3%82%84%E3%81%8D%E3%81%AB%E3%81%8F" n1="%E3%82%A2%E3%83%98%E9%A1%94%EF%BC%B7%EF%BC%B0" n2="%E3%81%9C%E3%82%93%E3%81%A4%E3%81%81%E5%AB%8C%E3%81%84" n3="%E5%B0%B1%E6%B4%BB%E7%94%9F%40%E5%B7%9D%E6%9D%91%E8%BB%8D%E5%9B%A3" dan="13,15,14,14" rate="1903.62,1918.93,1930.64,1957.67" sx="M,F,M,M"/><TAIKYOKU oya="0"/><INIT seed="0,0,0,5,5,14" ten="250,250,250,250" oya="0" hai0="126,113,64,69,43,57,30,100,51,18,134,111,135" hai1="49,53,105,131,25,132,21,23,107,22,24,65,16" hai2="62,52,31,94,54,13,122,130,4,59,95,86,103" hai3="125,17,20,33,7,118,1,0,102,45,8,41,99"/><T82/><D30/><N who="1" m="17679" /><E105/><V112/><F112/><W114/><G125/><T123/><D113/><U117/><E107/><V73/><F73/><W3/><G114/><T29/><D29/><N who="1" m="17591" /><E117/><V97/><F130/><W19/><G33/><T80/><D18/><U11/><E131/><V75/><F75/><W5/><G118/><T119/><D119/><U109/><E109/><V56/><F31/><W39/><G7/><T91/><D82/><U78/><E132/><V129/><F129/><W70/><G70/><T36/><D80/><U67/><E78/><V6/><F122/><W40/><G40/><T92/><D91/><U63/><E11/><V98/><F86/><W77/><G77/><T108/><D92/><U110/><E63/><V116/><F13/><W89/><G89/><T88/><D88/><U48/><E110/><N who="0" m="42025" /><D100/><U90/><E90/><N who="2" m="55511" /><F116/><W127/><G127/><T47/><D126/><U121/><E121/><V68/><F68/><W35/><G35/><T71/><D123/><U133/><E133/><N who="0" m="50697" /><D36/><U84/><E84/><V81/><F81/><W61/><G99/><T76/><D76/><U60/><E60/><AGARI ba="0,0" hai="4,6,52,54,56,59,60,62,95,98,103" m="55511" machi="60" ten="30,2000,0" yaku="8,1,54,1" doraHai="14" who="2" fromWho="1" sc="250,0,250,-20,250,20,250,0" /><AGARI ba="0,0" hai="43,47,51,57,60,64,69,71" m="50697,42025" machi="60" ten="30,12000,1" yaku="14,1,10,1,20,1,34,2" doraHai="14" who="0" fromWho="1" sc="250,120,230,-120,270,0,250,0" /><INIT seed="0,1,0,1,3,26" ten="370,110,270,250" oya="0" hai0="53,98,23,86,74,41,9,85,17,68,113,13,39" hai1="49,22,83,63,37,81,66,57,61,40,25,123,3" hai2="90,107,134,59,132,29,116,126,8,122,135,35,78" hai3="93,69,117,89,125,87,88,47,14,105,34,99,73"/><T52/><BYE who="1" /><D74/><U97/><E97/><V38/><F122/><W10/><G73/><T54/><D68/><U42/><E42/><V111/><F111/><W92/><G125/><T20/><D113/><U72/><E72/><V79/><F38/><W48/><G117/><T18/><D39/><U51/><E51/><V4/><F126/><W19/><G69/><T30/><D41/><U16/><E16/><V76/><F116/><W115/><G115/><T131/><D131/><U129/><E129/><V130/><F130/><W82/><G34/><T84/><D98/><U112/><E112/><V120/><F120/><W109/><G109/><T80/><D30/><U33/><E33/><V75/><F107/><W56/><G56/><T45/><D45/><U103/><E103/><V65/><F90/><W11/><G105/><T77/><REACH who="0" step="1"/><D9/><REACH who="0" ten="360,110,270,250" step="2"/><U15/><E15/><AGARI ba="1,1" hai="13,15,17,18,20,23,52,53,54,77,80,84,85,86" machi="15" ten="40,12000,1" yaku="1,1,2,1,9,1,8,1,54,1,53,0" doraHai="26" doraHaiUra="121" who="0" fromWho="1" sc="360,133,110,-123,270,0,250,0" owari="493,59.0,-13,-51.0,270,7.0,250,-15.0" /></mjloggm>