<mjloggm ver="2.3"><GO type="97" lobby="0"/><UN n0="%E3%83%A8%E3%82%B3%E3%83%A8%E3%82%B3" n1="%73%61%74%6F%74%74%69" n2="%E8%91%9B%E5%9F%8E%E6%81%8B%E9%B3%A5" n3="%E3%82%A6%E3%83%AB%E3%83%88%E3%83%A9%E7%AB%8B%E7%9B%B4" dan="15,13,14,15" rate="2088.78,1895.88,1958.85,1984.59" sx="M,M,F,M"/><TAIKYOKU oya="0"/><INIT seed="0,0,0,3,3,104" ten="250,250,250,250" oya="0" hai0="62,15,38,109,14,93,58,69,132,33,6,76,122" hai1="23,108,19,16,54,4,66,2,13,81,44,29,84" hai2="71,31,41,117,130,32,129,22,10,7,45,20,103" hai3="67,82,0,17,97,64,87,50,57,135,125,53,127"/><T112/><D122/><U79/><E66/><V91/><F71/><W25/><G0/><T3/><D112/><U134/><E108/><V55/><F103/><W85/><G135/><T18/><D69/><U39/><E134/><V52/><F117/><W77/><G97/><T63/><D132/><U37/><E19/><V36/><F91/><W119/><G119/><T68/><D68/><U99/><E99/><V48/><F32/><W56/><G56/><T120/><D120/><U61/><E29/><V12/><F55/><W86/><G67/><T73/><D109/><U101/><E101/><V60/><F60/><W105/><G64/><T133/><D133/><U49/><REACH who="1" step="1"/><E61/><REACH who="1" ten="250,240,250,250" step="2"/><V72/><F31/><W26/><G17/><T106/><D62/><U128/><E128/><V113/><F129/><W107/><G25/><T126/><D63/><U89/><E89/><V115/><F130/><W100/><G26/><T94/><D18/><U110/><E110/><V35/><F113/><W65/><G65/><T95/><D6/><U102/><E102/><V74/><F115/><W75/><G100/><T46/><D106/><U116/><E116/><V21/><REACH who="2" step="1"/><F35/><REACH who="2" ten="250,240,240,250" step="2"/><W131/><G131/><T111/><D33/><U80/><E80/><V124/><F124/><AGARI ba="0,2" hai="50,53,57,75,77,82,85,86,87,105,107,124,125,127" machi="124" ten="40,2600,0" yaku="18,1,52,1" doraHai="104" who="3" fromWho="2" sc="250,0,240,0,240,-26,250,46" /><INIT seed="1,0,0,4,4,12" ten="250,240,214,296" oya="1" hai0="68,113,71,67,35,14,34,9,30,32,93,21,53" hai1="38,42,7,60,79,117,19,27,13,87,85,83,92" hai2="97,39,50,2,125,89,104,63,88,106,65,8,124" hai3="82,10,55,75,107,54,16,40,81,78,58,111,127"/><U17/><E117/><V74/><F39/><W76/><G107/><N who="2" m="41001" /><F50/><W56/><G40/><T84/><D113/><U45/><E60/><V128/><F74/><W11/><G111/><T23/><D53/><U126/><E126/><N who="2" m="48747" /><F97/><W131/><G131/><T115/><D115/><U51/><E38/><V80/><F80/><W116/><G116/><T70/><D67/><U4/><E27/><V3/><F128/><W48/><G127/><T33/><D33/><U49/><E49/><V109/><F109/><W112/><G112/><T98/><D84/><U37/><E37/><V91/><F8/><W94/><G94/><T57/><D57/><AGARI ba="0,0" hai="2,3,57,63,65,88,89,91" m="48747,41001" machi="57" ten="40,2600,0" yaku="18,1,54,1" doraHai="12" who="2" fromWho="0" sc="250,-26,240,0,214,26,296,0" /><INIT seed="2,0,0,3,0,10" ten="224,240,240,296" oya="2" hai0="8,103,81,55,82,108,120,32,54,125,53,33,117" hai1="129,65,70,63,27,44,91,4,87,84,127,66,19" hai2="52,5,57,83,16,51,111,37,90,22,69,73,35" hai3="12,23,89,119,68,58,31,123,76,21,26,3,71"/><V48/><F37/><W14/><G3/><T56/><D120/><U86/><E127/><V25/><F69/><W17/><G119/><T38/><D125/><U36/><E129/><V110/><F5/><W101/><G123/><T102/><D38/><U45/><E4/><V24/><F35/><W128/><G128/><T85/><D117/><U118/><E118/><V122/><F122/><W80/><G101/><T116/><D116/><U112/><E112/><V124/><F124/><W11/><G89/><T94/><D108/><N who="2" m="41514" /><F25/><W60/><G80/><T105/><D105/><U79/><E79/><N who="2" m="44527" /><F90/><W135/><G76/><T77/><D56/><U62/><E91/><V113/><F113/><W43/><G135/><T88/><D8/><U67/><E36/><V0/><F0/><W93/><G68/><T72/><REACH who="0" step="1"/><D81/><REACH who="0" ten="214,240,240,296" step="2"/><U97/><E70/><V49/><AGARI ba="0,1" hai="16,22,24,48,49,51,52,57" m="44527,41514" machi="49" ten="30,11700,0" yaku="14,1,10,1,54,2" doraHai="10" who="2" fromWho="2" sc="214,-39,240,-39,240,127,296,-39" /><INIT seed="2,1,0,4,3,63" ten="175,201,367,257" oya="2" hai0="85,21,37,54,35,22,53,67,49,103,56,77,83" hai1="87,112,59,104,28,124,86,36,108,19,42,26,61" hai2="43,15,88,99,135,113,3,95,121,102,25,4,91" hai3="126,60,118,24,115,57,117,68,94,98,30,106,111"/><V81/><F121/><W18/><G126/><T20/><D35/><U34/><E104/><V128/><F113/><W107/><G111/><T55/><D37/><U33/><E108/><V119/><F119/><W100/><G115/><T75/><D75/><U50/><E112/><V6/><F3/><W46/><G68/><T93/><REACH who="0" step="1"/><D67/><REACH who="0" ten="165,201,367,257" step="2"/><U96/><E124/><V74/><F74/><W79/><G118/><T90/><D90/><U73/><E73/><V131/><F88/><W9/><G79/><T51/><D51/><U13/><E36/><V44/><F91/><W5/><G117/><T132/><D132/><U129/><E34/><V23/><F135/><W8/><G100/><T27/><D27/><U133/><E133/><V101/><F25/><W38/><G24/><T127/><D127/><U72/><E72/><V58/><F102/><W76/><G38/><T114/><D114/><U69/><E129/><V65/><F101/><W11/><G76/><T80/><D80/><U39/><E39/><V78/><F81/><W31/><G5/><T116/><D116/><U41/><E50/><N who="2" m="26911" /><F78/><W40/><G106/><T125/><D125/><U97/><E69/><V66/><F4/><W71/><G107/><T45/><D45/><U64/><E42/><V120/><F6/><W84/><G71/><T0/><D0/><U122/><E41/><V89/><F128/><W2/><G46/><T109/><D109/><U82/><E122/><V16/><F120/><W17/><G40/><T105/><D105/><U7/><E7/><V12/><F131/><W110/><G110/><T123/><D123/><RYUUKYOKU ba="1,1" sc="165,30,201,-10,367,-10,257,-10" hai0="20,21,22,49,53,54,55,56,77,83,85,93,103" /><INIT seed="3,2,1,4,5,83" ten="195,191,357,247" oya="3" hai0="15,86,75,40,98,42,96,32,39,4,23,0,20" hai1="118,5,62,116,99,60,124,71,109,127,12,101,36" hai2="114,2,92,64,93,132,68,8,38,91,102,43,65" hai3="25,107,35,115,94,72,61,100,87,57,131,34,135"/><W56/><G107/><T78/><D75/><U88/><E12/><V77/><F114/><W105/><G105/><T27/><D32/><U59/><E5/><V134/><F77/><W33/><G100/><T80/><D0/><U120/><E101/><V113/><F113/><W31/><G61/><T106/><D106/><U95/><E120/><V85/><F68/><W19/><G19/><N who="0" m="10367" /><D4/><U9/><E9/><V28/><F28/><W1/><G31/><N who="0" m="17919" /><D39/><U119/><E36/><V125/><F8/><W6/><G6/><T112/><D112/><U16/><E71/><V121/><F2/><W70/><G1/><T129/><D129/><U41/><E41/><AGARI ba="2,1" hai="40,41,42,78,80,86,96,98" m="17919,10367" machi="41" ten="30,2000,0" yaku="8,1,52,1" doraHai="83" who="0" fromWho="1" sc="195,36,191,-26,357,0,247,0" owari="231,-17.0,165,-33.0,357,45.0,247,5.0" /></mjloggm>