<mjloggm ver="2.3"><GO type="193" lobby="0"/><UN n0="%E5%B0%B1%E6%B4%BB%E7%94%9F%40%E5%B7%9D%E6%9D%91%E8%BB%8D%E5%9B%A3" n1="%E7%99%BE%E4%B8%87%E5%90%91%E8%81%B4" n2="%E5%A4%A7%E9%87%8E%E6%99%B6" n3="%E3%81%AA%E3%82%80%E3%81%AB%E3%81%8F" dan="12,10,12,11" rate="1736.91,1619.08,1765.61,1813.22" sx="M,M,F,M"/><TAIKYOKU oya="0"/><INIT seed="0,0,0,1,0,77" ten="250,250,250,250" oya="0" hai0="88,22,99,37,109,96,123,17,80,52,14,130,107" hai1="71,36,15,24,91,30,29,118,76,106,134,61,0" hai2="113,128,72,87,57,26,20,18,33,56,70,66,42" hai3="75,1,47,13,6,12,112,73,55,5,85,65,126"/><T105/><D123/><U39/><E118/><V86/><F113/><W7/><G112/><T63/><D37/><U31/><E0/><V35/><F72/><W68/><G126/><T81/><D130/><U9/><E76/><V79/><F128/><W16/><G1/><T59/><D109/><U67/><E106/><V62/><F42/><W127/><G127/><T40/><D40/><U125/><E125/><V44/><F44/><W64/><G68/><T3/><D3/><U129/><E134/><V54/><F57/><W51/><G75/><T83/><REACH who="0" step="1"/><D88/><REACH who="0" ten="240,250,250,250" step="2"/><U23/><E91/><V34/><F79/><W43/><G43/><T90/><D90/><U38/><E129/><V121/><F121/><W124/><G124/><T95/><D95/><U114/><E38/><V122/><F122/><W119/><G119/><T135/><D135/><U84/><E114/><V60/><AGARI ba="0,1" hai="18,20,26,33,34,35,54,56,60,62,66,70,86,87" machi="60" ten="40,1500,0" yaku="0,1" doraHai="77" who="2" fromWho="2" sc="240,-7,250,-4,250,25,250,-4" /><INIT seed="1,0,0,2,2,75" ten="233,246,275,246" oya="1" hai0="67,8,21,25,24,102,4,19,108,63,70,122,113" hai1="91,59,39,17,28,33,52,58,135,96,50,46,12" hai2="66,9,100,124,81,123,71,126,16,110,65,56,78" hai3="79,88,121,118,20,3,45,76,87,120,51,133,132"/><U6/><E135/><N who="3" m="51786" /><G3/><T98/><D108/><U82/><E39/><V57/><F110/><W92/><G118/><T15/><D113/><U117/><E117/><V55/><F100/><W1/><G1/><T13/><REACH who="0" step="1"/><D122/><REACH who="0" ten="223,246,275,246" step="2"/><N who="3" m="47209" /><G20/><T130/><D130/><U36/><E33/><V0/><F123/><W10/><G10/><T111/><D111/><U60/><E36/><V127/><F9/><W89/><G89/><T80/><D80/><U64/><E82/><V14/><F81/><W44/><G51/><T106/><AGARI ba="0,1" hai="4,8,13,15,19,21,24,25,63,67,70,98,102,106" machi="106" ten="20,8000,1" yaku="1,1,0,1,7,1,53,2" doraHai="75" doraHaiUra="23" who="0" fromWho="0" sc="223,90,246,-40,275,-20,246,-20" /><INIT seed="2,0,0,0,3,73" ten="313,206,255,226" oya="2" hai0="37,44,27,16,132,50,7,52,46,107,53,104,103" hai1="21,88,17,89,100,82,51,61,70,34,58,76,92" hai2="29,114,75,113,130,39,36,56,97,81,66,119,84" hai3="10,112,64,93,87,62,40,23,117,30,69,94,67"/><V24/><F119/><W25/><G117/><T3/><D132/><U83/><E34/><V22/><F75/><W121/><G121/><T14/><D103/><U47/><E70/><V4/><F4/><W20/><G67/><T8/><D27/><N who="1" m="14767" /><E83/><V86/><F130/><W90/><G112/><T11/><D37/><U38/><E38/><V118/><F118/><W49/><G10/><T60/><REACH who="0" step="1"/><D60/><REACH who="0" ten="303,206,255,226" step="2"/><U99/><E61/><V125/><F36/><W12/><G62/><T57/><D57/><U68/><E58/><V18/><F39/><W45/><G69/><T134/><D134/><U19/><E68/><V116/><F56/><W131/><G131/><T59/><D59/><U123/><E123/><V124/><F66/><W85/><G49/><AGARI ba="0,1" hai="3,7,8,11,14,16,44,46,49,50,52,53,104,107" machi="49" ten="40,8000,1" yaku="1,1,9,1,54,2,53,1" doraHai="73" doraHaiUra="9" who="0" fromWho="3" sc="303,90,206,0,255,0,226,-80" /><INIT seed="3,0,0,5,2,134" ten="393,206,255,146" oya="3" hai0="27,94,126,22,21,60,46,82,10,20,91,132,64" hai1="101,86,87,119,32,36,34,43,70,30,55,110,96" hai2="42,109,19,123,8,111,1,114,25,5,103,79,15" hai3="80,58,18,54,77,2,90,9,38,95,125,40,45"/><W99/><G2/><T65/><D126/><U100/><E110/><N who="2" m="41995" /><F114/><W115/><G115/><T49/><D132/><U92/><E70/><V76/><F123/><W69/><G125/><T68/><D65/><U37/><E119/><V93/><F25/><W28/><G69/><T63/><D63/><U83/><E55/><V129/><F42/><W31/><G9/><T89/><D89/><U84/><E43/><V59/><F59/><W6/><G18/><T11/><D82/><U3/><E3/><V62/><F62/><W131/><G6/><T75/><D75/><U24/><E34/><V14/><F129/><W0/><G0/><T57/><D68/><U98/><E36/><V135/><F135/><W104/><G131/><T56/><D56/><U52/><E52/><V7/><F7/><W66/><G104/><T107/><D107/><U53/><E53/><V4/><F4/><W118/><G118/><T23/><D27/><U108/><E37/><V81/><F81/><W78/><G66/><T116/><D116/><U17/><E17/><V39/><F39/><W16/><G16/><T71/><D71/><U12/><E12/><N who="2" m="4651" /><F19/><W48/><G78/><T50/><D46/><U29/><E29/><V74/><F74/><AGARI ba="0,0" hai="28,31,38,40,45,48,54,58,74,77,80,90,95,99" machi="74" ten="30,1500,0" yaku="7,1" doraHai="134" who="3" fromWho="2" sc="393,0,206,0,255,-15,146,15" /><INIT seed="3,1,0,5,4,39" ten="393,206,240,161" oya="3" hai0="114,78,135,94,102,133,15,24,31,97,66,84,113" hai1="48,54,8,104,89,21,112,56,0,61,70,73,119" hai2="5,99,20,41,17,122,38,81,45,28,27,52,10" hai3="6,120,117,49,75,19,40,22,128,26,100,71,93"/><W59/><G117/><T108/><D108/><U42/><E73/><V47/><F122/><W110/><G75/><T88/><D78/><U2/><E119/><V57/><F47/><N who="3" m="25831" /><G120/><T46/><D66/><U115/><E42/><V90/><F28/><N who="3" m="17495" /><G71/><T29/><D15/><U79/><E79/><V44/><F44/><W53/><G110/><T67/><D67/><U125/><E125/><V127/><F127/><W30/><G30/><N who="0" m="11275" /><D46/><U13/><E104/><V64/><F64/><W37/><G37/><T95/><D24/><U103/><E0/><V118/><F118/><W86/><G128/><T23/><D23/><U130/><E70/><V109/><F109/><W85/><G6/><T126/><D126/><U101/><E2/><V3/><F3/><W18/><G100/><N who="1" m="38474" /><E115/><AGARI ba="1,0" hai="84,88,94,95,97,102,113,114,115,133,135" m="11275" machi="115" ten="30,2000,0" yaku="11,1,54,1" doraHai="39" who="0" fromWho="1" sc="393,23,206,-23,240,0,161,0" owari="416,52.0,183,-22.0,240,4.0,161,-34.0" /></mjloggm>