<mjloggm ver="2.3"><GO type="97" lobby="0"/><UN n0="%E4%B8%AD%E5%85%83%E3%81%99%E3%81%9A%E9%A6%99" n1="%6B%61%6E%64%73%6B" n2="%E9%87%8C%E4%B8%AD%E4%BA%9C%E7%9F%A2%E5%AD%90" n3="%E5%B0%B1%E6%B4%BB%E7%94%9F%40%E5%B7%9D%E6%9D%91%E8%BB%8D%E5%9B%A3" dan="13,13,14,14" rate="1875.62,1839.24,1933.92,1960.21" sx="F,M,F,M"/><TAIKYOKU oya="0"/><INIT seed="0,0,0,4,5,90" ten="250,250,250,250" oya="0" hai0="45,15,89,87,12,64,14,72,74,32,24,48,13" hai1="124,36,75,105,70,127,25,101,11,1,113,103,109" hai2="54,84,81,117,104,78,20,96,29,85,76,16,100" hai3="116,130,82,2,135,58,37,107,79,8,126,41,120"/><T30/><N who="0" m="3584" /><DORA hai="99" /><T38/><D64/><U26/><E109/><V131/><F29/><W0/><G58/><T63/><D63/><U61/><E113/><V66/><F66/><W40/><G40/><T121/><D38/><U128/><E128/><V112/><F112/><W111/><G41/><T55/><REACH who="0" step="1"/><D121/><REACH who="0" ten="240,250,250,250" step="2"/><U56/><E36/><V33/><F117/><W4/><G120/><T46/><D46/><U35/><E61/><V134/><F131/><W42/><G37/><T129/><D129/><U34/><E127/><V133/><F54/><W91/><G116/><T62/><D62/><U71/><E124/><V53/><F53/><W23/><G42/><T18/><D18/><U122/><E122/><V98/><F134/><W44/><G135/><T94/><AGARI ba="0,1" hai="24,30,32,45,48,55,72,74,87,89,94" m="3584" machi="94" ten="40,12000,1" yaku="1,1,0,1,52,1,53,1" doraHai="90,99" doraHaiUra="102,50" who="0" fromWho="0" sc="240,130,250,-40,250,-40,250,-40" /><INIT seed="0,1,0,4,5,130" ten="370,210,210,210" oya="0" hai0="58,92,69,1,88,0,110,28,59,72,78,24,18" hai1="76,55,129,34,106,23,127,121,63,91,75,44,50" hai2="30,84,94,32,16,87,98,17,86,82,39,104,133" hai3="10,6,118,70,9,43,5,14,40,47,37,131,61"/><T25/><D69/><U123/><E34/><V77/><F39/><W115/><G131/><T46/><D110/><U103/><E129/><V73/><F104/><W36/><G115/><T29/><D18/><U66/><E127/><V107/><F107/><W100/><G118/><T27/><D46/><U71/><E23/><V38/><F38/><W111/><G111/><T126/><D126/><U74/><E91/><V101/><F133/><W33/><G33/><T132/><D132/><U97/><REACH who="1" step="1"/><E76/><REACH who="1" ten="370,200,210,210" step="2"/><V19/><F32/><W15/><G100/><T108/><D78/><U114/><E114/><V112/><F112/><W41/><G37/><T56/><D88/><U48/><E48/><V96/><F96/><W135/><G135/><T35/><D35/><U45/><E45/><V54/><F30/><W134/><G134/><T42/><D108/><U4/><E4/><V122/><F122/><AGARI ba="1,1" hai="44,50,55,63,66,71,74,75,97,103,106,121,122,123" machi="122" ten="40,1300,0" yaku="1,1,53,0" doraHai="130" doraHaiUra="31" who="1" fromWho="2" sc="370,0,200,26,210,-16,210,0" /><INIT seed="1,0,0,0,2,95" ten="370,226,194,210" oya="1" hai0="63,12,0,17,89,129,108,49,133,82,26,47,20" hai1="46,76,106,80,87,85,8,4,98,101,7,16,27" hai2="134,79,81,126,9,38,36,83,64,116,113,31,53" hai3="96,74,24,132,61,110,105,62,18,70,28,69,14"/><U58/><E87/><V41/><F116/><W104/><G74/><T73/><D0/><U40/><E58/><V97/><F134/><W54/><G132/><T92/><D133/><U114/><E114/><V109/><F109/><W56/><G110/><T48/><D108/><U121/><E121/><V67/><F126/><W111/><G111/><T13/><D129/><U21/><REACH who="1" step="1"/><E8/><REACH who="1" ten="370,216,194,210" step="2"/><V71/><F71/><W2/><G70/><T91/><D73/><U115/><E115/><V35/><F113/><W72/><G69/><T3/><D47/><U22/><E22/><V107/><F9/><W123/><G72/><T45/><D20/><U119/><E119/><V59/><F35/><W37/><G56/><T51/><D45/><U29/><E29/><V30/><F59/><W100/><G28/><T118/><D118/><U122/><E122/><V94/><F31/><W128/><G123/><T57/><D57/><U19/><E19/><V127/><F30/><W66/><G18/><T130/><D17/><U34/><E34/><V68/><F68/><W75/><G75/><T84/><D84/><U65/><E65/><V52/><F64/><W90/><G66/><T42/><D130/><U32/><E32/><V131/><F67/><W112/><G128/><T125/><D125/><U25/><E25/><V99/><F127/><W93/><G24/><T103/><D26/><U124/><E124/><V23/><F131/><W88/><G112/><T11/><D11/><U60/><E60/><V5/><F23/><W15/><G62/><T50/><D63/><U77/><E77/><V102/><F79/><RYUUKYOKU ba="0,1" sc="370,-10,216,30,194,-10,210,-10" hai1="4,7,16,21,27,40,46,76,80,85,98,101,106" /><INIT seed="1,1,1,4,5,81" ten="360,246,184,200" oya="1" hai0="27,7,89,61,78,42,106,39,126,99,88,107,15" hai1="17,69,120,10,121,47,31,83,80,12,98,3,24" hai2="22,135,70,13,115,94,84,34,2,123,113,57,8" hai3="64,48,67,53,71,30,111,56,76,127,104,29,92"/><U134/><E69/><V28/><F70/><W62/><G104/><T46/><D126/><U63/><E134/><V18/><F123/><W1/><G1/><T59/><D78/><U54/><E3/><V118/><F118/><W21/><G127/><T97/><D27/><U133/><E133/><V65/><F135/><W112/><G112/><N who="2" m="43081" /><F34/><W52/><G111/><T25/><D25/><U90/><E98/><V87/><F94/><W32/><G32/><T96/><D107/><U75/><E75/><V110/><F110/><W119/><G119/><T41/><D106/><U16/><E17/><V128/><F128/><W103/><G76/><T60/><D60/><U86/><E80/><V23/><F2/><W0/><G0/><T77/><D77/><U37/><E37/><V95/><F95/><W36/><G36/><T91/><D46/><U85/><E85/><N who="2" m="32843" /><F28/><N who="3" m="10859" /><G21/><N who="2" m="7689" /><F57/><N who="3" m="32903" /><G71/><T11/><D39/><U43/><E121/><V131/><F131/><W45/><G45/><T26/><D26/><U82/><E120/><V132/><F132/><W105/><G105/><T125/><D125/><U51/><E24/><V73/><F65/><AGARI ba="1,1" hai="7,11,15,41,42,59,61,65,88,89,91,96,97,99" machi="65" ten="40,2600,0" yaku="8,1,54,1" doraHai="81" who="0" fromWho="2" sc="360,39,246,0,184,-29,200,0" /><INIT seed="2,0,0,4,5,108" ten="399,246,155,200" oya="2" hai0="19,122,62,133,27,52,100,10,109,99,61,97,68" hai1="107,71,14,67,74,25,55,33,119,95,76,63,45" hai2="31,51,16,54,46,0,132,115,126,123,37,70,21" hai3="30,93,134,3,117,6,56,40,81,35,60,113,106"/><V13/><F123/><W17/><G117/><T124/><D122/><U29/><E107/><V44/><F132/><W87/><G106/><T131/><D68/><U75/><E119/><V49/><F70/><W34/><G134/><T47/><D133/><U4/><E76/><V128/><F37/><W22/><G40/><T105/><D109/><U24/><E24/><V36/><F36/><W20/><G3/><T11/><D105/><U112/><E112/><V130/><F126/><W28/><G6/><T59/><D124/><U43/><E55/><V7/><F31/><W57/><G57/><N who="0" m="34983" /><D47/><U72/><E95/><V9/><REACH who="2" step="1"/><F115/><REACH who="2" ten="399,246,145,200" step="2"/><W18/><G30/><T69/><D69/><U121/><E121/><V102/><F102/><W26/><G28/><T1/><D100/><U32/><E29/><V92/><F92/><W110/><G113/><T78/><D131/><U84/><E32/><V41/><AGARI ba="0,1" hai="0,7,9,13,16,21,41,44,46,49,51,54,128,130" machi="41" ten="30,6000,0" yaku="1,1,0,1,54,1,53,0" doraHai="108" doraHaiUra="90" who="2" fromWho="2" sc="399,-20,246,-20,145,70,200,-20" /><INIT seed="2,1,0,5,0,74" ten="379,226,215,180" oya="2" hai0="73,57,53,4,70,113,56,89,90,129,85,133,45" hai1="2,7,52,66,120,88,5,44,115,69,39,34,46" hai2="92,37,64,77,116,135,67,11,114,121,41,15,105" hai3="107,65,31,17,6,9,38,78,84,131,123,81,128"/><V32/><F121/><W76/><G38/><T95/><D73/><U86/><E120/><V122/><F122/><W79/><G107/><T27/><D70/><U100/><E115/><V94/><F105/><W106/><G123/><T25/><D113/><U102/><E34/><V35/><F114/><W63/><G106/><T82/><D133/><U72/><E72/><V10/><F116/><W96/><G31/><T12/><D129/><N who="3" m="49737" /><G17/><T110/><D110/><U55/><E2/><V29/><F29/><W51/><G51/><T109/><D109/><U103/><E39/><V8/><F135/><W118/><G96/><N who="0" m="57455" /><D45/><N who="1" m="17515" /><E69/><V68/><F68/><N who="3" m="42047" /><G118/><T19/><D4/><N who="1" m="1611" /><E66/><V124/><F37/><W13/><AGARI ba="1,0" hai="6,9,13,76,78,79,81,84" m="42047,49737" machi="13" ten="30,7900,0" yaku="19,1,52,3" doraHai="74" who="3" fromWho="3" sc="379,-21,226,-21,215,-40,180,82" /><INIT seed="3,0,0,1,4,99" ten="358,205,175,262" oya="3" hai0="118,63,61,100,39,108,135,52,75,8,125,78,2" hai1="25,0,87,92,76,134,73,49,58,116,128,3,21" hai2="34,81,114,127,131,72,130,121,95,82,13,60,103" hai3="48,88,129,112,110,124,62,133,28,11,6,79,42"/><W106/><G112/><T50/><D39/><U18/><E73/><V74/><F34/><W83/><G124/><T33/><D118/><U68/><E68/><V10/><F114/><W27/><G129/><N who="2" m="49161" /><F60/><W93/><G106/><T98/><D78/><U66/><E128/><V45/><F45/><W30/><G133/><T57/><D8/><U1/><E134/><V80/><F127/><W56/><G110/><T71/><D63/><U64/><E116/><V51/><F51/><W119/><G119/><T104/><D57/><U90/><E76/><V43/><F43/><W67/><G42/><T91/><D91/><U65/><REACH who="1" step="1"/><E49/><REACH who="1" ten="358,195,175,262" step="2"/><V47/><F47/><W107/><G48/><T77/><D50/><U46/><E46/><V53/><F53/><W7/><G107/><T16/><D77/><U86/><E86/><V97/><F121/><W12/><G6/><AGARI ba="0,1" hai="6,10,13,72,74,80,81,82,95,97,103" m="49161" machi="6" ten="30,2000,0" yaku="19,1,52,1" doraHai="99" who="2" fromWho="3" sc="358,0,195,0,175,30,262,-20" owari="358,45.0,195,-30.0,205,-19.0,242,4.0" /></mjloggm>