<mjloggm ver="2.3"><GO type="169" lobby="0"/><UN n0="%61%6D%65%64%69%6F" n1="%E3%82%BF%E3%82%B1%E3%82%AA%E3%81%97%E3%82%83%E3%82%93" n2="%E3%82%A6%E3%83%AB%E3%83%88%E3%83%A9%E7%AB%8B%E7%9B%B4" n3="%47%38%E9%BE%8D%E9%96%80" dan="16,18,17,16" rate="2082.58,2270.33,2102.79,2051.47" sx="M,M,M,F"/><TAIKYOKU oya="0"/><INIT seed="0,0,0,3,3,0" ten="250,250,250,250" oya="0" hai0="15,135,89,102,106,48,61,47,127,10,13,82,108" hai1="20,125,117,96,32,16,58,101,2,95,17,100,130" hai2="4,126,97,112,115,92,5,19,23,37,83,116,107" hai3="105,111,81,121,36,42,46,68,120,24,133,3,40"/><T86/><D135/><U123/><E32/><V30/><F107/><W41/><G133/><T128/><D128/><U122/><E2/><V1/><F37/><W28/><G105/><T65/><D127/><U77/><E117/><V64/><F1/><W76/><G3/><T50/><D108/><U87/><E130/><V45/><F116/><W12/><G68/><T9/><D106/><U8/><E125/><V131/><F126/><W134/><G134/><T132/><D132/><U99/><E58/><V57/><F30/><W75/><G12/><T66/><D102/><U35/><E35/><V69/><F69/><W91/><G91/><T109/><D109/><U39/><E39/><V73/><F73/><W88/><G88/><T25/><D25/><U11/><E87/><V7/><F131/><W55/><G55/><T103/><D103/><U110/><E77/><V79/><F45/><W26/><G26/><T6/><D61/><U44/><E44/><V53/><F64/><W113/><G113/><T51/><REACH who="0" step="1"/><D47/><REACH who="0" ten="240,250,250,250" step="2"/><U27/><E110/><V80/><F112/><W54/><G111/><T59/><D59/><U34/><E34/><V84/><F115/><W118/><G118/><T29/><D29/><N who="1" m="17639" /><E122/><N who="3" m="47210" /><G24/><T18/><AGARI ba="0,1" hai="6,9,10,13,15,18,48,50,51,65,66,82,86,89" machi="18" ten="30,11700,0" yaku="1,1,0,1,8,1,52,1,53,0" doraHai="0" doraHaiUra="74" who="0" fromWho="0" sc="240,127,250,-39,250,-39,250,-39" /><INIT seed="0,1,0,4,5,78" ten="367,211,211,211" oya="0" hai0="102,18,53,59,42,89,87,110,0,56,106,26,32" hai1="19,51,27,21,46,130,118,104,3,121,64,134,119" hai2="76,8,44,96,22,34,29,54,123,90,72,97,114" hai3="65,37,71,129,95,50,33,99,122,1,2,10,49"/><T92/><D0/><U93/><E104/><V43/><F34/><W60/><G122/><T47/><D106/><U4/><E121/><V57/><F114/><W115/><G115/><T11/><D102/><U75/><E75/><V109/><F109/><W12/><G129/><T88/><D110/><U117/><E64/><V31/><F123/><W125/><G37/><T61/><D59/><U112/><E130/><V101/><F8/><W35/><G125/><T25/><D32/><U16/><E112/><V17/><F90/><W120/><G120/><T38/><REACH who="0" step="1"/><D89/><REACH who="0" ten="357,211,211,211" step="2"/><U40/><E3/><V39/><F101/><W52/><G35/><T28/><D28/><U30/><E118/><V67/><F31/><W116/><G33/><T77/><D77/><U62/><E119/><V124/><F29/><W135/><G116/><T128/><D128/><U108/><E117/><V100/><F100/><W20/><G1/><T23/><D23/><U6/><E108/><V105/><F105/><W86/><G2/><T69/><D69/><U81/><E62/><V103/><F103/><W107/><G20/><T74/><D74/><U66/><E21/><V84/><F72/><W48/><G107/><T94/><D94/><U58/><E93/><V111/><F111/><W14/><G95/><T85/><D85/><U113/><E30/><V7/><F84/><W68/><G86/><T79/><D79/><U36/><E58/><V83/><F76/><W131/><G131/><T91/><D91/><U5/><E113/><V41/><F57/><W45/><G71/><T63/><D63/><U127/><E27/><RYUUKYOKU ba="1,1" sc="357,30,211,-10,211,-10,211,-10" hai0="11,18,25,26,38,42,47,53,56,61,87,88,92" /><INIT seed="0,2,1,0,4,118" ten="387,201,201,201" oya="0" hai0="40,98,130,112,89,0,81,49,126,39,59,71,63" hai1="50,85,105,16,84,26,48,82,104,108,95,122,61" hai2="43,70,6,34,87,1,66,33,132,119,123,83,78" hai3="124,75,99,27,29,76,3,47,5,65,102,129,10"/><T18/><D112/><U57/><E108/><V4/><F66/><W51/><G124/><T44/><D0/><U23/><E122/><V56/><F70/><W24/><G129/><T12/><D130/><U8/><E104/><V36/><F56/><W127/><G127/><T30/><D126/><U42/><E105/><V92/><F43/><W35/><G65/><T97/><D71/><U113/><E113/><V14/><F36/><W116/><G116/><T38/><D30/><U93/><E8/><V68/><F68/><W60/><G60/><T28/><D28/><U32/><E32/><V62/><F62/><W88/><G24/><T54/><D39/><U69/><E69/><V110/><F1/><W103/><G75/><T121/><D121/><U37/><E84/><V9/><F123/><W115/><G76/><T67/><D38/><U120/><E37/><V22/><F6/><W20/><G35/><T15/><D15/><U55/><E120/><V77/><F34/><W58/><G58/><T90/><D40/><U106/><E106/><V125/><F33/><W7/><G7/><T114/><D114/><U52/><E42/><V13/><F125/><W73/><G73/><T94/><D81/><U21/><E21/><V45/><F22/><W86/><G99/><N who="0" m="37899" /><D94/><N who="1" m="35851" /><E55/><V46/><F119/><W107/><G115/><T80/><D80/><U41/><E41/><V31/><F83/><N who="3" m="49247" /><G107/><T11/><AGARI ba="2,1" hai="11,12,18,44,49,54,59,63,67,89,90" m="37899" machi="11" ten="30,1500,0" yaku="8,1" doraHai="118" who="0" fromWho="0" sc="387,31,201,-7,201,-7,201,-7" /><INIT seed="0,3,0,4,4,24" ten="418,194,194,194" oya="0" hai0="46,122,39,111,40,20,47,125,14,133,28,76,37" hai1="26,72,83,95,116,118,120,89,74,121,79,1,130" hai2="52,86,31,12,80,18,22,135,115,73,60,67,49" hai3="7,108,3,45,44,10,63,97,65,38,102,57,119"/><T87/><D122/><N who="1" m="47211" /><E26/><V59/><F73/><W93/><G119/><N who="1" m="45610" /><E1/><V48/><F135/><W27/><G108/><T96/><D111/><U69/><E69/><V30/><F115/><W5/><G5/><T66/><D133/><U2/><E2/><V84/><F49/><W19/><REACH who="3" step="1"/><G38/><REACH who="3" ten="418,194,194,184" step="2"/><T13/><D39/><U42/><E130/><V41/><F41/><W53/><G53/><T15/><D40/><U8/><E42/><V100/><F100/><W103/><G103/><T127/><D37/><U43/><E43/><V105/><F105/><W92/><G92/><T35/><D66/><U81/><E81/><V99/><F99/><W16/><G16/><T11/><D96/><U34/><E95/><V90/><REACH who="2" step="1"/><F86/><REACH who="2" ten="418,194,184,184" step="2"/><W109/><G109/><T77/><D87/><U132/><E74/><V25/><F25/><W54/><G54/><T94/><D14/><U6/><E72/><V91/><F91/><W70/><G70/><AGARI ba="3,2" hai="12,18,22,30,31,48,52,59,60,67,70,80,84,90" machi="70" ten="30,12000,2" yaku="1,1,7,1,52,2,54,1,53,1" doraHai="24" doraHaiUra="17" who="2" fromWho="3" sc="418,0,194,0,184,149,184,-129" /><INIT seed="1,0,0,4,4,108" ten="418,194,333,55" oya="1" hai0="89,94,128,70,19,125,99,4,78,7,43,8,31" hai1="58,95,77,25,124,40,98,100,86,107,11,102,82" hai2="42,6,35,132,134,71,113,91,112,123,52,101,79" hai3="65,34,81,80,27,96,57,2,126,103,111,33,87"/><U14/><E124/><V28/><F71/><W69/><G126/><T48/><D70/><U50/><E25/><N who="2" m="18831" /><F123/><W74/><G111/><T110/><D110/><U12/><E12/><V127/><F127/><W104/><G2/><T64/><D64/><U20/><E20/><V130/><F130/><W1/><G1/><T18/><D128/><U45/><E58/><V30/><F30/><W38/><G38/><T121/><D121/><U41/><E41/><V3/><F42/><W5/><G5/><T129/><D129/><U97/><E14/><V109/><F109/><W92/><G57/><T133/><D31/><U93/><E11/><N who="2" m="2527" /><F101/><W16/><G74/><T88/><D78/><U0/><REACH who="1" step="1"/><E0/><REACH who="1" ten="418,184,333,55" step="2"/><V75/><F75/><W22/><G69/><T119/><D125/><U118/><E118/><V26/><F26/><W55/><G34/><T47/><D119/><U83/><E83/><V122/><F122/><W135/><G33/><T72/><D8/><U67/><E67/><V116/><F116/><W59/><G65/><T46/><D43/><U24/><E24/><V44/><F79/><W73/><G80/><T76/><D76/><U61/><E61/><V84/><F52/><W60/><G73/><T29/><D72/><U32/><E32/><V117/><F117/><W114/><G104/><AGARI ba="0,1" hai="40,45,50,77,82,86,93,95,97,98,100,102,104,107" machi="104" ten="30,5800,0" yaku="1,1,7,1,9,1,53,0" doraHai="108" doraHaiUra="115" who="1" fromWho="3" sc="418,0,184,68,333,0,55,-58" owari="418,52.0,252,-15.0,333,13.0,-3,-50.0" /></mjloggm>