<mjloggm ver="2.3"><GO type="169" lobby="0"/><UN n0="%E4%B8%AD%E6%9D%91%E8%B1%AA" n1="%E3%83%A8%E3%82%B3%E3%83%A8%E3%82%B3" n2="%E3%82%A6%E3%83%AB%E3%83%88%E3%83%A9%E7%AB%8B%E7%9B%B4" n3="%79%69%6E%6E%65%72%30%36" dan="16,17,17,16" rate="2137.02,2142.32,2163.93,2069.80" sx="M,M,M,M"/><TAIKYOKU oya="0"/><INIT seed="0,0,0,0,2,52" ten="250,250,250,250" oya="0" hai0="74,8,58,41,100,113,10,27,66,39,132,91,51" hai1="84,79,93,15,59,83,89,131,61,45,32,117,116" hai2="69,68,0,36,13,85,71,133,34,64,28,135,125" hai3="87,121,53,102,12,126,21,104,30,111,128,7,42"/><T47/><D74/><U88/><E32/><V110/><F0/><W97/><G121/><T115/><D100/><U55/><E131/><V67/><F28/><W80/><G111/><T75/><D75/><U123/><E123/><V40/><F34/><W122/><G122/><T118/><D118/><U76/><E116/><V50/><F13/><W9/><G126/><T101/><D101/><U17/><E117/><V46/><F85/><W2/><G128/><T129/><D129/><U105/><E45/><N who="2" m="23687" /><F110/><W70/><G70/><T24/><D132/><N who="2" m="50762" /><F125/><W130/><G42/><AGARI ba="0,0" hai="42,46,50,64,67,68,69,71" m="50762,23687" machi="42" ten="40,5200,0" yaku="20,1,34,2" doraHai="52" who="2" fromWho="3" sc="250,0,250,0,250,52,250,-52" /><INIT seed="1,0,0,2,5,42" ten="250,250,302,198" oya="1" hai0="90,63,112,36,99,104,39,11,47,132,85,14,108" hai1="54,48,130,87,29,33,73,116,44,81,27,50,105" hai2="124,13,79,86,111,35,98,101,120,125,53,21,109" hai3="97,4,57,68,78,106,5,0,58,71,19,107,133"/><U40/><E116/><V3/><F35/><W69/><G78/><T74/><D112/><U26/><E130/><V83/><F3/><W10/><G133/><T20/><D74/><U127/><E105/><V55/><F13/><W119/><G119/><T110/><D132/><U91/><E127/><N who="2" m="48715" /><F21/><W62/><G19/><T16/><D63/><U88/><E73/><V30/><F30/><W115/><G115/><T51/><D99/><U46/><E26/><V7/><F7/><W34/><G34/><T70/><D70/><U66/><E66/><V126/><F126/><W22/><G22/><T23/><D104/><U129/><E129/><V96/><F120/><W25/><G5/><T2/><D23/><U61/><E61/><V114/><F114/><W64/><G25/><T84/><D84/><U37/><E37/><V75/><F98/><W67/><G97/><T113/><D113/><U45/><E45/><V80/><F55/><W49/><REACH who="3" step="1"/><G67/><REACH who="3" ten="250,250,302,188" step="2"/><T118/><D118/><U92/><E92/><N who="2" m="58503" /><F53/><AGARI ba="0,1" hai="0,4,10,49,53,57,58,62,64,68,69,71,106,107" machi="53" ten="40,1300,0" yaku="1,1,53,0" doraHai="42" doraHaiUra="15" who="3" fromWho="2" sc="250,0,250,0,302,-13,188,23" /><INIT seed="2,0,0,4,1,84" ten="250,250,289,211" oya="2" hai0="133,98,116,50,47,103,22,57,87,30,121,96,91" hai1="3,14,90,59,127,78,54,120,65,115,34,2,110" hai2="74,79,71,37,109,119,66,19,44,69,114,106,9" hai3="48,67,105,64,122,131,27,107,117,128,13,25,36"/><V134/><F106/><W73/><G36/><T92/><D121/><U52/><E34/><V6/><F19/><W49/><G73/><T97/><D133/><U135/><E120/><V68/><F119/><W5/><G122/><T58/><D116/><U93/><E135/><V102/><F102/><W111/><G117/><T15/><D103/><U53/><E110/><V124/><F134/><W24/><G13/><T10/><D22/><U0/><E127/><V62/><F114/><W132/><G132/><T100/><D30/><U32/><E115/><V18/><F18/><W21/><G21/><T76/><D76/><U38/><E38/><V82/><F124/><W7/><REACH who="3" step="1"/><G25/><REACH who="3" ten="250,250,289,201" step="2"/><T29/><D15/><U70/><E14/><V63/><F109/><AGARI ba="0,1" hai="5,7,24,27,48,49,64,67,105,107,109,111,128,131" machi="109" ten="25,6400,0" yaku="1,1,2,1,22,2,53,0" doraHai="84" doraHaiUra="118" who="3" fromWho="2" sc="250,0,250,0,289,-64,201,74" /><INIT seed="3,0,0,4,1,112" ten="250,250,225,275" oya="3" hai0="39,72,6,75,106,57,102,100,46,59,40,25,52" hai1="99,86,88,66,20,78,42,84,81,76,50,60,15" hai2="105,7,4,69,71,111,43,55,129,123,65,117,64" hai3="120,114,101,87,115,36,0,49,116,28,83,12,29"/><W11/><G36/><T37/><D6/><U14/><E99/><V132/><F105/><W95/><G120/><T9/><D9/><U82/><E42/><V21/><F43/><W90/><G0/><T53/><D25/><U94/><E50/><V80/><F80/><W131/><G131/><T107/><D40/><U93/><E20/><V30/><F21/><W122/><G122/><T10/><D10/><U22/><E22/><V118/><F30/><W121/><G121/><T48/><D48/><U91/><REACH who="1" step="1"/><E66/><REACH who="1" ten="250,240,225,275" step="2"/><V17/><F64/><W119/><G115/><T26/><D26/><U34/><E34/><V124/><F65/><W109/><G114/><T98/><D98/><U77/><E77/><V47/><F123/><W70/><G49/><T31/><D46/><U32/><E32/><V23/><F23/><W2/><G109/><T5/><D5/><U110/><E110/><V92/><F111/><W133/><G29/><AGARI ba="0,1" hai="29,31,37,39,52,53,57,59,72,75,100,102,106,107" machi="29" ten="25,3200,0" yaku="22,2,54,1" doraHai="112" who="0" fromWho="3" sc="250,42,240,0,225,0,275,-32" /><INIT seed="4,0,0,2,1,114" ten="292,240,225,243" oya="0" hai0="67,68,11,41,96,132,17,119,69,75,94,2,99" hai1="92,7,33,120,62,85,125,25,59,84,39,83,77" hai2="91,109,100,57,80,22,111,31,44,32,126,23,30" hai3="86,131,73,105,97,122,53,47,48,37,45,79,101"/><T78/><D132/><U6/><E120/><V8/><F100/><W60/><G131/><T129/><D129/><U102/><E39/><V135/><F57/><W27/><G122/><T112/><D112/><U24/><E125/><V81/><F44/><W115/><G115/><T16/><D41/><U76/><E33/><V50/><F50/><W71/><G73/><T0/><D78/><U14/><E102/><V134/><F8/><W106/><G105/><T104/><D75/><U95/><E14/><V110/><F32/><W18/><G37/><T72/><D72/><U26/><E95/><V51/><F51/><W93/><G47/><T12/><D104/><U46/><E46/><V9/><F9/><W124/><G124/><T108/><D108/><U28/><E28/><V20/><F91/><W58/><G71/><T43/><D43/><U35/><E35/><V3/><F3/><W130/><G130/><T5/><D94/><U40/><E40/><V66/><F66/><N who="3" m="39191" /><G106/><T29/><D69/><U10/><E10/><V55/><F55/><W42/><G53/><T4/><D68/><U127/><E127/><V133/><REACH who="2" step="1"/><F126/><REACH who="2" ten="292,240,215,243" step="2"/><W113/><G113/><T63/><D11/><U34/><E34/><V103/><F103/><W88/><G101/><T1/><D67/><U54/><REACH who="1" step="1"/><E92/><REACH who="1" ten="292,230,215,243" step="2"/><V82/><AGARI ba="0,2" hai="20,22,23,30,31,80,81,82,109,110,111,133,134,135" machi="82" ten="50,32000,5" yakuman="40" doraHai="114" doraHaiUra="65" who="2" fromWho="2" sc="292,-160,230,-80,215,340,243,-80" /><INIT seed="5,0,0,5,3,69" ten="132,150,555,163" oya="1" hai0="47,96,16,64,129,122,94,83,49,15,130,29,108" hai1="63,103,100,126,105,62,92,32,43,31,88,98,65" hai2="37,80,61,53,73,56,60,66,54,110,20,123,45" hai3="104,109,44,132,33,87,51,17,76,25,93,39,50"/><U78/><E126/><V112/><F80/><W74/><G104/><T18/><D108/><U70/><E43/><V119/><F73/><W11/><G109/><T12/><D29/><U77/><E63/><V135/><F20/><W97/><G74/><T81/><D64/><U36/><E36/><V57/><F110/><W121/><G121/><T86/><D122/><U5/><E5/><V28/><F28/><W102/><G132/><T107/><D107/><U10/><E10/><V2/><F2/><W90/><G76/><N who="0" m="46375" /><D83/><U89/><E89/><V41/><F123/><W40/><G33/><T117/><D117/><U24/><E103/><V111/><F111/><W22/><REACH who="3" step="1"/><G11/><REACH who="3" ten="132,150,555,153" step="2"/><T134/><D134/><U52/><E52/><N who="2" m="20075" /><F135/><W1/><G1/><T8/><D129/><U124/><E124/><V79/><F79/><W46/><G46/><T30/><D130/><U35/><E35/><V95/><F95/><W99/><G99/><AGARI ba="0,1" hai="24,31,32,62,65,70,77,78,88,92,98,99,100,105" machi="99" ten="30,11600,0" yaku="7,1,25,2,54,1" doraHai="69" who="1" fromWho="3" sc="132,0,150,126,555,0,153,-116" /><INIT seed="5,1,0,2,2,77" ten="132,276,555,37" oya="1" hai0="90,135,78,102,117,84,63,53,88,74,130,45,108" hai1="91,40,80,19,31,122,109,5,129,59,110,49,65" hai2="29,1,58,57,81,131,62,128,51,70,75,20,113" hai3="2,125,28,69,121,38,72,76,67,82,115,55,127"/><U0/><E122/><V36/><F1/><W85/><G121/><T99/><D108/><U23/><E129/><V56/><F36/><W27/><G2/><T26/><D117/><U14/><E31/><V43/><F70/><W93/><G38/><T8/><D135/><U68/><E68/><V71/><F71/><W9/><G115/><T100/><D130/><U105/><E105/><V39/><F39/><W89/><G9/><T22/><D8/><U7/><E65/><V124/><F124/><W96/><G55/><T42/><D74/><U107/><E107/><V87/><F75/><W47/><G47/><T3/><D3/><U33/><E33/><V48/><F113/><W46/><G46/><T106/><D100/><U103/><E103/><V66/><F48/><W17/><G17/><T112/><D112/><U15/><E0/><V95/><F51/><W6/><G6/><T64/><D53/><N who="1" m="32175" /><E40/><V13/><F43/><W11/><G11/><T18/><D64/><U4/><E14/><V37/><F37/><W52/><G52/><T120/><D120/><U134/><E134/><V94/><F128/><W41/><G41/><T44/><D42/><U34/><E34/><V24/><F13/><W104/><G67/><T60/><D45/><U86/><E110/><V119/><F131/><W25/><G69/><T30/><D44/><U101/><E109/><V12/><F12/><W35/><G27/><T116/><D30/><U50/><E101/><AGARI ba="1,0" hai="25,28,35,72,76,82,85,89,93,96,101,104,125,127" machi="101" ten="40,5200,0" yaku="24,2,52,1" doraHai="77" who="3" fromWho="1" sc="132,0,276,-55,555,0,37,55" /><INIT seed="6,0,0,1,0,73" ten="132,221,555,92" oya="2" hai0="80,99,133,2,6,52,5,114,22,88,135,101,79" hai1="50,71,89,108,111,119,97,93,61,91,33,24,1" hai2="31,37,128,20,59,42,32,118,58,94,129,51,102" hai3="67,113,9,3,38,104,43,53,40,117,62,35,77"/><V107/><F32/><W98/><G117/><T36/><D36/><U130/><E119/><V68/><F68/><W55/><G35/><T86/><D114/><U45/><E1/><V69/><F69/><W11/><G113/><T46/><D22/><U57/><E71/><V127/><F107/><W4/><G11/><T81/><D2/><U12/><E130/><V87/><F37/><W26/><G26/><T134/><D46/><U116/><E116/><V123/><F123/><W126/><G126/><T84/><D52/><U125/><E125/><V121/><F121/><W49/><G38/><T8/><D8/><U83/><E12/><V34/><F34/><W14/><G3/><T106/><AGARI ba="0,0" hai="5,6,79,80,81,84,86,88,99,101,106,133,134,135" machi="106" ten="30,7900,0" yaku="0,1,20,1,52,1,54,1" doraHai="73" who="0" fromWho="0" sc="132,79,221,-20,555,-39,92,-20" /><INIT seed="7,0,0,4,2,17" ten="211,201,516,72" oya="3" hai0="74,0,10,34,36,46,67,79,95,101,130,56,37" hai1="12,58,72,135,71,11,112,3,133,4,64,82,51" hai2="97,40,84,24,48,96,124,122,9,8,57,85,105" hai3="86,91,33,118,55,29,19,128,90,50,126,21,117"/><W106/><G106/><T116/><D34/><U47/><E71/><V20/><F40/><W100/><G100/><T132/><D116/><U129/><E112/><V104/><F48/><W65/><G128/><T123/><D123/><U92/><E129/><V107/><F57/><W109/><G109/><T2/><D132/><N who="1" m="50763" /><E92/><V115/><F104/><W60/><G126/><T53/><D67/><U73/><E82/><V35/><F35/><W49/><G29/><T27/><D27/><U14/><E64/><V61/><F115/><W93/><G33/><T87/><D130/><U68/><E58/><V94/><F122/><W6/><G6/><N who="0" m="1367" /><D0/><U28/><E28/><V13/><F124/><W15/><G91/><N who="0" m="53759" /><D101/><U98/><E98/><V43/><F97/><W83/><G83/><N who="0" m="45559" /><D56/><U44/><E68/><V5/><F96/><W23/><G23/><T110/><D110/><U127/><E127/><V114/><F107/><W31/><G31/><T41/><D53/><N who="1" m="29927" /><E47/><V30/><F30/><W32/><G32/><T81/><D81/><U78/><E78/><V125/><F125/><W119/><REACH who="3" step="1"/><G55/><REACH who="3" ten="211,201,516,62" step="2"/><T1/><D37/><U88/><E4/><V54/><F54/><W80/><G80/><T16/><D1/><U89/><E3/><V39/><F20/><W108/><G108/><T22/><D22/><U69/><E72/><V121/><F5/><W25/><G25/><T103/><D103/><U77/><E73/><V120/><F24/><W102/><G102/><T7/><D7/><U38/><E77/><V75/><F105/><W18/><G18/><AGARI ba="0,1" hai="16,18,36,41,46" m="45559,53759,1367" machi="18" ten="30,2000,0" yaku="25,1,54,1" doraHai="17" who="0" fromWho="3" sc="211,30,201,0,516,0,62,-20" owari="241,4.0,201,-20.0,516,62.0,42,-46.0" /></mjloggm>