<mjloggm ver="2.3"><GO type="169" lobby="0"/><UN n0="%64%69%67%69%74%61%6C%38" n1="%E6%B0%B4%E5%86%85%E9%AD%9A%E6%9D%A5%E9%A6%99" n2="%E3%81%99%E3%81%9A%E3%82%81%E3%82%AF%E3%83%AC%E3%82%A4%E3%82%B8%E3%83%BC" n3="%E3%82%A6%E3%83%AB%E3%83%88%E3%83%A9%E7%AB%8B%E7%9B%B4" dan="17,17,18,17" rate="2097.16,2131.79,2203.12,2180.17" sx="M,F,M,M"/><TAIKYOKU oya="0"/><INIT seed="0,0,0,1,4,84" ten="250,250,250,250" oya="0" hai0="43,32,79,83,34,49,82,68,29,24,53,25,48" hai1="54,77,17,58,103,96,52,129,3,109,57,30,93" hai2="70,135,51,11,124,102,12,91,21,117,40,55,39" hai3="7,19,6,44,108,127,76,56,86,88,101,132,9"/><T45/><D68/><U81/><E3/><V110/><F110/><W80/><G108/><T33/><D25/><U41/><E109/><V98/><F135/><W59/><G127/><T95/><D95/><U89/><E129/><V35/><F35/><W13/><G132/><T113/><D113/><U85/><E30/><V71/><F39/><W75/><G101/><T69/><D69/><U15/><E41/><V74/><F40/><W8/><G44/><T90/><D83/><U126/><E126/><V99/><F74/><W131/><G131/><T47/><REACH who="0" step="1"/><D90/><REACH who="0" ten="240,250,250,250" step="2"/><U63/><E103/><V18/><F124/><W118/><G118/><T1/><D1/><U107/><E107/><V62/><F71/><W120/><G120/><T10/><D10/><N who="1" m="6391" /><E58/><V37/><F102/><W121/><G121/><T72/><AGARI ba="0,1" hai="24,29,32,33,34,43,45,47,48,49,53,72,79,82" machi="72" ten="20,3900,0" yaku="1,1,0,1,7,1,53,0" doraHai="84" doraHaiUra="128" who="0" fromWho="0" sc="240,49,250,-13,250,-13,250,-13" /><INIT seed="0,1,0,2,0,32" ten="289,237,237,237" oya="0" hai0="1,63,103,115,56,28,93,21,17,98,35,91,4" hai1="42,76,45,33,110,43,26,89,36,121,73,78,105" hai2="122,51,50,9,10,90,68,48,14,41,80,126,31" hai3="8,67,23,128,46,20,71,30,70,94,131,44,77"/><T59/><D115/><U72/><E89/><V109/><F68/><W64/><G94/><T104/><D28/><N who="1" m="19607" /><E121/><V66/><F109/><W27/><G30/><T111/><D35/><U82/><E43/><V3/><F31/><W16/><G27/><T11/><D111/><U127/><E110/><V53/><F66/><W5/><G5/><T114/><D114/><U86/><E86/><V123/><F41/><W2/><G8/><T39/><D39/><U74/><E78/><V61/><F126/><W97/><G97/><T84/><REACH who="0" step="1"/><D63/><REACH who="0" ten="279,237,237,237" step="2"/><U118/><E127/><V88/><F61/><W0/><G77/><T102/><D102/><U135/><E118/><V112/><F112/><W87/><G87/><T81/><D81/><U101/><E135/><V79/><F80/><W96/><G96/><AGARI ba="1,1" hai="36,42,45,72,73,74,76,82,96,101,105" m="19607" machi="96" ten="30,2000,0" yaku="33,2" doraHai="32" who="1" fromWho="3" sc="279,0,237,33,237,0,237,-23" /><INIT seed="1,0,0,3,3,83" ten="279,270,237,214" oya="1" hai0="2,35,129,121,50,82,105,53,31,34,134,38,124" hai1="126,135,103,4,0,48,28,11,20,23,119,64,125" hai2="95,92,58,113,130,3,69,104,108,115,61,7,91" hai3="45,131,43,85,52,94,81,63,57,133,76,74,128"/><U24/><E119/><V59/><F104/><W30/><G133/><T68/><RYUUKYOKU type="yao9" ba="0,0" sc="279,0,270,0,237,0,214,0" hai0="2,31,34,35,38,50,53,68,82,105,121,124,129,134" /><INIT seed="1,1,0,1,5,76" ten="279,270,237,214" oya="1" hai0="84,62,48,109,10,90,66,26,36,129,135,14,41" hai1="134,16,40,104,108,107,55,32,18,68,50,37,127" hai2="46,15,82,12,58,91,87,110,42,99,1,112,83" hai3="102,44,122,19,28,43,92,31,73,13,9,54,3"/><U75/><E75/><V113/><F110/><W0/><G122/><T51/><D109/><U34/><E108/><V52/><F1/><W98/><G73/><T101/><D101/><U97/><E68/><V96/><F96/><W111/><G111/><T29/><D129/><U79/><E79/><V25/><F25/><W67/><G0/><T130/><D135/><U24/><E134/><V114/><F99/><W8/><G67/><T6/><D36/><U93/><E127/><V95/><F12/><W71/><G71/><T123/><D130/><U132/><E132/><V22/><F15/><W126/><G126/><T88/><D41/><U100/><E40/><V118/><F22/><W103/><G103/><T57/><D123/><U38/><E38/><N who="2" m="21847" /><F118/><W21/><G8/><T39/><D39/><U117/><E37/><V53/><F53/><W65/><G54/><T20/><D90/><U125/><E125/><V94/><F95/><AGARI ba="1,0" hai="6,10,14,20,26,29,48,51,57,62,66,84,88,95" machi="95" ten="30,3900,0" yaku="7,1,8,1,54,1" doraHai="76" who="0" fromWho="2" sc="279,42,270,0,237,-42,214,0" /><INIT seed="2,0,0,5,5,75" ten="321,270,195,214" oya="2" hai0="24,10,132,69,133,6,11,120,68,70,61,58,110" hai1="99,26,30,9,46,12,98,105,20,92,74,67,49" hai2="89,0,48,76,51,115,113,112,52,60,126,95,124" hai3="23,40,93,21,86,100,71,57,119,122,38,22,116"/><V47/><F0/><W32/><G71/><T102/><D120/><U19/><E74/><V117/><F117/><W87/><G32/><T85/><D102/><U134/><E134/><V31/><F31/><W82/><G122/><T5/><D110/><U135/><E135/><N who="0" m="51785" /><D24/><U43/><E105/><V130/><F130/><W101/><G40/><T3/><D85/><U39/><E67/><V131/><F131/><W109/><G38/><T4/><D3/><U80/><E80/><V33/><F33/><W111/><G57/><T127/><D127/><N who="2" m="48682" /><F60/><W103/><G93/><T54/><AGARI ba="0,0" hai="4,5,6,10,11,54,58,61,68,69,70" m="51785" machi="54" ten="40,1500,0" yaku="20,1" doraHai="75" who="0" fromWho="0" sc="321,15,270,-4,195,-7,214,-4" /><INIT seed="3,0,0,4,2,4" ten="336,266,188,210" oya="3" hai0="58,16,117,107,63,111,114,37,54,133,42,67,75" hai1="17,18,88,105,44,1,66,15,23,51,3,26,39" hai2="89,47,28,12,55,86,8,70,59,122,101,100,102" hai3="92,106,24,115,127,71,98,36,134,73,22,109,34"/><W85/><RYUUKYOKU type="yao9" ba="0,0" sc="336,0,266,0,188,0,210,0" hai3="22,24,34,36,71,73,85,92,98,106,109,115,127,134" /><INIT seed="3,1,0,3,2,122" ten="336,266,188,210" oya="3" hai0="54,100,10,105,115,35,86,32,110,38,12,51,133" hai1="121,119,74,128,102,0,77,95,97,30,56,70,21" hai2="109,118,17,47,18,14,46,7,58,85,82,80,15" hai3="63,3,71,68,116,108,129,40,99,91,33,112,39"/><W114/><G33/><T113/><D38/><U48/><E121/><V123/><F123/><W111/><G3/><T125/><D133/><U27/><E70/><N who="3" m="26666" /><G91/><T37/><D37/><U45/><E0/><V103/><F58/><W104/><G116/><T130/><D100/><U89/><E119/><V90/><F118/><W75/><G75/><T59/><D105/><U61/><E128/><V73/><F7/><W4/><G4/><T69/><D69/><U50/><E77/><V11/><F103/><N who="3" m="62591" /><G63/><T132/><D132/><U78/><E78/><V65/><F65/><W41/><G129/><T2/><D2/><U127/><E74/><V94/><F109/><N who="3" m="42059" /><G39/><T1/><D1/><U5/><E5/><V134/><F134/><W26/><G26/><T29/><D130/><U67/><E89/><V31/><F73/><W66/><G66/><T36/><D36/><U79/><E79/><V106/><F106/><W83/><G83/><N who="2" m="31785" /><F31/><W42/><AGARI ba="1,0" hai="40,41,42,112,114" m="42059,62591,26666" machi="42" ten="40,12000,1" yaku="14,1,10,1,52,3" doraHai="122" who="3" fromWho="3" sc="336,-41,266,-41,188,-41,210,123" /><INIT seed="3,2,0,5,3,38" ten="295,225,147,333" oya="3" hai0="117,106,103,42,55,114,131,65,27,98,134,32,115" hai1="19,96,53,63,51,8,73,122,85,11,91,30,17" hai2="130,26,54,61,13,77,50,35,62,0,87,49,24" hai3="86,43,46,66,78,2,135,72,121,82,69,110,4"/><W105/><G105/><T3/><D117/><U123/><E73/><V120/><F0/><W80/><G121/><T125/><D65/><U48/><E30/><V107/><F107/><W92/><G135/><T16/><D3/><U56/><E96/><V58/><F130/><W124/><G124/><T22/><D131/><U44/><E123/><V74/><F74/><W88/><G110/><T128/><D128/><U133/><E133/><V20/><F35/><W84/><G66/><T111/><D134/><U5/><E122/><V40/><F13/><W119/><G69/><T70/><D70/><U100/><E100/><V23/><F120/><W93/><G119/><T45/><D125/><U67/><E51/><V1/><F1/><W12/><G12/><T79/><D79/><U9/><REACH who="1" step="1"/><E5/><REACH who="1" ten="295,215,147,333" step="2"/><V28/><F87/><W6/><G6/><T118/><D118/><U14/><E14/><V116/><F116/><W68/><G84/><T59/><D111/><U102/><E102/><V94/><F77/><W132/><G132/><T108/><D108/><U129/><E129/><V57/><F94/><AGARI ba="2,1" hai="8,9,11,17,19,44,48,53,56,63,67,85,91,94" machi="94" ten="40,2600,0" yaku="1,1,8,1,53,0" doraHai="38" doraHaiUra="18" who="1" fromWho="2" sc="295,0,215,42,147,-32,333,0" /><INIT seed="4,0,0,5,2,85" ten="295,257,115,333" oya="0" hai0="77,120,1,95,32,91,110,63,17,84,68,89,123" hai1="51,112,7,113,75,62,49,111,103,83,41,93,4" hai2="15,125,130,128,116,47,38,50,72,52,10,100,99" hai3="36,12,80,28,109,102,78,18,42,21,132,31,65"/><T39/><D32/><U55/><E111/><V126/><F72/><W59/><G109/><T37/><D110/><U53/><E62/><V107/><F116/><W129/><G129/><T124/><D1/><U5/><E41/><V92/><F38/><W67/><G132/><T82/><D124/><U73/><E103/><V29/><F29/><W33/><G33/><T86/><D17/><U45/><E93/><V127/><REACH who="2" step="1"/><F107/><REACH who="2" ten="295,257,105,333" step="2"/><W104/><G31/><T44/><D37/><U24/><E75/><V35/><F35/><W26/><G104/><T8/><D77/><U27/><E73/><V57/><F57/><W81/><G59/><T101/><D39/><U96/><E112/><V9/><F9/><W20/><G28/><T6/><D8/><U98/><E113/><V106/><F106/><W22/><G36/><T25/><D44/><U79/><E79/><V76/><F76/><W58/><G58/><T94/><D68/><U74/><E74/><V30/><F30/><W19/><G78/><T97/><D63/><U122/><E45/><V131/><F131/><W13/><G21/><T88/><D6/><AGARI ba="0,1" hai="6,10,15,47,50,52,92,99,100,125,126,127,128,130" machi="6" ten="40,8000,1" yaku="1,1,18,1,54,1,53,1" doraHai="85" doraHaiUra="40" who="2" fromWho="0" sc="295,-80,257,0,105,90,333,0" /><INIT seed="5,0,0,1,4,69" ten="215,257,195,333" oya="1" hai0="120,110,66,125,127,3,64,22,67,94,112,16,39" hai1="18,2,31,97,78,41,58,36,135,20,27,54,25" hai2="63,90,131,19,121,119,117,68,100,113,46,13,99" hai3="28,84,130,60,111,7,116,23,109,37,38,0,57"/><U126/><E2/><V9/><F121/><W24/><G7/><T30/><D110/><U32/><E135/><V107/><F131/><W5/><G5/><T6/><D112/><U104/><E126/><V102/><F113/><W12/><G0/><T14/><D120/><U76/><E104/><V15/><F100/><W108/><G130/><T86/><D30/><U82/><E97/><V21/><F90/><W87/><G12/><T49/><D49/><U133/><E133/><V124/><F124/><N who="0" m="47690" /><D39/><U52/><E58/><V59/><F46/><W55/><G116/><T85/><D94/><U114/><E114/><V77/><F77/><W83/><REACH who="3" step="1"/><G87/><REACH who="3" ten="215,257,195,323" step="2"/><T115/><D115/><U29/><E27/><V70/><F117/><W43/><G43/><T48/><D48/><U4/><E41/><V101/><F119/><W1/><G1/><T47/><D47/><U61/><E25/><V45/><F45/><W105/><G105/><T35/><D35/><U118/><E32/><V10/><F15/><W74/><G74/><T81/><D81/><U56/><E82/><V72/><F72/><W88/><AGARI ba="0,1" hai="23,24,28,37,38,55,57,60,83,84,88,108,109,111" machi="88" ten="30,8000,1" yaku="1,1,0,1,52,2,54,1,53,0" doraHai="69" doraHaiUra="62" who="3" fromWho="3" sc="215,-20,257,-40,195,-20,323,90" /><INIT seed="6,0,0,3,4,125" ten="195,217,175,413" oya="2" hai0="110,10,120,81,101,7,135,124,27,46,97,77,78" hai1="79,108,24,133,94,112,114,130,58,31,70,100,42" hai2="55,57,92,107,73,38,122,36,15,9,116,71,23" hai3="86,54,98,117,95,90,93,104,3,66,65,50,118"/><V111/><F107/><W88/><G3/><T16/><D110/><U8/><E108/><V22/><F111/><W126/><G126/><T74/><D124/><U128/><E70/><V28/><F71/><W25/><G104/><T132/><D78/><U35/><E133/><V105/><F105/><W64/><G25/><T47/><D120/><U51/><E79/><V49/><F116/><W5/><G5/><T53/><D97/><N who="1" m="59447" /><E8/><V43/><F73/><W48/><G118/><T80/><D101/><U75/><E75/><V61/><F122/><W13/><G117/><T45/><D81/><U113/><E58/><V123/><F123/><W91/><G13/><T102/><D102/><U62/><E62/><V39/><F28/><W18/><G18/><T44/><D53/><U60/><E60/><V129/><F92/><N who="3" m="56607" /><G54/><T29/><N who="0" m="11776" /><DORA hai="37" /><T83/><D83/><U32/><E51/><V19/><F43/><W1/><G1/><T4/><D16/><U17/><E17/><V121/><F49/><W119/><G119/><T99/><D99/><AGARI ba="0,0" hai="48,50,64,65,66,86,88,90,93,95,99" m="56607" machi="99" ten="30,2000,0" yaku="8,1,54,1" doraHai="125,37" who="3" fromWho="0" sc="195,-20,217,0,175,0,413,20" /><INIT seed="7,0,0,4,4,112" ten="175,217,175,433" oya="3" hai0="54,47,92,17,42,33,90,82,6,132,95,16,73" hai1="119,116,88,127,75,2,107,46,36,35,81,65,23" hai2="62,14,4,106,130,56,44,60,85,109,40,133,100" hai3="11,26,24,58,59,68,72,122,67,18,32,13,37"/><W55/><G37/><T45/><D33/><U99/><E35/><V69/><F109/><W70/><G72/><T102/><D6/><U124/><E2/><V0/><F0/><W125/><G125/><T108/><D108/><U113/><E65/><V131/><F69/><W104/><G104/><T121/><D121/><U78/><E113/><V51/><F133/><W3/><G3/><T25/><D73/><U126/><E23/><V38/><F100/><W7/><G26/><T94/><D102/><U123/><E123/><V97/><F97/><W83/><G83/><T89/><D132/><U98/><E98/><V50/><F106/><W52/><G67/><T5/><D5/><U80/><E80/><V79/><F85/><W111/><G111/><T135/><D135/><U39/><E88/><N who="0" m="33897" /><D82/><U76/><E76/><V74/><F62/><W84/><G84/><T31/><D42/><U53/><E36/><V129/><F79/><W10/><G10/><T21/><D47/><U87/><E75/><V120/><F120/><W115/><G115/><T64/><D64/><U19/><E126/><V28/><F28/><W91/><G91/><T96/><D96/><U48/><E99/><V22/><F74/><W43/><G43/><T103/><D103/><U86/><E127/><V77/><F77/><W66/><G66/><T8/><D8/><U34/><E78/><V29/><F4/><W71/><G122/><T49/><AGARI ba="0,0" hai="16,17,21,25,31,45,49,54,92,94,95" m="33897" machi="49" ten="30,4000,0" yaku="8,1,54,2" doraHai="112" who="0" fromWho="0" sc="175,40,217,-10,175,-10,433,-20" owari="215,2.0,207,-19.0,165,-33.0,413,50.0" /></mjloggm>