<mjloggm ver="2.3"><GO type="41" lobby="0"/><UN n0="%77%79%6B%72%62" n1="%E8%8B%B1%E5%BD%A6%E5%B1%B1" n2="%E5%B0%B1%E6%B4%BB%E7%94%9F%40%E5%B7%9D%E6%9D%91%E8%BB%8D%E5%9B%A3" n3="%E5%8E%9F%E6%9D%91%E5%92%8C%EF%BC%88%E6%B8%85%E6%BE%84%29" dan="13,14,15,15" rate="1863.64,1908.60,1978.17,1953.37" sx="M,M,M,M"/><TAIKYOKU oya="0"/><INIT seed="0,0,0,0,3,126" ten="250,250,250,250" oya="0" hai0="18,32,52,99,69,50,56,46,15,93,127,124,39" hai1="84,1,40,45,38,89,91,4,12,7,114,62,135" hai2="106,78,41,34,9,132,116,108,77,68,107,19,25" hai3="67,37,92,97,104,31,42,51,79,53,71,122,113"/><T120/><D120/><U101/><E135/><V81/><F116/><W43/><G113/><T0/><D0/><U125/><E125/><N who="0" m="48201" /><D32/><U16/><E114/><V27/><F132/><W49/><G104/><T60/><D15/><U11/><E101/><V72/><F68/><W109/><G37/><T6/><D6/><U74/><E74/><V94/><F77/><W63/><G122/><T119/><D119/><U86/><E62/><V23/><F108/><W112/><G112/><T47/><D18/><U103/><E103/><V100/><F41/><W118/><G109/><T111/><D111/><U134/><E134/><V29/><F9/><W8/><G118/><T98/><D93/><U85/><E4/><V54/><F54/><W57/><G31/><T128/><D128/><U22/><AGARI ba="0,0" hai="1,7,11,12,16,22,38,40,45,84,85,86,89,91" machi="22" ten="30,2000,0" yaku="0,1,54,1" doraHai="126" who="1" fromWho="1" sc="250,-10,250,20,250,-5,250,-5" /><INIT seed="1,0,0,1,0,68" ten="240,270,245,245" oya="1" hai0="100,107,128,78,81,17,54,69,33,9,79,132,18" hai1="130,99,117,121,58,35,25,21,49,98,5,13,71" hai2="63,113,72,60,86,31,133,66,110,39,38,80,91" hai3="26,43,116,87,0,15,61,74,27,122,7,30,114"/><U29/><E117/><V32/><F113/><W55/><G74/><T88/><D132/><U109/><E121/><V106/><F110/><W24/><G122/><T34/><D128/><U45/><E71/><V131/><F133/><W65/><G116/><T37/><D37/><U92/><E130/><V76/><F131/><W70/><G114/><T59/><D69/><U42/><E109/><V77/><F106/><W125/><G125/><T46/><D46/><U118/><E118/><V47/><F47/><W12/><G43/><T96/><D34/><U41/><E58/><V52/><F77/><W73/><G73/><T64/><D64/><U103/><E35/><V124/><F124/><W95/><G0/><T120/><D33/><U28/><E28/><V40/><F40/><W20/><G55/><T11/><D120/><U126/><E126/><V62/><F52/><W51/><G51/><N who="0" m="31199" /><D107/><U129/><E129/><V8/><F8/><N who="0" m="3146" /><D100/><U67/><E67/><V115/><F66/><W16/><G7/><T101/><D101/><U4/><E41/><V104/><F104/><W123/><G123/><T102/><D102/><U44/><E13/><V57/><F57/><W105/><G105/><T53/><D53/><U50/><E99/><V56/><F56/><W89/><G12/><T23/><D96/><U94/><E92/><N who="2" m="54391" /><F115/><W48/><REACH who="3" step="1"/><G48/><REACH who="3" ten="240,270,245,235" step="2"/><N who="1" m="18538" /><E42/><V90/><F39/><W14/><G14/><N who="0" m="9655" /><D18/><U119/><E119/><V93/><F38/><W6/><G6/><AGARI ba="0,1" hai="4,5,6,21,25,29,44,45,94,98,103" m="18538" machi="6" ten="30,1500,0" yaku="8,1" doraHai="68" who="1" fromWho="3" sc="240,0,270,25,245,0,235,-15" /><INIT seed="1,1,0,0,5,118" ten="240,295,245,220" oya="1" hai0="32,26,7,23,16,73,51,62,63,44,11,120,101" hai1="5,47,116,60,13,21,55,89,134,102,113,69,24" hai2="74,76,82,64,71,6,100,15,98,104,37,65,126" hai3="78,34,77,119,92,28,110,81,39,127,30,124,27"/><U111/><E113/><V36/><F126/><W93/><G39/><T40/><D73/><U96/><E116/><V87/><F65/><W130/><G119/><T12/><D101/><U4/><E134/><V35/><F87/><W112/><G112/><T68/><D68/><U114/><E111/><V106/><F106/><W25/><G110/><T108/><D108/><U131/><E131/><V103/><F103/><W91/><G130/><T17/><D32/><U41/><E89/><V72/><F72/><W3/><G3/><T20/><REACH who="0" step="1"/><D120/><REACH who="0" ten="230,295,245,220" step="2"/><U61/><E114/><V85/><F35/><W97/><G124/><T129/><D129/><U132/><E132/><V33/><F33/><W75/><G127/><T19/><D19/><U50/><E69/><V53/><F74/><W18/><G34/><T42/><D42/><U2/><E41/><V43/><F43/><W99/><G18/><T133/><D133/><U115/><E115/><V94/><F100/><W121/><G121/><T80/><D80/><U14/><E2/><AGARI ba="1,1" hai="2,7,11,12,16,17,20,23,26,40,44,51,62,63" machi="2" ten="30,7700,0" yaku="1,1,7,1,54,1,53,1" doraHai="118" doraHaiUra="22" who="0" fromWho="1" sc="230,90,295,-80,245,0,220,0" /><INIT seed="2,0,0,5,3,46" ten="320,215,245,220" oya="2" hai0="66,94,35,69,29,80,53,131,7,75,9,50,54" hai1="104,42,52,64,86,59,63,8,128,108,30,70,114" hai2="112,23,87,26,11,89,124,3,34,97,24,37,10" hai3="110,17,48,71,105,92,55,121,1,49,18,27,119"/><V107/><F37/><W135/><G105/><T98/><D131/><U120/><E108/><V41/><F112/><W25/><G71/><T93/><D35/><U33/><E128/><V40/><F124/><W134/><G1/><T109/><D109/><U79/><E114/><V16/><F34/><W82/><G110/><T56/><D29/><U116/><E116/><V57/><F26/><N who="3" m="9739" /><G119/><T85/><D69/><U81/><E104/><V32/><F32/><W67/><G121/><T111/><D75/><U125/><E125/><V103/><F57/><W90/><G67/><T51/><D111/><U47/><E8/><V60/><F60/><W12/><G55/><T117/><D98/><U130/><E130/><V36/><F36/><W28/><G28/><T78/><D66/><U22/><E33/><V2/><F2/><W20/><G82/><T5/><D117/><U123/><E22/><V72/><F72/><W39/><G39/><T0/><D7/><U115/><E30/><V77/><F77/><W95/><G18/><T58/><AGARI ba="0,0" hai="0,5,9,50,51,53,54,56,58,78,80,85,93,94" machi="58" ten="20,8000,1" yaku="0,1,7,1,9,1,52,2" doraHai="46" who="0" fromWho="0" sc="320,80,215,-20,245,-40,220,-20" /><INIT seed="3,0,0,5,0,80" ten="400,195,205,200" oya="3" hai0="134,76,35,48,26,59,32,18,10,43,51,85,81" hai1="19,49,37,42,8,22,41,50,24,70,54,91,3" hai2="122,30,131,39,15,36,66,98,0,83,106,104,101" hai3="117,77,20,114,115,61,5,116,99,121,14,6,86"/><W102/><G121/><T75/><D134/><U28/><E70/><V64/><F0/><W79/><G61/><T100/><D100/><U31/><E37/><V47/><F122/><W135/><G135/><T52/><D35/><U128/><E128/><V108/><F106/><W103/><G20/><N who="0" m="13591" /><D75/><U38/><E38/><V56/><F131/><W4/><G14/><T129/><D32/><U46/><E91/><V84/><F108/><W62/><G62/><T44/><D129/><U60/><E60/><V94/><F104/><W25/><G25/><T89/><D10/><U120/><E120/><V95/><F95/><W29/><G29/><T23/><D23/><U21/><E21/><V40/><F36/><W11/><G11/><T93/><D76/><U58/><REACH who="1" step="1"/><E42/><REACH who="1" ten="400,185,205,200" step="2"/><V71/><F71/><W109/><G109/><T55/><D43/><U87/><E87/><V130/><F130/><W92/><G86/><T53/><D55/><U68/><E68/><V97/><F97/><W13/><G115/><T57/><D81/><U118/><E118/><V105/><F105/><W1/><G114/><T69/><D69/><U113/><E113/><V2/><F84/><W133/><G117/><T124/><D124/><U125/><E125/><V7/><F83/><W74/><G116/><T65/><D65/><U12/><E12/><V112/><F39/><W88/><G13/><T67/><D67/><U16/><E16/><V90/><F40/><W72/><G133/><T33/><D33/><U119/><E119/><V110/><F112/><W9/><G72/><T78/><D78/><N who="3" m="29705" /><G74/><T123/><D123/><RYUUKYOKU ba="0,1" sc="400,10,185,10,205,-30,200,10" hai0="44,48,51,52,53,57,59,85,89,93" hai1="3,8,19,22,24,28,31,41,46,49,50,54,58" hai3="1,4,5,6,9,88,92,99,102,103" /><INIT seed="3,1,1,2,3,131" ten="410,195,175,210" oya="3" hai0="99,59,46,128,111,58,37,101,60,120,31,1,95" hai1="22,42,20,43,9,106,18,39,77,61,15,117,108" hai2="96,116,51,90,74,100,83,52,121,64,66,62,76" hai3="75,21,11,10,33,132,2,16,27,89,107,29,124"/><W40/><G107/><T41/><D120/><U129/><E108/><V78/><F121/><W123/><G75/><T103/><D111/><U97/><E129/><V28/><F116/><W4/><G123/><T87/><D128/><U17/><E117/><V114/><F114/><W105/><G105/><T94/><D1/><U56/><E77/><V102/><F78/><W6/><G40/><T70/><D31/><U44/><E42/><V32/><F32/><W13/><G89/><T3/><D3/><U112/><E112/><V19/><F28/><W81/><G81/><T93/><D87/><U38/><E38/><V54/><F54/><W133/><G124/><T55/><D59/><U0/><E0/><AGARI ba="1,1" hai="0,2,4,6,10,11,13,16,21,27,29,33,132,133" machi="0" ten="40,24000,3" yaku="9,1,24,2,34,3,52,2,54,1" doraHai="131" who="3" fromWho="1" sc="410,0,195,-243,175,0,210,253" owari="410,21.0,-48,-55.0,175,-22.0,463,56.0" /></mjloggm>