<mjloggm ver="2.3"><GO type="97" lobby="0"/><UN n0="%50%6F%6F%6C%79" n1="%E5%B1%8B%E6%95%B7%E7%8A%AC" n2="%E5%B0%B1%E6%B4%BB%E7%94%9F%40%E5%B7%9D%E6%9D%91%E8%BB%8D%E5%9B%A3" n3="%E3%83%A0%E3%83%BC%E3%83%A9%E3%83%B3" dan="13,14,13,13" rate="1817.89,1888.65,1869.28,1809.71" sx="M,M,M,M"/><TAIKYOKU oya="0"/><INIT seed="0,0,0,5,0,110" ten="250,250,250,250" oya="0" hai0="63,34,80,107,59,16,44,46,133,90,25,35,5" hai1="102,21,128,23,92,56,52,49,116,77,13,12,100" hai2="74,103,132,66,75,119,37,101,67,70,109,39,48" hai3="41,130,40,85,27,112,131,76,24,98,95,15,82"/><T124/><D107/><U65/><E116/><V115/><F119/><W58/><G15/><N who="1" m="5706" /><E128/><N who="3" m="49194" /><G58/><T47/><D124/><U106/><E106/><V129/><F48/><W111/><G111/><T123/><D5/><U125/><E125/><V83/><F83/><W22/><G112/><T89/><D123/><U50/><E77/><V3/><F3/><W18/><G27/><T134/><D80/><U7/><E7/><V42/><F42/><W6/><G6/><T97/><D97/><N who="1" m="59431" /><E102/><AGARI ba="0,0" hai="18,22,24,40,41,76,82,85,95,98,102" m="49194" machi="102" ten="30,1000,0" yaku="19,1" doraHai="110" who="3" fromWho="1" sc="250,0,250,-10,250,0,250,10" /><INIT seed="1,0,0,1,2,32" ten="250,240,250,260" oya="1" hai0="129,61,97,8,115,82,130,99,80,128,108,86,22" hai1="18,20,51,102,110,47,133,31,109,10,95,2,123" hai2="85,41,124,52,78,126,44,7,84,101,56,27,34" hai3="113,94,134,15,35,62,89,116,106,103,25,88,131"/><U6/><E123/><V30/><F7/><W23/><G113/><T104/><D61/><U69/><E69/><V0/><F101/><W43/><G106/><T14/><D22/><U17/><E133/><V64/><F64/><W72/><G72/><T28/><D28/><U107/><E107/><V5/><F78/><W65/><G134/><T50/><D50/><U93/><E102/><V83/><F83/><W91/><G43/><T119/><D119/><U12/><E31/><V40/><F40/><W53/><G53/><T68/><D68/><U57/><E18/><V121/><F121/><W38/><G38/><T71/><D71/><U73/><E73/><V59/><F59/><W81/><G81/><T46/><D46/><U92/><REACH who="1" step="1"/><E57/><REACH who="1" ten="250,230,250,260" step="2"/><V29/><F29/><W58/><G116/><T48/><D104/><U42/><AGARI ba="0,1" hai="2,6,10,12,17,20,42,47,51,92,93,95,109,110" machi="42" ten="30,11700,0" yaku="1,1,2,1,0,1,52,1,53,0" doraHai="32" doraHaiUra="70" who="1" fromWho="1" sc="250,-39,230,127,250,-39,260,-39" /><INIT seed="1,1,0,0,5,77" ten="211,357,211,221" oya="1" hai0="63,55,42,80,84,111,10,9,98,8,129,2,57" hai1="72,29,62,1,96,132,79,118,34,40,58,32,70" hai2="7,128,107,13,18,87,75,47,48,39,121,17,5" hai3="30,93,25,86,92,37,122,44,100,99,116,64,89"/><U105/><E118/><V27/><F39/><W3/><G122/><T134/><D111/><U69/><E1/><V102/><F75/><W91/><G116/><T123/><D129/><U135/><E40/><V66/><F121/><W108/><G108/><T112/><D134/><U61/><E105/><V85/><F128/><W11/><G64/><T46/><D123/><U133/><E96/><V31/><F107/><W33/><G37/><T50/><D112/><U12/><E12/><V23/><F102/><W71/><G71/><T15/><D2/><U127/><E62/><V68/><F68/><W4/><G44/><T56/><D98/><U101/><E101/><V104/><F66/><W115/><REACH who="3" step="1"/><G91/><REACH who="3" ten="211,357,211,211" step="2"/><N who="0" m="51591" /><D57/><U65/><E58/><V22/><F104/><W114/><AGARI ba="1,1" hai="3,4,11,25,30,33,86,89,92,93,99,100,114,115" machi="114" ten="30,2000,0" yaku="1,1,0,1,53,0" doraHai="77" doraHaiUra="119" who="3" fromWho="3" sc="211,-6,357,-11,211,-6,211,33" /><INIT seed="2,0,0,4,0,116" ten="205,346,205,244" oya="2" hai0="44,83,90,107,3,42,24,72,79,28,127,10,71" hai1="101,125,46,64,29,81,128,126,26,12,63,40,51" hai2="2,57,20,60,58,130,73,120,48,16,111,43,17" hai3="115,50,33,8,67,1,91,82,18,85,65,93,87"/><V22/><F73/><W69/><G33/><N who="0" m="20615" /><D127/><U66/><E128/><V80/><F2/><W133/><G69/><T114/><D90/><U119/><E119/><V123/><F130/><W31/><G31/><T47/><D47/><U92/><E12/><V13/><F111/><W94/><G115/><T53/><D53/><U121/><E81/><V25/><F80/><W89/><G82/><T45/><D45/><U15/><E15/><V5/><F5/><W19/><G133/><T76/><D76/><U41/><E66/><V122/><REACH who="2" step="1"/><F60/><REACH who="2" ten="205,346,195,244" step="2"/><W34/><G1/><T68/><D114/><U97/><E125/><V14/><F14/><W36/><G50/><T61/><D61/><U11/><E126/><V134/><F134/><W109/><G109/><T88/><D107/><U32/><E63/><V62/><F62/><W102/><G36/><N who="0" m="21575" /><D88/><U0/><E51/><V21/><F21/><W103/><REACH who="3" step="1"/><G8/><REACH who="3" ten="205,346,195,234" step="2"/><T104/><D104/><U108/><E11/><V7/><F7/><AGARI ba="0,2" hai="3,7,10,68,71,72,79,83" m="21575,20615" machi="7" ten="30,3900,0" yaku="25,1,33,2" doraHai="116" who="0" fromWho="2" sc="205,59,346,0,195,-39,234,0" /><INIT seed="3,0,0,1,2,98" ten="264,346,156,234" oya="3" hai0="131,104,118,87,83,4,63,127,8,81,48,85,3" hai1="126,67,109,2,121,73,79,66,76,84,6,91,24" hai2="36,51,46,58,26,37,92,70,7,45,135,62,5" hai3="11,23,103,65,34,17,9,30,125,86,42,88,56"/><W72/><G72/><T113/><D118/><U22/><E73/><V40/><F26/><W134/><G42/><T18/><D127/><U90/><E126/><V123/><F92/><W68/><G125/><T21/><D131/><U20/><E2/><V77/><F77/><W93/><G68/><T50/><D104/><U80/><E6/><V117/><F7/><W13/><G34/><T14/><D113/><U97/><E121/><V111/><F5/><W130/><G130/><T94/><D63/><U31/><E22/><V89/><F89/><W0/><G0/><T120/><D120/><U102/><E91/><V25/><F25/><N who="3" m="16703" /><G134/><T99/><D81/><U129/><E129/><V35/><F35/><W71/><G71/><T44/><D44/><U105/><E109/><V28/><F28/><W49/><G49/><T96/><D96/><U10/><E79/><V110/><F117/><W27/><G27/><T116/><D116/><U107/><E76/><V16/><F16/><W43/><G43/><T132/><D132/><U41/><E107/><V60/><F123/><W69/><G69/><T19/><D19/><U53/><E31/><V1/><F1/><W61/><G9/><T75/><D75/><U82/><E10/><V115/><F115/><W124/><G124/><T101/><REACH who="0" step="1"/><D85/><REACH who="0" ten="254,346,156,234" step="2"/><U95/><E84/><V106/><F106/><W128/><G128/><T52/><D52/><U29/><E53/><N who="2" m="33871" /><F135/><W38/><G38/><N who="2" m="14953" /><F46/><W78/><G78/><AGARI ba="0,1" hai="3,4,8,14,18,21,48,50,78,83,87,94,99,101" machi="78" ten="30,3900,0" yaku="1,1,7,1,52,1,53,0" doraHai="98" doraHaiUra="122" who="0" fromWho="3" sc="254,49,346,0,156,0,234,-39" owari="303,10.0,346,44.0,156,-34.0,195,-20.0" /></mjloggm>