<mjloggm ver="2.3"><GO type="41" lobby="0"/><UN n0="%E3%82%A6%E3%83%AB%E3%83%88%E3%83%A9%E7%AB%8B%E7%9B%B4" n1="%79%61%6D%61%74%61%74%75" n2="%E3%83%AD%E3%83%BC%E3%82%B9%E3%83%88%E3%83%81%E3%82%AD%E3%83%B3" n3="%6B%6F%7A%61%6B%69%6E%67" dan="15,15,13,14" rate="2020.70,1964.02,1853.55,1852.23" sx="M,M,M,M"/><TAIKYOKU oya="0"/><INIT seed="0,0,0,5,1,24" ten="250,250,250,250" oya="0" hai0="117,94,95,81,130,93,27,38,22,134,18,91,135" hai1="20,79,96,40,129,6,26,68,23,10,74,70,122" hai2="85,66,83,28,110,108,133,59,120,104,8,1,11" hai3="102,33,7,99,72,106,16,100,50,103,57,97,3"/><T2/><D2/><U58/><E122/><V87/><F120/><W105/><G72/><T119/><D38/><U14/><E129/><V54/><F104/><W62/><G33/><T45/><D45/><U53/><E96/><V92/><F66/><W109/><G109/><T19/><D130/><U107/><E107/><V115/><F115/><W42/><G3/><T4/><D4/><U17/><E40/><V113/><F113/><W52/><G7/><T118/><D81/><U112/><E112/><V90/><F133/><W30/><G103/><T55/><D55/><U49/><E74/><V34/><F1/><W111/><G111/><T47/><D47/><U63/><E79/><V101/><F101/><W46/><REACH who="3" step="1"/><G30/><REACH who="3" ten="250,250,250,240" step="2"/><T75/><D75/><U131/><E131/><V121/><F121/><W15/><G15/><T0/><D0/><U36/><E36/><V88/><F110/><W78/><G78/><T114/><D114/><U84/><E84/><V64/><F108/><W67/><G67/><T41/><D41/><U73/><E73/><V127/><F64/><W61/><G61/><T116/><N who="0" m="30208" /><DORA hai="126" /><T9/><D91/><U123/><E123/><V80/><F127/><W5/><G5/><T125/><D125/><U82/><E63/><V35/><F35/><W65/><G65/><T60/><D60/><U89/><E89/><V69/><F34/><W39/><G39/><T31/><D19/><AGARI ba="0,1" hai="16,19,42,46,50,52,57,62,97,99,100,102,105,106" machi="19" ten="40,8000,1" yaku="1,1,9,1,54,2,53,0" doraHai="24,126" doraHaiUra="128,71" who="3" fromWho="0" sc="250,-80,250,0,250,0,240,90" /><INIT seed="1,0,0,2,2,48" ten="170,250,250,330" oya="1" hai0="68,51,72,103,46,64,128,22,26,49,23,78,82" hai1="76,63,3,92,52,131,61,6,29,11,33,35,53" hai2="96,98,47,110,129,14,15,85,87,69,43,102,5" hai3="84,65,122,120,93,77,108,121,109,106,105,19,31"/><U89/><E131/><V38/><F129/><W18/><G65/><T7/><D128/><U1/><E76/><V133/><F69/><W59/><G31/><T71/><D7/><U4/><E29/><V100/><F133/><W0/><G0/><T44/><D103/><U57/><E6/><V97/><F110/><N who="3" m="42603" /><G59/><T134/><D134/><U40/><E40/><V113/><F113/><W37/><G37/><T117/><D117/><U25/><E3/><V24/><F24/><W9/><G9/><T81/><D64/><U118/><E118/><V130/><F130/><W91/><G19/><T10/><D10/><U126/><E126/><V60/><F60/><W119/><G18/><T12/><D12/><U56/><E25/><V111/><F111/><W80/><G119/><T123/><D123/><N who="3" m="31489" /><W79/><DORA hai="94" /><G79/><T116/><D116/><U86/><AGARI ba="0,0" hai="1,4,11,33,35,52,53,56,57,61,63,86,89,92" machi="86" ten="20,18000,2" yaku="0,1,7,1,9,1,52,2,54,1" doraHai="48,94" who="1" fromWho="1" sc="170,-60,250,180,250,-60,330,-60" /><INIT seed="1,1,0,5,0,63" ten="110,430,190,270" oya="1" hai0="47,26,113,52,25,5,73,84,125,130,96,129,70" hai1="69,115,35,109,29,127,6,131,91,88,30,1,85" hai2="120,112,122,65,31,86,128,90,48,101,41,19,118" hai3="119,50,74,4,67,7,95,13,28,104,99,10,34"/><U111/><E115/><V75/><F112/><W66/><G74/><T98/><D73/><U12/><E127/><V94/><F75/><W68/><G68/><T49/><D113/><U27/><E131/><N who="0" m="50185" /><D125/><U57/><E69/><V81/><F31/><W110/><G110/><N who="1" m="41994" /><E30/><V64/><F128/><W59/><G119/><T92/><D70/><U60/><E1/><V82/><F118/><W62/><G104/><T23/><D5/><U40/><E40/><V80/><F101/><W107/><G107/><T51/><D26/><U14/><E6/><V78/><F78/><W83/><G83/><T106/><D106/><U135/><E135/><V15/><F122/><W45/><G7/><T71/><D71/><U44/><E44/><N who="2" m="25615" /><F120/><W21/><G34/><T16/><D51/><U76/><E76/><V58/><F58/><W114/><G114/><T72/><D72/><U79/><E79/><V53/><F53/><N who="3" m="34159" /><G28/><T36/><D36/><U89/><E85/><V20/><AGARI ba="1,0" hai="15,19,20,64,65,80,81,82,86,90,94" m="25615" machi="20" ten="30,4000,0" yaku="8,1,52,2" doraHai="63" who="2" fromWho="2" sc="110,-11,430,-21,190,43,270,-11" /><INIT seed="2,0,0,2,2,104" ten="99,409,233,259" oya="2" hai0="75,134,12,129,109,32,38,74,39,19,97,66,47" hai1="41,10,26,49,15,112,124,96,60,34,126,113,106" hai2="61,86,125,52,108,98,0,133,4,101,30,92,44" hai3="67,64,78,5,73,81,29,63,50,11,17,6,110"/><V33/><F133/><W84/><G110/><T40/><D32/><U135/><E60/><V7/><F108/><W25/><G50/><T123/><D123/><U24/><E41/><V36/><F125/><N who="1" m="48233" /><E49/><V71/><F0/><W103/><G103/><T121/><D121/><U59/><E59/><V93/><F33/><W37/><G37/><T89/><D109/><U115/><E135/><V42/><F30/><W2/><G6/><T55/><D134/><U9/><E106/><V20/><F20/><W130/><G130/><T35/><D35/><U31/><E96/><V100/><F86/><W3/><G3/><T114/><D114/><U69/><E69/><V77/><F77/><W14/><G84/><T51/><D66/><U1/><E1/><V8/><F71/><W80/><G63/><T117/><D117/><U128/><E128/><V127/><F127/><W116/><G116/><T91/><D129/><U111/><E111/><V65/><F65/><W85/><G29/><T46/><D39/><U102/><E102/><V54/><F61/><W16/><G25/><T68/><D68/><U94/><E94/><V28/><F28/><W13/><G64/><T18/><D97/><U122/><E122/><V27/><F27/><W48/><G67/><T132/><D132/><U21/><E15/><N who="3" m="5642" /><G48/><T53/><D12/><U57/><E57/><V107/><F101/><W87/><G87/><T90/><REACH who="0" step="1"/><D55/><REACH who="0" ten="89,409,233,259" step="2"/><U62/><E62/><V82/><F54/><W23/><G23/><T56/><D56/><U99/><E99/><V79/><F98/><W76/><G76/><T83/><D83/><RYUUKYOKU ba="0,1" sc="89,10,409,10,233,-30,259,10" hai0="18,19,38,40,46,47,51,53,74,75,89,90,91" hai1="9,10,21,24,26,31,34,112,113,115" hai3="2,5,11,16,17,73,78,80,81,85" /><INIT seed="3,1,1,5,5,47" ten="99,419,203,269" oya="3" hai0="86,73,25,119,9,13,82,107,20,55,49,112,128" hai1="0,110,63,109,56,125,71,28,132,115,75,85,11" hai2="14,40,67,95,97,72,62,80,23,38,50,90,43" hai3="27,39,46,81,121,12,92,59,76,87,2,53,35"/><W108/><G2/><T133/><D107/><U74/><E115/><V84/><F72/><W54/><G121/><T69/><D69/><U18/><E125/><V96/><F38/><W65/><G108/><N who="1" m="41578" /><E71/><V10/><F23/><W124/><G124/><T66/><D112/><U45/><E132/><V83/><F43/><W79/><G35/><T7/><D119/><U68/><E68/><V93/><F62/><N who="3" m="38111" /><G27/><T100/><D133/><U57/><E28/><V32/><F32/><W94/><G39/><T42/><D128/><U19/><E85/><V6/><F67/><W15/><G76/><T134/><D134/><U4/><E45/><N who="2" m="25895" /><F84/><W131/><G131/><T99/><D73/><N who="1" m="27659" /><E57/><V101/><AGARI ba="1,1" hai="6,10,14,80,83,90,93,95,96,97,101" m="25895" machi="101" ten="30,2000,0" yaku="8,1,52,1" doraHai="47" who="2" fromWho="2" sc="99,-6,419,-6,203,33,269,-11" /><INIT seed="4,0,0,3,5,81" ten="93,413,236,258" oya="0" hai0="122,61,73,22,131,9,0,89,15,127,2,95,108" hai1="50,94,68,32,19,111,4,120,37,47,97,77,72" hai2="39,55,133,74,21,109,36,17,121,123,35,84,48" hai3="66,62,130,44,115,113,60,63,87,51,86,3,90"/><T41/><D122/><U12/><E120/><V64/><F35/><W49/><G3/><T114/><D73/><U14/><E111/><V31/><F109/><W93/><G130/><T92/><D131/><U5/><E32/><V56/><F74/><W102/><G102/><T91/><D108/><U42/><E68/><V54/><F64/><W124/><G124/><T38/><D41/><U8/><E37/><V6/><F31/><W13/><G13/><T134/><D38/><U132/><E132/><V107/><F133/><W28/><G28/><T99/><D134/><U46/><E46/><V105/><F6/><W52/><G66/><T16/><D127/><U118/><E118/><V96/><F39/><W1/><G1/><T58/><D114/><N who="3" m="43529" /><G49/><T125/><D125/><U101/><E72/><V43/><F36/><W53/><G53/><T110/><D110/><U30/><E30/><V104/><F43/><W27/><G27/><T69/><D69/><U70/><E70/><V10/><F55/><W57/><G57/><T82/><D82/><U7/><E77/><V80/><F121/><W24/><G24/><T85/><REACH who="0" step="1"/><D9/><AGARI ba="0,0" hai="4,5,7,8,9,12,14,19,42,47,50,94,97,101" machi="9" ten="30,2000,0" yaku="7,1,8,1" doraHai="81" who="1" fromWho="0" sc="93,-20,413,20,236,0,258,0" /><INIT seed="5,0,0,5,0,109" ten="73,433,236,258" oya="1" hai0="127,133,96,79,49,16,87,51,21,112,56,101,19" hai1="122,80,31,59,126,60,125,135,67,3,107,77,15" hai2="26,76,118,110,82,57,121,40,124,20,85,64,71" hai3="18,43,120,46,98,62,86,75,2,66,10,8,65"/><U47/><E122/><V63/><F110/><W9/><G75/><T88/><D127/><N who="1" m="48651" /><E107/><V14/><F121/><W0/><G120/><T13/><D133/><U106/><E106/><V72/><F118/><W53/><G98/><T113/><D79/><U32/><E135/><V103/><F124/><W35/><G35/><T83/><D19/><U4/><E47/><V70/><F40/><W50/><G86/><T111/><D111/><U30/><E3/><V90/><F103/><W12/><G2/><T100/><D100/><U6/><E32/><V5/><F14/><W81/><G81/><T1/><D1/><U11/><E4/><V117/><F5/><W91/><G91/><T23/><D23/><U108/><E108/><V58/><F71/><W132/><G0/><T95/><D56/><U41/><E41/><V116/><F116/><W55/><G132/><T33/><D33/><U97/><E97/><V104/><F104/><W128/><G128/><T119/><D119/><U27/><E27/><V44/><F44/><W28/><G28/><T34/><D34/><U73/><AGARI ba="0,0" hai="6,11,15,30,31,59,60,67,73,77,80" m="48651" machi="73" ten="30,1500,0" yaku="18,1" doraHai="109" who="1" fromWho="1" sc="73,-5,433,15,236,-5,258,-5" /><INIT seed="5,1,0,4,2,105" ten="68,448,231,253" oya="1" hai0="124,64,14,104,30,47,58,66,49,80,85,12,132" hai1="116,128,65,9,88,37,40,20,68,118,113,26,103" hai2="81,122,25,75,22,34,56,131,17,109,62,117,76" hai3="102,107,63,42,23,74,78,24,99,114,79,91,52"/><U19/><E113/><V41/><F122/><W4/><G114/><T11/><D104/><U15/><E128/><V5/><F131/><W83/><G78/><T10/><D124/><U43/><E103/><V121/><F121/><W55/><G42/><T46/><D132/><U3/><E3/><V100/><F109/><W127/><G127/><T2/><D2/><U0/><E0/><V92/><F41/><W36/><G36/><T13/><D30/><U95/><E68/><V48/><F5/><W1/><G63/><T120/><D120/><U57/><E37/><V33/><F48/><W72/><G91/><T44/><D49/><U129/><E129/><V90/><F100/><W77/><G4/><T27/><D27/><U108/><E108/><V45/><F45/><W31/><G1/><T35/><D35/><U18/><E118/><V53/><F117/><W126/><G126/><T70/><D58/><U98/><E116/><V97/><AGARI ba="1,0" hai="17,22,25,33,34,53,56,62,75,76,81,90,92,97" machi="97" ten="20,8000,1" yaku="0,1,7,1,25,2,52,1" doraHai="105" who="2" fromWho="2" sc="68,-21,448,-41,231,83,253,-21" /><INIT seed="6,0,0,2,5,98" ten="47,407,314,232" oya="2" hai0="25,55,88,85,60,53,49,48,122,12,36,21,114" hai1="108,8,123,99,61,64,101,63,10,57,54,128,39" hai2="40,115,7,125,94,59,45,30,135,111,102,97,80" hai3="124,93,58,17,28,103,126,107,73,13,33,27,47"/><V82/><F111/><W92/><G73/><T66/><D36/><U86/><E108/><V62/><F135/><W0/><G0/><T134/><D122/><U6/><E39/><V104/><F125/><N who="3" m="48235" /><G58/><T78/><D134/><U84/><E123/><V129/><F129/><W120/><G120/><T15/><D114/><U34/><E34/><V105/><F115/><W56/><G56/><T9/><D78/><U52/><E128/><V44/><F7/><W121/><G47/><T95/><D66/><U41/><E41/><V2/><F2/><W29/><G29/><T110/><D110/><U119/><E119/><V109/><F45/><W131/><G131/><T100/><D60/><U127/><E127/><V1/><F1/><W35/><G35/><T113/><D113/><U132/><E132/><V74/><F109/><W76/><G76/><T89/><D25/><U91/><E63/><V18/><F30/><W133/><G133/><T116/><D116/><U112/><E112/><V42/><F42/><W11/><G121/><T5/><D21/><U96/><E96/><AGARI ba="0,0" hai="11,13,17,27,28,33,92,93,96,103,107" m="48235" machi="96" ten="30,2000,0" yaku="18,1,52,1" doraHai="98" who="3" fromWho="1" sc="47,0,407,-20,314,0,232,20" /><INIT seed="7,0,0,1,0,128" ten="47,387,314,252" oya="3" hai0="52,130,83,81,22,74,76,85,16,44,15,96,24" hai1="94,112,84,78,34,7,105,101,69,117,66,51,107" hai2="123,75,86,131,20,62,68,1,27,100,91,97,87" hai3="134,37,32,92,49,106,109,99,104,61,19,40,46"/><W60/><G109/><T121/><D121/><U110/><E110/><V108/><F108/><W93/><G32/><T56/><D130/><U95/><E34/><V127/><F123/><W98/><G134/><T35/><D35/><U59/><E112/><V17/><F131/><W122/><G122/><T114/><D114/><U116/><E7/><V77/><F1/><W0/><G0/><T54/><D96/><N who="3" m="36905" /><G106/><N who="1" m="40458" /><E69/><V48/><F75/><W71/><G71/><T25/><D74/><U57/><E101/><V18/><F68/><W89/><G104/><T120/><D120/><U13/><E13/><V126/><F77/><W67/><G67/><T10/><D83/><N who="1" m="47223" /><E59/><V31/><F48/><W64/><G37/><T58/><D22/><U5/><E5/><V8/><F62/><N who="3" m="24171" /><G64/><T4/><D4/><U88/><E66/><V29/><F100/><W125/><G125/><T36/><D36/><U14/><E14/><N who="2" m="7367" /><F127/><W132/><G132/><T133/><D133/><U26/><E26/><V55/><F126/><W23/><G89/><T41/><D41/><U72/><E72/><V65/><F65/><W82/><G82/><T43/><D43/><U45/><E57/><V12/><F31/><W102/><G102/><T9/><D9/><U38/><E38/><V53/><F29/><W33/><G33/><T73/><D73/><U115/><E115/><V11/><F12/><AGARI ba="0,0" hai="12,19,23,40,46,49,92,93" m="24171,36905" machi="12" ten="30,1500,0" yaku="8,1" doraHai="128" who="3" fromWho="2" sc="47,0,387,0,314,-15,252,15" /><INIT seed="7,1,0,3,2,103" ten="47,387,299,267" oya="3" hai0="49,124,34,44,93,23,108,15,26,39,122,28,115" hai1="12,63,9,58,72,64,131,100,135,83,114,75,29" hai2="52,76,45,129,120,47,27,36,86,85,97,128,80" hai3="70,73,110,48,71,88,19,24,1,42,74,33,107"/><W7/><G110/><T105/><D39/><U113/><E131/><V116/><F116/><W65/><G19/><T117/><D105/><U99/><E135/><V16/><F36/><W11/><G88/><T43/><D117/><U35/><E83/><V91/><F120/><W5/><G5/><T67/><D122/><U50/><E50/><V66/><F97/><W61/><G71/><T123/><D123/><U4/><E35/><V102/><F102/><W118/><G118/><T104/><D104/><U62/><E29/><V59/><F66/><W133/><G133/><T121/><D121/><U46/><E46/><V8/><F129/><W22/><G33/><T78/><D108/><U13/><E13/><N who="2" m="7207" /><F27/><W132/><G132/><T17/><D124/><U92/><REACH who="1" step="1"/><E63/><REACH who="1" ten="47,377,299,267" step="2"/><N who="2" m="36327" /><F128/><W77/><G77/><T20/><D115/><AGARI ba="1,1" hai="4,9,12,58,62,64,72,75,92,99,100,113,114,115" machi="115" ten="40,2600,0" yaku="1,1,15,1,53,0" doraHai="103" doraHaiUra="21" who="1" fromWho="0" sc="47,-29,377,39,299,0,267,0" owari="18,-48.0,416,51.0,299,10.0,267,-13.0" /></mjloggm>