<mjloggm ver="2.3"><GO type="97" lobby="0"/><UN n0="%E3%82%A6%E3%83%AB%E3%83%88%E3%83%A9%E7%AB%8B%E7%9B%B4" n1="%E3%81%9F%E3%81%A3%E3%81%91%E3%83%BC" n2="%74%61%6B%65%6F%32" n3="%E3%82%B6%E3%83%83%E3%82%AF%E3%81%A8%E3%81%9F%E3%82%81" dan="15,13,15,13" rate="2023.65,1893.77,2006.18,1813.27" sx="M,M,M,M"/><TAIKYOKU oya="0"/><INIT seed="0,0,0,3,0,88" ten="250,250,250,250" oya="0" hai0="30,76,6,62,37,9,103,105,90,122,15,26,106" hai1="82,75,95,46,14,112,7,34,29,118,48,100,28" hai2="133,44,114,10,17,124,108,40,78,39,110,45,27" hai3="4,117,47,61,130,2,63,135,18,96,55,101,121"/><T92/><D37/><U3/><E118/><V116/><F114/><W0/><G117/><T53/><D76/><U21/><E112/><V23/><F116/><W13/><G121/><T98/><D122/><U11/><E29/><V115/><F115/><W94/><G130/><T111/><D111/><U22/><E75/><V87/><F133/><W73/><G73/><T59/><REACH who="0" step="1"/><D103/><REACH who="0" ten="240,250,250,250" step="2"/><U91/><E100/><V74/><F110/><W81/><G135/><T41/><D41/><U43/><E43/><V80/><F108/><W56/><G0/><T126/><D126/><U42/><E42/><V16/><F124/><W70/><G2/><T113/><D113/><U65/><E3/><V12/><F40/><W109/><G109/><T31/><D31/><U49/><E28/><V85/><F39/><W38/><G38/><T123/><D123/><U54/><E34/><AGARI ba="0,1" hai="6,9,15,26,30,34,53,59,62,90,92,98,105,106" machi="34" ten="30,5800,0" yaku="1,1,7,1,52,1,53,0" doraHai="88" doraHaiUra="60" who="0" fromWho="1" sc="240,68,250,-58,250,0,250,0" /><INIT seed="0,1,0,4,4,88" ten="308,192,250,250" oya="0" hai0="116,20,86,79,26,52,132,14,44,30,23,68,71" hai1="101,74,53,5,102,62,115,127,117,29,1,108,61" hai2="83,104,87,15,43,46,107,45,57,25,80,21,100" hai3="63,64,133,41,31,2,129,90,4,105,81,0,38"/><T77/><D71/><U11/><E117/><V112/><F112/><W17/><G105/><T58/><D68/><U130/><E115/><V22/><F57/><W27/><G133/><T109/><D116/><U73/><E108/><V122/><F122/><W91/><G129/><T70/><D70/><U54/><E130/><V60/><F60/><W36/><G0/><T84/><D44/><U123/><E123/><V97/><F15/><W16/><G36/><T111/><D132/><U37/><E37/><V78/><F80/><W65/><G2/><T128/><D128/><U72/><E127/><V93/><F22/><W95/><G4/><T51/><D79/><U28/><E62/><V131/><F131/><W9/><G38/><T69/><D69/><U118/><E118/><V119/><F119/><W8/><G41/><T75/><D75/><U13/><E1/><V18/><REACH who="2" step="1"/><F45/><REACH who="2" ten="308,192,240,250" step="2"/><W66/><G63/><T6/><D23/><U82/><E61/><V49/><AGARI ba="1,1" hai="18,21,25,43,46,49,78,83,87,93,97,100,104,107" machi="49" ten="20,8000,1" yaku="1,1,2,1,0,1,7,1,52,1,53,0" doraHai="88" doraHaiUra="33" who="2" fromWho="2" sc="308,-41,192,-21,240,93,250,-21" /><INIT seed="1,0,0,4,5,78" ten="267,171,333,229" oya="1" hai0="125,19,132,52,53,23,58,6,85,111,91,28,88" hai1="69,36,61,87,30,98,114,43,4,68,96,104,14" hai2="57,82,86,70,44,110,64,9,47,89,22,18,126" hai3="33,109,81,45,60,127,31,35,46,99,130,95,24"/><U51/><E114/><V107/><F70/><W62/><G127/><T122/><D125/><U25/><E36/><V76/><F126/><W117/><G130/><T128/><D128/><U15/><E69/><V50/><F110/><W16/><G109/><T84/><D111/><U66/><E98/><V94/><F107/><W59/><G117/><T37/><D37/><U26/><E26/><V3/><F3/><W133/><G133/><T8/><D28/><U27/><E27/><V11/><F64/><W34/><G62/><T113/><D113/><U120/><E120/><V63/><F63/><W100/><G81/><N who="0" m="49167" /><D132/><U93/><E4/><V1/><F57/><W20/><REACH who="3" step="1"/><G16/><REACH who="3" ten="267,171,333,219" step="2"/><T10/><D122/><U106/><E87/><V101/><F18/><W17/><G17/><T41/><D6/><U13/><E106/><V123/><F86/><W134/><G134/><T80/><D41/><U115/><E115/><V54/><F123/><W77/><G77/><T90/><D10/><U42/><E104/><V124/><F76/><W7/><G7/><T121/><D8/><U83/><E83/><V129/><F82/><W55/><AGARI ba="0,1" hai="20,24,31,33,34,35,45,46,55,59,60,95,99,100" machi="55" ten="30,2000,0" yaku="1,1,0,1,53,0" doraHai="78" doraHaiUra="79" who="3" fromWho="3" sc="267,-5,171,-10,333,-5,219,30" /><INIT seed="2,0,0,2,5,115" ten="262,161,328,249" oya="2" hai0="65,86,105,91,1,13,131,101,33,118,29,116,124" hai1="69,21,47,30,78,96,37,82,22,97,39,117,63" hai2="70,51,94,38,75,61,53,72,26,93,49,6,43" hai3="10,129,135,85,102,112,80,120,110,19,127,122,41"/><V48/><F6/><W54/><G41/><T125/><D1/><U55/><E22/><V111/><F111/><W123/><G112/><T15/><D131/><U109/><E109/><V89/><F26/><W95/><G110/><T92/><D65/><U25/><E39/><V28/><F28/><W5/><G127/><N who="0" m="48715" /><D105/><U8/><E8/><V83/><F70/><W66/><G66/><T74/><D74/><U77/><E77/><V67/><F67/><W60/><G129/><T126/><D126/><U24/><E24/><V14/><F14/><N who="0" m="5130" /><D101/><U134/><E134/><V20/><F20/><W16/><G135/><T3/><D3/><U45/><E69/><V104/><F104/><W98/><G10/><T119/><D29/><U71/><E71/><V42/><F93/><W73/><G5/><T12/><D12/><U7/><E7/><V4/><F4/><W108/><G73/><T0/><D0/><U17/><E30/><V18/><F75/><W46/><G108/><T52/><D52/><U132/><E132/><V106/><F106/><W133/><G133/><T34/><AGARI ba="0,0" hai="33,34,86,91,92,116,118,119" m="5130,48715" machi="34" ten="40,8000,1" yaku="12,1,18,1,52,3" doraHai="115" who="0" fromWho="0" sc="262,80,161,-20,328,-40,249,-20" /><INIT seed="3,0,0,3,5,53" ten="342,141,288,229" oya="3" hai0="107,28,112,133,81,39,58,61,119,113,118,111,75" hai1="123,87,114,86,120,117,73,115,23,100,49,83,20" hai2="36,13,54,77,45,12,17,72,60,125,65,41,99" hai3="15,62,108,46,5,19,105,51,106,116,59,68,9"/><W21/><G116/><T16/><D107/><U63/><E49/><V74/><F125/><W40/><G68/><T101/><D101/><U55/><E100/><V18/><F99/><W84/><G84/><T8/><D39/><U127/><E117/><V35/><F35/><W82/><G82/><T89/><D28/><U96/><E96/><V7/><F7/><W25/><REACH who="3" step="1"/><G108/><REACH who="3" ten="342,141,288,219" step="2"/><T67/><D111/><U92/><E73/><V1/><F74/><W91/><G91/><T64/><D89/><U129/><E127/><V130/><F72/><W85/><G85/><T76/><D119/><U132/><E129/><V10/><F130/><W52/><AGARI ba="0,1" hai="5,9,15,19,21,25,40,46,51,52,59,62,105,106" machi="52" ten="20,12000,1" yaku="1,1,0,1,7,1,52,1,54,1,53,0" doraHai="53" doraHaiUra="98" who="3" fromWho="3" sc="342,-40,141,-40,288,-40,219,130" owari="302,10.0,101,-40.0,248,-15.0,349,45.0" /></mjloggm>