<mjloggm ver="2.3"><GO type="65" lobby="0"/><UN n0="%E5%B0%B1%E6%B4%BB%E7%94%9F%40%E5%B7%9D%E6%9D%91%E8%BB%8D%E5%9B%A3" n1="%E9%A6%99%E5%BE%8B" n2="%54%41%4B%45%59%41%4E%32" n3="%2D%52%55%55%2D" dan="7,2,11,8" rate="1672.84,1572.44,1630.17,1511.29" sx="M,M,M,F"/><TAIKYOKU oya="0"/><INIT seed="0,0,0,0,0,70" ten="250,250,250,250" oya="0" hai0="12,31,27,43,10,15,41,96,17,79,4,97,95" hai1="114,115,78,123,23,74,38,66,130,106,75,21,46" hai2="49,118,125,105,83,2,119,0,100,7,1,109,9" hai3="8,94,133,25,20,29,68,53,104,60,81,44,92"/><T121/><D121/><U72/><E123/><V116/><F49/><W59/><G133/><T108/><D108/><U129/><E66/><V16/><F83/><W93/><G104/><T113/><D113/><N who="1" m="43019" /><E46/><V80/><F80/><W11/><G68/><T99/><D79/><U18/><E18/><V39/><F16/><W90/><G81/><T48/><D48/><U50/><E50/><V14/><F39/><W61/><G90/><T73/><D73/><U28/><E28/><V6/><F100/><W112/><G112/><T3/><D95/><U42/><E42/><V111/><F105/><W101/><G101/><T65/><D65/><U117/><E117/><N who="2" m="29955" /><V13/><DORA hai="26" /><F125/><W55/><REACH who="3" step="1"/><G44/><REACH who="3" ten="250,250,250,240" step="2"/><T57/><D57/><AGARI ba="0,1" hai="8,11,20,25,29,53,55,57,59,60,61,92,93,94" machi="57" ten="40,12000,2" yaku="1,1,2,1,9,1,8,1,52,1,53,2" doraHai="70,26" doraHaiUra="51,76" who="3" fromWho="0" sc="250,-120,250,0,250,0,240,130" /><INIT seed="1,0,0,2,5,56" ten="130,250,250,370" oya="1" hai0="60,62,119,129,3,132,5,43,53,71,18,125,29" hai1="32,1,91,100,133,63,12,49,61,127,96,105,40" hai2="23,116,130,42,112,99,114,39,117,90,97,21,134" hai3="51,87,93,121,58,89,118,45,86,135,68,67,95"/><U85/><E133/><V115/><F39/><W111/><G121/><T41/><D119/><U13/><E32/><V66/><F42/><W126/><G135/><T107/><D107/><U123/><E123/><V81/><F134/><W106/><G106/><T55/><D129/><U59/><E127/><V16/><F66/><W101/><G126/><T122/><D122/><U6/><E1/><V113/><N who="2" m="29184" /><DORA hai="37" /><V84/><F130/><W9/><G118/><T36/><D125/><U88/><E6/><V4/><F4/><W124/><G124/><T120/><D120/><U79/><E79/><V2/><F2/><W48/><G111/><T72/><D132/><U10/><E10/><V46/><F116/><W34/><G34/><T57/><D72/><U92/><E59/><V128/><F128/><W24/><G68/><T22/><D29/><U74/><E74/><V131/><F131/><W94/><G101/><T65/><D36/><U103/><E105/><V83/><F46/><W64/><G9/><T30/><D30/><U76/><E76/><V110/><F117/><W25/><G89/><T31/><D31/><U108/><E108/><V26/><F110/><W50/><G58/><T20/><D55/><U11/><E40/><V73/><F73/><W35/><G35/><T15/><REACH who="0" step="1"/><D22/><REACH who="0" ten="120,250,250,370" step="2"/><U82/><E49/><N who="3" m="19050" /><G64/><T33/><D33/><U7/><E13/><V38/><F38/><W0/><G67/><T54/><D54/><U80/><REACH who="1" step="1"/><E103/><REACH who="1" ten="120,240,250,370" step="2"/><V104/><F104/><W27/><G0/><T98/><D98/><N who="2" m="37386" /><F23/><W44/><N who="3" m="19058" /><W28/><DORA hai="19" /><G28/><T75/><D75/><RYUUKYOKU ba="0,2" sc="120,0,240,0,250,0,370,0" hai0="3,5,15,18,20,41,43,53,57,60,62,65,71" hai1="7,11,12,61,63,80,82,85,88,91,92,96,100" hai2="16,21,26,81,83,84,90" hai3="24,25,27,44,45,86,87,93,94,95" /><INIT seed="1,1,2,4,1,134" ten="120,240,250,370" oya="1" hai0="22,135,72,61,55,132,75,126,3,64,21,78,49" hai1="2,58,108,84,81,125,122,93,110,33,54,8,35" hai2="67,117,10,20,119,98,89,106,118,68,39,91,30" hai3="128,43,60,99,42,87,123,85,95,31,77,73,104"/><U124/><E122/><V65/><F39/><W116/><G60/><T101/><D3/><U25/><E25/><V90/><F10/><W105/><G31/><T131/><D101/><U83/><E93/><V82/><F68/><W11/><G11/><T70/><D131/><U96/><E2/><V113/><F113/><W36/><G36/><T12/><D126/><N who="1" m="48747" /><E8/><V57/><F82/><N who="3" m="45359" /><G42/><T130/><D130/><U32/><E96/><V51/><F106/><N who="3" m="41067" /><G43/><T9/><D135/><U107/><E107/><V24/><F98/><W23/><G23/><T16/><D132/><U120/><E120/><V66/><REACH who="2" step="1"/><F51/><REACH who="2" ten="120,240,240,370" step="2"/><W13/><G123/><T34/><D34/><U79/><E83/><V26/><F26/><W38/><G128/><T0/><D0/><U47/><E47/><V133/><F133/><W17/><G38/><T53/><D21/><U56/><E56/><AGARI ba="1,3" hai="20,24,30,56,57,65,66,67,89,90,91,117,118,119" machi="56" ten="50,6400,0" yaku="1,1,29,2,53,0" doraHai="134" doraHaiUra="37" who="2" fromWho="1" sc="120,0,240,-67,240,97,370,0" /><INIT seed="2,0,0,4,0,38" ten="120,173,337,370" oya="2" hai0="102,87,115,70,97,88,68,120,93,132,56,22,121" hai1="60,18,98,82,31,62,100,24,46,15,50,92,10" hai2="57,131,49,71,118,130,74,34,85,26,107,64,103" hai3="94,106,110,42,40,84,0,36,112,83,77,104,133"/><V45/><F74/><W20/><G36/><T28/><D115/><U66/><E66/><V81/><F118/><W58/><G0/><T12/><D132/><U67/><E67/><V16/><F71/><W9/><G133/><T91/><D70/><U65/><E65/><V96/><F64/><W111/><G112/><T41/><D68/><U117/><E117/><V122/><F57/><W119/><G119/><T1/><D1/><U59/><E59/><V127/><F122/><W47/><G47/><T4/><D4/><U35/><E82/><V33/><F127/><W25/><G9/><T32/><D32/><U114/><E114/><V126/><F126/><W6/><G6/><T89/><D56/><U14/><E14/><V128/><F85/><W19/><G94/><T69/><D69/><U75/><E75/><V116/><F81/><W124/><G124/><T3/><D3/><U80/><E80/><V108/><F116/><W76/><G76/><T129/><D129/><U13/><E13/><V23/><REACH who="2" step="1"/><F108/><REACH who="2" ten="120,173,327,370" step="2"/><N who="3" m="41515" /><G58/><T39/><D120/><U44/><REACH who="1" step="1"/><E44/><REACH who="1" ten="120,163,327,370" step="2"/><V63/><F63/><W113/><G113/><T48/><D121/><U86/><E86/><V135/><F135/><W17/><G17/><T43/><D87/><U2/><E2/><V72/><F72/><W53/><G84/><T37/><D37/><U105/><E105/><V78/><F78/><W109/><N who="3" m="41523" /><W27/><DORA hai="73" /><G106/><T90/><D39/><U30/><E30/><V55/><AGARI ba="0,2" hai="16,23,26,33,34,45,49,55,96,103,107,128,130,131" machi="55" ten="30,11700,0" yaku="1,1,0,1,19,1,54,1,53,0" doraHai="38,73" doraHaiUra="79,123" who="2" fromWho="2" sc="120,-39,163,-39,327,137,370,-39" /><INIT seed="2,1,0,0,1,26" ten="81,124,464,331" oya="2" hai0="117,115,58,135,9,52,101,111,14,83,126,28,55" hai1="34,1,66,13,75,40,92,104,51,19,30,33,85" hai2="5,44,65,15,94,79,112,23,45,29,63,47,0" hai3="128,54,124,39,84,82,77,134,100,7,16,12,2"/><V73/><F112/><W132/><G39/><T43/><D117/><U80/><E75/><V72/><F0/><W133/><G128/><T74/><D115/><U46/><E104/><V24/><F79/><W76/><G124/><T37/><D111/><U6/><E1/><V91/><F5/><W21/><G100/><T18/><D126/><U59/><E34/><V125/><F125/><W67/><G67/><T116/><D135/><U122/><E33/><V4/><F4/><W129/><G129/><T88/><D116/><U110/><E110/><V98/><REACH who="2" step="1"/><F15/><REACH who="2" ten="81,124,454,331" step="2"/><W42/><G2/><T31/><D101/><U127/><E127/><V70/><AGARI ba="1,1" hai="23,24,29,44,45,47,63,65,70,72,73,91,94,98" machi="70" ten="30,18000,2" yaku="1,1,2,1,0,1,52,1,53,2" doraHai="26" doraHaiUra="106" who="2" fromWho="2" sc="81,-61,124,-61,454,193,331,-61" /><INIT seed="2,2,0,4,5,81" ten="20,63,647,270" oya="2" hai0="79,80,56,19,131,60,36,71,62,112,65,109,22" hai1="16,13,93,39,67,117,44,88,111,119,82,38,27" hai2="33,73,76,87,118,75,47,101,51,126,35,108,53" hai3="77,23,45,100,41,134,122,12,121,64,128,4,17"/><V3/><F3/><W110/><G110/><T115/><D109/><U107/><E107/><V96/><F108/><W15/><G134/><T24/><D36/><U9/><E82/><V98/><F118/><W21/><G128/><T113/><D131/><U7/><E67/><V2/><F2/><W52/><G100/><T8/><D8/><U132/><E132/><V5/><F5/><W95/><G121/><T91/><D91/><U43/><E39/><V120/><F120/><W130/><G122/><T102/><D102/><U6/><E111/><V61/><F126/><W114/><G114/><T14/><D14/><U127/><E127/><V30/><F96/><W55/><G130/><T26/><D26/><U42/><E42/><V105/><F33/><W58/><G77/><T97/><D97/><U78/><E78/><V28/><F28/><W40/><G64/><T10/><D10/><U29/><E29/><V31/><F31/><W89/><G4/><T69/><REACH who="0" step="1"/><D62/><REACH who="0" ten="10,63,647,270" step="2"/><U116/><REACH who="1" step="1"/><E27/><REACH who="1" ten="10,53,647,270" step="2"/><V46/><F35/><W125/><G125/><T1/><D1/><U90/><E90/><V54/><F30/><W50/><G23/><T34/><D34/><U68/><E68/><V135/><F135/><W63/><REACH who="3" step="1"/><G12/><REACH who="3" ten="10,53,647,260" step="2"/><T86/><AGARI ba="2,3" hai="19,22,24,56,60,65,69,71,79,80,86,112,113,115" machi="86" ten="30,7900,0" yaku="1,1,0,1,52,1,53,1" doraHai="81" doraHaiUra="83" who="0" fromWho="0" sc="10,115,53,-22,647,-41,260,-22" /><INIT seed="3,0,0,5,5,13" ten="125,31,606,238" oya="3" hai0="79,88,104,124,90,105,20,101,110,94,6,117,27" hai1="58,23,96,75,10,52,80,15,14,120,35,36,56" hai2="106,102,66,63,57,8,25,3,73,91,49,130,67" hai3="135,54,7,112,33,71,37,44,1,109,29,126,47"/><W87/><G112/><T62/><D117/><U123/><E120/><V122/><F73/><W125/><G71/><T9/><D124/><N who="3" m="47721" /><G135/><T129/><D110/><U119/><E123/><V16/><F122/><W39/><G109/><T78/><D129/><U64/><E119/><V77/><F77/><W98/><G54/><T12/><D101/><U81/><E36/><N who="3" m="13898" /><G98/><T40/><D40/><U32/><E75/><V26/><F67/><W107/><G107/><T103/><D103/><U42/><E35/><V95/><F130/><W65/><G65/><T61/><D104/><U93/><E32/><V92/><F106/><W115/><G115/><T4/><D4/><U127/><E127/><V89/><F102/><W45/><G87/><T68/><D105/><U17/><E42/><V22/><F49/><W28/><G33/><T113/><D113/><U76/><E76/><V118/><F118/><W5/><G1/><T99/><D68/><U51/><E64/><V55/><F66/><W74/><G74/><T128/><D128/><U48/><E58/><V24/><F3/><W72/><G72/><T11/><D11/><U132/><E132/><V19/><F8/><W30/><AGARI ba="0,0" hai="5,7,28,29,30,44,45,47" m="13898,47721" machi="30" ten="40,7800,0" yaku="28,2,18,1" doraHai="13" who="3" fromWho="3" sc="125,-26,31,-26,606,-26,238,78" /><INIT seed="3,1,0,0,2,4" ten="99,5,580,316" oya="3" hai0="97,98,53,101,67,109,47,51,73,31,121,75,117" hai1="19,133,52,87,17,39,129,49,125,119,86,65,34" hai2="11,30,93,77,80,131,8,71,61,12,79,130,10" hai3="81,112,46,41,94,104,103,102,107,108,28,72,91"/><W38/><G112/><T74/><D117/><U45/><E39/><V128/><F30/><W90/><G28/><T135/><D121/><U13/><E133/><V37/><F37/><W92/><G46/><T22/><D109/><U1/><E129/><V122/><F122/><W36/><G41/><T115/><D135/><U116/><E125/><V24/><F24/><W48/><G48/><T2/><D115/><U110/><E1/><V127/><F127/><W44/><G44/><T89/><D2/><U105/><E105/><N who="3" m="40522" /><G38/><T78/><D78/><U68/><E34/><V76/><F93/><N who="3" m="35947" /><G36/><T124/><D124/><U126/><E126/><V20/><F71/><W83/><G108/><T114/><D114/><U118/><E110/><V7/><F61/><W134/><G134/><T96/><D67/><U23/><E68/><V123/><F123/><W99/><G99/><T35/><D35/><U21/><E65/><V26/><REACH who="2" step="1"/><F80/><REACH who="2" ten="99,5,570,316" step="2"/><N who="3" m="30795" /><G72/><T95/><D74/><U25/><E25/><V50/><F50/><W29/><G29/><T43/><D75/><U57/><E45/><V62/><F62/><W32/><G32/><T3/><D73/><U14/><AGARI ba="1,1" hai="13,14,17,19,21,23,49,52,57,86,87,116,118,119" machi="14" ten="30,7900,0" yaku="0,1,9,1,12,1,54,1" doraHai="4" who="1" fromWho="1" sc="99,-21,5,92,570,-21,316,-40" owari="78,-42.0,97,-30.0,549,64.0,276,8.0" /></mjloggm>