<mjloggm ver="2.3"><GO type="169" lobby="0"/><UN n0="%4A%61%6E%2D%4D%61%63%68" n1="%E3%82%A6%E3%83%AB%E3%83%88%E3%83%A9%E7%AB%8B%E7%9B%B4" n2="%E3%81%8F%E3%82%8D%E3%81%AF%E3%81%A1" n3="%E2%97%87%E5%86%AC%E3%81%AE%E9%99%BD%E7%82%8E%E2%97%87" dan="17,17,16,16" rate="2166.62,2177.64,2067.85,2014.62" sx="M,M,M,M"/><TAIKYOKU oya="0"/><INIT seed="0,0,0,0,0,75" ten="250,250,250,250" oya="0" hai0="9,21,47,19,50,92,104,63,111,133,14,40,128" hai1="129,25,85,36,78,134,28,22,58,59,94,135,127" hai2="20,65,110,115,101,37,113,6,49,122,91,80,123" hai3="67,18,88,73,82,130,77,35,72,8,29,114,112"/><T69/><D104/><U86/><E36/><V97/><F37/><W93/><G67/><T81/><D133/><N who="1" m="50699" /><E127/><V79/><F6/><W118/><G118/><T34/><D34/><U4/><E4/><V12/><F65/><W10/><G73/><T52/><D111/><U46/><E46/><V83/><F49/><W89/><G130/><T41/><D128/><U125/><E125/><V108/><F20/><W121/><G121/><N who="2" m="46089" /><F91/><W87/><G89/><T103/><D81/><N who="2" m="31306" /><F12/><W96/><G18/><N who="0" m="8527" /><D63/><U55/><E59/><V70/><F79/><W57/><G57/><T13/><D69/><U48/><E129/><V1/><F1/><W120/><G120/><T38/><D38/><U15/><E15/><V100/><F70/><W33/><G33/><T44/><D44/><U109/><E109/><N who="2" m="42091" /><F97/><AGARI ba="0,0" hai="13,19,21,40,41,47,50,52,92,97,103" m="8527" machi="97" ten="30,2900,0" yaku="8,1,54,1" doraHai="75" who="0" fromWho="2" sc="250,29,250,0,250,-29,250,0" /><INIT seed="0,1,0,2,4,124" ten="279,250,221,250" oya="0" hai0="113,28,100,89,128,57,97,4,83,22,18,72,25" hai1="92,41,99,112,62,131,38,70,0,65,42,37,86" hai2="14,110,1,32,98,117,105,91,33,24,132,56,78" hai3="77,80,35,71,126,120,29,101,17,49,122,90,44"/><T73/><D113/><U104/><E0/><V69/><F69/><W121/><G71/><T34/><D4/><U20/><E104/><V115/><F1/><W66/><G66/><T50/><D89/><U5/><E5/><V21/><F115/><W52/><G101/><T109/><D109/><U116/><E116/><V79/><F110/><W87/><G126/><T51/><D83/><U88/><E112/><V123/><F123/><W55/><G55/><T59/><D72/><U118/><E118/><V84/><F14/><W10/><G77/><T96/><D97/><U3/><E3/><V134/><F56/><W61/><G61/><T81/><D59/><U39/><E131/><V68/><F68/><W31/><REACH who="3" step="1"/><G35/><REACH who="3" ten="279,250,221,240" step="2"/><T102/><D102/><U30/><E62/><V7/><F117/><W26/><G26/><T63/><D34/><U114/><E65/><V135/><F32/><W45/><G45/><T85/><D63/><U95/><E70/><V60/><F33/><W47/><G47/><T111/><D57/><U27/><REACH who="1" step="1"/><E114/><REACH who="1" ten="279,240,221,240" step="2"/><V2/><F60/><W46/><G46/><T40/><D111/><U15/><E15/><AGARI ba="1,2" hai="10,15,17,29,31,44,49,52,80,87,90,120,121,122" machi="15" ten="40,8000,1" yaku="1,1,25,2,13,1,54,1,53,0" doraHai="124" doraHaiUra="94" who="3" fromWho="1" sc="279,0,240,-83,221,0,240,103" /><INIT seed="1,0,0,4,5,89" ten="279,157,221,343" oya="1" hai0="21,40,87,60,112,12,93,82,74,26,84,19,22" hai1="75,43,81,128,42,55,106,117,3,16,96,72,109" hai2="47,33,92,88,61,1,45,125,20,67,36,7,97" hai3="38,114,50,85,94,99,120,24,64,0,54,98,111"/><U134/><E117/><V123/><F33/><W71/><G0/><T78/><D112/><U31/><E3/><V6/><F123/><W51/><G120/><T100/><D40/><U86/><E31/><V27/><F125/><W107/><G38/><T5/><D60/><U44/><E128/><V101/><F36/><W102/><G114/><T80/><D5/><U52/><E134/><V58/><F101/><W18/><G85/><T130/><D130/><U83/><E109/><V68/><F68/><W46/><G51/><T2/><D2/><U104/><E86/><V11/><REACH who="2" step="1"/><F7/><REACH who="2" ten="279,157,211,343" step="2"/><W118/><G118/><T122/><D122/><U10/><E44/><V30/><AGARI ba="0,1" hai="1,6,11,20,27,30,45,47,58,61,67,88,92,97" machi="30" ten="20,12000,2" yaku="1,1,2,1,0,1,7,1,52,1,54,1,53,1" doraHai="89" doraHaiUra="32" who="2" fromWho="2" sc="279,-30,157,-60,211,130,343,-30" /><INIT seed="2,0,0,4,0,41" ten="249,97,341,313" oya="2" hai0="126,34,33,81,49,94,42,39,109,113,44,16,121" hai1="71,73,135,53,23,90,125,104,27,102,124,97,84" hai2="20,19,17,14,55,119,6,64,54,112,123,52,127" hai3="114,21,95,130,78,5,100,122,120,116,111,70,85"/><V13/><F112/><W82/><G70/><T26/><D113/><U83/><E71/><V133/><F119/><W47/><G116/><T68/><D68/><U24/><E135/><V63/><F123/><W129/><G21/><T65/><D121/><U12/><E12/><V105/><F105/><W25/><G25/><T11/><D65/><U18/><E27/><V72/><F72/><W96/><G114/><T56/><D126/><U35/><E35/><V92/><F127/><W3/><G111/><T87/><D94/><U28/><E28/><V7/><F133/><W99/><G5/><T89/><D109/><U86/><E86/><V117/><F92/><W131/><G3/><T110/><D110/><U15/><E24/><V88/><F88/><N who="3" m="55399" /><G47/><T101/><D101/><U10/><E23/><N who="2" m="11695" /><F117/><W61/><G61/><T79/><D79/><U4/><E4/><V128/><F128/><W2/><G2/><T103/><D103/><U134/><E134/><V91/><F91/><W80/><G80/><T69/><D69/><U37/><E37/><V46/><F46/><W107/><AGARI ba="0,0" hai="78,82,85,99,100,107,120,122,129,130,131" m="55399" machi="107" ten="30,7900,0" yaku="19,1,34,2,54,1" doraHai="41" who="3" fromWho="3" sc="249,-20,97,-20,341,-39,313,79" /><INIT seed="3,0,0,0,2,9" ten="229,77,302,392" oya="3" hai0="79,21,75,76,0,2,46,97,56,59,80,105,6" hai1="119,67,30,89,93,106,129,87,99,39,117,55,61" hai2="77,34,58,135,110,8,38,50,32,121,60,132,52" hai3="122,24,101,107,81,41,31,37,108,42,69,102,13"/><W111/><G69/><T112/><D112/><U40/><E129/><V68/><F110/><N who="3" m="42027" /><G122/><T71/><D71/><U25/><E40/><N who="3" m="15466" /><G37/><T113/><D46/><U63/><E39/><V94/><F38/><W54/><G54/><T103/><D113/><U127/><E55/><V29/><F121/><W15/><G81/><T86/><D6/><U128/><E128/><V130/><F130/><W43/><G43/><T18/><D76/><U16/><E63/><V26/><F77/><W92/><G92/><T104/><D104/><U4/><E61/><V36/><F36/><W118/><G118/><T27/><D59/><U91/><E67/><V116/><F116/><W66/><G66/><T124/><D56/><U96/><E106/><V95/><F32/><N who="3" m="20583" /><G102/><T74/><D124/><U133/><E127/><V1/><F68/><W90/><G90/><T7/><D7/><U88/><E4/><N who="2" m="1039" /><F60/><W12/><G101/><T22/><D0/><U98/><E119/><V44/><F58/><W64/><G64/><T35/><D2/><U5/><E117/><V125/><F125/><W17/><G107/><T57/><D35/><U28/><E91/><V83/><F83/><W48/><G48/><T134/><D57/><U62/><E89/><V53/><F53/><W70/><G70/><T84/><D80/><U65/><E5/><V131/><F131/><W10/><AGARI ba="0,0" hai="10,12,13,15,17" m="20583,15466,42027" machi="10" ten="30,12000,1" yaku="14,1,10,1,52,3" doraHai="9" who="3" fromWho="3" sc="229,-40,77,-40,302,-40,392,120" /><INIT seed="3,1,0,1,5,84" ten="189,37,262,512" oya="3" hai0="21,91,69,128,92,96,26,30,114,20,51,3,80" hai1="113,9,93,104,82,74,134,77,39,90,22,111,79" hai2="122,57,85,13,97,47,64,126,94,60,133,121,120" hai3="87,70,67,78,100,1,35,24,27,43,102,55,105"/><W72/><G1/><T12/><D3/><U115/><E39/><V76/><F133/><W54/><G43/><T98/><D69/><U65/><E9/><V71/><F126/><W132/><G72/><T52/><D114/><N who="1" m="43531" /><E22/><V135/><F135/><W56/><G132/><T109/><D109/><U127/><E65/><V2/><F2/><W45/><G70/><T42/><D42/><U106/><E134/><V68/><F47/><W18/><G67/><T36/><D36/><U119/><E127/><V38/><F38/><W130/><G105/><N who="1" m="40554" /><E111/><V124/><F124/><W14/><G45/><T6/><D6/><U17/><E17/><V129/><F13/><W81/><G55/><T116/><D116/><U62/><E62/><V16/><F16/><W75/><G35/><T88/><D12/><U118/><E79/><V101/><F68/><W110/><G110/><T49/><D21/><U25/><E25/><V31/><F71/><W11/><G27/><T44/><D49/><U19/><E19/><V131/><F31/><W117/><G24/><T23/><D23/><U103/><E103/><V125/><F125/><W5/><G102/><T29/><D29/><U66/><E66/><V50/><F50/><W83/><G100/><T89/><D20/><U8/><E8/><V58/><F57/><W0/><G0/><T59/><D26/><U41/><E41/><V7/><F7/><W40/><G40/><N who="0" m="24967" /><D30/><U34/><E34/><V107/><F76/><W73/><G5/><T63/><D59/><U48/><E48/><V4/><F4/><W37/><G37/><T15/><D15/><RYUUKYOKU ba="1,0" sc="189,-15,37,15,262,15,512,-15" hai1="74,77,82,90,93,118,119" hai2="58,60,64,85,94,97,101,107,120,121,122,129,131" /><INIT seed="4,2,0,5,0,52" ten="174,52,277,497" oya="0" hai0="44,133,102,108,115,88,57,23,36,84,107,116,113" hai1="101,89,13,51,79,61,120,134,30,9,90,39,17" hai2="55,95,42,111,28,106,12,18,73,40,20,7,86" hai3="97,46,125,26,66,38,11,54,6,62,33,1,132"/><T104/><D116/><U65/><E39/><V53/><F106/><W50/><G125/><T82/><D108/><U45/><E120/><V80/><F111/><W35/><G132/><T31/><D133/><U25/><E134/><V85/><F73/><W128/><G128/><T41/><D102/><U8/><E79/><V47/><F28/><W119/><G119/><T21/><D21/><U117/><E117/><V59/><F7/><W58/><G38/><T72/><D72/><U122/><E101/><V74/><F53/><W129/><G129/><T2/><D2/><U135/><E8/><V14/><F14/><W78/><G78/><T27/><REACH who="0" step="1"/><D57/><REACH who="0" ten="164,52,277,497" step="2"/><U71/><E135/><V43/><F74/><W110/><G110/><T29/><D29/><U114/><E122/><V67/><F20/><W75/><G75/><T98/><D98/><U76/><E114/><AGARI ba="2,1" hai="23,27,31,36,41,44,82,84,88,104,107,113,114,115" machi="114" ten="40,7700,0" yaku="1,1,15,1,54,1,53,0" doraHai="52" doraHaiUra="112" who="0" fromWho="1" sc="164,93,52,-83,277,0,497,0" owari="257,-14.0,-31,-53.0,277,8.0,497,59.0" /></mjloggm>