<mjloggm ver="2.3"><GO type="41" lobby="0"/><UN n0="%E5%B0%B1%E6%B4%BB%E7%94%9F%40%E5%B7%9D%E6%9D%91%E8%BB%8D%E5%9B%A3" n1="%6E%61%6E%61%6D%6F%6D%6F" n2="%61%73%6B%2D%74%74%74" n3="%E3%82%A4%E3%82%B5%E3%83%83%E3%83%81%EF%BC%A0" dan="14,13,14,14" rate="1989.43,1838.24,1979.60,1964.18" sx="M,M,M,M"/><TAIKYOKU oya="0"/><INIT seed="0,0,0,5,0,88" ten="250,250,250,250" oya="0" hai0="15,84,70,107,71,130,100,52,82,20,68,17,109" hai1="48,102,35,77,43,106,86,31,24,122,76,123,134" hai2="2,7,32,57,58,29,90,45,38,80,127,19,108" hai3="129,131,46,65,49,5,9,39,56,51,99,119,110"/><T75/><D75/><U69/><E134/><V118/><F108/><W93/><G110/><T126/><D109/><U18/><E86/><V116/><F127/><W1/><G119/><T132/><D132/><U22/><E123/><V63/><F29/><W44/><G39/><T55/><D126/><U103/><E103/><V128/><F128/><W111/><G111/><T73/><D130/><N who="3" m="49673" /><G49/><T14/><D73/><U6/><E6/><V28/><F28/><W121/><G121/><T8/><D107/><U59/><E69/><V124/><F7/><W135/><G135/><T66/><D100/><U42/><E42/><V61/><F2/><W0/><G0/><T133/><D66/><U91/><E102/><V12/><F32/><W98/><G98/><T114/><D114/><U37/><E37/><V97/><F38/><W89/><G65/><T115/><D115/><U79/><E43/><V41/><F61/><W40/><G40/><T112/><D112/><U47/><E47/><V120/><F63/><W95/><G95/><T30/><D133/><U117/><E106/><V10/><F45/><W104/><G104/><T34/><D34/><U13/><E117/><V62/><F41/><W16/><G16/><T23/><D30/><U50/><E50/><V21/><F120/><W85/><G99/><T74/><D74/><U11/><E35/><V4/><F124/><W87/><G87/><T101/><D101/><U3/><E3/><V92/><F118/><W83/><G83/><T78/><D8/><U26/><E122/><V105/><F116/><W125/><G125/><T33/><D33/><RYUUKYOKU ba="0,0" sc="250,15,250,-15,250,-15,250,15" hai0="14,15,17,20,23,52,55,68,70,71,78,82,84" hai3="1,5,9,44,46,51,56,85,89,93" /><INIT seed="0,1,0,4,1,60" ten="265,235,235,265" oya="0" hai0="118,93,76,82,135,123,42,70,89,5,64,0,20" hai1="107,35,79,50,48,68,32,12,52,54,61,38,49" hai2="34,45,25,128,24,91,15,104,78,4,26,14,100" hai3="111,16,87,44,31,133,97,36,99,88,122,8,2"/><T109/><D123/><U117/><E117/><V73/><F34/><W18/><G111/><T77/><D118/><U126/><E107/><V46/><F128/><W125/><G122/><T57/><D70/><U129/><E38/><V81/><F104/><W92/><G125/><T29/><D135/><U84/><E129/><V53/><F100/><W74/><G133/><T134/><D109/><U6/><E32/><V17/><F91/><W11/><G31/><T41/><D0/><U121/><E35/><V43/><F53/><W37/><G74/><T120/><D5/><U80/><E126/><V96/><F96/><W33/><G33/><T63/><D120/><U130/><E130/><V105/><F105/><W115/><G115/><T39/><D39/><U7/><E7/><V40/><F4/><W72/><G72/><T69/><D69/><U3/><E3/><V22/><REACH who="2" step="1"/><F14/><REACH who="2" ten="265,235,225,265" step="2"/><W9/><G2/><T21/><D134/><U10/><REACH who="1" step="1"/><E121/><REACH who="1" ten="265,225,225,265" step="2"/><V47/><AGARI ba="1,2" hai="15,17,22,24,25,26,40,43,45,46,47,73,78,81" machi="47" ten="30,4000,0" yaku="1,1,2,1,0,1,53,0" doraHai="60" doraHaiUra="119" who="2" fromWho="2" sc="265,-21,225,-11,225,63,265,-11" /><INIT seed="1,0,0,4,3,125" ten="244,214,288,254" oya="1" hai0="61,53,111,110,52,84,2,109,55,16,134,38,63" hai1="103,40,98,120,81,0,131,97,65,82,108,34,24" hai2="69,95,73,11,77,44,116,45,119,39,90,37,19" hai3="64,78,86,83,93,113,135,4,31,56,107,28,71"/><U89/><E120/><V117/><F69/><W5/><G113/><T132/><D2/><U128/><E0/><V127/><F127/><W10/><G107/><T67/><D84/><U33/><E40/><V70/><F70/><W87/><G71/><N who="0" m="42479" /><D16/><U94/><E65/><V122/><F122/><W13/><G5/><T29/><D29/><U123/><E123/><V79/><F39/><W43/><G43/><T32/><D32/><U104/><E108/><V25/><F37/><W58/><G135/><N who="0" m="51755" /><D38/><U72/><E24/><V49/><F73/><W124/><G124/><T115/><D63/><U106/><E33/><V74/><F74/><W35/><G35/><T59/><D59/><N who="3" m="22569" /><G64/><T57/><D57/><U23/><E34/><V66/><F66/><W118/><G118/><T99/><D99/><U36/><E36/><V9/><F25/><W92/><G87/><T30/><D30/><AGARI ba="0,0" hai="4,10,13,28,30,31,78,83,86,92,93" m="22569" machi="30" ten="30,1000,0" yaku="8,1" doraHai="125" who="3" fromWho="0" sc="244,-10,214,0,288,0,254,10" /><INIT seed="2,0,0,0,3,70" ten="234,214,288,264" oya="2" hai0="91,59,40,96,60,14,67,84,99,132,52,51,18" hai1="56,129,41,7,114,106,34,112,13,110,92,48,88" hai2="128,17,102,33,82,25,76,43,27,79,35,62,44" hai3="30,90,127,9,120,94,111,57,74,78,36,119,58"/><V89/><F128/><W38/><G119/><T123/><D40/><U125/><E110/><V4/><F4/><W75/><G120/><T69/><D132/><U8/><E106/><V11/><F102/><W5/><G30/><T100/><D100/><U15/><E34/><V63/><F89/><W61/><G111/><T71/><D71/><U135/><E125/><V64/><F35/><W115/><G115/><T130/><D130/><U124/><E124/><V87/><F79/><W121/><G127/><T46/><D123/><U133/><E15/><V85/><F85/><W77/><G58/><T122/><D122/><U118/><E118/><V47/><F27/><W2/><G121/><T126/><D126/><U107/><E107/><V3/><F3/><W95/><G95/><T103/><D103/><U49/><E49/><V50/><F44/><W31/><G31/><T66/><D66/><U54/><E41/><V55/><F55/><W116/><G116/><T113/><D69/><U73/><E73/><V131/><F131/><W101/><G101/><T39/><D39/><U45/><E45/><V42/><F42/><W80/><G78/><T29/><D29/><U20/><E20/><V1/><F64/><W24/><G74/><T97/><D97/><U21/><E21/><N who="2" m="13487" /><F33/><W104/><G104/><T134/><D134/><N who="1" m="51211" /><E129/><V105/><F105/><W98/><G24/><T32/><D32/><U117/><E117/><V28/><F28/><W81/><G81/><N who="0" m="49551" /><D113/><U23/><E23/><AGARI ba="0,0" hai="14,18,23,46,51,52,59,60,67,96,99" m="49551" machi="23" ten="30,2000,0" yaku="8,1,54,1" doraHai="70" who="0" fromWho="1" sc="234,20,214,-20,288,0,264,0" /><INIT seed="3,0,0,3,4,67" ten="254,194,288,264" oya="3" hai0="68,89,113,39,26,7,34,46,125,117,84,10,96" hai1="80,131,9,82,118,58,119,77,106,132,55,104,61" hai2="126,64,29,69,74,97,43,70,23,105,25,41,114" hai3="63,11,116,49,72,12,124,112,101,35,42,1,83"/><W17/><G116/><N who="1" m="44586" /><E131/><V108/><F108/><W38/><G124/><T78/><D125/><U50/><E132/><V95/><F114/><W85/><G112/><T120/><D120/><U57/><E9/><V103/><F126/><W51/><G101/><T87/><D117/><U100/><E100/><V65/><F65/><W110/><G110/><T3/><D113/><U28/><E28/><V135/><F135/><W18/><G72/><T47/><D68/><U56/><E82/><V99/><F74/><W40/><G38/><T44/><D39/><U20/><E20/><V53/><F53/><W75/><G75/><T115/><D115/><U2/><E2/><V48/><F64/><W79/><G63/><T93/><D78/><U130/><E130/><V15/><F15/><N who="3" m="7423" /><G35/><T111/><D111/><U107/><E61/><V36/><F36/><W30/><G30/><T5/><D5/><U127/><E127/><V73/><F73/><AGARI ba="0,0" hai="50,55,56,57,58,73,77,80,104,106,107" m="44586" machi="73" ten="40,1300,0" yaku="12,1" doraHai="67" who="1" fromWho="2" sc="254,0,194,13,288,-13,264,0" /><INIT seed="4,0,0,5,1,76" ten="254,207,275,264" oya="0" hai0="11,112,113,93,39,30,81,66,121,124,102,60,36" hai1="54,71,50,29,37,17,31,78,5,123,3,45,42" hai2="73,86,104,52,41,2,119,69,122,84,6,68,40" hai3="85,95,46,82,114,83,19,23,56,77,16,21,103"/><T58/><D121/><U100/><E123/><V79/><F122/><W132/><G114/><N who="0" m="44139" /><D124/><U92/><E17/><V97/><F73/><W28/><G132/><T105/><D105/><U110/><E110/><V130/><F130/><W128/><G128/><T1/><D30/><U109/><E71/><V14/><F2/><W35/><G35/><T9/><D81/><N who="3" m="30729" /><G28/><T47/><D47/><U43/><E43/><V15/><F97/><N who="3" m="59839" /><G77/><T0/><D93/><U98/><E78/><V94/><F79/><W126/><G85/><T106/><D106/><U62/><E37/><N who="0" m="14409" /><D102/><U10/><E109/><V25/><F94/><W125/><G46/><T38/><D38/><U107/><E107/><V127/><F104/><W18/><G56/><T133/><D133/><U44/><E44/><V27/><F127/><AGARI ba="0,0" hai="16,18,19,21,23,125,126,127" m="59839,30729" machi="127" ten="30,8000,1" yaku="18,1,52,3,54,1" doraHai="76" who="3" fromWho="2" sc="254,0,207,0,275,-80,264,80" /><INIT seed="5,0,0,0,0,68" ten="254,207,195,344" oya="1" hai0="21,41,125,131,78,108,72,25,33,135,121,58,44" hai1="107,134,118,45,104,114,87,42,54,36,52,126,92" hai2="19,46,128,115,39,129,57,9,120,4,56,26,48" hai3="98,110,96,3,123,102,53,86,59,29,16,2,37"/><U89/><E118/><V66/><F120/><W93/><G123/><T13/><D33/><U34/><E34/><V62/><F115/><W95/><G110/><T64/><D108/><U49/><E114/><V6/><F57/><W31/><G37/><T11/><D121/><U27/><E126/><V112/><F112/><W103/><G86/><T133/><D131/><U113/><E113/><V8/><F39/><W32/><G32/><T10/><D125/><U63/><E134/><V47/><F129/><W18/><G59/><T127/><D127/><U40/><E63/><V117/><F117/><W71/><G53/><T65/><D78/><U88/><E27/><V90/><F128/><W84/><G84/><T77/><D77/><U14/><E42/><V100/><F100/><W97/><G97/><T61/><D72/><U101/><E54/><V132/><F132/><N who="0" m="50762" /><D13/><U43/><E43/><V75/><F75/><W38/><G38/><N who="0" m="21559" /><D65/><U55/><E55/><V51/><F90/><W28/><G28/><AGARI ba="0,0" hai="10,11,21,25,28,58,61,64" m="21559,50762" machi="28" ten="30,2000,0" yaku="20,1,52,1" doraHai="68" who="0" fromWho="3" sc="254,20,207,0,195,0,344,-20" /><INIT seed="6,0,0,0,1,101" ten="274,207,195,324" oya="2" hai0="18,17,32,1,30,26,19,83,118,29,8,56,42" hai1="62,23,125,133,24,95,48,131,80,115,127,84,46" hai2="72,73,86,96,25,113,78,69,102,0,85,52,49" hai3="10,63,41,51,37,16,39,117,121,107,53,3,71"/><V45/><F113/><W134/><G121/><T61/><D118/><U35/><E115/><V65/><F0/><W128/><G117/><T33/><D42/><U123/><E123/><V94/><F69/><W104/><G128/><T28/><D83/><U64/><E35/><N who="0" m="13385" /><D61/><U70/><E131/><V111/><F65/><N who="3" m="41407" /><G134/><T4/><D56/><U36/><E36/><V50/><F111/><W38/><G3/><T79/><D79/><U89/><E133/><V99/><F25/><AGARI ba="0,0" hai="1,4,8,17,18,19,25,26,28,29,30" m="13385" machi="25" ten="40,8000,1" yaku="35,5" doraHai="101" who="0" fromWho="2" sc="274,80,207,0,195,-80,324,0" /><INIT seed="7,0,0,1,3,65" ten="354,207,115,324" oya="3" hai0="75,64,93,97,100,13,9,20,10,2,36,61,48" hai1="15,127,96,29,33,53,98,120,34,4,103,94,18" hai2="85,50,111,71,12,115,42,135,55,46,122,21,60" hai3="27,40,41,88,124,101,108,7,133,80,117,91,30"/><W69/><G117/><T67/><D36/><U45/><E120/><V72/><F72/><W102/><G108/><T112/><D75/><U66/><E127/><V58/><F111/><W77/><G124/><T125/><D125/><U3/><E66/><V24/><F135/><W19/><G69/><T131/><D131/><U90/><E29/><V83/><F115/><W6/><G133/><T52/><D2/><U68/><E68/><V22/><F122/><W56/><G56/><N who="0" m="36903" /><D67/><U28/><E28/><V95/><F95/><W104/><G104/><T39/><D39/><U47/><E47/><V74/><F74/><W44/><G77/><T126/><D126/><U132/><E132/><V119/><F119/><W105/><G105/><T32/><D32/><U81/><E81/><V113/><F113/><W35/><G19/><N who="0" m="10351" /><D112/><U59/><E4/><V37/><F12/><W110/><G110/><T89/><D100/><U57/><E3/><V17/><F21/><W114/><G114/><T86/><D86/><U134/><E134/><V1/><F1/><W109/><G109/><T62/><D62/><U118/><E118/><V84/><REACH who="2" step="1"/><F83/><REACH who="2" ten="354,207,105,324" step="2"/><W51/><G40/><T16/><D16/><U130/><E34/><V116/><F116/><W70/><G70/><T79/><D9/><U123/><E33/><V23/><F23/><W106/><G106/><T92/><D10/><U63/><E123/><V8/><F8/><W38/><G38/><T49/><D93/><U25/><E18/><V78/><F78/><W14/><G14/><T0/><D79/><U99/><E15/><V73/><F73/><RYUUKYOKU ba="0,1" sc="354,-10,207,-10,105,30,324,-10" hai2="17,22,24,37,42,46,50,55,58,60,71,84,85" owari="354,45.0,197,-20.0,135,-36.0,314,11.0" /></mjloggm>