<mjloggm ver="2.3"><GO type="97" lobby="0"/><UN n0="%31%E6%9C%88%31%31%E6%97%A5" n1="%E6%98%8E%E6%99%82" n2="%E8%97%A4%E7%94%B0%E5%92%B2" n3="%E5%B0%B1%E6%B4%BB%E7%94%9F%40%E5%B7%9D%E6%9D%91%E8%BB%8D%E5%9B%A3" dan="16,14,14,13" rate="2078.90,1970.23,1873.03,1881.36" sx="M,M,M,M"/><TAIKYOKU oya="0"/><INIT seed="0,0,0,4,2,62" ten="250,250,250,250" oya="0" hai0="20,46,127,38,19,103,116,29,115,24,0,88,123" hai1="120,32,6,98,65,106,63,40,17,97,100,4,69" hai2="128,93,43,57,75,36,48,54,108,13,105,71,114" hai3="70,47,107,21,61,119,81,110,23,104,2,59,102"/><T34/><D123/><U101/><E120/><V130/><F105/><W42/><G70/><T92/><D116/><U1/><E40/><V121/><F121/><W79/><G2/><T50/><D115/><U133/><E133/><V35/><F71/><W76/><G119/><T118/><D118/><U30/><E17/><V16/><F35/><W90/><G110/><T122/><D122/><U113/><E113/><V64/><F75/><W99/><G107/><T117/><D117/><U125/><E125/><V56/><F114/><W31/><G90/><T33/><D38/><U10/><E6/><V39/><F108/><W49/><G31/><T96/><D0/><U14/><E14/><V28/><F93/><W134/><G134/><T124/><D103/><U78/><E78/><V87/><F87/><W80/><G80/><T95/><D95/><U51/><E51/><V74/><F74/><W84/><REACH who="3" step="1"/><G79/><REACH who="3" ten="250,250,250,240" step="2"/><T45/><D124/><U26/><E100/><V135/><F28/><W129/><G129/><N who="2" m="49769" /><F135/><W15/><G15/><T72/><D127/><U83/><E83/><V60/><F43/><W27/><G27/><T53/><D72/><U73/><E73/><V18/><F13/><W11/><G11/><T37/><D29/><U12/><E12/><V89/><F89/><W68/><G68/><T82/><D82/><U7/><E7/><V44/><F18/><W67/><AGARI ba="0,1" hai="21,23,42,47,49,59,61,67,76,81,84,99,102,104" machi="67" ten="20,5200,0" yaku="1,1,0,1,7,1,52,1,53,0" doraHai="62" doraHaiUra="22" who="3" fromWho="3" sc="250,-26,250,-13,250,-13,240,62" /><INIT seed="1,0,0,0,1,128" ten="224,237,237,302" oya="1" hai0="123,109,71,92,35,42,14,121,113,112,4,93,76" hai1="84,29,127,53,10,52,5,17,19,16,99,34,129" hai2="48,88,101,102,37,38,68,96,82,75,9,26,119" hai3="104,33,132,105,65,58,24,11,43,64,106,40,56"/><U117/><E117/><V114/><F68/><W120/><G120/><N who="0" m="46155" /><D71/><U20/><E129/><V54/><F119/><W110/><G110/><T122/><D42/><N who="3" m="15913" /><G11/><N who="0" m="4455" /><D76/><U57/><E127/><V70/><F70/><W126/><G126/><T67/><D67/><N who="3" m="25673" /><G24/><T135/><N who="0" m="46163" /><T51/><DORA hai="85" /><D51/><U25/><E84/><V0/><F114/><N who="0" m="44138" /><D35/><U1/><E99/><V59/><F38/><W22/><G33/><T39/><D39/><U131/><E131/><V60/><F37/><W118/><G118/><T30/><D30/><U73/><E53/><V63/><F75/><W134/><G22/><T18/><D109/><U130/><E73/><V87/><F102/><W95/><G95/><N who="0" m="36427" /><D18/><U31/><E130/><V49/><F48/><W7/><G7/><T79/><D79/><U124/><E31/><V100/><F100/><W86/><G86/><T77/><D77/><U32/><REACH who="1" step="1"/><E124/><REACH who="1" ten="224,227,237,302" step="2"/><V97/><F96/><W41/><N who="3" m="15921" /><W47/><DORA hai="46" /><G47/><T23/><D23/><U3/><E3/><V55/><F0/><W50/><G50/><AGARI ba="0,1" hai="1,5,10,16,17,19,20,25,29,32,34,50,52,57" machi="50" ten="40,18000,2" yaku="1,1,52,1,54,2,53,2" doraHai="128,85,46" doraHaiUra="91,61,28" who="1" fromWho="3" sc="224,0,227,190,237,0,302,-180" /><INIT seed="1,1,0,4,1,25" ten="224,417,237,122" oya="1" hai0="104,90,41,43,53,133,124,31,35,7,80,123,34" hai1="6,37,88,91,81,59,30,129,79,57,112,36,52" hai2="120,77,108,86,132,107,118,85,119,19,54,27,110" hai3="89,74,99,125,116,72,17,94,33,130,65,29,82"/><U63/><E112/><V75/><F107/><W102/><G116/><N who="2" m="44585" /><F120/><W96/><G125/><T131/><D104/><U45/><E129/><V61/><F27/><W121/><G130/><T16/><D131/><U14/><E30/><V51/><F19/><W115/><G121/><T62/><D80/><U11/><E57/><V9/><F9/><W127/><G127/><T50/><D62/><U20/><E20/><V8/><F8/><W134/><G115/><T39/><D90/><U93/><E45/><V21/><F21/><W1/><G1/><T101/><D50/><U117/><E91/><V42/><F75/><W15/><G134/><T103/><D39/><U84/><REACH who="1" step="1"/><E117/><REACH who="1" ten="224,407,237,122" step="2"/><V2/><F77/><W55/><G65/><T100/><D124/><U73/><AGARI ba="1,1" hai="6,11,14,36,37,52,59,63,73,79,81,84,88,93" machi="73" ten="20,18000,2" yaku="1,1,2,1,0,1,7,1,54,2,53,0" doraHai="25" doraHaiUra="38" who="1" fromWho="1" sc="224,-61,407,193,237,-61,122,-61" /><INIT seed="1,2,0,3,2,64" ten="163,600,176,61" oya="1" hai0="125,23,16,110,131,100,87,108,82,103,27,86,97" hai1="48,128,70,95,74,26,36,129,41,90,56,106,20" hai2="63,52,113,112,78,18,28,126,21,35,51,24,124" hai3="79,15,34,76,30,85,19,89,117,119,101,31,57"/><U1/><E106/><V39/><F39/><W0/><G0/><T65/><D131/><U37/><E74/><V47/><F78/><W67/><G101/><T22/><D125/><U83/><E1/><V10/><F10/><W42/><G42/><T98/><D65/><U127/><E83/><V81/><F81/><W91/><G34/><T33/><D33/><U66/><E127/><N who="2" m="48683" /><F63/><W134/><G134/><T11/><D11/><U132/><E132/><V45/><F45/><W88/><G117/><T25/><D82/><U59/><E59/><V130/><F130/><W107/><G107/><T84/><D84/><U73/><E73/><V135/><F135/><W116/><G116/><T60/><D60/><U115/><E115/><N who="2" m="44107" /><F35/><W118/><G118/><T2/><D2/><U3/><E3/><V62/><F62/><W13/><G119/><T71/><D16/><AGARI ba="2,0" hai="16,18,21,24,28,47,51,52" m="44107,48683" machi="16" ten="30,7700,0" yaku="18,1,11,1,54,2" doraHai="64" who="2" fromWho="0" sc="163,-83,600,0,176,83,61,0" /><INIT seed="2,0,0,5,3,24" ten="80,600,259,61" oya="2" hai0="75,53,35,67,22,25,131,59,56,32,87,110,80" hai1="88,5,115,44,100,90,6,65,77,134,54,16,8" hai2="94,114,102,74,123,73,1,29,49,96,60,128,95" hai3="86,113,47,30,133,9,21,111,7,27,55,125,126"/><V84/><F1/><W58/><G113/><T85/><D75/><U79/><E134/><V0/><F0/><W99/><G133/><T93/><D110/><U26/><E65/><V68/><F68/><W72/><G72/><T31/><D131/><U63/><E100/><V41/><F60/><W106/><G111/><T92/><D59/><U127/><E127/><V135/><F135/><W48/><G86/><T83/><D67/><U10/><E115/><V37/><F37/><W122/><G122/><T15/><D15/><U43/><E43/><V17/><F123/><W119/><G119/><T13/><D13/><U103/><E103/><V61/><F114/><W64/><G106/><T118/><D118/><U124/><E124/><V14/><F61/><W97/><G64/><T3/><D3/><U11/><E63/><V91/><F128/><W2/><G126/><T20/><D35/><U57/><E57/><V105/><F105/><W42/><REACH who="3" step="1"/><G125/><REACH who="3" ten="80,600,259,51" step="2"/><T104/><D104/><U38/><E5/><V107/><F107/><W52/><G52/><T62/><D92/><U71/><E6/><V81/><F73/><W51/><AGARI ba="0,1" hai="2,7,9,21,27,30,42,47,48,51,55,58,97,99" machi="51" ten="20,5200,0" yaku="1,1,0,1,7,1,52,1,53,0" doraHai="24" doraHaiUra="130" who="3" fromWho="3" sc="80,-13,600,-13,259,-26,51,62" /><INIT seed="3,0,0,5,5,116" ten="67,587,233,113" oya="3" hai0="35,33,115,86,94,42,0,90,57,130,24,48,84" hai1="92,129,28,41,13,44,3,125,105,74,127,75,132" hai2="76,93,118,98,53,21,112,25,11,131,113,102,77" hai3="59,67,62,108,114,95,101,4,78,85,135,120,60"/><W89/><G114/><T123/><D0/><U121/><E3/><V46/><F118/><W82/><G135/><T12/><D115/><U65/><E105/><V55/><F131/><W109/><G101/><T126/><D130/><U70/><E121/><V96/><F113/><W124/><G124/><N who="1" m="47690" /><E129/><V30/><F112/><W26/><G4/><T17/><D126/><U50/><E132/><V100/><F11/><W61/><G120/><T36/><D36/><U32/><E13/><V23/><F23/><W104/><G104/><T99/><D33/><U56/><E92/><V80/><F46/><W91/><G26/><T64/><D123/><U97/><E97/><V34/><F34/><W107/><G107/><T6/><D6/><U40/><E40/><V68/><F68/><W63/><REACH who="3" step="1"/><G91/><REACH who="3" ten="67,587,233,103" step="2"/><T87/><D24/><N who="1" m="18439" /><E75/><AGARI ba="0,1" hai="59,60,61,62,63,67,75,78,82,85,89,95,108,109" machi="75" ten="40,2000,0" yaku="1,1,53,0" doraHai="116" doraHaiUra="39" who="3" fromWho="1" sc="67,0,587,-20,233,0,103,30" /><INIT seed="3,1,0,1,5,68" ten="67,567,233,133" oya="3" hai0="88,14,100,39,77,116,107,52,53,103,61,109,55" hai1="43,44,113,62,70,5,95,40,65,75,87,9,21" hai2="59,42,67,106,23,34,29,99,0,36,17,63,18" hai3="4,108,46,69,3,83,128,1,54,135,33,73,10"/><W130/><G69/><T45/><D116/><U51/><E75/><V134/><F0/><W91/><G33/><T92/><D109/><U72/><E113/><V90/><F134/><W12/><G135/><T16/><D107/><U104/><E72/><V122/><F122/><W37/><G108/><T15/><D77/><U66/><E65/><V27/><F18/><W118/><G118/><T133/><D133/><U8/><E21/><V31/><F31/><W38/><G3/><T82/><D82/><U80/><E104/><V58/><F58/><W114/><G114/><T111/><D111/><U60/><E60/><V76/><F76/><N who="3" m="44431" /><G91/><T97/><D14/><U115/><E115/><V57/><F57/><W126/><G12/><T79/><D79/><U121/><E121/><V89/><F89/><W105/><G105/><T119/><D119/><U74/><E95/><V132/><F132/><W127/><G54/><N who="0" m="21099" /><D39/><N who="3" m="14857" /><G46/><T22/><D61/><U13/><E8/><V50/><F36/><W19/><G19/><T96/><D96/><U35/><E74/><V56/><F106/><W11/><G11/><T49/><AGARI ba="1,0" hai="15,16,22,45,49,55,88,92,97,100,103" m="21099" machi="49" ten="30,7900,0" yaku="8,1,54,3" doraHai="68" who="0" fromWho="0" sc="67,82,567,-21,233,-21,133,-40" owari="149,-25.0,546,65.0,212,1.0,93,-41.0" /></mjloggm>