<mjloggm ver="2.3"><GO type="169" lobby="0"/><UN n0="%68%61%79%61%74%6F%E2%98%86" n1="%E6%9C%A8%E6%9D%91%E2%98%86%E9%A0%98" n2="%E3%82%AA%E3%82%AB%E3%83%AB%E3%83%88%E4%B8%80%E8%89%B2" n3="%E3%82%A6%E3%83%AB%E3%83%88%E3%83%A9%E7%AB%8B%E7%9B%B4" dan="18,16,16,17" rate="2299.20,2107.34,2055.20,2146.64" sx="M,M,M,M"/><TAIKYOKU oya="0"/><INIT seed="0,0,0,0,4,5" ten="250,250,250,250" oya="0" hai0="75,43,72,20,129,77,73,56,42,13,121,24,18" hai1="16,4,15,103,28,25,83,17,89,59,61,124,87" hai2="78,9,26,7,67,113,32,116,31,41,96,57,115" hai3="46,125,81,82,126,58,79,132,118,76,128,27,119"/><T49/><D121/><U99/><E124/><V14/><F116/><W33/><G58/><T130/><D77/><U117/><E117/><V63/><F41/><W0/><G46/><T114/><D114/><U3/><E15/><V92/><REACH who="2" step="1"/><F78/><REACH who="2" ten="250,250,240,250" step="2"/><W11/><G79/><T94/><D42/><U30/><E30/><V102/><AGARI ba="0,1" hai="7,9,14,26,31,32,57,63,67,92,96,102,113,115" machi="102" ten="20,8000,1" yaku="1,1,2,1,0,1,7,1,52,1,53,0" doraHai="5" doraHaiUra="35" who="2" fromWho="2" sc="250,-40,250,-20,240,90,250,-20" /><INIT seed="1,0,0,5,5,48" ten="210,230,330,230" oya="1" hai0="126,14,69,63,90,73,75,71,107,133,6,31,118" hai1="98,50,26,3,11,9,128,35,42,25,125,53,12" hai2="2,59,119,105,1,38,100,67,52,5,116,74,114" hai3="103,94,81,91,20,51,0,55,79,120,104,32,60"/><U10/><E125/><V93/><F74/><W4/><G32/><T37/><D31/><U58/><E128/><V40/><F105/><W88/><G4/><T22/><D22/><U47/><E3/><V108/><F67/><W124/><G0/><T131/><D90/><U16/><E98/><V92/><F40/><W83/><G124/><T28/><D63/><U82/><E82/><V72/><F38/><W39/><G39/><T30/><D14/><U21/><REACH who="1" step="1"/><E35/><REACH who="1" ten="210,220,330,230" step="2"/><V78/><F1/><W80/><G80/><T41/><D131/><U96/><E96/><V87/><F2/><W89/><G83/><T66/><D126/><U121/><E121/><V117/><F117/><W76/><G81/><T46/><D118/><U15/><E15/><V106/><F116/><W27/><G120/><T49/><D75/><U86/><E86/><V109/><F119/><W36/><G79/><T85/><D73/><U56/><E56/><V130/><F59/><W129/><G76/><T18/><D85/><U64/><E64/><V43/><F87/><W134/><G129/><T62/><D66/><U29/><E29/><V112/><F78/><W23/><G104/><T127/><D28/><U70/><E70/><V77/><F106/><W68/><G68/><T113/><D30/><U65/><E65/><V8/><F77/><W101/><G94/><T17/><D107/><U13/><E13/><V34/><F92/><W95/><G95/><T135/><D69/><U61/><AGARI ba="0,1" hai="9,10,11,12,16,21,25,26,42,47,50,53,58,61" machi="61" ten="30,12000,1" yaku="1,1,0,1,8,1,52,1,54,1,53,0" doraHai="48" doraHaiUra="97" who="1" fromWho="1" sc="210,-40,220,130,330,-40,230,-40" /><INIT seed="1,1,0,3,5,133" ten="170,350,290,190" oya="1" hai0="129,79,124,130,117,18,27,72,83,102,3,116,120" hai1="90,40,22,95,45,36,131,69,24,49,121,5,38" hai2="132,37,44,135,48,100,53,74,98,122,109,39,77" hai3="101,105,85,47,73,97,59,80,4,96,7,6,15"/><U8/><E69/><V106/><F109/><W70/><G70/><T25/><D3/><U126/><E121/><V16/><F122/><W114/><G114/><T86/><D120/><U61/><E61/><V111/><F111/><W128/><G128/><N who="0" m="49259" /><D102/><U84/><E131/><V92/><F106/><W9/><G73/><T99/><D99/><U42/><E42/><V31/><F31/><W2/><G96/><T55/><D72/><U41/><E41/><V82/><REACH who="2" step="1"/><F16/><REACH who="2" ten="170,350,280,190" step="2"/><W12/><G105/><T81/><D18/><U71/><E38/><AGARI ba="1,1" hai="37,38,39,44,48,53,74,77,82,92,98,100,132,135" machi="38" ten="40,2600,0" yaku="1,1,2,1,53,0" doraHai="133" doraHaiUra="56" who="2" fromWho="1" sc="170,0,350,-29,280,39,190,0" /><INIT seed="2,0,0,0,0,12" ten="170,321,319,190" oya="2" hai0="102,66,69,57,93,37,38,98,90,67,99,50,7" hai1="52,111,76,53,87,42,51,133,73,128,134,29,40" hai2="115,113,106,44,28,65,13,39,27,3,30,72,125" hai3="132,46,85,103,124,96,86,35,100,75,114,119,24"/><V105/><F13/><W14/><G35/><T0/><D69/><U88/><E111/><V68/><F30/><W131/><G24/><T5/><D0/><U83/><E128/><V81/><F3/><W60/><G60/><T61/><D37/><U123/><E29/><V31/><F31/><W70/><G70/><T122/><D38/><U95/><E123/><V15/><F15/><W9/><G75/><T97/><D122/><U91/><E91/><V43/><F125/><W4/><G124/><T23/><D66/><U84/><E84/><V6/><F6/><W20/><G20/><T11/><D11/><U104/><E104/><N who="2" m="40043" /><F65/><W118/><G14/><T2/><D2/><U19/><E19/><V80/><F68/><W41/><G9/><T56/><D102/><U59/><REACH who="1" step="1"/><E53/><REACH who="1" ten="170,311,319,190" step="2"/><V58/><F28/><W45/><G131/><T112/><D112/><U63/><E63/><V92/><F113/><W16/><G114/><T108/><D108/><U71/><E71/><V126/><F115/><W74/><G74/><T34/><D34/><U62/><E62/><V127/><F72/><W26/><G118/><T1/><D61/><U22/><E22/><V32/><F126/><W129/><G119/><T110/><D23/><U89/><E89/><V121/><F127/><W135/><G129/><T107/><D90/><U8/><E8/><V79/><F121/><W117/><G117/><T54/><D54/><U17/><E17/><V55/><F55/><W120/><G16/><T36/><D110/><U49/><E49/><V47/><F32/><W77/><G120/><T101/><D36/><RYUUKYOKU ba="0,1" sc="170,-10,311,30,319,-10,190,-10" hai1="40,42,51,52,59,73,76,83,87,88,95,133,134" /><INIT seed="3,1,1,4,2,5" ten="160,341,309,180" oya="3" hai0="30,117,37,43,111,70,40,35,79,129,118,10,15" hai1="28,90,19,123,7,54,51,44,49,11,85,104,125" hai2="38,133,114,68,72,65,6,25,20,34,21,3,33" hai3="97,78,58,105,67,2,48,52,91,9,4,82,75"/><W55/><G67/><T24/><D70/><U100/><E123/><V112/><F72/><W81/><G81/><T101/><D101/><U131/><E28/><V26/><F38/><W106/><G91/><T53/><D129/><U50/><E125/><V29/><F65/><W128/><G128/><T135/><D135/><U8/><E104/><V63/><F63/><W14/><G97/><T113/><D113/><N who="2" m="43626" /><F68/><W107/><REACH who="3" step="1"/><G55/><REACH who="3" ten="160,341,309,170" step="2"/><T115/><D115/><U87/><E54/><V124/><F133/><W12/><AGARI ba="1,2" hai="2,4,9,12,14,48,52,58,75,78,82,105,106,107" machi="12" ten="40,12000,1" yaku="1,1,2,1,0,1,52,1,54,1,53,0" doraHai="5" doraHaiUra="71" who="3" fromWho="3" sc="160,-41,341,-41,309,-41,170,143" /><INIT seed="3,2,0,4,4,60" ten="119,300,268,313" oya="3" hai0="40,78,25,5,42,61,24,130,36,9,82,7,48" hai1="4,84,100,47,85,117,26,45,104,116,27,43,69" hai2="2,68,94,23,52,41,76,127,133,109,51,101,134" hai3="125,97,74,34,103,57,119,105,64,19,31,80,71"/><W75/><G119/><N who="1" m="45642" /><E69/><V30/><F2/><W17/><G57/><T77/><D130/><U106/><E4/><V18/><F109/><W129/><G129/><T131/><D131/><U35/><E100/><V20/><F127/><W6/><G6/><T13/><D36/><N who="1" m="21735" /><E47/><V58/><F68/><W122/><G122/><T111/><D111/><U56/><E56/><V12/><F41/><W135/><G125/><T66/><D5/><U87/><E35/><V128/><F76/><W121/><G121/><T86/><D77/><U110/><E110/><V124/><F128/><W50/><G50/><T21/><D48/><U44/><E44/><V72/><F72/><W49/><G49/><T22/><D22/><U112/><E112/><V118/><F124/><W53/><G53/><T93/><D93/><U108/><E108/><V65/><F118/><W59/><G59/><T123/><D123/><U83/><E83/><V55/><F55/><W90/><G75/><T0/><D0/><U96/><E96/><N who="2" m="59543" /><F134/><W73/><G73/><T92/><D92/><U88/><E88/><V14/><F133/><W99/><G99/><T38/><D38/><U102/><E102/><V11/><F30/><W1/><G1/><T39/><D39/><U114/><E114/><V70/><F70/><W98/><G98/><T63/><D40/><U113/><E113/><V29/><F29/><W16/><G135/><T132/><D42/><U120/><E120/><V3/><F3/><W37/><G37/><T89/><D78/><U10/><E10/><V33/><F33/><W79/><G79/><T62/><D132/><RYUUKYOKU ba="2,0" sc="119,-10,300,30,268,-10,313,-10" hai1="26,27,84,85,87,104,106" /><INIT seed="4,3,0,2,4,119" ten="109,330,258,303" oya="0" hai0="66,69,15,20,28,106,103,0,118,73,81,59,67" hai1="47,46,96,25,127,2,75,14,42,77,126,51,8" hai2="50,52,76,117,135,102,113,54,99,13,134,70,19" hai3="84,72,98,94,35,6,79,16,61,68,64,34,29"/><T123/><D118/><U93/><E2/><V128/><F117/><W37/><G37/><T71/><D0/><U57/><E77/><V1/><F70/><W30/><G6/><T100/><D106/><U115/><E75/><V40/><F113/><W11/><G72/><T95/><D73/><U18/><E57/><V85/><F128/><W88/><G29/><T130/><D81/><U41/><E25/><V38/><F38/><W24/><G35/><T32/><D32/><U62/><E62/><V114/><F114/><W49/><G49/><T58/><D15/><U129/><E115/><V4/><F40/><W110/><G110/><T9/><D95/><U26/><E26/><V31/><F31/><W122/><G122/><T104/><D104/><U3/><E3/><V80/><F4/><W43/><G43/><T60/><D9/><U33/><E129/><V65/><F65/><W48/><G48/><T97/><D130/><U27/><E27/><V120/><F120/><W107/><G79/><T112/><D112/><U101/><REACH who="1" step="1"/><E33/><REACH who="1" ten="109,320,258,303" step="2"/><V89/><F1/><W56/><G56/><T7/><D123/><U92/><E92/><V55/><F76/><W116/><G116/><T10/><D69/><U12/><E12/><V53/><F13/><N who="3" m="7231" /><G107/><N who="0" m="63887" /><D67/><U44/><E44/><V86/><F135/><W83/><G68/><T133/><D133/><U36/><AGARI ba="3,1" hai="8,14,18,36,41,42,46,47,51,93,96,101,126,127" machi="36" ten="30,7900,0" yaku="1,1,0,1,53,2" doraHai="119" doraHaiUra="39" who="1" fromWho="1" sc="109,-42,320,98,258,-23,303,-23" /><INIT seed="5,0,0,0,5,127" ten="67,418,235,280" oya="1" hai0="125,32,47,10,8,106,61,79,9,88,94,11,58" hai1="75,30,99,59,7,103,92,38,77,22,68,96,28" hai2="6,56,20,23,134,117,131,113,62,111,35,34,69" hai3="66,3,40,78,76,85,124,107,118,16,132,112,13"/><U43/><E68/><V5/><F69/><W29/><G3/><T41/><D106/><U73/><E7/><V101/><F111/><W36/><G107/><T120/><D120/><U37/><E77/><V17/><F101/><W70/><G124/><T82/><D32/><U64/><E43/><V126/><F126/><W39/><G39/><T104/><D104/><U57/><E22/><V87/><F117/><W26/><G112/><T55/><D125/><U110/><E92/><V105/><F105/><W67/><G132/><T24/><D24/><U72/><E64/><V93/><F134/><W97/><G97/><N who="1" m="37450" /><E103/><V31/><F113/><W121/><G121/><T12/><D12/><U114/><E114/><V49/><F49/><W123/><G123/><T81/><N who="0" m="2048" /><DORA hai="60" /><T1/><D1/><U86/><E86/><V52/><F35/><W133/><G70/><T135/><D135/><U74/><E74/><V53/><F34/><W18/><G40/><T33/><D33/><U84/><E84/><V63/><F31/><N who="1" m="11817" /><E110/><V0/><F0/><W122/><G122/><T48/><REACH who="0" step="1"/><D79/><REACH who="0" ten="57,418,235,280" step="2"/><U15/><E15/><V91/><F5/><W27/><G13/><T45/><D45/><U108/><E108/><V89/><F6/><W95/><G133/><T21/><D21/><U71/><E71/><V14/><F20/><W19/><G78/><T46/><D46/><U102/><E102/><V51/><F23/><W128/><G76/><T80/><D80/><U90/><E90/><V25/><F14/><W116/><G27/><T129/><D129/><U98/><N who="1" m="37458" /><AGARI ba="0,1" hai="41,47,48,55,58,61,81,82,88,94,98" m="2048" machi="98" ten="50,8000,1" yaku="1,1,3,1,8,1,54,1,53,1" doraHai="127,60" doraHaiUra="54,109" who="0" fromWho="1" sc="57,90,418,-80,235,0,280,0" /><INIT seed="6,0,0,5,5,94" ten="147,338,235,280" oya="2" hai0="118,48,97,46,50,37,101,5,58,113,57,1,63" hai1="81,16,23,116,15,99,60,95,38,130,51,128,73" hai2="33,134,83,93,131,90,68,98,28,3,59,107,45" hai3="36,30,22,82,76,9,21,112,66,75,105,88,115"/><V26/><F131/><W20/><G36/><T84/><D118/><U44/><E38/><V129/><F129/><N who="1" m="49769" /><E116/><V79/><F134/><W25/><G66/><T78/><D113/><N who="3" m="43593" /><G105/><T122/><D122/><U18/><E60/><V108/><F108/><W87/><G9/><T49/><D5/><U53/><E81/><AGARI ba="0,0" hai="20,21,22,25,30,75,76,81,82,87,88" m="43593" machi="81" ten="30,3900,0" yaku="15,1,11,1,54,1" doraHai="94" who="3" fromWho="1" sc="147,0,338,-39,235,0,280,39" /><INIT seed="7,0,0,0,2,100" ten="147,299,235,319" oya="3" hai0="94,106,61,121,48,20,40,87,75,65,80,116,27" hai1="0,9,45,131,33,74,54,47,36,55,2,96,97" hai2="129,83,117,107,134,37,82,30,26,73,113,91,102" hai3="63,5,51,81,11,59,90,12,50,18,15,127,120"/><W88/><G127/><T35/><D116/><U13/><E33/><V112/><F37/><W1/><G1/><T62/><D121/><U104/><E74/><V76/><F134/><W85/><G90/><T64/><D35/><U24/><E24/><V92/><F129/><W28/><G28/><T49/><D75/><U78/><E78/><V39/><F39/><W130/><G130/><T52/><D40/><U68/><E68/><V53/><F117/><W89/><G88/><T23/><D94/><U31/><E31/><V3/><F3/><W115/><G115/><T46/><D106/><U95/><E36/><V67/><F67/><N who="3" m="39423" /><G120/><T10/><D10/><AGARI ba="0,0" hai="5,10,11,12,15,18,50,51,81,85,89" m="39423" machi="10" ten="30,1500,0" yaku="8,1" doraHai="100" who="3" fromWho="0" sc="147,-15,299,0,235,0,319,15" owari="132,-37.0,299,10.0,235,-16.0,334,43.0" /></mjloggm>