<mjloggm ver="2.3"><GO type="105" lobby="0"/><UN n0="%63%75%72%6F%67%75%72%6F" n1="%4E%61%74%75%72" n2="%73%68%6F%68%61%69" n3="%E5%B0%B1%E6%B4%BB%E7%94%9F%40%E5%B7%9D%E6%9D%91%E8%BB%8D%E5%9B%A3" dan="13,14,15,14" rate="1963.30,1919.31,2043.59,1967.39" sx="M,M,M,M"/><TAIKYOKU oya="0"/><INIT seed="0,0,0,5,4,77" ten="250,250,250,250" oya="0" hai0="112,53,114,88,97,52,24,78,102,129,43,30,8" hai1="122,60,70,89,50,57,104,31,39,117,32,123,118" hai2="45,86,49,72,40,25,133,103,127,110,101,38,18" hai3="59,134,131,3,92,29,81,128,130,34,83,17,80"/><T56/><D129/><U14/><E104/><V93/><F72/><W41/><G134/><T63/><D43/><U107/><E107/><V100/><F110/><W132/><G132/><T37/><D37/><U90/><E70/><V46/><F133/><W35/><G3/><T99/><D78/><U54/><E39/><V79/><F127/><W36/><G29/><T61/><D8/><U135/><E135/><V69/><F69/><W108/><G108/><T87/><D99/><U22/><E117/><V82/><F25/><W65/><G92/><T75/><D75/><U73/><E73/><V121/><F121/><W115/><G115/><T126/><D126/><U68/><E32/><V12/><F93/><W0/><G0/><T76/><D76/><U4/><E118/><V27/><F27/><W66/><G17/><T94/><D61/><U23/><E68/><V105/><F105/><W106/><G106/><T44/><D53/><U58/><E122/><V85/><F85/><W71/><G71/><T116/><D44/><U21/><E31/><V119/><F119/><W98/><G98/><T120/><D120/><U95/><E95/><V13/><REACH who="2" step="1"/><F18/><REACH who="2" ten="250,250,240,250" step="2"/><W74/><G74/><T67/><D116/><U64/><E123/><V5/><F5/><W10/><G130/><T62/><D112/><U19/><E4/><V20/><F20/><AGARI ba="0,1" hai="14,19,20,21,22,23,50,54,57,58,60,64,89,90" machi="20" ten="40,1300,0" yaku="8,1" doraHai="77" who="1" fromWho="2" sc="250,0,250,23,240,-13,250,0" /><INIT seed="1,0,0,3,0,22" ten="250,273,227,250" oya="1" hai0="114,115,37,135,116,134,0,78,52,21,63,84,74" hai1="29,44,86,126,3,64,89,77,54,120,13,26,69" hai2="109,132,38,24,42,133,32,34,99,72,85,2,90" hai3="124,7,94,79,75,97,105,125,96,11,53,70,113"/><U87/><E3/><V131/><F72/><W128/><G70/><T98/><D116/><U14/><E120/><V41/><F2/><W27/><G113/><T49/><D37/><U8/><E126/><N who="3" m="48746" /><G105/><T127/><D0/><U91/><E69/><V101/><F109/><W95/><G128/><T92/><D127/><U118/><E118/><V106/><F131/><W46/><G75/><T30/><D63/><U88/><E64/><V57/><F34/><W66/><G79/><T28/><D74/><U1/><E1/><V12/><F12/><N who="1" m="4713" /><E77/><V10/><F10/><W119/><G66/><T40/><D40/><U16/><E29/><V122/><F122/><W47/><G119/><T129/><D30/><U83/><E8/><V60/><F38/><W25/><G7/><T111/><D129/><U67/><E67/><V82/><F42/><W100/><G11/><T55/><D114/><U112/><E112/><V50/><F50/><N who="3" m="28887" /><G47/><T59/><D115/><U121/><E121/><V76/><F41/><W23/><G23/><T48/><D78/><U9/><E9/><V17/><F76/><W107/><G107/><T43/><D21/><N who="1" m="13607" /><E83/><V62/><F32/><W104/><G104/><T4/><D4/><U36/><E36/><V68/><F68/><W33/><G33/><T19/><D19/><U58/><E44/><V108/><F108/><W93/><G100/><T20/><D111/><U31/><E31/><V110/><F110/><W73/><G73/><T39/><D28/><U15/><N who="1" m="4721" /><U117/><DORA hai="65" /><E117/><V81/><F81/><W45/><G45/><T102/><D39/><RYUUKYOKU ba="0,0" sc="250,-15,273,15,227,-15,250,15" hai1="54,58,86,87,88,89,91" hai3="25,27,93,94,95,96,97" /><INIT seed="1,1,0,4,3,72" ten="235,288,212,265" oya="1" hai0="106,112,4,88,51,2,83,124,38,15,103,21,20" hai1="7,32,128,95,1,14,133,76,105,107,117,73,54" hai2="87,135,125,123,30,70,118,77,17,22,114,58,111" hai3="25,116,86,18,78,93,42,122,129,12,120,11,53"/><U101/><E117/><V10/><F70/><W5/><G116/><T109/><D109/><U41/><E32/><V60/><F118/><W130/><G42/><T110/><D38/><U82/><E128/><N who="3" m="49258" /><G53/><T131/><D110/><U64/><E133/><V44/><F123/><N who="3" m="47147" /><G93/><T67/><D131/><U26/><E1/><V24/><F135/><W127/><G127/><T3/><D2/><U39/><E64/><V34/><F125/><W50/><G50/><T55/><D3/><U68/><E68/><V92/><F111/><W79/><G86/><T85/><D67/><U27/><E54/><V97/><F114/><W19/><G19/><T121/><D112/><U16/><E7/><V52/><F44/><W81/><G81/><T90/><D124/><U134/><E105/><V69/><F69/><W45/><G45/><T40/><D40/><U84/><E107/><V0/><F0/><N who="3" m="423" /><G25/><T43/><D43/><U8/><E134/><V126/><F126/><W6/><G6/><T94/><D106/><U96/><E73/><V80/><F10/><AGARI ba="1,0" hai="10,12,18,78,79" m="423,47147,49258" machi="10" ten="30,3900,0" yaku="19,1,52,2" doraHai="72" who="3" fromWho="2" sc="235,0,288,0,212,-42,265,42" /><INIT seed="2,0,0,1,1,54" ten="235,288,170,307" oya="2" hai0="71,1,93,67,9,28,34,27,127,21,20,72,125" hai1="61,52,123,98,105,45,37,13,124,99,31,70,120" hai2="88,100,62,130,23,69,19,132,104,80,117,3,18" hai3="96,116,113,55,121,78,2,83,75,53,60,58,77"/><V133/><F117/><W10/><G116/><T84/><D72/><U107/><E37/><V25/><F3/><W131/><G121/><N who="1" m="46666" /><E124/><V38/><F38/><W8/><G131/><T101/><D71/><U68/><E31/><V110/><F130/><W30/><G113/><T90/><D67/><U57/><E13/><V126/><F126/><N who="0" m="48138" /><D101/><N who="1" m="62647" /><E45/><V5/><F5/><AGARI ba="0,0" hai="1,5,9,20,21,27,28,34,84,90,93" m="48138" machi="5" ten="30,1000,0" yaku="18,1" doraHai="54" who="0" fromWho="2" sc="235,10,288,0,170,-10,307,0" /><INIT seed="3,0,0,0,1,52" ten="245,288,160,307" oya="3" hai0="88,67,30,125,33,124,82,14,28,130,91,37,126" hai1="3,133,69,89,21,127,100,122,43,36,111,44,31" hai2="57,61,97,71,45,66,16,22,54,103,55,95,74" hai3="75,60,49,46,5,72,106,68,129,42,56,90,53"/><W11/><G129/><T112/><D37/><U40/><E122/><V35/><F74/><W135/><G135/><T8/><D130/><U85/><E111/><V64/><F35/><W1/><G106/><T24/><D30/><U132/><E127/><V93/><F71/><W70/><G70/><T110/><D110/><U25/><E69/><V38/><F95/><W79/><G79/><T77/><D67/><U50/><E3/><V109/><F109/><W120/><G120/><T23/><D33/><U81/><E100/><V39/><F39/><W131/><G131/><T59/><D112/><U102/><E102/><V12/><F38/><W19/><G19/><T98/><D98/><U32/><E36/><V62/><F62/><W73/><G68/><T29/><D59/><U17/><REACH who="1" step="1"/><E43/><REACH who="1" ten="245,278,160,307" step="2"/><V118/><F118/><W101/><G101/><T114/><D114/><U94/><E94/><V117/><F117/><W104/><G104/><T9/><D28/><U34/><E34/><V2/><F2/><W0/><G1/><T108/><D108/><U113/><E113/><V13/><F13/><AGARI ba="0,1" hai="13,17,21,25,31,32,40,44,50,81,85,89,132,133" machi="13" ten="40,2600,0" yaku="1,1,53,1" doraHai="52" doraHaiUra="76" who="1" fromWho="2" sc="245,0,278,36,160,-26,307,0" /><INIT seed="4,0,0,3,0,101" ten="245,314,134,307" oya="0" hai0="38,67,116,111,9,58,43,85,106,3,123,77,21" hai1="83,49,6,97,93,80,102,95,129,26,69,118,64" hai2="109,45,4,135,78,20,34,127,13,36,90,70,73" hai3="107,61,120,98,121,15,44,110,117,39,103,125,55"/><T86/><D123/><N who="3" m="47177" /><G117/><T11/><D116/><U88/><E118/><V126/><F109/><W1/><G1/><T32/><D32/><U99/><E129/><V71/><F34/><W114/><G114/><T72/><D111/><U28/><E6/><V124/><F135/><W50/><G110/><T94/><D11/><U8/><E8/><V12/><F90/><W74/><G74/><T24/><D106/><U37/><E37/><V35/><F4/><W27/><G125/><T31/><D67/><U23/><E64/><V112/><F35/><W2/><G2/><T131/><D58/><U134/><E69/><V130/><F112/><W115/><G115/><T52/><D52/><U104/><E134/><V75/><F130/><W119/><G119/><T18/><D94/><U41/><E41/><V16/><F13/><W46/><G15/><T113/><D131/><U56/><REACH who="1" step="1"/><E95/><REACH who="1" ten="245,304,134,307" step="2"/><V128/><F128/><W0/><G0/><T51/><D38/><U42/><E42/><N who="2" m="22727" /><F78/><W100/><G39/><T40/><D40/><U25/><E25/><V81/><F81/><W96/><G27/><T60/><D113/><U89/><E89/><V10/><F10/><W79/><G79/><T33/><D3/><U19/><E19/><V17/><F17/><W68/><G68/><AGARI ba="0,1" hai="12,16,20,68,70,71,73,75,124,126,127" m="22727" machi="68" ten="40,2600,0" yaku="18,1,54,1" doraHai="101" who="2" fromWho="3" sc="245,0,304,0,134,36,307,-26" /><INIT seed="5,0,0,0,4,96" ten="245,304,170,281" oya="1" hai0="36,124,63,25,40,108,71,23,31,98,54,65,13" hai1="130,51,127,107,104,34,58,8,82,135,120,101,10" hai2="37,27,57,126,53,33,72,70,67,79,19,123,11" hai3="90,73,59,38,129,85,76,2,43,0,92,66,109"/><U30/><E120/><V28/><F123/><W32/><G32/><T50/><D108/><U110/><E110/><V44/><F126/><W9/><G109/><T22/><D124/><U69/><E127/><V75/><F70/><W111/><G111/><T41/><D36/><U47/><E135/><V114/><F114/><W105/><G129/><T125/><D125/><U48/><E130/><V132/><F132/><W88/><G105/><T117/><D117/><U87/><E69/><V56/><F67/><W3/><G90/><T80/><D80/><U106/><E58/><V46/><F79/><W49/><G38/><T100/><D13/><U55/><E30/><V128/><F128/><W42/><G9/><T35/><D23/><U62/><E34/><V74/><F57/><W20/><G20/><T39/><D39/><U103/><E62/><V83/><F83/><W102/><G102/><T133/><D133/><U112/><E112/><V60/><F37/><W17/><G17/><T81/><D81/><U5/><E51/><V21/><REACH who="2" step="1"/><F11/><REACH who="2" ten="245,304,160,281" step="2"/><W86/><G73/><T84/><D84/><U61/><E8/><V1/><F1/><W115/><G115/><T26/><D26/><AGARI ba="0,1" hai="19,21,26,27,28,33,44,46,53,56,60,72,74,75" machi="26" ten="40,1300,0" yaku="1,1,53,0" doraHai="96" doraHaiUra="122" who="2" fromWho="0" sc="245,-13,304,0,160,23,281,0" /><INIT seed="6,0,0,3,3,38" ten="232,304,183,281" oya="2" hai0="120,59,42,22,101,30,124,133,114,23,37,81,132" hai1="63,98,41,27,109,18,103,95,0,9,64,69,78" hai2="65,112,91,25,45,47,54,29,16,66,77,61,52" hai3="104,123,12,58,6,5,92,1,96,134,34,70,89"/><V80/><F112/><W8/><G70/><T28/><D120/><U67/><E109/><V127/><F127/><W15/><G123/><T135/><D124/><U75/><E0/><V20/><F29/><W93/><G134/><T43/><D37/><U21/><E67/><N who="2" m="25611" /><F77/><W117/><G117/><T87/><D101/><U2/><E78/><V56/><F54/><W128/><G104/><T90/><D59/><U76/><E76/><V46/><F80/><W79/><G79/><T7/><D7/><U88/><E75/><V108/><F108/><W32/><G128/><T4/><D4/><U11/><E2/><V71/><F71/><W115/><G115/><T131/><D131/><U26/><E26/><V49/><F61/><W102/><G58/><T74/><D74/><U39/><E103/><V60/><F60/><W3/><G3/><T73/><D73/><U107/><E107/><V19/><F19/><W129/><G129/><T40/><D114/><U50/><E50/><N who="2" m="30743" /><F91/><W111/><G111/><T33/><D33/><U13/><E27/><V36/><F36/><W57/><G57/><T97/><D97/><U82/><E82/><V14/><F49/><W72/><G72/><T17/><D17/><U48/><E48/><V118/><F118/><W122/><G122/><T110/><D110/><U94/><E39/><V44/><N who="2" m="11776" /><DORA hai="125" /><V105/><F105/><W31/><G31/><AGARI ba="0,0" hai="22,23,28,30,31,40,42,43,81,87,90,132,133,135" machi="31" ten="50,8000,1" yaku="20,1,52,3" doraHai="38,125" who="0" fromWho="3" sc="232,80,304,0,183,0,281,-80" /><INIT seed="7,0,0,0,1,45" ten="312,304,183,201" oya="3" hai0="134,71,112,49,8,125,6,23,105,91,26,64,77" hai1="33,20,34,32,85,129,122,11,31,70,111,94,68" hai2="36,17,121,87,76,82,126,99,22,0,108,5,65" hai3="118,79,130,19,1,21,115,25,43,127,61,102,81"/><W55/><G118/><T38/><D105/><U73/><E122/><V54/><F108/><W123/><G1/><T113/><D125/><U41/><E111/><V44/><F126/><W29/><G127/><T56/><D38/><U30/><E73/><V101/><F121/><W4/><G123/><T7/><D77/><U3/><E129/><V15/><F65/><W86/><G115/><N who="0" m="44107" /><D134/><U59/><E41/><V135/><F135/><W27/><G4/><T93/><D71/><U89/><E20/><V62/><F36/><W37/><G130/><T72/><D8/><U100/><E59/><V18/><F5/><W40/><G37/><T114/><D72/><U104/><E11/><V84/><F0/><W2/><G2/><T13/><D13/><U131/><E131/><V92/><F18/><W97/><G25/><T10/><D10/><U117/><E3/><V12/><F87/><W132/><G132/><T60/><D49/><U96/><E117/><V78/><F15/><W9/><G9/><T14/><D14/><U106/><REACH who="1" step="1"/><E104/><REACH who="1" ten="312,294,183,201" step="2"/><V35/><F35/><W83/><G21/><T69/><D56/><U124/><E124/><V90/><F62/><W52/><G61/><T58/><D58/><U107/><E107/><V110/><F110/><W24/><G43/><T50/><D114/><U42/><E42/><V103/><F78/><W46/><G40/><T28/><D50/><AGARI ba="0,1" hai="12,17,22,44,50,54,76,82,84,90,92,99,101,103" machi="50" ten="40,2600,0" yaku="8,1,52,1" doraHai="45" who="2" fromWho="0" sc="312,-26,294,0,183,36,201,0" /><INIT seed="8,0,0,0,1,8" ten="286,294,219,201" oya="0" hai0="125,16,18,77,20,72,97,55,76,116,134,9,86" hai1="0,33,28,25,71,6,37,34,113,92,79,115,132" hai2="73,84,129,123,58,1,5,39,60,70,40,118,94" hai3="101,14,126,83,45,128,50,22,11,24,112,111,59"/><T52/><D116/><U122/><E122/><V63/><F123/><W47/><G111/><T110/><D110/><U43/><E132/><V36/><F73/><W109/><G109/><T4/><D134/><U23/><E71/><V48/><F118/><W108/><G112/><N who="1" m="43082" /><E79/><V135/><F129/><W17/><G108/><T120/><D120/><U3/><E92/><V91/><F135/><W56/><G128/><T96/><D72/><U29/><E29/><V95/><F70/><W103/><G126/><T99/><D125/><U7/><E43/><V121/><F121/><W26/><G83/><N who="0" m="47463" /><D77/><U66/><E66/><V74/><F74/><W41/><G47/><T38/><D38/><U53/><E37/><V80/><F39/><W87/><G87/><T46/><D46/><U102/><E102/><N who="3" m="38922" /><G26/><N who="0" m="14599" /><D4/><AGARI ba="0,0" hai="4,11,14,17,22,24,41,45,50,56,59" m="38922" machi="4" ten="30,2000,0" yaku="8,1,52,1" doraHai="8" who="3" fromWho="0" sc="286,-20,294,0,219,0,201,20" /><INIT seed="9,0,0,4,1,88" ten="266,294,219,221" oya="1" hai0="39,126,81,130,35,51,113,115,82,89,17,118,121" hai1="67,53,40,75,56,13,0,117,46,131,26,70,43" hai2="37,79,24,36,1,107,63,128,114,48,32,108,42" hai3="105,103,31,124,34,127,133,4,15,93,134,38,85"/><U78/><E0/><V55/><F107/><W60/><G38/><T90/><D39/><U99/><E131/><V83/><F108/><W119/><G105/><T69/><D35/><U120/><E120/><V80/><F128/><W132/><G119/><T47/><D69/><U50/><E117/><V62/><F1/><W44/><G34/><T98/><D118/><U16/><E26/><V11/><F114/><W64/><G31/><T101/><D121/><U76/><E75/><V135/><F135/><W74/><G74/><T104/><D130/><U106/><E70/><V100/><F100/><W96/><G85/><T110/><D110/><U27/><E99/><V61/><F37/><W58/><G44/><T71/><D71/><U68/><E68/><V22/><F32/><W92/><G15/><T10/><D89/><U112/><E27/><V9/><F36/><W116/><G4/><T6/><D81/><N who="2" m="31306" /><F42/><N who="1" m="15913" /><E106/><V41/><F41/><W3/><G3/><T94/><D82/><U20/><E112/><V7/><F79/><W54/><G116/><T5/><D115/><U65/><E78/><V45/><F7/><W86/><G64/><N who="1" m="24650" /><E76/><V72/><F72/><W19/><G132/><T12/><D113/><U73/><E73/><V57/><F45/><AGARI ba="0,0" hai="13,16,20,45,46,50,53,56" m="24650,15913" machi="45" ten="30,2900,0" yaku="8,1,54,1" doraHai="88" who="1" fromWho="2" sc="266,0,294,29,219,-29,221,0" owari="266,7.0,323,42.0,190,-31.0,221,-18.0" /></mjloggm>