<mjloggm ver="2.3"><GO type="97" lobby="0"/><UN n0="%E3%83%91%E3%83%88%E3%83%AA" n1="%EF%BC%91%E7%95%AA%E3%82%B7%E3%83%A7%E3%83%BC%E3%83%88" n2="%E3%82%A6%E3%83%AB%E3%83%88%E3%83%A9%E7%AB%8B%E7%9B%B4" n3="%2D%E5%9B%BD%E5%A3%AB%E7%84%A1%E5%8F%8C%2D" dan="13,14,13,14" rate="1881.95,1913.87,1841.40,1876.09" sx="M,M,M,M"/><TAIKYOKU oya="0"/><INIT seed="0,0,0,4,4,98" ten="250,250,250,250" oya="0" hai0="77,94,2,47,58,63,104,28,79,119,123,100,51" hai1="23,105,78,26,133,53,25,60,55,69,132,22,131" hai2="129,99,59,75,32,49,34,102,111,107,106,14,85" hai3="96,4,130,81,125,9,126,89,61,20,103,127,114"/><T113/><D123/><U36/><E36/><V73/><F129/><W56/><G130/><T122/><D2/><U93/><E131/><V101/><F111/><W0/><G114/><T39/><D39/><U83/><E105/><V50/><F85/><N who="3" m="50351" /><G20/><N who="1" m="7722" /><E93/><V29/><F14/><W84/><G84/><T48/><D122/><U65/><E26/><V68/><F59/><W35/><G35/><T57/><D119/><U128/><E25/><V92/><F92/><N who="3" m="58759" /><G56/><T120/><D120/><U40/><E40/><V43/><F43/><W8/><G8/><T88/><D113/><U54/><E54/><V41/><F41/><W3/><G61/><T16/><D28/><U87/><E128/><V108/><F99/><W124/><N who="3" m="31744" /><DORA hai="38" /><W46/><G46/><T135/><D135/><N who="1" m="51787" /><E55/><V37/><F37/><W10/><G10/><T116/><D116/><U95/><E53/><V18/><F29/><W11/><G11/><T86/><D47/><U12/><E12/><AGARI ba="0,0" hai="0,3,4,9,12" m="31744,58759,50351" machi="12" ten="60,3900,0" yaku="18,1,52,1" doraHai="98,38" who="3" fromWho="1" sc="250,0,250,-39,250,0,250,39" /><INIT seed="1,0,0,2,4,47" ten="250,211,250,289" oya="1" hai0="27,38,49,90,33,92,77,60,32,55,116,79,17" hai1="72,61,110,12,111,2,14,84,45,118,26,75,52" hai2="122,31,50,13,73,83,0,11,131,129,70,54,57" hai3="23,135,91,46,105,28,71,20,76,81,124,115,80"/><U59/><E2/><V8/><F70/><W42/><G115/><T113/><D113/><U87/><E118/><V40/><F122/><W37/><G105/><T74/><D74/><U121/><E121/><V112/><F112/><W66/><G135/><T30/><D116/><U88/><E26/><V130/><F31/><W62/><G124/><T128/><D128/><U34/><E87/><V53/><F0/><W6/><G6/><T69/><D69/><U89/><E89/><V78/><F40/><W94/><G28/><T56/><D38/><U123/><E34/><V4/><F11/><W100/><G100/><T107/><D107/><U82/><E123/><V133/><REACH who="2" step="1"/><F54/><REACH who="2" ten="250,211,240,289" step="2"/><W114/><G114/><T7/><D32/><U44/><E44/><V125/><F125/><W36/><G42/><T3/><D3/><U43/><E43/><V21/><F21/><W35/><G20/><N who="0" m="13711" /><D33/><U63/><E45/><V29/><F29/><W97/><G23/><T117/><D30/><U18/><E63/><V9/><F9/><W119/><G35/><T51/><D117/><U108/><E18/><V24/><F24/><W64/><G71/><T106/><D106/><U127/><E127/><V19/><F19/><W95/><G46/><T99/><D7/><U104/><E104/><V10/><F10/><W93/><G119/><T67/><D55/><U16/><E16/><V134/><AGARI ba="0,1" hai="4,8,13,50,53,57,73,78,83,129,130,131,133,134" machi="134" ten="40,8000,1" yaku="1,1,0,1,19,1,52,1,53,0" doraHai="47" doraHaiUra="68" who="2" fromWho="2" sc="250,-20,211,-40,240,90,289,-20" /><INIT seed="2,0,0,4,2,86" ten="230,171,330,269" oya="2" hai0="57,113,32,70,108,97,54,3,56,105,51,15,126" hai1="64,125,30,71,80,119,48,31,67,78,18,82,110" hai2="19,107,37,53,7,44,98,85,75,40,35,50,130" hai3="66,11,87,111,68,83,6,93,100,90,72,96,20"/><V38/><F75/><W42/><G111/><T81/><D108/><U84/><E110/><V25/><F130/><W122/><G122/><T135/><D32/><U76/><E119/><V39/><F7/><W2/><G42/><T127/><D3/><U28/><E125/><N who="0" m="47625" /><D113/><U21/><E71/><V29/><F19/><W12/><G72/><T69/><D81/><U55/><E80/><V121/><F121/><W13/><REACH who="3" step="1"/><G20/><REACH who="3" ten="230,171,330,259" step="2"/><T101/><D135/><U49/><E78/><V129/><F40/><W133/><G133/><T103/><D103/><U94/><E64/><V61/><F129/><W116/><G116/><T60/><D15/><U74/><E67/><AGARI ba="0,1" hai="51,54,56,57,60,67,69,70,97,101,105" m="47625" machi="67" ten="30,1000,0" yaku="18,1" doraHai="86" who="0" fromWho="1" sc="230,20,171,-10,330,0,259,0" /><INIT seed="3,0,0,4,0,41" ten="250,161,330,259" oya="3" hai0="65,9,105,109,38,90,122,135,75,18,88,48,27" hai1="49,106,134,92,107,123,100,118,114,133,62,67,4" hai2="82,86,11,17,64,110,3,116,50,52,69,31,121" hai3="129,26,120,94,93,13,83,124,19,68,8,28,36"/><W40/><G120/><T131/><D122/><U103/><E123/><V101/><F110/><W99/><G68/><T15/><D75/><U78/><E4/><V113/><F113/><W33/><G129/><T104/><D109/><U96/><E49/><V47/><F116/><W56/><G124/><T102/><D131/><U58/><E114/><V61/><F121/><W128/><G128/><T71/><D135/><N who="1" m="51723" /><E58/><V51/><F51/><W29/><G29/><T57/><D38/><U111/><E62/><V98/><F31/><W43/><G36/><T39/><D39/><U25/><E25/><V125/><F125/><W10/><G10/><T119/><D119/><U84/><E67/><V97/><F101/><W21/><G33/><T63/><D27/><U108/><E118/><V91/><F3/><W76/><G56/><T34/><D34/><U126/><E126/><V95/><F95/><W53/><G53/><T70/><D70/><U0/><E0/><V59/><F69/><W35/><G35/><T6/><D6/><U23/><E23/><V5/><F5/><W14/><G14/><AGARI ba="0,0" hai="11,14,17,47,50,52,59,61,64,82,86,91,97,98" machi="14" ten="40,8000,1" yaku="25,2,8,1,52,1,54,1" doraHai="41" who="2" fromWho="3" sc="250,0,161,0,330,80,259,-80" owari="250,5.0,161,-34.0,410,51.0,179,-22.0" /></mjloggm>