<mjloggm ver="2.3"><GO type="41" lobby="0"/><UN n0="%68%69%72%6F%61%6B%69" n1="%E3%82%A6%E3%83%AB%E3%83%88%E3%83%A9%E7%AB%8B%E7%9B%B4" n2="%4B%2D%59%41%53" n3="%6B%77%6C%61%75" dan="13,15,15,15" rate="1868.69,2009.47,2064.13,2016.05" sx="M,M,M,F"/><TAIKYOKU oya="0"/><INIT seed="0,0,0,4,0,5" ten="250,250,250,250" oya="0" hai0="26,10,33,64,47,122,82,74,54,30,35,87,27" hai1="116,66,25,0,125,109,69,23,43,4,107,13,61" hai2="34,86,112,83,58,42,95,124,123,71,55,120,104" hai3="2,121,78,88,91,133,118,41,73,36,76,68,39"/><T113/><D122/><U97/><E116/><V46/><F104/><W21/><G118/><T114/><D74/><U96/><E109/><V85/><F71/><W24/><G121/><T90/><D64/><U134/><E134/><V31/><F112/><W92/><G68/><T50/><D10/><U16/><E125/><V127/><F95/><W59/><G2/><T48/><REACH who="0" step="1"/><D50/><REACH who="0" ten="240,250,250,250" step="2"/><U93/><E66/><V11/><F123/><W115/><G73/><T6/><D6/><U72/><E72/><V101/><F11/><W98/><G115/><T70/><D70/><U77/><E69/><V40/><F120/><W75/><G75/><T129/><D129/><U135/><E4/><V57/><F124/><W84/><G39/><T111/><D111/><U132/><E132/><V15/><F127/><W117/><G36/><T130/><D130/><U38/><E135/><V81/><F34/><W67/><G67/><T94/><D94/><U128/><E38/><V17/><F83/><W108/><G108/><T60/><D60/><U45/><E61/><V103/><F81/><W32/><G32/><T53/><D53/><U126/><E126/><V12/><F55/><W63/><G133/><T49/><D49/><U8/><E93/><V102/><F42/><W28/><G41/><T44/><D44/><U105/><E45/><V20/><F46/><W3/><G117/><T7/><D7/><U19/><E43/><V100/><F40/><W51/><G51/><T99/><D99/><N who="1" m="37963" /><E128/><V62/><F62/><W22/><G92/><T89/><D89/><U56/><E107/><V106/><F106/><RYUUKYOKU ba="0,1" sc="240,30,250,-10,250,-10,250,-10" hai0="26,27,30,33,35,47,48,54,82,87,90,113,114" /><INIT seed="0,1,1,3,2,67" ten="270,240,240,240" oya="0" hai0="126,33,114,31,13,83,63,6,69,103,9,99,10" hai1="56,74,61,7,100,4,101,84,22,129,17,77,120" hai2="89,113,21,44,50,0,112,48,78,118,96,43,66" hai3="130,57,121,51,36,68,16,24,133,25,135,76,70"/><T106/><D114/><U38/><E38/><V5/><F118/><W11/><G36/><T41/><D126/><U104/><E74/><V92/><F78/><W19/><G76/><T119/><D119/><U27/><E120/><V46/><F66/><W116/><G116/><T81/><D41/><U39/><E39/><V14/><F0/><W93/><G121/><T110/><D10/><U12/><E129/><V49/><F49/><W54/><G130/><T86/><D86/><U125/><E125/><V60/><F60/><W32/><G93/><T122/><D122/><U59/><E59/><V73/><F73/><W53/><G32/><T90/><D90/><U111/><E111/><V102/><F89/><W88/><G88/><T79/><D79/><U95/><E104/><V23/><F113/><W123/><G123/><T1/><D13/><U128/><E128/><V62/><F62/><W65/><G65/><N who="0" m="41151" /><D110/><U3/><E3/><V115/><F23/><W45/><G11/><T40/><D40/><U52/><E12/><V98/><F98/><W124/><G124/><T97/><D97/><N who="1" m="59455" /><E101/><V2/><F2/><W109/><G109/><T58/><D58/><U85/><E85/><V30/><F30/><W107/><G107/><T105/><D105/><U131/><E131/><V42/><REACH who="2" step="1"/><F21/><REACH who="2" ten="270,240,230,240" step="2"/><W91/><G91/><T26/><AGARI ba="1,2" hai="1,6,9,26,31,33,81,83,99,103,106" m="41151" machi="26" ten="30,3000,0" yaku="25,1,52,1" doraHai="67" who="0" fromWho="0" sc="270,53,240,-11,230,-11,240,-11" /><INIT seed="0,2,0,2,4,117" ten="323,229,219,229" oya="0" hai0="97,29,41,111,39,43,28,30,38,108,126,100,18" hai1="45,73,80,115,121,114,13,87,112,16,24,42,82" hai2="7,21,63,127,109,65,101,102,84,67,83,76,120" hai3="44,75,130,99,129,134,11,35,104,25,32,88,61"/><T103/><D126/><U0/><E0/><V10/><F109/><N who="0" m="42058" /><D18/><U5/><E73/><V6/><F120/><W52/><G75/><T14/><D14/><U9/><E121/><V64/><F127/><W124/><G124/><T98/><D98/><U48/><E24/><V54/><F21/><W56/><G44/><T95/><D95/><U40/><E82/><V58/><REACH who="2" step="1"/><F6/><REACH who="2" ten="323,229,209,229" step="2"/><W116/><G11/><T66/><D66/><U107/><E107/><V55/><F55/><W31/><G116/><T96/><D96/><U34/><E34/><V128/><F128/><N who="3" m="49259" /><G35/><T93/><D100/><U110/><E110/><V72/><F72/><W91/><G134/><T85/><D85/><U47/><E5/><V17/><F17/><W33/><G33/><T70/><D70/><U68/><E68/><V27/><F27/><W36/><G36/><AGARI ba="2,1" hai="28,29,30,36,38,39,41,43,93,97,103" m="42058" machi="36" ten="40,3900,0" yaku="14,1,10,1" doraHai="117" who="0" fromWho="3" sc="323,55,229,0,209,0,229,-45" /><INIT seed="0,3,0,1,1,67" ten="378,229,209,184" oya="0" hai0="115,5,109,42,105,88,130,81,128,123,119,60,120" hai1="80,100,59,125,126,111,26,113,10,54,0,131,24" hai2="18,83,114,48,7,77,91,53,39,57,33,1,85" hai3="65,58,112,30,11,45,127,90,72,64,135,28,87"/><T43/><D105/><U78/><E100/><V93/><F114/><W14/><G112/><T110/><D115/><U70/><E113/><V63/><F39/><W106/><G72/><T52/><D5/><N who="1" m="1319" /><E24/><V98/><F33/><W75/><G75/><T9/><D9/><U66/><E26/><V35/><F35/><W133/><G106/><T97/><D119/><U61/><E54/><V3/><F7/><W34/><G34/><T102/><D102/><U41/><E41/><V32/><F32/><W117/><G117/><T55/><D60/><U104/><E104/><V84/><F18/><W4/><G127/><N who="1" m="48650" /><E111/><N who="0" m="42505" /><D43/><U116/><E116/><V86/><REACH who="2" step="1"/><F63/><REACH who="2" ten="378,229,199,184" step="2"/><W23/><G30/><T40/><D120/><U99/><E131/><V94/><F94/><W121/><G121/><T29/><D123/><U68/><E99/><V79/><F79/><W89/><G28/><T62/><D62/><U6/><E6/><V74/><AGARI ba="3,1" hai="1,3,48,53,57,74,77,83,84,85,86,91,93,98" machi="74" ten="30,2000,0" yaku="1,1,0,1,53,0" doraHai="67" doraHaiUra="132" who="2" fromWho="2" sc="378,-13,229,-8,199,39,184,-8" /><INIT seed="1,0,0,4,3,125" ten="365,221,238,176" oya="1" hai0="74,29,104,35,15,84,50,99,109,128,87,22,90" hai1="103,7,9,45,59,25,49,77,94,124,12,28,26" hai2="93,36,112,53,68,52,24,85,98,0,86,46,91" hai3="117,33,96,102,121,27,101,2,1,43,133,79,107"/><U32/><E124/><V64/><F0/><W37/><G121/><T47/><D35/><U13/><E59/><V73/><F73/><W58/><G133/><T54/><D74/><U80/><E12/><V127/><F127/><W21/><G117/><T20/><D109/><U106/><E106/><V69/><F112/><W75/><G101/><T72/><D72/><U122/><E122/><V111/><F111/><W5/><G58/><T48/><D104/><U76/><E26/><V41/><F24/><W82/><G21/><T100/><D100/><U31/><E31/><V39/><F39/><W123/><G123/><T14/><D99/><U30/><E30/><V92/><F86/><W61/><G61/><T56/><D29/><U18/><E18/><V3/><F3/><W8/><G2/><T114/><D114/><U67/><E67/><V23/><F23/><W135/><G135/><T118/><D118/><U129/><E129/><V11/><F11/><W65/><G65/><T55/><D128/><U10/><E10/><V83/><F93/><W57/><G57/><T95/><D87/><U113/><E113/><V78/><REACH who="2" step="1"/><F69/><REACH who="2" ten="365,221,228,176" step="2"/><W38/><G43/><T16/><D22/><N who="1" m="15415" /><E80/><V17/><F17/><W108/><G108/><T63/><D14/><U6/><E6/><V71/><F71/><W105/><G105/><T97/><D84/><U126/><E126/><V4/><F4/><W119/><G119/><T132/><D132/><U62/><E32/><V88/><F88/><W81/><G81/><T89/><D90/><U19/><E19/><V34/><F34/><W51/><G51/><AGARI ba="0,1" hai="15,16,20,47,48,50,51,54,55,56,63,89,95,97" machi="51" ten="40,5200,0" yaku="6,1,8,1,54,1" doraHai="125" who="0" fromWho="3" sc="365,62,221,0,228,0,176,-52" /><INIT seed="2,0,0,4,5,53" ten="427,221,228,124" oya="2" hai0="9,85,120,69,130,41,21,50,122,10,131,106,2" hai1="25,31,62,75,84,88,115,37,63,107,128,30,105" hai2="125,74,87,46,33,3,38,44,113,43,82,12,117" hai3="86,58,81,92,123,66,20,73,16,17,97,94,134"/><V47/><F113/><W13/><G123/><T91/><D106/><U70/><E37/><V48/><F117/><W6/><G73/><T18/><D69/><U65/><E75/><V93/><F3/><W129/><G134/><T78/><D78/><U61/><E128/><N who="0" m="49193" /><D2/><U24/><E115/><V23/><F33/><W36/><G36/><T101/><D101/><U55/><E62/><V57/><F74/><W135/><G129/><T96/><D96/><U26/><E105/><V32/><F32/><W104/><G135/><T59/><D9/><U100/><E100/><V15/><F125/><W114/><G114/><T5/><D5/><U8/><E8/><V14/><F93/><W127/><G127/><T67/><D10/><U95/><E107/><V83/><F23/><N who="3" m="11663" /><G6/><T72/><D41/><U19/><E19/><V133/><F133/><W112/><G112/><T54/><D67/><U71/><E71/><V40/><F38/><W90/><G104/><T77/><D77/><U52/><REACH who="1" step="1"/><E55/><REACH who="1" ten="427,211,228,124" step="2"/><N who="2" m="31975" /><F83/><W116/><G116/><T7/><D72/><U64/><E64/><V51/><F40/><W34/><G34/><T79/><D7/><U108/><E108/><V103/><F103/><W80/><G80/><N who="0" m="49575" /><D79/><AGARI ba="0,1" hai="12,14,15,43,44,46,47,51,79,82,87" m="31975" machi="79" ten="30,2900,0" yaku="8,1,52,1" doraHai="53" who="2" fromWho="0" sc="427,-29,211,0,228,39,124,0" /><INIT seed="2,1,0,3,2,81" ten="398,211,267,124" oya="2" hai0="84,93,18,0,120,71,101,55,118,131,21,44,63" hai1="6,25,116,86,52,105,80,67,70,128,92,74,32" hai2="10,1,51,39,16,88,35,79,14,112,24,109,72" hai3="75,57,20,117,68,76,119,130,77,98,113,66,89"/><V124/><F112/><W7/><G68/><T82/><D0/><U73/><E116/><V38/><F124/><W29/><G113/><T43/><D120/><U28/><E128/><V99/><F109/><W127/><G130/><T97/><D118/><U114/><E114/><V61/><F1/><W27/><G127/><T121/><D121/><U126/><E126/><V56/><F51/><W45/><G7/><T123/><D123/><U47/><E105/><V5/><F79/><W8/><G8/><T37/><D131/><U54/><E6/><V4/><F72/><W125/><G125/><T83/><D83/><U40/><E92/><N who="2" m="56711" /><F39/><W133/><G133/><T23/><D18/><U34/><E34/><V48/><F38/><W107/><G45/><T49/><D71/><U106/><E106/><V87/><F35/><W36/><G36/><T9/><D9/><U108/><E108/><V104/><F104/><W129/><G129/><T95/><D95/><U115/><E115/><V33/><F33/><W11/><G11/><T17/><D37/><N who="1" m="21903" /><E74/><V59/><F48/><W78/><G75/><T111/><D111/><U64/><E73/><V65/><F56/><W19/><G29/><T2/><D2/><U31/><E70/><V58/><F58/><W60/><REACH who="3" step="1"/><G89/><REACH who="3" ten="398,211,267,114" step="2"/><N who="0" m="51351" /><D17/><U69/><E69/><V53/><F4/><W134/><G134/><T50/><D63/><U13/><E31/><V15/><F5/><W12/><G12/><T102/><D102/><AGARI ba="1,1" hai="19,20,27,57,60,66,76,77,78,98,102,107,117,119" machi="102" ten="40,1300,0" yaku="1,1,53,0" doraHai="81" doraHaiUra="135" who="3" fromWho="0" sc="398,-16,211,0,267,0,114,26" /><INIT seed="3,0,0,5,5,46" ten="382,211,267,140" oya="3" hai0="67,21,41,44,24,25,34,1,135,74,9,68,28" hai1="123,8,26,65,38,134,23,127,35,6,66,89,13" hai2="80,133,61,109,92,53,50,126,111,93,124,87,69" hai3="103,110,43,86,84,121,94,83,11,112,88,114,52"/><W98/><G43/><T78/><D135/><U29/><E38/><V32/><F32/><W113/><G11/><T97/><D67/><U20/><E123/><V70/><F133/><W60/><G121/><T31/><D68/><N who="2" m="26218" /><F61/><W125/><G125/><N who="2" m="48233" /><F80/><N who="3" m="49159" /><G52/><T54/><D54/><U104/><E104/><V107/><F107/><W30/><G60/><T16/><D97/><U7/><E134/><V42/><F42/><W101/><G30/><T122/><D122/><U119/><E127/><V117/><F117/><W48/><G48/><T82/><D34/><U91/><E119/><V71/><N who="2" m="26226" /><V3/><DORA hai="99" /><F3/><W39/><G39/><N who="0" m="21567" /><D25/><U120/><E120/><V27/><F27/><W36/><G36/><T72/><D72/><U90/><E66/><V64/><F64/><W59/><G59/><T62/><D62/><U63/><E63/><V51/><F87/><W115/><N who="3" m="29184" /><DORA hai="33" /><W75/><G75/><T19/><D19/><U105/><E65/><V15/><F15/><W108/><G103/><T47/><D47/><U0/><E7/><AGARI ba="0,0" hai="1,7,9,16,21,24,28,31,74,78,82" m="21567" machi="7" ten="30,3900,0" yaku="25,1,52,1,54,1" doraHai="46,99,33" who="0" fromWho="1" sc="382,39,211,-39,267,0,140,0" /><INIT seed="4,0,0,1,2,115" ten="421,172,267,140" oya="0" hai0="54,76,40,38,117,52,95,6,91,126,4,16,55" hai1="19,30,25,106,123,65,67,5,24,88,29,44,48" hai2="118,78,101,0,50,114,51,17,131,125,42,57,75" hai3="84,103,98,8,18,47,90,80,20,34,100,81,68"/><T93/><D126/><U129/><E106/><V127/><F114/><W62/><G34/><T104/><D104/><U26/><E129/><V122/><F122/><W22/><G8/><T96/><D117/><U134/><E134/><V102/><F0/><W83/><G68/><T64/><D64/><N who="1" m="24651" /><E5/><V3/><F3/><W120/><G120/><T45/><D76/><U130/><E130/><V73/><F131/><W46/><G62/><T56/><D56/><U119/><E119/><V33/><F118/><W112/><G112/><T109/><D109/><U7/><E7/><V69/><F33/><W97/><G84/><T12/><REACH who="0" step="1"/><D95/><REACH who="0" ten="411,172,267,140" step="2"/><U1/><E123/><V71/><F57/><W27/><G90/><T2/><D2/><U49/><E1/><V132/><F78/><W43/><G43/><T79/><D79/><U133/><E133/><V92/><F92/><W36/><G36/><T128/><D128/><U15/><E88/><V113/><F113/><W89/><G89/><T111/><D111/><U28/><E44/><N who="3" m="16938" /><G103/><T23/><AGARI ba="0,1" hai="4,6,12,16,23,38,40,45,52,54,55,91,93,96" machi="23" ten="30,11700,0" yaku="1,1,0,1,54,2,53,0" doraHai="115" doraHaiUra="32" who="0" fromWho="0" sc="411,127,172,-39,267,-39,140,-39" /><INIT seed="4,1,0,2,2,79" ten="538,133,228,101" oya="0" hai0="14,42,11,72,110,125,10,89,133,61,124,93,78" hai1="66,129,115,127,132,24,81,114,22,91,15,119,60" hai2="38,29,135,87,31,17,109,108,18,43,99,77,83" hai3="52,49,98,117,46,104,113,56,1,131,122,13,30"/><T64/><D42/><U123/><E119/><V74/><F135/><W19/><G117/><T55/><D55/><U111/><E111/><V126/><F126/><W84/><G1/><T65/><D133/><U48/><E123/><V26/><F31/><W8/><G122/><T88/><D110/><U23/><E132/><V4/><F108/><W102/><G113/><N who="1" m="43018" /><E127/><V68/><F109/><W25/><G131/><T94/><D78/><U0/><E0/><V50/><F38/><W20/><REACH who="3" step="1"/><G84/><REACH who="3" ten="538,133,228,91" step="2"/><T134/><D134/><U7/><E129/><V82/><F87/><W63/><G63/><T71/><D61/><U76/><E48/><V86/><F50/><W80/><G80/><T118/><D118/><U116/><E116/><V85/><F83/><W16/><G16/><T101/><D72/><N who="1" m="43143" /><E60/><V130/><F18/><W103/><G103/><T96/><D101/><U75/><E75/><V21/><F17/><W62/><G62/><T41/><D125/><U32/><E66/><V107/><F74/><W47/><AGARI ba="1,1" hai="8,13,19,20,25,30,46,47,49,52,56,98,102,104" machi="47" ten="30,4000,0" yaku="1,1,0,1,54,1,53,0" doraHai="79" doraHaiUra="128" who="3" fromWho="3" sc="538,-21,133,-11,228,-11,91,53" /><INIT seed="5,0,0,4,4,24" ten="517,122,217,144" oya="1" hai0="56,116,133,23,67,98,58,97,83,94,14,95,76" hai1="47,16,48,84,11,73,101,128,105,71,114,36,61" hai2="107,12,120,125,20,31,124,89,90,93,60,0,111" hai3="127,57,28,75,119,55,45,103,79,50,66,27,13"/><U2/><E73/><V91/><F111/><W87/><G127/><N who="2" m="48713" /><F107/><W131/><G131/><T122/><D116/><U104/><E36/><V126/><N who="2" m="48721" /><V72/><DORA hai="44" /><F0/><W42/><G119/><T64/><D133/><U35/><E35/><V38/><F120/><W86/><G66/><T99/><D122/><U9/><E128/><V63/><F38/><W1/><G1/><T109/><D109/><U46/><E114/><V5/><F72/><W17/><G103/><T121/><D121/><U19/><E71/><V15/><F93/><W53/><G75/><T112/><D112/><U123/><E123/><V18/><F31/><W62/><G79/><T37/><D37/><U51/><E2/><V82/><F82/><W29/><G55/><T113/><D113/><U26/><E101/><V33/><F33/><W108/><G108/><T34/><D76/><U6/><E6/><V132/><F132/><W41/><G41/><T4/><D83/><U68/><E68/><V81/><F81/><W100/><G100/><T88/><D34/><U77/><E77/><V3/><F3/><W135/><G135/><T69/><D69/><U85/><E26/><V115/><F115/><W54/><G42/><T130/><D130/><U52/><E52/><V129/><F129/><W21/><REACH who="3" step="1"/><G29/><REACH who="3" ten="517,122,217,134" step="2"/><T39/><D39/><U65/><E65/><V92/><F92/><W10/><AGARI ba="0,1" hai="10,13,17,21,27,28,45,50,53,54,57,62,86,87" machi="10" ten="20,16000,3" yaku="1,1,2,1,0,1,7,1,8,1,52,2,53,1" doraHai="24,44" doraHaiUra="7,117" who="3" fromWho="3" sc="517,-40,122,-80,217,-40,134,170" /><INIT seed="6,0,0,0,0,87" ten="477,42,177,304" oya="2" hai0="125,98,38,58,4,2,29,123,112,126,23,65,60" hai1="121,114,78,108,42,52,25,61,84,33,22,20,97" hai2="93,35,110,39,91,99,79,81,6,117,68,8,53" hai3="51,66,83,109,24,14,90,113,13,21,115,37,75"/><V94/><F117/><W17/><G37/><T133/><D38/><U30/><E108/><V135/><F39/><W57/><G109/><T130/><D123/><U1/><E114/><N who="3" m="43530" /><G75/><T92/><D112/><U86/><E121/><V104/><F110/><W9/><G9/><T18/><D29/><U107/><E1/><V32/><F104/><W73/><G73/><T5/><D130/><U47/><E78/><V10/><F68/><W74/><G74/><T82/><D82/><U27/><E33/><V120/><F120/><W50/><G66/><T70/><D133/><U129/><E129/><V28/><F135/><W134/><G134/><T96/><D96/><U15/><E15/><N who="3" m="5642" /><G57/><T80/><D58/><U67/><E97/><V111/><F111/><W105/><G105/><T49/><D2/><U63/><E107/><V88/><F53/><W127/><G127/><T3/><D126/><U131/><E131/><V7/><F79/><W77/><G77/><T45/><D3/><U59/><E42/><V41/><F41/><W26/><G26/><N who="0" m="14711" /><D125/><U71/><REACH who="1" step="1"/><E47/><REACH who="1" ten="477,32,177,304" step="2"/><V12/><F35/><W132/><G132/><T119/><D45/><U16/><AGARI ba="0,1" hai="16,20,22,25,27,30,52,59,61,63,67,71,84,86" machi="16" ten="20,16000,3" yaku="1,1,2,1,0,1,7,1,54,2,53,2" doraHai="87" doraHaiUra="19" who="1" fromWho="1" sc="477,-40,32,170,177,-80,304,-40" /><INIT seed="7,0,0,4,2,9" ten="437,202,97,264" oya="3" hai0="70,22,135,68,26,79,114,94,69,48,109,134,45" hai1="73,56,77,86,2,20,75,13,112,99,58,74,120" hai2="121,91,111,32,40,90,18,82,8,0,126,49,117" hai3="101,14,96,52,104,87,102,17,4,119,12,27,124"/><W85/><G119/><T92/><D109/><U76/><E2/><V115/><F18/><W110/><G110/><T29/><D79/><U133/><E120/><V88/><F82/><W34/><G124/><T62/><D62/><U89/><E112/><V103/><F103/><W83/><G102/><T28/><D28/><U113/><E113/><V11/><F115/><W33/><G4/><T39/><D39/><U129/><E129/><V24/><F111/><W3/><G3/><T51/><D51/><U7/><E133/><N who="0" m="50697" /><D114/><U108/><E108/><V44/><F117/><W93/><G104/><T60/><D60/><U50/><E99/><V66/><F126/><W97/><G97/><T30/><D30/><U35/><E35/><V59/><F121/><W63/><G33/><T23/><D23/><U106/><E106/><V15/><F0/><W123/><G123/><T122/><D122/><U84/><E84/><N who="3" m="32330" /><G83/><T107/><D107/><U54/><E58/><V98/><F98/><W46/><G34/><T72/><D72/><U64/><E64/><V10/><F32/><W118/><G118/><T128/><D128/><U105/><E105/><V53/><F66/><W57/><G46/><T78/><D78/><U38/><E38/><V16/><REACH who="2" step="1"/><F24/><REACH who="2" ten="437,202,87,264" step="2"/><W100/><G100/><T116/><D116/><U43/><E76/><V67/><F67/><W1/><G1/><T127/><D127/><U31/><E77/><V37/><AGARI ba="0,1" hai="8,10,11,15,16,37,40,44,49,53,59,88,90,91" machi="37" ten="30,8000,1" yaku="1,1,0,1,52,1,54,2,53,0" doraHai="9" doraHaiUra="131" who="2" fromWho="2" sc="437,-20,202,-20,87,90,264,-40" owari="417,52.0,182,-22.0,177,-32.0,224,2.0" /></mjloggm>