<mjloggm ver="2.3"><GO type="169" lobby="0"/><UN n0="%E3%82%A6%E3%83%AB%E3%83%88%E3%83%A9%E7%AB%8B%E7%9B%B4" n1="%E5%8E%9F%E4%BA%BA%E3%81%A1%E3%82%83%E3%82%93" n2="%E6%9D%89%E6%B5%A6%E4%BC%8A%E6%BE%84" n3="%E3%81%BE%E3%83%BC%E3%81%A1%E3%82%83%E3%82%80" dan="17,16,16,16" rate="2213.96,2073.86,2125.98,2119.41" sx="M,M,M,M"/><TAIKYOKU oya="0"/><INIT seed="0,0,0,3,3,100" ten="250,250,250,250" oya="0" hai0="51,130,47,37,94,9,11,120,75,34,27,79,125" hai1="95,134,77,23,53,99,63,93,106,121,46,10,82" hai2="8,39,16,52,88,81,35,7,19,65,0,41,97" hai3="123,114,133,80,21,31,86,24,26,22,20,6,90"/><T124/><D37/><U58/><E121/><V5/><F35/><W25/><G114/><T131/><D120/><U64/><E134/><V13/><F65/><W12/><G123/><T87/><D75/><U115/><E115/><V67/><F67/><W89/><G133/><T30/><D79/><U15/><E23/><V103/><F41/><W55/><G55/><T96/><D87/><U29/><E29/><V92/><F39/><W128/><G128/><N who="0" m="49195" /><D96/><U56/><E46/><V132/><F132/><W126/><G126/><N who="0" m="48747" /><D94/><U36/><E36/><V54/><F19/><W129/><G129/><T14/><D14/><U44/><E44/><V122/><F122/><W28/><G89/><T32/><D34/><U2/><E2/><V118/><F118/><W108/><G90/><T119/><D119/><U61/><E99/><V43/><F43/><AGARI ba="0,0" hai="9,11,27,30,32,43,47,51" m="48747,49195" machi="43" ten="30,2900,0" yaku="19,1,18,1" doraHai="100" who="0" fromWho="2" sc="250,29,250,0,250,-29,250,0" /><INIT seed="0,1,0,1,5,54" ten="279,250,221,250" oya="0" hai0="129,2,81,3,134,79,96,82,122,84,78,15,34" hai1="35,46,125,101,9,107,124,45,22,8,111,98,11" hai2="104,23,76,132,5,40,91,41,14,59,13,75,31" hai3="65,100,74,30,33,44,0,72,10,80,121,48,25"/><T26/><D122/><U58/><E35/><V52/><F104/><W51/><G121/><T27/><D129/><U123/><E123/><V38/><F132/><W71/><G100/><T63/><D134/><U68/><E68/><V61/><F38/><W12/><G0/><T90/><D63/><U92/><E111/><V108/><F108/><W102/><G102/><T120/><D120/><U39/><E22/><V42/><F5/><W32/><G32/><T69/><D69/><U17/><E17/><V83/><REACH who="2" step="1"/><F91/><REACH who="2" ten="279,250,211,250" step="2"/><W114/><G114/><T106/><D106/><U118/><E107/><V49/><F49/><W16/><G51/><T95/><D2/><U60/><E118/><V21/><F21/><W133/><G133/><T119/><D3/><U55/><REACH who="1" step="1"/><E39/><REACH who="1" ten="279,240,211,250" step="2"/><V20/><F20/><W62/><REACH who="3" step="1"/><G80/><REACH who="3" ten="279,240,211,240" step="2"/><T110/><D34/><U77/><E77/><V127/><F127/><AGARI ba="1,3" hai="8,9,11,45,46,55,58,60,92,98,101,124,125,127" machi="127" ten="40,8000,1" yaku="1,1,18,1,52,1,53,2" doraHai="54" doraHaiUra="43" who="1" fromWho="2" sc="279,0,240,113,211,-83,240,0" /><INIT seed="1,0,0,3,2,96" ten="279,353,128,240" oya="1" hai0="26,35,122,117,129,64,31,11,133,105,104,22,116" hai1="52,72,91,86,4,44,2,45,90,63,78,124,42" hai2="36,68,7,83,123,43,121,108,53,49,66,119,94" hai3="59,126,62,23,29,120,102,50,101,40,51,132,32"/><U127/><E72/><V115/><F7/><W106/><G32/><T38/><D38/><U134/><E134/><V89/><F83/><W20/><G120/><T118/><D122/><N who="2" m="46602" /><F89/><N who="1" m="33801" /><E4/><V82/><F94/><W111/><G106/><T67/><D129/><U17/><E2/><V14/><F14/><W112/><G112/><T84/><D133/><U1/><E1/><V128/><F82/><W97/><G132/><T0/><D84/><U41/><E86/><V15/><F15/><W103/><G126/><N who="1" m="48170" /><E78/><V34/><F34/><W33/><G97/><T130/><D130/><U48/><E17/><V93/><F93/><W8/><G8/><T19/><D105/><U28/><E28/><V30/><F30/><W135/><G135/><T54/><D104/><U5/><E5/><V114/><F128/><W12/><G33/><T46/><D0/><U131/><E131/><V92/><F92/><W18/><G40/><N who="1" m="15466" /><E63/><N who="2" m="40031" /><F119/><W27/><G111/><T70/><D31/><U73/><E73/><V13/><F13/><W71/><G71/><T39/><D70/><U16/><E16/><V69/><F69/><W57/><G57/><AGARI ba="0,0" hai="44,45,48,52,57" m="15466,48170,33801" machi="57" ten="30,2900,0" yaku="18,1,54,1" doraHai="96" who="1" fromWho="3" sc="279,0,353,29,128,0,240,-29" /><INIT seed="1,1,0,3,4,12" ten="279,382,128,211" oya="1" hai0="112,109,1,14,41,74,102,19,98,85,91,90,8" hai1="108,42,73,27,131,86,128,123,130,110,0,2,36" hai2="23,37,11,65,57,119,127,44,70,88,75,3,118" hai3="107,53,78,71,72,34,31,7,24,66,59,89,45"/><U6/><E73/><V13/><F127/><W38/><G7/><T84/><D74/><U105/><E105/><V58/><F75/><W26/><G107/><T4/><D112/><U87/><E123/><V124/><F124/><W100/><G100/><T55/><D41/><U83/><E42/><V111/><F111/><N who="1" m="42537" /><E36/><V51/><F3/><N who="1" m="1065" /><E6/><V25/><F37/><W32/><G78/><T17/><D109/><U20/><E83/><V80/><F70/><W29/><G72/><T115/><D115/><U125/><E125/><V103/><F103/><W82/><G38/><T40/><D40/><U33/><E33/><V39/><F39/><W129/><G129/><N who="1" m="33026" /><U81/><DORA hai="79" /><E81/><V92/><F80/><W99/><G82/><N who="0" m="49431" /><D1/><U60/><E60/><V15/><F92/><W63/><G32/><T35/><D35/><U69/><E69/><V68/><F68/><W50/><G71/><T49/><D49/><U56/><E56/><V18/><F57/><W96/><G34/><T120/><D120/><U54/><E54/><V62/><F58/><W52/><G53/><T48/><D55/><U22/><E22/><V47/><F51/><W133/><G59/><T122/><D48/><U61/><E61/><V106/><F106/><W21/><G63/><T76/><D122/><U67/><E67/><V135/><F62/><W97/><G66/><T16/><D76/><U9/><E9/><V126/><F65/><W93/><G52/><T132/><D4/><U121/><E121/><V30/><F126/><W46/><G50/><T28/><D8/><U101/><E101/><V113/><F11/><RYUUKYOKU ba="1,0" sc="279,-10,382,30,128,-10,211,-10" hai1="20,27,86,87" /><INIT seed="1,2,0,4,0,29" ten="269,412,118,201" oya="1" hai0="84,35,60,77,6,15,76,114,129,32,98,21,69" hai1="14,65,56,73,12,75,81,3,88,51,20,52,127" hai2="26,55,104,74,39,25,111,49,94,67,101,17,135" hai3="16,72,30,59,115,27,1,83,18,118,47,10,9"/><U22/><E3/><V13/><F111/><W108/><G115/><T116/><D116/><U44/><E127/><V2/><F2/><W126/><G108/><T124/><D114/><U117/><E117/><V133/><F104/><W112/><G112/><T128/><D124/><U48/><E75/><V123/><F123/><W132/><G118/><T50/><D98/><U28/><E73/><V64/><F39/><W93/><G126/><T34/><D50/><U0/><E0/><V41/><F41/><W92/><G47/><T19/><D6/><U89/><E65/><N who="2" m="25163" /><F74/><W90/><G59/><T57/><D69/><U113/><E113/><V80/><F80/><W95/><G132/><N who="2" m="50761" /><F94/><W54/><G54/><N who="0" m="33847" /><D84/><N who="1" m="50191" /><E89/><V102/><F102/><W71/><G71/><T106/><D106/><U120/><E120/><V96/><F96/><W99/><G99/><T103/><D103/><U11/><E28/><V91/><F91/><W85/><G72/><T63/><D63/><U58/><E58/><N who="2" m="33135" /><F101/><W66/><G66/><T46/><D46/><U31/><E31/><V53/><F53/><W82/><G82/><T40/><D40/><N who="1" m="24583" /><E14/><V109/><F109/><W97/><G97/><T87/><D87/><U105/><E105/><V45/><F45/><W8/><REACH who="3" step="1"/><G1/><REACH who="3" ten="269,412,118,191" step="2"/><T36/><D36/><U130/><E56/><V23/><AGARI ba="2,1" hai="13,17,23,25,26" m="33135,50761,25163" machi="23" ten="30,1100,0" yaku="20,1" doraHai="29" who="2" fromWho="2" sc="269,-5,412,-7,118,27,191,-5" /><INIT seed="2,0,0,3,2,4" ten="264,405,145,186" oya="2" hai0="0,55,122,29,86,53,102,34,131,1,127,125,92" hai1="119,93,22,19,101,84,134,105,33,100,73,110,130" hai2="81,58,31,15,79,75,63,85,70,106,129,32,121" hai3="28,24,94,111,113,61,36,38,54,40,49,3,118"/><V9/><F121/><W78/><G113/><T104/><D104/><U115/><E33/><V126/><F70/><W62/><G118/><T68/><D68/><U76/><E115/><V20/><F129/><W64/><G40/><T30/><D122/><U95/><E119/><V27/><F126/><N who="0" m="48138" /><D131/><U88/><E130/><V97/><F75/><W44/><G111/><T48/><D55/><U12/><E110/><V17/><F97/><W5/><G78/><T43/><D43/><U39/><E39/><V37/><F106/><W82/><G82/><T46/><D34/><U45/><E134/><V67/><REACH who="2" step="1"/><F37/><REACH who="2" ten="264,405,135,186" step="2"/><W69/><G38/><T11/><D86/><N who="1" m="52375" /><E105/><V47/><F47/><W89/><G36/><T41/><D102/><U21/><E45/><V132/><F132/><W117/><G69/><T80/><D46/><U96/><E84/><V57/><F57/><W52/><G117/><T72/><D72/><U87/><E87/><V2/><F2/><W99/><G44/><T65/><D0/><U35/><E101/><V77/><F77/><W128/><G128/><T60/><D1/><U8/><E76/><V107/><F107/><W83/><G3/><T42/><D42/><U91/><E73/><V6/><F6/><W10/><G5/><T114/><D41/><U120/><E100/><V51/><F51/><W74/><G49/><T90/><D48/><U18/><E120/><V26/><F26/><W108/><G24/><T123/><D123/><U109/><E96/><V7/><F7/><W112/><G74/><T66/><D114/><U14/><E14/><V25/><F25/><RYUUKYOKU ba="0,1" sc="264,-10,405,-10,135,30,186,-10" hai2="9,15,17,20,27,31,32,58,63,67,79,81,85" /><INIT seed="2,1,1,5,2,41" ten="254,395,165,176" oya="2" hai0="45,55,101,132,98,133,6,28,130,56,89,82,77" hai1="106,0,92,54,15,135,49,109,116,47,38,51,62" hai2="76,40,72,104,102,128,26,126,48,103,30,27,9" hai3="87,50,115,70,23,14,32,125,25,71,33,18,93"/><V58/><F128/><W44/><G125/><T97/><D130/><U12/><E0/><V8/><F126/><W75/><G75/><T2/><D28/><U96/><E106/><V90/><F90/><W129/><G129/><T22/><D22/><U34/><E34/><V67/><F27/><W16/><G115/><T64/><D64/><U31/><E116/><V83/><F67/><W121/><G121/><T11/><D89/><U123/><E123/><V134/><F134/><N who="0" m="51818" /><D101/><U21/><E135/><V99/><F103/><W17/><G17/><T43/><D55/><N who="1" m="30143" /><E109/><V120/><F120/><W73/><G73/><N who="0" m="43311" /><D56/><U100/><E62/><V5/><F5/><W113/><G113/><T107/><D107/><U68/><E38/><AGARI ba="1,1" hai="2,6,11,38,43,45,97,98" m="43311,51818" machi="38" ten="30,3900,0" yaku="25,1,20,1,52,1" doraHai="41" who="0" fromWho="1" sc="254,52,395,-42,165,0,176,0" /><INIT seed="3,0,0,3,2,96" ten="306,353,165,176" oya="3" hai0="59,64,56,28,135,67,40,9,54,124,19,4,18" hai1="87,117,78,122,27,113,95,81,5,22,86,72,1" hai2="118,85,103,29,57,99,108,35,34,101,20,104,10" hai3="105,123,30,79,7,130,115,12,71,70,49,62,75"/><W23/><G123/><T128/><D40/><U83/><E122/><V61/><F118/><W102/><G115/><T53/><D28/><U37/><E113/><V114/><F114/><W106/><G130/><T110/><D110/><U127/><E117/><V88/><F108/><W76/><G75/><T38/><D38/><U116/><E116/><V24/><F10/><W100/><G49/><T125/><D135/><U14/><E127/><V58/><F58/><W55/><G55/><T63/><D128/><U82/><E37/><V8/><F8/><W80/><G7/><T77/><D77/><U6/><E1/><V32/><F99/><W112/><G112/><T133/><D133/><U129/><E129/><V60/><F104/><W111/><G111/><T69/><D69/><U41/><E41/><V11/><F11/><W43/><G43/><T131/><D131/><U51/><E72/><V2/><F2/><W17/><G30/><T68/><D68/><U92/><E51/><V91/><F91/><W132/><G132/><T121/><D121/><U90/><E82/><V42/><F42/><W47/><G47/><T15/><D67/><U120/><E120/><V39/><F39/><W107/><G71/><T94/><D94/><N who="1" m="35883" /><E14/><V134/><F134/><W97/><G97/><T36/><D36/><U33/><E33/><V44/><F44/><W3/><G3/><T31/><D64/><U25/><E25/><V21/><F61/><W0/><G0/><T89/><D125/><U50/><E50/><V46/><F46/><W66/><G80/><T16/><D124/><U13/><E13/><RYUUKYOKU ba="0,0" sc="306,-15,353,15,165,-15,176,15" hai1="5,6,22,27,78,81,83,86,87,90" hai3="12,17,23,62,66,70,76,79,100,102,105,106,107" /><INIT seed="3,1,0,0,3,54" ten="291,368,150,191" oya="3" hai0="65,76,121,133,92,49,40,74,98,61,102,88,66" hai1="123,81,95,2,52,50,62,46,28,112,51,0,85" hai2="90,53,132,72,20,89,1,13,22,26,128,14,116" hai3="134,77,87,73,108,84,3,93,12,59,8,71,124"/><W55/><G71/><T78/><D121/><U126/><E123/><V127/><F116/><W130/><G3/><T44/><D133/><U103/><E112/><V94/><F1/><W111/><G134/><T69/><D74/><U104/><E104/><V115/><F115/><W29/><G130/><T48/><D66/><U105/><E105/><V33/><F132/><W119/><G119/><T117/><D117/><U32/><E126/><V39/><F128/><W42/><G42/><T36/><D36/><U114/><E114/><V19/><F127/><W101/><G29/><T100/><D49/><U10/><E32/><V57/><F72/><W68/><G68/><T9/><D9/><U45/><E28/><N who="2" m="17495" /><F33/><W25/><G25/><T63/><D63/><U131/><E131/><V35/><F39/><W122/><G122/><T79/><AGARI ba="1,0" hai="40,44,48,61,65,69,76,78,79,88,92,98,100,102" machi="79" ten="30,2000,0" yaku="0,1,54,1" doraHai="54" who="0" fromWho="0" sc="291,23,368,-6,150,-6,191,-11" /><INIT seed="4,0,0,1,0,40" ten="314,362,144,180" oya="0" hai0="10,61,53,27,32,37,79,16,127,17,18,6,98" hai1="9,111,51,122,119,63,11,14,25,135,116,133,47" hai2="35,121,95,46,55,126,13,50,123,58,72,0,12" hai3="70,100,1,36,81,66,96,125,76,5,108,134,34"/><T67/><D37/><U68/><E122/><V80/><F35/><W22/><G134/><N who="1" m="51210" /><E111/><V91/><F0/><W54/><G108/><T71/><D127/><U52/><E25/><V86/><F126/><W92/><G34/><T19/><D79/><U26/><E26/><V65/><F123/><W49/><G36/><T131/><D131/><U31/><E31/><V114/><F114/><W28/><G125/><T102/><D53/><U15/><E15/><V23/><F72/><W59/><G5/><T64/><D64/><N who="1" m="40991" /><E11/><V2/><F2/><W33/><G1/><T104/><D19/><AGARI ba="0,0" hai="9,14,19,47,51,52,116,119" m="40991,51210" machi="19" ten="30,3900,0" yaku="20,1,52,1,54,1" doraHai="40" who="1" fromWho="0" sc="314,-39,362,39,144,0,180,0" /><INIT seed="5,0,0,1,0,46" ten="275,401,144,180" oya="1" hai0="32,21,100,14,125,101,70,130,52,105,76,75,118" hai1="116,111,93,31,131,90,115,91,27,103,6,43,95" hai2="23,104,59,11,123,57,77,4,29,88,121,60,1" hai3="8,97,35,63,80,107,98,85,0,51,110,38,127"/><U15/><E116/><V36/><F104/><W44/><G35/><T28/><D70/><U106/><E115/><V69/><F77/><W72/><G72/><T7/><D32/><U26/><E131/><V9/><F69/><W30/><G30/><T132/><D118/><U94/><E111/><V42/><F11/><W50/><G110/><T2/><D2/><U82/><E106/><V20/><F59/><W79/><G127/><T41/><D41/><U53/><E43/><V126/><F126/><W19/><G38/><T25/><D76/><U133/><E133/><V54/><F42/><W37/><G37/><T78/><D105/><U120/><E120/><V112/><F36/><W74/><G44/><T12/><D125/><U65/><E65/><V68/><F68/><W16/><G63/><T33/><D130/><U117/><E103/><V113/><F29/><W122/><G122/><T5/><D33/><U135/><E135/><V66/><F66/><W108/><G108/><T67/><D67/><U34/><E117/><V102/><F102/><N who="0" m="39530" /><D78/><U62/><E27/><V49/><F60/><W45/><G107/><T18/><D75/><U64/><E64/><V83/><F123/><W114/><G114/><N who="2" m="44137" /><F121/><W40/><G74/><T109/><D109/><U129/><E129/><V3/><F3/><W17/><REACH who="3" step="1"/><G50/><REACH who="3" ten="275,401,144,170" step="2"/><T134/><D28/><U56/><E62/><V73/><F73/><W84/><G84/><AGARI ba="0,1" hai="1,4,9,20,23,49,54,57,83,84,88" m="44137" machi="84" ten="30,7700,0" yaku="15,1,11,1,52,1,54,1" doraHai="46" who="2" fromWho="3" sc="275,0,401,0,144,87,170,-77" /><INIT seed="6,0,0,0,0,110" ten="275,401,231,93" oya="2" hai0="64,23,41,81,34,58,47,91,55,106,101,70,50" hai1="123,36,8,66,96,111,78,82,95,7,14,100,53" hai2="42,72,28,87,116,77,126,80,128,92,102,26,85" hai3="54,84,119,57,129,127,122,13,104,2,10,76,5"/><V43/><F116/><W109/><G104/><T124/><D34/><U32/><E111/><V51/><F128/><W94/><G122/><T71/><D124/><U30/><E123/><V16/><F126/><W73/><G109/><T69/><D101/><U40/><E66/><V90/><F87/><W75/><G127/><T99/><D106/><U103/><E103/><V134/><F134/><W4/><G119/><T15/><D15/><U108/><E108/><V49/><F102/><W20/><G129/><T22/><D64/><U0/><E53/><V52/><F51/><W11/><G76/><T89/><D81/><U117/><E14/><V112/><F112/><W93/><G75/><T97/><D97/><U39/><E117/><V133/><F133/><W35/><G35/><T38/><REACH who="0" step="1"/><D99/><REACH who="0" ten="265,401,231,93" step="2"/><N who="1" m="59519" /><E82/><V113/><F80/><W63/><G73/><T67/><D67/><U56/><E96/><V17/><F72/><W61/><G61/><T6/><D6/><U121/><E7/><V68/><F77/><W135/><G135/><T79/><D79/><U19/><E78/><V62/><F62/><W65/><G65/><T1/><D1/><U9/><E32/><V98/><F98/><W130/><G130/><T37/><D37/><U24/><E0/><V74/><F74/><W3/><G20/><AGARI ba="0,1" hai="20,22,23,38,41,47,50,55,58,69,70,71,89,91" machi="20" ten="40,2600,0" yaku="1,1,53,1" doraHai="110" doraHaiUra="44" who="0" fromWho="3" sc="265,36,401,0,231,0,93,-26" /><INIT seed="7,0,0,0,1,37" ten="301,401,231,67" oya="3" hai0="47,87,12,108,32,0,39,105,129,35,118,38,102" hai1="135,79,48,30,103,95,104,60,56,81,67,41,7" hai2="70,120,29,82,15,9,110,50,24,100,121,101,88" hai3="6,134,23,124,123,75,25,13,89,54,122,8,111"/><W44/><G111/><T55/><D87/><N who="1" m="48575" /><E104/><V94/><F70/><W62/><G75/><T128/><D55/><U84/><E135/><V106/><F106/><W57/><G134/><T86/><D12/><U93/><E7/><V117/><F82/><W16/><G124/><T19/><D86/><U11/><E11/><V40/><F117/><W131/><G131/><T14/><D19/><U3/><E3/><V76/><F76/><W126/><G126/><T69/><D14/><U59/><E103/><V115/><F115/><W71/><G71/><T63/><D47/><N who="1" m="25711" /><E30/><V49/><F110/><W116/><G116/><T99/><D118/><U65/><E84/><V20/><F50/><W132/><G132/><T64/><D0/><U58/><E60/><V83/><F83/><W36/><REACH who="3" step="1"/><G89/><REACH who="3" ten="301,401,231,57" step="2"/><T119/><D119/><U107/><E67/><V91/><F91/><W51/><G51/><T98/><D108/><U66/><E66/><V45/><F88/><W4/><G4/><T1/><D129/><U10/><E65/><V27/><F49/><W31/><G31/><T97/><D128/><U26/><E59/><V78/><F29/><W114/><G114/><T125/><D125/><U22/><E58/><V133/><F133/><W80/><G80/><T28/><D28/><U61/><E56/><V34/><F78/><W90/><G90/><T127/><D127/><U72/><E72/><V52/><F34/><N who="0" m="12842" /><D39/><U113/><E113/><V77/><F77/><W92/><G92/><T46/><D38/><U33/><E95/><V2/><F94/><W53/><G53/><T74/><D74/><RYUUKYOKU ba="0,1" sc="301,-10,401,-10,231,-10,57,30" hai3="6,8,13,16,23,25,36,44,54,57,62,122,123" /><INIT seed="7,1,1,5,0,118" ten="291,391,221,87" oya="3" hai0="93,8,9,1,41,32,67,71,120,47,54,26,135" hai1="42,99,122,124,85,70,52,22,104,34,123,77,95" hai2="24,72,110,19,126,49,38,5,48,133,66,96,132" hai3="80,16,98,43,73,129,14,78,29,46,130,114,68"/><W75/><G68/><T18/><D9/><U17/><E34/><V101/><F110/><W45/><G114/><T81/><D54/><U97/><E104/><V40/><F126/><W74/><G29/><T7/><D93/><U11/><E123/><V20/><F72/><W84/><G98/><T0/><D0/><U103/><E122/><V61/><F5/><W107/><G107/><T31/><D135/><N who="2" m="51786" /><F40/><W35/><G35/><T23/><D67/><U60/><E70/><N who="2" m="42319" /><F38/><W90/><G78/><T37/><D71/><U15/><E99/><V50/><F50/><W58/><G58/><T127/><D127/><U94/><E42/><V59/><F59/><W119/><G119/><T64/><D64/><U131/><E94/><AGARI ba="1,1" hai="19,20,24,48,49,94,96,101" m="42319,51786" machi="94" ten="30,1000,0" yaku="20,1" doraHai="118" who="2" fromWho="1" sc="291,0,391,-13,221,23,87,0" owari="291,9.0,378,48.0,244,-16.0,87,-41.0" /></mjloggm>