<mjloggm ver="2.3"><GO type="97" lobby="0"/><UN n0="%E6%88%90%E7%80%AC%E5%BF%83%E7%BE%8E" n1="%E3%81%A7%E3%82%93%E3%81%A7%E3%82%93%E2%99%AA" n2="%E3%82%A6%E3%83%AB%E3%83%88%E3%83%A9%E7%AB%8B%E7%9B%B4" n3="%E5%85%B5%E8%97%A4" dan="14,15,14,13" rate="1969.42,1991.59,1962.41,1819.70" sx="M,F,M,M"/><TAIKYOKU oya="0"/><INIT seed="0,0,0,1,2,21" ten="250,250,250,250" oya="0" hai0="39,124,125,82,122,9,92,45,100,87,26,59,112" hai1="48,95,113,86,16,98,40,54,10,57,99,18,7" hai2="72,115,27,30,46,42,50,15,8,12,119,65,31" hai3="97,89,118,47,83,60,17,114,52,24,105,106,51"/><T36/><D122/><U135/><E135/><V128/><F72/><W20/><G114/><T56/><D112/><U37/><E113/><V131/><F115/><W69/><G118/><T109/><D109/><U120/><E120/><V96/><F119/><W61/><G61/><T23/><D9/><U38/><E86/><V81/><F65/><W0/><G0/><T78/><D92/><U127/><E127/><N who="0" m="48713" /><D100/><U64/><E64/><V4/><F31/><W5/><G5/><T103/><D103/><U73/><E73/><V70/><F70/><W93/><G69/><T121/><D121/><U76/><E76/><V49/><F96/><W111/><G111/><T41/><D39/><U43/><E37/><V88/><F15/><W85/><REACH who="3" step="1"/><G60/><REACH who="3" ten="250,250,250,240" step="2"/><T79/><D79/><AGARI ba="0,1" hai="17,20,24,47,51,52,79,83,85,89,93,97,105,106" machi="79" ten="30,8000,1" yaku="1,1,2,1,7,1,52,1,54,1,53,0" doraHai="21" doraHaiUra="25" who="3" fromWho="0" sc="250,-80,250,0,250,0,240,90" /><INIT seed="1,0,0,4,2,63" ten="170,250,250,330" oya="1" hai0="43,16,42,85,6,45,95,47,82,41,101,127,34" hai1="0,98,40,44,49,37,109,38,107,72,1,124,8" hai2="96,75,68,51,50,2,57,70,27,81,108,89,74" hai3="26,114,92,22,7,29,86,36,25,17,121,99,97"/><U52/><E72/><V129/><F2/><W117/><G114/><T62/><D127/><U48/><E124/><V105/><F27/><W115/><G121/><T3/><D34/><U133/><E133/><V134/><F96/><W59/><G115/><T116/><D116/><U18/><E109/><V90/><F81/><W76/><G36/><T87/><D6/><U131/><E131/><V54/><F57/><W64/><G117/><T122/><D3/><U5/><E0/><V65/><F105/><W58/><G7/><T53/><D122/><U84/><E84/><V15/><F15/><W28/><G97/><T113/><D113/><U130/><E130/><V110/><F54/><W106/><G106/><T24/><D101/><U93/><E107/><V125/><F125/><W126/><G126/><T23/><D95/><U31/><E18/><V14/><F14/><W30/><G26/><T111/><D111/><U94/><E31/><V83/><F83/><N who="3" m="47463" /><G64/><T10/><D10/><U21/><E21/><V33/><F129/><W67/><G67/><T39/><D39/><U4/><E4/><V132/><F33/><W19/><G19/><T104/><D104/><U79/><E79/><V78/><F65/><W56/><G30/><T100/><D100/><AGARI ba="0,0" hai="17,22,25,28,29,56,58,59,92,99,100" m="47463" machi="100" ten="30,1000,0" yaku="8,1" doraHai="63" who="3" fromWho="0" sc="170,-10,250,0,250,0,330,10" /><INIT seed="2,0,0,2,3,46" ten="160,250,250,340" oya="2" hai0="42,6,80,0,14,123,15,39,18,108,126,97,134" hai1="66,24,31,62,69,50,53,78,125,131,109,41,112" hai2="100,43,84,20,106,29,8,57,86,83,51,27,93" hai3="12,92,7,94,44,10,79,135,40,75,71,60,128"/><V87/><F106/><W85/><G128/><T35/><D123/><U49/><E112/><V55/><F43/><W67/><G135/><T16/><D108/><U58/><E109/><V17/><F100/><W99/><G75/><T45/><D134/><U26/><E131/><V113/><F113/><W70/><G70/><T59/><D126/><U96/><E125/><V64/><F93/><W30/><G30/><T130/><D130/><U122/><E122/><V11/><F64/><W121/><G121/><T118/><D118/><U116/><E116/><V124/><F124/><W63/><G63/><T102/><D35/><U114/><E114/><V77/><REACH who="2" step="1"/><F29/><REACH who="2" ten="160,250,240,340" step="2"/><W111/><G111/><T25/><D80/><U61/><E41/><V5/><F5/><W90/><G94/><T105/><D59/><U74/><E96/><V101/><F101/><W127/><G127/><T38/><D38/><U22/><E24/><V1/><F1/><W4/><G7/><T13/><REACH who="0" step="1"/><D25/><REACH who="0" ten="150,250,240,340" step="2"/><U81/><AGARI ba="0,2" hai="22,26,31,49,50,53,58,61,62,66,69,74,78,81" machi="81" ten="30,4000,0" yaku="0,1,52,2" doraHai="46" who="1" fromWho="1" sc="150,-10,250,60,240,-20,340,-10" /><INIT seed="3,0,0,5,5,28" ten="140,310,220,330" oya="3" hai0="66,113,89,68,29,7,40,102,122,95,125,114,80" hai1="131,25,120,19,82,130,60,108,75,118,45,36,16" hai2="112,12,8,42,1,62,128,2,26,53,6,117,92" hai3="48,18,91,69,55,106,58,93,22,134,132,51,59"/><W85/><G106/><T30/><D122/><U87/><E120/><V111/><F112/><W35/><G35/><T4/><D125/><U100/><E75/><V110/><F117/><W64/><G69/><T41/><D102/><U10/><E118/><V9/><F42/><W86/><G86/><T107/><D80/><U11/><E108/><N who="2" m="41515" /><F92/><W77/><G77/><T94/><D66/><U103/><E60/><V61/><F53/><N who="3" m="32039" /><G64/><T49/><D49/><U33/><E33/><V5/><F12/><AGARI ba="0,0" hai="12,18,22,51,55,59,85,91,93,132,134" m="32039" machi="12" ten="30,1500,0" yaku="25,1" doraHai="28" who="3" fromWho="2" sc="140,0,310,0,220,-15,330,15" owari="140,-36.0,310,11.0,205,-19.0,345,44.0" /></mjloggm>