<mjloggm ver="2.3"><GO type="97" lobby="0"/><UN n0="%E3%82%A6%E3%83%AB%E3%83%88%E3%83%A9%E7%AB%8B%E7%9B%B4" n1="%E3%81%B0%E3%81%B0%E3%81%A7%E3%81%99" n2="%50%6F%69%72%6F%74" n3="%64%68%69%6E%61%64%61%6E" dan="14,13,15,15" rate="1930.90,1901.89,1982.33,1955.87" sx="M,M,M,M"/><TAIKYOKU oya="0"/><INIT seed="0,0,0,4,0,101" ten="250,250,250,250" oya="0" hai0="76,46,63,58,26,98,69,72,71,61,121,60,52" hai1="31,64,8,68,44,7,48,28,134,135,3,25,66" hai2="131,65,45,99,73,125,103,41,23,15,2,119,24" hai3="32,20,33,94,14,116,47,106,96,87,115,124,104"/><T109/><D72/><U27/><E68/><N who="0" m="26185" /><D98/><U21/><E64/><V130/><F2/><W29/><G116/><T80/><D26/><N who="1" m="9739" /><E66/><V75/><F119/><W88/><G115/><T86/><D86/><U112/><E112/><V59/><F15/><W118/><G118/><T51/><D80/><U19/><E48/><V6/><F6/><W67/><G29/><N who="1" m="11338" /><E44/><V39/><F125/><W16/><G124/><T108/><D121/><U107/><E107/><V55/><F65/><W111/><G67/><N who="0" m="39319" /><D76/><U122/><E122/><V30/><F75/><W70/><G70/><T4/><D4/><U74/><E74/><V18/><F73/><W38/><G33/><T117/><D117/><U133/><E19/><V57/><F18/><W114/><G32/><T81/><D81/><U40/><E21/><V11/><F30/><W93/><G114/><T78/><D78/><U102/><E102/><V49/><F103/><W79/><G79/><T17/><D17/><U84/><E84/><V35/><F23/><W129/><G106/><T120/><D120/><U128/><E135/><V62/><F35/><W89/><G104/><T37/><D37/><U123/><E123/><V126/><F39/><W85/><G96/><T56/><D63/><U82/><E82/><V43/><F62/><W127/><G38/><T22/><D22/><U54/><E133/><V100/><F100/><W91/><G20/><T90/><D90/><U42/><E134/><V13/><F99/><W97/><G97/><T0/><D0/><U113/><E3/><V10/><F10/><W36/><G36/><T105/><D105/><RYUUKYOKU ba="0,0" sc="250,30,250,-10,250,-10,250,-10" hai0="46,51,52,56,61,108,109" /><INIT seed="0,1,0,2,3,68" ten="280,240,240,240" oya="0" hai0="63,31,9,123,11,96,30,124,48,72,111,60,2" hai1="129,94,46,54,50,6,121,15,88,99,79,74,5" hai2="103,52,120,22,113,104,134,114,127,131,82,56,64" hai3="58,92,135,33,17,51,14,57,13,70,93,3,1"/><T39/><D72/><U116/><E121/><V32/><F32/><W125/><G70/><T110/><D123/><U119/><E129/><V28/><F120/><W97/><G33/><T100/><D48/><U26/><E26/><V4/><F127/><W83/><G125/><T101/><D124/><U7/><REACH who="1" step="1"/><E15/><REACH who="1" ten="280,230,240,240" step="2"/><V69/><F114/><W108/><G14/><T65/><D2/><U20/><E20/><V12/><F22/><W62/><G3/><T87/><D31/><U25/><E25/><V44/><F44/><W77/><G1/><T98/><D30/><U23/><E23/><V18/><F12/><W35/><G13/><T40/><D9/><U0/><E0/><V75/><F28/><W84/><G35/><T128/><D11/><U130/><E130/><V76/><F131/><W19/><G17/><T95/><D128/><U89/><E89/><V53/><F18/><W34/><G19/><T107/><D111/><U16/><E16/><V86/><F113/><W115/><G34/><T61/><D110/><U27/><E27/><V85/><F4/><W91/><G108/><T109/><D109/><U118/><E118/><V78/><F103/><W21/><G21/><T37/><D101/><U106/><E106/><V10/><F104/><W8/><G115/><T29/><D107/><U38/><E38/><V47/><F10/><W67/><G8/><T36/><D100/><U122/><E122/><V55/><F78/><W112/><G112/><T81/><D29/><U102/><E102/><V105/><F105/><W41/><G91/><N who="0" m="53759" /><D39/><U59/><E59/><V24/><F24/><RYUUKYOKU ba="1,1" sc="280,-10,230,30,240,-10,240,-10" hai1="5,6,7,46,50,54,74,79,88,94,99,116,119" /><INIT seed="1,2,1,1,3,122" ten="270,260,230,230" oya="1" hai0="106,17,39,93,59,8,109,95,65,12,41,81,123" hai1="58,103,101,46,35,76,9,70,118,62,23,21,22" hai2="11,31,30,113,38,75,102,107,40,60,129,131,24" hai3="16,128,72,77,135,69,19,120,96,63,132,64,14"/><U115/><E118/><V105/><F75/><W130/><G120/><T10/><D106/><U67/><E35/><V45/><F11/><N who="3" m="6239" /><G72/><T53/><D65/><U28/><E115/><V36/><F31/><W27/><G77/><T50/><D123/><U82/><E9/><V74/><F60/><W47/><G47/><N who="0" m="25967" /><D39/><U29/><E46/><V124/><F124/><W121/><G121/><T98/><D109/><U104/><E104/><V4/><F4/><W34/><G96/><T1/><D1/><U18/><E18/><V57/><F57/><W111/><G111/><T33/><D33/><U44/><E44/><V66/><F66/><W71/><G71/><T125/><D125/><U42/><E42/><V119/><F74/><W126/><G126/><T87/><D98/><U112/><E112/><V134/><F113/><W117/><G117/><T85/><D10/><U84/><E70/><V56/><F119/><W97/><G97/><T92/><D81/><U55/><REACH who="1" step="1"/><E67/><REACH who="1" ten="270,250,230,230" step="2"/><V6/><F45/><W127/><G127/><T3/><D3/><U43/><E43/><V61/><F40/><W15/><G34/><T116/><D116/><U5/><E5/><V49/><F6/><W86/><G69/><T90/><D59/><U88/><E88/><V94/><F105/><W89/><G64/><T2/><D2/><U91/><E91/><V51/><F107/><W13/><G89/><N who="0" m="53311" /><D53/><U78/><E78/><V54/><F54/><W108/><G108/><T48/><D95/><U32/><E32/><V79/><F94/><W83/><G19/><T20/><D8/><U110/><E110/><RYUUKYOKU ba="2,2" sc="270,15,250,15,230,-15,230,-15" hai0="12,17,20,48,85,90,93" hai1="21,22,23,28,29,55,58,62,76,82,84,101,103" /><INIT seed="1,3,2,3,4,101" ten="285,265,215,215" oya="1" hai0="55,117,29,37,4,60,89,105,44,19,31,131,33" hai1="134,14,83,116,7,106,73,97,2,39,65,82,11" hai2="90,70,1,91,95,20,10,66,102,99,113,123,121" hai3="58,26,109,114,47,50,9,108,76,54,38,36,124"/><U115/><E39/><N who="3" m="14890" /><G26/><T12/><D105/><U128/><E116/><V85/><F113/><W41/><G76/><T84/><D131/><U125/><E115/><V42/><F42/><W30/><G30/><N who="0" m="11275" /><D37/><U23/><E73/><V62/><F20/><W35/><G35/><T67/><D33/><U127/><E128/><V111/><F111/><N who="3" m="42571" /><G9/><T129/><D4/><U88/><E134/><V96/><F1/><W98/><G98/><T122/><D129/><U64/><E23/><V100/><F10/><W69/><G69/><T119/><D122/><U5/><E5/><V52/><F52/><N who="3" m="32023" /><G114/><T79/><D79/><U92/><E106/><V18/><F18/><W22/><G22/><T71/><D71/><U3/><E3/><V6/><F6/><W130/><G54/><T77/><D77/><U107/><E107/><V87/><F99/><W78/><G78/><T94/><D117/><U0/><E0/><V28/><F28/><W110/><G110/><T45/><D55/><U104/><E104/><V57/><F70/><W112/><G112/><T21/><D119/><U118/><E118/><V40/><F121/><W51/><G130/><T32/><D32/><U132/><E132/><V81/><F123/><W126/><AGARI ba="3,2" hai="41,47,51,124,126" m="32023,42571,14890" machi="126" ten="40,8000,1" yaku="14,1,34,2,54,1" doraHai="101" who="3" fromWho="3" sc="285,-23,265,-43,215,-23,215,109" /><INIT seed="2,0,0,0,3,37" ten="262,222,192,324" oya="2" hai0="42,135,54,120,18,84,51,73,38,105,83,123,60" hai1="4,3,130,110,6,80,85,117,1,132,20,46,58" hai2="2,5,107,128,81,106,55,39,63,56,103,113,77" hai3="131,115,62,104,9,99,22,108,114,76,50,21,98"/><V61/><F113/><N who="3" m="43019" /><G108/><T121/><D105/><U13/><E117/><V25/><F39/><W72/><G131/><T111/><D111/><U48/><E110/><V59/><F128/><W91/><G76/><T35/><D35/><U26/><E130/><V16/><F103/><W67/><G72/><T82/><D135/><U11/><E132/><V127/><F127/><W96/><G104/><T57/><D73/><U14/><E58/><V118/><F118/><W87/><G9/><T78/><D83/><U71/><E71/><V109/><F109/><W53/><G62/><T40/><D38/><U133/><E133/><V129/><F129/><W125/><G67/><T17/><D17/><N who="1" m="12559" /><E3/><V45/><F45/><N who="3" m="27855" /><G125/><T32/><D32/><U102/><E102/><V28/><F5/><N who="1" m="2153" /><E11/><V93/><F2/><W86/><G86/><T92/><D18/><U52/><E1/><V44/><F16/><W69/><G69/><T24/><D24/><U0/><E0/><V119/><F119/><W122/><G122/><T68/><REACH who="0" step="1"/><D92/><AGARI ba="0,0" hai="21,22,87,91,92,96,98,99" m="27855,43019" machi="92" ten="30,1000,0" yaku="11,1" doraHai="37" who="3" fromWho="0" sc="262,-10,222,0,192,0,324,10" /><INIT seed="3,0,0,2,3,37" ten="252,222,192,334" oya="3" hai0="26,117,85,113,103,16,38,21,116,4,121,93,5" hai1="71,53,1,68,81,127,128,10,41,36,83,74,114" hai2="48,126,15,24,120,69,13,17,133,100,19,7,29" hai3="72,134,75,61,60,77,50,34,91,55,54,58,18"/><W123/><G34/><T108/><D38/><U35/><E114/><V27/><F69/><W33/><G33/><T101/><D121/><U63/><E35/><V8/><F100/><W31/><G31/><T43/><D108/><U49/><E127/><V67/><F67/><W2/><G2/><T52/><D113/><U82/><E128/><V94/><F120/><W132/><G123/><T131/><D131/><U6/><E63/><V104/><F104/><W111/><G111/><T87/><D52/><U51/><E71/><V42/><F94/><W14/><G91/><T84/><D117/><U115/><E115/><V96/><F96/><W30/><G30/><T89/><D116/><U22/><E22/><V56/><F126/><W95/><G95/><T65/><D65/><U98/><E98/><V57/><F133/><N who="3" m="51307" /><G77/><T80/><D80/><N who="1" m="30827" /><E68/><V59/><F7/><N who="0" m="2634" /><D89/><U66/><E66/><V112/><F112/><W118/><G61/><T130/><D130/><U125/><E125/><V9/><F29/><W28/><G28/><T106/><D106/><U97/><E97/><V78/><F78/><W122/><G118/><T79/><D79/><N who="1" m="44535" /><E53/><V11/><F11/><N who="3" m="6495" /><G122/><T73/><D73/><U135/><E135/><V47/><AGARI ba="0,0" hai="8,9,13,15,17,19,24,27,42,47,48,56,57,59" machi="47" ten="30,7900,0" yaku="0,1,9,1,8,1,52,1" doraHai="37" who="2" fromWho="2" sc="252,-20,222,-20,192,79,334,-39" /><INIT seed="4,0,0,0,4,61" ten="232,202,271,295" oya="0" hai0="23,130,127,66,13,6,8,50,30,17,116,84,71" hai1="25,39,19,10,126,12,90,100,44,9,133,80,70" hai2="83,51,97,73,62,119,91,92,98,108,128,21,94" hai3="67,107,76,41,64,38,114,4,57,95,99,28,55"/><T101/><D116/><U45/><E70/><V46/><F119/><W31/><G107/><T129/><D127/><U5/><E100/><V89/><F108/><W85/><G38/><T53/><D101/><U54/><E126/><V106/><F128/><N who="0" m="49258" /><D84/><N who="1" m="50439" /><E39/><V49/><F106/><W7/><G41/><T118/><D30/><N who="3" m="11305" /><G114/><T77/><D77/><U82/><E82/><V88/><F73/><W11/><G11/><T122/><D122/><U111/><E111/><V72/><F72/><W131/><G131/><T24/><D118/><U79/><E79/><V16/><F62/><N who="3" m="36159" /><G85/><T58/><D71/><U109/><E109/><V115/><F115/><W43/><G43/><T36/><D36/><U0/><E133/><V124/><F124/><W105/><G105/><T135/><D135/><U18/><E0/><V60/><F60/><W110/><G76/><T96/><D96/><U104/><E104/><V2/><F2/><W32/><G32/><T34/><D34/><U14/><E54/><V59/><F83/><W81/><G81/><T35/><D35/><U1/><E1/><V33/><F33/><W52/><G52/><T78/><D78/><U125/><E125/><V47/><F91/><N who="3" m="55807" /><G110/><T112/><D112/><U123/><E123/><V27/><F59/><W103/><G103/><T63/><D50/><AGARI ba="0,0" hai="16,21,27,46,47,49,50,51,88,89,92,94,97,98" machi="50" ten="40,8000,1" yaku="9,1,8,1,54,2" doraHai="61" who="2" fromWho="0" sc="232,-80,202,0,271,80,295,0" owari="152,-35.0,202,-20.0,351,45.0,295,10.0" /></mjloggm>