<mjloggm ver="2.3"><GO type="97" lobby="0"/><UN n0="%E8%97%A4%E5%A0%82%E8%A6%81" n1="%6D%69%70%70%6F" n2="%E7%99%BD%E9%BB%92%E5%85%88%E7%94%9F" n3="%E3%82%A6%E3%83%AB%E3%83%88%E3%83%A9%E7%AB%8B%E7%9B%B4" dan="15,15,15,15" rate="1980.56,1996.44,2017.89,1969.61" sx="F,M,M,M"/><TAIKYOKU oya="0"/><INIT seed="0,0,0,5,0,23" ten="250,250,250,250" oya="0" hai0="69,22,131,0,46,2,120,50,76,45,37,103,5" hai1="73,30,107,94,34,86,6,67,51,12,27,98,79" hai2="92,128,88,9,114,10,13,108,53,93,48,28,59" hai3="66,29,42,117,127,109,96,116,17,55,52,111,110"/><T43/><D120/><U104/><E73/><V105/><F105/><W24/><G127/><T72/><D69/><U3/><E3/><V133/><F108/><W8/><G42/><T124/><D124/><U134/><E134/><V58/><F133/><W61/><G96/><T83/><D103/><U115/><E115/><V91/><F114/><W60/><G17/><T21/><D131/><U7/><E67/><V85/><F128/><W84/><G84/><T19/><D5/><U71/><E71/><V4/><F28/><W95/><G95/><T40/><REACH who="0" step="1"/><D22/><REACH who="0" ten="240,250,250,250" step="2"/><N who="1" m="15735" /><E107/><V39/><F39/><W129/><G129/><T20/><D20/><U32/><E32/><V125/><F125/><W106/><G116/><T14/><AGARI ba="0,1" hai="0,2,14,19,21,37,40,43,45,46,50,72,76,83" machi="14" ten="20,7800,0" yaku="1,1,0,1,7,1,53,1" doraHai="23" doraHaiUra="15" who="0" fromWho="0" sc="240,88,250,-26,250,-26,250,-26" /><INIT seed="0,1,0,5,4,99" ten="328,224,224,224" oya="0" hai0="95,118,115,37,16,64,72,116,41,46,111,103,6" hai1="120,38,49,129,4,3,10,28,48,80,109,132,68" hai2="65,50,88,55,34,7,101,11,124,104,43,127,131" hai3="79,69,107,22,33,81,113,42,76,30,98,32,110"/><T60/><D115/><U17/><E109/><V77/><F131/><W52/><G22/><T119/><D72/><U108/><E38/><V133/><F133/><W85/><G79/><T93/><D6/><U19/><E120/><V21/><F34/><W117/><G117/><T51/><D111/><U123/><E108/><V96/><F77/><W105/><G110/><T122/><D122/><U8/><E68/><V61/><F43/><W89/><G42/><T5/><D5/><U54/><E123/><V63/><F21/><W59/><G69/><T126/><D126/><N who="2" m="48170" /><F88/><W91/><G91/><T62/><D62/><U56/><E28/><V57/><F65/><W35/><G30/><T73/><D73/><U67/><E67/><V25/><F25/><W12/><G12/><AGARI ba="1,0" hai="7,11,12,50,55,57,61,63,96,101,104" m="48170" machi="12" ten="30,2000,0" yaku="18,1,52,1" doraHai="99" who="2" fromWho="3" sc="328,0,224,0,224,23,224,-23" /><INIT seed="1,0,0,5,4,127" ten="328,224,247,201" oya="1" hai0="99,113,48,9,19,91,130,105,33,5,116,55,132" hai1="54,46,96,42,68,122,126,75,32,86,51,71,74" hai2="6,88,64,35,106,131,57,117,4,43,76,18,47" hai3="10,66,84,40,67,2,98,101,8,44,65,56,121"/><U60/><E122/><V12/><F106/><W81/><G121/><T30/><D113/><U103/><E32/><V14/><F35/><W111/><G111/><T82/><D116/><U31/><E126/><V21/><F76/><W78/><G2/><T95/><D33/><U69/><E31/><V61/><F117/><W70/><G70/><T104/><D30/><U108/><E86/><V92/><F131/><W29/><G29/><T41/><D41/><U90/><E90/><V62/><F62/><W135/><G135/><T119/><D132/><U58/><REACH who="1" step="1"/><E108/><REACH who="1" ten="328,214,247,201" step="2"/><V77/><F77/><W80/><G98/><T39/><D99/><U28/><E28/><V107/><F107/><AGARI ba="0,1" hai="42,46,51,54,58,60,68,69,71,74,75,96,103,107" machi="107" ten="40,2000,0" yaku="1,1,53,0" doraHai="127" doraHaiUra="0" who="1" fromWho="2" sc="328,0,214,30,247,-20,201,0" /><INIT seed="1,1,0,3,3,103" ten="328,244,227,201" oya="1" hai0="4,135,38,90,63,1,96,79,118,94,80,0,124" hai1="32,20,131,17,105,106,55,13,98,61,62,56,95" hai2="29,48,109,66,101,50,111,65,128,46,117,60,54" hai3="125,16,83,9,57,18,68,59,52,123,37,77,5"/><U25/><E131/><V23/><F101/><W42/><G68/><T47/><D118/><U33/><E62/><V8/><F8/><W67/><G123/><T7/><D124/><U51/><E51/><V114/><F29/><W129/><G125/><T133/><D63/><U134/><E134/><N who="0" m="51209" /><D47/><U11/><E32/><V53/><F23/><W70/><G70/><T3/><D38/><U2/><E2/><V69/><F117/><W88/><G129/><T100/><D100/><U108/><E33/><V58/><F128/><W12/><G42/><T14/><D14/><U78/><E78/><V64/><F114/><W34/><G34/><T93/><D93/><U15/><E15/><V27/><F27/><W107/><G77/><T112/><D112/><U126/><E126/><V21/><F21/><W36/><G36/><T28/><D28/><U30/><E108/><AGARI ba="1,0" hai="46,48,50,53,54,58,60,64,65,66,69,108,109,111" machi="108" ten="40,8000,1" yaku="14,1,34,3" doraHai="103" who="2" fromWho="1" sc="328,0,244,-83,227,83,201,0" /><INIT seed="2,0,0,2,1,81" ten="328,161,310,201" oya="2" hai0="115,133,131,60,103,97,117,11,57,85,1,92,30" hai1="8,23,39,88,58,96,113,77,49,128,55,132,61" hai2="25,28,69,66,109,7,111,12,19,70,37,95,15" hai3="4,21,120,116,35,14,75,38,24,16,56,73,47"/><V98/><F37/><W112/><G120/><T3/><D115/><U53/><E39/><V43/><F43/><W2/><G112/><T125/><D131/><U67/><E113/><V101/><F7/><W27/><G116/><T80/><D30/><U51/><E128/><V31/><F31/><N who="3" m="19943" /><G47/><T110/><D125/><U64/><E77/><V0/><F0/><W93/><G38/><T10/><D133/><U22/><E132/><V33/><F15/><W105/><G105/><T84/><D110/><N who="2" m="41994" /><F66/><W91/><G56/><T68/><D117/><U79/><E8/><AGARI ba="0,0" hai="8,12,19,25,28,33,69,70,95,98,101" m="41994" machi="8" ten="30,2900,0" yaku="14,1,10,1" doraHai="81" who="2" fromWho="1" sc="328,0,161,-29,310,29,201,0" /><INIT seed="2,1,0,0,0,23" ten="328,132,339,201" oya="2" hai0="46,20,101,71,69,59,116,9,95,83,107,79,90" hai1="125,86,119,102,12,89,64,77,4,126,70,13,55" hai2="84,76,78,100,87,61,108,41,2,44,63,51,24" hai3="3,82,88,103,115,74,72,58,92,127,120,5,22"/><V1/><F108/><W85/><G120/><T123/><D116/><U32/><E119/><V98/><F2/><W62/><G127/><N who="1" m="48650" /><E77/><V65/><F1/><W114/><G5/><T68/><D123/><U128/><E102/><V38/><F38/><W124/><G3/><T15/><D20/><U131/><E32/><V48/><F48/><W135/><G124/><T111/><D111/><U0/><E64/><V112/><F112/><N who="3" m="43051" /><G22/><T42/><D59/><U66/><E70/><V36/><F36/><W110/><G110/><T21/><D21/><U14/><E66/><V67/><F67/><N who="3" m="39383" /><G135/><T134/><D134/><U18/><E55/><V91/><F63/><W132/><G132/><T33/><D33/><U17/><E89/><V50/><F50/><W29/><G29/><T104/><D101/><U106/><E86/><V7/><F87/><W35/><G35/><T122/><D122/><U40/><E40/><V93/><F76/><W19/><G19/><N who="1" m="7178" /><E106/><V25/><F78/><W39/><G39/><T47/><D79/><U6/><E0/><V30/><F30/><W28/><G28/><T43/><D104/><U94/><E94/><V57/><F7/><AGARI ba="1,0" hai="4,6,7,12,13,14,128,131" m="7178,48650" machi="7" ten="40,8000,1" yaku="28,2,18,1,34,2" doraHai="23" who="1" fromWho="2" sc="328,0,132,83,339,-83,201,0" /><INIT seed="3,0,0,5,2,83" ten="328,215,256,201" oya="3" hai0="114,50,78,98,90,6,21,85,70,22,133,19,4" hai1="26,102,55,89,58,43,132,96,5,106,82,105,112" hai2="7,8,118,57,125,67,121,31,15,25,94,40,81" hai3="56,24,128,39,93,111,14,76,88,16,101,135,47"/><W116/><G116/><T120/><D70/><U73/><E112/><V66/><F118/><W41/><G128/><T64/><D120/><U27/><E132/><V124/><F121/><W72/><G135/><T100/><D133/><U3/><E106/><V53/><F40/><W34/><G111/><T60/><D114/><U79/><E43/><V10/><F10/><W20/><G101/><T48/><D78/><U37/><E37/><V59/><F59/><W18/><G76/><T119/><D119/><U61/><E5/><N who="0" m="2153" /><D60/><U99/><E3/><V9/><F9/><W84/><G56/><T69/><D69/><U23/><E23/><V42/><F42/><W38/><G72/><T129/><D64/><U52/><E55/><V54/><F54/><W65/><G65/><T87/><D129/><U117/><REACH who="1" step="1"/><E117/><REACH who="1" ten="328,205,256,201" step="2"/><V74/><F66/><W71/><G71/><T77/><D22/><U1/><E1/><V30/><F67/><W28/><G18/><T122/><D21/><U12/><E12/><V110/><F15/><W63/><G63/><T123/><D19/><U35/><E35/><V44/><F53/><W11/><G34/><T95/><D123/><U46/><E46/><V17/><F17/><W91/><G91/><T33/><D122/><U51/><E51/><AGARI ba="0,1" hai="11,14,16,20,24,28,38,39,41,47,51,84,88,93" machi="51" ten="30,11600,0" yaku="7,1,52,1,54,2" doraHai="83" who="3" fromWho="1" sc="328,0,205,-116,256,0,201,126" /><INIT seed="3,1,0,1,3,48" ten="328,89,256,327" oya="3" hai0="1,42,11,114,36,115,8,78,73,18,111,124,121" hai1="113,21,47,31,28,4,81,41,13,66,117,5,110" hai2="68,0,29,80,70,100,45,60,98,130,12,90,99" hai3="63,122,3,6,87,91,64,94,59,93,7,52,30"/><W15/><G3/><T76/><D121/><U119/><E117/><V75/><F0/><W120/><G122/><T127/><D111/><U88/><E66/><V17/><F130/><W32/><G120/><T49/><D36/><U109/><E113/><N who="0" m="43017" /><D1/><U86/><E119/><V106/><F45/><W131/><G131/><T128/><D128/><U84/><E84/><V40/><F40/><W132/><G132/><T51/><D73/><U35/><E35/><V74/><F70/><W116/><G116/><T57/><D57/><U83/><E83/><V104/><F29/><W10/><G30/><T125/><D42/><U33/><E33/><V108/><F108/><W25/><G32/><T65/><D65/><U79/><E79/><N who="0" m="30249" /><D18/><N who="1" m="10447" /><E110/><V16/><F17/><N who="3" m="8439" /><G64/><T135/><D135/><U103/><E109/><V97/><F68/><W50/><G63/><T129/><D129/><U54/><E103/><V19/><F60/><W46/><G59/><T89/><D89/><U26/><E41/><V134/><F19/><W96/><G25/><T43/><D43/><U69/><E69/><V95/><F134/><W27/><G27/><T38/><D38/><U58/><E47/><V24/><F24/><W77/><G77/><T53/><D53/><U92/><E81/><V102/><REACH who="2" step="1"/><F80/><REACH who="2" ten="328,89,246,327" step="2"/><W85/><G7/><N who="1" m="2634" /><E26/><V9/><AGARI ba="1,1" hai="9,12,16,74,75,90,95,97,98,99,100,102,104,106" machi="9" ten="20,8000,1" yaku="1,1,0,1,7,1,9,1,54,1,53,0" doraHai="48" doraHaiUra="23" who="2" fromWho="2" sc="328,-21,89,-21,246,93,327,-41" owari="307,11.0,68,-43.0,339,43.0,286,-11.0" /></mjloggm>