<mjloggm ver="2.3"><GO type="97" lobby="0"/><UN n0="%E6%9C%AC%E6%9D%A5%E7%84%A1%E4%B8%80%E7%89%A9" n1="%E7%AB%B9%E9%87%8E%E9%83%8E%E3%81%AE%E5%BC%9F%E5%AD%90" n2="%E3%81%B7%E3%81%85%EF%BD%9E%E3%82%93" n3="%E3%82%A6%E3%83%AB%E3%83%88%E3%83%A9%E7%AB%8B%E7%9B%B4" dan="14,14,13,15" rate="1856.72,1915.63,1850.28,1983.27" sx="M,M,M,M"/><TAIKYOKU oya="0"/><INIT seed="0,0,0,1,4,68" ten="250,250,250,250" oya="0" hai0="60,57,117,128,47,120,59,89,108,130,19,64,77" hai1="127,53,126,116,99,82,8,0,111,93,98,50,74" hai2="4,106,71,54,42,118,125,96,73,31,112,135,17" hai3="27,105,81,13,123,91,51,32,43,104,134,115,30"/><T86/><D117/><U113/><E116/><V132/><F118/><W24/><G115/><T26/><D120/><U103/><E113/><V46/><F73/><W122/><G134/><N who="2" m="51241" /><F71/><W9/><G27/><T69/><D77/><U62/><E62/><V97/><F112/><W6/><G91/><T21/><D47/><U133/><E133/><V84/><F125/><N who="1" m="47625" /><E111/><V107/><F31/><W87/><G87/><T58/><REACH who="0" step="1"/><D108/><REACH who="0" ten="240,250,250,250" step="2"/><U109/><E109/><V28/><F107/><W5/><G105/><T44/><D44/><U70/><E74/><V33/><F46/><W25/><G104/><T49/><D49/><U48/><E50/><V90/><F106/><W83/><G51/><T102/><D102/><U75/><E48/><V94/><F42/><W85/><G43/><T88/><D88/><U101/><E75/><V63/><F63/><W34/><G122/><T18/><D18/><U66/><E103/><V124/><F124/><W1/><G123/><T11/><D11/><U56/><E8/><V29/><F90/><W95/><G9/><T37/><D37/><U121/><E101/><V78/><F78/><W41/><G41/><T14/><D14/><U61/><E121/><V36/><F36/><W52/><G13/><T76/><D76/><U67/><E0/><V79/><F79/><W129/><G1/><T131/><D131/><U35/><E70/><V7/><F17/><W55/><G129/><T72/><D72/><U92/><E35/><V119/><F119/><W10/><G34/><T15/><D15/><U100/><E100/><V65/><F33/><W39/><G32/><RYUUKYOKU ba="0,1" sc="240,30,250,-10,250,-10,250,-10" hai0="19,21,26,57,58,59,60,64,69,86,89,128,130" /><INIT seed="0,1,1,3,0,88" ten="270,240,240,240" oya="0" hai0="99,19,128,64,23,42,120,76,1,36,108,98,59" hai1="10,31,63,6,94,97,109,32,18,14,9,2,95" hai2="132,20,38,106,89,0,125,81,84,27,44,101,70" hai3="93,65,119,15,114,41,35,74,30,92,34,16,82"/><T77/><D120/><U105/><E109/><V104/><F132/><W131/><G114/><T43/><D1/><U133/><E133/><V130/><F125/><W111/><G119/><T123/><D123/><U62/><E105/><V117/><F130/><W87/><G74/><T22/><D128/><U110/><E110/><V57/><F117/><W11/><G131/><T4/><D108/><U33/><E33/><V21/><F70/><W56/><G111/><T100/><D36/><U54/><E97/><N who="0" m="36873" /><D100/><U52/><E32/><V75/><F75/><W79/><G35/><T122/><D122/><U112/><E112/><V28/><F101/><W129/><G129/><T71/><D71/><U113/><E113/><V103/><F0/><W3/><G3/><T50/><D19/><U48/><E31/><V7/><F103/><W96/><G96/><T51/><D4/><U90/><E90/><V68/><F68/><W83/><G83/><T85/><D85/><U66/><E63/><V135/><F7/><W72/><G72/><T61/><D76/><U46/><REACH who="1" step="1"/><E54/><REACH who="1" ten="270,230,240,240" step="2"/><V91/><F135/><W118/><G118/><T121/><D121/><U26/><E26/><V58/><F91/><W13/><G34/><T73/><D77/><U47/><E47/><V80/><F106/><W115/><G30/><T45/><D73/><U53/><E53/><V102/><F104/><W55/><G115/><T107/><D107/><U127/><E127/><V86/><F27/><W124/><G124/><T24/><D24/><U60/><E60/><V29/><F102/><W25/><G25/><T78/><D78/><RYUUKYOKU ba="1,2" sc="270,15,230,15,240,-15,240,-15" hai0="22,23,42,43,45,50,51,59,61,64" hai1="2,6,9,10,14,18,46,48,52,62,66,94,95" /><INIT seed="0,2,2,4,1,90" ten="285,245,225,225" oya="0" hai0="70,119,0,68,127,46,8,128,95,94,79,10,26" hai1="106,32,50,54,6,113,57,25,5,60,86,65,1" hai2="98,18,73,15,69,55,135,53,103,49,66,92,131" hai3="24,91,71,9,110,47,62,123,33,112,124,48,114"/><T111/><D119/><U23/><E106/><V27/><F131/><W36/><G36/><T13/><D0/><U85/><E113/><V51/><F135/><W34/><G34/><T102/><D128/><U101/><E32/><V61/><F73/><W87/><G124/><T43/><D127/><U81/><E1/><V72/><F72/><W22/><G33/><T45/><D102/><U58/><E101/><V107/><F27/><W80/><G110/><T104/><D104/><U118/><E118/><V44/><F107/><W82/><G82/><T29/><D79/><U30/><REACH who="1" step="1"/><E86/><REACH who="1" ten="285,235,225,225" step="2"/><V31/><F31/><W16/><G114/><T14/><D111/><U133/><E133/><V120/><F120/><W93/><G112/><T37/><D37/><U74/><E74/><V75/><F75/><W77/><G123/><T35/><D35/><U84/><E84/><V4/><F4/><W129/><G129/><T52/><D29/><U130/><E130/><V76/><F18/><W134/><G134/><T56/><D26/><U96/><E96/><V97/><F97/><W63/><G71/><T59/><REACH who="0" step="1"/><D43/><REACH who="0" ten="275,235,225,225" step="2"/><U100/><E100/><V89/><F15/><W20/><G24/><T38/><D38/><U99/><E99/><V108/><F103/><W21/><G77/><AGARI ba="2,4" hai="5,6,23,25,30,50,54,57,58,60,65,77,81,85" machi="77" ten="30,3900,0" yaku="1,1,7,1,8,1,53,0" doraHai="90" doraHaiUra="39" who="1" fromWho="3" sc="275,0,235,85,225,0,225,-45" /><INIT seed="1,0,0,1,3,60" ten="275,320,225,180" oya="1" hai0="13,95,51,15,53,80,58,122,31,98,75,81,124" hai1="106,45,9,79,43,129,126,127,23,21,120,97,111" hai2="49,135,16,84,24,26,101,10,83,5,119,74,70" hai3="44,112,28,69,2,54,59,32,107,11,121,38,73"/><U37/><E120/><V93/><F119/><W48/><G11/><T130/><D122/><U52/><E79/><V96/><F135/><W78/><G28/><T35/><D124/><U3/><E129/><V62/><F74/><W114/><G78/><T88/><D130/><U91/><E111/><V41/><F16/><W22/><G22/><T18/><D75/><U89/><E91/><N who="2" m="51615" /><F62/><W123/><G107/><T39/><D39/><U63/><E106/><V100/><F100/><W50/><G32/><T103/><D35/><U113/><E113/><N who="3" m="43626" /><G2/><T128/><D31/><U65/><E89/><V47/><F70/><W132/><G73/><T8/><D128/><U66/><E97/><V27/><F27/><W36/><G132/><T133/><D133/><U4/><E21/><V102/><F102/><W92/><G92/><T33/><D33/><U125/><E23/><V110/><F110/><W34/><G34/><T17/><D103/><U40/><E40/><V90/><F101/><W115/><N who="3" m="43634" /><W99/><DORA hai="72" /><G99/><T0/><D0/><U46/><REACH who="1" step="1"/><E45/><REACH who="1" ten="275,310,225,180" step="2"/><V55/><F41/><N who="3" m="24591" /><G121/><T64/><REACH who="0" step="1"/><D64/><REACH who="0" ten="265,310,225,180" step="2"/><U117/><E117/><V56/><F47/><W131/><G123/><T30/><D30/><U19/><E19/><V94/><F90/><W109/><G131/><T76/><D76/><U7/><E7/><V29/><F5/><W87/><G109/><T77/><D77/><U20/><E20/><AGARI ba="0,2" hai="8,13,15,17,18,20,51,53,58,80,81,88,95,98" machi="20" ten="30,7700,0" yaku="1,1,7,1,8,1,54,1,53,0" doraHai="60,72" doraHaiUra="1,68" who="0" fromWho="1" sc="265,97,310,-77,225,0,180,0" /><INIT seed="2,0,0,5,4,125" ten="362,233,225,180" oya="2" hai0="20,1,14,16,98,105,0,90,85,88,58,9,10" hai1="91,39,103,32,115,17,68,121,41,135,45,117,111" hai2="73,99,83,107,57,96,48,78,102,35,118,50,108" hai3="86,132,34,52,54,29,123,13,61,75,124,66,64"/><V33/><F118/><W60/><G75/><T109/><D109/><U67/><E115/><V100/><F108/><W133/><G29/><T120/><D120/><U63/><E32/><V18/><F18/><W128/><G34/><T93/><D105/><U27/><E117/><V11/><F11/><W59/><G86/><T5/><D58/><U70/><E121/><V55/><REACH who="2" step="1"/><F50/><REACH who="2" ten="362,233,215,180" step="2"/><W82/><G123/><T69/><D9/><U3/><E111/><V76/><F76/><W46/><G124/><T77/><D77/><U24/><E17/><V129/><F129/><W126/><G126/><T30/><D10/><U127/><E127/><V23/><F23/><W37/><G13/><T114/><D114/><U65/><E3/><V36/><F36/><W22/><G22/><T110/><D0/><U89/><E39/><V43/><F43/><N who="3" m="22895" /><G82/><T97/><D110/><U7/><E7/><V112/><F112/><W53/><G128/><T56/><D1/><U116/><E116/><V42/><F42/><W106/><G106/><AGARI ba="0,1" hai="33,35,48,55,57,73,78,83,96,99,100,102,106,107" machi="106" ten="30,5800,0" yaku="1,1,7,1,9,1,53,0" doraHai="125" doraHaiUra="25" who="2" fromWho="3" sc="362,0,233,0,215,68,180,-58" /><INIT seed="2,1,0,1,5,15" ten="362,233,283,122" oya="2" hai0="54,95,86,33,41,133,93,2,99,121,103,22,105" hai1="90,20,60,132,67,58,79,0,108,18,111,23,30" hai2="112,72,96,57,7,125,16,10,109,53,134,126,94" hai3="127,117,104,35,62,65,75,47,26,116,122,101,36"/><V29/><F134/><W89/><G89/><T66/><D33/><U8/><E132/><V19/><F112/><W55/><G55/><T77/><D133/><U5/><E79/><V114/><F114/><W31/><G122/><T129/><D121/><U44/><E44/><V91/><F72/><W27/><G27/><T68/><D2/><U34/><E90/><V28/><F109/><N who="1" m="42057" /><E34/><V118/><F118/><W83/><G127/><N who="2" m="48649" /><F29/><W64/><G64/><T52/><D68/><U3/><E30/><V32/><F28/><W42/><G83/><T85/><D66/><U120/><E120/><V119/><F32/><W80/><G80/><T63/><D41/><U98/><E98/><V73/><F73/><W51/><G51/><T92/><D63/><U21/><E0/><N who="2" m="359" /><F119/><W11/><G11/><T106/><D22/><U56/><E56/><V48/><AGARI ba="1,0" hai="16,19,48,53,57,91,94,96" m="359,48649" machi="48" ten="30,11700,0" yaku="18,1,52,2,54,1" doraHai="15" who="2" fromWho="2" sc="362,-40,233,-40,283,120,122,-40" /><INIT seed="2,2,0,3,5,54" ten="322,193,403,82" oya="2" hai0="34,7,114,117,16,35,123,76,6,53,84,126,93" hai1="131,94,64,107,119,51,24,8,59,12,68,112,41" hai2="120,57,39,99,29,121,116,55,46,21,134,90,102" hai3="43,45,89,1,9,72,37,98,105,40,87,42,58"/><V0/><F116/><W110/><G72/><T128/><D117/><U13/><E107/><V81/><F0/><W129/><G110/><T11/><D123/><U124/><E119/><V77/><F134/><W82/><G129/><T109/><D128/><U14/><E112/><V15/><F90/><W47/><G1/><T49/><D114/><U17/><E131/><V79/><F39/><W56/><G9/><T127/><D7/><U83/><E124/><N who="0" m="47657" /><D6/><U122/><E122/><V33/><F33/><W130/><G130/><T92/><D109/><U106/><E106/><V50/><F46/><W30/><G30/><T61/><D61/><N who="1" m="37951" /><E68/><V71/><F71/><W65/><G65/><T62/><D62/><U31/><E83/><V28/><F28/><W44/><REACH who="3" step="1"/><G37/><REACH who="3" ten="322,193,403,72" step="2"/><T5/><D11/><U27/><E31/><V96/><F29/><W95/><G95/><T2/><D35/><U101/><E8/><V75/><F75/><W32/><G32/><T66/><D34/><U63/><E94/><V111/><F111/><W80/><G80/><T86/><D93/><U132/><E132/><V108/><F81/><W60/><G60/><T26/><D92/><U22/><E63/><V48/><F108/><W113/><G113/><T36/><D2/><U73/><E101/><AGARI ba="2,1" hai="40,42,43,44,45,47,56,58,82,87,89,98,101,105" machi="101" ten="40,5200,0" yaku="1,1,52,2,53,0" doraHai="54" doraHaiUra="115" who="3" fromWho="1" sc="322,0,193,-58,403,0,72,68" /><INIT seed="3,0,0,1,2,14" ten="322,135,403,140" oya="3" hai0="15,92,79,53,65,11,132,103,121,98,100,91,89" hai1="7,45,114,48,31,40,81,54,5,105,38,126,122" hai2="102,0,107,12,124,60,134,21,13,73,44,37,58" hai3="90,93,118,95,97,51,78,24,135,70,41,49,88"/><W18/><G70/><T27/><D121/><U87/><E122/><V6/><F0/><W69/><G69/><T59/><D132/><U61/><E114/><V42/><F73/><W110/><G118/><T68/><D68/><U2/><E105/><V33/><F33/><W19/><G135/><T66/><D79/><U50/><E126/><V30/><F124/><W67/><G110/><T9/><D27/><U86/><E2/><V84/><F134/><W32/><G67/><T83/><D11/><U43/><E31/><V108/><F108/><W116/><G116/><T128/><D128/><U46/><E38/><V34/><F34/><W112/><G112/><T26/><D26/><U52/><E61/><V63/><F84/><N who="3" m="52359" /><G32/><T16/><D66/><U115/><E115/><V75/><F75/><W28/><G78/><T129/><D129/><U104/><E104/><V39/><F39/><W29/><G24/><T76/><D65/><U99/><E81/><V71/><F71/><W82/><G82/><T131/><D131/><U4/><E99/><V57/><F107/><W125/><G125/><T74/><REACH who="0" step="1"/><D103/><REACH who="0" ten="312,135,403,140" step="2"/><U85/><AGARI ba="0,1" hai="4,5,7,40,43,45,46,48,50,52,54,85,86,87" machi="85" ten="30,7900,0" yaku="0,1,9,1,8,1,54,1" doraHai="14" who="1" fromWho="1" sc="312,-20,135,89,403,-20,140,-39" owari="292,9.0,224,-18.0,383,49.0,101,-40.0" /></mjloggm>