<mjloggm ver="2.3"><GO type="41" lobby="0"/><UN n0="%68%6F%6C%6D%65%73" n1="%E5%A7%AB%E6%88%B8%E4%BA%BA" n2="%E5%B0%B1%E6%B4%BB%E7%94%9F%40%E5%B7%9D%E6%9D%91%E8%BB%8D%E5%9B%A3" n3="%E7%86%B1%E3%81%84%E5%A4%A7%E6%9D%BE" dan="14,15,15,13" rate="1872.70,2038.90,2043.37,1813.28" sx="M,M,M,M"/><TAIKYOKU oya="0"/><INIT seed="0,0,0,2,3,105" ten="250,250,250,250" oya="0" hai0="15,87,70,104,54,69,115,91,111,23,109,0,59" hai1="71,12,4,28,20,13,48,128,74,62,106,24,65" hai2="11,49,99,84,16,14,44,95,107,123,129,82,60" hai3="10,7,83,110,6,100,19,32,58,96,85,63,86"/><T114/><D104/><U97/><E128/><V56/><F129/><W102/><G110/><N who="0" m="41995" /><D0/><U51/><E74/><V46/><F107/><W26/><G32/><T108/><N who="0" m="42003" /><T78/><DORA hai="119" /><D78/><U45/><E4/><V5/><F123/><W117/><G117/><T93/><D15/><U34/><E20/><V98/><F95/><W127/><G127/><T94/><D94/><U66/><E66/><N who="2" m="39175" /><F5/><W76/><G86/><T53/><D23/><U64/><E51/><V18/><F18/><W31/><G100/><T116/><D116/><U120/><E65/><V88/><F46/><W3/><G7/><T90/><D90/><U38/><E38/><V33/><F33/><W67/><G19/><T8/><D8/><U29/><E29/><V25/><F25/><W36/><G36/><T40/><D40/><AGARI ba="0,0" hai="11,14,16,40,44,49,82,84,88,98,99" m="39175" machi="40" ten="30,3900,0" yaku="8,1,54,2" doraHai="105,119" who="2" fromWho="0" sc="250,-39,250,0,250,39,250,0" /><INIT seed="1,0,0,1,1,25" ten="211,250,289,250" oya="1" hai0="57,26,88,111,134,58,128,120,85,51,7,89,70" hai1="132,135,126,78,42,80,66,83,32,5,62,43,56" hai2="4,68,123,33,23,64,59,122,72,107,93,105,55" hai3="1,77,22,94,65,35,96,69,24,97,16,99,14"/><U52/><E32/><V6/><F33/><W113/><G113/><T30/><D120/><U117/><E117/><V86/><F72/><W74/><G1/><T8/><D70/><U109/><E126/><V13/><F68/><W21/><G35/><T27/><D111/><U39/><E5/><V2/><F64/><W12/><G12/><T41/><D27/><U18/><E18/><N who="2" m="10703" /><F105/><W112/><G112/><T19/><D19/><U84/><E109/><V100/><F107/><W67/><G69/><T40/><D89/><U82/><E39/><V50/><F100/><W36/><G36/><T28/><D26/><U90/><E82/><V11/><F6/><W95/><G77/><T121/><D121/><U73/><REACH who="1" step="1"/><E66/><REACH who="1" ten="211,240,289,250" step="2"/><V15/><F2/><W131/><G65/><T98/><D7/><U45/><E45/><V130/><F130/><W124/><G131/><T34/><D128/><U9/><E9/><V44/><F44/><W53/><G124/><T76/><D8/><U48/><E48/><V0/><F0/><W119/><G67/><T49/><D34/><U81/><E81/><V110/><F110/><W37/><G119/><T54/><D51/><U104/><E104/><V101/><F123/><W75/><G37/><T114/><D49/><U115/><E115/><V61/><F122/><W60/><G94/><T127/><D127/><U38/><E38/><V103/><F50/><W79/><G95/><T17/><D114/><U102/><E102/><V116/><F116/><W20/><G20/><T125/><D125/><U47/><E47/><V71/><F71/><W29/><G79/><RYUUKYOKU ba="0,1" sc="211,-30,240,10,289,10,250,10" hai1="42,43,52,56,62,73,78,80,83,84,90,132,135" hai2="4,11,15,55,59,61,86,93,101,103" hai3="14,16,21,22,24,29,53,60,74,75,96,97,99" /><INIT seed="1,1,1,3,0,42" ten="181,250,299,260" oya="1" hai0="51,61,68,78,125,93,13,23,69,28,41,133,75" hai1="109,121,80,7,103,105,102,52,36,18,89,2,130" hai2="31,104,119,131,0,114,25,35,101,91,95,84,1" hai3="108,115,134,110,90,123,46,116,24,12,49,96,72"/><U27/><E121/><V97/><F119/><W17/><G123/><T38/><D133/><U135/><E135/><V62/><F114/><W14/><G134/><T37/><D125/><U88/><E36/><V117/><F117/><W128/><G116/><T56/><D93/><U30/><E130/><V111/><F111/><W85/><G128/><T64/><D13/><U98/><E103/><V81/><F131/><W113/><G115/><T8/><D23/><U47/><E109/><N who="3" m="42090" /><G72/><T60/><D8/><U92/><E2/><V94/><F94/><W58/><G58/><N who="0" m="36887" /><D28/><U6/><E105/><V65/><REACH who="2" step="1"/><F81/><REACH who="2" ten="181,250,289,260" step="2"/><N who="3" m="49455" /><G113/><T70/><D78/><U4/><E80/><V124/><F124/><W74/><G74/><T59/><D75/><U99/><E99/><V53/><F53/><N who="3" m="29879" /><G96/><T34/><D34/><U122/><E122/><V29/><F29/><W10/><G14/><T16/><D16/><U5/><E30/><V73/><F73/><W40/><G24/><T82/><D82/><U21/><N who="1" m="1536" /><DORA hai="15" /><U127/><REACH who="1" step="1"/><E127/><REACH who="1" ten="181,240,289,260" step="2"/><V19/><F19/><W126/><G126/><T86/><D86/><U129/><E129/><V39/><F39/><N who="0" m="14858" /><D61/><U45/><E45/><AGARI ba="1,3" hai="41,45,51,56,59,68,69,70" m="14858,36887" machi="45" ten="40,12000,2" yaku="35,5,52,1" doraHai="42,15" who="0" fromWho="1" sc="181,153,240,-123,289,0,260,0" /><INIT seed="2,0,0,2,0,27" ten="334,117,289,260" oya="2" hai0="56,30,25,57,118,123,2,132,1,28,79,122,7" hai1="11,76,34,90,113,88,23,42,29,6,89,120,106" hai2="102,12,31,9,101,55,72,26,4,103,36,22,131" hai3="33,71,69,127,8,14,130,32,65,49,75,74,98"/><V95/><F131/><W39/><G98/><T116/><D79/><U53/><E113/><V58/><F72/><N who="3" m="27691" /><G49/><T3/><D57/><U133/><E106/><V5/><F36/><W24/><G24/><T84/><D84/><U62/><E133/><V97/><REACH who="2" step="1"/><F4/><REACH who="2" ten="334,117,279,260" step="2"/><W114/><G130/><T68/><D132/><U99/><E120/><V44/><F44/><W134/><G114/><T21/><D68/><U77/><E34/><V126/><F126/><W46/><G134/><T40/><D56/><N who="1" m="35087" /><E42/><V87/><F87/><W110/><G127/><T78/><D40/><U80/><E99/><V16/><F16/><W18/><G46/><T115/><D115/><U52/><E6/><V94/><F94/><W10/><G39/><T17/><D7/><U20/><E80/><V81/><F81/><W92/><G92/><T111/><D111/><U64/><E29/><N who="0" m="11369" /><D78/><N who="1" m="30315" /><E64/><V15/><F15/><W93/><G65/><T37/><D37/><U51/><E11/><V47/><F47/><AGARI ba="0,1" hai="20,23,47,51,52,88,89,90" m="30315,35087" machi="47" ten="30,3900,0" yaku="8,1,54,2" doraHai="27" who="1" fromWho="2" sc="334,0,117,49,279,-39,260,0" /><INIT seed="3,0,0,2,3,90" ten="334,166,240,260" oya="3" hai0="127,108,16,27,131,32,14,57,94,2,71,10,118" hai1="59,25,125,61,97,28,102,40,68,52,19,64,8" hai2="7,116,17,9,12,34,54,72,42,134,77,85,105" hai3="38,55,70,1,88,6,21,31,110,98,128,112,96"/><W130/><G70/><T93/><D71/><U23/><E125/><V84/><F134/><W41/><G112/><T106/><D106/><U74/><E74/><V47/><F116/><W18/><G110/><T133/><D118/><U39/><E8/><V122/><F105/><W66/><G66/><T3/><D108/><U46/><E97/><V78/><F122/><W114/><G98/><T50/><D133/><U126/><E102/><V60/><F34/><W37/><G114/><T121/><D121/><U107/><E126/><V44/><F72/><W24/><G41/><T22/><D127/><U81/><E81/><V67/><F54/><W29/><G55/><N who="0" m="31991" /><D2/><U83/><E83/><V95/><F44/><W36/><G6/><N who="0" m="1375" /><D131/><N who="3" m="50217" /><G1/><T49/><D49/><U53/><E107/><V73/><F73/><W58/><G58/><T111/><D111/><U45/><E45/><V35/><F35/><W51/><G51/><T104/><D104/><U65/><E65/><V5/><F84/><W99/><G99/><T48/><D48/><U63/><REACH who="1" step="1"/><E53/><REACH who="1" ten="334,156,240,260" step="2"/><V62/><F67/><W80/><G80/><T117/><D117/><U4/><E4/><V89/><F5/><W13/><G24/><T43/><D43/><U92/><E92/><AGARI ba="0,1" hai="13,18,21,29,31,36,37,38,88,92,96" m="50217" machi="92" ten="40,7700,0" yaku="19,1,52,1,54,1" doraHai="90" who="3" fromWho="1" sc="334,0,156,-77,240,0,260,87" /><INIT seed="3,1,0,3,3,41" ten="334,79,240,347" oya="3" hai0="37,57,30,86,35,51,114,124,93,97,46,89,32" hai1="127,111,17,88,134,36,80,117,8,99,119,6,42" hai2="34,56,101,67,52,79,12,125,73,50,126,128,98" hai3="39,33,109,69,82,72,43,27,92,104,61,116,18"/><W24/><G116/><N who="1" m="44618" /><E111/><V25/><F128/><W100/><G109/><T83/><D124/><N who="2" m="47722" /><F67/><W74/><G82/><T121/><D121/><U81/><E127/><V11/><F79/><W23/><G104/><T75/><D114/><U132/><E17/><N who="2" m="8351" /><F73/><W53/><G92/><T48/><D75/><U103/><E36/><V58/><F25/><W102/><G33/><T29/><D32/><U62/><E62/><V66/><F34/><W130/><G27/><T68/><D68/><U108/><E42/><V120/><F66/><W78/><G130/><T0/><D0/><U14/><E108/><V5/><F5/><W54/><G78/><T133/><D37/><U55/><E55/><V19/><F19/><W115/><G115/><T85/><D86/><N who="1" m="50247" /><E81/><V10/><F10/><W45/><G74/><T21/><D83/><U47/><E47/><N who="2" m="27743" /><F120/><W9/><G72/><T63/><D46/><U113/><E113/><V118/><F118/><W2/><G9/><T7/><D35/><U112/><E112/><V87/><F87/><W20/><G2/><T91/><D85/><U3/><E3/><V110/><F110/><W49/><G23/><T123/><D21/><U106/><AGARI ba="1,0" hai="6,8,14,99,103,106,132,134" m="50247,44618" machi="106" ten="30,2000,0" yaku="12,1,54,1" doraHai="41" who="1" fromWho="1" sc="334,-6,79,23,240,-6,347,-11" /><INIT seed="4,0,0,2,4,42" ten="328,102,234,336" oya="0" hai0="123,17,116,15,76,104,115,89,43,100,21,16,25" hai1="6,94,12,67,48,124,125,2,23,33,103,20,102" hai2="4,114,65,72,51,64,32,66,26,88,60,62,132" hai3="69,74,135,57,22,77,70,117,80,130,78,10,55"/><T71/><D116/><U54/><E33/><V31/><F114/><W96/><G130/><T36/><D115/><U93/><E2/><V84/><F132/><W1/><G135/><T44/><D71/><U86/><E67/><V91/><F72/><W56/><G117/><T61/><D123/><U92/><E86/><V37/><F37/><W127/><G127/><N who="1" m="48714" /><E6/><V133/><F133/><W49/><G78/><T30/><D76/><U40/><E40/><V68/><F4/><W19/><G57/><T18/><D104/><U45/><E12/><V99/><F99/><W113/><G96/><T3/><D100/><AGARI ba="0,0" hai="20,23,45,48,54,92,93,94,100,102,103" m="48714" machi="100" ten="30,2000,0" yaku="18,1,52,1" doraHai="42" who="1" fromWho="0" sc="328,-20,102,20,234,0,336,0" /><INIT seed="5,0,0,3,0,72" ten="308,122,234,336" oya="1" hai0="129,80,84,126,132,30,48,134,34,8,60,104,127" hai1="64,97,117,74,107,124,41,6,109,49,78,108,38" hai2="31,98,19,119,83,65,40,15,88,24,46,43,42" hai3="120,85,26,75,55,118,110,69,111,17,102,35,133"/><U53/><E117/><V21/><F119/><W125/><G102/><T81/><D104/><U89/><E124/><N who="0" m="47657" /><D8/><U59/><E6/><V114/><F114/><W130/><G85/><T1/><D1/><U7/><E7/><V20/><F65/><W122/><G55/><T87/><D60/><U77/><E74/><V106/><F106/><W27/><G17/><T29/><D48/><U0/><E0/><V32/><F32/><W113/><G26/><N who="0" m="18743" /><D30/><U116/><E116/><V79/><F98/><W3/><G27/><T92/><D92/><U96/><E64/><V4/><F4/><W36/><G120/><T25/><D25/><U5/><E5/><V37/><REACH who="2" step="1"/><F88/><REACH who="2" ten="308,122,224,336" step="2"/><W9/><G9/><T70/><D70/><U12/><E107/><AGARI ba="0,1" hai="3,35,36,69,75,107,110,111,113,118,122,125,130,133" machi="107" ten="0,32000,5" yakuman="47" doraHai="72" who="3" fromWho="1" sc="308,0,122,-320,224,0,336,330" owari="308,11.0,-198,-70.0,224,-18.0,666,77.0" /></mjloggm>