<mjloggm ver="2.3"><GO type="97" lobby="0"/><UN n0="%68%61%6E%61%6E%61" n1="%E8%A6%8B%E3%81%88%E3%81%96%E3%82%8B%E6%89%8B" n2="%E9%9D%92%E6%9F%B3%E6%9F%91%E5%A5%88" n3="%E3%82%A6%E3%83%AB%E3%83%88%E3%83%A9%E7%AB%8B%E7%9B%B4" dan="14,14,13,14" rate="1899.51,1952.86,1851.67,1959.22" sx="M,M,M,M"/><TAIKYOKU oya="0"/><INIT seed="0,0,0,1,0,51" ten="250,250,250,250" oya="0" hai0="0,79,76,7,31,101,17,46,13,97,67,91,37" hai1="21,54,30,45,4,104,111,44,84,80,41,116,96" hai2="117,71,102,100,50,52,32,61,6,55,118,40,15" hai3="5,65,108,57,22,82,49,92,38,94,119,126,123"/><T105/><D67/><U88/><E116/><N who="2" m="44651" /><F32/><W132/><G38/><T72/><D31/><U39/><E111/><V110/><F110/><W14/><G123/><T19/><D0/><U128/><E128/><V63/><F63/><W114/><G114/><T58/><D58/><U26/><E4/><V35/><F35/><W106/><G106/><T60/><D60/><U68/><E68/><V124/><F124/><W77/><G126/><T113/><D113/><U47/><E104/><V83/><F83/><W33/><G33/><T27/><D91/><U66/><E66/><N who="2" m="41423" /><F50/><W3/><G132/><T69/><D69/><U125/><E125/><V85/><F40/><W18/><G108/><T64/><D64/><U28/><E28/><V10/><F85/><W29/><G119/><T78/><D72/><U103/><E103/><AGARI ba="0,0" hai="6,10,15,52,55,100,102,103" m="41423,44651" machi="103" ten="30,7700,0" yaku="12,1,52,2,54,1" doraHai="51" who="2" fromWho="1" sc="250,0,250,-77,250,77,250,0" /><INIT seed="1,0,0,3,3,129" ten="250,173,327,250" oya="1" hai0="0,42,107,27,63,122,20,110,5,66,47,57,61" hai1="2,126,3,98,80,131,78,64,48,51,11,8,134" hai2="130,123,79,72,73,71,111,132,115,31,17,30,74" hai3="100,70,43,39,36,117,87,32,24,102,16,6,4"/><U54/><E126/><V127/><F123/><W112/><G70/><T84/><D107/><U52/><E131/><V49/><F71/><W12/><G112/><T1/><D122/><U44/><E64/><V53/><F130/><W18/><G87/><T9/><D110/><U92/><E3/><V68/><F68/><W95/><G12/><T60/><D1/><U29/><E29/><V77/><F127/><W108/><G95/><T121/><D121/><U128/><E128/><V45/><F115/><W19/><G43/><T13/><D0/><U109/><E109/><V114/><F114/><W83/><G83/><T125/><D125/><U26/><E26/><V101/><F101/><N who="3" m="39019" /><G108/><T89/><D47/><U41/><E2/><V50/><F50/><W97/><G97/><T55/><D42/><U76/><E134/><V56/><F17/><W88/><G88/><T14/><D14/><U38/><E38/><N who="3" m="14378" /><G32/><T120/><D120/><U85/><E78/><V82/><F77/><W23/><G23/><T33/><D33/><U22/><E22/><V10/><F79/><W104/><G24/><T86/><D86/><U90/><E41/><V133/><F82/><W25/><G25/><T91/><D91/><U35/><E35/><V58/><F111/><W40/><G40/><T103/><D103/><U81/><E81/><V99/><F99/><W62/><G62/><T46/><D46/><AGARI ba="0,0" hai="8,11,44,46,48,51,52,54,76,80,85,90,92,98" machi="46" ten="30,11600,0" yaku="7,1,9,1,8,1,54,1" doraHai="129" who="1" fromWho="0" sc="250,-116,173,116,327,0,250,0" /><INIT seed="1,1,0,1,4,91" ten="134,289,327,250" oya="1" hai0="39,109,65,4,37,131,64,33,16,112,44,62,89" hai1="120,20,68,12,102,22,135,75,42,106,1,96,94" hai2="26,86,24,127,38,32,27,88,55,5,70,8,19" hai3="114,123,87,74,59,2,43,30,132,3,78,130,6"/><U90/><E120/><V111/><F38/><W50/><G123/><T99/><D112/><U14/><E1/><V92/><F70/><W118/><G114/><T129/><D33/><U61/><E75/><V48/><F111/><W134/><G74/><T23/><D4/><U41/><E135/><N who="3" m="51754" /><G30/><T105/><D109/><U103/><E68/><V98/><F127/><W69/><G69/><T73/><D73/><U79/><E79/><V66/><F66/><W72/><G72/><T124/><D124/><U77/><E77/><V54/><F32/><W115/><G115/><T51/><D105/><U60/><E106/><V9/><F98/><W104/><G104/><T13/><D39/><U45/><E45/><N who="2" m="27919" /><F55/><N who="3" m="32247" /><G43/><N who="1" m="16394" /><E20/><N who="2" m="13343" /><F5/><W10/><G130/><T82/><D37/><U46/><E46/><V81/><F81/><N who="3" m="47543" /><G118/><T113/><D113/><U121/><E121/><V97/><F97/><W85/><G85/><T18/><D18/><N who="1" m="10567" /><E14/><AGARI ba="1,0" hai="2,3,6,10,14" m="47543,32247,51754" machi="14" ten="30,1000,0" yaku="20,1" doraHai="91" who="3" fromWho="1" sc="134,0,289,-13,327,0,250,13" /><INIT seed="2,0,0,3,5,22" ten="134,276,327,263" oya="2" hai0="51,82,126,45,98,128,8,54,62,49,24,69,32" hai1="67,19,79,16,55,72,56,91,84,115,70,68,65" hai2="118,15,42,125,110,95,81,104,58,116,50,11,113" hai3="0,35,34,96,3,94,59,5,17,88,132,131,123"/><V76/><F113/><W2/><G123/><T117/><D117/><U44/><E115/><V31/><F104/><W61/><G131/><T38/><D128/><U4/><E70/><V108/><F125/><W78/><G132/><T10/><D126/><U64/><E68/><V20/><F95/><W77/><G5/><T29/><D38/><U109/><E109/><N who="2" m="42091" /><F58/><W87/><G17/><T57/><D69/><U14/><E72/><N who="2" m="43143" /><F50/><W36/><G36/><T63/><D82/><U23/><E79/><V21/><F42/><W90/><G78/><T124/><D124/><U120/><E120/><V102/><F102/><W112/><G77/><T7/><D98/><U80/><E44/><V103/><F103/><W135/><G135/><T47/><D57/><U46/><E46/><V71/><F71/><W52/><REACH who="3" step="1"/><G112/><REACH who="3" ten="134,276,327,253" step="2"/><T106/><D106/><U121/><E121/><V28/><F116/><W37/><G37/><T39/><D39/><U134/><E134/><V119/><F118/><W74/><G74/><T99/><D99/><U9/><E23/><N who="2" m="8779" /><F119/><W129/><G129/><T48/><D48/><AGARI ba="0,1" hai="4,9,14,16,19,48,55,56,64,65,67,80,84,91" machi="48" ten="40,2600,0" yaku="8,1,54,1" doraHai="22" who="1" fromWho="0" sc="134,-26,276,36,327,0,253,0" /><INIT seed="3,0,0,0,5,64" ten="108,312,327,253" oya="3" hai0="47,130,18,115,117,39,75,38,124,34,56,116,90" hai1="110,121,87,102,37,112,48,113,104,98,19,54,99" hai2="91,8,13,106,7,5,24,10,101,133,114,1,30" hai3="129,4,12,82,36,73,103,79,108,95,123,135,27"/><W94/><G123/><T92/><D34/><U59/><E121/><V107/><F114/><W32/><G129/><T76/><D117/><U33/><E110/><V26/><F133/><W3/><G135/><T14/><D115/><U109/><E109/><V42/><F42/><W68/><G68/><T126/><D116/><U41/><E33/><V89/><F26/><W128/><G108/><T77/><D130/><U20/><E98/><V25/><F25/><W132/><G132/><T134/><D134/><U63/><E87/><V62/><F62/><W28/><G128/><T125/><D75/><U67/><E37/><V51/><F51/><W100/><G36/><T31/><D31/><U69/><E41/><V72/><F72/><W15/><G103/><T55/><D47/><U11/><E11/><V78/><F78/><W70/><G70/><T45/><D45/><U35/><E35/><V16/><F16/><W74/><G74/><T44/><D44/><U111/><E111/><V17/><F17/><W131/><G131/><T53/><D53/><U65/><E65/><V119/><F119/><W120/><G120/><T2/><D2/><U97/><E97/><N who="2" m="61743" /><F107/><W80/><G80/><T86/><D39/><U40/><E40/><V66/><F66/><W57/><G57/><T127/><N who="0" m="32256" /><DORA hai="50" /><T46/><D46/><U93/><E104/><V96/><F96/><N who="3" m="59415" /><G95/><T85/><D85/><U118/><E118/><V105/><F105/><W81/><G81/><T84/><D84/><U0/><E0/><V60/><F60/><W49/><G49/><N who="0" m="30831" /><D38/><U9/><E9/><V22/><AGARI ba="0,0" hai="1,5,7,8,10,13,22,24,30,89,91" m="61743" machi="22" ten="30,1100,0" yaku="5,1" doraHai="64,50" who="2" fromWho="2" sc="108,-3,312,-3,327,11,253,-5" owari="105,-39.0,309,11.0,338,43.0,248,-15.0" /></mjloggm>