<mjloggm ver="2.3"><GO type="97" lobby="0"/><UN n0="%E3%82%B1%E3%83%B3%E5%9D%8A" n1="%73%68%69%6B%61%74%61" n2="%E5%B0%B1%E6%B4%BB%E7%94%9F%40%E5%B7%9D%E6%9D%91%E8%BB%8D%E5%9B%A3" n3="%E3%81%AD%E5%A4%AA%E9%83%8E" dan="13,14,13,13" rate="1854.29,1969.33,1880.12,1877.35" sx="M,M,M,M"/><TAIKYOKU oya="0"/><INIT seed="0,0,0,3,2,24" ten="250,250,250,250" oya="0" hai0="66,114,10,129,72,11,43,37,12,78,67,49,116" hai1="53,6,73,81,22,41,25,45,40,18,14,83,91" hai2="59,134,7,96,56,123,119,79,117,35,32,80,68" hai3="111,58,103,112,36,64,15,5,130,9,98,95,99"/><T102/><D116/><U39/><E53/><V97/><F68/><W30/><G112/><T126/><D114/><U71/><E71/><V34/><F7/><W57/><G36/><T65/><D126/><U26/><E41/><V92/><F123/><W3/><G130/><T69/><D129/><U33/><E91/><V89/><F134/><W42/><G42/><T115/><D115/><U51/><E73/><V23/><F97/><W90/><G3/><T108/><D102/><U28/><E39/><V76/><F76/><W106/><G111/><T8/><D108/><U121/><E121/><V135/><F135/><W1/><G64/><T38/><D69/><U13/><E6/><V125/><F125/><W46/><G46/><T27/><D27/><U60/><E60/><V19/><F117/><W82/><G30/><T132/><D132/><U48/><E51/><V4/><F4/><W21/><G82/><T122/><D122/><U63/><E63/><V104/><F104/><W109/><REACH who="3" step="1"/><G109/><REACH who="3" ten="250,250,250,240" step="2"/><T110/><D110/><U61/><E61/><V31/><F119/><W120/><G120/><T131/><D131/><U128/><E128/><V88/><F31/><W16/><AGARI ba="0,1" hai="1,5,9,15,16,21,57,58,90,95,98,99,103,106" machi="16" ten="30,8000,1" yaku="1,1,0,1,54,1,53,2" doraHai="24" doraHaiUra="52" who="3" fromWho="3" sc="250,-40,250,-20,250,-20,240,90" /><INIT seed="1,0,0,4,3,73" ten="210,230,230,330" oya="1" hai0="2,4,71,55,54,35,20,90,31,119,95,1,105" hai1="42,86,48,83,15,121,56,39,106,27,132,44,38" hai2="107,101,49,78,45,82,67,84,61,93,123,91,22" hai3="16,52,51,63,14,124,0,34,104,79,29,53,18"/><U87/><E121/><V7/><F123/><W33/><G104/><T37/><D105/><U60/><E106/><V134/><F134/><W88/><G0/><T126/><D71/><U125/><E132/><V120/><F120/><W32/><G29/><T72/><D37/><U129/><E129/><V70/><F7/><W117/><G18/><T41/><D41/><U36/><E125/><V122/><F122/><W118/><G124/><T69/><D126/><U64/><E27/><V46/><F22/><W135/><G135/><T102/><D119/><N who="3" m="45577" /><G79/><T113/><D72/><U76/><E87/><V94/><F94/><W85/><G51/><T128/><D69/><U116/><E116/><V66/><F66/><W77/><G77/><T21/><D128/><U115/><E115/><V8/><F8/><N who="3" m="6215" /><G63/><T98/><D113/><U111/><E111/><V96/><REACH who="2" step="1"/><F49/><REACH who="2" ten="210,230,220,330" step="2"/><W103/><G103/><T10/><D102/><U19/><E39/><V24/><F24/><W40/><G40/><T100/><D100/><U74/><E74/><AGARI ba="0,1" hai="45,46,61,67,70,74,78,82,84,91,93,96,101,107" machi="74" ten="30,8000,1" yaku="1,1,7,1,24,2,52,1,53,0" doraHai="73" doraHaiUra="109" who="2" fromWho="1" sc="210,0,230,-80,220,90,330,0" /><INIT seed="2,0,0,3,1,51" ten="210,150,310,330" oya="2" hai0="57,99,67,124,79,108,117,1,46,62,86,125,14" hai1="6,50,113,118,18,133,132,104,40,76,61,36,96" hai2="22,77,32,127,31,101,126,56,24,68,58,73,74" hai3="71,115,106,35,134,19,30,66,11,20,23,102,26"/><V8/><F68/><W131/><G134/><N who="1" m="51818" /><E36/><V85/><F101/><W34/><G131/><T0/><D99/><U63/><E76/><V15/><F32/><W41/><G41/><T55/><D79/><U114/><E6/><V28/><F28/><W109/><G109/><T95/><D14/><U4/><E4/><V128/><F128/><W78/><G78/><T13/><D13/><U10/><E10/><V53/><F58/><W65/><G65/><T72/><D72/><U9/><E9/><V69/><F69/><W43/><G43/><T107/><D107/><U84/><E84/><V80/><F126/><N who="0" m="48746" /><D86/><U25/><E25/><V135/><F135/><W42/><G42/><T49/><D95/><U103/><E18/><V33/><F33/><W2/><G19/><T130/><D130/><U70/><E70/><V45/><F127/><W87/><G87/><T52/><D117/><U82/><E82/><V116/><F116/><W54/><G11/><T29/><D29/><U122/><E118/><V121/><F121/><W48/><G2/><N who="0" m="1131" /><D108/><U3/><E3/><V88/><F77/><W75/><G75/><T27/><D27/><U123/><E40/><AGARI ba="0,0" hai="40,46,49,52,55,57,62,67" m="1131,48746" machi="40" ten="30,7700,0" yaku="18,1,52,2,54,1" doraHai="51" who="0" fromWho="1" sc="210,77,150,-77,310,0,330,0" /><INIT seed="3,0,0,0,0,121" ten="287,73,310,330" oya="3" hai0="56,27,111,130,28,21,120,122,118,31,9,50,60" hai1="77,106,78,16,109,6,11,18,47,51,86,84,3" hai2="66,5,63,40,52,103,37,101,128,82,35,39,126" hai3="105,99,133,25,2,98,94,127,125,64,13,0,74"/><W97/><G74/><T131/><D50/><U42/><E106/><V58/><F35/><W104/><G133/><T62/><D118/><U36/><E109/><V44/><F126/><N who="3" m="48139" /><G64/><T22/><D62/><U90/><E51/><N who="2" m="31007" /><F128/><N who="0" m="49194" /><D56/><U114/><E114/><V79/><F5/><W29/><G94/><T57/><D57/><U38/><E38/><V117/><F117/><W71/><G71/><T100/><D100/><U54/><E54/><V107/><F107/><N who="3" m="41035" /><G13/><T4/><D60/><U73/><E78/><V65/><F65/><W53/><G53/><T88/><D88/><U59/><E59/><V95/><F95/><W96/><N who="3" m="25088" /><DORA hai="76" /><W7/><G7/><T70/><D70/><U135/><E135/><V33/><F33/><AGARI ba="0,0" hai="0,2,25,29,33" m="25088,41035,48139" machi="33" ten="50,2400,0" yaku="18,1" doraHai="121,76" who="3" fromWho="2" sc="287,0,73,0,310,-24,330,24" owari="287,9.0,73,-43.0,286,-11.0,354,45.0" /></mjloggm>