<mjloggm ver="2.3"><GO type="193" lobby="0"/><UN n0="%E5%B0%B1%E6%B4%BB%E7%94%9F%40%E5%B7%9D%E6%9D%91%E8%BB%8D%E5%9B%A3" n1="%4C%51%43" n2="%70%65%6B%6F%72%69%6E%6E" n3="%E3%82%AE%E3%83%8D%E3%82%B9" dan="11,11,11,13" rate="1837.21,1648.63,1449.95,1711.94" sx="M,M,M,F"/><TAIKYOKU oya="0"/><INIT seed="0,0,0,0,4,62" ten="250,250,250,250" oya="0" hai0="23,52,82,33,124,66,102,79,95,84,59,118,37" hai1="29,70,5,94,127,113,91,73,71,109,48,129,112" hai2="13,21,2,34,1,125,128,47,104,96,32,77,54" hai3="134,57,44,111,0,107,12,36,19,63,120,56,115"/><T133/><D33/><N who="2" m="12906" /><F54/><W11/><G115/><N who="1" m="44106" /><E129/><V131/><F47/><W81/><G107/><T45/><D118/><U46/><E73/><V60/><F77/><W93/><G0/><N who="2" m="105" /><F60/><W50/><G36/><T121/><D121/><U68/><E127/><V105/><F96/><W72/><G120/><T65/><D133/><U76/><E76/><V20/><F125/><W14/><G134/><T7/><D124/><U119/><E119/><V101/><F101/><W42/><G72/><T38/><D7/><U9/><E29/><V49/><F49/><W90/><G81/><T51/><D23/><N who="2" m="8778" /><F13/><W123/><G123/><T58/><D38/><U117/><E109/><V30/><F30/><W61/><G14/><T85/><D37/><U87/><E117/><V22/><N who="2" m="8786" /><V24/><DORA hai="69" /><F24/><W103/><G103/><T43/><D43/><N who="1" m="24671" /><E70/><V78/><F78/><W135/><G135/><T99/><D84/><U8/><E71/><V97/><F97/><N who="3" m="57527" /><G111/><T16/><D16/><U64/><E64/><AGARI ba="0,0" hai="45,51,52,58,59,64,65,66,79,82,85,95,99,102" machi="64" ten="40,12000,1" yaku="8,1,52,3,54,1" doraHai="62,69" who="0" fromWho="1" sc="250,120,250,-120,250,0,250,0" /><INIT seed="0,1,0,0,2,92" ten="370,130,250,250" oya="0" hai0="63,103,109,119,47,21,94,132,115,25,107,30,51" hai1="74,31,50,61,55,128,127,28,130,52,95,76,62" hai2="121,134,27,87,78,18,105,65,100,133,123,117,4" hai3="120,9,12,91,6,10,15,88,110,48,46,33,135"/><T118/><D107/><U42/><E127/><V72/><F65/><W20/><G33/><T29/><D115/><U17/><E95/><V113/><F27/><W57/><G120/><N who="2" m="46153" /><F18/><W102/><G102/><T80/><D132/><N who="2" m="50794" /><F4/><W93/><G135/><T85/><D109/><U56/><E17/><V73/><F117/><W71/><G71/><T129/><D129/><N who="1" m="49771" /><E42/><V32/><F32/><W131/><G110/><T41/><D118/><U44/><E62/><V59/><F59/><W64/><G131/><T122/><D119/><U60/><E60/><V2/><F2/><W67/><G57/><T49/><D122/><U106/><E106/><V22/><F22/><W7/><G20/><T54/><D63/><U3/><E3/><V79/><F113/><W104/><G91/><T69/><D69/><U126/><E126/><V23/><F23/><W53/><G104/><T101/><D94/><U45/><E45/><V75/><F87/><AGARI ba="1,0" hai="6,7,9,10,12,15,46,48,53,64,67,87,88,93" machi="87" ten="30,7700,0" yaku="7,1,9,1,8,1,54,1" doraHai="92" who="3" fromWho="2" sc="370,0,130,0,250,-80,250,80" /><INIT seed="1,0,0,0,2,108" ten="370,130,170,330" oya="1" hai0="39,135,114,84,75,89,43,72,12,0,68,5,49" hai1="127,8,85,83,21,7,42,86,4,73,122,92,96" hai2="88,47,60,98,6,106,105,29,19,99,93,55,123" hai3="131,46,14,76,50,107,51,113,61,26,10,28,82"/><U118/><E122/><V57/><F47/><W54/><G107/><T63/><D39/><U80/><E118/><V132/><F123/><W45/><G61/><T18/><D135/><U81/><E127/><V33/><F132/><W126/><G126/><T17/><D0/><U77/><E42/><V115/><F115/><W32/><G131/><T74/><D114/><U1/><E21/><V31/><F6/><W124/><G124/><T38/><D38/><U23/><E23/><V97/><F33/><W100/><G100/><T40/><D5/><U130/><E130/><V79/><F79/><W133/><G133/><T110/><D110/><U91/><REACH who="1" step="1"/><E7/><REACH who="1" ten="370,120,170,330" step="2"/><V35/><F35/><W109/><G109/><T119/><D119/><U128/><E128/><V71/><F71/><W65/><G32/><T70/><D40/><U125/><E125/><V20/><F106/><W27/><G113/><T94/><D43/><U101/><E101/><V112/><F112/><W30/><G10/><T15/><D18/><U9/><E9/><V3/><F3/><W62/><G30/><N who="2" m="11273" /><F105/><W16/><G28/><T58/><D17/><U44/><E44/><V53/><F53/><W41/><G16/><T25/><D25/><AGARI ba="0,1" hai="19,20,25,55,57,60,88,93,97,98,99" m="11273" machi="25" ten="30,3900,0" yaku="25,1,8,1,54,1" doraHai="108" who="2" fromWho="0" sc="370,-39,120,0,170,49,330,0" /><INIT seed="2,0,0,0,0,49" ten="331,120,219,330" oya="2" hai0="60,1,24,57,35,120,63,45,58,28,93,101,67" hai1="105,96,36,15,56,21,77,92,54,80,135,110,7" hai2="41,108,68,121,91,112,85,40,9,104,97,88,124" hai3="37,73,118,2,11,53,47,83,19,65,5,69,66"/><V79/><F112/><W116/><G19/><T70/><D120/><U27/><E135/><V42/><F121/><W106/><G106/><T13/><D1/><U134/><E105/><V78/><F124/><W100/><G100/><T12/><D45/><U84/><E134/><V89/><F68/><W48/><G66/><T111/><D111/><U119/><E36/><V109/><F9/><W102/><G102/><T46/><D46/><U39/><E110/><N who="2" m="42603" /><F104/><W81/><G81/><T82/><D82/><U75/><E119/><V95/><F85/><W126/><G126/><T22/><D70/><U55/><E39/><V26/><F26/><W16/><G16/><T107/><D107/><U103/><E75/><V8/><F8/><W125/><G125/><T10/><D35/><U72/><E72/><V17/><F17/><W18/><G18/><T14/><D10/><N who="1" m="4575" /><E56/><N who="0" m="21609" /><D67/><U87/><E87/><V23/><F23/><W44/><G65/><T99/><AGARI ba="0,0" hai="12,13,14,22,24,28,60,63,93,99,101" m="21609" machi="99" ten="30,1100,0" yaku="8,1" doraHai="49" who="0" fromWho="0" sc="331,11,120,-3,219,-5,330,-3" /><INIT seed="3,0,0,5,4,84" ten="342,117,214,327" oya="3" hai0="92,17,38,45,26,125,58,1,68,107,79,21,37" hai1="123,85,103,7,86,77,114,132,9,55,53,67,54" hai2="128,2,64,11,4,43,87,94,131,69,36,19,44" hai3="14,104,0,48,66,120,65,78,12,24,39,106,113"/><W73/><G0/><T129/><D107/><U95/><E123/><V118/><F118/><W70/><G120/><T134/><D68/><U18/><E114/><V23/><F87/><W124/><G113/><T130/><D1/><U27/><E132/><V119/><F119/><W126/><G39/><T83/><D125/><N who="3" m="48233" /><G24/><T81/><D134/><U110/><E110/><V47/><F94/><W16/><G78/><T8/><D92/><U71/><E71/><V98/><F47/><W40/><G73/><T112/><D112/><U35/><E67/><N who="3" m="25610" /><G70/><T52/><D8/><U49/><E35/><V74/><F98/><W117/><G14/><T82/><D79/><U57/><E77/><V75/><F23/><N who="3" m="11655" /><G117/><T91/><D91/><U46/><E27/><V20/><F19/><W102/><G102/><T133/><D133/><U72/><E18/><V32/><F20/><W100/><G100/><T59/><D59/><U63/><E72/><V88/><F88/><W116/><G116/><T25/><D25/><U29/><E29/><V111/><F111/><W99/><G99/><T108/><D108/><U135/><E135/><V97/><F97/><W42/><G42/><T127/><D127/><U90/><E103/><V3/><F3/><W80/><G80/><T50/><REACH who="0" step="1"/><D45/><AGARI ba="0,0" hai="40,45,48,104,106" m="11655,25610,48233" machi="45" ten="30,2900,0" yaku="18,1,54,1" doraHai="84" who="3" fromWho="0" sc="342,-29,117,0,214,0,327,29" owari="313,11.0,117,-38.0,214,-19.0,356,46.0" /></mjloggm>