<mjloggm ver="2.3"><GO type="169" lobby="0"/><UN n0="%73%68%69%6E%6B%61%77%61" n1="%68%72%6B%69%6E%67" n2="%E3%82%A6%E3%83%AB%E3%83%88%E3%83%A9%E7%AB%8B%E7%9B%B4" n3="%70%67%61%69%6E" dan="16,18,17,16" rate="2114.61,2192.03,2178.08,2089.04" sx="M,M,M,M"/><TAIKYOKU oya="0"/><INIT seed="0,0,0,2,1,34" ten="250,250,250,250" oya="0" hai0="82,49,122,64,85,63,86,115,92,80,40,4,17" hai1="83,42,27,16,61,74,97,20,55,53,70,8,44" hai2="51,95,127,77,69,133,98,38,66,90,15,103,79" hai3="102,13,35,33,121,65,46,119,59,21,24,100,2"/><T58/><D115/><U6/><E97/><V31/><F38/><W45/><G121/><T36/><D36/><U62/><E62/><V118/><F118/><W110/><G110/><T19/><D122/><U131/><E131/><V60/><F127/><W99/><G119/><T120/><D120/><U125/><E125/><V43/><F133/><W41/><G2/><T14/><D4/><U112/><E112/><V0/><F0/><W81/><G81/><N who="0" m="31339" /><D92/><U10/><E10/><V18/><F31/><W39/><G13/><T135/><D135/><U11/><E11/><V25/><F25/><W108/><G46/><N who="0" m="25799" /><D19/><U76/><E61/><V93/><F51/><W32/><G108/><T104/><D104/><U72/><E72/><V22/><REACH who="2" step="1"/><F43/><REACH who="2" ten="250,250,240,250" step="2"/><W3/><G41/><T75/><D75/><U71/><E71/><V129/><F129/><W114/><G39/><T5/><D5/><U56/><E70/><V134/><F134/><W89/><G24/><T105/><D105/><U29/><E29/><V78/><F78/><W101/><G114/><T26/><D26/><U123/><E123/><V52/><F52/><W132/><G132/><T126/><D126/><U54/><E56/><V57/><F57/><W68/><G59/><T84/><D14/><U50/><E55/><V117/><F117/><W47/><G68/><T116/><D116/><U73/><E73/><V107/><F107/><W9/><G47/><T91/><D17/><U88/><E54/><V130/><F130/><W37/><G45/><T111/><D111/><U94/><E53/><V106/><F106/><W48/><G37/><RYUUKYOKU ba="0,1" sc="250,15,250,-15,240,15,250,-15" hai0="58,63,64,84,85,86,91" hai2="15,18,22,60,66,69,77,79,90,93,95,98,103" /><INIT seed="0,1,1,3,4,100" ten="265,235,255,235" oya="0" hai0="116,93,26,118,111,106,38,113,14,0,2,129,126" hai1="90,104,61,20,8,67,117,1,59,25,112,83,45" hai2="10,124,135,71,64,86,46,98,12,70,42,76,29" hai3="79,35,32,56,27,77,103,31,15,6,121,132,110"/><T68/><RYUUKYOKU type="yao9" ba="1,1" sc="265,0,235,0,255,0,235,0" hai0="0,2,14,26,38,68,93,106,111,113,116,118,126,129" /><INIT seed="0,2,1,0,5,6" ten="265,235,255,235" oya="0" hai0="77,106,24,50,17,99,46,61,60,126,0,49,73" hai1="100,132,93,53,3,82,115,35,36,14,97,113,105" hai2="92,134,11,18,86,16,116,32,78,51,87,65,64" hai3="22,21,40,31,5,104,55,66,109,107,13,29,102"/><T2/><D126/><U96/><E3/><V44/><F32/><W112/><G109/><T12/><D0/><U41/><E35/><V70/><F70/><W133/><G112/><T56/><D2/><U23/><E132/><V76/><F134/><W15/><G133/><T20/><D73/><U101/><E53/><V90/><F116/><W34/><G34/><T131/><D77/><U121/><E121/><V10/><F78/><W135/><G135/><T71/><D131/><U129/><E129/><V81/><F64/><W9/><G66/><T110/><D110/><U74/><E41/><N who="2" m="24975" /><F65/><W33/><G40/><N who="0" m="24775" /><D106/><U47/><E47/><V75/><F75/><W25/><G31/><N who="0" m="17799" /><D99/><U62/><E62/><V1/><F1/><W118/><G118/><T88/><D88/><U79/><E36/><V103/><F103/><W63/><G102/><T57/><D71/><U120/><E120/><V98/><F98/><W30/><G107/><T85/><D85/><U119/><E119/><V130/><F130/><W68/><G104/><T128/><D128/><U52/><E115/><V26/><F26/><N who="3" m="18647" /><G68/><T8/><D50/><U91/><E113/><V114/><F114/><W117/><G117/><T94/><D94/><U89/><E89/><V83/><F92/><W7/><G63/><AGARI ba="2,1" hai="8,12,17,56,57,60,61,63" m="17799,24775" machi="63" ten="30,2900,0" yaku="8,1,52,1" doraHai="6" who="0" fromWho="3" sc="265,45,235,0,255,0,235,-35" /><INIT seed="0,3,0,0,4,90" ten="310,235,255,200" oya="0" hai0="76,102,63,56,125,8,80,87,21,20,13,50,72" hai1="71,105,101,45,123,110,58,30,97,39,84,70,120" hai2="114,22,16,48,112,95,46,27,94,124,57,113,14" hai3="11,89,18,19,131,53,2,65,29,54,9,1,81"/><T42/><D125/><U130/><E110/><V69/><F69/><W31/><G89/><T34/><D34/><U25/><E130/><V93/><F124/><W128/><G81/><T126/><D126/><U62/><E84/><V3/><F3/><W52/><G54/><T75/><D102/><U118/><E118/><V7/><F57/><W122/><REACH who="3" step="1"/><G65/><REACH who="3" ten="310,235,255,190" step="2"/><N who="0" m="39143" /><D72/><U41/><E71/><V104/><F104/><W67/><G67/><T47/><D75/><U116/><E116/><V36/><F36/><W109/><G109/><T35/><D35/><U111/><E111/><V38/><F38/><W133/><G133/><T55/><D55/><U92/><E105/><V0/><F0/><W24/><G24/><T23/><D23/><U78/><E70/><V5/><REACH who="2" step="1"/><F27/><REACH who="2" ten="310,235,245,190" step="2"/><W10/><G10/><T83/><D83/><U61/><E25/><V96/><F96/><W119/><G119/><T115/><D115/><U59/><E97/><V107/><F107/><W12/><G12/><T79/><D79/><U17/><E39/><V91/><F91/><W127/><G127/><T43/><D43/><AGARI ba="3,2" hai="5,7,14,16,22,43,46,48,93,94,95,112,113,114" machi="43" ten="50,12000,2" yaku="1,1,52,3,54,1,53,1" doraHai="90" doraHaiUra="40" who="2" fromWho="0" sc="310,-129,235,0,245,149,190,0" /><INIT seed="1,0,0,0,4,32" ten="181,235,394,190" oya="1" hai0="98,71,90,60,13,50,134,17,93,75,36,105,20" hai1="122,46,97,47,3,49,10,110,68,58,132,77,95" hai2="33,107,54,106,1,80,41,85,91,12,16,31,66" hai3="45,23,26,111,124,86,96,135,123,24,81,121,117"/><U19/><E68/><V67/><F1/><W127/><G111/><T76/><D36/><U114/><E114/><V2/><F2/><W61/><G135/><T48/><D134/><U131/><E132/><V129/><F41/><W5/><G117/><T15/><D105/><U42/><E122/><V18/><F31/><W0/><G45/><T72/><D76/><U113/><E113/><V116/><F33/><W94/><G61/><T65/><REACH who="0" step="1"/><D15/><REACH who="0" ten="171,235,394,190" step="2"/><U133/><E133/><V74/><F12/><W88/><G123/><T28/><D28/><U14/><E110/><V9/><F106/><W125/><G121/><T130/><D130/><U40/><E131/><V70/><F107/><W87/><G26/><T6/><D6/><U51/><E77/><V73/><F129/><W101/><G5/><T63/><D63/><U119/><E119/><V52/><F18/><N who="3" m="12407" /><G0/><T100/><D100/><U25/><E25/><V56/><F16/><W92/><G101/><T89/><D89/><U27/><E27/><V128/><F91/><W83/><G127/><T82/><D82/><U79/><E79/><V59/><F80/><W126/><G83/><T64/><D64/><U69/><E3/><V21/><F128/><W84/><G81/><T104/><D104/><U35/><E35/><V11/><F116/><W30/><G30/><T57/><D57/><U38/><E38/><V62/><F67/><W115/><G115/><T103/><D103/><N who="1" m="60863" /><E69/><V34/><F70/><W39/><G39/><T7/><D7/><U102/><E102/><V109/><F109/><W4/><G4/><T53/><D53/><RYUUKYOKU ba="0,1" sc="171,10,235,10,394,-30,190,10" hai0="13,17,20,48,50,60,65,71,72,75,90,93,98" hai1="10,14,19,40,42,46,47,49,51,58" hai3="84,86,87,88,92,94,96,124,125,126" /><INIT seed="1,1,1,1,0,124" ten="181,245,364,200" oya="1" hai0="119,39,46,55,54,131,72,11,123,5,115,71,130" hai1="78,63,98,8,58,26,64,12,36,132,37,127,59" hai2="90,117,134,17,16,75,50,49,42,33,47,93,84" hai3="96,79,2,14,92,122,21,35,9,103,57,38,6"/><U88/><E127/><V76/><F33/><W43/><G122/><T67/><D115/><U4/><E132/><V61/><F117/><W95/><G35/><T102/><D119/><U1/><E78/><V106/><F106/><W104/><G57/><T99/><D123/><U108/><E108/><V89/><F134/><W0/><G79/><T10/><D72/><U66/><E26/><V129/><F129/><N who="0" m="49162" /><D67/><U81/><E1/><V45/><F61/><W30/><G30/><T121/><D71/><U60/><E81/><V3/><F3/><W24/><G2/><N who="0" m="311" /><D121/><U105/><REACH who="1" step="1"/><E88/><REACH who="1" ten="181,235,364,200" step="2"/><V31/><F76/><W109/><G0/><T135/><D135/><U34/><E34/><V128/><F128/><W80/><G80/><T56/><D102/><AGARI ba="1,2" hai="4,8,12,36,37,58,59,60,63,64,66,98,102,105" machi="102" ten="40,3900,0" yaku="1,1,9,1,53,0" doraHai="124" doraHaiUra="32" who="1" fromWho="0" sc="181,-42,235,62,364,0,200,0" /><INIT seed="1,2,0,1,3,73" ten="139,297,364,200" oya="1" hai0="83,71,44,85,122,113,135,75,21,11,30,78,133" hai1="38,53,70,61,16,100,58,15,116,34,112,52,14" hai2="127,102,25,106,40,7,63,32,98,77,60,94,49" hai3="114,43,117,132,50,86,91,99,64,121,41,51,26"/><U89/><E116/><V126/><F7/><W45/><G121/><T46/><D113/><U27/><E112/><V57/><F106/><W123/><G123/><T62/><D122/><U55/><E38/><V28/><F77/><W96/><G114/><T29/><D11/><U110/><E70/><V4/><F4/><W125/><G132/><N who="0" m="50763" /><D75/><U67/><E110/><V66/><F60/><W131/><G131/><T119/><D119/><U19/><E100/><V134/><F134/><W6/><G117/><T3/><D3/><U109/><E109/><V9/><F9/><W74/><G125/><N who="2" m="47625" /><F49/><W105/><G51/><T31/><D21/><N who="1" m="13759" /><E34/><V48/><F48/><W0/><G50/><T120/><D120/><U59/><E59/><V36/><F36/><W92/><G43/><AGARI ba="2,0" hai="25,28,32,40,43,57,63,66,94,98,102" m="47625" machi="43" ten="30,1000,0" yaku="18,1" doraHai="73" who="2" fromWho="3" sc="139,0,297,0,364,16,200,-16" /><INIT seed="2,0,0,0,1,97" ten="139,297,380,184" oya="2" hai0="8,72,80,92,87,60,82,114,69,112,90,22,37" hai1="126,117,3,120,85,43,101,102,20,4,6,24,48" hai2="109,49,130,52,89,10,95,127,88,32,81,104,13" hai3="17,79,110,18,61,67,91,98,108,35,58,128,57"/><V86/><F104/><W131/><G35/><T115/><D37/><U36/><E36/><V125/><F32/><W116/><G116/><T99/><D8/><U7/><E117/><V16/><F130/><N who="3" m="49707" /><G79/><N who="0" m="44135" /><D22/><U28/><E3/><V78/><F109/><N who="3" m="42091" /><G91/><N who="0" m="51703" /><D60/><U129/><E129/><V33/><F33/><W132/><G132/><T5/><D5/><U53/><E126/><N who="2" m="48139" /><F95/><W84/><G84/><T1/><D69/><U34/><E120/><V42/><F42/><W59/><G98/><T64/><D64/><U27/><E85/><V30/><F30/><W63/><G63/><T113/><N who="0" m="28672" /><DORA hai="103" /><T76/><D1/><U66/><E66/><V2/><F2/><W70/><AGARI ba="0,0" hai="17,18,57,58,59,61,67,70" m="42091,49707" machi="70" ten="40,2700,0" yaku="19,1,14,1" doraHai="97,103" who="3" fromWho="3" sc="139,-7,297,-7,380,-13,184,27" /><INIT seed="3,0,0,5,0,58" ten="132,290,367,211" oya="3" hai0="45,44,103,126,127,11,40,80,27,55,34,92,24" hai1="130,116,76,64,41,42,7,132,96,100,73,17,13" hai2="87,65,51,28,43,9,57,18,109,98,89,61,94" hai3="5,70,62,111,32,119,52,86,8,91,83,21,115"/><W121/><G115/><T81/><D11/><U1/><E116/><V78/><F109/><W22/><G119/><T15/><D15/><U19/><E132/><V120/><F28/><W48/><G121/><T102/><D92/><U88/><E1/><V14/><F120/><W93/><G32/><T84/><D40/><U60/><E130/><V63/><F43/><W110/><G93/><T82/><D84/><U69/><E88/><V112/><F112/><W26/><G70/><T74/><D74/><U36/><E36/><V25/><F25/><N who="0" m="9802" /><D55/><U123/><E123/><V33/><F33/><W35/><G35/><T0/><D0/><U135/><E135/><V97/><F78/><W107/><G26/><T117/><D34/><U129/><E129/><V67/><F51/><W6/><G6/><T4/><D4/><U133/><E133/><V105/><F105/><W125/><G107/><T79/><D79/><U3/><E3/><V122/><F122/><W108/><G48/><T71/><D71/><AGARI ba="0,0" hai="9,14,18,57,61,63,65,67,71,87,89,94,97,98" machi="71" ten="30,3900,0" yaku="7,1,52,2" doraHai="58" who="2" fromWho="0" sc="132,-39,290,0,367,39,211,0" /><INIT seed="4,0,0,5,5,117" ten="93,290,406,211" oya="0" hai0="64,93,116,57,109,42,133,127,98,99,54,38,34" hai1="32,3,44,129,68,39,73,35,15,77,75,72,55" hai2="62,119,52,1,21,53,135,50,11,51,20,16,33" hai3="63,78,60,95,106,58,100,40,126,81,82,132,123"/><T92/><D116/><U17/><E3/><V114/><F33/><W27/><G106/><T108/><D34/><U84/><E68/><V59/><F135/><W128/><G132/><T48/><D133/><U56/><E129/><V107/><F107/><W69/><G128/><T29/><D29/><U14/><E44/><N who="2" m="27751" /><F1/><W10/><G126/><T4/><D4/><U45/><E45/><N who="2" m="27855" /><F114/><W111/><G111/><N who="0" m="42571" /><D127/><U61/><E39/><V124/><F124/><W24/><G69/><T80/><D80/><U43/><E43/><V120/><F120/><W118/><G82/><T66/><D42/><U65/><E65/><N who="0" m="25193" /><D38/><U30/><E35/><V26/><F119/><W104/><G81/><T125/><D125/><U89/><E77/><V105/><F105/><W83/><G83/><T86/><D86/><U87/><E87/><V19/><F11/><W41/><G78/><T49/><D48/><U76/><E76/><V2/><F2/><W94/><G118/><T91/><D93/><U113/><E113/><V12/><F62/><W13/><G104/><T88/><D98/><U110/><E110/><V67/><F67/><W85/><G63/><T25/><D25/><N who="1" m="18511" /><E84/><V121/><F121/><W102/><G123/><T7/><D7/><U112/><E112/><V97/><F97/><W96/><G27/><T70/><D70/><U22/><E15/><V71/><F71/><W47/><G24/><T130/><D130/><U79/><E79/><V8/><F8/><W131/><G85/><T9/><D9/><U134/><E134/><V6/><F6/><N who="3" m="3287" /><G131/><T37/><D37/><U122/><E122/><RYUUKYOKU ba="0,0" sc="93,10,290,10,406,10,211,-30" hai0="49,54,57,88,91,92,99" hai1="14,17,22,55,56,61,72,73,75,89" hai2="12,16,19,20,21,26,59" /><INIT seed="4,1,0,2,3,5" ten="103,300,416,181" oya="0" hai0="79,99,53,12,107,38,36,61,54,106,83,21,48" hai1="59,120,74,14,19,103,114,108,104,68,33,127,22" hai2="135,97,124,123,11,93,92,42,55,41,6,45,29" hai3="95,118,78,115,64,20,129,37,66,88,25,7,17"/><T51/><D61/><U70/><E120/><V32/><F123/><W96/><G118/><T69/><D69/><U72/><E114/><V57/><F124/><W89/><G115/><T71/><D71/><U130/><E127/><V47/><F29/><W13/><G129/><T121/><D121/><U117/><E117/><V111/><F32/><W84/><G78/><T4/><D38/><U110/><E33/><V131/><F131/><W87/><G37/><T73/><D36/><U49/><E130/><V34/><F34/><W116/><G116/><T76/><D76/><U63/><E70/><V26/><F26/><W10/><G96/><T91/><D91/><U132/><E132/><V2/><F135/><W102/><G102/><T15/><D21/><U1/><E1/><V60/><F111/><W27/><G27/><T23/><D23/><U18/><E68/><V35/><F35/><W46/><G46/><N who="2" m="17417" /><F2/><W134/><G134/><T52/><D99/><U40/><E74/><V113/><F113/><W43/><G43/><T109/><D109/><U75/><E75/><V101/><F93/><AGARI ba="1,0" hai="7,10,13,17,20,25,64,66,84,87,88,89,93,95" machi="93" ten="30,8000,1" yaku="7,1,9,1,8,1,52,1,54,1" doraHai="5" who="3" fromWho="2" sc="103,0,300,0,416,-83,181,83" /><INIT seed="5,0,0,5,5,99" ten="103,300,333,264" oya="1" hai0="19,5,112,129,13,29,64,108,89,4,104,107,54" hai1="37,128,113,35,0,28,21,56,17,67,76,133,20" hai2="122,46,102,57,6,93,96,47,44,60,100,59,111" hai3="97,24,134,85,25,45,58,16,33,123,77,23,135"/><U36/><E0/><V78/><F111/><W103/><G123/><T38/><D108/><U40/><E133/><N who="3" m="50698" /><G45/><T109/><D109/><U7/><E7/><V126/><F126/><W131/><G131/><T73/><D129/><U130/><E76/><V52/><F122/><W34/><G25/><T61/><D112/><U91/><E113/><V90/><F78/><W2/><G2/><T15/><D38/><U119/><E119/><V106/><F106/><N who="3" m="63855" /><G58/><T105/><D73/><U10/><E130/><V98/><F98/><W50/><G50/><T14/><D29/><U51/><E128/><V117/><F117/><W110/><G110/><T18/><D89/><U26/><E91/><V39/><F39/><W94/><G94/><T121/><D121/><U43/><E37/><V74/><F74/><W72/><G72/><T27/><D54/><U71/><E71/><V30/><F30/><W115/><G115/><T63/><D27/><U82/><E82/><AGARI ba="0,0" hai="16,23,24,33,34,77,82,85" m="63855,50698" machi="82" ten="30,3900,0" yaku="20,1,52,1,54,1" doraHai="99" who="3" fromWho="1" sc="103,0,300,-39,333,0,264,39" /><INIT seed="6,0,0,2,4,88" ten="103,261,333,303" oya="2" hai0="98,22,96,17,26,31,114,135,93,0,3,85,126" hai1="121,54,13,56,1,80,41,40,11,95,134,36,117" hai2="109,37,47,118,32,79,77,67,44,59,102,23,51" hai3="7,48,92,9,52,81,57,8,107,35,55,39,90"/><V27/><F32/><W49/><G107/><T12/><D114/><U64/><E117/><V50/><F118/><W120/><G120/><T43/><D135/><U115/><E134/><V127/><F37/><W68/><G39/><T87/><D126/><U53/><E1/><V111/><F127/><W25/><G68/><T4/><D4/><U62/><E121/><V46/><F102/><W103/><G7/><T133/><D133/><U105/><E105/><V123/><F123/><W100/><G35/><T2/><D43/><N who="1" m="16459" /><E115/><V24/><F23/><W33/><G25/><N who="2" m="9801" /><F59/><N who="3" m="33263" /><G33/><T124/><D124/><U84/><E36/><V110/><F67/><W83/><G103/><T106/><D106/><U113/><E113/><V21/><F21/><W78/><G100/><T129/><D129/><U125/><E125/><V99/><F99/><N who="3" m="57751" /><G78/><AGARI ba="0,0" hai="44,46,47,50,51,77,78,79,109,110,111" m="9801" machi="78" ten="40,7700,0" yaku="28,2,10,1" doraHai="88" who="2" fromWho="3" sc="103,0,261,0,333,77,303,-77" /><INIT seed="6,1,0,4,3,87" ten="103,261,410,226" oya="2" hai0="45,96,25,62,29,27,77,21,118,33,114,19,93" hai1="74,125,22,134,13,61,106,78,64,122,95,24,121" hai2="59,135,1,68,75,130,52,99,28,17,66,36,104" hai3="65,76,30,56,11,89,82,69,40,20,127,111,108"/><V70/><F1/><W6/><G69/><T37/><D114/><U42/><E106/><V103/><F75/><W34/><G34/><T133/><D118/><U128/><E125/><V115/><F36/><W97/><G127/><T84/><D133/><U105/><E105/><V83/><F135/><W124/><G124/><T123/><D123/><U71/><E134/><V55/><F115/><W2/><G40/><T10/><D10/><U117/><E117/><V129/><F83/><W53/><G65/><T98/><D62/><U81/><E128/><N who="2" m="49259" /><F28/><W79/><G79/><T26/><D26/><U39/><E13/><V90/><F17/><W31/><G31/><T101/><D98/><U119/><E119/><V18/><F18/><W49/><G30/><T94/><D37/><U88/><E22/><V9/><F9/><W32/><G20/><T131/><D131/><U126/><E24/><V44/><F44/><W85/><G32/><T48/><D77/><U3/><E3/><V41/><F41/><W132/><G132/><T58/><D58/><U116/><E116/><V16/><F16/><W63/><G2/><T112/><D112/><U8/><E8/><V92/><F66/><N who="3" m="39271" /><G11/><T67/><D67/><U38/><E126/><V100/><F55/><W107/><G53/><T80/><D93/><U50/><E122/><V110/><F110/><W86/><G111/><T72/><D72/><U57/><E121/><V14/><F14/><W15/><G15/><T46/><D48/><U54/><E42/><V91/><F70/><W23/><G108/><T102/><D102/><U12/><E12/><RYUUKYOKU ba="1,0" sc="103,15,261,15,410,-15,226,-15" hai0="19,21,25,27,29,33,45,46,80,84,94,96,101" hai1="38,39,50,54,57,61,64,71,74,78,81,88,95" /><INIT seed="7,2,0,4,3,93" ten="118,276,395,211" oya="3" hai0="110,70,94,57,25,132,65,52,77,7,104,48,59" hai1="114,8,2,46,42,3,43,53,95,81,98,6,89" hai2="120,96,39,64,40,106,68,127,37,91,9,126,76" hai3="79,131,97,34,121,38,134,15,87,12,73,130,112"/><W107/><G112/><T125/><D110/><U72/><E114/><V90/><F40/><W117/><G73/><T123/><D123/><U13/><E53/><V78/><F64/><W60/><G121/><T86/><D104/><U116/><E116/><V61/><F61/><W85/><G117/><T27/><D125/><U50/><E43/><V22/><F22/><W1/><G1/><T108/><D108/><U4/><E4/><V83/><F68/><W115/><G115/><T109/><D132/><U33/><E33/><V29/><F9/><W62/><G38/><T100/><D109/><U67/><E67/><V26/><F26/><W80/><G34/><T133/><D133/><U102/><E72/><V111/><F29/><W99/><G134/><T36/><D36/><U21/><E21/><V119/><F119/><W32/><G32/><T17/><D70/><U31/><E31/><V51/><F39/><W47/><G107/><T105/><D7/><U14/><E14/><N who="3" m="5162" /><G87/><T124/><D124/><U103/><REACH who="1" step="1"/><E81/><REACH who="1" ten="118,266,395,211" step="2"/><V101/><F126/><W118/><G118/><T135/><D135/><U113/><E113/><V54/><F127/><W11/><G11/><T35/><D35/><U66/><E66/><V56/><F111/><W82/><G82/><T28/><D28/><U10/><E10/><V84/><F120/><W0/><G0/><AGARI ba="2,1" hai="0,2,3,6,8,13,42,46,50,89,95,98,102,103" machi="0" ten="40,2600,0" yaku="1,1,52,1,53,0" doraHai="93" doraHaiUra="74" who="1" fromWho="3" sc="118,0,266,42,395,0,211,-32" owari="118,-38.0,308,11.0,395,49.0,179,-22.0" /></mjloggm>