<mjloggm ver="2.3"><GO type="97" lobby="0"/><UN n0="%E3%82%A6%E3%83%AB%E3%83%88%E3%83%A9%E7%AB%8B%E7%9B%B4" n1="%E3%81%97%E3%81%BD" n2="%E3%81%B2%E3%82%88%E3%82%8F%E3%81%8F%E3%82%93" n3="%E5%B0%8F%E3%81%95%E3%81%98%E2%99%AA" dan="13,15,13,14" rate="1868.51,1980.62,1887.93,1952.58" sx="M,M,M,M"/><TAIKYOKU oya="0"/><INIT seed="0,0,0,2,5,133" ten="250,250,250,250" oya="0" hai0="77,131,59,35,126,82,36,87,5,123,120,52,129" hai1="43,15,91,103,42,75,76,50,72,130,58,132,38" hai2="94,109,55,48,114,89,121,85,79,74,67,80,3" hai3="110,32,83,86,18,102,68,2,134,65,4,115,47"/><T106/><D36/><U124/><E132/><V70/><F3/><W8/><G134/><T13/><D35/><U128/><E103/><V26/><F121/><W117/><G117/><T0/><D106/><U60/><E15/><V125/><F114/><W45/><G115/><T92/><D0/><U62/><E91/><V31/><F109/><W33/><G110/><T51/><D92/><U99/><E99/><V16/><F67/><W34/><G102/><T41/><D41/><U90/><E90/><V96/><F70/><W22/><G65/><T104/><D104/><U111/><E111/><V63/><F63/><W14/><REACH who="3" step="1"/><G68/><REACH who="3" ten="250,250,250,240" step="2"/><T105/><D105/><U49/><E38/><V122/><F122/><W56/><G56/><T127/><D123/><U107/><E58/><N who="2" m="33127" /><F74/><W44/><G44/><T78/><D120/><U73/><E107/><V135/><F135/><W64/><G64/><T54/><D131/><U66/><E66/><V7/><F7/><W28/><G28/><T30/><D30/><U84/><E75/><V27/><F31/><W57/><G57/><T69/><D129/><U118/><E118/><V10/><F125/><N who="0" m="47626" /><D69/><U100/><E124/><V81/><F81/><W98/><G98/><T95/><D95/><U39/><E39/><V1/><F1/><W17/><G17/><T101/><D101/><U23/><E100/><V24/><F10/><W46/><G46/><N who="0" m="27767" /><D82/><U25/><E73/><V9/><F9/><W6/><G6/><T119/><D119/><U21/><E72/><V40/><F16/><W88/><AGARI ba="0,1" hai="2,4,8,14,18,22,32,33,34,45,47,83,86,88" machi="88" ten="30,4000,0" yaku="1,1,0,1,54,1,53,0" doraHai="133" doraHaiUra="116" who="3" fromWho="3" sc="250,-20,250,-10,250,-10,240,50" /><INIT seed="1,0,0,4,4,65" ten="230,240,240,290" oya="1" hai0="68,94,51,54,86,89,17,13,6,52,69,98,24" hai1="104,67,113,57,117,8,110,78,45,128,64,22,105" hai2="11,21,7,20,102,48,39,121,112,83,114,3,108" hai3="124,35,14,91,63,134,33,119,92,60,29,59,72"/><U34/><E117/><V38/><F121/><W125/><G119/><T1/><D24/><U5/><E113/><N who="2" m="43627" /><F108/><W129/><G72/><T46/><D6/><U90/><E128/><V36/><F102/><W0/><G0/><T4/><D4/><U19/><E34/><V56/><F83/><W109/><G109/><T53/><D1/><U37/><E110/><V81/><F81/><W85/><G129/><T107/><D107/><U55/><E78/><V120/><F120/><W15/><G134/><T49/><D98/><U58/><E90/><V44/><F56/><W80/><G63/><T122/><D122/><U16/><E105/><V61/><F61/><W96/><G35/><T126/><D126/><N who="3" m="48745" /><G29/><T27/><D27/><U95/><E104/><V93/><F93/><W101/><G33/><T41/><REACH who="0" step="1"/><D51/><REACH who="0" ten="220,240,240,290" step="2"/><U42/><E95/><V115/><F115/><W47/><G96/><T82/><D82/><U103/><E103/><V97/><F97/><W50/><G101/><T18/><D18/><U73/><E19/><V88/><F88/><W99/><G99/><T2/><D2/><U71/><E16/><V28/><F28/><W12/><G80/><T9/><AGARI ba="0,1" hai="9,13,17,41,46,49,52,53,54,68,69,86,89,94" machi="9" ten="30,8000,1" yaku="1,1,0,1,52,2,54,1,53,0" doraHai="65" doraHaiUra="25" who="0" fromWho="0" sc="220,90,240,-40,240,-20,290,-20" /><INIT seed="2,0,0,1,5,106" ten="310,200,220,270" oya="2" hai0="60,121,83,13,116,21,17,50,7,102,14,5,28" hai1="73,16,20,101,57,12,79,86,41,59,71,67,97" hai2="114,31,94,111,43,108,99,84,126,52,107,56,62" hai3="54,110,24,125,119,45,58,32,65,128,100,78,131"/><V6/><F114/><W48/><G119/><T89/><D121/><U129/><E129/><N who="3" m="49738" /><G125/><T23/><D116/><U49/><E71/><V11/><F126/><W93/><G78/><T104/><D102/><U39/><E39/><V26/><F43/><W68/><G32/><T69/><D104/><U105/><E67/><V64/><F107/><W133/><G24/><N who="0" m="16415" /><D60/><U8/><E41/><V2/><F84/><W98/><G133/><T95/><D69/><U123/><E123/><V66/><F94/><W115/><G115/><T42/><D83/><U70/><E70/><V130/><F99/><W15/><G15/><T74/><D74/><U85/><E8/><V124/><F124/><W9/><G9/><T30/><D30/><U55/><REACH who="1" step="1"/><E59/><REACH who="1" ten="310,190,220,270" step="2"/><V47/><F130/><W1/><G65/><T88/><D42/><U19/><E19/><V103/><F103/><W27/><G68/><T92/><D17/><U51/><E51/><V61/><F47/><W109/><G45/><T112/><D50/><U4/><E4/><V118/><F118/><W34/><G48/><T0/><D7/><U77/><E77/><V38/><F38/><W120/><G120/><T29/><D5/><U25/><E25/><V22/><REACH who="2" step="1"/><F66/><REACH who="2" ten="310,190,210,270" step="2"/><W75/><G27/><N who="0" m="16623" /><D112/><U63/><E63/><V35/><F35/><W18/><G34/><T72/><D72/><U87/><E87/><V3/><F3/><W37/><G75/><T127/><D0/><U82/><AGARI ba="0,2" hai="12,16,20,49,55,57,73,79,82,85,86,97,101,105" machi="82" ten="30,7900,0" yaku="1,1,0,1,52,1,54,1,53,0" doraHai="106" doraHaiUra="132" who="1" fromWho="1" sc="310,-20,190,99,210,-39,270,-20" /><INIT seed="3,0,0,2,1,47" ten="290,289,171,250" oya="3" hai0="135,68,92,43,23,40,102,31,122,99,118,5,121" hai1="109,114,130,1,49,123,65,94,88,54,24,87,80" hai2="2,10,77,132,69,56,78,124,37,16,98,97,119" hai3="35,17,38,22,104,6,85,129,113,59,126,44,41"/><W0/><G35/><T29/><D68/><U90/><E114/><V112/><F112/><W48/><G113/><T70/><D70/><U7/><E109/><V96/><F119/><W9/><G104/><T108/><D118/><U55/><E130/><V52/><F69/><W73/><G129/><T71/><D71/><U66/><E123/><V86/><F132/><W45/><G126/><T19/><D5/><U62/><E1/><V93/><F124/><W105/><G105/><T131/><D131/><U21/><E7/><V82/><F37/><W134/><G134/><T46/><D135/><U32/><E62/><N who="2" m="36103" /><F2/><W76/><G85/><T95/><D108/><U28/><E32/><V63/><F63/><W30/><G30/><T101/><D46/><N who="1" m="27959" /><E55/><V89/><F82/><N who="3" m="45327" /><G59/><T91/><D121/><U26/><E26/><V75/><F75/><W42/><G17/><T79/><D79/><U14/><E14/><AGARI ba="0,0" hai="10,14,16,77,78,86,89,93,96,97,98" m="36103" machi="14" ten="30,3900,0" yaku="8,1,54,2" doraHai="47" who="2" fromWho="1" sc="290,0,289,-39,171,39,250,0" /><INIT seed="4,0,0,5,5,15" ten="290,250,210,250" oya="0" hai0="61,30,86,111,26,44,14,109,101,27,48,105,46" hai1="21,120,128,20,52,33,132,72,122,13,24,85,31" hai2="36,134,118,16,114,32,102,77,129,3,8,79,38" hai3="69,7,131,45,126,100,67,104,17,90,81,93,35"/><T12/><D101/><U103/><E72/><V107/><F32/><W124/><G35/><T25/><D105/><U87/><E103/><V116/><F134/><W78/><G7/><T22/><D61/><U127/><E127/><N who="3" m="48682" /><G45/><N who="0" m="17515" /><D48/><U76/><E128/><V71/><F71/><W34/><G34/><N who="0" m="20815" /><D86/><U0/><E132/><V123/><F123/><W1/><G1/><T9/><D9/><U37/><E37/><N who="2" m="14443" /><F129/><W60/><G100/><T4/><D4/><U68/><E68/><V29/><F29/><W18/><G104/><T28/><D27/><U65/><E24/><V97/><F114/><W133/><G133/><T117/><D117/><N who="2" m="45162" /><F3/><W113/><G131/><T112/><D112/><U6/><E0/><V121/><F121/><W39/><G39/><T50/><D50/><U58/><E122/><V130/><F130/><W41/><G41/><T51/><D51/><U56/><E120/><V89/><F89/><W119/><G119/><T43/><D43/><U55/><E6/><V10/><F10/><W80/><G113/><T66/><D66/><U63/><E65/><V110/><F110/><AGARI ba="0,0" hai="12,14,22,26,28,109,110,111" m="20815,17515" machi="110" ten="30,1500,0" yaku="10,1" doraHai="15" who="0" fromWho="2" sc="290,15,250,0,210,-15,250,0" owari="305,40.0,250,5.0,195,-30.0,250,-15.0" /></mjloggm>