<mjloggm ver="2.3"><GO type="169" lobby="0"/><UN n0="%E4%BC%8F%E8%99%8E" n1="%74%6A%2D%6D%69%63%72%6F" n2="%4A%61%6E%2D%4D%61%63%68" n3="%E3%82%A6%E3%83%AB%E3%83%88%E3%83%A9%E7%AB%8B%E7%9B%B4" dan="17,17,17,17" rate="2212.86,2143.39,2171.05,2211.54" sx="M,M,M,M"/><TAIKYOKU oya="0"/><INIT seed="0,0,0,4,4,88" ten="250,250,250,250" oya="0" hai0="14,133,96,28,100,66,81,102,33,75,5,104,109" hai1="26,84,105,49,45,79,78,70,54,116,7,94,35" hai2="80,34,67,2,53,62,19,47,110,74,58,23,135" hai3="43,101,25,123,21,130,82,59,122,12,11,127,29"/><T10/><D133/><U118/><E105/><V40/><F34/><W69/><G69/><T92/><D66/><U37/><E70/><V32/><F32/><W64/><G43/><T60/><D60/><U56/><E7/><V22/><F2/><W51/><G51/><T132/><D132/><U117/><E35/><V128/><F135/><W86/><G127/><T16/><D109/><U38/><E26/><V17/><F110/><W77/><G130/><T107/><D33/><U108/><E108/><V44/><F128/><W125/><G125/><T36/><D28/><U50/><E78/><V73/><F80/><W8/><G101/><T98/><D36/><U72/><E72/><V15/><F67/><W114/><G114/><T6/><D75/><U95/><E37/><V68/><F47/><W46/><G46/><T65/><D65/><U113/><E38/><V134/><F134/><W48/><G48/><T42/><D42/><U115/><E79/><V71/><F68/><W90/><G77/><T103/><REACH who="0" step="1"/><D81/><REACH who="0" ten="240,250,250,250" step="2"/><U4/><E113/><V131/><F131/><W20/><G64/><T30/><D30/><U3/><E115/><V41/><F71/><W55/><G123/><T129/><D129/><U24/><E117/><V124/><F41/><W99/><G122/><T18/><D18/><U39/><E116/><V106/><F124/><W52/><G29/><T85/><D85/><U120/><E39/><N who="2" m="21535" /><F73/><W0/><G82/><T31/><D31/><U13/><E118/><V27/><F74/><W91/><G86/><T76/><D76/><U87/><E120/><V89/><F62/><RYUUKYOKU ba="0,1" sc="240,30,250,-10,250,-10,250,-10" hai0="5,6,10,14,16,92,96,98,100,102,103,104,107" /><INIT seed="0,1,1,3,2,83" ten="270,240,240,240" oya="0" hai0="57,131,129,133,53,49,39,124,126,38,112,27,51" hai1="106,119,74,82,56,104,58,7,93,23,19,21,89" hai2="50,35,101,100,116,88,75,117,63,123,37,32,41" hai3="13,14,76,10,69,22,67,29,65,20,96,111,26"/><T109/><D27/><U45/><E119/><N who="2" m="45643" /><F75/><W66/><G111/><T47/><D112/><U110/><E7/><V42/><F37/><N who="0" m="13834" /><D109/><U107/><E110/><V127/><F63/><W11/><G69/><T114/><D114/><U34/><E34/><N who="2" m="12843" /><F50/><W52/><G22/><T128/><D133/><U64/><E45/><V17/><F123/><W36/><G36/><T91/><D91/><U130/><E64/><V18/><F127/><N who="0" m="48682" /><D49/><U103/><E103/><N who="2" m="39499" /><F88/><W79/><G11/><T134/><D134/><U54/><E89/><V25/><F25/><W62/><G10/><T87/><D87/><U6/><E74/><V46/><F46/><AGARI ba="1,1" hai="46,47,51,53,57,128,129,131" m="48682,13834" machi="46" ten="40,12000,1" yaku="19,1,18,1,34,2" doraHai="83" who="0" fromWho="2" sc="270,133,240,0,240,-123,240,0" /><INIT seed="0,2,0,2,0,94" ten="403,240,117,240" oya="0" hai0="22,54,8,46,26,124,132,23,66,10,73,67,1" hai1="119,15,99,104,27,47,48,114,50,116,16,106,128" hai2="13,37,76,125,102,5,2,81,86,25,4,18,88" hai3="127,40,33,56,0,68,49,105,117,32,62,30,135"/><T14/><D73/><U97/><E128/><V51/><F37/><W129/><G30/><T90/><D124/><U123/><E123/><V98/><F2/><W107/><G49/><T53/><D132/><U79/><E79/><V70/><F70/><W115/><G56/><T58/><D1/><U109/><E109/><V34/><F125/><W20/><G62/><T59/><D46/><U11/><E114/><V7/><F34/><W60/><G20/><T65/><D90/><U12/><E27/><V82/><F25/><W113/><G60/><T3/><D3/><U93/><E93/><N who="2" m="58703" /><F51/><W111/><G40/><T100/><D100/><U44/><REACH who="1" step="1"/><E16/><REACH who="1" ten="403,230,117,240" step="2"/><V41/><F41/><W45/><G115/><T95/><D26/><U42/><E42/><V78/><F82/><W131/><G131/><T112/><D112/><U29/><E29/><V103/><F103/><W92/><G107/><T61/><D23/><AGARI ba="2,1" hai="4,5,7,13,18,23,76,78,81,86,88" m="58703" machi="23" ten="30,3900,0" yaku="8,1,52,1,54,1" doraHai="94" who="2" fromWho="0" sc="403,-45,230,0,117,55,240,0" /><INIT seed="1,0,0,1,3,12" ten="358,230,172,240" oya="1" hai0="78,92,117,93,72,52,128,62,59,97,46,54,94" hai1="15,28,135,39,104,75,129,47,67,3,99,25,88" hai2="122,79,70,43,68,48,103,82,58,56,2,18,130" hai3="81,17,109,13,11,29,102,100,83,80,125,23,55"/><U65/><E3/><V53/><F2/><W4/><G125/><T45/><D117/><U111/><E75/><V96/><F122/><W24/><G109/><T105/><D128/><U44/><E129/><V30/><F130/><W10/><REACH who="3" step="1"/><G55/><REACH who="3" ten="358,230,172,230" step="2"/><T133/><D54/><U27/><E111/><V21/><F43/><W119/><G119/><T121/><D121/><U5/><E135/><V77/><F30/><W6/><G6/><T38/><D133/><U85/><E28/><V115/><F115/><W16/><G16/><T134/><D134/><U50/><E5/><V40/><F40/><W57/><G57/><T86/><D46/><U126/><E47/><V110/><F56/><W20/><G20/><T32/><D32/><U116/><E126/><V98/><F110/><W84/><G84/><T33/><D33/><U35/><E116/><V131/><F131/><W22/><G22/><T9/><D86/><U118/><E35/><V26/><F96/><W87/><G87/><T37/><D97/><U95/><E118/><V114/><F114/><W74/><G74/><T108/><D108/><U124/><E124/><V91/><F70/><W132/><G132/><T1/><D72/><U19/><E85/><N who="2" m="50615" /><F68/><W34/><G34/><T66/><D59/><U42/><E39/><V0/><F0/><AGARI ba="0,1" hai="0,4,10,11,13,17,23,24,29,80,81,83,100,102" machi="0" ten="40,2600,0" yaku="1,1,52,1,53,0" doraHai="12" doraHaiUra="113" who="3" fromWho="2" sc="358,0,230,0,172,-26,230,36" /><INIT seed="2,0,0,5,1,29" ten="358,230,146,266" oya="2" hai0="106,16,33,39,22,105,73,98,92,19,85,124,63" hai1="35,101,65,43,26,3,129,113,14,74,34,83,95" hai2="96,76,38,134,42,120,66,108,8,80,4,21,71" hai3="69,18,10,32,88,93,103,81,112,114,49,58,78"/><V70/><F120/><W5/><G69/><T130/><D73/><U135/><E3/><N who="2" m="31" /><F66/><W59/><G18/><T79/><D39/><U6/><E113/><N who="3" m="43626" /><G103/><T64/><D124/><U37/><E65/><V57/><F57/><W133/><G49/><T94/><D130/><U119/><E119/><V68/><F96/><N who="3" m="57383" /><G133/><T86/><D105/><U62/><E62/><V23/><F134/><W82/><G32/><T110/><D106/><U121/><E135/><V84/><F84/><N who="3" m="48183" /><G82/><T0/><D19/><U15/><E37/><V40/><F40/><W115/><N who="3" m="43634" /><W128/><DORA hai="36" /><G128/><T41/><D33/><U25/><E43/><V30/><F30/><W54/><G54/><T50/><D41/><U97/><E129/><V102/><F102/><W11/><G11/><T12/><D50/><U2/><E121/><V20/><F20/><W44/><G44/><T53/><D53/><U13/><E35/><V91/><F91/><W126/><G126/><T90/><D79/><U56/><E34/><V47/><F21/><W46/><G46/><T9/><D64/><U123/><E123/><V125/><F23/><W77/><G77/><T107/><D22/><U99/><E56/><V122/><F125/><W127/><G127/><T1/><D63/><U55/><E55/><V52/><F52/><W60/><G60/><T111/><D107/><U116/><E83/><V28/><F28/><W24/><G24/><T31/><D31/><U51/><E25/><V72/><F122/><W131/><G131/><T100/><D100/><U7/><E26/><V27/><F27/><W118/><G118/><RYUUKYOKU ba="0,0" sc="358,-15,230,-15,146,15,266,15" hai2="38,42,47,68,70,71,72,76,80,108" hai3="5,10,58,59" /><INIT seed="2,1,0,3,5,13" ten="343,215,161,281" oya="2" hai0="71,126,110,98,54,7,84,26,25,70,34,117,24" hai1="42,31,89,55,50,17,14,109,108,113,90,18,97" hai2="12,128,62,80,76,91,112,100,48,120,95,33,119" hai3="72,135,46,35,103,131,74,133,106,92,37,22,78"/><V116/><F33/><W45/><G35/><T4/><D34/><U88/><E113/><V32/><F32/><W28/><G106/><T39/><D117/><U44/><E31/><V68/><F112/><W85/><G131/><T125/><D39/><U27/><E27/><V94/><F120/><W60/><G60/><T43/><D43/><U73/><E73/><V69/><F48/><W127/><G127/><N who="0" m="48651" /><D98/><U61/><E97/><N who="2" m="59455" /><F62/><W51/><G37/><T96/><D96/><U40/><E40/><V123/><F12/><W134/><G103/><T9/><D84/><U53/><E42/><V59/><F59/><W101/><G101/><T104/><D104/><U67/><E55/><V57/><F57/><W64/><G64/><T105/><D105/><U102/><E102/><V82/><F68/><N who="0" m="26154" /><D54/><U129/><E129/><V114/><F69/><W15/><G133/><T93/><D93/><U2/><E2/><V99/><F128/><W8/><G92/><T79/><D79/><U132/><E132/><V121/><F114/><W118/><G134/><T11/><D110/><N who="1" m="42603" /><E14/><V107/><F107/><W75/><G15/><T65/><D65/><U63/><E63/><V87/><F123/><W10/><G135/><T23/><D23/><U20/><E20/><V115/><F121/><W3/><G22/><T16/><D16/><N who="1" m="6251" /><E61/><V47/><F115/><W29/><G3/><T58/><D58/><U38/><E67/><V30/><F30/><W36/><G29/><T111/><D111/><U56/><E38/><V1/><F1/><W19/><G28/><T5/><AGARI ba="1,0" hai="4,5,7,9,11,24,25,26" m="26154,48651" machi="5" ten="40,5200,0" yaku="28,2,18,1" doraHai="13" who="0" fromWho="0" sc="343,55,215,-14,161,-27,281,-14" /><INIT seed="3,0,0,4,0,6" ten="398,201,134,267" oya="3" hai0="124,31,74,30,3,103,7,20,129,46,96,62,81" hai1="14,55,33,45,60,42,106,113,122,12,70,64,86" hai2="67,13,16,100,28,47,132,109,17,41,23,78,114" hai3="102,21,36,72,2,90,8,127,56,51,29,112,32"/><W115/><G36/><T77/><D124/><U104/><E33/><V126/><F126/><W88/><G72/><T91/><D129/><U98/><E122/><V69/><F114/><W15/><G127/><T117/><D117/><U39/><E113/><V9/><F132/><W97/><G112/><T27/><D91/><U95/><E86/><V76/><F100/><W44/><G56/><T5/><D31/><U71/><E71/><V133/><F133/><W118/><G118/><T134/><D134/><U79/><E79/><N who="2" m="30251" /><F69/><W52/><G32/><T123/><D123/><U40/><E40/><V82/><F109/><W53/><G53/><T11/><D7/><U107/><REACH who="1" step="1"/><E55/><REACH who="1" ten="398,191,134,267" step="2"/><V43/><F82/><W121/><G121/><T108/><D108/><U1/><E1/><V57/><F47/><W135/><G135/><T73/><D73/><U10/><E10/><N who="2" m="6199" /><F57/><W54/><G2/><T94/><D46/><U63/><E63/><V66/><F43/><W111/><G111/><T83/><D62/><U68/><E68/><V128/><F41/><W35/><G35/><T48/><D77/><U75/><E75/><V50/><F128/><W116/><G115/><T61/><D74/><U99/><E99/><V119/><F119/><W4/><G116/><T34/><D34/><U85/><E85/><V24/><F50/><W65/><G54/><T87/><D48/><U93/><E93/><V105/><F105/><W59/><G44/><T130/><D130/><U38/><E38/><V26/><F9/><W89/><G8/><T125/><D125/><U37/><E37/><V18/><F28/><RYUUKYOKU ba="0,1" sc="398,-15,191,15,134,15,267,-15" hai1="12,14,39,42,45,60,64,70,95,98,104,106,107" hai2="17,18,23,24,26,66,67" /><INIT seed="4,1,1,4,0,109" ten="383,206,149,252" oya="0" hai0="45,47,71,68,60,122,1,106,44,70,32,30,121" hai1="130,114,85,117,56,89,16,100,39,131,55,74,125" hai2="78,29,92,10,72,118,13,87,115,80,11,34,17" hai3="12,2,21,43,53,3,132,7,73,18,79,46,126"/><T26/><D1/><U97/><E74/><V96/><F118/><W66/><G66/><T65/><REACH who="0" step="1"/><D106/><REACH who="0" ten="373,206,149,252" step="2"/><U135/><E117/><V15/><F72/><W104/><G2/><T62/><D62/><U94/><E130/><V19/><F34/><W67/><G104/><T69/><AGARI ba="1,2" hai="26,30,32,44,45,47,60,65,68,69,70,71,121,122" machi="69" ten="40,3900,0" yaku="1,1,0,1,53,0" doraHai="109" doraHaiUra="88" who="0" fromWho="0" sc="373,62,206,-14,149,-14,252,-14" /><INIT seed="4,2,0,2,2,128" ten="435,192,135,238" oya="0" hai0="31,108,127,52,131,120,12,33,62,65,104,13,64" hai1="96,95,58,113,28,107,34,7,91,93,20,116,81" hai2="1,57,70,68,125,36,48,55,51,71,67,5,43" hai3="126,103,100,79,2,122,21,132,49,109,135,54,73"/><T9/><D120/><U53/><E116/><V92/><F5/><W41/><G2/><T80/><D104/><U32/><E113/><V72/><F1/><W24/><G109/><T86/><D131/><U77/><E7/><V90/><F72/><W117/><G117/><T25/><D108/><U102/><E20/><V115/><F115/><W66/><G41/><T85/><D127/><U39/><E39/><V121/><F121/><W124/><G66/><T44/><D85/><U69/><E69/><V119/><F119/><W40/><G40/><T0/><D0/><U89/><E95/><V27/><F27/><W6/><G6/><T98/><D98/><U23/><E23/><V50/><F90/><W56/><G122/><T75/><D75/><U59/><E89/><V47/><F92/><W19/><G79/><T37/><D37/><U38/><E59/><N who="2" m="33255" /><F125/><N who="3" m="48235" /><G73/><T3/><D3/><U16/><E38/><V134/><F134/><AGARI ba="2,0" hai="19,21,24,49,54,56,100,103,132,134,135" m="48235" machi="134" ten="30,8000,1" yaku="20,1,18,1,52,3" doraHai="128" who="3" fromWho="2" sc="435,0,192,0,135,-86,238,86" /><INIT seed="5,0,0,4,1,54" ten="435,192,49,324" oya="1" hai0="60,63,81,50,64,122,9,101,113,93,66,78,94" hai1="47,76,19,128,116,96,71,108,37,42,89,31,56" hai2="111,98,125,51,30,32,52,115,120,25,97,127,103" hai3="130,91,85,2,75,53,87,126,117,34,107,27,38"/><U61/><E116/><V70/><F70/><W14/><G2/><T12/><D122/><U100/><E31/><V29/><F111/><W65/><G75/><T16/><D113/><U69/><E128/><V24/><F120/><W5/><G107/><T8/><D50/><U82/><E89/><V109/><F109/><W49/><G38/><T131/><D131/><U46/><E19/><V102/><F115/><W39/><G39/><T18/><D64/><U74/><E47/><V118/><F118/><W57/><G130/><T114/><D114/><U104/><REACH who="1" step="1"/><E108/><REACH who="1" ten="435,182,49,324" step="2"/><V26/><F32/><W95/><G117/><T119/><D119/><U11/><E11/><V62/><F127/><W83/><G126/><T13/><D101/><N who="2" m="38410" /><F125/><W1/><G91/><T132/><D132/><U40/><E40/><V0/><F0/><W21/><G1/><T68/><REACH who="0" step="1"/><D63/><REACH who="0" ten="425,182,49,324" step="2"/><U80/><E80/><V22/><F62/><W67/><G83/><T33/><D33/><U135/><E135/><V77/><F77/><W84/><G34/><T90/><D90/><U105/><E105/><V3/><F3/><W79/><G79/><T20/><D20/><U45/><E45/><N who="2" m="27759" /><F22/><W99/><G21/><T35/><D35/><U129/><E129/><V43/><F43/><W44/><G44/><T58/><D58/><U17/><E17/><V28/><AGARI ba="0,2" hai="24,25,26,28,29,30,97,98" m="27759,38410" machi="28" ten="40,2700,0" yaku="8,1,54,1" doraHai="54" who="2" fromWho="2" sc="425,-7,182,-13,49,47,324,-7" /><INIT seed="6,0,0,5,2,126" ten="418,169,96,317" oya="2" hai0="128,58,9,62,46,63,80,73,115,25,99,112,37" hai1="19,1,3,129,14,95,77,134,125,67,8,131,103" hai2="17,10,11,111,82,123,36,43,83,5,89,116,54" hai3="15,6,98,56,72,108,113,121,71,74,2,34,93"/><V135/><F123/><W65/><G71/><T33/><D9/><U66/><E125/><V133/><F116/><W87/><G34/><T118/><D118/><U119/><E119/><V114/><F17/><W110/><G2/><N who="1" m="522" /><E77/><V101/><F101/><W13/><G121/><T51/><D37/><U75/><E75/><V88/><F54/><W70/><G70/><T16/><D99/><N who="1" m="59903" /><E134/><N who="2" m="51211" /><F111/><W100/><G6/><T41/><D112/><U23/><E8/><N who="2" m="3115" /><F5/><W92/><G113/><T48/><D115/><U28/><E28/><V50/><F36/><W18/><G18/><T7/><D7/><U4/><E4/><V96/><F114/><W97/><G100/><T91/><D16/><U102/><E102/><V79/><F96/><W117/><G117/><T45/><D25/><U32/><E32/><V61/><F61/><W90/><G108/><T29/><D29/><U30/><E30/><V104/><F104/><W21/><G110/><T60/><D33/><U94/><E94/><V24/><F24/><W55/><G93/><T106/><D106/><U120/><E120/><V0/><F0/><W68/><G92/><T49/><D62/><U38/><E38/><V39/><F39/><W47/><G98/><T69/><D63/><U20/><E20/><V27/><F27/><W52/><G97/><T85/><D69/><U107/><E107/><V42/><F79/><W124/><G124/><T35/><D35/><U53/><E53/><V12/><F12/><W81/><G13/><T31/><D31/><U59/><E59/><V22/><F22/><W86/><G21/><T127/><D127/><RYUUKYOKU ba="0,0" sc="418,-10,169,30,96,-10,317,-10" hai1="14,19,23,66,67,129,131" /><INIT seed="7,1,0,4,0,43" ten="408,199,86,307" oya="3" hai0="134,74,17,106,57,92,79,75,104,120,81,28,56" hai1="32,16,84,27,34,5,90,51,45,61,1,118,63" hai2="55,127,108,122,80,91,48,53,115,33,0,26,125" hai3="95,58,109,110,129,49,114,13,65,19,47,82,67"/><W2/><G2/><T4/><D120/><U116/><E5/><V23/><F0/><W133/><G133/><T73/><D28/><U11/><E1/><V131/><F33/><W98/><G82/><T77/><D4/><U85/><E27/><V40/><F108/><W31/><G31/><T124/><D134/><U128/><E128/><V87/><F131/><W94/><G129/><T25/><D124/><U62/><E84/><V76/><F122/><W8/><G114/><T9/><D92/><U126/><E126/><V60/><F115/><W107/><G107/><T83/><D75/><U105/><E105/><V37/><F37/><W66/><G58/><T36/><D36/><U93/><E34/><V135/><F135/><W88/><REACH who="3" step="1"/><G95/><REACH who="3" ten="408,199,86,297" step="2"/><T102/><D57/><U111/><E93/><V3/><F3/><W123/><G123/><T99/><D56/><U35/><E111/><V12/><F127/><W103/><G103/><T21/><D104/><U38/><E116/><V24/><F125/><W101/><G101/><T20/><D20/><U15/><E118/><V42/><F91/><W52/><AGARI ba="1,1" hai="8,13,19,47,49,52,65,66,67,88,94,98,109,110" machi="52" ten="30,18000,2" yaku="1,1,0,1,52,1,54,2,53,1" doraHai="43" doraHaiUra="7" who="3" fromWho="3" sc="408,-61,199,-61,86,-61,297,193" owari="347,15.0,138,-26.0,25,-47.0,490,58.0" /></mjloggm>