<mjloggm ver="2.3"><GO type="169" lobby="0"/><UN n0="%E6%96%B0%E4%B8%96%E7%95%8C%E3%81%AE%E7%B4%99" n1="%E3%82%A6%E3%83%AB%E3%83%88%E3%83%A9%E7%AB%8B%E7%9B%B4" n2="%E7%8B%AC%E6%AD%A9" n3="%28%EF%BF%A3%28%E5%B7%A5%29%EF%BF%A3%29" dan="17,17,20,17" rate="2160.66,2179.98,2301.88,2155.72" sx="M,M,M,M"/><TAIKYOKU oya="0"/><INIT seed="0,0,0,0,1,111" ten="250,250,250,250" oya="0" hai0="104,64,61,69,20,109,100,102,0,76,17,28,40" hai1="116,77,22,1,10,124,8,118,67,128,7,54,62" hai2="103,6,55,24,110,112,120,63,115,117,82,84,13" hai3="52,5,123,35,97,99,16,4,56,59,106,129,33"/><T105/><D109/><U46/><E124/><V85/><F110/><W14/><G123/><T119/><D119/><U95/><E128/><V53/><F103/><W41/><G41/><T11/><D76/><U32/><E32/><V2/><F2/><W48/><G129/><T73/><D73/><U44/><E77/><V125/><F120/><W70/><G70/><T89/><D40/><U72/><E72/><V25/><F125/><W131/><G131/><T68/><D68/><U26/><E10/><V15/><F63/><W21/><G33/><T93/><D28/><U90/><E54/><V79/><F79/><W29/><G35/><T113/><D102/><U80/><E80/><V98/><F98/><N who="3" m="37387" /><G106/><T9/><D100/><U65/><E116/><V57/><F117/><W27/><G56/><T75/><D75/><U60/><E118/><V86/><F57/><W12/><G29/><T36/><D36/><U18/><E62/><V49/><F49/><W135/><G135/><T58/><D69/><U107/><E65/><V133/><F84/><W71/><G71/><T42/><D42/><U130/><E107/><N who="0" m="41033" /><D0/><U39/><E130/><V19/><F133/><W134/><G134/><T88/><D113/><U37/><E37/><V83/><F19/><W47/><G47/><T92/><D92/><U45/><E39/><V81/><REACH who="2" step="1"/><F83/><REACH who="2" ten="250,250,240,250" step="2"/><W91/><G91/><N who="0" m="34891" /><D93/><U74/><E95/><V114/><F114/><W108/><G108/><T50/><D50/><U43/><E74/><V94/><F94/><W38/><G38/><T122/><D122/><U132/><E132/><V23/><F23/><RYUUKYOKU ba="0,1" sc="250,10,250,-30,240,10,250,10" hai0="9,11,17,20,58,61,64" hai2="6,13,15,24,25,53,55,81,82,85,86,112,115" hai3="4,5,12,14,16,21,27,48,52,59" /><INIT seed="0,1,1,4,0,133" ten="260,220,250,260" oya="0" hai0="20,73,100,109,55,17,30,24,72,90,66,95,18" hai1="2,32,19,37,56,84,113,4,85,40,9,83,99" hai2="50,22,7,58,116,16,12,80,79,11,70,121,45" hai3="43,88,35,76,62,128,41,108,31,52,131,48,86"/><T15/><D100/><U67/><E113/><V61/><F70/><W78/><G108/><T69/><D109/><U57/><E32/><V14/><F121/><W44/><G35/><T8/><D55/><U93/><E67/><V36/><F36/><W0/><G0/><T54/><D54/><U123/><E123/><V125/><F116/><W34/><G34/><T111/><D111/><U129/><E129/><N who="3" m="49738" /><G31/><T28/><D28/><U103/><E19/><V75/><F125/><W77/><G62/><T104/><D104/><U92/><E92/><AGARI ba="1,1" hai="41,43,44,48,52,76,77,78,86,88,92" m="49738" machi="92" ten="30,3900,0" yaku="19,1,54,2" doraHai="133" who="3" fromWho="1" sc="260,0,220,-42,250,0,260,52" /><INIT seed="1,0,0,2,1,96" ten="260,178,250,312" oya="1" hai0="127,129,11,123,120,110,109,56,43,35,17,115,112" hai1="89,41,57,46,98,23,30,107,88,22,81,13,108" hai2="68,91,85,27,86,18,94,134,38,133,130,33,59" hai3="128,39,80,71,12,1,64,44,4,131,74,29,61"/><U26/><E108/><N who="0" m="41577" /><D43/><U67/><E81/><V76/><F68/><W116/><G12/><N who="0" m="7327" /><D56/><U66/><E13/><V114/><F38/><W135/><G135/><T69/><D69/><U132/><E23/><V126/><F114/><N who="0" m="43562" /><D127/><U77/><E77/><V7/><F126/><W103/><G103/><T87/><D87/><U48/><E132/><V36/><F36/><W106/><G106/><T122/><D35/><U113/><E113/><V111/><F76/><W105/><G105/><T10/><D10/><U78/><E78/><V16/><F33/><W6/><G80/><T8/><D8/><U119/><E119/><V118/><F86/><W84/><G74/><T121/><D121/><U34/><E34/><V53/><F118/><W49/><G84/><T52/><D52/><U75/><E75/><V117/><F117/><W95/><G116/><T93/><D93/><N who="1" m="56615" /><E107/><V2/><F111/><W79/><G39/><T47/><D47/><U99/><E57/><V72/><F72/><W50/><G44/><T19/><D129/><U97/><E97/><V58/><F130/><W65/><G128/><T24/><D24/><U51/><E51/><N who="2" m="31039" /><F59/><W3/><G71/><T40/><D40/><U15/><E15/><V62/><F134/><W5/><G131/><T25/><D25/><U73/><E73/><V100/><F133/><W101/><G79/><T9/><D9/><U31/><E31/><V14/><F27/><W28/><G29/><T32/><D32/><U54/><E41/><V90/><F14/><W21/><G28/><T45/><D45/><U42/><E42/><V92/><F85/><RYUUKYOKU ba="0,0" sc="260,15,178,15,250,-15,312,-15" hai0="19,120,122,123" hai1="22,26,30,46,48,54,66,67,89,99" /><INIT seed="1,1,0,5,3,73" ten="275,193,235,297" oya="1" hai0="11,132,65,135,131,103,13,128,105,104,106,96,7" hai1="4,25,8,118,34,69,133,28,82,57,59,116,22" hai2="54,98,64,31,17,75,83,10,123,33,114,87,102" hai3="18,121,46,80,6,127,68,88,79,100,27,66,85"/><U23/><E69/><V5/><F114/><W55/><G121/><T49/><D65/><U92/><E59/><V72/><F123/><W101/><G127/><T74/><D74/><U120/><E120/><V37/><F37/><W9/><G68/><T53/><D49/><U62/><E133/><N who="0" m="51273" /><D53/><U48/><E48/><V43/><F43/><W19/><G66/><T24/><D24/><U36/><E36/><V51/><F64/><W60/><G55/><T95/><AGARI ba="1,0" hai="7,11,13,95,96,103,104,105,106,128,131" m="51273" machi="95" ten="40,1500,0" yaku="20,1" doraHai="73" who="0" fromWho="0" sc="275,18,193,-8,235,-5,297,-5" /><INIT seed="2,0,0,4,5,65" ten="293,185,230,292" oya="2" hai0="22,131,73,40,39,36,110,114,103,90,68,3,123" hai1="7,115,128,71,81,78,52,92,95,111,112,72,42" hai2="132,10,21,125,47,94,82,88,100,99,97,124,54" hai3="27,129,130,70,96,134,34,106,64,18,43,26,118"/><V5/><F21/><W8/><G118/><T20/><D90/><U9/><E42/><V16/><F132/><W53/><G43/><T84/><D84/><U113/><E128/><V63/><F5/><W23/><G53/><T67/><D67/><U55/><E71/><V41/><F63/><N who="3" m="40223" /><G8/><T74/><D103/><U69/><E69/><V120/><F54/><W102/><G134/><T17/><D17/><U2/><E111/><V11/><F120/><W37/><G37/><T14/><D14/><U126/><E126/><N who="2" m="48747" /><F82/><W76/><G76/><T75/><D123/><U62/><REACH who="1" step="1"/><E55/><REACH who="1" ten="293,175,230,292" step="2"/><V135/><F135/><W35/><G130/><T98/><D131/><U45/><E45/><V101/><F47/><W57/><G129/><T121/><D121/><U116/><E116/><V104/><F41/><W86/><G57/><AGARI ba="0,1" hai="2,7,9,52,57,62,72,78,81,92,95,112,113,115" machi="57" ten="40,2600,0" yaku="1,1,54,1,53,0" doraHai="65" doraHaiUra="19" who="1" fromWho="3" sc="293,0,175,36,230,0,292,-26" /><INIT seed="3,0,0,4,3,57" ten="293,211,230,266" oya="3" hai0="122,118,130,45,107,43,17,9,99,94,8,50,41" hai1="0,115,77,1,95,58,64,59,26,72,49,51,24" hai2="23,29,10,93,25,54,63,19,97,62,78,74,33" hai3="92,15,89,3,102,36,88,111,125,20,104,126,121"/><W69/><G36/><T12/><D122/><U106/><E77/><V129/><F129/><W91/><G3/><T16/><D118/><U134/><E72/><V30/><F54/><W31/><G121/><T27/><D107/><U35/><E106/><V112/><F112/><W75/><G75/><T132/><D132/><U7/><E7/><V86/><F74/><W6/><G69/><T113/><D130/><U100/><E134/><V11/><F33/><W13/><G104/><T56/><D113/><U21/><E35/><V105/><F105/><W103/><G111/><T38/><D38/><U127/><E127/><N who="3" m="48650" /><G6/><T109/><D109/><U124/><E124/><V110/><F110/><W116/><G116/><T98/><D43/><U68/><E68/><V67/><F67/><W55/><G55/><T61/><D94/><U85/><E95/><V131/><F131/><W114/><G114/><T4/><D27/><U52/><E26/><V66/><F66/><W108/><G108/><T73/><D73/><U44/><E24/><V14/><F30/><W84/><G31/><T32/><D32/><U71/><E64/><V135/><F10/><W83/><G20/><T80/><D17/><U60/><E71/><V39/><F39/><W40/><G40/><T46/><D4/><U2/><E21/><V28/><F28/><W42/><G42/><N who="0" m="24887" /><D9/><U101/><E115/><V87/><F135/><W53/><G92/><T81/><D41/><U133/><E1/><V65/><F65/><W128/><G128/><T119/><D119/><U117/><E0/><V48/><F29/><W82/><G82/><RYUUKYOKU ba="0,0" sc="293,0,211,0,230,0,266,0" /><INIT seed="4,1,0,4,4,102" ten="293,211,230,266" oya="0" hai0="84,4,62,88,115,6,125,28,7,63,97,32,79" hai1="29,0,132,54,92,87,21,74,105,33,61,71,19" hai2="38,110,65,13,15,118,16,128,127,9,114,96,89" hai3="35,34,133,75,90,48,44,117,72,70,20,106,39"/><T95/><D115/><U94/><E74/><V50/><F38/><W85/><G117/><T131/><D125/><U22/><E0/><V107/><F110/><W2/><G39/><T10/><D131/><U68/><E33/><V120/><F120/><W123/><G70/><T78/><D32/><U112/><E112/><V37/><F37/><W55/><G2/><T116/><D116/><U51/><E105/><V111/><F111/><W5/><G106/><T46/><D28/><U98/><E132/><V17/><F114/><W83/><G5/><T11/><D46/><U81/><E61/><N who="0" m="23049" /><D84/><U134/><E134/><V56/><F128/><W73/><G133/><T23/><D23/><U53/><E29/><V60/><F127/><W1/><G1/><T12/><D11/><U67/><E22/><V25/><F118/><W57/><G123/><T41/><D41/><U113/><E113/><V59/><F25/><W36/><G34/><T30/><D30/><U86/><E68/><V31/><F31/><W8/><G8/><T93/><D93/><U122/><E122/><V18/><F9/><W119/><G20/><T130/><D130/><U77/><E71/><V69/><F69/><W129/><G35/><T82/><D82/><U64/><E87/><V109/><F109/><W43/><G129/><T135/><D135/><U26/><E92/><N who="2" m="56335" /><F107/><W14/><G14/><T91/><D91/><N who="1" m="55647" /><E51/><V58/><F50/><W126/><G119/><T27/><D27/><U101/><E101/><V47/><F47/><W124/><AGARI ba="1,0" hai="36,43,44,48,55,57,72,73,75,83,85,90,124,126" machi="124" ten="40,1500,0" yaku="0,1" doraHai="102" who="3" fromWho="3" sc="293,-8,211,-5,230,-5,266,18" /><INIT seed="5,0,0,4,1,86" ten="285,206,225,284" oya="1" hai0="117,97,11,114,2,83,20,76,4,45,62,65,52" hai1="84,123,0,130,93,90,80,28,35,60,19,99,44" hai2="38,70,107,14,98,69,72,126,81,30,32,95,12" hai3="25,92,68,134,106,36,105,63,24,111,61,22,16"/><U116/><E0/><V112/><F38/><W125/><G36/><T100/><D117/><U66/><E116/><V102/><F14/><W43/><G43/><T129/><D114/><U96/><E123/><V78/><F12/><W58/><G125/><T122/><D129/><U120/><E120/><V9/><F112/><W46/><G134/><T15/><D122/><U3/><E3/><V73/><F126/><W7/><G7/><T23/><D2/><U101/><E130/><V103/><F9/><W74/><G46/><T56/><D45/><U67/><E28/><V75/><F102/><W33/><G74/><N who="2" m="28777" /><F95/><W133/><G133/><T54/><D23/><U77/><E35/><V108/><F108/><W10/><G111/><T55/><D20/><U8/><E44/><V48/><F48/><W17/><G10/><T13/><D13/><N who="1" m="7591" /><E60/><V51/><F51/><W40/><G63/><T104/><D55/><U34/><E34/><V88/><F88/><W37/><G40/><T29/><D29/><U53/><E53/><V26/><AGARI ba="0,0" hai="26,30,32,69,70,75,78,81,98,103,107" m="28777" machi="26" ten="30,2000,0" yaku="33,2" doraHai="86" who="2" fromWho="2" sc="285,-5,206,-10,225,20,284,-5" /><INIT seed="6,0,0,1,1,2" ten="280,196,245,279" oya="2" hai0="104,107,20,63,125,69,23,48,16,25,113,8,130" hai1="124,18,33,117,39,34,40,89,106,99,38,108,77" hai2="44,3,79,88,13,85,115,121,86,87,120,67,5" hai3="84,32,24,112,35,36,42,57,118,119,22,72,80"/><V51/><F3/><W56/><G72/><T50/><D8/><U7/><E117/><V14/><F115/><W95/><G36/><T52/><D113/><U134/><E18/><V15/><F67/><W94/><G42/><T83/><D125/><U59/><E59/><V128/><F128/><W41/><G41/><T65/><D130/><U17/><E17/><V10/><F79/><W127/><G112/><T74/><D50/><U0/><E89/><V26/><F26/><W111/><G24/><T66/><D66/><U76/><E76/><V27/><F27/><W6/><G22/><T98/><D98/><U64/><E64/><V132/><F132/><W105/><G80/><T123/><D123/><U78/><E78/><V96/><F121/><W60/><G84/><N who="2" m="32361" /><F96/><W110/><G105/><T101/><D83/><U90/><E134/><V133/><F133/><W29/><G29/><T53/><D74/><U61/><E77/><V58/><F58/><W102/><G127/><T82/><D82/><U68/><E124/><V37/><F37/><W62/><G102/><T28/><D101/><N who="1" m="62783" /><E90/><V31/><F31/><W109/><G109/><T97/><D97/><U1/><E108/><V126/><F126/><W21/><G21/><T71/><D71/><U43/><E0/><V45/><F120/><W116/><G116/><T135/><D135/><U70/><E70/><V19/><F19/><W75/><G75/><T81/><D81/><U46/><E34/><V47/><F51/><W93/><G93/><AGARI ba="0,0" hai="5,10,13,14,15,44,45,47,87,88,93" m="32361" machi="93" ten="30,5800,0" yaku="8,1,52,1,54,1" doraHai="2" who="2" fromWho="3" sc="280,0,196,0,245,58,279,-58" /><INIT seed="6,1,0,4,5,106" ten="280,196,303,221" oya="2" hai0="107,93,38,27,97,48,32,3,134,131,35,82,117" hai1="41,129,126,100,111,42,105,75,51,26,81,54,11" hai2="99,28,1,133,60,17,94,101,68,37,39,72,58" hai3="45,50,102,114,85,10,84,34,57,77,73,33,55"/><V0/><F68/><W44/><G114/><T61/><D38/><U56/><E111/><V135/><F28/><W20/><G102/><T132/><D107/><U66/><E126/><V110/><F17/><W2/><G20/><T22/><D131/><U127/><E127/><V31/><F31/><W47/><G84/><T128/><D128/><U25/><E129/><V62/><F72/><W86/><G86/><T16/><D117/><U108/><E108/><V12/><F12/><W23/><G85/><T52/><D61/><N who="2" m="23658" /><F58/><W115/><G115/><T46/><D3/><N who="2" m="1098" /><F110/><W65/><G65/><T90/><REACH who="0" step="1"/><D82/><REACH who="0" ten="270,196,303,221" step="2"/><U18/><E81/><V13/><F39/><W6/><REACH who="3" step="1"/><G23/><REACH who="3" ten="270,196,303,211" step="2"/><T8/><D8/><U74/><E11/><V130/><F130/><W120/><G120/><T64/><D64/><U80/><E66/><V98/><F94/><W92/><G92/><T69/><D69/><U116/><E105/><V89/><F135/><AGARI ba="1,2" hai="16,22,27,32,35,46,48,52,90,93,97,132,134,135" machi="135" ten="40,8000,1" yaku="1,1,20,1,54,2,53,0" doraHai="106" doraHaiUra="119" who="0" fromWho="2" sc="270,103,196,0,303,-83,211,0" /><INIT seed="7,0,0,0,2,134" ten="373,196,220,211" oya="3" hai0="54,43,17,26,30,135,78,127,110,128,119,39,105" hai1="18,6,108,132,106,25,109,86,104,45,49,28,0" hai2="65,41,2,32,129,31,82,89,4,24,36,75,12" hai3="126,61,5,99,66,123,111,46,114,71,23,56,98"/><W113/><G123/><T130/><D105/><U92/><E132/><V77/><F89/><W38/><G111/><T125/><D119/><U1/><E106/><V80/><F80/><W47/><G5/><T9/><D135/><U37/><E104/><V63/><F12/><W72/><G72/><T70/><D70/><U95/><E37/><V21/><F21/><W122/><G122/><T101/><D101/><U34/><E18/><V11/><F129/><W88/><G23/><T35/><D78/><U131/><E131/><V107/><F107/><W79/><G79/><T22/><D110/><U87/><E1/><V20/><F20/><W10/><G10/><T124/><D9/><U117/><E117/><V69/><F41/><N who="3" m="22839" /><G47/><N who="0" m="24063" /><D54/><N who="1" m="29999" /><E6/><V60/><F60/><W8/><G8/><T62/><D62/><U90/><E0/><V76/><F76/><W57/><G71/><T115/><D130/><U3/><E3/><V13/><F36/><W7/><G7/><T33/><D128/><U52/><E52/><V85/><F2/><W48/><G48/><T64/><D35/><U44/><E44/><V103/><F75/><W50/><G99/><T100/><D33/><U120/><E120/><V16/><F4/><W96/><G96/><T53/><D17/><U116/><E116/><V133/><F133/><W42/><G57/><T14/><D14/><U58/><E58/><V74/><F74/><W27/><G27/><T40/><D26/><U59/><E59/><V81/><F103/><W73/><G73/><T68/><D68/><U19/><E19/><V91/><F77/><W118/><G118/><RYUUKYOKU ba="0,0" sc="373,-15,196,15,220,15,211,-15" hai1="25,28,34,86,87,90,92,95,108,109" hai2="11,13,16,24,31,32,63,65,69,81,82,85,91" owari="358,45.0,211,-19.0,235,4.0,196,-30.0" /></mjloggm>