<mjloggm ver="2.3"><GO type="97" lobby="0"/><UN n0="%6B%61%6B%7A" n1="%E7%AB%B9%E9%87%8E%E9%83%8E%E3%81%AE%E5%BC%9F%E5%AD%90" n2="%E3%81%B5%E3%81%8F%E3%81%95%E3%81%BE" n3="%E3%82%A6%E3%83%AB%E3%83%88%E3%83%A9%E7%AB%8B%E7%9B%B4" dan="13,14,13,15" rate="1893.52,1911.10,1847.97,2057.41" sx="M,M,M,M"/><TAIKYOKU oya="0"/><INIT seed="0,0,0,1,1,97" ten="250,250,250,250" oya="0" hai0="45,100,4,130,8,75,90,87,70,69,88,93,15" hai1="131,50,18,108,12,106,122,123,2,27,128,31,135" hai2="24,32,73,23,120,58,36,124,81,51,82,129,63" hai3="96,83,80,102,77,53,86,116,68,65,134,119,61"/><T39/><D75/><U72/><E72/><V113/><F120/><N who="1" m="46121" /><E106/><V60/><F113/><W42/><G134/><T7/><D130/><N who="1" m="49707" /><E50/><V9/><F129/><W3/><G3/><T114/><D114/><U107/><E107/><V98/><F124/><W99/><G42/><T104/><D4/><U13/><E2/><V55/><F36/><W44/><G96/><T30/><D30/><U121/><E108/><V66/><F63/><W26/><G44/><T14/><D14/><U94/><N who="1" m="46129" /><U57/><DORA hai="20" /><E94/><V11/><F32/><W40/><G40/><T1/><D1/><U21/><E57/><N who="2" m="33023" /><F98/><W103/><G99/><T48/><D39/><U132/><E12/><V0/><F73/><W6/><G119/><T85/><D100/><U115/><E115/><V29/><F0/><W79/><G116/><T112/><D104/><U54/><E54/><V67/><F67/><W111/><G53/><T118/><D118/><U92/><E92/><V25/><F25/><W47/><G47/><T105/><D105/><U109/><E109/><V38/><F38/><W46/><G46/><T71/><D112/><U91/><E91/><V35/><F35/><AGARI ba="0,0" hai="13,18,21,27,31,35,132,135" m="49707,46129" machi="35" ten="50,8000,1" yaku="19,1,34,2,52,1" doraHai="97,20" who="1" fromWho="2" sc="250,0,250,80,250,-80,250,0" /><INIT seed="1,0,0,2,4,60" ten="250,330,170,250" oya="1" hai0="65,79,1,76,133,23,31,115,68,15,69,131,59" hai1="109,125,49,77,39,120,98,51,126,121,41,11,112" hai2="33,21,134,55,42,102,61,37,25,28,40,4,29" hai3="107,113,111,73,94,104,118,91,10,135,38,36,48"/><U64/><E77/><V30/><F134/><W2/><G113/><T92/><D115/><U22/><E11/><V13/><F102/><W32/><G32/><T66/><D133/><U57/><E112/><V53/><F37/><W46/><G73/><T27/><D1/><U26/><E98/><V90/><F33/><W85/><G118/><T0/><D0/><U5/><E5/><V127/><F127/><N who="1" m="48649" /><E109/><V101/><F101/><W93/><G135/><T122/><D122/><U67/><E39/><V78/><F61/><W97/><G111/><T16/><D69/><U35/><E35/><V71/><F71/><W12/><G2/><T110/><D68/><U99/><E99/><V116/><F116/><W20/><G104/><T44/><D110/><U124/><E124/><V24/><F78/><N who="0" m="29738" /><D131/><U56/><E41/><N who="2" m="15979" /><F90/><W8/><G107/><T108/><D108/><U45/><E45/><V74/><F74/><W119/><G119/><T86/><D44/><U70/><E70/><V19/><F4/><W100/><G38/><T43/><D43/><U88/><E88/><V63/><F63/><W54/><G36/><T105/><D105/><U72/><E72/><V96/><F96/><W34/><G34/><T89/><D59/><N who="1" m="22603" /><E121/><V82/><F82/><W117/><G117/><T58/><D58/><U87/><E120/><V3/><F3/><W47/><G47/><T50/><D50/><N who="1" m="18955" /><E87/><V14/><F21/><AGARI ba="0,0" hai="15,16,21,23,27,31,65,66,86,89,92" m="29738" machi="21" ten="30,7700,0" yaku="8,1,52,2,54,1" doraHai="60" who="0" fromWho="2" sc="250,77,330,0,170,-77,250,0" /><INIT seed="2,0,0,1,2,11" ten="327,330,93,250" oya="2" hai0="125,128,12,36,74,101,32,43,119,133,121,47,58" hai1="114,104,20,31,61,82,115,3,9,107,122,112,29" hai2="37,72,68,65,44,67,103,108,97,111,100,131,8" hai3="73,55,124,35,6,69,14,102,5,10,99,62,81"/><V79/><F131/><W113/><G35/><T77/><D121/><U25/><E122/><V33/><F33/><W89/><G113/><T130/><D32/><U71/><E82/><N who="2" m="45415" /><F8/><W51/><G124/><T48/><D125/><U88/><E3/><V54/><F97/><W19/><G69/><T26/><D119/><U64/><E9/><V120/><F120/><W123/><G123/><T93/><D133/><U94/><REACH who="1" step="1"/><E31/><REACH who="1" ten="327,320,93,250" step="2"/><V4/><F4/><W95/><G5/><T21/><D130/><U41/><E41/><N who="2" m="22575" /><F54/><W98/><G6/><T96/><D128/><U134/><E134/><V90/><F90/><W85/><G73/><T40/><D74/><U63/><E63/><V87/><F87/><AGARI ba="0,1" hai="20,25,29,61,64,71,87,88,94,104,107,112,114,115" machi="87" ten="40,2600,0" yaku="1,1,54,1,53,0" doraHai="11" doraHaiUra="39" who="1" fromWho="2" sc="327,0,320,36,93,-26,250,0" /><INIT seed="3,0,0,1,3,87" ten="327,356,67,250" oya="3" hai0="42,43,60,97,28,115,112,2,82,120,122,71,86" hai1="84,58,81,7,118,102,22,40,63,126,92,134,67" hai2="107,13,80,57,68,27,77,53,101,21,78,99,85" hai3="54,52,76,16,24,133,93,19,89,46,23,59,74"/><W129/><G129/><T111/><D2/><U38/><E38/><V44/><F68/><W69/><G69/><T25/><D97/><U108/><E108/><V132/><F132/><W39/><G133/><T121/><D28/><U9/><E40/><N who="0" m="15401" /><D25/><U18/><E134/><V17/><F44/><W11/><G76/><T14/><D14/><N who="1" m="5439" /><E126/><V5/><F5/><W79/><G79/><T65/><D86/><U124/><E124/><V34/><F34/><W105/><G105/><T100/><D100/><U75/><E75/><V72/><F72/><W56/><G74/><T113/><D82/><U36/><E36/><V98/><F13/><N who="3" m="7231" /><G39/><T66/><D66/><U29/><E29/><V64/><F64/><W61/><G46/><T90/><D90/><N who="1" m="51471" /><E118/><V83/><F107/><W109/><G109/><AGARI ba="0,0" hai="60,65,71,109,111,112,113,115,120,121,122" m="15401" machi="109" ten="50,6400,0" yaku="11,1,34,2" doraHai="87" who="0" fromWho="3" sc="327,64,356,0,67,0,250,-64" owari="391,48.0,356,16.0,67,-43.0,186,-21.0" /></mjloggm>