<mjloggm ver="2.3"><GO type="97" lobby="0"/><UN n0="%E3%82%A6%E3%83%AB%E3%83%88%E3%83%A9%E7%AB%8B%E7%9B%B4" n1="%E3%83%99%E3%83%9B%E3%82%A4%E3%83%9F%E3%81%A1%E3%82%83%E3%82%93" n2="%63%6C%6F%6F%77%64%6F" n3="%41%4C%45%58%40%E9%AC%BC%E6%89%93%E3%81%A1" dan="14,14,14,14" rate="1941.15,2064.75,1819.03,1943.01" sx="M,F,M,M"/><TAIKYOKU oya="0"/><INIT seed="0,0,0,2,4,82" ten="250,250,250,250" oya="0" hai0="83,13,39,97,31,101,76,61,116,62,112,79,22" hai1="93,99,98,126,3,109,127,23,0,32,70,91,80" hai2="34,55,64,44,86,40,77,18,54,42,78,63,125" hai3="71,108,84,10,26,122,73,106,19,102,110,57,135"/><T56/><D39/><U48/><E32/><V14/><F34/><W87/><G71/><T15/><D116/><U94/><E70/><V28/><F125/><N who="1" m="47625" /><E109/><N who="3" m="42090" /><G135/><T134/><D134/><U25/><E48/><V121/><F121/><W65/><G73/><T115/><D112/><U1/><E80/><V37/><F28/><W100/><G122/><T17/><D115/><U132/><E132/><V24/><F24/><W72/><G72/><T75/><D31/><N who="1" m="17855" /><E93/><V45/><F78/><W120/><G120/><T35/><D35/><U103/><E103/><N who="3" m="39466" /><G106/><T69/><D69/><U50/><E50/><V119/><F119/><W105/><G105/><T96/><D79/><U11/><E99/><V9/><F86/><N who="3" m="32811" /><G65/><T89/><D75/><U104/><E104/><V52/><F77/><W29/><G57/><T58/><D76/><U16/><E3/><V8/><F64/><W107/><G107/><T92/><D56/><U81/><E81/><V88/><F44/><W114/><G114/><T113/><D113/><U111/><E111/><V4/><F45/><W90/><G90/><T123/><D123/><U118/><E118/><V43/><F88/><W38/><G38/><T33/><D58/><U46/><E46/><V129/><F37/><W7/><G19/><T95/><D83/><U124/><E124/><V30/><F18/><W66/><G66/><T133/><D133/><U41/><E16/><V5/><F42/><W53/><G53/><T59/><D59/><U6/><E41/><V74/><F43/><W12/><G29/><T51/><D17/><U2/><AGARI ba="0,0" hai="0,1,2,6,11,91,94,98" m="17855,47625" machi="2" ten="30,1100,0" yaku="18,1" doraHai="82" who="1" fromWho="1" sc="250,-5,250,11,250,-3,250,-3" /><INIT seed="1,0,0,5,4,61" ten="245,261,247,247" oya="1" hai0="58,119,2,80,59,108,87,106,42,109,63,98,72" hai1="124,128,93,53,38,34,113,4,3,49,65,114,78" hai2="40,115,41,43,45,84,29,122,133,47,81,31,1" hai3="39,101,134,50,86,62,36,112,77,103,9,52,89"/><U19/><E38/><V123/><F133/><W104/><G112/><T121/><D2/><U97/><E34/><V110/><F115/><W11/><G134/><T24/><D121/><U126/><E78/><V96/><F1/><W66/><G77/><T95/><D106/><U111/><E128/><V85/><F110/><N who="0" m="42602" /><D72/><U37/><E37/><V76/><F96/><W127/><G127/><N who="1" m="48682" /><E111/><V68/><F68/><W32/><G32/><T69/><D119/><U51/><E51/><V48/><F48/><W73/><G73/><T71/><D42/><U21/><E65/><V64/><F64/><W8/><G36/><T30/><D87/><U91/><E4/><V131/><F131/><W55/><G39/><T82/><D71/><U12/><E3/><V28/><REACH who="2" step="1"/><F85/><REACH who="2" ten="245,261,237,247" step="2"/><W22/><G50/><T99/><D69/><U75/><E75/><V15/><F15/><W18/><G66/><N who="0" m="39287" /><D59/><AGARI ba="0,1" hai="12,19,21,49,53,59,91,93,97,113,114" m="48682" machi="59" ten="30,1500,0" yaku="18,1" doraHai="61" who="1" fromWho="0" sc="245,-15,261,25,237,0,247,0" /><INIT seed="1,1,0,2,3,43" ten="230,286,237,247" oya="1" hai0="10,67,79,124,5,78,31,37,93,73,70,105,126" hai1="53,129,74,94,80,127,35,60,4,12,55,49,24" hai2="88,85,135,131,58,125,84,65,33,47,71,11,81" hai3="57,114,128,76,45,92,42,90,108,106,103,56,66"/><U112/><E112/><V54/><F135/><W18/><G114/><T36/><D105/><U32/><E129/><V102/><F131/><W22/><G108/><T69/><D31/><U120/><E120/><V21/><F33/><W123/><G128/><T27/><D27/><U20/><E127/><N who="0" m="48681" /><D93/><U77/><E74/><V91/><F125/><W16/><G123/><T50/><D50/><U29/><E60/><N who="2" m="38039" /><F71/><N who="0" m="27146" /><D67/><U48/><E94/><N who="2" m="54535" /><F102/><W59/><G76/><N who="0" m="29227" /><D73/><U2/><E35/><V39/><F39/><W41/><G106/><T98/><D98/><U23/><E32/><V64/><F64/><W34/><G103/><T133/><D133/><U116/><E49/><N who="2" m="28991" /><F21/><W119/><G34/><T118/><D118/><U82/><E23/><V87/><F87/><W14/><G119/><T101/><D101/><U44/><E116/><V6/><F6/><W115/><G115/><T132/><D132/><U121/><E20/><V122/><F122/><W63/><G41/><T52/><D52/><U99/><E55/><V9/><AGARI ba="1,0" hai="9,11,81,85,91" m="28991,54535,38039" machi="9" ten="30,4000,0" yaku="8,1,52,1,54,1" doraHai="43" who="2" fromWho="2" sc="230,-11,286,-21,237,43,247,-11" /><INIT seed="2,0,0,5,2,98" ten="219,265,280,236" oya="2" hai0="31,127,30,85,90,102,10,109,99,46,77,49,33" hai1="66,97,29,42,124,1,94,7,0,16,95,83,82" hai2="70,40,132,38,106,47,133,60,56,9,18,120,64" hai3="105,101,34,134,126,119,57,50,129,27,55,91,116"/><V69/><F106/><W41/><G126/><T22/><D109/><U112/><E112/><V114/><F9/><W43/><G129/><T131/><D131/><U39/><E29/><V35/><F18/><W89/><G134/><N who="2" m="51817" /><F35/><W28/><G43/><T20/><D77/><U67/><E124/><V65/><F114/><W125/><G125/><T36/><D10/><U130/><E130/><V63/><F120/><W2/><G2/><T86/><D36/><U135/><E135/><V78/><F78/><W23/><G34/><T104/><D127/><U12/><E39/><V54/><F54/><W93/><G41/><T73/><D73/><U79/><E42/><V117/><F117/><W45/><G45/><T13/><D33/><U72/><E0/><V121/><F121/><W128/><G128/><T15/><D104/><U44/><E1/><V48/><F38/><W3/><G3/><T84/><D90/><N who="3" m="34313" /><G105/><T25/><D46/><U108/><E44/><V26/><F26/><W37/><G37/><T59/><D25/><U87/><E79/><V71/><AGARI ba="0,0" hai="40,47,48,56,60,63,64,65,69,70,71" m="51817" machi="71" ten="30,6000,0" yaku="20,1,34,2" doraHai="98" who="2" fromWho="2" sc="219,-20,265,-20,280,60,236,-20" /><INIT seed="2,1,0,4,1,73" ten="199,245,340,216" oya="2" hai0="83,46,121,9,124,36,5,42,78,23,41,132,19" hai1="87,119,65,34,58,24,21,94,110,90,101,11,33" hai2="103,76,17,102,3,43,126,77,81,53,44,49,106" hai3="85,111,16,95,92,96,104,98,68,48,27,4,38"/><V52/><F126/><W105/><G38/><T63/><D121/><U123/><E119/><V75/><F3/><W134/><G68/><T69/><D124/><U99/><E110/><V89/><F75/><W57/><G111/><T135/><D42/><U79/><E123/><V88/><F106/><W40/><G134/><T80/><D80/><U74/><E11/><V72/><F72/><W113/><G113/><T112/><D112/><U120/><E120/><V22/><F103/><W71/><G71/><T1/><D63/><U100/><E100/><V66/><F66/><W59/><G4/><T47/><D47/><U50/><E74/><V45/><F102/><N who="3" m="60703" /><G85/><T108/><D69/><U67/><E34/><V130/><F130/><W29/><G29/><T97/><D97/><U133/><E33/><V93/><F81/><W37/><G37/><T12/><REACH who="0" step="1"/><D108/><REACH who="0" ten="189,245,340,216" step="2"/><U28/><E133/><V6/><F45/><N who="3" m="25639" /><G104/><T60/><D60/><U0/><E99/><V122/><F122/><W15/><G105/><T56/><D56/><U64/><E58/><V35/><F44/><W70/><G70/><T2/><D2/><U125/><E0/><V51/><F43/><W31/><G57/><T109/><D109/><U86/><E125/><V8/><F35/><W114/><G59/><T20/><D20/><U129/><E21/><V32/><F22/><N who="3" m="15863" /><G114/><T7/><D7/><U91/><E67/><V26/><F6/><W107/><G107/><T131/><D131/><U61/><E65/><V118/><F32/><W116/><G116/><T115/><D115/><U39/><E129/><V14/><F118/><RYUUKYOKU ba="1,1" sc="189,30,245,-10,340,-10,216,-10" hai0="1,5,9,12,19,23,36,41,46,78,83,132,135" /><INIT seed="3,2,1,0,1,51" ten="219,235,330,206" oya="3" hai0="101,30,13,36,0,59,89,9,114,85,55,99,34" hai1="135,111,119,69,117,38,1,126,50,104,5,91,67" hai2="11,44,125,94,29,16,68,118,132,61,62,63,81" hai3="70,130,52,78,128,127,46,10,133,27,110,7,98"/><W57/><G70/><T18/><D36/><U3/><E38/><V105/><F118/><N who="1" m="45065" /><E104/><V23/><F105/><W33/><G127/><T22/><D0/><U120/><E120/><V24/><F125/><W58/><G133/><T109/><D34/><U75/><E126/><V124/><F124/><W106/><G110/><T83/><D109/><U107/><E107/><V8/><F132/><W40/><G78/><T39/><D39/><U76/><E135/><V2/><F68/><W48/><G58/><T77/><D114/><U131/><E131/><N who="3" m="50218" /><G106/><T122/><D122/><U53/><E111/><V6/><F81/><W28/><G98/><T31/><D77/><U87/><E5/><V80/><F80/><W17/><G17/><T95/><D9/><U64/><E76/><V71/><F71/><W60/><G10/><T100/><D100/><U20/><E20/><V102/><F44/><W56/><G7/><T21/><D21/><U88/><E75/><V25/><F11/><W65/><G57/><T108/><D108/><U90/><E87/><V41/><F29/><W121/><G121/><T15/><D15/><U35/><E35/><V116/><F2/><N who="1" m="521" /><E69/><V12/><F116/><W19/><G19/><T66/><D66/><AGARI ba="2,1" hai="27,28,33,40,46,48,52,56,60,65,66" m="50218" machi="66" ten="30,5800,0" yaku="19,1,52,1,54,1" doraHai="51" who="3" fromWho="0" sc="219,-64,235,0,330,0,206,74" /><INIT seed="3,3,0,0,0,75" ten="155,235,330,280" oya="3" hai0="63,20,128,30,110,1,18,83,102,29,15,65,59" hai1="24,3,43,23,45,112,47,50,46,34,77,12,103" hai2="79,60,126,117,100,11,133,106,41,87,7,78,33" hai3="121,57,123,113,49,27,115,76,21,31,58,56,69"/><W66/><G49/><T108/><D1/><U109/><E112/><V71/><F117/><W118/><G118/><T26/><D128/><U42/><E109/><V39/><F133/><W98/><G98/><T94/><D30/><U64/><E3/><V101/><F126/><W93/><G93/><T19/><D83/><U134/><E134/><V97/><F101/><W0/><G0/><T9/><REACH who="0" step="1"/><D19/><REACH who="0" ten="145,235,330,280" step="2"/><U25/><E43/><V37/><F41/><W92/><G113/><T111/><D111/><U40/><E42/><V10/><F33/><W22/><G115/><T88/><D88/><U99/><E34/><V132/><F79/><W72/><G76/><T51/><D51/><U68/><E77/><V114/><F78/><W131/><G131/><T70/><D70/><U36/><E50/><V32/><F71/><W80/><G69/><T52/><D52/><U53/><E53/><V81/><F114/><W90/><G80/><T13/><D13/><U124/><E40/><V8/><F81/><W54/><G54/><T35/><D35/><U73/><E12/><V91/><F32/><W14/><G90/><T55/><D55/><U67/><E68/><V122/><F91/><W135/><G14/><T119/><D119/><U116/><E116/><V6/><F39/><W2/><G135/><T38/><D38/><U86/><E36/><V17/><F37/><W120/><G120/><T89/><D89/><U28/><E28/><V48/><F132/><W5/><G121/><T125/><D125/><U104/><E124/><V130/><F122/><W129/><G123/><T85/><D85/><RYUUKYOKU ba="3,1" sc="145,30,235,-10,330,-10,280,-10" hai0="9,15,18,20,26,29,59,63,65,94,102,108,110" owari="175,-32.0,225,-17.0,330,42.0,270,7.0" /></mjloggm>