<mjloggm ver="2.3"><GO type="41" lobby="0"/><UN n0="%E3%82%AD%E3%83%B3%E3%82%BC%E3%82%A4%E3%83%AC%E3%83%9D%E3%83%BC%E3%83%88" n1="%E4%BD%90%E8%97%A4%E3%83%95%E3%83%AA%E3%83%BC%E3%82%B6" n2="%E5%B0%B1%E6%B4%BB%E7%94%9F%40%E5%B7%9D%E6%9D%91%E8%BB%8D%E5%9B%A3" n3="%E3%82%B9%E3%82%A4%E3%82%AF%E3%83%B3" dan="14,15,15,14" rate="1981.20,2063.92,1992.70,1922.96" sx="M,F,M,M"/><TAIKYOKU oya="0"/><INIT seed="0,0,0,0,4,15" ten="250,250,250,250" oya="0" hai0="36,88,38,12,47,101,24,26,55,116,114,100,97" hai1="72,30,84,110,60,115,80,107,44,94,6,106,4" hai2="89,34,124,25,93,105,48,127,132,14,75,31,27" hai3="76,17,73,2,90,92,42,61,123,45,69,74,37"/><T70/><D70/><U78/><E110/><V46/><F105/><W20/><G2/><T113/><D116/><U128/><E128/><V81/><F132/><W82/><G123/><T63/><D101/><U49/><E30/><V22/><F14/><W109/><G109/><T19/><D38/><U21/><E21/><V43/><F75/><W64/><G82/><T39/><D39/><U118/><E118/><V79/><F79/><W130/><G76/><T56/><D88/><U28/><E28/><V65/><F65/><W121/><G130/><T1/><D1/><U29/><E29/><V122/><F81/><W10/><G10/><T51/><D36/><U99/><E60/><V134/><F134/><W68/><G68/><T3/><D3/><U58/><E58/><V40/><F122/><W104/><G104/><T85/><D85/><U9/><E115/><V119/><F119/><W112/><G112/><T35/><D35/><U83/><E83/><V50/><F50/><W54/><G54/><T98/><D114/><U32/><E32/><V135/><F135/><W8/><G8/><N who="0" m="6535" /><D113/><U11/><E11/><V86/><F40/><W108/><G108/><T33/><D33/><U120/><E120/><V129/><F129/><W41/><G41/><N who="0" m="25071" /><D100/><U62/><E72/><V0/><F0/><W87/><REACH who="3" step="1"/><G121/><REACH who="3" ten="250,250,250,240" step="2"/><T7/><D7/><U95/><E6/><V131/><F131/><W5/><G5/><T18/><D26/><AGARI ba="0,1" hai="17,20,26,37,42,45,61,64,69,73,74,87,90,92" machi="26" ten="30,7700,0" yaku="1,1,7,1,52,1,53,1" doraHai="15" doraHaiUra="67" who="3" fromWho="0" sc="250,-77,250,0,250,0,240,87" /><INIT seed="1,0,0,4,3,93" ten="173,250,250,327" oya="1" hai0="1,66,45,17,112,130,121,135,40,110,95,101,68" hai1="38,111,69,55,81,116,56,3,104,48,94,62,87" hai2="5,84,117,105,82,108,44,65,6,54,134,47,118" hai3="114,7,86,29,2,13,22,9,74,15,18,109,91"/><U35/><E116/><V97/><F108/><W26/><G74/><T67/><D1/><U34/><E104/><V23/><F134/><W19/><G114/><T63/><D67/><U58/><E3/><V90/><F65/><W24/><G109/><T53/><D17/><U0/><E0/><V78/><F23/><W129/><G129/><T128/><D110/><U131/><E131/><N who="0" m="50217" /><D95/><U125/><E125/><V100/><F117/><W98/><G98/><T73/><D101/><U119/><E111/><V132/><F132/><W99/><G99/><T92/><D92/><U10/><E10/><V70/><F70/><W64/><G64/><T46/><D73/><U41/><E119/><V51/><F118/><W42/><G42/><T123/><D135/><U4/><E4/><V72/><F47/><N who="0" m="17930" /><D112/><U14/><E94/><AGARI ba="0,0" hai="5,6,44,51,54,72,78,82,84,90,94,97,100,105" machi="94" ten="30,7700,0" yaku="7,1,24,2,52,1" doraHai="93" who="2" fromWho="1" sc="173,0,250,-77,250,77,327,0" /><INIT seed="2,0,0,3,1,129" ten="173,173,327,327" oya="2" hai0="111,40,34,37,39,132,113,83,133,118,35,121,126" hai1="54,89,107,19,16,84,86,69,77,134,78,5,2" hai2="18,23,119,31,95,76,10,82,72,131,28,135,56" hai3="59,44,55,120,14,88,42,87,61,125,75,115,85"/><V105/><F105/><W52/><G75/><T62/><D121/><U4/><E107/><V20/><F119/><W101/><G120/><T22/><D113/><U45/><E69/><V51/><F135/><N who="0" m="51786" /><D111/><U53/><E45/><V58/><F131/><W15/><G125/><T25/><D126/><U43/><E134/><V64/><F10/><W94/><G101/><T65/><D118/><U49/><E49/><V110/><F110/><W81/><G55/><T103/><D103/><U38/><E38/><N who="0" m="14345" /><D40/><U30/><E43/><V48/><F95/><W109/><G115/><T93/><D93/><U36/><E36/><V117/><F117/><W17/><G109/><T57/><D83/><U70/><E54/><V79/><F82/><W50/><REACH who="3" step="1"/><G17/><AGARI ba="0,0" hai="17,22,25,34,35,57,62,65" m="14345,51786" machi="17" ten="30,7700,0" yaku="20,1,52,3" doraHai="129" who="0" fromWho="3" sc="173,77,173,0,327,0,327,-77" /><INIT seed="3,0,0,5,3,16" ten="250,173,327,250" oya="3" hai0="90,135,5,82,102,57,20,71,83,9,85,52,120" hai1="93,19,58,44,106,86,22,2,123,95,98,118,132" hai2="33,56,131,87,48,66,54,67,114,99,128,92,69" hai3="133,108,49,79,53,116,61,75,78,64,18,112,73"/><W115/><G116/><T31/><D71/><U121/><E118/><V11/><F114/><W111/><G133/><T74/><D120/><U100/><E132/><V126/><F126/><W45/><G18/><T113/><D113/><N who="3" m="43593" /><G79/><T36/><D36/><U134/><E134/><V110/><F110/><N who="3" m="42027" /><G78/><T109/><D74/><U103/><E2/><V12/><F33/><W23/><G23/><T1/><D109/><U59/><E44/><V130/><F69/><AGARI ba="0,0" hai="45,49,53,61,64,69,73,75" m="42027,43593" machi="69" ten="30,2900,0" yaku="14,1,10,1" doraHai="16" who="3" fromWho="2" sc="250,0,173,0,327,-29,250,29" /><INIT seed="3,1,0,1,5,116" ten="250,173,298,279" oya="3" hai0="93,52,62,135,104,130,36,90,73,46,44,56,42" hai1="24,128,58,88,66,64,4,112,91,59,100,21,89" hai2="25,0,127,107,69,8,126,92,111,129,99,28,26" hai3="12,10,6,122,108,55,101,77,121,106,102,61,79"/><W74/><G108/><T38/><D104/><U33/><E128/><V11/><F107/><W110/><G110/><T76/><D135/><U5/><E112/><V133/><F111/><W51/><G61/><T23/><D130/><U86/><E33/><V118/><F118/><W85/><G74/><T84/><D23/><U80/><E100/><V48/><F69/><W22/><G102/><T17/><D17/><U60/><E59/><V7/><F129/><W113/><G113/><T65/><D76/><U120/><E66/><V105/><F105/><W83/><G77/><T97/><D73/><U95/><E120/><V75/><F75/><W3/><G3/><T70/><D46/><U87/><REACH who="1" step="1"/><E91/><REACH who="1" ten="250,163,298,279" step="2"/><V41/><F133/><W57/><REACH who="3" step="1"/><G22/><REACH who="3" ten="250,163,298,269" step="2"/><T68/><D68/><U109/><E109/><V125/><F125/><W27/><G27/><T119/><D119/><U67/><E67/><V115/><F126/><W15/><G15/><T35/><D35/><U14/><E14/><V39/><F127/><W31/><G31/><AGARI ba="1,2" hai="4,5,21,24,31,58,60,64,80,86,87,88,89,95" machi="31" ten="30,7700,0" yaku="1,1,7,1,8,1,54,1,53,0" doraHai="116" doraHaiUra="103" who="1" fromWho="3" sc="250,0,163,100,298,0,269,-80" /><INIT seed="4,0,0,0,2,82" ten="250,263,298,189" oya="0" hai0="60,95,104,81,10,33,2,20,36,116,64,107,86" hai1="83,51,16,114,123,135,58,54,89,73,94,43,28" hai2="93,96,110,35,72,111,106,56,46,22,15,130,17" hai3="59,128,53,18,55,41,127,102,84,40,131,42,37"/><T98/><D36/><U79/><E123/><V78/><F35/><W100/><G127/><T101/><D33/><U4/><E135/><V108/><F106/><W103/><G18/><T125/><D116/><U80/><E114/><V49/><F130/><N who="3" m="49707" /><G84/><T5/><D20/><U7/><E28/><V30/><F56/><W29/><G29/><T24/><D24/><U23/><E43/><N who="3" m="11010" /><W39/><DORA hai="27" /><G59/><T105/><D125/><U9/><E83/><V122/><F122/><W38/><AGARI ba="0,0" hai="37,38,39,53,55,100,102,103" m="11010,49707" machi="38" ten="50,6400,0" yaku="28,2,19,1" doraHai="82,27" who="3" fromWho="3" sc="250,-32,263,-16,298,-16,189,64" /><INIT seed="5,0,0,0,5,96" ten="218,247,282,253" oya="1" hai0="31,94,21,67,134,102,100,81,84,60,44,66,82" hai1="92,107,25,46,6,75,69,80,34,89,73,65,83" hai2="35,79,59,12,4,118,55,49,95,53,13,18,105" hai3="20,68,126,36,15,88,23,47,90,78,2,42,30"/><U117/><E117/><V135/><F105/><W16/><G2/><T56/><D134/><U37/><E107/><V76/><F118/><W39/><G68/><T64/><D44/><U38/><E6/><V51/><F35/><W3/><G3/><T24/><D82/><U119/><E119/><V114/><F114/><W115/><G115/><T122/><D122/><U71/><E25/><V11/><F135/><W85/><G126/><T32/><D32/><U132/><E132/><V130/><F130/><W120/><G120/><T63/><D63/><U62/><E34/><V110/><F110/><W50/><G78/><N who="0" m="46135" /><D94/><U104/><E104/><V54/><F95/><W98/><G98/><T108/><D108/><U27/><E27/><V28/><F28/><W22/><G90/><T93/><D93/><U72/><E69/><V43/><F43/><W133/><G133/><T113/><D113/><U19/><E19/><V109/><F109/><W10/><REACH who="3" step="1"/><G30/><REACH who="3" ten="218,247,282,243" step="2"/><T8/><D8/><U111/><E111/><V7/><F76/><W58/><G58/><T97/><D97/><U5/><E71/><V99/><F79/><W41/><G41/><T40/><D40/><U17/><E62/><V112/><F112/><W106/><G106/><T33/><D33/><U52/><E46/><V101/><F59/><W129/><G129/><T29/><D29/><U128/><E128/><V1/><F1/><W61/><G61/><T127/><D127/><U45/><E45/><V123/><F123/><W9/><G9/><T124/><D124/><U0/><E0/><V14/><F99/><W74/><G74/><RYUUKYOKU ba="0,1" sc="218,15,247,-15,282,-15,243,15" hai0="21,24,31,56,60,64,66,67,100,102" hai3="10,15,16,20,22,23,36,39,42,47,50,85,88" /><INIT seed="6,1,1,2,2,73" ten="233,232,267,258" oya="2" hai0="11,33,34,55,90,80,101,65,105,86,23,35,8" hai1="64,61,16,115,67,5,56,39,4,66,79,46,60" hai2="13,135,111,127,6,85,17,99,93,59,52,82,120" hai3="114,30,31,20,77,122,22,51,123,91,45,29,47"/><V125/><F120/><W78/><G91/><T98/><D65/><U118/><E118/><V38/><F111/><W40/><G114/><T113/><D113/><U63/><E115/><V95/><F38/><W117/><G117/><T128/><D128/><U18/><E79/><N who="3" m="30218" /><G51/><T37/><D37/><U3/><E3/><V1/><F1/><W69/><G40/><T70/><D70/><U97/><E97/><V110/><F110/><W126/><G69/><T108/><D108/><U12/><E18/><V89/><F6/><W44/><G126/><N who="2" m="48137" /><F135/><W36/><G36/><T26/><REACH who="0" step="1"/><D55/><REACH who="0" ten="223,232,267,258" step="2"/><U102/><E39/><V109/><F109/><W25/><G123/><T57/><D57/><N who="1" m="36879" /><E46/><V87/><F52/><W41/><G122/><T14/><D14/><U83/><E66/><V88/><F59/><W53/><G53/><T49/><D49/><U130/><E130/><V121/><F121/><W119/><G119/><T62/><D62/><U133/><E63/><V75/><F75/><W68/><G68/><T92/><D92/><U116/><E133/><V112/><F112/><W96/><G47/><T50/><D50/><U134/><E116/><V2/><F2/><W72/><G45/><T15/><D15/><U74/><E134/><V71/><F71/><W9/><G44/><T42/><D42/><U76/><E102/><N who="2" m="60783" /><F13/><W27/><G41/><T84/><D84/><U103/><E103/><V94/><F17/><AGARI ba="1,2" hai="8,11,17,23,26,33,34,35,80,86,90,98,101,105" machi="17" ten="40,8000,1" yaku="1,1,53,3" doraHai="73" doraHaiUra="28" who="0" fromWho="2" sc="223,103,232,0,267,-83,258,0" /><INIT seed="7,0,0,4,4,11" ten="326,232,184,258" oya="3" hai0="59,39,127,104,31,60,93,29,132,19,125,32,65" hai1="86,94,62,128,41,103,42,1,51,69,66,72,23" hai2="96,100,83,91,12,49,17,30,74,27,108,123,95" hai3="4,7,2,109,110,98,22,18,16,76,121,21,82"/><W70/><G70/><T120/><D39/><U117/><E117/><V130/><F108/><N who="3" m="41579" /><G98/><T50/><D120/><U102/><E72/><V87/><F123/><W34/><G121/><T79/><D104/><U53/><E1/><V113/><F130/><W45/><G45/><T118/><D118/><U47/><E23/><V10/><F113/><W58/><G58/><T3/><D3/><U61/><E61/><V111/><F111/><W6/><G82/><T24/><D31/><U114/><E128/><V33/><F74/><W56/><G56/><T38/><D38/><U101/><E114/><V107/><REACH who="2" step="1"/><F49/><REACH who="2" ten="326,232,174,258" step="2"/><W116/><G116/><T20/><D50/><U78/><E78/><V14/><F14/><N who="3" m="9367" /><G76/><T115/><D79/><U48/><E48/><V9/><F9/><N who="3" m="2199" /><G34/><T80/><D115/><U90/><AGARI ba="0,1" hai="41,42,47,51,53,62,66,69,86,90,94,101,102,103" machi="90" ten="30,1100,0" yaku="0,1" doraHai="11" who="1" fromWho="1" sc="326,-3,232,21,174,-3,258,-5" owari="323,43.0,253,5.0,171,-33.0,253,-15.0" /></mjloggm>