<mjloggm ver="2.3"><GO type="97" lobby="0"/><UN n0="%36%4E%39" n1="%E3%82%A6%E3%83%AB%E3%83%88%E3%83%A9%E7%AB%8B%E7%9B%B4" n2="%6C%61%67%75%6E%61%2E" n3="%68%61%61%63%68%61%6E" dan="14,15,13,13" rate="1954.86,2028.91,1854.35,1841.83" sx="M,M,M,M"/><TAIKYOKU oya="0"/><INIT seed="0,0,0,1,2,72" ten="250,250,250,250" oya="0" hai0="18,75,69,27,64,119,74,135,88,124,48,14,26" hai1="81,114,90,4,36,107,47,21,83,129,55,5,31" hai2="96,108,65,54,134,78,125,57,131,117,12,126,86" hai3="132,95,61,29,77,58,13,120,23,99,118,50,123"/><T115/><D124/><N who="2" m="47722" /><F117/><W52/><G118/><T98/><D115/><U46/><E107/><V6/><F108/><W25/><G132/><T89/><D135/><U17/><E36/><V40/><F134/><W22/><G13/><T62/><D119/><U91/><E31/><V94/><F131/><W84/><G50/><T0/><D0/><U15/><E129/><V8/><F40/><W73/><G73/><T19/><D48/><U110/><E110/><V112/><F112/><W105/><G105/><T128/><D128/><U97/><E114/><V32/><F65/><W116/><G116/><T51/><D51/><U80/><E55/><V130/><F130/><W9/><G9/><T66/><D62/><U60/><E60/><N who="2" m="35895" /><F32/><W100/><G22/><T35/><D14/><U56/><E56/><V70/><F70/><W63/><G63/><T101/><D98/><U20/><E97/><V106/><F106/><W85/><REACH who="3" step="1"/><G77/><REACH who="3" ten="250,250,250,240" step="2"/><T111/><D35/><U109/><E109/><V10/><F10/><W103/><G103/><T113/><D101/><U93/><E21/><V3/><F12/><W133/><G133/><T71/><D111/><U79/><E79/><V24/><F78/><W30/><G30/><T102/><D102/><U127/><E127/><V49/><F49/><W92/><G92/><T34/><D34/><U87/><E91/><N who="2" m="55391" /><F24/><W44/><G44/><AGARI ba="0,1" hai="4,5,15,17,20,44,46,47,80,81,83,87,90,93" machi="44" ten="40,1300,0" yaku="8,1" doraHai="72" who="1" fromWho="3" sc="250,0,250,23,250,0,240,-13" /><INIT seed="1,0,0,0,4,42" ten="250,273,250,227" oya="1" hai0="40,104,89,90,58,61,2,111,107,62,123,46,57" hai1="118,59,73,77,88,28,125,82,30,20,41,94,36" hai2="37,98,34,87,3,50,132,115,23,133,4,76,124" hai3="38,79,26,121,70,102,47,56,130,9,44,13,106"/><U103/><E118/><V54/><F34/><W80/><G38/><T119/><D40/><U64/><E125/><V109/><F109/><W60/><G70/><T16/><D2/><U17/><E103/><V55/><F124/><W8/><G130/><T6/><D6/><U18/><E18/><V97/><F115/><W52/><G121/><T74/><D74/><U126/><E126/><V14/><F37/><W71/><G71/><T31/><D111/><U67/><E36/><V101/><F3/><W27/><G8/><T110/><D110/><U7/><E7/><V96/><F101/><W29/><G106/><T72/><D72/><U53/><E41/><V93/><F76/><W86/><G102/><T48/><D31/><U127/><E127/><V45/><F55/><W114/><G114/><T1/><D1/><U134/><E134/><N who="2" m="51819" /><F87/><W95/><G95/><T11/><D11/><U84/><E64/><V108/><F108/><W99/><G99/><T5/><D5/><U75/><E67/><V92/><F23/><N who="3" m="15583" /><G27/><T116/><D48/><N who="1" m="31143" /><E73/><V128/><F128/><W51/><G60/><T91/><D123/><U35/><E35/><V131/><F131/><W122/><G122/><T112/><D112/><U12/><AGARI ba="0,0" hai="12,17,20,28,30,75,77,82,84,88,94" m="31143" machi="12" ten="30,3000,0" yaku="25,1,54,1" doraHai="42" who="1" fromWho="1" sc="250,-10,273,30,250,-10,227,-10" /><INIT seed="1,1,0,2,2,33" ten="240,303,240,217" oya="1" hai0="114,28,103,51,7,36,93,117,118,66,85,113,73" hai1="55,41,101,42,16,129,100,108,121,59,120,68,32" hai2="97,78,91,65,87,50,111,133,89,34,56,45,26" hai3="88,106,38,64,123,94,22,98,23,37,43,107,30"/><U72/><E72/><V82/><F111/><W52/><G123/><T17/><D36/><U18/><E68/><V10/><F133/><W29/><G64/><T80/><D66/><U44/><E32/><V27/><F34/><W95/><G37/><T102/><D51/><U19/><E108/><V112/><F112/><N who="0" m="43114" /><D17/><U40/><E44/><V11/><F97/><W99/><G43/><T74/><D28/><N who="3" m="10857" /><G107/><T109/><D7/><U104/><E129/><V116/><F116/><N who="0" m="44650" /><D109/><U81/><E81/><V75/><F75/><N who="0" m="28682" /><D93/><U125/><E104/><V39/><F39/><W110/><G110/><T70/><D70/><U35/><E35/><V12/><F65/><W14/><G106/><T71/><D71/><U2/><E55/><N who="2" m="31863" /><F45/><W76/><G38/><T127/><D127/><U31/><E59/><V1/><F1/><W48/><G76/><AGARI ba="1,0" hai="76,80,85,102,103" m="28682,44650,43114" machi="76" ten="40,2600,0" yaku="34,2" doraHai="33" who="0" fromWho="3" sc="240,29,303,0,240,0,217,-29" /><INIT seed="2,0,0,0,3,118" ten="269,303,240,188" oya="2" hai0="1,109,133,129,132,32,38,19,53,42,17,103,65" hai1="2,9,99,8,90,115,24,98,97,119,88,40,71" hai2="74,22,14,45,82,117,120,34,3,113,43,28,37" hai3="12,96,47,101,68,114,5,36,67,70,11,79,66"/><V61/><F120/><W123/><G123/><T93/><D109/><U59/><E71/><V51/><F117/><W121/><G121/><T33/><D129/><U107/><E107/><V29/><F113/><W44/><G114/><T7/><D65/><U39/><E39/><V134/><F134/><W58/><G79/><T80/><D80/><U6/><E115/><V55/><F3/><W92/><G36/><T20/><D53/><U46/><E119/><V130/><F130/><W26/><G26/><T85/><D7/><U111/><E111/><V128/><F128/><W41/><G41/><T15/><D1/><U49/><E6/><V131/><F34/><W57/><G70/><T76/><D33/><U122/><E122/><V78/><F131/><W83/><G83/><T116/><D32/><U81/><E81/><V110/><F110/><W35/><G35/><T48/><D38/><U56/><E24/><V25/><F61/><N who="3" m="38191" /><G68/><T126/><D116/><U60/><E2/><V124/><F124/><W16/><G5/><T125/><D76/><U95/><E59/><V87/><F74/><W50/><G67/><T100/><D85/><N who="1" m="52623" /><E90/><V84/><F84/><W91/><G101/><N who="0" m="38987" /><D93/><U23/><E60/><V102/><F102/><W105/><G105/><T135/><D19/><U94/><E94/><V30/><REACH who="2" step="1"/><F14/><REACH who="2" ten="269,303,230,188" step="2"/><W108/><G108/><T112/><D112/><U75/><E75/><V0/><F0/><W89/><G89/><T104/><D104/><U73/><E73/><V72/><F72/><W64/><G64/><T21/><D126/><U127/><E127/><V69/><F69/><RYUUKYOKU ba="0,1" sc="269,-15,303,-15,230,15,188,15" hai2="22,25,28,29,30,37,43,45,51,55,78,82,87" hai3="11,12,16,44,47,50,58,91,92,96" /><INIT seed="2,1,1,2,4,112" ten="254,288,245,203" oya="2" hai0="61,77,71,134,131,102,27,48,31,94,78,72,5" hai1="42,30,132,79,6,120,8,19,74,29,118,114,116" hai2="95,70,37,106,34,26,128,122,64,103,135,58,35" hai3="3,85,32,4,125,62,69,52,20,104,80,93,124"/><V22/><F122/><W89/><G104/><T76/><D131/><U107/><E107/><V60/><F128/><W109/><G109/><T14/><D134/><U105/><E105/><V97/><F135/><W123/><G32/><T113/><D113/><U21/><E114/><V110/><F110/><W101/><G123/><T82/><D48/><U81/><E132/><V99/><F37/><W75/><G3/><T13/><D102/><U84/><E30/><N who="2" m="17751" /><F70/><W127/><G4/><T10/><D94/><U98/><E29/><V73/><F73/><W46/><G20/><T45/><D45/><U24/><E120/><V57/><F57/><N who="3" m="35111" /><G46/><T126/><D126/><N who="3" m="32257" /><W36/><DORA hai="130" /><G36/><T18/><D61/><U47/><E98/><V111/><F111/><W59/><G59/><T129/><D71/><U87/><E87/><V44/><F44/><W88/><G69/><T115/><D129/><U91/><E91/><V55/><F55/><W117/><G101/><AGARI ba="1,1" hai="34,35,58,60,64,95,97,99,101,103,106" m="17751" machi="101" ten="30,1500,0" yaku="25,1" doraHai="112,130" who="2" fromWho="3" sc="254,0,288,0,245,28,203,-18" /><INIT seed="2,2,0,4,5,7" ten="254,288,273,185" oya="2" hai0="36,85,125,112,107,122,37,109,66,16,71,89,135" hai1="124,4,30,21,110,76,132,83,104,74,26,27,52" hai2="69,131,8,44,99,13,51,134,127,3,130,49,40" hai3="98,24,59,19,128,58,14,23,114,106,92,31,28"/><V60/><F3/><W63/><G106/><T97/><D66/><U25/><E104/><V35/><F35/><W91/><G128/><N who="2" m="49193" /><F127/><W86/><G114/><T68/><D97/><U10/><E124/><V90/><F134/><W111/><G111/><T95/><D71/><U0/><E110/><V101/><F90/><W75/><G75/><T120/><D37/><U133/><E27/><V117/><F117/><W17/><G59/><T12/><D95/><U55/><E26/><V93/><F69/><W47/><G47/><T100/><D85/><U119/><E119/><V42/><F60/><W84/><G31/><T67/><D12/><U46/><E46/><V118/><F118/><W11/><REACH who="3" step="1"/><G17/><REACH who="3" ten="254,288,273,175" step="2"/><T103/><D16/><U33/><E132/><V48/><F44/><W81/><G81/><T64/><D135/><U57/><E133/><V45/><F45/><W50/><G50/><T53/><D107/><U113/><E113/><V115/><F115/><W38/><G38/><T82/><D36/><U6/><E57/><V72/><F72/><W22/><G22/><T73/><D109/><U126/><E126/><V62/><F62/><W77/><G77/><T15/><D125/><U1/><E21/><V70/><F70/><W18/><G18/><AGARI ba="2,1" hai="8,13,18,40,42,48,49,51,93,99,101" m="49193" machi="18" ten="30,2900,0" yaku="19,1,52,1" doraHai="7" who="2" fromWho="3" sc="254,0,288,0,273,45,175,-35" /><INIT seed="2,3,0,0,0,72" ten="254,288,318,140" oya="2" hai0="85,27,135,36,51,32,105,103,75,86,10,79,8" hai1="100,70,1,74,43,77,134,89,54,127,98,65,9" hai2="83,80,90,111,35,126,40,116,19,49,25,68,61" hai3="108,121,33,113,38,71,112,81,6,55,101,4,23"/><V123/><F123/><W122/><G38/><T95/><D135/><U56/><E134/><V64/><F116/><W17/><G71/><T115/><D115/><N who="3" m="44105" /><G101/><T87/><D36/><U21/><E65/><V118/><F118/><W131/><G55/><T5/><D105/><U99/><E70/><V119/><F126/><W41/><G41/><T45/><D75/><U26/><E43/><V44/><F111/><W63/><G63/><T107/><D107/><U109/><E109/><V18/><F119/><W67/><G67/><T66/><D66/><U94/><E1/><V97/><F19/><W59/><G59/><T92/><D10/><U84/><E9/><V78/><F78/><W34/><G81/><T28/><D103/><U125/><E74/><V106/><F106/><W82/><G82/><T91/><D95/><U2/><E2/><V104/><F104/><W24/><G131/><T57/><D57/><U110/><E110/><V12/><F97/><W50/><G50/><T129/><D129/><U130/><E130/><V3/><F3/><W52/><G52/><N who="0" m="29807" /><D79/><U69/><E69/><V62/><F90/><W128/><G128/><T48/><D48/><U7/><E77/><V46/><F61/><W93/><G93/><T47/><D47/><U133/><E133/><V76/><F76/><W117/><G117/><T16/><D5/><N who="3" m="2153" /><G108/><T29/><D29/><N who="1" m="17615" /><E7/><V124/><F46/><W53/><G53/><T39/><D39/><U96/><E100/><V11/><F124/><N who="1" m="47689" /><E54/><V13/><F68/><W22/><G22/><T31/><D31/><U37/><E37/><V73/><F73/><RYUUKYOKU ba="3,0" sc="254,10,288,10,318,-30,140,10" hai0="8,16,27,28,32,85,86,87,91,92" hai1="56,84,89,94,96,98,99" hai3="17,23,24,33,34,121,122" /><INIT seed="3,4,0,1,5,78" ten="264,298,288,150" oya="3" hai0="17,101,75,4,44,8,12,28,29,106,131,84,98" hai1="83,1,10,89,63,22,118,128,107,85,69,40,73" hai2="103,132,11,56,59,35,124,32,119,90,20,125,76" hai3="88,57,14,9,111,50,6,5,27,96,7,54,13"/><W80/><G111/><T64/><D131/><U51/><E107/><V74/><F119/><W72/><G27/><T46/><D75/><U37/><E128/><V97/><F132/><W122/><G122/><T104/><D64/><U79/><E69/><V112/><F112/><W116/><G116/><T87/><D106/><U82/><E63/><V19/><F11/><W39/><G39/><T65/><D65/><U91/><E51/><V70/><F70/><W108/><G108/><T62/><D62/><U86/><E22/><V117/><F90/><W61/><G61/><T31/><REACH who="0" step="1"/><D4/><REACH who="0" ten="254,298,288,150" step="2"/><N who="1" m="1295" /><E118/><V21/><F117/><W99/><G72/><T23/><D23/><U24/><E73/><V66/><F20/><W45/><G45/><AGARI ba="4,1" hai="8,12,17,28,29,31,44,45,46,84,87,98,101,104" machi="45" ten="40,1300,0" yaku="1,1,53,0" doraHai="78" doraHaiUra="67" who="0" fromWho="3" sc="254,35,298,0,288,0,150,-25" /><INIT seed="4,0,0,3,5,33" ten="289,298,288,125" oya="0" hai0="10,70,64,43,75,51,110,93,14,36,123,65,120" hai1="106,100,119,59,66,68,31,54,34,17,5,45,28" hai2="78,9,122,125,128,112,55,48,41,13,3,77,62" hai3="121,102,82,32,85,127,84,61,115,83,133,96,35"/><T49/><D75/><U18/><E119/><V29/><F122/><N who="0" m="46634" /><D93/><U53/><E5/><N who="2" m="3247" /><F112/><W8/><G121/><T118/><D14/><U116/><E116/><V57/><F125/><W117/><G133/><T27/><D27/><N who="1" m="18719" /><E31/><V56/><F3/><W134/><G127/><T81/><D81/><U94/><E94/><V76/><F128/><W95/><G134/><T108/><D10/><U99/><E45/><N who="2" m="25647" /><F29/><W22/><G117/><T126/><D126/><U74/><E74/><V23/><F23/><W26/><G115/><T130/><D130/><U88/><E88/><V12/><F12/><W98/><G98/><T42/><D118/><U114/><E114/><V25/><F25/><W47/><G47/><N who="0" m="24007" /><D70/><U39/><E18/><V92/><F92/><W73/><G73/><T7/><D7/><U72/><E17/><V46/><F46/><W0/><G61/><T15/><D15/><U2/><E72/><V87/><F57/><W69/><G69/><T63/><D63/><N who="1" m="40031" /><E2/><V58/><F58/><W90/><G0/><T52/><D43/><U6/><E6/><V131/><F131/><W40/><G8/><T91/><D91/><U11/><E11/><V1/><F1/><W113/><G40/><T19/><D19/><U89/><E89/><V104/><F104/><W4/><G4/><T50/><D52/><N who="1" m="20075" /><E59/><V97/><F97/><W86/><G113/><T132/><D132/><U79/><E79/><V80/><AGARI ba="0,0" hai="55,56,62,76,77,78,80,87" m="25647,3247" machi="80" ten="30,2000,0" yaku="25,1,8,1" doraHai="33" who="2" fromWho="2" sc="289,-10,298,-5,288,20,125,-5" owari="279,-12.0,293,9.0,308,41.0,120,-38.0" /></mjloggm>