<mjloggm ver="2.3"><GO type="169" lobby="0"/><UN n0="%E6%A5%BD%E5%8B%9D%EF%BC%81" n1="%73%73%74%61%72%6F" n2="%4A%75%6E%37%37%37" n3="%E3%82%A6%E3%83%AB%E3%83%88%E3%83%A9%E7%AB%8B%E7%9B%B4" dan="16,17,16,17" rate="2143.46,2112.84,2034.51,2160.22" sx="M,M,M,M"/><TAIKYOKU oya="0"/><INIT seed="0,0,0,3,5,67" ten="250,250,250,250" oya="0" hai0="48,118,114,50,124,54,53,107,7,78,89,112,109" hai1="134,55,39,75,61,73,58,132,77,115,5,1,19" hai2="79,129,15,9,113,14,4,47,57,81,80,22,65" hai3="131,133,84,91,32,106,128,63,83,0,11,62,59"/><T69/><D107/><U86/><E115/><N who="0" m="44073" /><D78/><U23/><E39/><V130/><F113/><W40/><G32/><T97/><D7/><U104/><E104/><V105/><F105/><W123/><G106/><T8/><D8/><N who="1" m="2095" /><E86/><V76/><F47/><W126/><G123/><T108/><D97/><U30/><E30/><V93/><F93/><W34/><G91/><T37/><D89/><U85/><E85/><V122/><F57/><W60/><G11/><T49/><D118/><U16/><E77/><V6/><F65/><W100/><G0/><T18/><D18/><N who="1" m="6699" /><E23/><V125/><F122/><W35/><G100/><T90/><D90/><U64/><E55/><N who="0" m="21001" /><D37/><U20/><E20/><V99/><F99/><W44/><G84/><T25/><D25/><U10/><E10/><V68/><F22/><W36/><G83/><T26/><D26/><U117/><E117/><V24/><F24/><W3/><G35/><T98/><D98/><U2/><E2/><V74/><F9/><W12/><G34/><T71/><D124/><U72/><E72/><V66/><F125/><W88/><G126/><T51/><N who="0" m="12288" /><DORA hai="43" /><T101/><D101/><U45/><E45/><V127/><F127/><W96/><G3/><T87/><D87/><U116/><E116/><V21/><F21/><W111/><G96/><T27/><D27/><U28/><E28/><V56/><F74/><W120/><G88/><T94/><D94/><U52/><E52/><V41/><F79/><W119/><G36/><T95/><D95/><U33/><E33/><V110/><F76/><W70/><G119/><T42/><D42/><RYUUKYOKU ba="0,0" sc="250,15,250,15,250,-15,250,-15" hai0="69,71,108,109" hai1="58,61,64,73,75,132,134" /><INIT seed="0,1,0,2,2,2" ten="265,265,235,235" oya="0" hai0="10,45,91,104,126,132,60,69,74,34,107,55,11" hai1="134,15,71,123,63,128,78,29,26,13,7,90,31" hai2="83,12,76,77,130,101,106,100,72,96,75,86,20" hai3="50,18,68,22,24,43,52,119,6,64,133,82,32"/><T58/><D34/><U116/><E123/><V97/><F20/><W102/><G119/><T73/><D74/><U36/><E116/><V121/><F12/><W38/><G133/><T79/><D132/><U33/><E134/><V44/><F44/><W99/><G32/><T129/><D129/><U115/><E128/><V35/><F35/><W5/><G43/><T95/><D126/><U0/><E78/><N who="2" m="46455" /><F121/><W88/><G38/><T103/><D103/><U9/><E36/><V108/><F108/><W89/><G64/><T131/><D131/><U66/><E115/><V109/><F109/><W93/><G68/><T42/><D69/><U8/><E31/><V135/><F135/><W85/><G102/><T3/><D11/><U25/><E25/><V110/><F110/><W54/><G54/><T39/><D79/><N who="2" m="30282" /><F130/><W81/><G81/><T113/><D73/><U19/><E90/><V14/><F14/><W98/><REACH who="3" step="1"/><G99/><REACH who="3" ten="265,265,235,225" step="2"/><T30/><D113/><U1/><AGARI ba="1,1" hai="0,1,7,8,9,13,15,19,26,29,33,63,66,71" machi="1" ten="30,2000,0" yaku="0,1,52,1" doraHai="2" who="1" fromWho="1" sc="265,-11,265,33,235,-6,225,-6" /><INIT seed="1,0,0,2,5,85" ten="254,298,229,219" oya="1" hai0="122,80,50,103,45,58,87,123,54,9,98,93,97" hai1="35,108,110,10,12,82,129,133,61,34,86,131,27" hai2="1,96,102,67,95,63,100,91,60,43,118,84,33" hai3="16,29,37,127,105,36,72,88,117,14,28,15,77"/><U121/><E121/><V101/><F33/><W17/><G105/><T44/><D97/><U3/><E3/><V89/><F1/><W109/><G77/><T26/><D122/><U70/><E133/><V124/><F118/><W90/><G72/><T126/><D126/><U92/><E92/><V130/><F130/><N who="1" m="49673" /><E61/><V111/><F111/><N who="1" m="42537" /><E70/><V53/><F43/><W25/><G109/><T114/><D123/><U20/><E20/><V22/><F124/><W4/><G127/><T19/><D114/><U94/><E94/><N who="2" m="56399" /><F67/><W83/><G83/><T57/><D80/><U119/><E27/><V73/><F73/><W42/><G25/><T40/><D26/><U68/><E68/><V6/><F6/><W52/><G4/><T125/><D125/><U69/><E69/><V106/><F106/><W30/><G30/><T51/><D87/><U66/><E66/><V76/><F76/><W78/><G78/><T113/><D113/><U75/><E75/><V39/><F39/><W0/><G0/><T46/><D93/><U5/><E119/><V132/><F132/><W41/><G117/><T99/><D99/><U64/><E64/><V13/><F53/><AGARI ba="0,0" hai="14,15,16,17,28,29,36,37,41,42,52,53,88,90" machi="53" ten="25,12000,2" yaku="22,2,52,2,54,3" doraHai="85" who="3" fromWho="2" sc="254,0,298,0,229,-120,219,120" /><INIT seed="2,0,0,2,1,117" ten="254,298,109,339" oya="2" hai0="28,43,91,53,29,32,56,70,101,107,37,38,2" hai1="116,132,85,14,92,112,68,110,12,72,120,102,104" hai2="114,31,61,51,121,21,63,6,54,16,124,130,105" hai3="82,129,48,109,100,78,77,39,71,58,69,73,47"/><V7/><F105/><W86/><G129/><T128/><D70/><U94/><E68/><V5/><F114/><W4/><G109/><T35/><D2/><U1/><E1/><V90/><F124/><W115/><G115/><T83/><D128/><U98/><E72/><V27/><F130/><W62/><G39/><T0/><D0/><U59/><E112/><V84/><F121/><W131/><G131/><T75/><D28/><U45/><E110/><V95/><REACH who="2" step="1"/><F31/><REACH who="2" ten="254,298,99,339" step="2"/><W87/><G73/><T111/><D29/><U66/><E120/><V99/><F99/><W96/><G96/><T74/><D107/><U103/><E104/><V134/><F134/><W3/><G87/><T42/><D75/><U34/><E132/><V33/><F33/><W13/><G86/><T52/><D32/><U23/><E34/><V9/><F9/><W127/><G127/><T44/><D35/><U65/><E85/><V49/><F49/><W22/><G48/><T10/><D74/><U89/><E98/><V119/><F119/><W81/><G62/><T67/><D10/><U60/><E116/><V123/><F123/><W26/><G22/><T40/><D37/><U64/><E23/><V24/><F24/><W118/><G26/><T11/><D38/><U17/><E60/><V30/><F30/><W80/><G118/><T8/><D11/><U133/><E133/><V46/><AGARI ba="0,1" hai="5,6,7,16,21,27,46,51,54,61,63,84,90,95" machi="46" ten="30,12000,1" yaku="1,1,0,1,8,1,54,1,53,1" doraHai="117" doraHaiUra="18" who="2" fromWho="2" sc="254,-40,298,-40,99,130,339,-40" /><INIT seed="2,1,0,0,2,101" ten="214,258,229,299" oya="2" hai0="10,63,9,108,121,131,79,40,95,102,72,123,92" hai1="37,105,30,135,130,31,87,89,35,66,39,85,8" hai2="42,109,61,3,128,107,97,36,113,5,96,104,120" hai3="103,17,74,81,82,60,70,112,77,59,88,26,132"/><V117/><F117/><W126/><G70/><T99/><D108/><U124/><E135/><V119/><F119/><W32/><G132/><T24/><D131/><U0/><E130/><V11/><F120/><W12/><G112/><T33/><D40/><U44/><E124/><V129/><F128/><W62/><G126/><T90/><D79/><U110/><E110/><V49/><F129/><W48/><G103/><T45/><D72/><U47/><E66/><V118/><F118/><W54/><G26/><T18/><D45/><U13/><E0/><V80/><F113/><W27/><G27/><T1/><D10/><U65/><E65/><V86/><F109/><W111/><G32/><T93/><D63/><U115/><E115/><V116/><F36/><W29/><G29/><T56/><D56/><U83/><E105/><V76/><F61/><W114/><G111/><T68/><D68/><U84/><E83/><V75/><F75/><W16/><G17/><T25/><D25/><U106/><E106/><N who="2" m="40491" /><F116/><W21/><G114/><T55/><D123/><U7/><E37/><V73/><F73/><W22/><G22/><N who="0" m="13399" /><D33/><U57/><E35/><V2/><F2/><W46/><G59/><T53/><D121/><U14/><E39/><V125/><F125/><W43/><G43/><T133/><D133/><U52/><E89/><V71/><F71/><W69/><G69/><T94/><D90/><U4/><E7/><V51/><F42/><W6/><G6/><N who="0" m="1231" /><D55/><U127/><E127/><V41/><F41/><W19/><G19/><T58/><D53/><U67/><E52/><V38/><F38/><RYUUKYOKU ba="1,0" sc="214,10,258,-30,229,10,299,10" hai0="58,92,93,94,95,99,102" hai2="3,5,11,49,51,76,80,86,96,97" hai3="12,16,21,46,48,54,60,62,74,77,81,82,88" /><INIT seed="2,2,0,2,0,118" ten="224,228,239,309" oya="2" hai0="102,7,27,38,106,41,69,46,11,31,129,121,71" hai1="62,82,120,70,74,40,24,15,101,10,30,96,53" hai2="113,134,99,111,37,86,84,0,109,54,34,57,87" hai3="56,133,25,59,91,12,2,131,75,9,28,51,16"/><V47/><F34/><W92/><G75/><T72/><D129/><U65/><E40/><V26/><F0/><W17/><G131/><T88/><D72/><U43/><E43/><N who="2" m="23023" /><F26/><W81/><G2/><T90/><D121/><U42/><E42/><V80/><F113/><W6/><G81/><T66/><D102/><U100/><E120/><V77/><F99/><W35/><G133/><T63/><D71/><U108/><E53/><V13/><F13/><W119/><G119/><T114/><D106/><U94/><E108/><N who="2" m="41547" /><F134/><W130/><G130/><T125/><D114/><U115/><E115/><V4/><F4/><W14/><G51/><AGARI ba="2,0" hai="51,54,57,77,80,84,86,87" m="41547,23023" machi="51" ten="30,2900,0" yaku="14,1,10,1" doraHai="118" who="2" fromWho="3" sc="224,0,228,0,239,35,309,-35" /><INIT seed="2,3,0,4,3,131" ten="224,228,274,274" oya="2" hai0="28,132,61,134,127,135,46,5,85,106,75,77,111" hai1="37,8,52,108,84,49,98,17,48,11,14,66,82" hai2="101,20,86,22,33,10,16,67,51,91,90,100,112" hai3="45,35,59,34,57,60,123,76,99,7,19,130,12"/><V129/><F33/><W0/><G123/><T41/><D111/><U25/><E108/><V43/><F67/><W109/><G109/><T29/><D127/><U70/><E37/><V133/><F112/><W65/><G130/><T110/><D110/><U73/><E73/><V47/><F129/><W116/><G116/><T71/><D106/><U24/><E49/><V114/><F133/><W81/><G7/><T93/><D75/><U79/><E70/><V15/><F114/><W102/><G45/><T64/><D5/><U88/><E66/><V54/><F91/><W94/><G57/><T87/><D93/><N who="1" m="56615" /><E8/><V83/><F43/><W13/><G12/><T1/><D1/><U113/><E113/><V121/><F121/><W119/><G0/><T128/><D128/><U78/><E79/><V56/><F56/><AGARI ba="3,0" hai="11,14,17,24,25,48,52,56,78,82,84" m="56615" machi="56" ten="30,3900,0" yaku="8,1,54,2" doraHai="131" who="1" fromWho="2" sc="224,0,228,48,274,-48,274,0" /><INIT seed="3,0,0,2,4,122" ten="224,276,226,274" oya="3" hai0="120,24,18,80,9,11,55,102,60,30,59,22,6" hai1="40,96,27,46,113,91,42,39,70,89,43,124,134" hai2="83,84,41,81,74,73,17,68,126,1,112,15,4" hai3="111,58,72,61,12,47,28,94,29,87,63,108,82"/><W123/><G123/><T130/><D130/><U71/><E113/><V78/><F68/><W0/><G0/><T119/><D119/><U110/><E134/><V95/><F41/><W53/><G72/><T20/><D120/><U13/><E124/><V64/><F64/><W25/><G94/><T93/><D6/><U121/><E121/><V21/><F112/><W49/><G12/><T44/><D44/><U35/><E39/><V132/><F132/><W76/><G61/><T67/><D80/><U118/><E118/><V56/><F95/><W14/><G14/><T104/><D55/><U125/><E125/><V88/><F126/><W105/><G105/><T103/><D104/><U54/><E13/><V90/><F56/><W131/><G131/><T62/><D62/><U114/><E114/><V115/><F115/><W85/><G85/><T2/><D2/><U38/><E38/><V128/><F128/><W37/><G37/><T92/><D92/><U8/><E8/><V117/><F117/><W52/><REACH who="3" step="1"/><G29/><REACH who="3" ten="224,276,226,264" step="2"/><T3/><D3/><U101/><E96/><V65/><F1/><W7/><G7/><T106/><D106/><U100/><E71/><V32/><F4/><W135/><G135/><T99/><D103/><U97/><E101/><V5/><F5/><W66/><G66/><T75/><D75/><U26/><E100/><V57/><F74/><W34/><AGARI ba="0,1" hai="25,28,34,47,49,52,53,58,63,76,82,87,108,111" machi="34" ten="30,18000,2" yaku="1,1,0,1,52,2,54,1,53,1" doraHai="122" doraHaiUra="31" who="3" fromWho="3" sc="224,-60,276,-60,226,-60,264,190" /><INIT seed="3,1,0,5,1,49" ten="164,216,166,454" oya="3" hai0="116,107,96,11,132,106,53,26,29,18,57,128,87" hai1="92,109,133,45,40,1,46,27,13,117,122,118,50" hai2="129,6,101,43,66,4,111,73,124,79,56,110,126" hai3="33,81,80,112,42,95,8,14,121,85,131,135,39"/><W36/><G33/><T86/><D116/><N who="1" m="44651" /><E122/><V20/><F101/><W120/><G112/><T3/><D128/><U7/><E133/><V100/><F100/><W51/><G131/><T19/><D132/><U5/><E109/><N who="2" m="41483" /><F43/><W105/><G105/><T77/><D96/><U9/><E27/><V15/><F129/><W55/><G135/><T88/><D86/><U62/><E62/><N who="2" m="38215" /><F79/><W125/><G125/><N who="2" m="48233" /><F73/><W12/><G42/><T89/><D77/><U28/><E28/><V103/><F103/><W47/><G36/><T64/><D89/><U0/><E92/><V44/><F44/><W23/><G39/><T123/><D107/><U94/><E94/><V76/><F76/><W59/><G47/><T69/><D106/><U91/><E91/><V113/><F113/><W2/><G121/><T65/><D123/><U108/><E108/><V98/><F98/><W115/><G120/><T54/><D88/><U30/><E30/><V16/><AGARI ba="1,0" hai="4,6,15,16,20" m="48233,38215,41483" machi="16" ten="40,5200,0" yaku="14,1,18,1,54,1" doraHai="49" who="2" fromWho="2" sc="164,-14,216,-14,166,55,454,-27" /><INIT seed="4,0,0,5,4,101" ten="150,202,221,427" oya="0" hai0="124,88,109,133,78,66,39,42,128,89,21,71,36" hai1="35,81,6,10,50,44,121,26,27,92,56,75,13" hai2="104,134,20,53,94,73,112,103,96,8,135,31,51" hai3="76,106,77,52,9,122,3,126,98,15,46,90,17"/><T110/><D124/><U2/><E121/><V62/><F73/><W12/><G3/><T58/><D71/><U45/><E2/><V38/><F38/><N who="0" m="14378" /><D42/><U87/><E75/><V41/><F112/><W123/><G126/><T37/><N who="0" m="14386" /><T97/><DORA hai="33" /><D78/><U34/><E34/><V49/><F8/><W69/><G69/><T16/><D97/><U117/><E117/><V115/><F115/><W111/><G15/><N who="0" m="9375" /><D133/><U83/><E35/><V114/><F114/><W84/><G77/><T60/><D128/><U48/><E56/><V99/><F41/><W40/><G76/><T65/><D65/><U132/><E132/><N who="2" m="50731" /><F62/><W30/><G40/><T0/><D0/><U11/><E13/><V22/><F51/><N who="3" m="28791" /><G30/><T14/><D14/><U55/><E6/><V80/><F31/><W5/><G5/><T57/><D57/><U129/><E129/><V116/><F116/><W113/><G113/><T79/><D79/><U130/><E130/><V68/><F68/><W125/><G125/><T28/><D28/><U24/><E24/><V54/><F80/><N who="3" m="49415" /><G123/><T29/><D29/><U25/><E92/><V7/><F7/><W100/><G122/><T95/><D95/><U64/><E64/><V63/><F63/><W108/><AGARI ba="0,0" hai="9,12,17,98,100,106,108,111" m="49415,28791" machi="108" ten="30,4000,0" yaku="25,1,52,1,54,1" doraHai="101,33" who="3" fromWho="3" sc="150,-20,202,-10,221,-10,427,40" /><INIT seed="5,0,0,3,5,109" ten="130,192,211,467" oya="1" hai0="14,34,104,73,70,40,62,12,132,130,115,28,1" hai1="119,13,32,39,47,122,58,113,86,77,94,15,10" hai2="64,116,18,98,74,30,96,129,52,106,112,3,75" hai3="33,8,20,118,54,89,101,44,67,43,127,16,123"/><U90/><E122/><V81/><F3/><W133/><G33/><T53/><D73/><U4/><E119/><V79/><F64/><W88/><G118/><T55/><D104/><U95/><E32/><V93/><F116/><W66/><G123/><T65/><D1/><U87/><E58/><V38/><F38/><W78/><G78/><T69/><D69/><U71/><E71/><V31/><F129/><W135/><G101/><T0/><D0/><U85/><E77/><V125/><F75/><W27/><G8/><T61/><D40/><U24/><E24/><V23/><F125/><W59/><G127/><T41/><D41/><U11/><E113/><V49/><F106/><W126/><G126/><T56/><D130/><U2/><E2/><V84/><F74/><W46/><G67/><T100/><D100/><U99/><E39/><V105/><F112/><W35/><G66/><T91/><D115/><U19/><REACH who="1" step="1"/><E47/><REACH who="1" ten="130,182,211,467" step="2"/><V97/><F105/><W51/><G35/><T72/><D56/><U110/><E110/><V131/><F131/><W42/><G46/><T82/><D70/><U128/><E128/><V121/><F121/><W50/><G59/><T37/><D34/><U45/><E45/><V83/><F79/><W25/><G25/><T7/><D37/><U48/><E48/><V80/><F49/><W68/><G68/><T21/><D62/><U108/><E108/><V63/><F63/><W134/><G51/><T60/><D61/><U26/><E26/><N who="2" m="14711" /><F52/><N who="0" m="20042" /><D60/><U111/><E111/><V57/><F57/><W6/><G54/><T103/><D65/><U29/><E29/><RYUUKYOKU ba="0,1" sc="130,-15,182,15,211,15,467,-15" hai1="4,10,11,13,15,19,85,86,87,90,94,95,99" hai2="30,31,80,81,83,84,93,96,97,98" /><INIT seed="5,1,1,3,2,35" ten="115,197,226,452" oya="1" hai0="70,0,41,57,87,72,66,6,22,38,75,40,100" hai1="126,2,37,116,54,77,117,134,110,130,105,131,24" hai2="84,15,73,124,119,88,44,3,16,71,125,129,62" hai3="135,27,20,69,96,47,8,26,102,60,122,68,23"/><U48/><E37/><V18/><F119/><W93/><G122/><T65/><D70/><U112/><E105/><V107/><F107/><W95/><G135/><T14/><D100/><U28/><E134/><V121/><F121/><W109/><G109/><T83/><D0/><U74/><E110/><V10/><F73/><W59/><G47/><T111/><D111/><U76/><E2/><V9/><F44/><W42/><G42/><T85/><D85/><U56/><E112/><V53/><F129/><N who="1" m="49161" /><E126/><N who="2" m="48747" /><F71/><W52/><G8/><N who="0" m="4375" /><D38/><U11/><E11/><V7/><F62/><W90/><G26/><T5/><D72/><U1/><E1/><V133/><F53/><W80/><G80/><T120/><D5/><U132/><E132/><V13/><F133/><W25/><G25/><T104/><D75/><U98/><E98/><V86/><F88/><W67/><G23/><AGARI ba="1,1" hai="3,7,9,10,13,15,16,18,23,84,86" m="48747" machi="23" ten="30,3900,0" yaku="18,1,52,1,54,1" doraHai="35" who="2" fromWho="3" sc="115,0,197,0,226,52,452,-42" /><INIT seed="6,0,0,2,5,75" ten="115,197,278,410" oya="2" hai0="117,122,74,52,46,114,10,7,23,96,79,55,90" hai1="4,68,77,43,124,44,32,119,108,120,3,29,127" hai2="2,0,72,18,131,109,97,12,81,129,8,27,80" hai3="16,112,45,82,99,11,126,121,134,111,132,133,61"/><V123/><F123/><W70/><G121/><T113/><D122/><U64/><E120/><RYUUKYOKU type="kaze4" ba="0,0" sc="115,0,197,0,278,0,410,0" /><INIT seed="6,1,0,0,4,116" ten="115,197,278,410" oya="2" hai0="86,24,123,34,33,29,8,26,38,129,6,45,122" hai1="0,119,134,97,5,15,99,65,1,44,125,50,115" hai2="69,124,84,66,127,39,17,37,89,107,133,55,132" hai3="95,31,92,25,96,131,74,14,78,63,4,117,48"/><V62/><F107/><W53/><G117/><T49/><D38/><N who="2" m="14346" /><F17/><W77/><G74/><T103/><D103/><U71/><E119/><V47/><F89/><W102/><G63/><T114/><D114/><U20/><E115/><V101/><F101/><W70/><G70/><T11/><D129/><U42/><E134/><N who="2" m="51819" /><F84/><W109/><G109/><T98/><D98/><U100/><E99/><V130/><F130/><W23/><G131/><T87/><D87/><U12/><E12/><V21/><F21/><W75/><G75/><T118/><D118/><U85/><E85/><V52/><F47/><N who="3" m="27807" /><G95/><T56/><D56/><U106/><E106/><V57/><F55/><W76/><G76/><T68/><D68/><U60/><E71/><V13/><F13/><W27/><G27/><T80/><D26/><U79/><E97/><V111/><F111/><W112/><G112/><T91/><D33/><U58/><E79/><V32/><F32/><W41/><G78/><T135/><D135/><U35/><E100/><V93/><F93/><W120/><G77/><T108/><D108/><U121/><E35/><V7/><F7/><W46/><G14/><T10/><REACH who="0" step="1"/><D6/><REACH who="0" ten="105,197,278,410" step="2"/><U36/><E5/><V54/><F54/><AGARI ba="1,1" hai="8,10,11,24,29,34,45,49,54,80,86,91,122,123" machi="54" ten="40,8000,1" yaku="1,1,2,1,52,2,53,0" doraHai="116" doraHaiUra="105" who="0" fromWho="2" sc="105,93,197,0,278,-83,410,0" /><INIT seed="7,0,0,3,4,73" ten="198,197,195,410" oya="3" hai0="118,52,88,114,124,9,23,20,67,48,50,2,92" hai1="13,99,116,117,126,89,71,41,123,51,40,8,125" hai2="65,64,69,91,80,45,100,18,94,14,58,63,32" hai3="46,61,119,39,31,30,7,37,6,24,22,54,103"/><W53/><G103/><T87/><D118/><N who="1" m="45675" /><E71/><V43/><F32/><W62/><G119/><T98/><D124/><N who="1" m="47723" /><E123/><V12/><F69/><W79/><G46/><T19/><D114/><U10/><E51/><N who="2" m="27071" /><F65/><W83/><G22/><T108/><D20/><U75/><E75/><V96/><F18/><W57/><G24/><T56/><D67/><U44/><E44/><V129/><F129/><W47/><G47/><T27/><D108/><U109/><E109/><V120/><F120/><W135/><G83/><T1/><D50/><U25/><E25/><V110/><F110/><W95/><G95/><T5/><D87/><AGARI ba="0,0" hai="12,14,58,63,64,80,87,91,94,96,100" m="27071" machi="87" ten="30,1000,0" yaku="8,1" doraHai="73" who="2" fromWho="0" sc="198,-10,197,0,195,10,410,0" owari="188,-31.0,197,-20.0,205,1.0,410,50.0" /></mjloggm>