<mjloggm ver="2.3"><GO type="97" lobby="0"/><UN n0="%E7%9C%9F%E7%94%B0%E6%98%8C%E5%B9%B8" n1="%E3%82%A6%E3%83%AB%E3%83%88%E3%83%A9%E7%AB%8B%E7%9B%B4" n2="%E3%82%8A%E3%82%82%E3%81%93%E3%82%93%E7%8A%AC" n3="%E7%A7%98%E5%89%A3%E2%98%85%E5%8D%83%E9%B3%A5%E2%98%85" dan="15,14,14,15" rate="2020.93,1925.57,1902.03,2002.89" sx="M,M,M,M"/><TAIKYOKU oya="0"/><INIT seed="0,0,0,1,0,24" ten="250,250,250,250" oya="0" hai0="125,102,85,6,60,52,82,44,4,12,68,84,53" hai1="71,17,35,58,63,27,56,89,107,0,124,41,38" hai2="25,37,57,13,33,126,87,100,92,114,91,105,64" hai3="65,18,132,20,34,70,2,96,28,133,23,90,40"/><T111/><D125/><U55/><E124/><V7/><F114/><W29/><G40/><T122/><D122/><U14/><E0/><V83/><F37/><W113/><G113/><T121/><D121/><U8/><E107/><V45/><F126/><W130/><G2/><T78/><D111/><U127/><E127/><V94/><F105/><W109/><G34/><T49/><D102/><U108/><E108/><V106/><F106/><W131/><G109/><T115/><D115/><U86/><E71/><V103/><F45/><W21/><G18/><T36/><D36/><U129/><E129/><N who="3" m="49162" /><G65/><T99/><D99/><U62/><E41/><V119/><F25/><W66/><G66/><T15/><D68/><U95/><E38/><V75/><F33/><W79/><G79/><T67/><D85/><U10/><E10/><V54/><F64/><W48/><G48/><T120/><D120/><U80/><E35/><V51/><F7/><N who="0" m="2602" /><D67/><N who="1" m="39367" /><E27/><V69/><F69/><W117/><G117/><T61/><D61/><U98/><E98/><V9/><F119/><W81/><G70/><T135/><D135/><N who="3" m="51785" /><G96/><T93/><D93/><AGARI ba="0,0" hai="8,14,17,55,58,63,80,86,89,93,95" m="39367" machi="93" ten="30,1000,0" yaku="8,1" doraHai="24" who="1" fromWho="0" sc="250,-10,250,10,250,0,250,0" /><INIT seed="1,0,0,3,0,107" ten="240,260,250,250" oya="1" hai0="23,126,70,56,109,10,42,60,83,65,108,134,46" hai1="116,135,11,24,44,61,86,132,127,0,111,3,47" hai2="26,58,85,17,27,104,69,66,54,99,124,19,87" hai3="4,33,29,75,118,102,71,92,100,78,67,101,16"/><U30/><E116/><V84/><F69/><W41/><G4/><T122/><D23/><N who="1" m="15647" /><E86/><V57/><F104/><W9/><G41/><T128/><D10/><U81/><E61/><N who="2" m="38191" /><F99/><W98/><G71/><T117/><D83/><U34/><E81/><V50/><F124/><W49/><G67/><T15/><D117/><U2/><E34/><V79/><F79/><W31/><G33/><T95/><D95/><U14/><E47/><V73/><F73/><W93/><G49/><T97/><D97/><U82/><E44/><V72/><F72/><W63/><G63/><T62/><D15/><U39/><E82/><V64/><F64/><W43/><G43/><T48/><D122/><U121/><E39/><V68/><F68/><W113/><G113/><T129/><D126/><U21/><E127/><V105/><F105/><W90/><G118/><T55/><D134/><N who="1" m="51243" /><E121/><V112/><F112/><W106/><G106/><T20/><D20/><U18/><E111/><AGARI ba="0,0" hai="42,46,48,55,56,60,62,65,70,108,109,111,128,129" machi="111" ten="40,8000,1" yaku="14,1,34,3" doraHai="107" who="0" fromWho="1" sc="240,80,260,-80,250,0,250,0" /><INIT seed="2,0,0,4,5,72" ten="320,180,250,250" oya="2" hai0="85,134,14,21,77,116,5,65,119,128,106,12,73" hai1="109,3,22,51,79,49,123,8,130,10,104,47,111" hai2="1,54,107,120,4,89,34,60,129,11,50,24,91" hai3="86,125,99,23,117,113,64,103,58,78,38,75,108"/><V114/><F114/><W44/><G117/><N who="0" m="45131" /><D73/><U31/><E104/><V96/><F120/><W2/><G2/><T124/><D106/><U0/><E22/><V20/><F34/><W45/><G75/><T25/><D134/><U92/><E92/><V39/><F39/><W28/><G38/><T97/><D128/><U105/><E31/><V27/><F129/><W132/><G125/><T52/><D124/><U19/><E105/><V122/><F122/><W9/><G108/><N who="1" m="41546" /><E19/><V127/><F127/><W37/><G37/><T133/><D133/><U59/><E59/><V35/><F35/><W26/><G9/><N who="1" m="3690" /><E130/><V66/><F24/><W69/><G69/><T62/><D97/><U71/><E71/><V46/><F96/><W61/><G113/><T90/><D5/><U33/><E33/><V13/><F1/><N who="1" m="585" /><E123/><V30/><REACH who="2" step="1"/><F107/><REACH who="2" ten="320,180,240,250" step="2"/><W43/><G132/><T87/><D25/><U16/><E47/><V98/><F98/><W82/><G43/><T131/><D131/><U36/><E36/><V57/><AGARI ba="0,1" hai="4,11,13,20,27,30,46,50,54,57,60,66,89,91" machi="57" ten="20,7800,0" yaku="1,1,0,1,7,1,8,1,53,0" doraHai="72" doraHaiUra="95" who="2" fromWho="2" sc="320,-26,180,-26,240,88,250,-26" /><INIT seed="2,1,0,5,2,66" ten="294,154,328,224" oya="2" hai0="91,109,86,32,18,4,95,14,76,12,50,25,46" hai1="40,118,3,52,133,54,135,55,29,99,24,16,117" hai2="68,107,98,89,2,129,67,111,33,10,75,134,103" hai3="65,60,119,121,44,64,72,88,73,57,110,8,101"/><V83/><F129/><W87/><G119/><T127/><D127/><U131/><E3/><V37/><F134/><N who="1" m="51209" /><E131/><V7/><F89/><W31/><G121/><T45/><D109/><U41/><E99/><V92/><F92/><W102/><G110/><T51/><D76/><U123/><E29/><V100/><F100/><W79/><G79/><T105/><D105/><U74/><E74/><V53/><F53/><N who="1" m="13569" /><U0/><DORA hai="78" /><E0/><V43/><F111/><W9/><G73/><T104/><D104/><U58/><E123/><V21/><F21/><W120/><G65/><T22/><D4/><U38/><E38/><V34/><F75/><W93/><G72/><T23/><D32/><U35/><E35/><V122/><F83/><W80/><G120/><T15/><D23/><N who="1" m="13415" /><E58/><V128/><F122/><W30/><G31/><T59/><D59/><U71/><E71/><V97/><F98/><W116/><G30/><T70/><D70/><U112/><E112/><V69/><F128/><W56/><G56/><T106/><D106/><U114/><E114/><V82/><F68/><W77/><G102/><T6/><D6/><U130/><E130/><V84/><F69/><W126/><G101/><T90/><D50/><U39/><E39/><V20/><F34/><W26/><G9/><T62/><D51/><U36/><E36/><V108/><F33/><W125/><G8/><T94/><D62/><U85/><E85/><AGARI ba="1,0" hai="12,14,15,18,22,25,45,46,85,86,90,91,94,95" machi="85" ten="40,2600,0" yaku="9,1,8,1" doraHai="66,78" who="0" fromWho="1" sc="294,29,154,-29,328,0,224,0" /><INIT seed="3,0,0,2,3,53" ten="323,125,328,224" oya="3" hai0="94,105,28,20,92,106,41,60,33,50,73,97,69" hai1="61,57,100,130,114,34,40,125,79,44,70,25,82" hai2="19,59,15,29,67,16,120,66,109,75,31,47,12" hai3="37,26,101,131,3,85,10,23,108,48,36,1,13"/><W80/><G131/><T103/><D73/><U113/><E130/><V17/><F75/><W39/><G101/><T123/><D123/><U4/><E125/><V119/><F119/><W72/><G72/><T8/><D106/><U111/><E111/><V62/><F109/><W96/><G96/><T76/><D76/><U54/><E100/><V127/><F127/><W86/><G48/><T110/><D110/><U135/><E135/><V14/><F120/><W107/><G107/><T43/><D8/><U112/><E4/><V102/><F102/><W24/><G108/><T134/><D20/><U38/><E34/><V90/><F47/><W9/><G23/><T49/><D49/><U81/><E79/><V68/><F68/><W89/><G85/><T46/><D43/><U83/><E25/><V30/><F90/><W65/><G65/><AGARI ba="0,0" hai="12,14,15,16,17,19,29,30,31,59,62,65,66,67" machi="65" ten="50,8000,1" yaku="29,2,8,1,52,1,54,1" doraHai="53" who="2" fromWho="3" sc="323,0,125,0,328,80,224,-80" owari="323,12.0,125,-37.0,408,51.0,144,-26.0" /></mjloggm>