<mjloggm ver="2.3"><GO type="41" lobby="0"/><UN n0="%6D%6F%73%75%67%75%72%69" n1="%E3%82%A6%E3%83%AB%E3%83%88%E3%83%A9%E7%AB%8B%E7%9B%B4" n2="%E3%83%8F%E3%83%A2%E5%B8%AB%E5%8C%A0" n3="%E8%B5%A4%E3%83%9E%E9%9B%80%E5%A3%AB" dan="14,15,13,14" rate="1944.85,2016.67,1835.20,1935.49" sx="M,M,M,M"/><TAIKYOKU oya="0"/><INIT seed="0,0,0,0,1,57" ten="250,250,250,250" oya="0" hai0="124,89,18,30,7,40,17,131,43,79,116,10,90" hai1="64,129,117,15,5,52,103,37,71,31,135,62,74" hai2="41,93,63,24,69,29,0,126,125,108,127,3,50" hai3="111,9,113,26,104,35,44,27,23,66,133,106,75"/><T59/><D116/><U84/><E74/><V38/><F38/><W49/><G113/><T97/><D79/><U34/><E37/><V4/><F108/><W100/><G111/><T61/><D30/><U73/><E73/><V12/><F93/><W55/><G133/><T14/><D131/><U6/><E117/><V48/><F12/><W123/><G123/><T99/><D124/><U58/><E135/><V96/><F96/><N who="0" m="36938" /><D17/><U54/><E129/><V19/><F19/><W33/><G75/><T13/><D43/><U120/><E120/><V16/><F16/><W83/><G100/><T78/><D78/><U132/><E132/><V105/><F105/><W119/><G119/><T77/><D77/><U47/><E103/><V67/><F41/><W53/><G83/><T88/><D40/><U80/><E34/><N who="2" m="20775" /><F4/><W60/><G9/><N who="0" m="6447" /><D90/><U36/><E31/><V102/><F102/><W107/><G55/><AGARI ba="0,0" hai="7,10,14,55,59,61,88,89" m="6447,36938" machi="55" ten="30,5800,0" yaku="8,1,52,1,54,1" doraHai="57" who="0" fromWho="3" sc="250,58,250,0,250,0,250,-58" /><INIT seed="0,1,0,0,5,32" ten="308,250,250,192" oya="0" hai0="9,7,114,16,85,76,51,105,68,104,77,45,1" hai1="74,42,115,113,6,65,96,43,91,15,131,40,81" hai2="18,14,27,62,93,4,36,22,88,108,49,72,73" hai3="17,28,59,19,13,47,97,23,60,39,125,121,53"/><T64/><D114/><N who="1" m="43531" /><E65/><V61/><F108/><W37/><G121/><T94/><D68/><U100/><E131/><V79/><F36/><W111/><G111/><T135/><D64/><U90/><E81/><V29/><F4/><W12/><G125/><T41/><D135/><U99/><E74/><V3/><F3/><W25/><G47/><T126/><D126/><U0/><E15/><V103/><F103/><W110/><G110/><T10/><D77/><U11/><E99/><V116/><F116/><W134/><G134/><T58/><D58/><U80/><E80/><V120/><F120/><W2/><G2/><T44/><D76/><U98/><E98/><V118/><F118/><W112/><G112/><T123/><D123/><U55/><E55/><V130/><F130/><W8/><REACH who="3" step="1"/><G97/><REACH who="3" ten="308,250,250,182" step="2"/><T56/><D45/><U48/><E96/><V95/><F73/><W35/><AGARI ba="1,1" hai="8,12,13,17,19,23,25,28,35,37,39,53,59,60" machi="35" ten="20,8000,1" yaku="1,1,2,1,0,1,7,1,53,1" doraHai="32" doraHaiUra="30" who="3" fromWho="3" sc="308,-41,250,-21,250,-21,182,93" /><INIT seed="1,0,0,1,1,63" ten="267,229,229,275" oya="1" hai0="42,80,14,97,105,90,9,122,95,47,2,115,61" hai1="103,28,100,50,48,43,98,7,10,79,88,40,87" hai2="4,93,132,57,110,127,30,117,34,54,96,45,71" hai3="118,49,70,69,82,18,121,78,73,46,25,23,75"/><U35/><E79/><V106/><F117/><W124/><G121/><T64/><D115/><U67/><E28/><V16/><F106/><W134/><G118/><T102/><D122/><U62/><E35/><V31/><F71/><W6/><G134/><T84/><D2/><U66/><E43/><V58/><F132/><W83/><G124/><T60/><D60/><U17/><E17/><V94/><F127/><W44/><G44/><T27/><D27/><U51/><E40/><V13/><F110/><W41/><G6/><T99/><D47/><U39/><E39/><V120/><F4/><W65/><REACH who="3" step="1"/><G65/><REACH who="3" ten="267,229,229,265" step="2"/><T33/><D64/><U32/><E67/><V52/><F120/><W114/><G114/><T133/><D133/><U5/><E5/><V15/><F45/><W12/><G12/><T108/><D14/><U131/><E131/><V77/><F15/><W128/><G128/><T112/><D112/><U135/><E135/><V59/><F13/><W21/><G21/><T29/><D108/><U3/><E32/><V24/><F34/><W129/><G129/><T89/><D33/><U107/><E3/><V123/><F123/><W111/><G111/><T11/><D11/><U19/><E10/><V1/><F1/><W130/><G130/><T8/><D8/><U56/><E7/><V55/><F59/><W86/><G86/><T126/><D84/><U116/><E116/><V22/><F58/><W68/><G68/><T36/><D126/><U81/><E19/><V119/><F57/><W53/><G53/><T109/><D109/><U26/><E26/><V125/><F119/><RYUUKYOKU ba="0,1" sc="267,-15,229,15,229,-15,265,15" hai1="48,50,51,56,62,66,81,87,88,98,100,103,107" hai3="18,23,25,41,46,49,69,70,73,75,78,82,83" /><INIT seed="1,1,1,2,3,1" ten="252,244,214,280" oya="1" hai0="68,129,81,59,109,98,130,63,83,116,97,78,101" hai1="76,20,29,24,120,119,122,87,21,113,53,89,47" hai2="23,15,124,125,133,11,100,4,73,18,7,112,126" hai3="69,114,49,111,9,117,66,92,108,102,28,121,135"/><U40/><E119/><V115/><F73/><W84/><G121/><T88/><D68/><U12/><E113/><N who="2" m="43595" /><F100/><W75/><G114/><T32/><D32/><U99/><E53/><V60/><F60/><N who="3" m="40135" /><G75/><T72/><D59/><U27/><E99/><V77/><F77/><W58/><G117/><T94/><D63/><U46/><E76/><V110/><F110/><N who="3" m="42027" /><G135/><T31/><D31/><U5/><E120/><V128/><F128/><N who="0" m="49258" /><D109/><U95/><E122/><V107/><F107/><W105/><G28/><T80/><D116/><U35/><E35/><V62/><F62/><W90/><G58/><T91/><D91/><U16/><E40/><V79/><F79/><W33/><G33/><T55/><D55/><U8/><AGARI ba="1,1" hai="5,8,12,16,20,21,24,27,29,46,47,87,89,95" machi="8" ten="30,11700,0" yaku="0,1,8,1,52,1,54,1" doraHai="1" who="1" fromWho="1" sc="252,-40,244,130,214,-40,280,-40" /><INIT seed="1,2,0,1,5,105" ten="212,374,174,240" oya="1" hai0="39,4,115,94,21,92,69,127,35,62,56,72,74" hai1="36,93,30,66,23,18,100,110,76,59,57,70,34" hai2="109,14,77,82,32,73,81,42,101,6,86,124,60" hai3="128,83,99,7,13,118,27,17,119,16,20,46,80"/><U38/><E70/><V1/><F32/><W87/><G128/><T25/><D115/><U79/><E34/><V78/><F124/><W5/><G99/><T112/><D112/><U53/><E30/><V43/><F109/><W11/><G46/><T125/><D69/><U40/><E40/><V2/><F101/><W26/><G80/><T58/><D39/><U48/><E38/><V85/><F60/><W54/><G54/><T133/><D35/><U108/><E36/><V98/><F98/><W111/><G111/><N who="1" m="42538" /><E93/><V51/><F51/><W96/><G96/><T95/><D4/><N who="3" m="1609" /><G87/><T123/><D94/><U132/><E132/><V129/><F129/><W50/><G50/><T104/><D133/><U19/><E100/><V107/><F107/><W41/><G83/><T106/><D62/><N who="1" m="38223" /><E18/><V61/><F61/><W10/><G41/><T120/><D25/><AGARI ba="2,0" hai="19,23,25,48,53,59,76,79" m="38223,42538" machi="25" ten="30,2900,0" yaku="14,1,10,1" doraHai="105" who="1" fromWho="0" sc="212,-35,374,35,174,0,240,0" /><INIT seed="1,3,0,5,1,16" ten="177,409,174,240" oya="1" hai0="112,18,68,56,21,9,125,36,5,106,8,32,74" hai1="79,98,127,34,45,128,67,57,118,4,43,86,2" hai2="109,103,7,77,25,131,22,97,62,10,88,11,6" hai3="44,41,58,100,117,76,108,30,95,46,20,35,130"/><U12/><E34/><V81/><F109/><W102/><G35/><T82/><D68/><U15/><E118/><V80/><F131/><W83/><G108/><T73/><D36/><U99/><E2/><V111/><F111/><W119/><G58/><T37/><D37/><U115/><E115/><V96/><F62/><W60/><G60/><T113/><D106/><U40/><E127/><V39/><F39/><W17/><G130/><T61/><D125/><U66/><E128/><V116/><F116/><N who="3" m="44619" /><G30/><T1/><D8/><U91/><E79/><V92/><F11/><W85/><G95/><T14/><D74/><U49/><E43/><V29/><F77/><W101/><G41/><T19/><D32/><U121/><E121/><V126/><F7/><W90/><G76/><T110/><D110/><U53/><E4/><V0/><REACH who="2" step="1"/><F126/><REACH who="2" ten="177,409,164,240" step="2"/><W50/><G50/><T48/><D48/><N who="1" m="30887" /><E66/><V84/><F84/><W134/><G134/><T3/><D113/><U38/><E67/><V94/><AGARI ba="3,1" hai="0,6,10,22,25,29,80,81,88,92,94,96,97,103" machi="94" ten="20,8000,1" yaku="1,1,0,1,7,1,52,1,54,1,53,0" doraHai="16" doraHaiUra="64" who="2" fromWho="2" sc="177,-23,409,-43,164,99,240,-23" /><INIT seed="2,0,0,5,5,71" ten="154,366,263,217" oya="2" hai0="112,24,52,65,37,97,35,11,7,68,107,126,99" hai1="59,51,1,89,115,38,8,91,118,63,6,41,75" hai2="17,73,13,58,84,96,117,102,70,109,26,78,124" hai3="127,100,34,20,19,103,122,110,25,0,28,132,72"/><V94/><F117/><W87/><G72/><T2/><D99/><U111/><E115/><V114/><F70/><W93/><G122/><T36/><D112/><U128/><E118/><V130/><F114/><W82/><G110/><T85/><D85/><U12/><E111/><V120/><F109/><W134/><G127/><T53/><D53/><U5/><E128/><V50/><F124/><W44/><G0/><T18/><D52/><U45/><E6/><V16/><F130/><W95/><G44/><T21/><D126/><U125/><E125/><V101/><F73/><W77/><G95/><T48/><D48/><U60/><E60/><V54/><F102/><W30/><G30/><N who="0" m="19911" /><D18/><U3/><E75/><V123/><F26/><W108/><G108/><T27/><D21/><U98/><E51/><V15/><F120/><W81/><G81/><T33/><D27/><U62/><E62/><V42/><F42/><W90/><G77/><T106/><D33/><U131/><E131/><V88/><F78/><W69/><G69/><T113/><D113/><U4/><E98/><V9/><F123/><W23/><G34/><T32/><D32/><U14/><E14/><V104/><F15/><N who="3" m="9343" /><G93/><T49/><D49/><U116/><E116/><V67/><F67/><W79/><G79/><T61/><D107/><U105/><E105/><V119/><F119/><W74/><G74/><T40/><D40/><U43/><E43/><V80/><F104/><W83/><G83/><T29/><D29/><U121/><E121/><V31/><F31/><W76/><G76/><T133/><D133/><AGARI ba="0,0" hai="23,25,28,82,87,90,100,103,132,133,134" m="9343" machi="133" ten="30,1000,0" yaku="20,1" doraHai="71" who="3" fromWho="0" sc="154,-10,366,0,263,0,217,10" /><INIT seed="3,0,0,4,1,30" ten="144,366,263,227" oya="3" hai0="88,122,31,117,0,102,73,6,119,113,100,64,21" hai1="121,130,15,40,52,80,3,129,67,4,45,109,126" hai2="32,108,61,105,76,20,1,133,128,68,19,81,104" hai3="124,27,89,99,42,28,118,103,85,135,51,114,77"/><W8/><G118/><T72/><D64/><U134/><E3/><V54/><F108/><W53/><G114/><T95/><D6/><U59/><E121/><V12/><F1/><W94/><G135/><T44/><D0/><U62/><E80/><V75/><F133/><W37/><G124/><T57/><D44/><U65/><E4/><V49/><F128/><N who="1" m="49257" /><E15/><V23/><F32/><W90/><G37/><T39/><D39/><N who="1" m="21663" /><E134/><V13/><F61/><W78/><G42/><T111/><D122/><U74/><E74/><V132/><F68/><W110/><G110/><T11/><D11/><U33/><E33/><V82/><F82/><W60/><G60/><T17/><D111/><U55/><E109/><V96/><F96/><W34/><G8/><T83/><D113/><U71/><E126/><V66/><F132/><W127/><G127/><T123/><D123/><U9/><E9/><V125/><F125/><W84/><G90/><T16/><D83/><U56/><E71/><V5/><F5/><W38/><G38/><T22/><D95/><U91/><E91/><V69/><F69/><W115/><G115/><T25/><D88/><U29/><E29/><V86/><F75/><W97/><G97/><T18/><D18/><U92/><E92/><V47/><F23/><W79/><REACH who="3" step="1"/><G89/><REACH who="3" ten="144,366,263,217" step="2"/><T24/><D31/><U131/><E131/><V63/><F63/><AGARI ba="0,1" hai="52,55,56,59,62,63,65,67" m="21663,49257" machi="63" ten="30,7700,0" yaku="19,1,34,2,54,1" doraHai="30" who="1" fromWho="2" sc="144,0,366,87,263,-77,217,0" /><INIT seed="4,0,0,2,5,110" ten="144,453,186,217" oya="0" hai0="101,39,14,95,37,44,133,15,99,113,1,43,91" hai1="24,131,49,13,86,84,59,2,35,57,88,115,70" hai2="134,60,58,89,26,106,31,48,130,51,42,135,112" hai3="80,40,67,83,33,5,56,114,118,32,105,122,10"/><T123/><D123/><U79/><E70/><V68/><F106/><W61/><G118/><T96/><D1/><U45/><E2/><V29/><F130/><W21/><G122/><T38/><D133/><N who="2" m="50698" /><F68/><W0/><G105/><T62/><D62/><U74/><E74/><V126/><F126/><W20/><G40/><T78/><D78/><U127/><E35/><N who="2" m="20919" /><F31/><W64/><G64/><T97/><D113/><U73/><E73/><V6/><F6/><W119/><G119/><T36/><REACH who="0" step="1"/><D101/><REACH who="0" ten="134,453,186,217" step="2"/><U111/><E115/><V50/><F112/><W72/><G114/><T103/><D103/><U107/><E79/><V25/><F89/><W63/><G63/><T98/><AGARI ba="0,1" hai="14,15,36,37,38,39,43,44,91,95,96,97,98,99" machi="98" ten="40,3900,0" yaku="1,1,0,1,53,0" doraHai="110" doraHaiUra="124" who="0" fromWho="0" sc="134,49,453,-13,186,-13,217,-13" /><INIT seed="4,1,0,0,4,74" ten="183,440,173,204" oya="0" hai0="132,6,97,54,27,128,39,10,106,101,125,66,51" hai1="3,73,105,19,15,46,26,38,72,112,70,61,134" hai2="135,2,1,29,124,67,79,20,7,16,126,47,4" hai3="110,120,33,18,113,64,109,108,60,77,58,131,25"/><T56/><D128/><U99/><E3/><N who="2" m="1035" /><F67/><W30/><G131/><T119/><D119/><U78/><E134/><V90/><F90/><W14/><G113/><T11/><D132/><U48/><E38/><V111/><F135/><W82/><G120/><T85/><D125/><N who="2" m="48234" /><F47/><W22/><REACH who="3" step="1"/><G110/><REACH who="3" ten="183,440,173,194" step="2"/><T117/><D117/><U130/><E112/><V53/><F111/><W57/><G57/><T36/><D66/><U24/><E130/><V80/><F53/><W50/><G50/><T43/><D56/><U81/><E70/><V69/><F69/><W102/><G102/><T13/><D54/><U87/><E61/><V98/><F98/><W62/><G62/><T76/><D51/><U75/><E48/><V91/><F91/><W114/><G114/><T55/><D55/><U44/><E44/><V37/><F37/><W59/><G59/><T21/><D36/><U89/><E46/><V5/><F29/><W0/><G0/><T17/><D97/><U94/><REACH who="1" step="1"/><E105/><REACH who="1" ten="183,430,173,194" step="2"/><V83/><F79/><W9/><G9/><AGARI ba="1,2" hai="9,15,19,24,26,72,73,75,78,81,87,89,94,99" machi="9" ten="40,8000,1" yaku="1,1,2,1,52,1,53,1" doraHai="74" doraHaiUra="84" who="1" fromWho="3" sc="183,0,430,103,173,0,194,-83" /><INIT seed="5,0,0,5,4,4" ten="183,533,173,111" oya="1" hai0="45,38,114,75,123,40,121,8,82,63,89,37,66" hai1="2,51,81,125,104,27,117,111,28,54,76,48,16" hai2="42,113,116,13,22,99,55,34,78,86,102,71,62" hai3="12,134,33,11,124,59,36,24,72,43,133,57,126"/><U69/><E104/><V65/><F34/><W94/><G72/><T67/><D89/><U112/><E69/><V118/><F113/><W29/><G94/><T108/><D108/><U46/><E117/><V115/><F115/><W14/><G43/><T127/><D114/><U1/><E112/><V3/><F3/><W20/><G36/><T120/><D127/><N who="3" m="48681" /><G59/><T91/><D91/><U106/><E106/><V105/><F42/><W131/><G57/><T73/><D73/><U32/><E125/><V119/><F55/><W103/><G103/><T95/><D95/><U18/><E51/><V53/><F53/><W25/><G14/><T129/><D82/><U122/><E122/><V44/><F44/><W85/><G85/><T87/><D87/><U21/><E111/><V52/><F52/><W39/><G39/><T90/><D90/><U0/><E81/><V130/><F78/><W7/><G131/><T50/><D75/><U132/><E76/><V6/><F130/><W107/><G107/><T79/><D79/><U92/><E92/><V10/><F86/><W93/><G93/><T96/><D96/><U19/><REACH who="1" step="1"/><E132/><REACH who="1" ten="183,523,173,111" step="2"/><V80/><F119/><W83/><G83/><T26/><D129/><U17/><E17/><AGARI ba="0,1" hai="7,11,12,17,20,24,25,29,33,133,134" m="48681" machi="17" ten="30,7700,0" yaku="18,1,34,2,52,1" doraHai="4" who="3" fromWho="1" sc="183,0,523,-77,173,0,111,87" /><INIT seed="6,0,0,3,2,112" ten="183,446,173,198" oya="2" hai0="106,48,57,82,120,125,108,51,10,130,40,25,19" hai1="37,11,95,3,62,128,71,88,0,99,115,81,103" hai2="105,83,127,8,17,66,126,22,60,16,79,6,85" hai3="116,113,33,110,92,2,36,70,76,63,45,72,53"/><V77/><F105/><W46/><G92/><T69/><D69/><U29/><E37/><V44/><F79/><W26/><G53/><T58/><D106/><U97/><E115/><V1/><F44/><W75/><G46/><T4/><D120/><U52/><E128/><V18/><REACH who="2" step="1"/><F22/><REACH who="2" ten="183,446,163,198" step="2"/><W49/><G45/><N who="0" m="25639" /><D130/><U119/><E119/><V47/><F47/><W124/><G76/><T67/><D108/><U12/><E103/><V90/><F90/><W104/><G110/><T7/><D125/><U28/><E88/><V24/><F24/><W27/><G27/><T107/><D25/><U133/><E133/><V101/><F101/><W43/><G26/><T131/><D107/><U100/><E100/><V94/><F94/><W73/><G104/><T118/><D118/><U39/><E95/><V50/><F50/><W65/><G116/><T87/><D51/><U117/><E117/><V15/><F15/><W64/><G124/><T38/><D131/><U35/><E12/><V54/><F54/><W122/><G113/><T61/><D38/><U109/><E39/><V132/><F132/><W80/><G49/><T84/><D82/><U111/><E81/><V56/><AGARI ba="0,1" hai="1,6,8,16,17,18,56,60,66,77,83,85,126,127" machi="56" ten="30,6000,0" yaku="1,1,0,1,54,1,53,0" doraHai="112" doraHaiUra="86" who="2" fromWho="2" sc="183,-20,446,-20,163,70,198,-20" /><INIT seed="6,1,0,0,3,54" ten="163,426,233,178" oya="2" hai0="128,13,78,6,119,46,37,0,96,72,106,71,111" hai1="43,97,85,121,104,11,27,64,124,10,45,116,73" hai2="131,114,29,24,76,55,66,89,41,99,81,102,38" hai3="82,52,75,88,48,125,74,127,117,5,115,53,70"/><V36/><F114/><W17/><G117/><T61/><D13/><U40/><E73/><V107/><F131/><W57/><G70/><T3/><D111/><U95/><E116/><V69/><F89/><W8/><G115/><T134/><D119/><U50/><E121/><V22/><F41/><W21/><G53/><T16/><D16/><U20/><E104/><V28/><F28/><W60/><G48/><T108/><D108/><U4/><E124/><N who="3" m="47690" /><G8/><T59/><D128/><U62/><E85/><V126/><F126/><W63/><G5/><T14/><D14/><U67/><E43/><V25/><F25/><N who="3" m="14511" /><G63/><T94/><D71/><U113/><E113/><V79/><F79/><W9/><G9/><T18/><D106/><U49/><E49/><V118/><F118/><W129/><G129/><T110/><D110/><U58/><E64/><V56/><F66/><W39/><G39/><T122/><D122/><U77/><E77/><V120/><F69/><W35/><G35/><T86/><D72/><U44/><E44/><V42/><F42/><W15/><G15/><T93/><D46/><U80/><E80/><V133/><F120/><W123/><G123/><T112/><D37/><U100/><E4/><V91/><F38/><W87/><AGARI ba="1,0" hai="52,57,60,74,75,82,87,88" m="14511,47690" machi="87" ten="30,7900,0" yaku="18,1,52,1,54,2" doraHai="54" who="3" fromWho="3" sc="163,-21,426,-21,233,-40,178,82" /><INIT seed="7,0,0,5,5,114" ten="142,405,193,260" oya="3" hai0="43,11,73,94,120,49,52,96,90,75,85,98,5" hai1="40,45,122,68,82,116,39,100,69,113,128,93,56" hai2="26,78,51,63,24,67,111,84,102,88,23,119,108" hai3="35,83,30,0,28,66,125,64,92,53,46,60,13"/><W89/><G0/><T124/><D120/><U15/><E122/><V2/><F2/><W126/><G35/><T25/><D124/><N who="3" m="47721" /><G83/><T131/><D131/><U59/><E93/><V132/><F102/><W34/><G13/><T118/><D43/><U33/><E100/><V57/><F78/><W72/><G72/><T4/><D25/><U91/><E91/><V20/><F26/><N who="3" m="18711" /><G30/><T129/><D129/><U50/><E82/><V10/><F10/><W107/><G107/><T37/><D37/><U22/><E15/><V48/><F23/><W41/><G53/><T31/><D31/><U117/><E22/><V18/><F132/><W70/><G64/><T99/><D118/><N who="1" m="45675" /><E33/><V27/><F119/><W62/><G66/><T16/><D75/><U8/><E8/><V54/><F67/><W44/><G70/><N who="1" m="27242" /><E128/><V110/><F27/><W14/><G14/><T135/><D135/><U133/><E133/><V97/><F97/><N who="0" m="24834" /><T104/><DORA hai="61" /><D104/><U112/><E39/><V80/><AGARI ba="0,0" hai="18,20,24,48,51,54,57,63,80,84,88,108,110,111" machi="80" ten="30,2000,0" yaku="0,1,54,1" doraHai="114,61" who="2" fromWho="2" sc="142,-5,405,-5,193,20,260,-10" owari="137,-36.0,400,50.0,213,-19.0,250,5.0" /></mjloggm>