<mjloggm ver="2.3"><GO type="97" lobby="0"/><UN n0="%E7%BD%AA%E5%AE%89" n1="%E3%82%A6%E3%83%AB%E3%83%88%E3%83%A9%E7%AB%8B%E7%9B%B4" n2="%E3%82%AE%E3%82%A8%E3%83%94%E3%83%BC%EF%BD%97%EF%BD%97%EF%BD%97%EF%BD%97" n3="%E6%B0%B8%E9%81%A0%E3%81%AB%E3%81%92%E3%82%93%E3%81%9F%E3%82%8D" dan="15,15,13,13" rate="2000.61,1951.19,1881.82,1870.82" sx="M,M,M,M"/><TAIKYOKU oya="0"/><INIT seed="0,0,0,5,2,90" ten="250,250,250,250" oya="0" hai0="29,67,18,114,0,84,23,33,26,22,99,73,105" hai1="82,81,63,66,113,13,51,92,31,24,110,101,95" hai2="112,89,118,111,77,12,123,117,50,7,10,54,59" hai3="64,39,60,116,55,83,126,72,65,19,128,14,79"/><T133/><D114/><U106/><E110/><V85/><F77/><W124/><G116/><N who="2" m="44649" /><F112/><W41/><G128/><T58/><D73/><U42/><E113/><V32/><F32/><W102/><G102/><T5/><D133/><U8/><E106/><V130/><F123/><W27/><G27/><T1/><D84/><U25/><E51/><V21/><F130/><W125/><G55/><T4/><D33/><U119/><E42/><V70/><F70/><W49/><G39/><T97/><D105/><U122/><E101/><V80/><F111/><W36/><G36/><T20/><D0/><U135/><E135/><V75/><F21/><N who="3" m="11511" /><G60/><N who="0" m="38295" /><D1/><U43/><E43/><V17/><F75/><W100/><G100/><T37/><D37/><U87/><E122/><V16/><AGARI ba="0,0" hai="7,10,12,16,17,50,54,59,80,85,89" m="44649" machi="16" ten="30,2000,0" yaku="12,1,54,1" doraHai="90" who="2" fromWho="2" sc="250,-10,250,-5,250,20,250,-5" /><INIT seed="1,0,0,2,1,11" ten="240,245,270,245" oya="1" hai0="36,31,39,69,26,122,85,105,9,51,24,61,37" hai1="53,32,90,22,38,119,4,92,133,121,114,83,125" hai2="111,129,60,135,63,46,29,106,45,52,34,91,118" hai3="25,96,67,58,33,110,134,3,116,72,6,86,76"/><U18/><E32/><V27/><F118/><W84/><G58/><T108/><D105/><U68/><E68/><V80/><F106/><W99/><G67/><T16/><D122/><U17/><E38/><V8/><F129/><W95/><G25/><T42/><D108/><U112/><E119/><V113/><F111/><W120/><G6/><T35/><D85/><N who="1" m="50495" /><E121/><V82/><F113/><W62/><G62/><T30/><D69/><U89/><E4/><V20/><F34/><W15/><G15/><T50/><D61/><U74/><E74/><V128/><F128/><W13/><G13/><T59/><D59/><U49/><E125/><V100/><F100/><N who="3" m="60447" /><G3/><T104/><D42/><U7/><E7/><V28/><F135/><W48/><G48/><T77/><D104/><U97/><E133/><V107/><F107/><W115/><G33/><T93/><D77/><U40/><E114/><V43/><F43/><W14/><G110/><T5/><D93/><U78/><E112/><V94/><F8/><W79/><G115/><T56/><D56/><N who="1" m="32815" /><E78/><V47/><F29/><W70/><G70/><T44/><D44/><U1/><E1/><V126/><F126/><W19/><G79/><T123/><D123/><U75/><E40/><V0/><F0/><W57/><G120/><T117/><D117/><U87/><E75/><V66/><F66/><W130/><G116/><T73/><D73/><U124/><E124/><V88/><F63/><W132/><G132/><T81/><D37/><U101/><E22/><V41/><F41/><W10/><G134/><T54/><D39/><U12/><E12/><RYUUKYOKU ba="0,0" sc="240,-10,245,30,270,-10,245,-10" hai1="17,18,87,89,92,97,101" /><INIT seed="1,1,0,3,2,96" ten="230,275,260,235" oya="1" hai0="98,115,61,37,124,123,57,29,134,24,67,128,25" hai1="7,86,33,40,4,0,46,130,87,80,23,65,9" hai2="56,62,112,35,39,74,5,81,21,42,13,73,11" hai3="82,58,47,97,132,99,55,16,72,66,12,94,135"/><U20/><E33/><V27/><F35/><W125/><G125/><T34/><D115/><U110/><E130/><V107/><F107/><W28/><G28/><T78/><D37/><U95/><E110/><V84/><F112/><W59/><G47/><T79/><D128/><U10/><E10/><BYE who="1" /><V114/><F114/><W14/><G14/><T68/><D124/><U76/><E76/><V133/><F39/><W41/><G41/><T38/><D123/><U6/><E6/><V113/><F113/><W106/><G106/><T30/><D38/><U111/><E111/><V122/><F122/><W18/><G18/><T53/><D134/><N who="3" m="51241" /><G66/><UN n1="%E3%82%A6%E3%83%AB%E3%83%88%E3%83%A9%E7%AB%8B%E7%9B%B4" /><T2/><D98/><N who="3" m="37385" /><G94/><T91/><D91/><N who="1" m="53751" /><E65/><V69/><F42/><W75/><G82/><T77/><D2/><U1/><E1/><V100/><F69/><W22/><G59/><T92/><D92/><U129/><E7/><V32/><F133/><W71/><G71/><T118/><D118/><U131/><E131/><V44/><F32/><W119/><G119/><T83/><D68/><U108/><E129/><V93/><F44/><W31/><G31/><T120/><D120/><U64/><E64/><N who="2" m="38983" /><F81/><W105/><G105/><T116/><D116/><U102/><E108/><V48/><F84/><W101/><G101/><T90/><D90/><N who="1" m="51559" /><E102/><V17/><F48/><AGARI ba="1,0" hai="12,16,22,48,55,58,72,75" m="37385,51241" machi="48" ten="30,2000,0" yaku="20,1,54,1" doraHai="96" who="3" fromWho="2" sc="230,0,275,0,260,-23,235,23" /><INIT seed="2,0,0,2,3,81" ten="230,275,237,258" oya="2" hai0="124,35,3,96,102,31,44,69,21,25,125,6,63" hai1="36,29,9,110,117,27,93,119,38,71,7,133,76" hai2="113,108,80,95,65,16,132,105,84,115,33,53,75" hai3="70,74,14,5,128,20,56,17,59,43,46,51,91"/><V12/><F105/><W100/><G70/><T8/><D44/><U127/><E93/><V86/><F33/><W34/><G34/><T87/><D21/><U120/><E76/><V28/><F75/><W78/><G100/><T126/><D69/><U106/><E27/><V66/><F113/><W2/><G128/><T104/><D63/><U30/><E7/><V114/><F115/><W85/><G74/><T97/><D97/><U60/><E9/><N who="2" m="6159" /><F114/><W109/><G78/><T129/><REACH who="0" step="1"/><D87/><REACH who="0" ten="220,275,237,258" step="2"/><U79/><E60/><V73/><F132/><W10/><REACH who="3" step="1"/><G109/><REACH who="3" ten="220,275,237,248" step="2"/><T107/><D107/><U68/><E110/><V45/><F108/><W13/><G13/><T99/><D99/><U82/><E106/><V58/><F73/><W54/><G54/><T130/><AGARI ba="0,2" hai="3,6,8,25,31,35,96,102,104,124,125,126,129,130" machi="130" ten="40,8000,1" yaku="1,1,0,1,18,1,23,2,53,0" doraHai="81" doraHaiUra="40" who="0" fromWho="0" sc="220,100,275,-20,237,-40,248,-20" /><INIT seed="3,0,0,4,0,40" ten="320,255,197,228" oya="3" hai0="19,29,78,76,6,5,20,31,35,17,23,71,58" hai1="87,48,57,54,121,127,112,108,130,104,94,7,129" hai2="135,103,60,122,72,128,8,44,118,79,65,91,42" hai3="126,84,99,4,101,41,82,85,16,27,50,33,114"/><W14/><G114/><T93/><D71/><U89/><E104/><V53/><F118/><W51/><G126/><T105/><D105/><U111/><E121/><V59/><F122/><W10/><G41/><T28/><D35/><U119/><E112/><V11/><F128/><N who="1" m="49257" /><E127/><V70/><F135/><W66/><G66/><T131/><D131/><U74/><E74/><V49/><F103/><W113/><G113/><T9/><D93/><U30/><E119/><V0/><F0/><W106/><G84/><T52/><D9/><U61/><E30/><V55/><F55/><W68/><G68/><T132/><D132/><U107/><E107/><V110/><F110/><W18/><G18/><T117/><D117/><U92/><E7/><N who="0" m="2569" /><D19/><U43/><E94/><V123/><F123/><W15/><G33/><T97/><D97/><U32/><E32/><V90/><F72/><W81/><G27/><N who="0" m="14735" /><D23/><U26/><E26/><V124/><F124/><W73/><G73/><T100/><D100/><U96/><E96/><V67/><F67/><W24/><G24/><T69/><D69/><U88/><E89/><N who="2" m="33803" /><F79/><W75/><G75/><T3/><D3/><U22/><E22/><V80/><F80/><W1/><G1/><T134/><D134/><U102/><E102/><V47/><F47/><AGARI ba="0,0" hai="43,47,48,54,57,61,87,88,92,108,111" m="49257" machi="47" ten="30,3900,0" yaku="19,1,52,1,54,1" doraHai="40" who="1" fromWho="2" sc="320,0,255,39,197,-39,228,0" owari="320,42.0,294,9.0,158,-34.0,228,-17.0" /></mjloggm>