<mjloggm ver="2.3"><GO type="97" lobby="0"/><UN n0="%E3%82%A6%E3%83%AB%E3%83%88%E3%83%A9%E7%AB%8B%E7%9B%B4" n1="%E3%82%A2%E3%83%98%E9%A1%94%EF%BC%B7%EF%BC%B0" n2="%44%69%6E%6F%73%61%75%72" n3="%E3%81%A1%E3%82%8D%E3%82%8B%EF%BC%BA" dan="14,13,14,13" rate="1963.59,1891.80,1917.08,1837.13" sx="M,M,M,M"/><TAIKYOKU oya="0"/><INIT seed="0,0,0,3,5,61" ten="250,250,250,250" oya="0" hai0="65,47,29,27,117,50,125,66,80,102,18,96,116" hai1="2,74,98,39,48,120,63,22,130,12,33,82,83" hai2="114,129,131,100,42,94,30,92,76,81,35,25,90" hai3="57,104,45,105,88,118,41,73,55,126,53,77,46"/><T3/><D3/><U6/><E2/><V15/><F114/><W4/><G118/><T79/><D18/><U95/><E33/><V1/><F1/><W28/><G126/><T9/><D9/><U51/><E39/><V20/><F42/><W134/><G134/><T69/><D125/><U52/><E120/><V23/><F100/><W86/><G73/><T68/><D68/><U44/><E130/><V75/><F94/><W7/><G77/><T59/><D59/><N who="1" m="35303" /><E74/><V10/><F129/><W97/><G105/><T119/><D69/><U87/><E87/><V38/><F38/><W112/><G112/><T64/><D80/><N who="1" m="30763" /><E44/><V54/><F131/><W101/><G46/><T40/><D79/><U71/><E71/><V62/><F62/><W115/><G115/><T17/><D17/><N who="1" m="10535" /><E6/><V36/><F36/><W91/><G7/><T127/><D127/><U70/><E70/><V107/><F107/><W72/><G72/><T21/><REACH who="0" step="1"/><D117/><REACH who="0" ten="240,250,250,250" step="2"/><U8/><E8/><V32/><F10/><W99/><G4/><T121/><D121/><U31/><E31/><V78/><F30/><W0/><G0/><T122/><D122/><U110/><E110/><V89/><F76/><W26/><G26/><T11/><D11/><U123/><E123/><V85/><F75/><W93/><G28/><T128/><D128/><U24/><E24/><V14/><F25/><W135/><G135/><T56/><D56/><U13/><E13/><V113/><F78/><W43/><G57/><T60/><D60/><U132/><E132/><V37/><F14/><W124/><G124/><T19/><D19/><RYUUKYOKU ba="0,1" sc="240,15,250,15,250,-15,250,-15" hai0="21,27,29,40,47,50,64,65,66,96,102,116,119" hai1="48,51,95,98" /><INIT seed="0,1,1,5,5,27" ten="255,265,235,235" oya="0" hai0="45,68,110,6,60,56,50,109,114,8,113,13,106" hai1="25,24,126,122,65,42,90,32,81,22,0,92,101" hai2="85,66,53,59,112,10,39,98,116,19,111,118,73" hai3="105,41,36,57,14,96,108,29,120,21,54,9,28"/><T77/><D106/><U94/><E122/><V74/><F111/><N who="0" m="42506" /><D68/><U99/><E0/><V16/><F112/><W117/><G117/><N who="2" m="45161" /><F39/><W30/><G120/><T51/><D77/><U75/><E126/><V135/><F135/><W55/><G108/><T58/><D58/><U43/><E65/><V130/><F130/><W78/><G78/><T76/><D76/><U97/><E75/><N who="2" m="28683" /><F66/><W1/><G1/><T95/><D95/><U72/><E72/><V132/><F132/><W134/><G134/><T40/><D51/><U61/><E61/><N who="2" m="36079" /><F10/><W80/><G14/><T71/><D71/><U12/><E12/><V104/><F85/><W26/><G9/><T100/><D100/><AGARI ba="1,1" hai="16,19,98,100,104" m="36079,28683,45161" machi="100" ten="30,2000,0" yaku="12,1,54,1" doraHai="27" who="2" fromWho="0" sc="255,-23,265,0,235,33,235,0" /><INIT seed="1,0,0,2,4,25" ten="232,265,268,235" oya="1" hai0="55,124,88,108,85,122,120,26,80,106,50,128,100" hai1="2,121,3,19,135,28,51,105,98,43,4,133,86" hai2="99,16,23,56,5,17,13,0,87,103,35,21,40" hai3="82,101,75,90,102,107,61,32,58,93,39,119,14"/><U130/><E121/><N who="0" m="46697" /><D100/><N who="1" m="62615" /><E130/><V38/><F35/><W126/><G39/><T94/><D106/><U68/><E68/><V9/><F40/><W37/><G37/><T41/><D41/><U127/><E127/><V6/><F38/><W12/><G32/><T7/><D124/><U109/><E109/><V66/><F87/><W57/><G126/><T47/><D108/><U60/><E4/><V104/><F6/><W114/><G114/><T62/><D62/><U116/><E116/><V117/><F117/><W110/><G110/><T30/><D7/><U33/><E60/><V20/><REACH who="2" step="1"/><F17/><REACH who="2" ten="232,265,258,235" step="2"/><W52/><G119/><T15/><D128/><U84/><E19/><V65/><F65/><W53/><G75/><T24/><D80/><U111/><E84/><V77/><F77/><W18/><G107/><T54/><D54/><U81/><E86/><V1/><F1/><W59/><G53/><T34/><D34/><U83/><E81/><V73/><F73/><W49/><G82/><T10/><D30/><U132/><E83/><V11/><F11/><W89/><G18/><T67/><D67/><U115/><E111/><V72/><F72/><W46/><G61/><AGARI ba="0,1" hai="0,5,9,13,16,20,21,23,56,61,66,99,103,104" machi="61" ten="40,2600,0" yaku="1,1,54,1,53,0" doraHai="25" doraHaiUra="129" who="2" fromWho="3" sc="232,0,265,0,258,36,235,-26" /><INIT seed="2,0,0,1,0,126" ten="232,265,294,209" oya="2" hai0="52,124,101,73,113,31,127,123,16,28,50,103,57" hai1="45,20,132,42,110,135,40,130,98,100,120,17,97" hai2="41,14,32,30,66,95,11,54,78,1,83,81,84" hai3="85,125,15,121,29,122,8,62,87,35,67,104,91"/><V0/><F66/><W53/><G125/><N who="0" m="48203" /><D73/><U111/><E120/><V115/><F115/><W105/><G85/><T49/><D123/><U86/><E86/><V26/><F83/><W109/><G109/><N who="1" m="41482" /><E130/><V24/><F41/><N who="1" m="15977" /><E45/><V94/><F26/><W60/><G121/><T64/><D64/><U118/><E118/><V3/><REACH who="2" step="1"/><F54/><REACH who="2" ten="232,265,284,209" step="2"/><W12/><G122/><T68/><D113/><U4/><E135/><V69/><F69/><W119/><G53/><N who="0" m="31919" /><D68/><U74/><E132/><V33/><F33/><W88/><G35/><T6/><D31/><U47/><E4/><AGARI ba="0,1" hai="0,1,3,4,11,14,24,30,32,78,81,84,94,95" machi="4" ten="40,3900,0" yaku="1,1,53,1" doraHai="126" doraHaiUra="27" who="2" fromWho="1" sc="232,0,265,-39,284,49,209,0" /><INIT seed="2,1,0,5,4,28" ten="232,226,333,209" oya="2" hai0="58,56,130,59,47,42,134,83,114,132,71,72,39" hai1="120,106,41,77,25,73,15,30,87,68,60,38,50" hai2="1,57,48,65,40,84,10,90,4,19,94,18,124" hai3="53,85,118,17,63,70,112,93,49,16,102,135,24"/><V22/><F124/><W110/><G118/><T13/><D83/><N who="1" m="45487" /><E87/><V5/><F4/><W43/><G112/><T44/><D13/><U115/><E50/><V91/><F91/><W107/><G107/><T27/><D27/><U109/><E15/><V119/><F119/><W92/><G135/><N who="0" m="51755" /><D72/><U76/><E115/><V23/><F40/><W116/><G116/><T45/><D114/><U36/><E76/><V121/><F121/><W96/><G43/><T103/><D103/><U101/><E120/><V123/><F123/><W108/><G85/><T32/><D32/><N who="1" m="20559" /><E41/><V74/><F74/><W54/><G24/><T2/><D2/><U105/><E109/><N who="3" m="42090" /><G92/><T26/><D26/><U34/><E34/><V35/><F35/><W117/><G117/><T131/><D71/><U80/><E80/><V129/><F129/><AGARI ba="1,0" hai="39,42,44,45,47,56,58,59,129,130,131" m="51755" machi="129" ten="40,8000,1" yaku="19,1,20,1,34,2" doraHai="28" who="0" fromWho="2" sc="232,83,226,0,333,-83,209,0" /><INIT seed="3,0,0,2,5,37" ten="315,226,250,209" oya="3" hai0="9,71,4,119,17,36,3,25,27,62,111,38,56" hai1="90,55,103,60,29,132,39,105,63,33,21,78,15" hai2="110,116,108,58,54,93,117,125,23,122,10,45,124" hai3="34,83,28,131,118,79,77,91,135,95,99,102,123"/><W88/><G34/><T41/><D71/><U104/><E39/><V73/><F73/><N who="3" m="43439" /><G28/><T68/><D68/><U50/><E132/><V13/><F93/><W49/><G49/><T65/><D38/><U80/><E33/><V5/><F45/><W35/><G35/><T94/><D41/><U0/><E0/><V127/><F54/><W74/><G135/><T120/><D36/><U24/><E103/><V51/><F51/><W100/><G123/><T69/><D56/><U86/><E104/><V109/><F58/><W126/><G118/><N who="2" m="45673" /><F122/><W82/><G126/><T98/><D120/><U31/><E105/><V46/><F46/><W47/><G47/><T112/><D62/><N who="1" m="23595" /><E15/><V12/><F23/><W81/><G131/><T16/><D65/><U14/><E14/><AGARI ba="0,0" hai="5,10,12,13,14,108,109,110,124,125,127" m="45673" machi="14" ten="50,8000,1" yaku="14,1,18,1,34,2" doraHai="37" who="2" fromWho="1" sc="315,0,226,-80,250,80,209,0" owari="315,12.0,146,-35.0,330,42.0,209,-19.0" /></mjloggm>