<mjloggm ver="2.3"><GO type="97" lobby="0"/><UN n0="%E7%B4%85%E8%8C%B6%E6%99%82%E9%96%93" n1="%E5%B0%B1%E6%B4%BB%E7%94%9F%40%E5%B7%9D%E6%9D%91%E8%BB%8D%E5%9B%A3" n2="%E3%81%9C%E3%82%93%E3%81%A4%E3%81%81%E5%AB%8C%E3%81%84" n3="%E5%8F%B3%E5%88%A9%E3%81%8D%E9%9B%80%E5%A3%AB" dan="15,13,14,15" rate="1939.20,1912.28,1930.25,2039.25" sx="F,M,M,M"/><TAIKYOKU oya="0"/><INIT seed="0,0,0,1,2,122" ten="250,250,250,250" oya="0" hai0="14,88,6,47,74,73,58,102,51,130,44,93,31" hai1="133,26,43,25,129,54,30,46,29,97,131,35,45" hai2="96,42,79,21,63,91,39,11,95,128,49,83,17" hai3="135,70,66,48,2,116,15,89,77,82,13,3,104"/><T5/><D102/><U37/><E133/><V7/><F128/><W1/><G104/><T33/><D130/><U118/><E118/><V87/><F39/><W36/><G36/><T10/><D6/><U65/><E65/><V78/><F63/><W101/><G101/><T94/><D58/><U19/><E19/><V126/><F126/><W134/><G89/><T0/><D0/><U107/><E46/><V119/><F119/><W117/><G48/><T80/><D47/><U68/><E54/><V69/><F69/><W61/><G15/><T111/><D111/><U100/><REACH who="1" step="1"/><E68/><REACH who="1" ten="250,240,250,250" step="2"/><V106/><F42/><W98/><G117/><T62/><D44/><U71/><E71/><V99/><F17/><W108/><G116/><T76/><D5/><U67/><E67/><V24/><F7/><W18/><G70/><T85/><D31/><U75/><E75/><V112/><F112/><W52/><G66/><T92/><D74/><U105/><E105/><V50/><F106/><W120/><G52/><T86/><D73/><U38/><E38/><V103/><F50/><W12/><G61/><T72/><D72/><U23/><AGARI ba="0,1" hai="23,25,26,29,30,35,37,43,45,97,100,107,129,131" machi="23" ten="30,4000,0" yaku="1,1,0,1,53,1" doraHai="122" doraHaiUra="40" who="1" fromWho="1" sc="250,-20,240,50,250,-10,250,-10" /><INIT seed="1,0,0,4,1,115" ten="230,290,240,240" oya="1" hai0="13,73,55,117,76,41,57,84,72,131,114,109,20" hai1="96,19,35,111,81,99,90,56,134,104,101,9,37" hai2="59,62,27,28,77,95,31,75,3,6,43,5,10" hai3="21,89,126,4,106,78,0,2,88,105,36,87,108"/><U46/><E35/><V24/><F6/><W12/><G36/><T120/><D114/><U66/><E134/><V39/><F95/><W61/><G78/><T123/><D109/><U29/><E111/><V38/><F27/><W32/><G32/><T45/><D131/><U71/><E71/><V119/><F119/><W1/><G89/><T103/><D103/><U30/><E66/><V63/><F63/><W80/><G108/><T48/><D84/><U51/><E56/><V85/><F85/><W110/><G110/><T86/><D86/><U129/><E37/><V44/><F39/><W65/><G126/><T83/><D73/><U60/><E60/><V116/><F24/><W33/><G33/><T67/><D67/><U82/><E129/><V40/><F40/><W26/><G12/><T79/><D79/><U113/><E113/><V125/><F116/><W92/><G4/><T23/><D117/><U25/><E82/><N who="2" m="45375" /><F125/><W18/><REACH who="3" step="1"/><G80/><REACH who="3" ten="230,290,240,230" step="2"/><T127/><D127/><U50/><E81/><V130/><F130/><W124/><G124/><T14/><D14/><U47/><E90/><V107/><F38/><W7/><G7/><T112/><D112/><U11/><E101/><V102/><F102/><W34/><G34/><T91/><D91/><U53/><E99/><V135/><F5/><W121/><G121/><N who="0" m="46667" /><D13/><U93/><E96/><V68/><F135/><W118/><G118/><T97/><D97/><U22/><E104/><V69/><F107/><W58/><AGARI ba="0,1" hai="0,1,2,18,21,26,58,61,65,87,88,92,105,106" machi="58" ten="30,4000,0" yaku="1,1,0,1,54,1,53,0" doraHai="115" doraHaiUra="94" who="3" fromWho="3" sc="230,-10,290,-20,240,-10,230,50" /><INIT seed="2,0,0,2,1,91" ten="220,270,230,280" oya="2" hai0="135,89,59,101,134,44,98,129,93,56,6,109,94" hai1="55,79,100,2,62,70,22,64,123,57,24,65,66" hai2="133,84,120,54,37,18,103,19,78,104,82,106,117" hai3="97,86,110,92,132,47,76,77,9,83,49,51,46"/><V113/><F117/><W88/><G110/><T21/><D109/><U32/><E123/><V8/><F120/><W16/><G132/><N who="0" m="50731" /><D129/><U122/><E122/><V48/><F133/><W60/><G60/><T61/><D6/><U124/><E32/><V25/><F37/><W26/><G77/><T69/><D44/><N who="3" m="16937" /><G26/><T116/><D116/><U107/><E2/><V11/><F113/><W7/><G7/><T102/><D21/><U96/><E124/><V4/><F25/><W74/><G74/><T17/><D17/><U10/><E10/><V72/><F72/><W118/><G118/><T71/><D101/><U121/><E121/><V130/><F130/><W15/><AGARI ba="0,0" hai="9,15,16,49,51,76,83,86,88,92,97" m="16937" machi="15" ten="30,7900,0" yaku="8,1,52,1,54,2" doraHai="91" who="3" fromWho="3" sc="220,-20,270,-20,230,-39,280,79" /><INIT seed="3,0,0,0,1,16" ten="200,250,191,359" oya="3" hai0="75,2,20,34,128,71,108,135,130,22,66,47,111" hai1="21,67,37,125,48,3,36,92,70,10,26,68,72" hai2="127,54,126,122,90,55,132,38,83,115,50,118,42" hai3="100,17,110,33,116,43,99,58,93,133,88,113,65"/><W8/><G116/><T98/><D135/><U69/><E72/><V124/><F132/><W40/><G33/><T102/><D34/><U19/><E125/><V12/><F118/><W0/><G113/><T74/><D2/><U94/><E67/><V24/><F115/><W96/><G110/><N who="0" m="42027" /><D47/><U49/><E3/><V85/><F122/><W82/><G133/><T41/><D41/><U109/><E109/><V89/><F38/><W6/><G17/><T106/><D66/><U15/><E37/><V46/><F12/><W120/><G120/><T63/><D63/><U60/><E60/><V80/><F24/><W123/><G123/><T28/><D71/><U114/><E114/><V95/><F83/><W30/><G30/><T13/><D13/><U45/><E36/><V31/><F31/><W112/><G112/><T23/><D28/><U7/><REACH who="1" step="1"/><E49/><REACH who="1" ten="200,240,191,359" step="2"/><V11/><F11/><W62/><G8/><T64/><D64/><U52/><AGARI ba="0,1" hai="7,10,15,19,21,26,45,48,52,68,69,70,92,94" machi="52" ten="30,8000,1" yaku="1,1,2,1,0,1,52,1,54,1,53,0" doraHai="16" doraHaiUra="101" who="1" fromWho="1" sc="200,-20,240,90,191,-20,359,-40" owari="180,-22.0,330,43.0,171,-33.0,319,12.0" /></mjloggm>