<mjloggm ver="2.3"><GO type="97" lobby="0"/><UN n0="%E3%82%A6%E3%83%AB%E3%83%88%E3%83%A9%E7%AB%8B%E7%9B%B4" n1="%E5%A4%9C%E9%95%B7" n2="%73%75%67%69%7A%61%6B%69" n3="%63%68%63%73%76%32%31" dan="14,14,15,14" rate="1925.15,2039.18,2014.45,1903.92" sx="M,M,M,M"/><TAIKYOKU oya="0"/><INIT seed="0,0,0,2,1,37" ten="250,250,250,250" oya="0" hai0="46,43,118,111,77,18,58,88,97,49,123,127,64" hai1="120,40,8,81,114,90,106,27,115,38,109,119,31" hai2="96,75,84,28,3,45,57,86,121,99,89,39,53" hai3="56,80,63,110,47,74,60,76,50,44,98,7,131"/><T62/><D123/><U85/><E106/><V116/><F121/><W95/><G110/><T36/><D118/><U52/><E119/><V65/><F75/><W93/><G131/><T20/><D111/><U9/><E120/><V102/><F3/><W100/><G95/><N who="0" m="56551" /><D36/><U22/><E109/><V2/><F2/><W135/><G135/><T117/><D127/><U72/><E72/><V19/><F28/><W30/><G30/><T54/><D117/><U91/><E91/><V26/><F116/><W29/><G29/><T126/><D126/><U87/><E87/><V5/><F5/><W25/><G25/><N who="0" m="14487" /><D77/><U0/><E0/><V133/><F133/><W92/><G92/><T83/><D83/><U24/><E24/><V103/><F26/><W23/><G23/><T67/><AGARI ba="0,0" hai="43,46,49,54,58,62,64,67" m="14487,56551" machi="67" ten="30,11700,0" yaku="25,1,8,1,52,1,54,1" doraHai="37" who="0" fromWho="0" sc="250,117,250,-39,250,-39,250,-39" /><INIT seed="0,1,0,3,0,116" ten="367,211,211,211" oya="0" hai0="18,57,33,58,117,75,76,44,83,39,112,74,123" hai1="47,100,65,48,25,16,26,127,40,55,121,24,78" hai2="35,46,62,88,86,135,89,15,64,59,29,87,0" hai3="132,32,77,108,109,104,107,50,4,2,13,61,97"/><T71/><D117/><U95/><E127/><V68/><F0/><W72/><G32/><T7/><D112/><U82/><E65/><V23/><F135/><W21/><G2/><T19/><D71/><U52/><E121/><V103/><F103/><W101/><G132/><T84/><D33/><U122/><E122/><V115/><F115/><W70/><G50/><T85/><D123/><U134/><E134/><V120/><F120/><W73/><G104/><T42/><D75/><U67/><E67/><V79/><F35/><W10/><G21/><T105/><D105/><U80/><E78/><V131/><F131/><W119/><G119/><T43/><D43/><U27/><E95/><V56/><F79/><W12/><G77/><T113/><D113/><U130/><E100/><V114/><F114/><W106/><G13/><T96/><D96/><U36/><E130/><V45/><F68/><W34/><G34/><T51/><D84/><N who="2" m="32298" /><F59/><N who="0" m="22538" /><D39/><U98/><E98/><V28/><F28/><W14/><G14/><T60/><D74/><U81/><REACH who="1" step="1"/><E36/><REACH who="1" ten="367,201,211,211" step="2"/><V94/><F94/><W110/><G106/><T11/><D60/><U3/><E3/><V128/><F128/><W1/><G1/><T69/><D69/><U41/><E41/><V90/><F29/><W133/><G133/><T124/><D124/><U99/><E99/><V93/><F93/><W126/><G126/><T92/><D92/><U111/><E111/><V54/><F64/><AGARI ba="1,1" hai="4,10,12,61,64,70,72,73,97,101,107,108,109,110" machi="64" ten="40,1300,0" yaku="14,1" doraHai="116" who="3" fromWho="2" sc="367,0,201,0,211,-16,211,26" /><INIT seed="1,0,0,0,5,63" ten="367,201,195,237" oya="1" hai0="86,107,126,16,118,93,56,7,115,13,6,33,90" hai1="130,89,0,25,41,83,59,18,9,72,10,1,127" hai2="74,44,88,22,71,102,58,114,123,3,121,35,133" hai3="37,42,84,113,53,112,36,85,69,17,20,79,77"/><U92/><E130/><V32/><F74/><W132/><G69/><T62/><D33/><U120/><E120/><V8/><F102/><W99/><G99/><T109/><D107/><U68/><E68/><V27/><F71/><W52/><G132/><T48/><D109/><U82/><E127/><V94/><F133/><W47/><G47/><T119/><D115/><U43/><E59/><V122/><F44/><W96/><G96/><T29/><D29/><U101/><E101/><V105/><F105/><W46/><G46/><T76/><D119/><U104/><E104/><V54/><F114/><W11/><G20/><N who="0" m="11279" /><D118/><U87/><E18/><V65/><F8/><W23/><G23/><T73/><D73/><U51/><E51/><V30/><F3/><W4/><G17/><T38/><D38/><U135/><E72/><V111/><F111/><W39/><G39/><T70/><D70/><U108/><E108/><V24/><F24/><W34/><G11/><T26/><D26/><U100/><E100/><V97/><REACH who="2" step="1"/><F65/><REACH who="2" ten="367,201,185,237" step="2"/><W15/><G15/><T116/><D116/><U28/><E135/><V103/><F103/><W95/><G34/><T75/><D75/><U66/><E66/><V134/><F134/><W124/><G124/><T106/><D106/><U91/><E25/><V129/><F129/><W12/><G12/><T57/><D126/><U45/><E45/><V61/><AGARI ba="0,1" hai="22,27,30,32,35,54,58,61,88,94,97,121,122,123" machi="61" ten="30,7900,0" yaku="1,1,0,1,54,1,53,1" doraHai="63" doraHaiUra="55" who="2" fromWho="2" sc="367,-20,201,-39,185,89,237,-20" /><INIT seed="2,0,0,2,1,29" ten="347,162,274,217" oya="2" hai0="16,68,17,39,78,28,5,71,19,116,26,60,65" hai1="111,133,36,1,18,99,12,74,37,44,77,132,112" hai2="8,40,25,81,80,125,114,58,120,73,104,100,79" hai3="128,95,15,70,56,63,33,6,67,94,90,126,91"/><V14/><F114/><W24/><G128/><T86/><D39/><U3/><E99/><V88/><F120/><W34/><G126/><T61/><D116/><U48/><E77/><V62/><F125/><W7/><G56/><T46/><D5/><U42/><E74/><V115/><F115/><W11/><G24/><T52/><D86/><U22/><E112/><V93/><F40/><W4/><G15/><T130/><D78/><U85/><E85/><V72/><F25/><W83/><G11/><T127/><D127/><U119/><E119/><V135/><F135/><W27/><G27/><T105/><D105/><U92/><E92/><V82/><F73/><W97/><REACH who="3" step="1"/><G83/><REACH who="3" ten="347,162,274,207" step="2"/><T21/><D130/><U64/><E64/><N who="2" m="38999" /><F72/><W98/><AGARI ba="0,1" hai="4,6,7,33,34,63,67,70,90,91,94,95,97,98" machi="98" ten="30,8000,1" yaku="1,1,0,1,9,1,52,2,53,0" doraHai="29" doraHaiUra="113" who="3" fromWho="3" sc="347,-20,162,-20,274,-40,207,90" /><INIT seed="3,0,0,1,0,79" ten="327,142,234,297" oya="3" hai0="113,71,120,103,43,2,8,85,92,83,114,18,10" hai1="131,68,107,63,105,38,122,21,5,74,98,54,35" hai2="72,116,56,41,130,49,24,16,37,20,101,15,59" hai3="65,82,73,94,32,106,121,11,91,88,12,60,4"/><W133/><G121/><T97/><D71/><U126/><E122/><V44/><F72/><W77/><G32/><T84/><D120/><U1/><E21/><V135/><F135/><W87/><G133/><T0/><D43/><U110/><E54/><V93/><F116/><W45/><G106/><T33/><D33/><U25/><E107/><V57/><F130/><W50/><G73/><T34/><D34/><U9/><E131/><V53/><F101/><W36/><G36/><T39/><D39/><U52/><E52/><V58/><REACH who="2" step="1"/><F93/><REACH who="2" ten="327,142,224,297" step="2"/><W19/><G94/><T86/><D92/><U6/><E6/><V14/><AGARI ba="0,1" hai="14,15,16,20,24,37,41,44,49,53,56,57,58,59" machi="14" ten="30,7900,0" yaku="1,1,2,1,0,1,54,1,53,0" doraHai="79" doraHaiUra="129" who="2" fromWho="2" sc="327,-20,142,-20,224,89,297,-39" owari="307,11.0,122,-38.0,313,41.0,258,-14.0" /></mjloggm>