<mjloggm ver="2.3"><GO type="105" lobby="0"/><UN n0="%E5%A4%8F%E5%B7%9D%E7%9C%9F%E6%B6%BC" n1="%61%73%73%65%72%74%69%76" n2="%E5%B0%B1%E6%B4%BB%E7%94%9F%40%E5%B7%9D%E6%9D%91%E8%BB%8D%E5%9B%A3" n3="%E5%A4%9C%E7%A5%9E%E6%9C%88" dan="14,15,13,13" rate="2125.36,2120.50,1862.39,1895.52" sx="F,M,M,M"/><TAIKYOKU oya="0"/><INIT seed="0,0,0,0,2,82" ten="250,250,250,250" oya="0" hai0="3,51,15,47,12,68,43,20,124,36,104,16,90" hai1="128,40,61,129,41,54,62,66,75,25,133,14,18" hai2="22,76,8,100,116,74,111,50,9,48,125,52,70" hai3="27,46,33,24,17,87,117,114,78,127,120,45,99"/><T95/><D124/><U135/><E75/><V4/><F70/><W28/><G120/><T38/><D3/><U122/><E25/><V91/><F125/><W121/><G127/><T94/><D68/><N who="1" m="42063" /><E14/><V7/><F116/><W73/><G121/><T85/><D104/><U19/><E19/><V67/><F100/><W34/><G117/><T105/><D105/><U89/><E89/><V101/><F67/><W58/><G114/><T63/><D63/><U109/><E18/><V98/><F48/><W44/><G73/><T79/><D79/><U30/><E30/><V65/><F65/><W1/><G1/><T57/><D57/><N who="1" m="35127" /><E122/><V84/><F22/><W81/><G99/><T29/><D29/><U103/><E103/><V132/><F76/><W106/><G106/><T5/><REACH who="0" step="1"/><D95/><REACH who="0" ten="240,250,250,250" step="2"/><U97/><E97/><V80/><F74/><W126/><G126/><T49/><D49/><U31/><E31/><V37/><F37/><W59/><G33/><T56/><D56/><U113/><E113/><V55/><F50/><W64/><G64/><T112/><D112/><U11/><E11/><AGARI ba="0,1" hai="5,11,12,15,16,20,36,38,43,47,51,85,90,94" machi="11" ten="40,7700,0" yaku="1,1,52,1,54,1,53,0" doraHai="82" doraHaiUra="118" who="0" fromWho="1" sc="240,87,250,-77,250,0,250,0" /><INIT seed="0,1,0,3,1,60" ten="327,173,250,250" oya="0" hai0="122,3,44,102,71,39,26,61,14,52,86,41,94" hai1="129,120,55,31,12,19,118,97,58,35,125,11,128" hai2="67,30,105,114,64,90,106,133,1,21,109,22,95" hai3="7,16,108,92,34,104,130,5,53,29,69,103,18"/><T85/><D122/><U63/><E118/><V82/><F1/><W51/><G69/><T59/><D3/><U75/><E75/><V17/><F114/><W123/><G123/><T124/><D124/><U40/><E120/><V84/><F109/><W49/><G104/><T6/><D26/><U54/><E125/><V113/><F113/><W10/><G108/><T100/><D71/><U93/><E40/><V119/><F119/><W87/><G130/><N who="1" m="50282" /><E35/><V131/><F131/><W72/><G72/><T42/><D42/><U135/><E31/><V8/><F133/><W78/><G34/><T79/><D79/><U116/><E116/><V81/><F106/><W27/><G7/><T56/><D14/><U74/><E74/><V68/><F68/><W66/><G66/><N who="2" m="25129" /><F105/><W57/><G29/><T37/><D6/><U15/><E15/><N who="2" m="7399" /><F30/><W62/><G27/><T99/><D37/><U73/><E73/><V70/><F70/><W9/><G5/><T24/><D24/><U45/><E135/><V23/><AGARI ba="1,0" hai="21,22,23,81,82,84,90,95" m="7399,25129" machi="23" ten="30,7900,0" yaku="8,1,52,3" doraHai="60" who="2" fromWho="2" sc="327,-40,173,-21,250,82,250,-21" /><INIT seed="1,0,0,5,0,111" ten="287,152,332,229" oya="1" hai0="11,53,117,118,28,81,45,93,61,16,44,14,108" hai1="23,78,42,31,17,92,121,37,5,15,43,47,58" hai2="36,51,130,86,76,74,99,100,125,67,20,128,98" hai3="63,115,95,94,57,25,80,105,102,71,38,4,33"/><U72/><E121/><V135/><F36/><W73/><G38/><T113/><D108/><U39/><E58/><V30/><F74/><W62/><G4/><T75/><D28/><U3/><E31/><V112/><F125/><W133/><G133/><T48/><D113/><U83/><E92/><V0/><F135/><W24/><G33/><T50/><D93/><U101/><E101/><V132/><F0/><W109/><G105/><T89/><D75/><U34/><E34/><V70/><F132/><W22/><G109/><T60/><D118/><U27/><E39/><V65/><F51/><W127/><G127/><T8/><D8/><U124/><E43/><V97/><F100/><W82/><G71/><T131/><D131/><N who="2" m="50218" /><F70/><W120/><G120/><T35/><D35/><U122/><E122/><V26/><F112/><W19/><G73/><T107/><D107/><U41/><E41/><V2/><F2/><W90/><G115/><T79/><D117/><U29/><E124/><V84/><F84/><N who="3" m="52551" /><G24/><T54/><D79/><U91/><E91/><V40/><F40/><W12/><G25/><T64/><D64/><U119/><E119/><V69/><F69/><W96/><G63/><T66/><D66/><AGARI ba="0,0" hai="12,19,22,57,62,66,80,82,95,96,102" m="52551" machi="66" ten="30,1000,0" yaku="8,1" doraHai="111" who="3" fromWho="0" sc="287,-10,152,0,332,0,229,10" /><INIT seed="2,0,0,0,3,37" ten="277,152,332,239" oya="2" hai0="32,77,12,70,104,135,3,36,79,45,106,73,90" hai1="46,119,100,107,109,30,83,51,117,20,122,76,43" hai2="24,17,39,64,61,19,67,114,48,58,59,131,125" hai3="85,101,129,53,2,49,52,95,110,62,57,7,123"/><V121/><F39/><W134/><G123/><T120/><D32/><U87/><E109/><V54/><F121/><W105/><G110/><T126/><D120/><U93/><E122/><V128/><F114/><W133/><G105/><T28/><D3/><U98/><E30/><V115/><F115/><W50/><G2/><T113/><D113/><U127/><E127/><V44/><F125/><W40/><G7/><T116/><D135/><N who="3" m="51721" /><G129/><T96/><D70/><U11/><E20/><V75/><F75/><W92/><G101/><T9/><D28/><U132/><E132/><V81/><F81/><W130/><G130/><N who="2" m="49705" /><F24/><W47/><G85/><T86/><D45/><AGARI ba="0,0" hai="40,45,47,49,50,52,53,57,62,92,95" m="51721" machi="45" ten="30,3900,0" yaku="20,1,52,1,54,1" doraHai="37" who="3" fromWho="0" sc="277,-39,152,0,332,0,239,39" /><INIT seed="3,0,0,2,2,69" ten="238,152,332,278" oya="3" hai0="98,107,9,126,110,38,94,11,120,116,18,123,17" hai1="76,75,3,78,109,112,2,37,47,35,88,125,63" hai2="77,33,30,13,103,122,84,24,86,95,27,31,135" hai3="16,54,106,66,14,64,56,46,114,129,51,36,97"/><W8/><G114/><T101/><D116/><U132/><E35/><V21/><F135/><W119/><G119/><T115/><D126/><U71/><E112/><V85/><F122/><W117/><G117/><T133/><D115/><U130/><E109/><V53/><F77/><W19/><G129/><T79/><D133/><U83/><E132/><V68/><F68/><W121/><G121/><T74/><D110/><U60/><E125/><V28/><F13/><W128/><G128/><T113/><D113/><U96/><E71/><V43/><F43/><W105/><G19/><T73/><D38/><U34/><E34/><V59/><F31/><W48/><G36/><T49/><D49/><U67/><E67/><V50/><F103/><W72/><G72/><T0/><D0/><U20/><E20/><V39/><F39/><W41/><REACH who="3" step="1"/><G97/><REACH who="3" ten="238,152,332,268" step="2"/><T22/><D18/><U80/><E130/><V55/><F55/><W42/><G42/><T44/><D123/><U124/><E124/><V70/><F70/><W87/><G87/><T108/><D120/><U15/><E75/><V10/><F10/><W4/><G4/><T58/><D17/><U89/><E96/><V118/><F118/><W29/><G29/><T134/><D9/><U91/><E37/><V45/><F95/><W93/><G93/><T61/><D94/><U5/><E5/><V127/><F127/><W1/><G1/><T99/><D11/><U104/><E3/><V12/><F12/><W131/><G131/><T40/><D74/><U7/><E15/><V57/><AGARI ba="0,1" hai="21,24,27,28,30,33,45,50,53,57,59,84,85,86" machi="57" ten="30,1100,0" yaku="0,1" doraHai="69" who="2" fromWho="2" sc="238,-3,152,-3,332,21,268,-5" /><INIT seed="4,0,0,0,0,20" ten="235,149,353,263" oya="0" hai0="47,30,83,100,78,22,103,118,57,85,124,52,127" hai1="128,80,18,91,15,23,114,12,132,34,6,49,0" hai2="93,107,43,135,108,17,133,60,10,134,50,11,69" hai3="130,5,104,96,41,90,26,106,58,77,1,46,72"/><T125/><D118/><U70/><E70/><V38/><F107/><W76/><G130/><T31/><D47/><U99/><E34/><V101/><F38/><N who="3" m="21815" /><G77/><T4/><D4/><U119/><E119/><V87/><F108/><W75/><G58/><T105/><D105/><N who="3" m="40553" /><G90/><T122/><D122/><U74/><E74/><N who="3" m="28202" /><G96/><T95/><D95/><U42/><E91/><N who="2" m="53503" /><F101/><N who="0" m="38986" /><D22/><U116/><E23/><V131/><F131/><W13/><G76/><T28/><D28/><U53/><E99/><V48/><F17/><W3/><G13/><T16/><D16/><U9/><E18/><V54/><F43/><W88/><G88/><T73/><D73/><U82/><E42/><V68/><F50/><AGARI ba="0,0" hai="30,31,50,52,57,78,83,85,124,125,127" m="38986" machi="50" ten="30,2900,0" yaku="18,1,54,1" doraHai="20" who="0" fromWho="2" sc="235,29,149,0,353,-29,263,0" /><INIT seed="4,1,0,3,3,67" ten="264,149,324,263" oya="0" hai0="64,82,22,60,37,98,42,62,4,89,110,124,126" hai1="18,108,106,34,83,5,24,116,41,19,47,32,85" hai2="104,31,10,46,121,93,38,39,27,88,127,66,92" hai3="43,114,119,130,29,97,13,74,76,75,111,52,68"/><T2/><D110/><U96/><E108/><V86/><F104/><W113/><G43/><T132/><D132/><U51/><E116/><V101/><F121/><W40/><G40/><T61/><D22/><U84/><E5/><V70/><F127/><N who="0" m="48682" /><D4/><U78/><E106/><V54/><F10/><W91/><G29/><T107/><D2/><U95/><E85/><V65/><F39/><W30/><G30/><T100/><D42/><U1/><E1/><V87/><F38/><W94/><G111/><T7/><D7/><U50/><E50/><N who="2" m="29015" /><F70/><W120/><G119/><T131/><D37/><U45/><E45/><V17/><F31/><W109/><G109/><T123/><D131/><U73/><E73/><V102/><F17/><W105/><G130/><T118/><D123/><U71/><E71/><V103/><F27/><W53/><G120/><T15/><D118/><U59/><E59/><V25/><F25/><W77/><G105/><T115/><D115/><N who="3" m="44041" /><G13/><T79/><D15/><U58/><E24/><V3/><F3/><W125/><G125/><T36/><D36/><U117/><E117/><V133/><F133/><W56/><G68/><N who="0" m="42007" /><D89/><AGARI ba="1,0" hai="65,66,86,87,88,89,92,93,101,102,103" m="29015" machi="89" ten="30,2000,0" yaku="8,1,54,1" doraHai="67" who="2" fromWho="0" sc="264,-23,149,0,324,23,263,0" /><INIT seed="5,0,0,3,2,49" ten="241,149,347,263" oya="1" hai0="24,48,81,40,9,73,122,4,123,74,70,6,103" hai1="109,66,26,22,50,11,105,124,115,84,1,85,21" hai2="5,119,133,37,88,46,90,118,27,36,93,71,2" hai3="41,69,55,53,97,10,131,54,61,51,112,59,34"/><U43/><E105/><V134/><F71/><W18/><G34/><T100/><D70/><U35/><E115/><V3/><F27/><W96/><G69/><T82/><D24/><U62/><E124/><V110/><F110/><W128/><G112/><T17/><D40/><U30/><E109/><V15/><F15/><N who="3" m="7543" /><G41/><T52/><D48/><U127/><E127/><V7/><F93/><W33/><G33/><T129/><D9/><U98/><E98/><N who="3" m="37994" /><G61/><T89/><D17/><U72/><E72/><V65/><F46/><W116/><G116/><T79/><D129/><U29/><E1/><V16/><F16/><W86/><G86/><N who="1" m="33386" /><E35/><V76/><F65/><W114/><G114/><T38/><D89/><U19/><E11/><V64/><F64/><W125/><G125/><T14/><D38/><U47/><E22/><V120/><REACH who="2" step="1"/><F76/><REACH who="2" ten="241,149,337,263" step="2"/><W121/><G121/><AGARI ba="0,1" hai="2,3,5,7,36,37,88,90,118,119,120,121,133,134" machi="121" ten="25,8000,1" yaku="1,1,2,1,22,2,54,1,53,0" doraHai="49" doraHaiUra="25" who="2" fromWho="3" sc="241,0,149,0,337,90,263,-80" /><INIT seed="6,0,0,4,3,101" ten="241,149,427,183" oya="2" hai0="61,129,108,52,8,30,43,40,68,80,45,99,71" hai1="11,64,16,98,111,42,27,15,93,112,56,39,1" hai2="53,107,86,46,47,88,65,31,26,133,50,59,37" hai3="62,63,135,36,0,78,130,4,110,10,123,2,102"/><V113/><F107/><W104/><G123/><T118/><D30/><U96/><E111/><V57/><F113/><W75/><G110/><T23/><D8/><U90/><E112/><V77/><F77/><W34/><G36/><T51/><D23/><N who="1" m="13799" /><E39/><V18/><F133/><W81/><G135/><T3/><D80/><U109/><E1/><V105/><F105/><W74/><G130/><T19/><D99/><N who="1" m="57783" /><E42/><N who="0" m="15913" /><D19/><N who="1" m="8703" /><E109/><V89/><F18/><W72/><G2/><T121/><D3/><U117/><E117/><V82/><F89/><W119/><G119/><T24/><D118/><U92/><E92/><V125/><F125/><W12/><G12/><T87/><D108/><U131/><E131/><V115/><F115/><W17/><G17/><T35/><D35/><U9/><E9/><V76/><F76/><W134/><G134/><T38/><D121/><U106/><E106/><V5/><F5/><W95/><G95/><T41/><D87/><U83/><E83/><V79/><F79/><W132/><G132/><T29/><D129/><U13/><E13/><V127/><F127/><W58/><G34/><T60/><D24/><U97/><E64/><V124/><F124/><W33/><G33/><T100/><D29/><U122/><E122/><V85/><F85/><W44/><G44/><N who="0" m="27751" /><D100/><U128/><E128/><V21/><F37/><W66/><G102/><T114/><D114/><U70/><E70/><AGARI ba="0,0" hai="38,41,45,60,61,68,70,71" m="27751,15913" machi="70" ten="30,12000,2" yaku="35,5,54,1" doraHai="101" who="0" fromWho="1" sc="241,120,149,-120,427,0,183,0" /><INIT seed="7,0,0,0,0,66" ten="361,29,427,183" oya="3" hai0="33,105,24,60,2,65,78,35,134,101,46,73,132" hai1="95,67,11,94,58,118,64,86,50,85,6,25,44" hai2="10,12,77,81,47,91,74,16,62,8,110,106,19" hai3="124,117,1,75,4,83,90,14,28,103,131,31,5"/><W7/><G117/><T29/><D2/><U120/><E120/><V42/><F106/><W15/><G103/><T119/><D119/><U98/><E118/><V3/><F110/><W99/><G124/><T57/><D46/><U130/><E130/><V61/><F91/><W123/><G131/><T0/><D0/><U133/><E133/><N who="0" m="51305" /><D73/><U56/><E25/><V40/><F40/><W52/><G123/><T116/><D78/><U107/><E107/><V13/><REACH who="2" step="1"/><F3/><REACH who="2" ten="361,29,417,183" step="2"/><W92/><G75/><T45/><D116/><U69/><E6/><V51/><AGARI ba="0,1" hai="8,10,12,13,16,19,42,47,51,61,62,74,77,81" machi="51" ten="20,12000,2" yaku="1,1,2,1,0,1,7,1,9,1,54,1,53,1" doraHai="66" doraHaiUra="104" who="2" fromWho="2" sc="361,-30,29,-30,417,130,183,-60" owari="331,13.0,-1,-50.0,547,65.0,123,-28.0" /></mjloggm>