<mjloggm ver="2.3"><GO type="41" lobby="0"/><UN n0="%E5%B0%B1%E6%B4%BB%E7%94%9F%40%E5%B7%9D%E6%9D%91%E8%BB%8D%E5%9B%A3" n1="%E3%81%8C%E3%83%BC%E3%81%AD%E3%81%A3%E3%81%A8" n2="%E6%94%BE%E9%80%81%E3%81%AA%E3%81%85" n3="%E3%82%B4%E3%83%9E" dan="15,15,13,15" rate="1977.38,2006.08,1928.81,1901.26" sx="M,F,M,M"/><TAIKYOKU oya="0"/><INIT seed="0,0,0,4,5,4" ten="250,250,250,250" oya="0" hai0="60,105,11,122,0,57,131,112,102,15,16,71,41" hai1="133,28,46,89,1,121,58,39,125,108,7,124,26" hai2="100,130,126,3,101,54,91,14,67,63,118,92,98" hai3="65,109,56,115,82,33,135,79,66,80,120,70,75"/><T97/><D122/><U53/><E121/><V111/><F126/><N who="1" m="48745" /><E133/><V2/><F130/><W24/><G120/><T123/><D131/><U106/><E108/><V37/><F111/><W104/><G109/><T8/><D123/><U52/><E106/><V5/><F118/><W119/><G119/><T47/><D112/><U17/><E17/><V74/><F37/><W22/><G104/><T132/><D132/><U103/><E103/><V78/><F54/><W21/><G115/><T90/><D90/><U96/><E39/><V61/><F61/><W51/><G66/><T94/><D105/><U128/><E46/><V83/><F14/><W31/><G24/><T13/><D0/><U29/><E128/><V48/><F48/><W36/><G51/><N who="0" m="27119" /><D71/><U117/><E117/><V42/><F42/><W69/><G70/><T114/><D114/><U40/><E40/><V73/><F73/><W10/><G69/><T20/><D13/><U19/><E1/><V87/><F5/><W6/><G75/><T77/><D77/><U18/><E7/><V129/><F101/><W85/><G79/><T113/><D113/><U64/><E89/><V76/><F76/><W35/><G135/><T45/><D45/><U81/><E81/><V62/><F129/><W84/><G80/><T34/><D34/><U95/><E95/><V9/><F3/><N who="3" m="351" /><G82/><T99/><D97/><U23/><E96/><V110/><F110/><W127/><G35/><T68/><D68/><U59/><E29/><V43/><F2/><W12/><G127/><T25/><D25/><U88/><E88/><N who="2" m="55559" /><F78/><W72/><G33/><RYUUKYOKU ba="0,0" sc="250,30,250,-10,250,-10,250,-10" hai0="8,11,15,16,20,57,60,94,99,102" /><INIT seed="0,1,0,0,1,11" ten="280,240,240,240" oya="0" hai0="41,115,104,89,70,26,121,51,22,1,18,66,85" hai1="132,80,46,71,16,53,33,122,4,72,124,90,94" hai2="114,74,60,19,43,88,35,47,111,29,56,27,112" hai3="10,91,135,13,78,105,32,12,39,61,110,123,45"/><T113/><D121/><U100/><E122/><V87/><F74/><W23/><G110/><T17/><D1/><U21/><E33/><V59/><F59/><W14/><G135/><T131/><D104/><U68/><E132/><V38/><F111/><W95/><G32/><T25/><D131/><U82/><E4/><V69/><F69/><W107/><G123/><T7/><D7/><U5/><E5/><V44/><F44/><W129/><G129/><T64/><D70/><U130/><E130/><V49/><F38/><W8/><G78/><T134/><D134/><U40/><E124/><V76/><F76/><W109/><G109/><T99/><D99/><N who="1" m="59511" /><E72/><V36/><F36/><W103/><G61/><T62/><D62/><U30/><E68/><V79/><F79/><W117/><G117/><T50/><D41/><U83/><E40/><V52/><REACH who="2" step="1"/><F19/><REACH who="2" ten="280,240,230,240" step="2"/><W0/><G39/><T57/><D115/><U96/><E71/><V118/><F118/><W84/><G45/><T2/><D113/><U48/><E16/><V81/><AGARI ba="1,1" hai="27,29,35,43,47,49,52,56,60,81,87,88,112,114" machi="81" ten="20,8000,1" yaku="1,1,0,1,7,1,54,2,53,0" doraHai="11" doraHaiUra="63" who="2" fromWho="2" sc="280,-41,240,-21,230,93,240,-21" /><INIT seed="1,0,0,5,1,37" ten="239,219,323,219" oya="1" hai0="63,23,98,58,132,22,31,39,65,92,126,134,1" hai1="73,12,2,95,26,18,107,114,133,86,49,56,44" hai2="77,68,74,85,20,61,112,70,40,54,24,41,123" hai3="10,19,6,52,64,121,67,81,110,103,79,36,62"/><U25/><E107/><V99/><F74/><W118/><G121/><T30/><D1/><U78/><E2/><V128/><F123/><W76/><G110/><T7/><D39/><U29/><E114/><V91/><F70/><W113/><G113/><T89/><D7/><U57/><E133/><N who="0" m="51305" /><D126/><U14/><E73/><V135/><F135/><W109/><G109/><T11/><D11/><N who="1" m="6431" /><E14/><V96/><F128/><W94/><G118/><T97/><D97/><N who="2" m="37450" /><F68/><W124/><G36/><T48/><D48/><U80/><E95/><N who="2" m="54767" /><F77/><W38/><G79/><T55/><D65/><U15/><E15/><V47/><F112/><W33/><G67/><T34/><D34/><U90/><E78/><V16/><F47/><W51/><G38/><T102/><D102/><U69/><E69/><V108/><F108/><W27/><G103/><T106/><D106/><U75/><E75/><V119/><F119/><W60/><G124/><T120/><D120/><U21/><E25/><V131/><F131/><W117/><G27/><T5/><D5/><U82/><E82/><V88/><F88/><W45/><G6/><T42/><D42/><AGARI ba="0,0" hai="21,26,29,42,44,49,56,57,80,86,90" m="6431" machi="42" ten="30,2900,0" yaku="8,1,52,1" doraHai="37" who="1" fromWho="0" sc="239,-29,219,29,323,0,219,0" /><INIT seed="1,1,0,1,0,119" ten="210,248,323,219" oya="1" hai0="2,5,75,84,10,3,27,16,78,85,71,111,20" hai1="83,21,90,80,43,72,46,32,11,54,123,93,39" hai2="49,42,69,110,35,107,70,36,116,108,102,115,6" hai3="38,34,12,58,60,127,122,9,109,44,117,48,125"/><U47/><E32/><V15/><F116/><W65/><G109/><N who="2" m="42089" /><F35/><W62/><G117/><T73/><D111/><U133/><E123/><V82/><F36/><W41/><G122/><T50/><D71/><U92/><E133/><V0/><F0/><W132/><G34/><T94/><D3/><U121/><E121/><V63/><F63/><N who="3" m="38135" /><G132/><T87/><D78/><U64/><E64/><V88/><F102/><W95/><G95/><T67/><D67/><U124/><E124/><N who="3" m="47690" /><G38/><T113/><D113/><U101/><E101/><V130/><F107/><W26/><G26/><T79/><D79/><U24/><E72/><V86/><F130/><W4/><AGARI ba="1,0" hai="4,9,12,41,44,48,60,62" m="47690,38135" machi="4" ten="30,1100,0" yaku="18,1" doraHai="119" who="3" fromWho="3" sc="210,-4,248,-6,323,-4,219,14" /><INIT seed="2,0,0,1,0,103" ten="206,242,319,233" oya="2" hai0="94,113,110,86,116,1,83,8,76,131,11,75,45" hai1="9,99,65,41,70,90,43,27,118,115,120,62,79" hai2="46,14,25,67,40,6,7,88,133,52,87,134,10" hai3="100,73,98,4,23,55,80,47,68,58,82,16,109"/><V20/><F67/><W50/><G109/><T95/><D113/><U49/><E115/><V3/><F3/><W21/><G68/><T0/><D110/><U84/><E118/><V15/><F15/><N who="3" m="9375" /><G73/><T78/><D131/><U97/><E120/><V96/><F96/><W119/><G119/><T22/><D116/><U60/><E79/><V72/><F72/><W64/><G4/><T39/><D22/><U91/><E9/><V126/><F126/><W37/><G37/><T57/><D57/><N who="1" m="37007" /><E62/><V56/><F7/><W130/><G23/><T77/><D8/><U135/><E135/><V19/><F40/><N who="1" m="15433" /><E27/><V104/><F46/><W34/><G34/><T89/><D39/><U81/><E70/><V5/><F104/><W12/><G12/><T2/><D45/><U128/><E128/><V59/><F5/><W35/><G35/><T17/><D11/><U122/><E122/><V44/><F44/><W71/><G71/><T32/><D32/><U54/><E91/><V24/><F24/><W51/><G130/><T121/><D121/><U106/><E106/><V102/><F102/><W105/><G64/><T111/><D111/><U124/><E124/><V112/><F112/><W63/><G63/><T28/><D28/><U29/><E29/><V85/><F59/><AGARI ba="0,0" hai="49,54,59,81,84,90,97,99" m="15433,37007" machi="59" ten="30,1000,0" yaku="8,1" doraHai="103" who="1" fromWho="2" sc="206,0,242,10,319,-10,233,0" /><INIT seed="3,0,0,2,4,0" ten="206,252,309,233" oya="3" hai0="91,17,45,84,18,30,3,28,72,46,14,24,117" hai1="21,109,55,130,56,22,80,62,100,96,68,34,59" hai2="126,98,42,129,4,54,52,39,10,132,8,83,115" hai3="73,134,51,87,76,101,36,103,48,111,13,23,107"/><W12/><G36/><T89/><D72/><U7/><E34/><V31/><F115/><W29/><G73/><T121/><D121/><U133/><E109/><V102/><F126/><W127/><G111/><T105/><D117/><U5/><E68/><V64/><F129/><W119/><G119/><T20/><D105/><U57/><E130/><V37/><F132/><W32/><G127/><T11/><D3/><U95/><E133/><V93/><F31/><W116/><G116/><T99/><D99/><U125/><E125/><V135/><F135/><W19/><G134/><T15/><D91/><U69/><E69/><V79/><F10/><W38/><G38/><T58/><D58/><N who="1" m="22635" /><E80/><V53/><F64/><W40/><G107/><T35/><REACH who="0" step="1"/><D28/><REACH who="0" ten="196,252,309,233" step="2"/><U113/><E113/><V77/><F77/><W128/><G76/><T61/><D61/><U82/><E82/><AGARI ba="0,1" hai="11,14,15,17,18,20,24,30,35,45,46,82,84,89" machi="82" ten="30,2000,0" yaku="1,1,7,1,53,0" doraHai="0" doraHaiUra="110" who="0" fromWho="1" sc="196,30,252,-20,309,0,233,0" /><INIT seed="4,0,0,0,0,108" ten="226,232,309,233" oya="0" hai0="87,81,134,12,58,116,75,80,18,53,91,100,131" hai1="57,66,34,23,95,43,55,130,8,31,122,3,14" hai2="84,39,44,38,50,30,35,107,49,71,135,47,51" hai3="90,48,20,129,4,125,6,79,72,60,24,132,76"/><T16/><D116/><U27/><E122/><V26/><F107/><W1/><G132/><T32/><D134/><U2/><E43/><V110/><F135/><W114/><G129/><T103/><D131/><U28/><E130/><V77/><F110/><W21/><G125/><T109/><D109/><U70/><E95/><V118/><F71/><W25/><G60/><T98/><D32/><U92/><E92/><V10/><F118/><W29/><G48/><T0/><D0/><U128/><E128/><V17/><F39/><W115/><G90/><T40/><D40/><U89/><E89/><V63/><F63/><W113/><G72/><T124/><D124/><U19/><E70/><V45/><F38/><W11/><G4/><T96/><D18/><AGARI ba="0,0" hai="1,6,11,18,20,21,24,25,29,76,79,113,114,115" machi="18" ten="40,8000,1" yaku="15,1,52,3" doraHai="108" who="3" fromWho="0" sc="226,-80,232,0,309,0,233,80" /><INIT seed="5,0,0,0,1,102" ten="146,232,309,313" oya="1" hai0="29,26,123,106,54,129,52,83,79,1,114,11,121" hai1="88,131,55,37,44,65,73,72,6,36,82,119,113" hai2="130,87,58,85,69,98,57,95,34,23,135,122,21" hai3="17,47,66,96,50,9,24,86,68,108,94,25,117"/><U0/><E119/><V134/><F122/><N who="0" m="46602" /><D114/><U133/><E65/><V10/><F34/><W111/><G117/><T2/><D129/><U132/><E131/><V80/><F69/><W90/><G68/><T62/><D106/><U39/><E113/><V91/><F10/><W120/><G120/><T93/><D93/><U41/><E55/><N who="0" m="21033" /><D11/><N who="1" m="2503" /><E72/><V67/><F85/><W3/><G86/><N who="0" m="48511" /><D62/><U128/><E128/><V115/><F130/><W78/><G94/><T38/><D38/><N who="1" m="14955" /><E88/><N who="2" m="51303" /><F115/><W32/><G90/><T27/><D27/><U31/><E31/><V100/><F91/><W110/><G25/><T76/><D76/><AGARI ba="0,0" hai="39,41,44,73,76,82,132,133" m="14955,2503" machi="76" ten="30,2900,0" yaku="25,1,23,1" doraHai="102" who="1" fromWho="0" sc="146,-29,232,29,309,0,313,0" /><INIT seed="5,1,0,1,4,41" ten="117,261,309,313" oya="1" hai0="111,52,121,5,61,119,81,17,69,89,84,116,7" hai1="38,46,125,122,21,126,75,3,60,11,0,1,88" hai2="27,114,51,108,71,131,49,31,19,53,50,99,23" hai3="48,130,6,22,133,62,35,98,56,18,132,63,93"/><U66/><E122/><V37/><F37/><W90/><G130/><T58/><D121/><U86/><E75/><V32/><F108/><W24/><G6/><T100/><D111/><U94/><E21/><V110/><F110/><W57/><G35/><T113/><D113/><U30/><E30/><V34/><F131/><W87/><G87/><T12/><D100/><U29/><E29/><V20/><F114/><W64/><REACH who="3" step="1"/><G48/><REACH who="3" ten="117,261,309,303" step="2"/><T105/><D105/><U44/><E38/><V40/><F32/><W74/><G74/><T96/><D96/><U135/><E135/><V127/><F34/><W13/><G13/><T102/><D102/><U45/><REACH who="1" step="1"/><E11/><REACH who="1" ten="117,251,309,303" step="2"/><V107/><F40/><W8/><G8/><T76/><D119/><U16/><E16/><V4/><F4/><W78/><G78/><T80/><D116/><U25/><E25/><V97/><F31/><W82/><G82/><T39/><D39/><U118/><E118/><V104/><F27/><W109/><G109/><T9/><REACH who="0" step="1"/><D69/><AGARI ba="1,2" hai="0,1,3,44,45,46,60,66,69,86,88,94,125,126" machi="69" ten="50,12000,1" yaku="1,1,52,3,54,1,53,0" doraHai="41" doraHaiUra="117" who="1" fromWho="0" sc="117,-123,251,143,309,0,303,0" owari="-6,-51.0,394,50.0,309,11.0,303,-10.0" /></mjloggm>