<mjloggm ver="2.3"><GO type="193" lobby="0"/><UN n0="%E5%B0%B1%E6%B4%BB%E7%94%9F%40%E5%B7%9D%E6%9D%91%E8%BB%8D%E5%9B%A3" n1="%E3%82%B3%E3%83%BC%E3%83%B3%E3%82%B5%E3%83%A9%E3%83%80" n2="%E7%B4%80%E4%B9%8B%E4%BB%8B" n3="%74%68%65%43%4C%41%53%48" dan="12,12,14,12" rate="1807.38,1748.91,1888.47,1707.68" sx="M,M,M,M"/><TAIKYOKU oya="0"/><INIT seed="0,0,0,0,2,119" ten="250,250,250,250" oya="0" hai0="23,68,56,106,8,54,29,128,57,51,87,59,9" hai1="95,52,75,123,39,64,108,125,37,88,27,98,47" hai2="78,48,33,22,122,73,89,7,0,83,14,117,16" hai3="116,42,30,58,35,69,100,34,118,112,62,77,99"/><T101/><D68/><U66/><E108/><V104/><F104/><W109/><G58/><T12/><D128/><U131/><E131/><V92/><F33/><W84/><G84/><T86/><D106/><U10/><E75/><V114/><F114/><W5/><G30/><T11/><D101/><U135/><E135/><V97/><F117/><W113/><G5/><T2/><D2/><U13/><E125/><V15/><F0/><W41/><G77/><T36/><D36/><U63/><E39/><V129/><F129/><W65/><G100/><T133/><D133/><U103/><E27/><V76/><F76/><W4/><G4/><T105/><D105/><U50/><E37/><V1/><F1/><W55/><G99/><T124/><D124/><U132/><E132/><V6/><F122/><W31/><G31/><T70/><D70/><U46/><E123/><V38/><F38/><W61/><G69/><T28/><D12/><U96/><E63/><V93/><F15/><W94/><G94/><T60/><D56/><U82/><E47/><V19/><F19/><W134/><G134/><T91/><D23/><U110/><E82/><V24/><F24/><W85/><G85/><N who="0" m="32267" /><D91/><U74/><E74/><V40/><F92/><W21/><G21/><T20/><D20/><U18/><E110/><V26/><F26/><W53/><G65/><AGARI ba="0,0" hai="8,9,11,28,29,51,54,57,59,60,65" m="32267" machi="65" ten="30,1500,0" yaku="8,1" doraHai="119" who="0" fromWho="3" sc="250,15,250,0,250,0,250,-15" /><INIT seed="0,1,0,0,2,20" ten="265,250,250,235" oya="0" hai0="103,48,40,87,117,13,98,27,89,5,74,44,19" hai1="76,41,113,122,99,123,49,104,30,72,11,127,129" hai2="94,22,121,14,78,42,28,65,68,120,24,85,97" hai3="119,84,80,88,124,18,2,105,50,6,21,59,33"/><T79/><D117/><U35/><E127/><V47/><F68/><W16/><G124/><T3/><D3/><U134/><E129/><V37/><F65/><W70/><G70/><T52/><D74/><U71/><E134/><V12/><F120/><W115/><G115/><T83/><D5/><U62/><E113/><V1/><F1/><W7/><G119/><T96/><D79/><U32/><E11/><V106/><F106/><W126/><G105/><T36/><D27/><N who="1" m="18527" /><E49/><V101/><F121/><W110/><G126/><T31/><D31/><U58/><E58/><V25/><REACH who="2" step="1"/><F24/><REACH who="2" ten="265,250,240,235" step="2"/><W10/><G2/><T133/><D133/><U114/><E114/><V118/><F118/><W51/><G33/><T39/><D103/><U38/><E123/><V86/><F86/><W73/><G73/><T92/><D98/><U8/><E122/><V116/><F116/><W57/><G18/><T46/><D96/><U63/><E71/><V82/><AGARI ba="1,1" hai="12,14,22,25,28,37,42,47,78,82,85,94,97,101" machi="82" ten="30,7900,0" yaku="1,1,0,1,52,1,53,1" doraHai="20" doraHaiUra="93" who="2" fromWho="2" sc="265,-40,250,-21,240,92,235,-21" /><INIT seed="1,0,0,2,2,2" ten="225,229,332,214" oya="1" hai0="51,26,63,67,22,18,77,78,134,128,32,95,126" hai1="20,21,85,40,133,66,124,8,97,35,83,103,107" hai2="59,113,29,88,45,132,135,24,11,65,55,36,0" hai3="119,115,74,93,118,53,44,15,104,64,123,105,94"/><U89/><E124/><V58/><F113/><W81/><G64/><T106/><D106/><N who="3" m="41065" /><G53/><T110/><D126/><U87/><E133/><N who="2" m="51275" /><F88/><W69/><G44/><T122/><D122/><U130/><E130/><V27/><F65/><W79/><G15/><T54/><D128/><U46/><E35/><N who="2" m="20903" /><F27/><W43/><G43/><T114/><D114/><U71/><E71/><V39/><F45/><W84/><G69/><T5/><D134/><U17/><E66/><V49/><F59/><W121/><G115/><T101/><D110/><U76/><E8/><V68/><F68/><W6/><G6/><AGARI ba="0,0" hai="0,6,11,36,39,49,55,58" m="20903,51275" machi="6" ten="30,2000,0" yaku="20,1,52,1" doraHai="2" who="2" fromWho="3" sc="225,0,229,0,332,20,214,-20" /><INIT seed="2,0,0,4,2,110" ten="225,229,352,194" oya="2" hai0="12,9,119,56,105,44,99,25,104,114,36,91,46" hai1="96,15,118,128,95,23,42,121,92,127,26,72,21" hai2="108,82,73,10,98,78,7,5,17,31,124,38,18" hai3="89,129,45,88,131,69,22,55,62,19,4,11,113"/><V85/><F38/><W134/><G134/><T133/><D119/><U101/><E127/><V2/><F124/><W117/><G117/><T125/><D125/><U52/><E128/><N who="3" m="49226" /><G69/><T111/><D133/><U135/><E135/><V51/><F108/><W87/><G89/><T30/><D111/><U123/><E118/><V47/><F7/><W77/><G77/><T3/><D3/><U75/><E42/><V27/><F98/><W40/><G55/><T83/><D114/><U14/><E92/><V90/><F73/><W76/><G76/><T130/><D130/><U68/><E68/><V49/><F78/><W67/><G19/><T16/><D36/><U41/><E41/><V35/><REACH who="2" step="1"/><F51/><REACH who="2" ten="225,229,342,194" step="2"/><N who="3" m="27047" /><G22/><T13/><D99/><U32/><E75/><V63/><F63/><W1/><G62/><T97/><D105/><U54/><E72/><V100/><F100/><W8/><G67/><T71/><D104/><U24/><E101/><V65/><F65/><W94/><G11/><T86/><D97/><U34/><E96/><V112/><F112/><AGARI ba="0,1" hai="1,4,8,87,88,94,112,113" m="27047,49226" machi="112" ten="30,7700,0" yaku="19,1,52,2,54,1" doraHai="110" who="3" fromWho="2" sc="225,0,229,0,342,-77,194,87" /><INIT seed="3,0,0,0,3,19" ten="225,229,265,281" oya="3" hai0="37,58,71,51,79,70,34,84,47,78,129,8,46" hai1="82,24,68,77,0,103,62,14,63,65,69,122,85" hai2="44,4,101,100,16,1,92,13,96,102,74,59,54" hai3="109,115,118,20,89,132,130,87,94,35,48,98,119"/><W17/><G35/><T95/><D34/><U3/><E122/><V99/><F74/><W43/><G115/><T23/><D129/><U56/><E103/><N who="2" m="39499" /><F1/><W108/><G130/><T111/><D111/><N who="3" m="42569" /><G132/><T75/><D75/><U110/><E110/><V116/><F116/><W81/><G43/><T114/><D114/><U80/><E24/><V125/><F125/><W52/><G98/><T131/><D70/><U105/><E105/><V25/><F99/><W61/><G61/><T41/><D71/><U60/><E82/><V64/><F64/><W11/><G11/><T124/><D8/><U73/><E73/><V121/><F121/><W22/><G81/><T36/><D124/><U18/><E56/><V76/><F76/><W134/><G134/><T128/><D58/><U33/><E33/><V15/><F44/><N who="3" m="27655" /><G17/><T5/><D41/><U31/><E31/><V26/><F4/><W38/><G38/><T127/><D127/><U120/><E120/><V27/><F16/><W133/><G133/><T66/><D66/><U106/><E106/><V57/><F57/><W9/><G9/><T67/><D67/><U72/><E72/><V50/><AGARI ba="0,0" hai="13,15,25,26,27,50,54,59,92,96,102" m="39499" machi="50" ten="30,1100,0" yaku="8,1" doraHai="19" who="2" fromWho="2" sc="225,-3,229,-3,265,11,281,-5" /><INIT seed="4,0,0,1,3,126" ten="222,226,276,276" oya="0" hai0="79,57,55,15,116,93,72,43,68,92,18,73,38" hai1="111,124,104,133,52,114,60,59,12,112,71,35,107" hai2="25,21,119,101,95,13,0,17,63,46,30,78,31" hai3="9,77,100,70,8,132,5,26,118,127,105,49,36"/><T37/><D116/><U58/><E124/><V102/><F119/><W113/><G118/><T85/><D68/><U135/><E111/><V16/><F0/><W56/><G132/><N who="1" m="50762" /><E35/><V87/><F46/><W33/><G127/><T34/><D34/><U41/><E12/><N who="2" m="9351" /><F31/><W4/><G113/><N who="1" m="43626" /><E41/><V88/><F78/><W22/><G36/><T134/><D134/><U3/><E3/><V80/><F63/><W82/><G105/><N who="1" m="40522" /><E59/><V11/><F80/><W130/><G56/><T20/><D43/><U48/><E71/><V122/><F122/><W86/><G70/><T62/><D38/><U103/><E103/><N who="2" m="39435" /><F30/><W66/><G100/><T10/><D37/><U23/><E23/><V7/><F25/><W6/><G33/><T84/><D72/><U96/><E96/><V54/><F54/><W61/><G66/><T110/><D110/><U42/><E42/><V106/><F106/><W120/><G120/><T128/><D73/><U2/><E2/><V129/><F7/><W45/><G4/><T89/><D10/><U75/><E75/><V14/><F14/><W90/><G9/><T108/><D108/><U97/><E97/><V121/><F121/><W47/><G8/><T24/><D24/><U69/><E69/><V115/><F115/><W44/><G5/><T94/><D128/><U123/><E123/><V27/><F27/><W74/><G130/><T28/><D28/><U81/><E81/><AGARI ba="0,0" hai="15,18,20,55,57,62,79,81,84,85,89,92,93,94" machi="81" ten="40,2000,0" yaku="8,1" doraHai="126" who="0" fromWho="1" sc="222,20,226,-20,276,0,276,0" /><INIT seed="4,1,0,2,1,5" ten="242,206,276,276" oya="0" hai0="106,47,86,51,67,65,18,72,114,68,34,122,107" hai1="12,56,30,58,49,36,88,87,7,80,14,94,40" hai2="109,128,79,118,91,132,54,57,8,77,83,111,43" hai3="1,103,13,32,9,52,97,22,59,42,4,81,62"/><T19/><D72/><U23/><E36/><V24/><F43/><W129/><G129/><T105/><D34/><U20/><E80/><V26/><F128/><W64/><G32/><T45/><D122/><U123/><E123/><V63/><F132/><W75/><G42/><T113/><D86/><U35/><E35/><V124/><F124/><W131/><G131/><T120/><D68/><U38/><E38/><V25/><F118/><W10/><G22/><N who="1" m="8234" /><E30/><V50/><F91/><W66/><G81/><T92/><D92/><U44/><E14/><V70/><F70/><W73/><G64/><N who="0" m="24651" /><D51/><U95/><E94/><V11/><F63/><W85/><G66/><T117/><D117/><U134/><E134/><V55/><F55/><W29/><G29/><T108/><D108/><U115/><E115/><N who="0" m="44041" /><D120/><U46/><E46/><AGARI ba="1,0" hai="18,19,45,46,47,105,106,107" m="44041,24651" machi="46" ten="40,7700,0" yaku="28,2,15,1" doraHai="5" who="0" fromWho="1" sc="242,80,206,-80,276,0,276,0" owari="322,41.0,126,-37.0,276,8.0,276,-12.0" /></mjloggm>