<mjloggm ver="2.3"><GO type="65" lobby="0"/><UN n0="%E5%B0%B1%E6%B4%BB%E7%94%9F%40%E5%B7%9D%E6%9D%91%E8%BB%8D%E5%9B%A3" n1="%61%62%61%73%69%72%69" n2="%79%75%69%68%6A%6B" n3="%74%6B%79%6B%6B%6E%64" dan="7,0,4,5" rate="1643.30,1500.00,1537.91,1679.27" sx="M,M,M,M"/><TAIKYOKU oya="0"/><INIT seed="0,0,0,0,4,19" ten="250,250,250,250" oya="0" hai0="117,14,134,43,45,42,129,44,71,135,128,25,111" hai1="116,113,103,54,110,4,115,22,74,5,26,20,50" hai2="17,72,121,126,120,83,40,18,84,73,23,53,104" hai3="70,56,64,131,39,7,91,61,0,87,89,38,132"/><T49/><D25/><U107/><E74/><V47/><F104/><W109/><G132/><N who="0" m="50731" /><D14/><U31/><E116/><V85/><F126/><W52/><G109/><T79/><D79/><U12/><E110/><V13/><F53/><W2/><G131/><N who="0" m="50251" /><D111/><U62/><E62/><V112/><F112/><N who="1" m="43081" /><E103/><V66/><F66/><W68/><G68/><T122/><D71/><U67/><E67/><V98/><F98/><W36/><G91/><T92/><D92/><U51/><E107/><V46/><F18/><W34/><G34/><T108/><D108/><U118/><E118/><V86/><F121/><W58/><G70/><T60/><D117/><U55/><E12/><V37/><F120/><W125/><G125/><T33/><D33/><N who="1" m="20727" /><E55/><V63/><F63/><W3/><G7/><N who="1" m="2634" /><E50/><V96/><F96/><W1/><N who="3" m="512" /><DORA hai="114" /><W105/><G105/><T82/><D82/><U6/><N who="1" m="2642" /><U100/><DORA hai="99" /><E100/><V95/><F95/><W32/><G32/><T15/><D15/><U16/><E54/><V93/><F93/><W28/><G28/><T97/><D97/><U35/><E51/><V65/><F65/><W21/><G58/><T106/><D106/><U119/><E35/><V29/><F29/><W11/><G11/><T90/><D90/><U9/><E119/><V78/><F47/><W124/><G124/><T94/><D94/><U30/><E30/><V27/><F27/><W75/><G75/><T8/><D122/><U127/><E127/><V81/><F73/><W48/><G64/><T123/><D123/><U130/><E130/><V88/><AGARI ba="0,0" hai="13,17,23,37,40,46,72,78,81,83,84,85,86,88" machi="88" ten="20,5200,0" yaku="0,1,7,1,52,1,54,1" doraHai="19,114,99" who="2" fromWho="2" sc="250,-26,250,-13,250,52,250,-13" /><INIT seed="1,0,0,5,2,114" ten="224,237,302,237" oya="1" hai0="121,94,127,32,64,44,105,76,20,113,17,77,9" hai1="5,36,55,87,98,47,71,83,40,57,72,96,95" hai2="129,85,108,33,132,79,97,54,106,13,128,102,35" hai3="118,34,42,120,51,37,27,66,21,8,107,111,12"/><U61/><E5/><V75/><F75/><W43/><G107/><T7/><D32/><U68/><E72/><V65/><F65/><W2/><G120/><T6/><D105/><U26/><E26/><V14/><F132/><W11/><G111/><T16/><D121/><U70/><REACH who="1" step="1"/><E95/><REACH who="1" ten="224,227,302,237" step="2"/><V45/><F108/><W46/><G34/><T93/><D113/><U109/><E109/><V82/><F35/><W50/><G66/><T130/><D130/><N who="2" m="50282" /><F33/><W52/><G2/><T25/><D127/><U117/><E117/><V81/><F81/><W84/><G118/><T62/><D93/><U69/><N who="1" m="17920" /><DORA hai="38" /><U19/><E19/><V134/><F134/><W104/><G104/><T74/><D94/><U123/><E123/><V23/><F23/><W48/><G37/><T41/><D17/><U90/><AGARI ba="0,1" hai="36,40,47,55,57,61,83,87,90,96,98" m="17920" machi="90" ten="60,12000,1" yaku="1,1,0,1,52,1,53,1" doraHai="114,38" doraHaiUra="59,119" who="1" fromWho="1" sc="224,-40,227,130,302,-40,237,-40" /><INIT seed="1,1,0,2,5,96" ten="184,357,262,197" oya="1" hai0="78,39,3,88,19,50,73,86,72,126,29,5,2" hai1="35,22,119,101,60,107,18,99,111,59,46,120,65" hai2="52,131,128,112,84,130,67,43,45,61,7,11,10" hai3="6,17,70,106,105,92,47,121,55,75,124,113,64"/><U129/><E120/><V87/><F112/><W31/><G121/><T4/><D39/><U135/><E119/><V122/><F122/><W118/><G113/><T100/><D126/><U127/><E127/><V103/><F103/><W80/><G124/><T48/><D29/><U134/><E35/><V116/><F116/><W36/><G118/><T20/><D78/><U74/><E74/><V40/><F7/><W104/><G31/><T58/><D3/><U26/><E129/><V109/><F109/><W98/><G6/><T30/><D30/><U79/><E79/><V38/><F40/><W8/><G70/><T14/><D100/><U95/><E111/><V24/><F24/><W115/><G115/><T93/><D48/><U83/><E83/><V56/><REACH who="2" step="1"/><F67/><REACH who="2" ten="184,357,252,197" step="2"/><W90/><G64/><T23/><D4/><U85/><E107/><V117/><F117/><W27/><G27/><T44/><D2/><U66/><E66/><V53/><F53/><W9/><G17/><T77/><D5/><U76/><E135/><V125/><F125/><W81/><G55/><T132/><D132/><U28/><E134/><V49/><F49/><W21/><G21/><T32/><D32/><U12/><E28/><V102/><F102/><W108/><G108/><T71/><D23/><U37/><E26/><V63/><F63/><W91/><G47/><T68/><D20/><U57/><E46/><V97/><F97/><W15/><G36/><T82/><D19/><U94/><E37/><V51/><F51/><W42/><G42/><BYE who="3" /><T62/><D44/><U34/><E34/><V25/><F25/><RYUUKYOKU ba="1,1" sc="184,-10,357,-10,252,30,197,-10" hai2="10,11,38,43,45,52,56,61,84,87,128,130,131" /><INIT seed="2,2,1,4,2,17" ten="174,347,282,187" oya="2" hai0="35,97,103,39,95,129,115,59,31,118,27,53,116" hai1="73,0,88,99,135,61,7,102,64,1,74,67,84" hai2="45,68,2,49,34,98,109,19,78,122,28,48,51" hai3="57,23,125,75,92,5,91,94,121,107,37,134,29"/><V77/><F122/><W44/><G44/><T106/><D39/><U54/><E135/><V13/><F2/><W108/><G108/><T42/><D115/><U18/><E18/><V90/><F68/><W24/><G24/><T132/><D42/><U3/><E7/><V86/><F109/><W85/><G85/><T32/><D129/><U43/><E43/><V38/><F98/><W79/><G79/><T25/><D132/><U8/><E8/><V46/><F34/><W41/><G41/><T100/><D100/><U58/><E54/><V83/><F38/><W133/><G133/><T10/><D10/><U89/><E67/><V114/><F114/><W128/><G128/><T55/><D106/><U20/><E20/><N who="2" m="11375" /><F28/><W52/><G52/><T123/><D123/><U21/><E21/><V65/><F65/><W69/><G69/><T16/><D55/><U120/><E120/><V12/><F12/><W36/><G36/><T124/><D124/><U14/><E14/><V4/><F4/><W11/><G11/><T60/><REACH who="0" step="1"/><D35/><REACH who="0" ten="164,347,282,187" step="2"/><U96/><E102/><V6/><F6/><W80/><G80/><T131/><D131/><U66/><E66/><V76/><AGARI ba="2,2" hai="45,46,48,49,51,76,77,78,83,86,90" m="11375" machi="76" ten="30,3000,0" yaku="8,1,52,1" doraHai="17" who="2" fromWho="2" sc="164,-12,347,-12,282,56,187,-12" /><INIT seed="2,3,0,5,2,102" ten="152,335,338,175" oya="2" hai0="75,34,12,9,13,104,17,106,36,97,20,87,11" hai1="135,28,90,44,47,27,33,40,58,105,121,134,35" hai2="38,73,107,0,128,37,51,132,91,8,6,21,78" hai3="31,3,60,117,129,43,71,101,54,133,50,48,98"/><V14/><F132/><N who="1" m="50729" /><E58/><V93/><F107/><W130/><G130/><T96/><D75/><U59/><E59/><V86/><F128/><W16/><G16/><T123/><D36/><N who="1" m="21511" /><E90/><V85/><F73/><W92/><G92/><T1/><D123/><U77/><E77/><V88/><F78/><W41/><G41/><T42/><D42/><U127/><E121/><V99/><F99/><W32/><G32/><T110/><D34/><N who="1" m="20767" /><E127/><V74/><F74/><W18/><G18/><T100/><D110/><U94/><E94/><V46/><F0/><W63/><G63/><T49/><D1/><U29/><E47/><V66/><F66/><W55/><G55/><T115/><D115/><U83/><E29/><V76/><F76/><W53/><G53/><T19/><D49/><U26/><E83/><V4/><F21/><W103/><G103/><T68/><D87/><U65/><E65/><V120/><F120/><W113/><G113/><T39/><D39/><U131/><E131/><V5/><F38/><W84/><G84/><T111/><D111/><U64/><E64/><V67/><F37/><W119/><G119/><T89/><D68/><U15/><E26/><V23/><F23/><W118/><G118/><T62/><D62/><U2/><E2/><V124/><F124/><W122/><G122/><T61/><D61/><U82/><E15/><V114/><F114/><W125/><G125/><T126/><D126/><U30/><E82/><N who="2" m="49207" /><F67/><W10/><G10/><T112/><D112/><U7/><E7/><V57/><F57/><W70/><G70/><T108/><D108/><U81/><E81/><RYUUKYOKU ba="3,0" sc="152,-10,335,-10,338,30,175,-10" hai2="4,5,6,8,14,46,51,86,91,93" /><INIT seed="2,4,0,2,2,89" ten="142,325,368,165" oya="2" hai0="77,49,101,69,126,44,64,58,135,131,116,71,40" hai1="34,8,76,47,100,108,1,128,130,109,129,66,104" hai2="94,30,120,33,50,2,106,84,22,127,29,36,83" hai3="10,43,132,55,42,91,24,26,117,45,119,87,54"/><V102/><F120/><W90/><G90/><T16/><D77/><U74/><E47/><V63/><F36/><W20/><G20/><T9/><D116/><U79/><E66/><V121/><F121/><W92/><G92/><T123/><D123/><U32/><E79/><V113/><F113/><W67/><G67/><T38/><D131/><U134/><E134/><V97/><F2/><W6/><G6/><T0/><D135/><U57/><E57/><V21/><F33/><N who="1" m="12905" /><E76/><V3/><F3/><W17/><G17/><T51/><D126/><U27/><E27/><V35/><F35/><W23/><G23/><T110/><D110/><N who="1" m="42603" /><E100/><V18/><F127/><W70/><G70/><T19/><D101/><U88/><E74/><V105/><F22/><W65/><G65/><T99/><D99/><U37/><E88/><V82/><F63/><W98/><G98/><T13/><D0/><U95/><E95/><V86/><F106/><W125/><G125/><T5/><D69/><U112/><E112/><V59/><F105/><W39/><G39/><T85/><D85/><N who="2" m="32874" /><F59/><W11/><G11/><T68/><D68/><U53/><E37/><V115/><F115/><W118/><G118/><T122/><D122/><U41/><E104/><V15/><F50/><N who="0" m="18954" /><D71/><U75/><E75/><V72/><F72/><W107/><G107/><T93/><D93/><U81/><E81/><AGARI ba="4,0" hai="15,18,21,29,30,81,82,83,94,97,102" m="32874" machi="81" ten="30,2900,0" yaku="8,1,52,1" doraHai="89" who="2" fromWho="1" sc="142,0,325,-41,368,41,165,0" /><INIT seed="2,5,0,5,3,49" ten="142,284,409,165" oya="2" hai0="118,75,76,123,30,61,128,66,89,57,43,46,110" hai1="103,64,92,115,1,6,86,105,37,99,26,22,35" hai2="34,10,91,98,63,107,72,83,4,125,36,96,132" hai3="109,24,80,27,55,65,25,134,135,106,40,93,81"/><V73/><F36/><W68/><G68/><T94/><D118/><U3/><E115/><V58/><F132/><W48/><G48/><T121/><D110/><U7/><E37/><V53/><F125/><W100/><G100/><T20/><D128/><U74/><E35/><V31/><F96/><W87/><G87/><T126/><D126/><U122/><E74/><V108/><F108/><W120/><G120/><T41/><D75/><U102/><E122/><V39/><F39/><W77/><G77/><T33/><D33/><U47/><E64/><V56/><F34/><W59/><G59/><T131/><D76/><U113/><E113/><V11/><F31/><W79/><G79/><T52/><D131/><U85/><E47/><V16/><F58/><W42/><G42/><T116/><D116/><U67/><E67/><V21/><F10/><W18/><G18/><T104/><D104/><U17/><E105/><V90/><F72/><W62/><G62/><T45/><D121/><U119/><E119/><V82/><F73/><W117/><G117/><T0/><D0/><U78/><E78/><V29/><F29/><W13/><G13/><T32/><D123/><U54/><E3/><N who="2" m="415" /><F107/><W5/><G5/><N who="1" m="1546" /><E1/><V101/><F101/><W15/><G15/><T133/><D32/><U9/><E103/><V69/><F69/><W130/><G130/><T97/><D133/><U50/><E9/><V111/><F111/><W8/><G8/><T70/><D70/><U60/><E60/><V19/><F98/><W2/><G2/><T38/><D38/><U84/><E84/><N who="2" m="50455" /><F21/><W23/><G23/><RYUUKYOKU ba="5,0" sc="142,-15,284,15,409,15,165,-15" hai1="17,22,26,50,54,85,86,92,99,102" hai2="16,19,53,56,63,83,91" /><INIT seed="2,6,0,5,3,0" ten="127,299,424,150" oya="2" hai0="10,109,54,75,95,62,23,16,45,124,42,60,26" hai1="108,35,133,44,86,114,106,113,51,37,8,52,22" hai2="92,46,88,59,112,93,61,14,68,55,36,67,56" hai3="89,123,48,122,21,15,39,20,40,70,78,38,57"/><V64/><F112/><W76/><G76/><T41/><D75/><U130/><E106/><V58/><F14/><W65/><G65/><T24/><D109/><U85/><E35/><V111/><F111/><W33/><G33/><T4/><D124/><U120/><E108/><V34/><F34/><W97/><G97/><T63/><D26/><U91/><E37/><V27/><F27/><W134/><G134/><T74/><D74/><U73/><E73/><V117/><F117/><W100/><G100/><T96/><D54/><U5/><E133/><V1/><F1/><W9/><G9/><T81/><D81/><U19/><E130/><V80/><F80/><W2/><G2/><T25/><D25/><U18/><E120/><V119/><F119/><W107/><G107/><T90/><REACH who="0" step="1"/><D45/><REACH who="0" ten="117,299,424,150" step="2"/><U126/><E126/><V71/><F93/><W47/><G47/><T128/><D128/><U135/><E135/><V125/><F125/><W43/><G43/><T66/><D66/><N who="2" m="25130" /><F92/><W77/><G77/><T131/><D131/><U31/><E114/><V101/><F101/><W121/><G121/><T49/><D49/><U17/><E113/><V7/><F88/><W110/><G110/><T98/><D98/><U104/><E91/><V127/><F127/><W12/><G12/><AGARI ba="6,1" hai="4,10,12,16,23,24,41,42,60,62,63,90,95,96" machi="12" ten="40,8000,1" yaku="1,1,8,1,52,1,54,1,53,1" doraHai="0" doraHaiUra="94" who="0" fromWho="3" sc="117,108,299,0,424,0,150,-98" /><INIT seed="3,0,0,2,4,41" ten="225,299,424,52" oya="3" hai0="39,110,24,88,125,35,130,99,33,21,28,58,36" hai1="50,91,124,128,69,22,13,123,15,72,54,107,80" hai2="38,70,18,86,121,63,103,114,59,100,9,132,131" hai3="30,14,2,19,12,29,75,102,32,134,90,44,11"/><W55/><G55/><T105/><D125/><U7/><E123/><V119/><F114/><W10/><G10/><T78/><D130/><U25/><E107/><V127/><F119/><W115/><G115/><T8/><D110/><U62/><E124/><V27/><F127/><W67/><G67/><T20/><D78/><U71/><E128/><V17/><F131/><W108/><G108/><T74/><D74/><U111/><E111/><V60/><F38/><W118/><G118/><T6/><D35/><U82/><E62/><V96/><F132/><W0/><G0/><T1/><D39/><U51/><E72/><V116/><F116/><W92/><G92/><T66/><D36/><U135/><E135/><V64/><F121/><W52/><G52/><T89/><D105/><U109/><E109/><V73/><F73/><W97/><G97/><T56/><D66/><U16/><E50/><V94/><F103/><W87/><G87/><T126/><D126/><U31/><E71/><V5/><F86/><W117/><G117/><T43/><D43/><U61/><E69/><V104/><F104/><W42/><G42/><T85/><D99/><U93/><E61/><V23/><F17/><W3/><G3/><T106/><D106/><U47/><E7/><V81/><F81/><N who="1" m="31337" /><E31/><V34/><F34/><W83/><G83/><T113/><D113/><U122/><E122/><V112/><F112/><W77/><G77/><T26/><D33/><U65/><E65/><N who="2" m="39071" /><F5/><W48/><G48/><T37/><D37/><U57/><E57/><N who="0" m="22121" /><D85/><AGARI ba="0,0" hai="13,15,16,22,25,47,51,54,85,91,93" m="31337" machi="85" ten="30,3900,0" yaku="8,1,52,1,54,1" doraHai="41" who="1" fromWho="0" sc="225,-39,299,39,424,0,52,0" owari="186,-21.0,338,14.0,424,52.0,52,-45.0" /></mjloggm>