<mjloggm ver="2.3"><GO type="97" lobby="0"/><UN n0="%72%61%72%66%69%6C%65" n1="%46%43" n2="%74%6F%73%68%69%32%33%35" n3="%E3%82%A6%E3%83%AB%E3%83%88%E3%83%A9%E7%AB%8B%E7%9B%B4" dan="14,13,15,14" rate="1915.15,1867.32,1981.80,1934.69" sx="M,M,M,M"/><TAIKYOKU oya="0"/><INIT seed="0,0,0,4,1,77" ten="250,250,250,250" oya="0" hai0="80,48,44,35,88,103,56,46,24,107,25,131,124" hai1="108,40,38,26,90,95,72,106,114,27,67,78,18" hai2="15,125,104,52,59,66,12,11,83,127,47,17,7" hai3="29,132,130,22,134,79,75,128,120,100,50,96,62"/><T34/><D131/><N who="3" m="50217" /><G120/><T94/><D124/><N who="2" m="47690" /><F104/><W112/><G112/><T122/><D122/><U49/><E106/><V21/><F47/><W9/><G9/><T42/><D107/><U70/><E114/><V33/><F33/><W31/><G50/><T69/><D69/><U51/><E108/><V53/><F83/><N who="3" m="45567" /><G62/><AGARI ba="0,0" hai="7,11,12,15,17,21,52,53,59,62,66" m="47690" machi="62" ten="30,2000,0" yaku="18,1,54,1" doraHai="77" who="2" fromWho="3" sc="250,0,250,0,250,20,250,-20" /><INIT seed="1,0,0,3,3,52" ten="250,250,270,230" oya="1" hai0="46,50,57,73,49,124,108,4,38,122,128,112,116" hai1="43,93,115,25,14,67,69,37,77,132,10,134,95" hai2="72,75,94,40,28,80,8,120,26,117,79,3,45" hai3="89,121,62,86,27,30,19,107,48,103,76,29,1"/><U110/><E115/><V66/><F120/><W51/><G1/><T20/><D4/><U31/><E77/><V131/><F117/><W0/><G0/><T78/><D116/><U90/><E37/><N who="2" m="21647" /><F75/><W133/><G133/><N who="1" m="51306" /><E43/><V111/><F66/><W84/><G103/><T15/><D122/><U105/><E105/><V135/><F94/><W17/><G107/><T68/><D68/><U18/><E110/><V65/><F65/><W16/><G121/><T32/><D32/><N who="1" m="20591" /><E90/><V22/><F135/><W60/><G76/><T82/><D112/><U70/><E67/><V35/><F131/><W5/><G89/><T74/><D108/><U126/><E126/><V71/><F111/><W114/><G114/><T98/><D128/><U106/><E106/><V23/><F71/><AGARI ba="0,0" hai="10,14,18,69,70,71,93,95" m="20591,51306" machi="71" ten="30,1500,0" yaku="20,1" doraHai="52" who="1" fromWho="2" sc="250,0,250,15,270,-15,230,0" /><INIT seed="1,1,0,4,1,33" ten="250,265,255,230" oya="1" hai0="93,51,49,84,131,75,133,102,3,12,63,90,26" hai1="79,5,31,43,106,58,99,46,69,87,119,67,30" hai2="125,62,53,73,134,28,66,105,20,104,123,32,24" hai3="13,16,25,86,98,14,108,9,8,129,47,96,135"/><U107/><E119/><V65/><F123/><W80/><G108/><T72/><D3/><U41/><E69/><V116/><F116/><W60/><G129/><T11/><D131/><U42/><E5/><V48/><F134/><W82/><G135/><T85/><D133/><U39/><E79/><V22/><F125/><W40/><G25/><T128/><D128/><U78/><E78/><V109/><F73/><W111/><G60/><T7/><D102/><U88/><E67/><V10/><F109/><W56/><G56/><T18/><D63/><U114/><E114/><V77/><F77/><W55/><G111/><T100/><D100/><U68/><E68/><V115/><F115/><W0/><G0/><T89/><D75/><U120/><E120/><V127/><F127/><W36/><G55/><T92/><D72/><U52/><E107/><V95/><F105/><W1/><G1/><T21/><AGARI ba="1,0" hai="7,11,12,18,21,26,49,51,84,85,89,90,92,93" machi="21" ten="30,4000,0" yaku="0,1,9,1,8,1" doraHai="33" who="0" fromWho="0" sc="250,43,265,-21,255,-11,230,-11" /><INIT seed="2,0,0,5,1,35" ten="293,244,244,219" oya="2" hai0="70,89,72,4,85,12,86,115,102,55,15,87,106" hai1="50,78,105,11,22,10,71,116,41,125,42,67,43" hai2="73,17,123,109,36,134,47,80,1,120,118,19,52" hai3="9,135,37,59,99,128,34,77,94,62,101,126,60"/><V2/><F36/><W83/><G34/><T96/><D70/><U38/><E116/><V16/><F118/><W25/><G37/><T122/><D122/><U121/><E121/><N who="2" m="46667" /><F52/><W63/><G126/><T132/><D72/><U129/><E125/><V130/><F47/><W107/><G128/><T104/><D115/><U18/><E105/><V58/><F58/><W97/><G135/><T5/><D132/><U131/><E78/><V117/><F80/><W108/><G108/><T65/><D65/><U111/><E38/><V30/><F73/><W74/><G25/><T61/><D89/><U82/><E111/><V27/><F117/><W54/><REACH who="3" step="1"/><G9/><REACH who="3" ten="293,244,244,209" step="2"/><T33/><D33/><U8/><E71/><V40/><F134/><W6/><G6/><T84/><D104/><U75/><E67/><V76/><F130/><N who="1" m="49673" /><E75/><V32/><F109/><W26/><G26/><T28/><D4/><U69/><E69/><V23/><F76/><W66/><G66/><T31/><D5/><U127/><E127/><V56/><F40/><W46/><G46/><T100/><D100/><AGARI ba="0,1" hai="54,59,60,62,63,74,77,83,94,97,99,100,101,107" machi="100" ten="30,3900,0" yaku="1,1,7,1,53,1" doraHai="35" doraHaiUra="91" who="3" fromWho="0" sc="293,-39,244,0,244,0,209,49" /><INIT seed="3,0,0,3,2,118" ten="254,244,244,258" oya="3" hai0="59,83,57,75,94,30,74,22,127,41,19,92,40" hai1="44,106,8,101,86,122,12,36,51,4,42,38,32" hai2="121,82,13,0,110,90,123,93,95,130,135,79,91" hai3="14,62,60,49,115,105,39,71,23,66,58,133,54"/><W45/><G105/><T26/><D30/><U48/><E32/><V2/><F110/><W35/><G35/><T1/><D1/><N who="2" m="618" /><F13/><W76/><G115/><T77/><D75/><U116/><E116/><V132/><F130/><W15/><G133/><N who="2" m="51273" /><F91/><W69/><G76/><T37/><D127/><U11/><E11/><V119/><F119/><W81/><G81/><T108/><D108/><U84/><E122/><N who="2" m="46603" /><F90/><W129/><G129/><T63/><D59/><U27/><E27/><V120/><F120/><W34/><G34/><T97/><D37/><U29/><E38/><V68/><F68/><W5/><G5/><T25/><D25/><U124/><E36/><V114/><F114/><W21/><G15/><T46/><D46/><U117/><E117/><V18/><F18/><W10/><G14/><T103/><D92/><U28/><E106/><V7/><F7/><W16/><G16/><T73/><REACH who="0" step="1"/><D74/><AGARI ba="0,0" hai="74,79,82,93,95" m="46603,51273,618" machi="74" ten="40,8000,1" yaku="20,1,13,1,52,3" doraHai="118" who="2" fromWho="0" sc="254,-80,244,0,244,80,258,0" owari="174,-33.0,244,-16.0,324,43.0,258,6.0" /></mjloggm>