<mjloggm ver="2.3"><GO type="97" lobby="0"/><UN n0="%E6%96%B0%E4%B8%96%E7%95%8C%E3%81%AE%E7%B4%99" n1="%E3%82%82%E3%81%97%E3%81%8B%E3%81%97%E3%81%A6" n2="%E3%82%A6%E3%83%AB%E3%83%88%E3%83%A9%E7%AB%8B%E7%9B%B4" n3="%E8%A6%8B%E3%81%88%E3%81%96%E3%82%8B%E6%89%8B" dan="14,13,14,14" rate="1933.47,1882.29,1956.89,1959.05" sx="M,M,M,M"/><TAIKYOKU oya="0"/><INIT seed="0,0,0,0,5,69" ten="250,250,250,250" oya="0" hai0="38,40,64,106,99,50,11,17,61,129,116,52,16" hai1="124,122,13,30,28,83,88,126,74,73,9,4,6" hai2="45,65,71,87,24,76,22,112,31,63,77,133,12" hai3="102,89,29,56,67,3,130,21,92,53,15,46,14"/><T125/><D116/><U44/><E122/><V109/><F112/><W25/><G3/><T0/><D129/><U23/><E6/><V132/><F109/><W10/><G130/><T59/><D125/><U101/><E101/><V48/><F12/><W90/><G67/><T43/><D43/><U41/><E23/><V104/><F104/><W117/><G117/><T123/><D123/><U114/><E114/><V8/><F8/><W127/><G127/><N who="1" m="48682" /><E73/><V70/><F70/><W75/><G75/><T51/><D51/><U72/><E72/><V100/><F100/><W57/><G46/><N who="0" m="23831" /><D0/><U26/><E26/><V27/><F27/><W39/><G39/><T7/><D106/><U84/><E74/><V1/><F1/><W79/><G79/><T91/><D7/><U111/><E111/><V37/><F37/><AGARI ba="0,0" hai="4,9,13,28,30,37,41,44,83,84,88" m="48682" machi="37" ten="30,3900,0" yaku="18,1,52,1,54,1" doraHai="69" who="1" fromWho="2" sc="250,0,250,39,250,-39,250,0" /><INIT seed="1,0,0,0,3,97" ten="250,289,211,250" oya="1" hai0="2,84,125,56,74,20,130,0,3,89,26,14,116" hai1="64,16,10,121,93,44,57,15,76,106,7,68,117" hai2="129,103,122,34,45,127,100,23,5,95,111,19,131" hai3="134,105,104,115,40,70,96,80,42,81,86,118,22"/><U63/><E121/><V120/><F34/><W128/><G115/><T78/><D116/><U101/><E117/><V48/><F5/><W67/><G118/><T39/><D39/><U46/><E106/><V50/><F95/><W98/><G134/><T18/><D130/><N who="2" m="49674" /><F127/><W31/><G128/><T119/><D119/><U59/><E76/><V53/><F111/><W51/><G70/><T13/><D125/><U87/><E7/><V110/><F110/><W61/><G31/><T28/><D56/><U92/><E68/><V71/><F71/><W37/><G22/><T113/><D113/><U62/><E93/><V82/><F82/><W66/><G51/><T38/><D38/><U36/><E36/><V109/><F109/><W69/><G37/><T43/><D43/><U8/><E8/><V12/><F48/><W124/><G69/><T9/><D78/><U75/><E75/><V35/><F35/><W17/><G124/><T4/><D74/><U91/><E101/><AGARI ba="0,0" hai="12,19,23,45,50,53,100,101,103,120,122" m="49674" machi="101" ten="30,7700,0" yaku="19,1,52,3" doraHai="97" who="2" fromWho="1" sc="250,0,289,-77,211,77,250,0" /><INIT seed="2,0,0,5,3,131" ten="250,212,288,250" oya="2" hai0="104,89,44,103,46,28,130,39,113,8,107,11,124" hai1="43,17,88,0,80,66,13,93,84,31,52,133,38" hai2="95,118,53,83,58,62,21,123,57,94,23,73,2" hai3="24,108,99,77,16,55,115,47,34,134,59,98,51"/><V49/><F123/><W40/><G108/><T75/><D113/><U14/><E0/><V68/><F2/><W85/><G115/><T6/><D75/><U86/><E66/><V132/><F68/><W41/><G134/><T74/><D74/><U1/><E1/><V91/><F118/><W106/><G106/><T25/><D130/><U112/><E112/><V121/><F121/><W63/><G34/><T79/><D79/><U35/><E133/><V27/><F132/><W32/><G32/><T72/><D72/><U109/><E109/><V101/><F101/><W3/><G3/><T50/><D124/><U110/><E110/><V9/><F9/><W18/><G40/><T64/><D64/><U71/><E71/><V54/><F23/><N who="3" m="13415" /><G18/><T78/><D103/><U129/><E129/><V96/><F94/><W4/><G4/><T67/><D6/><U26/><E43/><V61/><F73/><W36/><G36/><T42/><D104/><U30/><E38/><V105/><F105/><W5/><G5/><T22/><D107/><U60/><E30/><V82/><F49/><W10/><G10/><T45/><D8/><U29/><E29/><AGARI ba="0,0" hai="21,27,29,53,54,57,58,61,62,82,83,91,95,96" machi="29" ten="30,5800,0" yaku="7,1,9,1,8,1" doraHai="131" who="2" fromWho="1" sc="250,0,212,-58,288,58,250,0" /><INIT seed="2,1,0,0,2,74" ten="250,154,346,250" oya="2" hai0="67,133,30,0,117,47,120,134,41,29,48,28,64" hai1="82,83,57,114,101,132,38,85,115,112,4,2,81" hai2="126,92,51,37,12,52,84,113,104,8,54,130,39" hai3="75,99,33,105,26,35,100,23,123,94,5,3,106"/><V129/><F104/><N who="3" m="63519" /><G23/><T110/><D120/><U62/><E38/><V61/><F113/><W14/><G94/><T9/><D110/><U131/><E131/><V24/><F130/><W107/><G14/><T95/><D117/><U25/><E132/><N who="0" m="50793" /><D95/><U16/><E101/><V45/><F126/><W63/><G123/><T27/><D27/><U65/><E85/><V59/><F129/><W116/><G116/><T20/><D20/><U128/><E128/><V135/><F135/><W124/><G124/><T88/><D88/><U121/><E121/><V46/><F46/><W44/><G44/><T49/><D49/><U103/><E103/><V98/><F24/><W111/><G111/><T77/><D77/><U19/><REACH who="1" step="1"/><E25/><REACH who="1" ten="250,144,346,250" step="2"/><V68/><F84/><W58/><G75/><T73/><D73/><U108/><E108/><V80/><F80/><W17/><G26/><T127/><D127/><U102/><E102/><V56/><F39/><W87/><G87/><T76/><D76/><U109/><E109/><V21/><F37/><W70/><G107/><T60/><D60/><U55/><E55/><N who="2" m="33951" /><F98/><W97/><G97/><T79/><D79/><U11/><AGARI ba="1,1" hai="2,4,11,16,19,57,62,65,81,82,83,112,114,115" machi="11" ten="40,5200,0" yaku="1,1,0,1,54,1,53,0" doraHai="74" doraHaiUra="125" who="1" fromWho="1" sc="250,-14,144,65,346,-27,250,-14" /><INIT seed="3,0,0,3,0,6" ten="236,209,319,236" oya="3" hai0="120,69,79,17,4,62,122,31,61,127,87,107,80" hai1="9,70,52,0,20,78,109,64,55,66,71,73,58" hai2="112,74,97,110,12,135,33,133,21,86,94,41,98" hai3="104,27,88,75,105,43,42,85,99,1,81,22,8"/><W124/><G75/><T11/><D107/><U119/><E119/><V111/><F33/><W84/><G124/><T121/><D31/><U100/><E109/><N who="2" m="41483" /><F74/><W56/><G105/><T83/><D17/><U115/><E115/><V123/><F123/><W132/><G132/><N who="2" m="50761" /><F112/><W47/><G104/><T5/><D127/><U57/><E100/><V32/><F32/><W68/><G68/><T129/><D69/><N who="1" m="26123" /><E78/><V51/><F86/><W39/><G43/><T44/><D79/><U65/><E73/><V117/><F117/><W67/><G99/><T59/><D87/><U128/><E20/><V60/><F60/><W25/><G84/><T103/><D62/><N who="1" m="36135" /><E9/><V18/><F94/><W89/><G89/><T77/><D11/><U28/><E28/><V92/><F92/><W131/><G131/><T48/><D129/><U29/><E29/><V7/><F7/><W30/><G67/><T114/><D4/><U46/><E0/><V101/><F101/><W24/><G56/><T49/><D5/><U125/><E128/><V36/><F36/><W14/><G1/><T116/><D103/><U130/><E130/><V113/><F113/><W15/><G15/><T34/><D114/><U90/><E90/><V10/><F21/><W54/><G54/><T16/><D116/><U76/><E76/><V26/><F26/><W50/><G39/><T45/><D77/><U93/><E93/><V40/><F40/><W13/><G13/><T63/><D122/><U72/><E72/><V102/><F102/><W37/><G37/><T2/><D121/><U126/><E46/><AGARI ba="0,0" hai="10,12,18,41,46,51,97,98" m="50761,41483" machi="46" ten="30,3900,0" yaku="14,1,20,1,52,1" doraHai="6" who="2" fromWho="1" sc="236,0,209,-39,319,39,236,0" owari="236,4.0,170,-33.0,358,45.0,236,-16.0" /></mjloggm>