<mjloggm ver="2.3"><GO type="97" lobby="0"/><UN n0="%E5%8B%9D%E8%B2%A0%E5%B8%AB%E2%99%AA" n1="%E3%82%A6%E3%83%AB%E3%83%88%E3%83%A9%E7%AB%8B%E7%9B%B4" n2="%E6%97%8B%E7%90%89" n3="%E3%82%AC%E3%82%B8%E3%82%AC%E3%82%B8" dan="14,15,14,15" rate="1938.60,1956.18,1929.54,1946.46" sx="M,M,F,M"/><TAIKYOKU oya="0"/><INIT seed="0,0,0,1,3,36" ten="250,250,250,250" oya="0" hai0="130,58,27,64,86,16,43,108,102,125,11,39,6" hai1="35,25,69,53,31,77,19,123,67,99,110,20,32" hai2="91,78,133,101,95,118,84,80,122,106,44,26,132" hai3="104,62,55,114,81,51,38,17,57,66,85,60,15"/><T116/><D116/><U34/><E67/><V74/><F122/><W59/><G104/><T109/><D130/><U22/><E69/><V56/><F118/><W119/><G38/><T127/><D102/><U111/><E77/><V70/><F70/><W68/><G114/><T54/><D64/><U12/><E99/><N who="2" m="61759" /><F56/><W28/><G28/><T89/><D6/><U18/><E53/><V103/><F44/><W128/><G128/><T73/><D73/><U117/><E117/><V30/><F103/><W113/><G113/><T63/><D89/><U90/><E90/><V1/><F1/><W37/><G37/><T115/><D86/><U82/><E82/><V129/><F129/><W105/><G105/><T33/><D33/><AGARI ba="0,0" hai="26,30,33,74,78,80,84,91,95,132,133" m="61759" machi="33" ten="30,1000,0" yaku="24,1" doraHai="36" who="2" fromWho="0" sc="250,-10,250,0,250,10,250,0" /><INIT seed="1,0,0,4,1,7" ten="240,250,260,250" oya="1" hai0="37,26,21,100,9,17,46,72,57,128,67,79,95" hai1="91,63,40,105,70,117,27,55,68,102,8,35,92" hai2="15,84,73,6,61,60,129,51,77,36,126,44,109" hai3="90,69,76,25,11,20,108,93,98,39,42,59,19"/><U125/><E117/><V82/><F109/><W22/><G69/><T133/><D133/><U83/><E70/><V134/><F134/><W5/><G108/><T135/><D135/><U99/><E40/><V113/><F129/><W52/><G76/><T56/><D128/><U131/><E131/><V45/><F126/><W66/><G66/><T0/><D67/><U16/><E125/><V89/><F36/><W88/><G22/><T78/><D100/><U127/><E127/><V106/><F106/><W64/><G64/><T24/><D24/><U47/><E68/><V29/><F29/><W120/><G120/><T114/><D95/><U2/><E35/><V122/><F113/><W81/><G42/><N who="0" m="22863" /><D79/><U119/><E119/><V132/><F122/><W48/><G39/><T103/><D103/><U85/><E105/><V53/><F44/><W30/><G81/><N who="0" m="45255" /><D114/><U13/><E2/><V18/><F132/><W130/><G130/><T43/><D43/><U107/><E107/><V110/><F110/><W33/><G90/><T104/><D104/><U31/><E31/><V34/><F34/><W112/><G112/><T50/><D50/><N who="1" m="29151" /><E27/><V23/><REACH who="2" step="1"/><F6/><AGARI ba="0,0" hai="0,6,9,17,21,26,56,57" m="45255,22863" machi="6" ten="30,2000,0" yaku="25,1,52,1" doraHai="7" who="0" fromWho="2" sc="240,20,250,0,260,-20,250,0" /><INIT seed="2,0,0,2,2,87" ten="260,250,240,250" oya="2" hai0="124,35,100,48,58,120,93,126,92,113,41,3,19" hai1="94,39,1,83,121,75,40,46,90,43,45,101,106" hai2="60,76,119,61,122,16,81,95,7,84,107,6,131" hai3="80,15,54,47,34,59,117,17,97,24,85,108,32"/><V72/><F119/><W78/><G117/><T133/><D120/><U62/><E121/><V134/><F122/><W51/><G108/><T33/><D113/><U112/><E112/><V22/><F107/><W125/><G125/><N who="0" m="48235" /><D3/><U44/><E1/><V105/><F105/><W91/><G24/><T64/><D133/><U49/><E62/><N who="2" m="24171" /><F72/><W38/><G38/><T26/><D64/><U10/><E10/><V28/><F131/><W21/><REACH who="3" step="1"/><G59/><REACH who="3" ten="260,250,240,240" step="2"/><T71/><D71/><U63/><E39/><V37/><F37/><W36/><G36/><T98/><D58/><U14/><E45/><V103/><F134/><W102/><G102/><T116/><D116/><U123/><E46/><V118/><F118/><W66/><G66/><T9/><D26/><U73/><E44/><V79/><F103/><W115/><G115/><T86/><D41/><U55/><E43/><V25/><F25/><W104/><G104/><T50/><D35/><U132/><E40/><V127/><F127/><W30/><G30/><T23/><D33/><U29/><E29/><V74/><F28/><W67/><G67/><T56/><D56/><U42/><E42/><V31/><F31/><W65/><G65/><T82/><D100/><U88/><E101/><V57/><F57/><W135/><G135/><T99/><D50/><U130/><E49/><V96/><F74/><W12/><G12/><T13/><D48/><U70/><E14/><N who="2" m="9495" /><F76/><W53/><G53/><T27/><D27/><U18/><E55/><V110/><F110/><W52/><G52/><T69/><D13/><U5/><E75/><V114/><F114/><RYUUKYOKU ba="0,1" sc="260,-15,250,-15,240,15,240,15" hai2="6,7,79,81,84,95,96" hai3="15,17,21,32,34,47,51,54,78,80,85,91,97" /><INIT seed="2,1,1,0,0,60" ten="245,235,255,255" oya="2" hai0="3,0,15,37,24,80,89,23,131,30,35,133,1" hai1="5,17,99,124,7,105,112,12,100,49,61,92,120" hai2="48,93,134,79,115,73,85,97,109,76,4,95,53" hai3="66,44,43,46,122,91,42,39,118,27,71,51,62"/><V74/><F4/><W50/><G118/><T111/><D89/><U28/><E112/><V31/><F31/><W83/><G122/><T36/><D80/><U16/><E120/><V119/><F115/><W126/><G126/><T103/><D103/><U13/><E124/><V106/><F119/><W88/><G39/><T21/><D37/><U98/><E28/><V63/><F63/><W72/><G27/><N who="0" m="18911" /><D36/><U18/><E49/><V75/><F53/><W52/><G72/><T32/><D111/><U135/><E135/><V123/><F134/><W102/><G102/><T38/><D38/><U69/><E69/><V101/><F48/><W90/><REACH who="3" step="1"/><G52/><REACH who="3" ten="245,235,255,245" step="2"/><T96/><D133/><U108/><E108/><V14/><F109/><W58/><G58/><T56/><D56/><U107/><E61/><V19/><F123/><W47/><G47/><T113/><D113/><U40/><E40/><V117/><F117/><W26/><G26/><T11/><D131/><U114/><E114/><V9/><F75/><W68/><G68/><T132/><D132/><U82/><E100/><V87/><F74/><W57/><G57/><T34/><D96/><U86/><E98/><V104/><F73/><W33/><G33/><N who="0" m="12907" /><D24/><U70/><E70/><V65/><F97/><W22/><G22/><T78/><D78/><N who="1" m="46423" /><E105/><V29/><F106/><W127/><G127/><T6/><AGARI ba="1,2" hai="0,1,3,6,11,15,21,23" m="12907,18911" machi="6" ten="40,8000,1" yaku="35,5" doraHai="60" who="0" fromWho="0" sc="245,103,235,-21,255,-41,245,-21" /><INIT seed="3,0,0,1,3,97" ten="348,214,214,224" oya="3" hai0="88,120,116,94,3,41,134,74,17,5,90,100,49" hai1="85,12,103,40,108,82,42,130,63,56,52,59,13" hai2="87,21,23,73,36,124,66,58,32,89,10,67,109" hai3="125,25,68,80,65,122,77,33,81,114,96,93,106"/><W112/><G122/><T111/><D120/><U4/><E108/><V47/><F73/><N who="3" m="43055" /><G93/><T16/><D116/><U104/><E130/><V2/><F109/><W43/><G43/><N who="1" m="16426" /><E104/><V29/><F36/><W30/><G81/><T53/><D41/><U31/><E31/><V7/><F124/><W69/><G125/><T131/><D74/><U115/><E103/><V50/><F32/><W99/><G99/><N who="0" m="59511" /><D3/><U28/><E28/><V6/><F6/><W105/><G69/><T92/><D134/><U119/><E119/><V76/><F76/><W135/><G135/><T1/><D1/><U14/><E115/><N who="3" m="44074" /><G96/><N who="0" m="57351" /><D111/><U117/><E117/><V95/><F29/><W48/><G48/><T79/><D5/><U9/><E59/><V126/><F126/><W37/><G37/><T60/><D79/><AGARI ba="0,0" hai="4,9,12,13,14,52,56,63,79,82,85" m="16426" machi="79" ten="30,2000,0" yaku="8,1,54,1" doraHai="97" who="1" fromWho="0" sc="348,-20,214,20,214,0,224,0" owari="328,44.0,234,3.0,214,-29.0,224,-18.0" /></mjloggm>