<mjloggm ver="2.3"><GO type="97" lobby="0"/><UN n0="%E9%83%A1%E5%B1%B1%E7%83%88%E7%81%AB" n1="%E9%81%94%E6%B5%B7%E7%8C%9B" n2="%E5%B0%B1%E6%B4%BB%E7%94%9F%40%E5%B7%9D%E6%9D%91%E8%BB%8D%E5%9B%A3" n3="%E9%9B%B6%E6%99%82%E8%BF%B7%E5%AD%90" dan="15,13,14,14" rate="2014.59,1991.52,1957.68,1865.91" sx="M,M,M,M"/><TAIKYOKU oya="0"/><INIT seed="0,0,0,0,2,52" ten="250,250,250,250" oya="0" hai0="65,30,44,117,75,60,63,26,2,77,100,36,74" hai1="96,42,135,90,114,129,128,121,78,125,33,18,119" hai2="120,17,64,6,132,84,127,95,8,32,27,31,12" hai3="19,123,67,118,41,0,68,108,11,131,1,76,59"/><T110/><D117/><U70/><E119/><V25/><F120/><W130/><G118/><T56/><D2/><U93/><E121/><V109/><F64/><W134/><G123/><T61/><D110/><U57/><E70/><V73/><F73/><W86/><G41/><T72/><D100/><U24/><E78/><V81/><F127/><W39/><G68/><T4/><D4/><U53/><E42/><V51/><F109/><W103/><G103/><T124/><D124/><U113/><E125/><V69/><F132/><W46/><G46/><T82/><D36/><U29/><E135/><V97/><F69/><W34/><G34/><T49/><D72/><U80/><E80/><V89/><F51/><W28/><G28/><T91/><D91/><U71/><E18/><V92/><F27/><W85/><G39/><T22/><D74/><U43/><E43/><AGARI ba="0,0" hai="22,26,30,43,44,49,56,60,61,63,65,75,77,82" machi="43" ten="30,2900,0" yaku="7,1,52,1" doraHai="52" who="0" fromWho="1" sc="250,29,250,-29,250,0,250,0" /><INIT seed="0,1,0,0,0,0" ten="279,221,250,250" oya="0" hai0="56,69,42,62,29,108,36,33,79,124,7,1,63" hai1="34,133,98,45,111,70,91,13,130,118,23,119,48" hai2="27,109,10,61,75,90,44,9,6,88,135,93,15" hai3="39,116,26,71,112,102,120,30,32,57,123,21,60"/><T41/><D79/><U131/><E111/><V76/><F109/><W113/><G39/><T4/><D1/><U97/><E34/><V95/><F135/><W20/><G71/><T83/><D36/><U89/><E70/><V3/><F27/><W31/><G102/><T66/><D108/><U11/><E23/><N who="3" m="8778" /><G57/><T126/><D83/><U52/><E133/><V106/><F106/><W78/><G60/><T100/><D100/><U84/><E97/><V18/><F61/><W37/><G78/><T35/><D29/><U107/><E98/><V65/><F65/><W14/><G37/><T94/><D94/><U5/><E107/><V85/><F44/><W134/><G134/><T114/><D114/><N who="3" m="44137" /><G30/><T68/><D56/><U49/><E48/><V28/><F28/><W43/><G43/><T54/><D54/><U64/><E64/><AGARI ba="1,0" hai="4,7,33,35,41,42,62,63,64,66,68,69,124,126" machi="64" ten="25,9600,0" yaku="22,2,52,2" doraHai="0" who="0" fromWho="1" sc="279,99,221,-99,250,0,250,0" /><INIT seed="0,2,0,3,4,121" ten="378,122,250,250" oya="0" hai0="59,103,18,97,34,20,61,44,69,1,46,26,133" hai1="56,63,0,43,64,2,22,35,74,95,10,66,53" hai2="127,98,99,134,3,12,25,6,31,24,92,117,91" hai3="80,102,58,23,85,13,90,41,38,16,8,72,57"/><T126/><D34/><U123/><E123/><V48/><F117/><W14/><G102/><T129/><D1/><U130/><E35/><V76/><F3/><W71/><G71/><T132/><D69/><U104/><E104/><V50/><F127/><W110/><G72/><T30/><D126/><U79/><E43/><V5/><F134/><N who="0" m="51818" /><D18/><U106/><E106/><V4/><F76/><W135/><G135/><T47/><D47/><U112/><E130/><V55/><F12/><W131/><G131/><T42/><D42/><U11/><E22/><V88/><F55/><W29/><G29/><T118/><D118/><U115/><E95/><V87/><F31/><W68/><G68/><T128/><D129/><U21/><E21/><V36/><F36/><W77/><G77/><T101/><D101/><U114/><E79/><V9/><F9/><N who="1" m="3081" /><E74/><V73/><F73/><W19/><G41/><T81/><D81/><U32/><E32/><V82/><F99/><W54/><G38/><T111/><D128/><U94/><E94/><V27/><AGARI ba="2,0" hai="4,5,6,24,25,27,48,50,82,87,88,91,92,98" machi="27" ten="30,4000,0" yaku="0,1,8,1,54,1" doraHai="121" who="2" fromWho="2" sc="378,-22,122,-12,250,46,250,-12" /><INIT seed="1,0,0,4,4,133" ten="356,110,296,238" oya="1" hai0="38,13,34,70,72,68,82,124,37,131,40,56,43" hai1="119,77,46,64,21,53,130,57,99,24,6,27,35" hai2="104,58,2,1,62,73,107,69,129,128,11,94,106" hai3="49,18,75,86,96,101,30,55,114,16,109,26,14"/><U12/><E119/><V61/><F73/><W117/><G75/><T118/><D34/><U28/><E130/><N who="2" m="50283" /><F69/><W39/><G39/><T90/><D131/><U120/><E120/><V87/><F11/><W36/><G36/><T91/><D118/><U93/><E77/><V113/><F113/><W19/><G114/><T121/><D13/><U15/><E64/><V115/><F115/><W41/><G41/><T60/><D72/><U108/><E46/><V100/><F100/><W127/><G109/><T79/><D79/><U17/><E6/><V5/><F5/><W47/><G117/><T110/><D110/><U132/><E132/><V103/><F103/><W54/><G86/><T71/><D82/><U123/><E123/><V98/><F98/><W78/><G78/><T83/><D83/><U59/><E108/><V50/><F50/><W23/><G55/><T112/><D112/><U44/><E44/><V125/><F61/><W85/><G85/><T51/><D91/><N who="1" m="55743" /><E59/><V88/><F125/><W10/><REACH who="3" step="1"/><G127/><REACH who="3" ten="356,110,296,228" step="2"/><T89/><D124/><U20/><E35/><V65/><AGARI ba="0,1" hai="1,2,58,62,65,87,88,94,104,106,107" m="50283" machi="65" ten="40,2700,0" yaku="19,1,54,1" doraHai="133" who="2" fromWho="2" sc="356,-7,110,-13,296,37,228,-7" /><INIT seed="2,0,0,1,2,0" ten="349,97,333,221" oya="2" hai0="122,89,53,19,22,32,132,24,123,27,7,118,64" hai1="126,48,17,41,131,129,26,98,18,30,128,43,117" hai2="55,87,82,73,61,46,39,50,97,10,34,42,76" hai3="112,91,37,49,68,14,9,93,80,96,31,25,114"/><V127/><F34/><W40/><G68/><T86/><D132/><U70/><E117/><V45/><F127/><W100/><G37/><T130/><D130/><U79/><E70/><V115/><F115/><W56/><G80/><T51/><D64/><U119/><E119/><V101/><F61/><W99/><G40/><T20/><D118/><U125/><E79/><V103/><F97/><W124/><G56/><T28/><D7/><U69/><E69/><V60/><F87/><W104/><G49/><T58/><D32/><U113/><E113/><V3/><F60/><W133/><G133/><T74/><D74/><U38/><E38/><V108/><F108/><W95/><G124/><N who="1" m="47722" /><E98/><V106/><F106/><W13/><G104/><T6/><D6/><AGARI ba="0,0" hai="3,6,10,39,42,45,46,50,55,73,76,82,101,103" machi="6" ten="40,7700,0" yaku="25,2,52,1" doraHai="0" who="2" fromWho="0" sc="349,-77,97,0,333,77,221,0" /><INIT seed="2,1,0,3,0,11" ten="272,97,410,221" oya="2" hai0="35,98,94,10,133,52,105,44,115,70,48,16,83" hai1="18,30,69,130,24,68,127,3,47,131,106,110,122" hai2="46,111,95,54,116,7,74,92,45,15,117,34,6" hai3="119,86,132,27,4,114,56,73,21,62,84,93,99"/><V51/><F74/><W1/><G119/><T36/><D115/><U85/><E18/><V103/><F34/><W50/><G132/><T102/><D35/><U0/><E85/><V58/><F116/><W49/><G73/><T60/><D83/><U40/><E122/><V129/><F117/><W123/><G123/><T19/><D36/><U63/><E110/><V87/><F111/><W108/><G108/><T76/><D76/><U104/><E63/><V22/><F129/><N who="1" m="49161" /><E30/><V64/><F92/><W121/><G121/><T12/><D133/><U135/><E24/><V53/><F64/><W66/><G4/><T90/><D70/><N who="1" m="27243" /><E135/><V2/><F2/><N who="1" m="553" /><E47/><V32/><F32/><W41/><G62/><T113/><D113/><U9/><E40/><V126/><F126/><W124/><G41/><T61/><D19/><U28/><E28/><V112/><F112/><W118/><G86/><AGARI ba="1,0" hai="10,12,16,44,48,52,60,61,86,90,94,98,102,105" machi="86" ten="30,7700,0" yaku="7,1,52,1,54,2" doraHai="11" who="0" fromWho="3" sc="272,80,97,0,410,0,221,-80" /><INIT seed="3,0,0,4,2,1" ten="352,97,410,141" oya="3" hai0="120,121,89,123,46,35,2,81,105,48,96,31,112" hai1="42,127,71,15,27,49,117,124,54,93,57,95,118" hai2="5,45,98,28,63,41,58,47,74,20,40,67,22" hai3="101,77,43,55,33,115,108,11,14,38,102,104,7"/><W114/><G33/><T82/><D2/><U99/><E71/><V90/><F74/><W78/><G104/><T79/><D31/><U44/><E27/><N who="2" m="16487" /><F5/><W62/><G38/><T132/><D35/><U6/><E99/><V25/><F90/><W65/><G43/><N who="2" m="16457" /><F98/><W52/><G108/><T16/><D132/><U3/><E3/><V135/><F135/><W113/><G101/><T59/><D59/><U80/><E80/><V111/><F111/><W110/><G102/><T29/><D29/><AGARI ba="0,0" hai="22,25,29,45,47,58,63,67" m="16457,16487" machi="29" ten="30,1000,0" yaku="8,1" doraHai="1" who="2" fromWho="0" sc="352,-10,97,0,410,10,141,0" owari="342,14.0,97,-40.0,420,52.0,141,-26.0" /></mjloggm>