<mjloggm ver="2.3"><GO type="169" lobby="0"/><UN n0="%E6%99%AE%E8%B3%A2" n1="%E3%82%A6%E3%83%AB%E3%83%88%E3%83%A9%E7%AB%8B%E7%9B%B4" n2="%E3%82%B1%E3%82%A4%EF%BC%91%EF%BC%93" n3="%E3%83%8D%E3%83%BC%E3%83%A0%E3%83%AC%E3%82%B9%EF%BC%97" dan="16,17,16,17" rate="2110.47,2174.46,2079.56,2145.52" sx="M,M,M,M"/><TAIKYOKU oya="0"/><INIT seed="0,0,0,3,3,61" ten="250,250,250,250" oya="0" hai0="102,14,4,35,46,19,98,29,21,93,8,18,38" hai1="65,66,36,107,7,75,94,11,79,9,5,49,113" hai2="63,91,82,37,87,48,31,88,114,6,60,2,126" hai3="20,26,71,54,133,55,118,97,99,45,116,76,50"/><T101/><D35/><U70/><E107/><V128/><F37/><W22/><G71/><T64/><D102/><U106/><E106/><V110/><F2/><W44/><G133/><T134/><D134/><U89/><E36/><V15/><F31/><W135/><G135/><T123/><D123/><U119/><E70/><V108/><F114/><W80/><G116/><T32/><D32/><U40/><E79/><V72/><F72/><W74/><G118/><T62/><D46/><N who="1" m="25799" /><E75/><V105/><F105/><W59/><G22/><T10/><D10/><N who="1" m="3595" /><E119/><V57/><F15/><W68/><G68/><T33/><D33/><U90/><E113/><V112/><F6/><N who="1" m="2057" /><E90/><V24/><F88/><W77/><G77/><T125/><D38/><U92/><E92/><V86/><F91/><W23/><G23/><T69/><D69/><U104/><E104/><V130/><F87/><AGARI ba="0,0" hai="65,66,87,89,94" m="2057,3595,25799" machi="87" ten="30,3900,0" yaku="8,1,52,2" doraHai="61" who="1" fromWho="2" sc="250,0,250,39,250,-39,250,0" /><INIT seed="1,0,0,4,1,108" ten="250,289,211,250" oya="1" hai0="130,111,19,118,37,77,63,47,11,91,12,60,59" hai1="128,112,13,9,58,122,97,119,100,94,109,66,81" hai2="69,104,101,123,135,80,3,50,98,40,5,1,83" hai3="88,33,116,2,20,39,43,61,52,113,22,124,26"/><U120/><E119/><V24/><F69/><W17/><G2/><T65/><D111/><U95/><E109/><V85/><F123/><W18/><G116/><T41/><D130/><U87/><E128/><V15/><F83/><W0/><G0/><T31/><D118/><U10/><E10/><V62/><F24/><W110/><G33/><T21/><D77/><U4/><E112/><V134/><F62/><W78/><G110/><T68/><D91/><U7/><E95/><V73/><F73/><W121/><G121/><T86/><D86/><U51/><E4/><V107/><F107/><W64/><G124/><T93/><D93/><U102/><E102/><V25/><F25/><N who="3" m="14479" /><G78/><T46/><D46/><U106/><E106/><V126/><F126/><W30/><G39/><T76/><D76/><U34/><E34/><V27/><F27/><W72/><G72/><T67/><D31/><U6/><E6/><V23/><F23/><N who="3" m="15711" /><G43/><T133/><REACH who="0" step="1"/><D11/><REACH who="0" ten="240,289,211,250" step="2"/><U48/><E120/><V74/><F74/><W56/><G88/><T42/><D42/><U38/><E122/><V29/><F40/><W92/><G92/><T14/><D14/><U28/><E28/><V115/><F15/><N who="3" m="9567" /><G113/><T75/><D75/><U96/><E96/><V105/><F98/><W84/><G84/><T90/><D90/><N who="1" m="51567" /><E38/><V127/><F1/><W8/><G8/><T71/><D71/><U103/><E100/><V45/><F101/><W89/><G89/><T70/><D70/><U125/><E125/><V55/><F3/><W99/><G99/><T79/><D79/><U132/><E103/><V82/><F127/><RYUUKYOKU ba="0,1" sc="240,15,289,-15,211,-15,250,15" hai0="12,19,21,37,41,47,59,60,63,65,67,68,133" hai3="52,56,61,64" /><INIT seed="2,1,1,5,2,116" ten="255,274,196,265" oya="2" hai0="93,119,68,7,105,1,13,49,26,87,16,8,20" hai1="84,25,10,40,42,129,23,11,67,2,110,58,126" hai2="75,45,18,17,34,132,50,130,133,115,56,100,108" hai3="61,121,63,101,66,103,21,9,70,80,89,102,60"/><V99/><F75/><W72/><G121/><T82/><D105/><U12/><E126/><V120/><F34/><W135/><G135/><N who="2" m="51785" /><F115/><W95/><G9/><T65/><D119/><U51/><E129/><V114/><F114/><W111/><G111/><T15/><D93/><U97/><E110/><V22/><F108/><W79/><REACH who="3" step="1"/><G21/><REACH who="3" ten="255,274,196,255" step="2"/><T41/><D68/><U113/><E10/><V48/><F130/><W36/><G36/><T76/><D1/><U3/><E3/><V86/><F22/><W69/><G69/><T78/><D26/><U71/><E23/><V131/><F131/><W124/><G124/><T39/><D39/><U54/><E25/><V73/><F18/><W90/><G90/><T81/><D20/><U107/><E2/><V53/><F17/><W33/><G33/><T31/><D31/><U117/><E11/><V96/><F100/><W55/><G55/><T43/><D15/><U94/><E12/><V123/><F73/><W64/><G64/><T0/><D65/><U44/><E67/><V6/><F6/><W74/><G74/><T28/><D28/><U4/><E4/><V62/><F86/><AGARI ba="1,2" hai="60,61,63,66,70,72,79,80,86,89,95,101,102,103" machi="86" ten="40,1300,0" yaku="1,1,53,0" doraHai="116" doraHaiUra="127" who="3" fromWho="2" sc="255,0,274,0,196,-16,255,36" /><INIT seed="3,0,0,3,4,34" ten="255,274,180,291" oya="3" hai0="75,92,123,133,114,131,99,26,11,14,7,81,16" hai1="80,82,96,95,20,90,77,23,17,32,6,19,84" hai2="88,125,21,112,89,108,37,121,55,24,134,71,107" hai3="48,52,4,115,116,119,36,39,51,29,45,33,40"/><W132/><G4/><T94/><D123/><U0/><E32/><V59/><F71/><W10/><G10/><T135/><D131/><U57/><E82/><V64/><F107/><W74/><G74/><T105/><D114/><U15/><E57/><V76/><F37/><N who="3" m="14411" /><G29/><T8/><D105/><U118/><E118/><N who="3" m="45098" /><G33/><T2/><D26/><U35/><E35/><V43/><F112/><W53/><G115/><T93/><D75/><U1/><E6/><V87/><F89/><W58/><G132/><N who="0" m="50763" /><D81/><U117/><REACH who="1" step="1"/><E117/><REACH who="1" ten="255,264,180,291" step="2"/><V22/><F134/><W13/><G13/><AGARI ba="0,1" hai="0,1,13,15,17,19,20,23,77,80,84,90,95,96" machi="13" ten="30,12000,2" yaku="1,1,2,1,7,1,9,1,52,2,53,0" doraHai="34" doraHaiUra="69" who="1" fromWho="3" sc="255,0,264,130,180,0,291,-120" /><INIT seed="4,0,0,4,1,92" ten="255,394,180,171" oya="0" hai0="40,88,68,133,86,49,18,118,131,56,91,27,11" hai1="134,62,76,74,128,116,39,44,114,127,70,4,15" hai2="82,99,38,25,10,7,57,90,125,113,105,107,73" hai3="50,81,77,63,120,69,67,93,102,104,100,89,80"/><T121/><D121/><U17/><E4/><V126/><F38/><W51/><G120/><T19/><D118/><U96/><E116/><V48/><F25/><W101/><G104/><T6/><D68/><U54/><E114/><V5/><F7/><W28/><G28/><T85/><D133/><U20/><E134/><V135/><F113/><W31/><G31/><T66/><D131/><U34/><E34/><V30/><F30/><W94/><G94/><T16/><D27/><U53/><E127/><V132/><F107/><W95/><G95/><T0/><D66/><U14/><E128/><V65/><F99/><W41/><G41/><T59/><D40/><U97/><E39/><V75/><F105/><W117/><G117/><T1/><D1/><U119/><E119/><V112/><F75/><W37/><G37/><T9/><D49/><N who="1" m="28839" /><E76/><V12/><F73/><W55/><G55/><T43/><D43/><U21/><E74/><V2/><F2/><W29/><G29/><T45/><D45/><U13/><E70/><V52/><F112/><W124/><G124/><N who="2" m="47721" /><F65/><W8/><G8/><N who="0" m="3147" /><D6/><U60/><E15/><V71/><F71/><W98/><REACH who="3" step="1"/><G81/><REACH who="3" ten="255,394,180,161" step="2"/><N who="0" m="49199" /><D0/><U122/><E122/><V79/><F132/><W46/><G46/><T58/><D19/><N who="1" m="10351" /><E54/><V84/><F135/><W26/><G26/><T22/><D22/><U64/><E64/><V78/><AGARI ba="0,1" hai="5,10,12,48,52,57,78,79,82,84,90" m="47721" machi="78" ten="30,2000,0" yaku="18,1,54,1" doraHai="92" who="2" fromWho="2" sc="255,-10,394,-5,180,30,161,-5" /><INIT seed="5,0,0,2,1,50" ten="245,389,210,156" oya="1" hai0="96,41,115,92,30,93,101,89,48,112,8,99,78" hai1="44,63,34,36,116,18,81,91,16,114,126,128,49" hai2="57,20,3,13,135,47,6,106,59,35,108,56,53" hai3="28,37,12,39,31,7,82,0,94,121,21,80,100"/><U61/><E34/><V119/><F106/><W124/><G121/><T68/><D68/><U11/><E36/><V120/><F35/><W109/><G109/><T33/><D30/><U74/><E116/><V64/><F108/><W117/><G117/><T5/><D33/><U52/><E126/><V46/><F3/><W9/><G124/><T85/><D41/><U23/><E128/><V103/><F103/><W122/><G122/><T97/><D48/><U125/><E125/><V98/><F98/><N who="0" m="37994" /><D8/><U60/><E114/><N who="0" m="43561" /><D5/><U90/><E74/><V4/><F6/><W10/><G39/><T73/><D78/><U133/><E11/><V14/><F4/><W24/><G37/><T76/><D76/><U71/><E18/><V25/><F46/><W45/><G45/><T54/><D54/><U51/><E51/><V132/><F53/><W130/><G130/><T105/><D73/><U113/><E71/><V19/><F47/><W107/><G107/><AGARI ba="0,0" hai="85,89,92,93,99,101,105,107" m="43561,37994" machi="107" ten="30,3900,0" yaku="15,1,34,2" doraHai="50" who="0" fromWho="3" sc="245,39,389,0,210,0,156,-39" /><INIT seed="6,0,0,4,5,36" ten="284,389,210,117" oya="2" hai0="132,105,117,131,16,56,91,13,40,61,62,38,21" hai1="33,59,3,124,30,45,67,125,100,75,26,127,17" hai2="109,31,66,42,2,15,80,57,94,108,23,20,25" hai3="115,103,47,5,77,18,118,4,129,134,22,126,113"/><V46/><F2/><W86/><G118/><T112/><D112/><N who="3" m="43081" /><G103/><T133/><D131/><U68/><E75/><V71/><F71/><W128/><G77/><T27/><D105/><U28/><E3/><V84/><F94/><W82/><G82/><T97/><D117/><U19/><E68/><V81/><F15/><N who="3" m="9567" /><G86/><T9/><D97/><U95/><E30/><V123/><F23/><W102/><G102/><T51/><D91/><U44/><E95/><V50/><F123/><W63/><G63/><T120/><D120/><U60/><E100/><V10/><F10/><W1/><G47/><AGARI ba="0,0" hai="17,19,26,28,33,44,45,47,59,60,67,124,125,127" machi="47" ten="40,1300,0" yaku="18,1" doraHai="36" who="1" fromWho="3" sc="284,0,389,13,210,0,117,-13" /><INIT seed="7,0,0,1,5,120" ten="284,402,210,104" oya="3" hai0="33,36,88,123,52,62,19,29,11,18,32,72,109" hai1="124,2,22,58,101,40,78,64,89,59,131,135,119" hai2="31,48,115,30,87,37,91,3,110,26,84,80,75" hai3="83,53,103,61,63,97,133,132,128,114,7,4,68"/><W0/><G114/><T27/><D36/><U8/><E59/><V24/><F37/><W96/><G128/><T107/><D107/><U69/><E89/><V13/><F3/><W98/><G103/><T130/><D72/><U56/><E22/><V94/><F110/><W113/><G113/><T6/><D109/><U39/><E64/><V45/><F75/><W46/><G0/><T111/><D111/><U42/><E40/><V23/><F13/><W54/><G83/><T122/><D33/><U79/><E8/><V12/><F12/><W121/><G121/><T104/><D104/><U25/><E79/><V55/><F115/><W51/><G68/><T118/><D118/><U50/><E58/><V60/><F60/><N who="3" m="23115" /><G54/><T35/><D35/><U82/><E101/><V73/><F73/><W70/><G70/><T127/><D130/><U77/><E131/><V76/><F30/><W81/><G81/><T86/><D123/><U44/><E82/><V14/><F31/><W66/><G66/><T100/><D122/><U112/><E2/><V102/><F102/><W134/><AGARI ba="0,0" hai="4,7,46,51,53,96,97,98,132,133,134" m="23115" machi="134" ten="40,2100,0" yaku="20,1" doraHai="120" who="3" fromWho="3" sc="284,-7,402,-7,210,-7,104,21" /><INIT seed="7,1,0,2,3,82" ten="277,395,203,125" oya="3" hai0="4,51,79,135,101,104,8,31,128,30,19,15,59" hai1="46,21,65,34,56,11,98,84,125,47,29,115,37" hai2="32,61,109,81,108,105,90,33,53,85,9,48,68" hai3="2,22,49,87,122,28,110,1,17,107,52,123,86"/><W40/><G107/><T64/><D128/><U130/><E34/><V24/><F105/><W114/><G40/><T88/><D135/><U0/><E47/><V132/><F132/><W20/><G114/><T44/><D79/><U54/><E37/><V72/><F72/><W14/><G110/><T93/><D101/><U45/><E65/><V16/><F33/><W7/><G1/><T100/><D100/><U117/><E98/><V38/><F38/><W62/><G62/><N who="0" m="37983" /><D4/><U27/><E125/><V113/><F32/><W13/><G2/><T121/><D121/><U95/><E117/><V75/><F75/><W119/><G119/><T43/><D104/><U99/><E115/><V39/><F39/><W92/><G123/><T116/><D116/><U71/><E130/><V111/><F113/><W129/><G129/><T58/><D58/><U25/><E71/><V26/><F61/><W73/><G73/><T69/><D69/><U10/><E46/><N who="2" m="27799" /><F68/><W35/><G35/><T89/><D89/><N who="1" m="55791" /><E45/><V3/><F3/><W126/><G126/><T12/><D12/><AGARI ba="1,0" hai="9,12,16,24,26,81,85,90,108,109,111" m="27799" machi="12" ten="30,3900,0" yaku="25,1,52,1,54,1" doraHai="82" who="2" fromWho="0" sc="277,-42,395,0,203,42,125,0" owari="235,-16.0,395,48.0,245,5.0,125,-37.0" /></mjloggm>