<mjloggm ver="2.3"><GO type="97" lobby="0"/><UN n0="%E3%82%A6%E3%83%AB%E3%83%88%E3%83%A9%E7%AB%8B%E7%9B%B4" n1="%79%32%37%71%36%35%33" n2="%E3%81%9F%E3%81%84%E3%82%89%E3%81%9F%E3%81%84%E3%81%AF%E3%82%93" n3="%4A%75%74%41" dan="15,14,13,13" rate="2071.75,1911.53,1931.07,1993.68" sx="M,M,M,M"/><TAIKYOKU oya="0"/><INIT seed="0,0,0,2,2,112" ten="250,250,250,250" oya="0" hai0="132,38,35,14,27,85,64,17,97,126,23,40,32" hai1="129,42,107,13,70,99,9,5,28,31,36,74,25" hai2="46,48,77,81,87,22,93,53,135,18,113,56,65" hai3="6,134,127,124,128,130,1,10,116,94,125,16,78"/><T90/><D38/><U120/><E129/><N who="3" m="49770" /><G78/><T24/><D40/><U34/><E120/><V30/><F113/><W123/><G94/><T79/><D126/><U29/><E74/><V72/><F135/><W66/><G66/><T103/><D132/><U106/><E70/><V52/><F30/><W111/><G123/><T60/><D79/><U54/><E54/><V88/><F65/><W122/><G122/><T109/><D109/><U55/><E55/><V84/><F72/><W8/><G134/><T105/><D35/><U86/><E86/><V12/><F53/><W102/><G102/><T59/><REACH who="0" step="1"/><D32/><REACH who="0" ten="240,250,250,250" step="2"/><U19/><E42/><V100/><F100/><W83/><G111/><T118/><D118/><U37/><E36/><V26/><F26/><W71/><G116/><T96/><D96/><U69/><E37/><V101/><REACH who="2" step="1"/><F101/><REACH who="2" ten="240,250,240,250" step="2"/><W73/><G124/><T2/><D2/><U41/><E25/><V95/><F95/><AGARI ba="0,2" hai="14,17,23,24,27,59,60,64,85,90,95,97,103,105" machi="95" ten="30,2900,0" yaku="1,1,7,1,53,0" doraHai="112" doraHaiUra="39" who="0" fromWho="2" sc="240,49,250,0,240,-29,250,0" /><INIT seed="0,1,0,0,5,104" ten="289,250,211,250" oya="0" hai0="19,80,35,14,55,8,74,25,21,54,65,3,95" hai1="128,124,100,11,116,122,71,132,105,29,135,117,85" hai2="43,32,50,119,41,6,38,113,5,49,24,39,27" hai3="51,18,126,81,101,84,4,13,92,115,73,23,72"/><T60/><D95/><U66/><E11/><V111/><F113/><W30/><G115/><T57/><D74/><U83/><E29/><V10/><F10/><W17/><G4/><T125/><D125/><U37/><E37/><V0/><F111/><W78/><G126/><T108/><D108/><U75/><E66/><V70/><F70/><W59/><G30/><T96/><D96/><N who="1" m="61575" /><E71/><V131/><F131/><W63/><G18/><T33/><D33/><U56/><E56/><V42/><F32/><W7/><G7/><N who="2" m="2569" /><F0/><W67/><REACH who="3" step="1"/><G51/><REACH who="3" ten="289,250,211,240" step="2"/><N who="2" m="19465" /><F119/><W87/><G87/><T129/><D129/><U12/><E124/><V47/><F47/><W118/><G118/><T90/><D3/><U53/><E128/><V107/><F107/><W76/><G76/><T88/><D35/><U61/><E85/><V97/><F97/><AGARI ba="1,1" hai="13,17,23,59,63,67,72,73,78,81,84,92,97,101" machi="97" ten="40,5200,0" yaku="1,1,52,2,53,0" doraHai="104" doraHaiUra="31" who="3" fromWho="2" sc="289,0,250,0,211,-55,240,65" /><INIT seed="1,0,0,1,2,34" ten="289,250,156,305" oya="1" hai0="39,54,24,68,2,14,60,27,53,127,15,121,101" hai1="85,62,86,97,37,132,103,6,104,79,88,51,32" hai2="52,46,49,4,99,29,129,133,11,63,83,19,13" hai3="111,94,65,18,113,33,43,96,35,21,58,26,122"/><U80/><E37/><V8/><F133/><W77/><G113/><T30/><D39/><U59/><E132/><V98/><F129/><W20/><G122/><T22/><D101/><U31/><E51/><V36/><F36/><W106/><G106/><T9/><D68/><U61/><E6/><V55/><F29/><W110/><G43/><T107/><D107/><U105/><E105/><V118/><F118/><W50/><G77/><T91/><D54/><U100/><E103/><V124/><F124/><W66/><G66/><T78/><D78/><U12/><E12/><N who="2" m="5127" /><F83/><W117/><G117/><T134/><D91/><U108/><E108/><N who="3" m="41514" /><G21/><N who="0" m="15631" /><D53/><U73/><E73/><V72/><F72/><W119/><G119/><T48/><D48/><U45/><E45/><V42/><F42/><W16/><G18/><N who="0" m="12759" /><D60/><U10/><E59/><AGARI ba="0,0" hai="11,13,19,46,49,52,55,59,63,98,99" m="5127" machi="59" ten="30,2000,0" yaku="8,1,54,1" doraHai="34" who="2" fromWho="1" sc="289,0,250,-20,156,20,305,0" /><INIT seed="2,0,0,5,3,133" ten="289,230,176,305" oya="2" hai0="56,104,1,33,115,34,107,88,14,86,49,39,112" hai1="95,108,131,101,129,18,8,122,102,64,123,22,43" hai2="37,6,96,89,71,119,69,32,0,65,25,91,130" hai3="106,118,81,2,126,47,12,60,4,50,98,103,48"/><V117/><F37/><W29/><G118/><T111/><D1/><U82/><E8/><V76/><F130/><N who="1" m="49673" /><E64/><V70/><F65/><W5/><G2/><T54/><D39/><U77/><E43/><V120/><F120/><N who="1" m="46121" /><E95/><V80/><F0/><W74/><G60/><T132/><D14/><N who="1" m="9559" /><E108/><V93/><F6/><W75/><G4/><T57/><D54/><U100/><E100/><V124/><F124/><W114/><G126/><T46/><D111/><U13/><E13/><V31/><REACH who="2" step="1"/><F91/><REACH who="2" ten="289,230,166,305" step="2"/><W72/><G5/><T28/><D88/><U62/><E62/><V53/><F53/><W44/><G114/><T9/><D115/><U20/><E20/><V23/><F23/><W63/><G72/><AGARI ba="0,1" hai="72,77,82,101,102" m="9559,46121,49673" machi="72" ten="30,2000,0" yaku="19,1,13,1" doraHai="133" who="1" fromWho="3" sc="289,0,230,30,166,0,305,-20" /><AGARI ba="0,0" hai="25,31,32,69,70,71,72,76,80,89,93,96,117,119" machi="72" ten="40,2000,0" yaku="1,1,53,0" doraHai="133" doraHaiUra="83" who="2" fromWho="3" sc="289,0,260,0,166,20,285,-20" /><INIT seed="2,1,0,5,1,121" ten="289,260,186,265" oya="2" hai0="27,116,107,129,24,111,93,124,84,16,101,44,86" hai1="98,76,115,42,135,10,53,4,127,77,131,75,29" hai2="13,2,6,34,51,79,9,45,64,40,59,43,20" hai3="8,57,113,105,106,60,114,117,89,72,18,46,39"/><V14/><F34/><W26/><G117/><T109/><D107/><U21/><E115/><V17/><F79/><W91/><G72/><T85/><D116/><U56/><E42/><V73/><F73/><W31/><G105/><T92/><D124/><U61/><E127/><V28/><F28/><W19/><G106/><T100/><D44/><U87/><E135/><V94/><F94/><N who="0" m="36458" /><D16/><N who="3" m="6185" /><G8/><T104/><D104/><U108/><E98/><V99/><F99/><W69/><G69/><T54/><D54/><U12/><E87/><V122/><F122/><W102/><G102/><N who="0" m="39531" /><D129/><U11/><E75/><V82/><F82/><W70/><G70/><T130/><D130/><U96/><E96/><V68/><F68/><W67/><G46/><T48/><D48/><U66/><E53/><N who="2" m="29935" /><F2/><W23/><G39/><T90/><D90/><U97/><E97/><V133/><F133/><W71/><G71/><T50/><D50/><U125/><E125/><V33/><F33/><W49/><G49/><T22/><D22/><U95/><E21/><V36/><F36/><W110/><G113/><T74/><D74/><U3/><E3/><V103/><F103/><W128/><G114/><T65/><D65/><U35/><E66/><V78/><F78/><W83/><G128/><T7/><D7/><U25/><E131/><V126/><F126/><W41/><G83/><T134/><D134/><U119/><E77/><V52/><F64/><W38/><G38/><T30/><D30/><U15/><E29/><V62/><AGARI ba="1,0" hai="6,9,13,14,17,20,40,43,52,59,62" m="29935" machi="62" ten="30,3000,0" yaku="8,1,54,1" doraHai="121" who="2" fromWho="2" sc="289,-11,260,-11,186,33,265,-11" /><INIT seed="2,2,0,3,1,69" ten="278,249,219,254" oya="2" hai0="36,72,104,20,60,117,19,44,24,132,51,82,99" hai1="65,127,124,8,93,2,37,0,114,91,94,54,27" hai2="121,67,7,45,16,53,55,77,32,130,61,85,22" hai3="98,112,14,11,74,42,21,129,84,79,101,33,105"/><V18/><F32/><W30/><G33/><T88/><D117/><U86/><E114/><V15/><F130/><W5/><G129/><T57/><D132/><U62/><E27/><N who="2" m="14791" /><F7/><W96/><G96/><T63/><D72/><U135/><E135/><V12/><F121/><W4/><G112/><T76/><D76/><U73/><E73/><V43/><F15/><W35/><G35/><T100/><D36/><U134/><E54/><V47/><F43/><W133/><G133/><T75/><D75/><U106/><E106/><V102/><F102/><W71/><G71/><T9/><D9/><U68/><E37/><V48/><F77/><W95/><G42/><T122/><D122/><U89/><E134/><V49/><F85/><W10/><G30/><T111/><D111/><U17/><E17/><V92/><F92/><W34/><G34/><T52/><BYE who="3" /><D44/><U113/><E113/><V46/><F67/><W123/><G123/><T128/><D128/><UN n3="%4A%75%74%41" /><U119/><E119/><V25/><F25/><W108/><G108/><T126/><D126/><N who="1" m="48171" /><E8/><N who="2" m="6407" /><F61/><W118/><G118/><T6/><D6/><U56/><E68/><V58/><AGARI ba="2,0" hai="45,46,47,48,49,53,55,58" m="6407,14791" machi="58" ten="30,3000,0" yaku="8,1,54,1" doraHai="69" who="2" fromWho="2" sc="278,-12,249,-12,219,36,254,-12" /><INIT seed="2,3,0,3,1,64" ten="266,237,255,242" oya="2" hai0="77,126,88,104,84,97,61,18,96,40,20,92,123" hai1="93,102,8,73,122,116,108,127,72,113,27,37,48" hai2="106,1,0,11,124,43,22,129,25,90,103,120,9" hai3="15,85,117,19,105,118,52,101,24,33,13,30,110"/><V134/><F43/><W23/><G110/><T29/><D123/><U74/><E48/><V71/><F71/><W53/><G13/><T31/><D126/><U81/><E27/><V57/><F120/><W83/><G101/><T16/><D104/><U66/><E8/><V135/><F57/><W10/><G105/><T63/><D40/><U114/><E66/><V132/><F90/><W60/><G33/><T54/><D18/><U86/><E37/><V112/><F106/><W94/><G94/><T28/><D77/><N who="1" m="46383" /><E122/><V131/><F103/><W78/><REACH who="3" step="1"/><G60/><REACH who="3" ten="266,237,255,232" step="2"/><N who="0" m="23115" /><D54/><AGARI ba="3,1" hai="10,15,19,23,24,30,52,53,54,78,83,85,117,118" machi="54" ten="40,2600,0" yaku="1,1,54,1,53,0" doraHai="64" doraHaiUra="62" who="3" fromWho="0" sc="266,-35,237,0,255,0,232,45" /><INIT seed="3,0,0,2,2,34" ten="231,237,255,277" oya="3" hai0="30,74,14,97,113,16,88,0,28,109,12,38,96" hai1="124,132,106,117,60,52,73,85,119,22,77,42,47" hai2="19,43,116,121,58,91,51,61,15,11,129,90,133" hai3="102,67,76,1,39,118,27,68,35,93,41,54,45"/><W8/><G118/><N who="1" m="45066" /><E106/><V2/><F116/><W105/><G76/><T103/><D74/><U57/><E132/><V46/><F121/><W21/><G54/><T80/><D38/><N who="1" m="21975" /><E124/><V107/><F107/><W115/><G115/><T66/><D109/><U59/><E22/><V53/><F133/><W20/><G93/><T48/><D0/><U6/><E73/><V84/><F129/><W98/><G8/><T5/><D66/><U87/><E77/><V33/><F33/><W10/><G10/><T100/><D113/><U25/><E25/><V126/><F126/><W79/><G79/><T7/><D48/><N who="1" m="30855" /><E6/><V56/><F2/><W112/><G112/><T26/><D26/><U63/><E63/><N who="2" m="36239" /><F84/><W83/><G1/><T134/><D134/><U44/><E44/><V131/><F131/><W125/><G125/><T24/><D24/><U114/><E114/><V127/><F127/><W4/><G4/><T40/><D80/><U81/><E81/><V95/><F95/><W108/><G108/><T31/><D31/><U104/><E104/><V13/><F15/><W71/><G83/><T78/><D78/><U92/><E92/><V70/><F70/><W17/><G71/><T72/><D72/><U75/><E75/><V37/><F37/><W128/><G128/><T49/><D16/><U32/><E32/><V65/><AGARI ba="0,0" hai="11,13,19,43,46,51,58,61,65,90,91" m="36239" machi="65" ten="30,1100,0" yaku="8,1" doraHai="34" who="2" fromWho="2" sc="231,-3,237,-3,255,11,277,-5" /><INIT seed="4,0,0,5,0,45" ten="228,234,266,272" oya="0" hai0="112,14,32,20,59,7,44,103,16,50,113,29,125" hai1="121,46,86,22,102,124,62,70,41,60,76,53,8" hai2="1,79,122,39,37,94,95,2,129,9,71,120,66" hai3="31,118,30,97,72,119,127,130,106,93,75,23,49"/><T5/><D125/><U134/><E124/><V56/><F79/><W108/><G108/><T21/><D103/><U98/><E121/><V68/><F56/><W81/><G106/><T104/><D104/><U42/><E134/><V33/><F9/><W65/><G65/><T107/><D107/><U100/><E8/><V25/><F25/><W84/><G127/><T78/><D78/><U24/><E70/><V47/><F47/><W82/><G130/><T67/><D32/><U13/><E13/><V69/><F66/><W123/><G123/><N who="2" m="47145" /><F129/><W15/><G30/><T110/><D110/><U54/><E86/><V135/><F33/><W91/><G82/><T90/><D90/><U74/><E76/><V115/><F115/><N who="0" m="44106" /><D21/><U55/><E74/><V92/><F135/><W87/><G87/><T105/><D105/><U85/><E85/><V57/><F57/><W28/><G75/><T101/><D101/><N who="1" m="39019" /><E98/><V10/><F10/><W73/><G72/><T77/><D77/><U116/><E116/><V48/><F48/><W18/><G73/><T117/><D117/><U4/><E4/><V88/><F88/><N who="3" m="55463" /><G118/><T43/><D29/><N who="3" m="11337" /><G119/><T114/><N who="0" m="44114" /><T99/><DORA hai="96" /><D99/><U111/><E111/><V132/><F132/><W83/><G83/><T61/><AGARI ba="0,0" hai="5,7,14,16,20,43,44,50,59,61,67" m="44114" machi="61" ten="40,7800,0" yaku="15,1,52,1,54,1" doraHai="45,96" who="0" fromWho="0" sc="228,78,234,-26,266,-26,272,-26" owari="306,40.0,208,-29.0,240,-16.0,246,5.0" /></mjloggm>