<mjloggm ver="2.3"><GO type="97" lobby="0"/><UN n0="%61%6B%6B%69%69" n1="%E6%A1%83%E8%89%B2%E3%81%AE%E5%BD%97%E6%98%9F" n2="%E3%82%A6%E3%83%AB%E3%83%88%E3%83%A9%E7%AB%8B%E7%9B%B4" n3="%76%61%61%61%5F%30%31" dan="14,13,14,15" rate="1908.87,1825.55,1936.45,2010.68" sx="F,F,M,M"/><TAIKYOKU oya="0"/><INIT seed="0,0,0,3,1,28" ten="250,250,250,250" oya="0" hai0="18,29,104,115,55,123,94,97,58,69,1,80,15" hai1="78,74,121,114,87,118,65,16,6,109,135,49,111" hai2="21,83,22,81,48,37,57,35,33,129,5,79,125" hai3="110,120,71,92,24,44,131,59,132,75,56,27,60"/><T90/><D115/><U26/><E118/><V41/><F37/><W130/><G110/><N who="1" m="41994" /><E121/><V43/><F5/><W91/><G120/><T51/><D123/><U101/><E114/><V98/><F98/><W7/><G132/><T133/><D69/><U70/><E135/><V112/><F112/><W39/><G75/><T84/><D1/><U53/><E6/><V68/><F68/><W42/><G7/><T134/><D29/><U34/><E101/><V67/><F67/><N who="3" m="39327" /><G56/><T14/><D104/><U127/><E127/><V95/><F95/><W119/><G71/><T116/><D116/><U86/><E65/><V102/><F102/><W117/><G117/><T30/><D30/><N who="1" m="19799" /><E70/><V54/><F125/><W23/><G23/><T106/><D106/><U105/><E105/><V113/><F113/><W0/><G0/><T103/><REACH who="0" step="1"/><D14/><REACH who="0" ten="240,250,250,250" step="2"/><U89/><E89/><V8/><F79/><W66/><G119/><T4/><D4/><U47/><E16/><V77/><F77/><W17/><G17/><T93/><D93/><U40/><E40/><V96/><F43/><W36/><G42/><T100/><D100/><U3/><E3/><V25/><F41/><W72/><G92/><T9/><AGARI ba="0,1" hai="9,15,18,51,55,58,80,84,90,94,97,103,133,134" machi="9" ten="30,3000,0" yaku="1,1,0,1,53,0" doraHai="28" doraHaiUra="32" who="0" fromWho="0" sc="240,40,250,-10,250,-10,250,-10" /><INIT seed="0,1,0,0,0,70" ten="280,240,240,240" oya="0" hai0="28,22,33,43,35,94,27,41,14,128,49,54,2" hai1="113,117,74,122,7,108,31,110,13,59,64,134,104" hai2="24,23,133,37,19,93,45,88,103,25,58,3,96" hai3="30,121,67,15,36,119,84,120,105,92,114,52,55"/><T8/><D128/><U112/><E104/><V42/><F3/><W6/><G119/><T20/><D94/><U38/><E74/><V77/><F133/><W131/><G131/><T111/><D111/><N who="1" m="42539" /><E134/><V57/><F77/><W129/><G129/><T0/><D0/><U125/><E125/><V40/><F40/><W69/><G105/><T76/><D76/><U63/><E117/><V101/><F25/><W100/><G114/><N who="1" m="44138" /><E122/><N who="3" m="47210" /><G30/><T62/><D62/><U61/><E31/><V72/><F72/><W56/><G69/><T44/><D22/><U106/><E106/><V85/><REACH who="2" step="1"/><F103/><REACH who="2" ten="280,240,230,240" step="2"/><W68/><G100/><T79/><D79/><U60/><E38/><V21/><F21/><W78/><G78/><T116/><D116/><U11/><AGARI ba="1,1" hai="7,11,13,59,60,61,63,64" m="44138,42539" machi="11" ten="40,2700,0" yaku="14,1,11,1" doraHai="70" who="1" fromWho="1" sc="280,-14,240,40,230,-8,240,-8" /><INIT seed="1,0,0,3,4,3" ten="266,280,222,232" oya="1" hai0="74,41,31,64,75,27,115,76,53,108,84,21,117" hai1="128,86,124,46,106,71,48,38,51,72,68,33,7" hai2="119,87,127,17,126,55,45,116,83,99,61,22,118" hai3="110,62,125,16,82,81,123,67,95,109,49,19,5"/><U104/><E72/><V85/><F99/><W47/><G123/><T73/><D117/><U133/><E33/><V121/><F121/><W9/><G125/><T114/><D108/><N who="3" m="41577" /><G95/><T131/><D64/><U28/><E28/><V88/><F85/><W18/><G49/><T89/><D41/><U15/><E38/><V26/><F61/><W111/><G47/><T113/><D131/><U1/><E1/><V105/><F105/><W39/><G39/><T96/><D96/><U92/><E128/><V97/><F97/><W58/><G111/><T129/><D129/><U98/><E124/><N who="2" m="47659" /><F55/><W20/><G20/><T102/><D102/><U6/><E133/><V80/><F45/><W77/><G77/><T60/><D60/><U93/><E98/><V34/><F34/><W132/><G132/><T35/><D53/><U11/><E46/><V56/><F56/><W122/><G122/><T0/><D0/><AGARI ba="0,0" hai="0,5,9,16,18,19,58,62,67,81,82" m="41577" machi="0" ten="30,3900,0" yaku="14,1,52,1,54,1" doraHai="3" who="3" fromWho="0" sc="266,-39,280,0,222,0,232,39" /><INIT seed="2,0,0,4,0,21" ten="227,280,222,271" oya="2" hai0="71,9,2,3,120,80,94,4,121,13,12,38,64" hai1="36,105,90,52,75,26,81,91,112,50,119,70,60" hai2="68,129,47,49,125,72,18,14,55,33,63,7,19" hai3="31,43,1,40,77,101,132,46,124,106,117,42,78"/><V97/><F72/><W56/><G117/><T5/><D38/><U23/><E119/><V74/><F74/><W37/><G124/><T100/><D80/><U122/><E36/><V73/><F73/><W25/><G132/><T134/><D134/><U54/><E112/><V123/><F123/><W131/><G131/><T10/><D64/><U89/><E105/><V83/><F125/><W109/><G1/><T114/><D71/><U28/><E122/><V98/><F33/><W128/><G128/><T35/><D114/><U8/><E8/><N who="2" m="4383" /><F68/><W66/><G109/><T69/><D69/><U104/><E104/><V17/><F129/><W118/><G118/><T115/><D115/><U41/><E41/><N who="2" m="24815" /><F83/><W130/><G130/><T32/><D94/><U103/><E103/><AGARI ba="0,0" hai="2,3,4,5,9,10,12,13,32,35,100,103,120,121" machi="103" ten="25,1600,0" yaku="22,2" doraHai="21" who="0" fromWho="1" sc="227,16,280,-16,222,0,271,0" /><INIT seed="3,0,0,3,2,50" ten="243,264,222,271" oya="3" hai0="104,24,20,93,69,41,88,66,22,1,105,117,27" hai1="97,2,96,80,109,10,40,44,112,124,35,45,84" hai2="92,107,98,30,60,120,18,14,11,9,4,79,100" hai3="46,15,95,81,13,83,67,26,47,119,85,87,12"/><W133/><G119/><T61/><D1/><U113/><E35/><V116/><F116/><W94/><G133/><T90/><D117/><U86/><E109/><V23/><F120/><W134/><G134/><T71/><D41/><U78/><E124/><V74/><F74/><W37/><G67/><T63/><D93/><N who="3" m="35337" /><G37/><T130/><D130/><U16/><E2/><V70/><F79/><W33/><G33/><T127/><REACH who="0" step="1"/><D66/><REACH who="0" ten="233,264,222,271" step="2"/><U82/><E112/><V3/><F107/><W72/><G72/><T43/><D43/><U36/><E113/><V29/><F70/><W55/><G81/><T54/><D54/><U101/><E101/><V89/><F100/><W65/><G83/><T31/><D31/><U135/><E135/><V115/><F115/><W110/><G65/><T0/><D0/><U48/><E82/><V102/><F102/><W125/><G125/><AGARI ba="0,1" hai="20,22,24,27,61,63,69,71,88,90,104,105,125,127" machi="125" ten="25,12000,2" yaku="1,1,22,2,54,1,53,2" doraHai="50" doraHaiUra="56" who="0" fromWho="3" sc="233,130,264,0,222,0,271,-120" owari="363,47.0,264,6.0,222,-18.0,151,-35.0" /></mjloggm>