<mjloggm ver="2.3"><GO type="169" lobby="0"/><UN n0="%E7%99%BD%E9%BB%92%E7%A5%9E" n1="%E7%A2%BA%E8%AA%8D%E4%BA%8B%E9%A0%85" n2="%E3%82%A6%E3%83%AB%E3%83%88%E3%83%A9%E7%AB%8B%E7%9B%B4" n3="%6A%75%6D%70%2D%75%70" dan="16,17,17,16" rate="2096.33,2095.27,2192.55,2039.78" sx="F,M,M,M"/><TAIKYOKU oya="0"/><INIT seed="0,0,0,5,2,68" ten="250,250,250,250" oya="0" hai0="117,65,28,38,74,127,87,7,44,84,57,103,91" hai1="133,24,120,78,111,56,48,25,60,116,108,14,88" hai2="26,105,109,106,46,54,30,51,70,112,72,83,20" hai3="110,73,17,115,81,23,41,39,122,114,11,119,1"/><T64/><D117/><U35/><E116/><V13/><F70/><W61/><G110/><N who="1" m="42026" /><E120/><V113/><F109/><W96/><G122/><T69/><D74/><U53/><E78/><V3/><F3/><W90/><G119/><T40/><D127/><U98/><E35/><V15/><F72/><W63/><G63/><T43/><D103/><U12/><E133/><V128/><F128/><W4/><G61/><T76/><D43/><U36/><E36/><V132/><F132/><W101/><G90/><T22/><D7/><U67/><E12/><V75/><F75/><W50/><G50/><T77/><D57/><N who="1" m="32935" /><E14/><V19/><F13/><W5/><G17/><T130/><D130/><U82/><E82/><V134/><F134/><W62/><G62/><T66/><D69/><U32/><E32/><V125/><F83/><W18/><G18/><T55/><D55/><U52/><E67/><V37/><F37/><W9/><G23/><T99/><D99/><U86/><E86/><V97/><F125/><W6/><G11/><T102/><D87/><U118/><E118/><V107/><REACH who="2" step="1"/><F97/><REACH who="2" ten="250,250,240,250" step="2"/><W58/><G6/><T33/><D38/><U45/><E24/><V129/><F129/><W8/><G8/><AGARI ba="0,1" hai="8,15,19,20,26,30,46,51,54,105,106,107,112,113" machi="8" ten="40,2600,0" yaku="1,1,53,1" doraHai="68" doraHaiUra="16" who="2" fromWho="3" sc="250,0,250,0,240,36,250,-26" /><INIT seed="1,0,0,4,0,17" ten="250,250,276,224" oya="1" hai0="134,28,78,79,129,77,64,22,99,132,96,20,110" hai1="135,10,37,76,83,107,58,55,112,51,72,109,114" hai2="121,6,31,106,130,54,94,47,115,39,65,100,46" hai3="56,70,43,52,29,120,98,89,85,91,18,33,108"/><U116/><E116/><V117/><F106/><W0/><G0/><T59/><D110/><U25/><E135/><N who="0" m="51753" /><D28/><U35/><E109/><V27/><F121/><W128/><G33/><T71/><D71/><U102/><E37/><V82/><F117/><W2/><G29/><T122/><D122/><U7/><E35/><V63/><F130/><W81/><G128/><T57/><D129/><U12/><REACH who="1" step="1"/><E25/><REACH who="1" ten="250,240,276,224" step="2"/><V13/><F27/><W113/><G108/><T49/><D64/><U69/><E69/><V42/><F65/><W53/><G70/><T30/><D30/><U124/><E124/><V36/><F31/><W61/><G120/><T38/><D38/><U24/><E24/><V62/><F39/><W97/><G113/><T16/><D49/><U92/><E92/><V4/><F94/><W95/><G95/><T50/><D50/><U60/><E60/><V44/><F63/><W1/><G61/><T67/><D67/><U119/><E119/><V133/><F62/><W105/><G105/><T14/><D22/><U3/><E3/><V84/><F36/><W8/><G2/><T80/><D80/><U88/><E88/><V23/><F82/><W11/><G1/><T73/><D73/><U5/><E5/><V104/><F6/><W32/><G81/><T111/><D111/><U66/><E66/><V15/><F4/><W86/><G32/><T45/><D45/><U123/><E123/><V21/><F47/><W103/><G89/><T93/><D93/><U9/><E9/><V74/><F46/><W90/><G11/><T126/><D126/><U34/><E34/><RYUUKYOKU ba="0,1" sc="250,15,240,15,276,-15,224,-15" hai0="14,16,20,57,59,77,78,79,96,99" hai1="7,10,12,51,55,58,72,76,83,102,107,112,114" /><INIT seed="1,1,1,5,0,25" ten="265,255,261,209" oya="1" hai0="55,41,74,6,111,52,1,67,49,113,23,117,88" hai1="127,58,87,95,64,61,45,106,33,17,5,9,50" hai2="90,84,36,77,75,46,19,31,83,97,104,54,60" hai3="39,130,71,12,43,35,114,2,13,80,133,26,108"/><U103/><E127/><V34/><F19/><W0/><G80/><T29/><D74/><U96/><E33/><V37/><F46/><W16/><G43/><T32/><D32/><U110/><E17/><V7/><F7/><W126/><G39/><T105/><D105/><U69/><E110/><V28/><F54/><W86/><G71/><T115/><D111/><U62/><E87/><V38/><F60/><W51/><G86/><T118/><D67/><U44/><E106/><V81/><REACH who="2" step="1"/><F34/><REACH who="2" ten="265,255,251,209" step="2"/><W89/><G16/><T132/><D6/><U72/><E45/><V63/><F63/><W107/><G35/><T121/><D55/><U21/><E44/><V30/><F30/><W22/><G51/><T24/><D41/><U119/><E50/><V18/><F18/><W59/><G59/><T92/><D52/><U99/><E61/><V10/><F10/><W56/><G22/><T123/><D49/><U102/><E21/><V3/><F3/><W125/><G2/><T42/><D42/><U73/><E58/><V4/><F4/><W79/><G0/><T68/><D1/><N who="1" m="175" /><E119/><N who="0" m="45577" /><D68/><U129/><E69/><V93/><F93/><W120/><G56/><T91/><D92/><N who="1" m="58631" /><E62/><V20/><F20/><W124/><G124/><T27/><D115/><U131/><E64/><V85/><F85/><W82/><G125/><T116/><D113/><U53/><E53/><V15/><F15/><W14/><G126/><T66/><D116/><U76/><E72/><V65/><F65/><W47/><G114/><T135/><D66/><U78/><E73/><V98/><F98/><W112/><G112/><RYUUKYOKU ba="1,2" sc="265,-15,255,15,251,15,209,-15" hai1="76,78,95,99,103,129,131" hai2="28,31,36,37,38,75,77,81,83,84,90,97,104" /><INIT seed="1,2,2,2,0,16" ten="250,270,266,194" oya="1" hai0="31,45,114,109,67,129,14,21,83,124,11,28,24" hai1="112,53,77,120,85,0,86,127,91,55,121,102,29" hai2="82,60,110,26,89,9,68,104,128,71,117,65,23" hai3="131,13,27,98,66,41,132,103,101,95,39,69,93"/><U76/><E112/><V115/><F104/><W134/><G13/><T130/><D114/><U56/><E0/><V118/><F115/><W54/><G54/><T107/><D107/><U20/><E102/><V94/><F128/><N who="0" m="49258" /><D67/><U1/><E1/><V30/><F71/><W74/><G131/><T116/><D116/><U75/><E127/><V63/><F110/><W81/><G66/><T48/><D109/><U84/><E91/><V105/><F105/><W80/><G69/><T87/><D124/><U78/><E75/><V15/><F63/><W4/><G74/><T42/><D31/><U25/><REACH who="1" step="1"/><E56/><REACH who="1" ten="250,260,266,194" step="2"/><V52/><F118/><W58/><G103/><T99/><D45/><U97/><E97/><V47/><F117/><W37/><G98/><T43/><D99/><U90/><E90/><V72/><F72/><W36/><G101/><T32/><D87/><U7/><E7/><V33/><F89/><W3/><G4/><T79/><D79/><U92/><E92/><V57/><F94/><W113/><G93/><T133/><D83/><U73/><E73/><V111/><F82/><W12/><G95/><T70/><D70/><U50/><E50/><V119/><F111/><W35/><G81/><T64/><D48/><U123/><AGARI ba="2,3" hai="20,25,29,53,55,76,77,78,84,85,86,120,121,123" machi="123" ten="40,12000,1" yaku="1,1,0,1,29,2,52,1,53,0" doraHai="16" doraHaiUra="88" who="1" fromWho="1" sc="250,-42,260,156,266,-42,194,-42" /><INIT seed="1,3,0,2,3,22" ten="208,416,224,152" oya="1" hai0="123,10,70,62,87,41,40,31,93,98,43,71,58" hai1="16,118,56,92,131,35,95,11,133,103,114,7,45" hai2="120,112,96,79,46,82,61,14,129,90,51,127,28" hai3="32,3,30,84,107,99,104,66,29,9,49,105,26"/><U13/><E114/><V113/><F120/><W106/><G30/><T12/><D123/><U85/><E118/><V91/><F127/><W77/><G66/><T59/><D31/><U76/><E56/><V57/><F129/><W34/><G34/><T2/><D87/><U38/><E35/><V116/><F116/><W119/><G119/><T44/><D2/><U117/><E117/><V8/><F28/><W132/><G132/><T97/><D44/><U86/><E131/><V47/><F47/><W55/><G99/><T0/><D0/><U73/><E73/><V83/><F113/><W36/><G36/><T111/><D111/><U50/><E38/><V42/><F112/><W68/><G68/><T108/><D108/><U101/><E133/><V25/><F25/><W74/><G74/><T63/><D93/><N who="1" m="35915" /><E7/><V78/><F96/><W88/><G77/><T6/><D71/><U122/><E122/><V121/><F121/><W72/><G72/><T65/><REACH who="0" step="1"/><D70/><REACH who="0" ten="198,416,224,152" step="2"/><U24/><E85/><V130/><F130/><W33/><G33/><T75/><D75/><U21/><E86/><V19/><F83/><W135/><G135/><T128/><D128/><U115/><E115/><V37/><F82/><W124/><G107/><T48/><D48/><U89/><E50/><V4/><F37/><W23/><G106/><T64/><AGARI ba="3,1" hai="6,10,12,40,41,43,58,59,62,63,64,65,97,98" machi="64" ten="30,7900,0" yaku="1,1,0,1,9,1,8,1,53,0" doraHai="22" doraHaiUra="17" who="0" fromWho="0" sc="198,98,416,-42,224,-23,152,-23" /><INIT seed="2,0,0,2,1,9" ten="296,374,201,129" oya="2" hai0="6,91,0,7,43,116,124,38,110,32,71,68,27" hai1="111,60,93,25,48,119,118,63,79,84,16,69,15" hai2="31,128,23,102,49,67,97,46,28,30,94,57,83" hai3="39,104,10,89,92,73,50,130,82,40,59,37,135"/><V24/><F128/><W41/><G104/><T72/><D72/><U29/><E111/><V81/><F81/><W34/><G34/><T42/><D110/><U62/><E48/><V133/><F83/><W8/><G130/><T122/><D122/><U108/><E108/><V17/><F133/><W126/><G135/><T114/><D114/><U85/><E69/><V129/><F129/><W3/><G126/><T19/><D124/><U112/><E79/><V4/><F4/><W125/><G125/><T132/><D132/><U58/><E58/><V115/><F115/><W101/><G101/><T21/><D32/><U55/><E55/><V54/><REACH who="2" step="1"/><F17/><REACH who="2" ten="296,374,191,129" step="2"/><W78/><G3/><T1/><D19/><U96/><E112/><V53/><F53/><W35/><G82/><T13/><D7/><U117/><E118/><V65/><F65/><W77/><G40/><T86/><D6/><U123/><E119/><V100/><F100/><W22/><G41/><T134/><D0/><U20/><E117/><V105/><F105/><W61/><G73/><T75/><D1/><U52/><E52/><V120/><F120/><W103/><G103/><T80/><D75/><U90/><E123/><V45/><F45/><W76/><G77/><T56/><D134/><U99/><E16/><V121/><F121/><W44/><G76/><T36/><D43/><U5/><E5/><V26/><F26/><W107/><G78/><T64/><D42/><U14/><E25/><V127/><F127/><W66/><G107/><T11/><D64/><U109/><E109/><V18/><F18/><W106/><G66/><RYUUKYOKU ba="0,1" sc="296,-10,374,-10,191,30,129,-10" hai2="23,24,28,30,31,46,49,54,57,67,94,97,102" /><INIT seed="2,1,1,0,1,48" ten="286,364,221,119" oya="2" hai0="62,130,43,44,50,21,17,59,105,13,108,74,99" hai1="125,40,106,100,75,2,77,52,63,67,131,9,98" hai2="19,81,115,129,88,8,73,29,97,0,38,11,85" hai3="34,31,126,82,127,123,116,101,3,109,51,36,112"/><V57/><F38/><W37/><G51/><T135/><D74/><U30/><E40/><V78/><F115/><W4/><G82/><T46/><D108/><U107/><E30/><V61/><F129/><W27/><G101/><T64/><D130/><U14/><E2/><V102/><F29/><W41/><G41/><T15/><D135/><U111/><E131/><V113/><F0/><W114/><G37/><T79/><D79/><U23/><E111/><V119/><F119/><W70/><G70/><T94/><D46/><U5/><E125/><N who="3" m="47626" /><G36/><T39/><D105/><U76/><E107/><V45/><F45/><W58/><G58/><T103/><REACH who="0" step="1"/><D39/><REACH who="0" ten="276,364,221,119" step="2"/><U87/><E76/><V26/><F78/><W22/><G109/><T90/><D90/><U49/><E77/><V117/><F73/><W122/><G116/><T118/><D118/><U110/><E75/><V93/><F117/><W28/><G122/><T89/><D89/><U69/><E110/><V55/><F113/><W92/><G123/><T134/><D134/><U120/><E120/><V71/><F71/><W72/><G72/><T33/><D33/><U56/><E69/><V24/><F24/><AGARI ba="1,2" hai="13,15,17,21,24,43,44,50,59,62,64,94,99,103" machi="24" ten="30,3900,0" yaku="1,1,7,1,8,1,53,0" doraHai="48" doraHaiUra="104" who="0" fromWho="2" sc="276,62,364,0,221,-42,119,0" /><INIT seed="3,0,0,0,3,99" ten="338,364,179,119" oya="3" hai0="8,120,42,129,11,36,33,115,91,93,75,116,62" hai1="130,32,134,2,41,50,40,96,18,48,101,85,105" hai2="112,28,24,125,0,69,51,84,82,70,94,66,135" hai3="122,113,104,95,79,35,81,60,3,5,74,61,97"/><W89/><G104/><T67/><D75/><U9/><E32/><V127/><F0/><W26/><G113/><T118/><D33/><U87/><E134/><V55/><F112/><W121/><G5/><T43/><D120/><U19/><E130/><V126/><F135/><W23/><G3/><T103/><D103/><U22/><E2/><V39/><F39/><W114/><G35/><T56/><D129/><U77/><E9/><V107/><F107/><W44/><G44/><T78/><D78/><U27/><E19/><V63/><F94/><W52/><G61/><T92/><D115/><U54/><E77/><V4/><F4/><W1/><G1/><T34/><D34/><U119/><E119/><V53/><F70/><W31/><REACH who="3" step="1"/><G114/><REACH who="3" ten="338,364,179,109" step="2"/><T108/><D62/><U72/><E105/><V45/><F126/><W88/><G88/><T20/><D91/><U68/><E68/><V131/><F127/><W73/><G73/><T86/><D116/><U110/><E72/><V111/><F125/><W124/><G124/><T100/><D118/><U133/><E133/><V90/><F131/><W12/><G12/><T109/><D108/><U46/><E110/><V123/><F111/><W38/><G38/><T30/><D36/><U21/><E50/><V7/><F7/><W59/><AGARI ba="0,1" hai="23,26,31,52,59,60,74,79,81,89,95,97,121,122" machi="59" ten="30,6000,0" yaku="1,1,0,1,54,1,53,0" doraHai="99" doraHaiUra="47" who="3" fromWho="3" sc="338,-20,364,-20,179,-20,109,70" /><INIT seed="3,1,0,4,2,111" ten="318,344,159,179" oya="3" hai0="77,95,30,11,86,126,50,97,90,7,75,96,69" hai1="61,89,74,73,33,15,79,72,82,42,56,66,8" hai2="76,131,20,58,40,134,68,44,91,118,52,41,88" hai3="19,24,59,135,17,108,121,119,109,85,9,4,10"/><W45/><G121/><T51/><D69/><U87/><E33/><V36/><F118/><W57/><G119/><T25/><D126/><U64/><E42/><V100/><F131/><W116/><G116/><T26/><D75/><U48/><E48/><N who="0" m="18473" /><D77/><U130/><E130/><V104/><F134/><W35/><G135/><T18/><D7/><U34/><E34/><V32/><F32/><W37/><G45/><T112/><D112/><U46/><E46/><V98/><F68/><W3/><G37/><T128/><D128/><U16/><REACH who="1" step="1"/><E66/><REACH who="1" ten="318,334,159,179" step="2"/><V117/><F41/><W43/><G43/><T124/><D124/><U38/><E38/><V127/><F127/><W67/><G67/><T80/><D30/><U120/><E120/><V99/><F117/><W62/><G62/><T39/><D39/><U81/><AGARI ba="1,1" hai="8,15,16,56,61,64,72,73,74,79,81,82,87,89" machi="81" ten="20,5200,0" yaku="1,1,0,1,7,1,54,1,53,0" doraHai="111" doraHaiUra="47" who="1" fromWho="1" sc="318,-14,334,65,159,-14,179,-27" /><INIT seed="4,0,0,1,0,9" ten="304,399,145,152" oya="0" hai0="49,43,123,130,25,47,45,30,64,15,26,41,62" hai1="72,108,22,97,88,76,61,81,119,54,71,46,107" hai2="131,40,32,53,37,56,84,1,68,5,35,80,7" hai3="91,69,42,90,29,92,59,93,118,60,114,11,66"/><T89/><D130/><U85/><E119/><V96/><F68/><W65/><G114/><T106/><D106/><U63/><E108/><V12/><F131/><W52/><G118/><T135/><D135/><U128/><E128/><V6/><F1/><W33/><G42/><T70/><D123/><U129/><E129/><V31/><F40/><W127/><G127/><T58/><D30/><U87/><E71/><V121/><F37/><W44/><G44/><T28/><D28/><U133/><E22/><V14/><F121/><W55/><G29/><T18/><D89/><N who="3" m="33801" /><G69/><T116/><D70/><U21/><E21/><V3/><F3/><W104/><G104/><T27/><D116/><U75/><E87/><V110/><F110/><W39/><G39/><T38/><REACH who="0" step="1"/><D27/><REACH who="0" ten="294,399,145,152" step="2"/><U78/><E107/><V120/><F31/><W77/><G33/><T79/><D79/><U8/><E78/><N who="2" m="46103" /><F35/><W122/><G77/><T112/><D112/><U48/><E133/><V95/><F32/><W100/><G122/><T23/><AGARI ba="0,1" hai="15,18,23,25,26,38,41,43,45,47,49,58,62,64" machi="23" ten="20,7800,0" yaku="1,1,0,1,7,1,52,1,53,0" doraHai="9" doraHaiUra="82" who="0" fromWho="0" sc="294,88,399,-26,145,-26,152,-26" /><INIT seed="4,1,0,3,0,95" ten="382,373,119,126" oya="0" hai0="82,119,107,99,51,74,86,59,4,26,75,83,15" hai1="25,124,63,33,89,41,121,42,132,68,117,81,77" hai2="85,53,29,27,79,101,50,11,93,10,122,109,60" hai3="24,35,72,115,66,129,71,58,1,116,46,32,48"/><T134/><D119/><U118/><E121/><V69/><F109/><W55/><G116/><T70/><D70/><U43/><E132/><V16/><F122/><W133/><G133/><T91/><D26/><U128/><E124/><V73/><F73/><W97/><G72/><T64/><D83/><U125/><E125/><V49/><F69/><W131/><G1/><T84/><D84/><U34/><E128/><N who="3" m="49226" /><G71/><T6/><D134/><U18/><E89/><V54/><F60/><N who="3" m="38167" /><G115/><T126/><D126/><U120/><E120/><V112/><F112/><W2/><G2/><T100/><D6/><U31/><E18/><V19/><F29/><W135/><G135/><T39/><D39/><U8/><E8/><V123/><F123/><W28/><G97/><T3/><D3/><U40/><E34/><AGARI ba="1,0" hai="24,28,32,34,35,46,48,55" m="38167,49226" machi="34" ten="30,1000,0" yaku="19,1" doraHai="95" who="3" fromWho="1" sc="382,0,373,-13,119,0,126,13" /><INIT seed="5,0,0,3,0,83" ten="382,360,119,139" oya="1" hai0="7,94,55,73,50,108,91,0,112,48,43,31,106" hai1="57,24,14,46,135,26,89,69,99,116,42,119,9" hai2="114,23,96,127,126,60,22,81,29,82,21,78,93" hai3="85,109,79,1,68,56,39,47,122,76,13,90,36"/><U63/><E69/><V34/><F114/><W100/><G1/><T65/><D106/><U97/><E135/><V80/><F60/><W130/><G68/><T77/><D65/><U118/><E24/><V67/><F67/><W53/><G122/><T101/><D101/><U88/><E26/><V6/><F6/><W120/><G109/><T113/><D31/><U115/><E115/><V71/><F71/><W75/><G75/><T32/><D32/><U62/><E97/><V25/><REACH who="2" step="1"/><F78/><REACH who="2" ten="382,360,109,139" step="2"/><W19/><G79/><T111/><D77/><U124/><E118/><V44/><F44/><W37/><G76/><T4/><D4/><U49/><E116/><V103/><AGARI ba="0,1" hai="21,22,23,25,29,34,80,81,82,93,96,103,126,127" machi="103" ten="40,2700,0" yaku="1,1,0,1,53,0" doraHai="83" doraHaiUra="51" who="2" fromWho="2" sc="382,-7,360,-13,109,37,139,-7" /><INIT seed="6,0,0,3,4,55" ten="375,347,146,132" oya="2" hai0="100,40,67,81,12,86,51,17,53,59,113,5,64" hai1="21,13,22,41,83,76,19,54,58,125,56,1,60" hai2="68,50,37,119,3,78,85,130,28,45,87,128,11" hai3="75,107,42,46,117,65,23,27,133,47,92,114,70"/><V80/><F37/><W36/><G107/><T8/><D113/><U103/><E1/><V63/><F119/><W15/><G75/><T105/><D40/><U124/><E103/><V126/><F126/><N who="1" m="48745" /><E41/><V77/><F28/><W43/><G117/><T61/><D100/><U115/><E115/><V24/><F24/><W88/><G114/><T120/><D105/><U106/><E106/><V0/><F63/><W72/><G72/><T30/><D30/><U123/><E123/><V25/><F25/><W108/><G108/><T44/><D120/><U82/><E76/><V104/><F68/><W122/><G122/><T79/><D67/><N who="1" m="39319" /><E22/><V96/><F3/><W91/><G65/><T95/><D95/><U129/><E129/><V99/><F0/><W16/><G70/><T4/><AGARI ba="0,0" hai="4,5,8,12,17,44,51,53,59,61,64,79,81,86" machi="4" ten="30,4000,0" yaku="0,1,8,1,52,1" doraHai="55" who="0" fromWho="0" sc="375,40,347,-10,146,-20,132,-10" /><INIT seed="7,0,0,4,1,21" ten="415,337,126,122" oya="3" hai0="101,129,67,51,37,79,76,130,54,134,61,12,72" hai1="81,10,59,88,49,1,15,110,29,31,14,135,65" hai2="45,105,17,35,36,25,68,7,53,92,77,109,113" hai3="106,5,8,112,80,103,28,0,74,86,64,52,132"/><W78/><G112/><T75/><D37/><U71/><E71/><V58/><F105/><W62/><G132/><T39/><D101/><U33/><E1/><V57/><F68/><W66/><G28/><T89/><D39/><U119/><E135/><V84/><F35/><W96/><REACH who="3" step="1"/><G74/><REACH who="3" ten="415,337,126,112" step="2"/><T111/><D75/><U107/><E31/><V121/><F113/><W16/><G16/><T99/><D72/><U38/><E29/><V131/><F17/><W108/><G108/><T44/><D134/><U104/><E110/><V3/><F109/><W47/><G47/><T46/><D111/><U4/><E4/><V48/><F45/><W24/><G24/><T34/><D46/><U133/><E133/><V56/><F25/><W91/><G91/><T9/><D89/><U63/><E88/><V90/><F7/><W73/><G73/><T70/><D79/><U82/><E119/><V102/><F77/><W114/><G114/><T18/><D76/><U123/><E123/><V11/><F121/><W127/><G127/><T43/><D44/><U26/><E26/><V50/><F90/><W117/><G117/><T100/><D18/><U87/><E38/><V85/><F36/><W13/><G13/><T93/><D12/><U32/><E15/><V27/><F27/><W60/><G60/><T94/><D61/><U98/><E14/><V122/><F122/><W23/><G23/><T6/><D6/><U118/><E118/><V41/><F3/><W95/><G95/><T83/><D94/><U124/><E124/><V22/><F92/><W40/><G40/><T126/><D43/><RYUUKYOKU ba="0,1" sc="415,-10,337,-10,126,-10,112,30" hai3="0,5,8,52,62,64,66,78,80,86,96,103,106" /><INIT seed="7,1,1,5,1,66" ten="405,327,116,142" oya="3" hai0="98,23,71,5,131,39,43,46,8,26,2,44,69" hai1="129,88,104,68,108,110,75,85,15,0,95,87,96" hai2="60,124,74,92,91,125,106,38,83,97,94,100,7" hai3="64,117,18,33,101,56,31,14,122,84,47,32,99"/><W62/><G122/><T54/><D131/><U1/><E15/><V30/><F38/><W81/><G117/><T121/><D121/><U48/><E48/><V19/><F7/><W123/><G123/><T13/><D13/><U119/><E119/><V51/><F30/><W102/><G31/><T10/><D10/><U49/><E49/><V128/><F51/><W59/><G47/><T37/><D98/><U36/><E96/><N who="2" m="61703" /><F19/><W61/><G33/><T27/><D54/><U73/><E95/><N who="2" m="56575" /><F60/><W3/><G99/><T58/><D58/><U22/><E104/><V24/><F24/><W112/><G112/><T133/><D133/><U135/><E129/><V34/><F34/><W57/><G32/><T63/><D63/><N who="3" m="24073" /><G3/><T76/><D76/><U16/><E36/><V17/><F128/><W12/><G64/><T130/><D130/><U86/><E135/><V35/><F35/><W115/><G115/><T6/><D5/><U114/><E114/><V25/><F17/><W52/><G52/><T82/><D27/><N who="1" m="14791" /><E68/><V41/><F25/><W113/><G113/><T28/><D82/><N who="1" m="49271" /><E0/><V67/><F41/><AGARI ba="1,1" hai="2,6,8,23,26,28,37,39,41,43,44,46,69,71" machi="41" ten="40,5200,0" yaku="9,1,52,2" doraHai="66" who="0" fromWho="2" sc="405,65,327,0,116,-55,142,0" owari="470,57.0,327,13.0,61,-44.0,142,-26.0" /></mjloggm>