<mjloggm ver="2.3"><GO type="41" lobby="0"/><UN n0="%E8%B5%A4%E3%83%9E%E9%9B%80%E5%A3%AB" n1="%E3%83%81%E3%83%A7%E3%82%BD%E3%83%9C%E3%83%BC%E3%82%A4" n2="%6D%61%6E%61%73%69%6E%6A" n3="%E3%82%A6%E3%83%AB%E3%83%88%E3%83%A9%E7%AB%8B%E7%9B%B4" dan="14,13,13,15" rate="1948.22,1890.73,1910.88,2011.74" sx="M,M,M,M"/><TAIKYOKU oya="0"/><INIT seed="0,0,0,4,5,48" ten="250,250,250,250" oya="0" hai0="57,68,108,26,22,38,42,56,126,106,102,10,8" hai1="132,16,134,112,65,117,28,30,9,83,34,47,127" hai2="40,74,61,124,55,116,84,133,62,122,88,70,90" hai3="82,89,95,103,39,3,25,51,27,5,69,44,135"/><T50/><D68/><U123/><E83/><V121/><F74/><W66/><G39/><T111/><D126/><U80/><E80/><V113/><F113/><W7/><G135/><N who="1" m="51754" /><E65/><V115/><F115/><W79/><G103/><T71/><D71/><U129/><E47/><V98/><F124/><W37/><G37/><T93/><D106/><U35/><E112/><V99/><F133/><W77/><G66/><T67/><D38/><U52/><E52/><V75/><F75/><W21/><G69/><T114/><D114/><U58/><E58/><N who="0" m="22633" /><D67/><U15/><E127/><V36/><F116/><W91/><G79/><T76/><D76/><U105/><E105/><V100/><F70/><W73/><G73/><T110/><D102/><U60/><E60/><V20/><F36/><W104/><G104/><T46/><D93/><U63/><E63/><V12/><F40/><W14/><G77/><T87/><D87/><U101/><E101/><V1/><F1/><W109/><G82/><T11/><D11/><U41/><E41/><V72/><F72/><W18/><G95/><T54/><D42/><U6/><E117/><V29/><F122/><W33/><G91/><T13/><D13/><N who="1" m="5303" /><E123/><V17/><F121/><W118/><G89/><T0/><D0/><U119/><E119/><V23/><F100/><W64/><G3/><T131/><D131/><U49/><E49/><V78/><F62/><W59/><G51/><T19/><AGARI ba="0,0" hai="8,10,19,22,26,46,50,54,108,110,111" m="22633" machi="19" ten="40,7800,0" yaku="14,1,10,1,52,1" doraHai="48" who="0" fromWho="0" sc="250,78,250,-26,250,-26,250,-26" /><INIT seed="0,1,0,4,4,6" ten="328,224,224,224" oya="0" hai0="10,12,118,57,22,21,0,101,135,48,17,23,75" hai1="71,28,29,82,7,76,107,35,80,126,36,56,46" hai2="47,84,43,96,42,81,62,125,111,5,64,108,113" hai3="65,133,27,77,86,110,93,127,51,94,38,4,3"/><T74/><D118/><U30/><E126/><V104/><F113/><W119/><G38/><T128/><D128/><U87/><E107/><V112/><F112/><W58/><G119/><T131/><D131/><U33/><E71/><V60/><F125/><W117/><G127/><T15/><D135/><U124/><E124/><V115/><F115/><W106/><G106/><T1/><D101/><U92/><E92/><V116/><F116/><W78/><G117/><T120/><D120/><U134/><E134/><V16/><F5/><W79/><G110/><N who="2" m="42025" /><F64/><W8/><G133/><T68/><D68/><U109/><E109/><V50/><F43/><W89/><G27/><T25/><D48/><U55/><E82/><V66/><F66/><W45/><G94/><T53/><D53/><U122/><E122/><V132/><F132/><W61/><REACH who="3" step="1"/><G78/><REACH who="3" ten="328,224,224,214" step="2"/><T83/><D25/><U20/><E36/><V72/><F72/><W85/><G85/><T105/><D74/><U129/><E129/><V100/><F16/><W31/><G31/><T34/><D105/><U39/><E39/><V98/><F96/><W11/><G11/><T24/><D75/><U40/><E20/><N who="0" m="7785" /><D83/><U2/><E35/><V114/><F114/><W13/><G13/><T26/><D57/><U102/><E33/><V54/><F54/><AGARI ba="1,1" hai="3,4,8,45,51,54,58,61,65,77,79,86,89,93" machi="54" ten="30,7700,0" yaku="1,1,7,1,52,1,53,1" doraHai="6" doraHaiUra="52" who="3" fromWho="2" sc="328,0,224,0,224,-80,214,90" /><INIT seed="1,0,0,1,2,5" ten="328,224,144,304" oya="1" hai0="32,111,29,90,106,130,78,98,9,60,121,15,36" hai1="116,122,40,68,51,123,101,0,85,94,4,41,69" hai2="74,103,135,55,87,22,77,19,132,31,102,42,104" hai3="107,131,92,24,23,14,21,12,133,96,26,17,84"/><U61/><E116/><V115/><F115/><W110/><G107/><T88/><D36/><U47/><E41/><V16/><F42/><W86/><G110/><T28/><D111/><U35/><E35/><V129/><F129/><W49/><G49/><T44/><D130/><U93/><E94/><V64/><F64/><W73/><G73/><T80/><D32/><U38/><E38/><V97/><F74/><W2/><G2/><T72/><D121/><U127/><E127/><V13/><F55/><W8/><G131/><T1/><D1/><U109/><E109/><V6/><F6/><W43/><G43/><T99/><D44/><U11/><E61/><V65/><F65/><W119/><G119/><T50/><D50/><U71/><REACH who="1" step="1"/><E85/><REACH who="1" ten="328,214,144,304" step="2"/><V18/><F132/><W79/><G133/><T58/><D106/><U83/><E83/><V45/><F135/><W113/><G86/><T57/><D60/><U114/><E114/><V95/><F87/><W108/><G113/><T34/><D34/><U37/><E37/><V100/><F104/><W48/><G84/><T124/><D124/><U70/><N who="1" m="17920" /><DORA hai="30" /><U59/><E59/><V66/><F77/><W125/><G108/><T118/><D118/><U52/><E52/><V89/><F66/><W126/><G126/><T128/><D128/><U105/><E105/><V10/><F45/><W54/><G125/><T117/><D117/><U46/><E46/><V56/><F56/><W91/><G79/><T75/><D75/><U33/><E33/><V7/><F31/><N who="0" m="11850" /><D58/><U134/><E134/><V20/><AGARI ba="0,1" hai="7,10,13,16,18,19,20,22,89,95,97,100,102,103" machi="20" ten="40,8000,1" yaku="0,1,8,1,52,1,54,1" doraHai="5,30" who="2" fromWho="2" sc="328,-20,214,-40,144,90,304,-20" /><INIT seed="2,0,0,1,0,93" ten="308,174,234,284" oya="2" hai0="80,33,12,85,124,36,72,125,116,126,98,21,82" hai1="102,119,14,89,50,105,18,23,73,71,68,134,29" hai2="20,123,62,120,86,41,97,90,104,57,108,40,7" hai3="87,95,60,109,48,5,61,113,52,1,100,10,31"/><V2/><F108/><W9/><G113/><T130/><D33/><U67/><E119/><V121/><F2/><W83/><G109/><T28/><D36/><U99/><E73/><V25/><F7/><W128/><G128/><T22/><D28/><U39/><E39/><V75/><F75/><W118/><G118/><T16/><D130/><U117/><E117/><V110/><F110/><W13/><G31/><T43/><D116/><U69/><E134/><V114/><F114/><W42/><G42/><T32/><D32/><U88/><E67/><V26/><F25/><W59/><G1/><T135/><D135/><U76/><E76/><V74/><F74/><W51/><G10/><N who="0" m="6167" /><D43/><U8/><E29/><V79/><F79/><W58/><G95/><T78/><D98/><U101/><E101/><V37/><F37/><W4/><G100/><T70/><D70/><U91/><E50/><V115/><F115/><W56/><G4/><T112/><D112/><U65/><E65/><V53/><F97/><W64/><G59/><T92/><D92/><U47/><E47/><V46/><F104/><W127/><G127/><T111/><D111/><U30/><E30/><V24/><F26/><W122/><REACH who="3" step="1"/><G122/><REACH who="3" ten="308,174,234,274" step="2"/><T45/><D45/><U129/><E129/><V19/><REACH who="2" step="1"/><F46/><REACH who="2" ten="308,174,224,274" step="2"/><W34/><G34/><T63/><D126/><U66/><E66/><V131/><F131/><W94/><G94/><AGARI ba="0,2" hai="19,20,24,40,41,53,57,62,86,90,94,120,121,123" machi="94" ten="40,2000,0" yaku="1,1,53,0" doraHai="93" doraHaiUra="44" who="2" fromWho="3" sc="308,0,174,0,224,40,274,-20" /><INIT seed="2,1,0,4,4,81" ten="308,174,264,254" oya="2" hai0="30,66,52,65,10,76,23,118,100,44,13,34,43" hai1="0,27,130,36,1,21,17,133,24,99,75,126,124" hai2="20,71,106,127,49,33,116,102,48,8,12,115,59" hai3="128,135,69,72,60,114,29,68,50,28,47,35,64"/><V131/><F116/><W113/><G72/><T56/><D34/><U95/><E75/><V6/><F33/><W132/><G35/><T123/><D123/><U92/><E36/><V89/><F115/><N who="3" m="44043" /><G29/><T51/><D118/><U45/><E45/><V57/><F71/><N who="3" m="42375" /><G28/><T22/><D100/><U110/><E95/><V62/><F131/><W40/><G128/><T86/><D30/><U77/><E77/><V119/><F119/><W129/><G129/><T88/><D76/><U14/><E130/><V83/><F127/><N who="1" m="48681" /><E92/><V97/><F20/><N who="0" m="7722" /><D43/><U18/><E99/><V67/><F59/><W80/><G80/><N who="0" m="49223" /><D56/><U73/><E73/><V63/><F62/><W103/><G103/><T101/><D101/><U134/><E110/><V107/><F106/><W79/><G79/><T70/><D70/><AGARI ba="1,0" hai="40,47,50,68,69,70,132,135" m="42375,44043" machi="70" ten="30,3900,0" yaku="11,1,34,2" doraHai="81" who="3" fromWho="0" sc="308,-42,174,0,264,0,254,42" /><INIT seed="3,0,0,1,0,58" ten="266,174,264,296" oya="3" hai0="116,63,131,2,34,86,88,3,40,68,7,38,10" hai1="18,103,76,118,71,83,37,41,56,89,78,60,54" hai2="72,17,95,87,50,117,1,27,65,134,77,48,102" hai3="132,25,94,59,16,119,5,135,32,81,62,127,15"/><W85/><G94/><T19/><D116/><U51/><E118/><V24/><F117/><W8/><G127/><T49/><D131/><U128/><E128/><V29/><F1/><W109/><G119/><T35/><D38/><U110/><E110/><V4/><F4/><W6/><G109/><T9/><D2/><U106/><E106/><V82/><F134/><N who="3" m="51243" /><G32/><T104/><D104/><U126/><E126/><V30/><F65/><N who="3" m="39135" /><G25/><T96/><D96/><U120/><E120/><V46/><F17/><W100/><G100/><T91/><D91/><AGARI ba="0,0" hai="5,6,8,15,16,81,85,91" m="39135,51243" machi="91" ten="30,5800,0" yaku="20,1,52,1,54,1" doraHai="58" who="3" fromWho="0" sc="266,-58,174,0,264,0,296,58" /><INIT seed="3,1,0,3,1,44" ten="208,174,264,354" oya="3" hai0="113,1,122,6,106,91,117,52,94,20,36,109,96" hai1="43,84,59,130,77,78,31,48,32,87,58,92,80" hai2="134,53,50,54,63,22,60,75,15,29,119,39,74" hai3="57,5,4,51,41,124,108,26,30,49,56,85,102"/><W28/><G102/><T27/><D117/><U88/><E130/><V34/><F119/><W10/><G124/><T70/><D122/><U7/><E32/><V81/><F134/><W89/><G108/><T72/><D109/><U71/><E71/><V101/><F39/><W123/><G123/><T105/><D36/><U11/><E31/><V37/><F37/><W0/><G41/><T86/><D70/><U110/><E78/><V133/><F133/><W23/><G30/><T12/><D1/><U47/><REACH who="1" step="1"/><E110/><REACH who="1" ten="208,164,264,354" step="2"/><V13/><F34/><W55/><G0/><AGARI ba="1,1" hai="0,7,11,43,47,48,58,59,77,80,84,87,88,92" machi="0" ten="30,8000,1" yaku="1,1,2,1,7,1,52,1,54,1,53,0" doraHai="44" doraHaiUra="121" who="1" fromWho="3" sc="208,0,164,93,264,0,354,-83" /><INIT seed="4,0,0,3,2,30" ten="208,257,264,271" oya="0" hai0="89,8,110,131,92,60,38,130,95,70,96,63,50" hai1="55,123,0,14,6,42,39,45,9,49,100,36,69" hai2="135,109,47,32,81,34,119,12,48,80,28,18,77" hai3="10,23,122,101,20,62,104,15,108,105,111,3,65"/><T25/><D38/><U67/><E123/><V74/><F119/><W86/><G105/><T5/><D110/><U115/><E100/><V53/><F109/><W113/><G101/><T33/><D50/><U43/><E115/><V121/><F121/><W26/><G104/><T72/><D72/><U84/><E84/><V76/><F135/><W27/><G86/><T83/><D83/><U98/><E98/><V35/><F28/><W61/><G61/><T73/><D73/><U41/><REACH who="1" step="1"/><E0/><REACH who="1" ten="208,247,264,271" step="2"/><V112/><F112/><W4/><G122/><T126/><D70/><U31/><E31/><V64/><F64/><W24/><G113/><T56/><D131/><U85/><E85/><V90/><F90/><W17/><G108/><T107/><D130/><U52/><E52/><V128/><F128/><W132/><G111/><T44/><D89/><U71/><E71/><V97/><F97/><W78/><G78/><T106/><D96/><U46/><E46/><V103/><F103/><W124/><G132/><T99/><D99/><U16/><E16/><V91/><F91/><W7/><G65/><T59/><D44/><U87/><E87/><V51/><F74/><W54/><G54/><T68/><D68/><U75/><E75/><V22/><REACH who="2" step="1"/><F51/><REACH who="2" ten="208,247,254,271" step="2"/><W118/><G118/><T93/><D107/><U57/><E57/><V94/><F94/><W29/><G29/><T125/><D106/><U66/><E66/><V79/><AGARI ba="0,2" hai="12,18,22,32,34,35,47,48,53,76,77,79,80,81" machi="79" ten="40,8000,1" yaku="1,1,0,1,52,3,53,0" doraHai="30" doraHaiUra="88" who="2" fromWho="2" sc="208,-40,247,-20,254,100,271,-20" /><INIT seed="5,0,0,2,4,46" ten="168,227,354,251" oya="1" hai0="11,28,83,5,79,109,25,74,69,96,121,24,86" hai1="101,33,67,126,9,1,45,63,58,98,20,115,75" hai2="17,19,15,113,48,117,128,81,35,2,12,85,43" hai3="31,123,102,120,87,78,49,100,34,54,18,93,8"/><U99/><E33/><V119/><F35/><W7/><G31/><T107/><D109/><U62/><E75/><V112/><F128/><W122/><G34/><T110/><D110/><U39/><E126/><V13/><F2/><W57/><G18/><T91/><D121/><U134/><E134/><V76/><F43/><W26/><G26/><T95/><D69/><U55/><E115/><N who="2" m="44107" /><F48/><W40/><G40/><T65/><D65/><U108/><E108/><V44/><F44/><W30/><G30/><T4/><D28/><U77/><E77/><V16/><AGARI ba="0,0" hai="12,13,15,16,17,19,76,81,85,117,119" m="44107" machi="16" ten="40,5200,0" yaku="15,1,11,1,54,1" doraHai="46" who="2" fromWho="2" sc="168,-13,227,-26,354,52,251,-13" /><INIT seed="6,0,0,3,3,133" ten="155,201,406,238" oya="2" hai0="40,21,15,28,74,1,129,56,43,47,4,13,101" hai1="93,110,119,116,22,2,80,68,127,85,78,81,82" hai2="115,32,97,86,30,6,49,73,117,42,12,77,66" hai3="76,35,38,122,92,24,102,33,69,108,50,31,135"/><V123/><F123/><W16/><G38/><T104/><D74/><U54/><E68/><V46/><F117/><W36/><G36/><T7/><D56/><U60/><E2/><V87/><F115/><W34/><G69/><T44/><D101/><U113/><E113/><V106/><F66/><W112/><G76/><T10/><D129/><U99/><E110/><V121/><F121/><W58/><G122/><T125/><D104/><U105/><E22/><V94/><F106/><W23/><G112/><T67/><D67/><U84/><E60/><V75/><F73/><W64/><G108/><T95/><D95/><U26/><E26/><V114/><F114/><W126/><G135/><T18/><D28/><U65/><E65/><V57/><F57/><W63/><G50/><T134/><D134/><U79/><E54/><V17/><F6/><W59/><G59/><T83/><D83/><U71/><E71/><V20/><F75/><W91/><G102/><T45/><D125/><U90/><E127/><V3/><F3/><W88/><G126/><T131/><D131/><U55/><E55/><V27/><REACH who="2" step="1"/><F77/><REACH who="2" ten="155,201,396,238" step="2"/><N who="1" m="29193" /><E105/><V118/><F118/><AGARI ba="0,1" hai="80,81,82,84,85,90,93,99,116,118,119" m="29193" machi="118" ten="30,2000,0" yaku="34,2" doraHai="133" who="1" fromWho="2" sc="155,0,201,30,396,-20,238,0" /><INIT seed="7,0,0,4,5,37" ten="155,231,376,238" oya="3" hai0="69,82,76,130,30,8,120,25,111,103,22,54,50" hai1="6,126,74,13,99,128,38,78,40,16,68,97,115" hai2="0,87,49,26,28,60,70,108,117,110,32,45,61" hai3="33,5,7,4,129,67,9,134,135,62,118,63,102"/><W100/><G33/><T1/><D120/><U132/><E68/><V89/><F117/><W75/><G75/><T24/><D111/><U98/><E126/><V41/><F0/><W107/><G118/><T84/><D69/><U64/><E64/><V10/><F10/><W127/><G127/><T133/><D130/><U109/><E109/><V34/><F32/><W90/><G9/><T85/><D133/><N who="3" m="50697" /><G107/><T93/><D1/><U113/><E132/><V96/><F96/><W112/><G129/><T39/><D39/><U27/><E128/><V72/><F72/><W12/><G12/><T116/><D116/><U2/><E27/><V3/><F3/><W123/><G123/><T46/><D8/><U121/><E121/><V73/><F73/><W66/><G90/><T105/><D105/><U29/><E29/><V91/><F89/><W71/><G112/><N who="1" m="43082" /><E6/><N who="3" m="1538" /><W125/><DORA hai="104" /><G125/><T131/><D131/><U114/><E2/><V21/><F34/><W119/><G119/><T11/><D11/><N who="1" m="6207" /><E114/><V51/><F110/><W31/><G31/><T65/><D25/><U20/><E20/><V47/><F108/><W77/><G77/><T83/><D103/><N who="3" m="39465" /><G71/><T80/><D65/><AGARI ba="0,0" hai="62,63,65,66,67" m="39465,1538,50697" machi="65" ten="40,7700,0" yaku="28,2,20,1" doraHai="37,104" who="3" fromWho="0" sc="155,-77,231,0,376,0,238,77" /><INIT seed="7,1,0,1,2,93" ten="78,231,376,315" oya="3" hai0="12,70,61,50,23,117,29,19,56,55,30,119,17" hai1="65,59,118,33,81,3,44,46,115,134,66,122,97" hai2="84,92,133,89,64,24,63,123,49,41,108,77,76" hai3="95,0,126,27,20,131,132,39,78,104,18,85,129"/><W83/><G39/><T121/><D121/><U22/><E33/><V94/><F123/><W107/><G0/><T127/><D127/><U116/><E122/><V25/><F108/><W124/><G18/><T111/><D111/><U90/><E3/><V37/><F133/><W1/><G20/><T135/><D135/><U62/><E134/><V42/><F37/><W98/><G27/><N who="2" m="10313" /><F49/><W125/><G1/><T101/><D70/><U10/><E10/><V75/><F75/><W68/><G68/><T4/><D119/><U73/><E22/><V91/><F63/><W52/><G52/><T51/><D117/><N who="1" m="45163" /><E73/><V38/><F64/><W2/><G2/><T72/><D72/><U43/><E81/><V32/><F32/><W9/><G9/><T80/><D4/><U6/><E6/><V105/><F105/><N who="3" m="40523" /><G132/><T60/><D80/><U26/><E26/><V110/><F110/><W58/><G58/><T128/><D128/><U21/><E21/><V82/><F38/><W112/><G112/><T8/><D61/><N who="1" m="38079" /><E115/><V15/><F15/><W31/><G31/><T57/><D19/><U114/><E114/><V67/><F67/><W99/><G95/><N who="2" m="36393" /><F77/><W88/><G78/><T106/><D8/><U102/><E102/><V109/><F109/><W40/><G40/><AGARI ba="1,0" hai="40,41,42,76,82,84,89,91" m="36393,10313" machi="40" ten="30,1000,0" yaku="8,1" doraHai="93" who="2" fromWho="3" sc="78,0,231,0,376,13,315,-13" owari="78,-42.0,231,-17.0,389,49.0,302,10.0" /></mjloggm>