<mjloggm ver="2.3"><GO type="41" lobby="0"/><UN n0="%76%61%6E%69%6C%6C%65" n1="%E3%82%B7%E3%83%A5%E3%82%A6%E3%82%A9%E3%83%83%E3%83%81" n2="%42%6F%6E%42%6F%6E" n3="%E5%B0%B1%E6%B4%BB%E7%94%9F%40%E5%B7%9D%E6%9D%91%E8%BB%8D%E5%9B%A3" dan="15,14,14,15" rate="1979.24,1908.53,1910.51,1980.90" sx="M,M,M,M"/><TAIKYOKU oya="0"/><INIT seed="0,0,0,1,3,74" ten="250,250,250,250" oya="0" hai0="77,92,75,53,113,109,120,13,1,106,5,66,32" hai1="44,51,72,78,39,27,115,37,80,61,38,42,2" hai2="85,90,98,130,70,55,89,43,111,10,86,36,17" hai3="46,83,107,135,125,30,49,15,122,45,31,11,82"/><T0/><D120/><U84/><E115/><V118/><F70/><W93/><G107/><T100/><D113/><U71/><E2/><V56/><F43/><W108/><G122/><T12/><D12/><U88/><E27/><V67/><F36/><W104/><G104/><T7/><D13/><U112/><E112/><V28/><F28/><N who="3" m="10795" /><G125/><T94/><D32/><U25/><E25/><V81/><F67/><W6/><G135/><T133/><D66/><U40/><E71/><V132/><F132/><W47/><G108/><T99/><D133/><U59/><E42/><V48/><F111/><W54/><G93/><T41/><D53/><U63/><REACH who="1" step="1"/><E59/><AGARI ba="0,0" hai="6,11,15,45,46,47,49,54,59,82,83" m="10795" machi="59" ten="30,1000,0" yaku="8,1" doraHai="74" who="3" fromWho="1" sc="250,0,250,-10,250,0,250,10" /><INIT seed="1,0,0,3,1,64" ten="250,240,250,260" oya="1" hai0="66,22,24,95,49,0,46,26,131,121,83,33,27" hai1="104,34,113,44,13,10,1,11,30,2,5,16,105" hai2="45,91,127,96,120,29,114,94,106,129,62,57,4" hai3="119,59,92,36,89,19,38,55,72,107,133,71,21"/><U14/><E113/><V108/><F4/><W23/><G107/><T130/><D0/><U126/><E44/><V8/><F8/><W60/><G72/><T116/><D33/><U98/><E126/><V37/><F127/><W87/><G119/><T112/><D112/><U118/><E118/><V54/><F114/><W90/><G133/><T132/><D116/><U17/><E98/><V31/><F120/><W93/><G23/><T75/><D132/><U103/><E103/><V97/><F129/><W20/><G21/><T79/><D121/><U32/><E5/><V58/><F58/><W78/><G78/><T76/><D76/><U135/><REACH who="1" step="1"/><E135/><REACH who="1" ten="250,230,250,260" step="2"/><V99/><F106/><W124/><G124/><T128/><D128/><U25/><E25/><V6/><F6/><W28/><G28/><AGARI ba="0,1" hai="1,2,10,11,13,14,16,17,28,30,32,34,104,105" machi="28" ten="25,18000,2" yaku="1,1,22,2,54,1,53,2" doraHai="64" doraHaiUra="35" who="1" fromWho="3" sc="250,0,230,190,250,0,260,-180" /><INIT seed="1,1,0,4,4,59" ten="250,420,250,80" oya="1" hai0="2,72,0,14,108,125,46,37,21,1,29,40,22" hai1="75,50,15,41,134,92,100,113,33,25,68,109,105" hai2="13,45,20,67,89,17,42,74,124,99,34,117,6" hai3="119,11,87,123,128,118,10,98,30,135,93,48,24"/><U39/><E113/><V54/><F117/><W38/><G123/><T65/><D108/><U116/><E68/><V47/><F34/><W70/><G38/><T44/><D125/><U102/><E116/><N who="3" m="44586" /><G70/><T86/><D72/><U129/><E109/><V103/><F124/><W122/><G122/><T53/><D86/><U77/><E39/><V84/><F74/><W61/><G128/><T52/><D29/><U69/><E69/><V97/><F42/><W26/><G135/><T107/><D107/><U73/><E134/><V95/><F99/><W131/><G131/><T43/><D65/><U110/><E110/><V9/><F67/><W91/><G48/><T18/><D22/><U32/><E129/><V94/><REACH who="2" step="1"/><F54/><REACH who="2" ten="250,420,240,80" step="2"/><W133/><G133/><T104/><D104/><U101/><E105/><V27/><AGARI ba="1,1" hai="6,9,13,17,20,27,45,47,84,89,94,95,97,103" machi="27" ten="20,12000,2" yaku="1,1,2,1,0,1,7,1,8,1,53,1" doraHai="59" doraHaiUra="81" who="2" fromWho="2" sc="250,-31,420,-61,240,133,80,-31" /><INIT seed="2,0,0,4,3,50" ten="219,359,373,49" oya="2" hai0="85,73,79,56,1,27,119,104,127,26,37,63,58" hai1="131,9,89,64,87,43,18,93,61,74,57,116,84" hai2="30,33,124,35,100,83,69,67,125,81,120,107,114" hai3="122,29,66,47,7,82,134,36,20,71,12,92,19"/><V49/><F120/><W38/><G122/><T11/><D104/><U17/><E116/><V62/><F114/><W123/><G123/><T99/><D37/><U115/><E115/><V91/><F49/><W5/><G134/><T51/><D73/><U126/><E126/><N who="2" m="48747" /><F91/><W59/><G71/><T4/><D127/><U60/><E131/><V6/><F6/><W130/><G130/><T86/><D119/><U110/><E110/><V45/><F45/><W55/><G66/><T10/><D99/><U2/><E74/><V88/><F88/><W80/><G29/><T54/><D11/><U105/><E105/><V121/><F121/><W52/><G92/><T13/><D1/><U117/><E117/><V98/><F35/><W42/><G36/><T14/><D14/><U32/><E32/><V108/><F108/><W23/><G23/><T106/><D106/><U70/><E43/><V15/><F15/><W0/><G55/><N who="0" m="34207" /><D79/><U132/><E132/><V40/><F40/><W135/><G135/><T44/><D44/><U39/><E39/><V21/><F21/><W118/><G118/><T34/><D34/><U3/><E3/><V103/><F103/><W48/><REACH who="3" step="1"/><G5/><REACH who="3" ten="219,359,373,39" step="2"/><T16/><D4/><U96/><E2/><V46/><F30/><W76/><G76/><T112/><D112/><U90/><E70/><V24/><F33/><W31/><G31/><T65/><D65/><U28/><E28/><V128/><F128/><W75/><G75/><T22/><D22/><U95/><E64/><V102/><F69/><W77/><G77/><T78/><D78/><U109/><E109/><RYUUKYOKU ba="0,1" sc="219,15,359,-15,373,-15,39,15" hai0="10,13,16,26,27,51,54,58,85,86" hai3="0,7,12,19,20,38,42,47,48,52,59,80,82" /><INIT seed="3,1,1,3,3,44" ten="234,344,358,54" oya="3" hai0="42,52,85,95,96,24,64,97,55,45,67,69,57" hai1="0,20,83,29,51,68,107,78,113,49,39,92,4" hai2="94,86,75,27,117,62,105,14,71,131,48,30,121" hai3="17,37,109,90,26,31,63,46,61,33,32,102,104"/><W82/><G32/><T134/><D134/><U133/><E133/><V118/><F75/><W54/><G109/><T43/><D69/><U34/><E107/><V36/><F36/><W88/><G17/><T65/><D85/><U100/><E113/><V93/><F121/><W89/><G82/><T126/><D126/><U3/><E68/><V19/><F105/><W99/><REACH who="3" step="1"/><G37/><REACH who="3" ten="234,344,358,44" step="2"/><T12/><D24/><U124/><E39/><V80/><F118/><W25/><G25/><T110/><D110/><U28/><E34/><V10/><F117/><W119/><G119/><T115/><D115/><U60/><E83/><V91/><F131/><W125/><G125/><T120/><D120/><U87/><E124/><V2/><F80/><W18/><G18/><T9/><D9/><U108/><E108/><V16/><F19/><W98/><G98/><T5/><D97/><U40/><E29/><V101/><F30/><W6/><G6/><T53/><D5/><U7/><E7/><V8/><F8/><W106/><G106/><T103/><D12/><U112/><E4/><V74/><F10/><W66/><G66/><T1/><D1/><U111/><E112/><V116/><F2/><W15/><G15/><T76/><D67/><U58/><E111/><V114/><F14/><W72/><G72/><T77/><D65/><U84/><E0/><V70/><F116/><W81/><G81/><T35/><D35/><U129/><E129/><V122/><F114/><W21/><G21/><T128/><D128/><U56/><E3/><V38/><F122/><W127/><G127/><T123/><D123/><RYUUKYOKU ba="1,2" sc="234,-10,344,-10,358,-10,44,30" hai3="26,31,33,46,54,61,63,88,89,90,99,102,104" /><INIT seed="3,2,2,4,1,69" ten="224,334,348,74" oya="3" hai0="7,96,87,46,85,48,27,64,65,39,5,81,105" hai1="123,80,108,66,41,101,98,94,71,54,23,115,63" hai2="84,127,133,11,17,72,102,51,10,125,77,57,88" hai3="70,76,107,56,75,126,20,89,47,6,131,97,130"/><W24/><G70/><T32/><D39/><U19/><E123/><V31/><F31/><W43/><G126/><N who="2" m="48137" /><F102/><N who="3" m="62927" /><G6/><T16/><D87/><U86/><E115/><V21/><F77/><W36/><G56/><T129/><D129/><N who="3" m="49161" /><G89/><T12/><D27/><U122/><E122/><V33/><F72/><W26/><G20/><N who="0" m="11271" /><D32/><U62/><E108/><V134/><F33/><W90/><G90/><N who="0" m="51503" /><D96/><U111/><E111/><V99/><F99/><W128/><N who="3" m="49169" /><W55/><DORA hai="35" /><G55/><N who="0" m="30103" /><D105/><U8/><E41/><V118/><F118/><W91/><G91/><T82/><D82/><AGARI ba="2,2" hai="24,26,36,43,47,75,76,82" m="49169,62927" machi="82" ten="40,3900,0" yaku="19,1,52,1" doraHai="69,35" who="3" fromWho="0" sc="224,-45,334,0,348,0,74,65" /><INIT seed="3,3,0,1,4,21" ten="179,334,348,139" oya="3" hai0="47,129,122,102,95,1,56,127,67,80,40,44,30" hai1="16,94,74,106,22,120,0,8,97,115,87,100,88" hai2="101,124,126,90,105,107,93,3,111,13,10,75,7" hai3="38,82,35,134,51,119,62,14,42,29,17,132,50"/><W79/><G119/><T34/><D122/><U118/><E120/><V128/><F75/><N who="3" m="43391" /><G38/><T45/><D1/><U2/><E115/><V131/><F3/><W37/><G37/><T18/><D127/><N who="2" m="48682" /><F101/><W65/><G42/><T5/><D5/><U28/><E118/><V83/><F83/><W12/><G29/><T123/><D123/><U43/><E43/><V86/><F111/><W121/><G35/><T84/><D40/><U71/><E71/><V61/><F61/><W11/><G14/><T68/><D68/><U98/><E98/><V104/><AGARI ba="3,0" hai="7,10,13,86,90,93,104,105,107,128,131" m="48682" machi="104" ten="40,1500,0" yaku="18,1" doraHai="21" who="2" fromWho="2" sc="179,-7,334,-7,348,24,139,-10" /><INIT seed="4,0,0,4,0,125" ten="172,327,372,129" oya="0" hai0="81,57,21,56,129,124,1,133,82,20,69,77,110" hai1="72,87,135,53,64,71,123,31,30,96,44,35,3" hai2="45,33,116,59,134,108,66,86,15,92,102,55,84" hai3="5,0,131,128,4,16,22,50,105,13,36,93,75"/><T117/><D69/><U12/><E72/><V26/><F108/><W74/><G105/><T51/><D1/><U39/><E123/><V114/><F116/><W18/><G36/><T79/><D117/><U91/><E3/><V132/><F15/><N who="3" m="9503" /><G50/><T126/><D133/><N who="2" m="51306" /><F114/><W100/><G0/><T119/><D119/><U2/><E2/><V80/><F45/><W6/><G93/><T106/><D106/><U38/><E135/><V88/><F66/><W107/><G100/><T8/><D8/><U113/><E113/><V42/><F42/><W68/><G68/><T34/><D34/><U49/><E96/><V54/><F59/><W43/><G43/><T48/><D110/><U127/><E127/><V98/><F84/><W99/><G99/><T103/><D103/><U41/><E39/><V62/><F62/><W70/><G107/><T109/><D109/><U67/><E67/><V85/><F85/><W104/><G104/><T101/><D101/><U115/><E115/><V17/><F33/><W112/><G112/><T120/><D120/><U9/><E35/><V46/><F46/><W63/><G63/><T24/><D24/><U10/><E64/><V76/><F102/><W40/><G40/><T25/><D25/><U90/><E71/><V19/><F26/><W58/><G58/><T118/><D118/><U7/><E38/><V94/><F94/><W95/><G95/><T32/><D32/><U52/><E41/><V97/><F97/><W47/><G47/><T83/><D83/><U11/><E53/><AGARI ba="0,0" hai="17,19,53,54,55,76,80,86,88,92,98" m="51306" machi="53" ten="30,2000,0" yaku="20,1,54,1" doraHai="125" who="2" fromWho="1" sc="172,0,327,-20,372,20,129,0" /><INIT seed="5,0,0,2,2,98" ten="172,307,392,129" oya="1" hai0="26,109,99,29,134,30,6,130,40,75,57,32,11" hai1="135,1,131,53,17,115,84,89,48,59,133,19,125" hai2="23,35,20,69,74,88,62,27,28,70,60,38,95" hai3="9,72,78,112,110,10,24,111,45,63,92,113,47"/><U123/><E123/><V118/><F74/><W102/><G63/><T68/><D75/><U8/><E115/><N who="3" m="44106" /><G24/><T82/><D109/><N who="3" m="41481" /><G72/><T61/><D130/><U83/><E131/><V5/><F38/><W77/><G92/><T44/><D30/><U104/><E125/><V80/><F80/><W58/><G58/><T52/><D82/><U97/><E104/><V126/><F126/><W50/><G50/><T51/><D134/><N who="1" m="51211" /><E97/><V39/><F39/><W79/><G102/><T117/><D99/><U64/><E64/><V96/><F70/><W93/><G93/><T22/><D68/><U41/><E41/><V66/><F62/><W43/><G43/><T65/><D117/><U31/><E31/><V107/><F118/><W13/><G13/><T46/><D46/><AGARI ba="0,0" hai="9,10,45,46,47,77,78,79" m="41481,44106" machi="46" ten="40,5200,0" yaku="28,2,15,1" doraHai="98" who="3" fromWho="0" sc="172,-52,307,0,392,0,129,52" /><INIT seed="6,0,0,3,1,63" ten="120,307,392,181" oya="2" hai0="90,112,26,62,61,9,95,43,27,108,70,117,37" hai1="79,119,128,85,120,99,65,58,0,71,109,33,22" hai2="2,69,13,132,53,123,116,56,1,113,135,31,66" hai3="6,114,74,110,17,54,126,50,14,134,68,87,3"/><V80/><F116/><W130/><G110/><T122/><D108/><U11/><E109/><V100/><F123/><W75/><G68/><T92/><D122/><U36/><E119/><V20/><F100/><W84/><G126/><T76/><D117/><U129/><E120/><V97/><F97/><W21/><G134/><N who="2" m="51241" /><F80/><W23/><G130/><N who="1" m="50282" /><E33/><V121/><F121/><W77/><G114/><T42/><D112/><U40/><E71/><V16/><F31/><W39/><G39/><T59/><D70/><U38/><E99/><V55/><F113/><W104/><G104/><T98/><D62/><N who="1" m="38103" /><E40/><V15/><F15/><W29/><G3/><N who="2" m="1033" /><F69/><W72/><G77/><T47/><D43/><U96/><E96/><V5/><F5/><W125/><G6/><T111/><D111/><U41/><E41/><V57/><F57/><W115/><G115/><T10/><D95/><U51/><E51/><V81/><F81/><W7/><G7/><T86/><D10/><U28/><E11/><V34/><F34/><W83/><G72/><T60/><D60/><AGARI ba="0,0" hai="13,16,20,53,55,56,60,66" m="1033,51241" machi="60" ten="30,5800,0" yaku="20,1,52,1,54,1" doraHai="63" who="2" fromWho="0" sc="120,-58,307,0,392,58,181,0" /><INIT seed="6,1,0,4,4,92" ten="62,307,450,181" oya="2" hai0="8,53,56,78,110,87,129,114,119,45,80,73,28" hai1="94,22,107,27,36,76,127,1,69,57,88,20,55" hai2="115,117,50,13,19,96,11,66,108,118,95,48,81" hai3="40,109,4,14,16,75,102,42,130,35,0,65,5"/><V67/><F108/><W120/><G109/><T6/><D110/><U83/><E69/><V33/><F33/><W25/><G75/><T113/><D129/><U82/><E36/><V74/><F115/><W132/><G130/><T90/><D119/><U77/><E1/><V104/><F104/><W125/><G120/><T26/><D45/><U29/><E107/><V71/><F67/><W70/><G125/><T30/><D113/><U105/><E105/><V9/><F9/><W52/><G102/><T93/><D26/><U116/><E116/><V21/><F11/><W112/><G112/><T58/><D58/><U68/><E68/><V18/><F18/><W49/><G132/><T17/><D17/><U2/><E2/><V84/><F74/><W79/><G79/><N who="1" m="30282" /><E22/><V133/><F133/><W15/><G0/><T128/><D128/><U51/><E127/><V54/><F71/><W39/><G39/><T31/><D114/><U99/><AGARI ba="1,0" hai="20,27,29,51,55,57,82,83,88,94,99" m="30282" machi="99" ten="30,4000,0" yaku="8,1,52,1,54,1" doraHai="92" who="1" fromWho="1" sc="62,-11,307,43,450,-21,181,-11" /><INIT seed="7,0,0,1,4,105" ten="51,350,429,170" oya="3" hai0="126,87,84,29,22,51,73,10,50,41,65,117,26" hai1="1,101,52,82,25,47,62,27,71,83,107,118,43" hai2="12,92,63,127,131,78,4,99,0,67,112,123,130" hai3="23,28,55,42,91,77,89,108,18,37,66,113,86"/><W36/><G108/><T76/><D117/><U31/><E118/><V30/><F0/><W109/><G109/><T85/><D65/><U19/><E1/><V110/><F78/><W7/><G113/><T16/><D126/><U90/><E90/><V132/><F110/><W13/><G66/><T95/><D95/><U17/><E25/><V68/><F112/><W32/><G77/><T96/><D96/><U120/><E120/><V15/><F127/><W119/><G119/><T134/><D134/><U70/><E70/><V3/><F30/><W129/><G129/><N who="2" m="49161" /><F132/><W124/><G124/><T45/><D10/><U72/><E83/><V20/><F20/><W5/><G89/><T80/><REACH who="0" step="1"/><D51/><REACH who="0" ten="41,350,429,170" step="2"/><U133/><E133/><V9/><F123/><W115/><G115/><T116/><D116/><U56/><E107/><V111/><F111/><W114/><G37/><T24/><D24/><U2/><E27/><V122/><F122/><W100/><G36/><T94/><D94/><U6/><E82/><V61/><F61/><W46/><G114/><T81/><D81/><U60/><E60/><V49/><F49/><W39/><G39/><T40/><D40/><U135/><E62/><V128/><F128/><W11/><G42/><T121/><D121/><U14/><E43/><V88/><AGARI ba="0,1" hai="3,4,9,12,15,63,67,68,88,92,99" m="49161" machi="88" ten="30,2000,0" yaku="19,1,54,1" doraHai="105" who="2" fromWho="2" sc="41,-5,350,-5,429,30,170,-10" owari="36,-46.0,345,15.0,459,55.0,160,-24.0" /></mjloggm>