<mjloggm ver="2.3"><GO type="169" lobby="0"/><UN n0="%52%69%2D%4D%6F%2D" n1="%E3%82%A6%E3%83%AB%E3%83%88%E3%83%A9%E7%AB%8B%E7%9B%B4" n2="%E3%81%B5%E3%81%81%E3%81%AB%EF%BD%9E%E3%81%AB%E3%82%87" n3="%E3%81%8A%E3%81%98%E3%81%95%E3%82%93" dan="17,16,16,17" rate="2134.64,2121.14,2054.81,2136.39" sx="M,M,M,M"/><TAIKYOKU oya="0"/><INIT seed="0,0,0,3,3,44" ten="250,250,250,250" oya="0" hai0="122,28,26,12,68,51,94,49,5,40,118,100,41" hai1="93,115,77,54,67,121,91,111,37,99,29,106,127" hai2="131,64,61,24,10,78,123,15,80,21,97,119,87" hai3="73,126,96,33,83,107,75,110,113,104,63,108,27"/><T39/><D118/><U103/><E37/><V9/><F123/><W6/><G6/><T116/><D116/><U45/><E67/><V105/><F119/><W56/><G113/><T69/><D122/><U13/><E121/><V36/><F36/><W133/><G133/><T14/><D39/><U34/><E29/><V109/><F109/><N who="3" m="42091" /><G126/><T18/><D5/><U19/><E34/><V70/><F131/><W88/><G27/><T120/><D120/><U32/><E32/><V52/><F15/><N who="0" m="5674" /><D28/><U11/><E111/><V38/><F38/><W101/><G33/><T4/><D4/><U72/><E127/><V42/><F42/><N who="0" m="16490" /><D69/><U58/><E115/><V76/><F76/><N who="3" m="44431" /><G56/><T124/><D68/><U117/><E117/><V102/><REACH who="2" step="1"/><F52/><REACH who="2" ten="250,250,240,250" step="2"/><W98/><G63/><T129/><D129/><U125/><E125/><V3/><F3/><W17/><G17/><AGARI ba="0,1" hai="9,10,17,21,24,61,64,70,78,80,87,97,102,105" machi="17" ten="30,3900,0" yaku="1,1,7,1,53,1" doraHai="44" doraHaiUra="16" who="2" fromWho="3" sc="250,0,250,0,240,49,250,-39" /><INIT seed="1,0,0,0,2,121" ten="250,250,289,211" oya="1" hai0="131,30,109,43,76,105,79,41,86,8,42,29,111" hai1="91,115,3,74,81,71,135,18,66,50,65,98,17" hai2="101,51,59,68,103,4,23,92,129,124,67,75,7" hai3="55,13,14,48,62,34,94,35,116,56,78,80,106"/><U2/><E115/><V46/><F75/><W10/><G116/><T127/><D105/><U84/><E74/><V39/><F129/><W90/><G94/><T83/><D131/><U72/><E72/><V97/><F124/><W40/><G90/><T118/><D118/><U110/><E3/><V11/><F103/><W104/><G80/><T58/><D127/><U113/><E2/><V89/><F11/><W69/><G78/><T82/><D58/><U54/><E113/><V102/><F102/><W126/><G126/><T28/><REACH who="0" step="1"/><D8/><REACH who="0" ten="240,250,289,211" step="2"/><U37/><E71/><V95/><F59/><W63/><G69/><T114/><D114/><U53/><E66/><V5/><F67/><W107/><G10/><T9/><D9/><U26/><E65/><V132/><F68/><W70/><G70/><T45/><D45/><U47/><E135/><V16/><F132/><W130/><G130/><T77/><D77/><U21/><E47/><V108/><F46/><W24/><G40/><T36/><D36/><U93/><E37/><V52/><F39/><W33/><REACH who="3" step="1"/><G24/><REACH who="3" ten="240,250,289,201" step="2"/><T134/><D134/><U117/><E117/><V61/><F5/><W128/><G128/><T100/><D100/><U125/><E125/><V120/><F7/><W1/><G1/><T133/><D133/><U25/><E25/><N who="2" m="14567" /><F4/><W73/><G73/><AGARI ba="0,2" hai="28,29,30,41,42,43,73,76,79,82,83,86,109,111" machi="73" ten="40,5200,0" yaku="1,1,52,2,53,0" doraHai="121" doraHaiUra="20" who="0" fromWho="3" sc="240,72,250,0,289,0,201,-52" /><INIT seed="2,0,0,3,4,103" ten="312,250,289,149" oya="2" hai0="111,67,119,2,122,26,17,98,116,25,19,65,4" hai1="16,80,56,43,94,5,104,72,117,33,81,115,68" hai2="39,59,29,128,91,92,121,6,3,77,76,50,8" hai3="10,7,52,15,45,21,14,105,23,112,31,132,69"/><V125/><F121/><W131/><G69/><T95/><D122/><U40/><E68/><V12/><F39/><W118/><G118/><N who="0" m="45099" /><D111/><U110/><E33/><V18/><F128/><W60/><G131/><T55/><D55/><U99/><E115/><V66/><F125/><W53/><G112/><T79/><D79/><U126/><E5/><V78/><F29/><W74/><G74/><T129/><D129/><U54/><E104/><V127/><F127/><W86/><G132/><T120/><D120/><U46/><E110/><V133/><F133/><W123/><G123/><T38/><D38/><U106/><E106/><V57/><F66/><N who="0" m="25098" /><D4/><U51/><E126/><V75/><F75/><W30/><G45/><T47/><D47/><U48/><E72/><V83/><F83/><W101/><G60/><T64/><D64/><U11/><E43/><V107/><F107/><W135/><G7/><T58/><D58/><U0/><E0/><V108/><F108/><W70/><G70/><T73/><D2/><U114/><E114/><V32/><F50/><W134/><G134/><T84/><D84/><U42/><E42/><V109/><F109/><W88/><G135/><T1/><D1/><U85/><E85/><N who="2" m="52335" /><F3/><W61/><G61/><T20/><D73/><U37/><E37/><V22/><F6/><W9/><G86/><T44/><D44/><U62/><E51/><V87/><F87/><W71/><G71/><T124/><D124/><U130/><E130/><V49/><F49/><W28/><G53/><T41/><D41/><U82/><E117/><V89/><F59/><W97/><G52/><RYUUKYOKU ba="0,0" sc="312,0,250,0,289,0,149,0" /><INIT seed="3,1,0,0,2,30" ten="312,250,289,149" oya="3" hai0="71,88,116,95,63,27,87,86,10,73,12,38,82" hai1="90,32,42,28,59,47,67,53,23,129,78,50,92" hai2="118,77,76,40,43,75,6,58,7,120,33,102,36" hai3="57,69,65,97,51,85,128,93,41,104,17,35,2"/><W62/><G2/><T119/><D73/><U81/><E129/><V74/><F102/><W44/><G128/><T79/><D38/><U55/><E32/><V107/><F107/><W105/><G85/><T22/><D71/><U70/><E70/><V20/><F20/><W134/><G134/><T91/><D63/><U19/><E28/><V11/><F58/><W84/><G84/><T46/><D46/><U94/><E94/><V54/><F54/><W83/><G83/><T111/><D111/><U15/><E67/><V29/><F118/><W9/><G35/><T66/><D66/><U64/><E64/><V106/><F106/><W5/><G17/><T80/><D22/><U60/><E55/><V122/><F11/><W126/><G126/><T37/><D27/><U96/><E81/><V56/><F56/><W3/><REACH who="3" step="1"/><G69/><REACH who="3" ten="312,250,289,139" step="2"/><T1/><D1/><U109/><E109/><V123/><F33/><W117/><G117/><T114/><D116/><U125/><E125/><V45/><F29/><W135/><G135/><T8/><D119/><U115/><E115/><V48/><F75/><W18/><G18/><N who="0" m="8471" /><D114/><U101/><E78/><N who="2" m="30315" /><F74/><W13/><G13/><T61/><D79/><U16/><E19/><V108/><F108/><W103/><AGARI ba="1,1" hai="3,5,9,41,44,51,57,62,65,93,97,103,104,105" machi="103" ten="20,3900,0" yaku="1,1,0,1,7,1,53,0" doraHai="30" doraHaiUra="121" who="3" fromWho="3" sc="312,-14,250,-14,289,-14,139,52" /><INIT seed="3,2,0,5,2,31" ten="298,236,275,191" oya="3" hai0="43,35,13,59,48,56,18,55,96,19,4,108,1" hai1="36,86,116,8,113,120,115,74,66,45,69,58,6" hai2="78,129,76,130,103,133,72,28,38,25,93,23,15" hai3="62,88,71,117,92,7,77,40,37,91,5,60,95"/><W21/><G117/><T101/><D108/><U135/><E120/><V67/><F38/><W49/><G37/><T29/><D1/><U20/><E116/><V89/><F133/><W82/><G71/><T22/><D43/><U122/><E122/><V73/><F103/><W131/><G131/><N who="2" m="50185" /><F67/><W54/><G40/><T75/><D75/><N who="2" m="28746" /><F15/><W14/><G77/><T57/><D35/><U10/><E74/><V84/><AGARI ba="2,0" hai="23,25,28,76,78,84,89,93" m="28746,50185" machi="84" ten="30,1100,0" yaku="19,1" doraHai="31" who="2" fromWho="2" sc="298,-5,236,-5,275,17,191,-7" /><INIT seed="4,0,0,5,3,105" ten="293,231,292,184" oya="0" hai0="48,40,57,107,113,80,46,71,123,99,87,58,135" hai1="101,115,55,124,10,68,89,119,117,0,32,33,111" hai2="90,126,5,15,69,2,120,21,74,28,116,4,7" hai3="102,93,14,61,95,110,25,73,67,100,30,131,23"/><T78/><D123/><U76/><E68/><V72/><F120/><W24/><G110/><T62/><D113/><U56/><E111/><V17/><F69/><W96/><G131/><T22/><D135/><U45/><E101/><V98/><F2/><W118/><G118/><T106/><D22/><U36/><E33/><V121/><F121/><W109/><G109/><T82/><D82/><U108/><E108/><V75/><F116/><W85/><G85/><T79/><D78/><U26/><E124/><V13/><F126/><W43/><G43/><T127/><D127/><U54/><E54/><V103/><F28/><W122/><G122/><T3/><D3/><U11/><E11/><V81/><F90/><W18/><G25/><T59/><REACH who="0" step="1"/><D99/><REACH who="0" ten="283,231,292,184" step="2"/><U31/><E115/><V47/><F81/><W50/><G23/><T88/><D88/><U84/><E76/><V37/><F98/><W77/><G96/><T91/><D91/><U19/><E0/><V104/><F103/><W39/><G77/><T134/><D134/><U128/><E89/><V49/><F21/><W41/><G102/><T133/><D133/><U112/><E112/><V92/><F92/><W64/><G100/><T70/><D70/><U42/><E119/><V53/><F104/><W114/><G95/><T20/><D20/><U34/><E117/><V63/><F7/><W132/><G93/><T1/><D1/><U12/><E34/><V9/><F5/><W60/><G132/><T130/><D130/><U65/><E128/><V97/><F97/><W129/><G114/><T27/><D27/><U6/><E26/><RYUUKYOKU ba="0,1" sc="283,30,231,-10,292,-10,184,-10" hai0="40,46,48,57,58,59,62,71,79,80,87,106,107" /><INIT seed="4,1,1,0,1,30" ten="313,221,282,174" oya="0" hai0="21,68,66,135,54,13,7,57,44,72,33,79,27" hai1="128,0,11,116,70,20,38,103,74,55,89,83,110" hai2="45,40,111,8,53,41,19,82,4,56,16,75,58" hai3="9,60,49,95,114,124,102,104,36,134,46,105,12"/><T35/><D135/><U127/><E55/><V5/><F111/><W97/><G134/><T39/><D72/><U115/><E89/><V76/><F4/><W32/><G114/><T18/><D79/><U78/><E103/><V6/><F5/><W10/><G124/><T132/><D132/><U59/><E59/><V62/><F58/><W93/><G36/><T90/><D90/><U118/><E83/><V131/><F131/><W112/><G112/><T125/><D125/><U47/><E47/><V133/><F133/><W106/><G32/><T98/><D98/><U92/><E92/><V71/><F71/><W129/><G129/><T31/><D7/><U94/><E11/><V24/><F24/><W34/><G34/><T25/><D66/><U15/><E15/><V77/><F77/><W29/><G29/><T43/><D68/><U23/><E0/><V22/><F22/><W109/><G109/><T86/><D86/><U117/><E110/><V50/><REACH who="2" step="1"/><F41/><REACH who="2" ten="313,221,272,174" step="2"/><W37/><G10/><T73/><D73/><U120/><E20/><V17/><F17/><W28/><G9/><T123/><D123/><U87/><E23/><V126/><F126/><W26/><G26/><T80/><D27/><U85/><E120/><V3/><AGARI ba="1,2" hai="3,6,8,16,19,40,45,50,53,56,62,75,76,82" machi="3" ten="20,5200,0" yaku="1,1,0,1,7,1,54,1,53,0" doraHai="30" doraHaiUra="108" who="2" fromWho="2" sc="313,-27,221,-14,272,75,174,-14" /><INIT seed="5,0,0,2,4,2" ten="286,207,347,160" oya="1" hai0="16,77,108,48,60,94,58,96,25,126,81,26,70" hai1="27,0,92,51,115,35,76,114,44,127,6,46,135" hai2="131,59,113,67,31,20,120,53,103,99,102,62,61" hai3="37,43,50,133,23,93,79,39,116,63,117,13,7"/><U82/><E127/><V98/><F120/><W28/><G133/><T90/><D108/><U80/><E135/><V95/><F131/><W71/><G79/><T101/><D126/><U88/><E35/><V21/><F113/><N who="1" m="43017" /><E27/><V8/><F8/><N who="3" m="4255" /><G93/><T55/><D70/><U17/><E17/><V9/><F9/><W85/><G85/><N who="0" m="48303" /><D101/><U100/><E100/><V11/><F11/><W104/><G104/><T56/><D16/><U57/><E6/><V33/><F33/><W47/><G71/><T129/><D129/><U107/><E107/><V38/><F38/><W24/><G63/><T64/><AGARI ba="0,0" hai="25,26,48,55,56,58,60,64,90,94,96" m="48303" machi="64" ten="30,1100,0" yaku="8,1" doraHai="2" who="0" fromWho="0" sc="286,11,207,-5,347,-3,160,-3" /><INIT seed="6,0,0,3,3,2" ten="297,202,344,157" oya="2" hai0="14,24,75,25,8,0,45,54,62,77,109,6,22" hai1="28,115,69,21,48,56,64,81,94,119,60,105,50" hai2="89,87,111,96,66,34,99,63,11,131,103,40,7" hai3="37,3,88,95,36,86,26,13,84,68,114,110,100"/><V30/><F40/><W35/><G3/><T70/><D109/><U51/><E105/><V19/><F19/><W53/><G110/><T79/><D75/><U83/><E119/><V17/><F17/><W125/><G125/><T130/><D130/><U82/><E115/><V101/><F131/><W46/><G114/><T78/><D0/><U107/><E107/><V117/><F117/><W20/><G68/><T134/><D134/><U72/><E72/><V118/><F118/><W85/><G100/><T65/><REACH who="0" step="1"/><D22/><REACH who="0" ten="287,202,344,157" step="2"/><U27/><REACH who="1" step="1"/><E94/><REACH who="1" ten="287,192,344,157" step="2"/><V58/><F111/><W128/><G128/><T108/><D108/><U127/><E127/><V49/><F34/><W120/><G35/><T98/><D98/><U43/><E43/><V42/><F99/><W9/><G120/><T44/><D44/><U47/><E47/><V67/><F96/><W32/><G32/><T112/><D112/><U1/><E1/><V129/><F129/><W80/><G46/><T18/><D18/><U121/><E121/><V106/><F106/><W123/><G123/><T135/><D135/><U61/><E61/><V33/><F42/><W124/><G124/><T4/><D4/><U23/><E23/><V52/><F63/><W102/><G95/><T93/><D93/><U91/><E91/><V126/><F126/><W39/><G88/><T116/><D116/><U10/><E10/><V133/><F133/><W57/><G9/><T90/><D90/><U38/><E38/><V31/><F33/><W29/><G20/><T16/><D16/><U41/><E41/><V74/><F89/><W113/><G39/><RYUUKYOKU ba="0,2" sc="287,15,192,15,344,-15,157,-15" hai0="6,8,14,24,25,45,54,62,65,70,77,78,79" hai1="21,27,28,48,50,51,56,60,64,69,81,82,83" /><INIT seed="7,1,2,0,0,91" ten="302,207,329,142" oya="3" hai0="133,131,23,38,92,74,98,73,83,27,7,48,87" hai1="57,17,34,88,29,107,85,21,72,33,30,123,111" hai2="130,5,41,120,15,28,68,53,8,106,50,49,122" hai3="117,37,99,45,26,62,101,115,114,54,56,55,14"/><W22/><G117/><T36/><D7/><U11/><E72/><V124/><F106/><W96/><G14/><T109/><D109/><U13/><E107/><V19/><F68/><W3/><G3/><T47/><D73/><U63/><E111/><V75/><F75/><W108/><G108/><T76/><D74/><U58/><E58/><V81/><F28/><W125/><G125/><T1/><D1/><U80/><E123/><N who="2" m="47147" /><F130/><W104/><G99/><T89/><D133/><U102/><E102/><V135/><F135/><W51/><REACH who="3" step="1"/><G37/><REACH who="3" ten="302,207,329,132" step="2"/><T43/><D131/><U2/><E2/><V128/><F124/><W31/><AGARI ba="1,3" hai="22,26,31,45,51,54,55,56,62,96,101,104,114,115" machi="31" ten="30,6000,0" yaku="1,1,2,1,0,1,53,0" doraHai="91" doraHaiUra="134" who="3" fromWho="3" sc="302,-21,207,-21,329,-21,132,93" /><INIT seed="7,2,0,5,5,42" ten="281,186,308,225" oya="3" hai0="62,102,98,68,13,72,15,47,99,53,52,6,28" hai1="50,109,37,87,44,111,63,40,38,135,108,117,20" hai2="83,60,130,75,41,94,91,132,122,33,82,92,65" hai3="35,10,81,43,5,45,74,36,0,112,128,11,26"/><W107/><G112/><T8/><D72/><U84/><E84/><V79/><F33/><W2/><G128/><T80/><D68/><U88/><E117/><V114/><F114/><W9/><G107/><T120/><D120/><U22/><E135/><V61/><F132/><W105/><G105/><T51/><D28/><U29/><E63/><V73/><F130/><W71/><G71/><T127/><D127/><U59/><E29/><V85/><F122/><W133/><G133/><T12/><D80/><U104/><E104/><V55/><F41/><W100/><G100/><T3/><D3/><U134/><E134/><V58/><F75/><W96/><G96/><N who="0" m="36907" /><D102/><U106/><E106/><V24/><F24/><W16/><G0/><T7/><D6/><U54/><REACH who="1" step="1"/><E38/><REACH who="1" ten="281,176,308,225" step="2"/><V101/><F73/><W76/><G35/><T46/><D62/><U18/><E18/><V14/><F61/><W115/><G115/><T27/><D7/><U124/><E124/><V86/><F65/><W70/><G70/><T66/><D66/><U93/><AGARI ba="2,1" hai="20,22,37,40,44,50,54,59,87,88,93,108,109,111" machi="93" ten="30,8000,1" yaku="1,1,0,1,52,1,54,1,53,1" doraHai="42" doraHaiUra="90" who="1" fromWho="1" sc="281,-22,176,96,308,-22,225,-42" /><INIT seed="8,0,0,0,5,42" ten="259,272,286,183" oya="0" hai0="126,112,5,68,76,35,123,58,38,77,74,63,106" hai1="26,60,6,40,96,14,107,33,131,124,86,116,117" hai2="128,67,71,103,84,62,8,31,93,129,16,28,100" hai3="4,36,89,55,79,87,102,114,94,70,27,66,109"/><T54/><D123/><U125/><E86/><V72/><F72/><W127/><G109/><T95/><D106/><U50/><E60/><V25/><F84/><W99/><G114/><T65/><D112/><U51/><E131/><N who="2" m="50251" /><F93/><W48/><G127/><N who="1" m="48714" /><E26/><V52/><F52/><W30/><G36/><T53/><D35/><U57/><E33/><N who="2" m="20623" /><F31/><W3/><G79/><T69/><D126/><U113/><E113/><V108/><F108/><W64/><G4/><T133/><D133/><U119/><E57/><V34/><F34/><W1/><G1/><T85/><D38/><U78/><E78/><N who="0" m="30313" /><D68/><U61/><E61/><V115/><F115/><W91/><G3/><T101/><D69/><U104/><E51/><V75/><F75/><W49/><G70/><T132/><D132/><U98/><E107/><V32/><F32/><W10/><G10/><T18/><D5/><U120/><E104/><V21/><F8/><W88/><G87/><T24/><D74/><U20/><E120/><V97/><F97/><W92/><G92/><T81/><D81/><U37/><E37/><V43/><F43/><W15/><G15/><AGARI ba="0,0" hai="15,16,21,62,67,71,100,103" m="20623,50251" machi="15" ten="30,2000,0" yaku="19,1,54,1" doraHai="42" who="2" fromWho="3" sc="259,0,272,0,286,20,183,-20" owari="259,-14.0,272,7.0,306,41.0,163,-34.0" /></mjloggm>