<mjloggm ver="2.3"><GO type="97" lobby="0"/><UN n0="%E3%82%A6%E3%83%AB%E3%83%88%E3%83%A9%E7%AB%8B%E7%9B%B4" n1="%E2%98%86%E3%82%B7%E3%83%A3%E3%83%81%E3%83%8F%E3%82%B2%CE%B2%E2%98%86" n2="%79%75%6D%69%6B%69%6B%61" n3="%E6%9C%B1%E3%81%84%E9%9B%80" dan="14,15,14,13" rate="1965.65,2018.34,1919.75,1873.98" sx="M,M,M,M"/><TAIKYOKU oya="0"/><INIT seed="0,0,0,0,5,105" ten="250,250,250,250" oya="0" hai0="63,15,111,122,107,98,61,1,24,129,121,9,65" hai1="82,40,8,44,81,112,77,0,69,11,23,135,37" hai2="60,87,74,35,66,119,7,50,30,62,21,4,115" hai3="13,54,97,91,33,110,109,39,75,25,41,84,95"/><T48/><D1/><U117/><E117/><V96/><F115/><W56/><G41/><T10/><D129/><U124/><E112/><V134/><F35/><W49/><G39/><T32/><D111/><N who="3" m="42505" /><G13/><T31/><D48/><U123/><E123/><V78/><F134/><W131/><G131/><T127/><D127/><U34/><E124/><V104/><F60/><W85/><G33/><T64/><D10/><U100/><E34/><V3/><F50/><W99/><G25/><T76/><D76/><U51/><E69/><V6/><F3/><W19/><G75/><T83/><D83/><U2/><E37/><V47/><F47/><W27/><G85/><T103/><D63/><U12/><E2/><V73/><F87/><W52/><G54/><T70/><REACH who="0" step="1"/><D65/><REACH who="0" ten="240,250,250,250" step="2"/><U38/><E0/><V102/><F78/><W46/><G46/><T26/><D26/><U71/><E77/><V114/><F114/><W94/><G94/><T101/><D101/><U125/><E100/><V14/><F119/><W59/><G59/><T132/><D132/><U126/><E135/><V55/><F66/><W80/><G80/><T72/><D72/><U93/><E82/><V79/><F79/><W89/><G89/><T133/><D133/><U120/><E81/><V28/><F73/><W22/><AGARI ba="0,1" hai="19,22,27,49,52,56,84,91,95,97,99" m="42505" machi="22" ten="30,2000,0" yaku="14,1,54,1" doraHai="105" who="3" fromWho="3" sc="240,-10,250,-5,250,-5,250,30" /><INIT seed="1,0,0,2,0,107" ten="230,245,245,280" oya="1" hai0="12,84,31,105,29,81,47,62,0,56,113,2,4" hai1="42,94,75,19,77,104,38,58,60,32,46,49,109" hai2="97,112,16,87,135,132,117,86,35,41,91,5,1" hai3="89,85,40,133,79,57,25,80,53,67,126,21,27"/><U125/><E104/><V20/><F35/><W51/><G133/><N who="2" m="51273" /><F117/><W39/><G126/><T88/><D105/><U93/><E125/><V8/><F112/><W55/><G67/><N who="0" m="39367" /><D2/><U115/><E115/><V14/><F41/><W30/><G39/><T123/><D0/><U3/><E3/><V114/><F114/><W82/><G40/><T90/><D113/><U106/><E106/><V127/><F127/><W17/><G53/><T70/><D70/><U95/><E32/><V66/><F66/><W22/><G79/><N who="0" m="46143" /><D47/><U78/><E109/><V13/><F97/><W28/><G80/><T96/><D123/><U129/><E129/><V99/><F14/><W68/><G68/><T121/><D121/><U92/><N who="1" m="24064" /><DORA hai="34" /><U83/><E19/><AGARI ba="0,0" hai="17,19,21,22,25,27,28,30,51,55,57,82,85,89" machi="19" ten="30,3900,0" yaku="7,1,9,1,8,1" doraHai="107,34" who="3" fromWho="1" sc="230,0,245,-39,245,0,280,39" /><INIT seed="2,0,0,5,4,27" ten="230,206,245,319" oya="2" hai0="54,43,36,115,94,73,118,18,56,66,128,101,29" hai1="20,98,113,85,44,52,91,37,120,8,49,50,5" hai2="84,9,17,83,81,119,65,3,40,28,133,71,12" hai3="122,35,131,134,34,107,33,53,100,51,130,60,25"/><V61/><F119/><W112/><G122/><T116/><D73/><U102/><E113/><V41/><F133/><W15/><G112/><T109/><D66/><U126/><E126/><V69/><F69/><W23/><G60/><T16/><D43/><U75/><E75/><V0/><F81/><W19/><G134/><T1/><D36/><U78/><E37/><V7/><F0/><W74/><G74/><T6/><D6/><U111/><E111/><V59/><F71/><W31/><G100/><T106/><D106/><U129/><E129/><V108/><F108/><W92/><G92/><T95/><D1/><U124/><E124/><V26/><F83/><W58/><REACH who="3" step="1"/><G107/><REACH who="3" ten="230,206,245,309" step="2"/><T32/><D115/><U82/><E120/><V76/><F76/><W11/><AGARI ba="0,1" hai="11,15,19,23,25,31,33,34,35,51,53,58,130,131" machi="11" ten="40,8000,1" yaku="1,1,2,1,0,1,52,1,53,0" doraHai="27" doraHaiUra="123" who="3" fromWho="3" sc="230,-20,206,-20,245,-40,309,90" /><INIT seed="3,0,0,0,5,0" ten="210,186,205,399" oya="3" hai0="112,68,71,70,101,2,37,60,20,94,15,131,43" hai1="36,61,124,24,38,86,88,59,53,45,21,13,58" hai2="4,64,102,74,125,41,33,80,98,65,14,129,73" hai3="39,23,117,69,107,121,1,29,104,48,87,30,31"/><W25/><G39/><T67/><D2/><U81/><E124/><V55/><F41/><W9/><G69/><T103/><D103/><U118/><E118/><V108/><F33/><W110/><G117/><T132/><D43/><U91/><E13/><V19/><F4/><W51/><G121/><T113/><D37/><U54/><E45/><V82/><F74/><W128/><G128/><T26/><D15/><U35/><E35/><V84/><F125/><W92/><G110/><T22/><D22/><U56/><E56/><V17/><F17/><W18/><G107/><T78/><D78/><N who="1" m="46391" /><E36/><V66/><F73/><W122/><G104/><T119/><D119/><U111/><E38/><V123/><F108/><W134/><G134/><T96/><D132/><U90/><E111/><V99/><F129/><W89/><REACH who="3" step="1"/><G122/><REACH who="3" ten="210,186,205,389" step="2"/><T85/><D131/><U27/><E21/><V83/><F123/><W75/><G75/><T34/><D70/><U3/><E3/><V46/><F102/><W120/><G120/><T52/><D68/><U49/><AGARI ba="0,1" hai="24,27,49,53,54,58,59,61,88,90,91" m="46391" machi="49" ten="30,2000,0" yaku="8,1,54,1" doraHai="0" who="1" fromWho="1" sc="210,-5,186,30,205,-5,389,-10" owari="205,-19.0,216,2.0,200,-30.0,379,47.0" /></mjloggm>