<mjloggm ver="2.3"><GO type="97" lobby="0"/><UN n0="%E2%98%85%E9%BA%BB%E5%B0%86%E7%AB%B6%E6%8A%80%E6%84%9B%E5%A5%BD%E8%80%85" n1="%E2%99%AA%E3%83%89%E3%83%B3%E3%82%B8%E3%83%A3%E3%83%A9%E2%99%AA" n2="%E3%82%A6%E3%83%AB%E3%83%88%E3%83%A9%E7%AB%8B%E7%9B%B4" n3="%53%49%47%4D%41" dan="14,14,15,14" rate="1910.57,1956.52,1983.65,1901.48" sx="M,M,M,M"/><TAIKYOKU oya="0"/><INIT seed="0,0,0,1,1,89" ten="250,250,250,250" oya="0" hai0="68,96,84,25,62,121,15,21,45,44,3,72,28" hai1="9,129,46,10,83,85,100,70,108,47,26,30,127" hai2="56,75,134,5,69,128,107,106,102,115,55,31,52" hai3="117,20,86,63,4,60,13,1,23,105,42,71,125"/><T87/><D72/><U111/><E70/><V130/><F69/><W73/><G117/><T43/><D3/><U12/><E100/><V88/><F75/><W126/><G73/><T8/><D121/><U38/><E127/><V112/><F31/><W116/><G116/><T93/><D62/><U24/><E129/><N who="2" m="49771" /><F5/><W82/><G105/><N who="2" m="39945" /><F102/><W97/><G97/><T76/><D68/><U77/><E38/><V33/><F33/><W39/><G1/><T27/><D27/><U92/><E26/><V7/><F7/><W74/><G74/><T34/><D34/><U17/><E9/><V81/><F81/><W109/><G42/><T78/><D78/><U29/><E29/><V66/><F134/><W53/><G39/><T6/><D76/><U119/><E119/><V18/><F18/><W37/><G37/><T36/><REACH who="0" step="1"/><D45/><REACH who="0" ten="240,250,250,250" step="2"/><U133/><E133/><V110/><F56/><N who="3" m="34831" /><G71/><T95/><D95/><U79/><E92/><V124/><F124/><W101/><G126/><T11/><D11/><U103/><E77/><V59/><F59/><W104/><G125/><T54/><D54/><U61/><E61/><V114/><F52/><W99/><G63/><T122/><D122/><U0/><E0/><V2/><F55/><W98/><G104/><T123/><D123/><U91/><E79/><V35/><F2/><W19/><G23/><T50/><D50/><U64/><E47/><V118/><F35/><W40/><G20/><T80/><D80/><U135/><E46/><V131/><F131/><W22/><G40/><T58/><D58/><U51/><E135/><V94/><F118/><RYUUKYOKU ba="0,1" sc="240,30,250,-10,250,-10,250,-10" hai0="6,8,15,21,25,28,36,43,44,84,87,93,96" /><INIT seed="0,1,1,2,1,80" ten="270,240,240,240" oya="0" hai0="73,102,109,120,103,126,23,61,88,92,26,131,96" hai1="122,52,55,45,101,135,115,13,51,65,112,69,57" hai2="56,64,105,44,95,94,15,9,3,49,30,107,99" hai3="42,116,14,32,77,123,8,72,48,41,59,21,79"/><T98/><D120/><U71/><E101/><V29/><F3/><W75/><G32/><T35/><D35/><U70/><E13/><V121/><F105/><W111/><G116/><T18/><D73/><U66/><E122/><V20/><F107/><W130/><G123/><T90/><D131/><U43/><E135/><V134/><F134/><W62/><G130/><T84/><D126/><U25/><E25/><V38/><F38/><W24/><G75/><T46/><D46/><U93/><E93/><V31/><F121/><W129/><G129/><T113/><D113/><N who="1" m="43595" /><E55/><V39/><F39/><AGARI ba="1,1" hai="39,43,45,51,52,57,65,66,69,70,71" m="43595" machi="39" ten="40,8000,1" yaku="11,1,34,2,54,1" doraHai="80" who="1" fromWho="2" sc="270,0,240,93,240,-83,240,0" /><INIT seed="1,0,0,1,0,54" ten="270,333,157,240" oya="1" hai0="60,133,126,62,57,74,44,111,14,80,78,61,87" hai1="114,59,5,25,26,7,94,121,84,33,11,19,88" hai2="130,56,30,0,52,124,49,108,43,12,4,134,116" hai3="64,98,3,65,105,96,41,75,36,99,110,15,135"/><U129/><E121/><V10/><F116/><W51/><G3/><T128/><D111/><U27/><E129/><V79/><F108/><W82/><G110/><T45/><D126/><U8/><E114/><V118/><F118/><W22/><G105/><T117/><D117/><U38/><E38/><V132/><F124/><W55/><G36/><T125/><D125/><U119/><E119/><V83/><F130/><W122/><G122/><T48/><D128/><U32/><E19/><V42/><F30/><W93/><G41/><T35/><D35/><U21/><E21/><V102/><F102/><W127/><G127/><T72/><D133/><N who="2" m="51306" /><F0/><W77/><G135/><T104/><D104/><U107/><E107/><V1/><F1/><W24/><G15/><T100/><D100/><U28/><E33/><V89/><F89/><W70/><G70/><T17/><D72/><AGARI ba="0,0" hai="4,10,12,42,43,49,52,56,72,79,83" m="51306" machi="72" ten="30,3900,0" yaku="20,1,52,1,54,1" doraHai="54" who="2" fromWho="0" sc="270,-39,333,0,157,39,240,0" /><INIT seed="2,0,0,0,4,48" ten="231,333,196,240" oya="2" hai0="61,28,71,101,12,74,52,93,37,114,27,30,131" hai1="84,51,35,32,105,83,87,64,24,5,2,65,31" hai2="18,118,103,20,95,47,129,106,29,21,121,111,43" hai3="16,26,17,109,92,50,45,117,127,76,6,59,46"/><V53/><F106/><W104/><G117/><T112/><D74/><U9/><E105/><V3/><F3/><W110/><G104/><T78/><D78/><U98/><E35/><V68/><F68/><W14/><G76/><T0/><D0/><U57/><E98/><N who="2" m="59871" /><F121/><W132/><G6/><T10/><D37/><U39/><E39/><V133/><F118/><W22/><G132/><T42/><D42/><U23/><E87/><V75/><F75/><W19/><G127/><T122/><D131/><U80/><E83/><V125/><F125/><W108/><G92/><T38/><D38/><U94/><E94/><V58/><F133/><W88/><G88/><T63/><D122/><U11/><E11/><V119/><F119/><W56/><G19/><T102/><D71/><U33/><E65/><V60/><F129/><W89/><G89/><T67/><D67/><U123/><E123/><V77/><F77/><W73/><G73/><T7/><D102/><U66/><E66/><V113/><F113/><W115/><G115/><T134/><D63/><U91/><E64/><V97/><F111/><N who="3" m="28419" /><W34/><DORA hai="86" /><G34/><T79/><D79/><U13/><E2/><V25/><F97/><W82/><G82/><T90/><D101/><U135/><E135/><V99/><F99/><W55/><G46/><T96/><D134/><U44/><E57/><V49/><F21/><AGARI ba="0,0" hai="14,16,17,21,22,26,45,50,55,56,59" m="28419" machi="21" ten="40,5200,0" yaku="14,1,52,1,54,1" doraHai="48,86" who="3" fromWho="2" sc="231,0,333,0,196,-52,240,52" /><INIT seed="3,0,0,1,1,100" ten="231,333,144,292" oya="3" hai0="65,40,73,89,97,21,96,19,30,82,70,90,67" hai1="18,131,122,116,31,12,86,43,49,51,127,85,133" hai2="80,41,118,108,46,71,78,130,105,95,4,7,119" hai3="81,102,76,63,99,38,17,52,115,54,88,123,92"/><W27/><G123/><T14/><D30/><U44/><E122/><V60/><F95/><W72/><G38/><T0/><D0/><U47/><E127/><V77/><F130/><W132/><G115/><T134/><D134/><U37/><E131/><V87/><F108/><W125/><G125/><T35/><D35/><U32/><E133/><V91/><F91/><W69/><G132/><T16/><D40/><U68/><E68/><V121/><F121/><W126/><G126/><T39/><D39/><U61/><E61/><V101/><F60/><W79/><G79/><T23/><D82/><U124/><E124/><V45/><F71/><W29/><G17/><T9/><D73/><U15/><E116/><V25/><F25/><W57/><G69/><T6/><D70/><U106/><E106/><V62/><F62/><W53/><G102/><T55/><D55/><U66/><E66/><V104/><F101/><W103/><G103/><T111/><D111/><U33/><E37/><V93/><F93/><W13/><G13/><T58/><D58/><U64/><E64/><V28/><F28/><W114/><G114/><T84/><D6/><U135/><E135/><V56/><F56/><W34/><AGARI ba="0,0" hai="27,29,34,52,53,54,57,63,72,76,81,88,92,99" machi="34" ten="20,7800,0" yaku="0,1,7,1,54,2" doraHai="100" who="3" fromWho="3" sc="231,-26,333,-26,144,-26,292,78" owari="205,-19.0,307,11.0,118,-38.0,370,46.0" /></mjloggm>