<mjloggm ver="2.3"><GO type="97" lobby="0"/><UN n0="%E6%84%9B%E7%94%9F%EF%BC%8B%EF%BC%8B%EF%BC%8B" n1="%E5%85%AB%E6%84%8F%E6%B7%BB%E8%8A%B1" n2="%E3%82%A6%E3%83%AB%E3%83%88%E3%83%A9%E7%AB%8B%E7%9B%B4" n3="%79%61%6E%34%34%34%34" dan="14,13,15,14" rate="1911.74,1830.55,2042.66,1966.06" sx="M,F,M,M"/><TAIKYOKU oya="0"/><INIT seed="0,0,0,2,1,86" ten="250,250,250,250" oya="0" hai0="110,126,121,107,79,58,72,71,120,44,49,42,78" hai1="27,82,56,130,19,94,117,102,1,105,128,96,22" hai2="70,47,108,68,127,37,2,53,26,113,45,28,43" hai3="125,109,87,92,97,69,133,23,15,91,104,112,32"/><T114/><D107/><U88/><E117/><V57/><F2/><W18/><G112/><T40/><D71/><N who="2" m="27178" /><F26/><W73/><G69/><T54/><D114/><U16/><E1/><V80/><F80/><W95/><G125/><T65/><D126/><U132/><E132/><V5/><F5/><W60/><G133/><T62/><D110/><U115/><E115/><V129/><F28/><W75/><G109/><T101/><D101/><U39/><E39/><V85/><F85/><W17/><G32/><T135/><D135/><U63/><E82/><V10/><F10/><W41/><G104/><T4/><D4/><U83/><E83/><V50/><F113/><W76/><G76/><T89/><D72/><U103/><E19/><V29/><F29/><W46/><G60/><T123/><REACH who="0" step="1"/><D89/><REACH who="0" ten="240,250,250,250" step="2"/><U134/><E134/><V25/><F127/><W30/><G75/><T7/><D7/><U61/><E61/><V106/><F106/><W6/><G73/><T77/><AGARI ba="0,1" hai="40,42,44,49,54,58,62,65,77,78,79,120,121,123" machi="77" ten="40,3900,0" yaku="1,1,0,1,53,0" doraHai="86" doraHaiUra="98" who="0" fromWho="0" sc="240,49,250,-13,250,-13,250,-13" /><INIT seed="0,1,0,1,4,7" ten="289,237,237,237" oya="0" hai0="8,117,79,66,27,123,127,24,109,43,38,50,106" hai1="89,86,22,21,36,18,82,128,118,37,72,119,84" hai2="98,13,81,126,14,28,111,70,40,130,120,62,88" hai3="102,132,11,75,4,44,17,48,39,87,83,3,63"/><T58/><D106/><U41/><E128/><V122/><F40/><W56/><G132/><T1/><D117/><U74/><E41/><V10/><F28/><W26/><G102/><T93/><D123/><U20/><E18/><V67/><F130/><W76/><G17/><T29/><D127/><U46/><E46/><V95/><F111/><W34/><G34/><T131/><D131/><U90/><E22/><V5/><F126/><W114/><G114/><T110/><D38/><U85/><E86/><V6/><F81/><AGARI ba="1,0" hai="20,21,36,37,72,74,81,82,84,85,89,90,118,119" machi="81" ten="25,1600,0" yaku="22,2" doraHai="7" who="1" fromWho="2" sc="289,0,237,19,237,-19,237,0" /><INIT seed="1,0,0,5,4,80" ten="289,256,218,237" oya="1" hai0="115,52,102,72,41,18,63,121,26,122,55,31,33" hai1="7,124,62,43,103,117,106,24,86,101,15,112,123" hai2="96,28,91,4,45,98,44,65,74,40,79,99,68" hai3="85,132,19,130,12,53,128,54,120,129,51,131,27"/><U89/><E123/><N who="0" m="47113" /><D72/><U20/><E117/><V87/><F65/><W36/><G120/><T69/><D115/><U5/><E112/><V93/><F68/><W42/><G132/><T25/><D41/><U29/><E124/><V23/><F4/><W105/><G105/><T70/><D102/><N who="1" m="38923" /><E106/><V61/><F61/><W57/><G27/><T76/><D76/><U109/><E109/><V78/><F74/><W16/><G131/><T135/><D135/><U9/><E43/><V47/><F40/><W2/><G2/><T116/><D116/><U113/><E113/><V48/><F48/><N who="3" m="30887" /><G19/><T39/><D39/><U22/><E62/><V50/><F50/><W81/><G42/><T118/><D118/><U125/><E125/><V134/><F134/><W60/><G60/><T66/><D70/><U114/><E114/><V127/><F127/><W58/><G36/><T38/><D38/><U13/><E20/><AGARI ba="0,0" hai="18,20,25,26,31,33,52,55,63,66,69" m="47113" machi="20" ten="30,2000,0" yaku="13,1,54,1" doraHai="80" who="0" fromWho="1" sc="289,20,256,-20,218,0,237,0" /><INIT seed="2,0,0,5,5,87" ten="309,236,218,237" oya="2" hai0="36,46,19,101,68,50,97,88,95,38,29,79,109" hai1="72,24,119,108,13,37,43,127,93,9,89,77,84" hai2="111,62,69,55,28,105,64,57,67,125,10,110,134" hai3="130,85,74,103,100,41,52,117,0,82,40,83,47"/><V131/><F105/><W11/><G117/><T54/><D109/><N who="2" m="41482" /><F28/><W17/><G130/><T76/><D68/><U106/><E119/><V12/><F131/><W32/><G32/><T6/><D6/><U70/><E108/><V8/><F125/><W80/><G74/><T65/><D65/><N who="2" m="25162" /><F69/><W92/><G0/><T18/><D29/><U102/><E127/><V58/><F134/><W90/><G17/><N who="0" m="6155" /><D38/><U104/><E70/><V129/><F129/><W15/><G15/><T75/><D36/><U115/><E24/><V45/><F45/><W122/><G11/><N who="2" m="4137" /><F12/><W27/><G27/><T60/><D75/><U91/><E13/><V96/><F96/><W53/><G122/><T49/><D49/><U33/><E72/><V135/><F135/><W99/><G47/><T114/><D114/><U44/><E115/><V118/><F118/><W42/><REACH who="3" step="1"/><G103/><REACH who="3" ten="309,236,218,227" step="2"/><T121/><D101/><U98/><E102/><V59/><AGARI ba="0,1" hai="55,57,58,59,62" m="4137,25162,41482" machi="59" ten="40,3900,0" yaku="14,1,10,1" doraHai="87" who="2" fromWho="2" sc="309,-13,236,-13,218,49,227,-13" /><INIT seed="2,1,0,1,4,24" ten="296,223,267,214" oya="2" hai0="43,76,32,39,112,109,104,115,27,84,108,6,58" hai1="19,92,64,10,117,0,29,127,45,12,80,114,107" hai2="133,88,2,69,120,98,26,21,9,35,5,36,101" hai3="75,42,105,37,18,95,4,74,118,83,125,41,61"/><V110/><F36/><W81/><G105/><T44/><D104/><U7/><E117/><V59/><F69/><W123/><G123/><T30/><D6/><U134/><E114/><V113/><F113/><W70/><G118/><T73/><D73/><U68/><E134/><V16/><F120/><W85/><G125/><T11/><D11/><U20/><E127/><V50/><F133/><W78/><G4/><T56/><D112/><U14/><E107/><V99/><F110/><N who="0" m="42602" /><D115/><U77/><E92/><V93/><F35/><W90/><G37/><T124/><D124/><U103/><E103/><V102/><F99/><W47/><G47/><T38/><D38/><U13/><E29/><V55/><AGARI ba="1,0" hai="2,5,9,16,21,26,50,55,59,88,93,98,101,102" machi="55" ten="30,6000,0" yaku="0,1,54,2" doraHai="24" who="2" fromWho="2" sc="296,-21,223,-21,267,63,214,-21" /><INIT seed="2,2,0,2,3,111" ten="275,202,330,193" oya="2" hai0="122,54,69,46,63,77,56,0,52,101,84,37,43" hai1="119,45,81,90,91,41,18,22,118,57,127,47,66" hai2="78,70,65,19,21,103,123,42,135,92,68,120,87" hai3="133,98,128,130,60,31,35,17,2,23,10,79,113"/><V25/><F70/><W40/><G79/><T34/><D0/><U62/><E127/><V61/><F135/><W36/><G36/><T13/><D34/><U15/><E118/><V89/><F42/><W28/><G40/><T110/><D110/><U129/><E119/><V16/><F103/><W105/><G105/><T1/><D1/><U121/><E121/><V86/><F78/><W64/><G98/><T116/><D116/><U53/><E129/><N who="3" m="49770" /><G60/><T124/><D124/><U106/><E106/><V75/><F75/><W11/><G64/><T9/><D69/><U117/><E117/><V59/><F68/><W51/><G51/><T76/><D101/><U93/><E81/><V29/><F87/><W48/><G48/><T27/><D27/><U14/><E14/><V73/><F73/><W132/><G113/><T12/><D12/><U72/><E72/><V107/><F107/><W88/><G88/><T115/><D115/><U112/><E112/><V39/><F39/><W125/><G125/><T3/><D3/><U33/><E91/><V32/><F19/><W49/><G49/><T131/><D122/><U99/><E33/><V6/><F6/><N who="3" m="1367" /><G11/><T134/><D54/><U104/><E104/><V5/><F5/><W67/><G67/><T100/><D100/><U109/><E109/><V71/><F71/><W94/><G94/><T85/><D134/><N who="3" m="51817" /><G35/><T95/><D131/><U8/><E66/><V126/><F126/><W44/><G44/><N who="1" m="16970" /><E41/><V30/><F32/><W96/><G96/><T108/><D108/><U82/><E8/><V20/><F120/><W97/><G97/><RYUUKYOKU ba="2,0" sc="275,-15,202,15,330,-15,193,15" hai1="15,18,22,53,57,62,82,90,93,99" hai3="17,23,28,31" /><INIT seed="3,3,0,5,0,79" ten="260,217,315,208" oya="3" hai0="43,18,50,38,97,15,134,64,71,125,127,11,109" hai1="106,132,68,3,113,8,23,12,47,27,36,101,42" hai2="108,53,67,120,22,130,54,52,10,94,24,4,104" hai3="133,72,98,63,86,33,51,114,17,2,84,85,93"/><W89/><G33/><T77/><D134/><U126/><E132/><V78/><F104/><W31/><G133/><T74/><D109/><U92/><E113/><V121/><F67/><W16/><G2/><T107/><D38/><U41/><E126/><N who="0" m="48137" /><D64/><U32/><E106/><V56/><F94/><W5/><G114/><T19/><D71/><U9/><E42/><V59/><F78/><W45/><G72/><T83/><D97/><U28/><E68/><V69/><F69/><W80/><G63/><T112/><D112/><U115/><E115/><V96/><F96/><W103/><G31/><T20/><D107/><U81/><E81/><V26/><F26/><W119/><G5/><N who="0" m="3567" /><D20/><U35/><E3/><N who="2" m="287" /><F108/><W75/><G75/><T105/><D105/><U61/><E61/><V39/><F39/><W40/><G119/><T0/><D0/><U13/><E101/><V124/><F124/><W73/><G73/><T46/><AGARI ba="3,0" hai="18,19,43,46,50,74,77,83" m="3567,48137" machi="46" ten="30,2000,0" yaku="18,1,52,1" doraHai="79" who="0" fromWho="0" sc="260,29,217,-8,315,-8,208,-13" owari="289,9.0,209,-19.0,307,40.0,195,-30.0" /></mjloggm>