<mjloggm ver="2.3"><GO type="97" lobby="0"/><UN n0="%E3%82%A6%E3%83%AB%E3%83%88%E3%83%A9%E7%AB%8B%E7%9B%B4" n1="%70%65%61%63%65%36%39" n2="%E3%81%8C%E3%81%8A%E3%83%BC" n3="%E5%8D%88%E5%89%8D%E9%9B%B6%E6%99%82" dan="15,13,15,15" rate="1978.51,1875.75,2020.24,2024.18" sx="M,M,F,M"/><TAIKYOKU oya="0"/><INIT seed="0,0,0,1,3,45" ten="250,250,250,250" oya="0" hai0="37,103,21,89,133,111,61,116,90,79,81,1,97" hai1="23,58,41,34,102,129,87,77,59,104,85,11,51" hai2="134,32,68,98,84,50,5,63,73,78,16,62,38" hai3="67,6,49,35,123,28,36,31,43,14,131,3,0"/><T24/><D1/><U19/><E34/><V33/><F38/><W118/><G36/><T93/><D37/><U91/><E129/><V124/><F73/><W54/><G118/><T40/><D116/><U109/><E109/><V66/><F5/><W125/><G43/><T30/><D111/><U106/><E11/><V100/><F124/><W105/><G105/><T29/><D40/><U83/><E106/><V52/><F63/><W82/><G67/><T108/><D108/><U17/><E104/><V48/><F134/><W55/><G82/><T92/><D133/><U70/><E70/><V94/><F16/><N who="1" m="6217" /><E23/><V71/><F71/><W127/><G131/><T56/><D30/><N who="3" m="11305" /><G35/><T69/><D92/><N who="1" m="54383" /><E102/><V75/><F75/><W117/><G117/><T42/><D42/><U95/><E95/><V122/><F122/><W120/><G14/><T88/><D69/><U110/><E110/><V25/><F25/><W74/><G74/><T22/><D22/><U99/><E99/><V13/><F13/><W39/><G39/><T119/><D119/><U101/><E101/><V96/><F96/><W126/><G6/><T4/><D4/><U60/><E60/><N who="2" m="40007" /><F32/><W64/><G64/><N who="0" m="38951" /><D81/><U114/><E114/><V72/><F33/><W57/><G55/><T8/><D8/><U86/><E86/><V10/><F10/><W113/><G113/><T130/><D130/><U44/><AGARI ba="0,0" hai="41,44,51,58,59,77,83,87" m="54383,6217" machi="44" ten="30,4000,0" yaku="8,1,52,1,54,1" doraHai="45" who="1" fromWho="1" sc="250,-20,250,40,250,-10,250,-10" /><INIT seed="1,0,0,2,2,16" ten="230,290,240,240" oya="1" hai0="9,42,0,130,104,72,90,87,99,81,23,37,121" hai1="65,111,33,35,131,112,64,30,75,66,38,86,20" hai2="85,56,32,31,127,28,19,107,83,34,91,129,27" hai3="44,70,71,55,125,53,63,78,115,105,101,10,117"/><U79/><E38/><V62/><F127/><W61/><G115/><T89/><D121/><U100/><E75/><V128/><F107/><W113/><G113/><T76/><D130/><N who="2" m="50282" /><F19/><W4/><G78/><T132/><D132/><U26/><E112/><V58/><F58/><W52/><G101/><T119/><D119/><U36/><E36/><V41/><F41/><W22/><G105/><T7/><D87/><U45/><E131/><V93/><F83/><W54/><G22/><T73/><D73/><U67/><E111/><V120/><F120/><W118/><G10/><T122/><D122/><U109/><E109/><V2/><F2/><W47/><G4/><T124/><D124/><U51/><E100/><V97/><F85/><W14/><G14/><T96/><D23/><U126/><E126/><V18/><F18/><W77/><G77/><T114/><D114/><U88/><E79/><V133/><F133/><W59/><G125/><T60/><D60/><U123/><E123/><V11/><F11/><W80/><G80/><T92/><D104/><U95/><N who="1" m="16896" /><DORA hai="1" /><U46/><REACH who="1" step="1"/><E45/><REACH who="1" ten="230,280,240,240" step="2"/><V29/><F34/><W43/><G117/><T135/><D135/><U17/><E17/><V57/><F31/><W8/><G118/><T102/><D99/><U69/><E69/><V25/><F29/><W110/><G110/><T74/><D74/><U12/><E12/><V3/><F3/><W84/><G71/><T94/><D94/><U134/><E134/><V15/><F15/><W5/><G70/><T40/><D37/><U24/><E24/><V6/><F25/><W103/><G103/><RYUUKYOKU ba="0,1" sc="230,15,280,15,240,-15,240,-15" hai0="0,7,9,40,42,72,76,81,89,90,92,96,102" hai1="20,26,30,33,35,46,51,86,88,95" /><INIT seed="1,1,1,1,0,100" ten="245,295,225,225" oya="1" hai0="55,72,114,132,0,46,58,56,29,37,8,18,66" hai1="94,105,99,39,103,75,101,96,40,70,41,118,65" hai2="74,122,50,71,23,45,77,108,80,2,124,112,68" hai3="95,133,32,6,43,30,98,1,14,129,85,97,17"/><U63/><E118/><V27/><F122/><W35/><G43/><T106/><D72/><U57/><E75/><V61/><F2/><W51/><G51/><N who="0" m="29175" /><D106/><U15/><E39/><V131/><F108/><W127/><G85/><T82/><D0/><U126/><E126/><V4/><F4/><W86/><G86/><T113/><D37/><U115/><E115/><V38/><F38/><W5/><G127/><T107/><D107/><U53/><REACH who="1" step="1"/><E15/><REACH who="1" ten="245,285,225,225" step="2"/><V78/><F124/><W22/><G14/><T67/><D114/><U42/><E42/><V12/><F112/><W49/><G1/><T110/><D113/><U64/><E64/><V119/><F12/><W91/><G133/><T121/><D132/><U90/><E90/><V76/><F119/><W84/><G91/><T134/><D134/><U87/><E87/><V116/><F116/><W9/><G84/><T83/><D67/><U135/><E135/><V128/><F74/><W62/><G129/><T10/><D66/><U33/><E33/><V16/><F128/><W59/><G35/><T111/><D121/><U25/><E25/><V104/><F131/><W3/><G32/><T125/><D125/><U79/><E79/><V130/><F130/><W88/><G3/><T54/><D110/><U109/><E109/><V73/><F73/><W44/><G88/><T102/><D111/><U93/><E93/><V60/><F104/><W48/><G95/><T81/><D102/><U7/><E7/><V89/><F89/><W117/><G5/><T28/><D54/><U20/><E20/><V123/><F123/><W52/><G22/><RYUUKYOKU ba="1,2" sc="245,-10,285,30,225,-10,225,-10" hai1="40,41,53,57,63,65,70,94,96,99,101,103,105" /><INIT seed="1,2,2,1,5,28" ten="235,315,215,215" oya="1" hai0="112,14,125,105,129,127,45,48,32,64,99,101,33" hai1="100,34,17,122,106,71,128,7,44,59,119,81,98" hai2="3,70,78,11,74,26,102,97,9,108,94,25,89" hai3="79,115,114,16,10,76,5,50,43,83,72,51,40"/><U0/><E71/><V21/><F70/><W73/><G16/><T93/><D64/><U133/><E119/><V61/><F108/><W121/><G121/><T53/><D112/><U6/><E122/><V118/><F118/><W24/><G24/><T116/><D116/><U54/><E133/><V124/><F124/><N who="0" m="47690" /><D129/><U120/><E120/><V52/><F26/><W96/><G96/><N who="0" m="61607" /><D14/><U35/><E128/><V38/><F38/><W63/><G63/><T60/><D60/><U87/><E44/><V88/><F3/><W130/><G130/><T111/><D111/><U86/><E86/><V91/><F74/><W110/><G110/><T30/><D30/><U92/><E106/><V12/><F12/><W126/><G126/><T62/><D62/><U18/><E0/><V95/><F78/><W77/><G77/><T67/><D67/><U27/><E27/><V39/><F39/><W36/><G36/><T135/><D135/><U2/><E2/><V68/><F68/><W82/><G5/><T56/><D45/><U19/><E7/><V90/><N who="2" m="22528" /><DORA hai="65" /><V84/><F84/><W58/><G58/><T4/><D4/><U1/><E1/><V8/><F95/><W132/><G132/><T41/><D41/><U23/><E6/><V69/><F69/><W47/><G47/><T37/><D37/><U75/><E75/><V57/><F8/><AGARI ba="2,2" hai="8,10,40,43,50,51,72,73,76,79,82,83,114,115" machi="8" ten="25,1600,0" yaku="22,2" doraHai="28,65" who="3" fromWho="2" sc="235,0,315,0,215,-22,215,42" /><INIT seed="2,0,0,4,5,116" ten="235,315,193,257" oya="2" hai0="46,79,91,95,110,133,87,12,63,109,13,61,104" hai1="41,28,90,128,5,111,127,26,45,43,122,99,124" hai2="54,44,70,92,89,30,65,101,25,84,2,15,62" hai3="69,106,50,83,98,7,35,100,112,36,74,115,19"/><V85/><F2/><W16/><G36/><T24/><D104/><U49/><E5/><V48/><F15/><W114/><G35/><T68/><D133/><U8/><E8/><V3/><F3/><W129/><G129/><T105/><D105/><U96/><E128/><V40/><F101/><W51/><G69/><T103/><D103/><U32/><E111/><N who="0" m="42505" /><D79/><U120/><E43/><V125/><F125/><N who="1" m="48201" /><E90/><V23/><REACH who="2" step="1"/><F40/><REACH who="2" ten="235,315,183,257" step="2"/><W78/><G112/><T113/><D113/><U56/><E56/><V21/><F21/><W119/><G115/><T53/><D13/><U58/><E58/><V75/><F75/><W37/><G114/><T64/><D12/><U71/><E71/><V130/><F130/><W27/><G119/><T117/><D117/><U118/><E118/><V86/><AGARI ba="0,1" hai="23,25,30,44,48,54,62,65,70,84,85,86,89,92" machi="86" ten="20,3900,0" yaku="1,1,0,1,7,1,53,0" doraHai="116" doraHaiUra="31" who="2" fromWho="2" sc="235,-13,315,-13,183,49,257,-13" /><INIT seed="2,1,0,1,3,34" ten="222,302,232,244" oya="2" hai0="102,10,38,69,37,59,54,61,119,26,8,117,13" hai1="21,118,55,98,127,106,63,100,19,95,103,7,87" hai2="22,64,42,111,68,39,3,53,25,73,56,123,112" hai3="30,24,85,129,62,71,29,107,125,90,105,12,11"/><V1/><F112/><W79/><G79/><T48/><D102/><U128/><E118/><N who="0" m="45065" /><D26/><U135/><E7/><V33/><F33/><W115/><G115/><T51/><D10/><U72/><E72/><V122/><F73/><W77/><G77/><T108/><D13/><U130/><E63/><N who="2" m="39967" /><F111/><W70/><G129/><N who="1" m="49770" /><E127/><V94/><F94/><W89/><G125/><T57/><D8/><U134/><E55/><V97/><F97/><W47/><G47/><N who="0" m="27935" /><D108/><U82/><E19/><N who="2" m="12511" /><F123/><W96/><G96/><T23/><D23/><U0/><E0/><V35/><F35/><W45/><G12/><T49/><D69/><U116/><E21/><V18/><F18/><W109/><G11/><T76/><D76/><N who="1" m="46535" /><E116/><V44/><F122/><W92/><G109/><T86/><D86/><U99/><AGARI ba="1,0" hai="95,98,99,100,103,106,134,135" m="46535,49770" machi="99" ten="30,4000,0" yaku="19,1,34,2" doraHai="34" who="1" fromWho="1" sc="222,-11,302,43,232,-21,244,-11" /><INIT seed="3,0,0,1,0,58" ten="211,345,211,233" oya="3" hai0="21,28,120,85,75,94,123,78,30,2,51,110,46" hai1="9,82,45,41,52,53,74,39,25,118,64,126,104" hai2="109,79,84,63,77,81,127,40,44,103,73,134,6" hai3="122,72,117,96,66,92,18,121,16,59,89,38,124"/><W100/><G117/><T56/><D2/><U24/><E104/><V87/><F109/><W60/><G38/><T0/><D0/><U106/><E106/><V133/><F6/><W29/><G72/><T34/><D34/><U68/><E74/><V113/><F113/><W67/><G124/><T23/><D75/><U128/><E82/><V35/><F35/><W88/><G122/><T32/><D32/><U14/><E128/><V98/><F127/><W12/><G121/><T125/><D125/><U20/><E25/><V61/><F73/><W33/><G67/><T102/><D110/><U26/><E26/><V95/><F87/><W99/><G33/><T31/><D120/><U101/><E101/><V132/><F79/><W27/><G29/><T91/><D78/><U19/><E126/><V47/><F47/><W3/><G3/><T86/><D102/><U130/><E130/><V42/><F42/><W131/><G131/><T119/><D119/><U22/><E22/><N who="0" m="8201" /><D56/><U116/><E68/><V54/><F54/><W80/><G27/><T76/><D123/><U50/><E64/><V135/><N who="2" m="33792" /><DORA hai="90" /><V5/><F5/><W108/><G108/><T57/><D57/><U70/><E53/><V105/><F105/><W111/><G111/><T36/><D36/><AGARI ba="0,0" hai="36,40,44,61,63,77,81,84,95,98,103" m="33792" machi="36" ten="70,8000,1" yaku="20,1,52,3" doraHai="58,90" who="2" fromWho="0" sc="211,-80,345,0,211,80,233,0" owari="131,-37.0,345,45.0,291,9.0,233,-17.0" /></mjloggm>