<mjloggm ver="2.3"><GO type="97" lobby="0"/><UN n0="%E5%8B%9D%E4%B9%9F" n1="%E3%82%A6%E3%83%AB%E3%83%88%E3%83%A9%E7%AB%8B%E7%9B%B4" n2="%E5%95%BC%E3%81%8D%E9%9B%80" n3="%E8%90%BD%E5%90%88" dan="13,14,14,13" rate="1862.67,1937.06,1923.20,1928.00" sx="M,M,M,M"/><TAIKYOKU oya="0"/><INIT seed="0,0,0,4,2,17" ten="250,250,250,250" oya="0" hai0="38,51,72,130,59,129,29,24,9,5,131,116,101" hai1="55,36,81,85,41,32,58,86,33,83,63,0,27" hai2="88,93,45,42,111,65,126,69,104,122,108,123,124" hai3="103,120,102,67,35,25,30,133,31,99,10,125,52"/><T113/><D113/><U107/><E107/><V76/><F104/><W84/><G125/><N who="2" m="48233" /><F76/><W48/><G133/><T135/><D72/><U100/><E0/><V110/><F69/><W13/><G120/><N who="2" m="46121" /><F65/><W50/><G31/><T37/><D116/><U2/><E2/><V121/><N who="2" m="46129" /><V117/><DORA hai="3" /><F45/><W70/><G50/><T91/><D101/><U114/><E114/><V19/><F19/><W21/><G35/><N who="0" m="20903" /><D135/><U71/><E71/><V22/><F22/><W44/><G99/><T77/><D77/><U119/><E33/><V73/><F42/><W89/><G67/><T49/><D91/><U11/><E32/><V75/><F117/><W82/><G70/><T105/><D105/><U112/><E119/><V132/><F132/><W98/><G98/><AGARI ba="0,0" hai="73,75,88,93,98,108,110,111" m="46129,48233" machi="98" ten="50,8000,1" yaku="14,1,18,1,34,2,54,1" doraHai="17,3" who="2" fromWho="3" sc="250,0,250,0,250,80,250,-80" /><INIT seed="1,0,0,2,4,127" ten="250,250,330,170" oya="1" hai0="129,71,48,26,122,55,106,30,2,87,90,14,24" hai1="120,132,70,7,104,91,110,118,89,135,15,69,113" hai2="20,29,96,117,111,12,77,108,45,114,109,63,134" hai3="31,115,8,1,32,128,18,133,41,102,37,35,17"/><U126/><E15/><V81/><F117/><W19/><G102/><T5/><D106/><U6/><E104/><V107/><F63/><W99/><G99/><T119/><D71/><N who="1" m="27147" /><E120/><V131/><F45/><W66/><G66/><T34/><D119/><U101/><E101/><N who="2" m="62887" /><F29/><W121/><G41/><T56/><D122/><U86/><E86/><N who="2" m="48431" /><F20/><W46/><G46/><T98/><D129/><U74/><E74/><V80/><F12/><W40/><G40/><T16/><D2/><U93/><E93/><V43/><F43/><W123/><G37/><T76/><D76/><U100/><E100/><V36/><F36/><W112/><G133/><N who="1" m="51274" /><E118/><V39/><F39/><W22/><G121/><T92/><D5/><N who="1" m="1547" /><E113/><V44/><F134/><W10/><G123/><T82/><D26/><U47/><E47/><V84/><F44/><W75/><G75/><T62/><D62/><U57/><E57/><V67/><F114/><N who="3" m="43563" /><G128/><T52/><D55/><U85/><E85/><V72/><F67/><W97/><G97/><T125/><D125/><U59/><E126/><V33/><F33/><N who="3" m="12875" /><G1/><T28/><D28/><U54/><E110/><V13/><F13/><W11/><G31/><T38/><D38/><U88/><E59/><V23/><F72/><W94/><G94/><T60/><D60/><U4/><N who="1" m="1555" /><U73/><DORA hai="25" /><E73/><V42/><F42/><W50/><G50/><T3/><D3/><U0/><E0/><V65/><F65/><W61/><G61/><T105/><D105/><U49/><E49/><V116/><F116/><W51/><G51/><T58/><D48/><U83/><E54/><RYUUKYOKU ba="0,0" sc="250,-15,250,15,330,-15,170,15" hai1="83,88,89,91" hai3="8,10,11,17,18,19,22" /><INIT seed="1,1,0,2,3,21" ten="235,265,315,185" oya="1" hai0="20,23,100,49,70,121,47,64,26,122,83,93,67" hai1="106,16,89,101,46,0,75,27,131,113,103,98,5" hai2="95,80,126,109,130,134,116,107,6,37,28,52,13" hai3="132,84,65,40,87,60,24,58,48,135,119,77,7"/><U90/><E113/><V56/><F37/><W97/><G119/><T17/><D83/><U72/><E5/><V10/><F107/><W112/><G112/><T33/><D33/><U111/><E0/><V118/><F109/><W51/><G7/><T115/><D115/><U55/><E111/><V82/><F126/><W129/><G129/><T30/><D70/><U31/><E131/><V38/><F38/><W85/><G97/><N who="0" m="59439" /><D122/><U94/><E106/><V29/><F130/><W76/><G40/><N who="0" m="24807" /><D121/><U32/><E101/><V42/><F42/><W88/><G132/><T99/><D99/><U108/><E108/><V71/><F71/><W86/><G135/><T104/><D104/><U92/><E16/><V127/><F127/><W54/><G77/><T45/><D45/><U102/><E102/><V43/><F134/><W133/><G76/><T73/><D73/><U69/><E69/><V59/><F43/><W39/><G39/><T1/><D1/><U96/><E103/><V74/><F74/><W110/><G110/><T68/><D68/><U63/><REACH who="1" step="1"/><E46/><REACH who="1" ten="235,255,315,185" step="2"/><V25/><F118/><W81/><G133/><T123/><D123/><U62/><E62/><V120/><F120/><W34/><REACH who="3" step="1"/><G65/><REACH who="3" ten="235,255,315,175" step="2"/><T4/><D4/><U125/><E125/><V2/><F116/><W128/><G128/><T35/><D35/><U61/><E61/><V79/><F6/><W15/><G15/><AGARI ba="1,2" hai="15,17,20,23,26,30,64,67" m="24807,59439" machi="15" ten="30,2000,0" yaku="8,1,52,1" doraHai="21" who="0" fromWho="3" sc="235,43,255,0,315,0,175,-23" /><INIT seed="2,0,0,2,0,88" ten="278,255,315,152" oya="2" hai0="62,120,95,76,79,57,1,133,125,103,27,107,92" hai1="22,52,113,106,50,63,28,59,43,19,129,35,124" hai2="102,38,68,33,10,72,34,90,108,97,111,24,12" hai3="55,110,130,48,67,119,81,14,47,115,98,23,116"/><V87/><F68/><W105/><G110/><N who="2" m="42025" /><F38/><W8/><G130/><T64/><D120/><U74/><E113/><V40/><F40/><W123/><G123/><T83/><D1/><U37/><E129/><V32/><F72/><W45/><G115/><T109/><D109/><U121/><E121/><V16/><F24/><W26/><G67/><T131/><D133/><U13/><E124/><V39/><F39/><W71/><G71/><T89/><D131/><U118/><E118/><V9/><F9/><W91/><G47/><T3/><D3/><U99/><E74/><V96/><F102/><W0/><G0/><T11/><D125/><U78/><E78/><N who="0" m="29737" /><D107/><U7/><E37/><V112/><F112/><W25/><G25/><T104/><D104/><U85/><E35/><V84/><F84/><W126/><G126/><T122/><D122/><U29/><E85/><V49/><F49/><W41/><G41/><T100/><D27/><N who="1" m="14815" /><E106/><V114/><F114/><W42/><G42/><T30/><D30/><U101/><E43/><V15/><F12/><W53/><G105/><T20/><D20/><U75/><E75/><V21/><F21/><W128/><G128/><T44/><D11/><N who="1" m="4351" /><E50/><V2/><F2/><W61/><G116/><T82/><D44/><U77/><E77/><V46/><F46/><W70/><G70/><T117/><D117/><U127/><E127/><V65/><F65/><W73/><G73/><T135/><D135/><U5/><E5/><V86/><F86/><W31/><G119/><T60/><D82/><AGARI ba="0,0" hai="10,15,16,32,33,34,82,87,90,96,97" m="42025" machi="82" ten="40,7700,0" yaku="14,1,10,1,54,1" doraHai="88" who="2" fromWho="0" sc="278,-77,255,0,315,77,152,0" /><INIT seed="2,1,0,0,3,65" ten="201,255,392,152" oya="2" hai0="44,60,18,47,133,112,75,119,22,61,131,21,77" hai1="122,53,72,107,28,8,7,95,97,1,29,102,5" hai2="63,9,71,120,129,126,128,74,121,99,109,45,86" hai3="32,98,0,110,43,35,103,6,19,14,40,94,124"/><V30/><F74/><W24/><G110/><T55/><D119/><U20/><E72/><V100/><F45/><W64/><G124/><T87/><D112/><U82/><E122/><V115/><F9/><W90/><G35/><T46/><D133/><U91/><E82/><V132/><F30/><W17/><G17/><T70/><D70/><U41/><E41/><V51/><F126/><W93/><G0/><T42/><D75/><U48/><E7/><V13/><F115/><W125/><G125/><T12/><D131/><N who="2" m="50250" /><F86/><W104/><G6/><T108/><D108/><U26/><E29/><V96/><F13/><W52/><G14/><T4/><D4/><U37/><E37/><V130/><F132/><W27/><G19/><N who="0" m="10471" /><D55/><U66/><E66/><N who="2" m="41439" /><F109/><W80/><G24/><N who="0" m="14423" /><D42/><U88/><REACH who="1" step="1"/><E107/><REACH who="1" ten="201,245,392,152" step="2"/><N who="2" m="63879" /><F130/><W15/><G43/><T114/><D114/><U2/><E2/><V84/><F121/><W92/><G40/><T111/><D111/><U113/><E113/><V79/><F120/><W3/><G3/><T85/><D77/><U62/><E62/><AGARI ba="1,1" hai="44,46,47,60,61,62,85,87" m="14423,10471" machi="62" ten="30,1000,0" yaku="8,1" doraHai="65" who="0" fromWho="1" sc="201,23,245,-13,392,0,152,0" /><INIT seed="3,0,0,0,2,126" ten="224,232,392,152" oya="3" hai0="41,18,114,37,63,92,121,94,130,29,80,105,47" hai1="9,111,104,55,33,30,133,1,118,16,4,54,12" hai2="3,124,77,87,64,135,96,51,76,134,78,102,2" hai3="49,59,117,0,81,19,58,36,15,110,116,125,17"/><W128/><G36/><T112/><D121/><U44/><E104/><N who="2" m="63559" /><F124/><W99/><G125/><T38/><D105/><U32/><E118/><V21/><F64/><W131/><G0/><T24/><D130/><N who="3" m="49705" /><G110/><T85/><D63/><U88/><E133/><N who="2" m="50699" /><F87/><W69/><G69/><T100/><D18/><N who="3" m="6665" /><G15/><T83/><D38/><U45/><E111/><V39/><F39/><W67/><G99/><N who="0" m="59495" /><D94/><U71/><E71/><V35/><F21/><W101/><G101/><T66/><D66/><U74/><E1/><N who="2" m="11" /><F51/><W75/><G49/><T68/><D68/><U132/><E132/><V103/><F103/><W79/><G67/><T46/><D46/><U70/><E45/><V22/><F22/><W13/><G13/><T122/><D85/><U123/><E44/><V113/><F35/><W60/><G60/><T73/><D73/><U98/><E33/><V10/><F10/><W56/><AGARI ba="0,0" hai="56,58,59,75,79,81,116,117" m="6665,49705" machi="56" ten="40,12000,1" yaku="19,1,52,3" doraHai="126" who="3" fromWho="3" sc="224,-40,232,-40,392,-40,152,120" /><INIT seed="3,1,0,5,4,109" ten="184,192,352,272" oya="3" hai0="11,86,53,24,12,95,54,56,58,3,9,115,84" hai1="0,104,83,2,111,66,34,103,132,88,19,25,122" hai2="91,118,27,42,73,131,94,10,36,26,30,37,70" hai3="125,113,76,32,110,117,47,41,112,63,108,23,61"/><W81/><G32/><T45/><D115/><N who="3" m="44105" /><G117/><T69/><D69/><U82/><E111/><N who="3" m="42538" /><G125/><T106/><D106/><U15/><E2/><V90/><F118/><W35/><G23/><T22/><D3/><U14/><E0/><V98/><F70/><W67/><G67/><T51/><D45/><U71/><E132/><V119/><F119/><W100/><G100/><T102/><D102/><U57/><E71/><V123/><F123/><W52/><G52/><T124/><D124/><U6/><E34/><V40/><F40/><W92/><G92/><T8/><D95/><U68/><E68/><V50/><F94/><W129/><G35/><T16/><REACH who="0" step="1"/><D12/><REACH who="0" ten="174,192,352,272" step="2"/><U121/><E15/><V87/><F42/><W78/><G47/><T126/><D126/><U99/><E122/><V17/><F27/><W116/><G116/><T134/><D134/><U38/><E121/><V79/><F26/><W75/><G41/><T64/><D64/><U13/><E38/><V107/><F37/><W130/><G78/><T80/><D80/><N who="1" m="30763" /><E88/><V105/><F79/><W1/><G1/><T133/><D133/><U59/><E66/><V62/><F36/><W31/><G31/><T43/><D43/><U21/><E14/><V127/><F30/><W5/><G5/><T65/><D65/><U28/><E6/><V4/><F4/><W48/><G48/><AGARI ba="1,1" hai="8,9,11,16,22,24,48,51,53,54,56,58,84,86" machi="48" ten="40,8000,1" yaku="1,1,9,1,8,1,54,1,53,0" doraHai="109" doraHaiUra="60" who="0" fromWho="3" sc="174,93,192,0,352,0,272,-83" owari="267,7.0,192,-21.0,352,45.0,189,-31.0" /></mjloggm>