<mjloggm ver="2.3"><GO type="97" lobby="0"/><UN n0="%E3%81%B2%E3%81%AE%E3%82%93%E2%99%AA" n1="%48%45%59%21%E7%90%A2%E3%81%A1%E3%82%83%E3%82%93" n2="%E3%82%A6%E3%83%AB%E3%83%88%E3%83%A9%E7%AB%8B%E7%9B%B4" n3="%E6%B1%90%E9%AF%89%E3%83%9E%E3%83%9E" dan="14,15,13,13" rate="1927.29,2090.05,1849.04,1917.43" sx="M,F,M,F"/><TAIKYOKU oya="0"/><INIT seed="0,0,0,3,5,24" ten="250,250,250,250" oya="0" hai0="103,48,97,107,2,15,32,46,21,38,111,131,12" hai1="1,105,117,40,87,66,30,130,52,118,27,59,109" hai2="41,51,121,23,69,100,16,99,19,76,92,11,91" hai3="110,47,119,29,0,43,6,63,9,96,98,93,102"/><T37/><D32/><U71/><E105/><V67/><F121/><W122/><G110/><T94/><D2/><U8/><E109/><V18/><F76/><W49/><G122/><T65/><D111/><U60/><E40/><V72/><F72/><W50/><G119/><T115/><D115/><U113/><E113/><V22/><F11/><W75/><G75/><T53/><D65/><U125/><E87/><V127/><F127/><W85/><G63/><T128/><D107/><U84/><E84/><V106/><F51/><W62/><G62/><T39/><REACH who="0" step="1"/><D21/><REACH who="0" ten="240,250,250,250" step="2"/><U36/><E1/><V80/><F67/><W126/><G126/><T129/><AGARI ba="0,1" hai="12,15,37,38,39,46,48,53,94,97,103,128,129,131" machi="129" ten="40,18000,2" yaku="1,1,2,1,0,1,19,1,53,3" doraHai="24" doraHaiUra="124" who="0" fromWho="0" sc="240,190,250,-60,250,-60,250,-60" /><INIT seed="0,1,0,1,1,89" ten="430,190,190,190" oya="0" hai0="116,46,75,19,134,76,135,65,20,52,27,22,53" hai1="26,108,90,104,126,60,35,59,0,81,110,131,2" hai2="97,120,130,70,15,119,3,117,58,41,55,17,36" hai3="118,123,100,66,16,48,39,105,133,71,101,79,102"/><T21/><D116/><N who="2" m="44618" /><F3/><W80/><G118/><T49/><D65/><U57/><E104/><V77/><F70/><W94/><G39/><T50/><D76/><U93/><E131/><V43/><F120/><W91/><G123/><T107/><D107/><U68/><E126/><V18/><F130/><W127/><G127/><T73/><D27/><U8/><E81/><V34/><F34/><W113/><G113/><T51/><D19/><N who="2" m="7178" /><F15/><W98/><G133/><N who="0" m="50699" /><D46/><U42/><E42/><N who="2" m="15883" /><F77/><W44/><G66/><T112/><D112/><U30/><E68/><V103/><F36/><W83/><G71/><T7/><D7/><U67/><E59/><V132/><F132/><W10/><G105/><T37/><D37/><U122/><E122/><V1/><F1/><W96/><G96/><T88/><D88/><U29/><E29/><V121/><F121/><W92/><G79/><T63/><D63/><U47/><E47/><V32/><F32/><W78/><G78/><T74/><AGARI ba="1,0" hai="20,21,22,49,50,51,52,53,73,74,75" m="50699" machi="74" ten="50,18000,2" yaku="29,2,28,2,20,1,54,1" doraHai="89" who="0" fromWho="0" sc="430,183,190,-61,190,-61,190,-61" /><INIT seed="0,2,0,2,5,48" ten="613,129,129,129" oya="0" hai0="118,135,106,57,43,1,99,108,5,70,85,130,3" hai1="71,40,37,82,6,22,103,89,25,10,59,94,77" hai2="101,124,132,14,36,74,126,79,125,47,4,123,98" hai3="62,100,60,122,63,88,7,44,113,69,51,72,23"/><T11/><D118/><U73/><E71/><V19/><F132/><W102/><G113/><T24/><D70/><U112/><E112/><V119/><F123/><W56/><G72/><T117/><D117/><U31/><E103/><N who="3" m="39466" /><G122/><T29/><D135/><U67/><E67/><V2/><F119/><W20/><G69/><T34/><D106/><U38/><E59/><V9/><F79/><W35/><G7/><T28/><D99/><U114/><E114/><V134/><F74/><W128/><G128/><T53/><D43/><U91/><E40/><V61/><F61/><N who="3" m="23659" /><G35/><T12/><D130/><U75/><E75/><V111/><F111/><W45/><G88/><T30/><D108/><U26/><E26/><V33/><F33/><W15/><G15/><T49/><D85/><U84/><REACH who="1" step="1"/><E91/><REACH who="1" ten="613,119,129,129" step="2"/><V83/><F126/><W16/><N who="3" m="23667" /><W27/><DORA hai="115" /><G23/><T52/><D24/><U65/><E65/><V116/><F124/><W64/><G64/><T96/><D34/><U18/><E18/><V109/><F19/><W32/><G32/><T55/><REACH who="0" step="1"/><D96/><REACH who="0" ten="603,119,129,129" step="2"/><U41/><E41/><V110/><F125/><W68/><G68/><T21/><D21/><U39/><E39/><V105/><F36/><W78/><G78/><T129/><D129/><U87/><E87/><V107/><F109/><W8/><G8/><T95/><D95/><U76/><E76/><V54/><F110/><W46/><G56/><T133/><D133/><U17/><E17/><N who="2" m="8399" /><F134/><W0/><G0/><AGARI ba="2,2" hai="0,1,3,5,11,12,28,29,30,49,52,53,55,57" machi="0" ten="40,12000,1" yaku="1,1,52,3,54,1,53,0" doraHai="48,115" doraHaiUra="13,80" who="0" fromWho="3" sc="603,146,119,0,129,0,129,-126" /><AGARI ba="2,0" hai="0,6,10,22,25,31,37,38,73,77,82,84,89,94" machi="0" ten="30,3900,0" yaku="1,1,7,1,53,1" doraHai="48,115" doraHaiUra="13,80" who="1" fromWho="3" sc="749,0,119,39,129,0,3,-39" owari="749,85.0,158,-4.0,129,-27.0,-36,-54.0" /></mjloggm>