<mjloggm ver="2.3"><GO type="97" lobby="0"/><UN n0="%E3%82%8C%E3%81%B0%E3%81%B6%E3%81%A4" n1="%E5%B0%B1%E6%B4%BB%E7%94%9F%40%E5%B7%9D%E6%9D%91%E8%BB%8D%E5%9B%A3" n2="%E8%8B%A5%E6%9C%AC%E8%A6%8F%E5%A4%AB" n3="%62%69%6E%61%72%69%61" dan="13,13,13,15" rate="1849.54,1845.02,1993.53,1930.30" sx="M,M,M,M"/><TAIKYOKU oya="0"/><INIT seed="0,0,0,5,0,32" ten="250,250,250,250" oya="0" hai0="33,80,27,22,21,3,128,131,120,30,77,40,102" hai1="59,19,113,92,7,91,42,85,109,1,93,9,106" hai2="57,61,135,39,121,60,125,49,95,0,34,55,65" hai3="18,29,118,73,23,52,26,62,58,37,130,35,17"/><T79/><D102/><U97/><E109/><V13/><F34/><W87/><G73/><T94/><D40/><U63/><E113/><V67/><F121/><W12/><G118/><T75/><D120/><U5/><E42/><V126/><F0/><W86/><G37/><T71/><D71/><U117/><E106/><V99/><F39/><W116/><G130/><N who="0" m="49707" /><D79/><U70/><E70/><V96/><F13/><W115/><G115/><T48/><D48/><U104/><E104/><V51/><F135/><W83/><G116/><T11/><D94/><U6/><E117/><V107/><F107/><W54/><G83/><T122/><D122/><U74/><E19/><V81/><F81/><W133/><G133/><T15/><D15/><U41/><E41/><V25/><F25/><W100/><G100/><T16/><D16/><U98/><E74/><V123/><F123/><W76/><G76/><T2/><D11/><U90/><REACH who="1" step="1"/><E85/><REACH who="1" ten="250,240,250,250" step="2"/><V112/><F112/><W14/><G54/><AGARI ba="0,1" hai="1,5,6,7,9,54,59,63,90,91,92,93,97,98" machi="54" ten="30,8000,1" yaku="1,1,2,1,7,1,9,1,52,1,53,0" doraHai="32" doraHaiUra="114" who="1" fromWho="3" sc="250,0,240,90,250,0,250,-80" /><INIT seed="1,0,0,1,3,65" ten="250,330,250,170" oya="1" hai0="88,82,61,56,25,66,83,10,57,122,20,113,107" hai1="36,11,117,96,34,42,103,62,13,132,71,93,21" hai2="111,108,118,63,104,94,32,110,22,75,15,37,41" hai3="16,43,119,134,89,48,30,55,67,60,53,78,2"/><U59/><E34/><V129/><F118/><W125/><G2/><T7/><D107/><U115/><E115/><V33/><F104/><W38/><G30/><T80/><D113/><U85/><E117/><V123/><F123/><W45/><G78/><T91/><D122/><U127/><E127/><V6/><F129/><W77/><G77/><T79/><D79/><U27/><E132/><V9/><F75/><W100/><G100/><T112/><D112/><U8/><E36/><V49/><F37/><W35/><G35/><T28/><REACH who="0" step="1"/><D56/><REACH who="0" ten="240,330,250,170" step="2"/><U23/><E59/><V95/><F63/><W26/><G119/><T5/><D5/><U128/><E62/><V92/><F22/><W19/><G125/><T50/><D50/><U14/><E128/><V3/><F3/><AGARI ba="0,1" hai="3,7,10,20,25,28,57,61,66,80,82,83,88,91" machi="3" ten="40,2600,0" yaku="1,1,54,1,53,0" doraHai="65" doraHaiUra="126" who="0" fromWho="2" sc="240,36,330,0,250,-26,170,0" /><INIT seed="2,0,0,2,5,107" ten="276,330,224,170" oya="2" hai0="129,76,53,26,27,95,54,51,68,105,32,21,4" hai1="71,86,90,3,80,108,125,34,132,104,29,0,30" hai2="22,15,13,78,63,126,81,70,47,65,124,100,135" hai3="119,44,91,99,14,46,11,73,122,6,120,116,94"/><V115/><F115/><W60/><G60/><T67/><D105/><U114/><E71/><V55/><F135/><W128/><G128/><T2/><D32/><U49/><E114/><V31/><F100/><W18/><G6/><T33/><D33/><U35/><E104/><V23/><F47/><W17/><G14/><N who="2" m="5129" /><F55/><W36/><G91/><T42/><D42/><U28/><E132/><V41/><F41/><W59/><G99/><T72/><D67/><U79/><E125/><N who="2" m="48235" /><F31/><W37/><G94/><T123/><D54/><U87/><E108/><V85/><AGARI ba="0,0" hai="22,23,63,65,70,78,81,85" m="48235,5129" machi="85" ten="30,1500,0" yaku="18,1" doraHai="107" who="2" fromWho="2" sc="276,-5,330,-5,224,15,170,-5" /><INIT seed="2,1,0,4,0,53" ten="271,325,239,165" oya="2" hai0="77,82,85,61,120,78,98,24,8,27,68,38,0" hai1="116,95,100,45,112,118,111,89,124,15,54,131,107" hai2="113,17,59,75,55,88,67,48,132,110,26,34,14" hai3="83,87,129,5,117,128,52,71,125,119,37,94,135"/><V74/><F113/><W46/><G5/><T105/><D38/><U51/><E112/><V72/><F132/><W6/><G6/><T11/><D120/><U42/><E111/><V102/><F110/><W127/><G94/><T62/><D78/><U36/><E124/><N who="3" m="47690" /><G71/><T63/><D68/><U126/><E126/><V103/><F26/><N who="0" m="9770" /><D105/><U1/><E1/><V79/><F79/><N who="3" m="46591" /><G37/><T58/><D0/><U73/><E15/><V40/><F40/><W16/><G16/><T99/><D58/><U57/><E73/><V91/><F67/><W115/><G115/><T64/><D64/><U20/><E20/><V28/><F28/><W121/><G121/><T23/><D23/><U56/><E107/><V18/><F18/><W32/><G32/><T30/><D30/><U134/><E100/><V65/><F65/><W93/><G93/><T25/><N who="0" m="9778" /><T101/><DORA hai="10" /><D101/><U92/><E92/><V19/><F19/><W108/><G108/><T90/><D90/><U50/><E95/><V49/><F34/><W7/><G7/><T133/><D133/><U44/><E89/><V66/><F66/><W22/><G22/><T12/><D12/><U60/><E134/><V9/><F103/><W104/><G104/><T35/><D35/><U33/><E33/><V106/><REACH who="2" step="1"/><F48/><REACH who="2" ten="271,325,229,165" step="2"/><N who="3" m="28695" /><G135/><T39/><D39/><U84/><E118/><AGARI ba="1,1" hai="117,118,119,128,129" m="28695,46591,47690" machi="118" ten="30,2000,0" yaku="18,1,54,1" doraHai="53,10" who="3" fromWho="1" sc="271,0,325,-23,229,0,165,33" /><INIT seed="3,0,0,5,2,4" ten="271,302,229,198" oya="3" hai0="61,56,130,135,72,60,64,132,131,85,76,66,22" hai1="40,47,58,53,115,24,111,102,19,17,5,93,98" hai2="129,42,69,106,18,107,25,122,108,78,70,9,128" hai3="86,109,10,125,50,120,2,15,68,94,31,81,123"/><W39/><G39/><T55/><D72/><U23/><E111/><V97/><F108/><W87/><G109/><T51/><D22/><U116/><E115/><V126/><F78/><W133/><G68/><N who="2" m="26217" /><F42/><W59/><G2/><T30/><D30/><U90/><E116/><V12/><F126/><W119/><G119/><T11/><D11/><U103/><E5/><N who="2" m="3119" /><F122/><W101/><G125/><T13/><D13/><U121/><E121/><V88/><F25/><W79/><G31/><T117/><D117/><U124/><E124/><V14/><F14/><W33/><G33/><T65/><D85/><U44/><E19/><V95/><F18/><N who="3" m="8567" /><G120/><T73/><D76/><U100/><E40/><V34/><F34/><W71/><G71/><N who="0" m="42375" /><D73/><U75/><E75/><V77/><F77/><W45/><G123/><T99/><D99/><U54/><E54/><V8/><F8/><W84/><G59/><N who="0" m="37055" /><D66/><U32/><E32/><V6/><F6/><W7/><G7/><T83/><D83/><U28/><E28/><V48/><F48/><AGARI ba="0,0" hai="17,23,24,44,47,48,53,58,90,93,98,100,102,103" machi="48" ten="40,1300,0" yaku="8,1" doraHai="4" who="1" fromWho="2" sc="271,0,302,13,229,-13,198,0" owari="271,7.0,315,41.0,216,-18.0,198,-30.0" /></mjloggm>