<mjloggm ver="2.3"><GO type="169" lobby="0"/><UN n0="%6B%65%6E%79%61%30%31" n1="%E3%82%A6%E3%83%AB%E3%83%88%E3%83%A9%E7%AB%8B%E7%9B%B4" n2="%47%38%E9%BE%8D%E9%96%80" n3="%61%6D%65%64%69%6F" dan="16,17,16,16" rate="2106.28,2104.92,2045.85,2088.81" sx="M,M,F,M"/><TAIKYOKU oya="0"/><INIT seed="0,0,0,2,3,130" ten="250,250,250,250" oya="0" hai0="118,132,86,115,134,93,68,5,87,135,124,64,107" hai1="50,48,113,99,116,84,78,96,97,56,92,76,55" hai2="12,54,105,133,89,28,4,82,22,106,39,61,77" hai3="79,41,23,52,27,57,7,60,36,35,114,9,119"/><T42/><D124/><U59/><E116/><V21/><F39/><W32/><G114/><T122/><D118/><U40/><E113/><V11/><F89/><W6/><G119/><T108/><D115/><U85/><E40/><V103/><F103/><W10/><G79/><T17/><D122/><U33/><E33/><V26/><F22/><W20/><G41/><T127/><D127/><U38/><E38/><V53/><F133/><W15/><G36/><T31/><D107/><U3/><E3/><V90/><F90/><W34/><REACH who="3" step="1"/><G27/><REACH who="3" ten="250,250,250,240" step="2"/><T120/><D42/><U88/><E84/><N who="2" m="48207" /><F106/><W58/><G58/><T111/><D120/><U80/><E80/><V71/><F105/><W25/><G25/><T69/><D87/><U44/><E44/><V81/><F81/><W29/><G29/><T104/><D104/><U14/><E59/><N who="2" m="35055" /><F71/><W121/><G121/><T18/><D68/><U83/><E83/><V70/><F70/><W8/><G8/><T109/><D31/><U65/><E78/><V24/><F24/><W13/><AGARI ba="0,1" hai="6,7,9,10,13,15,20,23,32,34,35,52,57,60" machi="13" ten="30,7900,0" yaku="1,1,0,1,9,1,54,1,53,0" doraHai="130" doraHaiUra="43" who="3" fromWho="3" sc="250,-39,250,-20,250,-20,240,89" /><INIT seed="1,0,0,1,3,47" ten="211,230,230,329" oya="1" hai0="8,6,99,1,63,39,70,100,80,95,37,131,121" hai1="96,114,55,20,108,7,12,54,16,22,94,40,45" hai2="119,31,84,9,86,64,132,33,14,2,135,60,66" hai3="116,21,126,41,32,98,123,106,51,78,83,0,59"/><U120/><E120/><V36/><F119/><W79/><G32/><T134/><D131/><U91/><E114/><V97/><F36/><W113/><G123/><T129/><D129/><U48/><E108/><V111/><F2/><W127/><G0/><T73/><D134/><N who="2" m="51242" /><F111/><W38/><G38/><T19/><D19/><U17/><E7/><N who="2" m="3391" /><F97/><W85/><G113/><T81/><D121/><U50/><E50/><V105/><F105/><W75/><G116/><T29/><D29/><U133/><E133/><V42/><F42/><W49/><G21/><T117/><D117/><U71/><E71/><N who="2" m="42375" /><F66/><W122/><G122/><T89/><D70/><U110/><E110/><V57/><F57/><W67/><G98/><T34/><D34/><U46/><E46/><V102/><F102/><W88/><G106/><T115/><D115/><U87/><E96/><V77/><F77/><N who="3" m="29195" /><G41/><T24/><D63/><U30/><E30/><V10/><F10/><W128/><G75/><T61/><D61/><U4/><E4/><V93/><F93/><W92/><G92/><T72/><D100/><U103/><E103/><V112/><F112/><W11/><G11/><T109/><D109/><U13/><AGARI ba="0,0" hai="12,13,16,17,20,22,40,45,48,54,55,87,91,94" machi="13" ten="20,18000,2" yaku="0,1,7,1,9,1,8,1,52,1,54,1" doraHai="47" who="1" fromWho="1" sc="211,-60,230,180,230,-60,329,-60" /><INIT seed="1,1,0,0,1,49" ten="151,410,170,269" oya="1" hai0="62,8,71,57,111,74,125,115,73,44,66,129,133" hai1="124,105,72,64,36,26,104,67,4,5,95,93,7" hai2="116,94,59,68,51,112,0,42,10,28,120,1,127" hai3="76,110,32,100,58,80,61,39,27,82,75,77,14"/><U108/><E36/><V48/><F120/><W47/><G110/><T86/><D115/><U31/><E72/><V135/><F116/><W50/><G39/><T52/><D111/><U19/><E108/><V18/><F112/><W21/><G100/><T46/><D129/><U117/><E117/><V87/><F68/><W16/><G32/><T33/><D33/><U92/><E19/><V90/><F127/><W15/><G58/><T114/><D114/><U12/><E12/><V96/><F135/><W37/><G61/><T3/><D125/><U43/><E43/><V89/><F28/><W63/><G63/><T56/><D133/><U6/><N who="1" m="1024" /><DORA hai="24" /><U13/><E13/><V53/><F10/><W81/><G37/><T25/><D3/><U122/><E122/><V54/><F42/><W121/><G121/><T83/><D8/><U65/><E124/><V109/><F18/><W106/><G106/><T78/><D25/><U79/><E79/><N who="3" m="30282" /><G75/><T23/><D23/><AGARI ba="1,0" hai="23,26,31,64,65,67,92,93,95,104,105" m="1024" machi="23" ten="60,11600,0" yaku="29,2,52,1" doraHai="49,24" who="1" fromWho="0" sc="151,-119,410,119,170,0,269,0" /><INIT seed="1,2,0,1,3,113" ten="32,529,170,269" oya="1" hai0="89,37,44,81,32,64,17,46,109,87,101,131,58" hai1="38,92,51,43,94,67,15,19,68,134,24,132,61" hai2="83,135,54,111,112,110,16,120,13,42,105,33,90" hai3="10,22,114,106,49,118,70,56,133,34,69,99,123"/><U52/><E24/><V65/><F112/><W53/><G34/><T4/><D32/><U78/><E78/><V39/><F120/><W60/><G123/><T47/><D109/><N who="2" m="41482" /><F33/><W85/><G114/><T55/><D131/><U18/><E18/><V6/><F135/><N who="1" m="51753" /><E43/><V50/><F105/><W25/><G10/><T108/><D108/><U72/><E38/><V12/><F65/><W126/><G126/><T27/><D37/><U125/><E72/><V129/><F129/><W77/><G133/><T7/><D64/><U121/><E125/><V98/><F39/><W116/><G85/><T74/><D101/><U48/><E48/><V130/><F130/><W2/><G2/><T103/><D103/><U102/><E102/><V128/><F128/><W84/><G99/><T14/><D27/><U21/><E121/><V9/><F42/><W29/><G106/><T117/><D74/><U95/><E95/><N who="2" m="56695" /><F83/><N who="3" m="47215" /><G60/><T35/><D35/><U23/><E23/><N who="2" m="11655" /><F54/><W73/><G73/><T97/><D97/><U26/><E26/><V122/><F122/><W127/><G127/><T82/><D82/><U36/><E36/><V40/><F40/><W30/><G30/><T124/><D124/><U28/><E28/><V88/><F50/><W62/><G49/><N who="0" m="31087" /><D4/><U76/><E76/><V1/><F1/><W5/><G5/><T100/><D7/><U107/><E107/><V119/><F88/><W71/><G62/><T8/><D100/><U104/><E104/><V86/><F86/><W66/><G66/><T3/><D3/><U45/><AGARI ba="2,0" hai="15,19,21,45,51,52,61,67,68,92,94" m="51753" machi="45" ten="30,3000,0" yaku="20,1,54,1" doraHai="113" who="1" fromWho="1" sc="32,-12,529,36,170,-12,269,-12" /><INIT seed="1,3,0,4,2,69" ten="20,565,158,257" oya="1" hai0="80,1,16,38,17,72,96,86,82,48,101,121,20" hai1="117,118,76,84,67,111,11,109,126,32,42,106,116" hai2="113,15,85,94,102,120,41,122,115,8,25,4,3" hai3="28,103,62,71,9,119,68,18,45,114,123,65,40"/><U128/><E106/><V2/><F41/><W5/><G114/><N who="2" m="43529" /><F102/><W135/><G123/><N who="2" m="47145" /><F94/><W98/><G119/><T52/><D121/><U37/><E32/><V79/><F85/><W92/><G135/><T47/><D1/><N who="2" m="10" /><F79/><W59/><G18/><T61/><D17/><U74/><E84/><V64/><F64/><W35/><G28/><T33/><D86/><U100/><E67/><V58/><F58/><W87/><G35/><T22/><D33/><U90/><E100/><V129/><F25/><W66/><G87/><T99/><D72/><U60/><E74/><V30/><F30/><W44/><G66/><T55/><D101/><U130/><E76/><V110/><F129/><W89/><G89/><T97/><D22/><U13/><E90/><V29/><F29/><W24/><G24/><N who="0" m="14343" /><D38/><U105/><E105/><V56/><F56/><AGARI ba="3,0" hai="47,48,52,55,56,61,80,82,96,97,99" m="14343" machi="56" ten="30,3900,0" yaku="8,1,54,2" doraHai="69" who="0" fromWho="2" sc="20,48,565,0,158,-48,257,0" /><INIT seed="2,0,0,0,1,35" ten="68,565,110,257" oya="2" hai0="45,129,97,91,95,31,94,19,56,28,21,42,92" hai1="130,2,55,59,49,50,10,135,84,3,105,23,41" hai2="102,114,66,73,113,30,8,118,78,4,108,110,123" hai3="7,38,99,46,81,104,74,61,106,17,26,70,53"/><V86/><F30/><W18/><G18/><T32/><D129/><U82/><E105/><V75/><F66/><W88/><G38/><T117/><D117/><U11/><E130/><V52/><F102/><W119/><G70/><T33/><D33/><U96/><E96/><V111/><F52/><W9/><G74/><N who="2" m="28169" /><F118/><W63/><G63/><T120/><D120/><U79/><E23/><V72/><N who="2" m="28177" /><V62/><DORA hai="20" /><F62/><W85/><G119/><T0/><D32/><U133/><E41/><V103/><F103/><W126/><G99/><T34/><D34/><U14/><E50/><V22/><F22/><W65/><G65/><T64/><D94/><U134/><E11/><V109/><F123/><W87/><G61/><N who="0" m="37927" /><D0/><U71/><E71/><V76/><N who="2" m="28160" /><DORA hai="27" /><V124/><F124/><W58/><G126/><T112/><D112/><N who="2" m="43114" /><F86/><W25/><G87/><N who="0" m="52351" /><D42/><U43/><E43/><V37/><F37/><W54/><G85/><T39/><D45/><U15/><E10/><V5/><F5/><W128/><G9/><T60/><D39/><U80/><E84/><V122/><F122/><W69/><G7/><T98/><D60/><U107/><E55/><V89/><F89/><W121/><G88/><N who="0" m="55527" /><D98/><U36/><E36/><V47/><F47/><W1/><G121/><T101/><D101/><U57/><E49/><V12/><AGARI ba="0,0" hai="4,8,12,76,78" m="43114,28160,28177" machi="12" ten="80,7800,0" yaku="14,1,10,1" doraHai="35,20,27" who="2" fromWho="2" sc="68,-26,565,-26,110,78,257,-26" /><INIT seed="2,1,0,4,0,79" ten="42,539,188,231" oya="2" hai0="68,91,119,122,27,60,75,16,5,72,39,34,37" hai1="100,124,50,86,2,94,84,117,21,28,29,112,105" hai2="43,48,104,26,30,31,32,9,82,64,96,93,4" hai3="46,54,131,19,44,85,6,126,109,69,116,47,81"/><V8/><F104/><W38/><G38/><T103/><D122/><U99/><E2/><V0/><F64/><W107/><G107/><T24/><D5/><U59/><E117/><V18/><F43/><W74/><G74/><T121/><D103/><U51/><E112/><V12/><F48/><W57/><G69/><T102/><D102/><U88/><E124/><V22/><F82/><W1/><G116/><T42/><D121/><U71/><E71/><V89/><F32/><W17/><G131/><T127/><D127/><U132/><E132/><V58/><F58/><W125/><G109/><T52/><D119/><U25/><E29/><AGARI ba="1,0" hai="0,4,8,9,12,18,22,26,29,30,31,89,93,96" machi="29" ten="30,1500,0" yaku="7,1" doraHai="79" who="2" fromWho="1" sc="42,0,539,-18,188,18,231,0" /><INIT seed="2,2,0,2,1,122" ten="42,521,206,231" oya="2" hai0="57,16,24,37,103,124,118,43,28,86,112,34,53" hai1="120,129,41,77,80,11,101,82,55,50,33,81,110" hai2="93,65,12,100,18,56,40,109,87,104,30,51,61" hai3="14,91,42,7,27,21,123,132,17,116,117,25,46"/><V19/><F104/><W98/><G123/><T70/><D112/><U49/><E33/><V73/><F73/><W2/><G132/><T85/><D124/><U105/><E77/><V97/><F30/><W75/><G75/><T78/><D118/><U90/><E101/><V68/><F87/><W108/><G108/><T36/><D103/><U79/><E110/><V130/><F130/><W38/><G2/><T128/><D128/><U4/><E79/><V89/><F109/><W10/><G27/><T114/><D70/><U63/><E105/><V32/><F32/><W94/><AGARI ba="2,0" hai="7,10,14,17,21,25,38,42,46,91,94,98,116,117" machi="94" ten="30,1100,0" yaku="0,1" doraHai="122" who="3" fromWho="3" sc="42,-5,521,-5,206,-7,231,17" /><INIT seed="3,0,0,5,4,24" ten="37,516,199,248" oya="3" hai0="50,118,8,90,82,131,120,73,108,124,109,4,106" hai1="10,40,14,128,70,102,51,135,98,3,5,33,26" hai2="39,121,87,20,32,46,45,12,0,123,67,1,101" hai3="47,21,31,62,126,61,59,116,64,43,57,38,111"/><W15/><G116/><T79/><D120/><U66/><E128/><V72/><F72/><W30/><G126/><T88/><D118/><U95/><E135/><V84/><F32/><W119/><G119/><T16/><D106/><U85/><E66/><V52/><F101/><W71/><G111/><N who="0" m="42571" /><D131/><U18/><E70/><V69/><F69/><W6/><G71/><T117/><D117/><U107/><E51/><N who="2" m="28783" /><F67/><W86/><G86/><N who="2" m="32809" /><F39/><W76/><G76/><T7/><D50/><U127/><E40/><V2/><F46/><W91/><G91/><N who="0" m="34859" /><D124/><U25/><E127/><V41/><F41/><W29/><G6/><T37/><D37/><U103/><E85/><V35/><F35/><W22/><REACH who="3" step="1"/><G15/><AGARI ba="0,0" hai="4,7,8,15,16,73,79,82" m="34859,42571" machi="15" ten="30,3900,0" yaku="14,1,54,2" doraHai="24" who="0" fromWho="3" sc="37,39,516,0,199,0,248,-39" /><INIT seed="4,0,0,4,5,23" ten="76,516,199,209" oya="0" hai0="99,47,42,17,100,88,72,4,65,59,57,113,129" hai1="25,56,123,50,128,45,130,60,38,36,31,102,14" hai2="21,103,119,126,51,125,117,81,112,66,41,40,134" hai3="96,115,85,35,132,90,98,95,62,91,76,87,121"/><T69/><D72/><U34/><E102/><V10/><F103/><W32/><G115/><T1/><D113/><U79/><E79/><V8/><F112/><W122/><G62/><T104/><D129/><N who="1" m="49771" /><E14/><V9/><F66/><W120/><G76/><T109/><D109/><U135/><E135/><V46/><F134/><W110/><G110/><T37/><D1/><U75/><E75/><V71/><F71/><W13/><G13/><T16/><D4/><U74/><E74/><V127/><F81/><W114/><G114/><T28/><D28/><U0/><E0/><V63/><F63/><W11/><G11/><T43/><D43/><N who="1" m="24895" /><E123/><V44/><F21/><W131/><G132/><T53/><D88/><N who="3" m="33833" /><G95/><T39/><D37/><AGARI ba="0,0" hai="8,9,10,37,40,41,44,46,51,117,119,125,126,127" machi="37" ten="50,1600,0" yaku="18,1" doraHai="23" who="2" fromWho="0" sc="76,-16,516,0,199,16,209,0" /><INIT seed="5,0,0,3,3,132" ten="60,516,215,209" oya="1" hai0="15,81,64,57,65,68,61,13,35,97,93,37,18" hai1="107,14,23,62,77,123,91,59,86,88,19,34,25" hai2="2,124,26,10,119,11,67,80,63,4,82,100,103" hai3="51,28,30,58,102,36,44,60,117,42,85,20,87"/><U95/><E107/><V55/><F119/><W7/><G117/><T108/><D108/><U75/><E123/><V1/><F26/><W70/><G102/><T43/><D35/><U98/><E75/><V106/><F55/><N who="3" m="32127" /><G7/><T41/><D37/><U72/><E72/><V101/><F106/><W92/><G20/><T38/><D38/><U79/><E34/><V22/><F22/><W125/><G125/><T133/><D133/><U127/><E127/><V54/><F54/><W5/><G5/><T74/><D68/><U89/><E14/><V122/><F122/><W17/><G17/><T40/><D74/><U121/><E121/><V131/><F124/><W73/><G73/><T49/><D81/><N who="1" m="49231" /><E91/><V78/><F131/><W32/><G32/><T0/><D0/><U96/><E96/><V129/><F129/><W71/><G71/><T56/><D18/><U114/><E114/><V47/><F78/><W6/><G6/><T9/><D9/><U135/><E135/><V52/><F11/><W46/><G87/><T115/><D115/><U45/><E45/><V83/><F1/><W21/><G46/><T39/><D39/><U130/><E130/><V84/><F47/><W104/><G104/><T16/><D16/><U8/><E8/><V53/><REACH who="2" step="1"/><F84/><REACH who="2" ten="60,516,205,209" step="2"/><W109/><G21/><T134/><D134/><U76/><E76/><V31/><F31/><W90/><G109/><T94/><D65/><AGARI ba="0,1" hai="19,23,25,59,62,65,77,79,89,95,98" m="49231" machi="65" ten="30,2900,0" yaku="8,1,54,1" doraHai="132" who="1" fromWho="0" sc="60,-29,516,39,205,0,209,0" /><AGARI ba="0,0" hai="28,30,36,42,44,60,65,70,85,90,92" m="32127" machi="65" ten="30,1000,0" yaku="24,1" doraHai="132" who="3" fromWho="0" sc="31,-10,555,0,205,0,209,10" /><INIT seed="5,1,0,3,1,12" ten="21,555,205,219" oya="1" hai0="117,35,121,107,62,114,51,76,60,24,133,90,116" hai1="112,7,50,53,23,109,43,11,46,31,124,96,95" hai2="9,52,27,115,105,3,5,108,37,84,125,72,67" hai3="39,129,88,32,92,28,71,87,123,126,14,42,131"/><U2/><E112/><V82/><F108/><W97/><G71/><T58/><D107/><U73/><E73/><V49/><F105/><W75/><G75/><T44/><D76/><U15/><E124/><V134/><F125/><W127/><G123/><T54/><D35/><U69/><E69/><V103/><F103/><W85/><G126/><T1/><D1/><U18/><E31/><V99/><F99/><W70/><G70/><T41/><D121/><U94/><E109/><V101/><F101/><W119/><G119/><T122/><D122/><U10/><E96/><V128/><F72/><W132/><G132/><T130/><D133/><U80/><E80/><V30/><F134/><W56/><G56/><T4/><D114/><U6/><E43/><V89/><F115/><W110/><G110/><T57/><D4/><U66/><E66/><V120/><F67/><W102/><G127/><T79/><D79/><U17/><REACH who="1" step="1"/><E18/><REACH who="1" ten="21,545,205,219" step="2"/><V16/><F120/><W81/><G28/><T113/><D113/><U86/><E86/><V63/><F30/><W45/><G87/><T48/><D130/><N who="3" m="49673" /><G32/><T21/><D90/><U65/><E65/><V77/><F128/><W33/><G33/><T38/><D117/><U91/><E91/><V135/><F89/><W100/><G100/><T29/><REACH who="0" step="1"/><D116/><REACH who="0" ten="11,545,205,219" step="2"/><U83/><E83/><V68/><F135/><W98/><G98/><T20/><D20/><U25/><AGARI ba="1,2" hai="2,6,7,10,11,15,17,23,25,46,50,53,94,95" machi="25" ten="20,12000,1" yaku="1,1,0,1,7,1,52,1,53,1" doraHai="12" doraHaiUra="19" who="1" fromWho="1" sc="11,-41,545,143,205,-41,219,-41" owari="-30,-53.0,688,79.0,164,-24.0,178,-2.0" /></mjloggm>