<mjloggm ver="2.3"><GO type="169" lobby="0"/><UN n0="%72%75%6C%79%30%32%30%38" n1="%E3%81%84%E3%81%A1%E3%81%8B%E3%82%8F%E2%99%AA" n2="%E7%89%87%E5%B2%A1%E5%84%AA%E5%AD%A3" n3="%E3%82%A6%E3%83%AB%E3%83%88%E3%83%A9%E7%AB%8B%E7%9B%B4" dan="16,17,16,17" rate="2038.03,2104.40,2129.14,2186.17" sx="M,M,F,M"/><TAIKYOKU oya="0"/><INIT seed="0,0,0,0,1,107" ten="250,250,250,250" oya="0" hai0="54,23,96,76,99,69,128,4,31,1,25,8,84" hai1="44,57,29,21,125,70,122,52,36,32,28,3,49" hai2="116,14,89,127,114,34,67,53,71,97,121,10,6" hai3="46,33,124,126,108,42,104,82,48,16,81,5,63"/><T40/><D128/><U118/><E70/><V119/><F121/><W85/><G104/><T60/><D40/><U83/><E3/><V92/><F34/><W55/><G33/><T38/><D38/><U56/><E32/><V75/><F127/><N who="3" m="48683" /><G5/><T47/><D47/><U133/><E118/><N who="2" m="45099" /><F114/><W2/><G2/><T98/><D54/><U50/><E133/><V24/><F24/><W109/><G16/><T131/><D131/><U68/><E57/><V87/><F53/><W106/><G106/><T100/><D76/><U59/><E56/><V94/><F67/><W120/><G120/><T123/><D123/><U66/><E68/><V115/><F71/><W9/><G9/><T72/><D84/><U41/><E66/><V129/><F115/><W77/><G82/><T7/><D7/><U95/><E36/><V132/><F132/><W39/><G63/><T74/><REACH who="0" step="1"/><D100/><REACH who="0" ten="240,250,250,250" step="2"/><U45/><E122/><V90/><F129/><W73/><G85/><T13/><D13/><U15/><E125/><V0/><F14/><W64/><G64/><AGARI ba="0,1" hai="1,4,8,23,25,31,60,64,69,72,74,96,98,99" machi="64" ten="40,12000,1" yaku="1,1,52,2,53,1" doraHai="107" doraHaiUra="20" who="0" fromWho="3" sc="240,130,250,0,250,0,250,-120" /><INIT seed="0,1,0,5,4,113" ten="370,250,250,130" oya="0" hai0="92,107,19,25,106,74,134,124,46,42,40,93,6" hai1="16,89,67,53,57,11,135,9,80,127,97,29,69" hai2="33,81,79,18,83,96,129,98,0,4,37,39,1" hai3="35,126,60,133,48,52,73,15,22,88,116,91,132"/><T90/><D134/><N who="3" m="51817" /><G35/><T68/><D68/><U63/><E29/><V34/><F129/><W21/><G73/><T100/><D74/><U66/><E127/><V3/><F4/><W128/><G126/><T99/><D124/><U54/><E54/><V5/><F5/><W102/><G128/><T26/><D6/><U12/><E135/><V47/><F18/><W2/><G2/><T61/><D61/><U41/><E41/><V122/><F47/><N who="3" m="27679" /><G102/><T24/><D19/><U109/><E9/><V14/><F14/><W44/><G44/><T117/><D40/><U58/><E69/><V51/><F51/><W36/><G36/><T84/><D42/><U55/><E109/><V75/><F122/><W10/><G60/><T112/><D46/><U85/><E97/><V50/><F50/><AGARI ba="1,0" hai="11,12,16,50,53,55,57,58,63,66,67,80,85,89" machi="50" ten="30,3900,0" yaku="7,1,8,1,54,1" doraHai="113" who="1" fromWho="2" sc="370,0,250,42,250,-42,130,0" /><INIT seed="1,0,0,3,1,70" ten="370,292,208,130" oya="1" hai0="15,81,21,54,104,60,90,124,83,94,116,43,27" hai1="133,40,29,111,18,65,85,125,51,64,103,72,49" hai2="93,110,17,127,46,134,11,74,23,14,3,117,31" hai3="112,105,118,106,32,20,128,53,24,80,86,13,9"/><U109/><E72/><V88/><F117/><W26/><G118/><T123/><D116/><U122/><E29/><V107/><F107/><W34/><G112/><T89/><D124/><U73/><E73/><V39/><F74/><W91/><G128/><T48/><D104/><U19/><E103/><V25/><F127/><W5/><G34/><T87/><D15/><U35/><E35/><V120/><F120/><W47/><G32/><T84/><D60/><U28/><E28/><V115/><F115/><W130/><G130/><T75/><D43/><U6/><E40/><V132/><F110/><N who="1" m="41993" /><E6/><V71/><F71/><W96/><G96/><T38/><D38/><U98/><E98/><V121/><F121/><W113/><G113/><T36/><D36/><U16/><E122/><V101/><F101/><W108/><G108/><T68/><D68/><U57/><E133/><N who="2" m="51307" /><F3/><W44/><G106/><T56/><D75/><U135/><E125/><V45/><F39/><W76/><G105/><T41/><D41/><U55/><E51/><V92/><F93/><W59/><G76/><T77/><D77/><U66/><E135/><V7/><F7/><W97/><G97/><AGARI ba="0,0" hai="11,14,17,23,25,31,45,46,88,92,97" m="51307" machi="97" ten="30,2000,0" yaku="20,1,54,1" doraHai="70" who="2" fromWho="3" sc="370,0,292,0,208,20,130,-20" /><INIT seed="2,0,0,1,5,73" ten="370,292,228,110" oya="2" hai0="88,72,116,50,115,121,75,103,78,12,39,112,126" hai1="34,84,99,122,8,41,33,35,82,15,133,96,94" hai2="104,36,37,101,27,128,25,89,46,134,32,43,22" hai3="24,40,49,130,53,106,64,105,29,26,48,45,124"/><V23/><F32/><W125/><G64/><T114/><D39/><U70/><E70/><V69/><F69/><W129/><G29/><T57/><D121/><U7/><E133/><V85/><F134/><W30/><G30/><T59/><D126/><N who="3" m="48745" /><G26/><T18/><D116/><U102/><E41/><V13/><F128/><N who="3" m="49259" /><G24/><T47/><D103/><U86/><E86/><V38/><F13/><W81/><G81/><T44/><D12/><U2/><E99/><V68/><F68/><W71/><G71/><T91/><D115/><U83/><E83/><V3/><F27/><W11/><G11/><T108/><D18/><U100/><E100/><V54/><F3/><W119/><G119/><T62/><D62/><U95/><E2/><V1/><F1/><W80/><G80/><T10/><D10/><U97/><E97/><V110/><F101/><W67/><G67/><T51/><D108/><U92/><REACH who="1" step="1"/><E122/><REACH who="1" ten="370,282,228,110" step="2"/><V120/><F120/><W14/><G106/><T79/><AGARI ba="0,1" hai="44,47,50,51,57,59,72,75,78,79,88,91,112,114" machi="79" ten="25,12000,2" yaku="0,1,22,2,52,2,54,1" doraHai="73" who="0" fromWho="0" sc="370,130,282,-30,228,-60,110,-30" /><INIT seed="3,0,0,0,3,29" ten="500,252,168,80" oya="3" hai0="24,100,53,105,131,103,6,123,66,30,98,111,14" hai1="5,135,120,118,113,26,4,95,102,69,37,32,50" hai2="42,82,72,114,110,22,125,39,41,88,1,81,127" hai3="35,129,134,75,7,122,51,73,23,96,83,36,8"/><W58/><G122/><T57/><D123/><U86/><E120/><V43/><F39/><W121/><G121/><T25/><D66/><U119/><E69/><V85/><F1/><W52/><G36/><T62/><D30/><N who="1" m="19543" /><E37/><V87/><F110/><W18/><G35/><T16/><D6/><U9/><E50/><V46/><F114/><W132/><G96/><T84/><D111/><U77/><E77/><V107/><F107/><W55/><G55/><T64/><D103/><U106/><E106/><V68/><F68/><W70/><G70/><T109/><D109/><U108/><E5/><V97/><F72/><W47/><G58/><T65/><D65/><U15/><E135/><N who="3" m="51754" /><G83/><T93/><D131/><U78/><E113/><V126/><F97/><W40/><G40/><T133/><D133/><U56/><E56/><V28/><F46/><W99/><G99/><T0/><D105/><U48/><E102/><V130/><F130/><W45/><G45/><T89/><D53/><U115/><E115/><V20/><REACH who="2" step="1"/><F28/><REACH who="2" ten="500,252,158,80" step="2"/><W67/><G129/><T91/><D98/><U27/><E108/><V44/><F44/><W63/><G75/><T17/><D0/><U49/><E119/><V71/><F71/><N who="3" m="42495" /><G73/><T94/><D57/><U74/><E118/><V124/><N who="2" m="31744" /><DORA hai="33" /><V2/><F2/><N who="3" m="119" /><G18/><T19/><D16/><U38/><E74/><V116/><F116/><W12/><G12/><T3/><D14/><U31/><E38/><V92/><F92/><W59/><G47/><T112/><D19/><U117/><E117/><V104/><F104/><W60/><G60/><T76/><D62/><RYUUKYOKU ba="0,1" sc="500,-15,252,-15,158,15,80,15" hai2="20,22,41,42,43,81,82,85,87,88" hai3="23,51,52,59" /><INIT seed="3,1,1,0,1,17" ten="485,237,173,95" oya="3" hai0="27,7,119,83,79,65,13,134,49,28,46,54,10" hai1="53,90,8,71,39,47,82,120,3,30,6,16,93" hai2="57,115,9,129,32,102,59,41,127,89,64,29,125" hai3="11,88,24,95,72,114,50,105,131,25,52,51,117"/><W14/><G105/><T94/><D134/><U56/><E71/><V128/><F115/><W37/><G72/><T91/><D65/><U104/><E30/><V43/><F102/><W70/><G37/><T75/><D119/><U68/><E82/><V38/><F32/><W98/><G70/><T92/><D91/><U42/><E68/><V44/><F9/><W5/><G117/><T73/><D73/><U19/><E104/><V1/><F1/><W126/><G114/><T74/><D74/><U45/><E45/><V21/><F89/><W112/><G112/><T96/><D96/><U108/><E108/><V100/><F100/><W31/><G126/><N who="2" m="48137" /><F64/><W69/><G131/><N who="2" m="50249" /><F41/><W99/><G69/><T123/><D123/><U36/><E36/><V85/><F85/><W78/><G78/><T0/><D0/><U60/><E120/><V48/><F38/><W122/><G122/><T101/><D101/><U124/><E124/><V22/><F29/><W55/><G99/><AGARI ba="1,1" hai="3,6,8,16,19,39,42,47,53,56,60,90,93,99" machi="99" ten="30,2000,0" yaku="7,1,54,1" doraHai="17" who="1" fromWho="3" sc="485,0,237,33,173,0,95,-23" /><INIT seed="4,0,0,4,4,110" ten="485,270,173,72" oya="0" hai0="99,6,81,27,53,28,134,2,130,116,101,85,26" hai1="32,78,4,46,56,59,13,67,22,21,86,20,79" hai2="37,43,39,62,44,94,84,135,69,66,132,51,106" hai3="122,98,70,38,34,80,23,71,48,12,61,40,131"/><T11/><D116/><U18/><E32/><V49/><F106/><W115/><G34/><T111/><D134/><N who="2" m="51242" /><F84/><W24/><G122/><T109/><D130/><U3/><E3/><V121/><F94/><W8/><G131/><T95/><D53/><U97/><E4/><V47/><F121/><W55/><G98/><T90/><REACH who="0" step="1"/><D26/><REACH who="0" ten="475,270,173,72" step="2"/><U1/><E1/><V119/><F119/><W82/><G24/><T72/><D72/><U128/><E128/><V31/><F31/><W114/><G61/><T117/><D117/><U133/><E133/><V93/><F93/><W7/><G40/><AGARI ba="0,1" hai="37,39,40,43,44,47,49,51,62,66,69" m="51242" machi="40" ten="30,3900,0" yaku="20,1,34,2" doraHai="110" who="2" fromWho="3" sc="475,0,270,0,173,49,72,-39" /><INIT seed="5,0,0,4,2,32" ten="475,270,222,33" oya="1" hai0="118,10,14,19,42,33,105,101,123,80,125,56,98" hai1="57,97,78,106,88,63,94,134,103,116,7,96,119" hai2="59,67,110,22,61,108,24,130,71,3,43,18,51" hai3="49,44,31,40,16,85,100,54,2,13,25,58,0"/><U124/><E124/><V8/><F130/><W122/><G122/><T104/><D33/><U23/><E134/><V83/><F83/><W66/><G100/><T135/><D42/><U115/><E115/><V127/><F127/><W84/><G66/><T87/><D118/><U113/><E113/><V28/><F28/><W47/><G47/><T72/><D72/><U15/><E78/><V27/><F24/><W86/><G25/><T70/><D70/><U126/><E126/><V39/><F8/><W99/><G99/><T76/><D123/><U95/><E106/><V68/><F3/><W102/><G102/><T133/><D125/><U77/><E77/><V120/><F120/><W45/><G31/><T55/><D105/><U69/><E69/><V34/><F34/><W46/><REACH who="3" step="1"/><G40/><REACH who="3" ten="475,270,222,23" step="2"/><T91/><D98/><U48/><E48/><V65/><F65/><W121/><G121/><T20/><D133/><U36/><E36/><V128/><F128/><W81/><G81/><T109/><D80/><U26/><E15/><V114/><F114/><W129/><G129/><T132/><D14/><U12/><E12/><V107/><F107/><W117/><G117/><T90/><D104/><U37/><E37/><V93/><F93/><W17/><G17/><T112/><D19/><U1/><E26/><V38/><F71/><W131/><G131/><T79/><D135/><U52/><REACH who="1" step="1"/><E23/><AGARI ba="0,1" hai="0,2,13,16,23,44,45,46,49,54,58,84,85,86" machi="23" ten="40,12000,2" yaku="1,1,52,2,54,1,53,3" doraHai="32" doraHaiUra="41" who="3" fromWho="1" sc="475,0,270,-120,222,0,23,130" /><INIT seed="6,0,0,3,0,85" ten="475,150,222,153" oya="2" hai0="3,32,42,76,53,90,16,43,31,30,15,74,37" hai1="113,92,62,46,18,72,103,115,112,128,126,73,100" hai2="9,35,111,105,48,131,77,47,118,28,82,36,88" hai3="84,11,94,121,95,33,65,61,7,71,133,38,0"/><V12/><F118/><W59/><G121/><T97/><D3/><U124/><E62/><V130/><F105/><W127/><G33/><T1/><D53/><U54/><E18/><V75/><F111/><W120/><G120/><T26/><D97/><U40/><E54/><V55/><F36/><W41/><G127/><N who="1" m="48682" /><E128/><N who="2" m="49195" /><F28/><W44/><G133/><T21/><D76/><U135/><E135/><V89/><F35/><W102/><G102/><N who="1" m="38954" /><E46/><V56/><F47/><W39/><G39/><T29/><D74/><N who="1" m="28779" /><E92/><V78/><F77/><W52/><G84/><T119/><D43/><AGARI ba="0,0" hai="40,43,112,113,115" m="28779,38954,48682" machi="43" ten="40,8000,1" yaku="28,2,15,1,18,1" doraHai="85" who="1" fromWho="0" sc="475,-80,150,80,222,0,153,0" /><INIT seed="7,0,0,2,0,13" ten="395,230,222,153" oya="3" hai0="57,17,65,46,8,50,12,110,14,25,115,126,93" hai1="120,119,72,83,74,98,48,94,103,7,68,51,20" hai2="92,36,16,0,45,32,3,87,106,101,59,61,104" hai3="122,99,88,82,39,132,38,100,97,30,55,31,27"/><W23/><G132/><T67/><D110/><U133/><E68/><V128/><F32/><W121/><G31/><T1/><D1/><U73/><E120/><V117/><F117/><W113/><G113/><T71/><D25/><U24/><E133/><V79/><F106/><W124/><G124/><T37/><D57/><U43/><E43/><V5/><F104/><W95/><G55/><T102/><D93/><U109/><E109/><V85/><F128/><W11/><G11/><T44/><D102/><U64/><E64/><V21/><F36/><W53/><G53/><T123/><D44/><U135/><E83/><V81/><F45/><W134/><G134/><T56/><D12/><U60/><E60/><V41/><F41/><W130/><G130/><T75/><D50/><U63/><E63/><V54/><F5/><W91/><G91/><T26/><D8/><U9/><E119/><V4/><F4/><W62/><G62/><T42/><D56/><U125/><E125/><V2/><F101/><W58/><G58/><T35/><D46/><U19/><REACH who="1" step="1"/><E135/><REACH who="1" ten="395,220,222,153" step="2"/><V131/><F131/><W28/><G28/><T86/><D71/><U112/><E112/><V107/><F107/><W15/><G122/><T89/><D42/><U52/><E52/><V90/><F0/><AGARI ba="0,1" hai="0,7,9,19,20,24,48,51,72,73,74,94,98,103" machi="0" ten="40,2600,0" yaku="1,1,52,1,53,0" doraHai="13" doraHaiUra="108" who="1" fromWho="2" sc="395,0,220,36,222,-26,153,0" owari="395,49.0,256,6.0,196,-20.0,153,-35.0" /></mjloggm>