<mjloggm ver="2.3"><GO type="97" lobby="0"/><UN n0="%E6%9C%B1%E3%81%84%E9%9B%80" n1="%E3%82%A6%E3%83%AB%E3%83%88%E3%83%A9%E7%AB%8B%E7%9B%B4" n2="%72%63%70%62" n3="%70%6F%6E%74%61%6D%6F" dan="14,15,15,14" rate="1963.80,2048.14,1982.63,1905.76" sx="M,M,M,M"/><TAIKYOKU oya="0"/><INIT seed="0,0,0,2,1,2" ten="250,250,250,250" oya="0" hai0="25,11,19,22,96,14,91,64,12,105,129,78,107" hai1="35,81,32,3,36,17,72,82,127,5,90,79,52" hai2="69,41,21,18,31,126,70,101,112,44,116,67,42" hai3="100,121,109,124,66,65,71,30,15,53,117,49,123"/><T113/><D113/><U10/><E127/><V63/><F31/><W7/><G117/><T89/><D129/><U80/><E80/><V93/><F112/><W6/><G124/><T9/><D78/><U54/><E32/><V97/><F116/><W55/><G109/><T23/><D64/><N who="3" m="24681" /><G71/><T104/><D96/><U84/><E35/><V122/><F122/><N who="3" m="46603" /><G30/><T98/><D98/><U118/><E118/><V83/><F126/><W87/><G15/><T119/><D119/><U86/><E86/><V132/><F132/><W128/><G128/><T13/><D25/><U45/><E17/><V120/><F70/><W111/><G111/><T33/><D33/><U130/><E130/><V77/><F120/><W48/><G87/><T133/><D133/><U4/><E4/><N who="3" m="1578" /><G100/><T134/><D19/><U37/><E37/><V68/><F68/><W0/><G0/><T94/><D94/><U38/><E38/><V56/><F69/><W103/><G103/><T135/><D134/><U16/><E16/><V62/><F93/><W58/><G55/><T20/><REACH who="0" step="1"/><D135/><REACH who="0" ten="240,250,250,250" step="2"/><U92/><E92/><V26/><F101/><W28/><G28/><T34/><D34/><U8/><E3/><V51/><F97/><W1/><G1/><T131/><D131/><U24/><E24/><V43/><F26/><W61/><AGARI ba="0,1" hai="48,49,53,58,61" m="1578,46603,24681" machi="61" ten="30,7900,0" yaku="13,1,52,3" doraHai="2" who="3" fromWho="3" sc="240,-39,250,-20,250,-20,250,89" /><INIT seed="1,0,0,1,3,68" ten="201,230,230,339" oya="1" hai0="124,70,84,23,112,27,131,101,54,47,79,76,132" hai1="122,19,134,9,87,114,115,3,121,59,104,56,37" hai2="111,95,55,29,113,46,8,73,22,40,103,39,90" hai3="45,123,118,72,38,58,81,17,97,96,75,128,126"/><U110/><E87/><V30/><F73/><N who="3" m="28235" /><G58/><N who="1" m="22058" /><E19/><V130/><F111/><W93/><G17/><T42/><D70/><U100/><E9/><V1/><F130/><W7/><G7/><T6/><D112/><N who="1" m="43051" /><E100/><V106/><F106/><W2/><G45/><T31/><D131/><U117/><E104/><V120/><F103/><W61/><G61/><T116/><D101/><U21/><E21/><V11/><F90/><W26/><G26/><T92/><D116/><U32/><E32/><V53/><F95/><W88/><G2/><T91/><D132/><U127/><E3/><V71/><F11/><W14/><G14/><T10/><D124/><U18/><E18/><V74/><F8/><W125/><G123/><N who="1" m="47114" /><E127/><N who="3" m="48650" /><G118/><T80/><D92/><U51/><E134/><V85/><F30/><W20/><G20/><T86/><D86/><U57/><E117/><V98/><F22/><W65/><G65/><T25/><D25/><U119/><E119/><V109/><F29/><W77/><G128/><T62/><D62/><U63/><E110/><V107/><F1/><W34/><G97/><T12/><D54/><N who="1" m="34231" /><E51/><AGARI ba="0,0" hai="6,10,12,23,27,31,42,47,51,76,79,80,84,91" machi="51" ten="30,2000,0" yaku="7,1,8,1" doraHai="68" who="0" fromWho="1" sc="201,20,230,-20,230,0,339,0" /><INIT seed="2,0,0,1,4,26" ten="221,210,230,339" oya="2" hai0="120,93,96,78,29,89,41,32,61,111,55,48,50" hai1="40,27,23,101,125,108,65,76,124,67,53,74,123" hai2="127,60,59,6,44,113,22,20,62,49,13,24,122" hai3="21,110,30,131,104,75,121,37,103,98,36,25,79"/><V106/><F106/><W91/><G110/><T82/><D120/><U43/><E76/><V17/><F113/><W56/><G121/><T102/><D111/><U19/><E74/><V16/><F122/><W2/><G2/><T86/><D41/><N who="1" m="15947" /><E108/><V95/><F127/><N who="1" m="48713" /><E123/><V39/><F39/><W69/><G69/><T109/><D109/><U118/><E118/><V0/><F95/><W58/><G131/><T38/><D38/><U88/><E101/><V7/><F0/><W116/><G116/><T112/><D112/><U3/><E3/><V4/><REACH who="2" step="1"/><F59/><REACH who="2" ten="221,210,220,339" step="2"/><W97/><G37/><T129/><D129/><U14/><E67/><V126/><F126/><W132/><G36/><T77/><D61/><U15/><E65/><V8/><F8/><W92/><G132/><T52/><D78/><U94/><E53/><AGARI ba="0,1" hai="4,6,7,13,16,17,20,22,24,44,49,53,60,62" machi="53" ten="40,7700,0" yaku="1,1,8,1,54,1,53,0" doraHai="26" doraHaiUra="99" who="2" fromWho="1" sc="221,0,210,-77,220,87,339,0" /><INIT seed="2,1,0,5,5,50" ten="221,133,307,339" oya="2" hai0="35,45,44,17,135,99,15,57,133,12,117,66,107" hai1="67,84,85,22,39,97,4,24,14,108,43,52,41" hai2="56,10,103,125,122,114,18,61,132,0,49,29,127" hai3="2,113,8,58,54,36,30,126,23,25,104,72,116"/><V81/><F122/><W77/><G36/><T1/><D1/><U38/><E108/><V63/><F114/><W55/><G104/><T78/><D35/><U83/><E67/><V111/><F132/><N who="0" m="50762" /><D78/><U118/><E118/><V102/><F29/><W48/><G126/><N who="2" m="48137" /><F111/><W74/><G116/><T26/><D26/><U93/><E39/><V90/><F49/><W51/><G77/><T73/><D73/><U28/><E38/><V19/><F0/><W47/><REACH who="3" step="1"/><G113/><REACH who="3" ten="221,133,307,329" step="2"/><T80/><D117/><U119/><E119/><V95/><F81/><W7/><AGARI ba="1,1" hai="2,7,8,23,25,30,47,48,51,54,55,58,72,74" machi="7" ten="30,8000,1" yaku="1,1,2,1,0,1,52,2,53,0" doraHai="50" doraHaiUra="71" who="3" fromWho="3" sc="221,-21,133,-21,307,-41,329,93" /><INIT seed="3,0,0,5,5,13" ten="200,112,266,422" oya="3" hai0="64,80,75,47,74,16,9,15,67,2,55,98,59" hai1="27,92,48,65,101,44,102,22,135,100,14,112,29" hai2="53,103,106,134,32,86,49,95,23,24,113,99,34" hai3="85,79,28,73,114,25,1,3,108,52,7,70,0"/><W132/><G70/><T82/><D2/><U38/><E38/><V5/><F113/><W30/><G73/><T107/><D74/><U87/><E135/><V90/><F5/><W97/><G114/><T17/><D75/><U21/><E112/><V37/><F37/><W63/><G108/><T33/><D47/><U40/><E65/><N who="0" m="25161" /><D33/><U68/><E68/><V56/><F134/><W120/><G132/><T66/><N who="0" m="25169" /><T31/><DORA hai="130" /><D98/><U71/><E71/><V42/><F42/><W121/><G97/><T128/><D31/><AGARI ba="0,0" hai="23,24,31,32,34,49,53,56,86,90,95,99,103,106" machi="31" ten="30,1000,0" yaku="7,1" doraHai="13,130" who="2" fromWho="0" sc="200,-10,112,0,266,10,422,0" owari="190,-21.0,112,-39.0,276,8.0,422,52.0" /></mjloggm>