<mjloggm ver="2.3"><GO type="97" lobby="0"/><UN n0="%6D%69%74%61" n1="%E3%82%A6%E3%83%AB%E3%83%88%E3%83%A9%E7%AB%8B%E7%9B%B4" n2="%E3%82%A2%E3%82%AB%E2%98%86%E3%82%A6%E3%83%BC%E3%83%94%E3%83%B3" n3="%E9%AE%AB%E5%B3%B6" dan="14,14,18,14" rate="1914.72,1967.85,2128.90,1990.10" sx="M,M,M,M"/><TAIKYOKU oya="0"/><INIT seed="0,0,0,5,4,73" ten="250,250,250,250" oya="0" hai0="16,96,134,5,50,97,3,106,65,108,56,26,112" hai1="15,41,46,59,30,21,34,113,61,102,89,107,78" hai2="22,12,0,6,49,92,84,8,135,119,83,39,17" hai3="48,43,64,53,124,75,91,128,63,62,110,100,122"/><T1/><D112/><U90/><E113/><V7/><F39/><W81/><G122/><T133/><D108/><U88/><E34/><V118/><F135/><N who="0" m="51722" /><D5/><U19/><E30/><V86/><F7/><W47/><G110/><T33/><D33/><U44/><E107/><V120/><F120/><W29/><G124/><T2/><D106/><U71/><E71/><V126/><F126/><W116/><G116/><N who="2" m="44585" /><F92/><W20/><G128/><T14/><D26/><U82/><E102/><V25/><F49/><W98/><G43/><T70/><D70/><U11/><E41/><V52/><F52/><W77/><G91/><T27/><D27/><U69/><E69/><V38/><F38/><W32/><G32/><T121/><D121/><U51/><E51/><V114/><F114/><W74/><G74/><T57/><D50/><U99/><E99/><N who="0" m="37961" /><D65/><U35/><E35/><V67/><F67/><W55/><G55/><T37/><D37/><U115/><E115/><V76/><F86/><W66/><G66/><T101/><D101/><U132/><E132/><V111/><F111/><W60/><G64/><T54/><D54/><N who="1" m="34039" /><E46/><V109/><F109/><W103/><G98/><T31/><D31/><U104/><E44/><V131/><F131/><W85/><G75/><T130/><D130/><U13/><E104/><V87/><F87/><W18/><REACH who="3" step="1"/><G29/><REACH who="3" ten="250,250,250,240" step="2"/><T105/><D105/><U129/><E129/><V36/><F36/><W72/><G72/><T79/><D79/><U10/><E78/><V127/><F127/><W94/><G94/><T45/><D45/><U9/><E82/><V58/><F58/><RYUUKYOKU ba="0,1" sc="250,0,250,0,250,0,240,0" hai0="1,2,3,14,16,56,57" hai1="9,10,11,13,15,19,21,88,89,90" hai2="0,6,8,12,17,22,25,76,83,84" hai3="18,20,47,48,53,60,62,63,77,81,85,100,103" /><INIT seed="0,1,1,4,2,112" ten="250,250,250,240" oya="0" hai0="14,17,5,127,84,4,87,97,107,135,36,62,50" hai1="82,118,18,103,120,55,49,41,26,128,43,79,122" hai2="57,101,76,129,40,48,67,130,123,124,134,7,0" hai3="37,95,86,32,33,2,45,38,113,78,109,39,83"/><T105/><D36/><U98/><E118/><V46/><F123/><W75/><G113/><T10/><D127/><U131/><E18/><V3/><F124/><W64/><G109/><T125/><D135/><U28/><E122/><V91/><F134/><W11/><G64/><T81/><D125/><U60/><E60/><N who="2" m="38287" /><F7/><N who="3" m="1527" /><G95/><T61/><D97/><U115/><E120/><V6/><F6/><N who="0" m="2666" /><D105/><U47/><E115/><V69/><F69/><W110/><G86/><N who="0" m="32811" /><D107/><U74/><E131/><N who="2" m="50187" /><F91/><W93/><G93/><T119/><D119/><U29/><E128/><V100/><F76/><W25/><G110/><T66/><D81/><U9/><E9/><V111/><F111/><W56/><G56/><N who="0" m="37159" /><D62/><U65/><E65/><V63/><F63/><W108/><G108/><T85/><N who="0" m="32819" /><T21/><DORA hai="77" /><D50/><U71/><E71/><V34/><F34/><N who="3" m="13419" /><G25/><T99/><D99/><U96/><E26/><V42/><F42/><AGARI ba="1,1" hai="37,38,39,42,45,75,78,83" m="13419,1527" machi="42" ten="30,7700,0" yaku="25,1,33,2,52,1" doraHai="112,77" who="3" fromWho="2" sc="250,0,250,0,250,-80,240,90" /><INIT seed="1,0,0,0,1,101" ten="250,250,170,330" oya="1" hai0="28,17,98,46,45,116,100,3,55,38,64,77,20" hai1="122,48,65,92,58,68,57,10,121,19,73,0,113" hai2="7,1,11,129,71,112,120,131,82,14,50,99,41" hai3="52,36,126,56,26,44,115,127,110,111,123,125,62"/><U54/><E73/><V85/><F71/><W132/><G26/><T81/><D3/><U60/><E113/><V16/><F120/><W72/><G72/><T43/><D116/><U12/><E0/><V95/><F112/><W91/><G123/><T134/><D134/><U47/><E58/><V8/><F41/><N who="3" m="22567" /><G115/><T79/><D28/><U30/><E30/><V87/><F50/><W75/><G75/><T83/><D64/><U22/><E22/><V105/><F105/><W133/><G91/><T103/><D55/><U42/><REACH who="1" step="1"/><E92/><REACH who="1" ten="250,240,170,330" step="2"/><V51/><F51/><AGARI ba="0,1" hai="10,12,19,42,47,48,51,54,57,60,65,68,121,122" machi="51" ten="30,5800,0" yaku="1,1,2,1,7,1,53,0" doraHai="101" doraHaiUra="109" who="1" fromWho="2" sc="250,0,240,68,170,-58,330,0" /><INIT seed="1,1,0,3,3,75" ten="250,308,112,330" oya="1" hai0="20,38,39,63,15,44,128,5,135,29,6,126,74" hai1="47,71,127,102,83,2,124,13,50,105,99,22,72" hai2="117,62,46,109,17,23,57,11,52,134,88,73,78" hai3="130,86,123,68,132,25,60,97,67,35,1,120,53"/><U3/><E71/><V116/><F109/><W8/><G130/><T93/><D126/><N who="1" m="48171" /><E72/><V96/><F134/><W107/><G132/><T94/><D128/><U112/><E112/><V133/><F133/><W106/><G86/><T41/><D135/><U51/><E83/><N who="2" m="45519" /><F11/><W54/><G54/><T76/><D38/><U21/><E50/><V9/><F9/><W121/><G53/><T55/><D6/><U59/><E59/><V28/><F28/><N who="3" m="19855" /><G97/><T79/><D74/><U0/><E13/><V115/><F46/><W14/><G14/><T92/><D5/><AGARI ba="1,0" hai="1,5,8,60,67,68,106,107,120,121,123" m="19855" machi="5" ten="30,1000,0" yaku="23,1" doraHai="75" who="3" fromWho="0" sc="250,-13,308,0,112,0,330,13" /><INIT seed="2,0,0,0,0,80" ten="237,308,112,343" oya="2" hai0="125,45,118,3,77,2,22,131,0,34,61,20,40" hai1="81,68,26,51,95,128,14,44,17,19,1,30,24" hai2="127,120,48,67,90,9,13,38,89,104,71,75,122" hai3="63,129,64,46,4,27,25,110,115,10,133,5,92"/><V78/><F38/><W103/><G110/><T43/><D118/><U41/><E68/><V130/><F104/><W116/><G116/><T85/><D34/><U11/><E1/><V49/><F127/><W121/><G121/><T108/><D131/><U33/><E128/><V105/><F105/><W97/><G129/><T36/><D108/><U107/><E107/><V114/><F130/><W23/><G23/><T111/><D125/><U18/><E95/><V70/><F114/><W28/><G115/><T8/><D8/><U84/><REACH who="1" step="1"/><E26/><REACH who="1" ten="237,298,112,343" step="2"/><V132/><F71/><W101/><G27/><T86/><D111/><U109/><E109/><V98/><F120/><W39/><G25/><T31/><D31/><U135/><E135/><V69/><F132/><W62/><G28/><T55/><D77/><AGARI ba="0,1" hai="11,14,17,18,19,24,30,33,41,44,51,77,81,84" machi="77" ten="30,3900,0" yaku="1,1,7,1,52,1,53,0" doraHai="80" doraHaiUra="93" who="1" fromWho="0" sc="237,-39,298,49,112,0,343,0" /><INIT seed="3,0,0,1,1,101" ten="198,347,112,343" oya="3" hai0="87,111,38,45,25,115,16,63,81,135,85,41,56" hai1="9,1,96,83,35,127,117,75,20,88,107,134,106" hai2="132,116,17,84,69,47,4,11,86,27,120,73,8" hai3="130,46,133,77,78,104,95,18,80,40,98,28,44"/><W123/><G123/><T82/><D111/><U105/><E35/><V59/><F69/><W26/><G104/><T43/><D135/><U7/><E117/><V29/><F73/><W124/><G133/><T19/><D115/><U15/><E127/><V110/><F116/><W33/><G124/><T24/><D43/><U70/><E134/><V118/><F118/><W103/><G130/><T72/><D72/><U89/><E70/><V54/><F132/><W48/><G18/><T37/><D37/><U0/><E20/><V99/><F110/><W53/><G80/><T71/><D71/><U114/><E114/><V131/><F131/><W119/><G119/><T97/><D97/><U55/><E55/><V3/><F120/><W68/><G68/><T52/><D24/><U51/><E51/><AGARI ba="0,0" hai="26,28,33,40,44,46,48,51,53,77,78,95,98,103" machi="51" ten="30,1500,0" yaku="7,1" doraHai="101" who="3" fromWho="1" sc="198,0,347,-15,112,0,343,15" owari="198,-20.0,332,13.0,112,-39.0,358,46.0" /></mjloggm>