<mjloggm ver="2.3"><GO type="105" lobby="0"/><UN n0="%E5%B0%B1%E6%B4%BB%E7%94%9F%40%E5%B7%9D%E6%9D%91%E8%BB%8D%E5%9B%A3" n1="%63%6F%63%6F%61%5F%EF%BD%83%EF%BD%8F" n2="%64%6F%72%61%6B%6F" n3="%65%EF%BC%BE%63%5F%2C%EF%BC%BE%64" dan="15,13,13,15" rate="2001.16,1843.58,2035.15,2038.30" sx="M,F,M,M"/><TAIKYOKU oya="0"/><INIT seed="0,0,0,1,5,5" ten="250,250,250,250" oya="0" hai0="110,132,60,50,89,49,31,90,83,70,22,126,69" hai1="23,4,45,47,30,109,74,25,117,120,77,104,43" hai2="58,105,123,91,98,17,116,119,101,8,3,102,80" hai3="53,61,124,21,32,54,81,35,67,135,39,133,12"/><T42/><BYE who="3" /><D126/><UN n3="%65%EF%BC%BE%63%5F%2C%EF%BC%BE%64" /><U75/><E120/><V99/><BYE who="3" /><F123/><W34/><G34/><T95/><D132/><U93/><E104/><UN n3="%65%EF%BC%BE%63%5F%2C%EF%BC%BE%64" /><V66/><F66/><W94/><G94/><T107/><BYE who="3" /><D107/><U100/><E117/><N who="2" m="45131" /><F58/><UN n3="%65%EF%BC%BE%63%5F%2C%EF%BC%BE%64" /><W79/><G79/><T130/><BYE who="3" /><D130/><UN n3="%65%EF%BC%BE%63%5F%2C%EF%BC%BE%64" /><U16/><E109/><V36/><BYE who="3" /><F36/><W24/><G24/><T78/><D110/><U131/><E131/><V134/><F134/><W62/><G62/><T85/><D42/><U122/><E122/><V115/><F115/><W14/><G14/><T26/><D89/><U11/><E30/><V51/><F51/><W82/><G82/><T33/><D33/><U55/><E55/><V48/><F48/><W13/><G13/><T19/><D31/><U129/><E129/><V73/><F3/><W76/><G76/><T103/><D103/><N who="2" m="39434" /><F17/><W29/><G29/><T0/><D0/><U106/><E106/><V9/><F8/><W111/><G111/><T108/><D108/><U113/><E113/><V27/><F9/><W57/><G57/><T1/><D1/><U118/><E118/><V7/><F7/><W46/><G46/><T20/><D20/><U6/><E6/><V18/><F18/><W112/><G112/><T40/><D60/><U125/><E47/><V10/><F10/><W72/><G72/><T92/><D92/><U44/><E44/><V87/><F27/><W127/><G127/><T96/><D49/><N who="1" m="26815" /><E125/><V128/><F128/><W68/><G68/><N who="0" m="26219" /><D50/><U37/><E37/><V56/><F56/><W41/><G41/><T38/><D40/><U15/><E77/><N who="2" m="44079" /><F105/><W65/><G65/><RYUUKYOKU ba="0,0" sc="250,10,250,10,250,10,250,-30" hai0="19,22,26,38,78,83,85,90,95,96" hai1="4,11,15,16,23,25,74,75,93,100" hai2="87,91,98,99" /><INIT seed="0,1,0,3,4,47" ten="260,260,260,220" oya="0" hai0="20,34,109,57,23,110,103,71,54,104,63,101,74" hai1="126,120,2,106,111,6,0,76,69,127,21,72,35" hai2="95,82,91,124,62,66,4,116,43,46,75,134,31" hai3="93,114,97,39,117,79,80,25,22,88,98,36,55"/><T83/><D71/><U28/><E106/><V78/><F31/><W42/><G42/><T87/><D34/><U130/><E69/><V108/><F108/><N who="0" m="41578" /><D74/><U99/><E111/><V51/><F124/><N who="1" m="47657" /><E99/><V96/><F134/><W16/><G16/><T53/><D53/><U107/><E107/><V1/><F116/><W37/><G37/><T94/><D94/><U64/><E64/><V133/><F133/><W50/><G50/><N who="0" m="30935" /><D104/><U121/><E72/><V3/><REACH who="2" step="1"/><F4/><REACH who="2" ten="260,260,250,220" step="2"/><W17/><G17/><T8/><D8/><U85/><E6/><V119/><F119/><W15/><G15/><T24/><D63/><U19/><E121/><V18/><F18/><W41/><G41/><T135/><D135/><U44/><E19/><V38/><F38/><W70/><G70/><AGARI ba="1,1" hai="1,3,43,46,51,62,66,70,75,78,82,91,95,96" machi="70" ten="30,3900,0" yaku="1,1,7,1,52,1,53,0" doraHai="47" doraHaiUra="113" who="2" fromWho="3" sc="260,0,260,0,250,52,220,-42" /><INIT seed="1,0,0,5,3,60" ten="260,260,302,178" oya="1" hai0="18,105,96,113,116,50,120,15,127,85,8,82,77" hai1="39,129,64,10,93,72,49,98,2,27,100,99,1" hai2="40,26,62,112,126,41,3,74,114,45,17,107,78" hai3="32,28,76,5,36,130,23,83,53,46,81,14,133"/><U33/><E39/><V7/><F26/><W104/><G104/><T55/><D116/><U79/><E129/><V135/><F135/><W88/><G88/><T95/><D120/><U103/><E64/><V128/><F126/><W21/><G21/><T66/><D113/><N who="2" m="43626" /><F128/><W94/><G94/><T44/><D127/><U70/><E70/><V106/><F62/><W117/><G117/><T4/><D105/><N who="2" m="39946" /><F17/><W121/><G121/><T30/><D30/><U97/><E49/><V0/><F7/><W90/><G90/><T31/><D31/><U29/><E10/><V115/><F115/><W73/><G73/><T57/><D66/><U87/><E72/><V65/><F65/><W9/><G9/><T119/><D119/><U43/><E43/><V69/><F69/><W131/><G131/><T125/><D125/><U122/><E122/><V118/><F118/><W86/><G86/><T22/><D44/><U110/><E110/><V13/><F13/><W56/><G56/><T63/><D50/><U52/><E52/><V61/><F61/><W47/><G47/><T134/><D134/><U51/><E51/><V84/><F84/><W24/><G24/><T80/><D80/><N who="1" m="47519" /><E98/><V48/><F41/><W11/><G11/><T25/><D96/><U59/><E59/><V37/><F48/><W67/><G67/><T38/><D38/><U19/><E19/><V68/><F68/><W101/><G101/><T92/><AGARI ba="0,0" hai="4,8,15,18,22,25,55,57,63,77,82,85,92,95" machi="92" ten="30,2000,0" yaku="0,1,8,1" doraHai="60" who="0" fromWho="0" sc="260,20,260,-10,302,-5,178,-5" /><INIT seed="2,0,0,2,4,72" ten="280,250,297,173" oya="2" hai0="89,103,77,91,108,134,129,52,73,49,74,117,135" hai1="39,99,42,92,120,132,102,2,60,88,87,63,133" hai2="43,15,56,23,24,128,109,116,80,113,47,115,84" hai3="20,31,32,70,119,18,30,64,107,131,97,9,67"/><V76/><F116/><W48/><G48/><T21/><D108/><U125/><E2/><V37/><F56/><W71/><G71/><T6/><D117/><U62/><E125/><V96/><F15/><W75/><G75/><T8/><D129/><U68/><E120/><V104/><F128/><W7/><G7/><T44/><D103/><U122/><E122/><V126/><F126/><W46/><G46/><T55/><D21/><U124/><E124/><V27/><F109/><W69/><G69/><T61/><D61/><U35/><E35/><V53/><F53/><W78/><G78/><T1/><D55/><U130/><E130/><V12/><F12/><W5/><G5/><T17/><D17/><U123/><E123/><V100/><REACH who="2" step="1"/><F27/><REACH who="2" ten="280,250,287,173" step="2"/><W105/><G105/><T0/><D0/><U111/><E111/><V118/><F118/><W50/><G50/><T19/><D19/><AGARI ba="0,1" hai="19,23,24,37,43,47,76,80,84,96,100,104,113,115" machi="19" ten="30,11600,0" yaku="1,1,7,1,52,1,53,1" doraHai="72" doraHaiUra="38" who="2" fromWho="0" sc="280,-116,250,0,287,126,173,0" /><INIT seed="2,1,0,3,0,53" ten="164,250,413,173" oya="2" hai0="44,64,83,60,74,56,34,84,37,40,94,57,78" hai1="81,16,118,51,104,105,38,32,116,29,59,14,31" hai2="61,43,109,69,5,90,35,9,33,63,21,15,70" hai3="113,76,106,10,73,134,42,25,103,2,96,24,85"/><V48/><F90/><W1/><G1/><T13/><D34/><U58/><E38/><V30/><F109/><W39/><G39/><T17/><D94/><U125/><E125/><V121/><F121/><W28/><G28/><T82/><D82/><U110/><E110/><V67/><F67/><W46/><G46/><T98/><D98/><U101/><E81/><V120/><F120/><W91/><G91/><T75/><REACH who="0" step="1"/><D57/><REACH who="0" ten="154,250,413,173" step="2"/><U102/><E32/><V4/><F35/><W135/><G135/><T89/><D89/><U12/><REACH who="1" step="1"/><E51/><REACH who="1" ten="154,240,413,173" step="2"/><V123/><F33/><W27/><G27/><T117/><D117/><U93/><E93/><V86/><F48/><W18/><G18/><AGARI ba="1,2" hai="12,14,16,18,29,31,58,59,101,102,104,105,116,118" machi="18" ten="25,12000,2" yaku="1,1,22,2,52,2,54,1,53,0" doraHai="53" doraHaiUra="92" who="1" fromWho="3" sc="154,0,240,143,413,0,173,-123" /><INIT seed="3,0,0,1,0,52" ten="154,383,413,50" oya="3" hai0="77,59,50,108,4,10,123,65,92,115,99,68,76" hai1="102,87,58,30,63,27,106,118,80,19,39,93,104" hai2="3,41,127,20,126,9,73,29,35,101,125,28,74" hai3="45,100,11,51,98,49,62,66,129,72,122,113,86"/><W90/><G90/><T8/><D68/><U107/><E39/><V57/><F101/><W83/><G83/><T60/><D115/><U131/><E131/><V47/><F57/><W81/><G81/><T114/><D123/><U78/><E118/><V34/><F20/><W61/><G61/><T94/><D114/><U135/><E135/><V44/><F3/><W40/><G40/><T6/><D108/><U37/><E37/><V121/><F121/><W88/><G88/><N who="0" m="55687" /><D50/><U21/><E93/><V130/><F130/><W67/><G67/><T82/><D94/><U54/><REACH who="1" step="1"/><E102/><REACH who="1" ten="154,373,413,50" step="2"/><V75/><F41/><W14/><G14/><T32/><D32/><U105/><N who="1" m="26624" /><DORA hai="124" /><U23/><E23/><V46/><REACH who="2" step="1"/><F9/><REACH who="2" ten="154,373,403,50" step="2"/><N who="0" m="3690" /><D82/><U111/><E111/><V18/><F18/><AGARI ba="0,2" hai="18,19,21,27,30,54,58,63,78,80,87" m="26624" machi="18" ten="70,8000,1" yaku="1,1,52,1,53,1" doraHai="52,124" doraHaiUra="55,85" who="1" fromWho="2" sc="154,0,373,100,403,-80,50,0" /><INIT seed="4,0,0,5,2,46" ten="154,473,323,50" oya="0" hai0="48,75,26,0,78,76,37,90,104,103,83,24,88" hai1="132,60,9,7,82,134,129,109,29,81,28,32,38" hai2="18,122,118,27,52,69,107,23,68,59,71,22,131" hai3="121,115,127,51,102,25,20,12,79,19,40,92,95"/><T124/><D0/><U72/><E109/><V94/><F122/><W70/><G70/><T45/><D37/><U30/><E129/><V16/><F107/><W11/><G11/><T36/><D36/><U62/><E38/><V56/><F131/><W106/><G106/><T53/><D124/><U1/><E32/><V39/><F39/><W64/><G64/><T111/><D111/><U98/><E98/><V5/><F5/><W2/><G2/><T85/><D76/><U67/><E72/><V114/><F114/><W133/><G133/><N who="1" m="51306" /><E62/><V14/><F118/><W44/><G44/><T42/><D42/><U108/><E108/><V8/><F94/><W101/><G101/><T77/><D77/><U3/><E3/><V21/><REACH who="2" step="1"/><F56/><AGARI ba="0,0" hai="1,7,9,28,29,30,56,60,67,81,82" m="51306" machi="56" ten="30,1000,0" yaku="20,1" doraHai="46" who="1" fromWho="2" sc="154,0,473,10,323,-10,50,0" /><INIT seed="5,0,0,4,4,48" ten="154,483,313,50" oya="1" hai0="64,6,118,56,46,131,107,35,72,22,109,0,119" hai1="59,15,135,76,12,44,74,79,91,8,60,87,134" hai2="73,39,123,112,100,88,62,115,83,25,20,63,1" hai3="16,43,114,99,47,31,102,32,58,40,57,120,52"/><U34/><E34/><V105/><F123/><W77/><G77/><T116/><D107/><U41/><E74/><V38/><F1/><W110/><G110/><T128/><D72/><U26/><E26/><V65/><F73/><W130/><G130/><N who="0" m="49707" /><D35/><U71/><E71/><V19/><F105/><W70/><G70/><T78/><D78/><U101/><E101/><V5/><F5/><W18/><G18/><T126/><D0/><U93/><E79/><V122/><F122/><W121/><G121/><T94/><D6/><U27/><E27/><V37/><F100/><W4/><G4/><T89/><D109/><U86/><E86/><N who="2" m="50271" /><F62/><W132/><G132/><N who="1" m="50730" /><E76/><V50/><F50/><W84/><G84/><N who="0" m="52519" /><D126/><U45/><E87/><V14/><F14/><W85/><G85/><T11/><D11/><U61/><E15/><V97/><F97/><W66/><G66/><T104/><D104/><U108/><E108/><V10/><F10/><W125/><G125/><T7/><D7/><U103/><E12/><V13/><F13/><W92/><G92/><T95/><D95/><U113/><E93/><V68/><F39/><W75/><G75/><T24/><D46/><U98/><E44/><V90/><F90/><W49/><G49/><T55/><D64/><U54/><E45/><V42/><F42/><W3/><G3/><T124/><D124/><U51/><E41/><V21/><F21/><W106/><G106/><T81/><D81/><U117/><E51/><V30/><F30/><W17/><G17/><N who="0" m="12367" /><D119/><U96/><E117/><V127/><F127/><W23/><G23/><T111/><D111/><RYUUKYOKU ba="0,0" sc="154,15,483,-15,313,15,50,-15" hai0="55,56,116,118" hai2="19,20,25,37,38,63,65,68,112,115" /><INIT seed="6,1,0,1,5,77" ten="169,468,328,35" oya="2" hai0="83,34,14,113,12,132,71,115,98,69,30,27,66" hai1="6,130,39,88,1,42,131,89,135,106,61,73,107" hai2="40,37,134,79,86,9,24,58,111,7,104,51,116" hai3="56,47,23,81,96,75,0,22,29,35,85,95,63"/><V84/><F116/><W97/><G97/><T108/><D108/><U46/><E73/><V21/><F134/><W49/><G49/><T3/><D132/><U99/><E135/><V38/><F58/><W15/><G15/><T67/><D3/><U82/><E61/><V90/><F111/><W20/><G20/><T72/><D98/><U28/><E28/><V8/><F104/><W120/><G120/><T114/><D14/><U54/><E54/><V80/><F9/><W43/><G43/><T41/><D41/><U53/><E53/><V11/><F51/><W62/><G62/><T70/><REACH who="0" step="1"/><D12/><REACH who="0" ten="159,468,328,35" step="2"/><U44/><E99/><V55/><F40/><W64/><G64/><T59/><D59/><U65/><E42/><V109/><F109/><W101/><G101/><T117/><D117/><U123/><E1/><V110/><F110/><W19/><G19/><T94/><D94/><U2/><E123/><V36/><F36/><W102/><G102/><T93/><D93/><U16/><E39/><V78/><F38/><W100/><G100/><T32/><D32/><U76/><E107/><V74/><F37/><W126/><G126/><T26/><D26/><U129/><E106/><V121/><F121/><W118/><G118/><T92/><D92/><U87/><E131/><V105/><F105/><W25/><G25/><T124/><D124/><U31/><E130/><V112/><F112/><W122/><G122/><T18/><D18/><U103/><E16/><V5/><F24/><W13/><G13/><T52/><D52/><U50/><E129/><V128/><F128/><W127/><G127/><RYUUKYOKU ba="1,1" sc="159,30,468,-10,328,-10,35,-10" hai0="27,30,34,66,67,69,70,71,72,83,113,114,115" /><INIT seed="7,2,1,4,2,30" ten="189,458,318,25" oya="3" hai0="48,34,17,52,71,43,61,76,103,125,84,109,35" hai1="117,119,124,42,13,111,118,108,133,95,50,33,110" hai2="51,123,85,3,5,80,107,132,26,87,91,28,122" hai3="2,16,64,22,25,131,135,90,98,14,81,10,6"/><W40/><G40/><T78/><D109/><U47/><E33/><N who="2" m="20631" /><F132/><W62/><G62/><T23/><D125/><U66/><E124/><V97/><F51/><W57/><G57/><T38/><D103/><U104/><E104/><V36/><F36/><W32/><G32/><T65/><D38/><U68/><E133/><V89/><F89/><W29/><G29/><T105/><D43/><U53/><E95/><V27/><F27/><W72/><G72/><T93/><D105/><U1/><E1/><V75/><F75/><W63/><G63/><T9/><D9/><U79/><E68/><V19/><F19/><W4/><G4/><T127/><D127/><U112/><E66/><V77/><F87/><W115/><G115/><T31/><D31/><U82/><E112/><V12/><F12/><W8/><G8/><T24/><D24/><U59/><E13/><V41/><F41/><W46/><G46/><T101/><D101/><U74/><E110/><V39/><F39/><AGARI ba="2,1" hai="39,42,47,50,53,59,74,79,82,108,111,117,118,119" machi="39" ten="40,1300,0" yaku="12,1" doraHai="30" who="1" fromWho="2" sc="189,0,458,29,318,-19,25,0" owari="189,-21.0,487,58.0,299,10.0,25,-47.0" /></mjloggm>