<mjloggm ver="2.3"><GO type="97" lobby="0"/><UN n0="%E3%81%8B%E3%81%AA%E3%81%8C%E3%82%8F" n1="%E5%92%8C%E9%A2%A8%E3%82%B8%E3%83%A3%E3%82%B3" n2="%EF%BC%B2%E8%A1%A8%E7%A4%BA%E3%81%AA%E3%81%97%EF%BC%9D%E6%81%A5" n3="%E3%82%A6%E3%83%AB%E3%83%88%E3%83%A9%E7%AB%8B%E7%9B%B4" dan="13,14,13,13" rate="1880.53,1970.25,1840.64,1871.29" sx="M,M,F,M"/><TAIKYOKU oya="0"/><INIT seed="0,0,0,5,1,128" ten="250,250,250,250" oya="0" hai0="124,74,22,81,100,57,65,131,31,29,44,33,135" hai1="99,20,125,84,3,1,70,76,61,15,80,105,8" hai2="37,95,27,132,32,62,68,72,88,11,18,53,54" hai3="30,82,24,36,12,14,91,107,66,46,64,56,118"/><T73/><D33/><U114/><E125/><V77/><F37/><W48/><G107/><T130/><D81/><U94/><E105/><V5/><F5/><W71/><G71/><T28/><D124/><U109/><E109/><V108/><F108/><W21/><G36/><T50/><D100/><U41/><E41/><V59/><F68/><W69/><G69/><T10/><D10/><U58/><E20/><V90/><F90/><W127/><G127/><T85/><D85/><U103/><E70/><V17/><F77/><W78/><G91/><T35/><D35/><U16/><REACH who="1" step="1"/><E114/><REACH who="1" ten="250,240,250,250" step="2"/><V112/><F112/><W87/><G118/><T120/><D22/><U129/><E129/><N who="0" m="49161" /><D120/><U97/><E97/><V25/><F32/><W2/><G2/><T102/><D102/><U51/><E51/><V6/><F62/><W110/><G110/><T13/><D135/><U98/><E98/><V93/><F132/><W113/><G113/><T79/><D79/><U121/><E121/><V47/><F11/><W19/><G14/><T126/><D13/><U75/><E75/><V96/><F72/><W7/><G12/><T67/><D126/><U34/><E34/><V60/><F60/><W122/><G21/><T115/><D115/><U45/><E45/><V26/><F47/><W106/><G46/><T133/><D133/><U23/><E23/><V123/><F123/><W42/><G106/><T104/><D104/><U63/><E63/><V119/><F96/><W49/><G122/><T83/><D44/><U134/><E134/><V0/><F0/><W92/><G78/><N who="0" m="44495" /><D74/><U52/><AGARI ba="0,1" hai="1,3,8,15,16,52,58,61,76,80,84,94,99,103" machi="52" ten="20,12000,2" yaku="1,1,5,1,0,1,7,1,54,2,53,0" doraHai="128" doraHaiUra="111" who="1" fromWho="1" sc="250,-60,240,130,250,-30,250,-30" /><INIT seed="1,0,0,1,3,39" ten="190,370,220,220" oya="1" hai0="18,13,80,66,130,134,7,52,77,94,116,120,86" hai1="12,121,42,127,107,64,20,102,53,63,76,60,123" hai2="114,105,38,131,17,108,10,133,75,101,135,84,49" hai3="82,70,19,44,3,34,74,40,93,92,72,16,119"/><U125/><E76/><V6/><F75/><W88/><G70/><T81/><D134/><N who="2" m="51210" /><F38/><W30/><G30/><T48/><D130/><U73/><E73/><V99/><F131/><W97/><G34/><T50/><D120/><N who="1" m="46155" /><E102/><V11/><F108/><W122/><G122/><T90/><D116/><U58/><E107/><V51/><F84/><N who="3" m="50199" /><G3/><T15/><D66/><U22/><E12/><N who="2" m="7319" /><F114/><W54/><G74/><T89/><D48/><U112/><E112/><V62/><F62/><W98/><G72/><T79/><D7/><U129/><E129/><V128/><F128/><W132/><G54/><T29/><D29/><U106/><E106/><V35/><F35/><W21/><G119/><T95/><D13/><AGARI ba="0,0" hai="6,11,13,49,51,99,101,105" m="7319,51210" machi="13" ten="30,1000,0" yaku="20,1" doraHai="39" who="2" fromWho="0" sc="190,-10,370,0,220,10,220,0" /><INIT seed="2,0,0,2,4,123" ten="180,370,230,220" oya="2" hai0="99,134,36,74,90,102,8,101,4,128,92,108,88" hai1="129,5,67,11,50,97,17,42,28,124,132,31,109" hai2="60,94,98,25,127,80,13,107,6,12,62,114,59" hai3="100,120,93,52,104,15,32,113,86,58,125,2,51"/><V47/><F114/><W118/><G2/><T64/><D74/><U7/><E109/><V33/><F107/><W35/><G120/><T69/><D36/><U84/><E67/><V76/><F127/><W1/><G1/><T19/><D134/><U14/><E129/><V117/><F117/><W66/><G118/><T57/><D128/><U53/><E42/><V63/><F47/><W111/><G111/><T73/><D69/><U10/><E132/><V40/><F40/><W44/><G125/><T23/><D73/><U85/><E97/><V56/><F33/><W121/><G121/><T22/><D108/><U29/><E124/><V41/><F41/><W16/><G104/><T96/><D64/><U24/><E24/><V95/><F25/><W82/><G35/><T110/><D110/><U89/><E11/><V81/><F6/><N who="1" m="2057" /><E89/><V122/><F122/><W72/><G72/><T61/><D4/><U115/><E115/><V131/><F131/><W45/><G32/><T103/><D8/><U78/><E78/><V37/><F37/><W112/><G66/><T18/><D57/><AGARI ba="0,0" hai="10,14,17,28,29,31,50,53,57,84,85" m="2057" machi="57" ten="30,1000,0" yaku="8,1" doraHai="123" who="1" fromWho="0" sc="180,-10,370,10,230,0,220,0" /><INIT seed="3,0,0,5,2,70" ten="170,380,230,220" oya="3" hai0="73,9,23,110,104,79,97,3,56,119,10,76,16" hai1="90,131,4,67,64,55,106,15,7,28,83,29,49" hai2="38,114,31,89,18,95,2,0,80,5,39,93,133" hai3="25,69,52,59,129,8,68,62,53,96,130,112,91"/><W108/><G112/><T82/><D119/><U75/><E106/><V120/><F114/><W50/><G25/><T40/><D79/><U86/><E75/><V27/><F133/><W21/><G21/><T72/><D72/><U37/><E37/><V26/><F18/><W74/><G8/><T54/><D110/><U71/><E71/><N who="3" m="27210" /><G96/><T20/><D40/><U35/><E35/><V19/><F19/><W32/><G91/><T128/><D128/><N who="3" m="49257" /><G32/><T51/><D23/><U6/><E15/><V123/><F80/><W126/><G74/><T111/><D111/><U17/><E17/><V115/><F115/><W44/><G108/><T22/><D22/><U57/><E131/><V47/><F47/><W122/><G126/><T116/><D116/><U14/><E14/><V63/><F63/><W92/><G92/><N who="2" m="35401" /><F89/><W105/><G105/><T43/><D43/><U107/><E107/><V61/><F61/><W98/><G98/><T125/><D3/><N who="2" m="1066" /><F5/><W135/><G135/><T121/><D121/><AGARI ba="0,0" hai="44,50,52,53,59,62,121,122" m="49257,27210" machi="121" ten="30,11600,0" yaku="19,1,34,2,54,1" doraHai="70" who="3" fromWho="0" sc="170,-116,380,0,230,0,220,116" /><INIT seed="3,1,0,4,3,79" ten="54,380,230,336" oya="3" hai0="123,63,57,80,108,119,112,50,96,132,73,89,120" hai1="68,22,71,95,116,20,109,10,4,134,72,49,126" hai2="81,39,9,62,130,59,24,90,51,56,91,35,125" hai3="21,37,83,67,13,117,104,33,47,3,88,38,77"/><W18/><G104/><T92/><D119/><U94/><E72/><V55/><F39/><W101/><G101/><T118/><D132/><U66/><E116/><V54/><F9/><W105/><G105/><T78/><D118/><U40/><E134/><V121/><F125/><W124/><G117/><T2/><D112/><U131/><E126/><V7/><F7/><W11/><G124/><T17/><D108/><U86/><E109/><V14/><F14/><W42/><G67/><T31/><D2/><U122/><E122/><V64/><F24/><W36/><G33/><T27/><D50/><U107/><E107/><V102/><F102/><W5/><G88/><T127/><D31/><U129/><E40/><V45/><F35/><W103/><G103/><T76/><D76/><U53/><E20/><V87/><F130/><N who="1" m="49673" /><E22/><V114/><F114/><W113/><G113/><T23/><REACH who="0" step="1"/><D127/><REACH who="0" ten="44,380,230,336" step="2"/><U70/><E49/><N who="2" m="28975" /><F121/><W133/><G133/><T12/><D12/><U93/><E4/><V19/><F19/><W115/><G115/><T8/><D8/><U135/><E10/><V52/><F55/><AGARI ba="1,1" hai="17,23,27,55,57,63,73,78,80,89,92,96,120,123" machi="55" ten="30,8000,1" yaku="1,1,7,1,25,2,52,1,53,0" doraHai="79" doraHaiUra="30" who="0" fromWho="2" sc="44,93,380,0,230,-83,336,0" owari="137,-36.0,380,47.0,147,-25.0,336,14.0" /></mjloggm>