<mjloggm ver="2.3"><GO type="97" lobby="0"/><UN n0="%E6%84%9B%E7%94%9F%EF%BC%8B" n1="%73%76%73%74" n2="%69%74%61%63%68%61%69" n3="%E3%82%A6%E3%83%AB%E3%83%88%E3%83%A9%E7%AB%8B%E7%9B%B4" dan="14,15,13,14" rate="1901.49,1946.10,1872.13,1977.37" sx="M,M,M,M"/><TAIKYOKU oya="0"/><INIT seed="0,0,0,2,3,135" ten="250,250,250,250" oya="0" hai0="70,3,41,104,46,76,113,38,110,121,16,12,50" hai1="52,122,26,68,10,79,111,65,51,7,92,40,23" hai2="64,88,8,117,84,60,81,27,61,44,134,34,73" hai3="101,118,5,67,32,47,77,97,53,58,116,4,127"/><T11/><D113/><U6/><E122/><V129/><F134/><W124/><G32/><T115/><D115/><U89/><E40/><V86/><F129/><W20/><G77/><T95/><D104/><U42/><E111/><V0/><F73/><W90/><G90/><T14/><D70/><U31/><E42/><V56/><F117/><N who="3" m="45163" /><G47/><T87/><D3/><U105/><E105/><V45/><F27/><W75/><G20/><T37/><D110/><U43/><E43/><V15/><F34/><W108/><G67/><T2/><D2/><U107/><E107/><V39/><F0/><W9/><G75/><T112/><D121/><U63/><E10/><V33/><F33/><W69/><G69/><T123/><D123/><U93/><E79/><N who="2" m="46143" /><F61/><N who="3" m="36047" /><G9/><T99/><D112/><U29/><E29/><V130/><F39/><W109/><G4/><T13/><D38/><U80/><E80/><N who="2" m="49223" /><F130/><W126/><G5/><AGARI ba="0,0" hai="5,8,15,44,45,56,60,64" m="49223,46143" machi="5" ten="30,2000,0" yaku="8,1,54,1" doraHai="135" who="2" fromWho="3" sc="250,0,250,0,250,20,250,-20" /><INIT seed="1,0,0,0,4,69" ten="250,250,270,230" oya="1" hai0="97,77,21,88,20,107,79,93,11,96,106,72,62" hai1="61,59,100,5,50,114,54,47,7,17,86,129,63" hai2="28,48,81,132,22,87,51,42,39,73,75,27,0" hai3="38,31,35,12,116,6,67,25,41,84,124,134,56"/><U57/><E129/><V14/><F0/><W70/><G70/><T19/><D11/><U74/><E74/><V68/><F68/><W119/><G124/><T115/><D62/><U34/><E114/><V89/><F132/><W98/><G134/><T99/><D21/><U60/><E34/><V85/><F14/><W121/><G121/><T127/><D20/><U18/><E100/><V49/><REACH who="2" step="1"/><F85/><REACH who="2" ten="250,250,260,230" step="2"/><W80/><G12/><T133/><D133/><U37/><E86/><V130/><F130/><W1/><G1/><T55/><D127/><U94/><E5/><V90/><F90/><W66/><G6/><T4/><D4/><U122/><E7/><V128/><F128/><W9/><G84/><T76/><D115/><U45/><E122/><V103/><F103/><W135/><G135/><T16/><D72/><U131/><E131/><V52/><F52/><W117/><G117/><T123/><D123/><U40/><REACH who="1" step="1"/><E94/><REACH who="1" ten="250,240,260,230" step="2"/><V13/><F13/><W105/><G119/><T44/><D106/><U2/><E2/><V8/><F8/><W33/><G9/><T32/><D107/><U58/><AGARI ba="0,2" hai="17,18,37,40,45,47,50,54,57,58,59,60,61,63" machi="58" ten="30,6000,0" yaku="1,1,0,1,52,1,53,0" doraHai="69" doraHaiUra="23" who="1" fromWho="1" sc="250,-20,240,80,260,-20,230,-20" /><INIT seed="1,1,0,1,0,6" ten="230,320,240,210" oya="1" hai0="13,125,60,45,99,39,75,23,46,5,67,127,83" hai1="11,7,93,72,78,58,84,35,77,74,95,61,28" hai2="80,68,101,98,100,81,86,111,32,90,107,33,104" hai3="18,89,57,92,25,3,105,108,36,65,118,70,56"/><U97/><E35/><V76/><F68/><W134/><G3/><T53/><D75/><U135/><E28/><V15/><F111/><W12/><G36/><T10/><D83/><U124/><E135/><V131/><F15/><W94/><G105/><N who="2" m="40521" /><F32/><W51/><G108/><T62/><D99/><U0/><E124/><N who="0" m="47689" /><D39/><U27/><E27/><V42/><F42/><W130/><G130/><T37/><D37/><U50/><E50/><V85/><F33/><W123/><G123/><T19/><D53/><U1/><E1/><V126/><F126/><W49/><G70/><N who="0" m="42343" /><D62/><U71/><E71/><V29/><F29/><W115/><G134/><T96/><D96/><U91/><E74/><V30/><F30/><W114/><G65/><T128/><D128/><U17/><E72/><N who="2" m="43015" /><F131/><W2/><G51/><T20/><D20/><U4/><E17/><V38/><F38/><W119/><G18/><T88/><D88/><U117/><E4/><V87/><F100/><W16/><G16/><T34/><D34/><U129/><E129/><V41/><F41/><W8/><G49/><T122/><D122/><U63/><E63/><V21/><F21/><W106/><G12/><AGARI ba="1,0" hai="5,10,12,13,19,23,45,46" m="42343,47689" machi="12" ten="30,2000,0" yaku="18,1,52,1" doraHai="6" who="0" fromWho="3" sc="230,23,320,0,240,0,210,-23" /><INIT seed="2,0,0,5,2,110" ten="253,320,240,187" oya="2" hai0="99,17,96,15,129,33,95,127,32,8,119,79,72" hai1="100,131,36,22,25,117,45,43,2,11,42,23,76" hai2="111,87,31,65,1,121,134,97,46,5,86,57,83" hai3="55,10,78,114,20,4,61,18,60,122,21,120,54"/><V105/><F121/><W63/><G120/><T53/><D129/><U84/><E117/><V35/><F134/><W91/><G122/><T28/><D127/><U108/><E131/><V39/><F111/><W12/><G78/><T27/><D119/><U29/><E100/><V85/><F31/><W19/><G91/><T71/><D71/><U66/><E66/><V16/><F35/><W6/><G114/><T7/><D7/><U113/><E113/><V132/><F132/><W82/><G82/><T116/><D116/><U98/><E98/><V40/><F83/><W81/><G81/><T130/><D130/><U126/><E126/><V48/><F16/><N who="3" m="6187" /><G12/><T50/><D79/><U62/><E76/><V9/><F9/><W56/><G10/><T51/><D72/><U102/><E11/><V3/><F5/><N who="3" m="2155" /><G56/><T49/><D33/><U67/><E108/><V128/><F128/><W69/><G69/><T133/><D133/><U64/><E36/><V94/><F105/><W135/><G135/><T47/><REACH who="0" step="1"/><D99/><REACH who="0" ten="243,320,240,187" step="2"/><U112/><E112/><V70/><F70/><W123/><G123/><T75/><D75/><U125/><E125/><V52/><REACH who="2" step="1"/><F65/><REACH who="2" ten="243,320,230,187" step="2"/><W26/><G26/><T80/><D80/><U93/><E64/><V101/><AGARI ba="0,2" hai="1,3,39,40,46,48,52,57,85,86,87,94,97,101" machi="101" ten="30,12000,1" yaku="1,1,2,1,0,1,54,1,53,1" doraHai="110" doraHaiUra="92" who="2" fromWho="2" sc="243,-40,320,-40,230,140,187,-40" /><INIT seed="2,1,0,3,3,133" ten="203,280,370,147" oya="2" hai0="47,11,34,93,122,5,129,23,64,101,116,98,33" hai1="17,103,18,71,85,104,55,109,49,97,4,120,70" hai2="45,19,81,26,108,51,91,43,16,83,67,84,99" hai3="113,2,135,57,44,102,121,86,118,77,92,15,119"/><V20/><F108/><W22/><G2/><T123/><D129/><U0/><E109/><V42/><F67/><W88/><G135/><T89/><D116/><U72/><E72/><V24/><F99/><W124/><G121/><T63/><D33/><U74/><E74/><V73/><F43/><W32/><G32/><T66/><D34/><U76/><E120/><V94/><F73/><W37/><G44/><T46/><D66/><U114/><E114/><V10/><F26/><W110/><G110/><T12/><D122/><U38/><E38/><V100/><F100/><W90/><G37/><T131/><D131/><U111/><E111/><V29/><F10/><W14/><G14/><T27/><D101/><U79/><E0/><V69/><F69/><W68/><G68/><T105/><D105/><U35/><E35/><V21/><F21/><W7/><G77/><T36/><D36/><U3/><E3/><V65/><F65/><W106/><G113/><T87/><D98/><U56/><E70/><V13/><F13/><W130/><G130/><T52/><D64/><U1/><E1/><V31/><F19/><N who="3" m="10623" /><G7/><T127/><D123/><U96/><E71/><V128/><REACH who="2" step="1"/><F128/><REACH who="2" ten="203,280,360,147" step="2"/><W54/><G102/><T112/><D12/><U28/><E97/><V58/><F58/><W117/><G106/><T40/><D11/><U9/><E9/><V126/><F126/><W39/><G39/><T59/><D127/><U134/><E103/><V25/><F25/><W48/><G124/><T6/><D112/><U125/><E125/><V53/><F53/><W8/><G8/><T115/><D115/><RYUUKYOKU ba="1,1" sc="203,-15,280,-15,360,15,147,15" hai2="16,20,24,29,31,42,45,51,81,83,84,91,94" hai3="48,54,57,86,88,90,92,117,118,119" /><INIT seed="2,2,1,4,0,134" ten="188,265,375,162" oya="2" hai0="90,20,54,53,15,28,14,70,132,109,16,87,106" hai1="4,122,119,44,69,120,121,3,61,67,48,72,89" hai2="128,62,124,57,91,51,102,84,60,2,80,125,82" hai3="123,56,5,36,78,24,65,79,46,116,129,12,25"/><V1/><F128/><W8/><G116/><T11/><D109/><U95/><E72/><V135/><F135/><W76/><G123/><T97/><D70/><U49/><E119/><V96/><F82/><W43/><G129/><T10/><D132/><U108/><E108/><V66/><F51/><W105/><G105/><T100/><D28/><U18/><E18/><V17/><F17/><W27/><G65/><T13/><D13/><U94/><E4/><V7/><F62/><W63/><G63/><T9/><REACH who="0" step="1"/><D15/><REACH who="0" ten="178,265,375,162" step="2"/><U30/><E30/><V23/><F2/><W83/><REACH who="3" step="1"/><G56/><REACH who="3" ten="178,265,375,152" step="2"/><T114/><D114/><U104/><E121/><V68/><F57/><W55/><G55/><T115/><D115/><U38/><E122/><V32/><F68/><W6/><G6/><T98/><D98/><U41/><E120/><V40/><F96/><W99/><G99/><T19/><D19/><U88/><E69/><V59/><F7/><W73/><AGARI ba="2,3" hai="5,8,12,24,25,27,36,43,46,73,76,78,79,83" machi="73" ten="30,2000,0" yaku="1,1,0,1,53,0" doraHai="134" doraHaiUra="45" who="3" fromWho="3" sc="178,-7,265,-7,375,-12,152,56" /><INIT seed="3,0,0,4,0,70" ten="171,258,363,208" oya="3" hai0="39,56,105,50,4,76,9,34,64,124,52,25,123" hai1="127,27,89,68,16,121,6,111,85,3,53,80,15" hai2="133,128,104,126,93,102,95,30,54,26,24,33,21" hai3="46,66,19,8,132,117,51,81,1,106,49,17,65"/><W110/><G106/><T58/><D123/><U2/><E121/><V37/><F37/><W23/><G117/><T77/><D105/><U90/><E68/><V112/><F112/><W67/><G132/><T57/><D124/><U118/><E118/><V86/><F126/><W29/><G110/><T78/><D39/><U74/><E127/><V82/><F128/><W98/><G1/><T0/><D64/><U107/><E107/><V109/><F109/><W32/><G32/><T12/><D0/><U72/><E111/><V75/><F133/><W47/><G98/><T79/><N who="0" m="19968" /><DORA hai="108" /><T115/><REACH who="0" step="1"/><D115/><REACH who="0" ten="161,258,363,208" step="2"/><U101/><E3/><V42/><F104/><W35/><G35/><T59/><D59/><U119/><E2/><V91/><F75/><W43/><G81/><T40/><D40/><U129/><E119/><V11/><F82/><W130/><G130/><T61/><D61/><U99/><E129/><V120/><F42/><N who="3" m="24791" /><G8/><T10/><D10/><U71/><E80/><V69/><F11/><W55/><G43/><T135/><D135/><U100/><E72/><V14/><F120/><W7/><G66/><T84/><D84/><U114/><E74/><V88/><F86/><W103/><G67/><T134/><D134/><U131/><E131/><V60/><F69/><W20/><G65/><T73/><D73/><U44/><E71/><V48/><F60/><W116/><G116/><T31/><AGARI ba="0,1" hai="4,9,12,25,31,34,50,52,56,57,58" m="19968" machi="31" ten="40,5200,0" yaku="1,1,0,1,54,1,53,0" doraHai="70,108" doraHaiUra="63,125" who="0" fromWho="0" sc="161,62,258,-13,363,-13,208,-26" owari="223,-18.0,245,5.0,350,45.0,182,-32.0" /></mjloggm>