<mjloggm ver="2.3"><GO type="97" lobby="0"/><UN n0="%E8%90%BD%E5%90%88" n1="%E3%82%A6%E3%83%AB%E3%83%88%E3%83%A9%E7%AB%8B%E7%9B%B4" n2="%79%6F%73%68%69%62%6F%62" n3="%E3%83%AA%E3%83%90%E3%83%BC%E7%9F%B3%E5%B7%9D" dan="13,14,13,13" rate="1955.91,1934.98,1873.71,1878.51" sx="M,M,M,M"/><TAIKYOKU oya="0"/><INIT seed="0,0,0,1,0,125" ten="250,250,250,250" oya="0" hai0="107,97,121,112,131,96,120,3,106,111,4,33,113" hai1="119,98,8,88,29,84,48,92,64,24,66,54,2" hai2="6,37,110,28,74,17,0,127,16,85,45,81,20" hai3="18,36,70,135,26,32,25,19,91,55,105,103,41"/><T61/><D61/><U72/><E72/><V75/><F127/><W59/><G70/><T79/><D4/><U133/><E133/><V1/><F110/><W58/><G135/><T50/><D50/><U53/><E119/><V77/><F28/><W129/><G36/><T109/><D3/><U132/><E132/><V23/><F74/><W44/><G105/><N who="0" m="39947" /><D79/><U63/><E98/><N who="0" m="37993" /><D131/><U46/><E8/><N who="2" m="2119" /><F1/><W93/><G32/><T100/><D100/><U11/><E11/><V87/><F87/><W21/><G103/><T114/><D33/><U108/><E108/><AGARI ba="0,0" hai="108,109,111,112,113,114,120,121" m="37993,39947" machi="108" ten="40,18000,2" yaku="28,2,14,1,10,1,34,2" doraHai="125" who="0" fromWho="1" sc="250,180,250,-180,250,0,250,0" /><INIT seed="0,1,0,1,3,69" ten="430,70,250,250" oya="0" hai0="97,122,60,87,101,33,114,61,123,23,9,79,65" hai1="27,51,29,38,5,36,119,75,3,46,40,31,43" hai2="72,67,86,57,106,53,18,73,103,116,66,28,50" hai3="59,44,63,113,112,126,10,15,22,48,132,107,104"/><T58/><D114/><U62/><E119/><V92/><F116/><W71/><G71/><T105/><D33/><N who="1" m="20671" /><E51/><V91/><F28/><W16/><G126/><T84/><D84/><U19/><E19/><V120/><F120/><W2/><G132/><T56/><D9/><N who="1" m="2239" /><E62/><V52/><F73/><W14/><G2/><T37/><D37/><N who="1" m="21775" /><E43/><V121/><F72/><W74/><G74/><T81/><REACH who="0" step="1"/><D23/><REACH who="0" ten="420,70,250,250" step="2"/><U130/><E130/><V83/><F121/><W135/><G113/><T24/><D24/><U45/><E45/><N who="2" m="27727" /><F106/><W41/><G112/><T127/><D127/><U80/><E31/><V4/><F4/><W17/><REACH who="3" step="1"/><G135/><REACH who="3" ten="420,70,250,240" step="2"/><T94/><D94/><U32/><E32/><V21/><F92/><W85/><G85/><T70/><D70/><U128/><E128/><V39/><F86/><W55/><AGARI ba="1,2" hai="10,14,15,16,17,22,41,44,48,55,59,63,104,107" machi="55" ten="20,5200,0" yaku="1,1,0,1,7,1,54,1,53,0" doraHai="69" doraHaiUra="82" who="3" fromWho="3" sc="420,-27,70,-14,250,-14,240,75" /><INIT seed="1,0,0,1,4,55" ten="393,56,236,315" oya="1" hai0="100,63,91,101,111,5,78,66,43,22,70,61,14" hai1="115,99,4,133,73,69,81,1,118,6,132,30,9" hai2="34,80,131,33,39,62,107,93,53,40,127,116,117" hai3="76,87,23,103,8,15,104,41,92,113,98,57,19"/><U56/><E69/><V119/><F107/><W12/><G113/><T11/><D111/><U105/><E115/><V112/><F112/><W79/><G41/><T135/><D135/><N who="1" m="51787" /><E118/><V65/><F131/><W52/><G104/><T58/><D78/><N who="1" m="44239" /><E30/><V67/><F127/><W0/><G87/><T82/><D43/><U95/><E6/><V96/><F80/><W64/><G64/><T60/><D22/><U126/><E126/><V123/><F123/><W26/><G0/><T94/><D82/><U106/><E56/><N who="2" m="35087" /><F34/><W85/><G85/><N who="0" m="52591" /><D70/><U37/><E37/><V125/><F125/><W68/><G68/><T31/><D31/><U59/><E59/><V75/><F75/><W50/><REACH who="3" step="1"/><G15/><REACH who="3" ten="393,56,236,305" step="2"/><T122/><D122/><U109/><E109/><V130/><F119/><W16/><AGARI ba="0,1" hai="8,12,16,19,23,26,50,52,57,76,79,92,98,103" machi="16" ten="20,16000,3" yaku="1,1,2,1,0,1,7,1,8,1,52,1,54,2,53,1" doraHai="55" doraHaiUra="21" who="3" fromWho="3" sc="393,-40,56,-80,236,-40,305,170" owari="353,15.0,-24,-52.0,196,-20.0,475,57.0" /></mjloggm>