<mjloggm ver="2.3"><GO type="97" lobby="0"/><UN n0="%E3%82%A6%E3%83%AB%E3%83%88%E3%83%A9%E7%AB%8B%E7%9B%B4" n1="%6F%6E%69%72%6F%6B%75" n2="%E3%81%9F%E3%81%8D%E3%82%83%E3%81%99%E3%81%83%E3%83%BC" n3="%41%41%41%77%65%73%74" dan="15,14,13,14" rate="1957.64,1963.96,1833.77,1931.26" sx="M,M,M,M"/><TAIKYOKU oya="0"/><INIT seed="0,0,0,0,3,124" ten="250,250,250,250" oya="0" hai0="115,87,56,96,57,59,72,12,1,55,34,112,62" hai1="39,32,68,70,122,111,4,79,83,74,116,75,109" hai2="78,51,35,26,21,11,128,67,69,119,95,97,50" hai3="52,110,41,84,27,131,89,7,3,40,114,61,101"/><T28/><D1/><U47/><E122/><V15/><F35/><W65/><G114/><T13/><D72/><U134/><E116/><V107/><F107/><W81/><G110/><N who="1" m="41994" /><E4/><V25/><F119/><W90/><G3/><T102/><D34/><U5/><E5/><V133/><F133/><W92/><G7/><T18/><D28/><U71/><E75/><V94/><F128/><W121/><G121/><T135/><D135/><U9/><E9/><V17/><F78/><W29/><G131/><T36/><D36/><U80/><E80/><V127/><F127/><W108/><G108/><T88/><D115/><U0/><E0/><V30/><F26/><W104/><G101/><T129/><D129/><U123/><E32/><V118/><F118/><W38/><G104/><T6/><D6/><U82/><E82/><V48/><F69/><N who="1" m="17665" /><U99/><DORA hai="16" /><E99/><V106/><F67/><W60/><G38/><T120/><D120/><U132/><E123/><V91/><F106/><W105/><G105/><T33/><D33/><U8/><E8/><V2/><F2/><W53/><G90/><T86/><D112/><U77/><E77/><V46/><REACH who="2" step="1"/><F94/><REACH who="2" ten="250,250,240,250" step="2"/><W125/><G92/><N who="0" m="56327" /><D13/><U42/><AGARI ba="0,1" hai="39,42,47,74,79,83,132,134" m="17665,41994" machi="42" ten="50,3200,0" yaku="14,1,23,1" doraHai="124,16" who="1" fromWho="1" sc="250,-16,250,42,240,-8,250,-8" /><INIT seed="1,0,0,3,5,115" ten="234,292,232,242" oya="1" hai0="26,125,9,96,58,62,46,22,89,130,7,86,79" hai1="55,91,104,20,73,53,68,131,2,77,41,94,116" hai2="84,127,67,71,95,10,97,118,113,48,103,112,92" hai3="132,66,11,100,108,76,25,87,70,57,129,85,99"/><U32/><E104/><V39/><F39/><W51/><G70/><T1/><D125/><U60/><E2/><V12/><F127/><W69/><G69/><T31/><D130/><U44/><E32/><V0/><F0/><W34/><G132/><T27/><D79/><U83/><E131/><V107/><F118/><W24/><G129/><T72/><D72/><U47/><E47/><V111/><F111/><W81/><G108/><T105/><D46/><U82/><E82/><V106/><F106/><W13/><G85/><T54/><D105/><U33/><E33/><V122/><F122/><W135/><G135/><T88/><D96/><U52/><E116/><V63/><F48/><W49/><G34/><T80/><D89/><U65/><E20/><V90/><REACH who="2" step="1"/><F107/><REACH who="2" ten="234,292,222,242" step="2"/><W21/><G51/><T36/><D36/><U74/><E74/><V30/><F30/><W50/><G50/><T37/><D37/><U18/><E41/><V38/><F38/><W133/><G133/><T119/><D119/><U64/><E44/><V23/><F23/><W42/><G21/><T17/><D31/><U45/><E45/><V43/><F43/><W5/><G42/><T6/><D27/><U28/><E28/><V59/><F59/><W114/><G114/><T40/><D40/><U128/><E128/><V110/><F110/><W29/><G29/><T35/><D35/><U126/><E126/><V123/><F123/><W93/><G49/><T98/><D1/><U109/><E109/><V102/><F102/><W134/><G134/><T8/><D58/><U78/><E68/><V121/><F121/><RYUUKYOKU ba="0,1" sc="234,-15,292,-15,222,15,242,15" hai2="10,12,63,67,71,84,90,92,95,97,103,112,113" hai3="5,11,13,24,25,57,66,76,81,87,93,99,100" /><INIT seed="2,1,1,3,3,115" ten="219,277,237,257" oya="2" hai0="13,36,20,93,79,44,34,108,17,65,35,32,122" hai1="107,5,92,85,88,28,33,126,76,113,77,94,132" hai2="42,64,105,120,16,54,39,56,2,23,12,106,73" hai3="41,19,66,40,10,116,86,82,59,15,96,78,110"/><V26/><F120/><W127/><G127/><T80/><D122/><U18/><E5/><V48/><F2/><W0/><G110/><T68/><D108/><U69/><E18/><V21/><F73/><W90/><G0/><T53/><D93/><N who="1" m="54415" /><E28/><V98/><F64/><W101/><G116/><T104/><D104/><U95/><E33/><V37/><F42/><W6/><G6/><T102/><D102/><U129/><E69/><V71/><F71/><W55/><G66/><T75/><D65/><U135/><E113/><V83/><F83/><W24/><G24/><T70/><D70/><U52/><E52/><V130/><F130/><W50/><REACH who="3" step="1"/><G78/><REACH who="3" ten="219,277,237,247" step="2"/><N who="1" m="30314" /><E126/><V47/><F39/><W87/><G87/><T123/><D123/><U63/><E63/><V124/><F124/><W99/><G99/><T51/><D36/><U121/><E121/><V11/><F98/><W84/><G84/><T25/><REACH who="0" step="1"/><D68/><REACH who="0" ten="209,277,237,247" step="2"/><U4/><E4/><V111/><F37/><W125/><G125/><T128/><D128/><U89/><E129/><V131/><F111/><W60/><G60/><T91/><D91/><U81/><E107/><AGARI ba="1,3" hai="10,15,19,40,41,50,55,59,82,86,90,96,101,107" machi="107" ten="30,2000,0" yaku="1,1,7,1,53,0" doraHai="115" doraHaiUra="29" who="3" fromWho="1" sc="209,0,277,-23,237,0,247,53" /><INIT seed="3,0,0,2,2,72" ten="209,254,237,300" oya="3" hai0="23,54,125,35,15,103,43,108,17,41,67,102,28" hai1="2,85,61,39,131,74,33,51,29,46,38,130,56" hai2="83,16,59,107,6,115,99,70,120,105,104,40,123" hai3="89,109,63,50,22,11,73,79,81,21,126,58,53"/><W0/><G126/><T47/><D125/><U118/><E74/><V42/><F115/><W48/><G109/><T13/><D108/><U84/><E2/><V98/><F70/><W78/><G78/><T100/><D67/><U94/><E33/><V45/><F6/><W90/><G50/><N who="0" m="29023" /><D28/><U5/><E5/><V62/><F83/><W14/><G0/><T97/><D35/><U25/><E25/><V71/><F71/><W19/><G22/><T4/><D97/><U93/><E29/><V96/><F16/><W3/><G3/><T32/><D32/><U64/><E118/><V60/><F45/><W110/><G110/><T69/><D69/><U18/><E18/><V68/><F68/><W77/><G77/><T12/><D4/><U128/><E39/><V116/><F116/><W117/><G117/><T76/><D76/><U52/><E38/><V66/><F62/><W24/><G63/><T121/><D121/><AGARI ba="0,0" hai="40,42,59,60,66,96,98,99,104,105,107,120,121,123" machi="121" ten="50,1600,0" yaku="13,1" doraHai="72" who="2" fromWho="0" sc="209,-16,254,0,237,16,300,0" owari="193,-31.0,254,5.0,253,-15.0,300,41.0" /></mjloggm>