<mjloggm ver="2.3"><GO type="97" lobby="0"/><UN n0="%E5%B0%B1%E6%B4%BB%E7%94%9F%40%E5%B7%9D%E6%9D%91%E8%BB%8D%E5%9B%A3" n1="%E3%82%B3%E3%83%BC%E3%83%A9%E3%81%8F%E3%81%A0%E3%81%95%E3%81%84" n2="%E3%81%B5%E3%81%86%E3%81%8C%E2%99%AA" n3="%E6%B0%B7%E6%B2%BC%E8%97%8D%E5%8F%B8" dan="15,15,15,14" rate="2006.91,1990.36,1968.83,1904.74" sx="M,M,M,F"/><TAIKYOKU oya="0"/><INIT seed="0,0,0,4,5,67" ten="250,250,250,250" oya="0" hai0="45,91,36,97,116,132,26,29,104,54,101,63,32" hai1="114,96,129,58,68,65,94,84,125,70,102,95,43" hai2="53,76,7,5,51,82,79,105,55,3,62,120,15" hai3="106,115,99,118,111,9,123,103,71,14,78,75,35"/><T49/><D116/><U47/><E125/><V34/><F120/><W85/><G85/><T74/><D132/><U100/><E129/><V124/><F124/><W135/><G14/><T50/><D74/><U133/><E133/><V134/><F134/><W86/><G99/><T108/><D108/><U128/><E128/><V2/><F34/><W80/><G86/><T61/><D36/><U127/><E127/><V98/><F15/><W20/><G80/><T25/><D91/><U13/><E114/><V1/><F62/><W38/><G20/><T12/><D25/><U131/><E131/><V73/><F76/><W19/><G9/><T24/><D24/><U83/><E13/><V89/><F89/><W60/><G78/><T46/><REACH who="0" step="1"/><D12/><REACH who="0" ten="240,250,250,250" step="2"/><U31/><E100/><V16/><F16/><W93/><G103/><T39/><D39/><U23/><E102/><V64/><F73/><W21/><G75/><T0/><D0/><U28/><E28/><V109/><F109/><W107/><G135/><T87/><D87/><U56/><E31/><V40/><F1/><W66/><G111/><T122/><D122/><U92/><E84/><V10/><F2/><W126/><G123/><T27/><D27/><U72/><E72/><V119/><F3/><W59/><G126/><T6/><D6/><U41/><E83/><V110/><F5/><W69/><G38/><T17/><D17/><U112/><E112/><V52/><F7/><W130/><G115/><T30/><D30/><U18/><E18/><V48/><F110/><W113/><G19/><T4/><D4/><U44/><E96/><RYUUKYOKU ba="0,1" sc="240,30,250,-10,250,-10,250,-10" hai0="26,29,32,45,46,49,50,54,61,63,97,101,104" /><INIT seed="0,1,1,2,4,56" ten="270,240,240,240" oya="0" hai0="35,44,43,119,39,122,29,47,108,21,126,45,68" hai1="65,20,94,89,22,28,23,42,133,27,97,59,73" hai2="25,19,99,116,26,111,128,96,7,98,31,11,2" hai3="91,24,5,64,34,78,67,52,51,114,112,131,50"/><T127/><D35/><U107/><E73/><V13/><F111/><W54/><G78/><T66/><D29/><U9/><E133/><V33/><F128/><W110/><G5/><T79/><D79/><U82/><E107/><V123/><F26/><W84/><G131/><T16/><D122/><U118/><E118/><V106/><F123/><W69/><G110/><T92/><D119/><U63/><E42/><V12/><F12/><W1/><G1/><T88/><D108/><U3/><REACH who="1" step="1"/><E82/><REACH who="1" ten="270,230,240,240" step="2"/><V18/><F116/><W57/><G114/><T53/><D68/><U0/><E0/><V120/><F120/><W60/><G112/><T61/><D43/><U55/><E55/><V130/><F130/><W75/><G69/><T58/><D39/><U10/><E10/><V48/><F2/><W77/><G54/><T40/><D40/><U103/><E103/><V109/><F109/><W101/><G52/><T46/><D46/><U85/><E85/><V102/><F106/><W80/><G84/><T70/><D70/><U135/><E135/><V134/><F102/><W74/><G101/><T4/><D4/><AGARI ba="1,2" hai="3,4,9,20,22,23,27,28,59,63,65,89,94,97" machi="4" ten="40,2600,0" yaku="1,1,52,1,53,0" doraHai="56" doraHaiUra="81" who="1" fromWho="0" sc="270,-29,230,49,240,0,240,0" /><INIT seed="1,0,0,0,0,130" ten="241,279,240,240" oya="1" hai0="42,83,19,121,110,17,127,120,118,94,102,71,86" hai1="11,111,53,2,125,103,78,122,65,20,22,97,59" hai2="1,32,9,131,99,44,95,49,93,92,50,132,55" hai3="115,8,119,34,63,12,45,128,60,33,85,109,72"/><U27/><E122/><N who="0" m="47209" /><D71/><U124/><E65/><V108/><F108/><W4/><G72/><T54/><D118/><U5/><E78/><V107/><F131/><W101/><G119/><T91/><D42/><U23/><E27/><V29/><F132/><W21/><G115/><T41/><D41/><U39/><E39/><V24/><F50/><W100/><G109/><T129/><D129/><U73/><E73/><V88/><REACH who="2" step="1"/><F107/><REACH who="2" ten="241,279,230,240" step="2"/><W82/><G128/><T123/><D110/><U114/><E111/><V74/><F74/><W7/><G63/><T16/><D127/><U81/><E114/><V18/><F18/><W75/><G60/><T43/><D43/><U70/><E124/><V13/><F13/><W106/><G75/><T6/><D6/><AGARI ba="0,1" hai="1,6,9,24,29,32,44,49,55,88,92,93,95,99" machi="6" ten="40,2600,0" yaku="1,1,54,1,53,0" doraHai="130" doraHaiUra="58" who="2" fromWho="0" sc="241,-26,279,0,230,36,240,0" /><INIT seed="2,0,0,2,2,76" ten="215,279,266,240" oya="2" hai0="20,95,29,94,22,72,132,103,97,101,24,43,108" hai1="67,116,77,98,100,129,17,64,71,78,69,93,104" hai2="89,63,123,135,86,80,50,73,70,62,99,75,49" hai3="114,23,113,33,92,45,40,96,117,59,81,19,3"/><V134/><F123/><W106/><G33/><T54/><D108/><U51/><E116/><V122/><F122/><W46/><G106/><T41/><D132/><N who="2" m="50730" /><F99/><W84/><G3/><T31/><D72/><N who="2" m="27722" /><F70/><W125/><G125/><T82/><D54/><U121/><E121/><V37/><F37/><W36/><G46/><T30/><D82/><U115/><E115/><N who="3" m="44042" /><G59/><T2/><D2/><U27/><E71/><V107/><F107/><W25/><G117/><T11/><D11/><U39/><E69/><V12/><F12/><W56/><G56/><T47/><D47/><U119/><E39/><V110/><F110/><W126/><G126/><T128/><D128/><U68/><E129/><V66/><F63/><W48/><G36/><T127/><D127/><U112/><E68/><N who="2" m="42071" /><F49/><W32/><G96/><N who="0" m="59543" /><D22/><U120/><E112/><V65/><F50/><W13/><G48/><T61/><D61/><U74/><E51/><V7/><F7/><W4/><G4/><T124/><D124/><U0/><E119/><V10/><F10/><W60/><G60/><T55/><D55/><U111/><E0/><V21/><F21/><W133/><G23/><T28/><AGARI ba="0,0" hai="20,24,28,29,30,31,41,43,95,97,103" m="59543" machi="28" ten="30,1100,0" yaku="8,1" doraHai="76" who="0" fromWho="0" sc="215,11,279,-3,266,-5,240,-3" /><INIT seed="3,0,0,0,5,93" ten="226,276,261,237" oya="3" hai0="94,34,111,128,47,127,29,72,43,64,74,89,24" hai1="99,108,56,44,41,84,51,73,91,57,37,112,107" hai2="100,76,46,110,21,130,109,88,133,78,81,17,135" hai3="122,71,85,95,26,10,15,80,18,54,4,50,58"/><W129/><G122/><T126/><D111/><N who="2" m="42506" /><F100/><W42/><G71/><T63/><D128/><U75/><E108/><V14/><F130/><W119/><G129/><T5/><D5/><U87/><E112/><V97/><F46/><W103/><G119/><T33/><D33/><U48/><E75/><V124/><F124/><N who="0" m="47658" /><D47/><U7/><E73/><V2/><F2/><W131/><G131/><T23/><D43/><U96/><E7/><V25/><F25/><W59/><G42/><T53/><D53/><U49/><E87/><N who="2" m="50287" /><F97/><N who="3" m="59839" /><G58/><N who="0" m="36983" /><D34/><U68/><E68/><V20/><F20/><N who="3" m="13591" /><G85/><AGARI ba="0,0" hai="23,24,29,72,74,85,89,94" m="36983,47658" machi="85" ten="30,1000,0" yaku="18,1" doraHai="93" who="0" fromWho="3" sc="226,10,276,0,261,0,237,-10" /><INIT seed="4,0,0,0,0,112" ten="236,276,261,227" oya="0" hai0="23,10,81,14,121,17,105,117,62,39,26,27,37" hai1="107,12,74,52,22,33,84,108,99,7,102,86,29" hai2="89,18,55,57,68,92,103,65,42,123,51,0,77" hai3="66,25,2,125,129,9,134,133,38,60,80,64,131"/><T111/><D105/><U16/><E108/><V71/><F123/><W8/><G38/><T28/><D121/><U1/><E74/><V11/><F77/><W5/><G80/><T44/><D111/><U35/><E35/><V97/><F42/><W53/><G25/><T83/><D117/><U93/><E107/><V48/><F48/><W94/><G94/><T34/><D62/><U30/><E30/><V70/><F0/><W32/><G32/><T118/><D118/><U46/><E46/><V43/><F43/><W130/><G9/><T61/><D61/><U24/><E52/><V87/><F11/><AGARI ba="0,0" hai="1,7,11,12,16,22,24,29,33,84,86,93,99,102" machi="11" ten="40,5200,0" yaku="24,2,54,1" doraHai="112" who="1" fromWho="2" sc="236,0,276,52,261,-52,227,0" owari="236,4.0,328,42.0,209,-29.0,227,-17.0" /></mjloggm>