<mjloggm ver="2.3"><GO type="97" lobby="0"/><UN n0="%E3%83%A9%E3%82%A4%E3%83%88%E3%83%8B%E3%83%B3%E3%82%B0" n1="%61%61%61%73" n2="%E9%9B%9B%E8%A6%8B%E6%B2%A2%E7%97%87%E5%80%99%E7%BE%A4" n3="%E3%82%A6%E3%83%AB%E3%83%88%E3%83%A9%E7%AB%8B%E7%9B%B4" dan="14,14,13,13" rate="2032.47,1954.43,1865.65,1881.26" sx="M,M,F,M"/><TAIKYOKU oya="0"/><INIT seed="0,0,0,2,4,104" ten="250,250,250,250" oya="0" hai0="3,96,62,40,97,48,126,56,113,94,7,52,133" hai1="68,91,109,23,21,1,79,51,105,131,47,32,72" hai2="85,25,88,64,93,108,53,124,118,6,101,99,11" hai3="37,0,75,86,22,114,107,16,31,98,81,2,125"/><T103/><D113/><U117/><E23/><V28/><F108/><W12/><G37/><T123/><D123/><U57/><E21/><V35/><F124/><W27/><G125/><T29/><D126/><U58/><E57/><V134/><F134/><W10/><G114/><T5/><D3/><U132/><E58/><V111/><F111/><W74/><G0/><T129/><D133/><U54/><E91/><V60/><F118/><W34/><G107/><T89/><D29/><U42/><E42/><V17/><F17/><W120/><G98/><T44/><REACH who="0" step="1"/><D129/><REACH who="0" ten="240,250,250,250" step="2"/><U83/><E131/><V33/><F33/><W66/><G120/><T59/><D59/><U65/><E132/><V15/><F53/><W41/><G41/><T8/><D8/><U24/><E1/><V73/><F64/><W55/><G55/><T76/><D76/><U20/><E79/><V69/><F69/><W82/><G66/><T30/><D30/><U19/><E109/><V112/><F112/><W100/><G2/><T43/><D43/><U46/><E68/><V71/><F71/><W67/><G67/><T26/><D26/><U130/><E65/><V135/><F135/><W127/><G127/><T102/><D102/><U13/><E24/><V84/><F60/><W61/><G61/><T4/><D4/><U106/><E117/><V90/><F101/><W49/><G100/><T128/><D128/><U45/><E130/><V121/><F121/><W80/><G34/><T119/><D119/><U116/><E116/><V38/><F28/><W14/><G31/><T50/><D50/><U87/><E51/><RYUUKYOKU ba="0,1" sc="240,30,250,-10,250,-10,250,-10" hai0="5,7,40,44,48,52,56,62,89,94,96,97,103" /><INIT seed="0,1,1,0,1,41" ten="270,240,240,240" oya="0" hai0="54,12,93,4,90,125,51,130,7,42,17,74,87" hai1="44,109,72,112,36,15,114,118,97,120,6,119,106" hai2="45,77,70,18,26,78,62,134,67,101,49,80,111" hai3="25,123,2,31,88,13,105,61,103,50,127,37,27"/><T132/><D74/><U66/><E66/><V19/><F111/><W115/><G37/><T53/><D132/><U116/><E6/><V63/><F134/><W57/><G2/><T107/><D107/><U52/><E15/><V59/><F101/><W68/><G115/><N who="1" m="44074" /><E72/><V98/><F98/><W102/><G127/><T38/><D125/><U83/><E83/><V47/><F49/><W21/><G105/><T121/><D121/><U65/><E65/><V96/><F96/><W100/><G68/><T95/><D38/><U58/><E97/><V79/><F80/><W28/><G13/><T94/><D42/><N who="1" m="22599" /><E106/><V29/><F19/><W124/><G124/><T24/><D24/><U32/><E32/><V43/><F18/><W9/><G123/><T14/><D54/><U92/><E92/><N who="0" m="35433" /><D12/><U128/><E120/><V5/><F43/><W60/><G103/><T104/><D130/><U33/><E33/><V99/><F99/><W16/><G102/><T48/><D48/><N who="1" m="30983" /><E109/><V131/><F131/><AGARI ba="1,1" hai="116,118,119,128,131" m="30983,22599,44074" machi="131" ten="40,8000,1" yaku="11,1,34,2,52,1,54,1" doraHai="41" who="1" fromWho="2" sc="270,0,240,93,240,-83,240,0" /><INIT seed="1,0,0,4,1,19" ten="270,333,157,240" oya="1" hai0="79,127,90,83,85,23,58,26,86,32,27,67,77" hai1="20,39,100,5,111,112,125,75,96,78,88,80,66" hai2="134,68,31,135,89,24,87,9,60,2,116,128,104" hai3="81,105,53,12,119,123,132,4,35,122,109,103,108"/><U95/><E39/><V18/><F116/><W47/><G35/><T7/><D127/><U102/><E5/><V70/><F104/><W98/><G132/><T110/><D32/><U45/><E45/><V124/><F124/><W99/><G119/><T106/><D106/><U8/><E8/><V97/><F97/><W101/><G53/><T14/><D27/><U131/><E20/><V30/><F30/><W59/><G59/><T118/><D118/><U38/><E38/><V46/><F46/><W29/><G29/><T94/><D110/><N who="3" m="42601" /><G47/><T17/><D7/><U3/><E66/><V133/><F128/><W121/><G12/><T11/><D58/><U71/><E3/><V115/><F60/><W33/><G4/><T44/><D67/><U52/><E71/><V21/><F115/><W76/><G33/><T63/><D63/><U64/><E64/><V54/><F54/><W117/><G117/><T0/><D0/><U72/><E52/><V51/><F51/><W25/><G25/><T73/><D44/><U65/><E65/><V62/><F62/><W34/><G34/><T50/><D50/><U69/><E69/><V15/><REACH who="2" step="1"/><F2/><REACH who="2" ten="270,333,147,240" step="2"/><W120/><G120/><T41/><D41/><U129/><E111/><V36/><F36/><W114/><G114/><T42/><D42/><U56/><E112/><V40/><F40/><W37/><G37/><T91/><D73/><U107/><E125/><V126/><F126/><W13/><G122/><T84/><D84/><U92/><E129/><V48/><F48/><W113/><G121/><T10/><D10/><U61/><E131/><RYUUKYOKU ba="0,1" sc="270,15,333,-15,147,15,240,-15" hai0="11,14,17,23,26,77,79,83,85,86,90,91,94" hai2="9,15,18,21,24,31,68,70,87,89,133,134,135" /><INIT seed="2,1,1,0,5,124" ten="285,318,162,225" oya="2" hai0="75,92,73,110,103,68,23,131,129,77,112,47,102" hai1="128,111,52,134,9,126,17,37,133,69,20,135,36" hai2="43,108,19,32,13,90,120,7,8,24,85,70,40" hai3="94,67,22,82,50,117,64,48,10,15,115,16,6"/><V113/><F120/><W42/><G117/><T72/><D68/><U106/><E111/><V0/><F113/><W60/><G115/><T25/><D112/><U89/><E106/><V130/><F70/><W18/><G82/><T3/><D3/><U116/><E116/><V49/><F108/><W100/><G18/><T30/><D110/><U27/><E126/><V5/><F5/><W80/><G80/><T119/><D77/><U46/><E89/><V63/><F63/><W76/><G76/><T33/><D33/><U95/><E95/><V84/><F49/><W78/><G78/><T1/><D1/><U65/><E9/><V35/><F35/><W104/><G104/><T66/><D66/><U122/><E122/><V125/><F125/><W56/><G64/><T51/><D119/><U81/><E81/><N who="2" m="49423" /><F85/><W44/><G94/><T88/><D88/><U61/><E128/><N who="0" m="49225" /><D92/><U97/><E97/><V55/><F55/><AGARI ba="1,1" hai="23,25,30,47,51,55,72,73,75,102,103" m="49225" machi="55" ten="40,8000,1" yaku="19,1,52,3" doraHai="124" who="0" fromWho="2" sc="285,93,318,0,162,-83,225,0" /><INIT seed="3,0,0,5,1,127" ten="378,318,79,225" oya="3" hai0="0,18,27,97,64,46,74,111,93,8,132,71,72" hai1="123,49,80,75,59,77,45,105,108,53,98,54,65" hai2="50,7,69,86,90,133,58,42,94,62,2,24,63" hai3="76,61,33,92,43,89,37,36,34,66,11,115,117"/><W14/><G115/><T4/><D111/><U51/><E108/><V83/><F83/><W30/><G117/><T113/><D132/><U44/><E123/><V38/><F38/><W107/><G107/><T1/><D1/><U99/><E105/><V13/><F13/><W124/><G124/><T106/><D106/><U55/><REACH who="1" step="1"/><E65/><REACH who="1" ten="378,308,79,225" step="2"/><V52/><F52/><W134/><G134/><T23/><D113/><U102/><E102/><V48/><F48/><AGARI ba="0,1" hai="44,45,48,49,51,53,54,55,59,75,77,80,98,99" machi="48" ten="30,7700,0" yaku="1,1,7,1,9,1,53,1" doraHai="127" doraHaiUra="73" who="1" fromWho="2" sc="378,0,308,87,79,-77,225,0" owari="378,18.0,395,49.0,2,-50.0,225,-17.0" /></mjloggm>