<mjloggm ver="2.3"><GO type="97" lobby="0"/><UN n0="%E3%82%A6%E3%83%AB%E3%83%88%E3%83%A9%E7%AB%8B%E7%9B%B4" n1="%E3%81%88%E3%81%99" n2="%E3%82%8F%E3%81%A0%E3%81%82%E3%81%8D%E3%81%93" n3="%75%6F%6B%6B%61%34%39%34" dan="14,14,15,15" rate="1955.65,1879.57,1958.49,1978.24" sx="M,M,F,M"/><TAIKYOKU oya="0"/><INIT seed="0,0,0,5,1,105" ten="250,250,250,250" oya="0" hai0="68,22,121,53,3,37,66,47,74,71,130,70,94" hai1="43,114,131,4,99,95,19,2,112,90,80,65,116" hai2="32,38,101,98,85,49,46,120,76,82,123,106,129" hai3="39,5,28,40,108,78,93,55,132,92,118,102,111"/><T56/><D74/><U10/><E116/><V23/><F129/><W87/><G118/><T97/><D3/><U25/><E131/><V21/><F32/><W86/><G132/><T67/><D121/><U44/><E65/><V11/><F38/><W14/><G28/><T69/><N who="0" m="17920" /><DORA hai="15" /><T126/><D126/><U83/><E112/><V12/><F123/><W124/><G124/><T1/><D1/><U89/><E114/><V115/><F115/><W0/><G0/><T77/><D77/><U81/><E89/><V24/><F24/><W35/><G35/><T29/><D130/><U73/><E73/><V16/><REACH who="2" step="1"/><F120/><REACH who="2" ten="250,250,240,250" step="2"/><W41/><G39/><T17/><D37/><U109/><E109/><V134/><F134/><W104/><G111/><T52/><D29/><U54/><E25/><V6/><F6/><W30/><G5/><T64/><D47/><U117/><E117/><V9/><F9/><W33/><G33/><T36/><D36/><U31/><E31/><V58/><F58/><W34/><G30/><T88/><REACH who="0" step="1"/><D56/><REACH who="0" ten="240,250,240,250" step="2"/><U26/><E4/><V113/><F113/><W20/><G108/><T42/><D42/><AGARI ba="0,2" hai="11,12,16,21,23,42,46,49,76,82,85,98,101,106" machi="42" ten="30,8000,1" yaku="1,1,7,1,52,1,54,1,53,1" doraHai="105,15" doraHaiUra="96,91" who="2" fromWho="0" sc="240,-80,250,0,240,100,250,0" /><INIT seed="1,0,0,1,0,1" ten="160,250,340,250" oya="1" hai0="133,93,127,118,104,126,41,97,57,24,72,47,121" hai1="52,129,43,113,107,70,73,134,88,2,38,125,81" hai2="68,37,27,94,29,84,59,9,14,102,71,10,74" hai3="65,80,76,135,13,109,100,92,0,34,101,128,64"/><U39/><RYUUKYOKU type="yao9" ba="0,0" sc="160,0,250,0,340,0,250,0" hai1="2,38,39,43,52,70,73,81,88,107,113,125,129,134" /><INIT seed="1,1,0,3,3,88" ten="160,250,340,250" oya="1" hai0="76,86,130,73,108,58,16,46,70,105,36,101,23" hai1="27,19,110,92,48,52,91,10,131,13,99,120,122" hai2="113,117,134,77,128,5,44,133,28,109,74,61,34" hai3="71,45,114,75,53,81,42,4,90,119,29,118,121"/><U43/><E131/><V32/><F117/><W59/><G121/><T31/><D70/><U135/><E135/><V84/><F128/><W37/><G114/><T104/><D73/><U95/><E110/><V72/><F113/><W54/><G71/><T20/><D130/><U96/><E43/><V9/><F109/><W60/><G29/><T123/><D108/><U62/><E62/><V68/><F44/><W35/><G35/><N who="2" m="13353" /><F84/><W17/><G4/><T89/><D123/><U22/><E10/><V11/><F28/><W103/><G103/><T1/><D76/><U126/><E126/><V0/><F11/><W3/><G3/><T102/><D1/><U25/><E120/><V69/><F69/><W6/><G6/><T132/><D132/><N who="2" m="50794" /><F77/><W85/><G75/><T100/><D46/><N who="1" m="27671" /><E122/><V30/><F30/><W125/><G125/><T40/><D40/><U80/><E80/><V116/><F116/><N who="3" m="44587" /><G17/><T18/><D36/><U55/><E55/><AGARI ba="1,0" hai="37,42,45,53,54,55,59,60,81,85,90" m="44587" machi="55" ten="30,1000,0" yaku="12,1" doraHai="88" who="3" fromWho="1" sc="160,0,250,-13,340,0,250,13" /><INIT seed="2,0,0,2,1,23" ten="160,237,340,263" oya="2" hai0="46,62,95,13,115,133,61,31,39,24,114,110,65" hai1="113,72,123,118,25,2,54,73,97,36,33,58,28" hai2="59,20,111,1,37,125,86,79,44,100,16,127,90" hai3="134,7,129,19,92,135,81,5,132,49,91,126,60"/><V119/><F119/><W87/><G126/><T75/><D75/><U55/><E118/><V15/><F1/><W107/><G107/><T45/><D133/><U93/><E113/><V56/><F100/><W10/><G129/><T26/><D13/><U30/><E123/><V17/><F79/><W51/><G60/><T84/><D31/><U105/><E105/><V89/><F17/><W9/><G19/><T43/><D84/><U22/><E36/><V29/><F29/><W0/><REACH who="3" step="1"/><G81/><REACH who="3" ten="160,237,340,253" step="2"/><T80/><D80/><U12/><E72/><V71/><F111/><W103/><G103/><T85/><D110/><U11/><E73/><V108/><F108/><W94/><G94/><T120/><D120/><U116/><E116/><V41/><F71/><W21/><G21/><T77/><D95/><U96/><E93/><V34/><F34/><W3/><AGARI ba="0,1" hai="0,3,5,7,9,10,49,51,87,91,92,132,134,135" machi="3" ten="30,7900,0" yaku="1,1,0,1,9,1,20,1,53,0" doraHai="23" doraHaiUra="42" who="3" fromWho="3" sc="160,-20,237,-20,340,-39,253,89" /><INIT seed="3,0,0,1,1,10" ten="140,217,301,342" oya="3" hai0="12,49,71,32,89,39,123,59,65,15,58,102,6" hai1="35,63,88,30,120,17,36,70,60,80,127,134,14" hai2="84,131,41,72,124,74,73,0,78,118,79,64,69" hai3="98,54,119,16,129,52,47,111,44,13,66,87,33"/><W105/><G119/><T86/><D39/><U28/><E120/><V53/><F41/><W1/><G1/><T45/><D32/><U5/><E36/><V114/><F118/><W95/><G33/><T101/><D71/><U62/><E70/><V103/><F114/><W75/><G75/><T115/><D115/><U104/><E104/><V29/><F29/><N who="1" m="11369" /><E35/><V82/><F0/><W3/><G3/><T11/><D123/><U37/><E37/><V23/><F53/><W9/><G105/><T31/><D31/><U93/><E127/><V77/><F64/><W91/><G66/><T48/><D59/><U97/><E134/><V126/><F69/><W109/><G129/><T18/><D58/><U85/><E5/><V121/><F23/><W113/><G113/><T57/><D65/><U43/><E43/><V21/><F21/><W76/><G52/><N who="0" m="29711" /><D57/><U25/><E25/><V116/><F121/><W130/><G130/><T122/><D49/><U55/><E55/><V92/><F116/><W24/><G24/><T42/><D42/><U117/><E117/><V81/><F131/><W8/><G8/><N who="0" m="6407" /><D122/><U27/><E27/><V7/><F7/><W99/><G54/><T90/><D90/><N who="1" m="51495" /><E60/><V38/><F38/><W51/><G51/><T125/><D125/><N who="2" m="48234" /><F78/><W100/><G47/><T40/><D40/><U50/><E50/><V2/><F2/><W107/><G44/><T26/><D26/><U68/><E68/><V135/><F135/><W22/><G9/><AGARI ba="0,0" hai="9,14,17,62,63,88,93,97" m="51495,11369" machi="9" ten="30,3900,0" yaku="8,1,52,1,54,1" doraHai="10" who="1" fromWho="3" sc="140,0,217,39,301,0,342,-39" owari="140,-36.0,256,-14.0,301,10.0,303,40.0" /></mjloggm>