<mjloggm ver="2.3"><GO type="33" lobby="0"/><UN n0="%E5%B7%9D%E6%9D%91%E6%99%83%E8%A3%95%EF%BC%88%E4%B8%A1%E6%96%B9%EF%BC%89" n1="%E5%B0%8F%E3%81%95%E3%81%98%E2%99%AA" n2="%E5%B0%B1%E6%B4%BB%E7%94%9F%40%E5%B7%9D%E6%9D%91%E8%BB%8D%E5%9B%A3" n3="%E5%87%B0%E9%88%B4%E9%9F%B3" dan="14,14,13,14" rate="1985.17,1888.38,1874.57,1966.11" sx="M,M,M,F"/><TAIKYOKU oya="0"/><INIT seed="0,0,0,2,4,6" ten="250,250,250,250" oya="0" hai0="34,94,36,74,72,8,132,5,1,133,19,29,30" hai1="4,122,113,49,91,71,73,129,35,28,61,97,114" hai2="66,106,38,102,83,121,112,69,45,3,60,109,15" hai3="128,79,56,16,78,124,43,39,134,7,76,0,110"/><T44/><D94/><U89/><E122/><V81/><F112/><N who="1" m="43113" /><E73/><N who="0" m="28265" /><D19/><U101/><E4/><V116/><F121/><W98/><G39/><T130/><D130/><U25/><E49/><V108/><F3/><W55/><G43/><N who="0" m="22631" /><D30/><U90/><E90/><V67/><F67/><W52/><G128/><T41/><D41/><U46/><E46/><V96/><F116/><W64/><G134/><N who="0" m="51819" /><D29/><U75/><E75/><V111/><F15/><W22/><G98/><T123/><D123/><U51/><E129/><V57/><F57/><W104/><G104/><T59/><D59/><U27/><E27/><V58/><F58/><W84/><G64/><T20/><D20/><U127/><E28/><V18/><F18/><W105/><G105/><T24/><D24/><U82/><E25/><V118/><F118/><W32/><G56/><T63/><D63/><U31/><E61/><V88/><F38/><W80/><G22/><T47/><D47/><U99/><E31/><V126/><F45/><W9/><G16/><T12/><D12/><U48/><E82/><V50/><F50/><W92/><G80/><T85/><D85/><U103/><E51/><V26/><F26/><W10/><G84/><T65/><D65/><U117/><E48/><V70/><F70/><W95/><G92/><T107/><D107/><U17/><E71/><V119/><F119/><W131/><G95/><T11/><D34/><U115/><E117/><V2/><F2/><W21/><G32/><T14/><D1/><U77/><E115/><V33/><F33/><W40/><G0/><T86/><D86/><U13/><E35/><RYUUKYOKU ba="0,0" sc="250,30,250,-10,250,-10,250,-10" hai0="5,8,11,14" /><INIT seed="0,1,0,4,4,124" ten="280,240,240,240" oya="0" hai0="121,84,85,100,123,122,102,83,87,44,111,14,60" hai1="36,110,80,95,64,57,129,118,0,115,47,103,49" hai2="25,50,114,30,131,31,94,71,74,46,69,70,27" hai3="4,91,56,96,77,81,59,20,55,75,89,98,3"/><T125/><D125/><U26/><E118/><V5/><F114/><W53/><G3/><T88/><D111/><U16/><E115/><V117/><F74/><W34/><G4/><T68/><D44/><U24/><E0/><V105/><F105/><W108/><G34/><T42/><D42/><N who="1" m="24823" /><E36/><V39/><F39/><W1/><G1/><T92/><D14/><U33/><E33/><V52/><F5/><W35/><G35/><T66/><REACH who="0" step="1"/><D83/><REACH who="0" ten="270,240,240,240" step="2"/><U18/><E80/><V134/><F117/><W22/><G81/><T73/><D73/><U32/><E110/><V67/><F134/><W76/><G75/><T45/><D45/><U82/><E82/><V21/><F67/><W12/><G108/><T61/><D61/><U109/><E109/><V101/><F27/><W133/><G133/><T38/><D38/><U28/><E64/><V8/><F8/><W6/><G6/><T7/><D7/><U119/><E119/><V106/><F106/><W17/><G12/><T63/><D63/><U19/><E26/><V37/><F37/><W107/><G107/><T99/><AGARI ba="1,1" hai="60,66,68,84,85,87,88,92,99,100,102,121,122,123" machi="99" ten="40,12000,1" yaku="1,1,0,1,54,1,53,1" doraHai="124" doraHaiUra="58" who="0" fromWho="0" sc="270,133,240,-41,240,-41,240,-41" /><INIT seed="0,2,0,3,4,64" ten="403,199,199,199" oya="0" hai0="48,52,134,107,124,108,27,38,135,129,19,14,130" hai1="111,81,56,89,127,46,2,58,43,86,34,15,42" hai2="123,1,29,91,51,20,110,131,132,22,53,55,25" hai3="11,41,92,36,31,7,62,47,114,39,78,80,120"/><T57/><D108/><U37/><E2/><V68/><F123/><W102/><G114/><T30/><D107/><U118/><E118/><V35/><F1/><W77/><G77/><T40/><D40/><U115/><E34/><V61/><F110/><W121/><G36/><T70/><D70/><U87/><E111/><V9/><F132/><N who="0" m="50730" /><D38/><U32/><E32/><V10/><F131/><N who="0" m="50186" /><D30/><U26/><E115/><V6/><F9/><W99/><G31/><T84/><D84/><U12/><E43/><V101/><F68/><W16/><G62/><T125/><D27/><U119/><E26/><V23/><F61/><W106/><G106/><T88/><D88/><U0/><E89/><V67/><F91/><W76/><G76/><T66/><D66/><U17/><E87/><V100/><F67/><W94/><G92/><T72/><D72/><U44/><E86/><V18/><F55/><W49/><G39/><T60/><D60/><U98/><E42/><V59/><F100/><W5/><G120/><T21/><AGARI ba="2,0" hai="14,19,21,48,52,57,124,125" m="50186,50730" machi="21" ten="40,12000,1" yaku="30,2,20,1,19,1,54,1" doraHai="64" who="0" fromWho="0" sc="403,126,199,-42,199,-42,199,-42" /><INIT seed="0,3,0,0,0,109" ten="529,157,157,157" oya="0" hai0="16,101,23,51,76,61,131,106,124,111,32,18,53" hai1="26,74,119,81,27,114,103,82,14,116,10,90,91" hai2="112,57,42,97,38,120,92,87,17,2,30,15,31" hai3="85,75,56,59,4,39,33,104,48,133,78,89,84"/><T94/><D32/><U125/><E103/><V9/><F112/><W117/><G33/><T52/><D111/><U44/><E125/><V96/><F120/><W6/><G39/><T98/><D131/><U12/><E44/><V46/><F2/><W13/><G104/><T66/><D124/><U122/><E122/><V73/><F73/><W99/><G117/><T130/><D130/><U1/><E1/><V21/><F96/><W68/><G68/><T129/><D129/><U80/><E74/><V47/><F47/><W58/><G75/><T100/><D76/><U40/><E40/><V115/><F87/><N who="3" m="33355" /><G78/><T50/><D106/><U49/><E49/><N who="0" m="18441" /><D101/><U72/><E72/><V121/><F121/><W24/><G133/><T118/><D118/><N who="1" m="45099" /><E10/><V113/><F57/><N who="3" m="22123" /><G24/><N who="1" m="9258" /><E114/><V29/><REACH who="2" step="1"/><F9/><REACH who="2" ten="529,157,147,157" step="2"/><W43/><G99/><T79/><D79/><U28/><E28/><V20/><F20/><W105/><G105/><T77/><D77/><U22/><E22/><V41/><F41/><W11/><G59/><N who="0" m="37183" /><D23/><U3/><E3/><V107/><F107/><W35/><G35/><T134/><D134/><U19/><E82/><V69/><F69/><W102/><G102/><AGARI ba="3,1" hai="15,17,21,29,30,31,38,42,46,92,97,102,113,115" machi="102" ten="40,8000,1" yaku="1,1,52,2,53,1" doraHai="109" doraHaiUra="88" who="2" fromWho="3" sc="529,0,157,0,147,99,157,-89" /><INIT seed="1,0,0,2,4,105" ten="529,157,246,68" oya="1" hai0="17,31,117,94,5,30,125,14,129,3,57,134,7" hai1="82,50,64,43,19,76,18,128,28,101,29,25,78" hai2="100,110,38,33,40,106,108,42,87,131,135,11,88" hai3="61,13,127,49,8,36,12,34,65,80,37,90,32"/><U45/><E128/><V54/><F33/><W74/><G127/><T114/><D57/><U81/><E101/><V67/><F131/><W73/><G49/><T23/><D94/><U95/><E64/><V58/><F135/><W39/><G90/><T119/><D129/><U111/><E95/><V22/><F67/><W122/><G122/><T133/><D125/><U91/><E91/><V10/><F100/><W96/><G96/><T55/><D55/><U71/><E71/><V98/><F22/><W47/><G47/><T66/><D66/><U79/><E111/><N who="2" m="42539" /><F98/><W15/><G8/><N who="2" m="3113" /><F38/><W51/><G51/><T85/><D85/><U120/><E120/><V46/><F46/><W84/><G34/><T75/><D114/><U1/><E1/><V27/><F27/><W60/><G32/><T104/><D104/><U35/><REACH who="1" step="1"/><E29/><REACH who="1" ten="529,147,246,68" step="2"/><V2/><F2/><W62/><G65/><T4/><D3/><U69/><E69/><V132/><F106/><W107/><G107/><T103/><D103/><U83/><AGARI ba="0,1" hai="18,19,25,28,35,43,45,50,76,78,79,81,82,83" machi="83" ten="30,3000,0" yaku="1,1,0,1,53,0" doraHai="105" doraHaiUra="48" who="1" fromWho="1" sc="529,-10,147,40,246,-10,68,-10" /><INIT seed="1,1,0,2,4,43" ten="519,187,236,58" oya="1" hai0="120,18,82,103,66,51,87,67,0,84,56,4,106" hai1="10,22,26,63,6,28,25,44,78,128,68,61,131" hai2="23,80,2,113,112,123,121,102,8,55,58,129,27" hai3="89,81,60,135,49,13,124,92,3,96,69,33,73"/><U50/><E78/><V104/><F129/><N who="1" m="49737" /><E68/><V41/><F41/><W133/><G3/><T37/><D37/><U109/><E109/><V39/><F39/><W30/><G124/><T101/><D106/><U40/><E26/><V130/><F130/><W21/><G33/><T36/><D36/><U7/><E7/><N who="2" m="1143" /><F80/><W19/><G30/><T29/><D120/><U76/><E76/><V35/><F102/><W118/><G118/><T16/><D4/><U107/><E107/><V47/><F47/><W57/><G69/><T97/><D0/><AGARI ba="1,0" hai="0,6,10,22,25,28,40,44,50,61,63" m="49737" machi="0" ten="30,2900,0" yaku="19,1,52,1" doraHai="43" who="1" fromWho="0" sc="519,-32,187,32,236,0,58,0" /><INIT seed="1,2,0,1,5,51" ten="487,219,236,58" oya="1" hai0="53,127,45,106,63,32,118,89,2,125,119,69,116" hai1="94,17,79,130,105,40,109,110,121,126,72,75,19" hai2="70,26,52,41,7,80,13,10,65,8,82,43,14" hai3="27,64,86,54,44,25,78,21,97,128,84,101,0"/><U114/><E121/><V117/><F117/><W134/><G0/><T92/><D106/><U90/><E114/><V57/><F65/><W24/><G134/><T48/><D32/><U20/><E105/><V102/><F70/><W73/><G128/><T71/><D2/><U132/><E132/><V68/><F68/><N who="0" m="26186" /><D92/><U42/><E130/><V3/><F26/><W124/><G124/><N who="0" m="47691" /><D89/><U91/><E126/><V104/><F102/><W67/><G73/><N who="1" m="28234" /><E79/><V12/><F104/><W31/><G84/><T131/><D131/><U36/><E36/><V16/><F12/><W120/><G120/><T122/><D122/><U39/><E39/><V23/><F10/><W98/><G98/><T74/><D74/><U56/><E56/><V6/><F6/><W5/><G5/><T111/><D63/><U77/><E77/><V103/><F103/><W123/><G123/><T4/><D4/><U30/><E30/><V100/><F100/><W108/><G108/><AGARI ba="2,0" hai="45,48,53,108,111,116,118,119" m="47691,26186" machi="108" ten="40,8000,1" yaku="18,1,34,2,52,1" doraHai="51" who="0" fromWho="3" sc="487,86,219,0,236,0,58,-86" owari="573,67.0,219,-18.0,236,4.0,-28,-53.0" /></mjloggm>