<mjloggm ver="2.3"><GO type="33" lobby="0"/><UN n0="%E3%81%88%E3%81%A9%E3%82%8D%E3%81%A3%E3%81%8F" n1="%E5%B7%9D%E6%9D%91%EF%BC%A0%41%56%E8%A6%B3%E8%B3%9E%E4%B8%AD" n2="%E5%B0%8F%E3%81%95%E3%81%98%E2%99%AA" n3="%E5%B0%B1%E6%B4%BB%E7%94%9F%40%E5%B7%9D%E6%9D%91%E8%BB%8D%E5%9B%A3" dan="13,14,14,13" rate="1904.23,1916.80,1882.32,1871.84" sx="M,M,M,M"/><TAIKYOKU oya="0"/><INIT seed="0,0,0,1,1,83" ten="250,250,250,250" oya="0" hai0="125,135,124,44,11,74,36,1,41,32,57,84,80" hai1="7,29,99,122,17,59,114,133,65,22,91,121,28" hai2="103,14,85,118,62,6,112,12,101,31,34,56,23" hai3="88,55,109,110,71,128,105,49,94,117,96,72,13"/><T0/><D135/><U73/><E114/><V113/><F34/><W48/><G117/><T100/><D32/><U39/><E133/><V52/><F118/><W45/><G71/><T134/><D134/><U64/><E39/><V107/><F107/><W115/><G72/><T66/><D100/><N who="2" m="38474" /><F113/><W35/><G35/><T30/><D30/><U78/><E7/><V116/><F116/><W51/><G115/><T93/><D93/><U40/><E40/><V26/><F112/><W77/><G77/><T106/><D106/><U15/><E73/><V58/><F58/><W54/><G105/><T126/><D74/><U111/><E78/><V20/><F20/><W25/><G25/><T95/><D95/><N who="1" m="56831" /><E111/><N who="3" m="42506" /><G128/><T130/><D130/><U46/><E121/><V19/><F6/><W42/><G13/><N who="2" m="5225" /><F31/><W89/><G89/><N who="0" m="51335" /><D11/><U27/><E122/><V4/><F4/><W53/><AGARI ba="0,0" hai="42,45,48,49,51,53,54,55,88,94,96" m="42506" machi="53" ten="30,2000,0" yaku="14,1,54,1" doraHai="83" who="3" fromWho="3" sc="250,-10,250,-5,250,-5,250,20" /><INIT seed="1,0,0,3,1,50" ten="240,245,245,270" oya="1" hai0="103,73,28,134,64,96,89,99,132,118,43,48,2" hai1="41,20,42,31,125,101,22,15,75,92,61,78,94" hai2="76,1,39,40,67,79,45,120,108,87,55,53,88" hai3="98,19,100,33,7,66,71,70,85,18,93,81,113"/><U54/><E125/><V133/><F120/><W68/><G33/><T14/><D2/><U3/><E3/><V60/><F1/><W90/><G113/><T77/><D64/><U44/><E75/><V107/><F107/><W57/><G7/><T119/><D28/><U36/><E78/><V117/><F117/><W52/><REACH who="3" step="1"/><G66/><REACH who="3" ten="240,245,245,260" step="2"/><T21/><D119/><U63/><E36/><V11/><F133/><W65/><G65/><T80/><D118/><U97/><E92/><V102/><F67/><W91/><G91/><T114/><D134/><U8/><E31/><V129/><F88/><W23/><G23/><T104/><D132/><U4/><E22/><V112/><F112/><W47/><G47/><T115/><D115/><U122/><E20/><V10/><F10/><W105/><G105/><T12/><D114/><U29/><E29/><V58/><F11/><W130/><G130/><T9/><D21/><U123/><E123/><V84/><F129/><W51/><AGARI ba="0,1" hai="18,19,51,52,57,68,70,71,81,85,90,93,98,100" machi="51" ten="30,7900,0" yaku="1,1,0,1,52,1,54,1,53,0" doraHai="50" doraHaiUra="106" who="3" fromWho="3" sc="240,-20,245,-39,245,-20,260,89" /><INIT seed="2,0,0,3,3,14" ten="220,206,225,349" oya="2" hai0="33,111,2,48,39,103,64,82,106,8,76,79,43" hai1="10,57,51,7,86,100,55,118,110,75,12,123,22" hai2="133,81,99,98,59,105,130,28,27,89,23,91,68" hai3="58,88,50,83,44,102,128,87,95,40,61,60,109"/><V47/><F68/><W126/><G128/><T107/><D111/><U19/><E118/><V32/><F130/><W53/><G126/><T108/><D108/><U132/><E110/><V93/><F133/><W115/><G109/><T4/><D33/><U11/><E132/><V74/><F32/><W131/><G131/><T84/><D64/><U78/><E123/><V5/><F5/><W70/><G115/><T16/><D103/><U24/><E100/><V97/><F47/><W9/><G70/><T69/><D69/><U114/><E114/><V30/><F105/><W17/><G61/><T134/><D134/><U21/><E75/><V129/><F129/><W42/><G102/><T37/><D79/><U117/><E117/><V101/><F59/><W1/><G95/><T127/><D127/><U25/><E11/><V0/><F0/><W124/><G124/><T120/><D120/><U113/><E113/><V77/><F30/><W80/><G80/><T71/><D71/><U36/><E36/><V18/><F28/><W90/><G90/><T96/><D39/><U135/><E135/><V92/><F101/><W49/><G49/><T67/><D67/><U73/><E73/><V38/><F38/><W13/><G1/><T52/><D96/><AGARI ba="0,0" hai="18,23,27,74,77,81,89,91,92,93,96,97,98,99" machi="96" ten="30,5800,0" yaku="7,1,9,1,52,1" doraHai="14" who="2" fromWho="0" sc="220,-58,206,0,225,58,349,0" /><INIT seed="2,1,0,0,5,133" ten="162,206,283,349" oya="2" hai0="115,8,52,26,121,117,104,49,54,39,106,12,100" hai1="79,4,3,105,48,90,114,65,71,72,127,74,108" hai2="51,30,57,78,131,42,13,94,67,76,34,130,31" hai3="134,62,33,73,110,20,93,126,89,84,91,44,5"/><V28/><F94/><W35/><G73/><T122/><D115/><U32/><E114/><V64/><F13/><W21/><G134/><T17/><D39/><U88/><E32/><V113/><F113/><W0/><G0/><T70/><D70/><U80/><E105/><V55/><F42/><W41/><G5/><T40/><D117/><U6/><E108/><V83/><F34/><W87/><G110/><T19/><D40/><U112/><E112/><V129/><REACH who="2" step="1"/><F78/><REACH who="2" ten="162,206,273,349" step="2"/><W22/><G35/><T102/><D106/><U95/><E95/><V120/><F120/><W135/><G33/><T53/><D104/><U116/><E79/><V18/><F18/><W101/><G135/><T77/><D77/><U27/><E116/><V119/><F119/><W118/><G118/><T109/><D109/><U86/><E6/><V75/><AGARI ba="1,1" hai="28,30,31,51,55,57,64,67,75,76,83,129,130,131" machi="75" ten="40,7800,0" yaku="1,1,0,1,19,1,53,0" doraHai="133" doraHaiUra="98" who="2" fromWho="2" sc="162,-27,206,-27,273,91,349,-27" /><INIT seed="2,2,0,5,1,116" ten="135,179,364,322" oya="2" hai0="99,90,93,82,55,76,104,39,92,38,40,56,45" hai1="117,89,80,109,132,49,126,95,121,59,57,3,81" hai2="103,78,134,112,41,19,52,0,118,74,98,14,133" hai3="129,64,102,125,128,79,6,42,120,7,25,87,105"/><V77/><F118/><W119/><G119/><T65/><D65/><U107/><E117/><V43/><F112/><W53/><G64/><T62/><D104/><U18/><E107/><V115/><F115/><W101/><G42/><T83/><D93/><U123/><E109/><V130/><F0/><W23/><G125/><T16/><D83/><N who="1" m="31819" /><E132/><V15/><F74/><W2/><G87/><T46/><D39/><U111/><E111/><V58/><F130/><N who="3" m="50283" /><G79/><T72/><D46/><U1/><E126/><V122/><F122/><N who="1" m="46601" /><E18/><V17/><F134/><W24/><G120/><T85/><REACH who="0" step="1"/><D72/><REACH who="0" ten="125,179,364,322" step="2"/><U12/><E95/><N who="2" m="58847" /><F133/><W135/><G105/><T22/><D22/><U113/><E113/><V4/><F78/><W8/><G23/><T127/><D127/><U50/><E89/><V61/><F77/><W91/><G135/><T86/><D86/><U30/><E1/><V88/><F88/><W96/><G91/><T10/><D10/><U47/><E3/><V11/><F19/><AGARI ba="2,1" hai="16,19,38,40,45,55,56,62,76,82,85,90,92,99" machi="19" ten="40,2600,0" yaku="1,1,54,1,53,0" doraHai="116" doraHaiUra="9" who="0" fromWho="2" sc="125,42,179,0,364,-32,322,0" /><INIT seed="3,0,0,3,4,125" ten="167,179,332,322" oya="3" hai0="118,7,126,131,79,3,53,8,32,117,104,51,66" hai1="25,101,92,59,56,41,135,88,62,114,113,99,34" hai2="115,120,123,95,98,108,83,111,0,19,67,96,102" hai3="6,43,85,124,5,44,107,119,70,12,22,13,93"/><W60/><G107/><T47/><D104/><U29/><E135/><V48/><F0/><W4/><G124/><T74/><D126/><U73/><E73/><V86/><F115/><W21/><G119/><T46/><D32/><U82/><E41/><V18/><F67/><W84/><G70/><T75/><D66/><U132/><E132/><V23/><F48/><N who="3" m="26655" /><G60/><T76/><D131/><U127/><E127/><V52/><F52/><W130/><G130/><T129/><D129/><U90/><E90/><N who="2" m="51551" /><F96/><W49/><G49/><T17/><D17/><N who="2" m="6154" /><F23/><N who="3" m="8715" /><G93/><T72/><REACH who="0" step="1"/><D46/><REACH who="0" ten="157,179,332,322" step="2"/><U91/><E114/><V63/><F123/><W57/><G57/><T71/><D71/><U100/><E113/><V11/><F120/><W122/><G122/><T134/><D134/><U36/><E59/><V37/><F111/><W109/><G109/><T58/><D58/><U68/><E68/><V2/><F108/><W80/><G85/><T54/><D54/><U35/><E35/><V45/><F45/><W112/><G112/><T103/><D103/><U64/><E36/><V24/><F37/><W1/><G1/><T27/><D27/><U65/><E65/><V28/><F24/><W31/><G31/><T78/><AGARI ba="0,1" hai="3,7,8,47,51,53,72,74,75,76,78,79,117,118" machi="78" ten="40,2700,0" yaku="1,1,0,1,53,0" doraHai="125" doraHaiUra="39" who="0" fromWho="0" sc="157,37,179,-7,332,-7,322,-13" owari="194,-21.0,172,-33.0,325,43.0,309,11.0" /></mjloggm>