<mjloggm ver="2.3"><GO type="169" lobby="0"/><UN n0="%73%65%69%69%67%61%33" n1="%E3%83%81%E3%83%BC%E3%82%BF%E3%83%BC" n2="%73%68%6F%6F%74%33%39" n3="%E3%82%A6%E3%83%AB%E3%83%88%E3%83%A9%E7%AB%8B%E7%9B%B4" dan="16,18,18,17" rate="2122.58,2188.16,2256.53,2209.06" sx="M,M,M,M"/><TAIKYOKU oya="0"/><INIT seed="0,0,0,0,4,134" ten="250,250,250,250" oya="0" hai0="16,68,90,24,99,112,64,22,41,58,54,23,109" hai1="38,42,95,67,60,102,37,133,121,86,4,97,10" hai2="125,116,75,70,18,111,108,124,73,52,123,106,17" hai3="3,62,98,118,130,128,110,36,56,65,87,40,6"/><T51/><D112/><U69/><E121/><V33/><F123/><W74/><G74/><N who="2" m="28169" /><F106/><W103/><G118/><T35/><D35/><U29/><E133/><V72/><F72/><W135/><G135/><T101/><D109/><N who="2" m="42058" /><F116/><W122/><G122/><T78/><D78/><U8/><E8/><V115/><F115/><W66/><G87/><T39/><D90/><U21/><E42/><V25/><F70/><W81/><G81/><T14/><D41/><U84/><E38/><V55/><F33/><W12/><G36/><T32/><D39/><U11/><E37/><V43/><F43/><W28/><G40/><T80/><D32/><U94/><E11/><V82/><F82/><W88/><G3/><T131/><D80/><U132/><E94/><V120/><F120/><W61/><G110/><T44/><D68/><U50/><E50/><V30/><F30/><W89/><G28/><T15/><D131/><U105/><E105/><V92/><F92/><N who="3" m="58823" /><G128/><T48/><D23/><U85/><E132/><V7/><F7/><W20/><G130/><T0/><D0/><U126/><E29/><V100/><F100/><W93/><G93/><N who="0" m="58607" /><D48/><U104/><E21/><N who="2" m="13487" /><F18/><N who="3" m="10311" /><G6/><T114/><D114/><U57/><E104/><V19/><F19/><W49/><G49/><T5/><D5/><U113/><E113/><V91/><F91/><W59/><AGARI ba="0,0" hai="56,59,61,62,65,66,88,89" m="10311,58823" machi="59" ten="30,2000,0" yaku="8,1,54,1" doraHai="134" who="3" fromWho="3" sc="250,-10,250,-5,250,-5,250,20" /><INIT seed="1,0,0,5,0,29" ten="240,245,245,270" oya="1" hai0="69,52,110,44,76,21,30,115,59,26,98,73,108" hai1="19,81,79,61,8,16,120,122,105,89,124,134,1" hai2="18,11,77,80,38,111,9,85,94,88,83,65,39" hai3="112,119,27,114,48,25,28,22,116,104,82,90,102"/><U41/><E134/><V3/><F111/><N who="0" m="42538" /><D69/><U78/><E124/><V58/><F83/><W35/><G48/><N who="0" m="28679" /><D115/><U133/><E133/><V131/><F131/><W106/><G90/><T45/><D45/><U118/><E118/><N who="3" m="45098" /><G82/><N who="0" m="45327" /><D98/><U47/><E105/><N who="3" m="40554" /><G102/><T97/><D97/><U14/><E61/><V99/><F65/><W113/><G27/><T75/><D75/><U53/><E53/><V92/><F58/><AGARI ba="0,0" hai="21,26,30,58,59" m="45327,28679,42538" machi="58" ten="30,2000,0" yaku="14,1,54,1" doraHai="29" who="0" fromWho="2" sc="240,20,245,0,245,-20,270,0" /><INIT seed="2,0,0,4,4,78" ten="260,245,225,270" oya="2" hai0="73,133,7,48,68,105,53,15,79,34,23,121,44" hai1="101,63,1,99,96,27,13,10,45,9,84,37,80" hai2="131,112,12,51,75,120,52,47,90,109,29,89,126" hai3="103,55,6,95,117,114,42,25,39,119,93,17,81"/><V18/><F120/><W28/><G114/><T83/><D34/><U41/><E27/><V134/><F112/><W50/><G6/><T107/><D121/><U127/><E127/><V122/><F122/><W16/><G42/><T94/><D68/><U72/><E63/><V11/><F126/><W56/><G39/><T111/><D111/><U2/><E72/><V135/><F109/><W97/><G93/><T65/><D65/><U61/><E61/><V24/><F75/><W98/><G98/><T31/><D133/><N who="2" m="50698" /><F131/><W77/><G119/><T67/><D67/><U102/><E102/><V100/><F100/><W60/><G60/><T132/><D132/><U116/><E116/><V87/><F87/><W86/><REACH who="3" step="1"/><G117/><REACH who="3" ten="260,245,225,260" step="2"/><T64/><D94/><U38/><E99/><V76/><F76/><W19/><G19/><T92/><D92/><U21/><E38/><V123/><F123/><W49/><G49/><T14/><D48/><U82/><E96/><V115/><F115/><W36/><G36/><T35/><D79/><U113/><E113/><V71/><F71/><W32/><AGARI ba="0,1" hai="16,17,25,28,32,50,55,56,77,81,86,95,97,103" machi="32" ten="20,12000,2" yaku="1,1,0,1,7,1,52,1,54,1,53,1" doraHai="78" doraHaiUra="88" who="3" fromWho="3" sc="260,-30,245,-30,225,-60,260,130" /><INIT seed="3,0,0,0,4,100" ten="230,215,165,390" oya="3" hai0="75,103,76,121,20,57,59,6,28,104,33,62,40" hai1="94,5,27,86,12,8,89,22,50,55,41,85,3" hai2="132,99,70,119,114,19,101,54,107,66,24,115,16" hai3="10,109,65,111,82,7,46,63,15,68,117,60,124"/><W92/><G124/><T61/><D40/><U74/><E74/><V43/><F119/><W84/><G92/><T126/><D33/><U69/><E69/><V78/><F132/><W130/><G117/><T83/><D121/><U1/><E41/><V18/><F43/><W32/><G32/><T87/><D6/><U25/><E85/><V79/><F54/><W88/><G130/><T113/><D75/><U52/><E55/><V11/><F11/><W42/><REACH who="3" step="1"/><G63/><REACH who="3" ten="230,215,165,380" step="2"/><T58/><D126/><U2/><REACH who="1" step="1"/><E22/><REACH who="1" ten="230,205,165,380" step="2"/><V64/><F115/><W67/><G67/><N who="0" m="39343" /><D20/><U51/><E51/><AGARI ba="0,2" hai="7,10,15,42,46,51,60,65,68,82,84,88,109,111" machi="51" ten="40,3900,0" yaku="1,1,54,1,53,0" doraHai="100" doraHaiUra="53" who="3" fromWho="1" sc="230,0,205,-39,165,0,380,59" /><INIT seed="3,1,0,0,2,67" ten="230,166,165,439" oya="3" hai0="85,109,108,16,33,120,114,71,26,78,15,43,91" hai1="130,66,5,0,81,62,76,3,23,14,12,112,29" hai2="19,73,13,22,30,34,40,63,9,47,53,59,18" hai3="21,121,132,95,58,20,70,31,42,75,79,80,133"/><W88/><G42/><T106/><D120/><U24/><E112/><V82/><F34/><W124/><G121/><T102/><D78/><U2/><E130/><V107/><F107/><W119/><G119/><T44/><D114/><U101/><E101/><V28/><F82/><W52/><G70/><T1/><D1/><U32/><E32/><V127/><F73/><W116/><G116/><T57/><D57/><U35/><E35/><V87/><F87/><N who="3" m="52639" /><G31/><T103/><D71/><U51/><E51/><V122/><F122/><W93/><G93/><N who="0" m="54511" /><D106/><U99/><E99/><V56/><F56/><W74/><G74/><T123/><D26/><U98/><E98/><V55/><F55/><W7/><G7/><T135/><D123/><U39/><E39/><V90/><F90/><W94/><G94/><T110/><D33/><U68/><REACH who="1" step="1"/><E5/><REACH who="1" ten="230,156,165,439" step="2"/><V96/><F96/><W86/><G75/><AGARI ba="1,1" hai="0,2,3,12,14,23,24,29,62,66,68,75,76,81" machi="75" ten="40,5200,0" yaku="1,1,2,1,52,1,53,0" doraHai="67" doraHaiUra="115" who="1" fromWho="3" sc="230,0,156,65,165,0,439,-55" /><INIT seed="4,0,0,1,4,85" ten="230,221,165,384" oya="0" hai0="30,126,109,12,80,114,101,122,16,46,78,127,92" hai1="117,83,21,41,52,48,36,34,94,57,31,100,87" hai2="22,59,2,44,108,27,121,47,89,4,28,55,103" hai3="79,35,20,82,5,45,113,96,112,106,119,18,75"/><T105/><D122/><U61/><E117/><V38/><F121/><W14/><G35/><T6/><D105/><U81/><E34/><V118/><F118/><W69/><G69/><T51/><D114/><N who="3" m="44137" /><G45/><T58/><D109/><U95/><E36/><V3/><F108/><W133/><G119/><T125/><D30/><U131/><E131/><V56/><F103/><N who="3" m="62823" /><G5/><T120/><D120/><U116/><E81/><V40/><F47/><W60/><G60/><T74/><D58/><U71/><E116/><V67/><F67/><W91/><G91/><T64/><D64/><U134/><E100/><V110/><F110/><W53/><G53/><T130/><D6/><U135/><E71/><V43/><F43/><W39/><G39/><T88/><D101/><U42/><E42/><V25/><F4/><W11/><G133/><N who="1" m="50698" /><E41/><V129/><F129/><W15/><G15/><T63/><D130/><U77/><E61/><V17/><F89/><W1/><G1/><T76/><D63/><U54/><E54/><V49/><REACH who="2" step="1"/><F59/><REACH who="2" ten="230,221,155,384" step="2"/><W90/><G90/><T24/><D46/><U13/><E57/><V50/><F50/><W68/><G68/><T99/><D51/><U104/><E48/><V111/><F111/><W32/><G79/><N who="0" m="44151" /><D24/><N who="1" m="16783" /><E104/><V33/><AGARI ba="0,1" hai="2,3,17,22,25,27,28,33,38,40,44,49,55,56" machi="33" ten="20,2700,0" yaku="1,1,0,1,7,1,53,0" doraHai="85" doraHaiUra="128" who="2" fromWho="2" sc="230,-13,221,-7,155,37,384,-7" /><INIT seed="5,0,0,1,2,27" ten="217,214,192,377" oya="1" hai0="7,68,102,25,23,79,78,53,90,57,67,96,47" hai1="28,116,51,98,56,93,46,130,61,108,54,42,103" hai2="13,120,125,100,124,38,50,69,80,76,112,65,77" hai3="10,129,87,32,20,106,45,43,4,31,88,109,86"/><U72/><E116/><V36/><F100/><W5/><G32/><T19/><D7/><U82/><E130/><V8/><F120/><W105/><G87/><T131/><D131/><U74/><E108/><V81/><F50/><W29/><G5/><T55/><D68/><U21/><E82/><N who="2" m="31851" /><F65/><W134/><G105/><T71/><D71/><U66/><REACH who="1" step="1"/><E42/><REACH who="1" ten="217,204,192,377" step="2"/><V14/><F112/><W62/><G43/><T1/><D79/><N who="2" m="30282" /><F69/><W58/><G109/><T0/><D78/><U115/><E115/><V85/><F85/><W48/><G86/><T84/><D84/><U118/><E118/><V94/><F94/><W92/><G92/><T22/><D96/><U64/><E64/><V34/><F34/><W60/><G129/><T2/><D67/><U49/><E49/><V44/><F38/><W107/><G48/><T63/><D63/><U83/><E83/><V35/><F35/><W101/><G62/><T117/><D117/><U52/><E52/><V128/><F128/><W89/><G60/><T122/><D55/><U33/><E33/><V126/><F36/><W70/><G70/><T110/><D53/><U95/><E95/><V132/><F126/><W9/><G107/><T37/><D110/><U11/><E11/><V91/><F8/><W59/><G10/><T41/><D41/><U104/><E104/><V39/><F125/><W119/><G9/><T113/><D37/><U127/><E127/><V26/><F124/><W111/><G106/><T75/><D113/><U12/><E12/><V6/><F39/><W133/><G119/><T97/><D97/><U135/><E135/><RYUUKYOKU ba="0,1" sc="217,-10,204,30,192,-10,377,-10" hai1="21,28,46,51,54,56,61,66,72,74,93,98,103" /><INIT seed="5,1,1,3,4,94" ten="207,234,182,367" oya="1" hai0="54,61,128,105,4,46,63,119,62,98,117,5,129" hai1="122,121,2,10,75,96,43,104,64,49,99,72,66" hai2="9,53,78,97,48,85,131,73,40,8,133,29,27" hai3="45,44,1,20,41,118,32,47,71,130,33,132,86"/><U115/><E104/><V88/><F131/><N who="0" m="50250" /><D46/><U87/><E87/><V93/><F133/><W0/><G86/><T17/><D17/><U51/><E43/><V127/><F73/><W3/><G20/><T108/><D54/><U34/><E34/><V56/><F127/><W7/><G7/><N who="0" m="2635" /><D108/><U68/><E10/><V116/><F116/><N who="0" m="44618" /><D105/><U37/><E37/><V35/><REACH who="2" step="1"/><F40/><REACH who="2" ten="207,234,172,367" step="2"/><W109/><G130/><T74/><D74/><U102/><E72/><V52/><F52/><W11/><G118/><T65/><D98/><U70/><E75/><V30/><F30/><W6/><G41/><T110/><D110/><U113/><E2/><V59/><F59/><AGARI ba="1,2" hai="59,61,62,63,65" m="44618,2635,50250" machi="59" ten="30,1000,0" yaku="19,1" doraHai="94" who="0" fromWho="2" sc="207,33,234,0,172,-13,367,0" /><INIT seed="6,0,0,1,2,126" ten="240,234,159,367" oya="2" hai0="123,117,128,50,89,17,58,23,103,100,31,95,42" hai1="80,16,96,26,39,28,109,107,66,55,78,13,110" hai2="32,22,98,0,94,129,12,9,135,125,44,76,132" hai3="34,118,104,92,6,69,51,18,101,85,52,74,121"/><V3/><F32/><W111/><G69/><T68/><D68/><U14/><E39/><V19/><F125/><W75/><G34/><T67/><D31/><U114/><E114/><V130/><F76/><W49/><G6/><T60/><D128/><N who="2" m="49258" /><F44/><W113/><G51/><T90/><D123/><U54/><E66/><V11/><F11/><W73/><G49/><T97/><D100/><U27/><E78/><V116/><F116/><W40/><G101/><T38/><D38/><U112/><E112/><V88/><F9/><W63/><G113/><T35/><D35/><U24/><E80/><V102/><F102/><W72/><G118/><T86/><D117/><U41/><E41/><V5/><F5/><W29/><G40/><T87/><D42/><U91/><E110/><V77/><F77/><W25/><G111/><T21/><D50/><U57/><E109/><V43/><F43/><W7/><G7/><T15/><D23/><U99/><E91/><AGARI ba="0,0" hai="15,17,21,58,60,67,86,87,89,90,91,95,97,103" machi="91" ten="40,1300,0" yaku="8,1" doraHai="126" who="0" fromWho="1" sc="240,13,234,-13,159,0,367,0" /><INIT seed="7,0,0,0,0,50" ten="253,221,159,367" oya="3" hai0="42,23,73,65,12,45,1,59,93,75,129,119,99" hai1="46,6,106,53,130,81,126,54,133,37,77,27,116" hai2="118,64,30,95,117,97,72,52,101,127,9,68,79" hai3="104,69,57,76,56,33,58,3,78,70,98,8,80"/><W67/><G80/><T15/><D1/><U38/><E106/><V103/><F127/><W48/><G48/><T26/><D129/><U108/><E108/><V115/><F115/><W4/><G33/><T132/><D132/><U111/><E111/><V63/><F30/><W89/><G89/><T14/><D119/><U19/><E6/><V105/><F103/><W61/><G69/><T121/><D121/><U32/><E46/><V31/><F95/><W0/><G0/><T39/><D65/><U2/><E2/><V82/><F9/><W96/><G96/><T13/><D59/><U36/><E19/><V71/><F71/><W88/><G104/><T109/><D15/><U83/><E83/><V43/><F43/><W85/><G98/><T29/><D109/><U86/><E130/><V114/><F114/><W24/><G24/><T110/><D110/><U124/><E133/><V35/><F52/><W87/><G56/><T41/><D42/><U102/><E102/><V123/><F123/><W20/><G58/><T122/><D122/><U134/><E134/><V92/><F92/><W94/><G57/><T107/><D107/><U135/><E135/><V25/><AGARI ba="0,0" hai="25,31,35,63,64,68,72,79,82,97,101,105,117,118" machi="25" ten="30,8000,1" yaku="0,1,25,2,23,2" doraHai="50" who="2" fromWho="2" sc="253,-20,221,-20,159,80,367,-40" owari="233,-17.0,201,-30.0,239,4.0,327,43.0" /></mjloggm>