<mjloggm ver="2.3"><GO type="169" lobby="0"/><UN n0="%43%52%41%5A%59%42%45%45" n1="%E3%82%A6%E3%83%AB%E3%83%88%E3%83%A9%E7%AB%8B%E7%9B%B4" n2="%E3%81%8A%E3%81%8B%E3%82%82%E3%81%A8" n3="%E2%98%85%74%61%72%75%74%6F%E2%98%85" dan="17,16,18,16" rate="2143.47,2136.46,2266.40,2106.99" sx="M,M,M,M"/><TAIKYOKU oya="0"/><INIT seed="0,0,0,3,0,28" ten="250,250,250,250" oya="0" hai0="46,67,5,135,70,65,45,53,79,20,61,52,27" hai1="51,103,118,63,57,106,60,44,75,78,114,83,16" hai2="26,98,59,35,131,42,69,127,18,39,91,107,86" hai3="22,119,1,128,92,113,12,56,116,108,34,99,31"/><T25/><D79/><U134/><E118/><V110/><F69/><W72/><G72/><T132/><D5/><U125/><E114/><V58/><F110/><W24/><G108/><T109/><D109/><U96/><E125/><V14/><F127/><W0/><G113/><T95/><D95/><U90/><E134/><V68/><F68/><W3/><G56/><T76/><D76/><U115/><E115/><V13/><F131/><W102/><REACH who="3" step="1"/><G128/><REACH who="3" ten="250,250,250,240" step="2"/><T62/><D70/><U112/><E57/><V74/><F58/><W19/><AGARI ba="0,1" hai="0,1,3,12,19,22,24,31,34,92,99,102,116,119" machi="19" ten="40,8000,1" yaku="1,1,2,1,0,1,52,1,53,0" doraHai="28" doraHaiUra="133" who="3" fromWho="3" sc="250,-40,250,-20,250,-20,240,90" /><INIT seed="1,0,0,0,5,135" ten="210,230,230,330" oya="1" hai0="80,14,33,30,86,116,20,17,120,53,46,95,84" hai1="77,108,3,43,16,21,31,133,112,28,106,105,63" hai2="55,25,111,121,117,103,10,2,44,81,99,40,118" hai3="93,114,127,49,13,67,12,89,123,90,75,36,19"/><U64/><E3/><V98/><F121/><W38/><G75/><T122/><D116/><U23/><E112/><V88/><F111/><W9/><G114/><T47/><D95/><U61/><E133/><V119/><F55/><W71/><G123/><N who="0" m="47147" /><D53/><U78/><E43/><V131/><F131/><W11/><G67/><T62/><D62/><U74/><E108/><V35/><F2/><W73/><G73/><T125/><D86/><U70/><E63/><V101/><F10/><W50/><G93/><T130/><D130/><U79/><E74/><V104/><F35/><W45/><G45/><N who="0" m="16907" /><D30/><U0/><E0/><V128/><F128/><W129/><G129/><T96/><D96/><U82/><E82/><V113/><F113/><W68/><G19/><T76/><D33/><U1/><E1/><V18/><F18/><W92/><G92/><T134/><D134/><U48/><E48/><V83/><F25/><W110/><G110/><T56/><D56/><U32/><E32/><V126/><F44/><W37/><G37/><T107/><D107/><U59/><E59/><V57/><F57/><W54/><G54/><T94/><D94/><U60/><E60/><V51/><F40/><W5/><G5/><T29/><D29/><U85/><E85/><N who="2" m="50223" /><F51/><W6/><G6/><T41/><D41/><U22/><E16/><V132/><F132/><W100/><G100/><T8/><D8/><U24/><E24/><V115/><F115/><W91/><G91/><T109/><D109/><U69/><E69/><V52/><F118/><W87/><G87/><T34/><D34/><U58/><E70/><RYUUKYOKU ba="0,0" sc="210,10,230,10,230,-30,330,10" hai0="14,17,20,76,80,84,125" hai1="21,22,23,28,31,58,61,64,77,78,79,105,106" hai3="9,11,12,13,36,38,49,50,68,71,89,90,127" /><INIT seed="1,1,0,5,4,60" ten="220,240,200,340" oya="1" hai0="70,86,5,127,48,114,35,88,21,133,15,117,63" hai1="7,135,102,59,83,53,28,11,105,130,33,29,129" hai2="77,54,99,9,104,49,125,65,113,69,103,84,13" hai3="47,109,45,93,17,106,50,22,61,94,6,78,115"/><U91/><E102/><V98/><F125/><W85/><G106/><T36/><D36/><U80/><E105/><V100/><F113/><W30/><G115/><T46/><D114/><U56/><E56/><V89/><F77/><W124/><G109/><T119/><D35/><U72/><E135/><V32/><F32/><W16/><G6/><T71/><D127/><U31/><E33/><V58/><F99/><W1/><G1/><T123/><D133/><U76/><E83/><V8/><F103/><W34/><G34/><T19/><D5/><U90/><E90/><V20/><F20/><W126/><G30/><T132/><D123/><U131/><E91/><V96/><F96/><W44/><G126/><T134/><D134/><U75/><E75/><V128/><F128/><W27/><G124/><T55/><D132/><U4/><REACH who="1" step="1"/><E11/><REACH who="1" ten="220,230,200,340" step="2"/><V62/><REACH who="2" step="1"/><F13/><REACH who="2" ten="220,230,190,340" step="2"/><W3/><G3/><T24/><D15/><U14/><E14/><V40/><F40/><W57/><G78/><T95/><D117/><U107/><E107/><V42/><F42/><W52/><G27/><T87/><D119/><U26/><E26/><V38/><F38/><W39/><G39/><T43/><D43/><U118/><E118/><V68/><F68/><W37/><G37/><T74/><D71/><U0/><E0/><V51/><F51/><AGARI ba="1,2" hai="4,7,28,29,31,51,53,59,72,76,80,129,130,131" machi="51" ten="50,4800,0" yaku="1,1,19,1,53,0" doraHai="60" doraHaiUra="18" who="1" fromWho="2" sc="220,0,230,71,190,-51,340,0" /><INIT seed="1,2,0,4,5,134" ten="220,301,139,340" oya="1" hai0="99,132,62,115,63,112,110,81,66,24,83,51,6" hai1="91,10,122,33,118,14,8,26,101,97,94,87,43" hai2="117,61,125,82,58,92,102,20,28,25,16,79,29" hai3="21,103,3,0,38,106,135,121,116,108,127,22,42"/><U46/><E122/><V32/><F117/><W31/><G103/><T65/><D132/><U119/><E26/><V100/><F125/><W49/><G42/><T2/><D51/><U40/><E33/><V124/><F124/><W30/><G49/><T107/><D24/><U50/><E10/><V1/><F1/><W76/><G76/><T41/><D41/><U53/><E118/><V39/><F39/><W54/><G54/><T73/><D99/><U129/><E129/><V130/><F130/><W15/><G106/><T27/><D27/><U89/><E91/><V123/><F123/><W5/><G38/><T74/><D6/><U78/><E78/><V98/><F102/><W86/><G86/><T23/><D23/><U34/><E34/><V75/><REACH who="2" step="1"/><F32/><REACH who="2" ten="220,301,129,340" step="2"/><W12/><G116/><T120/><D120/><U88/><E119/><V95/><F95/><W111/><G121/><T9/><D2/><U104/><E89/><V60/><F60/><W48/><G48/><T17/><D63/><U36/><E36/><V90/><F90/><W71/><G135/><T69/><D62/><U80/><E104/><V105/><F105/><W128/><G128/><T56/><D107/><U57/><E46/><V35/><F35/><W4/><G71/><T109/><D69/><U52/><E53/><AGARI ba="2,1" hai="16,20,25,28,29,53,58,61,75,79,82,92,98,100" machi="53" ten="30,7700,0" yaku="1,1,7,1,54,1,53,1" doraHai="134" doraHaiUra="96" who="2" fromWho="1" sc="220,0,301,-83,129,93,340,0" /><INIT seed="2,0,0,5,4,38" ten="220,218,222,340" oya="2" hai0="21,7,113,52,96,65,78,98,19,71,93,9,97" hai1="45,1,125,23,117,2,119,103,58,127,128,77,67" hai2="124,49,44,17,76,104,107,102,57,72,85,20,132" hai3="108,29,80,59,14,129,6,10,83,135,68,22,95"/><V13/><F124/><N who="1" m="47689" /><E103/><V79/><F132/><W0/><G68/><T73/><D113/><U34/><E34/><V39/><F72/><W112/><G108/><T115/><D115/><U116/><E77/><V91/><F39/><W32/><G129/><T61/><D78/><U62/><E128/><V63/><F104/><W75/><G135/><T90/><D73/><U131/><E131/><V120/><F102/><W121/><G121/><T3/><REACH who="0" step="1"/><D52/><REACH who="0" ten="210,218,222,340" step="2"/><U35/><E45/><V134/><F134/><W86/><G75/><T56/><D56/><U133/><E133/><V51/><F120/><W89/><G112/><T53/><D53/><U106/><E58/><V36/><F76/><W16/><G59/><T82/><D82/><U122/><E122/><V60/><F79/><W48/><G83/><T24/><AGARI ba="0,1" hai="3,7,9,19,21,24,61,65,71,90,93,96,97,98" machi="24" ten="20,2700,0" yaku="1,1,0,1,7,1,53,0" doraHai="38" doraHaiUra="130" who="0" fromWho="0" sc="210,37,218,-7,222,-13,340,-7" /><INIT seed="3,0,0,3,1,109" ten="247,211,209,333" oya="3" hai0="124,59,9,130,85,79,4,80,121,22,113,107,89" hai1="93,67,2,49,45,132,134,83,81,38,125,77,10" hai2="95,15,76,8,103,111,27,135,112,5,69,71,110" hai3="26,61,66,62,131,54,17,63,3,42,96,123,120"/><W117/><G3/><T28/><D121/><U31/><E67/><V102/><F135/><W0/><G0/><T48/><D107/><U53/><E125/><V43/><F43/><W46/><G117/><T25/><D124/><U1/><E38/><V75/><F27/><W104/><G131/><T6/><D130/><U30/><E93/><V128/><F128/><W114/><G104/><T60/><D48/><U13/><E2/><V99/><F103/><W64/><G96/><T52/><D113/><U37/><E37/><V34/><F34/><W29/><G17/><T133/><D133/><N who="1" m="51307" /><E1/><V119/><F119/><W39/><G26/><T92/><REACH who="0" step="1"/><D9/><REACH who="0" ten="237,211,209,333" step="2"/><U51/><E51/><V127/><F127/><W116/><G116/><T23/><D23/><U82/><E77/><V122/><F122/><W88/><G123/><T65/><D65/><U57/><E45/><V73/><F76/><W40/><G120/><T84/><AGARI ba="0,1" hai="4,6,22,25,28,52,59,60,79,80,84,85,89,92" machi="84" ten="20,12000,2" yaku="1,1,0,1,7,1,8,1,54,1,53,1" doraHai="109" doraHaiUra="74" who="0" fromWho="0" sc="237,130,211,-30,209,-30,333,-60" /><INIT seed="4,0,0,4,5,76" ten="367,181,179,273" oya="0" hai0="77,67,98,34,30,40,115,1,32,57,128,80,0" hai1="56,119,11,92,130,121,79,126,21,66,62,95,33" hai2="41,135,132,63,78,37,43,96,123,47,23,90,74" hai3="97,83,65,112,9,19,39,13,109,52,122,73,60"/><T133/><D40/><U108/><E33/><V35/><F123/><W2/><G109/><T81/><D115/><U69/><E69/><V5/><F35/><W131/><G131/><T48/><D34/><U89/><E121/><V116/><F116/><W72/><G39/><T107/><D128/><U28/><E130/><V114/><F114/><W99/><G112/><T38/><D38/><U82/><E126/><V59/><F43/><W125/><G125/><T103/><D133/><N who="2" m="51274" /><F5/><W42/><G42/><T86/><D30/><U61/><E61/><V26/><F78/><W117/><G117/><T10/><D32/><U111/><E11/><V24/><F74/><W104/><G2/><T36/><D36/><U102/><E21/><V31/><F26/><W93/><G104/><T45/><D10/><U20/><E20/><V75/><F75/><W50/><G73/><T44/><D1/><U51/><E119/><V27/><F27/><W84/><G72/><T106/><D107/><U49/><E108/><V15/><F15/><W127/><G127/><T71/><D0/><U6/><E6/><V4/><F4/><W58/><G93/><T8/><D106/><U118/><E118/><V17/><F31/><W12/><G12/><T88/><D8/><U85/><E28/><V113/><F113/><W100/><G100/><T25/><D103/><U94/><E111/><V134/><N who="2" m="51282" /><V101/><DORA hai="7" /><F101/><W87/><G122/><T46/><D25/><U64/><E102/><V22/><F24/><W68/><G87/><T110/><D110/><U55/><E79/><AGARI ba="0,0" hai="9,13,19,50,52,58,60,65,68,79,83,84,97,99" machi="79" ten="30,7700,0" yaku="7,1,52,2,54,1" doraHai="76,7" who="3" fromWho="1" sc="367,0,181,-77,179,0,273,77" /><INIT seed="5,0,0,3,5,88" ten="367,104,179,350" oya="1" hai0="103,93,64,115,133,109,84,27,90,83,111,69,29" hai1="51,72,43,124,30,23,12,50,116,92,120,61,19" hai2="45,7,85,59,33,49,108,6,128,57,22,135,127" hai3="130,39,66,14,70,16,8,4,36,53,79,56,54"/><U110/><E72/><V80/><F33/><W126/><G130/><T86/><D115/><U91/><E120/><V41/><F108/><W0/><G126/><T68/><D133/><U63/><E116/><V26/><F128/><W102/><G79/><T73/><D73/><U71/><E124/><V131/><F135/><W87/><G87/><T42/><D42/><U3/><E3/><V74/><F74/><W48/><G102/><T132/><D132/><U21/><E110/><V20/><F131/><W28/><G28/><T34/><D69/><U47/><E71/><V82/><F127/><W122/><G122/><T81/><D103/><U10/><E51/><V118/><F20/><N who="1" m="7753" /><E30/><V35/><F35/><W58/><G66/><T46/><D64/><U98/><AGARI ba="0,0" hai="10,12,19,43,47,50,61,63,91,92,98" m="7753" machi="98" ten="30,3000,0" yaku="8,1,52,1" doraHai="88" who="1" fromWho="1" sc="367,-10,104,30,179,-10,350,-10" /><INIT seed="5,1,0,0,0,83" ten="357,134,169,340" oya="1" hai0="7,43,72,15,67,32,102,135,19,120,20,17,124" hai1="0,119,118,86,5,52,109,113,26,69,77,128,29" hai2="110,79,84,54,42,35,37,21,16,114,68,55,75" hai3="63,59,4,104,93,10,45,18,90,60,24,111,85"/><U39/><E39/><V65/><F110/><W82/><G104/><T74/><D32/><U11/><E69/><V100/><F35/><W33/><G111/><T53/><D7/><U40/><E40/><V6/><F75/><W106/><G106/><T50/><D43/><U57/><E109/><V70/><F6/><W131/><G131/><T30/><D30/><U48/><E113/><V105/><F114/><W9/><G45/><T103/><D67/><U108/><E108/><V76/><F105/><W88/><G33/><T64/><D64/><U107/><E107/><V8/><F100/><W132/><G132/><T91/><D135/><U127/><E127/><V117/><F8/><N who="3" m="3179" /><G4/><T13/><D124/><U46/><E46/><V25/><F117/><W99/><G59/><T56/><D120/><U36/><E36/><V78/><F42/><W115/><G115/><T80/><D74/><U98/><E98/><V81/><F37/><W62/><G62/><T125/><D72/><U23/><REACH who="1" step="1"/><E128/><REACH who="1" ten="357,124,169,340" step="2"/><V22/><F70/><W61/><G99/><T27/><D125/><U112/><E112/><V31/><F68/><W133/><G133/><T41/><D41/><U116/><E116/><V95/><F65/><W28/><G28/><T12/><D19/><U129/><E129/><V38/><F38/><W44/><G44/><T49/><D17/><U121/><E121/><V94/><F55/><W134/><G134/><T101/><D53/><U66/><E66/><V2/><F54/><W34/><G18/><N who="0" m="12695" /><D56/><U97/><E97/><V92/><F2/><W87/><G34/><T122/><D122/><RYUUKYOKU ba="1,1" sc="357,0,124,0,169,0,340,0" hai0="12,13,15,49,50,80,91,101,102,103" hai1="0,5,11,23,26,29,48,52,57,77,86,118,119" hai2="16,21,22,25,31,76,78,79,81,84,92,94,95" hai3="24,60,61,63,82,85,87,88,90,93" /><INIT seed="5,2,1,5,2,82" ten="357,124,169,340" oya="1" hai0="85,122,77,97,95,0,89,126,100,62,96,2,86" hai1="56,1,24,129,76,45,99,117,20,33,123,106,57" hai2="111,105,88,83,127,8,43,65,112,135,61,94,11" hai3="78,30,66,102,87,22,51,34,120,12,133,44,48"/><U132/><E123/><V71/><F111/><W114/><G120/><T118/><D118/><U25/><E117/><V53/><F105/><W29/><G34/><T13/><D122/><U47/><E1/><V32/><F32/><W19/><G133/><T46/><D126/><U28/><E132/><V5/><F135/><W134/><G114/><T80/><D97/><U10/><E129/><V41/><F127/><W4/><G134/><T68/><D46/><U35/><E10/><V104/><F104/><W54/><G102/><T107/><REACH who="0" step="1"/><D13/><REACH who="0" ten="347,124,169,340" step="2"/><U91/><E47/><V79/><F112/><W93/><G44/><T64/><AGARI ba="2,2" hai="0,2,62,64,68,77,80,85,86,89,95,96,100,107" machi="64" ten="30,8000,1" yaku="1,1,2,1,0,1,52,2,53,0" doraHai="82" doraHaiUra="115" who="0" fromWho="0" sc="347,106,124,-42,169,-22,340,-22" /><INIT seed="6,0,0,0,1,24" ten="453,82,147,318" oya="2" hai0="71,6,43,95,131,134,37,102,57,52,88,55,116" hai1="109,90,14,60,5,35,32,47,81,72,26,45,61" hai2="1,56,117,44,135,3,119,133,8,78,130,101,112" hai3="30,110,85,127,124,115,91,34,39,126,65,83,49"/><V74/><F101/><W82/><G39/><T33/><D71/><U29/><E109/><V19/><F44/><W20/><G110/><T62/><D33/><U64/><E60/><V111/><F111/><W73/><G115/><T87/><D134/><N who="2" m="51210" /><F112/><W41/><G65/><T120/><D120/><U98/><E35/><V10/><F78/><N who="3" m="44367" /><G34/><T15/><D131/><U76/><E5/><N who="2" m="1071" /><F74/><W105/><G105/><T63/><D116/><U70/><E14/><N who="2" m="7639" /><F56/><W38/><G38/><T121/><D121/><U23/><E23/><V13/><F3/><W2/><G2/><T99/><D37/><U22/><E22/><V54/><F54/><N who="0" m="20522" /><D57/><U107/><REACH who="1" step="1"/><E90/><REACH who="1" ten="453,72,147,318" step="2"/><V75/><F130/><W67/><G91/><T9/><D63/><U128/><E128/><V93/><F13/><W12/><G12/><T27/><D62/><U114/><E114/><V28/><F119/><W11/><G126/><T103/><D15/><U86/><E86/><V132/><F117/><W69/><G127/><T97/><D87/><U80/><E80/><V123/><F132/><W77/><G124/><T7/><D88/><U89/><E89/><V58/><F123/><W108/><G85/><T48/><D7/><U106/><E106/><V122/><F122/><W16/><G83/><T50/><D6/><U92/><E92/><V84/><F75/><W40/><G108/><T129/><D129/><U4/><E4/><V18/><F84/><W25/><G20/><T51/><D9/><U36/><E36/><V68/><F93/><W21/><G11/><T96/><D95/><U42/><E42/><V125/><F125/><RYUUKYOKU ba="0,1" sc="453,-10,72,30,147,-10,318,-10" hai1="26,29,32,45,47,61,64,70,72,76,81,98,107" /><INIT seed="7,1,1,3,3,27" ten="443,102,137,308" oya="3" hai0="63,90,6,94,51,124,117,49,14,9,112,45,5" hai1="134,60,59,28,76,70,15,123,44,37,19,135,115" hai2="61,77,68,66,81,10,80,30,88,126,69,86,93" hai3="32,47,4,84,25,23,67,35,105,73,103,64,48"/><W71/><G73/><T54/><D117/><U83/><E70/><V122/><F126/><W79/><G4/><N who="0" m="3367" /><D124/><U11/><E123/><V55/><F122/><W108/><G108/><T102/><D102/><U118/><E118/><V58/><F10/><W131/><G131/><T33/><D33/><U98/><E98/><V114/><F114/><W0/><G0/><T57/><D112/><U89/><E89/><V41/><F30/><W56/><G71/><T101/><D101/><U34/><E115/><V82/><F41/><W107/><G35/><T40/><D63/><U125/><E125/><V42/><F42/><N who="3" m="24695" /><G32/><T85/><AGARI ba="1,1" hai="5,6,40,45,49,51,54,57,85,90,94" m="3367" machi="85" ten="30,1100,0" yaku="8,1" doraHai="27" who="0" fromWho="0" sc="443,24,102,-4,137,-4,308,-6" owari="467,57.0,98,-40.0,133,-27.0,302,10.0" /></mjloggm>