<mjloggm ver="2.3"><GO type="97" lobby="0"/><UN n0="%E5%B0%B1%E6%B4%BB%E7%94%9F%40%E5%B7%9D%E6%9D%91%E8%BB%8D%E5%9B%A3" n1="%4D%2E%48%61%6E%61%69" n2="%53%49%4C%41%53" n3="%E3%83%93%E3%83%B3%E3%83%93%E3%83%B3" dan="13,14,16,14" rate="1909.21,1869.61,2140.45,1956.69" sx="M,M,F,M"/><TAIKYOKU oya="0"/><INIT seed="0,0,0,0,1,69" ten="250,250,250,250" oya="0" hai0="73,31,99,83,92,20,65,58,84,39,46,116,59" hai1="112,4,123,76,93,119,114,12,126,72,57,2,132" hai2="107,8,62,117,25,100,10,133,60,68,11,81,15" hai3="110,36,103,63,82,30,52,21,120,6,56,125,29"/><T90/><D116/><U70/><E119/><V48/><F117/><W41/><G120/><T98/><D73/><U18/><E123/><V40/><F133/><W42/><G110/><T97/><D39/><U124/><E132/><V17/><F100/><W96/><G125/><N who="1" m="48234" /><E70/><V129/><F107/><W108/><G108/><T79/><D46/><U80/><E93/><V9/><F129/><W66/><G6/><T118/><D118/><U127/><N who="1" m="48242" /><U44/><DORA hai="0" /><E57/><N who="0" m="21513" /><D65/><U111/><E111/><V47/><F68/><W19/><G82/><T27/><AGARI ba="0,0" hai="20,27,31,79,83,84,90,92,97,98,99" m="21513" machi="27" ten="30,1500,0" yaku="8,1" doraHai="69,0" who="0" fromWho="0" sc="250,15,250,-5,250,-5,250,-5" /><INIT seed="0,1,0,3,5,37" ten="265,245,245,245" oya="0" hai0="64,74,124,53,104,47,66,99,98,58,4,91,60" hai1="84,36,135,28,134,126,75,25,129,57,83,94,19" hai2="125,45,122,93,131,86,97,18,44,26,96,107,110" hai3="59,102,65,42,41,85,95,80,56,78,117,38,6"/><T1/><D74/><U20/><E36/><V12/><F122/><W71/><G117/><T118/><D118/><U109/><E75/><V130/><F125/><W46/><G71/><T14/><D124/><U112/><E57/><V70/><F70/><W10/><G65/><T52/><D1/><U87/><E94/><V121/><F121/><W39/><G102/><T67/><D104/><U108/><E126/><V62/><F62/><W101/><G101/><T73/><D73/><U40/><E129/><N who="2" m="49163" /><F26/><W35/><G35/><T43/><D91/><U123/><E123/><V69/><F69/><W51/><G95/><T22/><D53/><U5/><E112/><V3/><F3/><W113/><G113/><T24/><D14/><U0/><E83/><V106/><F110/><N who="1" m="42601" /><E40/><V27/><F27/><W114/><G114/><T89/><D89/><U50/><E50/><V79/><F106/><W31/><G31/><T33/><D33/><U76/><E76/><V54/><F107/><W16/><G39/><T30/><REACH who="0" step="1"/><D4/><REACH who="0" ten="255,245,245,245" step="2"/><U21/><E84/><V32/><F32/><W55/><G6/><T77/><D77/><U8/><E87/><V111/><F54/><W72/><G72/><T9/><D9/><U48/><E48/><AGARI ba="1,1" hai="22,24,30,43,47,48,52,58,60,64,66,67,98,99" machi="48" ten="40,12000,1" yaku="1,1,8,1,52,1,54,1,53,0" doraHai="37" doraHaiUra="88" who="0" fromWho="1" sc="255,133,245,-123,245,0,245,0" /><INIT seed="0,2,0,1,5,68" ten="388,122,245,245" oya="0" hai0="128,81,35,71,37,27,103,33,80,77,38,104,16" hai1="46,117,52,10,110,131,91,34,18,14,82,130,61" hai2="92,2,85,44,56,125,15,58,8,64,102,1,99" hai3="72,88,23,96,43,57,106,78,41,123,79,76,87"/><T108/><D71/><U67/><E117/><V109/><F109/><W7/><G123/><T60/><D81/><U121/><E121/><V12/><F125/><W32/><G32/><T74/><D128/><N who="1" m="49195" /><E34/><V47/><F1/><W114/><G114/><T9/><D108/><U112/><E110/><V54/><F2/><W6/><G106/><T105/><D33/><U124/><E124/><V42/><F85/><W107/><G107/><T84/><D74/><U40/><E112/><V93/><F93/><N who="3" m="56359" /><G72/><T0/><D0/><U86/><E40/><N who="3" m="15434" /><G87/><T50/><D35/><U134/><E134/><V25/><F25/><W83/><G83/><T65/><D50/><N who="1" m="28759" /><E61/><N who="2" m="37943" /><F42/><W95/><G95/><T111/><D111/><U30/><E67/><V90/><F15/><W132/><G132/><T126/><D126/><U3/><E3/><V119/><F119/><W122/><G122/><T66/><D66/><U73/><E73/><V127/><F127/><W45/><G45/><T49/><D49/><U20/><E20/><V21/><F21/><W135/><G135/><T4/><D104/><U118/><E118/><V62/><F102/><W48/><G23/><T19/><D103/><U97/><E97/><V55/><F55/><AGARI ba="2,0" hai="6,7,48,55,57,76,78,79" m="15434,56359" machi="55" ten="30,2000,0" yaku="8,1,54,1" doraHai="68" who="3" fromWho="2" sc="388,0,122,0,245,-26,245,26" /><INIT seed="1,0,0,5,0,19" ten="388,122,219,271" oya="1" hai0="108,77,127,14,18,112,24,27,54,115,66,100,13" hai1="29,124,67,131,72,12,47,69,133,37,135,114,90" hai2="38,52,55,99,79,121,94,61,105,110,36,82,30" hai3="73,43,57,0,60,51,4,122,104,6,26,2,91"/><U107/><E114/><V86/><F121/><W64/><G122/><T33/><D108/><U132/><E124/><V120/><F110/><W49/><G104/><T42/><D127/><U75/><E131/><V96/><F120/><W117/><G117/><T20/><D42/><N who="1" m="22991" /><E90/><V65/><F105/><W44/><G73/><N who="1" m="28234" /><E12/><V1/><F1/><W56/><G2/><T129/><D54/><U134/><N who="1" m="34304" /><DORA hai="102" /><U111/><E107/><V7/><F7/><W35/><G0/><T81/><D14/><U11/><E11/><V10/><F10/><W93/><G51/><T46/><D13/><U126/><E126/><V123/><F123/><W15/><G15/><T25/><D25/><U70/><E111/><V23/><F38/><W21/><G57/><T28/><D100/><U8/><E8/><V109/><F36/><W113/><G113/><T87/><D46/><U9/><E9/><V116/><F116/><W45/><G45/><T32/><D129/><U31/><E67/><V125/><F109/><W103/><G103/><T39/><D39/><U63/><E63/><V84/><F125/><W3/><G3/><T34/><D66/><U48/><E48/><V85/><F96/><N who="3" m="57407" /><G4/><T89/><D89/><U80/><E80/><V50/><F79/><W88/><G88/><T74/><D74/><U62/><E62/><V17/><F82/><W130/><G130/><T68/><D68/><AGARI ba="0,0" hai="29,31,68,69,70" m="34304,28234,22991" machi="68" ten="60,2900,0" yaku="20,1" doraHai="19,102" who="1" fromWho="0" sc="388,-29,122,29,219,0,271,0" /><INIT seed="1,1,0,5,0,79" ten="359,151,219,271" oya="1" hai0="91,7,84,0,89,120,58,101,96,53,80,35,45" hai1="55,128,31,85,107,100,8,28,127,26,48,33,125" hai2="39,114,93,98,51,67,17,131,61,76,54,30,92" hai3="22,111,103,60,110,88,38,104,25,23,32,40,72"/><U119/><E119/><V118/><F118/><W37/><G72/><T50/><D35/><U57/><E128/><V27/><F39/><W52/><G104/><T94/><D120/><U11/><E28/><V1/><F1/><W115/><G115/><T47/><D0/><U126/><E85/><V4/><F131/><W62/><G103/><T20/><D7/><U70/><REACH who="1" step="1"/><E70/><REACH who="1" ten="359,141,219,271" step="2"/><V130/><F130/><W74/><G74/><T10/><D10/><U135/><E135/><V5/><F114/><W83/><G32/><T95/><D20/><U121/><E121/><V34/><F5/><W102/><G23/><T59/><D59/><U6/><E6/><V12/><F4/><W99/><G111/><T129/><D129/><U15/><E15/><V97/><F97/><AGARI ba="1,1" hai="45,47,50,53,58,80,84,89,91,94,95,96,97,101" machi="97" ten="30,3900,0" yaku="7,1,8,1,52,1" doraHai="79" who="0" fromWho="2" sc="359,52,141,0,219,-42,271,0" /><AGARI ba="1,0" hai="8,11,26,31,33,48,55,57,97,100,107,125,126,127" machi="97" ten="40,3900,0" yaku="1,1,18,1,53,0" doraHai="79" doraHaiUra="90" who="1" fromWho="2" sc="411,0,141,39,177,-39,271,0" /><INIT seed="1,2,0,2,2,59" ten="411,180,138,271" oya="1" hai0="1,124,7,64,62,18,121,91,51,20,70,28,68" hai1="54,13,98,44,83,45,63,118,49,57,29,74,115" hai2="32,79,30,43,93,133,3,52,47,81,27,114,77" hai3="134,21,97,128,23,100,16,88,130,11,22,96,85"/><U5/><E115/><V94/><F114/><W33/><G33/><T105/><D105/><U60/><E118/><V14/><F3/><W15/><G134/><T125/><D28/><U50/><E29/><V113/><F133/><W135/><G135/><T46/><D121/><U106/><E74/><V89/><F113/><W39/><G39/><T9/><D91/><U80/><E106/><V92/><F14/><W99/><G100/><T111/><D111/><U35/><E35/><V17/><F17/><W69/><G69/><T82/><D82/><N who="1" m="31275" /><E98/><V90/><F77/><W127/><G127/><N who="0" m="48715" /><D68/><U42/><E57/><V24/><F24/><W37/><G37/><T41/><D18/><U53/><E42/><V117/><F117/><W110/><G110/><T122/><D122/><U38/><E38/><V4/><F43/><W66/><G66/><T36/><D20/><U120/><E120/><V26/><F26/><W72/><G72/><T123/><D123/><U40/><E40/><V56/><F4/><W65/><G65/><T103/><D103/><U84/><E84/><V8/><F47/><W101/><G101/><T73/><D73/><U2/><E2/><V109/><F109/><W119/><G119/><T116/><D36/><U6/><E6/><V76/><F8/><AGARI ba="2,0" hai="5,8,13,44,45,49,50,53,54,60,63" m="31275" machi="8" ten="30,5800,0" yaku="8,1,52,2" doraHai="59" who="1" fromWho="2" sc="411,0,180,64,138,-64,271,0" /><INIT seed="1,3,0,5,1,24" ten="411,244,74,271" oya="1" hai0="17,110,103,16,35,134,135,32,0,51,30,101,98" hai1="71,104,23,34,84,48,120,68,13,106,69,65,86" hai2="91,96,115,61,112,43,58,25,39,40,130,9,4" hai3="124,88,31,127,76,108,94,81,55,66,87,14,118"/><U131/><E120/><V5/><F130/><W36/><G118/><T62/><D0/><U83/><E131/><V114/><F39/><W129/><G129/><T64/><D110/><U27/><E48/><V60/><F96/><W56/><G36/><T1/><D1/><U46/><E46/><V28/><F91/><W8/><G31/><T92/><D103/><U45/><E45/><V42/><F9/><W99/><G66/><T97/><D97/><U116/><E116/><V95/><F95/><W93/><G108/><T126/><D126/><N who="3" m="48169" /><G99/><T37/><D37/><U90/><E65/><V47/><F47/><W111/><G76/><T52/><D62/><U38/><E38/><V109/><F109/><W125/><N who="3" m="48177" /><W73/><DORA hai="50" /><G73/><T89/><D64/><U59/><E59/><V128/><F128/><W82/><G82/><T3/><D3/><U85/><E34/><N who="2" m="20751" /><F61/><N who="3" m="35999" /><G111/><T19/><D30/><U10/><E84/><V15/><F15/><W132/><G132/><N who="0" m="50731" /><D101/><U80/><E104/><V18/><F18/><AGARI ba="3,0" hai="8,14,18,81,87,88,93,94" m="35999,48177" machi="18" ten="40,5200,0" yaku="18,1,52,1,54,1" doraHai="24,50" who="3" fromWho="2" sc="411,0,244,0,74,-61,271,61" /><INIT seed="2,0,0,1,4,66" ten="411,244,13,332" oya="2" hai0="99,52,64,47,109,63,11,16,79,26,30,40,124" hai1="119,80,110,97,72,29,32,120,75,92,46,130,4" hai2="23,86,3,103,82,27,28,20,69,42,88,31,76" hai3="57,121,105,123,44,133,128,112,49,45,1,100,15"/><V104/><F3/><W111/><G1/><T83/><D124/><U8/><E119/><V18/><F42/><W114/><G133/><T70/><D109/><U91/><E110/><V24/><F69/><W17/><G111/><T129/><D129/><U71/><E130/><V62/><F62/><W36/><G36/><T93/><D11/><U107/><E120/><V10/><F104/><W90/><G128/><T53/><D93/><U81/><E46/><V125/><F125/><W39/><G39/><T19/><D99/><U41/><E41/><V48/><F48/><W131/><G131/><T84/><D40/><U95/><E32/><V85/><F103/><W102/><G90/><T5/><D5/><U12/><E29/><V117/><F117/><W59/><G105/><T127/><D127/><U14/><E14/><V89/><REACH who="2" step="1"/><F85/><REACH who="2" ten="411,244,3,332" step="2"/><W67/><G123/><T74/><D84/><U54/><E107/><V65/><F65/><W116/><G116/><T6/><D63/><U50/><E71/><V96/><F96/><W58/><G67/><T118/><D118/><U9/><E50/><V106/><F106/><W7/><G121/><T0/><D64/><U37/><E54/><V55/><F55/><W122/><G122/><T78/><D53/><U38/><E97/><V113/><F113/><N who="3" m="43627" /><G49/><T87/><D87/><U43/><E43/><V98/><F98/><W13/><G102/><T2/><D70/><U94/><E38/><V126/><F126/><W132/><G100/><T25/><D52/><U60/><E37/><V101/><F101/><W68/><G68/><T61/><D61/><RYUUKYOKU ba="0,1" sc="411,-10,244,-10,3,30,332,-10" hai2="10,18,20,23,24,27,28,31,76,82,86,88,89" /><INIT seed="2,1,1,2,4,95" ten="401,234,33,322" oya="2" hai0="108,59,35,109,19,123,126,51,112,7,110,90,81" hai1="119,101,43,133,6,127,106,53,68,24,11,55,107" hai2="129,60,92,79,58,70,65,82,111,54,83,5,77" hai3="71,115,135,94,104,102,47,96,57,121,48,3,22"/><V105/><F105/><W84/><G121/><T42/><D35/><U36/><E119/><V97/><F129/><W49/><G3/><T41/><D123/><U113/><E113/><V21/><F5/><W88/><G71/><T0/><D112/><U64/><E133/><V37/><F37/><W15/><G115/><T50/><D126/><U117/><E117/><V38/><F38/><W46/><G135/><T80/><D80/><U20/><E127/><V124/><F124/><W125/><G125/><T89/><D19/><U39/><E39/><V31/><F111/><W66/><G66/><T27/><D27/><U16/><E107/><V116/><F116/><W12/><G22/><T34/><D34/><U85/><E85/><V72/><F70/><W30/><G30/><T87/><D89/><U13/><E68/><V131/><F131/><W98/><G57/><T61/><D7/><U114/><E114/><V93/><F54/><W2/><G2/><T32/><D32/><U99/><REACH who="1" step="1"/><E64/><REACH who="1" ten="401,224,33,322" step="2"/><V120/><F120/><W73/><G73/><T9/><D108/><U74/><E74/><V45/><F45/><AGARI ba="1,2" hai="6,11,13,16,20,24,36,43,45,53,55,99,101,106" machi="45" ten="40,5200,0" yaku="1,1,52,1,54,1,53,0" doraHai="95" doraHaiUra="63" who="1" fromWho="2" sc="401,0,224,75,33,-55,322,0" owari="401,50.0,299,-10.0,-22,-52.0,322,12.0" /></mjloggm>