<mjloggm ver="2.3"><GO type="97" lobby="0"/><UN n0="%E8%85%B0%E7%97%9B%E3%82%82%E3%81%A3%E3%81%A1%E3%83%BC" n1="%E3%82%A6%E3%83%AB%E3%83%88%E3%83%A9%E7%AB%8B%E7%9B%B4" n2="%E3%81%B6%E3%81%9F%EF%BC%A0%E3%81%A1%E3%82%85%E3%81%86" n3="%E7%87%95%E5%85%90" dan="15,13,15,15" rate="1992.88,1888.74,1984.01,1994.09" sx="M,M,M,F"/><TAIKYOKU oya="0"/><INIT seed="0,0,0,3,4,57" ten="250,250,250,250" oya="0" hai0="60,42,73,38,62,113,63,47,126,49,65,33,18" hai1="37,108,56,45,101,90,32,20,29,66,67,64,51" hai2="77,39,69,107,84,88,114,30,123,23,46,121,104" hai3="76,87,71,7,112,93,70,10,129,106,26,19,100"/><T120/><D113/><U2/><E2/><V130/><F69/><W53/><G112/><T22/><D33/><U74/><E32/><V97/><F114/><W14/><G129/><T68/><D120/><N who="2" m="46154" /><F46/><W94/><G106/><N who="2" m="40489" /><F39/><W50/><G94/><T52/><D73/><U85/><E74/><V34/><F23/><W27/><G71/><T105/><D105/><U48/><E101/><V133/><F30/><W78/><G70/><T80/><D80/><N who="1" m="49447" /><E108/><V72/><F34/><W28/><G27/><T15/><D126/><U61/><E37/><V125/><F130/><W24/><G24/><T6/><D6/><U1/><E1/><V17/><F17/><W5/><G5/><T110/><D110/><U118/><E118/><V122/><F122/><W98/><G87/><T117/><D117/><U116/><E116/><V75/><F125/><W92/><G92/><T16/><D18/><U124/><E124/><V119/><F119/><W89/><G100/><T55/><D55/><N who="1" m="30095" /><E51/><V21/><F75/><W134/><G19/><T115/><D115/><U35/><E35/><V0/><F0/><W96/><G7/><T36/><D36/><U12/><E29/><V81/><F72/><W43/><G28/><T40/><D40/><U103/><E103/><V102/><F102/><W132/><G43/><T13/><D13/><U111/><E111/><V58/><F77/><W9/><G78/><T54/><D54/><N who="1" m="33943" /><E12/><V44/><F44/><AGARI ba="0,0" hai="15,16,22,38,42,44,47,49,52,60,62,63,65,68" machi="44" ten="30,18000,2" yaku="7,1,52,3,54,2" doraHai="57" who="0" fromWho="2" sc="250,180,250,0,250,-180,250,0" /><INIT seed="0,1,0,1,5,76" ten="430,250,70,250" oya="0" hai0="89,133,24,83,18,56,115,110,0,1,85,114,48" hai1="68,19,80,45,34,123,129,88,25,35,5,135,14" hai2="104,60,96,21,38,109,43,50,120,52,121,112,63" hai3="65,15,100,90,55,75,101,94,81,44,124,78,97"/><T93/><D133/><U74/><E68/><V13/><F104/><W92/><G124/><T71/><D71/><U8/><E123/><V95/><F112/><W119/><G65/><T67/><D0/><U128/><E135/><V3/><F3/><W103/><G119/><T32/><D1/><U122/><E122/><V49/><F38/><W84/><G15/><T86/><D110/><U116/><E116/><V118/><F109/><W59/><G44/><T107/><D107/><U91/><E45/><V36/><F36/><W113/><G113/><T16/><D32/><U82/><E5/><V2/><F2/><W20/><REACH who="3" step="1"/><G20/><REACH who="3" ten="430,250,70,240" step="2"/><T134/><D67/><U12/><E12/><V102/><F118/><W61/><AGARI ba="1,1" hai="55,59,61,75,78,81,84,90,92,94,97,100,101,103" machi="61" ten="20,8000,1" yaku="1,1,2,1,0,1,7,1,52,1,53,0" doraHai="76" doraHaiUra="9" who="3" fromWho="3" sc="430,-41,250,-21,70,-21,240,93" /><INIT seed="1,0,0,4,4,33" ten="389,229,49,333" oya="1" hai0="61,73,79,64,102,4,55,85,40,130,90,123,109" hai1="83,23,0,69,118,31,39,107,100,18,38,45,68" hai2="88,99,117,132,29,59,72,128,27,20,58,66,105" hai3="116,25,126,135,21,71,53,57,10,108,54,81,84"/><U82/><E31/><V89/><F117/><W32/><G71/><T106/><D109/><U35/><E35/><V9/><F72/><W37/><G37/><T129/><D40/><U22/><E45/><V113/><F113/><W101/><G108/><T5/><D55/><U11/><E11/><V34/><F132/><W67/><G116/><T98/><D123/><U3/><E118/><V14/><F128/><N who="0" m="49258" /><D73/><U17/><REACH who="1" step="1"/><E100/><REACH who="1" ten="389,219,49,333" step="2"/><V134/><F34/><W51/><G101/><T52/><D102/><U63/><E63/><V121/><F134/><W124/><G10/><T103/><D103/><U110/><E110/><V127/><F121/><W77/><G32/><T2/><D61/><U133/><E133/><V8/><F8/><W49/><G135/><T74/><D106/><AGARI ba="0,1" hai="0,3,17,18,22,23,38,39,68,69,82,83,106,107" machi="106" ten="25,12000,1" yaku="1,1,22,2,52,2,53,0" doraHai="33" doraHaiUra="92" who="1" fromWho="0" sc="389,-120,219,130,49,0,333,0" /><INIT seed="1,1,0,4,3,39" ten="269,349,49,333" oya="1" hai0="69,84,28,31,13,2,122,71,110,97,33,0,74" hai1="68,109,128,17,3,15,129,119,21,121,9,106,98" hai2="43,83,114,113,78,88,100,111,76,22,130,89,126" hai3="80,96,105,54,42,11,57,75,56,58,20,41,95"/><U53/><E68/><V44/><F111/><W118/><G105/><T25/><D110/><U82/><E109/><V47/><F100/><W51/><G118/><T18/><D122/><U72/><E121/><V73/><F126/><W6/><G75/><T70/><D74/><U8/><E119/><V5/><F130/><N who="1" m="50281" /><E3/><V115/><F78/><W62/><G80/><T4/><D31/><U131/><N who="1" m="50289" /><U103/><DORA hai="66" /><E53/><V1/><F22/><W45/><G20/><T132/><D132/><U34/><E34/><V7/><F47/><W94/><G62/><T32/><D32/><U87/><E72/><V27/><F27/><W59/><N who="3" m="14848" /><DORA hai="112" /><W81/><G81/><T124/><D124/><U61/><E61/><V91/><REACH who="2" step="1"/><F1/><REACH who="2" ten="269,349,39,333" step="2"/><W79/><G79/><AGARI ba="1,1" hai="8,9,15,17,21,79,82,87,98,103,106" m="50289" machi="79" ten="40,2000,0" yaku="19,1" doraHai="39,66,112" who="1" fromWho="3" sc="269,0,349,33,39,0,333,-23" /><INIT seed="1,2,0,3,4,48" ten="269,382,39,310" oya="1" hai0="66,92,51,88,115,52,72,39,33,122,60,38,85" hai1="89,32,78,86,90,110,0,16,75,6,43,23,20" hai2="62,19,67,84,73,130,61,1,82,77,13,42,98" hai3="101,121,126,119,68,106,28,97,58,30,47,102,59"/><U116/><E32/><V35/><F1/><W36/><G121/><T103/><D115/><U45/><E116/><V79/><F130/><W87/><G68/><T99/><D122/><U34/><E34/><V128/><F128/><W22/><G126/><T132/><D33/><U26/><E110/><V114/><F35/><W25/><G119/><T133/><D72/><U14/><E75/><V65/><F114/><W54/><G30/><T44/><D132/><U118/><E118/><V50/><F77/><W127/><G127/><T5/><D5/><U41/><E0/><V81/><F81/><W64/><G64/><T53/><D133/><U24/><E24/><V94/><F73/><W104/><G87/><T96/><D96/><U10/><E23/><V15/><F67/><W108/><G108/><T9/><D9/><U76/><E89/><V12/><F19/><W46/><G46/><T11/><D11/><U7/><E7/><V74/><F74/><W49/><REACH who="3" step="1"/><G36/><REACH who="3" ten="269,382,39,300" step="2"/><T107/><REACH who="0" step="1"/><D53/><REACH who="0" ten="259,382,39,300" step="2"/><U105/><E86/><V17/><F65/><W8/><G8/><T134/><D134/><U55/><E55/><V40/><F17/><W93/><G93/><T37/><D37/><U135/><E16/><V2/><F42/><W125/><G125/><T111/><D111/><U129/><E43/><V131/><F131/><W113/><G113/><T95/><D95/><U112/><E41/><V83/><F83/><W56/><G56/><AGARI ba="2,2" hai="38,39,44,51,52,56,60,66,85,88,92,99,103,107" machi="56" ten="30,8000,1" yaku="1,1,7,1,52,1,54,2,53,0" doraHai="48" doraHaiUra="123" who="0" fromWho="3" sc="259,106,382,0,39,0,300,-86" /><INIT seed="2,0,0,3,3,34" ten="365,382,39,214" oya="2" hai0="112,130,65,46,49,15,30,51,35,55,105,101,109" hai1="17,59,21,93,33,125,110,97,18,57,111,113,5" hai2="100,16,9,40,6,64,119,11,10,52,103,12,91" hai3="54,45,20,85,62,47,92,28,70,94,29,71,128"/><V98/><F119/><W104/><G128/><T106/><D112/><U42/><E33/><V122/><F122/><W44/><G104/><T131/><D130/><U88/><E125/><V53/><F64/><W3/><G3/><T132/><D131/><U23/><E5/><V26/><F40/><W124/><G124/><T86/><D65/><U73/><E73/><V8/><F26/><W134/><G134/><T80/><D109/><N who="1" m="41483" /><E113/><V77/><F77/><W87/><G20/><N who="1" m="7754" /><E42/><V27/><F27/><W13/><G13/><T127/><D132/><U95/><E95/><N who="3" m="36394" /><G54/><N who="2" m="21097" /><F6/><W43/><G62/><T2/><D2/><U60/><E60/><V39/><F39/><W120/><G120/><T61/><D61/><U107/><E107/><V83/><F98/><W75/><G75/><T90/><D127/><U82/><E82/><V68/><F68/><N who="3" m="26155" /><G43/><T89/><D106/><U19/><AGARI ba="0,0" hai="17,18,19,57,59,88,93,97" m="7754,41483" machi="19" ten="40,2700,0" yaku="14,1,54,1" doraHai="34" who="1" fromWho="1" sc="365,-7,382,27,39,-13,214,-7" /><INIT seed="3,0,0,2,2,92" ten="358,409,26,207" oya="3" hai0="96,54,22,45,70,1,121,25,2,117,107,33,43" hai1="134,42,4,82,93,90,9,18,115,16,46,65,135" hai2="29,124,67,58,126,113,27,6,95,11,118,125,109" hai3="133,34,83,85,62,86,3,59,77,48,23,31,0"/><W78/><G34/><T30/><D121/><U63/><E82/><V39/><F39/><W44/><G133/><N who="1" m="50698" /><E115/><V79/><F79/><W15/><G0/><T102/><D117/><U108/><E108/><V68/><F68/><W122/><G3/><T53/><D70/><N who="1" m="42303" /><E90/><V123/><F58/><W61/><G122/><T99/><D33/><U32/><E93/><V100/><F67/><W47/><G47/><T91/><D1/><N who="1" m="143" /><E32/><V98/><F123/><W13/><G59/><T35/><D2/><U8/><E8/><V41/><F41/><N who="3" m="24591" /><G13/><T104/><D35/><U72/><E72/><V131/><F113/><W80/><G15/><T119/><D91/><U17/><E17/><V12/><F118/><W87/><G87/><T120/><D120/><U36/><AGARI ba="0,0" hai="16,18,36,42,46" m="143,42303,50698" machi="36" ten="30,2000,0" yaku="20,1,54,1" doraHai="92" who="1" fromWho="1" sc="358,-5,409,20,26,-5,207,-10" owari="353,15.0,429,53.0,21,-48.0,197,-20.0" /></mjloggm>