<mjloggm ver="2.3"><GO type="169" lobby="0"/><UN n0="%E3%82%A6%E3%83%AB%E3%83%88%E3%83%A9%E7%AB%8B%E7%9B%B4" n1="%6E%69%63%6B%2E" n2="%4A%61%6E%2D%4D%61%63%68" n3="%56%69%56%49" dan="17,16,17,16" rate="2180.68,2074.90,2226.27,2215.98" sx="M,M,M,M"/><TAIKYOKU oya="0"/><INIT seed="0,0,0,4,1,50" ten="250,250,250,250" oya="0" hai0="134,28,92,126,9,42,94,31,86,45,117,29,97" hai1="122,1,125,44,41,34,101,87,46,18,0,7,15" hai2="49,55,32,129,104,47,73,27,10,70,74,118,127" hai3="30,84,114,57,100,53,111,36,135,58,5,105,124"/><T21/><D117/><U69/><E122/><V96/><F118/><W13/><G36/><T22/><D126/><U25/><E69/><V62/><F10/><W39/><G39/><T19/><D134/><U16/><E125/><V71/><F129/><W119/><G119/><T108/><D108/><U120/><E120/><V79/><F79/><W110/><G114/><T35/><D35/><U113/><E113/><V98/><F98/><W90/><G30/><T131/><D131/><U128/><E128/><V107/><F107/><W123/><G58/><T37/><D86/><U38/><E101/><N who="2" m="62503" /><F71/><W59/><G59/><T91/><REACH who="0" step="1"/><D92/><REACH who="0" ten="240,250,250,250" step="2"/><U60/><E87/><V72/><F127/><W82/><G135/><T75/><D75/><U106/><E34/><V121/><F74/><W2/><G124/><T130/><D130/><U132/><E106/><V48/><F73/><W54/><G105/><T14/><AGARI ba="0,1" hai="9,14,19,21,22,28,29,31,37,42,45,91,94,97" machi="14" ten="30,6000,0" yaku="1,1,0,1,53,1" doraHai="50" doraHaiUra="12" who="0" fromWho="0" sc="240,70,250,-20,250,-20,250,-20" /><INIT seed="0,1,0,3,4,115" ten="310,230,230,230" oya="0" hai0="1,68,84,94,3,31,86,80,102,113,135,79,120" hai1="89,25,52,28,24,64,66,111,93,92,7,34,101" hai2="82,49,73,78,6,36,74,27,123,69,67,0,4" hai3="29,60,107,131,110,13,114,130,40,11,54,59,55"/><T17/><D68/><U72/><E72/><V128/><F123/><W126/><G107/><T48/><D120/><U70/><E111/><V81/><F36/><W46/><G29/><T87/><D113/><U121/><E121/><V71/><F128/><N who="3" m="49195" /><G114/><T26/><D135/><U39/><E39/><V5/><F0/><W38/><G110/><T20/><D3/><U15/><E25/><V91/><F67/><N who="3" m="39327" /><G126/><T99/><D1/><U118/><E118/><V103/><F103/><W43/><G43/><T109/><D109/><U30/><E30/><V124/><F124/><W122/><G122/><T117/><D117/><U37/><E37/><V77/><F27/><W19/><AGARI ba="1,0" hai="11,13,19,38,40,46,54,55" m="39327,49195" machi="19" ten="30,1100,0" yaku="19,1" doraHai="115" who="3" fromWho="3" sc="310,-6,230,-4,230,-4,230,14" /><INIT seed="1,0,0,4,1,79" ten="304,226,226,244" oya="1" hai0="90,87,85,89,27,113,81,130,127,18,47,46,121" hai1="86,103,124,119,33,111,11,63,67,61,109,107,115" hai2="100,106,78,6,117,29,64,55,125,126,13,60,76" hai3="8,52,42,43,16,128,122,48,71,69,116,101,88"/><U99/><E115/><V40/><F40/><W95/><G122/><T32/><D113/><U5/><E119/><V135/><F55/><W123/><G123/><T20/><D121/><U4/><E124/><N who="2" m="47723" /><F117/><W30/><G116/><T19/><D127/><U62/><E33/><V134/><F29/><W1/><G128/><T3/><D3/><U21/><E21/><V82/><F76/><W31/><G71/><T80/><D130/><U84/><E67/><V28/><F28/><N who="3" m="10795" /><G101/><T77/><D32/><U45/><E45/><V72/><F13/><N who="3" m="7207" /><G69/><T57/><D77/><U70/><E70/><N who="2" m="42247" /><F6/><N who="1" m="2665" /><E11/><V131/><F131/><W14/><G14/><T0/><D0/><U25/><E25/><V104/><F100/><W97/><G1/><T66/><D19/><U51/><E51/><V22/><F22/><W102/><G102/><T110/><D110/><AGARI ba="0,0" hai="61,62,63,84,86,99,103,107,109,110,111" m="2665" machi="110" ten="30,2900,0" yaku="14,1,10,1" doraHai="79" who="1" fromWho="0" sc="304,-29,226,29,226,0,244,0" /><INIT seed="1,1,0,5,4,100" ten="275,255,226,244" oya="1" hai0="31,6,24,68,12,63,120,34,86,2,84,88,131" hai1="13,53,7,40,54,102,65,64,69,80,126,91,36" hai2="59,16,56,45,39,10,89,118,5,133,71,119,70" hai3="35,17,97,61,82,79,21,67,18,108,8,27,116"/><U76/><E126/><V124/><F89/><W121/><G108/><T1/><D86/><N who="1" m="50631" /><E102/><V48/><F5/><W98/><G116/><T73/><D73/><U93/><E69/><N who="2" m="26123" /><F16/><W95/><G121/><T42/><D120/><U94/><E36/><V3/><F10/><W29/><G8/><T130/><D42/><U113/><E113/><V22/><F22/><W117/><G17/><T46/><D12/><U28/><E28/><V75/><F75/><W135/><G117/><N who="2" m="44553" /><F3/><W30/><G135/><T33/><D46/><U83/><E40/><N who="2" m="22687" /><F133/><W52/><G98/><T43/><D34/><U77/><E7/><V4/><F4/><W123/><G35/><T23/><D33/><U99/><E13/><V134/><F134/><W122/><G123/><T96/><D6/><U49/><E83/><V106/><F106/><W9/><G122/><T81/><D96/><U109/><E99/><V57/><F124/><W74/><G9/><T101/><D43/><U103/><E103/><V32/><F32/><W51/><G95/><T20/><D101/><U19/><E93/><V62/><F48/><W107/><G97/><T26/><D1/><U129/><E94/><V104/><F104/><W90/><G107/><T105/><D2/><U55/><E49/><V115/><F115/><W66/><G90/><T78/><D105/><U41/><E77/><V58/><F58/><N who="3" m="35015" /><G51/><T128/><D78/><U132/><E76/><V50/><F50/><W114/><G114/><T87/><D87/><U72/><E132/><V125/><F125/><W44/><G44/><T0/><D0/><U15/><E19/><RYUUKYOKU ba="1,0" sc="275,-15,255,-15,226,15,244,15" hai2="56,57,59,62" hai3="18,21,27,29,30,66,67,74,79,82" /><INIT seed="2,2,0,0,0,1" ten="260,240,241,259" oya="2" hai0="6,0,133,50,23,95,69,60,124,76,102,79,119" hai1="45,82,57,74,33,61,131,59,12,46,16,52,68" hai2="114,72,19,63,65,130,18,86,32,127,122,3,44" hai3="56,15,108,104,21,31,85,128,106,24,100,41,2"/><V14/><F3/><W117/><G2/><T11/><D124/><U125/><E33/><V8/><F72/><W48/><G117/><T17/><D133/><U89/><E131/><V91/><F32/><W88/><G128/><T42/><D119/><U113/><E113/><V99/><F130/><W29/><G108/><T90/><D102/><U73/><E125/><V27/><F127/><W40/><G100/><T120/><D120/><U4/><E68/><V87/><F114/><W66/><G31/><T10/><D10/><N who="1" m="4167" /><E73/><V96/><F87/><W92/><G106/><T20/><D20/><U134/><E74/><V103/><F44/><W38/><G104/><T94/><D94/><U26/><E134/><V116/><F122/><W36/><G36/><T83/><D83/><U98/><E59/><N who="2" m="37119" /><F103/><W71/><G71/><T51/><D60/><U34/><E34/><V37/><F37/><W25/><G38/><T62/><D62/><U28/><E28/><V22/><F116/><W77/><G66/><T107/><D69/><U54/><E54/><V123/><F123/><W43/><G77/><T70/><D70/><U118/><E118/><V126/><F126/><W84/><G84/><N who="0" m="52679" /><D107/><U49/><E61/><V115/><F115/><W132/><G132/><T55/><D42/><U97/><E97/><V109/><F109/><W53/><G29/><T111/><D111/><U121/><E121/><V101/><F101/><W13/><G21/><T80/><D55/><U105/><E105/><V7/><F19/><W135/><G135/><T30/><D17/><U81/><E98/><V5/><F5/><RYUUKYOKU ba="2,0" sc="260,-15,240,-15,241,15,259,15" hai2="7,8,14,18,22,27,86,91,96,99" hai3="13,15,24,25,40,41,43,48,53,56,85,88,92" /><INIT seed="2,3,0,1,4,31" ten="245,225,256,274" oya="2" hai0="101,48,22,98,64,102,112,82,100,51,83,18,52" hai1="36,5,115,85,92,130,104,13,127,118,105,66,44" hai2="0,62,121,35,3,10,68,33,45,109,40,55,80" hai3="86,111,47,87,88,126,123,16,91,30,69,37,11"/><V95/><F121/><W67/><G123/><T4/><D112/><U60/><E115/><V9/><F95/><N who="3" m="54679" /><G69/><T61/><D4/><U27/><E118/><V26/><F26/><W81/><G37/><T79/><D98/><U76/><E130/><V2/><F10/><W1/><G1/><T7/><D7/><U90/><E127/><V116/><F9/><W93/><G30/><T71/><D79/><U108/><E108/><V20/><F20/><W77/><G67/><T135/><D51/><U94/><E27/><V25/><F25/><W78/><G126/><T119/><D119/><U97/><E36/><N who="2" m="21639" /><F55/><W12/><G111/><T49/><D18/><U117/><E44/><V124/><F124/><W24/><G24/><T73/><D22/><U15/><E117/><V133/><F116/><W89/><G47/><T63/><D73/><U75/><E75/><V57/><F57/><W43/><G43/><T46/><D83/><N who="1" m="47335" /><E105/><V134/><F80/><W50/><G50/><T23/><D82/><U110/><E104/><V107/><F107/><W34/><G34/><N who="2" m="12809" /><F109/><W56/><G56/><T122/><D49/><U74/><E74/><V129/><F129/><W17/><G17/><T38/><D38/><U59/><E110/><V103/><F103/><W96/><AGARI ba="3,0" hai="11,12,16,77,78,81,87,89,91,93,96" m="54679" machi="96" ten="30,4000,0" yaku="8,1,54,2" doraHai="31" who="3" fromWho="3" sc="245,-13,225,-13,256,-23,274,49" /><INIT seed="3,0,0,0,3,132" ten="232,212,233,323" oya="3" hai0="23,109,39,96,70,73,2,1,100,64,27,127,130" hai1="0,22,59,26,57,38,53,60,9,29,135,11,21" hai2="105,97,80,94,129,18,112,24,85,17,84,58,119" hai3="7,12,43,113,48,93,111,40,134,14,116,5,20"/><W71/><G116/><T33/><D39/><U34/><E38/><V56/><F105/><W108/><G71/><T128/><D73/><U131/><E135/><V120/><F119/><W81/><G134/><T122/><D122/><U104/><E104/><V88/><F120/><W61/><G113/><T15/><D109/><N who="3" m="42057" /><G61/><N who="0" m="40207" /><D15/><N who="3" m="5673" /><G20/><T36/><D36/><U30/><E131/><N who="0" m="50217" /><D127/><U52/><E0/><V98/><F112/><W65/><G65/><T10/><D10/><N who="1" m="3595" /><E34/><V3/><F3/><W19/><G19/><N who="2" m="7177" /><F24/><W44/><G81/><T110/><D110/><U123/><E123/><V45/><F129/><W42/><G93/><N who="0" m="58383" /><D33/><U82/><E82/><V28/><F45/><W46/><G46/><T101/><D101/><U91/><E91/><N who="2" m="51591" /><F28/><AGARI ba="0,0" hai="1,2,23,27,28" m="58383,50217,40207" machi="28" ten="30,1000,0" yaku="19,1" doraHai="132" who="0" fromWho="2" sc="232,10,212,0,233,-10,323,0" /><INIT seed="4,0,0,0,1,73" ten="242,212,223,323" oya="0" hai0="66,8,28,114,12,76,118,59,67,131,101,10,29" hai1="51,22,113,48,65,56,42,110,130,83,98,37,108" hai2="86,43,84,0,100,106,121,135,21,32,20,80,41" hai3="55,1,64,127,104,58,4,109,134,35,31,9,13"/><T90/><D118/><U91/><E130/><V19/><F32/><W97/><G64/><T117/><D131/><U68/><E113/><V17/><F0/><W34/><G109/><T72/><D117/><U50/><E22/><V46/><F121/><W126/><G1/><T47/><D101/><U39/><E98/><V74/><F74/><W30/><G104/><T18/><D114/><U119/><E91/><V116/><F106/><W7/><G97/><T5/><D47/><N who="1" m="25719" /><E83/><V33/><F33/><N who="3" m="12299" /><G134/><T129/><D129/><U14/><E14/><V63/><F100/><W132/><G132/><T15/><D90/><U92/><E92/><V44/><F135/><W123/><G123/><T36/><D36/><N who="1" m="13899" /><E119/><V23/><F116/><W16/><G55/><T95/><D95/><U87/><E87/><V89/><F63/><W122/><G58/><T70/><D70/><U88/><E88/><N who="2" m="51207" /><F41/><W53/><G53/><T2/><D2/><U120/><E120/><V57/><F57/><W78/><G78/><T11/><D11/><U93/><E93/><N who="2" m="54455" /><F43/><W25/><G122/><T52/><D76/><U128/><E128/><V111/><F111/><N who="1" m="42537" /><E56/><V82/><F82/><W96/><G96/><T62/><D72/><U60/><AGARI ba="0,0" hai="50,51,60,65,68" m="42537,13899,25719" machi="60" ten="40,2700,0" yaku="34,2" doraHai="73" who="1" fromWho="1" sc="242,-13,212,27,223,-7,323,-7" /><INIT seed="5,0,0,3,3,45" ten="229,239,216,316" oya="1" hai0="124,43,106,68,69,93,22,0,24,3,65,80,115" hai1="8,113,47,107,46,76,2,48,96,108,19,79,105" hai2="85,62,17,130,1,103,111,6,10,60,71,35,125" hai3="44,132,82,15,50,63,102,23,18,116,135,61,16"/><U92/><E113/><V75/><F75/><W7/><G102/><T30/><D106/><U121/><E121/><V99/><F35/><W118/><G7/><T127/><D115/><U100/><E108/><V29/><F29/><W39/><G39/><T14/><D80/><U25/><E2/><V34/><F34/><W98/><G98/><T9/><D43/><U119/><E119/><N who="3" m="45610" /><G82/><T73/><D73/><U110/><E110/><V83/><F71/><W129/><G18/><T131/><D93/><U20/><E8/><V88/><F111/><W134/><G129/><T54/><D54/><AGARI ba="0,0" hai="15,16,23,44,50,54,61,63,132,134,135" m="45610" machi="54" ten="40,8000,1" yaku="20,1,12,1,52,1,54,1" doraHai="45" who="3" fromWho="0" sc="229,-80,239,0,216,0,316,80" /><INIT seed="6,0,0,2,1,9" ten="149,239,216,396" oya="2" hai0="63,11,39,76,10,129,85,96,91,61,26,116,57" hai1="110,84,68,106,1,103,51,105,36,126,14,87,78" hai2="21,86,30,135,94,109,24,46,131,17,88,49,4" hai3="100,15,54,101,42,40,104,27,79,43,53,56,80"/><V28/><F135/><W74/><G27/><T8/><D39/><U90/><E36/><V5/><F131/><W134/><G134/><T38/><D38/><U130/><E1/><V20/><F109/><W35/><G35/><T50/><D129/><U25/><E130/><V113/><F113/><W97/><G101/><T93/><D116/><U83/><E110/><V123/><F123/><W108/><G108/><T81/><D26/><U118/><E118/><V22/><F30/><W71/><G71/><T133/><D133/><U45/><E68/><V48/><F48/><W120/><G120/><T23/><D23/><N who="2" m="8778" /><F28/><W121/><G121/><T2/><D2/><U115/><E115/><V102/><F102/><W58/><G15/><T67/><D61/><U65/><E65/><V3/><F3/><W82/><G82/><T18/><REACH who="0" step="1"/><D50/><REACH who="0" ten="139,239,216,396" step="2"/><U132/><E25/><V16/><F24/><W70/><G70/><T128/><D128/><U41/><E132/><V95/><F22/><W98/><G98/><T69/><D69/><U29/><E51/><V66/><F66/><W125/><G125/><T112/><D112/><U37/><E126/><V12/><F12/><AGARI ba="0,1" hai="8,10,11,12,18,57,63,67,76,81,85,91,93,96" machi="12" ten="40,12000,2" yaku="1,1,8,1,52,1,53,3" doraHai="9" doraHaiUra="7" who="0" fromWho="2" sc="139,130,239,0,216,-120,396,0" /><INIT seed="7,0,0,5,2,52" ten="269,239,96,396" oya="3" hai0="80,31,56,49,23,101,129,86,109,87,26,73,102" hai1="84,81,76,2,110,118,93,91,128,113,3,24,83" hai2="68,19,48,74,134,7,69,115,131,8,79,65,107" hai3="103,122,98,106,78,6,60,64,121,27,43,119,29"/><W22/><G119/><T132/><D73/><U125/><E110/><V58/><F107/><W70/><G78/><N who="0" m="46359" /><D129/><U20/><E118/><V77/><F131/><W32/><G6/><T88/><D132/><U36/><E128/><V100/><F134/><W12/><G43/><T39/><D39/><U35/><E36/><V50/><F100/><W34/><G12/><T41/><D109/><U63/><E35/><V116/><F19/><W5/><G5/><T42/><D42/><U75/><E113/><V92/><F7/><W133/><G133/><T82/><D41/><U37/><E37/><V123/><F116/><W135/><G135/><T94/><D82/><U117/><E117/><V47/><F92/><W10/><G10/><T17/><D31/><U130/><E130/><V33/><F8/><W126/><G126/><T11/><D11/><U95/><E125/><V108/><F65/><W89/><G89/><T53/><AGARI ba="0,0" hai="17,23,26,49,53,56,87,88,94,101,102" m="46359" machi="53" ten="30,4000,0" yaku="8,1,52,1,54,1" doraHai="52" who="0" fromWho="0" sc="269,40,239,-10,96,-10,396,-20" owari="309,11.0,229,-17.0,86,-41.0,376,47.0" /></mjloggm>