<mjloggm ver="2.3"><GO type="97" lobby="0"/><UN n0="%68%61%74%75%5F" n1="%E7%94%9F%E5%91%BD%E3%81%AE%E8%91%A1%E8%90%84" n2="%5B%63%68%61%6D%65%5D" n3="%E3%82%A6%E3%83%AB%E3%83%88%E3%83%A9%E7%AB%8B%E7%9B%B4" dan="15,14,13,14" rate="2037.89,1938.36,1803.10,1924.51" sx="M,M,M,M"/><TAIKYOKU oya="0"/><INIT seed="0,0,0,0,5,101" ten="250,250,250,250" oya="0" hai0="110,80,118,15,134,119,41,45,132,43,58,88,112" hai1="0,5,125,6,123,63,46,116,9,28,7,71,53" hai2="127,50,135,95,38,35,82,81,22,21,19,59,97" hai3="68,113,16,98,72,117,32,73,44,104,78,85,61"/><T96/><D112/><U94/><E123/><V99/><F38/><W77/><G113/><T11/><D58/><U20/><E116/><N who="0" m="44585" /><D45/><U124/><E94/><V48/><F35/><W3/><G3/><T12/><D110/><U17/><E28/><V79/><F127/><N who="1" m="48713" /><E46/><V115/><F115/><W37/><G44/><T26/><D26/><N who="1" m="14607" /><E53/><V87/><F135/><N who="0" m="51754" /><D15/><U8/><E63/><V40/><F40/><W90/><G61/><T65/><D65/><U76/><E76/><V27/><F82/><W121/><G37/><T129/><D129/><U131/><E71/><V29/><F59/><W57/><G68/><T89/><D80/><U55/><E55/><V122/><F122/><W64/><G57/><T49/><D49/><U36/><E36/><V84/><F84/><W114/><G64/><T130/><D130/><U24/><E131/><V109/><F109/><W111/><G111/><T67/><D67/><U128/><E128/><V54/><F54/><W42/><G121/><T13/><D13/><U102/><E102/><V10/><F10/><N who="1" m="4201" /><E24/><V14/><REACH who="2" step="1"/><F99/><REACH who="2" ten="250,250,240,250" step="2"/><W69/><G98/><T34/><D34/><U103/><E103/><AGARI ba="0,1" hai="14,19,21,22,27,29,48,50,79,81,87,95,97,103" machi="103" ten="30,7700,0" yaku="1,1,2,1,7,1,8,1,53,0" doraHai="101" doraHaiUra="4" who="2" fromWho="1" sc="250,0,250,-77,240,87,250,0" /><INIT seed="1,0,0,3,0,96" ten="250,173,327,250" oya="1" hai0="42,75,51,89,35,2,6,47,100,116,93,135,30" hai1="82,1,9,39,128,94,103,41,71,54,72,29,38" hai2="73,50,115,112,55,5,123,104,126,31,32,15,28" hai3="10,124,36,25,95,33,17,105,121,49,37,88,101"/><U8/><E71/><V53/><F104/><W0/><G121/><T22/><D116/><U44/><E29/><V16/><F73/><W7/><G124/><T131/><D75/><U20/><E128/><V67/><F123/><W60/><G49/><T58/><D35/><U11/><E1/><V109/><F126/><W110/><G110/><T107/><D131/><U84/><E72/><V4/><F109/><W43/><G43/><T83/><D135/><U91/><E20/><V61/><F32/><W85/><G60/><T118/><D118/><U59/><E41/><V64/><F64/><W134/><G134/><T24/><D83/><U92/><E44/><V14/><F50/><W108/><G108/><T78/><D78/><U46/><E46/><V52/><F67/><W45/><G45/><T66/><D6/><N who="2" m="2666" /><F61/><W132/><G132/><T56/><D2/><U79/><E103/><V129/><F129/><W40/><G40/><T114/><D114/><N who="2" m="43562" /><F16/><W133/><G133/><T63/><D107/><U18/><E18/><V113/><N who="2" m="43570" /><V97/><DORA hai="57" /><F97/><W86/><G86/><N who="0" m="52407" /><D58/><U26/><E26/><V106/><F106/><W130/><G130/><T27/><D24/><U98/><REACH who="1" step="1"/><E92/><REACH who="1" ten="250,163,327,250" step="2"/><V12/><AGARI ba="0,1" hai="12,14,15,28,31,52,53,55" m="43570,2666" machi="12" ten="50,8000,1" yaku="28,2,11,1,54,1" doraHai="96,57" who="2" fromWho="2" sc="250,-20,163,-40,327,90,250,-20" /><INIT seed="2,0,0,1,3,72" ten="230,123,417,230" oya="2" hai0="128,63,16,94,17,27,28,6,131,47,25,33,127" hai1="71,1,83,55,75,62,98,115,34,107,76,56,77" hai2="5,3,42,130,92,39,44,87,105,35,38,30,113" hai3="120,118,24,135,46,82,121,134,31,123,86,50,12"/><V125/><F113/><W116/><G12/><T32/><D127/><U20/><E1/><V106/><F105/><W52/><G118/><T21/><D6/><U45/><E34/><V54/><F106/><W88/><REACH who="3" step="1"/><G116/><REACH who="3" ten="230,123,417,220" step="2"/><T0/><D0/><U114/><E71/><V69/><F69/><W37/><G37/><T95/><D131/><U67/><E20/><AGARI ba="0,1" hai="20,24,31,46,50,52,82,86,88,120,121,123,134,135" machi="20" ten="40,5200,0" yaku="1,1,54,2,53,0" doraHai="72" doraHaiUra="65" who="3" fromWho="1" sc="230,0,123,-52,417,0,220,62" /><INIT seed="3,0,0,2,4,8" ten="230,71,417,282" oya="3" hai0="34,36,78,127,29,75,85,130,74,15,71,59,122" hai1="109,92,62,48,25,131,49,44,24,58,56,43,2" hai2="7,23,26,35,116,14,123,9,126,50,1,66,86" hai3="39,117,72,133,103,132,42,17,51,80,5,106,96"/><W101/><G117/><T79/><D122/><U88/><E2/><V33/><F123/><W82/><G5/><T32/><D71/><U111/><E131/><V27/><F116/><W99/><G39/><T121/><D121/><U105/><E105/><V60/><F126/><W65/><G65/><T52/><D36/><U31/><E24/><V93/><F50/><W57/><G57/><T63/><D130/><U38/><E109/><V100/><F100/><W95/><G51/><T128/><D128/><U37/><E111/><V28/><F86/><W89/><G42/><T30/><D127/><U13/><E13/><V84/><F84/><W134/><G17/><T118/><D118/><U3/><E3/><V76/><F76/><W77/><G82/><T110/><D85/><U69/><E69/><V45/><F45/><W102/><AGARI ba="0,0" hai="72,77,80,89,95,96,99,101,102,103,106,132,133,134" machi="102" ten="40,12000,1" yaku="0,1,20,1,34,3" doraHai="8" who="3" fromWho="3" sc="230,-40,71,-40,417,-40,282,120" owari="190,-21.0,31,-47.0,377,18.0,402,50.0" /></mjloggm>