<mjloggm ver="2.3"><GO type="97" lobby="0"/><UN n0="%E8%99%8E%E4%B8%80%E6%97%8F%E2%98%85%E9%81%8A" n1="%E3%82%A6%E3%83%AB%E3%83%88%E3%83%A9%E7%AB%8B%E7%9B%B4" n2="%E5%8B%87%E5%88%A9%E3%81%8C%E6%9C%89%E5%88%A9" n3="%61%5F%66" dan="13,15,15,13" rate="1881.44,1968.38,1932.83,1868.58" sx="M,M,M,M"/><TAIKYOKU oya="0"/><INIT seed="0,0,0,2,0,2" ten="250,250,250,250" oya="0" hai0="73,48,65,90,40,123,118,63,10,114,87,78,34" hai1="30,53,68,47,69,100,50,77,133,26,59,57,110" hai2="105,134,79,52,127,99,94,95,11,23,41,51,29" hai3="3,107,76,112,7,61,124,83,15,6,102,35,58"/><T49/><D34/><U113/><E113/><V5/><F41/><W43/><G35/><T98/><D114/><U55/><E77/><V106/><F79/><W108/><G3/><T103/><D123/><U91/><E100/><V101/><F127/><W0/><G0/><T71/><D118/><U130/><E91/><V132/><F94/><W16/><G112/><T109/><D40/><U64/><E26/><V38/><F38/><W54/><G124/><T56/><D109/><U66/><E30/><V62/><F62/><W85/><G108/><T9/><D71/><N who="1" m="27211" /><E110/><V22/><F23/><W75/><G75/><T45/><D78/><U72/><E72/><V18/><F29/><W117/><G117/><T80/><D73/><U92/><E92/><V4/><F11/><W31/><G31/><T104/><D45/><N who="1" m="27855" /><E130/><V8/><F8/><W131/><G131/><T135/><D9/><U116/><E116/><V67/><F67/><N who="1" m="25641" /><E133/><N who="2" m="51307" /><F105/><W74/><G74/><T24/><D135/><U21/><E21/><V70/><F106/><W84/><G84/><T97/><D10/><U20/><E20/><V93/><F93/><W12/><G107/><T129/><D129/><U96/><E96/><V32/><F32/><W120/><G102/><T28/><D98/><U126/><E126/><V115/><F115/><W81/><G76/><T82/><D82/><U33/><E33/><V89/><F101/><W46/><G83/><T37/><D103/><U14/><E14/><N who="2" m="9559" /><F70/><W119/><G119/><T88/><D104/><U27/><E27/><V121/><F121/><W19/><G120/><T122/><D24/><RYUUKYOKU ba="0,0" sc="250,-15,250,15,250,15,250,-15" hai1="47,55,57,59" hai2="4,5,51,52,89,95,99" /><INIT seed="1,1,0,1,1,100" ten="235,265,265,235" oya="1" hai0="47,132,9,119,90,59,78,56,43,91,84,57,134" hai1="97,6,80,48,8,96,107,115,37,32,22,89,135" hai2="63,92,1,46,7,117,62,72,130,103,67,12,120" hai3="118,54,38,95,40,113,104,17,71,131,5,64,51"/><U109/><E37/><V94/><F117/><W13/><G118/><T26/><D119/><U133/><E32/><V93/><F1/><W11/><G113/><T60/><D60/><U41/><E115/><V53/><F72/><W66/><G131/><T81/><D26/><U69/><E69/><V18/><F7/><W73/><G73/><T127/><D9/><U76/><E22/><N who="2" m="11591" /><F130/><W34/><G34/><T129/><D127/><U15/><E109/><V101/><F120/><W4/><G71/><T44/><D129/><U19/><E19/><V87/><F87/><W49/><G38/><T36/><REACH who="0" step="1"/><D47/><REACH who="0" ten="225,265,265,235" step="2"/><U61/><E61/><V86/><F63/><W88/><G5/><T123/><D123/><U10/><E10/><V98/><F62/><W25/><G25/><T2/><D2/><U23/><E8/><V99/><F67/><W65/><G4/><T30/><D30/><U14/><E6/><V102/><F46/><W111/><G111/><T31/><D31/><U39/><E15/><V79/><F53/><W105/><G40/><T124/><D124/><U24/><E14/><V50/><F50/><W85/><REACH who="3" step="1"/><G51/><REACH who="3" ten="225,265,265,225" step="2"/><T70/><D70/><U0/><E48/><V3/><F3/><W112/><G112/><T75/><D75/><N who="1" m="43039" /><E41/><V116/><F116/><W29/><G29/><T42/><D42/><U77/><E0/><V27/><F27/><W58/><AGARI ba="1,2" hai="11,13,17,49,54,58,64,65,66,85,88,95,104,105" machi="58" ten="30,8000,1" yaku="1,1,0,1,52,2,54,1,53,0" doraHai="100" doraHaiUra="68" who="3" fromWho="3" sc="225,-21,265,-41,265,-21,225,103" /><INIT seed="2,0,0,3,0,118" ten="204,224,244,328" oya="2" hai0="105,54,113,53,64,135,104,74,103,133,102,39,61" hai1="56,11,19,9,124,100,25,65,63,85,3,15,93" hai2="66,30,91,123,87,96,131,46,55,38,36,2,99" hai3="17,114,109,21,14,8,111,51,49,67,20,23,128"/><V60/><F2/><W10/><G67/><T116/><D39/><U5/><E124/><V48/><F131/><W90/><G128/><T97/><D74/><U125/><E125/><V98/><F30/><W43/><G114/><T68/><D113/><U79/><E25/><V72/><F72/><W29/><G43/><T35/><D116/><U42/><E42/><V24/><F24/><N who="3" m="16519" /><G90/><T88/><D35/><U69/><E69/><V126/><F126/><W129/><G129/><T78/><D88/><U82/><E93/><V40/><F40/><W127/><G127/><T7/><D78/><U110/><E100/><V89/><F89/><W94/><G94/><T101/><D7/><U18/><E110/><N who="3" m="41994" /><G23/><T95/><D102/><U4/><AGARI ba="0,0" hai="3,4,5,9,11,15,18,19,56,63,65,79,82,85" machi="4" ten="20,1500,0" yaku="0,1,7,1" doraHai="118" who="1" fromWho="1" sc="204,-4,224,15,244,-7,328,-4" /><INIT seed="3,0,0,1,2,2" ten="200,239,237,324" oya="3" hai0="6,23,77,24,106,126,14,46,44,36,84,118,111" hai1="55,16,89,121,128,53,22,67,102,82,119,130,116" hai2="9,65,92,33,69,110,96,15,59,113,109,107,10" hai3="17,11,51,25,28,56,114,32,75,94,35,18,0"/><W105/><G75/><T52/><D106/><U30/><E102/><N who="2" m="60679" /><F69/><W54/><G105/><T135/><D118/><N who="1" m="45099" /><E67/><V21/><F33/><W58/><G114/><T27/><D111/><N who="2" m="42506" /><F107/><W68/><G68/><T97/><D135/><U1/><E30/><V112/><F21/><W20/><G58/><T129/><D129/><N who="1" m="49771" /><E121/><V100/><F100/><W99/><G35/><T49/><D126/><U122/><E122/><V74/><F74/><W63/><G51/><N who="0" m="28775" /><D36/><U78/><E89/><V48/><F10/><W87/><G32/><T73/><D73/><N who="1" m="43343" /><E1/><V133/><F133/><W108/><G108/><T26/><D97/><U31/><E31/><V98/><F98/><W80/><G99/><T101/><D101/><U103/><E103/><V72/><F72/><W37/><G28/><T90/><D90/><U76/><E76/><V45/><F59/><W64/><G56/><T47/><D46/><U95/><E95/><V70/><F65/><W29/><G64/><T88/><D77/><U13/><AGARI ba="0,0" hai="13,16,22,53,55" m="43343,49771,45099" machi="13" ten="30,4000,0" yaku="12,1,19,1,54,1" doraHai="2" who="1" fromWho="1" sc="200,-10,239,40,237,-10,324,-20" owari="190,-31.0,279,8.0,227,-17.0,304,40.0" /></mjloggm>