<mjloggm ver="2.3"><GO type="97" lobby="0"/><UN n0="%E3%82%A2%E3%82%B5%E3%83%80" n1="%4E%65%6C%73%6F%6E%27" n2="%E9%8D%8B%E5%B8%B8%E5%B8%9D%E5%9B%BD" n3="%E3%82%A6%E3%83%AB%E3%83%88%E3%83%A9%E7%AB%8B%E7%9B%B4" dan="15,14,13,13" rate="1935.23,1884.89,1822.77,1881.74" sx="M,M,M,M"/><TAIKYOKU oya="0"/><INIT seed="0,0,0,1,2,98" ten="250,250,250,250" oya="0" hai0="57,40,85,46,35,120,18,68,1,20,79,133,60" hai1="115,109,44,127,132,32,21,12,8,49,58,29,84" hai2="124,83,129,37,69,101,134,22,122,106,42,27,26" hai3="63,16,91,87,61,66,107,131,45,56,93,102,78"/><T47/><D120/><U72/><E72/><V82/><F69/><W96/><G131/><T55/><D35/><U130/><E32/><V19/><F122/><W81/><G45/><T73/><D1/><U90/><E130/><V105/><F129/><W36/><G36/><T38/><D73/><U25/><E115/><V128/><F128/><W3/><G3/><T126/><D126/><U54/><E127/><V108/><F106/><W123/><G123/><T30/><D133/><U89/><E132/><V53/><F124/><W135/><G135/><T92/><D30/><U80/><E109/><V14/><F108/><W103/><G107/><T71/><D47/><U104/><E104/><V100/><F105/><W34/><G34/><T111/><D111/><U95/><E58/><V28/><F37/><W94/><G94/><T50/><D38/><U39/><E39/><V110/><F110/><W97/><G97/><T112/><D112/><U65/><E65/><V74/><F74/><W51/><G51/><T70/><D79/><U48/><E48/><V13/><F42/><W121/><G121/><T75/><D75/><U59/><E59/><V43/><F43/><W6/><G6/><T31/><D31/><U76/><E95/><V17/><F53/><W77/><G77/><T99/><D85/><U64/><E64/><V67/><F67/><W24/><G63/><T88/><D71/><U5/><AGARI ba="0,0" hai="5,8,12,21,25,29,44,49,54,76,80,84,89,90" machi="5" ten="20,2700,0" yaku="0,1,7,1,8,1" doraHai="98" who="1" fromWho="1" sc="250,-13,250,27,250,-7,250,-7" /><INIT seed="1,0,0,2,3,131" ten="237,277,243,243" oya="1" hai0="41,114,90,83,130,82,70,86,63,110,111,80,69" hai1="51,12,50,3,27,113,102,65,133,125,11,62,18" hai2="66,98,107,96,49,7,1,116,58,61,25,47,123" hai3="109,19,95,118,97,93,75,17,37,36,89,15,74"/><U120/><E113/><V101/><F116/><W34/><G34/><T13/><D114/><U68/><E120/><V117/><F117/><W100/><G118/><T55/><D130/><U5/><E125/><V81/><F123/><W31/><G31/><T128/><D128/><U115/><E115/><V20/><F96/><W42/><G109/><N who="0" m="41483" /><D41/><U72/><E72/><V106/><F7/><W87/><G42/><T91/><D13/><U103/><E27/><V99/><F1/><W28/><G28/><T52/><D90/><U105/><E105/><V35/><F35/><W119/><G119/><T59/><D55/><U57/><E133/><V8/><F8/><W121/><G121/><T45/><D45/><U43/><E51/><V71/><F71/><AGARI ba="0,0" hai="52,59,63,69,70,71,80,82,83,86,91" m="41483" machi="71" ten="30,2000,0" yaku="14,1,54,1" doraHai="131" who="0" fromWho="2" sc="237,20,277,0,243,-20,243,0" /><INIT seed="2,0,0,0,3,65" ten="257,277,223,243" oya="2" hai0="54,129,98,57,75,77,38,20,35,41,118,99,94" hai1="115,66,51,11,114,37,18,67,10,71,113,59,0" hai2="82,119,124,56,79,101,107,70,121,48,34,6,76" hai3="109,64,42,58,50,19,103,40,112,78,43,135,61"/><V105/><F34/><W104/><G104/><T8/><D35/><U96/><E37/><V73/><F121/><W55/><G103/><T92/><D75/><U125/><E125/><V27/><F119/><W46/><G78/><T53/><D77/><U85/><E0/><V45/><F79/><W97/><G97/><T91/><D118/><U16/><E11/><V62/><F6/><W128/><G19/><T74/><D74/><U29/><E29/><V23/><F124/><W9/><G9/><T49/><D129/><U30/><E30/><V106/><F70/><N who="3" m="42255" /><G128/><T134/><D134/><U25/><E71/><V60/><F101/><W93/><G93/><T88/><D38/><U69/><E69/><V44/><F44/><W26/><G26/><T83/><D83/><U14/><E96/><V80/><F80/><W31/><G31/><T3/><D20/><U122/><E122/><V15/><F15/><W100/><G100/><T84/><D84/><U13/><E85/><V123/><F123/><W102/><G102/><T72/><D72/><U33/><E33/><V2/><F2/><W22/><G22/><T17/><D3/><U126/><E25/><V1/><F1/><W4/><G4/><T28/><D28/><U117/><E117/><V95/><F95/><W108/><G135/><T81/><D81/><U24/><E24/><V116/><F116/><W47/><G112/><T111/><D99/><U133/><E133/><V32/><F32/><W7/><G7/><T87/><D87/><U5/><E126/><V39/><F106/><W132/><G132/><T68/><D98/><RYUUKYOKU ba="0,0" sc="257,-10,277,-10,223,-10,243,30" hai3="40,42,43,46,47,50,55,58,108,109" /><INIT seed="3,1,0,1,3,60" ten="247,267,213,273" oya="3" hai0="26,18,120,79,90,115,81,103,37,134,91,93,44" hai1="84,97,128,126,82,31,2,9,73,124,51,22,20" hai2="125,36,74,38,106,111,130,47,25,135,102,118,19" hai3="107,80,100,41,131,85,49,65,132,8,30,28,122"/><W76/><G107/><T4/><D120/><U64/><E73/><V114/><RYUUKYOKU type="yao9" ba="1,0" sc="247,0,267,0,213,0,273,0" hai2="19,25,36,38,47,74,102,106,111,114,118,125,130,135" /><INIT seed="3,2,0,0,4,113" ten="247,267,213,273" oya="3" hai0="14,40,63,86,33,107,38,9,79,99,15,6,101" hai1="45,124,46,5,127,77,3,11,18,70,83,133,35" hai2="31,121,23,120,67,109,44,88,72,115,28,126,1" hai3="41,30,85,7,25,125,19,130,105,108,48,119,66"/><W43/><G105/><T134/><D33/><U132/><E70/><V112/><F72/><W74/><G74/><T97/><D134/><N who="1" m="51819" /><E35/><V24/><F67/><W37/><G119/><T65/><D97/><U50/><E18/><N who="2" m="12407" /><F44/><N who="1" m="17001" /><E50/><V89/><F1/><W55/><G125/><T69/><D38/><U102/><E102/><V13/><F126/><W106/><G106/><T8/><D40/><U95/><E95/><V0/><F0/><W81/><G130/><T42/><D42/><U61/><E61/><V103/><F103/><W4/><G19/><T49/><D49/><U2/><E2/><V34/><F34/><W56/><G66/><T62/><D62/><U135/><N who="1" m="51827" /><U82/><DORA hai="71" /><E82/><V129/><F129/><W123/><G123/><N who="2" m="47177" /><F109/><W87/><G108/><T20/><D69/><U64/><E64/><V68/><F68/><W53/><G43/><T91/><D65/><U22/><E22/><V54/><F54/><W111/><G55/><T92/><D20/><U36/><E36/><V104/><F104/><W17/><G37/><T116/><D63/><U57/><E57/><V32/><F32/><W51/><G111/><T47/><D47/><U21/><E21/><V58/><F58/><W26/><G41/><T131/><D131/><U110/><E110/><V78/><F78/><W52/><G56/><T60/><D79/><U96/><E96/><V39/><F39/><W114/><G17/><N who="0" m="8391" /><D60/><U75/><AGARI ba="2,0" hai="3,5,11,75,77,83,124,127" m="17001,51827" machi="75" ten="50,1600,0" yaku="20,1" doraHai="113,71" who="1" fromWho="1" sc="247,-6,267,22,213,-6,273,-10" /><INIT seed="4,0,0,5,1,81" ten="241,289,207,263" oya="0" hai0="15,39,48,14,3,65,94,63,80,61,25,128,93" hai1="18,41,0,34,118,57,47,73,59,101,67,11,82" hai2="42,90,121,106,46,98,30,44,107,100,85,76,4" hai3="64,16,54,60,6,71,69,21,43,79,22,88,120"/><T132/><D39/><U117/><E34/><V84/><F121/><W31/><G6/><T103/><D3/><U91/><E101/><V102/><F4/><W9/><G71/><T56/><D132/><U97/><E117/><V72/><F30/><W111/><G111/><T122/><D122/><U29/><E29/><V50/><F72/><W52/><G79/><T83/><D128/><U135/><E135/><V5/><F5/><W114/><G114/><T23/><D48/><U45/><E45/><V49/><F76/><W32/><G32/><T38/><D38/><U51/><E67/><V53/><F90/><W58/><G69/><T7/><D63/><U126/><E118/><V104/><F104/><W129/><G43/><T26/><D26/><U127/><E73/><V75/><F75/><W27/><G129/><T99/><D93/><U20/><E11/><V116/><F116/><W92/><G9/><N who="0" m="4415" /><D15/><N who="1" m="9311" /><E0/><V40/><REACH who="2" step="1"/><F53/><REACH who="2" ten="241,289,197,263" step="2"/><W17/><G120/><T24/><D24/><U109/><E109/><V66/><F66/><W12/><G31/><AGARI ba="0,1" hai="23,25,31,56,61,65,80,83,94,99,103" m="4415" machi="31" ten="30,2900,0" yaku="25,1,8,1" doraHai="81" who="0" fromWho="3" sc="241,39,289,0,197,0,263,-29" /><INIT seed="4,1,0,4,2,85" ten="280,289,197,234" oya="0" hai0="43,124,86,134,9,60,12,5,25,101,21,64,106" hai1="10,63,62,100,69,15,40,80,56,30,129,88,7" hai2="117,20,48,32,114,132,118,90,113,31,61,35,95" hai3="51,50,73,55,102,41,103,84,104,105,4,66,107"/><T34/><D134/><U28/><E129/><V123/><F123/><W108/><G66/><T8/><D34/><N who="2" m="12842" /><F48/><N who="3" m="18475" /><G84/><T127/><D43/><U79/><E40/><V109/><F61/><W16/><G41/><T14/><D106/><U19/><E69/><V67/><F67/><W27/><G27/><T36/><D101/><N who="3" m="38409" /><G4/><T54/><D36/><U45/><E45/><V82/><F82/><W47/><G47/><T13/><D54/><U6/><E100/><V125/><F109/><W33/><G33/><T135/><D135/><U22/><E79/><V70/><F70/><W46/><G46/><T92/><D86/><N who="1" m="50247" /><E62/><V91/><F132/><W49/><N who="3" m="18483" /><W11/><DORA hai="53" /><G55/><T26/><D60/><U81/><E81/><V39/><F39/><W97/><G73/><T112/><D64/><N who="1" m="39015" /><E10/><V44/><F44/><W122/><G108/><T75/><D8/><U24/><E24/><N who="2" m="16775" /><F125/><W3/><G122/><T0/><D124/><U96/><E96/><N who="2" m="57463" /><F91/><W128/><G97/><T37/><D127/><U23/><E30/><V18/><F18/><W94/><G94/><T120/><D92/><U59/><E28/><V111/><F111/><W87/><G87/><T72/><D120/><U110/><E110/><V131/><F131/><W119/><G128/><T83/><D72/><U71/><E71/><V99/><F99/><W77/><G77/><T17/><D75/><U116/><E6/><V115/><AGARI ba="1,0" hai="113,114,115,117,118" m="57463,16775,12842" machi="115" ten="40,2700,0" yaku="15,1,52,1" doraHai="85,53" who="2" fromWho="2" sc="280,-14,289,-8,197,30,234,-8" /><INIT seed="5,0,0,1,5,64" ten="266,281,227,226" oya="1" hai0="103,60,33,62,75,61,6,8,63,15,18,86,21" hai1="16,84,1,96,48,42,101,73,80,34,89,121,20" hai2="82,85,53,88,92,106,83,35,38,47,12,49,114" hai3="9,69,43,10,132,97,68,123,23,24,2,111,28"/><U32/><E1/><V119/><F35/><W44/><G123/><T113/><D33/><U7/><E7/><V77/><F119/><W11/><G111/><T66/><D75/><U39/><E39/><V115/><F106/><W58/><G2/><T112/><D103/><U3/><E3/><V128/><F128/><W110/><G110/><T50/><D50/><U98/><E121/><V116/><F116/><W125/><G132/><T65/><N who="0" m="15872" /><DORA hai="91" /><T22/><D86/><U4/><E4/><V99/><F12/><W45/><G125/><T25/><REACH who="0" step="1"/><D22/><REACH who="0" ten="256,281,227,226" step="2"/><U30/><E73/><V19/><F38/><W27/><G58/><T90/><D90/><U94/><E96/><V13/><REACH who="2" step="1"/><F82/><REACH who="2" ten="256,281,217,226" step="2"/><W51/><G97/><T107/><D107/><U133/><E32/><V109/><F109/><W37/><REACH who="3" step="1"/><G27/><REACH who="3" ten="256,281,217,216" step="2"/><T93/><D93/><U79/><E94/><V105/><F105/><W14/><G14/><T131/><D131/><U52/><E133/><V41/><F41/><AGARI ba="0,3" hai="9,10,11,23,24,28,37,41,43,44,45,51,68,69" machi="41" ten="40,8000,1" yaku="1,1,52,2,53,1" doraHai="64,91" doraHaiUra="70,117" who="3" fromWho="2" sc="256,0,281,0,217,-80,216,110" owari="256,-14.0,281,8.0,137,-36.0,326,42.0" /></mjloggm>