<mjloggm ver="2.3"><GO type="97" lobby="0"/><UN n0="%E4%B8%8A%E5%9F%9C%E4%B9%85%2E%2E" n1="%4E%2D%E3%83%AD%E3%83%93%E3%83%B3" n2="%35%65%69%47%4F%36" n3="%E5%B0%B1%E6%B4%BB%E7%94%9F%40%E5%B7%9D%E6%9D%91%E8%BB%8D%E5%9B%A3" dan="14,14,13,15" rate="1971.56,2018.18,1878.67,2013.55" sx="F,M,M,M"/><TAIKYOKU oya="0"/><INIT seed="0,0,0,5,5,79" ten="250,250,250,250" oya="0" hai0="126,27,45,99,55,50,135,107,63,91,101,8,83" hai1="60,59,96,118,35,109,5,92,97,81,120,68,69" hai2="87,51,72,66,19,80,9,103,30,65,26,130,82" hai3="7,16,127,10,31,71,47,90,52,133,41,114,3"/><T112/><D135/><U94/><E35/><V113/><F113/><W0/><G114/><T33/><D126/><U34/><E118/><V13/><F72/><W64/><G127/><T77/><D112/><U89/><E34/><V20/><F130/><W62/><G133/><T32/><D8/><U93/><E120/><V111/><F111/><W21/><G31/><T28/><D91/><U4/><E109/><V88/><F103/><W85/><G3/><T95/><D33/><U70/><E93/><V61/><F61/><W132/><G132/><T14/><D14/><U122/><E122/><V24/><F51/><W86/><G90/><T38/><D38/><U124/><E81/><V57/><F57/><W11/><G11/><T67/><D95/><U110/><E110/><V2/><F2/><W23/><G23/><T100/><D100/><U108/><E108/><V53/><F53/><W75/><G75/><T25/><D25/><U56/><E124/><V116/><F116/><W76/><G76/><T117/><D117/><U40/><E40/><V54/><F54/><W44/><G44/><T128/><D128/><U73/><E73/><V18/><REACH who="2" step="1"/><F80/><REACH who="2" ten="250,250,240,250" step="2"/><W1/><G0/><T17/><D83/><U43/><E43/><V46/><F46/><W125/><G125/><T129/><D129/><U131/><E131/><V6/><F6/><N who="1" m="2665" /><E60/><V84/><F84/><W104/><G104/><T37/><D37/><U123/><E123/><V49/><F49/><N who="3" m="28735" /><G41/><T134/><D134/><U42/><E42/><V102/><F102/><W29/><G62/><T12/><D63/><U115/><E115/><RYUUKYOKU ba="0,1" sc="250,-15,250,15,240,15,250,-15" hai1="56,59,68,69,70,89,92,94,96,97" hai2="9,13,18,19,20,24,26,30,65,66,82,87,88" /><INIT seed="1,1,1,3,3,23" ten="235,265,255,235" oya="1" hai0="87,16,9,65,120,31,71,98,134,12,121,127,41" hai1="81,111,94,107,64,48,55,83,93,73,97,51,17" hai2="30,96,67,118,46,62,21,101,40,128,36,53,113" hai3="4,115,26,82,124,49,59,85,90,7,27,75,32"/><U135/><E107/><V119/><F128/><W103/><G115/><T66/><D134/><U86/><E64/><V8/><F113/><W44/><G124/><T76/><D127/><U116/><E116/><V43/><F43/><N who="3" m="24735" /><G32/><T109/><D71/><U130/><E130/><V0/><F0/><W133/><G75/><T117/><D109/><U106/><E106/><V69/><F8/><W15/><G133/><T131/><D131/><U34/><E34/><V20/><F20/><W132/><G132/><T129/><D129/><U39/><E39/><V37/><F37/><W54/><G103/><T33/><D117/><U10/><E111/><V6/><F6/><N who="3" m="2091" /><G15/><T50/><D98/><U60/><E73/><V88/><F88/><W47/><G47/><N who="0" m="25967" /><D87/><U92/><E86/><V29/><F53/><W35/><G35/><T19/><D76/><U63/><E97/><V105/><F119/><W1/><G1/><T91/><D19/><U89/><E17/><V110/><F118/><W38/><G38/><T42/><D91/><U126/><E89/><V56/><F110/><W14/><G14/><T122/><D42/><U123/><E126/><V114/><F114/><W84/><G85/><T52/><D52/><U13/><E55/><V28/><REACH who="2" step="1"/><F69/><REACH who="2" ten="235,265,245,235" step="2"/><W5/><N who="3" m="2099" /><W45/><DORA hai="80" /><G45/><T104/><D122/><U22/><E123/><V25/><AGARI ba="1,2" hai="21,25,28,29,30,36,40,46,56,62,67,96,101,105" machi="25" ten="30,8000,1" yaku="1,1,0,1,52,1,53,2" doraHai="23,80" doraHaiUra="68,70" who="2" fromWho="2" sc="235,-21,265,-41,245,103,235,-21" /><INIT seed="2,0,0,4,4,87" ten="214,224,348,214" oya="2" hai0="35,122,32,58,6,7,69,104,94,109,65,125,113" hai1="12,133,117,77,57,120,102,70,15,76,59,96,134" hai2="85,43,24,10,66,62,49,72,105,99,11,100,17" hai3="111,61,124,44,19,27,135,45,36,16,21,46,129"/><V52/><F72/><W101/><G111/><T74/><D74/><U81/><E70/><V88/><F43/><W28/><G129/><T1/><D109/><U3/><E3/><V5/><F24/><W63/><G36/><T42/><D104/><U92/><E117/><V25/><F25/><W131/><G131/><T91/><D113/><U89/><E120/><V48/><F17/><N who="3" m="6731" /><G124/><T98/><D125/><U33/><E33/><V56/><F5/><W23/><G135/><N who="1" m="51722" /><E102/><V106/><F106/><W82/><G101/><T4/><D1/><U68/><E68/><V86/><F86/><W108/><G108/><T37/><D122/><U13/><E77/><V116/><F116/><W67/><G23/><T112/><D112/><U103/><E103/><V75/><F75/><AGARI ba="0,0" hai="12,13,15,57,59,75,76,81,89,92,96" m="51722" machi="75" ten="30,2000,0" yaku="20,1,52,1" doraHai="87" who="1" fromWho="2" sc="214,0,224,20,348,-20,214,0" /><INIT seed="3,0,0,4,0,29" ten="214,244,328,214" oya="3" hai0="1,84,89,113,70,75,5,125,6,31,22,114,106" hai1="46,13,55,124,119,19,12,73,16,59,134,38,69" hai2="98,94,127,58,81,20,2,72,0,9,52,78,62" hai3="8,74,49,102,21,50,131,90,88,54,85,107,14"/><W63/><G74/><T15/><D106/><U44/><E73/><V133/><F133/><W82/><G131/><T79/><D125/><U68/><E124/><V25/><F127/><W26/><G107/><T80/><D70/><U53/><E134/><V135/><F9/><W108/><G102/><T87/><D75/><U121/><E59/><V71/><F71/><W18/><G108/><T83/><D1/><U112/><E38/><V109/><F109/><W97/><G97/><T24/><REACH who="0" step="1"/><D15/><REACH who="0" ten="204,244,328,214" step="2"/><U42/><E68/><V40/><F135/><W126/><G126/><T86/><D86/><U7/><E69/><V34/><F2/><W105/><G105/><T60/><D60/><U66/><E12/><V130/><F0/><W117/><G117/><T41/><D41/><U48/><E13/><V56/><F40/><W101/><G101/><T17/><D17/><U27/><E16/><V128/><F130/><W36/><G36/><T39/><D39/><U64/><E19/><V110/><F128/><W67/><G90/><T47/><D47/><U111/><E44/><V132/><F132/><W92/><G82/><T35/><D35/><U115/><E119/><V32/><F56/><N who="3" m="35223" /><G67/><T51/><D51/><U93/><E66/><V37/><F37/><W103/><G103/><T118/><D118/><U3/><E48/><V33/><F110/><W116/><G116/><T95/><D95/><U61/><E64/><V123/><F33/><W99/><G85/><T45/><D45/><U28/><E46/><V76/><F72/><W23/><G8/><T65/><D65/><U91/><E111/><RYUUKYOKU ba="0,1" sc="204,15,244,-15,328,-15,214,15" hai0="5,6,22,24,31,79,80,83,84,87,89,113,114" hai3="14,18,21,23,26,49,50,88,92,99" /><INIT seed="3,1,1,2,5,3" ten="219,229,313,229" oya="3" hai0="135,31,59,28,68,10,27,104,121,33,14,103,17" hai1="126,69,1,39,40,93,23,52,86,127,7,8,114" hai2="78,57,116,133,18,125,117,61,9,99,131,113,132" hai3="50,24,75,79,37,98,53,74,73,62,54,43,108"/><W25/><G108/><T38/><D38/><U65/><E114/><V34/><F113/><W81/><G37/><T60/><D121/><U26/><E65/><V55/><F34/><W45/><G98/><N who="0" m="61559" /><D59/><U89/><E69/><V44/><F78/><W47/><G62/><T30/><D135/><N who="2" m="51786" /><F131/><W134/><G134/><T100/><D100/><U63/><E40/><V36/><F125/><N who="1" m="47625" /><E39/><V0/><F99/><W4/><G4/><T84/><D84/><U32/><E32/><V118/><F36/><W120/><G120/><T49/><D49/><U88/><E89/><V76/><F76/><W94/><G94/><T41/><D41/><U15/><E1/><V42/><F0/><W96/><G96/><T92/><D92/><U6/><E15/><N who="2" m="7535" /><F42/><W101/><G101/><T66/><AGARI ba="1,1" hai="10,14,17,27,28,30,31,33,60,66,68" m="61559" machi="66" ten="30,1100,0" yaku="25,1" doraHai="3" who="0" fromWho="0" sc="219,24,229,-4,313,-4,229,-6" owari="243,4.0,225,-17.0,309,41.0,223,-28.0" /></mjloggm>