<mjloggm ver="2.3"><GO type="41" lobby="0"/><UN n0="%E5%AE%8C%E5%85%A8%E6%84%9F%E8%A6%9A%44" n1="%E3%82%A6%E3%83%AB%E3%83%88%E3%83%A9%E7%AB%8B%E7%9B%B4" n2="%7A%61%62%6F%6E%74%69%32" n3="%73%69%67%65%31%30" dan="16,15,13,13" rate="1978.62,2031.51,1939.73,2010.57" sx="M,M,M,M"/><TAIKYOKU oya="0"/><INIT seed="0,0,0,0,0,16" ten="250,250,250,250" oya="0" hai0="119,34,89,110,32,25,65,2,21,75,90,27,70" hai1="123,0,29,115,135,87,55,67,63,54,41,127,120" hai2="91,31,77,20,45,76,130,6,56,128,103,60,92" hai3="1,118,43,129,24,46,95,108,47,22,73,112,49"/><T48/><D119/><U26/><E87/><V113/><F113/><W3/><G118/><T121/><D121/><U28/><E0/><V30/><F103/><W79/><G112/><T102/><D75/><U111/><E115/><V68/><F68/><W133/><G108/><T19/><D2/><U126/><E26/><V134/><F134/><W100/><G129/><N who="2" m="49769" /><F6/><W101/><G133/><T64/><D110/><U105/><E111/><V40/><F56/><W59/><G101/><T33/><D102/><U36/><E135/><V5/><F60/><W4/><G4/><T109/><D109/><U80/><E80/><V57/><F5/><W38/><G59/><T104/><D104/><U78/><E78/><N who="2" m="30315" /><F57/><W51/><G38/><T18/><D48/><U107/><E63/><V94/><F94/><W93/><G93/><T14/><D70/><U12/><E67/><V125/><F125/><W131/><G131/><T50/><D50/><U117/><E36/><N who="2" m="21639" /><F31/><W72/><G73/><T37/><D37/><U114/><E117/><V58/><F58/><W86/><G72/><T97/><D97/><U62/><E62/><V81/><F81/><W99/><G79/><T116/><D116/><U66/><E66/><V13/><F13/><W8/><G86/><T85/><D14/><U98/><E114/><V9/><F9/><W35/><G8/><T10/><D10/><U15/><REACH who="1" step="1"/><E98/><REACH who="1" ten="250,240,250,250" step="2"/><N who="2" m="57631" /><F30/><W88/><G1/><T53/><D85/><U7/><E7/><V106/><F106/><W23/><G3/><T11/><D27/><U71/><E71/><V42/><F42/><AGARI ba="0,1" hai="12,15,28,29,41,42,54,55,105,107,120,123,126,127" machi="42" ten="25,3200,0" yaku="1,1,22,2,53,0" doraHai="16" doraHaiUra="17" who="1" fromWho="2" sc="250,0,240,42,250,-32,250,0" /><INIT seed="1,0,0,4,2,13" ten="250,282,218,250" oya="1" hai0="9,83,129,5,77,127,119,53,63,45,126,82,54" hai1="88,19,23,113,79,24,67,133,112,99,14,18,90" hai2="135,52,51,37,70,92,86,91,123,120,46,68,74" hai3="98,15,1,81,75,107,118,93,134,60,62,16,39"/><U58/><E133/><V102/><F74/><W61/><G134/><T50/><D119/><U73/><E73/><V106/><F135/><W43/><G118/><T114/><D114/><U31/><E79/><V115/><F115/><W110/><G110/><T109/><D109/><U32/><E67/><V44/><F106/><W10/><G107/><T33/><D33/><U97/><E112/><V59/><F102/><W21/><G81/><T108/><D108/><U12/><E113/><V131/><F131/><W41/><G75/><T40/><D129/><U100/><E58/><V56/><F86/><W7/><REACH who="3" step="1"/><G39/><REACH who="3" ten="250,282,218,240" step="2"/><T122/><D83/><U0/><E0/><V3/><F92/><W76/><G76/><T38/><D38/><U8/><E99/><V4/><F91/><AGARI ba="0,1" hai="1,7,10,15,16,21,41,43,60,61,62,91,93,98" machi="91" ten="40,5200,0" yaku="1,1,52,1,54,1,53,0" doraHai="13" doraHaiUra="111" who="3" fromWho="2" sc="250,0,282,0,218,-52,240,62" /><INIT seed="2,0,0,5,1,91" ten="250,282,166,302" oya="2" hai0="31,128,60,120,86,9,30,41,1,0,34,100,73" hai1="65,27,131,45,127,63,4,16,42,14,46,64,59" hai2="110,94,35,97,111,23,49,10,66,92,114,126,85" hai3="82,134,33,123,101,53,17,113,104,56,38,109,20"/><V28/><F114/><W129/><G113/><T3/><D73/><U98/><E127/><V74/><F35/><W19/><G33/><T40/><D120/><U37/><E131/><V70/><F74/><W58/><G129/><T12/><D128/><U87/><E4/><V47/><F126/><W5/><G123/><T54/><D100/><U75/><E75/><V112/><F112/><W55/><G109/><N who="2" m="41481" /><F10/><W83/><G134/><T72/><D72/><U61/><E27/><N who="2" m="16511" /><F85/><W102/><G38/><T7/><D86/><U50/><E87/><V22/><F22/><W36/><G36/><T52/><D34/><U84/><E84/><V15/><F15/><W26/><G5/><T18/><D7/><U88/><E37/><V125/><F125/><W133/><G133/><T96/><D96/><U80/><E80/><V62/><F97/><W69/><G20/><T124/><D124/><U57/><E46/><V135/><F135/><W68/><G26/><T11/><D9/><U77/><E77/><V118/><F118/><W119/><G119/><T115/><D115/><U43/><E43/><AGARI ba="0,0" hai="43,47,49,62,66,70,92,94" m="16511,41481" machi="43" ten="30,11600,0" yaku="14,1,10,1,52,2" doraHai="91" who="2" fromWho="1" sc="250,0,282,-116,166,116,302,0" /><INIT seed="2,1,0,3,1,12" ten="250,166,282,302" oya="2" hai0="127,47,106,8,73,41,22,72,48,101,30,133,75" hai1="125,135,50,82,70,52,35,33,86,40,98,128,91" hai2="57,102,122,120,89,14,18,116,108,92,103,15,131" hai3="37,84,105,61,2,28,59,66,42,21,99,53,67"/><V55/><F116/><W115/><G2/><T71/><D71/><U38/><E70/><V124/><F131/><W85/><G115/><T44/><D127/><U27/><E128/><V46/><F124/><W126/><G126/><T20/><D133/><U43/><E125/><V58/><F108/><W107/><G105/><T6/><D101/><N who="2" m="38410" /><F122/><W117/><G107/><T80/><D106/><U11/><E135/><V0/><F0/><W3/><G3/><T109/><D109/><U76/><E38/><V32/><F32/><W31/><G99/><T97/><D97/><U19/><E35/><V49/><F120/><W63/><G117/><T93/><D93/><N who="1" m="56639" /><E33/><V121/><F121/><W65/><G63/><T130/><D130/><U79/><E79/><V90/><F15/><W123/><G123/><T10/><D80/><U39/><E39/><V110/><F110/><W5/><G5/><T88/><D6/><U69/><E69/><V118/><F118/><W95/><G95/><T78/><D78/><U36/><E36/><V96/><F90/><W87/><G42/><T16/><D88/><U29/><E29/><V56/><F56/><W64/><G64/><T77/><D77/><U111/><E111/><V26/><F26/><W9/><G37/><T104/><D104/><U4/><E4/><V68/><F68/><W100/><G100/><T94/><D72/><U129/><E129/><V74/><F74/><W17/><G9/><AGARI ba="1,0" hai="9,14,18,46,49,55,57,58,89,92,96" m="38410" machi="9" ten="30,2900,0" yaku="8,1,52,1" doraHai="12" who="2" fromWho="3" sc="250,0,166,0,282,32,302,-32" /><INIT seed="2,2,0,5,2,46" ten="250,166,314,270" oya="2" hai0="92,86,116,83,112,126,52,49,25,79,23,97,123" hai1="31,121,127,19,106,41,82,29,81,75,57,45,102" hai2="30,43,131,103,91,130,32,22,124,94,55,38,54" hai3="53,56,39,109,47,74,9,84,115,105,63,65,119"/><V101/><F32/><W33/><G109/><T3/><D112/><U108/><E106/><V37/><F124/><W132/><G115/><T15/><D3/><U7/><E108/><V24/><F43/><W78/><G105/><T17/><D123/><U68/><E68/><V13/><F13/><W62/><G33/><T89/><D116/><U8/><E127/><V104/><F104/><W133/><G119/><T11/><D126/><U27/><E121/><V35/><F35/><W67/><G74/><T59/><REACH who="0" step="1"/><D25/><REACH who="0" ten="240,166,314,270" step="2"/><U110/><E110/><V98/><F38/><W60/><G39/><T114/><D114/><U107/><E107/><V128/><REACH who="2" step="1"/><F37/><REACH who="2" ten="240,166,304,270" step="2"/><W61/><G132/><T40/><D40/><U58/><E41/><V50/><F50/><W80/><G133/><T90/><D90/><U5/><E27/><V72/><F72/><W21/><G78/><T0/><D0/><U66/><E75/><V134/><F134/><W93/><G67/><T4/><D4/><U100/><E66/><V6/><F6/><W117/><G65/><T1/><D1/><U42/><E42/><V129/><N who="2" m="33280" /><DORA hai="2" /><V120/><F120/><W77/><G77/><T87/><D87/><U111/><E111/><V70/><F70/><W125/><G84/><T88/><D88/><U44/><REACH who="1" step="1"/><E8/><AGARI ba="2,2" hai="8,11,15,17,23,49,52,59,79,83,86,89,92,97" machi="8" ten="40,8000,1" yaku="1,1,8,1,52,1,54,1,53,1" doraHai="46,2" doraHaiUra="95,122" who="0" fromWho="1" sc="240,106,166,-86,304,0,270,0" /><INIT seed="3,0,0,4,5,9" ten="346,80,304,270" oya="3" hai0="74,3,32,12,37,17,121,29,57,112,4,105,110" hai1="59,93,99,21,24,75,36,130,35,82,46,97,85" hai2="84,39,103,78,60,123,20,66,100,50,98,115,11" hai3="61,134,49,23,107,27,83,124,111,54,42,126,116"/><W6/><G107/><T118/><RYUUKYOKU type="yao9" ba="0,0" sc="346,0,80,0,304,0,270,0" hai0="3,4,12,17,29,32,37,57,74,105,110,112,118,121" /><INIT seed="3,1,0,4,4,1" ten="346,80,304,270" oya="3" hai0="9,67,74,31,38,39,66,65,32,0,109,102,84" hai1="44,28,93,13,34,55,59,100,53,12,49,48,56" hai2="41,30,37,42,126,46,90,51,120,69,20,77,129" hai3="117,132,18,63,43,106,91,78,114,104,96,47,72"/><W45/><G117/><T40/><D74/><U128/><E128/><V81/><F129/><W92/><G114/><T15/><D0/><U35/><E44/><V22/><F69/><W75/><G47/><T89/><D102/><U57/><E28/><V11/><F37/><W60/><G132/><T135/><D135/><U79/><E79/><V73/><F126/><W62/><G72/><T115/><D109/><U116/><E116/><V130/><F130/><W27/><G78/><T123/><D123/><U70/><E70/><V52/><F120/><W16/><G75/><T76/><D76/><U119/><E119/><V5/><F90/><W19/><REACH who="3" step="1"/><G27/><REACH who="3" ten="346,80,304,260" step="2"/><N who="0" m="18559" /><D115/><U86/><E57/><V112/><F112/><W8/><G8/><T7/><D9/><U107/><E35/><V108/><F108/><W61/><N who="3" m="15872" /><DORA hai="98" /><W4/><G4/><T23/><D7/><U88/><E34/><V118/><F118/><W3/><G3/><T133/><D133/><U82/><E107/><V113/><F113/><W64/><G64/><T83/><D67/><U10/><E10/><V54/><F42/><W103/><G103/><T134/><D40/><U58/><E58/><V26/><REACH who="2" step="1"/><F22/><REACH who="2" ten="346,80,294,260" step="2"/><W68/><G68/><T101/><D134/><U71/><E71/><V99/><F99/><AGARI ba="1,2" hai="12,13,48,49,53,55,56,59,82,86,88,93,99,100" machi="99" ten="40,8000,1" yaku="9,1,8,1,52,1,54,1" doraHai="1,98" who="1" fromWho="2" sc="346,0,80,103,294,-83,260,0" /><INIT seed="4,0,0,1,1,85" ten="346,183,211,260" oya="0" hai0="34,52,101,113,68,128,22,39,19,124,84,94,33" hai1="63,0,55,7,107,100,16,11,8,121,18,45,115" hai2="15,6,59,60,58,133,87,57,111,83,49,29,88" hai3="98,135,46,108,119,122,24,43,1,48,9,5,96"/><T20/><D39/><U41/><E121/><V25/><F133/><W120/><G135/><T125/><D68/><U131/><E131/><V99/><F111/><W28/><G108/><T106/><D128/><U79/><E115/><V32/><F99/><W109/><G109/><T104/><D113/><U77/><E100/><V127/><F127/><N who="0" m="48714" /><D52/><U2/><E107/><N who="0" m="41001" /><D101/><U62/><E55/><V14/><F49/><W112/><G112/><T35/><D19/><U53/><E53/><V74/><F74/><W75/><G75/><T130/><D130/><U134/><E134/><V91/><F91/><AGARI ba="0,0" hai="20,22,33,34,35,84,91,94" m="41001,48714" machi="91" ten="40,3900,0" yaku="18,1,52,1" doraHai="85" who="0" fromWho="2" sc="346,39,183,0,211,-39,260,0" /><INIT seed="4,1,0,0,4,73" ten="385,183,172,260" oya="0" hai0="116,71,34,6,5,129,96,1,87,0,22,10,13" hai1="39,64,28,41,55,27,88,21,125,134,112,9,62" hai2="11,38,135,76,83,133,44,84,118,124,56,36,23" hai3="8,16,4,24,68,47,107,93,89,90,59,33,113"/><T115/><D71/><U111/><E111/><V42/><F124/><W114/><G68/><T74/><D74/><U128/><E41/><V85/><F11/><W18/><G107/><T20/><D87/><U110/><E39/><V25/><F118/><W121/><G121/><T102/><D116/><U98/><E112/><V123/><F123/><W75/><G75/><T69/><D69/><U120/><E125/><V50/><F56/><W49/><G59/><T43/><D43/><U97/><E128/><V54/><F85/><W72/><G72/><T78/><D78/><U66/><E134/><V63/><F63/><W31/><G89/><T67/><D67/><N who="1" m="25643" /><E110/><V12/><F12/><W91/><G90/><T60/><D60/><U19/><E120/><V82/><F82/><W86/><G114/><T37/><D37/><U131/><E131/><V58/><REACH who="2" step="1"/><F38/><REACH who="2" ten="385,183,162,260" step="2"/><W26/><G113/><T80/><D13/><N who="1" m="7599" /><E88/><V103/><F103/><W104/><G26/><T48/><D102/><U52/><E62/><V53/><F53/><AGARI ba="1,1" hai="21,27,28,52,53,55,97,98" m="7599,25643" machi="53" ten="30,2000,0" yaku="8,1,54,1" doraHai="73" who="1" fromWho="2" sc="385,0,183,33,162,-23,260,0" /><INIT seed="5,0,0,4,3,44" ten="385,216,139,260" oya="1" hai0="66,43,32,80,74,10,72,124,60,37,2,92,85" hai1="62,103,20,121,102,90,84,94,16,118,98,89,54" hai2="53,38,64,21,119,57,49,99,46,19,104,78,111" hai3="8,29,67,40,61,91,5,120,114,77,69,11,34"/><U129/><E129/><V97/><F119/><W36/><G114/><T59/><D32/><U79/><E79/><V18/><F111/><W51/><G120/><T134/><D124/><U82/><E118/><V42/><F104/><W45/><G77/><T112/><D112/><U63/><E121/><V133/><F78/><W127/><G127/><T105/><D105/><U3/><E3/><V128/><F133/><W125/><G125/><T68/><D134/><U109/><E109/><V122/><F128/><W93/><G29/><T25/><D92/><U71/><E71/><V110/><F122/><W55/><G5/><T15/><D2/><U47/><E63/><V23/><F110/><W26/><G26/><T117/><D25/><U41/><E54/><V7/><F7/><W50/><G50/><T56/><D117/><U115/><E62/><V0/><F0/><W28/><G28/><T14/><D43/><U48/><E115/><V87/><F87/><W65/><G65/><T100/><D100/><U4/><E4/><V17/><REACH who="2" step="1"/><F64/><REACH who="2" ten="385,216,129,260" step="2"/><W31/><G34/><T123/><D85/><U22/><E22/><AGARI ba="0,1" hai="17,18,19,21,22,23,38,42,46,49,53,57,97,99" machi="22" ten="40,5200,0" yaku="1,1,2,1,52,1,53,0" doraHai="44" doraHaiUra="86" who="2" fromWho="1" sc="385,0,216,-52,129,62,260,0" /><INIT seed="6,0,0,3,2,90" ten="385,164,191,260" oya="2" hai0="98,70,25,95,53,17,121,38,109,80,35,62,103" hai1="91,113,84,129,73,126,112,102,118,2,86,85,97" hai2="128,61,46,101,64,82,23,45,12,78,100,57,119" hai3="51,27,26,31,89,54,104,125,3,9,19,115,124"/><V72/><F119/><W131/><G104/><T47/><D109/><U0/><E0/><V6/><F128/><W14/><G131/><T18/><D121/><U34/><E34/><V130/><F130/><W81/><G115/><N who="1" m="44106" /><E2/><V96/><F101/><W33/><G27/><T30/><D80/><N who="1" m="49543" /><E129/><V8/><REACH who="2" step="1"/><F23/><REACH who="2" ten="385,164,181,260" step="2"/><W21/><G21/><T48/><D103/><U122/><E118/><V114/><F114/><W43/><G124/><T52/><D35/><U67/><E126/><V29/><F29/><W1/><G125/><T56/><D30/><U24/><E24/><V133/><F133/><W93/><G33/><T127/><D127/><U83/><E67/><V37/><F37/><W110/><G31/><T75/><D25/><U99/><E122/><V11/><F11/><W79/><G26/><T22/><D38/><U28/><E28/><V77/><F77/><W116/><G116/><T4/><D22/><U134/><E134/><V111/><F111/><W108/><G110/><T59/><D18/><U15/><E15/><V5/><F5/><W76/><G76/><T94/><D17/><U63/><E102/><V92/><AGARI ba="0,1" hai="6,8,12,45,46,57,61,64,72,78,82,92,96,100" machi="92" ten="20,7800,0" yaku="1,1,0,1,7,1,52,1,53,0" doraHai="90" doraHaiUra="71" who="2" fromWho="2" sc="385,-26,164,-26,181,88,260,-26" /><INIT seed="6,1,0,1,3,85" ten="359,138,269,234" oya="2" hai0="42,115,76,129,90,59,134,10,58,62,28,30,121" hai1="116,33,39,3,53,48,19,51,57,16,84,69,88" hai2="133,40,25,21,60,103,47,9,67,2,107,117,1" hai3="35,118,50,119,74,114,123,52,5,36,64,70,132"/><V68/><F117/><W26/><G74/><T95/><D121/><U125/><E39/><V135/><F107/><W97/><G123/><T87/><D115/><U99/><E69/><V130/><F103/><W65/><G36/><T14/><D134/><N who="2" m="51210" /><F130/><W31/><G132/><T7/><D129/><U80/><E33/><V124/><F9/><W46/><G114/><T66/><D42/><U45/><E3/><V20/><F124/><W86/><G5/><T44/><D44/><U105/><E125/><V56/><F68/><W110/><G110/><T75/><REACH who="0" step="1"/><D59/><REACH who="0" ten="349,138,269,234" step="2"/><U71/><E71/><V79/><F79/><W126/><G70/><T17/><D17/><U8/><E116/><V93/><F93/><W27/><G119/><T34/><D34/><U122/><E122/><V55/><F67/><W6/><G118/><T77/><D77/><U100/><REACH who="1" step="1"/><E8/><REACH who="1" ten="349,128,269,234" step="2"/><V22/><F25/><W91/><G27/><T101/><D101/><U13/><E13/><V18/><F18/><W98/><G126/><T120/><D120/><U49/><E49/><AGARI ba="1,2" hai="1,2,20,21,22,40,47,49,55,56,60" m="51210" machi="49" ten="30,1500,0" yaku="20,1" doraHai="85" who="2" fromWho="1" sc="349,0,128,-18,269,38,234,0" /><INIT seed="6,2,0,3,3,107" ten="349,110,307,234" oya="2" hai0="101,44,10,29,85,121,22,6,60,14,12,96,11" hai1="133,42,108,100,38,128,36,103,66,127,8,45,56" hai2="111,61,118,2,84,129,87,25,67,16,124,78,15" hai3="88,90,104,33,93,41,89,7,135,32,131,0,71"/><V5/><F118/><W48/><G104/><T24/><D121/><U39/><E103/><V132/><F124/><W47/><G71/><T26/><D85/><U97/><E108/><V98/><F111/><W69/><G69/><T57/><D44/><U62/><E127/><V82/><F129/><W74/><G131/><T28/><D101/><U92/><E128/><V122/><F132/><W80/><G135/><T73/><D96/><U94/><E133/><V3/><F122/><W95/><G93/><T43/><D43/><U23/><E8/><V4/><F98/><W109/><G95/><T27/><D73/><U81/><E94/><V55/><F3/><W18/><G109/><T110/><D110/><U17/><E81/><N who="2" m="47159" /><F2/><W99/><G99/><T31/><D57/><U115/><REACH who="1" step="1"/><E115/><REACH who="1" ten="349,100,307,234" step="2"/><V75/><F75/><W130/><G74/><T53/><D31/><U125/><E125/><V76/><F25/><AGARI ba="2,1" hai="17,23,25,36,38,39,42,45,56,62,66,92,97,100" machi="25" ten="30,3900,0" yaku="1,1,7,1,53,1" doraHai="107" doraHaiUra="91" who="1" fromWho="2" sc="349,0,100,55,307,-45,234,0" /><INIT seed="7,0,0,3,0,66" ten="349,155,262,234" oya="3" hai0="46,42,99,45,17,114,52,29,79,91,67,20,47" hai1="115,131,75,89,74,35,62,134,127,83,10,49,48" hai2="36,133,81,38,57,128,123,24,2,63,72,9,44" hai3="82,80,126,93,18,33,76,85,112,39,43,28,108"/><W120/><G126/><T8/><D114/><U16/><E35/><V23/><F123/><W3/><G112/><T7/><D29/><U4/><E115/><V94/><F128/><W31/><G120/><T30/><D30/><U68/><E131/><V105/><F133/><W113/><G113/><T11/><D67/><U15/><E134/><V69/><F105/><W41/><G3/><T59/><D79/><U96/><E127/><V129/><F69/><W25/><G31/><T70/><D70/><U95/><E75/><V58/><F129/><W135/><G135/><T0/><D42/><U88/><E74/><V106/><F106/><W64/><G108/><T92/><D7/><U124/><E124/><V22/><F2/><W65/><G93/><T117/><D0/><U40/><E40/><V109/><F109/><W37/><G43/><T53/><D117/><U14/><E68/><V118/><F118/><W32/><G32/><T13/><D53/><U125/><E125/><V103/><F72/><W101/><G101/><T84/><D99/><U97/><E62/><AGARI ba="0,0" hai="8,11,13,17,20,45,46,47,52,59,62,84,91,92" machi="62" ten="40,2600,0" yaku="8,1,54,1" doraHai="66" who="0" fromWho="1" sc="349,26,155,-26,262,0,234,0" owari="375,48.0,129,-37.0,262,6.0,234,-17.0" /></mjloggm>