<mjloggm ver="2.3"><GO type="97" lobby="0"/><UN n0="%E3%83%9E%E3%83%AB%E3%82%B2%E3%83%AA%E3%83%BC%E3%82%BF" n1="%E9%BB%84%E3%83%94%E3%82%AF%E3%83%9F%E3%83%B3" n2="%E7%9B%97%E8%B3%8A%E3%81%AC%E3%81%93" n3="%E3%82%A6%E3%83%AB%E3%83%88%E3%83%A9%E7%AB%8B%E7%9B%B4" dan="13,14,14,15" rate="1887.59,1927.23,1953.95,2021.83" sx="M,M,M,M"/><TAIKYOKU oya="0"/><INIT seed="0,0,0,3,5,50" ten="250,250,250,250" oya="0" hai0="19,124,109,123,42,127,56,85,83,5,121,3,125" hai1="89,39,104,43,86,82,88,58,90,6,26,23,126" hai2="119,115,74,120,96,132,8,60,41,14,64,92,102" hai3="84,28,27,61,70,7,75,99,93,38,21,73,47"/><T66/><D3/><U13/><E104/><V95/><F119/><W87/><G73/><T135/><D5/><U2/><E126/><V105/><F132/><W45/><G75/><T128/><D19/><U117/><E117/><V94/><F115/><W32/><G32/><T131/><D42/><U133/><E133/><V107/><F120/><N who="0" m="46154" /><D66/><U48/><E2/><V17/><F74/><W1/><G1/><T62/><D62/><U91/><E39/><V129/><F129/><N who="0" m="49738" /><D56/><U110/><E110/><V51/><F107/><W29/><G29/><T16/><D16/><N who="1" m="12647" /><E13/><V52/><F41/><W15/><G38/><T76/><D109/><U35/><E35/><V77/><F77/><W4/><G70/><T122/><D122/><U130/><E130/><V34/><F34/><W33/><G33/><T79/><D79/><U68/><E68/><V98/><F98/><W63/><G63/><T69/><D69/><U72/><E6/><V10/><F10/><N who="3" m="4551" /><G61/><T101/><D101/><U78/><E43/><V49/><F64/><W97/><G7/><T81/><D81/><U18/><E18/><V108/><F108/><W111/><G111/><T12/><D12/><U134/><E134/><AGARI ba="0,0" hai="76,83,85,124,125,127,134,135" m="49738,46154" machi="134" ten="40,18000,2" yaku="30,2,18,1,19,1,34,2" doraHai="50" who="0" fromWho="1" sc="250,180,250,-180,250,0,250,0" /><INIT seed="0,1,0,0,4,6" ten="430,70,250,250" oya="0" hai0="67,62,27,98,130,65,63,54,34,96,39,44,75" hai1="30,121,125,22,129,56,92,25,17,40,11,86,53" hai2="2,119,115,101,123,79,128,131,89,59,43,1,116" hai3="76,132,66,47,49,16,95,8,135,57,69,7,15"/><T32/><BYE who="1" /><D75/><U81/><E81/><V102/><F43/><W85/><G69/><T46/><D130/><N who="2" m="49706" /><F59/><W9/><G57/><T26/><REACH who="0" step="1"/><D54/><REACH who="0" ten="420,70,250,250" step="2"/><U13/><E13/><V48/><F116/><W91/><G66/><T114/><D114/><U126/><E126/><V41/><F115/><W42/><REACH who="3" step="1"/><G76/><REACH who="3" ten="420,70,250,240" step="2"/><T111/><D111/><U60/><E60/><V106/><F79/><W21/><G21/><T61/><D61/><U5/><E5/><V80/><F119/><W112/><G112/><T99/><D99/><U93/><E93/><V104/><F106/><W70/><G70/><T117/><D117/><U10/><E10/><V120/><F104/><W90/><G90/><T71/><D71/><U4/><E4/><V122/><F89/><W3/><AGARI ba="1,2" hai="3,7,8,9,15,16,42,47,49,85,91,95,132,135" machi="3" ten="30,8000,1" yaku="1,1,0,1,52,2,54,1,53,0" doraHai="6" doraHaiUra="133" who="3" fromWho="3" sc="420,-41,70,-21,250,-21,240,103" /><INIT seed="1,0,0,3,5,10" ten="379,49,229,343" oya="1" hai0="107,85,134,58,82,126,83,36,93,53,29,32,15" hai1="69,86,100,5,26,81,129,91,80,42,113,111,38" hai2="3,1,127,30,73,17,109,121,19,4,7,75,47" hai3="37,119,14,25,72,71,117,89,35,18,78,128,103"/><U23/><E23/><V56/><F56/><W43/><G71/><T54/><D36/><U123/><E123/><V28/><F47/><W68/><G68/><T105/><D32/><U59/><E59/><V41/><F41/><W90/><G103/><T116/><D29/><U51/><E51/><V120/><REACH who="2" step="1"/><F109/><REACH who="2" ten="379,49,219,343" step="2"/><W77/><G43/><T8/><D58/><U34/><E34/><V61/><F61/><W46/><G46/><T22/><D116/><U76/><E76/><V124/><AGARI ba="0,1" hai="1,3,4,7,17,19,28,30,73,75,120,121,124,127" machi="124" ten="25,6400,0" yaku="1,1,0,1,22,2,53,0" doraHai="10" doraHaiUra="98" who="2" fromWho="2" sc="379,-16,49,-32,219,74,343,-16" /><INIT seed="2,0,0,2,2,51" ten="363,17,293,327" oya="2" hai0="96,129,20,89,50,71,34,102,33,7,35,99,40" hai1="48,52,10,21,46,60,5,116,9,13,54,4,27" hai2="118,73,37,81,44,53,132,106,3,61,97,100,70" hai3="31,1,16,121,101,114,107,36,113,124,24,86,111"/><V29/><F118/><W117/><G36/><T12/><D71/><U62/><E62/><V90/><F3/><W67/><G101/><T105/><D129/><U43/><E43/><V128/><F128/><W65/><G107/><T69/><D69/><U103/><E103/><V83/><F29/><W11/><G121/><T92/><D40/><U76/><E76/><V87/><F132/><W55/><G86/><T108/><D50/><U32/><E32/><V6/><F6/><UN n1="%E9%BB%84%E3%83%94%E3%82%AF%E3%83%9F%E3%83%B3" /><W38/><G38/><T95/><BYE who="1" /><D95/><U66/><E66/><V85/><F73/><W68/><G68/><T74/><D74/><U39/><E39/><V63/><F70/><W2/><G67/><T28/><D108/><U126/><E126/><V72/><F72/><W22/><G65/><T120/><D120/><U17/><E17/><V18/><F18/><W104/><G104/><T14/><D7/><U133/><E133/><V77/><REACH who="2" step="1"/><F37/><REACH who="2" ten="363,17,283,327" step="2"/><W122/><G117/><T8/><D28/><U91/><E91/><V93/><F93/><W134/><G134/><T78/><D33/><U82/><E82/><V123/><F123/><W64/><G122/><T49/><D34/><U88/><E88/><V45/><F45/><W115/><G2/><T42/><D35/><U127/><E127/><V109/><F109/><W130/><G111/><T75/><D75/><U41/><E41/><V59/><F59/><W25/><G124/><T125/><D42/><U58/><E58/><V119/><F119/><W23/><G130/><T57/><D125/><U19/><E19/><V112/><F112/><W0/><G114/><RYUUKYOKU ba="0,1" sc="363,-10,17,-10,283,30,327,-10" hai2="44,53,61,63,77,81,83,85,87,90,97,100,106" /><INIT seed="2,1,1,4,1,35" ten="353,7,313,317" oya="2" hai0="30,82,1,75,87,26,85,117,52,7,83,24,93" hai1="114,105,32,11,61,6,81,110,28,50,128,80,58" hai2="74,39,77,3,37,34,51,23,125,102,15,84,122" hai3="127,73,86,116,0,88,10,14,60,99,92,71,121"/><V123/><F74/><W68/><G73/><T22/><D75/><U69/><E69/><V13/><F34/><W43/><G121/><T56/><D1/><U104/><E104/><V131/><F102/><W98/><G116/><T135/><D7/><U126/><E126/><V79/><F3/><W94/><G127/><T100/><D117/><U119/><E119/><V134/><F125/><W16/><G0/><T108/><D135/><U64/><E64/><V62/><F62/><W55/><G43/><T129/><D129/><U97/><E97/><N who="3" m="36874" /><G71/><T63/><D108/><U27/><E27/><V46/><F23/><W76/><G68/><T4/><D4/><U31/><E31/><V33/><F33/><W49/><G76/><T12/><D12/><U17/><E17/><V91/><F131/><W45/><G60/><T8/><D8/><U111/><E111/><V106/><F106/><W132/><G132/><T29/><D100/><U40/><E40/><N who="2" m="25031" /><F134/><W47/><G47/><T72/><D72/><U2/><E2/><V133/><F133/><W96/><N who="3" m="36882" /><W36/><DORA hai="112" /><G36/><N who="2" m="13897" /><F79/><W67/><G67/><T89/><REACH who="0" step="1"/><D87/><REACH who="0" ten="343,7,313,317" step="2"/><U124/><E124/><V9/><F77/><W95/><AGARI ba="1,2" hai="10,14,16,45,49,55,86,88,92,94,95" m="36882" machi="95" ten="40,5200,0" yaku="8,1,54,2" doraHai="35,112" who="3" fromWho="3" sc="343,-14,7,-14,313,-27,317,75" owari="329,13.0,-7,-51.0,286,-11.0,392,49.0" /></mjloggm>