<mjloggm ver="2.3"><GO type="169" lobby="0"/><UN n0="%E3%81%AA%E3%81%BE%E3%81%AF%E3%81%92%E3%83%AA%E3%83%BC%E3%83%81%E2%98%86" n1="%E3%82%A6%E3%83%AB%E3%83%88%E3%83%A9%E7%AB%8B%E7%9B%B4" n2="%64%61%61%61%61%61%61%61" n3="%E8%84%B3%E5%A4%A9%E3%81%AE%E6%8B%B3" dan="17,17,16,16" rate="2221.43,2148.47,2088.23,2173.10" sx="M,M,M,M"/><TAIKYOKU oya="0"/><INIT seed="0,0,0,3,3,81" ten="250,250,250,250" oya="0" hai0="83,109,77,127,10,126,56,78,86,134,55,37,111" hai1="24,113,106,100,31,132,39,76,61,63,54,67,73" hai2="47,71,11,70,96,13,79,104,58,53,107,17,57" hai3="7,12,112,117,92,60,33,41,72,129,89,52,6"/><T32/><D32/><U121/><E39/><V110/><F110/><N who="0" m="41994" /><D37/><U118/><E54/><V65/><F79/><W97/><G72/><T85/><D134/><U120/><E63/><N who="2" m="38135" /><F70/><W114/><G117/><T43/><D43/><U124/><E124/><N who="0" m="47657" /><D10/><U123/><E132/><V131/><F71/><W38/><G33/><T19/><D19/><U21/><E113/><V14/><F107/><W98/><G41/><T94/><D94/><U69/><E118/><V20/><F104/><W133/><G38/><T0/><D0/><U99/><E123/><V108/><F17/><W9/><G133/><T45/><D45/><U18/><E18/><V25/><F47/><W3/><G3/><T15/><D15/><U125/><E125/><V130/><F13/><W119/><G119/><T42/><D42/><U30/><E30/><V87/><F14/><W62/><G6/><T8/><D8/><U48/><E120/><V36/><F11/><W128/><G112/><T28/><D28/><U35/><E121/><V84/><F36/><W135/><G135/><T102/><D102/><U26/><E21/><V51/><F108/><W82/><G92/><T64/><D64/><U80/><E26/><V1/><F1/><W40/><G40/><T68/><D68/><U93/><E93/><V101/><F20/><W27/><G27/><T90/><D86/><N who="2" m="32810" /><F25/><W74/><G114/><T75/><D75/><U4/><E4/><V5/><F5/><W29/><G74/><T59/><D59/><U115/><E115/><V16/><F16/><W46/><G29/><T122/><D122/><U91/><E31/><RYUUKYOKU ba="0,0" sc="250,15,250,-15,250,15,250,-15" hai0="55,56,77,78,83,85,90" hai2="51,53,57,96,101,130,131" /><INIT seed="0,1,0,4,0,55" ten="265,235,265,235" oya="0" hai0="53,105,66,22,42,108,54,75,90,85,1,62,63" hai1="106,44,122,91,99,51,135,96,16,48,40,58,56" hai2="72,84,93,35,5,9,73,46,6,102,41,18,125" hai3="130,78,128,59,76,74,70,119,86,94,25,29,11"/><T28/><D75/><U124/><E122/><V126/><F35/><W132/><G70/><T127/><D105/><U14/><E124/><N who="2" m="47723" /><F18/><W89/><G119/><T0/><D42/><N who="1" m="24599" /><E106/><V117/><F117/><W33/><G132/><T110/><D127/><U20/><E135/><V65/><F65/><W82/><G76/><T21/><D85/><U97/><E91/><N who="2" m="53479" /><F102/><W77/><G77/><T67/><D90/><U116/><E116/><V17/><F17/><W104/><G104/><T87/><REACH who="0" step="1"/><D87/><REACH who="0" ten="255,235,265,235" step="2"/><U101/><E101/><V88/><F88/><W71/><G74/><T81/><D81/><U131/><E131/><V15/><F73/><W79/><G82/><T133/><D133/><U52/><E40/><V45/><F72/><W111/><G79/><T39/><D39/><U83/><E83/><V123/><F41/><W13/><G78/><T68/><D68/><U98/><E98/><V24/><F123/><W57/><G71/><T95/><D95/><U134/><E134/><V36/><F36/><W49/><G94/><T31/><AGARI ba="1,1" hai="0,1,21,22,28,31,53,54,62,63,66,67,108,110" machi="31" ten="25,9600,0" yaku="1,1,0,1,22,2,53,0" doraHai="55" doraHaiUra="80" who="0" fromWho="0" sc="255,109,235,-33,265,-33,235,-33" /><INIT seed="0,2,0,1,4,111" ten="364,202,232,202" oya="0" hai0="23,69,13,45,93,110,75,134,56,20,64,98,88" hai1="35,14,24,40,99,54,95,85,91,125,104,61,43" hai2="22,27,131,7,65,83,5,52,94,122,62,78,103" hai3="67,70,57,63,126,96,48,59,34,120,33,107,4"/><T73/><D134/><U79/><E125/><V135/><F122/><W129/><G126/><T117/><D117/><U74/><E14/><V6/><F135/><W12/><G129/><T21/><D110/><U50/><E61/><V42/><F42/><W123/><G33/><T32/><D32/><U128/><E128/><V71/><F131/><W113/><G34/><T2/><D2/><U11/><E11/><V132/><F132/><W10/><G113/><T84/><D69/><U39/><E39/><V82/><F78/><W37/><G37/><T41/><D13/><U119/><E24/><V31/><REACH who="2" step="1"/><F52/><REACH who="2" ten="364,202,222,202" step="2"/><W53/><G123/><T29/><D41/><U81/><E119/><V130/><F130/><W1/><G120/><T133/><D133/><U72/><E72/><V9/><F9/><W46/><G1/><T3/><D3/><U76/><E76/><V49/><F49/><W115/><G53/><T89/><D45/><U102/><E35/><V124/><F124/><W16/><G48/><T80/><REACH who="0" step="1"/><D29/><REACH who="0" ten="354,202,222,202" step="2"/><U109/><E109/><V106/><F106/><W36/><G46/><AGARI ba="2,2" hai="40,43,46,50,54,74,79,81,85,91,95,99,102,104" machi="46" ten="30,3900,0" yaku="7,1,24,2" doraHai="111" who="1" fromWho="3" sc="354,0,202,65,222,0,202,-45" /><INIT seed="1,0,0,3,1,32" ten="354,267,222,157" oya="1" hai0="92,33,37,67,64,27,58,73,91,106,96,132,12" hai1="19,20,111,93,70,86,45,131,66,116,5,78,95" hai2="55,76,0,108,23,36,83,65,89,17,26,41,135" hai3="100,113,57,118,104,75,88,35,63,98,112,72,103"/><U14/><E116/><V94/><F108/><W128/><G35/><T62/><D73/><U28/><E111/><V1/><F65/><W18/><G118/><T53/><D37/><U56/><E70/><V77/><F36/><W133/><G128/><T7/><D132/><U120/><E120/><V21/><F41/><W48/><G133/><T115/><D115/><U129/><E45/><V99/><F135/><W29/><G29/><T69/><D106/><U52/><E66/><V134/><F134/><W10/><G103/><T125/><D125/><U49/><E28/><V74/><F77/><W22/><G48/><T85/><D33/><U2/><E78/><V11/><F55/><W109/><G10/><N who="0" m="4191" /><D69/><U47/><E47/><V117/><F117/><W38/><G38/><T30/><D27/><U68/><E68/><V122/><F122/><W61/><G109/><T43/><D43/><U46/><E46/><V24/><F11/><W50/><G75/><T79/><D30/><AGARI ba="0,0" hai="0,1,17,21,23,24,26,30,74,76,83,89,94,99" machi="30" ten="30,3900,0" yaku="7,1,52,2" doraHai="32" who="2" fromWho="0" sc="354,-39,267,0,222,39,157,0" /><INIT seed="2,0,0,2,5,11" ten="315,267,261,157" oya="2" hai0="57,117,51,114,39,105,18,130,68,61,99,96,98" hai1="75,15,54,20,89,19,36,41,4,100,37,35,40" hai2="47,126,55,29,85,84,120,25,119,73,108,56,97" hai3="125,1,28,59,91,69,107,90,49,78,76,110,50"/><V14/><F119/><W44/><G69/><T10/><D39/><U118/><E35/><V131/><F120/><W17/><G107/><T12/><D114/><U83/><E100/><V113/><F113/><W133/><G1/><T33/><D33/><U71/><E71/><V34/><F73/><W6/><G6/><T111/><D117/><U3/><E118/><V66/><F66/><W135/><G110/><T103/><D111/><U101/><E101/><V115/><F108/><W22/><G28/><T16/><D130/><U123/><E123/><V45/><F115/><W104/><G104/><T124/><D124/><U95/><E41/><V46/><F126/><W58/><G125/><T70/><D70/><U132/><E132/><V60/><F131/><W2/><G2/><T21/><D51/><U24/><E24/><V129/><F129/><W109/><G109/><T74/><D74/><U128/><E40/><V13/><REACH who="2" step="1"/><F97/><REACH who="2" ten="315,267,251,157" step="2"/><W72/><G72/><T121/><D121/><U0/><E128/><V77/><F77/><W64/><G64/><T81/><D105/><U102/><E75/><V38/><F38/><W8/><G78/><T67/><D103/><U65/><E37/><V93/><F93/><W30/><G76/><T48/><D81/><U42/><E83/><V32/><F32/><W26/><G135/><T5/><D98/><U86/><E102/><V31/><F31/><W112/><G112/><T27/><D99/><U63/><E65/><V116/><F116/><W122/><G133/><T62/><D96/><U87/><E36/><V127/><F127/><W53/><G122/><RYUUKYOKU ba="0,1" sc="315,-10,267,-10,251,30,157,-10" hai2="13,14,25,29,34,45,46,47,55,56,60,84,85" /><INIT seed="2,1,1,4,3,82" ten="305,257,281,147" oya="2" hai0="115,40,44,26,35,30,21,63,128,122,32,90,73" hai1="34,76,70,28,78,29,110,94,124,125,132,14,11" hai2="57,0,113,97,131,107,108,33,52,120,69,13,47" hai3="77,116,106,25,38,93,111,24,75,104,133,15,60"/><V4/><F113/><W1/><G116/><T7/><D115/><U5/><E70/><V6/><F120/><W61/><G1/><T72/><D122/><U102/><E110/><V56/><F69/><W96/><G38/><T68/><D128/><U80/><E132/><V88/><F33/><W129/><G111/><T58/><D68/><U127/><E34/><V65/><F0/><W123/><G123/><T118/><D118/><U89/><E102/><V17/><F108/><W130/><G15/><T18/><D7/><N who="2" m="2602" /><F107/><W98/><G93/><T46/><D90/><U109/><E109/><V53/><F131/><W49/><G49/><T36/><D46/><U42/><E42/><V101/><F101/><W22/><G22/><T135/><D135/><U66/><E66/><V8/><F47/><W2/><G2/><T114/><D114/><U67/><E67/><V86/><F97/><W134/><G77/><T45/><D45/><U95/><E78/><V37/><F37/><W9/><REACH who="3" step="1"/><G75/><REACH who="3" ten="305,257,281,137" step="2"/><T31/><D35/><U12/><E12/><V16/><F13/><W43/><G43/><T59/><D32/><U41/><E41/><V39/><F39/><W103/><G103/><T83/><D73/><N who="1" m="43023" /><E95/><N who="2" m="54679" /><F8/><AGARI ba="1,2" hai="8,9,24,25,60,61,96,98,104,106,129,130,133,134" machi="8" ten="25,3200,0" yaku="1,1,22,2,53,0" doraHai="82" doraHaiUra="121" who="3" fromWho="2" sc="305,0,257,0,281,-35,137,55" /><INIT seed="3,0,0,3,4,27" ten="305,257,246,192" oya="3" hai0="39,8,50,38,84,82,58,70,66,99,20,92,41" hai1="116,23,101,121,68,127,1,69,135,52,123,59,76" hai2="55,128,16,117,35,79,12,22,31,83,15,77,0" hai3="48,131,74,60,122,11,98,34,88,96,87,124,37"/><W94/><G37/><T45/><D70/><U10/><E101/><V133/><F117/><W119/><G119/><T100/><D8/><U29/><E116/><V51/><F0/><W108/><G122/><T109/><D109/><U120/><E76/><V64/><F64/><W56/><G74/><T78/><D66/><U80/><E80/><V42/><F42/><W91/><G124/><T125/><D125/><U89/><E89/><V21/><F35/><W85/><G131/><T71/><D71/><U62/><E127/><V105/><F105/><W3/><G108/><T5/><D5/><U25/><REACH who="1" step="1"/><E135/><REACH who="1" ten="305,247,246,192" step="2"/><V47/><F133/><W118/><G118/><T111/><D111/><U126/><E126/><V134/><F134/><W93/><G34/><T107/><D107/><U112/><E112/><V95/><F83/><W17/><G48/><T6/><D39/><U18/><E18/><N who="2" m="10439" /><F79/><W4/><REACH who="3" step="1"/><G17/><REACH who="3" ten="305,247,246,182" step="2"/><T63/><D38/><U40/><E40/><V7/><F51/><W57/><G57/><T75/><D58/><U33/><E33/><V36/><F16/><W102/><G102/><T110/><D100/><U72/><E72/><V28/><F36/><W114/><G114/><T106/><D75/><U19/><E19/><V14/><F128/><W46/><G46/><T132/><D45/><U113/><E113/><V130/><F47/><W103/><G103/><T13/><D132/><U73/><E73/><V61/><F130/><W9/><G9/><T86/><D110/><U2/><E2/><V30/><F61/><W53/><AGARI ba="0,2" hai="3,4,11,53,56,60,85,87,88,91,93,94,96,98" machi="53" ten="20,12000,1" yaku="1,1,0,1,7,1,9,1,54,1,53,0" doraHai="27" doraHaiUra="129" who="3" fromWho="3" sc="305,-40,247,-40,246,-40,182,140" /><INIT seed="3,1,0,2,4,113" ten="265,207,206,322" oya="3" hai0="118,19,73,12,99,32,108,36,49,94,10,75,42" hai1="112,86,91,67,76,77,44,106,65,38,122,5,132" hai2="64,81,107,3,74,102,71,84,135,15,21,48,33" hai3="66,59,0,104,88,17,129,11,24,30,28,126,116"/><W130/><G104/><T56/><D32/><U63/><E106/><V133/><F3/><W127/><G116/><T4/><D108/><U119/><E67/><V50/><F74/><W79/><G79/><T22/><D36/><U87/><E112/><V31/><F33/><N who="3" m="20615" /><G59/><T37/><D37/><U55/><E122/><V82/><F71/><W134/><G66/><T34/><D34/><U51/><E132/><N who="2" m="50763" /><F64/><W110/><G88/><T115/><D115/><U61/><E61/><V62/><F62/><W109/><G134/><T46/><D56/><U7/><E38/><V13/><F31/><W92/><G92/><T128/><D118/><U80/><E119/><V45/><F82/><W100/><G100/><T93/><D128/><N who="3" m="49257" /><G30/><T35/><D94/><U97/><E97/><N who="2" m="61903" /><F21/><W125/><G0/><T124/><D35/><U90/><E77/><N who="2" m="46127" /><F50/><W83/><G83/><T43/><D75/><U103/><E76/><V95/><F95/><W27/><G11/><T72/><D73/><U25/><E65/><V8/><F8/><W101/><G101/><T54/><D72/><U98/><E63/><V16/><F48/><W85/><G85/><T96/><D96/><U69/><E69/><V47/><F45/><W6/><G6/><N who="1" m="2058" /><E87/><V41/><F47/><W2/><G2/><N who="0" m="279" /><D93/><N who="1" m="56639" /><E103/><V60/><F41/><N who="0" m="15370" /><D99/><U53/><E53/><V114/><F114/><W18/><G27/><AGARI ba="1,0" hai="25,27,44,51,55,80,86,90" m="56639,2058" machi="27" ten="30,1000,0" yaku="8,1" doraHai="113" who="1" fromWho="3" sc="265,0,207,13,206,0,322,-13" /><INIT seed="4,0,0,2,1,4" ten="265,220,206,309" oya="0" hai0="25,63,1,7,126,74,99,77,119,64,76,130,22" hai1="23,128,24,37,31,113,81,43,62,65,50,34,18" hai2="32,56,3,94,92,28,30,131,46,117,57,107,69" hai3="97,21,68,67,53,73,48,98,118,60,112,55,129"/><T70/><D119/><U61/><E37/><V101/><F101/><W19/><G118/><T8/><D130/><U110/><E110/><V109/><F117/><W132/><G73/><T134/><D134/><U124/><E124/><V9/><F109/><W82/><G112/><T0/><D126/><U133/><E133/><V36/><F69/><W91/><G132/><T59/><D74/><U89/><E128/><V49/><F36/><W75/><G129/><T58/><D1/><U51/><E62/><V78/><F131/><W41/><G41/><T106/><D106/><U114/><E89/><V14/><F3/><W84/><G75/><T5/><D5/><U52/><E81/><V115/><F115/><N who="1" m="44041" /><E43/><N who="2" m="24799" /><F107/><W11/><G55/><T35/><D35/><U2/><E2/><V79/><F32/><W20/><G98/><T29/><REACH who="0" step="1"/><D99/><REACH who="0" ten="255,220,206,309" step="2"/><U105/><E105/><V15/><F78/><AGARI ba="0,1" hai="0,7,8,22,25,29,58,59,63,64,70,76,77,78" machi="78" ten="40,7700,0" yaku="1,1,2,1,52,1,53,0" doraHai="4" doraHaiUra="127" who="0" fromWho="2" sc="255,87,220,0,206,-77,309,0" /><INIT seed="4,1,0,0,4,65" ten="342,220,129,309" oya="0" hai0="93,80,120,124,117,20,51,8,116,15,34,82,98" hai1="37,135,10,53,70,129,115,90,83,79,77,75,108" hai2="42,46,35,3,92,85,110,91,69,114,123,133,32" hai3="87,64,71,111,44,122,78,96,74,36,11,121,61"/><T6/><D34/><U95/><E37/><V17/><F110/><W28/><G111/><T94/><D120/><U21/><E108/><V5/><F123/><W7/><G87/><T58/><D124/><U132/><E10/><V47/><F114/><W45/><G45/><T54/><D94/><U103/><E70/><V84/><F3/><N who="3" m="511" /><G96/><T131/><D131/><U72/><E21/><V67/><F5/><W63/><G63/><T125/><D125/><U73/><E53/><V62/><F133/><N who="1" m="51273" /><E129/><V112/><F112/><W27/><G27/><T60/><D20/><U56/><E56/><V81/><F17/><W106/><G106/><T4/><D4/><U113/><E103/><V48/><REACH who="2" step="1"/><F47/><REACH who="2" ten="342,220,119,309" step="2"/><W104/><G121/><T43/><D117/><U119/><E119/><V99/><F99/><W30/><G122/><T2/><D116/><U33/><E115/><V41/><F41/><W25/><G44/><N who="0" m="26015" /><D2/><U23/><E113/><V52/><F52/><W101/><G30/><T22/><D22/><U128/><E23/><V38/><F38/><W97/><G36/><T59/><D59/><U31/><E128/><V24/><F24/><W13/><G25/><T1/><D1/><U0/><E0/><V39/><F39/><W19/><G28/><T49/><D49/><U126/><E126/><V57/><F57/><W127/><G127/><T12/><D12/><U102/><E31/><V86/><F86/><W109/><G109/><T29/><D29/><U76/><E33/><V40/><F40/><W118/><G118/><T68/><D68/><U50/><E50/><V16/><F16/><RYUUKYOKU ba="1,1" sc="342,15,220,-15,119,15,309,-15" hai0="6,8,15,54,58,60,80,82,93,98" hai2="32,35,42,46,48,62,67,69,81,84,85,91,92" /><INIT seed="4,2,1,0,1,23" ten="357,205,134,294" oya="0" hai0="101,25,11,114,95,72,20,120,26,38,53,58,71" hai1="96,57,127,116,76,119,130,69,62,2,78,87,88" hai2="49,133,64,129,51,41,135,9,82,131,5,93,39" hai3="1,47,94,32,3,60,134,92,66,80,110,56,102"/><T118/><D120/><U16/><E69/><V24/><F82/><W126/><G110/><T17/><D71/><U22/><E2/><N who="2" m="183" /><F64/><W85/><G126/><T103/><D72/><U40/><E127/><V31/><F93/><W98/><G134/><N who="2" m="51209" /><F39/><W42/><G32/><T33/><D38/><U65/><E130/><N who="2" m="49675" /><F41/><W79/><G94/><T100/><D95/><N who="1" m="56423" /><E119/><V35/><AGARI ba="2,1" hai="24,31,35,49,51" m="49675,51209,183" machi="35" ten="30,4000,0" yaku="20,1,19,1,52,1" doraHai="23" who="2" fromWho="2" sc="357,-22,205,-12,134,56,294,-12" /><INIT seed="5,0,0,4,0,99" ten="335,193,190,282" oya="1" hai0="134,32,17,112,106,56,35,9,71,40,104,124,59" hai1="88,48,76,51,20,46,13,102,68,12,53,69,1" hai2="62,45,126,52,27,111,83,42,6,0,15,36,79" hai3="57,105,28,131,54,123,108,95,18,110,11,115,50"/><U61/><E1/><V25/><F15/><W14/><G105/><T93/><D71/><U72/><E76/><V97/><F111/><W39/><G123/><T128/><D40/><U109/><E72/><N who="2" m="43495" /><F126/><W60/><G39/><T125/><D93/><U122/><E122/><V43/><F43/><W101/><G131/><T64/><D64/><U19/><E109/><V78/><F78/><W120/><G120/><T91/><D134/><U119/><E119/><V81/><F81/><W31/><G115/><T22/><D91/><U70/><E102/><V2/><F2/><W130/><G130/><T129/><D22/><U16/><E88/><V23/><F23/><W8/><G8/><T121/><D121/><U98/><E98/><V63/><F97/><N who="3" m="59583" /><G110/><T87/><D9/><U77/><E77/><V74/><F74/><W117/><G117/><T58/><D56/><U7/><E7/><V29/><F29/><N who="3" m="11339" /><G108/><T116/><D17/><U49/><REACH who="1" step="1"/><E61/><AGARI ba="0,0" hai="11,14,18,50,54,57,60,61" m="11339,59583" machi="61" ten="30,2000,0" yaku="8,1,52,1" doraHai="99" who="3" fromWho="1" sc="335,0,193,-20,190,0,282,20" /><INIT seed="6,0,0,5,2,79" ten="335,173,190,302" oya="2" hai0="73,8,6,56,11,48,131,30,43,76,80,21,28" hai1="92,102,83,126,70,9,66,98,36,39,105,89,10" hai2="1,38,108,14,78,87,18,119,58,125,128,111,75" hai3="0,24,90,88,74,47,59,109,22,120,103,2,132"/><V27/><F119/><W45/><G109/><N who="2" m="42057" /><F75/><W16/><G120/><T113/><D113/><U32/><E32/><V50/><F38/><W19/><G132/><T3/><D131/><U81/><E39/><V35/><F1/><W127/><G127/><T51/><D21/><U123/><E36/><V44/><F128/><W85/><G74/><T61/><D11/><N who="1" m="4107" /><E70/><V60/><F125/><W46/><G103/><T82/><D82/><N who="1" m="31243" /><E126/><V41/><F87/><W130/><G85/><T42/><D42/><U86/><E123/><V96/><F96/><W31/><G130/><T12/><D3/><U17/><E105/><V134/><F134/><W64/><G0/><T53/><D43/><U72/><E72/><V63/><F78/><W54/><G64/><T26/><D30/><U5/><E5/><V110/><N who="2" m="42065" /><V84/><DORA hai="33" /><F84/><W124/><G2/><T34/><AGARI ba="0,0" hai="6,8,12,26,28,34,48,51,53,56,61,73,76,80" machi="34" ten="20,2700,0" yaku="0,1,7,1,52,1" doraHai="79,33" who="0" fromWho="0" sc="335,27,173,-7,190,-13,302,-7" /><INIT seed="7,0,0,3,3,66" ten="362,166,177,295" oya="3" hai0="28,100,132,134,133,9,11,125,64,128,61,40,50" hai1="89,79,29,112,103,68,86,57,54,44,46,26,58" hai2="36,6,0,37,59,22,30,71,77,104,51,78,55" hai3="93,87,107,38,120,5,124,113,114,72,119,3,12"/><W131/><RYUUKYOKU type="yao9" ba="0,0" sc="362,0,166,0,177,0,295,0" hai3="3,5,12,38,72,87,93,107,113,114,119,120,124,131" /><INIT seed="7,1,0,1,1,10" ten="362,166,177,295" oya="3" hai0="89,35,5,1,9,82,22,132,110,31,121,78,15" hai1="58,43,30,92,113,128,8,32,51,26,44,72,86" hai2="84,105,77,124,73,69,97,36,103,91,39,28,18" hai3="41,61,7,76,135,56,81,104,55,24,62,3,99"/><W94/><G104/><T102/><D110/><U50/><E72/><V134/><F69/><W49/><G135/><T70/><D70/><U115/><E128/><V63/><F28/><W20/><G3/><T57/><D132/><U65/><E8/><V117/><F117/><W60/><G7/><T2/><D121/><U114/><E65/><V108/><F134/><W21/><G41/><T23/><D102/><U54/><E92/><N who="2" m="54375" /><F108/><W83/><G76/><T13/><D89/><U127/><E86/><V119/><F119/><W133/><G133/><T106/><D106/><U47/><E127/><V96/><F96/><W120/><G120/><T122/><D122/><U68/><E68/><V46/><F124/><W12/><G12/><T123/><D123/><U66/><E66/><V19/><F63/><W4/><G4/><T74/><D23/><N who="3" m="8777" /><G24/><N who="0" m="18919" /><D57/><AGARI ba="1,0" hai="26,30,32,43,44,47,50,51,54,57,58,113,114,115" machi="57" ten="40,1300,0" yaku="15,1" doraHai="10" who="1" fromWho="0" sc="362,-16,166,16,177,0,295,0" owari="346,44.0,182,-22.0,177,-32.0,295,10.0" /></mjloggm>