<mjloggm ver="2.3"><GO type="97" lobby="0"/><UN n0="%E5%8D%83%E5%B9%B4%E5%B9%BB%E6%83%B3%E5%8D%BF" n1="%E3%82%A6%E3%83%AB%E3%83%88%E3%83%A9%E7%AB%8B%E7%9B%B4" n2="%74%6F%64%61%72%79%6F%75" n3="%E3%82%BA%E3%83%AB%E3%81%84%E3%81%8F%E3%81%AA%E3%81%84" dan="13,15,14,14" rate="1879.22,1957.97,1958.26,1962.82" sx="M,M,M,F"/><TAIKYOKU oya="0"/><INIT seed="0,0,0,1,4,85" ten="250,250,250,250" oya="0" hai0="106,32,28,12,52,25,38,29,39,31,44,13,69" hai1="61,76,70,96,135,89,108,82,30,110,6,22,66" hai2="54,131,9,18,0,43,56,129,124,68,59,93,120" hai3="53,104,62,65,132,114,34,55,27,127,128,92,86"/><T105/><D69/><U134/><E6/><V48/><F120/><W15/><G114/><T112/><D112/><U123/><E123/><V23/><F68/><W133/><G104/><N who="0" m="40043" /><D25/><U109/><E22/><V26/><F43/><W84/><G127/><T10/><D10/><U40/><E40/><V130/><F124/><W115/><G115/><T81/><D81/><U63/><E30/><V71/><F71/><W11/><G128/><T107/><D44/><U125/><E125/><V5/><REACH who="2" step="1"/><F93/><REACH who="2" ten="250,250,240,250" step="2"/><W16/><G92/><T1/><D32/><U126/><E126/><V60/><F60/><W72/><G34/><T122/><D122/><U64/><E63/><V21/><F21/><W74/><G62/><T73/><D107/><U35/><E35/><V37/><F37/><N who="0" m="13834" /><D1/><U41/><E41/><V2/><F2/><W42/><G42/><T87/><D73/><N who="1" m="43279" /><E66/><V49/><F49/><W78/><G65/><T90/><D87/><U50/><E50/><V80/><F80/><W8/><G86/><T98/><D98/><U118/><E61/><V113/><F113/><W45/><G84/><T83/><D83/><U24/><E64/><V4/><F4/><W33/><G72/><T117/><D52/><U57/><E70/><V20/><F20/><W100/><G55/><T75/><D75/><U67/><E67/><V119/><F119/><W3/><G53/><T19/><D117/><U36/><E118/><V46/><AGARI ba="0,1" hai="0,5,9,18,23,26,46,48,54,56,59,129,130,131" machi="46" ten="30,4000,0" yaku="1,1,0,1,19,1,53,0" doraHai="85" doraHaiUra="91" who="2" fromWho="2" sc="250,-20,250,-10,240,50,250,-10" /><INIT seed="1,0,0,1,0,64" ten="230,240,290,240" oya="1" hai0="57,126,36,68,103,31,80,66,84,4,42,33,87" hai1="101,10,37,61,114,32,53,88,69,121,135,22,93" hai2="14,83,47,102,120,15,5,81,105,133,72,48,115" hai3="63,39,18,127,125,26,116,34,19,82,54,98,75"/><U77/><E32/><V71/><F120/><W100/><G39/><T12/><D126/><N who="3" m="48137" /><G34/><T129/><D129/><U106/><E37/><V43/><F115/><W2/><G2/><T6/><D103/><U131/><E114/><V95/><F105/><W52/><G116/><T91/><D36/><U11/><E121/><V25/><F133/><W1/><G1/><T76/><D42/><U73/><E135/><V70/><F72/><W3/><G3/><T35/><D68/><U112/><E112/><V79/><F79/><N who="3" m="44415" /><G26/><T58/><D33/><U56/><E131/><V7/><F25/><W128/><G128/><T46/><D35/><U85/><E22/><V23/><F23/><W124/><G124/><T94/><D46/><U9/><E69/><V119/><F119/><W49/><G63/><N who="0" m="38255" /><D31/><U97/><E9/><V16/><F71/><W110/><G110/><T86/><D58/><U40/><E40/><V41/><F41/><W55/><G49/><T109/><D109/><U132/><E132/><V122/><F122/><W28/><G28/><T130/><D130/><U113/><E113/><V17/><F70/><W59/><G59/><T62/><D62/><U107/><E107/><AGARI ba="0,0" hai="18,19,52,54,55,98,100,107" m="44415,48137" machi="107" ten="30,2000,0" yaku="18,1,54,1" doraHai="64" who="3" fromWho="1" sc="230,0,240,-20,290,0,240,20" /><INIT seed="2,0,0,1,3,35" ten="230,220,290,260" oya="2" hai0="106,131,70,2,98,0,78,52,14,26,25,54,108" hai1="58,21,87,114,51,46,83,109,97,6,96,8,56" hai2="118,13,36,80,128,39,121,33,110,69,89,38,10" hai3="22,125,63,120,132,100,12,107,129,27,104,15,60"/><V49/><F121/><W55/><G120/><T3/><D70/><U135/><E135/><V44/><F118/><W41/><G132/><T74/><D108/><U68/><E68/><V77/><F33/><W72/><G72/><T23/><D131/><U7/><E21/><V94/><F128/><W86/><G129/><T130/><D130/><U92/><E109/><V43/><F69/><W62/><G41/><T73/><D78/><N who="1" m="46583" /><E114/><V84/><F110/><W20/><G125/><T117/><D117/><U76/><E76/><V119/><F119/><W24/><G55/><N who="0" m="21035" /><D23/><U67/><E96/><V18/><REACH who="2" step="1"/><F36/><REACH who="2" ten="230,220,280,260" step="2"/><W99/><G104/><T105/><D98/><AGARI ba="0,1" hai="10,13,18,38,39,43,44,49,77,80,84,89,94,98" machi="98" ten="30,5800,0" yaku="1,1,2,1,7,1,53,0" doraHai="35" doraHaiUra="115" who="2" fromWho="0" sc="230,-58,220,0,280,68,260,0" /><INIT seed="2,1,0,0,4,105" ten="172,220,348,260" oya="2" hai0="61,114,109,124,86,65,54,48,55,83,15,111,43" hai1="74,72,58,125,67,118,116,104,62,126,13,129,92" hai2="91,81,31,102,14,37,60,53,85,30,23,101,108" hai3="120,66,80,76,135,1,46,22,134,75,34,29,68"/><V3/><F37/><W10/><G120/><T77/><D114/><U9/><E104/><V89/><F3/><W6/><G22/><T49/><D124/><N who="1" m="47723" /><E92/><V11/><F108/><W130/><G46/><T123/><D123/><U73/><E129/><V44/><F91/><W79/><G130/><T42/><D15/><U82/><E82/><V59/><F44/><W38/><G76/><T16/><D16/><AGARI ba="1,0" hai="9,13,16,58,62,67,72,73,74,116,118" m="47723" machi="16" ten="40,8000,1" yaku="18,1,52,3,54,1" doraHai="105" who="1" fromWho="0" sc="172,-83,220,83,348,0,260,0" /><INIT seed="3,0,0,4,2,51" ten="89,303,348,260" oya="3" hai0="13,2,65,49,61,121,5,44,42,37,33,17,120" hai1="45,125,133,106,132,107,118,119,3,79,109,46,58" hai2="39,19,99,75,95,77,41,28,66,82,103,81,131" hai3="68,59,74,10,89,129,127,4,87,53,72,24,21"/><W130/><G68/><T67/><D33/><U117/><E3/><V60/><F131/><N who="3" m="50187" /><G127/><T115/><D17/><U34/><E34/><V0/><F0/><N who="3" m="263" /><G24/><T84/><D84/><U91/><E125/><V85/><F28/><W134/><G134/><N who="1" m="51818" /><E109/><V25/><F39/><W101/><G21/><T20/><D20/><U113/><E113/><V48/><F41/><W52/><G101/><T76/><D76/><U22/><E22/><V116/><F116/><N who="1" m="29697" /><U83/><DORA hai="50" /><E91/><V69/><F48/><N who="3" m="31111" /><G53/><T16/><D115/><U6/><E58/><V112/><F112/><W63/><G63/><T15/><D2/><U54/><E6/><V135/><F135/><W55/><G55/><T35/><D35/><U40/><E54/><V110/><F110/><W11/><G11/><T7/><D37/><N who="1" m="21647" /><E46/><V108/><F108/><W105/><G105/><T126/><D126/><U80/><E80/><AGARI ba="0,0" hai="72,74,80,87,89" m="31111,263,50187" machi="80" ten="30,11600,0" yaku="19,1,52,2,54,1" doraHai="51,50" who="3" fromWho="1" sc="89,0,303,-116,348,0,260,116" owari="89,-41.0,187,-21.0,348,15.0,376,47.0" /></mjloggm>