<mjloggm ver="2.3"><GO type="97" lobby="0"/><UN n0="%E6%B0%B8%E9%81%A0%E3%81%AB%E3%81%92%E3%82%93%E3%81%9F%E3%82%8D" n1="%E5%B0%B1%E6%B4%BB%E7%94%9F%40%E5%B7%9D%E6%9D%91%E8%BB%8D%E5%9B%A3" n2="%54%54%4E%4D" n3="%67%6F%6E%69%63%68%69" dan="15,13,14,13" rate="1949.41,1852.83,1901.73,1865.92" sx="M,M,M,M"/><TAIKYOKU oya="0"/><INIT seed="0,0,0,0,3,24" ten="250,250,250,250" oya="0" hai0="60,67,119,108,41,0,47,59,97,22,37,129,80" hai1="116,10,28,83,109,102,69,87,16,38,100,52,6" hai2="70,89,72,18,54,98,15,2,117,112,8,95,31" hai3="130,122,9,3,118,40,76,128,56,48,86,71,36"/><T34/><D34/><U85/><E116/><V90/><F117/><W33/><G118/><T111/><D119/><U1/><E109/><N who="0" m="42057" /><D0/><U110/><E69/><V7/><F72/><W91/><G71/><T93/><D129/><N who="3" m="49769" /><G36/><T126/><D126/><U25/><E38/><V4/><F112/><W17/><G33/><T123/><D123/><U125/><E125/><V113/><F113/><W81/><G122/><T61/><D80/><U92/><E110/><V11/><F70/><W135/><G135/><T79/><D79/><U19/><E52/><V29/><F7/><N who="3" m="1279" /><G17/><T50/><D22/><U14/><E87/><V127/><F127/><W49/><G49/><T132/><D132/><U114/><E114/><V88/><REACH who="2" step="1"/><F54/><REACH who="2" ten="250,250,240,250" step="2"/><N who="3" m="31815" /><G40/><T74/><D74/><U107/><E107/><V20/><F20/><W68/><G68/><T5/><D41/><U63/><E6/><V65/><F65/><W82/><G76/><T101/><D5/><U42/><E42/><V64/><F64/><W51/><G51/><T75/><D75/><U27/><E1/><V106/><F106/><W30/><G82/><T134/><D134/><U32/><E92/><V120/><F120/><W115/><G115/><T12/><D50/><U99/><E63/><V77/><F77/><W124/><G124/><T73/><D73/><U121/><E121/><V131/><F131/><W43/><G43/><N who="0" m="23023" /><D61/><U39/><E39/><V21/><F21/><W78/><G78/><T94/><D94/><U104/><E104/><V103/><AGARI ba="0,1" hai="2,4,8,11,15,18,29,31,88,89,90,95,98,103" machi="103" ten="30,8000,1" yaku="1,1,0,1,52,2,54,1,53,0" doraHai="24" doraHaiUra="58" who="2" fromWho="2" sc="250,-40,250,-20,240,90,250,-20" /><INIT seed="1,0,0,2,0,53" ten="210,230,330,230" oya="1" hai0="80,4,79,22,100,62,63,39,52,121,118,104,61" hai1="76,38,56,44,24,8,120,135,0,58,45,87,115" hai2="30,55,108,133,34,40,78,21,42,129,11,33,48" hai3="110,111,35,16,85,28,90,23,84,95,99,37,25"/><U126/><E120/><V132/><F108/><W73/><G37/><T75/><D118/><U7/><E115/><V128/><F11/><W18/><G73/><T15/><D39/><U114/><E114/><V125/><F78/><W41/><G41/><N who="2" m="15977" /><F21/><W116/><G116/><T86/><D121/><U82/><E38/><V3/><F3/><W10/><G10/><N who="0" m="4551" /><D104/><U119/><E119/><V74/><F74/><W107/><G107/><T88/><D75/><U131/><E131/><N who="2" m="50251" /><F30/><W14/><REACH who="3" step="1"/><G18/><REACH who="3" ten="210,230,330,220" step="2"/><T50/><D100/><U51/><E135/><N who="2" m="51787" /><F125/><W103/><G103/><T20/><D79/><U97/><E126/><V92/><F92/><W102/><G102/><T64/><D64/><U60/><E24/><V2/><F2/><W66/><G66/><T93/><D93/><U6/><E6/><V130/><F130/><W49/><G49/><T59/><AGARI ba="0,1" hai="20,22,50,52,59,61,62,63,80,86,88" m="4551" machi="59" ten="30,7900,0" yaku="8,1,52,1,54,2" doraHai="53" who="0" fromWho="0" sc="210,89,230,-39,330,-20,220,-20" /><INIT seed="2,0,0,4,2,55" ten="299,191,310,200" oya="2" hai0="86,37,15,85,121,53,100,57,47,50,67,44,25" hai1="130,45,132,49,13,80,119,4,7,75,71,56,133" hai2="112,17,120,69,64,118,62,2,26,101,60,76,51" hai3="128,30,79,98,14,129,74,68,125,24,111,18,21"/><V115/><F120/><W94/><G68/><T5/><D121/><U36/><E71/><V38/><F2/><W135/><G111/><T16/><D100/><U87/><E119/><V23/><F118/><W90/><G125/><T70/><D70/><U116/><E75/><V0/><F0/><W19/><G135/><N who="1" m="51786" /><E116/><V61/><F38/><W59/><G79/><T123/><D123/><U48/><E130/><N who="3" m="50282" /><G74/><T58/><D5/><N who="1" m="2123" /><E13/><V65/><F61/><W104/><G104/><T95/><D25/><U73/><E73/><V117/><F117/><W31/><G19/><T107/><D107/><U39/><E56/><V66/><F66/><W110/><G110/><T124/><D124/><U92/><E92/><V105/><F51/><N who="1" m="19529" /><E45/><N who="0" m="17481" /><D37/><U96/><E96/><V11/><F11/><N who="3" m="6495" /><G31/><T109/><D95/><U99/><E99/><V63/><F63/><W28/><G28/><T81/><D81/><U114/><E114/><V8/><F8/><W82/><G82/><T78/><D78/><AGARI ba="0,0" hai="36,39,78,80,87" m="19529,2123,51786" machi="78" ten="30,1000,0" yaku="20,1" doraHai="55" who="1" fromWho="0" sc="299,-10,191,10,310,0,200,0" /><INIT seed="3,0,0,0,5,23" ten="289,201,310,200" oya="3" hai0="10,20,135,28,80,17,111,87,57,32,84,38,112" hai1="51,129,96,59,8,67,39,36,2,62,81,0,33" hai2="61,25,118,15,93,127,48,3,115,13,133,47,125" hai3="130,21,83,107,34,134,123,108,105,94,132,114,40"/><W82/><G123/><T121/><D121/><U9/><E129/><V88/><F115/><W45/><G114/><T1/><D112/><U12/><E33/><V89/><F118/><W49/><G130/><T37/><D111/><U42/><E39/><V78/><F3/><W120/><G120/><T73/><D73/><U30/><E30/><V64/><F78/><W106/><G108/><T69/><D69/><U35/><E35/><V66/><F25/><W56/><G34/><T6/><D57/><U102/><E36/><N who="0" m="13929" /><D80/><U19/><E81/><V41/><F133/><N who="3" m="51307" /><G56/><T14/><D135/><U68/><E9/><V4/><F66/><W5/><G5/><T43/><D43/><U53/><E42/><V86/><F89/><W71/><G71/><T31/><D31/><U98/><E98/><V117/><F117/><W99/><G21/><T79/><D79/><U75/><E75/><V54/><F41/><W7/><G7/><T65/><D65/><U95/><AGARI ba="0,0" hai="0,2,8,12,19,51,53,59,62,67,68,95,96,102" machi="95" ten="20,1500,0" yaku="0,1,7,1" doraHai="23" who="1" fromWho="1" sc="289,-4,201,15,310,-4,200,-7" owari="285,9.0,216,-18.0,306,40.0,193,-31.0" /></mjloggm>