<mjloggm ver="2.3"><GO type="33" lobby="0"/><UN n0="%4B%4F%2D%42" n1="%E5%B0%B1%E6%B4%BB%E7%94%9F%40%E5%B7%9D%E6%9D%91%E8%BB%8D%E5%9B%A3" n2="%E9%AB%98%E6%9D%91%EF%BC%A0%E7%A2%BA%E5%A4%89" n3="%52%41%44%49%41%4E%43%45" dan="13,13,15,15" rate="1855.63,1892.58,2007.78,2008.49" sx="M,M,M,M"/><TAIKYOKU oya="0"/><INIT seed="0,0,0,3,2,24" ten="250,250,250,250" oya="0" hai0="77,43,44,67,17,71,105,26,12,119,114,96,88" hai1="66,59,35,65,118,5,9,47,101,127,123,6,82" hai2="81,16,130,70,63,52,85,94,95,86,93,84,1" hai3="72,55,51,124,102,115,106,89,69,23,108,122,73"/><T13/><D119/><U128/><E35/><V62/><F1/><W8/><G69/><T28/><D114/><U113/><E123/><V18/><F130/><W34/><G34/><T80/><D71/><U57/><E118/><V20/><F81/><W29/><G115/><T99/><D67/><U30/><E113/><V112/><F112/><W10/><G122/><T27/><D105/><U7/><E128/><V11/><F70/><W15/><G108/><T74/><D27/><U45/><E127/><V131/><F131/><W116/><G116/><T36/><D96/><U121/><E121/><V50/><F11/><W54/><G89/><T58/><D58/><U135/><E135/><V90/><F90/><W48/><G124/><T92/><REACH who="0" step="1"/><D17/><REACH who="0" ten="240,250,250,250" step="2"/><N who="2" m="6762" /><F20/><AGARI ba="0,1" hai="12,13,20,26,28,36,43,44,74,77,80,88,92,99" machi="20" ten="30,11600,0" yaku="1,1,7,1,52,1,54,1,53,0" doraHai="24" doraHaiUra="56" who="0" fromWho="2" sc="240,126,250,0,250,-116,250,0" /><INIT seed="0,1,0,5,3,135" ten="366,250,134,250" oya="0" hai0="91,83,68,36,29,32,99,126,49,17,0,21,12" hai1="104,75,24,127,132,3,119,57,73,78,80,76,112" hai2="110,61,18,28,33,23,107,5,40,114,95,117,26" hai3="45,52,86,123,46,58,71,72,56,111,59,94,65"/><T128/><D0/><U50/><E3/><V35/><F107/><W89/><G72/><T34/><D36/><U79/><E119/><V84/><F117/><W129/><G111/><T2/><D68/><U98/><E112/><V37/><F114/><W97/><G129/><T14/><D2/><U11/><E132/><V82/><F110/><W7/><G7/><T102/><D12/><U93/><E24/><V113/><F113/><W115/><G115/><T90/><D128/><U19/><E19/><V48/><F5/><W105/><G123/><T124/><D83/><N who="1" m="45455" /><E11/><V96/><F37/><W42/><G42/><T100/><D49/><U31/><E31/><V101/><F18/><W87/><G105/><T108/><D108/><U1/><E1/><V62/><F35/><N who="0" m="13354" /><D29/><U6/><E57/><N who="3" m="22122" /><G65/><T77/><D77/><N who="1" m="44095" /><E50/><V51/><F33/><W30/><G30/><T20/><D21/><U69/><E69/><V9/><F9/><W4/><G4/><T120/><D120/><U81/><E6/><V74/><F74/><W41/><G71/><T43/><D43/><U88/><E104/><V103/><F103/><N who="0" m="39466" /><D99/><U13/><E13/><V53/><F48/><N who="3" m="26671" /><G46/><T66/><D66/><U60/><E60/><AGARI ba="1,0" hai="52,59,60,86,87,89,94,97" m="26671,22122" machi="60" ten="30,2000,0" yaku="8,1,54,1" doraHai="135" who="3" fromWho="1" sc="366,0,250,-23,134,0,250,23" /><INIT seed="1,0,0,3,1,77" ten="366,227,134,273" oya="1" hai0="66,38,111,86,19,95,44,56,36,120,117,17,69" hai1="30,78,106,128,61,71,27,57,42,10,92,47,112" hai2="122,4,62,127,60,26,2,59,125,49,84,53,76" hai3="80,73,81,25,18,115,3,23,8,130,50,96,14"/><U108/><E106/><V6/><F122/><W87/><G115/><T7/><D117/><U16/><E71/><V110/><F110/><W104/><G3/><T124/><D111/><U97/><E112/><V32/><F32/><W31/><G73/><T99/><D7/><N who="2" m="2602" /><F2/><W40/><G130/><T102/><D120/><U118/><E128/><V13/><F26/><W119/><G119/><T126/><D69/><U11/><E118/><V1/><F1/><W48/><G40/><T105/><D44/><U52/><E108/><V15/><F127/><N who="0" m="48682" /><D36/><U29/><E78/><V116/><F116/><W83/><REACH who="3" step="1"/><G87/><REACH who="3" ten="366,227,134,263" step="2"/><T41/><D41/><U21/><E30/><V35/><F125/><W54/><G54/><T79/><D86/><U94/><E29/><V5/><N who="2" m="2610" /><V72/><DORA hai="98" /><F72/><W114/><G114/><T129/><D129/><U9/><REACH who="1" step="1"/><E97/><REACH who="1" ten="366,217,134,263" step="2"/><V43/><F84/><W134/><G134/><T28/><D99/><U133/><E133/><V75/><F75/><W89/><G89/><T109/><D109/><U91/><E91/><V46/><F76/><W113/><G113/><T39/><D79/><U58/><E58/><V55/><F35/><W82/><N who="3" m="20992" /><DORA hai="51" /><W33/><G33/><T45/><D56/><AGARI ba="0,2" hai="13,15,43,46,49,53,55,56,59,60,62" m="2610" machi="56" ten="30,3900,0" yaku="8,1,52,2" doraHai="77,98,51" who="2" fromWho="0" sc="366,-39,217,0,134,59,263,0" /><INIT seed="2,0,0,0,4,0" ten="327,217,193,263" oya="2" hai0="35,75,106,89,105,63,108,96,84,24,132,80,31" hai1="79,58,73,98,11,33,68,85,118,129,3,44,110" hai2="78,2,45,46,133,50,130,56,121,25,64,92,38" hai3="116,72,26,52,126,93,97,123,67,60,40,19,62"/><V117/><F117/><W76/><G123/><T119/><D75/><U86/><E68/><V81/><F121/><W37/><G116/><T127/><D119/><U90/><E33/><V77/><F2/><W134/><G134/><T16/><D132/><U94/><E118/><V42/><F133/><W82/><G126/><T17/><D127/><U5/><E129/><V48/><F130/><W54/><G62/><T53/><D106/><U128/><E128/><V13/><F38/><W28/><G19/><T9/><D108/><U66/><E110/><V99/><F25/><W95/><G95/><T100/><REACH who="0" step="1"/><D9/><REACH who="0" ten="317,217,193,263" step="2"/><U69/><E73/><V113/><F113/><W14/><G37/><T125/><D125/><U41/><E79/><V34/><F78/><W131/><G131/><T124/><D124/><U71/><E71/><V61/><F77/><W51/><G72/><T15/><D15/><U10/><E11/><V27/><F13/><W83/><G14/><T74/><D74/><U7/><E69/><V1/><F1/><W55/><G76/><T104/><D104/><U20/><E10/><V101/><F27/><W30/><G26/><T107/><D107/><U70/><E70/><V102/><F34/><W21/><G21/><T12/><D12/><U91/><E3/><V57/><F57/><AGARI ba="0,1" hai="16,17,24,31,35,53,57,63,80,84,89,96,100,105" machi="57" ten="40,2600,0" yaku="1,1,54,1,53,0" doraHai="0" doraHaiUra="36" who="0" fromWho="2" sc="317,36,217,0,193,-26,263,0" /><INIT seed="3,0,0,5,0,85" ten="353,217,167,263" oya="3" hai0="130,124,117,103,9,132,99,12,135,40,13,79,10" hai1="44,64,109,61,95,32,128,11,134,19,55,106,52" hai2="93,3,49,89,92,37,20,72,110,60,26,47,77" hai3="27,59,70,17,34,125,80,116,108,24,82,4,100"/><W87/><G70/><T69/><D117/><U22/><E106/><V75/><F110/><W23/><G116/><T113/><D69/><U35/><E128/><V120/><F3/><W133/><G4/><T39/><D130/><U65/><E109/><V121/><F37/><W58/><G108/><T81/><D124/><U118/><E118/><V41/><F60/><W105/><G125/><T51/><D39/><U8/><E134/><N who="0" m="51241" /><D113/><U76/><E76/><V48/><F48/><W66/><G133/><T14/><D40/><U107/><E107/><V94/><F77/><W46/><G46/><T67/><D51/><U57/><E64/><V56/><F56/><W86/><G66/><T16/><D67/><U1/><E35/><V101/><F101/><W112/><G112/><T45/><D45/><U74/><E32/><V73/><F20/><W127/><G127/><T84/><D9/><U36/><E74/><V33/><F26/><W102/><G105/><AGARI ba="0,0" hai="10,12,13,14,16,79,81,84,99,103,105" m="51241" machi="105" ten="30,2000,0" yaku="20,1,54,1" doraHai="85" who="0" fromWho="3" sc="353,20,217,0,167,0,263,-20" owari="373,47.0,217,-18.0,167,-33.0,243,4.0" /></mjloggm>