<mjloggm ver="2.3"><GO type="169" lobby="0"/><UN n0="%E3%81%8A%E3%81%98%E3%81%8A" n1="%E3%82%A6%E3%83%AB%E3%83%88%E3%83%A9%E7%AB%8B%E7%9B%B4" n2="%E3%82%A8%E3%82%A2%E3%83%86%E3%82%A3" n3="%6D%61%6E%5F%6B%6F" dan="17,16,16,16" rate="2099.37,2125.03,2053.13,2033.83" sx="M,M,M,M"/><TAIKYOKU oya="0"/><INIT seed="0,0,0,5,3,18" ten="250,250,250,250" oya="0" hai0="128,108,44,8,67,91,9,42,19,115,132,110,50" hai1="61,54,43,97,87,109,124,113,5,100,112,111,127" hai2="117,64,120,96,122,60,85,33,121,126,75,89,41" hai3="36,114,48,57,107,52,35,119,101,99,92,69,27"/><T76/><D115/><N who="1" m="44107" /><E43/><V105/><F75/><W82/><G114/><T28/><D128/><U55/><E5/><V23/><F33/><W134/><G119/><T84/><D132/><U79/><E61/><V70/><F117/><W94/><G134/><T118/><D118/><U104/><E55/><V88/><F126/><N who="1" m="48169" /><E54/><V106/><F41/><W133/><G133/><T38/><D28/><U22/><E22/><V10/><F10/><W78/><G36/><T37/><D67/><U47/><E47/><V68/><F68/><W21/><G35/><T2/><D76/><U17/><E17/><V80/><F96/><W77/><G77/><T20/><D2/><U63/><E63/><V25/><REACH who="2" step="1"/><F89/><REACH who="2" ten="250,250,240,250" step="2"/><W103/><G69/><T45/><D9/><U131/><E131/><V26/><F26/><W59/><G59/><T49/><D8/><U53/><E53/><V12/><F12/><W135/><G135/><T116/><D116/><U11/><E11/><V24/><F24/><W81/><G27/><N who="0" m="14751" /><D37/><U71/><E71/><V46/><F46/><W6/><G57/><T39/><D38/><U74/><E74/><V129/><F129/><W95/><G78/><T0/><D45/><U72/><E72/><V130/><F130/><W29/><G48/><T40/><D40/><U15/><E15/><V90/><F90/><W56/><G56/><T62/><D39/><U34/><E34/><V1/><F1/><W66/><G66/><T4/><D0/><U98/><E98/><V16/><AGARI ba="0,1" hai="16,23,25,60,64,70,80,85,88,105,106,120,121,122" machi="16" ten="30,12000,2" yaku="1,1,0,1,52,1,54,2,53,1" doraHai="18" doraHaiUra="86" who="2" fromWho="2" sc="250,-60,250,-30,240,130,250,-30" /><INIT seed="1,0,0,3,2,6" ten="190,220,370,220" oya="1" hai0="73,99,78,81,33,83,116,84,120,112,75,45,103" hai1="17,128,115,68,70,2,48,36,49,90,18,9,100" hai2="13,69,37,129,29,74,130,52,111,134,61,31,3" hai3="135,40,105,27,7,15,96,104,53,98,19,79,131"/><U0/><E100/><V133/><F3/><W35/><G131/><N who="2" m="50185" /><F37/><W14/><G135/><N who="2" m="51721" /><F74/><N who="0" m="28170" /><D33/><U63/><E128/><V77/><F77/><W108/><G79/><N who="0" m="46143" /><D45/><U118/><E90/><V86/><F86/><W41/><G96/><T80/><D112/><U119/><E63/><V30/><F111/><W88/><G108/><T92/><D116/><U51/><E36/><V44/><F69/><W109/><G109/><T117/><D117/><U121/><E51/><N who="2" m="28775" /><F61/><W25/><G98/><N who="0" m="59847" /><D120/><U24/><E121/><V47/><F47/><W12/><G41/><T20/><D20/><U50/><E50/><V62/><F62/><W122/><G40/><T28/><D28/><U101/><E70/><V113/><F13/><W16/><G15/><T71/><D71/><U46/><E68/><V94/><F94/><W107/><G12/><T87/><D99/><U127/><E46/><V110/><F110/><W64/><G14/><T91/><D83/><U26/><E0/><V56/><F56/><W65/><G122/><T1/><D1/><U89/><E2/><V123/><F123/><W58/><G58/><T114/><D114/><AGARI ba="0,0" hai="29,30,31,113,114" m="28775,51721,50185" machi="114" ten="40,5200,0" yaku="19,1,20,1,54,1" doraHai="6" who="2" fromWho="0" sc="190,-52,220,0,370,52,220,0" /><INIT seed="2,0,0,4,3,130" ten="138,220,422,220" oya="2" hai0="117,14,128,84,114,29,93,105,50,108,75,77,1" hai1="127,45,52,38,18,23,42,59,123,22,72,7,20" hai2="0,16,47,110,4,118,60,99,12,62,131,100,40" hai3="87,65,6,11,85,74,35,116,55,54,33,5,28"/><V64/><F118/><W111/><G116/><T124/><D1/><U37/><E123/><V106/><F131/><W119/><G119/><T125/><D105/><U104/><E38/><V91/><F110/><W97/><G111/><T95/><D29/><U71/><E104/><V43/><F0/><W21/><G65/><T48/><D14/><U83/><E127/><N who="0" m="48713" /><D50/><U25/><E71/><V41/><F4/><W126/><G126/><T10/><D48/><U57/><E57/><V8/><F91/><W135/><G135/><T89/><D10/><U34/><E7/><V98/><F98/><W132/><G132/><T24/><D24/><U78/><REACH who="1" step="1"/><E34/><REACH who="1" ten="138,210,422,220" step="2"/><V120/><F120/><W19/><G5/><T27/><D117/><U63/><AGARI ba="0,1" hai="18,20,22,23,25,37,42,45,52,59,63,72,78,83" machi="63" ten="20,12000,2" yaku="1,1,2,1,0,1,7,1,54,1,53,1" doraHai="130" doraHaiUra="79" who="1" fromWho="1" sc="138,-30,210,130,422,-60,220,-30" /><INIT seed="3,0,0,1,5,120" ten="108,340,362,190" oya="3" hai0="81,111,21,89,77,11,121,91,100,50,15,72,4" hai1="88,48,55,56,53,115,106,31,64,134,84,24,61" hai2="47,112,63,30,117,131,19,52,54,130,49,83,86" hai3="41,29,62,80,93,25,65,68,94,17,22,16,2"/><W119/><G119/><T110/><D121/><U95/><E106/><V14/><F117/><W114/><G114/><T71/><D71/><U37/><E37/><V82/><F112/><W85/><G2/><T6/><D100/><U67/><E134/><V90/><F30/><W9/><G41/><T36/><D36/><U107/><E107/><V5/><F5/><W122/><G122/><T12/><D50/><U32/><E115/><V69/><F83/><W45/><G45/><AGARI ba="0,0" hai="24,31,32,45,48,53,55,56,61,64,67,84,88,95" machi="45" ten="30,2000,0" yaku="7,1,54,1" doraHai="120" who="1" fromWho="3" sc="108,0,340,20,362,0,190,-20" /><INIT seed="4,0,0,3,2,100" ten="108,360,362,170" oya="0" hai0="65,92,99,55,36,82,117,26,70,54,41,122,34" hai1="90,80,125,28,17,42,79,75,97,111,110,71,50" hai2="132,20,0,62,52,29,94,128,3,68,9,66,86" hai3="133,39,21,53,63,45,13,11,24,19,2,73,119"/><T5/><D117/><U114/><E71/><V120/><F120/><W58/><G119/><T124/><D122/><U123/><E28/><V67/><F67/><W1/><G133/><T107/><D124/><U77/><E123/><V7/><F132/><W121/><G121/><T126/><D126/><U51/><E51/><V101/><F128/><W84/><G73/><T135/><D135/><U8/><E79/><V89/><F101/><W85/><G1/><T109/><D109/><U104/><E125/><V91/><F91/><W47/><G2/><T56/><D5/><U106/><E17/><V4/><F29/><W49/><G45/><N who="0" m="23719" /><D82/><N who="1" m="45375" /><E50/><V78/><F78/><W103/><G103/><N who="0" m="62975" /><D92/><N who="1" m="56471" /><E8/><V69/><F20/><W16/><REACH who="3" step="1"/><G39/><REACH who="3" ten="108,360,362,160" step="2"/><T102/><D102/><U108/><E114/><V113/><F113/><W14/><G14/><T61/><D56/><U76/><E42/><AGARI ba="0,1" hai="11,13,16,19,21,24,42,47,49,53,58,63,84,85" machi="42" ten="30,8000,1" yaku="1,1,7,1,8,1,54,1,53,1" doraHai="100" doraHaiUra="43" who="3" fromWho="1" sc="108,0,360,-80,362,0,160,90" /><INIT seed="5,0,0,1,3,68" ten="108,280,362,250" oya="1" hai0="74,14,117,82,112,127,67,114,48,78,131,99,7" hai1="106,5,87,12,39,36,63,79,130,30,52,93,133" hai2="20,32,24,129,49,11,57,128,9,121,132,95,91" hai3="25,110,40,31,115,123,70,45,80,0,29,51,88"/><U62/><E106/><V34/><F121/><W26/><G110/><T66/><D14/><U6/><E30/><N who="3" m="11274" /><G123/><T102/><D7/><N who="1" m="2571" /><E12/><V126/><F126/><W17/><G0/><T96/><D48/><U86/><E93/><V98/><F132/><W84/><G115/><T97/><D67/><U90/><E90/><V59/><F34/><W75/><G75/><T54/><D54/><U107/><E79/><V135/><F32/><W116/><G116/><T111/><D66/><U72/><E72/><V125/><F125/><W103/><G70/><T77/><D127/><U1/><E107/><V105/><F105/><W65/><G65/><T53/><D53/><U43/><E52/><N who="2" m="31887" /><F135/><W119/><G119/><T21/><D111/><U73/><E73/><V46/><F46/><W81/><G103/><T3/><D3/><U16/><E1/><V58/><F128/><W76/><G76/><T64/><D64/><U37/><E133/><V22/><F129/><W42/><G42/><T71/><D71/><U94/><E130/><V100/><F100/><W120/><G120/><T69/><D69/><U83/><E43/><V101/><F101/><W92/><G25/><T8/><D131/><U108/><E108/><V28/><F22/><AGARI ba="0,0" hai="17,22,26,40,45,51,80,81,84,88,92" m="11274" machi="22" ten="30,2000,0" yaku="8,1,54,1" doraHai="68" who="3" fromWho="2" sc="108,0,280,0,362,-20,250,20" /><INIT seed="6,0,0,1,1,39" ten="108,280,342,270" oya="2" hai0="99,11,86,98,6,69,44,10,87,84,129,74,97" hai1="76,79,82,21,117,107,70,29,122,111,135,77,83" hai2="110,5,14,90,3,46,32,0,20,1,58,28,127" hai3="24,89,50,96,22,16,112,30,120,52,64,38,36"/><V100/><F100/><W75/><G120/><T23/><D74/><U63/><E117/><V102/><F102/><W125/><G75/><T73/><D73/><U108/><E107/><V60/><F127/><W80/><G125/><T56/><D69/><U124/><E124/><V25/><F110/><W93/><G112/><T61/><D129/><U85/><E70/><V91/><F46/><W104/><G64/><T51/><D23/><U128/><E63/><V15/><F5/><W17/><G80/><N who="1" m="30762" /><E21/><V62/><F62/><W132/><G132/><T116/><D116/><U68/><E29/><V119/><F119/><W103/><G36/><T81/><D81/><N who="1" m="47295" /><E68/><V126/><F126/><W26/><G38/><T18/><D18/><U45/><E45/><V19/><REACH who="2" step="1"/><F14/><REACH who="2" ten="108,280,332,270" step="2"/><W121/><G121/><T78/><D78/><U114/><E122/><V31/><F31/><W41/><G104/><T65/><REACH who="0" step="1"/><D6/><REACH who="0" ten="98,280,332,270" step="2"/><U2/><E77/><V101/><F101/><W55/><G103/><T42/><AGARI ba="0,2" hai="10,11,42,44,51,56,61,65,84,86,87,97,98,99" machi="42" ten="30,8000,1" yaku="1,1,2,1,0,1,8,1,52,1,53,0" doraHai="39" doraHaiUra="72" who="0" fromWho="0" sc="98,100,280,-20,332,-40,270,-20" /><INIT seed="7,0,0,0,2,40" ten="198,260,292,250" oya="3" hai0="11,51,41,98,116,83,79,74,127,89,81,5,131" hai1="52,71,126,96,42,36,35,68,58,10,53,33,69" hai2="8,56,65,109,75,124,49,105,6,39,4,43,134" hai3="97,15,130,107,93,118,129,114,76,57,47,101,112"/><W70/><G70/><T122/><D116/><U84/><E35/><V24/><F75/><W20/><G118/><T117/><D117/><U110/><E33/><V31/><F105/><W32/><G32/><T25/><D122/><U29/><E29/><V44/><F109/><W13/><G107/><T103/><D131/><N who="3" m="50185" /><G76/><T14/><D127/><U23/><E23/><V26/><F124/><W92/><G92/><T17/><D83/><U128/><E10/><V100/><F100/><W87/><G87/><T7/><D89/><U85/><E96/><V115/><F115/><N who="3" m="44075" /><G20/><T121/><D121/><U0/><E85/><V135/><F8/><W90/><G90/><T63/><D63/><N who="1" m="36295" /><E84/><V108/><F108/><W37/><G57/><T1/><D25/><N who="2" m="9834" /><F31/><W86/><G86/><T67/><D67/><U123/><E128/><V94/><F94/><W45/><G37/><T133/><D133/><N who="2" m="50698" /><F65/><W59/><G59/><T50/><D41/><U66/><E126/><V119/><F119/><W125/><G125/><T18/><D7/><U3/><E66/><V80/><F80/><W78/><G78/><T111/><D111/><U120/><E110/><V95/><F95/><W30/><G30/><T88/><D88/><U73/><E73/><V12/><F12/><AGARI ba="0,0" hai="12,13,15,45,47,93,97,101" m="44075,50185" machi="12" ten="30,11600,0" yaku="19,1,15,1,52,2" doraHai="40" who="3" fromWho="2" sc="198,0,260,0,292,-116,250,116" owari="198,-20.0,260,6.0,176,-32.0,366,46.0" /></mjloggm>