<mjloggm ver="2.3"><GO type="41" lobby="0"/><UN n0="%E6%9C%9D%E6%AF%94%E5%A5%88%E9%A6%99%E6%BE%84" n1="%E3%82%A6%E3%83%AB%E3%83%88%E3%83%A9%E7%AB%8B%E7%9B%B4" n2="%59%6F%6E%6A%69%6E" n3="%E6%AF%8D%E7%A9%B4%E6%8E%98%E3%82%8A" dan="13,15,15,15" rate="1883.87,2002.43,2085.44,1989.34" sx="F,M,M,M"/><TAIKYOKU oya="0"/><INIT seed="0,0,0,0,5,124" ten="250,250,250,250" oya="0" hai0="26,72,113,70,62,86,38,130,28,37,0,57,104" hai1="107,55,74,71,63,88,18,67,73,110,75,39,115" hai2="24,9,21,112,123,116,117,58,16,120,77,94,82" hai3="13,43,27,131,53,103,83,45,47,128,23,48,68"/><T84/><D104/><U135/><E107/><V30/><F112/><W11/><G68/><T50/><D72/><U90/><E110/><V7/><F94/><W6/><G103/><T125/><D113/><U59/><E135/><V89/><F89/><W14/><G14/><T51/><D125/><U127/><E127/><V118/><F58/><W32/><G32/><T44/><D0/><U12/><E39/><V98/><F98/><W93/><G93/><T29/><D130/><N who="3" m="49705" /><G83/><T129/><D70/><U87/><E115/><V22/><F82/><W5/><G5/><T60/><D129/><U111/><E111/><V122/><F77/><W49/><G27/><T25/><D57/><U108/><E108/><V36/><F36/><W97/><G23/><T17/><D17/><U105/><E105/><V19/><F21/><W102/><G102/><T66/><REACH who="0" step="1"/><D66/><REACH who="0" ten="240,250,250,250" step="2"/><U95/><E71/><V33/><F33/><W61/><G61/><T64/><D64/><U81/><E75/><V65/><F65/><W119/><G119/><T85/><D85/><U15/><E74/><V10/><F10/><W80/><G80/><T40/><D40/><U20/><E73/><V52/><REACH who="2" step="1"/><F52/><REACH who="2" ten="240,250,240,250" step="2"/><W31/><G97/><T8/><D8/><U114/><E114/><V78/><F78/><W4/><G4/><T109/><D109/><U121/><E121/><V76/><F76/><W126/><G126/><T41/><D41/><U56/><E67/><V132/><F132/><W106/><G106/><T35/><D35/><U69/><E69/><V92/><F92/><W54/><G43/><T3/><D3/><AGARI ba="0,2" hai="3,7,9,16,19,22,24,30,116,117,118,120,122,123" machi="3" ten="50,16000,3" yaku="1,1,6,1,12,1,34,3,54,1,53,1" doraHai="124" doraHaiUra="2" who="2" fromWho="0" sc="240,-160,250,0,240,180,250,0" /><INIT seed="1,0,0,3,3,92" ten="80,250,420,250" oya="1" hai0="45,118,47,113,23,66,80,54,19,78,116,4,36" hai1="0,94,112,48,3,9,76,93,49,132,122,75,42" hai2="7,123,50,56,91,8,65,43,37,111,57,117,82" hai3="28,40,59,38,46,120,79,81,33,25,124,104,125"/><U127/><E122/><V27/><F37/><W2/><G59/><T34/><D34/><U74/><E9/><V101/><F117/><W99/><G120/><T135/><D113/><U86/><E42/><V130/><F101/><W109/><G109/><T70/><D135/><U102/><E102/><V67/><F111/><W55/><G55/><T16/><D4/><U97/><E86/><V15/><F27/><W83/><G2/><T13/><D70/><U64/><E64/><V61/><F130/><W1/><G1/><T90/><D66/><U105/><E76/><V68/><F123/><W63/><G63/><T52/><D90/><U44/><E105/><V100/><F100/><N who="3" m="62495" /><G81/><T103/><D103/><U14/><E14/><V95/><F82/><W106/><G106/><T126/><D126/><N who="3" m="48745" /><G83/><T29/><D29/><U107/><E127/><V69/><F67/><W108/><G108/><T22/><D36/><U12/><E107/><V133/><F133/><W11/><G11/><T32/><D32/><U89/><E132/><V72/><F69/><W128/><G79/><T96/><D80/><U31/><E31/><V30/><F30/><W77/><G77/><T35/><D35/><U5/><E5/><V10/><F10/><W114/><G114/><T71/><D78/><U110/><E110/><V21/><F68/><W121/><G121/><T60/><D71/><U20/><E3/><V58/><F65/><W41/><G41/><T24/><D60/><U88/><E0/><V26/><F61/><W51/><G51/><T6/><D6/><U119/><E112/><V84/><F50/><RYUUKYOKU ba="0,0" sc="80,-10,250,-10,420,-10,250,30" hai3="25,28,33,38,40,46,128" /><INIT seed="2,1,0,4,2,18" ten="70,240,410,280" oya="2" hai0="69,57,129,37,94,29,10,8,114,117,125,9,55" hai1="11,4,118,41,88,15,107,22,73,93,27,68,0" hai2="77,106,24,103,59,58,45,40,116,128,70,86,74" hai3="36,131,65,60,67,98,130,75,16,31,25,61,30"/><V121/><F70/><W110/><G75/><T43/><D117/><U79/><E107/><V23/><F74/><W12/><G36/><T46/><D69/><U14/><E68/><V56/><F121/><W63/><G110/><T71/><D114/><U20/><E118/><V35/><F35/><W54/><G54/><T5/><D71/><U83/><E41/><V90/><F77/><W13/><G98/><T47/><D129/><N who="3" m="49161" /><G13/><T127/><D29/><N who="3" m="10761" /><G25/><T64/><D64/><U124/><E124/><N who="0" m="47689" /><D47/><U26/><E26/><V49/><F116/><W89/><G89/><T133/><D133/><U72/><E72/><V108/><F108/><W112/><G112/><T101/><D5/><U119/><E119/><V120/><F120/><W80/><G80/><T44/><D44/><U99/><REACH who="1" step="1"/><E27/><REACH who="1" ten="70,230,410,280" step="2"/><V100/><F106/><W78/><G67/><T111/><D111/><U134/><E134/><V7/><F128/><W95/><G65/><T102/><D94/><U50/><E50/><AGARI ba="1,1" hai="8,9,10,37,43,46,50,55,57,101,102" m="47689" machi="50" ten="30,1000,0" yaku="18,1" doraHai="18" who="0" fromWho="1" sc="70,23,230,-13,410,0,280,0" /><INIT seed="3,0,0,2,0,62" ten="93,217,410,280" oya="3" hai0="112,19,125,33,103,109,21,58,101,0,87,132,70" hai1="102,84,54,10,68,5,126,131,14,123,78,34,90" hai2="16,121,53,110,100,12,89,32,39,9,108,99,47" hai3="17,91,26,37,1,85,97,49,98,59,48,69,114"/><W4/><G114/><T107/><D107/><U77/><E34/><V73/><F32/><W42/><G69/><T104/><D112/><U18/><E123/><V96/><F73/><W56/><G37/><T76/><D70/><U86/><E68/><V134/><F121/><W55/><G1/><T50/><D132/><U63/><E126/><V30/><F30/><W8/><G4/><T94/><D125/><U29/><E29/><V83/><F134/><W20/><G8/><T60/><D109/><U35/><E35/><V57/><F39/><W117/><G117/><T24/><D0/><U111/><E102/><V7/><F7/><W118/><G118/><T45/><D104/><U75/><E75/><V115/><F115/><W40/><G40/><N who="0" m="24871" /><D33/><U133/><E133/><V51/><F57/><W66/><G42/><T71/><D71/><U120/><E120/><V2/><F2/><W130/><G130/><T15/><D15/><U129/><E111/><N who="2" m="42539" /><F100/><W119/><G119/><T67/><D94/><U72/><E72/><V13/><F13/><W27/><G27/><T79/><D79/><U36/><E36/><V11/><F11/><W3/><G3/><T46/><D46/><U43/><E43/><V113/><F113/><W44/><G44/><T22/><D21/><U74/><E74/><V116/><F116/><W106/><G106/><T95/><D95/><N who="1" m="54727" /><E129/><V64/><F83/><AGARI ba="0,0" hai="19,22,24,58,60,67,76,83,87,101,103" m="24871" machi="83" ten="30,2000,0" yaku="8,1,52,1" doraHai="62" who="0" fromWho="2" sc="93,20,217,0,410,-20,280,0" /><INIT seed="4,0,0,1,5,54" ten="113,217,390,280" oya="0" hai0="52,5,122,48,4,55,40,130,126,29,133,57,49" hai1="135,24,20,112,79,85,69,124,89,105,134,93,22" hai2="101,90,7,25,41,98,77,56,75,82,73,84,121" hai3="44,113,19,88,10,129,63,83,30,100,17,64,109"/><T123/><D29/><U26/><E69/><V14/><F121/><N who="0" m="46090" /><D4/><U103/><E124/><V68/><F68/><W21/><G109/><T33/><D33/><U110/><E110/><V99/><F41/><W74/><G30/><T117/><D5/><U0/><E0/><V128/><F25/><W72/><G100/><T35/><D35/><U27/><E79/><V59/><F128/><W11/><G129/><T50/><D130/><U51/><E103/><V107/><F99/><W114/><G114/><T61/><D126/><U1/><E1/><V60/><F60/><W102/><G102/><T45/><D117/><U13/><E105/><V66/><F66/><W43/><G113/><T36/><D133/><N who="1" m="50699" /><E112/><V94/><F73/><W127/><G127/><T32/><D32/><U18/><E51/><N who="0" m="19529" /><D36/><U95/><E95/><V97/><F97/><W58/><G74/><T16/><D16/><AGARI ba="0,0" hai="13,16,18,20,22,24,26,27,85,89,93" m="50699" machi="16" ten="30,2000,0" yaku="20,1,54,1" doraHai="54" who="1" fromWho="0" sc="113,-20,217,20,390,0,280,0" /><INIT seed="5,0,0,2,0,58" ten="93,237,390,280" oya="1" hai0="94,93,132,25,78,96,76,108,90,55,74,106,82" hai1="84,125,44,134,133,85,102,54,118,126,86,67,107" hai2="38,7,28,122,112,26,110,64,21,105,63,91,8" hai3="4,35,40,5,71,77,131,41,45,34,57,50,128"/><U39/><E67/><V37/><F110/><W30/><G71/><T121/><D55/><U53/><E118/><V95/><F105/><W11/><G41/><T29/><D29/><U24/><E102/><V83/><F83/><W13/><G5/><T36/><D36/><U69/><E107/><V42/><F42/><W79/><G57/><T124/><D25/><U17/><E69/><V81/><F81/><W111/><G111/><T0/><D0/><U23/><E39/><V31/><F31/><W98/><G98/><N who="0" m="57655" /><D121/><U20/><E44/><V80/><F80/><W9/><G9/><T109/><D124/><N who="1" m="47723" /><E17/><V120/><F112/><W75/><G75/><N who="0" m="43295" /><D132/><N who="1" m="50795" /><E24/><V62/><F64/><W68/><G68/><T114/><D109/><U104/><E104/><V3/><F38/><W129/><REACH who="3" step="1"/><G30/><REACH who="3" ten="93,237,390,270" step="2"/><T72/><D108/><U1/><E1/><V12/><F37/><W56/><G56/><T32/><D78/><AGARI ba="0,1" hai="4,11,13,34,35,40,45,50,77,78,79,128,129,131" machi="78" ten="40,2600,0" yaku="1,1,19,1,53,0" doraHai="58" doraHaiUra="123" who="3" fromWho="0" sc="93,-26,237,0,390,0,270,36" /><INIT seed="6,0,0,3,4,41" ten="67,237,390,306" oya="2" hai0="12,68,74,132,108,96,129,23,2,60,71,76,46" hai1="100,1,15,102,86,48,8,80,72,49,6,105,83" hai2="89,111,82,110,125,16,87,128,62,116,58,130,124" hai3="120,127,51,113,65,63,131,7,52,94,43,122,61"/><V75/><F75/><W123/><G7/><T27/><D2/><U77/><E1/><V33/><F33/><W126/><G94/><T133/><D108/><N who="2" m="41514" /><F16/><W79/><G79/><T99/><D129/><N who="2" m="49770" /><F116/><W29/><G29/><T107/><D12/><U78/><E105/><V112/><F112/><W66/><G113/><T119/><D119/><U24/><E24/><V5/><F5/><W118/><G118/><T25/><D23/><U11/><E11/><V109/><N who="2" m="41522" /><V30/><DORA hai="31" /><F30/><W50/><G131/><T98/><D107/><U70/><E70/><V69/><F69/><N who="3" m="42159" /><G43/><T32/><D60/><U67/><E67/><AGARI ba="0,0" hai="58,62,67,82,87,89,124,125" m="49770,41522" machi="67" ten="50,4800,0" yaku="10,1,19,1" doraHai="41,31" who="2" fromWho="1" sc="67,0,237,-48,390,48,306,0" /><INIT seed="6,1,0,4,1,70" ten="67,189,438,306" oya="2" hai0="64,3,60,30,54,42,67,122,123,33,77,116,1" hai1="117,121,89,58,98,9,91,84,132,128,119,22,109" hai2="101,127,10,124,76,53,83,35,17,14,73,80,108" hai3="90,118,102,68,131,62,105,129,85,99,81,66,93"/><V38/><F35/><W104/><REACH who="3" step="1"/><G118/><REACH who="3" ten="67,189,438,296" step="2"/><T5/><D116/><U82/><E119/><V110/><F101/><W36/><G36/><T86/><D123/><U0/><E117/><V97/><F38/><W113/><G113/><T2/><D122/><U34/><E121/><V37/><F37/><W39/><G39/><T40/><D2/><U31/><E34/><V120/><F120/><W71/><G71/><T52/><D3/><U87/><E0/><V115/><F115/><W46/><G46/><T21/><D1/><U6/><E109/><N who="2" m="42091" /><F97/><W56/><G56/><T50/><D33/><U107/><E58/><V92/><F92/><W103/><G103/><T43/><D5/><U126/><E98/><V59/><F83/><W41/><G41/><T23/><D43/><U26/><E82/><V32/><F32/><W61/><G61/><AGARI ba="1,1" hai="10,14,17,53,59,61,73,76,80,124,127" m="42091" machi="61" ten="30,1500,0" yaku="10,1" doraHai="70" who="2" fromWho="3" sc="67,0,189,0,438,28,296,-18" /><INIT seed="6,2,0,3,1,80" ten="67,189,466,278" oya="2" hai0="32,104,69,47,115,10,66,133,8,15,63,117,55" hai1="12,108,130,135,97,102,77,126,71,30,19,29,0" hai2="120,112,39,44,18,4,60,57,122,28,62,83,92" hai3="134,75,74,65,128,9,107,2,114,84,1,41,121"/><V64/><F112/><W111/><G111/><T98/><D117/><U25/><E71/><V132/><F132/><W76/><G114/><T67/><D115/><U22/><E108/><V110/><F110/><W51/><G134/><T99/><D133/><U50/><E0/><V45/><F28/><W37/><G107/><T113/><D32/><U89/><E135/><V56/><F4/><W3/><G121/><T11/><D113/><U49/><E126/><V33/><F33/><W131/><G65/><T82/><D104/><U118/><E118/><V88/><F83/><N who="3" m="47207" /><G37/><T21/><D69/><U119/><E119/><V68/><F68/><W46/><G9/><T72/><D72/><U116/><E130/><V58/><F39/><W101/><G101/><T109/><D109/><U96/><E77/><V48/><F18/><W100/><G100/><T23/><D11/><U7/><E7/><V106/><F106/><W35/><G35/><T38/><D38/><U125/><E125/><V5/><F5/><W94/><G94/><T59/><D82/><U129/><E129/><AGARI ba="2,0" hai="1,2,3,41,46,51,74,75,128,129,131" m="47207" machi="129" ten="40,2600,0" yaku="19,1,52,1" doraHai="80" who="3" fromWho="1" sc="67,0,189,-32,466,0,278,32" /><INIT seed="7,0,0,1,1,92" ten="67,157,466,310" oya="3" hai0="134,130,27,39,75,0,16,126,68,37,72,129,107" hai1="47,100,135,106,66,131,95,42,29,79,9,116,24" hai2="22,84,78,44,94,104,83,102,117,133,15,25,113" hai3="112,124,121,88,28,56,10,50,59,120,114,5,19"/><W90/><G28/><T123/><D27/><U101/><E101/><V40/><F117/><W80/><G19/><T69/><D16/><U2/><E79/><V62/><F104/><W58/><G50/><T110/><D110/><U26/><E26/><V20/><F133/><W36/><G36/><N who="0" m="13899" /><D134/><U91/><E47/><V98/><F113/><N who="3" m="43627" /><G124/><T86/><D86/><U49/><E91/><N who="3" m="34858" /><G80/><T61/><D61/><U85/><E29/><N who="2" m="17575" /><F62/><W71/><G71/><N who="0" m="27211" /><D126/><U89/><E9/><V115/><F115/><W128/><G128/><N who="0" m="49259" /><D123/><N who="3" m="47177" /><G10/><T14/><D14/><U51/><E131/><V43/><F44/><W109/><G5/><T12/><D12/><U41/><E135/><V81/><F81/><W31/><G31/><T74/><D107/><U38/><E106/><V97/><F15/><W57/><N who="3" m="14336" /><DORA hai="45" /><W34/><G109/><T96/><D96/><U64/><E38/><V99/><F22/><W105/><G105/><T127/><D127/><U122/><E24/><V21/><F21/><W33/><AGARI ba="0,0" hai="33,34" m="14336,47177,34858,43627" machi="33" ten="50,12000,1" yaku="28,2,15,1,54,1" doraHai="92,45" who="3" fromWho="3" sc="67,-40,157,-40,466,-40,310,120" owari="27,-47.0,117,-28.0,426,23.0,430,52.0" /></mjloggm>