<mjloggm ver="2.3"><GO type="193" lobby="0"/><UN n0="%48%45%41%54%54%45%43%48" n1="%E5%B0%B1%E6%B4%BB%E7%94%9F%40%E5%B7%9D%E6%9D%91%E8%BB%8D%E5%9B%A3" n2="%E3%81%82%E3%82%93%E3%81%AE%E3%83%BC%E3%82%93" n3="%6D%69%63%63%68%69%69%69" dan="12,12,10,12" rate="1714.54,1855.40,1560.43,1682.61" sx="M,M,M,F"/><TAIKYOKU oya="0"/><INIT seed="0,0,0,2,4,65" ten="250,250,250,250" oya="0" hai0="29,95,61,36,117,19,110,124,116,107,103,99,83" hai1="73,131,28,7,6,53,8,11,64,119,96,75,33" hai2="97,132,115,35,51,90,31,23,127,109,46,4,100" hai3="26,59,94,3,104,66,49,76,72,91,20,18,86"/><T45/><D19/><U30/><E119/><N who="0" m="45641" /><D29/><U43/><E131/><V22/><F115/><W50/><G104/><T42/><D61/><U16/><E43/><V56/><F109/><W25/><G3/><T77/><D110/><U21/><E64/><V120/><F120/><W122/><G122/><T88/><D36/><U129/><E129/><V60/><F127/><W113/><G113/><T85/><D42/><U10/><E96/><V114/><F114/><W108/><G108/><T0/><D45/><U40/><E40/><V13/><F132/><W112/><G112/><T106/><D0/><U52/><E33/><V135/><F135/><W102/><G102/><T67/><D67/><U134/><E134/><V32/><F90/><W54/><G72/><N who="0" m="43431" /><D107/><U2/><E75/><V125/><F125/><AGARI ba="0,0" hai="85,88,95,99,103,106,124,125" m="43431,45641" machi="125" ten="30,11600,0" yaku="24,1,34,2,54,1" doraHai="65" who="0" fromWho="2" sc="250,116,250,0,250,-116,250,0" /><INIT seed="0,1,0,0,5,89" ten="366,250,134,250" oya="0" hai0="21,105,93,60,22,48,118,15,55,35,97,90,82" hai1="51,16,104,132,122,92,100,30,126,91,10,110,131" hai2="59,12,129,3,74,65,61,95,33,107,19,20,58" hai3="56,2,70,120,84,119,52,9,17,117,134,113,46"/><T34/><D118/><U116/><E122/><V18/><F74/><W114/><G120/><T76/><D35/><U41/><E116/><V42/><F107/><W133/><G70/><T66/><D34/><U73/><E73/><V45/><F129/><W94/><G2/><T101/><D15/><U11/><E126/><V26/><F33/><W29/><G29/><T75/><D66/><U1/><E131/><V63/><F3/><W36/><G36/><T54/><D60/><U98/><E132/><N who="3" m="50794" /><G46/><T106/><D106/><U96/><E110/><V14/><F95/><W7/><G7/><T99/><REACH who="0" step="1"/><D55/><REACH who="0" ten="356,250,134,250" step="2"/><U0/><E0/><V87/><F87/><W123/><G123/><T80/><D80/><U23/><E1/><V121/><F121/><W44/><G119/><T47/><AGARI ba="1,1" hai="21,22,47,48,54,75,76,82,90,93,97,99,101,105" machi="47" ten="20,7800,0" yaku="1,1,0,1,7,1,52,1,53,0" doraHai="89" doraHaiUra="71" who="0" fromWho="0" sc="356,91,250,-27,134,-27,250,-27" /><INIT seed="0,2,0,1,1,89" ten="447,223,107,223" oya="0" hai0="92,32,122,74,50,126,5,61,79,14,114,101,95" hai1="104,16,97,78,70,83,35,115,134,28,38,1,55" hai2="47,53,103,9,109,81,63,25,12,15,131,85,117" hai3="7,65,133,71,77,24,129,58,68,19,27,22,75"/><T86/><D122/><U72/><E115/><V21/><F109/><W80/><G129/><T8/><D114/><U3/><E134/><V76/><F131/><W112/><G112/><T42/><D126/><U106/><E38/><V10/><F117/><W40/><G133/><T34/><D32/><U59/><E70/><V0/><F103/><W46/><G7/><T120/><D34/><U11/><E35/><V62/><F0/><W121/><G121/><T127/><D127/><U91/><E28/><V130/><F130/><W57/><G71/><T67/><D120/><U102/><E91/><V108/><F108/><W100/><G100/><T30/><D30/><U52/><E55/><V132/><F132/><W94/><G68/><T18/><D101/><U69/><E69/><V84/><F84/><W33/><G33/><T123/><D123/><U110/><E110/><V82/><F82/><W88/><G65/><T23/><D74/><U60/><REACH who="1" step="1"/><E106/><REACH who="1" ten="447,213,107,223" step="2"/><V118/><F118/><W135/><G135/><T107/><D107/><U51/><E51/><V105/><F105/><W87/><REACH who="3" step="1"/><G27/><REACH who="3" ten="447,213,107,213" step="2"/><T44/><D67/><U124/><E124/><V39/><F25/><W17/><G17/><T48/><D61/><U4/><E4/><V29/><F63/><W31/><G31/><T20/><D50/><AGARI ba="2,2" hai="19,22,24,40,46,50,57,58,75,77,80,87,88,94" machi="50" ten="30,7700,0" yaku="1,1,7,1,52,1,54,1,53,0" doraHai="89" doraHaiUra="99" who="3" fromWho="0" sc="447,-83,213,0,107,0,213,103" /><INIT seed="1,0,0,4,1,90" ten="364,213,107,316" oya="1" hai0="92,117,100,105,111,30,24,121,87,135,91,29,3" hai1="54,9,116,102,95,13,10,0,65,83,59,46,94" hai2="118,128,98,48,81,112,131,62,1,42,75,124,49" hai3="11,31,63,66,55,82,32,93,109,61,67,20,134"/><U41/><E116/><V50/><F1/><W84/><G134/><T127/><D117/><U5/><E65/><V4/><F4/><W101/><G109/><T17/><D135/><U36/><E102/><V115/><F118/><W74/><G74/><T15/><D111/><U44/><E44/><N who="2" m="25623" /><F75/><W123/><G123/><T21/><D121/><U38/><E38/><V133/><F81/><W132/><G132/><T57/><D127/><U76/><E10/><V79/><F133/><W96/><G32/><T68/><D3/><U56/><E13/><V8/><F79/><W33/><G33/><T39/><D39/><U26/><E26/><V19/><F8/><W7/><G55/><T125/><D125/><U14/><E14/><V37/><F19/><W2/><G31/><T130/><D130/><N who="2" m="49706" /><F98/><W64/><REACH who="3" step="1"/><G20/><REACH who="3" ten="364,213,107,306" step="2"/><T85/><D68/><U80/><E54/><V106/><F106/><W126/><G126/><T86/><D105/><U89/><E83/><V110/><F124/><W27/><G27/><T99/><D24/><U51/><E51/><N who="2" m="19467" /><F37/><W47/><G47/><T70/><D70/><U114/><E114/><N who="2" m="43563" /><F110/><W16/><G16/><T35/><D35/><U73/><REACH who="1" step="1"/><E95/><REACH who="1" ten="364,203,107,306" step="2"/><V23/><F23/><W69/><G69/><T40/><D92/><U52/><E52/><V6/><F6/><W78/><AGARI ba="0,2" hai="2,7,11,61,63,64,66,67,78,82,84,93,96,101" machi="78" ten="30,4000,0" yaku="1,1,0,1,52,1,53,0" doraHai="90" doraHaiUra="107" who="3" fromWho="3" sc="364,-10,203,-20,107,-10,306,60" /><INIT seed="2,0,0,3,0,29" ten="354,183,97,366" oya="2" hai0="86,38,3,44,17,122,126,121,118,13,14,16,49" hai1="117,97,63,23,128,19,15,34,12,8,35,61,135" hai2="41,65,24,5,95,100,94,115,85,50,129,130,77" hai3="98,120,59,51,112,56,69,103,18,21,83,48,107"/><V134/><F115/><W31/><G120/><N who="0" m="46187" /><D38/><U110/><E117/><V20/><F5/><W79/><G112/><T109/><D118/><U55/><E128/><N who="2" m="49259" /><F134/><W89/><G69/><T66/><D66/><U43/><E135/><V108/><F65/><W9/><G9/><T76/><D109/><U47/><E110/><V42/><F108/><W116/><G116/><T124/><D76/><U45/><E97/><V92/><F100/><W58/><G89/><T0/><D86/><U104/><E104/><V73/><F73/><W2/><G31/><T90/><D90/><U52/><E43/><N who="2" m="16395" /><F50/><W64/><G64/><T81/><D81/><U82/><E82/><N who="2" m="47311" /><F20/><W87/><REACH who="3" step="1"/><G2/><REACH who="3" ten="354,183,97,356" step="2"/><N who="0" m="555" /><D49/><U10/><E23/><V113/><F113/><W57/><N who="3" m="14336" /><DORA hai="105" /><W84/><G84/><T125/><D44/><U27/><E19/><AGARI ba="0,1" hai="13,14,16,17,19,124,125,126" m="555,46187" machi="19" ten="40,12000,2" yaku="28,2,18,1,34,2,54,1" doraHai="29,105" who="0" fromWho="1" sc="354,130,183,-120,97,0,356,0" /><INIT seed="3,0,0,3,1,131" ten="484,63,97,356" oya="3" hai0="50,129,91,45,127,106,14,75,48,80,34,66,74" hai1="9,27,83,46,123,82,107,41,126,125,87,29,4" hai2="24,128,102,122,116,124,16,49,30,112,114,95,51" hai3="28,8,60,23,86,77,36,110,62,89,115,61,117"/><W2/><G117/><T81/><D129/><U76/><E123/><V113/><F116/><W57/><G115/><T20/><D34/><U32/><E107/><V93/><F128/><W13/><G110/><T56/><D106/><U109/><E109/><V47/><F122/><W12/><G36/><T11/><D127/><U0/><E82/><N who="0" m="31849" /><D74/><U98/><E98/><V99/><F124/><W96/><G77/><T111/><D75/><U1/><E1/><V54/><F49/><N who="0" m="19050" /><D111/><U21/><E46/><V10/><F10/><W63/><G96/><T100/><D100/><U6/><E41/><V118/><F118/><W73/><G73/><T17/><D45/><U58/><E58/><V69/><F69/><W52/><G2/><T97/><D97/><U7/><E125/><V71/><F71/><W38/><G38/><T130/><D130/><U15/><REACH who="1" step="1"/><E126/><REACH who="1" ten="484,53,97,356" step="2"/><V43/><F43/><W5/><G28/><T67/><D56/><U94/><E94/><V105/><REACH who="2" step="1"/><F16/><AGARI ba="0,1" hai="0,4,6,7,9,15,16,21,27,29,32,76,83,87" machi="16" ten="40,8000,1" yaku="1,1,24,2,54,1,53,0" doraHai="131" doraHaiUra="68" who="1" fromWho="2" sc="484,0,53,90,97,-80,356,0" owari="484,58.0,143,-26.0,17,-48.0,356,16.0" /></mjloggm>