<mjloggm ver="2.3"><GO type="97" lobby="0"/><UN n0="%43%46%76%E5%91%86%E5%91%86" n1="%74%61%6B%61%74%61%68%61" n2="%E3%82%A6%E3%83%AB%E3%83%88%E3%83%A9%E7%AB%8B%E7%9B%B4" n3="%E3%81%97%E3%81%87%E3%82%8A%E3%81%A3%E3%81%A9" dan="14,15,13,15" rate="1971.53,1940.41,1852.69,2026.63" sx="F,M,M,M"/><TAIKYOKU oya="0"/><INIT seed="0,0,0,2,3,127" ten="250,250,250,250" oya="0" hai0="47,131,75,97,54,112,51,125,15,64,1,135,56" hai1="78,87,103,61,83,38,70,71,86,14,118,110,52" hai2="24,120,13,114,130,49,39,11,7,72,89,57,69" hai3="16,21,94,26,40,67,34,134,92,42,66,55,27"/><T119/><D112/><U43/><E118/><V45/><F69/><W9/><G134/><T25/><D119/><U121/><E121/><V115/><F72/><W48/><G9/><T90/><D1/><U8/><E110/><V5/><F39/><W105/><G105/><T88/><D75/><U35/><E35/><V80/><F120/><W31/><G92/><T18/><D125/><U100/><E71/><V108/><F57/><W29/><G29/><T126/><D126/><U96/><E87/><N who="2" m="50407" /><F24/><W3/><G3/><T50/><D135/><U133/><E133/><V93/><F93/><W30/><G30/><T19/><D64/><U81/><E81/><V4/><F108/><W32/><G32/><T12/><D131/><U99/><E70/><V122/><F122/><W123/><G123/><T28/><D15/><U59/><E43/><V116/><F116/><W132/><G132/><T82/><D82/><U2/><E38/><V17/><F130/><W0/><G0/><T44/><D44/><U101/><REACH who="1" step="1"/><E2/><REACH who="1" ten="250,240,250,250" step="2"/><V60/><F115/><W36/><G36/><T10/><D97/><U79/><E79/><V68/><F114/><W113/><G113/><T23/><REACH who="0" step="1"/><D28/><REACH who="0" ten="240,240,250,250" step="2"/><U91/><E91/><V124/><F124/><W65/><REACH who="3" step="1"/><G94/><REACH who="3" ten="240,240,250,240" step="2"/><T85/><D85/><U33/><E33/><V128/><F128/><W37/><G37/><T102/><D102/><U22/><E22/><V63/><F68/><W73/><G73/><T129/><D129/><U6/><AGARI ba="0,3" hai="6,8,14,52,59,61,78,83,86,96,99,100,101,103" machi="6" ten="30,12000,2" yaku="1,1,0,1,8,1,54,1,53,2" doraHai="127" doraHaiUra="95" who="1" fromWho="1" sc="240,-60,240,150,250,-30,240,-30" /><INIT seed="1,0,0,0,3,131" ten="180,390,220,210" oya="1" hai0="52,2,103,90,14,40,42,39,89,117,56,44,95" hai1="27,120,22,17,92,129,84,97,48,15,37,109,81" hai2="35,123,124,72,58,113,34,85,121,71,118,66,114" hai3="63,41,60,25,101,133,70,62,111,79,112,11,78"/><U122/><E37/><V13/><F58/><W69/><G112/><N who="2" m="43113" /><F72/><W132/><G111/><T135/><D117/><U80/><E129/><V29/><F66/><W128/><G128/><T99/><D2/><U24/><E109/><V33/><F71/><W5/><G41/><T18/><D42/><U98/><E122/><N who="2" m="46603" /><F85/><W36/><G36/><T38/><D38/><U74/><E120/><V49/><F49/><W30/><G101/><T54/><D135/><N who="3" m="51785" /><G69/><T55/><REACH who="0" step="1"/><D56/><REACH who="0" ten="170,390,220,210" step="2"/><U130/><E130/><V110/><F110/><W3/><G70/><T77/><D77/><U67/><E67/><V82/><F118/><W61/><N who="3" m="15872" /><DORA hai="87" /><W23/><AGARI ba="0,1" hai="3,5,11,23,25,30,78,79" m="15872,51785" machi="23" ten="50,8000,1" yaku="4,1,20,1,52,3" doraHai="131,87" who="3" fromWho="3" sc="170,-20,390,-40,220,-20,210,90" /><INIT seed="2,0,0,3,4,0" ten="150,350,200,300" oya="2" hai0="106,46,96,119,6,20,92,109,23,32,41,131,117" hai1="76,114,128,69,124,43,77,54,34,35,58,38,53" hai2="61,49,71,101,12,39,135,120,15,1,3,47,93" hai3="25,24,90,102,74,29,123,122,40,95,56,8,45"/><V116/><F120/><W104/><G74/><T82/><D32/><U105/><E114/><V133/><F39/><W14/><G56/><T73/><D109/><U99/><E124/><V68/><F116/><N who="0" m="44618" /><D106/><U127/><E127/><V94/><F61/><W85/><G102/><N who="0" m="60679" /><D131/><U62/><E128/><V70/><F101/><W30/><G104/><T75/><D23/><U52/><E69/><V19/><F19/><W60/><G60/><T4/><D20/><U67/><E35/><V89/><F47/><W83/><G95/><N who="2" m="36361" /><F89/><W80/><G80/><T108/><D108/><U129/><E34/><V18/><F18/><W9/><G123/><T7/><D82/><U57/><E129/><V111/><F49/><AGARI ba="0,0" hai="4,6,7,41,46,49,73,75" m="60679,44618" machi="49" ten="30,7700,0" yaku="12,1,52,3" doraHai="0" who="0" fromWho="2" sc="150,77,350,0,200,-77,300,0" /><INIT seed="3,0,0,3,0,61" ten="227,350,123,300" oya="3" hai0="28,40,8,77,46,14,47,128,59,3,21,58,85" hai1="122,53,72,24,37,75,39,92,94,125,10,113,102" hai2="132,6,5,97,80,34,71,51,116,119,131,105,104" hai3="111,1,54,45,20,30,67,11,9,86,89,91,107"/><W87/><G107/><T127/><D3/><U118/><E122/><V19/><F80/><N who="3" m="49351" /><G1/><T16/><D46/><U90/><E113/><V110/><F51/><N who="3" m="29039" /><G111/><T32/><D32/><U55/><E125/><V82/><F19/><W42/><G42/><T2/><D2/><U95/><E118/><V66/><F82/><N who="3" m="49655" /><G30/><T50/><D128/><U41/><E41/><V17/><F17/><W4/><G20/><T43/><D43/><U117/><E117/><V100/><F105/><W124/><G124/><T48/><D48/><U115/><E115/><V65/><F104/><W29/><G29/><T134/><D134/><U15/><E75/><V70/><F132/><W13/><G11/><T36/><D36/><U62/><E72/><V109/><F34/><W79/><G79/><T99/><D99/><U63/><E39/><V23/><F23/><W120/><G120/><T121/><D121/><U84/><E37/><V73/><F73/><W57/><G57/><T31/><D127/><U60/><E102/><V0/><F0/><W27/><G27/><N who="0" m="16495" /><D31/><U126/><E24/><V68/><F68/><W93/><G93/><N who="1" m="35946" /><E126/><V129/><REACH who="2" step="1"/><F97/><REACH who="2" ten="227,350,113,300" step="2"/><W103/><G103/><AGARI ba="0,1" hai="5,6,65,66,70,71,100,103,109,110,116,119,129,131" machi="103" ten="25,12000,2" yaku="1,1,2,1,22,2,52,2,53,0" doraHai="61" doraHaiUra="52" who="2" fromWho="3" sc="227,0,350,0,113,130,300,-120" owari="227,-17.0,350,45.0,243,4.0,180,-32.0" /></mjloggm>