<mjloggm ver="2.3"><GO type="97" lobby="0"/><UN n0="%E3%82%AA%E3%82%AB%E3%83%87%E3%82%B8%E9%9B%80%E5%A3%AB" n1="%34%36%34%6B%75%6D%61" n2="%E8%8C%A8%E3%81%AE%E5%90%9B" n3="%E3%82%A6%E3%83%AB%E3%83%88%E3%83%A9%E7%AB%8B%E7%9B%B4" dan="15,13,14,13" rate="2019.77,1876.04,1975.70,1835.72" sx="M,M,M,M"/><TAIKYOKU oya="0"/><INIT seed="0,0,0,3,5,88" ten="250,250,250,250" oya="0" hai0="29,31,4,60,119,95,24,113,71,72,90,2,102" hai1="17,97,112,74,75,34,49,48,103,80,126,54,14" hai2="64,96,51,37,115,99,20,38,100,109,130,6,57" hai3="127,19,134,15,111,82,8,77,131,94,133,105,124"/><T81/><D119/><U26/><E126/><N who="3" m="48170" /><G105/><T56/><D113/><U55/><E112/><V40/><F115/><W62/><G62/><T83/><D71/><U61/><E61/><V3/><F109/><W110/><G94/><T30/><D4/><U7/><E7/><V67/><F130/><W70/><G70/><T23/><D2/><U132/><E132/><N who="3" m="50794" /><G131/><T98/><D72/><AGARI ba="0,0" hai="8,15,19,72,77,82,110,111" m="50794,48170" machi="72" ten="30,2000,0" yaku="18,1,20,1" doraHai="88" who="3" fromWho="0" sc="250,-20,250,0,250,0,250,20" /><INIT seed="1,0,0,5,4,112" ten="230,250,250,270" oya="1" hai0="116,115,65,109,44,121,120,74,31,66,57,20,43" hai1="110,35,122,70,96,61,86,54,7,46,37,118,107" hai2="12,106,87,52,83,88,79,59,72,47,32,100,132" hai3="30,50,68,62,11,45,33,4,67,108,71,38,99"/><U128/><E122/><N who="0" m="47209" /><D20/><U93/><E35/><V101/><F32/><W69/><G108/><T113/><D31/><U58/><E7/><V29/><F29/><W134/><G134/><T1/><D1/><U23/><E107/><V76/><F132/><W111/><G111/><T25/><D25/><U78/><E110/><V9/><F47/><W82/><G82/><T94/><D94/><U34/><E34/><V80/><F106/><W85/><G85/><T13/><D13/><U2/><E2/><V127/><F127/><W98/><G98/><T119/><D74/><U63/><E128/><V15/><F76/><W131/><G99/><T22/><D22/><U10/><E10/><V48/><REACH who="2" step="1"/><F15/><REACH who="2" ten="230,250,240,270" step="2"/><W18/><G30/><T6/><D109/><U60/><E46/><V105/><F105/><W21/><G45/><T89/><D44/><U55/><E37/><V3/><F3/><W91/><G38/><T56/><D43/><U51/><E78/><V81/><F81/><W36/><G36/><T135/><D135/><U0/><E0/><V92/><F92/><W17/><G33/><T53/><D115/><U102/><E70/><V8/><F8/><W125/><G71/><T117/><D113/><U42/><E42/><V73/><F73/><W41/><G69/><T129/><D129/><U97/><E93/><V75/><F75/><W49/><G131/><T130/><D130/><U104/><E104/><V14/><F14/><W95/><G41/><T5/><D89/><U64/><E102/><V27/><F27/><W16/><G91/><T84/><D57/><U26/><E58/><RYUUKYOKU ba="0,1" sc="230,-10,250,-10,240,30,270,-10" hai2="9,12,48,52,59,72,79,80,83,87,88,100,101" /><INIT seed="2,1,1,0,5,115" ten="220,240,270,260" oya="2" hai0="47,132,36,99,96,14,32,68,26,6,27,45,23" hai1="70,1,82,111,92,37,31,48,74,112,108,16,0" hai2="122,75,49,30,118,25,46,67,50,104,9,81,120" hai3="42,40,121,124,29,134,41,7,62,39,78,101,131"/><V105/><F118/><W24/><G121/><T95/><D68/><U109/><E37/><V13/><F67/><W86/><G39/><T100/><D132/><U129/><E70/><V69/><F69/><W103/><G124/><T17/><D36/><U20/><E31/><V135/><F135/><W63/><G7/><T91/><D32/><U89/><E112/><V44/><F81/><N who="3" m="47415" /><G131/><T18/><D6/><U85/><E48/><V64/><F64/><W79/><G79/><T8/><REACH who="0" step="1"/><D27/><REACH who="0" ten="210,240,270,260" step="2"/><N who="1" m="14727" /><E129/><V10/><F25/><W119/><G134/><T54/><D54/><U127/><E127/><V38/><F38/><W66/><G66/><T51/><D51/><U98/><E74/><V43/><F75/><W102/><G119/><T126/><D126/><U34/><E34/><V80/><F43/><W114/><G114/><T65/><D65/><U107/><E107/><AGARI ba="1,2" hai="8,14,17,18,23,26,45,47,91,95,96,99,100,107" machi="107" ten="30,3900,0" yaku="1,1,7,1,53,1" doraHai="115" doraHaiUra="5" who="0" fromWho="1" sc="210,62,240,-42,270,0,260,0" /><INIT seed="3,0,0,1,3,128" ten="272,198,270,260" oya="3" hai0="47,60,97,28,78,108,89,24,88,82,118,8,112" hai1="120,3,100,31,98,50,125,121,131,79,130,133,85" hai2="62,19,54,111,68,10,72,65,126,104,34,7,14" hai3="30,15,132,26,122,71,4,59,116,38,45,109,69"/><W75/><G75/><T17/><D118/><U42/><E3/><V135/><F72/><W84/><G116/><T134/><D108/><U58/><E31/><V43/><F111/><W27/><G122/><N who="1" m="47210" /><E58/><V129/><F43/><N who="3" m="22775" /><G84/><T0/><D134/><U87/><E50/><V36/><F36/><W11/><G109/><T86/><D60/><U99/><E42/><V16/><F34/><N who="3" m="20823" /><G59/><T73/><D47/><U35/><E35/><V22/><F129/><N who="1" m="49161" /><E125/><V124/><F104/><W2/><G15/><T48/><D112/><U92/><E79/><V12/><F7/><W66/><G27/><T56/><D48/><U55/><E55/><V64/><F135/><W44/><G44/><T96/><D56/><U40/><E40/><V39/><F39/><W25/><G25/><T63/><D63/><U29/><E29/><V90/><F54/><W53/><G53/><T93/><D0/><U91/><E133/><V61/><F90/><W127/><G132/><T52/><D52/><U74/><E74/><V57/><AGARI ba="0,0" hai="10,12,14,16,19,22,57,61,62,64,65,68,124,126" machi="57" ten="30,2000,0" yaku="0,1,54,1" doraHai="128" who="2" fromWho="2" sc="272,-5,198,-5,270,20,260,-10" /><INIT seed="4,0,0,5,5,132" ten="267,193,290,250" oya="0" hai0="4,98,21,34,0,84,90,121,2,106,110,47,25" hai1="45,112,59,28,99,43,61,107,8,111,72,66,75" hai2="129,41,78,57,36,109,113,56,85,125,52,53,38" hai3="92,105,37,68,6,22,124,24,26,71,3,76,55"/><T126/><D121/><U123/><E123/><V65/><F109/><W12/><G105/><T82/><D110/><U130/><E28/><V67/><F85/><W115/><G115/><T118/><D118/><U77/><E111/><V7/><F78/><W27/><G37/><N who="2" m="14441" /><F7/><W60/><G124/><T30/><D47/><U1/><E112/><V40/><F125/><W101/><G76/><T63/><D126/><U120/><E120/><V29/><F29/><W62/><G68/><T88/><D4/><U122/><E122/><V133/><F133/><W33/><G71/><T91/><D63/><U134/><E134/><V117/><F129/><W58/><G3/><T35/><D106/><U102/><E77/><V70/><F117/><W81/><G81/><T15/><D98/><U87/><E87/><V46/><F113/><W44/><G33/><T48/><D48/><U5/><REACH who="1" step="1"/><E130/><REACH who="1" ten="267,183,290,250" step="2"/><V54/><F70/><W73/><G73/><T135/><D135/><U96/><E96/><V86/><F86/><W18/><G6/><T100/><D35/><U20/><E20/><V49/><F40/><W23/><G23/><T64/><D34/><U50/><AGARI ba="0,1" hai="1,5,8,43,45,50,59,61,66,72,75,99,102,107" machi="50" ten="20,2700,0" yaku="1,1,0,1,7,1,53,0" doraHai="132" doraHaiUra="16" who="1" fromWho="1" sc="267,-13,183,37,290,-7,250,-7" /><INIT seed="5,0,0,5,4,115" ten="254,220,283,243" oya="1" hai0="34,5,21,43,60,86,20,12,104,45,103,57,102" hai1="68,69,22,28,89,106,49,90,120,97,125,105,85" hai2="66,26,51,108,31,25,64,132,76,33,52,95,46" hai3="32,128,87,94,41,16,109,44,42,54,72,88,80"/><U77/><E120/><V117/><F117/><W130/><G32/><T14/><D34/><U135/><E125/><V111/><F76/><W122/><G122/><T101/><D104/><U134/><E77/><V35/><F132/><N who="1" m="50729" /><E49/><V37/><F37/><W0/><G0/><T65/><D86/><U29/><E22/><V27/><F95/><W7/><G7/><T6/><D20/><U53/><E53/><V30/><F25/><W17/><G109/><AGARI ba="0,0" hai="26,27,30,31,33,35,46,51,52,64,66,108,109,111" machi="109" ten="40,2600,0" yaku="9,1,54,1" doraHai="115" who="2" fromWho="3" sc="254,0,220,0,283,26,243,-26" owari="254,5.0,220,-18.0,309,41.0,217,-28.0" /></mjloggm>