<mjloggm ver="2.3"><GO type="169" lobby="0"/><UN n0="%E3%82%8C%E3%81%A3%E3%81%A6%E3%82%8B" n1="%73%65%69%6C" n2="%6D%65%24%6F" n3="%E3%82%A6%E3%83%AB%E3%83%88%E3%83%A9%E7%AB%8B%E7%9B%B4" dan="16,17,17,16" rate="2076.84,2113.69,2110.76,2115.94" sx="M,M,M,M"/><TAIKYOKU oya="0"/><INIT seed="0,0,0,4,1,82" ten="250,250,250,250" oya="0" hai0="74,9,6,45,61,78,96,1,23,79,87,12,94" hai1="72,55,47,46,5,105,76,73,17,48,89,58,44" hai2="42,133,62,129,113,54,56,67,26,126,122,111,98" hai3="85,43,128,20,68,117,33,50,130,27,41,71,109"/><T34/><D34/><U22/><E105/><V99/><F113/><W90/><G33/><T13/><D74/><U70/><E70/><V36/><F122/><W77/><G77/><T108/><D108/><U49/><E5/><V102/><F111/><W31/><G117/><T80/><D61/><U53/><E89/><V104/><F129/><N who="3" m="49771" /><G109/><T132/><D132/><U86/><E73/><V112/><F133/><W95/><G50/><T134/><D134/><U69/><E69/><AGARI ba="0,0" hai="20,27,31,41,43,68,69,71,85,90,95" m="49771" machi="69" ten="30,2000,0" yaku="19,1,52,1" doraHai="82" who="3" fromWho="1" sc="250,0,250,-20,250,0,250,20" /><INIT seed="1,0,0,2,5,111" ten="250,230,250,270" oya="1" hai0="135,83,26,75,29,45,93,23,85,106,89,97,34" hai1="108,61,18,101,94,33,11,43,122,88,129,123,38" hai2="103,0,10,32,4,115,13,3,73,59,80,48,114" hai3="131,66,65,69,6,7,12,14,95,105,126,27,121"/><U110/><E129/><V117/><F32/><W51/><G105/><T50/><D135/><U113/><E33/><V54/><F103/><W22/><G121/><T20/><D75/><U62/><E101/><V30/><F30/><W64/><G69/><T55/><REACH who="0" step="1"/><D106/><REACH who="0" ten="240,230,250,270" step="2"/><U5/><E122/><V81/><F117/><W46/><G126/><T39/><D39/><U17/><E123/><V98/><F73/><W119/><G119/><T60/><D60/><U112/><E38/><V35/><F35/><W127/><G127/><T68/><D68/><U40/><E61/><V16/><F98/><W24/><G131/><T76/><AGARI ba="0,1" hai="20,23,26,29,34,45,50,55,76,83,85,89,93,97" machi="76" ten="20,5200,0" yaku="1,1,0,1,7,1,53,1" doraHai="111" doraHaiUra="49" who="0" fromWho="0" sc="240,62,230,-26,250,-13,270,-13" /><INIT seed="2,0,0,1,0,5" ten="302,204,237,257" oya="2" hai0="66,95,120,36,79,106,85,71,30,24,110,131,93" hai1="14,127,107,88,22,97,1,28,70,13,134,62,48" hai2="94,18,38,19,75,11,45,23,102,109,55,39,89" hai3="74,90,124,9,63,78,121,68,82,115,135,61,128"/><V41/><F75/><W116/><G63/><T101/><D36/><U25/><E1/><V104/><F104/><W57/><G57/><T15/><D120/><U33/><E127/><V7/><F102/><W12/><G12/><T111/><D131/><U86/><E134/><V100/><F100/><W32/><G61/><N who="0" m="40399" /><D15/><U132/><E132/><V84/><F109/><W108/><G90/><T92/><D85/><U47/><E107/><V81/><F55/><W117/><G9/><T3/><D3/><U112/><E97/><V59/><F59/><W123/><G82/><T46/><D79/><U27/><E112/><V58/><F58/><W133/><G78/><T35/><D46/><U98/><E98/><AGARI ba="0,0" hai="24,30,35,92,93,95,98,101,106,110,111" m="40399" machi="98" ten="30,1000,0" yaku="25,1" doraHai="5" who="0" fromWho="1" sc="302,10,204,-10,237,0,257,0" /><INIT seed="3,0,0,3,1,112" ten="312,194,237,257" oya="3" hai0="48,50,99,73,89,121,123,98,58,93,92,70,107" hai1="109,102,113,52,10,19,86,27,44,127,2,0,14" hai2="8,85,13,35,122,124,133,41,24,67,126,7,118" hai3="3,71,130,66,32,45,37,76,87,60,68,61,23"/><W117/><G32/><T114/><D70/><U40/><E113/><V95/><F67/><N who="3" m="41063" /><G3/><T115/><D73/><U104/><E127/><N who="2" m="48683" /><F41/><N who="3" m="22703" /><G23/><T88/><D58/><U1/><E109/><V97/><F85/><W12/><G12/><T39/><D39/><U65/><E65/><V33/><F133/><W28/><G28/><T69/><D69/><U62/><E86/><V42/><F122/><W125/><G87/><T59/><D59/><U63/><E27/><V29/><F35/><W110/><G76/><T18/><D18/><U57/><E63/><V15/><F15/><W11/><G11/><T26/><D26/><U31/><E31/><V128/><F128/><W17/><G17/><T34/><D34/><U20/><E102/><N who="2" m="60735" /><F42/><W36/><G125/><T51/><D51/><U129/><E104/><AGARI ba="0,0" hai="48,50,88,89,92,93,98,99,104,107,114,115,121,123" machi="104" ten="25,3200,0" yaku="22,2,54,1" doraHai="112" who="0" fromWho="1" sc="312,32,194,-32,237,0,257,0" /><INIT seed="4,0,0,1,2,85" ten="344,162,237,257" oya="0" hai0="102,124,41,91,72,122,53,82,27,110,15,2,6" hai1="59,23,69,134,1,86,25,121,4,119,113,0,94" hai2="107,70,130,39,40,74,44,68,92,47,64,9,133" hai3="21,112,127,81,48,37,123,120,105,8,11,90,3"/><T29/><D122/><N who="3" m="46633" /><G105/><T38/><D102/><U97/><E119/><V43/><F107/><W30/><G37/><T109/><D15/><U83/><E121/><V42/><F74/><W50/><G112/><T63/><D124/><U31/><E69/><N who="2" m="26731" /><F9/><N who="3" m="3659" /><G3/><T52/><D6/><U131/><E113/><V76/><F76/><W103/><G103/><T108/><D2/><U132/><E131/><V73/><F73/><W24/><G127/><T22/><D72/><U117/><E117/><V111/><F92/><W51/><G81/><T36/><D63/><U55/><E4/><V62/><F130/><W116/><G116/><T13/><D13/><U101/><E0/><V33/><F33/><W10/><G10/><T26/><D26/><U84/><E1/><V135/><F111/><W60/><G60/><T75/><D75/><U96/><E96/><V67/><F62/><W12/><G12/><T89/><D82/><U98/><E98/><V88/><F88/><AGARI ba="0,0" hai="21,24,30,48,50,51,88,90" m="3659,46633" machi="88" ten="40,8000,1" yaku="13,1,52,2,54,1" doraHai="85" who="3" fromWho="2" sc="344,0,162,0,237,-80,257,80" /><INIT seed="5,0,0,0,2,131" ten="344,162,157,337" oya="1" hai0="21,49,130,79,44,126,25,38,113,17,11,50,10" hai1="93,132,4,54,108,18,122,34,88,103,104,111,59" hai2="125,58,84,48,23,67,12,96,47,114,92,32,28" hai3="56,13,71,37,87,35,121,128,133,123,26,89,29"/><U72/><E122/><V98/><F32/><W124/><G71/><T118/><D118/><U3/><E34/><V129/><F129/><W100/><G37/><T6/><D130/><U99/><E72/><V8/><F125/><W43/><G43/><T117/><D117/><U14/><E3/><V110/><F110/><N who="1" m="42025" /><E4/><V75/><F75/><W2/><G100/><T107/><D113/><U69/><E69/><V66/><F114/><W51/><G13/><T119/><D107/><U41/><E41/><V83/><F23/><W85/><G85/><T63/><D38/><U97/><E132/><V24/><F24/><W90/><G2/><T65/><D126/><U134/><E134/><V15/><F28/><W112/><G133/><T91/><D6/><U116/><E116/><V80/><F80/><W135/><G29/><T45/><D25/><U22/><E59/><V106/><F106/><W42/><G56/><T74/><D74/><U86/><E54/><N who="2" m="29983" /><F58/><W77/><G35/><T40/><D119/><U5/><E5/><N who="2" m="3087" /><F15/><W16/><G135/><T70/><D70/><U52/><E52/><V60/><F60/><W120/><G124/><T101/><D63/><U55/><E55/><V19/><F19/><W64/><G16/><T115/><D17/><U20/><E20/><V0/><F0/><W9/><G112/><T57/><D21/><U7/><E7/><V109/><F109/><W78/><G128/><T39/><D115/><U30/><E30/><V81/><F66/><W46/><G64/><T102/><D65/><U1/><E1/><V27/><F67/><W62/><G123/><RYUUKYOKU ba="0,0" sc="344,-10,162,30,157,-10,337,-10" hai1="14,18,22,86,88,93,97,99,103,104" /><INIT seed="5,1,0,1,5,64" ten="334,192,147,327" oya="1" hai0="132,3,97,123,81,46,55,119,7,21,16,54,45" hai1="68,117,121,30,83,112,63,72,77,102,49,20,71" hai2="65,95,85,59,130,34,10,86,91,134,82,0,11" hai3="8,128,38,15,19,88,70,25,1,89,17,120,100"/><U48/><E117/><V52/><F34/><W93/><G38/><T80/><D119/><U39/><E121/><V6/><F130/><W133/><G1/><T124/><D7/><U28/><E39/><V115/><F134/><W56/><G120/><T60/><D3/><U122/><E122/><V37/><F37/><W94/><G128/><T129/><D124/><U32/><E32/><V98/><F115/><W47/><G47/><T12/><D132/><U23/><E112/><V101/><F65/><W125/><G70/><T73/><D73/><U111/><E102/><V116/><F116/><W127/><G133/><T26/><D97/><U106/><E106/><V9/><REACH who="2" step="1"/><F86/><REACH who="2" ten="334,192,137,327" step="2"/><W61/><G127/><T109/><D129/><U103/><E111/><V118/><F118/><W36/><G36/><T96/><D109/><U79/><E72/><V105/><F105/><W53/><G125/><T92/><D123/><U78/><E78/><V66/><F66/><W110/><G110/><T2/><D55/><U50/><E79/><V51/><AGARI ba="1,1" hai="0,6,9,10,11,51,52,59,82,85,91,95,98,101" machi="51" ten="20,8000,1" yaku="1,1,0,1,7,1,54,1,53,1" doraHai="64" doraHaiUra="33" who="2" fromWho="2" sc="334,-21,192,-41,137,93,327,-21" /><INIT seed="6,0,0,2,5,19" ten="313,151,230,306" oya="2" hai0="9,47,106,41,92,59,18,135,40,7,114,70,132" hai1="104,123,112,58,61,81,45,87,55,14,64,80,94" hai2="85,91,22,57,84,72,95,63,21,20,71,102,4" hai3="134,50,25,68,62,2,37,3,75,23,99,126,79"/><V54/><F72/><W105/><G37/><T12/><D106/><U127/><E104/><V52/><F71/><W115/><G79/><T35/><D70/><U107/><E107/><V74/><F74/><W10/><G75/><T124/><D35/><U38/><E112/><V100/><F4/><W120/><G120/><T67/><D114/><U83/><E127/><V39/><F39/><W97/><G115/><T111/><D111/><U117/><E117/><V118/><F118/><W96/><G105/><T109/><D109/><U121/><E121/><V122/><F122/><W65/><G126/><T76/><D76/><U28/><E123/><V78/><F54/><W29/><G134/><T88/><D124/><U60/><E28/><V69/><F69/><W31/><G10/><T16/><D67/><U30/><E30/><V32/><F32/><W49/><REACH who="3" step="1"/><G31/><REACH who="3" ten="313,151,230,296" step="2"/><T51/><D132/><U116/><E116/><V86/><F78/><W27/><G27/><T36/><D135/><U73/><E73/><V56/><F56/><W8/><G8/><T125/><D125/><U110/><E110/><V108/><F108/><W103/><G103/><AGARI ba="0,1" hai="20,21,22,52,57,63,84,85,86,91,95,100,102,103" machi="103" ten="40,12000,1" yaku="8,1,52,3,54,1" doraHai="19" who="2" fromWho="3" sc="313,0,151,0,230,130,296,-120" /><INIT seed="6,1,0,2,2,11" ten="313,151,360,176" oya="2" hai0="53,130,78,54,56,16,3,33,126,90,49,36,44" hai1="122,15,10,63,107,73,93,48,47,120,88,119,6" hai2="25,58,0,100,52,134,92,113,116,18,111,101,108" hai3="43,91,117,76,37,12,29,125,123,57,70,20,80"/><V75/><F116/><W133/><G70/><T129/><D33/><U5/><E119/><V42/><F0/><W8/><G117/><T19/><D78/><U104/><E73/><V71/><F71/><W115/><G123/><N who="1" m="47146" /><E63/><V102/><F75/><W2/><G125/><T22/><D3/><U132/><E5/><V50/><F113/><W105/><G105/><T51/><D126/><U38/><E38/><V112/><F112/><W135/><G115/><T87/><D36/><U62/><E132/><N who="3" m="50762" /><G43/><T34/><D34/><U72/><E62/><V68/><F68/><W55/><G91/><T35/><D35/><U128/><E72/><V82/><F82/><W26/><G2/><T131/><REACH who="0" step="1"/><D22/><REACH who="0" ten="303,151,360,176" step="2"/><U109/><E109/><V13/><F134/><W59/><G37/><T17/><D17/><U39/><E39/><V21/><F108/><W4/><G55/><T9/><D9/><U67/><E128/><V23/><F111/><W74/><AGARI ba="1,1" hai="4,8,12,20,26,29,57,59,74,76,80" m="50762" machi="74" ten="30,2000,0" yaku="20,1,52,1" doraHai="11" who="3" fromWho="3" sc="303,-6,151,-6,360,-11,176,33" /><INIT seed="7,0,0,2,0,111" ten="297,145,349,209" oya="3" hai0="103,18,55,37,62,14,85,61,79,13,50,56,60" hai1="73,8,124,63,99,23,32,69,22,87,130,74,45" hai2="71,2,47,120,114,92,49,36,129,21,83,58,57" hai3="41,67,15,19,101,116,54,89,9,12,133,35,7"/><W84/><G35/><T66/><D37/><U0/><E32/><V72/><F71/><W126/><G116/><T132/><D132/><U52/><E124/><V95/><F2/><W4/><G133/><T102/><D66/><U16/><E130/><V119/><F119/><W68/><G67/><T108/><D108/><U26/><E69/><V11/><F11/><W121/><G121/><T91/><D79/><U70/><E70/><V118/><F36/><W39/><G41/><T24/><D24/><U53/><E53/><V40/><F129/><W27/><G39/><T17/><D13/><U88/><E99/><V107/><F107/><W44/><G101/><T105/><D105/><U125/><E125/><V81/><F72/><W20/><G68/><T109/><D109/><U51/><E63/><V29/><F58/><W86/><G126/><T42/><D42/><U75/><E0/><V112/><F57/><W93/><G84/><T5/><D5/><N who="3" m="2121" /><G9/><T97/><D97/><U30/><E8/><V48/><F120/><W117/><G117/><T90/><D18/><U127/><E127/><V77/><F118/><W33/><G33/><T59/><D59/><U122/><E122/><V80/><F40/><W123/><G123/><T34/><D34/><U76/><E76/><V96/><F77/><W10/><G10/><N who="0" m="6359" /><D85/><U43/><E43/><V78/><F78/><W128/><G128/><T134/><D134/><U110/><E110/><V1/><F1/><W131/><G131/><T135/><D135/><U31/><E23/><V6/><F96/><W94/><G20/><T65/><D65/><RYUUKYOKU ba="0,0" sc="297,15,145,15,349,-15,209,-15" hai0="50,55,56,60,61,62,90,91,102,103" hai1="16,22,26,30,31,45,51,52,73,74,75,87,88" owari="312,11.0,160,-34.0,334,44.0,194,-21.0" /></mjloggm>