<mjloggm ver="2.3"><GO type="97" lobby="0"/><UN n0="%E3%82%A6%E3%83%AB%E3%83%88%E3%83%A9%E7%AB%8B%E7%9B%B4" n1="%6E%63%63%5F" n2="%E6%A1%9C%E6%B2%A2%E3%81%BF%E3%81%BF%E3%81%AA" n3="%E5%8F%AF%E6%84%9B%E3%81%84%E5%A5%B3%E3%81%AE%E5%AD%90" dan="13,15,14,14" rate="1839.29,1985.79,1998.68,1936.80" sx="M,M,F,F"/><TAIKYOKU oya="0"/><INIT seed="0,0,0,4,4,54" ten="250,250,250,250" oya="0" hai0="32,87,65,73,94,69,72,88,105,14,75,6,2" hai1="97,125,79,100,66,111,128,131,107,113,109,64,129" hai2="49,124,7,40,36,118,85,31,1,106,115,133,12" hai3="37,126,127,20,41,90,61,55,19,21,24,80,99"/><T67/><D32/><U17/><E113/><V70/><F115/><W34/><G34/><T86/><D105/><U33/><E33/><V51/><F106/><W68/><G37/><T104/><D104/><U96/><E79/><V39/><F1/><W114/><G114/><T27/><D2/><U116/><E116/><V15/><F70/><W102/><G41/><T57/><D69/><U91/><E125/><V45/><F124/><W4/><G4/><T13/><D27/><U5/><E5/><V16/><F133/><W23/><G127/><T117/><D117/><U123/><E123/><V38/><F31/><W103/><G126/><T18/><D87/><U108/><E17/><V26/><F26/><W71/><G24/><T53/><D6/><U42/><E42/><V83/><F51/><W130/><G19/><T82/><D82/><U74/><E74/><V52/><F118/><W93/><G130/><T28/><D28/><U8/><E8/><N who="2" m="4127" /><F40/><W78/><G71/><T9/><REACH who="0" step="1"/><D14/><REACH who="0" ten="240,250,250,250" step="2"/><U132/><E132/><V22/><F83/><W77/><G68/><T134/><D134/><U11/><E11/><V0/><F85/><W58/><REACH who="3" step="1"/><G78/><REACH who="3" ten="240,250,250,240" step="2"/><T35/><D35/><U76/><REACH who="1" step="1"/><E76/><REACH who="1" ten="240,240,250,240" step="2"/><V112/><F112/><W3/><G3/><T59/><D59/><U50/><E50/><AGARI ba="0,3" hai="9,13,18,50,53,57,65,67,72,73,75,86,88,94" machi="50" ten="40,7700,0" yaku="1,1,52,1,54,1,53,0" doraHai="54" doraHaiUra="122" who="0" fromWho="1" sc="240,107,240,-77,250,0,240,0" /><INIT seed="0,1,0,4,1,80" ten="347,163,250,240" oya="0" hai0="59,60,27,2,8,87,110,19,97,63,48,98,120" hai1="41,51,100,12,57,75,64,46,54,134,111,53,21" hai2="135,69,70,24,102,90,9,6,37,89,35,78,68" hai3="112,61,42,13,99,91,107,7,5,81,20,25,88"/><T62/><D120/><U127/><E75/><V15/><F37/><W72/><G112/><T31/><D110/><U129/><E129/><V86/><F135/><W116/><G116/><T76/><D2/><U71/><E134/><V43/><F102/><W109/><G109/><T58/><D19/><U23/><E127/><V67/><F67/><W22/><G72/><T11/><D11/><U83/><E111/><V28/><F43/><W84/><G42/><T39/><D8/><U113/><E113/><V4/><REACH who="2" step="1"/><F6/><REACH who="2" ten="347,163,240,240" step="2"/><W26/><G7/><T65/><D39/><U101/><E71/><V125/><F125/><W121/><G5/><T45/><D65/><U56/><E64/><V114/><F114/><W47/><G121/><T33/><D98/><U128/><E128/><V0/><F0/><W108/><G99/><T18/><D97/><U85/><E54/><V49/><F49/><W34/><G108/><T77/><D48/><U79/><E57/><V74/><F74/><W118/><G118/><T96/><D59/><U115/><E115/><V10/><F10/><W93/><G107/><T30/><D58/><U82/><E82/><AGARI ba="1,1" hai="4,9,15,24,28,35,68,69,70,78,82,86,89,90" machi="82" ten="40,5200,0" yaku="1,1,52,1,53,1" doraHai="80" doraHaiUra="29" who="2" fromWho="1" sc="347,0,163,-55,240,65,240,0" /><INIT seed="1,0,0,0,3,39" ten="347,108,305,240" oya="1" hai0="38,88,131,76,9,103,97,15,93,132,90,70,67" hai1="121,60,68,123,118,105,83,14,53,78,94,116,84" hai2="74,77,64,17,7,50,20,133,10,108,104,37,79" hai3="81,89,134,110,46,55,1,127,40,129,11,113,119"/><U72/><E14/><V85/><F37/><W95/><G1/><T3/><D3/><U65/><E105/><V86/><F133/><W75/><G11/><T115/><D115/><U43/><E53/><V101/><F108/><W106/><G55/><T52/><D38/><U82/><E94/><V21/><F64/><W122/><G40/><T16/><D132/><U5/><E5/><V100/><F74/><W12/><G12/><T27/><D131/><U26/><E26/><V99/><F101/><W51/><G51/><T114/><D114/><U98/><E98/><V54/><F79/><W41/><G41/><T66/><D76/><U45/><E123/><V120/><F120/><W107/><G46/><T57/><D27/><U63/><E63/><V56/><F77/><W25/><G25/><T48/><D70/><U69/><E69/><V6/><F7/><W30/><G30/><T24/><D24/><U96/><E96/><V87/><REACH who="2" step="1"/><F17/><REACH who="2" ten="347,108,295,240" step="2"/><W73/><G110/><T71/><D71/><U112/><E121/><V111/><F111/><W130/><G122/><T128/><D128/><U91/><REACH who="1" step="1"/><E112/><REACH who="1" ten="347,98,295,240" step="2"/><V18/><F18/><W33/><G113/><T31/><D31/><U47/><E47/><V34/><F34/><W22/><G33/><T4/><D4/><U28/><E28/><V8/><F8/><W92/><G134/><T0/><D0/><AGARI ba="0,2" hai="0,6,10,20,21,50,54,56,85,86,87,99,100,104" machi="0" ten="40,2600,0" yaku="1,1,53,1" doraHai="39" doraHaiUra="35" who="2" fromWho="0" sc="347,-26,98,0,295,46,240,0" /><INIT seed="2,0,0,0,1,14" ten="321,98,341,240" oya="2" hai0="11,15,97,82,74,90,106,85,1,0,122,78,4" hai1="26,61,19,29,43,94,76,60,51,118,115,27,84" hai2="48,65,101,91,22,117,69,16,36,64,21,127,55" hai3="81,30,23,100,28,59,77,54,120,37,75,98,105"/><V7/><F117/><W67/><G120/><T18/><D122/><U99/><E118/><V121/><F121/><W89/><G37/><T41/><D41/><U123/><E115/><V2/><F36/><W62/><G23/><T63/><D63/><U8/><E123/><V126/><F101/><W38/><G38/><T132/><D132/><U25/><E29/><V10/><F91/><W88/><G89/><T72/><D72/><U95/><E76/><V68/><F69/><W34/><G34/><T35/><D35/><U113/><E113/><V39/><F22/><W96/><G96/><T87/><D87/><U125/><E125/><N who="2" m="47627" /><F39/><W24/><G24/><T133/><D133/><U45/><E84/><V114/><F68/><W134/><G134/><T9/><D106/><U3/><E3/><V86/><F86/><W83/><G81/><T103/><D103/><U33/><E33/><V108/><F108/><W124/><G88/><T131/><D97/><U135/><E135/><V110/><F110/><W58/><BYE who="2" /><REACH who="3" step="1"/><G124/><REACH who="3" ten="321,98,341,230" step="2"/><T92/><REACH who="0" step="1"/><D131/><REACH who="0" ten="311,98,341,230" step="2"/><U5/><E5/><V56/><F56/><W57/><G57/><T50/><D50/><AGARI ba="0,2" hai="28,30,50,54,58,59,62,67,75,77,83,98,100,105" machi="50" ten="30,2000,0" yaku="1,1,7,1,53,0" doraHai="14" doraHaiUra="109" who="3" fromWho="0" sc="311,-20,98,0,341,0,230,40" /><UN n2="%E6%A1%9C%E6%B2%A2%E3%81%BF%E3%81%BF%E3%81%AA" /><INIT seed="3,0,0,5,2,16" ten="291,98,341,270" oya="3" hai0="13,12,106,98,36,19,64,3,14,124,51,28,55" hai1="101,105,1,7,102,122,0,27,128,31,110,43,8" hai2="86,72,23,97,131,116,123,2,35,88,80,83,91" hai3="34,47,132,104,100,96,10,61,60,82,76,119,120"/><W54/><G119/><T111/><D36/><U117/><E117/><V48/><F2/><W71/><G120/><T84/><D3/><U25/><E122/><V118/><F35/><W121/><G121/><T75/><D75/><U52/><E110/><V74/><F23/><W42/><G132/><T93/><D111/><U127/><E0/><V87/><F123/><W26/><G54/><T9/><D124/><U45/><E127/><V18/><F18/><W46/><G10/><T17/><D106/><U21/><E128/><V49/><F97/><W99/><G99/><T134/><D134/><U50/><E105/><V85/><F85/><W58/><G71/><T66/><D28/><U109/><E109/><V73/><F73/><W24/><G58/><T33/><D33/><U62/><E62/><V135/><F135/><W103/><G103/><T44/><D84/><U40/><E40/><V107/><F107/><W114/><G114/><T133/><D133/><U67/><E67/><V125/><F125/><W22/><G34/><T63/><D14/><U95/><E95/><V39/><F39/><N who="3" m="21855" /><G47/><T20/><REACH who="0" step="1"/><D63/><REACH who="0" ten="281,98,341,270" step="2"/><U89/><E89/><AGARI ba="0,1" hai="9,12,13,17,19,20,44,51,55,64,66,89,93,98" machi="89" ten="30,8000,1" yaku="1,1,2,1,7,1,8,1,52,1,53,0" doraHai="16" doraHaiUra="29" who="0" fromWho="1" sc="281,90,98,-80,341,0,270,0" owari="371,47.0,18,-48.0,341,14.0,270,-13.0" /></mjloggm>