<mjloggm ver="2.3"><GO type="169" lobby="0"/><UN n0="%72%75%6C%79%30%32%30%38" n1="%E3%81%8B%E3%82%89%E3%83%BC%E3%81%9C" n2="%66%65%65%73" n3="%E3%82%A6%E3%83%AB%E3%83%88%E3%83%A9%E7%AB%8B%E7%9B%B4" dan="16,16,16,16" rate="2044.55,2101.38,2125.71,2086.40" sx="M,M,M,M"/><TAIKYOKU oya="0"/><INIT seed="0,0,0,5,2,31" ten="250,250,250,250" oya="0" hai0="111,133,74,89,72,11,71,40,56,25,64,68,18" hai1="87,116,50,120,29,43,36,27,131,26,22,91,21" hai2="48,112,39,80,42,33,7,37,86,92,13,99,103" hai3="51,44,77,12,94,126,30,102,2,61,115,62,55"/><T98/><D40/><U73/><E116/><V79/><F112/><W119/><G2/><T101/><D89/><U69/><E120/><V8/><REACH who="2" step="1"/><F33/><REACH who="2" ten="250,250,240,250" step="2"/><W117/><G115/><T129/><D129/><U95/><E131/><V93/><F93/><W9/><G94/><T57/><D133/><U66/><E73/><V96/><F96/><W121/><G119/><T23/><D98/><U128/><E128/><V75/><F75/><W17/><G117/><T10/><D74/><U52/><E36/><V19/><F19/><W97/><G17/><T130/><D18/><U58/><E43/><V82/><F82/><W84/><G121/><T46/><D72/><U41/><E41/><V45/><AGARI ba="0,1" hai="7,8,13,37,39,42,45,48,79,80,86,92,99,103" machi="45" ten="30,7900,0" yaku="1,1,0,1,25,2,53,0" doraHai="31" doraHaiUra="14" who="2" fromWho="2" sc="250,-39,250,-20,240,89,250,-20" /><INIT seed="1,0,0,0,5,129" ten="211,230,329,230" oya="1" hai0="23,72,16,4,43,10,57,101,32,132,97,123,78" hai1="25,3,80,59,38,98,69,134,45,40,62,70,61" hai2="107,71,135,20,105,104,9,113,28,74,99,48,89" hai3="79,133,7,52,17,116,85,112,90,31,128,92,94"/><U84/><E3/><V15/><F74/><W86/><G7/><T67/><D32/><U82/><E134/><V118/><F118/><W127/><G31/><T66/><D43/><U65/><E98/><V131/><F71/><W110/><G112/><T36/><D36/><U108/><E108/><V100/><F131/><W91/><G110/><T81/><D132/><U50/><E25/><V8/><F135/><W24/><G127/><T124/><D124/><U122/><E122/><V46/><F89/><W54/><G128/><T34/><D34/><U63/><E38/><V77/><F77/><W37/><G37/><T27/><D57/><N who="1" m="37039" /><E63/><V88/><F113/><W75/><G116/><T111/><D111/><U29/><E29/><V41/><F88/><W120/><G120/><T51/><D51/><U95/><E70/><V60/><F60/><W114/><G114/><T14/><REACH who="0" step="1"/><D123/><REACH who="0" ten="201,230,329,230" step="2"/><U21/><E69/><V119/><F119/><W68/><G68/><T1/><D1/><U19/><E59/><V126/><F126/><W13/><G133/><T115/><D115/><U55/><E40/><V83/><F41/><W58/><G58/><T22/><D22/><U2/><E2/><V12/><F48/><W109/><G109/><T56/><D56/><U53/><E62/><V73/><F46/><W26/><G54/><T49/><D49/><U102/><E53/><V35/><F35/><W121/><G52/><T125/><D125/><U87/><E55/><V5/><F20/><W117/><G121/><T11/><D11/><U47/><E47/><V18/><F28/><W0/><G0/><RYUUKYOKU ba="0,1" sc="201,15,230,-15,329,15,230,-15" hai0="4,10,14,16,23,27,66,67,72,78,81,97,101" hai2="5,8,9,12,15,18,73,83,99,100,104,105,107" /><INIT seed="2,1,1,4,0,82" ten="216,215,344,215" oya="2" hai0="11,93,103,45,55,135,66,51,36,79,102,109,56" hai1="16,35,14,111,87,28,76,89,8,24,52,86,113" hai2="124,37,116,3,114,133,43,125,63,21,54,92,40" hai3="118,12,18,132,97,68,117,127,120,39,61,112,90"/><V59/><F3/><W131/><G39/><T47/><D109/><U25/><E111/><V104/><F104/><W5/><G5/><T126/><D126/><N who="2" m="48746" /><F37/><W99/><G99/><T70/><D79/><U106/><E106/><V78/><F78/><W119/><G68/><T134/><D11/><U23/><E113/><V101/><F116/><W91/><G112/><T100/><D93/><U57/><E89/><V20/><F114/><W122/><G127/><T98/><D98/><U7/><E76/><V32/><F32/><W17/><G97/><T0/><D0/><U13/><E25/><V2/><F2/><W74/><G74/><T73/><D73/><U60/><AGARI ba="1,1" hai="7,8,13,14,16,23,24,28,35,52,57,60,86,87" machi="60" ten="20,12000,2" yaku="0,1,7,1,52,2,54,2" doraHai="82" who="1" fromWho="1" sc="216,-31,215,133,344,-61,215,-31" /><INIT seed="3,0,0,4,0,110" ten="185,348,283,184" oya="3" hai0="31,14,99,133,27,118,128,125,113,47,24,17,26" hai1="102,98,79,130,40,124,105,96,3,43,8,80,33" hai2="86,127,1,100,13,73,82,36,84,53,62,46,89" hai3="115,74,109,72,54,119,121,9,68,49,35,93,58"/><W69/><G35/><T103/><D118/><U114/><E114/><V34/><F1/><W83/><G119/><T25/><D125/><U76/><E124/><V15/><F73/><W63/><G121/><T23/><D128/><U37/><E130/><V59/><F34/><W132/><G115/><T90/><D133/><U28/><E98/><V2/><F2/><W16/><G132/><T134/><D134/><U108/><E108/><V0/><F0/><W85/><G109/><T50/><D90/><U38/><E43/><V42/><F127/><W126/><G126/><T60/><D60/><U30/><E76/><V122/><F122/><W71/><G93/><N who="0" m="58863" /><D113/><U10/><E10/><V11/><F11/><W135/><G63/><T129/><D26/><N who="1" m="18583" /><E40/><V61/><F100/><W45/><G58/><T78/><D78/><U19/><E19/><V21/><F21/><W18/><G18/><T39/><D39/><U81/><E81/><V20/><F20/><W87/><G135/><T88/><D88/><U51/><E51/><V97/><F97/><W5/><G5/><T7/><D7/><N who="1" m="1151" /><E30/><V106/><F106/><W22/><G9/><N who="0" m="6351" /><D129/><U70/><E70/><V67/><REACH who="2" step="1"/><F84/><REACH who="2" ten="185,348,273,184" step="2"/><W116/><G116/><T107/><D107/><U29/><E96/><V6/><F6/><W111/><G111/><T52/><AGARI ba="0,1" hai="23,24,25,27,31,47,50,52" m="6351,58863" machi="52" ten="30,2000,0" yaku="8,1,54,1" doraHai="110" who="0" fromWho="0" sc="185,30,348,-5,273,-5,184,-10" /><INIT seed="4,0,0,0,4,107" ten="215,343,268,174" oya="0" hai0="49,116,111,75,88,23,62,125,43,127,72,131,41" hai1="8,19,20,119,87,10,27,91,128,97,90,76,9" hai2="106,109,48,99,112,86,61,17,113,95,123,7,58" hai3="39,35,81,118,80,89,3,83,74,77,2,126,82"/><T57/><D116/><U101/><E119/><V104/><F109/><W47/><G118/><T29/><D111/><U129/><E76/><V38/><F38/><W25/><G126/><N who="0" m="48139" /><D131/><N who="1" m="50251" /><E87/><V100/><F123/><W114/><G114/><N who="2" m="44137" /><F7/><W21/><G35/><T26/><D88/><N who="1" m="33835" /><E8/><V24/><F48/><W103/><G89/><T115/><D115/><U37/><E37/><V15/><F24/><W69/><G69/><T33/><D33/><U13/><E13/><V71/><F71/><W67/><G67/><N who="0" m="39375" /><D49/><U46/><E46/><V124/><F86/><W40/><REACH who="3" step="1"/><G103/><REACH who="3" ten="215,343,268,164" step="2"/><T56/><D56/><U59/><E59/><V79/><F124/><W60/><G60/><T1/><D1/><U5/><E5/><V54/><F79/><W45/><G45/><T134/><D134/><U96/><E96/><V63/><F61/><W36/><G36/><T120/><D120/><U133/><E133/><V53/><F58/><W12/><G12/><T117/><D117/><U84/><E97/><V30/><F63/><W92/><G92/><T4/><D4/><U73/><E101/><V85/><F106/><W98/><G98/><T0/><D0/><U102/><E102/><V64/><F104/><W42/><G42/><AGARI ba="0,1" hai="23,26,29,41,42,43,72,75" m="39375,48139" machi="42" ten="30,5800,0" yaku="18,1,52,2" doraHai="107" who="0" fromWho="3" sc="215,68,343,0,268,0,164,-58" /><INIT seed="4,1,0,3,4,80" ten="283,343,268,106" oya="0" hai0="110,89,103,104,14,76,40,91,51,48,0,95,132" hai1="45,39,84,81,63,65,101,71,126,13,133,38,123" hai2="46,44,117,129,24,125,9,15,75,3,61,96,83" hai3="118,93,130,8,134,59,55,41,67,5,113,87,6"/><T115/><D0/><U4/><E123/><V64/><F3/><W53/><G118/><T135/><D115/><U66/><E126/><V21/><F117/><W56/><G113/><T18/><D110/><U72/><E133/><V105/><F125/><W43/><G130/><T116/><D116/><U106/><E66/><V124/><F124/><W74/><G74/><T108/><D108/><U42/><E72/><V28/><F129/><W94/><G67/><T68/><D68/><U30/><E30/><V112/><F112/><W62/><G134/><N who="0" m="51243" /><D76/><U92/><E106/><V70/><F75/><W79/><G79/><T7/><D7/><U27/><E27/><V127/><F127/><W77/><G77/><T114/><D89/><U128/><E128/><V99/><F83/><W22/><G22/><N who="0" m="11607" /><D40/><U37/><E4/><V12/><F12/><W52/><G55/><T102/><D114/><U69/><E69/><V111/><F111/><W100/><G100/><N who="0" m="38443" /><D104/><U86/><E13/><V32/><F105/><W50/><G8/><T29/><D29/><U109/><E109/><V122/><F9/><W82/><G6/><T60/><D60/><U31/><E31/><V20/><F15/><W121/><G5/><T2/><D2/><U36/><REACH who="1" step="1"/><E81/><REACH who="1" ten="283,333,268,106" step="2"/><V17/><F122/><W25/><G121/><T10/><D10/><U85/><E85/><AGARI ba="1,1" hai="48,51,85,91,95" m="38443,11607,51243" machi="85" ten="30,2900,0" yaku="20,1,52,1" doraHai="80" who="0" fromWho="1" sc="283,42,333,-32,268,0,106,0" /><INIT seed="4,2,0,2,4,93" ten="325,301,268,106" oya="0" hai0="108,17,90,65,91,25,23,72,7,30,99,86,19" hai1="70,11,132,20,18,60,51,77,134,98,115,81,8" hai2="38,119,79,43,48,29,66,135,85,109,89,16,92" hai3="63,129,69,117,58,97,101,102,9,95,21,44,34"/><T126/><D72/><U22/><E115/><V124/><F109/><W28/><G117/><T78/><D7/><U114/><E114/><V64/><F38/><W3/><G129/><T10/><D126/><U27/><E51/><V52/><F43/><W45/><G34/><T80/><D108/><U62/><E22/><V112/><F112/><W26/><G69/><T33/><D65/><N who="1" m="41255" /><E62/><V94/><F124/><W122/><G122/><T127/><D127/><U71/><E71/><V87/><F29/><W14/><G102/><T83/><D10/><U32/><E32/><V6/><F6/><W39/><G39/><T56/><D56/><U130/><E98/><V128/><F128/><W125/><G3/><T15/><D15/><U13/><E13/><V1/><F1/><W41/><G41/><T107/><D33/><U55/><E55/><V54/><F54/><W67/><G125/><T100/><REACH who="0" step="1"/><D78/><REACH who="0" ten="315,301,268,106" step="2"/><U106/><E130/><V24/><F119/><W111/><G111/><T76/><D76/><U46/><E8/><V75/><F75/><W104/><G104/><T131/><D131/><U57/><E11/><V2/><F79/><W103/><G103/><T120/><D120/><U88/><E106/><V42/><F2/><W4/><AGARI ba="2,1" hai="4,9,14,21,26,28,44,45,58,63,67,95,97,101" machi="4" ten="20,12000,2" yaku="0,1,7,1,25,2,8,1,52,1" doraHai="93" who="3" fromWho="3" sc="315,-62,301,-32,268,-32,106,136" /><INIT seed="5,0,0,5,5,46" ten="253,269,236,242" oya="1" hai0="83,100,115,91,104,1,42,73,12,17,69,59,63" hai1="76,60,121,123,62,57,86,49,44,88,33,51,40" hai2="92,106,71,39,19,81,93,43,72,31,84,98,53" hai3="4,68,6,74,109,118,37,131,116,27,9,85,135"/><U95/><E33/><V16/><F72/><W25/><G37/><T66/><D1/><U3/><E3/><V105/><F71/><W22/><G68/><T34/><D34/><U64/><E76/><V67/><F67/><W89/><G74/><T132/><D42/><U128/><E128/><V82/><F31/><W103/><G103/><T26/><D26/><U133/><E133/><V30/><F30/><W97/><G97/><T113/><D132/><U80/><E80/><V112/><F39/><W120/><G85/><N who="0" m="50623" /><D73/><U56/><REACH who="1" step="1"/><E49/><REACH who="1" ten="253,259,236,242" step="2"/><V21/><F81/><W38/><G135/><T10/><D115/><U41/><E41/><V124/><F43/><W127/><G131/><T2/><D2/><U117/><E117/><V24/><F82/><W28/><G118/><T119/><D113/><U35/><E35/><V110/><F112/><W14/><G116/><T70/><D119/><U94/><E94/><V55/><F93/><W32/><G32/><T58/><D104/><U122/><E122/><V29/><F106/><W102/><G120/><T125/><D125/><U20/><E20/><V79/><F124/><W65/><G22/><T11/><D11/><U18/><E18/><N who="2" m="6699" /><F105/><W129/><G127/><T48/><D10/><U52/><AGARI ba="0,1" hai="40,44,51,52,56,57,60,62,64,86,88,95,121,123" machi="52" ten="20,18000,2" yaku="1,1,0,1,7,1,52,1,54,2,53,0" doraHai="46" doraHaiUra="7" who="1" fromWho="1" sc="253,-60,259,190,236,-60,242,-60" /><INIT seed="5,1,0,5,4,11" ten="193,449,176,182" oya="1" hai0="71,39,23,7,119,104,57,47,36,121,118,127,45" hai1="117,6,9,91,76,70,81,123,124,132,96,112,63" hai2="38,41,135,60,115,102,77,51,116,73,48,46,20" hai3="122,130,94,114,59,10,75,108,21,95,82,72,93"/><U67/><E117/><V125/><F116/><W99/><G108/><T98/><D7/><U84/><E123/><V44/><F135/><W58/><G122/><T17/><D23/><U131/><E112/><V133/><F133/><W78/><G99/><T65/><D17/><U62/><E132/><V4/><F4/><W35/><G35/><T31/><D31/><U5/><E124/><V52/><F125/><W55/><G130/><T30/><D30/><U25/><E131/><V26/><F102/><W12/><G21/><T18/><D18/><U50/><E62/><V49/><F115/><W103/><G103/><T126/><D98/><U128/><E128/><V89/><F89/><W42/><G42/><T27/><D27/><U113/><E113/><V105/><F105/><W34/><G34/><T106/><D57/><U40/><E25/><V74/><F60/><W19/><G59/><T120/><D65/><U107/><E107/><V28/><REACH who="2" step="1"/><F77/><REACH who="2" ten="193,449,166,182" step="2"/><W129/><G114/><T87/><D119/><U15/><E5/><V100/><F100/><W64/><G129/><T90/><D118/><U109/><E109/><V43/><F43/><W1/><G1/><T80/><D104/><U111/><E111/><V3/><F3/><W29/><G78/><T79/><D106/><U37/><E91/><V101/><F101/><W68/><G68/><T66/><D90/><U2/><E2/><V13/><F13/><W22/><G12/><T134/><D134/><U88/><E76/><V69/><F69/><W97/><G97/><T33/><D127/><U110/><E96/><V8/><F8/><RYUUKYOKU ba="1,1" sc="193,-10,449,-10,166,30,182,-10" hai2="20,26,28,38,41,44,46,48,49,51,52,73,74" /><INIT seed="6,2,1,5,2,58" ten="183,439,196,172" oya="2" hai0="36,30,106,23,68,10,11,20,8,86,59,42,110" hai1="133,108,57,41,125,112,35,53,121,79,69,128,51" hai2="118,77,107,131,56,124,61,3,80,55,39,22,73" hai3="47,135,101,54,122,111,76,65,12,1,34,115,45"/><V129/><F118/><W46/><G34/><T24/><D68/><U18/><E35/><V116/><F116/><W32/><G1/><T93/><D106/><U6/><E6/><V66/><F107/><W70/><G32/><T96/><D110/><U99/><E79/><V89/><F39/><W105/><G76/><T74/><D74/><U67/><E99/><V103/><F103/><W98/><G111/><T63/><D86/><U2/><E18/><V94/><F3/><W4/><G122/><T120/><D120/><U132/><E2/><V88/><F124/><W92/><G135/><N who="1" m="51786" /><E108/><V17/><F66/><W113/><G105/><T15/><D42/><U84/><E84/><V109/><F109/><W43/><G43/><T117/><D36/><U40/><E121/><V5/><F5/><W134/><G134/><T16/><D117/><U31/><E31/><V38/><F38/><W62/><G12/><T52/><D8/><U87/><E87/><V72/><F72/><W75/><G4/><T50/><D50/><U60/><E125/><V119/><F119/><W26/><G26/><T126/><D126/><U114/><E128/><N who="2" m="49227" /><F94/><W37/><G37/><T83/><D83/><U33/><E33/><V127/><F127/><W29/><G29/><T81/><D81/><U14/><E14/><AGARI ba="2,1" hai="14,17,22,55,56,61,73,77,80,88,89" m="49227" machi="14" ten="30,5800,0" yaku="19,1,52,1,54,1" doraHai="58" who="2" fromWho="1" sc="183,0,439,-64,196,74,172,0" /><INIT seed="6,3,0,4,3,6" ten="183,375,270,172" oya="2" hai0="28,45,75,53,31,124,135,111,98,51,9,32,104" hai1="23,12,100,69,67,93,50,107,27,47,16,49,5" hai2="65,59,60,11,42,73,81,7,77,36,110,13,76" hai3="8,120,39,91,88,113,52,117,83,78,63,70,99"/><V30/><F110/><W122/><G39/><T54/><D75/><U86/><E107/><V102/><F76/><W74/><G117/><T103/><D111/><U90/><E100/><V35/><F102/><W19/><G113/><T96/><D135/><U108/><E108/><V61/><F36/><W128/><G128/><T112/><D112/><U41/><E69/><V79/><F79/><W57/><G70/><T126/><D32/><U1/><E1/><V20/><F42/><W80/><G91/><T119/><D119/><U55/><E67/><V87/><F35/><W0/><G99/><T101/><D9/><N who="1" m="4143" /><E50/><V26/><REACH who="2" step="1"/><F61/><REACH who="2" ten="183,375,260,172" step="2"/><W92/><G78/><T95/><D103/><U130/><E130/><V127/><F127/><W18/><G120/><T22/><D101/><U131/><E131/><V105/><F105/><W4/><G122/><T14/><D104/><U43/><AGARI ba="3,1" hai="16,23,27,41,43,47,49,55,86,90,93" m="4143" machi="43" ten="30,4000,0" yaku="8,1,52,1,54,1" doraHai="6" who="1" fromWho="1" sc="183,-13,375,59,260,-23,172,-13" /><INIT seed="7,0,0,0,2,101" ten="170,434,237,159" oya="3" hai0="60,14,22,127,1,82,52,37,103,17,115,10,74" hai1="105,135,5,86,99,33,67,122,7,18,56,110,11" hai2="96,25,106,42,120,71,91,24,72,116,109,40,19" hai3="104,76,0,28,85,27,84,32,130,117,79,124,119"/><W35/><G0/><T63/><D37/><U53/><E110/><V51/><F71/><W16/><G124/><T118/><D103/><U113/><E33/><V90/><F72/><W66/><G66/><T55/><D118/><U70/><E70/><V125/><F116/><W26/><G130/><T108/><D108/><U46/><E46/><V121/><F125/><W134/><G134/><T100/><D100/><U98/><E105/><V81/><F81/><W111/><G111/><T6/><D127/><U69/><E69/><V129/><F129/><W75/><G75/><T68/><D115/><U3/><E122/><N who="2" m="47211" /><F106/><W112/><G104/><T62/><REACH who="0" step="1"/><D68/><REACH who="0" ten="160,434,237,159" step="2"/><U88/><E53/><V58/><F109/><W30/><REACH who="3" step="1"/><G16/><REACH who="3" ten="160,434,237,149" step="2"/><T92/><D92/><N who="1" m="54295" /><E67/><V29/><F19/><W20/><G20/><T94/><D94/><U77/><E18/><V21/><F21/><W12/><G12/><T65/><D65/><U31/><E135/><V87/><F25/><W39/><G39/><T133/><D133/><U41/><E3/><V36/><F24/><W2/><G2/><T54/><D54/><U48/><E31/><V15/><F29/><W45/><G45/><T44/><D44/><U8/><E8/><V47/><F15/><W131/><G131/><T57/><D57/><U132/><E11/><V93/><F36/><W59/><G59/><T43/><D43/><U102/><E41/><N who="2" m="25071" /><F58/><W13/><G13/><T73/><D73/><U23/><E132/><V4/><F42/><W61/><G61/><T128/><D128/><U49/><E56/><V34/><F40/><W64/><G64/><RYUUKYOKU ba="0,2" sc="160,15,434,-15,237,-15,149,15" hai0="1,6,10,14,17,22,52,55,60,62,63,74,82" hai3="26,27,28,30,32,35,76,79,84,85,112,117,119" /><INIT seed="7,1,2,0,1,16" ten="175,419,222,164" oya="3" hai0="19,125,34,42,54,71,98,85,25,22,94,132,65" hai1="32,92,122,77,113,127,110,90,55,104,133,108,86" hai2="51,40,129,72,56,27,134,63,62,43,13,76,80" hai3="59,14,106,31,97,69,47,115,78,3,102,46,114"/><W52/><G69/><T70/><D125/><U105/><E32/><V60/><F129/><W49/><G3/><T61/><D132/><U50/><E122/><V7/><F27/><W124/><G124/><T111/><D111/><U36/><E36/><V33/><F33/><W9/><G31/><T12/><D42/><U81/><E113/><N who="3" m="43018" /><G78/><T68/><D85/><N who="1" m="48303" /><E55/><N who="2" m="31871" /><F72/><W26/><G26/><T11/><D54/><U120/><E50/><V41/><F134/><W126/><G126/><T91/><D34/><U117/><E127/><V53/><F80/><W103/><G103/><T1/><D1/><U6/><E6/><AGARI ba="1,2" hai="6,9,14,46,47,49,52,59,97,102,106" m="43018" machi="6" ten="30,2900,0" yaku="15,1,54,1" doraHai="16" who="3" fromWho="1" sc="175,0,419,-32,222,0,164,52" /><AGARI ba="1,0" hai="6,11,12,19,22,25,61,65,68,70,71,91,94,98" machi="6" ten="30,2000,0" yaku="7,1,52,1" doraHai="16" who="0" fromWho="1" sc="175,20,387,-20,222,0,216,0" /><INIT seed="7,2,0,0,0,54" ten="195,367,222,216" oya="3" hai0="34,92,66,18,0,109,124,97,61,25,60,28,77" hai1="65,75,35,2,3,32,88,43,69,83,21,40,120" hai2="12,135,90,82,6,111,16,74,13,116,112,87,96" hai3="105,70,85,106,133,46,72,17,98,62,33,48,59"/><W42/><G72/><T119/><D119/><U93/><E21/><V131/><F116/><W103/><G33/><T50/><D0/><U52/><E52/><V123/><F123/><W15/><G70/><T9/><D109/><U80/><E88/><V4/><F111/><W41/><G133/><T14/><D124/><U100/><E93/><N who="2" m="56375" /><F74/><W37/><G85/><T86/><D66/><U19/><E19/><V99/><F131/><W58/><G106/><T1/><D50/><U73/><E65/><V24/><F112/><W29/><G29/><T84/><D1/><U128/><E100/><V31/><F99/><W8/><REACH who="3" step="1"/><G62/><REACH who="3" ten="195,367,222,206" step="2"/><T118/><D118/><U10/><E69/><V104/><F104/><W125/><G125/><T89/><REACH who="0" step="1"/><D77/><REACH who="0" ten="185,367,222,206" step="2"/><U22/><E120/><V76/><F76/><W45/><AGARI ba="2,2" hai="8,15,17,37,41,42,45,46,48,58,59,98,103,105" machi="45" ten="30,11700,0" yaku="1,1,0,1,52,2,53,0" doraHai="54" doraHaiUra="51" who="3" fromWho="3" sc="185,-41,367,-41,222,-41,206,143" owari="144,-36.0,326,13.0,181,-22.0,349,45.0" /></mjloggm>