<mjloggm ver="2.3"><GO type="41" lobby="0"/><UN n0="%E9%87%8E%E8%89%AF%E3%83%A9%E3%82%B9%E3%82%AB%E3%83%AB" n1="%E3%82%A6%E3%83%AB%E3%83%88%E3%83%A9%E7%AB%8B%E7%9B%B4" n2="%E7%A4%BE%E5%8F%8B%E8%80%85" n3="%E2%98%86%E3%83%92%E3%82%B2%E9%AD%94%E4%BA%BA%E2%98%86" dan="14,15,15,14" rate="1933.61,1974.07,2012.60,1953.28" sx="M,M,M,M"/><TAIKYOKU oya="0"/><INIT seed="0,0,0,1,5,68" ten="250,250,250,250" oya="0" hai0="35,27,60,52,75,74,61,135,79,91,108,113,85" hai1="63,82,130,11,119,86,37,125,72,88,56,38,20" hai2="43,18,129,112,12,111,76,8,54,71,17,116,53" hai3="87,77,89,84,114,32,39,58,73,107,15,5,16"/><T24/><D79/><U42/><E119/><V117/><F71/><W44/><G114/><T97/><D113/><U96/><E72/><V3/><F112/><W104/><G32/><T0/><D0/><U134/><E42/><V106/><F129/><W81/><G5/><T124/><D124/><U19/><E130/><V132/><F106/><W59/><G73/><T69/><D135/><U29/><E134/><V98/><F132/><W80/><G104/><T26/><D97/><U10/><E125/><V133/><F133/><W100/><G107/><T23/><D35/><U78/><E29/><V94/><F76/><W90/><G100/><T92/><D23/><U115/><E115/><V65/><F65/><W127/><G77/><T46/><D108/><U1/><E1/><V101/><F111/><W36/><G127/><T22/><D69/><U41/><E41/><V67/><F43/><W21/><REACH who="3" step="1"/><G44/><REACH who="3" ten="250,250,250,240" step="2"/><T102/><D102/><U118/><E118/><V122/><F117/><W30/><G30/><N who="0" m="17687" /><D74/><U47/><E47/><V126/><F116/><W13/><G13/><T49/><D75/><U48/><E78/><V2/><F126/><W28/><G28/><T131/><D131/><U105/><E105/><V103/><F103/><W7/><G7/><T93/><D92/><U128/><E128/><V121/><F2/><W55/><G55/><T14/><D14/><U110/><E110/><V66/><F3/><W40/><G40/><T25/><AGARI ba="0,1" hai="25,26,27,46,49,52,60,61,85,91,93" m="17687" machi="25" ten="30,3000,0" yaku="8,1,54,1" doraHai="68" who="0" fromWho="0" sc="250,40,250,-10,250,-10,240,-10" /><INIT seed="0,1,0,2,4,22" ten="290,240,240,230" oya="0" hai0="79,76,65,43,10,62,81,120,103,42,66,30,44" hai1="130,48,32,60,94,6,102,111,45,87,0,92,97" hai2="95,51,41,56,99,27,128,118,104,14,115,70,8" hai3="101,122,113,134,83,9,54,20,123,53,24,68,69"/><T124/><D103/><U125/><E32/><V64/><F115/><W119/><G119/><T74/><D120/><N who="3" m="46121" /><G101/><T100/><D124/><U47/><E125/><V36/><F104/><W86/><G9/><T131/><D131/><U77/><E130/><V132/><F118/><W127/><G127/><T112/><D112/><U21/><E111/><V90/><F132/><W40/><G40/><T133/><D133/><U31/><E6/><V59/><F128/><W109/><G134/><T11/><D100/><U78/><E0/><V15/><F36/><W46/><G113/><T82/><D30/><U16/><E31/><V23/><F70/><N who="3" m="27243" /><G46/><T129/><D129/><U105/><E47/><V89/><F8/><W135/><G135/><T34/><D44/><U91/><E105/><V55/><F41/><W117/><G117/><T114/><D114/><U4/><E4/><V49/><F90/><W52/><G109/><T107/><D107/><U71/><E71/><V50/><F64/><W17/><G54/><T67/><D62/><U39/><E60/><N who="2" m="35871" /><F59/><W28/><G28/><AGARI ba="1,0" hai="14,15,23,27,28,49,50,51,89,95,99" m="35871" machi="28" ten="30,2000,0" yaku="8,1,52,1" doraHai="22" who="2" fromWho="3" sc="290,0,240,0,240,23,230,-23" /><INIT seed="1,0,0,3,3,66" ten="290,240,263,207" oya="1" hai0="29,26,95,89,54,115,135,2,60,73,120,32,7" hai1="38,48,121,1,88,27,4,98,5,16,106,45,6" hai2="130,111,85,46,10,126,77,76,21,57,13,22,108" hai3="15,33,127,81,24,116,42,118,52,132,28,40,47"/><U65/><E38/><V17/><F126/><W86/><G127/><T56/><D73/><U20/><E121/><V125/><F125/><W102/><G102/><T23/><D120/><U110/><E110/><N who="2" m="42027" /><F130/><W51/><G132/><T117/><D135/><U123/><E123/><V14/><F46/><W99/><G99/><T61/><D115/><U124/><E124/><V3/><F3/><W44/><G15/><T37/><D37/><U11/><E65/><V49/><F85/><W59/><G47/><T129/><D129/><U100/><REACH who="1" step="1"/><E88/><REACH who="1" ten="290,230,263,207" step="2"/><V63/><F49/><W122/><G122/><T96/><D117/><U128/><E128/><V39/><F39/><W25/><G116/><T78/><D78/><N who="2" m="30314" /><F14/><W70/><G118/><T105/><D105/><U93/><E93/><V55/><AGARI ba="0,1" hai="10,13,17,21,22,55,57,63" m="30314,42027" machi="55" ten="30,1100,0" yaku="14,1" doraHai="66" who="2" fromWho="2" sc="290,-3,230,-5,263,21,207,-3" /><INIT seed="2,0,0,0,4,26" ten="287,225,284,204" oya="2" hai0="45,70,24,3,43,66,81,23,15,73,128,123,109" hai1="93,42,57,88,105,113,33,80,53,68,125,132,22" hai2="78,116,44,38,48,62,82,92,135,98,104,9,90" hai3="107,63,20,34,14,97,65,31,101,29,8,106,118"/><V129/><F116/><W12/><G118/><T39/><D15/><U2/><E68/><V74/><F135/><W40/><G107/><T50/><D123/><U25/><E105/><V51/><F129/><W28/><G40/><T87/><D128/><U10/><E33/><V1/><F62/><W112/><G112/><T121/><D109/><U41/><E125/><V122/><F122/><W21/><G12/><T72/><D3/><U61/><E132/><V119/><F119/><W110/><G110/><T4/><D4/><U67/><E67/><V86/><F38/><W89/><G89/><T32/><D32/><U0/><E80/><V36/><F36/><W77/><G77/><T117/><D117/><U127/><E127/><V52/><F48/><W124/><G124/><T79/><D121/><U30/><E113/><V54/><F1/><W102/><G102/><T6/><D6/><U96/><E2/><V69/><F69/><W27/><G20/><T19/><REACH who="0" step="1"/><D50/><REACH who="0" ten="277,225,284,204" step="2"/><U99/><E0/><V130/><F130/><W59/><G34/><T7/><D7/><AGARI ba="0,1" hai="7,8,14,21,27,28,29,31,59,63,65,97,101,106" machi="7" ten="30,7700,0" yaku="7,1,52,3" doraHai="26" who="3" fromWho="0" sc="277,-77,225,0,284,0,204,87" /><INIT seed="3,0,0,1,1,118" ten="200,225,284,291" oya="3" hai0="80,33,94,77,11,83,72,4,101,10,84,78,57" hai1="55,56,9,28,24,103,89,5,34,39,110,100,65" hai2="59,50,3,121,111,126,47,113,8,117,122,63,2" hai3="131,14,124,114,46,108,74,134,97,66,130,107,21"/><W31/><G114/><T132/><D33/><U76/><E39/><V98/><F126/><W70/><G124/><T67/><D132/><U27/><E110/><V29/><F111/><W135/><G108/><T41/><D41/><U22/><E76/><V48/><F117/><W17/><G74/><T40/><D40/><U82/><E65/><V54/><F29/><W109/><G109/><T15/><D11/><U79/><E89/><V81/><F50/><W13/><G70/><T120/><D120/><N who="2" m="46186" /><F113/><W62/><G46/><T71/><D71/><U96/><E96/><V45/><F98/><W129/><G31/><T123/><D123/><U60/><E27/><V119/><F47/><W99/><G62/><T125/><D125/><U58/><E58/><V25/><F25/><W75/><G66/><T0/><D0/><U35/><E35/><V106/><F106/><W127/><G75/><T38/><D38/><U68/><E68/><V23/><F119/><W52/><G127/><T1/><D1/><U36/><E34/><V43/><F8/><W115/><G115/><T18/><D94/><U69/><E69/><V104/><F104/><W73/><G73/><T93/><D93/><U128/><E36/><V20/><F81/><W12/><G107/><T105/><D105/><U53/><E24/><V102/><F102/><W133/><G52/><T51/><D101/><U112/><E55/><V87/><F87/><W19/><G21/><AGARI ba="0,0" hai="2,3,20,21,23,43,45,48,54,59,63" m="46186" machi="21" ten="30,7700,0" yaku="13,1,52,3" doraHai="118" who="2" fromWho="3" sc="200,0,225,0,284,77,291,-77" /><INIT seed="4,0,0,2,5,118" ten="200,225,361,214" oya="0" hai0="29,90,107,58,75,93,52,12,100,51,104,70,109" hai1="24,122,114,86,103,111,13,19,128,102,84,36,119" hai2="98,105,10,50,82,74,108,124,4,20,91,92,99" hai3="94,26,15,11,8,38,23,77,61,9,33,18,45"/><T16/><D75/><U31/><E36/><V127/><F108/><W78/><G61/><T27/><D70/><U120/><E111/><V14/><F74/><W131/><G131/><T132/><D132/><U123/><E119/><V28/><F82/><W55/><G33/><T71/><D71/><U95/><E128/><V89/><F50/><W126/><G126/><T62/><D109/><U112/><E19/><V34/><F34/><W117/><G117/><T121/><D121/><U79/><E13/><V6/><F6/><W106/><G106/><T53/><D100/><N who="1" m="38443" /><E79/><V5/><F5/><W97/><G38/><T96/><D29/><U113/><E95/><V81/><F105/><W129/><G129/><T37/><D37/><U116/><E116/><V67/><F67/><W125/><G125/><N who="2" m="48201" /><F81/><W0/><G0/><T88/><D90/><U135/><E135/><V30/><F20/><AGARI ba="0,0" hai="20,24,31,84,86,112,113,114,120,122,123" m="38443" machi="20" ten="40,8000,1" yaku="15,1,11,1,52,3" doraHai="118" who="1" fromWho="2" sc="200,0,225,80,361,-80,214,0" /><INIT seed="5,0,0,5,2,99" ten="200,305,281,214" oya="1" hai0="78,44,72,115,26,2,9,21,79,113,98,134,48" hai1="84,132,127,105,30,17,118,130,51,22,35,109,16" hai2="70,81,27,112,61,24,38,133,82,47,71,66,126" hai3="6,96,122,46,12,59,83,37,68,76,77,23,106"/><U90/><E105/><V121/><F121/><W62/><G68/><T124/><D72/><U92/><E35/><V111/><F111/><W0/><G122/><T49/><D134/><U64/><E118/><V89/><F133/><W102/><G0/><T29/><D124/><U63/><E132/><V119/><F119/><W65/><G37/><T33/><D33/><U31/><E127/><V107/><F126/><W18/><G6/><T85/><D49/><U57/><E130/><V95/><F107/><W25/><G46/><T19/><D85/><U88/><E109/><V20/><F71/><W94/><G106/><T108/><D108/><U91/><E51/><V4/><F4/><W60/><G83/><T55/><D2/><U14/><E17/><V110/><F110/><W13/><G62/><T116/><D116/><U40/><E40/><V117/><F117/><W97/><G97/><T11/><D11/><U86/><E90/><V73/><F73/><W74/><G74/><T50/><D50/><U93/><AGARI ba="0,0" hai="14,16,22,30,31,57,63,64,84,86,88,91,92,93" machi="93" ten="20,18000,2" yaku="0,1,7,1,9,1,8,1,54,2" doraHai="99" who="1" fromWho="1" sc="200,-60,305,180,281,-60,214,-60" /><INIT seed="5,1,0,0,2,115" ten="140,485,221,154" oya="1" hai0="69,20,50,28,132,111,107,17,117,119,103,42,4" hai1="9,21,32,68,7,134,57,129,72,63,81,97,55" hai2="31,59,101,19,54,23,1,66,36,49,110,94,3" hai3="116,43,60,114,84,29,22,90,125,108,30,76,124"/><U62/><E32/><V74/><F74/><W15/><G108/><T18/><D69/><U99/><E129/><V40/><F110/><W16/><G114/><T131/><D107/><U128/><E128/><V11/><F31/><W5/><G76/><T6/><D103/><U13/><E134/><V89/><F101/><W65/><G43/><T121/><D50/><U56/><E68/><V75/><F75/><W14/><G65/><T130/><D42/><U70/><E70/><V113/><F11/><N who="3" m="4463" /><G60/><T83/><D83/><U12/><E81/><V35/><F35/><W58/><G84/><T46/><D46/><U45/><E45/><V2/><F66/><W105/><G105/><T109/><D20/><U53/><E72/><V44/><F1/><W79/><G58/><T61/><D61/><U96/><E21/><V100/><F100/><W41/><G90/><T78/><D78/><U33/><E33/><V120/><F120/><W135/><G79/><T85/><D85/><U127/><E127/><N who="3" m="48714" /><G41/><T8/><D8/><U88/><E88/><V122/><F122/><W104/><G104/><T86/><D86/><U38/><E38/><V95/><F113/><W118/><G135/><T27/><D121/><U24/><E99/><V82/><F82/><W71/><G71/><T39/><D39/><U93/><E96/><V87/><F95/><W51/><G51/><T26/><REACH who="0" step="1"/><D28/><AGARI ba="1,0" hai="15,16,22,28,29,30,116,118" m="48714,4463" machi="28" ten="30,12000,2" yaku="18,1,34,2,52,2,54,1" doraHai="115" who="3" fromWho="0" sc="140,-123,485,0,221,0,154,123" /><INIT seed="6,0,0,3,0,11" ten="17,485,221,277" oya="2" hai0="22,10,51,121,135,41,23,68,33,39,15,26,94" hai1="119,122,116,91,123,125,87,57,77,132,70,64,36" hai2="49,127,28,117,88,115,14,105,66,106,34,86,46" hai3="8,124,101,5,19,67,118,7,2,102,59,100,21"/><V52/><F117/><W81/><G118/><T54/><D68/><U1/><E36/><V65/><F115/><W114/><G5/><T62/><D121/><U75/><E57/><V55/><F127/><W90/><G124/><T0/><D135/><U120/><E1/><V20/><F34/><W95/><G81/><T128/><D128/><U98/><E75/><V76/><F76/><W80/><G80/><T129/><D129/><U133/><E125/><V47/><F106/><W40/><G40/><T60/><D39/><U25/><E25/><V9/><F105/><W16/><G114/><T50/><D0/><U38/><E38/><V111/><F111/><W89/><G19/><T79/><D79/><U110/><E110/><V53/><F20/><W63/><REACH who="3" step="1"/><G95/><REACH who="3" ten="17,485,221,267" step="2"/><T58/><D33/><U12/><E119/><V44/><F28/><W13/><AGARI ba="0,1" hai="2,7,8,13,16,21,59,63,67,89,90,100,101,102" machi="13" ten="30,8000,1" yaku="1,1,2,1,0,1,52,1,54,1,53,0" doraHai="11" doraHaiUra="108" who="3" fromWho="3" sc="17,-20,485,-20,221,-40,267,90" owari="-3,-50.0,465,56.0,181,-22.0,357,16.0" /></mjloggm>