<mjloggm ver="2.3"><GO type="97" lobby="0"/><UN n0="%E3%83%A2%E3%83%84%E3%83%8B%E3%82%B3%E3%83%9F" n1="%E3%81%8B%E3%81%A3%E3%81%8D%E3%82%87%E3%82%81%E3%82%93" n2="%E5%B0%BE%E5%BC%B5%E4%B8%80" n3="%E3%82%A6%E3%83%AB%E3%83%88%E3%83%A9%E7%AB%8B%E7%9B%B4" dan="13,13,14,14" rate="1902.32,1992.47,1919.95,1963.58" sx="M,M,M,M"/><TAIKYOKU oya="0"/><INIT seed="0,0,0,0,3,77" ten="250,250,250,250" oya="0" hai0="123,73,117,21,24,104,113,63,36,72,52,9,90" hai1="46,12,135,15,58,39,2,4,31,131,133,125,14" hai2="85,70,41,61,66,25,111,109,87,11,107,30,96" hai3="74,33,129,112,76,97,121,43,79,78,59,3,126"/><T13/><D123/><U27/><E46/><V81/><F41/><W118/><G33/><T40/><D117/><U28/><E39/><V32/><F11/><W86/><G3/><T65/><D113/><U26/><E58/><V57/><F57/><W23/><G112/><T100/><D104/><U19/><E125/><V17/><F17/><W128/><G118/><T102/><D73/><U42/><E42/><V5/><F5/><W7/><G7/><T82/><D65/><U0/><E131/><N who="3" m="50250" /><G43/><T120/><D120/><U68/><E68/><V101/><F85/><W89/><G59/><N who="0" m="35303" /><D36/><U114/><E114/><V37/><F37/><W56/><G56/><T116/><D72/><U53/><E53/><V108/><F108/><W50/><G50/><T64/><D64/><U91/><E91/><AGARI ba="0,0" hai="25,30,32,61,66,70,81,87,91,96,101,107,109,111" machi="91" ten="40,5200,0" yaku="25,2,52,1" doraHai="77" who="2" fromWho="1" sc="250,0,250,-52,250,52,250,0" /><INIT seed="1,0,0,0,3,3" ten="250,198,302,250" oya="1" hai0="52,115,81,126,134,78,98,127,37,44,19,133,105" hai1="129,4,80,76,110,135,45,38,97,91,60,63,75" hai2="35,9,77,82,108,111,79,88,1,74,125,104,49" hai3="42,69,119,118,48,31,41,17,29,16,90,124,12"/><U34/><E129/><V18/><F104/><W32/><G69/><T101/><D37/><U121/><E121/><V70/><F35/><W22/><G124/><N who="0" m="47659" /><D19/><U56/><E110/><N who="2" m="42027" /><F70/><W28/><G32/><T92/><D44/><U84/><E135/><N who="0" m="51721" /><D52/><U132/><E132/><V54/><F18/><W95/><G48/><T59/><D59/><U100/><E34/><V57/><F74/><W73/><G73/><N who="0" m="43215" /><D115/><U102/><E4/><N who="2" m="1167" /><F125/><W11/><G42/><T61/><D61/><U67/><E60/><V131/><F131/><W2/><G41/><T103/><D103/><U85/><E38/><V83/><F83/><W94/><G17/><T40/><D40/><U51/><E75/><V36/><F36/><W107/><G16/><T39/><D39/><U53/><REACH who="1" step="1"/><E97/><REACH who="1" ten="250,188,302,250" step="2"/><V112/><F112/><W128/><G128/><T23/><D23/><U113/><E113/><V64/><F64/><W21/><G21/><T99/><D99/><U120/><E120/><V106/><F49/><W13/><G22/><T15/><D15/><U8/><E8/><V86/><F54/><W123/><G13/><T71/><D71/><U27/><E27/><V50/><F50/><W87/><G12/><T6/><D6/><U5/><E5/><V0/><F0/><W93/><G123/><T114/><D114/><U30/><E30/><V14/><F14/><W26/><G11/><T25/><D25/><U130/><E130/><V72/><F72/><W55/><G26/><T58/><D58/><U33/><E33/><V68/><F68/><W109/><G2/><T89/><D89/><U122/><E122/><RYUUKYOKU ba="0,1" sc="250,15,188,15,302,-15,250,-15" hai0="92,98,101,105" hai1="45,51,53,56,63,67,76,80,84,85,91,100,102" /><INIT seed="1,1,1,3,4,76" ten="265,203,287,235" oya="1" hai0="38,22,79,49,66,75,72,44,13,95,63,40,121" hai1="0,100,102,62,4,28,59,29,94,118,134,9,30" hai2="119,68,101,109,87,106,15,69,130,14,92,32,125" hai3="122,129,8,128,51,17,78,83,61,132,16,107,93"/><U42/><E118/><V113/><F119/><W1/><G107/><T2/><D121/><U33/><E134/><V18/><F32/><W23/><G122/><T26/><D2/><U57/><E33/><V131/><F109/><W81/><G132/><T105/><D105/><U99/><E42/><V36/><F36/><W110/><G110/><T21/><D38/><U82/><E100/><V5/><F125/><W135/><G135/><T67/><D67/><U56/><REACH who="1" step="1"/><E82/><REACH who="1" ten="265,193,287,235" step="2"/><V43/><F43/><W24/><G83/><T80/><D95/><U117/><E117/><V71/><F101/><W115/><G93/><T89/><D89/><U98/><E98/><V27/><F106/><W46/><G115/><T55/><D40/><U111/><E111/><V12/><F113/><W25/><G81/><T50/><D80/><U34/><E34/><V120/><F92/><W73/><G78/><T65/><D79/><U58/><E58/><V84/><F84/><W77/><G77/><T124/><D75/><U123/><E123/><V97/><F87/><W10/><G73/><T91/><D72/><U86/><E86/><V64/><F97/><W48/><G46/><T53/><D44/><U74/><E74/><V114/><F120/><W96/><G96/><T60/><D91/><U54/><AGARI ba="1,2" hai="0,4,9,28,29,30,54,56,57,59,62,94,99,102" machi="54" ten="30,3000,0" yaku="1,1,0,1,53,0" doraHai="76" doraHaiUra="133" who="1" fromWho="1" sc="265,-11,193,53,287,-11,235,-11" /><INIT seed="1,2,0,3,4,127" ten="254,246,276,224" oya="1" hai0="84,10,63,5,95,12,74,24,131,91,32,14,105" hai1="1,4,38,71,49,75,18,0,117,87,42,109,125" hai2="6,72,65,89,7,93,25,51,30,126,98,15,17" hai3="34,50,9,52,22,55,58,94,119,29,132,45,19"/><U64/><E125/><V62/><F72/><W68/><G68/><T2/><D105/><U122/><E122/><V86/><F51/><W79/><G132/><T83/><D131/><U60/><E117/><V135/><F135/><W123/><G123/><T56/><D74/><U78/><E109/><V44/><F44/><W54/><G119/><T66/><REACH who="0" step="1"/><D83/><REACH who="0" ten="244,246,276,224" step="2"/><U120/><E120/><V129/><F129/><W102/><G79/><T128/><D128/><U101/><E75/><V33/><F126/><W69/><G69/><T114/><D114/><U23/><E78/><V88/><F89/><W134/><G134/><T80/><D80/><U90/><E101/><V21/><F98/><W96/><G34/><T73/><D73/><U99/><E99/><V67/><F67/><W92/><G92/><T47/><D47/><U8/><E1/><V133/><F133/><W124/><G124/><T85/><D85/><U113/><E113/><V61/><F61/><W53/><G94/><T3/><D3/><U81/><E38/><V40/><F40/><W26/><G96/><T13/><D13/><U48/><E42/><V43/><F43/><W106/><G106/><T121/><D121/><U77/><E77/><V100/><F100/><W41/><G102/><T110/><D110/><U39/><E39/><V103/><F103/><W97/><G97/><T118/><D118/><U31/><E0/><V46/><F46/><W111/><G111/><T27/><D27/><N who="1" m="16895" /><E4/><V104/><F104/><W20/><G41/><T112/><D112/><U116/><E116/><V57/><AGARI ba="2,1" hai="6,7,15,17,21,25,30,33,57,62,65,86,88,93" machi="57" ten="20,2700,0" yaku="0,1,7,1,54,1" doraHai="127" who="2" fromWho="2" sc="244,-9,246,-15,276,43,224,-9" /><INIT seed="2,0,0,4,3,121" ten="235,231,319,215" oya="2" hai0="111,37,106,69,14,110,34,78,81,15,47,88,102" hai1="5,18,105,41,19,46,70,73,38,8,42,75,92" hai2="82,80,109,98,131,31,77,39,30,3,36,12,51" hai3="25,130,65,95,126,22,85,20,124,11,64,129,24"/><V101/><F3/><W97/><G85/><T1/><D1/><U120/><E120/><V13/><F80/><W16/><G11/><T9/><D69/><U21/><E105/><V32/><F51/><W35/><G35/><T119/><D119/><U29/><E70/><V44/><F44/><W26/><G95/><T6/><D34/><U108/><E108/><N who="0" m="41513" /><D102/><U76/><E42/><V94/><F30/><W118/><G97/><T133/><D106/><U57/><E29/><V63/><F31/><W0/><G0/><N who="0" m="199" /><D133/><U56/><E5/><V23/><F32/><W114/><G114/><T100/><D100/><U53/><E76/><V132/><F77/><W58/><G118/><T4/><D4/><U48/><E73/><V54/><F132/><W43/><G43/><N who="0" m="23023" /><D88/><U113/><E113/><V112/><F112/><W50/><G126/><T93/><D93/><U62/><E92/><V84/><F94/><W45/><G124/><T135/><D135/><U122/><E122/><V87/><F109/><W125/><G125/><T10/><D10/><U59/><E8/><V127/><F101/><W2/><G2/><T123/><D123/><U104/><E104/><V134/><F127/><W17/><G129/><T67/><D67/><U116/><E116/><V107/><F131/><W103/><G130/><T86/><AGARI ba="0,0" hai="14,15,78,81,86" m="23023,199,41513" machi="86" ten="30,7900,0" yaku="14,1,52,3" doraHai="121" who="0" fromWho="0" sc="235,79,231,-20,319,-39,215,-20" /><INIT seed="3,0,0,5,3,28" ten="314,211,280,195" oya="3" hai0="113,91,1,65,104,20,47,11,35,57,89,54,103" hai1="88,6,7,90,55,48,105,32,56,127,17,74,100" hai2="123,41,29,110,82,63,98,133,34,81,40,19,21" hai3="3,37,79,61,52,129,44,83,14,9,115,135,71"/><W58/><G115/><T0/><D113/><U99/><E74/><V25/><F110/><W92/><G129/><T111/><D111/><U107/><E32/><V102/><F133/><W66/><G135/><T49/><D35/><U114/><E114/><V124/><F124/><W128/><G128/><T80/><D20/><U33/><E33/><V39/><F63/><W106/><G106/><T4/><D103/><U31/><E127/><V108/><F108/><W119/><G119/><T27/><D104/><U77/><E107/><V109/><F123/><W36/><G92/><T95/><D27/><U43/><E31/><V73/><F73/><W75/><G3/><T30/><D30/><U2/><E77/><V93/><F40/><W121/><G121/><T15/><D80/><U117/><E117/><V97/><F97/><W38/><G44/><T67/><D89/><U132/><E132/><V13/><F41/><W87/><G75/><T62/><REACH who="0" step="1"/><D67/><REACH who="0" ten="304,211,280,195" step="2"/><U120/><E120/><V51/><F109/><W60/><REACH who="3" step="1"/><G38/><REACH who="3" ten="304,211,280,185" step="2"/><T50/><D50/><U16/><E48/><V76/><F39/><W64/><G64/><T122/><D122/><U53/><E105/><V86/><F51/><W125/><G125/><T126/><D126/><U26/><E100/><V42/><F81/><W112/><G112/><T46/><D46/><U24/><E43/><V85/><F42/><W84/><G84/><AGARI ba="0,2" hai="0,1,4,11,15,47,49,54,57,62,65,84,91,95" machi="84" ten="30,3900,0" yaku="1,1,7,1,53,1" doraHai="28" doraHaiUra="8" who="0" fromWho="3" sc="304,59,211,0,280,0,185,-39" owari="363,46.0,211,-19.0,280,8.0,146,-35.0" /></mjloggm>