<mjloggm ver="2.3"><GO type="97" lobby="0"/><UN n0="%E5%8B%87%E5%88%A9%E3%81%8C%E6%9C%89%E5%88%A9" n1="%42%6F%67%69%65" n2="%E3%82%88%E3%81%90%E3%81%99%E3%81%91" n3="%E5%B0%B1%E6%B4%BB%E7%94%9F%40%E5%B7%9D%E6%9D%91%E8%BB%8D%E5%9B%A3" dan="13,13,15,13" rate="1872.20,1822.57,1969.80,1847.28" sx="M,M,M,M"/><TAIKYOKU oya="0"/><INIT seed="0,0,0,4,1,67" ten="250,250,250,250" oya="0" hai0="63,107,117,129,26,104,127,46,3,65,21,96,82" hai1="5,114,97,106,64,31,99,0,42,135,48,14,87" hai2="17,66,116,25,133,36,74,4,11,59,39,100,84" hai3="95,32,77,98,38,50,44,88,34,120,18,124,40"/><T10/><D117/><U20/><E135/><V113/><F116/><W112/><G120/><T70/><D127/><U121/><E106/><V16/><F74/><W30/><G112/><T58/><D129/><U123/><E0/><V19/><F113/><W91/><G124/><T103/><D82/><U72/><E72/><V47/><F133/><W75/><G38/><T126/><D126/><U85/><E114/><V86/><F25/><W81/><G30/><T45/><D104/><U125/><E125/><V80/><F100/><W49/><G49/><T105/><D105/><U90/><E64/><V12/><F47/><W108/><G108/><T111/><D111/><U92/><E121/><V2/><F2/><W115/><G115/><T110/><D110/><U57/><E31/><V55/><F66/><W52/><G40/><T119/><D119/><U94/><E123/><V69/><F69/><W83/><REACH who="3" step="1"/><G18/><REACH who="3" ten="250,250,250,240" step="2"/><T62/><D46/><U102/><E42/><V8/><F39/><W24/><G24/><T29/><D45/><U7/><E48/><V130/><F36/><W89/><G89/><T9/><REACH who="0" step="1"/><D3/><REACH who="0" ten="240,250,250,240" step="2"/><U134/><E134/><V35/><F130/><W41/><G41/><T43/><D43/><U71/><E57/><V51/><F59/><W122/><G122/><T79/><D79/><U118/><E118/><V73/><F51/><W56/><G56/><T101/><D101/><U28/><E102/><V15/><F80/><W33/><G33/><T128/><D128/><U54/><E90/><V27/><F35/><W60/><G60/><T23/><D23/><U61/><E61/><RYUUKYOKU ba="0,2" sc="240,15,250,-15,250,-15,240,15" hai0="9,10,21,26,29,58,62,63,65,70,96,103,107" hai3="32,34,44,50,52,75,77,81,83,88,91,95,98" /><INIT seed="0,1,2,2,5,134" ten="255,235,235,255" oya="0" hai0="46,103,28,0,37,75,3,71,42,54,57,6,119" hai1="77,107,135,129,29,130,76,16,116,95,51,33,2" hai2="12,121,69,83,55,50,63,58,11,102,128,89,32" hai3="52,81,118,14,98,27,93,127,108,96,30,17,39"/><T80/><D119/><U99/><E135/><V18/><F121/><W85/><G118/><T92/><D71/><U125/><E2/><V21/><F128/><N who="1" m="49257" /><E107/><V111/><F111/><W84/><G39/><T22/><D6/><U86/><E29/><V88/><F32/><W73/><G108/><T5/><D5/><U7/><E7/><V78/><F102/><W23/><G73/><T8/><D8/><U59/><E33/><V4/><F69/><W101/><G127/><T56/><D28/><U15/><E125/><V38/><F38/><W40/><G40/><T1/><D22/><U104/><E104/><V66/><F78/><W43/><G43/><T64/><D64/><U72/><E72/><V97/><F83/><W48/><G96/><T36/><D36/><U126/><E126/><V68/><REACH who="2" step="1"/><F97/><REACH who="2" ten="255,235,225,255" step="2"/><W24/><G81/><T60/><D80/><U44/><E116/><V65/><F65/><W25/><REACH who="3" step="1"/><G30/><REACH who="3" ten="255,235,225,245" step="2"/><T35/><D37/><U67/><E99/><V53/><F53/><W45/><AGARI ba="1,4" hai="14,17,23,24,25,27,45,48,52,84,85,93,98,101" machi="45" ten="30,12000,2" yaku="1,1,2,1,0,1,8,1,54,1,53,2" doraHai="134" doraHaiUra="82" who="3" fromWho="3" sc="255,-61,235,-31,225,-31,245,163" /><INIT seed="1,0,0,0,3,68" ten="194,204,194,408" oya="1" hai0="95,25,89,74,115,51,19,104,100,33,97,50,76" hai1="106,54,53,133,114,11,117,119,73,90,41,57,43" hai2="78,17,127,131,26,61,70,88,55,37,23,86,83" hai3="126,91,67,52,102,98,129,103,21,93,29,80,22"/><U77/><E106/><V120/><F120/><W36/><G36/><T5/><D115/><U79/><E11/><V59/><F131/><W39/><G39/><T20/><D33/><U125/><E114/><V81/><F127/><W28/><G129/><T128/><D5/><U13/><E125/><V2/><F2/><W45/><G126/><T111/><D111/><U124/><E124/><V66/><F70/><W92/><G67/><T48/><D128/><U85/><E13/><V0/><F0/><W14/><G80/><N who="0" m="45079" /><D50/><U134/><E73/><V62/><F37/><W60/><G102/><T72/><D72/><U108/><E108/><V130/><F130/><W110/><G110/><T49/><D49/><U113/><E113/><V75/><REACH who="2" step="1"/><F62/><REACH who="2" ten="194,204,184,408" step="2"/><W10/><G29/><T82/><D82/><U12/><E119/><V24/><F24/><W105/><G28/><T32/><D32/><U109/><E117/><V122/><F122/><W40/><G60/><T4/><D4/><U9/><E109/><V71/><F71/><W3/><G3/><T46/><D46/><U116/><E116/><V64/><AGARI ba="0,1" hai="17,23,26,55,59,61,64,66,75,78,81,83,86,88" machi="64" ten="30,4000,0" yaku="1,1,0,1,54,1,53,0" doraHai="68" doraHaiUra="34" who="2" fromWho="2" sc="194,-10,204,-20,184,50,408,-10" /><INIT seed="2,0,0,5,4,30" ten="184,184,234,398" oya="2" hai0="27,91,112,100,57,40,122,82,80,101,132,68,46" hai1="84,83,41,7,35,120,75,135,34,58,115,67,11" hai2="33,53,70,125,109,12,37,110,116,76,10,62,127" hai3="64,20,107,96,98,118,69,66,4,6,113,0,16"/><V25/><F37/><W86/><G118/><T45/><D68/><U5/><E115/><V44/><F116/><W74/><G74/><T119/><D112/><U114/><E135/><V55/><F76/><W49/><G113/><T117/><D132/><U42/><E114/><V47/><F70/><W3/><G86/><T78/><D122/><U28/><E75/><V133/><F133/><W31/><G31/><T108/><D108/><N who="2" m="41578" /><F25/><W87/><G87/><T90/><D57/><U97/><E97/><V79/><F79/><W48/><G20/><T111/><D111/><U18/><E28/><V72/><F72/><W29/><G29/><T94/><D78/><U52/><E67/><V126/><F33/><W23/><G23/><T2/><D27/><U51/><E18/><N who="2" m="8471" /><F62/><W65/><G69/><T73/><D73/><U43/><E120/><V61/><F61/><W9/><G16/><T63/><D63/><U56/><E56/><V38/><F38/><W17/><G17/><T32/><D32/><U15/><REACH who="1" step="1"/><E5/><REACH who="1" ten="184,174,234,398" step="2"/><V81/><F81/><W99/><G107/><T59/><D59/><U21/><E21/><V106/><F106/><W121/><G121/><T123/><D123/><U77/><AGARI ba="0,1" hai="7,11,15,34,35,41,42,43,51,52,58,77,83,84" machi="77" ten="30,8000,1" yaku="1,1,0,1,52,2,54,1,53,0" doraHai="30" doraHaiUra="130" who="1" fromWho="1" sc="184,-20,174,90,234,-40,398,-20" /><INIT seed="3,0,0,3,4,37" ten="164,264,194,378" oya="3" hai0="96,67,98,10,52,48,66,119,87,112,109,31,128" hai1="97,17,1,63,36,28,95,29,113,22,20,118,50" hai2="135,16,14,18,19,40,76,55,4,116,43,117,123" hai3="126,60,104,46,134,80,124,90,59,42,99,58,83"/><W61/><G134/><T27/><D119/><U108/><E36/><V102/><F117/><W15/><G104/><T5/><D109/><U62/><E1/><V125/><F116/><W84/><G83/><T106/><D112/><U38/><E38/><V91/><F135/><W21/><G21/><N who="0" m="15855" /><D106/><U131/><E131/><V32/><F32/><W132/><G15/><N who="0" m="5583" /><D128/><U105/><E105/><V33/><F33/><W47/><G99/><N who="0" m="37931" /><D87/><U111/><E113/><V13/><F123/><W93/><G47/><AGARI ba="0,0" hai="47,48,52,66,67" m="37931,5583,15855" machi="47" ten="30,2000,0" yaku="8,1,54,1" doraHai="37" who="0" fromWho="3" sc="164,20,264,0,194,0,378,-20" owari="184,-32.0,264,6.0,194,-21.0,358,47.0" /></mjloggm>