<mjloggm ver="2.3"><GO type="169" lobby="0"/><UN n0="%E3%81%97%E3%81%8A%E3%81%BE%E3%81%AD%E3%81%8D" n1="%6D%6F%74%69%37%32%2E%2E" n2="%E3%82%A6%E3%83%AB%E3%83%88%E3%83%A9%E7%AB%8B%E7%9B%B4" n3="%48%61%6B%61%6D%61%64%61" dan="16,17,16,16" rate="2161.22,2142.07,2136.54,2025.37" sx="M,M,M,M"/><TAIKYOKU oya="0"/><INIT seed="0,0,0,0,5,131" ten="250,250,250,250" oya="0" hai0="65,25,10,115,106,32,66,23,43,18,83,8,97" hai1="110,50,41,113,48,80,91,60,90,46,108,62,134" hai2="112,53,119,44,79,86,94,95,22,78,93,135,26" hai3="28,85,88,67,4,89,133,27,40,68,61,45,92"/><T69/><D115/><U104/><E104/><V100/><F112/><W98/><G133/><T0/><D43/><U6/><E113/><V12/><F135/><W129/><G4/><T58/><D58/><U57/><E134/><V11/><F119/><W54/><G54/><T31/><D66/><U122/><E122/><V19/><F100/><W132/><G132/><T130/><D83/><U52/><E6/><V121/><F121/><W123/><G123/><T82/><D82/><U126/><E126/><V120/><F120/><W36/><G129/><T117/><D117/><U99/><E99/><V37/><F86/><W1/><G1/><T111/><D111/><N who="1" m="42539" /><E80/><V102/><F102/><W33/><REACH who="3" step="1"/><G85/><REACH who="3" ten="250,250,250,240" step="2"/><T21/><D130/><U71/><E41/><V47/><F53/><W109/><G109/><T17/><D0/><U7/><E7/><V101/><F101/><AGARI ba="0,1" hai="27,28,33,36,40,45,61,67,68,88,89,92,98,101" machi="101" ten="30,7700,0" yaku="1,1,7,1,54,1,53,1" doraHai="131" doraHaiUra="39" who="3" fromWho="2" sc="250,0,250,0,250,-77,240,87" /><INIT seed="1,0,0,3,5,86" ten="250,250,173,327" oya="1" hai0="89,67,119,80,19,37,63,52,3,78,39,111,102" hai1="25,68,71,82,17,15,16,91,48,106,116,41,13" hai2="134,76,32,100,55,125,114,8,31,74,101,130,69" hai3="47,62,73,121,36,90,30,54,70,123,18,93,120"/><U92/><E106/><V75/><F55/><W35/><G73/><T10/><D102/><U88/><E116/><V12/><F12/><W58/><G18/><N who="1" m="7274" /><E68/><V51/><F51/><W97/><G70/><T44/><D119/><U60/><E71/><V33/><F8/><W110/><G110/><T53/><D111/><U105/><E105/><V99/><F99/><W115/><G115/><T83/><D3/><U57/><E25/><V34/><F76/><W2/><G2/><T26/><D78/><U14/><E82/><V45/><F31/><W24/><REACH who="3" step="1"/><G121/><REACH who="3" ten="250,250,173,317" step="2"/><T128/><D128/><U11/><E11/><V87/><F75/><W46/><G46/><T94/><D10/><U84/><E15/><V117/><F74/><W133/><G133/><T118/><D118/><U95/><E41/><AGARI ba="0,1" hai="24,30,35,36,41,47,54,58,62,90,93,97,120,123" machi="41" ten="40,2600,0" yaku="1,1,52,1,53,0" doraHai="86" doraHaiUra="64" who="3" fromWho="1" sc="250,0,250,-26,173,0,317,36" /><INIT seed="2,0,0,5,0,75" ten="250,224,173,353" oya="2" hai0="0,134,85,103,110,37,80,29,123,12,10,14,40" hai1="54,127,17,36,48,18,38,6,91,60,39,44,68" hai2="42,31,58,5,82,131,15,27,13,45,56,77,94" hai3="11,118,97,65,35,78,25,8,105,93,49,128,83"/><V102/><F131/><W34/><G118/><T55/><D123/><U64/><E127/><V104/><F104/><W24/><G105/><T4/><D134/><U19/><E6/><V53/><F94/><W52/><G65/><T109/><D103/><U120/><REACH who="1" step="1"/><E91/><REACH who="1" ten="250,214,173,353" step="2"/><V50/><F5/><W126/><G126/><T7/><D7/><U33/><E33/><V43/><F102/><N who="3" m="60719" /><G35/><T130/><D130/><U121/><AGARI ba="0,1" hai="17,18,19,36,38,39,44,48,54,60,64,68,120,121" machi="121" ten="40,5200,0" yaku="1,1,0,1,53,1" doraHai="75" doraHaiUra="62" who="1" fromWho="1" sc="250,-13,214,62,173,-26,353,-13" /><INIT seed="3,0,0,0,5,114" ten="237,276,147,340" oya="3" hai0="75,105,56,69,42,0,91,61,19,121,95,84,8" hai1="134,66,99,50,18,133,46,100,93,117,96,17,3" hai2="103,113,125,102,60,48,65,10,90,78,79,126,74" hai3="14,63,83,31,38,107,47,73,7,115,49,25,9"/><W32/><G115/><T34/><D34/><U64/><E3/><V27/><F27/><W92/><G107/><T13/><D105/><U15/><E99/><V1/><F48/><W62/><G38/><T30/><D75/><U104/><E104/><V44/><F44/><W130/><G130/><T21/><D69/><U11/><E18/><V67/><F60/><W85/><G92/><T6/><D121/><U81/><E81/><V101/><F113/><W20/><G32/><T94/><D30/><U132/><REACH who="1" step="1"/><E117/><REACH who="1" ten="237,266,147,340" step="2"/><V110/><F1/><W127/><G127/><T12/><D0/><U53/><AGARI ba="0,1" hai="11,15,17,46,50,53,64,66,93,96,100,132,133,134" machi="53" ten="30,7900,0" yaku="1,1,2,1,0,1,20,1,53,0" doraHai="114" doraHaiUra="80" who="1" fromWho="1" sc="237,-20,266,89,147,-20,340,-39" /><INIT seed="4,0,0,2,1,116" ten="217,355,127,301" oya="0" hai0="108,49,115,45,11,121,57,123,73,130,61,71,39" hai1="89,111,102,1,134,94,56,79,78,82,99,31,19" hai2="107,40,13,133,44,67,66,81,95,101,97,104,113" hai3="35,76,84,109,86,77,125,16,50,48,69,32,85"/><T17/><D73/><U90/><E111/><V15/><F133/><W59/><G109/><T27/><D115/><U129/><E1/><V127/><F127/><W98/><G125/><T131/><D108/><U74/><E31/><V2/><F2/><W7/><G7/><T43/><D27/><U68/><E68/><V33/><F33/><W63/><G69/><T6/><D17/><U53/><E79/><N who="3" m="30282" /><G35/><T8/><D8/><U83/><E83/><V92/><F81/><W5/><G5/><T36/><D11/><U46/><E46/><V64/><F113/><W60/><G32/><T70/><D6/><U0/><E0/><V9/><F9/><W114/><G98/><T135/><D135/><U23/><E134/><V14/><REACH who="2" step="1"/><F107/><REACH who="2" ten="217,355,117,301" step="2"/><W38/><G114/><T128/><D71/><U132/><E132/><V12/><N who="2" m="3072" /><DORA hai="124" /><V105/><F105/><W87/><G38/><AGARI ba="0,1" hai="38,40,44,64,66,67,92,95,97,101,104" m="3072" machi="38" ten="50,1600,0" yaku="1,1,53,0" doraHai="116,124" doraHaiUra="119,29" who="2" fromWho="3" sc="217,0,355,0,117,26,301,-16" /><INIT seed="5,0,0,0,0,78" ten="217,355,143,285" oya="1" hai0="47,67,77,42,124,80,8,43,81,62,60,110,99" hai1="123,119,129,21,3,79,41,131,121,73,98,2,20" hai2="1,102,134,52,37,0,115,19,9,38,94,127,53" hai3="100,72,28,118,71,95,11,59,17,70,106,83,68"/><U84/><E119/><V130/><F102/><W128/><G106/><T58/><D110/><U5/><E73/><V54/><F9/><W108/><G108/><T7/><D124/><U69/><E69/><V33/><F33/><W64/><G28/><T31/><D31/><U116/><E116/><V88/><F127/><W16/><G118/><T13/><D77/><U76/><E98/><V66/><F66/><W26/><G128/><T101/><D62/><U114/><E41/><V50/><F50/><W86/><G72/><T90/><D90/><U117/><E117/><V40/><F130/><W85/><G26/><T29/><D43/><U107/><E107/><V24/><F134/><W87/><G83/><T22/><D22/><U113/><E84/><V105/><F105/><W133/><G133/><T34/><D29/><U97/><E97/><V109/><F109/><W30/><G30/><T44/><D34/><U18/><E18/><V74/><F74/><W65/><G65/><T10/><D10/><U125/><E125/><V45/><F38/><W36/><G36/><T49/><D47/><U96/><E96/><V122/><F122/><W82/><G11/><T23/><D23/><U103/><E103/><V51/><F37/><W14/><G100/><T46/><D44/><U135/><E135/><V104/><F104/><AGARI ba="0,0" hai="7,8,13,42,46,49,58,60,67,80,81,99,101,104" machi="104" ten="30,3900,0" yaku="7,1,52,2" doraHai="78" who="0" fromWho="2" sc="217,39,355,0,143,-39,285,0" /><INIT seed="6,0,0,3,1,60" ten="256,355,104,285" oya="2" hai0="46,125,123,61,86,104,70,69,120,17,42,96,99" hai1="92,58,115,75,80,15,108,126,39,59,101,1,100" hai2="127,53,25,21,107,97,55,40,106,3,68,135,79" hai3="44,34,112,72,133,98,76,129,13,9,30,130,88"/><V4/><F68/><W23/><G34/><T28/><D86/><U32/><E108/><V111/><F111/><W65/><G133/><T66/><D125/><U64/><E1/><V116/><F116/><W7/><G112/><T18/><D28/><U2/><E2/><V132/><F127/><W102/><G44/><T49/><D70/><U81/><E39/><V6/><F40/><W41/><G41/><T117/><D117/><U131/><E32/><V35/><F35/><W77/><G72/><T103/><REACH who="0" step="1"/><D99/><REACH who="0" ten="246,355,104,285" step="2"/><U47/><E126/><V19/><F79/><W52/><G77/><T84/><D84/><U20/><E115/><V10/><F6/><W43/><G76/><T82/><D82/><U8/><E80/><V113/><F113/><W37/><G30/><T12/><D12/><U93/><E15/><V114/><F114/><W0/><G7/><T122/><AGARI ba="0,1" hai="17,18,42,46,49,61,66,69,96,103,104,120,122,123" machi="122" ten="30,7900,0" yaku="1,1,0,1,52,1,53,1" doraHai="60" doraHaiUra="63" who="0" fromWho="0" sc="246,89,355,-20,104,-39,285,-20" /><INIT seed="7,0,0,0,5,130" ten="335,335,65,265" oya="3" hai0="65,21,76,70,17,7,128,108,69,82,46,5,133" hai1="54,32,94,131,44,63,16,90,60,101,95,75,42" hai2="59,84,37,19,62,38,89,41,110,124,12,58,117" hai3="85,87,36,43,132,2,40,114,4,97,116,120,57"/><W24/><G120/><T81/><D128/><U29/><E75/><V0/><F12/><W55/><G116/><T3/><D108/><U127/><E131/><V111/><F19/><W73/><G73/><T122/><D122/><U6/><E127/><V88/><F84/><W28/><G114/><T98/><D133/><U53/><E6/><V126/><F0/><W25/><G25/><T123/><D123/><U33/><E101/><V80/><F80/><W14/><G2/><T8/><D7/><U72/><E72/><V1/><F1/><W34/><G132/><T15/><D82/><U67/><E29/><V77/><F77/><W56/><G57/><T79/><D79/><U135/><E135/><V134/><F134/><W23/><G34/><T99/><D46/><U83/><E83/><V103/><F103/><W61/><G97/><T125/><D125/><U51/><E33/><V27/><F27/><W104/><G104/><T64/><D70/><U102/><E32/><V49/><F88/><W9/><REACH who="3" step="1"/><G36/><REACH who="3" ten="335,335,65,255" step="2"/><T92/><D99/><N who="1" m="59775" /><E44/><V30/><F30/><W121/><G121/><T119/><D119/><U45/><E45/><V91/><F117/><W109/><G109/><T20/><D3/><U129/><E129/><V31/><F31/><W115/><G115/><T11/><D98/><U47/><E47/><V10/><F110/><W112/><G112/><T93/><D69/><U22/><E67/><V39/><F111/><W68/><G68/><T105/><D65/><U86/><E63/><V35/><F37/><W71/><G71/><T78/><D64/><U107/><E60/><RYUUKYOKU ba="0,1" sc="335,-10,335,-10,65,-10,255,30" hai3="4,9,14,23,24,28,40,43,55,56,61,85,87" /><INIT seed="7,1,1,5,2,50" ten="325,325,55,285" oya="3" hai0="24,55,10,28,115,100,46,113,4,25,7,33,14" hai1="88,98,79,132,102,62,103,101,37,109,43,0,104" hai2="129,90,123,53,69,78,11,41,73,44,39,22,112" hai3="124,82,89,80,63,23,81,13,65,125,71,119,48"/><W68/><G119/><T15/><D100/><U95/><E109/><V57/><F78/><W106/><G106/><T96/><D96/><U19/><E0/><V116/><F73/><W3/><G3/><N who="0" m="287" /><D46/><U67/><E79/><V92/><F11/><W47/><G71/><T114/><D55/><U34/><E34/><V131/><F22/><W130/><G130/><T5/><D25/><U87/><E132/><V59/><F90/><W110/><G110/><T107/><D107/><U8/><E43/><V18/><F92/><W128/><G128/><T84/><D84/><U17/><E37/><V111/><F18/><N who="1" m="6665" /><E8/><V117/><F111/><W26/><G13/><AGARI ba="1,1" hai="5,7,13,14,15,24,28,33,113,114,115" m="287" machi="13" ten="30,7700,0" yaku="15,1,11,1,34,2" doraHai="50" who="0" fromWho="3" sc="325,90,325,0,55,0,285,-80" owari="415,50.0,325,13.0,55,-44.0,205,-19.0" /></mjloggm>