<mjloggm ver="2.3"><GO type="169" lobby="0"/><UN n0="%E2%98%85%E9%9B%80%E9%AC%BC%E7%99%BE%E7%80%AC%E2%98%85" n1="%E3%82%A6%E3%83%AB%E3%83%88%E3%83%A9%E7%AB%8B%E7%9B%B4" n2="%E3%81%B2%E3%81%90%E3%82%89%E3%81%97%E7%B5%86" n3="%64%61%61%61%61%61%61%61" dan="18,17,17,16" rate="2169.54,2166.28,2089.62,2034.67" sx="M,M,M,M"/><TAIKYOKU oya="0"/><INIT seed="0,0,0,2,2,115" ten="250,250,250,250" oya="0" hai0="125,71,38,134,99,34,31,129,113,83,110,59,93" hai1="73,89,22,65,47,4,133,124,56,23,118,55,97" hai2="32,50,13,46,70,30,64,111,68,28,19,98,88" hai3="114,12,9,75,25,121,36,91,1,3,57,63,95"/><T104/><RYUUKYOKU type="yao9" ba="0,0" sc="250,0,250,0,250,0,250,0" hai0="31,34,38,59,71,83,93,99,104,110,113,125,129,134" /><INIT seed="0,1,0,1,2,62" ten="250,250,250,250" oya="0" hai0="9,2,47,23,48,31,96,126,90,119,103,87,57" hai1="120,86,134,114,6,92,4,46,82,35,51,135,98" hai2="20,55,72,63,68,1,41,70,49,38,45,122,27" hai3="108,91,106,33,131,22,123,111,12,89,121,40,74"/><T71/><D71/><U59/><E35/><V8/><F72/><W95/><G33/><T25/><D126/><U52/><E120/><N who="3" m="46154" /><G106/><T39/><D39/><U118/><E118/><V78/><F122/><W16/><G74/><T24/><D119/><U15/><E114/><V69/><F78/><W36/><G131/><T129/><D129/><U29/><E29/><V99/><F99/><N who="3" m="57839" /><G91/><T125/><D125/><U19/><E134/><V83/><F83/><W21/><G21/><T26/><D2/><U0/><E0/><V109/><F109/><N who="3" m="42059" /><G40/><T66/><D9/><U115/><E115/><V54/><F8/><W110/><N who="3" m="42067" /><W64/><DORA hai="7" /><G64/><T60/><D96/><U65/><E86/><V80/><F41/><W88/><G88/><T105/><D103/><N who="1" m="60871" /><E82/><V102/><F102/><W113/><G113/><T34/><D34/><U42/><E135/><V30/><F80/><W43/><G43/><N who="0" m="24703" /><D105/><U14/><E42/><V112/><F112/><W124/><G124/><T76/><D76/><U67/><E67/><V18/><F20/><W107/><G107/><T116/><D116/><U127/><E127/><V75/><F75/><W3/><G3/><T128/><D128/><U117/><E117/><V94/><F1/><W56/><G56/><T84/><D84/><U32/><E32/><V81/><F69/><W58/><G58/><T85/><D85/><U5/><E59/><V97/><F70/><W37/><AGARI ba="1,0" hai="12,16,22,36,37" m="42067,57839,46154" machi="37" ten="50,6400,0" yaku="13,1,14,1,54,1" doraHai="62,7" who="3" fromWho="3" sc="250,-33,250,-17,250,-17,250,67" /><INIT seed="1,0,0,2,0,67" ten="217,233,233,317" oya="1" hai0="18,78,97,76,65,107,3,46,58,133,74,102,30" hai1="66,69,38,62,12,110,83,40,8,28,70,64,52" hai2="48,72,50,22,68,86,135,9,15,37,19,111,124" hai3="85,21,29,34,129,118,134,5,4,131,51,77,53"/><U87/><E110/><V95/><F72/><W81/><G34/><T7/><D74/><U84/><E28/><V63/><F37/><W127/><G127/><T128/><D30/><U101/><E101/><V126/><F111/><W11/><G134/><T121/><D133/><U45/><E52/><V92/><F135/><W96/><G96/><T105/><D105/><U98/><E98/><V42/><F9/><W120/><G120/><T117/><D117/><U16/><REACH who="1" step="1"/><E83/><REACH who="1" ten="217,223,233,317" step="2"/><V57/><F124/><W103/><G103/><T119/><D97/><U116/><E116/><V32/><F126/><W109/><G109/><T125/><D102/><U56/><E56/><V27/><F57/><W114/><G118/><T59/><D58/><U60/><AGARI ba="0,1" hai="8,12,16,38,40,45,60,62,64,66,69,70,84,87" machi="60" ten="30,18000,2" yaku="1,1,0,1,9,1,52,2,54,1,53,1" doraHai="67" doraHaiUra="10" who="1" fromWho="1" sc="217,-60,223,190,233,-60,317,-60" /><INIT seed="1,1,0,1,4,73" ten="157,413,173,257" oya="1" hai0="128,120,7,84,118,39,91,101,135,97,69,116,20" hai1="129,46,75,41,61,18,86,0,29,62,83,33,100" hai2="87,93,106,134,56,81,31,13,45,10,96,95,99" hai3="43,114,28,112,36,27,111,71,103,88,16,115,92"/><U9/><E129/><V12/><F134/><W109/><G71/><T2/><D69/><U105/><E29/><V52/><F106/><W6/><G6/><T57/><D39/><U85/><E33/><V4/><F31/><W37/><G103/><T70/><D70/><U25/><E100/><V122/><F122/><W127/><G127/><T14/><D135/><U22/><E105/><V90/><F45/><W11/><G28/><T132/><D128/><U94/><E94/><N who="2" m="35851" /><F13/><N who="3" m="7231" /><G27/><T5/><D132/><U44/><E44/><V131/><F131/><W126/><G43/><T55/><D120/><U17/><E0/><V59/><F59/><W19/><G19/><T47/><D47/><U63/><E17/><V74/><F74/><W110/><G126/><T121/><D121/><U35/><E35/><V104/><F104/><W42/><G42/><T89/><D2/><U82/><E9/><V8/><F10/><W1/><G1/><T23/><D101/><U77/><REACH who="1" step="1"/><E83/><REACH who="1" ten="157,403,173,257" step="2"/><V21/><F21/><W125/><G125/><T80/><D20/><U51/><AGARI ba="1,1" hai="18,22,25,41,46,51,61,62,63,75,77,82,85,86" machi="51" ten="30,11700,0" yaku="1,1,2,1,0,1,52,1,53,0" doraHai="73" doraHaiUra="124" who="1" fromWho="1" sc="157,-40,403,130,173,-40,257,-40" /><INIT seed="1,2,0,4,3,21" ten="117,533,133,217" oya="1" hai0="96,31,71,114,47,120,64,130,55,90,35,46,28" hai1="43,42,57,109,107,33,102,103,104,16,89,4,126" hai2="119,75,77,101,25,41,91,97,8,49,45,52,5" hai3="115,51,99,29,132,38,79,6,78,111,87,82,56"/><U23/><E33/><V84/><F119/><W133/><G38/><T69/><D114/><U59/><E4/><V32/><F75/><W7/><G115/><T18/><D130/><U13/><E126/><V70/><F70/><W9/><G111/><T118/><D118/><U20/><E109/><V85/><F77/><N who="3" m="46543" /><G99/><T37/><D96/><U125/><E125/><V116/><F116/><W12/><G6/><T65/><D35/><U10/><E89/><V11/><F41/><W53/><G29/><T2/><D37/><U81/><E81/><V58/><F45/><W24/><G24/><T36/><D36/><U100/><E104/><V94/><F5/><W98/><G98/><T17/><D90/><U48/><E107/><V92/><REACH who="2" step="1"/><F85/><REACH who="2" ten="117,533,123,217" step="2"/><W62/><G78/><T3/><REACH who="0" step="1"/><D120/><REACH who="0" ten="107,533,123,217" step="2"/><U122/><E122/><V86/><F86/><W50/><G79/><T131/><D131/><U54/><E59/><V74/><F74/><W15/><G132/><T39/><D39/><U27/><E57/><V110/><F110/><W113/><G133/><T106/><D106/><U14/><E42/><V127/><F127/><W129/><G113/><T63/><D63/><U83/><E43/><V80/><F80/><W19/><G129/><T134/><D134/><U121/><E83/><V105/><F105/><W66/><G66/><T0/><D0/><U135/><E135/><V93/><F93/><W88/><G88/><T112/><D112/><U67/><E67/><V60/><F60/><W117/><G117/><T30/><D30/><AGARI ba="2,2" hai="8,11,25,30,32,49,52,58,84,91,92,94,97,101" machi="30" ten="40,5200,0" yaku="1,1,52,1,54,1,53,0" doraHai="21" doraHaiUra="1" who="2" fromWho="0" sc="107,-58,533,0,123,78,217,0" /><INIT seed="2,0,0,4,1,62" ten="49,533,201,217" oya="2" hai0="21,121,22,114,56,72,106,82,6,58,19,118,89" hai1="97,57,48,50,43,67,102,104,28,63,38,116,68" hai2="105,54,47,98,59,24,71,85,79,92,4,70,27" hai3="39,3,32,29,74,91,132,8,124,131,45,46,103"/><V18/><F105/><W86/><G74/><T122/><D106/><U12/><E116/><V128/><F4/><W2/><G103/><T101/><D101/><U123/><E123/><V66/><F128/><W112/><G131/><T126/><D114/><U134/><E134/><V61/><F71/><W100/><G100/><T94/><D118/><U76/><E76/><V17/><F70/><W65/><G32/><T20/><D126/><U60/><E28/><V84/><F47/><W81/><G29/><T75/><D19/><N who="2" m="7178" /><F54/><W78/><G46/><T40/><D40/><U80/><E12/><V87/><F79/><W35/><G45/><T93/><D6/><U64/><E43/><V119/><F119/><W53/><G78/><T30/><D30/><U13/><E38/><V73/><F73/><N who="0" m="28234" /><D82/><U36/><E36/><V88/><AGARI ba="0,0" hai="24,27,59,61,66,84,85,87,88,92,98" m="7178" machi="88" ten="30,6000,0" yaku="8,1,52,1,54,1" doraHai="62" who="2" fromWho="2" sc="49,-20,533,-20,201,60,217,-20" /><INIT seed="2,1,0,5,1,76" ten="29,513,261,197" oya="2" hai0="44,12,70,23,39,98,103,20,29,79,89,111,90" hai1="106,131,42,48,16,83,52,64,30,38,9,35,71" hai2="72,5,18,130,47,26,85,36,8,91,0,53,21" hai3="99,2,97,27,118,45,121,15,114,87,127,13,37"/><V68/><F68/><W41/><G118/><T84/><D70/><U17/><E106/><V75/><F130/><W104/><G121/><T78/><D111/><U32/><E30/><V46/><F46/><W43/><G2/><T74/><D39/><U82/><E32/><V128/><F128/><W94/><G127/><T95/><D44/><N who="1" m="23639" /><E35/><V31/><F31/><W63/><G114/><T77/><D74/><U105/><E9/><V116/><F116/><W81/><G104/><T25/><D20/><U88/><E88/><V59/><F47/><W54/><G37/><T69/><D69/><U6/><E6/><V22/><F22/><W7/><G27/><T57/><D12/><N who="3" m="4681" /><G7/><T10/><D10/><U135/><E135/><V125/><F125/><W11/><G11/><T67/><REACH who="0" step="1"/><D84/><REACH who="0" ten="19,513,261,197" step="2"/><U1/><E131/><V124/><F124/><W80/><G87/><T113/><D113/><U115/><E1/><V102/><F36/><W34/><G34/><T51/><D51/><U4/><E115/><V50/><REACH who="2" step="1"/><F102/><REACH who="2" ten="19,513,251,197" step="2"/><W19/><G45/><T93/><D93/><AGARI ba="1,2" hai="0,5,8,18,21,26,50,53,59,72,75,85,91,93" machi="93" ten="30,11600,0" yaku="1,1,2,1,7,1,53,1" doraHai="76" doraHaiUra="3" who="2" fromWho="0" sc="19,-119,513,0,251,139,197,0" owari="-100,-60.0,513,61.0,390,19.0,197,-20.0" /></mjloggm>