<mjloggm ver="2.3"><GO type="41" lobby="0"/><UN n0="%E3%82%A6%E3%83%AB%E3%83%88%E3%83%A9%E7%AB%8B%E7%9B%B4" n1="%47%44%41%2D%41" n2="%E3%83%AF%E3%82%A4%E3%83%AB%E3%83%89%E3%83%BB%E3%82%BB%E3%83%B4%E3%83%B3" n3="%E3%82%AA%E3%83%AA%E3%82%B9" dan="15,15,14,13" rate="2014.08,1991.27,1860.49,1879.52" sx="M,M,M,M"/><TAIKYOKU oya="0"/><INIT seed="0,0,0,4,4,42" ten="250,250,250,250" oya="0" hai0="115,73,69,10,27,63,0,90,122,116,76,121,45" hai1="86,72,97,48,68,7,81,134,110,67,124,113,15" hai2="92,25,38,107,44,82,13,18,135,6,98,80,40" hai3="103,111,120,39,8,11,125,95,19,50,65,12,132"/><T56/><D76/><U4/><E113/><V106/><F135/><W23/><G39/><T91/><D73/><U51/><E134/><V104/><F6/><W128/><G132/><T49/><D91/><U100/><E124/><V70/><F70/><W88/><G125/><T105/><D105/><U3/><E110/><V21/><REACH who="2" step="1"/><F13/><REACH who="2" ten="250,250,240,250" step="2"/><W14/><G111/><T9/><D0/><U31/><E3/><V5/><F5/><W74/><G120/><T16/><D69/><U96/><E15/><V127/><F127/><W64/><G14/><T119/><D115/><U109/><E7/><V28/><F28/><W66/><G128/><T55/><D122/><U54/><E4/><V41/><F41/><W118/><G118/><T35/><D121/><U43/><E31/><V30/><F30/><W102/><G74/><T93/><D119/><U71/><E43/><V2/><F2/><W101/><G50/><T117/><D117/><U32/><E51/><V85/><F85/><AGARI ba="0,1" hai="8,11,12,19,23,64,65,66,85,88,95,101,102,103" machi="85" ten="40,2600,0" yaku="8,1,54,1" doraHai="42" who="3" fromWho="2" sc="250,0,250,0,240,-26,250,36" /><INIT seed="1,0,0,5,0,129" ten="250,250,214,286" oya="1" hai0="126,93,70,66,60,34,40,12,78,18,116,14,112" hai1="10,98,7,72,132,127,111,5,43,41,48,76,61" hai2="29,32,108,46,17,59,82,67,102,6,15,28,20" hai3="110,118,92,100,106,120,57,8,35,86,75,9,4"/><U2/><E132/><V56/><F108/><W74/><G35/><T69/><D34/><U45/><E127/><V44/><F6/><W49/><G106/><T21/><D112/><U79/><E111/><V22/><F32/><W83/><G110/><T55/><D116/><U27/><E72/><V3/><F3/><W85/><G120/><T47/><D126/><U81/><E5/><V0/><F0/><W13/><G75/><T71/><D78/><U38/><E43/><V133/><F102/><W128/><G128/><T104/><D104/><U130/><E130/><V23/><F23/><W77/><G118/><T30/><D30/><U122/><E122/><V95/><F95/><W51/><G100/><T50/><D93/><U42/><E27/><V105/><F105/><W19/><G92/><T113/><D113/><U109/><E109/><V101/><F101/><W107/><G107/><T94/><D94/><U124/><E98/><V64/><F15/><W52/><REACH who="3" step="1"/><G49/><REACH who="3" ten="250,250,214,276" step="2"/><T96/><D96/><U80/><E124/><V103/><F103/><W1/><AGARI ba="0,1" hai="1,4,8,9,13,19,51,52,57,74,77,83,85,86" machi="1" ten="20,8000,1" yaku="1,1,2,1,0,1,7,1,54,1,53,0" doraHai="129" doraHaiUra="68" who="3" fromWho="3" sc="250,-20,250,-40,214,-20,276,90" /><INIT seed="2,0,0,5,5,82" ten="230,210,194,366" oya="2" hai0="126,83,35,132,107,24,118,32,84,3,0,67,101" hai1="73,23,60,92,99,131,41,80,51,20,129,5,1" hai2="28,125,27,19,128,16,54,15,113,75,127,106,111" hai3="46,94,12,57,63,58,109,65,119,81,44,36,135"/><V90/><F113/><W85/><G119/><T47/><D118/><U87/><E73/><V31/><F75/><W49/><G36/><T115/><D115/><U4/><E60/><V61/><F106/><W7/><G135/><T116/><D116/><U130/><E41/><V69/><F128/><W68/><G94/><T21/><D132/><U93/><E51/><V45/><F111/><W62/><G109/><T22/><D126/><N who="2" m="48138" /><F45/><W71/><G71/><T64/><D101/><U50/><E50/><V59/><F69/><W100/><G100/><T26/><D83/><U38/><E38/><V123/><F123/><W102/><G102/><T97/><D97/><U40/><E40/><V37/><F37/><W43/><G68/><T79/><D79/><N who="1" m="46495" /><E93/><V55/><F55/><W112/><G112/><T89/><D47/><U74/><E74/><V95/><F15/><W134/><G46/><T56/><D56/><N who="3" m="21609" /><G65/><T72/><D72/><U121/><E121/><V120/><F120/><W114/><G134/><T52/><D52/><U2/><E2/><V78/><F78/><N who="3" m="46263" /><G114/><T70/><D70/><U103/><E1/><V8/><F8/><AGARI ba="0,0" hai="7,8,12,43,44,49,62,63" m="46263,21609" machi="8" ten="30,3900,0" yaku="25,1,8,1,52,1" doraHai="82" who="3" fromWho="2" sc="230,0,210,0,194,-39,366,39" /><INIT seed="3,0,0,5,0,47" ten="230,210,155,405" oya="3" hai0="0,51,131,89,102,55,85,107,34,49,31,42,80" hai1="16,33,129,98,38,3,79,11,114,90,65,127,53" hai2="30,56,15,100,28,87,126,61,92,124,9,10,101" hai3="106,84,1,71,118,48,58,117,103,14,23,72,132"/><W35/><G72/><T112/><D0/><U130/><E33/><V50/><F10/><W121/><G71/><T120/><D120/><U8/><E38/><V25/><F30/><W93/><G35/><T45/><D131/><U104/><E114/><V32/><F61/><W27/><G1/><T99/><D112/><U67/><E79/><V62/><F62/><W105/><G121/><T77/><D31/><U41/><E41/><V69/><F69/><W26/><G26/><T63/><D34/><U2/><E127/><N who="2" m="48683" /><F87/><W68/><G68/><T78/><REACH who="0" step="1"/><D63/><REACH who="0" ten="220,210,155,405" step="2"/><U59/><E130/><V88/><F92/><W20/><G93/><T134/><D134/><U82/><E129/><V44/><F88/><W135/><G132/><T22/><D22/><U110/><E3/><V115/><F115/><W24/><G23/><T91/><D91/><U60/><E2/><V76/><F76/><W5/><G135/><T13/><D13/><U81/><E90/><V19/><F56/><AGARI ba="0,1" hai="42,45,49,51,55,56,77,78,80,85,89,99,102,107" machi="56" ten="30,8000,1" yaku="1,1,7,1,52,2,53,1" doraHai="47" doraHaiUra="54" who="0" fromWho="2" sc="220,90,210,0,155,-80,405,0" /><INIT seed="4,0,0,2,3,18" ten="310,210,75,405" oya="0" hai0="62,14,30,17,133,15,8,120,60,118,98,119,83" hai1="41,79,39,1,48,117,25,7,87,16,72,81,89" hai2="134,40,135,51,10,96,71,106,56,35,73,58,76" hai3="23,31,124,101,80,116,88,20,11,90,110,115,121"/><T13/><D62/><U49/><E117/><N who="0" m="44553" /><D60/><U129/><E129/><V78/><F71/><W37/><G37/><T74/><D98/><U104/><E104/><V114/><F35/><W52/><G116/><T12/><D83/><U107/><E107/><V0/><F106/><W47/><G110/><T68/><D74/><U28/><E28/><V67/><F96/><W50/><G115/><T65/><D65/><U27/><E27/><V128/><F114/><W33/><G101/><T2/><D68/><U9/><E41/><V97/><F97/><W111/><G111/><T24/><D120/><U61/><E61/><V130/><F67/><W86/><G124/><T45/><D45/><U84/><E72/><V95/><F95/><W105/><G105/><T112/><D112/><U43/><E43/><V100/><F100/><W64/><G11/><T127/><D127/><U99/><E99/><V102/><F102/><W108/><G64/><T19/><D133/><N who="2" m="50698" /><F40/><W22/><G108/><T63/><D63/><U131/><E131/><N who="2" m="50219" /><F73/><W69/><G69/><T122/><D122/><U32/><E39/><V92/><F92/><W59/><G121/><T123/><D123/><U75/><E75/><V53/><F58/><W91/><REACH who="3" step="1"/><G59/><REACH who="3" ten="310,210,75,395" step="2"/><T34/><D2/><U42/><E1/><V132/><N who="2" m="50706" /><V93/><DORA hai="70" /><F93/><W82/><G82/><T94/><D94/><U103/><E81/><V26/><F26/><AGARI ba="0,1" hai="20,22,23,26,31,33,47,50,52,80,86,88,90,91" machi="26" ten="40,12000,2" yaku="1,1,52,3,54,2,53,0" doraHai="18,70" doraHaiUra="55,5" who="3" fromWho="2" sc="310,0,210,0,75,-120,395,130" owari="310,11.0,210,-19.0,-45,-55.0,525,63.0" /></mjloggm>