<mjloggm ver="2.3"><GO type="169" lobby="0"/><UN n0="%E3%82%A6%E3%83%AB%E3%83%88%E3%83%A9%E7%AB%8B%E7%9B%B4" n1="%E3%81%8A%E3%81%98%E3%81%95%E3%82%93" n2="%28%EF%BF%A3%28%E5%B7%A5%29%EF%BF%A3%29" n3="%55%4E%4B%4F%63%68%61%6E" dan="17,18,17,16" rate="2189.57,2262.49,2172.85,2125.15" sx="M,M,M,M"/><TAIKYOKU oya="0"/><INIT seed="0,0,0,0,3,54" ten="250,250,250,250" oya="0" hai0="124,92,32,114,135,132,120,69,116,121,93,73,85" hai1="97,5,87,17,99,29,36,28,12,94,123,8,9" hai2="115,37,59,134,91,77,103,66,60,16,31,79,20" hai3="117,118,110,70,43,98,56,90,58,75,33,2,100"/><T6/><D32/><U130/><E123/><V27/><F115/><W81/><G70/><T15/><D69/><U21/><E36/><V113/><F113/><W71/><G71/><T14/><D73/><U11/><E130/><V105/><F37/><W47/><G33/><T26/><D114/><U109/><E109/><V76/><F134/><N who="0" m="51242" /><D116/><U112/><E112/><V88/><F105/><W83/><G110/><T44/><D124/><U125/><E125/><V127/><F103/><W3/><G117/><T52/><D26/><U86/><E5/><V108/><F108/><W106/><G118/><T13/><D6/><U46/><E46/><V101/><F101/><W41/><G2/><T25/><D25/><U72/><E72/><V84/><F127/><W30/><G3/><T45/><D85/><N who="1" m="32267" /><E99/><V61/><F61/><W10/><G30/><T133/><N who="0" m="51250" /><T19/><DORA hai="53" /><D19/><U129/><E129/><V18/><REACH who="2" step="1"/><F91/><AGARI ba="0,0" hai="8,9,11,12,17,21,28,29,91,94,97" m="32267" machi="91" ten="30,1000,0" yaku="8,1" doraHai="54,53" who="1" fromWho="2" sc="250,0,250,10,250,-10,250,0" /><INIT seed="1,0,0,3,3,27" ten="250,260,240,250" oya="1" hai0="48,84,124,65,117,97,37,120,115,74,38,110,96" hai1="134,106,44,11,28,55,116,132,99,91,29,73,77" hai2="25,81,30,72,131,4,90,24,7,78,125,0,122" hai3="16,95,45,42,52,26,49,68,76,127,89,113,135"/><U111/><E116/><V2/><F122/><W34/><G113/><T56/><D84/><U75/><E111/><V10/><F125/><W3/><G127/><T51/><D96/><U43/><E55/><V9/><F131/><W23/><G135/><N who="1" m="51754" /><E11/><V101/><F101/><W20/><G3/><T1/><D97/><U63/><E63/><V71/><F71/><W12/><G68/><T46/><D1/><U94/><E106/><V39/><F39/><W102/><G76/><T108/><D117/><U35/><E35/><V62/><F62/><W103/><G34/><T133/><D133/><U5/><E5/><V85/><REACH who="2" step="1"/><F30/><REACH who="2" ten="250,260,230,250" step="2"/><N who="1" m="11881" /><E77/><V88/><F88/><W13/><G42/><T31/><D110/><U79/><E79/><V21/><F21/><W92/><G23/><T100/><D108/><U33/><E33/><V32/><F32/><W128/><G128/><T60/><D124/><U22/><E22/><V69/><F69/><W126/><G126/><T6/><D60/><U57/><E57/><V93/><AGARI ba="0,1" hai="0,2,4,7,9,10,24,25,72,78,81,85,90,93" machi="93" ten="20,5200,0" yaku="1,1,0,1,7,1,9,1,53,0" doraHai="27" doraHaiUra="123" who="2" fromWho="2" sc="250,-13,260,-26,230,62,250,-13" /><INIT seed="2,0,0,2,0,71" ten="237,234,292,237" oya="2" hai0="26,124,117,95,101,31,120,7,37,107,47,82,73" hai1="56,66,39,8,17,77,54,35,33,10,67,49,128" hai2="87,102,130,104,133,105,61,59,113,15,64,24,5" hai3="108,80,13,36,2,25,99,42,90,127,53,12,92"/><V93/><F130/><W96/><G2/><T129/><D120/><U84/><E128/><V110/><F113/><W27/><G127/><T68/><D117/><U18/><E35/><V81/><F133/><W85/><G108/><T6/><D124/><U40/><E33/><V11/><F110/><W14/><G96/><T114/><D114/><U115/><E115/><V118/><F118/><W30/><G53/><T88/><D68/><U109/><E109/><V103/><F24/><W75/><G75/><T121/><D121/><U126/><E126/><V111/><F111/><W100/><REACH who="3" step="1"/><G30/><REACH who="3" ten="237,234,292,227" step="2"/><T9/><D129/><U43/><E54/><V65/><F65/><W106/><G106/><T48/><D107/><U32/><E66/><V34/><F104/><W86/><G86/><T52/><D73/><U112/><E84/><V44/><F105/><W78/><G78/><T76/><D76/><U0/><E77/><V97/><F97/><W1/><G1/><T41/><D31/><U74/><E0/><V4/><F64/><W122/><G122/><T55/><D55/><U125/><E67/><V45/><F87/><W28/><G28/><T16/><D52/><U69/><E125/><V79/><F79/><W119/><G119/><T91/><D101/><U50/><E74/><V134/><F102/><W131/><G131/><T132/><D91/><U58/><E112/><V63/><F103/><W123/><G123/><T3/><D88/><U23/><E69/><V89/><F89/><W29/><G29/><T94/><D3/><U62/><E32/><V20/><F59/><W38/><G38/><RYUUKYOKU ba="0,1" sc="237,-10,234,-10,292,-10,227,30" hai3="12,13,14,25,27,36,42,80,85,90,92,99,100" /><INIT seed="3,1,1,0,4,73" ten="227,224,282,257" oya="3" hai0="54,114,64,28,65,99,42,67,50,45,93,57,87" hai1="58,25,83,61,66,82,71,36,91,21,15,111,9" hai2="19,17,104,84,1,101,123,5,132,41,24,49,100" hai3="20,86,11,92,33,112,59,14,130,115,32,29,23"/><W13/><G59/><T37/><D114/><U96/><E111/><V30/><F123/><W43/><G92/><T34/><D34/><U46/><E71/><V4/><F1/><W63/><G86/><T53/><D28/><N who="1" m="17455" /><E46/><V69/><F69/><W117/><G63/><N who="0" m="37999" /><D87/><U124/><E124/><V75/><F84/><W60/><G60/><T76/><D76/><U126/><E126/><V116/><F75/><W8/><G43/><N who="0" m="22767" /><D93/><N who="1" m="56383" /><E36/><V44/><F104/><W89/><G89/><T16/><D16/><AGARI ba="1,1" hai="9,15,16,58,61,66,82,83" m="56383,17455" machi="16" ten="30,2000,0" yaku="8,1,54,1" doraHai="73" who="1" fromWho="0" sc="227,-23,224,33,282,0,257,0" /><INIT seed="4,0,0,1,3,75" ten="204,257,282,257" oya="0" hai0="52,95,81,55,16,36,79,69,134,92,113,123,99" hai1="28,133,8,64,86,110,56,128,17,73,1,11,34" hai2="108,82,97,76,102,106,29,100,45,112,126,91,130" hai3="65,93,6,135,80,115,85,54,109,30,125,41,57"/><T5/><D36/><U117/><E73/><V116/><F108/><W101/><G109/><T31/><D69/><U66/><E110/><V27/><F112/><W46/><G115/><T71/><D123/><U90/><E117/><V20/><F126/><W2/><G125/><T61/><D71/><U68/><E68/><V38/><F130/><W39/><G65/><T32/><D113/><U21/><E34/><V48/><F38/><W26/><G135/><T37/><D37/><U77/><E28/><V62/><F116/><W121/><G121/><T105/><D5/><U3/><E3/><V114/><F62/><W118/><G118/><T0/><D0/><U78/><E128/><V127/><F127/><W50/><G6/><T24/><D134/><U42/><E42/><V103/><F91/><W96/><G2/><T88/><D61/><N who="1" m="37927" /><E66/><V70/><F70/><W40/><G39/><T129/><D129/><U98/><E98/><V59/><F59/><W104/><G57/><T53/><D105/><U33/><E33/><V35/><F35/><W131/><G104/><T120/><D120/><U14/><E1/><V74/><REACH who="2" step="1"/><F114/><REACH who="2" ten="204,257,272,257" step="2"/><W67/><G131/><T19/><REACH who="0" step="1"/><D95/><REACH who="0" ten="194,257,272,257" step="2"/><N who="1" m="54743" /><E133/><V58/><F58/><W111/><G111/><T23/><D23/><U83/><E83/><V25/><F25/><W122/><G80/><T107/><D107/><U94/><E94/><V12/><F12/><W15/><G15/><T124/><D124/><U4/><E21/><V43/><AGARI ba="0,2" hai="20,27,29,43,45,48,74,76,82,97,100,102,103,106" machi="43" ten="20,5200,0" yaku="1,1,0,1,7,1,52,1,53,0" doraHai="75" doraHaiUra="49" who="2" fromWho="2" sc="194,-26,257,-13,272,72,257,-13" /><INIT seed="5,0,0,5,1,125" ten="168,244,344,244" oya="1" hai0="101,31,133,64,115,127,124,61,102,77,57,131,81" hai1="84,90,36,24,43,107,52,56,85,12,46,49,120" hai2="25,60,45,58,123,32,93,114,86,69,76,99,30" hai3="59,42,68,128,48,11,98,26,27,94,79,119,16"/><U70/><E120/><V82/><F69/><W15/><G68/><T13/><D115/><U67/><E107/><V54/><F114/><W37/><G119/><T53/><D31/><U21/><E12/><V88/><REACH who="2" step="1"/><F45/><REACH who="2" ten="168,244,334,244" step="2"/><N who="3" m="25655" /><G37/><T66/><D127/><U50/><E70/><V104/><F104/><W4/><G79/><T72/><D124/><U83/><E67/><V106/><F106/><W20/><G128/><T111/><D66/><U95/><E36/><V113/><F113/><W18/><G59/><T116/><D64/><U122/><E122/><AGARI ba="0,1" hai="25,30,32,54,58,60,76,82,86,88,93,99,122,123" machi="122" ten="40,5200,0" yaku="1,1,54,1,53,1" doraHai="125" doraHaiUra="22" who="2" fromWho="1" sc="168,0,244,-52,334,62,244,0" /><INIT seed="6,0,0,4,5,5" ten="168,192,396,244" oya="2" hai0="51,56,97,36,60,96,92,102,63,39,95,75,15" hai1="106,17,41,0,119,2,73,62,72,125,76,84,29" hai2="57,91,68,35,10,34,49,113,100,14,66,55,26" hai3="53,132,13,25,59,40,135,77,32,65,9,122,43"/><V6/><F113/><W86/><G122/><T81/><D51/><U44/><E106/><V115/><F100/><W80/><G65/><T71/><D81/><U128/><E119/><V87/><F115/><W7/><G32/><T46/><D75/><U90/><E29/><V64/><F68/><W8/><G25/><T67/><D46/><U52/><E76/><V20/><F34/><W118/><G118/><T54/><REACH who="0" step="1"/><D15/><REACH who="0" ten="158,192,396,244" step="2"/><U109/><E73/><V85/><F49/><W130/><G130/><T61/><D61/><U99/><E72/><V33/><F14/><N who="3" m="5407" /><G135/><T79/><D79/><U82/><E128/><V133/><F26/><W110/><G132/><T23/><D23/><U30/><E62/><V48/><F20/><W18/><G110/><T98/><D98/><U107/><E109/><V70/><F33/><W114/><G114/><T126/><D126/><U123/><E125/><V101/><F35/><W58/><G58/><T93/><D93/><U16/><E0/><V94/><F57/><W27/><G27/><T129/><D129/><U19/><E2/><V124/><F124/><W127/><G127/><T47/><D47/><U112/><E112/><V42/><F133/><W117/><G117/><T105/><D105/><U103/><E107/><V88/><F94/><W45/><G45/><T83/><D83/><U116/><E82/><V28/><F70/><W69/><G69/><T12/><D12/><U134/><E44/><V111/><F111/><W24/><G24/><T78/><D78/><U131/><E134/><V108/><F108/><W11/><G77/><T50/><D50/><RYUUKYOKU ba="0,1" sc="158,30,192,-10,396,-10,244,-10" hai0="36,39,54,56,60,63,67,71,92,95,96,97,102" /><INIT seed="7,1,1,4,2,11" ten="188,182,386,234" oya="3" hai0="65,131,5,1,53,33,124,6,102,108,7,13,51" hai1="125,30,38,63,99,79,64,14,58,101,86,77,87" hai2="85,8,54,121,45,17,117,129,20,26,57,29,110" hai3="119,91,106,120,50,127,3,71,60,70,103,135,73"/><W24/><G91/><T31/><D108/><U44/><E125/><V52/><F110/><W15/><G50/><T48/><D1/><U68/><E68/><V89/><F117/><W94/><G94/><T39/><D39/><U98/><E38/><V93/><F129/><W113/><G24/><T4/><D124/><U55/><E30/><V128/><F128/><W118/><G60/><T56/><D131/><U97/><E101/><V122/><F45/><W109/><G103/><T130/><D130/><U132/><E132/><V76/><F76/><N who="1" m="29257" /><E14/><N who="2" m="7367" /><F57/><W21/><G3/><T47/><D33/><U62/><E62/><V115/><F115/><W88/><G73/><T9/><D31/><U96/><N who="1" m="24576" /><DORA hai="114" /><U41/><E41/><V104/><F104/><W112/><G106/><T123/><D123/><AGARI ba="1,1" hai="20,26,29,52,54,85,89,93,121,122,123" m="7367" machi="123" ten="30,3900,0" yaku="13,1,52,1,54,1" doraHai="11,114" who="2" fromWho="0" sc="188,-42,182,0,386,52,234,0" owari="146,-35.0,182,-22.0,438,54.0,234,3.0" /></mjloggm>