<mjloggm ver="2.3"><GO type="97" lobby="0"/><UN n0="%E9%A7%84%E5%A6%B9" n1="%68%61%6E%61%6E%61" n2="%E3%82%A6%E3%83%AB%E3%83%88%E3%83%A9%E7%AB%8B%E7%9B%B4" n3="%E8%8C%82%E5%8E%9F%E6%9C%80%E5%BC%B7" dan="14,14,14,13" rate="1902.50,1971.17,1942.86,1856.39" sx="F,M,M,M"/><TAIKYOKU oya="0"/><INIT seed="0,0,0,4,3,116" ten="250,250,250,250" oya="0" hai0="6,43,4,60,36,39,111,56,123,121,131,92,80" hai1="49,58,135,8,11,90,119,38,124,86,133,44,53" hai2="101,24,72,130,41,65,29,47,105,132,68,21,19" hai3="26,69,20,14,97,16,110,109,120,126,45,127,12"/><T23/><D80/><U10/><E119/><V78/><F132/><W18/><G69/><T94/><D23/><U31/><E31/><V40/><F130/><W112/><G45/><T125/><D43/><U55/><E124/><N who="3" m="47658" /><G97/><T34/><D34/><U96/><E96/><V93/><F105/><W114/><G120/><N who="0" m="46155" /><D111/><N who="3" m="42505" /><G26/><T82/><D125/><U28/><E28/><V128/><F72/><W51/><G51/><T76/><D131/><U22/><E22/><AGARI ba="0,0" hai="12,14,16,18,20,22,112,114" m="42505,47658" machi="22" ten="30,8000,1" yaku="18,1,14,1,34,2,54,1" doraHai="116" who="3" fromWho="1" sc="250,0,250,-80,250,0,250,80" /><INIT seed="1,0,0,0,1,48" ten="250,170,250,330" oya="1" hai0="24,99,32,104,0,70,98,18,93,2,47,50,35" hai1="9,45,60,79,59,128,53,90,20,97,72,12,68" hai2="73,75,42,58,6,81,69,101,17,15,23,87,135" hai3="109,129,64,22,8,108,41,14,11,13,66,46,91"/><U95/><E128/><V19/><F69/><W34/><G34/><T123/><D70/><U63/><E72/><V100/><F135/><W74/><G74/><T25/><D104/><U71/><E79/><V111/><F111/><W126/><G126/><T118/><D118/><U120/><E120/><V52/><F75/><W88/><G129/><T127/><D127/><U76/><E76/><N who="2" m="46503" /><F73/><W105/><G105/><T16/><D123/><U122/><E122/><V102/><F42/><W38/><G22/><T5/><D5/><U92/><E20/><N who="2" m="11327" /><F6/><W106/><G106/><T125/><D125/><U83/><E83/><V21/><F19/><W39/><G41/><T28/><D2/><U110/><E110/><V3/><F3/><W89/><G46/><T103/><D0/><U10/><E10/><V65/><F65/><W29/><G91/><T124/><D99/><U96/><E45/><V44/><F44/><W77/><G77/><T115/><D124/><U55/><E12/><V86/><F86/><W131/><G131/><T121/><D121/><U62/><E9/><V37/><F37/><W61/><G29/><T49/><D32/><U7/><E7/><V31/><F31/><W82/><G82/><T78/><D28/><U133/><E133/><V113/><F113/><W4/><G4/><T119/><D35/><U112/><E112/><V56/><F56/><W94/><G94/><T117/><D115/><U114/><E114/><V130/><F130/><W26/><G26/><T80/><D117/><U67/><E67/><V33/><F33/><W30/><G30/><T1/><D119/><RYUUKYOKU ba="0,0" sc="250,-15,170,-15,250,15,330,15" hai2="21,23,52,58,100,101,102" hai3="8,11,13,14,38,39,61,64,66,88,89,108,109" /><INIT seed="2,1,0,2,3,29" ten="235,155,265,345" oya="2" hai0="4,114,67,45,40,64,27,30,52,123,36,90,110" hai1="94,18,35,108,125,61,50,9,14,56,111,96,89" hai2="11,106,105,44,66,82,20,75,109,73,78,133,79" hai3="22,34,28,127,84,2,93,25,126,49,102,71,115"/><V32/><F66/><W57/><G71/><T134/><D114/><U7/><E125/><V39/><F20/><W124/><G2/><T31/><D123/><U65/><E50/><V116/><F116/><W43/><G115/><T62/><D110/><N who="1" m="42027" /><E7/><V55/><F55/><N who="3" m="31983" /><G43/><T80/><D134/><U37/><E37/><V16/><F16/><W122/><G122/><T42/><D42/><U99/><E99/><V17/><F17/><W117/><G117/><T1/><D30/><U131/><E131/><V26/><F11/><W76/><G76/><T112/><D112/><U51/><E51/><V107/><F133/><W132/><G132/><T13/><D1/><U0/><E0/><V23/><F23/><W74/><G74/><T68/><D64/><U83/><E83/><N who="2" m="45519" /><F109/><W24/><G24/><T5/><D13/><U59/><E59/><V104/><F104/><W63/><G63/><T69/><D69/><U3/><E3/><V100/><F100/><W6/><G6/><T86/><D52/><U87/><E96/><V130/><F130/><W72/><G72/><T135/><D135/><U60/><E60/><V15/><F15/><W38/><G38/><T47/><REACH who="0" step="1"/><D45/><REACH who="0" ten="225,155,265,345" step="2"/><U103/><E103/><V88/><F44/><W19/><G102/><T101/><D101/><U41/><E41/><V120/><F120/><W98/><G127/><T119/><D119/><U46/><E46/><V58/><F39/><W77/><G126/><T113/><D113/><U21/><E9/><V129/><F129/><W70/><G70/><T48/><D48/><U118/><E118/><V128/><F128/><RYUUKYOKU ba="1,1" sc="225,15,155,15,265,-15,345,-15" hai0="4,5,27,31,36,40,47,62,67,68,80,86,90" hai1="14,18,21,35,56,61,65,87,89,94" /><INIT seed="3,2,1,0,2,108" ten="240,170,250,330" oya="3" hai0="30,105,102,68,42,58,81,89,64,23,45,91,103" hai1="17,38,123,25,21,132,32,29,116,44,56,124,98" hai2="125,70,94,4,52,48,109,47,37,15,16,90,95" hai3="34,99,3,130,53,79,112,33,36,27,76,28,127"/><W96/><G36/><T82/><D68/><U0/><E123/><V24/><F70/><W106/><G130/><T11/><D11/><U39/><E132/><V10/><F37/><W69/><G3/><T73/><D73/><U62/><E124/><V133/><F125/><W107/><G127/><T74/><D74/><U12/><E116/><V35/><F133/><W49/><G69/><T13/><D105/><U75/><E75/><V117/><F117/><W93/><G33/><T92/><D89/><U113/><E98/><V97/><F109/><W41/><G99/><T86/><D58/><U100/><E100/><N who="0" m="38441" /><D64/><U2/><E2/><V88/><F35/><W59/><G41/><T55/><D42/><U78/><E78/><V119/><F119/><W57/><G57/><T84/><D84/><U60/><E60/><V126/><F126/><W87/><G79/><T20/><D30/><U118/><E118/><V51/><F51/><W31/><G31/><T121/><D121/><U26/><E26/><V83/><F83/><N who="0" m="31754" /><D13/><U22/><E22/><N who="2" m="13383" /><F94/><W54/><G107/><T6/><D6/><U66/><E44/><V115/><F90/><W19/><G106/><T128/><D128/><U114/><REACH who="1" step="1"/><E0/><REACH who="1" ten="240,160,250,330" step="2"/><V122/><F122/><W9/><G76/><T18/><D18/><U1/><E1/><V110/><F110/><W134/><G19/><T43/><D43/><U63/><E63/><V111/><F111/><W67/><G134/><T65/><D65/><U71/><E71/><V61/><F61/><W5/><G67/><T77/><D77/><U85/><E85/><V129/><F129/><RYUUKYOKU ba="2,2" sc="240,10,160,10,250,10,330,-30" hai0="20,23,45,55,86,91,92" hai1="12,17,21,25,29,32,38,39,56,62,66,113,114" hai2="4,10,15,47,48,52,88,95,97,115" owari="250,-15.0,170,-33.0,260,6.0,320,42.0" /></mjloggm>