<mjloggm ver="2.3"><GO type="193" lobby="0"/><UN n0="%E3%82%A4%E3%83%90%E3%83%8E%E3%83%93%E3%83%83%E3%83%81" n1="%E5%B0%B1%E6%B4%BB%E7%94%9F%40%E5%B7%9D%E6%9D%91%E8%BB%8D%E5%9B%A3" n2="%E5%83%A7%E6%AD%A3%E5%81%8F%E6%98%AD" n3="%61%69%72%62%69%72%64" dan="13,12,12,11" rate="1752.51,1822.20,1623.46,1582.00" sx="M,M,M,M"/><TAIKYOKU oya="0"/><INIT seed="0,0,0,3,5,10" ten="250,250,250,250" oya="0" hai0="107,66,98,23,26,108,125,121,28,129,132,4,96" hai1="126,106,99,56,5,78,111,3,36,27,33,105,49" hai2="110,102,47,135,72,64,120,24,97,65,62,50,13" hai3="74,101,51,122,45,15,59,8,80,19,83,12,2"/><T41/><D121/><U131/><E36/><V37/><F120/><W38/><G59/><T127/><D132/><U124/><E78/><V44/><F110/><W61/><G61/><T31/><D108/><U57/><E111/><V134/><F135/><W55/><G2/><T119/><D119/><U17/><E131/><V130/><F134/><W90/><G38/><T77/><D77/><U75/><E75/><V69/><F130/><W7/><G74/><T53/><D129/><U6/><E33/><V14/><F72/><W112/><G101/><T100/><D96/><U76/><E76/><V21/><F37/><W73/><G112/><T82/><D66/><N who="2" m="25706" /><F69/><W34/><G34/><T115/><D82/><U63/><E63/><V109/><F109/><W48/><G51/><T29/><D41/><U25/><E49/><V94/><F62/><W93/><G73/><T43/><D43/><U114/><E99/><V16/><F47/><W81/><G122/><T87/><D87/><U84/><E84/><V116/><F116/><W104/><G104/><T71/><D71/><U60/><E60/><V118/><F118/><W20/><G80/><T86/><D86/><AGARI ba="0,0" hai="7,8,12,15,19,20,45,48,55,81,83,86,90,93" machi="86" ten="30,7700,0" yaku="7,1,8,1,52,2" doraHai="10" who="3" fromWho="0" sc="250,-77,250,0,250,0,250,77" /><INIT seed="1,0,0,5,4,59" ten="173,250,250,327" oya="1" hai0="101,44,130,35,72,108,95,114,133,116,52,48,50" hai1="17,7,80,64,94,71,30,27,37,92,90,87,119" hai2="55,5,61,14,33,24,39,83,79,100,135,2,40" hai3="70,54,3,67,51,81,21,26,111,134,104,82,53"/><U88/><E119/><V105/><F135/><W13/><G104/><T9/><D114/><U49/><E37/><V121/><F121/><W99/><G3/><T97/><D116/><U110/><E110/><V106/><F5/><W34/><G34/><T127/><D108/><U98/><E7/><V91/><F14/><W36/><G36/><T42/><D133/><U38/><E38/><V57/><F2/><W117/><G13/><T123/><D130/><U62/><E17/><V11/><F91/><W22/><G111/><T68/><D127/><U56/><E49/><V128/><F11/><W4/><G4/><T76/><D35/><U75/><E75/><V77/><F128/><W6/><G6/><T124/><D68/><U28/><E71/><V32/><F100/><W16/><G22/><T65/><D65/><U1/><E1/><V129/><F129/><W125/><G125/><T131/><D131/><U103/><E27/><V78/><F83/><W69/><G69/><T45/><D124/><U8/><E8/><V25/><F40/><W86/><G134/><T89/><D9/><U19/><E19/><V60/><F39/><W120/><G120/><T41/><D41/><U12/><E12/><V107/><F55/><W126/><G54/><T43/><D43/><U85/><AGARI ba="0,0" hai="28,30,56,62,64,80,85,87,88,90,92,94,98,103" machi="85" ten="20,12000,1" yaku="0,1,7,1,8,1,52,1,54,1" doraHai="59" who="1" fromWho="1" sc="173,-40,250,120,250,-40,327,-40" /><INIT seed="1,1,0,3,0,8" ten="133,370,210,287" oya="1" hai0="57,71,47,120,20,118,6,80,36,69,58,88,126" hai1="117,29,67,12,73,101,32,10,85,89,48,115,103" hai2="50,26,38,104,90,92,76,124,31,59,45,52,27" hai3="24,7,53,16,135,78,17,46,51,62,77,75,33"/><U11/><E73/><V129/><F124/><W65/><G135/><T82/><D118/><U64/><E115/><V14/><F129/><W132/><G132/><T121/><D126/><U114/><E114/><V112/><F104/><W107/><G107/><T97/><D6/><U119/><E32/><V35/><F112/><W19/><G7/><T42/><D20/><U23/><E48/><V128/><F76/><W39/><G39/><T2/><D2/><U40/><E40/><V15/><F128/><W30/><REACH who="3" step="1"/><G75/><REACH who="3" ten="133,370,210,277" step="2"/><T99/><D121/><U109/><E109/><V60/><F38/><W28/><G28/><T127/><D120/><U86/><E29/><V44/><F27/><W95/><G95/><T72/><D127/><U63/><E119/><V122/><F122/><W102/><G102/><T4/><D72/><U111/><E117/><V74/><F74/><W21/><G21/><T34/><D4/><U79/><E111/><V100/><F100/><W70/><AGARI ba="1,1" hai="16,17,19,24,30,33,46,51,53,62,65,70,77,78" machi="70" ten="30,4000,0" yaku="1,1,0,1,54,1,53,0" doraHai="8" doraHaiUra="0" who="3" fromWho="3" sc="133,-11,370,-21,210,-11,277,53" /><INIT seed="2,0,0,1,2,11" ten="122,349,199,330" oya="2" hai0="72,70,59,116,133,83,44,31,122,89,73,1,82" hai1="110,52,7,117,9,40,111,53,25,113,94,61,126" hai2="109,63,119,124,41,66,28,38,45,101,33,57,88" hai3="0,77,36,56,114,104,47,120,92,39,15,20,30"/><V87/><F119/><W17/><G104/><T64/><D122/><U90/><E117/><V71/><F124/><W14/><G0/><T32/><D1/><U112/><E40/><V12/><F101/><W51/><G56/><T58/><D133/><U68/><E126/><V99/><F109/><N who="1" m="41481" /><E25/><V75/><F75/><W29/><G120/><T118/><D44/><U102/><E102/><V21/><F99/><W97/><G77/><T4/><D4/><U69/><E94/><V50/><F33/><W115/><G39/><T37/><D37/><U129/><E90/><V2/><F2/><W85/><G85/><T6/><D6/><U19/><E19/><V123/><F123/><W84/><G84/><T26/><D89/><U27/><E27/><V24/><F38/><W91/><G36/><T13/><D26/><U103/><E103/><V78/><F78/><W98/><G98/><T67/><D31/><N who="3" m="11785" /><G115/><N who="1" m="44106" /><E129/><V3/><F3/><W100/><G100/><T106/><D106/><U132/><E132/><V127/><F71/><N who="1" m="27209" /><E61/><V65/><F127/><W96/><G96/><T62/><D62/><U46/><E46/><V74/><F74/><W134/><G134/><T34/><D70/><U95/><E95/><N who="2" m="54687" /><F66/><W86/><G97/><T54/><D54/><N who="1" m="21099" /><E7/><V42/><F41/><N who="3" m="25071" /><G114/><T10/><D10/><AGARI ba="0,0" hai="9,10" m="21099,27209,44106,41481" machi="10" ten="40,8000,1" yaku="28,2,14,1,54,1" doraHai="11" who="1" fromWho="0" sc="122,-80,349,80,199,0,330,0" /><INIT seed="3,0,0,4,1,127" ten="42,429,199,330" oya="3" hai0="63,3,88,129,56,130,104,97,72,15,131,41,90" hai1="134,108,39,124,94,12,96,74,65,14,85,106,73" hai2="78,54,87,30,57,44,1,79,66,25,126,0,4" hai3="101,132,115,46,80,31,51,135,24,69,59,67,9"/><W38/><G115/><T43/><D3/><U60/><E39/><V76/><F126/><W82/><G38/><T17/><D72/><U117/><E117/><V68/><F68/><W49/><G69/><T50/><D97/><U64/><E106/><V77/><F4/><W114/><G114/><T118/><D104/><U99/><E108/><V42/><F66/><W125/><G101/><T93/><D118/><U23/><E124/><V35/><N who="2" m="19968" /><DORA hai="84" /><V48/><REACH who="2" step="1"/><F87/><REACH who="2" ten="42,429,189,330" step="2"/><W112/><G125/><T122/><D122/><U100/><E85/><V91/><F91/><N who="0" m="34858" /><D93/><U86/><E65/><V128/><F128/><N who="0" m="32770" /><T21/><DORA hai="11" /><D50/><AGARI ba="0,1" hai="0,1,25,30,35,42,44,48,50,54,57" m="19968" machi="50" ten="50,8000,1" yaku="1,1,53,3" doraHai="127,84,11" doraHaiUra="26,27,28" who="2" fromWho="0" sc="42,-80,429,0,189,90,330,0" owari="-38,-54.0,429,53.0,279,-12.0,330,13.0" /></mjloggm>