<mjloggm ver="2.3"><GO type="97" lobby="0"/><UN n0="%E5%B0%B1%E6%B4%BB%E7%94%9F%40%E5%B7%9D%E6%9D%91%E8%BB%8D%E5%9B%A3" n1="%31%38%34%EF%BC%A0%E5%B7%9D%E6%9D%91%E8%BB%8D%E5%9B%A3" n2="%64%61%61%61%61%61%61%61" n3="%E9%B3%B4%E3%81%8D%E3%81%AE%E7%AB%9C" dan="13,14,15,14" rate="1897.76,1997.13,2044.38,1962.30" sx="M,M,M,M"/><TAIKYOKU oya="0"/><INIT seed="0,0,0,2,1,105" ten="250,250,250,250" oya="0" hai0="52,14,45,40,88,114,28,113,57,62,10,66,95" hai1="30,46,86,25,51,78,2,69,82,124,55,85,79" hai2="13,84,73,63,9,27,127,77,112,47,97,34,49" hai3="118,71,65,50,17,15,67,94,125,59,68,36,93"/><T121/><D121/><U32/><E124/><V54/><F112/><W43/><G118/><T42/><D28/><U48/><E69/><V72/><F127/><W33/><G125/><T129/><D129/><U41/><E2/><V60/><F97/><W0/><G33/><T76/><D76/><U1/><E1/><V22/><F34/><W117/><G0/><T64/><D113/><U11/><E11/><V70/><F84/><W74/><G74/><T128/><D128/><U103/><E103/><V134/><F134/><W90/><G93/><T115/><D115/><U26/><E26/><V133/><F133/><W56/><G71/><T111/><D111/><U130/><E130/><V18/><F77/><W92/><G68/><T4/><D114/><U5/><E5/><V131/><F131/><W96/><G36/><T75/><D75/><U98/><E98/><V35/><F35/><W132/><G96/><N who="0" m="57447" /><D45/><U24/><E24/><V8/><F8/><W7/><G117/><T89/><D89/><U122/><E122/><V83/><F83/><W6/><G90/><T44/><D44/><U61/><E61/><V135/><F135/><W58/><G132/><T53/><D53/><U120/><E120/><V106/><F106/><W81/><G81/><T16/><D4/><U107/><E107/><V38/><F38/><W102/><G7/><T104/><D104/><U23/><E32/><V99/><F99/><N who="3" m="59751" /><G6/><T109/><D109/><U3/><E3/><V31/><F70/><W108/><G108/><T20/><D10/><U119/><E119/><V116/><F116/><W29/><G67/><AGARI ba="0,0" hai="14,16,20,40,42,52,57,62,64,66,67" m="57447" machi="67" ten="30,12000,1" yaku="6,1,8,1,54,3" doraHai="105" who="0" fromWho="3" sc="250,120,250,0,250,0,250,-120" /><INIT seed="0,1,0,1,4,106" ten="370,250,250,130" oya="0" hai0="20,74,89,43,25,132,8,34,120,125,86,61,28" hai1="75,62,96,92,44,80,83,117,88,77,126,124,131" hai2="69,54,30,103,119,37,84,46,33,110,45,24,40" hai3="10,57,98,4,64,76,134,94,102,63,112,123,59"/><T38/><D120/><U118/><E44/><V56/><F110/><W93/><G112/><T17/><D125/><N who="1" m="48235" /><E62/><V91/><F69/><W116/><G123/><T47/><D132/><U65/><E65/><V36/><F103/><W85/><G134/><T111/><D111/><U9/><E9/><V21/><F119/><N who="1" m="45577" /><E83/><V58/><F33/><W39/><G116/><T66/><D8/><U26/><E26/><V19/><F30/><W23/><G39/><T90/><D86/><U95/><E95/><V67/><F67/><W22/><G94/><T14/><REACH who="0" step="1"/><D74/><REACH who="0" ten="360,250,250,130" step="2"/><N who="1" m="43063" /><E131/><V105/><F105/><W50/><G10/><T104/><D104/><U31/><E31/><V12/><F84/><W122/><G85/><T68/><AGARI ba="1,1" hai="14,17,20,25,28,34,38,43,47,61,66,68,89,90" machi="68" ten="20,3900,0" yaku="1,1,0,1,7,1,53,0" doraHai="106" doraHaiUra="2" who="0" fromWho="0" sc="360,52,250,-14,250,-14,130,-14" /><INIT seed="0,2,0,3,3,68" ten="412,236,236,116" oya="0" hai0="127,73,100,48,130,91,126,128,4,89,78,102,123" hai1="13,82,134,44,54,33,1,5,96,87,41,125,104" hai2="71,47,61,121,2,103,57,10,112,35,52,64,62" hai3="14,12,131,122,67,18,0,93,117,83,106,8,30"/><T40/><D4/><U32/><E134/><V119/><F112/><W88/><G106/><T79/><D48/><U135/><E135/><V26/><F121/><W65/><G117/><T72/><D40/><U50/><E125/><V118/><F103/><W129/><G122/><AGARI ba="2,0" hai="72,73,78,79,89,91,100,102,122,123,126,127,128,130" machi="122" ten="25,12000,1" yaku="22,2,34,3" doraHai="68" who="0" fromWho="3" sc="412,126,236,0,236,0,116,-126" owari="538,63.0,236,4.0,236,-16.0,-10,-51.0" /></mjloggm>