<mjloggm ver="2.3"><GO type="97" lobby="0"/><UN n0="%54%4F%4B%59%4F%4B%49%44" n1="%E6%B7%BB%E5%89%8A%EF%BC%94%E6%AE%B5" n2="%E9%87%8E%E8%8F%9C%EF%BC%91%E6%97%A5" n3="%E3%82%A6%E3%83%AB%E3%83%88%E3%83%A9%E7%AB%8B%E7%9B%B4" dan="15,14,13,13" rate="1994.60,1990.41,1851.64,1886.36" sx="M,F,M,M"/><TAIKYOKU oya="0"/><INIT seed="0,0,0,2,2,81" ten="250,250,250,250" oya="0" hai0="14,104,118,107,66,31,86,78,37,125,99,94,73" hai1="95,11,133,42,43,111,79,131,109,120,40,82,75" hai2="123,67,80,52,83,28,98,13,129,53,121,24,85" hai3="128,61,35,23,7,25,64,84,72,26,70,90,108"/><T4/><D37/><U59/><E120/><V122/><F67/><W8/><G72/><T32/><D118/><U55/><E133/><V91/><F129/><W69/><G128/><T47/><D47/><U132/><E132/><V18/><F98/><W21/><G108/><T1/><D125/><U36/><E131/><V56/><F83/><W112/><G112/><T17/><D66/><U92/><E11/><V106/><F106/><W51/><G51/><T124/><D124/><U41/><E36/><V76/><F76/><W57/><G35/><T110/><D73/><U119/><E119/><V127/><F127/><W50/><G50/><T0/><D110/><N who="1" m="41995" /><E41/><V29/><F29/><W126/><G126/><T115/><D115/><U3/><E3/><V34/><REACH who="2" step="1"/><F56/><REACH who="2" ten="250,250,240,250" step="2"/><W19/><G57/><T102/><D31/><U77/><E77/><V89/><F89/><W65/><G65/><T88/><D78/><U100/><E100/><V74/><F74/><W38/><G64/><T68/><D107/><U33/><E95/><V134/><F134/><W49/><G69/><T9/><D68/><U116/><E92/><V12/><F12/><W63/><G70/><T6/><D0/><U96/><E96/><V105/><F105/><W87/><G90/><T10/><D1/><U16/><E116/><V114/><F114/><W2/><G2/><T113/><D113/><U93/><E93/><V48/><F48/><W45/><G49/><T60/><D104/><U130/><E130/><V27/><F27/><W62/><G38/><T135/><D135/><U54/><E79/><V58/><F58/><RYUUKYOKU ba="0,1" sc="250,-10,250,-10,240,30,250,-10" hai2="13,18,24,28,34,52,53,80,85,91,121,122,123" /><INIT seed="1,1,1,5,2,27" ten="240,240,270,240" oya="1" hai0="66,36,117,76,24,124,43,131,33,47,110,114,105" hai1="11,44,31,18,17,58,53,1,91,14,73,30,130" hai2="20,81,118,97,21,39,84,37,75,85,103,8,93" hai3="134,4,99,13,123,63,6,59,15,79,52,88,109"/><U28/><E73/><V127/><F118/><W74/><G74/><T120/><RYUUKYOKU type="yao9" ba="1,1" sc="240,0,240,0,270,0,240,0" hai0="24,33,36,43,47,66,76,105,110,114,117,120,124,131" /><INIT seed="1,2,1,4,2,109" ten="240,240,270,240" oya="1" hai0="0,52,131,37,90,110,8,95,107,62,49,91,19" hai1="97,6,48,129,103,81,35,100,40,87,14,39,29" hai2="132,15,26,68,111,58,57,65,12,127,71,80,67" hai3="83,133,108,72,13,130,24,74,47,20,76,66,4"/><U104/><E39/><V30/><F132/><W92/><G108/><T28/><D37/><U43/><E129/><V106/><F111/><W96/><G133/><T69/><D107/><U60/><E103/><V125/><F106/><W18/><G130/><T78/><D131/><U115/><E115/><V94/><F94/><W11/><G66/><N who="2" m="25097" /><F80/><W25/><G47/><T116/><D116/><U126/><E60/><V102/><F102/><W51/><G51/><T46/><D78/><U17/><E6/><V113/><F113/><W122/><G122/><T77/><D77/><U61/><E61/><V135/><F135/><W117/><G117/><T93/><D69/><N who="2" m="26698" /><F30/><W31/><G74/><T1/><D28/><U34/><E126/><N who="2" m="48139" /><F26/><W128/><G128/><T36/><D110/><U134/><E134/><V27/><F27/><W55/><G25/><T98/><D36/><U54/><E29/><V105/><F105/><W42/><G31/><T89/><D62/><U124/><E124/><V16/><F16/><W41/><G92/><T86/><D91/><N who="1" m="51695" /><E35/><V63/><F63/><W79/><G79/><T2/><REACH who="0" step="1"/><D19/><REACH who="0" ten="230,240,270,240" step="2"/><U32/><E32/><V99/><F99/><W33/><G76/><T7/><AGARI ba="2,2" hai="0,1,2,7,8,46,49,52,86,89,90,93,95,98" machi="7" ten="30,7900,0" yaku="1,1,2,1,0,1,54,1,53,0" doraHai="109" doraHaiUra="120" who="0" fromWho="0" sc="230,105,240,-41,270,-22,240,-22" /><INIT seed="2,0,0,0,0,74" ten="335,199,248,218" oya="2" hai0="37,84,2,95,33,106,94,127,57,82,132,10,131" hai1="44,123,76,6,18,28,118,125,12,67,93,122,83" hai2="121,61,48,59,79,45,19,77,5,134,130,104,35" hai3="23,60,129,124,73,17,105,110,81,98,85,21,64"/><V97/><F121/><N who="1" m="46089" /><E125/><V86/><F35/><W8/><G73/><T29/><D106/><U40/><E118/><V49/><F130/><W65/><G110/><T50/><D131/><U66/><E28/><V13/><F134/><W116/><G116/><T133/><D37/><N who="1" m="21519" /><E93/><V111/><F5/><W115/><G115/><T71/><D127/><U101/><E101/><V108/><F86/><W89/><G124/><T87/><D29/><U92/><E92/><V46/><F104/><W3/><G129/><T102/><D33/><U39/><E6/><V41/><F97/><W24/><G105/><T53/><D102/><U69/><E69/><V20/><F59/><W80/><G98/><T51/><D71/><U22/><E39/><V107/><F107/><W99/><G99/><T117/><D117/><U0/><E0/><V26/><F61/><W15/><G3/><T25/><D2/><U90/><E90/><V100/><F100/><W96/><G96/><T7/><D7/><U9/><E9/><V112/><F112/><W52/><G80/><T114/><D10/><U135/><E135/><V62/><F62/><W34/><G34/><T16/><D114/><U32/><E32/><V27/><F27/><W56/><REACH who="3" step="1"/><G23/><REACH who="3" ten="335,199,248,208" step="2"/><N who="0" m="13543" /><D133/><U119/><E119/><V47/><F26/><W36/><G36/><T54/><D132/><U38/><E38/><V103/><F103/><W31/><AGARI ba="0,1" hai="8,15,17,21,24,31,52,56,60,64,65,81,85,89" machi="31" ten="20,12000,2" yaku="1,1,0,1,7,1,8,1,54,1,53,1" doraHai="74" doraHaiUra="4" who="3" fromWho="3" sc="335,-30,199,-30,248,-60,208,130" /><INIT seed="3,0,0,2,4,64" ten="305,169,188,338" oya="3" hai0="80,102,23,109,35,57,105,134,28,56,11,42,45" hai1="77,96,62,121,91,30,0,2,38,51,53,71,50" hai2="90,88,107,73,7,132,58,95,1,115,3,119,43" hai3="33,116,41,97,103,85,98,67,122,112,74,81,10"/><W117/><G33/><T46/><D109/><U113/><E113/><V84/><F119/><W110/><G41/><T6/><D134/><U4/><E121/><V68/><F115/><W34/><G34/><T104/><D35/><U17/><E0/><V106/><F73/><W24/><G112/><T19/><D28/><U108/><E108/><V48/><F43/><W54/><G110/><T63/><D80/><U65/><E30/><V40/><F40/><W52/><G74/><T55/><D102/><U135/><E135/><V47/><F132/><W76/><G67/><T13/><D56/><U59/><E77/><V114/><F114/><W133/><G133/><T37/><REACH who="0" step="1"/><D45/><REACH who="0" ten="295,169,188,338" step="2"/><U66/><E38/><V100/><F58/><W21/><G117/><T5/><D5/><U93/><E17/><V36/><F100/><W32/><G32/><T129/><D129/><U82/><E82/><V18/><F47/><W87/><G116/><T61/><D61/><U101/><E101/><V118/><F7/><W125/><G81/><T49/><D49/><N who="1" m="18443" /><E71/><V70/><F48/><W31/><G31/><T124/><D124/><U9/><E2/><AGARI ba="0,1" hai="2,6,11,13,19,23,37,42,46,55,57,63,104,105" machi="2" ten="30,2000,0" yaku="1,1,7,1,53,0" doraHai="64" doraHaiUra="83" who="0" fromWho="1" sc="295,30,169,-20,188,0,338,0" owari="325,13.0,149,-35.0,188,-21.0,338,43.0" /></mjloggm>