<mjloggm ver="2.3"><GO type="97" lobby="0"/><UN n0="%4B%6F%7A%6F%75%4A%50" n1="%E3%81%84%E3%81%9F%E3%81%A1%E9%87%8E%E9%83%8E" n2="%E3%82%A6%E3%83%AB%E3%83%88%E3%83%A9%E7%AB%8B%E7%9B%B4" n3="%E3%81%A9%E3%82%93%E3%82%88%E3%81%8F" dan="13,13,14,13" rate="1888.23,1851.65,1951.81,1840.43" sx="F,M,M,M"/><TAIKYOKU oya="0"/><INIT seed="0,0,0,4,0,79" ten="250,250,250,250" oya="0" hai0="53,41,45,42,51,110,2,108,19,7,55,59,65" hai1="33,87,14,46,89,9,77,29,76,132,101,5,111" hai2="131,84,130,63,81,10,47,90,70,44,126,28,24" hai3="105,23,118,92,73,80,11,21,17,117,8,107,88"/><T22/><D2/><U37/><E132/><V50/><F126/><W35/><G35/><T49/><D7/><U25/><E101/><V128/><F10/><W119/><G23/><T36/><D22/><U100/><E100/><V96/><F96/><W16/><G17/><T122/><D19/><U15/><E15/><V27/><F27/><W57/><G57/><N who="0" m="32943" /><D122/><U74/><E74/><V64/><REACH who="2" step="1"/><F50/><REACH who="2" ten="250,250,240,250" step="2"/><W116/><G116/><T67/><D42/><U82/><E111/><AGARI ba="0,1" hai="36,41,45,51,55,59,65,67,108,110,111" m="32943" machi="111" ten="30,11600,0" yaku="14,1,10,1,34,2" doraHai="79" who="0" fromWho="1" sc="250,126,250,-116,240,0,250,0" /><INIT seed="0,1,0,2,5,5" ten="376,134,240,250" oya="0" hai0="35,105,17,121,31,41,94,72,23,80,47,113,73" hai1="20,84,122,132,127,119,12,46,8,75,102,124,92" hai2="59,19,76,70,83,107,120,9,1,101,40,131,44" hai3="50,30,81,37,89,88,97,67,126,42,62,4,49"/><T114/><D121/><U7/><E75/><V36/><F70/><W103/><G126/><N who="1" m="48170" /><E122/><V79/><F79/><W13/><G37/><T87/><D105/><U61/><E119/><V55/><F120/><W18/><G4/><T106/><D106/><U115/><E115/><V24/><F131/><W74/><G30/><T16/><D17/><N who="1" m="10279" /><E132/><V98/><F24/><W93/><G42/><T117/><D117/><U66/><E46/><V53/><F59/><W63/><G74/><T11/><D114/><U85/><E102/><V52/><F19/><W130/><G130/><T68/><D68/><N who="1" m="42063" /><E92/><V28/><F28/><W27/><G27/><T43/><D113/><U21/><E21/><V104/><F104/><W99/><G81/><T77/><D73/><U91/><E91/><V95/><F107/><W29/><G29/><T86/><D94/><U78/><E78/><V110/><F110/><W45/><G63/><T57/><D72/><U15/><AGARI ba="1,0" hai="7,8,15,84,85" m="42063,10279,48170" machi="15" ten="30,2000,0" yaku="18,1,52,1" doraHai="5" who="1" fromWho="1" sc="376,-11,134,23,240,-6,250,-6" /><INIT seed="1,0,0,4,1,60" ten="365,157,234,244" oya="1" hai0="81,95,16,61,50,120,29,22,71,118,102,132,69" hai1="10,12,117,38,86,24,43,41,44,25,53,106,3" hai2="80,90,79,96,15,124,73,26,119,56,52,110,104" hai3="46,63,116,78,97,7,113,126,93,76,133,45,30"/><U88/><E106/><V28/><F119/><W94/><G113/><T74/><D120/><U101/><E117/><V49/><F110/><W123/><G116/><T83/><D118/><U72/><E72/><V47/><F124/><W58/><G123/><T70/><D132/><U39/><E3/><V131/><F131/><W5/><G133/><T114/><D114/><U9/><E101/><V85/><F15/><W103/><G126/><T128/><D128/><U107/><E107/><V135/><F135/><W18/><G30/><T112/><D112/><U111/><E10/><V13/><F13/><W17/><G94/><T89/><D29/><U4/><E111/><V1/><F1/><W115/><G76/><T48/><D74/><U14/><E14/><V55/><F104/><W75/><G78/><T105/><D105/><U23/><E53/><V27/><F96/><W57/><G75/><T127/><D71/><U99/><E99/><V21/><F27/><W91/><G115/><T65/><D70/><U32/><E32/><V68/><F68/><W19/><G103/><T98/><D127/><U20/><E43/><V40/><F56/><W122/><G122/><T67/><D67/><U33/><E39/><V121/><F121/><W108/><G57/><T35/><D35/><U54/><E54/><V87/><F73/><W34/><G34/><T64/><D64/><U62/><E62/><V66/><F66/><N who="3" m="39287" /><G108/><T59/><D69/><U37/><E37/><V0/><F0/><W130/><G130/><T2/><D2/><U82/><E33/><V31/><F31/><W42/><G42/><RYUUKYOKU ba="0,0" sc="365,-30,157,10,234,10,244,10" hai1="4,9,12,20,23,24,25,38,41,44,82,86,88" hai2="21,26,28,40,47,49,52,55,79,80,85,87,90" hai3="5,7,17,18,19,45,46,91,93,97" /><INIT seed="1,1,0,2,4,51" ten="335,167,244,254" oya="1" hai0="12,48,113,85,45,106,18,117,116,28,120,17,54" hai1="70,133,74,96,71,87,112,67,13,114,63,73,98" hai2="23,38,52,57,94,16,10,4,130,81,104,66,110" hai3="42,131,102,72,29,95,86,5,58,108,60,6,27"/><U84/><E133/><V8/><F104/><W119/><G72/><T22/><D106/><U0/><E13/><N who="2" m="9615" /><F38/><W135/><G119/><T9/><D113/><U134/><E134/><V11/><F110/><W36/><G135/><T83/><D28/><U127/><E63/><N who="2" m="36263" /><F130/><W44/><G131/><T75/><D75/><U80/><E67/><V39/><F39/><W79/><G108/><T97/><D97/><N who="1" m="37483" /><E70/><V15/><F66/><W78/><G78/><T65/><D65/><U14/><E14/><V21/><F94/><W61/><G79/><T115/><D115/><N who="1" m="44075" /><E71/><V43/><F43/><W68/><G68/><T76/><D120/><U129/><E0/><V26/><F81/><W128/><G128/><T7/><D17/><AGARI ba="1,0" hai="4,8,10,11,15,17,21,26" m="36263,9615" machi="17" ten="30,7700,0" yaku="8,1,52,1,54,2" doraHai="51" who="2" fromWho="0" sc="335,-80,167,0,244,80,254,0" /><INIT seed="2,0,0,4,2,87" ten="255,167,324,254" oya="2" hai0="22,50,48,11,115,68,112,128,124,101,23,47,59" hai1="65,116,25,82,92,20,31,13,37,49,97,83,122" hai2="3,61,98,45,131,24,54,35,55,85,12,57,14" hai3="5,93,79,26,0,36,81,111,109,132,4,104,67"/><V76/><F3/><W66/><G104/><T33/><D33/><U56/><E116/><V74/><F74/><W90/><G36/><T44/><D68/><U16/><E37/><V106/><F131/><W27/><G132/><T133/><D128/><U121/><E122/><V69/><F69/><W80/><G0/><T94/><D133/><U135/><E135/><V96/><F106/><W1/><G1/><T86/><D124/><U110/><E110/><V77/><F24/><W2/><G2/><T99/><D115/><U15/><E121/><V38/><F35/><W29/><G29/><T103/><D112/><U118/><E118/><V130/><F130/><W34/><G34/><T134/><D134/><U46/><E65/><V119/><F38/><W60/><G60/><T30/><D103/><U125/><E56/><V71/><F71/><W42/><G42/><N who="0" m="24599" /><D30/><U114/><E114/><V64/><F64/><W95/><G79/><N who="2" m="30281" /><F85/><W72/><G72/><T9/><D86/><U117/><E117/><V17/><F119/><W18/><G18/><T32/><D32/><U39/><E39/><V91/><F96/><W78/><G78/><T41/><D59/><U100/><E125/><V89/><F98/><W62/><G62/><T108/><D108/><U43/><REACH who="1" step="1"/><E13/><REACH who="1" ten="255,157,324,254" step="2"/><V102/><F12/><W75/><G75/><T52/><D41/><U53/><E53/><V123/><F123/><W107/><G107/><T28/><D23/><AGARI ba="0,1" hai="15,16,20,23,25,31,43,46,49,82,83,92,97,100" machi="23" ten="30,7700,0" yaku="1,1,7,1,8,1,54,1,53,0" doraHai="87" doraHaiUra="126" who="1" fromWho="0" sc="255,-77,157,87,324,0,254,0" /><INIT seed="3,0,0,2,3,62" ten="178,244,324,254" oya="3" hai0="25,122,121,43,22,36,126,108,5,77,11,123,42" hai1="49,17,115,135,55,102,16,37,9,80,33,14,120" hai2="81,2,88,127,103,24,19,58,133,26,50,111,85" hai3="31,124,101,68,4,109,27,97,84,45,95,10,35"/><W1/><G68/><T70/><D70/><U18/><E33/><V105/><F2/><W98/><G124/><T63/><D63/><U90/><E120/><V48/><F127/><W116/><G109/><T106/><D106/><U87/><E115/><V13/><F111/><W52/><G116/><T118/><D77/><U12/><E37/><V60/><F133/><W29/><G29/><N who="0" m="17591" /><D42/><U125/><E135/><V89/><F89/><W6/><G6/><T69/><D43/><U75/><E75/><V71/><F71/><W54/><G84/><T72/><D69/><U28/><E28/><V73/><F73/><W34/><G34/><T57/><D72/><U110/><E110/><V0/><F0/><W44/><G44/><T23/><D57/><N who="1" m="33007" /><E125/><V113/><F113/><W94/><REACH who="3" step="1"/><G45/><REACH who="3" ten="178,244,324,244" step="2"/><T39/><D108/><U67/><E87/><V59/><F59/><W93/><G93/><T100/><D118/><U76/><E80/><V104/><F104/><W38/><G38/><T107/><D126/><U30/><E30/><V82/><F82/><W64/><G64/><T41/><D39/><U112/><E67/><V114/><F114/><W86/><G86/><T119/><D36/><U130/><E112/><V66/><F105/><W132/><G132/><T53/><D119/><U129/><E130/><V78/><F78/><W20/><G20/><T21/><D122/><U74/><E129/><V7/><F7/><W51/><G51/><T65/><D121/><U3/><E76/><V61/><F50/><W79/><G79/><T47/><D123/><U96/><E74/><V15/><F48/><RYUUKYOKU ba="0,1" sc="178,-10,244,-10,324,-10,244,30" hai3="1,4,10,27,31,35,52,54,94,95,97,98,101" /><INIT seed="3,1,1,1,3,38" ten="168,234,314,274" oya="3" hai0="84,89,26,0,118,5,41,107,115,128,121,123,2" hai1="110,37,57,9,120,91,90,66,111,28,24,76,86" hai2="102,29,85,106,116,21,124,96,108,55,103,3,10" hai3="104,11,134,59,47,27,49,20,112,36,127,22,44"/><W105/><G112/><T119/><D107/><U32/><E120/><V81/><F116/><W30/><G134/><T50/><D115/><U58/><E37/><V70/><F70/><W52/><G127/><T13/><D128/><U78/><E9/><V12/><F124/><W114/><G114/><T95/><D26/><U31/><E31/><V48/><F3/><W63/><G36/><T132/><D132/><U1/><E1/><V82/><F108/><N who="1" m="41513" /><E91/><V33/><F33/><W79/><G79/><N who="1" m="30250" /><E66/><V117/><F117/><W101/><G101/><T87/><D119/><U16/><E16/><V40/><F82/><AGARI ba="1,1" hai="24,28,32,57,58,82,86,90" m="30250,41513" machi="82" ten="30,1000,0" yaku="14,1" doraHai="38" who="1" fromWho="2" sc="168,0,234,23,314,-13,274,0" owari="168,-33.0,257,-14.0,301,40.0,274,7.0" /></mjloggm>