<mjloggm ver="2.3"><GO type="169" lobby="0"/><UN n0="%E3%81%9F%E3%82%8D%E3%81%9F%E3%82%8D%2E" n1="%E3%82%A6%E3%83%AB%E3%83%88%E3%83%A9%E7%AB%8B%E7%9B%B4" n2="%E3%81%8A%E3%81%98%E3%81%95%E3%82%93" n3="%E3%81%8F%E3%83%BC%E3%82%84" dan="18,16,16,16" rate="2221.84,2104.73,2138.51,2101.96" sx="M,M,M,M"/><TAIKYOKU oya="0"/><INIT seed="0,0,0,2,1,110" ten="250,250,250,250" oya="0" hai0="31,117,11,75,83,111,79,129,99,38,42,51,113" hai1="35,65,40,116,7,81,45,122,95,131,124,82,64" hai2="6,77,8,62,128,104,132,12,17,21,91,98,88" hai3="33,67,66,100,26,90,106,10,72,73,59,50,30"/><T3/><D117/><U114/><E35/><V32/><F32/><W84/><G106/><T46/><D99/><U29/><E29/><V2/><F128/><W134/><G100/><T92/><D92/><U37/><E124/><V125/><F125/><W15/><G134/><T56/><D31/><U39/><E7/><V86/><F132/><W103/><G103/><T13/><D129/><U0/><E0/><V102/><REACH who="2" step="1"/><F62/><REACH who="2" ten="250,250,240,250" step="2"/><W63/><G67/><T135/><D135/><U97/><E65/><V74/><F74/><W76/><G76/><T108/><D108/><U36/><E64/><V9/><F9/><W61/><G61/><T118/><D111/><U115/><E131/><V85/><F85/><W52/><G84/><T58/><D118/><U87/><E116/><V34/><F34/><W43/><G73/><T89/><D75/><U133/><E133/><V96/><F96/><W53/><G72/><T1/><D11/><U47/><E122/><V80/><AGARI ba="0,1" hai="2,6,8,12,17,21,77,80,86,88,91,98,102,104" machi="80" ten="30,4000,0" yaku="1,1,0,1,54,1,53,0" doraHai="110" doraHaiUra="41" who="2" fromWho="2" sc="250,-20,250,-10,240,50,250,-10" /><INIT seed="1,0,0,2,1,97" ten="230,240,290,240" oya="1" hai0="61,73,21,89,90,84,65,55,82,86,17,4,103" hai1="51,0,52,101,81,132,122,47,119,7,105,124,99" hai2="92,32,1,113,27,130,72,30,135,42,133,56,115" hai3="123,2,104,28,67,39,110,66,127,22,60,62,88"/><U33/><E122/><V112/><F72/><W118/><G2/><T58/><D73/><U74/><E33/><V78/><F78/><W68/><G39/><T36/><D36/><U75/><E119/><V102/><F1/><W37/><G37/><T126/><D4/><U120/><E120/><V25/><F42/><W107/><G123/><T96/><D126/><U71/><E71/><V9/><F9/><W95/><G127/><T38/><D38/><U108/><E124/><V48/><F130/><W94/><G118/><T114/><D114/><U16/><E132/><N who="2" m="50763" /><F25/><W93/><G110/><T128/><D128/><U76/><E108/><V57/><F48/><W69/><G88/><T44/><D44/><U13/><E74/><V14/><F14/><W41/><G41/><T10/><D10/><U35/><E35/><V49/><F49/><W34/><G34/><T70/><D70/><U46/><E0/><V8/><F8/><W12/><REACH who="3" step="1"/><G12/><REACH who="3" ten="230,240,290,230" step="2"/><T83/><D65/><U24/><E24/><AGARI ba="0,1" hai="22,24,28,60,62,66,67,68,69,93,94,95,104,107" machi="24" ten="40,5200,0" yaku="1,1,2,1,9,1,53,0" doraHai="97" doraHaiUra="6" who="3" fromWho="1" sc="230,0,240,-52,290,0,230,62" /><INIT seed="2,0,0,5,5,117" ten="230,188,290,292" oya="2" hai0="71,4,23,103,43,6,45,101,107,60,124,86,115" hai1="100,108,85,82,48,89,38,119,131,44,41,98,65" hai2="40,121,77,7,22,5,21,50,76,62,29,105,63" hai3="92,1,123,13,70,56,68,90,10,0,32,36,130"/><V2/><F105/><W42/><G32/><T97/><D115/><U47/><E119/><V61/><F2/><W64/><G130/><T106/><D124/><U126/><E108/><V55/><F40/><W49/><G36/><T133/><D133/><U112/><E112/><V125/><F125/><W17/><G42/><T16/><D86/><U122/><E65/><V14/><F121/><W94/><G49/><T72/><D72/><U127/><E131/><V129/><F129/><W57/><G123/><T30/><D30/><U104/><REACH who="1" step="1"/><E122/><REACH who="1" ten="230,178,290,292" step="2"/><V102/><F102/><W110/><G64/><T31/><D101/><U95/><E95/><V20/><F29/><W96/><G110/><T132/><D106/><U91/><E91/><V67/><F67/><W25/><G90/><T84/><D31/><U114/><E114/><V59/><REACH who="2" step="1"/><F14/><REACH who="2" ten="230,178,280,292" step="2"/><W80/><G13/><T8/><D103/><U39/><E39/><V18/><F18/><W33/><G17/><T46/><D16/><U135/><E135/><V118/><F118/><W66/><G0/><T87/><D107/><U78/><E78/><AGARI ba="0,2" hai="5,7,20,21,22,50,55,59,61,62,63,76,77,78" machi="78" ten="40,3900,0" yaku="1,1,8,1,53,0" doraHai="117" doraHaiUra="79" who="2" fromWho="1" sc="230,0,178,-39,280,59,292,0" /><INIT seed="2,1,0,3,2,51" ten="230,139,339,292" oya="2" hai0="49,44,113,28,134,117,12,19,60,133,90,121,37" hai1="107,47,111,64,66,135,114,84,74,39,42,127,125" hai2="122,67,80,115,52,79,72,86,41,130,102,4,68" hai3="13,91,33,59,123,43,83,45,7,85,69,36,96"/><V48/><F122/><W131/><G69/><T26/><D121/><U119/><E74/><V103/><F115/><W104/><G33/><T77/><D113/><U98/><E119/><V70/><F72/><W57/><G123/><T101/><D37/><U112/><E112/><V61/><F70/><W27/><G131/><T97/><D77/><U65/><E114/><V11/><F41/><W55/><G27/><T87/><D60/><U118/><E118/><V35/><F35/><W124/><G124/><N who="1" m="47690" /><E111/><V128/><F128/><W62/><G59/><T132/><D117/><U75/><E75/><V53/><F130/><W105/><G96/><T20/><D101/><N who="1" m="62903" /><E84/><V93/><F93/><W76/><REACH who="3" step="1"/><G91/><REACH who="3" ten="230,139,339,282" step="2"/><T18/><D97/><U1/><E135/><V73/><F103/><W6/><G6/><T56/><D56/><U94/><E94/><V54/><F102/><W108/><G108/><T89/><D89/><U109/><E109/><V17/><F73/><W120/><G120/><T82/><REACH who="0" step="1"/><D12/><REACH who="0" ten="220,139,339,282" step="2"/><U3/><AGARI ba="1,2" hai="1,3,39,42,47,64,65,66" m="62903,47690" machi="3" ten="40,1500,0" yaku="18,1" doraHai="51" who="1" fromWho="1" sc="220,-5,139,38,339,-8,282,-5" /><INIT seed="3,0,0,3,0,34" ten="215,177,331,277" oya="3" hai0="2,14,36,109,119,27,132,105,12,38,33,82,37" hai1="20,71,48,51,46,25,60,106,41,79,112,50,6" hai2="122,96,76,78,4,22,77,108,84,30,58,44,125" hai3="0,113,115,72,24,8,52,13,42,31,32,28,127"/><W74/><G42/><T123/><D119/><U61/><E106/><V133/><F108/><W11/><G127/><T107/><D123/><U130/><E112/><V87/><F4/><W69/><G69/><T47/><D47/><U124/><E79/><V129/><F129/><W128/><G128/><T40/><D40/><U114/><E114/><V126/><F133/><W15/><G32/><T17/><D132/><U103/><E103/><V81/><F122/><W99/><G99/><T134/><D134/><U121/><E121/><V29/><F44/><W89/><G24/><T56/><D56/><U80/><E80/><N who="2" m="47111" /><F78/><W73/><G89/><T45/><D82/><U75/><E75/><V1/><F1/><W94/><G73/><T9/><D45/><U91/><E6/><V35/><F35/><W59/><G59/><T16/><D2/><U55/><E91/><V102/><F22/><W116/><G94/><T5/><D5/><U98/><E98/><V63/><F63/><N who="1" m="24137" /><E71/><V7/><F7/><W57/><G57/><T65/><D109/><U101/><E101/><V131/><F58/><W83/><G83/><T23/><REACH who="0" step="1"/><D65/><REACH who="0" ten="205,177,331,277" step="2"/><U18/><E130/><V21/><F131/><W10/><G116/><T90/><D90/><U68/><E68/><V97/><F126/><W118/><G118/><T62/><D62/><U49/><E124/><V39/><F125/><W100/><G115/><T70/><D70/><U67/><E67/><V135/><F135/><W92/><G113/><T88/><D88/><U117/><E117/><V104/><F81/><W19/><G0/><T120/><D120/><RYUUKYOKU ba="0,1" sc="205,15,177,15,331,-15,277,-15" hai0="9,12,14,16,17,23,27,33,36,37,38,105,107" hai1="18,20,25,41,46,48,49,50,51,55" /><INIT seed="4,1,1,4,5,11" ten="220,192,316,262" oya="0" hai0="101,42,4,52,54,74,97,78,30,105,60,93,111" hai1="41,16,22,125,51,50,39,65,49,61,44,62,34" hai2="71,103,45,24,135,59,94,31,73,37,91,17,115" hai3="132,128,72,23,46,113,120,8,86,63,26,85,40"/><T69/><D42/><U43/><E34/><V82/><F71/><W35/><G72/><T68/><D4/><U58/><E125/><V6/><F115/><W32/><G113/><T38/><D38/><U134/><E134/><V2/><F17/><W106/><G106/><T109/><D30/><U130/><E130/><V133/><F103/><W131/><G120/><T123/><D105/><U107/><E107/><V33/><F59/><W10/><G63/><T129/><D129/><N who="3" m="49737" /><G132/><T84/><D74/><U121/><E121/><V77/><F94/><W5/><G10/><T127/><D127/><U3/><E3/><V14/><F91/><W114/><G114/><T36/><D36/><U48/><E62/><V90/><F14/><N who="3" m="5391" /><G86/><T116/><D116/><U104/><E104/><V99/><F135/><W53/><G53/><N who="0" m="20587" /><D60/><U79/><E43/><N who="2" m="22767" /><F133/><W12/><G12/><T29/><D29/><U20/><E79/><V64/><F64/><W15/><G15/><T75/><D75/><U87/><E87/><V96/><F6/><W7/><G7/><T55/><N who="0" m="20595" /><T83/><DORA hai="47" /><D123/><U118/><N who="1" m="12288" /><DORA hai="122" /><U110/><E118/><V56/><F2/><W81/><G85/><T92/><D93/><U66/><E66/><V18/><F73/><W21/><G81/><T28/><D28/><U25/><REACH who="1" step="1"/><E22/><REACH who="1" ten="220,182,316,262" step="2"/><V19/><F33/><W119/><G21/><T117/><D117/><U9/><E9/><V1/><F1/><W0/><G119/><T102/><D102/><U27/><E27/><V89/><F24/><W13/><G0/><T70/><D70/><U100/><E100/><RYUUKYOKU ba="1,2" sc="220,15,182,15,316,-15,262,-15" hai0="68,69,78,83,84,92,97,101,109,111" hai1="16,20,25,39,41,44,58,61,65,110" /><INIT seed="4,2,2,5,0,68" ten="235,197,301,247" oya="0" hai0="76,116,106,34,74,37,90,55,69,67,31,23,127" hai1="103,125,101,93,38,105,122,123,42,95,96,7,73" hai2="63,119,126,91,121,128,89,39,78,12,21,134,5" hai3="16,22,49,51,92,25,70,85,79,43,0,97,124"/><T52/><D34/><U115/><E7/><V14/><F121/><W135/><G70/><T108/><D116/><U113/><E42/><V88/><F119/><W46/><G0/><T102/><D37/><U30/><E30/><V4/><F39/><W98/><G135/><T65/><D74/><U87/><E38/><V133/><F78/><W112/><G112/><N who="1" m="43082" /><E73/><V6/><F126/><W36/><G124/><T18/><D31/><U27/><E27/><V2/><F2/><W86/><G98/><T114/><D114/><U24/><E24/><V50/><F50/><W41/><G41/><T48/><D69/><U66/><E66/><N who="0" m="25097" /><D106/><U3/><E3/><V33/><F33/><W15/><G25/><T29/><D29/><U64/><E64/><V72/><F72/><W111/><G111/><T54/><D108/><U20/><E20/><V107/><F107/><W131/><G131/><T129/><D127/><U80/><E125/><V45/><F63/><W19/><G19/><T8/><D8/><U56/><E56/><V35/><F35/><W10/><G10/><T118/><D118/><U44/><E44/><V83/><F45/><W57/><G57/><N who="0" m="32903" /><D129/><U47/><E47/><V117/><F128/><W130/><G130/><T9/><D9/><U81/><E105/><V26/><F117/><W32/><G32/><T53/><D76/><N who="1" m="46471" /><E81/><V120/><F83/><W77/><G77/><T17/><D23/><U60/><E60/><V1/><F1/><W104/><G79/><T132/><D132/><N who="2" m="50794" /><F120/><W61/><G104/><T82/><D102/><U100/><E100/><V13/><F21/><RYUUKYOKU ba="2,2" sc="235,10,197,10,301,10,247,-30" hai0="17,18,53,54,55,82,90" hai1="93,95,96,101,103,122,123" hai2="4,5,6,12,13,14,26,88,89,91" /><INIT seed="4,3,2,3,4,4" ten="245,207,311,217" oya="0" hai0="34,111,32,0,120,8,127,96,117,101,82,128,22" hai1="9,109,37,88,26,104,16,15,41,72,44,64,5" hai2="113,1,124,60,42,66,87,10,78,93,29,47,51" hai3="30,59,46,48,6,45,56,105,58,75,95,92,84"/><T89/><D117/><U40/><E104/><V134/><F113/><W106/><G75/><T125/><D120/><U52/><E72/><V20/><F124/><N who="0" m="47690" /><D128/><U74/><E74/><V122/><F122/><W23/><G6/><N who="0" m="1095" /><D111/><U13/><E64/><V17/><F134/><W100/><G100/><T14/><D82/><U43/><E109/><V54/><F29/><W118/><G118/><T97/><D89/><U77/><E77/><V2/><F10/><W131/><G131/><T70/><D70/><U31/><E88/><V112/><F112/><W116/><G116/><T50/><D50/><N who="1" m="28743" /><E37/><V91/><F78/><W53/><G84/><T99/><D101/><U114/><E114/><V19/><F42/><W103/><G103/><T55/><D55/><U62/><E62/><V98/><F19/><AGARI ba="3,2" hai="14,19,22,32,34,96,97,99" m="1095,47690" machi="19" ten="30,2900,0" yaku="18,1,52,1" doraHai="4" who="0" fromWho="2" sc="245,58,207,0,311,-38,217,0" /><INIT seed="4,4,0,0,4,6" ten="303,207,273,217" oya="0" hai0="30,107,124,25,110,123,40,101,65,52,31,51,0" hai1="46,99,66,81,56,129,19,59,50,32,109,83,49" hai2="53,17,85,130,54,106,47,119,127,62,8,122,45" hai3="37,132,18,88,10,43,93,105,80,28,114,69,104"/><T22/><D123/><U4/><E32/><V44/><F106/><W24/><G69/><T12/><D0/><U61/><E109/><V73/><F122/><W1/><G114/><T120/><D120/><U76/><E4/><V16/><F73/><W26/><G132/><T14/><D110/><U27/><E129/><V133/><F130/><W78/><G37/><T3/><D3/><U64/><E99/><V82/><F127/><W111/><G43/><T42/><D31/><U84/><E81/><V95/><F95/><W128/><G128/><T98/><D65/><U92/><E92/><V86/><F133/><W67/><G67/><T33/><D124/><U94/><E94/><V131/><F131/><W135/><G135/><T35/><D35/><U100/><E100/><V125/><F125/><W115/><G115/><T90/><D90/><U89/><E89/><N who="2" m="51383" /><F86/><W79/><G111/><T117/><D117/><U74/><E74/><V11/><F119/><W87/><G79/><T77/><D77/><U36/><E36/><V29/><F29/><W55/><G55/><N who="2" m="21001" /><F62/><W9/><G1/><T70/><D70/><U97/><E97/><V63/><F63/><W91/><G91/><T103/><D103/><U72/><E72/><V118/><F118/><W21/><G105/><T2/><D2/><U113/><E113/><V102/><F102/><W68/><G104/><T75/><D75/><U134/><E134/><V39/><F39/><W116/><G68/><T13/><D33/><U58/><E61/><V48/><F48/><N who="1" m="18537" /><E46/><V121/><F121/><W108/><G108/><T34/><D34/><RYUUKYOKU ba="4,0" sc="303,10,207,10,273,10,217,-30" hai0="12,13,14,22,25,30,40,42,51,52,98,101,107" hai1="19,27,56,58,59,64,66,76,83,84" hai2="8,11,16,17,44,45,47" /><INIT seed="4,5,0,2,3,11" ten="313,217,283,187" oya="0" hai0="31,73,46,16,23,95,87,111,93,103,130,58,122" hai1="0,105,25,48,112,123,52,51,91,135,110,59,109" hai2="54,101,13,113,55,66,53,116,38,50,60,82,41" hai3="43,88,84,15,102,133,44,56,71,79,81,26,4"/><T63/><D73/><U89/><E105/><V76/><F113/><W104/><G71/><T34/><D122/><U99/><E0/><V124/><F124/><W128/><G128/><T97/><D130/><U129/><E123/><V114/><F114/><W68/><G68/><T65/><D111/><U132/><E112/><V14/><F38/><W131/><G131/><T57/><D34/><U8/><E129/><V80/><F101/><W7/><G133/><N who="1" m="51274" /><E8/><V40/><F116/><W86/><G26/><T115/><D115/><U39/><E39/><V18/><F18/><W62/><G104/><T29/><D46/><U77/><E77/><V72/><F82/><W3/><G102/><T10/><D10/><U30/><E51/><V36/><F36/><W96/><G96/><T120/><D58/><U67/><E67/><V20/><F20/><W1/><G1/><T74/><D74/><U90/><E99/><V69/><REACH who="2" step="1"/><F50/><REACH who="2" ten="313,217,273,187" step="2"/><N who="3" m="26911" /><G4/><T117/><D117/><U118/><E118/><V106/><F106/><W94/><G7/><T19/><D120/><U64/><E110/><V92/><F92/><W83/><G3/><T61/><D61/><U100/><E109/><V47/><F47/><W127/><G127/><T5/><D5/><U21/><E100/><V37/><F37/><W70/><G83/><T22/><D22/><U24/><E21/><V85/><F85/><W17/><G17/><N who="0" m="6731" /><D23/><N who="1" m="15647" /><E25/><V42/><AGARI ba="5,1" hai="13,14,40,41,42,53,54,55,60,66,69,72,76,80" machi="42" ten="30,12000,2" yaku="1,1,0,1,52,2,53,3" doraHai="11" doraHaiUra="49" who="2" fromWho="2" sc="313,-65,217,-35,273,145,187,-35" /><INIT seed="5,0,0,3,2,83" ten="248,182,418,152" oya="1" hai0="113,60,80,55,61,120,115,82,63,70,75,38,34" hai1="85,14,101,17,37,28,49,130,16,57,43,18,7" hai2="47,124,50,96,73,87,3,123,106,105,81,6,117" hai3="48,4,19,11,132,100,1,13,98,22,35,107,62"/><U68/><E68/><V72/><F117/><W114/><G132/><T67/><D34/><U59/><E37/><V125/><F123/><W127/><G127/><N who="2" m="48713" /><F6/><W77/><G114/><N who="0" m="43531" /><D75/><N who="2" m="28746" /><F96/><W103/><G103/><T66/><D120/><U86/><E28/><V54/><F3/><W109/><G109/><T31/><D31/><U119/><E101/><V53/><F53/><W97/><G97/><T84/><D80/><U133/><E133/><V9/><F9/><W46/><G35/><T65/><D38/><U5/><E130/><V93/><F93/><W71/><G77/><AGARI ba="0,0" hai="47,50,54,77,81,87,105,106" m="28746,48713" machi="77" ten="30,2000,0" yaku="18,1,52,1" doraHai="83" who="2" fromWho="3" sc="248,0,182,0,418,20,152,-20" /><INIT seed="6,0,0,2,5,90" ten="248,182,438,132" oya="2" hai0="60,15,59,113,114,38,56,22,8,17,126,62,95" hai1="52,4,129,43,12,116,76,57,64,20,13,33,18" hai2="79,0,86,39,24,82,88,108,41,26,3,134,51" hai3="121,74,103,84,10,120,42,104,107,135,46,25,47"/><V9/><F108/><W21/><G74/><T28/><D38/><U96/><E33/><V128/><F128/><W58/><G135/><T68/><D68/><U97/><E116/><V132/><F39/><W55/><G10/><T112/><D126/><U14/><E43/><V45/><F79/><W65/><G65/><T119/><D119/><U1/><E1/><N who="2" m="587" /><F9/><W75/><G75/><T105/><D105/><U37/><E37/><V6/><F6/><W23/><G84/><T127/><D127/><U130/><E64/><V72/><F72/><W101/><G42/><T92/><D28/><U29/><E29/><V40/><F40/><W99/><G58/><N who="0" m="22059" /><D8/><U70/><E70/><V102/><F102/><W98/><G25/><T131/><D131/><N who="1" m="50187" /><E76/><V106/><F106/><W35/><REACH who="3" step="1"/><G55/><REACH who="3" ten="248,182,438,122" step="2"/><T80/><D112/><U66/><E66/><V115/><F115/><W117/><G117/><T44/><D113/><U85/><E85/><V91/><F24/><W53/><G53/><T7/><D114/><U100/><E4/><V34/><F26/><W16/><G16/><T110/><D7/><U2/><E2/><V5/><F134/><W89/><G89/><T118/><D118/><U94/><E97/><V32/><F132/><W63/><G63/><AGARI ba="0,1" hai="12,13,14,18,20,52,57,63,94,96,100" m="50187" machi="63" ten="30,3900,0" yaku="19,1,52,1,54,1" doraHai="90" who="1" fromWho="3" sc="248,0,182,49,438,0,122,-39" /><INIT seed="7,0,0,1,5,17" ten="248,231,438,83" oya="3" hai0="114,124,84,111,71,33,40,15,77,88,25,60,99" hai1="133,87,26,115,116,109,9,59,123,90,100,72,102" hai2="95,61,119,36,107,131,46,35,51,34,19,52,103" hai3="76,79,120,27,96,32,65,12,78,14,1,5,83"/><W31/><G120/><T128/><D111/><U113/><E72/><V86/><F107/><W81/><G65/><T13/><D40/><U6/><E109/><V122/><F36/><W82/><G96/><T121/><D121/><U108/><E108/><V41/><F19/><W134/><G134/><T20/><D33/><U130/><E130/><V75/><F34/><W44/><G44/><T56/><D71/><U63/><E133/><V39/><F46/><W30/><G30/><N who="0" m="17703" /><D128/><U97/><E97/><V105/><F39/><W68/><G68/><T29/><D29/><U10/><E10/><V104/><F35/><W55/><G55/><N who="0" m="33823" /><D124/><U89/><E26/><V92/><F105/><W16/><REACH who="3" step="1"/><G16/><REACH who="3" ten="248,231,438,73" step="2"/><T58/><D58/><U45/><E45/><V2/><F52/><W132/><G132/><T62/><D114/><U106/><E123/><V127/><F122/><W126/><G126/><T117/><D117/><U43/><E116/><V11/><F119/><W98/><G98/><T54/><D99/><U7/><E115/><V4/><F131/><W125/><G125/><T67/><D54/><U22/><E113/><V37/><F127/><W70/><G70/><T3/><D67/><U112/><E112/><V64/><F64/><W129/><G129/><T28/><D28/><U74/><E59/><V49/><F104/><W94/><G94/><T69/><D69/><U18/><E106/><V101/><F95/><W73/><G73/><T38/><D62/><U53/><E63/><V118/><F92/><W21/><G21/><T85/><D85/><U91/><E87/><V80/><F86/><RYUUKYOKU ba="0,1" sc="248,-10,231,-10,438,-10,73,30" hai3="1,5,12,14,27,31,32,76,78,79,81,82,83" /><INIT seed="7,1,1,3,2,72" ten="238,221,428,103" oya="3" hai0="121,134,33,44,20,128,75,130,26,126,107,67,49" hai1="133,28,14,103,61,7,19,87,3,6,22,45,30" hai2="80,83,120,23,52,0,82,118,66,63,92,129,2" hai3="123,12,40,47,60,105,21,48,8,16,99,46,59"/><W117/><G117/><T132/><D75/><U122/><E122/><V56/><F118/><W98/><G123/><T31/><D107/><U124/><E124/><V71/><F120/><W108/><G108/><T70/><D121/><U76/><E133/><N who="0" m="51305" /><D33/><U84/><E103/><V125/><F125/><W113/><G113/><T77/><D77/><U68/><E68/><V11/><F129/><N who="0" m="49770" /><D126/><U111/><E111/><V15/><F23/><W10/><G47/><T32/><D32/><U94/><E3/><V109/><F92/><W114/><G114/><T29/><D70/><U101/><E61/><V5/><REACH who="2" step="1"/><F109/><REACH who="2" ten="238,221,418,103" step="2"/><W4/><G105/><T24/><D20/><U88/><E101/><V58/><F58/><W116/><G116/><T119/><D119/><U110/><E110/><V79/><F79/><W100/><G100/><T89/><D89/><U43/><E30/><V64/><F64/><N who="3" m="38943" /><G4/><T93/><D93/><U51/><E28/><N who="0" m="10825" /><D67/><U42/><E42/><AGARI ba="1,2" hai="24,26,42,44,49" m="10825,49770,51305" machi="42" ten="30,2000,0" yaku="20,1,19,1" doraHai="72" who="0" fromWho="1" sc="238,43,221,-23,418,0,103,0" owari="281,8.0,198,-20.0,418,52.0,103,-40.0" /></mjloggm>