<mjloggm ver="2.3"><GO type="97" lobby="0"/><UN n0="%E3%81%8A%E3%81%BA%EF%BC%88%EF%BC%BE%EF%BD%91%EF%BC%BE%EF%BC%89" n1="%E3%82%A6%E3%83%AB%E3%83%88%E3%83%A9%E7%AB%8B%E7%9B%B4" n2="%E3%82%89%E3%81%91" n3="%E3%83%80%E3%83%9E%E3%81%AE%E9%BE%8D" dan="13,15,14,14" rate="1846.65,2021.06,1926.08,1881.53" sx="M,M,M,M"/><TAIKYOKU oya="0"/><INIT seed="0,0,0,4,4,3" ten="250,250,250,250" oya="0" hai0="34,40,31,120,123,58,11,67,77,72,103,82,106" hai1="19,107,54,9,118,20,93,26,69,35,115,33,48" hai2="62,42,113,44,79,119,117,0,125,46,70,47,98" hai3="75,1,63,121,100,131,25,116,81,132,78,97,85"/><T101/><D40/><U64/><E107/><V133/><F0/><W114/><G116/><N who="2" m="44617" /><F79/><W30/><G114/><T109/><D103/><U36/><E36/><V92/><F113/><W94/><G1/><T66/><D58/><U112/><E118/><V51/><F133/><W122/><G132/><T61/><D67/><U89/><E112/><V18/><F125/><W22/><G131/><T12/><D109/><U14/><E115/><V23/><F62/><W21/><G63/><T90/><D90/><U87/><E69/><V17/><F70/><W29/><G75/><T99/><D12/><U39/><E39/><V108/><F108/><W56/><G56/><T57/><D11/><U52/><E64/><V27/><F18/><W96/><G96/><T65/><D65/><U110/><E110/><V13/><F13/><W135/><G135/><T8/><REACH who="0" step="1"/><D8/><REACH who="0" ten="240,250,250,250" step="2"/><U73/><E54/><V111/><F111/><W88/><G100/><AGARI ba="0,1" hai="17,23,27,42,44,46,47,51,92,98,100" m="44617" machi="100" ten="30,1000,0" yaku="12,1" doraHai="3" who="2" fromWho="3" sc="240,0,250,0,250,20,250,-10" /><INIT seed="1,0,0,5,4,75" ten="240,250,270,240" oya="1" hai0="11,51,44,42,2,6,131,25,93,91,124,14,99" hai1="15,62,40,127,71,68,77,72,55,117,32,47,90" hai2="9,21,108,19,70,23,80,134,33,12,83,52,107" hai3="123,58,79,87,120,97,82,78,17,126,24,114,102"/><U53/><E32/><V119/><F70/><N who="1" m="26665" /><E15/><V74/><F107/><W98/><G114/><T95/><D131/><U96/><E77/><V105/><F105/><W66/><G126/><T3/><D124/><U125/><E90/><V128/><F119/><W10/><G98/><T116/><D116/><U50/><E96/><V39/><F128/><W1/><G1/><T57/><D25/><U36/><E72/><V35/><F39/><W45/><G45/><T104/><D104/><U37/><E117/><V118/><F118/><W73/><G73/><T69/><D69/><U81/><E81/><V38/><F38/><N who="1" m="14953" /><E125/><V16/><F108/><W41/><G41/><T106/><D106/><U26/><E26/><V113/><F113/><W0/><G0/><T122/><D122/><U84/><E84/><V43/><F74/><W61/><G79/><T88/><REACH who="0" step="1"/><D57/><REACH who="0" ten="230,250,270,240" step="2"/><N who="1" m="35119" /><E127/><V133/><F33/><W63/><G123/><T85/><AGARI ba="0,1" hai="2,3,6,11,14,42,44,51,85,88,91,93,95,99" machi="85" ten="20,5200,0" yaku="1,1,0,1,7,1,54,1,53,0" doraHai="75" doraHaiUra="121" who="0" fromWho="0" sc="230,62,250,-26,270,-13,240,-13" /><INIT seed="2,0,0,5,2,33" ten="292,224,257,227" oya="2" hai0="95,86,121,88,36,35,31,55,96,74,75,32,111" hai1="58,3,112,85,107,25,103,128,83,42,127,60,91" hai2="116,15,11,124,66,101,1,17,41,50,27,117,94" hai3="37,134,24,131,98,104,130,122,47,48,132,84,5"/><V89/><F101/><W57/><G24/><T118/><D121/><U71/><E71/><V67/><F124/><W49/><G122/><T38/><D118/><U34/><E127/><V97/><F27/><W20/><G20/><T59/><D111/><U129/><E112/><V28/><F28/><W100/><G5/><T135/><D135/><N who="3" m="51753" /><G84/><T113/><D113/><U119/><E42/><V22/><F116/><W54/><G37/><T16/><D35/><U80/><E119/><V70/><F117/><W115/><G115/><T78/><D32/><U4/><E25/><V9/><F70/><W62/><G48/><T65/><D31/><U93/><E34/><V0/><F11/><W64/><AGARI ba="0,0" hai="47,49,54,57,62,64,98,100,104,130,131" m="51753" machi="64" ten="30,1100,0" yaku="20,1" doraHai="33" who="3" fromWho="3" sc="292,-3,224,-3,257,-5,227,11" /><INIT seed="3,0,0,5,3,85" ten="289,221,252,238" oya="3" hai0="125,84,19,73,115,17,36,69,79,127,38,130,99" hai1="54,77,118,46,1,67,64,111,32,48,128,63,41" hai2="39,34,45,4,119,29,20,59,101,68,23,61,3" hai3="82,105,58,27,129,104,135,81,112,51,47,83,108"/><W75/><G112/><T33/><D33/><U134/><E1/><V65/><F119/><W26/><G75/><T120/><D120/><U109/><E32/><V13/><F3/><W100/><G58/><T5/><D5/><U71/><E77/><V43/><F59/><W88/><G135/><T9/><D69/><U8/><E8/><V90/><F90/><W14/><G129/><T44/><D115/><U116/><E128/><V2/><F2/><W95/><G108/><N who="1" m="41546" /><E134/><V133/><F133/><W80/><N who="3" m="20992" /><DORA hai="97" /><W121/><G121/><T22/><D130/><U57/><E67/><V10/><REACH who="2" step="1"/><F101/><REACH who="2" ten="289,221,242,238" step="2"/><W117/><G117/><T107/><D79/><U78/><E78/><V74/><F74/><W11/><G100/><T37/><D73/><U18/><E18/><V56/><F56/><W25/><G105/><T49/><D84/><U15/><E15/><V6/><F6/><N who="3" m="3447" /><G104/><T126/><D9/><U31/><E31/><V50/><F50/><AGARI ba="0,1" hai="41,46,48,50,54,57,63,64,71,116,118" m="41546" machi="50" ten="30,3900,0" yaku="14,1,34,2" doraHai="85,97" who="1" fromWho="2" sc="289,0,221,49,242,-39,238,0" /><INIT seed="4,0,0,2,1,58" ten="289,270,203,238" oya="0" hai0="132,12,46,72,115,65,22,102,26,28,38,48,123" hai1="89,8,25,33,68,42,55,41,59,111,87,110,20" hai2="14,19,51,10,3,122,9,56,49,94,39,7,53" hai3="83,23,15,67,106,70,84,117,60,21,71,2,75"/><T24/><D123/><U29/><E68/><V37/><F122/><W73/><G2/><T57/><D115/><U128/><E128/><V77/><F77/><W69/><G106/><T121/><D121/><U127/><E127/><V4/><F19/><W92/><G117/><T116/><D116/><U134/><E134/><V27/><F27/><W103/><G23/><T43/><D132/><U96/><E33/><V45/><REACH who="2" step="1"/><F94/><REACH who="2" ten="289,270,193,238" step="2"/><W118/><G118/><T104/><D72/><U107/><E110/><V44/><F44/><W32/><G73/><T64/><D26/><U108/><E108/><V126/><F126/><W133/><G75/><T54/><D12/><U86/><E111/><V13/><F13/><W62/><G133/><T120/><D120/><U135/><E135/><V124/><F124/><W98/><G32/><T91/><D91/><U99/><E107/><V131/><F131/><W40/><G15/><T1/><REACH who="0" step="1"/><D1/><REACH who="0" ten="279,270,193,238" step="2"/><U50/><E89/><V100/><F100/><W105/><G103/><T130/><D130/><U109/><E109/><V114/><F114/><W80/><G105/><T81/><D81/><U113/><E113/><V30/><F30/><W88/><G83/><T61/><D61/><U52/><E25/><V78/><F78/><N who="3" m="46103" /><G62/><T93/><D93/><U129/><E29/><V85/><F85/><W119/><G119/><T82/><D82/><U16/><E87/><V76/><F76/><W112/><G112/><T36/><D36/><U47/><E86/><V5/><F5/><W6/><G6/><T17/><D17/><U31/><E16/><V90/><F90/><RYUUKYOKU ba="0,2" sc="279,15,270,-15,193,15,238,-15" hai0="22,24,28,38,43,46,48,54,57,64,65,102,104" hai2="3,4,7,9,10,14,37,39,45,49,51,53,56" /><INIT seed="4,1,2,4,3,24" ten="294,255,208,223" oya="0" hai0="79,47,31,21,130,6,105,101,67,46,17,14,106" hai1="118,124,11,58,41,1,93,5,45,20,15,38,8" hai2="97,94,134,99,10,73,129,75,27,98,25,36,39" hai3="53,50,80,123,127,90,92,108,33,55,109,116,60"/><T0/><D0/><U54/><E124/><V66/><F94/><W7/><G116/><T72/><D72/><N who="2" m="27722" /><F66/><W100/><G127/><T83/><D83/><U16/><E118/><V57/><F57/><W120/><G33/><T87/><D87/><U112/><E112/><V28/><F10/><W85/><G7/><T56/><D79/><U62/><E93/><V131/><F134/><W44/><G60/><T70/><D70/><U84/><E84/><V2/><F2/><W114/><G55/><T9/><D101/><U69/><E69/><V71/><F71/><W30/><G30/><T119/><D119/><U59/><E59/><V48/><F48/><W133/><G133/><T29/><D106/><U82/><E82/><V32/><F32/><W95/><G95/><T63/><D105/><U115/><E115/><V23/><F23/><W13/><G13/><N who="0" m="5303" /><D130/><N who="2" m="49674" /><F28/><AGARI ba="1,2" hai="14,17,21,28,29,31,46,47,56,63,67" m="5303" machi="28" ten="30,11600,0" yaku="8,1,52,3" doraHai="24" who="0" fromWho="2" sc="294,139,255,0,208,-119,223,0" owari="433,53.0,255,6.0,89,-41.0,223,-18.0" /></mjloggm>