<mjloggm ver="2.3"><GO type="41" lobby="0"/><UN n0="%E6%B0%B4%E7%84%A1%E6%82%A0%E9%87%8C" n1="%6D%74%70%6F%70" n2="%E3%82%82%E3%81%86%E3%82%8A%E3%81%83%E2%98%86" n3="%E3%82%A6%E3%83%AB%E3%83%88%E3%83%A9%E7%AB%8B%E7%9B%B4" dan="13,13,13,15" rate="1898.27,1868.39,1891.24,2017.30" sx="F,M,F,M"/><TAIKYOKU oya="0"/><INIT seed="0,0,0,2,3,74" ten="250,250,250,250" oya="0" hai0="104,44,68,65,23,95,56,79,73,45,19,92,77" hai1="8,94,103,91,26,87,53,30,13,38,111,109,43" hai2="36,82,54,130,35,69,40,90,75,2,108,114,116" hai3="80,98,106,47,64,50,49,46,33,55,62,12,126"/><T59/><D104/><U128/><E38/><V135/><F90/><W105/><G33/><T120/><D68/><U52/><E43/><V86/><F86/><W22/><G126/><T99/><D120/><U97/><E128/><V134/><F82/><W31/><G80/><T89/><D73/><U14/><E13/><V81/><F81/><W113/><G113/><T17/><D95/><U63/><E63/><V1/><F54/><W32/><G32/><T110/><D110/><N who="1" m="41995" /><E26/><V20/><F20/><W66/><G98/><T27/><D17/><N who="1" m="8391" /><E30/><V83/><F83/><AGARI ba="0,0" hai="52,53,83,87,91,94,97,103" m="8391,41995" machi="83" ten="30,2000,0" yaku="14,1,54,1" doraHai="74" who="1" fromWho="2" sc="250,0,250,20,250,-20,250,0" /><INIT seed="1,0,0,4,3,12" ten="250,270,230,250" oya="1" hai0="3,35,134,38,57,127,43,94,91,132,37,102,26" hai1="44,125,72,55,135,11,96,84,106,129,21,63,31" hai2="65,83,121,131,73,97,107,9,20,46,114,17,10" hai3="62,49,119,87,95,88,105,112,111,82,78,61,74"/><U22/><E72/><V80/><F121/><W118/><G62/><T90/><D3/><U103/><E129/><V2/><F131/><W77/><G61/><T32/><D127/><U40/><E125/><V75/><F114/><W113/><G49/><T116/><D116/><N who="3" m="44585" /><G111/><T76/><D76/><N who="3" m="29289" /><G105/><T15/><D102/><U81/><E135/><V45/><F65/><W109/><G109/><T13/><D26/><U123/><E31/><V126/><F107/><W99/><G74/><T18/><D94/><U130/><E123/><V92/><F126/><W93/><G93/><T115/><D57/><U51/><E130/><V124/><F124/><W34/><G34/><T54/><D43/><U70/><E11/><V89/><F92/><W50/><G50/><T24/><D24/><U110/><E110/><V120/><F120/><W52/><G52/><T108/><D108/><U117/><E117/><V101/><F75/><W48/><G48/><T104/><D54/><U4/><E4/><V58/><F73/><W56/><G56/><T98/><D104/><U33/><E33/><V16/><F58/><W1/><G1/><T133/><D115/><U100/><E100/><AGARI ba="0,0" hai="82,87,88,95,99,100,112,113" m="29289,44585" machi="100" ten="30,7700,0" yaku="12,1,34,2,54,1" doraHai="12" who="3" fromWho="1" sc="250,0,270,-77,230,0,250,77" /><INIT seed="2,0,0,3,5,43" ten="250,193,230,327" oya="2" hai0="1,19,81,24,22,6,54,135,102,16,131,118,106" hai1="78,110,36,31,108,84,92,39,25,2,111,127,125" hai2="87,50,76,123,98,96,71,82,101,75,86,38,62" hai3="46,5,113,107,30,100,129,17,89,9,91,26,88"/><V116/><F116/><W20/><G129/><T21/><D135/><U120/><E2/><V59/><F123/><W95/><G113/><T49/><D131/><U132/><E78/><V8/><F38/><W12/><G107/><T27/><D118/><U69/><E69/><V56/><F71/><W3/><G100/><T67/><D67/><U70/><E70/><V51/><F8/><W45/><REACH who="3" step="1"/><G95/><REACH who="3" ten="250,193,230,317" step="2"/><T83/><D102/><U68/><E68/><V42/><F75/><W133/><G133/><T134/><D106/><U57/><E132/><V73/><F73/><W53/><G53/><T0/><D134/><U94/><E120/><V44/><F87/><W74/><G74/><T10/><REACH who="0" step="1"/><D0/><REACH who="0" ten="240,193,230,317" step="2"/><U85/><E110/><V79/><F101/><W29/><G29/><T93/><D93/><U130/><E31/><V63/><F82/><W90/><N who="3" m="23040" /><DORA hai="66" /><W112/><G112/><T41/><D41/><U55/><E130/><V114/><F42/><W122/><G122/><T47/><AGARI ba="0,2" hai="1,6,10,16,19,21,22,24,27,47,49,54,81,83" machi="47" ten="20,16000,3" yaku="1,1,0,1,7,1,9,1,52,1,54,1,53,2" doraHai="43,66" doraHaiUra="115,15" who="0" fromWho="0" sc="240,180,193,-40,230,-80,317,-40" /><INIT seed="3,0,0,5,2,28" ten="420,153,150,277" oya="3" hai0="121,23,133,50,12,119,117,98,59,13,89,70,127" hai1="107,77,26,69,86,7,6,10,36,57,128,97,29" hai2="109,40,58,71,11,76,68,87,32,72,3,104,85" hai3="9,55,22,41,51,123,54,81,47,129,16,124,108"/><W18/><G123/><T21/><D70/><U102/><E69/><V17/><F72/><W44/><G124/><T52/><D133/><U34/><E36/><V19/><F104/><W112/><G112/><T83/><D127/><U46/><E128/><V125/><F125/><W120/><G120/><T8/><D121/><U33/><E46/><V94/><F40/><W101/><G129/><T99/><D13/><U45/><E45/><V75/><F75/><W113/><G113/><T114/><D114/><U88/><E77/><V73/><F73/><W135/><G135/><T2/><D2/><U103/><E103/><V61/><F109/><W66/><G108/><T62/><D50/><U131/><E131/><V42/><F42/><W96/><G66/><T100/><D99/><U5/><E57/><V80/><F32/><W92/><G81/><T78/><D89/><U105/><E105/><V48/><F48/><W82/><G82/><T30/><D30/><U111/><E111/><V24/><F19/><W31/><G47/><T43/><D43/><U93/><REACH who="1" step="1"/><E10/><REACH who="1" ten="420,143,150,277" step="2"/><V65/><F58/><W134/><G134/><T115/><D8/><U49/><E49/><V116/><F71/><W25/><G9/><T110/><D100/><U38/><E38/><V67/><F68/><W0/><G0/><T95/><D110/><U35/><AGARI ba="0,1" hai="5,6,7,26,29,33,34,35,86,88,93,97,102,107" machi="35" ten="30,12000,2" yaku="1,1,0,1,52,3,54,1,53,1" doraHai="28" doraHaiUra="20" who="1" fromWho="1" sc="420,-30,143,130,150,-30,277,-60" /><INIT seed="4,0,0,3,1,99" ten="390,273,120,217" oya="0" hai0="95,104,4,105,57,98,51,21,134,19,55,116,61" hai1="1,97,106,28,119,73,81,71,118,35,84,93,114" hai2="46,103,110,92,113,131,126,86,11,102,76,109,127" hai3="82,59,53,8,111,45,5,74,2,83,44,41,18"/><T128/><D116/><U108/><E71/><V60/><F46/><W67/><G111/><N who="2" m="42505" /><F60/><W10/><G67/><T48/><D4/><U56/><E1/><V58/><F58/><W133/><G133/><T3/><D3/><U85/><E108/><V69/><F69/><W31/><G31/><T79/><D79/><U89/><E28/><V123/><F11/><W34/><G34/><T16/><D128/><U112/><E35/><V115/><F123/><W77/><G83/><T49/><D134/><U26/><E26/><V50/><F50/><W38/><G45/><T17/><REACH who="0" step="1"/><D21/><REACH who="0" ten="380,273,120,217" step="2"/><U54/><E73/><V0/><F0/><W29/><G29/><T9/><D9/><U122/><E122/><V20/><F20/><W120/><G120/><T22/><D22/><U132/><E132/><V23/><F23/><W39/><G18/><T129/><D129/><U66/><E119/><V47/><F131/><W62/><REACH who="3" step="1"/><G10/><REACH who="3" ten="380,273,120,207" step="2"/><T15/><D15/><U75/><E118/><V30/><F30/><W52/><G52/><T130/><D130/><U7/><E66/><V12/><F12/><W88/><G88/><AGARI ba="0,2" hai="16,17,19,48,49,51,55,57,61,88,95,98,104,105" machi="88" ten="40,7700,0" yaku="1,1,54,2,53,0" doraHai="99" doraHaiUra="6" who="0" fromWho="3" sc="380,97,273,0,120,0,207,-77" /><INIT seed="4,1,0,5,3,10" ten="477,273,120,130" oya="0" hai0="19,91,110,6,111,48,105,29,21,114,30,55,42" hai1="116,39,0,115,18,101,124,80,102,96,79,16,3" hai2="68,74,62,134,7,31,113,95,49,99,8,59,103" hai3="100,112,72,85,70,77,51,90,56,117,40,38,88"/><T47/><D105/><U127/><E39/><V14/><F74/><W76/><G70/><T87/><D6/><U57/><E116/><V9/><F113/><W11/><G117/><T46/><D114/><U122/><E115/><V2/><F134/><W123/><G112/><T135/><D135/><U98/><E122/><V33/><F68/><W41/><G123/><T86/><D86/><U97/><E57/><V130/><F130/><W22/><G100/><N who="1" m="38506" /><E80/><V43/><F33/><W20/><G11/><T118/><D118/><U15/><E79/><N who="3" m="30282" /><G38/><T75/><D75/><U13/><E0/><V121/><F121/><W61/><G72/><T44/><D44/><U108/><E3/><V93/><F31/><W120/><G120/><T126/><D126/><N who="1" m="48171" /><E108/><V5/><F43/><N who="3" m="16459" /><G51/><T107/><D111/><U104/><E104/><V125/><F125/><W24/><G24/><T1/><D107/><U4/><E4/><V58/><F58/><W45/><G45/><T73/><D1/><U133/><E133/><V25/><F25/><W63/><G56/><T23/><D47/><U83/><E83/><V78/><F78/><W54/><G54/><T50/><D55/><U106/><E106/><V34/><F95/><N who="3" m="54671" /><G90/><T66/><D91/><U82/><E82/><V132/><F132/><W131/><G131/><T26/><D46/><U89/><E89/><V71/><F71/><W32/><G32/><T109/><D110/><U17/><AGARI ba="1,0" hai="13,15,16,17,18,96,97,98" m="48171,38506" machi="17" ten="40,12000,2" yaku="28,2,18,1,52,2,54,1" doraHai="10" who="1" fromWho="1" sc="477,-61,273,123,120,-31,130,-31" /><INIT seed="5,0,0,1,0,69" ten="416,396,89,99" oya="1" hai0="72,103,129,83,3,135,54,62,111,58,92,75,53" hai1="38,4,79,65,43,51,55,12,107,70,59,80,128" hai2="7,131,76,126,56,114,28,36,13,16,121,119,21" hai3="90,29,11,73,117,31,84,57,68,88,24,86,17"/><U98/><E107/><V134/><F119/><W1/><G68/><T122/><D3/><U27/><E128/><V94/><F121/><W78/><G117/><T130/><D111/><U46/><E98/><V49/><F131/><W104/><G104/><T39/><D135/><U99/><E99/><V113/><F134/><W61/><G78/><T33/><D33/><U132/><E132/><V123/><F123/><W6/><G73/><T110/><D110/><U66/><E27/><V124/><F76/><W26/><G24/><T89/><D103/><U109/><E109/><V10/><F28/><W41/><G41/><T22/><D83/><U106/><E106/><V20/><F20/><W47/><G47/><T118/><D22/><U91/><E91/><V34/><F34/><W74/><G74/><T77/><D89/><U101/><E101/><V19/><F19/><W48/><G48/><T2/><D77/><U71/><E12/><V100/><F36/><W63/><G17/><T35/><D2/><U67/><REACH who="1" step="1"/><E4/><REACH who="1" ten="416,386,89,99" step="2"/><V45/><F100/><W52/><G26/><T105/><D105/><U120/><E120/><V133/><F133/><W5/><G5/><T82/><D122/><U127/><E127/><V0/><F94/><W60/><G11/><T112/><D92/><U115/><E115/><N who="2" m="44043" /><F56/><W30/><G6/><T108/><D58/><U40/><E40/><AGARI ba="0,1" hai="0,7,10,13,16,21,40,45,49,124,126" m="44043" machi="40" ten="30,3900,0" yaku="15,1,11,1,54,1" doraHai="69" who="2" fromWho="1" sc="416,0,386,-39,89,49,99,0" /><INIT seed="6,0,0,3,4,0" ten="416,347,138,99" oya="2" hai0="58,119,123,132,40,105,13,88,15,43,130,54,4" hai1="30,21,73,35,92,45,46,95,53,31,109,133,115" hai2="19,102,99,89,134,6,93,127,38,22,18,26,62" hai3="117,28,68,8,37,75,2,118,47,44,49,85,81"/><V83/><F38/><W94/><G68/><T128/><D105/><U39/><E73/><V78/><F134/><W5/><G28/><T10/><D123/><U77/><E35/><V131/><F131/><N who="0" m="50218" /><D119/><U71/><E71/><V121/><F121/><W100/><G100/><T14/><D88/><U63/><E133/><V126/><F6/><W76/><G94/><T16/><D132/><U70/><E77/><V51/><F62/><W65/><G85/><T66/><D66/><U113/><E109/><V32/><F32/><W98/><G98/><T96/><D96/><U29/><E39/><V122/><F122/><W103/><G103/><T20/><D14/><U7/><E21/><V84/><F51/><AGARI ba="0,0" hai="4,10,13,15,16,20,40,43,51,54,58" m="50218" machi="51" ten="30,3900,0" yaku="19,1,52,1,54,1" doraHai="0" who="0" fromWho="2" sc="416,39,347,0,138,-39,99,0" /><INIT seed="7,0,0,5,3,86" ten="455,347,99,99" oya="3" hai0="64,38,75,93,15,128,35,31,106,105,68,117,81" hai1="102,123,24,115,91,43,1,59,100,111,129,62,18" hai2="69,89,119,23,77,99,90,67,19,122,47,11,63" hai3="32,131,66,13,55,27,118,135,57,22,96,17,12"/><W29/><G118/><T110/><D38/><U87/><E1/><V92/><F119/><W4/><G131/><T76/><D110/><U73/><E73/><V37/><F122/><W56/><G135/><T95/><D15/><U34/><E129/><V120/><F120/><W74/><G74/><T104/><D117/><U5/><E123/><V107/><F107/><W101/><G66/><T80/><D80/><U103/><E111/><V97/><F77/><W49/><G4/><T88/><D128/><U21/><E115/><V44/><F11/><W50/><G12/><T61/><D88/><U108/><E34/><V7/><F7/><W6/><G6/><T54/><D54/><U70/><E5/><V134/><F134/><W65/><G65/><T125/><D125/><U85/><E70/><V82/><F37/><W39/><G39/><T52/><D52/><U126/><E43/><V51/><F51/><W83/><G83/><T133/><D133/><U30/><E126/><V121/><F121/><W2/><G2/><T116/><D116/><U58/><E108/><V33/><F33/><W10/><G32/><T0/><D0/><U14/><E85/><V60/><F60/><W72/><G72/><T36/><D36/><U113/><E113/><V42/><F42/><W26/><G26/><T109/><D109/><U46/><E46/><V79/><F90/><W127/><G127/><T78/><D75/><U84/><E84/><N who="2" m="48223" /><F99/><W25/><G25/><T28/><D35/><U98/><E98/><V124/><F124/><W53/><G96/><T20/><D68/><U16/><E102/><AGARI ba="0,0" hai="10,13,17,22,27,29,49,50,53,55,56,57,101,102" machi="102" ten="40,7700,0" yaku="6,1,9,1,8,1" doraHai="86" who="3" fromWho="1" sc="455,0,347,-77,99,0,99,77" /><INIT seed="7,1,0,1,2,66" ten="455,270,99,176" oya="3" hai0="102,59,78,60,117,122,55,111,40,127,135,41,52" hai1="65,11,62,110,14,107,73,12,82,57,120,47,92" hai2="99,51,5,114,87,89,94,38,85,104,88,131,8" hai3="83,28,2,45,116,25,97,86,53,58,4,103,100"/><W1/><G116/><T75/><D122/><U91/><E107/><V23/><F38/><W96/><G45/><T71/><D111/><U37/><E110/><V74/><F23/><W9/><G2/><T64/><D117/><U13/><E120/><V19/><F19/><W27/><G97/><T90/><D102/><U128/><E128/><V16/><F16/><W133/><G133/><T46/><D127/><U81/><E73/><V118/><F51/><W56/><G27/><T17/><D135/><U126/><E37/><V39/><F8/><W70/><G70/><T48/><D17/><U54/><E126/><V15/><F15/><W21/><G96/><T10/><D10/><U112/><E112/><V7/><F7/><W36/><G36/><T109/><D90/><U68/><E68/><V124/><F5/><W43/><G43/><T6/><D6/><U42/><E42/><V98/><F39/><W121/><G121/><T132/><D132/><U50/><E11/><V63/><F63/><W31/><G31/><T77/><D109/><U123/><E123/><V134/><F134/><W106/><G106/><T105/><D105/><U84/><AGARI ba="1,0" hai="12,13,14,47,50,54,57,62,65,81,82,84,91,92" machi="84" ten="30,2000,0" yaku="0,1,8,1" doraHai="66" who="1" fromWho="1" sc="455,-6,270,23,99,-6,176,-11" owari="449,55.0,293,9.0,93,-41.0,165,-23.0" /></mjloggm>