<mjloggm ver="2.3"><GO type="41" lobby="0"/><UN n0="%72%65%64%6E%6F%61" n1="%43%41%4E%41%52%59" n2="%E5%B0%B1%E6%B4%BB%E7%94%9F%40%E5%B7%9D%E6%9D%91%E8%BB%8D%E5%9B%A3" n3="%E8%87%A5%E9%BE%8D%E5%91%A8%E9%9B%B2" dan="13,14,15,14" rate="1907.44,1980.78,2013.55,1952.28" sx="M,F,M,M"/><TAIKYOKU oya="0"/><INIT seed="0,0,0,0,1,87" ten="250,250,250,250" oya="0" hai0="99,77,119,96,40,127,92,25,6,128,9,89,74" hai1="63,45,98,29,58,104,93,16,34,18,126,79,56" hai2="19,108,69,100,102,109,46,122,55,112,117,61,51" hai3="124,30,97,83,123,70,131,111,12,10,2,23,26"/><T31/><D119/><U82/><E104/><V22/><F122/><W21/><G70/><T14/><D127/><U68/><E68/><V90/><F117/><W134/><G123/><T125/><D125/><U129/><E126/><V133/><F133/><W62/><G124/><T118/><D118/><U91/><E129/><V20/><F112/><W64/><G131/><T48/><D128/><U24/><E45/><V33/><F33/><W53/><G134/><T0/><D0/><U37/><E37/><V43/><F22/><W41/><G41/><T50/><D99/><U36/><E36/><V132/><F132/><W7/><G111/><N who="2" m="42569" /><F90/><W8/><G97/><T1/><D1/><U67/><REACH who="1" step="1"/><E58/><REACH who="1" ten="250,240,250,250" step="2"/><N who="2" m="35039" /><F69/><W106/><G106/><T65/><D65/><U135/><E135/><V130/><F130/><W116/><G64/><T88/><D40/><U4/><E4/><V120/><F120/><W57/><G116/><T71/><D71/><U32/><E32/><V59/><F59/><W11/><G83/><T81/><REACH who="0" step="1"/><D89/><REACH who="0" ten="240,240,250,250" step="2"/><U115/><E115/><V94/><F102/><W28/><G2/><T84/><D84/><AGARI ba="0,2" hai="16,18,24,29,34,56,63,67,79,82,84,91,93,98" machi="84" ten="30,7700,0" yaku="1,1,7,1,52,1,54,1,53,0" doraHai="87" doraHaiUra="114" who="1" fromWho="0" sc="240,-77,240,97,250,0,250,0" /><INIT seed="1,0,0,4,0,30" ten="163,337,250,250" oya="1" hai0="19,4,107,31,130,76,60,104,69,122,112,105,50" hai1="11,32,93,83,42,55,94,44,52,21,67,7,65" hai2="103,134,25,132,111,129,62,70,89,95,118,24,81" hai3="6,120,47,63,85,27,5,114,125,28,56,20,61"/><U78/><E21/><V123/><F118/><W101/><G120/><T14/><D122/><U74/><E65/><N who="2" m="41271" /><F123/><W135/><G114/><T109/><D112/><U12/><E67/><V96/><F129/><W57/><G135/><N who="2" m="51753" /><F111/><W33/><G125/><T108/><D76/><U110/><E110/><V77/><F103/><W126/><G126/><T53/><D130/><U79/><E79/><V26/><F26/><W102/><G33/><T36/><D36/><U64/><E64/><V66/><F66/><W87/><G27/><T40/><D69/><U84/><E74/><AGARI ba="0,0" hai="24,25,74,77,81,89,95,96" m="51753,41271" machi="74" ten="30,1000,0" yaku="20,1" doraHai="30" who="2" fromWho="1" sc="163,0,337,-10,250,10,250,0" /><INIT seed="2,0,0,2,4,44" ten="163,327,260,250" oya="2" hai0="50,59,68,124,98,25,117,32,65,57,51,66,93" hai1="7,83,36,8,6,130,23,97,38,14,15,63,110" hai2="42,19,133,13,95,2,21,53,119,90,115,3,72" hai3="120,99,70,5,12,28,54,39,47,128,78,103,33"/><V91/><F119/><W29/><G120/><T87/><D117/><U46/><E130/><V126/><F72/><W108/><G128/><T27/><D124/><U55/><E110/><V127/><F115/><W45/><G108/><T0/><D0/><U118/><E118/><V82/><F133/><W43/><G70/><T80/><D32/><U64/><E97/><V62/><F42/><W22/><G78/><N who="0" m="46487" /><D68/><U94/><E94/><V114/><F114/><W84/><G84/><T52/><D66/><U31/><E83/><V4/><F4/><W77/><G77/><T111/><D111/><U132/><E132/><V1/><F82/><W125/><G125/><N who="2" m="47625" /><F95/><W116/><G116/><T85/><D85/><U10/><E23/><V105/><F105/><W121/><G33/><T69/><D65/><U122/><E31/><V49/><F62/><W123/><G121/><T17/><D17/><U41/><E55/><V34/><F34/><W107/><G123/><T134/><D134/><U81/><E81/><V92/><F92/><W30/><G5/><T135/><D135/><U76/><E76/><V106/><F106/><W88/><G12/><T71/><D71/><U24/><E24/><V56/><AGARI ba="0,0" hai="1,2,3,13,19,21,49,53,56,90,91" m="47625" machi="56" ten="40,3900,0" yaku="18,1,52,1" doraHai="44" who="2" fromWho="2" sc="163,-13,327,-13,260,39,250,-13" /><INIT seed="2,1,0,1,4,115" ten="150,314,299,237" oya="2" hai0="7,2,109,105,63,71,65,3,90,68,92,15,10" hai1="110,51,104,133,131,44,73,46,123,50,14,69,28" hai2="23,60,76,11,93,119,95,91,113,127,87,66,17" hai3="4,77,56,59,26,126,94,135,70,130,41,53,32"/><V120/><F119/><W72/><G70/><T61/><D109/><U8/><E69/><V97/><F120/><W48/><G135/><T40/><D40/><U38/><E38/><V128/><F113/><W101/><G130/><T54/><D105/><U16/><E123/><V124/><F128/><W24/><G126/><T98/><REACH who="0" step="1"/><D54/><REACH who="0" ten="140,314,299,237" step="2"/><U27/><E131/><V86/><F11/><W84/><G41/><T80/><D80/><U111/><E104/><V12/><F76/><W102/><G32/><T74/><D74/><U89/><E73/><V45/><F45/><W96/><G72/><T78/><D78/><U117/><E46/><V57/><F124/><W129/><G129/><T64/><AGARI ba="1,1" hai="2,3,7,10,15,61,63,64,65,68,71,90,92,98" machi="64" ten="30,4000,0" yaku="1,1,0,1,9,1,53,0" doraHai="115" doraHaiUra="55" who="0" fromWho="0" sc="140,53,314,-11,299,-21,237,-11" /><INIT seed="3,0,0,2,3,106" ten="193,303,278,226" oya="3" hai0="126,77,21,43,32,91,86,122,41,11,74,72,121" hai1="108,63,24,97,128,120,115,37,101,133,7,75,58" hai2="28,112,88,135,13,125,70,53,3,113,25,87,98" hai3="31,64,60,89,45,71,18,80,12,104,57,27,96"/><W38/><G38/><T19/><D32/><U44/><E120/><V109/><F3/><W105/><G45/><T82/><D11/><U62/><E115/><V127/><F70/><W16/><G12/><T123/><D126/><N who="2" m="48138" /><F135/><W52/><G105/><T117/><D117/><U26/><E133/><V9/><F98/><W20/><G80/><T95/><REACH who="0" step="1"/><D74/><REACH who="0" ten="183,303,278,226" step="2"/><U99/><E75/><V29/><F109/><W69/><G69/><T129/><D129/><U30/><E108/><V81/><F113/><W79/><G79/><T90/><D90/><U93/><E128/><V118/><F112/><W48/><REACH who="3" step="1"/><G89/><REACH who="3" ten="183,303,278,216" step="2"/><T114/><D114/><U73/><E101/><AGARI ba="0,2" hai="16,18,20,27,31,48,52,57,60,64,71,96,101,104" machi="101" ten="40,12000,1" yaku="1,1,2,1,54,2,53,1" doraHai="106" doraHaiUra="102" who="3" fromWho="1" sc="183,0,303,-120,278,0,216,140" /><INIT seed="3,1,0,4,1,78" ten="183,183,278,356" oya="3" hai0="128,41,131,119,48,19,43,100,58,73,135,114,50" hai1="6,2,122,87,28,105,55,1,124,24,61,97,71" hai2="79,46,38,84,75,64,106,99,133,68,35,59,77" hai3="13,67,111,15,30,54,104,94,36,29,118,14,17"/><W10/><G118/><T4/><D73/><U116/><E122/><V11/><F133/><W34/><G104/><T72/><D100/><U57/><E116/><V20/><F35/><W18/><G36/><T107/><D4/><U5/><E124/><V92/><F75/><W91/><G67/><T123/><D19/><U81/><E2/><V74/><F68/><W62/><G111/><T52/><D72/><U22/><E71/><V39/><F106/><W115/><G115/><T82/><D82/><U16/><E1/><V8/><F74/><W0/><G0/><T3/><D107/><U47/><E105/><V93/><F20/><N who="3" m="11311" /><G34/><T89/><D89/><U88/><E97/><V51/><F39/><W12/><G54/><T125/><D3/><U85/><E47/><V134/><F38/><W83/><G83/><T7/><D7/><U90/><E28/><N who="3" m="10858" /><G62/><T129/><D119/><U95/><AGARI ba="1,0" hai="5,6,16,22,24,55,57,61,81,85,87,88,90,95" machi="95" ten="20,12000,2" yaku="0,1,7,1,8,1,52,1,54,2" doraHai="78" who="1" fromWho="1" sc="183,-31,183,123,278,-31,356,-61" /><INIT seed="4,0,0,3,3,62" ten="152,306,247,295" oya="0" hai0="129,96,125,104,103,67,44,15,69,80,11,135,89" hai1="46,28,68,108,63,29,123,38,9,13,1,106,85" hai2="110,12,113,45,43,77,132,130,55,101,40,49,124" hai3="91,57,74,2,122,128,33,81,30,76,99,119,36"/><T86/><D125/><U72/><E72/><V24/><F124/><W47/><G119/><T6/><D129/><U52/><E1/><V26/><F113/><W115/><G115/><T66/><D135/><U90/><E123/><V131/><F110/><W64/><G128/><N who="2" m="49193" /><F132/><W116/><G116/><T48/><D69/><U18/><E108/><V25/><F77/><W7/><G122/><T73/><REACH who="0" step="1"/><D73/><REACH who="0" ten="142,306,247,295" step="2"/><U42/><E106/><V56/><F101/><W21/><G74/><T78/><D78/><U70/><E70/><V111/><F111/><W65/><G76/><T133/><D133/><U50/><E68/><V100/><F100/><W32/><G32/><T19/><D19/><U39/><E39/><V88/><F88/><W112/><G33/><T118/><D118/><U105/><E38/><V92/><F92/><W109/><G36/><T117/><D117/><U61/><E105/><V60/><F40/><AGARI ba="0,1" hai="6,11,15,40,44,48,66,67,80,86,89,96,103,104" machi="40" ten="30,12000,1" yaku="1,1,7,1,52,2,53,1" doraHai="62" doraHaiUra="84" who="0" fromWho="2" sc="142,130,306,0,247,-120,295,0" /><INIT seed="4,1,0,0,0,63" ten="272,306,127,295" oya="0" hai0="107,70,0,94,28,57,122,127,119,45,35,61,14" hai1="125,12,65,121,69,30,124,34,13,53,6,49,117" hai2="7,112,17,83,64,81,37,25,133,55,9,26,41" hai3="87,43,32,116,15,29,110,33,134,21,19,105,71"/><T103/><D122/><U76/><E121/><V101/><F112/><W8/><G105/><T96/><D119/><U68/><E117/><V100/><F133/><W109/><G116/><T97/><D0/><U38/><E38/><V10/><F37/><W39/><G71/><T130/><D130/><U22/><E76/><V20/><F41/><W73/><G73/><T98/><D127/><U99/><E34/><N who="3" m="13418" /><G87/><T92/><D45/><U60/><E69/><V3/><F55/><W27/><G43/><T48/><D48/><U5/><E99/><V123/><F123/><W108/><G39/><T16/><D70/><U4/><E30/><V78/><F64/><W47/><G47/><T104/><D28/><U129/><E129/><V93/><F81/><W51/><G51/><T115/><D35/><U74/><E74/><V88/><F10/><W90/><G90/><T114/><D107/><U118/><E118/><V86/><REACH who="2" step="1"/><F26/><REACH who="2" ten="272,306,117,295" step="2"/><W62/><G62/><T24/><D24/><U132/><E132/><AGARI ba="1,1" hai="8,15,19,21,27,29,108,109,110,132,134" m="13418" machi="132" ten="40,2600,0" yaku="34,2" doraHai="63" who="3" fromWho="1" sc="272,0,306,-29,117,0,295,39" /><INIT seed="5,0,0,1,4,71" ten="272,277,117,334" oya="1" hai0="49,90,108,19,0,24,47,86,110,22,54,79,87" hai1="67,123,119,112,125,80,3,30,34,23,26,12,33" hai2="64,75,60,39,91,129,63,93,78,132,101,36,31" hai3="52,42,51,73,8,40,35,121,103,6,10,59,45"/><U111/><E123/><V11/><F129/><W89/><G121/><T14/><D0/><U32/><E119/><V46/><F132/><W1/><G35/><T44/><D44/><U27/><E67/><V85/><F101/><W82/><G103/><T17/><D79/><U48/><E48/><V55/><F31/><W100/><G100/><T68/><D68/><U88/><E111/><V69/><F11/><W5/><G59/><T118/><D118/><U131/><E131/><V104/><F104/><W20/><G20/><T135/><D87/><U15/><E80/><V96/><F75/><W117/><G117/><T128/><D128/><U95/><E125/><V122/><F122/><W56/><G56/><T70/><D70/><U106/><E106/><V105/><F63/><W41/><G89/><T83/><REACH who="0" step="1"/><D135/><REACH who="0" ten="262,277,117,334" step="2"/><U94/><E3/><V109/><F109/><W29/><G29/><T120/><D120/><U98/><E112/><V66/><F66/><W50/><G73/><T57/><D57/><U74/><E74/><V126/><F126/><W127/><G127/><T99/><D99/><U21/><REACH who="1" step="1"/><E94/><REACH who="1" ten="262,267,117,334" step="2"/><V25/><F105/><W28/><G1/><T61/><D61/><U130/><E130/><V2/><F2/><W114/><G51/><T124/><D124/><U37/><E37/><V4/><F39/><W13/><G114/><T77/><D77/><U65/><E65/><V58/><F78/><W133/><G133/><T18/><D18/><AGARI ba="0,2" hai="12,15,18,21,23,26,27,30,32,33,34,88,95,98" machi="18" ten="40,12000,1" yaku="1,1,54,1,53,2" doraHai="71" doraHaiUra="16" who="1" fromWho="0" sc="262,-120,267,140,117,0,334,0" /><INIT seed="5,1,0,3,5,119" ten="142,407,117,334" oya="1" hai0="23,108,56,83,120,60,52,31,99,55,86,29,49" hai1="33,109,50,53,17,73,84,1,12,11,62,129,42" hai2="25,79,127,113,68,94,27,103,10,41,7,70,43" hai3="8,21,38,2,65,118,98,22,107,18,4,134,64"/><U75/><E109/><V133/><F133/><W20/><G118/><T71/><D71/><U3/><E129/><V16/><F127/><W121/><G134/><T0/><D0/><U82/><E33/><V106/><F106/><W40/><G121/><T81/><D108/><U91/><E42/><V63/><F113/><W135/><G135/><T97/><D120/><U112/><E112/><V126/><F126/><W78/><G64/><T130/><D130/><U45/><E62/><V90/><F79/><W54/><G65/><T36/><D36/><U67/><REACH who="1" step="1"/><E67/><REACH who="1" ten="142,397,117,334" step="2"/><V110/><F110/><W114/><G114/><T128/><D128/><U37/><E37/><V6/><F63/><W35/><G35/><T131/><D131/><U76/><E76/><V14/><F70/><W59/><G78/><T47/><D83/><U92/><E92/><V46/><F68/><W19/><G40/><T85/><D81/><U104/><E104/><V66/><F66/><W61/><G38/><T80/><D80/><U15/><E15/><V102/><F41/><W69/><G69/><T105/><D105/><U13/><E13/><V48/><F27/><W101/><AGARI ba="1,1" hai="2,4,8,18,19,20,21,22,54,59,61,98,101,107" machi="101" ten="30,1100,0" yaku="0,1" doraHai="119" who="3" fromWho="3" sc="142,-4,397,-6,117,-4,334,24" /><INIT seed="6,0,0,3,1,17" ten="138,391,113,358" oya="2" hai0="72,51,97,77,66,8,129,127,125,39,81,36,121" hai1="6,87,104,84,0,21,123,3,76,59,99,114,11" hai2="78,40,105,23,34,53,55,43,80,44,88,89,57" hai3="56,14,91,112,2,35,135,86,25,106,75,94,48"/><V52/><F34/><W58/><G2/><T64/><D121/><U117/><E117/><V38/><F105/><W7/><G75/><T98/><D129/><U41/><E41/><N who="2" m="15947" /><F38/><W31/><G106/><T130/><D51/><U120/><E114/><V69/><F69/><W30/><G112/><T18/><D18/><U62/><E3/><V20/><F44/><W128/><G128/><T67/><D8/><U124/><E76/><V73/><F73/><W71/><G71/><T1/><D1/><U19/><E104/><V103/><F103/><W132/><G31/><T93/><D130/><U85/><E99/><V46/><F46/><W54/><G58/><T60/><D60/><U28/><E28/><V63/><F78/><W45/><G45/><T29/><D29/><U49/><E49/><V113/><F113/><W15/><G15/><T16/><D16/><U131/><E131/><V102/><F102/><W47/><G47/><T9/><D9/><U82/><E82/><V4/><F4/><W111/><G111/><T13/><D13/><U90/><E90/><N who="2" m="34923" /><F80/><W119/><G119/><T92/><D39/><U61/><E61/><V83/><F83/><W109/><G109/><T101/><REACH who="0" step="1"/><D36/><REACH who="0" ten="128,391,113,358" step="2"/><U42/><E120/><V100/><F100/><AGARI ba="0,1" hai="64,66,67,72,77,81,92,93,97,98,100,101,125,127" machi="100" ten="40,5200,0" yaku="1,1,2,1,9,1,53,0" doraHai="17" doraHaiUra="118" who="0" fromWho="2" sc="128,62,391,0,113,-52,358,0" /><INIT seed="7,0,0,2,1,130" ten="190,391,61,358" oya="3" hai0="42,14,83,72,45,89,119,124,112,76,59,6,0" hai1="67,8,28,22,55,122,115,117,118,80,129,12,78" hai2="16,43,5,23,90,65,73,29,41,15,4,135,74" hai3="21,44,108,85,27,99,81,103,39,123,9,93,53"/><W57/><G123/><T33/><D33/><U134/><E122/><V48/><F65/><W102/><G108/><T107/><D119/><N who="1" m="45579" /><E129/><V60/><F29/><W24/><G39/><T30/><D107/><U31/><E115/><V91/><F60/><W126/><G44/><T10/><D112/><U86/><E134/><V58/><F58/><W120/><G120/><T38/><D124/><U34/><E67/><V62/><F62/><W87/><G126/><T1/><D30/><N who="1" m="11307" /><E22/><V114/><F114/><W54/><G102/><T131/><D131/><U18/><E55/><N who="3" m="21002" /><G57/><T17/><D59/><U94/><E94/><V32/><F32/><AGARI ba="0,0" hai="8,12,18,32,34,78,80,86" m="11307,45579" machi="32" ten="30,1000,0" yaku="12,1" doraHai="130" who="1" fromWho="2" sc="190,0,391,10,61,-10,358,0" owari="190,-21.0,401,50.0,51,-45.0,358,16.0" /></mjloggm>