<mjloggm ver="2.3"><GO type="41" lobby="0"/><UN n0="%E3%82%86%E2%80%90%E3%81%86" n1="%E5%B0%B1%E6%B4%BB%E7%94%9F%40%E5%B7%9D%E6%9D%91%E8%BB%8D%E5%9B%A3" n2="%E3%81%B9%E3%81%AB%E3%81%8F%E3%82%93" n3="%E5%9C%9F%E6%96%B9%E6%AD%B3%E4%B8%89" dan="14,15,15,16" rate="1877.26,1988.72,2050.74,1963.93" sx="M,M,F,M"/><TAIKYOKU oya="0"/><INIT seed="0,0,0,0,2,92" ten="250,250,250,250" oya="0" hai0="82,10,14,38,28,53,18,34,80,68,59,57,12" hai1="87,110,74,90,2,105,40,6,23,84,56,32,65" hai2="81,33,62,86,22,55,69,4,21,123,116,45,63" hai3="102,133,94,11,108,77,132,120,122,15,78,7,129"/><T51/><D68/><U104/><E74/><V128/><F123/><N who="3" m="47147" /><G108/><T17/><D38/><U20/><E32/><V35/><F128/><W75/><G129/><T29/><D34/><U115/><E110/><V88/><F35/><W89/><G102/><T97/><D97/><U103/><E103/><V36/><F33/><W91/><G75/><T8/><D59/><U64/><E40/><V37/><F37/><W126/><G91/><T24/><D24/><U30/><E90/><V111/><F111/><W96/><G126/><T93/><REACH who="0" step="1"/><D93/><REACH who="0" ten="240,250,250,250" step="2"/><U98/><E56/><N who="2" m="35103" /><F36/><W134/><AGARI ba="0,1" hai="7,11,15,77,78,89,94,96,132,133,134" m="47147" machi="134" ten="40,5200,0" yaku="20,1,13,1,52,1" doraHai="92" who="3" fromWho="3" sc="240,-26,250,-13,250,-13,250,62" /><INIT seed="1,0,0,0,4,74" ten="214,237,237,312" oya="1" hai0="38,72,7,62,18,29,8,81,24,96,93,48,42" hai1="40,79,114,60,32,5,30,101,15,76,34,45,63" hai2="106,75,92,65,55,107,51,47,21,54,26,10,39" hai3="88,28,3,4,118,68,67,84,103,131,91,71,90"/><U1/><E114/><V6/><F75/><W98/><G118/><T127/><D127/><U22/><E32/><V110/><F110/><W46/><G28/><T25/><D18/><U126/><E126/><V80/><F39/><W31/><G31/><T44/><D62/><N who="1" m="23595" /><E34/><V73/><F65/><W108/><G67/><T89/><D48/><N who="1" m="26663" /><E1/><V104/><F54/><W19/><G46/><T33/><D29/><U112/><E112/><V2/><F92/><W134/><G3/><N who="0" m="127" /><D33/><U87/><E101/><V70/><F70/><W100/><G4/><T58/><D58/><U115/><E115/><V123/><F123/><W14/><G91/><T129/><D129/><U37/><E37/><V121/><F121/><W120/><G131/><T9/><D9/><N who="1" m="4527" /><E87/><V41/><F41/><W16/><G120/><T135/><D135/><U86/><E86/><V43/><F43/><W125/><G84/><T12/><D12/><U94/><E94/><V124/><F124/><W99/><G125/><T113/><D113/><U53/><E53/><V59/><F106/><W49/><G14/><T36/><D36/><U117/><E117/><V109/><F104/><W111/><G49/><T13/><D13/><U116/><E116/><V85/><F73/><W20/><G20/><T52/><D52/><U23/><E23/><V128/><F128/><W102/><G102/><T97/><D96/><U122/><E122/><V57/><F107/><W83/><G134/><T61/><D61/><U132/><E132/><V77/><F109/><W69/><G69/><T105/><D105/><U17/><E30/><AGARI ba="0,0" hai="2,6,10,21,26,30,47,51,55,57,59,77,80,85" machi="30" ten="30,2000,0" yaku="7,1,52,1" doraHai="74" who="2" fromWho="1" sc="214,0,237,-20,237,20,312,0" /><INIT seed="2,0,0,2,4,48" ten="214,217,257,312" oya="2" hai0="27,83,67,73,53,0,8,46,80,107,104,10,41" hai1="94,128,60,61,106,112,22,18,24,68,135,12,17" hai2="101,29,79,126,121,20,70,132,81,31,34,14,77" hai3="64,5,116,84,133,36,124,66,90,117,54,91,97"/><V7/><F121/><W89/><G36/><T33/><D67/><U59/><E106/><V62/><F34/><W108/><G5/><T58/><D0/><U39/><E39/><V134/><F126/><W44/><G124/><T111/><D111/><U30/><E128/><V122/><F122/><W131/><G131/><T100/><D100/><U99/><E135/><N who="2" m="51755" /><F101/><W9/><G108/><T13/><D8/><U93/><E112/><V82/><F70/><W15/><G9/><T11/><D11/><U65/><E94/><V103/><F103/><W125/><G125/><T78/><D83/><N who="2" m="31754" /><F62/><W113/><G113/><T63/><D27/><U23/><E60/><V57/><F57/><W87/><G133/><T115/><D33/><U114/><E114/><V49/><F49/><W88/><G117/><T52/><D115/><U37/><E37/><V72/><F72/><W50/><G116/><T43/><D107/><U32/><E68/><V56/><F56/><W85/><G15/><T25/><D104/><U55/><E32/><V47/><F47/><W102/><G102/><T74/><D74/><U76/><E76/><N who="2" m="29259" /><F7/><W127/><G127/><T28/><D46/><U105/><E105/><V40/><F40/><W6/><G6/><T45/><D45/><U119/><E119/><V120/><F120/><W96/><N who="3" m="23040" /><DORA hai="51" /><W19/><G19/><AGARI ba="0,0" hai="14,19,20,29,31" m="29259,31754,51755" machi="19" ten="30,1500,0" yaku="20,1" doraHai="48,51" who="2" fromWho="3" sc="214,0,217,0,257,15,312,-15" /><INIT seed="2,1,0,0,1,19" ten="214,217,272,297" oya="2" hai0="79,66,46,61,51,74,75,93,130,134,116,47,54" hai1="131,103,59,83,100,84,78,89,76,68,3,111,108" hai2="105,50,87,101,71,129,118,33,113,124,99,8,109" hai3="91,53,28,7,15,119,31,85,35,55,86,37,56"/><V69/><F113/><W1/><G119/><T38/><D116/><U27/><E68/><V104/><F118/><W94/><G37/><T25/><D130/><U96/><E3/><V26/><F105/><W133/><G1/><T20/><D79/><N who="1" m="30251" /><E27/><V132/><F124/><W14/><G35/><T128/><D128/><U121/><E59/><V43/><F129/><W67/><G133/><T6/><D6/><U2/><E2/><V48/><F109/><N who="1" m="42057" /><E131/><V0/><F132/><W36/><G36/><T102/><D134/><U21/><E21/><V4/><F87/><W72/><G72/><T77/><D77/><N who="1" m="46191" /><E121/><V52/><F43/><W125/><G56/><N who="0" m="37159" /><D46/><U49/><E49/><V39/><F39/><W115/><G7/><T64/><D38/><U117/><E117/><V5/><F5/><W112/><G67/><T11/><D64/><U97/><E89/><V44/><F50/><W9/><G91/><T13/><D13/><U70/><E70/><V57/><F57/><W60/><G60/><T81/><D11/><U65/><E65/><V23/><F33/><W135/><G135/><T22/><D25/><U45/><E45/><V16/><AGARI ba="1,0" hai="0,4,8,16,23,26,44,48,52,69,71,99,101,104" machi="16" ten="20,12000,1" yaku="0,1,7,1,52,1,54,2" doraHai="19" who="2" fromWho="2" sc="214,-41,217,-41,272,123,297,-41" /><INIT seed="2,2,0,4,0,23" ten="173,176,395,256" oya="2" hai0="46,29,94,81,82,108,87,120,57,27,30,67,72" hai1="51,119,13,48,55,47,32,41,86,60,114,0,73" hai2="83,43,35,79,66,14,62,38,37,3,25,53,24" hai3="133,16,117,92,42,124,85,76,8,134,127,93,135"/><V71/><F3/><W125/><G117/><T5/><D120/><U70/><E73/><V54/><F14/><N who="3" m="7239" /><G42/><T116/><D5/><U56/><E0/><V40/><F43/><W98/><G98/><T19/><D72/><U64/><E32/><V9/><F9/><W21/><G21/><T74/><D74/><U123/><E13/><V20/><F35/><W126/><G126/><T18/><D116/><U59/><E86/><V65/><F65/><W12/><G12/><T91/><D108/><U106/><E106/><V75/><F24/><W84/><G76/><T109/><D109/><U31/><E31/><N who="0" m="11785" /><D46/><U61/><E119/><V101/><F101/><W132/><G132/><T39/><D39/><U58/><E123/><V110/><F110/><W22/><G22/><N who="0" m="13783" /><D19/><U78/><E78/><V7/><F7/><W15/><G15/><T69/><D69/><U6/><E6/><V105/><F105/><W102/><G102/><T100/><D100/><U113/><REACH who="1" step="1"/><E70/><REACH who="1" ten="173,166,395,256" step="2"/><N who="2" m="42327" /><F75/><W45/><G135/><T80/><D80/><U128/><E128/><V17/><F83/><W96/><G134/><T115/><D115/><U77/><E77/><V118/><F79/><W130/><G130/><T49/><D67/><AGARI ba="2,1" hai="41,47,48,51,55,56,58,59,60,61,64,67,113,114" machi="67" ten="30,12000,2" yaku="1,1,7,1,9,1,34,3,53,0" doraHai="23" doraHaiUra="68" who="1" fromWho="0" sc="173,-126,166,136,395,0,256,0" /><INIT seed="3,0,0,3,3,24" ten="47,302,395,256" oya="3" hai0="65,114,2,105,75,103,34,30,61,90,0,25,47" hai1="92,16,9,109,96,129,134,50,3,93,84,35,15" hai2="10,52,72,28,86,7,41,14,77,81,68,66,112" hai3="102,131,115,32,127,79,6,1,20,108,87,8,60"/><W59/><G115/><T125/><D114/><U73/><E73/><V110/><F112/><W71/><G32/><T118/><D118/><U97/><E35/><V42/><F110/><W17/><G71/><T37/><D75/><U39/><E39/><V22/><F72/><W21/><G108/><T99/><D90/><U101/><E109/><V62/><F52/><W116/><G116/><T57/><D125/><U19/><E134/><V26/><AGARI ba="0,0" hai="7,10,14,22,26,28,41,42,62,66,68,77,81,86" machi="26" ten="30,2000,0" yaku="0,1,52,1" doraHai="24" who="2" fromWho="2" sc="47,-5,302,-5,395,20,256,-10" /><INIT seed="4,0,0,2,1,49" ten="42,297,415,246" oya="0" hai0="63,47,7,5,106,50,134,117,96,107,4,43,78" hai1="42,112,9,108,0,72,22,90,97,85,95,99,69" hai2="81,21,36,68,89,73,125,115,91,60,25,66,59" hai3="41,17,103,6,104,53,82,109,14,54,32,88,13"/><T110/><D117/><U12/><E72/><V75/><F36/><W132/><G109/><T133/><D110/><U56/><E108/><V94/><F115/><W8/><G32/><T61/><D78/><U122/><E69/><V37/><F37/><W38/><G132/><N who="0" m="50795" /><D96/><U101/><E0/><V79/><F125/><W57/><G104/><AGARI ba="0,0" hai="4,5,7,43,47,50,61,63,104,106,107" m="50795" machi="104" ten="40,2000,0" yaku="20,1" doraHai="49" who="0" fromWho="3" sc="42,20,297,0,415,0,246,-20" /><INIT seed="4,1,0,2,0,103" ten="62,297,415,226" oya="0" hai0="78,131,63,122,25,27,93,64,91,18,82,46,3" hai1="42,88,33,49,111,75,77,108,130,44,24,61,74" hai2="92,70,134,80,8,32,10,110,123,98,15,71,26" hai3="29,12,126,5,7,54,14,55,11,51,21,16,107"/><T65/><D122/><U119/><E119/><V47/><F110/><W6/><G107/><T109/><D3/><U127/><E127/><V37/><F123/><W62/><G126/><T106/><D109/><U20/><E33/><V34/><F10/><W116/><G116/><T38/><D106/><U101/><E130/><V35/><F26/><N who="0" m="9738" /><D46/><U52/><E101/><V84/><F47/><N who="3" m="28031" /><G29/><T87/><D38/><U105/><E105/><V73/><F134/><W23/><G23/><T79/><D131/><U81/><E74/><V17/><F73/><W115/><G115/><T125/><D125/><U132/><E132/><V102/><F37/><W121/><G121/><T4/><D4/><U28/><E61/><V112/><F112/><W114/><G114/><T68/><D68/><U118/><E118/><V133/><F133/><W43/><G43/><T69/><D69/><U2/><E2/><V53/><F53/><W9/><G12/><T99/><D63/><U72/><E72/><V83/><F70/><W117/><G117/><T19/><D79/><U1/><E1/><V57/><F71/><W90/><G90/><T30/><D30/><U22/><E22/><V128/><F128/><W67/><G67/><AGARI ba="1,0" hai="18,19,64,65,67,78,82,87,91,93,99" m="9738" machi="67" ten="30,1500,0" yaku="8,1" doraHai="103" who="0" fromWho="3" sc="62,18,297,0,415,0,226,-18" /><INIT seed="4,2,0,1,1,9" ten="80,297,415,208" oya="0" hai0="52,22,103,5,121,56,84,122,12,54,107,83,126" hai1="135,90,134,62,29,132,124,129,45,13,86,67,113" hai2="60,47,87,16,51,31,73,59,115,94,26,3,117" hai3="104,98,46,100,75,114,102,81,34,43,70,10,1"/><T65/><D103/><U78/><E78/><V57/><F73/><W85/><G75/><T112/><D107/><U76/><E76/><V123/><F123/><W25/><G100/><T35/><D35/><U4/><E29/><V97/><F3/><W93/><G70/><T125/><D112/><U89/><E129/><V74/><F74/><W40/><G114/><T110/><D65/><U38/><E113/><V68/><F115/><W127/><G104/><T27/><D110/><U6/><E124/><N who="0" m="47721" /><D5/><U108/><E108/><V79/><F68/><W39/><G127/><T50/><D54/><U53/><E13/><V119/><F31/><W92/><G40/><T55/><D55/><U18/><E18/><V19/><F19/><W128/><G128/><T95/><D95/><U80/><E90/><V28/><F16/><W11/><G92/><T105/><D105/><U30/><E30/><V101/><F28/><W99/><G99/><T82/><D12/><U96/><E96/><V42/><F26/><W118/><G25/><T116/><D116/><N who="2" m="44618" /><F60/><W64/><G118/><T120/><D84/><U14/><E14/><V111/><F111/><W8/><G1/><T33/><D33/><U49/><E38/><V24/><F24/><W23/><G34/><T66/><D66/><U61/><E61/><V20/><F20/><W131/><G23/><T17/><AGARI ba="2,0" hai="17,22,27,50,52,56,82,83,120,121,122" m="47721" machi="17" ten="40,3900,0" yaku="18,1,54,1" doraHai="9" who="0" fromWho="0" sc="80,45,297,-15,415,-15,208,-15" /><INIT seed="4,3,0,3,5,81" ten="125,282,400,193" oya="0" hai0="30,102,106,77,31,76,39,107,62,10,122,88,74" hai1="21,82,79,63,85,12,57,67,56,0,46,119,52" hai2="40,71,96,86,41,127,55,5,135,131,78,44,124" hai3="58,123,14,65,53,97,120,112,70,54,34,22,108"/><T15/><D122/><N who="3" m="46633" /><G108/><T1/><D1/><U6/><E119/><V118/><F44/><W114/><G34/><T125/><D39/><U115/><E115/><N who="3" m="44074" /><G70/><T121/><D121/><U68/><E0/><V50/><F55/><W20/><G97/><T83/><D76/><U3/><E3/><V11/><F78/><W129/><G129/><T72/><D72/><U19/><REACH who="1" step="1"/><E6/><REACH who="1" ten="125,272,400,193" step="2"/><V36/><F5/><W28/><G28/><T117/><D117/><U89/><E89/><V95/><F118/><W128/><G128/><T94/><D125/><U27/><E27/><V42/><F131/><W126/><G126/><T84/><D107/><U29/><E29/><V18/><F124/><W43/><G14/><T59/><D102/><U133/><E133/><V60/><F135/><W109/><G109/><T134/><D106/><U51/><AGARI ba="3,1" hai="12,19,21,46,51,52,56,57,63,67,68,79,82,85" machi="51" ten="30,8000,1" yaku="1,1,0,1,52,1,54,1,53,1" doraHai="81" doraHaiUra="45" who="1" fromWho="1" sc="125,-43,272,99,400,-23,193,-23" /><INIT seed="5,0,0,2,4,33" ten="82,371,377,170" oya="1" hai0="97,23,116,128,1,89,37,60,63,122,131,104,39" hai1="65,75,62,88,98,96,53,76,47,46,48,68,52" hai2="18,59,126,100,101,41,55,17,29,105,35,4,120" hai3="94,112,119,123,130,11,70,117,133,22,92,121,21"/><U108/><E108/><V54/><F120/><N who="3" m="46155" /><G70/><T77/><D116/><N who="3" m="44617" /><G11/><T40/><D122/><U3/><E3/><V132/><F18/><W30/><G30/><T83/><D40/><U19/><E19/><V93/><F55/><W85/><G85/><T134/><D23/><N who="3" m="8713" /><G133/><T57/><D134/><U66/><E66/><V135/><F17/><W79/><G79/><T61/><D57/><U82/><E88/><V78/><F59/><W58/><G58/><T42/><D42/><U95/><REACH who="1" step="1"/><E95/><REACH who="1" ten="82,361,377,170" step="2"/><V103/><F93/><W125/><G94/><T124/><D1/><U73/><E73/><V32/><F132/><W109/><G92/><N who="0" m="56463" /><D104/><U25/><E25/><V43/><F105/><W106/><G106/><T113/><D124/><U36/><E36/><V45/><F126/><W84/><G125/><T26/><D26/><U127/><E127/><V67/><F67/><W34/><G109/><T12/><D39/><U87/><E87/><V15/><F135/><W31/><G84/><N who="0" m="48239" /><D37/><U102/><E102/><V51/><F101/><W38/><G38/><T114/><D12/><U14/><E14/><V0/><F100/><W27/><G112/><AGARI ba="0,1" hai="60,61,63,112,113,114,128,131" m="48239,56463" machi="112" ten="30,1000,0" yaku="15,1" doraHai="33" who="0" fromWho="3" sc="82,20,361,0,377,0,170,-10" /><INIT seed="6,0,0,4,0,24" ten="102,361,377,160" oya="2" hai0="8,13,1,100,77,134,120,83,84,50,22,60,95" hai1="90,116,30,106,125,115,49,62,38,70,3,7,36" hai2="27,110,63,41,94,56,135,99,15,96,6,32,132" hai3="112,109,29,54,93,57,105,33,91,124,55,121,74"/><V107/><F110/><W66/><G109/><T75/><D120/><U47/><E106/><V0/><F0/><W20/><G121/><T53/><D60/><U85/><E116/><V59/><F41/><W43/><G105/><T25/><D1/><U122/><E122/><V103/><F6/><W28/><G74/><T123/><D123/><U67/><E115/><V89/><F15/><W72/><G112/><T128/><D128/><U51/><E125/><V104/><F104/><W113/><G124/><T111/><D111/><U82/><E51/><V2/><F2/><W40/><G113/><T101/><D134/><N who="2" m="51242" /><F63/><N who="3" m="38255" /><G72/><T31/><D95/><U61/><E61/><V65/><F65/><W42/><G33/><T19/><REACH who="0" step="1"/><D75/><REACH who="0" ten="92,361,377,160" step="2"/><U133/><E133/><V88/><F89/><W45/><G45/><AGARI ba="0,1" hai="8,13,19,22,25,31,45,50,53,77,83,84,100,101" machi="45" ten="30,12000,2" yaku="1,1,2,1,7,1,8,1,52,1,53,1" doraHai="24" doraHaiUra="14" who="0" fromWho="3" sc="92,130,361,0,377,0,160,-120" /><INIT seed="7,0,0,2,2,52" ten="222,361,377,40" oya="3" hai0="69,64,8,121,93,44,37,86,77,118,101,111,114" hai1="5,104,46,3,39,68,125,130,113,27,6,51,99" hai2="56,124,134,7,14,35,23,91,36,70,28,132,29" hai3="126,60,9,78,33,55,16,12,61,97,129,66,110"/><W105/><G33/><T43/><D118/><U58/><E68/><V49/><F70/><W116/><G116/><T47/><D111/><U67/><E113/><V50/><F35/><W53/><G110/><T94/><D121/><U45/><E3/><V41/><F124/><W76/><G126/><T85/><D114/><U74/><E74/><V48/><F91/><W89/><G129/><T25/><D47/><N who="1" m="17931" /><E104/><V80/><F41/><W103/><G89/><T90/><D8/><U122/><E122/><V92/><F36/><W127/><G127/><T1/><D1/><U32/><E32/><V31/><F92/><W102/><G102/><T20/><D64/><U63/><E39/><V59/><F80/><W108/><G108/><T87/><D69/><U128/><E51/><V40/><F40/><W54/><REACH who="3" step="1"/><G66/><REACH who="3" ten="222,361,377,30" step="2"/><T26/><D101/><U95/><E125/><V79/><F79/><AGARI ba="0,1" hai="9,12,16,53,54,55,60,61,76,78,79,97,103,105" machi="79" ten="40,7700,0" yaku="1,1,2,1,54,1,53,0" doraHai="52" doraHaiUra="62" who="3" fromWho="2" sc="222,0,361,0,377,-77,30,87" /><INIT seed="7,1,0,0,5,3" ten="222,361,300,117" oya="3" hai0="119,115,52,69,100,38,111,57,105,40,106,78,83" hai1="0,25,27,133,114,14,9,23,48,8,121,60,4" hai2="29,76,21,20,126,87,122,61,50,124,47,17,72" hai3="82,112,110,89,118,35,81,62,77,98,68,108,96"/><W5/><G35/><T91/><D111/><N who="3" m="42537" /><G68/><T90/><D115/><U55/><E121/><V39/><F72/><N who="3" m="43175" /><G62/><T43/><D69/><U6/><E133/><V33/><F61/><W135/><G112/><T46/><D43/><U99/><E114/><V131/><F39/><W24/><G24/><T63/><D119/><U31/><E60/><V15/><F33/><W97/><G5/><T129/><D129/><U51/><E55/><V44/><F131/><W37/><G37/><T18/><D106/><U16/><E99/><V85/><F122/><W134/><G118/><T84/><D100/><U95/><E95/><V28/><F28/><W34/><G34/><AGARI ba="1,0" hai="0,4,6,8,9,14,16,23,25,27,31,34,48,51" machi="34" ten="30,7700,0" yaku="7,1,52,2,54,1" doraHai="3" who="1" fromWho="3" sc="222,0,361,80,300,0,117,-80" owari="222,-18.0,441,54.0,300,10.0,37,-46.0" /></mjloggm>