<mjloggm ver="2.3"><GO type="169" lobby="0"/><UN n0="%E3%83%A1%E3%82%AD%E3%83%AD%E3%82%B9" n1="%6B%61%64%75%6B%69%69" n2="%EF%BC%A4%EF%BC%B2%EF%BC%AF%EF%BC%B0" n3="%E3%82%A6%E3%83%AB%E3%83%88%E3%83%A9%E7%AB%8B%E7%9B%B4" dan="16,17,16,17" rate="2031.47,2121.26,2082.44,2178.61" sx="F,M,M,M"/><TAIKYOKU oya="0"/><INIT seed="0,0,0,2,0,117" ten="250,250,250,250" oya="0" hai0="45,37,31,119,63,66,107,72,28,46,25,57,73" hai1="93,124,132,6,112,96,1,33,29,3,106,22,0" hai2="32,74,9,35,75,113,120,110,77,98,12,62,79" hai3="20,123,10,105,18,86,38,55,23,89,44,126,11"/><T102/><D119/><U54/><E106/><V111/><F113/><W27/><G105/><T94/><D107/><U128/><E6/><V133/><F133/><W2/><G126/><T19/><D19/><U61/><E112/><V115/><F115/><W83/><G2/><T4/><D4/><U52/><E33/><N who="2" m="12875" /><F98/><W78/><G123/><T118/><D118/><U8/><E132/><V7/><F62/><W43/><G55/><T135/><D135/><U36/><E36/><V95/><F95/><W34/><G34/><T97/><D28/><U69/><E124/><V64/><F64/><W60/><G60/><T127/><D127/><U68/><E128/><V125/><F125/><W134/><G134/><T5/><D5/><U48/><E8/><V41/><F41/><W91/><G91/><T59/><D59/><U121/><E61/><V101/><F101/><W70/><G70/><T56/><D56/><U16/><E54/><V82/><F82/><W122/><G122/><T100/><D100/><U103/><E121/><V51/><F51/><W130/><G130/><T129/><D129/><U67/><E67/><V40/><F40/><W80/><REACH who="3" step="1"/><G23/><REACH who="3" ten="250,250,250,240" step="2"/><N who="0" m="15807" /><D37/><U42/><E42/><V14/><F120/><W26/><G26/><T85/><D85/><AGARI ba="0,1" hai="10,11,18,20,27,38,43,44,78,80,83,85,86,89" machi="85" ten="30,3900,0" yaku="1,1,7,1,53,1" doraHai="117" doraHaiUra="84" who="3" fromWho="0" sc="250,-39,250,0,250,0,240,49" /><INIT seed="1,0,0,1,1,57" ten="211,250,250,289" oya="1" hai0="17,108,106,65,85,0,43,16,2,69,10,103,15" hai1="107,56,90,30,111,9,132,123,104,62,75,96,24" hai2="105,42,52,55,102,51,40,101,39,49,14,122,31" hai3="97,66,35,19,89,113,79,5,109,92,99,6,37"/><U112/><E123/><V73/><F73/><W12/><G35/><T82/><D108/><U64/><E75/><V58/><F31/><W83/><G37/><T25/><D43/><N who="2" m="16426" /><F105/><W27/><G109/><T76/><D103/><N who="2" m="39434" /><F39/><W61/><G27/><T13/><D106/><U134/><E112/><V29/><F29/><W20/><G97/><T8/><REACH who="0" step="1"/><D25/><REACH who="0" ten="201,250,250,289" step="2"/><U67/><E111/><V120/><F120/><W7/><G113/><T53/><D53/><U32/><E67/><V48/><F122/><W126/><G126/><T121/><D121/><U87/><E9/><V38/><F38/><W47/><G47/><T70/><D70/><U74/><E74/><V71/><F71/><W63/><REACH who="3" step="1"/><G66/><REACH who="3" ten="201,250,250,279" step="2"/><T94/><D94/><N who="1" m="54623" /><E96/><V133/><F55/><W81/><G81/><T78/><D78/><U135/><AGARI ba="0,2" hai="24,30,32,56,62,64,104,107,132,134,135" m="54623" machi="135" ten="30,3000,0" yaku="20,1,52,1" doraHai="57" who="1" fromWho="1" sc="201,-10,250,50,250,-10,279,-10" /><INIT seed="1,1,0,2,5,36" ten="191,300,240,269" oya="1" hai0="73,31,104,63,110,134,45,56,32,123,59,23,12" hai1="99,57,81,88,109,115,117,131,47,3,69,102,25" hai2="58,48,78,96,35,129,100,77,95,87,49,7,111" hai3="121,29,130,91,2,132,94,74,124,101,60,93,51"/><U112/><E117/><V75/><F35/><W21/><G2/><T17/><D104/><U42/><E69/><V28/><F75/><W90/><G74/><T64/><D73/><U44/><E3/><V40/><F28/><W68/><G121/><T46/><D110/><U67/><E47/><N who="2" m="25703" /><F111/><W61/><G101/><T119/><D119/><U126/><E109/><V24/><F24/><W13/><G68/><T39/><D134/><U118/><E118/><V27/><F27/><W16/><G124/><T11/><D11/><U5/><E126/><V0/><F0/><W116/><G29/><T19/><D19/><U34/><E34/><V98/><F7/><W62/><G130/><T37/><D123/><U89/><E131/><V72/><F72/><W30/><G30/><T128/><D128/><U79/><E25/><V41/><F98/><W113/><G113/><T122/><D122/><U125/><E125/><V85/><F129/><W127/><G132/><T9/><D32/><U54/><E5/><V92/><F92/><N who="3" m="35435" /><G127/><T52/><D31/><U4/><E4/><V133/><F133/><W14/><G14/><N who="0" m="9655" /><D64/><U76/><E115/><V105/><F105/><W20/><G116/><T97/><D97/><U71/><E67/><V66/><F66/><W82/><G82/><T120/><D120/><U38/><E112/><V106/><F106/><W135/><G135/><T50/><D12/><U8/><E71/><V15/><F15/><W26/><G13/><T70/><D70/><U1/><E1/><V84/><F58/><W43/><G21/><T33/><D33/><U22/><E22/><RYUUKYOKU ba="1,0" sc="191,-15,300,-15,240,15,269,15" hai2="41,49,77,78,84,85,87,95,96,100" hai3="16,20,26,43,51,60,61,62,90,91" /><INIT seed="2,2,0,4,2,79" ten="176,285,255,284" oya="2" hai0="101,97,38,48,9,115,55,29,119,53,111,100,43" hai1="35,99,110,12,87,109,125,37,71,84,114,54,78" hai2="8,68,49,134,44,5,61,25,16,0,4,129,51" hai3="133,15,108,39,66,47,21,2,23,73,117,118,42"/><V18/><F134/><W70/><G21/><T75/><D75/><U124/><E35/><V122/><F122/><W103/><G15/><T26/><D111/><N who="1" m="42507" /><E37/><V113/><F113/><W40/><G23/><T80/><D115/><U11/><E71/><V34/><F5/><W132/><G108/><T131/><D38/><U19/><E114/><V7/><F7/><W13/><G13/><T72/><D43/><U32/><E32/><V57/><F68/><W6/><G103/><T93/><D131/><U56/><E99/><V88/><F129/><W27/><G27/><T30/><D101/><U116/><E116/><N who="3" m="44650" /><G73/><T69/><D69/><U128/><E128/><V82/><F34/><W126/><G42/><T28/><D119/><U74/><E74/><V83/><F25/><W45/><G45/><T112/><D112/><U36/><E36/><V60/><F44/><W105/><G105/><T64/><D64/><U102/><E102/><V91/><F4/><W96/><G96/><T123/><D123/><U120/><E120/><V10/><REACH who="2" step="1"/><F57/><REACH who="2" ten="176,285,245,284" step="2"/><W59/><G59/><N who="0" m="33191" /><D26/><U106/><E106/><V135/><F135/><W130/><G130/><T33/><D33/><U76/><E56/><V24/><F24/><W65/><G6/><T85/><D9/><U3/><E11/><V67/><F67/><N who="3" m="25611" /><G70/><T86/><D55/><U81/><E54/><V41/><F41/><W107/><G107/><T50/><D29/><U98/><E3/><AGARI ba="2,1" hai="0,3,8,10,16,18,49,51,60,61,82,83,88,91" machi="3" ten="25,18000,2" yaku="1,1,22,2,52,2,54,2,53,0" doraHai="79" doraHaiUra="17" who="2" fromWho="1" sc="176,0,285,-186,245,196,284,0" /><INIT seed="2,3,0,4,4,78" ten="176,99,441,284" oya="2" hai0="115,40,96,122,8,25,1,113,62,127,133,44,3" hai1="17,11,53,49,103,21,94,84,47,129,128,66,89" hai2="82,131,15,111,26,22,114,110,60,37,19,71,46" hai3="108,87,31,104,48,36,126,72,81,124,112,4,43"/><V75/><F114/><W118/><G36/><T9/><D122/><U38/><E38/><V106/><F106/><W102/><G72/><T67/><D127/><N who="3" m="48681" /><G108/><T100/><D133/><U135/><E135/><V117/><F117/><W42/><G118/><T7/><D25/><U51/><E51/><V76/><F131/><W125/><G125/><T68/><D8/><U123/><E123/><V57/><F71/><W56/><G31/><T59/><D59/><U34/><E34/><V105/><F105/><W80/><G4/><T101/><D3/><U134/><E134/><V13/><F37/><W64/><G112/><T0/><D0/><U132/><E132/><V73/><F73/><W130/><G130/><N who="1" m="50282" /><E11/><V61/><F46/><N who="3" m="25695" /><G87/><T2/><D1/><U54/><E66/><N who="2" m="39183" /><F61/><N who="3" m="37927" /><G42/><T74/><D74/><U14/><E103/><V30/><F30/><W95/><G104/><N who="0" m="63495" /><D101/><U88/><E89/><V45/><F45/><W23/><G23/><T32/><D32/><U107/><E107/><V6/><F6/><W29/><G29/><T39/><AGARI ba="3,0" hai="2,7,9,39,40,44,62,67,68,113,115" m="63495" machi="39" ten="30,1100,0" yaku="23,1" doraHai="78" who="0" fromWho="0" sc="176,20,99,-6,441,-8,284,-6" /><INIT seed="3,0,0,0,3,31" ten="196,93,433,278" oya="3" hai0="132,61,77,33,66,19,65,76,98,39,126,108,28" hai1="27,44,97,99,135,105,88,9,81,10,13,116,89" hai2="11,48,37,111,50,75,91,52,133,119,100,86,117" hai3="114,42,18,16,17,55,101,129,26,130,23,0,118"/><W40/><G118/><T83/><D39/><U74/><E135/><V127/><F37/><W8/><G114/><T1/><D132/><U125/><E125/><V38/><F38/><W2/><G101/><T124/><D108/><U128/><E128/><N who="3" m="49258" /><G55/><T78/><D1/><N who="3" m="617" /><G8/><T73/><D65/><U69/><E69/><V131/><F11/><W92/><G92/><T29/><D29/><AGARI ba="0,0" hai="16,17,18,23,26,29,40,42" m="617,49258" machi="29" ten="40,3900,0" yaku="19,1,54,1" doraHai="31" who="3" fromWho="0" sc="196,-39,93,0,433,0,278,39" /><INIT seed="3,1,0,3,5,1" ten="157,93,433,317" oya="3" hai0="109,6,94,128,55,49,42,34,134,44,8,104,95" hai1="64,52,4,38,108,110,77,74,23,135,131,66,57" hai2="98,106,115,121,7,20,130,15,41,120,86,31,24" hai3="102,79,32,40,60,33,58,103,78,97,70,99,2"/><W116/><G70/><T10/><D104/><U59/><E77/><V50/><F115/><W88/><G2/><T0/><D34/><U36/><E74/><V47/><F130/><W30/><G40/><T3/><D128/><U124/><E23/><V9/><REACH who="2" step="1"/><F86/><REACH who="2" ten="157,93,423,317" step="2"/><W21/><G116/><T13/><D134/><U11/><E131/><V117/><F117/><W72/><G72/><T101/><D109/><N who="1" m="42091" /><E135/><V75/><F75/><W81/><G33/><T91/><D101/><AGARI ba="1,1" hai="7,9,15,20,24,31,41,47,50,98,101,106,120,121" machi="101" ten="40,2600,0" yaku="1,1,52,1,53,0" doraHai="1" doraHaiUra="90" who="2" fromWho="0" sc="157,-29,93,0,423,39,317,0" /><INIT seed="4,0,0,4,2,87" ten="128,93,462,317" oya="0" hai0="50,28,116,39,30,22,58,96,88,135,35,9,121" hai1="0,46,17,97,106,69,13,33,104,111,73,41,59" hai2="12,7,129,60,64,133,57,79,56,54,36,37,65" hai3="118,53,55,32,45,42,109,68,122,112,110,3,130"/><T100/><D39/><N who="2" m="14922" /><F79/><W76/><G76/><T40/><D116/><U84/><E73/><V72/><F72/><W132/><G32/><T49/><D35/><U91/><E69/><N who="2" m="42119" /><F12/><W31/><G31/><T67/><D135/><U125/><E111/><V119/><F7/><W16/><G3/><T105/><D121/><U6/><E33/><V14/><F14/><W29/><G29/><T120/><D120/><U5/><E125/><V93/><F93/><W15/><G15/><T80/><D40/><U117/><E117/><V83/><F83/><W85/><G42/><T21/><D9/><U66/><E0/><V34/><F34/><W24/><G24/><T43/><D43/><U8/><E106/><V23/><F23/><N who="0" m="8714" /><D105/><U123/><E123/><V51/><F119/><W124/><G122/><T18/><D100/><U82/><E104/><V48/><F133/><W11/><G132/><T52/><D18/><U74/><E97/><V90/><F65/><W10/><G16/><T99/><D67/><U128/><E74/><V103/><F103/><W126/><G118/><T27/><D27/><U1/><E1/><V127/><F127/><W38/><G126/><T61/><D30/><U92/><E82/><V47/><F129/><W2/><G130/><T63/><D28/><U114/><E128/><V70/><F70/><W62/><G68/><T101/><D101/><U75/><E75/><V19/><F19/><W81/><G124/><T115/><D80/><U20/><E8/><V113/><F113/><W98/><G81/><T25/><D115/><U89/><E114/><V4/><F4/><RYUUKYOKU ba="0,0" sc="128,0,93,0,462,0,317,0" /><INIT seed="5,1,0,4,1,68" ten="128,93,462,317" oya="1" hai0="106,109,135,97,115,53,29,4,89,44,100,82,104" hai1="134,41,80,32,46,87,52,62,38,95,91,64,102" hai2="76,78,122,10,90,70,92,55,130,77,125,3,58" hai3="120,118,117,28,127,35,73,88,132,9,108,39,17"/><U6/><E32/><V63/><F122/><W59/><G73/><T121/><D109/><U98/><E134/><V113/><F125/><W61/><G28/><T131/><D135/><U1/><E6/><V133/><F133/><W99/><G35/><T114/><D121/><U93/><E1/><V2/><F130/><W129/><G108/><T37/><D131/><U67/><REACH who="1" step="1"/><E80/><REACH who="1" ten="128,83,462,317" step="2"/><V74/><F2/><W18/><G132/><T111/><D4/><U124/><E124/><V119/><F3/><W34/><G34/><T23/><D111/><U14/><E14/><V24/><F119/><W11/><G127/><T103/><D82/><U128/><E128/><V30/><F113/><W43/><G129/><T8/><D114/><U94/><E94/><V83/><F92/><W75/><G120/><T60/><D115/><U51/><E51/><V71/><F83/><W26/><G118/><T79/><D106/><U49/><E49/><V27/><F27/><W19/><G26/><T72/><D104/><U48/><E48/><V86/><F24/><W81/><G81/><T112/><D112/><U36/><E36/><V84/><F74/><W126/><G39/><T105/><D37/><U54/><E54/><V5/><F55/><W56/><G126/><T0/><D105/><U123/><E123/><V7/><F5/><W50/><G75/><T116/><D72/><U16/><E16/><V101/><F7/><W69/><G18/><T47/><D116/><U57/><AGARI ba="1,1" hai="38,41,46,52,57,62,64,67,87,91,93,95,98,102" machi="57" ten="30,11700,0" yaku="1,1,0,1,52,1,54,1,53,0" doraHai="68" doraHaiUra="65" who="1" fromWho="1" sc="128,-40,83,130,462,-40,317,-40" /><INIT seed="5,2,0,1,5,73" ten="88,213,422,277" oya="1" hai0="69,135,111,22,42,100,30,7,62,130,82,46,38" hai1="123,0,17,106,54,95,70,127,76,44,118,23,96" hai2="34,124,125,94,5,15,110,21,45,78,48,56,27" hai3="35,57,90,55,4,99,83,1,41,104,115,14,132"/><U43/><E0/><V72/><F110/><W129/><G1/><T8/><D111/><U112/><E70/><V91/><F34/><W18/><G35/><T47/><D135/><U86/><E106/><V80/><F56/><W128/><G4/><T19/><D130/><N who="3" m="50281" /><G41/><T36/><D30/><U31/><E123/><V101/><F101/><W133/><G115/><T105/><D105/><U67/><E67/><V77/><F15/><W108/><G108/><T98/><D82/><N who="1" m="47431" /><E118/><V9/><F9/><N who="3" m="6479" /><G83/><T29/><D29/><U26/><E112/><V103/><F5/><W2/><G2/><T11/><D69/><U10/><E127/><V119/><F119/><W37/><G37/><T114/><D114/><U20/><E43/><V58/><F125/><W89/><G90/><T64/><D42/><U6/><E6/><V97/><F91/><W16/><G16/><T79/><D38/><U88/><E10/><V85/><F124/><W134/><G134/><T49/><D36/><U75/><E75/><V113/><F72/><W102/><G89/><T117/><D8/><U122/><E122/><V120/><F113/><W50/><AGARI ba="2,0" hai="50,55,57,99,102,104,132,133" m="6479,50281" machi="50" ten="30,1100,0" yaku="19,1" doraHai="73" who="3" fromWho="3" sc="88,-5,213,-7,422,-5,277,17" /><INIT seed="6,0,0,0,1,109" ten="83,206,417,294" oya="2" hai0="0,97,56,113,48,74,133,7,112,6,11,76,43" hai1="107,70,130,26,61,115,31,114,110,132,34,52,17" hai2="51,84,23,20,87,9,91,18,60,79,118,4,35" hai3="108,27,5,65,47,89,80,28,12,30,19,63,45"/><V125/><F35/><W121/><G121/><T33/><D33/><U93/><E107/><V128/><F118/><W22/><G108/><T124/><D7/><U88/><E110/><V102/><F102/><W39/><G5/><T96/><D133/><U92/><E132/><V122/><F122/><W129/><G129/><T101/><D124/><U75/><E75/><V127/><F128/><W59/><G39/><T37/><D96/><U86/><E130/><V90/><F60/><W98/><G30/><T44/><D48/><U40/><E40/><V58/><F58/><W13/><G12/><T64/><D56/><N who="1" m="34951" /><E70/><V120/><F51/><W111/><G111/><T54/><D54/><U62/><E62/><V72/><F72/><W126/><G126/><T57/><D57/><U49/><E49/><V85/><F120/><W94/><REACH who="3" step="1"/><G80/><REACH who="3" ten="83,206,417,284" step="2"/><N who="0" m="45079" /><D64/><U69/><E69/><V105/><F4/><W83/><G83/><T68/><D68/><U25/><E25/><V8/><F127/><W66/><G66/><T135/><D135/><U16/><E92/><AGARI ba="0,1" hai="0,6,11,37,43,44,92,97,101,112,113" m="45079" machi="92" ten="30,3900,0" yaku="25,1,52,2" doraHai="109" who="0" fromWho="1" sc="83,49,206,-39,417,0,284,0" /><INIT seed="7,0,0,5,3,104" ten="132,167,417,284" oya="3" hai0="2,76,87,13,57,42,5,82,110,3,107,94,47" hai1="16,54,66,46,123,90,91,23,1,18,39,19,129" hai2="75,12,69,108,62,34,99,44,36,119,117,31,7" hai3="128,133,134,45,109,37,4,135,9,35,105,64,130"/><W17/><G105/><T25/><D107/><U55/><E1/><V33/><F33/><W15/><G64/><T70/><D70/><U118/><E123/><V112/><F99/><W10/><G45/><T84/><D110/><U79/><E129/><N who="3" m="49770" /><G37/><T6/><D6/><U21/><E66/><V132/><F44/><W26/><G109/><T27/><D57/><U113/><E113/><V60/><F36/><W115/><G115/><T51/><D2/><U29/><E29/><V125/><F108/><W24/><G35/><T83/><D94/><U88/><E118/><V49/><F112/><W103/><G103/><T116/><D3/><AGARI ba="0,0" hai="3,4,9,10,15,17,24,26,133,134,135" m="49770" machi="3" ten="40,12000,1" yaku="20,1,19,1,34,2" doraHai="104" who="3" fromWho="0" sc="132,-120,167,0,417,0,284,120" /><INIT seed="7,1,0,5,4,82" ten="12,167,417,404" oya="3" hai0="54,63,10,133,130,106,65,118,89,40,29,36,49" hai1="101,5,45,53,46,33,8,26,62,98,27,123,11" hai2="99,74,34,60,79,6,111,126,105,21,76,131,24" hai3="3,83,107,78,66,9,22,4,12,121,109,128,19"/><W119/><G107/><T92/><D106/><U39/><E33/><V61/><F111/><W37/><G121/><T44/><D29/><U42/><E8/><V120/><F34/><W112/><G119/><T59/><D10/><U90/><E90/><V17/><F74/><W84/><G109/><T13/><D13/><U69/><E45/><V7/><F105/><W113/><G37/><T68/><D118/><U81/><E81/><V104/><F104/><W47/><G128/><T117/><D117/><U14/><E123/><V86/><F120/><W43/><G66/><T115/><D130/><U52/><E27/><V87/><F99/><W96/><G96/><T77/><D77/><N who="2" m="29770" /><F126/><W91/><G78/><T23/><D23/><U85/><E26/><V103/><F103/><W2/><G2/><T41/><D89/><U20/><E20/><V134/><F134/><W88/><G91/><T124/><D92/><U48/><E101/><V114/><F114/><N who="3" m="44139" /><G47/><T75/><D75/><U135/><E98/><V58/><F131/><W35/><G35/><T97/><D97/><U56/><E14/><V67/><F60/><W25/><G3/><T72/><D72/><U51/><E11/><V132/><F132/><W70/><G70/><T122/><D133/><U18/><E135/><V71/><F71/><W64/><G64/><T50/><D122/><U94/><E18/><V16/><F17/><W55/><G43/><N who="0" m="22631" /><D124/><U125/><E125/><V129/><F129/><W93/><G83/><T28/><D115/><U73/><E73/><V0/><F0/><W57/><G55/><N who="0" m="32247" /><D28/><U127/><E127/><RYUUKYOKU ba="1,0" sc="12,10,167,-30,417,10,404,10" hai0="40,41,49,54,63,65,68" hai2="6,7,16,21,24,58,61,67,86,87" hai3="4,9,12,19,22,25,57,84,88,93" /><INIT seed="7,2,0,1,4,109" ten="22,137,427,414" oya="3" hai0="50,53,75,83,13,124,47,121,7,37,74,120,54" hai1="18,57,90,38,36,129,73,123,112,86,115,108,33" hai2="17,100,58,20,62,41,91,43,80,92,131,85,59" hai3="46,6,119,32,23,42,60,67,11,96,10,69,48"/><W9/><G32/><T19/><D7/><U45/><E33/><V29/><F29/><W95/><G23/><T105/><D105/><U134/><E73/><V128/><F58/><W25/><G25/><T78/><D37/><U22/><E108/><V26/><F131/><W24/><G24/><T68/><D68/><U27/><E123/><V52/><F128/><W94/><G119/><T64/><D64/><U84/><E134/><V8/><F8/><W5/><REACH who="3" step="1"/><G94/><REACH who="3" ten="22,137,427,404" step="2"/><T71/><D71/><U79/><E129/><V93/><F93/><W107/><G107/><T102/><D102/><AGARI ba="2,1" hai="5,6,9,10,11,42,46,48,60,67,69,95,96,102" machi="102" ten="40,2000,0" yaku="1,1,53,0" doraHai="109" doraHaiUra="114" who="3" fromWho="0" sc="22,-26,137,0,427,0,404,36" owari="-4,-50.0,137,-26.0,427,23.0,440,53.0" /></mjloggm>