<mjloggm ver="2.3"><GO type="41" lobby="0"/><UN n0="%E3%81%BD%E3%81%BD%E3%81%9F%E3%82%93" n1="%E9%88%B4%E4%BE%8D" n2="%E5%B0%B1%E6%B4%BB%E7%94%9F%40%E5%B7%9D%E6%9D%91%E8%BB%8D%E5%9B%A3" n3="%E7%99%BD%E6%B2%B3%E3%81%84%E3%81%8A%E3%82%8A" dan="13,14,15,13" rate="1813.66,1963.34,1986.18,1868.40" sx="M,M,M,F"/><TAIKYOKU oya="0"/><INIT seed="0,0,0,0,0,47" ten="250,250,250,250" oya="0" hai0="94,29,105,56,42,44,76,9,99,74,102,77,64" hai1="6,17,79,104,32,131,84,8,126,108,13,87,60" hai2="80,48,62,110,92,71,82,58,5,21,53,23,28" hai3="43,49,16,1,7,124,111,15,20,14,34,106,83"/><T101/><D29/><U95/><E104/><V112/><F110/><W65/><G106/><T2/><D56/><U12/><E108/><V97/><F112/><W18/><G34/><T116/><D116/><U35/><E131/><V123/><F123/><W130/><G111/><T103/><D64/><U118/><E126/><V63/><F5/><W30/><G124/><T122/><D122/><U89/><E118/><V107/><F107/><W96/><G96/><T59/><D59/><U4/><E60/><N who="2" m="23083" /><F71/><W90/><G65/><T52/><D52/><U61/><E61/><V93/><F93/><W31/><G7/><T41/><D41/><U55/><E55/><V114/><F114/><W0/><G130/><T19/><D19/><U100/><E100/><N who="2" m="60455" /><F28/><W119/><G119/><T67/><D67/><U68/><E68/><V125/><F125/><W72/><G0/><T78/><D2/><U11/><E17/><V75/><F75/><W24/><G1/><T98/><D9/><U33/><REACH who="1" step="1"/><E79/><REACH who="1" ten="250,240,250,250" step="2"/><V37/><F37/><W40/><G18/><T26/><D26/><U39/><E39/><V22/><AGARI ba="0,1" hai="21,22,23,48,53,58,80,82" m="60455,23083" machi="22" ten="30,2000,0" yaku="8,1,52,1" doraHai="47" who="2" fromWho="2" sc="250,-10,240,-5,250,30,250,-5" /><INIT seed="1,0,0,4,2,47" ten="240,235,280,245" oya="1" hai0="84,126,124,11,58,100,39,54,103,1,20,33,77" hai1="48,10,91,17,2,13,113,88,79,65,38,30,107" hai2="112,53,45,19,62,129,96,82,109,118,101,32,12" hai3="133,60,40,110,59,108,132,16,14,57,9,29,4"/><U64/><E38/><V116/><F118/><W21/><G40/><T49/><D33/><U0/><E113/><V80/><F32/><W128/><G59/><T135/><D39/><U123/><E123/><V125/><F112/><W31/><G57/><T41/><D41/><U106/><E79/><V28/><F116/><W71/><G60/><T52/><D135/><N who="3" m="51785" /><G71/><T134/><D134/><U8/><E30/><N who="3" m="11274" /><G128/><T50/><D20/><U61/><E61/><V51/><F129/><W75/><G75/><T117/><D117/><U122/><E122/><V42/><F125/><N who="0" m="48234" /><D11/><U85/><BYE who="2" /><E85/><V70/><F70/><W114/><G114/><T67/><D1/><AGARI ba="0,0" hai="1,4,9,14,16,21,108,110" m="11274,51785" machi="1" ten="30,7700,0" yaku="20,1,34,2,54,1" doraHai="47" who="3" fromWho="0" sc="240,-77,235,0,280,0,245,77" /><UN n2="%E5%B0%B1%E6%B4%BB%E7%94%9F%40%E5%B7%9D%E6%9D%91%E8%BB%8D%E5%9B%A3" /><INIT seed="2,0,0,3,1,72" ten="163,235,280,322" oya="2" hai0="57,12,66,128,74,51,61,18,100,130,114,42,124" hai1="113,84,37,44,39,29,79,116,4,109,33,64,15" hai2="95,27,98,54,101,67,110,0,5,134,53,123,3" hai3="120,69,90,35,104,85,118,121,52,115,108,80,133"/><V82/><F123/><W21/><G118/><T89/><D74/><U92/><E116/><V103/><F134/><W93/><G35/><T112/><D100/><U50/><E109/><V7/><F110/><W13/><G108/><T125/><D89/><U119/><E113/><N who="0" m="43625" /><D18/><U59/><E33/><V68/><F68/><W81/><G69/><T14/><D12/><U30/><E37/><V65/><F82/><W22/><G104/><T77/><D77/><U58/><E39/><V9/><F27/><W87/><G115/><T117/><D14/><U24/><E119/><V106/><F106/><W129/><G133/><T97/><D97/><U43/><E64/><V111/><F111/><W36/><G13/><T76/><D76/><U31/><E24/><V47/><F47/><W78/><G93/><T91/><D91/><U6/><E6/><V11/><F95/><W63/><G90/><T135/><D117/><U45/><E45/><V107/><F107/><W70/><G81/><T96/><D96/><AGARI ba="0,0" hai="0,3,5,7,9,11,53,54,65,67,96,98,101,103" machi="96" ten="25,2400,0" yaku="22,2" doraHai="72" who="2" fromWho="0" sc="163,-24,235,0,280,24,322,0" /><INIT seed="2,1,0,1,4,14" ten="139,235,304,322" oya="2" hai0="12,43,87,105,104,56,69,44,110,115,0,101,119" hai1="96,98,94,61,8,52,128,39,117,84,129,83,40" hai2="1,120,23,6,46,42,16,32,91,15,62,97,85" hai3="35,41,11,131,38,88,86,10,132,3,45,116,68"/><V13/><F120/><W22/><G116/><T114/><D69/><U20/><E117/><V19/><F32/><W29/><G131/><N who="1" m="50250" /><E39/><V125/><F125/><W95/><G132/><T75/><D0/><U31/><E40/><V28/><F97/><W112/><G112/><T99/><D75/><U17/><E8/><N who="2" m="6183" /><F1/><W77/><G68/><T67/><D119/><U64/><E31/><V57/><F6/><W72/><G35/><T79/><D110/><U92/><E64/><N who="2" m="38991" /><F28/><W76/><G3/><T27/><D105/><U65/><E65/><V74/><F74/><W26/><G72/><T36/><D115/><U60/><E98/><V126/><F126/><W134/><G134/><T18/><D114/><U33/><E33/><V106/><F106/><W135/><G135/><T123/><D123/><U89/><E96/><V58/><F58/><W122/><G122/><T21/><D56/><N who="1" m="34823" /><E61/><V34/><F34/><W81/><G38/><T48/><D36/><U71/><E71/><V51/><F85/><W2/><G86/><T63/><D87/><U124/><E124/><V93/><F91/><W103/><G88/><T54/><D79/><U100/><E100/><V111/><F111/><W80/><G77/><T30/><D43/><U55/><E55/><V24/><F93/><W108/><G76/><T5/><D5/><U4/><E4/><V70/><F70/><W127/><G108/><T66/><D63/><U59/><E59/><V107/><F107/><W9/><G127/><T130/><D130/><U133/><E133/><V53/><F42/><W90/><G41/><T121/><D121/><RYUUKYOKU ba="1,0" sc="139,10,235,10,304,10,322,-30" hai0="12,18,21,27,30,44,48,54,66,67,99,101,104" hai1="17,20,83,84,89,92,94" hai2="15,19,23,24,46,51,53" /><INIT seed="2,2,0,2,2,121" ten="149,245,314,292" oya="2" hai0="101,38,99,21,88,13,16,98,69,77,28,37,119" hai1="29,17,124,31,3,34,64,32,111,70,118,87,116" hai2="75,1,133,8,54,65,93,58,61,66,114,50,35" hai3="47,73,122,18,129,95,39,83,67,27,57,94,63"/><V104/><F104/><W109/><G122/><T45/><D69/><U135/><E64/><V22/><F75/><W7/><G129/><T33/><D77/><U74/><E70/><V82/><F35/><N who="1" m="13353" /><E74/><V132/><F114/><W126/><G7/><T89/><D119/><N who="1" m="45611" /><E87/><V53/><F82/><W128/><G73/><T25/><D99/><U76/><E76/><V59/><F93/><W15/><G83/><T30/><D30/><U92/><E92/><V115/><F115/><W102/><G95/><T108/><D108/><U110/><E135/><N who="2" m="51787" /><F22/><W71/><G94/><T68/><D68/><U49/><E49/><N who="2" m="31023" /><F8/><W97/><G102/><T84/><D45/><U5/><E124/><V2/><F66/><W105/><G67/><T14/><D14/><U9/><E17/><V46/><AGARI ba="2,0" hai="1,2,46,50,54,59,61,65" m="31023,51787" machi="46" ten="30,1500,0" yaku="20,1" doraHai="121" who="2" fromWho="2" sc="149,-7,245,-7,314,21,292,-7" /><INIT seed="2,3,0,4,2,116" ten="142,238,335,285" oya="2" hai0="117,35,98,131,128,75,123,52,67,97,83,42,44" hai1="99,132,7,80,12,78,122,32,89,73,27,105,69" hai2="15,94,59,91,4,33,120,100,54,114,92,38,65" hai3="17,31,88,63,56,57,28,3,118,13,103,95,110"/><V36/><F36/><W76/><BYE who="2" /><G3/><UN n2="%E5%B0%B1%E6%B4%BB%E7%94%9F%40%E5%B7%9D%E6%9D%91%E8%BB%8D%E5%9B%A3" /><T0/><D35/><U2/><E132/><V109/><F33/><W119/><G110/><T34/><D0/><U41/><E69/><V50/><F38/><W26/><G103/><T51/><D34/><U112/><E112/><V101/><F109/><W30/><G76/><T108/><D117/><U58/><E2/><V72/><F114/><W93/><G26/><T9/><D108/><U130/><E130/><N who="0" m="49705" /><D67/><U87/><E41/><V48/><F72/><W111/><G111/><T22/><D9/><U18/><E7/><V68/><F68/><W8/><G95/><T79/><D22/><U104/><E99/><N who="0" m="37897" /><D42/><U86/><E73/><V66/><F120/><AGARI ba="3,0" hai="44,51,52,75,79,83,120,123" m="37897,49705" machi="120" ten="30,7700,0" yaku="19,1,52,2,54,1" doraHai="116" who="0" fromWho="2" sc="142,86,238,0,335,-86,285,0" /><INIT seed="3,0,0,2,4,81" ten="228,238,249,285" oya="3" hai0="13,39,22,59,2,71,120,26,47,85,127,91,70" hai1="68,30,90,96,98,97,50,108,64,21,29,109,123" hai2="105,117,124,122,10,93,102,92,78,28,111,94,126" hai3="41,100,110,1,20,49,8,37,27,57,128,16,34"/><W38/><G128/><T43/><D120/><U118/><E123/><V18/><F28/><W15/><G110/><T17/><D2/><U7/><E118/><V35/><F35/><W40/><G100/><T48/><D127/><N who="2" m="48682" /><F18/><W83/><G1/><T134/><D134/><U12/><E68/><V60/><F10/><W84/><G34/><T52/><REACH who="0" step="1"/><D26/><REACH who="0" ten="218,238,249,285" step="2"/><U89/><E108/><V113/><F122/><W74/><G38/><T125/><D125/><U77/><E109/><V14/><F111/><W33/><G37/><T115/><D115/><U130/><E130/><V46/><F113/><W116/><G116/><T19/><D19/><U55/><E30/><V103/><F117/><W133/><G133/><T63/><D63/><U101/><E29/><V0/><F0/><W9/><G16/><T121/><D121/><U5/><E7/><V69/><F14/><W67/><G15/><T87/><D87/><U36/><E36/><V75/><F60/><W80/><G84/><T31/><D31/><U32/><E5/><V132/><F132/><W73/><G27/><T114/><D114/><U99/><E12/><V58/><F75/><W62/><G74/><T88/><D88/><U95/><E89/><V76/><F102/><W6/><G73/><T51/><D51/><U56/><E90/><V25/><F103/><W3/><G49/><T61/><D61/><U54/><E101/><V107/><F76/><W106/><G62/><T24/><D24/><U4/><E32/><V65/><F78/><W79/><G33/><T86/><D86/><U82/><E50/><V53/><F25/><RYUUKYOKU ba="0,1" sc="218,30,238,-10,249,-10,285,-10" hai0="13,17,22,39,43,47,48,52,59,70,71,85,91" /><INIT seed="4,1,1,0,3,70" ten="248,228,239,275" oya="0" hai0="85,17,128,131,81,125,12,9,28,104,33,87,114" hai1="35,92,58,61,5,76,49,129,94,7,20,22,18" hai2="48,2,16,39,11,21,30,124,132,52,8,107,86" hai3="59,120,73,112,91,54,15,71,55,29,26,3,41"/><T101/><D114/><U116/><E116/><V95/><F107/><W84/><G112/><T82/><D125/><U109/><E35/><V19/><F124/><W64/><G3/><T110/><D110/><U67/><E109/><V14/><F132/><W103/><G73/><T133/><D133/><U68/><E129/><N who="0" m="49737" /><D33/><U56/><E68/><V31/><F39/><W83/><G71/><T45/><D45/><U121/><E121/><V72/><F72/><W62/><G120/><T37/><D37/><U77/><E49/><V100/><F2/><W27/><G103/><T98/><D28/><N who="2" m="10794" /><F19/><W1/><G1/><T25/><D25/><N who="1" m="14487" /><E22/><V43/><F43/><W60/><G41/><T93/><D104/><U135/><E56/><N who="2" m="32775" /><F100/><W0/><G0/><T47/><D47/><U23/><E23/><V34/><F34/><W105/><G105/><T74/><D74/><U126/><E135/><V113/><F113/><W69/><G29/><T42/><D42/><U53/><E126/><V90/><AGARI ba="1,1" hai="8,11,14,16,21,86,90,95" m="32775,10794" machi="90" ten="30,7900,0" yaku="25,1,8,1,54,2" doraHai="70" who="2" fromWho="2" sc="248,-40,228,-21,239,92,275,-21" /><INIT seed="5,0,0,0,2,14" ten="208,207,331,254" oya="1" hai0="83,11,39,87,112,41,109,131,122,66,81,132,29" hai1="104,62,10,90,93,67,49,61,15,35,89,91,59" hai2="86,26,97,43,127,25,113,19,22,16,80,69,72" hai3="46,18,54,34,20,76,53,98,32,110,55,130,111"/><U40/><E104/><V107/><F72/><W33/><G130/><T24/><D66/><U12/><E35/><V57/><F69/><W103/><G76/><T9/><D109/><U120/><E120/><V78/><F113/><W52/><G46/><T77/><D112/><U30/><E30/><V71/><F127/><W3/><G3/><T13/><D132/><U114/><E114/><V74/><F71/><W117/><G117/><T51/><D131/><U50/><E15/><V102/><F43/><W65/><G65/><T133/><D39/><U95/><E62/><V135/><F135/><W124/><G124/><T7/><D133/><U108/><E108/><V96/><F96/><W58/><G58/><T101/><D122/><U99/><E40/><V100/><F100/><W5/><G5/><T92/><D11/><U21/><E21/><V75/><F57/><W17/><N who="3" m="13824" /><DORA hai="60" /><W118/><G118/><T79/><D101/><N who="1" m="60671" /><E93/><V123/><F123/><W105/><REACH who="3" step="1"/><G17/><AGARI ba="0,0" hai="10,12,17,49,50,59,61,67,89,90,91" m="60671" machi="17" ten="30,5800,0" yaku="8,1,52,2" doraHai="14,60" who="1" fromWho="3" sc="208,0,207,58,331,0,254,-58" /><INIT seed="5,1,0,3,1,0" ten="208,265,331,196" oya="1" hai0="42,97,17,27,63,91,99,16,15,36,9,56,20" hai1="51,131,60,110,95,84,46,119,86,125,117,33,11" hai2="113,96,4,35,122,94,126,57,47,18,90,1,13" hai3="120,58,39,19,87,118,41,128,7,44,100,21,40"/><U45/><E33/><V93/><F35/><W92/><G120/><T6/><D36/><U53/><E131/><V48/><F122/><W30/><G128/><T109/><D109/><U3/><E110/><V133/><F126/><W102/><G118/><T32/><D32/><U123/><E123/><V73/><F133/><W59/><G30/><T12/><D42/><U72/><E72/><V135/><F113/><W74/><G74/><T82/><D82/><U106/><E106/><V81/><F135/><W49/><G39/><T121/><D121/><U134/><E125/><V64/><F73/><W69/><G40/><T38/><D38/><U22/><E134/><V25/><F25/><W80/><G69/><T23/><D91/><U88/><E45/><V129/><F129/><W31/><G31/><T52/><AGARI ba="1,0" hai="6,9,12,15,16,17,20,23,27,52,56,63,97,99" machi="52" ten="20,12000,2" yaku="0,1,7,1,8,1,52,1,54,2" doraHai="0" who="0" fromWho="0" sc="208,123,265,-61,331,-31,196,-31" /><INIT seed="6,0,0,5,2,33" ten="331,204,300,165" oya="2" hai0="91,51,69,26,116,104,102,56,89,34,35,64,103" hai1="9,115,82,63,111,31,60,122,129,72,88,15,28" hai2="87,65,120,68,105,6,4,29,52,86,92,134,62" hai3="21,1,49,53,74,8,58,95,22,42,93,77,101"/><V109/><F105/><W54/><G42/><T75/><D69/><U5/><E111/><V97/><F109/><W96/><G77/><T41/><D75/><U110/><E110/><V27/><F120/><W55/><G74/><T125/><D116/><U71/><E115/><V127/><F134/><W133/><G133/><T48/><D125/><U108/><E108/><V98/><F127/><W73/><G73/><T126/><D126/><U70/><E122/><V38/><F38/><W45/><G95/><T107/><D56/><U118/><E118/><V11/><F98/><W14/><G1/><T32/><D26/><U90/><E129/><V36/><F36/><W130/><G130/><T23/><D23/><U79/><E70/><V84/><F11/><W112/><G112/><T131/><D131/><U99/><E99/><V20/><REACH who="2" step="1"/><F52/><REACH who="2" ten="331,204,290,165" step="2"/><W121/><G121/><T113/><D113/><U2/><E9/><V40/><F40/><W19/><REACH who="3" step="1"/><G54/><REACH who="3" ten="331,204,290,155" step="2"/><T85/><D41/><U44/><E72/><V119/><F119/><W83/><G83/><T30/><D64/><U117/><E82/><V76/><F76/><W43/><G43/><T10/><D104/><U94/><E79/><V16/><F16/><W135/><G135/><T47/><D107/><U80/><E117/><V12/><F12/><W106/><G106/><T39/><D39/><U18/><E15/><V3/><F3/><W114/><G114/><T13/><D13/><U0/><E2/><V61/><F61/><AGARI ba="0,2" hai="8,14,19,21,22,45,49,53,55,58,61,93,96,101" machi="61" ten="30,7700,0" yaku="1,1,7,1,8,1,53,1" doraHai="33" doraHaiUra="46" who="3" fromWho="2" sc="331,0,204,0,290,-77,155,97" /><INIT seed="7,0,0,5,0,40" ten="331,204,213,252" oya="3" hai0="61,97,92,90,16,69,11,98,28,74,13,106,9" hai1="115,87,20,27,80,53,101,129,75,70,60,73,124" hai2="134,26,94,102,51,47,1,0,48,18,109,86,58" hai3="66,63,65,125,93,96,122,104,131,130,89,12,54"/><W82/><G122/><T126/><D74/><U31/><E115/><V42/><F109/><W111/><G125/><T8/><D126/><U110/><E110/><V127/><F134/><W34/><G34/><T21/><D69/><U135/><E124/><V76/><F127/><W55/><G111/><T29/><D61/><U4/><E135/><V105/><F105/><W23/><G66/><T10/><N who="0" m="2560" /><DORA hai="38" /><T78/><REACH who="0" step="1"/><D78/><REACH who="0" ten="321,204,213,252" step="2"/><U39/><E129/><V25/><F76/><W84/><G63/><T108/><D108/><U79/><E4/><V15/><F1/><W118/><G130/><T44/><D44/><U68/><E68/><V22/><F0/><W71/><G71/><T120/><D120/><U56/><E39/><V49/><F47/><W3/><G3/><T17/><D17/><U57/><E70/><V85/><F18/><W36/><G36/><T81/><D81/><U114/><E114/><V37/><F58/><W117/><G131/><T91/><D91/><U100/><REACH who="1" step="1"/><E57/><REACH who="1" ten="321,194,213,252" step="2"/><V77/><F37/><W116/><G116/><T121/><D121/><U52/><E52/><V5/><F42/><W35/><G55/><T119/><D119/><U64/><E64/><V33/><F5/><W62/><G117/><T19/><D19/><U43/><E43/><V95/><F77/><W113/><G118/><T132/><D132/><U83/><E83/><V99/><F48/><W103/><G113/><T24/><D24/><U2/><E2/><V14/><F49/><W59/><G59/><T67/><D67/><U88/><E88/><N who="2" m="53519" /><F51/><W50/><G50/><T6/><D6/><RYUUKYOKU ba="0,2" sc="321,15,194,15,213,-15,252,-15" hai0="13,16,21,28,29,90,92,97,98,106" hai1="20,27,31,53,56,60,73,75,79,80,87,100,101" owari="356,45.0,209,-19.0,198,-30.0,237,4.0" /></mjloggm>