<mjloggm ver="2.3"><GO type="97" lobby="0"/><UN n0="%E5%8B%95%E7%94%BB%E7%9B%AE%E7%9A%84%EF%BC%9F" n1="%E5%B0%B1%E6%B4%BB%E7%94%9F%40%E5%B7%9D%E6%9D%91%E8%BB%8D%E5%9B%A3" n2="%E6%A2%B6%E5%8E%9F%E7%A9%BA" n3="%E6%97%A5%E3%80%85%E7%B2%BE%E9%80%B2" dan="14,13,13,15" rate="1906.11,1910.33,1899.44,2058.14" sx="M,M,F,M"/><TAIKYOKU oya="0"/><INIT seed="0,0,0,1,5,36" ten="250,250,250,250" oya="0" hai0="135,45,63,34,18,105,84,56,32,39,54,27,101" hai1="12,70,68,115,95,96,132,73,26,31,7,64,4" hai2="88,121,3,43,66,14,126,13,108,52,134,116,97" hai3="48,87,42,111,35,69,106,33,103,9,107,93,76"/><T81/><D135/><U2/><E73/><V99/><F121/><W130/><G69/><T51/><D39/><U127/><E2/><V112/><F112/><W20/><G111/><T67/><D105/><U82/><E115/><V5/><F116/><W21/><G130/><T89/><REACH who="0" step="1"/><D101/><REACH who="0" ten="240,250,250,250" step="2"/><U91/><E132/><V80/><F108/><W47/><G106/><T125/><D125/><U25/><E127/><V100/><F134/><W102/><G107/><T62/><D62/><U118/><E118/><V59/><F126/><W41/><G103/><T24/><D24/><U37/><E26/><V104/><F99/><W129/><G129/><T90/><D90/><U15/><E37/><V75/><F88/><N who="3" m="53407" /><G102/><T113/><D113/><U133/><E91/><V120/><F120/><W8/><G76/><T40/><D40/><N who="3" m="15465" /><G35/><T71/><D71/><U16/><E70/><V19/><F43/><N who="3" m="24703" /><G33/><T44/><D44/><U61/><E68/><V114/><F114/><W117/><G117/><T22/><AGARI ba="0,1" hai="18,22,27,32,34,45,51,54,56,63,67,81,84,89" machi="22" ten="30,3000,0" yaku="1,1,0,1,53,0" doraHai="36" doraHaiUra="124" who="0" fromWho="0" sc="240,40,250,-10,250,-10,250,-10" /><INIT seed="0,1,0,4,1,14" ten="280,240,240,240" oya="0" hai0="80,7,124,16,106,66,92,89,17,28,45,39,70" hai1="27,131,76,18,85,132,40,25,63,103,121,34,123" hai2="36,60,108,102,119,122,107,97,96,61,59,22,109" hai3="84,54,105,13,115,72,62,44,46,104,52,64,93"/><T101/><D124/><U43/><E131/><V82/><F122/><W10/><G72/><T15/><D28/><U31/><E132/><V114/><F119/><W110/><G115/><T83/><D66/><U57/><E121/><V133/><F114/><W32/><G32/><T116/><D70/><U94/><E123/><V3/><F3/><W4/><G110/><N who="2" m="42601" /><F36/><W1/><G1/><T67/><D116/><U100/><E76/><V55/><F82/><W79/><G104/><T29/><D29/><U81/><E81/><V12/><F133/><W95/><G105/><T75/><D67/><U6/><E6/><V87/><F87/><W130/><G130/><T74/><D45/><N who="3" m="17513" /><G79/><N who="0" m="44151" /><D39/><U128/><E128/><V111/><N who="2" m="42609" /><V30/><DORA hai="86" /><F30/><W69/><G69/><T50/><D50/><U0/><E0/><V37/><F37/><W126/><G126/><T23/><D83/><U5/><E5/><V68/><F68/><W24/><G84/><N who="0" m="52263" /><D75/><U88/><E40/><V33/><F33/><W120/><G120/><T71/><D71/><U2/><E2/><V125/><F125/><W42/><G42/><T77/><D77/><U38/><E38/><V113/><F113/><W127/><G127/><T78/><D78/><U19/><E43/><V134/><F134/><W47/><G47/><T73/><D73/><U112/><E112/><V26/><F26/><N who="1" m="9737" /><E34/><V91/><F12/><W99/><G24/><N who="0" m="14439" /><D7/><U49/><E31/><V118/><F118/><W35/><G35/><T51/><D51/><U90/><E49/><N who="2" m="31215" /><F22/><W8/><G13/><T21/><D106/><U56/><E85/><RYUUKYOKU ba="1,0" sc="280,15,240,-15,240,15,240,-15" hai0="15,17,21,101" hai2="60,61,91,96,97,102,107" /><INIT seed="0,2,0,4,1,35" ten="295,225,255,225" oya="0" hai0="112,11,37,5,30,41,20,53,99,122,97,26,15" hai1="34,100,69,9,54,80,28,32,91,85,127,59,120" hai2="23,42,88,76,58,40,55,46,33,22,6,89,111" hai3="98,82,132,25,86,64,134,101,52,74,78,39,8"/><T31/><D122/><U70/><E120/><V66/><F76/><W110/><G39/><T102/><D112/><U7/><E127/><V17/><F33/><W113/><G113/><T49/><D41/><U104/><E104/><V68/><F6/><W93/><G110/><T125/><D37/><U0/><E100/><V38/><F42/><W87/><G64/><T57/><D125/><U130/><E130/><V83/><F83/><W117/><G117/><T128/><D128/><U71/><REACH who="1" step="1"/><E28/><REACH who="1" ten="295,215,255,225" step="2"/><V60/><F111/><W96/><G134/><T108/><D108/><U126/><E126/><V56/><F23/><W94/><G132/><T81/><D102/><U16/><E16/><V61/><REACH who="2" step="1"/><F68/><REACH who="2" ten="295,215,245,225" step="2"/><W75/><G8/><T67/><D31/><U18/><E18/><V19/><F19/><W12/><G25/><AGARI ba="2,2" hai="17,22,25,38,40,46,55,56,58,60,61,66,88,89" machi="25" ten="30,3900,0" yaku="1,1,7,1,54,1,53,0" doraHai="35" doraHaiUra="135" who="2" fromWho="3" sc="295,0,215,0,245,65,225,-45" /><INIT seed="1,0,0,0,4,102" ten="295,215,310,180" oya="1" hai0="11,3,66,19,93,89,15,34,51,32,44,6,10" hai1="13,48,31,69,121,47,84,74,60,83,76,9,26" hai2="27,81,22,65,70,133,111,80,125,82,25,124,63" hai3="56,129,131,103,112,49,16,128,77,71,50,18,95"/><U127/><E127/><N who="2" m="48715" /><F133/><W107/><G71/><T130/><D66/><U46/><E121/><V117/><F117/><W23/><G112/><T54/><REACH who="0" step="1"/><D130/><REACH who="0" ten="285,215,310,180" step="2"/><U45/><E74/><V104/><F111/><W135/><G135/><T37/><D37/><U30/><E69/><V12/><F104/><W33/><G107/><T41/><D41/><U123/><E123/><V92/><F92/><W116/><G116/><T4/><D4/><U0/><E0/><V91/><F80/><W72/><G95/><T29/><D29/><U14/><E31/><V40/><F40/><W100/><G129/><T21/><D21/><N who="1" m="15695" /><E60/><V88/><F81/><W53/><G131/><T38/><D38/><U58/><E9/><V109/><F109/><W55/><G128/><T87/><AGARI ba="0,1" hai="3,6,10,11,15,19,32,34,44,51,54,87,89,93" machi="87" ten="20,2700,0" yaku="1,1,0,1,7,1,53,0" doraHai="102" doraHaiUra="24" who="0" fromWho="0" sc="285,37,215,-13,310,-7,180,-7" /><INIT seed="2,0,0,5,1,65" ten="322,202,303,173" oya="2" hai0="98,88,131,76,29,111,25,1,97,61,14,55,107" hai1="117,70,39,34,72,49,68,38,21,10,41,35,66" hai2="84,124,103,80,11,32,16,44,53,85,126,86,95" hai3="75,73,104,83,120,56,106,31,58,79,36,81,110"/><V2/><F32/><W101/><G36/><T90/><D1/><U122/><E117/><V135/><F135/><W69/><G120/><T30/><D131/><U15/><E72/><V116/><F116/><W8/><G110/><T19/><D111/><U123/><E21/><V92/><F80/><W22/><G8/><T24/><D107/><U17/><E66/><V130/><F130/><W57/><G101/><T108/><D108/><U133/><E133/><V4/><F16/><W63/><G63/><T87/><D76/><U128/><E128/><V0/><F103/><W82/><G69/><N who="1" m="26730" /><E49/><V100/><F100/><W67/><G67/><T23/><D55/><U46/><E38/><V50/><F2/><W12/><G82/><T91/><D61/><U125/><E125/><AGARI ba="0,0" hai="0,4,11,44,50,53,84,85,86,92,95,124,125,126" machi="125" ten="40,2000,0" yaku="18,1" doraHai="65" who="2" fromWho="1" sc="322,0,202,-20,303,20,173,0" /><INIT seed="2,1,0,1,4,62" ten="322,182,323,173" oya="2" hai0="27,69,113,115,55,85,24,33,21,123,6,56,63" hai1="79,98,117,57,70,45,19,68,18,16,71,48,118" hai2="2,11,36,76,135,42,9,29,47,72,126,28,125" hai3="84,38,97,37,30,78,44,132,32,49,127,134,100"/><V99/><F135/><N who="3" m="51755" /><G127/><N who="2" m="48649" /><F99/><W103/><G32/><T106/><D123/><U20/><E79/><V60/><F60/><W12/><G30/><N who="2" m="11881" /><F2/><W93/><G100/><T91/><D33/><U101/><E57/><V8/><F76/><W83/><G12/><T112/><D106/><U89/><E89/><V59/><F59/><W133/><N who="3" m="51763" /><W7/><DORA hai="35" /><G7/><T22/><D69/><U14/><E117/><V13/><F72/><W104/><G104/><T110/><D110/><U4/><E118/><V66/><F66/><W116/><G116/><T109/><D109/><U52/><REACH who="1" step="1"/><E4/><AGARI ba="1,0" hai="4,8,9,11,13,36,42,47" m="11881,48649" machi="4" ten="30,1500,0" yaku="18,1" doraHai="62,35" who="2" fromWho="1" sc="322,0,182,-18,323,18,173,0" /><INIT seed="2,2,0,2,3,50" ten="322,164,341,173" oya="2" hai0="43,19,30,35,52,113,88,90,68,80,42,89,96" hai1="40,57,17,51,131,100,25,7,64,70,60,38,67" hai2="55,33,26,66,117,6,124,75,134,44,130,127,53" hai3="119,65,101,69,102,111,103,11,77,73,128,20,39"/><V24/><F117/><W114/><G119/><T115/><D68/><U37/><E7/><V76/><F130/><W9/><G128/><T23/><D35/><U85/><E131/><V94/><F134/><W106/><G106/><T91/><D30/><U120/><E120/><V71/><F6/><W58/><G69/><T78/><D115/><U116/><E116/><V105/><F105/><W107/><G107/><T112/><D113/><U3/><E3/><V41/><F94/><W2/><G114/><T87/><D112/><U95/><E64/><V48/><F75/><W14/><G111/><T59/><N who="0" m="23040" /><DORA hai="27" /><T63/><REACH who="0" step="1"/><D96/><REACH who="0" ten="312,164,341,173" step="2"/><U72/><E70/><V1/><F33/><W32/><G32/><T98/><D98/><U93/><E93/><V49/><F76/><W47/><G77/><T118/><D118/><U31/><E95/><V133/><F133/><W82/><G82/><T97/><D97/><U122/><E31/><V126/><F1/><W108/><G2/><T125/><D125/><U110/><E122/><V45/><F26/><AGARI ba="2,1" hai="19,23,26,42,43,52,59,63,78,80,87" m="23040" machi="26" ten="50,12000,2" yaku="1,1,8,1,52,1,54,2,53,1" doraHai="50,27" doraHaiUra="123,21" who="0" fromWho="2" sc="312,136,164,0,341,-126,173,0" /><BYE who="2" /><UN n2="%E6%A2%B6%E5%8E%9F%E7%A9%BA" /><INIT seed="3,0,0,0,4,81" ten="448,164,215,173" oya="3" hai0="53,123,28,1,97,67,117,6,69,95,88,73,90" hai1="27,20,56,25,92,112,129,22,116,84,45,122,106" hai2="33,49,99,48,111,127,78,109,94,35,23,43,14" hai3="32,89,70,132,133,87,4,46,96,62,126,63,39"/><W124/><BYE who="2" /><G32/><T64/><D117/><U41/><E106/><V40/><F40/><N who="3" m="22815" /><G4/><T80/><D73/><U107/><E107/><V2/><F2/><W113/><G96/><T13/><D123/><U102/><E122/><V125/><F125/><N who="3" m="48235" /><G113/><UN n2="%E6%A2%B6%E5%8E%9F%E7%A9%BA" /><T118/><D1/><U104/><E104/><V31/><F127/><W100/><G100/><T50/><D69/><U74/><E74/><V55/><F78/><W86/><G70/><T134/><D28/><N who="1" m="17447" /><E129/><V3/><F3/><W0/><G0/><T82/><D134/><N who="3" m="51817" /><G89/><T72/><D118/><U16/><E116/><V66/><F66/><N who="0" m="25130" /><D72/><U114/><E112/><V7/><F43/><W9/><G9/><N who="0" m="4279" /><D90/><N who="1" m="53319" /><E114/><V65/><F65/><W108/><G108/><N who="2" m="41545" /><F55/><W115/><G115/><T42/><D42/><U24/><E102/><N who="2" m="60791" /><F23/><W130/><G130/><T101/><D101/><U19/><E41/><V37/><F37/><W29/><G29/><T105/><D105/><U68/><E68/><V21/><F31/><W93/><G93/><T71/><D71/><U38/><E38/><V60/><F21/><W61/><AGARI ba="0,0" hai="61,62,63,86,87" m="51817,48235,22815" machi="61" ten="40,12000,1" yaku="18,1,20,1,52,2" doraHai="81" who="3" fromWho="3" sc="448,-40,164,-40,215,-40,173,120" /><BYE who="2" /><INIT seed="3,1,0,2,5,81" ten="408,124,175,293" oya="3" hai0="102,67,84,123,42,31,120,130,83,43,114,14,133" hai1="28,118,90,88,111,112,79,115,104,113,3,134,18" hai2="29,91,53,107,9,22,57,122,54,70,34,66,46" hai3="92,8,86,71,105,50,97,6,87,26,101,80,48"/><W58/><G71/><T93/><D130/><U52/><E3/><V32/><F32/><W40/><G105/><UN n2="%E6%A2%B6%E5%8E%9F%E7%A9%BA" /><T65/><D133/><U74/><E104/><V44/><F122/><W19/><G80/><T51/><D114/><U124/><E134/><V106/><F91/><W127/><G127/><T41/><D31/><U36/><E36/><V68/><F29/><W4/><G48/><T109/><D109/><U17/><E124/><V116/><F116/><W12/><G26/><T96/><D14/><U25/><E118/><V61/><F22/><W15/><G6/><T63/><D51/><U100/><E111/><V69/><F34/><W128/><G128/><T131/><D131/><U119/><E119/><V35/><F9/><N who="3" m="6543" /><G58/><T39/><D39/><U94/><E100/><V85/><F35/><W0/><G0/><T78/><REACH who="0" step="1"/><D67/><REACH who="0" ten="398,124,175,293" step="2"/><U132/><E132/><V56/><F56/><AGARI ba="1,1" hai="41,42,43,56,63,65,78,83,84,93,96,102,120,123" machi="56" ten="40,12000,2" yaku="1,1,2,1,52,1,53,3" doraHai="81" doraHaiUra="37" who="0" fromWho="2" sc="398,133,124,0,175,-123,293,0" owari="531,64.0,124,-28.0,52,-45.0,293,9.0" /></mjloggm>