<mjloggm ver="2.3"><GO type="97" lobby="0"/><UN n0="%49%6E%66%74%79" n1="%4C%69%6C%6C%61%6D%6D%6D" n2="%E3%82%A6%E3%83%AB%E3%83%88%E3%83%A9%E7%AB%8B%E7%9B%B4" n3="%E5%B1%B1%E9%87%8E%E3%83%90%E3%83%B3" dan="15,14,14,13" rate="2011.35,1963.30,1939.30,1877.31" sx="F,M,M,M"/><TAIKYOKU oya="0"/><INIT seed="0,0,0,5,2,1" ten="250,250,250,250" oya="0" hai0="74,66,86,25,88,46,117,38,32,127,20,134,120" hai1="102,21,16,53,14,42,133,43,112,26,130,51,28" hai2="52,91,9,3,13,113,70,93,108,63,83,57,135" hai3="101,123,82,36,5,124,48,107,122,73,89,77,47"/><T64/><D120/><N who="3" m="46121" /><G36/><T104/><D134/><U50/><E130/><V126/><F113/><W116/><G116/><T15/><D127/><U61/><E133/><V111/><F135/><W58/><G58/><T106/><D74/><U129/><E129/><V8/><F126/><W27/><G27/><T81/><D32/><U92/><E61/><V34/><F34/><W67/><G67/><T97/><D117/><U40/><E112/><V68/><F83/><W22/><G22/><T2/><D2/><U90/><E102/><V11/><F3/><W131/><G131/><T41/><D15/><U62/><E62/><V85/><REACH who="2" step="1"/><F13/><REACH who="2" ten="250,250,240,250" step="2"/><W7/><G124/><T69/><D69/><AGARI ba="0,1" hai="8,9,11,52,57,63,68,69,70,85,91,93,108,111" machi="69" ten="40,5200,0" yaku="1,1,2,1,54,1,53,0" doraHai="1" doraHaiUra="24" who="2" fromWho="0" sc="250,-52,250,0,240,62,250,0" /><INIT seed="1,0,0,3,2,5" ten="198,250,302,250" oya="1" hai0="92,95,59,132,22,12,84,40,67,82,105,102,91" hai1="122,106,90,80,118,108,31,133,58,134,8,13,104" hai2="111,53,119,18,9,14,6,39,69,101,130,17,120" hai3="11,81,43,70,124,62,15,57,33,109,113,26,1"/><U0/><E122/><V126/><F69/><W56/><G1/><T29/><D132/><N who="1" m="50795" /><E118/><V128/><F39/><W135/><G109/><T35/><D35/><U55/><E0/><V72/><F72/><W30/><G113/><T114/><D105/><U37/><E37/><V54/><F119/><W42/><G70/><T23/><D40/><U127/><E127/><V32/><F32/><W24/><G24/><N who="0" m="16535" /><D114/><U68/><E68/><V27/><F120/><W20/><G33/><T110/><D110/><U21/><E108/><V25/><F111/><W115/><G115/><T86/><D23/><U125/><E21/><V112/><F126/><W41/><G135/><T66/><D12/><U117/><E31/><V89/><F112/><W44/><G44/><T36/><D36/><U78/><E90/><V16/><F89/><W45/><G45/><T98/><D59/><U96/><E96/><V107/><F27/><W46/><G46/><T34/><D34/><U100/><E100/><V74/><F25/><W51/><G124/><T19/><D19/><N who="1" m="8615" /><E125/><V97/><F74/><W93/><G81/><T71/><D71/><U116/><E116/><V123/><F123/><W4/><G93/><T48/><D95/><U129/><E129/><AGARI ba="0,0" hai="6,9,14,16,17,18,53,54,97,101,107,128,129,130" machi="129" ten="40,5200,0" yaku="19,1,52,1,54,1" doraHai="5" who="2" fromWho="1" sc="198,0,250,-52,302,52,250,0" /><INIT seed="2,0,0,4,2,75" ten="198,198,354,250" oya="2" hai0="69,128,124,114,14,40,38,122,94,72,83,77,102" hai1="80,8,2,54,87,22,85,123,135,81,43,70,0" hai2="62,34,45,97,121,53,76,115,21,61,101,71,84" hai3="73,93,105,89,113,9,52,6,18,57,116,33,5"/><V82/><F34/><W56/><G33/><T35/><D122/><U63/><E135/><V15/><F115/><W131/><G105/><T134/><D114/><U23/><E123/><V4/><F71/><W111/><G111/><T132/><D35/><U30/><E43/><V55/><F121/><W48/><G116/><T66/><D14/><U112/><E112/><V129/><F129/><W109/><G109/><T92/><D69/><U36/><E36/><V74/><F74/><W96/><G113/><T39/><D66/><U108/><E108/><V20/><F4/><W7/><G73/><T78/><D40/><U27/><E23/><N who="2" m="8779" /><F15/><N who="3" m="7535" /><G131/><T10/><D10/><U11/><E0/><V31/><F31/><W126/><G126/><T51/><D128/><U106/><E106/><V120/><F120/><W117/><G117/><T65/><D65/><U91/><E2/><V79/><F97/><W104/><G104/><T118/><D124/><U67/><REACH who="1" step="1"/><E54/><REACH who="1" ten="198,188,354,250" step="2"/><V59/><F53/><W3/><G3/><T29/><D118/><U49/><E49/><V130/><F130/><W110/><G110/><T103/><D51/><U16/><E16/><V32/><F61/><W68/><G68/><T47/><D38/><U64/><E64/><V19/><F19/><W95/><G48/><T44/><D39/><U86/><E86/><V46/><F32/><W60/><G57/><T1/><D72/><U42/><E42/><V25/><F55/><W90/><G52/><T119/><D1/><U41/><E41/><V107/><F59/><W28/><G56/><T12/><D119/><U17/><E17/><RYUUKYOKU ba="0,1" sc="198,-10,188,30,354,-10,250,-10" hai1="8,11,22,27,30,63,67,70,80,81,85,87,91" /><INIT seed="3,1,1,3,5,71" ten="188,218,344,240" oya="3" hai0="28,0,109,112,128,14,60,25,47,64,91,19,35" hai1="114,132,100,79,61,130,21,51,88,111,12,44,16" hai2="117,31,82,10,87,24,89,13,30,134,123,50,38" hai3="18,104,92,65,48,46,125,96,84,122,129,43,69"/><W131/><G104/><T108/><D112/><U29/><E114/><V83/><F117/><W77/><G122/><T42/><D128/><N who="3" m="49225" /><G65/><T120/><D120/><U127/><E130/><V5/><F134/><W36/><G69/><T56/><D91/><U58/><E132/><V9/><F123/><W85/><G125/><T20/><REACH who="0" step="1"/><D0/><REACH who="0" ten="178,218,344,240" step="2"/><U2/><E127/><V3/><F3/><W75/><G77/><T105/><D105/><U86/><E2/><V8/><F5/><W110/><G75/><T121/><D121/><U97/><E111/><V34/><F89/><N who="3" m="55311" /><G110/><T80/><D80/><U57/><E79/><V68/><F83/><W72/><G72/><T102/><D102/><U33/><E100/><V32/><F82/><W74/><G74/><T70/><D70/><U135/><E135/><V124/><F68/><W6/><G6/><T54/><D54/><U1/><E1/><V116/><F124/><W59/><G18/><T39/><AGARI ba="1,2" hai="14,19,20,25,28,35,39,42,47,56,60,64,108,109" machi="39" ten="30,7900,0" yaku="1,1,0,1,52,1,53,1" doraHai="71" doraHaiUra="55" who="0" fromWho="0" sc="178,102,218,-21,344,-21,240,-40" owari="280,8.0,197,-30.0,323,42.0,200,-20.0" /></mjloggm>