<mjloggm ver="2.3"><GO type="169" lobby="0"/><UN n0="%6B%61%64%75%6B%69%69" n1="%E3%81%97%E3%81%8A%E3%82%84%E3%81%A0%E3%82%93" n2="%77%61%64%6F%70%72%6F" n3="%E3%82%A6%E3%83%AB%E3%83%88%E3%83%A9%E7%AB%8B%E7%9B%B4" dan="17,17,17,17" rate="2119.18,2208.71,2131.13,2184.24" sx="M,F,M,M"/><TAIKYOKU oya="0"/><INIT seed="0,0,0,3,0,82" ten="250,250,250,250" oya="0" hai0="51,124,46,114,79,52,113,49,93,132,25,17,115" hai1="71,69,42,43,19,16,6,131,118,85,55,89,12" hai2="68,77,112,7,50,74,120,87,80,18,121,21,2" hai3="37,24,67,13,106,75,54,10,45,27,90,29,0"/><T5/><D124/><U119/><E131/><V35/><F35/><W14/><G106/><T31/><D132/><U66/><E6/><V125/><F112/><W111/><G111/><T70/><D70/><U72/><E72/><V28/><F68/><W108/><G108/><T100/><D5/><U123/><E123/><V59/><F28/><W3/><G67/><T63/><D79/><U53/><E66/><V98/><F125/><W91/><G37/><T127/><D127/><U60/><E60/><V9/><F98/><W104/><G104/><T76/><D76/><U117/><E117/><V47/><F59/><W135/><G54/><T57/><D17/><U22/><E22/><V116/><F116/><W15/><G45/><T30/><D51/><U33/><E12/><N who="3" m="4714" /><G91/><T38/><D38/><U44/><E89/><V126/><F126/><W97/><G90/><T107/><D107/><U23/><E23/><V122/><F74/><W109/><G97/><T86/><D25/><N who="3" m="9801" /><G75/><T8/><D8/><U133/><E33/><V64/><F64/><W88/><G88/><T11/><D11/><U102/><E102/><V99/><F99/><W73/><G109/><T84/><D100/><U129/><E44/><V1/><F122/><W20/><G73/><T58/><D93/><U103/><E103/><V39/><F39/><W4/><G135/><T130/><D130/><U56/><E133/><V92/><F92/><W95/><G95/><T101/><D101/><U110/><E110/><V105/><F105/><W94/><G94/><T32/><D32/><U26/><E129/><V36/><F121/><RYUUKYOKU ba="0,0" sc="250,-10,250,-10,250,-10,250,30" hai3="0,3,4,10,15,20,29" /><INIT seed="1,1,0,2,2,78" ten="240,240,240,280" oya="1" hai0="24,22,91,16,85,74,13,66,125,50,108,39,31" hai1="5,59,123,121,116,8,92,26,43,95,114,132,106" hai2="77,76,70,56,20,115,113,45,29,32,53,112,80" hai3="75,88,127,61,105,119,134,72,3,82,10,28,87"/><U117/><E106/><V69/><F32/><W36/><G36/><T1/><D74/><U129/><E43/><V52/><F45/><W96/><G119/><T81/><D39/><U6/><E129/><V12/><F77/><W48/><G28/><T68/><D108/><U110/><E110/><V126/><F126/><W2/><G2/><T9/><D125/><U118/><E132/><V4/><F4/><W133/><G48/><T37/><D37/><U34/><E59/><V122/><F122/><W41/><G61/><T97/><D1/><U63/><E63/><N who="2" m="36231" /><F53/><W128/><G41/><T73/><D73/><N who="3" m="28233" /><G10/><T14/><D14/><U11/><E118/><V7/><F7/><W33/><G33/><T120/><D120/><U98/><E34/><V100/><F100/><N who="3" m="62599" /><G3/><T67/><D68/><U51/><E51/><V103/><F103/><W84/><G127/><T57/><D97/><U19/><E98/><V79/><F79/><N who="3" m="46175" /><G128/><T17/><D31/><U38/><E38/><V89/><F12/><W47/><G47/><T35/><D35/><U86/><E26/><V60/><F60/><W104/><G104/><T131/><D131/><U54/><E54/><AGARI ba="1,0" hai="9,13,16,17,22,24,50,54,57,66,67,81,85,91" machi="54" ten="40,5200,0" yaku="8,1,52,1,54,1" doraHai="78" who="0" fromWho="1" sc="240,55,240,-55,240,0,280,0" /><INIT seed="2,0,0,2,1,114" ten="295,185,240,280" oya="2" hai0="131,50,123,105,7,18,117,44,32,36,19,69,96" hai1="42,33,39,106,20,16,67,102,4,84,118,135,53" hai2="62,85,66,64,63,71,65,128,90,119,6,29,47" hai3="3,87,129,89,72,76,1,41,125,130,52,9,133"/><V73/><F73/><W134/><G41/><T82/><D69/><U22/><E33/><V15/><F128/><N who="3" m="49259" /><G76/><T110/><D32/><U38/><E118/><V120/><F120/><W8/><G72/><T0/><D36/><U61/><E4/><V10/><F29/><W98/><G98/><T13/><D0/><N who="3" m="73" /><G52/><N who="0" m="29767" /><D110/><U80/><E135/><N who="3" m="51722" /><G125/><T45/><D131/><U101/><E42/><V70/><F66/><W11/><G89/><T28/><D123/><U30/><E53/><V58/><F47/><W35/><G87/><T127/><D127/><U27/><E39/><V56/><REACH who="2" step="1"/><F119/><REACH who="2" ten="295,185,230,280" step="2"/><W88/><G88/><T49/><D117/><U97/><E38/><V48/><F48/><W14/><G35/><T54/><D49/><U17/><E67/><V126/><F126/><W109/><G109/><T74/><D45/><U86/><E61/><V75/><F75/><W93/><G93/><AGARI ba="0,1" hai="6,10,15,56,58,62,63,64,65,70,71,85,90,93" machi="93" ten="30,5800,0" yaku="1,1,7,1,9,1,53,0" doraHai="114" doraHaiUra="37" who="2" fromWho="3" sc="295,0,185,0,230,68,280,-58" /><INIT seed="2,1,0,0,1,133" ten="295,185,298,222" oya="2" hai0="12,116,63,18,91,15,114,121,72,81,128,21,40" hai1="104,84,41,71,131,76,75,47,82,124,105,74,79" hai2="10,59,62,61,64,98,44,25,33,97,52,110,102" hai3="68,80,26,92,28,23,134,129,67,100,108,56,43"/><V2/><F110/><W39/><G108/><T83/><D114/><U53/><E131/><V88/><F44/><W89/><G129/><T49/><D121/><U27/><E71/><V93/><F2/><W99/><G68/><T3/><D3/><U30/><E53/><V46/><F10/><W20/><G134/><T109/><D109/><U86/><E86/><V31/><F46/><W103/><G43/><T119/><D128/><U36/><E124/><V7/><F7/><W16/><G39/><T123/><D123/><U117/><E117/><N who="0" m="45129" /><D72/><U113/><E113/><V87/><REACH who="2" step="1"/><F102/><REACH who="2" ten="295,185,288,222" step="2"/><W35/><G100/><T95/><D40/><U45/><E45/><V122/><F122/><W5/><G5/><T17/><D49/><U135/><E135/><V13/><F13/><W77/><G103/><T90/><D63/><U51/><E51/><V125/><F125/><W106/><G26/><T54/><D12/><U111/><E111/><V60/><F60/><W8/><G8/><T94/><D15/><U73/><REACH who="1" step="1"/><E79/><REACH who="1" ten="295,175,288,222" step="2"/><V0/><F0/><W130/><G77/><T42/><D42/><U126/><E126/><V107/><F107/><W29/><G106/><T120/><D120/><U132/><E132/><V1/><F1/><W32/><G130/><T55/><D55/><U19/><E19/><V50/><F50/><W118/><G16/><T85/><D54/><U69/><E69/><AGARI ba="1,2" hai="25,31,33,52,59,61,62,64,69,87,88,93,97,98" machi="69" ten="30,12000,1" yaku="1,1,7,1,54,2,53,1" doraHai="133" doraHaiUra="48" who="2" fromWho="1" sc="295,0,175,-123,288,143,222,0" /><INIT seed="2,2,0,4,1,32" ten="295,52,431,222" oya="2" hai0="76,31,62,109,122,14,2,48,50,113,108,46,81" hai1="106,127,125,130,34,95,68,44,30,16,27,5,38" hai2="63,23,101,135,33,129,77,97,79,61,64,51,1" hai3="105,119,72,19,128,11,83,6,45,96,92,58,36"/><V60/><F33/><W91/><G105/><T84/><D122/><U102/><E68/><V112/><F112/><W120/><G120/><T131/><D113/><U40/><E106/><V89/><F135/><W123/><G123/><T10/><D131/><U29/><E130/><V90/><F129/><W37/><G119/><T80/><D31/><U49/><E30/><V133/><F64/><W28/><G28/><T98/><D98/><U82/><E82/><V114/><F133/><W56/><G128/><T99/><D99/><U115/><E115/><V8/><F23/><W7/><G19/><T69/><D81/><U87/><E38/><V121/><F51/><W78/><G7/><N who="0" m="1399" /><D14/><U85/><E5/><V117/><F117/><W100/><G100/><T126/><D126/><N who="1" m="48139" /><E102/><V94/><F121/><W0/><G37/><T55/><D50/><U54/><E95/><V132/><F132/><W53/><G53/><T124/><D124/><U39/><E16/><V75/><F75/><W35/><G35/><T9/><D9/><U12/><E12/><V24/><F24/><W70/><G70/><T118/><D118/><U116/><E116/><V74/><F74/><W43/><AGARI ba="2,0" hai="0,6,11,36,43,45,56,58,72,78,83,91,92,96" machi="43" ten="30,7900,0" yaku="0,1,25,2,52,1" doraHai="32" who="3" fromWho="3" sc="295,-22,52,-22,431,-41,222,85" /><INIT seed="3,0,0,2,1,119" ten="273,30,390,307" oya="3" hai0="105,76,9,92,117,15,70,43,90,10,103,44,130" hai1="134,16,63,133,82,52,84,98,2,45,112,129,116" hai2="106,87,100,25,135,53,114,27,4,1,14,37,67" hai3="29,99,54,85,34,17,128,95,101,31,122,41,59"/><W69/><G69/><T72/><D70/><U109/><E2/><V28/><F37/><W20/><G128/><T86/><D130/><U121/><E112/><V18/><F67/><W55/><G122/><T23/><D117/><U113/><E113/><V107/><F100/><W32/><G41/><T115/><D115/><U11/><E129/><V13/><F87/><W118/><G118/><T8/><D23/><U120/><E116/><V111/><F53/><W65/><G65/><T91/><D91/><N who="1" m="51607" /><E98/><V0/><F4/><W36/><G36/><T68/><D68/><U22/><E109/><V104/><F104/><W73/><G73/><T57/><D57/><N who="1" m="35239" /><E11/><V24/><F107/><W64/><G64/><T62/><D62/><U7/><E7/><V75/><F106/><W19/><G85/><T30/><D105/><U108/><E45/><V79/><F75/><W97/><G59/><T50/><D103/><U56/><E56/><V46/><F46/><W80/><G101/><T83/><D30/><U60/><E60/><V110/><F28/><W33/><G33/><T61/><D61/><U125/><E125/><V58/><F114/><W96/><G99/><T102/><D102/><U21/><E21/><V71/><F71/><W88/><G20/><T51/><D50/><U74/><E74/><V6/><F111/><W3/><G3/><T49/><D51/><U12/><E108/><V66/><F0/><W132/><G132/><AGARI ba="0,0" hai="12,16,22,120,121,132,133,134" m="35239,51607" machi="132" ten="30,8000,1" yaku="20,1,52,2,54,2" doraHai="119" who="1" fromWho="3" sc="273,0,30,80,390,0,307,-80" /><INIT seed="4,0,0,4,2,35" ten="273,110,390,227" oya="0" hai0="55,19,127,111,36,7,3,103,53,134,5,115,21" hai1="83,73,86,71,128,100,95,78,108,94,57,60,1" hai2="64,82,99,65,31,37,112,133,49,42,93,10,63" hai3="104,119,68,4,77,52,17,96,54,91,6,12,11"/><T26/><D36/><U41/><E108/><V46/><F112/><W13/><G68/><T125/><D115/><U32/><E32/><V33/><F133/><W89/><G119/><T130/><D134/><U16/><E71/><V88/><F33/><W56/><G77/><T81/><D130/><U24/><E128/><V50/><F31/><W131/><G131/><T74/><D111/><U61/><E41/><V38/><F38/><W85/><G104/><T98/><D81/><U76/><E1/><V75/><F65/><W25/><G96/><T121/><D74/><U116/><E116/><V92/><F10/><W70/><G70/><T28/><D28/><U105/><E76/><V126/><F126/><N who="0" m="48138" /><D121/><U14/><E24/><V79/><F93/><W29/><G29/><T122/><D122/><U23/><E73/><V123/><F123/><W107/><G107/><N who="0" m="63991" /><D5/><U118/><E118/><V20/><F20/><W51/><G6/><T27/><D26/><U8/><E23/><V62/><F62/><N who="3" m="36103" /><G25/><T120/><D120/><U44/><E61/><V47/><F47/><N who="3" m="28031" /><G85/><T22/><D21/><AGARI ba="0,0" hai="4,11,12,13,17,21,89,91" m="28031,36103" machi="21" ten="30,2000,0" yaku="8,1,54,1" doraHai="35" who="3" fromWho="0" sc="273,-20,110,0,390,0,227,20" /><INIT seed="5,0,0,4,1,52" ten="253,110,390,247" oya="1" hai0="98,94,77,31,111,12,114,102,89,73,121,51,21" hai1="67,66,135,93,1,13,29,86,82,81,79,118,48" hai2="97,100,30,133,17,25,84,134,72,59,130,40,55" hai3="88,2,115,14,45,112,63,107,34,18,117,90,101"/><U71/><E1/><V69/><F69/><W4/><G34/><T37/><D37/><U116/><E135/><N who="2" m="51723" /><F72/><W53/><G117/><T80/><D111/><U7/><E29/><V0/><F0/><W129/><G129/><T35/><D35/><U57/><E71/><V62/><F130/><W74/><G74/><T56/><D31/><U22/><E118/><V104/><F40/><W120/><G120/><T70/><D70/><U65/><E116/><V26/><F30/><W41/><G4/><T127/><D127/><U92/><E82/><V23/><F84/><W99/><G2/><T78/><D121/><U10/><REACH who="1" step="1"/><E22/><REACH who="1" ten="253,100,390,247" step="2"/><V32/><F32/><W27/><G115/><T43/><D73/><U46/><E46/><V15/><AGARI ba="0,1" hai="15,17,23,25,26,55,59,62,97,100,104" m="51723" machi="15" ten="30,2000,0" yaku="20,1,52,1" doraHai="52" who="2" fromWho="2" sc="253,-5,100,-10,390,30,247,-5" /><INIT seed="6,0,0,2,2,116" ten="248,90,420,242" oya="2" hai0="117,36,133,92,29,38,113,132,37,41,42,122,24" hai1="2,123,70,127,32,134,135,43,129,89,95,57,55" hai2="7,6,3,78,96,75,73,102,17,79,12,121,107" hai3="14,28,130,52,27,100,125,20,64,23,124,105,18"/><V68/><F121/><W1/><G64/><T50/><D113/><U49/><E32/><V120/><F120/><W61/><G100/><T110/><D122/><U112/><E2/><V25/><F25/><W58/><G105/><T62/><D110/><U59/><E123/><V76/><F68/><W109/><G1/><T74/><D74/><U21/><E112/><V86/><F3/><W90/><G109/><T45/><D92/><U26/><E70/><V84/><F7/><W63/><G130/><T104/><D104/><U22/><E129/><V11/><F6/><W114/><G114/><T47/><D24/><U60/><E127/><N who="3" m="48714" /><G90/><T80/><D80/><U51/><E43/><V46/><F46/><W103/><G103/><T88/><D29/><U5/><E5/><V69/><F69/><W93/><G93/><T34/><D88/><U82/><E82/><V48/><F48/><AGARI ba="0,0" hai="14,18,20,23,27,28,48,52,58,61,63" m="48714" machi="48" ten="30,2000,0" yaku="18,1,54,1" doraHai="116" who="3" fromWho="2" sc="248,0,90,0,420,-20,242,20" /><INIT seed="7,0,0,0,5,81" ten="248,90,400,262" oya="3" hai0="55,22,97,87,74,1,35,90,48,20,4,36,122" hai1="89,102,131,114,111,117,40,69,63,44,11,120,70" hai2="46,60,85,109,62,93,57,125,130,119,94,96,31" hai3="71,10,107,65,105,83,14,61,56,116,33,78,66"/><W21/><G33/><T17/><D36/><U18/><E120/><V121/><F109/><W101/><G116/><T13/><D74/><U86/><E102/><V98/><F119/><W5/><G101/><T128/><D122/><U68/><E111/><V19/><F121/><W53/><G21/><T54/><D35/><U51/><E117/><V7/><F130/><W9/><G9/><T126/><D126/><U34/><E34/><V77/><F125/><W16/><G5/><T82/><D128/><U24/><E131/><V88/><F31/><W104/><REACH who="3" step="1"/><G71/><REACH who="3" ten="248,90,400,252" step="2"/><T38/><D4/><U42/><E114/><V41/><F7/><W3/><G3/><T113/><D1/><U110/><E110/><V73/><F19/><W25/><G25/><T80/><D113/><U39/><E39/><V75/><F77/><W2/><G2/><T6/><D38/><U58/><E24/><V26/><F26/><W106/><N who="3" m="26624" /><DORA hai="76" /><W52/><G52/><T43/><D6/><U79/><E79/><V29/><F29/><W129/><G129/><T15/><D22/><U45/><E11/><V99/><F75/><AGARI ba="0,1" hai="10,14,16,53,56,61,65,66,75,78,83" m="26624" machi="75" ten="70,12000,1" yaku="1,1,52,1,54,1,53,0" doraHai="81,76" doraHaiUra="84,32" who="3" fromWho="2" sc="248,0,90,0,400,-120,252,130" owari="248,-15.0,90,-41.0,280,8.0,382,48.0" /></mjloggm>