<mjloggm ver="2.3"><GO type="97" lobby="0"/><UN n0="%4C%61%6B%6B%79" n1="%E5%B0%B1%E6%B4%BB%E7%94%9F%40%E5%B7%9D%E6%9D%91%E8%BB%8D%E5%9B%A3" n2="%E8%8D%BB%E7%94%9F%E4%BA%BA" n3="%E5%B2%A1%CF%80" dan="14,13,14,14" rate="1925.47,1875.30,1873.01,1925.40" sx="M,M,M,F"/><TAIKYOKU oya="0"/><INIT seed="0,0,0,5,1,44" ten="250,250,250,250" oya="0" hai0="30,49,78,116,15,6,92,34,103,58,17,81,14" hai1="21,13,106,95,91,86,69,2,11,7,96,120,1" hai2="31,123,82,0,125,60,105,87,104,43,84,110,62" hai3="88,47,33,16,135,118,20,26,46,112,119,80,132"/><T100/><D116/><U50/><E120/><V114/><F123/><W122/><G122/><T99/><D34/><U65/><E69/><V35/><F114/><W102/><G112/><T79/><D30/><U66/><E2/><V133/><F0/><W126/><G33/><T37/><D37/><U107/><E107/><V9/><F133/><W131/><G102/><N who="0" m="60775" /><D6/><U85/><E106/><V93/><F125/><W70/><G70/><T101/><D81/><U108/><E108/><V27/><F43/><W59/><G126/><T128/><D128/><U97/><E1/><V68/><F110/><W19/><G131/><T57/><D14/><U10/><E21/><V130/><F130/><W90/><G59/><N who="0" m="22539" /><D49/><U53/><E11/><AGARI ba="0,0" hai="11,15,17,78,79,100,101,103" m="22539,60775" machi="11" ten="30,1500,0" yaku="8,1" doraHai="44" who="0" fromWho="1" sc="250,15,250,-15,250,0,250,0" /><INIT seed="0,1,0,5,1,64" ten="265,235,250,250" oya="0" hai0="5,2,81,85,69,48,53,128,58,80,75,35,97" hai1="8,9,130,56,51,131,65,124,108,57,7,42,112" hai2="92,79,115,104,74,78,24,54,66,55,135,109,96" hai3="101,125,94,89,61,121,25,19,34,68,86,83,14"/><T18/><D69/><U106/><E106/><V99/><F115/><W67/><G121/><T10/><D128/><N who="1" m="49195" /><E112/><V107/><F135/><W73/><G125/><T105/><D35/><U1/><E124/><V41/><F41/><W132/><G132/><T6/><D6/><U62/><E108/><V134/><F134/><W39/><G39/><T70/><D70/><N who="1" m="42295" /><E9/><V100/><F109/><W84/><G73/><T27/><D75/><U127/><E127/><V60/><F24/><W21/><G34/><T4/><D4/><U87/><E87/><V45/><F74/><W31/><G101/><T38/><D85/><U46/><AGARI ba="1,0" hai="1,7,8,42,46,51,56,57" m="42295,49195" machi="46" ten="30,2000,0" yaku="19,1,52,1" doraHai="64" who="1" fromWho="1" sc="265,-11,235,23,250,-6,250,-6" /><INIT seed="1,0,0,0,0,92" ten="254,258,244,244" oya="1" hai0="115,49,84,75,13,18,16,105,60,6,125,118,120" hai1="54,10,43,5,0,40,124,91,26,94,86,126,62" hai2="22,63,73,76,129,14,127,35,80,15,33,133,72" hai3="104,46,36,95,58,119,116,42,56,134,110,37,68"/><U51/><E62/><V97/><F133/><W4/><G104/><T107/><D75/><U102/><E102/><V11/><F129/><W70/><G4/><T88/><D115/><U57/><REACH who="1" step="1"/><E26/><REACH who="1" ten="254,248,244,244" step="2"/><V34/><F127/><AGARI ba="0,1" hai="0,5,10,40,43,51,54,57,86,91,94,124,126,127" machi="127" ten="40,7700,0" yaku="1,1,2,1,18,1,53,0" doraHai="92" doraHaiUra="65" who="1" fromWho="2" sc="254,0,248,87,244,-77,244,0" /><INIT seed="1,1,0,4,1,50" ten="254,335,167,244" oya="1" hai0="116,10,46,73,127,132,57,7,102,83,59,93,112" hai1="27,67,94,66,135,16,42,128,120,123,17,38,60" hai2="31,49,108,76,39,33,119,53,18,35,4,118,75" hai3="12,20,81,133,34,68,45,29,110,72,40,1,78"/><U77/><E128/><V113/><F39/><W32/><G68/><T114/><D116/><U134/><E77/><V15/><F113/><W52/><G133/><N who="1" m="50698" /><E38/><V8/><F108/><W71/><G110/><T121/><D127/><U80/><E42/><V90/><F76/><W74/><G71/><T91/><D102/><U55/><E80/><V87/><F75/><W85/><G1/><T105/><D105/><U69/><E94/><V6/><F119/><W3/><G3/><T23/><D23/><N who="1" m="13799" /><E66/><V48/><F118/><W24/><G34/><T86/><D132/><U19/><E55/><V103/><F103/><W36/><G32/><T63/><D46/><U61/><E61/><V84/><F49/><W54/><REACH who="3" step="1"/><G12/><REACH who="3" ten="254,335,167,234" step="2"/><T96/><D112/><U43/><E123/><V2/><F33/><W129/><G129/><T111/><D114/><U115/><E120/><V125/><F125/><W41/><G41/><T44/><D121/><U104/><E115/><V117/><F117/><W100/><G100/><T99/><D63/><U21/><E43/><V82/><F2/><W65/><G65/><T126/><D126/><U58/><E69/><V92/><F35/><W47/><G47/><T89/><D111/><U124/><E124/><V25/><F25/><W70/><G70/><T95/><D44/><U109/><E109/><V30/><F30/><W130/><G130/><T11/><D73/><AGARI ba="1,1" hai="20,24,29,36,40,45,52,54,72,73,74,78,81,85" machi="73" ten="40,8000,1" yaku="1,1,52,2,54,1,53,0" doraHai="50" doraHaiUra="122" who="3" fromWho="0" sc="254,-83,335,0,167,0,234,93" /><INIT seed="2,0,0,2,5,22" ten="171,335,167,327" oya="2" hai0="40,34,48,91,135,59,99,4,77,32,117,95,11" hai1="44,71,52,65,21,45,17,124,108,106,39,82,8" hai2="43,68,5,83,35,96,72,109,38,125,1,134,25" hai3="115,113,47,123,70,76,74,80,57,97,122,129,130"/><V93/><F134/><W46/><G70/><T89/><D117/><U26/><E106/><V19/><F68/><W101/><G57/><T31/><D135/><U29/><E124/><V37/><F125/><W69/><G69/><T90/><D77/><U23/><E108/><V85/><F109/><W0/><G0/><T114/><D114/><N who="3" m="43529" /><G47/><T84/><D31/><U120/><E120/><N who="3" m="46122" /><G46/><T55/><D40/><U121/><E121/><V127/><F127/><W116/><G116/><T111/><D111/><U7/><E82/><V53/><F72/><W20/><G20/><T110/><D110/><U119/><E119/><V94/><F1/><W86/><G86/><T131/><D131/><N who="3" m="50185" /><G97/><T103/><REACH who="0" step="1"/><D84/><REACH who="0" ten="161,335,167,327" step="2"/><U128/><E128/><V81/><F85/><W10/><G10/><T61/><D61/><U75/><E29/><V66/><F5/><W24/><G24/><T6/><D6/><U41/><E8/><V107/><F25/><W64/><G64/><T98/><D98/><U16/><E7/><V73/><F96/><W9/><G9/><T102/><D102/><AGARI ba="0,1" hai="74,76,80,101,102" m="50185,46122,43529" machi="102" ten="40,8000,1" yaku="11,1,19,1,34,2" doraHai="22" who="3" fromWho="0" sc="161,-80,335,0,167,0,327,90" /><INIT seed="3,0,0,5,5,130" ten="81,335,167,417" oya="3" hai0="29,7,64,49,134,0,127,99,21,93,104,18,40" hai1="96,47,60,97,70,68,90,117,98,69,38,111,78" hai2="31,84,22,32,80,128,25,120,10,24,57,131,12" hai3="101,91,107,116,6,35,133,20,15,59,44,74,95"/><W86/><G116/><T92/><D127/><U33/><E117/><V27/><F120/><W76/><G35/><T103/><D134/><U87/><E33/><V2/><F57/><W79/><G133/><T122/><D122/><U118/><E118/><V51/><F51/><W94/><G44/><T23/><D64/><U89/><E111/><V54/><F54/><W119/><G119/><T17/><D29/><U55/><E78/><N who="2" m="46103" /><F2/><W77/><G59/><T123/><D123/><U8/><E38/><V85/><F85/><W1/><G1/><T3/><D40/><U19/><E89/><V88/><F88/><W67/><G67/><T65/><D65/><U36/><E36/><V66/><F66/><W132/><G132/><T124/><D124/><U42/><E42/><V113/><F113/><W106/><G6/><T105/><D49/><U108/><E108/><V129/><F32/><W62/><G62/><T58/><D58/><U115/><E115/><V61/><F61/><W50/><G50/><T16/><D7/><AGARI ba="0,0" hai="7,10,12,22,24,25,27,31,128,129,131" m="46103" machi="7" ten="30,1000,0" yaku="19,1" doraHai="130" who="2" fromWho="0" sc="81,-10,335,0,167,10,417,0" owari="71,-43.0,335,14.0,177,-22.0,417,51.0" /></mjloggm>