<mjloggm ver="2.3"><GO type="97" lobby="0"/><UN n0="%E3%83%89%E3%83%90%E3%82%A4%57%43" n1="%68%6F%68%6F%6E%68%6F" n2="%E3%83%8B%E7%B4%9A%E9%80%9F%E8%A8%98%E5%A3%AB" n3="%E3%82%A6%E3%83%AB%E3%83%88%E3%83%A9%E7%AB%8B%E7%9B%B4" dan="14,13,13,15" rate="1970.21,1900.39,1832.07,1958.85" sx="M,F,M,M"/><TAIKYOKU oya="0"/><INIT seed="0,0,0,5,0,117" ten="250,250,250,250" oya="0" hai0="133,21,80,85,45,0,59,120,37,7,134,19,103" hai1="128,2,65,30,70,55,38,122,42,72,6,69,64" hai2="121,127,28,86,115,126,91,112,96,83,43,93,84" hai3="10,101,20,25,108,99,123,92,97,48,107,50,105"/><T35/><D35/><U62/><E128/><V125/><F43/><W124/><G10/><T106/><D59/><U51/><E30/><V94/><F28/><W22/><G108/><T98/><D0/><U61/><E72/><V88/><F121/><W67/><G67/><BYE who="3" /><T4/><D37/><U23/><E23/><V81/><REACH who="2" step="1"/><F81/><REACH who="2" ten="250,250,240,250" step="2"/><W109/><G109/><T73/><D80/><U52/><E2/><V36/><F36/><W16/><G16/><T75/><D19/><U135/><E6/><UN n3="%E3%82%A6%E3%83%AB%E3%83%88%E3%83%A9%E7%AB%8B%E7%9B%B4" /><V31/><F31/><W57/><G57/><T104/><BYE who="3" /><D4/><U29/><E29/><V9/><F9/><W77/><G77/><AGARI ba="0,1" hai="77,83,84,86,88,91,93,94,96,112,115,125,126,127" machi="77" ten="40,12000,2" yaku="1,1,18,1,34,3,54,1,53,0" doraHai="117" doraHaiUra="100" who="2" fromWho="3" sc="250,0,250,0,240,130,250,-120" /><UN n3="%E3%82%A6%E3%83%AB%E3%83%88%E3%83%A9%E7%AB%8B%E7%9B%B4" /><INIT seed="1,0,0,2,3,93" ten="250,250,370,130" oya="1" hai0="5,58,13,110,65,22,135,6,11,76,31,100,81" hai1="35,74,88,10,61,86,20,101,32,23,25,114,49" hai2="60,57,59,16,15,79,91,73,46,104,4,94,50" hai3="0,83,44,29,85,107,84,54,125,112,89,130,41"/><U115/><E74/><V78/><F104/><W126/><G0/><T19/><D135/><U118/><E101/><V106/><F106/><W87/><G29/><T132/><D132/><U33/><E118/><V134/><F134/><W9/><G107/><T128/><D110/><U108/><E10/><N who="2" m="6263" /><F73/><W97/><G54/><T120/><D120/><U48/><E108/><V12/><F4/><W38/><G9/><T3/><D128/><U39/><E39/><V131/><F12/><W18/><G130/><T53/><D100/><U40/><E61/><V34/><F34/><W72/><G18/><T90/><D90/><U122/><E122/><V14/><F14/><W24/><G24/><T67/><D6/><U66/><E66/><N who="2" m="39183" /><F59/><W127/><G112/><T102/><D102/><U51/><E40/><N who="2" m="24903" /><F131/><W70/><G70/><T75/><REACH who="0" step="1"/><D31/><REACH who="0" ten="240,250,370,130" step="2"/><U80/><REACH who="1" step="1"/><E25/><REACH who="1" ten="240,240,370,130" step="2"/><V95/><F91/><W28/><G28/><T123/><D123/><U43/><E43/><V99/><F78/><N who="3" m="44487" /><G89/><T77/><D77/><U124/><E124/><N who="3" m="31746" /><W71/><DORA hai="98" /><G71/><T2/><D2/><U7/><E7/><V37/><F79/><W27/><G27/><T117/><D117/><U52/><E52/><V21/><F37/><W45/><G41/><T55/><D55/><U64/><E64/><V121/><F121/><W119/><G119/><T47/><D47/><U36/><E36/><V116/><F116/><W8/><G38/><T103/><D103/><U133/><E133/><V30/><F30/><W105/><G45/><T42/><D42/><U111/><E111/><V63/><F63/><AGARI ba="0,2" hai="3,5,11,13,19,22,53,58,63,65,67,75,76,81" machi="63" ten="30,2000,0" yaku="1,1,7,1,53,0" doraHai="93,98" doraHaiUra="96,26" who="0" fromWho="2" sc="240,40,240,0,370,-20,130,0" /><INIT seed="2,0,0,0,1,48" ten="280,240,350,130" oya="2" hai0="77,115,94,12,36,104,85,99,56,106,102,112,6" hai1="66,72,49,87,110,22,27,111,113,91,63,73,5" hai2="78,37,19,121,10,50,61,69,95,52,88,89,125" hai3="67,62,98,28,76,68,107,74,118,108,90,30,34"/><V51/><F121/><W44/><G118/><T64/><D36/><U60/><E113/><N who="0" m="43593" /><D56/><U134/><E5/><V7/><F37/><W33/><G90/><N who="0" m="53583" /><D64/><U21/><E134/><V32/><F32/><W55/><G108/><N who="1" m="41514" /><E49/><V31/><F31/><W2/><G2/><T75/><D12/><U16/><E22/><V133/><F133/><W81/><G44/><T122/><D6/><U100/><E100/><V101/><F69/><W131/><G131/><T25/><D25/><U127/><E127/><V105/><F125/><W24/><G55/><T43/><D43/><U135/><E135/><V14/><F105/><W103/><G30/><T126/><D126/><U0/><E0/><V129/><F129/><W47/><G47/><T41/><D41/><U46/><E46/><V123/><F123/><W20/><G20/><T117/><D122/><U119/><E119/><V65/><F65/><W93/><G93/><N who="0" m="58735" /><D117/><U114/><E114/><V109/><F7/><W45/><G45/><T8/><D8/><U4/><E4/><V83/><F109/><W96/><G96/><T42/><D42/><U97/><E66/><V35/><F51/><W116/><G116/><T15/><D15/><U9/><E97/><N who="2" m="59583" /><F35/><W80/><G34/><T128/><D128/><U92/><E9/><V17/><F61/><AGARI ba="0,0" hai="16,21,27,60,61,63,72,73,87,91,92" m="41514" machi="61" ten="30,2000,0" yaku="14,1,54,1" doraHai="48" who="1" fromWho="2" sc="280,0,240,20,350,-20,130,0" /><INIT seed="3,0,0,3,1,7" ten="280,260,330,130" oya="3" hai0="2,9,18,59,14,86,22,12,13,58,79,26,6" hai1="107,48,55,114,125,54,15,84,130,101,61,120,46" hai2="131,64,74,135,32,82,70,85,35,124,44,110,52" hai3="99,8,36,69,0,17,21,102,77,65,43,29,132"/><W60/><G132/><T88/><REACH who="0" step="1"/><D79/><REACH who="0" ten="270,260,330,130" step="2"/><U42/><E120/><V38/><F135/><W4/><G77/><T100/><D100/><U105/><E101/><V20/><F131/><W96/><G29/><T68/><D68/><U57/><E130/><V93/><F124/><W66/><G66/><T78/><D78/><U129/><E125/><V75/><F64/><W19/><G19/><T53/><D53/><U50/><E129/><V24/><F70/><W27/><REACH who="3" step="1"/><G102/><REACH who="3" ten="270,260,330,120" step="2"/><T39/><D39/><U11/><E114/><V122/><F38/><W45/><AGARI ba="0,2" hai="0,4,8,17,21,27,36,43,45,60,65,69,96,99" machi="45" ten="30,11700,0" yaku="1,1,2,1,0,1,52,1,53,0" doraHai="7" doraHaiUra="109" who="3" fromWho="3" sc="270,-39,260,-39,330,-39,120,137" /><INIT seed="3,1,0,0,3,75" ten="231,221,291,257" oya="3" hai0="102,76,63,19,74,94,5,112,16,87,4,59,113" hai1="52,127,38,50,8,104,46,44,13,14,91,42,35" hai2="55,78,22,2,7,99,17,3,40,15,123,1,30" hai3="36,26,134,135,130,132,53,45,117,83,60,90,128"/><W10/><G117/><T48/><D74/><U109/><E35/><V86/><F40/><N who="3" m="22663" /><G26/><T18/><D48/><U125/><E109/><V89/><F78/><W61/><G10/><T79/><D102/><U122/><E122/><V25/><F123/><W82/><G90/><N who="0" m="53599" /><D4/><U11/><E104/><V72/><F72/><W116/><G83/><T65/><D5/><U64/><E91/><V12/><F99/><W73/><G116/><T131/><D131/><N who="3" m="50217" /><G53/><T67/><D67/><U95/><E95/><V47/><F55/><W43/><G43/><T133/><D133/><U119/><E64/><V93/><F47/><W20/><G20/><T58/><D58/><U88/><E88/><V118/><F118/><W96/><G96/><T77/><D19/><U101/><E101/><V114/><F114/><N who="0" m="44138" /><D16/><U84/><E84/><V29/><REACH who="2" step="1"/><F15/><REACH who="2" ten="231,221,281,257" step="2"/><N who="1" m="5641" /><E119/><V54/><F54/><W6/><G6/><T100/><D100/><U103/><E103/><V92/><F92/><W68/><G68/><T115/><N who="0" m="44146" /><T80/><DORA hai="110" /><D18/><U31/><E31/><V66/><F66/><W97/><G97/><T62/><D65/><U39/><E39/><V120/><F120/><W69/><G69/><T121/><D121/><U105/><E105/><V107/><F107/><W98/><G98/><T0/><D0/><U21/><E21/><V32/><F32/><W108/><G108/><T81/><D59/><U23/><E23/><V71/><F71/><W129/><G129/><T49/><D49/><U56/><E56/><V57/><F57/><W51/><G51/><T106/><D106/><U111/><E111/><RYUUKYOKU ba="1,1" sc="231,0,221,0,281,0,257,0" hai0="62,63,76,77,79,80,81" hai1="8,11,38,42,44,46,50,52,125,127" hai2="1,2,3,7,12,17,22,25,29,30,86,89,93" hai3="60,61,73,82,132,134,135" /><INIT seed="3,2,1,2,5,20" ten="231,221,281,257" oya="3" hai0="127,1,112,104,7,53,115,59,74,55,33,76,58" hai1="52,38,0,77,31,108,71,2,41,118,72,63,93" hai2="68,43,35,84,97,61,19,78,56,73,92,21,132" hai3="114,24,15,100,42,129,36,22,110,102,30,101,75"/><W106/><G75/><T40/><D33/><U87/><E72/><V122/><F35/><W128/><G114/><N who="0" m="43563" /><D104/><U67/><E118/><V124/><F68/><W10/><G110/><T39/><D127/><U57/><E31/><V123/><F124/><W66/><G66/><T130/><D130/><N who="3" m="50281" /><G106/><T65/><D7/><U6/><E108/><V34/><F132/><W135/><G135/><T62/><D1/><U91/><E77/><V133/><F133/><W121/><G121/><N who="2" m="46089" /><F34/><W82/><G82/><N who="0" m="45335" /><D59/><U120/><E120/><V32/><F32/><W5/><G42/><T131/><D131/><U8/><E0/><V23/><F43/><W28/><G36/><T85/><D85/><U70/><REACH who="1" step="1"/><E67/><REACH who="1" ten="231,211,281,257" step="2"/><N who="2" m="39335" /><F73/><W126/><G126/><T116/><D116/><U45/><AGARI ba="2,2" hai="2,6,8,38,41,45,52,57,63,70,71,87,91,93" machi="45" ten="30,7900,0" yaku="1,1,0,1,54,1,53,1" doraHai="20" doraHaiUra="3" who="1" fromWho="1" sc="231,-22,211,105,281,-22,257,-41" owari="209,-29.0,316,41.0,259,6.0,216,-18.0" /></mjloggm>