<mjloggm ver="2.3"><GO type="97" lobby="0"/><UN n0="%E6%8B%99%E8%80%85%EF%BD%9E" n1="%E3%82%A6%E3%83%AB%E3%83%88%E3%83%A9%E7%AB%8B%E7%9B%B4" n2="%4E%6E%31%30%32" n3="%E6%9C%AC%E6%A0%BC%E7%9A%84%E2%99%82%E3%81%A6%E3%82%93%E3%81%BB%E3%81%86" dan="15,15,13,15" rate="1993.78,1953.96,1946.25,2014.53" sx="M,M,M,M"/><TAIKYOKU oya="0"/><INIT seed="0,0,0,2,1,45" ten="250,250,250,250" oya="0" hai0="37,56,23,15,123,107,91,67,28,65,2,57,99" hai1="43,35,83,84,121,19,116,120,113,20,51,38,81" hai2="105,93,24,110,79,21,6,54,76,61,64,122,41" hai3="115,75,40,74,102,33,132,26,100,30,135,16,1"/><T50/><D123/><U125/><E35/><V66/><F105/><W95/><G1/><T73/><D37/><U4/><E38/><V18/><F110/><W52/><G40/><T5/><D2/><U34/><E34/><V71/><F41/><W14/><G115/><T78/><D73/><U89/><E116/><V92/><F66/><N who="0" m="25098" /><D78/><U94/><E113/><V55/><F122/><W128/><G128/><T31/><D107/><U98/><E125/><V17/><F6/><W106/><G106/><T44/><D99/><U77/><E4/><V117/><F117/><W130/><G130/><T124/><D124/><U13/><E83/><V90/><F17/><W126/><G126/><T29/><D91/><U53/><REACH who="1" step="1"/><E43/><REACH who="1" ten="250,240,250,250" step="2"/><V60/><F21/><N who="3" m="11415" /><G33/><T8/><D23/><U49/><E49/><V70/><F60/><W27/><G135/><T22/><D22/><U9/><E9/><V108/><F61/><W88/><G132/><T129/><D129/><U25/><E25/><V86/><F24/><W32/><G32/><T112/><D112/><U39/><E39/><V72/><F108/><W96/><G26/><T3/><D3/><U11/><E11/><V58/><F71/><W82/><G27/><T133/><D133/><U68/><E68/><V111/><F70/><W85/><G30/><T36/><D36/><U69/><E69/><V48/><F111/><W46/><G100/><T127/><D127/><U119/><E119/><V7/><F7/><W42/><G42/><AGARI ba="0,1" hai="5,8,15,28,29,31,42,44,50,56,57" m="25098" machi="42" ten="30,2900,0" yaku="8,1,52,1" doraHai="45" who="0" fromWho="3" sc="250,39,240,0,250,0,250,-29" /><INIT seed="0,1,0,1,5,67" ten="289,240,250,221" oya="0" hai0="79,8,25,50,72,5,36,59,64,45,94,29,118" hai1="9,100,78,134,42,97,48,88,44,119,38,112,132" hai2="80,0,85,123,15,103,110,82,71,1,125,28,65" hai3="49,76,91,105,51,93,114,14,131,22,102,30,52"/><T116/><D36/><U26/><E119/><V113/><F123/><W54/><G114/><T35/><D72/><U74/><E112/><V24/><F82/><W98/><G131/><T115/><D79/><U18/><E78/><V89/><F110/><W17/><G76/><T92/><D115/><U70/><E74/><V4/><F125/><W19/><G30/><T87/><D94/><N who="1" m="56519" /><E48/><V127/><F127/><W63/><G63/><T126/><D126/><U111/><E100/><V7/><F103/><W60/><G60/><T21/><D35/><U20/><E9/><V84/><F84/><W86/><G51/><T39/><D39/><U34/><E34/><V109/><F109/><W83/><G49/><T47/><D47/><U77/><E77/><V129/><F129/><W120/><G120/><T11/><D5/><U107/><E107/><V122/><F122/><W55/><REACH who="3" step="1"/><G17/><REACH who="3" ten="289,240,250,211" step="2"/><T41/><D118/><U23/><E111/><V124/><F113/><W117/><G117/><T40/><D116/><U75/><E38/><V58/><F124/><W101/><G101/><T69/><D40/><U108/><E42/><V99/><F28/><W32/><G32/><T10/><D41/><U81/><E108/><V121/><F121/><W90/><G90/><T12/><D50/><U133/><E133/><V73/><F89/><W68/><G68/><T43/><D69/><U31/><E70/><V66/><F71/><W16/><G16/><T2/><D43/><U3/><E134/><V57/><F73/><W37/><G37/><T56/><D29/><U95/><E75/><V61/><F61/><RYUUKYOKU ba="1,1" sc="289,-10,240,-10,250,-10,211,30" hai3="14,19,22,52,54,55,83,86,91,93,98,102,105" /><INIT seed="1,2,1,0,5,99" ten="279,230,240,241" oya="1" hai0="127,9,55,77,43,105,25,101,124,67,18,42,71" hai1="100,91,87,82,7,69,133,41,85,120,47,113,35" hai2="81,29,93,32,72,112,21,103,38,111,125,58,135" hai3="57,49,110,56,115,5,104,116,76,19,39,108,24"/><U33/><E69/><V13/><F38/><W15/><G39/><T109/><D77/><U130/><E120/><V61/><F111/><N who="3" m="42539" /><G115/><T107/><D109/><U118/><E113/><V134/><F32/><W96/><G116/><T88/><D107/><U114/><E114/><V78/><F125/><N who="0" m="48202" /><D55/><U0/><E118/><V132/><F112/><W123/><G123/><T128/><D128/><U28/><E130/><V60/><F58/><N who="3" m="22635" /><G76/><T27/><D27/><U40/><E133/><V122/><F122/><W86/><G86/><T84/><D67/><U75/><E87/><V90/><F90/><W63/><G63/><T73/><D71/><U98/><E75/><V46/><F46/><W121/><G121/><T45/><D73/><U2/><E41/><V34/><F34/><W12/><G49/><T70/><D70/><U23/><E35/><V50/><F50/><W53/><G53/><T80/><D45/><U44/><E33/><V79/><F79/><W30/><G5/><T31/><D9/><U97/><E7/><V3/><F61/><W131/><G131/><T126/><D126/><U22/><E47/><V51/><F60/><W74/><G74/><T16/><D31/><U10/><E28/><V48/><F29/><W92/><G104/><T66/><D66/><U17/><E44/><V106/><F106/><W89/><G30/><T64/><D64/><U52/><E40/><N who="0" m="15401" /><D25/><U54/><E54/><V119/><F135/><W20/><AGARI ba="2,1" hai="12,15,19,20,24,89,92,96" m="22635,42539" machi="20" ten="30,1100,0" yaku="14,1" doraHai="99" who="3" fromWho="3" sc="279,-5,230,-7,240,-5,241,27" /><INIT seed="2,0,0,2,4,59" ten="274,223,235,268" oya="2" hai0="36,98,64,127,19,80,41,109,22,76,77,92,103" hai1="49,104,84,102,67,129,57,110,89,91,79,38,12" hai2="8,47,81,51,15,44,94,117,122,23,83,3,88" hai3="30,126,135,18,108,114,13,20,52,78,2,48,113"/><V58/><F122/><W73/><G2/><T43/><D109/><U65/><E38/><V72/><F117/><W70/><G70/><T27/><D127/><U45/><E110/><V1/><F58/><N who="3" m="33031" /><G108/><T95/><D36/><U54/><E129/><V14/><F47/><W24/><G78/><T5/><D5/><U42/><E79/><N who="0" m="30281" /><D80/><U96/><E12/><V112/><F72/><W69/><G69/><T100/><D64/><U10/><E10/><V131/><F112/><N who="3" m="43115" /><G73/><T7/><D7/><U85/><E85/><V11/><F131/><W56/><G56/><T33/><D33/><U90/><REACH who="1" step="1"/><E84/><REACH who="1" ten="274,213,235,268" step="2"/><V6/><F1/><W97/><G126/><T26/><D27/><U116/><E116/><V9/><F3/><W125/><G125/><T82/><D82/><U133/><E133/><V119/><F119/><W29/><G135/><T50/><D50/><U63/><AGARI ba="0,1" hai="42,45,49,54,57,63,65,67,89,90,91,96,102,104" machi="63" ten="30,12000,2" yaku="1,1,0,1,52,1,53,3" doraHai="59" doraHaiUra="86" who="1" fromWho="1" sc="274,-30,213,130,235,-60,268,-30" /><INIT seed="3,0,0,0,1,62" ten="244,343,175,238" oya="3" hai0="68,33,107,117,35,100,105,135,111,99,119,29,4" hai1="15,37,38,59,82,8,128,3,13,34,55,28,10" hai2="112,7,19,113,134,27,53,130,76,83,47,131,121" hai3="106,132,85,87,58,69,67,120,0,25,78,17,102"/><W45/><G120/><T75/><D4/><U43/><E3/><V125/><F7/><W80/><G0/><T66/><D135/><U46/><E128/><N who="2" m="49195" /><F19/><W88/><G69/><T42/><D42/><U24/><E38/><V72/><F27/><W61/><G132/><T12/><D12/><U110/><E110/><V50/><F47/><W60/><G106/><T6/><D6/><U133/><E133/><V98/><F50/><W31/><G102/><T108/><D107/><U44/><E44/><V84/><F53/><W90/><G45/><T65/><D75/><U114/><E114/><N who="2" m="44139" /><F134/><W74/><G60/><T122/><D122/><U11/><E59/><V2/><F2/><W64/><G17/><T73/><D73/><U14/><E55/><V52/><F52/><W30/><G64/><N who="0" m="24683" /><D68/><U81/><AGARI ba="0,0" hai="8,10,11,13,14,15,24,28,34,37,43,46,81,82" machi="81" ten="40,1500,0" yaku="0,1" doraHai="62" who="1" fromWho="1" sc="244,-4,343,15,175,-4,238,-7" owari="240,4.0,358,46.0,171,-33.0,231,-17.0" /></mjloggm>