<mjloggm ver="2.3"><GO type="41" lobby="0"/><UN n0="%6D%75%72%61%79%6F%73%69" n1="%6F%63%65%6C%6F%74" n2="%E7%9E%AC%E5%8A%A9" n3="%E5%B0%B1%E6%B4%BB%E7%94%9F%40%E5%B7%9D%E6%9D%91%E8%BB%8D%E5%9B%A3" dan="14,15,15,15" rate="1887.78,2008.14,2049.62,2046.67" sx="M,M,M,M"/><TAIKYOKU oya="0"/><INIT seed="0,0,0,3,4,116" ten="250,250,250,250" oya="0" hai0="6,23,107,93,32,1,89,69,4,48,64,34,14" hai1="112,11,113,66,132,18,52,24,57,68,0,94,20" hai2="101,123,96,5,92,131,104,120,31,58,80,122,82" hai3="13,134,114,29,30,119,56,45,15,97,33,47,39"/><T46/><D107/><U126/><E126/><V72/><F5/><W65/><G114/><N who="1" m="44138" /><E132/><V43/><F43/><W81/><G39/><T95/><D1/><U41/><E41/><V60/><F31/><N who="3" m="11787" /><G33/><T85/><D32/><U9/><E0/><V53/><F131/><W129/><G129/><T125/><D34/><U79/><E79/><V51/><F72/><W86/><G97/><T28/><D125/><U115/><E115/><V130/><F130/><W12/><G134/><T37/><D37/><U117/><E117/><V7/><F7/><W17/><G119/><T22/><D69/><U133/><E133/><V42/><F104/><W100/><G100/><T49/><D64/><U102/><E66/><V59/><REACH who="2" step="1"/><F42/><REACH who="2" ten="250,250,240,250" step="2"/><W27/><G17/><T62/><D28/><U84/><E18/><V44/><F44/><W108/><G47/><T8/><D46/><U55/><E24/><V76/><F76/><N who="3" m="46375" /><G45/><T63/><D6/><U67/><E68/><V111/><F111/><W10/><G27/><T135/><D135/><U19/><E19/><V2/><F2/><W71/><G71/><T54/><D4/><U127/><E127/><V3/><F3/><W70/><G70/><T99/><D14/><U103/><E57/><V121/><N who="2" m="31232" /><DORA hai="109" /><V124/><F124/><W83/><G15/><T91/><D8/><U105/><E9/><V61/><F61/><W38/><G13/><T36/><D62/><U74/><E11/><V50/><F50/><W73/><G12/><T106/><D63/><U87/><E105/><V128/><F128/><W88/><G10/><T21/><D48/><RYUUKYOKU ba="0,1" sc="250,-10,250,-10,240,30,250,-10" hai2="51,53,58,59,60,80,82,92,96,101" /><INIT seed="1,1,1,1,5,57" ten="240,240,270,240" oya="1" hai0="73,125,130,15,59,37,82,63,79,25,69,5,101" hai1="98,134,36,21,133,58,128,4,111,6,17,12,78" hai2="71,35,86,83,88,22,47,1,120,55,96,70,41" hai3="49,38,132,61,3,129,68,118,74,62,8,53,131"/><U24/><E36/><V42/><F35/><W80/><G38/><T117/><D37/><U45/><E128/><N who="3" m="49226" /><G68/><T94/><D130/><U54/><E45/><V65/><F1/><W30/><G30/><T60/><D117/><U100/><E78/><V14/><F120/><W110/><G110/><T9/><D125/><U64/><E64/><V48/><F70/><W87/><G74/><T106/><D106/><U67/><E67/><V93/><F71/><W104/><G104/><T10/><D10/><U116/><E116/><V7/><F65/><W43/><G43/><T113/><D113/><U51/><E111/><V2/><F2/><W29/><G29/><T115/><D115/><U18/><E133/><V75/><F75/><W121/><G132/><T95/><D101/><U27/><E134/><V20/><F20/><W109/><G109/><T112/><D112/><U127/><E127/><V92/><F92/><W31/><G31/><T39/><D39/><U13/><E4/><V135/><F135/><W23/><G23/><T107/><D107/><U40/><E6/><V50/><F50/><W85/><G121/><T81/><D69/><U32/><E40/><V11/><REACH who="2" step="1"/><F22/><REACH who="2" ten="240,240,260,240" step="2"/><W0/><G118/><T76/><D94/><N who="1" m="58455" /><E32/><V124/><F124/><W102/><G3/><T119/><D95/><U105/><E105/><V28/><F28/><W123/><G123/><T84/><D119/><U72/><E72/><V44/><F44/><N who="3" m="27815" /><G102/><AGARI ba="1,2" hai="7,11,14,41,42,47,48,55,83,86,88,93,96,102" machi="102" ten="30,7700,0" yaku="1,1,7,1,8,1,54,1,53,0" doraHai="57" doraHaiUra="122" who="2" fromWho="3" sc="240,0,240,0,260,100,240,-80" /><INIT seed="2,0,0,0,2,53" ten="240,240,360,160" oya="2" hai0="79,47,89,96,49,116,16,88,48,5,110,76,106" hai1="20,94,68,99,8,38,78,118,62,82,14,10,65" hai2="64,63,117,66,113,130,33,4,119,42,111,71,45" hai3="41,46,103,77,58,11,133,13,121,128,73,123,40"/><V27/><F4/><W70/><G70/><T124/><D116/><U6/><E38/><V74/><F113/><W25/><G128/><T95/><D5/><U102/><E118/><N who="2" m="45067" /><F27/><W29/><G133/><T69/><D69/><U100/><E8/><V67/><F33/><W15/><G103/><T12/><D106/><U56/><E20/><V32/><F32/><W51/><G40/><T92/><D49/><U132/><E132/><V109/><F74/><W26/><G15/><T126/><D110/><N who="2" m="41994" /><F130/><W108/><G108/><T81/><D81/><U35/><E35/><V44/><F44/><W61/><G26/><T125/><D89/><U105/><E105/><V85/><F85/><W98/><G98/><T80/><D95/><U122/><E122/><V23/><F23/><W127/><G127/><T36/><D80/><U84/><REACH who="1" step="1"/><E68/><REACH who="1" ten="240,230,360,160" step="2"/><V114/><F114/><W101/><G123/><T60/><D36/><AGARI ba="0,1" hai="36,42,45,63,64,66,67,71" m="41994,45067" machi="36" ten="30,11600,0" yaku="14,1,10,1,34,2" doraHai="53" who="2" fromWho="0" sc="240,-116,230,0,360,126,160,0" /><INIT seed="2,1,0,1,4,92" ten="124,230,486,160" oya="2" hai0="50,30,37,88,110,126,131,121,117,7,74,76,107" hai1="32,71,56,68,114,42,66,113,80,72,79,41,29" hai2="34,77,90,129,22,95,123,57,132,118,115,12,108" hai3="0,84,94,25,122,44,51,24,58,97,86,62,96"/><V91/><F123/><W27/><G0/><T49/><D88/><U31/><E56/><V104/><F104/><W3/><G3/><T47/><D76/><U93/><E93/><V11/><F118/><W33/><G33/><T98/><D50/><U17/><E17/><V46/><F34/><W89/><G86/><T116/><D49/><U112/><E31/><V43/><F115/><W103/><G103/><T120/><D30/><U99/><E99/><V83/><F129/><W100/><G100/><T124/><D7/><U59/><E59/><V102/><F102/><W135/><G122/><T61/><D61/><U26/><REACH who="1" step="1"/><E66/><REACH who="1" ten="124,220,486,160" step="2"/><V38/><F22/><W64/><REACH who="3" step="1"/><G135/><REACH who="3" ten="124,220,486,150" step="2"/><T54/><D54/><AGARI ba="1,2" hai="24,25,27,44,51,54,58,62,64,84,89,94,96,97" machi="54" ten="40,8000,1" yaku="1,1,2,1,8,1,52,2,53,0" doraHai="92" doraHaiUra="109" who="3" fromWho="0" sc="124,-83,220,0,486,0,150,103" /><INIT seed="3,0,0,2,4,124" ten="41,220,486,253" oya="3" hai0="44,34,77,25,10,84,121,123,86,43,39,75,126" hai1="102,13,58,96,64,112,12,15,55,20,69,56,19" hai2="35,95,80,118,18,48,122,40,22,24,106,2,32" hai3="23,105,90,38,66,67,99,94,79,52,11,109,116"/><W125/><G38/><T4/><D86/><U61/><E112/><V119/><F106/><W114/><G116/><T120/><D84/><U72/><E72/><V128/><F2/><W68/><G114/><T50/><D50/><U111/><E111/><V65/><F65/><W74/><G68/><T101/><D101/><U16/><E19/><V135/><F122/><W7/><G105/><T41/><D41/><U26/><REACH who="1" step="1"/><E55/><REACH who="1" ten="41,210,486,253" step="2"/><V87/><F135/><W5/><G109/><T110/><D126/><U36/><E36/><V57/><F119/><W131/><G125/><T62/><D62/><U9/><E9/><V1/><F118/><W46/><G11/><T82/><D110/><U88/><E88/><N who="2" m="53663" /><F35/><W37/><G7/><T78/><D78/><U31/><E31/><V97/><F32/><W113/><G5/><T134/><D134/><U108/><E108/><V29/><F1/><W132/><G113/><T92/><D92/><AGARI ba="0,1" hai="12,13,15,16,20,26,56,58,61,64,69,92,96,102" machi="92" ten="40,8000,1" yaku="1,1,54,1,53,2" doraHai="124" doraHaiUra="54" who="1" fromWho="0" sc="41,-80,210,90,486,0,253,0" owari="-39,-54.0,300,10.0,486,59.0,253,-15.0" /></mjloggm>