<mjloggm ver="2.3"><GO type="97" lobby="0"/><UN n0="%6B%69%6E%74%61%72%6F%31" n1="%77%69%6E%63%68%61%6E" n2="%E5%B0%B1%E6%B4%BB%E7%94%9F%40%E5%B7%9D%E6%9D%91%E8%BB%8D%E5%9B%A3" n3="%50%65%74%65%72%50%61%6E" dan="15,15,13,13" rate="1962.88,1954.48,1893.18,1810.51" sx="M,F,M,M"/><TAIKYOKU oya="0"/><INIT seed="0,0,0,3,1,55" ten="250,250,250,250" oya="0" hai0="17,35,70,113,27,43,90,42,46,132,118,124,130" hai1="20,23,1,9,105,69,93,44,104,45,37,29,8" hai2="116,94,26,2,91,74,134,92,133,84,51,41,106" hai3="36,58,12,73,122,38,121,81,76,15,114,7,67"/><T86/><D70/><U82/><E82/><V117/><F2/><W24/><G114/><T53/><D118/><N who="2" m="45674" /><F41/><W78/><G24/><T101/><D113/><U79/><E93/><N who="2" m="54503" /><F26/><W120/><G78/><T28/><D132/><N who="2" m="50794" /><F51/><W33/><G33/><T48/><D101/><U128/><E29/><V98/><F74/><W31/><G31/><T13/><D130/><U39/><E79/><V61/><F61/><N who="3" m="38327" /><G7/><T50/><D124/><U97/><E69/><V119/><N who="2" m="45682" /><V115/><DORA hai="0" /><F115/><W71/><G71/><T109/><D50/><U123/><E1/><V126/><F126/><W21/><G21/><T40/><D109/><U11/><E128/><V18/><F18/><W4/><G4/><T47/><D47/><U54/><E8/><V110/><F110/><W22/><G22/><T25/><D25/><U5/><E54/><V65/><F65/><W135/><G135/><T52/><D53/><U75/><E5/><V57/><F57/><W10/><G10/><T32/><D32/><U89/><E75/><V34/><F34/><W131/><G131/><T6/><D6/><U62/><E62/><V68/><F68/><W87/><G73/><T95/><REACH who="0" step="1"/><D42/><REACH who="0" ten="240,250,250,250" step="2"/><U66/><E66/><V49/><F49/><W72/><G72/><T108/><D108/><U107/><E39/><AGARI ba="0,1" hai="12,15,36,38,39,76,81,87,120,121,122" m="38327" machi="39" ten="40,2600,0" yaku="13,1,52,1" doraHai="55,0" who="3" fromWho="1" sc="240,0,250,-26,250,0,250,36" /><INIT seed="1,0,0,4,1,115" ten="240,224,250,286" oya="1" hai0="5,53,126,17,64,119,62,130,120,129,89,114,107" hai1="76,93,27,109,123,110,15,61,106,68,48,108,58" hai2="78,54,11,51,38,49,19,128,23,39,133,21,65" hai3="3,85,37,10,34,111,66,77,29,122,81,87,124"/><U82/><E106/><V84/><F128/><N who="0" m="49258" /><D107/><U59/><E123/><V118/><F118/><W40/><G122/><T74/><D114/><U71/><E48/><V103/><F133/><W46/><G111/><T55/><D74/><N who="1" m="43287" /><E27/><V75/><F75/><W100/><G124/><T127/><D120/><U102/><E15/><V104/><F65/><W134/><G134/><T31/><D5/><U92/><E102/><V96/><F51/><W95/><G66/><T135/><D31/><U70/><E58/><V125/><F125/><N who="0" m="47626" /><D17/><U35/><E35/><V18/><F11/><W73/><G29/><T20/><D20/><U67/><AGARI ba="0,0" hai="59,61,67,68,70,71,92,93,108,109,110" m="43287" machi="67" ten="40,3900,0" yaku="14,1,10,1" doraHai="115" who="1" fromWho="1" sc="240,-13,224,39,250,-13,286,-13" /><INIT seed="1,1,0,3,0,31" ten="227,263,237,273" oya="1" hai0="69,63,87,43,94,66,95,81,14,73,61,106,98" hai1="60,0,27,52,47,48,28,83,80,93,62,50,41" hai2="108,78,126,76,116,37,68,12,65,7,51,22,109" hai3="110,123,117,1,9,133,99,131,23,4,42,122,115"/><U74/><E0/><V120/><F37/><W35/><G42/><T11/><D73/><U129/><E129/><V105/><F105/><W29/><G99/><T13/><D43/><U85/><E74/><V36/><F36/><W21/><G115/><T112/><D112/><U19/><E19/><V77/><F116/><W55/><G55/><T53/><D106/><U96/><E96/><V57/><F120/><N who="3" m="46123" /><G131/><T49/><D63/><U84/><E93/><V113/><F68/><W34/><G110/><N who="2" m="42601" /><F113/><W6/><G133/><T79/><D14/><U30/><E30/><V132/><F126/><W127/><G127/><T15/><D15/><U70/><E70/><V38/><F38/><W101/><G101/><T124/><D98/><U54/><E41/><V82/><F132/><W39/><G39/><T119/><D119/><U72/><E72/><V97/><F97/><W10/><G117/><T91/><D79/><U67/><E67/><V16/><F7/><W125/><G125/><T88/><D91/><U71/><E71/><V46/><F57/><W100/><G100/><T56/><REACH who="0" step="1"/><D124/><REACH who="0" ten="217,263,237,273" step="2"/><U103/><E103/><V20/><F77/><W135/><G135/><T89/><D89/><N who="1" m="51335" /><E27/><V86/><F78/><W90/><G90/><T107/><D107/><U92/><E62/><V3/><F3/><N who="3" m="159" /><G29/><T18/><AGARI ba="1,1" hai="11,13,18,49,53,56,61,66,69,81,87,88,94,95" machi="18" ten="20,5200,0" yaku="1,1,0,1,7,1,54,1,53,0" doraHai="31" doraHaiUra="17" who="0" fromWho="0" sc="217,65,263,-27,237,-14,273,-14" /><INIT seed="2,0,0,0,3,39" ten="282,236,223,259" oya="2" hai0="88,11,120,43,9,125,22,98,75,8,86,16,34" hai1="49,19,12,117,24,97,57,52,92,78,109,89,108" hai2="36,122,114,128,69,105,72,18,116,103,134,42,25" hai3="33,28,45,68,74,23,58,81,56,87,63,61,127"/><V21/><RYUUKYOKU type="yao9" ba="0,0" sc="282,0,236,0,223,0,259,0" hai2="18,21,25,36,42,69,72,103,105,114,116,122,128,134" /><INIT seed="2,1,0,3,1,76" ten="282,236,223,259" oya="2" hai0="113,127,116,10,43,38,36,117,96,46,125,109,77" hai1="12,19,115,135,86,47,15,5,31,92,68,20,111" hai2="110,13,106,112,35,52,133,62,80,114,9,28,98" hai3="130,57,53,75,4,70,27,6,94,51,42,1,48"/><V89/><F133/><W2/><G70/><T88/><D113/><U122/><E68/><V107/><F110/><W74/><G130/><T7/><D109/><U44/><E111/><V41/><F41/><W60/><G27/><T14/><D77/><U66/><E66/><V37/><F37/><W25/><G25/><T17/><D7/><U8/><E115/><V24/><F106/><W102/><G74/><T26/><D26/><U104/><E104/><V126/><F126/><N who="0" m="48138" /><D38/><U100/><E135/><V71/><F107/><W108/><G108/><T56/><D56/><U128/><E31/><V81/><F112/><W84/><G75/><T55/><D55/><U124/><E124/><V40/><F40/><W11/><G42/><T33/><D33/><U32/><E32/><V101/><F114/><W54/><G54/><T82/><D96/><N who="1" m="59399" /><E128/><V67/><F52/><W91/><REACH who="3" step="1"/><G102/><REACH who="3" ten="282,236,223,249" step="2"/><T39/><D39/><U103/><E103/><V61/><F101/><W49/><G49/><T65/><D65/><U83/><E122/><V123/><F123/><W134/><G134/><T78/><D43/><U59/><E59/><V99/><F61/><W21/><G21/><T121/><D36/><U63/><E63/><V73/><F73/><W18/><G18/><T119/><D121/><U131/><E131/><V129/><F129/><W45/><G45/><T118/><D46/><U50/><E50/><V16/><REACH who="2" step="1"/><F98/><REACH who="2" ten="282,236,213,249" step="2"/><W132/><G132/><T95/><D116/><U90/><AGARI ba="1,2" hai="5,8,12,15,19,20,44,47,83,86,90" m="59399" machi="90" ten="30,2000,0" yaku="8,1,52,1" doraHai="76" who="1" fromWho="1" sc="282,-6,236,43,213,-11,249,-6" /><INIT seed="3,0,0,5,3,124" ten="276,279,202,243" oya="3" hai0="51,47,35,42,14,29,65,61,48,85,26,89,39" hai1="100,115,41,131,40,80,78,37,24,90,112,8,9" hai2="53,33,107,119,103,54,32,11,129,31,38,128,36" hai3="20,1,44,74,59,71,25,97,105,106,15,83,134"/><W108/><G1/><T7/><D7/><U19/><E37/><N who="2" m="14443" /><F119/><W126/><G71/><T81/><REACH who="0" step="1"/><D14/><REACH who="0" ten="266,279,202,243" step="2"/><U6/><E6/><V98/><F11/><W64/><G15/><T121/><D121/><U122/><E8/><V132/><F132/><W84/><G134/><T96/><D96/><U49/><E9/><V63/><F63/><W46/><G97/><T86/><D86/><U50/><E122/><V57/><F57/><AGARI ba="0,1" hai="26,29,35,39,42,47,48,51,57,61,65,81,85,89" machi="57" ten="30,2000,0" yaku="1,1,7,1,53,0" doraHai="124" doraHaiUra="66" who="0" fromWho="2" sc="266,30,279,0,202,-20,243,0" /><INIT seed="4,0,0,5,2,56" ten="296,279,182,243" oya="0" hai0="116,121,49,68,100,124,17,23,51,71,65,64,129" hai1="47,132,9,35,55,38,126,26,102,61,75,59,104" hai2="76,118,101,88,45,117,97,10,85,112,14,98,50" hai3="113,69,7,84,131,95,122,82,99,87,43,74,79"/><T32/><D32/><U114/><E75/><V123/><F123/><W54/><G69/><T73/><D121/><U34/><E26/><V135/><F112/><W92/><G7/><T15/><D73/><U52/><E114/><V107/><F135/><W105/><G122/><T21/><D116/><U44/><E132/><V93/><F76/><W11/><G11/><T13/><D129/><U19/><E47/><V22/><F22/><W89/><G43/><T39/><D39/><U130/><E130/><V24/><F24/><W40/><G113/><T8/><D124/><U36/><E126/><V111/><F111/><W103/><G40/><T110/><D100/><U57/><E38/><V41/><REACH who="2" step="1"/><F98/><REACH who="2" ten="296,279,172,243" step="2"/><N who="3" m="61687" /><G131/><T16/><D8/><U28/><E9/><V63/><F63/><W94/><G54/><T4/><D4/><AGARI ba="0,1" hai="4,10,14,41,45,50,85,88,93,97,101,107,117,118" machi="4" ten="40,5200,0" yaku="1,1,54,1,53,1" doraHai="56" doraHaiUra="1" who="2" fromWho="0" sc="296,-52,279,0,172,62,243,0" /><INIT seed="5,0,0,1,1,44" ten="244,279,234,243" oya="1" hai0="20,16,122,28,67,128,3,43,37,23,82,71,116" hai1="65,24,49,2,130,66,46,132,105,1,52,127,60" hai2="93,77,84,41,70,80,54,73,75,38,15,57,26" hai3="94,112,22,78,134,12,125,0,36,79,17,109,90"/><U21/><E105/><V107/><F70/><W83/><G109/><T121/><D3/><U123/><E66/><V10/><F107/><W39/><G112/><T5/><D116/><U126/><E123/><N who="0" m="47113" /><D5/><U42/><E130/><V104/><F104/><W131/><G131/><T56/><D128/><U113/><E113/><V62/><F38/><W108/><G108/><T98/><D71/><N who="1" m="42407" /><E42/><V101/><F41/><W64/><G0/><T114/><D114/><U33/><E33/><V117/><F117/><W30/><G134/><T19/><D98/><U6/><E6/><V135/><F135/><W119/><G119/><T25/><D43/><U103/><E103/><V61/><F26/><W76/><G125/><N who="1" m="47626" /><E132/><V100/><F62/><W97/><G64/><T88/><D37/><U102/><E102/><V111/><F111/><W115/><G115/><T133/><D133/><U68/><E68/><V14/><F14/><W7/><G7/><T95/><D82/><U81/><E81/><V69/><F69/><W32/><REACH who="3" step="1"/><G83/><REACH who="3" ten="244,279,234,233" step="2"/><T47/><D67/><U11/><E11/><V50/><F75/><W74/><G74/><T31/><D23/><U34/><E34/><V40/><F73/><W35/><G35/><T51/><D20/><U59/><E46/><N who="2" m="25927" /><F93/><W55/><G55/><N who="0" m="31871" /><D47/><U8/><E8/><V92/><F92/><W106/><G106/><T13/><D95/><U99/><E99/><V4/><AGARI ba="0,1" hai="4,10,15,54,57,61,77,80,84,100,101" m="25927" machi="4" ten="30,4000,0" yaku="25,1,8,1,52,1" doraHai="44" who="2" fromWho="2" sc="244,-10,279,-20,234,50,233,-10" /><INIT seed="6,0,0,4,1,42" ten="234,259,284,223" oya="2" hai0="127,132,48,80,36,117,53,90,72,71,85,128,121" hai1="76,126,93,92,8,73,112,108,134,104,86,31,43" hai2="77,15,102,98,34,40,52,67,96,28,59,125,103" hai3="58,70,82,109,4,114,38,10,69,18,35,54,87"/><V110/><F125/><W22/><G38/><T111/><RYUUKYOKU type="yao9" ba="0,0" sc="234,0,259,0,284,0,223,0" hai0="36,48,53,71,72,80,85,90,111,117,121,127,128,132" /><INIT seed="6,1,0,4,2,56" ten="234,259,284,223" oya="2" hai0="73,100,9,63,98,117,113,23,15,66,1,29,2" hai1="90,107,76,133,5,110,94,47,103,123,41,57,118" hai2="21,134,30,130,7,86,67,46,39,95,14,52,97" hai3="87,96,37,102,79,22,111,85,74,54,71,106,114"/><V119/><F119/><W34/><G34/><T101/><D73/><U83/><E118/><V82/><F130/><W109/><G37/><T122/><D117/><U108/><E5/><V64/><F134/><W112/><G71/><T33/><D122/><U45/><E133/><V25/><F7/><W36/><G36/><T60/><D113/><N who="3" m="43625" /><G54/><T99/><D33/><U48/><E123/><V70/><F70/><W120/><G22/><T58/><D2/><U126/><E103/><N who="0" m="39497" /><D1/><U17/><E107/><V16/><F39/><W51/><G51/><T65/><D58/><U12/><E57/><V127/><F127/><W49/><G49/><T26/><D98/><U69/><E47/><V38/><F38/><W92/><G120/><T72/><D99/><U11/><E69/><V40/><F40/><W8/><G8/><T125/><D72/><U32/><E32/><V132/><F132/><W0/><G0/><T104/><D104/><U24/><E24/><V115/><F115/><W75/><G75/><T78/><D78/><U18/><E18/><V50/><F97/><W4/><G4/><N who="0" m="3495" /><D125/><U35/><E35/><V116/><F116/><W20/><G20/><T61/><AGARI ba="1,0" hai="23,26,29,60,61,63,65,66" m="3495,39497" machi="61" ten="30,7900,0" yaku="8,1,52,3" doraHai="56" who="0" fromWho="0" sc="234,82,259,-21,284,-40,223,-21" owari="316,42.0,238,-16.0,244,4.0,202,-30.0" /></mjloggm>