<mjloggm ver="2.3"><GO type="97" lobby="0"/><UN n0="%E7%90%B3%E8%8C%B6" n1="%64%65%63%5F%73%6F%72%64" n2="%E6%84%9B%E7%94%9F%EF%BC%8B%EF%BC%8B%EF%BC%8B" n3="%E3%82%A6%E3%83%AB%E3%83%88%E3%83%A9%E7%AB%8B%E7%9B%B4" dan="14,14,13,14" rate="2035.73,1959.22,1844.23,1923.59" sx="F,M,M,M"/><TAIKYOKU oya="0"/><INIT seed="0,0,0,5,0,42" ten="250,250,250,250" oya="0" hai0="118,4,132,20,79,14,28,9,101,24,85,30,109" hai1="125,111,95,54,6,99,113,120,81,36,129,3,48" hai2="22,127,84,33,13,44,131,16,59,15,76,102,51" hai3="8,40,52,71,53,65,108,135,56,119,18,31,104"/><T0/><D101/><U89/><E120/><V115/><F131/><W61/><G119/><T64/><D64/><U38/><E111/><V68/><F127/><W19/><G108/><T17/><D109/><U116/><E116/><V106/><F68/><W50/><G135/><T80/><D118/><U23/><E125/><V45/><F33/><W107/><G31/><T117/><D117/><U72/><E129/><V91/><F106/><W12/><G40/><T114/><D132/><U21/><E113/><V58/><F102/><W86/><G86/><T97/><D97/><U126/><E126/><V110/><F115/><W122/><G122/><T133/><D114/><U46/><E38/><V121/><F121/><W82/><G82/><T128/><D133/><U67/><E67/><V134/><F134/><W94/><G94/><T26/><D128/><U43/><E6/><V87/><F76/><W2/><G2/><T5/><REACH who="0" step="1"/><D0/><REACH who="0" ten="240,250,250,250" step="2"/><U124/><E3/><V130/><F110/><W75/><G107/><T83/><D83/><U37/><E124/><V93/><F130/><W32/><G75/><T25/><D25/><U27/><E72/><V1/><F1/><W123/><G104/><T35/><AGARI ba="0,1" hai="4,5,9,14,17,20,24,26,28,30,35,79,80,85" machi="35" ten="20,3900,0" yaku="1,1,0,1,7,1,53,0" doraHai="42" doraHaiUra="49" who="0" fromWho="0" sc="240,49,250,-13,250,-13,250,-13" /><INIT seed="0,1,0,4,3,91" ten="289,237,237,237" oya="0" hai0="56,121,10,62,133,46,128,16,52,50,84,4,77" hai1="19,5,80,29,129,93,23,66,67,89,22,45,40" hai2="58,114,120,92,82,64,55,15,75,54,6,132,41" hai3="105,78,101,97,37,104,115,1,98,30,122,125,34"/><T35/><D35/><U110/><E110/><V70/><F114/><W47/><G115/><T26/><D121/><U49/><E129/><V126/><F126/><W112/><G112/><T61/><D128/><U43/><E5/><V135/><F120/><W117/><G117/><T28/><D133/><N who="2" m="51274" /><F70/><W130/><G130/><T81/><D28/><U113/><E113/><V111/><F111/><W17/><G17/><T90/><D4/><U73/><E73/><V88/><F41/><W85/><G122/><T69/><D69/><U72/><E72/><V106/><F106/><W27/><G125/><T102/><D102/><U118/><E80/><V51/><F51/><W116/><G116/><T31/><D31/><U57/><E118/><V109/><F109/><W25/><G25/><T131/><D131/><U14/><E57/><V2/><F2/><W44/><G1/><T42/><D62/><U36/><E43/><V59/><F82/><W87/><G37/><T9/><D77/><U74/><E74/><V0/><F75/><W86/><G78/><T71/><D71/><U94/><E89/><V24/><F24/><W79/><G79/><T38/><D38/><U107/><E107/><V39/><F0/><W63/><G63/><T12/><D26/><N who="1" m="16607" /><E36/><V65/><F39/><W119/><G119/><T134/><D134/><U96/><E96/><N who="2" m="57351" /><F15/><W60/><G60/><T8/><AGARI ba="1,0" hai="8,9,10,12,16,42,46,50,52,56,61,81,84,90" machi="8" ten="20,12000,1" yaku="0,1,7,1,8,1,54,2" doraHai="91" who="0" fromWho="0" sc="289,123,237,-41,237,-41,237,-41" /><INIT seed="0,2,0,4,3,32" ten="412,196,196,196" oya="0" hai0="123,105,9,55,31,63,103,77,56,14,95,75,19" hai1="93,37,125,29,116,47,114,42,13,106,134,101,132" hai2="6,18,51,83,4,102,59,23,80,100,36,112,64" hai3="2,53,17,30,65,108,10,25,54,27,12,11,35"/><T58/><D123/><U121/><E121/><V104/><F112/><W66/><G108/><T111/><D111/><U128/><E116/><V89/><F36/><W97/><G97/><T130/><D130/><U92/><E128/><V57/><F104/><W22/><G54/><T45/><D105/><U7/><E114/><V33/><F33/><W70/><G70/><T62/><D75/><U135/><E125/><V16/><F64/><W98/><G98/><N who="0" m="59871" /><D77/><U60/><E29/><V118/><F118/><W15/><G53/><N who="0" m="34063" /><D31/><U124/><E124/><V87/><F83/><W26/><G65/><T122/><D122/><U24/><E24/><N who="3" m="9322" /><G66/><T21/><D45/><U20/><E60/><V73/><F73/><W1/><G11/><AGARI ba="2,0" hai="9,11,14,19,21,55,58,63" m="34063,59871" machi="11" ten="30,1500,0" yaku="8,1" doraHai="32" who="0" fromWho="3" sc="412,21,196,0,196,0,196,-21" /><INIT seed="0,3,0,0,4,83" ten="433,196,196,175" oya="0" hai0="29,10,52,126,122,24,11,106,19,61,113,62,72" hai1="71,15,116,45,86,96,59,43,128,60,104,6,95" hai2="44,74,73,53,16,8,20,97,99,78,108,70,47" hai3="9,75,102,13,110,94,42,131,39,41,127,125,134"/><T36/><D122/><U114/><E116/><V64/><F108/><W49/><G75/><T32/><D113/><U26/><E114/><V51/><F74/><W66/><G66/><T124/><D106/><U34/><E104/><V129/><F129/><W111/><G39/><T46/><D36/><U118/><E118/><V90/><F78/><W77/><G77/><T17/><D72/><U89/><E71/><V57/><F70/><W21/><G21/><T92/><D92/><U85/><E128/><V132/><F132/><W55/><G131/><T2/><D46/><N who="2" m="17450" /><F64/><W40/><G134/><T30/><D24/><U38/><E26/><N who="2" m="14599" /><F73/><W22/><G22/><T48/><D2/><U67/><REACH who="1" step="1"/><E34/><REACH who="1" ten="433,186,196,175" step="2"/><V76/><F76/><W68/><G68/><T54/><D32/><U112/><E112/><V31/><F31/><W115/><G115/><T123/><D123/><U84/><E84/><V82/><F8/><AGARI ba="3,1" hai="6,8,15,38,43,45,59,60,67,85,86,89,95,96" machi="8" ten="40,5200,0" yaku="1,1,52,2,53,0" doraHai="83" doraHaiUra="121" who="1" fromWho="2" sc="433,0,186,71,196,-61,175,0" /><INIT seed="1,0,0,4,4,4" ten="433,257,135,175" oya="1" hai0="78,62,135,114,129,121,57,80,118,95,1,14,123" hai1="45,18,63,58,72,99,79,93,65,42,19,131,102" hai2="92,30,25,16,132,134,36,8,83,75,94,119,35" hai3="44,90,27,87,2,26,117,96,34,115,100,6,24"/><U108/><E131/><V43/><F119/><W98/><G117/><T101/><D1/><U133/><E133/><N who="2" m="51307" /><F43/><W76/><G115/><T73/><D118/><U28/><E108/><V11/><F36/><W15/><G2/><T56/><D129/><U54/><E79/><N who="2" m="44543" /><F16/><N who="1" m="6185" /><E72/><V22/><F22/><W59/><G76/><T50/><D114/><U112/><E112/><V55/><F55/><W48/><G59/><N who="0" m="22603" /><D135/><U40/><E28/><V130/><F130/><W69/><G69/><T68/><D68/><U84/><E84/><V46/><F46/><W64/><G64/><T47/><D62/><U91/><E102/><V110/><F110/><W116/><G34/><T77/><D77/><U67/><E67/><V74/><F74/><W106/><G116/><T51/><D101/><U60/><E60/><V97/><F94/><W0/><G0/><T37/><D37/><U21/><E21/><V20/><F20/><W105/><G105/><T52/><D73/><U124/><E124/><V9/><F92/><W13/><G106/><T81/><D123/><U82/><E82/><V66/><F66/><W70/><G70/><T126/><D121/><U128/><E128/><V103/><F103/><W38/><G100/><T122/><D126/><U125/><E125/><V3/><F3/><W29/><G38/><T85/><D81/><U86/><E99/><AGARI ba="0,0" hai="8,9,11,25,30,35,97,99" m="44543,51307" machi="99" ten="30,7700,0" yaku="20,1,52,3" doraHai="4" who="2" fromWho="1" sc="433,0,257,-77,135,77,175,0" /><INIT seed="2,0,0,4,3,69" ten="433,180,212,175" oya="2" hai0="79,51,14,88,84,133,3,118,121,91,104,124,54" hai1="98,134,66,29,17,120,105,30,90,38,21,94,13" hai2="53,15,119,131,96,37,4,64,87,57,7,82,47" hai3="68,78,100,45,127,56,42,46,97,41,107,128,43"/><V5/><F119/><W114/><G68/><T0/><D104/><U24/><E134/><V113/><F113/><W75/><G114/><T89/><D121/><U58/><E120/><V16/><F131/><W106/><G128/><T135/><D118/><U102/><E38/><V19/><F64/><W36/><G127/><T12/><D124/><U59/><E105/><V81/><F19/><W49/><G106/><T39/><D39/><U8/><E30/><V23/><F37/><N who="3" m="21679" /><G56/><N who="0" m="32863" /><D79/><U61/><E59/><V73/><F73/><W70/><G49/><T92/><D84/><U80/><REACH who="1" step="1"/><E80/><REACH who="1" ten="433,170,212,175" step="2"/><V129/><F82/><N who="3" m="45407" /><G43/><T10/><D92/><U27/><E27/><V130/><F130/><W65/><G65/><T103/><D133/><U62/><E62/><V74/><F129/><W125/><G125/><T44/><D135/><U32/><E32/><V71/><F81/><W109/><G70/><T31/><D44/><U26/><E26/><V28/><F47/><W55/><G55/><T20/><D31/><U72/><E72/><V48/><F28/><W110/><AGARI ba="0,1" hai="36,42,46,97,100,107,109,110" m="45407,21679" machi="110" ten="30,4000,0" yaku="23,1,52,2" doraHai="69" who="3" fromWho="3" sc="433,-10,170,-10,212,-20,175,50" /><INIT seed="3,0,0,2,4,106" ten="423,160,192,225" oya="3" hai0="120,111,114,91,49,32,36,5,53,44,23,88,35" hai1="92,90,76,14,69,71,105,24,74,10,112,52,30" hai2="64,50,0,20,57,46,58,109,131,34,39,3,13" hai3="18,11,21,73,122,19,38,117,96,66,26,102,78"/><W98/><G122/><T101/><D120/><U107/><E112/><V9/><F109/><W51/><G117/><T43/><D114/><U4/><E105/><V128/><F34/><W126/><G126/><T93/><D111/><U41/><E41/><V28/><F39/><W132/><G132/><T116/><D116/><U81/><E107/><V37/><F37/><W77/><G38/><T110/><D110/><U95/><E95/><V87/><F64/><W7/><G66/><T83/><D5/><U82/><E82/><V97/><F3/><W8/><G51/><T47/><D23/><U80/><E81/><V22/><F0/><W62/><G62/><T16/><D16/><N who="3" m="6185" /><G73/><T40/><D101/><U33/><REACH who="1" step="1"/><E52/><REACH who="1" ten="423,150,192,225" step="2"/><V29/><F131/><W99/><G102/><T123/><D53/><U124/><E124/><V125/><F125/><W79/><G7/><T115/><D115/><U61/><E61/><V60/><F60/><W118/><G118/><T103/><D123/><U59/><E59/><V130/><F58/><W27/><G21/><T135/><D135/><U85/><AGARI ba="0,1" hai="4,10,14,24,30,33,69,71,74,76,80,85,90,92" machi="85" ten="20,5200,0" yaku="1,1,0,1,7,1,52,1,53,0" doraHai="106" doraHaiUra="133" who="1" fromWho="1" sc="423,-13,150,62,192,-13,225,-26" owari="410,51.0,212,1.0,179,-32.0,199,-20.0" /></mjloggm>