<mjloggm ver="2.3"><GO type="97" lobby="0"/><UN n0="%72%76%32" n1="%E3%82%A4%E3%83%B3%E3%83%89%E8%B1%A1" n2="%6F%74%6F%72%68%69%6E%6F" n3="%E3%82%A6%E3%83%AB%E3%83%88%E3%83%A9%E7%AB%8B%E7%9B%B4" dan="14,14,13,13" rate="1880.46,1906.62,1823.51,1829.77" sx="M,M,M,M"/><TAIKYOKU oya="0"/><INIT seed="0,0,0,5,3,77" ten="250,250,250,250" oya="0" hai0="68,8,91,30,93,38,94,56,98,41,110,87,89" hai1="0,48,22,132,24,66,133,103,44,39,29,79,57" hai2="72,109,71,9,129,122,81,12,15,99,13,70,46" hai3="2,32,112,10,21,36,27,104,111,135,123,51,121"/><T83/><D68/><U84/><E0/><V67/><F122/><N who="3" m="46603" /><G36/><T14/><D110/><U5/><E5/><V59/><F109/><W34/><G111/><T96/><D41/><U105/><E39/><V106/><F129/><W126/><G104/><T97/><D38/><U86/><E105/><V45/><F9/><W40/><G112/><T73/><D73/><U50/><E103/><V17/><F17/><N who="3" m="12719" /><G126/><T52/><D30/><U125/><E125/><V1/><F1/><W4/><G135/><T53/><D53/><U92/><E133/><V26/><F26/><W107/><G107/><T19/><REACH who="0" step="1"/><D83/><REACH who="0" ten="240,250,250,250" step="2"/><U85/><E132/><V58/><F71/><W95/><G95/><T76/><D76/><U74/><E92/><V61/><F72/><W20/><G40/><T82/><D82/><U118/><E79/><V75/><F75/><W63/><G51/><AGARI ba="0,1" hai="8,14,19,51,52,56,87,89,91,93,94,96,97,98" machi="51" ten="30,11600,0" yaku="1,1,7,1,8,1,54,1,53,0" doraHai="77" doraHaiUra="128" who="0" fromWho="3" sc="240,126,250,0,250,0,250,-116" /><INIT seed="0,1,0,3,2,114" ten="366,250,250,134" oya="0" hai0="128,98,33,11,122,99,5,81,101,56,116,108,109" hai1="27,13,19,20,68,77,34,110,80,88,50,111,32" hai2="54,85,103,86,55,7,0,9,14,28,18,4,64" hai3="37,52,15,83,100,130,57,53,21,71,22,133,42"/><T67/><D116/><U26/><E68/><V131/><F131/><W96/><G71/><T25/><D122/><U3/><E3/><V66/><F103/><W45/><G130/><T60/><D128/><U47/><E32/><V135/><F135/><W72/><G133/><T8/><D81/><U105/><E105/><V70/><F70/><W104/><G15/><N who="0" m="5519" /><D11/><U134/><E134/><V121/><F121/><W132/><G132/><T36/><D36/><U84/><E77/><V17/><F28/><W92/><G104/><T87/><D87/><N who="2" m="33290" /><F0/><W93/><G93/><T90/><D90/><U82/><E82/><V73/><F73/><W61/><REACH who="3" step="1"/><G53/><REACH who="3" ten="366,250,250,124" step="2"/><T39/><D99/><U106/><E106/><V31/><F55/><W12/><G12/><T102/><D98/><U79/><E79/><AGARI ba="1,1" hai="21,22,37,42,45,52,57,61,72,79,83,92,96,100" machi="79" ten="40,8000,1" yaku="1,1,54,1,53,2" doraHai="114" doraHaiUra="16" who="3" fromWho="1" sc="366,0,250,-83,250,0,124,93" /><INIT seed="1,0,0,5,3,98" ten="366,167,250,217" oya="1" hai0="42,78,63,129,104,0,74,75,11,26,52,59,130" hai1="73,39,76,95,47,57,65,45,109,133,62,81,15" hai2="83,128,123,118,29,68,16,114,7,28,51,106,79" hai3="10,17,25,135,105,61,56,53,80,84,126,100,54"/><U3/><E3/><V71/><F123/><W30/><G126/><T24/><D104/><U101/><E133/><V60/><F118/><W36/><G36/><T44/><D78/><U70/><E109/><V31/><F128/><N who="0" m="49258" /><D11/><U21/><E70/><V82/><F114/><W110/><G135/><T5/><D5/><U32/><E32/><V12/><F106/><W107/><G110/><T37/><D0/><U50/><E39/><V69/><F7/><W97/><G10/><T113/><D113/><U64/><E64/><V111/><F111/><W96/><G17/><T72/><AGARI ba="0,0" hai="24,26,37,42,44,52,59,63,72,74,75" m="49258" machi="72" ten="40,2700,0" yaku="19,1,54,1" doraHai="98" who="0" fromWho="0" sc="366,27,167,-13,250,-7,217,-7" /><INIT seed="2,0,0,2,5,49" ten="393,154,243,210" oya="2" hai0="119,122,13,12,75,109,87,73,98,7,41,128,120" hai1="88,79,35,113,24,63,104,47,67,40,64,83,27" hai2="4,36,28,118,107,132,53,102,130,39,17,117,32" hai3="26,74,34,61,108,19,80,48,18,52,134,22,100"/><V50/><F130/><W44/><G108/><T84/><D109/><U133/><E133/><V127/><F132/><W45/><G134/><T90/><D41/><U31/><E113/><V0/><F127/><W78/><G34/><T93/><D7/><U71/><E67/><V30/><F17/><W46/><G61/><T9/><D12/><U25/><E104/><V60/><F30/><W110/><G110/><T14/><D14/><U62/><E62/><V96/><F50/><W43/><G43/><T103/><D13/><U116/><E116/><N who="2" m="44651" /><F53/><W33/><G33/><T114/><D9/><U57/><E71/><V101/><F102/><W131/><G131/><T126/><D126/><U82/><E82/><V124/><F124/><W66/><G66/><T8/><D8/><U55/><E64/><V5/><F5/><W106/><REACH who="3" step="1"/><G18/><REACH who="3" ten="393,154,243,200" step="2"/><T23/><D128/><U76/><E31/><V11/><F60/><W72/><G72/><N who="0" m="27723" /><D119/><U85/><REACH who="1" step="1"/><E35/><REACH who="1" ten="393,144,243,200" step="2"/><V86/><F32/><W6/><G6/><T65/><D65/><U42/><E42/><V2/><F28/><W99/><AGARI ba="0,2" hai="19,22,26,44,45,46,48,52,74,78,80,99,100,106" machi="99" ten="30,7900,0" yaku="1,1,0,1,52,1,54,1,53,0" doraHai="49" doraHaiUra="3" who="3" fromWho="3" sc="393,-20,144,-20,243,-39,200,99" /><INIT seed="3,0,0,4,0,6" ten="373,124,204,299" oya="3" hai0="103,129,2,119,74,92,8,87,121,42,52,91,13" hai1="50,133,98,113,46,78,70,104,75,7,62,47,17" hai2="118,22,71,3,4,106,19,69,132,58,125,1,30" hai3="115,24,29,90,55,73,53,32,43,34,67,64,72"/><W86/><G115/><T122/><D119/><U131/><E113/><V28/><F118/><W76/><G43/><T37/><D74/><U25/><E7/><V89/><F106/><W14/><G34/><T26/><D2/><U95/><E133/><V60/><F132/><W81/><G72/><T15/><D129/><U116/><E131/><V79/><F125/><W105/><G105/><T96/><D42/><U110/><E110/><V48/><F79/><W126/><G126/><T39/><D52/><U20/><E78/><V135/><F135/><W117/><G117/><T120/><D120/><U38/><BYE who="0" /><E75/><UN n0="%72%76%32" /><V97/><F3/><W134/><G134/><T27/><D15/><U44/><E38/><V31/><F1/><W127/><G127/><T82/><D39/><U21/><E104/><V99/><F4/><W101/><G101/><T23/><D37/><U84/><E116/><V123/><F123/><W11/><G67/><T56/><D56/><U49/><E62/><V10/><F71/><W51/><G64/><T66/><D27/><U100/><E70/><V102/><F69/><W124/><G124/><T40/><D40/><U57/><E57/><V108/><F58/><W5/><G51/><T35/><D35/><U0/><E84/><V18/><F48/><W111/><G111/><T9/><D66/><U93/><E93/><AGARI ba="0,0" hai="5,11,14,24,29,32,53,55,73,76,81,86,90,93" machi="93" ten="30,2900,0" yaku="7,1,52,1" doraHai="6" who="3" fromWho="1" sc="373,0,124,-29,204,0,299,29" /><INIT seed="3,1,0,4,1,13" ten="373,95,204,328" oya="3" hai0="1,58,95,14,67,71,132,66,119,126,9,7,57" hai1="22,116,50,20,131,97,33,52,29,31,78,68,120" hai2="103,107,91,53,8,27,74,28,108,32,104,10,101" hai3="34,106,24,64,80,109,130,43,0,70,18,86,112"/><W17/><G112/><T105/><D105/><U16/><E78/><V36/><F108/><W48/><G0/><T73/><D119/><U6/><E68/><V89/><F74/><W55/><G43/><T37/><D37/><U79/><E79/><V115/><F115/><W111/><G106/><T60/><D73/><U113/><E113/><V30/><F36/><W3/><G3/><T124/><D132/><U93/><E6/><V72/><F72/><W47/><G130/><T19/><D67/><U26/><E131/><V121/><F121/><W114/><G114/><T129/><D95/><U84/><E84/><V15/><F15/><W87/><G34/><T69/><D69/><U42/><E42/><V133/><F133/><W100/><G100/><T90/><D90/><U127/><E127/><N who="0" m="48681" /><D129/><U83/><E83/><V96/><F32/><W85/><G80/><T59/><D59/><U117/><E117/><V122/><F122/><W94/><G94/><T88/><D88/><N who="1" m="55463" /><E120/><V81/><F81/><W110/><G24/><T99/><D99/><U56/><E116/><V11/><F27/><W118/><G118/><T51/><D51/><U4/><E4/><V63/><F96/><W98/><G98/><T23/><AGARI ba="1,0" hai="1,7,9,14,19,23,57,58,60,66,71" m="48681" machi="23" ten="30,2000,0" yaku="18,1,52,1" doraHai="13" who="0" fromWho="0" sc="373,23,95,-6,204,-6,328,-11" owari="396,49.0,89,-41.0,198,-20.0,317,12.0" /></mjloggm>