<mjloggm ver="2.3"><GO type="169" lobby="0"/><UN n0="%E3%82%A6%E3%83%AB%E3%83%88%E3%83%A9%E7%AB%8B%E7%9B%B4" n1="%E7%8B%AC%E6%AD%A9" n2="%E3%81%8A%E3%81%98%E3%81%95%E3%82%93" n3="%E3%81%8B%E3%81%AB%E3%83%9E%E3%82%B8%E3%83%B3" dan="16,20,16,18" rate="2125.11,2321.44,2120.29,2269.24" sx="M,M,M,M"/><TAIKYOKU oya="0"/><INIT seed="0,0,0,4,0,25" ten="250,250,250,250" oya="0" hai0="11,19,32,116,108,14,49,60,6,28,67,24,120" hai1="55,9,107,131,110,61,97,37,56,78,100,101,22" hai2="99,45,15,92,81,134,52,0,23,130,4,33,103" hai3="16,47,109,86,87,75,35,95,63,115,83,129,88"/><T21/><D120/><U126/><E37/><V118/><F118/><W71/><G75/><T72/><D72/><U80/><E110/><V90/><F130/><W17/><G109/><T84/><D116/><U64/><E131/><V42/><F134/><W74/><G74/><T57/><D108/><U51/><E126/><V121/><F121/><W40/><G129/><T113/><D113/><U5/><E101/><V54/><F33/><W105/><G105/><T98/><D84/><U18/><E80/><V106/><F0/><W85/><G35/><T30/><D32/><U20/><E78/><V12/><F81/><W34/><G34/><T26/><D26/><U91/><E91/><V127/><F127/><W29/><G29/><T7/><D7/><U77/><E18/><V123/><F123/><W8/><G115/><T31/><D98/><U39/><E39/><V43/><F43/><W38/><G8/><T128/><D128/><U50/><E77/><V122/><F122/><W125/><G125/><T104/><D104/><U76/><E76/><V13/><F23/><W59/><G71/><T119/><D119/><U1/><REACH who="1" step="1"/><E50/><AGARI ba="0,0" hai="6,11,14,19,21,24,28,30,31,49,50,57,60,67" machi="50" ten="40,12000,1" yaku="8,1,52,3" doraHai="25" who="0" fromWho="1" sc="250,120,250,-120,250,0,250,0" /><INIT seed="0,1,0,1,5,68" ten="370,130,250,250" oya="0" hai0="84,4,77,40,103,72,82,99,74,111,122,90,2" hai1="79,118,31,135,42,127,89,19,46,76,17,22,85" hai2="88,10,98,65,131,20,13,8,36,71,129,26,50" hai3="27,48,123,41,121,45,107,35,94,87,126,124,52"/><T104/><D40/><U29/><E118/><V21/><F71/><W115/><G115/><T53/><D4/><U9/><E127/><N who="3" m="48682" /><G107/><T34/><D2/><U96/><E96/><V67/><F50/><W114/><G114/><T108/><D34/><U113/><E113/><V14/><F36/><N who="3" m="21671" /><G94/><N who="0" m="54599" /><D53/><U54/><E54/><V23/><F26/><W112/><G87/><N who="0" m="48591" /><D122/><U66/><E66/><N who="2" m="25099" /><F88/><W128/><G128/><N who="2" m="49225" /><F98/><W32/><G112/><T83/><D83/><U105/><E105/><V61/><F61/><W38/><G38/><T63/><D63/><U51/><E31/><V30/><F30/><N who="3" m="19551" /><G35/><T28/><D28/><U133/><E29/><V69/><F69/><W95/><G95/><T12/><D12/><AGARI ba="1,0" hai="8,10,12,13,14,20,21,23" m="49225,25099" machi="12" ten="40,5200,0" yaku="28,2,19,1" doraHai="68" who="2" fromWho="0" sc="370,-55,130,0,250,55,250,0" /><INIT seed="1,0,0,0,2,116" ten="315,130,305,250" oya="1" hai0="107,132,74,96,64,115,48,67,39,14,44,113,73" hai1="118,54,4,7,49,24,129,124,83,100,82,103,111" hai2="97,95,79,12,89,51,112,72,20,87,75,52,38" hai3="56,13,134,42,121,108,117,110,0,99,66,88,102"/><U62/><E118/><V31/><F38/><W123/><G0/><T19/><D39/><U77/><E124/><V128/><F128/><W55/><G117/><T47/><D132/><U2/><E129/><V101/><F112/><W106/><G134/><T127/><D127/><U8/><E111/><N who="3" m="42538" /><G42/><T35/><D35/><U93/><E7/><V125/><F125/><W86/><G66/><T63/><D44/><U58/><E24/><V135/><F135/><W84/><G13/><T23/><D67/><U10/><E10/><V109/><F109/><W119/><G119/><T104/><D74/><U28/><E28/><V37/><F37/><W78/><G78/><T3/><D73/><U45/><E93/><V16/><F79/><W41/><G41/><T65/><D107/><U126/><E126/><V36/><F31/><W40/><G40/><T6/><D65/><U81/><REACH who="1" step="1"/><E77/><REACH who="1" ten="315,120,305,250" step="2"/><V11/><F11/><W33/><G33/><T76/><D76/><U85/><E85/><N who="3" m="32874" /><G88/><T22/><D6/><U61/><E61/><AGARI ba="0,1" hai="55,56,61,99,102,106,121,123" m="32874,42538" machi="61" ten="30,3900,0" yaku="14,1,52,2" doraHai="116" who="3" fromWho="1" sc="315,0,120,-39,305,0,250,49" /><INIT seed="2,0,0,4,0,112" ten="315,81,305,299" oya="2" hai0="29,121,66,42,96,115,118,55,57,131,89,113,19" hai1="21,108,31,10,82,62,114,98,28,34,78,52,46" hai2="41,32,1,5,8,111,80,33,85,27,38,77,103" hai3="110,16,60,50,7,79,134,76,2,54,4,117,64"/><V130/><F130/><W105/><G105/><T69/><D29/><U18/><E114/><V86/><F111/><W56/><G110/><T126/><D121/><U99/><E108/><V40/><F103/><W125/><G117/><T67/><D67/><U81/><E10/><V24/><F86/><W30/><G125/><T90/><D126/><U3/><E3/><V88/><F77/><W37/><G37/><T22/><D90/><U129/><E129/><V104/><F104/><W68/><G134/><T35/><D35/><U0/><E0/><V74/><F74/><W11/><G30/><N who="1" m="11306" /><E34/><V124/><F124/><W45/><G7/><T122/><D122/><U49/><E62/><V101/><F101/><W97/><G97/><N who="1" m="36874" /><E78/><V128/><F128/><W12/><REACH who="3" step="1"/><G68/><REACH who="3" ten="315,81,305,289" step="2"/><T123/><D69/><U48/><E48/><V132/><F132/><W70/><G70/><T47/><D131/><U107/><E107/><V109/><F109/><W133/><G133/><T36/><D96/><U73/><E73/><V94/><F33/><W6/><G6/><T87/><D115/><U93/><E93/><V116/><F32/><W61/><G61/><T9/><D36/><U71/><E71/><V13/><F116/><W135/><G135/><T127/><D118/><U100/><E100/><V26/><F38/><W120/><G120/><T17/><D123/><U43/><E82/><V102/><F1/><W95/><G95/><T63/><D127/><U75/><E81/><V44/><F102/><W51/><G51/><T39/><D113/><U65/><E75/><V83/><F44/><W53/><G53/><RYUUKYOKU ba="0,1" sc="315,-15,81,-15,305,15,289,15" hai2="5,8,13,24,26,27,40,41,80,83,85,88,94" hai3="2,4,11,12,16,45,50,54,56,60,64,76,79" /><INIT seed="2,1,1,2,0,119" ten="300,66,320,304" oya="2" hai0="113,46,48,115,120,88,104,5,105,80,116,18,1" hai1="57,16,124,102,68,59,109,53,15,8,31,45,103" hai2="0,58,84,64,41,63,126,77,38,34,69,79,29" hai3="127,135,74,96,131,101,55,114,49,83,121,97,76"/><V11/><F126/><W125/><G114/><T70/><D5/><U62/><E124/><N who="3" m="47690" /><G135/><T39/><D1/><U123/><E109/><V10/><F69/><W132/><G132/><T47/><D116/><U82/><E123/><V3/><F3/><W27/><G131/><T117/><D70/><U36/><E31/><V19/><F0/><W50/><G121/><T94/><D117/><U72/><E68/><V100/><F100/><W61/><G27/><T42/><D104/><U30/><E30/><V71/><F71/><W129/><G129/><T22/><D105/><U86/><E72/><V133/><F29/><W17/><G17/><T24/><D80/><U28/><E28/><V13/><F34/><W33/><G33/><T14/><D24/><U66/><E36/><V23/><F133/><W118/><G118/><T25/><D25/><U9/><E9/><N who="2" m="3083" /><F38/><W37/><G37/><T6/><D6/><U107/><E107/><V108/><F108/><W60/><G49/><T44/><D120/><U56/><E102/><V51/><F84/><W130/><G130/><T134/><D134/><U99/><E103/><V98/><F98/><N who="3" m="37995" /><G101/><T87/><D46/><AGARI ba="1,1" hai="13,19,23,41,46,51,58,63,64,77,79" m="3083" machi="46" ten="30,1500,0" yaku="8,1" doraHai="119" who="2" fromWho="0" sc="300,-18,66,0,320,28,304,0" /><AGARI ba="1,0" hai="46,50,55,60,61,74,76,83" m="37995,47690" machi="46" ten="30,1000,0" yaku="18,1" doraHai="119" who="3" fromWho="0" sc="282,-10,66,0,348,0,304,10" /><INIT seed="2,2,0,2,4,23" ten="272,66,348,314" oya="2" hai0="89,29,125,92,22,99,122,93,39,74,116,64,19" hai1="42,13,48,108,120,91,0,85,49,43,28,52,33" hai2="134,2,110,55,32,18,69,83,25,57,50,41,65" hai3="76,121,75,59,100,56,86,8,132,118,37,31,106"/><V77/><F2/><W96/><G121/><T35/><D39/><U113/><E0/><V27/><F134/><W70/><G118/><T62/><D74/><U95/><E113/><V46/><F110/><W115/><G37/><T73/><D125/><U81/><E108/><V10/><F32/><W101/><G101/><T66/><D73/><U20/><E120/><V72/><F69/><W123/><G123/><T11/><D122/><U107/><E107/><V124/><F65/><W60/><G8/><T126/><D126/><U6/><E48/><V24/><F124/><W15/><G15/><T14/><D116/><U45/><E28/><V87/><F72/><W88/><G132/><T36/><D36/><U16/><E33/><V12/><F57/><W53/><G31/><T117/><D117/><U128/><E128/><V58/><F58/><N who="3" m="34895" /><G70/><T94/><D35/><U3/><E3/><V102/><F102/><W84/><G84/><T103/><D103/><U47/><E6/><V129/><F129/><W130/><G130/><T51/><D51/><U80/><E45/><V21/><F41/><AGARI ba="2,0" hai="13,16,20,41,42,43,47,49,52,80,81,85,91,95" machi="41" ten="40,5200,0" yaku="8,1,54,2" doraHai="23" who="1" fromWho="2" sc="272,0,66,58,348,-58,314,0" /><INIT seed="3,0,0,1,2,124" ten="272,124,290,314" oya="3" hai0="27,92,65,64,88,57,0,104,85,50,73,96,22" hai1="26,1,107,89,33,110,125,94,44,40,133,70,83" hai2="19,76,37,97,75,43,101,98,127,17,108,8,18" hai3="25,123,81,87,55,99,12,72,132,100,79,63,14"/><W62/><G123/><T68/><D0/><U105/><E1/><V20/><F127/><W45/><G132/><T35/><D35/><U11/><E125/><V106/><F108/><W115/><G115/><T56/><D73/><U66/><E110/><V80/><F8/><W120/><G120/><T95/><D104/><U135/><E11/><V29/><F98/><W31/><G72/><T9/><D9/><U119/><E83/><V84/><F75/><W24/><G63/><T126/><D126/><U117/><E66/><N who="0" m="25705" /><D50/><U58/><E58/><V7/><F7/><W32/><G24/><T36/><D36/><U15/><E70/><V74/><F74/><W77/><G77/><T3/><D3/><U23/><E15/><V67/><F67/><W113/><G113/><T60/><D60/><U51/><E33/><V116/><F116/><N who="1" m="44617" /><E107/><V34/><F34/><W69/><G69/><T91/><D68/><U16/><E105/><V6/><F6/><W130/><G12/><T82/><D82/><U48/><E48/><V112/><F112/><W78/><G14/><T86/><D96/><AGARI ba="0,0" hai="16,23,26,40,44,51,89,94,96,133,135" m="44617" machi="96" ten="30,2000,0" yaku="12,1,54,1" doraHai="124" who="1" fromWho="0" sc="272,-20,124,20,290,0,314,0" /><INIT seed="4,0,0,3,2,110" ten="252,144,290,314" oya="0" hai0="99,8,37,98,23,115,87,64,133,5,69,117,106" hai1="20,9,81,6,78,97,52,44,107,104,33,1,47" hai2="21,63,124,27,71,116,50,49,135,65,77,134,61" hai3="19,68,59,72,32,60,86,114,38,119,16,66,108"/><T13/><D37/><U109/><E109/><V35/><F35/><W105/><G72/><T84/><D117/><U75/><E33/><V120/><F120/><W79/><G119/><T42/><D133/><N who="2" m="50698" /><F77/><W118/><G118/><T80/><D42/><U15/><E97/><V25/><F116/><W48/><G32/><T91/><D106/><U11/><E20/><V4/><F4/><W128/><G105/><T29/><D115/><U85/><E75/><V12/><F124/><W82/><G114/><T121/><D121/><U56/><E104/><V10/><F63/><W0/><G0/><T26/><D69/><U18/><REACH who="1" step="1"/><E107/><REACH who="1" ten="252,134,290,314" step="2"/><V3/><F3/><W130/><G108/><T73/><D73/><U76/><E76/><V62/><F21/><W89/><G79/><T125/><D125/><U43/><E43/><V111/><F111/><W36/><G128/><T103/><D99/><U113/><E113/><V22/><F22/><W102/><G130/><T14/><D98/><U53/><E53/><V94/><F27/><W122/><G122/><T39/><D87/><U93/><E93/><V55/><F25/><W57/><G86/><T127/><D127/><U17/><E17/><N who="2" m="8343" /><F94/><W40/><G19/><T24/><D24/><U28/><E28/><V51/><F55/><W88/><G16/><T74/><D74/><U45/><E45/><V2/><F2/><W90/><G40/><T31/><D26/><U30/><E30/><V101/><F101/><W83/><G102/><T41/><D103/><U126/><E126/><V34/><F34/><W129/><G129/><T100/><D100/><RYUUKYOKU ba="0,1" sc="252,-15,134,15,290,15,314,-15" hai1="1,6,9,11,15,18,44,47,52,56,78,81,85" hai2="49,50,51,61,62,65,71" /><INIT seed="5,1,1,0,2,82" ten="237,149,305,299" oya="1" hai0="58,77,6,99,9,61,31,1,20,2,100,36,93" hai1="131,34,109,108,80,4,111,25,113,5,132,41,63" hai2="72,30,106,122,125,7,33,14,70,127,69,67,117" hai3="8,86,24,29,120,38,107,79,91,85,68,73,17"/><U35/><E41/><V12/><F117/><W65/><G120/><T23/><D36/><U43/><E43/><V105/><F72/><W44/><G38/><T45/><D45/><U134/><E63/><N who="2" m="40191" /><F70/><W103/><G44/><T118/><D118/><U55/><E55/><V57/><F57/><W66/><G17/><T39/><D39/><U83/><E113/><V52/><F52/><W123/><G8/><T16/><D2/><U97/><E97/><V21/><F7/><N who="1" m="2633" /><E131/><V94/><F94/><W71/><G123/><T90/><D77/><U40/><E40/><V76/><F33/><N who="1" m="12297" /><E25/><N who="2" m="16687" /><F122/><W27/><G68/><T130/><D130/><U119/><E119/><V81/><F106/><W104/><G71/><T110/><D58/><U28/><E28/><V88/><F105/><W42/><G42/><T75/><D75/><U59/><E59/><V37/><F37/><W15/><G73/><T87/><D61/><U129/><E129/><V128/><F128/><W0/><G29/><T54/><D54/><U22/><E22/><V18/><F76/><W135/><G79/><T26/><D23/><U101/><E101/><V11/><F81/><AGARI ba="1,1" hai="80,81,83,108,109,111,132,134" m="12297,2633" machi="81" ten="40,7700,0" yaku="28,2,10,1" doraHai="82" who="1" fromWho="2" sc="237,0,149,90,305,-80,299,0" /><INIT seed="5,2,0,1,3,39" ten="237,239,225,299" oya="1" hai0="64,103,99,41,19,91,10,56,77,101,8,69,79" hai1="92,38,82,6,88,46,59,40,112,73,120,35,13" hai2="126,123,17,57,60,93,98,26,28,118,22,50,125" hai3="44,119,97,48,2,121,95,104,33,117,61,106,18"/><U76/><E35/><V67/><F118/><N who="3" m="45067" /><G121/><T133/><D69/><U11/><E59/><V109/><F123/><W100/><G2/><T134/><D91/><U55/><E120/><V110/><F17/><W122/><G122/><T94/><D103/><U66/><E66/><V14/><F14/><W132/><G132/><N who="0" m="50795" /><D41/><U72/><E55/><V87/><F50/><W27/><G61/><N who="0" m="37927" /><D19/><U5/><E112/><V45/><F45/><W70/><G70/><T74/><D74/><U130/><E130/><V114/><F87/><W84/><G84/><T24/><D24/><U129/><E129/><V43/><F43/><N who="3" m="24607" /><G18/><T75/><D75/><U4/><E73/><V21/><F114/><W116/><G116/><T53/><D53/><U128/><E128/><V36/><F36/><W80/><G80/><T3/><D3/><U37/><E37/><V7/><F7/><W111/><G111/><N who="2" m="42505" /><F21/><W102/><G100/><AGARI ba="2,0" hai="22,26,28,57,60,67,93,98,100,125,126" m="42505" machi="100" ten="30,1000,0" yaku="25,1" doraHai="39" who="2" fromWho="3" sc="237,0,239,0,225,16,299,-16" /><INIT seed="6,0,0,5,1,58" ten="237,239,241,283" oya="2" hai0="109,23,106,14,41,61,117,49,66,13,92,40,123" hai1="104,126,125,26,43,50,44,63,37,6,15,99,118" hai2="85,79,107,16,31,93,111,62,65,57,105,46,12" hai3="91,95,47,76,129,89,35,7,84,73,4,81,30"/><V127/><F127/><N who="1" m="48649" /><E118/><V70/><F111/><W21/><G35/><T59/><D106/><U101/><E26/><V72/><F72/><W87/><G129/><T102/><D123/><U36/><E6/><V19/><F31/><W39/><G30/><T20/><D117/><U80/><E15/><N who="0" m="5641" /><D109/><U131/><E131/><V69/><F107/><W97/><G21/><N who="0" m="8267" /><D49/><U10/><E10/><V1/><F105/><W2/><G2/><T86/><D86/><U67/><E80/><V28/><F1/><W74/><G73/><T38/><D38/><U103/><E103/><V113/><F28/><W11/><G11/><T100/><D100/><U133/><E133/><V53/><F12/><W108/><G108/><T55/><D66/><U8/><E8/><V25/><F25/><W34/><G34/><T130/><D130/><U116/><E116/><V42/><F65/><W77/><G74/><T110/><D110/><U5/><E5/><V83/><F93/><W0/><G0/><T82/><D82/><U128/><E128/><V71/><REACH who="2" step="1"/><F113/><REACH who="2" ten="237,239,231,283" step="2"/><W78/><G4/><T121/><D121/><U75/><E75/><V29/><F29/><W24/><G24/><T119/><D119/><U54/><E43/><V96/><F96/><AGARI ba="0,1" hai="40,41,55,59,61,92,96,102" m="8267,5641" machi="96" ten="30,2000,0" yaku="8,1,52,1" doraHai="58" who="0" fromWho="2" sc="237,30,239,0,231,-20,283,0" /><INIT seed="7,0,0,2,5,53" ten="267,239,211,283" oya="3" hai0="56,101,59,14,45,86,5,88,21,54,11,42,111" hai1="41,28,25,4,64,34,10,32,48,89,26,126,38" hai2="74,50,60,109,81,47,16,117,35,57,46,69,118" hai3="128,75,55,27,87,94,49,0,107,92,82,108,115"/><W85/><G0/><T100/><D21/><U121/><E38/><V33/><F109/><W15/><G108/><T31/><D31/><U119/><E121/><V99/><F69/><W125/><G107/><T61/><D56/><U65/><E126/><V79/><F99/><W66/><G75/><T116/><D116/><U7/><E119/><V67/><F118/><W20/><G125/><T110/><D110/><U96/><E96/><V9/><F117/><W39/><G39/><T72/><D72/><U52/><E41/><V78/><F78/><W84/><G115/><T132/><D132/><U3/><E89/><V40/><REACH who="2" step="1"/><F47/><REACH who="2" ten="267,239,201,283" step="2"/><N who="3" m="28095" /><G128/><T63/><D111/><U8/><E34/><V73/><F73/><W43/><G82/><T62/><D101/><U68/><E68/><V105/><F105/><W19/><G43/><T37/><D100/><U114/><E114/><V113/><F113/><W130/><G130/><T12/><D12/><AGARI ba="0,1" hai="9,12,16,33,35,40,46,50,57,60,67,74,79,81" machi="12" ten="40,8000,1" yaku="1,1,52,1,54,1,53,1" doraHai="53" doraHaiUra="58" who="2" fromWho="0" sc="267,-80,239,0,201,90,283,0" /><INIT seed="8,0,0,3,1,125" ten="187,239,291,283" oya="0" hai0="72,93,126,0,40,28,94,23,120,121,25,103,58" hai1="26,16,108,5,49,84,63,95,60,119,27,78,132" hai2="14,4,81,11,77,87,10,71,36,98,115,62,54" hai3="107,66,89,75,44,100,97,116,30,112,83,82,35"/><T86/><D0/><U111/><E5/><V117/><F115/><W128/><G112/><T6/><D72/><U65/><E132/><V69/><F36/><W38/><G116/><T37/><D126/><U59/><E119/><V114/><F114/><W109/><G109/><T131/><D6/><U43/><E108/><V102/><F117/><W61/><G44/><T9/><D9/><U51/><E111/><V20/><F20/><W24/><G38/><T91/><D40/><U17/><E63/><V92/><F62/><W88/><G128/><T8/><D8/><U3/><E3/><V52/><REACH who="2" step="1"/><F11/><REACH who="2" ten="187,239,281,283" step="2"/><W90/><REACH who="3" step="1"/><G75/><REACH who="3" ten="187,239,281,273" step="2"/><T1/><D37/><U57/><E43/><V18/><F18/><W31/><G31/><T50/><D1/><U106/><E16/><V118/><F118/><W56/><AGARI ba="0,2" hai="24,30,35,56,61,66,82,83,88,89,90,97,100,107" machi="56" ten="30,4000,0" yaku="1,1,0,1,54,1,53,0" doraHai="125" doraHaiUra="67" who="3" fromWho="3" sc="187,-20,239,-10,281,-10,273,60" owari="167,-33.0,229,-17.0,271,7.0,333,43.0" /></mjloggm>