<mjloggm ver="2.3"><GO type="97" lobby="0"/><UN n0="%E3%82%A6%E3%83%AB%E3%83%88%E3%83%A9%E7%AB%8B%E7%9B%B4" n1="%E3%82%89%E3%82%80%E3%81%A0%E6%9D%91" n2="%E5%92%8C%E9%A2%A8%E3%82%B8%E3%83%A3%E3%82%B3" n3="%70%69%6E%67%70%6F%6E%67" dan="14,14,15,13" rate="1922.79,1881.05,2024.59,1807.26" sx="M,M,M,M"/><TAIKYOKU oya="0"/><INIT seed="0,0,0,3,4,47" ten="250,250,250,250" oya="0" hai0="104,28,94,114,18,111,60,21,41,13,96,0,39" hai1="43,7,101,90,3,63,123,80,49,117,67,119,65" hai2="128,14,51,83,81,27,116,107,129,127,5,86,2" hai3="10,50,25,82,97,100,6,33,78,72,124,109,55"/><T12/><D104/><U75/><E123/><V38/><F38/><W77/><G109/><T131/><D39/><U8/><E101/><V120/><F120/><W58/><G124/><T122/><D0/><U62/><E43/><V26/><F2/><W132/><G132/><T54/><D122/><U40/><E40/><V103/><F127/><W76/><G33/><T71/><D71/><U74/><E49/><V102/><F116/><W22/><G100/><N who="2" m="38441" /><F107/><W73/><G97/><T98/><D111/><U92/><E63/><V79/><F83/><W121/><G121/><T53/><D131/><N who="2" m="50250" /><F51/><W34/><G34/><T110/><D110/><U46/><E46/><V35/><F35/><W84/><G73/><T57/><D114/><U23/><E74/><V133/><F133/><W15/><REACH who="3" step="1"/><G72/><REACH who="3" ten="250,250,250,240" step="2"/><T95/><D96/><U37/><E75/><V24/><F5/><W20/><G20/><T31/><D98/><U85/><E23/><V52/><F14/><W16/><AGARI ba="0,1" hai="6,10,15,16,22,25,50,55,58,76,77,78,82,84" machi="16" ten="20,12000,2" yaku="1,1,0,1,7,1,8,1,52,1,54,1,53,1" doraHai="47" doraHaiUra="17" who="3" fromWho="3" sc="250,-60,250,-30,250,-30,240,130" /><INIT seed="1,0,0,3,4,84" ten="190,220,220,370" oya="1" hai0="85,3,24,51,78,80,5,118,29,97,27,77,108" hai1="52,123,53,116,34,15,72,41,20,45,91,30,104" hai2="131,113,68,119,14,0,88,73,42,61,135,132,102" hai3="105,86,95,44,26,110,47,82,112,31,76,101,57"/><U63/><E116/><V127/><F0/><W50/><G112/><T22/><D108/><U115/><E123/><V122/><F119/><W66/><G105/><T109/><D109/><U111/><E111/><V55/><F122/><W10/><G110/><T87/><D118/><U74/><E115/><V71/><F73/><W130/><G130/><T35/><D5/><U124/><E104/><V65/><F102/><W33/><G10/><T114/><D3/><U89/><E124/><V60/><F113/><W64/><G64/><T126/><D126/><U106/><E106/><V7/><F127/><W18/><G18/><T58/><D114/><U128/><E128/><V59/><F131/><W70/><G70/><T83/><D97/><U96/><E96/><V134/><F42/><W121/><G121/><T69/><D69/><U43/><E34/><V67/><F14/><W32/><G32/><T56/><D51/><U129/><E129/><V17/><F17/><AGARI ba="0,0" hai="17,22,24,27,29,35,56,58,77,78,80,83,85,87" machi="17" ten="30,2000,0" yaku="7,1,9,1" doraHai="84" who="0" fromWho="2" sc="190,20,220,0,220,-20,370,0" /><INIT seed="2,0,0,5,0,135" ten="210,220,200,370" oya="2" hai0="73,106,20,95,83,79,5,119,112,113,98,132,48" hai1="59,126,85,67,46,33,6,68,40,72,89,128,97" hai2="69,82,27,0,14,94,115,102,50,16,49,60,118" hai3="26,66,93,28,117,123,121,125,120,1,53,91,45"/><V131/><F115/><W54/><G117/><T70/><D70/><U127/><E72/><V61/><F118/><W38/><G1/><T41/><D132/><U129/><E33/><V62/><F0/><W43/><G66/><T105/><D20/><U47/><E68/><V39/><F39/><W122/><G122/><T99/><D48/><N who="2" m="18538" /><F69/><W80/><G125/><N who="1" m="47626" /><E97/><N who="0" m="36873" /><D5/><U10/><E59/><V31/><F131/><N who="1" m="50249" /><E67/><V84/><F102/><W111/><G111/><T44/><D44/><U23/><E23/><N who="2" m="15871" /><F94/><W96/><REACH who="3" step="1"/><G80/><REACH who="3" ten="210,220,200,360" step="2"/><T101/><D119/><U86/><E40/><V8/><F62/><W76/><G76/><AGARI ba="0,1" hai="8,14,16,60,61,76,82,84" m="15871,18538" machi="76" ten="30,2900,0" yaku="8,1,54,1" doraHai="135" who="2" fromWho="3" sc="210,0,220,0,200,39,360,-29" /><INIT seed="2,1,0,2,0,48" ten="210,220,239,331" oya="2" hai0="45,118,30,56,22,86,9,72,123,102,100,106,42" hai1="26,64,105,21,126,114,7,75,35,125,99,65,109" hai2="96,85,50,46,71,1,122,53,84,36,12,76,51" hai3="15,107,95,13,101,38,61,92,111,20,18,88,27"/><V3/><F122/><W131/><G107/><T113/><D72/><U54/><E114/><V78/><F36/><W63/><G38/><T112/><D118/><U29/><E75/><V49/><F71/><W121/><G121/><T82/><D123/><U81/><E81/><V66/><F66/><W40/><G111/><T31/><D106/><U110/><E7/><V19/><F1/><W98/><G131/><T90/><D113/><U47/><E21/><N who="2" m="11495" /><F3/><W134/><G134/><T10/><D112/><U108/><E105/><V91/><F96/><N who="3" m="57351" /><G40/><T17/><D56/><U62/><E99/><V80/><F76/><W5/><G5/><T16/><D45/><U132/><E132/><V117/><F117/><W74/><G74/><T129/><D42/><U11/><E11/><N who="0" m="4105" /><D129/><U2/><E2/><V69/><F69/><W116/><G116/><T57/><D57/><N who="1" m="35127" /><E47/><V43/><F43/><W33/><G33/><T89/><D89/><U34/><E34/><V73/><F73/><W128/><G128/><T52/><D52/><U23/><E35/><V25/><F25/><W70/><G70/><T94/><D17/><U44/><E44/><V39/><F39/><W59/><G63/><T104/><D104/><U77/><E77/><V120/><F120/><W83/><G83/><AGARI ba="1,0" hai="46,49,50,51,53,78,80,83,84,85,91" m="11495" machi="83" ten="30,2900,0" yaku="8,1,52,1" doraHai="48" who="2" fromWho="3" sc="210,0,220,0,239,32,331,-32" /><INIT seed="2,2,0,1,5,28" ten="210,220,271,299" oya="2" hai0="88,86,43,94,41,115,126,58,38,1,80,106,46" hai1="34,129,117,104,70,67,54,23,20,12,27,21,84" hai2="0,11,133,22,57,14,124,123,26,16,15,103,89" hai3="50,105,30,78,68,127,31,119,45,95,102,74,37"/><V93/><F123/><W99/><G119/><T96/><D115/><U134/><E117/><V36/><F133/><W63/><G37/><T49/><D126/><U108/><E134/><V25/><F124/><W97/><G127/><T53/><D1/><U107/><E54/><V9/><F36/><W18/><G74/><T77/><D38/><U44/><E44/><V101/><F57/><W61/><G78/><T5/><D5/><U48/><E48/><V40/><F40/><W17/><G68/><T8/><D8/><N who="2" m="3146" /><F0/><W121/><G121/><T52/><D106/><U85/><E70/><V13/><F26/><W10/><G10/><T100/><D100/><U39/><E27/><V122/><F122/><W76/><G76/><T72/><REACH who="0" step="1"/><D72/><REACH who="0" ten="200,220,271,299" step="2"/><U110/><E39/><V130/><F130/><W64/><G105/><T71/><D71/><U98/><E129/><V120/><F120/><W2/><G2/><T29/><D29/><U131/><E107/><V112/><F112/><W33/><G31/><T56/><D56/><U3/><E104/><V24/><F24/><W81/><G30/><T87/><D87/><AGARI ba="2,1" hai="13,14,15,16,22,25,87,89,93,101,103" m="3146" machi="87" ten="30,2900,0" yaku="8,1,54,1" doraHai="28" who="2" fromWho="0" sc="200,-35,220,0,271,45,299,0" /><INIT seed="2,3,0,2,2,14" ten="165,220,316,299" oya="2" hai0="11,134,47,113,40,61,31,19,88,96,132,68,33" hai1="122,58,106,64,36,29,45,105,0,69,107,41,104" hai2="51,116,7,37,21,83,76,3,9,70,4,87,50" hai3="89,16,133,99,59,2,32,43,80,109,18,115,111"/><V56/><F37/><W17/><G32/><T26/><D113/><U57/><N who="1" m="27136" /><DORA hai="66" /><U75/><E122/><V62/><F116/><W78/><G115/><T5/><D61/><U49/><E75/><V53/><F7/><W38/><G133/><T60/><D60/><U100/><E100/><V12/><REACH who="2" step="1"/><F70/><REACH who="2" ten="165,220,306,299" step="2"/><W72/><G38/><T25/><D68/><U103/><E69/><V39/><F39/><W121/><G121/><T52/><D132/><U13/><E36/><V135/><F135/><W73/><G2/><T114/><D134/><U74/><E0/><V97/><F97/><W55/><G99/><T118/><D118/><U101/><E64/><V81/><F81/><W79/><G80/><T65/><D65/><U6/><E74/><V48/><F48/><W95/><G43/><T22/><D114/><U123/><E123/><V124/><F124/><W77/><G109/><T90/><D96/><U129/><E129/><V54/><F54/><W42/><G42/><T126/><D126/><U82/><E82/><V1/><F1/><W110/><G111/><T98/><D98/><U119/><E119/><V34/><F34/><W102/><G110/><T128/><D128/><U28/><E6/><V23/><F23/><W30/><G55/><T94/><D40/><U84/><E41/><V20/><F20/><W130/><G130/><T91/><D94/><U117/><E117/><V8/><F8/><W63/><G95/><T10/><REACH who="0" step="1"/><D5/><REACH who="0" ten="155,220,306,299" step="2"/><U85/><E101/><V93/><F93/><W71/><G102/><T46/><D46/><U24/><E103/><V125/><F125/><RYUUKYOKU ba="3,2" sc="155,15,220,-15,306,15,299,-15" hai0="10,11,19,22,25,26,31,33,47,52,88,90,91" hai2="3,4,9,12,21,50,51,53,56,62,76,83,87" /><INIT seed="2,4,2,5,3,116" ten="170,205,321,284" oya="2" hai0="6,79,112,106,109,135,114,47,23,19,30,8,111" hai1="50,38,22,4,28,75,37,42,92,100,18,68,107" hai2="70,95,77,124,60,122,126,36,54,52,83,97,89" hai3="31,71,32,99,2,9,45,93,115,78,53,133,29"/><V26/><F36/><W5/><G115/><N who="0" m="44075" /><D47/><U108/><E68/><V101/><F122/><W76/><G133/><T123/><D79/><U48/><E75/><N who="2" m="43455" /><F26/><W33/><G71/><T121/><D106/><U57/><E107/><N who="2" m="63919" /><F70/><W11/><G11/><T105/><D105/><U15/><E48/><V1/><F1/><W25/><G45/><T41/><D135/><U80/><E50/><V24/><F24/><W103/><G53/><N who="2" m="20585" /><F60/><W10/><G9/><T120/><D41/><U16/><E42/><V63/><F63/><W84/><G84/><AGARI ba="4,2" hai="84,89,95,124,126" m="20585,63919,43455" machi="84" ten="30,2900,0" yaku="24,1,54,1" doraHai="116" who="2" fromWho="3" sc="170,0,205,0,321,61,284,-41" /><INIT seed="2,5,0,0,0,44" ten="170,205,382,243" oya="2" hai0="111,123,128,121,46,47,48,55,16,122,102,51,130" hai1="25,58,110,134,114,63,112,94,2,50,32,91,99" hai2="10,13,82,24,87,113,60,101,56,86,75,6,37" hai3="80,90,97,89,69,0,105,76,68,129,115,81,72"/><V74/><F113/><W35/><G35/><T34/><D34/><U3/><E110/><V66/><F37/><W124/><G0/><T19/><D102/><U98/><E134/><V26/><F101/><N who="3" m="62639" /><G69/><T116/><D116/><U62/><E98/><V107/><F107/><W42/><G42/><T120/><N who="0" m="31232" /><DORA hai="17" /><T93/><D93/><U85/><E99/><V28/><F87/><N who="3" m="50407" /><G68/><T92/><D92/><U8/><E3/><V22/><F26/><W96/><G115/><T127/><D111/><U126/><E126/><V12/><F13/><W84/><G124/><T33/><D33/><U36/><E36/><V118/><F118/><W100/><G129/><N who="0" m="49771" /><D127/><U18/><E112/><V95/><F12/><W108/><G108/><T21/><D21/><U45/><E114/><V30/><F22/><W71/><G71/><T27/><D27/><U11/><E32/><V132/><F24/><W65/><G65/><T52/><AGARI ba="5,0" hai="16,19,46,47,48,51,52,55" m="49771,31232" machi="52" ten="60,8000,1" yaku="19,1,52,2,54,2" doraHai="44,17" who="0" fromWho="0" sc="170,95,205,-25,382,-45,243,-25" /><INIT seed="3,0,0,1,3,60" ten="265,180,337,218" oya="3" hai0="69,28,32,105,96,65,62,42,91,67,112,24,14" hai1="100,36,23,49,7,17,83,39,53,21,94,63,127" hai2="126,51,48,89,61,43,86,31,10,114,16,70,38" hai3="79,119,77,20,46,55,0,125,92,35,64,37,44"/><W18/><G119/><T116/><D116/><U80/><E127/><V81/><F114/><W132/><G125/><T34/><D112/><U56/><E39/><V78/><F126/><W50/><G35/><T110/><D110/><U33/><E36/><V109/><F109/><W90/><G0/><T101/><D42/><U128/><E33/><V4/><F31/><W131/><G131/><T52/><D34/><U102/><E128/><V124/><F124/><W99/><G132/><T57/><D69/><U68/><E7/><V95/><F38/><W11/><G11/><T129/><D129/><U47/><E68/><V93/><F93/><W71/><G37/><T113/><D113/><U8/><E8/><V104/><F104/><W82/><G71/><T103/><D103/><U84/><E23/><V107/><F107/><W73/><G64/><T106/><D106/><U87/><E83/><V66/><F16/><W19/><G79/><T115/><D115/><U25/><E87/><V120/><F43/><W3/><G3/><T15/><D91/><U117/><E94/><V118/><F120/><W26/><REACH who="3" step="1"/><G18/><REACH who="3" ten="265,180,337,208" step="2"/><T122/><D122/><U59/><E117/><V2/><F118/><W111/><G111/><T133/><D133/><U40/><E59/><AGARI ba="0,1" hai="19,20,26,44,46,50,55,59,73,77,82,90,92,99" machi="59" ten="30,2900,0" yaku="1,1,7,1,53,0" doraHai="60" doraHaiUra="6" who="3" fromWho="1" sc="265,0,180,-29,337,0,208,39" /><INIT seed="3,1,0,3,5,47" ten="265,151,337,247" oya="3" hai0="124,44,43,45,130,111,117,115,84,131,121,36,37" hai1="127,20,18,128,33,56,100,22,75,9,27,93,62" hai2="16,79,105,80,97,104,103,110,32,89,1,66,41" hai3="119,39,88,102,90,96,42,106,12,76,95,4,65"/><W74/><G119/><T52/><D84/><U132/><E128/><N who="0" m="49193" /><D117/><U92/><E132/><V60/><F1/><W69/><G69/><T86/><D86/><U21/><E127/><V23/><F32/><W17/><G65/><T54/><D124/><U3/><E75/><V73/><F41/><W68/><G4/><T8/><D8/><U29/><E22/><V58/><F89/><W26/><G68/><T28/><D28/><U113/><E21/><V25/><F110/><W72/><G26/><T46/><D121/><U49/><E113/><V125/><F125/><W122/><G122/><T94/><D94/><AGARI ba="1,0" hai="16,23,25,58,60,66,73,79,80,94,97,103,104,105" machi="94" ten="30,2000,0" yaku="7,1,54,1" doraHai="47" who="2" fromWho="0" sc="265,-23,151,0,337,23,247,0" owari="242,-16.0,151,-35.0,360,46.0,247,5.0" /></mjloggm>