<mjloggm ver="2.3"><GO type="97" lobby="0"/><UN n0="%6E%67%6E%62%6B%74" n1="%E3%81%B6%E3%82%8B%E3%81%82%E3%81%82%E3%81%82%E3%81%82%E3%81%82%EF%BC%81" n2="%E3%82%A6%E3%83%AB%E3%83%88%E3%83%A9%E7%AB%8B%E7%9B%B4" n3="%6B%69%79%6F%6E%61%72%69" dan="15,14,15,14" rate="2021.08,1925.66,2071.41,1949.58" sx="M,M,M,M"/><TAIKYOKU oya="0"/><BYE who="1" /><INIT seed="0,0,0,5,4,66" ten="250,250,250,250" oya="0" hai0="101,11,24,67,119,40,64,130,133,69,41,70,111" hai1="43,129,112,95,10,89,82,26,125,27,5,114,128" hai2="91,134,79,34,108,107,1,88,38,37,7,106,19" hai3="75,21,124,103,104,53,81,94,99,132,16,18,35"/><T57/><D101/><UN n1="%E3%81%B6%E3%82%8B%E3%81%82%E3%81%82%E3%81%82%E3%81%82%E3%81%82%EF%BC%81" /><U29/><E82/><V74/><F34/><W47/><G35/><T62/><D24/><U78/><E78/><V36/><F7/><W22/><G132/><T97/><D97/><N who="1" m="57583" /><E43/><N who="0" m="16457" /><D11/><U86/><E86/><V28/><F1/><W45/><G124/><T32/><D32/><N who="1" m="20535" /><E125/><V127/><F127/><W115/><G115/><N who="1" m="44074" /><E27/><V42/><F42/><W52/><G75/><T60/><D133/><U71/><E71/><N who="0" m="27145" /><D119/><U46/><E46/><V8/><F134/><W102/><G81/><T0/><D0/><AGARI ba="0,0" hai="0,5,10,128,129" m="44074,20535,57583" machi="0" ten="30,1000,0" yaku="11,1" doraHai="66" who="1" fromWho="0" sc="250,-10,250,10,250,0,250,0" /><INIT seed="1,0,0,4,1,2" ten="240,260,250,250" oya="1" hai0="71,75,119,90,118,15,122,63,19,5,112,83,133" hai1="62,44,30,16,11,76,120,125,61,21,60,14,12" hai2="101,107,103,95,97,3,52,91,123,116,38,6,1" hai3="39,131,17,0,45,26,42,64,74,114,73,86,29"/><U127/><E120/><V54/><F38/><W110/><G114/><T117/><D112/><U53/><E76/><V25/><F123/><W46/><G0/><T100/><D122/><U55/><E30/><V7/><F116/><W58/><G131/><T82/><D100/><N who="2" m="38474" /><F1/><W78/><G110/><T135/><D75/><U41/><E53/><N who="2" m="20587" /><F3/><W108/><G108/><T109/><D90/><U106/><E106/><V124/><F107/><W37/><G17/><T98/><D19/><U132/><E132/><N who="0" m="50761" /><D98/><U32/><E32/><V77/><F124/><N who="1" m="47689" /><E55/><V105/><F105/><W27/><G29/><T65/><D109/><U134/><E134/><V126/><F126/><W79/><G64/><T33/><D33/><U40/><E44/><V130/><F130/><W8/><G46/><T49/><D49/><U94/><E94/><V81/><F25/><W13/><G27/><T20/><D20/><U129/><E129/><V31/><F31/><W67/><G26/><T56/><D71/><U9/><E9/><AGARI ba="0,0" hai="5,9,15,56,63,65,82,83,117,118,119" m="50761" machi="9" ten="40,2600,0" yaku="20,1,52,1" doraHai="2" who="0" fromWho="1" sc="240,26,260,-26,250,0,250,0" /><BYE who="1" /><UN n1="%E3%81%B6%E3%82%8B%E3%81%82%E3%81%82%E3%81%82%E3%81%82%E3%81%82%EF%BC%81" /><INIT seed="2,0,0,5,5,88" ten="266,234,250,250" oya="2" hai0="122,80,103,95,115,79,96,66,12,60,92,120,93" hai1="46,39,21,110,42,55,68,117,13,89,98,40,135" hai2="27,9,35,84,132,17,63,56,6,51,104,10,59" hai3="57,23,53,48,94,121,30,14,78,73,8,44,83"/><V123/><F104/><W26/><G121/><T85/><D12/><U86/><E110/><V77/><F123/><N who="0" m="47146" /><D60/><U24/><E117/><V62/><F132/><W45/><REACH who="3" step="1"/><G94/><REACH who="3" ten="266,234,250,240" step="2"/><N who="0" m="58775" /><D66/><U0/><E135/><V127/><F127/><W4/><AGARI ba="0,1" hai="4,8,14,23,26,30,44,45,48,53,57,73,78,83" machi="4" ten="20,2700,0" yaku="1,1,0,1,7,1,53,0" doraHai="88" doraHaiUra="112" who="3" fromWho="3" sc="266,-7,234,-7,250,-13,240,37" /><BYE who="1" /><UN n1="%E3%81%B6%E3%82%8B%E3%81%82%E3%81%82%E3%81%82%E3%81%82%E3%81%82%EF%BC%81" /><INIT seed="3,0,0,2,1,11" ten="259,227,237,277" oya="3" hai0="61,46,101,15,76,89,93,13,86,59,16,69,119" hai1="134,110,7,72,12,118,114,26,122,111,113,27,94" hai2="125,6,0,71,100,28,58,48,107,22,88,84,18" hai3="135,35,62,65,95,54,90,79,129,38,82,102,41"/><W32/><G102/><T117/><D69/><U91/><E72/><V57/><F71/><W131/><G54/><T37/><D37/><U63/><E122/><V53/><F125/><W128/><G135/><T60/><D46/><U87/><E134/><V124/><F124/><W123/><G123/><T78/><D61/><U80/><E118/><V116/><F116/><W103/><G103/><T34/><D34/><U33/><E63/><V40/><F40/><W98/><G41/><T67/><D15/><U105/><E105/><V115/><F115/><N who="1" m="44041" /><E33/><V68/><F68/><N who="3" m="42039" /><G38/><T43/><D43/><U75/><E75/><AGARI ba="0,0" hai="32,35,75,79,82,90,95,98,128,129,131" m="42039" machi="75" ten="30,1500,0" yaku="19,1" doraHai="11" who="3" fromWho="1" sc="259,0,227,-15,237,0,277,15" /><INIT seed="3,1,0,3,4,105" ten="259,212,237,292" oya="3" hai0="128,59,60,131,58,73,15,12,116,29,94,117,3" hai1="67,121,48,115,18,49,42,19,16,27,130,126,104" hai2="45,31,26,129,37,61,86,108,88,83,79,110,28" hai3="127,90,35,95,8,113,123,132,34,52,98,68,36"/><W57/><BYE who="1" /><G113/><UN n1="%E3%81%B6%E3%82%8B%E3%81%82%E3%81%82%E3%81%82%E3%81%82%E3%81%82%EF%BC%81" /><T14/><D29/><U9/><E121/><V47/><F129/><N who="0" m="49738" /><D94/><U25/><E130/><V63/><F31/><W81/><G123/><T38/><D38/><U71/><E104/><V119/><F119/><N who="0" m="45642" /><D60/><U106/><E115/><V87/><F61/><W65/><G36/><T64/><D64/><U75/><E75/><V125/><F63/><W85/><G132/><T102/><D102/><U70/><E106/><V40/><F47/><W100/><G127/><T134/><D73/><U13/><E126/><V10/><F10/><W2/><G65/><T66/><D66/><U89/><E67/><V54/><F54/><W133/><G68/><T93/><D93/><U17/><E89/><V82/><REACH who="2" step="1"/><F125/><REACH who="2" ten="259,212,227,292" step="2"/><W103/><G133/><T5/><D134/><U92/><E71/><V118/><F118/><W50/><REACH who="3" step="1"/><G103/><REACH who="3" ten="259,212,227,282" step="2"/><T55/><D55/><U7/><E70/><V22/><AGARI ba="1,2" hai="22,26,28,37,40,45,79,82,83,86,87,88,108,110" machi="22" ten="30,7900,0" yaku="1,1,0,1,54,1,53,1" doraHai="105" doraHaiUra="20" who="2" fromWho="2" sc="259,-21,212,-21,227,102,282,-40" owari="238,-16.0,191,-31.0,329,43.0,242,4.0" /></mjloggm>