<mjloggm ver="2.3"><GO type="97" lobby="0"/><UN n0="%E3%82%A6%E3%83%AB%E3%83%88%E3%83%A9%E7%AB%8B%E7%9B%B4" n1="%E3%81%8B%E3%81%8A%E3%82%8B%E3%81%84" n2="%44%72%E2%98%85%E3%82%A4%E3%83%81%E3%82%AC%E3%82%AD" n3="%45%4C%4C%45%31%31%31%31" dan="13,13,15,13" rate="1843.29,1875.84,1960.90,1870.01" sx="M,F,M,M"/><TAIKYOKU oya="0"/><INIT seed="0,0,0,2,3,87" ten="250,250,250,250" oya="0" hai0="96,114,113,121,78,74,71,66,125,54,21,111,93" hai1="101,127,112,108,56,32,73,104,16,2,45,98,81" hai2="119,28,135,13,24,37,90,53,52,133,118,10,105" hai3="61,34,46,0,116,44,50,39,31,19,89,8,60"/><T17/><D121/><U25/><E32/><N who="2" m="20487" /><F105/><W11/><G116/><N who="2" m="44585" /><F37/><W30/><G0/><T15/><D125/><U131/><E2/><V120/><F120/><W27/><G31/><T99/><D111/><U35/><E127/><V20/><F20/><W58/><G61/><T86/><D74/><U5/><E108/><V7/><F90/><W130/><G130/><T43/><D43/><U4/><E131/><V47/><F47/><W38/><G46/><T63/><D54/><AGARI ba="0,0" hai="7,10,13,52,53,54,133,135" m="44585,20487" machi="54" ten="30,2000,0" yaku="12,1,54,1" doraHai="87" who="2" fromWho="0" sc="250,-20,250,0,250,20,250,0" /><INIT seed="1,0,0,2,2,91" ten="230,250,270,250" oya="1" hai0="51,128,93,96,39,78,63,27,90,20,60,118,74" hai1="49,28,86,0,131,89,126,50,122,105,116,101,77" hai2="85,98,35,24,21,84,10,115,4,31,88,111,99" hai3="56,87,79,121,14,19,112,3,38,44,26,30,53"/><U80/><E122/><V11/><F111/><W114/><G121/><T15/><D39/><U67/><E116/><V117/><F117/><W127/><G127/><T16/><D118/><U82/><E0/><V48/><F115/><W64/><G3/><T70/><D128/><U68/><E126/><V110/><F110/><W34/><G64/><T129/><D129/><U97/><E131/><V76/><F35/><W81/><G38/><T108/><D108/><U22/><E68/><V72/><F72/><W9/><REACH who="3" step="1"/><G44/><REACH who="3" ten="230,250,270,240" step="2"/><T23/><D70/><U100/><E67/><V1/><F1/><W18/><G18/><T107/><D107/><U75/><E28/><V47/><F47/><W8/><G8/><T57/><D74/><U13/><REACH who="1" step="1"/><E101/><REACH who="1" ten="230,240,270,240" step="2"/><V73/><F31/><W104/><G104/><T17/><D78/><U106/><E106/><V2/><F2/><W58/><G58/><T134/><D134/><U125/><E125/><V46/><F76/><W42/><G42/><T52/><AGARI ba="0,2" hai="15,16,17,20,23,27,51,52,57,60,63,90,93,96" machi="52" ten="30,8000,1" yaku="0,1,8,1,52,1,54,2" doraHai="91" who="0" fromWho="0" sc="230,100,240,-40,270,-20,240,-20" /><INIT seed="2,0,0,5,5,94" ten="330,200,250,220" oya="2" hai0="45,1,111,126,103,91,81,89,115,28,42,49,19" hai1="80,127,118,117,57,110,55,114,9,20,15,22,62" hai2="105,5,30,104,107,67,43,76,113,24,52,116,63" hai3="64,50,36,0,23,25,131,132,135,85,33,106,35"/><V66/><F113/><W26/><G36/><T48/><D1/><U121/><E114/><V93/><F43/><W79/><G106/><T84/><D115/><U17/><E110/><V37/><F37/><W109/><G0/><T31/><D111/><U51/><E127/><V120/><F120/><W58/><G109/><T97/><D126/><U2/><E121/><V73/><F5/><W3/><G3/><T32/><D32/><U4/><E80/><V92/><F76/><W134/><G131/><T72/><D72/><U99/><E22/><V54/><F73/><W61/><G50/><T34/><D34/><U119/><REACH who="1" step="1"/><E51/><REACH who="1" ten="330,190,250,220" step="2"/><V27/><F116/><W46/><G26/><T74/><D49/><U38/><E38/><V16/><F24/><W11/><G11/><T102/><D48/><U82/><E82/><V10/><F10/><W75/><G75/><T133/><D74/><U122/><E122/><V41/><F27/><W95/><G46/><T6/><D45/><U87/><E87/><V128/><F41/><W12/><G12/><T129/><D84/><U44/><E44/><V40/><F40/><W59/><G79/><T130/><D81/><U125/><E125/><V68/><F128/><W13/><G13/><T78/><D130/><U14/><E14/><V108/><F108/><W90/><G35/><T71/><D42/><U86/><E86/><V96/><F63/><W18/><REACH who="3" step="1"/><G33/><REACH who="3" ten="330,190,250,210" step="2"/><T70/><D129/><U39/><E39/><V53/><F30/><W69/><AGARI ba="0,2" hai="18,23,25,58,59,61,64,69,85,90,95,132,134,135" machi="69" ten="30,8000,1" yaku="1,1,2,1,0,1,20,1,53,1" doraHai="94" doraHaiUra="56" who="3" fromWho="3" sc="330,-20,190,-20,250,-40,210,100" /><INIT seed="3,0,0,0,3,25" ten="310,170,210,310" oya="3" hai0="110,60,135,125,119,91,24,31,77,46,1,71,3" hai1="2,7,5,117,85,0,107,36,34,120,14,28,58" hai2="82,122,98,108,72,47,78,59,99,76,95,131,39" hai3="100,105,4,51,111,40,32,10,11,97,61,101,103"/><W104/><G32/><N who="0" m="20583" /><D119/><U67/><E107/><V127/><F108/><W53/><G40/><T19/><D19/><U94/><E36/><V23/><F131/><W17/><G111/><T74/><D91/><U88/><E117/><V84/><F127/><W109/><G109/><T129/><D110/><U113/><E113/><V86/><F39/><W21/><G61/><T65/><D46/><U22/><E120/><V69/><F69/><W79/><G79/><T12/><D12/><U50/><E34/><V63/><F122/><W6/><G105/><T89/><D89/><U102/><E102/><N who="2" m="60767" /><F72/><W56/><G104/><T133/><D129/><U29/><E0/><N who="0" m="73" /><D125/><U116/><E2/><V41/><F41/><W126/><G97/><T43/><D43/><U38/><E116/><V15/><F47/><W18/><G126/><T54/><D54/><N who="1" m="32087" /><E38/><V75/><F99/><W55/><G55/><T121/><D121/><U134/><E67/><V92/><F15/><N who="3" m="9407" /><G18/><T124/><D124/><U132/><E14/><V48/><F48/><W44/><G44/><T35/><D35/><U123/><E22/><V70/><F23/><W115/><G115/><T62/><D62/><U33/><E123/><V81/><F63/><W45/><G45/><T80/><AGARI ba="0,0" hai="60,65,71,74,77,80,133,135" m="73,20583" machi="80" ten="30,2000,0" yaku="23,1,52,1" doraHai="25" who="0" fromWho="0" sc="310,20,170,-5,210,-5,310,-10" owari="330,42.0,165,-33.0,205,-19.0,300,10.0" /></mjloggm>