<mjloggm ver="2.3"><GO type="41" lobby="0"/><UN n0="%E5%B0%B1%E6%B4%BB%E7%94%9F%40%E5%B7%9D%E6%9D%91%E8%BB%8D%E5%9B%A3" n1="%E3%82%BB%E3%83%96%E3%83%B3%31%31" n2="%74%65%7A%6B" n3="%E3%82%AF%E3%83%AD%E3%83%AD%E5%9B%A3%E9%95%B7" dan="13,13,13,14" rate="1872.00,1928.99,1858.44,1880.27" sx="M,M,M,M"/><TAIKYOKU oya="0"/><INIT seed="0,0,0,3,1,56" ten="250,250,250,250" oya="0" hai0="50,40,95,135,75,97,57,89,84,16,67,121,42" hai1="26,117,92,28,134,96,122,29,14,124,94,60,2" hai2="123,131,10,0,93,99,61,11,69,20,39,73,111" hai3="83,32,48,77,31,24,9,90,44,106,133,132,80"/><T25/><D75/><U87/><E117/><V105/><F123/><W3/><G106/><T53/><D135/><N who="3" m="51785" /><G90/><T78/><D121/><U104/><E134/><V34/><F34/><W79/><G3/><T35/><D67/><U110/><E122/><V5/><F105/><W63/><G63/><T46/><D35/><U59/><E2/><V4/><F73/><W27/><G27/><T58/><D58/><U49/><E49/><V107/><F107/><W118/><G9/><T68/><D68/><U38/><E38/><V66/><F39/><W115/><G115/><T23/><D46/><U108/><E124/><V43/><F111/><N who="1" m="42537" /><E104/><V55/><F131/><W18/><G18/><T91/><REACH who="0" step="1"/><D78/><REACH who="0" ten="240,250,250,250" step="2"/><N who="3" m="29705" /><G118/><T8/><D8/><U17/><E59/><V126/><F69/><W88/><G88/><T37/><D37/><U127/><E127/><V1/><F66/><W119/><G119/><T130/><D130/><U116/><E116/><V109/><F109/><W21/><G32/><T71/><D71/><U7/><E28/><V120/><F120/><W30/><G30/><T128/><D128/><U98/><E29/><V12/><F0/><W22/><G22/><T82/><AGARI ba="0,1" hai="16,23,25,40,42,50,53,57,82,84,89,91,95,97" machi="82" ten="20,12000,1" yaku="1,1,0,1,7,1,8,1,54,1,53,0" doraHai="56" doraHaiUra="65" who="0" fromWho="0" sc="240,130,250,-40,250,-40,250,-40" /><INIT seed="0,1,0,0,2,124" ten="370,210,210,210" oya="0" hai0="77,57,102,50,68,80,48,90,91,10,89,12,129" hai1="17,66,41,11,117,72,33,112,126,86,6,25,106" hai2="83,64,74,3,105,108,127,101,35,63,29,38,78" hai3="61,5,96,114,23,99,0,28,4,1,119,58,20"/><T31/><D68/><U125/><E106/><V44/><F108/><W128/><G114/><T87/><D102/><U123/><E72/><V132/><F127/><N who="1" m="48649" /><E41/><V110/><F110/><W120/><G119/><T49/><D31/><U40/><E40/><V13/><F132/><W53/><G120/><T30/><D30/><U9/><E66/><V70/><F13/><W52/><G128/><T59/><REACH who="0" step="1"/><D129/><REACH who="0" ten="360,210,210,210" step="2"/><U115/><E123/><V81/><F29/><W69/><G28/><T75/><D75/><U37/><E117/><V62/><F35/><W56/><G69/><T32/><D32/><U18/><E33/><V65/><F101/><W26/><G26/><T76/><D76/><U36/><E25/><V82/><F78/><W98/><G98/><T42/><D42/><U16/><E86/><V88/><F74/><W84/><G84/><T79/><D79/><U39/><E6/><AGARI ba="1,1" hai="6,10,12,48,49,50,57,59,77,80,87,89,90,91" machi="6" ten="40,3900,0" yaku="1,1,8,1,53,0" doraHai="124" doraHaiUra="94" who="0" fromWho="1" sc="360,52,210,-42,210,0,210,0" /><INIT seed="0,2,0,4,5,114" ten="412,168,210,210" oya="0" hai0="41,68,86,49,109,19,84,126,21,85,42,124,95" hai1="45,23,56,35,89,29,63,47,87,81,17,134,57" hai2="25,65,113,100,102,1,117,92,75,122,44,14,60" hai3="0,22,52,66,94,48,9,36,105,50,62,133,38"/><T54/><D68/><U15/><E134/><V16/><F113/><W99/><G105/><T132/><D132/><U93/><E29/><V108/><F122/><W131/><G133/><T112/><D112/><U2/><E35/><V30/><F1/><W76/><G76/><T106/><D106/><U61/><E2/><V115/><F115/><W7/><G131/><T27/><D109/><U97/><E57/><V34/><F108/><W40/><G22/><T120/><D120/><U83/><E83/><V39/><F75/><W103/><G40/><T10/><D10/><U78/><REACH who="1" step="1"/><E63/><REACH who="1" ten="412,158,210,210" step="2"/><V70/><F117/><W96/><G0/><T116/><D116/><U13/><E13/><V58/><F58/><W73/><G62/><T107/><D107/><U26/><E26/><V6/><F30/><W79/><G94/><T135/><D95/><U123/><E123/><V31/><F92/><W11/><G36/><T5/><D135/><U121/><E121/><V101/><F39/><W128/><G38/><T12/><D12/><U8/><E8/><V125/><F125/><N who="0" m="48234" /><D5/><U91/><E91/><V64/><F6/><W53/><G9/><T98/><D27/><U88/><E88/><V59/><F59/><W46/><G11/><T110/><D110/><U18/><E18/><V69/><F60/><W77/><G7/><T71/><D19/><U119/><E119/><V3/><F3/><W33/><G33/><T72/><D21/><U43/><E43/><V80/><F80/><W130/><G128/><T111/><D41/><U32/><E32/><V118/><F34/><W51/><G130/><RYUUKYOKU ba="2,1" sc="412,-10,158,30,210,-10,210,-10" hai1="15,17,23,45,47,56,61,78,81,87,89,93,97" /><INIT seed="1,3,1,2,3,2" ten="402,188,200,200" oya="1" hai0="9,47,4,50,109,31,77,7,122,44,101,59,68" hai1="20,111,25,93,98,119,115,75,100,48,49,28,38" hai2="61,33,116,124,84,23,83,57,87,125,107,105,53" hai3="85,132,118,86,113,14,133,64,72,42,46,39,82"/><U92/><E115/><V66/><F116/><W90/><G113/><T123/><D68/><U97/><E119/><V40/><F33/><W130/><G118/><T94/><D109/><U35/><E75/><V58/><F40/><W79/><G130/><T78/><D31/><U110/><E38/><V65/><F23/><W112/><G112/><T12/><D122/><U96/><E35/><V114/><F114/><W52/><G64/><T63/><D123/><U104/><E104/><V37/><F37/><W1/><G1/><T120/><D47/><U89/><REACH who="1" step="1"/><E98/><REACH who="1" ten="402,178,200,200" step="2"/><V0/><F107/><W6/><G72/><T128/><D120/><U15/><E15/><V131/><F105/><W99/><G14/><T129/><D128/><U74/><E74/><V36/><F0/><W29/><G99/><N who="0" m="59639" /><D129/><U34/><E34/><V51/><F36/><W91/><G39/><T10/><D12/><U95/><E95/><V24/><F131/><W22/><G82/><T127/><D127/><U106/><E106/><V70/><F125/><W108/><G133/><T67/><D10/><U55/><E55/><V27/><F124/><W30/><G52/><N who="0" m="29767" /><D9/><U54/><E54/><V135/><F135/><W80/><G132/><T32/><D32/><U17/><E17/><V62/><REACH who="2" step="1"/><F84/><REACH who="2" ten="402,178,190,200" step="2"/><W73/><G86/><T126/><D126/><U117/><E117/><V102/><F102/><W45/><G85/><T60/><D60/><U76/><E76/><AGARI ba="3,3" hai="24,27,51,53,57,58,61,62,65,66,70,76,83,87" machi="76" ten="30,2000,0" yaku="1,1,7,1,53,0" doraHai="2" doraHaiUra="19" who="2" fromWho="1" sc="402,0,178,-29,190,59,200,0" /><AGARI ba="3,0" hai="4,7,59,63,67,76,77,78" m="29767,59639" machi="76" ten="30,7700,0" yaku="8,1,52,2,54,1" doraHai="2" who="0" fromWho="1" sc="402,77,149,-77,249,0,200,0" /><INIT seed="2,0,0,1,1,50" ten="479,72,249,200" oya="2" hai0="118,116,37,4,123,17,108,56,57,30,34,104,49" hai1="68,112,23,20,43,131,132,66,87,134,67,98,125" hai2="114,78,60,86,35,71,124,39,103,3,84,32,58" hai3="74,76,40,80,102,26,52,85,128,69,129,92,19"/><V44/><F114/><W111/><G111/><T107/><D37/><U65/><E98/><V97/><F124/><W120/><G120/><T59/><D123/><U31/><E112/><V25/><F3/><W46/><G69/><T72/><D72/><U22/><E68/><V16/><F71/><W54/><G26/><T2/><D108/><U130/><E43/><V135/><F135/><N who="1" m="51753" /><E87/><V13/><F78/><W1/><G19/><T42/><D34/><U115/><E31/><V7/><F7/><W18/><G18/><T90/><D30/><U33/><E33/><V55/><F44/><W133/><G1/><T28/><D28/><U83/><E83/><V48/><F39/><N who="3" m="21791" /><G133/><T27/><D4/><U99/><E99/><V81/><F81/><N who="3" m="45207" /><G102/><T95/><D2/><U79/><E79/><V100/><F48/><W106/><G106/><T101/><D101/><U36/><E36/><V5/><F25/><W75/><G75/><T64/><D17/><U127/><E115/><V110/><F110/><W62/><G62/><T51/><D27/><U41/><E41/><V12/><F32/><W93/><G92/><T121/><D42/><U38/><E38/><V8/><F35/><W96/><G96/><T29/><D104/><U105/><E105/><V91/><F91/><N who="3" m="51623" /><G93/><T117/><D107/><U6/><E6/><V24/><F24/><W88/><G88/><T113/><D113/><U14/><E14/><V109/><F109/><W122/><G122/><T11/><D121/><U21/><N who="1" m="5632" /><DORA hai="10" /><U63/><E63/><V73/><F73/><W77/><G77/><T53/><D117/><RYUUKYOKU ba="0,0" sc="479,-15,72,15,249,-15,200,15" hai1="65,66,67,125,127,130,131" hai3="52,54,128,129" /><INIT seed="3,1,0,1,0,104" ten="464,87,234,215" oya="3" hai0="71,60,64,15,63,47,18,107,129,9,77,50,44" hai1="97,7,79,91,70,61,98,57,53,117,76,131,111" hai2="42,74,32,118,51,85,120,67,128,48,39,1,90" hai3="78,28,30,58,121,88,126,37,35,11,49,100,89"/><W56/><G37/><T3/><D107/><U23/><E117/><V54/><F118/><W43/><G121/><T75/><D129/><U134/><E131/><V45/><F128/><W109/><G78/><T14/><D3/><U26/><E134/><V5/><F32/><W16/><G100/><T52/><D63/><U68/><E7/><V10/><F67/><W22/><G126/><T65/><D65/><U55/><E111/><V103/><F103/><W59/><G11/><T31/><D31/><N who="3" m="11817" /><G35/><T84/><D15/><U108/><E108/><V81/><F120/><W95/><G109/><T83/><D84/><U72/><E72/><V99/><F99/><N who="3" m="57831" /><G89/><T40/><D40/><U27/><E91/><V66/><F66/><W2/><G2/><T94/><D94/><U36/><E36/><V113/><F113/><W0/><G0/><T24/><D24/><U41/><E41/><V135/><F135/><W12/><G43/><T125/><D125/><U69/><E55/><AGARI ba="1,0" hai="12,16,22,49,55,56,58,59" m="57831,11817" machi="55" ten="30,5800,0" yaku="8,1,54,2" doraHai="104" who="3" fromWho="1" sc="464,0,87,-61,234,0,215,61" /><INIT seed="3,2,0,4,0,106" ten="464,26,234,276" oya="3" hai0="118,97,122,28,31,78,27,82,65,61,26,99,59" hai1="38,49,100,13,98,57,110,53,71,117,4,25,62" hai2="90,95,112,8,76,37,67,29,72,54,19,125,77" hai3="86,0,130,2,126,9,111,73,113,85,80,5,114"/><W14/><G130/><T15/><D122/><U41/><E117/><V64/><F112/><W63/><G126/><T10/><D118/><U7/><E25/><V3/><F125/><W89/><G111/><T34/><D27/><U17/><E110/><V39/><F29/><W104/><G104/><T83/><D31/><U70/><E70/><V103/><F103/><W121/><G121/><T40/><D40/><U55/><E55/><V116/><F116/><W45/><G73/><T131/><D131/><U129/><E129/><V84/><F54/><W109/><G109/><T36/><D36/><U12/><E12/><V44/><F77/><W120/><G120/><T127/><D127/><U58/><E58/><V23/><F39/><W47/><G114/><T68/><D68/><U108/><E108/><V16/><F44/><W107/><G107/><T105/><D105/><U33/><E33/><V74/><F76/><W43/><G86/><T91/><D91/><U46/><E100/><V18/><F37/><W79/><G79/><T119/><D119/><U75/><E75/><V87/><F87/><W88/><G63/><T123/><D123/><U11/><REACH who="1" step="1"/><E98/><REACH who="1" ten="464,16,234,276" step="2"/><V134/><F72/><W30/><G14/><T69/><D69/><U35/><E35/><V102/><F74/><W1/><G113/><T124/><D124/><U66/><AGARI ba="2,1" hai="4,7,11,13,17,38,41,46,49,53,57,62,66,71" machi="66" ten="30,8000,1" yaku="1,1,0,1,24,2,53,1" doraHai="106" doraHaiUra="52" who="1" fromWho="1" sc="464,-22,16,96,234,-22,276,-42" /><INIT seed="4,0,0,4,0,126" ten="442,112,212,234" oya="0" hai0="5,127,70,128,9,102,125,19,45,16,20,12,35" hai1="116,14,81,0,75,67,41,97,106,65,114,1,30" hai2="27,117,17,129,26,122,100,133,61,83,66,53,105" hai3="51,42,120,8,131,62,13,24,52,55,18,39,57"/><T25/><D70/><U72/><E116/><V6/><F122/><W11/><G120/><T47/><D102/><U85/><E30/><V76/><F133/><W79/><G79/><T22/><D47/><U34/><E34/><V32/><F129/><W107/><G107/><T49/><D128/><U29/><E29/><V48/><F6/><W10/><G131/><T68/><D68/><U43/><E106/><V21/><F117/><W3/><G39/><T94/><D94/><U93/><E114/><V130/><F130/><W98/><G98/><T40/><REACH who="0" step="1"/><D35/><REACH who="0" ten="432,112,212,234" step="2"/><U54/><E93/><V58/><F100/><W73/><G73/><T77/><D77/><U86/><E81/><V123/><F105/><W28/><G3/><AGARI ba="0,1" hai="3,5,9,12,16,19,20,22,25,40,45,49,125,127" machi="3" ten="40,7700,0" yaku="1,1,54,1,53,1" doraHai="126" doraHaiUra="2" who="0" fromWho="3" sc="432,87,112,0,212,0,234,-77" /><INIT seed="4,1,0,0,3,67" ten="519,112,212,157" oya="0" hai0="53,40,26,19,20,43,122,2,7,115,131,103,75" hai1="1,106,11,133,132,81,5,6,127,88,91,34,62" hai2="74,135,65,21,84,69,4,27,77,68,129,49,30" hai3="121,111,47,108,93,37,105,36,118,124,87,31,17"/><T128/><D75/><U89/><E106/><V70/><F74/><W41/><G105/><T54/><D122/><U52/><E34/><V78/><F4/><W45/><G31/><T116/><D116/><U44/><E6/><V66/><F129/><W96/><G118/><T113/><D103/><U18/><E18/><V117/><F117/><W3/><G3/><T60/><D7/><U112/><E112/><N who="0" m="43081" /><D2/><U15/><E1/><V48/><F135/><N who="1" m="51785" /><E127/><V130/><F130/><N who="0" m="49706" /><D60/><U59/><E44/><V56/><F48/><W98/><G45/><T64/><D64/><U120/><E120/><V100/><F100/><W119/><G47/><T39/><D39/><U126/><E126/><V107/><F107/><W9/><G37/><T24/><D24/><U32/><E32/><V12/><F12/><W28/><G36/><T50/><D50/><U90/><E90/><V109/><F49/><W71/><G124/><T80/><D80/><AGARI ba="1,0" hai="5,11,15,52,59,62,80,81,88,89,91" m="51785" machi="80" ten="30,3900,0" yaku="20,1,54,2" doraHai="67" who="1" fromWho="0" sc="519,-42,112,42,212,0,157,0" /><INIT seed="5,0,0,3,1,32" ten="477,154,212,157" oya="1" hai0="56,122,128,95,62,48,87,70,0,116,41,6,55" hai1="68,133,21,12,111,52,75,84,105,42,74,54,53" hai2="90,132,103,112,14,119,71,37,78,102,1,66,127" hai3="40,17,101,36,2,60,129,19,63,30,134,104,118"/><U34/><E34/><V13/><F119/><W59/><G118/><T46/><D122/><U106/><E68/><V5/><F127/><W61/><G134/><T65/><D116/><U107/><E133/><V49/><F132/><W83/><G129/><T120/><D128/><U91/><E42/><V125/><F37/><W69/><G30/><T16/><D120/><U50/><E111/><V20/><F125/><W25/><G2/><T23/><D6/><U100/><E100/><V114/><F78/><W115/><G115/><T22/><D0/><U3/><E3/><V51/><F90/><W98/><G83/><T35/><D35/><U64/><E64/><V93/><F66/><W29/><G69/><T82/><D95/><U80/><E50/><V113/><F71/><W73/><G73/><T44/><D16/><U39/><E39/><V89/><F14/><W10/><G10/><T110/><D110/><U99/><REACH who="1" step="1"/><E99/><REACH who="1" ten="477,144,212,157" step="2"/><V72/><F103/><W76/><G40/><T28/><D65/><U31/><E31/><V11/><F102/><W4/><G36/><T45/><D28/><U124/><E124/><V26/><F49/><W43/><G43/><T47/><D70/><U121/><E121/><V57/><F51/><W97/><G97/><T126/><D126/><U131/><E131/><V135/><F135/><W8/><G29/><T81/><D48/><U108/><E108/><V92/><F1/><W123/><G123/><T109/><D41/><U58/><E58/><V33/><F57/><W18/><G59/><T130/><D56/><U94/><E94/><N who="2" m="36459" /><F114/><W117/><G117/><RYUUKYOKU ba="0,1" sc="477,-10,144,30,212,-10,157,-10" hai1="12,21,52,53,54,74,75,80,84,91,105,106,107" /><INIT seed="5,1,1,2,5,21" ten="467,174,202,147" oya="1" hai0="121,88,113,57,71,108,54,41,30,86,123,105,134" hai1="131,47,100,49,61,79,63,53,58,25,101,11,127" hai2="65,38,33,44,124,20,119,112,78,62,77,117,133" hai3="27,84,82,132,76,72,45,96,59,75,118,12,106"/><U126/><E79/><V35/><F133/><W5/><G132/><T7/><D108/><U107/><E107/><V28/><F124/><N who="1" m="47657" /><E131/><V14/><F112/><W91/><G118/><T32/><D134/><U17/><E61/><V8/><F117/><W56/><G45/><T4/><D105/><U120/><E120/><N who="0" m="46153" /><D71/><U60/><E60/><V116/><F119/><W0/><G0/><T92/><D113/><U85/><E85/><V69/><F116/><W125/><G75/><T39/><D39/><U81/><E81/><V26/><F38/><W15/><G125/><T122/><D41/><N who="1" m="24815" /><E11/><V74/><F44/><W43/><G43/><T90/><D122/><U97/><E97/><V3/><F74/><W2/><G2/><T73/><D73/><U130/><E130/><V40/><F40/><W95/><G106/><T115/><D115/><U19/><E19/><N who="2" m="10359" /><F35/><W18/><G72/><T114/><D114/><U135/><E135/><V42/><F42/><W13/><G5/><AGARI ba="1,1" hai="3,5,8,26,28,33,62,65,69,77,78" m="10359" machi="5" ten="30,2000,0" yaku="24,1,52,1" doraHai="21" who="2" fromWho="3" sc="467,0,174,0,202,33,147,-23" /><INIT seed="6,0,0,0,0,123" ten="467,174,235,124" oya="2" hai0="108,41,25,122,21,4,65,44,95,26,86,85,2" hai1="46,130,79,118,126,5,35,68,101,9,62,1,23" hai2="135,84,120,83,87,11,90,12,97,14,96,93,39" hai3="33,127,52,109,0,6,24,19,20,98,72,36,99"/><V77/><F120/><W38/><G127/><T64/><D108/><U133/><E118/><V114/><F114/><W66/><G72/><T94/><D122/><U71/><E35/><V55/><F135/><W116/><G116/><T103/><D2/><U125/><E79/><V107/><F39/><W28/><G66/><T53/><D4/><U76/><E76/><V132/><F132/><W43/><G109/><T88/><D53/><U54/><E133/><V102/><F55/><W48/><G43/><T80/><D25/><U49/><E101/><V134/><F134/><W110/><G110/><T8/><D8/><U30/><E130/><V58/><F58/><W75/><G75/><T16/><D103/><U115/><E115/><V10/><F10/><N who="3" m="2375" /><G36/><T17/><D17/><U3/><E3/><V91/><REACH who="2" step="1"/><F11/><REACH who="2" ten="467,174,225,124" step="2"/><W29/><G38/><T7/><D65/><U78/><E125/><V74/><F74/><W59/><G29/><T111/><D64/><U13/><E126/><V129/><F129/><W117/><G117/><T92/><D111/><U131/><E131/><V50/><F50/><W70/><G70/><T47/><D7/><U100/><E68/><V113/><F113/><W81/><G81/><AGARI ba="0,1" hai="12,14,77,81,83,84,87,90,91,93,96,97,102,107" machi="81" ten="30,2900,0" yaku="1,1,7,1,53,0" doraHai="123" doraHaiUra="56" who="2" fromWho="3" sc="467,0,174,0,225,39,124,-29" /><INIT seed="6,1,0,1,4,107" ten="467,174,264,95" oya="2" hai0="8,6,103,104,120,49,0,56,91,131,127,102,71" hai1="101,39,15,128,7,68,115,129,87,28,50,80,20" hai2="48,105,132,96,78,54,59,29,31,99,114,134,119" hai3="118,122,110,23,4,113,124,86,97,32,79,13,52"/><V11/><F119/><W64/><G32/><T16/><D71/><U61/><E39/><V51/><F114/><W10/><G110/><T55/><D120/><U130/><E101/><V116/><F116/><W117/><G118/><T30/><D30/><U40/><E115/><V19/><F78/><W121/><G113/><T88/><D127/><U35/><E35/><V5/><F19/><W58/><G124/><T60/><D131/><U83/><E68/><V41/><F31/><W17/><G117/><T70/><D16/><N who="1" m="10271" /><E28/><V94/><F105/><W90/><G79/><T1/><D1/><U65/><E7/><V126/><F29/><W73/><G97/><T37/><D37/><U77/><E83/><V34/><F34/><W47/><G47/><T66/><D104/><U44/><E61/><V74/><F74/><W57/><G64/><AGARI ba="1,0" hai="40,44,50,64,65,77,80,87,128,129,130" m="10271" machi="64" ten="30,2000,0" yaku="19,1,54,1" doraHai="107" who="1" fromWho="3" sc="467,0,174,23,264,0,95,-23" /><INIT seed="7,0,0,3,2,34" ten="467,197,264,72" oya="3" hai0="95,77,117,32,130,121,39,50,20,132,73,26,99" hai1="44,65,28,80,54,63,135,11,68,8,75,45,134" hai2="115,3,129,127,85,60,100,82,104,47,17,7,12" hai3="38,19,23,27,49,56,107,5,116,128,53,1,24"/><W86/><G116/><T59/><D32/><U112/><E75/><V114/><F127/><W84/><G38/><T83/><D39/><U35/><E35/><V74/><F129/><W51/><G107/><T126/><D117/><U13/><E28/><V105/><F74/><W108/><G128/><T21/><D130/><U64/><E80/><V125/><F125/><W37/><G37/><T41/><D126/><U79/><E79/><V97/><F104/><W25/><G108/><T52/><D121/><U91/><E91/><V109/><F109/><W4/><G1/><T16/><D132/><U94/><E94/><V61/><F47/><W6/><G49/><T118/><D118/><U102/><E102/><V42/><F42/><W78/><G78/><T9/><D41/><U62/><E13/><AGARI ba="0,0" hai="4,5,6,13,19,23,24,25,27,51,53,56,84,86" machi="13" ten="40,2000,0" yaku="8,1" doraHai="34" who="3" fromWho="1" sc="467,0,197,-20,264,0,72,20" /><INIT seed="7,1,0,1,3,69" ten="467,177,264,92" oya="3" hai0="45,23,118,103,84,48,88,113,59,40,47,62,63" hai1="125,102,56,10,104,81,132,0,100,20,79,9,130" hai2="15,83,64,72,76,70,29,30,97,101,53,6,28" hai3="38,122,96,121,54,7,19,123,52,112,22,55,61"/><W90/><G38/><T95/><D118/><U105/><E0/><V14/><F53/><W80/><G7/><T117/><D117/><U5/><E125/><V42/><F42/><W89/><G112/><T43/><D113/><U24/><E130/><V85/><F72/><W4/><G4/><T77/><D77/><U3/><E10/><V41/><F41/><W39/><G39/><T94/><D23/><U50/><E132/><V124/><F124/><W116/><G116/><T86/><D59/><U73/><E50/><V37/><F37/><W114/><G114/><T99/><D84/><U66/><E56/><V110/><F110/><W75/><G61/><T119/><D119/><U44/><E44/><V126/><F126/><W91/><G96/><T120/><D120/><U25/><E66/><V57/><F70/><W127/><G127/><T34/><D34/><U17/><E24/><V129/><F129/><W2/><G2/><T68/><D68/><U16/><REACH who="1" step="1"/><E17/><REACH who="1" ten="467,167,264,92" step="2"/><V93/><F57/><W108/><G108/><T58/><D58/><U107/><AGARI ba="1,1" hai="3,5,9,16,20,25,73,79,81,100,102,104,105,107" machi="107" ten="30,8000,1" yaku="1,1,2,1,0,1,54,1,53,1" doraHai="69" doraHaiUra="12" who="1" fromWho="1" sc="467,-21,167,93,264,-21,92,-41" owari="446,55.0,260,6.0,243,-16.0,51,-45.0" /></mjloggm>