<mjloggm ver="2.3"><GO type="97" lobby="0"/><UN n0="%E5%AD%90%E5%AE%88%E7%86%8A" n1="%E3%81%BE%E3%81%82%E3%82%80" n2="%E3%82%A6%E3%83%AB%E3%83%88%E3%83%A9%E7%AB%8B%E7%9B%B4" n3="%E3%82%88%E3%82%88%E3%81%AE%E3%81%A8" dan="14,14,13,13" rate="1916.68,1949.96,1863.91,1862.23" sx="F,M,M,M"/><TAIKYOKU oya="0"/><INIT seed="0,0,0,5,4,106" ten="250,250,250,250" oya="0" hai0="59,105,78,67,35,60,131,117,9,23,12,38,22" hai1="14,110,4,113,50,65,58,74,16,121,134,97,89" hai2="25,34,124,109,37,15,120,75,30,112,85,100,132" hai3="130,129,5,20,44,52,71,40,48,108,18,36,99"/><T7/><D117/><U82/><E121/><V43/><F85/><W104/><G71/><T76/><D105/><U63/><E110/><V133/><F15/><W8/><G108/><T94/><D38/><U61/><E134/><N who="2" m="51819" /><F109/><W21/><G21/><T66/><D131/><N who="3" m="50185" /><G99/><T102/><D35/><U19/><E113/><V115/><F100/><W46/><G104/><T1/><D67/><U122/><E50/><V2/><F2/><N who="3" m="55" /><G20/><N who="0" m="7723" /><D1/><U24/><E4/><V49/><F49/><W92/><G92/><T3/><D3/><U125/><E125/><V107/><F107/><W119/><G18/><T128/><D128/><U126/><E126/><V45/><F124/><W98/><G98/><AGARI ba="0,0" hai="7,9,12,59,60,66,76,78,94,98,102" m="7723" machi="98" ten="30,1500,0" yaku="8,1" doraHai="106" who="0" fromWho="3" sc="250,15,250,0,250,0,250,-15" /><INIT seed="0,1,0,3,3,40" ten="265,250,250,235" oya="0" hai0="37,91,88,50,116,95,112,74,75,46,103,126,6" hai1="79,12,29,71,61,97,73,89,118,64,81,115,128" hai2="42,21,108,36,114,2,127,66,39,124,90,113,96" hai3="38,55,20,135,67,62,19,104,5,121,16,93,53"/><T57/><D112/><N who="2" m="43114" /><F90/><N who="0" m="34346" /><D116/><U83/><E115/><V130/><F96/><W26/><G104/><T44/><D37/><N who="2" m="14410" /><F21/><W52/><G38/><T7/><D75/><U106/><E118/><V86/><F86/><W132/><G5/><N who="0" m="1547" /><D126/><N who="2" m="48170" /><F2/><W58/><G121/><T11/><D74/><U45/><E97/><V84/><F84/><W78/><G78/><T85/><D11/><U24/><E79/><V120/><F120/><W49/><G93/><T70/><D70/><U0/><E73/><V9/><F9/><W51/><REACH who="3" step="1"/><G19/><REACH who="3" ten="265,250,250,225" step="2"/><T34/><D103/><U76/><E106/><V102/><F102/><W32/><G32/><T72/><D34/><U107/><E76/><V60/><F130/><W10/><G10/><T30/><D72/><U109/><E107/><V27/><F27/><W17/><G17/><T48/><D95/><U41/><E29/><V15/><F15/><W13/><G13/><T129/><D85/><U68/><E12/><V43/><F108/><W69/><G69/><AGARI ba="1,1" hai="42,43,60,66,69" m="48170,14410,43114" machi="69" ten="40,5200,0" yaku="18,1,34,2" doraHai="40" who="2" fromWho="3" sc="265,0,250,0,250,65,225,-55" /><INIT seed="1,0,0,5,0,39" ten="265,250,315,170" oya="1" hai0="54,104,31,118,14,98,133,115,111,13,108,4,128" hai1="126,87,27,47,84,22,53,107,61,106,131,110,34" hai2="10,32,127,6,132,125,40,95,52,59,18,0,9" hai3="93,124,35,48,20,62,5,58,57,109,92,89,105"/><U68/><E34/><V45/><F32/><W63/><G105/><T51/><D115/><U78/><E126/><N who="2" m="48139" /><F95/><W43/><G124/><T79/><D118/><U36/><E131/><V80/><F80/><W26/><G109/><N who="0" m="42059" /><D128/><U120/><E120/><V28/><F28/><N who="3" m="17479" /><G35/><T122/><D122/><U100/><E110/><V11/><F18/><W77/><G77/><T64/><D64/><U121/><E121/><V129/><F129/><W1/><G1/><T88/><D79/><U114/><E114/><V55/><F132/><W56/><G5/><T74/><D74/><U38/><E38/><N who="2" m="21655" /><F55/><W19/><G19/><T69/><D31/><U60/><E106/><V134/><F134/><W76/><G76/><T81/><D4/><U135/><E135/><V2/><F2/><W130/><G130/><T96/><D104/><U42/><E107/><V44/><F44/><N who="3" m="25631" /><G92/><T72/><D133/><U29/><E100/><V83/><F83/><W103/><G103/><T123/><D123/><U23/><E78/><V66/><F66/><W113/><G113/><T12/><D72/><U46/><E61/><AGARI ba="0,0" hai="0,6,9,10,11,52,59,61" m="21655,48139" machi="61" ten="30,3900,0" yaku="18,1,52,1,54,1" doraHai="39" who="2" fromWho="1" sc="265,0,250,-39,315,39,170,0" /><INIT seed="2,0,0,5,4,115" ten="265,211,354,170" oya="2" hai0="73,82,34,65,98,83,71,39,129,26,67,95,47" hai1="55,103,107,21,41,45,15,94,36,69,134,28,72" hai2="106,74,11,123,18,91,133,5,81,97,8,12,114" hai3="79,112,53,121,3,87,120,124,52,35,85,4,51"/><V99/><F123/><W66/><G124/><T102/><D129/><U33/><E33/><V25/><F114/><W38/><G38/><T22/><D34/><U7/><E72/><V58/><F106/><W50/><G112/><T78/><D71/><U48/><E107/><V13/><F133/><W19/><G35/><T27/><D27/><U46/><E134/><V92/><F25/><W104/><G104/><T118/><D118/><U63/><E7/><V108/><F108/><W126/><G126/><T10/><D10/><U128/><E128/><V14/><F14/><W122/><G66/><T40/><REACH who="0" step="1"/><D83/><REACH who="0" ten="255,211,354,170" step="2"/><U16/><E69/><V113/><F113/><W70/><G70/><T30/><AGARI ba="0,1" hai="22,26,30,39,40,47,65,67,73,78,82,95,98,102" machi="30" ten="20,5200,0" yaku="1,1,2,1,0,1,7,1,53,0" doraHai="115" doraHaiUra="111" who="0" fromWho="0" sc="255,62,211,-13,354,-26,170,-13" /><INIT seed="3,0,0,3,1,49" ten="317,198,328,157" oya="3" hai0="121,27,100,52,83,2,67,135,101,122,107,20,0" hai1="16,44,119,127,73,89,39,45,32,71,13,87,50" hai2="63,31,70,76,23,57,22,21,128,14,33,78,62" hai3="54,5,18,4,131,1,118,64,10,86,77,47,34"/><W15/><G118/><T29/><D67/><U92/><E73/><V126/><F33/><W28/><G64/><T42/><D42/><U11/><E127/><V105/><F105/><W106/><G106/><T79/><D135/><U129/><E129/><V97/><F70/><W37/><G131/><T56/><D121/><U53/><E32/><V80/><F126/><W132/><G132/><T6/><D122/><U25/><E119/><V104/><F104/><W55/><G4/><T115/><D115/><U81/><E71/><V30/><F97/><W133/><G133/><T51/><D107/><U69/><E69/><V74/><F74/><W17/><G17/><T91/><D91/><U40/><REACH who="1" step="1"/><E25/><REACH who="1" ten="317,188,328,157" step="2"/><V94/><F128/><W43/><G34/><T72/><REACH who="0" step="1"/><D6/><REACH who="0" ten="307,188,328,157" step="2"/><U58/><E58/><V26/><F57/><W120/><G120/><T41/><D41/><U116/><E116/><V3/><F26/><W125/><G125/><T134/><D134/><U48/><E48/><V117/><F117/><W123/><G123/><T88/><D88/><U103/><E103/><AGARI ba="0,2" hai="0,2,20,27,29,51,52,56,72,79,83,100,101,103" machi="103" ten="40,5200,0" yaku="1,1,52,1,54,1,53,0" doraHai="49" doraHaiUra="108" who="0" fromWho="1" sc="307,72,188,-52,328,0,157,0" owari="379,47.0,136,-36.0,328,13.0,157,-24.0" /></mjloggm>