<mjloggm ver="2.3"><GO type="97" lobby="0"/><UN n0="%E3%82%B9%E3%82%A4%E3%83%BC%E3%83%84%EF%BC%88%E7%AC%91%EF%BC%89" n1="%E3%82%A6%E3%83%AB%E3%83%88%E3%83%A9%E7%AB%8B%E7%9B%B4" n2="%70%6F%6E%74%61%6D%6F" n3="%E3%83%84%E3%83%81%E3%83%8E%E3%82%B3%E5%8E%9F%E4%BA%BA" dan="13,15,14,13" rate="1940.42,2000.24,1883.90,1910.63" sx="F,M,M,M"/><TAIKYOKU oya="0"/><INIT seed="0,0,0,1,4,76" ten="250,250,250,250" oya="0" hai0="85,23,116,93,86,101,47,2,125,61,56,88,30" hai1="78,65,131,41,32,90,63,124,52,50,103,94,129" hai2="84,74,39,15,53,117,130,102,48,54,58,3,26" hai3="107,69,112,83,7,71,87,33,18,25,16,72,126"/><T60/><D116/><U98/><E32/><V82/><F39/><W122/><G107/><T35/><D2/><U64/><E41/><V80/><F3/><W37/><G112/><T77/><D35/><U123/><E124/><V108/><F108/><W13/><G37/><T135/><D135/><U100/><E78/><V44/><F130/><N who="1" m="49673" /><E123/><V68/><F68/><W9/><G126/><T55/><D125/><U119/><E119/><V45/><F117/><W12/><G122/><T42/><D101/><N who="1" m="38987" /><E63/><V11/><F102/><W115/><G72/><T17/><D30/><U51/><E51/><N who="2" m="31039" /><F74/><W105/><G105/><T31/><D31/><U34/><E34/><V113/><F113/><W128/><G128/><T67/><D67/><U24/><E24/><V1/><F1/><W21/><G115/><T99/><D77/><U40/><E40/><V0/><F0/><W95/><G95/><T38/><REACH who="0" step="1"/><D61/><REACH who="0" ten="240,250,250,250" step="2"/><U6/><E65/><V4/><F26/><AGARI ba="0,1" hai="17,23,26,38,42,47,55,56,60,85,86,88,93,99" machi="26" ten="30,18000,2" yaku="1,1,2,1,7,1,25,2,54,1,53,0" doraHai="76" doraHaiUra="75" who="0" fromWho="2" sc="240,190,250,0,250,-180,250,0" /><INIT seed="0,1,0,1,2,108" ten="430,250,70,250" oya="0" hai0="103,38,92,135,55,19,52,111,48,100,128,86,93" hai1="94,8,73,123,37,44,12,121,43,65,4,16,109" hai2="96,41,81,9,36,51,25,5,78,71,87,66,53" hai3="89,88,20,77,40,130,97,47,132,1,22,28,112"/><T68/><D38/><U62/><E109/><V84/><F36/><W124/><G1/><T95/><D68/><U102/><E73/><V14/><F96/><W74/><G124/><T26/><D111/><U131/><E131/><V13/><F25/><W75/><G130/><T110/><D110/><U107/><E107/><V39/><F39/><W45/><G132/><T60/><D135/><U72/><E72/><V113/><F113/><W42/><G77/><T76/><D128/><U106/><E106/><V0/><F41/><W105/><G105/><T70/><D70/><U104/><E104/><V117/><F117/><W67/><G97/><T15/><D26/><U21/><E94/><V119/><F119/><W61/><G61/><T2/><D2/><U6/><E102/><N who="0" m="38953" /><D60/><U99/><E99/><V90/><F66/><W122/><G67/><T54/><D76/><U58/><REACH who="1" step="1"/><E4/><REACH who="1" ten="430,240,70,250" step="2"/><V91/><F71/><W116/><G116/><T24/><D86/><U126/><E126/><V134/><F134/><W17/><G122/><T79/><D79/><U23/><E23/><V85/><F78/><W7/><G7/><T127/><D127/><U18/><E18/><V115/><F115/><W34/><G17/><T57/><D24/><AGARI ba="1,1" hai="6,8,12,16,21,24,37,43,44,58,62,65,121,123" machi="24" ten="30,7700,0" yaku="1,1,7,1,54,1,53,1" doraHai="108" doraHaiUra="10" who="1" fromWho="0" sc="430,-80,240,90,70,0,250,0" /><INIT seed="1,0,0,1,1,130" ten="350,330,70,250" oya="1" hai0="135,10,50,88,35,40,31,104,117,54,60,126,96" hai1="3,87,64,24,25,38,47,123,13,33,75,68,1" hai2="49,55,15,134,57,97,100,74,82,107,92,4,99" hai3="29,59,81,69,58,46,90,20,116,120,95,93,45"/><U65/><E87/><V118/><F134/><W53/><G69/><T83/><D135/><U106/><E13/><V103/><F118/><W79/><G116/><T115/><D117/><U39/><E123/><V6/><F74/><W23/><G120/><T110/><D110/><U125/><E125/><V0/><F0/><W91/><G29/><T101/><D126/><U26/><E33/><V30/><F30/><W8/><G8/><T12/><D115/><U5/><E5/><V76/><F15/><W52/><REACH who="3" step="1"/><G81/><REACH who="3" ten="350,330,70,240" step="2"/><T34/><D31/><U102/><E68/><V21/><F21/><W56/><G56/><T71/><D71/><U70/><E70/><V9/><F9/><W108/><G108/><T27/><D83/><U127/><E127/><V114/><F114/><W32/><G32/><T129/><D35/><U72/><E47/><V94/><REACH who="2" step="1"/><F107/><REACH who="2" ten="350,330,60,240" step="2"/><W19/><G19/><T63/><D34/><U37/><E106/><V14/><F14/><W131/><G131/><T133/><D12/><U11/><E1/><V89/><F89/><W44/><G44/><T128/><D88/><U119/><E3/><V77/><F77/><AGARI ba="0,2" hai="20,23,45,46,52,53,58,59,77,79,90,91,93,95" machi="77" ten="25,8000,1" yaku="1,1,22,2,8,1,54,1,53,0" doraHai="130" doraHaiUra="122" who="3" fromWho="2" sc="350,0,330,0,60,-80,240,100" owari="350,45.0,330,-7.0,-20,-52.0,340,14.0" /></mjloggm>