<mjloggm ver="2.3"><GO type="97" lobby="0"/><UN n0="%67%61%72%75%63%69%61" n1="%E6%B0%B4%E4%B8%AD%E9%AD%9A%E9%9B%B7%E5%BC%90%E6%8B%BE%E5%BC%8F" n2="%E3%82%A6%E3%83%AB%E3%83%88%E3%83%A9%E7%AB%8B%E7%9B%B4" n3="%73%68%74%65%6E" dan="15,14,14,14" rate="2017.78,1966.00,1938.59,1932.23" sx="M,M,M,M"/><TAIKYOKU oya="0"/><INIT seed="0,0,0,4,4,128" ten="250,250,250,250" oya="0" hai0="134,74,5,72,111,130,126,133,54,81,14,60,76" hai1="93,94,101,10,109,36,104,91,7,77,63,4,9" hai2="75,103,121,17,135,120,22,30,61,3,11,19,65" hai3="71,84,117,105,89,123,125,21,98,12,55,129,64"/><T90/><D130/><U118/><E36/><V124/><F75/><W46/><G129/><T107/><D107/><U110/><E77/><V108/><F103/><W106/><G117/><T127/><D90/><U24/><E118/><V53/><F53/><W83/><G125/><N who="0" m="47627" /><D111/><N who="1" m="42507" /><E63/><V16/><F61/><W113/><G71/><T62/><D72/><U35/><E104/><V119/><F65/><W58/><G113/><T32/><D32/><U57/><E57/><V56/><F56/><W69/><G69/><T96/><D96/><N who="1" m="59543" /><E24/><N who="2" m="16663" /><F108/><W41/><G64/><T34/><D34/><U116/><E35/><V18/><F124/><W51/><G123/><N who="2" m="47177" /><F119/><W47/><G47/><T95/><D95/><U45/><E45/><V88/><F88/><W99/><G105/><T6/><D62/><U92/><E116/><V68/><F68/><W85/><G106/><T59/><D14/><N who="1" m="5415" /><E91/><V66/><F66/><W0/><G0/><AGARI ba="0,0" hai="0,7,10,92,93" m="5415,59543,42507" machi="0" ten="30,1000,0" yaku="14,1" doraHai="128" who="1" fromWho="3" sc="250,0,250,10,250,0,250,-10" /><INIT seed="1,0,0,0,0,87" ten="250,260,250,240" oya="1" hai0="123,8,65,67,4,105,110,98,126,107,24,13,39" hai1="94,16,90,42,11,57,47,99,33,7,50,52,36" hai2="60,23,3,27,46,101,1,97,35,108,51,81,77" hai3="96,41,70,100,58,0,132,32,45,49,26,40,19"/><U119/><E119/><V124/><F124/><W76/><G70/><T14/><D39/><U78/><E78/><V71/><F108/><W103/><G0/><T125/><D110/><U91/><E33/><V53/><F35/><W54/><G132/><T95/><D24/><U29/><E29/><V56/><F71/><W63/><G76/><T30/><D30/><U2/><E16/><V116/><F116/><W112/><G112/><T118/><D118/><U135/><E135/><V20/><F3/><W111/><G111/><T12/><D123/><U114/><E114/><V69/><F69/><W130/><G130/><T66/><D107/><U64/><E64/><V131/><F1/><W37/><G40/><T89/><REACH who="0" step="1"/><D105/><REACH who="0" ten="240,260,250,240" step="2"/><U59/><E57/><V88/><F131/><W25/><G26/><T21/><D21/><U106/><E106/><V68/><F23/><W127/><G32/><T74/><D74/><U62/><E36/><V55/><F68/><W92/><G127/><AGARI ba="0,1" hai="4,8,12,13,14,65,66,67,89,95,98,125,126,127" machi="127" ten="40,5200,0" yaku="1,1,18,1,52,1,53,0" doraHai="87" doraHaiUra="38" who="0" fromWho="3" sc="240,62,260,0,250,0,240,-52" /><INIT seed="2,0,0,1,3,83" ten="302,260,250,188" oya="2" hai0="111,101,3,25,78,58,118,21,96,26,24,121,5" hai1="91,49,113,115,12,53,122,61,79,84,8,73,80" hai2="103,18,112,34,87,42,48,74,82,60,14,129,127" hai3="52,95,38,20,54,89,33,31,70,90,130,51,35"/><V98/><F34/><W124/><G70/><T133/><D121/><U4/><E61/><V27/><F74/><W105/><G38/><T41/><D111/><U126/><E126/><V57/><F112/><W125/><G105/><T132/><D118/><U108/><E108/><V19/><F127/><N who="3" m="48715" /><G89/><T128/><D78/><U109/><E109/><V75/><F75/><W131/><G20/><T1/><D21/><U72/><E122/><V119/><F119/><W22/><G22/><T85/><D5/><U114/><REACH who="1" step="1"/><E79/><REACH who="1" ten="302,250,250,188" step="2"/><N who="2" m="46559" /><F129/><N who="3" m="49163" /><G31/><T135/><D128/><U9/><E9/><V37/><F37/><W97/><G54/><T59/><D41/><U29/><E29/><V45/><F27/><W32/><G32/><T11/><D11/><U2/><E2/><V69/><F69/><W63/><G63/><T104/><D3/><U46/><AGARI ba="0,1" hai="4,8,12,46,49,53,72,73,80,84,91,113,114,115" machi="46" ten="30,4000,0" yaku="1,1,0,1,52,1,53,0" doraHai="83" doraHaiUra="102" who="1" fromWho="1" sc="302,-10,250,50,250,-20,188,-10" /><INIT seed="3,0,0,3,2,97" ten="292,300,230,178" oya="3" hai0="95,30,11,28,108,22,44,93,73,9,131,62,14" hai1="75,83,74,38,33,53,124,107,90,49,54,39,126" hai2="10,47,7,120,98,18,0,119,104,69,3,23,71" hai3="50,32,135,99,113,4,84,36,100,80,86,19,114"/><W76/><G36/><N who="1" m="13866" /><E33/><V115/><F119/><W45/><G32/><T67/><D73/><N who="1" m="27659" /><E107/><V70/><F115/><W68/><G68/><T48/><D108/><U6/><E6/><V129/><F129/><W42/><G4/><T17/><D131/><U34/><E34/><V89/><F120/><W1/><G1/><T116/><D116/><U60/><E60/><V122/><F47/><W63/><G63/><T72/><D72/><U37/><E37/><V31/><F31/><N who="0" m="11818" /><D62/><U125/><E49/><V91/><F122/><W87/><G135/><T27/><D67/><U121/><E121/><V105/><F3/><W85/><REACH who="3" step="1"/><G19/><REACH who="3" ten="292,300,230,168" step="2"/><N who="0" m="12767" /><D9/><U24/><E124/><V26/><F71/><W110/><G110/><T112/><D112/><U78/><E125/><V102/><F70/><W43/><G43/><AGARI ba="0,1" hai="11,14,17,43,44,48,93,95" m="12767,11818" machi="43" ten="30,1000,0" yaku="8,1" doraHai="97" who="0" fromWho="3" sc="292,20,300,0,230,0,168,-10" owari="312,41.0,300,10.0,230,-17.0,158,-34.0" /></mjloggm>