<mjloggm ver="2.3"><GO type="97" lobby="0"/><UN n0="%E3%81%9A%E3%82%93%E3%81%8F%E3%82%93" n1="%E3%82%A6%E3%83%AB%E3%83%88%E3%83%A9%E7%AB%8B%E7%9B%B4" n2="%74%65%72%75%31%39%39%31" n3="%E3%83%A1%E3%83%A9%E3%83%8B%E3%83%BC%43" dan="14,14,13,15" rate="2025.03,1926.38,1820.59,1977.34" sx="F,M,M,M"/><TAIKYOKU oya="0"/><INIT seed="0,0,0,5,2,112" ten="250,250,250,250" oya="0" hai0="70,48,129,98,56,57,5,115,95,104,128,54,13" hai1="102,117,109,26,47,99,51,23,39,126,9,35,87" hai2="34,67,101,1,100,61,29,41,2,68,0,105,59" hai3="135,75,132,17,10,71,82,123,64,111,73,89,25"/><T69/><D104/><U42/><E35/><V125/><F125/><W8/><G64/><T40/><D115/><U62/><E126/><V130/><F130/><N who="0" m="50282" /><D40/><U37/><E109/><V121/><F121/><W28/><G71/><T90/><D57/><U85/><E39/><V36/><F41/><W86/><G111/><T134/><D134/><N who="3" m="51241" /><G123/><T33/><D33/><U63/><E37/><V55/><F36/><W65/><G65/><T96/><D96/><U91/><E117/><V133/><F133/><W4/><G17/><T58/><D58/><U77/><E9/><AGARI ba="0,0" hai="5,9,13,48,54,56,69,70,90,95,98" m="50282" machi="9" ten="30,1500,0" yaku="19,1" doraHai="112" who="0" fromWho="1" sc="250,15,250,-15,250,0,250,0" /><INIT seed="0,1,0,3,3,27" ten="265,235,250,250" oya="0" hai0="108,71,109,70,75,59,18,73,122,129,51,43,115" hai1="90,127,29,135,89,88,132,52,54,36,63,128,57" hai2="62,121,85,106,8,3,21,61,9,33,25,113,99" hai3="49,133,130,55,79,53,22,44,95,82,123,58,5"/><T78/><D122/><U39/><E127/><V87/><F121/><W46/><G123/><T1/><D115/><U104/><E104/><V114/><F33/><W20/><G133/><N who="1" m="51274" /><E128/><V117/><F117/><W4/><G130/><T86/><D129/><U17/><E17/><V24/><F21/><W124/><G124/><T60/><D1/><U112/><E112/><V13/><F3/><W131/><G131/><T98/><D98/><U105/><E105/><V103/><F106/><W2/><G2/><T74/><D18/><U0/><E0/><V93/><F13/><W119/><G119/><T23/><D23/><U118/><E118/><V68/><F68/><W31/><G95/><T47/><D86/><U28/><E54/><V111/><F93/><W45/><G22/><T65/><REACH who="0" step="1"/><D78/><REACH who="0" ten="255,235,250,250" step="2"/><U37/><AGARI ba="1,1" hai="28,29,36,37,39,52,57,63,88,89,90" m="51274" machi="37" ten="40,8000,1" yaku="20,1,52,2,54,2" doraHai="27" who="1" fromWho="1" sc="255,-41,235,93,250,-21,250,-21" /><INIT seed="1,0,0,1,5,20" ten="214,328,229,229" oya="1" hai0="117,109,14,0,86,75,115,47,102,60,36,91,125" hai1="62,99,15,104,6,90,112,63,9,38,80,34,50" hai2="54,96,95,120,130,19,43,131,31,8,5,33,93" hai3="133,98,51,22,77,110,27,74,126,88,42,105,68"/><U11/><E38/><V13/><F120/><W82/><G68/><T100/><D0/><U69/><E112/><V56/><F43/><W61/><G126/><T87/><D75/><U114/><E114/><V10/><F93/><W135/><G61/><T29/><D115/><U129/><E129/><V83/><F83/><W106/><G110/><T18/><D29/><U21/><E34/><V40/><F40/><W132/><G51/><T37/><D109/><U3/><E69/><V58/><F33/><W81/><G42/><T30/><D30/><U64/><E64/><V72/><F31/><W124/><G124/><T28/><D28/><U4/><E50/><V2/><F72/><W119/><G119/><T92/><D47/><U48/><E48/><V134/><F54/><W111/><G111/><T45/><D45/><U66/><E21/><V23/><F134/><W101/><G106/><T127/><D60/><U44/><E44/><V85/><F23/><W79/><G22/><T97/><D117/><U65/><E65/><V123/><F123/><W25/><G25/><T70/><D70/><U24/><E66/><V52/><F52/><W16/><G27/><T89/><D92/><U55/><E24/><V121/><F121/><W32/><G32/><T76/><D14/><U49/><E49/><V67/><F67/><W57/><G57/><T12/><D12/><U39/><E55/><V7/><F7/><W17/><G77/><T59/><D76/><U84/><E39/><V122/><F122/><W128/><G128/><N who="2" m="49193" /><F85/><AGARI ba="0,0" hai="16,17,74,79,81,82,85,88,98,101,105,132,133,135" machi="85" ten="40,5200,0" yaku="20,1,54,2" doraHai="20" who="3" fromWho="2" sc="214,0,328,0,229,-52,229,52" /><INIT seed="2,0,0,2,5,102" ten="214,328,177,281" oya="2" hai0="30,8,97,5,34,49,25,118,95,127,113,21,15" hai1="133,119,93,29,124,61,57,0,66,23,40,78,117" hai2="37,28,38,65,62,84,82,63,110,123,99,104,32" hai3="45,9,112,73,50,116,107,129,106,36,122,88,81"/><V43/><F123/><W83/><G122/><T70/><D113/><U22/><E0/><V98/><F110/><W103/><G36/><T18/><D70/><U79/><E124/><V39/><F98/><W6/><G116/><T13/><D118/><U26/><E133/><V7/><F7/><W134/><G103/><T17/><D49/><U115/><E115/><V114/><F114/><W89/><G112/><T20/><D97/><U12/><E117/><V42/><F62/><W121/><G121/><T11/><D95/><U105/><E105/><V69/><F82/><W131/><G134/><T109/><D109/><U27/><E119/><V87/><F87/><N who="3" m="50287" /><G89/><T24/><D127/><U48/><E12/><V85/><F84/><W19/><G19/><T126/><REACH who="0" step="1"/><D126/><REACH who="0" ten="204,328,177,281" step="2"/><U101/><E48/><V72/><F72/><W53/><G73/><T3/><D3/><U10/><E93/><V120/><F120/><W67/><G83/><T35/><AGARI ba="0,1" hai="5,8,11,13,15,17,18,20,21,24,25,30,34,35" machi="35" ten="30,16000,3" yaku="1,1,0,1,35,6,53,0" doraHai="102" doraHaiUra="68" who="0" fromWho="0" sc="204,170,328,-40,177,-80,281,-40" /><INIT seed="3,0,0,0,2,88" ten="374,288,97,241" oya="3" hai0="91,11,2,37,97,6,38,10,28,27,68,64,102" hai1="93,76,9,74,29,108,51,13,77,26,30,95,119" hai2="35,100,46,19,80,117,67,5,109,20,32,71,12" hai3="23,123,107,99,121,129,18,17,111,120,53,25,84"/><W62/><G129/><T101/><D11/><U24/><E108/><V110/><F117/><W90/><G111/><T126/><D91/><U106/><E106/><V122/><F100/><W112/><G112/><T63/><D102/><U15/><E51/><V61/><F46/><W41/><G41/><T87/><D87/><U127/><E74/><V124/><F80/><W14/><G107/><N who="0" m="63919" /><D126/><U96/><E96/><V42/><F42/><W94/><G84/><T70/><D70/><U73/><E73/><V85/><F85/><W92/><G92/><N who="1" m="35402" /><E127/><V47/><F47/><W116/><G116/><T103/><D103/><U52/><E52/><V125/><F122/><W44/><G44/><T54/><D54/><U135/><E119/><V75/><F75/><W21/><G123/><T4/><D4/><N who="1" m="3239" /><E15/><V8/><F110/><W39/><REACH who="3" step="1"/><G39/><REACH who="3" ten="374,288,97,231" step="2"/><T55/><D38/><U43/><E43/><V115/><F109/><W69/><G69/><T133/><D37/><U65/><E135/><V114/><F124/><W89/><G89/><T0/><D133/><U66/><E76/><V86/><F125/><W40/><G40/><T134/><D134/><U72/><E77/><V78/><F86/><W56/><AGARI ba="0,1" hai="14,17,18,21,23,25,53,56,62,90,94,99,120,121" machi="56" ten="30,12000,1" yaku="1,1,0,1,25,2,52,1,53,0" doraHai="88" doraHaiUra="128" who="3" fromWho="3" sc="374,-40,288,-40,97,-40,231,130" owari="334,13.0,248,-15.0,57,-44.0,361,46.0" /></mjloggm>