<mjloggm ver="2.3"><GO type="41" lobby="0"/><UN n0="%4E%61%6E%6F%4E%61%6E%6F" n1="%E3%82%A6%E3%83%AB%E3%83%88%E3%83%A9%E7%AB%8B%E7%9B%B4" n2="%E9%9B%80%E9%AC%BC%E4%B8%B8" n3="%73%69%62%69%79%61" dan="13,15,15,13" rate="1942.49,1955.79,1971.45,1822.02" sx="M,M,M,M"/><TAIKYOKU oya="0"/><INIT seed="0,0,0,4,1,26" ten="250,250,250,250" oya="0" hai0="37,72,114,76,3,14,18,90,112,42,56,44,23" hai1="128,55,67,51,84,102,110,46,69,57,53,58,73" hai2="71,0,77,35,100,115,47,8,19,52,30,91,78" hai3="6,64,50,121,123,15,70,27,13,126,4,118,120"/><T127/><D127/><U88/><E73/><V22/><F115/><W134/><G118/><T89/><D3/><U83/><E128/><V97/><F71/><W7/><G134/><T28/><D56/><U85/><E110/><V99/><F91/><W25/><G126/><T94/><D28/><U17/><E102/><V9/><F99/><W96/><G96/><T10/><D10/><U32/><E32/><V105/><F9/><W62/><G50/><T106/><D106/><U65/><E69/><V16/><F19/><W41/><G41/><T124/><D124/><U11/><E85/><V36/><F36/><W98/><G98/><T122/><D122/><U12/><E58/><V79/><F0/><W131/><G131/><T101/><D101/><U86/><E86/><V2/><F8/><W107/><G107/><T129/><D129/><U20/><E20/><V87/><F2/><W29/><REACH who="3" step="1"/><G27/><REACH who="3" ten="250,250,250,240" step="2"/><T113/><REACH who="0" step="1"/><D94/><REACH who="0" ten="240,250,250,240" step="2"/><U63/><AGARI ba="0,2" hai="11,12,17,46,51,53,55,57,63,65,67,83,84,88" machi="63" ten="20,12000,2" yaku="0,1,7,1,25,2,8,1,54,1" doraHai="26" who="1" fromWho="1" sc="240,-60,250,140,250,-30,240,-30" /><INIT seed="1,0,0,4,2,40" ten="180,390,220,210" oya="1" hai0="113,19,81,107,90,80,48,47,59,32,125,100,130" hai1="23,33,76,56,92,71,53,50,101,0,42,132,21" hai2="68,65,121,129,109,75,96,28,114,89,112,27,74" hai3="72,13,83,105,45,73,86,70,116,34,133,63,36"/><U108/><E33/><V37/><F121/><W87/><G105/><T58/><D113/><N who="2" m="43626" /><F129/><W52/><G34/><T3/><D125/><U29/><E0/><V43/><F109/><W95/><G13/><T134/><D130/><U6/><E71/><V110/><F110/><W62/><G116/><T41/><D134/><U123/><E123/><V1/><F1/><W64/><G133/><T91/><D32/><U39/><E132/><V4/><F4/><W55/><G95/><T22/><D3/><U77/><E6/><V79/><F79/><W14/><G14/><T16/><D107/><U60/><E39/><V67/><F89/><N who="0" m="33802" /><D100/><U44/><E108/><V46/><F96/><W57/><G83/><N who="0" m="31819" /><D19/><U126/><E126/><V127/><F127/><W24/><G24/><AGARI ba="0,0" hai="16,22,24,41,47,48,58,59" m="31819,33802" machi="24" ten="30,3900,0" yaku="8,1,52,1,54,1" doraHai="40" who="0" fromWho="3" sc="180,39,390,0,220,0,210,-39" /><INIT seed="2,0,0,2,0,54" ten="219,390,220,171" oya="2" hai0="26,66,129,127,7,33,103,1,110,61,64,74,84" hai1="128,109,16,132,111,25,134,117,15,105,51,62,39" hai2="17,59,4,114,123,85,121,18,73,46,131,48,52" hai3="12,20,50,75,133,22,100,122,106,97,89,28,120"/><V70/><F123/><W67/><G133/><T86/><D74/><U41/><E105/><V125/><F121/><W98/><G122/><T126/><D110/><N who="1" m="41995" /><E117/><V135/><F135/><W71/><G120/><T31/><D129/><U63/><E39/><V9/><F131/><W11/><G75/><T42/><D42/><U80/><E128/><V94/><F73/><W38/><G38/><T99/><D1/><U19/><E80/><V68/><F114/><W91/><G50/><T10/><D10/><N who="1" m="6263" /><E62/><N who="2" m="36199" /><F125/><N who="0" m="47626" /><D7/><U102/><E63/><V119/><F70/><W37/><G37/><T95/><D66/><U57/><E102/><V79/><F68/><AGARI ba="0,0" hai="26,31,33,61,64,68,84,86,95,99,103" m="47626" machi="68" ten="30,1000,0" yaku="18,1" doraHai="54" who="0" fromWho="2" sc="219,10,390,0,220,-10,171,0" /><INIT seed="3,0,0,5,3,74" ten="229,390,210,171" oya="3" hai0="90,59,46,13,102,123,132,77,54,62,20,36,53" hai1="40,10,100,97,7,94,57,66,86,120,4,47,85" hai2="19,84,50,108,34,116,103,15,111,12,28,114,113" hai3="42,18,5,37,117,134,78,1,110,128,91,44,67"/><W17/><G117/><T39/><D123/><U51/><E120/><V69/><F69/><W61/><G128/><T0/><D0/><U75/><E75/><V107/><F116/><W133/><G110/><N who="2" m="42025" /><F50/><W43/><G43/><T76/><D132/><N who="3" m="50793" /><G91/><T24/><D102/><U81/><E86/><V127/><F127/><W99/><G99/><T105/><D105/><U3/><E3/><V109/><F109/><W88/><G88/><T70/><D13/><N who="2" m="5194" /><F19/><N who="3" m="7179" /><G78/><T29/><D90/><U35/><E85/><V101/><F84/><W98/><G98/><T16/><D29/><U22/><E97/><N who="2" m="61871" /><F103/><W121/><G121/><T45/><D70/><U33/><E100/><V83/><F83/><W2/><G5/><T25/><D25/><AGARI ba="0,0" hai="25,28,34,113,114" m="61871,5194,42025" machi="25" ten="30,1000,0" yaku="14,1" doraHai="74" who="2" fromWho="0" sc="229,-10,390,0,210,10,171,0" /><INIT seed="4,0,0,1,3,115" ten="219,390,220,171" oya="0" hai0="88,98,27,26,81,5,6,65,63,12,37,110,82" hai1="109,52,111,45,46,70,7,53,112,132,23,129,101" hai2="43,34,38,29,74,35,0,121,73,72,15,28,22" hai3="11,39,62,41,9,36,49,3,1,89,50,56,57"/><T134/><D134/><U19/><E70/><V91/><F121/><W102/><G89/><T79/><D110/><U99/><E7/><V122/><F122/><W123/><G123/><T20/><D37/><U127/><E111/><V71/><F71/><W119/><G62/><T106/><D27/><U86/><E86/><V60/><F60/><W75/><G102/><T4/><D106/><U47/><E109/><V21/><F91/><W59/><G75/><T83/><D12/><U108/><E108/><V40/><F0/><W133/><G57/><T68/><D79/><U76/><E76/><V44/><F15/><W128/><G128/><T55/><D55/><U2/><E2/><V17/><F17/><W66/><G66/><T113/><D113/><U13/><E112/><V84/><F84/><W8/><G8/><T104/><D104/><U114/><E114/><V10/><F10/><W105/><G105/><T96/><REACH who="0" step="1"/><D88/><REACH who="0" ten="209,390,220,171" step="2"/><U95/><E132/><V94/><F38/><W67/><G133/><T103/><D103/><U77/><E77/><V51/><F40/><W61/><G41/><T30/><AGARI ba="0,1" hai="4,5,6,20,26,30,63,65,68,81,82,83,96,98" machi="30" ten="30,3000,0" yaku="1,1,0,1,53,0" doraHai="115" doraHaiUra="80" who="0" fromWho="0" sc="209,40,390,-10,220,-10,171,-10" /><INIT seed="4,1,0,2,4,88" ten="249,380,210,161" oya="0" hai0="28,56,75,112,52,135,82,11,132,4,66,2,119" hai1="62,122,26,96,38,110,43,68,129,100,9,15,118" hai2="85,94,57,18,90,65,14,17,79,63,77,74,106" hai3="123,36,108,8,116,130,49,51,31,113,58,120,102"/><T111/><D119/><U47/><E122/><N who="3" m="46634" /><G8/><T78/><D112/><U13/><E110/><V48/><F106/><W21/><G102/><T121/><D121/><U87/><E118/><V72/><F72/><W64/><G21/><T125/><D125/><U0/><E0/><V10/><F74/><W24/><G24/><T109/><D66/><U133/><E133/><N who="0" m="51273" /><D28/><U99/><E129/><V124/><F124/><W107/><G31/><T70/><D70/><U81/><E26/><V23/><REACH who="2" step="1"/><F48/><AGARI ba="1,0" hai="2,4,11,48,52,56,75,78,82,109,111" m="51273" machi="48" ten="30,2900,0" yaku="20,1,54,1" doraHai="88" who="0" fromWho="2" sc="249,32,380,0,210,-32,161,0" /><INIT seed="4,2,0,3,3,21" ten="281,380,178,161" oya="0" hai0="16,120,47,134,96,34,109,128,108,32,93,23,74" hai1="94,111,83,11,20,4,95,0,82,13,65,115,2" hai2="104,119,59,121,90,41,39,8,48,91,132,43,60" hai3="129,22,35,122,15,14,73,10,27,36,84,44,77"/><T85/><D120/><U54/><E65/><V49/><F121/><W69/><G73/><T112/><D112/><U106/><E106/><V78/><F78/><W9/><G122/><T131/><D74/><U56/><E111/><N who="0" m="42569" /><D134/><U81/><E115/><V40/><F104/><W79/><G69/><T5/><D5/><U28/><E2/><V72/><F72/><W37/><G35/><T75/><D75/><U30/><E0/><V80/><F39/><W89/><G44/><T123/><D123/><U52/><E54/><V105/><F105/><W127/><G129/><N who="0" m="49739" /><D85/><U64/><E64/><V124/><F132/><W114/><G114/><T107/><D107/><U88/><E20/><V55/><F119/><W118/><G127/><T87/><D87/><N who="1" m="52511" /><E95/><V6/><F124/><W45/><G118/><T76/><D76/><N who="3" m="29257" /><G36/><T58/><D47/><U53/><E53/><V110/><F110/><W61/><G37/><T19/><D58/><U24/><E24/><V7/><F80/><N who="1" m="20481" /><U12/><DORA hai="51" /><E12/><N who="3" m="4650" /><G45/><T86/><D34/><U116/><E116/><V126/><F126/><W92/><G61/><AGARI ba="2,0" hai="4,11,13,28,30,52,56,61" m="20481,52511" machi="61" ten="30,7700,0" yaku="8,1,52,1,54,2" doraHai="21,51" who="1" fromWho="3" sc="281,0,380,83,178,0,161,-83" /><INIT seed="5,0,0,4,3,110" ten="281,463,178,78" oya="1" hai0="26,80,107,75,104,45,56,113,79,108,117,71,112" hai1="55,67,12,62,38,130,36,82,27,24,106,54,25" hai2="125,17,16,42,58,5,6,10,70,69,78,123,115" hai3="118,85,77,96,30,15,50,89,68,14,7,120,13"/><U3/><E106/><N who="0" m="40489" /><D71/><U97/><E130/><V43/><F78/><W1/><G120/><T32/><D45/><U95/><E82/><V28/><F123/><W116/><G68/><T52/><D117/><N who="3" m="45161" /><G30/><N who="0" m="19543" /><D108/><U39/><E12/><N who="3" m="3074" /><W29/><DORA hai="135" /><G29/><T129/><D129/><U111/><E3/><V60/><F28/><W109/><G109/><T35/><D52/><U63/><E111/><V37/><F37/><W59/><G77/><T83/><D56/><U20/><E20/><V103/><F103/><W49/><G96/><T127/><D83/><U102/><E67/><V92/><F92/><N who="3" m="54319" /><G59/><T132/><D132/><U133/><E133/><V44/><F58/><W40/><G40/><T72/><D35/><U101/><E101/><V41/><F43/><W121/><G121/><T128/><D128/><U31/><E31/><V84/><F44/><W57/><G57/><T61/><D61/><U74/><E63/><V86/><F60/><W134/><G134/><T122/><D122/><U90/><E62/><V23/><F23/><W76/><G76/><T53/><D53/><U21/><E102/><V64/><F64/><W0/><G0/><T66/><D66/><U94/><E55/><V81/><F81/><W73/><G73/><T2/><D2/><U18/><E74/><V48/><F48/><W9/><AGARI ba="0,0" hai="1,7,9,49,50" m="54319,3074,45161" machi="9" ten="40,1500,0" yaku="12,1" doraHai="110,135" who="3" fromWho="3" sc="281,-4,463,-7,178,-4,78,15" /><INIT seed="6,0,0,4,3,0" ten="277,456,174,93" oya="2" hai0="99,103,131,28,24,88,20,101,73,26,96,36,126" hai1="119,118,106,85,128,65,120,102,50,104,62,125,124" hai2="75,52,21,27,12,77,33,46,115,127,30,25,53" hai3="5,112,92,134,48,111,45,11,121,117,7,6,132"/><V97/><F115/><W60/><G117/><T63/><D126/><N who="1" m="48747" /><E128/><V67/><F127/><W89/><G111/><T100/><D131/><U82/><E50/><V32/><F67/><W80/><G121/><T68/><D73/><U135/><E135/><N who="3" m="51754" /><G112/><T13/><D36/><U18/><E18/><V51/><F32/><W44/><G80/><T110/><D110/><U61/><E61/><V66/><F66/><W78/><G78/><T114/><D114/><U72/><E72/><V43/><F97/><N who="3" m="57487" /><G60/><T40/><D40/><U79/><E120/><V4/><F77/><W41/><G45/><T91/><D63/><U93/><E93/><V38/><F75/><W69/><G69/><T98/><D68/><N who="1" m="42039" /><E102/><V2/><F38/><W42/><G42/><T56/><D56/><U3/><E3/><AGARI ba="0,0" hai="3,5,6,7,11,41,44,48" m="57487,51754" machi="3" ten="30,7700,0" yaku="20,1,52,3" doraHai="0" who="3" fromWho="1" sc="277,0,456,-77,174,0,93,77" /><INIT seed="7,0,0,3,1,31" ten="277,379,174,170" oya="3" hai0="103,40,47,89,43,57,98,45,80,55,96,1,112" hai1="14,123,78,24,126,23,38,121,64,133,79,25,5" hai2="59,128,74,41,54,131,39,13,30,48,124,101,108" hai3="84,119,36,75,63,97,83,122,46,18,35,61,53"/><W102/><G122/><T2/><D112/><U21/><E38/><V94/><F74/><W111/><G119/><T66/><D66/><U26/><E14/><V19/><F108/><W120/><G75/><T93/><D80/><U117/><E5/><V114/><F114/><W4/><G120/><T116/><D116/><U65/><E126/><V81/><F124/><W125/><G125/><T82/><D82/><U129/><E117/><V135/><F135/><W28/><G111/><T6/><D6/><U70/><E25/><V11/><F81/><W37/><G4/><T88/><D57/><U7/><E7/><V76/><F76/><N who="3" m="46183" /><G35/><T107/><D55/><U50/><E70/><V132/><F132/><W58/><G36/><T99/><D99/><U104/><E133/><V15/><F15/><W52/><G37/><T8/><D8/><U68/><E68/><V33/><F41/><W12/><G28/><T27/><D103/><U10/><E10/><V56/><F39/><W90/><G102/><T109/><D109/><U110/><E110/><V73/><F73/><W32/><G32/><T86/><D2/><U44/><E104/><V118/><F118/><W115/><G115/><T69/><D1/><U77/><E77/><V67/><F30/><W105/><G105/><T9/><D107/><U22/><E79/><V92/><F33/><W106/><G106/><T3/><D3/><U17/><E78/><V51/><F101/><W34/><G34/><T100/><D100/><U60/><E123/><V85/><F85/><W71/><G71/><T113/><D86/><U72/><E121/><RYUUKYOKU ba="0,0" sc="277,0,379,0,174,0,170,0" owari="277,8.0,379,48.0,174,-23.0,170,-33.0" /></mjloggm>