<mjloggm ver="2.3"><GO type="41" lobby="0"/><UN n0="%46%65%6E%65%73%69%73" n1="%E5%B0%B1%E6%B4%BB%E7%94%9F%40%E5%B7%9D%E6%9D%91%E8%BB%8D%E5%9B%A3" n2="%61%6B%69%72%61%33%32%38" n3="%E5%9C%B0%E7%8D%84%E3%81%AE%E9%9B%80%E9%AC%BC" dan="13,15,15,13" rate="1845.67,2014.46,1952.71,1891.34" sx="M,M,M,M"/><TAIKYOKU oya="0"/><INIT seed="0,0,0,2,5,86" ten="250,250,250,250" oya="0" hai0="19,91,35,52,125,42,12,45,79,131,85,90,23" hai1="116,36,43,129,63,3,13,113,67,25,122,53,55" hai2="5,29,93,15,120,133,47,114,39,33,59,4,68" hai3="95,38,124,100,134,121,16,104,127,66,103,44,105"/><T27/><D131/><U1/><E116/><V74/><F68/><W76/><G66/><T48/><D125/><N who="3" m="48201" /><G38/><T50/><D35/><U70/><E122/><V117/><F59/><W57/><G57/><N who="0" m="32903" /><D27/><U71/><E113/><V10/><F33/><W106/><G44/><T101/><D101/><U115/><E115/><V132/><F47/><W28/><G28/><T119/><D119/><U58/><E129/><V49/><F132/><W123/><G16/><T51/><D51/><U26/><E71/><V18/><F49/><W40/><G40/><T98/><D98/><U31/><E13/><V109/><F15/><W11/><G11/><T110/><D110/><U107/><E26/><V20/><F109/><W9/><G9/><T77/><D77/><U75/><E75/><V108/><F74/><W102/><G134/><T99/><D99/><U54/><E107/><V84/><F133/><W80/><G95/><T41/><D41/><U24/><E24/><V22/><F93/><W135/><G135/><T128/><D128/><U130/><E130/><V82/><F117/><W6/><G6/><T94/><D94/><U37/><E70/><V111/><F111/><W0/><G0/><T14/><D14/><U56/><E56/><V61/><F108/><W2/><G2/><T46/><D46/><U60/><E60/><V112/><F114/><W65/><G65/><T92/><D92/><U72/><E72/><AGARI ba="0,0" hai="72,76,80,100,102,103,104,105,106,121,123" m="48201" machi="72" ten="40,5200,0" yaku="18,1,34,2" doraHai="86" who="3" fromWho="1" sc="250,0,250,-52,250,0,250,52" /><INIT seed="1,0,0,5,2,89" ten="250,198,250,302" oya="1" hai0="49,81,29,83,117,76,115,37,65,46,69,68,7" hai1="27,121,82,66,21,112,53,12,47,9,45,26,25" hai2="116,44,93,118,113,39,131,106,102,41,129,8,94" hai3="10,30,3,62,63,4,36,0,33,125,38,109,43"/><U74/><E121/><V120/><F120/><W24/><G109/><T60/><D117/><N who="2" m="45162" /><F8/><W122/><G122/><T19/><D115/><U134/><E112/><V114/><F114/><W100/><G100/><T77/><D29/><U11/><E134/><V35/><F35/><W90/><G125/><T67/><D37/><U133/><E133/><V80/><F113/><W1/><G90/><T18/><D7/><U20/><E66/><V54/><F80/><W40/><G10/><T71/><D65/><U96/><E74/><V61/><F61/><W6/><G24/><T86/><D69/><U14/><E82/><V48/><F102/><W130/><G30/><T75/><REACH who="0" step="1"/><D71/><REACH who="0" ten="240,198,250,302" step="2"/><U23/><E96/><V28/><F28/><W5/><G130/><N who="2" m="49673" /><F106/><W58/><G33/><T104/><D104/><U50/><E11/><V135/><F135/><W72/><G72/><T92/><D92/><N who="2" m="35434" /><F39/><N who="3" m="14891" /><G58/><T34/><D34/><U56/><REACH who="1" step="1"/><E14/><REACH who="1" ten="240,188,250,302" step="2"/><V98/><F98/><W132/><G132/><T15/><D15/><U31/><E31/><V128/><F128/><W78/><G78/><T64/><D64/><U57/><E57/><V70/><F70/><W87/><G87/><T88/><D88/><U126/><E126/><V55/><AGARI ba="0,2" hai="41,44,48,54,55" m="35434,49673,45162" machi="55" ten="40,8000,1" yaku="19,1,52,3" doraHai="89" who="2" fromWho="2" sc="240,-20,188,-40,250,100,302,-20" /><INIT seed="2,0,0,2,5,114" ten="220,148,350,282" oya="2" hai0="67,22,43,132,9,34,103,75,33,41,37,118,85" hai1="66,69,76,23,135,95,71,98,78,124,131,101,60" hai2="77,35,4,42,53,81,104,133,54,107,39,21,19" hai3="12,65,82,59,25,62,48,130,100,32,106,24,28"/><V36/><F35/><W50/><G130/><T120/><D120/><U15/><E71/><V127/><F4/><W30/><G82/><T70/><D85/><U10/><E135/><V16/><F133/><W96/><REACH who="3" step="1"/><G12/><REACH who="3" ten="220,148,350,272" step="2"/><T90/><D132/><U51/><E131/><V88/><F81/><W112/><G112/><T2/><D2/><U27/><E124/><V58/><F127/><W93/><G93/><T44/><D75/><U55/><E15/><V125/><F125/><W5/><G5/><T68/><D37/><U46/><REACH who="1" step="1"/><E10/><REACH who="1" ten="220,138,350,272" step="2"/><V111/><F36/><W17/><G17/><AGARI ba="0,2" hai="17,23,27,46,51,55,60,66,69,76,78,95,98,101" machi="17" ten="30,3900,0" yaku="1,1,2,1,7,1,53,0" doraHai="114" doraHaiUra="102" who="1" fromWho="3" sc="220,0,138,59,350,0,272,-39" /><INIT seed="3,0,0,1,3,51" ten="220,197,350,233" oya="3" hai0="8,41,111,78,70,25,103,36,43,19,37,28,9" hai1="134,30,27,132,96,50,77,101,22,112,94,115,58" hai2="42,2,135,97,24,69,53,100,60,66,119,123,14" hai3="40,61,114,62,67,121,124,13,131,109,129,107,35"/><W133/><G13/><T33/><D111/><U76/><E58/><V17/><F119/><W117/><G40/><T90/><D70/><U63/><E63/><V44/><F2/><W71/><G62/><T4/><D90/><U11/><E50/><V93/><F123/><W7/><G7/><T12/><D103/><U99/><E11/><V5/><F135/><N who="1" m="51753" /><E96/><V55/><F24/><W45/><G45/><T86/><D37/><U85/><E85/><V18/><F5/><W92/><G92/><T23/><D36/><U32/><E32/><V49/><F18/><W102/><G102/><T0/><D9/><AGARI ba="0,0" hai="9,14,17,42,44,49,53,55,60,66,69,93,97,100" machi="9" ten="30,3900,0" yaku="7,1,52,2" doraHai="51" who="2" fromWho="0" sc="220,-39,197,0,350,39,233,0" /><INIT seed="4,0,0,1,2,82" ten="181,197,389,233" oya="0" hai0="85,47,92,2,135,43,108,80,122,13,24,29,90" hai1="19,99,21,89,64,4,54,36,98,7,40,78,39" hai2="67,119,106,71,74,73,101,114,27,134,76,117,97" hai3="15,113,93,111,14,61,34,56,75,118,1,112,110"/><T133/><D2/><U107/><E78/><V17/><F134/><N who="0" m="51210" /><D122/><U10/><E64/><V126/><F114/><N who="3" m="44139" /><G75/><T128/><D128/><U5/><E54/><V28/><F126/><W121/><G93/><T86/><D13/><U60/><E60/><N who="2" m="40423" /><F17/><W129/><G129/><T32/><D108/><N who="3" m="41513" /><G34/><T3/><D3/><U33/><E33/><N who="2" m="20639" /><F76/><W0/><G121/><T70/><D70/><U79/><E79/><V26/><F26/><W58/><G118/><AGARI ba="0,0" hai="73,74,97,101,106,117,118,119" m="20639,40423" machi="118" ten="30,3900,0" yaku="25,1,12,1,23,1" doraHai="82" who="2" fromWho="3" sc="181,0,197,0,389,39,233,-39" /><INIT seed="5,0,0,2,1,30" ten="181,197,428,194" oya="1" hai0="112,77,43,96,61,114,101,92,27,13,62,85,129" hai1="135,110,86,1,66,125,130,53,115,65,106,88,117" hai2="95,94,69,50,58,127,76,10,49,103,82,55,11" hai3="59,29,0,71,118,44,119,123,17,93,36,23,99"/><U68/><RYUUKYOKU type="yao9" ba="0,0" sc="181,0,197,0,428,0,194,0" hai1="1,53,65,66,68,86,88,106,110,115,117,125,130,135" /><INIT seed="5,1,0,0,4,27" ten="181,197,428,194" oya="1" hai0="72,98,91,128,5,18,10,133,126,73,24,116,110" hai1="86,103,34,44,107,35,65,85,14,78,4,26,129" hai2="12,121,63,68,131,135,19,13,17,106,22,28,117" hai3="36,84,33,81,21,99,125,77,61,87,2,100,115"/><U23/><E129/><V74/><F121/><W124/><G33/><T1/><D116/><U101/><E65/><V112/><F117/><W134/><G36/><T75/><D110/><U47/><E35/><V70/><F131/><W118/><G2/><T111/><D126/><N who="3" m="48745" /><G118/><T123/><D111/><U71/><E71/><V52/><F74/><W6/><G6/><T130/><D123/><U82/><E34/><V9/><F135/><W37/><G37/><T41/><D133/><U7/><E86/><V132/><F132/><W109/><G109/><T31/><D18/><U59/><E59/><V57/><F106/><N who="3" m="63775" /><G61/><T3/><D3/><U76/><E76/><V64/><F70/><W16/><G115/><T89/><D41/><U104/><E104/><V55/><F112/><W96/><G96/><T94/><REACH who="0" step="1"/><D91/><REACH who="0" ten="171,197,428,194" step="2"/><U97/><E103/><V80/><F19/><W102/><G102/><T60/><D60/><U113/><E113/><V114/><F63/><W15/><G134/><T127/><D127/><U50/><E14/><V93/><F13/><W11/><G11/><T56/><D56/><U67/><E67/><V92/><F64/><W66/><G66/><T69/><D69/><U45/><REACH who="1" step="1"/><E50/><REACH who="1" ten="171,187,428,194" step="2"/><V48/><F68/><W49/><G49/><T95/><D95/><U46/><N who="1" m="11776" /><DORA hai="40" /><U32/><E32/><AGARI ba="1,2" hai="1,5,10,24,31,32,72,73,75,89,94,98,128,130" machi="32" ten="40,5200,0" yaku="1,1,52,1,53,1" doraHai="27,40" doraHaiUra="20,58" who="0" fromWho="1" sc="171,75,187,-55,428,0,194,0" /><INIT seed="6,0,0,5,2,26" ten="246,132,428,194" oya="2" hai0="40,58,125,61,106,80,14,7,130,92,69,100,54" hai1="24,39,110,51,91,95,97,83,2,102,48,28,88" hai2="70,73,109,18,15,118,3,121,76,126,52,31,17" hai3="67,124,103,27,1,38,111,64,10,0,82,25,50"/><V22/><F70/><W55/><G38/><T129/><D106/><U122/><E2/><V45/><F3/><W59/><G111/><T47/><D125/><U128/><E110/><V84/><F73/><W46/><G124/><T62/><D80/><U96/><E39/><V77/><F126/><W94/><G82/><T104/><D104/><U120/><E128/><V101/><F118/><W57/><G1/><T81/><D81/><U107/><E83/><V32/><F121/><W117/><G117/><T41/><D41/><U99/><E120/><V53/><F32/><W79/><G79/><T127/><D127/><U63/><E122/><V8/><F76/><W89/><G103/><T72/><D72/><U21/><E63/><V60/><F60/><W78/><G78/><T98/><D62/><U114/><E114/><V112/><F77/><W86/><G0/><T5/><D69/><U19/><REACH who="1" step="1"/><E19/><REACH who="1" ten="246,122,428,194" step="2"/><V49/><F18/><W116/><G116/><T134/><D134/><U56/><E56/><N who="3" m="21578" /><G10/><T9/><D5/><U132/><E132/><V90/><F8/><W119/><G119/><T66/><D130/><U30/><E30/><V74/><F31/><W85/><G86/><T12/><D129/><U131/><E131/><V11/><F84/><W133/><G133/><T42/><D14/><U68/><E68/><V35/><F15/><W23/><G25/><T65/><D42/><U75/><E75/><V93/><F74/><W105/><G105/><T123/><D123/><U108/><E108/><V71/><F109/><W34/><G34/><T115/><D115/><U37/><E37/><AGARI ba="0,1" hai="7,9,12,37,40,47,54,58,61,65,66,92,98,100" machi="37" ten="30,2000,0" yaku="6,1,7,1" doraHai="26" who="0" fromWho="1" sc="246,30,122,-20,428,0,194,0" /><INIT seed="7,0,0,4,5,112" ten="276,102,428,194" oya="3" hai0="1,41,30,35,116,91,118,36,113,90,38,43,46" hai1="114,129,86,40,72,54,78,82,26,25,59,21,133" hai2="69,18,111,48,120,53,24,12,79,34,67,66,119" hai3="62,105,64,130,101,96,33,81,77,127,39,74,3"/><W6/><G127/><T70/><D113/><U94/><E114/><V68/><F111/><W100/><G100/><T10/><D91/><U15/><E129/><V14/><F79/><W92/><G92/><T11/><D90/><U126/><E133/><V4/><F4/><W87/><G87/><T42/><D70/><U106/><E126/><V76/><F76/><W134/><G130/><T55/><D55/><U84/><E106/><V110/><F53/><W121/><G134/><T99/><D99/><U58/><E40/><V50/><F69/><W135/><G135/><T37/><D46/><U109/><E109/><V5/><F68/><W122/><G39/><T23/><D35/><U17/><E58/><V56/><F56/><W107/><G105/><T131/><D131/><U89/><REACH who="1" step="1"/><E72/><REACH who="1" ten="276,92,428,194" step="2"/><V32/><F110/><W49/><G49/><AGARI ba="0,1" hai="15,17,21,25,26,49,54,59,78,82,84,86,89,94" machi="49" ten="30,12000,2" yaku="1,1,2,1,7,1,25,2,8,1,53,0" doraHai="112" doraHaiUra="123" who="1" fromWho="3" sc="276,0,92,130,428,0,194,-120" owari="276,8.0,222,-18.0,428,53.0,74,-43.0" /></mjloggm>