<mjloggm ver="2.3"><GO type="97" lobby="0"/><UN n0="%EF%BC%8D%E4%B8%8A%E5%96%84%E5%A6%82%E6%B0%B4%EF%BC%8D" n1="%43%6F%72%61%6C" n2="%E5%B0%B1%E6%B4%BB%E7%94%9F%40%E5%B7%9D%E6%9D%91%E8%BB%8D%E5%9B%A3" n3="%73%69%6E%69%63%61" dan="13,14,13,15" rate="1821.19,2073.39,1885.93,2026.09" sx="F,M,M,M"/><TAIKYOKU oya="0"/><INIT seed="0,0,0,4,0,33" ten="250,250,250,250" oya="0" hai0="36,23,120,51,16,108,133,32,127,62,64,81,73" hai1="95,55,17,131,97,110,123,3,102,24,26,119,83" hai2="4,132,82,60,44,41,27,47,76,13,50,1,9" hai3="0,66,103,21,69,22,15,68,49,20,118,130,86"/><T7/><D36/><U30/><E123/><V101/><F132/><W25/><G118/><T117/><D133/><U46/><E119/><V70/><F101/><W14/><G0/><T10/><D117/><U105/><E3/><V100/><F100/><W72/><G72/><T84/><D120/><U63/><E110/><V99/><F99/><W90/><G103/><T39/><D32/><U88/><E83/><V104/><F104/><W67/><G130/><T121/><D127/><U107/><E131/><V18/><F27/><W87/><G25/><T43/><D121/><U54/><E17/><V45/><F60/><W53/><G69/><T40/><D108/><U96/><E107/><V77/><F70/><W94/><G86/><T59/><D73/><U134/><E134/><V89/><F89/><W71/><G71/><T114/><D114/><U56/><E30/><V65/><F65/><N who="3" m="24587" /><G68/><T52/><D39/><U91/><REACH who="1" step="1"/><E91/><REACH who="1" ten="250,240,250,250" step="2"/><V61/><F77/><W75/><G75/><T58/><D81/><U112/><E112/><V128/><F128/><W31/><G31/><T12/><REACH who="0" step="1"/><D84/><REACH who="0" ten="240,240,250,250" step="2"/><U48/><AGARI ba="0,2" hai="24,26,46,48,54,55,56,63,88,95,96,97,102,105" machi="48" ten="30,4000,0" yaku="1,1,0,1,54,1,53,0" doraHai="33" doraHaiUra="126" who="1" fromWho="1" sc="240,-20,240,60,250,-10,250,-10" /><INIT seed="1,0,0,2,2,32" ten="220,300,240,240" oya="1" hai0="81,93,53,1,75,4,24,129,34,21,119,70,122" hai1="77,12,31,106,108,95,9,60,121,120,37,5,83" hai2="25,13,73,16,40,14,114,85,41,72,112,26,69" hai3="64,62,20,99,102,97,2,18,118,44,110,19,23"/><U35/><E106/><V38/><F69/><W111/><G118/><T47/><D70/><U84/><E37/><V87/><F38/><W104/><G2/><T105/><D105/><U78/><E108/><N who="3" m="41514" /><G99/><T10/><D34/><U61/><E95/><V109/><REACH who="2" step="1"/><F109/><REACH who="2" ten="220,300,230,240" step="2"/><W63/><G44/><T117/><D119/><U58/><E121/><V126/><F126/><W88/><G104/><T101/><D122/><U89/><E120/><V55/><F55/><W6/><G64/><T48/><D117/><U115/><E115/><V90/><F90/><W98/><G88/><T67/><D101/><U82/><E89/><V68/><F68/><W36/><G36/><T43/><D129/><U3/><E78/><V51/><F51/><W0/><G102/><T113/><D113/><U46/><E77/><V45/><F45/><W103/><G103/><T94/><D67/><U100/><E46/><V135/><F135/><W96/><G63/><T116/><D116/><U74/><E61/><V54/><F54/><W132/><G62/><T133/><D43/><U42/><E42/><V30/><F30/><W33/><G132/><T27/><D133/><U52/><E100/><V80/><F80/><W22/><G33/><T127/><D127/><U7/><E83/><V56/><F56/><W8/><AGARI ba="0,1" hai="0,6,8,18,19,20,22,23,96,97,98" m="41514" machi="8" ten="40,2700,0" yaku="14,1,52,1" doraHai="32" who="3" fromWho="3" sc="220,-7,300,-13,230,-7,240,37" /><INIT seed="2,0,0,2,2,80" ten="213,287,223,277" oya="2" hai0="113,10,14,98,21,2,13,121,60,1,41,102,5" hai1="123,94,52,12,48,114,55,8,51,97,77,67,131" hai2="37,85,43,66,101,4,26,6,58,129,32,82,120" hai3="15,103,106,31,105,40,36,112,89,126,74,87,96"/><V45/><F120/><W73/><G106/><T76/><D41/><U135/><E114/><V116/><F116/><W118/><G118/><T92/><D121/><U42/><E123/><V17/><F129/><W100/><G100/><T61/><D113/><U81/><E131/><V44/><F101/><W56/><G112/><T130/><D130/><U68/><E135/><V27/><F27/><W7/><G31/><T54/><D76/><U88/><E68/><V78/><F45/><W84/><G126/><T64/><D54/><U0/><E67/><V9/><F32/><W104/><G104/><T119/><D119/><U117/><E0/><V49/><F26/><W133/><G56/><T63/><D64/><U134/><E134/><V79/><F79/><W83/><G133/><T23/><REACH who="0" step="1"/><D14/><REACH who="0" ten="203,287,223,277" step="2"/><U19/><E42/><V70/><F70/><W11/><G40/><T39/><D39/><U93/><E117/><V128/><F128/><W111/><G36/><T72/><D72/><U20/><E52/><V18/><F6/><W16/><G7/><T91/><D91/><U115/><E55/><V46/><F46/><W95/><G111/><T124/><D124/><U28/><E115/><V108/><F108/><W59/><G59/><T125/><D125/><U47/><E47/><V3/><REACH who="2" step="1"/><F37/><REACH who="2" ten="203,287,213,277" step="2"/><W65/><G65/><T71/><D71/><U33/><E77/><AGARI ba="0,2" hai="11,15,16,73,74,77,83,84,87,89,95,96,103,105" machi="77" ten="30,7700,0" yaku="7,1,52,2,54,1" doraHai="80" who="3" fromWho="1" sc="203,0,287,-77,213,0,277,97" /><INIT seed="3,0,0,3,5,103" ten="203,210,213,374" oya="3" hai0="106,29,90,6,53,109,113,93,11,88,96,102,48" hai1="27,51,50,68,97,56,135,87,65,22,55,86,134" hai2="111,19,5,66,112,33,131,26,105,36,116,99,75" hai3="120,59,16,54,24,2,44,67,107,130,1,42,20"/><W133/><G120/><T63/><D29/><U114/><E114/><V34/><F36/><W123/><G67/><T100/><D113/><U83/><E97/><V57/><F75/><W38/><G130/><T21/><D21/><U61/><E51/><V45/><F116/><W14/><G107/><T49/><D109/><U121/><E121/><V12/><F112/><W64/><G64/><T13/><D100/><U118/><E118/><V74/><F74/><W30/><G133/><N who="1" m="50698" /><E83/><V40/><F131/><W25/><G25/><T62/><D48/><U101/><E101/><V18/><F99/><W23/><G123/><T32/><D32/><U37/><E37/><V91/><F105/><W73/><G73/><T76/><D76/><U8/><E8/><V4/><F91/><N who="0" m="34858" /><D106/><U69/><E69/><V117/><F117/><W28/><G28/><AGARI ba="0,0" hai="22,27,28,50,55,56,61,65,68,86,87" m="50698" machi="28" ten="30,1000,0" yaku="20,1" doraHai="103" who="1" fromWho="3" sc="203,0,210,10,213,0,374,-10" owari="203,-30.0,220,2.0,213,-19.0,364,47.0" /></mjloggm>