<mjloggm ver="2.3"><GO type="97" lobby="0"/><UN n0="%E8%9D%89%E4%B8%B8" n1="%E5%B0%B1%E6%B4%BB%E7%94%9F%40%E5%B7%9D%E6%9D%91%E8%BB%8D%E5%9B%A3" n2="%6D%6F%73%75%67%75%72%69" n3="%73%61%6E%6D%61%74%73%75" dan="14,13,13,13" rate="1942.27,1892.69,1914.18,1812.88" sx="M,M,M,M"/><TAIKYOKU oya="0"/><INIT seed="0,0,0,0,4,49" ten="250,250,250,250" oya="0" hai0="69,25,15,30,59,135,107,106,32,48,81,73,80" hai1="133,100,115,118,0,57,86,5,90,96,110,52,3" hai2="36,10,41,23,45,99,66,77,29,82,85,92,47" hai3="131,58,24,34,67,128,120,127,124,61,63,97,122"/><T76/><D69/><U51/><E118/><V71/><F71/><N who="3" m="42479" /><G24/><T4/><D135/><U33/><E33/><V129/><F129/><N who="3" m="49739" /><G97/><T89/><D4/><U28/><E28/><V38/><F66/><N who="3" m="39287" /><G34/><T8/><D8/><U126/><E133/><V132/><F132/><W111/><G111/><T78/><D89/><U37/><E110/><V116/><F116/><W113/><G113/><T1/><D15/><U50/><E115/><V72/><F72/><W105/><G105/><T13/><D13/><U130/><E130/><V31/><F10/><W114/><G114/><T9/><D9/><U119/><E119/><V75/><F75/><W56/><G56/><T53/><D1/><U11/><E0/><V65/><F65/><W88/><G88/><T123/><D123/><AGARI ba="0,0" hai="120,122,123,124,127" m="39287,49739,42479" machi="123" ten="30,7700,0" yaku="13,1,19,1,34,2" doraHai="49" who="3" fromWho="0" sc="250,-77,250,0,250,0,250,77" /><INIT seed="1,0,0,0,1,110" ten="173,250,250,327" oya="1" hai0="16,117,92,64,72,102,126,104,106,55,123,119,58" hai1="48,122,19,10,7,80,36,4,94,107,54,24,62" hai2="98,27,75,134,67,51,127,15,50,56,121,25,70" hai3="82,9,23,40,103,44,32,100,63,13,86,112,115"/><U8/><E107/><V61/><F75/><W0/><G32/><T66/><D72/><U125/><E36/><V83/><F121/><W26/><G0/><T22/><D106/><U109/><E122/><V88/><F127/><W124/><G63/><T130/><D123/><U43/><E109/><V57/><F134/><W33/><G33/><T1/><D1/><U116/><E125/><V78/><F70/><W28/><G124/><T108/><D126/><U133/><E116/><V74/><F15/><W59/><G59/><T105/><D104/><U79/><E43/><V6/><F6/><W20/><G20/><T114/><D105/><U2/><E62/><V17/><F57/><W89/><G103/><T81/><D81/><U87/><E133/><V37/><F37/><W99/><G99/><N who="0" m="59751" /><D108/><U132/><E132/><V76/><F76/><W42/><G100/><T96/><D96/><U84/><E19/><V46/><F46/><W35/><G35/><T38/><D38/><U128/><E24/><V131/><F27/><W111/><G111/><T120/><D120/><U91/><E128/><V129/><F17/><W73/><G73/><T65/><D130/><N who="2" m="49674" /><F25/><W53/><G42/><T30/><D119/><U31/><E31/><V3/><F3/><W97/><G97/><T113/><D30/><U12/><E48/><V34/><F34/><W18/><G40/><T47/><D47/><U45/><E45/><V118/><F118/><W21/><G21/><T41/><D41/><U85/><E84/><V95/><AGARI ba="0,0" hai="50,51,56,61,67,74,78,83,88,95,98" m="49674" machi="95" ten="30,2000,0" yaku="19,1,54,1" doraHai="110" who="2" fromWho="2" sc="173,-5,250,-10,250,20,327,-5" /><INIT seed="2,0,0,4,1,41" ten="168,240,270,322" oya="2" hai0="48,83,53,117,59,125,27,135,64,101,8,6,7" hai1="66,109,86,119,82,39,99,111,118,104,106,38,128" hai2="85,103,5,77,72,126,113,34,107,47,22,2,36" hai3="44,51,84,14,31,49,69,65,102,55,45,76,50"/><V112/><F85/><W0/><G0/><T57/><D135/><U26/><E66/><V121/><F22/><W108/><G108/><N who="1" m="41546" /><E26/><V20/><F20/><W1/><G1/><T15/><D125/><U17/><E17/><V114/><F126/><W81/><G102/><T134/><D134/><U67/><E67/><V40/><F34/><W130/><G130/><T54/><D64/><U89/><E38/><V32/><F32/><W78/><G31/><T10/><D117/><N who="1" m="44555" /><E39/><V115/><F115/><W123/><G123/><T42/><D42/><U97/><E128/><V132/><F132/><W91/><G51/><T110/><D110/><U124/><E124/><V71/><F121/><W56/><G69/><T43/><D43/><U11/><E11/><N who="2" m="2487" /><F71/><W68/><G68/><T16/><D101/><U30/><E30/><V80/><F103/><W60/><G14/><N who="0" m="7239" /><D27/><U87/><E87/><V92/><F92/><W9/><G9/><T28/><D28/><U23/><E23/><V58/><F58/><W3/><G3/><T116/><D116/><U25/><E25/><V62/><F62/><W35/><G35/><T120/><D120/><U75/><E75/><V37/><F37/><W90/><G76/><T13/><D13/><U46/><E46/><V70/><F70/><W105/><G105/><AGARI ba="0,0" hai="82,86,89,97,99,104,105,106" m="44555,41546" machi="105" ten="40,5200,0" yaku="14,1,34,2" doraHai="41" who="1" fromWho="3" sc="168,0,240,52,270,0,322,-52" /><AGARI ba="0,0" hai="36,40,47,72,77,80,105,107,112,113,114" m="2487" machi="105" ten="30,5800,0" yaku="25,1,23,1,52,1" doraHai="41" who="2" fromWho="3" sc="168,0,292,0,270,58,270,-58" /><INIT seed="2,1,0,3,1,45" ten="168,292,328,212" oya="2" hai0="28,55,119,117,2,126,114,34,8,54,1,65,79" hai1="44,109,51,82,0,101,6,102,77,5,66,7,46" hai2="95,61,98,86,9,89,17,3,14,12,29,18,59" hai3="96,31,118,70,64,75,13,33,106,116,93,112,41"/><V16/><F29/><W26/><G75/><T125/><D79/><U135/><E0/><N who="0" m="105" /><D65/><U92/><E135/><V128/><F128/><W84/><G112/><T49/><D55/><U48/><E109/><V24/><F24/><W104/><G41/><T73/><D73/><U19/><E19/><V68/><F68/><W111/><G111/><T107/><D107/><U134/><E134/><V47/><F3/><W37/><G106/><T72/><D72/><U85/><E66/><V27/><F27/><W122/><G37/><T40/><D40/><N who="1" m="24583" /><E92/><V87/><F47/><W103/><G122/><T57/><D114/><U38/><E38/><V58/><F58/><W30/><G30/><T11/><D28/><U21/><E21/><V42/><F42/><AGARI ba="1,0" hai="5,6,7,42,46,51,77,82,85,101,102" m="24583" machi="42" ten="30,3900,0" yaku="8,1,52,2" doraHai="45" who="1" fromWho="2" sc="168,0,292,42,328,-42,212,0" /><INIT seed="3,0,0,5,1,103" ten="168,334,286,212" oya="3" hai0="126,110,27,8,42,20,132,97,11,118,59,66,58" hai1="15,65,131,55,21,81,99,105,39,74,82,26,31" hai2="72,33,71,85,25,130,61,13,63,127,119,106,14" hai3="6,120,1,12,48,122,34,124,49,113,29,123,77"/><W37/><G113/><T45/><D110/><U116/><E39/><V89/><F72/><W68/><G37/><T92/><D118/><U44/><E116/><V121/><F119/><W76/><G68/><T117/><D126/><U135/><E135/><V60/><F71/><W51/><G1/><T47/><D132/><U67/><E131/><V43/><F121/><W35/><G29/><T53/><D117/><U7/><E74/><V86/><F127/><W79/><G124/><T17/><D42/><U104/><E104/><V24/><F130/><W129/><G129/><T56/><D66/><N who="1" m="25099" /><E105/><V28/><F106/><W54/><G54/><T36/><D36/><U101/><E101/><V16/><F43/><W134/><G134/><T133/><D133/><U0/><E0/><V100/><F100/><W38/><G38/><T88/><REACH who="0" step="1"/><D47/><REACH who="0" ten="158,334,286,212" step="2"/><U108/><E44/><V57/><F57/><W52/><G52/><T115/><D115/><U69/><E55/><V46/><F46/><W87/><REACH who="3" step="1"/><G87/><REACH who="3" ten="158,334,286,202" step="2"/><T96/><D96/><U111/><E99/><V30/><F86/><W93/><G93/><T128/><D128/><U50/><E69/><V91/><F85/><W32/><G32/><T2/><D2/><U10/><E50/><AGARI ba="0,2" hai="8,11,17,20,27,45,50,53,56,58,59,88,92,97" machi="50" ten="40,5200,0" yaku="1,1,8,1,54,1,53,0" doraHai="103" doraHaiUra="78" who="0" fromWho="1" sc="158,72,334,-52,286,0,202,0" /><INIT seed="4,0,0,3,4,127" ten="230,282,286,202" oya="0" hai0="99,25,114,39,26,80,124,79,50,109,8,42,94" hai1="125,28,118,12,108,40,27,46,131,66,74,33,123" hai2="135,7,64,88,14,16,13,98,129,71,2,29,128" hai3="37,120,89,59,96,102,72,133,62,20,97,23,119"/><T44/><D114/><U81/><E131/><N who="2" m="50251" /><F135/><W54/><G119/><T67/><D124/><U75/><E108/><V115/><F115/><W117/><G72/><T43/><D109/><U126/><E118/><V41/><F41/><W51/><G37/><T34/><D43/><U69/><E123/><V6/><F29/><W113/><G133/><T110/><D110/><U36/><E12/><N who="2" m="4715" /><F16/><W91/><G113/><T49/><D8/><U47/><E47/><V35/><F35/><W130/><G130/><T56/><D34/><U107/><E107/><V9/><F7/><W19/><G117/><T32/><D32/><U57/><E57/><V22/><F22/><W73/><G73/><N who="1" m="27658" /><E81/><V1/><F1/><W78/><G120/><T3/><D3/><U30/><E30/><V15/><N who="2" m="4723" /><V106/><DORA hai="63" /><F106/><W58/><G78/><T84/><D39/><U10/><E10/><V24/><F24/><W95/><G19/><T18/><D18/><U4/><E4/><V48/><F48/><W83/><G83/><T87/><D50/><U112/><E112/><V45/><F98/><W60/><G51/><T105/><D105/><U17/><E17/><V100/><F45/><W121/><G121/><T82/><D99/><U31/><E31/><V76/><F76/><W68/><G68/><T21/><D21/><U61/><AGARI ba="0,0" hai="27,28,33,36,40,46,61,66,69,125,126" m="27658" machi="61" ten="30,2000,0" yaku="23,1,52,1" doraHai="127,63" who="1" fromWho="1" sc="230,-10,282,20,286,-5,202,-5" owari="220,-18.0,302,40.0,281,8.0,197,-30.0" /></mjloggm>