<mjloggm ver="2.3"><GO type="169" lobby="0"/><UN n0="%E3%82%A6%E3%83%AB%E3%83%88%E3%83%A9%E7%AB%8B%E7%9B%B4" n1="%E3%81%B4%E3%82%88%E3%81%88%E3%82%82%E3%82%93" n2="%73%68%6F%6F%74%33%39" n3="%6B%65%6E%79%61%30%31" dan="17,16,19,18" rate="2213.24,2078.81,2260.20,2263.56" sx="M,M,M,M"/><TAIKYOKU oya="0"/><INIT seed="0,0,0,2,2,113" ten="250,250,250,250" oya="0" hai0="108,84,58,117,54,120,70,73,37,66,127,50,93" hai1="29,85,21,0,15,6,56,28,26,97,132,69,96" hai2="65,49,131,47,78,126,55,99,38,134,105,109,34" hai3="76,27,72,14,123,86,17,12,122,9,62,71,11"/><T59/><D73/><U52/><E69/><V130/><F34/><W88/><G76/><T23/><D120/><N who="3" m="46121" /><G72/><T94/><D37/><U80/><E132/><V129/><F78/><W8/><G27/><T45/><D127/><U22/><E0/><V133/><F99/><W4/><G9/><T112/><D112/><U101/><E28/><V135/><F105/><W89/><G86/><T57/><D108/><U107/><E96/><V35/><F35/><W1/><G1/><T53/><D53/><U19/><E6/><V32/><F32/><W95/><G95/><T10/><D10/><U79/><E56/><V102/><F102/><W82/><G82/><T104/><D104/><U18/><E29/><V91/><F91/><W25/><G25/><T77/><D23/><U111/><E111/><V125/><F109/><W124/><G124/><N who="2" m="47721" /><F65/><AGARI ba="0,0" hai="4,8,11,12,14,17,62,65,71,88,89" m="46121" machi="65" ten="30,2000,0" yaku="13,1,54,1" doraHai="113" who="3" fromWho="2" sc="250,0,250,0,250,-20,250,20" /><INIT seed="1,0,0,1,0,23" ten="250,250,230,270" oya="1" hai0="119,93,91,117,40,31,64,4,29,56,3,114,118" hai1="34,62,13,68,129,10,15,111,86,102,43,19,101" hai2="94,120,104,107,26,32,84,122,41,131,85,113,127" hai3="49,55,33,11,128,47,57,135,50,37,69,60,87"/><U2/><E2/><V52/><F41/><W42/><G33/><T109/><D114/><U96/><E34/><V130/><F113/><W63/><G11/><T44/><D109/><U6/><E111/><V116/><F116/><W5/><G5/><T1/><D1/><U110/><E110/><V73/><F73/><W77/><G87/><N who="2" m="33353" /><F127/><W66/><G77/><T88/><D4/><U75/><E75/><V20/><F32/><W89/><G89/><T18/><D3/><U98/><E129/><N who="2" m="49163" /><F94/><W67/><G128/><T0/><D0/><U115/><E115/><V125/><F125/><W17/><G17/><T132/><D18/><U36/><E86/><V35/><F35/><W123/><G123/><N who="2" m="47145" /><F52/><N who="3" m="31887" /><G135/><T95/><D132/><U61/><E43/><V76/><F76/><W124/><G124/><T28/><D44/><U121/><E121/><V103/><F103/><N who="1" m="39433" /><E36/><V8/><F8/><W97/><G97/><N who="1" m="37482" /><E68/><V12/><F12/><W21/><G69/><T9/><D40/><U108/><E108/><V80/><F80/><W126/><G126/><T27/><D117/><U70/><E70/><V71/><F71/><W133/><G133/><T39/><D119/><U22/><AGARI ba="0,0" hai="6,10,13,15,19,22,61,62" m="37482,39433" machi="22" ten="30,1500,0" yaku="8,1" doraHai="23" who="1" fromWho="1" sc="250,-5,250,15,230,-5,270,-5" /><INIT seed="1,1,0,3,0,54" ten="245,265,225,265" oya="1" hai0="82,51,30,66,19,133,83,36,70,73,27,95,112" hai1="111,1,46,109,17,93,119,40,21,132,105,103,100" hai2="47,4,117,49,79,45,35,72,67,48,7,84,42" hai3="25,18,126,23,20,123,15,102,118,52,55,128,11"/><U94/><E119/><V16/><F72/><W31/><G123/><T62/><D36/><U53/><E1/><V22/><F35/><W106/><G118/><T5/><D112/><U77/><E77/><V121/><F121/><W114/><G114/><T110/><D110/><N who="1" m="41995" /><E132/><V120/><F120/><W122/><G122/><T3/><D133/><U8/><E8/><V13/><F117/><W24/><G128/><T26/><D73/><U34/><E34/><V104/><F104/><W10/><G126/><T14/><D5/><U2/><E2/><V37/><F67/><W115/><G115/><T58/><D3/><U68/><E68/><V74/><F74/><W90/><G90/><T59/><D70/><U75/><E75/><V44/><F37/><W41/><G41/><T113/><D113/><U91/><E53/><N who="2" m="29831" /><F47/><W50/><G10/><N who="0" m="6615" /><D30/><U125/><E125/><V107/><F107/><W134/><G134/><T96/><D83/><AGARI ba="1,0" hai="4,7,13,16,22,42,45,49,79,83,84" m="29831" machi="83" ten="30,2000,0" yaku="8,1,54,1" doraHai="54" who="2" fromWho="0" sc="245,-23,265,0,225,23,265,0" /><INIT seed="2,0,0,1,1,85" ten="222,265,248,265" oya="2" hai0="101,5,73,90,6,126,9,83,42,78,53,12,98" hai1="99,70,115,66,128,89,21,27,2,46,97,8,45" hai2="124,113,11,86,134,71,34,100,91,108,122,88,13" hai3="56,3,18,118,68,93,17,117,23,119,60,74,22"/><V102/><F122/><W69/><G74/><T59/><D126/><U20/><E115/><V26/><F113/><W127/><G127/><T29/><D29/><U52/><E128/><V131/><F124/><W47/><G3/><T41/><D6/><U25/><E70/><V16/><F71/><W132/><G132/><T123/><D123/><U7/><E66/><V75/><F75/><W76/><G76/><T54/><D54/><U112/><E112/><V10/><F131/><W35/><G35/><T58/><D59/><U1/><E7/><V105/><F105/><W116/><G116/><T64/><D64/><U39/><E8/><N who="2" m="3115" /><F34/><W65/><G47/><T63/><D90/><N who="2" m="34346" /><F134/><W30/><G118/><T95/><AGARI ba="0,0" hai="5,9,12,41,42,53,58,63,73,78,83,95,98,101" machi="95" ten="20,1500,0" yaku="0,1,7,1" doraHai="85" who="0" fromWho="0" sc="222,15,265,-4,248,-7,265,-4" /><INIT seed="3,0,0,5,3,92" ten="237,261,241,261" oya="3" hai0="13,46,24,94,125,58,133,45,120,77,135,37,16" hai1="102,44,134,4,35,74,68,124,40,128,55,105,32" hai2="34,103,31,52,127,61,23,33,73,70,2,22,59" hai3="79,109,6,117,0,51,53,114,43,66,47,107,113"/><W111/><G79/><T72/><D120/><U97/><E68/><V123/><F73/><W62/><G6/><T8/><D125/><U116/><E124/><V26/><F127/><W12/><G12/><T39/><D39/><U64/><E64/><V3/><F123/><W15/><G15/><T36/><D36/><U17/><E74/><V28/><F70/><N who="3" m="42327" /><G107/><T95/><D58/><U104/><E55/><V93/><F23/><W63/><G0/><T101/><D77/><U85/><E4/><V91/><F103/><W56/><G117/><T9/><D72/><U121/><E121/><V69/><F69/><W54/><G54/><T88/><D24/><U10/><E116/><V130/><F130/><W76/><G76/><T78/><D78/><U119/><E128/><V131/><F131/><W108/><AGARI ba="0,0" hai="43,47,51,53,56,63,108,109,111,113,114" m="42327" machi="108" ten="30,11700,0" yaku="14,1,10,1,34,2" doraHai="92" who="3" fromWho="3" sc="237,-39,261,-39,241,-39,261,117" /><INIT seed="3,1,0,2,4,97" ten="198,222,202,378" oya="3" hai0="33,119,105,40,22,38,99,26,122,85,0,71,132" hai1="6,32,56,48,70,43,95,108,77,128,47,65,54" hai2="34,107,16,42,100,29,96,35,113,68,116,28,127" hai3="79,58,131,67,12,3,91,121,89,7,125,112,52"/><W61/><G121/><T30/><D122/><U81/><E108/><V5/><F113/><W109/><G112/><T2/><D119/><U80/><E32/><V1/><F116/><W130/><G3/><T55/><D132/><U103/><E128/><N who="3" m="49194" /><G79/><T101/><D55/><U118/><E118/><V90/><F68/><W72/><G72/><T123/><D123/><U84/><E6/><V4/><F127/><W64/><G125/><T59/><D59/><U83/><E70/><V27/><F42/><W44/><G109/><T45/><D22/><U60/><E65/><N who="3" m="25162" /><G44/><T23/><D71/><U87/><E77/><V41/><F41/><W129/><G129/><T126/><D126/><U78/><E78/><V25/><F1/><W133/><G133/><T76/><REACH who="0" step="1"/><D33/><REACH who="0" ten="188,222,202,378" step="2"/><U98/><AGARI ba="1,1" hai="43,47,48,54,56,60,80,81,83,84,87,95,98,103" machi="98" ten="30,4000,0" yaku="0,1,8,1,52,1" doraHai="97" who="1" fromWho="1" sc="188,-11,222,53,202,-11,378,-21" /><INIT seed="4,0,0,2,3,27" ten="177,275,191,357" oya="0" hai0="15,46,132,79,22,53,40,98,105,29,108,54,38" hai1="34,8,55,5,77,63,73,124,112,48,31,18,56" hai2="65,39,109,70,82,36,86,66,83,19,114,96,122" hai3="99,10,84,21,1,6,51,117,12,42,87,133,52"/><T25/><D132/><U89/><E124/><V72/><F122/><W104/><G117/><T28/><D108/><U81/><E112/><V129/><F109/><W123/><G123/><T24/><D79/><U43/><E89/><V121/><F121/><W7/><G42/><T97/><D15/><U125/><E125/><V95/><F114/><W76/><G133/><T115/><D115/><U50/><E18/><V13/><F129/><W94/><G104/><T57/><D105/><U59/><E43/><V101/><F72/><W135/><G135/><T30/><D53/><U45/><E45/><V23/><F83/><W49/><G49/><T47/><D47/><U60/><E34/><V4/><F4/><W9/><G21/><T80/><D80/><U130/><E130/><V0/><F0/><W103/><REACH who="3" step="1"/><G76/><REACH who="3" ten="177,275,191,347" step="2"/><T128/><D128/><U2/><E50/><V37/><REACH who="2" step="1"/><F70/><REACH who="2" ten="177,275,181,347" step="2"/><W91/><G91/><AGARI ba="0,2" hai="13,19,23,36,37,39,65,66,82,86,91,95,96,101" machi="91" ten="40,2600,0" yaku="1,1,2,1,53,0" doraHai="27" doraHaiUra="107" who="2" fromWho="3" sc="177,0,275,0,181,46,347,-26" /><INIT seed="5,0,0,3,0,48" ten="177,275,227,321" oya="1" hai0="101,94,52,56,2,50,85,5,105,18,113,99,91" hai1="75,58,27,129,131,14,65,42,103,57,130,89,62" hai2="122,117,125,74,28,43,128,127,1,7,70,67,119" hai3="73,51,81,24,10,96,60,98,93,90,121,107,78"/><U71/><E75/><V11/><F74/><W83/><G121/><T106/><D113/><U53/><E103/><V40/><F122/><W86/><G60/><T112/><D112/><U95/><E42/><N who="2" m="15915" /><F28/><W35/><G10/><T118/><D118/><U37/><E37/><V111/><F111/><W115/><G115/><T9/><REACH who="0" step="1"/><D18/><REACH who="0" ten="167,275,227,321" step="2"/><U80/><E130/><V79/><F128/><W59/><G35/><T36/><D36/><U108/><E131/><V84/><F119/><W41/><G107/><AGARI ba="0,1" hai="2,5,9,50,52,56,85,91,94,99,101,105,106,107" machi="107" ten="30,8000,1" yaku="1,1,7,1,52,1,54,1,53,1" doraHai="48" doraHaiUra="97" who="0" fromWho="3" sc="167,90,275,0,227,0,321,-80" /><INIT seed="6,0,0,5,1,119" ten="257,275,227,241" oya="2" hai0="107,40,132,11,61,120,18,14,29,0,42,3,52" hai1="55,10,82,33,23,45,22,79,95,97,2,133,103" hai2="44,114,102,110,88,75,122,123,1,15,60,53,63" hai3="65,43,39,36,89,46,116,70,80,108,35,47,31"/><V81/><F1/><W87/><G108/><T125/><D107/><U62/><E133/><V9/><F102/><W50/><G116/><T96/><D120/><N who="2" m="46122" /><F75/><W126/><G126/><T30/><D125/><U64/><E33/><V58/><F110/><W93/><G35/><T19/><D132/><U51/><E10/><V118/><F118/><W7/><G31/><N who="0" m="11787" /><D3/><U134/><E134/><V106/><F106/><W135/><G135/><T54/><D0/><U129/><E129/><V124/><F124/><W56/><G7/><T94/><D19/><U74/><REACH who="1" step="1"/><E2/><REACH who="1" ten="257,265,227,241" step="2"/><V38/><F114/><W57/><G39/><T85/><D85/><U16/><E16/><N who="2" m="8303" /><F38/><W101/><G36/><T113/><D113/><U71/><AGARI ba="0,1" hai="22,23,45,51,55,62,64,71,74,79,82,95,97,103" machi="71" ten="20,5200,0" yaku="1,1,0,1,7,1,53,1" doraHai="119" doraHaiUra="49" who="1" fromWho="1" sc="257,-13,265,62,227,-26,241,-13" /><INIT seed="7,0,0,3,4,49" ten="244,327,201,228" oya="3" hai0="131,81,53,75,59,76,58,125,21,100,82,80,103" hai1="2,15,77,122,110,19,36,16,6,45,18,64,29" hai2="30,10,34,120,114,70,27,113,69,20,71,17,121" hai3="133,43,50,73,126,7,135,67,124,84,79,78,60"/><W85/><G7/><T132/><D59/><U63/><E122/><N who="2" m="47211" /><F10/><W117/><G117/><T26/><D125/><N who="3" m="48233" /><G43/><T44/><D44/><U0/><E29/><V115/><F17/><W72/><G50/><N who="0" m="31031" /><D75/><N who="3" m="28745" /><G60/><T11/><D131/><U116/><E116/><V101/><F101/><N who="0" m="38986" /><D132/><N who="3" m="50761" /><G67/><T39/><D39/><U119/><E63/><V98/><F98/><W62/><G62/><T47/><D47/><U51/><E64/><V102/><F102/><W32/><G32/><AGARI ba="0,0" hai="20,27,30,32,34,69,70,71,113,114,115" m="47211" machi="32" ten="50,3200,0" yaku="15,1,13,1" doraHai="49" who="2" fromWho="3" sc="244,0,327,0,201,32,228,-32" owari="244,4.0,327,43.0,233,-17.0,196,-30.0" /></mjloggm>