<mjloggm ver="2.3"><GO type="105" lobby="0"/><UN n0="%64%61%6E%6E%63%68%69" n1="%E5%B0%B1%E6%B4%BB%E7%94%9F%40%E5%B7%9D%E6%9D%91%E8%BB%8D%E5%9B%A3" n2="%73%68%6F%68%61%69" n3="%E3%83%80%E3%83%8B%E3%83%BC%31%E5%8F%B7" dan="16,15,15,15" rate="2052.77,2016.98,2020.69,2044.93" sx="M,M,M,M"/><TAIKYOKU oya="0"/><INIT seed="0,0,0,4,4,116" ten="250,250,250,250" oya="0" hai0="74,23,12,18,92,122,85,99,16,5,7,52,107" hai1="56,73,29,39,89,106,71,77,93,120,62,26,19" hai2="20,50,81,57,46,67,112,82,38,78,0,90,103" hai3="33,95,15,40,24,126,34,10,121,35,51,6,17"/><T115/><D74/><U61/><E106/><V102/><F0/><W44/><G126/><T1/><D1/><U8/><E39/><V32/><F32/><W22/><G95/><T130/><D122/><U68/><E120/><V83/><F112/><W64/><G64/><T86/><D115/><U45/><E61/><N who="2" m="38319" /><F38/><W113/><G113/><T110/><D107/><U37/><E77/><V132/><F132/><W59/><G59/><T114/><D114/><U65/><E37/><V60/><F60/><W127/><G127/><T2/><D2/><U87/><E45/><V69/><F69/><W72/><REACH who="3" step="1"/><G72/><REACH who="3" ten="250,250,250,240" step="2"/><T21/><D130/><U3/><E73/><V79/><F20/><W80/><G80/><T84/><D110/><U124/><E124/><V53/><F90/><W14/><G14/><T75/><D75/><U55/><E65/><V133/><F133/><W9/><G9/><T94/><D94/><U96/><E3/><V58/><F58/><W30/><G30/><T31/><D31/><U98/><E71/><V27/><F27/><W42/><G42/><T41/><D41/><U49/><E68/><V100/><AGARI ba="0,1" hai="46,50,53,78,79,81,82,83,100,102,103" m="38319" machi="100" ten="30,1100,0" yaku="8,1" doraHai="116" who="2" fromWho="2" sc="250,-5,250,-3,250,21,240,-3" /><INIT seed="1,0,0,1,5,67" ten="245,247,271,237" oya="1" hai0="133,53,48,86,37,129,69,82,83,40,24,113,126" hai1="78,22,31,70,74,3,120,110,19,125,25,11,61" hai2="17,49,80,98,132,44,88,14,28,90,131,93,87" hai3="13,12,95,135,84,51,79,94,59,103,97,89,50"/><U57/><E120/><V108/><F108/><W8/><G135/><T33/><D113/><U29/><E110/><V81/><F132/><W4/><G79/><T123/><D133/><U10/><E125/><V118/><F118/><W46/><G59/><T58/><D126/><U18/><E70/><V92/><F131/><W128/><G128/><T119/><D129/><U63/><E3/><V121/><F28/><N who="1" m="10825" /><E74/><V77/><F121/><W7/><G51/><T107/><D107/><U41/><E78/><V35/><F35/><W104/><G13/><T15/><D119/><U100/><E100/><V54/><REACH who="2" step="1"/><F77/><REACH who="2" ten="245,247,261,237" step="2"/><W1/><G1/><T6/><D123/><U65/><E41/><V2/><F2/><W68/><G104/><T116/><D116/><U102/><E102/><V115/><F115/><W23/><G103/><T36/><D33/><U21/><E63/><V105/><F105/><W122/><G122/><T62/><D62/><U114/><E114/><V76/><F76/><W9/><G4/><T72/><D6/><U96/><E96/><V109/><F109/><W38/><G7/><T130/><D130/><U32/><E32/><V64/><F64/><W45/><G97/><T73/><D72/><U75/><E75/><V0/><F0/><W127/><G127/><T30/><D73/><U16/><E25/><V101/><F101/><W60/><G60/><T20/><D30/><U134/><E134/><V112/><F112/><W66/><G66/><T43/><D24/><U117/><E117/><V42/><F42/><W47/><G84/><T111/><D111/><U27/><E27/><RYUUKYOKU ba="0,1" sc="245,-15,247,15,261,15,237,-15" hai1="10,11,16,18,19,21,22,57,61,65" hai2="14,17,44,49,54,80,81,87,88,90,92,93,98" /><INIT seed="1,1,1,4,2,90" ten="230,262,276,222" oya="1" hai0="135,53,132,112,62,39,56,89,101,46,80,94,93" hai1="0,95,85,88,107,59,40,19,5,87,7,51,118" hai2="91,97,111,84,110,42,63,58,66,69,77,99,21" hai3="57,43,65,17,28,55,96,109,18,103,35,31,123"/><U30/><E107/><V102/><F77/><W78/><G109/><N who="2" m="41481" /><F42/><W106/><G123/><T122/><D112/><U15/><E118/><V44/><F44/><W76/><G43/><N who="0" m="22911" /><D101/><U74/><E74/><V68/><F21/><W52/><G65/><T10/><D10/><N who="1" m="6647" /><E0/><V128/><F128/><W25/><G31/><T108/><D108/><U50/><E30/><V129/><F129/><W32/><G35/><T117/><D117/><U134/><E134/><N who="0" m="51241" /><D122/><U48/><E40/><V1/><F1/><W127/><G127/><T130/><D130/><U16/><E59/><V70/><F102/><W12/><G17/><T72/><D89/><N who="1" m="53679" /><E16/><V8/><F8/><W131/><G131/><T60/><D60/><U61/><E61/><V54/><F66/><W119/><G119/><T33/><D33/><U3/><E3/><V83/><AGARI ba="1,1" hai="54,58,63,68,69,70,83,84,91,97,99" m="41481" machi="83" ten="40,1500,0" yaku="14,1" doraHai="90" who="2" fromWho="2" sc="230,-5,262,-8,276,28,222,-5" /><INIT seed="2,0,0,0,4,71" ten="225,254,304,217" oya="2" hai0="35,73,30,54,21,67,42,4,34,122,117,5,57" hai1="81,82,98,128,107,16,45,65,87,48,74,36,104" hai2="55,112,58,96,13,7,56,85,46,33,2,19,132" hai3="32,40,109,101,52,18,102,41,135,120,93,25,103"/><V95/><F112/><W78/><G109/><T123/><D73/><U100/><E128/><V62/><F33/><W6/><G120/><T106/><D106/><U49/><E107/><V38/><F132/><W131/><G131/><T118/><D67/><U47/><E65/><V130/><F130/><W97/><G78/><T59/><D42/><N who="3" m="16489" /><G32/><N who="0" m="12331" /><D57/><U125/><E36/><V64/><F38/><W113/><G6/><N who="0" m="2667" /><D54/><U1/><E1/><V70/><F2/><W27/><G113/><T39/><D59/><U31/><E31/><V37/><F37/><W51/><G135/><T3/><D39/><U134/><E134/><V63/><F7/><W80/><G80/><T121/><D3/><U23/><E74/><V26/><F26/><AGARI ba="0,0" hai="21,26,30,117,118,121,122,123" m="2667,12331" machi="26" ten="40,2600,0" yaku="34,2" doraHai="71" who="0" fromWho="2" sc="225,26,254,0,304,-26,217,0" /><INIT seed="3,0,0,0,1,10" ten="251,254,278,217" oya="3" hai0="124,86,32,98,128,42,123,46,29,126,3,77,62" hai1="133,39,11,112,5,8,19,100,120,85,58,28,67" hai2="84,30,110,132,101,33,83,116,54,87,66,90,135" hai3="53,121,14,134,75,109,118,114,105,99,88,91,82"/><W115/><G134/><N who="2" m="51241" /><F116/><W117/><G53/><T107/><D3/><U94/><E39/><V131/><F66/><W103/><G14/><T89/><D123/><U38/><E38/><V4/><F101/><W45/><G45/><T35/><D128/><U80/><E28/><V65/><F131/><W56/><G56/><T96/><D77/><U7/><E112/><N who="3" m="43050" /><G121/><T119/><D119/><N who="3" m="45577" /><G109/><T130/><D130/><U95/><E100/><V52/><F110/><W44/><G44/><T43/><D62/><N who="1" m="38359" /><E120/><V20/><F65/><W49/><G49/><T34/><D46/><U93/><E133/><V2/><F33/><W78/><AGARI ba="0,0" hai="75,78,82,88,91,99,103,105" m="45577,43050" machi="78" ten="40,7800,0" yaku="34,2,54,1" doraHai="10" who="3" fromWho="3" sc="251,-26,254,-26,278,-26,217,78" /><INIT seed="3,1,0,0,2,0" ten="225,228,252,295" oya="3" hai0="59,98,116,25,31,92,123,80,113,122,40,4,19" hai1="33,11,120,110,74,51,124,67,132,35,128,48,53" hai2="43,32,119,86,85,70,97,60,81,18,37,57,79" hai3="94,78,64,41,34,55,42,73,10,66,1,49,88"/><W23/><G34/><N who="1" m="12810" /><E74/><V28/><F70/><W72/><G23/><N who="0" m="15807" /><D116/><U121/><E67/><N who="3" m="25642" /><G73/><T14/><D113/><U56/><E56/><V30/><F119/><W3/><G72/><T102/><D80/><U26/><E53/><V61/><F97/><N who="3" m="57543" /><G3/><T5/><D122/><N who="1" m="47211" /><E51/><V126/><F126/><W76/><G1/><T75/><D75/><U103/><E48/><V9/><F32/><W95/><G10/><N who="0" m="6615" /><D123/><U106/><E103/><V101/><F101/><W108/><G108/><T135/><D135/><U65/><E65/><V93/><F30/><W134/><G95/><T13/><D40/><N who="3" m="15465" /><G134/><T87/><D59/><AGARI ba="1,0" hai="49,55,59,76,78" m="15465,57543,25642" machi="59" ten="30,2900,0" yaku="8,1,54,1" doraHai="0" who="3" fromWho="0" sc="225,-32,228,0,252,0,295,32" /><INIT seed="3,2,0,2,3,118" ten="193,228,252,327" oya="3" hai0="47,76,42,49,24,77,66,53,112,8,46,86,83" hai1="36,26,93,22,9,40,7,43,38,52,80,121,32" hai2="54,87,117,41,124,116,125,13,63,114,82,71,105" hai3="132,106,60,81,120,34,108,2,64,88,98,102,6"/><W51/><G34/><T23/><D112/><U37/><E32/><V27/><F105/><W68/><G132/><T113/><D113/><U101/><E121/><V134/><F114/><W28/><G28/><T33/><D33/><U73/><E101/><V58/><F71/><W89/><G120/><T109/><D109/><U92/><E43/><V84/><F134/><W44/><G108/><T111/><D111/><U48/><E40/><V79/><F41/><W56/><G68/><T70/><D76/><U45/><E80/><V103/><F103/><W131/><G131/><T126/><D126/><N who="2" m="48746" /><F27/><W104/><G106/><T127/><D127/><U12/><REACH who="1" step="1"/><E73/><REACH who="1" ten="193,218,252,327" step="2"/><V59/><F82/><W16/><G81/><T107/><D107/><U122/><E122/><V128/><F128/><W30/><G104/><T62/><D83/><U10/><E10/><V90/><F79/><W57/><G102/><T135/><D8/><U0/><E0/><V123/><F123/><W85/><G2/><T39/><D135/><U18/><AGARI ba="2,1" hai="7,9,12,18,22,26,36,37,38,45,48,52,92,93" machi="18" ten="30,7900,0" yaku="1,1,0,1,54,1,53,1" doraHai="118" doraHaiUra="14" who="1" fromWho="1" sc="193,-22,218,95,252,-22,327,-41" /><INIT seed="4,0,0,0,3,95" ten="171,313,230,286" oya="0" hai0="99,107,59,63,57,94,66,27,13,109,82,4,22" hai1="129,125,0,60,20,111,52,126,28,90,29,38,134" hai2="6,11,104,113,40,3,47,91,32,73,131,69,64" hai3="24,83,14,50,74,30,87,42,45,77,78,58,51"/><T17/><D107/><U37/><E111/><V54/><F113/><W106/><G106/><T2/><D2/><U118/><E118/><V49/><F131/><W70/><G70/><T35/><D109/><U103/><E103/><V26/><F73/><W119/><G119/><T1/><D82/><U116/><E0/><V81/><F81/><W23/><G14/><T7/><D1/><U133/><E90/><V110/><F110/><W130/><G130/><T15/><D59/><N who="1" m="34919" /><E116/><V9/><F9/><W68/><G68/><T67/><D67/><U53/><E20/><V100/><F91/><N who="3" m="51711" /><G74/><T120/><D120/><U97/><E97/><V18/><F18/><W123/><G123/><T10/><D35/><U122/><E122/><V21/><F21/><W79/><G51/><T96/><REACH who="0" step="1"/><D94/><REACH who="0" ten="161,313,230,286" step="2"/><U112/><E129/><V39/><F104/><W16/><G58/><T127/><D127/><N who="1" m="48651" /><E112/><V84/><F32/><W124/><G124/><T44/><D44/><U85/><E29/><AGARI ba="0,1" hai="16,23,24,29,30,42,45,50,77,78,79" m="51711" machi="29" ten="30,2000,0" yaku="8,1,54,1" doraHai="95" who="3" fromWho="1" sc="161,0,313,-20,230,0,286,30" /><INIT seed="5,0,0,0,0,37" ten="161,293,230,316" oya="1" hai0="115,102,11,20,126,36,1,106,0,34,8,65,33" hai1="41,118,101,57,132,121,105,91,52,63,14,51,27" hai2="56,93,129,97,127,120,83,114,68,107,50,77,113" hai3="48,78,73,125,123,74,55,85,90,22,109,10,21"/><U38/><E121/><V44/><F107/><W130/><G109/><T80/><D36/><U61/><E118/><V99/><F68/><W87/><G123/><T5/><D65/><U128/><E128/><V94/><F120/><W13/><G125/><T82/><D126/><U89/><E132/><V112/><F127/><W103/><G103/><T76/><D115/><U25/><E105/><V2/><F2/><W15/><G78/><T84/><D20/><U86/><E101/><V54/><F129/><W64/><G64/><T92/><D106/><U119/><E119/><V9/><F9/><W24/><G74/><T67/><D67/><U32/><E89/><V7/><F7/><W17/><G73/><T104/><D104/><U47/><E14/><V35/><F35/><W3/><G3/><T45/><D82/><U18/><E27/><V100/><F56/><W59/><G130/><T62/><D62/><U66/><E66/><V42/><F54/><W71/><G71/><T79/><D79/><U110/><E110/><V135/><F135/><W124/><G124/><T4/><REACH who="0" step="1"/><D45/><REACH who="0" ten="151,293,230,316" step="2"/><U40/><E32/><V39/><F39/><W53/><G22/><T58/><D58/><U16/><E38/><V72/><F94/><W60/><G10/><T88/><D88/><U31/><E61/><V30/><F99/><AGARI ba="0,1" hai="0,1,4,5,8,11,33,34,76,80,84,92,99,102" machi="99" ten="40,5200,0" yaku="1,1,9,1,53,1" doraHai="37" doraHaiUra="75" who="0" fromWho="2" sc="151,62,293,0,230,-52,316,0" /><INIT seed="6,0,0,1,3,39" ten="213,293,178,316" oya="2" hai0="3,9,134,6,135,43,38,14,64,101,17,22,80" hai1="116,102,18,114,42,99,41,11,74,48,28,29,82" hai2="128,47,32,8,19,2,133,107,79,113,120,78,24" hai3="25,5,37,88,36,93,45,35,112,62,54,132,97"/><V94/><F107/><W40/><G132/><N who="0" m="50731" /><D64/><U33/><E116/><V7/><F133/><W68/><G5/><T126/><D101/><U86/><E74/><V10/><F120/><W98/><G112/><T127/><D80/><U59/><E114/><V87/><F113/><W111/><G111/><T57/><D57/><U60/><E33/><V65/><F128/><W31/><G37/><T0/><D38/><U13/><E102/><V73/><F73/><W100/><G100/><T56/><D56/><U75/><E99/><V108/><F108/><W26/><G26/><N who="0" m="14671" /><D43/><N who="1" m="16395" /><E48/><V104/><F104/><W131/><G131/><T105/><D105/><U90/><E75/><V15/><F15/><W49/><G68/><T95/><D95/><U34/><E34/><V129/><F65/><AGARI ba="0,0" hai="11,13,18,28,29,59,60,65,82,86,90" m="16395" machi="65" ten="30,7700,0" yaku="8,1,52,3" doraHai="39" who="1" fromWho="2" sc="213,0,293,77,178,-77,316,0" /><INIT seed="7,0,0,0,4,12" ten="213,370,101,316" oya="3" hai0="71,121,126,50,22,15,113,52,105,97,35,109,6" hai1="66,98,20,123,119,77,31,87,3,85,91,18,42" hai2="2,5,88,112,75,17,58,134,7,1,29,133,80" hai3="39,68,127,47,36,62,27,24,59,38,4,49,53"/><W64/><G127/><T100/><D71/><U128/><E3/><V89/><F112/><W54/><G4/><T72/><D72/><U104/><E123/><V19/><F29/><W34/><G34/><T78/><D78/><U16/><E119/><V40/><F40/><N who="3" m="24807" /><G24/><T74/><D74/><U106/><E128/><V21/><F75/><W95/><G95/><T32/><D121/><U33/><E33/><V118/><F58/><W26/><G27/><T103/><D32/><U8/><E42/><V11/><F80/><W79/><G26/><T14/><D35/><U82/><E98/><V130/><F130/><W61/><G79/><T135/><D126/><U122/><E122/><V13/><F118/><W51/><G51/><T44/><D103/><U41/><E41/><V124/><F124/><W65/><AGARI ba="0,0" hai="36,38,39,53,54,59,61,62,64,65,68" m="24807" machi="65" ten="40,12000,1" yaku="35,5" doraHai="12" who="3" fromWho="3" sc="213,-40,370,-40,101,-40,316,120" owari="173,-23.0,330,13.0,61,-44.0,436,54.0" /></mjloggm>