<mjloggm ver="2.3"><GO type="169" lobby="0"/><UN n0="%E2%98%85%E3%81%84%E3%81%8A%E3%82%8A%E3%82%93%E2%98%85" n1="%E3%81%91%E3%82%93%31%39%37%30" n2="%E3%82%A6%E3%83%AB%E3%83%88%E3%83%A9%E7%AB%8B%E7%9B%B4" n3="%68%61%79%61%74%6F%E2%98%86" dan="17,16,16,17" rate="2196.24,2139.55,2065.86,2225.39" sx="M,M,M,M"/><TAIKYOKU oya="0"/><INIT seed="0,0,0,5,0,103" ten="250,250,250,250" oya="0" hai0="8,112,37,50,32,26,24,15,109,118,6,110,127" hai1="22,78,70,57,119,83,131,106,7,133,19,23,4" hai2="72,65,91,120,63,18,132,88,75,42,47,101,82" hai3="10,77,94,29,87,111,56,33,62,16,12,135,105"/><T107/><D112/><U113/><E70/><V13/><F120/><W30/><G135/><T35/><D37/><U117/><E133/><V74/><F132/><W60/><G111/><N who="0" m="42507" /><D50/><U3/><E113/><V86/><F91/><N who="3" m="53631" /><G33/><N who="0" m="12875" /><D107/><U20/><E106/><V21/><F101/><W68/><G68/><T49/><D49/><U5/><E3/><V27/><F27/><N who="0" m="10282" /><D127/><U126/><E126/><V43/><REACH who="2" step="1"/><F47/><REACH who="2" ten="250,250,240,250" step="2"/><W39/><G77/><T17/><D118/><U71/><E78/><V66/><F66/><W25/><G105/><T123/><D123/><U44/><E117/><V55/><F55/><W67/><G67/><T99/><D99/><U96/><E96/><V102/><F102/><W36/><G36/><T53/><D53/><U134/><E119/><V51/><F51/><W92/><G39/><T61/><D61/><U89/><E134/><V121/><F121/><W58/><G62/><T38/><D38/><U80/><E44/><V31/><F31/><W93/><G60/><T0/><D0/><U48/><E48/><V130/><F130/><W69/><G29/><T59/><D59/><AGARI ba="0,1" hai="13,18,21,42,43,59,63,65,72,74,75,82,86,88" machi="59" ten="40,8000,1" yaku="1,1,54,1,53,3" doraHai="103" doraHaiUra="104" who="2" fromWho="0" sc="250,-80,250,0,240,90,250,0" /><INIT seed="1,0,0,3,5,47" ten="170,250,330,250" oya="1" hai0="118,69,133,28,64,53,132,24,106,61,5,45,43" hai1="104,14,103,109,108,26,38,58,49,107,63,37,81" hai2="20,129,23,82,56,119,70,48,97,57,3,130,33" hai3="123,9,15,29,114,8,25,13,76,110,125,121,46"/><U92/><E81/><V89/><F70/><W86/><G76/><T100/><D118/><U85/><E14/><V17/><F3/><W128/><G86/><T98/><D5/><U95/><E26/><V111/><F33/><W27/><G46/><T124/><D124/><U42/><E92/><V67/><F119/><W4/><G125/><T6/><D6/><U112/><E112/><V50/><F111/><N who="1" m="42569" /><E85/><N who="2" m="50359" /><F20/><W31/><G110/><T90/><D90/><U52/><E95/><V36/><F36/><N who="1" m="13929" /><E103/><V99/><F99/><W93/><G93/><T34/><REACH who="0" step="1"/><D53/><REACH who="0" ten="160,250,330,250" step="2"/><N who="1" m="34255" /><E42/><V74/><F97/><W102/><G102/><T91/><D91/><U65/><E65/><V126/><F67/><W127/><G127/><T66/><D66/><U54/><E54/><V78/><F126/><W12/><G4/><T19/><D19/><U30/><E30/><V105/><F78/><W115/><REACH who="3" step="1"/><G15/><REACH who="3" ten="160,250,330,240" step="2"/><T21/><D21/><U51/><E52/><V73/><F23/><W134/><G134/><T87/><D87/><U116/><E116/><V39/><F74/><W60/><G60/><T88/><D88/><U32/><E32/><V83/><F73/><W44/><G44/><T71/><D71/><U101/><E101/><V1/><F1/><W96/><G96/><T40/><D40/><U11/><E11/><V62/><F62/><W131/><AGARI ba="0,2" hai="8,9,12,13,25,27,29,31,114,115,121,123,128,131" machi="131" ten="25,16000,3" yaku="1,1,0,1,22,2,34,3,53,2" doraHai="47" doraHaiUra="10" who="3" fromWho="3" sc="160,-40,250,-80,330,-40,240,180" /><INIT seed="2,0,0,2,2,27" ten="120,170,290,420" oya="2" hai0="85,128,126,92,42,6,53,57,105,69,123,100,28" hai1="83,7,95,91,62,74,114,63,9,31,16,23,59" hai2="61,81,82,13,35,133,76,132,67,1,41,3,25" hai3="75,106,86,79,15,45,51,99,29,125,135,103,111"/><V21/><F41/><W112/><G112/><T55/><D69/><U131/><E114/><V109/><F13/><W77/><G75/><T58/><D123/><U71/><E131/><V43/><F43/><W66/><G66/><T52/><D128/><U37/><E37/><V60/><F35/><W80/><G125/><T47/><D126/><U2/><E71/><V78/><F109/><W36/><G36/><T101/><D6/><U4/><E4/><V46/><F46/><W96/><G111/><T102/><D105/><U118/><E118/><V115/><F115/><W50/><G50/><T93/><D28/><U20/><E83/><V14/><F14/><W8/><G29/><T122/><D122/><U108/><E74/><V64/><REACH who="2" step="1"/><F25/><REACH who="2" ten="120,170,280,420" step="2"/><W84/><G15/><T19/><D19/><U48/><E108/><V38/><F38/><W94/><G45/><T30/><D30/><U88/><E31/><V130/><F130/><W73/><G8/><T11/><D11/><U110/><E110/><V44/><F44/><W24/><G24/><T40/><D40/><U98/><E23/><AGARI ba="0,1" hai="1,3,21,23,60,61,64,67,76,78,81,82,132,133" machi="23" ten="25,4800,0" yaku="1,1,22,2,53,0" doraHai="27" doraHaiUra="10" who="2" fromWho="1" sc="120,0,170,-48,280,58,420,0" /><INIT seed="2,1,0,0,4,58" ten="120,122,338,420" oya="2" hai0="31,63,30,13,106,43,32,115,24,82,57,73,109" hai1="54,3,15,8,99,133,19,71,48,85,104,77,101" hai2="117,17,111,16,46,61,52,50,25,21,120,56,75" hai3="39,105,130,96,93,26,87,35,64,83,72,129,98"/><V20/><F75/><W6/><G39/><T118/><D118/><U81/><E133/><V41/><F117/><W114/><G6/><T110/><D115/><U22/><E71/><V132/><F132/><W127/><G114/><T89/><D106/><U103/><E103/><V119/><F119/><W94/><G64/><T59/><D43/><U66/><E66/><V131/><F131/><W135/><G135/><T92/><D30/><U42/><E42/><V69/><F111/><N who="0" m="42506" /><D13/><U68/><E68/><V0/><F0/><W126/><G26/><T40/><D40/><U86/><E3/><V65/><F120/><W7/><G7/><T5/><D5/><U34/><E34/><V84/><F84/><W113/><G35/><T95/><D57/><U2/><E2/><V49/><F21/><W29/><G29/><AGARI ba="1,0" hai="16,17,20,25,29,41,46,49,50,52,56,61,65,69" machi="29" ten="30,11600,0" yaku="7,1,52,1,54,2" doraHai="58" who="2" fromWho="3" sc="120,0,122,0,338,119,420,-119" /><INIT seed="2,2,0,5,4,15" ten="120,122,457,301" oya="2" hai0="94,124,67,103,106,12,45,68,115,118,0,31,108" hai1="1,102,11,64,30,86,63,52,49,47,8,135,40" hai2="25,18,113,104,38,7,62,4,75,29,129,117,61" hai3="16,79,82,112,48,50,36,28,34,88,56,19,37"/><V125/><F75/><W26/><G112/><T39/><D94/><U76/><E135/><V111/><F104/><W55/><G37/><T70/><D12/><U100/><E30/><V105/><F105/><W121/><G36/><T90/><D90/><U95/><E1/><V78/><F78/><W53/><G121/><T14/><D14/><U84/><E76/><V3/><F38/><W41/><G41/><N who="0" m="22719" /><D31/><U60/><E40/><V6/><F117/><W116/><G116/><T96/><D115/><U22/><E22/><V20/><F113/><W81/><G81/><T128/><D108/><U51/><E51/><V127/><F3/><W71/><G71/><N who="0" m="27179" /><D67/><U91/><E64/><V87/><F87/><W101/><G101/><N who="1" m="39018" /><E86/><V120/><F120/><W80/><G80/><T114/><D114/><U5/><E5/><V98/><F111/><W134/><G134/><T133/><D133/><U27/><E27/><V92/><F29/><W72/><REACH who="3" step="1"/><G88/><REACH who="3" ten="120,122,457,291" step="2"/><T33/><D118/><U97/><E97/><V73/><F98/><W2/><G2/><T93/><D0/><U44/><E91/><V24/><F73/><W122/><G122/><T42/><D106/><U13/><E84/><V57/><F92/><W46/><AGARI ba="2,1" hai="16,19,26,28,34,46,48,50,53,55,56,72,79,82" machi="46" ten="20,12000,2" yaku="1,1,0,1,7,1,52,2,54,1,53,0" doraHai="15" doraHaiUra="58" who="3" fromWho="3" sc="120,-32,122,-32,457,-62,291,136" /><INIT seed="3,0,0,4,1,9" ten="88,90,395,427" oya="3" hai0="55,64,84,40,100,33,11,14,88,133,67,104,116" hai1="6,101,95,46,98,47,51,78,110,115,126,103,13" hai2="70,97,94,83,48,19,75,128,125,123,3,107,106" hai3="56,114,58,90,82,0,37,61,7,113,36,63,8"/><W89/><G82/><T102/><D33/><U22/><E115/><V29/><F70/><W62/><G8/><T32/><D32/><U5/><E110/><V118/><F29/><W41/><G7/><T2/><D2/><U4/><E126/><V30/><F30/><W129/><G41/><T108/><D108/><U53/><E78/><V111/><F3/><W99/><G0/><T119/><D133/><U28/><E28/><V87/><F48/><W72/><G99/><T50/><D40/><U17/><REACH who="1" step="1"/><E47/><REACH who="1" ten="88,80,395,427" step="2"/><V45/><F45/><W132/><G132/><T121/><D116/><U15/><E15/><V135/><F111/><W92/><G129/><T24/><D119/><U35/><E35/><V38/><F128/><W27/><G27/><T73/><D121/><U79/><E79/><V76/><F135/><W20/><G114/><T65/><D24/><U105/><E105/><V21/><F125/><W59/><G113/><T86/><D104/><U1/><E1/><V69/><F107/><W77/><G77/><T130/><D130/><U54/><E54/><V96/><F106/><W66/><G66/><T57/><D73/><U131/><E131/><V81/><F75/><W120/><G72/><T12/><D12/><U124/><E124/><V80/><F76/><W71/><G120/><T112/><D112/><U49/><E49/><V91/><F123/><W43/><G43/><T127/><D127/><U34/><E34/><V23/><F118/><W52/><G52/><T85/><REACH who="0" step="1"/><D88/><AGARI ba="0,1" hai="4,5,6,13,17,22,46,51,53,88,95,98,101,103" machi="88" ten="40,8000,1" yaku="1,1,8,1,52,1,54,1,53,0" doraHai="9" doraHaiUra="74" who="1" fromWho="0" sc="88,-80,80,90,395,0,427,0" /><INIT seed="4,0,0,3,1,19" ten="8,170,395,427" oya="0" hai0="55,28,123,125,67,109,121,104,35,118,42,122,18" hai1="69,80,45,21,22,5,88,98,41,2,128,119,93" hai2="108,36,113,61,100,6,107,114,26,135,47,39,89" hai3="43,105,24,106,126,64,38,62,17,86,14,48,81"/><T129/><D104/><U70/><E119/><V65/><F100/><W23/><G38/><T60/><D118/><U71/><E128/><V85/><F107/><W3/><G3/><T116/><D116/><U57/><E57/><V13/><F108/><W110/><G110/><T34/><D129/><U103/><E5/><V1/><F1/><W101/><G126/><T134/><D109/><U50/><E2/><V115/><F135/><W92/><G48/><T16/><D134/><U0/><E0/><V30/><F13/><W59/><G43/><T79/><D125/><U90/><E80/><V20/><F6/><W120/><G120/><T97/><D97/><U40/><E40/><V133/><F47/><W91/><G101/><T78/><D42/><U27/><REACH who="1" step="1"/><E22/><REACH who="1" ten="8,160,395,427" step="2"/><V29/><F133/><W66/><G81/><T32/><D28/><AGARI ba="0,1" hai="21,27,28,41,45,50,69,70,71,88,90,93,98,103" machi="28" ten="40,8000,1" yaku="1,1,2,1,52,1,54,1,53,1" doraHai="19" doraHaiUra="37" who="1" fromWho="0" sc="8,-80,160,90,395,0,427,0" owari="-72,-57.0,250,-15.0,395,20.0,427,52.0" /></mjloggm>