<mjloggm ver="2.3"><GO type="169" lobby="0"/><UN n0="%E2%98%85%E9%9B%80%E9%AC%BC%E7%99%BE%E7%80%AC%E2%98%85" n1="%E3%83%94%E3%82%AB%E5%90%BE%E9%83%8E" n2="%E3%82%A6%E3%83%AB%E3%83%88%E3%83%A9%E7%AB%8B%E7%9B%B4" n3="%74%6E%66%73%68%32%30%34" dan="18,17,17,16" rate="2185.87,2215.44,2123.61,2136.24" sx="M,M,M,M"/><TAIKYOKU oya="0"/><INIT seed="0,0,0,5,1,17" ten="250,250,250,250" oya="0" hai0="105,117,67,23,99,69,19,3,2,107,26,8,104" hai1="58,93,0,36,74,9,115,62,90,85,132,35,125" hai2="46,112,64,116,94,51,124,6,78,111,126,54,127" hai3="128,88,32,68,21,92,114,121,53,129,81,82,24"/><T47/><D117/><U135/><E35/><V57/><F78/><W130/><G114/><T45/><D99/><U120/><E36/><V103/><F6/><W42/><G121/><T80/><D80/><N who="3" m="30825" /><G68/><T79/><D79/><U31/><E31/><V15/><F15/><W52/><G42/><T16/><D19/><U123/><E74/><V39/><F94/><W110/><G32/><T122/><D122/><U113/><E9/><V102/><F103/><W75/><G75/><T60/><REACH who="0" step="1"/><D2/><REACH who="0" ten="240,250,250,250" step="2"/><U59/><E0/><V91/><F116/><W55/><G110/><T38/><D38/><U70/><E120/><V11/><F39/><W96/><G55/><T48/><D48/><U98/><E98/><V13/><F51/><W71/><G71/><T37/><D37/><U49/><E49/><V63/><F126/><W12/><G12/><T7/><AGARI ba="0,1" hai="3,7,8,16,23,26,45,47,60,67,69,104,105,107" machi="7" ten="40,12000,1" yaku="1,1,0,1,52,1,54,1,53,1" doraHai="17" doraHaiUra="14" who="0" fromWho="0" sc="240,130,250,-40,250,-40,250,-40" /><INIT seed="0,1,0,1,4,111" ten="370,210,210,210" oya="0" hai0="127,33,56,83,30,1,81,14,88,49,76,107,100" hai1="47,80,134,121,68,110,46,9,16,126,116,37,38" hai2="90,130,87,108,31,119,15,43,45,78,63,123,72" hai3="82,106,20,135,96,42,69,89,95,86,133,101,18"/><T35/><D1/><U91/><E68/><V2/><F2/><W12/><G69/><T92/><D127/><U40/><E116/><V21/><F119/><W41/><REACH who="3" step="1"/><G106/><REACH who="3" ten="370,210,210,200" step="2"/><T24/><D107/><U109/><E109/><V17/><F108/><W50/><G50/><T4/><D49/><U44/><E110/><V25/><F123/><W103/><G103/><T60/><D100/><U118/><E121/><V13/><F130/><W129/><G129/><T120/><D120/><U0/><E118/><V117/><F117/><W73/><G73/><T36/><D36/><U53/><E38/><V113/><F113/><W19/><G19/><T104/><D104/><U65/><E16/><V7/><F63/><W114/><G114/><T131/><D131/><U115/><E115/><V11/><F72/><W74/><G74/><T112/><D112/><U124/><E126/><V29/><F29/><W64/><G64/><T125/><D125/><U48/><E65/><V5/><F31/><W93/><G93/><T62/><D62/><U34/><E124/><V94/><F5/><W75/><G75/><T77/><D30/><U128/><E128/><V102/><F102/><W97/><G97/><T32/><D60/><U39/><E39/><V8/><F7/><W3/><G3/><T122/><D4/><U55/><E37/><V70/><F70/><W23/><G23/><T105/><D105/><U79/><E0/><V57/><F21/><W59/><G59/><T28/><D122/><U67/><E48/><V52/><F17/><W58/><G58/><T10/><D56/><U54/><E67/><RYUUKYOKU ba="1,1" sc="370,-10,210,-10,210,-10,200,30" hai3="12,18,20,41,42,82,86,89,95,96,101,133,135" /><INIT seed="1,2,1,5,1,35" ten="360,200,200,230" oya="1" hai0="109,61,33,0,86,82,56,5,16,48,129,90,72" hai1="41,133,2,43,131,93,81,88,37,83,31,9,3" hai2="76,32,116,10,20,124,45,65,132,14,15,50,115" hai3="29,54,114,27,67,106,69,123,102,13,118,18,64"/><U57/><E31/><V122/><F32/><W70/><G114/><T80/><D33/><U36/><E9/><V66/><F124/><W25/><G123/><T94/><D5/><U51/><E131/><V19/><F132/><W1/><G29/><T119/><D0/><U89/><E93/><V103/><F122/><W111/><G1/><T95/><D109/><U98/><E57/><V7/><F116/><W71/><G111/><T125/><D125/><U87/><E51/><V22/><F115/><W46/><G102/><T63/><D129/><U79/><E98/><V12/><F103/><W24/><G106/><T135/><D135/><U62/><E62/><V134/><F76/><W104/><G104/><T127/><D119/><U130/><E133/><V75/><F75/><W121/><G121/><T23/><D72/><U26/><E130/><V117/><F117/><W110/><G110/><T39/><D39/><U91/><E26/><V128/><F128/><W73/><G73/><T4/><D4/><U97/><E97/><V85/><F85/><W77/><G118/><T34/><D34/><U53/><E53/><V59/><F59/><W126/><G126/><T96/><D95/><U105/><E105/><V99/><F99/><W30/><G30/><T108/><D108/><U8/><E8/><V44/><F44/><W47/><G77/><T11/><D11/><U55/><E55/><N who="2" m="30159" /><F134/><W101/><G101/><T58/><D58/><U120/><E120/><V40/><F40/><N who="1" m="15433" /><E83/><N who="0" m="31785" /><D96/><U84/><E87/><V38/><F38/><W6/><G47/><T92/><D127/><U17/><E17/><AGARI ba="2,1" hai="7,10,12,14,15,17,19,20,22,65,66" m="30159" machi="17" ten="30,2000,0" yaku="6,1,8,1" doraHai="35" who="2" fromWho="1" sc="360,0,200,-26,200,36,230,0" /><INIT seed="2,0,0,3,2,116" ten="360,174,236,230" oya="2" hai0="16,129,2,14,37,80,32,103,78,40,132,113,28" hai1="55,49,84,73,99,94,38,77,86,33,54,87,3" hai2="107,130,31,58,17,69,75,6,39,30,46,13,127" hai3="101,45,112,8,134,63,105,92,97,91,123,1,20"/><V100/><F75/><W35/><G35/><T50/><D2/><U72/><E38/><V98/><F69/><W89/><G134/><T118/><D37/><U26/><E3/><V23/><F127/><W67/><G112/><T56/><D129/><U81/><E73/><V82/><F130/><W121/><G45/><T15/><D103/><U104/><E104/><V51/><F6/><W76/><G76/><T95/><D95/><U117/><E117/><V90/><F39/><W108/><G108/><T48/><D28/><U4/><E4/><V131/><F58/><W64/><G64/><T42/><D32/><U83/><E83/><V111/><F111/><W27/><G8/><T24/><D80/><U122/><E49/><V7/><F7/><W68/><G1/><T88/><D56/><U18/><E18/><V44/><F44/><W66/><G67/><T52/><D16/><U19/><E19/><V12/><F12/><W126/><G126/><T10/><D14/><U57/><E57/><V74/><F131/><W11/><G11/><T135/><D15/><U22/><E22/><V43/><F74/><W60/><G60/><T71/><D10/><U124/><E124/><V110/><F110/><W65/><G65/><T5/><D118/><U128/><E128/><V114/><F114/><W115/><G115/><T96/><D113/><U125/><E125/><V119/><F119/><W133/><G133/><T61/><D135/><U29/><REACH who="1" step="1"/><E122/><REACH who="1" ten="360,164,236,230" step="2"/><N who="3" m="46602" /><G105/><T70/><D132/><U120/><E120/><V102/><F102/><AGARI ba="0,1" hai="26,29,33,54,55,72,77,81,84,86,87,94,99,102" machi="102" ten="40,2600,0" yaku="1,1,53,1" doraHai="116" doraHaiUra="79" who="1" fromWho="2" sc="360,0,164,36,236,-26,230,0" /><INIT seed="3,0,0,0,4,75" ten="360,200,210,230" oya="3" hai0="26,130,74,94,68,9,106,49,32,62,19,3,66" hai1="15,48,126,118,82,120,132,5,112,7,103,79,131" hai2="76,113,83,4,111,101,37,93,102,122,22,86,119" hai3="105,35,61,90,51,100,10,91,14,114,95,25,84"/><W30/><G114/><T57/><D74/><U55/><E120/><V46/><F113/><W85/><G51/><T116/><D106/><U17/><E126/><V16/><F119/><W73/><G73/><T1/><D130/><U53/><E131/><V110/><F4/><N who="1" m="1609" /><E103/><V123/><F46/><W80/><G61/><T60/><D49/><U58/><E132/><V72/><F37/><W45/><G45/><T71/><D71/><U59/><E118/><V52/><F52/><N who="1" m="20041" /><E48/><V92/><F102/><W77/><G105/><T41/><D68/><U11/><E112/><V2/><F2/><W24/><G100/><T31/><D1/><U12/><E15/><N who="2" m="9503" /><F101/><W104/><G104/><T6/><D3/><U115/><E115/><V64/><F64/><W28/><G14/><T23/><D66/><U63/><E63/><V42/><F42/><W33/><REACH who="3" step="1"/><G10/><REACH who="3" ten="360,200,210,220" step="2"/><T39/><D9/><U36/><E36/><V8/><F8/><W38/><G38/><T134/><D39/><U40/><E40/><V67/><F67/><W78/><AGARI ba="0,1" hai="24,25,28,30,33,35,77,78,80,84,85,90,91,95" machi="78" ten="30,12000,1" yaku="1,1,0,1,9,1,52,2,53,0" doraHai="75" doraHaiUra="125" who="3" fromWho="3" sc="360,-40,200,-40,210,-40,220,130" /><INIT seed="3,1,0,4,0,31" ten="320,160,170,350" oya="3" hai0="27,129,25,95,17,125,5,61,35,84,105,6,120" hai1="122,133,110,98,89,91,70,38,132,83,7,34,97" hai2="49,114,46,62,64,76,3,50,88,1,79,128,75" hai3="9,68,96,11,72,81,74,69,41,24,124,4,51"/><W99/><G124/><T32/><D105/><U53/><E70/><V8/><F114/><W13/><G24/><T127/><D61/><U45/><E7/><N who="0" m="2569" /><D84/><U63/><E122/><V82/><F128/><W55/><G41/><T119/><D95/><U85/><E110/><V29/><F79/><W111/><G111/><T15/><D120/><U102/><E34/><N who="0" m="12841" /><D129/><U118/><E63/><V56/><F49/><W33/><G69/><T67/><D67/><U2/><E53/><V47/><F47/><W92/><G68/><T36/><D36/><U130/><E45/><V59/><F59/><W123/><G123/><T106/><D106/><N who="1" m="63823" /><E38/><V26/><F8/><W104/><G104/><T18/><D119/><U103/><E118/><V30/><F88/><N who="1" m="33865" /><E2/><V113/><F50/><W66/><G55/><T20/><D27/><U54/><E54/><V22/><F46/><W42/><G66/><T19/><D19/><U39/><E39/><V43/><F62/><W121/><G4/><T65/><D65/><U37/><E37/><V16/><F64/><W52/><G52/><T21/><AGARI ba="1,0" hai="15,17,18,20,21,25,125,127" m="12841,2569" machi="21" ten="40,8000,1" yaku="34,2,52,3" doraHai="31" who="0" fromWho="0" sc="320,83,160,-21,170,-21,350,-41" /><INIT seed="4,0,0,2,2,80" ten="403,139,149,309" oya="0" hai0="94,72,118,88,21,98,32,16,30,28,97,86,10" hai1="26,78,111,69,18,117,85,20,0,91,65,126,100" hai2="60,113,103,107,33,22,104,87,46,43,42,71,114" hai3="44,96,64,49,40,48,45,129,99,12,122,19,53"/><T38/><D38/><U59/><E0/><V3/><F3/><W127/><G129/><T4/><D72/><U75/><E69/><V55/><F33/><W112/><G112/><N who="2" m="43113" /><F22/><W93/><G127/><T1/><D118/><U2/><E2/><V29/><F29/><W79/><G122/><T36/><D36/><U39/><E39/><N who="2" m="21855" /><F43/><W105/><G105/><T81/><D32/><U109/><E126/><V134/><F103/><W90/><G64/><T115/><D115/><U54/><E65/><N who="2" m="41383" /><F134/><W119/><G119/><T51/><D98/><U62/><E100/><V52/><F87/><W9/><G79/><T135/><D135/><U123/><E117/><V110/><F110/><W83/><G83/><T131/><D131/><U17/><E78/><V41/><F41/><W50/><G99/><T89/><D51/><AGARI ba="0,0" hai="9,12,19,40,44,45,48,49,50,51,53,90,93,96" machi="51" ten="30,2000,0" yaku="7,1,8,1" doraHai="80" who="3" fromWho="0" sc="403,-20,139,0,149,0,309,20" /><INIT seed="5,0,0,3,0,97" ten="383,139,149,329" oya="1" hai0="48,113,123,135,102,35,65,59,104,40,52,88,80" hai1="54,112,39,19,36,8,121,75,116,7,53,76,106" hai2="21,9,125,107,82,5,90,96,51,18,93,49,46" hai3="81,70,83,109,33,28,94,78,103,55,64,30,63"/><U114/><E106/><V20/><F125/><W62/><G109/><T6/><D35/><U50/><E116/><V119/><F119/><W42/><G42/><T84/><D113/><N who="1" m="43627" /><E121/><V58/><F107/><W69/><G33/><T99/><D135/><U14/><E76/><V32/><F32/><W91/><G55/><N who="1" m="21002" /><E50/><V73/><F58/><W77/><G91/><T74/><D123/><U101/><E75/><V25/><F73/><W120/><G120/><T122/><D122/><U115/><N who="1" m="43635" /><U133/><DORA hai="117" /><E101/><V37/><F37/><N who="1" m="14409" /><E19/><V27/><F46/><W4/><G103/><T66/><D40/><U71/><E71/><V72/><F72/><W0/><G70/><T43/><D43/><U118/><E118/><V47/><F47/><W79/><G69/><T3/><D74/><U110/><E110/><V92/><F51/><W131/><G78/><T108/><D108/><U29/><E29/><V126/><F49/><W105/><G77/><T10/><AGARI ba="0,0" hai="3,6,10,48,52,59,65,66,80,84,88,99,102,104" machi="10" ten="30,7900,0" yaku="0,1,52,1,54,2" doraHai="97,117" who="0" fromWho="0" sc="383,79,139,-39,149,-20,329,-20" /><INIT seed="6,0,0,5,5,59" ten="462,100,129,309" oya="2" hai0="89,2,26,122,11,70,44,91,50,56,45,109,49" hai1="38,27,128,19,96,73,88,95,51,126,60,4,34" hai2="14,133,132,63,31,98,66,76,6,69,0,110,130" hai3="54,101,30,87,68,37,9,53,61,94,90,64,16"/><V20/><F0/><W108/><G108/><T43/><D70/><U134/><E38/><V42/><F110/><W25/><G37/><T99/><D122/><U67/><E73/><V58/><F130/><W10/><G101/><T85/><D2/><U65/><E128/><V48/><F76/><W15/><REACH who="3" step="1"/><G9/><REACH who="3" ten="462,100,129,299" step="2"/><T78/><D11/><U121/><E121/><V97/><F132/><W103/><G103/><T125/><D109/><U32/><E134/><V72/><F133/><W131/><G131/><T17/><D125/><U120/><E120/><V79/><F72/><W5/><G5/><T39/><D39/><U23/><E126/><V3/><F3/><W62/><G62/><T22/><D50/><U86/><E4/><V80/><F6/><W33/><AGARI ba="0,1" hai="10,15,16,25,30,33,53,54,61,64,68,87,90,94" machi="33" ten="20,8000,1" yaku="1,1,0,1,7,1,52,1,54,1,53,0" doraHai="59" doraHaiUra="129" who="3" fromWho="3" sc="462,-20,100,-20,129,-40,299,90" /><INIT seed="7,0,0,2,2,88" ten="442,80,89,389" oya="3" hai0="62,14,71,82,13,45,133,106,65,46,51,131,132" hai1="76,95,128,8,111,60,40,123,91,74,19,112,20" hai2="57,7,56,38,42,122,22,66,6,52,81,87,48" hai3="4,118,109,117,39,10,47,15,85,35,129,135,99"/><W134/><G35/><T130/><D106/><U23/><E123/><V96/><F122/><W97/><G109/><T108/><D108/><U125/><E111/><V36/><F36/><W92/><G129/><N who="0" m="49163" /><D82/><U21/><E128/><V61/><F38/><W73/><G73/><T1/><D1/><U116/><E74/><V105/><F42/><N who="3" m="23007" /><G85/><T98/><D98/><N who="1" m="57727" /><E40/><V110/><F110/><W69/><G99/><T86/><D86/><U27/><E76/><N who="2" m="46503" /><F105/><W89/><G69/><T37/><D37/><U72/><E72/><V126/><F126/><W83/><G83/><T127/><D127/><U54/><E112/><V16/><F96/><W78/><G78/><T103/><D103/><U75/><E75/><V101/><F101/><W53/><G53/><N who="0" m="29935" /><D46/><U58/><E125/><V34/><F34/><W63/><G63/><T41/><D41/><U115/><E115/><V124/><F124/><W3/><G3/><T18/><D13/><AGARI ba="0,0" hai="6,7,13,16,22,48,52,56,57,61,66" m="46503" machi="13" ten="30,3900,0" yaku="8,1,54,2" doraHai="88" who="2" fromWho="0" sc="442,-39,80,0,89,39,389,0" owari="403,50.0,80,-42.0,128,-27.0,389,19.0" /></mjloggm>