<mjloggm ver="2.3"><GO type="97" lobby="0"/><UN n0="%6F%2D%6A%75%6E%67%6C%65" n1="%E5%AD%90%E7%AB%9C%EF%BC%90%EF%BC%93%EF%BC%90%EF%BC%98" n2="%E7%89%B9%E6%94%BB%E9%87%8E%E9%83%8E%4A%42%43" n3="%E3%82%A6%E3%83%AB%E3%83%88%E3%83%A9%E7%AB%8B%E7%9B%B4" dan="14,15,15,13" rate="1971.86,1998.54,2005.83,1832.66" sx="M,M,M,M"/><TAIKYOKU oya="0"/><INIT seed="0,0,0,5,0,118" ten="250,250,250,250" oya="0" hai0="21,65,107,57,20,80,113,74,43,67,129,58,105" hai1="26,24,48,17,23,86,116,60,95,19,87,2,79" hai2="59,39,81,27,4,73,25,35,6,49,130,104,106" hai3="111,8,77,38,124,94,54,12,34,47,40,68,96"/><T91/><D113/><U3/><E116/><V55/><F39/><W50/><G34/><T28/><D43/><U30/><E60/><V29/><F130/><W112/><G112/><T66/><D74/><U127/><E127/><V108/><F108/><W56/><G124/><T45/><D45/><U89/><E48/><V92/><F104/><W119/><G119/><T32/><D32/><U14/><E19/><V125/><F106/><W7/><G111/><T41/><D41/><U117/><E117/><V85/><F92/><W1/><G77/><T63/><D129/><U36/><E36/><V103/><F103/><W128/><G128/><T15/><D107/><U109/><E109/><V10/><F27/><W82/><G82/><T135/><D105/><U37/><E37/><V33/><F6/><W110/><G110/><T98/><D21/><U100/><E100/><V61/><F73/><W120/><G68/><T42/><D42/><U134/><E134/><V99/><F99/><W102/><REACH who="3" step="1"/><G1/><REACH who="3" ten="250,250,250,240" step="2"/><T88/><D135/><U132/><E132/><V84/><F35/><W46/><G46/><T11/><D80/><U97/><E3/><N who="2" m="287" /><F125/><W13/><G13/><T44/><D44/><U9/><E2/><V72/><F81/><W53/><G53/><N who="0" m="34223" /><D58/><U123/><E79/><V122/><F72/><W78/><G78/><T90/><D98/><U51/><E97/><V83/><F83/><W22/><G22/><T31/><D20/><U64/><E23/><V121/><F61/><W18/><G18/><AGARI ba="0,1" hai="11,15,18,28,31,65,66,67,88,90,91" m="34223" machi="18" ten="30,2900,0" yaku="8,1,54,1" doraHai="118" who="0" fromWho="3" sc="250,39,250,0,250,0,240,-29" /><INIT seed="0,1,0,5,0,6" ten="289,250,250,211" oya="0" hai0="7,45,34,85,83,36,37,70,133,60,103,24,128" hai1="25,54,51,50,49,66,42,47,116,101,73,132,87" hai2="75,121,56,44,8,39,100,117,53,119,111,29,127" hai3="131,65,105,97,126,92,23,110,122,48,46,10,98"/><T43/><D133/><U104/><E116/><N who="2" m="44619" /><F75/><W15/><G126/><T14/><D128/><U74/><E132/><V38/><F121/><W58/><G131/><T63/><D103/><U41/><E66/><V33/><F127/><W80/><G110/><T64/><D60/><U55/><E25/><N who="2" m="18607" /><F100/><W81/><G23/><T89/><D24/><U21/><E21/><V79/><F79/><W27/><G27/><T20/><D34/><U130/><E130/><V17/><F44/><W108/><G105/><T13/><D20/><U91/><E104/><V99/><F99/><W124/><G124/><T77/><D36/><U22/><E101/><V82/><F82/><W4/><G122/><T90/><REACH who="0" step="1"/><D14/><REACH who="0" ten="279,250,250,211" step="2"/><U93/><E22/><V52/><F111/><W68/><G108/><T114/><D114/><U5/><E5/><V59/><F39/><W88/><G68/><T84/><D84/><U71/><E71/><V2/><F38/><W72/><G72/><T35/><D35/><U69/><E69/><V12/><F2/><W102/><G102/><T78/><D78/><U120/><E120/><V134/><F134/><W96/><G96/><T129/><D129/><U57/><E73/><V62/><F59/><W3/><G98/><T11/><AGARI ba="1,1" hai="7,11,13,37,43,45,63,64,70,77,83,85,89,90" machi="11" ten="30,6000,0" yaku="1,1,0,1,52,1,53,0" doraHai="6" doraHaiUra="32" who="0" fromWho="0" sc="279,73,250,-21,250,-21,211,-21" /><INIT seed="0,2,0,2,0,25" ten="352,229,229,190" oya="0" hai0="73,63,50,28,55,92,20,59,74,53,121,86,32" hai1="54,34,112,78,16,101,6,132,95,67,66,48,123" hai2="79,30,14,13,40,2,76,134,107,69,122,110,10" hai3="70,118,100,133,35,41,0,72,81,36,45,12,103"/><T9/><D121/><U97/><E123/><V31/><F122/><W23/><G118/><T91/><D32/><U105/><E34/><V46/><F2/><W7/><G133/><T80/><D9/><U62/><E132/><V82/><F107/><W120/><G120/><T24/><D80/><U77/><E112/><V60/><F134/><W4/><G4/><T52/><D53/><U94/><E6/><V8/><F110/><W26/><G70/><T42/><D42/><U38/><E38/><V98/><F98/><W19/><G81/><T56/><AGARI ba="2,0" hai="20,24,28,50,52,55,56,59,63,73,74,86,91,92" machi="56" ten="20,7800,0" yaku="0,1,7,1,52,1,54,1" doraHai="25" who="0" fromWho="0" sc="352,84,229,-28,229,-28,190,-28" /><INIT seed="0,3,0,0,4,17" ten="436,201,201,162" oya="0" hai0="107,26,6,133,112,57,60,91,11,97,78,118,75" hai1="19,34,94,7,82,22,110,2,0,87,100,43,58" hai2="23,27,108,24,1,114,101,131,92,66,14,76,42" hai3="106,8,64,10,32,29,50,4,47,5,123,116,125"/><T68/><D112/><U132/><E34/><V127/><F1/><W15/><G106/><T62/><D118/><U135/><E110/><V80/><F114/><W124/><G64/><T33/><D133/><U74/><E74/><V81/><F108/><W102/><G102/><T109/><D109/><U44/><E58/><V63/><F127/><W89/><G116/><T49/><D75/><U55/><E55/><V16/><F42/><W37/><G37/><T99/><D78/><U122/><E122/><V128/><F101/><W104/><G104/><T9/><D107/><U88/><E7/><V93/><F92/><W113/><G113/><T67/><D49/><U18/><E100/><V20/><F93/><W73/><G73/><T86/><D11/><U41/><E94/><V70/><F27/><W21/><G89/><T121/><D121/><U40/><E44/><V69/><F70/><W61/><G61/><T52/><D26/><U90/><E90/><V3/><F3/><N who="3" m="31" /><G123/><T83/><D33/><U12/><REACH who="1" step="1"/><E19/><REACH who="1" ten="436,191,201,162" step="2"/><N who="2" m="12319" /><F76/><W84/><G124/><T38/><D38/><U71/><E71/><V79/><F79/><W13/><G125/><T46/><D46/><U111/><E111/><V65/><F66/><W45/><G32/><T25/><D25/><U130/><E130/><AGARI ba="3,1" hai="14,16,23,63,65,69,80,81,128,130,131" m="12319" machi="130" ten="30,7700,0" yaku="19,1,52,2,54,1" doraHai="17" who="2" fromWho="1" sc="436,0,191,-86,201,96,162,0" /><INIT seed="1,0,0,4,4,79" ten="436,105,297,162" oya="1" hai0="26,56,44,106,39,86,93,35,19,129,78,38,66" hai1="8,110,33,69,4,120,42,43,91,16,117,53,62" hai2="96,100,13,21,50,122,23,27,75,111,47,102,2" hai3="59,64,3,76,98,135,104,18,84,119,22,17,9"/><U87/><E120/><V52/><F2/><W124/><G124/><T107/><D35/><U130/><E117/><V126/><F122/><W92/><G135/><T113/><D113/><U90/><E33/><V67/><F126/><W54/><G119/><T25/><D56/><U85/><E130/><V101/><F75/><W123/><G123/><T12/><D66/><U34/><E34/><V49/><F67/><W24/><G104/><T0/><D0/><U40/><E110/><V82/><F82/><W30/><G64/><T29/><D29/><U20/><E69/><V116/><F116/><W36/><G36/><T63/><D63/><U5/><E62/><V51/><F13/><W46/><G46/><T133/><D133/><U14/><E53/><V6/><F6/><W95/><G9/><T28/><D28/><U94/><E8/><V1/><F23/><W73/><G3/><T7/><D7/><U105/><E105/><N who="0" m="39945" /><D39/><U32/><E32/><V97/><F1/><W134/><G134/><T74/><D38/><U128/><E128/><V71/><F71/><W132/><G132/><T114/><D114/><U131/><E131/><V37/><F37/><W10/><G54/><T109/><D129/><U81/><AGARI ba="0,0" hai="4,5,14,16,20,40,42,43,81,85,87,90,91,94" machi="81" ten="30,11700,0" yaku="0,1,8,1,52,1,54,1" doraHai="79" who="1" fromWho="1" sc="436,-39,105,117,297,-39,162,-39" /><INIT seed="1,1,0,1,5,33" ten="397,222,258,123" oya="1" hai0="26,78,58,7,46,117,25,69,100,8,84,59,29" hai1="128,54,14,1,68,76,35,10,122,92,16,28,101" hai2="121,64,74,61,104,132,79,3,65,70,63,27,30" hai3="24,41,82,4,15,95,88,86,131,94,130,99,32"/><U47/><E68/><V62/><F121/><W85/><G41/><T17/><D69/><U133/><E122/><V44/><F132/><W11/><G32/><T18/><D117/><U49/><E133/><V98/><F44/><W80/><G24/><N who="0" m="9323" /><D100/><U6/><E128/><V125/><F125/><W107/><G107/><T115/><D115/><U23/><E76/><V43/><F43/><W111/><G111/><T106/><D106/><U67/><E67/><V57/><F63/><W13/><G13/><N who="0" m="5279" /><D46/><U71/><E71/><V50/><F50/><W22/><G22/><T34/><D34/><U126/><E126/><V102/><F79/><W124/><G124/><T93/><D93/><U135/><E135/><V108/><F74/><W112/><G112/><T9/><D29/><U66/><E66/><V53/><F108/><W0/><G15/><T119/><D9/><U113/><E113/><V60/><F60/><W97/><G95/><T116/><D78/><U127/><E127/><V91/><F91/><N who="3" m="51639" /><G94/><T83/><D83/><U103/><REACH who="1" step="1"/><E92/><REACH who="1" ten="397,212,258,123" step="2"/><V19/><F65/><W55/><G55/><T114/><D114/><U56/><E56/><V129/><F129/><AGARI ba="1,1" hai="0,4,11,80,86,88,97,99,129,130,131" m="51639" machi="129" ten="30,3900,0" yaku="19,1,52,1,54,1" doraHai="33" who="3" fromWho="2" sc="397,0,212,0,258,-42,123,52" /><INIT seed="2,0,0,1,5,35" ten="397,212,216,175" oya="2" hai0="98,89,61,66,116,111,42,67,70,45,47,94,2" hai1="126,34,101,65,16,88,51,134,11,5,130,54,123" hai2="32,0,6,28,72,52,48,95,96,9,4,106,58" hai3="18,97,90,104,105,109,12,17,100,102,20,74,110"/><V80/><F6/><W29/><G74/><T23/><D111/><U73/><E101/><V85/><F72/><W120/><G29/><T83/><D2/><U49/><E34/><V92/><F32/><W135/><G90/><T1/><D1/><U27/><E123/><V131/><F131/><W25/><G135/><T55/><D116/><U93/><E73/><V63/><F28/><W8/><REACH who="3" step="1"/><G120/><REACH who="3" ten="397,212,216,165" step="2"/><T75/><D75/><U21/><E134/><V37/><F106/><W46/><G46/><T119/><D47/><U103/><E103/><V39/><F95/><W133/><G133/><T127/><D45/><U84/><E130/><V76/><REACH who="2" step="1"/><F63/><REACH who="2" ten="397,212,206,165" step="2"/><W26/><G26/><T118/><D61/><U19/><E126/><V108/><F108/><W99/><AGARI ba="0,2" hai="8,12,17,18,20,25,97,99,100,102,104,105,109,110" machi="99" ten="30,4000,0" yaku="1,1,0,1,9,1,53,0" doraHai="35" doraHaiUra="30" who="3" fromWho="3" sc="397,-10,212,-10,206,-20,165,60" /><INIT seed="3,0,0,2,2,100" ten="387,202,186,225" oya="3" hai0="132,97,0,128,24,10,86,87,76,75,57,102,36" hai1="53,9,54,27,19,134,73,14,74,64,61,109,82" hai2="98,50,23,2,30,16,38,117,59,123,130,91,108" hai3="26,118,66,111,43,6,104,13,101,112,47,124,127"/><W60/><G118/><T21/><D36/><U31/><E134/><V51/><F38/><N who="3" m="22007" /><G112/><T67/><D75/><U115/><E109/><V121/><F2/><W25/><G13/><T58/><D132/><U113/><E74/><V22/><F108/><W71/><G6/><T107/><D128/><U35/><E73/><V17/><F130/><W95/><G95/><T8/><D57/><U99/><E82/><V79/><F117/><W119/><G119/><T49/><D86/><U32/><E32/><V131/><F131/><W133/><G133/><T114/><D114/><U81/><E81/><V92/><F79/><W70/><G70/><T12/><D0/><U63/><E63/><V18/><F59/><W120/><G120/><N who="2" m="46153" /><F23/><W33/><G111/><T68/><D68/><U55/><REACH who="1" step="1"/><E99/><REACH who="1" ten="387,192,186,225" step="2"/><V110/><F110/><W39/><G33/><T69/><D76/><U29/><E29/><V103/><F103/><W20/><G101/><T83/><D102/><U88/><E88/><V44/><F44/><W7/><G60/><T52/><D97/><U40/><E40/><V116/><F116/><W78/><G78/><T48/><D83/><U28/><E28/><V15/><F15/><W5/><G26/><AGARI ba="0,1" hai="16,17,18,22,26,30,50,51,91,92,98" m="46153" machi="26" ten="30,2000,0" yaku="13,1,54,1" doraHai="100" who="2" fromWho="3" sc="387,0,192,0,186,30,225,-20" owari="387,48.0,192,-31.0,216,2.0,205,-19.0" /></mjloggm>