<mjloggm ver="2.3"><GO type="97" lobby="0"/><UN n0="%E3%82%A6%E3%83%AB%E3%83%88%E3%83%A9%E7%AB%8B%E7%9B%B4" n1="%6C%65%61%6B%69%6E%67" n2="%E6%96%AC%E7%8E%96" n3="%72%65%6E%6F%64%65" dan="14,15,14,14" rate="1940.70,1999.12,1947.41,1960.90" sx="M,M,M,M"/><TAIKYOKU oya="0"/><INIT seed="0,0,0,0,4,112" ten="250,250,250,250" oya="0" hai0="60,70,36,92,45,61,115,123,86,124,79,128,131" hai1="44,55,121,33,38,114,101,129,134,74,21,98,106" hai2="20,82,80,53,65,100,30,0,99,109,76,94,7" hai3="88,41,49,9,103,50,117,12,105,69,93,2,59"/><T68/><D123/><U77/><E121/><V29/><F109/><W135/><G69/><N who="0" m="26731" /><D79/><U51/><E33/><V18/><F65/><W31/><G2/><T113/><D86/><U3/><E3/><V96/><F7/><W47/><G31/><T54/><D92/><U71/><E71/><V34/><F0/><W90/><G90/><T43/><D124/><U130/><E114/><N who="0" m="43529" /><D54/><U24/><E38/><V75/><F34/><W39/><G93/><T62/><AGARI ba="0,0" hai="36,43,45,60,61,62,128,131" m="43529,26731" machi="62" ten="40,3900,0" yaku="34,2" doraHai="112" who="0" fromWho="0" sc="250,39,250,-13,250,-13,250,-13" /><INIT seed="0,1,0,5,4,96" ten="289,237,237,237" oya="0" hai0="28,75,93,130,67,21,114,98,109,113,26,111,118" hai1="47,119,5,2,45,35,59,135,120,18,108,127,23" hai2="117,64,1,82,71,95,20,17,97,31,46,54,12" hai3="128,129,66,48,132,42,25,125,84,51,10,90,36"/><T112/><D75/><U58/><E119/><V78/><F1/><W106/><G132/><T80/><D118/><U44/><E120/><V14/><F117/><W57/><G125/><T27/><D130/><N who="3" m="50281" /><G106/><T55/><D80/><U103/><E35/><V22/><F71/><W91/><G25/><T8/><D67/><U74/><E74/><V43/><F64/><W123/><G123/><T49/><D8/><U73/><E73/><V94/><F54/><W121/><G121/><T107/><D107/><U116/><E116/><V76/><F82/><N who="3" m="49431" /><G10/><T38/><D38/><U104/><E127/><V92/><F97/><W81/><G36/><T3/><D3/><U131/><E135/><V24/><REACH who="2" step="1"/><F14/><REACH who="2" ten="289,237,227,237" step="2"/><W124/><G66/><T77/><D112/><U83/><E131/><V7/><F7/><W33/><G124/><T100/><D114/><U37/><E2/><V87/><F87/><W30/><G81/><T134/><D113/><U34/><E83/><V32/><F32/><W62/><G33/><T40/><D134/><U60/><E34/><V4/><F4/><W102/><G42/><T70/><D40/><U39/><E5/><V86/><F86/><W61/><G61/><T122/><D122/><U6/><E6/><V15/><F15/><W16/><G62/><T11/><D55/><U56/><E60/><V41/><F41/><W115/><G115/><T79/><D70/><U0/><E0/><V126/><F126/><W9/><G51/><AGARI ba="1,1" hai="12,17,20,22,24,31,43,46,51,76,78,92,94,95" machi="51" ten="40,8000,1" yaku="1,1,8,1,53,3" doraHai="96" doraHaiUra="89" who="2" fromWho="3" sc="289,0,237,0,227,93,237,-83" /><INIT seed="1,0,0,5,4,81" ten="289,237,320,154" oya="1" hai0="120,111,70,16,26,59,29,91,69,79,97,47,19" hai1="64,119,133,92,66,33,2,11,3,54,103,65,134" hai2="8,24,13,67,37,87,128,30,109,31,102,35,129" hai3="131,44,40,90,51,89,115,101,104,7,38,135,52"/><U72/><E119/><V98/><F37/><W28/><G115/><T32/><D120/><U34/><E72/><V68/><F30/><W46/><G131/><T113/><D113/><U78/><E78/><V74/><F74/><W116/><G135/><N who="1" m="51722" /><E54/><V99/><F109/><W93/><G116/><T86/><D111/><U49/><E49/><V17/><F98/><W105/><G7/><T48/><D79/><U110/><E110/><V12/><F12/><W100/><G28/><T39/><D97/><U71/><E71/><V25/><F87/><W127/><G127/><T4/><D69/><U42/><E42/><V9/><F9/><W36/><G36/><T23/><D70/><U125/><E125/><V117/><F25/><W10/><G10/><T126/><D126/><U22/><E22/><V61/><REACH who="2" step="1"/><F117/><REACH who="2" ten="289,237,310,154" step="2"/><W55/><G55/><N who="0" m="30111" /><D39/><U75/><E75/><V63/><F63/><W18/><G18/><T112/><D112/><U5/><E3/><V45/><F45/><W15/><G15/><T130/><D4/><U96/><AGARI ba="0,1" hai="2,5,11,33,34,64,65,66,92,96,103" m="51722" machi="96" ten="40,2100,0" yaku="20,1" doraHai="81" who="1" fromWho="1" sc="289,-7,237,31,310,-7,154,-7" /><INIT seed="1,1,0,1,0,126" ten="282,268,303,147" oya="1" hai0="60,74,78,86,131,44,109,76,0,18,100,27,9" hai1="70,49,29,92,83,14,16,81,20,61,91,58,128" hai2="47,23,80,99,43,66,79,19,124,1,117,62,127" hai3="28,22,75,65,39,111,55,72,88,41,56,108,113"/><U32/><E128/><V11/><F117/><W119/><G113/><T52/><D74/><U15/><E70/><V37/><F99/><W122/><G122/><T106/><D100/><U36/><E36/><V121/><F121/><W8/><G119/><T107/><D27/><U97/><E32/><V50/><F50/><W68/><G8/><T98/><D98/><U48/><E29/><V10/><F23/><W101/><G101/><T5/><D18/><U120/><E120/><V104/><F104/><W13/><G13/><T4/><D4/><U45/><E14/><V34/><F34/><W116/><G116/><T33/><D33/><U102/><E102/><V110/><F110/><W135/><G135/><T89/><D106/><U118/><E118/><V84/><F19/><W7/><G7/><T3/><D107/><U133/><E133/><V96/><F96/><W71/><G28/><T132/><D0/><U73/><E73/><N who="2" m="43119" /><F11/><W82/><G22/><T123/><D123/><U90/><E90/><V25/><F84/><N who="3" m="50199" /><G65/><T46/><D109/><N who="3" m="42057" /><G41/><T125/><D132/><U112/><E112/><V24/><F25/><W21/><G21/><T77/><D9/><U130/><E130/><V12/><F24/><W40/><G40/><T54/><D131/><U51/><E45/><N who="0" m="17513" /><D5/><U53/><AGARI ba="1,0" hai="15,16,20,48,49,51,53,58,61,81,83,91,92,97" machi="53" ten="30,6000,0" yaku="0,1,8,1,54,1" doraHai="126" who="1" fromWho="1" sc="282,-21,268,63,303,-21,147,-21" /><INIT seed="1,2,0,0,1,40" ten="261,331,282,126" oya="1" hai0="1,120,114,43,132,101,30,13,47,3,121,0,20" hai1="116,57,41,84,62,106,19,63,12,18,91,134,78" hai2="32,10,61,68,105,86,75,42,92,100,74,14,103" hai3="67,127,117,39,38,130,104,22,90,124,96,119,15"/><U7/><E116/><N who="3" m="44618" /><G67/><T129/><D114/><U8/><E106/><V59/><F32/><W85/><G130/><T46/><D129/><U28/><E134/><V71/><F105/><W77/><G22/><T93/><D132/><U27/><E78/><V66/><F103/><N who="3" m="62567" /><G15/><T125/><D125/><N who="3" m="48201" /><G77/><T123/><D43/><U52/><E41/><V88/><F100/><W60/><G60/><T108/><D108/><U73/><E73/><V55/><F42/><W16/><G16/><N who="0" m="10255" /><D30/><U64/><E64/><V135/><F135/><W72/><G39/><T99/><AGARI ba="2,0" hai="0,1,3,46,47,93,99,101,120,121,123" m="10255" machi="99" ten="40,8000,1" yaku="13,1,52,2,54,1" doraHai="40" who="0" fromWho="0" sc="261,86,331,-42,282,-22,126,-22" /><INIT seed="2,0,0,0,4,61" ten="347,289,260,104" oya="2" hai0="114,17,40,85,79,18,95,20,86,104,73,117,23" hai1="5,44,121,77,131,53,11,35,102,42,83,30,133" hai2="55,113,89,110,80,88,27,64,13,116,105,72,118" hai3="106,97,94,127,91,4,99,58,10,19,67,43,69"/><V96/><F113/><W49/><G127/><T25/><D104/><U31/><E131/><V122/><F122/><W128/><G128/><T100/><D73/><U108/><E133/><V12/><F27/><W57/><G69/><T115/><D117/><U125/><E108/><V34/><F34/><W9/><G9/><T124/><D124/><U112/><E125/><V103/><F55/><W59/><G19/><T37/><D37/><U15/><E112/><V92/><F13/><W28/><G28/><T74/><D74/><U81/><E121/><V41/><F41/><W129/><G129/><T26/><D40/><U66/><E53/><V87/><F64/><W90/><G106/><T101/><D79/><U14/><E35/><V84/><F12/><W132/><G132/><T36/><D36/><U78/><E102/><V51/><F51/><W3/><G43/><T48/><D95/><U130/><E130/><V68/><F68/><W32/><G32/><T54/><D48/><U98/><E98/><N who="2" m="61687" /><F110/><W107/><G107/><T135/><D54/><U33/><E15/><V109/><F109/><W65/><REACH who="3" step="1"/><G49/><REACH who="3" ten="347,289,260,94" step="2"/><T46/><D135/><U70/><E33/><V1/><F1/><W56/><N who="3" m="14848" /><DORA hai="6" /><W47/><G47/><AGARI ba="0,1" hai="17,18,20,23,25,26,46,47,85,86,100,101,114,115" machi="47" ten="25,1600,0" yaku="22,2" doraHai="61,6" who="0" fromWho="3" sc="347,26,289,0,260,0,94,-16" /><INIT seed="3,0,0,4,4,72" ten="373,289,260,78" oya="3" hai0="92,21,35,84,95,71,51,100,109,62,58,115,123" hai1="119,27,101,61,108,23,42,78,87,19,107,98,126" hai2="128,49,16,9,99,104,93,67,116,52,125,15,3" hai3="75,26,85,120,90,80,133,64,132,81,68,22,20"/><W77/><G120/><T46/><D35/><U91/><E108/><V135/><F116/><W97/><G97/><N who="0" m="59431" /><D71/><U65/><E126/><V6/><F125/><W70/><G22/><T105/><D105/><U73/><E119/><V117/><F117/><W30/><REACH who="3" step="1"/><G64/><REACH who="3" ten="373,289,260,68" step="2"/><N who="0" m="38999" /><D123/><U48/><E65/><V63/><F104/><W4/><G4/><T0/><D109/><U118/><E118/><V17/><F3/><W106/><G106/><T59/><D0/><U56/><E107/><V54/><F67/><W127/><G127/><T34/><D34/><U103/><E98/><V122/><F122/><W102/><G102/><T60/><D115/><U37/><E103/><V32/><F32/><W8/><G8/><T69/><D21/><U10/><E101/><V2/><F2/><W5/><G5/><T14/><D69/><AGARI ba="0,1" hai="20,26,30,68,69,70,75,77,80,81,85,90,132,133" machi="69" ten="40,3900,0" yaku="1,1,52,1,53,0" doraHai="72" doraHaiUra="11" who="3" fromWho="0" sc="373,-39,289,0,260,0,68,49" /><INIT seed="3,1,0,0,1,14" ten="334,289,260,117" oya="3" hai0="52,114,72,53,60,71,79,102,49,101,0,39,107" hai1="25,10,95,100,56,68,98,34,134,41,5,65,91" hai2="45,22,40,96,126,21,26,69,131,118,28,16,38" hai3="33,127,67,44,18,35,105,31,24,15,17,116,110"/><W57/><G116/><T111/><D39/><U130/><E134/><V32/><F118/><W106/><G44/><T23/><D0/><U133/><E130/><V122/><F131/><W66/><G127/><T64/><D111/><U80/><E133/><V125/><F69/><W92/><G92/><T48/><D107/><U83/><E68/><V108/><F108/><W11/><G110/><T58/><D114/><U61/><E41/><V135/><F135/><W132/><G132/><T78/><D72/><U70/><E70/><V6/><F6/><W55/><G106/><T3/><D3/><U8/><E8/><V99/><F32/><W120/><G105/><T112/><D112/><U36/><E36/><V129/><F129/><W4/><G120/><T115/><D115/><U43/><E43/><V77/><F77/><N who="0" m="29194" /><D71/><U109/><E109/><V37/><F37/><W42/><G42/><T19/><D64/><U86/><E34/><V9/><F9/><W97/><G97/><T124/><D124/><N who="2" m="47722" /><F122/><W54/><G35/><T59/><D60/><U123/><E123/><V47/><F47/><W63/><REACH who="3" step="1"/><G67/><REACH who="3" ten="334,289,260,107" step="2"/><T82/><D82/><U90/><E80/><V13/><AGARI ba="1,1" hai="13,16,21,22,26,28,38,40,45,96,99" m="47722" machi="13" ten="30,4000,0" yaku="18,1,52,1,54,1" doraHai="14" who="2" fromWho="2" sc="334,-11,289,-11,260,53,107,-21" owari="323,42.0,278,-12.0,313,11.0,86,-41.0" /></mjloggm>