<mjloggm ver="2.3"><GO type="41" lobby="0"/><UN n0="%E5%B0%B1%E6%B4%BB%E7%94%9F%40%E5%B7%9D%E6%9D%91%E8%BB%8D%E5%9B%A3" n1="%E3%81%82%E3%81%A8%E3%81%8B%E3%81%84" n2="%E3%82%AA%E3%82%BF%E3%82%B3%E3%83%B3" n3="%74%61%6B%61%2D%31%31%36" dan="13,14,15,15" rate="1861.17,1927.27,1989.86,1979.26" sx="M,M,M,M"/><TAIKYOKU oya="0"/><INIT seed="0,0,0,0,2,57" ten="250,250,250,250" oya="0" hai0="75,64,132,35,123,50,113,2,56,74,103,131,3" hai1="33,15,119,24,84,127,52,116,91,86,46,45,134" hai2="118,5,47,11,25,1,81,18,102,78,68,80,124" hai3="42,60,110,6,100,28,43,114,88,128,26,20,133"/><T44/><D123/><U61/><E127/><V98/><F68/><W59/><G114/><T121/><D35/><U37/><E134/><V108/><F108/><W82/><G110/><T63/><D121/><U95/><E37/><V16/><F124/><W96/><G133/><T99/><D113/><U67/><E15/><V93/><F118/><W39/><G6/><T111/><D132/><U41/><E41/><V76/><F76/><W13/><G13/><T30/><D111/><U55/><E33/><V0/><F0/><W87/><G128/><T29/><D131/><U83/><E24/><V105/><F105/><W101/><G39/><T8/><D2/><U135/><E135/><V85/><F81/><W130/><G130/><T77/><D3/><U73/><E73/><V125/><F125/><W9/><G9/><T71/><D71/><U34/><E34/><V12/><F1/><W79/><G79/><T117/><D8/><U32/><E32/><V89/><F47/><N who="1" m="17929" /><E119/><V58/><F58/><W94/><G101/><T72/><D77/><N who="1" m="46191" /><E116/><V62/><F62/><W97/><G96/><T92/><REACH who="0" step="1"/><D117/><REACH who="0" ten="240,250,250,250" step="2"/><U104/><E104/><V4/><F11/><W51/><REACH who="3" step="1"/><G51/><REACH who="3" ten="240,250,250,240" step="2"/><T66/><D66/><AGARI ba="0,2" hai="20,26,28,42,43,59,60,66,82,87,88,94,97,100" machi="66" ten="30,16000,3" yaku="1,1,2,1,7,1,25,2,8,1,52,1,54,1,53,1" doraHai="57" doraHaiUra="19" who="3" fromWho="0" sc="240,-160,250,0,250,0,240,180" /><INIT seed="1,0,0,3,3,0" ten="80,250,250,420" oya="1" hai0="71,17,131,9,47,13,64,20,43,88,95,57,73" hai1="87,62,72,93,106,100,18,79,121,120,39,96,91" hai2="102,105,132,54,77,103,23,83,50,104,76,124,25" hai3="53,116,60,11,127,34,28,56,58,110,113,32,51"/><U75/><E39/><V29/><F124/><W2/><G113/><T108/><D71/><U125/><E62/><V37/><F37/><W27/><G110/><T126/><D73/><N who="1" m="28235" /><E18/><V109/><F109/><W101/><G101/><T123/><D123/><N who="1" m="47179" /><E79/><V14/><F76/><W69/><G69/><T68/><D68/><U129/><E129/><V118/><F118/><W35/><G116/><T99/><D108/><U122/><N who="1" m="47187" /><U133/><DORA hai="117" /><E133/><V33/><F132/><W94/><G94/><T135/><D126/><AGARI ba="0,0" hai="87,91,93,96,100,106,125,126" m="47187,28235" machi="126" ten="50,18000,2" yaku="34,2,52,4" doraHai="0,117" who="1" fromWho="0" sc="80,-180,250,180,250,0,420,0" owari="-100,-60.0,430,53.0,250,-15.0,420,22.0" /></mjloggm>