<mjloggm ver="2.3"><GO type="41" lobby="0"/><UN n0="%E3%83%81%E3%83%A3%E3%82%A4%E3%82%B8" n1="%E3%81%AC%E3%82%93%E3%81%A0%E3%81%AC%E3%82%93%E3%83%BB%CF%89%E3%83%BB" n2="%E3%83%8C%E3%83%83%E3%83%97" n3="%E3%82%A6%E3%83%AB%E3%83%88%E3%83%A9%E7%AB%8B%E7%9B%B4" dan="14,14,14,15" rate="1969.47,1894.73,2039.31,2010.95" sx="M,F,M,M"/><TAIKYOKU oya="0"/><INIT seed="0,0,0,4,1,95" ten="250,250,250,250" oya="0" hai0="55,119,47,87,32,22,6,104,84,14,125,118,82" hai1="69,60,70,71,65,113,4,101,5,27,20,105,107" hai2="102,120,10,21,43,7,18,78,31,51,58,56,26" hai3="79,122,62,64,34,39,63,112,132,72,41,45,76"/><T128/><D32/><U24/><E113/><V57/><F120/><W17/><G34/><T80/><D125/><U99/><E107/><V40/><F102/><W52/><G112/><T75/><D128/><U94/><E27/><V88/><F78/><W11/><G132/><T9/><D75/><U74/><E74/><V115/><F115/><W3/><G122/><T89/><D104/><U12/><E105/><V109/><F109/><W48/><G72/><T130/><D130/><U29/><REACH who="1" step="1"/><E12/><REACH who="1" ten="250,240,250,250" step="2"/><V1/><F51/><W13/><G3/><T111/><D111/><U8/><E8/><V126/><F126/><W86/><G63/><T91/><D22/><U23/><E23/><V124/><F124/><W81/><G39/><T116/><D116/><U85/><E85/><V135/><F135/><W133/><G133/><T114/><D114/><U134/><E134/><V33/><REACH who="2" step="1"/><F88/><REACH who="2" ten="250,240,240,250" step="2"/><N who="3" m="51279" /><G41/><T96/><D118/><U110/><E110/><V106/><F106/><W127/><G127/><T83/><D119/><U103/><E103/><V49/><F49/><W44/><G44/><T46/><D80/><U54/><E54/><V25/><AGARI ba="0,2" hai="1,7,10,18,21,25,26,31,33,40,43,56,57,58" machi="25" ten="30,7900,0" yaku="1,1,0,1,53,2" doraHai="95" doraHaiUra="38" who="2" fromWho="2" sc="250,-39,240,-20,240,99,250,-20" /><INIT seed="1,0,0,4,1,10" ten="211,220,339,230" oya="1" hai0="54,44,100,93,46,95,76,134,121,30,49,105,135" hai1="82,52,73,7,74,130,132,94,56,60,75,23,77" hai2="87,34,107,3,8,71,37,98,89,62,40,5,36" hai3="6,42,113,80,33,35,114,2,63,24,57,70,65"/><U131/><E132/><N who="0" m="50729" /><D76/><U102/><E7/><V125/><F125/><W116/><G57/><T22/><D121/><U126/><E126/><V38/><F34/><W9/><G116/><T68/><D68/><U79/><E79/><V127/><F127/><W109/><G109/><T21/><D46/><U31/><E102/><V17/><F17/><W69/><G80/><T14/><D30/><U101/><E101/><V124/><F124/><W117/><G117/><T32/><D32/><U25/><REACH who="1" step="1"/><E94/><REACH who="1" ten="211,210,339,230" step="2"/><V86/><F5/><W28/><G113/><T16/><D100/><U106/><E106/><V78/><F107/><W67/><G114/><T13/><D105/><U112/><E112/><V128/><F78/><W55/><G6/><T19/><AGARI ba="0,1" hai="13,14,16,19,21,22,44,49,54,93,95" m="50729" machi="19" ten="30,7900,0" yaku="20,1,52,2,54,1" doraHai="10" who="0" fromWho="0" sc="211,89,210,-39,339,-20,230,-20" /><INIT seed="2,0,0,4,1,9" ten="300,171,319,210" oya="2" hai0="72,57,19,112,35,103,90,123,13,41,133,102,79" hai1="119,24,0,80,58,97,107,118,128,89,91,52,117" hai2="122,28,4,51,21,66,94,46,36,48,81,56,31" hai3="70,44,71,130,55,77,18,134,132,23,3,125,114"/><V109/><F122/><W62/><G3/><T32/><D123/><U45/><E0/><V78/><F36/><W113/><G77/><T16/><D133/><N who="3" m="51305" /><G125/><T25/><D112/><N who="3" m="43113" /><G130/><T127/><D41/><U33/><E128/><V129/><F4/><W99/><G99/><T49/><D90/><U1/><E1/><V101/><F129/><W12/><G44/><T105/><D105/><U6/><E45/><V92/><F101/><W5/><G5/><T40/><D40/><U86/><E6/><V93/><F46/><W34/><G34/><T20/><D32/><U38/><E38/><V96/><F96/><W59/><AGARI ba="0,0" hai="12,18,23,55,59,62,70,71" m="43113,51305" machi="59" ten="40,5200,0" yaku="20,1,11,1,52,1" doraHai="9" who="3" fromWho="3" sc="300,-13,171,-13,319,-26,210,52" /><INIT seed="3,0,0,2,4,42" ten="287,158,293,262" oya="3" hai0="51,104,101,92,68,128,5,38,6,62,99,33,111" hai1="134,118,17,50,65,97,103,71,77,85,87,10,132" hai2="20,89,119,121,58,49,110,86,80,100,69,0,24" hai3="41,14,9,81,75,31,40,32,120,78,12,105,106"/><W34/><G120/><T57/><D38/><U35/><E35/><V66/><F119/><W84/><G75/><T36/><D33/><U60/><E118/><V46/><F121/><W94/><G34/><T102/><D36/><U43/><E10/><V59/><F0/><W55/><G32/><T130/><D111/><U26/><E17/><V88/><F100/><W131/><G31/><T44/><D68/><U126/><E26/><V76/><F69/><W23/><G131/><N who="0" m="50219" /><D101/><U122/><E122/><V96/><F110/><W112/><G112/><T15/><D15/><U3/><E3/><V73/><F96/><W116/><G116/><T52/><D104/><U8/><E97/><V98/><F98/><W63/><G23/><T18/><D18/><U129/><E103/><V7/><F7/><W93/><G14/><T28/><D28/><U25/><E25/><V115/><F115/><W19/><G106/><T11/><D11/><U27/><E8/><V117/><F117/><W90/><G105/><T107/><D107/><U133/><E27/><V83/><F66/><AGARI ba="0,0" hai="5,6,44,51,52,57,62,66,92,99,102" m="50219" machi="66" ten="30,3900,0" yaku="19,1,52,1,54,1" doraHai="42" who="0" fromWho="2" sc="287,39,158,0,293,-39,262,0" /><INIT seed="4,0,0,1,4,121" ten="326,158,254,262" oya="0" hai0="99,50,67,41,48,94,34,83,57,96,108,12,107" hai1="68,86,129,30,118,47,78,31,82,3,35,92,76" hai2="117,81,53,102,103,33,109,124,114,62,43,38,105" hai3="119,106,87,36,115,27,24,116,61,39,127,77,75"/><T100/><D34/><U90/><E118/><V72/><F53/><W63/><G87/><T128/><D128/><U49/><E3/><V65/><F103/><W40/><G40/><T37/><D37/><U101/><E68/><V85/><F85/><W93/><G93/><T22/><D83/><U52/><E129/><V64/><F64/><W17/><G77/><T44/><D108/><U132/><E132/><V71/><F117/><W80/><G80/><T120/><D120/><U69/><E69/><V70/><F70/><W1/><G1/><T6/><D99/><U113/><E113/><V89/><F89/><W66/><G17/><T10/><D22/><U15/><E15/><V42/><F114/><W51/><G51/><T59/><D107/><U13/><E13/><V126/><F33/><W104/><G115/><T60/><D50/><U0/><E0/><V4/><F4/><W73/><G66/><T23/><D23/><U122/><E122/><V98/><F43/><W5/><G5/><T123/><D123/><U29/><REACH who="1" step="1"/><E35/><REACH who="1" ten="326,148,254,262" step="2"/><V25/><F25/><W131/><G131/><T32/><D32/><U55/><E55/><V130/><F130/><W16/><G119/><T56/><AGARI ba="0,1" hai="6,10,12,41,44,48,56,57,59,60,67,94,96,100" machi="56" ten="20,3900,0" yaku="0,1,7,1,8,1" doraHai="121" who="0" fromWho="0" sc="326,49,148,-13,254,-13,262,-13" /><INIT seed="4,1,0,2,1,129" ten="375,135,241,249" oya="0" hai0="54,127,22,89,36,15,69,62,114,6,11,9,41" hai1="72,74,43,90,46,97,85,18,59,64,31,118,57" hai2="50,124,103,17,29,60,102,13,121,108,92,8,126" hai3="104,82,33,5,94,109,0,75,61,98,100,12,134"/><T131/><D131/><U128/><E128/><V40/><F108/><W23/><G23/><T79/><D114/><U58/><E118/><V47/><F121/><W30/><G12/><T68/><D127/><N who="2" m="48682" /><F29/><W115/><G94/><T35/><D35/><U55/><E31/><V4/><F60/><W119/><G119/><T66/><D79/><U110/><E110/><V53/><F53/><W86/><G86/><T14/><D22/><U77/><E64/><V48/><F48/><W78/><G115/><T133/><D89/><U37/><E97/><N who="2" m="59687" /><F103/><W135/><G109/><T123/><D123/><U70/><E70/><V130/><F130/><W16/><G16/><AGARI ba="1,0" hai="4,8,13,16,17,40,47,50" m="59687,48682" machi="16" ten="30,2000,0" yaku="18,1,54,1" doraHai="129" who="2" fromWho="3" sc="375,0,135,0,241,23,249,-23" /><INIT seed="5,0,0,2,3,103" ten="375,135,264,226" oya="1" hai0="36,23,64,53,89,104,76,114,131,108,19,80,25" hai1="49,85,65,40,6,63,17,21,93,29,67,132,33" hai2="42,105,125,41,14,24,94,4,57,124,48,135,22" hai3="15,98,44,70,99,58,120,97,69,18,45,32,87"/><U51/><E6/><V107/><F135/><W101/><G32/><T12/><D108/><U81/><E132/><V121/><F121/><W77/><G120/><T88/><D36/><U96/><E29/><V122/><F122/><W30/><G30/><T83/><D104/><N who="2" m="40010" /><F94/><W133/><G133/><T100/><D114/><U35/><E33/><V55/><F14/><W95/><G70/><T54/><D64/><N who="1" m="24651" /><E63/><V62/><F48/><W43/><G69/><T78/><D100/><N who="1" m="60431" /><E35/><V106/><F106/><W79/><G58/><T34/><D34/><U91/><E40/><V39/><F39/><W118/><G43/><T123/><D123/><U27/><AGARI ba="0,0" hai="17,21,27,49,51,81,85,91" m="60431,24651" machi="27" ten="30,1500,0" yaku="8,1" doraHai="103" who="1" fromWho="1" sc="375,-5,135,15,264,-5,226,-5" /><INIT seed="5,1,0,1,4,119" ten="370,150,259,221" oya="1" hai0="12,117,107,1,127,62,34,29,4,87,109,135,45" hai1="86,33,27,104,97,129,57,60,125,15,7,25,133" hai2="113,120,61,93,3,103,78,126,64,76,69,63,118" hai3="112,38,16,80,23,128,102,67,47,5,134,77,8"/><U132/><E125/><V101/><F118/><W84/><G128/><T46/><D127/><U56/><E129/><V44/><F3/><W48/><G134/><N who="1" m="51818" /><E86/><V40/><F120/><W65/><G112/><T81/><D135/><U53/><E33/><V59/><F113/><W31/><G31/><T130/><D107/><U105/><E57/><V115/><F115/><W92/><G38/><T26/><D117/><U28/><E97/><V13/><F13/><N who="3" m="5263" /><G92/><T18/><D130/><U41/><E41/><V95/><F93/><W6/><G102/><T17/><D17/><U74/><E74/><V19/><F19/><W10/><G10/><N who="0" m="2319" /><D62/><U72/><E72/><V52/><F103/><W79/><G6/><T94/><D94/><U58/><E7/><V51/><F126/><W98/><G98/><T22/><D109/><U116/><E116/><V9/><REACH who="2" step="1"/><F9/><REACH who="2" ten="370,150,249,221" step="2"/><W54/><G77/><AGARI ba="1,1" hai="12,18,22,26,29,34,45,46,77,81,87" m="2319" machi="77" ten="30,1000,0" yaku="24,1" doraHai="119" who="0" fromWho="3" sc="370,23,150,0,249,0,221,-13" /><INIT seed="6,0,0,3,1,29" ten="393,150,249,208" oya="2" hai0="99,40,121,53,70,49,30,52,20,77,65,19,119" hai1="69,82,95,108,33,134,76,130,63,100,115,120,98" hai2="67,88,80,113,89,9,123,97,110,26,118,38,27" hai3="91,125,101,43,47,71,135,2,5,50,18,6,103"/><V17/><F38/><W116/><G71/><T105/><D121/><U57/><E108/><V7/><F118/><W112/><G116/><T60/><D119/><U3/><E3/><V12/><F123/><W104/><G125/><T78/><D40/><U37/><E120/><V131/><F110/><W128/><G128/><T39/><D39/><U126/><E37/><V111/><F111/><W31/><G135/><T74/><D74/><U14/><E134/><V122/><F122/><W102/><G104/><T0/><D0/><U79/><E130/><V45/><F113/><W109/><G2/><T22/><D53/><U133/><E115/><V13/><F67/><W8/><G109/><T72/><D72/><U54/><E126/><V4/><F4/><W87/><G31/><T86/><D30/><U68/><E133/><V64/><F64/><W44/><G44/><T106/><D22/><U117/><E117/><V59/><F59/><W96/><G96/><T61/><D61/><U90/><E14/><V51/><F89/><W16/><G112/><T84/><D78/><U129/><E129/><V21/><F131/><W36/><G36/><T55/><D55/><U73/><E33/><V28/><F28/><W132/><G132/><T94/><D105/><U46/><E46/><V48/><F48/><W107/><G107/><T114/><D106/><N who="1" m="63767" /><E76/><V124/><F124/><W62/><G62/><T75/><D77/><U35/><E35/><V81/><F12/><N who="3" m="5135" /><G6/><T42/><D114/><U93/><E93/><AGARI ba="0,0" hai="16,18,43,47,50,87,91,93,101,102,103" m="5135" machi="93" ten="30,2000,0" yaku="8,1,54,1" doraHai="29" who="3" fromWho="1" sc="393,0,150,-20,249,0,208,20" /><INIT seed="7,0,0,4,4,74" ten="393,130,249,228" oya="3" hai0="116,4,83,114,22,56,27,110,47,80,99,62,11" hai1="77,109,40,39,53,14,133,134,112,23,135,48,67" hai2="94,86,18,7,117,87,106,51,71,76,113,45,119" hai3="130,96,115,59,69,34,90,3,68,73,103,58,102"/><W52/><G3/><T91/><D110/><U12/><E67/><V95/><F106/><W89/><G34/><T128/><D116/><U105/><E105/><V30/><F71/><W122/><G73/><T104/><D128/><U54/><E109/><V26/><F113/><W108/><G108/><T127/><D127/><U65/><E65/><V1/><F1/><W81/><G122/><T125/><D125/><U82/><E112/><V131/><F7/><W49/><G115/><T10/><D47/><U124/><E124/><V0/><F0/><W55/><G130/><T16/><D114/><U33/><E33/><V111/><F111/><W6/><G6/><T64/><D104/><U15/><E39/><V79/><F30/><W107/><G103/><T126/><D126/><U60/><E60/><V41/><F131/><W121/><G121/><T132/><D132/><U8/><E23/><N who="2" m="13687" /><F117/><W24/><G24/><T93/><D4/><U17/><E40/><V36/><F36/><W101/><G101/><T120/><D120/><U98/><E98/><V2/><F2/><W25/><G25/><T129/><D129/><U100/><E100/><V21/><F21/><W13/><G13/><T118/><D118/><U84/><REACH who="1" step="1"/><E54/><REACH who="1" ten="393,120,249,228" step="2"/><V20/><F20/><W85/><REACH who="3" step="1"/><G90/><REACH who="3" ten="393,120,249,218" step="2"/><T123/><D123/><U97/><E97/><V63/><F119/><W38/><G38/><T37/><D37/><U28/><E28/><V78/><F63/><AGARI ba="0,2" hai="49,52,55,58,59,63,68,69,81,85,89,96,102,107" machi="63" ten="30,5800,0" yaku="1,1,7,1,54,1,53,0" doraHai="74" doraHaiUra="19" who="3" fromWho="2" sc="393,0,120,0,249,-58,218,78" /><INIT seed="7,1,0,5,2,93" ten="393,120,191,296" oya="3" hai0="54,44,128,13,9,120,97,110,95,79,81,64,80" hai1="58,67,32,60,98,41,0,89,86,117,118,74,35" hai2="55,14,62,52,82,40,23,48,18,11,83,135,53" hai3="2,114,61,84,47,127,22,76,42,71,25,78,69"/><W4/><G114/><T72/><D110/><U59/><E74/><V129/><F129/><W77/><G127/><T45/><D128/><U131/><E0/><V116/><F116/><W56/><G4/><T119/><D120/><U6/><E131/><V26/><F135/><W100/><G100/><T103/><D119/><U109/><E109/><V7/><REACH who="2" step="1"/><F62/><REACH who="2" ten="393,120,181,296" step="2"/><W43/><G2/><T96/><D64/><U50/><E6/><V49/><F49/><W104/><G69/><T92/><D54/><U91/><E118/><V108/><F108/><W16/><G71/><T73/><D73/><U66/><E117/><V21/><F21/><W65/><G104/><T99/><D99/><U37/><E37/><V122/><F122/><W105/><G105/><T51/><D51/><U36/><E36/><V10/><F10/><W24/><G43/><T70/><D70/><U88/><E86/><V46/><AGARI ba="1,1" hai="7,11,14,18,23,26,40,46,48,52,53,55,82,83" machi="46" ten="30,7900,0" yaku="1,1,0,1,8,1,54,1,53,0" doraHai="93" doraHaiUra="113" who="2" fromWho="2" sc="393,-21,120,-21,181,92,296,-40" owari="372,47.0,99,-40.0,273,7.0,256,-14.0" /></mjloggm>