<mjloggm ver="2.3"><GO type="97" lobby="0"/><UN n0="%E3%83%89%E3%83%90%E3%82%A4%57%43" n1="%E3%83%9F%E3%82%B9%E5%8C%97%E5%8D%83%E4%BD%8F" n2="%4E%6E%31%30%32" n3="%E3%82%A6%E3%83%AB%E3%83%88%E3%83%A9%E7%AB%8B%E7%9B%B4" dan="14,14,13,15" rate="1950.43,1936.29,1967.66,1956.03" sx="M,F,M,M"/><TAIKYOKU oya="0"/><INIT seed="0,0,0,2,5,95" ten="250,250,250,250" oya="0" hai0="28,123,33,63,84,23,77,133,78,70,62,52,4" hai1="125,20,6,55,67,19,90,126,118,92,103,32,128" hai2="2,135,94,10,11,1,80,25,87,121,43,18,105" hai3="37,35,76,106,124,127,75,82,51,3,46,21,129"/><T59/><D123/><U22/><E118/><V81/><F105/><W122/><G35/><T24/><D133/><U134/><E32/><V109/><F43/><W74/><G122/><T68/><D4/><U60/><E134/><V86/><F94/><W107/><G3/><T101/><D101/><U36/><E128/><V27/><F18/><W0/><G0/><T65/><D70/><U9/><E36/><V91/><F135/><W58/><G37/><T47/><D84/><N who="1" m="52295" /><E55/><V38/><F38/><W48/><G75/><T17/><REACH who="0" step="1"/><D47/><REACH who="0" ten="240,250,250,250" step="2"/><U71/><E103/><V41/><F121/><W42/><G129/><T40/><D40/><U45/><E45/><V44/><F41/><W114/><G127/><N who="1" m="48650" /><E19/><V79/><F44/><W113/><G124/><T8/><D8/><U12/><AGARI ba="0,1" hai="6,9,12,20,22,60,67,71" m="48650,52295" machi="12" ten="30,1100,0" yaku="18,1" doraHai="95" who="1" fromWho="1" sc="240,-5,250,21,250,-3,250,-3" /><INIT seed="1,0,0,2,1,8" ten="235,271,247,247" oya="1" hai0="77,48,103,113,94,57,25,55,78,81,99,100,22" hai1="85,26,93,134,89,2,133,110,54,12,40,127,86" hai2="82,47,92,68,123,106,7,75,69,29,15,74,65" hai3="108,11,51,118,58,112,79,76,56,13,41,130,28"/><U131/><E2/><V49/><F106/><W59/><G112/><T52/><D113/><U102/><E40/><V95/><F123/><W46/><G108/><T67/><D67/><U32/><E110/><V31/><F65/><W129/><G118/><T16/><D103/><U14/><E127/><V45/><F49/><W44/><G28/><T132/><D132/><N who="1" m="50795" /><E131/><N who="3" m="50186" /><G46/><T62/><REACH who="0" step="1"/><D81/><REACH who="0" ten="225,271,247,247" step="2"/><U105/><E102/><V73/><F82/><W71/><G71/><T80/><D80/><U116/><E116/><V91/><F69/><W37/><G37/><T21/><D21/><U3/><E32/><V10/><F68/><W4/><AGARI ba="0,1" hai="4,11,13,41,44,51,56,58,59,76,79" m="50186" machi="4" ten="30,2000,0" yaku="19,1,52,1" doraHai="8" who="3" fromWho="3" sc="225,-5,271,-10,247,-5,247,30" /><INIT seed="2,0,0,0,3,129" ten="220,261,242,277" oya="2" hai0="7,13,33,41,9,27,89,6,31,61,98,71,126" hai1="112,134,10,82,94,117,26,44,77,12,59,5,32" hai2="48,125,118,116,122,109,102,131,11,73,21,46,14" hai3="88,120,25,107,124,119,104,67,8,34,30,114,47"/><V100/><F122/><W110/><G119/><T54/><D126/><U24/><E117/><V3/><F73/><W121/><G124/><T91/><D41/><U113/><E134/><V97/><F125/><W105/><G114/><T15/><D98/><U78/><E78/><V84/><F131/><W111/><G67/><T96/><D96/><U128/><E128/><V49/><F109/><N who="3" m="41483" /><G47/><T93/><D93/><U52/><E44/><V95/><F102/><W40/><G40/><T56/><D71/><U101/><E94/><V37/><F37/><W123/><G8/><AGARI ba="0,0" hai="6,7,8,9,13,15,27,31,33,54,56,61,89,91" machi="8" ten="40,1300,0" yaku="9,1" doraHai="129" who="0" fromWho="3" sc="220,13,261,0,242,0,277,-13" /><INIT seed="3,0,0,3,1,120" ten="233,261,242,264" oya="3" hai0="27,83,21,74,70,44,36,32,29,67,87,126,37" hai1="20,19,115,80,64,58,124,6,49,45,110,131,98" hai2="71,18,116,43,47,13,106,17,25,96,133,51,109" hai3="121,60,41,22,103,108,73,14,46,101,114,117,107"/><W59/><G73/><T90/><D126/><U55/><E115/><V56/><F116/><W42/><G114/><T10/><D74/><U100/><E124/><V66/><F71/><W104/><G117/><T7/><D44/><U48/><E131/><V118/><F118/><W23/><G121/><T24/><D70/><U95/><E110/><V9/><F109/><W89/><G108/><T122/><D67/><U34/><E34/><V38/><F133/><W31/><G107/><T113/><D122/><U125/><E125/><V50/><F106/><W127/><G127/><T91/><D91/><U78/><E6/><V65/><F96/><W130/><G130/><T119/><D119/><U39/><E39/><V102/><F102/><N who="3" m="38923" /><G104/><T69/><D69/><U84/><E64/><V82/><F82/><W1/><G1/><T135/><D135/><U61/><REACH who="1" step="1"/><E45/><REACH who="1" ten="233,251,242,264" step="2"/><V111/><F111/><W81/><G46/><T8/><D113/><U62/><E62/><V88/><F66/><W75/><G60/><T123/><D123/><U54/><E54/><V2/><F65/><W93/><G42/><T16/><REACH who="0" step="1"/><D10/><REACH who="0" ten="223,251,242,264" step="2"/><U11/><E11/><V132/><F132/><W26/><G59/><T53/><D53/><U112/><E112/><V52/><F52/><W15/><G41/><T134/><D134/><U129/><E129/><V86/><F56/><W105/><G75/><T12/><AGARI ba="0,2" hai="7,8,12,16,21,24,27,29,32,36,37,83,87,90" machi="12" ten="20,8000,1" yaku="1,1,0,1,7,1,54,1,53,1" doraHai="120" doraHaiUra="77" who="0" fromWho="0" sc="223,100,251,-20,242,-20,264,-40" owari="323,43.0,231,3.0,222,-28.0,224,-18.0" /></mjloggm>