<mjloggm ver="2.3"><GO type="97" lobby="0"/><UN n0="%28%E2%89%A7%E2%88%87%E2%89%A6%2A%29" n1="%E6%AD%A3%E4%BD%93%E4%B8%8D%E6%98%8E" n2="%6D%6F%6C%62%61%6C%6C" n3="%E5%B0%B1%E6%B4%BB%E7%94%9F%40%E5%B7%9D%E6%9D%91%E8%BB%8D%E5%9B%A3" dan="14,15,14,13" rate="1967.40,2081.47,1977.91,1880.19" sx="F,M,M,M"/><TAIKYOKU oya="0"/><INIT seed="0,0,0,2,1,51" ten="250,250,250,250" oya="0" hai0="29,98,87,35,34,72,126,107,84,9,61,19,54" hai1="97,96,5,7,41,109,133,17,28,36,68,124,131" hai2="38,113,11,0,73,70,104,53,81,12,102,125,3" hai3="123,128,88,110,22,57,122,55,27,121,117,99,40"/><T108/><BYE who="1" /><D72/><U127/><E127/><V47/><F70/><W43/><G117/><T16/><D126/><U91/><E91/><V4/><F125/><W118/><G118/><T134/><D134/><U37/><E37/><V76/><F113/><W39/><G39/><UN n1="%E6%AD%A3%E4%BD%93%E4%B8%8D%E6%98%8E" /><T130/><D130/><U105/><E105/><V58/><F102/><W82/><G128/><T31/><D108/><U116/><E41/><V71/><F71/><W48/><G110/><T23/><D107/><U56/><E56/><V18/><F104/><W132/><G132/><T83/><D98/><U21/><E97/><V14/><F0/><W24/><G24/><N who="0" m="14463" /><D34/><U30/><E96/><V13/><F38/><W89/><G99/><T60/><D60/><U63/><E63/><V93/><F93/><W67/><G67/><T66/><D66/><U2/><E36/><V94/><F94/><W33/><G33/><T120/><D35/><U20/><E68/><V85/><F47/><W92/><G82/><T78/><D87/><U111/><E124/><V100/><F100/><W90/><G92/><T114/><D120/><U101/><E131/><V69/><F69/><W26/><G26/><T77/><D77/><U79/><E79/><V86/><REACH who="2" step="1"/><F18/><AGARI ba="0,0" hai="18,22,27,40,43,48,55,57,88,89,90,121,122,123" machi="18" ten="50,6400,0" yaku="13,1,52,1,54,1" doraHai="51" who="3" fromWho="2" sc="250,0,250,0,250,-64,250,64" /><INIT seed="1,0,0,1,5,8" ten="250,250,186,314" oya="1" hai0="107,48,113,135,41,92,89,105,55,72,65,103,28" hai1="99,19,81,82,69,132,104,95,11,109,124,96,24" hai2="36,77,94,25,56,57,119,14,117,51,2,74,129" hai3="88,0,125,84,118,40,87,54,127,52,110,15,31"/><U70/><E124/><N who="3" m="47690" /><G0/><T44/><D113/><U101/><E132/><V18/><F2/><W58/><G118/><T16/><D72/><U112/><E112/><V73/><F36/><W80/><G110/><T21/><D135/><U108/><E24/><V79/><F129/><W68/><G68/><T4/><D103/><N who="1" m="60831" /><E69/><V59/><F94/><N who="3" m="54535" /><G31/><T133/><D133/><U29/><E70/><V66/><F25/><W86/><G40/><T106/><D28/><U115/><E29/><V85/><F85/><N who="3" m="32267" /><G80/><T7/><D65/><U114/><E19/><V116/><F66/><W22/><G58/><T23/><D41/><U64/><E11/><V91/><F91/><W37/><G37/><T26/><REACH who="0" step="1"/><D23/><REACH who="0" ten="240,250,186,314" step="2"/><U9/><E114/><V67/><F67/><W102/><G102/><T42/><D42/><U76/><E115/><V121/><F121/><W128/><G128/><T131/><D131/><U100/><E108/><V38/><F38/><W34/><G34/><T130/><D130/><U60/><E109/><V123/><F123/><W13/><G22/><T98/><AGARI ba="0,1" hai="4,7,16,21,26,44,48,55,89,92,98,105,106,107" machi="98" ten="30,4000,0" yaku="1,1,0,1,54,1,53,0" doraHai="8" doraHaiUra="71" who="0" fromWho="0" sc="240,50,250,-20,186,-10,314,-10" /><INIT seed="2,0,0,3,3,91" ten="290,230,176,304" oya="2" hai0="82,23,90,35,53,12,11,102,71,28,43,112,37" hai1="110,62,84,100,119,135,3,59,55,36,83,9,42" hai2="89,128,80,70,13,73,134,0,129,125,57,2,50" hai3="56,87,67,126,118,108,123,93,60,44,33,61,54"/><V25/><F70/><W38/><G33/><T95/><D35/><U68/><E110/><V111/><F111/><W24/><G118/><T14/><D71/><U51/><E135/><V30/><F13/><N who="0" m="5226" /><D37/><U113/><E113/><V98/><F98/><W46/><G123/><T8/><D43/><U114/><E114/><V27/><F134/><W78/><G126/><T96/><D53/><U107/><E119/><V106/><F106/><W58/><G108/><T31/><D112/><U130/><E130/><N who="2" m="50283" /><F125/><W21/><G38/><T26/><D31/><U63/><E68/><V6/><F6/><W41/><G41/><T75/><D75/><U72/><E72/><V19/><F19/><W17/><G78/><T49/><D49/><U10/><E3/><N who="2" m="1067" /><F30/><W20/><G20/><T18/><D28/><U22/><E36/><V133/><F133/><W29/><G29/><T7/><D7/><U66/><E42/><V120/><F120/><W105/><G105/><T52/><D11/><U79/><E107/><V92/><F80/><W74/><G74/><T47/><D8/><U99/><E22/><V69/><F69/><W32/><G32/><T117/><D117/><U48/><E99/><N who="2" m="57743" /><F73/><W64/><G54/><AGARI ba="0,0" hai="25,27,50,54,57" m="57743,1067,50283" machi="54" ten="30,2900,0" yaku="19,1,52,1" doraHai="91" who="2" fromWho="3" sc="290,0,230,0,176,29,304,-29" /><INIT seed="2,1,0,4,5,43" ten="290,230,205,275" oya="2" hai0="91,46,81,64,44,105,111,129,62,53,109,55,107" hai1="82,54,9,85,114,86,78,6,95,10,121,76,128" hai2="106,83,14,19,119,0,63,61,135,124,108,18,70" hai3="123,125,32,31,20,57,30,27,52,34,39,17,113"/><V66/><F119/><W47/><G123/><T97/><D129/><U131/><E128/><V21/><F0/><W90/><G113/><T1/><D1/><U33/><E131/><V77/><F106/><N who="0" m="40458" /><D97/><U35/><E114/><V4/><F4/><W87/><G125/><T26/><D26/><U22/><E121/><V84/><F124/><W8/><G8/><T72/><D72/><U126/><E126/><V101/><F101/><W29/><G39/><T75/><D91/><U122/><E122/><V36/><F36/><W93/><REACH who="3" step="1"/><G47/><REACH who="3" ten="290,230,205,265" step="2"/><N who="0" m="17963" /><D75/><U68/><E9/><V80/><F135/><W51/><AGARI ba="1,1" hai="17,20,27,29,30,31,32,34,51,52,57,87,90,93" machi="51" ten="30,4000,0" yaku="1,1,0,1,54,1,53,0" doraHai="43" doraHaiUra="73" who="3" fromWho="3" sc="290,-11,230,-11,205,-21,265,53" /><INIT seed="3,0,0,0,4,58" ten="279,219,184,318" oya="3" hai0="123,51,121,57,56,97,3,80,133,122,101,23,34" hai1="127,116,103,94,35,98,76,49,0,66,24,39,134" hai2="36,75,28,82,69,86,83,126,53,19,108,7,5" hai3="78,79,22,102,70,106,99,33,125,40,27,4,64"/><W119/><G119/><T110/><D34/><U109/><E116/><V45/><F69/><W25/><G125/><T104/><D133/><U132/><E127/><V60/><F126/><W8/><G40/><T42/><D110/><U31/><E109/><V9/><F75/><W131/><G131/><T115/><D115/><U43/><E0/><V89/><F108/><W85/><G27/><T118/><D118/><U13/><E76/><V11/><F36/><W14/><G85/><T74/><D3/><U2/><E2/><V37/><F28/><N who="3" m="19599" /><G22/><T21/><D57/><U18/><E39/><V62/><F19/><W130/><G130/><T20/><D56/><U100/><E66/><V55/><F37/><W47/><G47/><T92/><D104/><U41/><E132/><V17/><F17/><W77/><G77/><T96/><D97/><U61/><E134/><V1/><F1/><W63/><AGARI ba="0,0" hai="4,8,14,63,64,70,78,79,99,102,106" m="19599" machi="63" ten="30,3000,0" yaku="25,1,52,1" doraHai="58" who="3" fromWho="3" sc="279,-10,219,-10,184,-10,318,30" owari="269,7.0,209,-19.0,174,-33.0,348,45.0" /></mjloggm>