<mjloggm ver="2.3"><GO type="97" lobby="0"/><UN n0="%63%6F%61" n1="%6D%61%64" n2="%E3%81%A8%E3%81%8D%E3%82%8F%E8%8D%98%E8%8A%B8%E4%BA%BA" n3="%E3%82%A6%E3%83%AB%E3%83%88%E3%83%A9%E7%AB%8B%E7%9B%B4" dan="15,14,13,14" rate="2073.61,1945.81,1928.11,1941.25" sx="F,M,M,M"/><TAIKYOKU oya="0"/><INIT seed="0,0,0,2,1,119" ten="250,250,250,250" oya="0" hai0="135,25,14,108,39,1,19,125,8,120,43,52,124" hai1="90,12,70,2,38,28,61,0,107,34,27,122,100" hai2="26,69,114,117,113,83,85,63,42,23,62,71,123" hai3="79,4,86,6,128,133,46,49,115,93,75,126,106"/><T40/><D39/><U97/><E38/><V82/><F117/><W58/><G115/><T29/><D135/><U55/><E122/><V59/><F42/><W45/><G126/><N who="0" m="48747" /><D120/><U10/><E90/><V53/><F123/><W17/><G128/><T112/><D112/><U89/><E89/><V101/><F101/><W127/><G133/><T105/><D105/><U88/><E88/><V30/><F82/><W131/><G127/><T44/><D108/><U54/><E54/><V118/><F118/><W111/><G111/><T56/><D44/><U76/><E76/><V130/><F130/><W84/><G106/><T92/><D1/><U95/><E95/><V5/><F5/><W36/><G131/><T98/><D98/><U15/><E15/><V109/><F109/><W11/><G36/><T116/><D92/><U134/><E134/><V67/><REACH who="2" step="1"/><F71/><REACH who="2" ten="250,250,240,250" step="2"/><W51/><G93/><T48/><D116/><U80/><E80/><V81/><F81/><W91/><G91/><AGARI ba="0,1" hai="23,26,30,53,59,62,63,67,69,83,85,91,113,114" machi="91" ten="30,2000,0" yaku="1,1,7,1,53,0" doraHai="119" doraHaiUra="74" who="2" fromWho="3" sc="250,0,250,0,240,30,250,-20" /><INIT seed="1,0,0,1,5,120" ten="250,250,270,230" oya="1" hai0="0,42,82,92,47,65,13,2,122,64,106,1,53" hai1="5,126,3,56,57,28,17,87,40,41,121,32,33" hai2="124,48,81,12,118,25,62,43,111,131,68,133,18" hai3="7,4,77,21,93,75,129,108,9,73,52,36,10"/><U58/><E121/><V128/><F118/><W84/><G36/><T107/><D122/><U6/><E126/><V50/><F124/><W98/><G129/><N who="2" m="49737" /><F133/><W117/><G117/><T134/><D134/><U23/><E3/><V110/><F25/><W54/><G21/><T38/><D92/><U102/><E102/><V37/><F81/><W20/><G20/><T95/><D95/><U78/><E32/><V114/><F114/><W11/><G84/><T104/><D13/><N who="1" m="9647" /><E33/><V63/><F18/><W39/><G39/><T14/><D14/><U59/><E28/><V115/><F115/><W49/><G93/><T19/><D19/><U90/><E78/><V15/><F15/><W69/><G98/><T96/><D82/><N who="1" m="49527" /><E59/><V26/><F26/><W46/><G69/><T22/><D22/><U113/><E113/><V83/><F12/><W70/><G70/><T16/><D16/><U100/><E100/><V123/><F83/><W76/><G10/><T30/><D30/><U85/><E85/><V119/><F119/><W80/><G80/><T109/><D96/><U135/><E135/><V116/><F116/><W86/><G86/><T66/><D53/><U88/><E88/><V44/><F123/><W35/><G35/><T130/><D130/><U99/><E99/><V103/><F103/><W27/><G76/><T127/><D127/><U71/><E71/><V8/><F8/><W89/><G77/><T105/><D105/><U24/><E24/><V97/><F97/><W34/><G89/><T29/><D29/><U79/><E79/><V31/><F68/><W67/><G27/><RYUUKYOKU ba="0,0" sc="250,15,250,15,270,-15,230,-15" hai0="0,1,2,38,42,47,64,65,66,104,106,107,109" hai1="5,6,40,41,56,57,58" /><INIT seed="1,1,0,4,0,71" ten="265,265,255,215" oya="1" hai0="87,128,70,99,94,44,102,47,88,19,124,91,17" hai1="74,60,134,75,90,35,115,33,31,117,22,12,73" hai2="129,76,3,37,78,113,120,69,45,64,54,11,62" hai3="59,122,96,41,29,72,14,97,125,56,55,107,133"/><U5/><E115/><V57/><F120/><W130/><G72/><T18/><D70/><U9/><E117/><V4/><F129/><W126/><G122/><T52/><D124/><N who="3" m="47721" /><G107/><T30/><D128/><U15/><E134/><V53/><F53/><W2/><G2/><T24/><D52/><U68/><E90/><V42/><REACH who="2" step="1"/><F113/><REACH who="2" ten="265,265,245,215" step="2"/><W123/><G130/><T0/><D0/><U86/><E75/><V51/><AGARI ba="1,1" hai="3,4,11,37,42,45,51,54,57,62,64,69,76,78" machi="51" ten="20,12000,2" yaku="1,1,2,1,0,1,7,1,24,2,52,1,53,0" doraHai="71" doraHaiUra="28" who="2" fromWho="2" sc="265,-31,265,-61,245,133,215,-31" /><INIT seed="2,0,0,5,3,53" ten="234,204,378,184" oya="2" hai0="93,80,123,8,86,132,83,95,27,28,3,71,22" hai1="13,1,90,46,20,67,5,11,51,73,58,9,47" hai2="97,36,38,101,18,85,23,48,134,72,25,117,30" hai3="55,118,99,115,2,88,121,96,119,45,106,40,74"/><V33/><F134/><W127/><G121/><T94/><D123/><U82/><E73/><V54/><F72/><W100/><G2/><T77/><D132/><U112/><E112/><V34/><F85/><W102/><G115/><T42/><D71/><U70/><E70/><V129/><F129/><W4/><G4/><T66/><D66/><U10/><E20/><V56/><F117/><W78/><G127/><T116/><D116/><U104/><E104/><V57/><F34/><W69/><G69/><T52/><D42/><U105/><E105/><V15/><REACH who="2" step="1"/><F57/><REACH who="2" ten="234,204,368,184" step="2"/><W125/><G118/><T0/><D86/><N who="1" m="50519" /><E1/><V92/><AGARI ba="0,1" hai="15,18,23,25,30,33,36,38,48,54,56,92,97,101" machi="92" ten="20,7800,0" yaku="1,1,0,1,7,1,52,1,53,0" doraHai="53" doraHaiUra="107" who="2" fromWho="2" sc="234,-26,204,-26,368,88,184,-26" /><INIT seed="2,1,0,2,0,79" ten="208,178,456,158" oya="2" hai0="71,59,133,91,48,115,126,92,9,96,122,127,131" hai1="81,76,54,93,56,90,103,58,134,65,41,121,89" hai2="57,87,28,25,120,26,73,10,14,74,68,3,43" hai3="20,114,7,19,69,116,29,31,130,95,108,4,11"/><V113/><F68/><W47/><G69/><T101/><D71/><U1/><E121/><V104/><F104/><W112/><G95/><T15/><D122/><U86/><E1/><V46/><F113/><N who="3" m="43627" /><G47/><T39/><D39/><U52/><E134/><V6/><F120/><W82/><G82/><T0/><D115/><U37/><E65/><V128/><F128/><W124/><G116/><T32/><D32/><U53/><E37/><V22/><F57/><N who="1" m="22121" /><E41/><V18/><F87/><W44/><G44/><T12/><D131/><U40/><E40/><V67/><F26/><N who="3" m="14623" /><G130/><T135/><D59/><U33/><E33/><N who="2" m="20623" /><F67/><W55/><G55/><T63/><D63/><U34/><E34/><V125/><F125/><N who="0" m="47626" /><D48/><AGARI ba="1,0" hai="3,6,10,14,18,22,43,46,48,73,74" m="20623" machi="48" ten="30,1500,0" yaku="24,1" doraHai="79" who="2" fromWho="0" sc="208,-18,178,0,456,18,158,0" /><INIT seed="2,2,0,2,3,112" ten="190,178,474,158" oya="2" hai0="133,54,69,13,43,53,131,55,99,101,35,98,135" hai1="2,6,97,14,17,30,8,81,87,45,51,64,56" hai2="37,63,38,71,83,36,68,9,34,121,79,5,114" hai3="25,18,47,20,127,123,88,22,26,89,110,3,70"/><V7/><F121/><W78/><G70/><T58/><D35/><U96/><E30/><V77/><F114/><W42/><G123/><T130/><D69/><N who="2" m="26698" /><F63/><W31/><G3/><T48/><D13/><U65/><E2/><V125/><F125/><W1/><G127/><T115/><D115/><U16/><E6/><N who="2" m="2059" /><F83/><W102/><G1/><T108/><D108/><U60/><E17/><V59/><F59/><W19/><G110/><T21/><D21/><U105/><E105/><V86/><F86/><W52/><G102/><T118/><D58/><U113/><E113/><V62/><F62/><W15/><G78/><N who="2" m="29705" /><F9/><W93/><G93/><T40/><D55/><N who="1" m="30191" /><E65/><V11/><F11/><W126/><G126/><T128/><D128/><U12/><E12/><V57/><F57/><W67/><G67/><T32/><D32/><AGARI ba="2,0" hai="32,34,36,37,38" m="29705,2059,26698" machi="32" ten="40,3900,0" yaku="28,2" doraHai="112" who="2" fromWho="0" sc="190,-45,178,0,474,45,158,0" /><INIT seed="2,3,0,5,0,71" ten="145,178,519,158" oya="2" hai0="75,18,46,55,22,77,52,100,114,115,89,82,11" hai1="128,73,88,81,78,40,28,44,6,33,7,120,65" hai2="119,83,56,97,95,10,1,96,16,103,13,5,67" hai3="54,64,25,47,129,124,14,87,48,107,131,98,53"/><V135/><F135/><W20/><G124/><T111/><D100/><U3/><E128/><N who="3" m="49226" /><G64/><T123/><D123/><U27/><E120/><V41/><F119/><W30/><G87/><T0/><D111/><U59/><E3/><V133/><F133/><W118/><G118/><T19/><D89/><U99/><E65/><V26/><F41/><N who="3" m="24687" /><G14/><T24/><D46/><U134/><E134/><V12/><F83/><W132/><G132/><T60/><D60/><U122/><E122/><V92/><F26/><W127/><G127/><T38/><D38/><U58/><E6/><V23/><F1/><W79/><G79/><T4/><REACH who="0" step="1"/><D18/><REACH who="0" ten="135,178,519,158" step="2"/><U36/><E7/><V17/><F5/><W105/><G105/><T63/><D63/><U32/><E32/><V76/><F76/><W43/><G43/><T42/><D42/><U37/><E37/><V130/><F130/><W50/><G50/><T31/><D31/><U29/><E29/><V93/><F103/><AGARI ba="3,1" hai="20,25,30,53,54,98,103,107" m="24687,49226" machi="103" ten="30,1000,0" yaku="19,1" doraHai="71" who="3" fromWho="2" sc="135,0,178,0,519,-19,158,29" /><INIT seed="3,0,0,2,2,52" ten="135,178,500,187" oya="3" hai0="101,121,14,106,31,112,15,124,35,120,4,134,102" hai1="114,88,37,19,97,11,75,28,33,96,95,3,82" hai2="130,30,16,51,66,40,5,116,133,2,117,126,91" hai3="81,90,10,109,127,22,104,27,125,129,79,118,94"/><W65/><G104/><T46/><D106/><U26/><E114/><V68/><F16/><N who="3" m="12743" /><G118/><T54/><D112/><U8/><E37/><V6/><F91/><W76/><G129/><T115/><D115/><U110/><E110/><V83/><F83/><W63/><G10/><T43/><D124/><N who="3" m="47689" /><G81/><T32/><D134/><U93/><E3/><V71/><F71/><W64/><G109/><T99/><D99/><U7/><E7/><V45/><F68/><N who="3" m="42015" /><G65/><T60/><D4/><U123/><E123/><V44/><F66/><W20/><G20/><T72/><D72/><U111/><E111/><V103/><F2/><W128/><G128/><T56/><D121/><U61/><E82/><V108/><F130/><W78/><G78/><T135/><D120/><U24/><E75/><V69/><F69/><W36/><G36/><T48/><D135/><U29/><E19/><V105/><F133/><W18/><G18/><T122/><D122/><U39/><E39/><V87/><F126/><W9/><G9/><T49/><D60/><U62/><E33/><V89/><F108/><W55/><G55/><T50/><D50/><U58/><E58/><V77/><F77/><W92/><G92/><T84/><D35/><U17/><E17/><V34/><F117/><W86/><AGARI ba="0,0" hai="76,79,86,90,94" m="42015,47689,12743" machi="86" ten="30,3000,0" yaku="18,1,54,1" doraHai="52" who="3" fromWho="3" sc="135,-10,178,-10,500,-10,187,30" /><INIT seed="3,1,0,5,1,15" ten="125,168,490,217" oya="3" hai0="118,71,35,17,16,69,28,98,38,25,33,45,26" hai1="89,30,72,8,64,127,46,63,114,99,61,31,106" hai2="58,103,37,135,85,49,82,95,70,131,52,79,19" hai3="68,115,1,90,4,117,91,104,5,48,77,60,41"/><W92/><G104/><T13/><D118/><U116/><E114/><V86/><F70/><W23/><G115/><T97/><D13/><U55/><E116/><V44/><F131/><W121/><G121/><T18/><D38/><U40/><E72/><V100/><F135/><W130/><G117/><T134/><D134/><U76/><E127/><V32/><F32/><N who="0" m="12362" /><D45/><U42/><E76/><V3/><F3/><W110/><G77/><T87/><D87/><U128/><E128/><V112/><F112/><W94/><G1/><T11/><D11/><U21/><E8/><V81/><F95/><W119/><G23/><T122/><D28/><U59/><E21/><V107/><F107/><W53/><G130/><T78/><D78/><U56/><E42/><V124/><F124/><W50/><G41/><T96/><D122/><U34/><E34/><V120/><F120/><W9/><G9/><T47/><D47/><U80/><E106/><V88/><F37/><W123/><G119/><T27/><AGARI ba="1,0" hai="16,17,18,25,26,27,69,71,96,97,98" m="12362" machi="27" ten="40,16000,3" yaku="29,2,28,2,52,3,54,1" doraHai="15" who="0" fromWho="0" sc="125,163,168,-41,490,-41,217,-81" owari="288,9.0,127,-37.0,449,54.0,136,-26.0" /></mjloggm>