<mjloggm ver="2.3"><GO type="97" lobby="0"/><UN n0="%E3%83%9E%E3%83%9C" n1="%E3%81%93%E3%81%A8%E3%82%8A%E3%83%86%E3%83%AC%E3%83%91%E3%82%B7%E3%83%BC" n2="%E3%81%8A%E3%81%9D%E3%81%BE%E3%81%A4" n3="%E3%82%A6%E3%83%AB%E3%83%88%E3%83%A9%E7%AB%8B%E7%9B%B4" dan="15,15,13,15" rate="1997.84,1988.62,1873.38,2060.76" sx="M,F,M,M"/><TAIKYOKU oya="0"/><INIT seed="0,0,0,3,3,7" ten="250,250,250,250" oya="0" hai0="15,82,4,47,92,72,109,90,80,52,50,133,1" hai1="119,56,53,99,91,24,58,22,130,14,40,113,61" hai2="62,39,79,88,35,73,37,135,11,110,44,32,43" hai3="33,125,126,26,101,134,3,87,108,89,70,63,118"/><T5/><D133/><U25/><E119/><V68/><F135/><W102/><G118/><T97/><D1/><U123/><E130/><V54/><F110/><W100/><G3/><T94/><D72/><U76/><E123/><V51/><F39/><W128/><G134/><T41/><D109/><U96/><E76/><V75/><F75/><W19/><G128/><T29/><D29/><U112/><E40/><V48/><F48/><W132/><G132/><T74/><D74/><U77/><E77/><V85/><F79/><W21/><G33/><T105/><D105/><U64/><E14/><V120/><F120/><W46/><G46/><T103/><D41/><U28/><E25/><V114/><F73/><W0/><G0/><T36/><D36/><U2/><E2/><V121/><F121/><W129/><G129/><T93/><D93/><U59/><E91/><V67/><F11/><W117/><G117/><T131/><D131/><U124/><E124/><V127/><F114/><N who="1" m="44137" /><E58/><N who="2" m="33119" /><F127/><N who="3" m="48651" /><G108/><T27/><D27/><U20/><E22/><V42/><F42/><W55/><G70/><T66/><D66/><U38/><E38/><V30/><F30/><W49/><G63/><AGARI ba="0,0" hai="20,24,28,53,56,59,61,63,64,96,99" m="44137" machi="63" ten="30,1000,0" yaku="11,1" doraHai="7" who="1" fromWho="3" sc="250,0,250,10,250,0,250,-10" /><INIT seed="1,0,0,2,2,81" ten="250,260,250,240" oya="1" hai0="99,116,17,54,63,52,124,69,126,104,133,132,50" hai1="38,112,8,64,51,10,62,135,90,118,128,19,37" hai2="5,96,72,87,22,86,48,56,98,115,113,110,30" hai3="108,33,36,120,65,58,66,123,44,60,3,21,14"/><U79/><E118/><V57/><F72/><W93/><G33/><T73/><D73/><U41/><E112/><N who="2" m="43083" /><F5/><W45/><G3/><T13/><D116/><U25/><E79/><V114/><F114/><W71/><G21/><T53/><D104/><U119/><E128/><V80/><F80/><W88/><G14/><T4/><D4/><U39/><E119/><V134/><F134/><N who="0" m="51818" /><D99/><N who="2" m="37930" /><F110/><W76/><G76/><T102/><D102/><U18/><E90/><V91/><F91/><W16/><G108/><T9/><D50/><U107/><E51/><V27/><F56/><W26/><G36/><T49/><D49/><U103/><E37/><V70/><F70/><W29/><G71/><T122/><D122/><U95/><E38/><V43/><F43/><W125/><G123/><T34/><D34/><U117/><E41/><V129/><F129/><W101/><G101/><T61/><D69/><N who="1" m="42135" /><E39/><V97/><N who="2" m="37938" /><V121/><DORA hai="7" /><F121/><W84/><G120/><T35/><D35/><U94/><E103/><V78/><F78/><W89/><G89/><T68/><D68/><U55/><E135/><V23/><F22/><N who="3" m="13639" /><G45/><T1/><D1/><U32/><E117/><V105/><F105/><W75/><G44/><T74/><D74/><U20/><E107/><V28/><F28/><W92/><G29/><T40/><D40/><U127/><E32/><V2/><F2/><W0/><G0/><T83/><D83/><U100/><E100/><V46/><F46/><W130/><G75/><T82/><D82/><U42/><E42/><V111/><F111/><W77/><G130/><T24/><D24/><RYUUKYOKU ba="0,0" sc="250,15,260,-15,250,15,240,-15" hai0="9,13,17,52,53,54,61,63,124,126" hai2="23,27,30,48,57,86,87" /><INIT seed="2,1,0,4,3,129" ten="265,245,265,225" oya="2" hai0="38,0,31,18,44,130,96,126,23,6,42,53,86" hai1="62,94,118,10,131,59,61,134,22,67,66,39,88" hai2="92,64,73,26,34,4,60,41,106,8,121,124,16" hai3="47,43,36,24,87,112,117,97,114,105,48,93,2"/><V32/><F106/><W125/><G2/><T46/><D126/><U85/><E39/><V128/><F124/><W35/><G125/><T7/><D130/><U81/><E131/><V108/><F128/><W95/><G117/><T76/><D31/><U12/><E118/><V58/><F73/><W37/><G105/><T63/><D0/><U80/><E134/><V56/><F121/><W40/><G87/><T13/><D96/><U49/><E49/><V28/><F41/><W123/><G123/><T57/><D46/><U65/><E22/><V111/><F92/><W14/><G14/><T132/><D132/><U75/><E75/><V120/><F34/><W51/><G24/><T90/><D76/><U55/><E62/><V69/><F120/><W17/><G17/><AGARI ba="1,0" hai="10,12,17,55,59,61,65,66,67,80,81,85,88,94" machi="17" ten="40,2600,0" yaku="8,1,54,1" doraHai="129" who="1" fromWho="3" sc="265,0,245,29,265,0,225,-29" /><INIT seed="3,0,0,2,1,127" ten="265,274,265,196" oya="3" hai0="113,84,122,29,17,14,110,31,25,100,79,80,3" hai1="55,109,94,38,71,86,22,111,21,77,60,107,96" hai2="87,1,82,134,120,41,99,54,28,62,49,56,9" hai3="33,106,112,43,58,101,59,68,78,116,73,63,20"/><W135/><G33/><T13/><D122/><U40/><E40/><V132/><F28/><N who="0" m="10826" /><D113/><U89/><E38/><V98/><F120/><W16/><G112/><T128/><D3/><U97/><E77/><V83/><F1/><W45/><G116/><T44/><D44/><U123/><E123/><V102/><F9/><W42/><G135/><N who="2" m="51753" /><F102/><W76/><G68/><T105/><D110/><U93/><E107/><V74/><F74/><W15/><G73/><T47/><D47/><U118/><E118/><V57/><F83/><W124/><G124/><T12/><D105/><U65/><E55/><N who="2" m="34079" /><F41/><W11/><G43/><T32/><D100/><U88/><E86/><V129/><F129/><W70/><G70/><T115/><D115/><U104/><E104/><V30/><F30/><W26/><G101/><T4/><D4/><U2/><E2/><V133/><N who="2" m="51761" /><V67/><DORA hai="27" /><F67/><W61/><G106/><T75/><D75/><U37/><E37/><V91/><AGARI ba="0,0" hai="49,54,57,82,87,91,98,99" m="34079,51761" machi="91" ten="40,1500,0" yaku="20,1" doraHai="127,27" who="2" fromWho="2" sc="265,-4,274,-4,265,15,196,-7" /><INIT seed="4,0,0,1,1,120" ten="261,270,280,189" oya="0" hai0="8,66,74,24,101,45,110,40,49,62,117,2,80" hai1="9,85,37,97,90,89,102,13,34,10,130,88,107" hai2="127,132,104,46,125,122,51,106,64,69,116,60,14" hai3="11,75,19,6,93,103,16,20,77,73,121,129,95"/><T3/><D117/><U29/><E37/><V92/><F122/><W15/><G121/><T63/><D63/><U105/><E130/><V119/><F92/><W30/><G129/><T41/><D101/><U114/><E114/><V48/><F48/><W55/><G30/><T133/><D133/><U82/><E107/><V47/><F14/><W52/><G75/><T54/><D24/><U32/><E9/><V113/><F113/><W68/><G68/><T28/><D28/><U115/><E115/><V78/><F78/><W71/><G71/><T21/><D21/><U4/><REACH who="1" step="1"/><E29/><REACH who="1" ten="261,260,280,189" step="2"/><V118/><F132/><W23/><G77/><AGARI ba="0,1" hai="4,10,13,32,34,77,82,85,88,89,90,97,102,105" machi="77" ten="40,12000,2" yaku="1,1,2,1,54,1,53,3" doraHai="120" doraHaiUra="84" who="1" fromWho="3" sc="261,0,260,130,280,0,189,-120" owari="261,-14.0,390,49.0,280,8.0,69,-43.0" /></mjloggm>