<mjloggm ver="2.3"><GO type="193" lobby="0"/><UN n0="%E5%B0%B1%E6%B4%BB%E7%94%9F%40%E5%B7%9D%E6%9D%91%E8%BB%8D%E5%9B%A3" n1="%E3%81%84%E3%82%93%E3%81%B1%E3%82%89" n2="%73%74%61%72%70%6F%6C" n3="%E7%AB%B9%E5%86%85" dan="11,12,11,13" rate="1718.62,1695.02,1653.66,1857.32" sx="M,M,M,M"/><TAIKYOKU oya="0"/><INIT seed="0,0,0,0,1,117" ten="250,250,250,250" oya="0" hai0="9,64,4,83,125,129,80,86,87,135,48,133,25" hai1="38,120,51,40,18,63,106,0,42,46,24,29,95" hai2="2,19,52,66,23,121,68,5,85,11,105,70,134" hai3="122,31,118,67,93,69,107,113,89,61,53,100,16"/><T78/><D125/><U65/><E106/><V115/><F105/><W131/><G122/><T36/><D129/><U8/><E120/><V34/><F134/><W88/><G118/><T104/><D36/><U101/><E0/><V49/><F34/><W71/><G113/><T54/><D104/><U47/><E8/><V103/><F115/><W30/><G131/><T58/><D64/><U76/><E76/><V37/><F37/><W60/><G107/><T39/><D39/><U124/><E124/><V102/><F85/><W111/><G111/><T45/><D45/><U44/><E18/><V90/><F90/><W91/><G61/><T14/><REACH who="0" step="1"/><D25/><REACH who="0" ten="240,250,250,250" step="2"/><U1/><E46/><V26/><F66/><W77/><G71/><T13/><D13/><U119/><E24/><V98/><F121/><W32/><G77/><AGARI ba="0,1" hai="4,9,14,48,54,58,77,78,80,83,86,87,133,135" machi="77" ten="40,3900,0" yaku="1,1,9,1,53,0" doraHai="117" doraHaiUra="123" who="0" fromWho="3" sc="240,49,250,0,250,0,250,-39" /><INIT seed="0,1,0,4,0,120" ten="289,250,250,211" oya="0" hai0="70,91,60,127,109,103,30,6,79,121,82,12,105" hai1="15,94,2,55,76,54,53,93,95,14,61,74,20" hai2="4,114,97,117,32,128,75,111,68,62,35,43,130" hai3="13,39,100,52,98,47,126,124,33,31,5,69,49"/><T72/><D121/><U59/><E2/><V81/><F114/><W24/><G69/><T27/><D127/><N who="3" m="48681" /><G39/><T22/><D91/><U83/><REACH who="1" step="1"/><E20/><REACH who="1" ten="289,240,250,211" step="2"/><V36/><F4/><W42/><G5/><T129/><D129/><N who="2" m="49770" /><F117/><W90/><G13/><AGARI ba="1,1" hai="13,14,15,53,54,55,59,61,74,76,83,93,94,95" machi="13" ten="40,2600,0" yaku="1,1,53,1" doraHai="120" doraHaiUra="77" who="1" fromWho="3" sc="289,0,240,39,250,0,211,-29" /><INIT seed="1,0,0,3,2,123" ten="289,279,250,182" oya="1" hai0="34,88,93,59,77,124,92,47,35,95,24,12,46" hai1="7,81,108,111,3,67,68,126,40,103,135,38,96" hai2="66,61,97,50,55,80,86,119,26,131,23,127,64" hai3="82,25,60,114,71,32,44,74,21,98,116,14,45"/><U130/><E135/><V56/><F119/><W132/><G116/><T10/><D124/><U134/><E134/><V69/><F127/><W29/><G114/><T87/><D77/><U22/><E126/><V49/><F131/><W112/><G112/><T11/><D35/><U42/><E130/><V43/><F97/><W94/><G132/><T84/><D34/><U99/><E81/><V118/><F118/><W53/><G74/><T91/><D24/><U125/><E125/><V65/><F43/><W117/><G117/><T51/><D59/><U30/><E99/><V16/><REACH who="2" step="1"/><F69/><REACH who="2" ten="289,279,240,182" step="2"/><W8/><G71/><T28/><D28/><U122/><E68/><V109/><F109/><W63/><G82/><T19/><D10/><U72/><E111/><V129/><F129/><W37/><G37/><T57/><D93/><U106/><E108/><V78/><AGARI ba="0,1" hai="16,23,26,49,50,55,56,61,64,65,66,78,80,86" machi="78" ten="30,7900,0" yaku="1,1,0,1,8,1,54,1,53,0" doraHai="123" doraHaiUra="89" who="2" fromWho="2" sc="289,-20,279,-39,240,89,182,-20" /><INIT seed="2,0,0,5,5,115" ten="269,240,329,162" oya="2" hai0="62,34,111,60,104,92,52,70,39,95,58,12,71" hai1="16,114,47,28,94,124,59,11,91,113,128,19,135" hai2="29,38,84,68,13,82,86,126,51,18,101,132,97" hai3="131,121,129,20,54,85,108,133,40,99,35,106,31"/><V55/><F68/><W75/><G121/><T117/><D104/><U66/><E114/><V27/><F38/><W125/><G125/><T17/><D34/><U112/><E112/><V32/><F132/><W26/><G75/><T48/><D39/><U102/><E113/><V15/><F82/><W105/><G108/><T96/><D117/><U42/><E124/><V7/><F7/><W134/><G40/><T107/><D111/><U24/><E135/><N who="3" m="51722" /><G85/><T79/><D79/><U88/><E128/><N who="3" m="49226" /><G54/><T73/><D73/><U14/><E19/><V33/><F33/><W110/><G110/><T10/><D107/><N who="3" m="40969" /><G99/><T43/><D43/><U56/><E66/><V30/><F13/><W123/><G123/><T69/><REACH who="0" step="1"/><D95/><REACH who="0" ten="259,240,329,162" step="2"/><U53/><E94/><V89/><F126/><W103/><G103/><AGARI ba="0,1" hai="10,12,17,48,52,58,60,62,69,70,71,92,96,103" machi="103" ten="40,5200,0" yaku="1,1,2,1,54,1,53,0" doraHai="115" doraHaiUra="81" who="0" fromWho="3" sc="259,62,240,0,329,0,162,-52" /><INIT seed="3,0,0,4,0,108" ten="321,240,329,110" oya="3" hai0="34,3,58,80,105,123,14,31,74,97,10,15,102" hai1="28,38,47,23,133,57,134,33,90,88,54,110,51" hai2="92,117,13,61,0,42,98,91,30,75,16,1,9" hai3="4,37,132,55,119,127,115,18,129,85,101,73,68"/><W12/><G119/><T83/><D123/><U118/><E118/><V60/><F117/><W130/><G73/><T22/><D34/><U39/><E110/><V113/><F75/><W131/><G37/><T8/><D3/><U81/><E81/><N who="0" m="31305" /><D105/><U82/><E33/><V49/><F113/><W100/><G68/><T70/><D74/><U122/><E122/><V66/><F30/><W36/><G36/><T56/><D70/><U67/><E28/><V69/><F60/><W86/><G4/><N who="0" m="3335" /><D102/><N who="3" m="39529" /><G115/><T78/><D97/><U112/><E112/><V99/><F98/><W43/><G43/><T124/><D78/><U2/><E2/><V125/><F125/><W96/><G96/><T103/><D103/><U5/><E5/><V46/><AGARI ba="0,0" hai="0,1,9,13,16,42,46,49,61,66,69,91,92,99" machi="46" ten="30,2000,0" yaku="0,1,54,1" doraHai="108" who="2" fromWho="2" sc="321,-5,240,-5,329,20,110,-10" owari="316,12.0,235,-16.0,349,44.0,100,-40.0" /></mjloggm>