<mjloggm ver="2.3"><GO type="41" lobby="0"/><UN n0="%75%73%68%69%6B%6F" n1="%E5%B0%B1%E6%B4%BB%E7%94%9F%40%E5%B7%9D%E6%9D%91%E8%BB%8D%E5%9B%A3" n2="%E5%86%8D%E7%99%BA%E8%A1%8C%E3%81%AA%E3%81%97%6F%72%7A" n3="%E3%81%BB%E3%81%A3%E3%81%93%E3%82%8A%E4%B8%B8" dan="13,14,14,14" rate="1846.77,1985.74,1942.86,1937.01" sx="M,M,M,M"/><TAIKYOKU oya="0"/><INIT seed="0,0,0,3,5,5" ten="250,250,250,250" oya="0" hai0="97,18,104,115,76,22,79,119,9,86,93,32,92" hai1="67,45,116,8,34,109,69,0,74,70,11,10,54" hai2="101,15,64,56,16,94,39,110,53,105,128,52,62" hai3="106,82,3,72,121,48,61,30,134,125,47,23,25"/><T28/><D115/><U80/><E116/><V42/><F110/><W33/><G106/><T66/><D119/><U75/><E0/><V95/><F128/><W124/><G121/><T59/><D32/><U107/><E107/><V36/><F105/><W112/><G61/><N who="0" m="38207" /><D104/><U113/><E113/><V29/><F29/><W50/><G112/><T135/><D135/><U60/><E109/><V63/><F42/><W55/><G3/><T38/><D38/><U49/><E34/><V122/><F122/><W90/><G33/><T114/><D114/><U2/><E2/><V127/><F127/><N who="3" m="48715" /><G134/><T1/><D1/><U85/><REACH who="1" step="1"/><E70/><REACH who="1" ten="250,240,250,250" step="2"/><V103/><F39/><W77/><G50/><T130/><D130/><U21/><E21/><N who="2" m="11423" /><F36/><W13/><G48/><T133/><D133/><U57/><E57/><N who="2" m="35111" /><F64/><W78/><G72/><T117/><D117/><U118/><E118/><V126/><F126/><W132/><G132/><T81/><D22/><U17/><E17/><V44/><F44/><W68/><G68/><T7/><D28/><U46/><E46/><V73/><F73/><W89/><G30/><T102/><D7/><U35/><E35/><V99/><F95/><W26/><G23/><T31/><D92/><U131/><E131/><V41/><F41/><W20/><G20/><T6/><D6/><U4/><E4/><V71/><F71/><W24/><G47/><T83/><D31/><U88/><AGARI ba="0,1" hai="8,10,11,45,49,54,60,67,69,74,75,80,85,88" machi="88" ten="30,12000,2" yaku="1,1,0,1,52,3,54,1,53,1" doraHai="5" doraHaiUra="87" who="1" fromWho="1" sc="250,-60,240,130,250,-30,250,-30" /><INIT seed="1,0,0,5,3,79" ten="190,370,220,220" oya="1" hai0="21,113,60,30,108,1,94,41,75,25,81,47,118" hai1="17,19,102,9,10,120,23,20,134,122,27,104,14" hai2="6,68,46,128,127,56,96,66,64,12,90,63,131" hai3="49,99,4,86,72,43,53,40,83,8,106,89,67"/><U82/><E134/><V80/><F127/><W5/><G67/><T101/><D108/><U93/><E104/><V31/><F31/><W15/><G72/><T39/><D113/><U50/><E122/><V28/><F28/><W85/><G106/><T117/><D1/><U77/><E120/><V61/><F46/><W111/><G111/><T51/><D39/><U116/><E116/><V42/><F42/><W123/><G123/><T44/><D44/><U13/><E93/><V16/><F6/><W119/><G99/><T0/><D0/><U71/><E102/><V69/><F56/><N who="3" m="32815" /><G4/><T11/><D11/><U62/><E27/><V92/><REACH who="2" step="1"/><F80/><REACH who="2" ten="190,370,210,220" step="2"/><N who="3" m="49319" /><G119/><T130/><D118/><U125/><E125/><V109/><F109/><W107/><G107/><T2/><D117/><U73/><E50/><V115/><F115/><W48/><G48/><T33/><D60/><U34/><E34/><V45/><F45/><W52/><G52/><T95/><D33/><U35/><E35/><V7/><F7/><W38/><G38/><T87/><D2/><U26/><E71/><V97/><F97/><W59/><G59/><T3/><D3/><U110/><E110/><V132/><F132/><W121/><G121/><T112/><D112/><U126/><E126/><V22/><AGARI ba="0,1" hai="12,16,22,61,63,64,66,68,69,90,92,96,128,131" machi="22" ten="30,12000,2" yaku="1,1,0,1,9,1,54,1,53,2" doraHai="79" doraHaiUra="65" who="2" fromWho="2" sc="190,-30,370,-60,210,130,220,-30" /><INIT seed="2,0,0,5,5,11" ten="160,310,340,190" oya="2" hai0="73,134,5,94,22,62,9,101,57,40,76,97,115" hai1="80,6,124,27,54,38,130,89,78,106,127,2,1" hai2="131,50,55,113,19,118,25,48,82,102,111,12,81" hai3="53,20,42,24,128,69,8,10,105,70,46,43,45"/><V120/><F113/><W7/><G105/><T108/><D108/><U23/><E106/><V86/><F120/><W110/><G128/><T135/><D115/><U29/><E38/><V104/><F118/><W87/><G110/><T3/><D40/><U60/><E130/><V122/><F122/><W90/><G53/><T18/><D76/><U91/><E54/><V100/><F131/><W88/><G87/><T64/><REACH who="0" step="1"/><D73/><REACH who="0" ten="150,310,340,190" step="2"/><U36/><E36/><V41/><F111/><W58/><G24/><AGARI ba="0,1" hai="3,5,9,18,22,24,57,62,64,94,97,101,134,135" machi="24" ten="40,5200,0" yaku="1,1,2,1,53,1" doraHai="11" doraHaiUra="0" who="0" fromWho="3" sc="150,62,310,0,340,0,190,-52" /><INIT seed="3,0,0,2,5,8" ten="212,310,340,138" oya="3" hai0="107,42,1,39,65,106,93,10,36,58,40,31,11" hai1="9,23,34,6,113,56,112,84,63,17,68,104,7" hai2="37,73,67,20,14,3,115,35,130,77,91,103,127" hai3="82,62,66,133,15,88,38,47,122,51,129,85,30"/><W87/><G122/><T41/><D31/><U124/><E68/><V29/><F37/><N who="0" m="14410" /><D58/><U57/><E34/><V98/><F3/><W116/><G38/><T121/><D93/><U134/><E104/><N who="0" m="39977" /><D65/><U48/><E7/><V99/><F77/><W21/><G116/><T59/><D59/><U135/><E48/><V60/><F20/><W50/><G133/><N who="1" m="50698" /><E124/><V25/><F127/><W102/><G129/><T92/><D92/><U78/><E84/><V72/><F130/><W110/><G110/><T18/><D1/><N who="1" m="207" /><E78/><V32/><F60/><W13/><G102/><T45/><D121/><U96/><E96/><V109/><F98/><W117/><G117/><T108/><D108/><U43/><E43/><V53/><F99/><W111/><G111/><T2/><D2/><U54/><E57/><V69/><F67/><W5/><G62/><T120/><D120/><U4/><E4/><V55/><F103/><W71/><G71/><T76/><D76/><U0/><E0/><V86/><F86/><N who="3" m="50263" /><G66/><T126/><D126/><U90/><E90/><V105/><F91/><W97/><G5/><T101/><D101/><U26/><AGARI ba="0,0" hai="17,23,26,54,56,63,112,113" m="207,50698" machi="26" ten="30,1100,0" yaku="20,1" doraHai="8" who="1" fromWho="1" sc="212,-3,310,11,340,-3,138,-5" /><INIT seed="4,0,0,3,0,81" ten="209,321,337,133" oya="0" hai0="47,119,118,18,5,77,89,92,72,85,99,36,37" hai1="66,55,34,107,62,64,90,31,83,56,63,45,41" hai2="26,100,76,28,61,60,112,84,98,115,54,3,106" hai3="20,11,39,125,129,113,133,2,22,96,33,87,29"/><T132/><D5/><U104/><E34/><V16/><F3/><W102/><G39/><T79/><D18/><U128/><E128/><V124/><F124/><W73/><G113/><N who="2" m="43593" /><F54/><W120/><G73/><T109/><D109/><U122/><E122/><V35/><F16/><W15/><G120/><T10/><D10/><U86/><E31/><V123/><F123/><W52/><G129/><T17/><D17/><U70/><REACH who="1" step="1"/><E64/><REACH who="1" ten="209,311,337,133" step="2"/><V51/><F51/><AGARI ba="0,1" hai="41,45,51,55,56,62,63,66,70,83,86,90,104,107" machi="51" ten="30,8000,1" yaku="1,1,2,1,7,1,52,1,53,1" doraHai="81" doraHaiUra="42" who="1" fromWho="2" sc="209,0,311,90,337,-80,133,0" /><INIT seed="5,0,0,0,1,89" ten="209,401,257,133" oya="1" hai0="18,108,73,51,4,104,64,54,59,107,83,114,87" hai1="121,63,76,8,68,0,88,31,34,130,113,23,122" hai2="66,109,92,9,103,85,132,7,91,123,110,81,126" hai3="129,22,28,13,72,105,35,58,30,82,42,93,10"/><U118/><E34/><V5/><F123/><W99/><G105/><T60/><D73/><U111/><E76/><V43/><F132/><W40/><G129/><T11/><D18/><U133/><E68/><V16/><F126/><W96/><G72/><T37/><D37/><U27/><E118/><V33/><F33/><W1/><G58/><T48/><D48/><U6/><E113/><V17/><F110/><W62/><G82/><T53/><D53/><U24/><E63/><V41/><F66/><W124/><G62/><T90/><D114/><U78/><E78/><N who="2" m="46263" /><F103/><W102/><G124/><T38/><D38/><U77/><E77/><V57/><F57/><W94/><G1/><T127/><D127/><U67/><E67/><V84/><F109/><W98/><G35/><T135/><D135/><U65/><E65/><V49/><F49/><W119/><G119/><T29/><D29/><N who="3" m="11369" /><G22/><T50/><D50/><U61/><E133/><V70/><F70/><W14/><G10/><T36/><D36/><U86/><E130/><V56/><F56/><W112/><G112/><T2/><REACH who="0" step="1"/><D108/><REACH who="0" ten="199,401,257,133" step="2"/><U75/><E111/><V32/><F17/><W71/><G71/><AGARI ba="0,1" hai="2,4,11,51,54,59,60,64,71,83,87,90,104,107" machi="71" ten="30,3900,0" yaku="1,1,2,1,7,1,53,0" doraHai="89" doraHaiUra="74" who="0" fromWho="3" sc="199,49,401,0,257,0,133,-39" /><INIT seed="6,0,0,2,3,13" ten="248,401,257,94" oya="2" hai0="62,33,11,132,42,87,131,16,112,1,23,43,66" hai1="113,118,28,115,14,7,41,116,12,83,135,96,73" hai2="120,109,61,97,88,86,75,44,10,78,103,31,57" hai3="55,82,125,71,47,6,80,3,70,104,98,123,111"/><V77/><F120/><W102/><G123/><T84/><D132/><U48/><E135/><V105/><F109/><W99/><G125/><T110/><D110/><U24/><E96/><V50/><F31/><W29/><G111/><T19/><D33/><U22/><E73/><V9/><F75/><W117/><G29/><T35/><D35/><U39/><E39/><V107/><F107/><W26/><G117/><T4/><D131/><U124/><E83/><V106/><F106/><W2/><G26/><T100/><D100/><U18/><E41/><N who="0" m="15369" /><D1/><U58/><E58/><V34/><F34/><W25/><G25/><N who="0" m="14567" /><D4/><U72/><E48/><V54/><F78/><W85/><G85/><N who="0" m="32843" /><D112/><N who="1" m="43083" /><E72/><V101/><F77/><W49/><G104/><T59/><D11/><N who="2" m="4106" /><F97/><W122/><G122/><T91/><D91/><U53/><E7/><V20/><F105/><W60/><G102/><T15/><D15/><U46/><E12/><V51/><F20/><W114/><G6/><T79/><D79/><U40/><E40/><N who="2" m="24839" /><F51/><W0/><G114/><T108/><D108/><U134/><E134/><V68/><F68/><W133/><G133/><T95/><D95/><AGARI ba="0,0" hai="54,57,61,86,88,95,101,103" m="24839,4106" machi="95" ten="30,2900,0" yaku="8,1,54,1" doraHai="13" who="2" fromWho="0" sc="248,-29,401,0,257,29,94,0" /><INIT seed="6,1,0,0,1,106" ten="219,401,286,94" oya="2" hai0="45,61,83,8,132,22,47,115,10,127,84,49,38" hai1="46,104,63,69,113,100,32,77,91,51,44,121,28" hai2="110,81,134,130,19,75,88,101,74,114,23,48,30" hai3="96,20,62,11,56,33,105,80,95,35,90,65,57"/><V108/><F114/><W7/><G105/><T98/><D115/><U119/><E121/><V111/><F130/><W99/><G33/><T9/><D127/><U21/><E119/><V109/><F109/><W64/><G35/><T58/><D132/><U12/><E77/><V40/><F134/><W17/><G80/><T41/><D98/><U26/><E91/><V0/><F0/><W50/><G99/><T126/><D22/><U82/><E82/><V25/><F101/><W125/><G125/><T70/><D70/><U43/><E46/><N who="2" m="25671" /><F30/><W135/><G135/><T89/><D126/><U52/><E113/><V54/><F54/><W117/><G117/><T120/><D120/><U122/><E122/><V29/><F29/><W124/><G124/><T133/><D133/><U4/><E69/><V68/><F68/><W78/><G78/><T13/><D45/><U24/><E100/><V107/><F107/><W42/><G42/><T129/><D129/><U37/><E104/><V94/><F81/><W18/><G20/><T31/><D31/><U128/><E128/><V102/><F102/><W5/><G50/><T85/><D85/><AGARI ba="1,0" hai="19,23,25,74,75,85,88,94,108,110,111" m="25671" machi="85" ten="30,11600,0" yaku="10,1,52,2,54,1" doraHai="106" who="2" fromWho="0" sc="219,-119,401,0,286,119,94,0" /><INIT seed="6,2,0,2,5,118" ten="100,401,405,94" oya="2" hai0="85,108,18,10,76,106,123,104,65,79,40,4,37" hai1="33,131,34,5,82,81,30,127,112,61,48,89,16" hai2="29,12,132,99,57,8,35,11,41,94,32,3,52" hai3="122,88,66,78,7,50,0,59,6,113,93,13,56"/><V68/><F132/><W23/><G113/><T38/><D123/><U71/><E112/><V28/><F68/><W126/><G0/><T51/><D108/><U70/><E5/><V111/><F41/><W26/><G126/><T133/><D133/><U60/><E127/><V20/><F111/><W90/><G78/><T107/><D65/><U86/><E131/><V14/><F3/><W21/><G122/><T25/><D25/><U62/><E30/><N who="2" m="11883" /><F32/><W119/><G119/><T9/><D18/><U87/><E48/><N who="2" m="30855" /><F35/><W97/><G90/><T47/><D10/><N who="2" m="3626" /><F20/><N who="3" m="7755" /><G26/><T24/><D24/><U95/><E34/><V53/><F53/><N who="3" m="31799" /><G13/><N who="0" m="5287" /><D79/><U91/><E33/><V19/><F19/><W83/><G83/><AGARI ba="2,0" hai="37,38,40,47,51,76,83,85,104,106,107" m="5287" machi="83" ten="30,1000,0" yaku="25,1" doraHai="118" who="0" fromWho="3" sc="100,16,401,0,405,0,94,-16" /><INIT seed="7,0,0,5,4,88" ten="116,401,405,78" oya="3" hai0="125,62,22,122,67,1,14,55,99,56,39,115,51" hai1="104,28,85,11,109,68,15,35,71,50,19,91,58" hai2="42,108,21,135,53,86,63,123,49,70,17,117,81" hai3="36,0,40,16,9,120,26,129,18,8,94,25,112"/><W127/><G120/><T87/><D1/><U84/><E104/><V4/><F108/><W34/><G94/><T100/><D39/><U60/><E109/><V41/><F4/><N who="3" m="1031" /><G40/><N who="2" m="15465" /><F70/><W24/><G36/><T12/><D122/><U118/><E118/><V30/><F30/><N who="3" m="19783" /><G112/><T38/><D38/><U93/><E50/><V29/><F135/><W96/><G96/><T31/><D125/><U77/><E35/><V97/><F29/><W73/><G73/><T43/><D43/><U132/><E28/><V20/><F117/><W6/><G127/><T46/><D87/><U105/><E105/><V101/><F63/><W69/><G129/><T90/><D90/><U134/><E77/><V113/><F97/><W95/><G95/><N who="0" m="58495" /><D115/><U2/><E2/><V65/><F101/><W78/><G78/><T23/><D23/><U47/><E85/><V92/><F21/><W64/><G64/><T80/><D80/><U66/><E47/><N who="2" m="27839" /><F65/><W79/><G79/><T10/><D10/><U106/><E106/><V5/><F81/><W130/><G69/><T75/><D75/><U133/><AGARI ba="0,0" hai="11,15,19,58,60,66,68,71,84,91,93,132,133,134" machi="133" ten="30,4000,0" yaku="0,1,20,1,52,1" doraHai="88" who="1" fromWho="1" sc="116,-10,401,40,405,-10,78,-20" owari="106,-29.0,441,53.0,395,20.0,58,-44.0" /></mjloggm>