<mjloggm ver="2.3"><GO type="169" lobby="0"/><UN n0="%E3%82%A6%E3%83%AB%E3%83%88%E3%83%A9%E7%AB%8B%E7%9B%B4" n1="%50%48%59%4F" n2="%68%61%6E%67%61%6B%75" n3="%E3%81%8F%E3%83%BC%E3%82%84" dan="16,16,16,16" rate="2088.52,2077.38,2104.70,2106.64" sx="M,M,M,M"/><TAIKYOKU oya="0"/><INIT seed="0,0,0,5,4,31" ten="250,250,250,250" oya="0" hai0="46,70,59,18,78,96,66,13,24,50,84,111,102" hai1="115,71,49,119,112,61,91,98,130,33,22,77,15" hai2="2,122,103,67,32,107,113,17,73,28,117,132,95" hai3="104,41,92,82,129,87,81,134,54,19,114,8,39"/><T0/><D0/><U57/><E119/><V34/><F28/><W42/><G104/><T106/><D111/><U43/><E71/><V63/><F17/><W25/><G114/><T105/><D105/><U74/><E74/><V65/><F65/><W20/><G134/><T14/><D70/><U44/><E77/><V131/><F95/><W68/><G68/><T94/><D106/><U121/><E121/><V83/><F122/><W69/><G69/><T85/><D78/><U38/><E38/><V110/><F113/><N who="1" m="43593" /><E130/><V99/><F131/><W125/><G125/><T48/><D24/><U128/><E128/><V58/><F2/><W29/><G39/><T11/><D14/><U72/><E72/><V133/><F110/><W120/><G120/><T5/><D5/><U56/><E33/><N who="2" m="12907" /><F117/><W45/><G29/><T6/><D18/><N who="1" m="10591" /><E61/><V30/><F73/><W3/><G92/><AGARI ba="0,0" hai="43,44,49,56,57,91,92,98" m="10591,43593" machi="92" ten="30,1000,0" yaku="11,1" doraHai="31" who="1" fromWho="3" sc="250,0,250,10,250,0,250,-10" /><INIT seed="1,0,0,4,3,9" ten="250,260,250,240" oya="1" hai0="90,14,27,6,108,51,47,35,24,63,127,15,41" hai1="19,52,72,96,36,67,74,80,128,13,121,95,116" hai2="120,46,73,26,38,93,109,68,37,97,1,104,69" hai3="60,48,40,21,118,0,64,34,103,50,106,135,62"/><U92/><E121/><V71/><F120/><W115/><G34/><T8/><D108/><U55/><E116/><V124/><F1/><W110/><G0/><T54/><D127/><U59/><E36/><V133/><F73/><W7/><G7/><T88/><D35/><U129/><E67/><V89/><F109/><W112/><G21/><T117/><D117/><U125/><E125/><V77/><F77/><W39/><G103/><T113/><D113/><U53/><E59/><V130/><F124/><W82/><G106/><T5/><D63/><U20/><E92/><V78/><F78/><W119/><G82/><T85/><D41/><U70/><E70/><V107/><F130/><N who="1" m="50281" /><E80/><V81/><F81/><W58/><G110/><T4/><D90/><AGARI ba="0,0" hai="13,19,20,52,53,55,72,74,90,95,96" m="50281" machi="90" ten="30,5800,0" yaku="19,1,52,1,54,1" doraHai="9" who="1" fromWho="0" sc="250,-58,260,58,250,0,240,0" /><INIT seed="1,1,0,5,0,124" ten="192,318,250,240" oya="1" hai0="128,54,74,85,119,100,32,17,91,89,87,105,93" hai1="101,33,23,13,29,113,2,63,68,88,0,58,95" hai2="77,125,104,52,20,84,4,80,7,48,16,79,43" hai3="22,46,30,21,126,112,121,59,134,34,111,70,118"/><U35/><E113/><V120/><F120/><W83/><G59/><T81/><D32/><U73/><E68/><V82/><F104/><W40/><G83/><N who="0" m="49407" /><D54/><U28/><E73/><V24/><F43/><W92/><G46/><T27/><D17/><U57/><E101/><V64/><F64/><W107/><G92/><T36/><D27/><N who="1" m="16511" /><E33/><V50/><F50/><W115/><G40/><T127/><D36/><U10/><E35/><V62/><F62/><W14/><G14/><T99/><D127/><U96/><E2/><V135/><F125/><W12/><G12/><T37/><D37/><U122/><E122/><V129/><F135/><W61/><G61/><T114/><D114/><U5/><E0/><V18/><F18/><W97/><G21/><T86/><D119/><U117/><E117/><V53/><F53/><W56/><G22/><T72/><D128/><U94/><E29/><V1/><F129/><W51/><G30/><T106/><D106/><U25/><E25/><V9/><F4/><W11/><G51/><T15/><D15/><U76/><E76/><AGARI ba="1,0" hai="72,74,76,81,85,86,91,93,99,100,105" m="49407" machi="76" ten="30,8000,1" yaku="35,5" doraHai="124" who="0" fromWho="1" sc="192,83,318,-83,250,0,240,0" /><INIT seed="2,0,0,1,2,50" ten="275,235,250,240" oya="2" hai0="108,23,8,24,28,3,95,79,123,91,128,104,118" hai1="92,93,135,63,77,99,59,21,114,51,131,111,125" hai2="34,16,68,55,9,84,127,5,103,37,133,74,102" hai3="88,38,20,56,40,73,49,27,100,122,75,54,82"/><V78/><F68/><W71/><G122/><T17/><D104/><U13/><E114/><V58/><F34/><W81/><G71/><T76/><D123/><U120/><E120/><V0/><F127/><W119/><G119/><T80/><D108/><U44/><E111/><V117/><F117/><W70/><G70/><T30/><D128/><U45/><E125/><V106/><F106/><W107/><G100/><T134/><D134/><U62/><E131/><V39/><F74/><W101/><G101/><T90/><D118/><U29/><E77/><V12/><F133/><W85/><G107/><T121/><D121/><U32/><E32/><V113/><F113/><W46/><REACH who="3" step="1"/><G81/><REACH who="3" ten="275,235,250,230" step="2"/><T69/><D69/><U97/><E135/><V41/><F103/><W60/><G60/><T124/><D124/><U48/><E29/><AGARI ba="0,1" hai="20,27,29,38,40,46,49,54,56,73,75,82,85,88" machi="29" ten="30,7700,0" yaku="1,1,7,1,52,1,54,1,53,0" doraHai="50" doraHaiUra="98" who="3" fromWho="1" sc="275,0,235,-77,250,0,230,87" /><INIT seed="3,0,0,5,4,53" ten="275,158,250,317" oya="3" hai0="56,128,134,105,31,114,135,24,47,120,18,55,2" hai1="130,106,33,123,74,71,34,82,129,86,107,118,22" hai2="93,85,62,43,110,132,73,125,32,63,79,89,41" hai3="122,38,44,111,131,124,121,90,26,39,11,64,81"/><W116/><G116/><T8/><D105/><N who="1" m="39947" /><E123/><V54/><F32/><N who="1" m="12393" /><E74/><V42/><F79/><W95/><G26/><T97/><D120/><U52/><E71/><V61/><F73/><W87/><G11/><T60/><D128/><N who="1" m="49259" /><E22/><V35/><F35/><W115/><G131/><T19/><D114/><U78/><E52/><V77/><F77/><W96/><G115/><T94/><D31/><U51/><E51/><V127/><F54/><W28/><G28/><T30/><D47/><U14/><E14/><V13/><F13/><W16/><G64/><T113/><D113/><U91/><E118/><V84/><F84/><W117/><G117/><T4/><D30/><U40/><E91/><V3/><F85/><W29/><G29/><T99/><D99/><U50/><E50/><V102/><F89/><W75/><G44/><T101/><D24/><U48/><E48/><V112/><F112/><W49/><G49/><T1/><REACH who="0" step="1"/><D2/><REACH who="0" ten="265,158,250,317" step="2"/><U119/><E119/><V36/><F3/><W7/><G121/><T6/><D6/><U109/><E40/><V0/><F0/><W108/><G7/><T65/><D65/><U27/><E27/><V126/><F43/><W66/><G122/><T88/><D88/><U9/><E78/><V72/><F42/><W68/><G90/><T5/><D5/><U70/><E70/><V45/><F41/><W23/><G68/><T10/><D10/><U76/><E9/><V17/><F45/><W103/><G96/><T98/><D98/><U25/><E25/><V67/><F67/><W100/><G66/><T69/><D69/><U59/><E59/><RYUUKYOKU ba="0,1" sc="265,15,158,15,250,-15,317,-15" hai0="1,4,8,18,19,55,56,60,94,97,101,134,135" hai1="76,82,86,109" /><INIT seed="4,1,1,0,3,46" ten="280,173,235,302" oya="0" hai0="25,58,130,78,29,1,48,91,126,77,14,104,32" hai1="64,21,125,19,96,49,2,85,62,81,131,61,87" hai2="0,47,132,103,101,71,43,16,90,80,22,4,127" hai3="69,17,7,95,5,94,39,38,73,3,20,86,100"/><T120/><D104/><U27/><E2/><V93/><F71/><W33/><G73/><T113/><D120/><U70/><E131/><V8/><F127/><W83/><G33/><T41/><D1/><U65/><E125/><V60/><F60/><W129/><G69/><T42/><D126/><U110/><E110/><V35/><F80/><W56/><G129/><T18/><D130/><U102/><E49/><V105/><F132/><W72/><G72/><T10/><D113/><U92/><E81/><V68/><F35/><W117/><G117/><T107/><D107/><U114/><E114/><V67/><F105/><W82/><G56/><AGARI ba="1,1" hai="19,21,27,56,61,62,64,65,70,85,87,92,96,102" machi="56" ten="30,1000,0" yaku="7,1" doraHai="46" who="1" fromWho="3" sc="280,0,173,23,235,0,302,-13" /><INIT seed="5,0,0,3,5,108" ten="280,196,235,289" oya="1" hai0="5,120,60,42,51,70,134,83,80,54,40,66,133" hai1="123,58,96,39,107,20,22,56,1,47,11,76,91" hai2="95,130,61,52,101,86,37,53,63,17,25,13,57" hai3="10,8,114,98,35,64,100,94,59,87,6,127,110"/><U21/><E123/><V68/><F37/><W90/><G35/><T46/><D5/><U109/><E76/><V26/><F130/><W104/><G110/><T113/><D120/><U106/><E109/><V15/><F15/><W111/><G111/><T45/><D83/><U36/><E91/><V71/><F71/><W118/><G127/><T65/><D80/><U75/><E75/><V119/><F119/><W121/><G121/><T30/><D30/><U16/><E96/><V49/><F68/><W18/><G118/><T82/><D82/><U129/><E129/><V105/><F105/><W116/><G116/><T7/><D7/><U62/><E58/><N who="2" m="33039" /><F63/><W2/><G64/><T135/><D66/><U38/><E47/><V24/><F24/><W126/><G59/><T115/><D42/><U43/><E43/><V131/><F131/><W132/><G126/><T28/><D28/><U112/><E112/><V78/><F78/><W102/><G132/><T93/><D93/><U12/><REACH who="1" step="1"/><E1/><REACH who="1" ten="280,186,235,289" step="2"/><V84/><F84/><W3/><G114/><T34/><D34/><U72/><E72/><V67/><F86/><W50/><G2/><T27/><D27/><U99/><E99/><N who="2" m="59647" /><F26/><W103/><G102/><T9/><D9/><U85/><E85/><V69/><F25/><W41/><G103/><T88/><D88/><U29/><E29/><V128/><F128/><W23/><G10/><T74/><D74/><U33/><E33/><V19/><F13/><N who="3" m="9679" /><G41/><T81/><D81/><U73/><E73/><V4/><F4/><W32/><G32/><T0/><D0/><U77/><E77/><RYUUKYOKU ba="0,1" sc="280,0,186,0,235,0,289,0" hai0="40,45,46,51,54,60,65,70,113,115,133,134,135" hai1="11,12,16,20,21,22,36,38,39,56,62,106,107" hai2="17,19,53,57,61,67,69" hai3="3,6,8,50,87,90,94,98,100,104" /><INIT seed="5,1,1,1,4,50" ten="280,186,235,289" oya="1" hai0="4,24,65,109,89,41,63,0,76,113,22,108,73" hai1="124,119,78,13,115,58,112,83,19,51,17,20,28" hai2="127,59,75,10,87,94,131,25,34,80,18,98,62" hai3="133,64,12,121,74,97,1,132,32,40,46,128,96"/><U114/><E119/><V91/><F75/><W99/><G1/><T70/><D113/><U102/><E124/><V107/><F127/><W16/><G32/><T29/><D41/><U57/><E102/><V120/><F107/><W86/><G74/><T61/><D61/><U7/><E7/><V125/><F125/><W5/><G121/><T122/><D122/><U26/><E51/><V6/><F120/><W111/><G111/><T35/><D22/><N who="1" m="11567" /><E19/><V67/><F131/><W45/><G128/><T90/><D90/><U77/><E77/><V52/><F67/><W38/><G5/><T43/><D89/><U93/><E93/><V72/><F72/><AGARI ba="1,1" hai="20,26,28,57,58,72,78,83,112,114,115" m="11567" machi="72" ten="30,1500,0" yaku="15,1" doraHai="50" who="1" fromWho="2" sc="280,0,186,28,235,-18,289,0" /><INIT seed="5,2,0,4,1,82" ten="280,214,217,289" oya="1" hai0="31,64,77,122,48,17,44,125,115,28,21,37,34" hai1="39,63,62,72,75,127,81,94,42,46,110,3,111" hai2="103,134,9,53,55,116,91,76,23,128,33,52,2" hai3="121,95,73,78,59,129,101,20,12,47,114,54,60"/><U126/><E3/><V92/><F116/><W5/><G121/><T83/><D37/><U131/><E131/><V106/><F33/><W65/><G129/><T51/><D115/><U132/><E132/><V57/><F128/><W10/><G114/><T0/><D0/><U68/><E94/><V43/><F134/><W107/><G107/><T6/><D6/><U41/><E41/><V97/><F76/><W70/><G73/><N who="1" m="28234" /><E81/><V7/><F23/><W117/><G78/><T18/><D125/><N who="1" m="47627" /><E68/><V120/><F43/><W24/><G117/><T89/><D122/><U112/><E112/><V124/><F124/><W99/><G47/><T130/><D130/><U105/><E105/><V87/><REACH who="2" step="1"/><F120/><REACH who="2" ten="280,214,207,289" step="2"/><W71/><REACH who="3" step="1"/><G54/><REACH who="3" ten="280,214,207,279" step="2"/><T135/><D77/><U32/><E32/><V38/><F38/><W30/><AGARI ba="2,2" hai="5,10,12,20,24,30,59,60,65,70,71,95,99,101" machi="30" ten="20,12000,2" yaku="1,1,2,1,0,1,7,1,25,2,53,0" doraHai="82" doraHaiUra="133" who="3" fromWho="3" sc="280,-32,214,-62,207,-32,279,146" /><INIT seed="6,0,0,1,2,116" ten="248,152,175,425" oya="2" hai0="4,135,48,44,37,66,8,6,9,18,49,94,50" hai1="97,35,46,127,62,20,22,26,40,65,33,47,15" hai2="71,29,30,14,64,106,16,11,58,61,68,81,83" hai3="23,98,126,120,54,91,41,73,28,84,121,10,80"/><V0/><F106/><W111/><G41/><T39/><D135/><U115/><E127/><V31/><REACH who="2" step="1"/><F0/><REACH who="2" ten="248,152,165,425" step="2"/><W102/><G126/><T100/><D44/><U51/><E47/><V76/><F76/><W114/><G114/><T12/><D39/><U32/><E115/><V21/><F21/><W56/><G23/><T88/><D37/><U3/><E3/><V45/><F45/><W130/><G130/><T99/><D9/><U59/><E26/><V5/><F5/><W101/><G10/><T109/><D109/><U2/><E2/><V107/><F107/><W113/><G111/><T17/><D4/><U79/><E79/><V92/><F92/><W13/><G113/><T125/><D125/><U70/><E15/><V122/><F122/><W117/><G13/><T24/><D24/><U60/><REACH who="1" step="1"/><E97/><REACH who="1" ten="248,142,165,425" step="2"/><V124/><F124/><W93/><G98/><T95/><D6/><U110/><E110/><V86/><F86/><W105/><G84/><T89/><D12/><U42/><E42/><V72/><F72/><W63/><G73/><T57/><D99/><U69/><E69/><AGARI ba="0,2" hai="11,14,16,29,30,31,58,61,64,68,69,71,81,83" machi="69" ten="40,3900,0" yaku="1,1,54,1,53,0" doraHai="116" doraHaiUra="87" who="2" fromWho="1" sc="248,0,142,-39,165,59,425,0" /><INIT seed="6,1,0,2,5,106" ten="248,103,224,425" oya="2" hai0="5,9,104,2,33,133,10,134,11,85,37,44,54" hai1="59,17,48,8,91,105,60,113,101,97,100,121,120" hai2="4,86,68,58,132,15,28,108,6,51,135,62,66" hai3="67,50,99,71,116,79,7,12,57,43,84,129,77"/><V122/><F122/><N who="1" m="47209" /><E101/><V64/><F28/><W103/><G116/><T27/><D104/><U127/><E127/><V29/><F29/><W18/><G129/><T74/><D85/><U88/><E113/><V55/><F108/><W131/><G71/><T1/><D54/><N who="1" m="32199" /><E60/><N who="2" m="40007" /><F86/><W93/><G7/><N who="0" m="1263" /><D44/><U112/><E112/><V72/><F15/><AGARI ba="1,0" hai="8,15,17,88,91,97,100,105" m="32199,47209" machi="15" ten="30,2000,0" yaku="13,1,54,1" doraHai="106" who="1" fromWho="2" sc="248,0,103,23,224,-23,425,0" /><INIT seed="7,0,0,5,1,112" ten="248,126,201,425" oya="3" hai0="13,87,94,34,80,26,98,73,59,21,51,72,37" hai1="16,38,127,113,68,18,101,131,121,111,50,129,61" hai2="47,9,84,35,76,96,90,69,89,19,2,58,92" hai3="31,114,119,91,39,56,54,110,83,126,103,79,123"/><W22/><G119/><T46/><D37/><U125/><E121/><V43/><F69/><W30/><G39/><T12/><D34/><U134/><E38/><V93/><F35/><W108/><G114/><T64/><D73/><U78/><E113/><V24/><F76/><W1/><G1/><T32/><D32/><U5/><E111/><N who="3" m="42538" /><G103/><N who="0" m="60887" /><D72/><U6/><E78/><V77/><F77/><W88/><G123/><T115/><D115/><U97/><E50/><V15/><F2/><W44/><G44/><T75/><D75/><U20/><E61/><V95/><F95/><W11/><G11/><T28/><D59/><U4/><E68/><V124/><F124/><N who="1" m="47689" /><E97/><V55/><F24/><N who="3" m="16663" /><G31/><T132/><D64/><U63/><E101/><V100/><F100/><W40/><G40/><N who="0" m="25031" /><D132/><U82/><E63/><V17/><F17/><N who="1" m="6761" /><E82/><V70/><F70/><W3/><G3/><T10/><D10/><U7/><N who="1" m="1024" /><DORA hai="0" /><U67/><E67/><V27/><F58/><W36/><G36/><T133/><D133/><U109/><E109/><V104/><F104/><W105/><G105/><T52/><D52/><U106/><E106/><V122/><F55/><W45/><G45/><T135/><D135/><U65/><E65/><V118/><F47/><W86/><G126/><T66/><D66/><U57/><E134/><V130/><F43/><W62/><AGARI ba="0,0" hai="54,56,62,79,83,86,88,91" m="16663,42538" machi="62" ten="30,3000,0" yaku="10,1,54,1" doraHai="112,0" who="3" fromWho="3" sc="248,-10,126,-10,201,-10,425,30" owari="238,4.0,116,-38.0,191,-21.0,455,55.0" /></mjloggm>