<mjloggm ver="2.3"><GO type="97" lobby="0"/><UN n0="%E3%81%86%E3%81%A3%E3%81%97%EF%BD%9E" n1="%E3%82%A6%E3%83%AB%E3%83%88%E3%83%A9%E7%AB%8B%E7%9B%B4" n2="%73%61%72%61%7A%6F" n3="%4B%45%52%4F%47%47" dan="14,15,15,15" rate="1889.71,1980.97,2027.66,1908.61" sx="M,M,M,M"/><TAIKYOKU oya="0"/><INIT seed="0,0,0,0,3,48" ten="250,250,250,250" oya="0" hai0="69,44,134,112,60,88,32,130,20,47,57,43,132" hai1="126,6,3,118,124,81,91,2,51,103,59,115,31" hai2="11,109,42,10,68,75,71,22,85,111,8,89,99" hai3="78,94,36,12,92,84,28,55,1,82,133,123,45"/><T5/><D32/><U14/><E118/><V50/><F75/><W40/><G1/><T117/><D117/><U121/><E103/><V127/><F99/><W77/><G77/><T15/><D112/><U93/><E31/><V18/><F127/><N who="1" m="48681" /><E81/><V67/><F67/><W39/><G39/><T97/><D130/><U106/><E106/><V129/><F129/><W24/><G133/><N who="0" m="51307" /><D69/><U63/><E51/><V131/><F131/><W26/><G12/><T65/><D43/><U16/><E6/><V33/><F33/><W13/><G123/><T41/><D41/><U37/><E37/><V114/><F114/><W73/><G73/><T74/><D74/><U34/><E34/><V30/><F30/><W122/><G122/><T90/><D90/><U87/><E121/><V79/><F79/><W0/><G0/><T80/><D5/><U110/><E110/><N who="2" m="41995" /><F42/><W83/><G13/><T9/><D9/><N who="1" m="6223" /><E115/><V29/><F29/><W53/><G36/><T21/><D15/><U52/><AGARI ba="0,0" hai="2,3,52,59,63,87,91,93" m="6223,48681" machi="52" ten="30,7900,0" yaku="18,1,52,1,54,2" doraHai="48" who="1" fromWho="1" sc="250,-39,250,79,250,-20,250,-20" /><INIT seed="1,0,0,0,1,17" ten="211,329,230,230" oya="1" hai0="34,36,69,30,119,44,108,16,88,3,35,133,13" hai1="110,27,111,132,0,63,33,23,55,37,67,100,99" hai2="77,4,106,21,87,60,24,113,71,94,40,75,56" hai3="58,125,97,26,123,47,135,124,93,61,73,20,79"/><U28/><E0/><V57/><F106/><W39/><G123/><T54/><D119/><U31/><E37/><V129/><F71/><W25/><G25/><T64/><D3/><U74/><E74/><V6/><F75/><W116/><G116/><T96/><D108/><N who="1" m="41515" /><E55/><V85/><F113/><W48/><G39/><T29/><D133/><U98/><E132/><V11/><F40/><N who="3" m="24679" /><G79/><T118/><D118/><U82/><E82/><N who="2" m="47311" /><F11/><W105/><G105/><T128/><D128/><U66/><E66/><N who="2" m="39175" /><F57/><W38/><G38/><T22/><D35/><U9/><E9/><V84/><F129/><W90/><G73/><T78/><D34/><U89/><E89/><N who="2" m="53543" /><F87/><W5/><G5/><T72/><D72/><U10/><E10/><V32/><F32/><W120/><G120/><T42/><D78/><U104/><E99/><V2/><F2/><W68/><G68/><T122/><D122/><U109/><E109/><V52/><F52/><N who="3" m="33991" /><G135/><T45/><D54/><U1/><E1/><V115/><F115/><W51/><G51/><T134/><D134/><U102/><E98/><V131/><F131/><W12/><G125/><T95/><REACH who="0" step="1"/><D44/><REACH who="0" ten="201,329,230,230" step="2"/><U43/><E43/><V65/><F65/><W127/><G124/><T59/><D59/><N who="1" m="37375" /><E104/><V15/><F15/><W92/><G12/><T49/><D49/><U121/><E121/><V8/><F8/><W50/><G50/><T46/><D46/><U114/><E114/><V76/><F76/><W86/><G127/><T130/><D130/><U112/><E112/><V18/><AGARI ba="0,1" hai="4,6,18,21,24" m="53543,39175,47311" machi="18" ten="30,2000,0" yaku="8,1,52,1" doraHai="17" who="2" fromWho="2" sc="201,-5,329,-10,230,30,230,-5" /><INIT seed="2,0,0,5,5,131" ten="196,319,260,225" oya="2" hai0="72,73,4,19,104,51,45,33,88,22,86,1,93" hai1="63,16,7,127,78,53,31,56,12,28,115,91,125" hai2="81,14,106,50,114,130,6,97,32,92,119,117,13" hai3="54,34,67,27,89,18,124,55,46,65,60,21,0"/><V95/><F114/><W113/><G113/><T36/><D104/><U133/><E115/><V96/><F32/><W61/><G0/><T40/><D33/><U49/><E78/><V9/><F106/><W105/><G105/><T26/><REACH who="0" step="1"/><D36/><REACH who="0" ten="186,319,260,225" step="2"/><U17/><E125/><V135/><F119/><W75/><G34/><T118/><D118/><U20/><E127/><V132/><F117/><W39/><G39/><T41/><D41/><U64/><E7/><V107/><F107/><W82/><G124/><T43/><D43/><U84/><E17/><V5/><F130/><W121/><G121/><T79/><D79/><U120/><E120/><V35/><F35/><W10/><G67/><T108/><D108/><U37/><E37/><V44/><F6/><W111/><G65/><T101/><D101/><U83/><REACH who="1" step="1"/><E133/><REACH who="1" ten="186,309,260,225" step="2"/><V129/><F129/><W42/><G18/><T38/><D38/><U24/><E24/><V76/><F5/><W2/><G27/><T77/><D77/><U58/><AGARI ba="0,2" hai="12,16,20,28,31,49,53,56,58,63,64,83,84,91" machi="58" ten="20,12000,2" yaku="1,1,0,1,7,1,8,1,54,1,53,1" doraHai="131" doraHaiUra="57" who="1" fromWho="1" sc="186,-30,309,140,260,-60,225,-30" /><INIT seed="3,0,0,2,4,95" ten="156,449,200,195" oya="3" hai0="22,23,101,4,65,80,69,41,18,44,103,35,131" hai1="10,60,133,117,40,119,70,128,121,66,47,107,76" hai2="86,122,20,106,9,81,90,16,126,46,11,82,85" hai3="13,8,37,127,87,58,111,132,99,88,21,73,130"/><W56/><G37/><T59/><D35/><U50/><E107/><V55/><F106/><W116/><G73/><T54/><D4/><U67/><E121/><V62/><F122/><W113/><G113/><T104/><D131/><U33/><E33/><V105/><F105/><W120/><G116/><N who="1" m="44618" /><E76/><N who="2" m="46247" /><F126/><W49/><G21/><T125/><D125/><U135/><E128/><V57/><F46/><W64/><G120/><T2/><D2/><U77/><E77/><V28/><F28/><W42/><G87/><T14/><D69/><N who="1" m="42183" /><E10/><V52/><F55/><W72/><G72/><T36/><D65/><U3/><E3/><V27/><AGARI ba="0,0" hai="9,11,16,20,27,52,57,62,82,86,90" m="46247" machi="27" ten="30,4000,0" yaku="8,1,54,2" doraHai="95" who="2" fromWho="2" sc="156,-10,449,-10,200,40,195,-20" owari="146,-35.0,439,53.0,240,4.0,175,-22.0" /></mjloggm>