<mjloggm ver="2.3"><GO type="169" lobby="0"/><UN n0="%E3%83%94%E3%82%AB%E5%90%BE%E9%83%8E" n1="%53%48%49%53%55%4B%45" n2="%E3%82%A6%E3%83%AB%E3%83%88%E3%83%A9%E7%AB%8B%E7%9B%B4" n3="%68%61%79%61%74%6F%E2%98%86" dan="17,17,17,18" rate="2216.95,2105.08,2126.46,2292.30" sx="M,M,M,M"/><TAIKYOKU oya="0"/><INIT seed="0,0,0,3,1,9" ten="250,250,250,250" oya="0" hai0="74,94,4,61,109,125,31,28,51,39,65,14,89" hai1="84,68,99,17,121,58,30,3,131,64,35,23,2" hai2="10,101,108,124,82,5,130,29,105,7,102,54,50" hai3="93,123,27,80,132,103,53,87,85,20,12,66,77"/><T34/><D39/><U119/><E121/><V106/><F108/><W71/><G123/><T135/><D74/><U113/><E119/><V45/><F124/><W114/><G114/><T16/><D4/><U107/><E113/><V116/><F130/><W92/><G132/><T38/><D38/><U70/><E35/><V11/><F116/><W104/><G104/><T73/><D73/><U90/><E30/><V19/><F29/><W25/><G66/><T41/><D34/><U81/><E58/><V44/><F19/><W79/><G71/><T43/><D135/><U59/><E59/><V36/><F82/><W128/><G128/><T6/><D6/><U40/><E40/><V75/><F75/><W88/><G53/><T24/><D24/><U42/><E42/><N who="0" m="15881" /><D51/><U33/><E33/><V56/><F36/><W98/><G77/><T112/><D112/><U95/><E107/><V60/><F50/><W1/><G1/><T83/><D83/><U118/><E118/><V97/><F105/><W134/><G134/><T47/><D47/><U55/><E55/><V48/><F102/><W32/><G32/><T46/><D46/><U67/><E70/><V52/><F45/><W122/><G122/><T96/><D125/><U21/><E68/><V26/><F26/><W117/><G117/><T91/><D91/><N who="1" m="55807" /><E131/><V126/><F126/><W110/><G110/><T15/><D109/><U13/><E23/><V37/><F37/><W63/><G63/><T120/><D120/><U115/><E115/><V133/><F133/><W78/><G78/><T57/><D16/><AGARI ba="0,0" hai="12,16,20,25,27,79,80,85,87,88,92,93,98,103" machi="16" ten="40,8000,1" yaku="8,1,52,1,54,2" doraHai="9" who="3" fromWho="0" sc="250,-80,250,0,250,0,250,80" /><INIT seed="1,0,0,2,0,92" ten="170,250,250,330" oya="1" hai0="127,17,4,128,73,23,83,76,125,52,99,33,75" hai1="24,100,65,34,115,69,77,10,42,6,49,85,110" hai2="122,131,86,58,116,87,45,72,15,96,22,16,54" hai3="104,98,82,70,88,94,51,121,21,133,111,67,123"/><U101/><E69/><V50/><F72/><W108/><G104/><T36/><D75/><U13/><E65/><V114/><F122/><W29/><G133/><T18/><D33/><U124/><E115/><V1/><F1/><W41/><G67/><T5/><D36/><U81/><E124/><N who="0" m="47689" /><D128/><U91/><E110/><N who="3" m="42026" /><G70/><T59/><D99/><U37/><E37/><V0/><F0/><W90/><G29/><T32/><D32/><U20/><E91/><V40/><F131/><W27/><G21/><T134/><D134/><U38/><E38/><V39/><F116/><W107/><G27/><N who="0" m="14831" /><D18/><U26/><E34/><V28/><F28/><W113/><G113/><T12/><D12/><U78/><E78/><V93/><F114/><W89/><G107/><T66/><D66/><U11/><E11/><V79/><F79/><W43/><G82/><T84/><D73/><U35/><E35/><V80/><F80/><W2/><G2/><T61/><AGARI ba="0,0" hai="4,5,52,59,61,76,83,84" m="14831,47689" machi="61" ten="30,2000,0" yaku="18,1,54,1" doraHai="92" who="0" fromWho="0" sc="170,20,250,-10,250,-5,330,-5" /><INIT seed="2,0,0,5,0,96" ten="190,240,245,325" oya="2" hai0="19,81,62,122,99,10,13,63,113,135,134,23,86" hai1="78,3,56,67,104,17,48,50,15,65,101,70,21" hai2="38,111,110,1,41,49,124,66,28,112,2,118,90" hai3="24,57,14,45,34,116,11,47,44,120,128,94,20"/><V42/><F118/><W108/><G34/><T71/><D113/><U100/><E104/><V61/><F112/><W58/><G108/><N who="2" m="41513" /><F38/><W74/><G74/><T79/><D122/><U31/><E3/><N who="2" m="1035" /><F28/><N who="3" m="17415" /><G128/><T109/><D109/><U117/><E117/><V53/><F90/><W26/><G26/><T97/><D23/><U72/><E70/><N who="2" m="42319" /><F124/><W75/><G116/><T37/><D37/><U68/><E68/><V127/><F127/><W88/><G75/><T22/><D71/><U121/><E121/><V39/><F39/><W35/><G35/><T132/><D22/><U55/><E31/><V89/><F89/><W80/><G80/><T5/><D19/><U6/><E6/><V73/><F73/><W82/><G82/><T30/><D30/><U85/><E72/><V107/><F107/><W52/><G120/><T46/><D46/><AGARI ba="0,0" hai="41,42,46,49,53" m="42319,1035,41513" machi="46" ten="30,2900,0" yaku="14,1,10,1" doraHai="96" who="2" fromWho="0" sc="190,-29,240,0,245,29,325,0" /><INIT seed="2,1,0,2,4,40" ten="161,240,274,325" oya="2" hai0="6,18,29,43,118,113,107,44,131,78,95,91,37" hai1="111,129,8,99,53,64,124,58,9,112,84,87,46" hai2="2,55,0,121,80,49,42,61,13,51,86,10,19" hai3="34,101,115,127,69,65,15,116,16,126,52,98,72"/><V24/><F121/><W100/><G34/><T123/><D107/><U75/><E75/><V25/><F61/><W21/><G116/><T82/><D123/><U45/><E112/><V68/><F68/><W132/><G72/><T96/><D113/><U17/><E64/><V54/><F0/><W14/><G115/><T88/><D131/><U83/><E111/><V102/><F102/><W130/><G130/><T36/><D118/><U4/><E124/><V56/><F42/><W59/><G132/><T110/><D110/><U27/><E99/><V122/><F2/><W3/><G3/><T66/><D6/><U50/><E87/><V128/><F128/><W125/><G65/><T90/><D37/><U77/><E129/><V105/><F105/><N who="3" m="63639" /><G101/><T39/><D36/><U7/><E7/><V20/><F20/><W71/><G14/><T60/><D18/><U41/><E4/><V28/><F28/><W85/><G85/><T33/><D29/><U120/><E120/><V119/><F119/><W23/><G23/><T32/><D32/><U1/><E1/><V22/><F22/><W5/><G5/><T57/><REACH who="0" step="1"/><D33/><REACH who="0" ten="151,240,274,325" step="2"/><U31/><E17/><V104/><F104/><W94/><G94/><T108/><D108/><U70/><E31/><V76/><F122/><W133/><G133/><T35/><D35/><U48/><E27/><V109/><F109/><W62/><AGARI ba="1,1" hai="15,16,21,52,59,62,69,71,125,126,127" m="63639" machi="62" ten="30,4000,0" yaku="18,1,54,2" doraHai="40" who="3" fromWho="3" sc="151,-11,240,-11,274,-21,325,53" /><INIT seed="3,0,0,1,4,119" ten="140,229,253,378" oya="3" hai0="23,100,76,5,40,97,45,33,48,65,7,14,131" hai1="127,67,73,69,107,27,89,72,43,114,78,134,128" hai2="1,133,109,44,68,50,47,12,95,79,80,103,57" hai3="61,74,37,49,6,110,58,85,9,15,38,99,26"/><W31/><G74/><T84/><D33/><U51/><E114/><V13/><F68/><W108/><G49/><T63/><D131/><U34/><E51/><V30/><F1/><W111/><G85/><T96/><D96/><U66/><E66/><V116/><F109/><W77/><G77/><T55/><D55/><U115/><E115/><V62/><F133/><W22/><REACH who="3" step="1"/><G99/><REACH who="3" ten="140,229,253,368" step="2"/><T117/><D84/><U56/><E78/><V94/><F79/><W106/><G106/><T82/><D76/><U126/><E107/><V25/><F50/><W10/><G10/><T125/><D48/><U41/><E73/><V53/><F80/><W113/><G113/><T124/><D82/><U129/><E72/><V92/><F103/><W101/><G101/><T0/><D97/><U104/><E104/><V8/><F116/><W46/><G46/><N who="2" m="17449" /><F8/><W81/><G81/><T135/><D100/><U35/><E129/><V120/><F120/><W42/><G42/><T83/><D40/><U88/><E128/><V123/><F123/><W28/><G28/><T36/><D45/><U75/><E75/><V70/><F94/><W18/><G18/><N who="0" m="10711" /><D83/><U130/><E130/><V87/><F95/><W102/><G102/><T4/><D117/><U59/><E43/><V24/><F92/><W11/><G11/><N who="0" m="2439" /><D135/><U71/><E41/><V132/><F87/><W118/><G118/><T105/><D105/><U16/><E134/><V39/><F132/><W98/><G98/><T54/><D7/><U29/><E89/><V32/><F30/><W86/><G86/><T93/><D5/><U60/><E29/><RYUUKYOKU ba="0,1" sc="140,-10,229,-10,253,-10,368,30" hai3="6,9,15,22,26,31,37,38,58,61,108,110,111" /><INIT seed="3,1,1,5,3,3" ten="130,219,243,398" oya="3" hai0="21,121,40,10,36,108,7,111,74,45,46,59,130" hai1="16,19,73,48,9,8,52,132,32,82,104,122,127" hai2="115,20,23,83,62,102,51,84,70,67,93,58,2" hai3="26,28,87,101,56,94,13,120,49,50,4,88,38"/><W135/><G38/><T113/><D74/><U61/><E122/><V131/><F115/><W42/><G120/><T97/><D121/><U17/><E32/><V29/><F2/><W15/><G135/><T126/><D126/><U41/><E104/><V78/><F131/><W103/><G15/><N who="0" m="5599" /><D130/><U107/><E107/><V86/><F70/><W22/><G49/><T92/><D59/><U85/><E73/><V81/><F51/><W34/><G34/><T1/><D1/><U14/><E132/><V30/><F30/><W24/><G24/><T109/><D21/><U95/><E127/><V39/><F39/><W37/><G37/><T57/><D57/><U68/><E41/><V114/><F114/><W64/><G64/><T128/><D128/><U105/><E105/><V116/><F116/><W134/><G134/><T123/><D123/><U71/><E61/><V124/><F124/><W0/><G0/><T110/><N who="0" m="27648" /><DORA hai="18" /><T75/><D75/><U60/><E60/><V99/><F29/><W25/><G25/><T90/><D46/><N who="1" m="27671" /><E68/><V98/><F98/><W100/><G56/><T55/><D55/><U77/><E71/><V27/><F27/><W11/><REACH who="3" step="1"/><G101/><REACH who="3" ten="130,219,243,388" step="2"/><T33/><D33/><U63/><E63/><V112/><REACH who="2" step="1"/><F112/><AGARI ba="1,2" hai="36,40,45,90,92,97,112,113" m="27648,5599" machi="112" ten="60,3900,0" yaku="14,1,52,1" doraHai="3,18" who="0" fromWho="2" sc="130,62,219,0,243,-42,388,0" /><INIT seed="4,0,0,1,5,12" ten="192,219,201,388" oya="0" hai0="6,91,109,45,90,47,31,33,8,74,22,95,28" hai1="99,46,56,7,29,26,116,5,10,38,132,42,106" hai2="41,135,115,69,121,11,123,18,80,66,71,17,112" hai3="131,65,55,68,21,24,25,126,36,52,124,57,48"/><T37/><D74/><U53/><E116/><V77/><F41/><W89/><G36/><T27/><D109/><U20/><E132/><V72/><F11/><W23/><G131/><T59/><D59/><U96/><E106/><V32/><F32/><W13/><G13/><N who="0" m="5271" /><D33/><U58/><E58/><V114/><F135/><W133/><G133/><T79/><D79/><U34/><E34/><V51/><F51/><W82/><G65/><T104/><D104/><U120/><E5/><V44/><F44/><N who="0" m="16970" /><D91/><U92/><E120/><N who="2" m="46155" /><F71/><W40/><G40/><T64/><D37/><U0/><E92/><V97/><F97/><W43/><G43/><T62/><D62/><AGARI ba="0,0" hai="0,7,10,20,26,29,38,42,46,53,56,62,96,99" machi="62" ten="30,1000,0" yaku="7,1" doraHai="12" who="1" fromWho="0" sc="192,-10,219,10,201,0,388,0" /><AGARI ba="0,0" hai="17,18,62,66,69,72,77,80,112,114,115" m="46155" machi="62" ten="40,5200,0" yaku="15,1,52,2" doraHai="12" who="2" fromWho="0" sc="182,-52,229,0,201,52,388,0" /><INIT seed="5,0,0,1,5,135" ten="130,229,253,388" oya="1" hai0="100,29,36,63,102,26,8,115,73,117,76,68,50" hai1="120,132,69,94,86,11,4,61,106,95,75,110,45" hai2="99,48,7,51,18,126,111,96,10,15,39,104,107" hai3="23,21,31,124,134,128,98,47,130,64,101,27,42"/><U92/><E75/><V129/><F39/><W49/><G64/><T71/><D36/><U13/><E106/><V87/><F111/><W33/><G134/><T55/><D117/><U24/><E132/><V54/><F129/><N who="3" m="49771" /><G124/><T34/><D115/><U32/><E120/><V2/><F51/><W127/><G127/><T43/><D43/><U5/><E110/><V84/><F126/><W20/><G33/><T62/><D8/><U112/><E112/><V131/><F131/><W30/><G30/><T88/><D76/><U133/><E133/><V122/><F122/><W109/><G109/><T83/><D73/><U65/><E4/><V119/><F99/><W77/><G77/><T70/><D100/><U14/><E14/><V105/><F96/><W79/><G79/><T28/><D28/><U52/><E24/><V89/><F84/><W57/><G57/><T114/><D102/><U6/><E32/><V58/><F119/><W81/><G81/><T1/><D1/><U22/><E22/><V118/><F118/><W0/><G0/><T78/><D114/><U60/><E5/><V53/><F53/><W93/><AGARI ba="0,0" hai="20,21,23,27,31,42,47,49,93,98,101" m="49771" machi="93" ten="30,1100,0" yaku="19,1" doraHai="135" who="3" fromWho="3" sc="130,-3,229,-5,253,-3,388,11" /><INIT seed="6,0,0,1,2,106" ten="127,224,250,399" oya="2" hai0="122,62,88,48,61,72,85,82,3,91,70,34,116" hai1="97,114,108,73,107,117,12,118,119,51,23,86,120" hai2="40,109,50,80,100,35,81,84,16,103,22,15,133" hai3="125,93,9,110,24,124,128,79,67,98,63,18,90"/><V28/><F133/><W105/><G110/><T45/><D3/><U17/><E108/><V78/><F109/><W52/><G105/><T37/><D37/><U47/><E114/><V130/><F130/><W46/><G79/><T25/><D122/><U94/><E120/><V92/><F92/><W104/><G104/><T65/><D116/><U42/><E107/><V29/><F35/><W132/><G132/><T131/><D131/><U99/><E73/><V102/><F81/><W39/><G128/><T19/><D61/><U11/><E86/><V6/><F6/><W41/><G9/><T27/><D27/><U135/><E135/><V64/><F64/><W101/><G101/><T96/><D96/><U75/><E75/><V56/><F40/><W36/><G36/><T14/><D72/><U113/><E113/><V2/><F2/><W89/><G89/><T1/><D1/><U58/><E58/><V83/><F80/><W43/><G43/><T60/><D60/><U7/><REACH who="1" step="1"/><E94/><REACH who="1" ten="127,214,250,399" step="2"/><V31/><F56/><W126/><G126/><T76/><D34/><U10/><E10/><V38/><F38/><W49/><G125/><T8/><REACH who="0" step="1"/><D25/><AGARI ba="0,1" hai="7,11,12,17,23,25,42,47,51,97,99,117,118,119" machi="25" ten="40,1300,0" yaku="1,1,53,0" doraHai="106" doraHaiUra="129" who="1" fromWho="0" sc="127,-13,214,23,250,0,399,0" /><INIT seed="7,0,0,3,3,68" ten="114,237,250,399" oya="3" hai0="101,50,76,56,81,42,23,100,77,90,117,30,29" hai1="14,109,15,113,107,131,130,0,19,31,16,95,123" hai2="54,40,11,25,128,99,35,85,55,118,98,133,3" hai3="51,126,57,102,5,7,48,129,86,115,46,104,108"/><W34/><G86/><T18/><D117/><U73/><E109/><V122/><F118/><W72/><G57/><T47/><D30/><U121/><E107/><V27/><F40/><W103/><G48/><T94/><D29/><U4/><E73/><V12/><F3/><W80/><G51/><T93/><D77/><U38/><E38/><V74/><F74/><W134/><G80/><T71/><D71/><U69/><E69/><V41/><F41/><W84/><G46/><T22/><D22/><N who="1" m="11551" /><E31/><V132/><F85/><W127/><G5/><T89/><D81/><U70/><E70/><V114/><F122/><W2/><G84/><T24/><D76/><U124/><E95/><V36/><F36/><W82/><G82/><T64/><D64/><U43/><E43/><V17/><F35/><W37/><G7/><T32/><D32/><U26/><E26/><N who="2" m="9739" /><F128/><N who="1" m="49193" /><E124/><V28/><F28/><W63/><G127/><T8/><D8/><N who="1" m="2055" /><E113/><V78/><F114/><W66/><G115/><T79/><D79/><U119/><E119/><V65/><F65/><W125/><G66/><T62/><D93/><U88/><E88/><V111/><F78/><W10/><G104/><T97/><REACH who="0" step="1"/><D90/><REACH who="0" ten="104,237,250,399" step="2"/><U59/><E123/><V75/><F11/><W87/><G10/><T44/><D44/><U92/><E92/><V67/><F67/><W135/><G129/><T33/><D33/><U83/><E121/><V49/><F75/><W9/><G72/><T45/><D45/><U52/><E83/><V58/><F58/><W91/><G125/><T20/><D20/><U21/><E59/><V39/><F111/><RYUUKYOKU ba="0,1" sc="104,15,237,15,250,-15,399,-15" hai0="18,23,24,42,47,50,56,62,89,94,97,100,101" hai1="14,19,21,52" owari="119,-38.0,252,5.0,235,-16.0,394,49.0" /></mjloggm>