<mjloggm ver="2.3"><GO type="41" lobby="0"/><UN n0="%31%2D%70%69%6E%6E" n1="%E3%81%95%E3%82%93%E3%81%94%E3%81%8F" n2="%E3%82%A6%E3%83%AB%E3%83%88%E3%83%A9%E7%AB%8B%E7%9B%B4" n3="%64%6D%69%62%30%39%32%38" dan="13,13,15,14" rate="1877.87,1821.05,2054.31,1974.93" sx="M,M,M,M"/><TAIKYOKU oya="0"/><INIT seed="0,0,0,4,4,14" ten="250,250,250,250" oya="0" hai0="107,121,87,8,82,133,92,33,51,93,17,134,50" hai1="1,61,74,5,118,63,48,49,83,79,70,6,91" hai2="89,120,109,64,10,68,112,103,15,21,2,0,106" hai3="55,65,131,94,135,29,90,42,97,34,52,20,130"/><T114/><D121/><U39/><E39/><V35/><F64/><W115/><G34/><T116/><D107/><U45/><E118/><V100/><F68/><W66/><G135/><N who="0" m="51723" /><D114/><U22/><E49/><N who="0" m="18441" /><D33/><U117/><E117/><V43/><F43/><W4/><G42/><T129/><D129/><U111/><E111/><V58/><F106/><W26/><G115/><T73/><D73/><U38/><E38/><V37/><F37/><W7/><G65/><T46/><D46/><U124/><E124/><V110/><F58/><W76/><G66/><T122/><D122/><U125/><E70/><V96/><F120/><W113/><G76/><N who="0" m="46535" /><D116/><U13/><E125/><V102/><F35/><W80/><G80/><T36/><D36/><U31/><E83/><V99/><F112/><W81/><G81/><T60/><D60/><U9/><E61/><V11/><F89/><W40/><G40/><T85/><D85/><U105/><E63/><V57/><F57/><W44/><G44/><T25/><D8/><U59/><E9/><V95/><F102/><W101/><G101/><T53/><D53/><N who="3" m="20553" /><G113/><T71/><D71/><U47/><E47/><V132/><F132/><W123/><G123/><T77/><D77/><U41/><E79/><V30/><F11/><W104/><G104/><T24/><D24/><U127/><E105/><V126/><F10/><W72/><G72/><T28/><D28/><U86/><E74/><V78/><F30/><W98/><G98/><T62/><D62/><U18/><E127/><V75/><F126/><W108/><G131/><T128/><D128/><U23/><E45/><RYUUKYOKU ba="0,0" sc="250,30,250,-10,250,-10,250,-10" hai0="17,25,92,93" /><INIT seed="0,1,0,0,4,92" ten="280,240,240,240" oya="0" hai0="17,30,89,18,88,80,61,77,83,51,119,72,104" hai1="56,128,127,79,45,23,96,87,68,121,36,0,3" hai2="91,62,15,135,115,6,31,118,81,69,114,98,37" hai3="64,33,108,90,63,46,60,86,26,120,11,27,20"/><T10/><D119/><U44/><E68/><V113/><F37/><W48/><G120/><T101/><D61/><U71/><E71/><V103/><F135/><W39/><G39/><T24/><D83/><U126/><E121/><V123/><F123/><W95/><G108/><T57/><D101/><U35/><E35/><V102/><F118/><W112/><G11/><T9/><D104/><U105/><E56/><V40/><F40/><W65/><G112/><T110/><D110/><U94/><E105/><V7/><F102/><W25/><G33/><T29/><D29/><U38/><E23/><V106/><F15/><W4/><G4/><T50/><D50/><U99/><E94/><V116/><F116/><W13/><G13/><T59/><D59/><U74/><E87/><V58/><F69/><W14/><G14/><T2/><D2/><U75/><REACH who="1" step="1"/><E79/><REACH who="1" ten="280,230,240,240" step="2"/><V132/><F114/><W122/><G122/><T131/><D57/><U52/><E52/><V124/><F115/><W129/><G20/><T49/><D77/><U42/><E42/><V53/><F53/><W109/><G109/><T82/><D72/><U125/><E125/><V1/><F58/><W54/><G129/><AGARI ba="1,1" hai="0,3,36,38,44,45,74,75,96,99,126,127,128,129" machi="129" ten="25,12000,2" yaku="1,1,22,2,52,2,53,2" doraHai="92" doraHaiUra="134" who="1" fromWho="3" sc="280,0,230,133,240,0,240,-123" /><INIT seed="1,0,0,5,3,85" ten="280,363,240,117" oya="1" hai0="21,89,26,11,17,81,50,71,104,125,40,33,100" hai1="124,128,4,18,84,114,14,121,74,19,94,68,39" hai2="76,5,52,90,95,72,57,32,59,2,98,31,35" hai3="44,45,86,13,75,93,83,106,7,63,109,54,51"/><U91/><E114/><V60/><F31/><W126/><G126/><T36/><D71/><U112/><E112/><V27/><F27/><W103/><G106/><T102/><D125/><U37/><E128/><V80/><F5/><W38/><G38/><T49/><D104/><U47/><E68/><V9/><F9/><W24/><G75/><T132/><D132/><U133/><E121/><V0/><REACH who="2" step="1"/><F59/><REACH who="2" ten="280,363,230,117" step="2"/><W1/><G1/><AGARI ba="0,1" hai="0,1,2,32,35,52,57,60,72,76,80,90,95,98" machi="1" ten="40,8000,1" yaku="1,1,2,1,52,1,54,1,53,0" doraHai="85" doraHaiUra="62" who="2" fromWho="3" sc="280,0,363,0,230,90,117,-80" /><INIT seed="2,0,0,1,3,20" ten="280,363,320,37" oya="2" hai0="94,101,52,24,119,12,80,5,61,79,25,13,95" hai1="65,73,47,32,59,14,66,36,56,7,81,120,129" hai2="71,108,86,92,72,33,37,4,90,105,67,112,48" hai3="2,135,22,19,126,50,9,93,97,63,29,1,69"/><V111/><F37/><W127/><G29/><T6/><D119/><U31/><E120/><V130/><F112/><W110/><G110/><N who="2" m="42025" /><F72/><W88/><G135/><T100/><D80/><U49/><E129/><V103/><F130/><W10/><G50/><T11/><D79/><U77/><E36/><V21/><F33/><W107/><G107/><T102/><D95/><U132/><E132/><V78/><F4/><N who="0" m="1642" /><D94/><U41/><E32/><V83/><F67/><W116/><G116/><T51/><D61/><U128/><E31/><V44/><F71/><W55/><G55/><T133/><D133/><U27/><E27/><N who="0" m="10313" /><D11/><U64/><E128/><V62/><F62/><W114/><G114/><T131/><D131/><U109/><E109/><V87/><F103/><W28/><G28/><T8/><D8/><N who="3" m="3177" /><G63/><T82/><D82/><U15/><E59/><AGARI ba="0,0" hai="12,13,51,52,59,100,101,102" m="10313,1642" machi="59" ten="30,8000,1" yaku="8,1,52,3,54,1" doraHai="20" who="0" fromWho="1" sc="280,80,363,-80,320,0,37,0" /><INIT seed="3,0,0,5,1,121" ten="360,283,320,37" oya="3" hai0="12,120,127,66,34,17,61,74,47,27,20,38,92" hai1="26,37,100,83,124,49,96,25,6,134,98,117,75" hai2="90,99,58,97,115,94,123,70,42,0,48,5,106" hai3="11,73,133,95,104,126,23,86,67,19,30,29,44"/><W51/><G104/><T1/><D74/><U21/><E37/><V69/><F115/><W35/><G73/><T16/><D1/><U33/><E117/><V36/><F36/><W68/><G133/><T39/><D127/><U135/><E124/><V24/><F5/><W77/><G126/><T9/><D34/><U87/><E33/><V40/><F0/><W2/><G68/><T122/><D47/><U46/><E75/><V56/><F24/><W15/><G67/><T109/><D109/><U112/><E112/><V53/><F106/><W81/><G95/><T91/><D122/><U10/><E134/><V76/><F76/><W31/><G35/><T88/><D91/><U105/><E21/><V110/><F123/><W107/><G107/><T79/><D79/><U129/><E98/><V114/><F114/><W13/><G2/><T111/><D111/><U50/><E50/><V41/><F97/><W102/><G102/><T22/><D9/><U119/><E119/><V113/><F113/><W82/><G82/><T18/><D18/><U108/><E108/><V118/><F118/><W57/><G57/><T72/><D72/><U54/><E129/><V14/><F110/><W8/><REACH who="3" step="1"/><G15/><REACH who="3" ten="360,283,320,27" step="2"/><T52/><D120/><U7/><E135/><V89/><F14/><W130/><G130/><T55/><D66/><U43/><E83/><V62/><F70/><W60/><G60/><T131/><D61/><U32/><E105/><V65/><F69/><W28/><N who="3" m="7680" /><DORA hai="101" /><W93/><G93/><T4/><D131/><U80/><E32/><V45/><F58/><W116/><G116/><RYUUKYOKU ba="0,1" sc="360,-15,283,-15,320,15,27,15" hai2="40,41,42,45,48,53,56,62,65,89,90,94,99" hai3="8,11,13,19,23,44,51,77,81,86" /><INIT seed="3,1,1,5,3,70" ten="345,268,335,42" oya="3" hai0="123,5,28,45,4,71,132,129,13,127,7,31,76" hai1="11,91,73,97,94,24,130,46,9,60,47,39,6" hai2="121,34,126,116,81,0,44,2,33,38,101,36,26" hai3="83,87,103,72,53,107,95,42,106,64,16,12,80"/><W88/><G64/><T119/><D71/><U35/><E130/><V75/><F44/><W128/><G128/><T30/><D76/><U19/><E73/><V29/><F116/><W78/><G42/><T98/><D129/><U111/><E111/><V84/><F84/><W93/><G53/><T77/><D77/><U22/><E35/><V37/><F126/><W124/><G124/><T74/><D74/><U48/><E60/><V120/><F101/><W59/><G59/><T109/><D98/><U131/><E131/><V32/><F81/><W79/><G103/><T52/><D119/><U63/><E63/><V1/><F75/><W105/><REACH who="3" step="1"/><G79/><REACH who="3" ten="345,268,335,32" step="2"/><T114/><D52/><U15/><E47/><V133/><F133/><W40/><G40/><T67/><D132/><U82/><E48/><V118/><F118/><W122/><G122/><AGARI ba="1,2" hai="0,1,2,26,29,32,33,34,36,37,38,120,121,122" machi="122" ten="50,12000,2" yaku="13,1,23,2,52,3" doraHai="70" who="2" fromWho="3" sc="345,0,268,0,335,143,32,-123" owari="345,15.0,268,-13.0,478,57.0,-91,-59.0" /></mjloggm>