<mjloggm ver="2.3"><GO type="97" lobby="0"/><UN n0="%E3%82%A6%E3%83%AB%E3%83%88%E3%83%A9%E7%AB%8B%E7%9B%B4" n1="%E8%B6%85%E4%BA%BA%EF%BC%AD" n2="%69%6B%65%7A%61%6B%69" n3="%E3%81%B2%E3%81%A3%E3%81%B4%E3%83%BC" dan="14,14,13,13" rate="1942.56,1990.86,1863.37,1816.93" sx="M,M,M,M"/><TAIKYOKU oya="0"/><INIT seed="0,0,0,0,5,93" ten="250,250,250,250" oya="0" hai0="47,1,113,132,112,114,76,43,74,41,120,83,124" hai1="105,82,34,13,29,70,103,50,110,123,4,125,46" hai2="57,95,108,60,90,80,56,78,54,91,0,128,131" hai3="66,61,64,10,2,77,84,127,135,117,118,31,19"/><T111/><D120/><U28/><E70/><V49/><F0/><W75/><G135/><T99/><D124/><U116/><E123/><V119/><F119/><W38/><G38/><T97/><D132/><U14/><E116/><V22/><F108/><W35/><G127/><T71/><D71/><U92/><E105/><V130/><F22/><W36/><G36/><T26/><D111/><U17/><E34/><V102/><F102/><W134/><G84/><T62/><D1/><U32/><E82/><V37/><F37/><W39/><G39/><T55/><D43/><N who="1" m="24927" /><E32/><V42/><F42/><W40/><G40/><T67/><D41/><U109/><E125/><V86/><REACH who="2" step="1"/><F95/><REACH who="2" ten="250,250,240,250" step="2"/><W58/><G118/><T52/><D113/><U107/><E110/><V73/><F73/><W69/><G2/><T33/><D112/><U6/><E107/><V121/><F121/><W89/><G117/><T24/><D114/><U16/><E109/><V81/><F81/><W68/><G134/><T104/><D104/><U59/><E92/><V53/><AGARI ba="0,1" hai="49,53,54,56,57,60,78,80,86,90,91,128,130,131" machi="53" ten="40,8000,1" yaku="1,1,0,1,19,1,53,1" doraHai="93" doraHaiUra="44" who="2" fromWho="2" sc="250,-40,250,-20,240,90,250,-20" /><INIT seed="1,0,0,0,0,24" ten="210,230,330,230" oya="1" hai0="103,64,47,92,19,21,125,135,74,23,122,49,4" hai1="67,46,109,65,45,8,12,99,27,102,120,2,31" hai2="105,110,16,52,128,117,80,66,107,133,98,9,63" hai3="89,41,40,28,116,121,87,0,132,81,104,54,134"/><U126/><E2/><V77/><F117/><W26/><G121/><T90/><D74/><U95/><E120/><V51/><F133/><W106/><G116/><T93/><D122/><U32/><E126/><V100/><F128/><W115/><G115/><T33/><D33/><U70/><E109/><V3/><F110/><W96/><G0/><T131/><D131/><U35/><E35/><V11/><F3/><W124/><G124/><T34/><D34/><U59/><E70/><V37/><F37/><W123/><G123/><T69/><D69/><U84/><E84/><V94/><F11/><W130/><G130/><T71/><D71/><U57/><E57/><V1/><F1/><W85/><G54/><T61/><D4/><U10/><E10/><V29/><F29/><W112/><G112/><T76/><D76/><U114/><E114/><V20/><F9/><W42/><G96/><N who="0" m="59783" /><D125/><U97/><E97/><V127/><F63/><W82/><G106/><T68/><D135/><N who="3" m="51753" /><G104/><T78/><D78/><U119/><E119/><V36/><F36/><W5/><G5/><T91/><D68/><U50/><E59/><V58/><F66/><W75/><G75/><T25/><D64/><U55/><REACH who="1" step="1"/><E46/><REACH who="1" ten="210,220,330,230" step="2"/><V38/><F127/><W118/><G118/><T30/><D61/><U14/><E14/><V13/><F38/><W22/><G87/><AGARI ba="0,1" hai="13,16,20,51,52,58,77,80,87,94,98,100,105,107" machi="87" ten="30,3900,0" yaku="7,1,54,2" doraHai="24" who="2" fromWho="3" sc="210,0,220,0,330,49,230,-39" /><INIT seed="2,0,0,0,3,3" ten="210,220,379,191" oya="2" hai0="19,68,4,104,55,6,34,5,47,52,95,100,98" hai1="13,24,16,88,22,43,63,122,89,25,90,108,99" hai2="0,101,87,36,84,80,135,2,115,10,41,73,61" hai3="123,32,12,8,105,133,50,85,129,17,79,30,44"/><V131/><F101/><W92/><G123/><T107/><D68/><U119/><E119/><V37/><F115/><W49/><G105/><T117/><D117/><U113/><E113/><V114/><F114/><W70/><G70/><T78/><D34/><U109/><E122/><V9/><F61/><W60/><G60/><T67/><D67/><U126/><E126/><V56/><F56/><W46/><G133/><T128/><D128/><U48/><E63/><V93/><F93/><W77/><G129/><T116/><D116/><U51/><E99/><V62/><F62/><W118/><G118/><T132/><D132/><U112/><E112/><V97/><F97/><W14/><G30/><T66/><D66/><U39/><E39/><V20/><F20/><N who="3" m="11303" /><G32/><T76/><D107/><U53/><E43/><V64/><F64/><W127/><G127/><T33/><D33/><U40/><E40/><V102/><F102/><W23/><G23/><T57/><D104/><U96/><E96/><V83/><F131/><W110/><G110/><N who="1" m="42602" /><E51/><N who="3" m="19466" /><G92/><T130/><D130/><U58/><AGARI ba="0,0" hai="13,16,22,24,25,48,53,58,88,89,90" m="42602" machi="58" ten="30,4000,0" yaku="14,1,54,2" doraHai="3" who="1" fromWho="1" sc="210,-10,220,40,379,-20,191,-10" /><INIT seed="3,0,0,0,2,72" ten="200,260,359,181" oya="3" hai0="125,32,92,108,107,87,53,88,65,64,37,9,109" hai1="40,51,35,19,95,132,74,28,111,121,6,34,123" hai2="2,117,56,20,89,58,113,129,3,39,8,26,25" hai3="106,7,62,22,54,79,126,99,69,83,114,93,50"/><W31/><G114/><T128/><D32/><U49/><E6/><V46/><F117/><W124/><G106/><T122/><D122/><U57/><E132/><V112/><F129/><W110/><G110/><N who="0" m="42603" /><D107/><U118/><E111/><V97/><F113/><W21/><G7/><T12/><D37/><U71/><E71/><V15/><F112/><W23/><G69/><T18/><D128/><U27/><E35/><V43/><F2/><W59/><G31/><T42/><D42/><U24/><E74/><V119/><F3/><W45/><G99/><T84/><D125/><N who="3" m="48233" /><G93/><T101/><D101/><U91/><E118/><V94/><F119/><W90/><G90/><N who="0" m="53319" /><D53/><U48/><E40/><V76/><F76/><W86/><G45/><T11/><D11/><U0/><E0/><V41/><F41/><W116/><G116/><T38/><D38/><U47/><E47/><V73/><F73/><W82/><G82/><AGARI ba="0,0" hai="9,12,18,64,65,82,87,88" m="53319,42603" machi="82" ten="30,2000,0" yaku="14,1,54,1" doraHai="72" who="0" fromWho="3" sc="200,20,260,0,359,0,181,-20" owari="220,-18.0,260,6.0,359,46.0,161,-34.0" /></mjloggm>