<mjloggm ver="2.3"><GO type="97" lobby="0"/><UN n0="%E3%81%BB%E3%81%A7%E3%81%95%E3%81%8C%E3%81%BD%E3%82%93" n1="%E5%B0%B1%E6%B4%BB%E7%94%9F%40%E5%B7%9D%E6%9D%91%E8%BB%8D%E5%9B%A3" n2="%EF%BC%B0%E3%82%B3%E3%83%AD%EF%BC%A0%E5%B7%9D%E6%9D%91%E8%BB%8D%E5%9B%A3" n3="%E3%83%8F%E3%82%A4%E3%83%91%E3%83%BC%E8%97%A4%E6%B3%A2" dan="14,15,14,14" rate="1992.35,1975.62,1941.42,1946.37" sx="M,M,F,M"/><TAIKYOKU oya="0"/><INIT seed="0,0,0,0,2,72" ten="250,250,250,250" oya="0" hai0="42,109,99,104,5,82,7,60,24,108,132,4,93" hai1="86,51,111,89,29,66,68,33,71,31,38,121,17" hai2="119,67,126,115,32,73,23,87,117,70,11,76,69" hai3="128,90,85,27,55,84,74,35,39,96,106,88,64"/><T100/><D132/><U81/><E38/><V21/><F115/><W91/><G39/><T8/><D42/><U92/><E121/><V34/><F73/><W10/><G128/><T37/><D37/><U122/><E111/><N who="0" m="42569" /><D24/><U112/><E122/><V63/><F70/><W80/><G64/><T40/><D40/><U12/><E112/><V46/><F46/><W107/><G55/><T116/><D116/><N who="2" m="44618" /><F126/><W54/><G54/><T120/><D120/><U45/><E33/><N who="2" m="12907" /><F11/><W52/><G52/><T102/><D102/><U53/><E66/><V130/><F130/><W41/><G41/><T133/><D133/><U15/><E15/><V65/><F65/><W44/><G44/><T97/><D60/><U98/><E71/><V16/><F16/><W14/><G27/><T59/><D59/><U6/><E6/><V49/><F49/><W105/><G35/><T94/><D82/><AGARI ba="0,0" hai="21,23,63,67,69,76,82,87" m="12907,44618" machi="82" ten="30,2000,0" yaku="12,1,52,1" doraHai="72" who="2" fromWho="0" sc="250,-20,250,0,250,20,250,0" /><INIT seed="1,0,0,4,2,76" ten="230,250,270,250" oya="1" hai0="125,114,38,72,42,108,28,117,14,7,16,92,82" hai1="128,30,127,6,101,57,118,21,36,100,43,11,89" hai2="39,107,106,5,71,120,50,109,79,4,48,133,87" hai3="126,131,97,45,20,64,37,61,10,62,96,59,105"/><U44/><E118/><V74/><F120/><W25/><G131/><T129/><D114/><U103/><E128/><V22/><F74/><W13/><G126/><T60/><D117/><U84/><E127/><V115/><F39/><W27/><G105/><T49/><D38/><U75/><E75/><V0/><F71/><W121/><G121/><T63/><D7/><U34/><E34/><V17/><F115/><W12/><G37/><T18/><D125/><U70/><E70/><V85/><F109/><W91/><G45/><T53/><D42/><U122/><E122/><V40/><F133/><W80/><G61/><T23/><D108/><U78/><E78/><V2/><F40/><W77/><G27/><T95/><D28/><U3/><E57/><V83/><F22/><W1/><G1/><T31/><D31/><U98/><E21/><V67/><F79/><W8/><G91/><T52/><D72/><U134/><E30/><V135/><F135/><W88/><G77/><T55/><D82/><U41/><E41/><V124/><F124/><W81/><G96/><T132/><D129/><U68/><E68/><V26/><F26/><W112/><G112/><T9/><D49/><U123/><E123/><V29/><F29/><N who="3" m="17575" /><G13/><N who="0" m="7215" /><D132/><U33/><E33/><V19/><F67/><W104/><G104/><T94/><AGARI ba="0,0" hai="14,18,23,52,53,55,60,63,92,94,95" m="7215" machi="94" ten="30,4000,0" yaku="8,1,54,2" doraHai="76" who="0" fromWho="0" sc="230,40,250,-20,270,-10,250,-10" /><INIT seed="2,0,0,4,0,105" ten="270,230,260,240" oya="2" hai0="111,14,127,132,34,56,42,108,3,48,134,68,46" hai1="57,59,41,81,99,71,103,83,6,24,97,58,100" hai2="1,96,112,61,13,47,49,114,2,44,92,45,4" hai3="77,31,80,121,84,66,128,55,74,70,131,19,76"/><V89/><F61/><N who="3" m="40271" /><G31/><T35/><D68/><U53/><E71/><V129/><F129/><N who="3" m="49739" /><G121/><T90/><D56/><N who="1" m="21611" /><E6/><V106/><F49/><W16/><G55/><T54/><D54/><U124/><E124/><V37/><F37/><W101/><G101/><N who="1" m="38986" /><E41/><V130/><F106/><W69/><G69/><T20/><D3/><U21/><N who="1" m="21619" /><U85/><DORA hai="51" /><E53/><V43/><F130/><W72/><G77/><T107/><D127/><U32/><E32/><N who="0" m="12329" /><D107/><U65/><E65/><V135/><F43/><W93/><G93/><T11/><D90/><N who="1" m="51503" /><E83/><V62/><F62/><W50/><G50/><T78/><D78/><U29/><AGARI ba="0,0" hai="21,24,29,97,99" m="51503,38986,21619" machi="29" ten="40,1500,0" yaku="8,1" doraHai="105,51" who="1" fromWho="1" sc="270,-4,230,15,260,-7,240,-4" /><INIT seed="3,0,0,0,5,93" ten="266,245,253,236" oya="3" hai0="7,35,112,113,103,120,114,45,41,135,64,107,116" hai1="11,65,49,95,102,51,118,73,4,20,81,87,126" hai2="1,117,13,23,83,34,98,46,14,130,58,104,66" hai3="3,128,28,33,75,86,72,90,19,110,124,10,17"/><W2/><G124/><T99/><D35/><U88/><E118/><V29/><F1/><W119/><G119/><T127/><D116/><U105/><E126/><V15/><F117/><W74/><G128/><T24/><D127/><U42/><E105/><V47/><F130/><W115/><G115/><T76/><D120/><U39/><E65/><V78/><F34/><W61/><G110/><T101/><D135/><U53/><E20/><V82/><F29/><W96/><G61/><T56/><D103/><U109/><E109/><V5/><F5/><W63/><G63/><N who="0" m="37991" /><D76/><N who="1" m="44175" /><E53/><V131/><F131/><W6/><G3/><T108/><D108/><U16/><E16/><V79/><F23/><W26/><REACH who="3" step="1"/><G86/><REACH who="3" ten="266,245,253,226" step="2"/><T71/><D71/><U30/><E87/><V77/><F66/><W50/><G50/><N who="0" m="26927" /><D7/><U111/><E4/><V44/><REACH who="2" step="1"/><F58/><REACH who="2" ten="266,245,243,226" step="2"/><W25/><G25/><AGARI ba="0,2" hai="24,25,99,101,107,112,113,114" m="26927,37991" machi="25" ten="30,2000,0" yaku="11,1,52,1" doraHai="93" who="0" fromWho="3" sc="266,40,245,0,243,0,226,-20" owari="306,40.0,245,5.0,243,-16.0,206,-29.0" /></mjloggm>