<mjloggm ver="2.3"><GO type="97" lobby="0"/><UN n0="%6D%69%74%61" n1="%E3%82%A6%E3%83%AB%E3%83%88%E3%83%A9%E7%AB%8B%E7%9B%B4" n2="%E3%83%A1%E3%83%B3%E3%83%98%E3%83%A9" n3="%E3%82%A8%E3%83%B3%E3%82%AD%E3%83%89%E3%82%A5" dan="14,15,14,13" rate="1906.19,1959.08,1961.65,1881.81" sx="M,M,M,M"/><TAIKYOKU oya="0"/><INIT seed="0,0,0,4,4,123" ten="250,250,250,250" oya="0" hai0="69,100,40,15,61,128,38,37,102,46,125,10,112" hai1="106,24,82,18,132,97,42,25,11,93,121,57,108" hai2="124,52,51,79,91,12,129,60,104,77,27,17,126" hai3="89,120,36,83,78,135,55,90,29,6,2,13,86"/><T30/><D112/><U63/><E106/><V98/><F129/><W117/><G120/><T75/><D75/><U71/><E71/><V107/><F60/><W101/><G117/><T119/><D128/><U1/><E121/><V122/><F27/><W47/><G135/><T111/><D119/><U65/><E132/><V59/><F122/><W39/><G29/><T66/><D125/><N who="2" m="48234" /><F91/><W103/><G2/><T130/><D38/><U68/><E68/><V48/><F51/><N who="3" m="29183" /><G36/><T28/><D130/><U23/><E42/><V0/><F0/><W94/><G39/><T115/><D30/><U70/><E70/><V50/><F50/><W88/><G6/><T133/><D28/><U131/><E25/><V67/><F67/><W44/><G44/><T110/><D133/><U96/><E131/><V4/><F4/><W22/><G94/><T33/><D33/><U54/><E65/><V109/><F98/><W16/><AGARI ba="0,0" hai="13,16,22,78,83,86,88,89,90,101,103" m="29183" machi="16" ten="30,4000,0" yaku="8,1,54,2" doraHai="123" who="3" fromWho="3" sc="250,-20,250,-10,250,-10,250,40" /><INIT seed="1,0,0,1,2,85" ten="230,240,240,290" oya="1" hai0="51,82,23,6,100,16,48,108,65,5,86,57,25" hai1="22,110,31,107,117,14,62,128,96,93,10,134,73" hai2="44,109,95,70,75,84,27,4,30,49,118,111,112" hai3="114,132,28,21,11,120,133,113,127,125,130,124,66"/><U119/><E73/><V81/><F70/><W18/><G66/><T135/><D108/><N who="2" m="41546" /><F118/><W104/><G104/><T1/><D100/><U78/><E78/><N who="2" m="44255" /><F4/><W131/><G120/><T15/><D135/><N who="3" m="51785" /><G28/><T126/><D126/><U99/><E110/><V79/><F79/><W33/><G33/><T116/><D116/><U92/><E107/><V55/><F112/><W98/><G98/><T19/><D1/><U74/><E74/><V88/><F30/><W59/><G59/><T121/><D6/><U8/><E128/><N who="3" m="49194" /><G11/><T26/><D121/><U101/><E134/><V80/><F27/><AGARI ba="0,0" hai="18,21,27,113,114,124,125,127" m="49194,51785" machi="27" ten="40,32000,5" yakuman="39" doraHai="85" who="3" fromWho="2" sc="230,0,240,0,240,-320,290,320" owari="230,-17.0,240,4.0,-80,-58.0,610,71.0" /></mjloggm>