<mjloggm ver="2.3"><GO type="97" lobby="0"/><UN n0="%E5%B0%B1%E6%B4%BB%E7%94%9F%40%E5%B7%9D%E6%9D%91%E8%BB%8D%E5%9B%A3" n1="%E3%81%9F%E3%81%A1%E3%81%82%E3%81%AA" n2="%E5%A5%88%E8%89%AF%E6%9C%A8%E5%86%8D%E7%94%9F" n3="%67%61%72%75%63%69%61" dan="14,14,14,14" rate="1964.04,1886.17,1964.96,1949.77" sx="M,F,M,M"/><TAIKYOKU oya="0"/><INIT seed="0,0,0,5,1,84" ten="250,250,250,250" oya="0" hai0="45,41,1,61,63,57,31,119,86,6,48,7,27" hai1="78,47,16,101,28,26,71,115,20,32,112,73,2" hai2="75,85,17,35,105,72,110,12,60,74,109,80,91" hai3="34,135,56,30,52,122,46,19,133,68,128,134,15"/><T96/><D119/><U70/><E2/><V13/><F35/><W132/><N who="3" m="34304" /><DORA hai="87" /><W76/><G68/><T88/><D96/><U113/><E101/><V118/><F118/><W62/><G128/><T90/><D61/><U42/><E78/><V81/><F105/><W64/><G122/><T3/><D3/><U108/><E73/><V24/><F60/><W98/><G76/><T36/><D36/><U51/><REACH who="1" step="1"/><E108/><REACH who="1" ten="250,240,250,250" step="2"/><N who="2" m="41579" /><F80/><W33/><G30/><T77/><D1/><U116/><E116/><V114/><F114/><W25/><G25/><AGARI ba="0,1" hai="16,20,25,26,28,32,42,47,51,70,71,112,113,115" machi="25" ten="40,8000,1" yaku="1,1,11,1,54,1,53,1" doraHai="84,87" doraHaiUra="37,102" who="1" fromWho="3" sc="250,0,240,90,250,0,250,-80" /><INIT seed="1,0,0,0,4,26" ten="250,330,250,170" oya="1" hai0="92,97,86,123,17,55,23,106,10,25,31,59,2" hai1="37,124,122,52,131,73,29,28,95,16,51,24,39" hai2="0,32,89,50,82,65,87,134,76,102,78,61,77" hai3="14,44,1,99,103,100,15,130,30,126,8,48,3"/><U132/><E73/><V127/><F0/><W109/><G109/><T19/><D106/><U113/><E113/><V66/><F32/><W5/><G126/><T7/><D123/><U115/><E115/><V45/><F134/><W63/><G130/><T111/><D111/><U71/><E71/><V36/><F36/><W112/><G112/><T83/><D97/><U13/><E122/><V49/><F127/><W135/><G135/><T74/><D92/><U75/><E75/><V35/><F35/><W91/><G63/><T12/><D74/><U70/><E70/><V98/><F50/><W93/><G1/><T133/><D2/><U125/><E131/><V90/><F90/><W47/><G47/><T104/><D104/><U108/><E108/><V21/><F21/><W42/><G3/><T72/><D72/><U64/><E132/><V27/><F27/><W53/><G42/><T69/><D69/><U110/><E110/><V57/><F66/><W43/><G43/><T128/><D128/><U58/><E37/><V4/><F4/><W114/><G114/><T129/><D129/><U119/><E39/><V46/><REACH who="2" step="1"/><F49/><REACH who="2" ten="250,330,240,170" step="2"/><W107/><G107/><AGARI ba="0,1" hai="45,46,57,61,65,76,77,78,82,87,89,98,102,107" machi="107" ten="40,2600,0" yaku="1,1,2,1,53,0" doraHai="26" doraHaiUra="11" who="2" fromWho="3" sc="250,0,330,0,240,36,170,-26" /><INIT seed="2,0,0,0,5,61" ten="250,330,276,144" oya="2" hai0="131,128,110,18,76,101,86,89,83,111,24,84,60" hai1="79,39,97,63,64,14,20,31,74,87,99,41,25" hai2="92,122,0,2,45,38,125,62,127,126,32,52,96" hai3="65,77,36,3,19,12,71,58,82,90,8,134,106"/><V57/><F32/><W42/><G106/><T73/><D24/><U67/><E74/><V17/><F122/><W53/><G3/><T49/><D49/><U113/><E113/><V37/><F17/><W27/><G134/><T22/><D18/><U103/><E14/><V59/><F57/><W33/><G71/><T40/><D40/><U7/><E7/><V48/><F2/><W98/><G36/><T4/><D4/><U109/><E109/><N who="0" m="41481" /><D22/><U105/><E63/><V13/><F13/><W116/><G42/><T56/><D101/><U9/><E9/><V34/><F34/><W80/><G116/><T112/><D112/><U93/><E41/><V135/><F135/><W29/><G65/><N who="0" m="39047" /><D86/><U88/><REACH who="1" step="1"/><E39/><REACH who="1" ten="250,320,276,144" step="2"/><V85/><F0/><W15/><G15/><T123/><D123/><U28/><E28/><V6/><F6/><W118/><G118/><T44/><D73/><U108/><E108/><V47/><F85/><W43/><G43/><T68/><D84/><U30/><E30/><V102/><REACH who="2" step="1"/><F47/><REACH who="2" ten="250,320,266,144" step="2"/><W72/><G72/><T1/><D44/><U133/><E133/><V11/><F11/><W115/><G115/><T66/><D1/><U95/><E95/><V51/><F51/><N who="3" m="31039" /><G77/><T21/><D21/><U78/><E78/><V124/><N who="2" m="32256" /><DORA hai="129" /><V55/><AGARI ba="0,2" hai="37,38,45,48,52,55,59,62,92,96,102" m="32256" machi="55" ten="60,12000,1" yaku="1,1,4,1,0,1,18,1,54,1,53,0" doraHai="61,129" doraHaiUra="10,114" who="2" fromWho="2" sc="250,-40,320,-40,266,140,144,-40" /><INIT seed="2,1,0,5,3,16" ten="210,280,406,104" oya="2" hai0="73,42,68,105,129,32,30,59,47,80,66,134,135" hai1="41,127,36,5,120,67,21,103,99,122,119,91,55" hai2="115,92,124,106,87,84,107,114,1,110,83,39,50" hai3="75,24,26,13,77,2,33,94,130,101,65,48,76"/><V71/><F39/><W22/><G2/><T69/><D105/><N who="2" m="39946" /><F71/><N who="0" m="27210" /><D30/><U29/><E67/><V89/><F50/><W52/><G130/><T57/><D32/><U74/><E74/><V96/><F1/><W90/><G65/><T3/><D3/><U81/><E119/><V131/><F124/><W123/><G123/><T82/><D73/><U45/><E127/><V109/><F87/><W126/><G126/><T40/><D129/><U104/><E5/><V60/><F60/><W63/><G63/><T128/><D128/><U61/><E61/><V4/><F4/><W121/><G101/><T34/><D34/><U133/><E55/><V113/><F131/><W125/><G125/><T78/><D78/><AGARI ba="1,0" hai="78,83,84,89,92,96,109,110,113,114,115" m="39946" machi="78" ten="40,3900,0" yaku="34,2" doraHai="16" who="2" fromWho="0" sc="210,-42,280,0,406,42,104,0" /><INIT seed="2,2,0,0,0,87" ten="168,280,448,104" oya="2" hai0="1,29,6,112,18,95,105,129,121,64,133,45,94" hai1="12,67,131,31,74,109,130,16,19,48,47,85,30" hai2="8,21,56,46,28,115,97,132,98,24,4,14,22" hai3="63,118,117,125,135,32,10,11,70,103,82,65,80"/><V93/><F132/><W123/><G123/><T53/><D105/><U42/><E74/><V71/><F71/><W111/><G135/><T37/><D121/><U41/><E109/><V51/><F115/><W13/><G111/><T91/><D112/><U9/><E67/><V27/><F56/><W84/><G32/><T77/><D77/><U76/><E41/><V102/><F98/><W44/><G125/><T113/><D113/><U122/><E122/><V104/><F104/><W78/><G103/><T2/><D29/><U34/><E34/><V5/><F4/><W66/><G10/><T110/><D64/><U35/><E35/><V120/><F120/><W38/><G66/><T124/><D53/><U108/><E19/><V101/><F102/><W134/><G134/><T36/><D45/><U126/><E126/><V7/><F5/><W81/><G81/><T55/><D55/><U88/><E76/><V100/><F101/><W20/><G20/><T3/><D18/><U92/><REACH who="1" step="1"/><E108/><REACH who="1" ten="168,270,448,104" step="2"/><V127/><F127/><W57/><G70/><T26/><D124/><U83/><E83/><V39/><F39/><W68/><G68/><T79/><D37/><U54/><E54/><V128/><F128/><AGARI ba="2,1" hai="9,12,16,30,31,42,47,48,85,88,92,128,130,131" machi="128" ten="40,8000,1" yaku="1,1,19,1,52,1,54,2,53,0" doraHai="87" doraHaiUra="17" who="1" fromWho="2" sc="168,0,270,96,448,-86,104,0" /><INIT seed="3,0,0,4,0,48" ten="168,366,362,104" oya="3" hai0="80,57,40,93,131,29,41,10,78,43,115,106,64" hai1="33,58,132,35,95,92,12,52,46,26,7,34,37" hai2="45,49,6,67,125,112,117,129,118,14,63,88,13" hai3="30,16,83,102,5,107,62,44,89,39,60,120,99"/><W75/><G120/><T103/><D106/><U25/><E132/><V42/><F112/><W4/><G30/><T127/><D115/><U121/><E121/><V54/><F125/><W19/><G62/><N who="0" m="37967" /><D127/><U51/><E7/><V1/><F129/><W20/><G60/><T28/><D131/><U113/><E113/><V11/><F42/><W76/><G19/><T130/><D130/><U119/><E119/><V90/><F118/><W36/><G89/><T114/><D114/><U69/><E69/><V38/><F38/><W104/><G104/><T59/><D59/><U96/><E12/><V108/><F108/><W21/><G21/><T65/><D65/><U70/><E70/><V100/><F100/><W3/><G3/><T18/><D80/><U22/><E22/><V47/><F47/><W77/><G77/><T85/><D78/><U72/><E72/><V61/><F61/><W0/><G0/><T128/><D128/><U2/><E2/><V50/><F50/><W8/><G8/><T53/><D53/><U68/><E68/><V31/><F31/><W91/><G91/><N who="2" m="34857" /><F117/><W66/><G66/><T133/><D133/><U109/><E109/><V81/><F81/><W71/><G71/><T73/><D73/><U110/><E110/><V134/><F134/><W101/><G101/><T74/><D74/><U86/><E35/><V122/><F122/><W135/><G135/><T98/><D85/><U94/><E33/><V55/><F67/><W82/><G82/><T24/><D24/><U27/><E34/><V111/><F111/><W56/><G56/><T124/><D124/><RYUUKYOKU ba="0,0" sc="168,15,366,-15,362,15,104,-15" hai0="10,18,28,29,40,41,43,93,98,103" hai2="1,6,11,13,14,45,49,54,55,63" owari="183,-22.0,351,15.0,377,48.0,89,-41.0" /></mjloggm>