<mjloggm ver="2.3"><GO type="41" lobby="0"/><UN n0="%6D%2E%6D" n1="%28%C2%B4%E3%83%BB%D1%81%5F%E3%83%BB%EF%BD%80%29" n2="%50%55%59%4F%50%4F%50" n3="%E5%B0%B1%E6%B4%BB%E7%94%9F%40%E5%B7%9D%E6%9D%91%E8%BB%8D%E5%9B%A3" dan="14,15,15,15" rate="1977.44,1987.55,2023.58,2027.58" sx="M,M,M,M"/><TAIKYOKU oya="0"/><INIT seed="0,0,0,0,5,95" ten="250,250,250,250" oya="0" hai0="100,76,113,47,0,117,39,46,68,66,16,36,17" hai1="119,110,116,55,85,128,37,65,107,7,87,88,49" hai2="132,96,5,123,92,72,27,122,78,103,105,104,22" hai3="26,9,80,114,56,18,124,52,115,34,48,41,12"/><T33/><D113/><U1/><E107/><V111/><F5/><W74/><G124/><T67/><D117/><U3/><E37/><V63/><F63/><W82/><G41/><T70/><D33/><U109/><E65/><V44/><F44/><W21/><G34/><T59/><D59/><N who="1" m="33263" /><E87/><V86/><F111/><N who="1" m="42505" /><E128/><V40/><F40/><W134/><G134/><T108/><D108/><U45/><E45/><V73/><F22/><W129/><G129/><T91/><D91/><U130/><E130/><V23/><F23/><W125/><G125/><T24/><D24/><U25/><E25/><V43/><F43/><W42/><G42/><T89/><D89/><U94/><E7/><V54/><F54/><W64/><G64/><T126/><D100/><U120/><E120/><N who="2" m="46123" /><F132/><W77/><REACH who="3" step="1"/><G80/><REACH who="3" ten="250,250,250,240" step="2"/><T60/><D126/><U14/><E119/><V69/><F69/><W35/><G35/><T11/><D67/><U30/><E116/><V2/><F27/><W32/><G32/><T127/><D127/><U106/><E3/><V102/><F2/><W51/><G51/><T6/><D70/><U79/><E1/><V98/><F92/><W15/><G15/><T121/><D121/><U61/><E14/><V19/><F19/><AGARI ba="0,1" hai="9,12,18,19,21,26,48,52,56,74,77,82,114,115" machi="19" ten="30,7700,0" yaku="1,1,7,1,54,1,53,1" doraHai="95" doraHaiUra="8" who="3" fromWho="2" sc="250,0,250,0,250,-77,240,87" /><INIT seed="1,0,0,4,1,40" ten="250,250,173,327" oya="1" hai0="43,118,129,111,74,121,20,127,37,17,19,64,131" hai1="54,61,4,27,12,79,66,68,115,33,119,15,35" hai2="124,8,87,9,73,91,106,77,34,100,80,81,86" hai3="0,56,83,16,36,120,85,5,48,39,101,55,41"/><U117/><E115/><V122/><F122/><W84/><G120/><T96/><D64/><U108/><E79/><V49/><F34/><W133/><G133/><T2/><D43/><U126/><E126/><V46/><F124/><W29/><G29/><T75/><D131/><U92/><E108/><V116/><F116/><W18/><G101/><T22/><D22/><U31/><E33/><V21/><F106/><W104/><G104/><T30/><D30/><U7/><E92/><V123/><F123/><W53/><G84/><T130/><D130/><U125/><E125/><V105/><F73/><W23/><G18/><T94/><D20/><U11/><REACH who="1" step="1"/><E54/><REACH who="1" ten="250,240,173,327" step="2"/><V14/><F105/><W13/><G55/><T109/><D111/><U98/><E98/><V97/><F97/><W65/><G53/><T110/><D96/><U42/><E42/><N who="2" m="24791" /><F100/><W59/><G41/><T114/><D109/><U52/><E52/><V90/><F77/><W32/><G32/><T67/><D94/><U93/><E93/><V45/><F45/><W134/><G134/><T128/><D128/><U102/><E102/><V89/><F89/><W57/><G83/><T62/><D110/><U113/><E113/><V6/><F91/><W107/><G107/><T44/><D129/><U1/><E1/><V3/><F90/><W24/><G0/><T135/><D127/><U50/><E50/><V38/><F38/><W47/><G48/><T69/><D135/><U78/><E78/><V103/><F103/><W63/><G39/><T10/><D114/><U112/><E112/><V58/><F81/><W99/><G36/><RYUUKYOKU ba="0,1" sc="250,-10,240,30,173,-10,327,-10" hai1="4,7,11,12,15,27,31,35,61,66,68,117,119" /><INIT seed="1,1,1,5,1,15" ten="240,270,163,317" oya="1" hai0="30,65,69,133,119,77,39,94,92,108,128,126,38" hai1="55,124,2,14,35,116,118,78,72,25,66,67,107" hai2="60,125,90,71,28,13,18,84,101,3,105,21,109" hai3="102,29,68,104,117,36,10,114,111,26,47,41,91"/><U5/><E107/><V106/><F3/><W42/><G114/><T93/><D119/><U19/><E124/><V12/><F125/><W97/><G117/><T31/><D126/><U131/><E131/><V134/><F134/><W51/><G111/><T49/><D133/><U81/><E66/><V0/><F0/><W113/><G113/><T4/><D128/><U43/><E43/><V59/><F71/><W120/><G120/><T63/><D108/><U103/><E103/><V52/><F109/><W45/><G10/><T54/><D77/><U57/><E67/><V79/><F79/><W37/><G91/><T17/><D4/><U33/><E33/><V64/><F64/><W48/><REACH who="3" step="1"/><G68/><REACH who="3" ten="240,270,163,307" step="2"/><T50/><D38/><U76/><E118/><V46/><F101/><W20/><AGARI ba="1,2" hai="20,26,29,36,37,41,42,45,47,48,51,97,102,104" machi="20" ten="20,12000,2" yaku="1,1,2,1,0,1,7,1,9,1,53,1" doraHai="15" doraHaiUra="22" who="3" fromWho="3" sc="240,-31,270,-61,163,-31,307,143" /><INIT seed="2,0,0,0,1,127" ten="209,209,132,450" oya="2" hai0="93,121,73,24,74,118,28,119,68,112,124,55,33" hai1="45,38,79,30,54,114,59,131,125,113,26,25,66" hai2="8,81,72,76,102,100,14,3,122,41,103,35,128" hai3="105,110,57,101,87,1,69,27,70,40,86,88,108"/><V10/><F122/><W43/><G1/><T56/><D121/><U117/><E117/><N who="0" m="44553" /><D112/><U62/><E125/><V90/><F35/><W98/><G87/><T44/><D124/><U75/><E26/><V106/><F3/><W53/><G27/><T78/><D68/><U36/><E79/><V9/><F106/><W2/><G2/><T12/><D78/><U109/><E75/><V52/><F41/><W67/><G67/><T20/><D44/><U123/><E123/><V85/><F52/><W133/><G133/><T82/><D82/><U94/><E113/><V63/><F63/><W91/><G91/><T104/><D104/><U6/><E114/><V130/><REACH who="2" step="1"/><F14/><REACH who="2" ten="209,209,122,450" step="2"/><W84/><G43/><T99/><D12/><U95/><E62/><V51/><F51/><W46/><G40/><T97/><D33/><U32/><E54/><V126/><F126/><W65/><G53/><T58/><D55/><U132/><E32/><V120/><F120/><W111/><G46/><T42/><D42/><U15/><E38/><V39/><F39/><W89/><G65/><T48/><D48/><U4/><E36/><V11/><N who="2" m="2560" /><DORA hai="96" /><V77/><F77/><W129/><G105/><T18/><D58/><U37/><E59/><V31/><F31/><W47/><G57/><T0/><D56/><U19/><E66/><V71/><F71/><W80/><G47/><T17/><D0/><U7/><E45/><V21/><F21/><W107/><G69/><T64/><D64/><U50/><E37/><V92/><AGARI ba="0,1" hai="72,76,81,85,90,92,100,102,103,128,130" m="2560" machi="92" ten="50,18000,2" yaku="1,1,0,1,52,5,53,0" doraHai="127,96" doraHaiUra="61,29" who="2" fromWho="2" sc="209,-60,209,-60,122,190,450,-60" /><INIT seed="2,1,0,5,4,57" ten="149,149,312,390" oya="2" hai0="62,108,6,60,73,67,95,71,121,105,25,42,132" hai1="1,74,81,64,88,24,91,122,112,37,18,63,79" hai2="123,113,120,85,131,27,84,33,2,92,83,50,116" hai3="58,14,44,15,77,41,39,76,97,125,8,66,47"/><V59/><F116/><W56/><G125/><T22/><D121/><U107/><E112/><V17/><F113/><W54/><G58/><T78/><D105/><U102/><E122/><V87/><F2/><W69/><G97/><T13/><D108/><U127/><E127/><V90/><F131/><W45/><G69/><T0/><D0/><U124/><E124/><V130/><F130/><W16/><G66/><T75/><D42/><U118/><E37/><V99/><F123/><W53/><G53/><T128/><D128/><U3/><E118/><V110/><F110/><W28/><G28/><T49/><D49/><U43/><E43/><V89/><F33/><W20/><G41/><T126/><D126/><U36/><E36/><V31/><F31/><W133/><G39/><T40/><D40/><U80/><E80/><V101/><F101/><W82/><G82/><T21/><D132/><U10/><E1/><V4/><F4/><W61/><G133/><T111/><D111/><U103/><E103/><V23/><F120/><W114/><G114/><T51/><D51/><U7/><E102/><V29/><F29/><W117/><G117/><T72/><D78/><U96/><E96/><V109/><F109/><W46/><N who="3" m="11776" /><DORA hai="98" /><W70/><G70/><T5/><D71/><N who="1" m="42399" /><E107/><V134/><REACH who="2" step="1"/><F134/><REACH who="2" ten="149,149,302,390" step="2"/><W32/><G32/><T65/><D5/><AGARI ba="1,1" hai="5,8,14,15,16,20,54,56,61,76,77" m="11776" machi="5" ten="50,6400,0" yaku="8,1,52,1,54,1" doraHai="57,98" who="3" fromWho="0" sc="149,-67,149,0,302,0,390,77" /><INIT seed="3,0,0,2,0,15" ten="82,149,302,467" oya="3" hai0="64,8,7,118,124,109,59,3,135,134,72,45,91" hai1="99,56,110,114,61,9,6,85,127,35,70,18,120" hai2="79,66,22,67,55,95,42,51,82,14,106,128,129" hai3="21,68,132,34,29,62,19,28,16,90,103,2,11"/><W105/><G132/><N who="0" m="50731" /><D72/><U89/><E110/><V108/><F106/><W80/><G34/><T4/><D109/><U39/><E39/><V115/><F115/><W1/><G105/><T101/><D101/><U73/><E73/><V50/><F95/><W47/><G103/><T104/><D104/><U69/><E35/><V116/><F116/><W119/><G119/><T123/><D123/><U111/><E111/><V52/><F108/><W12/><G2/><T27/><D118/><U32/><E32/><V96/><F96/><W113/><G113/><T77/><D77/><U46/><E120/><V71/><F42/><W24/><G1/><T92/><D124/><U58/><E127/><V87/><F71/><W31/><G47/><T38/><D7/><U121/><E121/><V83/><F83/><W60/><G68/><T78/><D78/><U76/><E70/><V36/><F36/><W25/><G25/><T20/><D45/><U81/><E69/><V93/><F93/><W23/><G11/><T130/><D38/><U37/><E37/><V75/><F75/><W33/><G33/><T49/><D130/><N who="2" m="50282" /><F50/><W13/><G24/><T57/><D49/><U17/><E114/><V41/><F41/><W133/><G133/><T30/><D64/><N who="2" m="24618" /><F51/><W88/><G80/><T74/><D74/><U26/><E46/><V122/><F122/><W84/><G84/><AGARI ba="0,0" hai="3,4,8,20,27,30,57,59,84,91,92" m="50731" machi="84" ten="30,1000,0" yaku="20,1" doraHai="15" who="0" fromWho="3" sc="82,10,149,0,302,0,467,-10" /><INIT seed="4,0,0,2,4,107" ten="92,149,302,457" oya="0" hai0="114,75,74,48,61,59,95,82,52,70,123,54,130" hai1="1,66,53,73,5,44,12,42,45,47,32,0,21" hai2="7,96,36,106,129,118,126,39,11,30,51,100,112" hai3="29,57,102,133,67,6,88,87,46,134,3,127,19"/><T104/><D123/><U41/><E32/><V72/><F129/><W63/><G127/><T117/><D130/><U24/><E66/><V4/><F112/><W40/><G29/><T76/><D114/><U16/><E73/><V2/><F30/><W22/><G102/><T31/><D117/><U116/><E116/><V77/><F118/><W92/><G6/><T71/><D104/><U111/><E111/><V35/><F35/><W119/><G3/><T33/><D74/><U15/><E1/><V55/><F7/><W85/><G119/><T28/><D95/><U49/><E0/><V113/><F113/><W65/><G65/><T78/><D78/><U132/><E132/><V98/><F98/><W58/><G58/><T83/><D83/><U108/><E108/><V56/><F126/><W26/><REACH who="3" step="1"/><G85/><REACH who="3" ten="92,149,302,447" step="2"/><T25/><REACH who="0" step="1"/><D28/><REACH who="0" ten="82,149,302,447" step="2"/><U120/><E120/><V34/><F106/><W17/><G17/><T103/><D103/><U125/><E125/><V94/><F100/><W80/><G80/><T93/><D93/><U81/><E81/><V20/><F94/><W122/><G122/><T50/><D50/><AGARI ba="0,2" hai="19,22,26,40,46,50,57,63,67,87,88,92,133,134" machi="50" ten="40,5200,0" yaku="1,1,54,1,53,1" doraHai="107" doraHaiUra="23" who="3" fromWho="0" sc="82,-52,149,0,302,0,447,72" /><INIT seed="5,0,0,0,2,53" ten="30,149,302,519" oya="1" hai0="58,123,48,12,39,112,81,96,77,70,108,129,22" hai1="135,59,44,79,130,13,98,43,102,67,116,6,94" hai2="56,57,37,63,104,105,66,113,17,3,93,30,69" hai3="87,55,76,68,86,50,2,88,71,99,92,52,72"/><U10/><E116/><V27/><F3/><W33/><G33/><T83/><D70/><U91/><E135/><V14/><F37/><W34/><G2/><T32/><D39/><U38/><E130/><V114/><F93/><W107/><G34/><T46/><D129/><U132/><E132/><V26/><F17/><W133/><G133/><T73/><D108/><U120/><E120/><V117/><F14/><W78/><G87/><T29/><D123/><U7/><E79/><V64/><F30/><W90/><G55/><T24/><D112/><U18/><E102/><V41/><F41/><W21/><G21/><T51/><D96/><U125/><E125/><V54/><F117/><W100/><G90/><T25/><D12/><U49/><E38/><V36/><F36/><W45/><G76/><T95/><D83/><AGARI ba="0,0" hai="45,50,52,68,71,72,78,83,86,88,92,99,100,107" machi="83" ten="40,8000,1" yaku="24,2,54,2" doraHai="53" who="3" fromWho="0" sc="30,-80,149,0,302,0,519,80" owari="-50,-55.0,149,-25.0,302,10.0,599,70.0" /></mjloggm>