<mjloggm ver="2.3"><GO type="41" lobby="0"/><UN n0="%E5%B0%B1%E6%B4%BB%E7%94%9F%40%E5%B7%9D%E6%9D%91%E8%BB%8D%E5%9B%A3" n1="%4B%41%52%49%E3%82%AD%E3%83%B3%E3%82%B0" n2="%52%65%79%40%42%6F%6F" n3="%74%69%77%61%6B%61%77%61" dan="15,14,15,13" rate="2007.55,1901.23,2063.01,1844.88" sx="M,M,M,M"/><TAIKYOKU oya="0"/><INIT seed="0,0,0,4,5,96" ten="250,250,250,250" oya="0" hai0="87,121,33,31,19,13,32,21,69,25,11,112,123" hai1="133,41,115,62,35,116,40,110,28,58,89,12,81" hai2="55,10,88,42,38,102,65,56,95,97,9,117,131" hai3="64,26,105,119,20,46,23,80,60,98,27,118,128"/><T92/><D69/><U6/><E116/><V16/><F117/><W132/><G128/><T126/><D87/><U45/><E115/><V34/><F34/><W134/><G80/><T100/><D112/><U114/><E114/><V130/><F65/><W67/><G46/><T24/><D126/><U127/><E127/><V91/><F42/><W90/><G90/><T77/><D77/><U101/><E133/><V86/><F38/><W36/><G98/><T49/><D33/><U54/><E110/><V14/><F9/><W82/><G82/><T104/><D104/><U17/><E6/><V1/><F1/><W93/><G93/><T125/><D125/><U109/><E109/><V57/><F91/><W94/><G94/><T53/><D92/><U78/><E28/><V84/><F84/><W83/><G83/><T75/><D75/><U68/><E68/><V52/><F57/><W63/><REACH who="3" step="1"/><G36/><REACH who="3" ten="250,250,250,240" step="2"/><T111/><D111/><U47/><E47/><V18/><F18/><W103/><G103/><T3/><D100/><U122/><E101/><V74/><F74/><W4/><G4/><N who="0" m="1439" /><D25/><U124/><E124/><V48/><REACH who="2" step="1"/><F55/><REACH who="2" ten="250,250,240,240" step="2"/><W29/><G29/><T51/><D53/><U0/><E54/><V72/><F72/><W76/><G76/><T39/><D39/><U5/><E78/><V61/><F61/><W113/><G113/><T108/><D108/><U44/><E62/><V59/><F59/><W71/><G71/><T106/><D106/><AGARI ba="0,2" hai="10,14,16,48,52,56,86,88,95,97,102,106,130,131" machi="106" ten="40,8000,1" yaku="1,1,52,1,54,3,53,0" doraHai="96" doraHaiUra="70" who="2" fromWho="0" sc="250,-80,250,0,240,100,240,0" /><AGARI ba="0,0" hai="20,23,26,27,60,63,64,67,105,106,118,119,132,134" machi="106" ten="25,3200,0" yaku="1,1,22,2,53,0" doraHai="96" doraHaiUra="70" who="3" fromWho="0" sc="170,-32,250,0,340,0,240,32" /><INIT seed="1,0,0,2,0,55" ten="138,250,340,272" oya="1" hai0="85,99,106,135,8,104,131,67,128,7,118,0,124" hai1="90,52,32,86,126,80,110,29,72,71,2,74,97" hai2="134,19,116,119,66,14,34,112,37,45,102,125,63" hai3="61,26,84,107,83,76,100,68,20,117,38,70,111"/><U51/><E2/><V13/><F34/><W50/><G38/><T23/><D118/><U17/><E71/><V82/><F102/><W57/><G117/><T114/><D114/><U101/><E126/><V98/><F98/><W93/><G107/><T133/><D67/><U122/><E122/><V44/><F112/><W79/><G79/><T59/><D124/><U27/><E110/><V25/><F125/><W113/><G111/><T6/><D85/><U62/><E62/><V5/><F82/><W22/><G22/><T81/><D81/><U127/><E17/><V65/><F25/><W15/><G15/><T58/><D7/><U1/><E1/><V115/><F115/><W47/><G113/><T108/><D23/><U39/><E39/><V53/><F63/><W4/><G4/><T41/><D41/><U24/><E24/><V60/><F60/><W48/><G48/><T11/><D108/><U132/><E132/><N who="0" m="50761" /><D11/><U16/><E16/><V75/><F134/><W129/><G129/><N who="0" m="49739" /><D104/><U28/><E127/><V30/><F5/><W89/><G20/><T103/><AGARI ba="0,0" hai="0,6,8,58,59,99,103,106" m="49739,50761" machi="103" ten="40,8000,1" yaku="20,1,19,1,52,2" doraHai="55" who="0" fromWho="0" sc="138,80,250,-40,340,-20,272,-20" /><INIT seed="2,0,0,3,0,125" ten="218,210,320,252" oya="2" hai0="14,71,105,5,86,9,109,54,28,40,129,69,121" hai1="63,96,94,74,133,126,6,67,42,18,128,23,93" hai2="76,7,20,110,29,81,43,25,83,100,56,122,90" hai3="39,41,101,51,88,2,104,127,95,113,118,131,99"/><V0/><F122/><W34/><G39/><T45/><D121/><U124/><E74/><V36/><F100/><W134/><G2/><T97/><D109/><U31/><E31/><V27/><F7/><W106/><G34/><T35/><D54/><U120/><E120/><V49/><F0/><W26/><G26/><T58/><D58/><U75/><E75/><V46/><F110/><W8/><G8/><T132/><D132/><U115/><E115/><V59/><F90/><W123/><G123/><T102/><D129/><U130/><E6/><V70/><F70/><W114/><G51/><T1/><D14/><N who="1" m="9687" /><E42/><V64/><F64/><W103/><G41/><T53/><D53/><U107/><E107/><N who="3" m="41002" /><G118/><T72/><D86/><U78/><E78/><V92/><F92/><N who="1" m="35433" /><E96/><V16/><F36/><W24/><G24/><N who="0" m="18823" /><D72/><U79/><E79/><V22/><REACH who="2" step="1"/><F83/><REACH who="2" ten="218,210,310,252" step="2"/><W85/><G114/><T119/><D119/><U60/><E133/><V21/><F21/><W3/><G134/><T32/><D32/><U48/><E67/><V37/><F37/><AGARI ba="0,1" hai="1,5,9,37,40,45,69,71,97,102,105" m="18823" machi="37" ten="30,2000,0" yaku="33,2" doraHai="125" who="0" fromWho="2" sc="218,30,210,0,310,-20,252,0" /><INIT seed="3,0,0,0,4,95" ten="248,210,290,252" oya="3" hai0="44,99,72,123,49,84,65,12,42,92,55,83,41" hai1="129,3,88,121,93,133,126,37,71,62,15,120,122" hai2="60,26,24,25,13,125,36,38,56,47,102,2,0" hai3="75,81,34,73,14,132,119,53,87,128,50,29,33"/><W68/><G68/><T39/><D123/><U19/><E3/><V5/><F125/><W17/><G119/><T114/><D114/><U105/><E105/><V69/><F69/><W135/><G128/><T100/><D72/><U18/><E37/><V30/><F47/><W131/><G131/><T46/><D65/><U109/><E129/><V1/><F30/><W101/><G29/><T59/><D12/><U35/><E35/><V7/><F102/><W90/><G34/><T89/><D39/><U27/><E27/><V32/><F32/><W31/><G31/><T111/><D111/><U134/><E126/><V74/><F74/><W16/><G17/><T20/><D20/><U6/><E109/><V118/><F118/><W80/><G101/><T108/><D108/><U48/><E48/><V76/><F76/><W22/><G33/><T86/><D86/><U96/><E71/><V28/><F28/><W57/><REACH who="3" step="1"/><G80/><REACH who="3" ten="248,210,290,242" step="2"/><T63/><D42/><U11/><REACH who="1" step="1"/><E62/><REACH who="1" ten="248,200,290,242" step="2"/><V8/><REACH who="2" step="1"/><F7/><REACH who="2" ten="248,200,280,242" step="2"/><W64/><G64/><AGARI ba="0,3" hai="0,1,2,5,8,13,24,25,26,36,38,56,60,64" machi="64" ten="50,3200,0" yaku="1,1,2,1,53,0" doraHai="95" doraHaiUra="43" who="2" fromWho="3" sc="248,0,200,0,280,62,242,-32" /><INIT seed="4,0,0,0,4,46" ten="248,200,342,210" oya="0" hai0="28,34,27,84,80,132,58,135,44,21,107,100,96" hai1="59,61,65,79,1,93,90,17,109,45,11,36,129" hai2="76,54,74,98,49,18,102,83,97,31,33,130,121" hai3="0,60,48,67,23,91,115,69,103,119,51,13,131"/><T70/><D70/><U71/><E109/><V41/><F31/><W10/><G119/><T6/><D6/><U99/><E129/><V128/><F33/><W110/><G110/><T57/><D34/><U47/><E79/><V15/><F41/><W38/><G38/><T86/><D44/><U75/><E75/><V37/><F37/><W88/><G131/><N who="2" m="50217" /><F102/><W20/><G0/><T94/><D107/><U8/><E8/><N who="2" m="6503" /><F121/><W56/><G103/><T50/><D84/><U30/><E30/><V16/><F16/><N who="3" m="8247" /><G69/><T104/><D104/><U124/><E124/><V22/><F22/><N who="3" m="8235" /><G115/><T72/><D72/><U12/><E36/><V4/><F4/><W108/><G108/><T117/><D117/><U7/><E71/><V40/><F40/><W25/><G25/><T87/><D87/><U127/><E127/><V5/><F5/><W89/><AGARI ba="0,0" hai="48,51,56,60,67,88,89,91" m="8235,8247" machi="89" ten="30,8000,1" yaku="8,1,52,2,54,2" doraHai="46" who="3" fromWho="3" sc="248,-40,200,-20,342,-20,210,80" /><INIT seed="5,0,0,4,1,61" ten="208,180,322,290" oya="1" hai0="32,13,123,76,10,125,15,84,52,94,36,3,34" hai1="116,117,2,49,59,73,12,55,11,110,57,104,79" hai2="53,82,45,31,0,19,92,33,23,50,130,100,91" hai3="106,89,112,105,30,121,65,37,9,69,96,114,77"/><U99/><E2/><V87/><F0/><W95/><G37/><T83/><D36/><U56/><E110/><V66/><F130/><W93/><G9/><T35/><D123/><U38/><E38/><V115/><F31/><W126/><G121/><T71/><D71/><U108/><E108/><V4/><F33/><W101/><G30/><T47/><D125/><U54/><E79/><V28/><F28/><W29/><G29/><T1/><D94/><U5/><E73/><V122/><F4/><W60/><G77/><T26/><D26/><U72/><E72/><V16/><F122/><W134/><G126/><T85/><D85/><U24/><E24/><V39/><F39/><W97/><REACH who="3" step="1"/><G134/><REACH who="3" ten="208,180,322,280" step="2"/><T70/><D10/><U78/><E78/><V20/><F115/><AGARI ba="0,1" hai="60,65,69,89,93,95,96,97,101,105,106,112,114,115" machi="115" ten="40,8000,1" yaku="1,1,2,1,15,1,52,1,53,0" doraHai="61" doraHaiUra="129" who="3" fromWho="2" sc="208,0,180,0,322,-80,280,90" /><INIT seed="6,0,0,3,0,95" ten="208,180,242,370" oya="2" hai0="38,32,54,58,2,99,65,48,80,24,82,81,126" hai1="121,91,28,12,29,0,56,85,18,130,23,3,7" hai2="13,134,122,84,31,39,4,37,21,135,49,109,22" hai3="116,46,35,30,111,64,47,90,77,72,79,55,74"/><V45/><F122/><W9/><G64/><T10/><D38/><U75/><E75/><V15/><F109/><W105/><G105/><T69/><D126/><U63/><E121/><V125/><F125/><W51/><G111/><T66/><D69/><U57/><E130/><V113/><F113/><W117/><G90/><T41/><D41/><U26/><E56/><V34/><F34/><W53/><G9/><T20/><D32/><U89/><E89/><V61/><F61/><W86/><G35/><T70/><D70/><U50/><E50/><V97/><F97/><W68/><G68/><T76/><D76/><U78/><E78/><V133/><F84/><W71/><G71/><T25/><D99/><U67/><E28/><V110/><F110/><W42/><G51/><T100/><D100/><U102/><E102/><V19/><F4/><W1/><G1/><T118/><D118/><U124/><E124/><V108/><F108/><W101/><G101/><T103/><D103/><U104/><E104/><V33/><F33/><W44/><G86/><T14/><D2/><U123/><E123/><V17/><REACH who="2" step="1"/><F31/><REACH who="2" ten="208,180,232,370" step="2"/><W120/><G30/><N who="0" m="17671" /><D25/><U127/><E127/><V36/><F36/><W8/><G120/><T73/><D73/><U88/><E85/><V5/><F5/><AGARI ba="0,1" hai="5,10,14,48,54,58,65,66,80,81,82" m="17671" machi="5" ten="30,1000,0" yaku="8,1" doraHai="95" who="0" fromWho="2" sc="208,20,180,0,232,-10,370,0" /><INIT seed="7,0,0,3,3,72" ten="228,180,222,370" oya="3" hai0="4,62,16,116,46,78,19,113,80,97,105,104,124" hai1="34,61,74,56,81,101,2,11,92,44,86,107,109" hai2="45,96,90,95,41,21,58,60,93,127,48,94,115" hai3="9,70,26,123,134,35,20,8,126,23,114,3,1"/><W59/><G59/><T14/><D116/><U0/><E34/><V7/><F115/><W5/><G70/><T64/><D113/><U77/><E109/><V68/><F68/><W111/><G114/><T75/><D124/><U52/><E107/><V29/><F7/><N who="3" m="1135" /><G123/><T38/><D4/><U18/><E44/><V103/><F127/><W83/><G83/><T55/><D19/><U65/><E65/><V98/><F98/><W33/><G126/><T39/><D97/><U120/><E120/><V73/><F73/><W57/><G57/><T106/><D55/><U125/><E125/><V63/><F63/><W51/><G51/><T42/><D38/><U22/><E11/><V110/><F110/><W82/><G82/><T100/><D100/><U15/><REACH who="1" step="1"/><E101/><REACH who="1" ten="228,170,222,370" step="2"/><V47/><F47/><W49/><G111/><T36/><D36/><U133/><E133/><V30/><F30/><N who="3" m="17735" /><G134/><T85/><D104/><U37/><E37/><V54/><F103/><W50/><G35/><T17/><D106/><U53/><E53/><V99/><F99/><W129/><G33/><T69/><D105/><U132/><E132/><V118/><F118/><W128/><G23/><T79/><D39/><U31/><E31/><V71/><F71/><W119/><G119/><T66/><D46/><U32/><E32/><V25/><AGARI ba="0,1" hai="21,25,29,41,45,48,54,58,60,90,93,94,95,96" machi="25" ten="30,2000,0" yaku="0,1,8,1" doraHai="72" who="2" fromWho="2" sc="228,-5,170,-5,222,30,370,-10" owari="223,-18.0,165,-33.0,252,5.0,360,46.0" /></mjloggm>