<mjloggm ver="2.3"><GO type="97" lobby="0"/><UN n0="%28%C2%B4%CF%89%EF%BD%80%2A%29%E4%B9%99" n1="%E3%82%A6%E3%83%AB%E3%83%88%E3%83%A9%E7%AB%8B%E7%9B%B4" n2="%72%61%70%75%6E%7A%65%6C" n3="%4C%6F%54%69%73%73%75%65" dan="15,13,14,15" rate="1929.08,1855.93,1921.80,2046.84" sx="F,M,M,M"/><TAIKYOKU oya="0"/><INIT seed="0,0,0,2,1,35" ten="250,250,250,250" oya="0" hai0="115,122,125,59,116,44,133,104,0,18,127,92,83" hai1="8,22,43,3,102,48,94,131,98,108,37,67,47" hai2="15,77,69,113,97,79,19,82,112,63,93,110,17" hai3="46,106,119,73,84,109,53,54,124,86,24,95,10"/><T88/><D104/><U135/><E131/><V6/><F110/><W118/><G73/><T55/><D122/><U128/><E128/><V65/><F6/><W23/><G106/><T51/><D116/><U13/><E108/><V91/><F77/><W121/><G109/><T107/><D107/><U33/><E33/><V117/><F117/><W76/><G121/><T9/><D115/><U81/><E135/><V103/><F103/><W1/><G1/><T41/><D133/><U96/><E96/><V49/><F49/><W56/><G10/><T14/><D83/><U120/><E120/><V114/><REACH who="2" step="1"/><F15/><REACH who="2" ten="250,250,240,250" step="2"/><W74/><G76/><T28/><D0/><U21/><E3/><V42/><F42/><W12/><G12/><T75/><D75/><AGARI ba="0,1" hai="17,19,63,65,69,75,79,82,91,93,97,112,113,114" machi="75" ten="40,1300,0" yaku="1,1,53,0" doraHai="35" doraHaiUra="27" who="2" fromWho="0" sc="250,-13,250,0,240,23,250,0" /><INIT seed="1,0,0,1,5,103" ten="237,250,263,250" oya="1" hai0="114,130,2,48,66,128,120,122,56,77,106,17,35" hai1="131,123,50,119,20,37,33,5,24,0,108,40,134" hai2="61,59,109,98,132,135,94,88,93,19,63,104,38" hai3="30,87,105,113,3,65,115,16,25,83,57,127,126"/><U58/><E58/><V100/><F38/><W49/><G3/><T82/><D35/><U46/><E50/><V29/><F93/><W107/><G16/><T6/><D17/><U9/><E123/><N who="0" m="47145" /><D114/><U129/><E119/><V89/><F29/><W45/><G57/><T75/><D6/><U51/><E51/><V125/><F89/><N who="3" m="51455" /><G65/><T118/><D2/><U39/><E39/><V32/><F32/><W81/><G113/><T76/><D76/><U21/><E134/><N who="2" m="51243" /><F125/><N who="3" m="47627" /><G81/><T80/><D80/><U116/><E116/><V67/><F61/><W90/><G90/><T18/><D18/><BYE who="0" /><UN n0="%28%C2%B4%CF%89%EF%BD%80%2A%29%E4%B9%99" /><U26/><E33/><V69/><F19/><W68/><G68/><T47/><D118/><U73/><E73/><V12/><F12/><W13/><G13/><T99/><D56/><U79/><E79/><V8/><F8/><W124/><N who="3" m="47635" /><W91/><DORA hai="54" /><G91/><T117/><D117/><U62/><E62/><V34/><F34/><N who="3" m="20815" /><G115/><T42/><D66/><U22/><E26/><V112/><F112/><W11/><G11/><T96/><D96/><U60/><E24/><V55/><F69/><W101/><G101/><AGARI ba="0,0" hai="42,47,48,75,77,82,99,101,106,128,130" m="47145" machi="101" ten="30,2000,0" yaku="13,1,52,1" doraHai="103,54" who="0" fromWho="3" sc="237,20,250,0,263,0,250,-20" /><INIT seed="2,0,0,3,4,126" ten="257,250,263,230" oya="2" hai0="67,41,66,21,124,109,39,72,95,36,55,35,0" hai1="115,63,52,85,27,110,53,3,104,43,91,42,25" hai2="50,62,26,12,123,76,89,68,65,51,6,112,103" hai3="1,64,79,96,78,5,92,13,70,127,128,29,125"/><V114/><F123/><W88/><G1/><T45/><D109/><U30/><E115/><V80/><F112/><W106/><G29/><T28/><D72/><U49/><E104/><V69/><F114/><W83/><G64/><T54/><D124/><N who="3" m="47689" /><G70/><T44/><D35/><U134/><E134/><V37/><F69/><W105/><G13/><T86/><D0/><U58/><E3/><V108/><F37/><N who="0" m="14410" /><D28/><U22/><E27/><V71/><F71/><W19/><G19/><T4/><D4/><U59/><REACH who="1" step="1"/><E110/><REACH who="1" ten="257,240,263,230" step="2"/><V7/><F108/><W102/><G106/><T34/><D34/><U31/><E31/><V101/><F26/><W9/><G5/><T24/><D95/><AGARI ba="0,1" hai="22,25,30,42,43,49,52,53,58,59,63,85,91,95" machi="95" ten="30,8000,1" yaku="1,1,7,1,8,1,54,1,53,1" doraHai="126" doraHaiUra="84" who="1" fromWho="0" sc="257,-80,240,90,263,0,230,0" /><INIT seed="3,0,0,1,2,11" ten="177,330,263,230" oya="3" hai0="77,57,8,91,79,98,19,112,126,20,92,82,106" hai1="41,66,60,52,32,99,58,49,123,65,87,121,117" hai2="73,34,3,25,59,33,81,18,75,12,37,93,39" hai3="71,29,6,48,43,45,109,108,97,129,68,7,128"/><W55/><G29/><T84/><D126/><U17/><E32/><V133/><F3/><W35/><G35/><T105/><D112/><U61/><E99/><V103/><F133/><W110/><G97/><T127/><D127/><U42/><BYE who="0" /><E17/><UN n0="%28%C2%B4%CF%89%EF%BD%80%2A%29%E4%B9%99" /><V85/><F75/><W24/><G24/><T116/><D116/><U14/><E87/><V9/><F73/><W46/><G6/><T118/><D118/><U23/><E14/><V83/><F34/><W26/><G26/><T4/><D57/><N who="1" m="37039" /><E23/><V131/><F131/><N who="3" m="50251" /><G7/><T125/><D125/><U113/><E113/><V64/><F33/><W10/><G10/><T67/><D67/><U54/><E54/><V134/><F25/><W86/><G86/><T36/><D36/><AGARI ba="0,0" hai="36,43,45,46,48,55,68,71,108,109,110" m="50251" machi="36" ten="40,12000,1" yaku="14,1,10,1,19,1,34,2" doraHai="11" who="3" fromWho="0" sc="177,-120,330,0,263,0,230,120" owari="57,-44.0,330,13.0,263,-14.0,350,45.0" /></mjloggm>