<mjloggm ver="2.3"><GO type="97" lobby="0"/><UN n0="%E3%81%8F%E3%81%B4%E3%81%BD" n1="%E3%82%A6%E3%83%AB%E3%83%88%E3%83%A9%E7%AB%8B%E7%9B%B4" n2="%69%72%6F%61%6B%69%79%32" n3="%73%66%73%66" dan="14,14,14,16" rate="1966.37,1969.14,1901.07,2030.55" sx="M,M,M,M"/><TAIKYOKU oya="0"/><INIT seed="0,0,0,2,3,54" ten="250,250,250,250" oya="0" hai0="62,77,17,129,5,22,39,78,131,37,84,41,89" hai1="134,11,112,76,113,6,86,9,93,50,91,72,42" hai2="121,67,114,107,0,56,103,132,128,75,126,58,24" hai3="98,66,16,87,18,70,97,133,8,48,33,52,36"/><T55/><D5/><U117/><E117/><V59/><F114/><N who="1" m="44137" /><E134/><V49/><F121/><W83/><G36/><T81/><D41/><U125/><E125/><V104/><F132/><W23/><G33/><T19/><D17/><U123/><E123/><V40/><F126/><W100/><G133/><T110/><D110/><U115/><N who="1" m="44145" /><U46/><DORA hai="124" /><E46/><V127/><F127/><W45/><G66/><T7/><D7/><U90/><E76/><V34/><F0/><W99/><G70/><T116/><D116/><U96/><E72/><V135/><F135/><W71/><G71/><T109/><D109/><U26/><E26/><V73/><F67/><W43/><G43/><T105/><D105/><U60/><E60/><V111/><F111/><W63/><G63/><T108/><D108/><U53/><E42/><V14/><F75/><W47/><G47/><T27/><D39/><U20/><E20/><V2/><F73/><W1/><G23/><T31/><D31/><U68/><E68/><V13/><F104/><W57/><G45/><T35/><D35/><U95/><E6/><V74/><F74/><W38/><G38/><T28/><D28/><U44/><AGARI ba="0,0" hai="9,11,44,50,53,86,90,91,93,95,96" m="44145" machi="44" ten="40,1500,0" yaku="11,1" doraHai="54,124" who="1" fromWho="1" sc="250,-7,250,15,250,-4,250,-4" /><INIT seed="1,0,0,5,1,27" ten="243,265,246,246" oya="1" hai0="87,26,24,33,90,66,61,5,106,58,50,31,25" hai1="48,78,107,10,120,38,29,63,11,42,3,70,71" hai2="130,116,68,117,134,74,122,2,52,92,59,17,12" hai3="21,83,103,54,55,73,108,84,56,67,114,133,4"/><U124/><E120/><V77/><F122/><W9/><G114/><T81/><D106/><U132/><E107/><V104/><F104/><W36/><G36/><T80/><D5/><U102/><E102/><V91/><F2/><W23/><G73/><T43/><D43/><U65/><E71/><V20/><F68/><W86/><G133/><T109/><D109/><U100/><E100/><V64/><F64/><W37/><G37/><T57/><D57/><U101/><E101/><V22/><F130/><W118/><G118/><T128/><D50/><U125/><E48/><N who="2" m="31111" /><F134/><W94/><G108/><T129/><REACH who="0" step="1"/><D81/><REACH who="0" ten="233,265,246,246" step="2"/><U44/><E132/><V88/><F116/><W28/><G83/><T85/><D85/><U112/><E112/><V19/><F117/><W79/><G86/><T16/><D16/><U105/><E105/><V96/><F19/><W30/><G84/><T39/><D39/><U35/><E3/><V18/><F18/><W6/><G4/><T49/><D49/><U62/><E62/><V8/><F96/><N who="3" m="59799" /><G6/><T89/><D89/><U46/><E46/><V40/><F40/><W93/><G79/><T69/><D69/><U45/><E78/><V75/><F91/><W127/><G93/><T115/><D115/><U13/><E45/><V1/><F77/><W7/><G7/><T119/><D119/><U135/><E135/><V99/><F1/><W60/><G127/><N who="1" m="48714" /><E44/><V41/><F41/><W32/><G56/><T110/><D110/><U51/><E42/><V0/><F0/><W15/><G60/><T131/><AGARI ba="0,1" hai="24,25,26,31,33,58,61,66,80,87,90,128,129,131" machi="131" ten="30,12000,2" yaku="1,1,0,1,19,1,52,1,53,3" doraHai="27" doraHaiUra="126" who="0" fromWho="0" sc="233,130,265,-60,246,-30,246,-30" /><INIT seed="2,0,0,1,5,15" ten="363,205,216,216" oya="2" hai0="106,72,26,0,127,57,120,88,75,6,80,65,1" hai1="8,61,92,97,7,9,118,55,116,96,50,113,42" hai2="54,58,43,77,60,69,30,74,64,33,83,32,41" hai3="79,119,84,114,126,130,4,44,109,35,5,16,78"/><V23/><F23/><W71/><G119/><T123/><D106/><U22/><E113/><V73/><F73/><W135/><G35/><T103/><D103/><U10/><E116/><V100/><F100/><W105/><G71/><T128/><D128/><U52/><E118/><V12/><F12/><W28/><G105/><T87/><D127/><U81/><E81/><V67/><F67/><W134/><G126/><T18/><D75/><U38/><E38/><V29/><F33/><W129/><G28/><T117/><D72/><U20/><E7/><N who="3" m="2634" /><G114/><T121/><D117/><U93/><E42/><V102/><F102/><W46/><G109/><T11/><D0/><U68/><E61/><V56/><F69/><W48/><G84/><T24/><D65/><U37/><E37/><V98/><F98/><N who="1" m="37993" /><E68/><V124/><F124/><W85/><G85/><T25/><REACH who="0" step="1"/><D57/><REACH who="0" ten="353,205,216,216" step="2"/><U101/><E101/><V131/><F131/><N who="3" m="50187" /><G135/><T34/><D34/><U21/><E50/><N who="2" m="30807" /><F32/><W47/><G134/><T111/><D111/><U133/><E133/><V36/><F74/><W95/><G48/><T53/><D53/><AGARI ba="0,1" hai="8,9,10,20,21,22,52,53,55,92,93" m="37993" machi="53" ten="40,8000,1" yaku="28,2,8,1,54,1" doraHai="15" who="1" fromWho="0" sc="353,-80,205,90,216,0,216,0" /><INIT seed="3,0,0,3,2,117" ten="273,295,216,216" oya="3" hai0="99,43,69,55,73,87,133,81,68,107,8,42,125" hai1="54,102,0,6,10,122,20,66,114,101,112,128,127" hai2="41,7,110,51,24,4,109,29,121,86,26,36,70" hai3="64,89,130,106,31,119,82,35,28,9,56,12,44"/><W116/><G106/><T93/><D73/><U34/><E122/><V5/><F36/><W72/><G130/><T63/><D107/><U47/><E66/><V59/><F70/><W32/><G35/><T33/><D33/><U27/><E102/><V96/><F96/><W134/><G134/><T14/><D69/><U57/><E101/><V65/><F121/><W77/><G44/><T111/><D111/><N who="2" m="42506" /><F86/><W135/><G135/><T40/><D133/><U15/><E47/><N who="2" m="26095" /><F29/><W60/><G32/><T104/><D68/><U123/><E123/><V78/><F78/><W105/><G105/><T52/><D104/><U71/><E71/><V97/><F97/><W79/><G79/><N who="0" m="46527" /><D63/><AGARI ba="0,0" hai="4,5,7,24,26,59,63,65" m="26095,42506" machi="63" ten="30,1000,0" yaku="14,1" doraHai="117" who="2" fromWho="0" sc="273,-10,295,0,216,10,216,0" /><INIT seed="4,0,0,2,4,77" ten="263,295,226,216" oya="0" hai0="73,51,10,44,106,0,119,104,8,133,122,38,16" hai1="41,131,100,98,57,81,111,1,68,109,125,76,66" hai2="50,110,88,3,69,112,78,128,65,96,103,23,129" hai3="11,15,21,36,27,113,42,85,56,97,134,86,39"/><T118/><D38/><U28/><E1/><V5/><F110/><W37/><G42/><T45/><D73/><U127/><E68/><V95/><F78/><W34/><G34/><T63/><D63/><N who="1" m="38255" /><E41/><V108/><F108/><W123/><G123/><T55/><D122/><U60/><E60/><N who="2" m="40103" /><F112/><W91/><G113/><T59/><D133/><U22/><E131/><N who="2" m="50251" /><F50/><W64/><G134/><T47/><D0/><U32/><E32/><V87/><F23/><W31/><G97/><T120/><D120/><U52/><E52/><V49/><F49/><W7/><G91/><T19/><D59/><U6/><E6/><V117/><F117/><W2/><G64/><T40/><D40/><U35/><E35/><V48/><F48/><W70/><G70/><T99/><D51/><U4/><E4/><V67/><F67/><W12/><G56/><T71/><D55/><U116/><E116/><V46/><F46/><W130/><G130/><T25/><D47/><U62/><E62/><V135/><F135/><W132/><G132/><T43/><D71/><U9/><E9/><N who="2" m="2239" /><F103/><W17/><REACH who="3" step="1"/><G15/><REACH who="3" ten="263,295,226,206" step="2"/><T114/><D43/><U33/><E33/><V94/><F96/><W105/><G105/><T107/><D114/><U101/><E111/><V90/><F90/><W82/><G82/><AGARI ba="0,1" hai="82,87,88,94,95" m="2239,50251,40103" machi="82" ten="30,3900,0" yaku="19,1,52,1,54,1" doraHai="77" who="2" fromWho="3" sc="263,0,295,0,226,49,206,-39" /><INIT seed="5,0,0,3,2,43" ten="263,295,275,167" oya="1" hai0="81,28,85,6,84,116,109,119,31,38,132,45,93" hai1="72,99,94,58,21,40,19,95,27,36,97,127,23" hai2="10,47,74,42,100,134,96,123,57,82,50,103,8" hai3="52,75,3,29,7,54,20,108,129,0,34,46,80"/><U102/><E72/><V66/><F123/><W118/><G108/><T91/><D109/><U122/><E122/><V79/><F134/><W59/><G34/><T18/><D132/><U112/><E112/><V67/><F100/><W90/><G129/><T51/><D6/><U63/><E127/><V22/><F22/><W107/><G107/><T4/><D38/><U89/><E36/><V11/><REACH who="2" step="1"/><F57/><REACH who="2" ten="263,295,265,167" step="2"/><W30/><G118/><T14/><D119/><U64/><E23/><V128/><F128/><W117/><G117/><T39/><D116/><U24/><E40/><V113/><F113/><W32/><G32/><T56/><D56/><U101/><E27/><V68/><F68/><W53/><G59/><T55/><D39/><U26/><E26/><V60/><F60/><W124/><G124/><T9/><D4/><U131/><E131/><V121/><F121/><W48/><G7/><T115/><D115/><U105/><E105/><AGARI ba="0,1" hai="8,10,11,42,47,50,66,67,74,79,82,96,103,105" machi="105" ten="40,8000,1" yaku="1,1,52,1,53,2" doraHai="43" doraHaiUra="62" who="2" fromWho="1" sc="263,0,295,-80,265,90,167,0" owari="263,6.0,215,-18.0,355,45.0,167,-33.0" /></mjloggm>