<mjloggm ver="2.3"><GO type="193" lobby="0"/><UN n0="%E9%98%BF%E7%9F%A5%E8%B3%80%E9%AB%98%E6%A0%A1%E6%96%B0%E5%AD%90%E6%86%A7" n1="%E3%82%86%E3%81%86%EF%BC%90%EF%BC%93%EF%BC%92%EF%BC%95" n2="%67%61%63%68%61%30%30" n3="%E5%B0%B1%E6%B4%BB%E7%94%9F%40%E5%B7%9D%E6%9D%91%E8%BB%8D%E5%9B%A3" dan="10,11,13,12" rate="1519.55,1494.39,1787.12,1747.25" sx="M,F,M,M"/><TAIKYOKU oya="0"/><INIT seed="0,0,0,0,5,126" ten="250,250,250,250" oya="0" hai0="26,133,37,76,63,21,84,74,66,34,129,31,103" hai1="70,81,54,50,1,12,85,73,53,45,16,38,120" hai2="79,49,104,94,122,9,78,114,83,91,58,44,101" hai3="19,22,23,47,14,46,90,60,24,56,48,118,99"/><T30/><D37/><U3/><E120/><V112/><F9/><W115/><G118/><T132/><D129/><U117/><E73/><N who="2" m="43471" /><F58/><W102/><G115/><N who="2" m="44073" /><F49/><W106/><G90/><T100/><D84/><U28/><E117/><V69/><F69/><W93/><G106/><T8/><D8/><U135/><E135/><N who="0" m="51785" /><D76/><U86/><E70/><V2/><F2/><W96/><G96/><T113/><D74/><U109/><E109/><V15/><F15/><W110/><G110/><T68/><D113/><U127/><E127/><V62/><F62/><W35/><G35/><T13/><D13/><U57/><E38/><V89/><F44/><W29/><REACH who="3" step="1"/><G48/><REACH who="3" ten="250,250,250,240" step="2"/><T121/><D121/><U75/><E28/><N who="0" m="10793" /><D34/><U72/><E81/><V33/><F33/><W0/><G0/><T52/><D52/><AGARI ba="0,1" hai="14,19,22,23,24,29,46,47,52,56,60,93,99,102" machi="52" ten="30,12000,2" yaku="1,1,7,1,8,1,54,1,53,2" doraHai="126" doraHaiUra="43" who="3" fromWho="0" sc="250,-120,250,0,250,0,240,130" /><INIT seed="1,0,0,2,0,44" ten="130,250,250,370" oya="1" hai0="123,100,95,61,14,51,112,23,36,134,33,37,2" hai1="82,89,79,26,45,73,65,76,30,135,7,3,46" hai2="57,122,13,78,133,131,42,27,71,18,75,49,90" hai3="68,96,106,108,125,93,64,92,9,116,111,128,87"/><U119/><E119/><V24/><F131/><W99/><G68/><T12/><D112/><U114/><E114/><V53/><F53/><W40/><G40/><T84/><D2/><U127/><E65/><V70/><F133/><W72/><G72/><T103/><D33/><U41/><E135/><V85/><F122/><W54/><G64/><T83/><D134/><U80/><E73/><V47/><F71/><W69/><G69/><T63/><D123/><U105/><E105/><V4/><F70/><W39/><G39/><T31/><D37/><U16/><E3/><V107/><F107/><W52/><G9/><T67/><D36/><U126/><E7/><V55/><F4/><W121/><G106/><T118/><D118/><U94/><E30/><V59/><F75/><W8/><G8/><T20/><D31/><U6/><E6/><V19/><F78/><N who="1" m="29737" /><E41/><V58/><F24/><W120/><G87/><T130/><D130/><U124/><E94/><N who="2" m="54607" /><F27/><W29/><G29/><T88/><D95/><U25/><E89/><V117/><F117/><W91/><G116/><T0/><D0/><U66/><E66/><V38/><F38/><W10/><G10/><T113/><D113/><U101/><E101/><N who="0" m="38985" /><D67/><U35/><E35/><V43/><F18/><W115/><G115/><T97/><D97/><U77/><N who="1" m="29745" /><U21/><DORA hai="98" /><E26/><V110/><F110/><W74/><G74/><T81/><D51/><U56/><E56/><N who="2" m="14339" /><V60/><DORA hai="86" /><F60/><N who="0" m="23114" /><D83/><AGARI ba="0,0" hai="16,21,25,45,46,80,82,83,124,126,127" m="29745" machi="83" ten="40,3900,0" yaku="18,1,54,1" doraHai="44,98,86" who="1" fromWho="0" sc="130,-39,250,39,250,0,370,0" /><INIT seed="1,1,0,3,5,91" ten="91,289,250,370" oya="1" hai0="51,23,80,60,74,131,120,101,102,30,108,42,0" hai1="82,132,9,79,2,50,26,89,18,110,124,73,93" hai2="129,121,53,45,122,69,111,10,29,67,66,112,119" hai3="97,85,135,33,15,19,70,57,12,118,95,32,55"/><U128/><E2/><V88/><F129/><W56/><G70/><T7/><D0/><U52/><E128/><V37/><F112/><W24/><G118/><T13/><D74/><U17/><E110/><V78/><F111/><W47/><G135/><T64/><D108/><U28/><E132/><V61/><F119/><W99/><G15/><T103/><D131/><U77/><E124/><V63/><F122/><W8/><G97/><T75/><D120/><U3/><E3/><V59/><F121/><W48/><G85/><T25/><D75/><U31/><E9/><V123/><F123/><W116/><G116/><T87/><D42/><U98/><E73/><V84/><F29/><N who="1" m="11337" /><E82/><V104/><F104/><W44/><G24/><T21/><D51/><U41/><E41/><V92/><F10/><W83/><G83/><T58/><D7/><U5/><E5/><V27/><F27/><W40/><G33/><T49/><D49/><U68/><E68/><V38/><F78/><N who="1" m="29705" /><E26/><V16/><REACH who="2" step="1"/><F16/><REACH who="2" ten="91,289,240,370" step="2"/><W46/><G32/><T65/><D65/><U35/><E35/><V14/><F14/><W106/><G106/><T134/><D13/><U114/><E114/><V34/><F34/><W107/><G107/><T11/><D134/><U4/><E4/><V76/><F76/><W117/><G117/><T43/><D43/><U127/><E127/><V130/><F130/><W6/><G19/><T20/><REACH who="0" step="1"/><D11/><REACH who="0" ten="81,289,240,370" step="2"/><U36/><E36/><V22/><F22/><W62/><G40/><T115/><D115/><U81/><E81/><V71/><F71/><W90/><G62/><T109/><D109/><RYUUKYOKU ba="1,2" sc="81,0,289,0,240,0,370,0" hai0="20,21,23,25,30,58,60,64,80,87,101,102,103" hai1="17,18,50,52,89,93,98" hai2="37,38,45,53,59,61,63,66,67,69,84,88,92" hai3="6,8,12,44,46,47,48,55,56,57,90,95,99" /><INIT seed="1,2,2,0,1,106" ten="81,289,240,370" oya="1" hai0="26,45,96,58,74,121,90,93,49,17,111,69,100" hai1="3,76,55,88,1,78,33,82,63,60,32,51,15" hai2="84,87,131,125,70,65,103,115,39,61,110,14,119" hai3="9,42,134,117,31,43,10,44,109,94,116,8,73"/><U99/><E99/><V19/><F110/><W68/><G68/><T108/><D69/><U122/><E122/><V135/><F135/><W132/><G109/><N who="0" m="42059" /><D121/><U89/><E82/><V113/><F125/><W114/><G114/><N who="2" m="43529" /><F131/><W62/><G31/><T71/><D71/><U102/><E102/><V95/><F119/><N who="3" m="45643" /><G73/><T50/><D26/><U37/><E37/><V75/><F75/><W101/><G62/><T128/><D128/><U24/><E24/><V107/><F39/><N who="3" m="21599" /><G43/><N who="0" m="24767" /><D17/><U123/><E123/><V4/><F107/><W57/><G57/><T20/><D20/><U18/><E15/><V7/><F103/><W46/><G46/><T27/><D27/><U56/><E18/><V86/><F95/><W118/><G118/><T59/><D74/><U98/><E98/><AGARI ba="2,2" hai="8,9,10,94,98,101,132,134" m="21599,45643" machi="98" ten="40,1300,0" yaku="12,1" doraHai="106" who="3" fromWho="1" sc="81,0,289,-19,240,0,370,39" /><INIT seed="2,0,0,1,4,29" ten="81,270,240,409" oya="2" hai0="26,74,35,134,62,111,14,46,69,127,53,115,93" hai1="106,133,63,110,41,88,8,103,101,71,120,56,114" hai2="0,86,43,9,108,22,13,87,3,20,123,24,70" hai3="28,7,60,84,59,38,100,34,81,19,72,102,6"/><V47/><F108/><W116/><G72/><T112/><D115/><U50/><E8/><V128/><F123/><W49/><G38/><T82/><D112/><U124/><E71/><V11/><F128/><W37/><G37/><T44/><D14/><U16/><E106/><V121/><F121/><W131/><G131/><T67/><D53/><U5/><E114/><V99/><F70/><W98/><G116/><T45/><D93/><U78/><E78/><V64/><F64/><W10/><G49/><T109/><D134/><U15/><E110/><N who="0" m="41993" /><D127/><U23/><E5/><V90/><F13/><W125/><G125/><T30/><D82/><U89/><E124/><V66/><F66/><W33/><G28/><T104/><D104/><U36/><E36/><V40/><F24/><W42/><G42/><T75/><AGARI ba="0,0" hai="26,30,35,44,45,46,62,67,69,74,75" m="41993" machi="75" ten="40,2700,0" yaku="14,1,52,1" doraHai="29" who="0" fromWho="0" sc="81,27,270,-7,240,-13,409,-7" /><INIT seed="3,0,0,2,2,105" ten="108,263,227,402" oya="3" hai0="23,131,0,100,122,72,43,74,49,127,83,120,102" hai1="82,20,133,48,69,64,124,125,13,132,113,60,67" hai2="99,101,87,109,108,107,37,84,118,10,26,79,91" hai3="3,9,117,14,1,50,73,11,4,42,21,34,135"/><W103/><G117/><T57/><D83/><U90/><E82/><N who="2" m="47199" /><F37/><W97/><G135/><N who="1" m="51786" /><E90/><V98/><F26/><W28/><G73/><N who="0" m="28267" /><D127/><N who="1" m="48715" /><E13/><V32/><F32/><W92/><G34/><T119/><D131/><U19/><E20/><V70/><F70/><W56/><G3/><T116/><D23/><U95/><E19/><V41/><F41/><W40/><G21/><T36/><D43/><U65/><E95/><N who="2" m="54783" /><F10/><W35/><G35/><T46/><D36/><U58/><E113/><V7/><F7/><W111/><G28/><T129/><D129/><U80/><E80/><V89/><F118/><N who="0" m="45098" /><D46/><U121/><E121/><N who="0" m="46697" /><D49/><U31/><E31/><V16/><F16/><W55/><G111/><N who="2" m="42569" /><F98/><W15/><G1/><T47/><D47/><U68/><E68/><V112/><F89/><W66/><G66/><N who="1" m="16898" /><U63/><DORA hai="128" /><E69/><V114/><AGARI ba="0,0" hai="99,101,107,112,114" m="42569,54783,47199" machi="114" ten="30,4000,0" yaku="14,1,34,2" doraHai="105,128" who="2" fromWho="2" sc="108,-10,263,-10,227,40,402,-20" owari="98,-40.0,253,-15.0,267,7.0,382,48.0" /></mjloggm>