<mjloggm ver="2.3"><GO type="97" lobby="0"/><UN n0="%E5%BC%81%E5%A4%A9" n1="%E3%82%A6%E3%83%AB%E3%83%88%E3%83%A9%E7%AB%8B%E7%9B%B4" n2="%43%4F%44%45%2D%30%34" n3="%65%69%62%61%6E%62%75%73" dan="13,13,13,14" rate="1859.38,1844.54,1850.23,1857.79" sx="M,M,M,M"/><TAIKYOKU oya="0"/><INIT seed="0,0,0,5,1,56" ten="250,250,250,250" oya="0" hai0="46,11,57,50,103,7,134,22,58,90,126,81,95" hai1="92,66,106,51,122,53,73,76,121,94,65,129,18" hai2="88,16,27,43,68,38,82,30,17,87,105,19,119" hai3="77,33,109,96,8,14,15,45,32,130,24,115,3"/><T26/><D126/><U60/><E106/><V107/><F68/><W10/><G77/><T72/><D103/><U31/><E129/><V47/><REACH who="2" step="1"/><F119/><REACH who="2" ten="250,250,240,250" step="2"/><W13/><G115/><T127/><D127/><U54/><E121/><V29/><F29/><N who="3" m="19495" /><G130/><T111/><D134/><U12/><E31/><V124/><F124/><W61/><G109/><T2/><D111/><U36/><E122/><V120/><F120/><W85/><G45/><T117/><D117/><U98/><E36/><V5/><F5/><N who="3" m="1087" /><G33/><AGARI ba="0,1" hai="16,17,19,27,30,33,38,43,47,82,87,88,105,107" machi="33" ten="40,8000,1" yaku="1,1,54,2,53,1" doraHai="56" doraHaiUra="69" who="2" fromWho="3" sc="250,0,250,0,240,90,250,-80" /><INIT seed="1,0,0,2,3,128" ten="250,250,330,170" oya="1" hai0="123,56,54,105,127,135,63,130,5,62,110,68,124" hai1="53,92,64,84,133,16,78,13,126,96,11,114,57" hai2="23,6,31,116,95,58,79,113,67,55,26,39,132" hai3="8,9,111,101,0,46,59,75,107,118,129,28,21"/><U125/><E64/><V121/><F116/><W12/><G75/><T43/><D105/><U112/><E78/><V7/><F121/><W42/><G107/><T65/><D5/><U34/><E34/><V109/><F113/><W102/><G118/><T38/><D123/><U66/><E66/><V47/><F132/><W103/><G129/><T32/><D32/><U88/><E133/><V106/><F106/><W90/><G0/><T91/><D91/><U131/><E131/><V94/><F109/><W93/><G111/><T45/><D130/><U89/><E114/><V73/><F67/><W115/><G115/><T4/><D4/><U100/><E112/><V25/><F79/><W85/><G59/><T87/><D87/><U70/><E70/><V49/><F73/><W108/><G108/><T44/><D110/><U61/><REACH who="1" step="1"/><E89/><REACH who="1" ten="250,240,330,170" step="2"/><V82/><F7/><W35/><G35/><T97/><D135/><U83/><AGARI ba="0,1" hai="11,13,16,53,57,61,83,84,88,92,96,100,125,126" machi="83" ten="30,12000,1" yaku="1,1,2,1,0,1,54,2,53,0" doraHai="128" doraHaiUra="74" who="1" fromWho="1" sc="250,-40,240,130,330,-40,170,-40" /><INIT seed="1,1,0,4,4,84" ten="210,370,290,130" oya="1" hai0="30,77,120,106,76,101,9,88,54,90,82,116,122" hai1="37,109,127,69,86,98,123,53,130,121,102,64,1" hai2="11,46,89,74,47,42,80,5,58,91,117,59,85" hai3="94,41,33,79,49,26,2,27,70,92,95,0,63"/><U4/><E37/><V39/><F117/><W43/><G79/><T15/><D116/><U24/><E64/><V96/><F47/><W19/><G33/><T111/><D30/><U8/><E69/><V83/><F74/><W78/><G78/><T108/><D54/><U128/><E86/><V112/><F112/><W45/><G43/><T131/><D76/><U32/><E53/><V28/><F28/><W65/><REACH who="3" step="1"/><G19/><REACH who="3" ten="210,370,290,120" step="2"/><T72/><D131/><U48/><E32/><V55/><F39/><W62/><G62/><T135/><D135/><U68/><E128/><V38/><F38/><W56/><G56/><N who="2" m="21545" /><F42/><W57/><G57/><T118/><D118/><U93/><E130/><V110/><F110/><N who="0" m="42026" /><D106/><U20/><E109/><V50/><F96/><W17/><G17/><N who="0" m="8431" /><D101/><U66/><E68/><V25/><F85/><W105/><G105/><T6/><D6/><U99/><E99/><V133/><F133/><W7/><G7/><T115/><D115/><U129/><E129/><V114/><F114/><W36/><G36/><T44/><D44/><U40/><E66/><V16/><F5/><W87/><G87/><T126/><D126/><U35/><E35/><V60/><F60/><W81/><G81/><N who="2" m="31305" /><F11/><W22/><G22/><AGARI ba="1,1" hai="16,22,25,46,50,55,89,91" m="31305,21545" machi="22" ten="30,7700,0" yaku="8,1,52,2,54,1" doraHai="84" who="2" fromWho="3" sc="210,0,370,0,290,90,120,-80" /><INIT seed="2,0,0,5,3,89" ten="210,370,380,40" oya="2" hai0="22,74,86,31,106,29,78,93,105,124,19,69,116" hai1="117,3,100,14,73,130,113,24,48,26,112,17,82" hai2="75,126,76,47,13,65,10,37,34,120,8,87,64" hai3="51,0,68,81,66,96,63,38,80,28,35,94,12"/><V32/><F120/><W30/><G38/><T4/><D69/><U91/><E3/><V71/><F126/><W52/><G0/><T102/><D124/><U55/><E117/><V59/><F75/><W43/><G43/><T56/><D116/><U133/><E100/><V5/><F71/><W2/><G2/><T57/><D4/><U107/><E107/><V111/><F111/><W114/><G114/><T128/><D128/><U54/><E73/><V58/><F47/><W11/><G35/><N who="2" m="13353" /><F37/><W50/><G50/><T108/><D108/><U123/><E123/><V49/><F49/><W53/><G53/><T83/><D106/><U125/><E48/><V70/><F70/><W23/><G30/><T33/><D33/><U15/><E125/><V131/><F131/><W16/><G28/><T6/><D6/><U132/><E130/><V39/><F39/><W36/><G11/><N who="2" m="4137" /><F5/><W21/><G21/><T79/><D79/><U97/><E55/><V134/><F76/><W44/><REACH who="3" step="1"/><G36/><REACH who="3" ten="210,370,380,30" step="2"/><T90/><D29/><U127/><E54/><V40/><F40/><W122/><G122/><T119/><D31/><U109/><E109/><V46/><F46/><W118/><G118/><T121/><D121/><U103/><E127/><V115/><F115/><W1/><G1/><T18/><D119/><U60/><E113/><V9/><F64/><W110/><G110/><T135/><D78/><U129/><E112/><V61/><F9/><W84/><G84/><T92/><D86/><U67/><E67/><V85/><F87/><W98/><G98/><T25/><D22/><N who="1" m="13391" /><E97/><V99/><F99/><RYUUKYOKU ba="0,1" sc="210,-10,370,-10,380,-10,30,30" hai3="12,16,23,44,51,52,63,66,68,80,81,94,96" /><INIT seed="3,1,1,3,0,39" ten="200,360,370,60" oya="3" hai0="118,73,124,74,66,24,111,1,89,54,0,134,79" hai1="109,40,121,81,44,72,22,96,33,23,34,43,108" hai2="29,85,129,77,116,2,31,61,38,67,46,127,19" hai3="123,70,15,131,63,82,4,14,132,25,75,84,93"/><W103/><G123/><T35/><D118/><U101/><E121/><V28/><F2/><W113/><G75/><T94/><D73/><U115/><E115/><V62/><F116/><W52/><G113/><T104/><D104/><U32/><E81/><V58/><F129/><W9/><G132/><T69/><D134/><U8/><E8/><V83/><F127/><W112/><G112/><T10/><D124/><U17/><E72/><V135/><F38/><W12/><G131/><T125/><D125/><U102/><E44/><V60/><F46/><W50/><G25/><T48/><D111/><N who="1" m="42571" /><E102/><V18/><F135/><W7/><G7/><T100/><D100/><U68/><E68/><V122/><REACH who="2" step="1"/><F122/><REACH who="2" ten="200,360,360,60" step="2"/><W71/><G63/><AGARI ba="1,2" hai="18,19,28,29,31,58,60,61,62,63,67,77,83,85" machi="63" ten="40,5200,0" yaku="1,1,2,1,8,1,53,0" doraHai="39" doraHaiUra="16" who="2" fromWho="3" sc="200,0,360,0,360,75,60,-55" owari="200,-20.0,360,16.0,435,53.0,5,-49.0" /></mjloggm>