<mjloggm ver="2.3"><GO type="41" lobby="0"/><UN n0="%E3%82%B6%E3%82%AC%E3%83%AD" n1="%E5%B0%B1%E6%B4%BB%E7%94%9F%40%E5%B7%9D%E6%9D%91%E8%BB%8D%E5%9B%A3" n2="%E3%83%A1%E3%83%95%E3%82%A7%E3%83%8A%E3%83%A0%E2%85%A2" n3="%58%50%45%52%49%41%4E" dan="16,15,15,13" rate="2028.93,1982.17,2053.60,1990.86" sx="M,M,M,M"/><TAIKYOKU oya="0"/><INIT seed="0,0,0,2,2,108" ten="250,250,250,250" oya="0" hai0="83,74,106,48,47,65,130,132,32,60,3,70,58" hai1="85,41,52,124,40,76,1,80,125,90,67,12,59" hai2="96,92,35,49,79,78,77,104,25,68,100,29,2" hai3="46,11,44,10,107,131,19,122,42,23,50,55,62"/><T34/><D3/><U9/><E1/><V53/><F68/><W66/><G107/><T5/><D5/><U110/><E67/><V73/><F2/><W89/><G131/><T94/><D106/><U36/><E110/><V133/><F133/><W4/><G122/><T111/><D130/><U18/><E36/><V114/><F73/><W134/><G134/><T17/><D111/><U119/><E119/><V8/><F8/><W86/><G4/><T15/><D132/><U51/><REACH who="1" step="1"/><E76/><REACH who="1" ten="250,240,250,250" step="2"/><V91/><F78/><W109/><G109/><T61/><D65/><U87/><E87/><V57/><REACH who="2" step="1"/><F114/><REACH who="2" ten="250,240,240,250" step="2"/><W33/><G86/><AGARI ba="0,2" hai="25,29,35,49,53,57,77,79,86,91,92,96,100,104" machi="86" ten="30,7700,0" yaku="1,1,2,1,7,1,53,1" doraHai="108" doraHaiUra="84" who="2" fromWho="3" sc="250,0,240,0,240,97,250,-77" /><INIT seed="1,0,0,2,2,106" ten="250,240,337,173" oya="1" hai0="117,17,4,48,38,71,22,131,101,34,91,3,31" hai1="105,79,16,69,109,40,114,73,45,15,42,12,127" hai2="111,14,75,99,81,6,108,33,74,11,80,2,59" hai3="118,18,29,107,83,72,97,9,102,1,86,8,112"/><U65/><E105/><V130/><F33/><W96/><G112/><T128/><D38/><U95/><E114/><V93/><F130/><N who="0" m="49706" /><D71/><U26/><E127/><V47/><F47/><W66/><G118/><T115/><D101/><U125/><E125/><V123/><F59/><W63/><G1/><T49/><D115/><U90/><E109/><N who="2" m="42059" /><F123/><W76/><G18/><T35/><D91/><U122/><E122/><V104/><F104/><W110/><G110/><T133/><D49/><U64/><E42/><V68/><F68/><W27/><G97/><T129/><D48/><U121/><E121/><V89/><F2/><W67/><G86/><T58/><D58/><U52/><E26/><V54/><F54/><W87/><G87/><T24/><D117/><U53/><E12/><V60/><F60/><W39/><G39/><T32/><N who="0" m="49714" /><T50/><DORA hai="19" /><D50/><N who="1" m="26919" /><E73/><AGARI ba="0,0" hai="6,11,14,73,74,75,80,81,89,93,99" m="42059" machi="73" ten="30,7700,0" yaku="14,1,52,3" doraHai="106,19" who="2" fromWho="1" sc="250,0,240,-77,337,77,173,0" /><INIT seed="2,0,0,5,1,70" ten="250,163,414,173" oya="2" hai0="109,64,130,101,38,107,84,110,120,16,4,50,98" hai1="3,46,102,122,91,2,104,62,13,49,117,135,68" hai2="15,111,54,118,113,37,5,80,24,36,78,60,56" hai3="119,12,90,43,106,44,81,26,69,39,77,124,66"/><V33/><F113/><W73/><G119/><T74/><D120/><U114/><E117/><V65/><F118/><W115/><G124/><T19/><D74/><U28/><E122/><V85/><F111/><N who="0" m="42506" /><D130/><U131/><E131/><V21/><F33/><W89/><G115/><T32/><D32/><U7/><E114/><V59/><F15/><W75/><G75/><T67/><D4/><U94/><E135/><V11/><F11/><W57/><G69/><T23/><D50/><U40/><E28/><V97/><F97/><W82/><G106/><T103/><D103/><U112/><E112/><V105/><F105/><W96/><G96/><T134/><D134/><U128/><E128/><V27/><F5/><W25/><G12/><N who="0" m="9607" /><D38/><U31/><E102/><V100/><F100/><W22/><G82/><T10/><D84/><U48/><E104/><V92/><F92/><W34/><G34/><T58/><D58/><U20/><E68/><V47/><F47/><W30/><REACH who="3" step="1"/><G26/><REACH who="3" ten="250,163,414,163" step="2"/><T79/><D79/><U55/><E2/><V108/><F27/><W93/><G93/><T88/><D88/><U53/><E3/><V0/><F0/><W72/><G72/><T18/><D10/><N who="1" m="4319" /><E91/><V123/><F108/><W95/><G95/><T42/><D107/><U63/><E94/><V126/><F126/><W9/><G9/><T116/><D116/><U6/><E6/><V29/><F123/><W125/><G125/><T132/><D98/><U45/><E55/><V17/><F17/><W121/><G121/><T86/><D18/><U41/><E53/><V51/><AGARI ba="0,1" hai="21,24,29,36,37,51,54,56,59,60,65,78,80,85" machi="51" ten="20,7800,0" yaku="0,1,7,1,52,2" doraHai="70" who="2" fromWho="2" sc="250,-26,163,-26,414,88,163,-26" /><INIT seed="2,1,0,0,0,127" ten="224,137,502,137" oya="2" hai0="106,44,122,100,126,130,107,77,1,25,59,108,23" hai1="49,82,61,16,60,95,118,135,104,39,66,90,109" hai2="57,102,22,33,28,3,27,75,29,15,83,101,51" hai3="117,121,111,7,11,132,10,129,2,21,133,30,40"/><V71/><F71/><W6/><G40/><T20/><D122/><U34/><E104/><V42/><F3/><N who="3" m="351" /><G121/><T123/><D123/><U38/><E34/><V46/><F57/><W93/><G93/><T9/><D126/><U63/><E118/><V41/><F41/><W26/><G117/><T67/><D108/><U14/><E135/><N who="3" m="51786" /><G111/><T58/><D77/><U55/><E109/><V73/><F73/><W17/><G129/><T5/><D130/><U134/><E82/><V53/><F42/><W91/><G91/><T32/><D107/><U0/><E0/><V65/><F65/><W89/><G89/><T76/><D76/><U54/><E66/><V88/><F75/><W113/><G113/><T13/><D106/><U124/><E124/><V72/><F72/><W18/><AGARI ba="1,0" hai="2,7,11,17,18,21,26,30" m="51786,351" machi="18" ten="30,4000,0" yaku="20,1,34,2" doraHai="127" who="3" fromWho="3" sc="224,-11,137,-11,502,-21,137,43" /><INIT seed="3,0,0,1,5,63" ten="213,126,481,180" oya="3" hai0="33,3,123,29,8,7,25,17,118,93,61,113,89" hai1="74,73,126,77,76,133,55,32,60,85,27,44,14" hai2="83,24,90,79,82,92,65,112,12,129,67,26,97" hai3="36,78,56,121,30,43,100,119,111,130,19,50,34"/><W72/><G119/><T51/><D123/><U5/><E133/><V38/><F38/><W28/><G121/><T103/><D118/><U131/><E126/><V117/><F117/><W64/><G34/><T109/><D109/><U6/><E131/><V47/><F129/><W10/><G130/><T84/><D113/><U1/><E1/><V48/><F112/><W80/><G36/><T102/><D51/><U40/><E74/><V96/><F96/><W4/><G19/><T45/><D45/><U54/><E73/><V20/><F12/><W13/><G111/><T23/><REACH who="0" step="1"/><D61/><REACH who="0" ten="203,126,481,180" step="2"/><U35/><E60/><V71/><F48/><W95/><G43/><T127/><D127/><U9/><E44/><V69/><F47/><W91/><G100/><T135/><D135/><U59/><E40/><V49/><F49/><W105/><G105/><T31/><D31/><U116/><E116/><V128/><F128/><W104/><G104/><T57/><D57/><U62/><E55/><V125/><F71/><W132/><G132/><T108/><D108/><U101/><E54/><V68/><F69/><W81/><G50/><T70/><D70/><U58/><E59/><V41/><F68/><W21/><G30/><T2/><D2/><U122/><E58/><V94/><F41/><W15/><G56/><T114/><D114/><U115/><E62/><V124/><F125/><W52/><G28/><T110/><D110/><U66/><E115/><V22/><F124/><W53/><G53/><T87/><D87/><U18/><E122/><V0/><F0/><W134/><G134/><T42/><D42/><RYUUKYOKU ba="0,1" sc="203,30,126,-10,481,-10,180,-10" hai0="3,7,8,17,23,25,29,33,84,89,93,102,103" /><INIT seed="4,1,1,2,3,106" ten="233,116,471,170" oya="0" hai0="69,31,52,28,111,54,91,51,61,39,47,60,73" hai1="26,108,115,132,107,124,120,133,129,6,0,42,5" hai2="65,95,110,56,104,29,68,3,128,125,25,126,24" hai3="76,53,87,72,130,50,32,81,19,64,84,135,48"/><T12/><D111/><U55/><E55/><V75/><F104/><W2/><G32/><T98/><D39/><U82/><E42/><V123/><F68/><W30/><G2/><T22/><D73/><U45/><E26/><V99/><F3/><W93/><G30/><N who="0" m="11307" /><D69/><U57/><E45/><V16/><F75/><W80/><G64/><T100/><D100/><U112/><E57/><V109/><F123/><W34/><G34/><T9/><D22/><U21/><E82/><V96/><F29/><W1/><G1/><T97/><D54/><U131/><E107/><V103/><F65/><W17/><G48/><T102/><D102/><U122/><E21/><V127/><F103/><W66/><G66/><T37/><D37/><U46/><E46/><V27/><F56/><W59/><G72/><T121/><D121/><U78/><E78/><V7/><F128/><W113/><G130/><T89/><D98/><U8/><E0/><V118/><F118/><W49/><G93/><N who="0" m="56495" /><D91/><U105/><E105/><V92/><F110/><W90/><G50/><T35/><D35/><U85/><E85/><V4/><F109/><W70/><G70/><T94/><D94/><U38/><E108/><V134/><F92/><W77/><G90/><T15/><D15/><U33/><E38/><V119/><F119/><W79/><G79/><T86/><D86/><U23/><E23/><V117/><F117/><W43/><G87/><T40/><D40/><U11/><REACH who="1" step="1"/><E124/><REACH who="1" ten="233,106,471,170" step="2"/><V41/><F41/><W83/><G43/><T88/><D47/><U10/><E10/><V63/><F127/><W116/><G84/><RYUUKYOKU ba="1,2" sc="233,-10,106,30,471,-10,170,-10" hai1="5,6,8,11,33,112,115,120,122,129,131,132,133" /><INIT seed="5,2,2,3,5,76" ten="223,136,461,160" oya="1" hai0="4,13,119,66,86,47,92,72,106,29,91,51,130" hai1="48,2,38,9,37,74,99,96,19,120,116,0,78" hai2="69,1,70,117,80,100,26,71,40,53,101,21,118" hai3="27,3,44,111,77,35,59,83,5,36,73,125,11"/><U134/><E116/><V107/><F1/><W108/><G125/><T24/><D119/><U43/><E120/><V123/><F40/><N who="3" m="22535" /><G59/><T93/><D106/><U46/><E134/><V90/><F123/><W17/><G17/><T16/><D72/><U50/><E2/><V49/><F107/><W87/><G87/><T55/><D4/><N who="1" m="1159" /><E38/><V113/><F113/><W64/><G64/><T30/><D66/><U105/><E19/><V97/><F118/><W127/><G127/><T14/><D130/><U68/><E68/><V42/><F42/><W114/><G114/><T129/><D129/><U31/><E31/><AGARI ba="2,2" hai="3,5,11,27,31,35,73,77,83,108,111" m="22535" machi="31" ten="30,3900,0" yaku="25,1,23,1,52,1" doraHai="76" who="3" fromWho="1" sc="223,0,136,-45,461,0,160,65" /><INIT seed="6,0,0,3,1,28" ten="223,91,461,225" oya="2" hai0="123,69,58,72,67,99,40,38,131,110,19,133,83" hai1="115,18,34,121,93,87,3,62,107,112,31,79,89" hai2="88,100,25,128,35,73,14,108,105,96,132,29,134" hai3="7,117,104,43,59,55,10,102,12,113,13,126,103"/><V97/><F73/><W15/><G117/><T49/><D19/><U54/><E107/><V91/><F128/><W20/><G126/><T60/><D99/><U86/><E121/><V47/><F108/><W5/><G43/><T94/><D94/><U71/><E3/><V1/><F1/><W81/><G113/><T11/><D11/><U95/><E18/><V82/><F82/><W48/><G104/><T66/><D83/><U4/><E4/><V106/><F47/><W70/><G70/><T30/><D30/><U42/><E42/><V92/><F14/><N who="3" m="5739" /><G7/><T111/><D72/><U124/><E124/><V8/><F8/><W116/><G116/><T80/><D80/><U68/><E54/><V75/><F75/><W130/><G130/><T84/><D84/><U78/><E31/><V129/><F129/><W77/><G20/><T114/><D131/><U127/><E127/><V37/><F37/><W41/><G41/><T118/><D118/><U101/><E62/><V57/><F57/><W74/><G74/><T39/><D123/><U16/><E16/><V90/><F106/><W53/><G53/><N who="0" m="32047" /><D114/><U21/><E21/><V26/><F26/><W98/><G98/><T61/><D133/><AGARI ba="0,0" hai="25,29,35,88,90,91,92,96,97,100,105,132,133,134" machi="133" ten="40,7700,0" yaku="20,1,52,1,54,1" doraHai="28" who="2" fromWho="0" sc="223,-77,91,0,461,77,225,0" /><INIT seed="6,1,0,5,5,110" ten="146,91,538,225" oya="2" hai0="14,82,13,99,33,18,111,107,16,114,6,134,104" hai1="121,73,76,96,66,9,35,65,61,0,19,51,88" hai2="62,23,119,48,64,92,70,45,93,122,43,41,27" hai3="90,98,32,74,57,118,4,120,5,133,2,80,86"/><V38/><F119/><W117/><G120/><T115/><D33/><U125/><E121/><V112/><F122/><W53/><G32/><T91/><D111/><U126/><E35/><V40/><F112/><N who="0" m="43050" /><D134/><U78/><E66/><V42/><F38/><W108/><G108/><T83/><D6/><U63/><E61/><V28/><AGARI ba="1,0" hai="23,27,28,40,41,42,43,45,48,62,64,70,92,93" machi="28" ten="30,1500,0" yaku="0,1" doraHai="110" who="2" fromWho="2" sc="146,-6,91,-6,538,18,225,-6" /><INIT seed="6,2,0,3,3,85" ten="140,85,556,219" oya="2" hai0="0,30,126,100,63,6,99,16,84,65,69,104,8" hai1="70,52,26,32,2,60,108,79,38,11,45,76,31" hai2="117,88,91,13,93,29,51,43,35,22,5,130,128" hai3="122,49,101,131,98,12,112,50,14,129,54,96,15"/><V75/><F75/><W44/><G122/><T3/><D126/><U68/><E108/><V115/><F35/><W134/><G134/><T67/><D67/><U81/><E76/><V21/><F115/><W36/><G36/><T72/><D72/><U116/><E116/><V121/><F121/><W89/><G89/><T133/><D133/><U10/><E10/><V23/><F29/><W66/><G66/><T56/><D30/><U27/><E27/><V95/><F5/><W83/><G83/><T64/><D0/><U41/><E60/><V94/><F13/><W106/><G112/><T34/><D34/><U42/><E42/><V55/><F43/><W132/><G132/><T111/><D111/><U33/><E52/><V110/><F110/><W118/><G118/><T46/><D46/><U86/><E33/><V71/><F71/><W107/><G50/><T109/><D109/><U28/><E28/><V62/><F62/><W58/><G44/><T74/><D74/><U24/><E24/><V120/><F120/><W9/><G9/><T92/><D65/><U73/><REACH who="1" step="1"/><E86/><REACH who="1" ten="140,75,556,219" step="2"/><V19/><F117/><W53/><G53/><T135/><D135/><U57/><E57/><V80/><F55/><W105/><G58/><T113/><D113/><U103/><E103/><V1/><F51/><W119/><G119/><T40/><D40/><U37/><E37/><V102/><F102/><W7/><G101/><T25/><D56/><U47/><E47/><V82/><F22/><W127/><G54/><T59/><D59/><U124/><E124/><V17/><F21/><W87/><G127/><RYUUKYOKU ba="2,1" sc="140,-10,75,30,556,-10,219,-10" hai1="2,11,26,31,32,38,41,45,68,70,73,79,81" /><INIT seed="7,3,1,0,3,58" ten="130,105,546,209" oya="3" hai0="57,47,64,37,130,76,39,34,19,121,44,99,78" hai1="42,54,20,88,67,31,8,132,43,107,119,69,124" hai2="51,9,135,125,46,79,60,21,29,133,117,3,66" hai3="74,55,65,104,109,118,5,115,35,93,7,81,103"/><W110/><G104/><T101/><D121/><U95/><E107/><V41/><F117/><W108/><G118/><T75/><D34/><U116/><E119/><V40/><F125/><W0/><G0/><T49/><D130/><U92/><E116/><V89/><F79/><N who="0" m="30250" /><D39/><U91/><E124/><V129/><F129/><W112/><G74/><T15/><D37/><U63/><E132/><V98/><F9/><W25/><G81/><T14/><D75/><U120/><E54/><V134/><F3/><W70/><G55/><N who="0" m="31983" /><D64/><U96/><E120/><V1/><F98/><N who="3" m="59855" /><G65/><T22/><D14/><U62/><E8/><V85/><F21/><W17/><G70/><T36/><D36/><U80/><E80/><V72/><F29/><N who="3" m="19887" /><G17/><T73/><D73/><U30/><E20/><V2/><F89/><W82/><G82/><T71/><D71/><U106/><E106/><V45/><F85/><W33/><G33/><T4/><D4/><AGARI ba="3,1" hai="4,5,7,108,109,110,112,115" m="19887,59855" machi="4" ten="40,2000,0" yaku="10,1" doraHai="58" who="3" fromWho="0" sc="130,-29,105,0,546,0,209,39" /><INIT seed="7,4,0,4,3,72" ten="101,105,546,248" oya="3" hai0="92,62,43,6,1,118,46,78,124,13,85,53,11" hai1="88,87,5,10,69,37,122,14,132,114,82,127,59" hai2="126,24,106,18,123,32,96,4,15,64,40,19,97" hai3="20,115,93,135,44,75,83,104,133,42,90,35,65"/><W51/><G35/><T91/><D118/><U67/><E69/><V56/><F126/><W60/><G104/><T47/><D124/><U33/><E122/><V105/><F40/><W71/><G115/><T134/><D134/><N who="3" m="51209" /><G20/><T21/><D43/><U76/><E37/><V99/><F32/><W70/><G75/><T0/><D0/><U8/><E33/><V108/><F123/><W57/><G83/><N who="0" m="47351" /><D1/><U131/><E114/><V128/><F106/><W7/><G7/><T74/><D74/><U103/><E103/><V120/><F105/><W17/><G17/><T100/><D100/><U109/><E127/><V63/><F120/><W50/><G90/><T52/><D21/><U107/><E107/><V117/><F117/><W48/><G93/><T49/><D62/><N who="1" m="38367" /><E132/><V121/><F121/><W28/><G28/><T116/><D116/><U45/><E109/><V30/><F108/><W102/><G102/><T3/><D3/><U68/><E68/><AGARI ba="4,0" hai="42,44,48,50,51,57,60,65,68,70,71" m="51209" machi="68" ten="30,5800,0" yaku="20,1,34,2" doraHai="72" who="3" fromWho="1" sc="101,0,105,-70,546,0,248,70" /><INIT seed="7,5,0,0,4,58" ten="101,35,546,318" oya="3" hai0="13,103,114,90,36,116,132,20,33,85,108,42,109" hai1="91,88,115,97,32,100,102,84,95,81,24,45,67" hai2="80,4,43,56,0,83,57,134,125,94,46,112,35" hai3="71,106,99,50,123,59,8,135,107,121,39,104,7"/><W87/><G71/><T55/><D33/><U110/><E110/><V31/><F112/><W89/><G39/><T34/><D34/><U62/><E115/><V28/><F134/><W27/><G135/><T2/><D2/><U19/><E45/><V76/><F125/><W73/><G73/><T124/><D116/><U26/><E26/><V21/><F35/><W65/><G27/><T82/><D132/><U122/><E122/><V3/><F94/><W5/><G99/><T41/><D114/><U72/><E72/><V75/><F80/><W79/><G79/><T44/><D124/><U113/><E113/><V9/><F0/><W51/><G51/><T77/><D42/><U131/><E131/><V120/><F120/><W11/><G11/><T29/><D103/><U66/><E66/><V64/><F64/><W117/><G117/><T129/><D129/><U1/><E1/><V16/><F31/><W6/><G8/><T111/><D55/><U12/><E24/><N who="2" m="14375" /><F28/><W30/><G30/><T130/><D130/><U53/><E32/><V40/><F40/><W70/><G70/><T96/><D29/><U63/><E53/><V105/><F105/><W118/><G118/><T18/><D111/><U49/><E49/><V15/><F15/><W61/><REACH who="3" step="1"/><G50/><REACH who="3" ten="101,35,546,308" step="2"/><T10/><D10/><N who="1" m="6551" /><E67/><V14/><F14/><W38/><G38/><AGARI ba="5,1" hai="3,4,9,38,43,46,56,57,75,76,83" m="14375" machi="38" ten="30,2000,0" yaku="25,1,54,1" doraHai="58" who="2" fromWho="3" sc="101,0,35,0,546,45,308,-35" owari="101,-30.0,35,-46.0,591,69.0,273,7.0" /></mjloggm>