<mjloggm ver="2.3"><GO type="169" lobby="0"/><UN n0="%4C%61%6E%63%65%74" n1="%E3%82%A6%E3%83%AB%E3%83%88%E3%83%A9%E7%AB%8B%E7%9B%B4" n2="%E3%83%95%E3%83%AA%E3%83%86%E3%83%B3" n3="%E5%A4%A7%E6%AD%A3%E7%BE%A9%E9%87%8E%E7%90%83%E5%A8%98" dan="16,16,18,16" rate="2048.82,2129.89,2212.47,2119.65" sx="M,M,M,F"/><TAIKYOKU oya="0"/><INIT seed="0,0,0,1,3,97" ten="250,250,250,250" oya="0" hai0="49,42,38,39,95,110,40,101,73,52,30,118,116" hai1="20,59,111,36,129,77,26,67,5,21,35,31,117" hai2="0,33,126,10,70,71,130,75,109,22,2,6,58" hai3="64,100,121,99,1,113,8,57,135,50,32,55,84"/><T86/><D73/><U19/><E36/><V89/><F33/><W13/><G113/><T47/><D30/><U53/><E67/><V98/><F75/><W65/><G32/><T76/><D76/><U134/><E117/><V41/><F2/><W28/><G1/><T54/><D86/><U133/><E5/><V108/><F41/><N who="0" m="15978" /><D95/><U4/><E4/><V105/><F58/><W125/><G28/><T37/><D101/><U115/><E115/><V27/><F89/><W17/><G135/><T103/><D103/><U128/><E77/><V106/><F106/><W48/><G125/><T82/><D82/><U78/><E78/><V25/><F126/><W46/><G84/><T123/><D123/><U43/><E35/><V3/><F3/><W92/><REACH who="3" step="1"/><G121/><REACH who="3" ten="250,250,250,240" step="2"/><T24/><D24/><U23/><E31/><V11/><F0/><W93/><G93/><T15/><D15/><U66/><E26/><V122/><F25/><W112/><G112/><T16/><D110/><U131/><E111/><V88/><F27/><W60/><G60/><T45/><D16/><U102/><E19/><V69/><F108/><W124/><G124/><T7/><D7/><U63/><E133/><V80/><F109/><W44/><G44/><N who="0" m="16971" /><D49/><U114/><E114/><V79/><F6/><W96/><G96/><T14/><D14/><U132/><E132/><V83/><F98/><W56/><G56/><T68/><D68/><U91/><E134/><V119/><F70/><W104/><G104/><T90/><D90/><U29/><E91/><V61/><F88/><W74/><G74/><T94/><D94/><RYUUKYOKU ba="0,1" sc="250,15,250,-15,250,-15,240,15" hai0="37,38,39,52,54,116,118" hai3="8,13,17,46,48,50,55,57,64,65,92,99,100" /><INIT seed="0,1,1,1,5,75" ten="265,235,235,255" oya="0" hai0="84,49,10,63,1,12,37,123,98,40,34,125,101" hai1="68,87,121,114,108,45,119,30,62,18,120,86,47" hai2="113,107,109,71,97,16,39,133,51,22,57,81,89" hai3="56,50,106,7,8,88,19,21,3,93,135,44,69"/><T0/><D37/><U67/><E30/><V23/><F113/><W100/><G135/><T124/><D34/><U9/><E87/><V112/><F112/><W110/><G110/><T102/><D123/><U17/><E17/><V64/><F39/><W76/><G69/><T134/><D134/><U122/><E114/><V77/><F109/><W91/><G106/><T4/><D102/><U65/><E18/><V55/><F133/><W99/><G56/><T83/><D63/><N who="1" m="40063" /><E86/><V131/><F131/><W42/><REACH who="3" step="1"/><G76/><REACH who="3" ten="265,235,235,245" step="2"/><T61/><D124/><U24/><E108/><V13/><F107/><W36/><G36/><T35/><D125/><U58/><E58/><V66/><F71/><W90/><G90/><T54/><D35/><U127/><E127/><V103/><F89/><W117/><G117/><T52/><D40/><U73/><E119/><V5/><F23/><W53/><G53/><T126/><D126/><U129/><E129/><V25/><F103/><W48/><G48/><T128/><D128/><U60/><E122/><V32/><F32/><W59/><G59/><T78/><D54/><U132/><E121/><V26/><F64/><W29/><G29/><T31/><D31/><U95/><E65/><V20/><F66/><W118/><G118/><T96/><D61/><U38/><E62/><V105/><F22/><W74/><G74/><T94/><D98/><U27/><E60/><V33/><F97/><W41/><G41/><T85/><D85/><U79/><E132/><V70/><F70/><W11/><G11/><T15/><D1/><U111/><E120/><V92/><F105/><RYUUKYOKU ba="1,2" sc="265,15,235,-15,235,-15,245,15" hai0="0,4,10,12,15,49,52,78,83,84,94,96,101" hai3="3,7,8,19,21,42,44,50,88,91,93,99,100" /><INIT seed="0,2,2,0,3,98" ten="280,220,220,260" oya="0" hai0="5,52,85,95,120,42,35,9,72,110,79,13,126" hai1="2,68,75,4,97,114,61,127,123,117,22,40,19" hai2="38,56,39,70,57,105,116,20,45,28,128,76,100" hai3="41,32,16,27,6,1,92,87,0,62,73,132,59"/><T112/><D72/><U15/><E75/><V43/><F70/><W122/><G73/><T10/><D35/><U8/><E117/><V134/><F116/><W51/><G6/><T101/><D120/><U33/><E123/><V48/><F76/><W99/><G122/><T54/><D112/><U121/><E121/><V77/><F77/><W66/><G87/><T88/><D42/><U125/><E40/><V37/><F128/><W124/><G124/><N who="1" m="47690" /><E97/><V90/><F134/><W49/><G132/><T111/><D126/><U18/><E61/><V17/><F28/><W7/><G32/><T12/><D101/><U58/><E58/><V130/><F130/><W107/><G107/><T36/><D79/><U78/><E78/><V25/><REACH who="2" step="1"/><F90/><REACH who="2" ten="280,220,210,260" step="2"/><W103/><G41/><T106/><D36/><U55/><E68/><V69/><F69/><W80/><G80/><T108/><REACH who="0" step="1"/><D106/><REACH who="0" ten="270,220,210,260" step="2"/><U34/><E114/><V30/><F30/><W46/><G103/><T14/><D14/><U115/><E115/><V3/><F3/><W93/><G0/><T64/><D64/><U113/><E113/><V83/><F83/><W135/><G1/><T26/><D26/><N who="1" m="14687" /><E55/><V74/><F74/><W65/><G135/><T31/><D31/><U89/><E89/><V24/><F24/><W21/><G66/><T23/><D23/><AGARI ba="2,4" hai="2,4,8,15,18,23,33,34" m="14687,47690" machi="23" ten="30,3900,0" yaku="18,1,34,2" doraHai="98" who="1" fromWho="0" sc="270,-45,220,85,210,0,260,0" /><INIT seed="1,0,0,2,2,130" ten="225,305,210,260" oya="1" hai0="110,67,129,2,1,28,21,23,120,92,31,24,4" hai1="27,64,86,94,131,59,29,93,75,122,76,108,114" hai2="8,87,127,89,6,11,132,39,55,71,46,69,113" hai3="5,63,53,82,10,109,61,73,107,20,52,18,38"/><U19/><E75/><V58/><F127/><W32/><G32/><T90/><D67/><U85/><E122/><V65/><F65/><W49/><G38/><T115/><D110/><U33/><E114/><V91/><F113/><W99/><G109/><T79/><D79/><U17/><E108/><V97/><F97/><W81/><G53/><T101/><D101/><U84/><E76/><V25/><F25/><W48/><G48/><T95/><D95/><U124/><E124/><V70/><F6/><W15/><G99/><T41/><D41/><U105/><E105/><V134/><F46/><W60/><G107/><T40/><D40/><U96/><E131/><V57/><F39/><W133/><G133/><N who="2" m="51305" /><F58/><N who="3" m="33039" /><G73/><T34/><D115/><U66/><E66/><V121/><F121/><W111/><G111/><T116/><D129/><U119/><E59/><V14/><F14/><AGARI ba="0,0" hai="5,10,14,15,18,20,60,61,63,81,82" m="33039" machi="14" ten="30,2000,0" yaku="8,1,54,1" doraHai="130" who="3" fromWho="2" sc="225,0,305,0,210,-20,260,20" /><INIT seed="2,0,0,2,3,109" ten="225,305,190,280" oya="2" hai0="41,107,132,59,0,56,23,4,2,49,135,100,18" hai1="60,29,31,3,55,52,92,54,67,79,101,13,113" hai2="71,6,81,117,35,127,65,33,40,91,14,62,19" hai3="112,17,27,93,37,12,105,8,80,82,77,114,90"/><V129/><F117/><W66/><G105/><T78/><D78/><U50/><E3/><V116/><F116/><W42/><G66/><T108/><D108/><U51/><E79/><V73/><F6/><W44/><G27/><T88/><D107/><U84/><E13/><V95/><F40/><W74/><REACH who="3" step="1"/><G82/><REACH who="3" ten="225,305,190,270" step="2"/><T34/><D135/><U47/><E67/><V26/><F26/><W111/><G111/><T128/><D132/><U28/><E60/><V75/><F81/><W43/><G43/><T131/><D41/><U64/><E64/><V16/><F62/><W124/><G124/><T15/><D131/><U30/><E55/><V89/><F65/><W22/><G22/><T98/><D23/><U85/><E52/><V87/><F129/><W61/><G61/><T83/><D128/><U48/><E54/><V110/><F127/><W99/><AGARI ba="0,1" hai="8,12,17,37,42,44,74,77,80,90,93,99,112,114" machi="99" ten="30,7900,0" yaku="1,1,0,1,52,2,53,0" doraHai="109" doraHaiUra="121" who="3" fromWho="3" sc="225,-20,305,-20,190,-39,270,89" /><INIT seed="3,0,0,3,3,74" ten="205,285,151,359" oya="3" hai0="77,40,65,27,59,95,113,110,125,135,41,121,35" hai1="11,114,0,34,28,10,62,132,55,64,53,128,19" hai2="22,108,106,119,87,83,134,118,81,124,107,21,84" hai3="13,15,130,127,71,79,93,61,60,47,78,25,52"/><W86/><G130/><T26/><D95/><U31/><E114/><V67/><F108/><W82/><G71/><T24/><D59/><U14/><E128/><V17/><F134/><W123/><G123/><T131/><D65/><U102/><E132/><V63/><F17/><W7/><G127/><T76/><D35/><U36/><E36/><V89/><F124/><W98/><G25/><T111/><D135/><U8/><E102/><V9/><F9/><N who="3" m="4287" /><G15/><T72/><D72/><U126/><E126/><V80/><F67/><W88/><G78/><N who="0" m="30315" /><D125/><U66/><E66/><V58/><F58/><W48/><AGARI ba="0,0" hai="47,48,52,60,61,79,82,86,88,93,98" m="4287" machi="48" ten="30,11700,0" yaku="8,1,52,1,54,2" doraHai="74" who="3" fromWho="3" sc="205,-39,285,-39,151,-39,359,117" /><INIT seed="3,1,0,5,2,39" ten="166,246,112,476" oya="3" hai0="97,96,33,100,14,129,65,105,5,93,18,121,41" hai1="36,118,46,17,3,60,24,19,128,122,113,103,86" hai2="66,79,99,58,42,114,90,13,2,102,62,47,26" hai3="134,68,22,7,80,135,110,8,12,69,109,30,74"/><W11/><G11/><T48/><D33/><U132/><E3/><V35/><F114/><W16/><G30/><T131/><D65/><U85/><E122/><V54/><F2/><N who="3" m="119" /><G80/><T25/><D5/><U37/><E113/><V4/><F90/><W120/><G74/><T10/><D25/><U49/><E103/><V32/><F79/><W84/><G84/><T106/><D97/><U23/><E37/><V98/><F54/><W112/><G120/><T116/><D116/><U27/><E36/><V64/><F64/><W31/><G31/><T92/><D92/><U87/><E118/><V125/><F125/><W38/><G38/><T6/><D6/><U108/><E60/><V21/><F98/><W71/><G112/><T104/><REACH who="0" step="1"/><D121/><REACH who="0" ten="156,246,112,476" step="2"/><U95/><E95/><V59/><F4/><W119/><G119/><T76/><D76/><U28/><E27/><V123/><F123/><W81/><G81/><T94/><D94/><U73/><E24/><V57/><F32/><W107/><G107/><T70/><D70/><U52/><E28/><N who="2" m="17487" /><F35/><W9/><G9/><T45/><AGARI ba="1,1" hai="10,14,18,41,45,48,93,96,100,104,105,106,129,131" machi="45" ten="40,5200,0" yaku="1,1,0,1,52,1,53,0" doraHai="39" doraHaiUra="115" who="0" fromWho="0" sc="156,65,246,-14,112,-14,476,-27" /><INIT seed="4,0,0,1,4,4" ten="221,232,98,449" oya="0" hai0="116,6,69,21,1,61,88,113,63,114,126,37,47" hai1="128,53,83,22,108,52,29,65,80,59,43,81,19" hai2="107,92,31,129,3,0,33,62,79,68,67,118,127" hai3="50,74,9,70,78,34,131,25,49,42,18,117,73"/><T84/><D116/><U82/><E108/><V132/><F118/><W121/><G117/><T133/><D133/><U11/><E128/><V2/><F129/><W86/><G70/><T89/><D89/><U122/><E122/><V60/><F92/><W94/><G42/><N who="0" m="22991" /><D126/><U120/><E120/><V54/><F127/><W20/><G18/><T32/><D32/><U5/><E43/><V13/><F79/><W75/><G20/><T104/><D104/><U23/><E29/><V112/><F112/><N who="0" m="43114" /><D69/><U111/><E111/><V100/><F132/><W28/><G121/><T76/><D76/><U110/><E110/><V41/><F41/><W66/><G78/><T24/><D6/><U17/><E83/><V57/><F13/><W27/><G131/><T10/><D10/><U35/><E35/><V71/><F71/><W123/><G9/><T72/><D72/><U77/><E77/><V8/><F8/><W109/><G74/><T7/><D7/><U99/><E99/><V96/><REACH who="2" step="1"/><F2/><REACH who="2" ten="221,232,88,449" step="2"/><W48/><G123/><T102/><D1/><U15/><E81/><V135/><F135/><W30/><G109/><T44/><D102/><U103/><E103/><V91/><F91/><W51/><G73/><T130/><D130/><U39/><E82/><V98/><F98/><W134/><G75/><T95/><D44/><U105/><E80/><V26/><AGARI ba="0,1" hai="0,3,26,31,33,54,57,60,62,67,68,96,100,107" machi="26" ten="30,7900,0" yaku="1,1,0,1,25,2,53,0" doraHai="4" doraHaiUra="124" who="2" fromWho="2" sc="221,-39,232,-20,88,89,449,-20" /><INIT seed="5,0,0,2,0,68" ten="182,212,177,429" oya="1" hai0="98,118,89,119,59,39,101,19,10,41,117,25,5" hai1="130,44,32,80,100,16,12,28,76,123,85,93,109" hai2="114,56,57,75,2,17,31,121,9,35,92,129,83" hai3="11,67,42,135,7,86,50,0,72,52,104,34,14"/><U73/><E123/><V91/><F121/><W113/><G72/><T58/><D89/><U47/><E130/><V30/><F129/><W48/><G104/><T64/><D64/><U69/><E69/><V111/><F111/><W65/><G34/><T102/><D102/><U62/><E109/><V81/><F114/><W22/><G113/><T6/><D6/><U78/><E28/><N who="2" m="10795" /><F2/><W74/><G74/><T90/><D90/><N who="1" m="51495" /><E62/><V24/><F75/><W36/><G36/><T55/><D55/><U27/><E27/><V45/><F45/><N who="1" m="17481" /><E73/><V106/><F106/><W66/><G0/><T120/><D25/><U63/><E63/><V110/><F35/><W26/><G7/><T107/><D5/><U15/><E15/><N who="2" m="7407" /><F24/><W126/><G26/><T38/><D120/><U20/><E32/><V82/><F110/><W1/><G14/><T84/><D119/><U128/><E128/><V51/><F51/><W124/><G48/><T96/><D118/><U133/><E133/><V95/><F95/><W61/><G50/><T21/><D117/><U134/><E134/><V23/><F23/><W43/><G22/><T8/><D21/><U97/><AGARI ba="0,0" hai="12,16,20,76,78,93,97,100" m="17481,51495" machi="97" ten="30,3000,0" yaku="8,1,54,1" doraHai="68" who="1" fromWho="1" sc="182,-10,212,30,177,-10,429,-10" /><INIT seed="5,1,0,2,5,102" ten="172,242,167,419" oya="1" hai0="21,19,14,33,123,86,35,95,39,34,128,10,8" hai1="20,30,114,46,72,83,90,78,68,47,71,98,69" hai2="43,126,17,64,1,24,122,113,13,52,106,22,62" hai3="107,131,50,67,119,53,93,23,118,60,7,54,94"/><U40/><E114/><V109/><F109/><W116/><G107/><T96/><D39/><U100/><E90/><V41/><F1/><W16/><G7/><T104/><D128/><U0/><E47/><V112/><F122/><W91/><G131/><T76/><D123/><U88/><E88/><V115/><F126/><W120/><G120/><T27/><D76/><U84/><E84/><V133/><F133/><W73/><G73/><T89/><REACH who="0" step="1"/><D27/><REACH who="0" ten="162,242,167,419" step="2"/><U134/><E134/><V87/><F24/><W129/><G129/><T117/><D117/><U81/><E78/><V125/><F125/><W110/><G110/><T108/><D108/><U63/><E72/><V61/><F106/><W18/><G119/><T12/><D12/><U11/><E0/><V99/><F99/><W103/><G118/><T55/><D55/><U135/><E98/><V6/><F87/><W121/><G53/><T130/><D130/><U105/><E40/><V9/><F52/><W2/><G54/><T127/><D127/><U70/><E135/><V31/><F31/><W66/><G2/><T44/><D44/><U85/><E46/><V79/><F79/><W4/><G121/><T57/><D57/><U29/><E69/><N who="2" m="42127" /><F62/><W124/><G124/><T37/><D37/><U92/><E63/><V49/><F49/><W58/><G50/><T74/><D74/><U45/><E105/><V97/><F97/><W3/><G116/><T5/><D5/><U42/><E85/><V56/><F56/><W48/><G48/><T36/><D36/><U32/><E70/><V111/><F111/><W25/><G60/><RYUUKYOKU ba="1,1" sc="162,15,242,-15,167,15,419,-15" hai0="8,10,14,19,21,33,34,35,86,89,95,96,104" hai2="6,9,13,17,22,41,43,112,113,115" /><INIT seed="6,2,1,2,0,123" ten="177,227,182,404" oya="2" hai0="44,30,90,15,6,129,23,71,101,8,5,112,12" hai1="7,63,2,22,52,116,65,54,133,80,13,37,78" hai2="106,64,87,69,31,99,131,29,102,121,127,105,125" hai3="39,14,49,86,119,25,53,11,62,16,47,95,88"/><V108/><F121/><W77/><G119/><T79/><D71/><U81/><E37/><V117/><F117/><W24/><G39/><T94/><D101/><U124/><E2/><V1/><F1/><W73/><G73/><T113/><D79/><U84/><E116/><V34/><F131/><W96/><G62/><T55/><D129/><U92/><E133/><V66/><F108/><W28/><G28/><N who="2" m="10825" /><F34/><W35/><G35/><T17/><D30/><U21/><E124/><N who="2" m="47691" /><F69/><W27/><G77/><T19/><D112/><U58/><E81/><V3/><F3/><W45/><G45/><T104/><D104/><N who="2" m="40042" /><F87/><AGARI ba="2,1" hai="11,14,16,24,25,27,47,49,53,86,87,88,95,96" machi="87" ten="40,5200,0" yaku="8,1,54,2" doraHai="123" who="3" fromWho="2" sc="177,0,227,0,182,-58,404,68" /><INIT seed="7,0,0,3,0,83" ten="177,227,124,472" oya="3" hai0="58,60,119,110,39,114,7,23,127,82,18,98,62" hai1="88,37,9,93,14,133,29,12,75,116,71,59,55" hai2="27,126,124,102,0,100,121,54,103,49,20,33,77" hai3="132,85,129,76,25,1,104,35,95,57,38,111,134"/><W105/><G57/><T86/><D39/><U5/><E75/><V117/><F117/><W90/><G25/><T24/><D110/><U13/><E133/><V109/><F109/><W78/><G35/><T16/><D127/><U22/><E71/><V63/><F121/><W61/><G61/><T125/><D125/><U74/><E74/><V32/><F0/><W73/><G38/><T84/><D7/><U118/><E37/><V50/><F124/><W70/><G1/><T69/><D69/><U120/><E120/><V53/><F126/><W11/><G11/><T113/><D119/><U128/><E128/><V79/><F63/><N who="0" m="24106" /><D98/><U15/><E118/><V96/><F96/><W122/><G70/><T8/><D58/><U87/><E116/><V81/><F20/><W21/><G21/><N who="0" m="13367" /><D82/><U108/><E108/><V123/><F123/><W30/><G30/><T91/><D91/><U4/><E4/><V40/><F40/><W64/><G64/><T99/><D99/><U107/><E107/><V66/><F66/><W2/><G2/><T115/><D8/><U67/><E67/><V28/><F33/><W135/><G111/><T101/><D101/><U10/><E10/><V31/><F31/><W48/><G48/><T106/><D106/><N who="3" m="41065" /><G122/><T112/><D112/><U94/><E29/><V51/><REACH who="2" step="1"/><F81/><REACH who="2" ten="177,227,114,472" step="2"/><W34/><G34/><T92/><D92/><U56/><E94/><V42/><F42/><W46/><G132/><T19/><D23/><U65/><E22/><V47/><F47/><W80/><G46/><T26/><D114/><U52/><E65/><V3/><F3/><RYUUKYOKU ba="0,1" sc="177,-15,227,15,114,15,472,-15" hai1="5,9,12,13,14,15,52,55,56,59,87,88,93" hai2="27,28,32,49,50,51,53,54,77,79,100,102,103" owari="162,-24.0,242,4.0,129,-37.0,467,57.0" /></mjloggm>