<mjloggm ver="2.3"><GO type="105" lobby="0"/><UN n0="%64%75%72%72%72%72%72" n1="%70%75%74%61" n2="%E5%B0%B1%E6%B4%BB%E7%94%9F%40%E5%B7%9D%E6%9D%91%E8%BB%8D%E5%9B%A3" n3="%E3%81%86%E3%81%83%E3%83%BC%E3%81%A1%E3%82%83%E3%82%93" dan="14,14,13,13" rate="1895.25,1995.45,1895.06,2036.12" sx="M,M,M,M"/><TAIKYOKU oya="0"/><INIT seed="0,0,0,5,0,87" ten="250,250,250,250" oya="0" hai0="66,70,127,52,32,48,38,132,31,71,78,104,129" hai1="24,74,46,26,81,106,72,19,76,118,100,131,98" hai2="123,7,93,25,58,80,20,73,120,128,91,134,135" hai3="103,111,51,97,47,28,110,5,34,99,114,85,22"/><T12/><D38/><U0/><E118/><V126/><F7/><W79/><G34/><T33/><D132/><N who="2" m="50730" /><F128/><W82/><G114/><T83/><D129/><U109/><E131/><V50/><F126/><W68/><G68/><T16/><D127/><U84/><E0/><V57/><F73/><W88/><G5/><T10/><D104/><U122/><E122/><N who="2" m="46635" /><F50/><W77/><G22/><T102/><D102/><U8/><E109/><N who="3" m="41482" /><G28/><T13/><D13/><U64/><E64/><V117/><F80/><W65/><G65/><T69/><D66/><U9/><E74/><V21/><F117/><W53/><G97/><T121/><D121/><U3/><E46/><V18/><F21/><W112/><G112/><T86/><REACH who="0" step="1"/><D31/><REACH who="0" ten="240,250,250,250" step="2"/><U55/><E3/><V11/><F11/><W29/><G29/><T4/><D4/><U2/><E2/><V63/><F25/><W59/><G47/><AGARI ba="0,1" hai="10,12,16,32,33,47,48,52,69,70,71,78,83,86" machi="47" ten="40,18000,2" yaku="1,1,54,2,53,3" doraHai="87" doraHaiUra="67" who="0" fromWho="3" sc="240,190,250,0,250,0,250,-180" /><INIT seed="0,1,0,5,2,84" ten="430,250,250,70" oya="0" hai0="128,95,7,12,22,124,25,81,51,3,115,72,92" hai1="96,111,63,89,75,83,37,110,27,134,64,49,29" hai2="133,62,38,88,113,104,39,94,123,26,57,73,17" hai3="82,61,24,118,117,97,10,32,8,18,91,11,130"/><T70/><D70/><U99/><E37/><V4/><F104/><W126/><G126/><T103/><D115/><U98/><E49/><V43/><F123/><W50/><G130/><T21/><D124/><U105/><E134/><V108/><F113/><W42/><G61/><T48/><D128/><U127/><E127/><V87/><F133/><W46/><G18/><T1/><D12/><U86/><E75/><V85/><F73/><W20/><G20/><T33/><D72/><U5/><E5/><V53/><F108/><W23/><G23/><T19/><D19/><U34/><REACH who="1" step="1"/><E105/><REACH who="1" ten="430,240,250,70" step="2"/><V114/><F114/><W59/><G118/><T31/><D7/><U55/><E55/><V0/><F4/><W101/><G117/><T47/><D48/><U6/><E6/><V135/><F135/><W56/><G32/><T112/><D51/><U76/><E76/><V71/><F0/><W109/><G109/><T13/><D33/><U129/><E129/><V116/><F116/><W132/><G132/><T106/><D3/><U16/><E16/><V77/><F43/><W90/><G24/><T65/><D106/><U9/><E9/><V121/><F121/><W131/><G131/><T45/><D25/><U93/><E93/><V74/><F74/><W102/><G82/><T69/><D95/><U28/><E28/><V15/><F39/><W40/><G40/><T30/><D31/><U60/><E60/><V68/><F38/><W2/><G2/><T100/><D30/><U35/><E35/><V44/><F77/><W125/><G125/><T66/><D1/><U80/><E80/><RYUUKYOKU ba="1,1" sc="430,-10,240,30,250,-10,70,-10" hai1="27,29,34,63,64,83,86,89,96,98,99,110,111" /><INIT seed="1,2,1,4,1,124" ten="420,270,240,60" oya="1" hai0="2,56,46,119,12,114,98,97,118,84,41,83,101" hai1="51,131,127,95,4,40,91,105,116,99,42,64,133" hai2="94,78,58,72,123,80,43,89,71,63,79,17,61" hai3="75,52,54,82,37,7,16,28,111,8,108,0,103"/><U113/><E116/><V86/><F123/><W45/><G103/><T6/><D2/><U92/><E113/><V109/><F109/><N who="3" m="42059" /><G28/><T110/><D110/><U19/><E127/><V1/><F1/><W69/><G69/><T129/><D114/><U13/><E105/><V38/><F38/><W104/><G104/><T85/><D56/><U107/><E107/><V100/><F43/><N who="1" m="16425" /><E131/><V34/><F34/><W18/><G37/><T23/><D129/><U106/><E106/><V25/><F71/><W20/><G45/><T59/><D41/><U112/><E112/><V128/><F63/><W68/><G68/><T62/><D118/><U27/><E64/><V33/><F79/><N who="3" m="44415" /><G18/><T15/><D101/><N who="1" m="60647" /><E51/><V60/><F100/><W74/><G74/><T48/><D48/><U88/><E133/><V130/><F60/><W22/><G22/><T81/><D23/><N who="1" m="13823" /><E95/><V93/><F93/><W132/><G132/><T14/><D62/><U36/><E36/><V50/><F50/><W65/><G65/><T73/><D119/><U115/><E115/><V53/><REACH who="2" step="1"/><F17/><REACH who="2" ten="420,270,230,60" step="2"/><W135/><G135/><T126/><D126/><U57/><E57/><V55/><F55/><W134/><G134/><T29/><D59/><U11/><AGARI ba="2,2" hai="4,11,13,88,91" m="13823,60647,16425" machi="11" ten="30,3000,0" yaku="8,1,54,1" doraHai="124" who="1" fromWho="1" sc="420,-12,270,56,230,-12,60,-12" /><INIT seed="1,3,0,1,0,118" ten="408,326,218,48" oya="1" hai0="54,99,93,43,53,1,11,2,126,120,135,51,44" hai1="97,66,101,130,26,108,34,62,129,78,67,32,30" hai2="4,72,102,100,0,92,37,28,79,15,14,41,125" hai3="119,77,7,70,121,107,106,132,49,46,105,109,123"/><U8/><E78/><V98/><F125/><W83/><G70/><T6/><D126/><U48/><E8/><N who="2" m="2055" /><F102/><W27/><G119/><T52/><D135/><U56/><E48/><V115/><F28/><W39/><G132/><T84/><D84/><U127/><E127/><V88/><F100/><W85/><G39/><T35/><D35/><U47/><E47/><N who="2" m="23983" /><F115/><W17/><G109/><T13/><REACH who="0" step="1"/><D120/><REACH who="0" ten="398,326,218,48" step="2"/><U10/><E108/><V20/><F20/><W5/><G123/><T55/><N who="0" m="13312" /><DORA hai="96" /><T110/><D110/><U57/><E10/><V68/><F68/><W114/><G121/><T94/><D94/><U133/><E133/><V58/><F58/><W9/><G114/><T50/><D50/><U22/><E56/><V103/><F15/><W113/><G113/><T95/><D95/><N who="1" m="58559" /><E67/><V24/><F14/><W87/><G87/><T90/><AGARI ba="3,1" hai="1,2,6,11,13,43,44,51,90,93,99" m="13312" machi="90" ten="40,5200,0" yaku="1,1,0,1,54,1,53,0" doraHai="118,96" doraHaiUra="80,81" who="0" fromWho="0" sc="398,71,326,-29,218,-16,48,-16" /><INIT seed="2,0,0,2,3,91" ten="469,297,202,32" oya="2" hai0="17,1,40,109,29,44,93,26,5,77,49,35,9" hai1="116,92,72,45,97,119,38,11,105,81,68,115,89" hai2="53,55,79,56,46,65,12,10,48,128,108,37,54" hai3="96,51,127,0,15,94,80,103,117,58,8,19,84"/><V113/><F113/><W134/><G127/><T99/><D109/><U83/><E68/><V28/><F128/><W110/><G134/><T75/><D77/><N who="1" m="44199" /><E11/><V57/><F108/><W74/><G110/><T120/><D75/><U66/><E66/><V76/><F37/><W112/><G112/><T27/><D27/><U87/><E45/><V90/><F28/><W106/><G117/><N who="1" m="45130" /><E38/><V132/><F132/><W125/><G0/><T39/><D17/><U4/><E4/><V18/><F90/><W22/><G125/><T104/><D120/><U88/><E105/><V121/><F121/><W6/><G74/><T70/><D104/><U32/><E32/><V30/><F30/><W82/><G106/><T62/><D70/><U107/><E107/><V98/><F98/><W7/><G7/><T78/><D99/><U85/><E85/><V47/><F65/><W34/><G34/><T69/><D62/><U61/><E61/><V67/><F67/><W102/><G102/><T24/><D24/><U63/><E63/><V60/><F47/><W33/><G33/><T31/><D31/><U118/><N who="1" m="45138" /><U130/><DORA hai="95" /><E130/><V122/><F122/><W41/><G84/><T3/><D29/><U133/><E133/><V73/><F73/><W111/><G111/><T123/><D35/><U64/><E64/><V25/><REACH who="2" step="1"/><F25/><REACH who="2" ten="469,297,192,32" step="2"/><N who="3" m="14559" /><G58/><T43/><D26/><U36/><E36/><V100/><F100/><W52/><G52/><T71/><D39/><U2/><E2/><N who="0" m="521" /><D71/><U50/><E50/><AGARI ba="0,1" hai="10,12,18,46,48,50,53,54,55,56,57,60,76,79" machi="50" ten="30,11600,0" yaku="1,1,7,1,8,1,53,1" doraHai="91,95" doraHaiUra="14,114" who="2" fromWho="1" sc="469,0,297,-116,192,126,32,0" /><INIT seed="2,1,0,3,2,125" ten="469,181,318,32" oya="2" hai0="88,80,45,64,63,121,5,128,27,28,70,120,118" hai1="34,77,36,50,22,131,107,108,57,69,58,126,14" hai2="122,124,134,112,100,52,1,46,43,96,65,35,73" hai3="76,93,7,23,17,13,42,37,87,129,89,81,71"/><V19/><F73/><W18/><G71/><T79/><D128/><U30/><E108/><V48/><F122/><W55/><G129/><T3/><D118/><U2/><E126/><V60/><F112/><W117/><G117/><T53/><D88/><U104/><E36/><V15/><F124/><W26/><G42/><T33/><D53/><N who="1" m="31927" /><E69/><V38/><F134/><W47/><G37/><T99/><D99/><U75/><E75/><V78/><F78/><W102/><G7/><T20/><D20/><U62/><E2/><V74/><F35/><W59/><G102/><T123/><D45/><U21/><E34/><V4/><F74/><W6/><G47/><T32/><D32/><U61/><E131/><V29/><F29/><W0/><G6/><T8/><D123/><U51/><E77/><V130/><F130/><W25/><G0/><T12/><D12/><U84/><E84/><AGARI ba="1,0" hai="3,5,8,27,28,33,63,64,70,79,80,84,120,121" machi="84" ten="30,1000,0" yaku="7,1" doraHai="125" who="0" fromWho="1" sc="469,13,181,-13,318,0,32,0" /><INIT seed="3,0,0,4,3,106" ten="482,168,318,32" oya="3" hai0="5,103,96,83,72,105,64,110,29,71,2,43,65" hai1="121,68,3,26,95,34,63,8,50,81,109,21,45" hai2="23,25,118,1,61,87,104,55,100,48,128,41,6" hai3="24,130,33,133,69,58,85,90,126,75,38,32,124"/><W91/><G38/><T53/><D53/><U47/><E121/><V131/><F118/><W102/><G69/><T132/><D65/><U89/><E109/><V80/><F1/><W98/><G130/><T135/><D110/><U56/><E34/><V94/><F6/><W35/><G133/><T112/><D112/><U19/><E81/><V119/><F104/><W44/><G44/><T0/><D43/><U77/><E77/><V114/><F41/><W11/><G11/><N who="0" m="2471" /><D29/><U7/><E68/><V78/><F61/><W10/><G10/><T74/><D2/><U42/><E47/><V52/><F119/><W66/><G75/><N who="0" m="28715" /><D83/><U16/><E89/><V37/><F37/><W70/><G24/><T73/><D73/><U82/><E82/><V117/><F117/><W22/><G22/><T54/><D54/><U4/><E95/><V59/><F114/><W101/><G58/><T111/><D111/><U36/><E36/><V57/><F94/><N who="3" m="56671" /><G66/><T46/><D46/><U76/><E76/><V27/><F100/><W28/><G28/><T9/><D9/><U51/><E50/><V84/><F84/><W93/><G70/><T86/><D86/><U108/><E108/><V17/><F27/><W20/><G20/><T88/><D88/><U92/><E92/><V115/><F115/><W39/><G39/><T40/><D40/><U129/><E129/><N who="2" m="49739" /><F55/><W62/><G62/><AGARI ba="0,0" hai="62,64,71,96,103,105,132,135" m="28715,2471" machi="62" ten="30,7700,0" yaku="23,1,52,3" doraHai="106" who="0" fromWho="3" sc="482,77,168,0,318,0,32,-77" owari="559,66.0,168,-23.0,318,12.0,-45,-55.0" /></mjloggm>