<mjloggm ver="2.3"><GO type="169" lobby="0"/><UN n0="%E9%9D%99%E6%B5%81%EF%BC%A0%E3%82%B5%E3%83%B3%E3%83%9E" n1="%E7%90%86%E4%B8%8D%E5%B0%BD%E5%A4%A7%E7%8E%8B%32" n2="%E3%82%A6%E3%83%AB%E3%83%88%E3%83%A9%E7%AB%8B%E7%9B%B4" n3="%E9%BA%BB%E7%94%9F%E9%9B%80%E5%AD%90" dan="17,16,17,16" rate="2198.89,2097.83,2178.23,2065.81" sx="F,M,M,F"/><TAIKYOKU oya="0"/><INIT seed="0,0,0,0,3,48" ten="250,250,250,250" oya="0" hai0="59,104,10,54,100,117,61,11,63,99,71,78,96" hai1="56,134,130,39,24,76,87,35,2,53,77,52,69" hai2="15,21,17,44,93,107,37,0,131,110,40,120,94" hai3="106,51,34,74,111,31,101,82,30,73,22,72,38"/><T91/><D117/><U125/><E69/><V85/><F107/><W112/><G112/><T81/><D91/><U41/><E2/><V80/><F0/><W46/><G38/><T19/><D99/><U47/><E125/><V67/><F120/><W33/><G111/><T127/><D127/><U55/><E134/><V42/><F131/><W102/><G82/><T89/><D89/><U58/><E130/><V126/><F126/><W28/><G22/><T113/><D113/><U45/><E45/><V36/><F110/><W66/><G66/><T103/><D103/><U20/><E35/><V129/><F129/><W124/><G124/><T109/><D109/><U128/><E128/><V92/><F67/><W60/><G60/><T18/><D71/><U7/><E7/><V13/><F42/><W65/><G65/><T84/><REACH who="0" step="1"/><D63/><REACH who="0" ten="240,250,250,250" step="2"/><U68/><E68/><V79/><REACH who="2" step="1"/><F37/><REACH who="2" ten="240,250,240,250" step="2"/><W132/><G106/><T1/><D1/><U29/><REACH who="1" step="1"/><E76/><REACH who="1" ten="240,240,240,250" step="2"/><V83/><F83/><AGARI ba="0,3" hai="20,24,29,39,41,47,52,53,55,56,58,77,83,87" machi="83" ten="40,12000,2" yaku="1,1,2,1,52,3,54,1,53,0" doraHai="48" doraHaiUra="64" who="1" fromWho="2" sc="240,0,240,150,240,-120,250,0" /><INIT seed="1,0,0,3,1,8" ten="240,390,120,250" oya="1" hai0="30,47,25,63,51,74,126,4,135,17,3,85,36" hai1="83,2,28,39,40,61,106,26,53,1,96,15,69" hai2="97,104,7,93,0,103,42,131,116,101,20,49,14" hai3="111,132,112,21,134,50,33,68,94,123,38,98,9"/><U52/><E83/><V29/><F116/><W44/><G33/><T27/><D74/><U100/><E15/><V115/><F131/><W11/><G38/><T78/><D36/><U6/><E6/><V73/><F73/><W24/><G68/><T75/><D75/><U66/><E53/><V48/><F115/><W120/><G112/><T46/><D126/><U81/><E81/><V80/><F0/><W58/><G58/><T18/><D135/><N who="3" m="51753" /><G111/><T32/><D63/><U91/><E91/><N who="2" m="55487" /><F80/><W125/><G125/><T133/><D78/><U67/><E52/><V59/><F104/><W95/><G11/><T99/><D85/><U16/><E16/><N who="2" m="10263" /><F29/><N who="3" m="17551" /><G9/><T107/><D30/><U64/><E66/><V23/><F23/><W113/><G113/><T118/><D32/><N who="1" m="20503" /><E64/><V56/><F7/><W45/><G95/><T60/><D118/><U13/><E13/><V87/><F87/><W89/><G45/><AGARI ba="0,0" hai="1,2,39,40,45,61,67,69,96,100,106" m="20503" machi="45" ten="30,5800,0" yaku="25,1,33,2" doraHai="8" who="1" fromWho="3" sc="240,0,390,58,120,0,250,-58" /><INIT seed="1,1,0,5,3,88" ten="240,448,120,192" oya="1" hai0="17,13,97,20,22,67,56,106,78,92,71,73,28" hai1="122,84,126,12,108,100,121,89,51,54,120,27,16" hai2="5,133,46,75,83,0,103,7,29,33,8,4,69" hai3="112,38,117,93,63,128,37,58,49,85,80,129,127"/><U30/><E126/><V81/><F133/><W1/><G127/><T60/><D106/><U125/><E125/><V111/><F69/><W48/><G1/><T109/><D109/><U135/><E135/><V45/><F111/><W41/><G112/><T26/><D73/><U82/><E108/><V114/><F114/><W9/><G9/><T64/><D78/><U34/><E100/><V86/><F29/><W123/><G123/><T18/><D71/><U40/><E40/><V65/><F33/><W68/><G68/><T52/><D28/><U36/><E36/><V77/><F65/><W11/><G11/><T72/><D72/><U76/><E76/><V96/><F46/><N who="3" m="25679" /><G49/><T66/><D66/><U110/><E110/><V74/><F45/><W87/><G117/><T95/><D95/><U59/><E121/><V44/><F44/><W35/><G93/><T10/><D10/><AGARI ba="1,0" hai="10,12,16,27,30,34,51,54,59,82,84,89,120,122" machi="10" ten="30,2900,0" yaku="7,1,54,1" doraHai="88" who="1" fromWho="0" sc="240,-32,448,32,120,0,192,0" /><INIT seed="1,2,0,3,0,18" ten="208,480,120,192" oya="1" hai0="74,126,119,0,65,96,111,85,124,13,10,132,58" hai1="37,31,134,71,104,57,59,44,45,21,88,131,40" hai2="22,130,120,86,72,3,122,79,52,121,70,24,62" hai3="55,16,125,105,49,63,60,7,115,87,103,67,5"/><U4/><E71/><V32/><F3/><W110/><G115/><T38/><D74/><U95/><E104/><V114/><F32/><W50/><G110/><T80/><D119/><U127/><E127/><V113/><F72/><W25/><G25/><T133/><D38/><U76/><E76/><V108/><F108/><W75/><G75/><T93/><D0/><U92/><E134/><N who="0" m="51817" /><D65/><U99/><E4/><V30/><F130/><W77/><G125/><N who="0" m="48235" /><D58/><U61/><E57/><V17/><F70/><W123/><G123/><T112/><D111/><U46/><E37/><V43/><F43/><W89/><G77/><N who="0" m="46223" /><D13/><U94/><E59/><V12/><F114/><W15/><G67/><T9/><D112/><U66/><E66/><V6/><F113/><W51/><G103/><AGARI ba="2,0" hai="9,10,93,96,103" m="46223,48235,51817" machi="103" ten="30,2000,0" yaku="20,1,18,1" doraHai="18" who="0" fromWho="3" sc="208,26,480,0,120,0,192,-26" /><INIT seed="2,0,0,1,5,55" ten="234,480,120,166" oya="2" hai0="107,20,94,115,121,73,28,36,106,44,133,11,124" hai1="109,113,125,65,17,5,62,88,93,58,134,3,68" hai2="30,75,37,127,131,100,87,78,39,90,66,25,129" hai3="34,52,104,35,64,50,24,19,126,4,135,46,80"/><V33/><F100/><W97/><G135/><T15/><D115/><U85/><E113/><V69/><F127/><W57/><G126/><T110/><D124/><U96/><E125/><V16/><F78/><W0/><G0/><T26/><D121/><U74/><E74/><V95/><F75/><W61/><G4/><T2/><D110/><U130/><E109/><V60/><REACH who="2" step="1"/><F16/><REACH who="2" ten="234,480,110,166" step="2"/><W13/><G24/><T116/><D73/><U59/><E17/><V117/><F117/><W21/><REACH who="3" step="1"/><G80/><REACH who="3" ten="234,480,110,156" step="2"/><T41/><D26/><U92/><E134/><V84/><F84/><W6/><G6/><T53/><D133/><U32/><E5/><V63/><F63/><W51/><G51/><T18/><D116/><U27/><E85/><V10/><F10/><W119/><G119/><T1/><D11/><U79/><E62/><V108/><F108/><W120/><G120/><T89/><D36/><AGARI ba="0,2" hai="25,30,33,36,37,39,60,66,69,87,90,95,129,131" machi="36" ten="40,12000,1" yaku="1,1,53,3" doraHai="55" doraHaiUra="70" who="2" fromWho="0" sc="234,-120,480,0,110,140,156,0" /><INIT seed="2,1,0,3,0,5" ten="114,480,250,156" oya="2" hai0="109,55,106,103,18,42,44,61,130,29,131,89,39" hai1="97,10,69,111,98,41,15,71,81,84,58,37,67" hai2="7,64,57,31,50,74,95,23,36,108,66,121,0" hai3="6,112,115,126,127,85,3,62,80,105,46,54,116"/><V19/><F74/><W63/><G105/><T68/><D89/><U40/><E111/><V30/><F36/><W134/><G116/><T77/><D77/><N who="1" m="46127" /><E69/><V65/><F121/><W78/><G134/><T25/><D18/><N who="1" m="8567" /><E71/><V2/><F108/><W132/><G132/><T56/><D109/><U20/><E37/><V114/><F114/><N who="3" m="43563" /><G3/><T86/><D86/><U123/><E20/><V45/><F2/><W11/><G46/><T73/><D73/><U96/><E123/><V48/><F7/><W88/><G78/><T91/><D91/><U16/><E16/><V92/><F0/><N who="3" m="455" /><G54/><T4/><D4/><U38/><E38/><V124/><F124/><AGARI ba="1,0" hai="62,63,80,85,88,124,126,127" m="455,43563" machi="124" ten="30,7700,0" yaku="18,1,11,1,52,1,54,1" doraHai="5" who="3" fromWho="2" sc="114,0,480,0,250,-80,156,80" /><INIT seed="3,0,0,4,4,106" ten="114,480,170,236" oya="3" hai0="128,88,114,2,41,72,7,42,32,75,96,20,36" hai1="100,3,86,11,6,9,122,73,40,33,126,10,93" hai2="133,51,125,39,116,77,52,38,29,69,85,13,50" hai3="25,16,99,18,54,97,37,27,24,45,112,68,74"/><W109/><G68/><T48/><D32/><U103/><E33/><V64/><F29/><W92/><G112/><T4/><D36/><U82/><E122/><V59/><F85/><W63/><G109/><T119/><D119/><U70/><E126/><V84/><F13/><W91/><G74/><T130/><D114/><U95/><E70/><V67/><F84/><W102/><G37/><N who="2" m="13833" /><F77/><W21/><G18/><T105/><D20/><U124/><E40/><N who="0" m="15465" /><D48/><N who="2" m="18474" /><F116/><W83/><G45/><T17/><D17/><U89/><E124/><V121/><F121/><W47/><G47/><T94/><D105/><U110/><E110/><V120/><F120/><W19/><G19/><T0/><D7/><U43/><E43/><V123/><F123/><W46/><G46/><T31/><D31/><U58/><E3/><N who="0" m="1065" /><D4/><U134/><E6/><V66/><F125/><W53/><G83/><T35/><D35/><U129/><E82/><V14/><F14/><W132/><G54/><T118/><D118/><U62/><E9/><V113/><F113/><W111/><G111/><T28/><D28/><U78/><E10/><V135/><F67/><W90/><G27/><T81/><D81/><U22/><E11/><V117/><F117/><W23/><G99/><T127/><D127/><U5/><E5/><V104/><F104/><W34/><G34/><T30/><D30/><U80/><E80/><V87/><F87/><W55/><G53/><T12/><D12/><U61/><E86/><V57/><F69/><W65/><G55/><T115/><D115/><U79/><E78/><V44/><F52/><W101/><G23/><RYUUKYOKU ba="0,0" sc="114,30,480,-10,170,-10,236,-10" hai0="72,75,88,94,96,128,130" /><INIT seed="4,1,0,3,1,34" ten="144,470,160,226" oya="0" hai0="16,89,126,129,71,117,31,56,36,4,114,99,60" hai1="101,33,64,95,32,123,17,27,44,63,54,38,28" hai2="75,85,116,87,124,121,11,88,67,37,45,55,14" hai3="118,48,130,13,10,26,21,7,78,107,100,29,86"/><T74/><D117/><U79/><E123/><V58/><F75/><W52/><G118/><T51/><D36/><U135/><E79/><V5/><F121/><W9/><G130/><T1/><D74/><U93/><E32/><V108/><F124/><W35/><G100/><T40/><D71/><U91/><E101/><V3/><F108/><W42/><G107/><T69/><D69/><U127/><E135/><V25/><F116/><W76/><G35/><T59/><D31/><U23/><E95/><V122/><F122/><W8/><G42/><T57/><D126/><U0/><E0/><V2/><F85/><W131/><G131/><T24/><D129/><U109/><E109/><V12/><F25/><W84/><G84/><T46/><D114/><U105/><E105/><V18/><F67/><W20/><G21/><N who="0" m="13351" /><D1/><U39/><E127/><V80/><F37/><W104/><G104/><T103/><D4/><U92/><E38/><V102/><F102/><W94/><G76/><T6/><D6/><U111/><E39/><V125/><F125/><W41/><G41/><T82/><D103/><U50/><E111/><V133/><F133/><W112/><G112/><T62/><D82/><U134/><E134/><V22/><F45/><N who="3" m="27663" /><G78/><T15/><D15/><U97/><E33/><V49/><AGARI ba="1,0" hai="2,3,5,11,12,14,18,22,49,55,58,80,87,88" machi="49" ten="20,8000,1" yaku="0,1,7,1,52,2,54,1" doraHai="34" who="2" fromWho="2" sc="144,-41,470,-21,160,83,226,-21" /><INIT seed="5,0,0,5,3,100" ten="103,449,243,205" oya="1" hai0="116,101,38,28,115,71,24,41,134,114,124,42,99" hai1="3,121,89,35,128,120,45,106,75,58,19,84,54" hai2="81,22,88,117,76,102,86,123,97,118,23,59,52" hai3="87,78,73,133,68,18,126,70,53,111,40,0,36"/><U17/><E35/><V34/><F34/><W57/><G87/><T61/><D116/><U14/><E75/><V12/><F123/><W132/><G111/><T51/><D51/><U9/><E3/><V119/><F76/><W67/><G0/><T62/><D124/><U5/><E128/><V96/><F96/><W27/><G78/><T104/><D134/><N who="3" m="51817" /><G73/><T31/><D31/><U26/><E45/><V91/><F91/><W107/><G107/><T64/><D62/><U25/><E106/><V48/><REACH who="2" step="1"/><F12/><REACH who="2" ten="103,449,233,205" step="2"/><W65/><G126/><T122/><D122/><U39/><E121/><V83/><F83/><W47/><G27/><T129/><D129/><U11/><E120/><V1/><F1/><W20/><G20/><T46/><REACH who="0" step="1"/><D41/><REACH who="0" ten="93,449,233,205" step="2"/><U50/><E25/><V130/><F130/><W109/><G109/><T60/><D60/><U90/><E26/><V33/><F33/><AGARI ba="0,2" hai="24,28,33,38,42,46,61,64,71,99,101,104,114,115" machi="33" ten="40,12000,2" yaku="1,1,25,2,23,2,52,1,53,0" doraHai="100" doraHaiUra="55" who="0" fromWho="2" sc="93,140,449,0,233,-120,205,0" /><INIT seed="6,0,0,0,2,7" ten="233,449,113,205" oya="2" hai0="42,87,10,127,98,0,13,43,52,59,24,130,54" hai1="44,124,120,3,69,62,65,14,122,135,12,93,105" hai2="47,9,129,49,123,94,30,79,55,99,61,112,28" hai3="64,133,89,97,46,63,109,71,84,35,125,132,50"/><V16/><F129/><W119/><G109/><T128/><D0/><U107/><E3/><V67/><F112/><W1/><G1/><T19/><D127/><U110/><E110/><V58/><F79/><W48/><G119/><T45/><D98/><U73/><E73/><V51/><F51/><W32/><G97/><T2/><D2/><U78/><E78/><V36/><F36/><W75/><G75/><T118/><D118/><U60/><E135/><N who="3" m="51786" /><G125/><T86/><D24/><U34/><E34/><N who="3" m="12842" /><G46/><T33/><D33/><U29/><E44/><V4/><F123/><W104/><G104/><T39/><D43/><U80/><E124/><V72/><F72/><W108/><G108/><T27/><D27/><U88/><E107/><V25/><F4/><W26/><G26/><T6/><D6/><U92/><E105/><V70/><F70/><W134/><G134/><T68/><D68/><U17/><E69/><V74/><F74/><W20/><G20/><T85/><REACH who="0" step="1"/><D54/><REACH who="0" ten="223,449,113,205" step="2"/><U77/><E122/><V95/><F25/><W116/><G116/><T113/><D113/><U90/><E120/><V57/><F99/><W40/><G40/><T23/><D23/><U106/><E29/><N who="2" m="11371" /><F47/><W101/><G101/><T8/><D8/><U102/><E102/><V21/><F21/><W41/><G41/><T83/><D83/><AGARI ba="0,1" hai="48,50,63,64,71,83,84,89" m="12842,51786" machi="83" ten="30,1000,0" yaku="20,1" doraHai="7" who="3" fromWho="0" sc="223,-10,449,0,113,0,205,20" /><INIT seed="7,0,0,1,1,108" ten="213,449,113,225" oya="3" hai0="85,23,111,122,119,130,78,71,44,2,34,87,120" hai1="3,107,1,65,56,133,36,132,73,49,6,21,74" hai2="92,69,28,84,46,118,81,64,86,95,114,102,126" hai3="39,13,40,94,10,67,29,52,113,48,123,125,26"/><W98/><G123/><T41/><D111/><U53/><E36/><V117/><F64/><W15/><G67/><T91/><D34/><U134/><E107/><V99/><F46/><W58/><G125/><T127/><D71/><U57/><E21/><V5/><F5/><W30/><G39/><T129/><D2/><N who="1" m="523" /><E6/><V47/><F47/><W20/><G40/><T14/><D119/><U63/><AGARI ba="0,0" hai="49,53,56,57,63,65,73,74,132,133,134" m="523" machi="63" ten="40,1500,0" yaku="20,1" doraHai="108" who="1" fromWho="1" sc="213,-4,449,15,113,-4,225,-7" owari="209,-19.0,464,56.0,109,-39.0,218,2.0" /></mjloggm>