<mjloggm ver="2.3"><GO type="97" lobby="0"/><UN n0="%63%61%65" n1="%46%55%53%45%4B%49%54%49" n2="%E3%82%A6%E3%83%AB%E3%83%88%E3%83%A9%E7%AB%8B%E7%9B%B4" n3="%E3%81%84%E3%81%8F%E3%82%89%E3%81%A1%E3%82%83%E3%82%93%EF%BC%A0" dan="14,13,13,13" rate="1947.32,1864.96,1843.48,1909.03" sx="M,M,M,M"/><TAIKYOKU oya="0"/><INIT seed="0,0,0,0,2,124" ten="250,250,250,250" oya="0" hai0="102,13,57,117,73,31,75,82,37,60,92,78,125" hai1="123,72,18,100,120,71,94,24,91,61,131,7,23" hai2="42,108,4,39,93,54,107,26,99,2,11,66,127" hai3="64,105,40,113,90,58,3,20,135,19,9,63,69"/><T95/><D37/><U101/><E131/><V35/><F127/><W52/><G113/><T74/><D31/><U85/><E72/><V62/><F108/><W8/><G105/><T36/><D36/><U114/><E114/><V10/><F54/><W46/><G135/><T110/><D117/><U67/><E123/><V79/><F11/><W115/><G3/><T122/><D122/><U86/><E120/><V38/><F42/><W22/><G115/><T76/><D110/><U28/><E7/><V65/><F65/><W48/><G90/><T104/><D125/><U103/><E103/><N who="2" m="62975" /><F93/><N who="0" m="35914" /><D13/><U121/><E121/><V27/><F79/><N who="0" m="30250" /><D57/><U118/><E118/><V17/><F17/><W96/><G96/><N who="0" m="61511" /><D60/><U45/><E86/><V43/><F43/><W0/><G0/><T21/><D21/><N who="3" m="8297" /><G19/><T49/><D49/><U55/><E45/><V83/><F27/><W130/><G130/><T68/><D68/><U89/><E55/><V112/><F112/><W87/><G87/><T5/><D5/><U29/><E91/><V25/><F25/><W80/><G80/><AGARI ba="0,0" hai="73,74,75,80,82" m="61511,30250,35914" machi="80" ten="40,12000,1" yaku="35,5" doraHai="124" who="0" fromWho="3" sc="250,120,250,0,250,0,250,-120" /><INIT seed="0,1,0,1,0,27" ten="370,250,250,130" oya="0" hai0="79,36,52,15,3,76,75,116,86,10,48,49,51" hai1="91,65,94,69,108,85,22,50,117,21,30,122,73" hai2="113,42,26,111,120,45,64,99,60,83,82,63,39" hai3="132,5,8,70,102,128,119,93,32,37,23,28,123"/><T40/><D116/><U135/><E73/><V29/><F113/><W55/><G119/><T92/><D3/><U19/><E117/><V127/><F120/><W54/><G123/><T74/><D75/><U14/><E122/><V88/><F127/><W61/><G132/><T77/><D74/><U104/><E104/><V53/><F53/><W115/><G128/><T71/><D71/><U72/><E135/><V58/><F63/><W134/><G134/><T0/><D0/><U133/><E72/><V100/><F111/><W4/><G115/><T38/><D38/><U80/><E133/><V106/><REACH who="2" step="1"/><F88/><REACH who="2" ten="370,250,240,130" step="2"/><W101/><G37/><T84/><D36/><U125/><E108/><V68/><F68/><W47/><G70/><T2/><D40/><U67/><E69/><V105/><F105/><W35/><G35/><AGARI ba="1,1" hai="26,29,35,39,42,45,58,60,64,82,83,99,100,106" machi="35" ten="30,3900,0" yaku="1,1,7,1,52,1,53,0" doraHai="27" doraHaiUra="1" who="2" fromWho="3" sc="370,0,250,0,240,52,130,-42" /><INIT seed="1,0,0,4,5,78" ten="370,250,292,88" oya="1" hai0="131,10,2,133,125,37,52,92,116,122,129,107,11" hai1="104,1,70,22,72,112,97,5,76,42,103,84,69" hai2="41,55,95,20,18,100,109,49,16,101,40,130,74" hai3="7,121,87,15,110,93,53,113,33,26,21,86,8"/><U64/><E112/><V24/><F74/><W135/><G113/><T82/><D52/><U60/><E42/><V66/><F130/><W51/><G121/><T134/><D82/><U13/><E22/><V58/><F109/><W115/><G135/><T118/><D92/><U63/><E13/><V34/><F34/><W77/><G33/><T127/><D37/><U120/><E120/><V117/><F117/><N who="0" m="45162" /><D107/><U126/><E126/><N who="0" m="48137" /><D2/><U14/><E14/><V57/><F18/><W80/><G115/><T27/><D27/><U88/><E63/><N who="2" m="38263" /><F101/><W4/><G4/><T56/><D56/><U89/><E72/><V12/><F24/><W9/><G9/><T30/><D30/><U25/><E25/><V0/><F0/><W123/><G110/><T90/><D90/><U65/><E64/><V119/><F119/><W6/><G6/><T31/><D31/><U106/><E104/><V83/><F83/><W98/><G123/><T73/><D73/><U59/><E76/><V111/><F111/><W81/><G21/><T108/><D122/><U39/><E39/><V91/><F100/><N who="3" m="60495" /><G26/><T132/><D108/><U102/><E89/><V61/><F61/><W46/><G77/><T43/><D43/><U23/><E23/><V54/><F54/><W38/><G38/><T68/><D68/><U128/><E103/><V45/><F45/><W79/><G79/><T71/><D71/><U75/><E75/><V35/><F35/><W32/><G32/><T114/><D114/><U99/><E128/><AGARI ba="0,0" hai="10,11,128,129,131,132,133,134" m="48137,45162" machi="128" ten="40,32000,5" yakuman="39" doraHai="78" who="0" fromWho="1" sc="370,320,250,-320,292,0,88,0" owari="690,79.0,-70,-57.0,292,9.0,88,-31.0" /></mjloggm>