<mjloggm ver="2.3"><GO type="97" lobby="0"/><UN n0="%45%4C%4C%45%31%31%31%31" n1="%E8%85%B0%E7%97%9B%E3%82%82%E3%81%A3%E3%81%A1%E3%83%BC" n2="%E3%82%A6%E3%83%AB%E3%83%88%E3%83%A9%E7%AB%8B%E7%9B%B4" n3="%E7%86%B1%E6%B9%AF%33%E5%88%86" dan="13,15,13,14" rate="1871.53,2034.42,1827.06,1849.10" sx="M,M,M,M"/><TAIKYOKU oya="0"/><INIT seed="0,0,0,5,0,134" ten="250,250,250,250" oya="0" hai0="117,59,78,82,83,135,68,38,67,55,22,123,133" hai1="122,116,103,129,125,110,61,5,37,121,27,106,65" hai2="32,18,21,6,11,91,71,34,0,111,49,51,127" hai3="104,3,45,73,84,53,28,16,54,118,29,93,1"/><T62/><D123/><U42/><E116/><V36/><F71/><W130/><G104/><T86/><D117/><U109/><E5/><V99/><F36/><W31/><G73/><T46/><D22/><U102/><E27/><N who="2" m="14775" /><F99/><W7/><G130/><T66/><D66/><U64/><E129/><V15/><F91/><W40/><G7/><T26/><D26/><U19/><E19/><N who="2" m="8703" /><F51/><W50/><G118/><T41/><REACH who="0" step="1"/><D82/><REACH who="0" ten="240,250,250,250" step="2"/><U120/><E65/><V124/><F111/><W74/><G45/><T14/><D14/><U58/><E109/><V17/><F49/><AGARI ba="0,1" hai="38,41,46,49,55,59,62,67,68,78,83,86,133,135" machi="49" ten="40,12000,1" yaku="1,1,24,2,53,1" doraHai="134" doraHaiUra="47" who="0" fromWho="2" sc="240,130,250,0,250,-120,250,0" /><INIT seed="0,1,0,4,5,75" ten="370,250,130,250" oya="0" hai0="52,48,73,111,80,5,124,86,113,132,121,32,109" hai1="128,125,85,31,57,72,7,94,51,116,43,50,46" hai2="21,103,16,36,44,117,108,8,131,38,53,89,81" hai3="6,10,79,42,107,77,68,71,23,40,114,92,56"/><T67/><D121/><U99/><E116/><V123/><F123/><W126/><G107/><T2/><D113/><U0/><E72/><V119/><F117/><W35/><G35/><T66/><D73/><U98/><E128/><V87/><F108/><N who="0" m="41546" /><D32/><U15/><E0/><V25/><F131/><W13/><G126/><T1/><D124/><U134/><E134/><V17/><F119/><W19/><G114/><T60/><D132/><U3/><E31/><V101/><F38/><W59/><G71/><N who="0" m="42439" /><D5/><U55/><E7/><V100/><F36/><W4/><G68/><T90/><D67/><U69/><E69/><V78/><F89/><W34/><G34/><T118/><D118/><U104/><E125/><V112/><F112/><W122/><G122/><T76/><D90/><U88/><E3/><V120/><F120/><W58/><G6/><T62/><D62/><U20/><E104/><V18/><F8/><W49/><G92/><T96/><D96/><U27/><E27/><V29/><F103/><W83/><G83/><T39/><D39/><U14/><E14/><V129/><F129/><W133/><G133/><T106/><D106/><U45/><E15/><V12/><F12/><N who="3" m="9703" /><G49/><AGARI ba="1,0" hai="16,17,18,21,25,29,44,49,53,78,81,87,100,101" machi="49" ten="40,5200,0" yaku="8,1,52,1,54,1" doraHai="75" who="2" fromWho="3" sc="370,0,250,0,130,55,250,-55" /><INIT seed="1,0,0,3,5,105" ten="370,250,185,195" oya="1" hai0="0,11,15,96,46,79,35,58,108,125,132,32,80" hai1="40,89,95,6,18,45,41,126,117,38,111,93,37" hai2="23,3,49,43,83,1,52,98,116,4,16,88,7" hai3="50,76,119,33,128,130,22,87,28,21,13,51,134"/><U99/><E117/><V122/><F122/><W8/><G119/><T103/><D0/><U29/><E126/><V25/><F116/><W57/><G134/><T56/><D125/><U26/><E6/><V77/><F43/><W5/><G33/><T75/><D132/><U100/><E18/><V12/><F3/><W17/><G28/><T71/><D71/><U115/><E115/><V66/><F66/><W113/><G113/><T81/><D108/><U30/><E111/><V31/><F1/><W34/><G34/><T97/><D46/><U73/><E73/><V101/><F101/><W109/><G109/><T86/><D32/><U48/><E40/><V84/><F98/><W72/><G72/><T121/><D121/><U74/><E74/><V19/><F77/><W133/><G133/><T69/><D69/><U24/><E30/><V36/><F36/><W64/><G5/><N who="2" m="2121" /><F12/><W27/><G27/><T2/><D2/><U20/><REACH who="1" step="1"/><E24/><REACH who="1" ten="370,240,185,195" step="2"/><V61/><F61/><W118/><G118/><T90/><D103/><U55/><E55/><V53/><F53/><W44/><G17/><T94/><D58/><AGARI ba="0,1" hai="16,19,23,25,31,49,52,58,83,84,88" m="2121" machi="58" ten="30,7700,0" yaku="8,1,54,3" doraHai="105" who="2" fromWho="0" sc="370,-77,240,0,185,87,195,0" /><INIT seed="2,0,0,0,4,46" ten="293,240,272,195" oya="2" hai0="40,33,12,35,71,135,64,95,76,84,72,7,53" hai1="49,123,74,79,97,107,110,130,131,3,67,91,87" hai2="106,119,85,27,63,126,73,30,88,39,31,0,38" hai3="129,60,68,15,51,22,109,133,83,2,81,69,14"/><V23/><F73/><W128/><G2/><T26/><D72/><U61/><E3/><V108/><F119/><W77/><G83/><T92/><D135/><U104/><E110/><V54/><F0/><W93/><G133/><T9/><D40/><U122/><E61/><V89/><F106/><N who="1" m="40489" /><E67/><V111/><F126/><W37/><G37/><T56/><D35/><U100/><E49/><V103/><F103/><W50/><G60/><T28/><D64/><U10/><E10/><V102/><F102/><W43/><G93/><T58/><D71/><N who="3" m="27209" /><G22/><T118/><D118/><U90/><E74/><V8/><F8/><W25/><G43/><T62/><D58/><U55/><E55/><V75/><F75/><N who="3" m="43199" /><G109/><N who="2" m="42057" /><F39/><W99/><G99/><T52/><D53/><U47/><E47/><V59/><F38/><W98/><G98/><T16/><D7/><U48/><E79/><V86/><F31/><W13/><G25/><T112/><REACH who="0" step="1"/><D112/><REACH who="0" ten="283,240,272,195" step="2"/><U113/><E113/><V4/><F4/><W36/><G36/><T80/><AGARI ba="0,1" hai="9,12,16,26,28,33,52,56,62,76,80,84,92,95" machi="80" ten="30,8000,1" yaku="1,1,2,1,0,1,54,2,53,0" doraHai="46" doraHaiUra="94" who="0" fromWho="0" sc="283,90,240,-20,272,-40,195,-20" /><INIT seed="3,0,0,2,3,49" ten="373,220,232,175" oya="3" hai0="38,85,88,108,7,106,121,99,114,103,10,78,119" hai1="87,79,74,89,67,14,51,57,93,105,101,69,53" hai2="61,2,22,30,37,17,63,19,45,33,9,52,124" hai3="90,65,104,134,27,68,23,24,126,8,122,107,20"/><W118/><G122/><T117/><D121/><U128/><E128/><V131/><F33/><W73/><G73/><T112/><D38/><U62/><E14/><V54/><F30/><W29/><G118/><T113/><D78/><U26/><E26/><V50/><F37/><W48/><G134/><T58/><D58/><U116/><E116/><V28/><F28/><W120/><G120/><T92/><D108/><U97/><E79/><V86/><F124/><W41/><G126/><T3/><AGARI ba="0,0" hai="3,7,10,85,88,92,99,103,106,112,113,114,117,119" machi="3" ten="30,4000,0" yaku="0,1,11,1,54,1" doraHai="49" who="0" fromWho="0" sc="373,40,220,-10,232,-10,175,-20" owari="413,51.0,210,-19.0,222,2.0,155,-34.0" /></mjloggm>