<mjloggm ver="2.3"><GO type="169" lobby="0"/><UN n0="%E3%82%A6%E3%83%AB%E3%83%88%E3%83%A9%E7%AB%8B%E7%9B%B4" n1="%E3%81%9D%E3%81%99%E3%81%86%28%E2%88%B5%29" n2="%E3%81%97%E3%82%87%E3%81%BC%E3%82%93%EF%BD%8E" n3="%4A%61%6E%2D%4D%61%63%68" dan="17,17,17,17" rate="2216.20,2103.57,2178.21,2168.65" sx="M,M,M,M"/><TAIKYOKU oya="0"/><INIT seed="0,0,0,4,5,83" ten="250,250,250,250" oya="0" hai0="97,100,120,75,18,6,7,124,50,29,60,44,77" hai1="24,39,65,55,131,130,91,125,46,68,25,58,118" hai2="43,126,9,12,1,117,114,64,129,56,16,42,99" hai3="89,52,133,106,21,4,116,119,74,121,102,5,48"/><T31/><D120/><U96/><E118/><V80/><F114/><W122/><G74/><T70/><D124/><U128/><E125/><V61/><F126/><W79/><G79/><T78/><D78/><U108/><E108/><V8/><F117/><W62/><G62/><T73/><D73/><U11/><E68/><V104/><F129/><W15/><G102/><T84/><D75/><U66/><E11/><V27/><F27/><N who="1" m="10313" /><E39/><V123/><F123/><N who="3" m="47115" /><G106/><T28/><D60/><N who="1" m="35935" /><E46/><V90/><F104/><W112/><G112/><T23/><D70/><U87/><E96/><V2/><F2/><W95/><G133/><T92/><D23/><U88/><E91/><V13/><F1/><W49/><G49/><T67/><D18/><U63/><E63/><V53/><F64/><W115/><G115/><T103/><D103/><U40/><E40/><V41/><F99/><W51/><G51/><T33/><D33/><U76/><E76/><V110/><F110/><W26/><G15/><T105/><D67/><U94/><AGARI ba="0,0" hai="65,66,87,88,94,128,130,131" m="35935,10313" machi="94" ten="40,5200,0" yaku="19,1,52,1,54,1" doraHai="83" who="1" fromWho="1" sc="250,-26,250,52,250,-13,250,-13" /><INIT seed="1,0,0,3,4,13" ten="224,302,237,237" oya="1" hai0="113,128,37,117,62,98,24,79,78,110,75,20,129" hai1="91,76,116,105,112,118,57,60,115,81,39,61,108" hai2="12,72,10,97,7,33,55,85,16,19,86,71,41" hai3="31,64,121,54,109,68,127,32,22,48,133,92,73"/><U119/><E105/><V66/><F72/><W114/><G32/><T80/><D37/><U99/><E39/><V53/><F33/><W17/><G73/><T96/><D117/><U84/><E108/><V40/><F71/><W93/><G31/><T70/><D79/><U49/><E49/><V88/><F66/><W25/><G114/><T8/><D113/><U120/><E120/><V65/><F65/><W51/><G51/><T42/><D42/><N who="2" m="16490" /><F97/><W89/><G121/><T123/><D123/><U38/><E38/><V50/><F86/><W2/><G2/><T130/><D110/><U35/><E35/><V67/><F67/><W103/><G103/><T134/><D134/><U15/><E60/><V28/><F28/><W30/><G109/><T132/><D132/><U59/><E61/><V90/><F90/><W126/><G133/><T23/><D70/><U26/><E91/><V9/><F9/><W47/><G30/><N who="0" m="17671" /><D8/><U58/><E99/><V1/><F1/><W102/><G102/><T63/><D63/><U29/><REACH who="1" step="1"/><E15/><REACH who="1" ten="224,292,237,237" step="2"/><V94/><F55/><W5/><G89/><T107/><D62/><U36/><E36/><V125/><F125/><N who="3" m="47627" /><G64/><T52/><D52/><U131/><E131/><V18/><F53/><W74/><G68/><T4/><D107/><U135/><E135/><V45/><F50/><W100/><G100/><T14/><D98/><U43/><E43/><V0/><F0/><W11/><G54/><T6/><D96/><U3/><E3/><V34/><F34/><W95/><G48/><T82/><D82/><U69/><E69/><V77/><F77/><RYUUKYOKU ba="0,1" sc="224,10,292,10,237,10,237,-30" hai0="4,6,14,23,75,78,80,128,129,130" hai1="26,29,57,58,59,76,81,84,112,115,116,118,119" hai2="7,10,12,16,18,19,45,85,88,94" /><INIT seed="1,1,1,1,0,67" ten="234,302,247,207" oya="1" hai0="114,133,25,20,29,22,129,14,18,39,35,72,58" hai1="115,50,53,94,70,13,45,73,110,79,33,104,5" hai2="111,32,96,126,86,30,90,99,6,46,60,116,0" hai3="102,47,95,84,122,38,15,36,27,42,26,55,92"/><U59/><E104/><V63/><F116/><W56/><G38/><T127/><D72/><U108/><E115/><V3/><F126/><W101/><G122/><T135/><D39/><U66/><E33/><V82/><F111/><N who="1" m="42537" /><E70/><V89/><F30/><W134/><G134/><N who="0" m="51211" /><D114/><U69/><E69/><V132/><F32/><W80/><G102/><T125/><D58/><U98/><E73/><V119/><F119/><W93/><G15/><T64/><D64/><U91/><E79/><V75/><F75/><W21/><G101/><T78/><D78/><U51/><E66/><V8/><F0/><W61/><REACH who="3" step="1"/><G21/><REACH who="3" ten="234,302,247,197" step="2"/><N who="0" m="11479" /><D129/><U113/><E113/><V24/><F3/><W100/><G100/><T12/><D12/><U28/><E13/><V106/><F132/><W85/><G85/><T34/><D34/><U9/><E98/><V49/><F96/><W103/><G103/><T112/><D112/><U77/><E91/><AGARI ba="1,2" hai="26,27,36,42,47,55,56,61,80,84,91,92,93,95" machi="91" ten="40,1300,0" yaku="1,1,53,0" doraHai="67" doraHaiUra="19" who="3" fromWho="1" sc="234,0,302,-16,247,0,197,36" /><INIT seed="2,0,0,3,1,110" ten="234,286,247,233" oya="2" hai0="112,120,55,122,130,81,20,18,67,83,89,114,45" hai1="43,82,72,21,4,34,88,77,59,96,1,39,91" hai2="133,11,107,25,84,64,42,16,66,99,128,40,127" hai3="80,76,129,29,73,106,98,52,14,124,38,102,135"/><V23/><F133/><W28/><G38/><T70/><D67/><N who="2" m="25642" /><F107/><W60/><G135/><T71/><D89/><U97/><E34/><V108/><F108/><W53/><G129/><T78/><D55/><U0/><E0/><V93/><F128/><W54/><G124/><T116/><D45/><N who="1" m="23807" /><E59/><V24/><F84/><W48/><G60/><T95/><D95/><U123/><E21/><N who="2" m="13351" /><F11/><W9/><REACH who="3" step="1"/><G48/><REACH who="3" ten="234,286,247,223" step="2"/><T86/><D130/><U111/><E111/><V65/><F127/><W32/><G32/><T5/><D71/><U51/><E51/><V7/><F65/><W50/><G50/><T62/><D62/><U33/><E33/><V61/><F61/><W36/><G36/><T44/><D70/><U134/><E134/><V94/><F7/><AGARI ba="0,1" hai="7,9,14,28,29,52,53,54,73,76,80,98,102,106" machi="7" ten="40,2600,0" yaku="1,1,54,1,53,0" doraHai="110" doraHaiUra="12" who="3" fromWho="2" sc="234,0,286,0,247,-26,223,36" /><INIT seed="3,0,0,1,0,42" ten="234,286,221,259" oya="3" hai0="96,3,7,105,43,60,53,33,22,25,57,129,116" hai1="76,27,115,107,111,78,19,121,17,125,18,58,85" hai2="74,103,15,65,72,29,86,11,112,82,120,40,87" hai3="38,77,106,1,100,71,24,114,124,46,28,67,52"/><W131/><G1/><T6/><D33/><U0/><E107/><V36/><F112/><W109/><G114/><T66/><D116/><U102/><E115/><V44/><F120/><W97/><G77/><T30/><D129/><U73/><E73/><V127/><F127/><W130/><G124/><T2/><D2/><U91/><E121/><V26/><F103/><W93/><G93/><T13/><D3/><U119/><E119/><V48/><F65/><W8/><G8/><T41/><D105/><U64/><E111/><V35/><F87/><W118/><G118/><T63/><D96/><U92/><E125/><V51/><F51/><N who="3" m="28791" /><G38/><T10/><D6/><U37/><E37/><V95/><F95/><W12/><G12/><T31/><D31/><U133/><E0/><V83/><F83/><W104/><G104/><T14/><D13/><U59/><E133/><V23/><F36/><W126/><G109/><T5/><D7/><U70/><E70/><AGARI ba="0,0" hai="5,10,14,22,25,30,41,43,53,57,60,63,66,70" machi="70" ten="30,1000,0" yaku="7,1" doraHai="42" who="0" fromWho="1" sc="234,10,286,-10,221,0,259,0" /><INIT seed="4,0,0,5,5,2" ten="244,276,221,259" oya="0" hai0="88,0,127,123,104,92,15,91,48,65,17,124,4" hai1="82,102,121,74,89,107,67,71,90,19,11,56,38" hai2="116,108,86,36,130,53,8,70,100,18,59,80,37" hai3="122,77,110,61,63,41,57,39,79,75,76,125,40"/><T42/><D104/><U54/><E121/><V103/><F70/><W87/><G75/><T85/><D65/><U69/><E38/><V95/><F108/><W7/><G39/><T84/><D123/><U30/><E107/><V93/><F37/><W10/><G122/><T120/><D120/><U29/><E102/><N who="2" m="38955" /><F36/><W94/><G110/><T83/><D48/><U128/><E128/><V99/><F99/><W98/><G87/><T26/><D26/><U66/><E71/><V96/><F96/><W117/><G117/><T64/><D64/><N who="1" m="24619" /><E69/><V24/><F130/><W34/><G34/><T25/><D42/><N who="3" m="16489" /><G57/><T44/><D25/><U14/><E74/><V109/><F109/><W28/><G28/><N who="1" m="10858" /><E82/><V62/><F116/><W115/><G115/><T21/><REACH who="0" step="1"/><D44/><REACH who="0" ten="234,276,221,259" step="2"/><U101/><E101/><V133/><F24/><W43/><G43/><T73/><D73/><U105/><E105/><V22/><F133/><W131/><G131/><T20/><D20/><U50/><AGARI ba="0,1" hai="11,14,19,50,54,56,89,90" m="10858,24619" machi="50" ten="30,1100,0" yaku="8,1" doraHai="2" who="1" fromWho="1" sc="234,-5,276,21,221,-3,259,-3" /><INIT seed="5,0,0,5,3,33" ten="229,297,218,256" oya="1" hai0="117,135,99,36,76,62,68,11,122,41,64,29,2" hai1="80,77,28,30,35,59,8,34,81,40,65,10,104" hai2="13,95,27,96,0,50,44,127,5,63,25,85,129" hai3="123,54,1,116,97,108,130,55,49,21,57,43,124"/><U75/><E104/><V37/><F37/><W82/><G108/><T66/><D66/><U31/><E40/><V101/><F129/><W53/><G130/><T26/><D99/><U94/><E80/><V118/><F118/><W48/><G123/><T110/><D76/><U126/><E126/><V87/><F0/><W38/><G124/><T107/><D107/><U18/><E8/><N who="2" m="4239" /><F63/><W47/><G1/><T32/><D110/><U17/><E17/><V45/><F127/><W120/><G120/><T134/><D122/><U24/><E94/><V19/><F44/><W42/><G116/><T121/><D121/><U4/><E18/><V22/><F25/><W14/><G38/><T103/><D103/><U56/><E65/><V70/><F70/><W132/><G55/><AGARI ba="0,0" hai="19,22,27,45,50,55,85,87,95,96,101" m="4239" machi="55" ten="30,1000,0" yaku="8,1" doraHai="33" who="2" fromWho="3" sc="229,0,297,0,218,10,256,-10" /><INIT seed="6,0,0,1,1,125" ten="229,297,228,246" oya="2" hai0="111,127,59,134,33,77,38,65,35,110,128,15,45" hai1="47,76,22,101,5,113,20,57,16,118,116,70,94" hai2="19,72,23,0,106,132,82,31,7,48,28,39,21" hai3="123,51,115,14,103,126,100,73,112,54,129,67,71"/><V62/><F39/><W43/><G73/><T4/><D77/><U83/><E70/><V64/><F106/><W32/><G32/><N who="0" m="12363" /><D45/><U96/><E113/><N who="3" m="43594" /><G123/><T121/><D59/><U131/><E5/><V8/><F132/><W80/><G80/><T1/><D65/><U122/><E122/><V41/><F23/><W30/><G43/><T97/><D97/><U2/><E2/><V60/><F60/><N who="3" m="40423" /><G30/><T34/><D38/><U92/><E22/><V29/><F41/><W104/><G126/><T26/><D127/><U105/><E116/><V117/><F117/><W114/><N who="3" m="43602" /><W55/><DORA hai="93" /><G55/><T79/><D79/><U42/><E118/><V10/><F48/><W18/><G104/><T49/><D49/><U52/><E94/><V78/><F10/><N who="3" m="6487" /><G129/><T53/><D53/><U130/><E105/><V36/><F36/><W74/><G74/><T88/><D128/><N who="1" m="49195" /><E76/><V13/><REACH who="2" step="1"/><F31/><REACH who="2" ten="229,297,218,246" step="2"/><W9/><G9/><T61/><D34/><U119/><E119/><V44/><F44/><AGARI ba="0,1" hai="44,51,54,100,103" m="6487,40423,43602" machi="44" ten="40,2600,0" yaku="15,1,11,1" doraHai="125,93" who="3" fromWho="2" sc="229,0,297,0,218,-26,246,36" /><INIT seed="7,0,0,5,5,102" ten="229,297,192,282" oya="3" hai0="101,15,84,34,86,66,69,31,110,30,3,61,125" hai1="57,111,37,134,8,9,0,115,108,51,124,65,92" hai2="82,45,64,76,14,7,40,72,10,19,22,85,38" hai3="135,41,53,13,50,88,60,16,131,24,67,33,42"/><W68/><G135/><T128/><D3/><U74/><E74/><V25/><REACH who="2" step="1"/><F64/><REACH who="2" ten="229,297,182,282" step="2"/><W39/><G131/><T112/><D128/><U62/><E65/><V18/><F18/><W130/><G130/><T91/><D110/><U99/><E111/><V11/><F11/><W118/><G118/><T126/><D126/><U6/><E9/><V43/><F43/><W97/><G41/><T83/><D125/><U114/><E8/><V20/><F20/><W47/><G33/><T129/><D129/><U81/><E108/><V2/><F2/><W119/><G119/><T120/><D34/><U73/><E0/><V79/><F79/><W87/><G16/><T127/><D127/><U104/><E124/><V52/><F52/><W133/><G133/><T58/><D31/><U113/><E134/><V80/><F80/><W106/><G24/><T32/><D30/><U46/><E81/><V100/><F100/><N who="3" m="62735" /><G13/><T28/><D15/><U26/><E26/><V89/><F89/><W63/><G88/><T27/><D27/><U109/><E109/><V23/><F23/><W56/><G67/><T93/><D28/><U75/><E114/><V1/><F1/><W44/><G42/><T12/><D12/><U21/><E113/><V94/><F94/><W29/><G29/><T95/><D32/><U77/><E115/><V4/><F4/><W17/><G17/><T59/><D112/><U98/><E92/><V132/><F132/><W122/><G53/><T107/><D95/><U123/><E21/><V116/><F116/><W90/><G90/><N who="0" m="51487" /><D120/><U5/><E123/><V78/><F78/><RYUUKYOKU ba="0,1" sc="229,15,297,-15,182,15,282,-15" hai0="58,59,61,66,69,86,91,93,101,107" hai2="7,10,14,19,22,25,38,40,45,72,76,82,85" /><INIT seed="8,1,1,1,1,47" ten="244,282,197,267" oya="0" hai0="90,12,62,105,68,7,20,74,6,124,1,134,63" hai1="36,50,26,129,117,87,112,109,115,16,91,46,66" hai2="130,106,2,41,76,73,86,65,118,34,43,133,125" hai3="81,37,122,42,9,80,128,119,126,0,96,64,72"/><T19/><D74/><U108/><E36/><V58/><F34/><W35/><G81/><T113/><D105/><U70/><E117/><V116/><F2/><W4/><G119/><N who="2" m="45609" /><F73/><W40/><G64/><T14/><D68/><U3/><E3/><V25/><F106/><W22/><G35/><T100/><D100/><U17/><E129/><V121/><F121/><W102/><G128/><T61/><D113/><N who="1" m="43595" /><E66/><V44/><F130/><W51/><G37/><T56/><D124/><U84/><E70/><V94/><F125/><W59/><G122/><T97/><D134/><U49/><E26/><V18/><F133/><W33/><G33/><T103/><D103/><U78/><E78/><V99/><F86/><N who="1" m="32809" /><E91/><N who="2" m="55775" /><F76/><W114/><G126/><T28/><D1/><U27/><E27/><V82/><F82/><W95/><G80/><T89/><D89/><U10/><E10/><V127/><F127/><W38/><G38/><T30/><D90/><U111/><E49/><N who="2" m="26783" /><F41/><AGARI ba="1,1" hai="16,17,41,46,50,108,109,111" m="32809,43595" machi="41" ten="40,5200,0" yaku="11,1,52,1,54,1" doraHai="47" who="1" fromWho="2" sc="244,0,282,65,197,-55,267,0" owari="244,-16.0,347,45.0,142,-36.0,267,7.0" /></mjloggm>