<mjloggm ver="2.3"><GO type="97" lobby="0"/><UN n0="%E9%85%8D%E7%89%8C%E3%82%AA%E3%83%AA" n1="%70%75%6B%6B%61" n2="%E3%82%A6%E3%83%AB%E3%83%88%E3%83%A9%E7%AB%8B%E7%9B%B4" n3="%E3%83%80%E3%82%A4%E3%82%AD%E3%83%B3%E3%82%B0" dan="14,13,15,14" rate="1912.46,1887.56,2052.18,1884.21" sx="M,M,M,M"/><TAIKYOKU oya="0"/><INIT seed="0,0,0,5,1,23" ten="250,250,250,250" oya="0" hai0="93,108,66,16,6,110,22,126,131,57,97,60,113" hai1="76,2,29,21,49,100,86,84,56,78,7,128,90" hai2="75,27,77,116,68,14,73,30,40,125,118,81,121" hai3="96,13,53,79,48,26,0,44,98,69,122,58,134"/><T63/><D113/><U33/><E33/><V31/><F68/><W135/><G0/><T112/><D112/><U89/><E100/><V4/><F121/><W103/><G122/><T52/><D131/><U62/><E2/><V124/><F40/><W5/><G79/><N who="1" m="30250" /><E7/><V54/><F54/><W133/><G69/><T50/><D126/><N who="2" m="48746" /><F31/><W74/><G74/><T65/><D6/><U15/><E49/><V35/><F75/><W70/><G70/><T61/><D66/><N who="1" m="39239" /><E29/><V87/><F87/><N who="1" m="33321" /><E128/><V28/><F28/><W47/><G96/><T95/><D65/><U45/><E45/><N who="3" m="17482" /><G13/><N who="0" m="9487" /><D97/><U32/><E32/><V25/><F25/><W59/><G5/><T71/><D71/><U115/><E115/><V34/><F34/><W51/><G51/><T55/><D55/><U37/><E37/><V120/><F120/><W36/><G36/><T107/><D107/><U91/><E15/><V67/><F67/><W43/><G43/><T42/><D42/><U94/><E21/><V123/><F123/><W1/><G1/><T127/><D127/><U132/><E132/><V106/><F106/><N who="3" m="63863" /><G59/><T80/><D80/><U129/><E129/><V72/><F72/><W88/><G26/><T99/><D99/><AGARI ba="0,0" hai="89,90,91,94,99" m="33321,39239,30250" machi="99" ten="30,1000,0" yaku="8,1" doraHai="23" who="1" fromWho="0" sc="250,-10,250,10,250,0,250,0" /><INIT seed="1,0,0,0,4,118" ten="240,260,250,250" oya="1" hai0="35,79,123,121,101,70,30,99,92,18,95,84,97" hai1="38,26,14,105,36,90,86,85,63,1,37,133,40" hai2="0,44,39,122,21,28,130,27,74,69,51,102,46" hai3="128,48,93,108,109,54,56,134,9,131,24,19,114"/><U29/><E105/><V57/><F0/><W50/><G114/><T17/><D70/><U60/><E1/><V89/><F74/><W58/><G93/><T125/><D125/><U87/><E133/><V20/><F69/><W66/><G134/><T5/><D5/><U81/><E40/><V83/><F102/><W10/><G66/><T96/><D30/><U106/><E106/><V111/><F111/><N who="3" m="42571" /><G24/><T13/><D35/><U107/><E107/><V100/><F100/><W72/><G72/><T53/><D53/><U52/><E14/><V75/><F130/><N who="3" m="49707" /><G19/><N who="0" m="7179" /><D13/><U23/><E63/><V49/><F75/><W126/><G126/><T31/><D31/><U91/><E81/><V124/><F124/><W2/><G2/><T11/><D11/><N who="3" m="4105" /><G54/><T7/><D7/><U112/><E112/><V42/><F21/><W55/><G55/><T33/><D33/><U127/><E127/><V16/><F28/><W45/><G45/><T15/><D15/><U12/><REACH who="1" step="1"/><E12/><REACH who="1" ten="240,250,250,250" step="2"/><V129/><F129/><W3/><G3/><T61/><D61/><U71/><E71/><V117/><F42/><W119/><G119/><T6/><D6/><U80/><E80/><V116/><F116/><W68/><G68/><T62/><D62/><U64/><E64/><V77/><F83/><W59/><AGARI ba="0,1" hai="48,50,56,58,59" m="4105,49707,42571" machi="59" ten="40,8000,1" yaku="28,2,14,1,19,1" doraHai="118" who="3" fromWho="3" sc="240,-20,250,-40,250,-20,250,90" /><INIT seed="2,0,0,1,0,97" ten="220,210,230,340" oya="2" hai0="23,82,75,84,11,88,14,15,79,21,68,112,76" hai1="89,130,13,30,129,102,128,6,90,26,105,45,93" hai2="121,100,52,7,72,86,60,78,49,81,42,107,28" hai3="134,20,50,31,41,66,70,96,25,94,87,127,109"/><V106/><F121/><W56/><G134/><T125/><D112/><U16/><E105/><V119/><F119/><W71/><G127/><T103/><D125/><U37/><E6/><V92/><F28/><W80/><G109/><T5/><D68/><U95/><E37/><V61/><F42/><W99/><G99/><T9/><D103/><U108/><E45/><V8/><F106/><W64/><G71/><T34/><D34/><N who="1" m="20823" /><E108/><V27/><F27/><W40/><G70/><T12/><D12/><U69/><E69/><V133/><F133/><W98/><G98/><T19/><REACH who="0" step="1"/><D79/><REACH who="0" ten="210,210,230,340" step="2"/><U35/><E35/><V51/><F107/><W54/><G66/><T47/><D47/><U59/><E59/><V74/><F100/><N who="3" m="60439" /><G64/><T1/><D1/><U114/><E114/><V43/><F78/><AGARI ba="0,1" hai="20,25,31,40,41,50,54,56,78,80,87" m="60439" machi="78" ten="30,2000,0" yaku="8,1,52,1" doraHai="97" who="3" fromWho="2" sc="210,0,210,0,230,-20,340,30" /><INIT seed="3,0,0,2,3,27" ten="210,210,210,370" oya="3" hai0="8,125,109,30,62,55,50,103,79,82,43,51,104" hai1="35,115,116,52,96,70,37,92,59,41,19,89,134" hai2="61,22,99,95,121,105,58,53,3,4,56,39,38" hai3="45,81,131,78,77,133,86,135,126,15,73,122,108"/><W90/><G122/><T98/><D109/><U80/><E70/><V26/><F105/><W16/><G108/><T118/><D118/><U84/><E115/><V66/><F121/><W91/><G131/><T24/><D43/><U65/><E116/><V100/><F4/><W85/><G126/><T101/><D101/><U119/><E119/><V75/><F75/><W14/><G14/><T20/><D125/><U93/><E65/><V49/><F3/><W129/><G129/><T117/><D117/><U67/><E67/><V29/><AGARI ba="0,0" hai="22,26,29,38,39,49,53,56,58,61,66,95,99,100" machi="29" ten="20,8000,1" yaku="0,1,7,1,25,2,52,1" doraHai="27" who="2" fromWho="2" sc="210,-20,210,-20,210,80,370,-40" owari="190,-21.0,190,-31.0,290,9.0,330,43.0" /></mjloggm>