<mjloggm ver="2.3"><GO type="97" lobby="0"/><UN n0="%E4%B8%8D%E6%A9%9F%E5%AB%8C%E4%B8%AD%E9%A3%9B%E8%BB%8A" n1="%E3%81%93%E3%82%84%E3%81%BF%E3%83%BC" n2="%E3%83%8B%E3%82%B8%E3%83%B3%E3%82%B9%E3%82%AD%E3%82%A4" n3="%E3%82%A6%E3%83%AB%E3%83%88%E3%83%A9%E7%AB%8B%E7%9B%B4" dan="15,14,13,13" rate="1963.01,1891.52,1890.14,1858.78" sx="M,M,M,M"/><TAIKYOKU oya="0"/><INIT seed="0,0,0,1,1,51" ten="250,250,250,250" oya="0" hai0="4,61,111,18,116,119,93,77,23,117,38,84,88" hai1="127,0,106,29,35,65,53,135,60,70,126,36,86" hai2="66,50,40,68,74,10,75,2,8,37,57,69,98" hai3="30,39,110,27,97,133,19,72,59,16,82,83,76"/><T125/><D125/><N who="1" m="47627" /><E135/><V81/><F10/><W17/><G39/><T129/><D129/><U34/><E36/><V11/><F11/><W44/><G110/><T100/><D38/><U55/><E106/><V128/><F128/><W121/><G121/><T78/><D111/><U62/><E0/><V108/><F108/><W7/><G133/><T64/><D4/><U99/><E99/><V101/><F75/><W96/><G44/><T58/><REACH who="0" step="1"/><D100/><REACH who="0" ten="240,250,250,250" step="2"/><U114/><E114/><V41/><F37/><W42/><G7/><T52/><D52/><U26/><E55/><V130/><F101/><W47/><G42/><T71/><D71/><U91/><E53/><V103/><F69/><W49/><G72/><T48/><D48/><U132/><E132/><V107/><F68/><W92/><G49/><T79/><D79/><U67/><E70/><V120/><F120/><W32/><G76/><T3/><D3/><U95/><E67/><V63/><F130/><W102/><G102/><T104/><D104/><U25/><E65/><V131/><F50/><W6/><G6/><T73/><D73/><U109/><E109/><V46/><F131/><W21/><G47/><T28/><D28/><AGARI ba="0,1" hai="25,26,28,29,34,35,60,62,86,91,95" m="47627" machi="28" ten="30,1000,0" yaku="18,1" doraHai="51" who="1" fromWho="0" sc="240,-10,250,20,250,0,250,0" /><INIT seed="1,0,0,5,3,135" ten="230,270,250,250" oya="1" hai0="54,18,127,120,44,65,42,85,6,69,93,67,70" hai1="114,98,100,15,60,122,20,10,56,32,101,92,84" hai2="90,134,88,19,30,7,57,55,48,132,83,31,131" hai3="129,97,86,27,121,16,115,94,37,128,108,17,28"/><U107/><E32/><V109/><F131/><N who="3" m="50251" /><G37/><T64/><D120/><U73/><E122/><V72/><F7/><W102/><G121/><T111/><D111/><U51/><E114/><V8/><F109/><W116/><G115/><T66/><D66/><U50/><E73/><V113/><F113/><W46/><G108/><T53/><D127/><U26/><E101/><V80/><F8/><W77/><G46/><T71/><D6/><U78/><E107/><V2/><F2/><W124/><G116/><T123/><D123/><U49/><E84/><V110/><F110/><W105/><G124/><T12/><D93/><U39/><E39/><V36/><F36/><W103/><G102/><T47/><D85/><U0/><E0/><V24/><F19/><W13/><G13/><T41/><D18/><N who="1" m="8567" /><E78/><V118/><F31/><W81/><G105/><T117/><D12/><U4/><E4/><V43/><F43/><N who="0" m="16394" /><D117/><U22/><E26/><V125/><F118/><W23/><AGARI ba="0,0" hai="16,17,23,27,28,77,81,86,94,97,103" m="50251" machi="23" ten="30,2000,0" yaku="19,1,54,1" doraHai="135" who="3" fromWho="3" sc="230,-5,270,-10,250,-5,250,20" /><INIT seed="2,0,0,1,3,41" ten="225,260,245,270" oya="2" hai0="116,43,120,90,42,21,105,133,121,88,16,27,107" hai1="103,71,4,65,109,97,129,50,93,95,108,68,99" hai2="11,70,74,28,46,117,24,59,20,77,81,5,62" hai3="118,49,102,22,29,9,72,84,55,112,87,134,60"/><V10/><F70/><W17/><G72/><T104/><D116/><U98/><E129/><V58/><F117/><W91/><G134/><T122/><REACH who="0" step="1"/><D133/><REACH who="0" ten="215,260,245,270" step="2"/><U12/><E109/><V124/><F124/><W69/><G118/><T114/><D114/><U94/><E108/><V34/><F11/><W18/><G112/><T132/><D132/><U115/><E115/><V123/><F123/><W25/><G9/><T47/><D47/><U3/><E103/><V26/><F62/><W128/><G102/><T125/><D125/><U130/><E130/><V32/><F32/><W40/><G128/><T7/><D7/><U45/><E4/><V38/><F34/><W52/><G60/><T66/><D66/><U127/><E65/><V23/><F23/><W119/><G119/><T6/><D6/><U8/><E8/><V19/><F26/><W53/><G69/><T92/><D92/><U86/><E127/><V79/><F28/><W80/><G29/><T73/><D73/><U1/><E68/><V76/><F59/><W96/><G25/><T67/><D67/><U100/><E71/><V135/><F58/><W78/><G22/><T31/><D31/><U89/><E100/><V131/><F135/><W57/><G57/><T61/><D61/><U2/><E94/><V36/><F131/><W83/><G18/><T126/><D126/><U64/><E93/><V33/><F33/><W101/><G17/><T82/><D82/><U35/><E64/><V51/><F46/><N who="3" m="25799" /><G101/><T15/><D15/><U113/><E35/><V48/><F24/><W63/><G63/><T54/><D54/><RYUUKYOKU ba="0,1" sc="215,15,260,-15,245,-15,270,15" hai0="16,21,27,42,43,88,90,104,105,107,120,121,122" hai3="52,53,55,78,80,83,84,87,91,96" /><INIT seed="3,1,1,3,3,87" ten="230,245,230,285" oya="3" hai0="31,122,102,23,130,66,65,30,14,135,132,52,118" hai1="97,85,21,35,121,44,46,93,82,64,29,60,126" hai2="86,39,80,24,33,77,2,81,18,124,123,43,70" hai3="90,75,25,108,69,95,36,54,125,0,34,53,112"/><W107/><RYUUKYOKU type="yao9" ba="1,1" sc="230,0,245,0,230,0,285,0" hai3="0,25,34,36,53,54,69,75,90,95,107,108,112,125" /><INIT seed="3,2,1,3,4,42" ten="230,245,230,285" oya="3" hai0="54,15,14,56,17,37,71,130,30,41,25,79,110" hai1="120,23,8,21,49,43,134,77,4,128,58,115,32" hai2="82,111,116,107,7,61,66,2,84,60,57,24,13" hai3="104,135,131,70,86,73,28,5,35,36,72,114,51"/><W34/><G114/><T108/><D130/><U98/><E120/><V20/><F111/><N who="0" m="42538" /><D71/><U31/><E115/><V53/><F107/><W122/><G104/><T126/><D126/><U11/><E128/><V117/><F2/><W65/><G36/><T68/><D68/><U76/><E32/><V9/><F61/><W67/><G131/><T22/><D79/><N who="1" m="30283" /><E134/><V29/><REACH who="2" step="1"/><F66/><REACH who="2" ten="230,245,220,285" step="2"/><W123/><G67/><T100/><D100/><U62/><E62/><V26/><F26/><W118/><G65/><T27/><D27/><N who="1" m="16879" /><E4/><V69/><F69/><W38/><G70/><T44/><D30/><U92/><E23/><V19/><F19/><W129/><G28/><T119/><D119/><U102/><E43/><V78/><AGARI ba="2,2" hai="7,9,13,20,24,29,53,57,60,78,82,84,116,117" machi="78" ten="20,2700,0" yaku="1,1,0,1,7,1,53,0" doraHai="42" doraHaiUra="40" who="2" fromWho="2" sc="230,-9,245,-9,220,53,285,-15" /><INIT seed="4,0,0,1,0,94" ten="221,236,273,270" oya="0" hai0="101,53,69,17,35,92,30,20,11,86,73,31,105" hai1="54,115,93,81,65,84,111,113,40,7,39,127,49" hai2="88,135,118,75,70,68,79,72,78,8,21,1,15" hai3="123,97,112,61,100,96,6,58,37,57,99,76,83"/><T85/><D73/><U59/><E111/><V51/><F1/><W125/><G37/><T48/><D105/><U74/><E127/><V71/><F135/><W134/><G134/><T45/><D69/><U60/><E7/><V128/><F21/><W106/><G125/><T114/><D114/><N who="1" m="43531" /><E74/><V4/><F128/><W16/><G112/><T131/><D131/><U110/><E110/><V38/><F38/><W133/><G133/><T126/><D126/><U12/><E93/><V90/><F118/><W34/><G34/><T13/><D35/><U2/><E12/><V55/><F75/><W42/><G6/><T108/><D108/><U52/><E2/><V129/><F129/><W104/><G123/><T47/><D47/><N who="1" m="25831" /><E39/><V9/><F9/><W0/><G0/><T63/><D63/><U121/><E121/><V23/><F23/><W14/><G106/><T33/><D33/><U66/><E66/><V91/><REACH who="2" step="1"/><F72/><REACH who="2" ten="221,236,263,270" step="2"/><W26/><G26/><N who="0" m="16711" /><D31/><U44/><E44/><AGARI ba="0,1" hai="4,8,15,44,51,55,68,70,71,78,79,88,90,91" machi="44" ten="50,3200,0" yaku="1,1,54,1,53,0" doraHai="94" doraHaiUra="117" who="2" fromWho="1" sc="221,0,236,-32,263,42,270,0" owari="221,-18.0,204,-30.0,305,41.0,270,7.0" /></mjloggm>