<mjloggm ver="2.3"><GO type="97" lobby="0"/><UN n0="%E5%85%AB%E7%99%BE%E9%95%B7%E3%82%B2%E3%83%BC%E3%83%A0%EF%BD%97" n1="%52%69%6E%6F%61%68" n2="%E3%81%AA%E3%82%81%E3%81%91" n3="%E3%82%A6%E3%83%AB%E3%83%88%E3%83%A9%E7%AB%8B%E7%9B%B4" dan="14,14,15,13" rate="1939.53,1930.19,1933.84,1843.10" sx="M,F,M,M"/><TAIKYOKU oya="0"/><INIT seed="0,0,0,4,5,97" ten="250,250,250,250" oya="0" hai0="50,54,30,63,114,75,22,27,20,56,123,0,19" hai1="52,113,66,103,36,69,81,16,15,35,89,87,67" hai2="5,43,79,84,111,99,21,85,37,104,96,3,71" hai3="49,62,39,48,70,41,94,118,40,86,7,102,92"/><T38/><D123/><U65/><E36/><V25/><F71/><W132/><G39/><T124/><D114/><U55/><E35/><V9/><F111/><W91/><G118/><T110/><D38/><U100/><E69/><V130/><F130/><W119/><G119/><T57/><D0/><U88/><E89/><V23/><F23/><W135/><G7/><T14/><D75/><U95/><E113/><V73/><F96/><N who="3" m="59671" /><G70/><T90/><D110/><U32/><E32/><V61/><F61/><W34/><G34/><T93/><D124/><U1/><E1/><V117/><F117/><W77/><G77/><T31/><D31/><U126/><E126/><V2/><F2/><W116/><G116/><T6/><D6/><U107/><E107/><V58/><F58/><W72/><G72/><T109/><D109/><U78/><E78/><V18/><F99/><W120/><G62/><T8/><D8/><N who="1" m="6247" /><E81/><N who="2" m="45295" /><F104/><W127/><G127/><T12/><D12/><U68/><E68/><V24/><F25/><W59/><G120/><T131/><D131/><U33/><E33/><V105/><F105/><W122/><G122/><T98/><REACH who="0" step="1"/><D63/><REACH who="0" ten="240,250,250,250" step="2"/><U115/><E115/><V129/><F129/><W108/><G108/><T53/><D53/><AGARI ba="0,1" hai="52,53,55,65,66,67,87,88,95,100,103" m="6247" machi="53" ten="30,12000,2" yaku="8,1,52,2,54,3" doraHai="97" who="1" fromWho="0" sc="240,-120,250,130,250,0,250,0" /><INIT seed="1,0,0,2,5,76" ten="120,380,250,250" oya="1" hai0="63,10,111,46,121,54,86,81,36,116,112,5,19" hai1="0,32,61,23,39,49,47,108,51,27,2,101,87" hai2="107,71,89,12,126,110,79,24,105,134,102,77,44" hai3="18,52,7,11,69,6,125,78,127,106,70,100,92"/><U103/><E32/><V17/><F71/><W68/><G106/><T66/><D116/><U88/><E39/><V29/><F105/><W35/><G35/><T80/><D112/><U118/><E118/><V50/><F107/><W9/><G78/><T64/><D121/><U122/><E122/><V123/><F102/><W113/><G113/><T8/><D111/><U65/><E108/><V58/><F58/><W1/><G18/><T94/><D36/><U59/><E51/><V96/><F123/><W30/><G30/><T31/><D31/><U38/><E38/><V41/><F126/><N who="3" m="48139" /><G52/><T84/><D94/><U37/><E37/><V85/><F96/><N who="3" m="59399" /><G70/><T40/><D54/><U15/><E15/><AGARI ba="0,0" hai="1,6,7,9,11,15,68,69" m="59399,48139" machi="15" ten="30,1000,0" yaku="18,1" doraHai="76" who="3" fromWho="1" sc="120,0,380,-10,250,0,250,10" /><INIT seed="2,0,0,1,1,41" ten="120,370,250,260" oya="2" hai0="35,20,64,71,82,129,3,114,61,104,28,36,25" hai1="99,54,118,33,52,92,103,124,40,70,94,90,96" hai2="120,121,117,97,88,63,48,6,50,62,76,131,105" hai3="100,67,47,109,17,49,18,60,46,108,23,42,127"/><V58/><F117/><W55/><G100/><T111/><D114/><U56/><E70/><V22/><F76/><W5/><G5/><T80/><D3/><U72/><E72/><V32/><F32/><W102/><G102/><T86/><D36/><U81/><E33/><V2/><F22/><W65/><G127/><T78/><D129/><U123/><E124/><V135/><F131/><W69/><G65/><T113/><D113/><U34/><E34/><V15/><F15/><W95/><G95/><T45/><D111/><N who="3" m="42569" /><G23/><T112/><D112/><U116/><E123/><V59/><F105/><W37/><AGARI ba="0,0" hai="17,18,37,42,46,47,49,55,60,67,69" m="42569" machi="37" ten="30,4000,0" yaku="14,1,52,2" doraHai="41" who="3" fromWho="3" sc="120,-10,370,-10,250,-20,260,40" /><INIT seed="3,0,0,1,3,61" ten="110,360,230,300" oya="3" hai0="25,123,124,93,86,41,107,30,98,29,32,110,132" hai1="11,53,24,9,87,128,52,55,83,19,90,44,96" hai2="81,118,51,105,56,16,47,20,1,31,80,17,18" hai3="67,120,112,114,46,43,45,38,130,131,7,33,127"/><W129/><G33/><T65/><D123/><U133/><E133/><V97/><F1/><W134/><G7/><T13/><D132/><U27/><E128/><V49/><F118/><W78/><G134/><T4/><D124/><U62/><E62/><V101/><F56/><W77/><G120/><T121/><D121/><U26/><E96/><V113/><F113/><N who="3" m="43627" /><G127/><T28/><D110/><U21/><E44/><N who="3" m="17002" /><G67/><T72/><D72/><U36/><E36/><V102/><F102/><W92/><G92/><T15/><D107/><U119/><E119/><V54/><F51/><W103/><G103/><T71/><D41/><U22/><E27/><V106/><F106/><W135/><G135/><T109/><D109/><U79/><E79/><N who="3" m="30218" /><G43/><T3/><D3/><U5/><E5/><V73/><F105/><W99/><G99/><T75/><D75/><U37/><E37/><AGARI ba="0,0" hai="37,38,129,130,131" m="30218,17002,43627" machi="37" ten="40,7700,0" yaku="28,2,19,1" doraHai="61" who="3" fromWho="1" sc="110,0,360,-77,230,0,300,77" owari="110,-39.0,283,8.0,230,-17.0,377,48.0" /></mjloggm>