<mjloggm ver="2.3"><GO type="41" lobby="0"/><UN n0="%E3%82%A6%E3%83%AB%E3%83%88%E3%83%A9%E7%AB%8B%E7%9B%B4" n1="%48%41%42%45%2D%58%59%5A" n2="%E5%85%AB%E5%B9%A1%E5%B1%8B%E7%A3%AF%E4%BA%94%E9%83%8E" n3="%61%79%61%6D%61%64%61" dan="15,13,15,14" rate="2042.39,1845.90,1986.72,1900.61" sx="M,M,M,M"/><TAIKYOKU oya="0"/><INIT seed="0,0,0,2,4,87" ten="250,250,250,250" oya="0" hai0="3,75,30,63,132,115,51,12,117,17,135,7,37" hai1="58,48,40,33,89,35,19,126,18,133,9,66,5" hai2="110,64,67,88,25,127,70,54,114,8,76,77,112" hai3="31,32,101,125,134,45,14,84,50,11,130,102,49"/><T57/><D37/><U109/><E109/><V73/><F110/><W20/><G130/><T22/><D75/><U69/><E69/><V97/><F73/><W41/><G32/><T108/><D108/><U74/><E74/><V72/><F72/><W43/><G125/><T79/><D79/><U28/><E126/><V80/><F70/><W95/><G134/><N who="0" m="51243" /><D117/><U91/><E133/><V116/><F116/><W2/><G2/><T24/><D51/><U119/><E33/><V81/><F127/><W103/><G31/><T122/><D122/><U13/><E119/><V15/><F114/><W124/><G20/><T46/><D46/><N who="1" m="25671" /><E28/><V107/><F25/><W78/><G124/><T6/><D3/><U113/><E35/><V86/><F107/><W60/><G60/><T21/><D115/><U85/><E85/><N who="2" m="48263" /><F112/><W129/><G129/><T53/><AGARI ba="0,0" hai="6,7,12,17,21,22,24,30,53,57,63" m="51243" machi="53" ten="30,1500,0" yaku="20,1" doraHai="87" who="0" fromWho="0" sc="250,15,250,-5,250,-5,250,-5" /><INIT seed="0,1,0,5,5,70" ten="265,245,245,245" oya="0" hai0="53,111,112,121,42,17,40,9,48,49,38,13,41" hai1="81,128,43,61,102,107,127,73,50,76,93,98,28" hai2="35,39,45,101,109,18,59,91,52,119,133,120,85" hai3="2,74,135,12,129,75,86,84,67,60,19,126,124"/><T5/><D121/><U56/><E28/><V71/><F120/><W115/><G115/><T34/><D34/><U122/><E128/><V36/><F71/><W66/><G129/><T14/><D112/><U51/><E122/><V64/><F35/><W4/><G4/><T11/><D111/><U44/><E127/><V15/><F101/><W72/><G2/><T89/><D38/><U134/><E134/><V27/><F27/><W94/><G94/><T3/><D3/><U100/><E100/><V131/><F131/><W80/><G86/><T1/><D1/><U105/><REACH who="1" step="1"/><E51/><REACH who="1" ten="265,235,245,245" step="2"/><N who="2" m="28783" /><F119/><W23/><G135/><T58/><D89/><U116/><E116/><V77/><F133/><W82/><G126/><T104/><D104/><U47/><E47/><AGARI ba="1,1" hai="5,9,11,13,14,17,40,41,42,47,48,49,53,58" machi="47" ten="40,2000,0" yaku="8,1" doraHai="70" who="0" fromWho="1" sc="265,33,235,-23,245,0,245,0" /><INIT seed="0,2,0,2,4,24" ten="298,212,245,245" oya="0" hai0="28,58,31,108,115,20,81,125,128,73,127,21,70" hai1="104,105,96,123,1,46,57,90,5,48,66,114,6" hai2="133,94,44,43,16,40,19,3,82,102,0,74,4" hai3="18,109,65,131,45,35,95,79,116,130,14,27,41"/><T56/><D70/><U51/><E123/><V29/><F29/><N who="0" m="11338" /><D115/><U118/><E118/><V129/><F129/><W85/><G35/><T71/><D71/><U99/><E114/><V32/><F32/><W124/><G27/><T93/><D128/><U100/><E1/><V97/><F133/><W92/><G130/><T60/><D73/><U84/><E66/><V53/><F53/><W91/><G65/><T87/><D93/><U12/><E57/><N who="0" m="22121" /><D60/><U88/><E12/><V83/><F43/><W26/><G131/><T64/><D64/><U72/><E72/><V103/><F102/><W76/><G116/><T135/><D135/><U110/><E110/><V68/><F68/><W38/><G109/><T42/><D42/><U121/><E121/><V120/><F120/><W33/><G33/><T54/><D54/><U106/><E46/><V78/><F82/><W126/><G26/><T2/><D2/><U107/><N who="1" m="26624" /><DORA hai="47" /><U7/><E100/><V117/><F117/><W11/><G92/><T134/><D134/><U77/><E77/><V98/><F98/><N who="1" m="37417" /><E84/><V119/><F119/><W30/><G76/><N who="0" m="46503" /><D108/><U112/><E112/><V8/><REACH who="2" step="1"/><F0/><REACH who="2" ten="298,212,235,245" step="2"/><W50/><G38/><AGARI ba="2,1" hai="3,4,8,16,19,38,40,44,74,78,83,94,97,103" machi="38" ten="30,12000,2" yaku="1,1,2,1,7,1,25,2,54,1,53,1" doraHai="24,47" doraHaiUra="86,36" who="2" fromWho="3" sc="298,0,212,0,235,136,245,-126" /><INIT seed="1,0,0,2,5,58" ten="298,212,371,119" oya="1" hai0="51,123,94,64,90,0,82,44,104,2,106,120,48" hai1="122,33,84,99,31,67,116,14,91,95,89,9,107" hai2="7,103,100,132,112,70,96,45,13,98,76,43,47" hai3="65,23,130,109,37,88,18,77,21,110,46,93,72"/><U131/><E116/><V52/><F70/><W69/><G130/><T25/><D82/><U71/><E122/><N who="0" m="46633" /><D25/><U97/><E131/><V1/><F1/><N who="0" m="618" /><D64/><U102/><E67/><V63/><F132/><W26/><G77/><T24/><D24/><U56/><E71/><V4/><F76/><W60/><G72/><T17/><D17/><U29/><E33/><V101/><F112/><W50/><G23/><T118/><D118/><U8/><E56/><N who="2" m="35207" /><F43/><W3/><G3/><T78/><D78/><U85/><E8/><N who="2" m="4231" /><F7/><W22/><G22/><T81/><D81/><U86/><REACH who="1" step="1"/><E91/><REACH who="1" ten="298,202,371,119" step="2"/><V128/><F128/><W133/><G133/><T124/><D44/><AGARI ba="0,1" hai="44,45,47,96,98,100,101,103" m="4231,35207" machi="44" ten="30,3900,0" yaku="8,1,52,1,54,1" doraHai="58" who="2" fromWho="0" sc="298,-39,202,0,371,49,119,0" /><INIT seed="2,0,0,4,1,9" ten="259,202,420,119" oya="2" hai0="121,16,134,89,51,12,77,98,7,132,35,108,114" hai1="133,126,58,24,11,17,110,92,4,59,34,69,103" hai2="1,94,68,87,76,128,116,91,28,85,30,101,109" hai3="81,48,113,2,39,41,71,38,135,102,15,127,13"/><V44/><F68/><W99/><G2/><T111/><D35/><U37/><E69/><V5/><F116/><W26/><G71/><T42/><D77/><U53/><E110/><N who="0" m="42025" /><D7/><U43/><E126/><V66/><F109/><W40/><G127/><T119/><D114/><U54/><E34/><V84/><F66/><W124/><G124/><T97/><D121/><U120/><E133/><N who="0" m="51305" /><D89/><U50/><E37/><V56/><F56/><W31/><G135/><T78/><D78/><U105/><E43/><V122/><F122/><W96/><G81/><T57/><D119/><U46/><E105/><V129/><F1/><W80/><G80/><T36/><D36/><U104/><E104/><V88/><F101/><W45/><G113/><T21/><D57/><U64/><E120/><V125/><F125/><W20/><G48/><T106/><D106/><U82/><E82/><N who="2" m="47175" /><F5/><W3/><G3/><T118/><D118/><U22/><E103/><V10/><F10/><W55/><G55/><T63/><D63/><N who="1" m="38015" /><E92/><N who="2" m="54287" /><F44/><AGARI ba="0,0" hai="12,16,21,42,44,51,97,98" m="51305,42025" machi="44" ten="30,7700,0" yaku="14,1,20,1,52,1,54,1" doraHai="9" who="0" fromWho="2" sc="259,77,202,0,420,-77,119,0" /><INIT seed="3,0,0,2,2,135" ten="336,202,343,119" oya="3" hai0="82,121,73,39,5,83,104,76,20,77,114,102,15" hai1="72,55,74,101,91,133,120,38,42,35,124,128,103" hai2="105,109,29,116,98,56,32,25,46,36,111,97,24" hai3="129,52,61,119,85,79,122,44,65,1,43,115,2"/><W4/><G115/><T130/><D39/><U16/><E133/><V3/><F116/><W33/><G119/><T23/><D121/><U17/><E35/><V45/><F3/><W49/><G129/><T86/><D23/><U70/><E70/><V28/><F56/><W50/><G122/><T54/><D54/><U87/><E120/><V117/><F117/><W113/><G113/><T131/><D114/><U10/><E128/><N who="0" m="49193" /><D20/><U94/><E72/><V81/><F81/><W126/><G33/><T9/><D102/><U59/><E74/><V68/><F68/><W66/><G66/><T13/><D104/><U34/><E124/><V60/><F60/><W134/><G134/><T7/><D7/><U47/><E34/><V58/><F58/><W93/><G4/><T48/><D48/><U53/><E53/><V96/><F105/><W108/><G108/><N who="2" m="41545" /><F36/><W41/><G41/><T95/><D95/><U51/><E10/><V64/><F64/><W12/><G126/><T92/><D92/><U132/><E132/><V6/><F6/><W21/><G21/><AGARI ba="0,0" hai="21,24,25,28,29,32,45,46,96,97,98" m="41545" machi="21" ten="30,1000,0" yaku="14,1" doraHai="135" who="2" fromWho="3" sc="336,0,202,0,343,10,119,-10" /><INIT seed="4,0,0,2,4,127" ten="336,202,353,109" oya="0" hai0="5,10,58,36,123,39,74,6,130,16,34,112,135" hai1="117,24,15,115,114,50,103,59,9,73,106,84,104" hai2="46,107,91,77,119,21,7,87,60,90,4,110,33" hai3="118,1,66,83,11,122,68,98,78,54,129,63,133"/><T14/><D74/><U97/><E73/><V62/><F33/><W70/><G122/><T134/><D123/><U55/><E117/><V102/><F107/><W89/><G118/><T85/><D34/><U23/><E84/><V72/><F102/><W25/><G133/><N who="0" m="50699" /><D112/><N who="1" m="43051" /><E104/><V76/><F72/><W52/><G70/><T80/><D58/><U40/><E40/><V105/><F105/><W101/><G89/><N who="2" m="33801" /><F119/><W116/><G116/><T69/><D69/><U27/><E23/><V12/><F110/><W86/><G25/><T111/><D111/><U28/><E28/><V71/><F46/><W124/><G124/><T53/><D53/><U67/><E67/><V29/><F71/><W31/><G31/><T19/><D85/><U95/><E106/><V94/><F94/><W43/><G43/><T20/><D80/><U56/><E56/><V18/><F29/><W57/><G54/><T125/><D125/><U13/><E13/><V45/><F45/><W131/><G98/><T17/><D39/><U81/><E81/><N who="2" m="47527" /><F77/><W64/><G101/><T3/><D36/><U82/><E82/><V128/><F7/><AGARI ba="0,0" hai="7,9,15,24,27,50,55,59,95,97,103" m="43051" machi="7" ten="30,2000,0" yaku="15,1,11,1" doraHai="127" who="1" fromWho="2" sc="336,0,202,20,353,-20,109,0" /><INIT seed="5,0,0,3,1,76" ten="336,222,333,109" oya="1" hai0="60,83,7,133,97,29,118,88,37,2,96,110,72" hai1="46,45,90,36,111,10,34,15,79,19,5,53,102" hai2="51,82,66,28,22,122,48,89,108,11,56,3,100" hai3="117,32,33,121,64,116,42,93,104,4,81,57,20"/><U85/><E34/><V101/><F122/><W63/><G104/><T94/><D37/><U26/><E111/><V69/><F108/><W58/><G121/><T27/><D110/><U80/><E102/><V84/><F69/><W6/><G42/><T103/><D118/><U107/><E107/><V49/><F3/><W54/><G93/><T0/><D7/><U86/><E36/><V113/><F113/><W9/><G20/><T125/><D125/><U123/><E123/><V126/><F126/><W78/><G4/><T91/><D60/><U127/><E127/><V47/><F47/><W1/><G117/><T16/><D16/><U77/><E77/><V131/><F131/><W92/><G92/><T134/><D2/><U75/><E75/><V87/><F11/><W129/><G129/><T128/><D0/><U109/><E109/><V44/><F44/><W135/><G116/><T71/><D71/><U67/><E67/><V61/><F87/><W17/><G17/><T24/><D128/><U130/><E130/><V13/><F13/><W73/><REACH who="3" step="1"/><G135/><REACH who="3" ten="336,222,333,99" step="2"/><N who="0" m="51723" /><D96/><U98/><E98/><V40/><F40/><W99/><G99/><T105/><D105/><U14/><E5/><V52/><F66/><W8/><G8/><T25/><D29/><U59/><E10/><V120/><F120/><W115/><G115/><T114/><D114/><U124/><E124/><V12/><F28/><W38/><G38/><T50/><D50/><AGARI ba="0,1" hai="1,6,9,32,33,50,54,57,58,63,64,73,78,81" machi="50" ten="30,3900,0" yaku="1,1,7,1,52,1,53,0" doraHai="76" doraHaiUra="68" who="3" fromWho="0" sc="336,-39,222,0,333,0,99,49" /><INIT seed="6,0,0,0,4,117" ten="297,222,333,148" oya="2" hai0="89,64,98,36,21,57,63,26,11,81,112,56,10" hai1="122,71,126,1,60,46,54,53,131,13,35,99,86" hai2="82,39,20,84,85,120,116,77,90,132,67,115,103" hai3="58,118,111,108,0,42,22,47,107,37,80,66,28"/><V24/><F39/><W128/><G118/><T41/><D112/><U40/><E1/><V12/><F116/><W101/><G128/><T78/><D41/><U97/><E122/><V25/><F120/><W55/><G0/><T130/><D36/><U83/><E35/><V134/><F115/><W73/><G66/><T33/><D33/><U4/><E126/><V34/><F67/><W68/><G68/><T106/><D130/><U48/><E71/><V88/><F103/><W6/><G6/><T95/><D57/><U23/><E23/><V43/><F43/><W72/><G72/><T50/><D50/><U2/><E2/><V114/><F114/><W69/><G69/><T121/><D106/><U75/><E75/><V93/><F34/><W65/><G65/><T5/><D5/><U123/><E123/><V31/><F12/><W109/><G107/><T19/><D121/><U61/><E53/><V62/><F25/><W79/><G101/><T52/><D64/><U9/><E131/><V3/><F62/><W91/><G91/><T44/><D44/><U125/><E125/><V30/><F3/><W51/><G22/><T102/><D102/><U135/><E135/><N who="2" m="51755" /><F90/><W74/><G73/><AGARI ba="0,0" hai="10,11,19,21,26,52,56,63,73,78,81,89,95,98" machi="73" ten="30,7700,0" yaku="7,1,25,2,54,1" doraHai="117" who="0" fromWho="3" sc="297,77,222,0,333,0,148,-77" /><INIT seed="7,0,0,3,1,57" ten="374,222,333,71" oya="3" hai0="74,2,24,18,5,38,54,75,94,9,134,61,100" hai1="129,50,128,77,52,60,46,115,21,127,66,19,56" hai2="67,63,33,36,28,20,114,48,3,116,45,112,12" hai3="106,122,111,7,85,108,16,23,113,62,121,131,22"/><W0/><G106/><T69/><D38/><U30/><E77/><V17/><F116/><W110/><G113/><T43/><D43/><U123/><E30/><V25/><F36/><W78/><G131/><N who="1" m="50250" /><E19/><V53/><REACH who="2" step="1"/><F3/><REACH who="2" ten="374,222,323,71" step="2"/><W70/><G23/><T98/><D134/><U64/><E21/><V95/><F95/><W132/><G132/><T6/><D94/><U15/><E115/><V107/><F107/><W93/><G93/><T133/><D2/><U92/><E92/><V118/><F118/><W109/><N who="3" m="28160" /><DORA hai="102" /><W87/><G78/><T81/><D133/><U124/><E15/><V14/><F14/><N who="3" m="9495" /><G7/><T90/><D5/><U68/><E123/><N who="3" m="47114" /><G0/><T80/><D6/><U1/><E1/><V117/><F117/><W41/><G41/><T10/><D98/><U37/><E37/><V125/><F125/><N who="1" m="48201" /><E68/><AGARI ba="0,1" hai="12,17,20,25,28,33,45,48,53,63,67,68,112,114" machi="68" ten="40,2600,0" yaku="1,1,52,1,53,0" doraHai="57,102" doraHaiUra="86,72" who="2" fromWho="1" sc="374,0,222,-26,323,36,71,0" owari="374,47.0,196,-20.0,359,16.0,71,-43.0" /></mjloggm>