<mjloggm ver="2.3"><GO type="97" lobby="0"/><UN n0="%6D%39%E3%81%A3%EF%BD%80%D0%94%C2%B4%EF%BC%89" n1="%E3%82%A6%E3%83%AB%E3%83%88%E3%83%A9%E7%AB%8B%E7%9B%B4" n2="%67%61%72%75%63%69%61" n3="%E9%AB%98%E6%9D%91%EF%BC%A0%E7%A2%BA%E5%A4%89" dan="15,14,14,14" rate="2031.87,1948.23,1964.26,1979.98" sx="M,M,M,M"/><TAIKYOKU oya="0"/><INIT seed="0,0,0,4,1,89" ten="250,250,250,250" oya="0" hai0="17,77,2,48,19,94,11,28,108,68,122,0,120" hai1="16,45,80,98,73,34,90,24,67,36,57,44,75" hai2="14,103,111,119,83,12,7,23,124,42,125,26,130" hai3="47,127,114,61,131,118,56,41,133,109,1,58,31"/><T40/><D68/><U25/><E36/><V13/><F111/><W46/><G1/><T104/><D104/><U99/><E34/><V102/><F119/><W55/><G31/><T134/><D77/><U59/><E67/><V105/><F130/><W27/><G27/><T29/><D134/><U117/><E80/><V126/><F42/><W43/><G118/><T64/><D64/><U69/><E117/><V37/><F37/><W38/><G109/><T93/><D108/><U96/><E90/><V135/><F135/><W76/><G76/><T85/><D85/><U74/><E69/><V32/><F32/><W33/><G33/><T121/><D40/><U70/><E70/><V123/><F123/><W10/><G10/><T49/><D122/><U113/><E16/><N who="2" m="12647" /><F105/><W50/><G133/><T107/><D107/><U62/><E113/><V53/><F7/><W66/><G114/><T30/><D30/><U51/><E25/><V100/><F83/><W106/><G106/><T132/><D132/><U60/><E24/><V87/><F87/><W88/><G88/><T79/><D79/><U95/><E51/><V52/><AGARI ba="0,0" hai="12,13,14,52,53,100,102,103,124,125,126" m="12647" machi="52" ten="40,8000,1" yaku="29,2,18,1,54,2" doraHai="89" who="2" fromWho="2" sc="250,-40,250,-20,250,80,250,-20" /><INIT seed="1,0,0,1,0,105" ten="210,230,330,230" oya="1" hai0="65,5,56,111,2,77,94,125,39,42,89,127,72" hai1="92,70,32,1,100,33,36,132,103,66,122,55,130" hai2="116,30,15,27,59,52,106,68,104,117,107,79,81" hai3="14,82,46,73,9,29,34,99,50,26,7,58,48"/><U10/><E55/><V113/><F68/><W119/><G119/><T128/><D65/><U69/><E92/><V21/><F15/><W25/><G25/><T90/><D56/><U109/><E100/><V41/><F41/><W83/><G73/><T78/><D78/><U110/><E103/><V12/><F12/><W134/><G134/><T86/><D90/><U74/><E122/><V131/><F131/><W124/><G124/><T75/><D77/><U44/><E74/><N who="0" m="28201" /><D128/><U4/><E132/><V108/><F113/><W120/><G120/><T114/><D114/><U67/><E130/><V37/><F37/><W47/><G58/><T6/><D2/><U49/><E66/><V51/><REACH who="2" step="1"/><F108/><REACH who="2" ten="210,230,320,230" step="2"/><N who="1" m="41577" /><E36/><V85/><AGARI ba="0,1" hai="21,27,30,51,52,59,79,81,85,104,106,107,116,117" machi="85" ten="30,7900,0" yaku="1,1,0,1,54,1,53,1" doraHai="105" doraHaiUra="45" who="2" fromWho="2" sc="210,-20,230,-39,320,89,230,-20" /><INIT seed="2,0,0,3,5,95" ten="190,191,409,210" oya="2" hai0="107,68,21,25,85,48,52,117,127,104,81,47,0" hai1="124,87,40,56,24,11,2,65,6,89,36,49,72" hai2="29,45,130,63,13,119,109,5,70,75,53,93,34" hai3="14,7,41,18,100,125,60,15,38,115,73,20,74"/><V39/><F75/><W42/><G125/><T116/><D68/><U67/><E124/><V122/><F119/><N who="0" m="45642" /><D0/><U58/><E72/><V31/><F122/><W96/><G115/><T84/><D127/><U91/><E36/><V111/><F130/><W112/><G112/><T80/><D80/><U4/><E2/><V43/><F34/><W33/><G33/><T105/><D81/><U106/><E106/><V32/><F32/><W50/><G38/><T114/><D114/><U46/><E24/><V82/><F82/><W129/><G129/><T123/><D123/><U57/><E11/><N who="2" m="4335" /><F93/><W1/><G1/><T35/><D35/><U110/><E110/><N who="2" m="41995" /><F53/><W12/><G73/><T8/><D8/><U17/><E6/><V9/><F9/><W19/><G7/><T113/><D113/><U102/><E4/><V99/><F99/><W54/><G74/><T26/><D26/><U27/><E27/><V92/><F92/><N who="3" m="58375" /><G15/><T77/><D77/><U83/><E83/><V61/><F61/><W66/><G60/><T64/><D64/><AGARI ba="0,0" hai="29,31,39,43,45,63,64,70" m="41995,4335" machi="64" ten="30,2900,0" yaku="14,1,10,1" doraHai="95" who="2" fromWho="0" sc="190,-29,191,0,409,29,210,0" /><INIT seed="2,1,0,1,2,20" ten="161,191,438,210" oya="2" hai0="90,86,117,134,97,57,62,60,37,133,44,45,61" hai1="124,127,46,109,112,36,126,3,80,0,64,111,33" hai2="2,5,98,32,17,120,100,77,39,31,70,88,135" hai3="123,26,67,79,55,114,16,116,83,72,38,93,15"/><V96/><F120/><W81/><G123/><T99/><D97/><U49/><E112/><V1/><F39/><W28/><G38/><T71/><D99/><U59/><E33/><V56/><F70/><W119/><G114/><T6/><D6/><U48/><E36/><V42/><F42/><W4/><G4/><T43/><D86/><U63/><E80/><V29/><F56/><W75/><G67/><N who="0" m="41463" /><D90/><U85/><E85/><V128/><F77/><W118/><G93/><T73/><D73/><U9/><E9/><V125/><F17/><W122/><G122/><T30/><D30/><U50/><REACH who="1" step="1"/><E46/><REACH who="1" ten="161,181,438,210" step="2"/><V74/><F74/><W94/><G83/><T92/><D117/><U40/><E40/><V47/><F47/><W103/><G75/><T54/><D45/><U76/><E76/><V53/><F32/><W51/><G81/><T18/><D18/><U23/><E23/><V129/><F100/><W35/><G79/><T110/><D110/><AGARI ba="1,1" hai="0,3,48,49,50,59,63,64,109,110,111,124,126,127" machi="110" ten="50,6400,0" yaku="1,1,14,1,18,1,53,0" doraHai="20" doraHaiUra="108" who="1" fromWho="0" sc="161,-67,181,77,438,0,210,0" /><INIT seed="3,0,0,3,4,24" ten="94,258,438,210" oya="3" hai0="17,84,133,22,71,96,59,113,97,42,26,6,57" hai1="114,10,102,116,53,90,45,4,135,87,19,35,72" hai2="112,69,125,78,107,63,15,28,82,95,75,47,55" hai3="101,100,32,2,43,79,103,117,8,86,88,44,3"/><W20/><G117/><T67/><D71/><U92/><E72/><V111/><F107/><W21/><G32/><T115/><D42/><U130/><E114/><V54/><F112/><W68/><G68/><T91/><D6/><U52/><E35/><V104/><F104/><W60/><G79/><T110/><D110/><U37/><E130/><V126/><F111/><W38/><G60/><T127/><D127/><N who="2" m="48650" /><F15/><W33/><G33/><T119/><D119/><U108/><E19/><V80/><F95/><W30/><G20/><T123/><D123/><U105/><E102/><V50/><F82/><W109/><G109/><T132/><D115/><U7/><E87/><V89/><F89/><W5/><G2/><T61/><D113/><U76/><E53/><N who="2" m="29919" /><F69/><W1/><G1/><T0/><D0/><U93/><E52/><V41/><F63/><W14/><G14/><T29/><D133/><U129/><E45/><V66/><F66/><W121/><G121/><T58/><D132/><U131/><E37/><V128/><F41/><W40/><G40/><T9/><D97/><U16/><E10/><V23/><F128/><W64/><G64/><T48/><D96/><U11/><E131/><V13/><F13/><W124/><G124/><T73/><D73/><U83/><E11/><V98/><F98/><W51/><G38/><T118/><D118/><U106/><E129/><V74/><F74/><W49/><G49/><T31/><D48/><U62/><E62/><V77/><F77/><W56/><G51/><T46/><D46/><U27/><E135/><V85/><F75/><W122/><G44/><RYUUKYOKU ba="0,0" sc="94,-10,258,-10,438,30,210,-10" hai2="23,28,54,55,78,80,85" owari="84,-42.0,248,5.0,468,57.0,200,-20.0" /></mjloggm>