<mjloggm ver="2.3"><GO type="97" lobby="0"/><UN n0="%6B%65%6E%30%30%30" n1="%E3%82%A6%E3%83%AB%E3%83%88%E3%83%A9%E7%AB%8B%E7%9B%B4" n2="%E3%80%93%E3%82%A2%E3%83%AB%E3%83%9F%E3%82%B0%E3%83%A9%E3%82%B9%E3%80%93" n3="%E3%82%A8%E3%83%AA%E3%83%BC%E3%82%BC%E3%83%BB%E3%83%AB%E3%82%BF%E3%82%B9" dan="15,14,15,14" rate="2002.16,1924.96,2020.59,1996.38" sx="M,M,M,F"/><TAIKYOKU oya="0"/><INIT seed="0,0,0,4,2,51" ten="250,250,250,250" oya="0" hai0="5,125,22,27,87,4,18,37,57,15,32,13,71" hai1="63,24,54,84,42,77,49,28,75,95,6,60,100" hai2="48,17,59,134,129,117,89,93,53,122,112,19,92" hai3="12,80,118,30,81,43,101,41,90,39,35,108,135"/><T123/><D71/><U16/><E75/><V98/><F112/><W86/><G118/><T23/><D123/><U67/><E6/><V126/><F122/><W120/><G120/><T26/><D37/><U33/><E42/><V119/><F126/><W66/><G108/><T88/><D125/><U107/><E107/><V34/><F34/><W78/><G135/><T76/><D76/><U130/><E130/><V68/><F68/><W94/><G101/><T114/><D114/><U70/><E63/><V25/><F134/><W106/><G106/><T31/><D57/><U79/><E16/><N who="2" m="6219" /><F129/><W14/><G80/><N who="0" m="49255" /><D32/><U3/><E3/><V20/><F117/><W58/><G41/><T45/><D45/><U102/><E79/><V105/><F105/><W52/><G66/><T103/><D103/><U131/><E131/><V104/><F104/><W10/><G39/><T82/><D82/><U113/><E113/><V0/><F0/><W97/><G43/><T109/><D109/><U50/><E77/><V61/><F119/><W11/><G30/><T111/><D111/><U132/><E132/><V9/><F9/><N who="3" m="3083" /><G35/><T74/><D74/><U72/><E72/><V83/><F61/><AGARI ba="0,0" hai="12,14,52,58,61,78,81,86,90,94,97" m="3083" machi="61" ten="30,3900,0" yaku="8,1,52,1,54,1" doraHai="51" who="3" fromWho="2" sc="250,0,250,0,250,-39,250,39" /><INIT seed="1,0,0,0,5,52" ten="250,250,211,289" oya="1" hai0="39,50,81,28,54,21,3,48,135,15,9,113,14" hai1="90,55,27,131,56,95,7,119,45,24,132,25,120" hai2="127,98,112,60,82,109,134,34,99,73,72,110,68" hai3="20,89,94,87,40,69,115,124,16,43,92,4,74"/><U41/><E120/><V85/><F34/><W83/><G74/><N who="2" m="28777" /><F68/><W63/><G115/><T33/><D113/><U76/><E119/><V26/><F26/><W2/><G124/><T8/><D39/><U70/><E70/><V125/><F60/><W58/><G69/><T46/><D33/><U12/><E76/><N who="2" m="46279" /><F112/><W10/><G92/><T42/><D135/><U47/><E132/><V97/><F134/><W91/><G91/><T59/><D3/><U57/><E131/><V86/><F86/><W30/><G94/><T129/><D129/><U111/><E56/><V11/><F11/><N who="0" m="4170" /><D81/><U6/><E41/><V93/><F93/><W122/><G30/><T29/><D29/><U80/><E80/><V105/><F105/><W84/><G84/><T66/><D66/><U18/><E7/><V114/><F114/><W49/><G49/><T61/><D48/><N who="1" m="30951" /><E6/><V133/><F133/><W75/><G122/><T22/><D22/><N who="1" m="11591" /><E111/><AGARI ba="0,0" hai="97,98,99,109,110,111,125,127" m="46279,28777" machi="111" ten="40,5200,0" yaku="14,1,34,2" doraHai="52" who="2" fromWho="1" sc="250,0,250,-52,211,52,289,0" /><INIT seed="2,0,0,0,2,30" ten="250,198,263,289" oya="2" hai0="23,59,93,62,41,64,131,82,54,74,124,122,31" hai1="53,6,119,50,57,21,52,34,10,112,44,45,109" hai2="14,7,114,86,27,120,13,37,29,49,127,84,2" hai3="38,123,95,128,117,9,46,104,32,115,83,70,133"/><V28/><F114/><W98/><RYUUKYOKU type="yao9" ba="0,0" sc="250,0,198,0,263,0,289,0" hai3="9,32,38,46,70,83,95,98,104,115,117,123,128,133" /><INIT seed="2,1,0,2,1,103" ten="250,198,263,289" oya="2" hai0="16,119,40,57,65,54,78,134,90,28,62,133,14" hai1="48,30,9,112,96,109,127,66,2,82,55,47,22" hai2="100,23,72,126,70,11,67,37,43,86,69,120,35" hai3="26,85,129,99,51,71,34,75,105,108,61,130,12"/><V18/><F72/><W123/><G123/><T87/><D119/><U0/><E112/><V121/><F35/><W88/><G75/><T7/><D40/><U63/><E127/><V41/><F126/><W93/><G108/><T42/><D42/><U50/><E109/><V10/><F100/><W17/><G51/><T49/><D78/><U13/><E50/><V116/><F116/><W91/><G34/><T3/><D3/><U132/><E132/><V25/><F120/><W89/><G26/><T117/><D117/><U124/><E124/><V5/><F121/><W19/><G19/><T56/><D7/><U29/><E2/><V38/><F43/><W60/><G105/><T6/><D6/><U1/><E1/><V46/><F38/><W4/><G4/><T44/><D28/><U92/><E82/><V77/><F67/><N who="3" m="41447" /><G61/><T27/><D27/><U24/><E0/><N who="2" m="295" /><F11/><N who="3" m="6303" /><G99/><T83/><REACH who="0" step="1"/><D57/><REACH who="0" ten="240,198,263,289" step="2"/><U68/><E30/><V79/><F77/><W95/><G130/><T74/><D74/><U53/><E53/><V98/><F70/><W115/><G129/><T31/><D31/><U76/><E76/><V102/><F69/><W45/><G115/><T36/><D36/><U8/><REACH who="1" step="1"/><E13/><REACH who="1" ten="240,188,263,289" step="2"/><N who="2" m="9679" /><F79/><W131/><G131/><T106/><D106/><U73/><E73/><V15/><F15/><W94/><G95/><T107/><D107/><U113/><E113/><V110/><F110/><W80/><G94/><T58/><D58/><U104/><E104/><N who="2" m="63575" /><F25/><W118/><G93/><T21/><AGARI ba="1,2" hai="14,16,21,44,49,54,56,62,65,83,87,90,133,134" machi="21" ten="30,4000,0" yaku="1,1,0,1,54,1,53,0" doraHai="103" doraHaiUra="135" who="0" fromWho="0" sc="240,63,188,-11,263,-21,289,-11" /><INIT seed="3,0,0,5,1,10" ten="303,177,242,278" oya="3" hai0="11,89,123,39,35,64,46,105,9,21,96,83,128" hai1="57,84,71,29,49,52,72,47,99,2,129,102,114" hai2="33,119,73,63,53,40,55,48,107,88,43,45,116" hai3="1,42,124,103,109,27,77,22,7,41,127,37,94"/><W79/><G7/><T67/><D35/><U12/><E72/><V30/><F73/><W75/><G1/><T58/><D123/><U82/><E2/><V120/><F107/><W133/><G133/><T20/><D128/><U6/><E71/><V104/><F104/><W87/><G109/><T24/><D21/><U18/><E129/><V106/><F106/><W8/><G8/><T118/><D118/><U74/><E74/><V31/><F120/><W108/><G108/><T81/><D105/><U61/><E114/><V112/><F112/><W126/><G75/><T56/><D39/><U76/><E29/><N who="2" m="10763" /><F33/><W25/><G37/><T98/><D46/><U93/><E6/><V26/><F26/><N who="3" m="9739" /><G22/><T134/><D134/><U23/><E47/><V3/><F3/><W115/><G115/><T101/><D101/><U70/><E70/><V38/><F119/><W85/><G103/><T66/><D11/><U135/><E135/><V90/><F38/><W110/><G110/><T17/><D9/><U131/><E131/><V117/><F116/><W19/><G19/><T65/><D65/><U69/><E69/><V100/><F100/><W78/><G94/><N who="0" m="56399" /><D98/><U86/><E86/><AGARI ba="0,0" hai="41,42,77,78,79,85,86,87,124,126,127" m="9739" machi="86" ten="40,7700,0" yaku="28,2,18,1" doraHai="10" who="3" fromWho="1" sc="303,0,177,-77,242,0,278,77" owari="303,10.0,100,-40.0,242,-16.0,355,46.0" /></mjloggm>