<mjloggm ver="2.3"><GO type="169" lobby="0"/><UN n0="%E3%82%A6%E3%83%AB%E3%83%88%E3%83%A9%E7%AB%8B%E7%9B%B4" n1="%74%61%6B%75%61%6B%61" n2="%E3%82%AA%E3%82%AB%E3%83%AB%E3%83%88%E4%B8%80%E8%89%B2" n3="%E5%9B%9B%E6%AE%B5" dan="17,17,16,17" rate="2190.13,2139.41,2059.80,2150.99" sx="M,M,M,M"/><TAIKYOKU oya="0"/><INIT seed="0,0,0,5,1,116" ten="250,250,250,250" oya="0" hai0="77,79,26,34,105,122,131,22,74,69,38,72,9" hai1="97,90,11,125,121,43,130,67,78,47,33,7,8" hai2="84,55,123,103,119,53,21,109,110,20,36,32,85" hai3="113,129,17,1,63,115,14,35,13,29,104,106,46"/><T76/><D34/><U124/><E130/><V23/><F32/><W98/><G1/><T99/><D69/><U108/><E108/><N who="2" m="41579" /><F36/><W135/><G46/><T71/><D71/><U83/><E33/><V100/><F119/><W80/><G80/><T81/><D38/><U89/><E67/><V59/><F123/><W56/><G135/><T93/><D9/><U5/><E124/><V96/><F100/><W120/><G13/><T86/><D22/><U40/><E125/><V111/><F111/><W75/><G75/><N who="0" m="28715" /><D26/><U28/><E28/><V134/><F53/><W94/><G129/><T42/><D42/><U57/><E43/><V52/><F55/><W27/><G120/><T10/><D10/><U64/><E11/><V48/><F134/><W16/><G115/><T117/><D131/><U62/><E121/><V58/><F58/><W6/><G6/><T50/><D50/><N who="1" m="26983" /><E8/><V70/><F70/><W30/><G30/><T87/><D122/><U39/><E39/><V82/><F82/><W128/><G113/><T2/><D2/><U132/><E132/><V31/><F31/><W60/><G128/><T4/><D4/><U66/><E66/><V25/><F25/><W95/><G17/><T127/><D127/><U37/><E37/><V101/><F101/><N who="3" m="62519" /><G106/><AGARI ba="0,0" hai="20,21,23,48,52,59,84,85,96,103,106" m="41579" machi="106" ten="30,2000,0" yaku="14,1,54,1" doraHai="116" who="2" fromWho="3" sc="250,0,250,0,250,20,250,-20" /><INIT seed="1,0,0,5,0,16" ten="250,250,270,230" oya="1" hai0="108,117,69,64,106,131,133,122,42,59,111,7,51" hai1="12,86,118,60,98,55,61,73,82,126,96,92,128" hai2="70,127,83,81,2,5,46,52,56,29,33,77,124" hai3="78,119,125,101,43,3,93,103,30,80,75,26,88"/><U45/><E118/><V94/><F70/><W74/><G119/><T97/><D7/><U116/><E116/><V11/><F46/><W58/><G3/><T112/><D97/><U36/><E73/><V53/><F94/><W62/><G75/><T63/><D106/><U4/><E126/><N who="2" m="48171" /><F53/><W87/><G43/><T25/><D25/><U9/><E128/><V35/><F29/><W27/><G125/><T68/><D117/><U104/><E104/><V57/><F57/><W48/><G48/><T90/><D90/><N who="1" m="51543" /><E36/><V22/><F22/><W109/><G109/><N who="0" m="42059" /><D131/><U10/><E10/><V47/><F47/><W130/><G130/><T6/><D122/><U79/><E79/><V0/><F0/><W8/><G8/><T20/><D20/><U91/><E98/><V37/><F37/><W135/><G135/><T100/><D100/><U34/><E34/><N who="2" m="12811" /><F77/><W40/><G40/><T44/><D69/><U72/><E72/><V134/><F134/><W121/><G121/><T1/><D133/><U28/><E28/><V123/><F123/><W21/><G27/><T99/><D99/><U65/><E65/><AGARI ba="0,0" hai="21,26,30,58,62,65,74,78,80,87,88,93,101,103" machi="65" ten="30,3900,0" yaku="7,1,52,1,54,1" doraHai="16" who="3" fromWho="1" sc="250,0,250,-39,270,0,230,39" /><INIT seed="2,0,0,5,0,48" ten="250,211,270,269" oya="2" hai0="121,43,39,111,125,21,38,29,20,132,36,44,72" hai1="27,90,58,19,77,41,109,99,116,80,35,51,53" hai2="3,107,45,133,96,1,122,73,86,24,118,91,101" hai3="83,63,56,74,131,76,68,12,47,10,30,103,75"/><V102/><F118/><W23/><G131/><T81/><D121/><U22/><E116/><V94/><F122/><W115/><G115/><T31/><D111/><U97/><E109/><V15/><F133/><W130/><G130/><T129/><D129/><U78/><E35/><V14/><F73/><W18/><G68/><T134/><D125/><U49/><E90/><V4/><F102/><W5/><G75/><T69/><D69/><U17/><E17/><V32/><F45/><W64/><G103/><T112/><D112/><U95/><E95/><V62/><F62/><W93/><G93/><T67/><D67/><U108/><E108/><V119/><F119/><W92/><G92/><T7/><D7/><U85/><REACH who="1" step="1"/><E78/><REACH who="1" ten="250,201,270,269" step="2"/><V33/><F33/><W114/><G114/><T26/><D132/><U59/><E59/><V55/><F32/><W40/><G30/><T42/><D134/><U124/><E124/><V60/><F91/><W34/><G34/><T117/><D117/><U37/><E37/><V98/><F94/><W84/><G18/><T25/><D44/><AGARI ba="0,1" hai="19,22,27,41,44,49,51,53,58,77,80,85,97,99" machi="44" ten="40,8000,1" yaku="1,1,8,1,52,1,53,2" doraHai="48" doraHaiUra="46" who="1" fromWho="0" sc="250,-80,201,90,270,0,269,0" /><INIT seed="3,0,0,4,0,91" ten="170,291,270,269" oya="3" hai0="49,53,123,69,112,60,17,117,124,121,33,55,95" hai1="132,122,29,48,73,58,67,64,24,50,9,97,114" hai2="15,102,96,109,7,10,71,52,37,16,19,54,13" hai3="22,107,82,59,45,87,11,88,100,41,118,86,20"/><W125/><G118/><T104/><D104/><U129/><E122/><V110/><F71/><W76/><G125/><T2/><D2/><U62/><E114/><V94/><F37/><W56/><G11/><T61/><D33/><U92/><E129/><V6/><F6/><W39/><G107/><T80/><D117/><U116/><E116/><V119/><F119/><W133/><G100/><T0/><D0/><U68/><E73/><V89/><F102/><W65/><G133/><T23/><D124/><U3/><E67/><V27/><F27/><W38/><G38/><T106/><D106/><U44/><E68/><V81/><F81/><W90/><G76/><T51/><D80/><U12/><E3/><V26/><F26/><W74/><G74/><T134/><D134/><U5/><E44/><V28/><F28/><W103/><G103/><T101/><D69/><U4/><E4/><V72/><F72/><W131/><G131/><T113/><D101/><N who="1" m="60583" /><E132/><V120/><F120/><W108/><G108/><N who="2" m="41577" /><F7/><W63/><REACH who="3" step="1"/><G59/><REACH who="3" ten="170,291,270,259" step="2"/><T127/><D123/><U36/><E36/><V128/><F128/><W18/><G18/><T8/><D121/><U42/><E58/><V25/><F25/><W32/><G32/><T99/><D17/><U40/><E24/><V35/><F35/><W47/><G47/><T46/><D127/><U78/><E78/><V70/><F70/><W115/><G115/><N who="0" m="44107" /><D8/><AGARI ba="0,1" hai="8,10,13,15,16,19,52,54,89,94,96" m="41577" machi="8" ten="30,7700,0" yaku="14,1,52,1,54,2" doraHai="91" who="2" fromWho="0" sc="170,-77,291,0,270,87,259,0" /><INIT seed="4,0,0,5,5,116" ten="93,291,357,259" oya="0" hai0="111,47,101,117,131,14,35,50,23,29,40,90,1" hai1="80,108,121,129,105,74,133,60,56,11,5,84,24" hai2="119,4,9,123,95,132,41,120,102,51,0,18,49" hai3="77,58,126,63,97,22,42,86,70,26,110,45,65"/><T113/><D117/><U31/><E108/><V25/><F119/><W68/><G110/><T34/><D111/><U88/><E129/><V135/><F102/><W30/><G126/><T10/><D113/><U87/><E105/><V98/><F98/><W12/><G12/><T67/><D131/><U83/><E74/><V39/><F39/><W38/><G77/><T127/><D127/><U89/><E133/><N who="2" m="51275" /><F95/><W27/><G86/><T82/><D101/><U114/><E121/><N who="2" m="46667" /><F41/><W112/><G112/><T124/><D124/><U92/><E92/><V59/><F59/><W8/><G97/><T118/><D118/><U125/><E114/><V78/><F78/><W71/><G71/><T55/><D40/><U93/><E93/><V106/><F106/><W52/><G70/><T109/><D109/><U2/><E125/><V53/><F53/><W37/><G37/><T13/><D82/><U15/><E2/><V32/><F18/><W104/><G104/><T7/><D90/><U44/><E44/><V100/><F100/><W94/><G94/><T128/><D128/><U46/><E46/><V107/><F107/><W75/><G52/><T64/><D64/><U122/><E122/><V33/><F25/><W76/><G27/><N who="0" m="16639" /><D67/><N who="1" m="39303" /><E24/><V43/><F49/><W57/><G76/><T61/><D61/><U134/><E134/><V19/><F19/><W54/><G54/><T69/><D69/><U16/><E16/><V6/><F6/><W28/><G68/><T62/><D62/><U66/><E66/><V91/><F91/><W103/><G63/><T130/><D130/><U115/><E115/><RYUUKYOKU ba="0,0" sc="93,10,291,10,357,10,259,-30" hai0="1,7,10,13,14,34,35,47,50,55" hai1="5,11,15,31,80,83,84,87,88,89" hai2="0,4,9,32,33,43,51" /><INIT seed="4,1,0,4,2,45" ten="103,301,367,229" oya="0" hai0="22,129,23,65,27,99,28,1,37,11,102,101,80" hai1="112,0,92,67,117,26,32,25,123,127,42,58,7" hai2="38,18,84,69,109,131,9,103,87,74,34,108,30" hai3="31,64,44,125,53,8,29,35,135,55,104,21,111"/><T96/><D37/><U40/><E123/><V17/><F74/><W94/><G111/><T81/><D129/><U79/><E117/><V95/><F38/><W12/><G104/><T41/><D41/><U122/><E122/><V3/><F69/><W118/><G35/><T19/><D65/><U60/><E127/><V132/><F131/><W56/><G118/><T130/><D130/><U126/><E126/><V93/><F34/><W47/><G135/><T120/><D120/><U66/><E66/><V105/><F105/><W16/><G125/><T71/><D71/><U61/><E60/><V85/><F30/><N who="3" m="11275" /><G21/><T70/><D70/><U97/><E79/><V20/><F132/><W90/><G64/><T133/><D133/><U100/><E112/><V106/><F106/><W63/><G55/><T88/><D11/><U10/><E32/><V62/><F62/><W107/><G107/><T77/><D1/><U98/><E40/><V57/><F3/><W82/><G82/><N who="0" m="31851" /><D77/><U114/><E114/><V121/><F121/><W124/><G124/><T76/><D76/><U110/><E42/><V2/><F2/><W115/><G115/><T48/><D48/><U78/><E78/><V51/><F9/><W36/><G36/><T89/><D99/><AGARI ba="1,0" hai="8,12,16,44,47,53,56,63,90,94,99" m="11275" machi="99" ten="30,2000,0" yaku="8,1,54,1" doraHai="45" who="3" fromWho="0" sc="103,-23,301,0,367,0,229,23" /><INIT seed="5,0,0,4,5,16" ten="80,301,367,252" oya="1" hai0="19,121,80,65,93,15,55,122,45,46,21,131,34" hai1="91,63,110,44,62,71,85,40,38,20,47,115,125" hai2="84,64,78,59,2,57,123,124,79,72,14,103,30" hai3="135,4,13,116,82,108,10,76,75,105,24,111,9"/><U109/><E115/><V27/><F2/><W56/><G105/><T96/><D34/><U120/><E120/><V12/><F72/><W32/><G135/><T132/><D132/><U18/><E125/><V95/><F123/><W29/><G116/><T61/><D131/><U28/><E28/><V74/><F74/><W31/><G31/><T6/><D122/><U77/><E77/><V127/><F103/><W53/><REACH who="3" step="1"/><G9/><REACH who="3" ten="80,301,367,242" step="2"/><T17/><D121/><U92/><E109/><V41/><F30/><W22/><G22/><T67/><D6/><U73/><E110/><V104/><F104/><W51/><AGARI ba="0,1" hai="4,10,13,24,29,32,51,53,56,75,76,82,108,111" machi="51" ten="20,5200,0" yaku="1,1,0,1,7,1,53,1" doraHai="16" doraHaiUra="48" who="3" fromWho="3" sc="80,-13,301,-26,367,-13,242,62" /><INIT seed="6,0,0,1,1,113" ten="67,275,354,304" oya="2" hai0="125,37,87,12,106,132,26,34,88,43,62,118,78" hai1="77,107,99,117,16,54,45,93,15,48,111,65,85" hai2="17,49,13,74,63,122,81,97,9,10,69,95,66" hai3="19,67,71,114,76,58,0,53,52,75,124,92,121"/><V127/><F122/><W24/><G121/><T86/><D43/><U135/><E111/><V128/><F128/><W4/><G71/><T96/><D37/><U110/><E110/><V109/><F109/><W29/><G19/><T8/><D26/><U38/><E135/><V100/><F127/><W56/><G124/><T84/><D12/><U11/><E38/><V115/><F115/><W1/><G114/><T39/><D8/><U3/><E107/><V25/><F25/><W120/><G67/><T41/><D62/><U68/><E117/><V119/><F119/><W101/><G120/><T82/><D41/><U59/><E3/><V33/><F33/><W44/><G44/><T57/><D57/><U32/><E32/><V18/><F49/><W55/><G76/><N who="0" m="46151" /><D34/><U126/><E126/><V116/><F116/><W22/><G75/><T27/><D27/><U64/><E68/><V20/><F18/><W80/><G80/><N who="0" m="47383" /><D39/><U98/><E77/><V134/><F9/><W70/><G70/><T47/><D47/><U5/><E5/><V105/><F10/><W21/><G21/><T90/><D125/><U28/><E28/><V131/><F69/><W30/><G30/><T2/><D2/><N who="3" m="1129" /><G4/><T40/><D40/><U61/><E65/><V14/><F66/><W94/><G58/><T36/><D36/><U108/><E108/><V60/><F17/><W6/><G56/><T104/><D118/><U83/><E83/><V123/><F123/><W72/><G6/><T129/><D132/><U102/><E102/><V51/><F134/><W89/><G101/><T31/><D129/><RYUUKYOKU ba="0,0" sc="67,-10,275,30,354,-10,304,-10" hai1="11,15,16,45,48,54,59,61,64,85,93,98,99" /><INIT seed="7,1,0,5,0,119" ten="57,305,344,294" oya="3" hai0="127,31,60,46,65,135,113,84,16,124,3,34,88" hai1="21,37,45,108,8,27,55,75,94,131,22,86,6" hai2="67,10,122,70,112,44,29,64,81,15,40,42,24" hai3="121,63,23,104,53,128,105,48,14,49,115,130,109"/><W35/><G35/><T58/><D31/><U102/><E108/><V74/><F112/><W125/><G115/><T19/><D34/><U39/><E75/><V11/><F122/><W0/><G0/><T111/><D3/><U26/><E131/><N who="3" m="50218" /><G109/><T90/><D113/><U30/><E55/><V83/><F70/><W66/><G125/><T126/><D111/><U61/><E61/><V80/><F74/><W9/><G23/><T93/><D135/><U57/><E57/><V77/><F77/><W100/><G121/><T51/><D126/><U52/><E52/><V73/><F73/><W132/><G132/><T33/><D33/><U97/><E86/><V118/><F118/><W134/><G134/><T107/><D107/><N who="3" m="41033" /><G100/><T5/><D5/><U117/><E45/><V36/><F42/><W98/><G98/><T38/><D38/><U133/><E133/><V103/><F103/><W1/><G1/><T17/><D124/><U82/><E82/><V13/><F11/><W87/><G87/><T12/><D127/><U41/><E41/><V50/><F36/><W25/><G25/><T59/><D90/><U92/><E92/><V62/><F62/><W95/><G95/><T20/><REACH who="0" step="1"/><D46/><REACH who="0" ten="47,305,344,294" step="2"/><U71/><E117/><V47/><F47/><W28/><G28/><T18/><D18/><N who="1" m="12599" /><E37/><V114/><F114/><W123/><G66/><N who="2" m="25129" /><F10/><W116/><G116/><T56/><D56/><U106/><E39/><V76/><F76/><W32/><G32/><T129/><D129/><U120/><E106/><V110/><F110/><W2/><G2/><T72/><D72/><U79/><E8/><RYUUKYOKU ba="1,1" sc="47,15,305,-15,344,15,294,-15" hai0="12,16,17,19,20,51,58,59,60,65,84,88,93" hai2="13,15,24,29,40,44,50,80,81,83" owari="62,-44.0,290,9.0,369,47.0,279,-12.0" /></mjloggm>