<mjloggm ver="2.3"><GO type="105" lobby="0"/><UN n0="%E5%91%A8%E9%98%B2%E5%A4%A9%E9%9F%B3" n1="%66%6B%73%70%31%31" n2="%E5%9B%A0%E5%B9%A1" n3="%E5%B0%B1%E6%B4%BB%E7%94%9F%40%E5%B7%9D%E6%9D%91%E8%BB%8D%E5%9B%A3" dan="15,13,14,15" rate="2039.19,1957.29,1921.43,2011.66" sx="M,M,M,M"/><TAIKYOKU oya="0"/><INIT seed="0,0,0,4,3,34" ten="250,250,250,250" oya="0" hai0="41,84,6,57,113,50,33,103,47,77,51,115,121" hai1="52,95,11,7,44,63,129,64,45,4,1,36,19" hai2="17,107,111,13,55,118,102,109,83,48,133,116,12" hai3="124,135,112,131,38,2,99,28,96,67,80,0,126"/><T69/><D121/><U68/><E7/><V21/><F133/><W37/><G112/><T71/><D103/><U73/><E129/><V128/><F128/><W74/><G131/><T108/><D33/><U61/><E73/><V86/><F13/><W101/><G135/><T130/><D130/><U93/><E19/><V30/><F30/><W20/><G67/><T62/><D77/><U60/><E36/><N who="3" m="13930" /><G20/><T18/><D18/><U46/><E68/><N who="0" m="26185" /><D84/><U27/><E64/><V9/><F102/><W25/><G25/><T54/><D6/><U134/><E27/><V85/><F107/><N who="3" m="63911" /><G28/><T98/><D98/><U106/><E106/><V119/><F21/><W53/><G99/><T40/><D108/><N who="2" m="41546" /><F83/><W10/><G53/><T58/><D41/><U66/><E66/><AGARI ba="0,0" hai="40,47,50,51,54,57,58,62,66,113,115" m="26185" machi="66" ten="30,2900,0" yaku="34,2" doraHai="34" who="0" fromWho="1" sc="250,29,250,-29,250,0,250,0" /><INIT seed="0,1,0,4,4,127" ten="279,221,250,250" oya="0" hai0="86,45,90,0,131,129,116,124,66,111,68,50,79" hai1="53,2,4,117,94,72,55,82,114,103,130,105,20" hai2="58,3,91,36,62,32,48,110,134,119,1,57,33" hai3="59,17,107,104,64,35,30,27,6,95,102,22,81"/><T74/><D74/><U78/><E53/><V85/><F36/><W133/><G133/><T15/><D0/><U69/><E55/><V47/><F134/><W29/><G6/><T34/><D34/><U18/><E20/><V108/><F119/><W118/><G118/><T88/><D116/><U97/><E18/><V73/><F73/><W125/><G125/><T19/><D124/><U128/><E69/><V11/><F33/><W96/><G81/><N who="0" m="47423" /><D66/><U37/><E37/><V46/><F32/><W71/><G71/><T52/><D68/><U31/><E117/><V12/><F3/><W63/><REACH who="3" step="1"/><G17/><REACH who="3" ten="279,221,250,240" step="2"/><T25/><D111/><U115/><E31/><V132/><F132/><W89/><G89/><T61/><D90/><U23/><E23/><V135/><F135/><W7/><G7/><T13/><D88/><U106/><E4/><V122/><F110/><W83/><G83/><T65/><D131/><N who="1" m="50219" /><E2/><V113/><F1/><W84/><G84/><T14/><D129/><U70/><E70/><V75/><F108/><W120/><G120/><T42/><D19/><U123/><E123/><V9/><F122/><W67/><G67/><T38/><D65/><U93/><E93/><V26/><F11/><W112/><G112/><AGARI ba="1,1" hai="72,78,82,94,97,103,105,106,112,114,115" m="50219" machi="112" ten="30,12000,2" yaku="11,1,19,1,34,2,52,3" doraHai="127" who="1" fromWho="3" sc="279,0,221,133,250,0,240,-123" /><INIT seed="1,0,0,3,2,2" ten="279,354,250,117" oya="1" hai0="15,5,101,115,80,116,99,14,84,12,96,67,28" hai1="119,77,87,104,110,79,81,132,10,126,13,43,7" hai2="85,64,74,37,118,34,93,70,35,32,26,6,108" hai3="56,124,45,11,0,40,33,51,53,89,76,29,8"/><U75/><E119/><V131/><F118/><W98/><G124/><T106/><D116/><U59/><E126/><V71/><F74/><W95/><G0/><T122/><D122/><U3/><E132/><V90/><F37/><W103/><G76/><T128/><D115/><U114/><E114/><V36/><F36/><W120/><G120/><T112/><D112/><U47/><E110/><V94/><F108/><W57/><G57/><T54/><D67/><U46/><E104/><V55/><F131/><W19/><G33/><T127/><D127/><U41/><E59/><V102/><F26/><W107/><G29/><T91/><D28/><U72/><E13/><V62/><F55/><W82/><G19/><T49/><D96/><U52/><E52/><V105/><F105/><W130/><G130/><T113/><D113/><U23/><E23/><V63/><F6/><W123/><G123/><T44/><REACH who="0" step="1"/><D128/><REACH who="0" ten="269,354,250,117" step="2"/><U1/><E3/><V22/><F64/><W129/><G129/><T27/><D27/><U88/><E1/><V78/><F34/><W109/><G109/><T68/><D68/><U135/><E135/><V9/><F35/><W86/><REACH who="3" step="1"/><G107/><REACH who="3" ten="269,354,250,107" step="2"/><T16/><D16/><U31/><E31/><V50/><F70/><W60/><AGARI ba="0,2" hai="8,11,40,45,51,53,56,60,82,86,89,95,98,103" machi="60" ten="20,8000,1" yaku="1,1,2,1,0,1,7,1,8,1,53,0" doraHai="2" doraHaiUra="24" who="3" fromWho="3" sc="269,-20,354,-40,250,-20,107,100" /><INIT seed="2,0,0,5,5,1" ten="249,314,230,207" oya="2" hai0="79,23,60,70,117,21,67,95,93,126,57,9,119" hai1="115,91,31,48,114,37,104,51,134,65,97,6,63" hai2="34,36,107,130,131,78,50,59,71,69,8,113,108" hai3="122,30,88,77,40,87,101,53,24,110,124,46,49"/><V75/><F34/><W74/><G122/><T22/><D79/><U29/><E37/><V12/><F36/><W82/><G124/><T90/><D126/><U109/><E6/><N who="2" m="3095" /><F113/><W4/><G110/><T25/><D70/><U89/><E104/><V35/><F35/><W96/><G4/><T111/><D111/><U10/><E10/><V3/><F3/><W92/><G40/><T80/><D80/><U83/><E83/><N who="2" m="45535" /><F107/><W127/><G127/><T28/><D9/><U128/><E109/><V132/><F108/><W98/><REACH who="3" step="1"/><G101/><REACH who="3" ten="249,314,230,197" step="2"/><T73/><D119/><U7/><E7/><V2/><F2/><W15/><G15/><T26/><D117/><U11/><E115/><V121/><F121/><W32/><AGARI ba="0,1" hai="24,30,32,46,49,53,74,77,82,87,88,92,96,98" machi="32" ten="20,5200,0" yaku="1,1,0,1,7,1,54,1,53,0" doraHai="1" doraHaiUra="66" who="3" fromWho="3" sc="249,-13,314,-13,230,-26,197,62" /><INIT seed="3,0,0,5,5,130" ten="236,301,204,259" oya="3" hai0="86,39,119,122,12,5,102,0,120,38,135,87,56" hai1="14,118,45,55,63,23,79,91,129,105,8,125,104" hai2="110,26,48,13,113,25,100,66,4,96,115,134,19" hai3="33,99,101,77,21,42,82,62,127,123,11,78,49"/><W97/><G33/><T121/><D119/><U73/><E129/><V131/><F131/><W43/><G123/><T40/><D102/><U32/><E118/><V20/><F110/><W37/><G127/><T16/><D5/><U106/><E32/><V3/><F66/><W15/><G37/><T57/><D0/><U81/><E23/><V95/><F3/><W71/><G78/><T90/><D87/><U92/><E125/><V109/><F109/><W58/><G21/><T52/><D57/><U103/><E63/><V83/><F26/><W36/><G36/><T9/><D40/><U46/><E55/><V59/><F83/><W28/><G28/><T72/><D72/><U27/><E27/><V47/><F59/><W132/><G132/><T75/><D135/><U24/><E24/><V76/><F76/><W108/><G108/><T1/><D1/><U111/><E111/><V116/><F134/><W18/><G71/><T6/><D6/><U94/><E46/><V65/><F65/><W64/><G49/><T133/><D75/><U17/><E45/><V7/><F116/><W67/><G67/><T31/><D31/><U70/><E70/><V69/><F69/><W85/><REACH who="3" step="1"/><G99/><REACH who="3" ten="236,301,204,249" step="2"/><T61/><REACH who="0" step="1"/><D133/><REACH who="0" ten="226,301,204,249" step="2"/><U80/><REACH who="1" step="1"/><E103/><REACH who="1" ten="226,291,204,249" step="2"/><V68/><F100/><W30/><G30/><T10/><D10/><U88/><E88/><V126/><F126/><W107/><AGARI ba="0,3" hai="11,15,18,42,43,58,62,64,77,82,85,97,101,107" machi="107" ten="20,3900,0" yaku="1,1,0,1,7,1,53,0" doraHai="130" doraHaiUra="34" who="3" fromWho="3" sc="226,-13,291,-13,204,-13,249,69" /><INIT seed="3,1,0,2,5,7" ten="213,278,191,318" oya="3" hai0="39,16,36,77,27,85,13,111,4,94,43,60,59" hai1="64,57,84,51,89,100,71,70,119,129,46,54,66" hai2="131,29,110,72,127,118,75,28,99,61,123,103,130" hai3="74,107,124,38,135,11,8,122,30,120,80,93,114"/><W67/><G107/><T40/><D39/><U25/><E100/><V18/><F118/><W101/><G114/><T56/><D36/><U125/><E25/><V12/><F61/><W0/><G38/><T115/><D115/><U91/><E91/><V10/><F110/><W55/><G0/><T2/><D2/><U58/><E89/><V53/><F53/><W104/><G104/><T83/><D111/><U69/><E84/><V24/><F127/><W62/><G124/><T81/><D94/><U97/><E97/><V116/><F123/><W92/><G135/><T14/><D27/><U17/><E17/><V35/><F28/><W9/><G30/><T42/><D4/><U132/><E125/><V65/><F65/><W26/><G26/><T44/><D44/><U22/><E22/><V49/><F49/><W95/><G55/><T33/><D33/><U19/><E19/><V52/><F52/><W105/><G74/><T87/><D60/><U34/><E34/><V90/><F90/><W37/><G37/><T108/><D108/><U96/><E96/><V134/><F134/><W106/><G80/><T31/><D31/><U73/><E73/><V48/><F48/><W98/><REACH who="3" step="1"/><G106/><REACH who="3" ten="213,278,191,308" step="2"/><T23/><REACH who="0" step="1"/><D14/><REACH who="0" ten="203,278,191,308" step="2"/><U82/><E119/><V102/><F116/><W112/><G112/><T1/><D1/><U45/><E132/><V41/><F12/><W20/><G20/><T21/><D21/><U113/><E113/><V15/><F35/><W128/><G128/><T50/><D50/><U86/><E129/><V6/><F131/><W133/><G133/><T88/><AGARI ba="1,2" hai="13,16,23,40,42,43,56,59,77,81,83,85,87,88" machi="88" ten="30,12000,2" yaku="1,1,5,1,0,1,8,1,54,2,53,0" doraHai="7" doraHaiUra="63" who="0" fromWho="0" sc="203,143,278,-31,191,-31,308,-61" /><INIT seed="4,0,0,4,2,2" ten="346,247,160,247" oya="0" hai0="5,1,54,7,48,46,31,126,62,8,38,73,108" hai1="43,17,69,3,33,11,102,133,37,55,51,92,49" hai2="10,82,50,26,80,93,57,27,100,65,78,71,59" hai3="64,45,66,29,63,14,123,44,39,112,103,132,28"/><T109/><D73/><U120/><E120/><V30/><F71/><W61/><G123/><T67/><D126/><U53/><E33/><V77/><F10/><W88/><G112/><T113/><D113/><U60/><E102/><V111/><F111/><N who="0" m="42570" /><D38/><U119/><E92/><V56/><F50/><W118/><G118/><T96/><D31/><N who="3" m="11849" /><G39/><T110/><D110/><U95/><E95/><V106/><F106/><W85/><G132/><T84/><D96/><U122/><E122/><V129/><F129/><W18/><G103/><T81/><D8/><U124/><E17/><V19/><F19/><W134/><G134/><T6/><D1/><U34/><E34/><V23/><F27/><W116/><G116/><T25/><D25/><U121/><E3/><V32/><F32/><W127/><G127/><T83/><D84/><U99/><E11/><V22/><F22/><N who="3" m="11607" /><G61/><T35/><D35/><U98/><E60/><V47/><F47/><N who="3" m="17995" /><G63/><T94/><D94/><AGARI ba="0,0" hai="64,66,85,88,94" m="17995,11607,11849" machi="94" ten="30,2000,0" yaku="8,1,54,1" doraHai="2" who="3" fromWho="0" sc="346,-20,247,0,160,0,247,20" /><INIT seed="5,0,0,4,1,76" ten="326,247,160,267" oya="1" hai0="43,26,47,50,110,114,40,105,97,59,23,129,48" hai1="74,41,24,128,89,83,79,87,132,118,52,62,70" hai2="106,113,25,80,69,8,9,99,29,20,121,134,7" hai3="90,130,10,81,31,42,4,96,116,82,55,32,3"/><U14/><E118/><V34/><F121/><W133/><G130/><T131/><D110/><U102/><E128/><V15/><F69/><W6/><G116/><T54/><D114/><U35/><E132/><V11/><F134/><W112/><G133/><T65/><D105/><U88/><E41/><V57/><F106/><W49/><G112/><T2/><D2/><U98/><E14/><V22/><F99/><W56/><G6/><T107/><D107/><U91/><E102/><V64/><F113/><W93/><REACH who="3" step="1"/><G42/><REACH who="3" ten="326,247,160,257" step="2"/><T104/><D43/><U78/><E98/><V75/><F7/><W86/><G86/><T16/><D97/><U95/><E78/><V120/><F120/><W100/><G100/><T17/><D131/><U122/><E122/><V72/><F72/><W58/><G58/><T94/><D129/><U37/><E37/><V21/><F75/><W71/><G71/><T51/><D104/><U18/><E70/><V27/><F57/><W1/><G1/><T38/><D59/><U85/><E74/><V46/><F46/><W45/><G45/><T13/><D47/><U19/><E35/><V127/><F34/><W53/><G53/><T115/><D54/><U101/><E101/><V67/><F67/><W84/><G84/><T39/><D65/><U108/><E24/><AGARI ba="0,1" hai="3,4,10,24,31,32,49,55,56,81,82,90,93,96" machi="24" ten="40,5200,0" yaku="1,1,52,2,53,0" doraHai="76" doraHaiUra="61" who="3" fromWho="1" sc="326,0,247,-52,160,0,257,62" /><INIT seed="6,0,0,3,2,67" ten="326,195,160,319" oya="2" hai0="91,107,14,50,58,57,98,115,134,78,96,109,55" hai1="105,51,111,116,59,61,63,80,64,95,81,1,72" hai2="106,40,24,22,119,126,47,87,86,127,99,38,15" hai3="35,114,110,49,124,25,108,76,26,53,90,30,17"/><V27/><F119/><W29/><G114/><T94/><D109/><U82/><E1/><V20/><F106/><W7/><G124/><N who="2" m="47657" /><F99/><W36/><G36/><T100/><D115/><U60/><E72/><V70/><F70/><W83/><G7/><T28/><D78/><U3/><E116/><V34/><F15/><W46/><G17/><T123/><D123/><U23/><E105/><V21/><F27/><W19/><G90/><T12/><D28/><AGARI ba="0,0" hai="20,21,22,24,28,34,38,40,47,86,87" m="47657" machi="28" ten="30,1500,0" yaku="18,1" doraHai="67" who="2" fromWho="0" sc="326,-15,195,0,160,15,319,0" /><INIT seed="6,1,0,1,0,34" ten="311,195,175,319" oya="2" hai0="90,63,122,68,2,120,21,83,7,3,110,50,125" hai1="73,93,14,20,109,132,40,19,105,77,103,85,64" hai2="79,4,55,62,12,52,53,59,56,39,16,44,82" hai3="126,22,30,114,89,100,81,43,119,86,117,134,32"/><V25/><F4/><W41/><G32/><T61/><D110/><U96/><E109/><V80/><F25/><W5/><G114/><T29/><D7/><U97/><E40/><V11/><F82/><W112/><G112/><T98/><D50/><U28/><E132/><V121/><F121/><W115/><G134/><T67/><D125/><U78/><E64/><V35/><F35/><W104/><G126/><T74/><D63/><U24/><E73/><V26/><F26/><W70/><G115/><T123/><D29/><U60/><E60/><V135/><F135/><W33/><G70/><T130/><D21/><U76/><E105/><V8/><F8/><W46/><G33/><T18/><D18/><U106/><E106/><V23/><F23/><W15/><G43/><T47/><D47/><U1/><E1/><V116/><F116/><W102/><G30/><T113/><D113/><U72/><E72/><V84/><REACH who="2" step="1"/><F62/><REACH who="2" ten="311,195,165,319" step="2"/><W36/><G22/><T31/><D61/><U133/><E133/><V94/><F94/><W92/><G104/><T69/><D83/><U65/><E28/><V10/><F10/><W0/><G0/><T75/><D31/><U9/><E24/><V71/><F71/><W57/><G5/><T118/><D69/><U66/><E9/><V95/><F95/><W17/><G117/><T124/><D68/><U107/><E107/><V127/><F127/><W131/><G119/><T13/><D124/><U128/><E93/><V99/><F99/><N who="3" m="59495" /><G131/><T108/><D130/><U6/><E128/><V54/><N who="2" m="13312" /><DORA hai="111" /><V58/><F58/><W38/><G57/><RYUUKYOKU ba="1,1" sc="311,-10,195,-10,165,30,319,-10" hai2="11,12,16,39,44,56,59,79,80,84" /><INIT seed="6,2,1,1,5,97" ten="301,185,195,309" oya="2" hai0="74,91,118,100,98,117,82,45,59,133,108,34,83" hai1="56,63,128,44,103,134,24,75,96,99,93,66,47" hai2="105,43,9,52,121,129,124,10,130,12,61,49,19" hai3="104,37,126,40,78,114,79,94,57,107,88,38,53"/><V5/><F121/><W110/><G110/><T33/><D108/><U60/><E75/><V76/><F105/><W80/><G126/><T111/><D111/><U87/><E128/><N who="2" m="49259" /><F124/><W89/><G114/><T35/><D45/><U0/><E0/><N who="2" m="167" /><F76/><W1/><G1/><T95/><D59/><U46/><E134/><V30/><F30/><W113/><G113/><T11/><D133/><U27/><E87/><V132/><F132/><W116/><G116/><N who="0" m="44651" /><D74/><U64/><REACH who="1" step="1"/><E96/><REACH who="1" ten="301,175,195,309" step="2"/><V131/><F131/><W109/><G109/><T135/><D135/><U28/><E28/><V112/><F112/><W25/><G78/><T73/><D73/><U4/><E4/><V77/><F77/><W122/><G122/><T16/><D91/><U123/><E123/><V41/><F61/><W2/><G89/><T20/><D11/><U115/><E115/><V13/><F13/><AGARI ba="2,2" hai="13,16,20,33,34,35,82,83,95,98,100" m="44651" machi="13" ten="40,5200,0" yaku="12,1,52,1,54,1" doraHai="97" who="0" fromWho="2" sc="301,78,175,0,195,-58,309,0" /><INIT seed="7,0,0,3,0,129" ten="379,175,137,309" oya="3" hai0="7,19,38,76,84,1,45,118,112,82,111,11,59" hai1="88,14,117,90,125,32,41,100,56,107,46,123,5" hai2="63,86,70,79,96,16,83,42,74,27,39,134,36" hai3="80,131,4,12,61,2,37,10,94,85,24,43,135"/><W26/><G131/><T15/><D118/><U48/><E117/><V87/><F96/><W105/><G105/><T113/><D111/><U106/><E123/><V67/><F134/><W99/><G37/><T68/><D68/><U49/><E125/><V51/><F51/><W65/><G43/><T122/><D122/><U13/><E32/><V116/><F116/><W57/><G2/><T119/><D119/><U28/><E41/><V110/><F110/><W54/><G135/><T34/><D34/><U101/><E28/><V60/><F60/><W66/><G26/><T31/><D31/><U132/><E132/><V95/><F42/><W20/><G85/><T23/><D59/><U126/><E126/><V114/><F114/><N who="0" m="44138" /><D45/><U133/><E133/><V93/><F93/><W92/><G80/><T53/><D53/><U22/><E22/><V91/><REACH who="2" step="1"/><F74/><REACH who="2" ten="379,175,127,309" step="2"/><W6/><G94/><T128/><D128/><U47/><REACH who="1" step="1"/><E56/><REACH who="1" ten="379,165,127,309" step="2"/><V127/><F127/><W108/><G108/><T21/><D38/><U104/><E104/><V120/><F120/><W29/><REACH who="3" step="1"/><G6/><AGARI ba="0,2" hai="5,6,13,14,46,47,48,49,88,90,100,101,106,107" machi="6" ten="25,6400,0" yaku="1,1,22,2,54,1,53,0" doraHai="129" doraHaiUra="64" who="1" fromWho="3" sc="379,0,165,84,127,0,309,-64" owari="379,47.0,249,5.0,127,-37.0,245,-15.0" /></mjloggm>