<mjloggm ver="2.3"><GO type="169" lobby="0"/><UN n0="%77%61%64%6F%70%72%6F" n1="%E3%82%A8%E3%82%B9%E3%83%86%E3%83%BC" n2="%E4%B8%8D%E8%81%B4%E7%89%8C%E3%83%AA%E3%83%BC%E3%83%81" n3="%E3%82%A6%E3%83%AB%E3%83%88%E3%83%A9%E7%AB%8B%E7%9B%B4" dan="17,17,16,17" rate="2135.15,2124.98,2079.83,2172.83" sx="M,F,M,M"/><TAIKYOKU oya="0"/><INIT seed="0,0,0,0,2,100" ten="250,250,250,250" oya="0" hai0="24,128,33,16,54,97,26,11,132,102,79,51,80" hai1="111,135,17,104,15,127,90,83,87,75,65,7,82" hai2="89,29,6,2,69,86,43,42,48,0,114,131,122" hai3="130,115,23,56,105,66,1,21,4,118,38,98,113"/><T101/><D132/><U35/><E135/><V99/><F69/><W47/><G118/><T85/><D128/><U64/><E35/><V59/><F122/><W40/><G130/><T123/><D123/><U31/><E31/><V34/><F131/><W27/><G23/><T120/><D120/><U9/><E111/><V106/><F6/><W13/><G1/><T133/><D133/><U63/><E127/><V95/><F42/><W94/><G13/><N who="0" m="7231" /><D33/><U116/><E116/><V53/><F114/><W71/><G4/><T28/><D97/><U14/><E65/><V57/><F43/><W124/><G71/><T110/><D110/><U10/><E75/><V61/><F106/><W76/><G105/><T37/><D37/><U93/><REACH who="1" step="1"/><E104/><REACH who="1" ten="250,240,250,250" step="2"/><V134/><F134/><W78/><G124/><T58/><D28/><U22/><E22/><V45/><F29/><N who="3" m="17647" /><G115/><T12/><D12/><U92/><E92/><V107/><F34/><W119/><G113/><T74/><D74/><U49/><E49/><V50/><F50/><W30/><G30/><T44/><D24/><U73/><E73/><V62/><F0/><W129/><G119/><T60/><D26/><U67/><E67/><AGARI ba="0,1" hai="44,51,54,58,60,67,79,80,85,101,102" m="7231" machi="67" ten="30,2900,0" yaku="8,1,54,1" doraHai="100" who="0" fromWho="1" sc="250,39,240,-29,250,0,250,0" /><INIT seed="0,1,0,1,3,66" ten="289,211,250,250" oya="0" hai0="105,85,6,79,78,29,86,35,104,74,118,129,120" hai1="125,71,8,48,81,98,26,38,62,124,40,76,57" hai2="90,131,63,11,36,34,25,58,91,23,106,44,14" hai3="69,88,101,121,110,72,122,77,117,112,50,3,22"/><T96/><D6/><U64/><E98/><V15/><F34/><W46/><G3/><T94/><D29/><U32/><E8/><V30/><F106/><N who="0" m="41066" /><D35/><U27/><E38/><V128/><F15/><W92/><G112/><T33/><D33/><U67/><E67/><V10/><F11/><W18/><G117/><T45/><D45/><N who="1" m="25639" /><E57/><V115/><F115/><W119/><G119/><T70/><D70/><U127/><E32/><V61/><F61/><W2/><G2/><T130/><D120/><U102/><E102/><V31/><F31/><W37/><G37/><T54/><D54/><U135/><E135/><V24/><F24/><W116/><G116/><T56/><D56/><U107/><E107/><V68/><F68/><W0/><G69/><T39/><D39/><U47/><E47/><V49/><F36/><W5/><G5/><T52/><D52/><U20/><E20/><V53/><F128/><N who="0" m="49258" /><D118/><U73/><AGARI ba="1,0" hai="26,27,62,64,71,73,76,81,124,125,127" m="25639" machi="73" ten="30,2000,0" yaku="18,1,52,1" doraHai="66" who="1" fromWho="1" sc="289,-11,211,23,250,-6,250,-6" /><INIT seed="1,0,0,5,4,117" ten="278,234,244,244" oya="1" hai0="56,21,25,7,112,58,95,70,32,79,69,128,122" hai1="94,91,135,34,104,61,68,15,66,48,65,99,89" hai2="80,123,129,108,5,59,87,102,1,103,62,30,88" hai3="29,9,45,120,97,78,98,55,110,27,75,83,35"/><U0/><E0/><V39/><F39/><W17/><G110/><T3/><D32/><U133/><E34/><V41/><F108/><W101/><G120/><T16/><D112/><U92/><E104/><V119/><F119/><W118/><G118/><T84/><D3/><U24/><E24/><V53/><F41/><W19/><G97/><T6/><D128/><U113/><E113/><V121/><F129/><W77/><G77/><T107/><D107/><U4/><E48/><V22/><F103/><W130/><G130/><T116/><D116/><U26/><E26/><V76/><F102/><W51/><REACH who="3" step="1"/><G9/><REACH who="3" ten="278,234,244,234" step="2"/><T47/><D122/><U74/><E74/><V85/><F30/><W2/><G2/><T72/><D79/><U105/><E105/><AGARI ba="0,1" hai="17,19,27,29,35,45,51,55,75,78,83,98,101,105" machi="105" ten="30,2000,0" yaku="1,1,7,1,53,0" doraHai="117" doraHaiUra="126" who="3" fromWho="1" sc="278,0,234,-20,244,0,234,30" /><INIT seed="2,0,0,1,2,110" ten="278,214,244,264" oya="2" hai0="21,43,103,73,96,19,18,123,98,104,51,99,57" hai1="77,9,16,131,97,82,94,11,86,39,83,4,71" hai2="130,126,44,26,55,80,107,53,38,7,1,118,112" hai3="42,108,128,79,75,8,134,40,78,135,111,117,124"/><V88/><F107/><W95/><G117/><T6/><D73/><U50/><E39/><V122/><F122/><W22/><G22/><T47/><D123/><U3/><E131/><V17/><F118/><W10/><G95/><T119/><D119/><U100/><E71/><V33/><F7/><W113/><G128/><T109/><D109/><U15/><E50/><V23/><F1/><W116/><G116/><T64/><D6/><U132/><REACH who="1" step="1"/><E83/><REACH who="1" ten="278,204,244,264" step="2"/><V129/><F80/><W81/><G81/><T87/><D104/><U32/><E32/><V85/><F33/><W58/><G111/><T13/><D103/><U90/><E90/><V31/><F38/><W63/><G108/><T27/><D87/><U52/><E52/><V45/><F129/><W20/><G75/><T14/><D64/><U41/><E41/><V133/><F130/><W34/><G42/><T25/><REACH who="0" step="1"/><D57/><REACH who="0" ten="268,204,244,264" step="2"/><U74/><E74/><V68/><F85/><W59/><G58/><T66/><D66/><U46/><E46/><V49/><F45/><W30/><G59/><T0/><D0/><U2/><E2/><V76/><F44/><W28/><G34/><T92/><D92/><U60/><E60/><V56/><F56/><W84/><G63/><T114/><D114/><U35/><E35/><V120/><F112/><W62/><G113/><T37/><D37/><U5/><E5/><V65/><F65/><W61/><G61/><T102/><D102/><U101/><E101/><V127/><F120/><W48/><G62/><T67/><D67/><U72/><E72/><V93/><F93/><W70/><G84/><RYUUKYOKU ba="0,2" sc="268,15,204,15,244,-15,264,-15" hai0="13,14,18,19,21,25,27,43,47,51,96,98,99" hai1="3,4,9,11,15,16,77,82,86,94,97,100,132" /><INIT seed="3,1,2,2,0,99" ten="283,219,229,249" oya="3" hai0="31,118,11,41,91,64,49,30,52,42,8,23,124" hai1="10,129,128,85,94,96,16,110,103,134,133,55,71" hai2="66,61,48,95,97,77,19,18,6,7,2,102,46" hai3="32,22,109,70,117,38,79,73,113,131,80,126,4"/><W35/><RYUUKYOKU type="yao9" ba="1,2" sc="283,0,219,0,229,0,249,0" hai3="4,22,32,35,38,70,73,79,80,109,113,117,126,131" /><INIT seed="3,2,2,0,2,44" ten="283,219,229,249" oya="3" hai0="78,128,74,120,32,15,57,1,113,125,86,115,124" hai1="67,62,19,116,114,45,90,30,39,69,16,56,96" hai2="129,71,94,24,27,87,31,8,135,37,63,118,121" hai3="36,33,88,70,20,6,81,89,28,85,117,60,108"/><W40/><G117/><T12/><D74/><U130/><E114/><N who="0" m="43529" /><D120/><U99/><E116/><V83/><F37/><W127/><G33/><T105/><D105/><U21/><E130/><V0/><F118/><W52/><G127/><T13/><D128/><U109/><E109/><V132/><F129/><W76/><G108/><T73/><D73/><U126/><E126/><V53/><F94/><W68/><G68/><T82/><D1/><U55/><E30/><V104/><F104/><W17/><G28/><T106/><D106/><U91/><E19/><V119/><F119/><W66/><G6/><T98/><D32/><U34/><E34/><V84/><F121/><W38/><G40/><T25/><D25/><N who="1" m="14503" /><E69/><V102/><F102/><W48/><G38/><T2/><D2/><U75/><E75/><V111/><F111/><W26/><REACH who="3" step="1"/><G36/><REACH who="3" ten="283,219,229,239" step="2"/><T18/><D18/><U133/><E39/><V95/><F31/><W101/><G101/><T43/><D43/><U47/><E133/><V80/><F71/><W22/><G22/><T65/><D125/><U3/><E3/><V9/><F0/><W123/><G123/><T7/><D7/><U122/><E122/><V107/><F135/><W50/><G50/><T10/><D124/><U77/><E62/><V5/><F63/><W46/><AGARI ba="2,3" hai="17,20,26,46,48,52,60,66,70,76,81,85,88,89" machi="46" ten="20,18000,2" yaku="1,1,0,1,7,1,52,1,54,2,53,0" doraHai="44" doraHaiUra="92" who="3" fromWho="3" sc="283,-62,219,-62,229,-62,239,216" /><INIT seed="3,3,0,2,4,102" ten="221,157,167,455" oya="3" hai0="45,104,34,2,54,19,120,132,53,6,18,79,22" hai1="78,51,21,1,121,25,14,50,99,38,128,126,70" hai2="107,44,91,110,116,131,61,72,13,98,77,125,75" hai3="97,31,41,24,33,135,74,63,8,114,11,43,112"/><W108/><G74/><T115/><D120/><U3/><E121/><V64/><F116/><W85/><G135/><T39/><D34/><U133/><E38/><V0/><F0/><W58/><G108/><T56/><D79/><U117/><E70/><V68/><F110/><W67/><G85/><T129/><D129/><U66/><E66/><V52/><F131/><W103/><G112/><T124/><D6/><U118/><E128/><V88/><F125/><W90/><G90/><T7/><D7/><U17/><E126/><V101/><F13/><W81/><G81/><T46/><D22/><U109/><E109/><V35/><F35/><W134/><G134/><T106/><D56/><U28/><E78/><V100/><F100/><W40/><REACH who="3" step="1"/><G114/><REACH who="3" ten="221,157,167,445" step="2"/><T76/><D132/><U23/><E133/><V119/><F119/><W55/><G55/><T122/><D115/><U5/><E118/><V123/><F123/><W47/><G47/><T10/><D122/><U20/><E117/><V37/><F75/><W36/><G36/><T84/><D84/><U93/><E1/><V69/><F72/><W59/><G59/><T83/><D83/><U94/><E3/><V16/><F52/><W30/><G30/><T9/><D76/><U62/><E28/><V96/><F77/><W105/><AGARI ba="3,1" hai="8,11,24,31,33,40,41,43,58,63,67,97,103,105" machi="105" ten="30,6000,0" yaku="1,1,0,1,52,1,53,0" doraHai="102" doraHaiUra="48" who="3" fromWho="3" sc="221,-23,157,-23,167,-23,445,79" /><INIT seed="3,4,0,0,1,114" ten="198,134,144,524" oya="3" hai0="89,83,10,25,62,11,132,72,21,105,77,120,103" hai1="88,43,44,47,15,56,131,101,26,55,28,75,95" hai2="109,33,110,76,100,9,3,24,116,61,94,2,68" hai3="1,41,18,119,127,40,51,46,125,53,19,113,134"/><W128/><G1/><T123/><D132/><U126/><E75/><V122/><F122/><W79/><G79/><T69/><D103/><U16/><E126/><N who="3" m="48138" /><G113/><T64/><D105/><U12/><E131/><V115/><F115/><W13/><G128/><T34/><D34/><U14/><E101/><V65/><F116/><W66/><G134/><T38/><D38/><U108/><E108/><N who="2" m="41579" /><F76/><W81/><G81/><T63/><D89/><U37/><E44/><V74/><F74/><W0/><G0/><T102/><D102/><U117/><E117/><V57/><F9/><N who="3" m="6447" /><G119/><T98/><D98/><U59/><E55/><V45/><F45/><W96/><G66/><T133/><D133/><U78/><E78/><V124/><F124/><W30/><G30/><T106/><D106/><U22/><REACH who="1" step="1"/><E28/><REACH who="1" ten="198,124,144,524" step="2"/><N who="2" m="19591" /><F100/><W52/><G53/><T99/><D123/><U112/><E112/><V107/><F107/><W4/><G52/><T5/><D120/><U118/><E118/><V87/><F68/><W23/><G41/><T32/><D69/><U92/><E92/><V6/><F6/><W90/><G4/><T93/><D5/><U54/><E54/><V49/><F94/><N who="3" m="56407" /><G19/><T82/><D77/><U85/><AGARI ba="4,1" hai="12,14,15,16,22,26,37,43,47,56,59,85,88,95" machi="85" ten="30,7900,0" yaku="1,1,0,1,54,2,53,0" doraHai="114" doraHaiUra="121" who="1" fromWho="1" sc="198,-24,124,101,144,-24,524,-43" /><INIT seed="4,0,0,5,2,62" ten="174,225,120,481" oya="0" hai0="114,2,127,132,33,52,23,59,111,65,42,86,135" hai1="100,29,31,27,19,75,36,78,1,11,81,7,88" hai2="96,118,80,54,106,49,46,24,108,16,8,97,22" hai3="123,110,45,116,122,58,18,50,98,14,15,0,28"/><T130/><D33/><U47/><E100/><V90/><F106/><W3/><G110/><T68/><D111/><U92/><E19/><V107/><F107/><W21/><G98/><T69/><D2/><U35/><E35/><V105/><F105/><W5/><G58/><T30/><D30/><U120/><E120/><N who="3" m="46122" /><G116/><T134/><D114/><U4/><E4/><V38/><F38/><W129/><G129/><T131/><D42/><N who="1" m="22983" /><E27/><V63/><F118/><W117/><G28/><T133/><D133/><U113/><E113/><V55/><F108/><W67/><G117/><T61/><D127/><U128/><E128/><N who="0" m="49193" /><D86/><AGARI ba="0,0" hai="1,7,11,29,31,75,78,81,86,88,92" m="22983" machi="86" ten="30,2000,0" yaku="25,1,54,1" doraHai="62" who="1" fromWho="0" sc="174,-20,225,20,120,0,481,0" /><INIT seed="5,0,0,3,0,48" ten="154,245,120,481" oya="1" hai0="110,116,66,22,85,89,20,53,1,115,114,86,121" hai1="32,100,95,30,108,21,120,107,42,13,79,135,118" hai2="111,29,0,106,39,93,98,51,69,8,57,60,94" hai3="125,92,16,45,47,34,91,46,35,128,133,109,71"/><U59/><E118/><V58/><F39/><W131/><G71/><T117/><D1/><U19/><E120/><V102/><F111/><W76/><G76/><T52/><D66/><U119/><E119/><N who="0" m="45641" /><D110/><U122/><E122/><V90/><F29/><W81/><G81/><N who="0" m="49327" /><D121/><U25/><E108/><V41/><F69/><W7/><G7/><T70/><D86/><U124/><E42/><V103/><F106/><W56/><G56/><T84/><D84/><U43/><E107/><V64/><F0/><W104/><G104/><T63/><D70/><U15/><E43/><V72/><F72/><W38/><G38/><T31/><D63/><U132/><E79/><V73/><F73/><W44/><G44/><T9/><D9/><U68/><E68/><V77/><F77/><W113/><G109/><T18/><D31/><U62/><E13/><V36/><F36/><W3/><G3/><T27/><D20/><U97/><REACH who="1" step="1"/><E124/><REACH who="1" ten="154,235,120,481" step="2"/><V99/><F41/><W127/><G127/><T87/><D87/><U11/><E11/><V33/><F8/><W5/><G125/><T129/><D129/><U134/><E134/><V105/><F105/><W61/><G133/><T12/><D12/><U37/><E37/><V26/><F98/><W101/><G131/><T14/><D14/><U28/><E28/><V67/><F99/><W126/><G128/><T65/><D115/><U78/><E78/><V6/><F6/><W24/><G5/><T49/><D114/><U40/><E40/><V112/><F112/><W88/><G113/><T23/><D27/><U82/><E82/><V50/><F26/><RYUUKYOKU ba="0,1" sc="154,-10,235,30,120,-10,481,-10" hai1="15,19,21,25,30,32,59,62,95,97,100,132,135" /><INIT seed="5,1,1,5,4,50" ten="144,265,110,471" oya="1" hai0="26,120,106,52,0,66,16,4,35,43,81,31,46" hai1="74,58,65,91,84,48,45,76,28,104,37,92,97" hai2="30,25,108,125,83,23,119,3,12,99,24,40,130" hai3="123,34,71,132,44,121,115,105,36,15,78,111,90"/><U21/><E37/><V10/><F40/><W47/><G90/><T62/><D106/><U109/><E109/><V94/><F3/><W96/><G15/><T101/><D101/><U86/><E74/><V113/><F108/><W59/><G96/><T9/><D120/><U93/><E104/><V60/><F119/><W2/><G59/><T135/><D135/><U129/><E129/><V17/><F130/><W54/><G47/><T53/><D81/><U88/><E76/><V70/><F125/><W85/><G85/><T39/><D16/><U128/><E128/><V124/><F124/><W112/><G44/><T100/><D100/><U114/><E114/><V6/><F113/><W79/><G79/><T80/><D80/><U19/><E28/><V131/><F131/><W56/><G78/><T1/><D0/><U102/><E102/><V18/><F83/><W117/><G105/><T63/><D63/><N who="1" m="38135" /><E92/><V29/><F70/><AGARI ba="1,1" hai="1,4,9,26,31,35,39,43,46,52,53,62,66,70" machi="70" ten="30,7700,0" yaku="7,1,52,2,54,1" doraHai="50" who="0" fromWho="2" sc="144,90,265,0,110,-80,471,0" /><INIT seed="6,0,0,5,3,70" ten="234,265,30,471" oya="2" hai0="132,67,54,97,120,79,94,32,10,29,107,88,77" hai1="51,105,13,104,119,99,87,66,22,135,100,103,101" hai2="3,65,85,84,43,41,98,31,122,113,37,48,52" hai3="47,91,90,9,121,83,49,68,96,0,111,4,63"/><V110/><F3/><W40/><G111/><T46/><D120/><U1/><E119/><V108/><F31/><W61/><G121/><T12/><D107/><U102/><E1/><V106/><F122/><W30/><G30/><T69/><D132/><U44/><E135/><V11/><F65/><W72/><G68/><T93/><D32/><U130/><E66/><V80/><F113/><W19/><G19/><T75/><D75/><U50/><E130/><V28/><F28/><W36/><G49/><N who="0" m="28983" /><D69/><U17/><E87/><V124/><F124/><W38/><G36/><T128/><D29/><U59/><E104/><V21/><F21/><W23/><G23/><T64/><D128/><U81/><E81/><V76/><F11/><W34/><G34/><T16/><D67/><U134/><E134/><V6/><F6/><W18/><G18/><T118/><D118/><U8/><E8/><V131/><F84/><W92/><G90/><N who="0" m="55479" /><D64/><U35/><E35/><V86/><F86/><AGARI ba="0,0" hai="10,12,16,77,79,86,88,94" m="55479,28983" machi="86" ten="30,3900,0" yaku="8,1,54,2" doraHai="70" who="0" fromWho="2" sc="234,39,265,0,30,-39,471,0" owari="273,7.0,265,-13.0,-9,-51.0,471,57.0" /></mjloggm>