<mjloggm ver="2.3"><GO type="41" lobby="0"/><UN n0="%E6%B9%96%E4%B8%8A%E3%81%AE%E9%A8%8E%E5%A3%AB" n1="%E3%81%A9%E3%82%93%E3%81%A9%E3%82%93%E3%81%8F%E3%82%93" n2="%E5%B0%B1%E6%B4%BB%E7%94%9F%40%E5%B7%9D%E6%9D%91%E8%BB%8D%E5%9B%A3" n3="%E3%81%84%E3%81%A8%E5%92%8C%E3%81%97" dan="17,13,15,14" rate="2104.61,1805.35,1994.25,1870.97" sx="M,M,M,M"/><TAIKYOKU oya="0"/><INIT seed="0,0,0,2,5,1" ten="250,250,250,250" oya="0" hai0="125,5,79,18,32,70,94,71,123,14,27,20,132" hai1="98,104,60,34,87,91,135,113,56,111,16,124,65" hai2="44,2,85,82,33,52,39,17,110,43,35,114,75" hai3="95,115,126,74,24,109,7,66,0,108,57,81,134"/><T105/><D123/><U131/><E34/><V117/><F114/><W120/><G115/><T36/><D105/><U78/><E113/><V10/><F117/><W61/><G120/><T48/><D36/><U58/><E131/><V112/><F110/><N who="3" m="42603" /><G134/><T63/><D132/><U55/><E135/><V84/><F112/><W53/><G126/><T121/><D121/><U41/><E111/><V11/><F75/><W6/><G0/><T128/><D128/><U4/><E124/><V101/><F101/><W90/><G24/><T129/><D125/><U80/><E41/><V76/><F85/><N who="3" m="52687" /><G66/><T9/><D79/><AGARI ba="0,0" hai="6,7,53,57,61,74,79,81" m="52687,42603" machi="79" ten="30,3900,0" yaku="14,1,52,2" doraHai="1" who="3" fromWho="0" sc="250,-39,250,0,250,0,250,39" /><INIT seed="1,0,0,0,2,75" ten="211,250,250,289" oya="1" hai0="14,96,30,116,8,23,127,104,55,27,35,64,72" hai1="76,29,48,74,42,82,73,131,7,102,85,90,113" hai2="21,111,88,47,15,20,50,65,44,105,59,51,63" hai3="97,32,52,2,80,60,87,69,0,16,114,9,33"/><U38/><E113/><V110/><F105/><W40/><G114/><T95/><D116/><U107/><E38/><V120/><F120/><W18/><G40/><T128/><D104/><U101/><E131/><V53/><F15/><W10/><G97/><T98/><D128/><U126/><E126/><V112/><F112/><W13/><G0/><T46/><D72/><U133/><E133/><V5/><F5/><W28/><G28/><T45/><D127/><U78/><E7/><V71/><F71/><W26/><G2/><T1/><D1/><U89/><E29/><V31/><F31/><W77/><G69/><T118/><D118/><U119/><E119/><V70/><F70/><W36/><G36/><T81/><D35/><U68/><E68/><V25/><F25/><W79/><G79/><T83/><D64/><U43/><E107/><V93/><F110/><W41/><G41/><T3/><D3/><U100/><E101/><V37/><F37/><W109/><G109/><T125/><D98/><U123/><E48/><V6/><F6/><W66/><G66/><T54/><D125/><U56/><E56/><V91/><F111/><W17/><G17/><N who="0" m="8391" /><D45/><U121/><E85/><N who="2" m="52367" /><F91/><W92/><G32/><T124/><D124/><U130/><E130/><V12/><F12/><W115/><G33/><T49/><D54/><AGARI ba="0,0" hai="20,21,44,47,50,51,53,54,59,63,65" m="52367" machi="54" ten="30,2000,0" yaku="8,1,54,1" doraHai="75" who="2" fromWho="0" sc="211,-20,250,0,250,20,289,0" /><INIT seed="2,0,0,0,3,88" ten="191,250,270,289" oya="2" hai0="12,114,83,9,29,78,135,60,90,104,81,47,134" hai1="94,38,6,119,64,8,95,85,19,77,33,115,113" hai2="20,109,82,34,5,14,44,22,128,127,98,0,73" hai3="72,79,97,40,130,111,25,49,132,31,32,53,13"/><V75/><F34/><W35/><G40/><T59/><D104/><U45/><E119/><V65/><F0/><W74/><G111/><T133/><D114/><U102/><E33/><V103/><F127/><W15/><G35/><T51/><D29/><U4/><E102/><V41/><F128/><W27/><G27/><T106/><D106/><U21/><E64/><V18/><F109/><W100/><G130/><T125/><D125/><U61/><E61/><V86/><F65/><W3/><G3/><T54/><D78/><U17/><E77/><V87/><F5/><W105/><G132/><T11/><D90/><U101/><E101/><V52/><F86/><W112/><G112/><T46/><D46/><U123/><E85/><V117/><F22/><W108/><G108/><T16/><REACH who="0" step="1"/><D11/><REACH who="0" ten="181,250,270,289" step="2"/><U110/><E45/><V121/><F117/><W122/><G74/><T124/><D124/><U68/><E110/><V96/><F121/><W70/><G122/><T26/><D26/><U43/><E8/><V99/><F103/><W10/><G79/><T57/><D57/><U131/><E123/><V50/><F75/><W63/><G72/><T66/><AGARI ba="0,1" hai="9,12,16,47,51,54,59,60,66,81,83,133,134,135" machi="66" ten="30,8000,1" yaku="1,1,0,1,20,1,54,1,53,1" doraHai="88" doraHaiUra="42" who="0" fromWho="0" sc="181,90,250,-20,270,-40,289,-20" /><INIT seed="3,0,0,0,1,103" ten="271,230,230,269" oya="3" hai0="57,8,13,111,15,107,104,91,97,132,55,127,67" hai1="52,5,72,10,80,21,9,105,119,27,58,95,83" hai2="99,69,23,14,98,34,26,19,76,116,131,81,128" hai3="20,129,30,126,134,114,109,3,123,53,42,50,86"/><W120/><G114/><T0/><D0/><U38/><E119/><V47/><F69/><W45/><G3/><T92/><D111/><U66/><E38/><V46/><F116/><W43/><G109/><T102/><D132/><U35/><E35/><V29/><F98/><W64/><G134/><T25/><D127/><U56/><E66/><V54/><F99/><W133/><G133/><T130/><D130/><N who="2" m="49706" /><F54/><W31/><G129/><T4/><D25/><U61/><E58/><V28/><F28/><N who="3" m="10795" /><G126/><T16/><D67/><U6/><E105/><V51/><F51/><W93/><G64/><T44/><D102/><U12/><E95/><V124/><F124/><W100/><G120/><T77/><D77/><U112/><E72/><AGARI ba="0,0" hai="14,19,23,26,29,34,46,47,72,76,81" m="49706" machi="72" ten="30,1000,0" yaku="19,1" doraHai="103" who="2" fromWho="1" sc="271,0,230,-10,230,10,269,0" /><INIT seed="4,0,0,3,3,64" ten="271,220,240,269" oya="0" hai0="13,34,15,77,47,115,58,135,50,105,78,109,37" hai1="133,33,0,53,14,85,52,31,7,70,43,29,132" hai2="12,104,107,106,95,65,112,130,28,80,73,56,113" hai3="119,102,83,22,11,8,72,128,20,127,122,121,129"/><T91/><D105/><U26/><E0/><V1/><F1/><W67/><G119/><T49/><D34/><U19/><E7/><V123/><F123/><N who="3" m="47115" /><G102/><T100/><D115/><N who="2" m="44106" /><F130/><N who="3" m="50283" /><G127/><T60/><D135/><N who="1" m="51787" /><E31/><V134/><F134/><W111/><G111/><T62/><D100/><U125/><E125/><V87/><F28/><W97/><G97/><T42/><D109/><U27/><E27/><V59/><F65/><W24/><G67/><T57/><D91/><U38/><E70/><V55/><F73/><W16/><G83/><T30/><D30/><U92/><E92/><V4/><F95/><W75/><G72/><T63/><D37/><U61/><E85/><V94/><F94/><W2/><G75/><T5/><D5/><U93/><E61/><V54/><F54/><W81/><G81/><T99/><D99/><U116/><E93/><V69/><F55/><W66/><G66/><T68/><D68/><U101/><E101/><V39/><F39/><W23/><G2/><T98/><D98/><U35/><E35/><V32/><F32/><W74/><G74/><T90/><D90/><U88/><E88/><N who="2" m="51303" /><F69/><W118/><G118/><T84/><D84/><U17/><E116/><V89/><F89/><W36/><G36/><T18/><D50/><U76/><E53/><V3/><F3/><W131/><G131/><T46/><D46/><N who="1" m="23927" /><E52/><V51/><F51/><W79/><G79/><N who="0" m="30219" /><D15/><U103/><E76/><V44/><F44/><W126/><G126/><T117/><D117/><U96/><E14/><V10/><AGARI ba="0,0" hai="4,10,12,56,59,104,106,107" m="51303,44106" machi="10" ten="40,2700,0" yaku="15,1,54,1" doraHai="64" who="2" fromWho="2" sc="271,-13,220,-7,240,27,269,-7" /><INIT seed="5,0,0,4,2,30" ten="258,213,267,262" oya="1" hai0="27,22,44,130,61,16,19,46,29,71,89,119,54" hai1="111,48,24,85,34,134,28,104,90,50,31,37,20" hai2="3,72,41,84,56,64,68,131,103,67,17,2,107" hai3="57,76,25,128,88,33,99,55,65,69,123,124,122"/><U81/><E37/><V127/><F72/><W129/><G69/><T98/><D119/><U13/><E104/><V94/><F68/><W58/><G65/><T45/><D130/><N who="3" m="50281" /><G124/><T95/><D71/><U101/><E101/><V6/><F107/><W113/><G113/><T52/><D54/><U39/><E39/><V105/><F105/><W26/><G76/><T8/><D8/><U93/><E134/><V96/><F127/><W118/><G118/><T106/><D106/><U108/><E13/><V42/><F131/><W51/><G57/><AGARI ba="0,0" hai="16,19,22,27,29,44,45,46,52,57,61,89,95,98" machi="57" ten="40,5200,0" yaku="8,1,54,2" doraHai="30" who="0" fromWho="3" sc="258,52,213,0,267,0,262,-52" /><INIT seed="6,0,0,3,5,36" ten="310,213,267,210" oya="2" hai0="83,46,25,109,29,21,86,128,94,69,20,81,27" hai1="113,93,55,16,56,92,51,37,99,107,48,122,91" hai2="79,87,49,7,82,28,39,11,88,78,66,18,127" hai3="42,133,118,8,19,26,41,121,60,112,90,108,95"/><V2/><F39/><W53/><G118/><T134/><D69/><U102/><E37/><V38/><F38/><W57/><G121/><T5/><D109/><U125/><E122/><V73/><F127/><W129/><G108/><T98/><D128/><U3/><E3/><V124/><F124/><W68/><G129/><T123/><D134/><U106/><E125/><V63/><F28/><W130/><G130/><T71/><D71/><U59/><E113/><V52/><F18/><W15/><G133/><T0/><D123/><U96/><E16/><V84/><F73/><W101/><G101/><T24/><D0/><U45/><E45/><V126/><F126/><W58/><G68/><T13/><D83/><U40/><E40/><N who="3" m="15466" /><G112/><T100/><D46/><U85/><E85/><V33/><F33/><W61/><G26/><T44/><D44/><U131/><E131/><V34/><F34/><W117/><G117/><T32/><D32/><U103/><E91/><V72/><F72/><W74/><G74/><T9/><D29/><U104/><E107/><V110/><F110/><W135/><G135/><T30/><D30/><U77/><E77/><AGARI ba="0,0" hai="5,9,13,20,21,24,25,27,77,81,86,94,98,100" machi="77" ten="40,1300,0" yaku="8,1" doraHai="36" who="0" fromWho="1" sc="310,13,213,-13,267,0,210,0" /><INIT seed="7,0,0,3,1,29" ten="323,200,267,210" oya="3" hai0="48,87,83,36,90,97,126,86,73,111,53,62,40" hai1="102,115,15,127,61,59,56,135,50,129,89,114,80" hai2="64,107,124,99,22,7,32,51,119,100,67,42,82" hai3="16,57,103,35,66,19,125,20,106,49,68,4,2"/><W96/><G35/><T39/><D111/><U37/><E37/><V117/><F124/><W79/><G125/><T133/><D73/><U44/><E127/><V11/><F82/><W60/><G79/><T77/><D133/><U101/><E135/><V93/><F107/><W38/><G38/><T85/><D126/><U74/><E129/><V121/><F121/><W13/><G19/><T23/><D39/><U1/><E1/><V34/><F67/><W132/><G132/><T128/><D128/><U63/><E15/><V45/><F64/><W71/><REACH who="3" step="1"/><G49/><REACH who="3" ten="323,200,267,200" step="2"/><T120/><D36/><U94/><E74/><V110/><F110/><W95/><G95/><N who="0" m="56567" /><D120/><U116/><E116/><V72/><F72/><W21/><G21/><T118/><D23/><U10/><E10/><AGARI ba="0,1" hai="2,4,10,13,16,20,57,60,66,68,71,96,103,106" machi="10" ten="40,3900,0" yaku="1,1,54,1,53,0" doraHai="29" doraHaiUra="25" who="3" fromWho="1" sc="323,0,200,-39,267,0,200,49" /><INIT seed="7,1,0,0,5,24" ten="323,161,267,249" oya="3" hai0="11,3,80,114,86,2,122,63,116,48,104,89,12" hai1="112,34,77,21,128,102,57,135,35,56,50,87,70" hai2="27,106,101,6,45,64,5,126,121,46,123,117,38" hai3="85,23,90,119,88,129,132,62,0,39,8,74,49"/><W110/><G39/><T100/><D122/><N who="2" m="46602" /><F117/><W97/><G119/><T43/><D116/><U73/><E70/><V61/><F126/><W60/><G74/><T9/><D114/><U31/><E73/><V44/><F27/><W115/><G115/><T13/><D104/><U98/><E112/><V93/><F38/><W53/><G129/><T95/><D63/><U79/><E128/><V4/><F106/><W7/><G132/><T75/><D75/><U83/><E135/><V30/><F30/><W108/><G23/><T99/><D3/><U103/><E77/><V58/><F93/><W54/><G97/><T17/><D2/><U20/><E98/><V72/><F72/><W133/><G133/><T1/><D1/><U107/><E107/><V37/><F37/><W66/><G108/><T51/><D43/><U131/><E131/><V96/><F96/><W71/><G110/><T124/><D124/><U127/><E127/><V18/><F18/><AGARI ba="1,0" hai="9,11,12,13,17,18,48,51,80,86,89,95,99,100" machi="18" ten="30,3900,0" yaku="7,1,9,1,8,1" doraHai="24" who="0" fromWho="2" sc="323,42,161,0,267,-42,249,0" owari="365,46.0,161,-34.0,225,-17.0,249,5.0" /></mjloggm>