<mjloggm ver="2.3"><GO type="97" lobby="0"/><UN n0="%E5%B0%B1%E6%B4%BB%E7%94%9F%40%E5%B7%9D%E6%9D%91%E8%BB%8D%E5%9B%A3" n1="%E3%81%97%E3%81%91%E3%81%84%E3%81%97%E3%82%85%E3%81%86" n2="%E3%81%9B%E3%81%A3%E3%81%A1" n3="%E3%83%86%E3%83%B3%E3%83%91%E3%82%A4%E5%B0%91%E5%B9%B4" dan="13,15,13,15" rate="1916.48,1993.68,1902.64,2040.21" sx="M,M,M,M"/><TAIKYOKU oya="0"/><INIT seed="0,0,0,5,1,52" ten="250,250,250,250" oya="0" hai0="72,42,45,38,133,119,57,73,8,124,96,70,110" hai1="27,101,2,63,48,100,91,90,58,32,79,40,128" hai2="92,34,18,122,54,41,44,23,131,29,65,59,17" hai3="6,39,89,4,62,47,10,104,120,13,97,84,115"/><T135/><D70/><U11/><E128/><V99/><F122/><W9/><G115/><T130/><D119/><U51/><E79/><V24/><F34/><W118/><G118/><T75/><D130/><U0/><E32/><V35/><F131/><W129/><G129/><T64/><D124/><U21/><E0/><V22/><F65/><W3/><G120/><T68/><D68/><U37/><E37/><V55/><F35/><W74/><G74/><T25/><D110/><U53/><E2/><V113/><F113/><W33/><G33/><T56/><D64/><N who="1" m="39031" /><E11/><V109/><F109/><W61/><G39/><T19/><D96/><U107/><E107/><V103/><F44/><W88/><G47/><T111/><D111/><U77/><E77/><V1/><F1/><W14/><G3/><T60/><D60/><U86/><E40/><V7/><F41/><W105/><G84/><T83/><D83/><N who="1" m="49503" /><E91/><V126/><F126/><W108/><G108/><T102/><D102/><N who="1" m="39531" /><E53/><V46/><F54/><W95/><G95/><T49/><D38/><U5/><E5/><V81/><F7/><W116/><G116/><T98/><D98/><AGARI ba="0,0" hai="4,6,9,10,13,14,61,62,88,89,97,98,104,105" machi="98" ten="25,3200,0" yaku="22,2,54,1" doraHai="52" who="3" fromWho="0" sc="250,-32,250,0,250,0,250,32" /><INIT seed="1,0,0,2,4,128" ten="218,250,250,282" oya="1" hai0="59,117,51,31,64,104,101,13,35,54,16,49,106" hai1="85,53,127,46,4,20,100,75,72,86,41,66,17" hai2="29,79,111,1,27,77,12,96,78,130,32,102,107" hai3="36,18,135,39,22,124,30,81,132,5,70,134,55"/><U110/><E127/><V3/><F130/><W10/><G70/><T2/><D117/><U87/><E66/><V42/><F111/><W113/><G124/><T94/><D2/><U122/><E122/><V91/><F42/><W63/><G30/><T26/><D64/><U60/><E110/><V37/><F37/><W84/><G63/><T119/><D119/><U115/><E115/><V83/><F12/><N who="3" m="9543" /><G55/><T114/><D114/><U24/><E4/><V33/><REACH who="2" step="1"/><F33/><REACH who="2" ten="218,250,240,282" step="2"/><W131/><G131/><T89/><D49/><U76/><E41/><V40/><F40/><W67/><G113/><T116/><D116/><U95/><E75/><V80/><F80/><W82/><G82/><T103/><D106/><U6/><E72/><V129/><F129/><W43/><G43/><T112/><D112/><U15/><E60/><V120/><F120/><W123/><G123/><T45/><D104/><U19/><E76/><V38/><F38/><W88/><G67/><T25/><D45/><U28/><E46/><V23/><F23/><W92/><G81/><T97/><D26/><U133/><E20/><AGARI ba="0,1" hai="13,16,20,25,31,35,51,54,59,89,94,97,101,103" machi="20" ten="30,2000,0" yaku="7,1,54,1" doraHai="128" who="0" fromWho="1" sc="218,30,250,-20,240,0,282,0" /><INIT seed="2,0,0,4,0,108" ten="248,230,240,282" oya="2" hai0="15,122,50,64,63,133,55,110,98,93,128,106,25" hai1="100,10,111,14,27,66,44,57,1,41,86,22,126" hai2="84,42,3,70,80,115,112,132,12,99,51,87,32" hai3="83,116,9,119,11,121,102,24,74,82,88,105,20"/><V104/><F3/><W125/><G121/><T60/><D122/><U124/><E111/><V17/><F70/><W31/><G125/><N who="1" m="48234" /><E1/><V38/><F38/><W26/><G74/><T35/><D106/><U97/><E86/><V73/><F32/><W30/><G105/><T19/><D128/><U56/><E66/><V103/><F132/><W5/><G102/><T72/><D72/><U36/><E22/><V2/><F2/><W129/><G20/><T85/><D133/><U130/><E27/><V0/><F0/><W71/><G71/><T127/><D110/><U135/><E130/><V114/><F73/><W123/><G123/><T96/><D127/><U23/><E23/><V68/><F68/><W91/><REACH who="3" step="1"/><G5/><REACH who="3" ten="248,230,240,272" step="2"/><T37/><D35/><U34/><E34/><V16/><F12/><W67/><G67/><T21/><D64/><U69/><E69/><V65/><F65/><W77/><G77/><T75/><D75/><U40/><E135/><V6/><F6/><W33/><G33/><T49/><D15/><U53/><E14/><V94/><F104/><W48/><G48/><T13/><D50/><N who="1" m="28871" /><E36/><V79/><REACH who="2" step="1"/><F87/><REACH who="2" ten="248,230,230,272" step="2"/><W58/><G58/><T28/><D85/><U61/><E57/><V109/><F109/><W52/><G52/><T47/><D37/><U89/><E56/><V8/><F8/><W101/><G101/><T81/><D13/><U113/><E10/><V18/><F18/><W46/><G46/><AGARI ba="0,2" hai="16,17,42,46,51,79,80,84,94,99,103,112,114,115" machi="46" ten="40,18000,2" yaku="1,1,52,3,54,1,53,1" doraHai="108" doraHaiUra="78" who="2" fromWho="3" sc="248,0,230,0,230,200,272,-180" /><INIT seed="2,1,0,0,5,125" ten="248,230,430,92" oya="2" hai0="30,74,16,118,11,94,71,103,63,24,66,108,31" hai1="99,37,127,55,87,32,7,81,133,109,126,26,76" hai2="53,29,40,6,62,69,60,8,130,23,49,102,107" hai3="91,105,57,21,121,36,2,52,115,78,117,80,96"/><V19/><F130/><W50/><G121/><T10/><D74/><U13/><E37/><V86/><F29/><W27/><G117/><T20/><D118/><U59/><E109/><V95/><F107/><W132/><G132/><T110/><D103/><U44/><E133/><V18/><F69/><W120/><G120/><T28/><REACH who="0" step="1"/><D94/><REACH who="0" ten="238,230,430,92" step="2"/><U122/><E122/><V73/><F73/><W75/><G115/><T93/><D93/><U129/><E129/><V113/><F102/><W67/><G105/><T45/><D45/><U56/><E44/><V25/><F113/><W114/><G114/><T48/><D48/><U83/><E126/><V119/><F119/><W104/><G36/><T123/><D123/><U79/><E127/><V64/><F95/><W106/><G96/><T89/><D89/><U134/><E99/><V5/><F49/><W41/><G91/><T61/><D61/><U14/><E134/><V111/><F62/><W46/><G67/><T33/><D33/><U124/><E124/><V128/><F60/><W0/><G106/><T131/><D131/><U35/><E35/><V135/><F64/><W116/><G104/><T88/><D88/><U51/><E32/><V1/><F128/><W47/><G116/><T17/><D17/><U9/><E51/><V77/><F19/><N who="3" m="12735" /><G47/><T100/><D100/><U38/><E38/><V90/><F18/><W92/><G92/><T68/><D68/><U65/><E65/><V70/><F70/><W43/><G46/><T3/><D3/><U39/><E39/><V54/><F1/><N who="3" m="619" /><G50/><T22/><D22/><U101/><E101/><RYUUKYOKU ba="1,1" sc="238,15,230,-15,430,-15,92,15" hai0="10,11,16,20,24,28,30,31,63,66,71,108,110" hai3="41,43,52,57,75,78,80" /><INIT seed="3,2,1,3,3,25" ten="253,215,415,107" oya="3" hai0="55,98,70,106,63,74,7,4,56,60,37,79,92" hai1="85,8,41,87,117,26,29,46,131,18,23,62,113" hai2="30,91,99,76,122,120,21,114,61,133,126,97,54" hai3="132,12,2,71,83,101,66,3,134,104,100,6,67"/><W39/><G39/><T124/><D106/><U45/><E113/><V49/><F114/><W69/><G83/><T121/><D37/><U75/><E75/><V50/><F126/><W9/><G12/><T53/><D121/><N who="2" m="46698" /><F133/><N who="3" m="51307" /><G104/><T20/><D124/><U47/><E131/><V73/><F73/><W78/><G78/><T57/><D70/><N who="3" m="26633" /><G2/><T34/><D34/><U27/><E117/><V17/><F76/><W90/><G90/><T16/><D79/><U102/><E102/><AGARI ba="2,1" hai="3,6,9,66,67,100,101,102" m="26633,51307" machi="102" ten="30,1500,0" yaku="20,1" doraHai="25" who="3" fromWho="1" sc="253,0,215,-21,415,0,107,31" /><INIT seed="3,3,0,3,0,46" ten="253,194,415,138" oya="3" hai0="37,135,40,47,81,61,131,134,130,62,126,99,4" hai1="73,18,45,28,108,119,97,24,2,65,50,98,76" hai2="52,74,127,58,90,22,120,64,105,53,36,63,69" hai3="109,87,70,113,55,78,43,12,117,77,17,21,71"/><W103/><G117/><T86/><D4/><U38/><E108/><V118/><F74/><W93/><G113/><T25/><D25/><U116/><E38/><V32/><F32/><W100/><G109/><T15/><D15/><U85/><E73/><V19/><F36/><W72/><G72/><T41/><D41/><N who="1" m="24879" /><E2/><V83/><F118/><N who="1" m="45097" /><E18/><V35/><F105/><W33/><G33/><T54/><D99/><U82/><E65/><V125/><F120/><W124/><G124/><N who="2" m="47689" /><F69/><W102/><G43/><T57/><D126/><U79/><E79/><N who="3" m="30218" /><G71/><T94/><D94/><U14/><E14/><N who="2" m="9591" /><F35/><AGARI ba="3,0" hai="24,28,35,76,82,85,97,98" m="45097,24879" machi="35" ten="30,2000,0" yaku="12,1,52,1" doraHai="46" who="1" fromWho="2" sc="253,0,194,29,415,-29,138,0" owari="253,5.0,223,-18.0,386,49.0,138,-36.0" /></mjloggm>