<mjloggm ver="2.3"><GO type="41" lobby="0"/><UN n0="%73%69%72%6F%2D%74%6F" n1="%42%65%53%68%61%72%70" n2="%E5%B0%B1%E6%B4%BB%E7%94%9F%40%E5%B7%9D%E6%9D%91%E8%BB%8D%E5%9B%A3" n3="%4D%E5%B8%9D%E2%85%A2" dan="13,15,15,15" rate="1895.31,1987.64,2025.86,1998.75" sx="M,F,M,M"/><TAIKYOKU oya="0"/><INIT seed="0,0,0,0,1,24" ten="250,250,250,250" oya="0" hai0="64,4,130,76,132,106,20,118,48,125,36,70,82" hai1="80,75,8,100,68,78,129,104,31,23,3,115,38" hai2="135,40,39,107,43,85,13,89,71,16,91,67,53" hai3="111,54,15,109,37,86,121,108,29,133,97,34,47"/><T45/><D118/><U122/><E122/><V42/><F135/><W117/><G97/><T27/><D132/><U41/><E129/><V10/><F107/><W79/><G133/><T114/><D130/><U134/><E134/><V32/><F32/><W102/><G102/><T44/><D125/><U46/><E115/><V110/><F110/><W96/><G96/><T87/><D114/><U131/><E100/><V66/><F71/><W6/><G117/><T99/><D36/><U65/><E104/><V50/><F39/><W92/><G121/><T72/><D4/><U81/><E80/><V61/><F61/><W88/><G79/><T17/><D106/><U18/><E131/><V2/><F2/><W69/><G69/><T58/><D99/><U101/><E101/><V57/><REACH who="2" step="1"/><F91/><REACH who="2" ten="250,250,240,250" step="2"/><W0/><G0/><T94/><D70/><U51/><E3/><V98/><F98/><W19/><G37/><T56/><D64/><U112/><E65/><V59/><F59/><W128/><G128/><T74/><D45/><U123/><E68/><V103/><F103/><W26/><G47/><T12/><D58/><U22/><E112/><V14/><F14/><W113/><G113/><T93/><D56/><U62/><E62/><V63/><F63/><W21/><G54/><T35/><D35/><U120/><E123/><V119/><F119/><W77/><G6/><T5/><D5/><U55/><E38/><V73/><F73/><W90/><G90/><T60/><D60/><U116/><E120/><V30/><F30/><W126/><G126/><T124/><D124/><U28/><E116/><RYUUKYOKU ba="0,1" sc="250,-15,250,-15,240,15,250,15" hai2="10,13,16,40,42,43,50,53,57,66,67,85,89" hai3="15,19,21,26,29,34,77,86,88,92,108,109,111" /><INIT seed="1,1,1,3,2,84" ten="235,235,255,265" oya="1" hai0="89,81,61,33,104,19,5,26,6,98,129,15,69" hai1="118,22,133,108,56,113,58,49,64,14,30,67,75" hai2="3,11,46,51,42,50,125,53,132,40,38,35,4" hai3="130,24,57,73,72,97,101,78,63,36,44,86,41"/><U55/><E113/><V127/><F35/><W85/><G73/><T114/><D114/><U9/><E118/><V115/><F115/><W48/><G72/><T45/><D129/><U77/><E75/><V123/><F123/><W34/><G36/><T112/><D112/><U37/><E77/><V128/><F128/><W134/><G130/><T79/><D45/><U21/><E37/><V47/><F132/><W0/><G0/><T16/><D104/><U74/><E74/><V88/><F53/><W62/><G63/><T87/><D98/><U83/><E83/><V68/><F68/><W90/><G78/><T99/><D33/><U107/><E107/><V120/><F120/><W66/><G134/><T119/><D119/><U117/><E117/><V17/><F17/><W28/><REACH who="3" step="1"/><G90/><REACH who="3" ten="235,235,255,255" step="2"/><T12/><D61/><N who="1" m="37927" /><E133/><V110/><F38/><W27/><G27/><T59/><D26/><U109/><E67/><V70/><F70/><W92/><AGARI ba="1,2" hai="24,28,34,41,44,48,57,62,66,85,86,92,97,101" machi="92" ten="20,5200,0" yaku="1,1,0,1,7,1,53,1" doraHai="84" doraHaiUra="94" who="3" fromWho="3" sc="235,-14,235,-27,255,-14,255,75" /><INIT seed="2,0,0,1,3,98" ten="221,208,241,330" oya="2" hai0="57,40,120,118,58,49,91,135,97,46,106,128,67" hai1="93,16,3,59,11,85,80,41,73,66,119,101,84" hai2="27,36,28,126,94,22,8,133,31,30,132,108,112" hai3="77,113,2,81,104,90,39,125,14,70,65,116,20"/><V83/><F36/><W100/><G39/><T69/><D91/><N who="1" m="53479" /><E3/><V17/><F83/><W12/><G2/><T102/><D120/><U68/><E68/><V33/><F94/><W53/><G70/><T103/><D135/><N who="2" m="51786" /><F112/><W127/><G65/><T0/><D0/><U95/><E73/><V6/><F126/><W88/><G113/><T62/><D128/><U37/><E37/><V9/><F108/><W105/><G104/><T61/><D118/><U111/><E111/><V87/><F87/><W134/><G134/><T26/><D62/><N who="1" m="38239" /><E119/><V52/><F52/><W38/><G38/><T130/><D130/><U121/><E41/><V74/><F74/><W55/><G116/><T25/><D25/><U82/><E121/><V109/><F109/><W5/><G55/><T115/><D115/><U63/><E85/><V60/><F60/><W44/><G53/><T117/><D117/><U43/><E63/><V79/><F79/><W47/><G77/><T71/><D71/><U29/><E43/><V7/><F33/><W15/><G105/><T99/><D26/><U24/><E24/><V114/><F114/><W19/><G127/><T64/><D67/><U107/><E107/><AGARI ba="0,0" hai="40,46,49,57,58,61,64,69,97,99,102,103,106,107" machi="107" ten="30,7700,0" yaku="7,1,9,1,52,2" doraHai="98" who="0" fromWho="1" sc="221,77,208,-77,241,0,330,0" /><INIT seed="3,0,0,2,1,36" ten="298,131,241,330" oya="3" hai0="105,128,102,96,127,107,17,116,45,37,10,91,77" hai1="13,112,5,113,59,50,72,84,44,25,75,55,63" hai2="111,70,86,87,34,135,32,61,101,2,83,73,115" hai3="90,119,62,65,74,126,31,26,129,8,57,9,49"/><W122/><G74/><T24/><D116/><U80/><E113/><V89/><F2/><W20/><G119/><T110/><D110/><U98/><E112/><V82/><F111/><W15/><G122/><T52/><D128/><U106/><E25/><V95/><F115/><W48/><G129/><T68/><D68/><U60/><E60/><V100/><F135/><W14/><G126/><T16/><D77/><U67/><E98/><V71/><F73/><W40/><G90/><T103/><D91/><U0/><E0/><V104/><F104/><W3/><G3/><T88/><D127/><U1/><E1/><V11/><F11/><W18/><REACH who="3" step="1"/><G40/><REACH who="3" ten="298,131,241,320" step="2"/><T134/><D134/><U69/><E69/><V79/><F70/><W81/><G81/><T125/><D125/><U46/><E75/><V35/><F71/><W108/><G108/><T93/><D107/><U118/><E72/><V58/><REACH who="2" step="1"/><F83/><REACH who="2" ten="298,131,231,320" step="2"/><W56/><G56/><T121/><D105/><U27/><E106/><V7/><F7/><AGARI ba="0,2" hai="7,8,9,14,15,18,20,26,31,48,49,57,62,65" machi="7" ten="30,11600,0" yaku="1,1,7,1,8,1,53,1" doraHai="36" doraHaiUra="54" who="3" fromWho="2" sc="298,0,131,0,231,-116,320,136" /><INIT seed="3,1,0,4,0,65" ten="298,131,115,456" oya="3" hai0="61,56,110,22,87,25,128,24,19,35,132,120,21" hai1="123,86,129,38,13,108,39,82,73,31,79,67,68" hai2="125,131,51,80,105,114,44,88,43,30,41,23,59" hai3="76,52,135,126,84,106,17,62,50,71,116,124,99"/><W130/><G76/><T33/><D120/><U64/><E123/><V81/><F105/><W9/><G84/><T127/><D132/><U97/><E67/><V121/><F114/><W133/><G106/><T14/><D87/><U93/><E129/><V32/><F121/><W54/><G99/><T58/><D128/><U95/><E95/><V45/><F32/><W26/><G130/><T8/><D61/><U85/><E85/><V75/><F131/><W20/><G9/><T78/><D78/><U37/><E31/><V40/><F125/><W1/><G1/><T36/><D36/><U48/><E48/><V0/><F0/><W113/><G116/><T83/><D83/><U5/><E73/><V115/><F115/><W109/><G113/><T103/><D103/><U101/><E108/><V34/><F34/><W112/><G112/><T18/><D110/><U55/><E55/><N who="3" m="21034" /><G50/><T6/><D127/><N who="3" m="48681" /><G109/><T118/><D118/><U53/><E53/><N who="2" m="32191" /><F75/><W49/><G49/><T28/><D58/><U57/><E57/><V70/><F70/><W7/><G7/><T74/><D56/><U98/><E98/><V27/><F81/><W134/><G62/><T29/><D74/><U47/><E47/><N who="2" m="17995" /><F80/><W122/><G122/><T92/><D92/><U77/><E77/><V90/><AGARI ba="1,0" hai="23,27,30,40,41,43,88,90" m="17995,32191" machi="90" ten="30,2000,0" yaku="8,1,54,1" doraHai="65" who="2" fromWho="2" sc="298,-6,131,-6,115,23,456,-11" /><INIT seed="4,0,0,4,0,20" ten="292,125,138,445" oya="0" hai0="10,99,135,124,106,19,28,60,27,45,95,72,126" hai1="62,16,2,113,35,26,63,6,76,103,56,93,13" hai2="47,96,33,88,91,37,119,130,24,18,108,121,38" hai3="116,75,79,92,90,73,61,111,86,134,49,122,69"/><T110/><D72/><U81/><E113/><V104/><F108/><W71/><G75/><T14/><D106/><U1/><E1/><V78/><F121/><W59/><G111/><T123/><D110/><U89/><E103/><V7/><F119/><W15/><G73/><T57/><D123/><U0/><E0/><V85/><F130/><W54/><G79/><T117/><D45/><U131/><E131/><V83/><F7/><W70/><G122/><T50/><D50/><U112/><E112/><V39/><F47/><W8/><G116/><T31/><D31/><N who="1" m="19959" /><E56/><V11/><F11/><W30/><G30/><T118/><D135/><U98/><E81/><V128/><F128/><W58/><G134/><T23/><D118/><U43/><E76/><V65/><F65/><W52/><REACH who="3" step="1"/><G70/><REACH who="3" ten="292,125,138,435" step="2"/><T46/><D117/><U42/><E42/><V100/><REACH who="2" step="1"/><F33/><REACH who="2" ten="292,125,128,435" step="2"/><W120/><G120/><T87/><D46/><U84/><E43/><V34/><F34/><W25/><G25/><T21/><D126/><U68/><E68/><V74/><F74/><W44/><G44/><T102/><D124/><U22/><E98/><V127/><F127/><W107/><G107/><T105/><D105/><U36/><E36/><V53/><F53/><W82/><G82/><T12/><D87/><U55/><E55/><V3/><F3/><W77/><G77/><T129/><D129/><U40/><E40/><V29/><F29/><W48/><G48/><T4/><D57/><U94/><E94/><V66/><F66/><W114/><G114/><T17/><D60/><U64/><E64/><V5/><F5/><AGARI ba="0,2" hai="5,8,15,49,52,54,58,59,61,69,71,86,90,92" machi="5" ten="30,7700,0" yaku="1,1,6,1,7,1,54,1,53,0" doraHai="20" doraHaiUra="125" who="3" fromWho="2" sc="292,0,125,0,128,-77,435,97" /><INIT seed="5,0,0,1,1,40" ten="292,125,51,532" oya="1" hai0="23,33,108,41,86,26,73,118,38,82,131,50,32" hai1="88,48,6,74,93,119,63,25,135,47,109,19,72" hai2="80,27,110,28,59,133,21,52,130,94,99,5,81" hai3="44,76,51,66,107,4,46,36,10,134,1,3,13"/><U49/><E119/><V123/><F110/><W116/><G107/><T53/><D118/><U106/><E106/><V34/><F123/><W43/><G116/><T87/><D108/><U65/><E74/><V111/><F111/><W67/><G134/><T132/><D73/><U55/><E72/><V84/><F130/><W58/><G67/><T15/><D87/><N who="1" m="52383" /><E135/><V17/><F133/><W124/><G124/><T14/><D132/><U37/><E37/><V102/><F5/><W64/><G64/><T77/><D131/><U42/><E109/><V56/><F56/><W100/><G100/><T128/><D128/><U60/><E6/><V97/><F97/><W70/><G70/><T127/><D127/><U16/><E25/><V30/><F34/><W54/><REACH who="3" step="1"/><G76/><REACH who="3" ten="292,125,51,522" step="2"/><T122/><D122/><U101/><E101/><V24/><F24/><W96/><G96/><T31/><D33/><U83/><E65/><V8/><F8/><W11/><G11/><T115/><D32/><U20/><E83/><V117/><F117/><W126/><G126/><T7/><D77/><U92/><E92/><V61/><REACH who="2" step="1"/><F81/><REACH who="2" ten="292,125,41,522" step="2"/><W69/><G69/><T78/><D82/><U79/><E79/><AGARI ba="0,2" hai="17,21,27,28,30,52,59,61,79,80,84,94,99,102" machi="79" ten="30,8000,1" yaku="1,1,2,1,7,1,8,1,54,1,53,0" doraHai="40" doraHaiUra="129" who="2" fromWho="1" sc="292,0,125,-80,41,100,522,0" /><INIT seed="6,0,0,2,1,46" ten="292,45,141,522" oya="2" hai0="9,118,106,55,105,120,7,97,40,35,19,77,129" hai1="128,22,99,4,21,68,126,61,70,13,109,10,133" hai2="127,116,123,15,71,117,52,51,49,43,76,135,66" hai3="73,102,18,60,74,42,89,3,53,86,82,88,5"/><V29/><F76/><W119/><G42/><T131/><D120/><U38/><E109/><V11/><F123/><W63/><G102/><T108/><D108/><U100/><E38/><V85/><F127/><W90/><G119/><T104/><D40/><U92/><E126/><V65/><F135/><W48/><G3/><T44/><D77/><U115/><E128/><V67/><F71/><W64/><G5/><T69/><D69/><U1/><E115/><V31/><F116/><W94/><G18/><T37/><D37/><U25/><E133/><V95/><F117/><W114/><G114/><T59/><D44/><U78/><E78/><V58/><F95/><W23/><G23/><T41/><D41/><U2/><E22/><V12/><F85/><W45/><G63/><T87/><D87/><U125/><E70/><V36/><F36/><W50/><G50/><N who="2" m="18953" /><F43/><W83/><G83/><T107/><D118/><U111/><E111/><V47/><F47/><W54/><G54/><T32/><D107/><U110/><E125/><V91/><F91/><W14/><G90/><T72/><D106/><U62/><E110/><V56/><F15/><W16/><G89/><T96/><D105/><U84/><E84/><V27/><F27/><W75/><G94/><T6/><D104/><U103/><E68/><V34/><F34/><W17/><REACH who="3" step="1"/><G14/><REACH who="3" ten="292,45,141,512" step="2"/><T33/><D33/><U101/><E2/><V79/><F52/><W112/><G112/><T121/><D35/><U80/><E1/><V26/><F12/><W57/><AGARI ba="0,1" hai="16,17,45,48,53,57,60,64,73,74,75,82,86,88" machi="57" ten="30,8000,1" yaku="1,1,0,1,52,1,54,2,53,0" doraHai="46" doraHaiUra="130" who="3" fromWho="3" sc="292,-20,45,-20,141,-40,512,90" /><INIT seed="7,0,0,0,0,37" ten="272,25,101,602" oya="3" hai0="41,52,111,24,40,70,83,94,113,39,131,54,26" hai1="135,10,51,75,109,45,79,15,19,57,0,129,119" hai2="62,55,88,86,125,98,100,42,4,114,103,120,127" hai3="28,89,13,82,72,1,126,53,92,5,9,68,95"/><W73/><G68/><T81/><D39/><U85/><E109/><V38/><F120/><W99/><G28/><T17/><D70/><U107/><E107/><V12/><F114/><W87/><G126/><N who="2" m="48137" /><F38/><W115/><G115/><T16/><D113/><U91/><E119/><V124/><F42/><W110/><G110/><T65/><D131/><U61/><E129/><V80/><F98/><W6/><G95/><T101/><D94/><U25/><E135/><V77/><F77/><W48/><G6/><T29/><D29/><U117/><E117/><V31/><F31/><W11/><G11/><T118/><D65/><U130/><E130/><V3/><F3/><W105/><G1/><T128/><D128/><U67/><E0/><V30/><F30/><W23/><G23/><T21/><D21/><U32/><E32/><V74/><F74/><W122/><G122/><T121/><D121/><U8/><E79/><V36/><F36/><W106/><G106/><T133/><D133/><U108/><E75/><V20/><F20/><W59/><REACH who="3" step="1"/><G105/><REACH who="3" ten="272,25,101,592" step="2"/><T22/><D22/><U34/><E108/><V93/><F93/><W71/><G71/><T60/><D111/><U50/><E34/><V66/><F124/><W47/><G47/><T46/><D46/><U64/><E25/><V104/><F4/><W90/><AGARI ba="0,1" hai="5,9,13,48,53,59,72,73,82,87,89,90,92,99" machi="90" ten="20,7800,0" yaku="1,1,0,1,7,1,53,1" doraHai="37" doraHaiUra="2" who="3" fromWho="3" sc="272,-26,25,-26,101,-26,592,88" owari="246,5.0,-1,-50.0,75,-32.0,680,77.0" /></mjloggm>