<mjloggm ver="2.3"><GO type="169" lobby="0"/><UN n0="%E9%BA%BB%E7%94%9F%E9%9B%80%E5%AD%90" n1="%E3%82%A6%E3%83%AB%E3%83%88%E3%83%A9%E7%AB%8B%E7%9B%B4" n2="%E3%83%95%E3%83%AA%E3%83%86%E3%83%B3" n3="%74%61%63%6F%73" dan="16,17,17,16" rate="2063.05,2179.66,2193.85,2098.96" sx="F,M,M,M"/><TAIKYOKU oya="0"/><INIT seed="0,0,0,0,0,38" ten="250,250,250,250" oya="0" hai0="67,109,129,83,12,124,112,134,122,13,48,75,56" hai1="36,73,88,65,94,54,28,21,50,43,58,74,20" hai2="125,0,87,107,30,119,24,68,123,29,132,19,49" hai3="62,37,126,113,10,23,7,35,98,64,60,32,63"/><T99/><D122/><U133/><E133/><V17/><F68/><W92/><G113/><T106/><D112/><U47/><E65/><V103/><F107/><W2/><G126/><T78/><D134/><U41/><E41/><V27/><F103/><W69/><G37/><T96/><D124/><U93/><E93/><V59/><F0/><W116/><G116/><T55/><D129/><U84/><E21/><V3/><F3/><W127/><G127/><T40/><D109/><U14/><REACH who="1" step="1"/><E28/><REACH who="1" ten="250,240,250,250" step="2"/><V102/><F30/><W135/><G135/><T80/><D67/><U34/><E34/><V85/><F29/><W76/><G32/><T101/><D40/><U8/><E8/><V70/><F132/><W77/><G35/><T16/><D80/><U120/><E120/><V97/><F123/><W91/><G23/><T95/><D95/><U90/><E90/><V117/><F125/><W111/><G111/><T11/><D106/><U6/><E6/><V45/><F117/><W105/><G105/><T81/><D81/><U110/><E110/><V86/><F119/><W100/><G91/><T9/><D101/><U5/><E5/><AGARI ba="0,1" hai="5,9,11,12,13,16,48,55,56,75,78,83,96,99" machi="5" ten="30,2900,0" yaku="7,1,54,1" doraHai="38" who="0" fromWho="1" sc="250,39,240,-29,250,0,250,0" /><INIT seed="0,1,0,1,4,87" ten="289,211,250,250" oya="0" hai0="75,1,112,116,110,26,15,43,48,73,78,13,0" hai1="12,114,27,2,34,119,88,99,96,22,23,91,120" hai2="113,105,108,134,121,36,82,20,14,16,85,61,71" hai3="104,102,95,69,52,133,106,41,9,64,54,107,94"/><T83/><D116/><U6/><E120/><V90/><F121/><W101/><G41/><T51/><D112/><U31/><E119/><V77/><F113/><W62/><G133/><T86/><D26/><N who="1" m="16863" /><E2/><V37/><F134/><W55/><REACH who="3" step="1"/><G9/><REACH who="3" ten="289,211,250,240" step="2"/><T21/><D43/><U124/><E114/><V128/><F128/><W5/><G5/><T93/><D73/><U111/><E124/><V63/><F108/><W132/><G132/><T17/><D110/><U45/><E111/><V66/><F105/><W32/><G32/><T25/><D75/><U19/><E34/><V76/><REACH who="2" step="1"/><F61/><REACH who="2" ten="289,211,240,240" step="2"/><W8/><G8/><T35/><D35/><U109/><E109/><V72/><F72/><W30/><G30/><T3/><REACH who="0" step="1"/><D93/><AGARI ba="1,2" hai="52,54,55,62,64,69,93,94,95,101,102,104,106,107" machi="93" ten="50,3200,0" yaku="1,1,54,1,53,0" doraHai="87" doraHaiUra="92" who="3" fromWho="0" sc="289,-35,211,0,240,0,240,55" /><INIT seed="1,0,0,0,1,79" ten="254,211,240,295" oya="1" hai0="41,125,19,129,118,89,92,105,106,102,34,121,10" hai1="78,133,90,114,9,100,36,48,113,30,15,96,50" hai2="5,77,49,110,54,21,120,75,53,128,107,104,57" hai3="60,32,20,93,69,27,14,85,58,18,88,6,99"/><U40/><E36/><V62/><F120/><W51/><G69/><T25/><D121/><U95/><E133/><V97/><F110/><W12/><G51/><T3/><D118/><U29/><E78/><V1/><F128/><W38/><G38/><T63/><D129/><U71/><E71/><V66/><F54/><W28/><G6/><T56/><D102/><U59/><E50/><V109/><F109/><W72/><G72/><T39/><D125/><U126/><E126/><V45/><F97/><W131/><G131/><T70/><D70/><U74/><E74/><V64/><F64/><W2/><G2/><T65/><D34/><U47/><E59/><V86/><F86/><W119/><G119/><T22/><D3/><U98/><E114/><V81/><REACH who="2" step="1"/><F21/><REACH who="2" ten="254,211,230,295" step="2"/><W33/><G33/><T94/><D105/><U24/><E113/><V130/><F130/><W4/><G85/><T124/><D106/><U108/><E108/><V134/><F134/><W67/><REACH who="3" step="1"/><G4/><REACH who="3" ten="254,211,230,285" step="2"/><T135/><D135/><U11/><E98/><V83/><F83/><W35/><G35/><T101/><D124/><U116/><E116/><V115/><F115/><W84/><G84/><T37/><D41/><U122/><E40/><V26/><F26/><AGARI ba="0,2" hai="12,14,18,20,26,27,28,32,58,60,67,88,93,99" machi="26" ten="30,3900,0" yaku="1,1,7,1,54,1,53,0" doraHai="79" doraHaiUra="76" who="3" fromWho="2" sc="254,0,211,0,230,-39,285,59" /><INIT seed="2,0,0,4,4,23" ten="254,211,191,344" oya="2" hai0="123,106,113,67,110,41,26,124,93,8,24,54,94" hai1="98,68,109,34,22,11,99,0,49,17,46,70,48" hai2="84,102,130,128,25,86,4,76,64,69,85,74,129" hai3="72,20,1,78,92,117,73,65,6,15,91,135,133"/><V96/><F4/><W10/><G117/><T57/><D106/><U101/><E34/><V60/><F74/><W44/><G65/><T90/><D113/><U77/><E109/><V3/><F3/><W121/><G121/><T47/><D110/><U14/><E77/><V132/><F132/><N who="3" m="50763" /><G78/><T27/><D67/><U116/><E116/><V18/><F76/><W42/><G20/><T104/><D104/><U79/><E79/><V66/><F66/><W50/><G1/><T2/><D123/><U108/><E108/><V55/><F55/><W59/><G59/><T131/><D124/><U28/><E99/><AGARI ba="0,0" hai="6,10,15,42,44,50,72,73,91,92,99" m="50763" machi="99" ten="30,1000,0" yaku="20,1" doraHai="23" who="3" fromWho="1" sc="254,0,211,-10,191,0,344,10" /><INIT seed="3,0,0,4,3,85" ten="254,201,191,354" oya="3" hai0="68,99,108,51,121,40,102,12,91,11,59,69,81" hai1="8,86,92,48,115,3,41,67,133,129,80,82,119" hai2="1,107,17,118,10,74,60,104,36,90,88,123,9" hai3="132,34,94,58,22,127,124,28,0,46,109,114,93"/><W26/><G0/><T125/><D121/><U79/><E115/><V55/><F118/><W105/><G105/><T30/><D30/><U29/><E119/><V37/><F74/><W97/><G114/><T87/><D108/><U113/><E113/><V96/><F1/><W77/><G77/><T15/><D125/><N who="3" m="48201" /><G132/><T39/><D39/><U35/><E129/><V65/><F55/><W52/><G46/><T38/><D15/><U70/><E133/><V71/><F123/><W4/><G4/><T54/><D40/><U24/><E3/><V83/><F83/><W6/><G6/><T62/><D62/><U16/><E82/><V117/><F117/><W47/><G47/><T73/><D73/><U14/><E92/><N who="3" m="35434" /><G97/><T130/><D38/><U20/><E35/><V27/><F37/><W66/><G66/><T101/><D130/><U72/><E72/><V21/><F36/><W134/><G109/><T23/><D99/><U100/><E100/><N who="0" m="38505" /><D69/><U7/><E70/><V78/><F78/><W33/><G134/><T50/><D68/><U135/><E67/><V61/><F96/><W131/><G131/><T49/><D23/><U25/><E135/><V75/><F75/><W111/><G111/><T5/><AGARI ba="0,0" hai="5,11,12,49,50,51,54,59,81,87,91" m="38505" machi="5" ten="30,2000,0" yaku="8,1,52,1" doraHai="85" who="0" fromWho="0" sc="254,20,201,-5,191,-5,354,-10" /><INIT seed="4,0,0,5,4,68" ten="274,196,186,344" oya="0" hai0="22,135,84,90,113,59,130,47,66,80,74,71,134" hai1="86,110,133,62,125,29,20,54,18,5,81,17,13" hai2="16,7,115,25,52,67,112,109,49,118,53,48,55" hai3="33,23,79,119,3,72,37,19,75,101,46,93,1"/><T10/><D71/><U88/><E110/><V121/><F109/><W61/><G33/><T41/><D74/><U105/><E105/><V12/><F121/><W28/><G119/><T50/><D113/><N who="2" m="43594" /><F67/><W65/><G28/><T4/><D22/><U78/><E125/><V70/><F70/><W76/><G72/><T128/><D59/><N who="1" m="35191" /><E133/><N who="0" m="50697" /><D66/><U83/><E78/><V6/><F25/><W40/><G75/><T30/><D30/><U36/><E36/><V11/><F118/><W107/><G107/><T104/><D104/><U24/><E83/><V85/><F85/><W117/><G117/><T64/><D64/><U127/><E127/><V97/><F97/><W103/><G1/><AGARI ba="0,0" hai="1,4,10,41,47,50,80,84,90,128,130" m="50697" machi="1" ten="30,1500,0" yaku="20,1" doraHai="68" who="0" fromWho="3" sc="274,15,196,0,186,0,344,-15" /><INIT seed="4,1,0,4,4,71" ten="289,196,186,329" oya="0" hai0="34,113,79,94,5,45,98,90,52,57,72,82,16" hai1="2,32,74,64,48,81,68,111,117,69,4,60,121" hai2="97,11,86,42,9,135,8,41,24,63,102,61,85" hai3="78,131,20,120,15,134,107,112,99,25,100,114,132"/><T65/><D34/><U58/><E117/><V44/><F24/><W80/><G120/><T37/><D5/><U91/><E121/><V49/><F135/><N who="3" m="51755" /><G15/><T122/><D122/><U1/><E32/><V29/><F29/><N who="3" m="17575" /><G131/><T3/><D3/><U26/><E26/><V54/><F61/><W125/><G125/><T17/><D65/><U105/><E105/><V101/><F63/><W47/><G47/><T76/><D76/><U39/><E111/><V0/><F0/><W19/><G19/><T67/><D67/><U75/><E4/><V18/><F18/><W12/><G12/><T77/><D77/><U129/><E129/><V56/><F44/><W83/><G83/><T53/><D113/><U35/><E35/><V66/><F66/><W21/><G21/><T118/><D118/><U84/><E68/><V123/><F123/><W133/><N who="3" m="51763" /><W93/><DORA hai="96" /><G93/><T127/><D127/><U124/><E124/><V95/><REACH who="2" step="1"/><F102/><REACH who="2" ten="289,196,176,329" step="2"/><W31/><G31/><T89/><D45/><U23/><E1/><V88/><F88/><W10/><G10/><T106/><D90/><U55/><E2/><V62/><F62/><W50/><G112/><T109/><D17/><U104/><E23/><V38/><F38/><W70/><G70/><T27/><D37/><U126/><E126/><V128/><F128/><W59/><G114/><T119/><D119/><U43/><E104/><V36/><F36/><W46/><G59/><T108/><D57/><U30/><E30/><V116/><F116/><W130/><G46/><AGARI ba="1,1" hai="39,43,46,48,55,58,60,64,69,74,75,81,84,91" machi="46" ten="40,5200,0" yaku="24,2,52,1" doraHai="71,96" who="1" fromWho="3" sc="289,0,196,65,176,0,329,-55" /><INIT seed="5,0,0,0,4,35" ten="289,261,176,274" oya="1" hai0="29,50,13,25,56,1,19,51,126,80,20,45,59" hai1="77,22,43,38,76,68,119,120,69,121,65,49,106" hai2="48,97,53,63,57,103,118,131,123,132,113,28,108" hai3="94,100,8,74,122,24,115,98,125,67,42,84,111"/><U128/><E106/><V47/><F118/><W73/><G122/><T102/><D1/><U55/><E77/><V133/><F123/><N who="1" m="47177" /><E76/><V70/><F108/><W104/><G111/><T92/><D80/><U95/><E95/><V117/><F117/><W112/><G67/><T101/><D126/><U124/><E22/><V105/><F131/><W93/><G42/><N who="0" m="24887" /><D92/><N who="3" m="35433" /><G24/><T26/><D26/><U7/><E7/><V110/><F110/><W72/><G8/><N who="0" m="6567" /><D51/><U34/><E34/><V2/><F113/><N who="3" m="43595" /><G84/><T96/><D96/><U135/><E119/><V127/><F127/><AGARI ba="0,0" hai="72,73,74,98,100,104,125,127" m="43595,35433" machi="127" ten="40,5200,0" yaku="15,1,34,2" doraHai="35" who="3" fromWho="2" sc="289,0,261,0,176,-52,274,52" /><INIT seed="6,0,0,3,5,135" ten="289,261,124,326" oya="2" hai0="35,18,103,76,28,53,94,75,41,129,127,115,50" hai1="37,22,38,133,87,57,33,34,24,0,114,113,72" hai2="91,63,128,29,82,31,51,69,32,111,60,108,64" hai3="20,80,7,83,118,89,78,119,8,120,106,21,93"/><V109/><F128/><W56/><G106/><T101/><D41/><U5/><E72/><V131/><F131/><W54/><G120/><T96/><D129/><U11/><E133/><V68/><F32/><W14/><G118/><T48/><D103/><U16/><E34/><V10/><F51/><N who="3" m="30815" /><G119/><T71/><D71/><N who="2" m="27210" /><F10/><W2/><G2/><T85/><D75/><U92/><E33/><V65/><F82/><N who="3" m="31275" /><G78/><T79/><D28/><N who="2" m="10826" /><F91/><W4/><G4/><T70/><D35/><U125/><E38/><V100/><F100/><W45/><G45/><T58/><D70/><U74/><E37/><V9/><F9/><W1/><G1/><T90/><D101/><U110/><E74/><V122/><F122/><W55/><G55/><T62/><D79/><U134/><E57/><V102/><F102/><W13/><G13/><T95/><D76/><U104/><E104/><V27/><F27/><W116/><G116/><T23/><D50/><U81/><E81/><V43/><F43/><W99/><AGARI ba="0,0" hai="7,8,14,20,21,89,93,99" m="31275,30815" machi="99" ten="30,1100,0" yaku="8,1" doraHai="135" who="3" fromWho="3" sc="289,-3,261,-3,124,-5,326,11" /><INIT seed="7,0,0,3,1,133" ten="286,258,119,337" oya="3" hai0="98,107,101,120,56,54,67,135,10,131,46,34,49" hai1="11,89,115,52,90,75,130,44,110,64,84,43,18" hai2="92,105,16,70,85,14,108,59,83,126,61,117,21" hai3="33,123,96,38,13,25,20,2,53,26,35,7,132"/><W19/><G38/><T94/><D135/><U9/><E75/><V134/><F134/><W118/><G132/><T80/><D131/><U91/><E110/><V104/><F108/><W23/><G123/><T71/><D34/><N who="3" m="12809" /><G96/><T37/><D120/><U72/><E72/><V106/><F70/><W95/><G95/><T119/><D119/><U58/><E130/><V81/><F117/><W40/><G53/><T129/><D129/><U97/><E115/><V1/><F1/><W5/><G40/><T60/><D10/><U74/><E64/><V116/><F116/><W29/><G2/><T57/><D57/><U125/><E74/><V69/><F69/><W77/><G77/><T73/><D73/><U4/><E84/><V124/><F92/><W31/><G118/><T27/><D27/><U50/><E97/><V32/><F32/><AGARI ba="0,0" hai="5,7,13,19,20,23,25,26,29,31,32" m="12809" machi="32" ten="30,12000,1" yaku="35,5" doraHai="133" who="3" fromWho="2" sc="286,0,258,0,119,-120,337,120" owari="286,9.0,258,-14.0,-1,-50.0,457,55.0" /></mjloggm>