<mjloggm ver="2.3"><GO type="97" lobby="0"/><UN n0="%70%75%72%75%33%38%35" n1="%74%65%6E%67%6F%6B%75" n2="%E3%82%A6%E3%83%AB%E3%83%88%E3%83%A9%E7%AB%8B%E7%9B%B4" n3="%6D%61%67%61%6D%69" dan="14,15,14,14" rate="1912.04,1950.12,1941.32,1989.78" sx="M,M,M,M"/><TAIKYOKU oya="0"/><INIT seed="0,0,0,0,0,2" ten="250,250,250,250" oya="0" hai0="95,4,40,64,80,66,115,28,135,70,126,42,13" hai1="98,68,34,53,122,67,108,52,46,30,14,45,11" hai2="89,119,72,7,21,44,85,116,50,113,71,27,16" hai3="33,35,101,86,103,130,9,88,12,114,18,60,78"/><T105/><D115/><U102/><E122/><V38/><F71/><W94/><G114/><T41/><D105/><N who="1" m="63703" /><E108/><V49/><F72/><W127/><G127/><T69/><D126/><U91/><E45/><V57/><F113/><W93/><G130/><T73/><D135/><U118/><E46/><V36/><F57/><W109/><G109/><T15/><D28/><U6/><E91/><V59/><F59/><W131/><G131/><T1/><D95/><U129/><E129/><V112/><F112/><W37/><G37/><T0/><D80/><U62/><E118/><N who="2" m="45099" /><F7/><W26/><G78/><T100/><D73/><U107/><E107/><V90/><F49/><W56/><G93/><T132/><D132/><U99/><E99/><V79/><F79/><W55/><REACH who="3" step="1"/><G26/><AGARI ba="0,0" hai="6,11,14,26,30,34,52,53,62,67,68" m="63703" machi="26" ten="30,3900,0" yaku="25,1,52,1,54,1" doraHai="2" who="1" fromWho="3" sc="250,0,250,39,250,0,250,-39" /><INIT seed="1,0,0,4,3,103" ten="250,289,250,211" oya="1" hai0="46,89,132,74,68,18,11,64,75,39,116,59,51" hai1="34,92,130,50,41,88,135,122,65,129,20,42,113" hai2="101,114,107,52,45,21,31,49,117,96,71,56,54" hai3="128,15,77,79,1,14,87,4,94,105,80,23,98"/><U102/><E122/><V47/><F71/><W48/><G1/><T58/><D116/><U97/><E34/><V78/><F117/><W133/><G133/><T19/><D132/><U86/><E113/><V108/><F114/><W60/><G128/><N who="1" m="49258" /><E135/><V35/><F108/><W10/><G105/><T62/><D59/><U110/><E110/><V104/><F35/><W95/><G60/><T100/><D100/><U43/><E65/><V53/><F78/><W73/><G73/><T13/><D19/><U109/><E109/><V40/><F107/><W112/><G112/><T81/><D39/><U118/><E118/><V69/><F69/><W16/><G77/><T5/><D68/><U125/><E20/><V63/><REACH who="2" step="1"/><F47/><REACH who="2" ten="250,289,240,211" step="2"/><W29/><G29/><T8/><D75/><U36/><E125/><V93/><F93/><W127/><G127/><T111/><D74/><U6/><E36/><V85/><F85/><W134/><G134/><T126/><D111/><U22/><E86/><V33/><F33/><W32/><G32/><T90/><D126/><U25/><E92/><V57/><F57/><W12/><G95/><T38/><D81/><U28/><E97/><V119/><F119/><W115/><G115/><T30/><D38/><U2/><E102/><V72/><F72/><W0/><REACH who="3" step="1"/><G48/><REACH who="3" ten="250,289,240,201" step="2"/><T9/><D30/><U66/><E50/><V91/><F91/><AGARI ba="0,2" hai="0,4,10,12,14,15,16,23,79,80,87,91,94,98" machi="91" ten="30,7700,0" yaku="1,1,2,1,7,1,54,1,53,0" doraHai="103" doraHaiUra="55" who="3" fromWho="2" sc="250,0,289,0,240,-77,201,97" /><INIT seed="2,0,0,1,1,104" ten="250,289,163,298" oya="2" hai0="82,19,46,133,8,114,23,106,6,105,22,131,64" hai1="60,59,118,93,88,37,17,56,103,107,55,111,91" hai2="39,69,86,119,120,135,83,124,31,71,125,58,63" hai3="108,74,33,4,24,42,72,78,51,101,122,14,134"/><V80/><F39/><W73/><G122/><T70/><D114/><U121/><E118/><V44/><F120/><W41/><G78/><T66/><D133/><U11/><E121/><V43/><F119/><W16/><G134/><T116/><D116/><U26/><E37/><V75/><F135/><W85/><G101/><T36/><D131/><U89/><E111/><V34/><F34/><W0/><G85/><T7/><D7/><U112/><E112/><V77/><F31/><N who="3" m="19687" /><G51/><T113/><D113/><U57/><E107/><V20/><F20/><N who="3" m="11287" /><G108/><T90/><D23/><N who="1" m="13679" /><E11/><AGARI ba="0,0" hai="0,4,11,41,42,72,73,74" m="11287,19687" machi="11" ten="30,8000,1" yaku="24,1,52,3,54,1" doraHai="104" who="3" fromWho="1" sc="250,0,289,-80,163,0,298,80" /><INIT seed="3,0,0,1,0,46" ten="250,209,163,378" oya="3" hai0="71,115,34,131,27,53,81,23,125,70,30,108,32" hai1="92,35,84,40,91,94,51,6,65,127,83,29,20" hai2="102,75,104,98,1,44,13,135,18,114,79,37,118" hai3="2,99,73,89,56,7,14,43,8,47,130,64,116"/><W93/><G130/><T134/><D131/><U26/><E127/><V11/><F118/><W28/><G28/><T33/><D125/><U21/><E65/><V103/><F114/><W123/><G73/><T88/><D115/><U69/><E69/><V63/><F135/><W105/><G105/><T124/><D124/><U19/><E6/><V86/><F1/><W41/><G2/><T132/><D108/><U78/><E35/><V15/><F75/><W57/><G123/><T24/><D24/><N who="1" m="14367" /><E91/><V128/><F128/><W4/><G4/><T74/><D74/><U111/><E111/><V50/><F37/><W100/><G47/><AGARI ba="0,0" hai="21,26,29,40,47,51,78,83,84,92,94" m="14367" machi="47" ten="30,2000,0" yaku="8,1,52,1" doraHai="46" who="1" fromWho="3" sc="250,0,209,20,163,0,378,-20" owari="250,5.0,229,-17.0,163,-34.0,358,46.0" /></mjloggm>