<mjloggm ver="2.3"><GO type="169" lobby="0"/><UN n0="%E3%82%A6%E3%83%AB%E3%83%88%E3%83%A9%E7%AB%8B%E7%9B%B4" n1="%48%61%6B%61%6D%61%64%61" n2="%E3%82%AB%E3%83%BC%E3%83%AB" n3="%28%E3%82%86%C2%B4%CF%89%EF%BD%80%E3%82%86%29" dan="17,16,16,16" rate="2106.80,2048.89,2095.55,2068.00" sx="M,M,M,M"/><TAIKYOKU oya="0"/><INIT seed="0,0,0,5,1,50" ten="250,250,250,250" oya="0" hai0="120,15,94,28,45,111,41,93,25,33,106,75,19" hai1="77,51,63,99,36,8,12,110,90,74,37,86,114" hai2="65,82,80,62,23,14,56,97,32,119,60,34,83" hai3="0,133,78,58,24,3,76,109,117,47,108,10,22"/><T1/><D120/><U39/><E110/><N who="3" m="42602" /><G117/><T103/><D111/><U16/><E114/><V127/><F127/><W20/><G133/><T101/><D75/><U96/><E63/><V112/><F112/><W53/><G47/><T64/><D1/><N who="3" m="585" /><G10/><T124/><D124/><U54/><E77/><N who="3" m="29802" /><G24/><T26/><D26/><U7/><E7/><V44/><F119/><W42/><G42/><T30/><D30/><U4/><E4/><V52/><F44/><W27/><G27/><T13/><D13/><U92/><REACH who="1" step="1"/><E74/><REACH who="1" ten="250,240,250,250" step="2"/><V81/><N who="2" m="20480" /><DORA hai="49" /><V132/><F132/><W70/><G70/><T5/><D5/><U2/><E2/><V102/><F60/><AGARI ba="0,1" hai="20,22,53,58,60" m="29802,585,42602" machi="60" ten="30,3900,0" yaku="14,1,52,2" doraHai="50,49" who="3" fromWho="2" sc="250,0,240,0,250,-39,250,49" /><INIT seed="1,0,0,5,4,74" ten="250,240,211,299" oya="1" hai0="19,95,68,53,17,22,36,120,14,76,40,96,124" hai1="88,43,5,6,87,23,70,9,49,50,54,75,46" hai2="91,12,98,127,101,71,4,45,100,121,131,57,44" hai3="84,66,135,73,13,29,117,81,63,48,102,51,112"/><U108/><E75/><V7/><F71/><W10/><G112/><T65/><D124/><U134/><E134/><V32/><F121/><W115/><G73/><T90/><D120/><U116/><E116/><V28/><F127/><W62/><G115/><T38/><D65/><U35/><E35/><V59/><F131/><W30/><G102/><T119/><D68/><U86/><E70/><V61/><F32/><W16/><G135/><T64/><D64/><U80/><E23/><V42/><F28/><N who="3" m="10859" /><G117/><T55/><D119/><U39/><E108/><V89/><F12/><W93/><G93/><T69/><D69/><U56/><E39/><V106/><F106/><W129/><G129/><T92/><D40/><U72/><E72/><V33/><F33/><W128/><G128/><T11/><D38/><U15/><REACH who="1" step="1"/><E87/><REACH who="1" ten="250,230,211,299" step="2"/><V41/><F61/><N who="3" m="23051" /><G66/><T133/><D36/><U20/><E20/><V37/><F37/><W114/><G114/><T78/><D133/><U109/><E109/><V18/><F98/><W118/><G118/><T25/><D95/><U82/><E82/><V60/><F60/><W97/><G97/><T123/><D123/><U77/><E77/><AGARI ba="0,1" hai="10,13,16,48,51,77,81,84" m="23051,10859" machi="77" ten="30,3900,0" yaku="8,1,52,1,54,1" doraHai="74" who="3" fromWho="1" sc="250,0,230,-39,211,0,299,49" /><AGARI ba="0,0" hai="11,14,17,19,22,25,53,55,76,77,78,90,92,96" machi="77" ten="40,8000,1" yaku="8,1,52,3" doraHai="74" who="0" fromWho="1" sc="250,80,191,-80,211,0,348,0" /><INIT seed="2,0,0,3,2,30" ten="330,111,211,348" oya="2" hai0="63,130,60,62,2,124,125,100,115,33,110,75,71" hai1="113,72,82,90,133,1,83,118,46,14,55,84,107" hai2="20,114,92,56,28,32,134,91,17,5,93,23,44" hai3="70,68,116,104,48,57,97,54,42,119,26,58,117"/><V88/><F114/><W126/><G104/><T36/><RYUUKYOKU type="yao9" ba="0,0" sc="330,0,111,0,211,0,348,0" hai0="2,33,36,60,62,63,71,75,100,110,115,124,125,130" /><INIT seed="2,1,0,1,0,30" ten="330,111,211,348" oya="2" hai0="13,68,8,104,71,39,57,23,19,110,17,69,122" hai1="55,44,112,92,45,61,86,47,94,26,105,31,100" hai2="87,20,70,113,98,114,76,21,37,84,67,2,24" hai3="117,40,134,128,126,56,82,38,95,103,85,64,14"/><V99/><F37/><W54/><G117/><T15/><D104/><U10/><E112/><V1/><F24/><W90/><G126/><T101/><D122/><U36/><E36/><V3/><F67/><W58/><G134/><T93/><D39/><U29/><E29/><V118/><F76/><W80/><G128/><T89/><D101/><U28/><E28/><V121/><F70/><W12/><G38/><T48/><D110/><U120/><E120/><V43/><F43/><W53/><G40/><T60/><D48/><U96/><E86/><N who="2" m="32811" /><F118/><W123/><G64/><T125/><D125/><U51/><E10/><V109/><F121/><W106/><G106/><T79/><D79/><U91/><E61/><V50/><F50/><N who="3" m="30775" /><G123/><T119/><D119/><U41/><E41/><V22/><F109/><W108/><G108/><T27/><D15/><N who="3" m="5673" /><G103/><T75/><D75/><U33/><REACH who="1" step="1"/><E105/><REACH who="1" ten="330,101,211,348" step="2"/><V11/><F11/><W116/><G116/><T124/><D124/><U46/><E46/><V4/><F4/><W88/><G90/><T63/><D63/><AGARI ba="1,1" hai="54,58,63,80,82,85,88,95" m="5673,30775" machi="63" ten="30,2000,0" yaku="8,1,54,1" doraHai="30" who="3" fromWho="0" sc="330,-23,101,0,211,0,348,33" /><INIT seed="3,0,0,2,2,48" ten="307,101,211,381" oya="3" hai0="127,8,121,83,115,31,78,32,97,128,99,15,10" hai1="6,66,53,36,75,38,54,131,49,79,119,134,26" hai2="73,81,110,126,62,58,82,45,44,120,52,22,42" hai3="95,34,16,93,17,101,88,116,4,50,40,96,55"/><W65/><G34/><T106/><D121/><U18/><E131/><V118/><F118/><W56/><G116/><T135/><D128/><U129/><E129/><V86/><F110/><W23/><G4/><T89/><D32/><U111/><E119/><V87/><F120/><W59/><G40/><T12/><D31/><U98/><E111/><V80/><F126/><W47/><G65/><T28/><D28/><U68/><E6/><V5/><F73/><W114/><G114/><T122/><D122/><U84/><E75/><V105/><F105/><W39/><G39/><T112/><D135/><U104/><E134/><V132/><F132/><W133/><G133/><T21/><D21/><U77/><E68/><V0/><F0/><W29/><G29/><T130/><D130/><U1/><E66/><V76/><F5/><W92/><G17/><T74/><D127/><U51/><E1/><V57/><F22/><W70/><G70/><T107/><D89/><U11/><E79/><N who="2" m="46367" /><F42/><W14/><G95/><T69/><D69/><U94/><E104/><V72/><F72/><W85/><AGARI ba="0,0" hai="14,16,23,47,50,55,56,59,85,88,92,93,96,101" machi="85" ten="20,18000,2" yaku="0,1,7,1,8,1,52,1,54,2" doraHai="48" who="3" fromWho="3" sc="307,-60,101,-60,211,-60,381,180" /><INIT seed="3,1,0,2,5,67" ten="247,41,151,561" oya="3" hai0="114,119,56,13,48,26,92,78,70,113,133,112,53" hai1="126,20,38,65,49,15,125,25,32,42,43,28,121" hai2="81,58,84,118,106,50,127,95,54,29,19,108,62" hai3="116,40,45,120,31,71,123,88,86,1,57,102,66"/><W104/><G116/><T115/><D119/><U8/><E38/><V76/><F118/><W39/><G1/><T124/><D124/><N who="1" m="47723" /><E65/><V16/><F127/><W109/><G31/><T111/><D111/><U23/><E43/><V4/><F106/><W33/><G33/><T117/><D133/><U72/><E72/><V11/><F108/><W83/><G57/><T5/><D117/><U77/><E77/><V17/><F29/><W103/><G109/><T93/><D78/><U7/><E42/><V9/><F95/><W105/><G105/><T75/><D75/><U55/><E55/><N who="2" m="34143" /><F4/><W47/><G47/><AGARI ba="1,0" hai="9,11,16,17,19,47,50,54,76,81,84" m="34143" machi="47" ten="30,2000,0" yaku="8,1,54,1" doraHai="67" who="2" fromWho="3" sc="247,0,41,0,151,23,561,-23" /><INIT seed="4,0,0,0,3,15" ten="247,41,174,538" oya="0" hai0="131,49,101,24,77,13,56,58,34,14,8,126,76" hai1="102,104,113,25,94,11,116,26,130,36,4,67,90" hai2="79,70,9,59,28,10,62,88,128,1,7,20,21" hai3="63,99,31,46,78,111,61,115,51,69,120,80,97"/><T57/><D126/><U52/><E116/><V5/><F70/><W96/><G111/><T93/><D131/><U65/><E36/><V6/><F128/><W2/><G2/><T91/><D101/><U106/><E130/><V44/><F79/><N who="0" m="30282" /><D34/><U98/><E113/><V125/><F125/><W37/><G37/><T74/><D74/><U54/><E106/><V85/><F44/><W12/><G69/><T66/><D24/><U132/><E132/><V0/><F28/><W92/><G115/><T64/><D49/><U47/><E26/><V72/><F6/><W50/><G120/><T29/><D29/><U75/><E75/><V45/><F45/><W103/><G31/><T121/><D13/><U38/><E25/><V27/><F27/><W82/><G12/><T19/><D121/><U22/><E22/><V81/><REACH who="2" step="1"/><F72/><REACH who="2" ten="247,41,164,538" step="2"/><W119/><G78/><T135/><D135/><U123/><E123/><V60/><F60/><W114/><G63/><T100/><D100/><U39/><E47/><V129/><F129/><W23/><G61/><T108/><D108/><U41/><E102/><V117/><F117/><W112/><G119/><T30/><D30/><U107/><E39/><V33/><F33/><W83/><G46/><T86/><AGARI ba="0,1" hai="8,14,19,56,57,58,64,66,86,91,93" m="30282" machi="86" ten="30,3000,0" yaku="8,1,52,1" doraHai="15" who="0" fromWho="0" sc="247,40,41,-10,164,-10,538,-10" /><INIT seed="4,1,0,2,2,35" ten="287,31,154,528" oya="0" hai0="64,115,21,45,23,134,12,28,46,60,113,49,27" hai1="102,69,13,10,9,34,61,75,97,32,70,52,93" hai2="86,7,76,41,38,37,119,105,6,15,33,104,84" hai3="54,29,22,126,53,87,2,89,31,112,47,16,19"/><T20/><D134/><U129/><E75/><V73/><F33/><W118/><G2/><T135/><D135/><U17/><E129/><V62/><F62/><W92/><G118/><T98/><D98/><U26/><E10/><V117/><F73/><W1/><G1/><T80/><D80/><U59/><REACH who="1" step="1"/><E34/><REACH who="1" ten="287,21,154,528" step="2"/><V124/><F119/><W18/><G126/><T43/><D12/><U127/><E127/><V40/><F15/><W71/><G112/><N who="0" m="43083" /><D46/><U4/><E4/><V78/><F117/><W130/><G130/><T25/><D25/><U116/><E116/><V42/><F124/><W79/><G47/><T51/><D51/><U111/><E111/><V77/><F7/><W65/><G92/><T133/><D133/><U88/><E88/><V83/><F6/><W120/><G89/><T8/><D8/><U109/><E109/><V82/><F78/><W91/><G91/><T106/><D106/><AGARI ba="1,1" hai="37,38,40,41,42,76,77,82,83,84,86,104,105,106" machi="106" ten="40,1300,0" yaku="9,1" doraHai="35" who="2" fromWho="0" sc="287,-16,21,0,154,26,528,0" /><INIT seed="5,0,0,3,1,114" ten="271,21,180,528" oya="1" hai0="130,98,73,50,2,9,27,68,125,8,51,28,39" hai1="94,123,44,93,135,89,113,5,87,41,47,31,69" hai2="107,131,78,102,3,42,70,101,88,23,82,106,36" hai3="26,46,18,58,55,52,10,32,33,105,112,104,127"/><U38/><E123/><V49/><F36/><W37/><G18/><T79/><D68/><U54/><E69/><V14/><F3/><W124/><G10/><T75/><D39/><U120/><E120/><V129/><F70/><W74/><G74/><T62/><D2/><U64/><E64/><V110/><F49/><W11/><G11/><T0/><D0/><U15/><E113/><V30/><F42/><W19/><G19/><T76/><D98/><U121/><E121/><V126/><F14/><W34/><G26/><T72/><D62/><U48/><E135/><V118/><F118/><W61/><G112/><T12/><D12/><U53/><E31/><V115/><F115/><W43/><G55/><T45/><D73/><U25/><E25/><V80/><F23/><W85/><G85/><T111/><D45/><U132/><E132/><V17/><F17/><W122/><G122/><T103/><D75/><U116/><E54/><V7/><F7/><W95/><G95/><T96/><D72/><U21/><E93/><V97/><F30/><W84/><G84/><T29/><D27/><U60/><E60/><V13/><F13/><W57/><G58/><T81/><D29/><U133/><E133/><V22/><F22/><W91/><G91/><T20/><D20/><U71/><E71/><V66/><F88/><W67/><G67/><T77/><D28/><U100/><E100/><V4/><F66/><W35/><G35/><T16/><D103/><U6/><REACH who="1" step="1"/><E116/><REACH who="1" ten="271,11,180,528" step="2"/><V99/><F102/><W65/><G52/><T24/><D24/><U92/><E92/><V108/><F101/><RYUUKYOKU ba="0,1" sc="271,-15,11,15,180,-15,528,15" hai1="5,6,15,21,38,41,44,47,48,53,87,89,94" hai3="32,33,34,37,43,46,57,61,65,104,105,124,127" /><INIT seed="5,1,1,2,2,22" ten="256,26,165,543" oya="1" hai0="56,109,66,44,10,126,117,68,99,83,89,116,30" hai1="37,8,105,113,112,75,47,85,7,14,24,134,48" hai2="41,65,98,92,130,3,124,79,114,36,104,35,38" hai3="103,42,18,27,74,131,120,26,125,84,107,96,50"/><U57/><E75/><V12/><F92/><W78/><G18/><T129/><D68/><U101/><E134/><V110/><F65/><W45/><G120/><T25/><D109/><U91/><E37/><V4/><F12/><W43/><G43/><T13/><D126/><U128/><E128/><V119/><F79/><W94/><G125/><T63/><D129/><U70/><E70/><V33/><F98/><W53/><G53/><T111/><D111/><U115/><E57/><V62/><F62/><W61/><G61/><T90/><D44/><U19/><E101/><V58/><F58/><W102/><G102/><T39/><D39/><U0/><E105/><V29/><F29/><W1/><G1/><T135/><D135/><U28/><E0/><V67/><F41/><W82/><G131/><T87/><D99/><U46/><E7/><V60/><F60/><W51/><G51/><T133/><D90/><AGARI ba="1,1" hai="26,27,42,45,50,74,78,82,84,90,94,96,103,107" machi="90" ten="40,8000,1" yaku="24,2,52,2" doraHai="22" who="3" fromWho="0" sc="256,-83,26,0,165,0,543,93" /><INIT seed="6,0,0,1,5,7" ten="173,26,165,636" oya="2" hai0="73,31,47,50,29,77,105,124,64,46,85,83,57" hai1="93,95,18,91,100,71,14,20,109,123,70,0,130" hai2="63,60,32,1,13,30,3,23,21,28,117,41,38" hai3="72,94,40,16,61,12,19,6,66,114,26,120,103"/><V52/><F117/><W81/><G16/><T133/><D105/><U15/><E109/><V131/><F131/><W36/><G19/><T4/><D124/><U11/><E130/><V25/><F32/><W84/><G12/><T79/><D133/><U128/><E128/><V35/><F35/><W55/><G55/><T96/><D73/><U107/><E123/><V98/><F98/><W116/><G61/><N who="0" m="37935" /><D4/><U24/><E107/><V101/><F101/><W43/><G94/><T58/><D96/><U106/><E106/><V42/><F38/><W76/><G26/><T8/><D8/><U135/><E135/><V89/><F13/><W17/><G76/><T51/><D77/><U45/><E100/><V78/><F78/><W68/><G17/><T134/><D58/><U119/><E119/><V33/><F33/><W88/><G88/><T110/><D110/><U87/><E95/><V49/><F89/><W10/><G43/><N who="2" m="16393" /><F1/><W92/><G40/><N who="0" m="24903" /><D134/><U74/><E74/><V5/><F3/><W9/><G116/><T54/><AGARI ba="0,0" hai="29,31,47,51,54,79,83,85" m="24903,37935" machi="54" ten="30,1100,0" yaku="8,1" doraHai="7" who="0" fromWho="0" sc="173,11,26,-3,165,-5,636,-3" /><INIT seed="7,0,0,5,0,11" ten="184,23,160,633" oya="3" hai0="72,104,74,32,40,80,109,52,44,92,101,58,16" hai1="119,55,70,6,64,33,43,60,61,94,126,3,9" hai2="54,53,81,63,29,25,65,128,85,24,46,93,86" hai3="134,23,45,7,91,129,105,67,2,114,14,76,130"/><W97/><G14/><T5/><D104/><U99/><E126/><V131/><F93/><W48/><G91/><T87/><D32/><U106/><E119/><V39/><F85/><W37/><G48/><N who="0" m="26631" /><D74/><U18/><E43/><V89/><F25/><W35/><G23/><T15/><D72/><U71/><E94/><V50/><F39/><W49/><G97/><N who="0" m="59559" /><D5/><U115/><E115/><V28/><F54/><W30/><G30/><T102/><D102/><U56/><E18/><V31/><F24/><W78/><G49/><N who="0" m="30991" /><D109/><U73/><E73/><V117/><REACH who="2" step="1"/><F117/><REACH who="2" ten="184,23,150,633" step="2"/><W17/><G78/><T75/><D75/><U10/><E55/><V103/><F103/><W38/><G17/><T77/><D16/><U34/><E99/><V68/><AGARI ba="0,1" hai="28,29,31,46,50,53,63,65,68,81,86,89,128,131" machi="68" ten="30,2000,0" yaku="1,1,0,1,53,0" doraHai="11" doraHaiUra="135" who="2" fromWho="2" sc="184,-5,23,-5,150,30,633,-10" owari="179,-22.0,18,-48.0,180,-2.0,623,72.0" /></mjloggm>