<mjloggm ver="2.3"><GO type="193" lobby="0"/><UN n0="%E3%82%B7%E3%83%BC%E3%82%B7%E3%83%BC" n1="%E5%B0%B1%E6%B4%BB%E7%94%9F%40%E5%B7%9D%E6%9D%91%E8%BB%8D%E5%9B%A3" n2="%47%49%4E%32" n3="%73%65%6B%69%74%61%6E%49" dan="11,11,10,10" rate="1601.81,1816.10,1689.19,1412.00" sx="M,M,M,M"/><TAIKYOKU oya="0"/><INIT seed="0,0,0,3,1,78" ten="250,250,250,250" oya="0" hai0="105,116,112,14,107,27,66,49,84,34,92,119,50" hai1="63,51,56,95,42,100,72,21,62,33,11,18,113" hai2="55,123,132,101,98,43,26,131,10,103,82,35,85" hai3="80,38,94,3,6,86,8,39,71,24,40,122,74"/><T64/><D112/><U127/><E33/><V96/><F123/><W12/><G122/><T79/><D14/><U69/><E113/><V120/><F120/><W87/><G71/><T68/><D27/><U67/><E72/><V117/><F117/><W108/><G108/><T29/><D29/><U2/><E127/><V60/><F132/><W70/><G70/><T58/><D34/><U36/><E36/><V23/><F131/><W110/><G110/><T88/><D68/><U28/><E28/><V19/><F43/><W4/><G24/><T76/><D58/><U41/><E11/><V106/><F35/><W121/><G121/><T126/><D84/><U65/><E2/><V102/><F10/><W115/><G115/><T73/><D92/><U48/><E42/><V135/><F135/><W128/><G128/><T9/><D9/><U77/><E77/><N who="2" m="46287" /><F106/><W90/><G40/><T124/><D73/><U91/><E41/><V81/><F81/><W32/><G74/><T114/><D114/><U125/><E100/><N who="2" m="25603" /><V30/><DORA hai="104" /><F19/><W130/><G32/><T17/><D17/><U13/><REACH who="1" step="1"/><E125/><REACH who="1" ten="250,240,250,250" step="2"/><V1/><F1/><W53/><G3/><T54/><REACH who="0" step="1"/><D54/><REACH who="0" ten="240,240,250,250" step="2"/><U134/><E134/><V133/><F133/><W89/><G53/><T20/><D20/><U118/><E118/><V75/><F75/><W31/><G130/><T7/><D7/><U0/><E0/><V44/><F44/><W45/><G31/><T99/><D99/><AGARI ba="0,2" hai="13,18,21,48,51,56,62,63,65,67,69,91,95,99" machi="99" ten="30,3900,0" yaku="1,1,7,1,53,1" doraHai="78,104" doraHaiUra="129,16" who="1" fromWho="0" sc="240,-39,240,59,250,0,250,0" /><INIT seed="1,0,0,0,3,48" ten="201,299,250,250" oya="1" hai0="128,73,61,18,99,90,26,55,72,39,43,129,13" hai1="0,83,59,17,110,27,77,46,45,16,35,87,91" hai2="47,24,79,56,96,88,5,105,103,53,29,102,32" hai3="1,52,134,23,8,6,120,36,42,101,22,11,50"/><U116/><E0/><V81/><F5/><W44/><G120/><T33/><D43/><U58/><E116/><V51/><F102/><W76/><G101/><T108/><D39/><U85/><E110/><V49/><F88/><W25/><G76/><T80/><D108/><U78/><E35/><V127/><F127/><W3/><G134/><T124/><D124/><U98/><E98/><V54/><F81/><W131/><G131/><N who="0" m="50251" /><D33/><U15/><E27/><V60/><F79/><W133/><G133/><T30/><D26/><U132/><E132/><V82/><F82/><W37/><G37/><T12/><D30/><U93/><E17/><V20/><F32/><W92/><G92/><N who="0" m="56727" /><D80/><U95/><E95/><V97/><F97/><W118/><G118/><T28/><D28/><U135/><E78/><V126/><F126/><W130/><G130/><T65/><D12/><U104/><E104/><V122/><REACH who="2" step="1"/><F60/><REACH who="2" ten="201,299,240,250" step="2"/><W14/><G6/><T75/><D75/><U89/><E135/><V57/><F57/><N who="1" m="21513" /><E77/><V21/><F21/><AGARI ba="0,1" hai="15,16,21,45,46,83,85,87,89,91,93" m="21513" machi="21" ten="30,2900,0" yaku="8,1,54,1" doraHai="48" who="1" fromWho="2" sc="201,0,299,39,240,-29,250,0" /><INIT seed="1,1,0,0,3,112" ten="201,338,211,250" oya="1" hai0="108,97,6,60,101,25,27,24,92,54,50,104,77" hai1="87,69,58,53,79,91,90,28,119,95,74,131,43" hai2="4,11,67,52,64,83,5,48,66,9,80,8,116" hai3="71,85,47,62,129,126,13,49,45,127,118,73,2"/><U94/><E69/><V78/><F116/><W42/><G73/><T34/><D77/><U89/><E131/><V17/><F17/><W133/><G2/><T35/><D6/><U86/><E28/><V135/><F135/><W130/><G133/><T55/><D108/><U16/><E43/><V111/><F111/><W57/><G71/><T56/><REACH who="0" step="1"/><D104/><REACH who="0" ten="191,338,211,250" step="2"/><U120/><E79/><V124/><F124/><N who="3" m="47659" /><G47/><AGARI ba="1,1" hai="24,25,27,34,35,47,50,54,55,56,60,92,97,101" machi="47" ten="40,1300,0" yaku="1,1,53,0" doraHai="112" doraHaiUra="15" who="0" fromWho="3" sc="191,26,338,0,211,0,250,-16" /><INIT seed="2,0,0,0,5,19" ten="217,338,211,234" oya="2" hai0="132,35,61,110,59,67,17,72,80,53,93,129,101" hai1="51,94,112,75,30,34,48,103,97,49,84,82,135" hai2="69,41,2,91,95,7,78,18,25,46,128,105,99" hai3="40,44,92,9,50,120,42,127,45,63,114,4,123"/><V131/><F69/><W70/><G70/><T23/><D35/><U12/><E75/><V15/><F105/><W13/><G114/><T6/><D132/><U47/><E112/><V119/><F119/><W85/><G63/><T111/><D6/><U113/><E113/><V54/><F78/><W126/><G92/><T88/><D101/><U28/><E135/><V90/><F25/><W56/><G85/><T109/><D129/><N who="2" m="49738" /><F2/><W117/><G117/><T66/><D80/><U73/><E73/><V8/><F7/><W36/><REACH who="3" step="1"/><G56/><REACH who="3" ten="217,338,211,224" step="2"/><T115/><D115/><U21/><E47/><V100/><F54/><W130/><G130/><T52/><D72/><U102/><E84/><V74/><F74/><W118/><G118/><T57/><D57/><U125/><E94/><V27/><F27/><W10/><G10/><T106/><D106/><U24/><E82/><V33/><F33/><W134/><G134/><T14/><REACH who="0" step="1"/><D67/><REACH who="0" ten="207,338,211,224" step="2"/><U20/><E34/><V37/><AGARI ba="0,2" hai="8,15,18,37,41,46,90,91,95,99,100" m="49738" machi="37" ten="30,1500,0" yaku="19,1" doraHai="19" who="2" fromWho="2" sc="207,-5,338,-5,211,35,224,-5" /><INIT seed="2,1,0,0,0,59" ten="202,333,246,219" oya="2" hai0="78,110,115,15,53,61,103,27,45,96,4,71,107" hai1="125,41,111,9,49,85,67,40,98,73,104,130,31" hai2="35,30,95,16,77,70,21,79,44,126,32,116,54" hai3="7,91,3,90,14,0,34,108,94,25,57,68,122"/><V84/><F116/><W76/><G68/><T29/><D115/><U38/><E73/><V64/><F126/><W56/><G34/><T43/><D78/><U92/><E38/><V128/><F128/><W66/><G76/><T106/><D110/><U22/><E111/><V72/><F72/><W102/><G108/><T58/><D71/><U88/><E125/><V135/><F135/><W63/><G122/><T24/><D4/><U133/><E133/><V17/><F70/><W83/><G25/><T28/><D15/><U118/><E118/><V134/><F134/><W5/><G102/><T50/><D107/><U105/><E130/><V100/><F64/><W48/><G48/><T11/><D11/><U18/><E67/><V121/><F121/><W19/><G57/><T82/><D82/><U97/><E104/><V124/><F124/><W74/><G74/><T65/><D65/><U101/><E31/><V75/><F75/><W6/><G83/><T69/><D69/><U1/><E49/><N who="2" m="28967" /><F35/><W114/><G114/><T55/><D55/><U8/><E98/><N who="2" m="59487" /><F32/><W12/><G12/><T33/><D29/><U51/><E1/><V10/><F10/><W36/><G36/><T23/><D27/><U13/><E41/><V47/><F47/><W89/><REACH who="3" step="1"/><G94/><REACH who="3" ten="202,333,246,209" step="2"/><T129/><D129/><U60/><E51/><V86/><F77/><W117/><G117/><T81/><D81/><U37/><E37/><V46/><F46/><W52/><G52/><T112/><D112/><U42/><E40/><V131/><F131/><W39/><G39/><T20/><AGARI ba="1,1" hai="20,23,24,28,33,43,45,50,53,58,61,96,103,106" machi="20" ten="30,2000,0" yaku="0,1,52,1" doraHai="59" who="0" fromWho="0" sc="202,33,333,-6,246,-11,209,-6" /><INIT seed="3,0,0,3,1,79" ten="235,327,235,203" oya="3" hai0="62,117,67,83,20,36,131,77,10,123,70,53,104" hai1="16,29,127,126,19,116,13,109,7,115,97,31,32" hai2="17,9,65,14,21,93,58,112,6,134,90,130,8" hai3="5,43,49,25,23,48,38,73,120,66,86,33,51"/><W55/><G120/><T27/><D123/><U101/><E115/><V41/><F112/><W2/><G73/><T63/><D117/><U28/><E116/><V92/><F134/><W111/><G33/><T37/><D104/><U42/><E109/><V103/><F130/><W76/><G38/><T39/><D131/><U105/><E42/><V100/><F41/><W3/><G111/><T40/><D10/><N who="1" m="4319" /><E32/><V64/><F92/><W12/><G66/><T125/><D125/><AGARI ba="0,0" hai="16,19,28,29,31,97,101,105,125,126,127" m="4319" machi="125" ten="30,2000,0" yaku="18,1,54,1" doraHai="79" who="1" fromWho="0" sc="235,-20,327,20,235,0,203,0" owari="215,-18.0,347,44.0,235,4.0,203,-30.0" /></mjloggm>