<mjloggm ver="2.3"><GO type="97" lobby="0"/><UN n0="%E3%82%A6%E3%83%AB%E3%83%88%E3%83%A9%E7%AB%8B%E7%9B%B4" n1="%E3%81%8A%E8%8C%B6%E3%83%91%E3%83%AF%E3%83%BC" n2="%69%2E%6E%2E%67%6F%64%76" n3="%53%54%52%33%39%39" dan="15,13,13,14" rate="1997.44,1848.21,1843.09,1874.83" sx="M,M,M,M"/><TAIKYOKU oya="0"/><INIT seed="0,0,0,1,2,133" ten="250,250,250,250" oya="0" hai0="96,14,126,104,110,15,129,7,84,29,113,69,2" hai1="102,115,77,85,135,22,16,17,54,75,24,19,58" hai2="100,73,112,124,128,44,21,131,36,63,67,105,48" hai3="30,8,43,87,20,57,118,108,52,9,49,86,125"/><T0/><D69/><U78/><E135/><V93/><F112/><W111/><G118/><T56/><D104/><U1/><E1/><N who="0" m="617" /><D84/><N who="3" m="32297" /><G125/><T66/><D96/><U40/><E115/><V117/><F117/><W91/><G91/><T106/><D56/><U97/><E40/><V68/><F73/><W60/><G111/><T51/><D66/><U35/><E75/><V53/><F105/><W65/><G108/><T134/><D51/><U123/><E123/><V107/><F107/><W13/><G43/><T70/><D70/><U99/><E35/><V61/><F61/><W79/><G79/><N who="1" m="30218" /><E85/><V5/><F5/><W47/><G13/><N who="0" m="4619" /><D106/><U25/><E25/><AGARI ba="0,0" hai="8,9,20,25,30,47,49,52,57,60,65" m="32297" machi="25" ten="30,2000,0" yaku="8,1,54,1" doraHai="133" who="3" fromWho="1" sc="250,0,250,-20,250,0,250,20" /><INIT seed="1,0,0,4,3,15" ten="250,230,250,270" oya="1" hai0="62,70,27,22,43,46,1,78,58,7,50,85,33" hai1="90,122,51,108,118,42,34,81,36,127,116,66,38" hai2="68,59,84,30,107,74,63,39,11,35,31,28,96" hai3="86,134,49,119,23,103,95,115,13,37,65,121,93"/><U99/><E122/><V131/><F74/><W32/><G86/><T112/><D33/><U0/><E0/><V120/><F39/><W111/><G93/><T124/><D124/><U18/><E127/><V60/><F131/><W83/><G95/><T114/><D70/><U125/><E125/><V128/><F128/><W104/><G103/><T44/><D1/><U64/><E108/><V5/><F120/><W73/><G65/><T56/><D7/><U4/><E34/><V6/><F84/><W72/><G49/><T24/><D78/><U2/><E18/><V89/><F35/><W21/><G83/><T87/><D22/><U16/><E4/><N who="2" m="1643" /><F107/><W47/><G47/><T48/><REACH who="0" step="1"/><D62/><REACH who="0" ten="240,230,250,270" step="2"/><N who="2" m="23594" /><F68/><W113/><G32/><T109/><D109/><U94/><E2/><V97/><F11/><W106/><G111/><T53/><D53/><U77/><E118/><V25/><F25/><W26/><G26/><T52/><D52/><U41/><E116/><V29/><F29/><W82/><G119/><T8/><D8/><U130/><E66/><V61/><F89/><W88/><G88/><T133/><D133/><U54/><E54/><AGARI ba="0,1" hai="28,30,31,54,59,61,96,97" m="23594,1643" machi="54" ten="30,1000,0" yaku="8,1" doraHai="15" who="2" fromWho="1" sc="240,0,230,-10,250,20,270,0" /><INIT seed="2,0,0,2,5,80" ten="240,220,270,270" oya="2" hai0="35,40,94,13,98,96,106,1,62,14,9,83,101" hai1="90,66,72,10,32,43,18,121,28,61,81,86,97" hai2="127,60,19,16,54,119,39,0,122,50,111,30,58" hai3="71,69,108,125,103,42,44,11,64,117,104,116,114"/><V89/><F119/><W95/><G95/><T55/><D35/><U17/><E121/><V77/><F122/><W38/><G108/><T78/><D40/><U56/><E43/><V112/><F112/><W51/><G51/><T128/><D128/><U92/><E72/><V110/><F39/><W75/><G125/><T130/><D130/><U102/><E32/><V15/><F0/><W59/><G59/><T36/><D36/><U105/><E28/><V37/><F37/><W46/><G46/><T34/><D34/><U24/><E24/><V41/><F127/><W109/><G109/><N who="2" m="41481" /><F77/><W135/><G114/><T84/><D1/><U20/><E20/><N who="2" m="11295" /><F30/><W133/><G116/><T70/><D9/><U53/><E105/><V3/><F3/><W21/><G117/><T74/><D74/><U45/><E10/><V123/><F123/><W131/><G11/><T93/><D106/><U29/><E29/><V76/><F76/><W118/><G131/><T99/><D99/><U65/><REACH who="1" step="1"/><E45/><REACH who="1" ten="240,210,270,270" step="2"/><N who="2" m="25903" /><F19/><AGARI ba="0,1" hai="17,18,19,53,56,61,65,66,81,86,90,92,97,102" machi="19" ten="40,5200,0" yaku="1,1,8,1,52,1,53,0" doraHai="80" doraHaiUra="8" who="1" fromWho="2" sc="240,0,210,62,270,-52,270,0" /><INIT seed="3,0,0,1,3,22" ten="240,272,218,270" oya="3" hai0="41,74,56,50,73,98,11,34,12,66,68,124,105" hai1="84,119,19,30,130,71,44,57,113,135,35,103,20" hai2="7,121,112,17,92,117,43,24,93,127,128,129,123" hai3="110,125,97,132,47,133,29,100,78,107,48,69,18"/><W126/><G69/><T90/><D34/><U59/><E135/><N who="3" m="51786" /><G18/><T131/><D124/><N who="3" m="47721" /><G78/><T82/><D131/><N who="2" m="50250" /><F127/><W86/><G86/><T45/><D68/><U114/><E130/><V87/><F43/><N who="3" m="24703" /><G29/><T33/><D74/><U80/><E30/><V65/><F65/><W10/><G10/><T58/><D73/><U116/><E19/><V101/><F7/><W60/><G60/><T115/><D66/><U76/><E71/><V32/><F112/><W31/><G31/><T2/><D115/><U111/><E84/><V54/><F117/><W53/><G53/><T106/><D98/><U104/><E76/><V40/><F40/><W83/><G83/><T99/><D82/><U8/><E80/><V16/><F54/><W55/><G55/><T94/><D56/><U67/><E57/><V108/><F108/><AGARI ba="0,0" hai="97,100,107,108,110" m="24703,47721,51786" machi="108" ten="40,3900,0" yaku="20,1,18,1" doraHai="22" who="3" fromWho="2" sc="240,0,272,0,218,-39,270,39" owari="240,-16.0,272,7.0,179,-32.0,309,41.0" /></mjloggm>