<mjloggm ver="2.3"><GO type="97" lobby="0"/><UN n0="%E3%82%A6%E3%83%AB%E3%83%88%E3%83%A9%E7%AB%8B%E7%9B%B4" n1="%E3%81%B1%E3%81%8F%E3%82%8A%E3%82%93%E3%81%93" n2="%E3%82%AF%E3%83%AD%E3%83%AD%E3%83%93%E3%83%83%E3%83%81" n3="%E3%83%A1%E3%83%A9%E3%83%8B%E3%83%BC%43" dan="13,13,15,14" rate="1860.85,1912.10,1980.68,2017.16" sx="M,F,M,M"/><TAIKYOKU oya="0"/><INIT seed="0,0,0,3,0,12" ten="250,250,250,250" oya="0" hai0="10,69,125,93,81,88,90,9,105,82,64,92,31" hai1="83,85,77,134,15,0,46,34,16,96,14,47,131" hai2="26,52,76,107,84,27,87,43,103,112,99,68,37" hai3="71,33,121,104,45,58,44,53,106,35,51,117,98"/><T4/><D105/><U124/><E0/><V25/><F112/><W91/><G117/><T30/><D69/><U118/><E34/><V55/><F68/><W127/><G71/><T42/><D64/><U116/><E15/><V62/><F76/><W122/><G127/><T102/><D102/><U73/><E134/><V5/><F5/><W59/><G91/><T89/><D42/><U79/><E131/><V101/><F101/><W65/><G98/><T132/><D132/><U11/><E124/><V54/><REACH who="2" step="1"/><F62/><REACH who="2" ten="250,250,240,250" step="2"/><W1/><G51/><T20/><D125/><U60/><E79/><V61/><F61/><W74/><G74/><T114/><D4/><U133/><E133/><V72/><F72/><W108/><G1/><T32/><D114/><U23/><E73/><V86/><F86/><W123/><G123/><T95/><D32/><U67/><E118/><V3/><F3/><W6/><G6/><T40/><D82/><U41/><E116/><V21/><F21/><W22/><G22/><T24/><D81/><U13/><E96/><V94/><F94/><W63/><G63/><T49/><D31/><U70/><E41/><V28/><F28/><W29/><G29/><T18/><D30/><U100/><E100/><V120/><F120/><W109/><G65/><T7/><D7/><AGARI ba="0,1" hai="7,11,13,14,16,23,46,47,60,67,70,77,83,85" machi="7" ten="30,3900,0" yaku="7,1,52,1,54,1" doraHai="12" who="1" fromWho="0" sc="250,-39,250,49,240,0,250,0" /><INIT seed="1,0,0,4,4,28" ten="211,299,240,250" oya="1" hai0="56,130,72,30,117,113,111,95,48,89,34,67,64" hai1="76,82,129,85,114,121,46,65,18,49,35,22,19" hai2="98,38,44,10,83,71,123,5,66,81,6,60,53" hai3="78,0,37,134,61,116,94,36,99,73,125,88,124"/><U15/><E35/><V17/><F123/><W26/><G0/><T16/><D72/><U24/><E121/><V96/><F17/><W21/><G116/><T47/><D117/><U126/><E129/><V55/><F53/><W75/><G134/><T93/><D113/><U25/><E126/><V51/><F38/><W32/><G61/><T9/><D111/><U127/><E127/><N who="3" m="48714" /><G78/><T52/><D130/><U68/><E114/><V69/><F69/><W3/><G3/><T50/><D34/><U112/><E112/><V63/><F63/><W80/><G80/><T108/><D30/><U45/><E68/><V92/><F5/><W14/><G14/><N who="0" m="7247" /><D108/><U70/><E70/><V27/><F27/><W13/><G13/><T100/><D100/><U74/><E65/><N who="0" m="25161" /><D89/><U110/><E110/><V103/><F98/><W2/><G2/><AGARI ba="0,0" hai="2,6,10,44,51,55,60,66,71,81,83,92,96,103" machi="2" ten="30,1000,0" yaku="7,1" doraHai="28" who="2" fromWho="3" sc="211,0,299,0,240,10,250,-10" /><INIT seed="2,0,0,0,1,84" ten="211,299,250,240" oya="2" hai0="9,99,31,45,114,28,38,104,79,95,44,76,102" hai1="25,56,60,16,70,26,89,128,54,77,109,91,86" hai2="27,55,37,50,131,59,103,5,118,48,82,100,41" hai3="6,18,115,32,97,108,120,51,101,134,64,129,121"/><V93/><F131/><W22/><G32/><T85/><D114/><U130/><E70/><V106/><F118/><W69/><G129/><N who="1" m="49770" /><E109/><V21/><F37/><W35/><G35/><T90/><D9/><U29/><E29/><V0/><F106/><W13/><G108/><T127/><D127/><U20/><E26/><V23/><F0/><W98/><G115/><T33/><D33/><U72/><E72/><V2/><F2/><W52/><G98/><T19/><D19/><U117/><E117/><V105/><F105/><W88/><G6/><T92/><D104/><U8/><E8/><V40/><F5/><W1/><G101/><T113/><D113/><U34/><E34/><V74/><F74/><W3/><G134/><T15/><D15/><U125/><E125/><V107/><F107/><W11/><G3/><T135/><D135/><U58/><E56/><V132/><F132/><W66/><G11/><T111/><D111/><U68/><E68/><V46/><F41/><W119/><G1/><T71/><D71/><U17/><E17/><V83/><F23/><W75/><G75/><T14/><D14/><U43/><E43/><V94/><F103/><W78/><G119/><T39/><D39/><U63/><E63/><V65/><F65/><W12/><G12/><T110/><D110/><U47/><E47/><N who="0" m="17993" /><D38/><U133/><E133/><V116/><F116/><W112/><G112/><T124/><D124/><U30/><E30/><AGARI ba="0,0" hai="28,30,31,76,79,85,90,92,95,99,102" m="17993" machi="30" ten="30,2000,0" yaku="8,1,52,1" doraHai="84" who="0" fromWho="1" sc="211,20,299,-20,250,0,240,0" /><INIT seed="3,0,0,1,2,25" ten="231,279,250,240" oya="3" hai0="97,59,71,98,19,47,79,73,53,72,130,3,8" hai1="18,127,21,80,131,67,42,111,56,90,40,113,28" hai2="48,57,84,109,50,123,132,91,16,103,92,74,78" hai3="43,54,34,69,68,11,66,6,22,17,87,88,77"/><W82/><G34/><T86/><D71/><U24/><E113/><V23/><F109/><W0/><G66/><T94/><D130/><U46/><E111/><V33/><F33/><W39/><G54/><T122/><D122/><U112/><E127/><V135/><F123/><W26/><G43/><N who="1" m="16426" /><E46/><V121/><F121/><W60/><G60/><N who="0" m="35951" /><D73/><U105/><E105/><V129/><F129/><W120/><G39/><T65/><D72/><U89/><E112/><V85/><F74/><W20/><G120/><T62/><D3/><U44/><E44/><V118/><F103/><W70/><REACH who="3" step="1"/><G22/><REACH who="3" ten="231,279,250,230" step="2"/><T102/><D62/><N who="1" m="38343" /><E131/><V76/><F118/><W117/><G117/><T75/><D65/><U15/><E80/><V128/><F128/><W30/><G30/><T114/><D114/><U31/><E28/><V126/><F126/><W55/><G55/><T104/><D47/><U36/><E36/><V2/><F132/><W1/><G1/><T10/><D10/><AGARI ba="0,1" hai="10,15,18,21,24,31,89,90" m="38343,16426" machi="10" ten="30,2000,0" yaku="8,1,52,1" doraHai="25" who="1" fromWho="0" sc="231,-20,279,30,250,0,230,0" owari="211,-29.0,309,41.0,250,5.0,230,-17.0" /></mjloggm>