<mjloggm ver="2.3"><GO type="97" lobby="0"/><UN n0="%6C%65%61%6B%69%6E%67" n1="%6B%61%6D%65%6E%61%6E%6E" n2="%E3%82%A6%E3%83%AB%E3%83%88%E3%83%A9%E7%AB%8B%E7%9B%B4" n3="%E3%81%BE%E3%82%80%E3%81%8A" dan="15,13,14,14" rate="2000.83,1873.97,1911.28,1937.44" sx="M,M,M,M"/><TAIKYOKU oya="0"/><INIT seed="0,0,0,4,1,27" ten="250,250,250,250" oya="0" hai0="120,13,82,75,4,20,121,133,18,117,69,57,42" hai1="111,32,70,96,47,92,80,99,15,44,98,9,26" hai2="72,6,88,36,83,58,46,50,65,67,28,45,114" hai3="68,31,119,14,35,74,0,48,135,64,11,1,81"/><T129/><D117/><U105/><E70/><V76/><F114/><W134/><G119/><T51/><D69/><U52/><E105/><V43/><F6/><W97/><G97/><T19/><D129/><U16/><E111/><V49/><F36/><W89/><G48/><T41/><D133/><N who="3" m="50697" /><G64/><T10/><D19/><U53/><E80/><V103/><F103/><W87/><G68/><T116/><D116/><U30/><REACH who="1" step="1"/><E92/><REACH who="1" ten="250,240,250,250" step="2"/><V22/><F83/><W62/><G74/><T110/><D110/><U54/><AGARI ba="0,1" hai="9,15,16,26,30,32,44,47,52,53,54,96,98,99" machi="54" ten="30,12000,2" yaku="1,1,2,1,0,1,52,1,54,2,53,1" doraHai="27" doraHaiUra="7" who="1" fromWho="1" sc="250,-60,240,130,250,-30,250,-30" /><INIT seed="1,0,0,4,1,55" ten="190,370,220,220" oya="1" hai0="11,56,76,29,44,84,126,41,119,20,109,95,107" hai1="85,28,74,5,58,69,64,91,108,131,66,18,53" hai2="133,134,38,1,82,25,15,93,123,7,10,42,67" hai3="32,37,26,132,63,71,81,117,21,4,51,105,24"/><U110/><E74/><V47/><F123/><W17/><G37/><T40/><D119/><U128/><E5/><V130/><F130/><N who="1" m="49705" /><E28/><V103/><F25/><W101/><G132/><N who="2" m="50793" /><F82/><W0/><G117/><T70/><D107/><U88/><E18/><V129/><F129/><W52/><G81/><T116/><D70/><U8/><E8/><V77/><F77/><W16/><G4/><T54/><D116/><U65/><E69/><V99/><F67/><W61/><G0/><AGARI ba="0,0" hai="0,1,7,10,15,38,42,47,93,99,103" m="50793" machi="0" ten="30,1000,0" yaku="20,1" doraHai="55" who="2" fromWho="3" sc="190,0,370,0,220,10,220,-10" /><INIT seed="2,0,0,0,0,133" ten="190,370,230,210" oya="2" hai0="22,107,46,82,99,81,130,100,45,88,102,29,55" hai1="85,43,105,19,23,132,113,121,48,66,69,17,118" hai2="112,84,129,30,98,114,119,75,63,96,50,36,3" hai3="37,70,40,14,7,126,67,4,24,32,93,78,68"/><V120/><F36/><W91/><G78/><T74/><D130/><U124/><E113/><V25/><F3/><W0/><G0/><T57/><D102/><U42/><E118/><V106/><F120/><W6/><G40/><T110/><D110/><U41/><E105/><V123/><F75/><W134/><G37/><T80/><D74/><U76/><E121/><V31/><F123/><W8/><G134/><T89/><D46/><U35/><E35/><V16/><F119/><W72/><G126/><T11/><D45/><U64/><E132/><V86/><F129/><W77/><G77/><T21/><D11/><U71/><E124/><V90/><F106/><W33/><G72/><T92/><D29/><N who="2" m="10762" /><F50/><W79/><G79/><T15/><D15/><U20/><E48/><V9/><F112/><W60/><G24/><T111/><D111/><U116/><E116/><V1/><F1/><W51/><G51/><N who="0" m="30975" /><D107/><U2/><E2/><V135/><F135/><W52/><G52/><T115/><D115/><U34/><E34/><V18/><F114/><W103/><G103/><T94/><D100/><U54/><E71/><V83/><F63/><W59/><G33/><T27/><D27/><U12/><E69/><V101/><F101/><W95/><G32/><T87/><AGARI ba="0,0" hai="21,22,80,81,82,87,88,89,92,94,99" m="30975" machi="87" ten="30,2000,0" yaku="8,1,54,1" doraHai="133" who="0" fromWho="0" sc="190,20,370,-5,230,-10,210,-5" /><INIT seed="3,0,0,1,5,74" ten="210,365,220,205" oya="3" hai0="16,119,48,41,20,79,70,100,123,59,46,37,53" hai1="78,76,75,57,120,31,43,91,102,87,3,8,93" hai2="128,132,69,89,23,96,22,99,101,45,5,84,122" hai3="19,1,51,131,85,72,17,81,111,44,67,63,24"/><W95/><G1/><T11/><D119/><U121/><E31/><V54/><F69/><W50/><G131/><T14/><D123/><U9/><E43/><V52/><F5/><W66/><G111/><T104/><D79/><N who="1" m="30251" /><E75/><V114/><F45/><W107/><G107/><T90/><D70/><U113/><E3/><V55/><F101/><W118/><G118/><T34/><D34/><U77/><N who="1" m="30259" /><U68/><DORA hai="80" /><E68/><V108/><F108/><W105/><G105/><T62/><D90/><U60/><E113/><V0/><F128/><W18/><G72/><T106/><D100/><U127/><E127/><V103/><F103/><W13/><G95/><T86/><D86/><U61/><E121/><V71/><F0/><W73/><G24/><T26/><D37/><U65/><E120/><V47/><F71/><W12/><G73/><T126/><D126/><U94/><E61/><V56/><F114/><W110/><G110/><T32/><D32/><U35/><E35/><V116/><F116/><W6/><G6/><AGARI ba="0,0" hai="6,11,14,16,20,26,41,46,48,53,59,62,104,106" machi="6" ten="30,2000,0" yaku="7,1,54,1" doraHai="74,80" who="0" fromWho="3" sc="210,20,365,0,220,0,205,-20" owari="230,3.0,365,46.0,220,-18.0,185,-31.0" /></mjloggm>