<mjloggm ver="2.3"><GO type="41" lobby="0"/><UN n0="%41%50%53%68%6F%74%21%21" n1="%E3%82%B8%E3%83%AA%E8%B2%A7%E4%BB%99%E4%BA%BA" n2="%E3%81%A8%E3%82%8A%E3%81%AE%E5%A4%A9%E3%81%B7%E3%82%89" n3="%E5%B0%B1%E6%B4%BB%E7%94%9F%40%E5%B7%9D%E6%9D%91%E8%BB%8D%E5%9B%A3" dan="13,14,15,15" rate="1872.90,1913.24,2000.22,2002.25" sx="F,M,M,M"/><TAIKYOKU oya="0"/><INIT seed="0,0,0,3,3,64" ten="250,250,250,250" oya="0" hai0="66,56,29,18,113,59,27,23,11,31,57,55,44" hai1="92,67,39,6,119,121,81,69,129,124,19,98,128" hai2="36,43,118,49,47,95,127,73,62,107,126,84,91" hai3="32,134,77,30,35,20,61,34,45,123,25,110,21"/><T88/><D113/><U51/><E121/><V117/><F107/><W87/><G123/><T40/><D66/><U9/><E119/><N who="2" m="45579" /><F73/><W13/><G110/><T22/><D11/><U101/><E39/><V38/><F62/><W26/><G134/><T28/><D88/><U37/><E37/><AGARI ba="0,0" hai="36,37,38,43,47,49,84,91,95,126,127" m="45579" machi="37" ten="30,1000,0" yaku="12,1" doraHai="64" who="2" fromWho="1" sc="250,0,250,-10,250,10,250,0" /><INIT seed="1,0,0,5,3,47" ten="250,240,260,250" oya="1" hai0="25,57,21,62,103,53,106,72,128,34,112,70,8" hai1="58,66,133,50,86,92,110,125,94,88,23,22,80" hai2="109,63,71,52,114,130,64,7,119,127,48,15,35" hai3="122,89,14,40,65,28,56,67,99,87,85,73,29"/><U13/><E125/><V10/><F119/><W2/><G122/><T26/><D112/><U83/><E133/><V42/><F127/><W132/><G73/><T108/><D72/><U18/><E110/><V105/><F114/><W134/><G2/><T78/><D78/><U75/><E23/><V36/><F109/><W20/><G40/><T24/><D108/><U81/><E66/><V121/><F105/><W131/><G131/><T37/><D37/><U90/><E75/><V115/><F115/><W19/><G99/><T33/><D128/><U38/><E38/><V107/><F107/><W126/><G126/><T54/><D70/><U60/><E60/><V116/><F130/><W97/><G97/><T100/><D21/><U16/><E18/><V17/><F35/><W135/><G85/><T91/><D8/><U9/><E9/><V3/><F116/><W61/><REACH who="3" step="1"/><G67/><REACH who="3" ten="250,240,260,240" step="2"/><N who="0" m="39375" /><D106/><U59/><E50/><V124/><F124/><W5/><G5/><T44/><D54/><U12/><E13/><V49/><F121/><W74/><G74/><T76/><D34/><U118/><E118/><V45/><F52/><W1/><G1/><T27/><D33/><U129/><E129/><V93/><F93/><AGARI ba="0,1" hai="14,19,20,28,29,56,61,65,87,89,93,132,134,135" machi="93" ten="40,2600,0" yaku="1,1,20,1,53,0" doraHai="47" doraHaiUra="117" who="3" fromWho="2" sc="250,0,240,0,260,-26,240,36" /><INIT seed="2,0,0,3,0,121" ten="250,240,234,276" oya="2" hai0="11,52,59,6,126,79,102,97,31,114,81,64,76" hai1="57,123,71,15,77,45,135,9,113,12,61,27,96" hai2="32,89,84,50,56,55,17,41,39,25,87,120,80" hai3="129,38,54,127,112,119,95,40,108,28,83,33,70"/><V43/><F120/><W104/><RYUUKYOKU type="yao9" ba="0,0" sc="250,0,240,0,234,0,276,0" hai3="28,33,38,40,54,70,83,95,104,108,112,119,127,129" /><INIT seed="2,1,0,2,0,8" ten="250,240,234,276" oya="2" hai0="121,31,94,55,105,65,36,5,114,96,87,4,97" hai1="112,9,49,18,117,44,123,92,110,28,68,107,113" hai2="95,0,79,19,115,128,70,20,24,21,104,88,25" hai3="34,72,16,108,50,58,66,46,83,73,84,93,77"/><V76/><F115/><W90/><G34/><T13/><D114/><U89/><E107/><V116/><F116/><W109/><G73/><T69/><D36/><U129/><E117/><V7/><F104/><W86/><G66/><T3/><D3/><U135/><E68/><V100/><F100/><W78/><G58/><T2/><D2/><U12/><E28/><V126/><F70/><W133/><G133/><T45/><D121/><U51/><E135/><V29/><F128/><W6/><G6/><T82/><D105/><U125/><E123/><V131/><F126/><W43/><G78/><T52/><D31/><U40/><E125/><V62/><F131/><W22/><REACH who="3" step="1"/><G72/><REACH who="3" ten="250,240,234,266" step="2"/><T91/><D65/><U80/><E129/><V67/><F67/><W103/><G103/><T127/><D127/><U15/><E110/><V48/><F62/><W17/><G17/><T59/><D69/><U75/><E75/><V71/><F71/><W56/><G56/><T111/><D111/><U120/><E120/><V81/><F7/><W41/><G41/><T57/><D57/><U32/><E32/><V101/><F0/><W60/><G60/><T33/><D33/><U1/><E113/><V42/><F101/><W26/><AGARI ba="1,1" hai="16,22,26,43,46,50,77,83,84,86,90,93,108,109" machi="26" ten="30,4000,0" yaku="1,1,0,1,54,1,53,0" doraHai="8" doraHaiUra="102" who="3" fromWho="3" sc="250,-11,240,-11,234,-21,266,53" /><INIT seed="3,0,0,3,5,129" ten="239,229,213,319" oya="3" hai0="11,81,53,56,97,118,67,16,111,38,64,100,36" hai1="85,84,108,2,44,133,18,52,95,24,112,3,75" hai2="26,102,15,80,91,41,29,127,103,22,119,124,13" hai3="83,131,4,92,1,59,62,93,63,125,117,72,77"/><W58/><G117/><T0/><D118/><U32/><E75/><V21/><F119/><W66/><G131/><T27/><D111/><U89/><E112/><V47/><F80/><W9/><REACH who="3" step="1"/><G125/><REACH who="3" ten="239,229,213,309" step="2"/><T54/><D0/><U20/><E108/><V104/><F124/><W122/><G122/><T79/><D36/><U7/><E2/><V96/><F127/><W87/><G87/><T40/><D38/><U94/><E3/><V86/><F86/><W73/><G73/><T120/><D120/><U17/><E85/><V10/><F96/><W60/><G60/><T14/><D97/><U114/><E84/><V78/><F78/><W43/><G43/><T34/><D40/><U23/><E114/><V55/><F41/><W45/><G45/><T70/><D79/><U99/><E99/><V37/><F47/><W76/><G76/><T90/><D81/><U113/><E113/><V57/><F37/><W6/><G6/><T49/><D100/><U69/><E44/><V68/><F103/><W51/><G51/><T109/><D109/><U42/><E42/><V121/><F102/><W107/><G107/><T110/><D110/><U134/><E94/><V71/><F104/><W5/><G5/><T46/><D90/><U28/><E7/><N who="2" m="3295" /><F121/><W61/><G61/><T130/><D130/><U98/><E98/><V105/><F105/><W88/><G88/><T19/><D70/><U48/><E69/><V30/><F91/><W12/><G12/><T123/><D123/><U82/><E89/><V50/><F15/><W39/><G39/><T31/><D19/><N who="1" m="7179" /><E82/><V115/><F115/><RYUUKYOKU ba="0,1" sc="239,10,229,-30,213,10,309,10" hai0="11,14,16,27,31,34,46,49,53,54,56,64,67" hai2="21,22,26,29,30,50,55,57,68,71" hai3="1,4,9,58,59,62,63,66,72,77,83,92,93" /><INIT seed="3,1,1,2,5,7" ten="249,199,223,319" oya="3" hai0="103,5,119,2,8,19,86,88,80,55,135,79,20" hai1="123,46,14,50,89,101,82,90,83,57,47,125,74" hai2="6,124,73,0,108,91,13,9,64,133,106,75,45" hai3="72,130,78,29,134,1,105,127,62,94,131,48,23"/><W67/><G1/><T49/><D135/><U34/><E34/><V26/><F133/><W128/><G105/><T27/><D103/><U35/><E35/><V116/><F116/><W76/><G134/><T4/><D4/><U87/><E123/><V56/><F106/><W109/><G127/><T33/><D33/><U117/><E117/><V53/><F124/><W52/><G109/><T63/><D63/><U51/><E125/><V104/><F104/><W71/><G72/><T54/><D119/><U30/><E30/><V68/><F45/><N who="3" m="27663" /><G94/><T16/><D49/><U77/><E101/><V39/><F39/><W121/><G121/><T81/><REACH who="0" step="1"/><D19/><REACH who="0" ten="239,199,223,319" step="2"/><U3/><E51/><N who="2" m="30783" /><F6/><W99/><G99/><T93/><D93/><U61/><E3/><V31/><F0/><W69/><G69/><T40/><D40/><U84/><E50/><V126/><F68/><W92/><G92/><T114/><D114/><U98/><E82/><V102/><F126/><W59/><G71/><T11/><D11/><U110/><E110/><V24/><F9/><W17/><G29/><T100/><D100/><U43/><E43/><V115/><F102/><W113/><G113/><T21/><D21/><U129/><E83/><V122/><F115/><W37/><G37/><T42/><D42/><U44/><E74/><AGARI ba="1,2" hai="2,5,8,16,20,27,54,55,74,79,80,81,86,88" machi="74" ten="30,8000,1" yaku="1,1,7,1,52,1,54,2,53,0" doraHai="7" doraHaiUra="41" who="0" fromWho="1" sc="239,103,199,-83,223,0,319,0" /><INIT seed="4,0,0,5,5,13" ten="342,116,223,319" oya="0" hai0="87,65,7,80,6,118,1,124,44,25,17,116,38" hai1="3,77,86,112,16,96,67,135,126,94,130,83,14" hai2="79,46,125,123,0,91,75,57,81,27,106,39,61" hai3="88,102,62,111,60,23,104,12,129,132,70,50,56"/><T97/><D124/><U98/><E126/><V55/><F123/><W35/><G129/><T33/><D65/><U85/><E3/><V22/><F106/><W128/><G35/><T37/><D97/><U31/><E130/><V42/><F125/><W68/><G111/><T29/><D6/><U26/><E135/><V32/><F0/><W5/><G128/><T99/><D99/><U113/><E67/><V105/><F105/><W64/><G132/><T131/><D131/><U41/><E41/><V93/><F32/><W40/><G104/><T34/><D34/><N who="1" m="20855" /><E86/><V15/><F15/><W53/><G102/><T59/><D59/><U9/><E94/><V47/><F42/><W74/><G74/><T122/><D122/><U63/><E63/><V51/><F51/><W100/><G100/><T119/><D44/><U82/><E82/><V36/><F36/><W117/><G117/><T52/><D52/><U18/><E18/><N who="2" m="12759" /><F39/><W28/><G5/><T21/><D7/><U2/><E2/><V8/><F8/><W20/><G28/><T120/><D1/><U84/><E84/><V66/><F66/><W10/><G10/><T89/><REACH who="0" step="1"/><D120/><REACH who="0" ten="332,116,223,319" step="2"/><U72/><E72/><V133/><F133/><W49/><G68/><T109/><D109/><U4/><E4/><V73/><F73/><W103/><G70/><T58/><D58/><U69/><E69/><V30/><F30/><W78/><G56/><T101/><D101/><U71/><E71/><V134/><F134/><W76/><G53/><T108/><D108/><U45/><E45/><V121/><F121/><W48/><G64/><RYUUKYOKU ba="0,1" sc="332,10,116,10,223,10,319,-30" hai0="17,21,25,29,33,37,38,80,87,89,116,118,119" hai1="9,14,16,77,83,85,96,98,112,113" hai2="46,47,55,57,61,75,79,81,91,93" /><INIT seed="4,1,1,4,4,16" ten="342,126,233,289" oya="0" hai0="2,13,23,22,92,49,3,103,24,78,64,39,135" hai1="112,129,14,127,102,18,35,128,131,84,80,116,21" hai2="15,90,4,87,8,76,45,41,105,117,30,74,110" hai3="29,46,100,118,26,56,123,36,65,38,51,106,98"/><T124/><D39/><U72/><E72/><V63/><F110/><W53/><G118/><T96/><D78/><U42/><E116/><V109/><F109/><W40/><G123/><T91/><D135/><U122/><E122/><V104/><F117/><W10/><G10/><T82/><D124/><U9/><E127/><V126/><F126/><W52/><G65/><T20/><D64/><U132/><E132/><V6/><F6/><W37/><REACH who="3" step="1"/><G53/><REACH who="3" ten="342,126,233,279" step="2"/><T130/><D130/><U31/><E112/><V44/><F8/><W54/><G54/><T0/><D24/><N who="1" m="18919" /><E9/><V121/><F121/><W101/><G101/><T59/><D103/><U11/><E102/><V70/><F70/><W12/><G12/><T119/><D119/><U134/><E134/><V69/><F69/><W67/><G67/><T120/><D120/><U133/><E133/><V113/><F113/><W71/><G71/><T25/><D25/><U125/><E125/><V73/><F15/><W88/><G88/><T85/><D13/><U34/><E11/><V17/><F90/><W94/><G94/><T77/><REACH who="0" step="1"/><D0/><REACH who="0" ten="332,126,233,279" step="2"/><U7/><E129/><V47/><F104/><W33/><AGARI ba="1,3" hai="26,29,33,36,37,38,40,46,51,52,56,98,100,106" machi="33" ten="20,8000,1" yaku="1,1,0,1,7,1,54,1,53,1" doraHai="16" doraHaiUra="27" who="3" fromWho="3" sc="332,-41,126,-21,233,-21,279,113" /><INIT seed="5,0,0,1,4,117" ten="291,105,212,392" oya="1" hai0="111,1,55,97,68,61,80,40,91,56,86,74,113" hai1="58,79,12,10,57,126,46,70,115,18,92,122,36" hai2="73,4,102,119,41,87,5,118,76,6,30,128,109" hai3="103,127,52,63,71,65,59,107,133,66,64,108,3"/><U89/><E122/><V99/><F109/><W7/><G108/><T101/><D111/><U13/><E115/><V28/><F73/><W2/><G133/><T95/><D113/><U100/><E70/><V34/><F128/><W134/><G134/><T81/><D1/><U112/><E112/><V54/><F41/><W93/><G127/><T78/><D40/><U35/><E100/><V33/><F54/><W90/><G107/><T106/><D81/><U8/><E126/><V45/><F45/><W82/><G71/><AGARI ba="0,0" hai="55,56,61,68,71,74,78,80,86,91,95,97,101,106" machi="71" ten="40,2600,0" yaku="24,2" doraHai="117" who="0" fromWho="3" sc="291,26,105,0,212,0,392,-26" /><INIT seed="6,0,0,0,0,83" ten="317,105,212,366" oya="2" hai0="37,10,38,88,6,86,13,117,67,61,57,98,4" hai1="97,54,123,33,101,120,55,95,0,30,90,48,119" hai2="68,89,125,70,58,63,11,108,134,100,106,113,15" hai3="96,53,77,74,50,127,14,40,35,47,7,78,32"/><V64/><F113/><W121/><G127/><T110/><D110/><U29/><E0/><V93/><F108/><W103/><G121/><T51/><D117/><U131/><E119/><V60/><F125/><W109/><G109/><T26/><D98/><U22/><E33/><V85/><F134/><W59/><G35/><T34/><D51/><U111/><E111/><V80/><F106/><W17/><G32/><T128/><D128/><U126/><E126/><V79/><F100/><W105/><G7/><T132/><D132/><U21/><E131/><V3/><F3/><W62/><G74/><T129/><D129/><U72/><E72/><V66/><F58/><W91/><G91/><T130/><D130/><U20/><E101/><V16/><REACH who="2" step="1"/><F93/><REACH who="2" ten="317,105,202,366" step="2"/><W69/><G69/><T124/><D124/><U24/><E123/><V87/><F87/><W43/><G105/><T52/><D67/><U133/><E133/><V112/><F112/><W92/><G92/><T23/><D34/><U73/><E120/><V49/><F49/><W36/><G103/><T44/><D44/><U19/><E73/><V5/><F5/><W28/><G50/><T31/><D6/><U102/><E102/><V45/><F45/><W8/><G47/><T27/><D27/><N who="1" m="16631" /><E48/><V46/><F46/><W75/><G75/><T9/><D9/><U42/><E42/><V82/><F82/><AGARI ba="0,1" hai="4,10,13,23,26,31,37,38,52,57,61,82,86,88" machi="82" ten="30,7700,0" yaku="7,1,52,1,54,2" doraHai="83" who="0" fromWho="2" sc="317,87,105,0,202,-77,366,0" /><INIT seed="7,0,0,5,0,96" ten="404,105,125,366" oya="3" hai0="88,20,91,6,18,133,59,104,128,74,106,2,125" hai1="95,75,9,39,25,113,54,110,134,122,61,66,84" hai2="45,35,13,132,119,30,124,103,24,3,100,50,31" hai3="135,49,37,29,52,63,111,26,83,40,0,89,116"/><W127/><G116/><T87/><D74/><U41/><E110/><V85/><F119/><W82/><G0/><T27/><D133/><U10/><E122/><V70/><F3/><W33/><G111/><T34/><D91/><U80/><E75/><V108/><F108/><W11/><G127/><T81/><D128/><U32/><E134/><V43/><F132/><W120/><G120/><T62/><D125/><U114/><E39/><V107/><F124/><W94/><G135/><T129/><D129/><U123/><E123/><V72/><F72/><W102/><G102/><T69/><D69/><U8/><E41/><V71/><F31/><W118/><G118/><T47/><D34/><U58/><E54/><V22/><F85/><W117/><G117/><T38/><D38/><U109/><E109/><V115/><F115/><N who="1" m="44041" /><E95/><V92/><F107/><W126/><G126/><T131/><D47/><U15/><E25/><V121/><F121/><W97/><G11/><T98/><D98/><U101/><E32/><V86/><F71/><W12/><G12/><T51/><D51/><U53/><E66/><V55/><F70/><W130/><G130/><T4/><D131/><U28/><E28/><V14/><F43/><W67/><G40/><T56/><D56/><U19/><E101/><N who="2" m="38987" /><F35/><W90/><G37/><T36/><D36/><U44/><E44/><V76/><F92/><W79/><G89/><T42/><D42/><U99/><E99/><V16/><F30/><W21/><G33/><T112/><D112/><U48/><E48/><V7/><F7/><W23/><G23/><T5/><D2/><RYUUKYOKU ba="0,0" sc="404,10,105,10,125,10,366,-30" hai0="4,5,6,18,20,27,59,62,81,87,88,104,106" hai1="8,9,10,15,19,53,58,61,80,84" hai2="13,14,16,22,24,45,50,55,76,86" owari="414,50.0,115,-38.0,135,-26.0,336,14.0" /></mjloggm>