<mjloggm ver="2.3"><GO type="41" lobby="0"/><UN n0="%E6%A4%8E%E5%90%8D%E8%A6%B3%E6%9C%88" n1="%43%41%4E%41%52%59" n2="%E5%B0%B1%E6%B4%BB%E7%94%9F%40%E5%B7%9D%E6%9D%91%E8%BB%8D%E5%9B%A3" n3="%E3%81%94%E3%82%93%E3%81%9F%E3%81%95%E3%82%93%E2%99%AA" dan="13,14,15,14" rate="1922.43,1981.52,1998.36,1897.35" sx="F,F,M,M"/><TAIKYOKU oya="0"/><INIT seed="0,0,0,1,0,4" ten="250,250,250,250" oya="0" hai0="100,65,67,68,112,108,118,79,7,133,88,80,39" hai1="53,23,89,12,6,55,90,19,115,101,74,119,10" hai2="63,99,109,103,124,75,33,128,111,45,24,95,36" hai3="87,97,9,84,106,126,78,104,123,49,77,31,42"/><T96/><D118/><U92/><E119/><V54/><F75/><W2/><G126/><T81/><D112/><U113/><E74/><V94/><F124/><W25/><G123/><T117/><D68/><U132/><E132/><V86/><F128/><W15/><G2/><T35/><D39/><U38/><E38/><V14/><F36/><W69/><G69/><T20/><D35/><U131/><E131/><V130/><F130/><W34/><G106/><T134/><D117/><U91/><E101/><V21/><F33/><W26/><G25/><T48/><D48/><U41/><E41/><V51/><F14/><W44/><G78/><T32/><D32/><U28/><E28/><V98/><F86/><W71/><G77/><T129/><D20/><U18/><E92/><V37/><F37/><W114/><G71/><T13/><D129/><U125/><E125/><V17/><REACH who="2" step="1"/><F63/><REACH who="2" ten="250,250,240,250" step="2"/><W52/><G114/><N who="1" m="43530" /><E19/><V110/><F110/><W60/><G87/><N who="0" m="50279" /><D108/><U57/><E57/><V72/><F72/><W121/><G84/><N who="0" m="48191" /><D13/><AGARI ba="0,1" hai="6,10,12,13,18,23,53,55,89,90,91" m="43530" machi="13" ten="30,2000,0" yaku="11,1,52,1" doraHai="4" who="1" fromWho="0" sc="250,-20,250,30,240,0,250,0" /><INIT seed="1,0,0,2,3,67" ten="230,280,240,250" oya="1" hai0="97,14,30,19,77,100,21,13,129,32,10,57,94" hai1="125,84,118,135,72,133,126,87,115,23,91,26,43" hai2="128,68,81,112,46,76,61,37,40,50,59,105,104" hai3="25,58,11,60,2,124,31,106,131,83,35,41,36"/><U111/><E43/><V117/><F117/><W8/><G106/><T56/><D129/><U132/><E23/><V49/><F112/><W33/><G131/><T114/><D114/><U80/><E26/><V20/><F128/><W71/><G124/><N who="1" m="47722" /><E115/><V98/><F98/><W12/><G83/><T123/><D123/><U16/><E16/><V22/><F105/><W69/><G2/><T103/><D32/><U96/><E118/><V24/><F104/><W47/><G8/><T54/><D30/><U1/><E1/><V42/><F42/><W17/><G35/><T70/><D70/><U0/><E0/><V39/><F39/><W48/><G36/><T89/><D77/><N who="1" m="44071" /><E111/><V108/><F68/><W82/><G82/><T121/><D121/><U9/><E9/><V66/><F108/><W102/><G102/><N who="0" m="38955" /><D54/><AGARI ba="0,0" hai="11,12,17,25,31,33,41,47,48,54,58,60,69,71" machi="54" ten="30,3900,0" yaku="7,1,52,2" doraHai="67" who="3" fromWho="0" sc="230,-39,280,0,240,0,250,39" /><INIT seed="2,0,0,2,2,99" ten="191,280,240,289" oya="2" hai0="34,17,72,4,135,116,68,2,126,7,75,82,71" hai1="104,18,20,74,130,16,44,42,88,55,45,100,66" hai2="28,59,35,108,102,84,90,9,107,54,24,111,63" hai3="101,25,13,8,62,61,98,70,40,64,37,129,128"/><V15/><F107/><W103/><G61/><T56/><D116/><U85/><E74/><V117/><F117/><W106/><G37/><T52/><D34/><U39/><E66/><V22/><F35/><W50/><G25/><T78/><D135/><U48/><E130/><N who="3" m="50282" /><G50/><T11/><D126/><U31/><E31/><V124/><F124/><W127/><G40/><T133/><D133/><U105/><E100/><N who="3" m="38474" /><G98/><T36/><D75/><U19/><REACH who="1" step="1"/><E20/><REACH who="1" ten="191,270,240,289" step="2"/><V26/><F102/><W93/><G106/><T95/><D68/><U76/><E76/><V123/><F123/><W77/><G77/><T53/><D71/><U115/><E115/><V89/><F26/><W47/><G127/><T121/><D72/><U125/><E125/><V57/><F57/><W6/><G47/><T109/><D56/><U65/><E65/><V27/><F27/><W10/><G10/><T119/><D11/><U29/><E29/><V83/><F111/><W51/><G70/><T94/><D109/><U97/><E97/><V33/><F108/><W69/><G69/><T81/><D78/><U43/><E43/><V12/><F33/><W112/><G64/><T131/><D131/><U58/><E58/><V134/><F134/><W67/><G67/><T23/><D121/><U30/><E30/><V113/><F113/><W38/><G112/><T120/><D120/><U1/><E1/><V73/><F73/><W118/><G8/><T86/><D23/><U91/><E91/><N who="2" m="51615" /><F9/><W132/><G132/><T46/><D46/><U79/><E79/><V21/><F21/><W87/><G118/><T0/><D119/><RYUUKYOKU ba="0,1" sc="191,-15,270,15,240,15,289,-15" hai1="16,18,19,39,42,44,45,48,55,85,88,104,105" hai2="12,15,22,24,28,54,59,63,89,90" /><INIT seed="2,1,1,3,1,12" ten="176,285,255,274" oya="2" hai0="27,17,0,111,66,112,57,115,125,97,74,24,102" hai1="20,51,83,36,134,94,37,29,8,87,16,10,39" hai2="2,98,45,38,52,25,46,34,109,75,123,119,82" hai3="30,105,93,47,53,7,19,68,32,28,40,135,9"/><V69/><F119/><W50/><G105/><T65/><D125/><U55/><E134/><V23/><F123/><W78/><G135/><T14/><D111/><U81/><E29/><V90/><F34/><W127/><G127/><T108/><D74/><U54/><E94/><V114/><F114/><W43/><G68/><T3/><D0/><U4/><E54/><V95/><F69/><W89/><G78/><T85/><D3/><U124/><E124/><V31/><F2/><W80/><G80/><T70/><D108/><U59/><E81/><V35/><F109/><W110/><G19/><T41/><D115/><U120/><E4/><V67/><F67/><W49/><G40/><T121/><D112/><U84/><E120/><V21/><F38/><W44/><G32/><T129/><D121/><U128/><E128/><V103/><F45/><W77/><G77/><T113/><D129/><U96/><E96/><V122/><F122/><W73/><G73/><T58/><D70/><U15/><REACH who="1" step="1"/><E87/><REACH who="1" ten="176,275,255,274" step="2"/><V11/><F75/><W48/><G110/><T76/><D41/><U132/><E132/><V79/><F79/><AGARI ba="1,2" hai="8,10,15,16,20,36,37,39,51,55,59,79,83,84" machi="79" ten="40,5200,0" yaku="1,1,52,1,54,1,53,0" doraHai="12" doraHaiUra="126" who="1" fromWho="2" sc="176,0,275,75,255,-55,274,0" /><INIT seed="3,0,0,2,5,135" ten="176,350,200,274" oya="3" hai0="76,21,30,40,89,31,117,23,98,92,39,55,118" hai1="78,125,66,84,27,47,120,13,54,2,16,18,49" hai2="5,4,132,80,72,3,113,42,62,83,19,51,37" hai3="123,34,61,128,56,126,114,48,97,116,75,101,22"/><W93/><G75/><T28/><D40/><U46/><E120/><V38/><F3/><W121/><G34/><T10/><D39/><U1/><E66/><V11/><F113/><W8/><G114/><T74/><D74/><U108/><E47/><V32/><F132/><W12/><G128/><T99/><D76/><U82/><E108/><V96/><F32/><W129/><G129/><T53/><D118/><U133/><E133/><V68/><F96/><N who="0" m="36906" /><D117/><U88/><E78/><V91/><F80/><W67/><G116/><T44/><D10/><U59/><E59/><V110/><F110/><W65/><G123/><T58/><D44/><U90/><E90/><V20/><F51/><W105/><G121/><T94/><D89/><U122/><E122/><V26/><F5/><W86/><G105/><T33/><D33/><U15/><E27/><V24/><F24/><W134/><G134/><T79/><D79/><U35/><E35/><V109/><F109/><W104/><G104/><T127/><D127/><U131/><E125/><V70/><F70/><W69/><G126/><T130/><D130/><U0/><E0/><V63/><F68/><W50/><G69/><T124/><D124/><U119/><E119/><V29/><F38/><W112/><G8/><T64/><D64/><U57/><E57/><V103/><F72/><W81/><G67/><T7/><D7/><U73/><E73/><V102/><F42/><W60/><G112/><T45/><D45/><U115/><E115/><V9/><F37/><W52/><G65/><T85/><D85/><U71/><E131/><V107/><F91/><RYUUKYOKU ba="0,0" sc="176,0,350,0,200,0,274,0" /><INIT seed="4,1,0,1,3,112" ten="176,350,200,274" oya="0" hai0="4,47,9,20,29,134,44,107,63,34,88,123,40" hai1="0,118,68,54,55,73,22,75,23,110,100,52,30" hai2="119,16,108,62,42,3,66,43,60,18,35,13,97" hai3="83,12,36,25,45,64,105,32,103,109,131,28,80"/><T76/><D123/><U91/><E110/><V129/><F108/><W92/><G109/><T94/><D107/><U127/><E0/><V85/><F3/><W96/><G131/><T19/><D134/><U2/><E2/><V14/><F35/><W58/><G36/><T53/><D76/><U113/><E113/><V128/><F85/><W130/><G130/><T132/><D132/><U15/><E68/><V98/><REACH who="2" step="1"/><F66/><REACH who="2" ten="176,350,190,274" step="2"/><W116/><G64/><T111/><D111/><U101/><E127/><V79/><F79/><W48/><G32/><T78/><D78/><U24/><E75/><V67/><F67/><W126/><G126/><T81/><D81/><U133/><E73/><V87/><F87/><W37/><G83/><T49/><D34/><U77/><E77/><V135/><F135/><W59/><G80/><T10/><D29/><U90/><E133/><V72/><F72/><W89/><G28/><T11/><D4/><U120/><E120/><V71/><F71/><W50/><G96/><N who="0" m="57415" /><D63/><U7/><E7/><V65/><F65/><W106/><G45/><N who="0" m="27823" /><D40/><U74/><E74/><V122/><F122/><W115/><G115/><T102/><D102/><U61/><E61/><V124/><F124/><W114/><G103/><T104/><D104/><U26/><E100/><V1/><F1/><W17/><G106/><T95/><D95/><U86/><E101/><V51/><F51/><W69/><G50/><T27/><AGARI ba="1,1" hai="9,10,11,19,20,27,44,47" m="27823,57415" machi="27" ten="30,3000,0" yaku="8,1,54,1" doraHai="112" who="0" fromWho="0" sc="176,43,350,-11,190,-11,274,-11" /><INIT seed="4,2,0,5,2,15" ten="219,339,179,263" oya="0" hai0="132,36,50,105,100,113,34,63,17,59,42,57,122" hai1="135,11,48,46,99,75,93,33,39,68,88,108,24" hai2="67,124,38,73,114,71,98,76,117,81,116,77,126" hai3="53,51,121,74,96,102,29,41,5,7,106,60,30"/><T79/><D34/><U125/><E39/><V127/><F38/><W45/><G74/><T23/><D122/><U120/><E120/><V52/><F71/><W49/><G121/><T8/><D132/><U10/><E135/><V84/><F67/><W90/><G60/><T27/><D36/><U40/><E68/><V65/><F65/><W19/><G90/><T86/><D113/><U4/><E108/><V2/><F2/><W110/><G110/><T104/><D100/><U32/><E11/><V3/><F3/><W14/><G7/><T118/><D118/><N who="2" m="45674" /><F52/><W69/><G5/><T115/><D115/><U12/><E75/><V130/><F114/><W85/><G85/><T64/><D8/><U70/><E70/><V0/><F0/><W43/><G69/><T134/><D134/><U21/><E125/><V119/><N who="2" m="45682" /><V131/><DORA hai="133" /><F98/><W123/><G123/><T62/><D62/><U44/><REACH who="1" step="1"/><E46/><REACH who="1" ten="219,329,179,263" step="2"/><V107/><F107/><W31/><G45/><T92/><D59/><U87/><E87/><V25/><F25/><W89/><G106/><T80/><REACH who="0" step="1"/><D92/><REACH who="0" ten="209,329,179,263" step="2"/><U58/><E58/><V47/><F47/><AGARI ba="2,2" hai="17,23,27,42,47,50,57,63,64,79,80,86,104,105" machi="47" ten="40,12000,1" yaku="1,1,2,1,52,1,53,1" doraHai="15,133" doraHaiUra="18,26" who="0" fromWho="2" sc="209,146,329,0,179,-126,263,0" /><INIT seed="4,3,0,2,3,55" ten="355,329,53,263" oya="0" hai0="122,64,54,69,99,115,98,30,6,57,16,66,133" hai1="65,120,14,109,31,73,88,0,91,48,105,87,117" hai2="60,15,77,102,44,111,47,50,134,106,70,28,53" hai3="107,18,131,126,35,76,1,113,72,36,45,119,89"/><T82/><D122/><U129/><E120/><V104/><F111/><W46/><RYUUKYOKU type="yao9" ba="3,0" sc="355,0,329,0,53,0,263,0" hai3="1,18,35,36,45,46,72,76,89,107,113,119,126,131" /><INIT seed="4,4,0,3,5,132" ten="355,329,53,263" oya="0" hai0="74,25,85,2,44,91,116,79,63,135,54,90,38" hai1="123,11,121,55,3,23,128,15,100,21,107,89,59" hai2="22,96,133,14,73,76,43,113,124,99,42,86,67" hai3="71,106,134,81,33,75,97,98,28,80,32,20,39"/><T112/><D135/><U120/><E3/><V64/><F73/><W6/><G39/><T12/><D112/><U84/><E128/><V115/><F133/><W41/><G71/><T18/><D2/><U104/><E100/><V130/><F130/><W29/><G41/><N who="2" m="15369" /><F22/><W72/><G134/><T95/><D38/><U66/><E66/><N who="2" m="25131" /><F14/><W101/><G20/><N who="0" m="13463" /><D116/><U47/><E47/><V10/><F10/><W58/><G101/><T70/><D70/><U93/><E104/><V117/><F117/><W108/><G106/><T4/><D74/><U111/><E107/><V24/><F24/><W16/><G58/><N who="0" m="35287" /><D44/><U50/><REACH who="1" step="1"/><E111/><REACH who="1" ten="355,319,53,263" step="2"/><V77/><F124/><W114/><G108/><T5/><D79/><N who="2" m="30282" /><F86/><W65/><G65/><T19/><D91/><U82/><E82/><V87/><F87/><W53/><G81/><T61/><D61/><U37/><E37/><V35/><F35/><W51/><G80/><T49/><D49/><U83/><E83/><V30/><F30/><W92/><G33/><T45/><D45/><U34/><E34/><V7/><F7/><AGARI ba="4,1" hai="7,11,15,21,23,50,55,59,84,89,93,120,121,123" machi="7" ten="40,1300,0" yaku="1,1,53,0" doraHai="132" doraHaiUra="110" who="1" fromWho="2" sc="355,0,319,35,53,-25,263,0" /><INIT seed="5,0,0,0,5,77" ten="355,354,28,263" oya="1" hai0="121,26,68,83,11,79,100,116,64,3,125,53,1" hai1="73,40,47,27,6,71,127,29,76,93,133,2,15" hai2="48,5,91,97,122,112,104,113,57,51,135,130,13" hai3="30,35,9,115,16,81,107,105,61,108,41,52,123"/><U86/><E71/><V110/><F91/><W65/><G108/><T22/><D116/><U45/><E45/><V63/><F97/><W126/><G123/><T99/><D121/><U24/><E133/><V102/><F13/><W58/><G115/><T14/><D125/><U106/><E106/><V60/><F5/><W32/><G126/><T7/><D64/><U119/><E119/><V124/><F102/><W4/><G35/><T66/><D53/><U42/><E42/><V21/><F21/><W129/><G129/><T84/><D66/><U36/><E127/><V120/><F104/><W111/><G41/><T70/><D68/><U69/><E69/><V95/><F95/><W109/><G111/><T98/><D70/><U39/><E15/><V50/><F124/><W103/><G103/><T128/><D128/><U44/><E73/><V18/><F18/><W88/><G109/><T78/><D78/><U132/><E44/><V75/><F75/><W101/><G101/><T19/><D99/><U31/><E39/><V67/><F110/><W56/><G30/><T49/><REACH who="0" step="1"/><D49/><REACH who="0" ten="345,354,28,263" step="2"/><U33/><E76/><V20/><F130/><W17/><G65/><T92/><AGARI ba="0,1" hai="1,3,7,11,14,19,22,26,79,83,84,92,98,100" machi="92" ten="20,8000,1" yaku="1,1,2,1,0,1,7,1,52,1,53,0" doraHai="77" doraHaiUra="114" who="0" fromWho="0" sc="345,90,354,-40,28,-20,263,-20" /><INIT seed="6,0,0,1,1,50" ten="435,314,8,243" oya="2" hai0="133,97,63,48,64,69,130,9,39,112,78,58,114" hai1="98,42,76,24,81,71,108,11,120,7,22,60,92" hai2="19,132,118,90,129,96,91,26,122,84,115,23,79" hai3="77,67,61,102,89,103,127,82,99,18,88,34,15"/><V54/><F122/><W21/><G34/><T124/><D124/><U68/><E120/><V47/><F118/><W117/><G103/><T100/><D39/><U51/><E108/><V101/><F115/><N who="0" m="44074" /><D133/><U57/><E42/><V66/><F129/><W74/><G127/><T106/><D130/><U111/><E51/><N who="2" m="29055" /><F132/><W75/><G75/><T52/><D9/><U73/><E111/><V87/><F66/><W94/><REACH who="3" step="1"/><G117/><REACH who="3" ten="435,314,8,233" step="2"/><T109/><D109/><U93/><E93/><N who="2" m="58511" /><F84/><W14/><G14/><T1/><D78/><U86/><E73/><V4/><F4/><W20/><G20/><T0/><AGARI ba="0,1" hai="0,1,48,52,58,63,64,69,97,100,106" m="44074" machi="0" ten="30,4000,0" yaku="15,1,52,1,54,1" doraHai="50" who="0" fromWho="0" sc="435,50,314,-10,8,-20,233,-10" owari="485,59.0,304,10.0,-12,-51.0,223,-18.0" /></mjloggm>