<mjloggm ver="2.3"><GO type="97" lobby="0"/><UN n0="%E5%A4%8F%E5%B7%9D%E7%9C%9F%E6%B6%BC" n1="%E5%B0%B1%E6%B4%BB%E7%94%9F%40%E5%B7%9D%E6%9D%91%E8%BB%8D%E5%9B%A3" n2="%4C%2D%44%6F%67" n3="%E6%A3%AE%E9%87%8E" dan="14,13,13,15" rate="1934.34,1935.27,1859.44,2026.07" sx="F,M,M,M"/><TAIKYOKU oya="0"/><INIT seed="0,0,0,5,3,25" ten="250,250,250,250" oya="0" hai0="56,81,125,45,92,15,11,97,70,91,37,30,96" hai1="34,52,49,2,84,82,68,1,51,107,21,89,110" hai2="123,27,132,115,90,24,3,133,31,99,10,28,80" hai3="106,35,86,134,117,76,65,39,135,9,112,128,40"/><T77/><D77/><U85/><E34/><V73/><F123/><W103/><G112/><T100/><D100/><U75/><E68/><V41/><F115/><W120/><G65/><T8/><D8/><U38/><E107/><V105/><F41/><W19/><G35/><T0/><D0/><U17/><E110/><V42/><F42/><W16/><G9/><T130/><D130/><U13/><E38/><V111/><F111/><W12/><G12/><T116/><D116/><U53/><E75/><V126/><F126/><W23/><G23/><T69/><D69/><U43/><E43/><V109/><F109/><W71/><G71/><T93/><D93/><U32/><E32/><V63/><F63/><W129/><G103/><T47/><D47/><U124/><E124/><V5/><F105/><W66/><G66/><T83/><D83/><U58/><REACH who="1" step="1"/><E85/><REACH who="1" ten="250,240,250,250" step="2"/><N who="2" m="50471" /><F73/><W104/><G106/><T50/><D50/><U62/><E62/><V59/><F99/><W48/><G48/><T78/><D78/><U36/><E36/><V131/><F131/><W102/><G128/><T61/><D61/><U113/><E113/><V46/><F133/><W6/><G129/><T55/><D55/><U54/><E54/><V72/><F132/><W4/><G39/><T122/><D122/><U88/><E88/><V98/><F72/><W94/><G104/><T108/><D108/><U74/><E74/><V7/><F98/><W101/><G135/><T33/><D33/><U57/><AGARI ba="0,1" hai="1,2,13,17,21,49,51,52,53,57,58,82,84,89" machi="57" ten="20,8000,1" yaku="1,1,0,1,7,1,9,1,54,1,53,0" doraHai="25" doraHaiUra="95" who="1" fromWho="1" sc="250,-40,240,90,250,-20,250,-20" /><INIT seed="1,0,0,2,3,92" ten="210,330,230,230" oya="1" hai0="15,82,77,59,45,122,37,21,56,50,12,95,125" hai1="74,85,91,1,40,39,131,36,109,31,118,86,127" hai2="113,73,96,102,111,70,81,62,61,3,60,16,29" hai3="30,6,64,26,66,17,35,120,105,32,65,94,11"/><U124/><E74/><V23/><F3/><W69/><G120/><T117/><D117/><U14/><E1/><V52/><F113/><W88/><G105/><T72/><D72/><U53/><E118/><V78/><F29/><W13/><G35/><T123/><D123/><U108/><E31/><V63/><F111/><N who="1" m="42569" /><E131/><V135/><F135/><W47/><G47/><T34/><D34/><U44/><E39/><V93/><F60/><W19/><REACH who="3" step="1"/><G69/><REACH who="3" ten="210,330,230,220" step="2"/><T27/><D27/><U128/><E128/><V101/><F70/><W41/><G41/><T8/><D8/><U68/><E68/><V38/><F38/><W18/><G18/><T71/><D71/><U4/><E53/><V106/><F106/><W132/><G132/><T90/><D90/><U67/><E91/><V133/><F133/><W76/><G76/><T75/><D75/><U33/><E67/><V55/><REACH who="2" step="1"/><F102/><REACH who="2" ten="210,330,220,220" step="2"/><W99/><AGARI ba="0,2" hai="6,11,13,17,19,26,30,32,64,65,66,88,94,99" machi="99" ten="30,7900,0" yaku="1,1,0,1,52,1,54,1,53,0" doraHai="92" doraHaiUra="46" who="3" fromWho="3" sc="210,-20,330,-39,220,-20,220,99" /><INIT seed="2,0,0,2,2,111" ten="190,291,200,319" oya="2" hai0="61,93,85,97,66,132,22,57,42,126,26,16,24" hai1="96,21,133,34,70,117,3,7,110,12,68,18,60" hai2="14,130,84,20,36,95,74,0,50,119,47,54,1" hai3="105,27,19,80,23,59,99,81,124,67,107,116,40"/><V89/><F119/><W46/><G124/><T91/><D91/><U55/><E110/><V33/><F33/><W13/><G116/><T131/><D131/><U38/><E38/><V44/><F130/><W63/><G107/><T28/><D28/><U11/><E117/><V2/><F74/><W101/><REACH who="3" step="1"/><G27/><REACH who="3" ten="190,291,200,309" step="2"/><T75/><D75/><U4/><E133/><V129/><F129/><W17/><G17/><T39/><D39/><AGARI ba="0,1" hai="13,19,23,39,40,46,59,63,67,80,81,99,101,105" machi="39" ten="30,2000,0" yaku="1,1,7,1,53,0" doraHai="111" doraHaiUra="122" who="3" fromWho="0" sc="190,-20,291,0,200,0,309,30" /><INIT seed="3,0,0,2,4,17" ten="170,291,200,339" oya="3" hai0="2,123,116,132,115,101,74,55,64,39,93,59,88" hai1="99,22,96,24,27,37,40,67,25,23,4,60,44" hai2="75,34,106,128,77,36,124,35,66,117,120,97,16" hai3="38,121,86,72,18,107,91,45,31,7,70,80,76"/><W56/><G70/><T42/><D42/><U48/><E37/><V8/><F66/><W83/><G31/><T13/><D13/><U20/><REACH who="1" step="1"/><E4/><REACH who="1" ten="170,281,200,339" step="2"/><V104/><F117/><W131/><G7/><T14/><D14/><U130/><E130/><V11/><F120/><W32/><G131/><T1/><D1/><U82/><E82/><V109/><F128/><W21/><G121/><T29/><D29/><U41/><E41/><V134/><F134/><W126/><G32/><T125/><D125/><U71/><AGARI ba="0,1" hai="20,22,23,24,25,27,40,44,48,60,67,71,96,99" machi="71" ten="30,8000,1" yaku="1,1,0,1,52,3,53,0" doraHai="17" doraHaiUra="135" who="1" fromWho="1" sc="170,-20,281,90,200,-20,339,-40" owari="150,-35.0,371,47.0,180,-22.0,299,10.0" /></mjloggm>