<mjloggm ver="2.3"><GO type="97" lobby="0"/><UN n0="%E4%B9%9D%E8%93%AE%E3%82%AA%E3%83%A4%E3%82%B8" n1="%E3%81%BB%E3%82%8D%E9%85%94%E3%81%84%E3%81%A7%E3%81%99" n2="%E3%83%8F%E3%82%BC%E3%83%8E%E3%82%AD" n3="%E5%B0%B1%E6%B4%BB%E7%94%9F%40%E5%B7%9D%E6%9D%91%E8%BB%8D%E5%9B%A3" dan="14,14,14,13" rate="1952.53,1970.61,1896.84,1912.23" sx="M,M,M,M"/><TAIKYOKU oya="0"/><INIT seed="0,0,0,1,1,97" ten="250,250,250,250" oya="0" hai0="1,106,132,37,61,135,69,23,116,89,17,28,77" hai1="73,56,19,107,55,31,24,96,15,2,54,83,35" hai2="130,29,27,103,81,49,46,134,108,9,114,26,39" hai3="115,118,121,30,20,40,48,117,79,51,21,98,63"/><T94/><D106/><U50/><E2/><V127/><F39/><W34/><G115/><T44/><D116/><U0/><E0/><V91/><F114/><W41/><G121/><T7/><D77/><U71/><E71/><V78/><F108/><W43/><G79/><T74/><D74/><U3/><E3/><V5/><F127/><W38/><G38/><T14/><D7/><U90/><E73/><V57/><F134/><N who="0" m="51242" /><D1/><U126/><E126/><V66/><F103/><W128/><G128/><T42/><D61/><U58/><E83/><V65/><F91/><W86/><G34/><T59/><D59/><U4/><E4/><V133/><F133/><W101/><G63/><T129/><D28/><U113/><E113/><V120/><F120/><W11/><G30/><T93/><D129/><U16/><E15/><N who="2" m="5551" /><F29/><W6/><G117/><T68/><D94/><U122/><E122/><V125/><F125/><W109/><G109/><T67/><D67/><N who="2" m="25610" /><F57/><W13/><G118/><T10/><D10/><U45/><E107/><V62/><F62/><W92/><G86/><AGARI ba="0,0" hai="14,17,23,37,42,44,68,69,86,89,93" m="51242" machi="86" ten="30,1500,0" yaku="20,1" doraHai="97" who="0" fromWho="3" sc="250,15,250,0,250,0,250,-15" /><INIT seed="0,1,0,1,4,23" ten="265,250,250,235" oya="0" hai0="30,54,84,57,62,109,64,66,7,112,132,107,68" hai1="77,74,95,73,72,130,128,92,93,32,26,28,50" hai2="99,101,46,97,122,43,36,20,69,120,8,35,103" hai3="53,47,70,51,29,52,118,61,100,2,82,111,27"/><T86/><D112/><U81/><REACH who="1" step="1"/><E50/><REACH who="1" ten="265,240,250,235" step="2"/><V127/><F122/><W96/><G118/><T3/><D132/><U126/><E126/><V56/><F120/><W33/><G111/><T41/><D109/><U19/><E19/><V14/><F127/><W78/><G2/><T58/><D107/><U121/><E121/><V134/><F134/><W71/><G61/><T98/><D3/><U4/><E4/><V117/><F117/><W37/><G37/><T22/><D7/><U108/><E108/><V131/><F131/><AGARI ba="1,1" hai="26,28,32,72,73,74,77,81,92,93,95,128,130,131" machi="131" ten="40,8000,1" yaku="21,2,19,1,52,1,53,0" doraHai="23" doraHaiUra="5" who="1" fromWho="2" sc="265,0,240,93,250,-83,235,0" /><INIT seed="1,0,0,3,5,4" ten="265,333,167,235" oya="1" hai0="22,108,51,71,69,61,119,62,120,72,58,81,110" hai1="49,89,133,55,0,66,96,99,129,25,31,9,122" hai2="20,2,38,131,134,26,13,14,130,85,35,34,40" hai3="70,37,123,86,95,83,6,46,48,16,67,45,10"/><U1/><E122/><V90/><F134/><W23/><G123/><T57/><D120/><U91/><E133/><V33/><F2/><W93/><G37/><T65/><D72/><U3/><E129/><V98/><F98/><W77/><G46/><T27/><D81/><U74/><E74/><V56/><F56/><N who="0" m="21610" /><D27/><U53/><E9/><V84/><F40/><N who="3" m="24615" /><G67/><N who="0" m="41199" /><D22/><U32/><E66/><V59/><F59/><W103/><G70/><T117/><D51/><U75/><E75/><V21/><F38/><W8/><G6/><T125/><D125/><U73/><E73/><V114/><F114/><W63/><G63/><T118/><AGARI ba="0,0" hai="62,65,71,108,110,117,118,119" m="41199,21610" machi="118" ten="40,2700,0" yaku="34,2" doraHai="4" who="0" fromWho="0" sc="265,27,333,-13,167,-7,235,-7" /><INIT seed="2,0,0,0,4,106" ten="292,320,160,228" oya="2" hai0="45,43,24,41,83,77,49,112,23,105,121,84,4" hai1="127,58,91,120,133,21,98,87,119,125,54,2,0" hai2="10,131,64,16,134,1,12,15,14,51,11,55,44" hai3="3,27,101,66,116,53,75,104,26,17,78,42,130"/><V113/><F113/><W40/><G116/><T132/><D112/><U20/><E119/><V9/><F134/><W30/><G3/><T50/><D121/><U70/><E70/><V67/><F1/><N who="1" m="617" /><E98/><V59/><F131/><W103/><G130/><T47/><D105/><U122/><E133/><V128/><F128/><W100/><G104/><T117/><D132/><U123/><E21/><V25/><F44/><W81/><G66/><T114/><D114/><U107/><E20/><AGARI ba="0,0" hai="9,10,11,12,14,15,16,20,25,51,55,59,64,67" machi="20" ten="40,3900,0" yaku="8,1,54,1" doraHai="106" who="2" fromWho="1" sc="292,0,320,-39,160,39,228,0" /><INIT seed="2,1,0,1,3,91" ten="292,281,199,228" oya="2" hai0="15,68,52,11,43,95,128,102,118,53,14,48,8" hai1="87,106,113,72,124,59,134,39,94,127,92,120,132" hai2="119,73,42,40,82,86,96,98,99,54,27,9,19" hai3="1,37,111,71,63,125,5,80,90,112,107,123,22"/><V7/><F73/><W16/><G123/><T97/><D68/><U50/><E39/><V81/><F119/><W30/><G112/><T104/><D118/><U110/><E113/><V67/><F67/><W133/><G107/><T24/><D104/><U4/><E106/><V66/><F66/><W32/><G37/><T20/><D128/><U101/><E72/><V29/><F54/><N who="0" m="21098" /><D43/><U55/><E110/><V77/><F81/><W130/><G111/><T28/><D48/><U117/><E120/><V3/><REACH who="2" step="1"/><F19/><REACH who="2" ten="292,281,189,228" step="2"/><W6/><G16/><N who="0" m="8263" /><D11/><U25/><E117/><V129/><F129/><W131/><G5/><T70/><D70/><U36/><E4/><V17/><F17/><W85/><G6/><T46/><D15/><U74/><E74/><V45/><F45/><AGARI ba="1,1" hai="20,24,28,45,46,95,97,102" m="8263,21098" machi="45" ten="30,7700,0" yaku="8,1,52,1,54,2" doraHai="91" who="0" fromWho="2" sc="292,90,281,0,189,-80,228,0" /><INIT seed="3,0,0,0,3,59" ten="382,281,109,228" oya="3" hai0="16,135,40,0,39,70,12,110,60,25,91,118,58" hai1="128,34,50,107,67,115,63,95,130,75,72,93,132" hai2="116,85,127,44,19,90,94,17,22,33,31,69,37" hai3="66,103,43,79,78,97,73,121,23,126,123,119,106"/><W133/><G119/><T6/><D118/><U113/><E50/><V10/><F116/><W29/><G126/><T5/><D135/><U26/><E132/><V77/><F127/><W87/><G133/><T61/><D70/><U7/><E7/><N who="0" m="2569" /><D39/><U86/><E26/><V65/><F77/><W104/><G104/><T62/><D110/><U92/><E34/><V80/><F80/><W47/><G66/><T102/><D0/><U45/><E45/><V1/><F1/><W101/><G101/><T52/><D25/><U36/><E36/><V51/><F37/><W28/><G73/><N who="1" m="28234" /><E107/><V57/><F69/><W3/><G3/><T124/><D124/><U108/><E108/><V98/><F85/><W131/><G131/><N who="1" m="50218" /><E67/><V54/><F33/><W111/><G111/><T15/><D102/><U30/><E30/><V120/><F120/><W81/><G78/><T2/><D2/><U125/><E125/><V64/><F31/><W27/><REACH who="3" step="1"/><G29/><REACH who="3" ten="382,281,109,218" step="2"/><T100/><D100/><U4/><E115/><V46/><F10/><W56/><G56/><T117/><D117/><U11/><E113/><V84/><F84/><W8/><G8/><N who="0" m="6151" /><D91/><U112/><E86/><V134/><F134/><W32/><G32/><T74/><D74/><U82/><E112/><V38/><F38/><AGARI ba="0,1" hai="23,27,28,38,43,47,79,81,87,97,103,106,121,123" machi="38" ten="30,5800,0" yaku="1,1,7,1,53,1" doraHai="59" doraHaiUra="68" who="3" fromWho="2" sc="382,0,281,0,109,-58,218,68" /><INIT seed="3,1,0,4,0,101" ten="382,281,51,286" oya="3" hai0="123,92,26,55,24,75,83,65,85,50,71,22,124" hai1="32,107,4,20,64,52,14,46,96,81,2,130,128" hai2="133,118,87,125,6,93,53,106,97,30,80,17,88" hai3="103,111,10,47,113,77,84,62,66,59,13,49,21"/><W95/><G113/><T27/><D123/><U8/><E32/><V67/><F30/><W100/><G111/><T134/><D75/><U5/><E64/><V72/><F67/><W36/><G36/><T117/><D117/><U120/><E120/><V61/><F6/><W112/><G112/><T73/><D73/><U132/><E81/><V86/><F118/><W0/><G0/><T12/><D134/><U23/><E132/><V89/><F133/><W82/><G95/><T135/><D135/><U60/><E5/><V99/><F17/><W18/><REACH who="3" step="1"/><G10/><REACH who="3" ten="382,281,51,276" step="2"/><T129/><D124/><U79/><E2/><V37/><F125/><W3/><G3/><T40/><D129/><N who="1" m="49771" /><E79/><N who="2" m="44135" /><F37/><W131/><G131/><T105/><D92/><U19/><E4/><V45/><F45/><W109/><G109/><T41/><D71/><U11/><E11/><V16/><F16/><W48/><G48/><T54/><D22/><U116/><E116/><V25/><F25/><W110/><G110/><T42/><D12/><U51/><E60/><V35/><F61/><W9/><G9/><T119/><D50/><U63/><E63/><V70/><F35/><W127/><G127/><T98/><D119/><U34/><E34/><V126/><F126/><W39/><G39/><T38/><D38/><U78/><E78/><V7/><F7/><W43/><AGARI ba="1,1" hai="13,18,21,43,47,49,59,62,66,77,82,84,100,103" machi="43" ten="20,7800,0" yaku="1,1,0,1,7,1,8,1,53,0" doraHai="101" doraHaiUra="31" who="3" fromWho="3" sc="382,-27,281,-27,51,-27,276,91" owari="355,16.0,254,-15.0,24,-48.0,367,47.0" /></mjloggm>