<mjloggm ver="2.3"><GO type="97" lobby="0"/><UN n0="%E3%82%A6%E3%83%AB%E3%83%88%E3%83%A9%E7%AB%8B%E7%9B%B4" n1="%6B%65%6E%74%30%38%32%36" n2="%E2%98%86%E3%82%A2%E3%82%B9%E3%83%88%E3%83%AC%E3%82%A2%E2%98%86" n3="%64%6F%6E%71%75%65%73" dan="14,13,15,14" rate="1951.66,1866.25,1989.90,1947.84" sx="M,M,F,M"/><TAIKYOKU oya="0"/><INIT seed="0,0,0,0,0,104" ten="250,250,250,250" oya="0" hai0="105,113,103,94,73,9,52,124,37,36,28,120,117" hai1="12,110,121,85,35,64,16,109,50,99,118,68,75" hai2="8,119,96,131,23,116,31,53,74,41,5,27,51" hai3="32,129,95,130,33,14,24,47,133,134,114,98,132"/><T106/><D120/><U25/><E118/><N who="2" m="45099" /><F131/><N who="3" m="50187" /><G47/><T66/><D117/><U48/><E121/><V43/><F96/><W6/><G114/><T30/><D94/><U7/><E7/><V72/><F53/><W22/><G98/><T80/><D9/><U40/><E75/><N who="2" m="28715" /><F51/><W59/><G95/><T56/><D73/><U92/><E68/><V83/><F83/><W108/><G59/><T125/><D56/><U127/><E64/><V63/><F63/><W123/><G123/><T102/><D80/><U60/><E127/><V86/><F86/><W101/><G101/><T4/><D4/><U82/><E85/><V3/><AGARI ba="0,0" hai="3,5,8,23,27,31,41,43" m="28715,45099" machi="3" ten="30,7900,0" yaku="12,1,52,3" doraHai="104" who="2" fromWho="2" sc="250,-39,250,-20,250,79,250,-20" /><INIT seed="1,0,0,2,3,118" ten="211,230,329,230" oya="1" hai0="55,33,86,130,18,39,76,4,48,31,123,52,127" hai1="104,74,42,68,63,21,40,22,25,51,50,124,89" hai2="84,111,134,30,73,37,15,119,2,6,64,95,116" hai3="79,35,122,59,71,88,3,83,57,60,99,112,14"/><U100/><E74/><V69/><F15/><W20/><G3/><T77/><D123/><U28/><E124/><V8/><F37/><W87/><G112/><T121/><D121/><U23/><E104/><V135/><F73/><W19/><G35/><T32/><D48/><U92/><E100/><V96/><F111/><W128/><G128/><T133/><D133/><N who="2" m="50698" /><F30/><W12/><G122/><T90/><D18/><U81/><E68/><V132/><F84/><W27/><G71/><T126/><D86/><U29/><E81/><V72/><F72/><W82/><G99/><T78/><D90/><U54/><E63/><N who="2" m="40095" /><F132/><W61/><G82/><T38/><D31/><N who="1" m="11851" /><E25/><V101/><AGARI ba="0,0" hai="2,6,8,95,96,101,116,119" m="40095,50698" machi="101" ten="30,1100,0" yaku="20,1" doraHai="118" who="2" fromWho="2" sc="211,-3,230,-5,329,11,230,-3" /><INIT seed="2,0,0,5,1,28" ten="208,225,340,227" oya="2" hai0="86,30,40,36,92,27,134,16,29,10,100,128,70" hai1="48,12,63,0,129,135,33,102,133,65,120,1,94" hai2="73,69,52,71,104,125,67,56,117,111,53,43,109" hai3="17,6,31,32,126,62,124,57,2,54,116,96,8"/><V46/><F104/><W26/><G116/><T130/><D70/><N who="2" m="26634" /><F73/><W84/><G84/><T38/><D40/><U61/><E33/><V103/><F103/><W22/><REACH who="3" step="1"/><G96/><REACH who="3" ten="208,225,340,217" step="2"/><T90/><D86/><U19/><E133/><V51/><F117/><W118/><G118/><T93/><D134/><U87/><E135/><V15/><F125/><W83/><G83/><T127/><D127/><U72/><E87/><V98/><F98/><W77/><G77/><T123/><D123/><U119/><E72/><V9/><F9/><W132/><G132/><T81/><D81/><U88/><E119/><V82/><F82/><W107/><G107/><T60/><D90/><U110/><E120/><V50/><F15/><AGARI ba="0,1" hai="2,6,8,15,17,22,26,31,32,54,57,62,124,126" machi="15" ten="40,8000,1" yaku="1,1,24,2,52,1,53,1" doraHai="28" doraHaiUra="25" who="3" fromWho="2" sc="208,0,225,0,340,-80,217,90" /><INIT seed="3,0,0,3,4,22" ten="208,225,260,307" oya="3" hai0="9,66,119,135,62,107,59,120,18,114,76,39,106" hai1="92,0,91,101,46,116,103,75,126,43,88,4,108" hai2="74,73,45,13,34,105,6,49,77,128,38,65,52" hai3="130,117,125,90,131,5,47,21,69,64,27,2,83"/><W93/><G117/><T58/><D120/><U19/><E116/><V36/><F105/><W44/><G125/><T124/><D119/><U102/><E75/><V78/><F34/><W127/><G127/><T94/><D114/><U118/><E126/><V82/><F128/><W51/><G83/><T80/><D124/><U98/><E118/><V84/><F65/><W97/><G51/><T15/><D135/><U50/><E108/><V67/><F67/><W20/><G20/><T100/><D39/><U16/><E0/><V56/><F84/><W112/><G112/><T35/><D35/><U7/><REACH who="1" step="1"/><E91/><REACH who="1" ten="208,215,260,307" step="2"/><V122/><F122/><W30/><G2/><T48/><D100/><U63/><E63/><V96/><F74/><W60/><G5/><AGARI ba="0,1" hai="4,5,7,16,19,43,46,50,88,92,98,101,102,103" machi="5" ten="40,8000,1" yaku="1,1,8,1,54,2,53,0" doraHai="22" doraHaiUra="11" who="1" fromWho="3" sc="208,0,215,90,260,0,307,-80" owari="208,-29.0,305,40.0,260,6.0,227,-17.0" /></mjloggm>