<mjloggm ver="2.3"><GO type="97" lobby="0"/><UN n0="%70%65%61%63%65%36%39" n1="%E3%82%A6%E3%83%AB%E3%83%88%E3%83%A9%E7%AB%8B%E7%9B%B4" n2="%69%50%6F%64%69%50%6F%64" n3="%E4%BD%90%E3%80%85%E9%87%8E%E3%81%84%E3%81%A1%E3%81%94%E2%98%86" dan="13,14,13,14" rate="1863.48,1937.15,1830.50,1885.20" sx="M,M,M,F"/><TAIKYOKU oya="0"/><INIT seed="0,0,0,1,4,79" ten="250,250,250,250" oya="0" hai0="55,22,128,91,131,11,117,31,39,130,107,6,113" hai1="53,14,26,48,82,35,1,18,63,7,98,104,44" hai2="13,112,100,96,16,105,86,71,81,72,37,12,129" hai3="38,99,40,124,102,74,21,67,92,36,87,118,33"/><T42/><D107/><U132/><E132/><V135/><F37/><W62/><G118/><T56/><D113/><U68/><E1/><V20/><F71/><W41/><G33/><T127/><D117/><U90/><E7/><V15/><F72/><W75/><G124/><T80/><D127/><U108/><E108/><V85/><F112/><W95/><G21/><T64/><D64/><U114/><E114/><V25/><F135/><W19/><G19/><T134/><D134/><U30/><E104/><V50/><F129/><W88/><G38/><T89/><D39/><U73/><E98/><V133/><F133/><W126/><G126/><T111/><D42/><U76/><E90/><V77/><F86/><W43/><REACH who="3" step="1"/><G36/><REACH who="3" ten="250,250,250,240" step="2"/><T17/><D17/><U4/><E18/><V51/><AGARI ba="0,1" hai="12,13,15,16,20,25,50,51,77,81,85,96,100,105" machi="51" ten="30,4000,0" yaku="0,1,52,1,54,1" doraHai="79" who="2" fromWho="2" sc="250,-20,250,-10,250,50,240,-10" /><INIT seed="1,0,0,4,4,132" ten="230,240,300,230" oya="1" hai0="19,44,131,123,78,108,22,31,85,126,104,93,95" hai1="69,130,60,20,118,73,26,111,103,135,87,79,25" hai2="54,77,76,59,97,49,36,51,38,9,40,99,12" hai3="81,101,43,34,90,117,110,102,46,115,29,105,15"/><U7/><E73/><V52/><F40/><W98/><G117/><T37/><D104/><U112/><E118/><V39/><F77/><W10/><G115/><T13/><D37/><U94/><E112/><V70/><F70/><W32/><G110/><T1/><D1/><U121/><E121/><V63/><F76/><W56/><G102/><T28/><D108/><U4/><E111/><V89/><F89/><W67/><G29/><T18/><D123/><U58/><E69/><V86/><F86/><W45/><G45/><T120/><D120/><U2/><E2/><V128/><F128/><W55/><G67/><T74/><D74/><U92/><E130/><V113/><F113/><W80/><G90/><T8/><D131/><U48/><E48/><V62/><F62/><W83/><G55/><T16/><D44/><U24/><E135/><V5/><REACH who="2" step="1"/><F63/><REACH who="2" ten="230,240,290,230" step="2"/><W124/><G43/><T106/><D78/><U3/><E79/><V88/><F88/><W114/><G114/><T47/><D106/><U125/><E87/><V75/><F75/><W21/><G105/><T65/><D85/><U133/><E133/><V33/><F33/><W30/><G101/><T17/><D93/><U41/><E41/><V116/><F116/><W57/><G34/><T96/><D95/><U35/><E94/><V122/><F122/><W100/><G32/><T134/><D134/><U71/><E92/><V127/><F127/><W84/><G124/><T82/><D126/><U53/><E103/><V107/><F107/><W50/><G84/><T66/><D96/><U72/><E125/><V129/><F129/><RYUUKYOKU ba="0,1" sc="230,-10,240,-10,290,30,230,-10" hai2="5,9,12,36,38,39,49,51,52,54,59,97,99" /><INIT seed="2,1,1,2,3,65" ten="220,230,320,220" oya="2" hai0="28,115,119,92,52,57,61,118,101,123,77,47,95" hai1="135,21,2,79,125,93,128,53,54,0,33,7,15" hai2="87,62,90,112,96,108,89,32,25,86,68,66,16" hai3="105,27,106,37,20,69,83,56,31,71,48,18,67"/><V113/><F96/><W55/><G37/><T126/><D115/><U59/><E33/><V124/><F124/><W30/><G83/><T51/><D123/><U84/><E2/><V75/><F75/><W40/><G40/><T85/><D28/><U22/><E0/><V11/><F32/><W98/><G67/><T64/><D126/><U38/><E38/><V39/><F39/><W17/><G98/><T134/><D134/><U26/><E125/><V5/><F5/><W127/><G127/><T36/><D36/><U4/><E135/><V122/><F122/><W14/><G31/><T110/><D110/><U107/><E107/><V72/><F72/><W82/><G82/><N who="0" m="47311" /><D101/><U9/><E128/><V102/><F102/><W44/><G44/><T78/><D78/><U100/><E7/><V91/><F108/><W23/><REACH who="3" step="1"/><G30/><REACH who="3" ten="220,230,320,210" step="2"/><T1/><D1/><U130/><E130/><V103/><F113/><W29/><G29/><T73/><D73/><U117/><E79/><V46/><F112/><W42/><G42/><T88/><D88/><N who="1" m="53383" /><E100/><V63/><F103/><W35/><G35/><T74/><D74/><U111/><E111/><V109/><F109/><W129/><G129/><T34/><D34/><U131/><E131/><V12/><F66/><W13/><G13/><T116/><AGARI ba="1,2" hai="47,51,52,57,61,64,92,95,116,118,119" m="47311" machi="116" ten="30,2000,0" yaku="12,1,54,1" doraHai="65" who="0" fromWho="0" sc="220,43,230,-6,320,-11,210,-6" /><INIT seed="3,0,0,4,0,96" ten="263,224,309,204" oya="3" hai0="60,113,73,131,80,117,0,23,67,129,48,99,83" hai1="45,38,16,47,130,103,36,111,86,107,82,77,56" hai2="122,92,112,52,11,55,87,64,72,22,127,54,32" hai3="40,133,7,53,105,61,84,41,74,35,26,49,76"/><W10/><G105/><T5/><D117/><U44/><E130/><N who="0" m="49673" /><D73/><U25/><E111/><V17/><F32/><W114/><G114/><T66/><D113/><U118/><E118/><V116/><F72/><W2/><G74/><T1/><D5/><U34/><E34/><V50/><F116/><W85/><G61/><T30/><D48/><U51/><E107/><V59/><F112/><W19/><G133/><T33/><D33/><U58/><E36/><V13/><F122/><W8/><G8/><T75/><D75/><U121/><E38/><V21/><F127/><W109/><G109/><T100/><D67/><U120/><E120/><V14/><F64/><W70/><G70/><N who="0" m="42311" /><D1/><U102/><E121/><V128/><F128/><W42/><G76/><T94/><D0/><U124/><E124/><V63/><F63/><W78/><G78/><T15/><D15/><U81/><E81/><V68/><F68/><W88/><G88/><T119/><D119/><U57/><E51/><V27/><F21/><AGARI ba="0,0" hai="16,21,25,44,45,47,56,57,58,77,82,86,102,103" machi="21" ten="40,8000,1" yaku="8,1,52,2,54,1" doraHai="96" who="1" fromWho="2" sc="263,0,224,80,309,-80,204,0" owari="263,6.0,304,41.0,229,-17.0,204,-30.0" /></mjloggm>