<mjloggm ver="2.3"><GO type="97" lobby="0"/><UN n0="%E3%83%AC%E3%83%AD%E3%83%88%E3%83%A9%E3%83%BC" n1="%45%53%50%41%4E%49%41" n2="%E3%82%A6%E3%83%AB%E3%83%88%E3%83%A9%E7%AB%8B%E7%9B%B4" n3="%E6%9C%8D%E9%83%A8%E6%96%87%E7%A5%A5" dan="13,15,13,13" rate="1929.90,2031.48,1852.88,1905.02" sx="M,M,M,M"/><TAIKYOKU oya="0"/><INIT seed="0,0,0,4,3,44" ten="250,250,250,250" oya="0" hai0="109,75,13,96,26,58,62,30,131,135,10,22,132" hai1="63,6,34,124,128,106,19,0,79,105,120,68,53" hai2="129,82,49,88,133,134,87,14,94,64,122,112,27" hai3="60,18,103,16,24,127,20,71,121,83,3,77,1"/><T32/><D75/><U35/><E19/><V73/><F122/><W55/><G121/><T98/><D131/><U31/><E53/><V21/><F112/><W61/><G127/><T12/><D109/><U107/><E120/><V117/><F117/><W51/><G103/><T67/><D32/><U46/><E46/><V65/><F129/><W125/><G125/><T37/><D37/><U57/><E57/><V40/><F14/><W130/><G130/><T38/><D38/><U2/><E79/><V92/><F49/><W59/><G18/><T25/><D25/><U33/><E124/><V84/><F40/><W93/><G93/><T100/><D96/><U5/><E128/><V9/><F9/><W108/><G108/><T104/><REACH who="0" step="1"/><D12/><REACH who="0" ten="240,250,250,250" step="2"/><U15/><E15/><V50/><F73/><W39/><G39/><T85/><D85/><U110/><E110/><V119/><F87/><W41/><G3/><N who="1" m="1066" /><E5/><AGARI ba="0,1" hai="5,10,13,22,26,30,58,62,67,98,100,104,132,135" machi="5" ten="40,2000,0" yaku="1,1,53,0" doraHai="44" doraHaiUra="115" who="0" fromWho="1" sc="240,30,250,-20,250,0,250,0" /><INIT seed="0,1,0,5,0,126" ten="270,230,250,250" oya="0" hai0="106,93,72,2,68,77,0,132,80,119,45,73,37" hai1="99,21,69,71,16,50,12,124,122,59,11,51,105" hai2="91,133,49,109,102,76,65,100,46,123,127,70,23" hai3="89,9,83,39,29,38,14,43,54,134,94,6,86"/><T64/><D119/><U61/><E124/><V97/><F123/><W35/><G134/><T7/><D132/><U67/><E122/><V117/><F127/><W25/><G43/><T44/><D44/><U125/><E125/><V42/><F133/><W131/><G131/><T121/><D121/><U82/><E82/><V5/><F109/><W55/><G55/><T111/><D93/><U130/><E130/><V75/><F117/><W87/><REACH who="3" step="1"/><G54/><REACH who="3" ten="270,230,250,240" step="2"/><T17/><D111/><U63/><E69/><V28/><F70/><W40/><G40/><N who="0" m="22671" /><D106/><U19/><E105/><V26/><F42/><W60/><G60/><T58/><D68/><U101/><E71/><V104/><F104/><W47/><G47/><T62/><D73/><U135/><E61/><V110/><F46/><W116/><G116/><T48/><D48/><U53/><E53/><V112/><F49/><W108/><G108/><T41/><D41/><U31/><E135/><V113/><F75/><W1/><G1/><T57/><D0/><U20/><E51/><V8/><F110/><W22/><G22/><T4/><D2/><U66/><E21/><V32/><F23/><W129/><G129/><T96/><D58/><U114/><E50/><V103/><F32/><W24/><G24/><T90/><D57/><U88/><E59/><V56/><F26/><W18/><G18/><T128/><D128/><U85/><E16/><V34/><F34/><W120/><G120/><T92/><D62/><U30/><E19/><V36/><F56/><W13/><G13/><T81/><D64/><U15/><E63/><V107/><F65/><RYUUKYOKU ba="1,1" sc="270,-10,230,-10,250,-10,240,30" hai3="6,9,14,25,29,35,38,39,83,86,87,89,94" /><INIT seed="1,2,1,3,2,90" ten="260,220,240,270" oya="1" hai0="39,18,40,25,1,32,118,105,16,14,63,117,54" hai1="80,110,127,101,5,11,134,83,109,111,22,107,119" hai2="42,66,37,88,27,23,34,56,123,98,20,47,108" hai3="82,76,15,28,36,7,29,77,52,30,46,128,71"/><U6/><E119/><V102/><F123/><W70/><G128/><T21/><D105/><U124/><E134/><V41/><F108/><W74/><G77/><T91/><D1/><U125/><E107/><V78/><F78/><W115/><G115/><T112/><D112/><U24/><E101/><V0/><F0/><W114/><G114/><T132/><D132/><U99/><E99/><V94/><F42/><W116/><G116/><T96/><D32/><U62/><E62/><N who="2" m="38215" /><F34/><W58/><G46/><T104/><D104/><U106/><E106/><V92/><F37/><W89/><G36/><T73/><D73/><U79/><E79/><V59/><F59/><W135/><G135/><T17/><D40/><U33/><E33/><V121/><F121/><W130/><G130/><T81/><D39/><U49/><E49/><N who="2" m="26863" /><F27/><W19/><G7/><N who="1" m="2570" /><E11/><V13/><F13/><W84/><G15/><T43/><D14/><U45/><E45/><V12/><F12/><W97/><G19/><AGARI ba="2,1" hai="19,22,24,80,83,109,110,111,124,125,127" m="2570" machi="19" ten="40,7700,0" yaku="14,1,10,1,18,1" doraHai="90" who="1" fromWho="3" sc="260,0,220,93,240,0,270,-83" /><INIT seed="1,3,0,0,3,93" ten="260,313,240,187" oya="1" hai0="128,84,74,26,109,52,24,116,120,126,123,51,129" hai1="13,43,73,101,121,97,91,27,94,65,25,71,108" hai2="127,29,75,22,20,110,90,35,83,1,57,125,63" hai3="64,78,87,46,31,44,48,135,134,113,99,47,53"/><U9/><E73/><V86/><F1/><W122/><G122/><T117/><D74/><U18/><E121/><N who="0" m="46665" /><D84/><U115/><E115/><V70/><F70/><W41/><G113/><T56/><D109/><U81/><E108/><V7/><F7/><W36/><G31/><T37/><D37/><U17/><E43/><V100/><F75/><W88/><G78/><T72/><D72/><U4/><E71/><V21/><F110/><W85/><G64/><T92/><D92/><N who="1" m="58535" /><E81/><V2/><F2/><W80/><G87/><T60/><D126/><N who="2" m="48138" /><F100/><W55/><REACH who="3" step="1"/><G99/><REACH who="3" ten="260,313,240,177" step="2"/><T39/><D39/><U38/><E38/><V49/><F29/><W95/><G95/><T6/><D117/><U32/><E65/><V12/><F86/><W59/><G59/><N who="0" m="33183" /><D116/><U33/><E32/><V61/><F35/><W118/><G118/><T133/><D133/><U119/><E33/><V132/><F132/><W131/><G131/><N who="0" m="50251" /><D6/><U106/><E119/><V114/><F114/><W82/><G82/><T89/><D89/><U16/><E106/><V124/><F90/><W107/><G107/><T66/><AGARI ba="3,1" hai="24,26,56,60,66" m="50251,33183,46665" machi="66" ten="30,4000,0" yaku="13,1,19,1,54,1" doraHai="93" who="0" fromWho="0" sc="260,59,313,-23,240,-13,177,-13" /><INIT seed="2,0,0,0,3,20" ten="319,290,227,164" oya="2" hai0="11,75,125,0,71,19,124,47,118,26,56,72,39" hai1="58,88,37,30,120,83,87,100,129,53,57,77,128" hai2="36,33,93,3,4,18,99,29,1,70,134,34,24" hai3="114,13,52,54,135,80,73,97,116,98,14,122,12"/><V16/><F70/><W123/><G116/><T91/><D71/><U119/><E37/><V32/><F36/><W76/><G114/><T6/><D118/><U51/><E119/><V23/><F134/><W35/><G35/><T89/><D56/><U69/><E69/><V103/><REACH who="2" step="1"/><F4/><REACH who="2" ten="319,290,217,164" step="2"/><W102/><G135/><T22/><D75/><U130/><E128/><V67/><F67/><W49/><G54/><T79/><D124/><U31/><E53/><V8/><F8/><W43/><G43/><N who="0" m="23039" /><D125/><U59/><E129/><V45/><F45/><W81/><G122/><T63/><D63/><U78/><E57/><V109/><F109/><W41/><G123/><T61/><D61/><U48/><E58/><V84/><F84/><W10/><G41/><T62/><D62/><U96/><E87/><V27/><F27/><W132/><G132/><T121/><D121/><U90/><E59/><V85/><F85/><W131/><G10/><T15/><D26/><U65/><E65/><V105/><F105/><W106/><G131/><T40/><D40/><U92/><E120/><V133/><F133/><W101/><G106/><T7/><D7/><U38/><E38/><V104/><F104/><W25/><G25/><T66/><D66/><U107/><E107/><V108/><F108/><W60/><G60/><T115/><D115/><U95/><E130/><V110/><F110/><W50/><G73/><T17/><D17/><AGARI ba="0,1" hai="1,3,16,17,18,23,24,29,32,33,34,93,99,103" machi="17" ten="40,7700,0" yaku="1,1,52,1,54,1,53,0" doraHai="20" doraHaiUra="127" who="2" fromWho="0" sc="319,-77,290,0,217,87,164,0" /><INIT seed="2,1,0,5,0,88" ten="242,290,304,164" oya="2" hai0="30,126,118,55,17,123,35,20,83,87,92,76,33" hai1="84,93,28,25,61,36,45,21,59,9,117,40,38" hai2="125,58,18,1,78,63,46,133,10,37,16,48,106" hai3="77,82,89,22,27,86,128,108,71,95,52,43,104"/><V65/><F106/><W19/><G108/><T6/><D123/><U107/><E107/><V31/><F37/><W54/><G128/><T50/><D118/><U119/><E36/><V8/><F125/><W134/><G134/><T85/><D126/><U69/><E69/><V116/><F116/><W4/><G71/><T80/><D6/><U23/><E23/><V32/><F133/><W62/><G62/><T64/><D64/><U41/><E41/><V42/><F32/><W26/><G104/><T109/><D109/><U122/><E122/><V60/><F31/><W44/><G26/><T7/><D7/><U115/><E115/><V100/><F78/><W29/><G4/><T3/><D3/><U98/><E84/><V2/><F100/><W57/><G57/><N who="0" m="33015" /><D33/><U124/><E9/><N who="2" m="3691" /><F2/><W79/><G29/><T49/><D49/><U75/><E75/><V121/><F1/><W13/><G79/><T15/><D35/><U12/><E12/><V110/><F110/><W131/><G27/><T72/><D30/><U113/><E113/><V11/><F121/><W103/><G103/><T73/><D83/><U90/><E124/><V99/><F11/><W127/><G127/><T53/><D53/><AGARI ba="1,0" hai="21,25,28,38,40,45,53,59,61,90,93,98,117,119" machi="53" ten="30,2000,0" yaku="7,1,52,1" doraHai="88" who="1" fromWho="0" sc="242,-23,290,23,304,0,164,0" /><INIT seed="3,0,0,2,5,109" ten="219,313,304,164" oya="3" hai0="119,74,17,50,55,81,51,57,95,68,49,38,71" hai1="2,7,43,78,85,76,120,75,5,77,0,27,46" hai2="15,18,16,31,130,32,56,113,39,135,84,93,67" hai3="34,21,6,66,128,69,11,129,124,54,33,132,41"/><W87/><G124/><T8/><D119/><U134/><E75/><V123/><F113/><W127/><G127/><T53/><D74/><U70/><E70/><N who="0" m="26665" /><D95/><U105/><E105/><V61/><F39/><W1/><G132/><T59/><D81/><U92/><E134/><V35/><F35/><W114/><G41/><T131/><D17/><U19/><E120/><V86/><F130/><N who="3" m="50283" /><G21/><T83/><D8/><U108/><E108/><V97/><F135/><W116/><G116/><T115/><D83/><U82/><E92/><V122/><F32/><N who="3" m="12395" /><G87/><N who="2" m="33321" /><F31/><W89/><G89/><T60/><D131/><U63/><E63/><V96/><F122/><W40/><G40/><T12/><D12/><U121/><E2/><V111/><F111/><W29/><G29/><T125/><D125/><U47/><E0/><V24/><F123/><W22/><G22/><T14/><D14/><U23/><E121/><V101/><F24/><W3/><G54/><T107/><D107/><U72/><E43/><V73/><F15/><N who="3" m="5623" /><G114/><T126/><D126/><U106/><E106/><V4/><F73/><W58/><G69/><T64/><D115/><U112/><E112/><V20/><F20/><W65/><G65/><T44/><D38/><U110/><E110/><V26/><F96/><W94/><G94/><T80/><D80/><N who="1" m="45063" /><E77/><V62/><F26/><W88/><G88/><T28/><D28/><U42/><E42/><V133/><F133/><W30/><G30/><T79/><D79/><U104/><E104/><V9/><F4/><W37/><G37/><T10/><D10/><U52/><E46/><V36/><F36/><RYUUKYOKU ba="0,0" sc="219,10,313,10,304,-30,164,10" hai0="44,49,50,51,53,55,57,59,60,64" hai1="5,7,19,23,27,47,52,78,82,85" hai3="1,3,58,66" /><INIT seed="3,1,0,3,0,127" ten="229,323,274,174" oya="3" hai0="25,46,75,99,107,36,27,72,92,65,109,22,67" hai1="79,6,126,86,51,90,123,26,97,57,62,96,124" hai2="9,12,133,132,39,98,21,82,119,3,118,41,74" hai3="64,19,2,55,122,1,40,50,129,105,47,130,134"/><W95/><G122/><T113/><D107/><U49/><E123/><V5/><F98/><N who="1" m="37993" /><E6/><V20/><F82/><W114/><G105/><T18/><D113/><U61/><E124/><V42/><F74/><W31/><G114/><T38/><D109/><U32/><E126/><V69/><F69/><W54/><G134/><N who="2" m="51817" /><F42/><W59/><G64/><T52/><D38/><U108/><E108/><V89/><F89/><W17/><G31/><T80/><D36/><U24/><E32/><V37/><F37/><W110/><G95/><T116/><D116/><N who="2" m="44586" /><F41/><W77/><G77/><T60/><D75/><U30/><E79/><V53/><F53/><N who="3" m="19979" /><G59/><N who="0" m="34919" /><D72/><U0/><E0/><N who="3" m="106" /><G110/><T28/><D80/><N who="1" m="49479" /><E30/><V11/><F39/><W23/><G23/><N who="0" m="13559" /><D46/><U101/><E101/><AGARI ba="1,0" hai="22,27,28,65,67,92,99,101" m="13559,34919" machi="101" ten="30,2000,0" yaku="8,1,54,1" doraHai="127" who="0" fromWho="1" sc="229,23,323,-23,274,0,174,0" owari="252,-15.0,300,41.0,274,7.0,174,-33.0" /></mjloggm>