<mjloggm ver="2.3"><GO type="97" lobby="0"/><UN n0="%E3%82%A6%E3%83%AB%E3%83%88%E3%83%A9%E7%AB%8B%E7%9B%B4" n1="%74%65%72%72%79%31%33%36" n2="%53%68%69%67%65%7A%6F" n3="%54%61%59" dan="14,14,14,13" rate="1939.93,1912.61,1930.47,1911.49" sx="M,M,M,M"/><TAIKYOKU oya="0"/><INIT seed="0,0,0,2,4,52" ten="250,250,250,250" oya="0" hai0="10,102,128,74,84,68,71,104,8,38,55,9,27" hai1="86,2,58,114,24,6,101,72,17,77,121,43,116" hai2="69,122,42,135,7,93,82,64,125,22,53,63,16" hai3="115,13,48,31,75,39,57,99,131,25,67,60,47"/><T50/><BYE who="2" /><D74/><U94/><E116/><V49/><F49/><W54/><G115/><T133/><D38/><U98/><E121/><V76/><F76/><W119/><G131/><T40/><D128/><U80/><E114/><V130/><F130/><W70/><G119/><T35/><D133/><U34/><E43/><V62/><F62/><W32/><G75/><T51/><D40/><UN n2="%53%68%69%67%65%7A%6F" /><U5/><E2/><V45/><F122/><W28/><G28/><T65/><D51/><U78/><E77/><V95/><F82/><W134/><G134/><T66/><D104/><U118/><E118/><V4/><F53/><W1/><G1/><T81/><D102/><U29/><E17/><V18/><F18/><W23/><G39/><T61/><D27/><U109/><E109/><V33/><F33/><W20/><G13/><T103/><D103/><U111/><E111/><V46/><F46/><W123/><G123/><T124/><D35/><U96/><E96/><V83/><F83/><W19/><G19/><T117/><D117/><U30/><E30/><V90/><F95/><W129/><G129/><T21/><D21/><U105/><REACH who="1" step="1"/><E58/><REACH who="1" ten="250,240,250,250" step="2"/><N who="2" m="36983" /><F125/><W41/><G99/><T85/><D124/><U107/><E107/><V37/><F69/><W88/><G41/><T92/><D68/><U112/><E112/><V14/><F135/><W106/><G106/><T59/><D71/><U132/><E132/><V87/><F4/><W108/><G108/><T36/><D36/><U26/><E26/><V97/><F7/><W12/><G70/><T56/><D56/><U15/><E15/><V126/><F126/><RYUUKYOKU ba="0,1" sc="250,-15,240,15,250,15,250,-15" hai1="5,6,24,29,34,72,78,80,86,94,98,101,105" hai2="14,16,22,37,42,45,87,90,93,97" /><INIT seed="1,1,1,0,1,68" ten="235,255,265,235" oya="1" hai0="103,9,15,110,5,134,72,108,60,95,26,50,61" hai1="75,24,29,13,92,27,1,48,41,19,83,113,53" hai2="0,79,73,114,11,22,4,40,76,25,131,8,55" hai3="133,66,47,30,10,67,84,86,23,88,65,2,63"/><U59/><E113/><V105/><F105/><W82/><G133/><T130/><D72/><U102/><E1/><V120/><F120/><W6/><G47/><T38/><D134/><U112/><E112/><V117/><F117/><W52/><G30/><T106/><D106/><U93/><E75/><V45/><F131/><W35/><G35/><T101/><D38/><U77/><E77/><V42/><F42/><W121/><G121/><T91/><D50/><U129/><E83/><N who="2" m="45455" /><F55/><W21/><REACH who="3" step="1"/><G86/><REACH who="3" ten="235,255,265,225" step="2"/><N who="0" m="52727" /><D130/><U54/><E129/><V43/><F43/><W80/><G80/><T46/><D46/><N who="1" m="27799" /><E29/><N who="2" m="17591" /><F79/><W74/><G74/><T62/><D110/><U85/><E41/><V100/><F100/><W18/><G18/><T33/><D108/><U32/><E32/><V116/><F116/><W109/><G109/><T122/><D122/><U7/><E85/><V98/><F98/><W64/><N who="3" m="16896" /><DORA hai="87" /><W16/><G16/><T135/><D135/><U107/><E102/><N who="0" m="38921" /><D33/><U99/><E107/><V123/><F123/><W111/><G111/><T118/><D118/><U3/><E99/><V12/><F114/><W90/><G90/><T39/><D39/><U81/><E81/><V70/><F70/><W78/><G78/><T31/><D31/><U36/><E93/><V69/><F69/><W58/><AGARI ba="1,2" hai="2,6,10,21,23,52,58,63,82,84,88" m="16896" machi="58" ten="40,8000,1" yaku="1,1,0,1,52,1,54,2,53,0" doraHai="68,87" doraHaiUra="128,125" who="3" fromWho="3" sc="235,-21,255,-41,265,-21,225,103" /><INIT seed="2,0,0,1,0,84" ten="214,214,244,328" oya="2" hai0="34,79,85,39,24,90,82,53,125,1,135,49,7" hai1="127,65,42,47,98,88,69,75,4,41,83,96,130" hai2="102,94,61,0,80,100,76,67,71,99,58,122,113" hai3="110,62,128,16,95,112,37,22,48,81,109,77,19"/><V64/><F0/><W123/><G37/><T114/><D39/><U134/><E127/><V51/><F113/><W59/><G123/><T103/><D114/><U31/><E130/><V132/><F122/><W97/><G112/><T119/><D125/><U57/><E134/><V73/><F132/><W6/><G6/><T32/><D135/><U3/><E69/><V25/><F25/><W18/><G128/><T11/><D119/><U30/><E3/><V29/><F29/><W92/><G48/><T43/><D103/><U87/><E4/><V14/><F14/><W126/><G126/><T28/><D43/><U66/><E75/><V106/><F67/><N who="1" m="25609" /><E57/><V2/><F2/><W72/><G22/><T54/><D34/><U23/><E31/><V44/><F71/><W104/><G104/><T26/><D26/><N who="1" m="16735" /><E47/><V78/><F78/><W15/><G15/><T5/><D5/><U38/><E38/><V124/><F124/><W33/><G33/><T13/><D1/><U116/><E116/><V60/><F60/><W70/><G70/><T40/><REACH who="0" step="1"/><D79/><REACH who="0" ten="204,214,244,328" step="2"/><U21/><E21/><V74/><F106/><W36/><G36/><T107/><D107/><U120/><E120/><V117/><F117/><W86/><G72/><T10/><D10/><U45/><E45/><AGARI ba="0,1" hai="7,11,13,24,28,32,40,45,49,53,54,82,85,90" machi="45" ten="40,2600,0" yaku="1,1,52,1,53,0" doraHai="84" doraHaiUra="115" who="0" fromWho="1" sc="204,36,214,-26,244,0,328,0" /><INIT seed="3,0,0,2,5,61" ten="240,188,244,328" oya="3" hai0="43,14,103,54,67,119,115,135,22,82,72,60,129" hai1="122,7,79,10,23,86,56,97,102,128,45,113,106" hai2="120,3,38,32,93,13,26,47,68,73,31,30,49" hai3="98,12,121,101,16,63,11,41,126,53,99,52,17"/><W42/><G121/><T112/><D119/><U114/><E122/><V44/><F120/><W95/><G126/><T70/><D43/><N who="3" m="16393" /><G63/><T20/><D129/><U21/><E128/><V78/><F68/><W0/><G0/><T130/><D130/><U5/><E45/><V27/><F38/><W127/><G127/><T110/><D110/><U87/><E56/><V29/><F3/><W33/><G33/><T83/><D135/><U77/><E102/><V1/><F1/><W48/><G98/><T125/><D125/><U24/><E97/><V134/><F134/><W107/><G107/><T36/><D36/><U66/><E10/><V51/><F73/><W89/><G101/><T117/><D117/><U15/><E24/><N who="2" m="9259" /><F78/><W100/><G100/><T116/><D116/><U28/><E15/><V55/><F32/><W9/><G48/><N who="2" m="18505" /><F55/><N who="3" m="21067" /><G11/><T91/><D103/><U69/><E69/><V34/><F34/><W80/><G80/><T105/><D105/><U50/><E50/><V19/><F93/><W37/><G37/><T76/><D54/><U124/><E124/><V123/><F123/><W64/><G64/><T75/><D112/><U59/><E59/><V132/><F132/><W131/><G131/><T111/><D115/><U92/><E92/><V57/><F57/><W58/><G58/><T88/><D111/><U118/><E118/><V96/><F96/><W62/><G62/><T35/><D35/><U4/><E106/><V39/><F39/><W104/><G104/><T2/><D2/><U40/><E40/><V94/><F94/><W85/><G85/><T109/><D109/><RYUUKYOKU ba="0,0" sc="240,-15,188,-15,244,15,328,15" hai2="13,19,29,30,31,44,47" hai3="9,12,16,17,89,95,99" owari="225,-17.0,173,-33.0,259,6.0,343,44.0" /></mjloggm>