<mjloggm ver="2.3"><GO type="169" lobby="0"/><UN n0="%E5%9B%9B%E6%AE%B5" n1="%E8%A6%8B%E5%B4%8E%E9%B3%B4%E3%81%A1%E3%82%83%E3%82%93%EF%BC%81" n2="%E2%98%85%E9%9B%80%E9%AC%BC%E7%99%BE%E7%80%AC%E2%98%85" n3="%E3%82%A6%E3%83%AB%E3%83%88%E3%83%A9%E7%AB%8B%E7%9B%B4" dan="16,17,18,17" rate="2130.11,2131.40,2172.47,2188.47" sx="M,M,M,M"/><TAIKYOKU oya="0"/><INIT seed="0,0,0,5,5,91" ten="250,250,250,250" oya="0" hai0="105,39,13,135,45,47,80,49,122,17,41,119,73" hai1="8,27,43,99,23,112,86,5,74,114,102,89,40" hai2="16,87,85,62,57,28,10,70,94,107,78,117,50" hai3="56,11,96,4,69,130,33,34,29,6,83,120,51"/><T118/><D122/><U19/><E74/><V104/><F107/><W129/><G69/><T95/><D105/><U109/><E109/><V59/><F104/><W35/><G120/><T116/><D135/><U131/><E131/><N who="3" m="50186" /><G83/><T81/><D73/><U72/><E72/><V14/><F70/><W58/><G29/><T21/><REACH who="0" step="1"/><D95/><REACH who="0" ten="240,250,250,250" step="2"/><N who="1" m="58751" /><E112/><V63/><F117/><W1/><G96/><T66/><D66/><U67/><E67/><V111/><F111/><W132/><G132/><T44/><D44/><U84/><E114/><V108/><F108/><W77/><G56/><T52/><AGARI ba="0,1" hai="13,17,21,39,41,45,47,49,52,80,81,116,118,119" machi="52" ten="30,11700,0" yaku="1,1,0,1,54,1,53,1" doraHai="91" doraHaiUra="68" who="0" fromWho="0" sc="240,127,250,-39,250,-39,250,-39" /><INIT seed="0,1,0,3,5,95" ten="367,211,211,211" oya="0" hai0="49,45,106,44,88,19,41,128,80,108,42,125,27" hai1="58,112,131,121,133,76,65,123,32,1,23,9,75" hai2="18,93,38,24,83,68,91,77,63,78,20,99,126" hai3="37,122,43,73,84,31,46,119,36,12,39,101,129"/><T134/><D106/><U110/><E76/><V7/><F38/><W130/><G73/><T57/><D128/><N who="3" m="49257" /><G119/><T97/><D134/><U52/><E65/><V105/><F126/><W81/><G31/><T102/><D125/><U64/><E64/><V47/><F68/><W22/><G101/><T100/><D108/><U21/><E75/><V51/><F105/><W25/><G122/><T26/><D57/><U117/><E131/><V50/><F7/><W82/><G82/><T8/><D80/><U15/><E117/><V98/><F63/><W120/><G120/><T17/><D8/><U0/><E32/><V6/><F6/><W48/><G25/><N who="0" m="9227" /><D45/><U55/><E58/><V10/><F10/><W116/><G116/><T28/><D42/><U92/><E9/><V115/><F115/><W94/><G94/><N who="0" m="56519" /><D28/><U35/><E112/><V30/><F30/><W96/><G96/><N who="2" m="36905" /><F83/><W66/><G39/><T132/><D132/><U54/><E133/><V56/><F56/><W127/><G127/><T33/><D33/><U29/><E110/><V118/><F118/><W14/><G37/><T90/><D102/><U53/><E121/><V109/><F109/><W70/><G36/><T104/><D100/><U67/><E123/><V40/><F51/><W124/><G124/><T111/><D104/><U74/><E35/><V4/><F4/><W3/><G70/><T87/><D111/><U60/><E29/><V72/><F72/><W13/><G81/><T69/><D69/><U89/><E74/><V11/><F11/><W5/><G5/><T114/><D114/><U79/><E1/><RYUUKYOKU ba="1,0" sc="367,15,211,-15,211,15,211,-15" hai0="17,19,41,44,49,87,90" hai2="18,20,24,40,47,50,77,78,91,93" /><INIT seed="0,2,0,0,2,46" ten="382,196,226,196" oya="0" hai0="52,25,95,68,40,7,82,86,117,97,4,99,66" hai1="115,130,2,133,41,67,59,61,60,125,27,0,121" hai2="64,112,134,128,123,127,100,74,83,124,18,89,39" hai3="50,94,102,56,80,53,32,70,8,23,42,34,24"/><T101/><D117/><U111/><E121/><V51/><F39/><W45/><G70/><T43/><D68/><U119/><E119/><V16/><F123/><W54/><G80/><T15/><D66/><U129/><E111/><V93/><F64/><W114/><G114/><T108/><D99/><U22/><E115/><V69/><F69/><W120/><G120/><T126/><D126/><N who="2" m="48170" /><F112/><W3/><G3/><T84/><D25/><U10/><E125/><V63/><F63/><W11/><G34/><T76/><D86/><U49/><E133/><V44/><F100/><W87/><G32/><T26/><D26/><U13/><E61/><V33/><F33/><W135/><G135/><T109/><D15/><U104/><E104/><V37/><F37/><W72/><G72/><T96/><D96/><U55/><E41/><N who="0" m="15945" /><D109/><U20/><E2/><V103/><F103/><W28/><G54/><T58/><D108/><U35/><E0/><V90/><F134/><W1/><G1/><T36/><D36/><U5/><E35/><V73/><F73/><W81/><G102/><T62/><AGARI ba="2,0" hai="4,7,52,58,62,76,82,84,95,97,101" m="15945" machi="62" ten="30,3000,0" yaku="8,1,54,1" doraHai="46" who="0" fromWho="0" sc="382,36,196,-12,226,-12,196,-12" /><INIT seed="0,3,0,1,2,115" ten="418,184,214,184" oya="0" hai0="49,125,64,48,133,74,43,23,14,122,28,98,92" hai1="90,69,132,124,45,4,15,97,80,9,53,13,56" hai2="52,8,106,32,21,116,10,55,17,120,61,127,131" hai3="33,79,41,35,99,77,18,12,36,63,121,42,96"/><T113/><D122/><U101/><E69/><V111/><F120/><W84/><G121/><T46/><D113/><U117/><E124/><V70/><F127/><W1/><G1/><T58/><D74/><U119/><E132/><V91/><F32/><W30/><G30/><T68/><D68/><U94/><E45/><V81/><F106/><W134/><G134/><T22/><D133/><U73/><E15/><V118/><F111/><W93/><G63/><N who="0" m="38007" /><D125/><U105/><E80/><V107/><F107/><W129/><G129/><T128/><D128/><U62/><REACH who="1" step="1"/><E73/><REACH who="1" ten="418,174,214,184" step="2"/><V67/><F131/><W103/><G12/><T19/><D46/><U3/><E3/><V110/><F110/><W102/><G36/><T112/><D112/><U31/><E31/><V75/><F75/><W54/><G18/><T39/><D39/><U25/><E25/><V29/><F29/><W123/><G123/><T5/><D5/><U6/><E6/><V130/><F130/><W59/><G42/><T65/><D43/><U40/><E40/><V135/><F135/><W27/><G41/><T72/><D72/><U37/><E37/><V71/><F70/><W87/><G27/><N who="0" m="16511" /><D65/><U126/><E126/><V83/><F67/><W11/><G54/><T78/><D78/><U2/><E2/><V44/><F55/><W82/><G77/><T114/><D114/><U109/><E109/><V104/><F52/><W60/><G79/><T47/><D47/><U20/><E20/><V0/><F71/><W51/><G35/><T16/><D19/><U26/><E26/><V34/><F0/><W86/><G33/><RYUUKYOKU ba="3,1" sc="418,15,174,15,214,-15,184,-15" hai0="14,16,22,48,49,92,98" hai1="4,9,13,53,56,62,90,94,97,101,105,117,119" /><INIT seed="0,4,1,3,3,68" ten="433,189,199,169" oya="0" hai0="54,105,108,33,5,86,72,116,106,94,104,49,56" hai1="97,44,61,92,36,55,46,76,30,19,39,29,25" hai2="115,119,93,130,32,99,98,77,120,95,47,90,131" hai3="102,73,22,124,123,112,127,84,1,96,103,50,23"/><T125/><D116/><U40/><E76/><V27/><F119/><W37/><G73/><T117/><D72/><U34/><E30/><V13/><F115/><W69/><G69/><T0/><D117/><U85/><E85/><V88/><F120/><W66/><G1/><T64/><D33/><U78/><E78/><V2/><F2/><W134/><G66/><T58/><D125/><U65/><E19/><V8/><F77/><W11/><G11/><T118/><D118/><U6/><E6/><V45/><F27/><W43/><G84/><T41/><D41/><U7/><E55/><V60/><F60/><W113/><G50/><T128/><D128/><N who="2" m="49194" /><F32/><W16/><G134/><T9/><D108/><U82/><E82/><V89/><F89/><W14/><G123/><T126/><D126/><N who="3" m="48169" /><G23/><T87/><D94/><U42/><E7/><AGARI ba="4,1" hai="7,8,13,45,47,88,90,93,95,98,99" m="49194" machi="7" ten="30,2000,0" yaku="19,1,54,1" doraHai="68" who="2" fromWho="1" sc="433,0,189,-32,199,42,169,0" /><INIT seed="1,0,0,2,5,78" ten="433,157,241,169" oya="1" hai0="114,75,44,130,28,72,126,102,134,87,3,40,56" hai1="61,81,96,25,101,116,86,16,97,29,45,76,11" hai2="123,95,43,32,58,135,17,33,91,117,122,124,21" hai3="103,53,133,62,12,39,107,100,67,22,84,131,129"/><U5/><E116/><V90/><F117/><W31/><G39/><T55/><D114/><U9/><E61/><V110/><F43/><W94/><G133/><T8/><D28/><U99/><E101/><V60/><F135/><W125/><G53/><T127/><D102/><U66/><E66/><V13/><F110/><W121/><G121/><T108/><D108/><U46/><E11/><V119/><F124/><W41/><G41/><T120/><D130/><N who="3" m="49673" /><G107/><T52/><D120/><U26/><E26/><V7/><F119/><W71/><G125/><T54/><D54/><U85/><E86/><V38/><F38/><W104/><G104/><T24/><D55/><U27/><E27/><V112/><F112/><W1/><G1/><T111/><D3/><U2/><REACH who="1" step="1"/><E16/><REACH who="1" ten="433,147,241,169" step="2"/><V77/><F122/><W37/><G100/><T15/><D8/><U48/><E48/><V63/><F123/><W93/><G103/><T132/><D24/><U88/><E88/><V49/><F63/><W59/><G84/><T68/><D87/><U4/><E4/><V89/><F7/><W6/><G37/><T83/><D127/><U65/><E65/><N who="2" m="39063" /><F49/><W36/><G36/><T74/><D126/><U115/><E115/><V19/><F19/><N who="3" m="10599" /><G6/><T23/><D134/><U82/><E82/><V14/><F90/><W92/><G31/><T118/><D132/><U0/><E0/><V128/><F89/><W18/><G18/><T51/><D118/><U20/><AGARI ba="0,1" hai="2,5,9,20,25,29,45,46,76,81,85,96,97,99" machi="20" ten="30,6000,0" yaku="1,1,0,1,52,1,53,0" doraHai="78" doraHaiUra="113" who="1" fromWho="1" sc="433,-20,147,70,241,-20,169,-20" /><INIT seed="1,1,0,1,0,52" ten="413,217,221,149" oya="1" hai0="100,20,107,10,131,116,51,1,0,45,81,83,65" hai1="16,35,3,133,50,71,9,38,77,74,62,92,80" hai2="101,29,114,125,104,63,64,2,79,120,132,118,60" hai3="17,135,103,82,8,106,30,110,41,54,78,99,113"/><U123/><E123/><V58/><F120/><W134/><G113/><T23/><D116/><U86/><E35/><V28/><F118/><W6/><G110/><T91/><D131/><U72/><E38/><V22/><F2/><W18/><G30/><T88/><D107/><U85/><E133/><N who="3" m="50698" /><G41/><T112/><D100/><U119/><E119/><V11/><F29/><W32/><G32/><T105/><D105/><U98/><E50/><V67/><F132/><W19/><G54/><T15/><D65/><U49/><E49/><V53/><F125/><W48/><G48/><T5/><D1/><U33/><E33/><V43/><F43/><W117/><G117/><T26/><D0/><U44/><E44/><V97/><F114/><W46/><G46/><T89/><D112/><U39/><E39/><V24/><F79/><W25/><G25/><T7/><D7/><U47/><E47/><V69/><F69/><W57/><G6/><T130/><D130/><U55/><E74/><V66/><REACH who="2" step="1"/><F11/><REACH who="2" ten="413,217,211,149" step="2"/><W124/><G124/><T12/><D10/><U61/><E71/><V84/><F84/><N who="1" m="32361" /><E3/><V102/><F102/><W37/><G8/><T76/><D76/><U87/><E72/><V70/><AGARI ba="1,1" hai="22,24,28,53,58,60,63,64,66,67,70,97,101,104" machi="70" ten="20,8000,1" yaku="1,1,0,1,7,1,52,1,53,1" doraHai="52" doraHaiUra="93" who="2" fromWho="2" sc="413,-21,217,-41,211,93,149,-21" /><INIT seed="2,0,0,4,5,82" ten="392,176,304,128" oya="2" hai0="71,116,19,129,114,79,88,25,9,26,109,128,77" hai1="20,31,120,102,55,134,33,76,10,73,90,21,89" hai2="30,115,111,119,131,50,51,62,118,58,27,57,80" hai3="101,36,35,34,94,127,18,124,125,17,4,122,108"/><V105/><F105/><W32/><G36/><T3/><D114/><U60/><E102/><V46/><F115/><W7/><G101/><T13/><D71/><U133/><E120/><V2/><F2/><W28/><G94/><T24/><D109/><U123/><E123/><V48/><F111/><W14/><G122/><T130/><D116/><U53/><E10/><V106/><F106/><W45/><G45/><T93/><REACH who="0" step="1"/><D3/><REACH who="0" ten="382,176,304,128" step="2"/><U11/><E133/><V112/><F112/><W65/><G108/><T92/><D92/><U12/><E134/><V67/><F118/><W56/><G56/><T63/><D63/><U117/><E60/><V40/><F119/><W0/><G0/><T42/><D42/><U107/><E107/><V41/><F58/><W22/><G65/><T121/><D121/><U85/><E117/><V47/><F131/><W8/><REACH who="3" step="1"/><G28/><REACH who="3" ten="382,176,304,118" step="2"/><T81/><D81/><N who="1" m="47271" /><E31/><V97/><F80/><W70/><G70/><T15/><D15/><AGARI ba="0,2" hai="4,7,8,14,15,17,18,22,32,34,35,124,125,127" machi="15" ten="50,8000,1" yaku="1,1,18,1,34,3,53,0" doraHai="82" doraHaiUra="91" who="3" fromWho="0" sc="382,-80,176,0,304,0,118,100" /><INIT seed="3,0,0,2,3,41" ten="302,176,304,218" oya="3" hai0="28,11,97,78,30,90,65,120,34,98,45,17,50" hai1="135,121,102,86,111,25,89,117,31,112,127,43,94" hai2="22,72,101,119,60,39,118,52,93,71,7,91,95" hai3="59,8,29,62,64,115,40,13,96,74,38,63,37"/><W48/><G74/><T15/><D120/><U67/><E121/><V24/><F72/><W130/><G115/><T82/><D65/><U126/><E112/><V0/><F39/><W33/><G130/><T104/><D104/><U132/><E111/><V92/><F101/><W5/><G96/><T61/><D61/><U129/><E67/><V75/><F75/><W76/><G76/><T80/><D78/><U113/><E113/><V21/><F0/><W109/><G109/><T42/><D34/><N who="1" m="20847" /><E102/><V1/><F1/><W4/><G4/><T6/><D6/><U122/><E122/><V23/><F7/><W55/><G29/><N who="0" m="11371" /><D82/><U27/><E27/><V3/><F3/><W69/><REACH who="3" step="1"/><G33/><REACH who="3" ten="302,176,304,208" step="2"/><T70/><D98/><U116/><E129/><V19/><F118/><N who="1" m="45673" /><E43/><V57/><F119/><W84/><G84/><T68/><D97/><U9/><E86/><N who="2" m="52343" /><F71/><W107/><G107/><T12/><D70/><U16/><E89/><V85/><F85/><W44/><AGARI ba="0,1" hai="5,8,13,37,38,40,44,48,55,59,62,63,64,69" machi="44" ten="30,11700,0" yaku="1,1,0,1,52,1,53,1" doraHai="41" doraHaiUra="51" who="3" fromWho="3" sc="302,-39,176,-39,304,-39,208,127" /><INIT seed="3,1,0,5,1,59" ten="263,137,265,335" oya="3" hai0="83,3,73,56,99,86,101,127,22,30,97,114,19" hai1="10,68,53,112,20,82,88,16,113,96,63,93,77" hai2="25,69,60,40,104,28,49,50,17,71,121,134,31" hai3="116,1,6,32,129,9,7,87,44,47,18,132,48"/><W92/><G116/><T85/><D114/><U55/><E10/><V51/><F104/><W103/><G32/><T43/><D3/><U120/><E120/><V131/><F40/><W37/><G129/><T58/><D30/><U95/><E93/><V135/><F131/><W45/><G132/><N who="2" m="50729" /><F121/><W107/><G7/><T91/><D73/><U100/><E100/><V14/><F25/><W46/><G37/><T126/><D43/><U72/><E55/><V122/><F122/><W66/><G107/><T89/><D127/><U105/><E105/><V123/><F123/><W54/><G66/><T23/><D126/><U115/><E113/><V5/><F5/><W128/><G128/><T67/><D101/><U130/><E130/><V133/><F133/><W39/><G39/><T61/><D58/><N who="1" m="35279" /><E68/><N who="2" m="26187" /><F60/><W4/><G4/><T26/><REACH who="0" step="1"/><D23/><AGARI ba="1,0" hai="14,17,23,28,31,49,50,51" m="26187,50729" machi="23" ten="40,1300,0" yaku="20,1" doraHai="59" who="2" fromWho="0" sc="263,-16,137,0,265,16,335,0" /><INIT seed="4,0,0,2,0,99" ten="247,137,281,335" oya="0" hai0="95,81,59,34,3,35,93,40,83,14,97,52,134" hai1="109,98,2,56,121,100,48,30,5,104,130,23,8" hai2="123,75,133,26,71,103,51,36,65,58,135,22,12" hai3="0,47,38,124,28,72,20,42,41,90,66,118,44"/><T127/><D3/><U53/><E109/><V16/><F75/><W78/><G118/><T57/><D134/><N who="2" m="51210" /><F36/><W18/><G0/><T17/><D127/><U120/><REACH who="1" step="1"/><E130/><REACH who="1" ten="247,127,281,335" step="2"/><V113/><F123/><W27/><G124/><T129/><D129/><U39/><E39/><V46/><F71/><W107/><G38/><T117/><D117/><U88/><E88/><V112/><F103/><W29/><G90/><T32/><D32/><U125/><E125/><V106/><F106/><W70/><G107/><T7/><D35/><U85/><E85/><V73/><F73/><W119/><G72/><T69/><D34/><U15/><E15/><V94/><F12/><W13/><G13/><T101/><D69/><U63/><E63/><N who="2" m="38135" /><F94/><W105/><G70/><T37/><D95/><U60/><E60/><V67/><F67/><W1/><G66/><T19/><D37/><U91/><E91/><V61/><F61/><W33/><G105/><T96/><D93/><U108/><E108/><V132/><F132/><W84/><G1/><T25/><D101/><U114/><E114/><V9/><F113/><W62/><G62/><T82/><D14/><U21/><E21/><V92/><F112/><W6/><G33/><T43/><D83/><U54/><E54/><N who="2" m="30071" /><F92/><W80/><G119/><T64/><D64/><U68/><E68/><V89/><F89/><W31/><G42/><T49/><D52/><U55/><E55/><V77/><F77/><W102/><G102/><T11/><D82/><U45/><E45/><N who="3" m="17482" /><G41/><T122/><D81/><U10/><E10/><AGARI ba="0,1" hai="9,10,16,22,26" m="30071,38135,51210" machi="10" ten="30,2000,0" yaku="20,1,54,1" doraHai="99" who="2" fromWho="1" sc="247,0,127,-20,281,30,335,0" /><INIT seed="5,0,0,3,2,114" ten="247,107,311,335" oya="1" hai0="8,81,16,108,72,130,43,28,99,134,44,92,125" hai1="95,129,59,78,26,9,107,2,54,121,39,64,5" hai2="100,113,119,63,133,122,48,132,82,76,57,73,35" hai3="70,126,10,106,41,34,124,6,105,69,47,20,103"/><U15/><E121/><V85/><F122/><W120/><G34/><T75/><D108/><U55/><E107/><V97/><F35/><W98/><G20/><T111/><D111/><U80/><E39/><V86/><F48/><W77/><G77/><T50/><D28/><U58/><E129/><V101/><F100/><W104/><G98/><T19/><D130/><U38/><E38/><V22/><F22/><W131/><G103/><T79/><D134/><N who="2" m="51818" /><F119/><W60/><G60/><T116/><D125/><N who="3" m="48233" /><G120/><T89/><D116/><U17/><E95/><N who="2" m="58559" /><F113/><W128/><G128/><T83/><D8/><U91/><E91/><V33/><F33/><W109/><G109/><T65/><D65/><AGARI ba="0,0" hai="57,63,65,73,76,82,85,86" m="58559,51818" machi="65" ten="30,1000,0" yaku="20,1" doraHai="114" who="2" fromWho="0" sc="247,-10,107,0,311,10,335,0" /><INIT seed="6,0,0,5,5,47" ten="237,107,321,335" oya="2" hai0="13,31,124,24,72,40,26,38,85,109,107,62,130" hai1="128,99,11,37,81,126,35,97,77,16,125,95,23" hai2="133,104,9,106,101,71,105,60,53,45,65,96,4" hai3="75,18,112,120,69,36,29,3,91,8,100,129,83"/><V19/><F133/><W67/><G120/><T41/><D72/><U102/><E35/><V14/><F53/><W131/><G36/><T117/><D107/><U76/><E37/><V110/><F45/><W122/><G122/><T2/><D2/><U51/><E128/><N who="3" m="49226" /><G29/><T88/><D109/><U20/><E11/><V132/><F132/><W94/><G100/><T89/><D124/><U80/><E102/><V56/><F110/><W12/><G3/><T79/><D79/><U82/><E81/><V25/><F71/><W28/><G28/><T44/><D117/><U78/><E77/><V1/><F25/><W59/><G69/><T108/><D13/><U119/><E95/><V87/><F87/><W52/><G67/><T92/><D26/><U61/><E61/><V5/><F5/><W6/><G112/><T66/><D108/><U42/><E42/><V63/><F63/><W54/><G18/><T27/><D41/><U74/><E16/><V48/><F48/><N who="3" m="31111" /><G54/><T34/><D130/><U123/><E123/><V68/><REACH who="2" step="1"/><F68/><REACH who="2" ten="237,107,311,335" step="2"/><W43/><G43/><T10/><D62/><U118/><E74/><V114/><F114/><W30/><G75/><T39/><D44/><U90/><E90/><V103/><F103/><W86/><G30/><T84/><D89/><U15/><E15/><V135/><F135/><W7/><G6/><T0/><D31/><U73/><REACH who="1" step="1"/><E73/><REACH who="1" ten="237,97,311,335" step="2"/><V33/><F33/><W93/><AGARI ba="0,2" hai="7,8,12,83,86,91,93,94" m="31111,49226" machi="93" ten="30,4000,0" yaku="19,1,52,1,54,1" doraHai="47" who="3" fromWho="3" sc="237,-10,97,-10,311,-20,335,60" /><INIT seed="7,0,0,0,3,123" ten="227,87,291,395" oya="3" hai0="134,42,124,109,38,119,36,16,8,53,12,14,110" hai1="60,45,74,77,120,2,90,65,44,133,57,80,26" hai2="69,7,116,6,94,122,84,117,56,132,135,131,130" hai3="18,78,24,30,96,81,67,39,19,95,58,54,106"/><W70/><G39/><T86/><D119/><N who="2" m="45642" /><F69/><W101/><G106/><T82/><D134/><N who="2" m="51242" /><F122/><W41/><G41/><T127/><D53/><U68/><E133/><V97/><F56/><W73/><G67/><T22/><D42/><U91/><E120/><V52/><F52/><W98/><G98/><T100/><D100/><U17/><E2/><V64/><F64/><W47/><G47/><T46/><D46/><U40/><E45/><V59/><F59/><W125/><G70/><T129/><D129/><N who="2" m="49162" /><F6/><W33/><G54/><T102/><D102/><U112/><E112/><V21/><F21/><W11/><G58/><T43/><D43/><U1/><E1/><V72/><F7/><W32/><G32/><T51/><D51/><U121/><E121/><V34/><F34/><W99/><G33/><T15/><D38/><U107/><E107/><V31/><F31/><W103/><G30/><T9/><D36/><U61/><E26/><V20/><F20/><W85/><G24/><T29/><D29/><U76/><E17/><V55/><F55/><W87/><G19/><T126/><D9/><U93/><E77/><V92/><F72/><W4/><G18/><N who="0" m="8455" /><D14/><U27/><E27/><V105/><F84/><W75/><G87/><T5/><D5/><U49/><E93/><N who="2" m="35947" /><F97/><W10/><G85/><T83/><D86/><U79/><E76/><V25/><F25/><W108/><G75/><T111/><AGARI ba="0,0" hai="15,16,22,82,83,109,110,111,124,126,127" m="8455" machi="111" ten="40,8000,1" yaku="18,1,52,3,54,1" doraHai="123" who="0" fromWho="0" sc="227,80,87,-20,291,-20,395,-40" owari="307,11.0,67,-43.0,271,-13.0,355,45.0" /></mjloggm>