<mjloggm ver="2.3"><GO type="41" lobby="0"/><UN n0="%74%69%6B%61" n1="%E3%82%A6%E3%83%AB%E3%83%88%E3%83%A9%E7%AB%8B%E7%9B%B4" n2="%E3%81%BE%E3%81%8D%E3%81%97%E3%82%82%E3%82%93" n3="%E2%99%AA%E5%88%9D%E9%9F%B3%E2%99%AA" dan="13,15,14,15" rate="1820.38,1991.42,1962.00,2041.90" sx="M,M,M,F"/><TAIKYOKU oya="0"/><INIT seed="0,0,0,4,1,42" ten="250,250,250,250" oya="0" hai0="38,126,46,80,66,43,133,85,39,86,93,55,11" hai1="68,119,36,48,88,115,120,62,59,94,20,70,111" hai2="13,90,41,127,24,125,72,31,8,112,121,49,92" hai3="79,82,84,6,75,2,15,74,54,118,96,47,110"/><T4/><D66/><U134/><E36/><V81/><F121/><W26/><G118/><T105/><D105/><U52/><E120/><V14/><F112/><W63/><G2/><T135/><D126/><N who="2" m="48138" /><F81/><W29/><G110/><T32/><D32/><U50/><E119/><V73/><F14/><W21/><G96/><T99/><D55/><U116/><E116/><V71/><F71/><W87/><G87/><T34/><D34/><U5/><E111/><V77/><F77/><W40/><G54/><T104/><D104/><U35/><E35/><N who="2" m="20967" /><F49/><W18/><G63/><T95/><D39/><U109/><E109/><V101/><F101/><W37/><REACH who="3" step="1"/><G6/><REACH who="3" ten="250,250,250,240" step="2"/><T10/><D4/><U19/><E5/><N who="2" m="3215" /><F41/><W124/><G124/><T25/><D86/><AGARI ba="0,1" hai="72,73,86,90,92" m="3215,20967,48138" machi="86" ten="30,1000,0" yaku="18,1" doraHai="42" who="2" fromWho="0" sc="250,-10,250,0,250,20,240,0" /><INIT seed="1,0,0,0,3,55" ten="240,250,270,240" oya="1" hai0="108,21,95,23,113,121,46,91,132,54,68,3,19" hai1="51,118,123,31,30,101,66,120,47,49,105,92,106" hai2="93,127,112,16,26,131,34,32,4,70,73,9,109" hai3="128,87,130,103,76,134,135,90,126,45,74,10,36"/><U39/><E39/><V77/><F70/><W84/><G10/><T115/><D68/><U42/><E118/><V65/><F65/><W64/><G64/><T25/><D3/><U124/><E124/><V52/><F109/><W75/><G36/><T110/><D121/><U114/><E114/><V56/><F127/><W37/><G37/><T43/><D54/><U41/><E66/><V59/><F112/><W116/><G45/><T100/><D100/><U81/><E81/><V7/><F131/><N who="3" m="50219" /><G116/><T61/><D61/><U102/><E92/><V71/><F71/><W5/><G5/><T96/><D23/><U104/><E104/><V60/><F9/><W35/><G35/><T18/><D18/><U53/><E53/><N who="2" m="33807" /><F32/><W62/><G62/><T15/><D15/><U69/><E69/><V107/><F107/><W72/><G126/><T88/><D91/><U63/><E63/><N who="2" m="36327" /><F34/><W83/><G103/><T82/><D115/><U94/><E94/><AGARI ba="0,0" hai="72,74,75,76,83,84,87,90,94,134,135" m="50219" machi="94" ten="40,5200,0" yaku="19,1,34,2" doraHai="55" who="3" fromWho="1" sc="240,0,250,-52,270,0,240,52" /><INIT seed="2,0,0,1,3,32" ten="240,198,270,292" oya="2" hai0="20,44,112,13,67,58,104,80,55,35,34,71,52" hai1="82,23,103,101,107,133,4,61,6,24,22,56,64" hai2="27,120,30,110,50,18,126,99,69,86,1,68,91" hai3="45,5,40,65,21,108,88,96,54,122,77,97,14"/><V100/><F120/><W121/><G77/><T81/><D104/><U109/><E133/><V41/><F1/><W7/><G65/><T105/><D105/><U129/><E129/><V49/><F126/><W51/><G108/><T90/><D112/><U94/><E107/><V43/><F110/><W16/><G121/><T46/><D67/><U135/><E135/><V38/><F18/><W0/><G122/><T10/><D20/><U76/><E109/><V127/><F127/><W131/><G131/><T89/><D58/><U39/><E39/><V57/><F57/><W73/><G73/><T33/><D13/><U60/><E60/><V111/><F111/><W11/><G7/><T79/><D79/><U74/><E23/><V70/><F38/><W92/><G40/><T114/><D34/><U132/><E132/><V17/><F17/><W98/><AGARI ba="0,0" hai="0,5,11,14,16,21,45,51,54,88,92,96,97,98" machi="98" ten="20,8000,1" yaku="0,1,7,1,52,1,54,2" doraHai="32" who="3" fromWho="3" sc="240,-20,198,-20,270,-40,292,80" /><INIT seed="3,0,0,1,0,101" ten="220,178,230,372" oya="3" hai0="93,31,98,41,60,87,62,110,17,15,113,43,125" hai1="95,99,48,106,11,132,14,22,6,135,30,77,13" hai2="71,83,49,68,121,20,84,67,105,102,40,123,57" hai3="72,54,75,91,53,116,66,58,128,9,35,52,50"/><W104/><G116/><T25/><D87/><U130/><E130/><V85/><F40/><W5/><G35/><T47/><D113/><U56/><E77/><V81/><F20/><W126/><G104/><T79/><D79/><U44/><E56/><V18/><F18/><W28/><G28/><T51/><D43/><U97/><E97/><N who="2" m="61647" /><F49/><W127/><G128/><T32/><D110/><U115/><E115/><V94/><F57/><W19/><G19/><T78/><D78/><U36/><E36/><V38/><F38/><W3/><G91/><T0/><D0/><U96/><E96/><V1/><F1/><W122/><G122/><N who="2" m="46601" /><F94/><W112/><G112/><T29/><D29/><U45/><E106/><V59/><F59/><W64/><G50/><T89/><D125/><N who="3" m="47625" /><G58/><T65/><REACH who="0" step="1"/><D65/><AGARI ba="0,0" hai="3,5,9,52,53,54,64,65,66,72,75" m="47625" machi="65" ten="30,2900,0" yaku="18,1,54,1" doraHai="101" who="3" fromWho="0" sc="220,-29,178,0,230,0,372,29" /><INIT seed="3,1,0,0,5,3" ten="191,178,230,401" oya="3" hai0="113,68,97,52,40,30,5,14,23,120,76,134,60" hai1="65,31,51,103,54,124,15,84,61,122,22,132,87" hai2="70,135,44,43,89,41,104,78,59,111,83,107,88" hai3="126,32,67,8,115,66,73,72,36,109,112,64,81"/><W56/><G32/><T80/><D120/><U47/><E122/><V46/><F111/><W91/><G36/><T57/><D68/><U131/><E124/><V71/><F59/><W55/><G126/><T38/><D113/><U50/><E131/><V4/><F4/><W90/><G109/><T20/><D40/><U34/><E132/><V92/><F78/><W12/><G115/><T2/><D2/><U58/><E34/><V129/><F129/><W123/><G123/><T130/><D38/><U16/><E31/><V121/><F121/><W42/><G42/><T106/><D130/><U18/><E103/><V35/><F35/><W85/><G91/><T25/><D106/><U62/><E18/><V17/><F92/><W94/><G81/><T125/><D97/><U75/><E75/><V0/><F0/><W21/><G21/><T114/><D114/><U127/><E127/><V37/><F17/><W28/><G28/><T95/><D95/><U27/><E27/><V93/><F93/><W108/><G108/><T39/><D39/><U82/><E82/><V33/><F33/><W99/><G99/><T24/><D125/><U9/><E9/><V26/><F37/><W102/><G102/><T53/><D53/><U105/><E105/><V13/><F83/><W79/><G79/><T1/><D14/><U128/><E128/><V86/><F13/><W69/><G112/><T48/><D1/><U133/><E133/><V98/><F98/><W49/><REACH who="3" step="1"/><G69/><REACH who="3" ten="191,178,230,391" step="2"/><T45/><D23/><U19/><E22/><V96/><F96/><W100/><G100/><T7/><D25/><RYUUKYOKU ba="1,1" sc="191,-10,178,-10,230,-10,391,30" hai3="8,12,49,55,56,64,66,67,72,73,85,90,94" /><INIT seed="3,2,1,3,0,98" ten="181,168,220,421" oya="3" hai0="64,25,129,63,89,120,37,104,18,115,109,56,118" hai1="81,8,40,10,124,16,52,106,125,38,85,79,67" hai2="21,116,3,2,84,60,24,93,110,102,71,15,72" hai3="32,35,22,82,78,87,121,108,117,96,19,53,131"/><W83/><G121/><T45/><D118/><U7/><E40/><V70/><F116/><W68/><G117/><T107/><D120/><U119/><E38/><V92/><F72/><W66/><G131/><T91/><D129/><U14/><E67/><V114/><F114/><W86/><G108/><T94/><D91/><U43/><E43/><V88/><F110/><W9/><G9/><T126/><D109/><U101/><E119/><V103/><F15/><W51/><G96/><T28/><D18/><U122/><E122/><V111/><F111/><W90/><G66/><T48/><D37/><U11/><E106/><V41/><F41/><W123/><G68/><T128/><D128/><U65/><E65/><V134/><F134/><W99/><G99/><T95/><D95/><U112/><E112/><V135/><F135/><W77/><G90/><T69/><D69/><U55/><E101/><V61/><F93/><W133/><G133/><T13/><D13/><U44/><E44/><V105/><F105/><W20/><G123/><T58/><D58/><U59/><E55/><V62/><F71/><W4/><G4/><T49/><D49/><U130/><E130/><V76/><F76/><W100/><G100/><T30/><D115/><U29/><E29/><V39/><F39/><W36/><G36/><T132/><D30/><U80/><E80/><V0/><REACH who="2" step="1"/><F70/><REACH who="2" ten="181,168,210,421" step="2"/><W46/><G22/><N who="0" m="15415" /><D132/><U33/><E33/><V26/><F26/><AGARI ba="2,2" hai="19,20,26,32,35,46,51,53,77,78,82,83,86,87" machi="26" ten="30,2900,0" yaku="7,1,9,1" doraHai="98" who="3" fromWho="2" sc="181,0,168,0,210,-35,421,55" /><INIT seed="3,3,0,1,0,11" ten="181,168,175,476" oya="3" hai0="34,9,37,97,49,135,59,86,78,76,69,117,8" hai1="118,92,36,55,27,112,66,56,104,110,62,47,44" hai2="0,82,94,133,54,131,19,100,90,74,21,3,119" hai3="43,33,127,87,31,45,18,41,132,115,122,12,20"/><W75/><G122/><T109/><D117/><U125/><E104/><V93/><F119/><W35/><G115/><T58/><D69/><U39/><E118/><V134/><F131/><W53/><G75/><T102/><D37/><N who="1" m="14411" /><E92/><V114/><F114/><W15/><G127/><T95/><D34/><U103/><E27/><N who="2" m="14783" /><F54/><W88/><G132/><N who="2" m="50793" /><F100/><W121/><G121/><T101/><D135/><U106/><E103/><V67/><F67/><W91/><G35/><T52/><D101/><U111/><E106/><V7/><F7/><W71/><G71/><T116/><D116/><U23/><E23/><V1/><F90/><N who="3" m="34347" /><G33/><T70/><D70/><N who="1" m="42327" /><E125/><V64/><F64/><W26/><G87/><T42/><D42/><N who="3" m="15881" /><G31/><T4/><D4/><U32/><E32/><V38/><F38/><W108/><G108/><N who="1" m="41514" /><E112/><V2/><N who="2" m="512" /><DORA hai="51" /><V28/><F28/><W60/><G45/><T79/><D109/><U17/><E17/><V120/><F120/><W130/><G130/><T16/><D86/><U50/><AGARI ba="3,0" hai="44,47,50,55,56" m="41514,42327,14411" machi="50" ten="30,7900,0" yaku="14,1,34,2,52,1" doraHai="11,51" who="1" fromWho="1" sc="181,-23,168,88,175,-23,476,-42" /><INIT seed="4,0,0,2,3,33" ten="158,256,152,434" oya="0" hai0="10,86,14,34,56,75,0,114,110,70,72,73,53" hai1="63,84,116,65,119,26,117,47,89,106,99,123,80" hai2="4,101,24,58,42,79,36,132,76,61,13,41,30" hai3="32,133,66,50,98,27,112,3,52,39,1,81,94"/><T102/><D70/><U20/><E123/><V16/><F101/><W11/><G39/><T19/><D34/><U46/><E106/><V85/><F132/><W131/><G66/><T87/><D110/><U124/><E99/><V28/><F36/><W90/><G133/><T83/><D102/><U43/><E124/><V107/><F107/><W129/><G112/><T21/><D114/><U113/><E113/><V40/><F85/><N who="3" m="50479" /><G11/><T51/><D83/><U74/><E74/><V12/><F4/><W104/><G104/><T60/><D0/><U31/><REACH who="1" step="1"/><E43/><REACH who="1" ten="158,246,152,434" step="2"/><V49/><F42/><W121/><G121/><T22/><D75/><U17/><E17/><V103/><F41/><W93/><G98/><T48/><D73/><U69/><AGARI ba="0,1" hai="20,26,31,46,47,63,65,69,80,84,89,116,117,119" machi="69" ten="30,4000,0" yaku="1,1,0,1,53,1" doraHai="33" doraHaiUra="23" who="1" fromWho="1" sc="158,-20,246,50,152,-10,434,-10" /><INIT seed="5,0,0,2,1,25" ten="138,296,142,424" oya="1" hai0="112,127,44,43,106,60,114,108,32,21,103,132,13" hai1="80,98,52,118,5,50,59,125,113,62,111,89,92" hai2="26,85,67,57,99,72,76,55,122,33,63,94,18" hai3="74,73,23,100,42,64,126,19,105,90,6,16,4"/><U110/><E118/><V83/><F122/><W11/><G42/><T71/><D32/><U41/><E125/><V107/><F107/><W34/><G34/><T24/><D127/><U58/><E113/><N who="0" m="43625" /><D108/><U91/><E5/><V128/><F128/><W135/><G126/><T69/><D13/><U129/><E129/><V133/><F133/><W102/><G135/><T65/><D132/><U10/><E10/><V87/><F67/><W97/><G102/><T17/><D103/><U20/><E20/><V49/><F49/><W39/><G39/><N who="0" m="21631" /><D71/><U121/><E121/><V93/><F93/><W35/><G64/><T131/><D131/><U14/><E14/><V45/><F45/><W8/><G35/><T101/><D101/><U22/><E22/><V116/><F116/><W84/><G19/><T51/><D51/><U37/><E37/><V15/><F26/><W130/><G130/><T30/><D106/><U86/><REACH who="1" step="1"/><E41/><REACH who="1" ten="138,286,142,424" step="2"/><V36/><F36/><W109/><G6/><T88/><D88/><U61/><E61/><V29/><F33/><W119/><G119/><T77/><D77/><U81/><E81/><V28/><F72/><W40/><G8/><T104/><D104/><U54/><AGARI ba="0,1" hai="50,52,54,58,59,62,80,86,89,91,92,98,110,111" machi="54" ten="30,6000,0" yaku="1,1,0,1,54,1,53,0" doraHai="25" doraHaiUra="2" who="1" fromWho="1" sc="138,-20,286,70,142,-20,424,-20" /><INIT seed="5,1,0,1,2,134" ten="118,356,122,404" oya="1" hai0="119,9,52,75,93,96,128,127,94,7,38,126,59" hai1="50,95,26,73,79,82,90,114,39,108,10,135,132" hai2="106,3,60,32,41,34,5,71,98,20,102,72,37" hai3="28,56,110,103,45,57,1,107,18,24,17,124,120"/><U66/><E39/><V40/><F20/><W97/><G110/><T68/><D38/><U69/><E108/><V92/><F92/><W29/><G1/><T13/><D68/><U115/><E66/><N who="2" m="41415" /><F41/><W0/><G0/><T117/><D75/><U49/><E69/><V19/><F19/><W47/><G124/><N who="0" m="47659" /><D128/><U8/><E26/><V48/><F48/><N who="1" m="18537" /><E10/><N who="2" m="2367" /><F72/><W43/><G43/><T42/><D42/><U131/><E8/><V2/><F2/><W86/><G24/><T80/><D80/><U84/><E131/><V64/><F64/><W25/><G25/><T121/><D121/><U122/><E122/><V63/><F63/><W54/><G120/><T70/><D70/><U109/><E109/><V58/><F58/><W116/><G57/><T61/><D94/><U76/><E76/><V130/><F130/><W133/><G56/><T81/><D81/><U14/><E14/><V11/><F11/><W111/><G111/><T62/><D62/><U36/><E36/><V12/><F12/><W51/><G51/><T129/><D129/><U6/><E135/><V105/><F106/><W78/><G107/><T89/><AGARI ba="1,0" hai="7,9,13,52,59,61,89,93,96,117,119" m="47659" machi="89" ten="30,8000,1" yaku="18,1,52,3,54,1" doraHai="134" who="0" fromWho="0" sc="118,83,356,-41,122,-21,404,-21" /><INIT seed="6,0,0,2,3,71" ten="201,315,101,383" oya="2" hai0="19,96,72,58,118,16,49,3,102,4,53,99,114" hai1="101,24,9,64,100,91,8,105,69,1,10,74,109" hai2="128,94,52,42,36,46,93,55,84,67,111,119,135" hai3="122,38,78,116,108,20,5,82,66,110,88,33,43"/><V95/><F119/><W130/><G116/><T81/><D118/><U73/><E91/><V127/><F111/><W35/><G122/><T25/><D3/><U60/><E9/><V106/><F106/><W131/><G5/><T40/><D40/><U13/><E13/><V6/><F135/><W26/><G66/><T22/><D4/><N who="1" m="1039" /><E10/><V12/><F128/><N who="3" m="49195" /><G43/><T97/><D19/><U123/><E100/><V27/><F127/><W51/><G38/><T41/><D41/><U50/><E50/><V79/><F67/><W80/><G51/><T21/><D21/><U83/><E83/><V28/><F12/><W15/><G15/><T132/><D132/><U65/><E65/><V85/><F6/><W18/><G88/><T54/><D54/><U76/><E76/><V29/><F29/><W134/><G134/><T11/><D11/><U92/><E92/><V98/><F98/><W90/><G90/><T63/><D63/><U133/><E133/><V56/><F79/><W124/><G124/><T44/><D44/><U129/><E129/><V45/><F45/><W103/><G103/><T47/><D47/><U23/><E123/><V70/><F70/><W2/><G2/><T37/><D102/><U112/><E69/><V68/><F68/><W39/><G39/><T7/><D37/><U17/><E64/><V34/><REACH who="2" step="1"/><F55/><REACH who="2" ten="201,315,91,383" step="2"/><W104/><G104/><T113/><D7/><U57/><E109/><N who="3" m="42090" /><G78/><T0/><D0/><U120/><E120/><V86/><F86/><W89/><G35/><T48/><D48/><AGARI ba="0,1" hai="27,28,34,36,42,46,48,52,56,84,85,93,94,95" machi="48" ten="40,7700,0" yaku="1,1,52,1,54,1,53,0" doraHai="71" doraHaiUra="59" who="2" fromWho="0" sc="201,-77,315,0,91,87,383,0" /><INIT seed="6,1,0,1,4,28" ten="124,315,178,383" oya="2" hai0="4,52,118,27,9,13,117,32,124,78,89,12,6" hai1="1,51,37,8,104,70,130,88,22,87,24,126,122" hai2="15,133,61,101,34,108,35,100,20,48,132,82,46" hai3="16,121,77,21,19,120,134,71,114,84,79,42,90"/><V98/><F82/><W65/><G42/><T43/><D43/><U56/><E104/><V116/><F116/><W107/><G107/><T14/><D78/><U85/><E37/><V50/><F108/><W80/><G134/><N who="2" m="51817" /><F61/><W99/><G114/><T94/><D89/><U17/><E70/><V36/><F36/><W119/><G119/><N who="0" m="45579" /><D94/><U49/><E122/><V2/><F2/><W31/><G99/><T109/><D52/><U59/><E126/><V54/><F50/><W53/><G53/><T58/><D58/><U69/><E69/><V125/><F125/><W66/><G31/><N who="0" m="19583" /><D124/><U60/><E130/><V76/><F76/><W92/><G71/><T67/><D67/><N who="3" m="25609" /><G121/><T86/><D86/><U129/><E87/><V38/><F38/><W41/><G41/><T131/><D131/><U57/><E129/><V63/><F63/><W115/><G115/><T96/><D96/><U72/><E72/><V103/><F98/><W62/><G62/><T55/><D55/><U10/><E60/><V135/><N who="2" m="51825" /><V81/><DORA hai="23" /><F81/><W5/><G79/><T128/><D128/><U93/><E1/><V91/><F91/><W25/><G77/><T83/><D83/><U44/><E49/><V95/><F95/><W39/><G39/><T64/><D64/><U18/><E51/><V111/><F111/><W105/><G80/><T74/><D74/><U113/><E113/><V102/><N who="2" m="26112" /><DORA hai="73" /><V75/><F75/><W106/><G105/><T123/><D123/><U11/><E44/><V127/><F127/><W26/><G120/><T33/><D109/><U30/><AGARI ba="1,0" hai="8,10,11,17,18,22,24,30,56,57,59,85,88,93" machi="30" ten="30,8000,1" yaku="5,1,0,1,8,1,52,1,54,1" doraHai="28,23,73" who="1" fromWho="1" sc="124,-21,315,83,178,-41,383,-21" /><INIT seed="7,0,0,1,5,40" ten="103,398,137,362" oya="3" hai0="73,121,46,49,66,52,93,13,100,88,105,11,124" hai1="55,54,71,122,83,91,29,15,23,123,102,97,98" hai2="70,4,119,81,36,87,9,20,2,96,65,3,118" hai3="74,7,48,68,53,67,12,51,104,1,72,114,125"/><W113/><G104/><T82/><D121/><U127/><E71/><V19/><F36/><W79/><G125/><T10/><D10/><U99/><E102/><V64/><F3/><W132/><G132/><T16/><D124/><U25/><E127/><V30/><F30/><W90/><G1/><T106/><D66/><U45/><E45/><V32/><F32/><W95/><G67/><T42/><D73/><U69/><E69/><V62/><F65/><W44/><G68/><T76/><D76/><U92/><E83/><V27/><F96/><N who="1" m="36969" /><E123/><V131/><F131/><W112/><G79/><AGARI ba="0,0" hai="2,4,9,19,20,27,62,64,70,79,81,87,118,119" machi="79" ten="30,1000,0" yaku="7,1" doraHai="40" who="2" fromWho="3" sc="103,0,398,0,137,10,362,-10" owari="103,-40.0,398,50.0,147,-25.0,352,15.0" /></mjloggm>