<mjloggm ver="2.3"><GO type="97" lobby="0"/><UN n0="%E3%82%A6%E3%83%AB%E3%83%88%E3%83%A9%E7%AB%8B%E7%9B%B4" n1="%E5%85%A8%E3%83%84%E5%B0%82%E7%94%A8" n2="%E3%81%99%E3%81%9A%E3%81%BD%E3%82%93" n3="%5A%4B%5F%43%68%61%6F%73" dan="14,14,16,14" rate="1970.04,1958.31,2025.15,1956.90" sx="M,M,F,M"/><TAIKYOKU oya="0"/><INIT seed="0,0,0,4,1,60" ten="250,250,250,250" oya="0" hai0="48,135,62,0,128,7,66,10,72,80,56,24,42" hai1="55,129,130,46,83,78,32,51,15,118,12,93,108" hai2="63,94,121,112,8,35,113,115,106,75,97,25,111" hai3="73,57,67,116,105,79,28,96,68,19,103,6,102"/><T59/><D128/><N who="1" m="49259" /><E118/><V123/><F106/><W9/><G116/><T37/><D135/><U47/><E32/><V49/><F75/><W11/><G19/><T86/><D24/><U119/><E119/><V133/><F133/><W58/><G103/><T87/><D48/><N who="1" m="29079" /><E93/><V64/><F49/><W30/><G11/><T95/><D56/><U132/><E108/><V122/><F111/><W4/><G4/><T36/><D95/><U3/><E3/><V61/><F8/><W131/><G131/><T18/><D18/><U124/><E124/><V39/><F39/><W100/><G100/><T41/><D41/><N who="1" m="25071" /><E132/><V104/><F104/><W45/><G57/><T110/><D110/><U107/><E107/><V40/><F40/><W134/><G58/><T53/><D53/><U74/><AGARI ba="0,0" hai="12,15,74,78,83" m="25071,29079,49259" machi="74" ten="30,1100,0" yaku="19,1" doraHai="60" who="1" fromWho="1" sc="250,-5,250,11,250,-3,250,-3" /><INIT seed="1,0,0,5,1,88" ten="245,261,247,247" oya="1" hai0="60,107,85,42,32,58,57,54,56,63,19,27,10" hai1="39,76,77,124,98,33,106,135,87,68,116,126,84" hai2="43,75,36,4,120,46,127,0,40,28,111,129,105" hai3="103,130,41,72,2,30,132,38,74,51,7,78,67"/><U99/><E33/><V109/><F28/><W49/><G103/><T86/><D107/><U113/><E39/><V1/><F43/><W29/><G67/><T64/><D32/><U8/><E8/><V47/><F47/><W3/><G7/><T53/><D42/><U18/><E68/><V133/><F46/><W11/><G41/><T6/><D64/><U15/><E15/><V34/><F40/><W62/><G62/><T117/><D58/><U16/><E106/><V81/><F81/><W95/><G78/><T79/><D117/><U83/><E83/><V110/><F4/><W96/><G96/><T92/><D79/><U101/><E101/><V44/><F44/><W115/><G11/><T69/><D69/><U119/><REACH who="1" step="1"/><E135/><REACH who="1" ten="245,251,247,247" step="2"/><V59/><F110/><W73/><G132/><T125/><D10/><U102/><E102/><V131/><F111/><W23/><G38/><T52/><D6/><U90/><E90/><V112/><F1/><W14/><G14/><T22/><D125/><U70/><E70/><V114/><F114/><AGARI ba="0,1" hai="16,18,76,77,84,87,98,99,113,114,116,119,124,126" machi="114" ten="25,18000,2" yaku="1,1,22,2,54,1,53,2" doraHai="88" doraHaiUra="12" who="1" fromWho="2" sc="245,0,251,190,247,-180,247,0" /><INIT seed="1,1,0,5,1,65" ten="245,441,67,247" oya="1" hai0="0,50,83,116,33,130,41,67,132,51,79,78,91" hai1="45,43,126,96,52,107,86,42,134,110,84,109,55" hai2="37,105,10,73,56,34,104,133,108,3,5,63,36" hai3="88,71,38,15,21,106,89,69,85,70,103,127,48"/><U29/><E29/><V12/><F34/><W16/><G38/><T44/><D33/><U76/><E134/><V19/><F133/><W111/><G106/><T40/><D132/><U81/><E126/><V13/><F73/><W120/><G120/><T128/><D0/><U123/><E123/><V6/><F3/><W74/><G74/><T25/><D25/><U114/><E114/><V31/><F31/><W93/><G103/><T62/><D91/><U4/><E4/><V92/><F92/><W49/><G127/><T58/><D116/><U118/><E118/><V17/><F56/><W57/><G111/><N who="1" m="42506" /><E42/><V95/><F108/><W82/><REACH who="3" step="1"/><G57/><REACH who="3" ten="245,441,67,237" step="2"/><T64/><D58/><U59/><E59/><V115/><F115/><W24/><G24/><T1/><D62/><U94/><E107/><V135/><F135/><W66/><G66/><T80/><D64/><U46/><E46/><V124/><F124/><W27/><G27/><T39/><D67/><U112/><E112/><V20/><F63/><W53/><G53/><T131/><D44/><U30/><E55/><V2/><F37/><W102/><G102/><T32/><D130/><U60/><E60/><V97/><F36/><W9/><G9/><T14/><D131/><U129/><E129/><V54/><F54/><W22/><G22/><T113/><D128/><U122/><E52/><V23/><REACH who="2" step="1"/><F6/><REACH who="2" ten="245,441,57,237" step="2"/><W119/><G119/><T125/><D125/><U72/><E72/><V98/><F98/><AGARI ba="1,2" hai="15,16,21,48,49,69,70,71,82,85,88,89,93,98" machi="98" ten="40,16000,3" yaku="1,1,52,3,54,2,53,2" doraHai="65" doraHaiUra="47" who="3" fromWho="2" sc="245,0,441,0,57,-163,237,183" owari="245,-15.0,441,54.0,-106,-61.0,420,22.0" /></mjloggm>