<mjloggm ver="2.3"><GO type="169" lobby="0"/><UN n0="%48%61%6B%61%6D%61%64%61" n1="%66%65%65%73" n2="%E3%82%A6%E3%83%AB%E3%83%88%E3%83%A9%E7%AB%8B%E7%9B%B4" n3="%7A%6B%75%72%74" dan="16,16,17,18" rate="2080.74,2074.91,2168.74,2179.31" sx="M,M,M,M"/><TAIKYOKU oya="0"/><INIT seed="0,0,0,2,3,113" ten="250,250,250,250" oya="0" hai0="91,40,26,89,108,13,60,37,68,85,120,119,48" hai1="42,115,24,59,83,11,78,123,111,36,129,86,43" hai2="82,69,72,39,76,53,63,5,80,52,7,18,93" hai3="116,98,81,6,4,84,112,87,67,15,134,95,2"/><T70/><D120/><U110/><E123/><V105/><F105/><W118/><G112/><T75/><D75/><U74/><E115/><V44/><F82/><W38/><G38/><T56/><D119/><U66/><E129/><V14/><F93/><W0/><G134/><T55/><D108/><N who="1" m="41515" /><E36/><V27/><F27/><W21/><G67/><N who="0" m="41063" /><D70/><U124/><E124/><V104/><F104/><W77/><G84/><T99/><D26/><U25/><E74/><V109/><F109/><W47/><G47/><N who="0" m="23951" /><D85/><U106/><E106/><V125/><F125/><W131/><G131/><T3/><D3/><U100/><E100/><V65/><F39/><W92/><G92/><T64/><D64/><U23/><E11/><V133/><F133/><W132/><G132/><T12/><D99/><U51/><E25/><V57/><F44/><W126/><G126/><T46/><D46/><U96/><E96/><V41/><F41/><W35/><G35/><T71/><D71/><U45/><E66/><V101/><F101/><W62/><G62/><T114/><D114/><U1/><E1/><V10/><REACH who="2" step="1"/><F69/><REACH who="2" ten="250,250,240,250" step="2"/><W29/><G95/><T73/><D73/><U103/><E103/><V135/><F135/><W130/><G130/><T19/><D13/><U16/><E43/><V17/><F17/><W30/><G0/><T122/><D122/><U88/><E78/><V31/><F31/><W107/><G2/><T94/><D94/><U102/><E102/><V128/><F128/><W58/><G15/><T117/><D117/><U50/><E59/><V79/><F79/><N who="3" m="46527" /><G118/><T97/><D97/><U127/><E127/><RYUUKYOKU ba="0,1" sc="250,10,250,10,240,10,250,-30" hai0="12,19,48,55,56,89,91" hai1="16,23,24,42,45,50,51,83,86,88" hai2="5,7,10,14,18,52,53,57,63,65,72,76,80" /><INIT seed="0,1,1,5,0,33" ten="260,260,250,220" oya="0" hai0="116,133,69,114,28,117,29,46,84,6,125,60,4" hai1="15,52,107,85,12,5,30,13,11,3,57,79,36" hai2="7,89,135,34,134,71,61,109,110,37,10,70,124" hai3="88,14,22,92,78,47,100,35,93,16,101,77,86"/><T113/><D46/><U68/><E68/><N who="2" m="26155" /><F34/><W130/><G35/><T2/><D84/><U20/><E107/><V26/><F26/><W90/><G130/><T67/><D69/><U45/><E36/><V87/><F61/><W98/><G47/><T103/><D103/><AGARI ba="1,1" hai="14,16,22,77,78,86,88,90,92,93,98,100,101,103" machi="103" ten="40,5200,0" yaku="8,1,54,2" doraHai="33" who="3" fromWho="0" sc="260,-55,260,0,250,0,220,65" /><INIT seed="1,0,0,5,3,31" ten="205,260,250,285" oya="1" hai0="67,17,107,85,35,3,98,34,64,2,33,62,27" hai1="127,90,128,1,58,92,109,48,123,0,50,9,21" hai2="103,111,65,110,114,135,63,88,79,10,38,89,14" hai3="115,18,75,15,95,57,102,134,68,60,23,37,106"/><U6/><E123/><V91/><F38/><W86/><G115/><T8/><D8/><U30/><E0/><N who="0" m="41" /><D64/><U25/><E128/><V96/><F79/><W93/><G37/><T19/><D19/><U124/><E109/><V7/><F114/><W20/><G75/><T5/><D5/><U94/><E94/><V12/><F12/><W54/><G68/><N who="0" m="42103" /><D85/><U113/><E113/><V71/><REACH who="2" step="1"/><F135/><REACH who="2" ten="205,260,240,285" step="2"/><W69/><G134/><T122/><D122/><U105/><E105/><AGARI ba="0,1" hai="7,10,14,63,65,71,88,89,91,96,103,105,110,111" machi="105" ten="40,8000,1" yaku="1,1,2,1,54,1,53,1" doraHai="31" doraHaiUra="56" who="2" fromWho="1" sc="205,0,260,-80,240,90,285,0" /><INIT seed="2,0,0,5,2,76" ten="205,180,330,285" oya="2" hai0="77,65,0,52,111,98,92,125,102,118,78,81,1" hai1="94,127,67,18,24,69,60,14,100,96,19,55,34" hai2="74,115,63,79,116,108,130,11,124,28,112,90,121" hai3="15,23,120,72,38,8,27,84,68,22,99,58,123"/><V50/><F28/><W122/><G72/><T86/><D111/><U73/><E73/><V46/><F63/><W119/><G68/><T101/><D118/><U131/><E127/><V25/><F25/><W51/><G38/><T36/><D125/><U71/><E131/><V5/><F124/><W80/><G119/><T134/><D134/><U42/><E42/><V109/><F116/><W16/><G99/><T43/><D65/><U39/><E39/><V13/><F90/><W31/><G58/><T57/><D101/><U20/><E55/><V88/><F88/><W89/><REACH who="3" step="1"/><G51/><REACH who="3" ten="205,180,330,275" step="2"/><T3/><D36/><U126/><E126/><V106/><F74/><W4/><G4/><T82/><D43/><U59/><REACH who="1" step="1"/><E34/><AGARI ba="0,1" hai="8,15,16,22,23,27,31,34,80,84,89,120,122,123" machi="34" ten="40,8000,1" yaku="1,1,52,1,54,1,53,1" doraHai="76" doraHaiUra="21" who="3" fromWho="1" sc="205,0,180,-80,330,0,275,90" /><INIT seed="3,0,0,0,3,97" ten="205,100,330,365" oya="3" hai0="70,82,23,42,47,117,60,15,12,130,35,38,108" hai1="85,92,64,72,112,17,4,125,93,119,74,62,1" hai2="98,45,100,124,78,75,5,122,90,67,83,65,103" hai3="49,24,120,71,101,11,56,80,29,123,53,107,86"/><W2/><G71/><T26/><D117/><U126/><E112/><V39/><F122/><W132/><G132/><T16/><D108/><U6/><E119/><V8/><F124/><N who="1" m="47721" /><E17/><V37/><F37/><W121/><G2/><T66/><D130/><U77/><E77/><V88/><F65/><W89/><G11/><T133/><D133/><U104/><E104/><V55/><F67/><W48/><G48/><T128/><D128/><U13/><E1/><N who="2" m="47" /><F55/><W68/><G68/><T116/><D116/><U40/><E40/><N who="2" m="22687" /><F90/><W127/><G127/><T54/><D35/><U31/><E31/><V28/><F28/><W9/><G9/><T3/><D3/><U81/><E81/><V7/><F7/><N who="1" m="2601" /><E13/><V111/><F111/><W109/><G109/><T115/><D115/><U87/><E87/><V131/><F131/><W110/><G110/><T94/><D82/><U118/><E118/><V76/><F76/><W21/><G120/><T46/><REACH who="0" step="1"/><D94/><AGARI ba="0,0" hai="75,78,83,88,94,98,100,103" m="22687,47" machi="94" ten="30,7700,0" yaku="25,1,52,2,54,1" doraHai="97" who="2" fromWho="0" sc="205,-77,100,0,330,77,365,0" /><INIT seed="4,0,0,1,0,114" ten="128,100,407,365" oya="0" hai0="121,52,13,104,39,84,110,21,97,5,83,65,131" hai1="57,128,133,78,11,26,28,8,2,93,101,41,115" hai2="105,29,109,91,88,58,34,15,27,108,37,111,61" hai3="59,17,68,23,12,16,103,6,51,106,85,76,50"/><T47/><D121/><U44/><E115/><V96/><F37/><W35/><G35/><T95/><D104/><U90/><E101/><V80/><F80/><W3/><G68/><T36/><D131/><U64/><E128/><V70/><F15/><W135/><G135/><T38/><D65/><U74/><E2/><V77/><F77/><W33/><G33/><T62/><D110/><U107/><E107/><V126/><F126/><W49/><G106/><T10/><D21/><U46/><E78/><V99/><F99/><W87/><G103/><T54/><D62/><U94/><E74/><V20/><F20/><W32/><G32/><T118/><D118/><U117/><E133/><V30/><F30/><W1/><G1/><T124/><D124/><U71/><E71/><V89/><F70/><W81/><G3/><T66/><D66/><U42/><E64/><V130/><F130/><W24/><G6/><T19/><D5/><U14/><E14/><V55/><F96/><W18/><G85/><T7/><D7/><U53/><E28/><V122/><REACH who="2" step="1"/><F105/><REACH who="2" ten="128,100,397,365" step="2"/><W9/><G18/><T123/><D123/><AGARI ba="0,1" hai="27,29,34,55,58,61,88,89,91,108,109,111,122,123" machi="123" ten="50,6400,0" yaku="1,1,2,1,54,1,53,0" doraHai="114" doraHaiUra="134" who="2" fromWho="0" sc="128,-64,100,0,397,74,365,0" /><INIT seed="5,0,0,2,4,2" ten="64,100,471,365" oya="1" hai0="70,42,15,107,41,95,108,76,103,25,43,87,82" hai1="131,80,112,28,110,52,62,17,97,24,0,26,102" hai2="104,94,7,120,58,118,68,85,106,16,124,114,29" hai3="32,50,88,38,93,127,49,135,9,98,11,65,71"/><U55/><E0/><V73/><F68/><W67/><G38/><T63/><D107/><U90/><E112/><V53/><F73/><W1/><G32/><T8/><D108/><U14/><E110/><V105/><F118/><W109/><G109/><T59/><D70/><U96/><E26/><V69/><F69/><W44/><G135/><T10/><D25/><U66/><E80/><V72/><F72/><W64/><G127/><T51/><D51/><U18/><E90/><V79/><F124/><W121/><G121/><T126/><D126/><U34/><E97/><V83/><F104/><W46/><G71/><T20/><D20/><U36/><E36/><V125/><F106/><W129/><G129/><T30/><D30/><U111/><E131/><V77/><F105/><W35/><G35/><T74/><D74/><U23/><E17/><V61/><F114/><W115/><G115/><T89/><D103/><U27/><E27/><V22/><F120/><W122/><G122/><T86/><REACH who="0" step="1"/><D15/><REACH who="0" ten="54,100,471,365" step="2"/><U5/><E111/><V123/><F29/><W13/><G1/><T40/><N who="0" m="10240" /><DORA hai="56" /><T91/><D91/><U47/><E28/><V39/><F125/><W134/><G13/><T132/><D132/><U101/><E24/><V75/><F39/><W12/><G134/><T92/><D92/><U3/><E102/><V133/><F133/><W33/><G33/><T60/><D60/><U4/><E34/><V19/><F123/><W21/><G50/><T116/><D116/><U31/><E31/><V78/><F75/><W117/><G117/><T130/><D130/><U84/><E14/><RYUUKYOKU ba="0,1" sc="54,30,100,-10,471,-10,365,-10" hai0="8,10,59,63,76,82,86,87,89,95" /><INIT seed="6,1,1,2,2,69" ten="84,90,461,355" oya="2" hai0="80,134,96,126,102,109,7,84,63,48,112,65,57" hai1="91,13,127,28,22,53,133,17,58,27,38,95,61" hai2="36,64,119,114,113,23,21,108,120,4,90,106,89" hai3="130,131,93,42,117,19,62,12,99,82,128,121,118"/><V51/><F106/><W129/><G121/><T40/><D109/><U110/><E110/><V132/><F108/><W49/><G82/><T47/><D112/><U60/><E127/><V32/><F32/><W6/><G6/><T72/><D72/><U18/><E133/><V16/><F132/><W75/><G75/><T10/><D134/><U66/><E38/><V20/><F4/><W77/><G77/><T37/><D126/><U11/><E66/><V30/><F64/><W24/><G24/><T70/><D102/><U123/><E123/><V88/><F36/><W52/><G62/><T44/><D96/><N who="1" m="57471" /><E61/><V125/><F125/><W81/><G81/><T103/><D103/><U41/><E41/><V92/><F119/><W73/><G42/><T34/><D34/><U67/><E67/><V45/><F120/><W122/><G73/><T26/><D26/><U94/><E94/><V15/><F92/><W74/><G74/><T83/><D47/><U68/><E68/><V1/><F1/><W105/><G105/><T29/><D29/><AGARI ba="1,1" hai="11,13,17,18,22,27,28,29,53,58,60" m="57471" machi="29" ten="30,2000,0" yaku="25,1,8,1" doraHai="69" who="1" fromWho="0" sc="84,-23,90,33,461,0,355,0" /><INIT seed="7,0,0,2,5,61" ten="61,123,461,355" oya="3" hai0="39,58,34,18,107,28,17,131,102,12,9,49,111" hai1="63,24,65,119,62,97,55,53,113,30,22,101,132" hai2="52,3,51,118,44,11,4,8,27,112,109,26,71" hai3="46,79,122,7,78,6,80,130,21,114,37,35,64"/><W14/><G122/><T50/><D111/><U32/><E113/><V117/><F71/><W77/><G35/><T89/><D131/><U85/><E63/><V116/><F109/><W15/><G114/><T98/><D39/><U133/><E85/><V73/><F73/><W42/><G130/><T96/><D18/><U93/><E32/><V54/><F112/><W126/><G126/><T56/><D34/><U60/><E60/><V83/><F83/><W1/><G1/><T23/><D28/><U59/><E119/><V38/><F38/><W13/><G80/><T70/><D70/><U0/><E0/><V86/><F86/><W100/><G100/><T134/><D134/><AGARI ba="0,0" hai="22,24,30,53,55,59,62,65,93,97,101,132,133,134" machi="134" ten="40,8000,1" yaku="25,2,20,1,52,1" doraHai="61" who="1" fromWho="0" sc="61,-80,123,80,461,0,355,0" owari="-19,-52.0,203,-20.0,461,56.0,355,16.0" /></mjloggm>