<mjloggm ver="2.3"><GO type="41" lobby="0"/><UN n0="%E7%A6%8F%E5%8E%9F%E9%A6%99%E7%B9%94%28%E5%A5%B3%E7%A5%9E%29" n1="%74%61%6E%61%4B%61%E8%8A%8B%E5%AD%90" n2="%E3%83%8F%E3%82%A4%E3%83%9A%E3%83%AA%E3%82%AA%E3%83%B3" n3="%E3%82%A6%E3%83%AB%E3%83%88%E3%83%A9%E7%AB%8B%E7%9B%B4" dan="14,14,15,15" rate="1936.85,1913.73,1980.93,1994.12" sx="M,F,M,M"/><TAIKYOKU oya="0"/><INIT seed="0,0,0,2,5,127" ten="250,250,250,250" oya="0" hai0="5,63,86,23,81,105,78,93,133,108,60,11,58" hai1="62,113,97,2,107,19,12,59,16,102,70,38,74" hai2="85,52,123,80,91,41,65,44,34,14,3,94,13" hai3="129,45,15,90,0,132,120,7,98,114,66,104,25"/><T29/><D105/><U10/><E74/><V64/><F3/><W103/><G15/><N who="2" m="5641" /><F41/><W56/><G56/><T46/><D133/><U39/><E70/><V118/><F34/><W83/><G66/><T122/><D122/><U36/><E113/><V8/><F8/><W82/><G45/><T67/><D93/><U88/><E2/><V128/><F128/><W134/><G25/><T69/><D108/><U89/><REACH who="1" step="1"/><E19/><REACH who="1" ten="250,240,250,250" step="2"/><V92/><F123/><W20/><G0/><N who="0" m="423" /><D69/><U76/><E76/><N who="2" m="46215" /><F118/><W124/><G114/><T9/><D78/><U42/><E42/><V84/><F94/><W61/><G120/><T77/><D29/><U135/><E135/><V79/><F79/><W31/><G31/><T75/><D75/><U112/><E112/><V33/><F33/><W17/><G134/><T24/><D77/><U51/><E51/><AGARI ba="0,1" hai="44,51,52,64,65,84,91,92" m="46215,5641" machi="51" ten="30,2000,0" yaku="8,1,54,1" doraHai="127" who="2" fromWho="1" sc="250,0,240,-20,250,30,250,0" /><INIT seed="1,0,0,5,5,36" ten="250,220,280,250" oya="1" hai0="68,127,66,98,17,28,70,9,58,55,50,123,91" hai1="7,113,32,105,111,115,88,26,75,108,110,42,93" hai2="74,35,12,96,109,128,73,64,87,15,3,119,121" hai3="24,100,54,59,82,132,104,31,71,125,86,57,120"/><U92/><E105/><V76/><F15/><W10/><G71/><T43/><D123/><U5/><E75/><V101/><F12/><W33/><G120/><T106/><D127/><U22/><E32/><V4/><F4/><N who="1" m="1609" /><E42/><V41/><F41/><W30/><G125/><T14/><D28/><N who="1" m="17495" /><E92/><V25/><F64/><W97/><G132/><T39/><D70/><U130/><E130/><V47/><F25/><W21/><G10/><T124/><D124/><U114/><E114/><V52/><F128/><W18/><G33/><T19/><D106/><U69/><E69/><V6/><F6/><W1/><G59/><T72/><D72/><U61/><E61/><V34/><F35/><W27/><G1/><T80/><D80/><U2/><E2/><V102/><F3/><W103/><G27/><T38/><D38/><U135/><E135/><V107/><F74/><W60/><G103/><T84/><D98/><AGARI ba="0,0" hai="88,93,98,108,110,111,113,115" m="17495,1609" machi="98" ten="30,5800,0" yaku="14,1,10,1,54,1" doraHai="36" who="1" fromWho="0" sc="250,-58,220,58,280,0,250,0" /><INIT seed="1,1,0,0,1,56" ten="192,278,280,250" oya="1" hai0="91,6,20,9,73,108,54,50,46,62,79,124,45" hai1="49,66,130,53,96,77,103,122,94,64,12,55,13" hai2="82,63,115,69,93,27,90,26,28,89,23,111,58" hai3="33,125,19,30,36,5,133,10,72,48,123,70,52"/><U15/><E77/><V121/><F69/><W100/><G36/><T97/><D108/><U41/><E122/><V78/><F121/><W65/><G72/><T40/><D124/><U95/><E130/><V76/><F111/><W42/><G42/><T39/><D20/><U25/><E25/><N who="2" m="16447" /><F115/><W99/><G123/><T31/><D31/><U117/><E117/><V85/><F82/><W104/><G19/><T8/><D97/><U3/><E3/><V38/><F38/><W98/><G98/><T1/><D9/><U80/><E80/><V107/><F90/><W86/><G86/><T128/><D91/><U11/><E11/><V67/><F107/><W44/><G125/><T113/><D128/><U88/><E41/><V135/><F135/><W106/><G106/><T37/><D113/><U22/><E22/><V87/><F87/><W114/><G114/><T129/><D39/><U18/><E18/><V83/><F83/><W14/><G133/><T120/><D129/><U119/><E119/><V59/><F59/><W43/><G43/><T101/><D101/><U84/><E49/><V92/><F92/><W47/><G47/><T81/><D120/><U131/><E131/><V102/><F102/><W112/><G112/><T116/><D116/><U109/><E109/><V110/><F110/><W34/><REACH who="3" step="1"/><G30/><REACH who="3" ten="192,278,280,240" step="2"/><T21/><D21/><U0/><E0/><V7/><F7/><W74/><G74/><T4/><D4/><U16/><E16/><V51/><F85/><W17/><G17/><T75/><D75/><U105/><E105/><V132/><F132/><W118/><G118/><RYUUKYOKU ba="1,1" sc="192,10,278,10,280,-30,240,10" hai0="1,6,8,37,40,45,46,50,54,62,73,79,81" hai1="12,13,15,53,55,64,66,84,88,94,95,96,103" hai3="5,10,14,33,34,44,48,52,65,70,99,100,104" /><INIT seed="1,2,1,5,2,71" ten="202,288,250,250" oya="1" hai0="59,48,49,36,51,60,89,1,83,110,135,37,50" hai1="9,67,40,85,115,109,32,22,88,97,16,3,18" hai2="34,0,93,8,87,84,114,12,57,82,68,70,56" hai3="81,98,55,47,28,46,124,134,23,101,45,123,103"/><U119/><E115/><V116/><F114/><W65/><G123/><T20/><D1/><U130/><E32/><V66/><F116/><W118/><G118/><T127/><D110/><U72/><E109/><V30/><F0/><W64/><G124/><T90/><D127/><U38/><E72/><V133/><F34/><W42/><G134/><T129/><D135/><U100/><E119/><V121/><F30/><W107/><G81/><T52/><D20/><U15/><E67/><V53/><F133/><W91/><G91/><T126/><D126/><U108/><E130/><V21/><F121/><W17/><G28/><T117/><D129/><U105/><E108/><V44/><F21/><W26/><G103/><T24/><D24/><U79/><E79/><V92/><F66/><W27/><G27/><T102/><D102/><U95/><E3/><V113/><F113/><W58/><REACH who="3" step="1"/><G42/><REACH who="3" ten="202,288,250,240" step="2"/><T99/><D117/><U11/><E18/><V31/><F31/><W132/><G132/><T76/><D90/><U77/><E77/><V75/><F82/><W33/><G33/><T39/><D89/><U6/><E6/><V43/><F43/><W41/><G41/><T13/><D13/><U131/><E131/><V111/><F12/><W25/><G25/><T78/><D99/><U10/><E40/><V112/><F111/><W104/><G104/><T74/><REACH who="0" step="1"/><D78/><REACH who="0" ten="192,288,250,240" step="2"/><U125/><E125/><V120/><F112/><W94/><G94/><T35/><D35/><U54/><E105/><V86/><F93/><W2/><G2/><T73/><D73/><U7/><E95/><V4/><F75/><RYUUKYOKU ba="2,3" sc="192,15,288,-15,250,-15,240,15" hai0="36,37,39,48,49,50,51,52,59,60,74,76,83" hai3="17,23,26,45,46,47,55,58,64,65,98,101,107" /><INIT seed="2,3,3,5,2,84" ten="207,273,235,255" oya="2" hai0="53,21,39,40,125,92,89,98,131,128,75,108,36" hai1="86,16,133,58,109,104,19,5,73,120,64,59,122" hai2="25,106,47,127,23,115,11,34,32,22,97,38,60" hai3="102,70,107,82,2,31,37,81,85,24,52,117,15"/><V90/><F115/><W76/><G2/><T116/><D116/><U10/><E73/><V113/><F113/><W88/><G37/><T51/><D75/><U69/><E109/><V96/><F60/><W56/><G70/><T4/><D40/><U49/><E104/><V12/><F127/><W7/><G117/><T80/><D80/><U6/><E133/><V33/><F38/><W0/><G0/><T57/><D108/><U129/><E129/><N who="0" m="49737" /><D125/><U67/><E86/><V62/><F62/><W14/><G7/><N who="1" m="2570" /><E69/><V27/><F47/><W43/><G43/><T103/><D4/><U93/><E93/><V63/><F63/><W111/><G111/><T1/><D1/><U110/><E110/><V74/><F74/><W13/><G102/><T20/><D103/><U100/><E100/><V130/><F106/><W42/><G42/><T95/><D95/><U26/><E10/><V3/><F3/><W46/><G46/><T66/><D66/><N who="1" m="25131" /><E26/><N who="2" m="9739" /><F130/><W91/><G107/><T44/><D44/><U134/><E134/><V48/><F34/><W28/><G81/><T72/><D72/><U45/><E122/><V65/><F65/><W94/><G94/><T119/><D119/><U35/><E120/><V54/><F33/><W79/><G79/><T126/><D126/><U132/><E35/><V18/><F32/><W9/><G9/><T17/><D21/><U41/><E132/><V105/><F23/><N who="3" m="15391" /><G31/><T101/><D101/><U30/><E30/><V78/><F22/><W124/><G124/><T50/><D39/><U61/><E61/><AGARI ba="3,3" hai="13,14,15,52,56,61,76,82,85,88,91" m="15391" machi="61" ten="30,8000,1" yaku="8,1,52,2,54,2" doraHai="84" who="3" fromWho="1" sc="207,0,273,-89,235,0,255,119" /><INIT seed="3,0,0,0,2,108" ten="207,184,235,374" oya="3" hai0="84,109,39,73,78,80,28,62,52,21,95,47,127" hai1="97,45,4,61,83,116,31,129,58,128,122,5,9" hai2="111,104,68,54,118,55,135,75,102,119,113,96,133" hai3="15,33,14,24,76,41,18,44,117,87,11,93,121"/><W115/><G121/><T89/><D109/><U19/><E122/><V34/><F111/><W8/><G117/><N who="2" m="44553" /><F34/><W125/><G125/><T1/><D127/><U27/><E116/><V130/><F75/><W85/><G115/><T42/><D28/><U74/><E45/><V7/><F7/><N who="1" m="2633" /><E74/><V99/><F68/><W17/><G76/><T46/><D21/><N who="1" m="15855" /><E83/><V3/><F3/><W88/><G24/><T126/><D126/><U106/><E106/><V66/><F66/><W94/><G33/><T26/><D26/><U37/><E97/><V56/><F99/><W50/><G87/><T79/><D79/><U60/><E37/><V35/><F35/><W6/><G6/><T103/><D1/><U51/><E51/><V29/><F29/><W12/><G12/><T22/><D22/><U90/><E90/><V32/><F32/><W2/><G2/><T67/><D103/><U81/><E81/><AGARI ba="0,0" hai="8,11,14,15,17,18,41,44,50,81,85,88,93,94" machi="81" ten="30,11600,0" yaku="7,1,9,1,8,1,54,1" doraHai="108" who="3" fromWho="1" sc="207,0,184,-116,235,0,374,116" /><INIT seed="3,1,0,0,5,95" ten="207,68,235,490" oya="3" hai0="119,89,54,23,84,26,6,24,40,74,22,127,122" hai1="123,135,98,85,101,31,106,71,73,130,63,10,94" hai2="13,120,118,92,111,61,49,121,33,50,128,66,52" hai3="4,51,87,62,116,34,44,105,14,3,117,86,25"/><W30/><G105/><T76/><D122/><U37/><E123/><N who="2" m="47179" /><F118/><W114/><G114/><T35/><D119/><U64/><E73/><V48/><F33/><W32/><G32/><T0/><D127/><U15/><E37/><V38/><F13/><W75/><G75/><T8/><D54/><U42/><E130/><V16/><F16/><W79/><G87/><T131/><D131/><U124/><E124/><V70/><F128/><W80/><G3/><T97/><D40/><U100/><E42/><V107/><F107/><W134/><G134/><T113/><D113/><U39/><E39/><V21/><F21/><W69/><G62/><T18/><D76/><U36/><E36/><V17/><F17/><W59/><G59/><T82/><D74/><U57/><E135/><V109/><F92/><W102/><G69/><T28/><REACH who="0" step="1"/><D35/><REACH who="0" ten="197,68,235,490" step="2"/><U7/><E71/><V91/><F38/><W133/><G133/><T72/><D72/><U9/><E9/><V83/><F111/><W5/><G116/><T77/><D77/><U81/><E31/><V90/><F109/><W43/><G117/><T65/><D65/><U45/><E45/><V112/><F112/><W60/><G60/><T2/><D2/><U99/><REACH who="1" step="1"/><E81/><REACH who="1" ten="197,58,235,490" step="2"/><V93/><F83/><W47/><G47/><T46/><D46/><U126/><E126/><V58/><F70/><W67/><G80/><T20/><D20/><U115/><E115/><V132/><F132/><W55/><G30/><T29/><D29/><U53/><E53/><V103/><F52/><W12/><G55/><T104/><D104/><U78/><E78/><RYUUKYOKU ba="1,2" sc="197,10,58,10,235,10,490,-30" hai0="0,6,8,18,22,23,24,26,28,82,84,89,97" hai1="7,10,15,57,63,64,85,94,98,99,100,101,106" hai2="48,49,50,58,61,66,90,91,93,103" /><INIT seed="4,2,2,2,0,124" ten="207,68,245,460" oya="0" hai0="13,1,60,97,49,57,135,4,7,111,35,121,10" hai1="21,37,130,25,30,84,94,55,100,16,104,44,73" hai2="48,81,26,20,115,107,91,117,122,102,88,134,110" hai3="17,11,96,59,64,87,6,54,2,42,39,99,109"/><T33/><D121/><U34/><E73/><V72/><F110/><W51/><G109/><T105/><D111/><U114/><E104/><V40/><F122/><W29/><G29/><T70/><D135/><U126/><E114/><V3/><F3/><W82/><G64/><T80/><D80/><U58/><E126/><V56/><F134/><W8/><G42/><T118/><D118/><U0/><E0/><V120/><F120/><W22/><G39/><T112/><D112/><U108/><E108/><V119/><F115/><W106/><G106/><T128/><D70/><U74/><E74/><V90/><F107/><W127/><G11/><T123/><D123/><U83/><E37/><V125/><F102/><W95/><G95/><T27/><D49/><U131/><E44/><V68/><F68/><W31/><G31/><T89/><D7/><U28/><E100/><V38/><F38/><W66/><G66/><T41/><D41/><U14/><E94/><V77/><F125/><W69/><G69/><T129/><D4/><U18/><E18/><V9/><F9/><W113/><G113/><T5/><D1/><U12/><E30/><V75/><F75/><W61/><G61/><T71/><D71/><U76/><REACH who="1" step="1"/><E14/><REACH who="1" ten="207,58,245,460" step="2"/><V132/><F132/><W65/><G127/><T24/><D105/><U116/><E116/><V78/><F119/><W45/><G45/><T46/><D46/><U92/><E92/><V86/><F72/><W47/><G47/><T52/><D97/><U43/><E43/><V85/><F40/><W103/><G99/><T15/><D15/><U50/><AGARI ba="2,3" hai="12,16,21,25,28,34,50,55,58,76,83,84,130,131" machi="50" ten="30,12000,2" yaku="1,1,5,1,0,1,52,2,54,1,53,0" doraHai="124" doraHaiUra="101" who="1" fromWho="1" sc="207,-62,58,156,245,-32,460,-32" /><INIT seed="5,0,0,2,2,79" ten="145,214,213,428" oya="1" hai0="105,67,4,71,20,118,13,14,66,7,56,132,68" hai1="108,53,46,95,45,61,90,51,32,103,27,78,99" hai2="89,6,15,94,29,85,101,63,102,16,76,114,57" hai3="43,39,119,135,80,54,115,2,109,74,124,84,47"/><U113/><E113/><V82/><F114/><W100/><G115/><T123/><D20/><U25/><E32/><V26/><F6/><W35/><G35/><T129/><D56/><U83/><E108/><V11/><F26/><W10/><G109/><T8/><D105/><U5/><E103/><V62/><F29/><W93/><G124/><T111/><D111/><U55/><E5/><V24/><F24/><W28/><G28/><T60/><D123/><U97/><E97/><V49/><F49/><W34/><G34/><T21/><D21/><U48/><REACH who="1" step="1"/><E61/><REACH who="1" ten="145,204,213,428" step="2"/><V117/><F63/><W9/><G100/><T116/><D60/><U121/><E121/><V106/><F117/><W87/><G119/><T110/><D110/><U122/><E122/><V77/><F106/><W58/><G135/><T70/><D132/><U127/><E127/><V52/><F102/><W40/><G2/><T81/><D71/><U38/><E38/><V72/><F72/><AGARI ba="0,1" hai="25,27,45,46,48,51,53,55,72,78,83,90,95,99" machi="72" ten="30,11600,0" yaku="1,1,7,1,9,1,52,1,53,0" doraHai="79" doraHaiUra="18" who="1" fromWho="2" sc="145,0,204,126,213,-116,428,0" /><INIT seed="5,1,0,2,3,48" ten="145,330,97,428" oya="1" hai0="15,109,68,21,37,25,84,104,9,50,41,6,128" hai1="24,130,88,23,99,100,17,113,8,85,53,12,1" hai2="18,60,67,116,5,123,38,102,134,45,132,97,13" hai3="10,86,0,34,87,129,120,77,58,81,74,101,39"/><U127/><E127/><V89/><F116/><W78/><G34/><T82/><D104/><U131/><E113/><V72/><F123/><W19/><G39/><T59/><D68/><U76/><E1/><V46/><F72/><W20/><G120/><T96/><D96/><U2/><E2/><V126/><F126/><W95/><G129/><T26/><D128/><U3/><E76/><V71/><F5/><W51/><G78/><T93/><D93/><U90/><E3/><V52/><F89/><W91/><G101/><T54/><D109/><U125/><E90/><V62/><F46/><W7/><G51/><N who="0" m="31199" /><D37/><U103/><E99/><V110/><F110/><W122/><G58/><T83/><D21/><U69/><E69/><V98/><F102/><W111/><G111/><T56/><D83/><N who="1" m="49215" /><E125/><V107/><F107/><W73/><G122/><T66/><D66/><U30/><E131/><V43/><F134/><W57/><G57/><T135/><D135/><U65/><E65/><V11/><REACH who="2" step="1"/><F132/><REACH who="2" ten="145,330,87,428" step="2"/><W14/><AGARI ba="1,1" hai="0,7,10,14,19,20,73,74,77,81,86,87,91,95" machi="14" ten="20,1500,0" yaku="0,1,7,1" doraHai="48" who="3" fromWho="3" sc="145,-5,330,-8,87,-5,428,28" /><INIT seed="6,0,0,0,0,105" ten="140,322,82,456" oya="2" hai0="50,92,12,30,135,54,7,17,65,63,112,79,77" hai1="32,103,78,48,18,86,23,21,127,94,42,8,55" hai2="104,125,44,36,14,88,85,68,35,82,3,49,27" hai3="0,110,13,6,101,33,131,41,123,11,115,128,120"/><V62/><F104/><W5/><G41/><T22/><D112/><U61/><E32/><V98/><F3/><W67/><G67/><T72/><D135/><U46/><E127/><V119/><F36/><W75/><G101/><T56/><D72/><U129/><E129/><N who="3" m="49738" /><G75/><T81/><D81/><N who="1" m="47415" /><E103/><V89/><F119/><W9/><G110/><T29/><D92/><U39/><E39/><V111/><F111/><W130/><G130/><T51/><D51/><N who="1" m="27095" /><E61/><V69/><F125/><W93/><G93/><T107/><D107/><U2/><E2/><V116/><F116/><W99/><G99/><T38/><D38/><U31/><E31/><N who="0" m="11785" /><D7/><U60/><E60/><V4/><F35/><W24/><G115/><T97/><D97/><U16/><E94/><N who="2" m="56647" /><F69/><W43/><G43/><T118/><D118/><U100/><E100/><V52/><F68/><W121/><G24/><T45/><AGARI ba="0,0" hai="12,17,22,45,50,54,56,63,65,77,79" m="11785" machi="45" ten="30,1100,0" yaku="8,1" doraHai="105" who="0" fromWho="0" sc="140,11,322,-3,82,-5,456,-3" /><INIT seed="7,0,0,3,2,53" ten="151,319,77,453" oya="3" hai0="21,62,35,129,78,46,40,121,77,63,37,114,16" hai1="48,65,117,102,59,39,19,20,110,34,56,23,111" hai2="55,99,93,116,7,10,8,127,72,118,97,70,92" hai3="126,122,47,5,6,134,57,130,76,52,119,79,89"/><W80/><G57/><T44/><D121/><U28/><E39/><V69/><F72/><W38/><G52/><T94/><D35/><U43/><E34/><V31/><F31/><W58/><G58/><T1/><D1/><U95/><E117/><V27/><F27/><W100/><G89/><T109/><D109/><U135/><E135/><V91/><F127/><W106/><G80/><T87/><D129/><U12/><E65/><V60/><F118/><W14/><G47/><T85/><D114/><U132/><E132/><V9/><F116/><W42/><G42/><T64/><D46/><U96/><E110/><V81/><F81/><W54/><G54/><T17/><D63/><U73/><E73/><V66/><F66/><W124/><G76/><T26/><D17/><U101/><E101/><V22/><F22/><W105/><G79/><T112/><D112/><U115/><E111/><V50/><F60/><W2/><G100/><T13/><D26/><U49/><E115/><V68/><F7/><W125/><G6/><T33/><D33/><U131/><E131/><V82/><F82/><W120/><G130/><T24/><D24/><U3/><E3/><V15/><F15/><W123/><G14/><T18/><D18/><U84/><E84/><V75/><F75/><W67/><G67/><T104/><D104/><N who="3" m="40041" /><G134/><T4/><D4/><U71/><E71/><V61/><F61/><W32/><G32/><T83/><D94/><U103/><E103/><V108/><F108/><W29/><G119/><T133/><D133/><U0/><E0/><V86/><F93/><W113/><G38/><RYUUKYOKU ba="0,0" sc="151,-10,319,-10,77,30,453,-10" hai2="8,9,10,50,55,68,69,70,86,91,92,97,99" owari="141,-26.0,309,11.0,107,-39.0,443,54.0" /></mjloggm>