<mjloggm ver="2.3"><GO type="41" lobby="0"/><UN n0="%61%72%65%73%73" n1="%E5%B0%B1%E6%B4%BB%E7%94%9F%40%E5%B7%9D%E6%9D%91%E8%BB%8D%E5%9B%A3" n2="%E3%83%AC%E3%82%A4%E3%83%8E%E3%83%83%E3%82%B7%E3%83%A5" n3="%E3%82%B6%E3%83%83%E3%82%AF%E3%81%A8%E3%81%9F%E3%82%81" dan="15,15,15,13" rate="2056.32,2003.01,1951.59,1858.22" sx="M,M,M,M"/><TAIKYOKU oya="0"/><INIT seed="0,0,0,3,5,62" ten="250,250,250,250" oya="0" hai0="87,61,103,111,72,46,132,74,99,49,26,33,84" hai1="86,65,69,24,122,17,29,13,127,55,11,119,36" hai2="78,21,23,97,92,110,37,45,100,30,4,18,112" hai3="117,135,64,85,48,125,109,14,59,0,134,91,104"/><T15/><D132/><N who="3" m="50729" /><G117/><T9/><D111/><U39/><E122/><V82/><F112/><W106/><G0/><T77/><D61/><U107/><E127/><V90/><F4/><W44/><G125/><T6/><D33/><U81/><E119/><V121/><F110/><W80/><G109/><T105/><D26/><U93/><E107/><V22/><F121/><W129/><G14/><T7/><D7/><U2/><E2/><V56/><F100/><W79/><G129/><T133/><D133/><U113/><E113/><V5/><F5/><W57/><G79/><T16/><D6/><U70/><E55/><V115/><F115/><W8/><G8/><T120/><D120/><U130/><E93/><V101/><F101/><W131/><G131/><T32/><D32/><U35/><E130/><V3/><F3/><W94/><G80/><T73/><REACH who="0" step="1"/><D77/><REACH who="0" ten="240,250,250,250" step="2"/><U108/><E108/><V118/><F78/><W40/><G106/><T42/><AGARI ba="0,1" hai="9,15,16,42,46,49,72,73,74,84,87,99,103,105" machi="42" ten="30,11700,0" yaku="1,1,2,1,0,1,54,1,53,0" doraHai="62" doraHaiUra="116" who="0" fromWho="0" sc="240,127,250,-39,250,-39,250,-39" /><INIT seed="0,1,0,3,1,47" ten="367,211,211,211" oya="0" hai0="55,94,8,70,23,100,132,61,105,120,52,95,115" hai1="76,98,110,103,80,16,79,19,26,42,108,104,41" hai2="117,77,97,135,39,14,57,111,44,71,0,36,33" hai3="18,131,128,118,11,15,43,66,28,12,62,3,60"/><T34/><D120/><U106/><E106/><V5/><F14/><W58/><G118/><T89/><D115/><U22/><E19/><V72/><F57/><W63/><G28/><T86/><D34/><U49/><E79/><V21/><F21/><W27/><G43/><T54/><D132/><U130/><E130/><N who="3" m="49706" /><G3/><T122/><D122/><U78/><E78/><V84/><F84/><W20/><G15/><T93/><D8/><U83/><E83/><V74/><F77/><W56/><G56/><T29/><D105/><U99/><E99/><V32/><F97/><W109/><G109/><N who="1" m="42090" /><E49/><V121/><F111/><W64/><G64/><T30/><D100/><U10/><E10/><N who="2" m="2343" /><F135/><W1/><G1/><T46/><D46/><U59/><E59/><V51/><F121/><W9/><G9/><T133/><D133/><U24/><E24/><V88/><F51/><W123/><G123/><T25/><REACH who="0" step="1"/><D30/><REACH who="0" ten="357,211,211,211" step="2"/><U7/><E7/><V17/><F44/><W38/><G38/><T81/><D81/><U65/><E65/><AGARI ba="1,1" hai="23,25,29,52,54,55,61,65,70,86,89,93,94,95" machi="65" ten="40,3900,0" yaku="1,1,54,1,53,0" doraHai="47" doraHaiUra="92" who="0" fromWho="1" sc="357,52,211,-42,211,0,211,0" /><INIT seed="0,2,0,5,2,28" ten="409,169,211,211" oya="0" hai0="36,73,14,64,78,98,132,101,49,2,46,85,55" hai1="56,38,63,59,94,45,50,89,114,10,100,109,13" hai2="24,31,44,76,68,116,82,88,5,30,92,77,27" hai3="75,70,80,104,99,130,131,113,108,120,42,121,39"/><T52/><D2/><U16/><E109/><V93/><F68/><W66/><G80/><N who="0" m="47255" /><D73/><U117/><E117/><V26/><F116/><W126/><G99/><T25/><D36/><U123/><E123/><N who="3" m="47178" /><G104/><T133/><D64/><U0/><E114/><V40/><F5/><W105/><G105/><N who="0" m="63671" /><D14/><U58/><E100/><V23/><F93/><W106/><G106/><T53/><D25/><U122/><E0/><V102/><F82/><W129/><G75/><T29/><D29/><U37/><E122/><V21/><F102/><W110/><G113/><T17/><D17/><U3/><E3/><V128/><F128/><N who="3" m="32771" /><W119/><DORA hai="79" /><G119/><T96/><D96/><U87/><REACH who="1" step="1"/><E63/><REACH who="1" ten="409,159,211,211" step="2"/><V34/><F26/><W62/><G126/><T95/><D95/><U19/><E19/><V54/><F34/><W112/><G112/><T1/><D1/><U134/><E134/><AGARI ba="2,1" hai="46,49,52,53,55,132,133,134" m="63671,47255" machi="134" ten="30,5800,0" yaku="20,1,52,1,54,1" doraHai="28,79" who="0" fromWho="1" sc="409,74,159,-64,211,0,211,0" /><INIT seed="0,3,0,2,4,116" ten="483,95,211,211" oya="0" hai0="70,92,77,46,17,71,124,123,35,21,66,51,73" hai1="129,76,90,74,117,102,34,60,80,13,61,58,107" hai2="26,44,68,67,63,27,101,88,69,2,30,91,106" hai3="104,28,110,53,36,99,47,72,9,105,12,22,57"/><T131/><D35/><U87/><E117/><V130/><F130/><W6/><G72/><T31/><D131/><U11/><E34/><N who="2" m="20823" /><F68/><W81/><G110/><T20/><D124/><U42/><E129/><V78/><F78/><W135/><G135/><T54/><D123/><U111/><E111/><V134/><F134/><W49/><G81/><T56/><D31/><U85/><E85/><V100/><F100/><W115/><G115/><T32/><D32/><U24/><E24/><V7/><F27/><W94/><G36/><T25/><D92/><U132/><E132/><V93/><F93/><W45/><G104/><T97/><D97/><U38/><E38/><V98/><F44/><W114/><G105/><T79/><D21/><U103/><E42/><V83/><F83/><W112/><G114/><T40/><D73/><U15/><E15/><V0/><F7/><W5/><G112/><T48/><D71/><U109/><E61/><V59/><F59/><W55/><G5/><T1/><D1/><AGARI ba="3,0" hai="0,1,2,63,67,69,88,91,98,101,106" m="20823" machi="1" ten="30,2000,0" yaku="25,1,54,1" doraHai="116" who="2" fromWho="0" sc="483,-29,95,0,211,29,211,0" /><INIT seed="1,0,0,4,1,52" ten="454,95,240,211" oya="1" hai0="40,109,121,74,75,0,87,43,44,85,116,124,83" hai1="30,7,95,110,34,42,67,71,24,25,36,4,70" hai2="64,16,72,31,63,108,48,2,79,3,126,84,131" hai3="65,86,114,127,100,10,119,5,81,123,11,105,130"/><U132/><E132/><V41/><F131/><W107/><G123/><T104/><D109/><U38/><E110/><V111/><F108/><W61/><G114/><T77/><D104/><U8/><E95/><V60/><F111/><W101/><G130/><T96/><D116/><U106/><E106/><V62/><F31/><W18/><G127/><T55/><D0/><U73/><E73/><V39/><F39/><W115/><G115/><T50/><D124/><U103/><E103/><V23/><F72/><W88/><G119/><T113/><D113/><U135/><E135/><V17/><F3/><W112/><G112/><T32/><D32/><U15/><E67/><V51/><F2/><W98/><G100/><T21/><D121/><U46/><E36/><V22/><F64/><W1/><G11/><T90/><D21/><N who="2" m="7690" /><F126/><W129/><G18/><N who="2" m="7273" /><F41/><W120/><G129/><T13/><D74/><U128/><E128/><V66/><F66/><W68/><G107/><T49/><D43/><U29/><REACH who="1" step="1"/><E7/><REACH who="1" ten="454,85,240,211" step="2"/><V91/><F79/><W80/><REACH who="3" step="1"/><G120/><REACH who="3" ten="454,85,240,201" step="2"/><T14/><D75/><U125/><E125/><V6/><F6/><W117/><G117/><T57/><D96/><U33/><AGARI ba="0,2" hai="4,8,15,24,25,29,30,33,34,38,42,46,70,71" machi="33" ten="20,12000,1" yaku="1,1,0,1,7,1,9,1,53,1" doraHai="52" doraHaiUra="9" who="1" fromWho="1" sc="454,-40,85,140,240,-40,201,-40" /><INIT seed="1,1,0,0,0,113" ten="414,225,200,161" oya="1" hai0="14,117,74,83,33,50,4,23,135,110,37,1,98" hai1="57,8,34,20,71,53,86,126,49,119,58,29,76" hai2="70,62,48,131,80,93,64,100,78,46,111,15,36" hai3="107,96,10,27,89,95,120,105,43,109,32,69,90"/><U87/><E71/><V108/><F131/><W129/><G120/><T6/><D37/><U2/><E34/><V63/><F15/><W45/><G129/><T102/><D33/><U77/><E126/><V9/><F9/><W134/><G109/><N who="2" m="42057" /><F93/><W42/><G134/><T92/><D110/><U121/><E121/><V7/><F100/><W116/><G69/><T128/><D128/><U5/><E119/><V67/><F7/><W79/><G42/><T124/><D117/><U81/><E58/><N who="2" m="36951" /><F80/><W130/><G130/><T41/><D135/><U61/><E61/><V94/><F94/><W127/><G127/><T73/><D124/><U99/><E99/><V38/><F78/><W51/><G79/><T84/><D1/><U13/><E77/><V112/><F112/><W68/><G68/><T114/><D114/><U26/><REACH who="1" step="1"/><E2/><REACH who="1" ten="414,215,200,161" step="2"/><V40/><AGARI ba="1,1" hai="36,38,40,46,48,63,67,70" m="36951,42057" machi="40" ten="30,4000,0" yaku="14,1,34,2" doraHai="113" who="2" fromWho="2" sc="414,-11,215,-21,200,53,161,-11" /><INIT seed="2,0,0,1,3,130" ten="403,194,253,150" oya="2" hai0="84,54,8,111,15,132,29,3,101,124,82,123,119" hai1="98,61,100,78,131,90,107,22,74,108,94,91,27" hai2="75,58,7,96,134,80,12,120,20,19,65,49,95" hai3="127,32,40,129,118,103,77,10,4,31,36,63,9"/><V42/><F120/><W64/><G118/><T30/><D123/><U51/><E131/><V66/><F7/><W23/><G129/><T86/><D3/><U50/><E108/><V46/><F58/><W11/><G127/><T67/><D111/><U59/><E74/><V28/><F28/><W0/><G32/><T6/><D124/><U21/><E78/><V62/><F62/><W34/><G34/><T52/><D101/><U17/><E22/><V73/><F73/><W55/><G55/><T76/><D119/><U81/><E81/><V53/><F42/><W92/><G77/><T72/><D67/><U112/><E112/><V68/><F68/><W135/><G135/><T122/><D132/><U126/><E126/><V114/><F114/><W1/><G1/><T102/><D102/><U48/><REACH who="1" step="1"/><E107/><REACH who="1" ten="403,184,253,150" step="2"/><V110/><F110/><W43/><G23/><T89/><D122/><U14/><E14/><V2/><F2/><W104/><G104/><T93/><D72/><U47/><E47/><V44/><F44/><W109/><G109/><T13/><D13/><U99/><E99/><V115/><F115/><W24/><G0/><T35/><D35/><U38/><E38/><V79/><REACH who="2" step="1"/><F134/><REACH who="2" ten="403,184,243,150" step="2"/><W97/><G36/><T121/><D121/><U70/><E70/><V125/><F125/><W41/><G4/><T83/><D6/><U37/><E37/><V85/><F85/><W88/><G103/><AGARI ba="0,2" hai="12,19,20,46,49,53,65,66,75,79,80,95,96,103" machi="103" ten="30,2900,0" yaku="1,1,7,1,53,0" doraHai="130" doraHaiUra="69" who="2" fromWho="3" sc="403,0,184,0,243,49,150,-29" /><INIT seed="2,1,0,1,0,32" ten="403,184,292,121" oya="2" hai0="37,107,99,132,45,48,134,110,102,17,1,26,24" hai1="115,72,22,43,71,46,101,33,76,12,129,124,13" hai2="116,80,6,59,117,109,62,54,128,75,108,47,51" hai3="87,2,29,88,119,104,97,123,7,122,131,65,89"/><V58/><F6/><W103/><G119/><N who="2" m="45641" /><F80/><W8/><G131/><T98/><D110/><N who="2" m="42602" /><F75/><W14/><G89/><T53/><D37/><U20/><E76/><V90/><F90/><W66/><G29/><T70/><D70/><U64/><E72/><V118/><N who="2" m="45649" /><V68/><DORA hai="16" /><F128/><W4/><G4/><T61/><D61/><U125/><E101/><V60/><F60/><W25/><G25/><T18/><D98/><U57/><E115/><V21/><F21/><W81/><REACH who="3" step="1"/><G14/><REACH who="3" ten="403,184,292,111" step="2"/><T94/><D24/><U63/><E129/><V86/><F86/><W38/><G38/><T85/><D26/><U31/><E31/><V5/><F5/><W36/><G36/><T82/><D85/><U105/><E33/><V93/><F93/><W106/><G106/><T30/><D94/><U67/><E13/><V49/><F49/><W34/><G34/><T39/><D39/><U50/><E12/><V130/><F130/><W78/><G78/><T100/><D107/><U15/><E15/><V120/><F120/><AGARI ba="1,1" hai="2,7,8,65,66,81,87,88,97,103,104,120,122,123" machi="120" ten="40,5200,0" yaku="1,1,52,1,54,1,53,0" doraHai="32,16" doraHaiUra="40,27" who="3" fromWho="2" sc="403,0,184,0,292,-55,111,65" /><INIT seed="3,0,0,0,0,56" ten="403,184,237,176" oya="3" hai0="26,129,126,52,67,18,105,64,51,59,107,110,81" hai1="70,99,8,1,66,131,38,75,132,76,90,119,68" hai2="69,65,12,96,97,122,39,43,13,55,109,133,27" hai3="120,11,16,6,116,36,29,7,106,128,95,35,34"/><W30/><G106/><T134/><D110/><U53/><E119/><V74/><F109/><W44/><G116/><T130/><D81/><U88/><E131/><N who="0" m="50185" /><D134/><U33/><E132/><V37/><F133/><W32/><G120/><T57/><D126/><U40/><E33/><V101/><F74/><W114/><G128/><T100/><D100/><U115/><E53/><V80/><F55/><W111/><G114/><T72/><D72/><U71/><E115/><V54/><F54/><W17/><G95/><T42/><D42/><U10/><E66/><N who="0" m="25129" /><D59/><U3/><E99/><V45/><F80/><W20/><G44/><T92/><D92/><U123/><E123/><V83/><F83/><W24/><G36/><T103/><D103/><U77/><E75/><V14/><F39/><W125/><G111/><T127/><D127/><U124/><E40/><V19/><F122/><W58/><G58/><T121/><D121/><U104/><E38/><V41/><F41/><W86/><G86/><T15/><D26/><U113/><E124/><V62/><F101/><W0/><G125/><T23/><AGARI ba="0,0" hai="15,18,23,51,52,57,105,107" m="25129,50185" machi="23" ten="30,2000,0" yaku="19,1,54,1" doraHai="56" who="0" fromWho="0" sc="403,20,184,-5,237,-5,176,-10" /><INIT seed="4,0,0,5,2,96" ten="423,179,232,166" oya="0" hai0="30,5,34,46,83,18,117,88,118,105,116,42,63" hai1="47,103,60,113,66,98,53,92,52,14,11,43,0" hai2="72,31,59,99,126,50,119,100,125,35,67,104,97" hai3="81,85,49,62,93,33,71,19,79,115,56,38,130"/><T65/><D105/><U135/><E0/><V20/><F72/><W133/><G33/><T54/><D54/><U109/><E135/><V36/><F36/><W7/><G38/><T55/><D55/><U61/><E109/><V132/><F132/><W44/><G133/><T74/><D5/><U2/><E2/><V8/><F35/><W91/><G130/><T68/><D18/><U101/><E113/><V69/><F8/><W1/><G71/><T41/><D74/><U127/><E127/><V9/><F9/><W32/><G32/><T78/><D78/><U124/><E124/><N who="2" m="47723" /><F119/><W4/><G115/><T10/><D10/><U90/><E61/><N who="2" m="38335" /><F50/><W94/><G19/><T87/><REACH who="0" step="1"/><D46/><REACH who="0" ten="413,179,232,166" step="2"/><U112/><E112/><V40/><F40/><N who="3" m="24711" /><G1/><T121/><D121/><U84/><E53/><V6/><F6/><N who="3" m="2091" /><G79/><T48/><D48/><N who="1" m="28703" /><E43/><V23/><F31/><W13/><G13/><T76/><D76/><U107/><E107/><V25/><F25/><AGARI ba="0,1" hai="25,30,34,41,42,63,65,68,83,87,88,116,117,118" machi="25" ten="40,3900,0" yaku="1,1,54,1,53,0" doraHai="96" doraHaiUra="15" who="0" fromWho="2" sc="413,49,179,0,232,-39,166,0" /><INIT seed="4,1,0,1,3,35" ten="462,179,193,166" oya="0" hai0="52,45,135,119,36,8,13,38,5,124,134,26,65" hai1="64,89,88,118,15,110,23,93,72,68,54,17,78" hai2="24,115,91,46,22,84,1,56,127,19,122,28,75" hai3="34,16,123,82,69,37,27,55,129,108,66,60,81"/><T101/><D119/><U80/><E118/><V130/><F115/><W12/><G108/><T94/><D124/><U50/><E110/><V116/><F130/><W83/><G37/><T33/><D65/><U53/><E89/><V107/><F127/><W25/><G123/><T70/><D70/><U3/><E3/><V96/><F122/><W125/><G125/><T103/><D33/><U114/><E114/><V90/><F75/><W76/><G129/><T113/><D113/><U126/><E126/><V120/><F120/><W2/><G2/><T85/><D26/><U18/><E18/><V42/><F1/><W133/><G133/><N who="0" m="50699" /><D85/><U71/><E64/><V32/><F56/><W97/><G97/><N who="0" m="59575" /><D103/><U11/><E54/><V58/><F58/><W61/><G34/><T44/><D44/><U73/><E73/><V39/><F116/><W92/><G92/><T106/><D106/><U7/><E53/><V57/><F57/><W59/><REACH who="3" step="1"/><G76/><REACH who="3" ten="462,179,193,156" step="2"/><T95/><D95/><U6/><E50/><AGARI ba="1,1" hai="5,8,13,36,38,45,50,52" m="59575,50699" machi="50" ten="30,2900,0" yaku="20,1,54,1" doraHai="35" who="0" fromWho="1" sc="462,42,179,-32,193,0,156,0" /><INIT seed="4,2,0,2,1,124" ten="504,147,193,156" oya="0" hai0="14,63,115,66,125,65,23,131,37,128,95,20,109" hai1="110,10,49,7,112,47,72,9,85,91,50,132,4" hai2="121,133,88,30,87,3,8,74,84,40,120,41,58" hai3="96,31,35,76,105,93,56,86,38,1,114,123,44"/><T113/><D37/><U27/><E72/><V26/><F74/><W12/><G114/><N who="0" m="43531" /><D125/><U135/><E112/><V16/><F133/><N who="1" m="51273" /><E110/><V107/><F84/><W116/><G116/><T92/><D109/><U69/><E27/><V53/><F107/><W83/><G123/><T67/><D63/><U22/><E69/><V129/><F129/><N who="0" m="49738" /><D14/><N who="1" m="5415" /><E22/><AGARI ba="2,0" hai="20,22,23,65,66,67,92,95" m="49738,43531" machi="22" ten="40,18000,2" yaku="28,2,15,1,19,1,52,3" doraHai="124" who="0" fromWho="1" sc="504,186,147,-186,193,0,156,0" owari="690,79.0,-39,-54.0,193,-1.0,156,-24.0" /></mjloggm>