<mjloggm ver="2.3"><GO type="97" lobby="0"/><UN n0="%E3%83%96%E3%83%A9%E3%83%B3%E3%82%AD%E3%83%BC%E3%83%8E" n1="%E3%82%A6%E3%83%AB%E3%83%88%E3%83%A9%E7%AB%8B%E7%9B%B4" n2="%52%41%44%49%58" n3="%E3%82%86%E3%81%86%E3%81%98%E3%81%98" dan="14,13,14,13" rate="1979.43,1881.23,1834.09,1834.68" sx="M,M,M,M"/><TAIKYOKU oya="0"/><INIT seed="0,0,0,1,2,128" ten="250,250,250,250" oya="0" hai0="43,68,9,3,7,107,106,63,105,126,120,16,119" hai1="50,97,94,93,29,41,71,132,65,78,123,6,25" hai2="33,11,14,70,45,0,116,80,95,121,98,69,57" hai3="102,58,20,15,72,104,46,92,30,62,39,133,109"/><T18/><D119/><U12/><E123/><V83/><F121/><W100/><G109/><T79/><D120/><U54/><E41/><V122/><F122/><W99/><G72/><T4/><D126/><U36/><E36/><V49/><F0/><W31/><G102/><T40/><D79/><U114/><E78/><V66/><F33/><W37/><G104/><T42/><REACH who="0" step="1"/><D4/><REACH who="0" ten="240,250,250,250" step="2"/><U1/><E6/><V87/><F116/><W27/><G133/><T2/><D2/><U88/><E1/><V91/><F70/><W59/><G31/><T117/><D117/><U85/><E132/><V113/><F69/><W89/><G39/><T134/><D134/><U86/><E71/><V60/><F113/><W74/><G37/><T90/><D90/><U53/><E29/><V73/><F73/><W51/><G74/><T111/><D111/><U47/><E88/><V103/><F91/><W35/><G89/><T82/><D82/><U32/><E114/><V17/><REACH who="2" step="1"/><F87/><REACH who="2" ten="240,250,240,250" step="2"/><W23/><G35/><T22/><D22/><U75/><E85/><V56/><F56/><W34/><G58/><T127/><D127/><U8/><E86/><V55/><AGARI ba="0,2" hai="11,14,17,45,49,55,57,60,66,80,83,95,98,103" machi="55" ten="20,8000,1" yaku="1,1,0,1,7,1,8,1,53,1" doraHai="128" doraHaiUra="96" who="2" fromWho="2" sc="240,-40,250,-20,240,100,250,-20" /><INIT seed="1,0,0,2,3,52" ten="200,230,340,230" oya="1" hai0="116,0,32,56,79,8,98,21,103,42,69,77,122" hai1="49,90,125,109,16,124,43,114,111,94,132,17,121" hai2="97,89,61,73,5,115,112,62,51,64,66,101,28" hai3="83,18,57,50,59,96,104,48,80,127,3,71,39"/><U106/><E106/><V35/><F5/><W84/><G3/><T2/><D69/><U105/><E105/><V13/><F51/><W88/><G71/><T55/><D32/><U30/><E30/><V41/><F41/><W47/><G39/><T23/><D122/><U37/><E37/><V99/><F13/><W34/><G34/><T76/><D116/><U24/><E121/><V119/><F73/><W60/><G127/><N who="1" m="48714" /><E114/><V53/><F119/><W7/><G7/><T92/><D42/><U107/><E107/><V70/><F28/><W65/><G104/><T131/><D131/><U85/><E132/><V9/><F35/><W93/><G18/><N who="1" m="7274" /><E24/><V78/><F112/><W29/><G29/><T22/><REACH who="0" step="1"/><D8/><REACH who="0" ten="190,230,340,230" step="2"/><U135/><E135/><V117/><F9/><W33/><G33/><T36/><D36/><U14/><E14/><V10/><F10/><W72/><G47/><AGARI ba="0,1" hai="43,47,49,85,90,94,109,111" m="7274,48714" machi="47" ten="40,3900,0" yaku="18,1,54,1" doraHai="52" who="1" fromWho="3" sc="190,0,230,49,340,0,230,-39" /><INIT seed="1,1,0,1,3,58" ten="190,279,340,191" oya="1" hai0="43,107,32,127,80,116,87,124,1,4,86,74,118" hai1="113,50,64,10,20,2,125,97,51,21,16,73,94" hai2="132,114,76,7,120,28,122,0,18,38,17,35,131" hai3="47,83,121,68,45,111,126,133,3,61,44,103,67"/><U78/><E113/><V12/><F38/><W110/><G3/><T77/><D32/><U99/><E125/><N who="0" m="48201" /><D4/><U46/><E78/><V22/><F76/><W100/><G126/><T93/><D1/><U91/><E73/><V84/><F84/><W95/><G121/><T129/><D107/><U117/><E117/><N who="0" m="45161" /><D43/><U72/><E72/><V89/><F120/><W23/><G133/><T71/><D71/><U42/><E2/><V81/><F132/><W48/><G83/><T9/><D9/><U88/><E10/><V29/><F35/><W19/><G48/><T65/><D65/><U69/><E51/><V134/><F134/><W98/><REACH who="3" step="1"/><G103/><REACH who="3" ten="190,279,340,181" step="2"/><T135/><D135/><U39/><E39/><V62/><F0/><W75/><G75/><T57/><D129/><U41/><E50/><V34/><F131/><W101/><G101/><T63/><D93/><U128/><E128/><V25/><F122/><W79/><G79/><T85/><D74/><U70/><E94/><V59/><F114/><W26/><AGARI ba="1,1" hai="19,23,26,44,45,47,61,67,68,95,98,100,110,111" machi="26" ten="30,7900,0" yaku="1,1,0,1,52,1,53,1" doraHai="58" doraHaiUra="66" who="3" fromWho="3" sc="190,-21,279,-40,340,-21,181,92" /><INIT seed="2,0,0,2,1,19" ten="169,239,319,273" oya="2" hai0="91,83,79,130,9,70,53,34,36,126,115,65,48" hai1="96,73,33,23,58,71,45,102,77,109,5,0,32" hai2="84,116,62,30,124,132,135,8,51,61,122,108,120" hai3="7,78,129,93,72,68,134,12,87,131,16,60,18"/><V47/><F116/><W69/><G134/><N who="2" m="51241" /><F30/><W97/><G72/><T103/><D34/><U98/><E71/><V4/><F124/><W76/><G7/><T57/><D115/><U99/><E102/><V20/><F84/><W13/><G87/><T35/><D35/><U17/><E109/><V26/><F108/><W117/><G60/><N who="2" m="23145" /><F47/><W40/><G40/><T106/><D126/><U49/><E58/><V59/><F59/><W105/><G93/><T54/><D65/><U100/><E100/><V43/><F43/><W125/><G125/><T42/><D70/><U2/><E5/><V110/><F51/><W37/><G97/><T127/><D42/><U95/><E98/><V123/><F110/><W67/><G67/><T104/><D36/><U10/><E49/><V86/><F86/><W75/><G75/><T38/><D127/><U14/><E45/><V56/><F56/><W85/><G85/><N who="0" m="48383" /><D38/><U6/><E96/><V41/><F41/><W63/><G63/><N who="0" m="36271" /><D103/><U82/><E99/><V133/><F133/><W3/><G37/><T118/><D118/><U107/><E107/><V29/><F123/><W39/><G39/><T66/><D66/><U112/><E112/><V28/><F28/><W111/><G117/><T27/><D104/><U74/><E74/><V94/><F94/><W50/><G111/><T101/><D106/><U90/><E95/><V64/><F64/><W24/><G50/><T31/><D48/><U55/><E90/><V22/><F22/><W21/><G105/><T119/><D119/><U89/><E89/><V128/><F128/><W44/><G131/><RYUUKYOKU ba="0,0" sc="169,-10,239,-10,319,30,273,-10" hai2="4,8,20,26,29,120,122" /><INIT seed="2,1,0,4,5,49" ten="159,229,349,263" oya="2" hai0="121,112,89,15,107,97,57,71,94,91,106,85,60" hai1="16,0,88,24,103,7,19,72,30,122,95,55,116" hai2="10,9,68,22,4,87,126,92,17,47,115,98,13" hai3="109,26,104,96,53,131,113,5,132,1,62,133,111"/><V40/><F115/><W61/><G113/><T21/><D112/><U36/><E36/><V70/><F87/><W64/><G26/><T129/><D71/><U6/><E72/><V58/><F126/><W84/><G84/><T63/><D121/><U28/><E116/><V59/><F68/><W90/><G5/><N who="1" m="1546" /><E103/><V127/><F10/><W32/><G1/><T128/><D60/><U82/><E82/><V14/><F127/><W51/><G32/><T117/><D117/><U8/><E0/><V12/><F13/><W34/><G34/><T124/><D124/><U2/><E2/><V56/><F70/><W43/><G90/><T46/><D46/><U11/><E122/><V120/><F120/><W135/><G96/><T31/><D31/><N who="1" m="11819" /><E55/><V50/><F59/><N who="3" m="35055" /><G104/><T110/><D110/><U130/><E130/><V83/><F83/><W3/><G3/><T76/><D76/><U54/><E54/><V37/><F37/><W80/><G80/><T78/><D78/><U99/><E24/><V23/><REACH who="2" step="1"/><F22/><REACH who="2" ten="159,229,339,263" step="2"/><W93/><G131/><N who="0" m="50251" /><D21/><U108/><E108/><V42/><F42/><W65/><G109/><T77/><D15/><U66/><E8/><V125/><F125/><W45/><G111/><T123/><D123/><U105/><E11/><V33/><F33/><W75/><G75/><T48/><D77/><U79/><E79/><V101/><AGARI ba="1,1" hai="4,9,12,14,17,23,40,47,50,56,58,92,98,101" machi="101" ten="20,18000,2" yaku="1,1,0,1,7,1,8,1,53,2" doraHai="49" doraHaiUra="52" who="2" fromWho="2" sc="159,-61,229,-61,339,193,263,-61" /><INIT seed="2,2,0,4,4,50" ten="98,168,532,202" oya="2" hai0="118,7,76,33,127,68,42,103,107,16,23,30,89" hai1="40,25,81,80,123,131,109,15,83,64,31,28,117" hai2="55,4,26,94,56,86,34,67,92,62,47,57,0" hai3="95,22,66,126,24,128,87,120,41,17,134,36,119"/><V59/><F0/><W105/><G119/><T78/><D68/><U90/><E117/><V108/><F4/><W101/><G120/><T122/><D122/><U77/><E123/><V70/><F108/><W85/><G126/><T10/><D118/><U29/><E109/><V53/><F34/><W1/><G1/><T37/><D127/><U121/><E121/><V19/><F47/><W69/><G105/><T114/><D114/><U96/><E131/><V52/><F86/><W100/><G128/><T113/><D107/><U129/><E129/><V106/><F106/><W75/><G75/><T5/><D103/><U110/><E110/><V51/><F51/><W54/><G36/><T9/><D113/><U21/><E64/><V116/><F116/><W38/><G38/><T130/><D130/><U14/><E40/><V112/><F112/><W132/><G69/><T48/><D37/><U91/><E77/><V18/><REACH who="2" step="1"/><F26/><REACH who="2" ten="98,168,522,202" step="2"/><W88/><G24/><T20/><D33/><U8/><E15/><V84/><F84/><W6/><G87/><T63/><D48/><U93/><E25/><V125/><F125/><W61/><G85/><T97/><D5/><U32/><E32/><V3/><F3/><W79/><G6/><T73/><D7/><U102/><E14/><V35/><F35/><W65/><G79/><T133/><D73/><U98/><E98/><V135/><F135/><W82/><G132/><T124/><D133/><U43/><E96/><V72/><F72/><W71/><G134/><T44/><D97/><U111/><E111/><V2/><F2/><W39/><G39/><RYUUKYOKU ba="2,1" sc="98,-10,168,-10,522,30,202,-10" hai2="18,19,52,53,55,56,57,59,62,67,70,92,94" /><INIT seed="2,3,1,3,2,32" ten="88,158,552,192" oya="2" hai0="75,19,55,86,77,49,126,31,70,15,95,53,22" hai1="84,10,4,23,68,56,71,7,87,12,11,29,38" hai2="64,111,82,60,115,24,51,108,39,135,17,76,101" hai3="133,34,96,48,114,59,25,79,124,13,50,27,90"/><V122/><F122/><W130/><G114/><T132/><D132/><U57/><E23/><N who="2" m="13423" /><F115/><W67/><G133/><T1/><D126/><U44/><E44/><V36/><F135/><W6/><G124/><T93/><D70/><U0/><E29/><V104/><F51/><W72/><G79/><T109/><D109/><N who="2" m="42058" /><F101/><W121/><G72/><T74/><D1/><U107/><E107/><V105/><F82/><W20/><G50/><T46/><D31/><U54/><E12/><V88/><F88/><W52/><G48/><N who="0" m="28823" /><D75/><U30/><E30/><V131/><F131/><W97/><G90/><T117/><D74/><U62/><E62/><V18/><F76/><W40/><G97/><T106/><D106/><N who="2" m="41066" /><F18/><W110/><G96/><T102/><D117/><U120/><E120/><V3/><F3/><W41/><G110/><T83/><D102/><U9/><E0/><V28/><F28/><W113/><G113/><T134/><D134/><U112/><E112/><V66/><F66/><W47/><G67/><T58/><AGARI ba="3,1" hai="15,19,22,49,55,58,77,83,86,93,95" m="28823" machi="58" ten="30,1100,0" yaku="8,1" doraHai="32" who="0" fromWho="0" sc="88,30,158,-6,552,-8,192,-6" /><INIT seed="3,0,0,0,1,90" ten="118,152,544,186" oya="3" hai0="74,42,102,4,0,87,63,37,71,43,1,36,104" hai1="96,81,17,94,70,73,122,128,93,57,66,133,46" hai2="79,106,52,85,125,2,105,77,35,59,39,78,129" hai3="22,19,14,68,83,6,41,75,47,53,82,21,118"/><W103/><G118/><T30/><D87/><U119/><E70/><V16/><F39/><N who="0" m="14922" /><D42/><U11/><E122/><V109/><F109/><W33/><G33/><T56/><D43/><U115/><E94/><V40/><F2/><N who="0" m="1130" /><D4/><U55/><E57/><V9/><F35/><W76/><G83/><T13/><D13/><N who="1" m="7359" /><E119/><V89/><F40/><W135/><G68/><T29/><D56/><U44/><E66/><V92/><F129/><W20/><G41/><T134/><D134/><U64/><E133/><V123/><F125/><W91/><G6/><T25/><D25/><U12/><E128/><V24/><F123/><W80/><G103/><T107/><D102/><N who="1" m="60687" /><E64/><V100/><F100/><W65/><G65/><T15/><D15/><U51/><E12/><N who="2" m="7183" /><F105/><N who="0" m="40522" /><D63/><U5/><E5/><V3/><F3/><W88/><G135/><T32/><D30/><U111/><E111/><V117/><F106/><W69/><G14/><T8/><D8/><U58/><E46/><V112/><F117/><W97/><G19/><T98/><D98/><U120/><E44/><V116/><F116/><W28/><G97/><T7/><D7/><U113/><E120/><V67/><F67/><W26/><G47/><T131/><D131/><U108/><E108/><V23/><F24/><W130/><G26/><N who="0" m="18487" /><D71/><U38/><E38/><V54/><F23/><W45/><G22/><T31/><D31/><U132/><E132/><V127/><F59/><W86/><G21/><T121/><D121/><U124/><E124/><V27/><F27/><W126/><G69/><T101/><D101/><U18/><E18/><V110/><F110/><RYUUKYOKU ba="0,0" sc="118,15,152,15,544,-15,186,-15" hai0="74" hai1="51,55,58,73,81,113,115" owari="133,-37.0,167,-23.0,529,63.0,171,-3.0" /></mjloggm>