<mjloggm ver="2.3"><GO type="169" lobby="0"/><UN n0="%43%52%41%5A%59%42%45%45" n1="%E3%82%A6%E3%83%AB%E3%83%88%E3%83%A9%E7%AB%8B%E7%9B%B4" n2="%E3%82%B5%E3%83%B3%E3%83%9E%E9%81%93%E6%A5%BD%E4%BB%A3%E8%A1%A8" n3="%6C%62%69%72%64%31" dan="17,17,16,16" rate="2141.43,2120.04,2066.98,2111.99" sx="M,M,M,M"/><TAIKYOKU oya="0"/><INIT seed="0,0,0,5,5,2" ten="250,250,250,250" oya="0" hai0="82,84,93,47,28,6,23,18,91,103,33,113,0" hai1="19,26,78,65,25,119,22,64,48,126,132,123,69" hai2="15,66,104,106,45,115,111,131,70,92,32,133,74" hai3="12,101,5,80,58,57,62,117,53,86,1,127,79"/><T108/><D113/><U77/><E123/><V97/><F45/><W75/><G117/><T34/><D28/><U72/><E126/><V56/><F15/><W90/><G1/><T46/><D108/><U68/><E132/><V21/><F21/><W37/><G37/><T114/><D114/><U13/><E72/><V4/><F4/><W55/><G101/><T59/><D59/><U67/><E119/><V38/><F56/><W27/><G27/><N who="1" m="10250" /><E68/><V40/><F40/><W42/><G42/><T94/><D93/><U41/><E69/><V39/><F92/><W17/><G127/><T112/><D112/><U73/><E73/><V63/><F63/><W121/><G121/><T71/><D71/><U81/><E81/><V99/><F66/><W43/><G43/><T8/><D34/><U135/><E135/><V130/><F32/><W95/><G5/><T87/><D33/><U129/><E129/><V120/><F70/><W76/><G75/><T122/><D122/><U10/><E22/><V49/><F120/><W118/><G118/><T14/><REACH who="0" step="1"/><D103/><REACH who="0" ten="240,250,250,250" step="2"/><U52/><E41/><V128/><F115/><W107/><G107/><T9/><D9/><U11/><E11/><V20/><F131/><W88/><G95/><T85/><D85/><U54/><E54/><V36/><F128/><W125/><G125/><T96/><D96/><U110/><E110/><V61/><F111/><W3/><G86/><T124/><D124/><U109/><E109/><V83/><F106/><W100/><G100/><T60/><D60/><U30/><E30/><V29/><F29/><W31/><G31/><RYUUKYOKU ba="0,1" sc="240,15,250,15,250,-15,250,-15" hai0="0,6,8,14,18,23,46,47,82,84,87,91,94" hai1="10,13,19,48,52,64,65,67,77,78" /><INIT seed="0,1,1,3,2,51" ten="255,265,235,235" oya="0" hai0="88,99,129,116,32,121,113,13,26,84,10,110,25" hai1="56,93,101,125,123,124,50,31,49,76,34,14,82" hai2="96,17,28,106,94,46,131,12,39,122,16,19,64" hai3="127,40,29,20,109,9,18,48,67,78,65,11,126"/><T37/><D121/><U77/><E123/><V71/><F106/><W118/><G118/><T134/><D116/><U79/><E31/><V59/><F71/><W135/><G109/><T42/><D113/><U90/><E34/><V4/><F131/><W104/><G104/><T0/><D0/><U1/><E1/><V66/><F28/><W133/><G78/><T21/><D32/><U54/><E101/><V36/><F36/><W119/><G29/><T68/><D68/><U80/><E14/><V38/><F38/><W73/><G73/><T130/><D110/><U89/><E49/><V27/><F39/><W60/><G119/><T105/><D134/><N who="3" m="51209" /><G48/><T23/><D99/><U2/><E2/><V15/><F46/><W92/><G92/><N who="0" m="54279" /><D105/><U63/><E50/><V33/><F33/><W69/><G67/><N who="2" m="25641" /><F27/><N who="0" m="10250" /><D37/><U5/><E77/><V91/><F122/><W47/><G47/><T53/><D130/><U120/><E79/><V30/><F30/><W62/><G62/><T58/><D129/><U3/><E63/><V44/><F59/><W70/><G40/><T114/><D42/><U6/><E120/><V102/><F44/><W8/><G70/><T103/><D114/><U111/><E111/><V81/><F4/><W52/><G65/><T35/><D35/><U108/><E108/><V128/><F128/><W98/><G98/><T85/><D58/><U43/><E56/><V107/><F107/><W61/><G61/><T22/><D85/><AGARI ba="1,1" hai="12,15,16,17,19,81,85,91,94,96,102" m="25641" machi="85" ten="30,2000,0" yaku="8,1,54,1" doraHai="51" who="2" fromWho="0" sc="255,-23,265,0,235,33,235,0" /><INIT seed="1,0,0,4,1,67" ten="232,265,268,235" oya="1" hai0="29,44,57,133,9,104,32,40,87,18,105,127,10" hai1="20,111,115,17,36,72,42,47,21,116,108,68,31" hai2="69,84,78,119,103,55,100,45,77,129,30,73,16" hai3="34,26,118,81,59,131,28,98,85,35,83,74,64"/><U102/><E72/><V8/><F30/><W122/><G122/><T1/><D133/><U6/><E115/><V128/><F73/><W91/><G131/><N who="2" m="50249" /><F84/><W14/><G118/><T117/><D117/><U50/><E6/><V43/><F55/><W124/><G124/><T15/><D127/><U70/><E116/><V90/><F90/><W114/><G114/><T97/><D97/><U96/><E31/><V110/><F110/><N who="1" m="42025" /><E36/><N who="2" m="21735" /><F69/><N who="1" m="26729" /><E17/><V27/><F119/><W86/><G98/><T134/><D18/><U120/><E120/><V99/><F103/><W93/><G74/><T130/><D29/><U49/><E49/><V101/><F100/><W82/><G35/><T48/><D32/><U58/><E58/><V109/><F109/><W135/><G135/><T52/><D57/><U65/><E65/><V12/><F27/><W2/><G2/><T25/><D25/><U62/><E62/><V132/><F132/><W63/><REACH who="3" step="1"/><G14/><REACH who="3" ten="232,265,268,225" step="2"/><T107/><D15/><U37/><E37/><V24/><F24/><W4/><G4/><T112/><D1/><U23/><E96/><V92/><AGARI ba="0,1" hai="8,12,16,77,78,92,99,101" m="21735,50249" machi="92" ten="30,2000,0" yaku="19,1,54,1" doraHai="67" who="2" fromWho="2" sc="232,-5,265,-10,268,30,225,-5" /><INIT seed="2,0,0,0,3,84" ten="227,255,298,220" oya="2" hai0="126,76,46,78,40,111,41,12,115,105,132,0,75" hai1="114,17,50,49,24,116,98,80,94,93,117,28,26" hai2="16,97,127,5,9,81,7,2,70,10,29,32,67" hai3="61,122,129,128,21,20,85,27,45,23,95,120,36"/><V33/><F70/><W59/><G45/><T86/><D115/><U6/><E6/><V47/><F67/><W131/><G36/><T52/><D0/><U34/><E114/><V101/><F47/><W125/><G27/><T135/><D105/><U64/><E80/><V18/><F81/><W4/><G4/><T72/><D111/><U121/><E64/><V8/><F97/><W110/><G110/><T43/><D126/><U35/><E17/><N who="2" m="6763" /><F101/><W108/><G108/><T37/><D12/><U14/><E14/><N who="2" m="5391" /><F127/><W31/><G31/><T44/><D86/><U73/><E98/><V22/><F10/><W79/><G125/><T11/><D11/><U99/><E99/><V119/><F119/><W30/><G30/><T56/><D37/><U3/><E73/><N who="0" m="28233" /><D44/><U15/><E116/><V38/><F38/><W63/><G63/><N who="0" m="36231" /><D46/><U96/><E50/><V53/><F53/><N who="3" m="34031" /><G79/><T133/><AGARI ba="0,0" hai="40,41,43,76,78,132,133,135" m="36231,28233" machi="133" ten="40,2700,0" yaku="20,1,54,1" doraHai="84" who="0" fromWho="0" sc="227,27,255,-7,298,-13,220,-7" /><INIT seed="3,0,0,1,3,31" ten="254,248,285,213" oya="3" hai0="77,7,35,124,112,130,52,26,87,122,3,53,123" hai1="70,17,43,18,16,29,14,5,119,93,90,129,126" hai2="110,128,83,89,99,66,22,24,72,37,68,59,104" hai3="73,11,97,25,82,107,19,30,135,12,125,15,27"/><W10/><G107/><T36/><D36/><U1/><E70/><V102/><F37/><W80/><G97/><T58/><D130/><U63/><E1/><V75/><F110/><W34/><G82/><T92/><D124/><U56/><E129/><V64/><F68/><W103/><G103/><T85/><D53/><U109/><E109/><V115/><F115/><W65/><G65/><T98/><D112/><U0/><E0/><V32/><F64/><W78/><G125/><T94/><D92/><U91/><E119/><V96/><F32/><W131/><G131/><T57/><D57/><U50/><E29/><V45/><F45/><W132/><REACH who="3" step="1"/><G27/><REACH who="3" ten="254,248,285,203" step="2"/><T61/><D26/><U108/><E126/><V127/><F128/><W40/><G40/><T2/><D98/><U88/><E108/><V121/><F99/><W62/><G62/><T111/><D61/><U23/><E93/><V101/><F96/><W28/><G28/><T105/><D94/><U51/><E43/><V4/><F102/><W54/><G54/><T8/><D52/><N who="1" m="34183" /><E51/><V47/><F66/><W20/><G20/><T9/><D111/><U69/><E50/><V60/><F22/><W133/><G133/><T113/><D113/><U13/><E69/><V120/><F24/><W44/><G44/><T39/><D105/><U21/><E21/><V71/><F47/><W49/><G49/><T106/><D106/><U79/><E79/><V48/><F101/><W86/><G86/><T118/><D77/><U114/><E114/><V76/><F104/><W38/><G38/><T46/><D39/><U95/><E95/><RYUUKYOKU ba="0,1" sc="254,-15,248,15,285,-15,203,15" hai1="5,13,14,16,17,18,23,88,90,91" hai3="10,11,12,15,19,25,30,34,73,78,80,132,135" /><INIT seed="3,1,1,1,5,135" ten="239,263,270,218" oya="3" hai0="104,18,47,86,114,112,81,79,115,72,94,102,125" hai1="75,93,128,30,65,61,85,4,38,62,82,63,69" hai2="105,8,46,19,74,108,84,32,0,40,31,132,56" hai3="110,25,22,45,130,87,36,27,121,71,97,2,66"/><W127/><G121/><T122/><D122/><U43/><E128/><V68/><F68/><W33/><G130/><T59/><D47/><U106/><E106/><V80/><F108/><W37/><G2/><T5/><D5/><U13/><E75/><V98/><F56/><W55/><G66/><T60/><D59/><U76/><E30/><V24/><F84/><W64/><G64/><T88/><D60/><U35/><E35/><V54/><F54/><W44/><G71/><T91/><D18/><U20/><E43/><V111/><F19/><W23/><G87/><T53/><D53/><U118/><E38/><N who="2" m="21783" /><F111/><W95/><G110/><T96/><D91/><U11/><E118/><V48/><F48/><W52/><G95/><T129/><D129/><U34/><E34/><V117/><F98/><W133/><G33/><T57/><D57/><U28/><REACH who="1" step="1"/><E93/><REACH who="1" ten="239,253,270,218" step="2"/><V77/><F117/><W90/><G133/><T83/><D83/><U119/><E119/><V58/><F132/><W124/><G90/><T42/><D42/><U41/><E41/><V126/><F105/><W29/><G97/><T100/><D100/><U12/><E12/><V14/><F14/><W107/><G107/><T134/><D134/><U101/><E101/><V103/><F103/><W123/><G123/><T16/><D16/><U73/><E73/><V51/><F31/><AGARI ba="1,2" hai="22,23,25,27,29,31,36,37,44,45,52,55,124,127" machi="31" ten="25,12000,1" yaku="22,2,52,2,54,1" doraHai="135" who="3" fromWho="2" sc="239,0,253,0,270,-123,218,143" /><INIT seed="3,2,0,1,3,127" ten="239,253,147,361" oya="3" hai0="78,98,92,116,89,107,79,135,128,86,44,103,80" hai1="42,74,51,56,0,104,133,66,72,117,21,118,112" hai2="101,129,39,82,12,24,105,13,121,50,110,71,131" hai3="37,90,34,27,26,125,119,7,32,83,2,11,1"/><W96/><G37/><T85/><D44/><N who="1" m="26007" /><E104/><V62/><F39/><W46/><G119/><N who="1" m="45578" /><E0/><V87/><F110/><W114/><G114/><T5/><D116/><U115/><E21/><V48/><F121/><W102/><G125/><T17/><D5/><U77/><E133/><V8/><F24/><W93/><G2/><T16/><D135/><U43/><E77/><V123/><F123/><W57/><G46/><T97/><D128/><N who="2" m="49226" /><F13/><W20/><G27/><T68/><D68/><U61/><E43/><V59/><F71/><W134/><G134/><T4/><D4/><U22/><E22/><V6/><F101/><W52/><G83/><AGARI ba="2,0" hai="16,17,78,79,80,83,85,86,89,92,97,98,103,107" machi="83" ten="40,2600,0" yaku="9,1,54,1" doraHai="127" who="0" fromWho="3" sc="239,32,253,0,147,0,361,-32" /><INIT seed="4,0,0,1,4,13" ten="271,253,147,329" oya="0" hai0="129,35,86,131,21,1,52,74,54,100,39,113,127" hai1="104,121,26,125,77,71,28,3,0,41,82,79,24" hai2="32,105,37,130,2,102,72,70,60,34,120,48,75" hai3="97,135,46,106,107,85,96,134,33,89,108,103,88"/><T69/><D74/><U65/><E79/><V50/><F48/><W109/><G33/><N who="2" m="12905" /><F50/><W84/><G46/><T55/><D35/><U38/><E82/><V15/><F15/><W119/><REACH who="3" step="1"/><G103/><REACH who="3" ten="271,253,147,319" step="2"/><T6/><D100/><U63/><E41/><V116/><F102/><W87/><G87/><T66/><D39/><U58/><E38/><V16/><F37/><W92/><G92/><T4/><D86/><U25/><E125/><V110/><F75/><W53/><G53/><T133/><D127/><U98/><E98/><V57/><F72/><W122/><G122/><T128/><D133/><U118/><E121/><V5/><F120/><W19/><G19/><T90/><D90/><U23/><E118/><AGARI ba="0,1" hai="84,85,88,89,96,97,106,107,108,109,118,119,134,135" machi="118" ten="25,12000,2" yaku="1,1,22,2,34,3,54,1,53,0" doraHai="13" doraHaiUra="132" who="3" fromWho="1" sc="271,0,253,-120,147,0,319,130" /><INIT seed="5,0,0,4,2,33" ten="271,133,147,449" oya="1" hai0="45,98,113,22,36,78,19,10,31,53,70,89,56" hai1="32,102,20,87,82,21,121,120,75,83,37,73,96" hai2="134,16,27,91,131,97,109,60,106,6,68,44,26" hai3="18,119,8,130,39,79,52,47,30,55,115,35,1"/><U122/><E32/><V127/><F109/><W5/><G115/><T117/><D117/><U100/><E37/><V11/><F131/><W34/><G130/><T13/><D70/><U123/><N who="1" m="30720" /><DORA hai="104" /><U12/><E12/><V72/><F72/><N who="1" m="27721" /><E96/><V69/><F44/><W80/><G119/><T28/><D45/><U88/><E20/><V0/><F27/><W85/><G30/><T50/><D36/><U93/><E21/><V124/><F134/><W4/><G4/><T118/><D118/><U74/><N who="1" m="27729" /><U46/><DORA hai="40" /><E46/><V62/><F69/><W77/><G77/><T54/><D78/><U126/><E126/><N who="2" m="48171" /><F68/><W103/><G35/><T42/><D28/><U112/><E112/><V65/><F65/><W2/><G34/><T59/><D31/><U49/><E49/><V110/><F110/><W43/><G18/><T24/><D50/><U95/><E95/><N who="2" m="56575" /><F106/><W15/><G55/><T101/><D54/><U129/><E129/><V66/><F66/><W116/><G116/><T90/><D53/><U67/><E67/><V92/><F92/><W25/><G52/><T86/><D113/><U51/><E51/><V125/><N who="2" m="48179" /><V41/><DORA hai="132" /><F41/><W135/><G135/><T94/><D42/><U48/><E48/><V99/><F99/><W114/><G114/><T64/><D64/><U17/><E17/><V107/><F107/><W7/><G43/><T9/><D98/><U57/><E57/><V108/><F108/><W38/><G47/><T133/><D133/><U61/><E61/><V29/><F16/><W71/><G71/><T23/><D19/><RYUUKYOKU ba="0,0" sc="271,-15,133,15,147,15,449,-15" hai1="82,83,87,88,93,100,102" hai2="0,6,11,26,29,60,62" /><INIT seed="5,1,0,0,3,25" ten="256,148,162,434" oya="1" hai0="132,135,87,65,1,58,98,131,41,123,30,48,22" hai1="14,13,69,33,120,57,104,6,27,121,52,37,19" hai2="97,108,125,63,53,112,17,34,113,95,8,73,75" hai3="122,61,76,118,9,64,21,50,85,54,119,26,35"/><U24/><E69/><V28/><F108/><W12/><G35/><T66/><D1/><U29/><E37/><V7/><F17/><W91/><G76/><T46/><D131/><U4/><E104/><V70/><F70/><W109/><G109/><T59/><D123/><N who="1" m="47179" /><E52/><V107/><F53/><W71/><G122/><T92/><D87/><U88/><E88/><N who="2" m="55527" /><F63/><W32/><G32/><T103/><D135/><U114/><E57/><N who="0" m="21513" /><D132/><U127/><E127/><V38/><F107/><W99/><G99/><T51/><D51/><U67/><E67/><V84/><F84/><W116/><G54/><T126/><D126/><U128/><E128/><V16/><F38/><W111/><G50/><T101/><D101/><U2/><E114/><N who="2" m="44139" /><F7/><N who="1" m="2601" /><E2/><V77/><F77/><W23/><G111/><T79/><D79/><U105/><E105/><V106/><F106/><W89/><G89/><T20/><D66/><U124/><E124/><V15/><F125/><W86/><G86/><T94/><D65/><U133/><E133/><V56/><F56/><W82/><G26/><AGARI ba="1,0" hai="8,15,16,26,28,34,73,75" m="44139,55527" machi="26" ten="30,8000,1" yaku="15,1,11,1,52,1,54,2" doraHai="25" who="2" fromWho="3" sc="256,0,148,0,162,83,434,-83" /><INIT seed="6,0,0,4,4,20" ten="256,148,245,351" oya="2" hai0="67,104,109,55,47,88,121,63,76,26,110,73,91" hai1="28,61,90,102,45,116,83,113,5,97,96,50,74" hai2="135,95,54,120,129,49,117,106,14,92,86,125,48" hai3="64,118,7,56,24,77,119,115,99,19,53,44,9"/><V60/><F120/><W13/><G77/><T41/><D121/><U18/><E18/><V94/><F117/><W103/><G115/><T15/><D104/><U37/><E5/><V59/><F106/><W46/><G64/><T82/><D55/><U80/><E83/><V22/><F135/><W132/><G132/><T16/><D109/><U58/><E50/><N who="2" m="19563" /><F129/><W32/><G119/><T52/><D110/><U68/><E96/><V38/><F38/><W122/><G122/><T72/><D72/><U78/><E90/><N who="2" m="53335" /><F125/><W126/><G126/><T70/><D15/><U79/><E74/><V62/><F62/><W124/><G124/><T111/><D111/><U2/><E61/><V31/><F14/><W8/><G118/><T71/><D71/><U43/><E68/><V21/><F21/><N who="3" m="13375" /><G9/><T114/><D114/><U84/><E113/><V17/><F17/><W127/><G32/><T66/><D66/><U75/><E2/><V123/><F123/><W93/><G127/><T27/><D16/><U131/><E131/><V0/><F0/><W87/><G87/><T10/><D67/><U133/><E133/><V65/><F65/><W89/><G103/><T98/><D70/><U25/><E116/><V39/><F39/><W57/><G57/><N who="0" m="35239" /><D10/><U6/><E58/><V108/><F108/><W40/><G40/><T11/><D11/><U4/><E75/><V100/><F100/><W33/><G33/><T42/><D42/><U134/><E134/><V23/><F23/><W130/><G130/><T112/><D112/><U69/><E37/><V81/><F81/><W101/><G101/><RYUUKYOKU ba="0,0" sc="256,-15,148,-15,245,15,351,15" hai2="22,31,54,59,60,94,95" hai3="7,8,13,44,46,53,56,89,93,99" /><INIT seed="6,1,0,2,5,97" ten="241,133,260,366" oya="2" hai0="15,32,94,129,10,23,92,7,81,64,68,79,38" hai1="24,42,59,132,11,12,123,104,54,86,48,117,8" hai2="80,26,33,31,37,93,62,114,99,41,135,125,50" hai3="43,0,30,82,111,134,20,115,78,73,36,89,51"/><V61/><F37/><W52/><G111/><T85/><D32/><U98/><E117/><V57/><F135/><W100/><G134/><T118/><D38/><U95/><E132/><V84/><F125/><W53/><G0/><T4/><D118/><U67/><E123/><V56/><F114/><W29/><G115/><T112/><D112/><U107/><E11/><V1/><F1/><W65/><G65/><T63/><D129/><U116/><E116/><V121/><F121/><W45/><G53/><T90/><D4/><U120/><E120/><V102/><F57/><W35/><G35/><T124/><D124/><U13/><E13/><V19/><F19/><W110/><G110/><T18/><REACH who="0" step="1"/><D79/><REACH who="0" ten="231,133,260,366" step="2"/><U5/><E67/><V127/><F127/><W25/><G30/><T17/><D17/><U109/><E109/><V6/><F6/><W3/><G3/><AGARI ba="1,1" hai="3,7,10,15,18,23,63,64,68,81,85,90,92,94" machi="3" ten="30,3900,0" yaku="1,1,7,1,53,1" doraHai="97" doraHaiUra="66" who="0" fromWho="3" sc="231,52,133,0,260,0,366,-42" /><INIT seed="7,0,0,1,5,44" ten="283,133,260,324" oya="3" hai0="105,128,56,57,96,39,45,24,109,49,72,10,92" hai1="110,123,99,18,93,108,94,19,119,21,6,48,3" hai2="129,46,73,26,13,32,124,55,97,43,9,14,51" hai3="116,47,120,81,74,111,33,7,16,98,27,17,23"/><W70/><G70/><T86/><D109/><U103/><E123/><V30/><F129/><W85/><G120/><T38/><D72/><U84/><E119/><V78/><F124/><W80/><G116/><T25/><D105/><U63/><E6/><V68/><F68/><W1/><G33/><T29/><D128/><U112/><E3/><V75/><F78/><W4/><G111/><T67/><D86/><U37/><E37/><V65/><F65/><W59/><G1/><T115/><D115/><U15/><E112/><V130/><F13/><W5/><G74/><T52/><D10/><U0/><E0/><V91/><F130/><W34/><G34/><T61/><D56/><U106/><E63/><V95/><REACH who="2" step="1"/><F43/><REACH who="2" ten="283,133,250,324" step="2"/><W88/><G98/><T77/><D77/><U60/><E60/><V122/><F122/><W100/><G100/><N who="0" m="60423" /><D25/><U2/><E2/><V35/><F35/><W20/><G27/><T69/><D69/><U107/><E110/><V102/><F102/><W134/><G85/><T87/><D87/><U64/><E108/><V113/><F113/><W31/><G88/><T90/><D90/><U79/><E64/><V42/><F42/><W12/><G12/><T125/><D125/><U114/><E114/><V8/><F8/><W41/><G41/><T50/><D50/><U53/><E19/><AGARI ba="0,1" hai="9,14,19,26,30,32,46,51,55,73,75,91,95,97" machi="19" ten="30,3900,0" yaku="1,1,7,1,52,1,53,0" doraHai="44" doraHaiUra="71" who="2" fromWho="1" sc="283,0,133,-39,250,49,324,0" owari="283,-12.0,94,-41.0,299,10.0,324,43.0" /></mjloggm>