<mjloggm ver="2.3"><GO type="41" lobby="0"/><UN n0="%4B%42%43" n1="%E5%B0%B1%E6%B4%BB%E7%94%9F%40%E5%B7%9D%E6%9D%91%E8%BB%8D%E5%9B%A3" n2="%2E%44%49%56%41" n3="%E5%A1%9A%E6%9C%AC%E8%91%89%E5%AD%90" dan="15,13,14,15" rate="1964.92,1848.55,1964.65,1974.21" sx="M,M,M,F"/><TAIKYOKU oya="0"/><INIT seed="0,0,0,5,1,37" ten="250,250,250,250" oya="0" hai0="40,107,130,28,60,119,52,96,104,85,10,114,79" hai1="116,122,54,134,125,4,83,59,14,55,9,7,49" hai2="24,109,45,124,90,112,65,89,81,70,26,69,12" hai3="98,17,84,53,16,51,22,33,68,0,47,131,62"/><T20/><D119/><U73/><E122/><V129/><F109/><W101/><G33/><T80/><D114/><U39/><E116/><V74/><F112/><W120/><G120/><T57/><D10/><U113/><E39/><V1/><F1/><W76/><G0/><T64/><D64/><U56/><E113/><V100/><F100/><W31/><G131/><T86/><D86/><U106/><E106/><V67/><F124/><W121/><G121/><T115/><D115/><U93/><E134/><V135/><F129/><W18/><G68/><T133/><D96/><U6/><E125/><V123/><F123/><W50/><G62/><T41/><D130/><U63/><E73/><V127/><F127/><W58/><G31/><T44/><D44/><U75/><E75/><V72/><F45/><W118/><G118/><T3/><D3/><U82/><REACH who="1" step="1"/><E93/><REACH who="1" ten="250,240,250,250" step="2"/><V48/><F135/><W105/><G105/><T111/><D133/><U132/><E132/><V61/><F74/><W8/><G8/><T32/><D107/><U34/><E34/><V42/><F72/><W103/><G22/><T15/><D104/><U2/><E2/><V95/><F95/><W19/><N who="3" m="4608" /><DORA hai="27" /><W78/><G98/><T126/><D126/><U102/><E102/><N who="3" m="38922" /><G84/><T29/><D32/><U91/><E91/><V117/><F90/><W92/><G92/><T36/><D36/><U38/><E38/><V110/><F89/><W23/><G23/><T77/><D20/><U11/><E11/><V108/><F117/><W66/><G78/><T87/><D79/><U94/><E94/><V30/><F110/><RYUUKYOKU ba="0,1" sc="250,-10,240,30,250,-10,250,-10" hai1="4,6,7,9,14,49,54,55,56,59,63,82,83" /><INIT seed="1,1,1,4,3,26" ten="240,270,240,240" oya="1" hai0="105,77,104,108,22,44,81,48,65,28,68,29,2" hai1="115,5,47,53,117,94,12,134,45,120,132,106,21" hai2="109,3,6,78,127,35,15,56,18,131,126,42,83" hai3="87,1,62,71,70,52,57,73,34,103,9,63,20"/><U119/><E106/><V25/><F131/><W92/><G34/><T33/><D2/><U32/><E32/><V13/><F109/><W133/><G73/><T54/><D33/><U4/><E120/><V60/><F42/><W67/><G133/><N who="1" m="51306" /><E115/><V96/><F96/><W110/><G110/><T79/><D108/><U123/><E123/><V113/><F113/><W0/><G71/><T85/><D79/><U97/><E21/><V121/><F121/><W125/><G125/><T16/><D104/><U80/><E80/><V11/><F35/><W31/><G9/><T111/><D105/><U46/><E53/><N who="2" m="33807" /><F25/><W116/><G116/><N who="1" m="44618" /><E12/><V59/><F3/><W39/><G1/><T86/><D111/><U23/><E23/><V51/><F15/><W75/><G0/><T89/><D65/><U50/><E50/><V98/><F126/><W74/><G39/><T38/><D68/><U122/><E122/><V19/><F127/><W36/><G36/><T37/><D37/><U135/><N who="1" m="51314" /><U82/><DORA hai="101" /><E82/><V41/><F51/><W17/><G70/><T102/><D38/><U112/><E112/><V66/><F13/><W129/><G67/><T118/><D118/><U90/><AGARI ba="1,1" hai="4,5,45,46,47,90,94,97" m="44618,51314" machi="90" ten="50,2400,0" yaku="20,1" doraHai="26,101" who="1" fromWho="1" sc="240,-9,270,37,240,-9,240,-9" /><INIT seed="1,2,0,0,2,52" ten="231,307,231,231" oya="1" hai0="62,84,120,61,71,54,0,4,58,59,47,81,98" hai1="128,132,134,99,14,129,103,21,114,66,101,34,113" hai2="93,25,67,46,16,107,64,86,38,42,106,3,79" hai3="55,39,35,23,41,105,60,11,116,8,49,28,91"/><U36/><E36/><V1/><F3/><W135/><G105/><T104/><D71/><U5/><E34/><V20/><F1/><W13/><G35/><T80/><D47/><U22/><E66/><V111/><F111/><W6/><G135/><N who="1" m="51754" /><E5/><V131/><F131/><N who="1" m="50249" /><E14/><V10/><F10/><W26/><G116/><T89/><D81/><U119/><E119/><V72/><F67/><W56/><G39/><T17/><D17/><U65/><E65/><V102/><F64/><W75/><G11/><T88/><D104/><U43/><E43/><V53/><F107/><W108/><G108/><T97/><D89/><U121/><E99/><V32/><F106/><W122/><G41/><T37/><D37/><U78/><E78/><V69/><F69/><W85/><G13/><T44/><D44/><U73/><E73/><V90/><F32/><W127/><G75/><T133/><D133/><U27/><E27/><V92/><F72/><W118/><G118/><T109/><D109/><U68/><E68/><V57/><F79/><W123/><G6/><T82/><D4/><U115/><E121/><V130/><F130/><W95/><G122/><T12/><D0/><U124/><E124/><V96/><F38/><W126/><G123/><T24/><D120/><U2/><E2/><V76/><F76/><W9/><G126/><T50/><D24/><U18/><E18/><V33/><F33/><W19/><G127/><T70/><D12/><U30/><E30/><V51/><F42/><W40/><G19/><T94/><D70/><U63/><E63/><V83/><F46/><W87/><G87/><RYUUKYOKU ba="2,0" sc="231,-30,307,10,231,10,231,10" hai1="21,22,101,103,113,114,115" hai2="16,20,25,51,53,57,83,86,90,92,93,96,102" hai3="8,9,23,26,28,40,49,55,56,60,85,91,95" /><INIT seed="1,3,0,1,2,2" ten="201,317,241,241" oya="1" hai0="34,28,84,10,17,90,71,122,69,61,57,130,82" hai1="100,54,29,65,55,67,107,20,109,64,70,16,22" hai2="18,86,88,42,46,0,11,53,114,39,76,97,98" hai3="36,112,85,103,131,33,121,13,111,79,41,93,47"/><U102/><E70/><V129/><F129/><W115/><G121/><T30/><D130/><U56/><E107/><V60/><F114/><W26/><G131/><T80/><D30/><U51/><E109/><V48/><F76/><W78/><G111/><T77/><D28/><U83/><E83/><V117/><F117/><W45/><G26/><T119/><D34/><U95/><E95/><V38/><F38/><W62/><G33/><T135/><D119/><U113/><E113/><V23/><F11/><W8/><G45/><T99/><D99/><U44/><E29/><V31/><F0/><W96/><G62/><T89/><D89/><U81/><E81/><V126/><F126/><W7/><REACH who="3" step="1"/><G85/><REACH who="3" ten="201,317,241,231" step="2"/><T92/><D122/><U1/><E1/><V127/><F127/><W94/><G94/><T106/><D92/><U3/><E3/><V74/><F74/><W108/><G108/><T32/><D32/><U133/><E133/><V120/><F120/><W40/><G40/><T25/><D135/><U49/><REACH who="1" step="1"/><E22/><REACH who="1" ten="201,307,241,231" step="2"/><V132/><F132/><W101/><G101/><T50/><D106/><U35/><E35/><V52/><F31/><W43/><G43/><T116/><D116/><U4/><E4/><V128/><F128/><W66/><G66/><T134/><D134/><U24/><AGARI ba="3,2" hai="16,20,24,44,49,51,54,55,56,64,65,67,100,102" machi="24" ten="30,18000,2" yaku="1,1,0,1,8,1,54,1,53,3" doraHai="2" doraHaiUra="63" who="1" fromWho="1" sc="201,-63,307,209,241,-63,231,-63" /><INIT seed="1,4,0,4,3,73" ten="138,516,178,168" oya="1" hai0="100,84,43,42,15,27,45,68,69,72,111,31,76" hai1="29,19,56,90,117,66,120,4,40,125,21,118,67" hai2="8,107,134,14,122,6,96,89,33,99,82,24,87" hai3="127,92,110,48,101,3,10,88,32,98,104,38,133"/><U34/><E120/><V26/><F122/><W83/><G38/><T93/><D72/><U7/><E125/><V135/><F33/><W64/><G32/><T132/><D111/><U0/><E40/><V52/><F52/><W17/><G110/><T20/><D132/><N who="2" m="50730" /><F107/><W129/><G133/><T63/><D43/><U81/><E34/><V123/><F123/><W54/><G129/><T121/><D121/><U71/><E71/><V109/><F109/><W39/><G39/><T28/><D28/><U91/><E29/><V1/><F1/><W51/><G64/><T130/><D130/><U44/><E44/><V30/><F30/><W49/><G127/><T115/><D115/><U80/><E56/><V58/><F58/><W94/><G54/><T124/><D124/><U18/><E21/><V102/><F102/><W59/><G59/><T62/><D69/><U103/><E103/><V75/><F75/><W65/><G65/><T131/><D68/><U57/><E57/><V95/><F99/><W86/><REACH who="3" step="1"/><G3/><AGARI ba="4,0" hai="0,3,4,7,18,19,66,67,80,81,90,91,117,118" machi="3" ten="25,2400,0" yaku="22,2" doraHai="73" who="1" fromWho="3" sc="138,0,516,36,178,0,168,-36" /><INIT seed="1,5,0,2,2,53" ten="138,552,178,132" oya="1" hai0="46,37,7,126,71,26,29,45,130,3,17,4,65" hai1="93,117,60,128,96,104,67,42,2,135,31,39,116" hai2="66,14,23,63,112,13,59,33,15,57,129,40,92" hai3="5,72,91,79,21,111,64,38,76,0,84,18,10"/><U124/><E2/><V25/><F33/><W99/><G111/><T77/><D130/><U56/><E104/><V105/><F105/><W83/><G38/><T132/><D126/><U133/><E31/><N who="2" m="17855" /><F129/><W27/><G72/><T47/><D132/><N who="1" m="50763" /><E124/><V119/><F119/><N who="1" m="45641" /><E128/><V74/><F74/><W109/><G109/><T118/><D118/><U108/><E108/><V110/><F110/><W16/><G64/><T134/><D134/><U12/><E12/><V1/><F1/><W51/><G51/><T19/><D37/><U120/><E120/><V43/><F112/><W101/><REACH who="3" step="1"/><G18/><REACH who="3" ten="138,552,178,122" step="2"/><T97/><D19/><U100/><E42/><N who="2" m="15915" /><F66/><W95/><AGARI ba="5,1" hai="0,5,10,16,21,27,76,79,83,84,91,95,99,101" machi="95" ten="20,8000,1" yaku="1,1,0,1,7,1,54,1,53,1" doraHai="53" doraHaiUra="32" who="3" fromWho="3" sc="138,-25,552,-45,178,-25,122,105" /><INIT seed="2,0,0,3,4,42" ten="113,507,153,227" oya="2" hai0="128,59,76,87,81,54,135,58,8,89,23,35,97" hai1="79,32,31,129,78,3,90,26,47,33,9,49,118" hai2="93,72,71,106,109,10,28,92,61,53,67,123,38" hai3="96,95,69,107,65,124,74,12,5,131,51,75,7"/><V120/><F106/><W100/><G124/><T133/><D35/><U25/><E118/><V101/><F72/><W27/><G131/><T104/><D8/><U110/><E110/><V13/><F109/><W68/><G68/><T0/><D0/><U64/><E64/><V117/><F117/><W29/><G51/><N who="0" m="31071" /><D23/><U116/><E116/><V46/><F28/><W2/><G12/><T127/><D59/><U57/><E57/><V132/><F132/><N who="0" m="50762" /><D127/><U52/><E129/><V62/><F62/><N who="3" m="40119" /><G95/><N who="0" m="56559" /><D128/><U84/><E26/><V4/><F101/><W73/><G2/><T103/><D103/><U80/><E33/><AGARI ba="0,0" hai="5,7,27,29,33,73,74,75,96,100,107" m="40119" machi="33" ten="30,1000,0" yaku="25,1" doraHai="42" who="3" fromWho="1" sc="113,0,507,-10,153,0,227,10" /><INIT seed="3,0,0,4,1,125" ten="113,497,153,237" oya="3" hai0="110,57,116,20,120,84,82,129,96,10,11,115,100" hai1="80,63,89,94,123,71,55,119,25,101,134,12,39" hai2="58,1,126,0,59,51,113,98,9,50,69,62,24" hai3="17,7,77,54,128,104,47,93,68,33,74,112,19"/><W21/><G104/><T72/><D120/><U14/><E123/><V133/><F113/><W127/><G33/><T79/><D116/><U27/><E119/><V114/><F114/><W52/><G112/><T118/><D115/><U109/><E109/><V78/><F133/><W40/><G68/><T130/><D118/><U18/><E134/><V106/><F78/><W34/><G34/><T90/><D57/><U8/><E39/><V41/><F24/><W32/><G32/><T2/><D20/><U37/><E37/><V117/><F126/><W15/><G127/><T103/><D2/><U48/><E63/><V46/><F117/><W35/><G35/><T42/><D42/><U22/><E71/><V81/><F81/><W85/><G74/><T87/><D11/><U64/><E80/><V111/><F111/><W75/><G75/><T131/><D10/><U132/><E101/><N who="0" m="38985" /><D110/><U38/><E64/><N who="2" m="41111" /><F98/><W102/><G7/><T6/><D6/><N who="1" m="3095" /><E38/><N who="2" m="21815" /><F106/><W4/><G4/><T60/><D60/><U88/><E132/><V61/><F9/><W66/><G66/><T121/><D121/><U91/><E94/><AGARI ba="0,0" hai="72,79,82,84,87,90,94,96,129,130,131" m="38985" machi="94" ten="40,12000,2" yaku="19,1,34,2,52,3" doraHai="125" who="0" fromWho="1" sc="113,120,497,-120,153,0,237,0" /><INIT seed="4,0,0,2,0,96" ten="233,377,153,237" oya="0" hai0="95,16,19,84,116,9,93,104,114,39,45,12,85" hai1="5,117,102,112,68,113,43,18,79,25,81,76,21" hai2="50,6,82,59,17,42,46,32,72,108,61,4,31" hai3="73,1,119,129,34,13,118,48,109,132,88,91,55"/><T44/><D116/><U120/><E68/><V20/><F108/><W130/><G1/><T106/><D114/><N who="1" m="44139" /><E120/><V30/><F72/><W7/><G34/><T67/><D67/><U33/><E117/><N who="3" m="44554" /><G73/><T89/><D39/><U99/><E5/><N who="2" m="2155" /><F82/><W41/><G41/><T63/><D63/><U29/><E43/><V27/><F32/><W115/><G109/><T74/><D74/><U62/><E62/><V49/><F49/><W71/><G71/><T47/><D19/><U83/><E83/><V22/><F22/><W15/><G115/><T52/><D52/><AGARI ba="0,0" hai="17,20,27,30,31,42,46,50,52,59,61" m="2155" machi="52" ten="30,2000,0" yaku="8,1,54,1" doraHai="96" who="2" fromWho="0" sc="233,-20,377,0,153,20,237,0" /><INIT seed="5,0,0,0,5,15" ten="213,377,173,237" oya="1" hai0="36,7,29,60,84,51,49,83,43,34,65,127,37" hai1="67,13,120,95,19,130,28,87,125,113,45,56,64" hai2="14,103,22,107,47,88,46,58,132,10,6,111,59" hai3="50,4,85,102,86,126,96,78,134,30,116,75,1"/><U2/><E2/><V121/><F121/><W128/><G30/><T63/><D127/><U69/><E120/><V123/><F111/><W32/><G32/><T39/><D7/><U53/><E113/><V117/><F117/><W93/><G50/><T73/><D73/><U105/><E105/><V112/><F112/><W38/><G38/><T91/><D43/><U76/><E69/><V5/><F132/><W57/><G57/><N who="2" m="21513" /><F107/><N who="3" m="63943" /><G4/><N who="2" m="1641" /><F103/><W119/><G1/><T24/><REACH who="0" step="1"/><D63/><REACH who="0" ten="203,377,173,237" step="2"/><U33/><E125/><V124/><F123/><W12/><G126/><T133/><D133/><U25/><E130/><V106/><F124/><W68/><G128/><T110/><D110/><U99/><E67/><V98/><F106/><W41/><G134/><T89/><D89/><U18/><E64/><V20/><F10/><W77/><G41/><T26/><D26/><U0/><E0/><V70/><F70/><AGARI ba="0,1" hai="24,29,34,36,37,39,49,51,60,65,70,83,84,91" machi="70" ten="40,1300,0" yaku="1,1,53,0" doraHai="15" doraHaiUra="90" who="0" fromWho="2" sc="203,23,377,0,173,-13,237,0" /><INIT seed="6,0,0,4,2,76" ten="226,377,160,237" oya="2" hai0="47,93,6,82,34,62,2,80,1,79,112,27,131" hai1="78,115,88,60,103,126,9,38,30,56,83,13,19" hai2="69,39,68,41,33,132,123,109,42,54,108,127,114" hai3="121,130,28,105,98,43,4,97,125,102,49,48,92"/><V75/><F33/><W86/><G121/><T64/><D112/><U20/><E38/><V46/><F75/><W89/><G130/><T3/><D131/><U17/><E115/><V11/><F123/><W53/><G125/><T35/><D6/><U52/><E126/><V113/><F11/><W116/><G116/><T58/><D47/><U45/><E103/><V100/><F100/><W63/><G4/><T118/><D118/><U22/><E30/><V24/><F127/><W124/><G124/><T14/><D14/><U61/><E45/><N who="2" m="23743" /><F24/><W25/><G43/><T10/><D10/><U106/><E106/><V29/><F29/><W50/><G63/><T66/><D66/><U36/><E36/><N who="2" m="21831" /><F54/><W72/><G72/><T0/><D79/><U129/><E129/><V44/><F44/><W120/><G120/><T117/><D117/><U96/><E61/><V95/><F95/><W74/><G74/><T135/><D93/><N who="1" m="56359" /><E19/><V7/><F7/><W84/><REACH who="3" step="1"/><G53/><REACH who="3" ten="226,377,160,227" step="2"/><T57/><D62/><U111/><E111/><N who="2" m="42571" /><F132/><W70/><G70/><AGARI ba="0,1" hai="68,69,70,113,114" m="42571,21831,23743" machi="70" ten="30,11600,0" yaku="10,1,23,1,34,2" doraHai="76" who="2" fromWho="3" sc="226,0,377,0,160,126,227,-116" /><INIT seed="6,1,0,5,2,14" ten="226,377,286,111" oya="2" hai0="45,134,20,25,95,102,48,122,98,4,84,41,93" hai1="50,71,101,58,80,65,79,69,107,63,132,96,89" hai2="91,8,5,42,44,57,121,82,21,24,77,114,133" hai3="9,112,51,54,29,108,72,19,30,81,0,85,128"/><V73/><F114/><W124/><G108/><T119/><D122/><U120/><E120/><V68/><F68/><W127/><G72/><T110/><D110/><U131/><E131/><V2/><F133/><W26/><G112/><T106/><D134/><U126/><E132/><V97/><F57/><W116/><G116/><T103/><D119/><U53/><E126/><V11/><F121/><W92/><G128/><T62/><D4/><U40/><E89/><V7/><F91/><W67/><G67/><T34/><D34/><U17/><E40/><V60/><F60/><W33/><G92/><T16/><D102/><U56/><E17/><V35/><F97/><W23/><G0/><T117/><D117/><U70/><E58/><V76/><F35/><W10/><G10/><T130/><D130/><U111/><E111/><V15/><F77/><W94/><G94/><T38/><D62/><U36/><E36/><N who="2" m="21575" /><F21/><W52/><G9/><T129/><D129/><U46/><E46/><V47/><F47/><W88/><G54/><T86/><D38/><U22/><E22/><V66/><F24/><W3/><G3/><T99/><D99/><U32/><E32/><V13/><F13/><W59/><REACH who="3" step="1"/><G30/><REACH who="3" ten="226,377,286,101" step="2"/><T78/><D95/><U75/><AGARI ba="1,1" hai="50,53,56,63,65,69,70,71,75,79,80,96,101,107" machi="75" ten="20,1500,0" yaku="0,1,7,1" doraHai="14" who="1" fromWho="1" sc="226,-5,377,28,286,-8,101,-5" /><INIT seed="7,0,0,5,4,57" ten="221,405,278,96" oya="3" hai0="34,71,128,50,48,132,24,60,109,73,126,98,87" hai1="82,113,54,118,51,36,111,67,46,116,127,79,68" hai2="15,10,40,121,91,66,28,90,22,62,88,35,55" hai3="2,78,7,89,63,72,92,94,43,115,39,114,106"/><W96/><G43/><T23/><D109/><U21/><E111/><V37/><F35/><W14/><G39/><T104/><D73/><N who="1" m="43375" /><E127/><V9/><F66/><W81/><G2/><T41/><D128/><U129/><E129/><V125/><F121/><W19/><G7/><T93/><D34/><U0/><E0/><V47/><F125/><W20/><G106/><T5/><D126/><U75/><E75/><V6/><F10/><W44/><G44/><T58/><D132/><U133/><E133/><V8/><F8/><W1/><G1/><T84/><D104/><U64/><E68/><V95/><F28/><W86/><REACH who="3" step="1"/><G63/><REACH who="3" ten="221,405,278,86" step="2"/><T77/><D5/><U52/><E36/><V74/><F37/><W97/><G97/><T105/><D105/><U27/><E113/><V17/><F40/><W11/><G11/><T70/><D41/><U107/><E107/><V135/><F47/><W102/><AGARI ba="0,1" hai="14,19,20,72,78,81,86,89,92,94,96,102,114,115" machi="102" ten="30,3000,0" yaku="1,1,0,1,53,0" doraHai="57" doraHaiUra="117" who="3" fromWho="3" sc="221,-10,405,-10,278,-10,86,40" /><INIT seed="7,1,0,4,0,123" ten="211,395,268,126" oya="3" hai0="107,31,56,81,26,132,60,90,13,72,61,7,100" hai1="121,15,98,127,101,88,33,44,95,119,125,27,75" hai2="30,83,8,113,62,130,126,104,58,12,22,18,114" hai3="108,11,76,120,116,89,134,41,59,97,21,5,102"/><W46/><G116/><T80/><D132/><U2/><E2/><V0/><F104/><W105/><G120/><T96/><D72/><U68/><E68/><V93/><F126/><N who="1" m="48137" /><E75/><V14/><F130/><W19/><G134/><T71/><D71/><U67/><E67/><N who="2" m="39383" /><F83/><W129/><G129/><T91/><D81/><U133/><E133/><V55/><F55/><W51/><G76/><T50/><D50/><U66/><E66/><V73/><F73/><W111/><G89/><T110/><D80/><U87/><E27/><V84/><F0/><W17/><G59/><T38/><D38/><U20/><E33/><V79/><F30/><W69/><G69/><T112/><D112/><BYE who="0" /><N who="2" m="43114" /><F79/><W94/><G105/><T78/><D78/><U23/><E119/><V65/><F65/><W131/><G131/><T103/><D103/><U63/><E63/><V40/><F40/><W82/><G82/><T85/><D85/><U39/><E121/><V34/><F34/><W47/><G47/><T48/><D48/><U45/><E39/><V35/><F35/><W24/><REACH who="3" step="1"/><G5/><REACH who="3" ten="211,395,268,116" step="2"/><T4/><D4/><U99/><E45/><V74/><F74/><W42/><G42/><T77/><D77/><U32/><E44/><V9/><F93/><W128/><G128/><T117/><D117/><U92/><E101/><V52/><F84/><W3/><G3/><T54/><D54/><U29/><E87/><V86/><F52/><W118/><G118/><T115/><D115/><U57/><E88/><V49/><F86/><W6/><G6/><T25/><D25/><U122/><E92/><V28/><F14/><AGARI ba="1,1" hai="11,14,17,19,21,24,41,46,51,94,97,102,108,111" machi="14" ten="40,12000,1" yaku="1,1,6,1,52,2,53,1" doraHai="123" doraHaiUra="37" who="3" fromWho="2" sc="211,0,395,0,268,-123,116,133" /><INIT seed="7,2,0,3,0,83" ten="211,395,145,249" oya="3" hai0="68,36,117,48,101,97,56,59,4,28,108,17,33" hai1="11,85,21,18,32,42,66,0,122,16,133,126,134" hai2="2,103,132,82,89,131,15,20,65,90,62,35,98" hai3="95,94,76,55,60,130,124,44,84,58,96,81,114"/><W77/><G114/><T57/><D57/><U135/><E32/><V50/><F2/><W9/><G130/><T71/><D71/><U116/><E116/><V53/><F131/><W115/><G115/><T70/><D70/><U26/><E122/><V52/><F35/><W87/><G124/><T99/><D99/><U67/><E126/><V128/><F128/><W40/><G9/><T120/><D120/><U37/><E85/><N who="3" m="32842" /><G81/><T47/><D47/><N who="1" m="24015" /><E0/><V100/><F132/><W80/><G80/><T39/><D39/><U72/><E72/><V129/><F129/><W92/><G96/><T74/><D74/><U104/><E104/><V88/><F82/><W127/><G127/><T63/><D63/><U3/><E3/><V69/><F50/><AGARI ba="2,0" hai="40,44,50,55,58,60,76,77,92,94,95" m="32842" machi="50" ten="30,11600,0" yaku="8,1,52,3" doraHai="83" who="3" fromWho="2" sc="211,0,395,0,145,-122,249,122" /><INIT seed="7,3,0,0,1,64" ten="211,395,23,371" oya="3" hai0="117,39,90,109,44,95,66,6,38,71,113,37,61" hai1="14,35,120,81,2,9,97,93,92,99,134,87,17" hai2="16,70,65,28,41,106,55,18,36,56,33,103,19" hai3="79,4,48,47,91,52,12,129,40,116,112,73,68"/><W123/><G116/><T31/><D31/><U32/><E134/><V49/><F103/><W72/><G123/><T104/><D104/><U54/><E120/><V105/><F105/><W133/><G68/><T89/><D89/><N who="1" m="51439" /><E2/><V3/><F3/><W101/><G101/><T67/><D67/><U135/><E35/><V115/><F115/><W21/><G112/><T111/><D111/><U53/><E32/><V46/><F106/><W94/><G133/><T7/><D7/><U98/><E135/><V126/><F126/><W80/><G73/><T8/><D8/><U114/><E114/><V131/><F131/><W75/><G75/><T86/><D86/><U88/><E93/><V127/><F127/><W128/><G40/><T50/><D50/><U74/><E74/><V30/><REACH who="2" step="1"/><F33/><REACH who="2" ten="211,395,13,371" step="2"/><W84/><REACH who="3" step="1"/><G21/><REACH who="3" ten="211,395,13,361" step="2"/><T60/><D60/><AGARI ba="3,2" hai="16,18,19,28,30,36,41,46,49,55,56,60,65,70" machi="60" ten="40,12000,2" yaku="1,1,2,1,24,2,52,1,54,1,53,0" doraHai="64" doraHaiUra="5" who="2" fromWho="0" sc="211,-129,395,0,13,149,361,0" owari="82,-42.0,395,50.0,162,-24.0,361,16.0" /></mjloggm>