<mjloggm ver="2.3"><GO type="41" lobby="0"/><UN n0="%E3%82%A6%E3%83%AB%E3%83%88%E3%83%A9%E7%AB%8B%E7%9B%B4" n1="%74%61%73%75%6B%75%35%32" n2="%E9%9B%AA%E5%A5%88%E2%99%AA" n3="%4B%E3%80%82" dan="15,15,13,15" rate="2006.39,2028.54,1927.37,2082.59" sx="M,M,F,M"/><TAIKYOKU oya="0"/><INIT seed="0,0,0,4,5,48" ten="250,250,250,250" oya="0" hai0="70,101,64,53,106,61,9,94,18,76,24,122,44" hai1="20,62,51,133,55,17,49,129,73,95,34,46,13" hai2="66,54,78,35,103,14,134,117,88,57,40,116,16" hai3="91,5,43,111,58,130,25,121,87,128,1,39,98"/><T81/><D122/><U125/><E125/><V50/><F35/><W7/><G121/><T0/><D106/><U72/><E133/><V110/><F110/><W11/><G111/><T41/><D94/><U108/><E108/><V67/><F134/><W65/><G5/><T105/><D101/><U77/><E129/><N who="3" m="49770" /><G25/><T29/><D105/><U82/><E34/><V93/><F103/><W30/><G30/><T120/><D120/><U10/><E62/><V113/><F78/><W80/><G98/><T89/><D89/><U99/><E51/><V69/><F113/><W33/><G33/><T27/><D29/><U71/><E71/><V127/><F69/><W124/><G124/><T92/><D92/><U3/><E3/><V119/><F40/><W96/><G96/><T6/><D53/><U75/><REACH who="1" step="1"/><E20/><REACH who="1" ten="250,240,250,250" step="2"/><N who="2" m="11287" /><F127/><W60/><G43/><T114/><D114/><U8/><E8/><V31/><F31/><W85/><G39/><T2/><D2/><U84/><E84/><AGARI ba="0,1" hai="50,54,57,66,67,84,88,93,116,117,119" m="11287" machi="84" ten="30,8000,1" yaku="25,1,12,1,52,1,54,2" doraHai="48" who="2" fromWho="1" sc="250,0,240,-80,250,90,250,0" /><AGARI ba="0,0" hai="1,7,11,58,60,65,80,84,85,87,91" m="49770" machi="84" ten="30,1000,0" yaku="19,1" doraHai="48" who="3" fromWho="1" sc="250,0,160,-10,340,0,250,10" /><INIT seed="1,0,0,1,1,8" ten="250,150,340,260" oya="1" hai0="130,80,104,115,59,87,56,66,69,79,126,96,15" hai1="134,76,84,47,18,16,38,75,2,58,103,64,51" hai2="12,116,106,74,55,119,35,77,111,81,28,93,125" hai3="131,25,120,98,70,124,113,42,63,52,90,94,19"/><U99/><E134/><V45/><F106/><W100/><G120/><T48/><D115/><U127/><E75/><V9/><F111/><W109/><G113/><T39/><D39/><U22/><E127/><V114/><F114/><W32/><G124/><T4/><D126/><U5/><E38/><V54/><F35/><W3/><G3/><T10/><D130/><U41/><E2/><V132/><F28/><W13/><G109/><T82/><D69/><U1/><E18/><V29/><F29/><W107/><G131/><T7/><D66/><U83/><E1/><V73/><F73/><W88/><G42/><T0/><D0/><U60/><E5/><V57/><F132/><W30/><G94/><T27/><D82/><U135/><E135/><V23/><F23/><N who="3" m="11759" /><G52/><T40/><D27/><U43/><E99/><V89/><F125/><W49/><G49/><T97/><D7/><U123/><E123/><V53/><F45/><W65/><AGARI ba="0,0" hai="25,30,32,63,65,70,88,90,98,100,107" m="11759" machi="65" ten="30,4000,0" yaku="25,1,52,1,54,1" doraHai="8" who="3" fromWho="3" sc="250,-10,150,-20,340,-10,260,40" /><INIT seed="2,0,0,4,1,35" ten="240,130,330,300" oya="2" hai0="113,23,39,129,96,71,114,92,133,130,120,62,100" hai1="30,38,43,80,94,69,33,83,32,118,51,6,128" hai2="109,36,102,135,12,89,111,98,41,125,58,110,79" hai3="70,24,67,57,103,105,25,42,34,50,22,108,13"/><V106/><F36/><W124/><G124/><T16/><D39/><U121/><E128/><N who="0" m="49257" /><D120/><U127/><E127/><V3/><F41/><W78/><G108/><T76/><D76/><U75/><E121/><V20/><F125/><W37/><G78/><T7/><D7/><U9/><E118/><V97/><F12/><W101/><G13/><N who="0" m="9615" /><D133/><U115/><E69/><V46/><F46/><W52/><G34/><T87/><D87/><U49/><E115/><V5/><F20/><W19/><G25/><T91/><D91/><U134/><E134/><V117/><F135/><W4/><G4/><T104/><D104/><U27/><E33/><V48/><F117/><W95/><G105/><T81/><D81/><U132/><E132/><V21/><F21/><W18/><G18/><T99/><D99/><U84/><E80/><V29/><F29/><W86/><G86/><T131/><N who="0" m="49265" /><T56/><DORA hai="90" /><D71/><U14/><E94/><N who="2" m="56527" /><F79/><W8/><G95/><T44/><D44/><U112/><E112/><V15/><F5/><W55/><G70/><T85/><D85/><U28/><E28/><V45/><F45/><W64/><G37/><T119/><D119/><U2/><E75/><V60/><F106/><W65/><G19/><T88/><D100/><U122/><E122/><V1/><F98/><W72/><G72/><T73/><D73/><U77/><REACH who="1" step="1"/><E2/><REACH who="1" ten="240,120,330,300" step="2"/><V68/><F68/><W61/><G103/><T17/><D17/><U54/><E54/><AGARI ba="0,1" hai="54,56,62,88,92,96,113,114" m="9615,49265" machi="54" ten="40,8000,1" yaku="19,1,52,1,54,2" doraHai="35,90" who="0" fromWho="1" sc="240,90,120,-80,330,0,300,0" /><INIT seed="3,0,0,4,0,47" ten="330,40,330,300" oya="3" hai0="87,85,131,79,111,16,83,71,129,123,122,132,78" hai1="25,29,62,116,108,8,125,46,133,68,51,9,33" hai2="24,2,19,3,106,89,75,95,27,130,14,28,96" hai3="91,36,44,128,97,112,7,53,102,99,98,74,39"/><W15/><G112/><T120/><D71/><U121/><E108/><V67/><F130/><N who="0" m="49674" /><D16/><U57/><E133/><V107/><F75/><W93/><G128/><T54/><D54/><U6/><E125/><V76/><F76/><N who="0" m="29226" /><D111/><U109/><E109/><V49/><F27/><W31/><G74/><T32/><D32/><U110/><E116/><V90/><F67/><W11/><G31/><T23/><D23/><U4/><E110/><V0/><F89/><W13/><G39/><T69/><D69/><U12/><E121/><V60/><F60/><W63/><G36/><T104/><D132/><U82/><E68/><V100/><F24/><W134/><G134/><T26/><D26/><U10/><E82/><V48/><F28/><W20/><G102/><T41/><D41/><U103/><E103/><V55/><F55/><W43/><G43/><T105/><D83/><U92/><E92/><V117/><F117/><W40/><G40/><T119/><D119/><U101/><E101/><V113/><F107/><AGARI ba="0,0" hai="85,87,104,105,107,120,122,123" m="29226,49674" machi="107" ten="40,8000,1" yaku="28,2,19,1,34,2" doraHai="47" who="0" fromWho="2" sc="330,80,40,0,330,-80,300,0" /><INIT seed="4,0,0,1,3,101" ten="410,40,250,300" oya="0" hai0="134,0,15,125,94,30,39,18,29,98,13,91,52" hai1="124,26,126,120,85,11,64,73,105,92,20,110,74" hai2="132,24,49,123,12,82,22,114,66,71,40,70,67" hai3="103,14,88,6,9,102,7,21,129,61,77,50,65"/><T32/><D39/><U96/><E110/><V44/><F123/><W27/><G129/><T51/><D0/><U56/><E120/><V118/><F118/><W35/><G35/><T115/><D115/><U57/><E11/><V42/><F114/><W93/><G77/><T128/><D128/><U16/><E85/><V45/><F132/><W89/><G6/><T108/><D108/><U130/><E130/><V97/><F12/><W95/><G50/><T60/><D125/><U79/><E79/><V19/><F71/><W76/><G76/><T106/><D106/><U38/><E38/><V4/><F4/><W34/><G34/><T117/><D117/><U47/><E47/><V48/><F70/><W86/><G61/><T55/><D32/><U33/><E33/><V78/><REACH who="2" step="1"/><F97/><REACH who="2" ten="410,40,240,300" step="2"/><N who="3" m="57511" /><G65/><T69/><D15/><U3/><E3/><V43/><F43/><W10/><G10/><T111/><D111/><U2/><E2/><V53/><F53/><W8/><G8/><N who="0" m="6439" /><D69/><U119/><E119/><V133/><F133/><W107/><G107/><T99/><D99/><U25/><E105/><V58/><F58/><W62/><G62/><T46/><D134/><U54/><E57/><AGARI ba="0,1" hai="29,30,46,51,52,55,57,60,91,94,98" m="6439" machi="57" ten="30,2900,0" yaku="8,1,54,1" doraHai="101" who="0" fromWho="1" sc="410,39,40,-29,240,0,300,0" /><INIT seed="4,1,0,4,1,33" ten="449,11,240,300" oya="0" hai0="127,76,40,7,17,45,29,71,68,115,59,49,80" hai1="13,87,42,58,24,3,4,64,125,110,26,63,100" hai2="105,106,61,53,21,48,109,31,88,10,60,108,28" hai3="46,15,19,75,94,95,135,23,82,9,122,116,128"/><T107/><D107/><U93/><E125/><V73/><F73/><W38/><G116/><T97/><D127/><U112/><E110/><V69/><F69/><W98/><G135/><T111/><D115/><U34/><E112/><V0/><F21/><W62/><G128/><T39/><D111/><U119/><E119/><V117/><F117/><W18/><G122/><T83/><D29/><U91/><E42/><V129/><F10/><W67/><G38/><T30/><D30/><U89/><E34/><V54/><F48/><W104/><G46/><T86/><D97/><U22/><E3/><V32/><F32/><W77/><G104/><T37/><D37/><U81/><E100/><V102/><F102/><W20/><G98/><T47/><D59/><U52/><E64/><V36/><F36/><W113/><G113/><T11/><D17/><U134/><E134/><V12/><F12/><W133/><G133/><T14/><D83/><U56/><E56/><V2/><F88/><W130/><G130/><AGARI ba="1,0" hai="0,2,28,31,53,54,60,61,105,106,108,109,129,130" machi="130" ten="25,6400,0" yaku="22,2,52,2" doraHai="33" who="2" fromWho="3" sc="449,0,11,0,240,67,300,-67" /><INIT seed="5,0,0,3,2,76" ten="449,11,307,233" oya="1" hai0="15,70,7,59,134,34,32,82,69,36,89,61,88" hai1="48,112,49,21,39,108,118,33,100,110,56,51,55" hai2="75,125,50,123,71,135,16,40,5,77,109,52,103" hai3="124,22,42,105,35,57,60,104,115,3,111,114,87"/><U47/><E112/><N who="3" m="43050" /><G35/><T96/><D36/><U102/><E118/><V9/><F71/><W28/><G111/><N who="1" m="42538" /><E33/><V17/><F123/><W113/><G3/><T0/><D0/><U78/><E78/><V25/><F40/><W80/><G42/><T2/><D2/><U11/><E11/><V38/><F38/><W129/><G129/><T46/><D70/><U27/><E39/><V93/><F5/><W106/><N who="3" m="43058" /><W14/><DORA hai="92" /><G124/><T31/><D15/><U81/><E81/><V45/><F125/><W68/><G68/><T18/><D82/><U66/><E66/><V6/><F6/><W63/><G57/><T97/><D7/><U90/><E90/><V64/><F64/><W65/><G65/><T84/><D88/><U79/><E79/><V62/><F9/><W73/><G73/><T98/><D89/><U95/><E95/><V26/><F75/><W86/><G86/><T44/><D34/><U99/><E99/><V132/><F77/><N who="3" m="46479" /><G14/><T122/><D98/><U29/><E49/><V91/><F50/><W128/><G128/><T94/><D97/><U30/><E30/><V85/><F85/><W83/><G83/><T1/><D96/><U67/><E67/><V117/><F109/><W12/><G12/><T37/><D37/><U119/><E119/><V131/><F131/><W10/><G10/><T127/><D127/><U23/><E23/><V72/><F117/><W20/><G20/><T107/><D107/><N who="3" m="27393" /><W8/><DORA hai="121" /><G8/><T54/><D32/><U19/><E29/><V13/><F72/><W74/><G74/><T101/><D31/><RYUUKYOKU ba="0,0" sc="449,-15,11,15,307,-15,233,15" hai1="19,21,27,47,48,51,55,56,100,102" hai3="22,28,60,63" /><INIT seed="5,1,0,3,3,92" ten="434,26,292,248" oya="1" hai0="111,74,13,71,4,15,84,70,12,119,118,42,99" hai1="104,129,25,120,97,35,121,80,108,0,16,123,131" hai2="72,5,20,112,38,34,24,94,27,56,33,130,40" hai3="32,115,122,58,10,59,49,93,46,29,98,62,89"/><U105/><E108/><V82/><F38/><W26/><G122/><T51/><D74/><U48/><E0/><V86/><F40/><W128/><G128/><N who="1" m="49226" /><E80/><V73/><F5/><W81/><G115/><T55/><D42/><U67/><E67/><V109/><F109/><W100/><G10/><T7/><D111/><U96/><E48/><V47/><F73/><W135/><G135/><T78/><D71/><U127/><E127/><V57/><F72/><W52/><G81/><N who="0" m="47159" /><D70/><U30/><E16/><V76/><F112/><W21/><G32/><T85/><D85/><U107/><AGARI ba="1,0" hai="25,30,35,96,97,104,105,107,120,121,123" m="49226" machi="107" ten="50,9600,0" yaku="19,1,52,2" doraHai="92" who="1" fromWho="1" sc="434,-33,26,99,292,-33,248,-33" /><INIT seed="5,2,0,2,0,74" ten="401,125,259,215" oya="1" hai0="98,84,117,119,64,63,10,53,11,25,69,73,41" hai1="21,6,22,62,5,40,97,59,130,42,122,114,86" hai2="89,109,49,123,77,52,51,126,20,134,101,93,88" hai3="115,30,87,26,39,72,85,13,125,67,32,16,92"/><U80/><E114/><V100/><F123/><W105/><G105/><T108/><D73/><U129/><E122/><V58/><F109/><W103/><G115/><T44/><D108/><U8/><E97/><V17/><F134/><W118/><G118/><T55/><D10/><U112/><E112/><V135/><F135/><W27/><G125/><T127/><D127/><U15/><E6/><V65/><F65/><W50/><G39/><T3/><D55/><U29/><E130/><V24/><F89/><W66/><G72/><T124/><D124/><U48/><E129/><V102/><F77/><W70/><G70/><T128/><D128/><U121/><E121/><V110/><F110/><W61/><G27/><T104/><D53/><U37/><E37/><V113/><F113/><W116/><G116/><T19/><D84/><U35/><E35/><V45/><F126/><W23/><G50/><T106/><D25/><N who="1" m="16559" /><E22/><V57/><F51/><W54/><G103/><N who="0" m="62583" /><D19/><U90/><E48/><V0/><F0/><W28/><G28/><T34/><D34/><U91/><E90/><V36/><F36/><W76/><G85/><AGARI ba="2,0" hai="17,20,24,45,49,52,57,58,85,88,93,100,101,102" machi="85" ten="40,5200,0" yaku="8,1,54,2" doraHai="74" who="2" fromWho="3" sc="401,0,125,0,259,58,215,-58" /><INIT seed="6,0,0,0,3,18" ten="401,125,317,157" oya="2" hai0="101,37,88,68,132,21,82,40,14,36,45,72,63" hai1="117,11,10,123,97,102,58,130,108,34,80,126,49" hai2="38,9,1,67,121,55,30,50,27,120,66,131,74" hai3="112,47,13,89,54,128,119,46,25,62,90,134,24"/><V127/><F38/><W43/><G119/><T51/><D132/><U8/><E130/><V39/><F39/><W111/><G111/><T110/><D110/><U0/><E126/><V133/><F74/><W35/><G134/><T12/><D101/><U125/><E125/><V64/><F133/><W116/><G116/><T105/><D105/><U31/><E108/><V91/><F91/><N who="3" m="34827" /><G35/><T48/><D37/><U22/><E123/><V52/><F131/><W104/><G104/><T94/><D63/><U53/><E117/><V96/><F96/><W77/><G128/><T19/><D68/><U95/><E34/><V83/><F83/><W70/><G70/><T84/><REACH who="0" step="1"/><D14/><REACH who="0" ten="391,125,317,157" step="2"/><U61/><E0/><V17/><F1/><W107/><G107/><T129/><D129/><U98/><E61/><V59/><F127/><W114/><G13/><T135/><D135/><U42/><E42/><V103/><F103/><W106/><G106/><T69/><D69/><U16/><E80/><V60/><F60/><W29/><G62/><T15/><D15/><U79/><E79/><AGARI ba="0,1" hai="12,19,21,36,40,45,48,51,72,79,82,84,88,94" machi="79" ten="40,5200,0" yaku="1,1,52,1,54,1,53,0" doraHai="18" doraHaiUra="26" who="0" fromWho="1" sc="391,62,125,-52,317,0,157,0" /><INIT seed="7,0,0,0,1,94" ten="453,73,317,157" oya="3" hai0="65,1,131,77,47,121,108,112,109,6,119,12,110" hai1="33,123,32,55,84,11,0,25,75,14,132,126,39" hai2="99,9,24,59,70,122,93,78,97,83,64,62,23" hai3="114,18,90,42,51,117,36,72,40,17,61,74,37"/><W120/><G117/><T50/><D77/><U20/><E132/><V7/><F122/><W89/><G120/><T3/><D65/><U134/><E126/><V135/><F135/><W96/><G61/><T129/><D121/><U111/><E134/><V52/><F93/><W38/><G38/><T15/><D119/><U105/><E111/><V106/><F106/><W95/><G95/><T130/><D112/><U49/><E123/><V113/><F113/><W44/><G51/><T58/><D58/><U116/><E116/><V127/><F127/><W43/><G43/><T92/><D92/><U26/><E75/><V34/><F34/><W48/><G48/><T57/><D57/><U125/><E125/><V100/><F100/><W79/><G79/><T128/><D128/><U8/><E39/><V45/><F45/><W13/><G13/><N who="0" m="5195" /><D6/><U2/><E105/><V63/><F7/><W30/><G30/><T115/><D115/><U71/><E71/><V91/><F9/><N who="1" m="3657" /><E84/><V98/><F91/><W68/><G114/><T76/><D76/><U69/><E69/><V27/><REACH who="2" step="1"/><F23/><REACH who="2" ten="453,73,307,157" step="2"/><W107/><G107/><T28/><D110/><U103/><E103/><V56/><F56/><W46/><G68/><T67/><D109/><U54/><E49/><V4/><F4/><W21/><G21/><T85/><D108/><U101/><E101/><V5/><F5/><W82/><G82/><T133/><D129/><U60/><E60/><V53/><F53/><N who="1" m="19977" /><E14/><V80/><F80/><W10/><G72/><T104/><D130/><U66/><E66/><V124/><F124/><W22/><G74/><RYUUKYOKU ba="0,1" sc="453,-10,73,-10,307,30,157,-10" hai2="24,27,52,59,62,63,64,70,78,83,97,98,99" owari="453,55.0,63,-44.0,337,14.0,147,-25.0" /></mjloggm>