<mjloggm ver="2.3"><GO type="41" lobby="0"/><UN n0="%63%6F%63%6F%6C%75%6C%75" n1="%E5%B0%B1%E6%B4%BB%E7%94%9F%40%E5%B7%9D%E6%9D%91%E8%BB%8D%E5%9B%A3" n2="%E3%82%B7%E3%83%B3%E3%83%87%E3%83%AB%E3%83%A9" n3="%53%54%31%32%30%31%30%39" dan="13,15,15,13" rate="1870.05,1976.63,1975.38,1845.33" sx="M,M,M,M"/><TAIKYOKU oya="0"/><INIT seed="0,0,0,4,4,116" ten="250,250,250,250" oya="0" hai0="97,3,36,62,5,129,84,92,126,98,39,26,93" hai1="53,100,81,46,89,109,17,40,77,11,48,32,114" hai2="6,12,15,104,37,103,61,0,67,43,118,106,33" hai3="41,121,19,23,115,22,86,73,87,131,95,112,4"/><T10/><D126/><U110/><E32/><V29/><F118/><W7/><G73/><T42/><D129/><U94/><E114/><V20/><F20/><W135/><G131/><T102/><D84/><U113/><E100/><V9/><F15/><W49/><G135/><T78/><D78/><U134/><E134/><V1/><F12/><W68/><G68/><T28/><D42/><U90/><E113/><V58/><F0/><W24/><G115/><T108/><D108/><N who="1" m="41579" /><E94/><V117/><F117/><W130/><G130/><T44/><D44/><N who="1" m="27783" /><E17/><V122/><F103/><W101/><G121/><T35/><REACH who="0" step="1"/><D62/><REACH who="0" ten="240,250,250,250" step="2"/><U56/><E56/><V74/><F61/><W71/><G112/><T99/><D99/><U119/><E119/><V34/><F58/><W27/><G86/><T65/><D65/><U47/><E47/><V133/><F67/><W21/><G87/><T31/><D31/><U91/><E46/><V38/><F29/><W45/><G71/><T120/><D120/><U82/><E40/><V63/><F43/><W30/><G41/><T75/><D75/><N who="1" m="43199" /><E11/><V14/><F9/><W123/><G123/><T64/><D64/><U25/><E82/><V66/><F122/><W2/><G45/><T55/><D55/><U51/><E51/><V18/><F133/><W96/><G49/><T125/><D125/><U72/><E72/><V8/><F74/><W128/><G128/><T59/><D59/><U107/><E107/><V60/><F106/><W54/><G54/><T79/><D79/><U127/><E127/><V50/><F104/><W83/><G30/><T111/><D111/><RYUUKYOKU ba="0,1" sc="240,15,250,15,250,-15,250,-15" hai0="3,5,10,26,28,35,36,39,92,93,97,98,102" hai1="25,89,90,91" /><INIT seed="0,1,1,1,1,80" ten="255,265,235,235" oya="0" hai0="91,15,78,100,57,98,49,51,21,64,92,32,19" hai1="36,85,124,65,69,22,103,123,113,66,58,126,9" hai2="68,93,107,45,117,75,95,17,23,122,41,39,130" hai3="73,37,86,94,114,0,129,14,1,16,62,131,27"/><T99/><D32/><U53/><E69/><V67/><F122/><W121/><G114/><T116/><D116/><U48/><E123/><V90/><F130/><N who="3" m="49675" /><G73/><T42/><D78/><U111/><E36/><V76/><F117/><W83/><G37/><T133/><D133/><U88/><E113/><V52/><F107/><W59/><G121/><T30/><D30/><U112/><E112/><V71/><F76/><N who="3" m="46439" /><G94/><T34/><D34/><U26/><E103/><V33/><F33/><W97/><G27/><T128/><D128/><U24/><E9/><V77/><F75/><W25/><G25/><T29/><D42/><U125/><E111/><V2/><F95/><W50/><G50/><T47/><D47/><U28/><E26/><V63/><F93/><AGARI ba="1,1" hai="22,24,28,48,53,58,65,66,85,88,93,124,125,126" machi="93" ten="40,5200,0" yaku="18,1,52,1,54,1" doraHai="80" who="1" fromWho="2" sc="255,0,265,65,235,-55,235,0" /><INIT seed="1,0,0,5,4,79" ten="255,330,180,235" oya="1" hai0="10,12,83,106,85,36,32,128,70,14,67,134,133" hai1="50,27,1,6,98,54,86,64,92,28,19,110,71" hai2="26,101,31,8,135,61,48,43,40,89,105,73,94" hai3="39,125,78,58,87,3,80,132,121,82,95,118,131"/><U49/><E110/><V103/><F135/><N who="0" m="51722" /><D32/><U126/><E126/><V90/><BYE who="1" /><F73/><W57/><G132/><T24/><D36/><U53/><E53/><V30/><F105/><UN n1="%E5%B0%B1%E6%B4%BB%E7%94%9F%40%E5%B7%9D%E6%9D%91%E8%BB%8D%E5%9B%A3" /><W84/><G39/><T119/><D106/><U130/><E50/><V122/><F122/><W34/><G3/><T42/><D119/><U13/><E130/><V23/><F8/><W109/><G34/><T15/><D42/><U59/><E6/><V4/><F4/><W113/><G121/><T52/><D24/><U55/><E1/><V91/><F61/><W96/><G113/><T88/><D128/><U123/><E123/><V11/><F11/><W51/><G131/><T77/><D77/><U99/><E55/><V5/><F5/><W35/><G35/><T75/><D75/><U129/><E129/><V120/><F120/><W114/><G114/><T108/><D108/><U25/><E64/><V65/><F65/><W47/><G125/><T45/><D67/><U112/><E71/><V74/><F74/><W0/><G0/><T116/><D70/><U111/><E111/><V29/><F40/><N who="3" m="25063" /><G118/><T37/><D116/><U33/><E27/><V93/><F43/><W68/><G68/><T20/><D20/><N who="1" m="11375" /><E112/><V38/><F38/><W100/><G109/><T21/><D21/><U9/><E9/><V18/><REACH who="2" step="1"/><F48/><REACH who="2" ten="255,330,170,235" step="2"/><W97/><G96/><T56/><D37/><U124/><E124/><V102/><AGARI ba="0,1" hai="18,23,26,29,30,31,89,90,91,93,94,101,102,103" machi="102" ten="40,12000,2" yaku="1,1,2,1,0,1,29,2,8,1,53,0" doraHai="79" doraHaiUra="115" who="2" fromWho="2" sc="255,-30,330,-60,170,130,235,-30" /><INIT seed="2,0,0,2,5,127" ten="225,270,300,205" oya="2" hai0="52,63,0,59,105,104,36,70,131,9,75,46,12" hai1="95,14,45,21,82,130,121,60,74,33,61,117,123" hai2="134,101,102,96,5,31,89,37,1,41,111,47,98" hai3="109,83,30,15,73,10,20,81,118,132,68,97,29"/><V3/><F134/><W51/><G118/><T103/><D75/><U124/><E33/><V6/><F111/><W42/><G68/><T87/><D0/><U107/><E117/><V100/><F31/><W39/><G39/><T80/><D70/><U84/><E107/><V72/><F72/><W56/><G132/><T24/><D24/><U27/><E124/><V44/><F89/><W93/><G109/><T114/><D114/><U125/><E125/><V66/><F66/><W4/><G73/><T54/><D103/><U77/><E14/><V115/><F115/><W49/><G51/><T38/><D38/><U40/><E95/><V90/><F90/><W16/><G81/><T135/><D135/><U64/><E74/><V17/><F17/><W23/><G83/><T119/><D119/><U78/><E78/><V86/><F86/><W65/><G65/><T11/><D11/><U76/><E76/><V126/><F126/><W129/><G129/><T2/><D2/><N who="2" m="522" /><F41/><W120/><G120/><N who="1" m="46154" /><E64/><V106/><F37/><W50/><G50/><T110/><D131/><U133/><E130/><V48/><F48/><W57/><G57/><T79/><D110/><U53/><E133/><V112/><F112/><W19/><G56/><T88/><D79/><U67/><E67/><V13/><F13/><N who="3" m="5319" /><G49/><N who="0" m="28727" /><D36/><N who="1" m="21639" /><E53/><V62/><F106/><W58/><G42/><T22/><D22/><U128/><E128/><V94/><F94/><W99/><G99/><N who="2" m="37929" /><F62/><W122/><G122/><T55/><D55/><U116/><E116/><V8/><F5/><W18/><G58/><T25/><D25/><U113/><E113/><RYUUKYOKU ba="0,0" sc="225,10,270,10,300,10,205,-30" hai0="9,12,54,59,63,80,87,88,104,105" hai1="21,27,60,61,77,82,84" hai2="6,8,44,47,100,101,102" /><INIT seed="2,1,0,3,0,37" ten="235,280,310,175" oya="2" hai0="103,3,38,86,32,31,104,112,43,116,16,63,95" hai1="44,102,78,45,74,80,9,21,49,72,14,58,114" hai2="87,7,62,113,110,12,26,23,28,84,57,111,18" hai3="107,134,35,22,124,56,10,85,59,101,60,42,30"/><V93/><F113/><W126/><G35/><T2/><D112/><U128/><E114/><V90/><F7/><W100/><G134/><T120/><D116/><U51/><E128/><V109/><F84/><W105/><G10/><T82/><D120/><U24/><E102/><V130/><F130/><W69/><G69/><T70/><D104/><U88/><E74/><V122/><F122/><W13/><G85/><T41/><D38/><U1/><E1/><V40/><F40/><W66/><G59/><T132/><D132/><U81/><E58/><V67/><REACH who="2" step="1"/><F12/><REACH who="2" ten="235,280,300,175" step="2"/><W46/><G13/><T89/><D2/><U117/><E117/><V0/><F0/><W8/><G42/><T15/><D3/><U34/><E14/><V6/><F6/><W121/><G121/><T133/><D133/><U118/><E72/><V108/><N who="2" m="27648" /><DORA hai="76" /><V92/><F92/><W61/><G107/><T94/><D94/><U97/><E118/><V47/><F47/><W98/><G46/><T54/><D95/><U123/><E45/><V125/><F125/><W52/><G105/><T36/><D36/><U115/><E44/><V135/><F135/><W127/><G127/><T73/><D73/><U83/><E123/><V20/><F20/><W19/><G126/><T64/><D103/><U129/><E21/><V79/><F79/><W27/><G101/><T48/><D32/><U39/><E129/><V29/><AGARI ba="1,1" hai="18,23,26,28,29,57,62,67,87,90,93" m="27648" machi="29" ten="60,12000,1" yaku="1,1,0,1,14,1,10,1,53,0" doraHai="37,76" doraHaiUra="50,11" who="2" fromWho="2" sc="235,-41,280,-41,300,133,175,-41" /><INIT seed="2,2,0,1,2,46" ten="194,239,433,134" oya="2" hai0="82,51,90,0,128,85,18,108,34,56,119,60,20" hai1="84,63,53,122,132,118,12,19,106,105,62,101,76" hai2="14,30,33,45,113,67,54,73,86,112,66,3,37" hai3="116,102,72,48,41,43,28,36,78,115,98,114,69"/><V81/><F73/><W7/><G116/><T27/><D119/><U135/><E118/><V49/><F3/><W15/><G69/><T64/><D108/><U68/><E122/><V100/><F100/><W125/><G36/><T2/><D128/><U13/><E13/><V70/><F37/><W117/><G117/><T17/><D34/><U89/><E76/><V96/><F96/><W126/><G28/><T87/><D87/><U52/><E68/><V83/><F14/><W21/><G78/><T8/><D8/><U58/><E101/><V59/><F70/><W129/><G72/><T134/><D18/><U91/><E53/><V26/><F81/><W1/><G1/><T97/><D97/><U79/><E79/><V88/><REACH who="2" step="1"/><F45/><REACH who="2" ten="194,239,423,134" step="2"/><W71/><G71/><T77/><D134/><N who="1" m="51243" /><E106/><V32/><F32/><W55/><G98/><T47/><REACH who="0" step="1"/><D77/><REACH who="0" ten="184,239,423,134" step="2"/><U121/><E105/><V131/><F131/><W99/><G129/><T57/><D57/><U50/><E121/><V61/><F61/><N who="1" m="23049" /><E84/><V75/><F75/><W38/><G99/><T22/><D22/><AGARI ba="2,2" hai="12,19,22,50,52,58,89,91" m="23049,51243" machi="22" ten="30,3900,0" yaku="20,1,52,1,54,1" doraHai="46" who="1" fromWho="0" sc="184,-45,239,65,423,0,134,0" /><INIT seed="3,0,0,2,4,3" ten="139,304,423,134" oya="3" hai0="35,45,107,67,33,69,39,63,110,14,116,1,117" hai1="90,113,85,87,42,43,21,124,84,92,8,104,95" hai2="122,52,119,111,15,11,22,81,101,56,114,47,68" hai3="2,17,36,128,94,75,18,16,12,55,91,50,109"/><W130/><G75/><T105/><D14/><U34/><E104/><V64/><F111/><W73/><G73/><T6/><D110/><U59/><E34/><N who="0" m="12809" /><D116/><U86/><E113/><V41/><F114/><W106/><G36/><T19/><D19/><U131/><E124/><V79/><F119/><W93/><G106/><T125/><D117/><U38/><E38/><V20/><F122/><W121/><G2/><T97/><D97/><U103/><E131/><N who="3" m="50218" /><G121/><T83/><D83/><U31/><E8/><V70/><F101/><W133/><G133/><T72/><D72/><U5/><E5/><V7/><F68/><W61/><G61/><T135/><D125/><U32/><E32/><V102/><F102/><W10/><G109/><T77/><D77/><U98/><E59/><V25/><F70/><W29/><G29/><T4/><D4/><U89/><E103/><V74/><F56/><N who="3" m="32887" /><G94/><T99/><D99/><AGARI ba="0,0" hai="10,12,16,17,18,91,93,99" m="32887,50218" machi="99" ten="30,2900,0" yaku="19,1,54,1" doraHai="3" who="3" fromWho="0" sc="139,-29,304,0,423,0,134,29" /><INIT seed="3,1,0,0,5,133" ten="110,304,423,163" oya="3" hai0="40,91,8,68,23,130,120,17,62,19,64,123,39" hai1="105,134,7,88,21,41,46,104,69,52,26,108,101" hai2="48,20,32,122,60,109,53,54,94,0,74,131,1" hai3="119,27,83,29,6,128,24,126,16,80,87,81,117"/><W95/><G6/><T106/><D106/><U121/><E134/><V14/><F32/><W5/><G5/><T65/><D130/><U72/><E121/><V43/><F109/><W77/><G128/><T11/><D65/><U132/><E132/><V73/><F131/><W10/><G119/><T82/><D17/><U50/><E72/><V47/><F122/><W3/><G117/><T51/><D39/><U90/><E108/><V28/><F73/><W114/><G114/><T78/><D91/><U129/><E69/><V85/><F74/><W113/><G113/><T111/><D111/><U12/><E129/><V70/><F70/><W44/><G3/><T38/><D38/><U57/><E101/><V115/><F115/><W107/><G107/><T37/><D37/><U9/><E105/><V63/><F0/><W61/><G126/><T118/><D118/><U59/><E104/><V98/><F1/><W97/><G44/><T67/><D67/><U96/><E96/><V89/><F98/><W22/><G61/><T2/><D2/><U79/><E79/><V33/><F60/><W125/><G125/><T86/><D123/><U4/><E4/><V55/><F63/><W100/><G10/><T56/><D120/><U13/><E13/><V103/><F14/><W15/><G15/><N who="0" m="9727" /><D68/><U124/><E124/><V25/><F103/><W92/><G95/><T49/><D49/><N who="1" m="26831" /><E57/><V75/><F75/><W36/><G36/><T76/><D76/><U102/><E102/><V66/><F66/><W34/><AGARI ba="1,0" hai="16,22,24,27,29,34,77,80,81,83,87,92,97,100" machi="34" ten="20,3900,0" yaku="0,1,7,1,54,1" doraHai="133" who="3" fromWho="3" sc="110,-14,304,-14,423,-14,163,42" /><INIT seed="3,2,0,5,4,13" ten="96,290,409,205" oya="3" hai0="54,23,1,132,42,57,114,135,59,88,62,119,21" hai1="131,100,112,16,109,118,80,37,32,87,125,43,10" hai2="44,92,18,48,108,77,134,31,75,123,4,36,20" hai3="7,128,76,17,56,126,95,121,33,34,127,22,41"/><W2/><G121/><T96/><D119/><U113/><E32/><V101/><F108/><W129/><G76/><T97/><D1/><U60/><E118/><V6/><F134/><W30/><G41/><T53/><D42/><U130/><E109/><V110/><F110/><W91/><G56/><T72/><D62/><U3/><E125/><N who="3" m="47626" /><G91/><T85/><D85/><U45/><E100/><V49/><F77/><W107/><G95/><T14/><D14/><N who="1" m="7255" /><E3/><V94/><F94/><W115/><G107/><T64/><D64/><U24/><E24/><V111/><F92/><W83/><G83/><T35/><D114/><U15/><E15/><V116/><F116/><W99/><G99/><T79/><D79/><N who="1" m="46495" /><E60/><V38/><F123/><W124/><G115/><T55/><D35/><N who="3" m="13321" /><G124/><T73/><REACH who="0" step="1"/><D54/><REACH who="0" ten="86,290,409,205" step="2"/><U29/><E113/><V104/><F111/><W5/><G30/><T90/><AGARI ba="2,1" hai="21,23,53,55,57,59,72,73,88,90,96,97,132,135" machi="90" ten="25,12000,2" yaku="1,1,2,1,0,1,22,2,54,1,53,0" doraHai="13" doraHaiUra="117" who="0" fromWho="0" sc="86,136,290,-32,409,-32,205,-62" /><INIT seed="4,0,0,3,2,12" ten="222,258,377,143" oya="0" hai0="93,44,102,34,133,71,28,21,1,70,22,87,135" hai1="120,10,99,105,16,45,15,18,126,63,9,98,131" hai2="0,85,74,95,29,122,101,58,110,83,35,125,103" hai3="77,40,64,88,23,41,129,80,119,60,61,37,39"/><T48/><D1/><U32/><E120/><V50/><F110/><W121/><G119/><T57/><D57/><U54/><E126/><V26/><F122/><W114/><G121/><T132/><D34/><U69/><E131/><V42/><F125/><W75/><G114/><T2/><D2/><U43/><E32/><V33/><F0/><W47/><G129/><T90/><D102/><U97/><E105/><V59/><F74/><W52/><G88/><T111/><D111/><U8/><E15/><V107/><F107/><W109/><G109/><T117/><D117/><U91/><E91/><V3/><F3/><W92/><G92/><T96/><D96/><U65/><REACH who="1" step="1"/><E54/><REACH who="1" ten="222,248,377,143" step="2"/><V89/><F89/><W7/><G77/><T86/><D86/><U82/><E82/><V56/><F83/><W51/><G80/><T13/><D13/><U68/><E68/><N who="0" m="26153" /><D28/><U72/><E72/><V5/><F35/><W84/><G84/><T30/><D30/><U128/><E128/><V81/><F85/><W134/><G75/><T53/><AGARI ba="0,1" hai="21,22,44,48,53,87,90,93,132,133,135" m="26153" machi="53" ten="40,2100,0" yaku="20,1" doraHai="12" who="0" fromWho="0" sc="222,31,248,-7,377,-7,143,-7" /><INIT seed="4,1,0,4,0,98" ten="253,241,370,136" oya="0" hai0="108,62,13,123,130,12,6,94,115,72,133,93,52" hai1="27,76,29,57,113,63,118,48,26,110,32,17,124" hai2="42,96,2,67,59,15,121,104,39,97,88,129,87" hai3="116,101,10,120,53,44,80,109,92,55,40,56,35"/><T127/><D123/><U69/><E110/><V82/><F121/><W126/><G109/><T28/><D108/><U34/><E118/><V66/><F129/><W68/><G116/><T105/><D105/><U95/><E124/><V36/><F2/><W85/><G35/><T111/><D111/><U16/><E113/><V131/><F131/><W134/><G126/><T100/><D72/><U84/><E69/><V7/><F66/><W37/><G120/><T20/><D115/><U65/><E48/><V9/><F42/><W58/><G134/><T41/><D130/><U14/><E14/><V38/><REACH who="2" step="1"/><F104/><REACH who="2" ten="253,241,360,136" step="2"/><W119/><G119/><T77/><D127/><U89/><E76/><V22/><F22/><W83/><G40/><T125/><D125/><U30/><AGARI ba="1,1" hai="16,17,26,27,29,30,32,34,57,63,65,84,89,95" machi="30" ten="30,4000,0" yaku="0,1,9,1,54,1" doraHai="98" who="1" fromWho="1" sc="253,-21,241,53,360,-11,136,-11" /><INIT seed="5,0,0,0,3,98" ten="232,294,349,125" oya="1" hai0="48,10,82,110,134,109,91,47,81,122,78,51,27" hai1="74,63,92,55,118,33,99,43,62,38,113,135,1" hai2="88,12,41,37,101,50,45,24,124,77,7,53,70" hai3="28,56,35,6,21,14,68,58,112,73,59,2,34"/><U93/><E33/><V13/><F124/><W8/><G73/><T23/><D122/><U52/><E1/><V90/><F70/><W31/><G68/><T60/><D134/><U46/><E74/><V131/><F131/><W128/><G128/><T16/><D60/><U120/><E113/><V30/><F77/><W107/><G112/><T86/><D10/><U15/><E120/><V26/><F101/><W0/><G107/><T20/><D20/><U61/><E118/><V22/><F26/><N who="3" m="18711" /><G59/><T67/><D67/><U5/><E135/><V104/><F104/><W105/><G58/><T3/><D3/><N who="3" m="1065" /><G105/><T64/><D64/><U111/><E111/><V100/><F7/><W29/><G56/><T19/><D19/><U72/><E72/><V95/><F37/><W40/><G40/><T18/><D18/><U9/><REACH who="1" step="1"/><E93/><REACH who="1" ten="232,284,349,125" step="2"/><V114/><F95/><W97/><G35/><T84/><REACH who="0" step="1"/><D48/><REACH who="0" ten="222,284,349,125" step="2"/><U49/><E49/><V80/><F50/><W119/><G119/><T89/><D89/><AGARI ba="0,2" hai="5,9,15,38,43,46,52,55,61,62,63,89,92,99" machi="89" ten="40,7700,0" yaku="1,1,54,1,53,1" doraHai="98" doraHaiUra="39" who="1" fromWho="0" sc="222,-77,284,97,349,0,125,0" /><INIT seed="5,1,0,1,1,113" ten="145,381,349,125" oya="1" hai0="119,7,77,8,79,9,112,1,51,110,42,130,24" hai1="38,86,71,103,118,80,59,3,115,87,20,58,39" hai2="18,125,92,83,124,54,134,65,69,72,94,81,91" hai3="126,88,93,34,105,98,52,40,26,36,116,107,123"/><U25/><E3/><V135/><F18/><W23/><G123/><T60/><D110/><U104/><E71/><V64/><F54/><W84/><G34/><T132/><D112/><U76/><E115/><V90/><F69/><W73/><G36/><T16/><D130/><U44/><E118/><V53/><F53/><W67/><G40/><T30/><D132/><U68/><E68/><V55/><F55/><W89/><G67/><T82/><D77/><U78/><E104/><N who="3" m="40010" /><G52/><T49/><D60/><U6/><E6/><V114/><F114/><W128/><G23/><T66/><D66/><U74/><E103/><V17/><F17/><W61/><G26/><T14/><D42/><U101/><E101/><V109/><REACH who="2" step="1"/><F72/><REACH who="2" ten="145,381,339,125" step="2"/><W13/><G73/><T33/><REACH who="0" step="1"/><D119/><REACH who="0" ten="135,381,339,125" step="2"/><U106/><E74/><AGARI ba="1,2" hai="1,7,8,9,14,16,24,30,33,49,51,74,79,82" machi="74" ten="30,7700,0" yaku="1,1,2,1,7,1,54,1,53,0" doraHai="113" doraHaiUra="121" who="0" fromWho="1" sc="135,100,381,-80,339,0,125,0" /><INIT seed="6,0,0,2,4,18" ten="235,301,339,125" oya="2" hai0="28,74,12,61,108,21,40,99,8,37,32,31,71" hai1="86,42,20,56,92,10,65,57,97,128,69,45,60" hai2="118,48,49,22,9,129,53,134,25,84,41,78,105" hai3="113,54,44,132,50,66,77,111,90,121,82,126,120"/><V101/><F118/><W14/><G111/><T135/><D108/><U59/><E128/><V38/><F134/><W96/><G66/><T6/><D135/><U80/><E10/><V7/><F129/><W133/><G133/><T117/><D117/><U36/><E20/><V43/><F101/><W11/><G132/><T130/><D130/><U75/><E75/><V62/><F105/><W119/><G119/><T17/><D32/><U23/><E23/><V124/><F124/><W107/><G126/><T51/><D37/><U55/><E80/><V4/><F62/><W0/><G0/><T104/><D74/><U76/><E86/><V24/><F38/><W63/><G63/><T116/><D116/><U125/><E76/><V15/><F4/><W3/><G3/><T58/><D71/><U47/><E47/><V27/><F22/><W93/><G107/><T112/><D112/><U39/><E39/><V131/><F131/><W103/><G103/><T114/><D114/><U35/><E35/><V79/><F79/><W30/><G30/><T87/><D87/><U127/><E55/><V73/><F84/><W16/><REACH who="3" step="1"/><G113/><REACH who="3" ten="235,301,339,115" step="2"/><T88/><D104/><U19/><E125/><V91/><F73/><AGARI ba="0,1" hai="11,14,16,44,50,54,73,77,82,90,93,96,120,121" machi="73" ten="30,8000,1" yaku="1,1,2,1,7,1,54,1,53,1" doraHai="18" doraHaiUra="89" who="3" fromWho="2" sc="235,0,301,0,339,-80,115,90" /><INIT seed="7,0,0,0,5,54" ten="235,301,259,205" oya="3" hai0="22,87,4,52,114,8,124,99,84,19,119,48,90" hai1="88,21,62,11,123,59,94,98,107,122,45,2,24" hai2="80,20,91,3,37,25,130,35,79,83,76,15,71" hai3="70,75,29,73,5,61,6,111,85,53,103,34,67"/><W43/><G43/><T109/><D109/><U60/><E107/><V110/><F110/><W101/><G111/><T17/><D119/><U42/><E2/><V41/><F3/><W9/><G5/><T100/><D114/><U118/><E11/><V81/><F71/><W82/><G103/><T10/><D124/><U116/><E60/><V51/><F37/><W65/><G65/><T46/><D84/><U125/><E125/><V23/><F130/><W44/><G101/><T127/><D127/><U14/><E14/><V120/><F120/><W40/><G53/><T27/><D17/><N who="1" m="12335" /><E45/><N who="2" m="26031" /><F35/><W30/><G34/><T129/><D129/><U126/><E126/><V38/><F38/><W134/><G134/><T50/><D50/><U133/><E42/><V77/><F15/><W86/><G86/><T128/><D128/><U39/><E39/><V31/><F20/><W12/><G75/><T97/><D100/><U66/><E133/><V57/><F57/><W112/><G112/><T132/><D132/><U32/><E32/><V104/><F104/><W135/><G73/><T36/><D36/><U49/><E49/><V64/><F64/><W106/><G106/><T108/><D108/><U1/><E1/><V102/><F102/><W74/><G74/><T26/><D26/><U68/><E68/><V55/><F55/><W56/><G70/><T69/><D69/><U28/><E28/><V13/><F13/><W78/><G135/><T33/><D33/><U18/><E18/><V131/><F131/><W47/><G47/><T115/><D115/><U63/><E63/><V72/><F72/><RYUUKYOKU ba="0,0" sc="235,-30,301,10,259,10,205,10" hai1="59,62,66,88,94,98,116,118,122,123" hai2="23,25,31,76,77,79,80,81,83,91" hai3="6,9,12,29,30,40,44,56,61,67,78,82,85" /><INIT seed="7,1,0,2,4,80" ten="205,311,269,215" oya="3" hai0="81,74,58,122,106,10,97,65,38,43,8,11,31" hai1="90,129,93,125,30,39,37,0,77,126,116,25,6" hai2="46,104,17,94,73,48,127,5,100,101,9,105,61" hai3="99,29,109,2,103,67,95,124,54,111,131,49,85"/><W120/><G120/><T84/><D122/><U63/><E116/><V50/><F73/><W42/><G2/><T7/><D74/><U51/><E129/><V16/><F127/><N who="1" m="48649" /><E77/><V35/><F35/><W78/><G124/><T119/><D119/><U82/><E82/><V102/><F61/><W118/><G118/><T87/><D38/><U44/><E6/><V108/><F108/><N who="3" m="41547" /><G29/><T56/><D43/><N who="1" m="24991" /><E63/><V15/><F105/><N who="3" m="63743" /><G67/><T4/><D31/><U41/><E41/><V19/><F104/><W70/><G70/><T128/><D128/><U22/><E0/><V45/><F94/><W115/><G131/><T24/><D24/><U23/><E23/><V40/><F5/><N who="0" m="2122" /><D106/><U88/><E88/><V123/><F123/><W75/><G42/><AGARI ba="1,0" hai="9,15,16,17,19,40,42,45,46,48,50,100,101,102" machi="42" ten="40,5200,0" yaku="9,1,8,1,54,1" doraHai="80" who="2" fromWho="3" sc="205,0,311,0,269,55,215,-55" owari="205,-19.0,311,11.0,324,42.0,160,-34.0" /></mjloggm>