<mjloggm ver="2.3"><GO type="97" lobby="0"/><UN n0="%70%65%6E%5F%63%68%61%6E" n1="%E3%81%BF%E3%83%BC%E3%81%BF%E3%80%82" n2="%E3%82%A6%E3%83%AB%E3%83%88%E3%83%A9%E7%AB%8B%E7%9B%B4" n3="%70%65%6E%63%68%6F" dan="14,13,13,13" rate="2007.74,1916.98,1870.22,1829.82" sx="M,F,M,M"/><TAIKYOKU oya="0"/><INIT seed="0,0,0,4,5,62" ten="250,250,250,250" oya="0" hai0="14,59,53,55,42,38,95,104,34,26,27,61,22" hai1="130,87,119,44,88,109,66,24,32,92,41,110,46" hai2="33,97,47,17,86,72,54,48,123,70,132,2,73" hai3="131,118,51,68,82,90,67,1,74,125,96,20,71"/><T37/><D104/><U91/><E119/><V89/><F123/><W85/><G118/><T9/><D34/><U107/><E107/><V126/><F2/><W23/><G1/><T60/><D42/><U114/><E114/><V5/><F33/><W122/><G122/><T50/><D95/><U43/><E130/><V108/><F5/><W105/><G131/><T133/><D133/><U80/><E66/><V8/><F132/><W57/><G125/><T3/><D3/><U28/><E43/><V69/><F126/><W63/><G74/><T116/><D116/><U129/><E129/><V121/><F121/><W81/><G81/><T7/><D27/><U100/><E100/><V113/><F113/><W19/><G51/><T49/><D38/><U79/><E91/><V76/><F97/><W35/><G35/><T83/><D83/><U0/><E0/><V75/><F76/><W120/><G23/><T106/><D106/><U11/><E11/><V128/><F128/><W127/><G127/><T36/><D36/><U58/><E58/><V77/><F77/><W40/><G40/><T12/><D12/><U115/><E115/><V78/><F78/><W98/><G120/><T102/><D102/><U13/><E13/><N who="2" m="7335" /><F108/><N who="1" m="41577" /><E41/><V99/><F99/><AGARI ba="0,0" hai="24,28,32,44,46,79,80,87,88,92,99" m="41577" machi="99" ten="30,2000,0" yaku="14,1,54,1" doraHai="62" who="1" fromWho="2" sc="250,0,250,20,250,-20,250,0" /><INIT seed="1,0,0,4,2,94" ten="250,270,230,250" oya="1" hai0="23,106,9,77,118,33,113,97,99,92,17,74,16" hai1="63,109,105,14,30,131,18,41,53,80,103,100,62" hai2="120,124,123,91,116,38,15,70,49,58,68,45,89" hai3="26,40,126,0,112,76,25,83,59,125,119,65,48"/><U27/><E131/><V88/><F116/><W86/><G112/><T10/><D33/><U134/><E134/><V104/><F124/><N who="3" m="47723" /><G0/><T117/><D113/><U4/><E4/><V52/><F104/><W133/><G133/><T127/><D127/><U71/><E41/><V130/><F130/><W66/><G119/><T79/><D106/><U54/><E80/><V102/><F102/><W93/><G40/><T135/><D135/><U98/><E100/><V46/><F15/><W87/><G48/><T96/><D92/><U37/><E37/><V19/><F19/><N who="0" m="7242" /><D23/><U32/><E109/><V21/><F21/><W78/><G59/><T47/><D74/><U11/><E62/><V2/><F2/><W51/><G51/><T64/><D64/><AGARI ba="0,0" hai="11,14,18,27,30,32,53,54,63,64,71,98,103,105" machi="64" ten="40,7700,0" yaku="25,2,52,1" doraHai="94" who="1" fromWho="0" sc="250,-77,270,77,230,0,250,0" /><INIT seed="1,1,0,4,4,77" ten="173,347,230,250" oya="1" hai0="55,35,53,90,118,105,41,127,86,9,61,88,111" hai1="83,3,128,98,51,79,34,70,44,73,87,125,26" hai2="52,117,107,130,10,56,48,43,17,82,18,97,113" hai3="121,1,59,134,75,33,39,65,67,116,135,5,36"/><U7/><E125/><V119/><F130/><W92/><G121/><T85/><D105/><U0/><E70/><V45/><F113/><W20/><G33/><T13/><D35/><U101/><E128/><V100/><F10/><W49/><G75/><T133/><D118/><U76/><E7/><V74/><F74/><W4/><G116/><T11/><D127/><U114/><E114/><V62/><F117/><W95/><G20/><T50/><D133/><U80/><E26/><V120/><F119/><W109/><G49/><T63/><D41/><U84/><E73/><V46/><F120/><W115/><G59/><T96/><D96/><U8/><E34/><V110/><F110/><W31/><G31/><T122/><D122/><U57/><E57/><V126/><F126/><W94/><G115/><T6/><D111/><U24/><E24/><V15/><F15/><W30/><G30/><T112/><D112/><U132/><E8/><V131/><F131/><W58/><G58/><N who="0" m="33079" /><D55/><U103/><E132/><N who="3" m="50730" /><G109/><T14/><D14/><U64/><E64/><N who="3" m="24650" /><G1/><T23/><D11/><U93/><E103/><V66/><F46/><W38/><AGARI ba="1,0" hai="4,5,36,38,39,92,94,95" m="24650,50730" machi="38" ten="40,5200,0" yaku="28,2,20,1" doraHai="77" who="3" fromWho="3" sc="173,-14,347,-27,230,-14,250,55" /><INIT seed="2,0,0,1,3,114" ten="159,320,216,305" oya="2" hai0="112,97,89,28,110,93,80,36,61,60,87,105,18" hai1="4,84,15,92,104,133,111,88,119,85,58,83,126" hai2="13,125,63,118,90,23,117,70,54,130,75,0,124" hai3="6,122,98,113,72,2,128,9,56,45,22,120,40"/><V53/><F0/><W129/><G113/><T57/><D112/><U94/><E104/><V107/><F107/><W29/><G72/><T35/><D36/><U116/><E126/><N who="2" m="48747" /><F130/><N who="3" m="50283" /><G98/><T101/><D110/><U48/><E133/><V32/><F32/><W78/><G78/><T103/><D28/><U65/><E111/><V8/><F23/><W37/><G56/><T24/><D35/><U69/><E69/><V20/><F20/><W71/><G71/><T66/><D105/><U27/><E27/><AGARI ba="0,0" hai="2,6,9,22,27,29,37,40,45,120,122" m="50283" machi="27" ten="30,1000,0" yaku="19,1" doraHai="114" who="3" fromWho="1" sc="159,0,320,-10,216,0,305,10" /><INIT seed="3,0,0,4,5,122" ten="159,310,216,315" oya="3" hai0="62,109,64,93,100,42,113,125,87,115,51,18,32" hai1="21,89,6,116,85,15,77,95,16,75,46,55,35" hai2="83,25,117,106,65,23,92,103,69,48,119,52,97" hai3="111,26,76,102,84,19,10,94,63,49,112,40,114"/><W58/><G111/><T0/><D0/><U110/><E110/><V105/><F105/><W54/><G114/><T98/><D125/><U133/><E116/><V24/><F24/><W132/><G112/><T120/><D113/><U134/><E35/><V118/><F83/><N who="3" m="47207" /><G132/><N who="1" m="50794" /><E6/><V28/><F106/><W8/><G102/><T44/><D115/><U126/><E126/><V60/><F117/><W101/><G101/><T2/><D120/><U56/><E46/><AGARI ba="0,0" hai="23,25,28,46,48,52,60,65,69,92,97,103,118,119" machi="46" ten="30,2000,0" yaku="7,1,54,1" doraHai="122" who="2" fromWho="1" sc="159,0,310,-20,216,20,315,0" owari="159,-34.0,290,9.0,236,-16.0,315,41.0" /></mjloggm>