<mjloggm ver="2.3"><GO type="97" lobby="0"/><UN n0="%E5%B8%B8%E5%A4%8F%E3%83%91%E3%82%A4%E5%8A%A9" n1="%E3%82%A6%E3%83%AB%E3%83%88%E3%83%A9%E7%AB%8B%E7%9B%B4" n2="%E5%8D%83%E7%94%9F" n3="%E3%81%9F%E3%82%89%E3%81%93%E4%B8%80%E4%B8%96%E4%B8%80%E4%BB%A3" dan="15,15,13,13" rate="2019.83,1971.02,1961.58,1856.03" sx="F,M,M,M"/><TAIKYOKU oya="0"/><INIT seed="0,0,0,2,1,57" ten="250,250,250,250" oya="0" hai0="56,69,60,101,87,84,26,95,89,79,44,21,103" hai1="35,22,51,72,134,19,27,14,73,75,61,39,127" hai2="85,20,96,16,53,118,8,31,11,4,130,88,119" hai3="122,104,124,64,111,105,90,58,50,91,49,80,113"/><T116/><D116/><N who="2" m="44586" /><F130/><W93/><G111/><T7/><D69/><U107/><E39/><V74/><F74/><W129/><G124/><T81/><D44/><U128/><E107/><V108/><F108/><W112/><G129/><T34/><D7/><U6/><E128/><V42/><F31/><W133/><G133/><T45/><D45/><U29/><E134/><V76/><F42/><W99/><G122/><T17/><REACH who="0" step="1"/><D34/><REACH who="0" ten="240,250,250,250" step="2"/><U37/><E127/><V126/><F126/><W132/><G132/><T109/><D109/><U66/><E37/><V40/><F4/><W47/><G47/><T121/><D121/><U24/><E6/><V52/><F40/><W2/><G113/><T9/><D9/><N who="2" m="3658" /><F76/><W70/><G112/><T123/><D123/><U135/><E135/><V68/><F68/><W98/><G70/><T12/><D12/><U100/><E14/><N who="2" m="9239" /><F96/><W0/><G99/><T25/><D25/><U82/><E27/><V120/><F120/><W110/><G98/><T33/><D33/><U3/><E24/><V36/><F36/><W41/><G110/><T131/><D131/><U67/><E35/><V94/><AGARI ba="0,1" hai="52,53,85,88,94" m="9239,3658,44586" machi="94" ten="30,7900,0" yaku="12,1,54,3" doraHai="57" who="2" fromWho="2" sc="240,-39,250,-20,250,89,250,-20" /><INIT seed="1,0,0,1,1,85" ten="201,230,339,230" oya="1" hai0="112,41,81,51,117,125,104,27,34,10,0,61,26" hai1="106,35,74,135,90,11,86,128,107,55,110,28,33" hai2="67,2,99,119,79,78,20,17,91,134,62,116,101" hai3="31,46,123,73,120,13,18,115,8,96,93,21,87"/><U84/><E74/><V37/><F37/><W114/><G73/><T19/><D125/><U103/><E103/><V36/><F36/><W65/><G65/><T92/><D112/><U129/><E28/><V64/><F2/><W56/><G56/><T69/><D104/><N who="1" m="39979" /><E11/><V113/><F113/><W98/><G98/><T105/><D105/><U80/><E55/><V89/><F134/><W4/><G31/><T32/><D117/><U48/><E48/><V111/><F62/><W29/><G29/><T108/><D51/><U58/><E58/><V3/><F3/><W59/><G115/><T66/><D10/><U50/><E50/><V38/><F38/><W100/><G114/><T77/><D61/><U72/><E72/><V6/><F99/><W44/><G59/><T53/><D53/><U12/><E12/><V130/><F101/><W22/><G22/><T52/><D52/><U118/><E118/><V1/><F20/><W60/><G60/><T63/><D63/><U43/><E43/><V5/><F1/><W45/><REACH who="3" step="1"/><G87/><REACH who="3" ten="201,230,339,220" step="2"/><T94/><D66/><U127/><E84/><V76/><F116/><W57/><G57/><T71/><D71/><U16/><E86/><V124/><F119/><W109/><G109/><T68/><D69/><U97/><E110/><V126/><F111/><W9/><G9/><T30/><D68/><U82/><E97/><V49/><F67/><W132/><G132/><T24/><D108/><U54/><E135/><V75/><F64/><W88/><G88/><T122/><D34/><U131/><E35/><V133/><F133/><W15/><AGARI ba="0,1" hai="4,8,13,15,18,21,44,45,46,93,96,100,120,123" machi="15" ten="30,4000,0" yaku="1,1,5,1,0,1,53,0" doraHai="85" doraHaiUra="83" who="3" fromWho="3" sc="201,-10,230,-20,339,-10,220,50" /><INIT seed="2,0,0,4,4,13" ten="191,210,329,270" oya="2" hai0="47,55,42,35,117,14,118,10,38,2,65,109,54" hai1="87,89,69,9,126,1,98,116,8,85,43,32,24" hai2="66,28,59,70,73,79,33,105,31,93,84,91,88" hai3="29,83,22,75,111,58,25,0,44,96,114,95,125"/><V50/><F105/><W68/><G111/><T16/><D109/><U37/><E116/><N who="0" m="44649" /><D35/><U17/><E126/><V49/><F73/><W57/><G68/><T64/><D2/><U60/><E43/><V121/><F121/><W6/><G125/><T7/><D7/><U40/><E40/><V82/><F79/><W11/><G114/><T128/><D128/><U45/><E45/><V41/><F70/><W48/><G75/><T19/><D19/><U56/><E37/><V36/><F36/><W30/><G30/><N who="2" m="11305" /><F41/><W107/><G107/><T133/><D133/><U63/><E32/><V34/><F34/><W62/><G83/><T112/><D112/><U72/><E72/><V4/><F4/><W26/><G26/><T67/><AGARI ba="0,0" hai="10,14,16,38,42,47,54,55,64,65,67" m="44649" machi="67" ten="30,4000,0" yaku="12,1,52,1,54,1" doraHai="13" who="0" fromWho="0" sc="191,40,210,-10,329,-20,270,-10" /><INIT seed="3,0,0,2,3,93" ten="231,200,309,260" oya="3" hai0="11,113,47,103,42,68,85,67,16,121,71,27,10" hai1="38,3,59,109,25,105,86,64,31,131,40,134,61" hai2="19,123,45,34,65,112,33,35,43,107,106,80,90" hai3="51,124,91,73,46,78,88,0,99,133,49,126,8"/><W53/><G133/><T30/><D121/><U129/><E3/><V44/><F112/><W70/><G70/><T72/><D72/><U115/><E115/><V63/><F45/><W9/><G73/><T120/><D120/><U101/><E134/><V7/><F19/><W125/><G78/><T76/><D113/><U12/><E109/><V92/><F7/><W87/><G0/><T89/><D76/><U95/><E12/><V116/><F123/><W24/><G24/><T119/><D103/><U77/><E40/><V29/><F29/><W58/><G99/><T117/><D117/><U5/><E38/><N who="2" m="21623" /><F90/><N who="3" m="34347" /><G87/><T48/><D119/><U118/><E5/><V23/><F92/><W98/><G98/><T20/><D71/><U55/><E118/><V56/><F23/><W15/><G15/><T54/><D68/><U81/><E105/><V13/><F13/><W66/><G66/><T69/><D67/><U130/><E64/><V39/><F116/><W17/><G17/><T62/><D30/><U82/><E82/><V14/><F14/><W127/><N who="3" m="31744" /><DORA hai="100" /><W18/><G18/><T79/><D79/><U104/><E95/><V21/><F80/><W96/><G96/><T128/><D69/><U60/><E101/><V108/><F21/><W94/><G94/><N who="0" m="54575" /><D128/><N who="1" m="32771" /><U114/><DORA hai="97" /><E114/><V110/><F108/><W74/><G74/><T50/><D62/><N who="1" m="36223" /><E104/><N who="2" m="39979" /><F110/><W75/><G75/><T84/><D84/><U4/><E4/><V37/><F65/><W83/><G83/><T36/><D36/><U26/><E31/><V111/><F111/><W41/><AGARI ba="0,0" hai="8,9,41,46,49,51,53,58" m="31744,34347" machi="41" ten="60,6000,0" yaku="18,1,54,1" doraHai="93,100,97" who="3" fromWho="3" sc="231,-20,200,-20,309,-20,260,60" owari="211,-19.0,180,-32.0,289,9.0,320,42.0" /></mjloggm>