<mjloggm ver="2.3"><GO type="41" lobby="0"/><UN n0="%E3%81%AA%E3%82%81%E3%81%93%E5%85%88%E8%BC%A9" n1="%E3%83%9C%E3%82%AF%E3%81%8A%E3%81%AA%EF%BC%92" n2="%E3%81%90%E3%82%8A%E3%81%A8%E3%81%90%E3%82%89" n3="%E5%B0%B1%E6%B4%BB%E7%94%9F%40%E5%B7%9D%E6%9D%91%E8%BB%8D%E5%9B%A3" dan="13,13,13,15" rate="1947.12,1885.81,1852.60,1986.42" sx="M,M,M,M"/><TAIKYOKU oya="0"/><INIT seed="0,0,0,0,4,132" ten="250,250,250,250" oya="0" hai0="82,119,7,100,83,88,133,69,124,35,105,38,131" hai1="18,123,49,16,3,32,96,109,1,93,6,62,128" hai2="90,47,67,66,65,24,9,58,135,14,8,46,89" hai3="102,120,40,15,126,30,55,51,116,2,91,108,41"/><T36/><D35/><U106/><E123/><V26/><F135/><W12/><G2/><T43/><D69/><U29/><E106/><V39/><F39/><W110/><G120/><T45/><D119/><U17/><E109/><N who="3" m="42090" /><G116/><T31/><D31/><U64/><E128/><V125/><F125/><W86/><G102/><T56/><D7/><U78/><E78/><V103/><F103/><W127/><G30/><T11/><D11/><N who="2" m="4170" /><F14/><N who="3" m="5163" /><G40/><T59/><D131/><U10/><E3/><V19/><F58/><N who="3" m="33151" /><G41/><T60/><D133/><U37/><E37/><V121/><F121/><W20/><G20/><T75/><D100/><U71/><E49/><V5/><F5/><W107/><G107/><T97/><D105/><U115/><E29/><V130/><F130/><W13/><N who="3" m="5171" /><W98/><DORA hai="73" /><G98/><T99/><D97/><U112/><REACH who="1" step="1"/><E32/><REACH who="1" ten="250,240,250,250" step="2"/><V81/><F67/><W113/><G113/><T50/><D38/><U104/><E104/><V94/><F66/><W52/><G52/><T111/><D36/><U63/><E63/><V61/><F61/><W27/><G27/><T80/><D111/><U34/><E34/><V23/><F65/><W48/><G48/><T57/><D60/><U0/><E0/><V22/><F26/><W53/><G53/><T114/><D75/><U84/><E84/><V129/><F129/><W77/><G77/><T122/><D122/><U70/><E70/><V25/><F25/><W42/><G42/><T72/><D72/><U95/><E95/><AGARI ba="0,1" hai="86,91,95,126,127" m="33151,5171,42090" machi="95" ten="40,5200,0" yaku="14,1,52,2" doraHai="132,73" who="3" fromWho="1" sc="250,0,240,-52,250,0,250,62" /><INIT seed="1,0,0,4,5,132" ten="250,188,250,312" oya="1" hai0="26,62,16,88,50,34,79,110,125,100,22,133,106" hai1="107,123,35,129,81,33,102,91,52,29,66,1,111" hai2="118,7,126,74,94,19,77,64,86,105,96,95,55" hai3="13,97,90,112,9,65,63,45,57,40,135,103,131"/><U39/><E123/><V122/><F122/><W5/><G112/><T46/><D79/><U89/><E39/><V120/><F118/><W23/><G135/><T73/><D73/><U10/><E66/><V48/><F120/><W82/><G131/><T114/><D114/><U104/><E129/><V128/><F128/><W18/><G82/><T21/><D133/><U124/><E111/><V78/><F64/><W67/><G90/><T47/><D34/><U12/><E1/><V53/><F74/><W70/><G70/><T56/><D110/><U58/><E124/><V0/><F105/><W8/><G67/><T109/><D109/><U87/><E91/><V130/><F130/><W69/><G69/><T28/><D125/><U37/><E37/><V108/><F108/><W17/><G17/><T3/><D3/><U15/><E29/><V61/><F7/><W83/><G83/><T99/><D88/><U59/><E59/><V44/><F0/><W84/><G84/><T98/><D98/><U68/><E68/><V127/><F86/><W80/><G80/><T4/><D4/><U85/><E85/><V31/><F31/><W60/><G60/><T75/><D75/><U27/><E27/><V134/><F134/><W92/><G5/><T2/><D2/><U11/><E11/><V113/><F113/><W38/><AGARI ba="0,0" hai="8,9,13,18,23,38,40,45,57,63,65,92,97,103" machi="38" ten="20,1500,0" yaku="0,1,7,1" doraHai="132" who="3" fromWho="3" sc="250,-4,188,-7,250,-4,312,15" /><INIT seed="2,0,0,3,3,116" ten="246,181,246,327" oya="2" hai0="88,51,47,43,114,19,25,66,59,132,102,133,67" hai1="46,34,61,11,63,81,27,90,92,50,82,64,126" hai2="80,2,83,16,129,31,17,1,45,21,125,28,7" hai3="12,118,23,86,100,104,60,26,78,115,89,127,103"/><V42/><F129/><W29/><G115/><T10/><D102/><U20/><E126/><V75/><F125/><W72/><G118/><T0/><D114/><U15/><E34/><V37/><F2/><W35/><G127/><T135/><D59/><U76/><E76/><V56/><F56/><W32/><G72/><T52/><D43/><U39/><E39/><V74/><F17/><W134/><G78/><T77/><D77/><U98/><E63/><V131/><F131/><W24/><G134/><T107/><D107/><U54/><E20/><V93/><F93/><W53/><G12/><N who="0" m="7575" /><D25/><U13/><E27/><V73/><F83/><W4/><G4/><T14/><D14/><U6/><REACH who="1" step="1"/><E15/><REACH who="1" ten="246,171,246,327" step="2"/><V3/><F73/><W110/><G110/><T128/><D0/><U57/><AGARI ba="0,1" hai="6,11,13,46,50,54,57,61,64,81,82,90,92,98" machi="57" ten="20,12000,2" yaku="1,1,2,1,0,1,7,1,8,1,53,1" doraHai="116" doraHaiUra="5" who="1" fromWho="1" sc="246,-30,171,130,246,-60,327,-30" /><INIT seed="3,0,0,4,4,126" ten="216,301,186,297" oya="3" hai0="34,107,86,35,80,49,57,125,27,36,24,108,128" hai1="72,44,11,100,95,121,131,43,25,61,74,26,84" hai2="60,30,73,113,87,54,112,122,96,53,40,33,45" hai3="79,1,63,9,105,48,123,119,85,28,39,129,58"/><W23/><G39/><T52/><D36/><U102/><E121/><V22/><F73/><W114/><G105/><T93/><D107/><U99/><E102/><V130/><F33/><W69/><G119/><T71/><D71/><U111/><E111/><V91/><F130/><W89/><G123/><T0/><D0/><U110/><E131/><V12/><F122/><W3/><G129/><T127/><D128/><U115/><E115/><V98/><F113/><W37/><G114/><T82/><D93/><U66/><E11/><V67/><F112/><W124/><G124/><N who="0" m="47691" /><D108/><U97/><E97/><V4/><F4/><W6/><G37/><T21/><D27/><U68/><E84/><V120/><F120/><W109/><G109/><T133/><D133/><U134/><E134/><V104/><F104/><W90/><G69/><T50/><D50/><U38/><E110/><V62/><F62/><W31/><G3/><T65/><D65/><U16/><REACH who="1" step="1"/><E26/><REACH who="1" ten="216,291,186,297" step="2"/><V88/><F98/><W32/><G85/><T64/><D82/><U70/><E70/><V13/><F96/><W51/><G9/><T117/><D117/><U47/><E47/><V78/><F87/><W14/><G6/><T2/><D2/><U81/><E81/><V41/><F45/><W17/><G1/><T118/><D118/><U10/><E10/><V103/><F103/><W7/><G79/><T59/><D86/><U83/><E83/><V75/><F78/><W18/><G7/><T29/><D80/><U94/><E94/><V132/><F132/><W116/><G116/><T20/><D34/><U15/><E15/><RYUUKYOKU ba="0,1" sc="216,15,291,15,186,-15,297,-15" hai0="20,21,24,29,35,49,52,57,59,64" hai1="16,25,38,43,44,61,66,68,72,74,95,99,100" /><INIT seed="4,1,1,3,2,0" ten="231,306,171,282" oya="0" hai0="71,46,76,119,29,44,21,66,36,110,117,4,132" hai1="15,128,39,50,96,109,86,82,10,131,72,34,16" hai2="74,62,93,123,124,113,104,126,87,133,61,31,79" hai3="69,83,63,92,88,94,91,58,90,105,112,40,2"/><T118/><D76/><U12/><E109/><V127/><F104/><W18/><G105/><T106/><D106/><U120/><E120/><V59/><F74/><W28/><G2/><T56/><D71/><U64/><E39/><V6/><F123/><W47/><G69/><T5/><D110/><U95/><E72/><V52/><F31/><W24/><G112/><T135/><D21/><U78/><E34/><V8/><F133/><N who="0" m="51274" /><D29/><U116/><E116/><V70/><F113/><W55/><G18/><T85/><D85/><U80/><E64/><V67/><F79/><W43/><G83/><T129/><D129/><N who="1" m="49739" /><E82/><V89/><F8/><W30/><G30/><T111/><D111/><U27/><E27/><V45/><F45/><N who="0" m="17514" /><D36/><U103/><E50/><V13/><F13/><AGARI ba="1,1" hai="10,12,13,15,16,78,80,86,95,96,103" m="49739" machi="13" ten="30,2000,0" yaku="19,1,54,1" doraHai="0" who="1" fromWho="2" sc="231,0,306,33,171,-23,282,0" /><INIT seed="5,0,0,2,0,103" ten="231,339,148,282" oya="1" hai0="72,75,69,63,25,11,26,49,60,121,134,96,50" hai1="38,56,126,84,93,117,23,64,20,104,65,88,18" hai2="129,6,105,33,13,131,102,80,87,133,22,37,77" hai3="29,113,91,124,94,127,120,68,44,54,110,90,2"/><U66/><E117/><V132/><F33/><W58/><G68/><T45/><D134/><N who="2" m="51818" /><F37/><W108/><G2/><T36/><D36/><U114/><E114/><V47/><F47/><W101/><G113/><T57/><D69/><U42/><E126/><N who="3" m="48170" /><G120/><T35/><D63/><U135/><E135/><V0/><F0/><W71/><G29/><T61/><D60/><U73/><E73/><V12/><F22/><W116/><G71/><T51/><D45/><U14/><E42/><V41/><F41/><W99/><G44/><T10/><D121/><U125/><E38/><V81/><F81/><W28/><G28/><T95/><D75/><U43/><E43/><V15/><F6/><W3/><G3/><T89/><D72/><U7/><E7/><V4/><F4/><W55/><G55/><N who="0" m="33983" /><D35/><U111/><E56/><V39/><F39/><W78/><G78/><T86/><D96/><AGARI ba="0,0" hai="12,13,15,77,80,87,96,102,105,129,131" m="51818" machi="96" ten="40,2600,0" yaku="20,1,52,1" doraHai="103" who="2" fromWho="0" sc="231,-26,339,0,148,26,282,0" /><INIT seed="6,0,0,3,0,118" ten="205,339,174,282" oya="2" hai0="108,91,85,129,88,53,57,21,4,1,39,71,6" hai1="126,84,112,124,54,65,49,15,98,114,20,95,30" hai2="93,111,92,70,14,25,86,41,109,87,60,17,2" hai3="0,33,105,28,102,10,94,16,97,37,38,67,133"/><V77/><F2/><W130/><G130/><T55/><D71/><U89/><E65/><N who="2" m="41255" /><F41/><W22/><G133/><T46/><D129/><U127/><E98/><V121/><F25/><W72/><G72/><T24/><D108/><N who="2" m="41546" /><F121/><W12/><G67/><T135/><D135/><U18/><E30/><V128/><F128/><W51/><G105/><T83/><D1/><U23/><REACH who="1" step="1"/><E20/><REACH who="1" ten="205,329,174,282" step="2"/><V34/><F34/><W52/><G33/><T61/><D91/><U131/><E131/><V76/><F86/><W7/><REACH who="3" step="1"/><G28/><REACH who="3" ten="205,329,174,272" step="2"/><N who="0" m="17423" /><D39/><U8/><E8/><V64/><F64/><W75/><G75/><T122/><D85/><U100/><E100/><V36/><F87/><W104/><G104/><T19/><D83/><U43/><E43/><V26/><F36/><W120/><G120/><T74/><D122/><U13/><E13/><V40/><F40/><W106/><G106/><T96/><D74/><U125/><E125/><V11/><F26/><W80/><G80/><T32/><D96/><U123/><E123/><V45/><F93/><W56/><AGARI ba="0,2" hai="0,7,10,12,16,22,37,38,51,52,56,94,97,102" machi="56" ten="20,12000,2" yaku="1,1,0,1,7,1,54,2,53,1" doraHai="118" doraHaiUra="3" who="3" fromWho="3" sc="205,-30,329,-30,174,-60,272,140" /><INIT seed="7,0,0,1,1,87" ten="175,299,114,412" oya="3" hai0="90,91,41,94,62,78,14,104,125,134,126,65,35" hai1="89,27,49,92,8,16,13,119,112,21,77,5,61" hai2="111,81,39,129,47,131,43,17,32,33,70,45,127" hai3="42,124,46,135,133,79,108,115,116,85,11,38,98"/><W105/><G116/><T55/><D35/><U7/><E119/><V54/><F111/><W96/><G115/><T4/><D104/><U37/><E37/><V56/><F17/><W12/><G108/><T71/><D41/><U97/><E112/><V93/><F93/><W10/><G124/><N who="0" m="47723" /><D134/><N who="3" m="51209" /><G105/><T64/><D78/><U1/><E77/><V106/><F106/><W109/><G109/><T48/><D94/><U40/><E1/><V114/><F127/><W122/><G122/><T50/><D64/><U113/><E61/><V3/><F3/><W15/><G85/><T118/><D118/><U34/><E34/><V26/><F26/><W60/><G79/><T82/><D82/><U67/><E67/><V63/><F47/><W66/><G10/><N who="0" m="4423" /><D48/><U107/><E107/><V120/><F81/><W25/><G25/><T73/><D73/><U29/><REACH who="1" step="1"/><E113/><REACH who="1" ten="175,289,114,412" step="2"/><V83/><F114/><W95/><G60/><T130/><D62/><U53/><E53/><V100/><F32/><W31/><G66/><T18/><D65/><U102/><E102/><V72/><F33/><W121/><G38/><T68/><D55/><U110/><E110/><V59/><F100/><W75/><G42/><T57/><D68/><U19/><E19/><V2/><F2/><W128/><G75/><T69/><D18/><U101/><E101/><V58/><F72/><W88/><G121/><T103/><D103/><U9/><E9/><V0/><F0/><W36/><G11/><T22/><D71/><U117/><E117/><V30/><F120/><W28/><G31/><T76/><D69/><U123/><E123/><RYUUKYOKU ba="0,1" sc="175,-10,289,30,114,-10,412,-10" hai1="5,7,8,13,16,21,27,29,40,49,89,92,97" owari="165,-23.0,319,12.0,104,-40.0,412,51.0" /></mjloggm>