<mjloggm ver="2.3"><GO type="97" lobby="0"/><UN n0="%E3%81%A4%E3%81%8D%E3%81%B2%E3%81%8B%E3%82%8B" n1="%E3%82%AA%E3%83%8A%E3%83%9B" n2="%73%61%72%61%7A%6F" n3="%E3%82%A6%E3%83%AB%E3%83%88%E3%83%A9%E7%AB%8B%E7%9B%B4" dan="14,14,15,15" rate="1857.06,1846.90,2034.94,1984.73" sx="M,F,M,M"/><TAIKYOKU oya="0"/><INIT seed="0,0,0,4,1,84" ten="250,250,250,250" oya="0" hai0="45,31,74,115,70,92,39,3,20,129,134,124,96" hai1="14,11,99,100,12,102,32,25,58,83,67,75,108" hai2="28,26,29,62,103,35,131,57,10,7,53,69,54" hai3="68,113,97,15,38,0,93,105,48,107,63,118,18"/><T36/><D115/><U4/><E108/><V126/><F126/><W73/><G38/><T81/><D70/><U42/><E42/><V89/><F131/><W17/><G0/><T44/><D3/><U87/><E75/><V47/><F29/><W123/><G73/><T114/><D114/><U78/><E25/><V60/><F103/><W122/><G118/><T59/><D129/><U101/><E32/><V5/><F47/><W79/><G79/><T130/><D130/><U91/><E14/><V65/><F10/><W88/><G48/><T66/><D39/><U24/><E24/><V90/><REACH who="2" step="1"/><F54/><REACH who="2" ten="250,250,240,250" step="2"/><W23/><G113/><T77/><D124/><U2/><E2/><V120/><F120/><N who="3" m="46123" /><G18/><T112/><D112/><U127/><E127/><V80/><F80/><W109/><G109/><T85/><D36/><U52/><E67/><AGARI ba="0,1" hai="15,17,23,63,67,68,88,93,97,105,107" m="46123" machi="67" ten="30,3900,0" yaku="13,1,52,1,54,1" doraHai="84" who="3" fromWho="1" sc="250,0,250,-39,240,0,250,49" /><INIT seed="1,0,0,0,2,129" ten="250,211,240,299" oya="1" hai0="69,67,109,100,35,86,14,89,75,96,71,5,120" hai1="41,4,56,27,82,103,84,36,80,13,7,90,32" hai2="34,18,48,128,91,21,122,31,88,58,10,1,107" hai3="81,94,126,24,124,108,51,50,123,87,8,105,19"/><U98/><E41/><V40/><F107/><W117/><G105/><T23/><D35/><U59/><E36/><V83/><F122/><W16/><G123/><T37/><D37/><U110/><E110/><V125/><F34/><W133/><G108/><T47/><D75/><U3/><E3/><V106/><F106/><W101/><G117/><T99/><D120/><U52/><E80/><V22/><F31/><W76/><G94/><T74/><D74/><U93/><E59/><V113/><F113/><W44/><G101/><T54/><D109/><U15/><E32/><V57/><F128/><W55/><G51/><T39/><D100/><U66/><E66/><V42/><F125/><N who="3" m="48235" /><G133/><T95/><D69/><U26/><E15/><N who="2" m="7543" /><F1/><W53/><G53/><T9/><D23/><N who="2" m="8714" /><F58/><W121/><G121/><T43/><D54/><U85/><E13/><V72/><F72/><W79/><G24/><N who="1" m="9258" /><E84/><N who="2" m="50207" /><F57/><W12/><G19/><T46/><D47/><U104/><E104/><V63/><F63/><AGARI ba="0,0" hai="4,7,52,56,63,82,85,90,93,98,103" m="9258" machi="63" ten="30,2900,0" yaku="8,1,54,1" doraHai="129" who="1" fromWho="2" sc="250,0,211,29,240,-29,299,0" /><INIT seed="1,1,0,3,4,129" ten="250,240,211,299" oya="1" hai0="135,91,5,22,55,86,6,115,10,121,3,9,130" hai1="96,38,97,126,104,18,0,37,113,7,117,13,107" hai2="127,23,94,71,78,79,20,50,16,47,101,108,39" hai3="14,75,4,116,85,56,27,15,60,53,48,90,66"/><U77/><E113/><V84/><F71/><W100/><G100/><T59/><D115/><U12/><E117/><V72/><F39/><W106/><G106/><T42/><D130/><U28/><E28/><V128/><F72/><W46/><G75/><T40/><D121/><U93/><E126/><V33/><F33/><W98/><G98/><T88/><D22/><U54/><E77/><V1/><F1/><W95/><G116/><T120/><D120/><U103/><E107/><V109/><F128/><W111/><G111/><N who="2" m="42569" /><F23/><W24/><G4/><T17/><D17/><U51/><E0/><V133/><F127/><W21/><G27/><T99/><D99/><U19/><E7/><V105/><F105/><W65/><REACH who="3" step="1"/><G66/><REACH who="3" ten="250,240,211,289" step="2"/><T68/><D5/><U67/><E96/><N who="2" m="59543" /><F84/><W89/><G89/><T73/><D91/><U41/><E67/><V49/><F79/><W52/><G52/><T70/><D73/><U124/><E104/><V82/><F78/><W102/><G102/><T122/><D122/><U83/><E41/><V131/><F131/><W11/><G11/><T36/><D42/><U76/><E124/><V123/><F123/><W92/><G92/><T58/><D40/><U57/><E76/><V26/><F82/><W30/><AGARI ba="1,1" hai="14,15,21,24,30,46,48,53,56,60,65,85,90,95" machi="30" ten="20,5200,0" yaku="1,1,0,1,7,1,8,1,53,0" doraHai="129" doraHaiUra="34" who="3" fromWho="3" sc="250,-14,240,-27,211,-14,289,65" /><INIT seed="2,0,0,1,0,21" ten="236,213,197,354" oya="2" hai0="127,116,98,19,109,41,71,104,115,96,112,24,14" hai1="27,129,52,35,3,62,84,69,22,53,128,131,119" hai2="133,36,103,107,39,94,4,125,51,34,81,79,120" hai3="121,38,76,23,33,54,61,102,44,108,8,70,60"/><V110/><F34/><W93/><G33/><T10/><D71/><U58/><E35/><V82/><F4/><W64/><G121/><T134/><D116/><U47/><E119/><V18/><F107/><W46/><G76/><T63/><D127/><U124/><E3/><V92/><F120/><W12/><G38/><T45/><D63/><U0/><E0/><V113/><F125/><W83/><G83/><T74/><D74/><U7/><E7/><V6/><F6/><W80/><G80/><T65/><D65/><N who="1" m="41143" /><E124/><V118/><F118/><W100/><G8/><T88/><D134/><U90/><E47/><V117/><F117/><W49/><G44/><T25/><D109/><U48/><E53/><V17/><F113/><W132/><G132/><T86/><D115/><U97/><E84/><V87/><F133/><W15/><G64/><T40/><D112/><U11/><E11/><V114/><F114/><W126/><G70/><T1/><D1/><U13/><E90/><V32/><F32/><W99/><G108/><T77/><D77/><U78/><E78/><V122/><F122/><W75/><G75/><T37/><D41/><U56/><E97/><V66/><F66/><W9/><G102/><T111/><D111/><U91/><E91/><V31/><F110/><W85/><G85/><T20/><D10/><U89/><E89/><V68/><F68/><W28/><G15/><T130/><D130/><U30/><E58/><V72/><F72/><W2/><G2/><T59/><D59/><U105/><E13/><V5/><F87/><W95/><G126/><T16/><D98/><RYUUKYOKU ba="0,0" sc="236,-10,213,30,197,-10,354,-10" hai1="22,27,30,48,52,56,105,128,129,131" /><INIT seed="3,1,0,1,4,98" ten="226,243,187,344" oya="3" hai0="84,60,59,43,26,4,99,44,66,78,83,89,0" hai1="55,36,114,38,85,131,124,109,72,73,50,51,102" hai2="47,93,82,101,134,113,54,125,34,96,61,65,130" hai3="106,110,14,64,24,117,68,71,105,37,11,13,62"/><W79/><G14/><T118/><D118/><U70/><E114/><V6/><F113/><W69/><G13/><T2/><D4/><U31/><E70/><V133/><F34/><W103/><G11/><T132/><D132/><U92/><E124/><V20/><F6/><W21/><G21/><T94/><D26/><U121/><E121/><V75/><F20/><W29/><G79/><T135/><D135/><N who="2" m="51722" /><F75/><W18/><G18/><T42/><D42/><U107/><E109/><V15/><F15/><W119/><G37/><AGARI ba="1,0" hai="0,2,37,43,44,59,60,66,78,83,84,89,94,99" machi="37" ten="30,1000,0" yaku="7,1" doraHai="98" who="0" fromWho="3" sc="226,13,243,0,187,0,344,-13" owari="239,-16.0,243,4.0,187,-31.0,331,43.0" /></mjloggm>