<mjloggm ver="2.3"><GO type="41" lobby="0"/><UN n0="%E3%81%88%E3%83%BC%E3%81%A8%E3%80%81%E3%81%9D%E3%81%AE%E3%83%BB%E3%83%BB" n1="%64%69%67%69%73%74%61%72" n2="%31%39%31%34%79%61%73%75" n3="%E3%82%A6%E3%83%AB%E3%83%88%E3%83%A9%E7%AB%8B%E7%9B%B4" dan="15,14,14,15" rate="1988.75,1995.98,1902.48,2014.27" sx="M,M,M,M"/><TAIKYOKU oya="0"/><INIT seed="0,0,0,5,2,119" ten="250,250,250,250" oya="0" hai0="87,10,91,13,36,0,132,54,5,85,89,125,83" hai1="24,65,31,77,104,12,66,57,56,100,40,29,41" hai2="72,123,135,62,2,99,21,101,118,82,94,117,76" hai3="68,52,6,75,129,131,45,63,8,90,20,26,93"/><T103/><D36/><U97/><E77/><V61/><F2/><W105/><G105/><T79/><D132/><U67/><E12/><V9/><F9/><W112/><G75/><T71/><D125/><U22/><E31/><V78/><F135/><W69/><G112/><T49/><D71/><U95/><E104/><V74/><F21/><W98/><G68/><T7/><D103/><U34/><E34/><V107/><F61/><W126/><G126/><T106/><D106/><U73/><E73/><V3/><F62/><W39/><G39/><T111/><D111/><U18/><E18/><V122/><F3/><W81/><G81/><T43/><D0/><U47/><E47/><V4/><F4/><W16/><G45/><N who="0" m="25791" /><D54/><U92/><E92/><V32/><F32/><W130/><G69/><T11/><D11/><U58/><AGARI ba="0,0" hai="22,24,29,40,41,56,57,58,65,66,67,95,97,100" machi="58" ten="30,2000,0" yaku="0,1,8,1" doraHai="119" who="1" fromWho="1" sc="250,-10,250,20,250,-5,250,-5" /><INIT seed="1,0,0,3,2,52" ten="240,270,245,245" oya="1" hai0="18,59,101,24,62,100,3,88,92,11,29,25,105" hai1="75,21,130,17,5,6,129,8,117,45,64,28,13" hai2="114,111,81,70,31,55,86,30,121,98,46,116,15" hai3="69,22,44,58,27,97,90,20,83,7,33,57,48"/><U1/><E75/><V19/><F70/><W96/><G33/><T47/><D105/><U49/><E117/><V35/><F35/><W63/><G69/><T60/><D47/><U77/><E64/><V94/><F116/><W56/><G7/><T80/><D80/><U0/><E77/><V14/><F14/><W12/><G12/><N who="0" m="7455" /><D3/><U2/><E49/><V36/><F36/><W65/><G83/><T108/><D108/><U87/><E87/><V120/><F111/><W132/><G132/><T50/><D50/><U26/><E45/><V107/><F107/><W103/><G90/><T124/><D124/><U51/><E51/><V79/><F114/><W106/><G97/><N who="0" m="57479" /><D29/><U16/><E5/><V104/><F104/><W131/><G131/><AGARI ba="0,0" hai="0,1,2,6,8,13,16,17,21,26,28,129,130,131" machi="131" ten="50,12000,1" yaku="19,1,34,3,54,1" doraHai="52" who="1" fromWho="3" sc="240,0,270,120,245,0,245,-120" /><INIT seed="1,1,0,0,0,86" ten="240,390,245,125" oya="1" hai0="66,129,14,53,56,110,39,131,17,109,88,9,70" hai1="107,68,105,72,35,115,113,77,127,76,96,62,89" hai2="16,78,43,45,91,60,93,92,46,114,63,95,65" hai3="42,121,74,29,18,4,119,32,67,59,103,52,134"/><U54/><E127/><V98/><F78/><W73/><G121/><T12/><D39/><U128/><E54/><V120/><F120/><W7/><G42/><T1/><D1/><U19/><E19/><V81/><F114/><W2/><G67/><T48/><D66/><U64/><E128/><N who="0" m="49225" /><D70/><U15/><E15/><V80/><F81/><W99/><G134/><T85/><D14/><U41/><E41/><V38/><F46/><W24/><G18/><T79/><D79/><U126/><E126/><V90/><F80/><AGARI ba="1,0" hai="9,12,17,48,53,56,80,85,88,109,110" m="49225" machi="80" ten="30,3900,0" yaku="19,1,52,1,54,1" doraHai="86" who="0" fromWho="2" sc="240,42,390,0,245,-42,125,0" /><INIT seed="2,0,0,1,4,126" ten="282,390,203,125" oya="2" hai0="54,109,14,57,96,62,50,20,43,91,45,31,118" hai1="92,74,130,30,1,58,49,39,88,105,65,79,60" hai2="7,132,56,12,64,41,93,5,53,63,3,123,112" hai3="69,38,90,98,55,9,24,68,40,37,80,124,120"/><V113/><F123/><W17/><G80/><T119/><D109/><U27/><E105/><V102/><F3/><W97/><G9/><T21/><D31/><U23/><E39/><V11/><F41/><W135/><G40/><T0/><D0/><U85/><E1/><V103/><F132/><W76/><G76/><T46/><D46/><U106/><E106/><V52/><F112/><W42/><G42/><T8/><D118/><U15/><E74/><V89/><F7/><W18/><G24/><T51/><D51/><U75/><E75/><V94/><F94/><W72/><G72/><T70/><D70/><U108/><E79/><V71/><F113/><W83/><G83/><T100/><D91/><U82/><E108/><V133/><F133/><W121/><G135/><T110/><D110/><U6/><E49/><V61/><REACH who="2" step="1"/><F53/><REACH who="2" ten="282,390,193,125" step="2"/><W35/><G55/><T47/><D119/><U116/><E116/><V73/><F73/><W127/><G35/><T36/><D36/><U78/><E92/><V107/><F107/><W104/><G104/><T4/><D43/><U86/><E78/><V13/><F13/><W77/><G77/><T111/><D14/><U10/><E15/><V125/><F125/><W2/><G2/><T131/><D54/><U67/><E6/><V29/><F29/><W33/><G33/><T25/><D4/><U114/><E30/><V128/><F128/><W129/><G90/><T95/><D131/><AGARI ba="0,1" hai="17,18,37,38,68,69,97,98,120,121,124,127,129,131" machi="131" ten="25,6400,0" yaku="22,2,52,2" doraHai="126" who="3" fromWho="0" sc="282,-64,390,0,193,0,125,74" /><INIT seed="3,0,0,5,4,95" ten="218,390,193,199" oya="3" hai0="27,93,10,14,16,77,78,120,42,105,98,51,91" hai1="61,30,109,48,36,72,7,32,40,117,92,67,35" hai2="76,55,56,115,26,121,127,11,68,129,19,9,22" hai3="126,128,28,133,50,25,102,82,104,122,17,89,130"/><W113/><G122/><T8/><D105/><U23/><E109/><V103/><F68/><W57/><G113/><T106/><D106/><U13/><E72/><V75/><F121/><W116/><G116/><T33/><D120/><U12/><E36/><V60/><F115/><W123/><G123/><T71/><D71/><U85/><E32/><V59/><F129/><N who="3" m="49771" /><G17/><T134/><D134/><U21/><E35/><V44/><F127/><W15/><G15/><N who="0" m="7287" /><D33/><U53/><E13/><V65/><F76/><W1/><G1/><T94/><D27/><U118/><E30/><V2/><F75/><W24/><G133/><T49/><D94/><U110/><E110/><V66/><F2/><W41/><G126/><T45/><D51/><U63/><E48/><V20/><F44/><N who="3" m="25871" /><G28/><T99/><D99/><U62/><E7/><AGARI ba="0,0" hai="7,8,14,42,45,49,77,78,91,93,98" m="7287" machi="7" ten="30,3900,0" yaku="8,1,52,1,54,1" doraHai="95" who="0" fromWho="1" sc="218,39,390,-39,193,0,199,0" /><INIT seed="4,0,0,4,2,49" ten="257,351,193,199" oya="0" hai0="108,104,75,28,76,119,27,22,101,41,45,92,129" hai1="132,0,40,72,128,32,10,18,19,126,29,122,25" hai2="80,62,97,109,30,100,4,64,94,86,58,6,74" hai3="65,81,55,134,79,60,31,114,84,26,39,91,113"/><T47/><D119/><U5/><E122/><V124/><F74/><W69/><G39/><T23/><D129/><U107/><E128/><V59/><F109/><W133/><G91/><T43/><D108/><U3/><E107/><V99/><F99/><W16/><G55/><T110/><D110/><U120/><E72/><V112/><F112/><W9/><G9/><T111/><D111/><U117/><E40/><V61/><F124/><W131/><G131/><T95/><D104/><U70/><E70/><V106/><F106/><W50/><G50/><T33/><D33/><U42/><E42/><V8/><F30/><W115/><REACH who="3" step="1"/><G16/><REACH who="3" ten="257,351,193,189" step="2"/><T56/><D41/><U135/><E19/><V37/><F8/><W82/><G82/><T89/><D43/><U12/><E3/><V116/><F37/><W34/><AGARI ba="0,1" hai="26,31,34,60,65,69,79,81,84,113,114,115,133,134" machi="34" ten="40,5200,0" yaku="1,1,0,1,15,1,53,0" doraHai="49" doraHaiUra="14" who="3" fromWho="3" sc="257,-26,351,-13,193,-13,189,62" /><INIT seed="5,0,0,1,0,10" ten="231,338,180,251" oya="1" hai0="5,95,14,17,46,53,50,26,6,7,101,54,80" hai1="78,107,43,30,112,31,81,124,109,2,134,113,70" hai2="64,24,58,12,63,131,119,94,114,84,98,120,79" hai3="27,110,91,18,72,57,130,75,103,85,66,100,29"/><U3/><E134/><V22/><F120/><W76/><G110/><T28/><D80/><U21/><E107/><V87/><F119/><W69/><G69/><T37/><D37/><U118/><E118/><V45/><F131/><W115/><G18/><T20/><D101/><N who="3" m="38985" /><G57/><T36/><D36/><U35/><E70/><V38/><F45/><W128/><G27/><T15/><D95/><U49/><E35/><V104/><F38/><W96/><G66/><T77/><D77/><U4/><E109/><V59/><F59/><W123/><G29/><T23/><REACH who="0" step="1"/><D54/><REACH who="0" ten="221,338,180,251" step="2"/><U55/><E55/><V97/><F104/><W33/><G76/><T129/><D129/><U47/><E78/><V133/><F133/><W105/><G105/><T116/><D116/><U67/><E67/><V9/><F79/><W127/><G130/><T51/><D51/><U42/><E81/><V126/><F114/><W121/><G128/><T62/><D62/><U111/><E111/><V90/><F98/><W102/><G115/><T52/><D52/><U89/><E49/><V44/><F44/><W125/><G96/><T86/><D86/><U34/><E47/><V11/><F87/><W88/><G102/><T65/><D65/><U99/><E113/><V83/><F83/><W73/><G85/><T60/><D60/><U135/><E99/><V93/><F94/><W48/><G48/><T39/><D39/><U56/><E135/><V82/><F82/><W71/><G75/><T1/><D1/><U8/><E3/><V19/><F84/><W122/><G72/><T41/><D41/><U61/><E112/><RYUUKYOKU ba="0,1" sc="221,30,338,-10,180,-10,251,-10" hai0="5,6,7,14,15,17,20,23,26,28,46,50,53" /><INIT seed="6,1,1,5,0,86" ten="251,328,170,241" oya="2" hai0="6,128,24,107,10,71,9,88,40,22,39,76,1" hai1="60,34,67,87,31,108,23,12,27,121,96,126,63" hai2="85,18,48,7,112,56,82,64,116,79,120,114,117" hai3="130,102,25,54,129,98,93,26,70,77,58,53,38"/><V32/><F32/><W13/><G70/><T119/><D107/><U83/><E108/><V109/><F7/><W21/><G38/><T52/><D71/><U123/><E126/><V4/><F4/><W28/><G77/><T15/><D128/><N who="3" m="49257" /><G13/><T36/><D76/><U94/><E12/><V44/><F120/><N who="1" m="46153" /><E34/><V92/><F109/><W30/><G58/><T37/><D119/><U11/><E11/><V0/><F0/><W62/><G62/><T99/><D52/><N who="3" m="20073" /><G26/><T46/><D10/><U84/><E83/><V101/><F56/><W73/><G73/><T91/><D1/><U81/><E81/><V104/><F64/><W42/><G42/><T125/><D125/><U74/><E74/><N who="2" m="43383" /><F48/><W68/><G68/><T16/><REACH who="0" step="1"/><D99/><REACH who="0" ten="241,328,170,241" step="2"/><U43/><E43/><V127/><F127/><W115/><G115/><N who="2" m="44073" /><F44/><W95/><G28/><T65/><D65/><U135/><E67/><V59/><F59/><W103/><G98/><T113/><D113/><U134/><E63/><V57/><F57/><W51/><G51/><AGARI ba="1,2" hai="6,9,15,16,22,24,36,37,39,40,46,51,88,91" machi="51" ten="40,8000,1" yaku="1,1,52,2,54,2,53,0" doraHai="86" doraHaiUra="49" who="0" fromWho="3" sc="241,103,328,0,170,0,241,-83" /><INIT seed="7,0,0,5,5,100" ten="344,328,170,158" oya="3" hai0="88,108,120,130,41,61,0,7,64,97,45,79,102" hai1="52,24,36,43,82,33,78,74,66,71,81,131,18" hai2="60,14,5,16,39,27,51,87,135,117,134,58,128" hai3="68,83,104,20,48,40,69,77,13,80,129,121,63"/><W11/><G121/><T107/><D108/><U89/><E131/><V76/><F39/><W1/><G129/><T8/><D130/><U127/><E127/><V123/><F128/><W96/><G1/><T25/><D79/><U12/><E71/><V122/><F117/><W49/><G20/><T116/><D88/><U73/><E66/><V23/><F51/><W114/><G114/><T106/><D116/><U38/><E43/><V10/><F87/><W34/><G34/><T125/><D125/><U47/><E24/><V110/><F76/><W91/><G63/><T56/><D25/><U17/><E33/><V94/><F94/><W126/><G126/><T37/><D120/><N who="2" m="46122" /><F58/><W133/><G133/><N who="2" m="50697" /><F60/><W53/><G40/><T32/><D32/><U90/><E78/><V19/><F110/><W42/><G42/><T30/><D30/><AGARI ba="0,0" hai="5,10,14,16,19,23,27,30" m="50697,46122" machi="30" ten="30,8000,1" yaku="13,1,20,1,34,2,54,1" doraHai="100" who="2" fromWho="0" sc="344,-80,328,0,170,80,158,0" owari="264,6.0,328,43.0,250,-15.0,158,-34.0" /></mjloggm>