<mjloggm ver="2.3"><GO type="65" lobby="0"/><UN n0="%74%69%79%6F%73%75%6B%65" n1="%E9%A3%9B%E3%81%B3%E3%81%A4%E3%81%8D%E9%80%86%E5%8D%81%E5%AD%97" n2="%E5%B0%B1%E6%B4%BB%E7%94%9F%40%E5%B7%9D%E6%9D%91%E8%BB%8D%E5%9B%A3" n3="%E3%81%A6%E3%82%8C" dan="7,8,7,10" rate="1689.67,1681.63,1632.84,1468.34" sx="F,M,M,M"/><TAIKYOKU oya="0"/><INIT seed="0,0,0,4,4,12" ten="250,250,250,250" oya="0" hai0="54,37,127,7,51,18,52,105,3,110,121,39,66" hai1="16,116,13,48,70,32,99,95,65,104,60,27,75" hai2="100,101,55,130,59,67,113,9,30,24,94,106,58" hai3="112,96,15,46,71,102,41,78,115,103,79,8,50"/><T4/><D121/><U82/><E75/><V47/><F106/><W133/><G71/><T131/><D105/><U14/><E116/><V29/><F113/><W97/><G112/><T31/><D31/><U109/><E109/><V0/><F130/><W118/><G115/><T2/><D131/><U21/><E104/><V92/><F0/><W81/><G133/><T49/><D66/><U1/><E1/><V19/><F67/><W111/><G111/><T20/><D110/><U122/><E122/><V90/><F92/><W35/><G35/><T23/><D127/><U134/><E32/><V28/><F47/><W17/><G118/><T83/><D83/><U56/><E134/><V93/><F93/><W68/><G68/><T73/><D73/><U22/><E70/><V88/><F90/><W64/><G64/><T77/><D77/><U25/><E48/><V120/><F120/><W6/><G6/><T40/><D40/><U125/><E125/><V10/><F58/><W61/><G61/><T119/><D119/><U69/><E82/><V34/><F34/><W38/><G38/><T72/><D72/><U63/><E69/><V5/><F5/><W85/><REACH who="3" step="1"/><G79/><REACH who="3" ten="250,250,250,240" step="2"/><T76/><D76/><U107/><E63/><N who="2" m="36351" /><F10/><W84/><G84/><T86/><D86/><U89/><REACH who="1" step="1"/><E107/><REACH who="1" ten="250,240,250,240" step="2"/><V44/><F44/><W129/><G129/><T80/><D80/><U132/><E132/><V126/><F126/><W26/><G26/><T33/><D33/><U124/><E124/><V57/><F24/><W36/><G36/><T123/><D123/><U11/><E11/><V43/><F9/><RYUUKYOKU ba="0,2" sc="250,10,240,10,250,-30,240,10" hai0="2,3,4,7,18,20,23,37,39,49,51,52,54" hai1="13,14,16,21,22,25,27,56,60,65,89,95,99" hai3="8,15,17,41,46,50,78,81,85,96,97,102,103" /><INIT seed="0,1,2,5,5,87" ten="260,250,220,250" oya="0" hai0="27,62,34,100,119,111,7,65,43,25,96,8,69" hai1="4,123,17,41,38,77,121,114,132,14,32,49,33" hai2="40,134,30,71,133,23,120,85,74,112,115,84,29" hai3="91,55,48,113,93,98,127,59,2,125,11,50,109"/><T122/><D122/><U15/><E77/><V54/><F74/><W28/><G113/><N who="2" m="43593" /><F71/><W104/><G104/><T76/><D119/><U101/><E49/><V102/><F40/><W135/><G135/><N who="2" m="51721" /><F120/><W61/><G109/><T128/><D111/><U95/><E41/><V103/><F54/><W88/><G28/><N who="2" m="10857" /><F23/><W86/><G11/><T117/><D117/><U83/><E114/><V12/><F12/><W60/><G2/><T35/><D128/><U82/><E15/><V124/><F124/><N who="3" m="47691" /><G61/><T56/><D43/><U70/><E14/><V97/><F97/><W106/><G106/><T51/><D76/><U37/><E132/><V90/><F84/><W21/><G21/><T92/><D35/><U116/><E33/><V105/><F105/><W72/><G72/><T94/><D34/><U78/><E32/><V10/><F10/><W118/><G118/><T129/><D129/><U1/><E123/><V67/><F67/><W45/><G50/><T81/><D81/><AGARI ba="1,2" hai="81,85,90,102,103" m="10857,51721,43593" machi="81" ten="30,2000,0" yaku="20,1,52,1" doraHai="87" who="2" fromWho="0" sc="260,-23,250,0,220,43,250,0" /><INIT seed="1,0,0,1,0,82" ten="237,250,263,250" oya="1" hai0="47,122,34,58,51,31,45,101,10,5,97,35,65" hai1="9,109,128,132,130,22,117,135,127,95,133,46,24" hai2="63,57,78,2,77,99,131,102,106,12,66,71,86" hai3="52,125,41,119,121,98,79,33,85,94,11,56,90"/><U26/><E46/><V0/><F131/><N who="1" m="50217" /><E95/><V7/><F12/><W134/><G121/><T43/><D122/><U96/><E96/><V115/><F115/><W18/><G33/><T49/><D31/><N who="1" m="17815" /><E117/><V50/><F7/><W110/><G110/><T53/><D65/><U75/><E75/><V17/><F17/><W105/><G105/><T62/><D35/><U116/><E116/><V84/><F77/><W103/><G119/><T92/><D34/><U15/><E26/><V114/><F114/><W30/><G30/><T72/><D72/><U91/><E91/><V100/><F100/><W23/><G11/><T48/><REACH who="0" step="1"/><D43/><REACH who="0" ten="227,250,263,250" step="2"/><U39/><E39/><V14/><F78/><W107/><G41/><T64/><D64/><U67/><E67/><V36/><F2/><AGARI ba="0,1" hai="2,5,10,45,47,48,49,51,53,58,62,92,97,101" machi="2" ten="40,1300,0" yaku="1,1,53,0" doraHai="82" doraHaiUra="70" who="0" fromWho="2" sc="227,23,250,0,263,-13,250,0" /><INIT seed="2,0,0,3,4,47" ten="250,250,250,250" oya="2" hai0="105,75,13,64,100,125,25,112,2,4,30,8,128" hai1="11,101,106,20,88,74,44,85,77,66,123,9,84" hai2="104,35,114,0,1,68,126,91,81,102,72,107,56" hai3="46,43,32,21,97,36,50,118,19,67,38,15,71"/><V22/><F68/><W122/><G118/><T26/><D112/><U53/><E74/><V95/><F35/><W99/><G122/><T7/><D75/><U48/><E106/><V62/><F114/><W3/><G3/><T41/><D64/><U37/><E37/><V92/><F126/><W60/><REACH who="3" step="1"/><G32/><REACH who="3" ten="250,250,250,240" step="2"/><T80/><D2/><U133/><E123/><V94/><F1/><W17/><G17/><T79/><D125/><U18/><E133/><V29/><F0/><W110/><G110/><T135/><D135/><U132/><E132/><V70/><F70/><W5/><G5/><T10/><D7/><U115/><E115/><V89/><F72/><W31/><G31/><T23/><D4/><U130/><E130/><V108/><F108/><W116/><G116/><T55/><D30/><U33/><E33/><V14/><F81/><W69/><G69/><T78/><D80/><N who="1" m="47119" /><E66/><V121/><F121/><W58/><G58/><T52/><D128/><U90/><E101/><V12/><F102/><W82/><G82/><T127/><D100/><U24/><E90/><V76/><F76/><W27/><G27/><T40/><D79/><U119/><E119/><V16/><F29/><W93/><G93/><AGARI ba="0,1" hai="9,11,18,20,24,44,48,53,85,88,93" m="47119" machi="93" ten="30,3900,0" yaku="8,1,52,1,54,1" doraHai="47" who="1" fromWho="3" sc="250,0,250,49,250,0,240,-39" /><INIT seed="3,0,0,1,5,18" ten="250,299,250,201" oya="3" hai0="5,126,22,23,58,102,21,115,109,25,50,101,84" hai1="100,103,0,26,37,79,16,66,45,91,7,69,14" hai2="112,51,1,110,46,47,10,83,28,15,87,13,119" hai3="128,98,108,74,36,38,92,48,124,8,30,56,76"/><W59/><G30/><T40/><D115/><U99/><E0/><V17/><F17/><W94/><BYE who="2" /><G8/><T70/><D70/><U118/><E37/><UN n2="%E5%B0%B1%E6%B4%BB%E7%94%9F%40%E5%B7%9D%E6%9D%91%E8%BB%8D%E5%9B%A3" /><V116/><F112/><W19/><G128/><T44/><D126/><U42/><E69/><V85/><F110/><W61/><G124/><T41/><D109/><U3/><E3/><V97/><F28/><W121/><G121/><T111/><D111/><U93/><E79/><V130/><F1/><W24/><G108/><T54/><D5/><U67/><E42/><N who="0" m="16489" /><D84/><U122/><E45/><V53/><F130/><W32/><G32/><T135/><D135/><U71/><E71/><V129/><F129/><W132/><G132/><T90/><D90/><U29/><E122/><V31/><F31/><W49/><G36/><T2/><D2/><U6/><E118/><V4/><F97/><W73/><G73/><T55/><D25/><U9/><E103/><V80/><F4/><W113/><G113/><T68/><D68/><U107/><E7/><V62/><F10/><W86/><G38/><T82/><D82/><U39/><E6/><V104/><F104/><W105/><G105/><T64/><D64/><U78/><E78/><V43/><F43/><W125/><G125/><T34/><D34/><U12/><E39/><V134/><F134/><W117/><G117/><T35/><D35/><U57/><E107/><V127/><F127/><W133/><G133/><T114/><D114/><U89/><E67/><V81/><F81/><N who="3" m="47399" /><G74/><T96/><D96/><U106/><E106/><V60/><F53/><N who="3" m="31783" /><G49/><AGARI ba="0,0" hai="21,22,23,44,49,50,54,55,58,101,102" m="16489" machi="49" ten="30,7700,0" yaku="8,1,52,3" doraHai="18" who="0" fromWho="3" sc="250,77,299,0,250,0,201,-77" /><AGARI ba="0,0" hai="13,15,46,47,49,51,60,62,80,83,85,87,116,119" machi="49" ten="25,1600,0" yaku="22,2" doraHai="18" who="2" fromWho="3" sc="327,0,299,0,250,16,124,-16" owari="327,42.0,299,10.0,266,-13.0,108,-39.0" /></mjloggm>