<mjloggm ver="2.3"><GO type="97" lobby="0"/><UN n0="%6F%75%74%6C%61%77" n1="%E3%82%A6%E3%83%AB%E3%83%88%E3%83%A9%E7%AB%8B%E7%9B%B4" n2="%E7%AB%8B%E8%8F%AF%E5%A5%8F" n3="%E3%81%8F%E3%82%8A%E3%81%93%E3%81%86%E3%81%A0" dan="13,15,15,15" rate="1807.69,1992.59,2058.10,2021.81" sx="M,M,F,M"/><TAIKYOKU oya="0"/><INIT seed="0,0,0,2,2,109" ten="250,250,250,250" oya="0" hai0="132,27,96,15,127,111,21,14,94,74,77,114,8" hai1="91,71,86,53,55,72,35,43,12,19,85,98,7" hai2="128,59,89,47,64,41,48,49,34,112,103,58,75" hai3="29,51,39,22,44,135,130,122,60,46,121,82,110"/><T61/><D114/><U119/><E35/><V18/><F34/><W105/><G105/><T79/><D74/><U56/><E71/><V131/><F75/><W66/><G110/><T133/><D111/><U13/><E72/><V37/><F103/><W45/><G39/><T3/><D3/><U123/><E123/><N who="3" m="47114" /><G135/><N who="0" m="51787" /><D61/><U115/><E115/><V17/><F112/><W4/><G4/><N who="0" m="3335" /><D15/><U63/><E119/><V30/><F30/><W65/><G82/><T31/><D127/><U0/><E0/><V23/><F89/><AGARI ba="0,0" hai="21,27,31,77,79,89,94,96" m="3335,51787" machi="89" ten="30,1500,0" yaku="20,1" doraHai="109" who="0" fromWho="2" sc="250,15,250,0,250,-15,250,0" /><INIT seed="0,1,0,3,5,85" ten="265,250,235,250" oya="0" hai0="45,94,14,28,41,103,56,82,108,112,96,120,77" hai1="20,68,72,104,80,89,66,69,64,26,131,119,19" hai2="122,78,7,102,128,87,132,33,133,21,44,15,110" hai3="32,81,115,75,18,76,74,127,62,27,49,42,79"/><T121/><D112/><U93/><E119/><V117/><F110/><W8/><G115/><T135/><D28/><U84/><E131/><V134/><F128/><W1/><G127/><T54/><D135/><U30/><E69/><V95/><F117/><W124/><G124/><T98/><D98/><U70/><E70/><V39/><F33/><W113/><G113/><T107/><D107/><U6/><E68/><V43/><F122/><W3/><G62/><T52/><D54/><U109/><E109/><V61/><F61/><W11/><G32/><T63/><D14/><U100/><E6/><V29/><F102/><W67/><G67/><T65/><D65/><U59/><E59/><V24/><F78/><W31/><G76/><T50/><REACH who="0" step="1"/><D108/><REACH who="0" ten="255,250,235,250" step="2"/><U106/><E106/><V130/><F130/><W105/><G105/><T111/><D111/><U114/><E114/><V34/><F15/><W37/><G31/><T129/><D129/><U38/><E64/><V9/><F34/><W17/><G1/><T57/><D57/><U86/><E66/><V90/><F9/><W73/><G8/><T12/><D12/><U83/><E30/><V126/><F126/><W51/><G11/><T4/><D4/><AGARI ba="1,1" hai="4,7,21,24,29,39,43,44,87,90,95,132,133,134" machi="4" ten="40,2600,0" yaku="20,1,52,1" doraHai="85" who="2" fromWho="0" sc="255,-29,250,0,235,39,250,0" /><INIT seed="1,0,0,1,3,82" ten="226,250,274,250" oya="1" hai0="81,132,2,27,88,75,56,51,99,26,5,55,61" hai1="39,126,93,86,8,125,117,24,133,111,33,97,127" hai2="121,48,135,79,85,42,71,129,3,59,80,52,98" hai3="11,124,28,100,102,40,1,131,101,70,113,65,32"/><U95/><E39/><V38/><F121/><W94/><G113/><T47/><D2/><U14/><E117/><V103/><F3/><W41/><G124/><T30/><D5/><U96/><E133/><V119/><F135/><W34/><G131/><T17/><D132/><U4/><E111/><V128/><F71/><W23/><G94/><N who="1" m="35850" /><E86/><V87/><F119/><W123/><G123/><T46/><D46/><U10/><E10/><V90/><F38/><W109/><G109/><T110/><D99/><N who="1" m="37963" /><E24/><V67/><F67/><W116/><G116/><T18/><D75/><U107/><E33/><V106/><REACH who="2" step="1"/><F42/><REACH who="2" ten="226,250,264,250" step="2"/><W77/><G41/><N who="0" m="25071" /><D110/><U64/><E64/><V63/><F63/><W0/><G40/><T49/><D61/><U83/><E127/><V44/><F44/><W13/><G65/><T37/><D37/><U16/><E126/><V29/><F29/><W92/><G28/><T45/><D45/><U118/><E125/><V31/><F31/><W91/><G101/><T72/><D30/><U43/><E43/><V57/><F57/><W84/><G100/><T66/><D66/><U130/><E118/><V74/><F74/><W62/><G102/><T76/><D72/><U9/><E130/><V69/><F69/><W58/><G70/><T19/><D76/><U50/><E50/><V89/><F89/><W60/><G91/><T112/><D112/><U22/><E107/><V6/><F6/><W53/><G34/><T25/><D88/><U122/><E122/><V134/><F134/><W15/><G32/><T20/><D20/><U68/><E68/><V12/><F12/><RYUUKYOKU ba="0,1" sc="226,15,250,-15,264,15,250,-15" hai0="17,18,19,25,26,27,49,55,56,81" hai2="48,52,59,79,80,85,87,90,98,103,106,128,129" /><INIT seed="2,1,1,5,0,16" ten="241,235,279,235" oya="2" hai0="67,91,6,45,34,78,124,97,23,9,133,71,56" hai1="121,44,84,27,120,126,86,98,80,125,111,52,90" hai2="62,13,104,107,53,64,21,51,122,89,99,17,22" hai3="81,12,41,73,63,59,83,60,55,132,39,77,43"/><V1/><F122/><N who="1" m="47209" /><E27/><V8/><F1/><W49/><G132/><T94/><D34/><U3/><E3/><V101/><F107/><W36/><G12/><T134/><D71/><U20/><E20/><V2/><F2/><W82/><G73/><T95/><D124/><N who="1" m="47723" /><E44/><V33/><F33/><W40/><REACH who="3" step="1"/><G77/><REACH who="3" ten="241,235,279,225" step="2"/><T108/><D78/><N who="1" m="46103" /><E111/><V32/><F32/><W79/><G79/><T119/><D108/><U24/><E24/><V74/><F74/><W72/><G72/><T11/><D119/><U28/><E28/><V110/><F110/><W38/><AGARI ba="1,2" hai="36,38,39,40,41,43,49,55,59,60,63,81,82,83" machi="38" ten="40,8000,1" yaku="1,1,0,1,29,2,53,0" doraHai="16" doraHaiUra="131" who="3" fromWho="3" sc="241,-21,235,-21,279,-41,225,103" /><INIT seed="3,0,0,2,2,135" ten="220,214,238,328" oya="3" hai0="118,84,33,82,16,100,116,4,41,27,56,67,60" hai1="128,115,19,131,77,123,73,96,75,49,68,64,111" hai2="20,26,31,17,43,44,114,9,117,78,55,89,101" hai3="50,25,21,94,134,12,109,30,5,133,81,58,22"/><W85/><G109/><T113/><D4/><U7/><E123/><V35/><F114/><W95/><G50/><T59/><D113/><U91/><E115/><V23/><F117/><W65/><G58/><T45/><D33/><U61/><E7/><V32/><F101/><W2/><G65/><T8/><D100/><U52/><E19/><V102/><F102/><W13/><G13/><T130/><D59/><N who="1" m="33167" /><E77/><V29/><F78/><N who="3" m="46263" /><G2/><T132/><D132/><U57/><E68/><V124/><F55/><W107/><G12/><T126/><D130/><N who="1" m="49707" /><E111/><V86/><F35/><W121/><G5/><T66/><D126/><U10/><E10/><V122/><F124/><W0/><G30/><T80/><D80/><U42/><E42/><V71/><F122/><W46/><G121/><T38/><D8/><U110/><E110/><V103/><F71/><W112/><G112/><T119/><D66/><U40/><E40/><V79/><F79/><W11/><G11/><T28/><D28/><U62/><E62/><V125/><F125/><W92/><G133/><T34/><D34/><U129/><N who="1" m="49715" /><U106/><DORA hai="54" /><E106/><V70/><F70/><W15/><G107/><T69/><D69/><U120/><E120/><V76/><F76/><W98/><G134/><T1/><D1/><U53/><E64/><V37/><F29/><W108/><G0/><T63/><D63/><U99/><E91/><V127/><F127/><W14/><G108/><T3/><D3/><U18/><E18/><V6/><F17/><W87/><G21/><N who="0" m="13735" /><D119/><U97/><AGARI ba="0,0" hai="53,57,61,73,75,96,97,99" m="49715,33167" machi="97" ten="50,8000,1" yaku="19,1,52,2,54,1" doraHai="135,54" who="1" fromWho="1" sc="220,-20,214,80,238,-20,328,-40" /><INIT seed="4,0,0,4,0,105" ten="200,294,218,288" oya="0" hai0="88,24,116,101,25,6,78,117,125,50,106,9,111" hai1="130,28,27,69,81,7,51,70,16,40,64,119,103" hai2="54,94,79,52,109,43,55,31,100,133,4,107,15" hai3="97,134,86,115,20,120,3,98,39,131,44,34,71"/><T35/><D78/><U83/><E119/><V77/><F109/><W72/><RYUUKYOKU type="yao9" ba="0,0" sc="200,0,294,0,218,0,288,0" hai3="3,20,34,39,44,71,72,86,97,98,115,120,131,134" /><INIT seed="4,1,0,2,0,68" ten="200,294,218,288" oya="0" hai0="82,28,44,75,42,79,114,9,22,90,15,43,99" hai1="133,80,95,11,37,123,92,36,30,97,52,71,124" hai2="100,67,70,38,55,101,78,34,91,2,120,94,104" hai3="125,8,47,85,60,109,5,116,12,54,31,83,111"/><T65/><D114/><U21/><E71/><V63/><F120/><W106/><G116/><T73/><D43/><U50/><E123/><V115/><F115/><W27/><G106/><T76/><D65/><U20/><E37/><V41/><F104/><W96/><G96/><T110/><D110/><U61/><E36/><V102/><F2/><W53/><G53/><T64/><D64/><U1/><E1/><V107/><F107/><W51/><G60/><T23/><D99/><U32/><E32/><V128/><F34/><W130/><G130/><T105/><D105/><U135/><E61/><V126/><F128/><W17/><G5/><T14/><D90/><U6/><E80/><V19/><F78/><W132/><G132/><N who="1" m="50762" /><E30/><V121/><F121/><W39/><G39/><T26/><D23/><N who="1" m="8779" /><E124/><V56/><F126/><W13/><G125/><T98/><D98/><U46/><E97/><V108/><F108/><W119/><G13/><T0/><D0/><U122/><E122/><V59/><F102/><W49/><G49/><T77/><D75/><U103/><E103/><V4/><F101/><W66/><G66/><T86/><D73/><U16/><E6/><V117/><F4/><W113/><G113/><T18/><REACH who="0" step="1"/><D15/><AGARI ba="1,0" hai="11,15,16,46,50,52,92,95" m="8779,50762" machi="15" ten="30,3900,0" yaku="20,1,54,2" doraHai="68" who="1" fromWho="0" sc="200,-42,294,42,218,0,288,0" owari="158,-34.0,336,43.0,218,-18.0,288,9.0" /></mjloggm>