<mjloggm ver="2.3"><GO type="169" lobby="0"/><UN n0="%E3%82%A6%E3%83%AB%E3%83%88%E3%83%A9%E7%AB%8B%E7%9B%B4" n1="%6B%65%6E%79%61%30%31" n2="%74%61%72%6F%6F" n3="%33%33%62%6C%61%63%6B" dan="17,18,18,16" rate="2212.56,2236.10,2243.24,2095.08" sx="M,M,M,M"/><TAIKYOKU oya="0"/><INIT seed="0,0,0,2,3,70" ten="250,250,250,250" oya="0" hai0="24,31,6,43,118,45,34,127,116,131,0,13,66" hai1="122,65,133,121,20,61,92,80,69,32,28,15,63" hai2="75,99,38,40,49,84,111,76,30,7,74,103,9" hai3="36,46,88,106,21,59,42,35,12,2,72,94,87"/><T97/><D127/><U104/><E133/><V11/><F111/><W86/><G35/><T71/><D131/><U17/><E104/><V91/><F30/><W117/><G72/><T23/><D97/><U120/><E63/><V67/><F67/><W81/><G2/><T124/><D124/><U130/><E130/><V125/><F76/><W108/><G108/><T10/><D66/><U114/><E114/><V123/><F38/><W3/><G3/><T83/><D71/><U58/><E69/><V29/><F29/><W16/><G106/><T25/><D83/><U56/><E56/><V100/><F100/><W134/><G134/><T128/><D128/><U107/><E107/><V57/><F9/><W51/><G117/><T73/><D73/><U18/><E80/><V52/><F40/><W101/><G101/><T55/><D55/><U115/><E115/><V64/><F64/><W8/><G59/><T47/><D25/><U39/><E92/><V96/><F123/><W119/><G119/><T50/><D45/><U95/><E95/><V105/><F99/><W14/><G36/><T89/><D89/><U5/><E39/><V60/><F60/><W132/><G132/><T90/><D90/><U102/><E102/><V4/><F125/><W98/><G81/><T112/><D112/><U53/><E65/><V62/><F62/><W41/><G41/><T78/><D78/><U22/><E32/><V93/><F4/><AGARI ba="0,0" hai="4,8,12,14,16,21,42,46,51,86,87,88,94,98" machi="4" ten="30,7700,0" yaku="7,1,8,1,54,2" doraHai="70" who="3" fromWho="2" sc="250,0,250,0,250,-77,250,77" /><INIT seed="1,0,0,5,3,80" ten="250,250,173,327" oya="1" hai0="78,123,74,0,63,132,23,40,101,64,124,7,35" hai1="107,102,13,58,46,32,104,41,55,12,60,66,94" hai2="19,108,82,22,118,59,117,43,26,133,4,50,68" hai3="45,134,42,72,62,103,20,51,90,16,100,105,99"/><U97/><E32/><V49/><F68/><W21/><G72/><T128/><D35/><U129/><E129/><V127/><F127/><W87/><G134/><T56/><D124/><U116/><E116/><V14/><F133/><W34/><G34/><T89/><D128/><U93/><E107/><V75/><F108/><W125/><G100/><T57/><D132/><U96/><E66/><V65/><F65/><W84/><G125/><T122/><D101/><U83/><E104/><V1/><F1/><W48/><G62/><T76/><D40/><U18/><E83/><V98/><F98/><W54/><G90/><T53/><D74/><U24/><E46/><V3/><F3/><W30/><G30/><T131/><D131/><U130/><E41/><V67/><F67/><W109/><G109/><T92/><D23/><N who="1" m="13431" /><E130/><V70/><F70/><W36/><G21/><T6/><D78/><U86/><E97/><V88/><F75/><W9/><G9/><T110/><D76/><U2/><E2/><V44/><F4/><W52/><G36/><T31/><D110/><U79/><E79/><V38/><F26/><N who="3" m="14599" /><G42/><T91/><D0/><U111/><E111/><V114/><F114/><W106/><G106/><T27/><D6/><U126/><E126/><V39/><F39/><W10/><G10/><T135/><D7/><U112/><E112/><V95/><F38/><W25/><G25/><T69/><D135/><U73/><E73/><V120/><F118/><W8/><G8/><T115/><D69/><U5/><E5/><V113/><F117/><W33/><G33/><T77/><D115/><RYUUKYOKU ba="0,0" sc="250,-15,250,15,173,-15,327,15" hai1="12,13,55,58,60,86,93,94,96,102" hai3="45,48,51,52,54,84,87,99,103,105" /><INIT seed="1,1,0,0,5,72" ten="235,265,158,342" oya="1" hai0="91,3,37,117,40,128,134,69,107,82,106,124,5" hai1="4,24,133,132,121,57,23,7,99,84,63,125,18" hai2="87,51,59,86,43,34,14,83,89,104,27,100,64" hai3="10,12,62,26,118,92,108,52,88,98,113,19,46"/><U114/><E121/><V85/><F104/><W73/><G113/><T36/><D91/><U13/><E114/><V28/><F100/><W2/><G108/><T11/><D117/><U53/><E125/><V48/><F43/><W80/><G118/><T97/><D124/><U8/><E84/><V35/><F35/><W78/><G26/><T16/><D16/><U70/><E70/><V29/><F29/><W25/><G25/><T123/><D123/><U81/><E81/><V76/><F14/><W93/><G2/><T112/><D112/><U49/><E49/><V126/><F126/><W39/><G93/><T41/><D69/><U58/><E58/><V32/><F32/><W68/><G68/><T103/><D128/><U54/><E54/><V38/><F38/><W42/><G62/><T75/><D134/><N who="1" m="51819" /><E99/><V127/><F127/><W90/><REACH who="3" step="1"/><G52/><REACH who="3" ten="235,265,158,332" step="2"/><T61/><D61/><U135/><E135/><V60/><REACH who="2" step="1"/><F86/><REACH who="2" ten="235,265,148,332" step="2"/><W105/><G105/><N who="0" m="63727" /><D41/><U71/><E71/><V30/><F30/><AGARI ba="1,2" hai="4,7,8,13,18,23,24,30,53,57,63" m="51819" machi="30" ten="30,1500,0" yaku="20,1" doraHai="72" who="1" fromWho="2" sc="235,0,265,38,148,-18,332,0" /><INIT seed="1,2,0,2,5,29" ten="235,303,130,332" oya="1" hai0="82,40,105,89,17,61,124,117,112,8,128,95,94" hai1="127,0,107,113,6,43,36,70,16,87,114,26,34" hai2="133,122,115,123,96,126,55,132,84,65,91,93,23" hai3="9,44,51,79,81,62,57,72,56,50,47,106,134"/><U77/><E107/><V131/><F65/><W24/><G106/><T38/><D105/><U3/><E87/><V4/><F4/><W109/><G109/><T102/><D112/><U90/><E90/><V45/><F115/><N who="1" m="44041" /><E77/><V13/><F126/><W10/><G134/><N who="2" m="51817" /><F131/><W92/><G92/><T32/><D124/><U86/><E86/><V46/><F96/><W60/><G24/><T31/><D128/><U120/><E43/><V39/><F55/><W18/><G18/><T100/><D117/><U30/><E36/><V110/><F110/><W121/><G121/><T119/><D119/><U68/><E68/><V19/><F45/><W101/><G101/><T12/><D40/><AGARI ba="2,0" hai="13,19,23,39,40,46,84,91,93,122,123" m="51817" machi="40" ten="30,1000,0" yaku="20,1" doraHai="29" who="2" fromWho="0" sc="235,-16,303,0,130,16,332,0" /><INIT seed="2,0,0,0,2,36" ten="219,303,146,332" oya="2" hai0="23,41,92,100,63,31,42,58,56,43,78,26,3" hai1="73,76,89,105,44,131,33,53,38,69,116,25,35" hai2="115,22,65,54,123,67,9,34,83,111,103,99,119" hai3="114,102,79,30,7,47,90,51,97,104,12,135,118"/><V109/><F34/><W130/><G118/><T88/><D3/><U129/><E116/><V13/><F119/><W95/><G130/><T27/><D78/><U126/><E126/><V21/><F115/><W101/><G114/><T48/><D100/><U50/><E38/><V133/><F123/><W134/><G30/><T120/><D120/><U70/><E105/><V87/><F133/><N who="3" m="50699" /><G79/><T91/><D27/><U110/><E110/><N who="2" m="41995" /><F54/><N who="3" m="30079" /><G104/><T29/><D29/><U6/><E35/><V84/><F65/><W0/><G0/><T106/><D106/><U18/><E33/><V64/><F64/><W77/><G77/><T128/><D128/><U4/><E70/><V86/><F67/><W121/><G121/><T113/><D113/><U62/><E69/><V80/><F80/><W82/><G82/><T112/><D112/><U96/><E131/><V74/><F83/><W8/><AGARI ba="0,0" hai="7,8,12,90,95,97,101,102" m="30079,50699" machi="8" ten="30,1100,0" yaku="20,1" doraHai="36" who="3" fromWho="3" sc="219,-3,303,-3,146,-5,332,11" /><INIT seed="3,0,0,2,2,72" ten="216,300,141,343" oya="3" hai0="113,55,111,31,35,124,0,93,10,2,65,135,46" hai1="33,68,123,96,71,106,67,28,45,101,116,20,5" hai2="117,133,43,19,125,89,56,79,105,40,99,51,16" hai3="132,119,107,37,69,60,126,74,49,128,59,82,88"/><W29/><G119/><T39/><D65/><U54/><E20/><V3/><F3/><W109/><G107/><T81/><D111/><U130/><E54/><V6/><F117/><W24/><G37/><T127/><D135/><U34/><E116/><V42/><F6/><W13/><G132/><T23/><D35/><U76/><E123/><V100/><F125/><W75/><G126/><T27/><D113/><U91/><E91/><V57/><F133/><W52/><G109/><T63/><D93/><U32/><E28/><V36/><F36/><W47/><G13/><T62/><D62/><U14/><E14/><V38/><F38/><W1/><G1/><T120/><D120/><U104/><E104/><V94/><F79/><W73/><G69/><T84/><D2/><U7/><E45/><V114/><F114/><W64/><G128/><T50/><D63/><U92/><E92/><V131/><F131/><W121/><G121/><T30/><D30/><U80/><E130/><V21/><F51/><W102/><G102/><T17/><D39/><U95/><E95/><V66/><F66/><W41/><G64/><T53/><D53/><U134/><E134/><V61/><F61/><W18/><G18/><T58/><D58/><U78/><E67/><V8/><F8/><W115/><G115/><T12/><REACH who="0" step="1"/><D0/><REACH who="0" ten="206,300,141,343" step="2"/><U44/><E34/><V103/><F105/><W108/><G108/><T25/><D25/><U22/><E33/><V98/><F56/><W110/><G110/><T86/><D86/><U15/><E32/><V87/><F57/><W11/><G59/><T26/><D26/><RYUUKYOKU ba="0,1" sc="206,30,300,-10,141,-10,343,-10" hai0="10,12,17,23,27,31,46,50,55,81,84,124,127" /><INIT seed="4,1,1,5,2,127" ten="236,290,131,333" oya="0" hai0="5,116,14,81,113,82,9,27,17,7,18,132,20" hai1="122,124,32,89,0,85,80,109,45,111,51,134,97" hai2="110,72,71,69,19,50,59,41,77,117,1,91,38" hai3="29,12,98,46,125,78,118,128,108,131,39,115,95"/><T13/><D116/><U25/><E0/><V112/><F110/><W36/><G108/><T3/><D132/><U55/><E122/><V100/><F100/><W133/><G118/><T8/><D113/><U84/><E124/><V135/><F1/><W73/><G125/><T70/><D70/><U33/><E134/><V22/><F38/><W21/><G133/><T88/><D88/><U106/><E33/><V58/><F112/><W75/><G115/><T96/><D96/><U68/><E68/><V15/><F117/><W30/><G12/><N who="0" m="5151" /><D82/><U61/><E61/><V48/><F135/><W79/><G46/><T10/><D81/><U57/><E57/><V67/><F77/><W24/><G98/><T23/><D23/><U31/><E85/><V126/><F72/><N who="3" m="27723" /><G95/><T107/><D107/><U64/><E64/><V76/><F76/><N who="3" m="29227" /><G30/><T90/><D90/><U129/><E109/><V114/><F91/><W53/><G53/><T6/><D6/><U42/><E111/><V44/><F114/><W26/><G26/><AGARI ba="1,1" hai="3,5,9,10,13,14,17,18,20,26,27" m="5151" machi="26" ten="30,12000,1" yaku="35,5" doraHai="127" who="0" fromWho="3" sc="236,133,290,0,131,0,333,-123" /><INIT seed="4,2,0,2,0,134" ten="369,290,131,210" oya="0" hai0="51,78,130,91,53,102,60,46,113,20,93,71,100" hai1="124,75,24,119,4,3,52,13,83,125,57,68,67" hai2="112,38,56,12,115,116,129,122,86,132,95,42,62" hai3="66,65,104,69,1,89,79,39,17,10,63,109,47"/><T105/><D105/><U31/><E119/><V49/><F122/><W118/><G118/><T61/><D113/><U135/><E135/><V29/><F29/><W35/><G35/><T123/><D123/><U14/><E68/><V11/><F116/><W114/><G104/><T94/><D78/><N who="1" m="44511" /><E67/><V8/><F38/><W106/><G106/><T103/><D130/><U77/><E77/><V98/><F129/><W126/><G79/><T108/><D108/><U5/><E3/><V121/><F121/><W87/><G109/><T97/><D71/><U96/><E96/><V44/><F132/><W6/><G114/><T90/><D20/><N who="1" m="15751" /><E13/><V59/><F112/><W2/><G65/><T81/><D81/><U107/><E14/><V76/><F8/><W117/><G1/><T16/><D16/><U50/><E107/><V34/><F34/><W120/><G120/><T133/><D133/><U88/><E88/><N who="2" m="55655" /><F62/><W0/><G117/><T70/><D70/><U36/><E36/><V99/><F99/><AGARI ba="2,0" hai="46,51,53,60,61,90,91,93,94,97,99,100,102,103" machi="99" ten="40,3900,0" yaku="9,1,8,1" doraHai="134" who="0" fromWho="2" sc="369,45,290,0,131,-45,210,0" /><INIT seed="4,3,0,1,5,95" ten="414,290,86,210" oya="0" hai0="83,111,10,96,52,30,102,110,109,132,50,42,131" hai1="99,18,69,12,24,122,41,66,124,80,72,6,87" hai2="105,134,75,135,8,73,88,63,26,5,118,33,58" hai3="71,106,45,123,129,76,15,35,84,1,55,91,104"/><T120/><D120/><U125/><E122/><V37/><F37/><W48/><G1/><T11/><D131/><U9/><E72/><V98/><F118/><W0/><G0/><T14/><D132/><N who="2" m="50730" /><F26/><W36/><G35/><T43/><D83/><U46/><E69/><V3/><F33/><W133/><G123/><T107/><D30/><U34/><E66/><N who="2" m="39287" /><F105/><W101/><G71/><T28/><D28/><U103/><E34/><V113/><F113/><W67/><G67/><T115/><D115/><U130/><E130/><V64/><F64/><W19/><G133/><T74/><D74/><U65/><E65/><V90/><F90/><W56/><G76/><T126/><D126/><U29/><E29/><V127/><F127/><W22/><G129/><T23/><D23/><U7/><E24/><V86/><F86/><W59/><G36/><T100/><D100/><U53/><E125/><V31/><F31/><W57/><REACH who="3" step="1"/><G101/><REACH who="3" ten="414,290,86,200" step="2"/><T119/><D119/><U27/><E103/><V54/><F54/><W79/><G79/><T112/><D112/><U16/><E53/><V38/><F38/><W60/><G60/><T25/><D52/><U68/><E68/><V93/><AGARI ba="3,1" hai="3,5,8,73,75,88,93,98" m="39287,50730" machi="93" ten="30,4000,0" yaku="20,1,52,1,54,1" doraHai="95" who="2" fromWho="2" sc="414,-23,290,-13,86,59,200,-13" /><INIT seed="5,0,0,4,3,131" ten="391,277,145,187" oya="1" hai0="53,93,78,25,112,111,30,89,106,56,120,34,70" hai1="48,33,17,84,96,132,5,119,109,32,129,104,122" hai2="66,3,73,58,63,107,51,68,102,118,71,35,54" hai3="22,97,103,21,133,94,124,90,113,11,23,39,114"/><U121/><E119/><V82/><F118/><W75/><G39/><T55/><D70/><U31/><E129/><V52/><F3/><W24/><G124/><T0/><D106/><U108/><E84/><V64/><F35/><N who="1" m="13385" /><E48/><V81/><F73/><W126/><G126/><T26/><D56/><U87/><E87/><V115/><F115/><N who="3" m="44043" /><G75/><T13/><D93/><U47/><E47/><V61/><REACH who="2" step="1"/><F54/><REACH who="2" ten="391,277,135,187" step="2"/><W123/><G123/><T49/><D55/><U14/><E121/><V44/><F44/><W41/><G41/><T69/><D53/><U40/><E122/><V135/><F135/><W4/><G133/><T37/><D0/><U67/><E132/><V18/><F18/><N who="3" m="12343" /><G103/><T16/><D120/><U98/><E40/><V7/><F7/><W42/><G42/><T110/><D112/><U46/><E5/><V101/><F101/><W77/><G77/><T100/><D78/><U15/><E109/><V128/><F128/><W6/><G4/><T57/><D100/><U125/><E108/><V134/><F134/><W105/><G105/><T79/><D79/><U19/><E104/><V36/><F36/><W10/><G6/><T76/><D37/><U74/><E125/><V88/><F88/><W28/><G28/><N who="0" m="19727" /><D89/><U45/><E74/><V95/><F95/><W20/><AGARI ba="0,1" hai="10,11,20,22,23,90,94,97" m="12343,44043" machi="20" ten="30,1100,0" yaku="15,1" doraHai="131" who="3" fromWho="3" sc="391,-3,277,-5,135,-3,187,21" /><INIT seed="6,0,0,4,3,103" ten="388,272,132,208" oya="2" hai0="25,54,133,96,61,60,70,29,114,119,64,101,41" hai1="77,125,78,109,44,83,59,73,20,1,35,87,0" hai2="106,65,95,108,127,46,56,15,28,34,135,104,110" hai3="122,23,72,93,51,2,5,9,89,111,97,21,126"/><V132/><F127/><W63/><G122/><T123/><D123/><U47/><E35/><V45/><F95/><W40/><G111/><N who="2" m="42537" /><F15/><W80/><G63/><T58/><D41/><U43/><E109/><V31/><F65/><W68/><G68/><T7/><D7/><U84/><E125/><V32/><F56/><W6/><G126/><T107/><D119/><U12/><E12/><V92/><F92/><W69/><G69/><T30/><D30/><N who="2" m="11306" /><F32/><W26/><G6/><T49/><D61/><U8/><E59/><V37/><F34/><W4/><G4/><T66/><D66/><U55/><E0/><V76/><F76/><W82/><G72/><T105/><D58/><U129/><E1/><V16/><F16/><W17/><G23/><T98/><D29/><U112/><E78/><V128/><F128/><W3/><G2/><T33/><D33/><U52/><E77/><V74/><F74/><W71/><G71/><T22/><D70/><U57/><E20/><V38/><F38/><W48/><G48/><T94/><D49/><U90/><E129/><V116/><F116/><W67/><G67/><T120/><D64/><U100/><E73/><V102/><F102/><W131/><G131/><T24/><D101/><U13/><E100/><V14/><F14/><W27/><G26/><T121/><D25/><U10/><E13/><V81/><F81/><W85/><G80/><T75/><D24/><U11/><E83/><V86/><F86/><W91/><G51/><T99/><D75/><U113/><E57/><V42/><F46/><W62/><G62/><T36/><D121/><RYUUKYOKU ba="0,0" sc="388,-15,272,-15,132,15,208,15" hai2="37,42,45,104,106,132,135" hai3="3,5,9,17,21,27,40,82,85,89,91,93,97" /><INIT seed="6,1,0,2,0,121" ten="373,257,147,223" oya="2" hai0="54,92,66,48,108,21,61,89,95,47,25,75,59" hai1="17,45,38,86,71,1,7,84,106,11,67,131,101" hai2="133,51,13,43,73,100,10,63,62,23,52,64,105" hai3="55,116,58,26,37,56,6,69,94,42,80,110,104"/><V77/><F133/><W130/><G104/><T44/><D75/><U72/><E72/><V88/><F43/><W109/><G69/><T90/><D108/><U119/><E119/><V8/><F105/><W20/><G116/><T126/><D126/><U111/><E131/><V83/><F100/><W41/><G6/><T103/><D47/><U135/><E135/><V114/><F114/><W18/><G80/><T112/><D112/><U65/><E111/><V107/><F107/><W81/><G81/><T2/><D2/><U117/><E117/><V82/><F23/><W115/><G115/><T129/><D129/><U123/><E123/><V34/><F34/><W50/><G130/><T29/><D95/><U3/><E45/><N who="2" m="27759" /><F8/><W40/><G37/><T93/><D93/><U76/><E11/><V99/><F64/><W70/><G70/><T35/><D35/><U98/><E71/><V46/><F46/><W4/><G4/><T120/><D120/><U122/><E38/><V22/><F22/><W19/><G94/><T39/><D39/><U31/><E67/><V74/><F99/><AGARI ba="1,0" hai="21,25,29,44,48,54,59,61,66,89,90,92,99,103" machi="99" ten="40,5200,0" yaku="25,2,8,1" doraHai="121" who="0" fromWho="2" sc="373,55,257,0,147,-55,223,0" /><INIT seed="7,0,0,2,0,17" ten="428,257,92,223" oya="3" hai0="71,60,56,74,40,93,69,51,48,106,111,38,47" hai1="90,130,0,63,65,53,129,55,64,98,54,43,72" hai2="132,33,92,44,81,113,78,79,91,1,52,89,4" hai3="108,109,68,6,32,82,20,100,131,73,58,87,66"/><W117/><G117/><T83/><D106/><U61/><E72/><V86/><F33/><W11/><G32/><T133/><D111/><N who="3" m="42569" /><G68/><T16/><D83/><U3/><E43/><V114/><F1/><N who="1" m="585" /><E90/><V21/><F4/><W31/><G100/><T39/><D74/><U94/><E64/><V22/><F132/><W77/><G131/><N who="1" m="50186" /><E65/><V24/><F24/><N who="3" m="16775" /><G66/><T115/><D133/><U7/><E7/><V70/><F70/><W5/><G58/><T85/><D56/><U118/><E118/><V36/><F36/><W13/><G6/><T26/><D39/><U8/><E8/><V18/><F18/><W101/><G101/><T46/><D38/><U104/><E94/><V34/><F34/><W107/><G107/><T97/><D71/><U80/><E80/><V123/><F123/><W88/><G73/><T75/><D75/><U96/><E104/><V102/><F102/><W37/><G37/><T28/><D69/><U41/><E63/><V30/><F30/><W99/><G99/><T120/><D28/><U49/><E61/><V19/><F19/><W124/><G124/><T121/><D97/><U103/><E103/><V42/><F42/><W35/><G35/><T15/><D60/><U14/><E98/><V10/><F10/><W12/><G77/><T134/><D134/><U76/><E96/><N who="2" m="57359" /><F79/><W50/><G50/><N who="0" m="18987" /><D121/><U127/><E127/><V29/><F78/><W84/><G84/><T27/><D120/><U23/><E76/><V95/><F86/><W67/><G67/><T9/><D85/><U119/><E119/><V2/><F91/><W62/><G62/><RYUUKYOKU ba="0,0" sc="428,-10,257,-10,92,-10,223,30" hai3="5,11,12,13,82,87,88" /><INIT seed="7,1,0,0,4,2" ten="418,247,82,253" oya="3" hai0="120,108,0,9,24,66,129,16,36,33,87,119,34" hai1="109,20,105,118,76,28,75,110,58,18,8,104,78" hai2="93,122,117,23,72,68,131,95,4,46,90,84,115" hai3="113,89,65,5,99,41,128,92,10,15,6,3,73"/><W19/><G113/><T21/><D36/><U102/><E118/><V44/><F68/><W54/><G73/><T83/><D120/><U47/><E28/><V107/><F107/><W48/><G128/><T14/><D108/><U125/><E125/><V26/><F72/><W85/><G65/><T30/><D119/><U45/><E8/><V40/><F115/><W74/><G74/><T86/><D129/><U133/><E133/><V126/><F117/><W111/><G111/><T112/><D112/><U49/><E75/><V71/><F71/><W124/><G124/><T134/><D134/><U100/><E18/><V81/><F131/><W69/><G69/><T12/><D86/><U17/><E17/><V123/><F126/><W97/><G41/><T77/><D14/><U37/><E20/><V11/><F122/><W96/><G3/><T50/><D66/><U106/><E106/><V88/><F123/><W57/><AGARI ba="1,0" hai="5,6,10,15,19,48,54,57,85,89,92,96,97,99" machi="57" ten="30,11700,0" yaku="0,1,8,1,52,2" doraHai="2" who="3" fromWho="3" sc="418,-40,247,-40,82,-40,253,120" /><INIT seed="7,2,0,4,4,65" ten="378,207,42,373" oya="3" hai0="79,120,82,18,73,11,85,111,10,40,105,28,49" hai1="124,116,78,41,24,67,108,115,62,64,21,81,44" hai2="14,122,55,47,33,43,117,77,52,4,125,89,98" hai3="23,88,20,42,97,119,37,95,30,135,86,132,134"/><W118/><G30/><T109/><D105/><U36/><E108/><V38/><F33/><W46/><G97/><T27/><D120/><U59/><E115/><V92/><F117/><AGARI ba="2,0" hai="20,23,37,42,46,86,88,95,117,118,119,132,134,135" machi="117" ten="50,4800,0" yaku="20,1,54,1" doraHai="65" who="3" fromWho="2" sc="378,0,207,0,42,-54,373,54" owari="378,18.0,207,-19.0,-12,-51.0,427,52.0" /></mjloggm>