<mjloggm ver="2.3"><GO type="97" lobby="0"/><UN n0="%6D%69%CE%B4%69%72%7A" n1="%74%6C%7A%61%6B%75" n2="%E3%82%A6%E3%83%AB%E3%83%88%E3%83%A9%E7%AB%8B%E7%9B%B4" n3="%E3%82%B6%E3%83%83%E3%82%AF%E3%81%A8%E3%81%9F%E3%82%81" dan="14,13,15,14" rate="1883.62,1878.30,1972.06,1847.71" sx="M,M,M,M"/><TAIKYOKU oya="0"/><INIT seed="0,0,0,1,2,133" ten="250,250,250,250" oya="0" hai0="118,21,39,113,64,109,105,59,125,106,66,16,49" hai1="62,91,11,88,128,43,20,77,58,30,54,102,72" hai2="111,103,63,97,76,110,92,99,112,121,70,83,48" hai3="85,68,119,10,18,81,36,46,78,7,24,134,23"/><T135/><D113/><U84/><E128/><V80/><F63/><W117/><G68/><T42/><D135/><U37/><E37/><V34/><F48/><W126/><G134/><T71/><D118/><U2/><E2/><V95/><F70/><W131/><G131/><T25/><D66/><U26/><E72/><V93/><F34/><W41/><REACH who="3" step="1"/><G126/><REACH who="3" ten="250,250,250,240" step="2"/><T6/><D109/><U69/><E69/><V13/><F112/><W19/><G19/><T120/><D120/><U130/><E130/><V44/><F121/><W104/><G104/><T124/><D106/><U57/><E102/><V96/><F103/><W29/><G29/><T73/><D105/><U123/><E123/><V3/><F110/><W14/><AGARI ba="0,1" hai="7,10,14,18,23,24,36,41,46,78,81,85,117,119" machi="14" ten="20,2700,0" yaku="1,1,0,1,7,1,53,0" doraHai="133" doraHaiUra="107" who="3" fromWho="3" sc="250,-13,250,-7,250,-7,240,37" /><INIT seed="1,0,0,5,2,49" ten="237,243,243,277" oya="1" hai0="26,20,14,88,99,107,91,40,71,19,111,113,101" hai1="24,112,110,53,62,103,95,58,4,13,123,27,25" hai2="42,54,7,28,98,93,2,9,47,76,67,69,73" hai3="128,87,29,37,8,3,52,117,85,131,133,89,80"/><U104/><E123/><V105/><F28/><W46/><G29/><T116/><D116/><U16/><E112/><V44/><F67/><W126/><G117/><T32/><D113/><U75/><E75/><V97/><F69/><W90/><G126/><T57/><D40/><U51/><E110/><V60/><F105/><W119/><G119/><T5/><D57/><U127/><E127/><V86/><F86/><W35/><G35/><T96/><D96/><N who="1" m="59807" /><E104/><V1/><F93/><W30/><G30/><T31/><D111/><U106/><E106/><V82/><F2/><W84/><G133/><T38/><D38/><U70/><E70/><V66/><F66/><W10/><G3/><T125/><D125/><U78/><E78/><V79/><F79/><W22/><G22/><T63/><REACH who="0" step="1"/><D5/><REACH who="0" ten="227,243,243,277" step="2"/><U74/><E4/><V23/><F23/><W108/><G37/><T34/><D34/><U114/><E114/><V0/><F0/><W124/><G124/><T94/><D94/><U121/><E74/><V55/><F47/><W135/><G108/><T43/><D43/><U11/><E121/><V100/><F60/><AGARI ba="0,1" hai="11,13,16,24,25,27,51,53,58,60,62" m="59807" machi="60" ten="30,5800,0" yaku="8,1,52,1,54,1" doraHai="49" who="1" fromWho="2" sc="227,0,243,68,243,-58,277,0" /><INIT seed="1,1,0,3,0,19" ten="227,311,185,277" oya="1" hai0="55,121,29,5,108,18,51,83,124,50,11,103,71" hai1="117,56,75,73,37,22,17,79,2,76,89,8,69" hai2="123,1,59,40,43,98,118,122,94,9,85,3,48" hai3="96,12,77,102,86,41,110,74,57,61,64,63,27"/><U105/><E117/><V16/><F118/><W67/><G74/><T120/><D29/><U36/><E69/><V46/><F3/><W24/><G110/><T42/><D71/><U116/><E116/><V135/><F135/><W6/><G41/><T54/><D103/><U134/><E134/><V130/><F130/><W109/><G109/><T132/><D108/><U34/><E34/><V80/><F1/><W129/><G129/><T93/><D93/><U68/><E68/><V53/><F59/><W15/><G77/><T114/><D132/><U21/><E105/><V49/><F49/><W72/><G72/><T66/><D66/><U78/><E56/><V125/><F125/><W92/><G86/><T23/><D114/><U39/><E89/><N who="2" m="51367" /><F123/><W38/><G38/><T112/><D112/><U20/><E17/><V106/><F106/><W70/><G15/><T52/><D124/><U90/><E90/><N who="2" m="55639" /><F122/><W44/><G44/><T131/><D131/><U127/><E127/><V65/><F65/><W133/><G133/><T115/><D115/><U47/><E47/><V28/><F28/><W126/><G126/><T0/><D121/><U30/><E30/><V91/><F91/><W58/><G70/><T97/><D120/><U107/><E107/><V87/><F87/><W33/><G33/><T32/><D32/><U45/><E45/><V14/><AGARI ba="1,0" hai="9,14,16,40,43,46,48,53" m="55639,51367" machi="14" ten="30,4000,0" yaku="25,1,8,1,54,1" doraHai="19" who="2" fromWho="2" sc="227,-11,311,-21,185,43,277,-11" /><INIT seed="2,0,0,5,0,121" ten="216,290,228,266" oya="2" hai0="4,0,95,123,39,53,1,64,108,30,72,126,44" hai1="79,31,55,99,84,46,42,35,28,104,59,67,107" hai2="11,90,50,101,77,41,87,29,66,25,132,21,6" hai3="105,89,80,27,52,49,130,110,115,92,10,129,9"/><V22/><F132/><W37/><G105/><T131/><D95/><U48/><E35/><V45/><F66/><W112/><G37/><T5/><D53/><U32/><E32/><V40/><F101/><W114/><G80/><T124/><D64/><U119/><E119/><V2/><F77/><W103/><G103/><T36/><D44/><U94/><E107/><V14/><F2/><N who="0" m="1130" /><D123/><U83/><E104/><V98/><F98/><W12/><G27/><T96/><D96/><U106/><E106/><V54/><REACH who="2" step="1"/><F22/><REACH who="2" ten="216,290,218,266" step="2"/><W75/><G129/><T109/><D131/><U133/><E133/><V125/><F125/><N who="0" m="48234" /><D72/><U3/><E3/><V7/><F7/><N who="0" m="2634" /><D30/><U33/><E67/><V135/><F135/><W15/><G130/><T73/><D73/><U97/><E33/><V51/><F51/><W62/><G75/><T23/><D23/><U102/><REACH who="1" step="1"/><E97/><REACH who="1" ten="216,280,218,266" step="2"/><V100/><F100/><W82/><G115/><T65/><D65/><U128/><E128/><V116/><F116/><W134/><G114/><T43/><D43/><U8/><E8/><V26/><F26/><W47/><G134/><T16/><D16/><U71/><E71/><V78/><F78/><W118/><G112/><T20/><D20/><U18/><E18/><V34/><F34/><W122/><G118/><T24/><D24/><U13/><E13/><V56/><F56/><W91/><G9/><T120/><D120/><U93/><E93/><AGARI ba="0,2" hai="6,11,14,21,25,29,40,41,45,50,54,87,90,93" machi="93" ten="30,5800,0" yaku="1,1,7,1,8,1,53,0" doraHai="121" doraHaiUra="61" who="2" fromWho="1" sc="216,0,280,-58,218,78,266,0" /><INIT seed="2,1,0,4,3,111" ten="216,222,296,266" oya="2" hai0="2,38,100,10,114,35,0,52,79,95,74,18,49" hai1="97,105,93,16,58,96,68,102,65,42,34,108,4" hai2="130,78,82,99,125,23,117,69,81,59,57,134,116" hai3="77,104,80,120,39,48,110,50,22,32,66,55,7"/><V90/><F69/><W54/><G120/><T15/><D35/><U70/><E108/><V28/><F59/><W103/><G110/><T19/><D38/><U9/><E34/><V119/><F57/><W6/><G32/><T25/><D74/><U107/><E42/><V33/><F33/><W17/><G39/><T101/><D79/><U64/><E107/><V98/><F23/><W60/><G103/><T46/><D2/><U29/><E29/><V31/><F28/><W51/><G104/><T112/><D0/><U121/><E121/><V128/><F31/><W44/><G51/><T24/><D95/><U83/><E83/><V127/><F134/><W43/><G43/><T91/><D91/><U113/><E113/><V106/><F106/><W8/><G60/><T86/><D86/><U45/><E45/><V72/><F82/><W62/><G8/><T53/><D53/><U132/><E132/><V71/><F71/><W131/><G131/><N who="2" m="50217" /><F90/><W21/><G21/><T123/><D123/><U30/><E30/><V3/><F3/><W92/><G92/><T124/><D124/><AGARI ba="1,0" hai="72,78,81,98,99,116,117,119,124,125,127" m="50217" machi="124" ten="40,12000,1" yaku="18,1,19,1,34,2" doraHai="111" who="2" fromWho="0" sc="216,-123,222,0,296,123,266,0" /><INIT seed="2,2,0,0,2,7" ten="93,222,419,266" oya="2" hai0="66,55,49,127,36,23,76,10,38,117,26,9,129" hai1="107,35,80,96,37,51,47,90,70,67,43,119,53" hai2="15,46,112,4,116,12,74,58,48,131,40,103,122" hai3="82,5,133,106,62,102,16,135,91,52,31,11,118"/><V85/><F74/><W79/><G118/><T61/><D117/><U13/><E119/><V29/><F112/><W75/><G31/><T94/><D129/><U50/><E35/><V14/><F131/><W18/><G91/><T113/><D127/><U111/><E111/><V17/><F122/><W44/><G102/><T27/><D113/><U81/><E107/><V8/><F29/><W126/><G106/><T93/><D38/><U101/><E101/><V92/><F58/><W73/><G126/><T64/><D27/><U21/><E51/><V19/><F116/><W134/><G73/><T89/><D36/><U59/><E96/><V28/><F28/><W132/><N who="3" m="34304" /><DORA hai="20" /><W0/><G62/><T120/><D76/><U42/><E42/><V84/><F84/><W1/><G1/><T32/><D32/><U30/><E90/><V95/><F85/><W24/><G24/><T33/><D33/><U124/><E124/><V110/><F110/><W77/><G77/><T128/><D128/><U34/><E34/><V105/><F105/><W22/><G22/><T99/><D94/><U109/><E109/><V71/><F71/><W68/><G68/><T87/><D99/><U69/><E69/><V60/><F60/><W121/><G121/><T39/><D39/><U72/><E72/><V45/><F45/><W78/><G78/><T98/><D98/><U115/><E115/><V123/><F123/><W130/><G130/><T108/><D120/><U63/><E13/><N who="2" m="5227" /><F103/><W41/><G41/><T54/><D108/><U25/><AGARI ba="2,0" hai="21,25,30,37,43,47,50,53,59,63,67,70,80,81" machi="25" ten="30,7900,0" yaku="0,1,24,2,52,1" doraHai="7,20" who="1" fromWho="1" sc="93,-22,222,85,419,-41,266,-22" /><INIT seed="3,0,0,5,3,6" ten="71,307,378,244" oya="3" hai0="90,28,76,48,64,89,125,10,53,126,81,37,101" hai1="20,13,5,42,121,131,128,4,41,77,129,39,54" hai2="110,94,122,58,36,35,83,107,124,3,60,112,75" hai3="95,24,99,104,102,106,115,132,19,103,9,119,27"/><W68/><BYE who="0" /><G115/><T86/><D86/><U87/><E121/><V69/><RYUUKYOKU type="yao9" ba="0,0" sc="71,0,307,0,378,0,244,0" hai2="3,35,36,58,60,69,75,83,94,107,110,112,122,124" /><INIT seed="3,1,0,2,1,37" ten="71,307,378,244" oya="3" hai0="20,82,84,42,123,18,128,113,77,95,135,132,23" hai1="94,66,62,119,14,92,114,5,125,75,34,8,64" hai2="100,29,47,105,86,49,60,120,70,108,103,76,58" hai3="115,22,121,36,85,87,112,104,32,24,30,2,55"/><W7/><G36/><T118/><D118/><U35/><E125/><V12/><F105/><W74/><G74/><T41/><D41/><U52/><E75/><V72/><F70/><W27/><G104/><T97/><D97/><U80/><E80/><N who="2" m="47367" /><F108/><W99/><G121/><T16/><D16/><U98/><E114/><V25/><F12/><W56/><G99/><T110/><D110/><U91/><E119/><V44/><F44/><W26/><G115/><T93/><D93/><U88/><E35/><V17/><F29/><W48/><G112/><T96/><D96/><U63/><E34/><V106/><F106/><W131/><G131/><T89/><D89/><U31/><E31/><V0/><F0/><W65/><G26/><T81/><D81/><U59/><E63/><V127/><F127/><W45/><G7/><T4/><D4/><U21/><E21/><N who="2" m="13487" /><F120/><W90/><G2/><T78/><D78/><U107/><E107/><V122/><F122/><W83/><G85/><T1/><D1/><U3/><E3/><V69/><F69/><W61/><REACH who="3" step="1"/><G27/><REACH who="3" ten="71,307,378,234" step="2"/><T129/><D129/><U57/><E98/><V19/><F72/><W130/><G130/><T111/><D111/><U10/><E5/><V46/><F19/><W53/><G53/><T50/><D50/><U101/><E52/><N who="2" m="33863" /><F49/><W38/><G38/><T68/><D68/><U28/><E14/><V40/><F40/><W13/><G13/><T79/><D79/><U126/><E126/><UN n0="%6D%69%CE%B4%69%72%7A" /><V109/><F109/><W133/><G133/><T124/><D124/><U43/><BYE who="0" /><E94/><V6/><F6/><W102/><G102/><RYUUKYOKU ba="1,1" sc="71,-15,307,-15,378,15,234,15" hai2="46,47,100,103" hai3="22,24,30,32,45,48,55,56,61,65,83,87,90" /><INIT seed="3,2,1,1,5,85" ten="56,292,393,249" oya="3" hai0="127,11,42,20,41,59,67,128,29,94,68,125,4" hai1="56,47,102,44,7,34,51,58,86,36,10,8,98" hai2="25,99,65,92,104,101,118,27,15,37,62,18,87" hai3="109,16,39,30,126,115,66,17,52,40,14,89,78"/><W72/><G115/><T106/><D106/><U53/><E34/><V35/><F37/><W88/><G126/><T114/><D114/><U116/><E116/><V77/><F118/><W76/><G66/><T134/><D134/><U84/><E36/><V24/><F35/><W19/><G109/><T26/><D26/><U79/><E79/><V22/><F104/><W123/><G123/><T100/><D100/><U131/><E131/><V112/><F112/><UN n0="%6D%69%CE%B4%69%72%7A" /><W90/><BYE who="0" /><G30/><T38/><D38/><U121/><E121/><V31/><F87/><W63/><G14/><T120/><D120/><U46/><E7/><V132/><F77/><W32/><G32/><T82/><D82/><U9/><E102/><V2/><F2/><W21/><G21/><T75/><D75/><U45/><E98/><UN n0="%6D%69%CE%B4%69%72%7A" /><V81/><BYE who="0" /><F81/><W129/><G129/><T135/><D135/><U6/><E6/><UN n0="%6D%69%CE%B4%69%72%7A" /><V95/><F95/><W55/><G72/><T80/><D80/><U83/><BYE who="0" /><E83/><V43/><F43/><W3/><G3/><T69/><D69/><U108/><E108/><V12/><F132/><W113/><G113/><T23/><D23/><U74/><E74/><V70/><F15/><W13/><G13/><T28/><D28/><U96/><E96/><V111/><F111/><W33/><G33/><T54/><D54/><N who="3" m="20521" /><G63/><T130/><D130/><U64/><E64/><V124/><F124/><W107/><G107/><T73/><D73/><U1/><E1/><V57/><F70/><W119/><G119/><T103/><D103/><U122/><E122/><V110/><F110/><W117/><G117/><RYUUKYOKU ba="2,1" sc="56,-30,292,10,393,10,249,10" hai1="8,9,10,44,45,46,47,51,53,56,58,84,86" hai2="12,18,22,24,25,27,31,57,62,65,92,99,101" hai3="16,17,19,39,40,76,78,88,89,90" /><INIT seed="3,3,1,0,5,97" ten="26,302,403,259" oya="3" hai0="73,6,67,116,99,50,85,134,78,55,40,107,46" hai1="17,47,5,114,52,135,120,118,91,96,100,38,0" hai2="61,117,74,23,95,19,70,129,66,20,43,15,126" hai3="7,10,76,121,53,60,62,130,68,11,25,56,104"/><W54/><G121/><T105/><D105/><U48/><E120/><V108/><F74/><W31/><G104/><T13/><D13/><U75/><E114/><V58/><F117/><W36/><G130/><T82/><D82/><U132/><E118/><V14/><F108/><W71/><G36/><T41/><D41/><U26/><E38/><V63/><F126/><W89/><G76/><T1/><D1/><U119/><E119/><V9/><F43/><W131/><G131/><T93/><D93/><U109/><E109/><V84/><F129/><W30/><G89/><T94/><D94/><U24/><E75/><V80/><F95/><W122/><G122/><T3/><D3/><U113/><E113/><V18/><F9/><W69/><G25/><T49/><D49/><U81/><E81/><V35/><F35/><W65/><G7/><T2/><D2/><U98/><E91/><V86/><F80/><W22/><G22/><T110/><D110/><U45/><E45/><V4/><F4/><W8/><G65/><AGARI ba="3,1" hai="14,15,18,19,20,23,58,61,63,65,66,70,84,86" machi="65" ten="30,2000,0" yaku="7,1,9,1" doraHai="97" who="2" fromWho="3" sc="26,0,302,0,403,39,259,-29" owari="26,-47.0,302,10.0,442,54.0,230,-17.0" /></mjloggm>