<mjloggm ver="2.3"><GO type="193" lobby="0"/><UN n0="%59%4F%55%49%49%43%48%49" n1="%64%65%6E%74" n2="%E5%B0%B1%E6%B4%BB%E7%94%9F%40%E5%B7%9D%E6%9D%91%E8%BB%8D%E5%9B%A3" n3="%69%64%75%6D%69%32%32%35" dan="12,12,12,11" rate="1664.99,1614.29,1807.10,1565.12" sx="M,M,M,F"/><TAIKYOKU oya="0"/><INIT seed="0,0,0,0,3,61" ten="250,250,250,250" oya="0" hai0="11,21,117,46,42,32,44,40,33,134,130,59,19" hai1="64,83,93,98,75,76,116,79,101,133,34,126,3" hai2="8,63,103,115,10,81,55,45,15,111,106,129,24" hai3="92,94,17,57,118,9,73,95,96,14,36,28,23"/><T88/><D117/><U84/><E116/><V22/><F115/><W109/><G73/><T4/><D130/><U74/><E3/><V54/><F129/><W90/><G36/><T65/><D134/><U16/><E34/><V121/><F121/><W1/><G118/><T18/><D33/><U27/><E133/><V39/><F111/><W49/><G109/><T80/><D32/><U13/><E126/><V122/><F122/><W5/><G28/><T41/><D4/><U78/><E27/><V89/><F106/><W68/><G68/><T71/><D71/><U97/><E64/><V87/><F103/><W125/><G125/><T131/><D131/><U6/><E6/><V102/><F102/><W58/><G58/><T26/><D19/><U56/><E56/><V108/><F108/><W128/><G128/><T69/><D69/><U119/><E119/><V91/><F39/><W52/><AGARI ba="0,0" hai="1,5,9,14,17,23,49,52,57,90,92,94,95,96" machi="52" ten="30,2000,0" yaku="0,1,54,1" doraHai="61" who="3" fromWho="3" sc="250,-10,250,-5,250,-5,250,20" /><INIT seed="1,0,0,5,3,76" ten="240,245,245,270" oya="1" hai0="114,89,49,127,47,17,99,86,28,102,39,81,26" hai1="8,84,59,63,20,36,77,19,93,11,75,9,55" hai2="32,69,37,105,51,13,82,103,131,61,71,68,45" hai3="96,48,72,132,50,22,104,95,100,41,23,110,94"/><U117/><E36/><V112/><F112/><W87/><G132/><T108/><D114/><U15/><E117/><V134/><F37/><W65/><G110/><T29/><D39/><U120/><E120/><V106/><F32/><W4/><G4/><T126/><D108/><U101/><E75/><V78/><F131/><W85/><G65/><T52/><D127/><U119/><E119/><V118/><F118/><W125/><G125/><T66/><D126/><U73/><E73/><V34/><F34/><W25/><G72/><T111/><D111/><U54/><E101/><V80/><F134/><W70/><G70/><T38/><D102/><U124/><E124/><V133/><F133/><W6/><G6/><T16/><D38/><U24/><E93/><V42/><F103/><W64/><G64/><T122/><D122/><U135/><E135/><V2/><F2/><W7/><G7/><T109/><D109/><U130/><E130/><V46/><F46/><N who="3" m="25679" /><G104/><T10/><D66/><N who="1" m="39295" /><E24/><V67/><F13/><W3/><G3/><T43/><D99/><U91/><E91/><V88/><F105/><W35/><G35/><T21/><D43/><U123/><E123/><V98/><F106/><W74/><G74/><T90/><D90/><U44/><E44/><V27/><F27/><W30/><G50/><T31/><D29/><U14/><E14/><AGARI ba="0,0" hai="10,14,16,17,21,26,28,31,47,49,52,81,86,89" machi="14" ten="40,12000,2" yaku="25,2,8,1,52,1,54,2" doraHai="76" who="0" fromWho="1" sc="240,120,245,-120,245,0,270,0" /><INIT seed="2,0,0,4,1,2" ten="360,125,245,270" oya="2" hai0="63,96,99,103,113,27,89,117,33,65,76,134,32" hai1="86,69,56,104,94,109,66,112,87,51,30,67,36" hai2="116,88,73,130,61,5,62,100,7,18,3,10,122" hai3="92,29,24,107,124,22,43,101,119,34,95,118,98"/><V55/><F122/><W127/><G43/><T9/><D113/><U45/><E112/><V0/><F116/><N who="3" m="44587" /><G22/><T44/><D117/><U115/><E104/><V85/><F73/><W39/><G95/><T93/><D134/><U42/><E115/><V81/><F130/><W25/><G92/><T72/><D72/><U37/><E109/><V4/><F100/><W50/><G50/><T8/><D76/><U84/><E30/><V48/><F3/><W57/><G57/><T19/><D44/><U6/><E6/><V53/><F0/><W83/><G83/><T125/><D125/><N who="3" m="48201" /><G24/><T12/><D27/><U131/><E131/><V47/><F55/><W114/><G114/><T54/><D54/><U1/><E1/><V120/><F120/><W121/><G121/><T52/><D8/><U129/><E129/><V13/><AGARI ba="0,0" hai="4,5,7,10,13,18,47,48,53,61,62,81,85,88" machi="13" ten="30,24000,3" yaku="0,1,25,2,8,1,52,3,54,1" doraHai="2" who="2" fromWho="2" sc="360,-80,125,-80,245,240,270,-80" /><INIT seed="2,1,0,2,2,58" ten="280,45,485,190" oya="2" hai0="115,135,100,123,10,52,45,67,65,75,101,18,127" hai1="96,44,50,34,29,103,87,109,108,30,80,42,49" hai2="131,88,98,83,129,111,95,48,25,121,124,38,17" hai3="91,24,132,22,54,119,118,114,33,55,113,66,9"/><V47/><F38/><W19/><G33/><T125/><D123/><U79/><E34/><V74/><F121/><W63/><G132/><T21/><D115/><N who="3" m="44041" /><G9/><T72/><D10/><U57/><E57/><V51/><F124/><N who="0" m="47690" /><D21/><U27/><E27/><V94/><F111/><W20/><G20/><T85/><D85/><U13/><E13/><V73/><F95/><W77/><G77/><T89/><D89/><U16/><E16/><V7/><F7/><W106/><G106/><T116/><D116/><N who="3" m="44585" /><G91/><T1/><D1/><U15/><E15/><V59/><F59/><AGARI ba="1,0" hai="19,22,24,54,55,59,63,66" m="44585,44041" machi="59" ten="30,2000,0" yaku="11,1,52,1" doraHai="58" who="3" fromWho="2" sc="280,0,45,0,485,-23,190,23" /><INIT seed="3,0,0,1,1,76" ten="280,45,462,213" oya="3" hai0="2,36,1,112,51,129,63,43,132,97,18,57,86" hai1="87,39,83,54,94,59,124,105,96,67,88,101,120" hai2="81,75,85,55,56,103,37,0,10,15,84,69,77" hai3="3,92,111,5,108,46,52,16,78,130,32,134,80"/><W89/><G32/><T114/><D36/><U19/><E39/><V116/><F69/><W65/><G134/><T98/><D86/><N who="1" m="52503" /><E67/><V53/><F0/><W4/><G130/><T33/><D33/><U133/><E19/><V122/><F122/><W82/><G3/><T107/><D129/><U115/><E115/><N who="0" m="44073" /><D132/><U21/><E120/><V104/><F116/><W44/><G65/><N who="0" m="39151" /><D18/><U48/><E21/><V20/><F37/><W29/><G29/><T125/><D125/><U126/><E133/><V25/><F104/><W102/><G102/><N who="0" m="62927" /><D98/><N who="1" m="61623" /><E59/><V72/><F103/><W28/><G28/><T131/><D131/><U22/><E54/><V70/><F70/><W121/><G121/><T45/><AGARI ba="0,0" hai="1,2,43,45,51" m="62927,39151,44073" machi="45" ten="30,1100,0" yaku="11,1" doraHai="76" who="0" fromWho="0" sc="280,11,45,-3,462,-3,213,-5" owari="291,9.0,42,-46.0,459,56.0,208,-19.0" /></mjloggm>