<mjloggm ver="2.3"><GO type="97" lobby="0"/><UN n0="%E3%81%8D%E3%81%BF%E3%81%9F%E3%81%BE%E3%81%94" n1="%E6%B0%B7%E6%B2%BC%E8%97%8D%E5%8F%B8" n2="%E5%B0%B1%E6%B4%BB%E7%94%9F%40%E5%B7%9D%E6%9D%91%E8%BB%8D%E5%9B%A3" n3="%E3%83%8F%E3%82%B4%E2%98%85%E6%B2%B3%E7%AB%A5" dan="14,14,13,15" rate="1985.64,1904.91,1865.78,2056.79" sx="M,F,M,M"/><TAIKYOKU oya="0"/><INIT seed="0,0,0,4,2,32" ten="250,250,250,250" oya="0" hai0="7,23,84,66,88,78,29,91,53,43,90,59,10" hai1="74,86,130,98,62,87,13,75,22,92,126,2,24" hai2="67,41,100,101,81,80,99,96,128,132,89,12,26" hai3="119,40,106,123,116,51,18,111,112,6,58,107,79"/><T65/><D43/><U49/><E130/><V4/><F41/><W38/><G6/><T64/><D78/><U3/><E13/><V17/><F128/><W82/><G112/><T110/><D110/><U30/><E49/><V57/><F132/><W27/><G38/><T47/><D47/><U117/><E117/><V46/><F4/><W36/><G36/><T102/><D102/><N who="2" m="39530" /><F46/><W20/><G111/><T56/><D84/><U77/><E126/><V69/><F69/><W54/><G40/><T52/><D23/><U95/><E62/><N who="2" m="38351" /><F26/><W16/><G123/><T9/><D29/><U115/><E115/><V55/><F55/><N who="0" m="21066" /><D7/><U11/><E75/><V61/><F61/><W28/><G116/><T134/><D134/><U0/><E11/><AGARI ba="0,0" hai="9,10,11,56,59,64,65,66,88,90,91" m="21066" machi="11" ten="40,12000,1" yaku="28,2,8,1,54,2" doraHai="32" who="0" fromWho="1" sc="250,120,250,-120,250,0,250,0" /><INIT seed="0,1,0,0,5,40" ten="370,130,250,250" oya="0" hai0="123,78,31,75,58,41,59,35,104,68,126,73,56" hai1="32,92,26,5,55,3,113,18,85,25,23,129,82" hai2="76,120,8,117,99,116,44,0,114,54,103,101,46" hai3="90,72,37,69,50,84,33,43,91,14,89,131,10"/><T135/><D68/><U15/><E129/><V9/><F120/><W16/><G72/><T29/><D104/><U106/><E106/><V130/><F130/><W87/><G37/><T61/><D123/><U79/><E113/><V27/><F114/><W38/><G38/><T74/><D78/><U81/><E92/><V17/><F76/><W63/><G33/><T30/><D41/><U107/><E107/><V4/><F54/><W124/><G131/><T93/><D93/><U95/><E95/><N who="2" m="58623" /><F103/><W47/><REACH who="3" step="1"/><G124/><REACH who="3" ten="370,130,250,240" step="2"/><T67/><D35/><U77/><E32/><V24/><F0/><W34/><G34/><T65/><D126/><U86/><REACH who="1" step="1"/><E55/><REACH who="1" ten="370,120,250,240" step="2"/><V112/><F112/><W64/><AGARI ba="1,2" hai="10,14,16,43,47,50,63,64,69,84,87,89,90,91" machi="64" ten="30,7900,0" yaku="1,1,0,1,52,1,54,1,53,0" doraHai="40" doraHaiUra="53" who="3" fromWho="3" sc="370,-40,120,-21,250,-21,240,102" /><INIT seed="1,0,0,5,3,80" ten="330,99,229,342" oya="1" hai0="18,131,48,31,116,33,102,94,54,101,128,8,118" hai1="124,34,15,2,75,82,68,106,60,23,65,27,96" hai2="67,132,72,53,32,78,41,3,55,28,84,91,77" hai3="134,99,22,5,87,85,70,135,113,29,117,46,7"/><U30/><E2/><V14/><F3/><W39/><G70/><T21/><D8/><U26/><E124/><V109/><F109/><W35/><G35/><T98/><D31/><U1/><E15/><V100/><F132/><N who="3" m="50731" /><G113/><T52/><D33/><U13/><E1/><V123/><F123/><W125/><G125/><T44/><D54/><N who="2" m="20490" /><F72/><W63/><G63/><T51/><D51/><U0/><E13/><V114/><F32/><W69/><G69/><T57/><D57/><U103/><E0/><V24/><F114/><W92/><G117/><T130/><D101/><U59/><E59/><V37/><F37/><W108/><G108/><T79/><D79/><N who="2" m="30218" /><F100/><N who="3" m="60519" /><G46/><T19/><D19/><N who="1" m="12671" /><E82/><N who="2" m="49559" /><F41/><W104/><G104/><T10/><D10/><U40/><E40/><V4/><F67/><W93/><G39/><T50/><REACH who="0" step="1"/><D48/><REACH who="0" ten="320,99,229,342" step="2"/><U90/><E75/><V9/><F28/><W49/><G49/><T95/><D95/><U71/><E71/><V97/><F24/><AGARI ba="0,1" hai="18,21,24,44,50,52,94,98,102,116,118,128,130,131" machi="24" ten="40,5200,0" yaku="1,1,19,1,54,1,53,0" doraHai="80" doraHaiUra="73" who="0" fromWho="2" sc="320,62,99,0,229,-52,342,0" /><INIT seed="2,0,0,1,4,132" ten="382,99,177,342" oya="2" hai0="24,90,130,79,12,19,6,32,36,116,92,23,105" hai1="127,53,122,80,56,110,43,61,106,38,86,97,100" hai2="22,77,87,4,55,113,31,63,33,111,25,40,21" hai3="134,10,94,26,5,107,37,9,109,17,96,93,118"/><V121/><F113/><W52/><G37/><T123/><D105/><U125/><E122/><V73/><F121/><W85/><G118/><T103/><D36/><U115/><E115/><V104/><F104/><W81/><G134/><T3/><D103/><U98/><E98/><V126/><F73/><W72/><G72/><T83/><D130/><U8/><E110/><V69/><F40/><W89/><G109/><T46/><D46/><U112/><E112/><V88/><F77/><W11/><G107/><T120/><D116/><U129/><E129/><V66/><F111/><W48/><G5/><T15/><D15/><U18/><E18/><V35/><F126/><N who="1" m="48137" /><E8/><V20/><F35/><W13/><G26/><T133/><D133/><U102/><E102/><V124/><F124/><W50/><G50/><T28/><D83/><U41/><E38/><V65/><F4/><W76/><G94/><T0/><D79/><AGARI ba="0,0" hai="41,43,53,56,61,79,80,86,97,100,106" m="48137" machi="79" ten="30,7700,0" yaku="18,1,52,3" doraHai="132" who="1" fromWho="0" sc="382,-77,99,77,177,0,342,0" /><INIT seed="3,0,0,3,0,78" ten="305,176,177,342" oya="3" hai0="98,104,84,106,68,46,27,108,24,114,134,99,29" hai1="37,109,12,18,102,42,113,15,43,48,132,131,16" hai2="95,83,90,89,70,38,86,39,85,93,31,72,103" hai3="26,53,81,64,51,75,2,66,50,63,118,126,130"/><W129/><G2/><T116/><D68/><U79/><E113/><V10/><F70/><W76/><G118/><T105/><D46/><N who="1" m="25687" /><E37/><V11/><F31/><W0/><G0/><T135/><D29/><U41/><E109/><V28/><F28/><W119/><G119/><T58/><D58/><U115/><E115/><V17/><F39/><W107/><G107/><T123/><D114/><U61/><E132/><N who="0" m="50729" /><D116/><U54/><E131/><N who="3" m="50186" /><G126/><T74/><D108/><U57/><E102/><V3/><F38/><W22/><G53/><T120/><D84/><U117/><E79/><V49/><F3/><W52/><G52/><T35/><D74/><U40/><E117/><V88/><F72/><W36/><G36/><T13/><D13/><AGARI ba="0,0" hai="12,13,15,16,18,40,41,43,54,57,61" m="25687" machi="13" ten="30,2000,0" yaku="8,1,54,1" doraHai="78" who="1" fromWho="0" sc="305,-20,176,20,177,0,342,0" owari="285,9.0,196,-20.0,177,-32.0,342,43.0" /></mjloggm>