<mjloggm ver="2.3"><GO type="193" lobby="0"/><UN n0="%E7%84%A1%E6%99%82" n1="%E5%B0%B1%E6%B4%BB%E7%94%9F%40%E5%B7%9D%E6%9D%91%E8%BB%8D%E5%9B%A3" n2="%E5%93%B2%EF%BC%A2%EF%BC%AF%EF%BC%AF" n3="%E5%9B%BD%E5%9C%9F%E5%BC%B7%E9%9D%AD%E5%8C%96" dan="12,12,12,12" rate="1655.80,1784.83,1713.57,1888.74" sx="M,M,M,M"/><TAIKYOKU oya="0"/><INIT seed="0,0,0,5,5,99" ten="250,250,250,250" oya="0" hai0="131,29,11,46,20,23,5,116,103,119,73,128,59" hai1="75,1,45,56,58,122,26,36,132,89,71,74,87" hai2="115,53,97,94,32,51,8,10,52,40,76,21,124" hai3="44,57,69,95,123,31,18,37,109,38,55,63,133"/><T80/><D73/><U85/><E71/><V105/><F115/><W70/><G109/><T112/><D46/><U125/><E1/><V130/><F32/><W114/><G114/><T65/><D112/><U100/><E122/><V0/><F124/><W34/><G133/><T24/><D80/><U126/><E36/><V81/><F130/><N who="0" m="49706" /><D65/><U27/><E89/><V49/><F105/><W98/><G123/><T60/><D60/><U101/><REACH who="1" step="1"/><E45/><REACH who="1" ten="250,240,250,250" step="2"/><V42/><F0/><W25/><G69/><T64/><D59/><U110/><E110/><V113/><F113/><W78/><G70/><T17/><D103/><U84/><E84/><N who="2" m="48167" /><F21/><W43/><G38/><T7/><D64/><U91/><E91/><N who="2" m="55519" /><F10/><W19/><G78/><T83/><D83/><U106/><E106/><V104/><F104/><W77/><G77/><T13/><D11/><U86/><E86/><V67/><F8/><W3/><G3/><T15/><D119/><U127/><E127/><V108/><F67/><W14/><G14/><N who="0" m="5131" /><D116/><U4/><E4/><V79/><F79/><W88/><AGARI ba="0,1" hai="18,19,25,31,34,37,43,44,55,57,63,88,95,98" machi="88" ten="20,2700,0" yaku="0,1,7,1,54,1" doraHai="99" who="3" fromWho="3" sc="250,-13,240,-7,250,-7,250,37" /><INIT seed="1,0,0,5,2,8" ten="237,233,243,287" oya="1" hai0="132,96,83,117,20,49,122,104,133,63,32,129,80" hai1="107,77,35,4,113,118,62,37,31,112,87,103,124" hai2="121,127,45,100,86,56,61,18,48,66,91,11,19" hai3="50,36,123,126,73,67,44,79,51,54,106,125,40"/><U97/><E118/><V60/><F121/><W47/><G106/><T17/><D122/><U130/><E124/><N who="3" m="47722" /><G123/><T59/><D32/><U23/><E130/><V75/><F75/><W46/><G73/><T102/><D117/><U5/><E37/><V28/><F127/><W115/><G79/><T131/><D49/><U109/><E109/><V110/><F110/><W105/><G105/><T38/><D38/><U114/><E35/><V95/><F28/><W108/><G108/><T92/><D104/><U64/><E87/><V34/><F34/><W10/><G10/><T41/><D41/><U7/><E77/><V0/><F100/><W24/><G24/><T55/><D80/><U33/><E23/><V12/><F0/><W25/><G25/><T74/><D74/><U43/><E43/><V42/><F60/><W22/><G22/><T39/><D83/><U16/><E33/><V99/><F99/><W120/><G120/><T26/><D39/><U119/><E119/><V2/><F2/><W29/><G29/><T88/><D102/><U70/><E31/><V128/><F128/><AGARI ba="0,0" hai="17,20,26,55,59,63,88,92,96,128,129,131,132,133" machi="128" ten="40,8000,1" yaku="25,2,19,1,54,1" doraHai="8" who="0" fromWho="2" sc="237,80,233,0,243,-80,287,0" /><INIT seed="2,0,0,5,4,110" ten="317,233,163,287" oya="2" hai0="52,75,26,104,1,113,71,123,76,117,0,48,80" hai1="13,81,119,27,10,86,43,55,9,36,92,69,90" hai2="17,38,87,83,99,64,59,78,121,47,105,89,94" hai3="116,124,65,6,56,128,3,62,19,32,107,126,108"/><V18/><F121/><W4/><G116/><T11/><D71/><U46/><E69/><V2/><F2/><W51/><G108/><T29/><D117/><U57/><E119/><V49/><F38/><W41/><G107/><T70/><D123/><U93/><E27/><V101/><F59/><W28/><G128/><T42/><D70/><U37/><E37/><V79/><F79/><W111/><G111/><T114/><D104/><U98/><E13/><V132/><F132/><W60/><G3/><T20/><D42/><U5/><E5/><V21/><F21/><W133/><G133/><T73/><D73/><U82/><E93/><V12/><F12/><W100/><G100/><T74/><D74/><U103/><E82/><V40/><REACH who="2" step="1"/><F64/><REACH who="2" ten="317,233,153,287" step="2"/><W112/><G65/><T66/><D66/><U131/><E131/><V44/><F44/><W15/><G56/><T120/><D120/><U45/><E46/><V68/><F68/><W33/><G15/><T84/><D75/><AGARI ba="0,1" hai="17,18,40,47,49,75,78,83,87,89,94,99,101,105" machi="75" ten="30,12000,1" yaku="1,1,7,1,24,2,53,1" doraHai="110" doraHaiUra="88" who="2" fromWho="0" sc="317,-120,233,0,153,130,287,0" /><INIT seed="2,1,0,1,1,37" ten="197,233,283,287" oya="2" hai0="0,47,129,42,79,105,124,1,63,20,33,57,5" hai1="34,127,40,114,84,30,106,102,7,6,111,116,35" hai2="118,69,16,43,91,72,103,128,89,98,120,54,73" hai3="131,27,8,19,77,51,108,126,25,75,80,11,99"/><V107/><F120/><W112/><G108/><T93/><D105/><U101/><E116/><V62/><F118/><W94/><G126/><T85/><D33/><U32/><E111/><V81/><F128/><W97/><G131/><T24/><D124/><U15/><E127/><V78/><F73/><W134/><G134/><T122/><D122/><U121/><E114/><V61/><F69/><W68/><G68/><T115/><D129/><U130/><E121/><V31/><F31/><W67/><G112/><T92/><D115/><U29/><E130/><V9/><F43/><W39/><G39/><T17/><D1/><U49/><E84/><V86/><F54/><W58/><G97/><T135/><D135/><U74/><E74/><V76/><F76/><W46/><G58/><T44/><D0/><U38/><E38/><V113/><F89/><W4/><G67/><N who="0" m="39407" /><D5/><U65/><E65/><V55/><F55/><W52/><G19/><T64/><D64/><U132/><E132/><V117/><F117/><W70/><G70/><T133/><D133/><U14/><E106/><V45/><F45/><N who="0" m="17482" /><D42/><U96/><E49/><V28/><F28/><W22/><G22/><T90/><D79/><U48/><E48/><V36/><F36/><W21/><G21/><T71/><D71/><U59/><E59/><V12/><F113/><W95/><G95/><AGARI ba="1,0" hai="17,20,24,85,90,92,93,95" m="17482,39407" machi="95" ten="30,1000,0" yaku="8,1" doraHai="37" who="0" fromWho="3" sc="197,13,233,0,283,0,287,-13" /><AGARI ba="1,0" hai="9,12,16,61,62,72,78,81,86,91,95,98,103,107" machi="95" ten="30,11600,0" yaku="7,1,24,2,54,1" doraHai="37" who="2" fromWho="3" sc="210,0,233,0,283,116,274,-116" /><INIT seed="2,2,0,2,2,103" ten="210,233,399,158" oya="2" hai0="40,100,39,88,124,125,33,14,66,85,6,94,90" hai1="77,2,45,113,3,55,10,62,35,36,11,107,67" hai2="70,8,115,4,81,16,29,122,74,68,19,1,132" hai3="127,37,93,104,123,89,120,38,97,112,7,91,23"/><V130/><F122/><W80/><G7/><T32/><D39/><U111/><E113/><V43/><F115/><W114/><G23/><T76/><D40/><U56/><E35/><V134/><F29/><W30/><G30/><T86/><D66/><U131/><E131/><V57/><F130/><W65/><G65/><T18/><D6/><U60/><E111/><V69/><F57/><W92/><G37/><T31/><D31/><U98/><E77/><V41/><F41/><W95/><G38/><T42/><D42/><U13/><E11/><V46/><F19/><W0/><G0/><T79/><D32/><U71/><E45/><V12/><F16/><W26/><G26/><T73/><D33/><U24/><E24/><V9/><F12/><W21/><G21/><T15/><D18/><U50/><E36/><N who="2" m="21863" /><F9/><W58/><G58/><T126/><D15/><U54/><E98/><V99/><F99/><W44/><G44/><T63/><D63/><U59/><E107/><V64/><F64/><W28/><G28/><T22/><D22/><U17/><AGARI ba="2,0" hai="2,3,10,13,17,50,54,55,56,59,60,62,67,71" machi="17" ten="20,1500,0" yaku="0,1,7,1" doraHai="103" who="1" fromWho="1" sc="210,-6,233,21,399,-9,158,-6" /><INIT seed="3,0,0,2,2,39" ten="204,254,390,152" oya="3" hai0="116,35,120,67,55,85,9,62,74,61,42,128,92" hai1="96,90,109,122,83,76,3,26,10,110,17,125,40" hai2="27,84,103,66,19,24,89,23,114,77,14,44,81" hai3="59,75,51,102,126,21,53,80,106,16,1,0,11"/><W36/><G126/><T28/><D116/><U63/><E122/><V134/><F114/><W38/><G106/><T20/><D74/><U94/><E125/><V93/><F134/><W71/><G102/><T108/><D120/><U99/><E63/><V46/><F66/><W129/><G71/><T73/><D73/><U7/><E99/><V34/><F34/><W29/><G129/><T64/><D128/><U101/><E90/><V88/><F103/><W119/><G119/><T117/><D108/><N who="1" m="41579" /><E40/><V112/><F112/><W52/><G29/><T111/><D117/><U91/><E91/><N who="2" m="34891" /><F93/><W127/><G127/><T121/><D111/><U104/><E104/><V45/><AGARI ba="0,0" hai="14,19,23,24,27,44,45,46,77,81,84" m="34891" machi="45" ten="30,2000,0" yaku="8,1,54,1" doraHai="39" who="2" fromWho="2" sc="204,-5,254,-5,390,20,152,-10" owari="199,-20.0,249,5.0,410,51.0,142,-36.0" /></mjloggm>