<mjloggm ver="2.3"><GO type="169" lobby="0"/><UN n0="%E3%81%A7%E3%81%97%EF%BC%96" n1="%E3%83%AC%E3%83%9F%E3%83%AA%E3%82%A2%E3%81%AF%E4%BF%BA%E3%81%AE%E5%AB%81" n2="%E3%81%82%E3%81%B2%E3%82%8B%E3%81%95%E3%82%93" n3="%E3%82%A6%E3%83%AB%E3%83%88%E3%83%A9%E7%AB%8B%E7%9B%B4" dan="16,16,17,17" rate="2132.36,2095.77,2053.95,2174.73" sx="M,M,M,M"/><TAIKYOKU oya="0"/><INIT seed="0,0,0,1,2,28" ten="250,250,250,250" oya="0" hai0="96,5,0,107,97,135,79,22,60,34,66,23,2" hai1="104,49,30,32,14,69,51,129,54,94,131,82,53" hai2="46,19,132,35,44,130,7,10,36,108,59,56,39" hai3="50,84,109,95,116,118,52,24,91,103,77,61,6"/><T74/><D135/><U4/><E104/><V43/><F108/><W113/><G109/><T90/><D90/><U121/><E69/><V62/><F130/><N who="1" m="49673" /><E121/><V3/><F132/><W114/><G103/><T58/><D79/><U117/><E117/><V89/><F19/><W133/><G133/><T134/><D74/><U17/><E94/><V65/><F89/><W9/><G61/><T101/><D134/><U105/><E105/><V126/><F126/><W21/><G77/><T87/><D87/><U106/><E106/><V73/><F73/><W111/><G111/><T15/><D96/><U81/><E4/><V16/><F16/><W124/><G124/><T42/><D42/><U70/><E70/><V100/><F100/><W76/><G76/><T31/><D15/><U120/><E120/><V26/><F46/><W45/><G118/><T1/><REACH who="0" step="1"/><D5/><REACH who="0" ten="240,250,250,250" step="2"/><U127/><E127/><V37/><F7/><W27/><G116/><T71/><D71/><U40/><E40/><V72/><F72/><W92/><G27/><AGARI ba="0,1" hai="0,1,2,22,23,27,31,34,58,60,66,97,101,107" machi="27" ten="40,3900,0" yaku="1,1,52,1,53,0" doraHai="28" doraHaiUra="68" who="0" fromWho="3" sc="240,49,250,0,250,0,250,-39" /><INIT seed="0,1,0,0,1,5" ten="289,250,250,211" oya="0" hai0="107,64,26,103,73,119,81,23,120,125,110,33,3" hai1="124,21,46,130,27,83,49,89,72,36,16,135,60" hai2="90,45,61,38,50,121,47,4,71,111,39,11,132" hai3="112,129,22,14,35,101,0,85,13,94,96,17,127"/><T2/><D120/><U97/><E135/><V34/><F34/><W105/><G35/><T99/><D119/><U31/><E130/><V25/><F121/><W88/><G0/><T12/><D125/><U68/><E124/><V104/><F104/><W9/><G127/><T93/><D110/><U76/><E36/><V82/><F25/><W59/><G129/><T77/><D64/><U55/><E68/><V18/><F18/><W7/><REACH who="3" step="1"/><G59/><REACH who="3" ten="289,250,250,201" step="2"/><T52/><D33/><U114/><E114/><AGARI ba="1,1" hai="7,9,13,14,17,22,85,88,94,96,101,105,112,114" machi="114" ten="40,8000,1" yaku="1,1,2,1,52,1,54,1,53,1" doraHai="5" doraHaiUra="19" who="3" fromWho="1" sc="289,0,250,-83,250,0,201,93" /><INIT seed="1,0,0,1,4,44" ten="289,167,250,294" oya="1" hai0="105,88,13,25,130,66,81,21,34,65,1,68,79" hai1="57,98,6,131,5,110,71,4,86,106,94,107,62" hai2="95,60,53,132,93,3,70,127,19,30,55,100,121" hai3="32,46,103,84,114,101,77,133,82,43,122,27,8"/><U108/><E131/><V48/><F3/><W49/><G122/><T38/><D130/><U69/><E86/><V111/><F121/><W73/><G114/><T36/><D105/><U83/><E83/><V33/><F111/><N who="1" m="42537" /><E107/><V58/><F132/><W10/><G133/><T50/><D1/><U112/><E106/><V52/><F127/><W97/><G73/><T120/><D120/><U47/><E47/><V41/><F70/><W22/><G32/><T129/><D129/><U9/><E9/><V134/><F134/><W59/><G59/><T104/><D104/><U14/><E14/><V85/><F33/><W115/><G115/><T118/><D118/><U72/><E72/><V40/><F30/><W56/><G56/><T89/><D13/><U119/><E112/><V45/><F95/><N who="3" m="58559" /><G103/><T116/><D116/><U117/><E117/><V124/><F124/><W26/><G26/><T16/><D34/><U67/><E119/><V75/><F75/><W51/><G51/><T15/><D15/><U42/><E42/><V24/><F40/><W63/><G63/><T80/><D50/><U0/><E0/><V2/><F2/><W61/><G61/><T125/><D125/><U92/><E92/><V29/><F100/><AGARI ba="0,0" hai="4,5,6,57,62,67,69,71,94,98,100" m="42537" machi="100" ten="30,2900,0" yaku="14,1,10,1" doraHai="44" who="1" fromWho="2" sc="289,0,167,29,250,-29,294,0" /><INIT seed="1,1,0,4,5,75" ten="289,196,221,294" oya="1" hai0="81,72,39,6,61,45,91,77,31,62,129,112,68" hai1="84,76,102,105,28,64,26,42,67,37,8,0,57" hai2="80,97,111,29,5,123,117,95,121,27,103,100,44" hai3="110,107,53,59,43,41,87,71,19,21,15,10,90"/><U33/><E105/><V20/><F117/><W99/><G71/><T9/><D112/><U109/><E102/><V14/><F111/><W115/><G115/><T54/><D129/><U98/><E98/><V104/><F103/><W79/><G110/><T7/><D31/><U25/><E109/><V118/><F118/><W131/><G131/><T119/><D119/><U63/><E25/><V82/><F104/><W78/><G107/><T114/><D114/><U108/><E108/><V13/><F123/><W12/><G99/><T38/><D7/><U122/><E122/><V92/><F121/><W24/><G43/><N who="0" m="22775" /><D39/><U73/><E84/><V16/><F95/><N who="3" m="54751" /><G41/><T18/><D18/><U51/><E51/><V1/><F44/><W120/><G120/><T133/><D133/><U32/><E42/><V49/><F49/><N who="3" m="31151" /><G15/><T88/><D68/><U34/><E37/><V46/><F46/><W23/><G23/><T11/><D61/><U96/><E96/><V40/><F40/><W3/><G3/><N who="0" m="223" /><D11/><U52/><E8/><N who="2" m="4239" /><F1/><W83/><G83/><T55/><D62/><U125/><E0/><V134/><F134/><W22/><G10/><AGARI ba="1,0" hai="10,14,16,20,27,29,80,82,92,97,100" m="4239" machi="10" ten="30,2000,0" yaku="8,1,54,1" doraHai="75" who="2" fromWho="3" sc="289,0,196,0,221,23,294,-23" /><INIT seed="2,0,0,3,1,120" ten="289,196,244,271" oya="2" hai0="90,59,8,84,28,73,55,61,14,108,15,96,111" hai1="37,135,57,87,122,115,75,124,49,93,116,31,29" hai2="78,123,36,99,16,2,42,112,40,97,70,6,4" hai3="88,51,95,10,0,121,13,91,85,86,9,117,79"/><V24/><F123/><W126/><G121/><T20/><D73/><U133/><E75/><V44/><F112/><W113/><G117/><T102/><D28/><U18/><E37/><V100/><F70/><W17/><G113/><T58/><D20/><U129/><E122/><V38/><F78/><W27/><G126/><T23/><D23/><U7/><E7/><V72/><F72/><W125/><G125/><T32/><D32/><U103/><E115/><V127/><F127/><W65/><G79/><T74/><D74/><U101/><E101/><V83/><F83/><W39/><G39/><T107/><D59/><U53/><E116/><V76/><F76/><W118/><G118/><T68/><D68/><U71/><E71/><V22/><F2/><W64/><G27/><T33/><D33/><U30/><E124/><V3/><F3/><W35/><G35/><T106/><D106/><U92/><E92/><V11/><F11/><W62/><G62/><T98/><D96/><N who="1" m="59791" /><E129/><V50/><F99/><W45/><G9/><T56/><D56/><U60/><E60/><V104/><F50/><W21/><G21/><T67/><D67/><U63/><E63/><V25/><REACH who="2" step="1"/><F24/><REACH who="2" ten="289,196,234,271" step="2"/><W5/><G0/><T110/><D8/><U47/><E49/><V105/><F105/><W69/><G69/><T82/><AGARI ba="0,1" hai="14,15,55,58,61,82,84,90,98,102,107,108,110,111" machi="82" ten="30,8000,1" yaku="0,1,14,1,52,3" doraHai="120" who="0" fromWho="0" sc="289,90,196,-20,234,-40,271,-20" /><INIT seed="3,0,0,5,3,16" ten="379,176,194,251" oya="3" hai0="76,114,25,85,74,55,58,17,36,78,41,86,18" hai1="6,106,49,20,19,12,59,101,92,121,42,15,71" hai2="118,89,57,70,28,131,83,84,14,122,44,40,98" hai3="21,134,56,90,47,132,82,61,112,125,0,54,8"/><W72/><G112/><T69/><D69/><U116/><E71/><V31/><F70/><W10/><G125/><T65/><D65/><U127/><E121/><V91/><F118/><W34/><G34/><T26/><D114/><U11/><E127/><V130/><F122/><W133/><G0/><T68/><D68/><U7/><E116/><V1/><F1/><W46/><G46/><T120/><D120/><U124/><E124/><V27/><F57/><W110/><G110/><T100/><D100/><U94/><E7/><V62/><F62/><W29/><G47/><T108/><D108/><U111/><E111/><V126/><F126/><W117/><G117/><T102/><D102/><U93/><E106/><V81/><F14/><W109/><G109/><T96/><D96/><N who="1" m="59527" /><E42/><V119/><F119/><W23/><G29/><T103/><D103/><U13/><E15/><V30/><F131/><W123/><G123/><T5/><D74/><U77/><E77/><V32/><F130/><W104/><G104/><T35/><D41/><U73/><E73/><V51/><F98/><W99/><G99/><T33/><D36/><U37/><E37/><V115/><F115/><W3/><G3/><T4/><D58/><U105/><E105/><V38/><F38/><W9/><G90/><T45/><D45/><U50/><E59/><V113/><F113/><W22/><G72/><T52/><AGARI ba="0,0" hai="4,5,17,18,25,26,33,35,52,55,76,78,85,86" machi="52" ten="25,6400,0" yaku="0,1,22,2,54,1" doraHai="16" who="0" fromWho="0" sc="379,64,176,-16,194,-16,251,-32" /><INIT seed="4,0,0,3,3,134" ten="443,160,178,219" oya="0" hai0="34,49,107,1,102,81,101,23,5,83,12,60,92" hai1="64,25,122,58,77,8,45,121,76,29,75,7,67" hai2="130,104,98,126,50,100,55,47,120,131,30,63,35" hai3="96,94,0,68,113,31,118,79,24,56,116,125,54"/><T53/><D107/><U88/><E122/><V78/><F120/><W48/><G0/><T110/><D110/><U10/><E121/><V28/><F78/><W11/><G68/><T127/><D127/><U72/><E45/><V95/><F104/><W61/><G113/><T80/><D34/><U33/><E10/><V3/><F3/><W66/><G125/><T123/><D123/><U119/><E119/><V39/><F39/><W73/><G79/><T106/><D106/><U69/><E69/><V70/><F35/><W84/><G73/><T14/><D1/><U36/><E36/><V51/><F70/><W13/><G84/><T109/><D109/><U27/><E76/><V132/><F132/><W19/><G48/><T43/><D60/><U112/><E112/><V40/><F63/><W20/><REACH who="3" step="1"/><G54/><REACH who="3" ten="443,160,178,209" step="2"/><T22/><D53/><U124/><E124/><V82/><F126/><W6/><G6/><T105/><D5/><U17/><E77/><V57/><REACH who="2" step="1"/><F82/><REACH who="2" ten="443,160,168,209" step="2"/><W52/><G52/><T41/><D81/><U9/><E75/><V86/><F86/><W38/><G38/><T103/><D80/><U46/><E72/><V111/><F111/><W129/><G129/><AGARI ba="0,2" hai="28,30,40,47,50,51,55,57,95,98,100,129,130,131" machi="129" ten="40,5200,0" yaku="1,1,19,1,53,1" doraHai="134" doraHaiUra="91" who="2" fromWho="3" sc="443,0,160,0,168,72,209,-52" /><INIT seed="5,0,0,0,0,81" ten="443,160,240,157" oya="1" hai0="59,21,100,131,29,102,9,93,68,46,62,61,15" hai1="127,27,54,72,10,17,103,70,116,74,90,44,11" hai2="118,98,89,4,16,96,129,64,34,30,8,56,101" hai3="87,126,3,83,125,121,80,51,12,69,84,38,22"/><U58/><E116/><V5/><F118/><W135/><G38/><T47/><D68/><U133/><E103/><N who="0" m="39465" /><D93/><U75/><E70/><V18/><F129/><W33/><G33/><T19/><D131/><U23/><E133/><V122/><F122/><W14/><G3/><T36/><D36/><U92/><E44/><N who="0" m="16937" /><D59/><U117/><E127/><N who="3" m="48650" /><G69/><T7/><D29/><U86/><REACH who="1" step="1"/><E117/><REACH who="1" ten="443,150,240,157" step="2"/><V57/><F101/><W45/><G135/><T35/><D35/><U65/><E65/><V114/><F64/><W13/><G121/><T108/><D108/><U104/><E104/><V132/><F34/><W99/><G99/><T63/><D63/><AGARI ba="0,1" hai="10,11,17,23,27,54,58,63,72,74,75,86,90,92" machi="63" ten="40,3900,0" yaku="1,1,52,1,53,0" doraHai="81" doraHaiUra="112" who="1" fromWho="0" sc="443,-39,150,49,240,0,157,0" /><INIT seed="5,1,0,0,3,59" ten="404,199,240,157" oya="1" hai0="35,84,118,26,44,41,114,100,75,47,19,109,64" hai1="130,122,105,24,63,53,103,91,12,97,14,78,49" hai2="34,86,92,4,0,101,104,38,95,80,113,106,15" hai3="36,128,20,123,6,107,61,133,89,2,17,60,135"/><U1/><E122/><V125/><F38/><W40/><G107/><T29/><D118/><U111/><E78/><V62/><F34/><W27/><G123/><T77/><D114/><U37/><E37/><V10/><F125/><W98/><G128/><T70/><D109/><U21/><E130/><V82/><F106/><W22/><G6/><T43/><D75/><U79/><E79/><V81/><F104/><W56/><G2/><T69/><D100/><U28/><E1/><V119/><F119/><W134/><G22/><T13/><D77/><U83/><E111/><V108/><F108/><W58/><G40/><T117/><D84/><U132/><E132/><V88/><F0/><W51/><G36/><T66/><D117/><U116/><E116/><V57/><F113/><W30/><G30/><T11/><D43/><U74/><E74/><V54/><REACH who="2" step="1"/><F95/><REACH who="2" ten="404,199,230,157" step="2"/><N who="3" m="56687" /><G51/><T71/><D35/><U99/><E49/><V67/><F67/><W115/><G115/><T18/><D66/><U94/><E105/><V110/><F110/><W126/><G126/><T112/><D64/><U5/><E94/><V7/><F7/><W8/><G8/><T102/><D112/><U3/><E3/><V50/><F50/><W32/><G32/><T131/><D131/><U73/><E5/><V52/><F52/><N who="3" m="33799" /><G135/><T68/><D11/><U76/><E53/><AGARI ba="1,1" hai="17,20,27,53,58,61,133,134" m="33799,56687" machi="53" ten="30,7700,0" yaku="25,1,52,2,54,1" doraHai="59" who="3" fromWho="1" sc="404,0,199,-80,230,0,157,90" /><INIT seed="6,0,0,3,2,124" ten="404,119,230,247" oya="2" hai0="94,23,85,2,83,45,59,25,135,26,104,4,92" hai1="20,125,86,16,70,74,78,110,79,41,56,42,99" hai2="69,84,76,67,58,112,19,29,131,95,73,11,106" hai3="52,132,77,87,10,75,127,88,55,100,30,111,34"/><V103/><F69/><W17/><G111/><T8/><D104/><U108/><E70/><V113/><F106/><W130/><G30/><T68/><D68/><U13/><E125/><V128/><F73/><W97/><G34/><T98/><D135/><U18/><E74/><V35/><F29/><W64/><G64/><T122/><D122/><U50/><E110/><V126/><F35/><W105/><G127/><T12/><D2/><U36/><E108/><V28/><F28/><W21/><G10/><T15/><D45/><U123/><E123/><V60/><F126/><W115/><G115/><N who="2" m="44105" /><F103/><W24/><G130/><N who="2" m="49705" /><F11/><W14/><G132/><T91/><D59/><U32/><E36/><V3/><F3/><W71/><G71/><T121/><D121/><U72/><E72/><V120/><F120/><W49/><G75/><T43/><D43/><U44/><E32/><V102/><F19/><W63/><G100/><N who="0" m="60487" /><D4/><U61/><E18/><V134/><F134/><W51/><G105/><T118/><D8/><U46/><E16/><V66/><F102/><W96/><G17/><T133/><D133/><U6/><E6/><V117/><F117/><W80/><G14/><T89/><D15/><U93/><E13/><V38/><F38/><W109/><G109/><T53/><D118/><U31/><E31/><V82/><F95/><W22/><G22/><T27/><D12/><U5/><E20/><V1/><F1/><W48/><G21/><T107/><D107/><U81/><E5/><V0/><F0/><W101/><G101/><T129/><D129/><U39/><E93/><V90/><F67/><RYUUKYOKU ba="0,0" sc="404,-10,119,-10,230,30,247,-10" hai2="58,60,66,76,82,84,90" /><INIT seed="6,1,0,0,0,55" ten="394,109,260,237" oya="2" hai0="79,5,57,133,123,83,94,41,48,34,126,86,12" hai1="115,121,0,106,130,97,23,109,116,18,69,77,122" hai2="9,10,17,113,7,80,46,132,61,95,45,58,47" hai3="92,67,82,63,119,96,100,49,128,101,73,6,22"/><V26/><F113/><W125/><G119/><T112/><D123/><N who="1" m="47115" /><E77/><V117/><F117/><W87/><G73/><T21/><D133/><U105/><E97/><V103/><F132/><W111/><G111/><T13/><D34/><U110/><E116/><V74/><F74/><W99/><G125/><T85/><D126/><U108/><E69/><V20/><F80/><W4/><G49/><T59/><D112/><U114/><E106/><V27/><F7/><W25/><G128/><T44/><D21/><U16/><E105/><V98/><F27/><W11/><G11/><N who="0" m="4207" /><D13/><N who="1" m="9615" /><E130/><V84/><F84/><W81/><G81/><T68/><D68/><U78/><E78/><V24/><F26/><W36/><G36/><T135/><D135/><U66/><E0/><V62/><F62/><W56/><G100/><T76/><D76/><U31/><E66/><AGARI ba="1,0" hai="9,10,17,20,24,45,46,47,58,61,66,95,98,103" machi="66" ten="40,3900,0" yaku="8,1,52,1" doraHai="55" who="2" fromWho="1" sc="394,0,109,-42,260,42,237,0" /><INIT seed="6,2,0,4,3,91" ten="394,67,302,237" oya="2" hai0="93,98,117,62,49,36,4,88,32,33,28,78,101" hai1="86,82,95,85,119,96,81,54,55,51,5,99,8" hai2="103,13,79,61,70,48,58,71,47,2,128,38,109" hai3="118,112,10,44,37,3,131,29,12,9,27,80,132"/><V67/><F2/><W110/><G80/><T42/><D117/><U107/><E107/><V39/><F79/><W18/><G44/><T22/><D36/><N who="2" m="13866" /><F13/><W100/><G37/><T19/><D4/><U60/><E119/><V53/><F103/><W1/><G100/><T21/><D78/><U124/><E124/><V102/><F102/><W120/><G120/><T16/><D33/><U68/><E68/><N who="2" m="26155" /><F128/><W115/><G118/><T25/><D62/><U20/><E60/><V17/><F17/><N who="0" m="6730" /><D32/><U56/><E20/><N who="0" m="7785" /><D28/><U69/><E69/><N who="2" m="42223" /><F109/><W45/><G110/><T111/><D111/><U15/><E96/><V31/><F31/><W66/><G131/><T43/><D25/><U92/><E99/><V113/><F113/><W7/><G3/><T75/><D75/><U46/><E82/><V35/><F35/><W14/><G1/><T126/><D101/><U133/><E133/><V77/><F77/><W26/><G132/><T50/><D126/><U87/><REACH who="1" step="1"/><E81/><REACH who="1" ten="394,57,302,237" step="2"/><V34/><F34/><N who="3" m="20791" /><G115/><T84/><D98/><U30/><E30/><V108/><F108/><W134/><G112/><T23/><D23/><U90/><E90/><V72/><F72/><W127/><G134/><T94/><D94/><U83/><E83/><V65/><F65/><W74/><G66/><T123/><D93/><U105/><E105/><V106/><F106/><W97/><G74/><T40/><D88/><U76/><E76/><V0/><F0/><W11/><G97/><T130/><D130/><U122/><E122/><V121/><F121/><W116/><G116/><T52/><D123/><U73/><E73/><RYUUKYOKU ba="2,1" sc="394,-15,57,15,302,15,237,-15" hai1="5,8,15,46,51,54,55,56,85,86,87,92,95" hai2="47,48,53,58" /><INIT seed="6,3,1,4,2,115" ten="379,72,317,222" oya="2" hai0="11,49,105,54,85,134,3,4,135,60,83,53,110" hai1="97,80,28,72,52,16,103,129,35,123,30,68,132" hai2="33,13,45,89,120,0,64,94,76,71,38,24,8" hai3="77,26,104,100,93,19,23,31,17,61,42,63,78"/><V114/><F120/><W91/><G104/><T29/><D110/><U109/><E109/><V27/><F0/><W133/><G100/><T79/><D105/><U95/><E132/><N who="0" m="50729" /><D29/><U73/><E129/><V99/><F114/><W48/><G133/><T113/><D113/><U12/><E68/><V25/><F76/><N who="3" m="29291" /><G48/><T56/><D49/><U21/><E123/><V102/><F71/><W96/><G42/><T88/><D79/><U10/><E35/><V69/><F38/><W111/><G111/><T112/><D112/><U62/><E80/><V1/><F1/><W43/><G43/><T131/><D131/><U41/><E41/><V22/><F33/><W34/><G34/><T6/><D6/><U46/><E10/><V40/><F69/><W74/><G74/><T128/><D128/><U106/><E106/><V67/><F45/><W92/><G92/><T117/><D117/><U7/><E7/><N who="2" m="3231" /><F40/><W82/><G82/><T20/><D20/><U5/><E5/><V15/><F102/><W55/><G55/><AGARI ba="3,1" hai="3,4,11,53,54,55,56,60,83,85,88" m="50729" machi="55" ten="30,2000,0" yaku="20,1,54,1" doraHai="115" who="0" fromWho="3" sc="379,39,72,0,317,0,222,-29" /><INIT seed="7,0,0,0,1,44" ten="418,72,317,193" oya="3" hai0="9,116,10,2,81,31,21,107,78,89,73,15,19" hai1="90,79,28,101,57,35,94,135,121,92,13,100,66" hai2="80,93,71,1,108,65,48,105,50,55,113,106,46" hai3="99,47,6,69,120,104,41,130,20,62,43,124,134"/><W30/><G43/><T133/><D116/><U64/><E135/><V17/><F108/><W83/><G124/><T131/><D133/><U23/><E121/><V27/><F1/><W123/><G6/><T45/><D107/><U118/><E118/><V40/><F113/><W86/><G130/><T128/><D89/><U87/><E35/><V96/><F71/><W59/><G69/><T24/><D2/><U91/><E79/><V12/><F65/><W52/><G134/><T42/><REACH who="0" step="1"/><D10/><REACH who="0" ten="408,72,317,193" step="2"/><U84/><E66/><V75/><F106/><W125/><G125/><T129/><D129/><U18/><REACH who="1" step="1"/><E28/><REACH who="1" ten="408,62,317,193" step="2"/><V119/><F119/><W115/><G123/><T67/><D67/><U26/><E26/><V127/><F127/><W38/><G120/><T112/><D112/><U36/><E36/><AGARI ba="0,2" hai="9,15,19,21,24,31,36,42,45,73,78,81,128,131" machi="36" ten="40,2600,0" yaku="1,1,53,1" doraHai="44" doraHaiUra="74" who="0" fromWho="1" sc="408,46,62,-26,317,0,193,0" owari="454,55.0,36,-46.0,317,12.0,193,-21.0" /></mjloggm>