<mjloggm ver="2.3"><GO type="41" lobby="0"/><UN n0="%6E%6F%4E%61%6D%65" n1="%61%74%75%6B%6F%34%38" n2="%4E%58%47%45%30" n3="%E3%82%A6%E3%83%AB%E3%83%88%E3%83%A9%E7%AB%8B%E7%9B%B4" dan="15,14,13,15" rate="2031.72,1937.16,1855.66,2009.30" sx="M,M,M,M"/><TAIKYOKU oya="0"/><INIT seed="0,0,0,1,3,105" ten="250,250,250,250" oya="0" hai0="92,85,23,100,90,24,102,110,132,38,69,81,7" hai1="70,68,11,8,51,91,130,125,27,122,101,83,45" hai2="15,95,98,133,118,33,77,114,80,72,115,31,97" hai3="61,32,43,2,4,104,3,65,63,84,49,89,121"/><T62/><D38/><U53/><E122/><V17/><F133/><W54/><G104/><T57/><D69/><U35/><E125/><V16/><F118/><W96/><G32/><T71/><D71/><U127/><E127/><V78/><F78/><W58/><G121/><T88/><D132/><U93/><E130/><V117/><F117/><W10/><G96/><N who="0" m="57351" /><D7/><U41/><E70/><V20/><F17/><W106/><G106/><T129/><D129/><U75/><E68/><V124/><F97/><W5/><G43/><T50/><D50/><U116/><E116/><V13/><F13/><W46/><G63/><T37/><D37/><U34/><E34/><V60/><F60/><W64/><G64/><N who="0" m="38991" /><D110/><U107/><E35/><V56/><F56/><W52/><G65/><T14/><D14/><U28/><E107/><V67/><F67/><W109/><G109/><T99/><D99/><U12/><E101/><V30/><F124/><W111/><G111/><T94/><D81/><U25/><E25/><V79/><F79/><W112/><G112/><T9/><D9/><U128/><E12/><V123/><F123/><W21/><G5/><T40/><D40/><U82/><E41/><V59/><F59/><W134/><G134/><T108/><D108/><U22/><E128/><V19/><F33/><W131/><G131/><T29/><AGARI ba="0,0" hai="23,24,29,85,90,94,100,102" m="38991,57351" machi="29" ten="30,3000,0" yaku="8,1,54,1" doraHai="105" who="0" fromWho="0" sc="250,30,250,-10,250,-10,250,-10" /><INIT seed="0,1,0,0,2,97" ten="280,240,240,240" oya="0" hai0="22,133,34,65,1,134,4,117,19,90,77,110,73" hai1="125,57,135,87,30,9,8,102,14,129,84,43,86" hai2="119,103,54,82,71,40,29,109,128,38,80,115,79" hai3="17,18,130,35,92,68,7,59,124,89,32,46,20"/><T96/><D117/><U76/><E125/><V66/><F109/><W91/><G68/><T64/><D34/><U25/><E135/><N who="0" m="51721" /><D110/><U2/><E129/><V16/><F29/><W37/><G7/><T62/><D77/><U49/><E2/><V78/><F54/><W36/><G59/><T5/><D73/><U72/><E72/><V23/><F40/><W99/><G46/><T83/><D1/><U70/><E70/><V45/><F45/><W95/><G20/><T121/><D121/><U15/><E76/><V118/><F38/><W53/><G53/><T111/><D111/><U67/><E43/><V10/><F10/><N who="1" m="4201" /><E30/><V48/><F115/><W122/><G124/><T33/><D33/><U112/><E25/><V108/><F108/><W113/><G113/><T56/><D64/><U42/><E112/><V104/><F66/><W100/><G130/><T50/><D50/><U21/><E21/><V75/><F128/><W131/><G131/><T116/><D116/><U44/><E102/><V120/><F120/><W98/><G122/><T41/><D41/><U0/><E0/><V31/><F103/><AGARI ba="1,0" hai="17,18,32,35,36,37,89,91,92,95,98,99,100,103" machi="103" ten="25,6400,0" yaku="22,2,52,2" doraHai="97" who="3" fromWho="2" sc="280,0,240,0,240,-67,240,67" /><INIT seed="1,0,0,4,4,135" ten="280,240,173,307" oya="1" hai0="108,125,52,41,19,2,13,134,64,109,14,84,6" hai1="27,7,110,79,11,93,1,50,75,124,23,34,60" hai2="12,4,9,107,127,96,85,18,97,126,56,72,44" hai3="38,48,70,99,103,98,30,104,42,82,74,80,71"/><U17/><E75/><V88/><F72/><W78/><G48/><T117/><D117/><U26/><E79/><V33/><F33/><W113/><G113/><T55/><D134/><U31/><E60/><V46/><F56/><W115/><G115/><T81/><D64/><U86/><E50/><V63/><F63/><W122/><G122/><T112/><D112/><U16/><E86/><V22/><F107/><W32/><G82/><T121/><D121/><U132/><E93/><N who="2" m="54415" /><F46/><N who="3" m="23895" /><G99/><T35/><D35/><U123/><E123/><V91/><F91/><W118/><G118/><T21/><D41/><U67/><E67/><V83/><F83/><W119/><G119/><T120/><D120/><U59/><E59/><V49/><F49/><W51/><G51/><T28/><D2/><N who="1" m="503" /><E132/><V25/><F44/><W105/><G105/><T131/><D131/><U92/><E92/><V69/><F69/><W68/><G68/><T77/><D28/><N who="1" m="19735" /><E110/><N who="0" m="42601" /><D125/><AGARI ba="0,0" hai="4,9,12,18,22,25,96,97,125,126,127" m="54415" machi="125" ten="30,8000,1" yaku="18,1,52,3,54,1" doraHai="135" who="2" fromWho="0" sc="280,-80,240,0,173,80,307,0" /><INIT seed="2,0,0,0,0,67" ten="200,240,253,307" oya="2" hai0="13,125,27,54,124,92,14,121,100,111,47,46,9" hai1="61,62,21,26,77,93,135,60,117,96,56,129,115" hai2="58,70,119,113,130,105,41,120,6,103,43,4,7" hai3="80,87,49,112,1,34,57,40,20,97,76,74,98"/><V85/><F70/><W82/><G34/><T114/><D121/><U110/><E117/><V69/><F69/><W65/><G1/><T128/><D114/><U88/><E115/><V5/><F5/><W17/><G112/><T86/><D111/><U31/><E110/><V35/><F35/><W123/><G123/><T33/><D128/><U48/><E129/><V59/><F113/><W116/><G116/><T32/><D54/><N who="1" m="31815" /><E135/><V25/><F25/><W0/><G0/><T94/><D27/><U23/><E23/><V18/><F18/><W134/><G134/><T64/><D64/><U39/><E39/><V90/><F119/><W38/><G38/><T51/><D86/><U102/><E77/><V52/><F59/><W99/><G65/><T45/><D51/><U72/><E72/><V89/><F89/><AGARI ba="0,0" hai="21,26,31,60,61,62,88,89,93,96,102" m="31815" machi="89" ten="30,2000,0" yaku="8,1,54,1" doraHai="67" who="1" fromWho="2" sc="200,0,240,20,253,-20,307,0" /><INIT seed="3,0,0,5,5,50" ten="200,260,233,307" oya="3" hai0="13,110,106,99,51,122,58,121,14,101,4,133,40" hai1="105,18,129,114,48,94,92,42,123,60,9,8,107" hai2="119,95,54,1,24,72,98,16,70,128,28,49,116" hai3="77,67,26,23,104,32,2,45,87,7,125,113,85"/><W108/><G113/><T82/><D110/><U102/><E114/><V63/><F72/><W35/><G104/><T19/><D133/><U135/><E123/><V37/><F37/><W29/><G108/><T127/><D127/><U132/><E60/><V74/><F74/><W81/><G125/><T15/><D40/><U86/><E129/><V73/><F73/><W27/><G67/><T57/><D82/><U111/><E111/><V93/><F1/><W53/><G7/><T103/><D103/><U84/><E48/><V64/><F128/><W65/><G65/><T109/><D109/><U117/><E42/><V22/><F28/><W33/><G2/><T41/><D41/><U56/><E56/><V62/><F62/><W34/><G87/><T5/><D58/><U131/><E131/><V75/><F75/><W10/><G10/><T112/><D112/><U71/><E18/><V78/><F78/><W88/><G77/><T30/><D30/><U12/><E12/><V52/><F49/><W25/><N who="3" m="8704" /><DORA hai="46" /><W96/><G96/><T100/><D100/><U66/><E66/><V89/><REACH who="2" step="1"/><F95/><REACH who="2" ten="200,260,223,307" step="2"/><W68/><G29/><T39/><D39/><U36/><E36/><V124/><F124/><W134/><G134/><T31/><D31/><U76/><E76/><V69/><F69/><W43/><G68/><T21/><D121/><U3/><E71/><V83/><F83/><W17/><G43/><T20/><D122/><U6/><E3/><V55/><AGARI ba="0,1" hai="16,22,24,52,54,55,63,64,70,89,93,98,116,119" machi="55" ten="30,12000,2" yaku="1,1,0,1,52,3,54,2,53,0" doraHai="50,46" doraHaiUra="0,80" who="2" fromWho="2" sc="200,-30,260,-30,223,130,307,-60" /><INIT seed="4,0,0,3,5,134" ten="170,230,353,247" oya="0" hai0="128,109,69,87,49,96,60,23,3,25,70,88,74" hai1="42,53,110,129,100,59,0,38,66,64,104,57,117" hai2="21,63,31,43,120,73,95,91,119,106,17,93,34" hai3="55,50,80,127,1,20,83,90,108,47,67,65,10"/><T2/><D128/><U35/><E117/><V122/><F34/><W18/><G108/><T76/><D109/><U13/><E110/><V14/><F31/><W130/><G130/><T111/><D111/><U101/><E0/><V124/><F106/><W58/><G1/><T15/><D96/><U94/><E129/><V9/><F73/><W30/><G30/><T116/><D116/><U103/><E35/><V82/><F43/><W44/><G10/><T61/><D15/><U40/><E104/><V107/><F107/><W75/><G75/><T131/><D131/><U115/><E115/><V7/><F63/><W54/><G127/><T4/><D4/><U92/><E38/><V32/><F32/><W56/><G56/><N who="1" m="21578" /><E53/><V41/><F41/><N who="1" m="15977" /><E13/><V125/><F119/><W84/><G80/><T85/><D49/><U6/><E6/><V81/><F91/><W102/><G102/><N who="1" m="26114" /><U71/><DORA hai="33" /><E71/><V46/><F7/><W24/><REACH who="3" step="1"/><G47/><REACH who="3" ten="170,230,353,237" step="2"/><T118/><D74/><U16/><E16/><V112/><F46/><W68/><G68/><T52/><D118/><U19/><E19/><V48/><F17/><W12/><G12/><T78/><D25/><U28/><E28/><V62/><F14/><W36/><G36/><T105/><D105/><U77/><E77/><V72/><F82/><W121/><G121/><T11/><D11/><U126/><E126/><V97/><F125/><W79/><G79/><T5/><D5/><U51/><E51/><AGARI ba="0,1" hai="18,20,24,44,50,51,54,55,58,65,67,83,84,90" machi="51" ten="30,8000,1" yaku="1,1,7,1,8,1,53,2" doraHai="134,33" doraHaiUra="86,22" who="3" fromWho="1" sc="170,0,230,-80,353,0,237,90" /><INIT seed="5,0,0,4,2,5" ten="170,150,353,327" oya="1" hai0="129,88,25,94,64,1,68,122,96,128,44,16,21" hai1="36,131,2,77,62,59,133,51,27,103,53,126,124" hai2="12,120,113,46,86,95,6,18,19,82,4,32,85" hai3="3,66,11,20,80,28,73,7,108,29,67,9,107"/><U116/><E2/><V87/><F32/><W15/><G107/><T123/><D1/><U69/><E116/><V0/><F0/><W40/><G108/><T101/><D44/><U55/><E77/><V50/><F120/><N who="0" m="46122" /><D101/><U114/><E103/><V39/><F39/><W115/><G115/><T71/><D64/><N who="1" m="41111" /><E27/><V74/><F74/><W47/><G66/><T135/><D135/><U70/><E114/><V43/><F113/><W118/><G67/><T78/><D78/><U75/><E75/><V42/><F95/><W91/><G20/><T117/><D117/><U89/><E89/><N who="2" m="51383" /><F43/><W10/><G118/><T98/><D98/><U65/><E133/><V37/><F37/><N who="3" m="21903" /><G91/><T99/><D99/><U56/><E36/><V92/><F92/><W106/><G106/><T23/><D23/><U130/><E70/><AGARI ba="0,0" hai="16,21,25,68,70,71,88,94,96,128,129" m="46122" machi="70" ten="30,3900,0" yaku="13,1,54,2" doraHai="5" who="0" fromWho="1" sc="170,39,150,-39,353,0,327,0" /><INIT seed="6,0,0,5,0,39" ten="209,111,353,327" oya="2" hai0="89,104,114,11,6,58,55,98,100,13,18,84,88" hai1="103,62,118,127,116,33,54,94,7,66,109,71,51" hai2="60,73,97,128,2,76,105,45,36,122,96,52,125" hai3="5,78,92,3,20,57,80,129,22,21,131,49,8"/><V130/><F2/><W40/><G92/><T115/><D6/><U106/><E109/><V93/><F105/><W14/><G3/><T120/><D120/><U44/><E106/><V4/><F4/><W69/><G69/><T1/><D1/><U15/><E33/><V85/><F73/><W112/><G112/><N who="0" m="43051" /><D84/><U102/><E127/><V72/><F72/><W83/><G57/><T30/><D30/><U132/><E132/><V91/><F76/><W133/><G133/><T95/><D104/><U81/><E81/><V35/><F35/><W46/><REACH who="3" step="1"/><G83/><REACH who="3" ten="209,111,353,317" step="2"/><T19/><D95/><U61/><E118/><V42/><F122/><W10/><G10/><T124/><D58/><U48/><E116/><V64/><F125/><W108/><G108/><T90/><D11/><U135/><E135/><V107/><F107/><W86/><AGARI ba="0,1" hai="5,8,14,20,21,22,40,46,49,78,80,86,129,131" machi="86" ten="30,8000,1" yaku="1,1,0,1,25,2,52,1,53,0" doraHai="39" doraHaiUra="25" who="3" fromWho="3" sc="209,-20,111,-20,353,-40,317,90" /><INIT seed="7,0,0,3,2,33" ten="189,91,313,407" oya="3" hai0="80,78,108,42,134,74,54,58,68,104,12,52,23" hai1="123,85,84,91,87,90,32,132,130,81,131,73,49" hai2="16,4,100,66,93,17,61,120,46,28,64,82,102" hai3="27,116,126,38,25,60,26,40,83,89,21,71,94"/><W41/><G83/><T18/><D108/><U34/><E123/><V39/><F120/><W44/><G41/><T53/><D104/><U105/><E49/><V9/><F28/><W77/><G77/><T128/><D68/><U99/><E34/><V2/><F82/><W96/><G126/><T112/><D134/><U1/><E32/><V57/><F66/><W45/><G45/><T8/><D128/><N who="1" m="49195" /><E1/><V129/><F129/><W95/><G60/><T79/><D112/><U118/><E118/><V121/><F121/><W50/><G38/><T11/><D79/><N who="1" m="44271" /><E105/><V63/><F63/><W107/><G107/><T10/><REACH who="0" step="1"/><D42/><REACH who="0" ten="179,91,313,407" step="2"/><U122/><E122/><V30/><F39/><W5/><G40/><T13/><D13/><U14/><E14/><V72/><F72/><W119/><G50/><AGARI ba="0,1" hai="8,10,11,12,18,23,50,52,53,54,58,74,78,80" machi="50" ten="40,2600,0" yaku="1,1,54,1,53,0" doraHai="33" doraHaiUra="3" who="0" fromWho="3" sc="179,36,91,0,313,0,407,-26" owari="215,-18.0,91,-41.0,313,11.0,381,48.0" /></mjloggm>