<mjloggm ver="2.3"><GO type="193" lobby="0"/><UN n0="%E5%B0%B1%E6%B4%BB%E7%94%9F%40%E5%B7%9D%E6%9D%91%E8%BB%8D%E5%9B%A3" n1="%70%72%65%2D%64%69%61" n2="%41%73%68%74%6F%6E" n3="%76%69%6E%75%73%73" dan="11,12,13,11" rate="1758.31,1709.45,1835.23,1710.57" sx="M,M,M,M"/><TAIKYOKU oya="0"/><INIT seed="0,0,0,5,5,34" ten="250,250,250,250" oya="0" hai0="50,44,119,62,27,118,52,28,12,21,107,15,129" hai1="53,68,0,66,17,16,85,79,51,90,101,61,132" hai2="76,3,133,72,63,102,18,105,38,9,24,30,5" hai3="22,112,92,135,82,111,120,39,4,128,65,123,2"/><T104/><D129/><U49/><E132/><V117/><F133/><W59/><G39/><T55/><D107/><U13/><E101/><V84/><F117/><W125/><G135/><T110/><D110/><U57/><E79/><V108/><F108/><W42/><G42/><T48/><D104/><U29/><E29/><V10/><F63/><N who="3" m="38143" /><G111/><T58/><D119/><U97/><E97/><V7/><F18/><W32/><G32/><T114/><D114/><U87/><E0/><V89/><F38/><W35/><G35/><T45/><REACH who="0" step="1"/><D118/><REACH who="0" ten="240,250,250,250" step="2"/><U96/><E96/><V69/><F105/><W36/><G112/><T134/><D134/><U23/><E49/><V100/><F69/><W94/><G36/><T75/><D75/><U64/><E64/><AGARI ba="0,1" hai="12,15,21,27,28,44,45,48,50,52,55,58,62,64" machi="64" ten="30,12000,1" yaku="1,1,7,1,9,1,8,1,54,1,53,0" doraHai="34" doraHaiUra="67" who="0" fromWho="1" sc="240,130,250,-120,250,0,250,0" /><INIT seed="0,1,0,3,1,34" ten="370,130,250,250" oya="0" hai0="124,106,61,72,97,40,1,45,58,134,22,117,57" hai1="31,70,132,95,87,126,84,114,66,77,129,48,36" hai2="18,53,92,60,28,78,19,85,109,100,121,125,62" hai3="101,105,98,3,76,50,44,71,108,35,4,51,94"/><T37/><D1/><U8/><E36/><V96/><F28/><W6/><G35/><T59/><D72/><U38/><E38/><V131/><F121/><W111/><G71/><T91/><D117/><U43/><E126/><V79/><F125/><W12/><G76/><N who="2" m="29225" /><F109/><N who="3" m="42059" /><G105/><T7/><D124/><U42/><E129/><V110/><F110/><W0/><G51/><T11/><D134/><U33/><E132/><V118/><F131/><W27/><G27/><T112/><D112/><U25/><E114/><V5/><F5/><N who="3" m="2155" /><G12/><T116/><D116/><U115/><E115/><V102/><F118/><W104/><G104/><T99/><D99/><U46/><E42/><AGARI ba="1,0" hai="0,3,42,44,50,94,98,101" m="2155,42059" machi="42" ten="30,3900,0" yaku="14,1,52,2" doraHai="34" who="3" fromWho="1" sc="370,0,130,-42,250,0,250,42" /><INIT seed="1,0,0,3,1,69" ten="370,88,250,292" oya="1" hai0="33,91,36,6,119,53,95,35,32,98,44,45,14" hai1="111,130,132,68,63,104,66,79,93,47,16,117,92" hai2="129,34,76,82,46,28,74,30,23,107,122,65,128" hai3="49,31,72,86,19,39,10,100,62,48,75,29,71"/><U43/><E117/><V78/><F46/><W83/><G100/><T26/><D119/><U81/><E104/><V37/><F122/><W131/><G131/><T84/><D36/><U134/><E130/><V20/><F65/><W120/><G120/><T17/><D6/><U126/><E126/><V5/><F5/><W58/><G71/><T70/><D70/><U114/><E114/><V60/><F60/><W57/><G39/><T105/><D26/><U101/><E111/><V109/><F109/><W64/><G75/><T97/><D53/><U124/><E124/><V116/><F116/><W125/><G72/><T94/><D105/><U113/><E113/><V3/><F3/><W8/><G125/><T18/><D18/><U0/><E0/><V67/><F67/><W21/><G86/><T41/><D41/><U88/><E16/><V13/><F13/><N who="3" m="7591" /><G83/><T25/><D25/><U123/><E123/><V127/><F127/><W87/><G87/><T59/><D59/><U96/><E101/><V103/><F103/><W11/><G21/><T121/><D121/><U2/><E2/><V22/><F107/><W24/><G24/><T12/><D12/><U9/><E9/><N who="3" m="3082" /><G49/><T89/><D84/><N who="1" m="48191" /><E93/><V135/><F34/><W54/><AGARI ba="0,0" hai="29,31,48,54,57,58,62,64" m="3082,7591" machi="54" ten="30,1100,0" yaku="8,1" doraHai="69" who="3" fromWho="3" sc="370,-3,88,-5,250,-3,292,11" /><INIT seed="2,0,0,5,3,101" ten="367,83,247,303" oya="2" hai0="105,109,16,10,90,44,33,84,23,13,110,135,92" hai1="96,19,85,117,98,89,65,115,38,53,31,36,118" hai2="22,49,59,122,14,58,107,2,80,29,119,93,26" hai3="17,9,86,94,111,69,128,74,21,0,42,70,51"/><V76/><F2/><W7/><G74/><T123/><D105/><U57/><E115/><V25/><F107/><W87/><G111/><N who="0" m="42507" /><D33/><U124/><E31/><V18/><F122/><W73/><G128/><T15/><D123/><U48/><E124/><V61/><F119/><W24/><G73/><T131/><D131/><U39/><E65/><V68/><F68/><W78/><G87/><T63/><D135/><U132/><E132/><V127/><F127/><W83/><G94/><T91/><D91/><U32/><E32/><V100/><F100/><W27/><G27/><T125/><D125/><U62/><E19/><V56/><F93/><W106/><G106/><T66/><D44/><U126/><E126/><V43/><F43/><W72/><G86/><T81/><D81/><U6/><E6/><V12/><F49/><W113/><G113/><T97/><D84/><U4/><E48/><V67/><F80/><W5/><REACH who="3" step="1"/><G7/><REACH who="3" ten="367,83,247,293" step="2"/><T103/><D103/><U102/><E4/><V54/><F76/><W3/><G3/><T37/><D92/><U112/><E112/><V75/><F75/><W34/><G34/><T133/><D97/><U121/><E121/><V108/><F108/><W104/><G104/><T28/><D133/><U120/><E120/><V40/><F26/><W134/><G134/><T52/><D90/><U129/><E129/><V130/><F130/><W71/><G71/><T8/><D28/><U55/><E118/><V30/><F29/><W11/><G11/><T88/><D10/><U99/><E117/><V60/><F30/><W116/><G116/><T77/><D8/><RYUUKYOKU ba="0,1" sc="367,-10,83,-10,247,-10,293,30" hai3="0,5,9,17,21,24,42,51,69,70,72,78,83" /><INIT seed="3,1,1,4,4,39" ten="357,73,237,323" oya="3" hai0="0,37,128,72,98,106,69,23,50,113,65,119,25" hai1="117,31,120,107,34,124,42,20,3,84,6,68,89" hai2="79,125,121,1,132,40,77,118,62,47,53,102,28" hai3="82,60,21,127,55,14,36,112,49,38,64,19,4"/><W109/><G112/><T104/><D119/><U126/><E84/><V100/><F1/><W24/><G127/><T26/><D0/><U13/><E42/><V16/><F118/><W94/><G109/><T59/><D37/><U48/><E89/><V103/><F125/><W9/><G82/><T134/><D72/><U91/><E48/><V114/><F114/><W83/><G83/><T30/><D113/><U74/><E91/><V130/><F121/><W131/><G131/><T33/><D128/><U122/><E20/><V61/><F130/><W81/><G81/><T58/><D134/><U87/><E13/><V15/><F28/><W63/><G94/><T99/><D99/><U54/><E87/><V71/><F132/><W2/><G63/><N who="0" m="40127" /><D50/><U116/><E54/><V70/><F71/><W12/><G12/><T88/><D88/><U111/><E31/><V51/><F70/><W5/><G5/><T52/><D52/><U90/><E6/><V27/><F27/><W96/><G96/><T35/><D106/><U29/><E90/><V7/><F7/><W115/><G115/><T75/><D75/><U80/><E29/><V92/><F92/><W133/><G133/><T22/><D33/><U10/><E80/><V66/><F66/><W85/><G85/><T93/><D93/><U57/><E10/><N who="2" m="6263" /><F62/><W108/><G108/><T86/><D86/><U11/><E57/><AGARI ba="1,1" hai="40,47,51,53,57,61,77,79,100,102,103" m="6263" machi="57" ten="30,3900,0" yaku="8,1,52,1,54,1" doraHai="39" who="2" fromWho="1" sc="357,0,73,-42,237,52,323,0" owari="357,46.0,31,-47.0,289,-11.0,323,12.0" /></mjloggm>