<mjloggm ver="2.3"><GO type="97" lobby="0"/><UN n0="%E3%81%8D%E3%82%83%E3%81%97%E3%82%83%E3%83%BC%E3%81%AE%EF%BC%81" n1="%E3%81%B8%E3%81%84" n2="%E3%82%A4%E3%83%B3%E3%83%89%E8%B1%A1" n3="%E3%82%A6%E3%83%AB%E3%83%88%E3%83%A9%E7%AB%8B%E7%9B%B4" dan="15,14,15,15" rate="1928.07,1900.28,1935.37,2064.95" sx="M,M,M,M"/><TAIKYOKU oya="0"/><INIT seed="0,0,0,4,3,76" ten="250,250,250,250" oya="0" hai0="101,28,104,16,9,74,42,2,94,110,10,39,36" hai1="0,5,87,75,13,120,99,85,17,133,40,3,23" hai2="100,63,88,46,117,123,21,30,7,91,114,54,130" hai3="41,44,51,67,24,71,78,128,92,80,118,56,61"/><T84/><D74/><U33/><E75/><V6/><F123/><W12/><G118/><T96/><D28/><U93/><E120/><V64/><F114/><W121/><G121/><T49/><D110/><U113/><E113/><V53/><F100/><W127/><G127/><T45/><D2/><U65/><E133/><V4/><F130/><W38/><G128/><T31/><D31/><U125/><E125/><V70/><F117/><W90/><G24/><T126/><D126/><U73/><E73/><V111/><F111/><W48/><G12/><T107/><D10/><U26/><E40/><V81/><F46/><W79/><G79/><T50/><D50/><U8/><E0/><V115/><F115/><W83/><G78/><T57/><D57/><U109/><E65/><V97/><F91/><W112/><G112/><T72/><D72/><U15/><E109/><V14/><F97/><W11/><G11/><T68/><D68/><U22/><E3/><V19/><REACH who="2" step="1"/><F30/><REACH who="2" ten="250,250,240,250" step="2"/><W108/><G108/><T95/><D101/><N who="1" m="60655" /><E33/><V132/><F132/><W20/><G20/><T89/><D96/><U103/><E103/><V47/><F47/><W62/><G44/><T34/><D89/><U29/><AGARI ba="0,1" hai="5,8,13,15,17,22,23,26,29,85,87" m="60655" machi="29" ten="30,1100,0" yaku="8,1" doraHai="76" who="1" fromWho="1" sc="250,-5,250,21,240,-3,250,-3" /><INIT seed="1,0,0,4,0,98" ten="245,271,237,247" oya="1" hai0="120,90,114,6,66,38,105,11,63,97,135,26,110" hai1="113,25,76,61,88,126,133,127,77,36,102,62,39" hai2="112,91,130,57,121,8,32,51,53,70,33,3,30" hai3="96,85,128,129,50,14,100,17,115,23,82,109,56"/><U42/><E113/><V95/><F121/><W15/><G115/><T20/><D120/><U122/><E122/><V106/><F106/><W49/><G15/><T71/><D114/><U83/><E133/><V5/><F70/><W103/><G109/><T7/><D110/><U68/><E25/><V34/><F112/><W41/><G96/><T10/><D38/><U35/><E35/><V40/><F40/><W1/><G1/><T9/><D135/><U45/><E36/><V134/><F134/><W93/><G93/><T92/><REACH who="0" step="1"/><D105/><REACH who="0" ten="235,271,237,247" step="2"/><U37/><E37/><V116/><F116/><W2/><G129/><T94/><D94/><U125/><E125/><V58/><F130/><W119/><G128/><T19/><AGARI ba="0,1" hai="6,7,9,10,11,19,20,26,63,66,71,90,92,97" machi="19" ten="30,7900,0" yaku="1,1,0,1,53,2" doraHai="98" doraHaiUra="0" who="0" fromWho="0" sc="235,89,271,-39,237,-20,247,-20" /><INIT seed="2,0,0,4,1,40" ten="324,232,217,227" oya="2" hai0="108,44,109,77,41,118,61,89,101,115,92,107,76" hai1="120,78,63,23,117,69,94,14,3,79,82,54,80" hai2="99,103,10,18,2,47,52,88,24,28,83,59,85" hai3="57,130,30,113,50,15,104,16,71,81,48,34,67"/><V129/><F129/><W35/><G104/><T124/><D118/><U68/><E3/><V22/><F2/><W55/><G113/><T121/><D115/><U37/><E37/><V51/><F59/><W6/><G6/><T32/><D32/><U11/><E117/><V17/><REACH who="2" step="1"/><F10/><REACH who="2" ten="324,232,207,227" step="2"/><W112/><G112/><T133/><D121/><U91/><E11/><V7/><F7/><W20/><G130/><T53/><D109/><U36/><E120/><V97/><F97/><W106/><G71/><T100/><D108/><U84/><E68/><V105/><AGARI ba="0,1" hai="17,18,22,24,28,47,51,52,83,85,88,99,103,105" machi="105" ten="20,18000,2" yaku="1,1,0,1,7,1,52,1,54,2,53,0" doraHai="40" doraHaiUra="60" who="2" fromWho="2" sc="324,-60,232,-60,207,190,227,-60" /><INIT seed="2,1,0,1,4,130" ten="264,172,397,167" oya="2" hai0="44,86,121,98,93,92,55,18,10,124,1,111,115" hai1="56,102,51,113,73,90,85,57,126,58,103,114,135" hai2="69,24,20,46,84,100,38,49,118,129,61,67,34" hai3="120,25,60,39,21,12,29,132,133,78,23,106,70"/><V42/><F34/><W122/><G39/><T72/><D72/><U54/><E73/><V65/><F129/><W77/><G106/><T116/><D116/><U64/><E126/><V134/><F100/><W74/><G60/><T19/><D115/><U87/><E135/><N who="3" m="51786" /><G70/><T50/><D111/><U26/><E26/><V41/><F118/><W35/><G74/><T107/><D107/><U127/><E127/><V4/><F67/><W99/><G99/><T66/><D66/><U2/><E2/><V15/><F38/><W96/><G96/><T53/><D121/><N who="3" m="46697" /><G78/><T52/><D124/><U117/><E117/><V45/><F61/><W5/><G77/><T131/><D131/><U71/><E114/><V91/><F65/><W125/><G125/><T81/><D1/><U119/><E119/><V128/><F69/><W3/><G3/><T94/><D10/><AGARI ba="1,0" hai="5,10,12,21,23,25,29,35" m="46697,51786" machi="10" ten="30,12000,2" yaku="20,1,34,2,52,3" doraHai="130" who="3" fromWho="0" sc="264,-123,172,0,397,0,167,123" /><INIT seed="3,0,0,1,4,62" ten="141,172,397,290" oya="3" hai0="89,65,118,123,77,26,98,72,17,34,128,56,12" hai1="131,73,36,122,9,38,94,88,74,25,124,119,107" hai2="83,115,20,85,58,99,50,15,103,104,75,43,67" hai3="11,53,49,60,80,57,33,48,112,76,120,79,134"/><W41/><G33/><T16/><D123/><U108/><E122/><V51/><F75/><W78/><G112/><T93/><D118/><U63/><E119/><V91/><F115/><W117/><G117/><T52/><D128/><U45/><E107/><V82/><F43/><W66/><G134/><T101/><D72/><U35/><E108/><V29/><F83/><W21/><G21/><N who="0" m="13607" /><D77/><U8/><E124/><V116/><F15/><W1/><G1/><T14/><D34/><U130/><E25/><V68/><F58/><W23/><G23/><N who="0" m="11687" /><D14/><U39/><E35/><V132/><F29/><W46/><G120/><T40/><D40/><U70/><E45/><V100/><F132/><W71/><G11/><T129/><D129/><N who="1" m="49163" /><E74/><AGARI ba="0,0" hai="41,46,48,49,53,57,60,66,71,74,76,78,79,80" machi="74" ten="30,2900,0" yaku="7,1,52,1" doraHai="62" who="3" fromWho="1" sc="141,0,172,-29,397,0,290,29" /><INIT seed="3,1,0,2,1,27" ten="141,143,397,319" oya="3" hai0="57,72,65,10,81,49,98,75,21,8,70,91,56" hai1="112,51,46,29,121,84,115,88,5,13,53,134,76" hai2="2,99,77,32,95,28,11,52,23,96,3,35,63" hai3="131,0,17,33,18,7,92,36,122,59,39,50,83"/><W127/><G122/><T105/><D70/><U126/><E121/><V128/><F77/><W19/><G92/><N who="0" m="56607" /><D105/><U47/><E134/><V31/><F11/><N who="3" m="2535" /><G83/><T24/><D75/><U25/><E126/><V123/><F123/><W14/><G50/><T9/><D72/><U41/><E76/><V104/><F104/><W135/><G59/><T58/><D81/><U107/><E107/><V129/><F23/><N who="3" m="11703" /><G39/><T101/><D101/><U109/><E109/><V71/><F71/><W133/><G36/><T64/><D49/><U38/><E13/><V118/><F95/><W34/><G127/><T114/><D114/><U103/><E5/><V120/><F120/><W61/><G61/><T86/><D86/><U79/><E79/><V37/><F37/><W4/><G4/><T69/><D69/><U15/><E15/><V117/><F63/><W45/><G45/><T125/><D125/><U113/><E103/><V73/><F73/><W130/><G19/><AGARI ba="1,0" hai="8,9,10,19,21,24,56,57,58,64,65" m="56607" machi="19" ten="30,1000,0" yaku="8,1" doraHai="27" who="0" fromWho="3" sc="141,13,143,0,397,0,319,-13" owari="154,-25.0,143,-36.0,397,50.0,306,11.0" /></mjloggm>