<mjloggm ver="2.3"><GO type="97" lobby="0"/><UN n0="%E9%9B%A2%E5%A9%9A%E6%99%82%E4%BB%A3" n1="%E6%84%9B%E7%94%9F%EF%BC%8B%EF%BC%8B%EF%BC%8B" n2="%E3%82%A6%E3%83%AB%E3%83%88%E3%83%A9%E7%AB%8B%E7%9B%B4" n3="%53%68%69%67%65%7A%6F" dan="13,13,14,13" rate="1906.32,1905.10,1940.12,1920.53" sx="M,M,M,M"/><TAIKYOKU oya="0"/><INIT seed="0,0,0,3,2,135" ten="250,250,250,250" oya="0" hai0="121,59,4,60,124,63,68,134,96,50,76,20,23" hai1="65,113,46,84,112,93,18,62,125,52,3,41,30" hai2="110,77,79,111,1,2,38,70,101,80,25,104,35" hai3="57,36,58,43,107,81,6,55,15,73,26,7,89"/><T33/><D33/><U108/><E3/><N who="2" m="1035" /><F79/><W133/><G107/><T47/><D134/><U92/><E30/><N who="2" m="19919" /><F38/><W95/><G26/><T28/><D121/><U115/><E125/><V66/><F80/><W12/><G36/><T45/><D124/><U14/><E108/><V78/><F78/><W37/><G37/><T109/><D109/><U87/><E87/><V99/><F77/><W10/><G43/><T29/><D4/><N who="3" m="1577" /><G73/><T114/><D114/><U132/><E132/><V32/><F32/><W56/><G81/><T5/><D5/><U44/><E84/><V19/><F19/><N who="3" m="8599" /><G15/><T91/><D76/><U88/><E52/><V122/><F122/><W21/><G21/><T17/><D68/><U51/><E88/><V82/><F82/><W90/><G133/><T9/><D91/><N who="3" m="34825" /><G95/><T100/><D17/><U54/><E46/><V103/><F103/><W72/><G72/><T118/><D100/><U130/><E41/><V106/><F106/><W102/><G102/><T85/><D9/><N who="1" m="6479" /><E130/><V131/><F131/><W86/><G86/><T116/><D85/><U49/><E49/><AGARI ba="0,0" hai="49,55,56,57,58" m="34825,8599,1577" machi="49" ten="30,1000,0" yaku="8,1" doraHai="135" who="3" fromWho="1" sc="250,0,250,-10,250,0,250,10" /><INIT seed="1,0,0,0,4,71" ten="250,240,250,260" oya="1" hai0="81,76,0,115,13,74,26,97,37,57,19,86,129" hai1="80,119,59,30,125,67,118,100,53,21,18,23,117" hai2="34,41,101,131,108,77,56,4,106,66,5,90,128" hai3="88,31,35,44,22,6,87,111,114,49,72,98,63"/><U7/><E7/><N who="2" m="2635" /><F34/><W32/><G72/><T27/><D0/><U112/><E125/><V116/><F116/><W104/><G114/><T130/><D115/><U25/><E112/><V93/><F106/><W14/><G63/><T133/><D133/><U79/><E100/><V15/><F101/><W51/><G51/><T1/><D1/><U85/><E67/><V75/><F77/><W39/><G39/><T70/><D70/><U24/><REACH who="1" step="1"/><E119/><REACH who="1" ten="250,230,250,260" step="2"/><V122/><F66/><W107/><G6/><T73/><D130/><U11/><E11/><V10/><F131/><W38/><G107/><T96/><D129/><U127/><E127/><V33/><F10/><W95/><G104/><T120/><D120/><U12/><E12/><V109/><F15/><W94/><G14/><T134/><D134/><U78/><E78/><V47/><F122/><W69/><G69/><T3/><D3/><U8/><E8/><V91/><F128/><W113/><G113/><T16/><D13/><U60/><AGARI ba="0,1" hai="18,21,23,24,25,30,53,59,60,79,80,85,117,118" machi="60" ten="20,12000,1" yaku="1,1,0,1,7,1,53,2" doraHai="71" doraHaiUra="17" who="1" fromWho="1" sc="250,-40,230,130,250,-40,260,-40" /><INIT seed="1,1,0,4,2,33" ten="210,360,210,220" oya="1" hai0="110,36,127,77,44,15,67,28,24,42,101,18,52" hai1="84,49,96,118,105,111,86,72,129,135,85,79,57" hai2="62,21,88,78,104,13,51,8,0,130,117,11,60" hai3="61,34,26,29,27,69,122,43,91,46,50,5,81"/><U22/><E118/><V103/><F104/><W98/><G122/><T65/><D110/><U39/><E39/><V17/><F103/><W113/><G113/><T66/><D127/><U6/><E135/><V71/><F117/><W120/><G120/><T97/><D77/><U37/><E129/><V94/><F130/><W25/><G5/><T38/><D38/><U125/><E37/><V134/><F134/><W12/><G12/><T95/><D52/><U30/><E125/><V116/><F116/><W64/><G81/><T10/><REACH who="0" step="1"/><D67/><REACH who="0" ten="200,360,210,220" step="2"/><U3/><E111/><V2/><F78/><W132/><G132/><T126/><D126/><U35/><E79/><V70/><F51/><W54/><G54/><T119/><D119/><U9/><E49/><V16/><F62/><W4/><G4/><T47/><D47/><U123/><E123/><V83/><F60/><W87/><G87/><T75/><D75/><U92/><E72/><V56/><F56/><W108/><G108/><T14/><D14/><U23/><E57/><V93/><F13/><W80/><G80/><T115/><D115/><U76/><E86/><V45/><F45/><W90/><G90/><T109/><D109/><U32/><E85/><V99/><F83/><W74/><G74/><T7/><D7/><U41/><E84/><V55/><F55/><W73/><G73/><T128/><D128/><U106/><E76/><V1/><F88/><W107/><G91/><T48/><D48/><U20/><E6/><V68/><F99/><W114/><G114/><T124/><D124/><U100/><E96/><V82/><F82/><RYUUKYOKU ba="1,1" sc="200,15,360,-15,210,-15,220,15" hai0="10,15,18,24,28,36,42,44,65,66,95,97,101" hai3="25,26,27,29,34,43,46,50,61,64,69,98,107" /><INIT seed="2,2,1,3,2,52" ten="215,345,195,235" oya="2" hai0="112,53,19,86,25,84,91,56,99,135,62,108,130" hai1="61,37,0,120,55,104,69,48,79,47,111,72,88" hai2="28,45,70,40,22,75,46,93,7,77,85,33,81" hai3="124,11,96,66,83,100,9,67,74,23,123,103,98"/><V68/><F33/><W76/><G123/><T36/><D36/><U89/><E111/><V114/><F114/><W20/><G124/><T58/><D112/><U57/><E0/><V90/><F46/><W101/><G74/><T132/><D108/><U14/><E104/><V133/><F133/><N who="0" m="51274" /><D130/><U32/><E32/><V131/><F131/><W39/><G39/><T50/><D99/><N who="3" m="37929" /><G83/><T24/><D19/><U78/><E78/><V119/><F119/><W118/><G76/><T21/><D21/><N who="3" m="8265" /><G118/><T29/><D29/><U8/><E79/><V95/><F95/><W34/><G34/><T27/><D91/><U12/><E12/><V5/><F5/><W63/><G63/><T15/><D15/><U82/><E82/><V3/><F22/><W121/><G121/><T60/><D60/><U30/><E30/><V128/><F28/><W18/><G18/><T106/><D106/><U127/><E127/><V110/><F110/><W126/><G126/><T42/><D42/><N who="1" m="22991" /><E72/><V134/><F134/><W105/><G105/><T4/><D4/><N who="1" m="3335" /><E120/><V43/><F43/><W13/><G13/><T49/><D49/><U6/><E6/><V102/><F128/><W10/><AGARI ba="2,1" hai="9,10,11,66,67,100,101,103" m="8265,37929" machi="10" ten="40,5200,0" yaku="28,2,8,1" doraHai="52" who="3" fromWho="3" sc="215,-15,345,-15,195,-28,235,68" /><INIT seed="3,0,0,5,2,99" ten="200,330,167,303" oya="3" hai0="4,32,133,103,5,71,120,44,34,72,111,129,75" hai1="117,93,125,47,26,65,10,19,52,116,60,121,8" hai2="82,106,104,113,135,84,37,92,94,46,101,126,48" hai3="61,36,77,27,87,45,53,58,54,51,62,118,96"/><W95/><G118/><N who="1" m="45674" /><E125/><V132/><F37/><W67/><G36/><T130/><D44/><U22/><E121/><V124/><F46/><W88/><G77/><T90/><D90/><U30/><E30/><V80/><F48/><W43/><G62/><T79/><D79/><U57/><E93/><V91/><F113/><W110/><G110/><T134/><D71/><N who="1" m="42407" /><E47/><V14/><F14/><W63/><G63/><AGARI ba="0,0" hai="8,10,19,22,26,52,57,63" m="42407,45674" machi="63" ten="30,2000,0" yaku="12,1,54,1" doraHai="99" who="1" fromWho="3" sc="200,0,330,20,167,0,303,-20" owari="200,-20.0,350,45.0,167,-33.0,283,8.0" /></mjloggm>