<mjloggm ver="2.3"><GO type="193" lobby="0"/><UN n0="%74%61%67%63%6F%6E%73%74" n1="%73%61%6D%70%6C%65%52" n2="%E9%9B%AA%E9%9B%B2" n3="%E5%B0%B1%E6%B4%BB%E7%94%9F%40%E5%B7%9D%E6%9D%91%E8%BB%8D%E5%9B%A3" dan="10,11,10,11" rate="1707.06,1701.80,1775.87,1777.61" sx="F,M,M,M"/><TAIKYOKU oya="0"/><INIT seed="0,0,0,4,5,117" ten="250,250,250,250" oya="0" hai0="21,20,29,122,55,73,91,59,78,41,100,36,106" hai1="111,8,53,80,32,6,135,103,9,107,44,46,51" hai2="13,19,119,64,84,87,2,34,43,4,17,40,128" hai3="24,132,70,134,88,114,12,131,31,42,11,66,92"/><T120/><D29/><U112/><E32/><V123/><F119/><W30/><G114/><T35/><D35/><U56/><E112/><V69/><F34/><W54/><G131/><T74/><D120/><U3/><E111/><V50/><F2/><W33/><G31/><T95/><D122/><U57/><E135/><N who="3" m="51754" /><G42/><N who="2" m="15913" /><F123/><W83/><G83/><T124/><D106/><U86/><E107/><V23/><F69/><W113/><G113/><T85/><D100/><U27/><E103/><V98/><F64/><W81/><G81/><T15/><D124/><U48/><E27/><N who="2" m="14831" /><F128/><W47/><G70/><T76/><D36/><U125/><E125/><V16/><F98/><N who="3" m="57607" /><G66/><T26/><D41/><U14/><E57/><V68/><F68/><W63/><G63/><T37/><D37/><U127/><E56/><V129/><F129/><W93/><G93/><T79/><D15/><U28/><E28/><V0/><F0/><W60/><G60/><T104/><D104/><U101/><E127/><V10/><F50/><N who="3" m="29023" /><G12/><T82/><D26/><U5/><E101/><V65/><F65/><W71/><G71/><T115/><D115/><U105/><E105/><V102/><F102/><W7/><G7/><T52/><D55/><U89/><REACH who="1" step="1"/><E51/><REACH who="1" ten="250,240,250,250" step="2"/><V72/><F72/><W1/><G33/><T97/><D97/><U130/><E130/><V61/><F61/><W94/><G24/><T77/><N who="0" m="19968" /><DORA hai="110" /><T39/><D39/><U109/><E109/><V22/><F4/><N who="3" m="1423" /><G30/><T126/><D126/><U99/><E99/><V45/><F45/><W118/><G118/><T62/><D62/><U121/><E121/><RYUUKYOKU ba="0,1" sc="250,-30,240,10,250,10,250,10" hai1="3,5,6,8,9,14,44,46,48,53,80,86,89" hai2="10,13,16,19,22,84,87" hai3="94" /><INIT seed="1,1,1,1,3,131" ten="220,250,260,260" oya="1" hai0="12,70,26,5,40,58,90,29,57,27,68,80,38" hai1="112,135,130,14,116,16,48,50,56,62,2,21,94" hai2="92,104,117,67,61,8,118,39,87,115,7,111,101" hai3="37,6,43,4,109,25,19,60,65,63,17,55,88"/><U75/><E75/><V124/><F87/><W96/><G109/><T22/><D38/><U10/><E130/><V83/><F92/><W33/><G37/><T1/><D27/><U81/><E116/><V36/><F83/><W15/><G43/><T24/><D1/><U78/><E112/><V64/><F115/><W77/><G77/><T52/><D24/><U134/><E94/><V113/><F67/><W99/><G33/><T18/><D57/><U31/><E31/><V54/><F54/><W30/><G30/><T127/><D40/><U71/><E71/><V103/><F103/><W11/><G55/><T46/><D46/><U66/><E2/><N who="2" m="119" /><F124/><W23/><G63/><T125/><D68/><U47/><E47/><V108/><F113/><W20/><G11/><T89/><D70/><U132/><REACH who="1" step="1"/><E10/><REACH who="1" ten="220,240,260,260" step="2"/><V73/><F73/><W45/><G45/><T106/><D5/><U32/><E32/><V82/><F82/><W59/><G99/><T107/><D125/><U95/><E95/><AGARI ba="1,2" hai="4,6,15,17,19,20,23,25,59,60,65,88,95,96" machi="95" ten="40,2600,0" yaku="8,1,54,1" doraHai="131" who="3" fromWho="1" sc="220,0,240,-29,260,0,260,49" /><INIT seed="2,0,0,1,5,62" ten="220,211,260,309" oya="2" hai0="76,58,107,23,103,37,131,82,73,11,63,25,38" hai1="18,12,49,99,31,46,56,93,101,60,130,0,16" hai2="78,30,55,2,6,90,113,39,114,61,72,70,26" hai3="105,81,88,129,122,126,109,21,127,85,42,108,47"/><V67/><F90/><W4/><G105/><T32/><D131/><U119/><E0/><V128/><F55/><W57/><G122/><T22/><D32/><U65/><E119/><V94/><F94/><W15/><G129/><T24/><D11/><U1/><E1/><V106/><F106/><W92/><G57/><T120/><D120/><U66/><E31/><V112/><F128/><W102/><G102/><T59/><D107/><U14/><E130/><V80/><F39/><W20/><G81/><T27/><D103/><U29/><E29/><V84/><F84/><W36/><G4/><T53/><REACH who="0" step="1"/><D59/><REACH who="0" ten="210,211,260,309" step="2"/><U40/><REACH who="1" step="1"/><E66/><REACH who="1" ten="210,201,260,309" step="2"/><V121/><F121/><W69/><G109/><T54/><D54/><U5/><E5/><V50/><F50/><W110/><G108/><T33/><D33/><U64/><E64/><V75/><F75/><W135/><G110/><T133/><D133/><U48/><E48/><V7/><REACH who="2" step="1"/><F2/><REACH who="2" ten="210,201,250,309" step="2"/><W77/><G135/><T52/><D52/><U10/><E10/><V123/><F123/><W43/><G36/><AGARI ba="0,3" hai="22,23,24,25,27,36,37,38,53,58,63,73,76,82" machi="36" ten="40,1300,0" yaku="1,1,53,0" doraHai="62" doraHaiUra="86" who="0" fromWho="3" sc="210,43,201,0,250,0,309,-13" /><INIT seed="3,0,0,4,2,68" ten="253,201,250,296" oya="3" hai0="125,75,49,97,109,52,48,37,32,5,99,44,15" hai1="36,73,93,9,4,62,29,38,56,119,129,33,24" hai2="47,115,80,46,3,89,69,126,91,124,79,111,77" hai3="92,120,103,108,104,6,107,51,58,71,132,84,128"/><W16/><G71/><T59/><D109/><U8/><E73/><V98/><F69/><W78/><G120/><T41/><D75/><U57/><E119/><V50/><F3/><W74/><G74/><T85/><D49/><U55/><E129/><V121/><F47/><W116/><G116/><T86/><D32/><U19/><E93/><N who="2" m="56623" /><F50/><W90/><G6/><T22/><D97/><U28/><E28/><V45/><F45/><W122/><G122/><T87/><D99/><U31/><E31/><V11/><F11/><W39/><G39/><T30/><D5/><U65/><E19/><V135/><F46/><W131/><G78/><N who="2" m="29705" /><F121/><W127/><G127/><N who="2" m="48681" /><F115/><W106/><G108/><T117/><D125/><U27/><E27/><V118/><F111/><W72/><G72/><T134/><D134/><U83/><E83/><V66/><F66/><W81/><G51/><T54/><D54/><U53/><E4/><V12/><F12/><W35/><G58/><T7/><D7/><U23/><E23/><V94/><F118/><W113/><G35/><T100/><D100/><U101/><E101/><V40/><F40/><W17/><G113/><T105/><D105/><U14/><E14/><V21/><F21/><W42/><G132/><T70/><D70/><U64/><E64/><V102/><F135/><W63/><G63/><T114/><D114/><U76/><E76/><V96/><F80/><W18/><G42/><T133/><D133/><U61/><REACH who="1" step="1"/><E65/><REACH who="1" ten="253,191,250,296" step="2"/><V1/><F1/><W34/><G34/><T67/><D30/><U20/><E20/><V43/><F43/><W0/><G0/><RYUUKYOKU ba="0,1" sc="253,-30,191,10,250,10,296,10" hai1="8,9,24,29,33,36,38,53,55,56,57,61,62" hai2="91,94,96,102" hai3="16,17,18,81,84,90,92,103,104,106,107,128,131" owari="223,-18.0,201,-30.0,260,6.0,316,42.0" /></mjloggm>