<mjloggm ver="2.3"><GO type="97" lobby="0"/><UN n0="%E3%81%B5%E3%82%8F%E3%81%B5%E3%82%8F%E3%81%BE%E3%82%8A%E3%82%82" n1="%E3%83%A1%E3%83%AB%E3%83%88%E2%98%86" n2="%EF%BC%95%EF%BC%90%E6%9E%9A%EF%BC%91%EF%BC%90%EF%BC%90%EF%BC%90%E5%86%86" n3="%E3%82%A6%E3%83%AB%E3%83%88%E3%83%A9%E7%AB%8B%E7%9B%B4" dan="14,13,14,14" rate="1883.76,1824.84,1864.02,1965.88" sx="M,M,M,M"/><TAIKYOKU oya="0"/><INIT seed="0,0,0,4,1,113" ten="250,250,250,250" oya="0" hai0="87,12,50,66,8,38,24,118,62,127,88,110,133" hai1="99,128,11,97,76,116,123,83,59,31,90,14,126" hai2="58,34,108,91,72,105,111,117,121,120,122,79,106" hai3="84,51,22,125,36,1,48,25,119,43,92,77,67"/><T65/><D38/><U6/><E123/><V86/><F34/><W107/><G1/><T85/><D133/><U10/><E126/><V29/><F29/><W39/><G107/><N who="2" m="40969" /><F58/><W81/><G119/><T53/><D118/><U100/><E31/><V114/><F114/><W56/><G125/><T94/><D127/><U35/><E35/><V95/><F117/><W109/><G109/><N who="2" m="42057" /><F79/><W7/><G39/><T71/><D110/><U20/><E116/><V61/><F61/><W132/><G132/><T70/><D24/><U46/><E59/><V64/><F64/><W44/><G7/><T104/><D104/><U103/><E20/><V82/><F72/><W49/><G67/><T73/><D73/><U26/><E26/><V30/><F30/><W0/><G0/><T5/><D66/><U23/><E23/><V112/><F112/><W78/><G56/><T69/><REACH who="0" step="1"/><D87/><REACH who="0" ten="240,250,250,250" step="2"/><U63/><E6/><V57/><F57/><AGARI ba="0,1" hai="5,8,12,50,53,57,62,65,69,70,71,85,88,94" machi="57" ten="30,11600,0" yaku="1,1,2,1,7,1,54,1,53,0" doraHai="113" doraHaiUra="16" who="0" fromWho="2" sc="240,126,250,0,250,-116,250,0" /><INIT seed="0,1,0,0,5,27" ten="366,250,134,250" oya="0" hai0="125,106,60,10,37,34,74,75,42,15,2,81,3" hai1="13,113,84,53,52,100,61,8,129,46,23,116,87" hai2="47,72,134,68,107,131,32,0,4,11,90,35,98" hai3="130,17,79,101,117,18,77,120,97,43,9,94,39"/><T31/><D106/><U36/><E116/><V85/><F134/><W30/><G117/><T66/><D15/><U121/><E121/><V118/><F118/><W54/><G130/><T45/><D125/><U14/><E129/><V122/><F131/><W124/><G124/><T55/><D55/><U135/><E135/><V104/><F122/><W126/><G126/><T28/><D28/><U65/><E113/><V48/><F72/><N who="0" m="27690" /><D81/><U49/><E100/><V80/><F68/><W57/><G43/><T33/><D10/><U44/><E36/><V127/><F127/><W86/><G39/><T123/><D123/><U119/><E23/><V128/><F128/><W1/><G120/><T22/><D22/><U62/><E119/><V99/><F99/><W26/><G1/><N who="0" m="11" /><D31/><U114/><E114/><V93/><F35/><W73/><G73/><T109/><D109/><U56/><E65/><V12/><F32/><W6/><G6/><T132/><D132/><U25/><E25/><V95/><F95/><W70/><G70/><AGARI ba="1,0" hai="33,34,37,42,45,60,66,70" m="11,27690" machi="70" ten="30,2900,0" yaku="33,2" doraHai="27" who="0" fromWho="3" sc="366,32,250,0,134,0,250,-32" /><INIT seed="0,2,0,1,2,133" ten="398,250,134,218" oya="0" hai0="44,100,20,31,3,66,114,119,116,73,111,129,86" hai1="28,63,42,81,43,27,56,83,89,90,84,105,101" hai2="16,14,92,131,17,95,93,79,74,132,12,61,6" hai3="60,47,122,82,41,107,45,48,102,19,128,103,22"/><T13/><D114/><U59/><E105/><V39/><F132/><W55/><G128/><T37/><D73/><U57/><E101/><V98/><F131/><W0/><G122/><T21/><D3/><U33/><E63/><V134/><F134/><W112/><G0/><T35/><D35/><U77/><E77/><V18/><F39/><W9/><G112/><T115/><D115/><U65/><E65/><V68/><F79/><W2/><G2/><T96/><D129/><U53/><E53/><V23/><F74/><W29/><G29/><T75/><D75/><U1/><E1/><V32/><F32/><W62/><G9/><T109/><D66/><U78/><E78/><V120/><F120/><W127/><G82/><T36/><D86/><AGARI ba="2,0" hai="27,28,33,42,43,56,57,59,81,83,84,86,89,90" machi="86" ten="40,1300,0" yaku="9,1" doraHai="133" who="1" fromWho="0" sc="398,-19,250,19,134,0,218,0" /><INIT seed="1,0,0,4,5,99" ten="379,269,134,218" oya="1" hai0="65,26,82,134,90,100,13,108,83,5,113,11,24" hai1="8,94,127,53,29,69,101,71,51,122,33,0,125" hai2="18,57,31,106,10,62,84,20,109,128,132,56,50" hai3="88,30,4,7,17,129,45,92,107,98,34,73,39"/><U124/><E122/><V86/><F128/><W48/><G39/><T104/><D113/><U64/><E64/><V21/><F109/><W123/><G129/><T135/><D108/><U131/><E131/><V37/><F132/><N who="0" m="50730" /><D65/><U52/><E33/><V80/><F106/><W58/><G123/><T67/><D67/><U54/><E29/><V35/><F37/><W2/><G73/><T55/><D55/><U75/><E75/><V77/><F35/><W14/><G30/><T76/><D90/><U93/><E51/><V12/><F31/><W3/><G34/><T91/><D91/><U40/><E40/><V60/><F50/><W61/><G107/><T119/><D119/><U130/><E130/><V78/><F62/><W97/><G97/><N who="0" m="61455" /><D83/><U46/><E46/><V41/><F57/><W36/><G36/><T42/><D42/><U120/><E120/><V96/><F96/><W95/><G95/><N who="1" m="36362" /><E101/><V27/><F41/><N who="3" m="24623" /><G3/><T116/><D116/><U66/><E66/><V105/><F105/><W16/><G2/><T43/><D43/><U38/><E38/><V118/><F118/><W28/><G58/><T1/><D1/><U103/><E103/><V115/><F56/><W117/><G61/><T112/><D112/><U70/><E0/><V44/><F60/><W63/><G63/><T49/><D49/><U23/><E23/><V133/><F21/><N who="3" m="11415" /><G117/><T102/><D102/><U6/><E6/><V74/><F133/><W32/><G17/><T25/><D25/><U87/><E87/><AGARI ba="0,0" hai="5,11,13,24,26,76,82,87" m="61455,50730" machi="87" ten="30,2000,0" yaku="20,1,52,1" doraHai="99" who="0" fromWho="1" sc="379,20,269,-20,134,0,218,0" /><INIT seed="2,0,0,0,4,103" ten="399,249,134,218" oya="2" hai0="16,105,49,37,50,94,99,70,121,52,86,131,34" hai1="88,54,21,68,81,38,112,101,80,124,5,92,17" hai2="42,120,69,31,97,44,27,36,119,104,98,40,130" hai3="125,79,109,73,72,12,84,100,123,83,78,8,51"/><V132/><F120/><W110/><G123/><T66/><D121/><U91/><E112/><V85/><F119/><W26/><G125/><T7/><D37/><U58/><E68/><V6/><F132/><W89/><G26/><T62/><D7/><U77/><E38/><V82/><F130/><W9/><G51/><T39/><D39/><U11/><E124/><V13/><F42/><W32/><G32/><T135/><D135/><U93/><E101/><V107/><F97/><W29/><G29/><T56/><D131/><U95/><E5/><V10/><F98/><W134/><G134/><T18/><D34/><U53/><E11/><V128/><F69/><W108/><G100/><T96/><D105/><U133/><E133/><V55/><F55/><W45/><G45/><N who="0" m="27695" /><D50/><U116/><E116/><V118/><F128/><W43/><G43/><T15/><D18/><U67/><E67/><V126/><F126/><W3/><G3/><T4/><D4/><U1/><E53/><V122/><F122/><W87/><G12/><T117/><D70/><U22/><E1/><V76/><F118/><W114/><G114/><T28/><D28/><U106/><E106/><V60/><F60/><W127/><G127/><T46/><D46/><U59/><E59/><V30/><F30/><W57/><G57/><T23/><D117/><U0/><E0/><V64/><F64/><W61/><G61/><T75/><D75/><U2/><E2/><V102/><F102/><W47/><G47/><T19/><D19/><U20/><E17/><V71/><F71/><W24/><G73/><T74/><D74/><RYUUKYOKU ba="0,0" sc="399,15,249,-15,134,15,218,-15" hai0="15,16,23,56,62,66,86,94,96,99" hai2="6,10,13,27,31,36,40,44,76,82,85,104,107" /><INIT seed="2,1,0,1,5,104" ten="414,234,149,203" oya="2" hai0="1,119,86,81,10,29,120,68,88,84,82,101,50" hai1="61,89,99,41,72,33,8,80,15,30,94,12,62" hai2="27,22,45,66,52,35,4,5,108,14,18,49,43" hai3="76,58,21,2,46,129,134,105,77,121,133,64,17"/><V25/><F108/><W95/><G2/><T96/><D120/><U111/><E111/><V107/><F107/><W73/><G105/><T98/><D68/><U92/><E41/><V123/><F123/><W125/><G46/><T48/><D119/><U13/><E33/><V114/><F114/><W20/><G121/><T79/><D29/><U103/><E30/><V3/><F3/><W16/><G95/><T67/><D67/><U97/><REACH who="1" step="1"/><E8/><REACH who="1" ten="414,224,149,203" step="2"/><V74/><F35/><W47/><G21/><T124/><D10/><U117/><E117/><V100/><F74/><W55/><G20/><T51/><D1/><U42/><E42/><V75/><F75/><W112/><G73/><T118/><D118/><U60/><E60/><V126/><F43/><W59/><G112/><T54/><D124/><U131/><E131/><V36/><F126/><W26/><G129/><T127/><D127/><U9/><E9/><V0/><F36/><W40/><G40/><T56/><D98/><U31/><E31/><V87/><F0/><W19/><G125/><T91/><D79/><AGARI ba="1,1" hai="12,13,15,61,62,72,79,80,89,92,94,97,99,103" machi="79" ten="40,2600,0" yaku="1,1,52,1,53,0" doraHai="104" doraHaiUra="102" who="1" fromWho="0" sc="414,-29,224,39,149,0,203,0" /><INIT seed="3,0,0,3,5,15" ten="385,263,149,203" oya="3" hai0="96,105,114,128,101,40,135,80,109,65,62,134,31" hai1="63,16,38,36,8,14,55,21,5,123,4,39,22" hai2="48,90,111,70,116,97,18,113,61,81,17,118,68" hai3="119,34,42,59,49,115,112,26,76,10,52,84,104"/><W69/><G104/><T56/><D114/><U121/><E63/><V58/><F113/><W25/><G69/><T126/><D109/><U130/><E130/><V117/><F111/><W60/><G119/><T41/><D128/><U72/><E72/><V78/><F70/><W85/><G34/><T99/><D126/><U67/><E67/><V57/><F68/><W110/><G110/><T12/><D31/><U54/><E8/><V93/><F48/><W102/><G102/><N who="0" m="62663" /><D12/><U87/><E87/><V106/><F106/><W91/><G112/><T122/><D80/><U74/><E74/><V100/><F100/><W73/><G73/><T77/><D77/><U89/><E89/><V86/><REACH who="2" step="1"/><F57/><REACH who="2" ten="385,263,139,203" step="2"/><W94/><G115/><T44/><D56/><U129/><E129/><V7/><F7/><W23/><G49/><T30/><D65/><AGARI ba="0,1" hai="17,18,58,61,65,78,81,86,90,93,97,116,117,118" machi="65" ten="40,5200,0" yaku="1,1,52,2,53,0" doraHai="15" doraHaiUra="98" who="2" fromWho="0" sc="385,-52,263,0,139,62,203,0" owari="333,44.0,263,6.0,201,-30.0,203,-20.0" /></mjloggm>