<mjloggm ver="2.3"><GO type="97" lobby="0"/><UN n0="%6D%69%73%61%6B%69" n1="%E3%82%A6%E3%83%AB%E3%83%88%E3%83%A9%E7%AB%8B%E7%9B%B4" n2="%36%34%36%34%36%35%31%35" n3="%E4%BD%8E%E9%A1%8D%E7%B4%8D%E7%A8%8E%E8%80%85" dan="13,15,13,13" rate="1919.58,1987.15,1848.83,1859.44" sx="F,M,F,M"/><TAIKYOKU oya="0"/><INIT seed="0,0,0,4,0,72" ten="250,250,250,250" oya="0" hai0="7,63,105,46,13,133,106,114,14,53,28,94,107" hai1="81,36,48,27,58,123,111,98,41,100,90,96,50" hai2="116,32,120,1,101,20,93,77,117,5,67,118,127" hai3="52,24,61,130,115,103,44,51,4,129,16,31,71"/><T104/><N who="0" m="27136" /><DORA hai="65" /><T18/><D114/><U19/><E36/><V54/><F32/><W12/><G4/><T88/><D133/><U47/><E123/><V3/><F5/><W80/><G103/><T38/><D28/><U78/><E100/><V69/><F120/><W135/><G115/><T17/><D7/><U128/><E111/><V82/><F127/><W43/><G43/><T2/><D2/><U91/><E128/><N who="3" m="49258" /><G80/><T21/><D38/><U29/><E19/><V119/><N who="2" m="30208" /><DORA hai="66" /><V85/><F54/><W10/><G135/><T86/><D63/><U25/><E58/><V0/><F20/><N who="3" m="15751" /><G61/><T62/><D62/><U97/><E50/><V9/><F9/><W22/><G22/><T56/><D46/><U125/><E125/><V76/><F101/><W73/><G73/><T33/><D33/><U110/><E110/><V15/><F93/><W39/><G39/><T37/><D37/><U35/><REACH who="1" step="1"/><E27/><REACH who="1" ten="250,240,250,250" step="2"/><V74/><F15/><W64/><G64/><T102/><D102/><U89/><E89/><V30/><F67/><W55/><G55/><T126/><D126/><U49/><E49/><V83/><REACH who="2" step="1"/><F30/><REACH who="2" ten="250,240,240,250" step="2"/><W8/><G8/><T109/><D109/><U70/><E70/><AGARI ba="0,2" hai="0,1,3,69,70,74,76,77,82,83,85" m="30208" machi="70" ten="80,16000,3" yaku="1,1,2,1,12,1,52,6,53,0" doraHai="72,65,66" doraHaiUra="11,57,121" who="2" fromWho="1" sc="250,0,240,-160,240,180,250,0" /><AGARI ba="0,0" hai="10,12,16,44,51,52,70,71" m="15751,49258" machi="70" ten="30,12000,2" yaku="19,1,52,4,54,2" doraHai="72,65,66" who="3" fromWho="1" sc="250,0,80,-120,420,0,250,120" owari="250,-15.0,-40,-54.0,420,52.0,370,17.0" /></mjloggm>