<mjloggm ver="2.3"><GO type="97" lobby="0"/><UN n0="%E3%82%82%E3%82%81%E3%82%93%E3%81%AA%E3%81%A1%E3%82%83%E3%81%84" n1="%E7%9C%9F%E9%BE%8D" n2="%E5%B0%B1%E6%B4%BB%E7%94%9F%40%E5%B7%9D%E6%9D%91%E8%BB%8D%E5%9B%A3" n3="%E6%98%9F%E6%B5%81%EF%BC%A0%53%65%69%52%75" dan="15,15,13,15" rate="2070.31,1925.76,1856.14,1984.36" sx="F,F,M,F"/><TAIKYOKU oya="0"/><INIT seed="0,0,0,3,5,128" ten="250,250,250,250" oya="0" hai0="135,39,114,121,69,76,41,56,120,8,36,87,107" hai1="74,35,133,27,71,129,116,126,11,42,88,29,90" hai2="68,96,10,18,111,82,91,30,104,9,2,93,122" hai3="20,108,60,103,98,17,119,23,47,65,25,66,59"/><T81/><D107/><U62/><E116/><V117/><F68/><W102/><G119/><T45/><D69/><U89/><E74/><V28/><F117/><W49/><G108/><T33/><D114/><U54/><E129/><V112/><F122/><W15/><G66/><T78/><D33/><U86/><E126/><V7/><F112/><W5/><G98/><T55/><D39/><U13/><E42/><V26/><F111/><W127/><G127/><T31/><D31/><U44/><E133/><V70/><F70/><W125/><G125/><T92/><D135/><U85/><E71/><V1/><F104/><W83/><G83/><T21/><D21/><U109/><E109/><V132/><F132/><W46/><G5/><T53/><D53/><U12/><E12/><V52/><F82/><W50/><G50/><T3/><D78/><U40/><E62/><V51/><F2/><W97/><G97/><T24/><D24/><U43/><E54/><V123/><F123/><W19/><REACH who="3" step="1"/><G47/><REACH who="3" ten="250,250,250,240" step="2"/><T64/><D64/><U100/><E44/><V101/><F101/><W131/><G131/><T37/><D37/><U34/><E100/><V130/><F130/><W99/><G99/><T0/><D121/><U134/><E134/><V32/><F32/><W113/><G113/><T58/><D120/><U110/><E34/><V57/><REACH who="2" step="1"/><F10/><REACH who="2" ten="250,250,240,240" step="2"/><W6/><G6/><T48/><D8/><U38/><E110/><V72/><F72/><W105/><G105/><T63/><D92/><U118/><E118/><V84/><F84/><N who="1" m="32361" /><E38/><V95/><F95/><W79/><G79/><T124/><D124/><RYUUKYOKU ba="0,2" sc="250,0,250,0,240,0,240,0" hai0="0,3,36,41,45,48,55,56,58,63,76,81,87" hai1="11,13,27,29,35,40,43,88,89,90" hai2="1,7,9,18,26,28,30,51,52,57,91,93,96" hai3="15,17,19,20,23,25,46,49,59,60,65,102,103" /><INIT seed="0,1,2,4,5,52" ten="250,250,240,240" oya="0" hai0="37,93,0,100,121,17,132,123,4,134,3,12,120" hai1="27,109,114,129,125,70,10,43,61,111,79,113,82" hai2="20,94,81,115,107,63,86,55,68,119,133,58,48" hai3="112,5,72,88,9,2,22,108,96,29,73,36,74"/><T15/><D37/><U130/><E27/><V33/><F107/><W23/><G36/><T80/><D80/><U128/><E43/><V45/><F33/><W26/><G112/><N who="1" m="43114" /><E10/><V66/><F119/><W50/><G108/><N who="1" m="41546" /><E61/><V30/><F115/><W47/><G23/><N who="0" m="11711" /><D93/><U91/><E91/><V40/><F133/><N who="0" m="51306" /><D100/><U7/><E7/><V39/><F94/><W46/><REACH who="3" step="1"/><G50/><REACH who="3" ten="250,250,240,230" step="2"/><T53/><D53/><U71/><E125/><V11/><F11/><AGARI ba="1,3" hai="0,3,4,11,12,120,121,123" m="51306,11711" machi="11" ten="40,7700,0" yaku="20,1,34,2" doraHai="52" who="0" fromWho="2" sc="250,110,250,0,240,-80,230,0" /><INIT seed="0,2,0,5,4,135" ten="360,250,160,230" oya="0" hai0="1,26,97,76,112,29,134,45,89,53,3,98,46" hai1="101,84,34,87,35,94,125,50,83,39,19,133,80" hai2="131,57,11,77,49,118,9,102,69,108,88,73,122" hai3="86,60,74,41,85,54,48,128,4,82,17,44,95"/><T119/><D119/><U8/><E39/><V64/><F69/><W14/><G74/><T55/><D112/><U21/><E133/><V132/><F118/><W78/><G128/><T62/><D134/><U91/><E8/><V25/><F122/><W66/><G4/><T42/><D76/><U63/><E63/><V68/><F132/><W36/><G95/><T15/><D15/><U127/><E101/><V70/><F108/><W121/><G121/><T56/><D55/><U124/><E50/><V59/><F131/><W31/><G31/><T22/><D46/><U114/><E114/><V104/><F70/><W126/><G126/><T113/><D113/><U67/><E67/><V79/><F68/><W38/><G85/><T129/><D129/><U71/><E71/><V107/><F102/><W16/><G41/><T123/><D123/><U24/><E83/><V7/><F7/><W109/><G109/><T0/><REACH who="0" step="1"/><D89/><AGARI ba="2,0" hai="19,21,24,34,35,80,84,87,89,91,94,124,125,127" machi="89" ten="40,8000,1" yaku="18,1,52,3" doraHai="135" who="1" fromWho="0" sc="360,-86,250,86,160,0,230,0" /><INIT seed="1,0,0,0,0,70" ten="274,336,160,230" oya="1" hai0="108,113,16,90,123,55,115,135,35,21,71,64,52" hai1="96,107,47,82,43,91,57,14,110,45,10,42,89" hai2="26,104,3,88,2,86,73,131,44,81,9,120,74" hai3="95,121,132,31,129,116,105,36,78,97,124,19,99"/><U8/><E107/><V103/><F120/><W98/><G121/><T77/><D35/><U134/><E134/><V40/><F131/><W133/><G31/><T109/><D135/><N who="3" m="51785" /><G129/><T114/><D123/><U130/><E130/><V22/><F104/><W94/><G105/><T85/><D77/><U122/><E122/><V128/><F128/><W27/><G78/><T127/><D64/><U68/><E68/><V7/><F103/><W53/><G124/><T84/><D71/><U17/><E57/><V83/><F83/><W59/><G36/><T69/><D69/><U54/><E110/><N who="0" m="42601" /><D127/><U118/><E118/><V13/><F3/><W25/><G116/><T92/><D85/><N who="1" m="50359" /><E10/><V58/><F58/><W66/><G66/><T6/><D6/><U37/><E37/><V29/><REACH who="2" step="1"/><F2/><REACH who="2" ten="274,336,150,230" step="2"/><W11/><G94/><T51/><D51/><AGARI ba="0,1" hai="7,9,13,22,26,29,40,44,51,73,74,81,86,88" machi="51" ten="30,7700,0" yaku="1,1,2,1,7,1,54,1,53,0" doraHai="70" doraHaiUra="28" who="2" fromWho="0" sc="274,-77,336,0,150,87,230,0" /><INIT seed="2,0,0,2,3,86" ten="197,336,237,230" oya="2" hai0="103,15,113,64,118,63,134,32,135,83,1,7,22" hai1="28,123,12,82,9,4,92,84,18,53,127,24,56" hai2="77,20,6,60,52,112,8,74,72,87,70,37,107" hai3="2,79,95,108,105,117,38,35,93,33,81,80,68"/><V43/><F112/><W0/><G68/><T73/><D113/><U55/><E127/><V49/><F107/><W97/><G105/><T91/><D32/><U47/><E123/><V46/><F70/><W99/><G79/><T129/><D118/><U44/><E92/><V111/><F20/><W34/><G38/><T130/><D103/><U98/><E98/><N who="3" m="37386" /><G108/><T58/><D1/><N who="3" m="617" /><G117/><T104/><D104/><U69/><E69/><V90/><F111/><W121/><G121/><T67/><D67/><U100/><E100/><V101/><F101/><W50/><G50/><T124/><D124/><U65/><E65/><V23/><F23/><W96/><N who="3" m="37394" /><W76/><DORA hai="29" /><G76/><T110/><D110/><U21/><E55/><V128/><F128/><N who="0" m="49258" /><D73/><U102/><E102/><V31/><F31/><W27/><G27/><T42/><D42/><U62/><E28/><V122/><F122/><W25/><G25/><T10/><D22/><U126/><E126/><V114/><F77/><AGARI ba="0,0" hai="4,9,12,18,21,24,44,47,53,56,62,77,82,84" machi="77" ten="30,2000,0" yaku="7,1,8,1" doraHai="86,29" who="1" fromWho="2" sc="197,0,336,20,237,-20,230,0" /><INIT seed="3,0,0,1,0,107" ten="197,356,217,230" oya="3" hai0="113,9,25,46,20,66,23,45,80,60,61,21,34" hai1="16,124,88,74,64,98,11,105,63,86,70,118,24" hai2="8,96,119,128,72,75,134,120,108,89,77,90,6" hai3="0,102,53,44,1,115,122,37,12,133,81,101,116"/><W132/><G122/><T32/><D113/><U135/><E124/><V4/><F119/><W85/><G116/><T29/><D32/><U52/><E118/><V109/><F120/><W59/><G12/><T58/><D9/><U54/><E135/><N who="3" m="51786" /><G115/><T17/><D17/><U73/><E105/><V15/><F134/><W41/><G101/><T43/><D43/><U39/><E39/><V95/><F128/><W129/><G102/><T114/><D114/><U30/><E98/><V13/><F77/><N who="3" m="46255" /><G129/><T97/><D97/><U104/><E104/><V14/><F90/><W110/><G110/><N who="2" m="42601" /><F6/><W71/><G71/><T125/><D125/><U117/><E117/><V18/><F18/><W84/><G84/><T2/><D2/><AGARI ba="0,0" hai="2,4,8,13,14,15,72,75,89,95,96" m="42601" machi="2" ten="30,3900,0" yaku="14,1,52,2" doraHai="107" who="2" fromWho="0" sc="197,-39,356,0,217,39,230,0" owari="158,-34.0,356,45.0,256,6.0,230,-17.0" /></mjloggm>