<mjloggm ver="2.3"><GO type="97" lobby="0"/><UN n0="%E4%BB%99%E5%8F%B0%E3%81%AE%E4%B8%89%E4%BA%95" n1="%6B%6F%69%6E" n2="%E5%B0%B1%E6%B4%BB%E7%94%9F%40%E5%B7%9D%E6%9D%91%E8%BB%8D%E5%9B%A3" n3="%74%74%52%35%73%51%35%5A" dan="13,14,13,13" rate="1871.76,1932.58,1818.22,1923.76" sx="F,M,M,M"/><TAIKYOKU oya="0"/><INIT seed="0,0,0,2,2,80" ten="250,250,250,250" oya="0" hai0="6,84,96,105,97,121,132,64,111,60,14,54,91" hai1="16,107,127,135,55,106,44,82,109,83,79,90,39" hai2="71,133,110,49,50,18,29,131,51,70,42,102,119" hai3="17,31,74,99,22,34,33,41,12,86,92,134,65"/><T66/><D121/><U113/><E109/><V108/><F102/><W98/><G74/><T130/><D111/><N who="2" m="42538" /><F29/><W38/><G134/><T5/><D132/><U59/><E135/><V30/><F30/><W35/><G65/><T125/><D66/><U8/><E127/><V26/><F26/><W15/><G12/><T87/><D125/><U117/><E117/><V11/><F11/><W48/><G38/><T89/><D64/><U62/><E113/><V81/><F18/><W95/><G31/><T75/><D75/><U122/><E122/><V13/><F13/><W0/><G0/><T21/><D130/><U120/><E120/><V52/><F81/><W43/><G43/><T63/><D105/><U69/><E69/><N who="2" m="26123" /><F133/><W45/><REACH who="3" step="1"/><G95/><REACH who="3" ten="250,250,250,240" step="2"/><T85/><D14/><N who="1" m="7239" /><E106/><V57/><F119/><W101/><G101/><T36/><D36/><U88/><E39/><V47/><F131/><W128/><G128/><T78/><D5/><U25/><E107/><V1/><F1/><W27/><G27/><T76/><D6/><U114/><E25/><V24/><F24/><W58/><G58/><T112/><D112/><U46/><E114/><V118/><F118/><W94/><G94/><T3/><D3/><U4/><E4/><V40/><F47/><N who="1" m="17961" /><E82/><V37/><F37/><W73/><G73/><T77/><D21/><U123/><E123/><V68/><N who="2" m="26131" /><V61/><AGARI ba="0,1" hai="40,42,49,50,51,52,57,61" m="26131,42538" machi="61" ten="50,8000,1" yaku="4,1,14,1,34,2,54,1" doraHai="80" who="2" fromWho="2" sc="250,-40,250,-20,250,90,240,-20" /><INIT seed="1,0,0,0,2,77" ten="210,230,340,220" oya="1" hai0="42,86,45,80,128,7,6,119,109,104,134,40,18" hai1="48,79,24,120,57,100,87,133,35,39,85,37,118" hai2="108,8,94,82,129,17,99,88,56,47,102,28,50" hai3="11,63,70,13,54,3,90,130,53,121,15,127,126"/><U22/><E120/><V103/><F108/><W58/><G121/><T49/><D109/><U72/><E35/><V20/><F129/><W38/><G130/><T65/><D128/><U9/><E118/><V95/><F28/><W75/><G38/><T83/><D119/><U81/><E133/><V29/><F29/><W116/><G116/><T93/><D104/><U76/><E100/><V111/><F111/><W44/><G75/><T51/><D134/><U135/><E135/><V60/><F8/><W55/><G70/><T122/><D122/><U112/><E112/><V67/><F95/><W117/><G117/><T105/><D105/><U114/><E114/><V25/><REACH who="2" step="1"/><F82/><REACH who="2" ten="210,230,330,220" step="2"/><W132/><G132/><T52/><D65/><U23/><E9/><V33/><F33/><W74/><G11/><T62/><D93/><U43/><E81/><V41/><AGARI ba="0,1" hai="17,20,25,41,47,50,56,60,67,88,94,99,102,103" machi="41" ten="20,8000,1" yaku="1,1,0,1,7,1,8,1,54,1,53,0" doraHai="77" doraHaiUra="27" who="2" fromWho="2" sc="210,-20,230,-40,330,90,220,-20" /><INIT seed="2,0,0,5,1,16" ten="190,190,420,200" oya="2" hai0="41,82,126,7,127,73,10,121,34,18,52,89,58" hai1="134,80,93,42,107,98,43,84,59,36,50,102,30" hai2="57,21,114,17,35,123,55,71,125,96,9,12,15" hai3="64,130,85,56,33,11,108,66,31,105,95,109,45"/><V100/><F35/><W106/><G130/><T20/><D34/><U115/><E115/><V128/><F114/><W25/><G45/><T94/><D121/><U97/><E36/><V101/><F128/><W110/><G11/><T78/><D41/><U91/><E134/><V48/><F123/><W38/><G38/><T75/><D75/><U14/><E30/><V129/><F129/><W133/><G133/><T88/><D7/><U24/><E24/><V62/><F125/><N who="0" m="47626" /><D10/><U28/><E28/><V118/><F118/><W124/><G124/><T113/><D94/><U83/><E14/><V76/><F76/><W44/><G44/><T29/><D29/><U69/><E69/><V90/><F71/><W51/><G51/><N who="0" m="31007" /><D113/><U112/><E112/><V79/><F79/><W22/><G33/><T65/><D65/><N who="3" m="25193" /><G56/><T103/><D103/><U37/><E37/><V4/><F48/><W19/><G31/><T132/><D132/><U0/><E0/><V63/><F63/><W70/><G70/><T131/><D131/><U99/><E83/><V1/><F1/><W53/><G53/><T68/><D68/><U87/><E80/><V26/><F26/><AGARI ba="0,0" hai="18,20,26,73,78,82,88,89" m="31007,47626" machi="26" ten="30,7700,0" yaku="18,1,52,1,54,2" doraHai="16" who="0" fromWho="2" sc="190,77,190,0,420,-77,200,0" /><INIT seed="3,0,0,2,3,64" ten="267,190,343,200" oya="3" hai0="96,90,22,108,9,122,76,6,28,56,69,126,11" hai1="89,78,120,7,57,62,13,39,106,45,119,70,33" hai2="100,54,59,131,130,24,30,134,44,36,127,87,19" hai3="103,41,84,93,21,72,104,77,50,118,18,91,3"/><W49/><G118/><T116/><D116/><U88/><E119/><V99/><F127/><W110/><G3/><T12/><D126/><U63/><E33/><V55/><F134/><W4/><G4/><T125/><D125/><U121/><E106/><V71/><F71/><W135/><G135/><T51/><D122/><U48/><E39/><V35/><F87/><W113/><G41/><T2/><D69/><U53/><E78/><V132/><F19/><W5/><G5/><T58/><D76/><U111/><E111/><V124/><F124/><W67/><G67/><T14/><D108/><U101/><E101/><V60/><F132/><W8/><G8/><T85/><D2/><U74/><E74/><V1/><F1/><W129/><G113/><T75/><D75/><U94/><E70/><V133/><F133/><W65/><G65/><T16/><D96/><N who="1" m="57415" /><E121/><V38/><F54/><W114/><G114/><T29/><D51/><N who="1" m="30911" /><E120/><V42/><F38/><W46/><G110/><T0/><D0/><U98/><E98/><V92/><AGARI ba="0,0" hai="24,30,35,36,42,44,55,59,60,92,99,100,130,131" machi="92" ten="30,1100,0" yaku="0,1" doraHai="64" who="2" fromWho="2" sc="267,-3,190,-3,343,11,200,-5" owari="264,6.0,187,-31.0,354,45.0,195,-20.0" /></mjloggm>