<mjloggm ver="2.3"><GO type="193" lobby="0"/><UN n0="%E3%83%A6%E3%82%AD%E3%83%8E%E3%83%8F%E3%83%8A" n1="%E5%8D%B5%E3%81%A1%E3%82%83%E3%82%93" n2="%E5%B1%85%E9%85%92%E5%B1%8B%E3%83%9C%E3%83%B3%E3%83%90%E3%83%BC" n3="%E5%B0%B1%E6%B4%BB%E7%94%9F%40%E5%B7%9D%E6%9D%91%E8%BB%8D%E5%9B%A3" dan="12,12,11,9" rate="1874.52,1913.70,1601.33,1725.81" sx="M,M,M,M"/><TAIKYOKU oya="0"/><INIT seed="0,0,0,1,4,15" ten="250,250,250,250" oya="0" hai0="42,109,69,5,115,101,56,43,4,114,129,80,13" hai1="11,58,111,59,29,126,100,52,86,55,48,17,53" hai2="119,7,104,133,92,46,1,31,49,30,23,6,26" hai3="97,62,118,10,35,9,32,131,107,20,8,88,108"/><T89/><D69/><U66/><E29/><N who="2" m="17631" /><F104/><W120/><G118/><T71/><D71/><U78/><E100/><V61/><F49/><W2/><G120/><T124/><D124/><U135/><E126/><V72/><F72/><W54/><G131/><T127/><D127/><U132/><E111/><V90/><F61/><W65/><G2/><T110/><D129/><U76/><E66/><V106/><F106/><W21/><G108/><N who="0" m="41579" /><D101/><U73/><E73/><V64/><F64/><W51/><G107/><T70/><D70/><U93/><E93/><V47/><F1/><W0/><G0/><T94/><D56/><U68/><E68/><V130/><F130/><W77/><G77/><T91/><D80/><U33/><E33/><V38/><F38/><W14/><G62/><T67/><D67/><U44/><E44/><N who="2" m="16939" /><F133/><N who="1" m="51273" /><E48/><V85/><F119/><W12/><G65/><T27/><D27/><U84/><E78/><V123/><F123/><W63/><G63/><T134/><D13/><N who="1" m="7359" /><E76/><V99/><F99/><W98/><G35/><T28/><D28/><AGARI ba="0,0" hai="6,7,28,30,31,85,90,92" m="16939,17631" machi="28" ten="30,1000,0" yaku="8,1" doraHai="15" who="2" fromWho="0" sc="250,-10,250,0,250,10,250,0" /><INIT seed="1,0,0,2,1,79" ten="240,250,260,250" oya="1" hai0="2,0,65,7,32,60,4,38,126,87,85,96,125" hai1="46,114,86,48,77,6,62,92,55,135,44,30,83" hai2="110,74,71,97,90,59,88,22,106,42,35,80,14" hai3="33,15,54,120,5,1,9,47,105,17,53,28,81"/><U11/><E114/><V19/><F35/><W117/><G105/><T111/><D32/><U13/><E30/><V73/><F71/><W107/><G107/><T123/><D38/><U133/><E92/><V76/><F110/><W128/><G120/><T16/><D111/><U24/><E24/><V78/><F42/><W93/><G128/><T98/><D123/><U134/><REACH who="1" step="1"/><E62/><REACH who="1" ten="240,240,260,250" step="2"/><V109/><F109/><W23/><G93/><T70/><D60/><U52/><E52/><V75/><F75/><W99/><G117/><T68/><REACH who="0" step="1"/><D65/><REACH who="0" ten="230,240,260,250" step="2"/><U29/><E29/><V39/><F39/><W113/><G28/><T69/><D69/><U66/><E66/><V12/><F59/><AGARI ba="0,2" hai="6,11,13,44,46,48,55,59,77,83,86,133,134,135" machi="59" ten="40,7700,0" yaku="1,1,20,1,52,1,53,0" doraHai="79" doraHaiUra="25" who="1" fromWho="2" sc="230,0,240,97,260,-77,250,0" /><INIT seed="1,1,0,1,3,130" ten="230,337,183,250" oya="1" hai0="105,15,135,86,76,28,88,98,5,55,77,131,132" hai1="57,0,101,85,81,32,41,23,92,52,110,106,38" hai2="51,111,49,116,104,97,121,82,64,11,25,84,79" hai3="70,109,124,8,53,61,48,29,94,46,1,129,74"/><U102/><E32/><V100/><F116/><W14/><G129/><T72/><D28/><U4/><E106/><V30/><F121/><W89/><G124/><T127/><D131/><U113/><E113/><V122/><F122/><W45/><G74/><T44/><D127/><U80/><E38/><V9/><F64/><W56/><G1/><T120/><D120/><U54/><E41/><V26/><F111/><W123/><G123/><T37/><D5/><U40/><E40/><V126/><F126/><W62/><G109/><T35/><D35/><U2/><E110/><V58/><F58/><W20/><G70/><T33/><D15/><U118/><E118/><V19/><F19/><W21/><G46/><T18/><D18/><U119/><E119/><V42/><F42/><W47/><G47/><T16/><D33/><U60/><E54/><V96/><F96/><W83/><G83/><N who="0" m="45447" /><D16/><U71/><E71/><V50/><REACH who="2" step="1"/><F26/><REACH who="2" ten="230,337,173,250" step="2"/><W95/><G61/><T7/><D7/><U114/><E114/><V12/><F12/><W115/><G14/><T133/><D37/><U31/><E31/><V66/><F66/><W128/><G56/><T75/><D55/><U17/><E52/><V107/><F107/><W87/><G53/><T63/><D44/><U69/><E57/><V6/><F6/><W27/><G29/><T90/><D63/><U73/><E60/><V68/><F68/><W13/><G27/><T3/><D3/><U112/><E69/><V36/><F36/><W59/><G62/><T99/><D105/><U78/><E112/><V91/><F91/><N who="0" m="34858" /><D75/><U125/><E125/><RYUUKYOKU ba="1,1" sc="230,15,337,-15,173,15,250,-15" hai0="77,86,98,99,132,133,135" hai2="9,11,25,30,49,50,51,79,82,84,97,100,104" /><INIT seed="2,2,1,0,4,2" ten="245,322,188,235" oya="2" hai0="33,49,30,118,135,51,6,123,50,124,97,1,19" hai1="114,117,68,113,103,122,64,44,28,84,111,12,79" hai2="76,18,61,119,88,91,134,116,60,112,77,80,75" hai3="66,20,83,107,45,62,17,24,85,29,130,90,57"/><V108/><F18/><W63/><G107/><T89/><D123/><U32/><E117/><N who="2" m="45131" /><F61/><W132/><G130/><T35/><D118/><U127/><E103/><V37/><F37/><W5/><G132/><T41/><D135/><U87/><E122/><V53/><F53/><W72/><G72/><T15/><D124/><U0/><E127/><V52/><F52/><W129/><G129/><T40/><D97/><U46/><E0/><V4/><F4/><W101/><G101/><T86/><D35/><U26/><E12/><V55/><F55/><W100/><G100/><T74/><D74/><U59/><E68/><V70/><F70/><W102/><G102/><T27/><D1/><U99/><E99/><V121/><F60/><W58/><G45/><T131/><D131/><U98/><E98/><V69/><F69/><W82/><G5/><T126/><D126/><U104/><E104/><V11/><F11/><W115/><G115/><T128/><D128/><U31/><E31/><V42/><F42/><W13/><G63/><T7/><D41/><U9/><E9/><V78/><F134/><W34/><REACH who="3" step="1"/><G83/><REACH who="3" ten="245,322,188,225" step="2"/><T21/><REACH who="0" step="1"/><D40/><REACH who="0" ten="235,322,188,225" step="2"/><U54/><E114/><V22/><F112/><W125/><G125/><T43/><D43/><U95/><E113/><V3/><F121/><W16/><G16/><T14/><D14/><U47/><E87/><V73/><F108/><W56/><AGARI ba="2,3" hai="13,17,20,24,29,34,56,57,58,62,66,82,85,90" machi="56" ten="20,5200,0" yaku="1,1,0,1,7,1,53,1" doraHai="2" doraHaiUra="25" who="3" fromWho="3" sc="235,-15,322,-15,188,-28,225,88" /><INIT seed="3,0,0,5,3,87" ten="220,307,160,313" oya="3" hai0="95,35,126,21,24,33,110,122,90,27,100,42,50" hai1="46,22,77,84,4,29,112,53,56,119,47,65,80" hai2="127,23,16,55,39,10,40,64,120,67,34,11,18" hai3="134,92,103,129,101,57,44,89,60,66,102,8,98"/><W59/><G134/><T20/><D122/><U135/><E112/><V58/><F39/><W105/><G129/><T62/><D126/><U3/><E135/><V106/><F106/><W30/><G30/><T107/><D110/><U78/><E3/><V128/><F40/><W69/><G105/><T52/><D107/><U73/><E22/><V12/><F67/><W6/><REACH who="3" step="1"/><G44/><REACH who="3" ten="220,307,160,303" step="2"/><T49/><D35/><U83/><E29/><V7/><F128/><W113/><G113/><T54/><D33/><U130/><E119/><V38/><F127/><W13/><AGARI ba="0,1" hai="6,8,13,57,59,60,66,69,89,92,98,101,102,103" machi="13" ten="30,11700,0" yaku="1,1,0,1,52,1,53,1" doraHai="87" doraHaiUra="61" who="3" fromWho="3" sc="220,-39,307,-39,160,-39,303,127" owari="181,-22.0,268,7.0,121,-38.0,430,53.0" /></mjloggm>