<mjloggm ver="2.3"><GO type="193" lobby="0"/><UN n0="%73%75%67%61%77" n1="%E5%B0%B1%E6%B4%BB%E7%94%9F%40%E5%B7%9D%E6%9D%91%E8%BB%8D%E5%9B%A3" n2="%E3%81%84%E3%81%84%E3%81%A7" n3="%6D%72%6B%6F%6A%69" dan="11,12,11,12" rate="1643.48,1869.76,1536.33,1787.68" sx="M,M,M,M"/><TAIKYOKU oya="0"/><INIT seed="0,0,0,5,3,38" ten="250,250,250,250" oya="0" hai0="80,109,134,43,4,74,89,108,14,30,66,107,16" hai1="8,42,33,131,62,21,61,126,24,35,29,113,99" hai2="121,60,7,100,51,79,106,44,70,88,129,49,101" hai3="93,53,97,91,27,103,32,111,5,18,122,135,67"/><T46/><D107/><U117/><E113/><V116/><F121/><W87/><G5/><T13/><D134/><U20/><E117/><V83/><F49/><W82/><G135/><T105/><D105/><U47/><E131/><V96/><F129/><W104/><G67/><T2/><D30/><U41/><E126/><V84/><F116/><W125/><G125/><T45/><D66/><U22/><E33/><V120/><F120/><W65/><G65/><T1/><D4/><U58/><E47/><V85/><F100/><W118/><G118/><T39/><D46/><U55/><E62/><V48/><F7/><W124/><G124/><T132/><D132/><U59/><E59/><V123/><F60/><W127/><G127/><T98/><D98/><U128/><E128/><V112/><F70/><W75/><G122/><T130/><D130/><U95/><REACH who="1" step="1"/><E8/><REACH who="1" ten="250,240,250,250" step="2"/><V19/><F51/><W81/><G111/><N who="0" m="42571" /><D14/><U34/><E34/><V110/><F123/><W72/><G32/><T10/><D74/><U115/><E115/><V86/><F112/><W15/><G27/><T50/><D39/><U17/><E17/><V12/><F106/><W54/><G75/><T52/><D43/><U11/><E11/><V73/><F73/><W114/><G114/><T102/><D102/><AGARI ba="0,1" hai="20,21,22,24,29,35,41,42,55,58,61,95,99,102" machi="102" ten="40,8000,1" yaku="1,1,52,2,53,2" doraHai="38" doraHaiUra="36" who="1" fromWho="0" sc="250,-80,240,90,250,0,250,0" /><INIT seed="1,0,0,0,0,76" ten="170,330,250,250" oya="1" hai0="107,58,61,19,52,17,120,125,101,97,83,62,116" hai1="112,104,32,40,65,124,88,27,100,54,85,68,36" hai2="130,43,106,55,89,59,44,24,82,78,45,90,21" hai3="16,108,2,56,67,18,110,71,117,57,79,80,102"/><U69/><E112/><V127/><F106/><W113/><G113/><T134/><D116/><U128/><E128/><V70/><F70/><W29/><G2/><T86/><D125/><U99/><E124/><V122/><F127/><W48/><G29/><T77/><D134/><U39/><E54/><V22/><F130/><W75/><G102/><T121/><REACH who="0" step="1"/><D61/><REACH who="0" ten="160,330,250,250" step="2"/><U129/><E129/><V12/><F122/><AGARI ba="0,1" hai="17,19,52,58,62,77,83,86,97,101,107,120,121,122" machi="122" ten="40,8000,1" yaku="1,1,2,1,13,1,52,1,54,1,53,0" doraHai="76" doraHaiUra="42" who="0" fromWho="2" sc="160,90,330,0,250,-80,250,0" /><INIT seed="2,0,0,1,5,122" ten="250,330,170,250" oya="2" hai0="108,88,18,13,19,97,37,101,128,125,5,62,123" hai1="41,90,100,29,0,86,132,30,4,111,131,38,118" hai2="33,31,12,79,129,58,15,39,10,65,1,98,52" hai3="11,7,2,9,121,124,42,44,94,75,93,134,16"/><V89/><F39/><W67/><G121/><T116/><D123/><U127/><E127/><V34/><F79/><W106/><G106/><T21/><D125/><U104/><E118/><V119/><F119/><W76/><G124/><T92/><D116/><U50/><E38/><V105/><F65/><W26/><G67/><T49/><D37/><U55/><E131/><V36/><F129/><W32/><G134/><T103/><D128/><U24/><E132/><V81/><F12/><W96/><G32/><T64/><D5/><U46/><E29/><V66/><F1/><W85/><G75/><T83/><D49/><U130/><E130/><V74/><F36/><W59/><G59/><T109/><D83/><U40/><E100/><V120/><F66/><W99/><G93/><T87/><D87/><U22/><E104/><V27/><F120/><W80/><G94/><T60/><D19/><U43/><E4/><V57/><F57/><W113/><G113/><T78/><D78/><U8/><E8/><V110/><F34/><W126/><G126/><T82/><D82/><U23/><E0/><V102/><F74/><W71/><G71/><T91/><D91/><U47/><E23/><V54/><F89/><W14/><G26/><T70/><REACH who="0" step="1"/><D62/><REACH who="0" ten="240,330,170,250" step="2"/><U84/><E84/><V107/><F81/><W56/><G56/><T117/><D117/><U28/><E86/><V20/><F33/><W133/><G133/><T6/><D6/><U73/><E90/><V135/><F135/><W72/><G72/><T115/><D115/><U51/><E73/><V61/><F54/><W25/><G85/><RYUUKYOKU ba="0,1" sc="240,30,330,-10,170,-10,250,-10" hai0="13,18,21,60,64,70,88,92,97,101,103,108,109" /><INIT seed="3,1,1,0,4,126" ten="270,320,160,240" oya="3" hai0="19,89,65,42,115,107,21,23,85,108,72,79,68" hai1="60,46,18,98,11,61,110,0,4,47,80,87,52" hai2="116,2,44,62,78,10,97,101,120,106,34,15,58" hai3="73,113,28,67,103,57,104,125,41,8,99,91,5"/><W83/><G41/><T54/><D108/><U130/><E110/><V95/><F120/><W119/><G28/><T14/><D115/><U105/><E130/><V9/><F116/><W134/><G119/><T118/><D118/><U33/><E33/><V31/><F78/><W39/><G39/><T35/><D35/><U20/><E98/><V74/><F74/><W133/><G113/><T13/><D107/><U76/><E105/><V63/><F44/><W75/><G125/><T100/><D42/><U70/><E70/><V124/><F124/><W90/><G67/><T38/><D38/><U66/><E66/><V117/><F117/><W24/><G24/><T64/><D68/><U26/><E47/><V135/><F135/><N who="3" m="51723" /><G57/><T27/><D100/><U82/><E82/><V56/><F56/><W7/><G7/><T6/><D54/><U84/><E84/><V77/><F77/><N who="3" m="44463" /><G75/><T16/><D72/><U30/><E30/><V45/><F45/><W111/><G111/><T36/><D36/><U50/><AGARI ba="1,1" hai="0,4,11,18,20,26,46,50,52,60,61,76,80,87" machi="50" ten="30,2000,0" yaku="0,1,54,1" doraHai="126" who="1" fromWho="1" sc="270,-6,320,33,160,-6,240,-11" owari="264,6.0,353,46.0,154,-35.0,229,-17.0" /></mjloggm>