<mjloggm ver="2.3"><GO type="97" lobby="0"/><UN n0="%E3%82%A6%E3%83%AB%E3%83%88%E3%83%A9%E7%AB%8B%E7%9B%B4" n1="%E6%9F%8F%E6%9C%A8%E5%AE%97%E4%B8%80%E9%83%8E" n2="%66%72%6E%62" n3="%63%68%6F%63%6F%63%6F" dan="15,15,13,13" rate="2024.08,1946.08,1895.60,1861.81" sx="M,M,M,M"/><TAIKYOKU oya="0"/><INIT seed="0,0,0,0,2,71" ten="250,250,250,250" oya="0" hai0="90,57,33,2,125,113,65,93,110,52,94,133,43" hai1="74,4,61,72,91,1,24,51,41,124,56,116,89" hai2="42,67,45,48,0,46,32,83,106,121,97,55,115" hai3="22,87,31,18,127,98,81,123,25,36,77,29,39"/><T112/><D33/><U99/><E116/><V27/><F121/><W20/><G123/><T107/><D107/><U40/><E124/><V111/><F115/><W109/><G127/><T85/><D2/><U132/><E1/><V82/><F0/><W122/><G122/><T37/><D125/><U5/><E132/><V44/><F111/><W131/><G131/><T59/><D133/><U100/><E24/><V16/><F67/><W12/><G109/><T21/><D110/><U35/><E35/><V95/><F106/><W14/><G98/><T26/><D65/><N who="1" m="39079" /><E72/><V34/><F34/><W15/><REACH who="3" step="1"/><G22/><REACH who="3" ten="250,250,250,240" step="2"/><T38/><D113/><U68/><E99/><V135/><F135/><W119/><G119/><T120/><D112/><U76/><E100/><V92/><F97/><W104/><G104/><T30/><D120/><U134/><E134/><V49/><F32/><W70/><G70/><T11/><D11/><U129/><E68/><V114/><F114/><W62/><G62/><T84/><D84/><U58/><E129/><V80/><REACH who="2" step="1"/><F45/><REACH who="2" ten="250,250,240,240" step="2"/><W10/><G10/><T63/><D57/><U6/><E74/><V108/><F108/><W23/><G23/><AGARI ba="0,2" hai="16,23,27,42,44,46,48,49,55,80,82,83,92,95" machi="23" ten="40,5200,0" yaku="1,1,8,1,54,1,53,0" doraHai="71" doraHaiUra="64" who="2" fromWho="3" sc="250,0,250,0,240,72,240,-52" /><INIT seed="1,0,0,3,4,21" ten="250,250,312,188" oya="1" hai0="29,65,3,27,75,53,72,93,74,81,84,67,32" hai1="119,2,135,125,43,5,107,105,123,64,18,95,48" hai2="117,89,97,133,4,112,111,12,52,90,104,126,33" hai3="132,31,131,11,42,14,100,124,35,50,83,19,109"/><U85/><E119/><V122/><F117/><W78/><G124/><T41/><D3/><U36/><E123/><V69/><F122/><W13/><G131/><T34/><D41/><U103/><E36/><V54/><F69/><W88/><G132/><T106/><D106/><U46/><E135/><V56/><F133/><W6/><G109/><T121/><D121/><U55/><E125/><V101/><F126/><W94/><G100/><T99/><D34/><U15/><E2/><V80/><F112/><W49/><G31/><T37/><D37/><U23/><E5/><V28/><F111/><W68/><G35/><T58/><D93/><U66/><E43/><V60/><F54/><W128/><G68/><T59/><D99/><U73/><E73/><V129/><F129/><W118/><G128/><T22/><D32/><U51/><E51/><V79/><F28/><W92/><G118/><T47/><D47/><U114/><E114/><V20/><F33/><W102/><G102/><T77/><REACH who="0" step="1"/><D59/><REACH who="0" ten="240,250,312,188" step="2"/><U91/><E107/><V30/><F104/><W61/><G42/><T57/><D57/><U87/><REACH who="1" step="1"/><E85/><REACH who="1" ten="240,240,312,188" step="2"/><V10/><F97/><AGARI ba="0,2" hai="15,18,23,46,48,55,64,66,87,91,95,97,103,105" machi="97" ten="40,3900,0" yaku="1,1,2,1,53,0" doraHai="21" doraHaiUra="115" who="1" fromWho="2" sc="240,0,240,59,312,-39,188,0" /><INIT seed="1,1,0,3,0,26" ten="240,299,273,188" oya="1" hai0="69,127,34,118,14,83,18,122,61,58,8,11,17" hai1="33,78,104,50,47,24,113,124,88,84,4,41,25" hai2="66,97,55,16,45,62,29,46,95,21,28,75,59" hai3="90,121,107,100,65,43,130,91,98,120,109,51,102"/><U126/><E113/><V108/><F108/><W64/><G130/><T15/><D69/><U132/><E104/><V19/><F75/><W48/><G43/><T111/><D118/><U67/><E67/><N who="3" m="25674" /><G98/><T106/><D106/><U103/><E103/><N who="3" m="39466" /><G107/><T115/><D115/><U101/><E101/><N who="2" m="60607" /><F66/><W110/><G91/><T96/><D96/><U70/><E70/><V39/><F39/><W76/><G90/><T20/><D83/><U30/><E78/><V7/><F7/><W105/><G76/><T89/><D89/><U38/><E132/><V73/><F73/><W1/><G1/><T40/><D40/><U13/><E25/><N who="2" m="14503" /><F19/><W87/><G87/><T123/><D58/><U93/><REACH who="1" step="1"/><E38/><REACH who="1" ten="240,289,273,188" step="2"/><V57/><F57/><W85/><G105/><T129/><D123/><N who="3" m="47177" /><G85/><T82/><D122/><U99/><E99/><V112/><F112/><W42/><G42/><T74/><D74/><U32/><E32/><V128/><F128/><W22/><G22/><T23/><D34/><U35/><E35/><V71/><F71/><W80/><G80/><T114/><D82/><U56/><E56/><V92/><F92/><W125/><G125/><T6/><D127/><U72/><E72/><V3/><F3/><W94/><G94/><T54/><D114/><U9/><AGARI ba="1,1" hai="4,9,13,24,30,33,41,47,50,84,88,93,124,126" machi="9" ten="30,11700,0" yaku="1,1,0,1,52,1,54,1,53,0" doraHai="26" doraHaiUra="53" who="1" fromWho="1" sc="240,-40,289,130,273,-40,188,-40" /><INIT seed="1,2,0,5,1,84" ten="200,419,233,148" oya="1" hai0="126,18,80,21,37,64,70,132,93,29,83,115,3" hai1="57,26,85,135,96,114,134,12,98,119,47,71,1" hai2="111,90,122,4,68,24,55,25,121,79,28,23,105" hai3="73,54,103,32,13,9,11,49,123,74,95,125,100"/><U63/><E114/><V107/><F68/><W102/><G123/><T7/><D37/><U109/><E1/><V45/><F79/><W78/><G32/><T76/><D83/><U5/><E119/><V48/><F111/><W69/><G69/><T113/><D29/><U31/><E71/><V133/><F133/><N who="1" m="50697" /><E109/><V15/><F4/><W0/><G125/><T62/><D126/><U112/><E47/><V34/><F15/><W51/><G78/><T129/><D129/><U17/><E5/><V94/><F107/><W53/><G0/><T97/><D7/><U56/><E85/><V16/><REACH who="2" step="1"/><F105/><REACH who="2" ten="200,419,223,148" step="2"/><W131/><G131/><T82/><D132/><U14/><E12/><V20/><F20/><W44/><G13/><T120/><D3/><U50/><E14/><V65/><F65/><W33/><G33/><T117/><D120/><U40/><E112/><V118/><F118/><W116/><G116/><T75/><D117/><U39/><E26/><V38/><F38/><W92/><G103/><T59/><D70/><U42/><E39/><V61/><F61/><W35/><G35/><T22/><D115/><U91/><E63/><V127/><F127/><W27/><G27/><T130/><D113/><U66/><E50/><V89/><F89/><W77/><G77/><T46/><D130/><U108/><E91/><V86/><AGARI ba="2,1" hai="16,23,24,25,28,34,45,48,55,86,90,94,121,122" machi="86" ten="20,8000,1" yaku="1,1,0,1,7,1,52,1,54,1,53,0" doraHai="84" doraHaiUra="10" who="2" fromWho="2" sc="200,-22,419,-42,223,96,148,-22" /><INIT seed="2,0,0,0,0,33" ten="178,377,319,126" oya="2" hai0="104,127,114,52,128,84,32,81,49,11,79,88,14" hai1="94,4,66,77,3,85,19,10,18,30,0,105,108" hai2="119,9,15,78,71,87,113,117,53,22,37,111,96" hai3="101,36,24,50,112,107,54,110,58,55,61,21,46"/><V125/><F71/><W106/><G110/><T7/><D32/><U39/><E105/><V5/><F37/><W102/><G112/><T132/><D104/><U1/><E39/><V29/><F113/><W59/><G107/><T92/><D114/><U57/><E30/><V80/><F111/><W131/><G131/><T83/><D127/><U63/><E108/><V98/><F125/><W16/><G106/><T13/><D132/><U116/><E116/><V72/><F72/><W115/><G115/><T134/><D134/><U64/><E64/><V35/><F35/><W95/><G95/><T90/><D128/><U42/><E42/><V86/><F86/><W118/><G118/><T43/><D43/><U47/><E47/><V103/><F98/><W126/><G126/><T20/><D20/><U93/><E93/><V12/><F53/><W100/><REACH who="3" step="1"/><G36/><REACH who="3" ten="178,377,319,116" step="2"/><T68/><D92/><U76/><E94/><V38/><F38/><W74/><G74/><T124/><D124/><U62/><E85/><V99/><F119/><W28/><G28/><T75/><D75/><U133/><E133/><V40/><F117/><W82/><G82/><T109/><D83/><U130/><E130/><V120/><F120/><W89/><G89/><T70/><D109/><U44/><E76/><V48/><F103/><W121/><G121/><T129/><D129/><U34/><E77/><V51/><F29/><W56/><AGARI ba="0,1" hai="16,21,24,46,50,54,55,56,58,59,61,100,101,102" machi="56" ten="30,7900,0" yaku="1,1,0,1,8,1,54,1,53,0" doraHai="33" doraHaiUra="65" who="3" fromWho="3" sc="178,-20,377,-20,319,-39,116,89" /><INIT seed="3,0,0,3,2,41" ten="158,357,280,205" oya="3" hai0="81,26,13,61,11,109,83,125,27,59,123,12,129" hai1="63,111,54,34,33,44,71,4,116,30,85,32,107" hai2="52,77,118,23,18,134,25,88,92,133,6,60,105" hai3="5,57,17,19,8,38,15,70,108,55,43,10,62"/><W82/><G108/><T122/><D109/><U128/><E111/><V49/><F118/><W121/><G121/><T104/><D104/><U53/><E4/><V16/><F105/><W76/><G70/><T48/><D125/><U29/><E107/><V130/><F77/><W73/><G10/><T2/><D2/><U28/><E128/><V99/><F130/><W98/><G98/><T97/><D129/><U132/><E132/><N who="2" m="50795" /><F6/><W45/><AGARI ba="0,0" hai="5,8,15,17,19,38,43,45,55,57,62,73,76,82" machi="45" ten="30,3000,0" yaku="0,1,52,1" doraHai="41" who="3" fromWho="3" sc="158,-10,357,-10,280,-10,205,30" /><INIT seed="3,1,0,0,5,135" ten="148,347,270,235" oya="3" hai0="122,10,75,65,80,2,90,16,105,91,3,38,121" hai1="7,9,13,83,55,51,97,129,104,118,19,8,6" hai2="125,84,71,133,5,79,62,93,23,11,103,87,66" hai3="43,0,34,30,21,73,114,59,94,58,48,126,54"/><W123/><G114/><T102/><D65/><U45/><E129/><V64/><F133/><W1/><G123/><T131/><D131/><U115/><E115/><V107/><F107/><W76/><G34/><T27/><D38/><U95/><E104/><V120/><F64/><W130/><G130/><T42/><D42/><U22/><E118/><V69/><F69/><W46/><G94/><T112/><D112/><U109/><E83/><V29/><F120/><W99/><G99/><T50/><D50/><U117/><E109/><V113/><F113/><W119/><G119/><T96/><D10/><N who="1" m="4203" /><E117/><V37/><F37/><W44/><G126/><T40/><D40/><U57/><E57/><V41/><F41/><W106/><G106/><T111/><D111/><U14/><E13/><V17/><F29/><W82/><G30/><T33/><D105/><U32/><E32/><V132/><F132/><W108/><G108/><T98/><D33/><U56/><E56/><V63/><F63/><W116/><G116/><T52/><D80/><U60/><E60/><V61/><F61/><W31/><G31/><T12/><D12/><U89/><AGARI ba="1,0" hai="6,7,14,19,22,45,51,55,89,95,97" m="4203" machi="89" ten="30,1100,0" yaku="8,1" doraHai="135" who="1" fromWho="1" sc="148,-4,347,14,270,-4,235,-6" owari="144,-36.0,361,46.0,266,7.0,229,-17.0" /></mjloggm>