<mjloggm ver="2.3"><GO type="97" lobby="0"/><UN n0="%E5%85%A8%E9%80%9F%E3%82%86%E3%83%BC%E3%81%B8%E3%81%84" n1="%E5%B0%B1%E6%B4%BB%E7%94%9F%40%E5%B7%9D%E6%9D%91%E8%BB%8D%E5%9B%A3" n2="%E3%81%9B%E3%81%A3%E3%81%A1" n3="%6B%6E%6F%32%31%33%34" dan="15,14,13,13" rate="2156.78,1957.75,1888.74,1889.30" sx="M,M,M,M"/><TAIKYOKU oya="0"/><INIT seed="0,0,0,5,3,76" ten="250,250,250,250" oya="0" hai0="49,131,24,41,62,111,39,7,13,58,33,130,101" hai1="73,36,108,68,77,110,54,78,55,91,42,94,106" hai2="90,40,34,56,28,64,37,102,66,57,74,121,118" hai3="128,112,23,82,63,114,1,123,8,4,103,19,69"/><T129/><D39/><U48/><E68/><V88/><F74/><W96/><G123/><T38/><D38/><U84/><E106/><V79/><F121/><W31/><G128/><T113/><D113/><U105/><E105/><V11/><F118/><W10/><G31/><N who="0" m="19687" /><D101/><U45/><E55/><V5/><F102/><W134/><G134/><T80/><D49/><U135/><E135/><V0/><F79/><W104/><G10/><N who="0" m="4319" /><D41/><U85/><E73/><V71/><F28/><W109/><G114/><T60/><D111/><N who="1" m="42539" /><E85/><V93/><F34/><W59/><G112/><T35/><D35/><U12/><E12/><V15/><F0/><W52/><G69/><T124/><D124/><U70/><E70/><V3/><F3/><W127/><G127/><T51/><D80/><U44/><AGARI ba="0,0" hai="36,42,44,45,48,54,77,78,84,91,94" m="42539" machi="44" ten="30,1100,0" yaku="14,1" doraHai="76" who="1" fromWho="1" sc="250,-5,250,11,250,-3,250,-3" /><INIT seed="1,0,0,5,3,120" ten="245,261,247,247" oya="1" hai0="48,41,43,46,20,87,8,60,125,81,28,109,72" hai1="65,129,96,7,70,12,58,111,122,132,80,97,74" hai2="24,85,31,37,18,38,79,40,94,27,86,25,16" hai3="59,26,10,101,52,62,114,110,89,107,95,75,71"/><U131/><E122/><V123/><F123/><W23/><G110/><T106/><D106/><U3/><E70/><V51/><F31/><W78/><G114/><T117/><D72/><U66/><E3/><V130/><F130/><N who="1" m="49673" /><E132/><V99/><F79/><W68/><G107/><T21/><D117/><U33/><E33/><V61/><F61/><W49/><G101/><T32/><D109/><U56/><E74/><V76/><F76/><W121/><G121/><T63/><D32/><U64/><E80/><V113/><F113/><W84/><G75/><T15/><D43/><U82/><E82/><V29/><F29/><W67/><G78/><N who="0" m="46519" /><D125/><U105/><E111/><V17/><F51/><W39/><G10/><T124/><D124/><U100/><E97/><V11/><F11/><AGARI ba="0,0" hai="7,11,12,56,58,64,65,66,96,100,105" m="49673" machi="11" ten="30,1500,0" yaku="19,1" doraHai="120" who="1" fromWho="2" sc="245,0,261,15,247,-15,247,0" /><INIT seed="1,1,0,5,0,49" ten="245,276,232,247" oya="1" hai0="77,26,33,118,91,12,10,92,34,15,47,125,71" hai1="100,25,23,65,57,135,102,7,72,40,48,80,86" hai2="2,58,28,46,132,22,13,75,43,85,59,83,96" hai3="62,73,81,30,17,41,1,122,84,115,89,16,39"/><U19/><E72/><V79/><F2/><W11/><G115/><T36/><D71/><U117/><E117/><V82/><F132/><W37/><G122/><T110/><D118/><U94/><E135/><V95/><F28/><W27/><G73/><T67/><D67/><U20/><E7/><V6/><F22/><W14/><G1/><T114/><D114/><U119/><E119/><V69/><F69/><W76/><G17/><T24/><D77/><U103/><E65/><V63/><F63/><W97/><G62/><T42/><D110/><U128/><E128/><V74/><F74/><W87/><G97/><T112/><D12/><U123/><E123/><V70/><F70/><W5/><G41/><T88/><D91/><U130/><E130/><V18/><F6/><W99/><G99/><T45/><D45/><U127/><E127/><V131/><F131/><W104/><G104/><T56/><D56/><U101/><E94/><V105/><F105/><W44/><G44/><T61/><D61/><U54/><E23/><V4/><F4/><W51/><G51/><T109/><D109/><U3/><E3/><V52/><F13/><W90/><G5/><N who="0" m="3535" /><D125/><U53/><N who="1" m="26112" /><DORA hai="32" /><U93/><E93/><V129/><F18/><W121/><G121/><T108/><D108/><U38/><E38/><N who="2" m="21879" /><F129/><W31/><G37/><T78/><D78/><N who="1" m="46359" /><E40/><V98/><F95/><N who="3" m="54695" /><G39/><T107/><D107/><U124/><E124/><V66/><F75/><W8/><G27/><N who="0" m="10283" /><D112/><U120/><E120/><V106/><F106/><W55/><G76/><T133/><D133/><U21/><E21/><V9/><F83/><RYUUKYOKU ba="1,0" sc="245,15,276,15,232,-15,247,-15" hai0="33,34,36,42,47,88,92" hai1="19,20,25,48,53,54,57" /><INIT seed="1,2,0,5,2,8" ten="260,291,217,232" oya="1" hai0="52,41,71,3,60,108,1,126,61,62,47,33,133" hai1="130,74,104,132,93,57,40,122,17,50,37,131,35" hai2="119,14,65,19,127,56,92,0,15,63,27,48,76" hai3="88,78,116,67,24,30,44,83,80,101,29,113,125"/><U99/><E104/><V9/><F0/><W96/><G113/><T94/><D33/><U95/><E74/><V103/><F119/><W86/><G116/><T59/><D108/><U26/><E37/><V68/><F127/><W12/><G125/><T42/><D126/><U2/><E2/><V115/><F115/><W106/><G67/><T55/><D133/><U58/><E122/><V89/><F76/><W102/><G44/><T79/><D79/><U10/><E132/><V28/><F103/><W69/><G69/><T118/><D118/><U72/><E72/><V18/><F28/><W97/><G12/><N who="2" m="4649" /><F68/><W124/><G29/><T7/><D7/><U39/><E39/><V114/><F114/><W110/><G124/><T75/><D75/><U38/><E38/><V25/><F48/><W16/><G110/><T100/><D3/><U20/><E35/><V128/><F128/><W53/><G102/><T34/><D34/><U81/><E10/><V98/><F9/><W111/><G30/><T45/><D1/><U87/><E50/><V23/><F23/><W22/><G111/><T105/><D105/><U51/><E51/><V11/><F11/><W117/><G117/><T31/><D31/><U84/><E130/><V36/><F36/><W43/><G101/><T85/><D100/><U49/><E49/><V120/><F120/><W54/><G106/><T73/><D73/><U90/><E131/><V112/><F112/><W107/><G107/><T64/><D45/><U5/><E5/><V129/><F129/><W21/><G21/><T135/><D47/><U66/><E20/><RYUUKYOKU ba="2,0" sc="260,-10,291,-10,217,30,232,-10" hai2="18,19,25,27,56,63,65,89,92,98" /><INIT seed="2,3,0,5,2,87" ten="250,281,247,222" oya="2" hai0="77,51,92,61,9,128,71,47,133,132,110,15,27" hai1="78,68,96,73,90,13,43,22,135,121,1,32,29" hai2="86,2,79,46,28,93,6,131,102,69,39,99,97" hai3="85,42,118,107,16,82,119,88,34,100,62,63,21"/><V65/><F131/><W18/><G34/><T95/><D77/><U19/><E1/><V60/><F28/><W38/><G18/><T112/><D112/><U56/><E68/><V11/><F99/><W26/><G107/><T70/><D27/><U115/><E115/><V45/><F39/><W48/><G100/><T116/><D110/><U30/><E32/><V124/><F124/><W35/><G38/><T8/><D128/><U58/><E43/><V130/><F130/><W98/><G35/><T122/><D122/><U24/><E135/><N who="0" m="51785" /><D8/><U117/><E117/><V37/><REACH who="2" step="1"/><F37/><REACH who="2" ten="250,281,237,222" step="2"/><W5/><G98/><T108/><D108/><U41/><E96/><V101/><F101/><W23/><G118/><T3/><D116/><U66/><E30/><V114/><F114/><W17/><G119/><T49/><D3/><U126/><E29/><V72/><F72/><W83/><G5/><N who="0" m="3503" /><D70/><U80/><E73/><V53/><F53/><W59/><G82/><AGARI ba="3,1" hai="2,6,11,45,46,60,65,69,79,82,86,93,97,102" machi="82" ten="40,3900,0" yaku="1,1,53,1" doraHai="87" doraHaiUra="4" who="2" fromWho="3" sc="250,0,281,0,237,58,222,-48" /><INIT seed="2,4,0,4,4,46" ten="250,281,295,174" oya="2" hai0="120,61,92,63,76,75,47,88,42,125,79,30,90" hai1="112,82,77,39,60,52,33,25,4,83,54,122,64" hai2="14,26,96,22,43,5,80,95,62,126,89,135,7" hai3="106,37,57,111,68,97,8,119,59,91,101,24,98"/><V84/><F126/><W123/><G119/><T49/><D120/><U65/><E112/><V11/><F135/><W86/><G123/><T69/><D125/><U78/><E122/><V71/><F43/><W10/><G68/><T31/><D90/><U0/><E39/><V102/><F71/><W53/><G37/><T115/><D115/><U6/><E33/><V15/><F62/><N who="0" m="23562" /><D75/><U17/><E0/><V133/><F133/><W35/><G97/><N who="0" m="57479" /><D69/><U12/><E60/><V118/><F118/><W29/><G111/><T107/><D107/><U40/><E25/><V36/><F36/><W18/><G18/><T23/><D23/><U109/><E109/><V21/><F26/><W127/><G127/><T9/><D9/><AGARI ba="4,0" hai="5,7,9,11,14,15,21,22,80,84,89,95,96,102" machi="9" ten="40,3900,0" yaku="9,1,8,1" doraHai="46" who="2" fromWho="0" sc="250,-51,281,0,295,51,174,0" /><INIT seed="2,5,0,4,3,130" ten="199,281,346,174" oya="2" hai0="98,22,83,110,116,61,96,54,17,86,10,59,50" hai1="56,133,101,13,57,92,25,38,85,7,65,75,8" hai2="26,53,76,70,107,63,111,120,95,43,60,80,129" hai3="132,52,102,117,121,109,27,28,131,81,115,103,29"/><V78/><F107/><W36/><G117/><T35/><D110/><U34/><E75/><V114/><F129/><W23/><G121/><T97/><D35/><U93/><E38/><V24/><F120/><W68/><G109/><T126/><D126/><U32/><E133/><V19/><F114/><W33/><G132/><T30/><D30/><U134/><E134/><V46/><F111/><W88/><G131/><T90/><D10/><U20/><E32/><V94/><F70/><W21/><G115/><T45/><D116/><U72/><E72/><V135/><F135/><W91/><G33/><T31/><D31/><U18/><E34/><V3/><F3/><W127/><G127/><T77/><D77/><N who="2" m="29802" /><F80/><W40/><G68/><T71/><D71/><U67/><E101/><V122/><F43/><W89/><G81/><T14/><REACH who="0" step="1"/><D97/><REACH who="0" ten="189,281,346,174" step="2"/><U47/><E8/><V62/><F122/><W49/><G28/><T16/><D16/><U99/><E18/><V41/><F19/><W11/><G11/><T87/><D87/><U39/><E85/><V84/><F84/><W119/><G119/><T124/><D124/><U55/><E99/><V51/><F41/><AGARI ba="5,1" hai="14,17,22,41,45,50,54,59,61,83,86,90,96,98" machi="41" ten="30,3900,0" yaku="1,1,7,1,8,1,53,0" doraHai="130" doraHaiUra="4" who="0" fromWho="2" sc="189,64,281,0,346,-54,174,0" /><INIT seed="3,0,0,5,1,101" ten="253,281,292,174" oya="3" hai0="31,27,103,10,45,106,115,64,112,67,85,90,109" hai1="108,57,117,5,97,1,132,88,130,111,0,124,55" hai2="133,15,41,104,102,35,80,13,134,48,72,44,62" hai3="128,84,42,63,56,98,119,6,43,37,25,91,86"/><W4/><G119/><T129/><D109/><N who="1" m="42059" /><E117/><V26/><F62/><W123/><G128/><T68/><D10/><N who="1" m="2343" /><E130/><V47/><F47/><W3/><G123/><T99/><D45/><U93/><E1/><V116/><F116/><W38/><G25/><T11/><D11/><U135/><E124/><V75/><F35/><W12/><G3/><T18/><D18/><U40/><E40/><N who="3" m="15402" /><G37/><T122/><D122/><U50/><AGARI ba="0,0" hai="50,55,57,88,93,97,132,135" m="2343,42059" machi="50" ten="30,2000,0" yaku="14,1,54,1" doraHai="101" who="1" fromWho="1" sc="253,-5,281,20,292,-5,174,-10" owari="248,-15.0,301,40.0,287,9.0,164,-34.0" /></mjloggm>