<mjloggm ver="2.3"><GO type="41" lobby="0"/><UN n0="%6E%6F%64%6F%6B%61%27" n1="%2D%2D%E8%BB%8D%E9%B6%8F%2D%2D" n2="%E7%A2%A7%E9%A2%A8" n3="%E5%B0%B1%E6%B4%BB%E7%94%9F%40%E5%B7%9D%E6%9D%91%E8%BB%8D%E5%9B%A3" dan="14,13,13,15" rate="1939.45,1957.83,1893.20,1979.68" sx="M,M,M,M"/><TAIKYOKU oya="0"/><INIT seed="0,0,0,3,5,45" ten="250,250,250,250" oya="0" hai0="24,95,120,109,93,37,86,108,125,55,16,88,122" hai1="12,72,117,116,104,87,1,75,106,118,58,119,130" hai2="53,113,135,128,48,62,3,124,91,43,41,64,26" hai3="68,35,9,77,127,107,10,56,40,2,8,132,97"/><T123/><D37/><U17/><E1/><V105/><F3/><W42/><G68/><T13/><D24/><U60/><E130/><V11/><F105/><W90/><G2/><T126/><D55/><U84/><E106/><V89/><F113/><W32/><G77/><T69/><D69/><U102/><E102/><V74/><F74/><W39/><G127/><T23/><REACH who="0" step="1"/><D95/><REACH who="0" ten="240,250,250,250" step="2"/><U6/><E116/><V65/><F26/><W20/><G39/><T27/><D27/><U28/><E119/><V92/><F128/><W85/><G42/><T15/><D15/><U54/><E118/><V30/><F135/><W21/><G40/><T83/><D83/><U82/><E117/><V115/><F115/><W134/><G134/><T63/><D63/><U46/><E82/><V33/><F62/><W131/><G132/><T78/><D78/><U80/><E80/><V76/><F76/><W34/><G131/><T111/><AGARI ba="0,1" hai="13,16,23,86,88,93,108,109,111,120,122,123,125,126" machi="111" ten="40,18000,2" yaku="1,1,0,1,14,1,10,1,54,2,53,0" doraHai="45" doraHaiUra="98" who="0" fromWho="0" sc="240,190,250,-60,250,-60,250,-60" /><INIT seed="0,1,0,3,5,97" ten="430,190,190,190" oya="0" hai0="91,50,61,62,24,6,60,129,8,0,133,116,14" hai1="75,132,9,119,69,45,126,16,47,125,29,1,92" hai2="57,113,72,2,98,17,65,124,19,70,48,82,108" hai3="73,37,109,89,64,33,11,118,66,103,79,3,106"/><T105/><D116/><U111/><E75/><V127/><F2/><W53/><G118/><T114/><D114/><U40/><E69/><V12/><F113/><W21/><G33/><T39/><D39/><U26/><E119/><V36/><F36/><W27/><G37/><T31/><D129/><U78/><E78/><V59/><F70/><W55/><G109/><T93/><D133/><U56/><E111/><V84/><F72/><W110/><G110/><T43/><D0/><U22/><E132/><V35/><F35/><W135/><G135/><T44/><D105/><U115/><E115/><V68/><F68/><W54/><G89/><T38/><D38/><U4/><E40/><V122/><F122/><W28/><G73/><T112/><D112/><U104/><E104/><V18/><F98/><W49/><G79/><T123/><D123/><U32/><E56/><V80/><F108/><W13/><G3/><T77/><D77/><U90/><E125/><N who="2" m="48203" /><F12/><W86/><G86/><T67/><D67/><N who="3" m="25641" /><G103/><T81/><D81/><U130/><E130/><V25/><F84/><W100/><G100/><T128/><D128/><U102/><E102/><V107/><F107/><W23/><G23/><N who="0" m="15775" /><D62/><U41/><E41/><V7/><F82/><W83/><G83/><T131/><D131/><U96/><E126/><V87/><F87/><AGARI ba="1,0" hai="6,8,14,43,44,50,60,61,87,91,93" m="15775" machi="87" ten="30,1500,0" yaku="8,1" doraHai="97" who="0" fromWho="2" sc="430,18,190,0,190,-18,190,0" /><INIT seed="0,2,0,3,4,96" ten="448,190,172,190" oya="0" hai0="59,61,87,54,83,52,9,40,63,8,2,90,46" hai1="31,77,27,110,21,112,132,4,74,122,101,48,108" hai2="25,33,78,121,53,16,20,37,93,97,67,34,17" hai3="134,23,105,35,131,11,117,47,106,123,130,85,29"/><T56/><REACH who="0" step="1"/><D2/><REACH who="0" ten="438,190,172,190" step="2"/><U104/><E4/><V129/><F121/><W109/><G123/><T44/><D44/><U51/><E122/><V98/><F129/><W58/><G47/><T32/><D32/><U28/><E112/><V107/><F37/><AGARI ba="2,1" hai="8,9,37,40,46,52,54,56,59,61,63,83,87,90" machi="37" ten="30,18000,2" yaku="21,2,7,1,9,1,54,1,53,1" doraHai="96" doraHaiUra="38" who="0" fromWho="2" sc="438,196,190,0,172,-186,190,0" owari="634,73.0,190,-1.0,-14,-51.0,190,-21.0" /></mjloggm>