<mjloggm ver="2.3"><GO type="41" lobby="0"/><UN n0="%73%68%65%6E%72%6F%6E%33" n1="%E3%82%A6%E3%83%AB%E3%83%88%E3%83%A9%E7%AB%8B%E7%9B%B4" n2="%66%69%72%69%70%69%6E" n3="%E3%80%8E%E3%83%8E%E3%83%A9%E3%80%8F" dan="13,15,13,13" rate="1875.60,1995.38,1958.11,1884.49" sx="M,M,M,M"/><TAIKYOKU oya="0"/><INIT seed="0,0,0,4,2,36" ten="250,250,250,250" oya="0" hai0="124,99,128,31,20,21,76,97,72,7,51,69,81" hai1="38,8,117,70,66,112,87,92,39,79,122,123,35" hai2="113,4,130,88,22,5,53,86,133,33,6,43,48" hai3="131,91,78,105,0,37,28,2,104,64,23,126,115"/><T85/><D69/><U9/><E92/><V17/><F33/><W46/><G115/><T3/><D128/><U56/><E56/><V110/><F113/><W25/><G78/><T75/><D124/><U30/><E66/><V108/><F130/><W11/><G131/><T52/><D21/><U116/><E87/><V42/><F133/><W121/><G126/><T73/><D3/><U10/><E79/><V120/><F120/><W90/><G121/><T34/><D34/><U125/><E10/><V60/><F60/><W80/><G64/><T62/><D62/><U19/><E19/><V96/><F96/><W98/><G37/><T50/><D50/><U106/><E30/><V58/><F110/><W55/><G0/><T134/><D134/><U109/><E35/><V71/><F71/><W14/><G2/><T103/><D103/><U74/><E70/><V26/><F108/><W13/><G104/><T44/><REACH who="0" step="1"/><D7/><REACH who="0" ten="240,250,250,250" step="2"/><U27/><E125/><V63/><F63/><W61/><G61/><T132/><D132/><U1/><E1/><V101/><F101/><W82/><G14/><T111/><D111/><U127/><E109/><V94/><AGARI ba="0,1" hai="4,5,6,17,22,26,42,43,48,53,58,86,88,94" machi="94" ten="30,8000,1" yaku="0,1,8,1,52,2,54,1" doraHai="36" who="2" fromWho="2" sc="240,-40,250,-20,250,90,250,-20" /><INIT seed="1,0,0,3,4,119" ten="200,230,340,230" oya="1" hai0="4,37,16,118,67,10,83,55,89,92,51,98,132" hai1="58,129,31,86,74,133,46,11,2,79,25,36,1" hai2="99,32,62,14,102,106,107,38,104,50,9,68,123" hai3="128,126,84,57,40,120,91,95,124,52,122,12,85"/><U111/><E86/><V6/><F38/><W49/><G40/><T61/><D37/><U103/><E58/><V63/><F123/><W24/><G128/><T71/><D118/><U69/><E129/><V117/><F117/><W127/><G24/><T33/><D33/><U54/><E54/><V48/><F63/><W134/><G134/><T39/><D132/><U53/><E53/><V64/><F48/><W131/><G131/><T90/><D39/><U5/><E103/><V27/><F50/><W15/><REACH who="3" step="1"/><G85/><REACH who="3" ten="200,230,340,220" step="2"/><T20/><D83/><N who="1" m="45559" /><E133/><V116/><F116/><W43/><G43/><T105/><D105/><U121/><E111/><V19/><F107/><W100/><G100/><T7/><D98/><U75/><E75/><V115/><F106/><W18/><G18/><T45/><D92/><U80/><E80/><V44/><F19/><W3/><G3/><T56/><D89/><U66/><E2/><V60/><F102/><W110/><G110/><T93/><D93/><U125/><E125/><V113/><F104/><W23/><G23/><T0/><D90/><U34/><E121/><AGARI ba="0,1" hai="12,15,49,52,57,84,91,95,120,121,122,124,126,127" machi="121" ten="50,12000,2" yaku="1,1,18,1,52,3,54,1,53,1" doraHai="119" doraHaiUra="87" who="3" fromWho="1" sc="200,0,230,-120,340,0,220,130" /><INIT seed="2,0,0,5,0,126" ten="200,110,340,350" oya="2" hai0="78,65,119,99,69,75,16,118,37,90,4,68,101" hai1="48,74,6,19,3,105,12,116,82,10,24,91,128" hai2="46,92,26,38,129,23,94,72,121,22,45,71,47" hai3="89,7,28,55,133,83,54,131,35,77,5,49,14"/><V117/><F38/><W44/><G133/><T56/><D37/><U113/><E105/><V134/><F117/><N who="0" m="44554" /><D4/><U84/><E116/><V64/><F121/><W21/><G35/><T50/><D75/><U124/><E113/><V114/><F114/><W87/><G28/><T32/><D32/><U33/><E124/><V122/><F122/><W41/><G131/><T70/><D78/><U108/><E108/><V63/><F72/><W60/><G60/><N who="0" m="38023" /><D90/><U125/><E125/><V76/><F76/><W53/><G89/><T111/><D111/><U107/><E107/><V109/><F109/><W130/><G130/><T15/><D50/><U1/><E74/><V88/><F129/><W97/><G97/><T59/><D59/><U79/><E128/><V85/><F134/><W100/><G100/><T135/><D135/><U95/><E48/><V17/><F47/><W98/><G98/><T96/><D96/><U27/><E3/><V66/><F66/><W80/><G80/><T36/><D36/><U18/><E33/><V93/><F93/><W39/><G39/><T30/><D30/><U20/><REACH who="1" step="1"/><E19/><AGARI ba="0,0" hai="5,7,14,19,21,41,44,49,53,54,55,77,83,87" machi="19" ten="40,1300,0" yaku="8,1" doraHai="126" who="3" fromWho="1" sc="200,0,110,-13,340,0,350,13" /><INIT seed="3,0,0,4,3,59" ten="200,97,340,363" oya="3" hai0="121,81,68,0,127,67,129,15,34,25,36,124,62" hai1="9,78,51,84,5,85,63,100,31,92,40,118,73" hai2="10,26,52,17,114,38,35,116,64,30,132,42,1" hai3="89,120,117,101,13,122,102,133,91,107,23,82,16"/><W96/><G117/><T37/><D121/><U24/><E118/><V18/><F116/><W4/><G133/><T95/><D0/><U75/><E73/><V7/><F64/><W29/><G102/><T108/><D108/><U110/><E75/><V65/><F65/><W8/><G29/><N who="0" m="19759" /><D15/><U135/><E110/><V61/><F114/><W71/><G71/><T53/><D81/><U87/><E135/><V70/><F70/><W19/><G19/><T97/><D53/><U74/><E74/><V106/><F106/><W98/><G96/><T57/><D129/><U86/><N who="1" m="22016" /><DORA hai="20" /><U48/><E78/><V69/><F69/><W12/><REACH who="3" step="1"/><G82/><REACH who="3" ten="200,97,340,353" step="2"/><T79/><D68/><U125/><E100/><V72/><F132/><W104/><G104/><T45/><D45/><U76/><E92/><V21/><F72/><W93/><G93/><T111/><D111/><U115/><E115/><V99/><F99/><W128/><G128/><T88/><D79/><U2/><E76/><V134/><F134/><W6/><G6/><T43/><D43/><U46/><E125/><AGARI ba="0,1" hai="36,37,57,62,67,88,95,97,124,125,127" m="19759" machi="125" ten="30,7700,0" yaku="18,1,52,2,54,1" doraHai="59,20" who="0" fromWho="1" sc="200,87,97,-77,340,0,353,0" /><INIT seed="4,0,0,1,2,84" ten="287,20,340,353" oya="0" hai0="108,58,62,15,89,43,98,24,44,45,78,123,86" hai1="126,101,72,134,92,68,42,23,30,33,104,5,73" hai2="90,67,10,121,27,54,55,3,112,88,48,74,21" hai3="66,35,114,31,57,133,103,127,8,2,85,75,102"/><T34/><D123/><U129/><E23/><V59/><F74/><W14/><G75/><T71/><D71/><U4/><E30/><V9/><F121/><W76/><G2/><T20/><D108/><U65/><E42/><V11/><F3/><W0/><G0/><T106/><D34/><U19/><E65/><V81/><F67/><W97/><G35/><T111/><D111/><U135/><E92/><V70/><F81/><N who="3" m="47271" /><G114/><T61/><D15/><U6/><E101/><V50/><F70/><W105/><G31/><N who="0" m="17799" /><D106/><U60/><E60/><N who="0" m="23145" /><D43/><U94/><E94/><V32/><F32/><W95/><G127/><T26/><D26/><U87/><E87/><V40/><F40/><W117/><G133/><N who="1" m="50698" /><E104/><V93/><F93/><W128/><G117/><T29/><D29/><U13/><E68/><V1/><F1/><W124/><G128/><T51/><D98/><U113/><E72/><V52/><F112/><W122/><G124/><T41/><D78/><U80/><E73/><V115/><F115/><W130/><G130/><T25/><D25/><U69/><E69/><V36/><F36/><W28/><G28/><T17/><D17/><U53/><E129/><V38/><F38/><W16/><G122/><T118/><D118/><U100/><E113/><V7/><F27/><W91/><G105/><T56/><D45/><U107/><E33/><V131/><F131/><W49/><G66/><T125/><D125/><U39/><E39/><V18/><F18/><W79/><G79/><T12/><D12/><U116/><E116/><V37/><F37/><W47/><G103/><T82/><AGARI ba="0,0" hai="41,44,51,56,58,82,86,89" m="23145,17799" machi="82" ten="30,6000,0" yaku="5,1,8,1,52,1" doraHai="84" who="0" fromWho="0" sc="287,60,20,-20,340,-20,353,-20" /><INIT seed="4,1,0,3,0,52" ten="347,0,320,333" oya="0" hai0="126,112,40,10,94,122,102,132,91,97,81,92,29" hai1="19,57,123,69,82,70,34,12,119,23,44,66,79" hai2="87,54,121,77,2,80,99,128,15,4,115,38,86" hai3="118,3,95,43,111,41,53,93,100,8,127,85,107"/><T17/><D122/><U117/><E34/><V131/><F2/><W63/><G111/><T83/><D112/><U104/><E104/><V48/><F38/><W25/><G118/><T135/><D29/><U1/><E1/><V114/><F4/><W134/><G107/><T78/><D40/><N who="3" m="15433" /><G3/><T6/><D17/><U98/><E123/><V130/><F15/><W37/><G37/><T133/><D126/><U50/><E69/><V71/><F71/><W64/><G64/><T18/><D18/><U88/><E70/><V22/><F22/><W59/><G127/><T45/><D45/><U13/><E117/><V39/><F39/><W31/><G134/><T67/><D67/><U72/><E119/><V125/><F125/><W46/><G8/><T32/><D32/><U61/><E98/><V21/><F21/><N who="3" m="15791" /><G85/><N who="0" m="52335" /><D78/><U55/><E88/><V103/><F121/><W28/><G28/><T36/><D36/><U0/><E0/><AGARI ba="1,0" hai="0,6,10,81,83,94,97,102,132,133,135" m="52335" machi="0" ten="30,1500,0" yaku="20,1" doraHai="52" who="0" fromWho="1" sc="347,18,0,-18,320,0,333,0" owari="365,47.0,-18,-52.0,320,-8.0,333,13.0" /></mjloggm>