<mjloggm ver="2.3"><GO type="169" lobby="0"/><UN n0="%79%61%62%61%69" n1="%E3%83%98%E3%82%AF%E3%82%B5%E3%83%BC" n2="%E3%83%A8%E3%82%B3%E3%83%A8%E3%82%B3" n3="%E3%82%A6%E3%83%AB%E3%83%88%E3%83%A9%E7%AB%8B%E7%9B%B4" dan="17,19,16,16" rate="2200.70,2285.19,2152.56,2108.97" sx="M,M,M,M"/><TAIKYOKU oya="0"/><INIT seed="0,0,0,0,0,99" ten="250,250,250,250" oya="0" hai0="101,56,53,116,107,8,69,57,108,75,110,90,102" hai1="54,96,58,21,88,23,79,2,32,17,128,81,134" hai2="27,63,86,37,12,0,52,41,114,55,124,20,89" hai3="18,40,29,113,78,50,72,126,104,49,16,64,123"/><T112/><D112/><U13/><E32/><V70/><F0/><W115/><G104/><T43/><D69/><U87/><E128/><V6/><F114/><W42/><G78/><T15/><D116/><U30/><E134/><V68/><F124/><W105/><G105/><T71/><D71/><U94/><E2/><V45/><F68/><W28/><G72/><T25/><D107/><U97/><E30/><V26/><F70/><W109/><G109/><N who="0" m="42091" /><D75/><U92/><E23/><V76/><F76/><W39/><G39/><T129/><D43/><U34/><E34/><V60/><F63/><W73/><G73/><T82/><D25/><U91/><E94/><V74/><F74/><W10/><G123/><T111/><D111/><U38/><E38/><V7/><F26/><W119/><G119/><T47/><D47/><U121/><E121/><V3/><F3/><W100/><G126/><T5/><D129/><U117/><E117/><V46/><F45/><W9/><REACH who="3" step="1"/><G64/><REACH who="3" ten="250,250,250,240" step="2"/><T19/><D57/><U31/><E31/><V62/><F46/><W59/><G59/><T61/><D5/><U80/><E79/><V83/><F6/><W67/><G67/><T35/><D35/><U122/><E122/><V65/><F7/><W84/><G84/><AGARI ba="0,1" hai="8,15,19,53,56,61,82,84,90,101,102" m="42091" machi="84" ten="30,11600,0" yaku="14,1,10,1,52,2" doraHai="99" who="0" fromWho="3" sc="250,126,250,0,250,0,240,-116" /><INIT seed="0,1,0,2,1,122" ten="376,250,250,124" oya="0" hai0="4,112,67,33,24,85,12,44,81,91,105,34,9" hai1="116,124,102,110,22,126,94,113,60,0,47,63,119" hai2="75,55,104,133,28,103,53,21,39,76,23,48,78" hai3="100,40,127,56,37,16,42,80,54,51,26,125,92"/><T115/><D105/><U27/><E0/><V50/><F133/><W49/><G80/><T59/><D44/><U98/><E113/><V66/><F39/><W134/><G100/><T18/><D34/><U11/><E110/><V71/><F103/><W120/><G92/><T70/><D70/><U46/><E11/><V129/><F104/><W121/><G26/><T82/><D82/><U86/><E86/><V123/><F123/><N who="3" m="47179" /><G16/><T132/><D132/><U17/><E47/><V20/><F129/><W130/><G134/><T93/><D67/><U2/><E46/><V108/><F108/><W41/><G130/><T101/><D59/><U3/><E3/><V118/><F118/><N who="1" m="45097" /><E2/><V109/><F109/><W106/><G106/><T65/><D65/><U131/><E131/><V73/><F66/><W117/><G117/><T10/><D101/><U114/><E114/><V45/><F71/><W74/><G74/><T95/><D115/><U69/><E69/><V84/><F84/><W1/><G1/><T111/><D112/><U8/><E8/><V61/><F61/><N who="3" m="35991" /><G37/><T87/><D10/><U31/><E17/><V32/><F32/><W29/><G29/><N who="0" m="19623" /><D18/><U83/><E83/><V90/><F28/><W79/><G79/><N who="0" m="46271" /><D95/><U5/><E5/><V14/><F73/><W52/><G49/><T13/><D13/><U128/><E128/><V35/><F14/><W57/><AGARI ba="1,0" hai="40,41,42,51,52,57,125,127" m="35991,47179" machi="57" ten="40,8000,1" yaku="13,1,34,2,54,1" doraHai="122" who="3" fromWho="3" sc="376,-41,250,-21,250,-21,124,83" /><INIT seed="1,0,0,0,3,8" ten="335,229,229,207" oya="1" hai0="67,107,78,4,13,95,126,40,120,2,88,17,35" hai1="77,121,24,119,18,68,63,89,15,85,93,28,103" hai2="66,114,44,70,127,101,130,31,61,112,55,32,26" hai3="47,90,134,59,108,33,74,56,106,39,58,62,81"/><U97/><E119/><V105/><F127/><W79/><G106/><T100/><D35/><U129/><E121/><V37/><F130/><W27/><G108/><T98/><D120/><U51/><E129/><V75/><F55/><W91/><G134/><T48/><D78/><U7/><E7/><V11/><F11/><W118/><G118/><T14/><D67/><U46/><E77/><V34/><F32/><W64/><G39/><T49/><D2/><U131/><E131/><V87/><F87/><W104/><G104/><T5/><D126/><U132/><E132/><V16/><F16/><W92/><G47/><N who="0" m="25703" /><D107/><U117/><E117/><V133/><F133/><W12/><G27/><T6/><D100/><U123/><E123/><V65/><F66/><W76/><G33/><T124/><D124/><U102/><E68/><V43/><REACH who="2" step="1"/><F75/><REACH who="2" ten="335,229,219,207" step="2"/><W38/><G74/><T113/><D113/><U0/><E85/><V69/><F69/><W29/><G64/><T83/><D83/><U135/><E135/><V122/><F122/><W22/><G81/><T1/><D1/><U109/><E0/><V21/><F21/><W36/><G22/><N who="0" m="11567" /><D49/><U9/><E63/><V57/><F57/><W42/><G58/><T41/><D41/><U111/><E51/><V23/><F23/><W52/><G42/><T3/><D3/><U19/><E46/><V116/><F116/><W45/><G59/><T115/><D115/><U50/><E50/><V80/><F80/><W99/><G45/><T30/><D30/><U54/><E54/><V84/><F84/><W72/><G29/><T86/><D86/><RYUUKYOKU ba="0,1" sc="335,15,229,-15,219,15,207,-15" hai0="4,5,6,14,88,95,98" hai2="26,31,34,37,43,44,61,65,70,101,105,112,114" /><INIT seed="2,1,1,1,0,128" ten="350,214,234,192" oya="2" hai0="55,112,75,2,120,118,63,83,65,39,32,64,51" hai1="74,13,132,126,119,12,5,45,76,50,43,21,27" hai2="29,96,69,99,100,62,37,95,105,129,8,89,127" hai3="38,116,35,28,84,22,47,86,134,90,114,41,15"/><V93/><F129/><W0/><G116/><T92/><D2/><U10/><E119/><V53/><F37/><W40/><G0/><T113/><D32/><U56/><E126/><V49/><F127/><W88/><G114/><T133/><D118/><U16/><E132/><V57/><F29/><W26/><G134/><T61/><D133/><U11/><E74/><V46/><F69/><W109/><G109/><T71/><D92/><U106/><E106/><V9/><REACH who="2" step="1"/><F105/><REACH who="2" ten="350,214,224,192" step="2"/><W107/><G107/><T110/><D39/><U31/><E76/><V122/><F122/><W85/><G38/><T97/><D120/><U125/><E125/><V19/><F19/><W42/><G35/><T48/><D71/><U91/><E91/><V101/><F101/><W33/><G33/><T77/><D113/><U25/><E31/><V78/><F78/><W30/><G30/><T7/><D112/><U104/><E104/><V102/><F102/><W124/><G124/><T58/><D77/><U18/><REACH who="1" step="1"/><E56/><REACH who="1" ten="350,204,224,192" step="2"/><V23/><F23/><N who="3" m="15455" /><G47/><T87/><D58/><U66/><E66/><AGARI ba="1,3" hai="8,9,46,49,53,57,62,66,89,93,95,96,99,100" machi="66" ten="30,5800,0" yaku="1,1,7,1,8,1,53,0" doraHai="128" doraHaiUra="72" who="2" fromWho="1" sc="350,0,204,-61,224,91,192,0" /><INIT seed="2,2,0,3,0,20" ten="350,143,315,192" oya="2" hai0="102,118,87,82,35,34,30,117,9,94,51,38,59" hai1="28,123,129,88,27,105,115,100,41,110,36,23,66" hai2="84,97,77,17,5,73,76,11,8,1,47,134,114" hai3="64,106,18,71,101,46,26,57,124,90,86,116,92"/><V72/><F114/><W81/><G116/><N who="0" m="44651" /><D38/><U53/><E115/><V109/><F134/><W67/><G71/><T127/><D30/><U19/><E110/><V37/><F109/><W83/><G106/><T91/><D9/><U79/><E129/><V12/><F97/><W133/><G133/><T43/><D127/><U4/><E123/><V52/><F84/><W42/><G124/><T61/><D43/><U58/><E79/><V89/><F89/><W125/><G125/><T65/><D51/><U78/><E78/><V135/><F135/><W60/><G67/><T108/><D108/><U122/><E122/><V31/><F31/><W112/><G112/><T113/><D113/><U95/><E66/><V126/><F126/><W69/><G69/><T49/><D49/><U55/><E4/><V104/><F104/><W13/><G101/><T130/><D130/><U132/><E132/><V29/><F29/><W119/><G119/><T10/><D10/><U14/><E105/><V62/><F37/><W33/><G33/><T24/><D24/><U80/><E100/><V3/><F1/><W25/><G46/><T63/><D63/><U107/><E107/><V93/><F93/><W75/><G42/><T121/><D121/><U6/><E80/><N who="3" m="30794" /><G75/><N who="2" m="28745" /><F47/><W54/><G64/><T40/><D102/><U22/><E6/><V56/><F77/><W48/><G60/><T32/><D82/><U96/><REACH who="1" step="1"/><E58/><REACH who="1" ten="350,133,315,192" step="2"/><V50/><F76/><W45/><G57/><T21/><D59/><U99/><E99/><V85/><F62/><W128/><G128/><T103/><D61/><U0/><E0/><RYUUKYOKU ba="2,1" sc="350,-30,133,10,315,10,192,10" hai1="14,19,22,23,27,28,36,41,53,55,88,95,96" hai2="3,5,8,11,12,17,50,52,56,85" hai3="13,18,25,26,45,48,54,86,90,92" /><INIT seed="2,3,1,5,1,121" ten="320,143,325,202" oya="2" hai0="120,30,47,45,110,131,80,118,62,5,6,16,66" hai1="4,35,31,111,78,65,82,49,59,91,18,58,98" hai2="12,87,127,105,134,112,17,28,3,57,32,102,133" hai3="95,74,90,70,42,24,108,43,129,89,15,19,56"/><V128/><F112/><W63/><G74/><T37/><D120/><U21/><E4/><V64/><F127/><W109/><G70/><T38/><D118/><U81/><E35/><V86/><F128/><W85/><G24/><T14/><D30/><U84/><E31/><V76/><F3/><W53/><G129/><T44/><D131/><U122/><E122/><V61/><F28/><W124/><G124/><T40/><D110/><N who="3" m="42601" /><G90/><T83/><D38/><U9/><E111/><V22/><F32/><W60/><G60/><T103/><D103/><U7/><E65/><V117/><F117/><W2/><G2/><T26/><D26/><U130/><E130/><V68/><F68/><W101/><G101/><T135/><D40/><U51/><E98/><N who="2" m="61655" /><F76/><W13/><G13/><T39/><D37/><U119/><E119/><V71/><F71/><W99/><G99/><T29/><D39/><U94/><E78/><V41/><F41/><W125/><G125/><T123/><D62/><U23/><E49/><V67/><F67/><W79/><G79/><T77/><D66/><U54/><E51/><V96/><F96/><W34/><G34/><T20/><D123/><U1/><E1/><V48/><F48/><W25/><G25/><T93/><D77/><U50/><E50/><V113/><F113/><W33/><G33/><T72/><D72/><U88/><E91/><V46/><F46/><W115/><G115/><T97/><D47/><U8/><E88/><V132/><AGARI ba="3,1" hai="12,17,22,57,61,64,86,87,132,133,134" m="61655" machi="132" ten="30,1500,0" yaku="20,1" doraHai="121" who="2" fromWho="2" sc="320,-8,143,-8,325,34,202,-8" /><INIT seed="2,4,0,1,2,75" ten="312,135,359,194" oya="2" hai0="12,7,51,61,72,108,34,32,22,14,129,54,127" hai1="124,89,119,98,53,35,111,76,70,74,8,120,96" hai2="112,106,55,50,47,130,131,67,118,21,87,19,18" hai3="83,109,24,57,121,101,94,5,114,102,58,17,49"/><V104/><F118/><W36/><G36/><T128/><D108/><U85/><E35/><V44/><F112/><W69/><G69/><T29/><D127/><U43/><E70/><V13/><F67/><W103/><G121/><T4/><D72/><U113/><E119/><V88/><F44/><W92/><G109/><T52/><D61/><U9/><E111/><V20/><F130/><N who="0" m="50282" /><D54/><U56/><E120/><V86/><F131/><W23/><G114/><T81/><D81/><U48/><E113/><V95/><REACH who="2" step="1"/><F86/><REACH who="2" ten="312,135,349,194" step="2"/><W30/><G58/><T71/><D71/><U99/><E124/><V63/><F63/><W6/><G57/><T117/><D117/><U15/><E74/><V40/><F40/><W135/><G49/><T77/><D51/><U78/><E43/><V97/><F97/><W123/><G123/><T1/><D52/><U41/><E41/><V126/><F126/><W33/><G135/><T125/><D125/><U66/><E66/><V84/><F84/><W73/><G73/><T122/><D122/><U62/><E62/><V80/><F80/><W64/><G64/><T79/><D1/><U31/><E85/><V27/><AGARI ba="4,1" hai="13,18,19,20,21,27,47,50,55,87,88,95,104,106" machi="27" ten="20,7800,0" yaku="1,1,0,1,7,1,54,1,53,0" doraHai="75" doraHaiUra="38" who="2" fromWho="2" sc="312,-30,135,-30,349,100,194,-30" /><INIT seed="2,5,0,4,3,59" ten="282,105,449,164" oya="2" hai0="72,56,33,117,110,52,47,14,60,37,50,57,98" hai1="43,122,112,100,83,23,44,79,6,76,61,69,20" hai2="63,0,108,114,30,41,80,73,96,16,19,51,125" hai3="78,119,75,116,28,29,84,129,67,10,58,77,36"/><V88/><F114/><W123/><G36/><T8/><D72/><U103/><E112/><V120/><F120/><W25/><G29/><T133/><D33/><U49/><E122/><V105/><F0/><W82/><G123/><T17/><D117/><U4/><E23/><V87/><F125/><W18/><G129/><T113/><D113/><U71/><E20/><V94/><F108/><W7/><G18/><T11/><D110/><U92/><E79/><N who="2" m="44143" /><F30/><W31/><G31/><T62/><D37/><U111/><E111/><V64/><F51/><W46/><G46/><T2/><D133/><U106/><E106/><V118/><F41/><W126/><G126/><T53/><D98/><U1/><E92/><V127/><F118/><W97/><G97/><T70/><D70/><U135/><E135/><V131/><F131/><W32/><G75/><T99/><D99/><U90/><E90/><V93/><F93/><W22/><G22/><N who="0" m="11575" /><D2/><U34/><E34/><V115/><F115/><W85/><G85/><T74/><D74/><U9/><E4/><V5/><F5/><W54/><G67/><AGARI ba="5,0" hai="8,11,47,50,52,53,56,57,60,62,67" m="11575" machi="67" ten="30,7700,0" yaku="8,1,52,2,54,1" doraHai="59" who="0" fromWho="3" sc="282,92,105,0,449,0,164,-92" /><INIT seed="3,0,0,1,3,28" ten="374,105,449,72" oya="3" hai0="43,96,54,101,132,92,37,93,50,67,73,79,66" hai1="76,40,31,94,0,58,125,9,100,98,81,64,68" hai2="14,91,56,61,18,39,2,55,8,128,25,126,11" hai3="119,71,112,115,108,122,111,23,35,7,6,69,65"/><W46/><G65/><T78/><D132/><U117/><E125/><V88/><F128/><W36/><G23/><T103/><D43/><U86/><E117/><V29/><F126/><W49/><G36/><T99/><D37/><U116/><E116/><V45/><F2/><W110/><G119/><T12/><D12/><U22/><E68/><N who="3" m="26186" /><G122/><T60/><D73/><U72/><E40/><V30/><F30/><W20/><G20/><T124/><D124/><U21/><E0/><V10/><F39/><W121/><G121/><T130/><D130/><U135/><E135/><V129/><F129/><W42/><G35/><T5/><D5/><AGARI ba="0,0" hai="5,6,7,42,46,49,108,110,111,112,115" m="26186" machi="5" ten="40,3900,0" yaku="14,1,10,1" doraHai="28" who="3" fromWho="0" sc="374,-39,105,0,449,0,72,39" /><INIT seed="3,1,0,5,5,130" ten="335,105,449,111" oya="3" hai0="76,82,111,18,90,110,94,40,131,71,121,0,77" hai1="108,85,127,35,39,48,70,81,45,43,129,16,97" hai2="124,49,117,65,50,9,86,59,26,105,120,36,95" hai3="119,52,30,128,104,69,72,118,2,75,98,115,32"/><W106/><G52/><T15/><D0/><U13/><E129/><V135/><F124/><W61/><G128/><T79/><D71/><U23/><E127/><V91/><F105/><N who="3" m="40555" /><G98/><N who="0" m="57687" /><D40/><U62/><E108/><N who="0" m="41513" /><D121/><U37/><E35/><V64/><F117/><N who="3" m="44555" /><G2/><T19/><D131/><U53/><E97/><V84/><F120/><W122/><G122/><T21/><D19/><U4/><E4/><V31/><F36/><W113/><G30/><T112/><D112/><N who="3" m="43081" /><G32/><T28/><D28/><U125/><E125/><V88/><F64/><AGARI ba="1,0" hai="61,64,69,72,75" m="43081,44555,40555" machi="64" ten="40,2000,0" yaku="23,1" doraHai="130" who="3" fromWho="2" sc="335,0,105,0,449,-23,111,23" /><INIT seed="3,2,0,5,1,63" ten="335,105,426,134" oya="3" hai0="102,46,60,61,56,52,38,115,125,92,50,32,19" hai1="90,39,66,23,40,11,3,33,110,131,84,4,45" hai2="70,117,133,128,83,7,71,64,0,126,65,95,130" hai3="44,97,5,31,26,69,82,88,98,58,96,116,103"/><W57/><G69/><N who="2" m="26121" /><F117/><W55/><G116/><T10/><D32/><U79/><E110/><V62/><F62/><W108/><G108/><T68/><D125/><U28/><E131/><N who="2" m="50219" /><F126/><W119/><G119/><T29/><D29/><U1/><E33/><V124/><F124/><W9/><G44/><T93/><D102/><U47/><E1/><V73/><F133/><W78/><G103/><T13/><D61/><U87/><E79/><N who="2" m="44527" /><F95/><W74/><G55/><T75/><D75/><U112/><E112/><V91/><F91/><W30/><G88/><T104/><D115/><U34/><E34/><V118/><F118/><W53/><G53/><T111/><D111/><U135/><E135/><V18/><F18/><W24/><G31/><T121/><D104/><U107/><E107/><V43/><F43/><W20/><REACH who="3" step="1"/><G26/><REACH who="3" ten="335,105,426,124" step="2"/><T14/><D46/><U72/><E47/><V22/><F22/><W99/><N who="3" m="24576" /><DORA hai="21" /><W101/><G101/><T6/><D52/><U120/><E28/><V106/><F106/><W15/><AGARI ba="2,1" hai="5,9,15,20,24,30,57,58,74,78,82" m="24576" machi="15" ten="40,7800,0" yaku="1,1,0,1,52,1,53,0" doraHai="63,21" doraHaiUra="86,132" who="3" fromWho="3" sc="335,-28,105,-28,426,-28,124,94" /><INIT seed="3,3,0,0,0,87" ten="307,77,398,218" oya="3" hai0="105,73,20,2,88,124,31,61,91,66,49,51,108" hai1="79,67,86,6,123,22,63,42,111,62,100,75,113" hai2="106,50,58,14,128,125,69,96,131,45,55,41,9" hai3="85,17,38,26,76,12,92,32,130,44,83,129,102"/><W94/><G32/><T119/><D119/><U133/><E113/><V77/><F125/><W59/><G26/><N who="0" m="16839" /><D73/><U30/><E123/><V116/><F116/><W134/><G134/><T71/><D71/><U132/><E111/><V84/><F69/><W29/><G29/><T10/><D2/><U27/><E75/><V40/><F106/><W121/><G121/><T3/><D3/><U23/><E6/><V82/><F96/><W11/><G59/><N who="0" m="37183" /><D105/><U109/><E109/><V48/><REACH who="2" step="1"/><F40/><REACH who="2" ten="307,77,388,218" step="2"/><N who="3" m="22551" /><G102/><T81/><D108/><U60/><E42/><V93/><F93/><W1/><G1/><T13/><D124/><U89/><E100/><V37/><F37/><W135/><G135/><T126/><D126/><U98/><E133/><V46/><F46/><W35/><G35/><T25/><D81/><N who="1" m="47423" /><E132/><V80/><F80/><W16/><G94/><T39/><D39/><U78/><E98/><V72/><F72/><W34/><G92/><T7/><D25/><U127/><E127/><V107/><F107/><W115/><G34/><T70/><D70/><U112/><E27/><V118/><F118/><W110/><G115/><T104/><D104/><U43/><E112/><V117/><F117/><W68/><G68/><T53/><D51/><U95/><E95/><V122/><F122/><W18/><G110/><T36/><D36/><U64/><E64/><V65/><F65/><W0/><G0/><T19/><D49/><U120/><E120/><V33/><F33/><W21/><G21/><T4/><D53/><U47/><E67/><V90/><F90/><AGARI ba="3,1" hai="4,7,10,13,19,88,90,91" m="37183,16839" machi="90" ten="30,8000,1" yaku="8,1,52,3,54,1" doraHai="87" who="0" fromWho="2" sc="307,99,77,0,388,-89,218,0" /><INIT seed="4,0,0,2,3,89" ten="406,77,299,218" oya="0" hai0="73,103,27,17,90,133,127,102,8,124,64,110,105" hai1="100,42,15,135,52,70,4,5,106,82,40,3,1" hai2="86,24,11,21,85,7,56,38,108,35,26,18,92" hai3="94,13,80,65,43,16,75,10,20,134,6,118,57"/><T62/><D73/><U116/><E116/><V81/><F108/><W123/><G118/><T55/><D110/><U25/><E70/><V63/><F38/><W66/><G134/><T44/><D133/><U87/><E135/><V45/><F45/><W77/><G123/><T39/><D105/><U51/><E106/><V32/><F24/><W117/><G117/><T22/><D39/><U47/><E100/><V31/><F18/><W41/><G65/><T113/><D113/><U128/><E128/><V101/><F85/><W67/><G67/><T99/><D8/><U120/><E120/><V54/><F101/><W115/><G115/><T104/><D102/><U83/><E25/><V78/><REACH who="2" step="1"/><F92/><REACH who="2" ten="406,77,289,218" step="2"/><W53/><G94/><T48/><REACH who="0" step="1"/><D90/><REACH who="0" ten="396,77,289,218" step="2"/><U76/><E83/><V71/><F71/><AGARI ba="0,2" hai="17,22,27,44,48,55,62,64,71,99,103,104,124,127" machi="71" ten="40,7700,0" yaku="1,1,2,1,53,1" doraHai="89" doraHaiUra="60" who="0" fromWho="2" sc="396,97,77,0,289,-77,218,0" /><INIT seed="4,1,0,5,0,35" ten="493,77,212,218" oya="0" hai0="61,27,119,100,116,105,98,1,46,52,16,0,43" hai1="20,45,14,83,42,18,86,25,121,123,81,40,120" hai2="51,114,74,13,37,129,6,72,97,106,59,22,82" hai3="88,115,78,7,71,31,19,107,113,134,47,10,92"/><T21/><BYE who="2" /><D119/><U41/><E45/><V48/><F48/><W26/><G107/><UN n2="%E3%83%A8%E3%82%B3%E3%83%A8%E3%82%B3" /><T29/><D116/><U4/><E4/><V65/><F37/><W93/><G71/><T57/><REACH who="0" step="1"/><D29/><REACH who="0" ten="483,77,212,218" step="2"/><U101/><E101/><V133/><F129/><W91/><G31/><T80/><D80/><U8/><REACH who="1" step="1"/><E86/><REACH who="1" ten="483,67,212,218" step="2"/><V69/><F72/><W122/><G122/><T112/><D112/><U95/><E95/><V109/><F74/><W50/><G93/><T77/><D77/><U124/><E124/><V3/><F114/><W135/><G78/><T130/><D130/><U102/><E102/><V131/><F106/><W64/><G92/><T108/><D108/><U60/><E60/><V104/><F131/><W66/><G115/><T2/><D2/><U55/><E55/><V110/><F3/><W128/><G113/><T73/><D73/><U36/><E36/><AGARI ba="1,2" hai="0,1,16,21,27,36,43,46,52,57,61,98,100,105" machi="36" ten="30,18000,2" yaku="1,1,7,1,52,2,54,2,53,0" doraHai="35" doraHaiUra="127" who="0" fromWho="1" sc="483,203,67,-183,212,0,218,0" owari="686,79.0,-116,-62.0,212,-19.0,218,2.0" /></mjloggm>