<mjloggm ver="2.3"><GO type="97" lobby="0"/><UN n0="%4E%49%73%73" n1="%70%75%6B%6B%61" n2="%43%56%3A%E6%82%A0%E6%9C%A8%E7%A2%A7" n3="%E5%B0%B1%E6%B4%BB%E7%94%9F%40%E5%B7%9D%E6%9D%91%E8%BB%8D%E5%9B%A3" dan="14,15,14,14" rate="2008.91,1927.56,1928.31,1974.96" sx="M,M,F,M"/><TAIKYOKU oya="0"/><INIT seed="0,0,0,0,3,135" ten="250,250,250,250" oya="0" hai0="68,77,110,27,0,56,28,72,1,11,101,109,55" hai1="6,64,26,74,8,84,3,14,121,2,76,50,125" hai2="102,36,115,70,46,52,42,92,88,71,51,80,105" hai3="87,107,104,29,93,60,10,32,18,66,44,100,62"/><T82/><D68/><U89/><E121/><V122/><F115/><W119/><G119/><T7/><D101/><U12/><E2/><V16/><F80/><W53/><G32/><T21/><REACH who="0" step="1"/><D1/><REACH who="0" ten="240,250,250,250" step="2"/><U45/><E3/><V49/><F122/><W20/><G100/><T35/><D35/><U126/><E74/><V123/><F123/><W106/><G107/><T103/><D103/><U91/><E76/><V114/><F102/><W59/><G106/><T129/><D129/><U98/><E89/><V5/><F105/><W83/><G104/><T69/><D69/><U33/><E98/><V133/><F114/><W30/><G93/><T19/><D19/><U31/><E14/><V85/><F5/><W112/><G112/><T96/><D96/><U90/><E64/><V17/><F133/><W128/><G128/><T132/><D132/><U9/><E90/><V65/><F71/><W22/><G30/><T4/><D4/><U58/><E91/><V13/><F65/><W94/><G29/><T15/><D15/><U34/><E34/><V117/><F70/><W111/><G94/><T67/><D67/><U95/><E95/><V130/><F130/><W75/><G66/><T79/><D79/><U120/><E120/><V37/><F117/><W25/><G18/><T116/><D116/><U40/><E12/><V41/><F17/><W24/><G75/><T127/><D127/><N who="1" m="48651" /><E6/><V48/><F41/><W118/><G118/><T81/><D81/><U73/><E73/><V78/><F78/><W124/><G83/><T113/><D113/><U43/><E33/><V23/><F42/><RYUUKYOKU ba="0,1" sc="240,15,250,-15,250,15,250,-15" hai0="0,7,11,21,27,28,55,56,72,77,82,109,110" hai2="13,16,23,36,37,46,48,49,51,52,85,88,92" /><INIT seed="0,1,1,5,3,31" ten="255,235,265,235" oya="0" hai0="128,44,58,76,12,9,99,121,72,62,115,87,126" hai1="27,82,52,36,96,5,42,17,53,101,83,119,88" hai2="22,70,112,7,85,21,47,56,6,125,48,10,116" hai3="24,133,81,23,8,28,54,94,65,100,111,33,50"/><T18/><D115/><U109/><E109/><V57/><F70/><W118/><G111/><T110/><D121/><U11/><E119/><V84/><F125/><W60/><G118/><T45/><D110/><U106/><E36/><V93/><F112/><W122/><G122/><T3/><D128/><U41/><E41/><N who="2" m="24687" /><F116/><W86/><G133/><T114/><D114/><U120/><E42/><V117/><F117/><W108/><G108/><T64/><D126/><U1/><E120/><V26/><F22/><W98/><G8/><T107/><D72/><U35/><E17/><N who="2" m="12591" /><F93/><W61/><G33/><T46/><D3/><U29/><REACH who="1" step="1"/><E83/><REACH who="1" ten="255,225,265,235" step="2"/><V15/><F6/><W79/><REACH who="3" step="1"/><G65/><REACH who="3" ten="255,225,265,225" step="2"/><T130/><D130/><U34/><E34/><V14/><F7/><W123/><G123/><T63/><D64/><U43/><E43/><V91/><F10/><W39/><G39/><T80/><REACH who="0" step="1"/><D58/><AGARI ba="1,3" hai="23,24,28,50,54,58,60,61,79,81,86,94,98,100" machi="58" ten="30,3900,0" yaku="1,1,7,1,8,1,53,0" doraHai="31" doraHaiUra="37" who="3" fromWho="0" sc="255,-42,225,0,265,0,225,72" /><INIT seed="1,0,0,1,5,9" ten="213,225,265,297" oya="1" hai0="70,47,39,132,6,26,84,1,49,42,101,67,66" hai1="103,114,111,24,28,135,73,81,87,108,91,69,78" hai2="36,95,16,121,17,88,31,40,59,119,54,133,64" hai3="55,12,46,57,77,60,131,118,43,20,56,104,10"/><U86/><E69/><V58/><F121/><W93/><G104/><T115/><D115/><U72/><E114/><V51/><F119/><W113/><G118/><T128/><D128/><U41/><E41/><V14/><F133/><W50/><G113/><T109/><D132/><U112/><E112/><V92/><F31/><W125/><G131/><T37/><D109/><N who="1" m="42059" /><E135/><V116/><F116/><W63/><G125/><T4/><D67/><U21/><E103/><V129/><F129/><W11/><G77/><T61/><D26/><U34/><E34/><V124/><F124/><W35/><G35/><T44/><D101/><U22/><E22/><N who="2" m="11543" /><F36/><W45/><G93/><AGARI ba="0,0" hai="21,24,28,72,73,78,81,86,87,91,93" m="42059" machi="93" ten="30,2900,0" yaku="14,1,10,1" doraHai="9" who="1" fromWho="3" sc="213,0,225,29,265,0,297,-29" /><INIT seed="1,1,0,0,1,52" ten="213,254,265,268" oya="1" hai0="14,99,74,66,131,91,82,97,96,94,40,135,104" hai1="31,103,25,72,113,130,73,67,69,114,133,23,28" hai2="81,43,119,100,88,49,127,86,24,128,83,98,105" hai3="17,90,85,6,76,37,33,120,110,123,78,13,75"/><U16/><E130/><V63/><F119/><W56/><G33/><T5/><D40/><U95/><E69/><V132/><F128/><W55/><G37/><T54/><D131/><U20/><E67/><V125/><F132/><W10/><G110/><T109/><D66/><U84/><E133/><V53/><F43/><W2/><G123/><T36/><D36/><U117/><E117/><V3/><F63/><W47/><G75/><T32/><D32/><U26/><E16/><V62/><F62/><W59/><G120/><T102/><D135/><U30/><E30/><V11/><F24/><W0/><G0/><T57/><D109/><U61/><E61/><V27/><F27/><W9/><G47/><T42/><D42/><U126/><E126/><N who="2" m="48139" /><F11/><W34/><G34/><T4/><D14/><U106/><E106/><V50/><F3/><W19/><G19/><T134/><D134/><U41/><E41/><V111/><F111/><W101/><G101/><T1/><D1/><U12/><E12/><V60/><F81/><W65/><G65/><T44/><D4/><U7/><E7/><V22/><F22/><W93/><REACH who="3" step="1"/><G59/><AGARI ba="1,0" hai="49,50,53,59,60,83,86,88,98,100,105" m="48139" machi="59" ten="30,3900,0" yaku="18,1,52,1,54,1" doraHai="52" who="2" fromWho="3" sc="213,0,254,0,265,42,268,-42" /><INIT seed="2,0,0,2,3,96" ten="213,254,307,226" oya="2" hai0="59,9,13,54,90,61,35,36,87,127,8,95,34" hai1="24,129,97,27,44,132,49,43,105,37,62,56,31" hai2="130,46,48,114,112,40,22,117,110,16,5,89,125" hai3="86,42,113,45,25,116,69,26,50,29,76,126,77"/><V39/><F125/><W133/><G116/><T14/><D36/><U20/><E129/><V55/><F130/><W120/><G120/><T70/><D70/><U41/><E132/><V18/><F110/><W68/><G126/><T124/><D124/><U82/><E82/><V64/><F5/><W11/><G133/><T15/><REACH who="0" step="1"/><D127/><REACH who="0" ten="203,254,307,226" step="2"/><U80/><E37/><V106/><F39/><W21/><G113/><T57/><D57/><U65/><E56/><V91/><F114/><W52/><G69/><T83/><D83/><U38/><E80/><V111/><F112/><W98/><G68/><T4/><D4/><U78/><E38/><V32/><F117/><W17/><G98/><T60/><D60/><U66/><E62/><V72/><F111/><W128/><G128/><T71/><D71/><U122/><E122/><V23/><F48/><W88/><G42/><T121/><D121/><U74/><E43/><V135/><F40/><W109/><G109/><T123/><D123/><U101/><E74/><V1/><F72/><W134/><G134/><T79/><D79/><U99/><E78/><V104/><F135/><W103/><G103/><T131/><D131/><U67/><E99/><V85/><F85/><W102/><G102/><T53/><D53/><U47/><E47/><V108/><F55/><W0/><G77/><T7/><D7/><U92/><E67/><V63/><F64/><W19/><G76/><T30/><D30/><U94/><E66/><V3/><F46/><W28/><G28/><T33/><AGARI ba="0,1" hai="8,9,13,14,15,33,34,35,54,59,61,87,90,95" machi="33" ten="40,2700,0" yaku="1,1,0,1,53,0" doraHai="96" doraHaiUra="73" who="0" fromWho="0" sc="203,37,254,-7,307,-13,226,-7" /><INIT seed="3,0,0,1,4,50" ten="240,247,294,219" oya="3" hai0="13,1,12,11,31,127,20,116,128,122,67,63,66" hai1="114,52,56,41,129,96,70,115,124,34,22,40,29" hai2="37,101,47,111,80,86,99,92,5,61,45,39,130" hai3="55,26,30,6,89,134,108,14,15,121,84,3,48"/><W24/><G121/><T38/><D122/><U17/><E70/><V4/><F111/><W68/><G68/><T21/><D116/><U125/><E129/><V113/><F113/><N who="1" m="43017" /><E34/><V36/><F130/><W97/><G108/><T83/><D127/><N who="1" m="48715" /><E96/><V94/><F61/><W62/><G134/><T126/><D128/><U76/><E76/><V87/><F94/><W81/><G26/><T46/><D126/><U65/><E65/><V23/><F23/><W44/><G97/><T28/><D1/><U73/><E29/><N who="0" m="11337" /><D38/><U79/><E79/><V104/><F104/><W49/><G62/><T110/><D110/><U59/><E59/><V69/><F69/><W54/><G3/><T42/><D83/><U18/><E73/><V77/><F86/><W100/><G6/><N who="0" m="3191" /><D63/><N who="1" m="36231" /><E17/><V78/><F78/><W33/><REACH who="3" step="1"/><G100/><REACH who="3" ten="240,247,294,209" step="2"/><T53/><D67/><U51/><E51/><V103/><F103/><W105/><G105/><T120/><D66/><U58/><E58/><AGARI ba="0,1" hai="14,15,24,30,33,44,48,49,54,55,58,81,84,89" machi="58" ten="30,11600,0" yaku="1,1,7,1,52,2,53,0" doraHai="50" doraHaiUra="64" who="3" fromWho="1" sc="240,0,247,-116,294,0,209,126" owari="240,-16.0,131,-37.0,294,9.0,335,44.0" /></mjloggm>