<mjloggm ver="2.3"><GO type="169" lobby="0"/><UN n0="%E3%82%A6%E3%83%AB%E3%83%88%E3%83%A9%E7%AB%8B%E7%9B%B4" n1="%E3%82%A4%E3%83%8B%E3%82%A8%E3%82%B9%E3%82%BF" n2="%E3%83%98%E3%82%AF%E3%82%B5%E3%83%BC" n3="%E3%82%8C%E3%82%93%EF%BC%8D%4E%65%77" dan="16,18,19,16" rate="2136.72,2139.60,2282.41,2039.00" sx="M,M,M,M"/><TAIKYOKU oya="0"/><INIT seed="0,0,0,0,3,15" ten="250,250,250,250" oya="0" hai0="98,24,108,102,79,11,100,62,3,69,9,6,50" hai1="117,32,21,129,101,82,10,75,106,34,35,89,58" hai2="70,103,39,115,67,63,131,57,81,130,91,56,53" hai3="41,112,80,127,99,42,49,19,48,40,88,78,20"/><T1/><D108/><U68/><E68/><V95/><F103/><W55/><G127/><T134/><D134/><U111/><E117/><V31/><F31/><W73/><G112/><T7/><D79/><U4/><E111/><V29/><F29/><W64/><G64/><T77/><D77/><U33/><E129/><N who="2" m="49163" /><F81/><W90/><G99/><T118/><D118/><U107/><E101/><V61/><F91/><W54/><G54/><T43/><D24/><U83/><E58/><N who="2" m="37303" /><F95/><W125/><G125/><T13/><D13/><U65/><E75/><V123/><F123/><W74/><G74/><T126/><D126/><U25/><E65/><N who="2" m="41279" /><F115/><W97/><G97/><T114/><D114/><U132/><E132/><V27/><F27/><W59/><REACH who="3" step="1"/><G49/><REACH who="3" ten="250,250,250,240" step="2"/><T5/><D98/><U8/><E106/><V122/><F122/><W47/><G47/><T110/><D110/><U2/><E107/><V14/><F39/><W109/><G109/><T124/><D124/><U113/><E113/><V38/><F38/><W94/><G94/><T121/><D121/><U17/><E82/><V119/><F119/><W12/><AGARI ba="0,1" hai="12,19,20,40,41,42,48,55,59,73,78,80,88,90" machi="12" ten="30,7900,0" yaku="1,1,0,1,52,1,54,1,53,0" doraHai="15" doraHaiUra="135" who="3" fromWho="3" sc="250,-39,250,-20,250,-20,240,89" /><INIT seed="1,0,0,2,4,40" ten="211,230,230,329" oya="1" hai0="71,56,25,33,17,9,54,45,66,50,16,105,134" hai1="106,123,100,126,102,8,116,69,55,64,46,79,89" hai2="31,86,92,61,70,62,122,133,130,52,48,81,32" hai3="63,13,34,22,129,135,60,111,124,90,125,80,38"/><U117/><E123/><V36/><F122/><W27/><G34/><T99/><D134/><U19/><E79/><V39/><F130/><W4/><G129/><T91/><D9/><U103/><E106/><V14/><F133/><W58/><G38/><T77/><D77/><U10/><E126/><V73/><F73/><W29/><G111/><T76/><D76/><U104/><E104/><V85/><F32/><W43/><G43/><T26/><D26/><U53/><E89/><V109/><F31/><W3/><G135/><T37/><D37/><U2/><E64/><V20/><F109/><W28/><G28/><N who="0" m="19599" /><D91/><U59/><E69/><V51/><F81/><W0/><G63/><N who="0" m="40415" /><D56/><U119/><E2/><V18/><F92/><W110/><G110/><T15/><D15/><U101/><E19/><V128/><F128/><W44/><G90/><T24/><D24/><U93/><E93/><V95/><F95/><W65/><G80/><T83/><D83/><U75/><E75/><V115/><F70/><W41/><G13/><T94/><D94/><U68/><E68/><V114/><F14/><W7/><G0/><T1/><D1/><U121/><E121/><V96/><F18/><W23/><G3/><T11/><D11/><U127/><E127/><V35/><F35/><W12/><G12/><T87/><D87/><U88/><E88/><V112/><F112/><W6/><G23/><T67/><D67/><U107/><E107/><V108/><F20/><W49/><AGARI ba="0,0" hai="4,6,7,22,27,29,41,44,49,58,60,65,124,125" machi="49" ten="30,2000,0" yaku="0,1,52,1" doraHai="40" who="3" fromWho="3" sc="211,-5,230,-10,230,-5,329,20" /><INIT seed="2,0,0,0,5,34" ten="206,220,225,349" oya="2" hai0="118,57,75,3,134,38,35,18,95,122,103,60,90" hai1="66,36,48,1,76,79,89,10,124,59,25,30,12" hai2="47,33,39,123,19,74,116,11,7,55,31,125,28" hai3="99,29,135,40,0,73,101,24,127,6,15,120,82"/><V56/><F116/><W85/><G73/><T132/><D75/><U92/><E36/><V106/><F123/><W104/><G40/><T113/><D35/><U131/><E131/><V77/><F125/><W23/><G127/><T93/><D38/><U46/><E1/><V13/><F106/><W70/><G70/><T37/><D37/><U130/><E130/><V107/><F107/><W14/><G135/><N who="0" m="51755" /><D113/><U41/><E124/><V49/><F33/><W69/><G69/><T94/><D18/><U65/><E25/><V105/><F105/><W16/><G29/><T22/><D22/><U2/><E2/><V54/><F19/><W111/><G111/><T112/><D112/><U4/><E30/><V63/><REACH who="2" step="1"/><F39/><REACH who="2" ten="206,220,215,349" step="2"/><W78/><G120/><T98/><D122/><U45/><E45/><V133/><F133/><W62/><G16/><T83/><D118/><U100/><E46/><V9/><F9/><W44/><G44/><T53/><D3/><U27/><E10/><V26/><F26/><W110/><G24/><T88/><D90/><U21/><E89/><V51/><F51/><W91/><G91/><T67/><D88/><U8/><E27/><V64/><F64/><W87/><G0/><T109/><D67/><U119/><E119/><V121/><F121/><W102/><G104/><T42/><D83/><AGARI ba="0,1" hai="7,11,13,28,31,47,49,54,55,56,63,74,77,83" machi="83" ten="40,2000,0" yaku="1,1,53,0" doraHai="34" doraHaiUra="108" who="2" fromWho="0" sc="206,-20,220,0,215,30,349,0" /><INIT seed="2,1,0,4,4,97" ten="186,220,245,349" oya="2" hai0="8,93,66,116,17,49,122,22,43,25,20,47,82" hai1="126,118,65,100,92,42,134,114,3,12,15,28,10" hai2="16,91,2,128,109,13,101,132,55,41,96,130,53" hai3="113,115,35,88,52,6,120,76,40,30,72,26,99"/><V11/><F132/><W86/><G40/><T14/><D122/><U104/><E104/><V9/><F109/><W36/><G36/><T98/><D116/><U112/><E65/><V32/><F32/><W85/><G72/><T80/><D66/><U48/><E28/><V77/><F77/><W127/><G127/><T31/><REACH who="0" step="1"/><D22/><REACH who="0" ten="176,220,245,349" step="2"/><U61/><E118/><V46/><F130/><W71/><G120/><T37/><D37/><U75/><E112/><V87/><F128/><W50/><G35/><T24/><D24/><U129/><E114/><V51/><F9/><W95/><G26/><T64/><D64/><U33/><E10/><V38/><F38/><W111/><G115/><T94/><D94/><U73/><E92/><V84/><F2/><W34/><G95/><T108/><D108/><U45/><E3/><V7/><F7/><W27/><G6/><T133/><D133/><U125/><E134/><V105/><F84/><W58/><G111/><T19/><D19/><U4/><E129/><V123/><F123/><W54/><G113/><T60/><D60/><U81/><E61/><V78/><REACH who="2" step="1"/><F78/><REACH who="2" ten="176,220,235,349" step="2"/><W110/><G76/><T21/><D21/><U67/><E33/><V135/><F135/><W70/><G34/><T62/><D62/><U131/><E131/><V44/><F44/><W39/><G85/><T63/><D63/><U102/><E4/><V124/><F124/><W18/><G86/><T79/><D79/><U29/><E125/><V90/><F90/><AGARI ba="1,2" hai="8,14,17,20,25,31,43,47,49,80,82,90,93,98" machi="90" ten="30,3900,0" yaku="1,1,7,1,8,1,53,0" doraHai="97" doraHaiUra="117" who="0" fromWho="2" sc="176,62,220,0,235,-42,349,0" /><INIT seed="3,0,0,1,0,59" ten="238,220,193,349" oya="3" hai0="123,134,107,115,99,120,46,54,47,81,9,64,73" hai1="16,65,44,83,53,25,35,93,100,12,128,130,6" hai2="88,55,52,125,94,22,111,114,14,79,78,74,36" hai3="51,92,68,34,60,82,66,41,58,32,20,31,10"/><W86/><G92/><T112/><D99/><U29/><E6/><V17/><F114/><N who="0" m="43562" /><D107/><U11/><E83/><V131/><F111/><W97/><G97/><T24/><D24/><U87/><E100/><V85/><F125/><W42/><G10/><T37/><D9/><U15/><E15/><V4/><F131/><W28/><G28/><T38/><D134/><U119/><E119/><V124/><F124/><W26/><G41/><N who="0" m="22831" /><D64/><U98/><E65/><V49/><F36/><W108/><G108/><T57/><D81/><U122/><E122/><V127/><F127/><W103/><G103/><T48/><D73/><U70/><E70/><V106/><F106/><W8/><G8/><T102/><D102/><U63/><E98/><V121/><F121/><W133/><G133/><T62/><D38/><U23/><E35/><V50/><F74/><W40/><G40/><T56/><D56/><U5/><E128/><V126/><F126/><W75/><G75/><T84/><D84/><U95/><E87/><V27/><F4/><W71/><G71/><T0/><D0/><U13/><E130/><V2/><F2/><W117/><G117/><T110/><D110/><U7/><E7/><V116/><F116/><W129/><G129/><T18/><D18/><U39/><E39/><V1/><F1/><W77/><G68/><T113/><N who="0" m="43570" /><T135/><DORA hai="19" /><D135/><U109/><E109/><V104/><F104/><W76/><G76/><N who="2" m="29225" /><F27/><W67/><G67/><T43/><AGARI ba="0,0" hai="43,47,48,54,57,62,120,123" m="22831,43570" machi="43" ten="40,8000,1" yaku="11,1,34,2,52,1" doraHai="59,19" who="0" fromWho="0" sc="238,80,220,-20,193,-20,349,-40" /><INIT seed="4,0,0,3,2,36" ten="318,200,173,309" oya="0" hai0="52,29,10,34,130,127,116,15,45,121,91,71,19" hai1="0,64,12,50,112,122,3,66,44,69,11,22,76" hai2="134,40,43,56,115,90,1,95,131,23,92,74,17" hai3="126,58,63,20,101,42,49,35,27,4,7,103,30"/><T31/><D71/><U61/><E122/><V107/><F107/><W57/><G35/><T2/><D121/><U33/><E33/><V132/><F131/><W100/><G126/><T16/><D116/><U48/><E64/><V104/><F104/><W96/><G96/><T67/><D67/><U129/><E129/><V111/><F111/><W55/><G58/><T82/><D2/><U18/><E112/><V84/><F115/><W25/><G25/><T5/><D34/><U117/><E117/><V60/><F74/><W39/><G39/><T86/><D127/><U114/><E114/><V135/><F1/><W13/><G13/><T80/><D80/><U59/><E76/><V124/><F95/><W8/><G8/><T21/><D130/><U62/><E22/><V37/><F37/><W128/><G128/><T120/><D120/><U6/><E18/><N who="0" m="6697" /><D21/><U97/><E97/><V98/><F84/><W26/><G26/><T51/><AGARI ba="0,0" hai="5,10,15,29,31,45,51,52,82,86,91" m="6697" machi="51" ten="30,6000,0" yaku="8,1,54,2" doraHai="36" who="0" fromWho="0" sc="318,60,200,-20,173,-20,309,-20" /><INIT seed="4,1,0,3,2,30" ten="378,180,153,289" oya="0" hai0="97,104,108,121,22,17,56,7,134,85,110,67,124" hai1="44,26,9,82,127,79,100,2,70,94,74,19,91" hai2="73,66,80,126,33,64,5,75,58,63,25,117,76" hai3="49,41,119,133,4,34,21,46,39,59,103,11,57"/><T120/><D7/><U90/><E70/><V68/><F126/><W35/><G34/><T55/><D67/><U61/><E127/><V3/><F117/><W69/><G35/><T109/><D124/><U92/><E61/><V15/><F3/><W96/><G69/><T16/><D134/><U88/><E44/><V54/><F75/><W12/><G133/><T28/><D28/><U114/><E114/><V50/><F66/><W32/><G32/><T113/><D113/><U87/><E26/><V0/><F0/><W125/><G125/><T135/><D135/><U81/><E19/><N who="0" m="7241" /><D85/><N who="1" m="50231" /><E9/><V29/><REACH who="2" step="1"/><F15/><REACH who="2" ten="378,180,143,289" step="2"/><W129/><G12/><T93/><D110/><U52/><E2/><V18/><F18/><W77/><G119/><T84/><D109/><U65/><E65/><V130/><F130/><W24/><G129/><T78/><D108/><U60/><E74/><V102/><F102/><W122/><G103/><T51/><D121/><U118/><E118/><V98/><F98/><W131/><G96/><T43/><D97/><N who="1" m="59447" /><E92/><V106/><F106/><W47/><G131/><T14/><D104/><U37/><E37/><V31/><F31/><W112/><G39/><T8/><D120/><U107/><E107/><V116/><F116/><W115/><G122/><T6/><D93/><U86/><E86/><V36/><F36/><W62/><G112/><T101/><D101/><U71/><E71/><V105/><F105/><W10/><G115/><T132/><D132/><U99/><E99/><V111/><F111/><W53/><G10/><T23/><D8/><U13/><E13/><V83/><F83/><RYUUKYOKU ba="1,1" sc="378,-15,180,15,143,15,289,-15" hai1="52,60,79,81,87,90,91" hai2="5,25,29,33,50,54,58,63,64,68,73,76,80" /><INIT seed="5,2,1,3,3,60" ten="363,195,158,274" oya="1" hai0="132,63,134,41,12,102,82,53,35,80,105,44,120" hai1="36,67,30,5,127,17,28,64,51,34,25,52,108" hai2="79,126,45,39,47,110,19,94,71,61,3,23,83" hai3="27,4,73,124,86,89,78,24,32,95,66,40,13"/><U81/><E36/><V1/><F110/><W59/><G32/><T131/><D35/><U98/><E108/><V22/><F126/><W107/><G107/><T92/><D105/><U31/><E34/><V43/><F94/><W62/><G124/><T70/><D131/><U6/><E127/><V49/><F22/><W20/><G40/><T0/><D0/><U2/><E2/><V130/><F130/><W123/><G123/><T29/><D29/><U9/><E98/><V74/><F61/><W57/><G57/><N who="0" m="35247" /><D12/><N who="1" m="7311" /><E25/><V77/><F77/><W97/><G73/><T116/><D70/><U50/><E81/><V90/><F90/><W111/><G111/><T16/><D116/><U56/><E51/><V37/><F71/><W91/><G78/><T99/><D16/><U106/><E106/><V58/><F58/><W129/><G129/><T11/><D11/><U133/><E133/><N who="0" m="51305" /><D120/><U112/><E112/><V84/><F74/><W93/><G4/><AGARI ba="2,1" hai="4,5,6,28,30,31,50,52,56,64,67" m="7311" machi="4" ten="30,11600,0" yaku="8,1,52,2,54,1" doraHai="60" who="1" fromWho="3" sc="363,0,195,132,158,0,274,-122" /><INIT seed="5,3,0,5,4,80" ten="363,327,158,152" oya="1" hai0="68,120,83,110,123,82,95,59,127,121,17,118,36" hai1="42,13,62,34,126,28,2,94,31,25,16,46,65" hai2="87,19,6,129,27,35,55,33,70,22,100,9,85" hai3="74,14,50,75,43,37,51,66,119,112,101,115,124"/><U18/><E2/><V41/><F70/><W97/><G66/><T99/><D68/><U29/><E126/><V98/><F129/><W32/><G124/><T105/><D36/><U7/><E94/><V64/><F64/><W0/><G0/><T76/><D127/><U86/><E7/><V5/><F41/><W60/><G32/><T134/><D118/><U30/><E86/><N who="2" m="32779" /><F35/><W53/><G60/><T132/><D105/><U103/><E103/><V133/><F33/><W72/><G37/><T93/><D110/><U47/><E42/><V102/><F133/><N who="0" m="51306" /><D59/><U71/><REACH who="1" step="1"/><E18/><REACH who="1" ten="363,317,158,152" step="2"/><N who="2" m="12759" /><F55/><W10/><G53/><T20/><D99/><U77/><E77/><V21/><F9/><AGARI ba="3,1" hai="9,13,16,25,28,29,30,31,34,46,47,62,65,71" machi="9" ten="40,3900,0" yaku="1,1,54,1,53,0" doraHai="80" doraHaiUra="48" who="1" fromWho="2" sc="363,0,317,58,158,-48,152,0" /><INIT seed="5,4,0,3,3,123" ten="363,375,110,152" oya="1" hai0="50,118,5,45,60,30,82,126,78,22,11,100,110" hai1="111,15,87,95,73,67,54,125,107,58,62,127,55" hai2="81,83,1,119,8,0,27,76,36,41,72,24,74" hai3="49,28,84,3,114,32,25,59,53,19,130,135,116"/><U133/><E107/><V4/><F119/><W46/><G116/><T85/><D110/><U64/><E73/><V63/><F0/><W33/><G114/><T134/><D134/><U128/><E128/><V115/><F115/><W52/><G135/><T106/><D126/><N who="1" m="48139" /><E133/><V31/><F63/><W66/><G130/><T80/><D60/><N who="1" m="37911" /><E15/><V109/><F109/><W99/><G66/><T101/><D106/><U90/><E111/><V120/><F120/><W44/><G3/><T43/><D82/><U70/><AGARI ba="4,0" hai="54,55,62,67,70,87,90,95" m="37911,48139" machi="70" ten="30,1500,0" yaku="18,1" doraHai="123" who="1" fromWho="1" sc="363,-9,375,27,110,-9,152,-9" /><INIT seed="5,5,0,3,5,17" ten="354,402,101,143" oya="1" hai0="106,8,31,46,132,108,22,63,69,55,135,16,96" hai1="43,131,39,49,121,110,71,83,45,57,130,33,44" hai2="73,42,111,113,9,134,37,59,125,78,99,115,58" hai3="27,54,90,40,79,35,67,107,94,68,81,101,77"/><U14/><E33/><V105/><F111/><W88/><G40/><T122/><D108/><U116/><E83/><N who="2" m="45519" /><F125/><W5/><G5/><T18/><D122/><U1/><E14/><V20/><F134/><N who="0" m="51242" /><D106/><U82/><E82/><V52/><F9/><W6/><G6/><T126/><D126/><U75/><E75/><V120/><F120/><W32/><G81/><T12/><D96/><U15/><E15/><V3/><F3/><W10/><G10/><T102/><D102/><U66/><E1/><V11/><F11/><W41/><G101/><T0/><D0/><U51/><E121/><V112/><F105/><W48/><G107/><T129/><D129/><U60/><E116/><V114/><N who="2" m="29184" /><DORA hai="34" /><V104/><F52/><W21/><G54/><T118/><D118/><U109/><E109/><V91/><F20/><W2/><G21/><T24/><D46/><U133/><E133/><V89/><F104/><W64/><G2/><T28/><D55/><N who="1" m="31999" /><E110/><V47/><F99/><W123/><G123/><T119/><D119/><U127/><E127/><V85/><F89/><W128/><G128/><T80/><D80/><AGARI ba="5,0" hai="37,42,47,58,59,80,85,91" m="29184,45519" machi="80" ten="60,3900,0" yaku="15,1,11,1" doraHai="17,34" who="2" fromWho="0" sc="354,-54,402,0,101,54,143,0" /><INIT seed="6,0,0,1,2,56" ten="300,402,155,143" oya="2" hai0="38,19,107,135,51,75,55,46,31,24,57,85,112" hai1="28,15,47,61,101,105,123,134,53,127,99,126,30" hai2="100,10,21,37,20,50,76,98,96,54,129,14,88" hai3="111,104,130,90,73,132,3,1,63,9,52,122,40"/><V92/><F37/><W42/><G122/><T43/><D75/><U34/><E134/><V0/><F129/><W97/><G111/><T17/><D107/><U13/><E123/><V117/><F117/><W86/><G73/><T72/><D72/><U67/><E53/><V4/><F76/><W16/><G130/><T91/><D112/><U84/><E47/><V70/><F70/><W114/><G114/><T93/><D135/><U45/><E45/><V89/><F0/><W44/><G132/><T69/><D69/><N who="1" m="42223" /><E84/><V7/><F4/><W35/><G35/><AGARI ba="0,0" hai="17,19,24,31,35,38,43,46,51,55,57,85,91,93" machi="35" ten="30,1000,0" yaku="7,1" doraHai="56" who="0" fromWho="3" sc="300,10,402,0,155,0,143,-10" /><INIT seed="7,0,0,1,1,105" ten="310,402,155,133" oya="3" hai0="80,74,43,79,65,0,97,40,71,69,58,11,61" hai1="116,19,45,102,111,96,9,104,12,115,26,108,124" hai2="2,67,30,7,50,73,25,77,93,122,42,133,107" hai3="51,119,18,24,32,76,128,17,41,39,135,112,87"/><W100/><G39/><T36/><D97/><U92/><E115/><V8/><F93/><W127/><G112/><T66/><D43/><U95/><E124/><V3/><F133/><W129/><G119/><T103/><D103/><U99/><E104/><V27/><F122/><W38/><G127/><T114/><D114/><U56/><E45/><V46/><F107/><W118/><G38/><T29/><D29/><U54/><E26/><V125/><F125/><W98/><G118/><T101/><D101/><U10/><E10/><V86/><F67/><W120/><G135/><T94/><D94/><U72/><E72/><V59/><F59/><W1/><G1/><T60/><D58/><U23/><E23/><V126/><F126/><W4/><G120/><T85/><D85/><U53/><E53/><V121/><F121/><W55/><G41/><T132/><D132/><U48/><E116/><V106/><F106/><N who="3" m="63767" /><G4/><T35/><D35/><U70/><E70/><V44/><F44/><N who="3" m="28135" /><G24/><T57/><D57/><U20/><E20/><N who="2" m="15655" /><F27/><W130/><G32/><T14/><D14/><U34/><E34/><V68/><F68/><W89/><G76/><T47/><D11/><U110/><E110/><V123/><F123/><W28/><G28/><T75/><D0/><U37/><E37/><V131/><F2/><W33/><G33/><T84/><AGARI ba="0,0" hai="36,40,47,60,61,65,66,69,71,74,75,79,80,84" machi="84" ten="20,8000,1" yaku="0,1,7,1,9,1,52,2" doraHai="105" who="0" fromWho="0" sc="310,80,402,-20,155,-20,133,-40" owari="390,49.0,382,18.0,135,-26.0,93,-41.0" /></mjloggm>