<mjloggm ver="2.3"><GO type="41" lobby="0"/><UN n0="%E3%82%A6%E3%83%AB%E3%83%88%E3%83%A9%E7%AB%8B%E7%9B%B4" n1="%68%61%61%63%68%61%6E" n2="%E3%81%B9%E3%81%AB%E3%81%8F%E3%82%93" n3="%4A%75%6E%37%37%37" dan="15,13,14,14" rate="2016.11,1895.68,1928.21,1914.45" sx="M,M,F,M"/><TAIKYOKU oya="0"/><INIT seed="0,0,0,3,0,18" ten="250,250,250,250" oya="0" hai0="76,98,52,129,73,59,60,124,9,5,62,88,37" hai1="4,91,128,15,125,81,106,85,130,2,134,83,51" hai2="111,84,118,22,11,100,17,114,131,65,42,92,90" hai3="49,55,28,123,12,87,107,94,38,104,36,45,113"/><T115/><D37/><U29/><E2/><V6/><F111/><W10/><G123/><T132/><D115/><U112/><E106/><V14/><F114/><W19/><G36/><T44/><D124/><U50/><E112/><V26/><F131/><N who="1" m="50217" /><E125/><V63/><F118/><W122/><G38/><T105/><D129/><U30/><E134/><V47/><F100/><W96/><G122/><T70/><D132/><U74/><E74/><V35/><F35/><W75/><G75/><T32/><D32/><U1/><E83/><V46/><REACH who="2" step="1"/><F42/><REACH who="2" ten="250,250,240,250" step="2"/><W67/><G113/><T39/><D105/><U133/><E133/><V135/><F135/><W121/><G121/><T66/><D73/><U72/><E72/><V120/><F120/><W77/><G104/><T127/><D127/><U116/><E116/><V109/><F109/><W80/><G107/><T93/><D76/><U34/><E34/><V33/><F33/><W117/><G117/><T95/><D95/><U40/><E40/><V99/><F99/><W110/><G110/><T21/><D39/><U56/><E1/><V53/><F53/><W23/><G67/><T57/><D70/><AGARI ba="0,1" hai="6,11,14,17,22,26,46,47,63,65,70,84,90,92" machi="70" ten="30,7700,0" yaku="1,1,7,1,52,1,53,1" doraHai="18" doraHaiUra="20" who="2" fromWho="0" sc="250,-77,250,0,240,87,250,0" /><INIT seed="1,0,0,2,1,97" ten="173,250,327,250" oya="1" hai0="57,5,135,66,56,106,122,121,111,124,73,68,0" hai1="113,62,70,52,59,6,13,12,19,101,16,14,28" hai2="72,75,82,74,63,130,119,117,37,64,4,20,65" hai3="129,15,24,48,118,18,107,127,89,71,100,33,132"/><U17/><E113/><V81/><F37/><W98/><G118/><T51/><D5/><U86/><E70/><V43/><F43/><W34/><G127/><T25/><D25/><U103/><E28/><V112/><F112/><W30/><G129/><T50/><D106/><U115/><E115/><V29/><F65/><W79/><G79/><T85/><D85/><U47/><E47/><V67/><F67/><W23/><G71/><T55/><D73/><U120/><E120/><N who="0" m="46185" /><D0/><U128/><E128/><V26/><F130/><W45/><G89/><T58/><D124/><U10/><REACH who="1" step="1"/><E86/><REACH who="1" ten="173,240,327,250" step="2"/><V116/><REACH who="2" step="1"/><F4/><REACH who="2" ten="173,240,317,250" step="2"/><W60/><G132/><T31/><D135/><U104/><E104/><V80/><F80/><W38/><G107/><T105/><D105/><U21/><E21/><V54/><F54/><W133/><G133/><T92/><D55/><U7/><E7/><V11/><F11/><W32/><G23/><T53/><D66/><U125/><E125/><V95/><F95/><W40/><G33/><T123/><D53/><U9/><E9/><V126/><F126/><W102/><G34/><T83/><N who="0" m="46193" /><T93/><DORA hai="134" /><D92/><U35/><E35/><V78/><F78/><W36/><G32/><T114/><D93/><U27/><E27/><V61/><F61/><W96/><G24/><T8/><D114/><U88/><E88/><V39/><F39/><W84/><G60/><T110/><D8/><U2/><AGARI ba="0,2" hai="2,6,10,12,13,14,16,17,19,52,59,62,101,103" machi="2" ten="30,18000,2" yaku="1,1,0,1,52,2,54,2,53,0" doraHai="97,134" doraHaiUra="108,42" who="1" fromWho="1" sc="173,-60,240,200,317,-60,250,-60" /><INIT seed="1,1,0,4,0,51" ten="113,440,257,190" oya="1" hai0="34,53,13,39,118,41,25,132,21,54,64,119,89" hai1="26,23,65,2,80,127,4,105,113,82,108,99,130" hai2="55,96,131,16,104,106,129,90,123,15,50,95,102" hai3="20,24,45,135,10,43,7,61,124,31,63,38,84"/><U40/><E113/><V74/><F123/><W117/><G135/><T88/><D34/><U94/><E105/><V59/><F74/><W3/><G117/><T18/><D39/><U47/><E130/><N who="2" m="49675" /><F102/><W75/><G124/><T98/><D119/><U120/><E127/><V58/><F58/><W32/><G84/><T100/><D132/><U116/><E116/><V44/><F44/><W27/><REACH who="3" step="1"/><G75/><REACH who="3" ten="113,440,257,180" step="2"/><T62/><D118/><U112/><E120/><V19/><F19/><AGARI ba="1,1" hai="3,7,10,19,20,24,27,31,32,38,43,45,61,63" machi="19" ten="30,7700,0" yaku="1,1,2,1,7,1,53,1" doraHai="51" doraHaiUra="37" who="3" fromWho="2" sc="113,0,440,0,257,-80,180,90" /><INIT seed="2,0,0,4,4,119" ten="113,440,177,270" oya="2" hai0="34,79,75,67,127,128,86,19,125,74,63,83,84" hai1="123,94,10,8,77,89,35,57,106,62,0,38,28" hai2="22,133,114,108,98,6,59,30,61,24,56,42,135" hai3="104,1,44,13,129,23,33,16,52,126,101,40,107"/><V100/><F114/><W2/><G33/><T111/><D34/><U26/><E106/><V47/><F6/><W92/><G126/><N who="0" m="48139" /><D19/><U88/><E38/><V78/><F78/><W53/><G129/><T66/><D66/><U17/><E77/><V97/><F108/><W4/><G104/><T105/><D63/><U25/><E89/><V132/><F100/><W130/><G107/><T113/><D67/><U116/><E116/><V70/><F70/><W36/><G130/><T112/><D128/><U20/><E123/><V43/><F43/><W102/><G2/><T11/><D11/><U72/><E72/><N who="0" m="27689" /><D105/><U134/><E134/><V69/><F69/><W131/><G131/><T9/><D9/><U95/><E95/><V76/><F76/><W90/><G1/><T115/><D111/><U122/><E122/><V27/><F27/><W32/><G4/><T109/><D109/><U68/><E68/><V45/><F45/><W46/><G32/><T58/><D58/><N who="2" m="22058" /><F61/><W65/><G65/><T48/><D48/><AGARI ba="0,0" hai="22,24,30,42,47,48,97,98,132,133,135" m="22058" machi="48" ten="30,1500,0" yaku="20,1" doraHai="119" who="2" fromWho="0" sc="113,-15,440,0,177,15,270,0" /><INIT seed="2,1,0,5,3,11" ten="98,440,192,270" oya="2" hai0="126,125,93,111,7,0,128,92,70,118,75,124,115" hai1="52,34,90,35,135,105,85,82,19,58,41,103,97" hai2="133,33,73,39,47,72,96,57,44,49,10,94,100" hai3="114,43,29,31,36,129,8,18,3,87,65,110,56"/><V6/><F133/><W50/><G36/><T84/><D7/><U121/><E135/><V101/><F33/><W37/><G37/><T25/><D25/><U71/><E71/><V21/><F101/><W120/><G120/><T55/><D55/><U119/><E119/><V5/><F57/><W109/><G114/><T108/><D0/><U81/><E121/><V69/><F69/><W79/><G129/><T15/><D70/><U78/><E19/><V1/><F6/><W42/><G65/><T131/><D15/><U22/><E22/><V59/><F59/><W83/><G43/><T53/><D53/><U63/><REACH who="1" step="1"/><E41/><REACH who="1" ten="98,430,192,270" step="2"/><V88/><F21/><W104/><G31/><T51/><D118/><U134/><E134/><V67/><F5/><W99/><G29/><T26/><D26/><U89/><E89/><V61/><F88/><W23/><G109/><N who="0" m="42059" /><D115/><U46/><E46/><V113/><F47/><W95/><G110/><T14/><D14/><U45/><E45/><V62/><F44/><W102/><G3/><T77/><D51/><U54/><E54/><V117/><F49/><W132/><G132/><T24/><D24/><U106/><E106/><V32/><F1/><W127/><G104/><T12/><D12/><U91/><E91/><V20/><F113/><W86/><G42/><T122/><D122/><U4/><E4/><V76/><F117/><W28/><G28/><T68/><D68/><U40/><E40/><V74/><F39/><W38/><G38/><T16/><D16/><U9/><E9/><V64/><F10/><W60/><G8/><T80/><D93/><RYUUKYOKU ba="1,1" sc="98,15,430,15,192,-15,270,-15" hai0="75,77,80,84,92,124,125,126,128,131" hai1="34,35,52,58,63,78,81,82,85,90,97,103,105" /><INIT seed="3,2,1,2,5,24" ten="113,445,177,255" oya="3" hai0="71,106,28,8,53,37,108,80,74,123,127,50,25" hai1="75,49,16,121,105,2,29,110,120,34,99,73,4" hai2="47,128,9,67,13,117,130,112,81,97,38,118,91" hai3="92,46,125,63,107,116,57,78,35,41,39,98,90"/><W58/><G116/><T87/><D123/><U100/><E110/><V111/><F111/><W114/><G114/><T131/><D106/><U83/><E2/><V0/><F112/><W33/><G125/><T56/><D108/><U104/><E4/><V15/><F0/><W113/><G113/><T126/><D71/><U17/><E105/><V133/><F133/><W20/><G107/><T69/><D69/><U89/><E49/><V65/><F117/><W6/><G78/><T61/><D37/><U76/><E89/><V10/><F118/><W14/><G57/><T132/><D74/><U1/><E1/><V115/><F115/><W22/><G22/><T19/><D131/><U134/><E73/><V11/><F65/><W31/><G6/><T23/><D132/><U43/><E43/><N who="2" m="23031" /><F67/><W122/><G122/><T66/><D8/><U48/><E134/><V79/><F91/><W82/><G82/><T77/><REACH who="0" step="1"/><D19/><REACH who="0" ten="103,445,177,255" step="2"/><U85/><E121/><V102/><F10/><W59/><G39/><T70/><AGARI ba="2,2" hai="23,25,28,50,53,56,61,66,70,77,80,87,126,127" machi="70" ten="30,7900,0" yaku="1,1,2,1,0,1,52,1,53,0" doraHai="24" doraHaiUra="103" who="0" fromWho="0" sc="103,105,445,-22,177,-22,255,-41" /><INIT seed="4,0,0,5,4,39" ten="208,423,155,214" oya="0" hai0="12,105,100,104,19,50,121,132,127,80,128,55,67" hai1="62,45,66,78,9,64,110,21,57,27,115,133,77" hai2="75,79,81,135,47,63,34,5,97,36,15,43,29" hai3="24,16,72,88,123,91,129,112,10,83,118,14,84"/><T86/><D121/><U35/><E110/><V103/><F135/><W125/><G118/><T87/><D132/><U51/><E35/><V37/><F63/><W23/><G123/><T95/><D128/><U1/><E133/><V7/><F37/><W116/><G116/><T108/><D108/><U26/><E115/><V120/><F120/><W25/><G129/><T113/><D113/><U111/><E66/><V18/><F29/><W124/><G72/><T13/><D127/><U32/><E32/><V90/><F90/><W96/><G112/><T22/><D67/><U98/><E98/><V89/><F89/><W102/><G125/><T56/><D13/><U126/><E126/><V131/><F131/><W54/><G124/><T28/><D28/><U58/><E58/><V53/><F53/><W42/><G42/><T46/><D100/><U71/><E71/><V52/><F34/><W119/><G119/><T2/><D2/><U107/><E107/><V6/><F52/><W93/><G54/><T106/><D95/><U68/><E68/><V94/><REACH who="2" step="1"/><F6/><REACH who="2" ten="208,423,145,214" step="2"/><W31/><G25/><T60/><D80/><U130/><E27/><V92/><F92/><W82/><REACH who="3" step="1"/><G91/><REACH who="3" ten="208,423,145,204" step="2"/><T109/><D109/><U33/><E130/><V70/><F70/><W11/><G11/><AGARI ba="0,2" hai="5,7,11,15,18,36,43,47,75,79,81,94,97,103" machi="11" ten="30,7700,0" yaku="1,1,7,1,52,1,53,1" doraHai="39" doraHaiUra="4" who="2" fromWho="3" sc="208,0,423,0,145,97,204,-77" /><INIT seed="5,0,0,4,1,113" ten="208,423,242,127" oya="1" hai0="135,64,97,134,23,20,96,73,94,93,69,15,41" hai1="48,84,36,98,40,31,89,75,13,123,11,38,42" hai2="74,16,133,108,95,121,102,32,22,116,99,82,101" hai3="110,91,103,86,14,67,126,26,55,50,112,66,115"/><U19/><E123/><V104/><F108/><W18/><G103/><T58/><D69/><U129/><E75/><V12/><F121/><W68/><G26/><T60/><D73/><U17/><E129/><V130/><F130/><W76/><G76/><T132/><D41/><U37/><E31/><V118/><F32/><W10/><G110/><T35/><D35/><U29/><E29/><V28/><F28/><W100/><G100/><T85/><D85/><U45/><E98/><V44/><F133/><W90/><G126/><T65/><D15/><U92/><REACH who="1" step="1"/><E40/><REACH who="1" ten="208,413,242,127" step="2"/><V53/><F74/><W54/><G112/><T77/><D97/><U46/><E46/><V125/><F44/><W39/><G115/><T62/><D96/><U88/><E88/><V119/><F102/><W72/><G72/><T25/><D77/><U52/><E52/><V87/><F53/><W109/><G109/><T105/><D134/><U9/><E9/><V3/><F125/><W6/><G39/><T1/><D135/><U27/><E27/><V117/><F117/><W49/><G68/><T24/><D132/><U131/><E131/><V127/><F127/><W43/><G43/><T114/><D114/><U34/><E34/><V120/><F120/><W70/><G70/><T124/><D124/><U0/><E0/><V57/><F116/><W107/><G91/><T63/><D1/><U71/><E71/><V8/><F3/><W56/><G55/><T78/><D78/><U81/><E81/><V47/><F119/><W79/><G49/><T33/><D33/><U128/><E128/><V7/><F118/><RYUUKYOKU ba="0,1" sc="208,-10,413,30,242,-10,127,-10" hai1="11,13,17,19,36,37,38,42,45,48,84,89,92" /><INIT seed="5,1,1,5,4,88" ten="198,443,232,117" oya="1" hai0="52,30,38,65,130,92,27,120,132,84,22,87,12" hai1="134,112,82,70,33,128,94,109,63,135,69,102,78" hai2="110,123,5,105,89,131,111,61,44,17,0,9,24" hai3="81,35,49,40,62,8,1,56,122,48,42,14,121"/><U39/><E39/><V93/><F123/><W80/><G35/><T117/><D38/><U19/><E33/><V77/><F131/><W118/><G1/><T68/><D120/><U34/><E34/><V76/><F105/><W75/><G118/><T108/><D108/><U46/><E112/><V103/><F103/><W54/><G121/><T58/><D117/><U129/><E109/><V79/><F44/><W31/><G31/><T3/><D3/><U29/><E29/><V133/><F133/><N who="1" m="50697" /><E46/><V66/><F17/><W2/><G2/><T18/><D130/><N who="1" m="50283" /><E102/><V113/><BYE who="1" /><F24/><W100/><G100/><T45/><D132/><U55/><E55/><V37/><F37/><UN n1="%68%61%61%63%68%61%6E" /><W43/><G122/><T97/><D45/><U127/><E19/><V67/><F113/><W15/><G15/><T4/><D4/><U13/><E94/><V53/><F111/><W74/><G74/><T86/><D68/><N who="1" m="26219" /><E63/><V71/><F110/><W51/><G75/><T83/><D65/><U124/><E13/><V125/><F53/><W107/><G107/><T91/><D12/><U60/><E60/><V72/><F66/><W59/><G56/><T11/><D11/><U106/><E106/><V85/><F72/><AGARI ba="1,1" hai="72,78,82,124,127" m="26219,50283,50697" machi="72" ten="40,12000,1" yaku="30,2,20,1,19,1,23,1" doraHai="88" who="1" fromWho="2" sc="198,0,443,133,232,-123,117,0" /><INIT seed="5,2,0,0,1,114" ten="198,576,109,117" oya="1" hai0="69,88,70,80,40,128,35,87,112,99,118,68,42" hai1="6,53,84,91,120,115,19,109,65,124,47,17,0" hai2="26,67,104,20,121,43,98,110,39,60,12,103,13" hai3="117,133,107,111,49,44,82,77,101,54,95,23,15"/><U135/><E120/><V37/><F121/><W106/><G111/><T100/><D35/><U63/><E115/><V27/><F110/><W22/><G133/><T90/><D118/><U102/><E109/><V32/><F32/><W92/><G117/><T66/><D112/><U18/><E135/><V93/><F104/><W129/><G129/><T31/><D31/><U9/><E124/><V75/><F75/><W85/><G95/><T123/><D123/><U61/><E102/><V30/><F27/><W10/><G106/><T55/><D128/><U79/><E79/><V116/><F116/><W58/><G107/><T11/><D66/><U52/><E47/><V3/><F3/><W76/><G76/><T51/><D90/><U122/><E122/><V25/><F25/><W14/><G14/><T24/><D24/><U126/><E126/><V56/><REACH who="2" step="1"/><F43/><REACH who="2" ten="198,576,99,117" step="2"/><W119/><G119/><T127/><D127/><U59/><REACH who="1" step="1"/><E63/><REACH who="1" ten="198,566,99,117" step="2"/><V2/><F2/><W86/><G101/><T64/><D100/><U5/><E5/><V94/><F94/><AGARI ba="2,2" hai="0,6,9,17,18,19,52,53,59,61,65,84,91,94" machi="94" ten="40,7700,0" yaku="1,1,54,1,53,1" doraHai="114" doraHaiUra="34" who="1" fromWho="2" sc="198,0,566,103,99,-83,117,0" /><INIT seed="5,3,0,4,3,108" ten="198,669,16,117" oya="1" hai0="55,115,60,124,53,65,116,43,92,91,123,83,3" hai1="48,71,30,33,34,40,20,95,56,18,46,31,24" hai2="8,103,134,84,135,77,52,41,35,27,100,126,75" hai3="42,62,121,0,112,54,129,104,22,12,47,9,72"/><U125/><E125/><V15/><F126/><W96/><G72/><T4/><D4/><U50/><E71/><V131/><F131/><W21/><G121/><T94/><D3/><U45/><E34/><V120/><F120/><W133/><G0/><T87/><D116/><U81/><E33/><V113/><F75/><W37/><G133/><N who="2" m="50697" /><F41/><W107/><G129/><T67/><D43/><U73/><E56/><V10/><F84/><W19/><G107/><T51/><D123/><U26/><E26/><V130/><F130/><W78/><G78/><T127/><D127/><U105/><E105/><V88/><F77/><W32/><G32/><T17/><D94/><U122/><E122/><V2/><F2/><W57/><G104/><T109/><D92/><U98/><E81/><V39/><F39/><W82/><G82/><T97/><D83/><U117/><E73/><V13/><F88/><W1/><G96/><T86/><D91/><N who="1" m="55679" /><E117/><V89/><F89/><W68/><G1/><T80/><D97/><U7/><E7/><N who="2" m="3231" /><F52/><AGARI ba="3,0" hai="18,20,24,30,31,40,45,46,48,50,52" m="55679" machi="52" ten="30,2900,0" yaku="8,1,54,1" doraHai="108" who="1" fromWho="2" sc="198,0,669,38,16,-38,117,0" owari="198,0.0,707,80.0,-22,-52.0,117,-28.0" /></mjloggm>