<mjloggm ver="2.3"><GO type="41" lobby="0"/><UN n0="%E5%B0%B1%E6%B4%BB%E7%94%9F%40%E5%B7%9D%E6%9D%91%E8%BB%8D%E5%9B%A3" n1="%E5%90%8D%E7%84%A1%E3%81%97%EF%BC%A0%E5%B7%9D%E6%9D%91%E8%BB%8D%E5%9B%A3" n2="%64%64%64%6F%6E%31%31" n3="%E7%A9%82%E5%9D%82%E4%B8%83%E6%B5%B7" dan="15,13,15,14" rate="1987.68,1837.63,1957.48,1944.86" sx="M,M,M,F"/><TAIKYOKU oya="0"/><INIT seed="0,0,0,2,3,83" ten="250,250,250,250" oya="0" hai0="58,43,52,70,19,46,22,76,124,14,7,42,91" hai1="133,73,48,96,27,1,95,78,106,123,36,102,127" hai2="51,44,26,40,72,82,17,11,97,21,13,93,53" hai3="69,29,128,134,113,74,30,122,115,108,32,49,92"/><T9/><D70/><U80/><E1/><V107/><F107/><W39/><G49/><T89/><D124/><U38/><E123/><V64/><F64/><W50/><G50/><T77/><D46/><U2/><E2/><V105/><F105/><W23/><G92/><T41/><D77/><U112/><E127/><V90/><F72/><W130/><G23/><T110/><D76/><U94/><E133/><V54/><REACH who="2" step="1"/><F82/><REACH who="2" ten="250,250,240,250" step="2"/><W56/><G74/><T65/><D65/><U87/><E112/><V121/><F121/><W18/><G122/><T34/><D110/><U114/><E114/><V45/><F45/><W62/><G115/><T4/><D34/><U75/><E75/><V68/><F68/><W88/><G69/><T109/><D109/><U126/><E126/><V84/><F84/><W5/><G113/><T0/><REACH who="0" step="1"/><D7/><AGARI ba="0,1" hai="7,11,13,17,21,26,40,44,51,53,54,90,93,97" machi="7" ten="30,3900,0" yaku="1,1,7,1,8,1,53,0" doraHai="83" doraHaiUra="129" who="2" fromWho="0" sc="250,-39,250,0,240,49,250,0" /><INIT seed="1,0,0,1,1,74" ten="211,250,289,250" oya="1" hai0="73,92,49,14,45,29,99,133,31,125,23,13,7" hai1="52,79,40,111,0,62,124,32,46,75,126,55,127" hai2="130,119,78,112,57,84,131,56,16,22,50,115,69" hai3="109,30,8,107,117,106,97,37,120,65,72,93,85"/><U58/><E0/><V68/><F119/><W129/><G120/><T41/><D73/><U88/><E32/><V15/><F50/><W118/><G109/><T6/><D133/><U3/><E3/><V44/><F44/><W80/><G37/><T11/><D125/><U86/><E111/><V91/><F56/><W108/><G65/><T39/><D39/><U101/><E101/><V21/><F21/><W61/><G61/><T42/><D42/><U135/><E135/><V43/><F43/><W87/><G30/><T53/><D41/><U90/><E55/><V76/><F57/><W82/><G8/><T132/><D132/><U35/><E75/><V24/><F24/><W64/><G64/><T113/><D113/><N who="2" m="43594" /><F91/><N who="3" m="55487" /><G108/><T128/><D128/><N who="2" m="49194" /><F84/><N who="3" m="32331" /><G129/><T48/><D48/><N who="1" m="26695" /><E35/><V134/><F134/><W38/><G38/><T36/><D36/><U2/><E2/><V66/><F66/><W121/><G121/><T18/><REACH who="0" step="1"/><D6/><REACH who="0" ten="201,250,289,250" step="2"/><U89/><E86/><V100/><F100/><AGARI ba="0,1" hai="7,11,13,14,18,23,29,31,45,49,53,92,99,100" machi="100" ten="30,8000,1" yaku="1,1,2,1,7,1,8,1,53,1" doraHai="74" doraHaiUra="98" who="0" fromWho="2" sc="201,90,250,0,289,-80,250,0" /><INIT seed="2,0,0,3,2,90" ten="291,250,209,250" oya="2" hai0="76,45,30,63,121,24,37,14,124,106,117,73,48" hai1="103,78,111,5,60,52,8,97,109,135,101,6,96" hai2="35,65,82,23,34,134,47,51,0,11,93,15,118" hai3="81,49,100,94,116,42,58,127,92,54,19,21,74"/><V112/><F112/><W83/><G116/><T36/><D106/><U20/><E78/><V64/><F118/><W133/><G133/><T4/><D117/><U55/><E135/><V31/><F82/><N who="3" m="31243" /><G74/><T62/><D73/><U27/><E60/><V39/><F39/><W86/><G127/><T13/><D76/><U95/><E27/><V120/><F120/><W107/><G107/><T129/><D121/><U84/><E84/><V104/><F104/><W25/><G100/><T79/><D79/><U1/><E20/><V7/><F134/><W53/><G42/><T44/><D4/><U128/><E1/><V88/><F34/><W66/><G66/><T123/><D123/><U12/><E12/><V87/><F0/><W110/><G86/><T61/><D124/><U32/><E32/><V89/><F89/><W9/><G9/><T68/><D68/><U91/><E91/><V85/><F85/><W2/><G110/><T115/><D115/><U38/><E8/><V119/><F119/><W71/><G71/><T99/><D99/><U131/><REACH who="1" step="1"/><E38/><REACH who="1" ten="291,240,209,250" step="2"/><V18/><F35/><W126/><G2/><T125/><D37/><U113/><E113/><V72/><F72/><W77/><G77/><T67/><D36/><U98/><E98/><V29/><F29/><W46/><G126/><T130/><D125/><U40/><E40/><N who="2" m="25063" /><F7/><W57/><G46/><T17/><D45/><U16/><E16/><V102/><F102/><W80/><N who="3" m="31251" /><W41/><DORA hai="50" /><G41/><N who="0" m="24591" /><D17/><U56/><E56/><V75/><F75/><W122/><G122/><T33/><D67/><U114/><E114/><RYUUKYOKU ba="0,1" sc="291,0,240,0,209,0,250,0" hai0="13,14,24,30,33,61,62,63,129,130" hai1="5,6,52,55,95,96,97,101,103,109,111,128,131" hai2="11,15,18,23,31,64,65,87,88,93" hai3="19,21,25,49,53,54,57,58,92,94" /><INIT seed="2,1,1,1,1,67" ten="291,240,209,250" oya="2" hai0="23,5,4,53,39,27,63,81,96,43,106,103,25" hai1="21,8,107,14,74,36,3,13,75,44,126,108,101" hai2="18,117,109,62,24,19,11,46,58,35,133,123,99" hai3="30,49,7,100,57,91,129,37,10,28,6,17,50"/><V111/><F123/><W64/><G37/><T127/><D127/><U55/><E108/><N who="2" m="41547" /><F117/><W131/><G100/><T33/><D33/><U85/><E126/><V9/><F46/><W114/><G114/><T40/><D25/><U116/><E116/><V110/><F110/><W119/><G119/><T26/><D27/><U12/><E3/><V89/><F133/><W77/><G77/><T34/><D34/><U94/><E107/><V29/><F99/><W2/><G7/><T80/><D4/><U134/><E134/><V51/><F51/><W86/><G17/><N who="2" m="6153" /><F89/><W48/><G64/><AGARI ba="1,1" hai="9,11,24,29,35,58,62,64" m="6153,41547" machi="64" ten="30,2900,0" yaku="14,1,10,1" doraHai="67" who="2" fromWho="3" sc="291,0,240,0,209,42,250,-32" /><INIT seed="2,2,0,4,2,94" ten="291,240,251,218" oya="2" hai0="36,106,88,41,130,68,91,135,17,103,25,52,79" hai1="37,42,108,82,72,93,81,116,8,129,102,96,22" hai2="3,89,124,28,101,7,63,90,71,30,131,51,58" hai3="75,110,122,120,14,32,27,65,109,83,114,105,6"/><V29/><F131/><W92/><G105/><T64/><D130/><U62/><E129/><V97/><F124/><W15/><G114/><T34/><D135/><U74/><E116/><V107/><F7/><W115/><G115/><T112/><D112/><U100/><E108/><N who="3" m="41578" /><G65/><T16/><D79/><U70/><E8/><V126/><F3/><W12/><G92/><T50/><D36/><U99/><E22/><V19/><F126/><W4/><G83/><T2/><D2/><U133/><E133/><V121/><F121/><N who="3" m="46699" /><G75/><T23/><D34/><U118/><E118/><V69/><F19/><W0/><G0/><T20/><D41/><U95/><E42/><V134/><F134/><W1/><G1/><T85/><D64/><U98/><E37/><V87/><F90/><W45/><G45/><T132/><D68/><U24/><E70/><V44/><F89/><W66/><G66/><T86/><D132/><U38/><E38/><V39/><F39/><W61/><G61/><T35/><D35/><U104/><E62/><V10/><F71/><W113/><G113/><T111/><D111/><U78/><E24/><V46/><F69/><W77/><G77/><T49/><D106/><U9/><E9/><V67/><F10/><W11/><G11/><T84/><D103/><U13/><E13/><N who="3" m="3330" /><W128/><DORA hai="40" /><G128/><T55/><D85/><U125/><E125/><V21/><F87/><W117/><G117/><T80/><D80/><U59/><E104/><V56/><F67/><W31/><AGARI ba="2,0" hai="4,6,27,31,32" m="3330,46699,41578" machi="31" ten="40,5200,0" yaku="14,1,34,2" doraHai="94,40" who="3" fromWho="3" sc="291,-15,240,-15,251,-28,218,58" /><INIT seed="3,0,0,1,2,37" ten="276,225,223,276" oya="3" hai0="98,2,89,42,14,70,79,130,43,135,82,112,125" hai1="27,13,46,28,92,86,132,44,88,99,71,22,117" hai2="21,78,103,15,9,63,106,72,84,105,77,97,113" hai3="87,20,48,18,96,11,110,23,3,51,39,53,8"/><W80/><G39/><T47/><D2/><U114/><E71/><V54/><F106/><W133/><G133/><T104/><D70/><U33/><E132/><V0/><F0/><W59/><G96/><T61/><D135/><U75/><E75/><V127/><F113/><W122/><G122/><T73/><D112/><U7/><E114/><V101/><F101/><W19/><G51/><T24/><D130/><U83/><E117/><V91/><F21/><W102/><G102/><T31/><D125/><U118/><E118/><V5/><F127/><W66/><G66/><T111/><D111/><U36/><E36/><V126/><F126/><W116/><G116/><T81/><D61/><U6/><E33/><V129/><F129/><W45/><G59/><T10/><D47/><U34/><E34/><V109/><F109/><W124/><G3/><T58/><D58/><U93/><E93/><V60/><F54/><W29/><G29/><T90/><D104/><U1/><E1/><V17/><F5/><W123/><G123/><T41/><D82/><U67/><E67/><V76/><REACH who="2" step="1"/><F72/><REACH who="2" ten="276,225,213,276" step="2"/><W65/><G110/><T119/><D119/><U134/><E134/><V12/><F12/><N who="3" m="9287" /><G124/><T128/><D128/><U38/><E7/><V115/><F115/><W69/><G65/><T32/><REACH who="0" step="1"/><D98/><REACH who="0" ten="266,225,213,276" step="2"/><U131/><E131/><V49/><F49/><W121/><G121/><T74/><D74/><U4/><E38/><V108/><F108/><W57/><G69/><T64/><D64/><U68/><E68/><V94/><AGARI ba="0,2" hai="9,15,17,60,63,76,77,78,84,91,94,97,103,105" machi="94" ten="30,7900,0" yaku="1,1,0,1,53,2" doraHai="37" doraHaiUra="56" who="2" fromWho="2" sc="266,-20,225,-20,213,99,276,-39" /><INIT seed="4,0,0,0,2,3" ten="246,205,312,237" oya="0" hai0="26,20,43,89,66,110,13,47,60,23,111,74,106" hai1="58,108,101,46,77,62,0,100,61,91,16,56,35" hai2="123,120,125,64,7,127,128,42,32,105,4,112,135" hai3="6,82,17,52,21,69,80,93,29,22,126,5,97"/><T8/><D106/><U131/><E108/><N who="0" m="41513" /><D74/><U109/><E109/><V130/><F112/><W113/><G69/><N who="0" m="42183" /><D89/><U133/><E35/><V68/><F105/><W121/><G113/><T11/><D26/><U90/><E0/><V115/><F32/><W53/><G126/><N who="2" m="48137" /><F115/><W86/><G121/><N who="2" m="46665" /><F135/><W124/><G124/><T27/><D27/><U57/><E46/><V85/><F85/><W87/><G29/><T71/><D71/><U92/><E92/><V24/><F24/><W78/><G22/><N who="0" m="8235" /><D13/><U84/><E133/><V40/><F68/><W14/><G80/><T134/><D134/><U30/><E30/><V114/><F64/><W31/><G86/><T49/><AGARI ba="0,0" hai="8,11,43,47,49" m="8235,42183,41513" machi="49" ten="30,1500,0" yaku="10,1" doraHai="3" who="0" fromWho="0" sc="246,15,205,-5,312,-5,237,-5" /><INIT seed="4,1,0,5,4,20" ten="261,200,307,232" oya="0" hai0="35,16,51,60,71,24,106,70,38,76,64,95,128" hai1="129,8,63,116,118,125,25,78,87,73,14,17,61" hai2="39,121,10,66,41,30,44,34,52,0,104,37,53" hai3="6,134,42,97,68,45,93,32,83,1,69,58,109"/><T98/><D38/><U75/><E125/><V21/><F104/><W12/><G109/><T46/><D128/><U101/><E129/><V115/><F34/><W18/><G32/><T31/><D106/><U59/><E101/><V43/><F66/><W28/><G134/><T56/><D76/><U111/><E111/><V80/><F80/><W3/><G3/><T19/><D70/><U89/><E63/><V27/><F121/><W99/><G28/><T49/><D71/><U132/><E132/><V22/><F22/><W88/><G58/><T79/><D79/><U91/><E91/><V67/><F67/><W4/><G1/><T82/><D82/><U90/><E90/><V133/><F133/><W130/><G68/><T55/><REACH who="0" step="1"/><D49/><REACH who="0" ten="251,200,307,232" step="2"/><U85/><E78/><V100/><F37/><W5/><G69/><T123/><D123/><U74/><E116/><V92/><F39/><W127/><G130/><T2/><D2/><U131/><E118/><V103/><F0/><W47/><G83/><T15/><D15/><U50/><E50/><V23/><F92/><N who="3" m="56455" /><G127/><T72/><D72/><U110/><E131/><V113/><F113/><W107/><G107/><T77/><D77/><U119/><E119/><V108/><F115/><W120/><G120/><T26/><D26/><U62/><E25/><V102/><F27/><W36/><G36/><T122/><D122/><U126/><E126/><V7/><F108/><W135/><G135/><T48/><D48/><U54/><E110/><V81/><F81/><W57/><G42/><T112/><D112/><U29/><E75/><V124/><F43/><RYUUKYOKU ba="1,1" sc="251,30,200,-10,307,-10,232,-10" hai0="16,19,24,31,35,46,51,55,56,60,64,95,98" /><INIT seed="4,2,1,4,3,33" ten="281,190,297,222" oya="0" hai0="92,57,12,122,74,14,56,65,34,111,43,99,87" hai1="1,80,59,15,112,88,130,119,6,13,93,91,35" hai2="40,20,70,62,54,113,127,128,124,129,64,109,76" hai3="18,60,0,61,77,135,85,125,89,96,21,75,19"/><T42/><D74/><U44/><E119/><V132/><F109/><W101/><G125/><N who="2" m="48201" /><F76/><W106/><G0/><T90/><D34/><U68/><E68/><V5/><F5/><W50/><G135/><T46/><D111/><U16/><E35/><V104/><F104/><W103/><G103/><T134/><D122/><U123/><E123/><V30/><F40/><N who="0" m="15402" /><D134/><U82/><E44/><V126/><F126/><W116/><G116/><T84/><D46/><U79/><E130/><N who="2" m="50283" /><F113/><W8/><G77/><T53/><D65/><U100/><E112/><V10/><F10/><W55/><G8/><T133/><D133/><U121/><E121/><V78/><F78/><W23/><G75/><T118/><D118/><U22/><E79/><V36/><F36/><W67/><G106/><T48/><D57/><U69/><E69/><V102/><F102/><W3/><G101/><N who="0" m="60647" /><D87/><U39/><E39/><V51/><F132/><W81/><G85/><T37/><D37/><U115/><E115/><V71/><F71/><W2/><G96/><T25/><D25/><U27/><E100/><V117/><F117/><W52/><G89/><T97/><D97/><U120/><E120/><V9/><F9/><W49/><G81/><AGARI ba="2,1" hai="12,14,48,53,56,81,84,90" m="60647,15402" machi="81" ten="30,1500,0" yaku="8,1" doraHai="33" who="0" fromWho="3" sc="281,31,190,0,297,0,222,-21" /><INIT seed="4,3,0,2,5,37" ten="312,190,297,201" oya="0" hai0="17,46,107,32,67,106,41,30,5,19,128,12,89" hai1="44,73,133,135,64,62,114,6,35,102,68,130,65" hai2="59,93,2,33,3,77,100,74,113,14,23,11,108" hai3="28,60,39,104,92,115,81,124,24,105,70,112,66"/><T126/><D128/><U101/><E73/><V122/><F122/><W85/><G124/><T16/><D126/><U29/><E130/><V116/><F108/><W83/><G92/><T40/><D67/><U98/><E6/><V47/><F33/><W131/><G131/><T117/><D117/><U110/><E110/><V15/><F77/><W56/><G39/><T34/><D89/><U1/><E1/><V79/><F59/><W38/><G38/><T31/><D46/><U22/><E22/><V45/><F116/><W21/><G70/><T119/><D119/><U53/><E64/><V127/><F127/><W26/><G26/><T109/><D109/><U57/><E44/><V25/><F79/><W96/><G83/><T82/><D82/><U129/><E129/><V75/><F75/><W87/><G96/><T111/><D111/><U69/><E102/><V99/><F74/><W58/><G58/><T84/><D84/><N who="3" m="32329" /><G81/><T94/><D94/><U72/><E72/><V125/><F125/><W8/><G8/><T48/><D48/><U118/><E69/><V97/><F97/><W123/><G123/><T63/><D63/><U20/><E118/><V52/><F113/><AGARI ba="3,0" hai="21,24,28,56,60,66,104,105,112,113,115" m="32329" machi="113" ten="30,1000,0" yaku="15,1" doraHai="37" who="3" fromWho="2" sc="312,0,190,0,297,-19,201,19" /><INIT seed="5,0,0,4,4,56" ten="312,190,278,220" oya="1" hai0="40,47,11,42,134,49,25,32,90,65,129,107,9" hai1="22,109,64,89,38,113,91,77,87,74,1,24,103" hai2="135,97,121,10,110,75,37,115,95,99,36,13,8" hai3="52,116,35,6,104,132,53,85,73,43,14,120,88"/><U96/><E1/><V125/><F110/><W131/><G120/><T3/><D107/><U72/><E38/><V118/><F118/><W112/><G116/><T41/><D129/><U21/><E113/><V19/><F121/><W48/><G104/><T18/><D134/><U29/><E109/><V26/><F75/><W4/><G73/><T67/><D3/><U105/><E77/><V83/><F83/><W58/><G35/><T81/><D32/><U15/><E89/><V66/><F115/><W78/><G78/><T79/><D25/><U23/><E64/><N who="0" m="24649" /><D79/><U117/><E117/><V127/><F66/><W108/><G43/><N who="0" m="16459" /><D18/><U86/><E86/><AGARI ba="0,0" hai="9,11,42,47,49,81,86,90" m="16459,24649" machi="86" ten="30,1000,0" yaku="8,1" doraHai="56" who="0" fromWho="1" sc="312,10,190,-10,278,0,220,0" /><INIT seed="6,0,0,0,3,11" ten="322,180,278,220" oya="2" hai0="47,118,17,13,1,60,90,19,103,24,36,121,134" hai1="20,2,124,15,61,80,22,4,126,132,82,125,127" hai2="55,122,94,16,128,123,89,79,100,83,44,106,33" hai3="25,135,65,76,74,69,96,102,10,72,40,14,117"/><V58/><F33/><W77/><G117/><T49/><D1/><U115/><N who="1" m="32256" /><DORA hai="35" /><U41/><E115/><V28/><F28/><W3/><G135/><T54/><D118/><U18/><E132/><V98/><F128/><W109/><G109/><T78/><D134/><U131/><E131/><V64/><F64/><W66/><G40/><T43/><D121/><U87/><E41/><V92/><F44/><W42/><G42/><T39/><D78/><U119/><E119/><V111/><F111/><W48/><G3/><T104/><D104/><U70/><E87/><N who="2" m="52287" /><F94/><W12/><G25/><T81/><D103/><U88/><E88/><V34/><F34/><W67/><G69/><T21/><D60/><U56/><E70/><V29/><F29/><W26/><G26/><T5/><D5/><U129/><E22/><V99/><F99/><W27/><G27/><T63/><D63/><U38/><E38/><V6/><F6/><W105/><G10/><N who="0" m="6327" /><D43/><U31/><E31/><V68/><F68/><W37/><G37/><T116/><D116/><U9/><REACH who="1" step="1"/><E129/><REACH who="1" ten="322,170,278,220" step="2"/><V130/><F130/><W95/><G72/><T91/><D91/><U133/><E133/><V113/><F113/><W7/><G74/><T110/><D110/><U50/><E50/><N who="2" m="31095" /><F123/><W114/><G48/><T86/><AGARI ba="0,1" hai="19,21,24,36,39,47,49,54,81,86,90" m="6327" machi="86" ten="30,2000,0" yaku="25,1,52,1" doraHai="11,35" who="0" fromWho="0" sc="322,30,170,-5,278,-10,220,-5" /><INIT seed="7,0,0,4,0,39" ten="352,165,268,215" oya="3" hai0="81,13,11,48,49,40,20,31,118,95,67,4,130" hai1="44,90,108,14,8,2,6,25,9,121,37,32,82" hai2="107,18,114,0,116,53,28,117,52,78,17,101,133" hai3="64,26,76,91,132,85,119,54,15,70,33,16,66"/><W98/><G119/><T63/><D118/><U100/><E121/><V104/><F0/><W77/><G132/><T21/><D130/><U71/><E108/><V87/><F28/><W113/><G98/><T105/><D105/><U135/><E71/><V62/><F114/><W57/><G113/><T23/><D31/><U7/><E135/><V115/><F115/><W19/><G70/><T3/><D3/><U79/><E100/><V94/><F133/><W112/><G112/><T58/><D40/><U30/><E90/><V80/><F53/><W129/><G129/><T74/><D74/><U97/><E97/><V34/><F34/><W89/><G19/><T35/><D35/><U22/><E44/><V83/><F83/><N who="3" m="49343" /><G33/><T131/><D131/><U93/><E93/><V56/><F94/><W24/><G91/><T106/><D106/><U47/><E47/><V69/><F69/><W128/><G128/><T84/><D95/><U134/><E37/><V127/><F127/><W27/><G76/><AGARI ba="0,0" hai="4,11,13,20,21,23,48,49,58,63,67,76,81,84" machi="76" ten="40,1300,0" yaku="8,1" doraHai="39" who="0" fromWho="3" sc="352,13,165,0,268,0,215,-13" owari="365,46.0,165,-33.0,268,7.0,202,-20.0" /></mjloggm>