<mjloggm ver="2.3"><GO type="169" lobby="0"/><UN n0="%E7%8A%AC%E4%BE%8D" n1="%E3%82%A6%E3%83%AB%E3%83%88%E3%83%A9%E7%AB%8B%E7%9B%B4" n2="%76%61%67%69%6F" n3="%E7%84%A1%E7%A5%9E%E8%AB%96%E8%80%85" dan="16,16,16,16" rate="2123.05,2100.83,2065.05,2119.67" sx="M,M,M,M"/><TAIKYOKU oya="0"/><INIT seed="0,0,0,3,0,106" ten="250,250,250,250" oya="0" hai0="115,14,54,97,33,56,77,82,34,12,119,100,99" hai1="88,51,18,31,131,7,36,17,81,96,42,89,28" hai2="2,79,35,67,1,20,76,87,91,78,128,112,104" hai3="121,113,49,71,58,62,95,103,22,124,63,45,132"/><T59/><D119/><U117/><E36/><V15/><F35/><W37/><G113/><T134/><D115/><U30/><E7/><V10/><F104/><W46/><G124/><T93/><D134/><U52/><E42/><V66/><F128/><W126/><G126/><T86/><D99/><U38/><E38/><V108/><F108/><W127/><G127/><T111/><D111/><U105/><E131/><V98/><F98/><W72/><G71/><T60/><REACH who="0" step="1"/><D59/><REACH who="0" ten="240,250,250,250" step="2"/><N who="1" m="33183" /><E117/><V118/><F118/><W125/><G132/><T9/><D9/><U40/><E105/><V129/><F112/><W84/><G58/><T57/><D57/><U94/><E40/><V43/><F43/><W75/><G125/><T3/><D3/><U80/><E89/><V23/><F1/><W11/><G11/><T16/><D16/><AGARI ba="0,1" hai="16,17,18,28,30,31,80,81,88,94,96" m="33183" machi="16" ten="30,7700,0" yaku="8,1,54,3" doraHai="106" who="1" fromWho="0" sc="240,-77,250,87,250,0,250,0" /><INIT seed="1,0,0,2,5,5" ten="163,337,250,250" oya="1" hai0="50,12,130,6,70,72,118,102,101,124,54,46,10" hai1="39,61,95,103,125,4,76,110,19,92,133,34,113" hai2="127,120,85,8,64,20,35,24,117,3,49,99,86" hai3="73,13,132,114,107,44,22,89,111,15,23,109,41"/><U25/><E39/><V37/><F37/><W63/><G114/><T106/><D118/><U0/><E113/><V87/><F35/><W29/><G107/><T47/><D72/><U91/><E76/><V90/><F120/><W126/><G73/><T128/><D124/><U31/><E125/><V18/><F117/><W27/><G126/><T96/><D70/><U38/><E38/><V28/><F64/><W9/><G63/><T30/><D102/><U134/><E110/><V62/><F62/><W69/><G69/><T79/><D79/><U52/><E103/><V51/><F127/><W11/><G89/><T68/><D68/><U26/><E4/><V123/><F123/><W59/><G59/><T58/><REACH who="0" step="1"/><D30/><REACH who="0" ten="153,337,250,250" step="2"/><U80/><E31/><V94/><F28/><W83/><G111/><T7/><D7/><U77/><E77/><V53/><F3/><W121/><G109/><T116/><D116/><U71/><E0/><V78/><F78/><W42/><G121/><T57/><D57/><U93/><E71/><V88/><F90/><W81/><G29/><T115/><D115/><U74/><E74/><V129/><F88/><W105/><G44/><AGARI ba="0,1" hai="6,10,12,44,46,47,50,54,58,96,101,106,128,130" machi="44" ten="40,5200,0" yaku="1,1,52,1,53,1" doraHai="5" doraHaiUra="100" who="0" fromWho="3" sc="153,62,337,0,250,0,250,-52" /><INIT seed="2,0,0,5,4,0" ten="215,337,250,198" oya="2" hai0="32,48,49,5,128,31,1,18,109,103,68,132,53" hai1="54,98,36,112,19,80,73,35,70,101,11,55,85" hai2="51,71,22,24,4,61,105,95,111,133,106,64,129" hai3="38,10,114,87,42,2,6,102,127,100,123,93,96"/><V79/><F133/><W50/><G123/><T126/><D132/><U47/><E35/><V52/><F129/><W9/><G127/><T17/><D126/><U34/><E34/><V83/><F95/><W33/><G33/><T16/><D68/><U130/><E70/><V91/><F91/><W120/><G38/><T27/><D128/><U69/><E69/><V74/><F111/><W3/><G120/><T110/><D103/><U99/><E73/><V107/><F4/><W57/><G87/><T59/><REACH who="0" step="1"/><D49/><REACH who="0" ten="205,337,250,198" step="2"/><U119/><E101/><V15/><F15/><W78/><G102/><T56/><D56/><U115/><E130/><V43/><F43/><W92/><G57/><T20/><D20/><U45/><E119/><V88/><F107/><W113/><G42/><T63/><D63/><U97/><E36/><V62/><F62/><W65/><G50/><T135/><D135/><U23/><E23/><V82/><F22/><W25/><G100/><T131/><D131/><U12/><E112/><V72/><F106/><W8/><G114/><T84/><D84/><U37/><E115/><V29/><F105/><W40/><G40/><T125/><D125/><U67/><E37/><V7/><F72/><W76/><G113/><T81/><D81/><U14/><E85/><V28/><F82/><W94/><G3/><T121/><D121/><U124/><E80/><V86/><F86/><W77/><G2/><T21/><D21/><U46/><E124/><V116/><F74/><W58/><G58/><T117/><D117/><U13/><E98/><V90/><F116/><W104/><G104/><RYUUKYOKU ba="0,1" sc="205,30,337,-10,250,-10,198,-10" hai0="1,5,16,17,18,27,31,32,48,53,59,109,110" /><BYE who="3" /><INIT seed="3,1,1,4,1,12" ten="235,327,240,188" oya="3" hai0="4,14,104,79,43,16,134,5,50,47,24,1,55" hai1="35,101,61,45,19,119,44,33,58,100,118,109,48" hai2="68,74,18,80,2,72,132,93,10,37,87,88,20" hai3="64,67,39,38,115,94,36,111,91,113,122,26,25"/><W77/><G77/><T49/><D104/><U76/><E76/><V133/><F68/><W123/><G123/><T51/><D134/><U112/><E112/><V103/><F37/><W78/><G78/><T89/><D79/><U135/><E135/><N who="2" m="51787" /><F2/><UN n3="%E7%84%A1%E7%A5%9E%E8%AB%96%E8%80%85" /><W126/><G122/><T96/><D24/><N who="3" m="9321" /><G126/><T110/><D110/><U57/><E109/><V102/><F10/><W107/><G107/><T69/><D69/><U22/><E35/><V42/><F42/><W120/><G120/><T83/><D1/><U3/><E33/><V124/><F124/><W82/><G82/><T131/><D131/><U34/><E34/><V105/><F105/><W116/><G116/><T28/><D28/><U8/><E8/><V9/><F9/><W13/><G13/><T53/><D43/><U46/><E3/><V11/><F11/><W75/><G75/><N who="2" m="28713" /><F80/><W52/><G111/><T30/><D30/><U127/><E127/><V86/><F86/><N who="3" m="52599" /><G115/><T92/><D83/><U70/><E70/><V71/><F71/><W17/><G113/><T95/><D95/><U62/><E118/><V60/><F60/><N who="1" m="23145" /><E119/><V98/><F87/><W65/><G39/><T114/><D114/><U0/><E0/><V84/><F84/><W85/><G85/><T125/><D125/><U7/><E7/><N who="0" m="2633" /><D47/><U23/><E46/><V99/><F99/><W41/><G41/><T81/><D81/><U128/><E45/><V21/><F21/><AGARI ba="1,1" hai="14,16,21,49,50,51,53,55,89,92,96" m="2633" machi="21" ten="30,3900,0" yaku="8,1,52,1,54,1" doraHai="12" who="0" fromWho="2" sc="235,52,327,0,240,-42,188,0" /><INIT seed="4,0,0,0,1,7" ten="287,327,198,188" oya="0" hai0="104,105,8,120,102,21,62,46,66,92,63,44,25" hai1="131,12,4,132,93,42,96,79,95,31,50,74,67" hai2="123,2,128,135,28,51,47,117,115,108,48,129,10" hai3="34,65,24,43,18,57,19,90,73,72,61,121,99"/><T29/><D120/><U16/><E131/><N who="2" m="50251" /><F123/><W70/><G121/><T45/><D104/><U38/><E38/><V13/><F2/><W106/><G43/><T77/><D105/><U88/><E132/><V76/><F108/><W100/><G90/><T119/><D119/><U35/><E4/><N who="2" m="3271" /><F135/><W49/><G49/><T101/><D77/><U122/><E122/><V11/><F117/><W33/><G57/><N who="0" m="37199" /><D63/><U78/><E74/><V107/><F107/><W125/><G125/><T40/><D40/><U32/><E32/><V89/><F76/><W81/><G34/><T56/><D56/><U36/><E36/><V15/><F28/><N who="3" m="19591" /><G72/><T54/><D54/><U94/><E31/><V116/><F116/><W98/><G18/><T127/><D127/><U86/><E35/><V60/><F60/><W80/><G19/><T133/><D133/><U126/><E126/><V64/><F64/><W111/><G111/><T5/><D92/><N who="1" m="35435" /><E67/><V1/><F1/><W26/><G73/><T39/><D39/><U134/><E134/><V17/><F47/><W87/><G106/><T91/><D91/><U41/><E41/><V97/><F89/><W20/><G65/><T113/><D45/><N who="1" m="25911" /><E86/><V69/><F69/><W3/><G87/><T0/><D46/><U83/><E83/><N who="3" m="31818" /><G3/><T75/><D44/><U85/><E85/><V37/><F37/><W112/><G70/><T6/><D75/><U118/><E118/><V110/><F110/><W52/><G61/><T9/><D0/><U82/><E82/><V114/><F97/><W124/><G124/><T27/><D29/><U84/><E84/><RYUUKYOKU ba="0,0" sc="287,-15,327,15,198,15,188,-15" hai1="12,16,78,79,88,95,96" hai2="11,15,17,48,51,114,115" /><INIT seed="5,1,0,5,0,90" ten="272,342,213,173" oya="1" hai0="120,103,11,45,25,74,32,5,28,42,9,135,38" hai1="51,37,13,96,107,61,21,6,7,77,47,98,75" hai2="63,3,64,129,128,109,119,60,79,71,58,125,83" hai3="20,50,86,87,102,65,106,27,101,48,34,2,31"/><U130/><E37/><V115/><F3/><W113/><G2/><T0/><D135/><U118/><E118/><V18/><F119/><W108/><G108/><T97/><D120/><U26/><E75/><V133/><F109/><W121/><G121/><T19/><D11/><U10/><E77/><V35/><F35/><W70/><G113/><T76/><D19/><U126/><E126/><V110/><F110/><W1/><G1/><T73/><REACH who="0" step="1"/><D76/><REACH who="0" ten="262,342,213,173" step="2"/><U66/><E7/><V117/><F18/><W93/><G106/><AGARI ba="1,1" hai="0,5,9,25,28,32,38,42,45,73,74,97,103,106" machi="106" ten="30,12000,2" yaku="1,1,2,1,7,1,33,3,53,1" doraHai="90" doraHaiUra="69" who="0" fromWho="3" sc="262,133,342,0,213,0,173,-123" /><INIT seed="6,0,0,5,2,52" ten="395,342,213,50" oya="2" hai0="75,107,88,17,117,96,77,33,51,46,24,43,67" hai1="13,95,110,37,122,56,116,66,87,28,121,36,108" hai2="86,18,49,127,47,11,102,82,74,123,94,58,62" hai3="41,3,31,100,10,32,55,131,35,114,106,68,111"/><V42/><F123/><N who="1" m="47113" /><E28/><V132/><F132/><W29/><G111/><N who="1" m="42538" /><E13/><N who="2" m="7487" /><F127/><W40/><G68/><T119/><D67/><U4/><E4/><V125/><F74/><W118/><G118/><T38/><D33/><U73/><E73/><V134/><F134/><W20/><G131/><T64/><D64/><U71/><E71/><V76/><F125/><W1/><G100/><T9/><D107/><U130/><E116/><V78/><F78/><W133/><G106/><T15/><D77/><U104/><E104/><V124/><F124/><W89/><G89/><T70/><D24/><U92/><E130/><V57/><F62/><W101/><G101/><T6/><D75/><U5/><E5/><V135/><F135/><W115/><G133/><T50/><D70/><U113/><E113/><V23/><F23/><W59/><G20/><T48/><D6/><U97/><E97/><AGARI ba="0,0" hai="42,47,49,57,58,76,82,86,94,97,102" m="7487" machi="97" ten="30,5800,0" yaku="8,1,52,2" doraHai="52" who="2" fromWho="1" sc="395,0,342,-58,213,58,50,0" /><INIT seed="6,1,0,5,3,20" ten="395,284,271,50" oya="2" hai0="40,51,0,104,64,38,39,108,113,24,131,73,97" hai1="29,84,126,133,76,93,16,129,67,10,119,128,99" hai2="5,121,57,116,78,14,120,19,53,82,75,130,95" hai3="17,94,83,47,91,124,36,34,33,66,18,56,50"/><V65/><F116/><W69/><G124/><T8/><D108/><U7/><E119/><V35/><F35/><W37/><G83/><T122/><D122/><U62/><E126/><V32/><F32/><W80/><G80/><T43/><D73/><U26/><E133/><V55/><F130/><N who="1" m="50281" /><E84/><V132/><F132/><W90/><G56/><T61/><D131/><U9/><E76/><V45/><F5/><W48/><G47/><T11/><D113/><U115/><E7/><V117/><F117/><W79/><G94/><T6/><D11/><U118/><E118/><V23/><F95/><W1/><G66/><T21/><D39/><U110/><E110/><V100/><F100/><W70/><REACH who="3" step="1"/><G1/><REACH who="3" ten="395,284,271,40" step="2"/><T58/><D0/><U89/><E115/><V41/><F65/><W27/><G27/><T105/><D58/><U15/><E67/><V92/><F92/><W103/><G103/><T114/><D24/><U127/><E127/><V86/><F75/><W13/><G13/><T85/><D64/><U44/><E44/><V135/><F135/><W111/><G111/><T49/><D114/><U31/><E62/><V102/><F102/><W3/><G3/><T71/><D61/><U46/><E46/><V106/><F57/><W77/><AGARI ba="1,1" hai="17,18,33,34,36,37,48,50,69,70,77,79,90,91" machi="77" ten="25,6400,0" yaku="1,1,0,1,22,2,53,0" doraHai="20" doraHaiUra="88" who="3" fromWho="3" sc="395,-17,284,-17,271,-33,40,77" /><INIT seed="7,0,0,4,1,120" ten="378,267,238,117" oya="3" hai0="82,132,72,77,109,116,113,41,50,62,115,21,40" hai1="27,54,35,66,102,8,128,90,117,29,16,71,42" hai2="14,6,49,67,70,104,55,12,79,119,39,33,73" hai3="23,112,1,68,89,65,94,130,96,107,95,121,58"/><W85/><G68/><T86/><D109/><U84/><E128/><V111/><F39/><W43/><G121/><T20/><D116/><U57/><E42/><N who="0" m="16489" /><D50/><U9/><E117/><V64/><F111/><W126/><G130/><T92/><D62/><U13/><E102/><V134/><F33/><W7/><G126/><T30/><D30/><U15/><E66/><V24/><F134/><W87/><G112/><N who="0" m="43083" /><D132/><U61/><E71/><V131/><F24/><W51/><G107/><T53/><D53/><U25/><E29/><V19/><F6/><W32/><G32/><T91/><AGARI ba="0,0" hai="20,21,72,77,82,86,91,92" m="43083,16489" machi="91" ten="30,2000,0" yaku="15,1,11,1" doraHai="120" who="0" fromWho="0" sc="378,20,267,-5,238,-5,117,-10" owari="398,50.0,262,6.0,233,-17.0,107,-39.0" /></mjloggm>