<mjloggm ver="2.3"><GO type="97" lobby="0"/><UN n0="%E3%83%AD%E3%82%B8%E3%82%AB%E3%83%AB" n1="%E3%83%8F%E3%83%96%E3%82%B1%E3%82%A4%E3%82%B9%E3%82%B1" n2="%E3%82%A6%E3%83%AB%E3%83%88%E3%83%A9%E7%AB%8B%E7%9B%B4" n3="%E3%82%BD%E3%83%BC%E3%83%8A%E3%83%B3%E3%82%B9" dan="15,15,14,13" rate="2068.12,2035.16,1962.04,1863.94" sx="M,M,M,M"/><TAIKYOKU oya="0"/><INIT seed="0,0,0,0,5,21" ten="250,250,250,250" oya="0" hai0="28,93,6,92,120,3,44,81,5,78,83,119,10" hai1="113,90,30,19,115,91,46,85,57,97,23,39,34" hai2="42,74,131,108,68,37,127,80,47,98,8,103,107" hai3="101,16,118,31,96,79,29,121,11,116,67,65,109"/><T49/><D120/><U110/><E110/><V17/><F127/><W105/><G109/><T36/><D119/><U22/><E57/><V132/><F108/><W45/><G121/><T71/><D71/><U38/><E97/><V24/><F131/><W62/><G118/><T84/><D28/><U66/><E66/><V133/><F68/><W82/><G116/><T135/><D135/><U20/><E19/><V43/><F43/><W58/><G45/><T15/><D5/><U63/><E63/><V112/><F112/><N who="1" m="43081" /><E46/><V77/><F17/><W40/><G40/><T87/><D36/><N who="1" m="13867" /><E85/><V125/><F125/><W100/><G100/><T14/><D3/><U99/><E99/><V122/><F122/><W114/><G67/><T33/><D15/><U59/><E59/><V126/><F126/><W1/><G114/><T117/><D33/><U48/><E48/><V12/><F12/><W61/><G61/><T35/><D35/><U89/><E34/><V13/><F13/><W106/><G106/><T86/><D117/><U9/><E9/><V88/><F8/><W123/><G123/><T69/><D69/><U76/><E76/><V51/><F51/><W95/><G105/><T53/><D86/><U73/><E73/><V104/><F104/><W56/><G56/><T54/><D54/><U41/><E41/><V130/><F130/><W128/><G128/><T7/><D7/><U26/><AGARI ba="0,0" hai="20,22,23,26,30,89,90,91" m="13867,43081" machi="26" ten="40,2700,0" yaku="11,1,52,1" doraHai="21" who="1" fromWho="1" sc="250,-13,250,27,250,-7,250,-7" /><INIT seed="1,0,0,3,4,49" ten="237,277,243,243" oya="1" hai0="109,44,4,127,131,35,96,6,94,87,2,10,14" hai1="8,124,24,99,121,70,48,123,64,107,62,7,21" hai2="89,51,116,31,46,25,122,97,67,66,40,103,113" hai3="63,100,129,52,12,22,65,59,41,57,71,117,118"/><U130/><E130/><V27/><F122/><W84/><G100/><T69/><D35/><U82/><E124/><V112/><F116/><N who="3" m="44651" /><G84/><T132/><D69/><U32/><E32/><V110/><F89/><W88/><G129/><T18/><D127/><U90/><E48/><V5/><F5/><W55/><G88/><T0/><D131/><U108/><E108/><V83/><F83/><W134/><G134/><T101/><D109/><U79/><E90/><V104/><F25/><W74/><G74/><T53/><D132/><U26/><E99/><V78/><F78/><W106/><G106/><T86/><D0/><U98/><E98/><V23/><REACH who="2" step="1"/><F110/><REACH who="2" ten="237,277,233,243" step="2"/><W17/><G41/><T56/><D44/><U93/><E24/><V29/><F29/><W68/><G65/><AGARI ba="0,1" hai="23,27,31,40,46,51,65,66,67,97,103,104,112,113" machi="65" ten="40,2600,0" yaku="1,1,53,1" doraHai="49" doraHaiUra="38" who="2" fromWho="3" sc="237,0,277,0,233,36,243,-26" /><INIT seed="2,0,0,5,2,88" ten="237,277,269,217" oya="2" hai0="117,116,81,6,65,61,25,93,85,27,21,119,4" hai1="3,52,69,24,56,134,86,99,97,14,33,11,7" hai2="78,100,80,62,51,72,10,45,20,108,41,83,122" hai3="105,74,101,0,67,13,9,53,106,95,34,129,84"/><V102/><F122/><W26/><G74/><T66/><D65/><U120/><E69/><V22/><F108/><W59/><G0/><T124/><D124/><U132/><E120/><V8/><F62/><W31/><G129/><T37/><D37/><U112/><E112/><V63/><F63/><W23/><G34/><T54/><D54/><U123/><E123/><V94/><F83/><W35/><G35/><T89/><D81/><U55/><E86/><N who="2" m="48407" /><F100/><W133/><G133/><N who="1" m="51306" /><E3/><V126/><F72/><W57/><G106/><T113/><D113/><U38/><E38/><V39/><F39/><W15/><G105/><T58/><REACH who="0" step="1"/><D27/><REACH who="0" ten="227,277,269,217" step="2"/><U131/><E55/><V70/><F126/><W29/><G29/><AGARI ba="0,1" hai="4,6,21,25,29,58,61,66,85,89,93,116,117,119" machi="29" ten="40,8000,1" yaku="1,1,2,1,12,1,52,1,53,0" doraHai="88" doraHaiUra="49" who="0" fromWho="3" sc="227,90,277,0,269,0,217,-80" /><INIT seed="3,0,0,0,4,76" ten="317,277,269,137" oya="3" hai0="108,106,111,34,26,85,50,95,131,86,31,3,133" hai1="9,59,2,102,52,68,21,101,43,75,92,125,35" hai2="129,12,13,80,17,79,84,119,94,130,58,90,81" hai3="44,42,135,25,72,112,91,7,107,36,57,77,0"/><W6/><G112/><T5/><D106/><U11/><E68/><V27/><F119/><W10/><G7/><T74/><D74/><U32/><E75/><V51/><F27/><W40/><G40/><T83/><D133/><U33/><E43/><V93/><F58/><W103/><G135/><T128/><D50/><U100/><E125/><V105/><F51/><W55/><G25/><T60/><D60/><U47/><E47/><V127/><F105/><W78/><G91/><N who="0" m="53743" /><D5/><U120/><E120/><V69/><F69/><W23/><G23/><T53/><D53/><U89/><E21/><N who="2" m="11431" /><F13/><W28/><G28/><T20/><D34/><U29/><E29/><V61/><F61/><W48/><REACH who="3" step="1"/><G72/><REACH who="3" ten="317,277,269,127" step="2"/><T54/><D3/><U126/><E2/><V67/><F127/><W15/><G15/><T16/><D31/><U115/><E126/><V98/><F130/><N who="0" m="49706" /><D54/><U99/><REACH who="1" step="1"/><E115/><REACH who="1" ten="317,267,269,127" step="2"/><V97/><F129/><W113/><G113/><T121/><D121/><U62/><AGARI ba="0,2" hai="9,11,32,33,35,52,59,62,89,92,99,100,101,102" machi="62" ten="40,8000,1" yaku="1,1,2,1,0,1,54,1,53,1" doraHai="76" doraHaiUra="87" who="1" fromWho="1" sc="317,-20,267,100,269,-20,127,-40" owari="297,10.0,367,46.0,249,-15.0,87,-41.0" /></mjloggm>