<mjloggm ver="2.3"><GO type="97" lobby="0"/><UN n0="%E5%B0%8F%E3%81%95%E3%81%98%E2%99%AA" n1="%E3%82%A6%E3%83%AB%E3%83%88%E3%83%A9%E7%AB%8B%E7%9B%B4" n2="%6C%69%67%68%74%69%6E%67" n3="%E8%89%B2%E3%81%AF%E5%8C%82%E3%81%B8%E3%81%A9%E6%95%A3%E3%82%8A" dan="13,14,14,15" rate="1879.10,1917.21,1924.03,1996.91" sx="M,M,M,M"/><TAIKYOKU oya="0"/><INIT seed="0,0,0,1,4,36" ten="250,250,250,250" oya="0" hai0="122,126,57,12,120,77,88,20,74,2,132,84,93" hai1="107,134,29,128,116,80,52,72,98,112,23,76,62" hai2="69,54,119,124,15,87,123,86,4,6,127,45,83" hai3="37,133,118,21,8,92,113,85,24,102,60,14,55"/><T64/><D2/><U61/><E116/><V0/><F123/><W50/><G118/><T73/><D132/><U19/><E112/><V44/><F119/><W31/><G113/><T58/><D126/><N who="2" m="48170" /><F69/><W46/><G133/><T11/><D20/><U81/><E128/><V27/><F0/><W101/><G37/><T47/><D47/><N who="2" m="17994" /><F27/><W117/><G117/><T13/><D13/><U71/><E134/><V75/><F54/><W53/><G60/><T18/><D122/><U99/><E29/><V33/><F33/><W38/><G38/><T56/><D120/><U40/><E71/><V131/><F131/><W49/><G85/><N who="2" m="32265" /><F15/><W63/><G63/><T35/><D35/><U114/><E62/><V5/><F83/><W51/><G92/><T91/><D91/><U115/><E81/><V79/><F79/><W90/><G90/><T108/><D77/><U9/><E115/><V111/><F111/><W7/><REACH who="3" step="1"/><G50/><REACH who="3" ten="250,250,250,240" step="2"/><T42/><D108/><U125/><E114/><V95/><F95/><W39/><G39/><T1/><D93/><U32/><E125/><V78/><F78/><W68/><G68/><T110/><D110/><U121/><E61/><V70/><F70/><W103/><G103/><T22/><D88/><U96/><E76/><V34/><F34/><W17/><G17/><T25/><D18/><U67/><E32/><V97/><F97/><N who="1" m="37481" /><E19/><V109/><F109/><W94/><G94/><T106/><D106/><U129/><E99/><V26/><F75/><W10/><G10/><T105/><D74/><U48/><E9/><V135/><F135/><W3/><G3/><RYUUKYOKU ba="0,1" sc="250,-15,250,-15,250,15,240,15" hai2="4,5,6,26" hai3="7,8,14,21,24,31,46,49,51,53,55,101,102" /><INIT seed="1,1,1,4,1,98" ten="235,235,265,255" oya="1" hai0="124,35,123,33,93,90,61,19,72,44,104,126,105" hai1="10,28,100,46,112,108,127,43,2,59,4,13,94" hai2="87,80,82,52,77,121,23,107,79,101,60,73,91" hai3="51,3,106,36,39,119,25,56,47,16,17,65,68"/><U110/><E112/><V78/><F121/><W115/><G3/><T55/><D72/><U84/><E59/><V71/><F71/><W37/><G115/><T20/><D123/><U14/><E28/><V86/><F23/><W120/><G120/><T117/><D117/><U111/><E127/><N who="0" m="48681" /><D61/><U57/><E57/><V22/><F22/><W53/><G119/><T99/><D55/><U18/><E18/><V74/><F52/><W8/><G106/><N who="0" m="41067" /><D44/><U15/><E84/><N who="2" m="50567" /><F60/><W85/><G68/><T89/><D89/><U128/><E128/><V31/><F31/><W102/><G85/><N who="2" m="32265" /><F82/><W24/><G65/><T133/><D133/><U38/><E2/><V63/><F63/><W70/><G70/><T69/><D69/><U11/><E11/><V122/><F122/><W131/><G47/><T88/><D90/><U26/><E26/><AGARI ba="1,1" hai="19,20,26,33,35,88,93,99" m="41067,48681" machi="26" ten="30,2000,0" yaku="18,1,54,1" doraHai="98" who="0" fromWho="1" sc="235,33,235,-23,265,0,255,0" /><INIT seed="2,0,0,5,0,16" ten="268,212,265,255" oya="2" hai0="113,96,36,123,6,128,0,34,53,117,71,35,25" hai1="79,42,116,41,4,15,20,93,102,21,9,77,12" hai2="14,97,13,73,87,63,114,56,99,69,131,118,107" hai3="18,2,61,46,80,126,98,40,60,8,104,78,10"/><V135/><F118/><W54/><G126/><T132/><RYUUKYOKU type="yao9" ba="0,0" sc="268,0,212,0,265,0,255,0" hai0="0,6,25,34,35,36,53,71,96,113,117,123,128,132" /><INIT seed="2,1,0,1,2,67" ten="268,212,265,255" oya="2" hai0="90,54,28,127,118,124,101,89,55,84,6,121,129" hai1="38,66,80,119,115,2,7,41,18,64,93,13,75" hai2="42,19,123,47,20,29,132,53,52,135,40,73,126" hai3="99,134,30,81,107,96,17,4,8,10,104,3,71"/><V114/><F123/><W86/><G134/><N who="2" m="51241" /><F114/><W48/><G30/><T79/><D121/><U110/><E110/><V35/><F73/><W74/><G74/><T22/><D118/><U26/><E115/><V24/><F126/><N who="0" m="48170" /><D129/><U105/><E105/><V117/><F117/><W113/><G113/><T59/><D101/><U125/><E26/><N who="2" m="18871" /><F40/><W12/><G48/><AGARI ba="1,0" hai="19,20,24,42,47,48,52,53" m="18871,51241" machi="48" ten="30,2900,0" yaku="20,1,54,1" doraHai="67" who="2" fromWho="3" sc="268,0,212,0,265,32,255,-32" /><INIT seed="2,2,0,5,5,102" ten="268,212,297,223" oya="2" hai0="64,24,62,83,116,118,85,115,74,35,25,65,72" hai1="41,59,57,94,40,117,32,56,82,31,135,110,113" hai2="98,125,37,129,39,130,23,134,106,5,34,3,20" hai3="114,96,12,19,88,16,84,8,7,90,120,28,86"/><V97/><F34/><W91/><G120/><T21/><D115/><U42/><E117/><N who="0" m="45161" /><D35/><U108/><E113/><V133/><F3/><W50/><G114/><T9/><D9/><U1/><E1/><V89/><F5/><W71/><G71/><N who="0" m="42391" /><D65/><U101/><E135/><N who="2" m="51723" /><F125/><W131/><G131/><N who="2" m="50185" /><F89/><W80/><G28/><N who="0" m="17423" /><D25/><U49/><E31/><V75/><F75/><W46/><G96/><N who="2" m="36969" /><F106/><W38/><G38/><AGARI ba="2,0" hai="20,23,37,38,39" m="36969,50185,51723" machi="38" ten="40,12000,1" yaku="28,2,20,1,19,1" doraHai="102" who="2" fromWho="3" sc="268,0,212,0,297,126,223,-126" /><INIT seed="2,3,0,0,4,111" ten="268,212,423,97" oya="2" hai0="52,62,93,39,122,80,42,29,76,110,132,112,107" hai1="43,5,30,12,11,74,105,65,131,126,53,40,60" hai2="34,23,91,99,46,37,7,19,88,48,120,96,15" hai3="64,24,28,9,21,16,124,72,75,89,114,56,50"/><V13/><F120/><W106/><G106/><T81/><D122/><U82/><E105/><V121/><F34/><W98/><G124/><T22/><D107/><U95/><E131/><V109/><F121/><W41/><G41/><T66/><D110/><U73/><E73/><V63/><F37/><W102/><G89/><N who="2" m="34377" /><F109/><W134/><G134/><T130/><D130/><U97/><E126/><V125/><F63/><W100/><G98/><N who="2" m="37417" /><F125/><W44/><G72/><T6/><D132/><U32/><E32/><V123/><F123/><W85/><G75/><T59/><D39/><U68/><E30/><V26/><F7/><W25/><G85/><T70/><D42/><AGARI ba="3,0" hai="13,15,19,23,26,42,46,48" m="37417,34377" machi="42" ten="30,2900,0" yaku="8,1,54,1" doraHai="111" who="2" fromWho="0" sc="268,-38,212,0,423,38,97,0" /><INIT seed="2,4,0,4,4,101" ten="230,212,461,97" oya="2" hai0="98,54,100,119,19,120,35,84,59,69,31,68,72" hai1="126,46,5,88,0,112,40,50,8,116,71,102,55" hai2="79,51,124,97,43,104,76,45,83,123,49,127,86" hai3="129,93,66,57,32,17,52,105,22,110,81,7,115"/><V16/><F123/><W47/><G110/><T78/><D72/><U74/><E116/><V20/><F79/><W2/><G32/><T114/><D114/><U109/><E112/><V65/><F65/><W90/><G129/><T34/><D120/><U121/><E121/><V94/><F51/><W103/><G115/><T62/><D119/><U25/><E109/><V77/><F77/><W61/><G7/><T38/><D38/><U91/><E71/><V73/><F73/><W12/><G2/><T41/><D41/><U133/><E126/><V111/><F111/><W15/><G81/><T23/><D34/><U95/><E133/><V107/><F124/><W24/><G103/><T39/><D39/><U1/><E1/><V92/><F92/><W96/><G105/><T125/><D125/><U6/><E6/><V75/><F86/><W30/><G30/><T130/><D130/><U63/><E74/><V28/><F28/><W18/><G18/><T70/><D84/><U113/><E113/><V53/><F43/><W27/><G27/><T132/><D78/><U33/><E102/><V82/><F82/><W11/><G11/><T67/><D132/><U118/><E118/><V89/><F127/><W85/><G85/><T36/><D36/><U80/><E80/><V56/><F45/><W64/><REACH who="3" step="1"/><G47/><REACH who="3" ten="230,212,461,87" step="2"/><T122/><D31/><N who="1" m="19695" /><E95/><V131/><F131/><W21/><G21/><T135/><D35/><U26/><E26/><AGARI ba="4,1" hai="16,20,26,49,53,56,75,76,83,89,94,97,104,107" machi="26" ten="30,11600,0" yaku="7,1,52,2,54,1" doraHai="101" who="2" fromWho="1" sc="230,0,212,-128,461,138,87,0" /><INIT seed="2,5,0,2,0,95" ten="230,84,599,87" oya="2" hai0="11,104,127,10,14,31,59,108,68,112,81,63,54" hai1="58,39,102,105,80,38,43,128,48,56,96,24,6" hai2="74,84,25,129,50,110,78,130,46,120,29,131,82" hai3="87,0,5,123,7,27,41,75,44,62,1,19,115"/><V67/><F120/><W114/><G123/><T70/><D112/><N who="3" m="43049" /><G75/><T28/><D127/><U69/><E69/><V94/><F110/><W135/><G135/><T122/><D122/><U101/><E128/><V118/><F118/><W49/><G62/><T103/><D108/><U90/><E6/><N who="3" m="2058" /><G87/><T121/><D81/><U88/><E24/><V53/><F67/><W73/><G73/><T83/><D121/><U51/><E80/><V124/><F124/><W133/><G133/><T42/><D83/><U36/><E43/><V52/><F94/><W125/><G125/><T109/><D42/><U20/><E20/><AGARI ba="5,0" hai="0,1,19,20,27,41,44,49" m="2058,43049" machi="20" ten="30,1000,0" yaku="11,1" doraHai="95" who="3" fromWho="1" sc="230,0,84,-25,599,0,87,25" /><INIT seed="3,0,0,3,2,99" ten="230,59,599,112" oya="3" hai0="45,98,31,14,58,56,119,1,76,19,133,41,28" hai1="97,32,129,90,84,108,85,106,24,47,13,64,17" hai2="39,74,73,55,127,30,118,33,6,15,65,131,46" hai3="134,57,92,37,79,112,10,95,130,43,3,42,96"/><W86/><G112/><T66/><D119/><U94/><E108/><V132/><F118/><W5/><G134/><T113/><D1/><U16/><E129/><V87/><F132/><W70/><G130/><T22/><D113/><U78/><E64/><V34/><F131/><W67/><G37/><T49/><D133/><U83/><E106/><V121/><F39/><W72/><G70/><T91/><D76/><U44/><E32/><V101/><F121/><W27/><G72/><T36/><D36/><U35/><E35/><V81/><F127/><W18/><G18/><T107/><D107/><U25/><E25/><V29/><F101/><W100/><G27/><N who="0" m="16503" /><D31/><U62/><E62/><V20/><F87/><W115/><G115/><T50/><D50/><U120/><E120/><V105/><F65/><W40/><G57/><T128/><D128/><U111/><E111/><V21/><F105/><W68/><G68/><T8/><D66/><U54/><E54/><V126/><F55/><W7/><G7/><T123/><D123/><U77/><E24/><V80/><F15/><W103/><G67/><T117/><D117/><U59/><E59/><V9/><F6/><W93/><REACH who="3" step="1"/><G96/><REACH who="3" ten="230,59,599,102" step="2"/><T125/><D125/><U124/><E124/><V89/><F126/><W104/><G104/><T2/><D98/><U114/><E114/><V71/><F71/><W4/><G4/><T51/><D58/><U23/><E17/><V122/><F122/><W63/><G63/><T11/><D56/><U88/><E78/><V116/><F74/><W61/><G61/><T82/><D19/><U60/><E60/><RYUUKYOKU ba="0,1" sc="230,-15,59,15,599,-15,102,15" hai1="13,16,23,44,47,77,83,84,85,88,90,94,97" hai3="3,5,10,40,42,43,79,86,92,93,95,100,103" /><INIT seed="3,1,1,1,3,107" ten="215,74,584,117" oya="3" hai0="20,0,70,80,13,38,71,64,75,15,88,127,124" hai1="102,96,131,135,84,10,115,104,123,33,97,51,50" hai2="82,60,101,48,49,66,120,67,79,117,42,62,90" hai3="52,109,21,32,1,65,55,83,59,99,76,53,45"/><W43/><G1/><T87/><D38/><U28/><E123/><V86/><F117/><W8/><G32/><T92/><D0/><U98/><E115/><V56/><F120/><W27/><G8/><T25/><D64/><U2/><E33/><V134/><F134/><W78/><G109/><T7/><D7/><U5/><E135/><V128/><F128/><W23/><G99/><N who="0" m="57735" /><D75/><U22/><E131/><V18/><F101/><W111/><G111/><T112/><D112/><U29/><E97/><V34/><F34/><W100/><G100/><T63/><D63/><U108/><E108/><V116/><F116/><W125/><G125/><N who="0" m="48203" /><D13/><U91/><E98/><V94/><F18/><W36/><G78/><N who="0" m="46487" /><D15/><U72/><E72/><V39/><F39/><W85/><REACH who="3" step="1"/><G27/><REACH who="3" ten="215,74,584,107" step="2"/><T14/><D14/><U24/><REACH who="1" step="1"/><E28/><AGARI ba="1,2" hai="20,25,28,70,71" m="46487,48203,57735" machi="28" ten="30,2000,0" yaku="18,1,54,1" doraHai="107" who="0" fromWho="1" sc="215,43,74,-23,584,0,107,0" owari="258,6.0,51,-45.0,584,68.0,107,-29.0" /></mjloggm>