<mjloggm ver="2.3"><GO type="169" lobby="0"/><UN n0="%E3%83%A1%E3%83%A9%E3%82%BE%E4%B8%80%E3%83%9E" n1="%E3%81%99%E3%81%9F%E3%83%BC%E3%82%89%E3%81%84%E3%81%A8%E3%81%B3%E3%83%BC" n2="%E3%82%A6%E3%83%AB%E3%83%88%E3%83%A9%E7%AB%8B%E7%9B%B4" n3="%E9%81%8B%E3%81%8C%E3%81%BB%E3%81%BC%E5%85%A8%E3%81%A6" dan="16,17,17,16" rate="2107.21,2156.64,2152.46,2117.43" sx="M,M,M,M"/><TAIKYOKU oya="0"/><INIT seed="0,0,0,3,2,83" ten="250,250,250,250" oya="0" hai0="45,111,80,55,78,94,14,90,125,133,42,49,20" hai1="116,88,54,82,70,34,109,7,72,47,51,8,68" hai2="57,11,75,87,81,31,21,23,73,69,112,98,110" hai3="2,119,106,107,135,120,44,3,118,10,37,16,22"/><T0/><D0/><U134/><E134/><V67/><BYE who="1" /><F69/><W61/><G135/><T89/><D133/><U96/><E96/><V56/><F110/><W1/><G120/><T64/><D125/><U132/><E132/><V12/><F112/><W103/><G10/><T26/><D64/><U104/><E104/><V77/><F98/><W86/><G86/><N who="0" m="48407" /><D111/><U18/><E18/><V15/><F75/><W46/><G61/><T40/><D14/><N who="2" m="5162" /><F73/><W59/><G59/><N who="2" m="22601" /><F67/><W6/><G6/><T122/><D122/><U79/><E79/><V84/><F11/><W39/><G103/><T117/><D117/><N who="3" m="44553" /><G16/><N who="0" m="12551" /><D89/><U113/><E113/><V43/><F31/><W24/><G22/><T9/><D9/><U102/><E102/><V95/><F43/><W130/><G106/><T65/><D65/><U121/><E121/><V5/><F5/><W36/><G107/><T100/><D100/><U30/><E30/><V71/><F71/><W50/><G3/><T124/><D124/><U29/><E29/><V32/><F32/><W108/><G2/><T114/><D114/><U99/><E99/><AGARI ba="0,0" hai="40,42,45,49,55,90,94,99" m="12551,48407" machi="99" ten="30,5800,0" yaku="8,1,52,1,54,1" doraHai="83" who="0" fromWho="1" sc="250,58,250,-58,250,0,250,0" /><INIT seed="0,1,0,0,0,131" ten="308,192,250,250" oya="0" hai0="123,115,61,111,114,30,38,85,116,29,105,98,18" hai1="94,19,49,128,26,11,33,80,47,32,86,108,35" hai2="74,127,79,3,125,6,100,50,24,2,113,81,99" hai3="22,95,106,20,92,1,112,124,39,57,117,70,62"/><T77/><D38/><U72/><E72/><V40/><F113/><W27/><G112/><T12/><D123/><U121/><E121/><V67/><F67/><W16/><G117/><T89/><D116/><U101/><E101/><V78/><F78/><W107/><G70/><T0/><D0/><U51/><E51/><V84/><F74/><W28/><G39/><T65/><D111/><U76/><E76/><V52/><F40/><W56/><G1/><T45/><D45/><U64/><E64/><V129/><F24/><W4/><G4/><T60/><D60/><U46/><E46/><V8/><F3/><W91/><G124/><T69/><D114/><U96/><E96/><V104/><REACH who="2" step="1"/><F129/><REACH who="2" ten="308,192,240,250" step="2"/><W122/><G122/><T102/><D77/><U87/><E87/><V58/><AGARI ba="1,1" hai="2,6,8,50,52,58,79,81,84,99,100,104,125,127" machi="58" ten="30,8000,1" yaku="1,1,2,1,0,1,54,1,53,1" doraHai="131" doraHaiUra="7" who="2" fromWho="2" sc="308,-41,192,-21,240,93,250,-21" /><INIT seed="1,0,0,2,5,113" ten="267,171,333,229" oya="1" hai0="109,3,92,33,51,122,132,12,131,20,18,36,10" hai1="15,76,8,81,35,64,71,135,87,74,130,102,104" hai2="29,24,100,89,21,125,118,32,23,11,44,7,72" hai3="42,6,17,4,34,66,79,106,22,134,107,123,28"/><U55/><E55/><V52/><F72/><W2/><G123/><T94/><D36/><U38/><E38/><V99/><F125/><W59/><G134/><T19/><D122/><U115/><E115/><V96/><F118/><W85/><G42/><T127/><D132/><U116/><E116/><V112/><F112/><W101/><G34/><T105/><D105/><U63/><E63/><V61/><F89/><W83/><G28/><T80/><D109/><U78/><E78/><V48/><F61/><W57/><G107/><T91/><D131/><U98/><E98/><V133/><F133/><W62/><G59/><T86/><D127/><U65/><E65/><V1/><REACH who="2" step="1"/><F96/><REACH who="2" ten="267,171,323,229" step="2"/><W97/><REACH who="3" step="1"/><G2/><REACH who="3" ten="267,171,323,219" step="2"/><T75/><D3/><U119/><E119/><V111/><F111/><W47/><G47/><T26/><D33/><U129/><E129/><V54/><F54/><W39/><G39/><T37/><D37/><U77/><E77/><V27/><F27/><AGARI ba="0,2" hai="4,6,17,22,27,57,62,66,79,83,85,97,101,106" machi="27" ten="30,2000,0" yaku="1,1,7,1,53,0" doraHai="113" doraHaiUra="5" who="3" fromWho="2" sc="267,0,171,0,323,-20,219,40" /><INIT seed="2,0,0,4,1,111" ten="267,171,303,259" oya="2" hai0="128,34,24,79,6,122,30,28,121,55,105,135,108" hai1="10,80,124,78,5,27,110,114,74,70,54,12,57" hai2="61,129,42,97,65,81,130,20,16,41,11,7,116" hai3="91,118,13,48,106,119,93,107,21,125,2,3,40"/><V117/><F97/><UN n1="%E3%81%99%E3%81%9F%E3%83%BC%E3%82%89%E3%81%84%E3%81%A8%E3%81%B3%E3%83%BC" /><W43/><G125/><T39/><D105/><U46/><E70/><V36/><F81/><W92/><G48/><T26/><D39/><U64/><E110/><V14/><F117/><W53/><G13/><T47/><D79/><U56/><E124/><V15/><F116/><W8/><G8/><T73/><D73/><U115/><E27/><V84/><F84/><W83/><G21/><T100/><D100/><U62/><REACH who="1" step="1"/><E46/><REACH who="1" ten="267,161,303,259" step="2"/><V88/><F129/><W35/><G119/><T99/><D108/><U4/><E4/><V69/><F130/><W85/><G118/><T90/><D128/><U96/><E96/><V76/><F69/><W103/><G107/><T22/><D26/><U82/><E82/><V66/><F7/><W50/><G106/><T29/><D24/><U101/><E101/><V58/><F15/><W37/><G83/><T44/><D121/><U0/><E0/><V77/><F14/><W63/><G2/><T49/><D122/><U32/><E32/><V68/><F68/><W9/><G35/><T98/><D98/><U38/><E38/><V19/><F36/><W132/><G103/><T72/><D99/><U51/><AGARI ba="0,1" hai="5,10,12,51,54,56,57,62,64,74,78,80,114,115" machi="51" ten="20,8000,1" yaku="1,1,0,1,7,1,52,2,53,0" doraHai="111" doraHaiUra="126" who="1" fromWho="1" sc="267,-20,161,90,303,-40,259,-20" /><INIT seed="3,0,0,1,2,120" ten="247,251,263,239" oya="3" hai0="38,41,67,113,101,102,90,70,85,87,4,23,134" hai1="21,125,35,91,83,56,27,131,2,34,98,47,82" hai2="50,80,33,75,53,94,24,63,18,93,20,40,126" hai3="89,65,46,99,9,111,88,10,76,135,71,115,19"/><W128/><G115/><T29/><D134/><U54/><E131/><V116/><F116/><W3/><G135/><T26/><D113/><U11/><E125/><V37/><F126/><W107/><G128/><T66/><D85/><U73/><E47/><V14/><F37/><W123/><G123/><T36/><D70/><U100/><E83/><V114/><F114/><W51/><G76/><T105/><D105/><U58/><E58/><V127/><F63/><W118/><G118/><T62/><D4/><U92/><E11/><V30/><F40/><W13/><G111/><T28/><D41/><U43/><E43/><V119/><F119/><W22/><G71/><T42/><D42/><U59/><E59/><V16/><F127/><W44/><G65/><T106/><D106/><U109/><E2/><V60/><F60/><W97/><G46/><T95/><D29/><U32/><E109/><V133/><F18/><W8/><G3/><T129/><D129/><U68/><E68/><V84/><F75/><W31/><G31/><T86/><D86/><U39/><E39/><V96/><F96/><N who="3" m="36939" /><G107/><T5/><D36/><U0/><E0/><V77/><REACH who="2" step="1"/><F133/><REACH who="2" ten="247,251,253,239" step="2"/><W117/><G117/><T52/><D38/><U103/><E73/><V108/><F108/><W15/><G15/><T64/><D5/><U48/><REACH who="1" step="1"/><E82/><REACH who="1" ten="247,241,253,239" step="2"/><V130/><F130/><W25/><G13/><T45/><D62/><U61/><E61/><V132/><F132/><W74/><G74/><T55/><D55/><AGARI ba="0,2" hai="8,9,10,19,22,25,44,51,55,88,89" m="36939" machi="55" ten="30,2900,0" yaku="8,1,54,1" doraHai="120" who="3" fromWho="0" sc="247,-29,241,0,253,0,239,49" /><INIT seed="3,1,0,4,5,125" ten="218,241,253,288" oya="3" hai0="62,45,88,48,106,42,29,46,38,131,91,70,119" hai1="10,23,3,25,95,111,124,54,112,118,15,8,21" hai2="67,32,59,52,57,120,31,51,79,135,61,65,27" hai3="96,75,68,127,92,113,28,22,5,115,108,122,12"/><W132/><G122/><T14/><D119/><U99/><E111/><V60/><F135/><W105/><G105/><T36/><D106/><U77/><E124/><V98/><F79/><W97/><G127/><T85/><D29/><U55/><E112/><V103/><F120/><W78/><G68/><T6/><D131/><U130/><E130/><V37/><F37/><W17/><G132/><T83/><D91/><U64/><E77/><V117/><F117/><W56/><G108/><T41/><D70/><U66/><E3/><V53/><REACH who="2" step="1"/><F51/><REACH who="2" ten="218,241,243,288" step="2"/><W128/><G78/><T58/><D48/><U116/><E116/><V126/><F126/><W72/><G115/><T33/><D33/><U71/><E118/><V18/><F18/><W4/><G17/><T81/><D6/><U82/><E71/><V84/><F84/><W2/><G5/><T73/><D73/><U44/><E8/><V123/><F123/><W47/><G4/><T121/><D121/><U94/><E10/><V0/><F0/><W26/><G2/><T110/><D110/><U134/><E134/><V133/><F133/><W74/><G75/><T40/><D40/><U87/><E87/><V9/><F9/><W109/><G74/><T50/><D50/><U86/><E86/><V114/><F114/><W100/><G72/><T24/><D38/><U35/><E35/><V69/><F69/><W80/><G109/><T11/><D36/><U104/><E23/><V49/><F49/><W20/><G22/><T30/><D11/><U16/><E21/><V102/><F102/><W34/><G113/><T1/><D85/><RYUUKYOKU ba="1,1" sc="218,-10,241,-10,243,30,288,-10" hai2="27,31,32,52,53,57,59,60,61,65,67,98,103" /><INIT seed="4,2,1,3,4,20" ten="208,231,273,278" oya="0" hai0="134,126,107,70,91,29,63,125,112,95,69,100,16" hai1="93,35,123,90,60,117,68,49,47,18,64,128,14" hai2="75,97,67,2,122,116,113,114,54,110,83,120,51" hai3="103,15,44,30,39,108,55,40,9,50,118,130,119"/><T6/><D112/><N who="2" m="43114" /><F2/><W85/><G108/><T88/><D134/><U92/><E128/><V56/><F110/><W32/><G130/><T105/><D6/><U133/><E133/><V26/><F116/><W41/><G103/><T46/><D29/><U24/><E123/><V5/><F5/><W102/><G102/><T52/><D91/><U87/><E117/><V59/><F97/><W81/><G32/><T4/><D4/><U10/><E35/><V33/><F67/><W38/><G30/><T11/><D69/><U111/><E111/><V43/><F59/><W3/><G3/><T25/><D70/><U96/><E24/><V131/><F43/><W58/><G39/><T109/><D109/><U106/><E106/><V1/><F1/><W84/><G40/><T0/><D0/><U115/><E115/><V86/><F75/><W98/><G98/><N who="0" m="57703" /><D100/><U121/><E121/><V22/><F33/><W127/><G127/><N who="0" m="48651" /><D11/><U53/><REACH who="1" step="1"/><E96/><REACH who="1" ten="208,221,273,278" step="2"/><V99/><F99/><W66/><G119/><T37/><D37/><U73/><E73/><V132/><F132/><W104/><G104/><T48/><D63/><U82/><AGARI ba="2,2" hai="10,14,18,47,49,53,60,64,68,82,87,90,92,93" machi="82" ten="20,8000,1" yaku="1,1,0,1,7,1,25,2,53,0" doraHai="20" doraHaiUra="36" who="1" fromWho="1" sc="208,-42,221,106,273,-22,278,-22" /><INIT seed="5,0,0,0,2,111" ten="166,327,251,256" oya="1" hai0="64,90,29,26,102,87,39,78,49,124,45,77,65" hai1="62,74,5,18,1,68,135,56,134,70,35,130,19" hai2="101,76,38,128,125,116,40,9,20,115,88,113,41" hai3="22,48,23,46,104,54,55,47,58,126,120,114,96"/><U110/><E74/><V66/><F116/><W30/><G120/><T72/><D124/><U27/><E130/><V57/><F128/><W108/><G108/><T118/><D118/><U91/><E110/><V34/><F34/><W14/><G126/><T63/><D39/><U133/><E1/><V84/><F76/><W131/><G131/><T79/><D102/><U86/><E5/><V59/><F101/><W127/><G127/><T97/><D97/><U98/><E98/><V109/><F109/><W31/><G104/><T112/><D112/><N who="2" m="43082" /><F125/><W85/><G114/><T12/><D12/><U4/><E35/><V95/><F38/><W32/><G14/><T24/><D72/><U81/><E4/><V71/><F9/><W73/><G73/><T107/><D107/><U7/><E7/><V92/><F92/><W117/><G32/><T69/><D65/><N who="1" m="39111" /><E27/><V15/><F71/><AGARI ba="0,0" hai="18,19,68,70,71,81,86,91,133,134,135" m="39111" machi="71" ten="40,2000,0" yaku="20,1" doraHai="111" who="1" fromWho="2" sc="166,0,327,20,251,-20,256,0" /><INIT seed="5,1,0,0,1,118" ten="166,347,231,256" oya="1" hai0="38,71,66,102,130,112,97,70,16,84,57,22,34" hai1="110,68,55,58,54,89,67,29,44,127,24,59,51" hai2="76,77,91,95,42,73,74,60,107,85,99,3,129" hai3="1,10,96,19,135,39,52,81,0,23,27,26,113"/><U6/><E6/><V2/><F42/><W126/><G39/><T47/><D112/><U87/><E127/><V50/><F50/><W115/><G126/><T37/><D34/><U78/><E78/><N who="2" m="30315" /><F60/><W30/><G135/><T65/><D130/><U125/><E110/><V69/><F69/><W75/><G75/><N who="2" m="28681" /><F3/><W121/><G81/><T7/><D84/><U5/><E5/><V17/><F17/><W100/><G121/><T108/><D7/><U124/><E68/><V105/><F2/><W4/><G1/><T31/><D31/><U123/><E123/><V21/><F21/><W114/><G52/><T11/><D11/><U101/><E67/><V61/><F61/><W134/><G134/><T88/><D102/><U25/><E44/><V49/><F49/><W117/><G117/><T128/><D108/><U120/><E120/><V13/><F13/><N who="3" m="9711" /><G96/><T56/><D128/><U20/><E55/><V45/><F45/><W83/><G83/><T40/><D37/><U106/><E54/><V93/><F129/><W53/><G100/><AGARI ba="1,0" hai="85,91,93,95,99,100,105,107" m="28681,30315" machi="100" ten="30,8000,1" yaku="35,5" doraHai="118" who="2" fromWho="3" sc="166,0,347,0,231,83,256,-83" /><INIT seed="6,0,0,5,5,40" ten="166,347,314,173" oya="2" hai0="118,107,84,97,133,116,57,124,2,60,46,4,80" hai1="27,19,99,62,11,119,61,36,55,18,32,12,78" hai2="102,49,0,129,125,113,111,100,117,127,76,45,93" hai3="30,9,90,87,77,75,35,135,38,64,41,73,3"/><V34/><F117/><N who="0" m="45162" /><D133/><U59/><E36/><V104/><F34/><W10/><G135/><T28/><D124/><N who="2" m="47690" /><F0/><W82/><G75/><T121/><D28/><U85/><E32/><V47/><F113/><W53/><G64/><N who="0" m="38927" /><D46/><N who="2" m="17418" /><F129/><W88/><G3/><T50/><D50/><U74/><E62/><V109/><F49/><W106/><G106/><T115/><D121/><U130/><E61/><V123/><F123/><W24/><G38/><T44/><D44/><U1/><E1/><V39/><F39/><W98/><G41/><T17/><D2/><U69/><E130/><V25/><F25/><W8/><G53/><T114/><D4/><U14/><E55/><V92/><F76/><W101/><REACH who="3" step="1"/><G73/><REACH who="3" ten="166,347,314,163" step="2"/><T67/><D114/><U70/><E74/><V63/><F104/><W6/><G6/><T96/><D115/><U5/><E5/><V112/><F112/><W122/><G122/><T126/><D126/><U37/><E37/><V26/><F63/><W86/><G86/><T108/><D84/><U21/><E85/><V95/><F26/><W31/><G31/><T15/><D107/><U58/><E27/><V23/><F23/><W68/><G68/><T16/><D108/><AGARI ba="0,1" hai="92,93,95,100,102,108,109,111" m="17418,47690" machi="108" ten="40,18000,2" yaku="28,2,10,1,18,1,52,3" doraHai="40" who="2" fromWho="0" sc="166,-180,347,0,314,190,163,0" owari="-14,-51.0,347,15.0,504,60.0,163,-24.0" /></mjloggm>