<mjloggm ver="2.3"><GO type="41" lobby="0"/><UN n0="%E3%83%8F%E3%83%B3%E3%81%A1%E3%82%83%E3%82%93" n1="%E3%81%88%E3%81%8F%E3%81%86" n2="%E3%82%A6%E3%83%AB%E3%83%88%E3%83%A9%E7%AB%8B%E7%9B%B4" n3="%73%69%76%69%67%6C%69%61" dan="13,14,15,13" rate="1834.94,1965.42,2035.51,1857.24" sx="M,M,M,M"/><TAIKYOKU oya="0"/><INIT seed="0,0,0,1,1,125" ten="250,250,250,250" oya="0" hai0="45,23,114,12,15,60,36,91,128,38,13,96,79" hai1="129,81,119,16,74,93,108,101,111,66,52,87,112" hai2="113,88,5,24,97,10,133,22,102,41,135,83,104" hai3="118,68,103,110,35,49,117,2,92,67,34,84,123"/><T6/><D114/><U99/><E119/><V69/><F69/><W44/><G2/><T29/><D79/><U43/><E112/><V127/><F41/><W47/><G110/><T31/><D60/><U56/><E66/><V63/><F63/><W130/><G123/><T61/><D61/><N who="1" m="35975" /><E43/><V18/><F127/><W100/><G130/><T48/><D6/><U121/><E74/><V95/><F83/><W26/><G67/><T55/><D128/><U89/><E121/><V28/><F28/><W4/><G68/><T126/><D126/><U132/><E132/><V17/><F17/><W57/><G4/><T90/><D96/><U70/><E70/><V40/><F40/><W109/><G109/><N who="1" m="42058" /><E16/><V94/><F113/><W77/><G117/><T65/><D65/><U106/><E129/><V54/><F54/><W20/><G118/><T105/><D105/><AGARI ba="0,0" hai="81,87,89,93,99,101,105,106" m="42058,35975" machi="105" ten="30,2000,0" yaku="14,1,54,1" doraHai="125" who="1" fromWho="0" sc="250,-20,250,20,250,0,250,0" /><INIT seed="1,0,0,5,3,39" ten="230,270,250,250" oya="1" hai0="88,115,16,27,122,108,52,23,25,111,38,65,35" hai1="20,28,34,19,37,54,71,69,134,48,10,64,6" hai2="99,4,68,61,0,26,102,93,45,95,55,128,120" hai3="131,114,18,1,85,53,63,74,70,105,109,12,82"/><U75/><E37/><V87/><F120/><W96/><G114/><T42/><D115/><U127/><E75/><V9/><F128/><W21/><G74/><T76/><D76/><U80/><E64/><V81/><F26/><W67/><G131/><T101/><D65/><U30/><E134/><V97/><F68/><W13/><G109/><N who="0" m="42059" /><D101/><U24/><E127/><V90/><F61/><W57/><G1/><T44/><D122/><U77/><E30/><V62/><F62/><W91/><G96/><T33/><D27/><U31/><E31/><V2/><F55/><W132/><G105/><T22/><D22/><U8/><E8/><V100/><F45/><W117/><G117/><T78/><D78/><U49/><E80/><V86/><REACH who="2" step="1"/><F87/><REACH who="2" ten="230,270,240,250" step="2"/><W129/><G129/><T121/><D121/><U15/><E77/><V14/><AGARI ba="0,1" hai="0,2,4,9,14,81,86,90,93,95,97,99,100,102" machi="14" ten="20,8000,1" yaku="1,1,2,1,0,1,7,1,9,1,53,0" doraHai="39" doraHaiUra="51" who="2" fromWho="2" sc="230,-20,270,-40,240,90,250,-20" /><INIT seed="2,0,0,2,0,121" ten="210,230,330,230" oya="2" hai0="126,74,38,134,50,30,115,80,15,41,66,71,101" hai1="92,98,10,35,100,79,61,103,130,131,62,68,19" hai2="65,44,49,51,17,94,95,55,104,2,118,21,72" hai3="29,58,69,20,37,122,3,112,34,31,108,116,70"/><V9/><F104/><W67/><G116/><T81/><D115/><U123/><E123/><V97/><F72/><W11/><G122/><T26/><D134/><U5/><E35/><V133/><F118/><W89/><G112/><T12/><D126/><U120/><E120/><V87/><F65/><W105/><G108/><T32/><D101/><U60/><E79/><V86/><F133/><W39/><G34/><T33/><D38/><U27/><E68/><V45/><F94/><W88/><G105/><T1/><D1/><U0/><E27/><V47/><F9/><W59/><G39/><T53/><D33/><U106/><E19/><V18/><F2/><W48/><G37/><T25/><D41/><U14/><E0/><V7/><F7/><W119/><G119/><T96/><D25/><U124/><E124/><V90/><F47/><W13/><G3/><T102/><D74/><U16/><E5/><V6/><F6/><W76/><G76/><T42/><D42/><U85/><E103/><V78/><F78/><W117/><G117/><T91/><D80/><U127/><E127/><V52/><F18/><N who="3" m="8511" /><G69/><T46/><D81/><U56/><E56/><V75/><F75/><W110/><G110/><T113/><D91/><N who="3" m="34889" /><G70/><T107/><D113/><U64/><E64/><V73/><F73/><W109/><G109/><T135/><D135/><U84/><REACH who="1" step="1"/><E106/><REACH who="1" ten="210,220,330,230" step="2"/><V4/><F4/><W23/><G67/><T36/><D36/><U22/><E22/><N who="3" m="8234" /><G59/><T28/><D28/><U24/><E24/><AGARI ba="0,1" hai="17,21,24,44,45,49,51,52,55,86,87,90,95,97" machi="24" ten="30,11600,0" yaku="7,1,9,1,8,1,54,1" doraHai="121" who="2" fromWho="1" sc="210,0,220,-116,330,126,230,0" /><INIT seed="2,1,0,0,4,38" ten="210,104,456,230" oya="2" hai0="8,114,124,135,83,78,42,76,119,97,88,104,72" hai1="118,134,60,81,93,69,113,2,120,63,128,40,98" hai2="50,67,37,0,58,46,71,74,75,66,25,24,112" hai3="111,49,35,14,9,133,13,108,7,55,18,31,129"/><V94/><F0/><W90/><G129/><T79/><D8/><U106/><E106/><V20/><F112/><W34/><G133/><T59/><D59/><U21/><E2/><V103/><F25/><W27/><G35/><T110/><D135/><U22/><E118/><V30/><F71/><W26/><G90/><T11/><D11/><U29/><E113/><V101/><F37/><W57/><REACH who="3" step="1"/><G26/><REACH who="3" ten="210,104,456,220" step="2"/><T39/><D114/><U64/><E134/><V126/><F24/><W73/><G73/><T84/><D119/><U86/><E128/><V87/><F75/><W89/><G89/><T115/><D115/><U10/><E120/><V99/><F74/><W16/><G16/><T109/><D124/><U100/><E29/><V62/><F126/><W95/><G95/><T5/><D5/><U32/><E32/><V41/><F30/><W121/><G121/><T12/><D72/><U107/><E107/><V82/><F103/><W92/><G92/><T23/><D110/><U54/><E10/><AGARI ba="1,1" hai="7,9,10,13,14,18,27,31,34,49,55,57,108,111" machi="10" ten="40,1300,0" yaku="1,1,53,0" doraHai="38" doraHaiUra="19" who="3" fromWho="1" sc="210,0,104,-16,456,0,220,26" /><INIT seed="3,0,0,2,4,95" ten="210,88,456,246" oya="3" hai0="65,43,63,118,0,76,64,14,5,25,120,24,53" hai1="28,39,129,79,106,89,87,13,113,84,46,7,100" hai2="44,6,121,98,20,33,35,94,112,123,12,45,135" hai3="81,36,92,60,122,125,23,2,116,90,119,71,107"/><W86/><G122/><N who="2" m="46601" /><F135/><W67/><G36/><T77/><D120/><U66/><E113/><V101/><F112/><W49/><G107/><T124/><D118/><U3/><E3/><V127/><F127/><W37/><G37/><T52/><D124/><U70/><E129/><V18/><F6/><W69/><G2/><T109/><D0/><U22/><E79/><N who="0" m="30281" /><D43/><U114/><E114/><V99/><F99/><W31/><G125/><T29/><D109/><U102/><E106/><V73/><F73/><W108/><G108/><T96/><D96/><U50/><E39/><V117/><F117/><W38/><G38/><T110/><D110/><U72/><E72/><V48/><F45/><W8/><G8/><N who="0" m="4367" /><D29/><U41/><E87/><V9/><F9/><W74/><G71/><T40/><D40/><AGARI ba="0,0" hai="12,18,20,33,35,40,44,48,94,98,101" m="46601" machi="40" ten="30,2000,0" yaku="13,1,52,1" doraHai="95" who="2" fromWho="0" sc="210,-20,88,0,456,20,246,0" /><INIT seed="4,0,0,0,1,40" ten="190,88,476,246" oya="0" hai0="20,0,61,13,32,96,101,130,133,93,100,121,75" hai1="67,107,128,5,87,119,11,91,103,14,28,122,19" hai2="83,59,27,21,44,94,82,53,3,63,64,62,30" hai3="58,77,45,72,6,99,34,50,47,56,12,120,24"/><T31/><D0/><U33/><E122/><V42/><F3/><W41/><G120/><T66/><D32/><U25/><E119/><V38/><F94/><W74/><G99/><T9/><D75/><U113/><E128/><V97/><F97/><W79/><G34/><T109/><D133/><U108/><E108/><V52/><F53/><W98/><G98/><T71/><D130/><U125/><E125/><V132/><F132/><W92/><G92/><T110/><D121/><U86/><E67/><V22/><F22/><W117/><G117/><T81/><D81/><U114/><E103/><V131/><F131/><W26/><G74/><T4/><D100/><U23/><E107/><V10/><F10/><N who="3" m="4183" /><G72/><T95/><D95/><U15/><REACH who="1" step="1"/><E91/><REACH who="1" ten="190,78,476,246" step="2"/><V51/><F62/><W37/><G79/><T134/><D134/><U84/><AGARI ba="0,1" hai="5,11,14,15,19,23,25,28,33,84,86,87,113,114" machi="84" ten="30,4000,0" yaku="1,1,2,1,0,1,53,0" doraHai="40" doraHaiUra="69" who="1" fromWho="1" sc="190,-20,78,50,476,-10,246,-10" /><INIT seed="5,0,0,0,5,129" ten="170,128,466,236" oya="1" hai0="42,99,115,73,90,77,120,94,71,17,51,65,87" hai1="108,78,121,91,36,26,107,79,49,128,126,35,47" hai2="61,97,63,101,103,16,39,111,23,110,125,131,113" hai3="30,13,38,55,64,96,7,130,80,46,57,116,132"/><U32/><E121/><V67/><F39/><W59/><G130/><T33/><D120/><U21/><E36/><V88/><F131/><W82/><G132/><T40/><D115/><U4/><E107/><V54/><F125/><W100/><G116/><T109/><D33/><U118/><E118/><V11/><F11/><W27/><G64/><T19/><D109/><U122/><E122/><V133/><F133/><W0/><G0/><T5/><D5/><U86/><E128/><V3/><F3/><W24/><G24/><T102/><D71/><U29/><E126/><V60/><F113/><W76/><G82/><T112/><D65/><U81/><E108/><V50/><F67/><W134/><G134/><T83/><D112/><U2/><E4/><V123/><F123/><W84/><G7/><T20/><D51/><U104/><E104/><V68/><F68/><W14/><G59/><T10/><D19/><U52/><REACH who="1" step="1"/><E2/><REACH who="1" ten="170,118,466,236" step="2"/><V114/><F111/><W119/><G38/><T69/><D10/><U48/><E48/><V85/><F110/><W135/><G119/><T62/><D69/><U58/><E58/><V41/><F114/><W9/><G135/><T34/><D62/><U6/><E6/><V98/><F61/><W74/><G57/><T31/><D31/><U95/><E95/><V37/><F60/><W44/><G30/><T75/><D34/><AGARI ba="0,1" hai="21,26,29,32,34,35,47,49,52,78,79,81,86,91" machi="34" ten="40,3900,0" yaku="1,1,54,1,53,0" doraHai="129" doraHaiUra="8" who="1" fromWho="0" sc="170,-39,118,49,466,0,236,0" /><INIT seed="5,1,0,5,3,6" ten="131,167,466,236" oya="1" hai0="60,116,104,37,56,103,44,45,13,69,135,108,131" hai1="95,41,101,71,16,89,22,1,65,2,8,115,120" hai2="12,39,63,90,43,73,29,14,114,47,66,4,79" hai3="26,78,105,28,3,20,51,59,85,86,36,11,32"/><U76/><E120/><V83/><F114/><W130/><G36/><T21/><D116/><U121/><E121/><V35/><F29/><W126/><G105/><T55/><D108/><U77/><E115/><V58/><F35/><W134/><G134/><T25/><D135/><U122/><E122/><V119/><F119/><W31/><G130/><T18/><D131/><U98/><E41/><V7/><F7/><W49/><G126/><T5/><D103/><U92/><E1/><V42/><F42/><W133/><G133/><T72/><D104/><U48/><E48/><V33/><F33/><W50/><G32/><T118/><D72/><U97/><E65/><V82/><F4/><W96/><G3/><T10/><D118/><U112/><E112/><V100/><F100/><W34/><G34/><T94/><D37/><U124/><E124/><V52/><F66/><W84/><G78/><T0/><D69/><U123/><E123/><V62/><F62/><W15/><G31/><T67/><D67/><U30/><E30/><V113/><F113/><W61/><G96/><T128/><D128/><U40/><E40/><V125/><F125/><W75/><G75/><T109/><D109/><U132/><E132/><V17/><F17/><N who="3" m="8447" /><G51/><T23/><D94/><U64/><E64/><AGARI ba="1,0" hai="20,26,28,49,50,59,61,64,84,85,86" m="8447" machi="64" ten="30,2000,0" yaku="8,1,52,1" doraHai="6" who="3" fromWho="1" sc="131,0,167,-23,466,0,236,23" /><INIT seed="6,0,0,5,2,101" ten="131,144,466,259" oya="2" hai0="24,90,118,2,38,62,34,19,96,69,27,133,57" hai1="114,72,105,1,120,124,123,84,16,60,125,97,21" hai2="111,58,113,70,32,126,112,131,14,7,53,87,0" hai3="15,103,56,86,5,61,122,127,98,128,49,116,28"/><V6/><F70/><W54/><G122/><N who="1" m="46634" /><E72/><V77/><F32/><W94/><G116/><T12/><D118/><U80/><E1/><V8/><F126/><N who="1" m="48745" /><E60/><V41/><F41/><W117/><G128/><T100/><D38/><U10/><E10/><V79/><F131/><W67/><G117/><T83/><D2/><U119/><E119/><V85/><F111/><W51/><G127/><T48/><D133/><U106/><E97/><V45/><F45/><W95/><G28/><T46/><D69/><U82/><E114/><N who="2" m="44139" /><F7/><W121/><G121/><T107/><D34/><U130/><E130/><V68/><F68/><W63/><G5/><T66/><D83/><N who="1" m="31787" /><E84/><N who="2" m="32331" /><F0/><W43/><G15/><AGARI ba="0,0" hai="15,16,21,105,106" m="31787,48745,46634" machi="15" ten="30,8000,1" yaku="13,1,18,1,52,2,54,1" doraHai="101" who="1" fromWho="3" sc="131,0,144,80,466,0,259,-80" /><INIT seed="7,0,0,2,1,60" ten="131,224,466,179" oya="3" hai0="0,91,16,119,48,99,31,71,94,42,134,59,30" hai1="55,104,73,4,77,45,109,92,15,32,105,44,49" hai2="74,81,69,122,100,98,72,46,37,68,63,6,35" hai3="127,125,2,47,97,56,86,82,13,21,112,66,95"/><W90/><G2/><T124/><D0/><U9/><E32/><V123/><F6/><W26/><G13/><T70/><D119/><U52/><E109/><V76/><F35/><W10/><G10/><T114/><D134/><U106/><E77/><V117/><F117/><W75/><G112/><T20/><D124/><N who="3" m="47689" /><G75/><T19/><D114/><U33/><E33/><V61/><F74/><W25/><G47/><T17/><D70/><U116/><E116/><V50/><F37/><W40/><G40/><T103/><D71/><U84/><E73/><V126/><F69/><W133/><G133/><T22/><D103/><U62/><E62/><V132/><F132/><W102/><G21/><T96/><D96/><U80/><E92/><N who="2" m="58439" /><F68/><W110/><G110/><T65/><D42/><U36/><E36/><V135/><F135/><W24/><G24/><T107/><D107/><U128/><E128/><V58/><F46/><W111/><G111/><T28/><D48/><U88/><E106/><V57/><F126/><W121/><G121/><N who="2" m="46089" /><F58/><W27/><G56/><T38/><D38/><U101/><E101/><V39/><F39/><W54/><G54/><AGARI ba="0,0" hai="50,54,57,61,63,72,76,81" m="46089,58439" machi="54" ten="30,1000,0" yaku="13,1" doraHai="60" who="2" fromWho="3" sc="131,0,224,0,466,10,179,-10" owari="131,-37.0,224,2.0,476,58.0,169,-23.0" /></mjloggm>