<mjloggm ver="2.3"><GO type="97" lobby="0"/><UN n0="%69%78%61" n1="%E3%82%A6%E3%83%AB%E3%83%88%E3%83%A9%E7%AB%8B%E7%9B%B4" n2="%6D%69%70%70%6F" n3="%73%61%72%61%7A%6F" dan="13,15,14,15" rate="1872.49,2068.69,2014.88,1989.12" sx="M,M,M,M"/><TAIKYOKU oya="0"/><INIT seed="0,0,0,0,3,67" ten="250,250,250,250" oya="0" hai0="84,25,132,72,27,85,6,91,17,73,42,70,108" hai1="40,61,97,37,125,8,31,41,57,114,1,119,77" hai2="32,5,86,115,126,11,110,29,79,15,116,19,3" hai3="133,65,45,58,50,34,99,134,12,23,127,69,128"/><T100/><D132/><U49/><E119/><V51/><F115/><W104/><G104/><T124/><D124/><U135/><E135/><N who="3" m="51722" /><G99/><T87/><D100/><U13/><E1/><V28/><F110/><W56/><G34/><T107/><D107/><U52/><E125/><V112/><F126/><W68/><G23/><T43/><D6/><U103/><E114/><V82/><F112/><W101/><G101/><T63/><D91/><U36/><E77/><V92/><F116/><W121/><G12/><T33/><D108/><U75/><E31/><V39/><F39/><W26/><G26/><T66/><D27/><U111/><E75/><V48/><F92/><W18/><G18/><T98/><D98/><U81/><E81/><V78/><F29/><W102/><G102/><T109/><D109/><U44/><E111/><V113/><F78/><W83/><G83/><T62/><D33/><U14/><E14/><V2/><F2/><W24/><G24/><T123/><D123/><U117/><E117/><V38/><F38/><W96/><G96/><T122/><D122/><U54/><E37/><V95/><F113/><W0/><G0/><T76/><D63/><U53/><E40/><N who="0" m="15401" /><D76/><U35/><E36/><V131/><F28/><W88/><G127/><T94/><D94/><N who="1" m="58807" /><E35/><V16/><F32/><W30/><G30/><T7/><D7/><AGARI ba="0,0" hai="7,8,13,41,44,49,52,53,54,57,61" m="58807" machi="7" ten="30,2000,0" yaku="8,1,54,1" doraHai="67" who="1" fromWho="0" sc="250,-20,250,20,250,0,250,0" /><INIT seed="1,0,0,0,1,105" ten="230,270,250,250" oya="1" hai0="64,72,91,115,121,24,22,82,78,13,133,38,11" hai1="5,17,127,16,60,51,30,3,106,26,122,120,131" hai2="41,66,85,110,59,95,35,102,76,0,6,19,33" hai3="62,43,111,21,48,107,53,47,9,124,58,37,84"/><U46/><E106/><V94/><F110/><W112/><G107/><T101/><D115/><U36/><E36/><V65/><F41/><W25/><G112/><T109/><D38/><U89/><E60/><V29/><F19/><N who="1" m="7241" /><E89/><V52/><F6/><W8/><G111/><T81/><D109/><U92/><E92/><V83/><F0/><W57/><G124/><T118/><D101/><U49/><E49/><V79/><F79/><W28/><G84/><T97/><D64/><AGARI ba="0,0" hai="8,9,21,25,28,37,43,47,48,53,57,58,62,64" machi="64" ten="30,1000,0" yaku="7,1" doraHai="105" who="3" fromWho="0" sc="230,-10,270,0,250,0,250,10" /><INIT seed="2,0,0,2,1,104" ten="220,270,250,260" oya="2" hai0="87,47,43,41,94,117,40,113,24,72,23,0,48" hai1="54,55,99,10,84,88,83,66,49,58,98,9,70" hai2="60,124,125,4,135,51,45,128,15,39,65,12,50" hai3="52,109,5,33,103,64,131,17,129,34,61,111,31"/><V3/><F3/><W59/><G103/><T85/><D113/><U115/><E66/><V22/><F128/><N who="3" m="49227" /><G5/><T97/><D0/><U11/><E70/><V106/><F106/><W132/><G17/><T78/><D117/><U19/><E115/><V112/><F112/><W134/><G31/><T44/><D72/><U81/><E81/><V14/><F135/><N who="3" m="51755" /><G33/><T37/><D78/><U25/><E55/><V29/><F4/><W101/><G101/><T42/><D37/><U79/><E79/><V121/><F121/><W16/><G16/><N who="0" m="12391" /><D44/><U20/><AGARI ba="0,0" hai="9,10,11,19,20,25,49,54,58,83,84,88,98,99" machi="20" ten="30,4000,0" yaku="0,1,8,1,54,1" doraHai="104" who="1" fromWho="1" sc="220,-10,270,40,250,-20,260,-10" /><INIT seed="3,0,0,2,4,65" ten="210,310,230,250" oya="3" hai0="43,21,121,44,29,11,125,113,59,110,48,14,77" hai1="45,22,112,24,20,114,69,78,122,130,12,30,61" hai2="104,87,70,85,64,5,83,127,33,42,37,19,92" hai3="63,109,102,82,18,17,76,38,119,117,60,47,55"/><W133/><G133/><T66/><D121/><U2/><E2/><V72/><F104/><W73/><G109/><T57/><D110/><U27/><E122/><V96/><F33/><W128/><G128/><T6/><D125/><U108/><E108/><V15/><F127/><W135/><G135/><T3/><D113/><U71/><E130/><V16/><F72/><W99/><G38/><T79/><D3/><U95/><E78/><V28/><F28/><W7/><G7/><T54/><D66/><U90/><E12/><V0/><F0/><W75/><G75/><T94/><D94/><U105/><E105/><V126/><F126/><W50/><G18/><N who="2" m="6697" /><F70/><W98/><G98/><T51/><REACH who="0" step="1"/><D59/><REACH who="0" ten="200,310,230,250" step="2"/><U26/><E114/><V40/><F64/><W91/><G119/><T23/><D23/><U62/><E22/><V115/><F115/><W120/><G117/><T97/><D97/><U103/><E20/><V106/><F106/><W132/><G120/><T116/><D116/><U9/><E95/><V101/><F37/><W131/><G132/><T46/><D46/><U129/><E45/><V10/><F85/><W34/><G131/><T88/><D88/><AGARI ba="0,1" hai="5,10,15,40,42,83,87,88,92,96,101" m="6697" machi="88" ten="30,3900,0" yaku="8,1,54,2" doraHai="65" who="2" fromWho="0" sc="200,-39,310,0,230,49,250,0" owari="161,-34.0,310,41.0,279,8.0,250,-15.0" /></mjloggm>