<mjloggm ver="2.3"><GO type="193" lobby="0"/><UN n0="%4F%EF%BD%9E%E7%B2%BE%E5%AD%90%E3%81%A1%E3%82%83%E3%82%93%EF%BC%81" n1="%E5%B0%B1%E6%B4%BB%E7%94%9F%40%E5%B7%9D%E6%9D%91%E8%BB%8D%E5%9B%A3" n2="%47%42" n3="%63%6F%6E%73%61" dan="6,12,12,11" rate="1593.01,1847.95,1855.36,1766.54" sx="M,M,M,M"/><TAIKYOKU oya="0"/><INIT seed="0,0,0,0,0,41" ten="250,250,250,250" oya="0" hai0="54,73,42,112,88,115,24,84,29,78,59,90,102" hai1="17,119,125,35,74,99,23,135,51,55,49,101,48" hai2="97,6,76,75,47,107,7,1,81,15,56,89,31" hai3="37,118,114,123,5,66,19,27,33,85,131,38,104"/><T93/><D42/><U71/><E35/><V80/><F31/><W129/><G104/><T34/><D102/><U108/><E74/><V110/><F1/><W91/><G118/><T126/><D126/><U127/><E119/><V46/><F110/><W52/><G114/><T122/><D122/><U132/><E71/><V18/><F81/><W20/><G33/><T0/><D0/><U120/><E120/><V103/><F56/><W16/><G123/><T62/><REACH who="0" step="1"/><D90/><REACH who="0" ten="240,250,250,250" step="2"/><U9/><E108/><V92/><F7/><W44/><G66/><T109/><D109/><U77/><E77/><V22/><REACH who="2" step="1"/><F6/><REACH who="2" ten="240,250,240,250" step="2"/><W86/><G5/><T10/><D10/><U65/><E127/><V57/><F57/><W106/><G106/><T83/><AGARI ba="0,2" hai="24,29,34,54,59,62,73,78,83,84,88,93,112,115" machi="83" ten="30,11700,0" yaku="1,1,0,1,54,1,53,1" doraHai="41" doraHaiUra="105" who="0" fromWho="0" sc="240,137,250,-39,240,-39,250,-39" /><INIT seed="0,1,0,4,0,9" ten="377,211,201,211" oya="0" hai0="97,67,91,46,82,37,93,17,127,99,86,79,49" hai1="27,45,14,65,19,35,29,25,116,96,84,51,57" hai2="40,107,104,4,73,89,113,63,38,72,90,48,70" hai3="69,108,133,123,112,1,103,28,59,87,56,109,101"/><T50/><D37/><U54/><E116/><V102/><F38/><W43/><G112/><T60/><D127/><U122/><E122/><V110/><F110/><N who="3" m="42603" /><G1/><T106/><D106/><U5/><E5/><V3/><F113/><W42/><G69/><T100/><D17/><U130/><E130/><V33/><F3/><W71/><G71/><T68/><D99/><U21/><E96/><V83/><F70/><W53/><G87/><T135/><D135/><U94/><E65/><V62/><F4/><W76/><G76/><T115/><D115/><U98/><E84/><V121/><F48/><W6/><G6/><T120/><D120/><U15/><REACH who="1" step="1"/><E45/><REACH who="1" ten="377,201,201,211" step="2"/><V88/><F121/><W78/><G123/><T95/><D46/><U12/><E12/><V75/><F83/><W111/><G111/><T30/><D30/><U7/><E7/><V128/><F128/><W81/><G133/><T117/><D117/><U31/><E31/><V74/><F74/><N who="3" m="43223" /><G28/><T132/><D132/><U118/><E118/><V126/><F33/><W20/><G20/><T24/><D24/><U11/><E11/><V124/><F102/><AGARI ba="1,1" hai="14,15,19,21,25,27,29,35,51,54,57,94,98,102" machi="102" ten="30,8000,1" yaku="1,1,7,1,52,2,53,1" doraHai="9" doraHaiUra="55" who="1" fromWho="2" sc="377,0,201,93,201,-83,211,0" /><INIT seed="1,0,0,3,4,83" ten="377,294,118,211" oya="1" hai0="109,12,27,32,88,124,104,43,34,135,53,31,65" hai1="98,117,25,106,72,69,9,58,28,36,102,35,77" hai2="95,22,60,80,97,114,20,71,40,85,73,112,111" hai3="30,90,13,93,42,107,50,19,101,123,2,108,89"/><U92/><E117/><V134/><F40/><W45/><G123/><T52/><D104/><U6/><E58/><V76/><F71/><W63/><G2/><T110/><D43/><U131/><E92/><V47/><F47/><W8/><G107/><T0/><D0/><U57/><E57/><V121/><F121/><W66/><G108/><N who="0" m="41579" /><D65/><U23/><E23/><V55/><F111/><W51/><G30/><T103/><D103/><U70/><E131/><V122/><F122/><W79/><G79/><T15/><D34/><U14/><E36/><V105/><F60/><W118/><G118/><T91/><D135/><U21/><E72/><V61/><F134/><W56/><G51/><T82/><D124/><U54/><E54/><N who="0" m="21097" /><D82/><U128/><E128/><V119/><F119/><W41/><G42/><T49/><D49/><U33/><E77/><V46/><F105/><W67/><G67/><T59/><D59/><U37/><E37/><V29/><F73/><W75/><G75/><T16/><D15/><U62/><E62/><V78/><F78/><W132/><G132/><T44/><D44/><U7/><E7/><V10/><F10/><AGARI ba="0,0" hai="10,12,16,27,31,32,88,91" m="21097,41579" machi="10" ten="30,7700,0" yaku="14,1,54,3" doraHai="83" who="0" fromWho="2" sc="377,77,294,0,118,-77,211,0" /><INIT seed="2,0,0,4,0,32" ten="454,294,41,211" oya="2" hai0="116,13,87,31,73,65,6,134,49,69,103,14,112" hai1="1,81,127,23,46,15,126,64,125,45,113,110,89" hai2="58,48,16,51,26,61,53,63,12,124,128,101,85" hai3="108,106,2,122,67,91,68,119,78,117,107,131,40"/><V37/><F37/><W57/><G122/><T92/><D112/><U75/><E113/><V35/><F101/><W123/><G123/><T8/><D73/><U97/><E110/><V114/><F114/><W129/><G2/><T28/><D116/><N who="3" m="44617" /><G57/><T120/><D120/><U121/><E121/><V79/><F124/><W3/><G3/><T115/><D115/><U83/><E64/><V44/><F35/><W72/><G40/><T109/><D109/><U104/><E1/><V105/><F26/><W5/><G5/><T25/><D134/><U71/><E71/><V10/><F105/><N who="3" m="39947" /><G68/><T60/><D49/><U19/><E81/><N who="2" m="47295" /><F128/><N who="3" m="49227" /><G67/><T76/><D76/><N who="1" m="44447" /><E89/><V20/><F10/><W82/><G91/><T90/><D103/><AGARI ba="0,0" hai="15,19,23,45,46,97,103,104,125,126,127" m="44447" machi="103" ten="30,1000,0" yaku="18,1" doraHai="32" who="1" fromWho="0" sc="454,-10,294,10,41,0,211,0" /><INIT seed="3,0,0,3,0,59" ten="444,304,41,211" oya="3" hai0="117,131,80,53,77,78,76,31,127,48,123,38,24" hai1="92,60,50,102,96,103,61,3,40,79,4,98,72" hai2="122,0,44,116,25,43,6,110,106,107,62,34,134" hai3="10,119,82,69,17,121,105,90,125,41,32,99,1"/><W81/><G121/><T5/><D123/><U124/><E124/><V86/><F122/><W66/><G119/><T135/><D117/><U128/><E128/><V33/><F116/><W109/><G109/><T51/><D38/><U55/><E40/><V19/><F43/><W46/><G125/><T45/><D131/><U73/><E4/><V113/><F86/><W56/><G32/><T115/><D115/><U39/><E39/><V54/><F6/><W114/><G114/><T20/><D127/><U87/><E3/><V130/><F113/><W70/><G56/><T30/><D135/><U64/><E64/><V101/><F130/><W104/><G99/><T91/><D5/><U75/><E87/><V35/><F110/><W89/><G10/><T42/><D31/><U7/><E79/><V11/><F11/><W120/><G120/><T36/><D36/><U100/><E7/><V9/><F9/><W132/><G1/><T47/><D91/><N who="3" m="34825" /><G66/><T23/><D23/><U63/><REACH who="1" step="1"/><E92/><REACH who="1" ten="444,294,41,211" step="2"/><V93/><F0/><W68/><G132/><T27/><D27/><U2/><E2/><V18/><F134/><W97/><G97/><T118/><D118/><U28/><E28/><V29/><F93/><W58/><G17/><T111/><D111/><U21/><E21/><V71/><F19/><W12/><G12/><T26/><D26/><U57/><AGARI ba="0,1" hai="50,55,57,60,61,63,72,73,75,96,98,100,102,103" machi="57" ten="40,16000,3" yaku="1,1,0,1,29,2,52,3,53,1" doraHai="59" doraHaiUra="52" who="1" fromWho="1" sc="444,-40,294,170,41,-40,211,-80" owari="404,20.0,464,57.0,1,-50.0,131,-27.0" /></mjloggm>