<mjloggm ver="2.3"><GO type="97" lobby="0"/><UN n0="%E5%B0%B1%E6%B4%BB%E7%94%9F%40%E5%B7%9D%E6%9D%91%E8%BB%8D%E5%9B%A3" n1="%E3%82%A2%E3%82%AB%E3%82%AE%40%E5%B7%9D%E6%9D%91%E8%BB%8D%E5%9B%A3" n2="%E3%80%93%E3%81%93%E3%81%AA%E3%81%BF" n3="%E3%81%BE%E3%82%8B%E3%81%BD" dan="13,15,14,14" rate="1823.76,1984.80,1908.93,1960.88" sx="M,M,F,M"/><TAIKYOKU oya="0"/><INIT seed="0,0,0,1,4,112" ten="250,250,250,250" oya="0" hai0="40,109,24,111,53,17,98,102,19,49,115,134,104" hai1="122,70,86,105,97,23,44,88,118,55,61,75,7" hai2="22,125,66,133,33,73,103,116,129,38,80,63,46" hai3="68,31,37,90,87,56,59,13,117,114,20,107,25"/><T93/><D115/><U62/><E75/><V42/><F33/><W29/><G114/><T8/><D40/><U127/><E122/><V108/><F108/><N who="0" m="41546" /><D134/><U3/><E127/><V128/><F133/><W92/><G68/><T119/><D104/><U78/><E78/><N who="2" m="44111" /><F103/><W110/><G110/><T77/><D77/><U21/><E97/><V79/><F22/><W39/><G107/><T14/><D24/><U101/><E101/><V135/><F79/><W94/><G31/><T69/><D69/><U82/><E105/><V84/><F84/><W132/><G94/><T12/><D119/><U100/><E118/><V27/><F27/><W65/><G117/><T50/><D53/><U130/><E70/><N who="2" m="42335" /><F116/><W11/><G132/><T76/><D76/><U16/><E55/><V2/><F135/><W45/><G65/><T67/><D67/><U131/><E82/><V124/><F2/><W85/><G85/><T57/><D57/><U64/><E86/><V106/><F106/><W99/><G87/><T121/><D121/><U34/><E3/><V26/><F26/><W9/><G9/><AGARI ba="0,0" hai="8,9,12,14,17,19,49,50,93,98,102" m="41546" machi="9" ten="30,2900,0" yaku="14,1,10,1" doraHai="112" who="0" fromWho="3" sc="250,29,250,0,250,0,250,-29" /><INIT seed="0,1,0,0,1,50" ten="279,250,250,221" oya="0" hai0="72,120,7,9,106,29,49,89,130,115,61,117,4" hai1="55,74,27,16,56,30,128,39,111,15,69,124,53" hai2="114,58,82,46,28,13,81,6,108,54,68,11,22" hai3="129,47,24,32,80,8,3,109,75,87,35,65,85"/><T76/><D120/><U123/><E123/><V79/><F68/><W10/><G109/><T48/><D117/><U83/><E69/><V134/><F108/><W52/><G129/><T33/><D115/><U92/><E39/><V103/><F114/><W64/><G75/><T122/><D122/><U91/><E111/><V18/><F28/><W44/><G24/><T135/><D106/><U59/><E128/><V71/><F71/><W102/><G80/><T78/><D135/><U97/><E124/><V119/><F119/><W20/><G20/><T127/><D130/><U60/><E83/><V113/><F113/><W34/><G102/><T118/><D118/><U99/><E74/><V116/><F116/><W104/><G35/><T126/><D72/><U94/><E27/><V88/><F46/><W5/><G104/><T66/><D126/><U63/><E30/><V57/><F79/><W86/><G86/><T131/><D127/><U62/><E62/><N who="2" m="36151" /><F103/><W12/><G12/><T110/><D131/><U19/><E15/><N who="2" m="9567" /><F134/><W77/><G77/><T37/><D37/><U132/><E132/><V96/><F58/><W36/><G36/><T133/><D33/><U70/><E70/><V1/><F1/><W51/><G51/><T100/><D133/><U95/><E95/><AGARI ba="1,0" hai="6,11,13,81,82,88,95,96" m="9567,36151" machi="95" ten="30,3900,0" yaku="8,1,52,1,54,1" doraHai="50" who="2" fromWho="1" sc="279,0,250,-42,250,42,221,0" /><INIT seed="1,0,0,3,4,112" ten="279,208,292,221" oya="1" hai0="0,65,58,38,32,49,6,50,47,84,4,11,36" hai1="105,85,15,42,9,14,31,100,67,3,120,56,90" hai2="107,28,98,131,37,134,2,46,118,95,87,72,55" hai3="30,121,78,27,75,19,10,16,54,135,39,33,66"/><U97/><E120/><V57/><F2/><W77/><G121/><T8/><D32/><U79/><E31/><V133/><F72/><W45/><G135/><N who="2" m="51721" /><F131/><W59/><G75/><T41/><D84/><U64/><E42/><N who="2" m="22863" /><F107/><W124/><G124/><T132/><D132/><U119/><E119/><V18/><F87/><W91/><G66/><T76/><D76/><U63/><E79/><V22/><F28/><W61/><G91/><T1/><REACH who="0" step="1"/><D50/><REACH who="0" ten="269,208,292,221" step="2"/><U81/><REACH who="1" step="1"/><E67/><REACH who="1" ten="269,198,292,221" step="2"/><V70/><F55/><W21/><G78/><T99/><D99/><U116/><E116/><V40/><F118/><W103/><G77/><T114/><D114/><U111/><E111/><V48/><F40/><W51/><G39/><T102/><D102/><U109/><E109/><V24/><F48/><W62/><G103/><T88/><D88/><U26/><E26/><V117/><F117/><W128/><G128/><T113/><D113/><U5/><AGARI ba="0,2" hai="3,5,9,14,15,56,63,64,81,85,90,97,100,105" machi="5" ten="30,6000,0" yaku="1,1,0,1,53,1" doraHai="112" doraHaiUra="80" who="1" fromWho="1" sc="269,-20,198,80,292,-20,221,-20" /><INIT seed="1,1,0,2,5,103" ten="249,278,272,201" oya="1" hai0="115,88,6,25,114,123,124,86,69,24,90,63,10" hai1="107,82,14,15,135,84,42,79,54,7,83,127,60" hai2="129,61,73,11,128,65,9,122,30,99,113,91,41" hai3="133,19,131,77,39,95,134,66,120,36,55,40,112"/><U44/><E135/><N who="3" m="51722" /><G112/><T2/><D124/><U34/><E127/><V53/><F122/><W32/><G120/><T101/><D123/><U89/><E34/><V31/><F73/><W3/><G3/><T8/><D101/><U98/><E107/><V68/><F41/><W28/><G77/><T5/><D63/><U27/><E27/><V38/><F38/><W110/><G110/><T47/><D47/><U48/><E7/><V62/><F113/><W13/><G66/><T16/><D69/><U104/><E104/><V20/><F31/><W76/><G76/><T67/><D67/><U29/><E29/><V59/><F20/><N who="3" m="11375" /><G131/><N who="2" m="50249" /><F30/><W105/><G105/><T0/><REACH who="0" step="1"/><D86/><REACH who="0" ten="239,278,272,201" step="2"/><N who="1" m="48479" /><E98/><V85/><F99/><W93/><G39/><T56/><D56/><AGARI ba="1,1" hai="14,15,42,44,48,54,56,60,83,84,89" m="48479" machi="56" ten="30,1500,0" yaku="8,1" doraHai="103" who="1" fromWho="0" sc="239,-18,278,28,272,0,201,0" /><INIT seed="1,2,0,4,0,110" ten="221,306,272,201" oya="1" hai0="86,3,32,123,70,90,12,29,38,133,111,81,52" hai1="28,106,43,68,60,120,113,57,0,1,34,36,117" hai2="39,40,74,114,23,126,65,63,75,25,101,94,26" hai3="107,130,9,4,8,100,37,109,96,11,80,64,92"/><U10/><E106/><V61/><F126/><W73/><G109/><T2/><D111/><U15/><E120/><V22/><F39/><W17/><G130/><T21/><D123/><U51/><E117/><V16/><F40/><W13/><G37/><T102/><D133/><U7/><E36/><V127/><F127/><W79/><G64/><T103/><D32/><U87/><E68/><V67/><F94/><W115/><G115/><T35/><D35/><U112/><E87/><V124/><F124/><W105/><REACH who="3" step="1"/><G11/><REACH who="3" ten="221,306,272,191" step="2"/><T42/><D70/><U59/><E10/><V77/><F114/><W71/><G71/><T58/><D38/><U121/><E113/><V41/><F67/><W46/><G46/><T18/><D42/><U129/><E43/><V31/><F65/><W122/><G122/><T69/><D69/><U98/><E129/><V27/><F41/><W24/><G24/><N who="0" m="16527" /><D3/><AGARI ba="2,1" hai="3,4,8,9,13,17,73,79,80,92,96,100,105,107" machi="3" ten="30,2000,0" yaku="1,1,7,1,53,0" doraHai="110" doraHaiUra="128" who="3" fromWho="0" sc="221,-26,306,0,272,0,191,36" /><INIT seed="2,0,0,2,2,45" ten="195,306,272,227" oya="2" hai0="77,41,89,52,15,2,115,10,36,95,48,88,14" hai1="23,21,80,74,58,84,126,49,90,103,102,38,70" hai2="107,57,8,117,134,69,91,55,106,129,62,46,67" hai3="27,40,133,12,51,3,96,120,39,18,78,123,86"/><V79/><F117/><W32/><G39/><T1/><D115/><U42/><E70/><V22/><F79/><W105/><G3/><T85/><D36/><U9/><E74/><V59/><F69/><W11/><G133/><T37/><D37/><U99/><E38/><V92/><F46/><N who="3" m="26055" /><G32/><T119/><D119/><U97/><E126/><V4/><F22/><N who="1" m="8201" /><E9/><V122/><F134/><W116/><G116/><T127/><D127/><U135/><E135/><V130/><F122/><W0/><G0/><T56/><D41/><U101/><E42/><V24/><F24/><W29/><G105/><T47/><D77/><U31/><E31/><V118/><F118/><W111/><G111/><T109/><D109/><U87/><E87/><N who="2" m="52351" /><F8/><W65/><G65/><T16/><D15/><U5/><E5/><V30/><F30/><W76/><G123/><T131/><D131/><N who="2" m="50186" /><F4/><W132/><G132/><T73/><D73/><U28/><E28/><V113/><F113/><W121/><G121/><T125/><D125/><U53/><AGARI ba="0,0" hai="49,53,58,80,84,90,97,99,101,102,103" m="8201" machi="53" ten="30,2000,0" yaku="8,1,52,1" doraHai="45" who="1" fromWho="1" sc="195,-5,306,20,272,-10,227,-5" /><INIT seed="3,0,0,2,3,11" ten="190,326,262,222" oya="3" hai0="124,67,74,13,130,115,39,95,89,36,75,76,28" hai1="66,17,64,30,29,63,120,79,87,77,9,123,50" hai2="49,126,45,132,108,24,98,122,92,118,52,60,38" hai3="6,7,106,37,127,111,100,129,21,41,27,73,85"/><W33/><G73/><T119/><D119/><U84/><E50/><V47/><F118/><W93/><G33/><T16/><D115/><U116/><E9/><V3/><F3/><W22/><G106/><T109/><D28/><U5/><E116/><V68/><F122/><W65/><G65/><T20/><D124/><U10/><E10/><V2/><F2/><W104/><G104/><T26/><D130/><U112/><E17/><V58/><F126/><W121/><G121/><T102/><D109/><U40/><E63/><V90/><F108/><W4/><G127/><T0/><D0/><U25/><E25/><V43/><F132/><W32/><G111/><T53/><D102/><U8/><E8/><V128/><F128/><W14/><G32/><T96/><D67/><U12/><E12/><V86/><F24/><W135/><G129/><T59/><D13/><U94/><E40/><V125/><F125/><W19/><G135/><T82/><REACH who="0" step="1"/><D74/><REACH who="0" ten="180,326,262,222" step="2"/><U56/><E30/><V54/><REACH who="2" step="1"/><F68/><REACH who="2" ten="180,326,252,222" step="2"/><W107/><G107/><T103/><D103/><U44/><E123/><V101/><F101/><W114/><G100/><T78/><D78/><U57/><E79/><V51/><F51/><AGARI ba="0,2" hai="16,20,26,36,39,51,53,59,75,76,82,89,95,96" machi="51" ten="30,7700,0" yaku="1,1,7,1,54,1,53,1" doraHai="11" doraHaiUra="46" who="0" fromWho="2" sc="180,97,326,0,252,-77,222,0" owari="277,8.0,326,42.0,175,-32.0,222,-18.0" /></mjloggm>