<mjloggm ver="2.3"><GO type="41" lobby="0"/><UN n0="%79%75%6B%69%73%61%6B%75" n1="%70%61%70%61%38%39%36%31" n2="%E3%81%8C%E3%82%93%E3%81%B0%E3%82%8C%E3%83%91%E3%83%94" n3="%E3%82%A6%E3%83%AB%E3%83%88%E3%83%A9%E7%AB%8B%E7%9B%B4" dan="13,13,14,15" rate="1818.74,1861.86,1912.42,1996.42" sx="F,M,M,M"/><TAIKYOKU oya="0"/><INIT seed="0,0,0,3,5,39" ten="250,250,250,250" oya="0" hai0="106,19,0,94,88,109,80,14,32,117,68,7,63" hai1="85,125,118,15,23,36,111,122,64,38,29,27,74" hai2="52,61,82,20,91,9,53,126,11,121,18,43,104" hai3="67,89,28,116,99,114,75,59,25,40,81,128,72"/><T24/><D106/><U26/><E118/><V130/><F121/><W98/><G116/><T60/><D68/><U21/><E74/><V105/><F104/><W119/><G119/><T69/><D69/><U108/><E122/><V16/><F105/><W4/><G114/><T42/><D80/><U77/><E64/><V54/><F130/><W134/><G75/><T48/><D0/><U124/><E77/><V84/><F126/><N who="1" m="48745" /><E85/><V35/><F61/><W78/><G4/><T90/><D117/><U6/><E38/><V46/><F35/><W87/><G134/><T31/><D90/><U57/><E57/><V33/><F33/><W49/><G128/><T55/><D7/><U95/><E95/><V92/><F92/><W8/><G72/><T115/><D109/><N who="1" m="42059" /><E36/><V79/><F79/><W22/><G78/><T132/><D115/><U13/><E6/><V37/><F18/><AGARI ba="0,0" hai="13,15,18,21,23,26,27,29" m="42059,48745" machi="18" ten="30,7700,0" yaku="18,1,14,1,34,2" doraHai="39" who="1" fromWho="2" sc="250,0,250,77,250,-77,250,0" /><INIT seed="1,0,0,3,2,113" ten="250,327,173,250" oya="1" hai0="94,90,2,9,88,64,79,56,63,101,69,86,21" hai1="23,118,130,16,38,13,39,119,51,6,127,66,58" hai2="57,81,26,10,19,124,97,115,33,31,53,44,29" hai3="71,98,117,46,75,123,7,50,54,95,45,5,126"/><U129/><E127/><V49/><F124/><W70/><G75/><T42/><D101/><U8/><E66/><V47/><F115/><W114/><G114/><T72/><D2/><U132/><E132/><V135/><F135/><W134/><G126/><T28/><D9/><U11/><E58/><V109/><F109/><W0/><G123/><T110/><D72/><U87/><E51/><V55/><F44/><W30/><G30/><T15/><D69/><U20/><E87/><V61/><F33/><W107/><G107/><T78/><D42/><U96/><E96/><V116/><F97/><W14/><G14/><T35/><D35/><U48/><E48/><V18/><F18/><W131/><G131/><N who="1" m="50186" /><E38/><V92/><F92/><W59/><G95/><T12/><D110/><U60/><E60/><V80/><F116/><N who="1" m="44585" /><E39/><V52/><F55/><W102/><G54/><T3/><D3/><AGARI ba="0,0" hai="3,6,8,11,13,16,20,23" m="44585,50186" machi="3" ten="30,18000,2" yaku="19,1,34,2,52,3,54,1" doraHai="113" who="1" fromWho="0" sc="250,-180,327,180,173,0,250,0" /><INIT seed="1,1,0,2,4,56" ten="70,507,173,250" oya="1" hai0="96,93,90,119,31,32,116,48,69,80,129,7,102" hai1="114,72,26,17,65,109,59,35,135,38,130,43,98" hai2="63,22,107,62,84,8,71,87,77,104,125,24,25" hai3="128,9,83,41,67,49,131,29,16,11,86,92,120"/><U4/><E114/><V113/><F71/><W95/><G29/><T57/><D129/><N who="3" m="49737" /><G120/><T28/><D69/><U111/><E130/><V100/><F113/><W0/><G0/><T117/><D7/><U23/><E72/><V14/><F125/><W19/><G49/><T103/><D32/><U74/><E74/><V118/><F118/><W122/><G41/><T47/><D80/><U121/><E121/><V61/><F100/><W15/><G67/><T73/><D73/><U82/><E35/><V27/><F77/><N who="3" m="46447" /><G122/><T20/><D20/><U51/><E38/><V76/><F76/><W21/><G9/><T10/><D10/><U13/><E65/><V78/><F78/><W66/><G66/><T18/><D18/><U58/><E43/><V81/><F22/><W54/><G54/><T60/><D117/><U133/><E51/><V53/><F53/><W46/><G46/><T50/><D119/><U39/><E39/><V106/><F81/><W2/><G2/><T37/><D48/><U30/><E82/><V110/><F110/><W126/><G126/><T64/><D37/><U108/><E4/><AGARI ba="1,0" hai="4,8,14,24,25,27,61,62,63,84,87,104,106,107" machi="4" ten="50,8000,1" yaku="29,2,52,3" doraHai="56" who="2" fromWho="1" sc="70,0,507,-83,173,83,250,0" /><INIT seed="2,0,0,1,0,113" ten="70,424,256,250" oya="2" hai0="54,26,7,85,22,41,69,13,61,94,31,108,103" hai1="33,126,119,101,28,23,75,110,19,38,122,114,42" hai2="95,135,10,112,129,120,107,96,109,34,105,50,8" hai3="37,86,17,91,30,116,47,82,71,15,48,79,57"/><V104/><F120/><W1/><G1/><T123/><D41/><U84/><E75/><V99/><F112/><W18/><G71/><T12/><D123/><U21/><E114/><V60/><F34/><W117/><G30/><T77/><D7/><U46/><E119/><V98/><F135/><W88/><G37/><T39/><D39/><U67/><E122/><V118/><F118/><W73/><G18/><T92/><D108/><U44/><E33/><V102/><F109/><W127/><G127/><T111/><D111/><U100/><E110/><V6/><F60/><W66/><G66/><T62/><D69/><U25/><E67/><V133/><F133/><W45/><G45/><T87/><D77/><U11/><E11/><V63/><F63/><W53/><G91/><T32/><D32/><U35/><E126/><V56/><F129/><W58/><G58/><T2/><D2/><U36/><E35/><V5/><F56/><W128/><G128/><T65/><D65/><U115/><E115/><V83/><F50/><W49/><G49/><T106/><D106/><U68/><E68/><V0/><F83/><N who="3" m="49247" /><G57/><T52/><D31/><U55/><E38/><V40/><F40/><W130/><G130/><T20/><D26/><U121/><E121/><V3/><AGARI ba="0,0" hai="0,3,5,6,8,10,95,96,98,99,102,104,105,107" machi="3" ten="30,3000,0" yaku="0,1,9,1" doraHai="113" who="2" fromWho="2" sc="70,-10,424,-10,256,30,250,-10" /><INIT seed="2,1,0,0,1,72" ten="60,414,286,240" oya="2" hai0="21,87,13,11,117,26,124,94,97,6,53,55,62" hai1="103,80,112,46,71,110,120,99,44,0,93,96,43" hai2="35,126,5,88,58,66,118,33,102,116,34,51,79" hai3="50,86,125,45,77,10,63,131,24,12,37,25,76"/><V38/><F38/><W41/><G37/><T47/><D124/><U82/><E112/><V3/><F102/><W129/><G125/><T68/><D117/><U81/><E0/><V106/><F106/><W119/><G119/><T40/><D68/><U16/><E71/><V107/><F107/><W23/><G63/><T84/><D62/><U42/><E110/><V108/><F126/><W32/><G32/><T83/><D40/><N who="1" m="15403" /><E120/><V91/><F66/><W90/><G131/><T61/><D47/><N who="1" m="17963" /><E96/><V115/><F5/><N who="3" m="3151" /><G129/><T2/><D2/><U123/><E123/><V113/><F3/><W59/><G59/><T30/><D87/><U128/><E128/><V85/><F58/><W135/><G135/><T14/><D14/><U132/><E132/><V133/><F51/><W65/><G65/><T105/><D61/><U28/><E28/><V60/><F60/><W19/><G25/><T111/><D105/><U92/><E92/><AGARI ba="1,0" hai="19,23,24,41,45,50,76,77,86,90,92" m="3151" machi="92" ten="30,3900,0" yaku="8,1,52,2" doraHai="72" who="3" fromWho="1" sc="60,0,414,-42,286,0,240,42" /><INIT seed="3,0,0,3,5,6" ten="60,372,286,282" oya="3" hai0="79,44,113,91,84,7,52,135,128,103,132,81,35" hai1="119,77,12,23,53,51,116,58,8,96,11,78,26" hai2="108,61,110,9,97,71,2,46,133,74,126,36,42" hai3="94,134,62,50,89,17,109,25,72,28,18,100,24"/><W69/><G72/><T45/><D35/><U131/><E131/><V14/><F133/><N who="0" m="51274" /><D103/><U66/><E96/><V82/><F126/><W19/><G134/><T76/><D113/><U83/><E66/><N who="2" m="41423" /><F97/><W4/><G109/><T30/><D30/><N who="1" m="17759" /><E12/><V102/><F14/><W105/><G4/><T70/><D70/><U10/><E83/><V130/><F102/><W107/><G100/><T3/><D44/><U106/><E106/><V29/><F29/><W120/><G120/><T43/><D43/><U48/><E48/><V16/><F130/><W60/><G69/><T121/><D121/><U129/><E129/><V86/><F86/><N who="3" m="52535" /><G107/><T39/><D39/><U1/><E1/><V117/><F117/><AGARI ba="0,0" hai="8,10,11,51,53,58,77,78,116,117,119" m="17759" machi="117" ten="30,7700,0" yaku="12,1,52,3" doraHai="6" who="1" fromWho="2" sc="60,0,372,77,286,-77,282,0" /><INIT seed="4,0,0,4,3,34" ten="60,449,209,282" oya="0" hai0="96,55,111,74,108,85,46,24,135,54,3,62,18" hai1="72,71,116,90,95,49,93,28,81,109,63,11,21" hai2="29,4,118,131,56,99,67,98,32,124,129,1,17" hai3="30,31,123,127,119,134,87,68,37,42,16,82,130"/><T10/><D74/><U112/><E116/><V91/><F118/><W86/><G68/><T92/><D135/><U13/><E109/><V117/><F117/><W44/><G119/><T89/><D24/><U36/><E36/><V113/><F113/><W126/><G123/><T104/><D54/><U106/><E106/><V79/><F79/><W20/><G130/><N who="2" m="49673" /><F17/><W23/><G87/><T53/><D104/><U26/><E49/><V7/><F7/><W51/><G37/><T14/><D53/><U45/><E45/><V25/><F56/><W107/><G107/><T70/><D70/><U6/><E112/><V59/><F91/><W8/><G8/><T57/><D46/><U83/><E72/><V80/><F80/><W115/><G115/><T61/><D61/><U110/><E110/><N who="0" m="42025" /><D85/><U103/><E71/><V77/><F77/><W0/><G134/><T102/><D102/><U58/><E103/><V120/><F120/><W40/><G86/><T47/><D47/><U132/><E132/><V78/><F78/><W5/><G44/><T41/><D41/><U101/><E101/><V66/><F59/><W38/><G42/><T88/><D89/><U33/><E33/><V128/><N who="2" m="49681" /><V22/><DORA hai="100" /><F32/><W73/><G40/><T43/><D43/><U97/><E95/><V122/><F122/><W64/><G73/><T9/><D9/><U114/><E114/><V84/><F84/><W2/><G38/><T125/><D125/><U50/><E50/><V105/><F124/><W121/><G127/><T76/><D76/><U75/><E75/><V12/><F12/><RYUUKYOKU ba="0,0" sc="60,15,449,15,209,-15,282,-15" hai0="3,10,14,18,55,57,62,88,92,96" hai1="6,11,13,21,26,28,58,63,81,83,90,93,97" /><INIT seed="4,1,0,1,0,124" ten="75,464,194,267" oya="0" hai0="78,64,88,31,5,98,62,25,123,135,121,105,35" hai1="82,58,133,2,97,46,47,74,95,94,60,26,72" hai2="21,131,24,113,28,10,45,8,93,102,51,110,114" hai3="100,130,16,118,39,96,48,90,69,29,67,53,127"/><T83/><D5/><U86/><E2/><V59/><F110/><W92/><G39/><T65/><D65/><U3/><E3/><V76/><F59/><W19/><G118/><T36/><D36/><U50/><E133/><V38/><F76/><W49/><G127/><T55/><D55/><U104/><E104/><V91/><F102/><W27/><G49/><T103/><D135/><U23/><E95/><V70/><F70/><W128/><G90/><T34/><D34/><U129/><E72/><V111/><F38/><W33/><G67/><T12/><D12/><U42/><E74/><V87/><F111/><W9/><G69/><N who="0" m="42135" /><D88/><N who="1" m="55495" /><E47/><V0/><F0/><W17/><REACH who="3" step="1"/><G9/><REACH who="3" ten="75,464,194,257" step="2"/><T132/><D132/><U71/><E50/><V15/><F10/><W66/><G66/><T120/><D120/><U40/><E71/><V6/><F113/><W116/><G116/><T125/><D125/><U37/><E37/><V30/><F114/><W81/><G81/><T68/><D68/><U11/><E82/><V134/><F134/><W1/><G1/><T107/><D107/><U54/><E60/><V80/><F80/><W126/><G126/><T44/><D44/><AGARI ba="1,1" hai="16,17,19,27,29,33,44,48,53,92,96,100,128,130" machi="44" ten="40,8000,1" yaku="1,1,52,2,54,1,53,0" doraHai="124" doraHaiUra="61" who="3" fromWho="0" sc="75,-83,464,0,194,0,257,93" owari="-8,-51.0,464,57.0,194,-21.0,350,15.0" /></mjloggm>