<mjloggm ver="2.3"><GO type="65" lobby="0"/><UN n0="%E5%B0%B1%E6%B4%BB%E7%94%9F%40%E5%B7%9D%E6%9D%91%E8%BB%8D%E5%9B%A3" n1="%E3%82%A2%E3%82%B9%E3%83%88%E3%83%AC%E3%82%A4%E3%82%A2" n2="%4E%6F%4E%61%6D%65" n3="%E3%81%A9%E3%81%95%E4%BB%B6" dan="8,3,0,6" rate="1621.49,1515.85,1500.00,1659.11" sx="M,M,M,M"/><TAIKYOKU oya="0"/><INIT seed="0,0,0,3,1,106" ten="250,250,250,250" oya="0" hai0="55,66,78,134,94,32,97,62,72,117,28,3,120" hai1="33,63,125,6,0,51,64,57,59,130,123,68,115" hai2="109,84,30,128,88,42,21,121,20,108,98,135,60" hai3="22,107,75,132,124,77,29,103,50,5,129,89,95"/><T46/><D3/><U45/><E33/><V67/><F121/><W49/><G49/><T105/><D120/><U44/><E123/><V24/><F98/><W99/><G99/><T54/><D117/><U48/><E6/><V104/><F104/><W17/><G17/><T79/><D105/><U96/><E0/><V65/><F42/><W15/><G15/><T100/><D134/><U122/><E122/><V102/><F135/><W133/><G133/><T126/><D126/><U25/><E25/><V11/><F102/><W31/><G31/><T80/><D78/><U13/><E13/><V40/><F40/><W92/><G92/><T53/><D28/><U91/><E125/><V83/><F11/><W41/><G41/><T37/><D32/><U36/><E91/><V16/><F128/><W127/><G127/><T74/><D37/><U70/><E96/><V1/><F1/><W111/><G111/><N who="2" m="42569" /><F60/><W19/><G19/><T47/><REACH who="0" step="1"/><D72/><REACH who="0" ten="240,250,250,250" step="2"/><U35/><E35/><V8/><F8/><W73/><G132/><T118/><D118/><U71/><E130/><V18/><F30/><W14/><G124/><T34/><D34/><U76/><E76/><V58/><F58/><AGARI ba="0,1" hai="46,47,53,54,55,58,62,66,74,79,80,94,97,100" machi="58" ten="40,3900,0" yaku="1,1,52,1,53,0" doraHai="106" doraHaiUra="112" who="0" fromWho="2" sc="240,49,250,0,250,-39,250,0" /><INIT seed="0,1,0,3,3,115" ten="289,250,211,250" oya="0" hai0="2,107,27,32,50,81,45,86,120,36,3,119,92" hai1="56,87,40,35,106,110,77,43,48,82,103,127,67" hai2="111,10,6,4,93,15,135,83,123,26,74,128,124" hai3="114,21,38,5,75,22,100,58,23,132,91,31,7"/><T60/><D107/><U121/><E121/><V105/><F26/><W73/><G114/><T65/><D120/><U66/><E35/><V24/><F123/><W18/><G31/><T54/><D36/><U33/><E33/><V49/><F111/><W131/><G38/><T63/><D63/><U72/><E110/><V42/><F105/><W20/><G100/><T80/><D80/><U61/><E127/><V51/><F24/><W55/><G131/><T69/><D119/><U39/><E39/><V79/><F124/><W44/><G44/><T13/><D92/><U71/><E103/><V95/><F128/><W94/><G75/><T0/><D13/><U76/><E106/><V84/><F135/><W28/><G28/><T57/><D27/><U1/><E1/><V99/><F74/><W62/><G73/><T70/><REACH who="0" step="1"/><D32/><REACH who="0" ten="279,250,211,250" step="2"/><U125/><E125/><V108/><F108/><W37/><G37/><T9/><D9/><U53/><REACH who="1" step="1"/><E67/><REACH who="1" ten="279,240,211,250" step="2"/><V122/><F122/><W104/><G132/><T8/><D8/><U64/><E64/><V47/><F95/><W134/><G104/><T109/><D109/><U11/><E11/><V12/><F51/><W96/><G134/><T97/><D97/><U19/><E19/><V117/><F117/><W85/><G96/><T88/><AGARI ba="1,2" hai="0,2,3,45,50,54,57,60,65,69,70,81,86,88" machi="88" ten="30,6000,0" yaku="1,1,0,1,54,1,53,0" doraHai="115" doraHaiUra="133" who="0" fromWho="0" sc="279,83,240,-21,211,-21,250,-21" /><INIT seed="0,2,0,1,2,25" ten="362,219,190,229" oya="0" hai0="58,17,109,10,96,116,1,60,92,43,120,55,27" hai1="28,24,124,108,45,132,119,70,21,61,63,118,49" hai2="86,44,8,56,89,73,95,130,29,117,75,30,66" hai3="16,101,22,53,0,128,31,126,84,57,88,3,121"/><T46/><D116/><U19/><E124/><V67/><F8/><W122/><G126/><T129/><D120/><N who="3" m="46185" /><G101/><T107/><D129/><U90/><E132/><V6/><F130/><W68/><G68/><T106/><D109/><U87/><E108/><V37/><F117/><W105/><G105/><T76/><D76/><U133/><E133/><V85/><F6/><W110/><G110/><T94/><D94/><U7/><E7/><V42/><F56/><W9/><G9/><T104/><D1/><U100/><E100/><V125/><F125/><W38/><G38/><T54/><D54/><U127/><E127/><V81/><F75/><W11/><G31/><T47/><D43/><U98/><E98/><V113/><F113/><W64/><G11/><T59/><D59/><U80/><E63/><V65/><REACH who="2" step="1"/><F73/><REACH who="2" ten="362,219,180,229" step="2"/><W39/><G39/><T112/><D112/><U51/><E118/><V13/><F13/><N who="3" m="9487" /><G128/><T41/><D41/><U103/><E119/><V12/><F12/><W48/><G64/><T40/><D40/><U35/><E70/><V36/><F36/><W52/><G53/><T93/><D10/><U50/><E45/><V79/><AGARI ba="2,1" hai="29,30,37,42,44,65,66,67,79,81,85,86,89,95" machi="79" ten="30,7900,0" yaku="1,1,0,1,52,2,53,0" doraHai="25" doraHaiUra="131" who="2" fromWho="2" sc="362,-41,219,-22,180,95,229,-22" /><INIT seed="1,0,0,2,0,0" ten="321,197,275,207" oya="1" hai0="28,79,66,89,78,86,64,10,56,98,47,131,90" hai1="59,70,33,88,58,75,62,16,74,42,40,27,125" hai2="22,117,93,92,126,61,104,54,3,7,69,12,39" hai3="83,2,77,53,133,1,72,34,113,24,43,103,123"/><U116/><E116/><V21/><F117/><W8/><G133/><T115/><D131/><U118/><E118/><V121/><F104/><W100/><G123/><T76/><D115/><U85/><E125/><V20/><F121/><W107/><G113/><T9/><D28/><U108/><E70/><V60/><F69/><W124/><G124/><T82/><D47/><U130/><E130/><V41/><F126/><W68/><G68/><T129/><D129/><U17/><E74/><V44/><F3/><W120/><G120/><T19/><D19/><N who="1" m="7243" /><E33/><V80/><F80/><W57/><G43/><N who="1" m="16426" /><E27/><V5/><F54/><W25/><G1/><T106/><D106/><U87/><E75/><V71/><F71/><W127/><G127/><T122/><D122/><U119/><E119/><V73/><F73/><W105/><G105/><T95/><D64/><N who="1" m="38999" /><E108/><V52/><F12/><W94/><G107/><T45/><D45/><U111/><E111/><V35/><F35/><W4/><G94/><T91/><D66/><U31/><E31/><V84/><F84/><N who="1" m="32329" /><E59/><V67/><F39/><W96/><G96/><T114/><D114/><U37/><E37/><V102/><F102/><W15/><G2/><T49/><D89/><AGARI ba="0,0" hai="88,89" m="32329,38999,16426,7243" machi="89" ten="30,5800,0" yaku="8,1,54,2" doraHai="0" who="1" fromWho="0" sc="321,-58,197,58,275,0,207,0" /><INIT seed="1,1,0,3,3,79" ten="263,255,275,207" oya="1" hai0="88,50,55,124,54,59,82,12,40,81,128,73,4" hai1="22,106,43,92,20,26,47,96,68,19,42,100,27" hai2="21,3,66,83,118,51,122,52,98,11,41,56,97" hai3="76,130,113,58,32,17,91,63,5,16,94,85,46"/><U10/><E68/><V105/><F118/><W133/><G130/><T129/><D124/><U8/><E43/><V62/><F122/><W48/><G133/><T116/><D116/><U127/><E106/><V74/><F3/><W13/><G32/><T24/><D24/><U25/><E127/><V115/><F115/><W70/><G70/><T99/><D40/><U120/><E120/><V31/><F41/><W36/><G36/><T123/><D123/><U109/><E109/><V126/><F126/><W108/><G108/><T90/><D73/><U44/><E44/><V87/><F11/><W134/><G134/><T72/><D72/><U57/><E57/><V102/><F74/><W65/><G113/><T101/><D101/><U114/><E114/><V15/><F15/><W28/><G28/><T33/><D33/><U86/><E86/><V29/><F21/><W61/><G61/><N who="0" m="36087" /><D129/><U89/><E100/><V111/><F111/><W34/><G76/><T71/><D71/><U125/><E125/><V107/><F107/><W9/><G34/><T38/><D38/><U78/><E78/><V64/><F98/><W67/><G67/><T77/><D77/><U93/><E93/><V84/><F66/><W14/><G14/><T37/><D37/><U23/><REACH who="1" step="1"/><E19/><REACH who="1" ten="263,245,275,207" step="2"/><V117/><F87/><W53/><AGARI ba="1,1" hai="5,9,13,16,17,46,48,53,58,63,65,85,91,94" machi="53" ten="20,5200,0" yaku="0,1,7,1,8,1,54,1" doraHai="79" who="3" fromWho="3" sc="263,-14,245,-27,275,-14,207,65" /><INIT seed="2,0,0,0,0,19" ten="249,218,261,272" oya="2" hai0="64,119,116,129,16,101,40,73,132,2,90,34,39" hai1="110,13,32,21,131,82,11,25,7,53,84,51,75" hai2="80,103,118,1,115,69,58,83,89,114,12,56,78" hai3="31,126,70,92,106,109,17,50,98,100,85,14,65"/><V18/><F118/><N who="0" m="45098" /><D34/><U130/><E75/><V44/><F69/><W28/><G126/><T54/><D2/><U49/><E110/><V74/><F1/><W108/><G50/><T60/><D73/><U104/><E104/><V96/><F44/><W9/><G65/><T8/><D101/><U134/><E134/><V117/><F117/><W63/><G63/><T43/><D129/><U79/><E32/><V3/><F3/><W0/><G70/><N who="0" m="42247" /><D132/><U46/><REACH who="1" step="1"/><E51/><REACH who="1" ten="249,208,261,272" step="2"/><V61/><F114/><W37/><G37/><T135/><D39/><U77/><E77/><V35/><F115/><W113/><G113/><T47/><D135/><U36/><E36/><V67/><F35/><W71/><G71/><T127/><D127/><U122/><E122/><V88/><F56/><W120/><G120/><T20/><D8/><U102/><E102/><V112/><F112/><W10/><G109/><T30/><D30/><AGARI ba="0,1" hai="7,11,13,21,25,30,46,49,53,79,82,84,130,131" machi="30" ten="40,2600,0" yaku="1,1,52,1,53,0" doraHai="19" doraHaiUra="121" who="1" fromWho="0" sc="249,-26,208,36,261,0,272,0" /><INIT seed="3,0,0,0,1,86" ten="223,244,261,272" oya="3" hai0="5,75,24,132,79,62,127,84,55,87,88,46,2" hai1="105,45,112,118,65,98,15,123,134,83,23,101,109" hai2="41,103,37,85,124,59,82,34,10,12,66,35,80" hai3="63,8,19,106,26,29,49,14,73,102,18,32,99"/><W38/><G38/><T64/><D132/><U116/><E112/><V74/><F124/><W33/><G73/><T56/><D127/><U4/><E123/><V67/><F74/><W126/><G126/><T129/><D129/><U131/><E131/><V27/><F103/><W91/><G49/><T57/><D75/><U21/><E134/><V7/><F37/><W0/><G0/><T3/><D46/><U39/><E109/><V9/><F41/><W68/><G33/><T28/><D79/><U78/><E65/><V110/><F110/><W122/><G122/><T40/><D84/><U60/><E60/><V13/><F59/><W53/><G53/><T81/><D40/><U43/><E4/><V120/><F120/><W20/><G91/><T115/><D5/><U76/><E15/><V121/><F121/><W104/><G104/><T71/><D115/><U130/><E130/><V11/><F27/><W107/><G107/><T125/><D125/><U97/><E97/><V69/><F69/><W30/><REACH who="3" step="1"/><G32/><REACH who="3" ten="223,244,261,262" step="2"/><N who="2" m="12329" /><F85/><W93/><G93/><T44/><D44/><U72/><REACH who="1" step="1"/><E78/><REACH who="1" ten="223,234,261,262" step="2"/><V6/><F6/><W114/><G114/><T51/><REACH who="0" step="1"/><D71/><REACH who="0" ten="213,234,261,262" step="2"/><U22/><AGARI ba="0,3" hai="21,22,23,39,43,45,72,76,83,98,101,105,116,118" machi="22" ten="30,7900,0" yaku="1,1,2,1,0,1,53,1" doraHai="86" doraHaiUra="42" who="1" fromWho="1" sc="213,-20,234,109,261,-20,262,-39" owari="193,-31.0,343,45.0,241,4.0,223,-18.0" /></mjloggm>