<mjloggm ver="2.3"><GO type="97" lobby="0"/><UN n0="%6B%6F%2D%73%68%69%72%6F" n1="%E3%81%95%E3%81%97%E3%81%93%E3%81%AE%E3%81%8F%E3%81%9B" n2="%6D%75%75%6E%6E" n3="%E3%82%A6%E3%83%AB%E3%83%88%E3%83%A9%E7%AB%8B%E7%9B%B4" dan="13,15,15,14" rate="1879.16,1946.24,2017.42,1943.99" sx="M,M,M,M"/><TAIKYOKU oya="0"/><INIT seed="0,0,0,1,5,116" ten="250,250,250,250" oya="0" hai0="78,40,53,79,112,1,92,127,20,32,102,33,119" hai1="30,90,97,14,59,91,47,87,51,44,84,24,124" hai2="22,8,70,49,37,114,125,38,115,130,75,108,122" hai3="131,46,71,57,2,104,98,96,28,34,134,48,50"/><T69/><D119/><U74/><E74/><V126/><F8/><W0/><G71/><T85/><D112/><N who="2" m="43050" /><F75/><W43/><G131/><T35/><D127/><N who="2" m="48650" /><F22/><W109/><G134/><T17/><D69/><U135/><E135/><V62/><F108/><W88/><G109/><T128/><D128/><U86/><E124/><V7/><F130/><W82/><G28/><T15/><D1/><U60/><E14/><V110/><F110/><W89/><G34/><T81/><D40/><U27/><E97/><V29/><F7/><W41/><G82/><T73/><D53/><N who="1" m="33903" /><E30/><V133/><F29/><W6/><G6/><T39/><D39/><N who="2" m="14858" /><F133/><W55/><G0/><T67/><D67/><U36/><E36/><V94/><F94/><W19/><G2/><T68/><D68/><U111/><E111/><V18/><F18/><W76/><G76/><T5/><D5/><U121/><E121/><V4/><F4/><W10/><G104/><T113/><D113/><U72/><E72/><V21/><F21/><W65/><G10/><T129/><D129/><U3/><E3/><V120/><F49/><W12/><G19/><T45/><D73/><U117/><E117/><V105/><F105/><W23/><G23/><T31/><D31/><U63/><E51/><V54/><F54/><W42/><G12/><T118/><D118/><U83/><E63/><V66/><AGARI ba="0,0" hai="62,66,70,120,122" m="14858,48650,43050" machi="66" ten="40,12000,2" yaku="18,1,23,1,34,2,52,2" doraHai="116" who="2" fromWho="2" sc="250,-60,250,-30,250,120,250,-30" /><INIT seed="1,0,0,0,3,8" ten="190,220,370,220" oya="1" hai0="2,54,35,69,101,57,103,105,46,1,85,129,130" hai1="55,65,0,114,14,4,84,92,17,59,81,64,104" hai2="58,102,91,37,109,28,34,60,134,112,62,53,43" hai3="61,78,133,127,23,125,49,74,73,22,45,117,108"/><U79/><E104/><V94/><F109/><W26/><G108/><T99/><D69/><U6/><E114/><V18/><F112/><W11/><G117/><T30/><D46/><U97/><E0/><V70/><F102/><W66/><G11/><T52/><D103/><U15/><E64/><V13/><F134/><W113/><G113/><T47/><D85/><U96/><E65/><V118/><F70/><W119/><G133/><T44/><D30/><U56/><E17/><V90/><F90/><W75/><G78/><T95/><D35/><U83/><E55/><N who="0" m="21033" /><D57/><U93/><E84/><V32/><F32/><W72/><N who="3" m="18944" /><DORA hai="131" /><W67/><G119/><T29/><D29/><U9/><E9/><V41/><F34/><W107/><G107/><T98/><D1/><U25/><E25/><V3/><F3/><W123/><G66/><T12/><D12/><U71/><E71/><V51/><F13/><W124/><G26/><T7/><D7/><U16/><E16/><V128/><F18/><W50/><G123/><T68/><D2/><U5/><E5/><V76/><F28/><W20/><G45/><N who="0" m="17483" /><D68/><AGARI ba="0,0" hai="20,22,23,49,50,61,67,68,124,125,127" m="18944" machi="68" ten="80,8000,1" yaku="29,2,18,1" doraHai="8,131" who="3" fromWho="0" sc="190,-80,220,0,370,0,220,80" /><INIT seed="2,0,0,0,4,59" ten="110,220,370,300" oya="2" hai0="115,76,1,98,63,51,85,125,47,16,27,132,4" hai1="118,94,69,70,119,35,33,21,78,50,15,7,83" hai2="103,13,104,9,126,86,100,123,26,56,112,48,14" hai3="99,49,113,24,72,60,79,31,22,124,117,88,105"/><V46/><F112/><W43/><G117/><N who="1" m="44554" /><E94/><V11/><F123/><W2/><G2/><T25/><D115/><U37/><E50/><V121/><F121/><W64/><G124/><T67/><D125/><U29/><E15/><V52/><F126/><W93/><G105/><T6/><D132/><U114/><E21/><V23/><F104/><W92/><G113/><T107/><D1/><U87/><E87/><V61/><F86/><W82/><G43/><T84/><D84/><U38/><E29/><N who="2" m="17631" /><F14/><W102/><G49/><T10/><D107/><U135/><E7/><N who="2" m="3263" /><F11/><W45/><G45/><T122/><D98/><U74/><E114/><V34/><F34/><N who="1" m="12809" /><E135/><V116/><F116/><W120/><G120/><T71/><D122/><U53/><E53/><AGARI ba="0,0" hai="46,48,52,53,56,61,100,103" m="3263,17631" machi="53" ten="30,5800,0" yaku="8,1,52,1,54,1" doraHai="59" who="2" fromWho="1" sc="110,0,220,-58,370,58,300,0" /><INIT seed="2,1,0,0,4,68" ten="110,162,428,300" oya="2" hai0="78,8,40,49,125,37,14,103,88,47,76,30,36" hai1="1,31,106,16,81,46,38,29,84,23,80,12,75" hai2="41,79,64,10,118,97,5,93,89,70,135,94,100" hai3="19,87,42,0,86,128,63,116,39,71,18,102,101"/><V43/><F118/><W45/><G0/><T54/><D125/><U3/><E106/><V57/><F70/><W82/><G116/><T21/><D103/><U48/><E38/><V131/><F79/><W104/><G128/><T92/><D30/><U26/><E31/><V109/><F131/><W52/><G87/><T126/><D126/><U6/><E6/><V117/><F117/><W44/><G104/><T119/><D119/><U51/><E51/><V133/><F57/><W110/><G110/><T127/><D127/><U62/><E62/><V85/><F64/><W91/><G102/><T105/><D105/><U27/><E27/><V122/><F122/><W108/><G101/><T130/><D130/><U4/><E75/><V53/><F53/><W96/><G96/><T34/><D34/><U99/><E99/><V9/><F109/><W7/><G7/><T60/><D60/><U113/><E113/><V114/><F114/><W123/><G123/><T132/><D132/><U59/><E59/><V13/><F9/><W73/><G73/><T77/><D21/><U17/><E17/><V15/><F133/><W124/><G124/><T112/><D54/><U98/><E98/><V56/><F97/><W129/><G129/><T121/><D112/><U25/><E25/><V134/><F5/><W55/><G108/><T66/><D66/><U33/><E84/><V95/><F85/><W32/><G32/><T11/><D121/><U111/><E111/><V90/><F134/><W24/><G24/><T74/><D74/><U67/><E67/><V35/><F135/><W120/><G120/><RYUUKYOKU ba="1,0" sc="110,0,162,0,428,0,300,0" /><INIT seed="3,2,0,3,5,112" ten="110,162,428,300" oya="3" hai0="62,122,134,121,59,49,27,130,47,119,84,97,100" hai1="20,22,95,71,10,120,74,94,44,129,82,80,96" hai2="125,75,12,29,51,106,85,79,88,53,105,37,91" hai3="32,73,124,6,102,101,54,68,63,107,86,108,2"/><W30/><G86/><T31/><D134/><U113/><E71/><V123/><F37/><W111/><G54/><T38/><D130/><U93/><E113/><V67/><F67/><N who="3" m="41087" /><G102/><T25/><D38/><U60/><E120/><V98/><F12/><W0/><G73/><T48/><D122/><U57/><E129/><V77/><F53/><W4/><G4/><T7/><D121/><U61/><E44/><V109/><F51/><W72/><G72/><T35/><D7/><U15/><E74/><V11/><F91/><W132/><G132/><T34/><D84/><U52/><E96/><V116/><F88/><W76/><G76/><T41/><D49/><U42/><E42/><V55/><F55/><W43/><G43/><T56/><D62/><U78/><E61/><V127/><F79/><W126/><G101/><T40/><D40/><U103/><E103/><V65/><F85/><W114/><G107/><T110/><D119/><U1/><E1/><N who="3" m="618" /><G6/><T5/><D5/><N who="1" m="3535" /><E78/><V128/><F105/><W50/><G50/><T90/><D110/><N who="3" m="42025" /><G114/><T36/><D36/><U87/><E87/><V28/><F77/><W99/><G99/><T16/><D90/><U89/><E89/><V64/><F123/><W17/><G17/><T58/><D16/><U24/><E22/><V21/><F75/><W19/><G19/><AGARI ba="2,0" hai="19,20,24,52,57,60,80,82,93,94,95" m="3535" machi="19" ten="30,2000,0" yaku="8,1,54,1" doraHai="112" who="1" fromWho="3" sc="110,0,162,26,428,0,300,-26" owari="110,-39.0,188,-21.0,428,53.0,274,7.0" /></mjloggm>