<mjloggm ver="2.3"><GO type="193" lobby="0"/><UN n0="%E5%B0%B1%E6%B4%BB%E7%94%9F%40%E5%B7%9D%E6%9D%91%E8%BB%8D%E5%9B%A3" n1="%E8%A3%8F%E3%82%B9%E3%82%B8%E3%81%AA%E3%82%81%E6%AC%A1%E9%83%8E" n2="%E3%82%AB%E3%83%BC%E3%83%8D%E3%83%AB%E3%81%95%E3%82%93%E3%81%A0%E3%81%99" n3="%6E%69%6E%6A%61%67" dan="12,12,10,10" rate="1880.21,1719.08,1455.37,1582.62" sx="M,M,M,M"/><TAIKYOKU oya="0"/><INIT seed="0,0,0,0,2,118" ten="250,250,250,250" oya="0" hai0="22,78,76,42,35,105,112,110,20,120,53,111,91" hai1="93,38,32,8,6,67,101,70,25,11,51,27,63" hai2="81,88,126,87,10,114,109,128,90,96,79,100,44" hai3="26,29,55,18,130,12,59,89,127,94,97,98,49"/><T57/><D120/><U14/><E38/><V125/><F44/><W23/><G130/><T115/><D105/><U46/><E32/><V95/><F10/><W121/><G121/><T84/><D35/><U129/><E129/><V75/><F114/><W122/><G122/><T34/><D34/><U116/><E116/><V47/><F47/><W4/><G127/><N who="2" m="48649" /><F128/><W9/><REACH who="3" step="1"/><G98/><REACH who="3" ten="250,250,250,240" step="2"/><T52/><D115/><U119/><E119/><V123/><F123/><W3/><G3/><T99/><D112/><U37/><E37/><V135/><F109/><N who="0" m="41482" /><D99/><U56/><E70/><V71/><F71/><W103/><G103/><T41/><D76/><U106/><E106/><N who="2" m="63751" /><F135/><W124/><G124/><T60/><D78/><U21/><E101/><V64/><F64/><W72/><G72/><T85/><D85/><U77/><E77/><V82/><F90/><W33/><G33/><T28/><D28/><AGARI ba="0,1" hai="4,9,12,18,23,26,28,29,49,55,59,89,94,97" machi="28" ten="40,2600,0" yaku="1,1,8,1,53,0" doraHai="118" doraHaiUra="133" who="3" fromWho="0" sc="250,-26,250,0,250,0,240,36" /><INIT seed="1,0,0,0,2,74" ten="224,250,250,276" oya="1" hai0="5,83,12,99,111,105,1,18,88,10,29,17,39" hai1="20,27,0,117,96,31,89,101,23,84,56,121,124" hai2="98,119,59,130,112,50,116,69,7,70,52,85,36" hai3="15,38,93,135,79,73,71,129,127,102,94,30,92"/><U103/><E117/><V44/><F7/><W104/><G135/><T120/><D39/><U65/><E121/><V82/><F98/><W107/><G129/><T68/><D68/><N who="2" m="26218" /><F85/><W115/><G115/><T72/><D120/><U25/><E0/><V131/><F82/><W108/><G127/><T78/><D111/><U114/><E114/><V81/><F81/><W80/><G71/><T28/><D17/><U110/><E124/><V33/><F33/><W32/><G38/><T49/><D49/><U16/><E110/><V63/><F112/><W64/><G108/><T109/><D109/><U91/><E84/><V2/><F2/><W90/><G107/><T123/><D123/><U26/><E26/><V75/><F75/><W8/><G104/><T55/><D55/><U40/><E40/><N who="2" m="24839" /><F36/><W133/><G133/><T76/><D76/><U66/><E66/><V51/><F51/><W126/><G126/><T3/><D3/><U11/><E11/><V58/><F58/><W87/><G64/><T19/><D19/><U95/><E101/><V34/><F34/><W53/><G102/><T60/><D60/><AGARI ba="0,0" hai="16,20,23,25,27,31,56,60,65,89,91,95,96,103" machi="60" ten="40,12000,1" yaku="25,2,8,1,54,1" doraHai="74" who="1" fromWho="0" sc="224,-120,250,120,250,0,276,0" /><INIT seed="1,1,0,4,5,66" ten="104,370,250,276" oya="1" hai0="114,98,64,5,55,131,10,62,67,59,83,30,86" hai1="91,49,135,41,106,61,124,122,71,68,99,6,38" hai2="119,96,57,15,120,16,95,79,40,74,80,130,112" hai3="27,105,65,54,84,44,126,107,125,50,32,1,17"/><U2/><E2/><V128/><F119/><W45/><G1/><T115/><D131/><N who="2" m="50218" /><F112/><W85/><G65/><T36/><D36/><U101/><E122/><V34/><F120/><W39/><G39/><T43/><D43/><U60/><E6/><V82/><F34/><W26/><G107/><T28/><D114/><U4/><E4/><V69/><F40/><W109/><G105/><T88/><D115/><U22/><E124/><V117/><F117/><W51/><G109/><T73/><D73/><U46/><E135/><V37/><F37/><W58/><G32/><T110/><D110/><U0/><E0/><V116/><F116/><W19/><G54/><T87/><D98/><U118/><E118/><V108/><F108/><W52/><G52/><T3/><D86/><U100/><E100/><N who="2" m="60447" /><F82/><W33/><REACH who="3" step="1"/><G58/><REACH who="3" ten="104,370,250,266" step="2"/><T35/><D35/><U76/><E38/><V9/><F57/><W77/><G77/><T93/><D67/><U134/><E76/><V103/><F103/><W53/><G53/><T31/><REACH who="0" step="1"/><D64/><REACH who="0" ten="94,370,250,266" step="2"/><U129/><E129/><V113/><F113/><W12/><G12/><T21/><D21/><U11/><E22/><V92/><F92/><AGARI ba="1,2" hai="3,5,10,28,30,31,55,59,62,83,87,88,92,93" machi="92" ten="40,2600,0" yaku="1,1,54,1,53,0" doraHai="66" doraHaiUra="121" who="0" fromWho="2" sc="94,49,370,0,250,-29,266,0" /><INIT seed="2,0,0,4,5,37" ten="143,370,221,266" oya="2" hai0="36,75,58,80,88,106,74,9,92,108,69,35,89" hai1="68,91,131,86,129,103,41,81,48,24,130,50,72" hai2="30,56,117,99,6,42,53,85,40,39,22,57,38" hai3="90,114,13,101,100,1,71,119,62,49,46,7,132"/><V16/><F117/><W111/><G119/><T134/><D69/><U20/><E68/><V23/><F6/><W15/><G71/><T65/><D36/><U4/><E4/><V59/><F30/><W26/><G114/><T107/><D35/><U12/><E12/><V8/><F8/><W73/><G73/><N who="0" m="27659" /><D9/><U28/><E103/><V31/><F31/><W63/><G132/><T121/><D58/><U83/><E41/><V19/><F99/><W98/><G101/><T10/><D10/><U34/><E34/><V120/><F120/><W55/><G1/><T32/><D32/><U25/><E25/><V87/><F53/><W104/><G26/><T123/><D65/><U61/><E61/><V45/><F57/><W43/><G111/><T93/><D108/><U135/><E135/><V2/><REACH who="2" step="1"/><F45/><REACH who="2" ten="143,370,211,266" step="2"/><W64/><G7/><T67/><D134/><U11/><E11/><V77/><F77/><AGARI ba="0,1" hai="20,24,28,48,50,72,77,81,83,86,91,129,130,131" machi="77" ten="40,1300,0" yaku="19,1" doraHai="37" who="1" fromWho="2" sc="143,0,370,23,211,-13,266,0" /><INIT seed="3,0,0,3,2,75" ten="143,393,198,266" oya="3" hai0="13,78,71,68,51,67,22,7,94,2,130,64,103" hai1="70,92,48,28,55,42,11,60,97,105,77,80,74" hai2="9,27,124,113,90,5,76,44,65,128,115,63,18" hai3="41,88,89,109,46,43,112,59,100,17,1,31,62"/><W104/><G112/><T102/><D2/><U123/><E105/><V47/><F124/><W37/><G43/><T26/><D130/><U91/><E42/><V61/><F128/><W132/><G1/><T0/><D0/><U14/><E28/><V8/><F76/><W131/><G31/><T69/><D7/><U82/><E82/><V93/><F115/><W6/><G131/><T122/><D122/><U12/><E123/><V84/><F113/><W25/><G6/><T87/><D13/><U107/><E107/><V85/><F27/><W56/><G56/><T35/><D35/><U134/><E134/><V39/><F39/><W129/><G129/><T57/><D67/><U126/><E126/><V54/><F84/><W111/><G132/><T125/><D125/><U24/><E24/><V133/><F133/><W19/><G104/><T29/><D51/><U3/><E60/><V53/><F18/><W33/><G100/><T96/><D103/><U110/><E70/><V86/><F86/><W30/><G17/><T32/><D32/><U108/><E3/><V99/><F99/><W135/><G135/><T49/><D49/><U34/><E34/><V52/><F5/><W118/><G19/><T66/><REACH who="0" step="1"/><D57/><REACH who="0" ten="133,393,198,266" step="2"/><N who="1" m="32999" /><E12/><V40/><F65/><W73/><G118/><T98/><D98/><U119/><E119/><V116/><F116/><W120/><G120/><T38/><D38/><U50/><E50/><V114/><F114/><W23/><G73/><T83/><AGARI ba="0,1" hai="22,26,29,64,66,68,69,71,78,83,87,94,96,102" machi="83" ten="40,5200,0" yaku="1,1,0,1,52,1,53,0" doraHai="75" doraHaiUra="101" who="0" fromWho="0" sc="133,62,393,-13,198,-13,266,-26" owari="195,-20.0,380,47.0,185,-31.0,240,4.0" /></mjloggm>