<mjloggm ver="2.3"><GO type="41" lobby="0"/><UN n0="%E3%81%93%E3%82%8B%E3%81%A8%5F" n1="%6E%6E%68%68%33%39%33%39" n2="%E9%9B%AA%E4%B9%83%E7%80%AC%E9%BA%97" n3="%E5%B0%B1%E6%B4%BB%E7%94%9F%40%E5%B7%9D%E6%9D%91%E8%BB%8D%E5%9B%A3" dan="13,13,16,15" rate="1844.16,1860.72,2087.81,2048.96" sx="M,M,M,M"/><TAIKYOKU oya="0"/><INIT seed="0,0,0,5,1,84" ten="250,250,250,250" oya="0" hai0="73,95,42,127,110,59,112,90,17,128,67,19,122" hai1="83,105,27,23,60,106,131,80,50,33,79,31,121" hai2="44,7,97,58,91,55,32,133,0,4,15,78,18" hai3="124,65,70,57,113,62,51,130,39,24,36,30,26"/><T125/><D122/><U16/><E131/><V61/><F133/><W111/><G130/><T102/><D112/><U82/><E121/><V5/><F32/><W2/><G2/><T115/><D115/><U103/><E79/><V108/><F108/><W10/><G113/><T64/><D73/><U96/><E50/><V68/><F68/><W107/><G107/><T35/><D35/><U28/><E60/><V8/><F78/><W81/><G26/><T46/><D110/><U43/><E43/><V116/><F116/><W126/><G10/><T132/><D102/><U29/><REACH who="1" step="1"/><E106/><REACH who="1" ten="250,240,250,250" step="2"/><V69/><F69/><W129/><G51/><T11/><D128/><U72/><E72/><V49/><F0/><W53/><G129/><T13/><D132/><U74/><E74/><V20/><F49/><W3/><G62/><T98/><D42/><U87/><E87/><V34/><F44/><W134/><G39/><T104/><D46/><U52/><E52/><V114/><F114/><W94/><G36/><T100/><D125/><U6/><E6/><V101/><F7/><W76/><G134/><T48/><D127/><U12/><AGARI ba="0,1" hai="12,16,23,27,28,29,31,33,80,82,83,96,103,105" machi="12" ten="30,4000,0" yaku="1,1,0,1,54,1,53,0" doraHai="84" doraHaiUra="37" who="1" fromWho="1" sc="250,-20,240,50,250,-10,250,-10" /><INIT seed="1,0,0,0,4,78" ten="230,290,240,240" oya="1" hai0="68,3,109,129,88,46,98,76,7,16,10,85,26" hai1="35,45,40,62,19,103,9,120,108,57,50,99,80" hai2="134,43,111,72,24,65,128,75,113,135,89,83,121" hai3="49,33,48,18,119,2,104,71,66,87,125,32,55"/><U133/><E120/><V41/><F65/><W122/><G104/><T130/><D68/><U116/><E116/><V15/><F24/><W79/><G2/><T17/><D109/><U5/><E108/><V127/><F15/><W94/><G49/><T92/><D46/><U90/><E133/><V86/><F43/><W36/><G36/><T47/><D47/><U58/><E35/><V37/><F41/><W6/><G6/><T38/><D38/><U8/><E5/><V22/><F22/><W60/><G125/><T81/><REACH who="0" step="1"/><D26/><REACH who="0" ten="220,290,240,240" step="2"/><U131/><E45/><V101/><F37/><W29/><G122/><T59/><D59/><U27/><E57/><V105/><F111/><W73/><G119/><T77/><D77/><U93/><E58/><V44/><F44/><W97/><G79/><T64/><D64/><U4/><E40/><V124/><F121/><W114/><G66/><T39/><D39/><U107/><E131/><AGARI ba="0,1" hai="3,7,10,16,17,76,81,85,88,92,98,129,130,131" machi="131" ten="40,8000,1" yaku="1,1,19,1,52,1,54,2,53,0" doraHai="78" doraHaiUra="11" who="0" fromWho="1" sc="220,90,290,-80,240,0,240,0" /><INIT seed="2,0,0,3,3,83" ten="310,210,240,240" oya="2" hai0="28,130,104,18,7,64,44,82,3,93,127,69,91" hai1="118,122,51,109,110,35,29,129,47,41,100,37,17" hai2="124,12,25,10,40,48,11,39,94,105,121,67,45" hai3="49,99,24,8,89,92,1,131,55,126,115,113,111"/><V52/><F105/><W77/><G111/><N who="1" m="42506" /><E118/><V117/><F121/><W107/><G126/><T63/><D104/><U70/><E122/><V27/><F117/><W84/><G131/><T31/><D130/><U116/><E116/><V95/><F124/><W26/><G1/><T74/><D127/><U86/><E129/><V42/><F67/><W2/><G2/><T78/><D7/><U119/><E119/><V85/><F11/><W46/><G8/><T132/><D3/><U62/><E100/><V108/><F108/><W19/><G19/><T0/><D0/><U23/><E29/><V38/><F38/><W30/><G24/><N who="2" m="9289" /><F39/><W125/><G125/><T112/><D112/><N who="3" m="43081" /><G107/><T76/><D132/><U4/><E4/><N who="2" m="3143" /><F95/><W53/><G77/><T21/><D76/><U56/><E35/><V75/><F75/><W57/><G99/><T13/><D44/><U61/><E70/><V58/><F45/><W36/><G36/><T134/><D134/><U59/><E37/><V5/><F5/><W43/><G57/><T98/><AGARI ba="0,0" hai="13,18,21,28,31,63,64,69,74,78,82,91,93,98" machi="98" ten="20,1500,0" yaku="0,1,7,1" doraHai="83" who="0" fromWho="0" sc="310,15,210,-4,240,-7,240,-4" /><INIT seed="3,0,0,1,5,101" ten="325,206,233,236" oya="3" hai0="103,13,33,77,57,31,111,120,116,66,8,48,76" hai1="118,96,106,90,64,125,99,83,35,62,2,78,113" hai2="114,117,72,43,29,119,23,39,74,42,45,10,46" hai3="5,4,27,60,26,85,87,92,127,126,11,89,58"/><W95/><G126/><T129/><D120/><U124/><E2/><V135/><F114/><W53/><G127/><N who="1" m="48714" /><E35/><V6/><F135/><W122/><G122/><T110/><D116/><U108/><E62/><V63/><F63/><W51/><G5/><T75/><D33/><U80/><E64/><V133/><F133/><W28/><G60/><N who="0" m="38159" /><D31/><U121/><E121/><V102/><F102/><W19/><G19/><T50/><D129/><U84/><E113/><V18/><F29/><W41/><G41/><T97/><D75/><N who="1" m="43103" /><E118/><V25/><F119/><W100/><G28/><T115/><D115/><U98/><E108/><N who="0" m="41513" /><D50/><U70/><E70/><V20/><F20/><W47/><G47/><T17/><D48/><U22/><E22/><V44/><F117/><W15/><G100/><AGARI ba="0,0" hai="83,84,90,96,98,99,100,106" m="43103,48714" machi="100" ten="30,7700,0" yaku="18,1,34,2,52,1" doraHai="101" who="1" fromWho="3" sc="325,0,206,77,233,0,236,-77" /><INIT seed="4,0,0,5,0,128" ten="325,283,233,159" oya="0" hai0="85,93,134,114,57,3,40,82,97,8,64,135,54" hai1="91,10,101,22,23,105,4,80,49,70,48,92,81" hai2="30,126,24,67,132,28,77,50,62,131,73,106,55" hai3="95,9,75,79,6,94,123,116,117,69,130,96,107"/><T78/><D114/><U14/><E70/><V32/><F131/><W104/><G69/><T13/><D3/><U59/><E101/><V99/><F30/><W27/><G130/><T0/><D0/><U112/><E105/><V113/><F113/><W29/><G123/><T11/><D40/><U1/><E112/><V36/><F36/><W21/><G95/><T47/><D47/><U52/><E48/><V98/><F126/><W102/><G79/><T111/><D111/><U53/><E53/><V76/><F132/><N who="0" m="50730" /><D64/><U115/><E115/><V110/><F110/><W66/><G75/><T109/><D109/><U88/><E91/><V100/><F99/><W60/><G116/><T25/><D13/><U118/><E118/><V83/><F76/><W19/><G117/><T58/><D25/><U125/><E125/><V35/><F35/><W41/><G41/><T43/><D43/><U65/><E65/><V86/><F73/><W122/><G122/><T71/><D71/><U33/><E33/><V84/><F67/><W120/><G120/><T44/><D44/><U63/><E63/><V51/><F24/><W121/><G121/><T72/><D72/><U46/><E46/><V127/><F62/><W20/><G20/><N who="1" m="7722" /><E1/><V61/><F61/><W68/><G29/><T26/><D26/><U31/><E31/><V124/><F28/><W34/><G34/><T37/><D37/><U17/><E4/><V133/><F32/><W103/><G6/><T18/><D18/><U108/><E108/><V2/><F133/><W7/><G7/><T56/><D54/><U90/><E52/><RYUUKYOKU ba="0,0" sc="325,30,283,-10,233,-10,159,-10" hai0="8,11,56,57,58,78,82,85,93,97" /><INIT seed="4,1,0,3,1,73" ten="355,273,223,149" oya="0" hai0="61,0,59,87,5,120,17,111,43,86,25,18,106" hai1="21,75,102,46,27,109,80,52,70,34,103,81,90" hai2="33,56,96,31,47,23,85,108,107,62,29,118,36" hai3="114,93,49,124,4,99,22,79,98,15,7,63,54"/><T130/><D120/><U92/><E109/><V51/><F36/><W38/><G114/><T119/><D106/><U129/><E70/><V42/><F108/><W132/><G38/><T44/><D111/><U55/><E34/><V104/><F33/><W26/><G132/><T135/><D119/><U78/><E129/><V37/><F118/><W16/><G124/><T67/><D130/><U94/><E80/><V20/><F37/><W71/><G98/><T77/><D135/><U84/><E92/><V2/><F2/><W76/><G71/><T128/><D128/><U101/><REACH who="1" step="1"/><E46/><REACH who="1" ten="355,263,223,149" step="2"/><V125/><F107/><W131/><G131/><T12/><D44/><U65/><E65/><V48/><F47/><N who="3" m="27967" /><G63/><T24/><D67/><U91/><E91/><V35/><F62/><W68/><G68/><T88/><D88/><U32/><E32/><V64/><F35/><W19/><G93/><T60/><D60/><U9/><E9/><V6/><F104/><W1/><G99/><T72/><D61/><U53/><E53/><V105/><F96/><W133/><G133/><T50/><D43/><U66/><E66/><V113/><F105/><W45/><G45/><T116/><D116/><U57/><E57/><V112/><F42/><W40/><G40/><T83/><D59/><U82/><E82/><V74/><F56/><W121/><G121/><T115/><D83/><U28/><AGARI ba="1,1" hai="21,27,28,52,55,75,78,81,84,90,94,101,102,103" machi="28" ten="30,7900,0" yaku="1,1,0,1,52,1,54,1,53,0" doraHai="73" doraHaiUra="39" who="1" fromWho="1" sc="355,-40,263,92,223,-21,149,-21" /><INIT seed="5,0,0,3,3,62" ten="315,355,202,128" oya="1" hai0="4,28,108,12,99,89,71,133,16,1,36,118,17" hai1="72,134,135,106,97,101,30,129,75,105,79,67,18" hai2="21,37,34,49,42,82,115,24,13,6,26,124,112" hai3="123,127,66,92,19,11,91,131,96,35,64,52,74"/><U87/><E30/><N who="2" m="19799" /><F37/><W117/><G123/><T121/><D36/><U128/><E18/><V98/><F98/><W120/><G74/><N who="1" m="28202" /><E67/><N who="3" m="25642" /><G35/><T22/><D71/><U132/><E105/><V59/><F82/><AGARI ba="0,0" hai="79,82,87,97,101,106,128,129,132,134,135" m="28202" machi="82" ten="40,7700,0" yaku="20,1,34,2" doraHai="62" who="1" fromWho="2" sc="315,0,355,77,202,-77,128,0" /><INIT seed="5,1,0,3,5,37" ten="315,432,125,128" oya="1" hai0="131,19,126,113,31,43,82,2,68,73,13,74,123" hai1="95,55,48,30,89,14,116,6,134,132,53,103,24" hai2="107,98,46,77,59,120,17,34,83,20,91,51,100" hai3="44,92,105,41,86,93,94,52,72,7,78,40,23"/><U66/><E116/><V29/><F120/><W27/><G105/><T79/><D123/><U65/><E103/><V119/><F119/><W32/><G72/><T106/><D113/><U110/><E110/><V61/><F91/><N who="3" m="53367" /><G32/><T3/><D131/><U42/><E14/><V130/><F130/><W64/><G7/><T127/><D68/><U80/><E80/><V90/><F90/><W50/><G64/><T128/><D128/><U49/><E6/><V85/><F34/><W18/><G78/><T114/><D114/><U122/><E122/><V115/><F115/><W101/><G93/><T118/><D118/><U75/><E75/><V71/><F71/><W45/><G45/><T97/><D73/><U88/><E95/><V25/><F29/><W9/><G9/><T1/><D43/><N who="3" m="16457" /><G94/><T56/><D31/><U112/><E42/><V81/><F81/><W22/><G22/><T76/><D79/><U109/><E112/><V108/><F108/><W8/><G8/><T117/><D117/><U121/><E121/><V28/><F46/><W111/><G111/><T4/><D4/><U15/><E109/><V11/><F11/><W47/><G47/><T99/><D106/><U62/><E66/><V39/><F39/><W69/><G69/><T102/><D56/><U60/><E65/><N who="2" m="39103" /><F28/><W16/><G101/><T63/><D102/><U104/><E30/><AGARI ba="1,0" hai="16,18,23,27,30,44,50,52" m="16457,53367" machi="30" ten="30,12000,2" yaku="8,1,52,3,54,2" doraHai="37" who="3" fromWho="1" sc="315,0,432,-123,125,0,128,123" /><INIT seed="6,0,0,5,5,129" ten="315,309,125,251" oya="2" hai0="4,90,80,37,53,123,3,100,1,134,65,125,24" hai1="28,71,20,117,111,48,74,114,56,45,97,57,23" hai2="66,32,110,15,94,131,31,87,77,127,5,49,6" hai3="88,42,78,47,67,2,36,70,76,103,104,132,92"/><V46/><F131/><W39/><G132/><T8/><D123/><U38/><E111/><V25/><F127/><W105/><G2/><T44/><D125/><U34/><E71/><V43/><F110/><W9/><G39/><T16/><D65/><U41/><E117/><V58/><F15/><W40/><G40/><T64/><D64/><U27/><E114/><V79/><F79/><W112/><G112/><T18/><D100/><U22/><E74/><V12/><F12/><W115/><G115/><T82/><D134/><U135/><E135/><V99/><F87/><W35/><G35/><T101/><D101/><U98/><E38/><V55/><F77/><W50/><G36/><T72/><D72/><U113/><E113/><V14/><F14/><W10/><G103/><T73/><D1/><U30/><E30/><V83/><F83/><W59/><G70/><T84/><D24/><U19/><E19/><V102/><REACH who="2" step="1"/><F66/><REACH who="2" ten="315,309,115,251" step="2"/><W51/><G76/><T33/><D80/><U107/><E98/><V61/><AGARI ba="0,1" hai="5,6,25,31,32,43,46,49,55,58,61,94,99,102" machi="61" ten="20,7800,0" yaku="1,1,2,1,0,1,7,1,53,0" doraHai="129" doraHaiUra="68" who="2" fromWho="2" sc="315,-26,309,-26,115,88,251,-26" /><INIT seed="6,1,0,3,3,43" ten="289,283,203,225" oya="2" hai0="57,118,60,84,7,99,12,35,73,128,88,45,93" hai1="76,90,37,49,107,3,26,83,40,72,39,4,9" hai2="65,98,126,17,108,64,78,22,111,5,41,101,94" hai3="82,100,79,104,28,58,66,106,114,27,125,131,36"/><V91/><F78/><W133/><G36/><T15/><D35/><U14/><E90/><V63/><F126/><W97/><G125/><T132/><D73/><U55/><E39/><V33/><F33/><W42/><G131/><T116/><D128/><U75/><E14/><V59/><F5/><W13/><G133/><T123/><D123/><U92/><E92/><V54/><F41/><W74/><G114/><T2/><D132/><U10/><E10/><V121/><F121/><W69/><G42/><T122/><D122/><U80/><E26/><N who="2" m="14671" /><F101/><W48/><G13/><T103/><D2/><U71/><E80/><V105/><F105/><W16/><G16/><T34/><D45/><N who="1" m="23695" /><E107/><V11/><F11/><W119/><G119/><N who="0" m="45611" /><D7/><U110/><E75/><V102/><F102/><W68/><G104/><N who="0" m="63615" /><D34/><U115/><E115/><V31/><F31/><W124/><G124/><T67/><AGARI ba="1,0" hai="12,15,57,60,67,84,88,93" m="63615,45611" machi="67" ten="30,2000,0" yaku="12,1,54,1" doraHai="43" who="0" fromWho="0" sc="289,23,283,-6,203,-11,225,-6" /><INIT seed="7,0,0,1,2,5" ten="312,277,192,219" oya="3" hai0="76,108,65,11,128,117,38,47,70,119,102,9,54" hai1="105,92,52,101,88,39,67,20,110,48,121,87,13" hai2="111,50,81,97,44,126,66,120,36,109,31,96,58" hai3="17,56,79,4,106,8,57,114,33,85,28,41,99"/><W93/><G114/><T40/><D108/><U30/><E110/><V16/><F111/><W84/><G41/><T21/><D128/><U69/><E39/><V59/><F109/><W26/><G106/><T134/><D134/><U78/><E121/><V129/><F36/><W12/><G84/><T98/><D76/><U75/><E69/><V1/><F1/><W86/><G86/><T115/><D115/><U18/><E67/><V22/><F129/><W10/><G85/><T7/><D21/><U100/><E105/><V37/><F37/><W55/><G55/><T35/><D35/><U62/><E62/><V23/><F120/><W73/><G73/><T24/><D24/><U32/><E30/><V77/><F31/><W90/><REACH who="3" step="1"/><G79/><REACH who="3" ten="312,277,192,209" step="2"/><T82/><D117/><U131/><E131/><V107/><F107/><W112/><G112/><T46/><D119/><U94/><E32/><V53/><F126/><W124/><G124/><T71/><D54/><U49/><E92/><V29/><F66/><W6/><G6/><T2/><D65/><U64/><E64/><V122/><F122/><W74/><G74/><T130/><D130/><U14/><E78/><V15/><F77/><W116/><G116/><T125/><D125/><U135/><E75/><V51/><F81/><W89/><G89/><T80/><D80/><U3/><E88/><V61/><F44/><W0/><AGARI ba="0,1" hai="0,4,8,10,12,17,26,28,33,56,57,90,93,99" machi="0" ten="20,12000,1" yaku="1,1,0,1,7,1,52,2,53,0" doraHai="5" doraHaiUra="19" who="3" fromWho="3" sc="312,-40,277,-40,192,-40,209,130" owari="272,7.0,237,-16.0,152,-35.0,339,44.0" /></mjloggm>