<mjloggm ver="2.3"><GO type="41" lobby="0"/><UN n0="%E5%B0%B1%E6%B4%BB%E7%94%9F%40%E5%B7%9D%E6%9D%91%E8%BB%8D%E5%9B%A3" n1="%73%61%63%75%72%61" n2="%E6%94%BE%E9%8A%83%4B%69%6E%67" n3="%E3%83%8B%E3%83%AF%E3%82%AB" dan="15,14,13,13" rate="2008.16,1879.83,1852.08,1864.07" sx="M,F,M,M"/><TAIKYOKU oya="0"/><INIT seed="0,0,0,4,4,63" ten="250,250,250,250" oya="0" hai0="108,47,111,35,119,127,110,129,85,74,101,76,84" hai1="82,67,69,1,2,75,99,32,42,31,0,46,34" hai2="20,116,56,26,121,65,70,3,21,13,117,132,9" hai3="135,88,29,61,58,133,45,62,44,64,18,125,30"/><T100/><D35/><U60/><E99/><V124/><F121/><W51/><G125/><T81/><D47/><U102/><E102/><N who="0" m="39529" /><D127/><U8/><E8/><V92/><F70/><W37/><G37/><T12/><D12/><U126/><E126/><V54/><F3/><W17/><G51/><T48/><D48/><U97/><E97/><V15/><F124/><W33/><G33/><T50/><D50/><U6/><E6/><V105/><F105/><W104/><G104/><T94/><D129/><U93/><E93/><V87/><F132/><N who="3" m="50763" /><G62/><T95/><D119/><N who="2" m="45642" /><F92/><AGARI ba="0,0" hai="74,76,81,84,85,92,94,95,108,110,111" m="39529" machi="92" ten="40,12000,1" yaku="14,1,10,1,34,2" doraHai="63" who="0" fromWho="2" sc="250,120,250,0,250,-120,250,0" /><INIT seed="0,1,0,0,3,3" ten="370,250,130,250" oya="0" hai0="81,90,67,55,133,106,91,102,65,36,69,115,34" hai1="10,105,77,80,61,76,123,53,11,38,124,104,15" hai2="100,29,13,132,128,28,43,33,47,25,31,50,58" hai3="131,84,88,44,75,9,96,37,103,74,101,117,70"/><T60/><D115/><U95/><E123/><V94/><F128/><W19/><G70/><T107/><D133/><U49/><E124/><V45/><F132/><W110/><G117/><T48/><D36/><U127/><E127/><V126/><F126/><W51/><G131/><T8/><D34/><U54/><E38/><V79/><F79/><W39/><G110/><T20/><D67/><U99/><E61/><V30/><F58/><W24/><G101/><T86/><D102/><U72/><E77/><V22/><F47/><W16/><G39/><T4/><D20/><U26/><E26/><V112/><F112/><W93/><G37/><T97/><D91/><U121/><E11/><V119/><F119/><W98/><G19/><T32/><D97/><U118/><E118/><V5/><F33/><W66/><G98/><T135/><D32/><U64/><E54/><V14/><F5/><W125/><G66/><T12/><D135/><U92/><E92/><V2/><F2/><W78/><G125/><T122/><D122/><U42/><E64/><V57/><F57/><AGARI ba="1,0" hai="4,8,12,48,55,57,60,65,69,81,86,90,106,107" machi="57" ten="30,2900,0" yaku="7,1,52,1" doraHai="3" who="0" fromWho="2" sc="370,32,250,0,130,-32,250,0" /><INIT seed="0,2,0,4,0,100" ten="402,250,98,250" oya="0" hai0="41,36,117,90,104,122,29,26,85,114,30,126,47" hai1="88,125,35,65,63,22,39,45,119,68,6,78,124" hai2="96,42,89,57,61,10,53,102,123,74,12,131,3" hai3="48,71,91,19,86,72,0,24,105,109,92,95,101"/><T118/><D114/><U80/><E119/><V38/><F123/><W132/><G0/><T56/><D122/><U46/><E46/><V127/><F127/><W77/><G71/><T70/><D126/><N who="1" m="48747" /><E22/><V130/><F131/><W37/><G37/><T4/><D4/><U115/><E35/><V87/><F130/><W106/><G48/><T69/><D29/><U110/><E110/><V17/><F74/><W79/><G24/><T49/><D104/><N who="3" m="40041" /><G19/><T14/><D14/><U135/><E115/><V113/><F113/><W82/><G109/><T60/><D69/><U52/><E6/><V84/><F3/><W1/><G1/><T59/><D70/><U2/><E2/><V112/><F112/><W32/><G32/><T103/><D36/><U75/><E39/><V128/><F128/><W44/><G44/><T21/><D59/><U120/><E120/><V9/><F42/><W11/><G11/><T121/><D103/><U94/><E135/><V81/><F38/><W107/><N who="3" m="40049" /><W73/><DORA hai="8" /><G132/><T134/><D134/><U28/><E28/><V31/><F31/><W67/><G67/><T76/><D121/><U129/><E129/><V64/><F9/><W54/><G54/><T55/><D76/><N who="3" m="29257" /><G101/><T99/><D55/><U93/><E93/><AGARI ba="2,0" hai="72,73,82,86,91,92,93,95" m="29257,40049" machi="93" ten="40,16000,3" yaku="35,5,52,4" doraHai="100,8" who="3" fromWho="1" sc="402,0,250,-166,98,0,250,166" /><INIT seed="1,0,0,4,5,89" ten="402,84,98,416" oya="1" hai0="39,61,84,66,34,36,42,48,38,127,6,54,96" hai1="123,128,0,132,114,51,31,69,79,106,4,73,94" hai2="40,57,78,72,28,109,15,105,131,56,121,52,29" hai3="95,3,87,62,35,112,65,82,111,120,55,91,30"/><U93/><E69/><V80/><F109/><W49/><G3/><T71/><D34/><U74/><E31/><V101/><F121/><W60/><G111/><T68/><D127/><U18/><E4/><V21/><F131/><W133/><G120/><T104/><D6/><U20/><E0/><V124/><F124/><W75/><G112/><T17/><D17/><U122/><E51/><V33/><F40/><W16/><G133/><T24/><D24/><U117/><E18/><V130/><F130/><W92/><G35/><T2/><D2/><U43/><E43/><V10/><F33/><W7/><G30/><T19/><D19/><U129/><E20/><V8/><F8/><W116/><G75/><T107/><D84/><U70/><E70/><V12/><F101/><W1/><G1/><T53/><D96/><U126/><E106/><V86/><F105/><W23/><G116/><T103/><D103/><U27/><E27/><N who="2" m="16495" /><F72/><W41/><G7/><T115/><D115/><U81/><E117/><V83/><F83/><W88/><G41/><T5/><D5/><U14/><E14/><N who="2" m="5163" /><F29/><W13/><G82/><T25/><D25/><U97/><E114/><V22/><F22/><W134/><G134/><T44/><D104/><U135/><E97/><V26/><F26/><W58/><G62/><N who="0" m="40023" /><D107/><U110/><E81/><V32/><F32/><W98/><G49/><T119/><D119/><U50/><E50/><N who="2" m="30743" /><F10/><W118/><G118/><T37/><N who="0" m="9728" /><DORA hai="90" /><T59/><D71/><U46/><E46/><V108/><F108/><W67/><AGARI ba="0,0" hai="13,16,23,55,58,60,65,67,87,88,91,92,95,98" machi="67" ten="30,16000,3" yaku="0,1,8,1,52,4,54,2" doraHai="89,90" who="3" fromWho="3" sc="402,-40,84,-80,98,-40,416,160" /><INIT seed="2,0,0,3,4,76" ten="362,4,58,576" oya="2" hai0="108,89,67,91,94,118,4,122,21,69,7,36,13" hai1="129,80,117,65,5,44,124,34,114,53,32,83,121" hai2="104,98,84,93,86,131,1,72,88,126,12,2,11" hai3="100,90,51,33,112,102,16,128,133,101,55,81,10"/><V23/><F126/><W18/><G128/><T26/><D118/><U29/><E117/><V107/><F131/><W74/><G133/><T30/><D122/><U22/><E129/><V135/><F135/><W31/><G33/><T110/><D36/><U63/><E114/><V20/><F72/><W57/><G31/><T60/><D89/><U17/><E124/><V0/><F107/><W132/><G132/><T115/><D115/><U24/><E34/><V103/><REACH who="2" step="1"/><F84/><REACH who="2" ten="362,4,48,576" step="2"/><N who="3" m="50447" /><G74/><T28/><D108/><U134/><E134/><V78/><F78/><W123/><G112/><T79/><D110/><U41/><E121/><V45/><F45/><W73/><G73/><T25/><D79/><U39/><E5/><AGARI ba="0,1" hai="0,1,2,5,11,12,20,23,86,88,93,98,103,104" machi="5" ten="40,3900,0" yaku="1,1,54,1,53,0" doraHai="76" doraHaiUra="54" who="2" fromWho="1" sc="362,0,4,-39,48,49,576,0" owari="362,16.0,-35,-54.0,97,-30.0,576,68.0" /></mjloggm>