<mjloggm ver="2.3"><GO type="41" lobby="0"/><UN n0="%E3%82%A6%E3%83%AB%E3%83%88%E3%83%A9%E7%AB%8B%E7%9B%B4" n1="%43%50%59" n2="%77%69%73" n3="%53%6F%66%74%42%61%6E%6B" dan="15,15,13,14" rate="2000.75,1946.54,1832.65,1932.08" sx="M,F,M,M"/><TAIKYOKU oya="0"/><INIT seed="0,0,0,4,0,116" ten="250,250,250,250" oya="0" hai0="122,127,100,94,79,104,87,98,24,21,62,124,17" hai1="90,51,130,30,108,101,34,8,64,68,63,105,31" hai2="128,77,120,103,13,54,49,45,109,7,59,73,92" hai3="72,75,114,84,61,70,25,16,46,56,135,48,4"/><T91/><D122/><U39/><E108/><V123/><F109/><W9/><G135/><T15/><D62/><U99/><E130/><V35/><F35/><W6/><G114/><T126/><REACH who="0" step="1"/><D79/><REACH who="0" ten="240,250,250,250" step="2"/><U102/><E31/><V57/><F128/><W44/><G61/><T10/><D10/><U82/><E8/><V20/><F77/><W26/><G9/><T121/><D121/><U115/><E115/><V74/><F120/><W11/><G11/><T42/><D42/><U96/><E39/><V27/><F123/><W119/><G119/><T52/><D52/><U1/><E51/><V47/><F49/><W86/><G48/><T95/><D95/><U38/><E38/><V97/><F7/><W110/><G110/><T80/><D80/><U76/><E1/><V71/><F74/><W0/><G0/><T40/><D40/><U43/><E43/><V89/><F73/><W41/><G41/><T3/><D3/><U78/><E82/><V55/><F92/><W117/><G117/><T134/><D134/><U129/><E129/><V131/><F131/><W36/><G36/><T107/><D107/><U118/><E118/><V65/><F55/><W33/><G75/><T37/><D37/><U28/><E28/><V19/><F54/><W22/><G72/><T23/><D23/><U66/><E64/><V32/><F20/><W112/><G22/><T2/><D2/><U85/><E78/><V111/><F65/><W69/><G6/><T132/><D132/><U53/><E76/><V58/><F111/><W125/><G4/><T88/><D88/><U50/><E53/><RYUUKYOKU ba="0,1" sc="240,30,250,-10,250,-10,250,-10" hai0="15,17,21,24,87,91,94,98,100,104,124,126,127" /><INIT seed="0,1,1,2,5,33" ten="270,240,240,240" oya="0" hai0="51,47,40,122,134,103,3,83,8,133,24,112,74" hai1="7,94,81,67,131,92,89,28,45,106,102,121,63" hai2="58,34,118,108,32,110,19,97,107,14,22,50,15" hai3="10,49,96,105,70,31,128,61,2,93,42,68,54"/><T109/><D122/><U59/><E121/><V77/><F118/><W38/><G128/><T98/><D112/><U125/><E131/><V0/><F0/><W52/><G105/><T48/><D24/><U87/><E125/><V130/><F130/><W101/><G31/><T1/><D51/><U84/><E28/><V78/><F14/><W113/><G113/><T79/><D109/><N who="2" m="42090" /><F50/><W86/><G38/><T9/><D9/><U29/><E29/><V114/><F58/><W111/><G111/><T69/><D69/><U73/><E73/><V64/><F64/><W65/><G70/><T5/><REACH who="0" step="1"/><D3/><REACH who="0" ten="260,240,240,240" step="2"/><U56/><E63/><V117/><F114/><W39/><G39/><T104/><AGARI ba="1,2" hai="1,5,8,40,47,48,74,79,83,98,103,104,133,134" machi="104" ten="30,12000,1" yaku="1,1,2,1,0,1,52,1,53,1" doraHai="33" doraHaiUra="75" who="0" fromWho="0" sc="260,143,240,-41,240,-41,240,-41" /><INIT seed="0,2,0,2,0,20" ten="403,199,199,199" oya="0" hai0="107,72,90,62,33,36,95,123,56,40,83,9,100" hai1="5,84,109,135,121,15,81,46,54,69,134,110,0" hai2="42,37,57,77,130,73,2,44,48,87,49,3,94" hai3="21,27,106,11,112,47,1,59,34,82,18,99,74"/><T26/><D123/><U60/><E121/><V86/><F73/><W76/><G112/><T68/><D40/><U85/><E0/><V51/><F130/><W97/><G106/><T119/><D36/><U128/><E69/><V29/><F29/><W101/><G101/><T32/><D32/><U4/><E128/><V66/><F87/><N who="1" m="33353" /><E81/><V129/><F129/><W91/><G91/><T23/><D33/><U96/><E96/><V6/><F6/><N who="1" m="2665" /><E15/><V55/><F66/><W88/><G34/><T64/><D83/><U125/><E125/><V30/><F30/><W22/><G47/><T126/><D72/><U118/><E118/><V67/><F67/><W58/><G22/><T12/><D126/><U41/><E60/><V104/><F104/><W124/><G124/><T122/><D122/><U25/><E54/><V61/><F77/><W38/><G99/><N who="0" m="59519" /><D68/><U43/><E25/><V13/><F13/><W19/><G1/><T53/><D119/><U65/><E65/><V35/><F35/><W16/><G97/><T117/><D117/><U14/><E14/><V105/><F105/><W111/><G82/><T93/><D107/><U8/><E8/><V45/><F2/><W116/><G116/><T28/><D53/><U108/><E46/><V132/><F3/><W39/><G11/><T103/><D103/><U52/><E52/><V115/><F44/><W131/><G131/><T63/><D63/><U92/><E92/><V89/><F115/><W70/><G70/><T10/><D12/><U78/><E78/><V24/><F24/><W80/><G27/><T120/><D120/><RYUUKYOKU ba="2,0" sc="403,10,199,10,199,10,199,-30" hai0="9,10,23,26,28,56,62,64,90,93" hai1="41,43,108,109,110,134,135" hai2="37,42,45,48,49,51,55,57,61,86,89,94,132" /><INIT seed="0,3,0,5,1,20" ten="413,209,209,169" oya="0" hai0="82,80,32,135,97,121,6,96,9,68,12,86,64" hai1="51,57,31,76,30,118,11,36,78,47,56,8,93" hai2="130,102,10,21,122,114,70,34,77,2,117,87,99" hai3="44,105,125,67,59,124,100,94,113,66,90,41,85"/><T60/><D121/><U13/><E118/><V72/><F34/><W132/><G113/><T33/><D135/><U5/><E36/><V58/><F114/><W26/><G132/><T53/><D82/><U126/><E126/><V42/><F70/><W110/><G110/><T129/><D129/><U49/><E93/><V133/><F122/><W18/><G105/><T79/><D97/><U4/><E13/><V28/><F72/><W134/><G134/><T103/><REACH who="0" step="1"/><D53/><REACH who="0" ten="403,209,209,169" step="2"/><U120/><E120/><V88/><F133/><W50/><G125/><T38/><D38/><U81/><E81/><V123/><F123/><W104/><G124/><T43/><D43/><U25/><E47/><V111/><F42/><W16/><G41/><T75/><D75/><U35/><E35/><V95/><F111/><W84/><G44/><T62/><D62/><U17/><E17/><V101/><F117/><W23/><G18/><T83/><D83/><U40/><E40/><V37/><F37/><W98/><G85/><T63/><D63/><U0/><E0/><V61/><F2/><W14/><G16/><T127/><D127/><U15/><E15/><V131/><F99/><W27/><G14/><T73/><D73/><U112/><E112/><V71/><F131/><W109/><G109/><T91/><D91/><U7/><E7/><V3/><F130/><W65/><G50/><T29/><D29/><U74/><E74/><V92/><F92/><BYE who="2" /><AGARI ba="3,1" hai="6,9,12,32,33,60,64,68,79,80,86,92,96,103" machi="92" ten="30,5800,0" yaku="1,1,7,1,53,1" doraHai="20" doraHaiUra="1" who="0" fromWho="2" sc="403,77,209,0,209,-67,169,0" /><INIT seed="0,4,0,0,1,131" ten="480,209,142,169" oya="0" hai0="74,56,116,32,78,5,75,69,25,62,34,97,105" hai1="59,67,125,99,1,49,9,96,103,45,23,87,52" hai2="128,44,20,7,21,133,71,0,79,135,42,101,77" hai3="86,55,66,123,47,61,122,31,127,29,111,84,35"/><T70/><D116/><U117/><E117/><V82/><F82/><W41/><G127/><T104/><D5/><U102/><E125/><V2/><F2/><W110/><G35/><N who="0" m="13355" /><D25/><U48/><E87/><V90/><F90/><W98/><G98/><N who="1" m="37418" /><E1/><V109/><F109/><N who="3" m="41483" /><G86/><T72/><D97/><U119/><E119/><V93/><F93/><W63/><G84/><T107/><D56/><U89/><E89/><V68/><F68/><N who="0" m="26218" /><D62/><N who="3" m="23561" /><G31/><T54/><D54/><N who="1" m="32207" /><E67/><V95/><F95/><W124/><G29/><T43/><D43/><U27/><E9/><V22/><F22/><W106/><G106/><T10/><D10/><U39/><E39/><V85/><F85/><W129/><G124/><T26/><D26/><U6/><E6/><V80/><F80/><AGARI ba="4,0" hai="72,74,75,78,80,104,105,107" m="26218,13355" machi="80" ten="40,12000,1" yaku="26,2,33,2" doraHai="131" who="0" fromWho="2" sc="480,132,209,0,142,-132,169,0" /><INIT seed="0,5,0,0,2,101" ten="612,209,10,169" oya="0" hai0="34,82,78,130,131,74,89,105,108,66,90,98,65" hai1="43,11,104,49,56,15,67,41,97,126,64,95,93" hai2="23,17,18,124,121,2,38,110,116,83,48,13,12" hai3="24,63,133,86,94,88,115,1,91,59,28,44,50"/><T125/><D34/><U71/><E126/><V16/><F16/><W129/><G129/><N who="0" m="49163" /><D125/><U58/><E71/><V8/><F8/><W72/><G133/><T51/><D51/><U42/><E104/><V81/><F81/><W135/><G135/><T75/><D108/><U31/><E31/><V84/><F84/><W70/><G115/><T21/><D21/><U60/><E97/><V111/><F111/><W87/><G72/><T128/><N who="0" m="49171" /><T0/><DORA hai="19" /><D0/><U29/><E29/><V106/><F106/><W114/><G114/><T55/><D55/><N who="1" m="31855" /><E64/><N who="0" m="24681" /><D74/><U69/><E69/><V109/><F109/><W85/><G70/><T5/><D5/><AGARI ba="5,0" hai="5,11,15,41,42,43,58,60,67,93,95" m="31855" machi="5" ten="30,1000,0" yaku="8,1" doraHai="101,19" who="1" fromWho="0" sc="612,-25,209,25,10,0,169,0" /><INIT seed="1,0,0,5,5,91" ten="587,234,10,169" oya="1" hai0="115,57,31,59,102,15,65,5,79,122,62,39,46" hai1="70,114,52,21,134,110,132,9,43,77,51,10,49" hai2="17,100,45,13,89,48,66,73,92,111,88,6,112" hai3="20,129,12,44,27,93,108,120,84,64,82,33,78"/><U41/><E114/><V22/><F22/><W3/><G129/><T60/><D115/><U101/><E70/><V55/><F55/><W8/><G108/><T98/><D79/><U4/><E110/><V56/><F56/><W126/><G126/><T87/><D87/><U36/><E77/><V24/><F24/><W106/><G120/><T95/><D31/><U99/><E21/><V25/><F25/><W34/><G106/><T18/><D5/><U113/><E113/><V116/><F116/><W90/><G3/><T11/><D122/><U69/><E69/><V76/><F76/><W121/><G121/><T130/><D130/><U105/><E36/><V123/><F123/><W47/><G64/><T128/><D128/><U40/><E4/><V131/><F131/><W28/><G34/><T42/><D62/><U71/><E71/><AGARI ba="0,0" hai="11,15,18,39,42,46,57,59,60,65,71,95,98,102" machi="71" ten="30,2000,0" yaku="7,1,52,1" doraHai="91" who="0" fromWho="1" sc="587,20,234,-20,10,0,169,0" /><INIT seed="2,0,0,4,1,26" ten="607,214,10,169" oya="2" hai0="31,77,59,86,19,2,76,107,112,61,106,98,22" hai1="73,41,8,58,1,123,82,0,39,105,90,3,65" hai2="83,125,116,4,113,13,50,75,7,100,87,27,72" hai3="80,34,109,48,47,130,44,132,85,71,21,46,79"/><V111/><F111/><W119/><G119/><T35/><D2/><U42/><E105/><V70/><F70/><W43/><G109/><T30/><D35/><U33/><E33/><V15/><F15/><W6/><G132/><T69/><D69/><U66/><E123/><UN n2="%77%69%73" /><V56/><F116/><W95/><G130/><T32/><D32/><U17/><E39/><V91/><F113/><W49/><G71/><T135/><D112/><U24/><E73/><V74/><F125/><W23/><G34/><T134/><D98/><U110/><E110/><V81/><F100/><W120/><G120/><T118/><D106/><U131/><E131/><V88/><F27/><W38/><G38/><T64/><D107/><U54/><E24/><V25/><F25/><W12/><G47/><T20/><D118/><U52/><E17/><V36/><F36/><W127/><G127/><T5/><D5/><U114/><E8/><V117/><F117/><W94/><G23/><N who="0" m="8747" /><D19/><U96/><E114/><V78/><F78/><N who="0" m="30314" /><D86/><N who="1" m="50519" /><E96/><V97/><F97/><W28/><G28/><T115/><D115/><U62/><E54/><V68/><F68/><W67/><G67/><T93/><D93/><U92/><E92/><V10/><F4/><W124/><G124/><T63/><D63/><U14/><E66/><V45/><F56/><W122/><G122/><T57/><D57/><U9/><E65/><V60/><F60/><W104/><G104/><T53/><D64/><U55/><E55/><N who="2" m="30159" /><F74/><W51/><G51/><T126/><D126/><U84/><E3/><V128/><F128/><W108/><G108/><T102/><D102/><RYUUKYOKU ba="0,0" sc="607,15,214,-15,10,15,169,-15" hai0="30,31,53,59,61,134,135" hai2="7,10,13,72,75,81,83,87,88,91" /><INIT seed="2,1,0,0,4,121" ten="622,199,25,154" oya="2" hai0="47,127,96,34,57,119,42,75,109,55,45,25,106" hai1="68,63,9,44,41,116,89,31,66,39,113,71,64" hai2="115,91,80,21,130,105,6,72,17,78,2,95,61" hai3="51,24,99,3,52,67,94,7,126,73,8,86,88"/><V46/><F115/><W70/><G126/><T108/><D75/><U135/><E113/><V120/><F105/><W16/><G73/><T60/><D127/><U98/><E135/><V79/><F120/><W102/><G70/><T30/><D119/><U76/><E76/><V77/><F130/><W15/><G24/><T90/><D47/><U131/><E131/><V65/><F46/><W100/><G67/><T13/><D13/><U49/><E116/><V122/><F122/><W112/><G112/><T92/><REACH who="0" step="1"/><D106/><REACH who="0" ten="612,199,25,154" step="2"/><U18/><E44/><V85/><F2/><W114/><G114/><T125/><D125/><U117/><E117/><V69/><REACH who="2" step="1"/><F6/><REACH who="2" ten="612,199,15,154" step="2"/><W54/><G99/><T111/><D111/><U103/><E98/><V22/><F22/><W110/><G110/><T23/><D23/><U40/><E68/><V83/><F83/><W118/><G118/><T74/><D74/><U11/><E71/><V4/><F4/><W59/><REACH who="3" step="1"/><G54/><REACH who="3" ten="612,199,15,144" step="2"/><T48/><AGARI ba="1,3" hai="25,30,34,42,45,48,55,57,60,90,92,96,108,109" machi="48" ten="30,7900,0" yaku="1,1,0,1,52,2,53,0" doraHai="121" doraHaiUra="104" who="0" fromWho="0" sc="612,112,199,-21,15,-40,144,-21" owari="724,83.0,178,-2.0,-25,-53.0,123,-28.0" /></mjloggm>