<mjloggm ver="2.3"><GO type="97" lobby="0"/><UN n0="%E3%81%B5%E3%81%82" n1="%E4%B8%8A%E5%AE%B6%E3%81%AF%E6%80%AA%E3%81%97%E3%81%84%EF%BC%81%EF%BC%81" n2="%E8%91%9B%E5%9F%8E%E6%81%8B%E9%B3%A5" n3="%E3%82%A6%E3%83%AB%E3%83%88%E3%83%A9%E7%AB%8B%E7%9B%B4" dan="16,15,14,15" rate="1989.66,1961.58,1895.87,1992.22" sx="M,M,F,M"/><TAIKYOKU oya="0"/><INIT seed="0,0,0,3,0,23" ten="250,250,250,250" oya="0" hai0="83,98,134,120,28,121,34,59,38,107,33,65,113" hai1="135,92,2,15,114,105,130,131,82,116,60,106,13" hai2="129,63,37,64,76,85,24,86,5,88,125,94,123" hai3="43,17,55,115,119,30,18,45,8,91,0,128,84"/><T90/><D38/><U74/><E2/><V51/><F123/><W81/><G119/><T35/><D113/><U19/><E116/><V36/><F129/><N who="1" m="49161" /><E114/><V20/><F5/><W67/><G115/><T21/><D134/><U62/><E135/><V78/><F125/><W104/><G104/><N who="1" m="40042" /><E13/><V127/><F127/><W39/><G67/><T50/><D83/><U70/><E70/><V54/><F37/><W40/><G128/><T10/><D10/><U53/><E92/><V26/><F36/><W72/><G72/><T112/><D112/><U16/><E53/><V96/><F20/><W126/><G126/><T71/><D71/><U31/><E31/><V87/><F76/><W102/><G43/><T3/><D3/><U80/><E19/><V89/><F78/><W110/><G18/><T93/><D107/><U4/><E4/><V68/><REACH who="2" step="1"/><F89/><REACH who="2" ten="250,250,240,250" step="2"/><W69/><G91/><T77/><D77/><N who="1" m="44087" /><E82/><V42/><F42/><W22/><G40/><T52/><REACH who="0" step="1"/><D65/><REACH who="0" ten="240,250,240,250" step="2"/><U75/><E75/><V95/><F95/><W61/><G0/><T9/><D9/><AGARI ba="0,2" hai="9,15,16,60,62" m="44087,40042,49161" machi="9" ten="30,2000,0" yaku="19,1,54,1" doraHai="23" who="1" fromWho="0" sc="240,-20,250,40,240,0,250,0" /><INIT seed="1,0,0,0,1,47" ten="220,290,240,250" oya="1" hai0="17,43,33,133,13,1,14,70,77,89,7,102,30" hai1="96,58,25,23,75,40,107,56,109,4,44,103,128" hai2="34,0,21,91,126,100,78,32,131,67,92,28,134" hai3="65,59,19,88,73,27,57,63,31,130,117,15,2"/><U90/><E75/><V11/><F100/><W66/><G2/><T46/><D70/><U105/><E107/><V5/><F67/><W53/><G73/><T36/><D133/><U16/><E128/><V124/><F78/><W49/><G130/><T79/><D102/><U50/><E109/><V64/><F64/><W37/><G37/><T38/><D38/><U55/><E4/><V51/><F131/><W62/><G117/><T127/><D127/><N who="2" m="48682" /><F134/><W71/><G27/><T82/><D89/><U122/><E122/><V68/><F68/><W84/><G31/><T108/><D108/><U10/><E10/><V45/><F21/><W61/><G71/><T94/><D94/><U114/><E114/><V98/><F28/><W48/><G53/><AGARI ba="0,0" hai="0,5,11,32,34,45,51,53,91,92,98" m="48682" machi="53" ten="30,2000,0" yaku="18,1,52,1" doraHai="47" who="2" fromWho="3" sc="220,0,290,0,240,20,250,-20" /><INIT seed="2,0,0,0,5,20" ten="220,290,260,230" oya="2" hai0="17,8,109,111,127,41,58,100,63,91,49,129,125" hai1="79,73,30,121,87,130,28,50,51,135,37,2,94" hai2="5,19,84,96,69,54,74,3,81,22,55,92,15" hai3="95,77,21,85,53,67,89,52,29,107,62,118,93"/><V112/><F112/><W47/><G107/><T27/><D100/><U18/><E37/><V86/><F69/><W34/><G34/><T110/><D91/><U119/><E2/><V126/><F126/><N who="0" m="48138" /><D129/><U35/><E119/><V75/><F3/><W14/><G77/><T108/><D108/><U31/><E130/><V124/><F124/><W0/><G0/><T36/><D36/><U57/><E135/><V105/><F105/><W65/><G118/><T59/><D8/><U23/><E121/><V46/><F74/><W16/><G29/><T76/><D76/><U106/><E106/><V40/><F5/><W71/><G67/><T39/><D39/><U44/><E73/><V115/><F75/><W70/><G70/><T26/><D17/><U1/><E79/><N who="2" m="46143" /><F86/><W113/><G113/><T7/><D7/><U123/><E123/><V64/><F64/><W38/><REACH who="3" step="1"/><G95/><REACH who="3" ten="220,290,260,220" step="2"/><T133/><D133/><U4/><E94/><V120/><F115/><W99/><G99/><T128/><D128/><U33/><E35/><V82/><F120/><W103/><G103/><T114/><D114/><U78/><E33/><V80/><F92/><W117/><G117/><T101/><D101/><U60/><E78/><V61/><F96/><W88/><G88/><T48/><D41/><AGARI ba="0,1" hai="14,16,21,38,41,47,52,53,62,65,71,85,89,93" machi="41" ten="40,8000,1" yaku="1,1,54,2,53,1" doraHai="20" doraHaiUra="83" who="3" fromWho="0" sc="220,-80,290,0,260,0,220,90" /><INIT seed="3,0,0,4,0,57" ten="140,290,260,310" oya="3" hai0="68,109,19,45,135,60,0,105,131,88,32,53,116" hai1="73,20,108,79,47,94,124,17,78,42,66,99,16" hai2="10,91,6,120,113,111,12,36,134,75,31,41,104" hai3="76,127,54,28,114,21,110,1,56,50,100,80,133"/><W30/><G1/><T90/><D116/><U24/><E108/><V107/><F113/><W65/><G114/><T61/><D0/><U129/><E129/><V48/><F75/><W52/><G127/><T85/><D68/><U38/><E124/><V14/><F111/><W29/><G110/><T87/><D32/><U95/><E73/><V58/><F36/><W13/><G133/><T8/><D105/><U43/><E42/><V122/><F31/><W39/><G39/><T37/><D135/><U25/><E66/><V92/><F14/><W115/><G100/><T117/><D131/><U89/><E95/><V123/><F134/><W40/><G40/><T106/><D106/><U86/><E99/><V3/><F3/><W98/><G98/><T67/><D117/><U63/><E63/><N who="0" m="24137" /><D37/><U2/><E2/><V118/><F118/><W96/><G96/><T74/><D67/><U93/><E93/><V125/><F125/><W102/><G102/><T97/><D74/><U83/><E94/><V132/><F132/><W7/><G65/><T33/><D33/><U103/><E103/><V130/><F130/><W9/><G115/><T5/><D109/><U119/><E119/><V27/><F104/><W81/><G81/><T84/><D97/><U46/><E46/><N who="2" m="25679" /><F107/><W70/><G70/><T72/><D72/><U59/><E59/><V69/><F58/><W64/><G64/><T62/><N who="0" m="24145" /><T4/><DORA hai="26" /><D45/><U82/><E82/><V22/><F69/><W112/><G80/><T15/><D53/><U18/><E24/><V23/><F27/><W126/><G112/><RYUUKYOKU ba="0,0" sc="140,10,290,10,260,10,310,-30" hai0="4,5,8,15,19,84,85,87,88,90" hai1="16,17,18,20,25,38,43,47,78,79,83,86,89" hai2="6,10,12,22,23,91,92,120,122,123" owari="150,-35.0,300,40.0,270,-13.0,280,8.0" /></mjloggm>