<mjloggm ver="2.3"><GO type="97" lobby="0"/><UN n0="%79%6F%75%79%6F%75%79%6F" n1="%E3%82%A6%E3%83%AB%E3%83%88%E3%83%A9%E7%AB%8B%E7%9B%B4" n2="%35%31%32%31%39%35%31%35" n3="%E3%83%89%E3%82%A4%E3%83%84%E3%81%AE%E6%96%A5%E5%80%99" dan="13,15,13,15" rate="1867.54,2054.77,1886.38,2044.46" sx="M,M,M,M"/><TAIKYOKU oya="0"/><INIT seed="0,0,0,2,5,131" ten="250,250,250,250" oya="0" hai0="24,39,49,82,64,15,109,14,18,85,105,52,51" hai1="0,134,7,135,45,11,81,111,121,3,124,120,99" hai2="35,108,20,47,62,36,4,88,80,26,17,86,42" hai3="37,43,61,92,72,16,95,103,53,13,123,91,66"/><T104/><D39/><U107/><E45/><V96/><F4/><W2/><G2/><T119/><D119/><U55/><E55/><V129/><F129/><W114/><G72/><T21/><D64/><U83/><E111/><V127/><F108/><W101/><G114/><T46/><D109/><U113/><E113/><V106/><F127/><W90/><G37/><T9/><D105/><U84/><E124/><V12/><F62/><W78/><G78/><T102/><D104/><U77/><E3/><V28/><F96/><N who="3" m="57367" /><G66/><T126/><D126/><U29/><E29/><V118/><REACH who="2" step="1"/><F106/><REACH who="2" ten="250,250,240,250" step="2"/><W40/><G123/><T32/><D32/><U30/><E120/><V93/><F93/><W74/><G61/><T115/><D115/><U59/><E121/><V71/><F71/><W57/><G101/><T54/><D102/><U65/><E99/><V23/><F23/><N who="3" m="11663" /><G103/><T48/><D46/><U70/><E107/><V50/><F50/><N who="3" m="30903" /><G74/><T122/><D122/><U33/><E70/><V125/><F125/><W87/><AGARI ba="0,1" hai="40,43,87,91,95" m="30903,11663,57367" machi="87" ten="30,4000,0" yaku="25,1,8,1,54,1" doraHai="131" who="3" fromWho="3" sc="250,-20,250,-10,240,-10,250,50" /><INIT seed="1,0,0,1,1,85" ten="230,240,230,300" oya="1" hai0="90,16,14,111,106,36,125,58,131,55,8,18,1" hai1="44,22,47,41,79,130,108,49,7,59,83,94,121" hai2="32,113,67,122,126,80,101,34,62,21,73,30,6" hai3="119,76,20,51,5,87,54,64,78,88,115,82,81"/><U56/><E121/><V17/><F122/><W12/><G115/><T31/><D36/><U102/><E130/><V84/><F73/><W63/><G119/><T91/><D106/><U3/><E108/><V26/><F126/><W98/><G98/><T40/><D1/><U86/><E3/><V29/><F101/><W93/><G76/><T105/><D105/><U38/><E7/><V15/><F113/><W117/><G117/><T46/><D125/><U66/><E66/><V48/><F48/><W103/><G103/><T28/><D131/><U25/><E94/><V68/><F6/><W72/><G82/><T74/><D74/><U99/><E99/><V13/><F13/><W42/><G42/><T43/><D18/><U35/><E35/><V104/><F104/><W37/><G37/><T53/><D111/><U112/><E102/><V11/><REACH who="2" step="1"/><F30/><REACH who="2" ten="230,240,220,300" step="2"/><N who="0" m="11306" /><D53/><U71/><E112/><V116/><F116/><W95/><G72/><T123/><D123/><U132/><E38/><V23/><F23/><W57/><G20/><T27/><D27/><U110/><E110/><V120/><F120/><W129/><G129/><T124/><D124/><U50/><E22/><V128/><F128/><W69/><G5/><T114/><D114/><U60/><E25/><V39/><F39/><W52/><G12/><T134/><D134/><U2/><E132/><V92/><F92/><W70/><G95/><T0/><D0/><U24/><E24/><V45/><F45/><W127/><G127/><T100/><D100/><U109/><E109/><V133/><F133/><W107/><G107/><T65/><D46/><RYUUKYOKU ba="0,1" sc="230,-10,240,-10,220,30,300,-10" hai2="11,15,17,21,26,29,32,34,62,67,68,80,84" /><INIT seed="2,1,1,2,3,134" ten="220,230,250,290" oya="2" hai0="58,67,7,43,76,61,19,9,42,27,135,44,127" hai1="64,28,59,20,39,41,124,111,104,65,108,81,48" hai2="52,91,30,105,71,55,116,130,89,118,84,96,15" hai3="47,37,113,85,40,93,78,57,109,33,25,46,107"/><V66/><F30/><W22/><G33/><T49/><D135/><U50/><E104/><V129/><F66/><N who="1" m="25705" /><E81/><V95/><F71/><W21/><G107/><T121/><D121/><U131/><E20/><V79/><F15/><W69/><G69/><T72/><D72/><U74/><E28/><V12/><F79/><W101/><G47/><T133/><D133/><U97/><E97/><V60/><F12/><W126/><G109/><N who="1" m="42058" /><E74/><V62/><F105/><W132/><G132/><T98/><D76/><U112/><E112/><V36/><F36/><W83/><G113/><T80/><D80/><U86/><E86/><V2/><F84/><W82/><G82/><T8/><D98/><U32/><E32/><V100/><F2/><W99/><G25/><T5/><D27/><U56/><E131/><N who="2" m="50187" /><F118/><W125/><REACH who="3" step="1"/><G57/><REACH who="3" ten="220,230,250,280" step="2"/><N who="1" m="22090" /><E124/><AGARI ba="1,2" hai="21,22,37,40,46,78,83,85,93,99,101,124,125,126" machi="124" ten="40,12000,2" yaku="1,1,18,1,52,3,53,1" doraHai="134" doraHaiUra="68" who="3" fromWho="1" sc="220,0,230,-123,250,0,280,143" /><INIT seed="3,0,0,1,2,67" ten="220,107,250,423" oya="3" hai0="30,31,17,89,135,102,124,56,74,7,133,106,86" hai1="43,0,25,107,65,49,108,119,12,120,69,125,23" hai2="76,99,26,79,94,20,91,93,51,15,84,8,38" hai3="134,33,80,95,11,18,115,105,21,113,68,58,131"/><W57/><G33/><T71/><D74/><U53/><E107/><V50/><F38/><W44/><G44/><T41/><D41/><U16/><E120/><V66/><F66/><W35/><G35/><T123/><D123/><U85/><E119/><V77/><F15/><W13/><G80/><T1/><D1/><U54/><E108/><V45/><F8/><W109/><G95/><T39/><D39/><U104/><E104/><V116/><F116/><W52/><G105/><T48/><D7/><U62/><E0/><V88/><F45/><W97/><G109/><T72/><D72/><U3/><E3/><V24/><F24/><W6/><G58/><T60/><D124/><U36/><E125/><V112/><F112/><W101/><G52/><N who="0" m="31751" /><D102/><U32/><E32/><V87/><F99/><W19/><G97/><T98/><D98/><U42/><E85/><V103/><F103/><W130/><G18/><AGARI ba="0,0" hai="18,20,26,50,51,76,77,79,84,87,88,91,93,94" machi="18" ten="40,5200,0" yaku="9,1,8,1,54,1" doraHai="67" who="2" fromWho="3" sc="220,0,107,0,250,52,423,-52" owari="220,-18.0,107,-39.0,302,10.0,371,47.0" /></mjloggm>