<mjloggm ver="2.3"><GO type="169" lobby="0"/><UN n0="%72%6F%6D%61%6E%65%73" n1="%34%62%65%70%68%79" n2="%E3%82%A6%E3%83%AB%E3%83%88%E3%83%A9%E7%AB%8B%E7%9B%B4" n3="%E3%82%B5%E3%83%B3%E3%83%9E%E9%81%93%E6%A5%BD%E4%BB%A3%E8%A1%A8" dan="16,16,17,16" rate="2034.36,2183.53,2187.88,2087.26" sx="M,M,M,M"/><TAIKYOKU oya="0"/><INIT seed="0,0,0,1,3,83" ten="250,250,250,250" oya="0" hai0="10,29,125,133,69,77,11,106,32,62,98,113,118" hai1="46,104,64,4,135,119,79,63,71,39,35,67,19" hai2="72,7,50,51,114,3,43,17,30,129,57,78,111" hai3="121,108,1,60,123,8,24,23,117,5,97,99,26"/><T22/><D118/><U65/><E119/><V75/><F114/><W115/><G117/><T59/><D113/><U12/><E104/><V80/><F129/><W16/><G115/><T84/><D133/><U95/><E35/><V38/><F111/><W73/><G73/><T27/><D125/><U116/><E116/><V85/><F30/><W9/><G108/><T49/><D49/><U44/><E4/><V93/><F57/><W48/><G48/><T13/><D13/><U94/><E79/><V112/><F17/><W87/><G26/><T36/><D36/><U58/><E135/><V41/><F41/><W55/><G8/><T53/><D69/><U127/><E127/><V130/><F72/><W134/><G134/><T76/><D32/><U52/><E71/><V100/><F130/><W33/><G33/><T124/><D76/><U18/><E18/><V66/><F66/><W14/><G24/><T34/><D34/><U28/><E28/><V131/><F131/><W101/><G101/><N who="0" m="62775" /><D124/><U31/><E31/><V56/><F56/><W122/><G87/><T120/><D120/><U0/><E0/><V105/><F112/><W47/><G47/><N who="1" m="17962" /><E39/><V91/><F43/><W20/><G23/><AGARI ba="0,0" hai="12,19,23,52,58,63,64,65,67,94,95" m="17962" machi="23" ten="30,2000,0" yaku="8,1,54,1" doraHai="83" who="1" fromWho="3" sc="250,0,250,20,250,0,250,-20" /><INIT seed="1,0,0,2,5,126" ten="250,270,250,230" oya="1" hai0="3,36,89,54,64,81,23,19,78,124,70,63,52" hai1="49,115,111,65,40,110,133,94,109,128,113,34,5" hai2="9,93,45,48,134,2,92,21,125,30,85,101,86" hai3="68,69,135,22,77,24,108,88,87,42,91,60,76"/><U132/><E34/><V116/><F116/><W74/><G74/><T96/><D3/><U17/><E5/><V0/><F125/><W33/><G33/><T35/><D35/><U8/><E65/><V44/><F101/><W95/><G108/><T39/><D124/><U56/><E94/><V104/><F104/><W117/><G135/><N who="1" m="51786" /><E128/><V100/><F100/><W41/><G117/><T72/><D36/><U20/><E8/><V12/><F134/><W66/><G68/><T28/><D28/><U107/><E107/><V90/><F92/><W62/><G60/><T97/><D39/><U103/><E103/><V123/><F123/><W6/><G6/><T13/><REACH who="0" step="1"/><D89/><REACH who="0" ten="240,270,250,230" step="2"/><U4/><E4/><V112/><F2/><W61/><G91/><T82/><D82/><U75/><E75/><V51/><F0/><W7/><G7/><T129/><D129/><U26/><E40/><V1/><F1/><W105/><G42/><T50/><D50/><U57/><E49/><V25/><F51/><W120/><G41/><T58/><D58/><AGARI ba="0,1" hai="17,20,26,56,57,58,109,110,111,113,115" m="51786" machi="58" ten="40,7700,0" yaku="14,1,10,1,20,1" doraHai="126" who="1" fromWho="0" sc="240,-77,270,87,250,0,230,0" /><INIT seed="1,1,0,1,2,40" ten="163,357,250,230" oya="1" hai0="63,43,48,76,47,78,101,118,59,25,57,17,56" hai1="123,16,52,49,86,31,64,70,112,83,115,77,46" hai2="107,133,7,12,134,110,102,22,125,120,10,129,130" hai3="91,14,23,126,24,29,124,108,82,21,74,97,34"/><U37/><E123/><V68/><F68/><W79/><G108/><T5/><D118/><U38/><E31/><V11/><F107/><W18/><G91/><T106/><D5/><U103/><E103/><V19/><F102/><W100/><REACH who="3" step="1"/><G21/><REACH who="3" ten="163,357,250,220" step="2"/><N who="0" m="13487" /><D101/><U99/><E115/><V15/><F110/><W105/><AGARI ba="1,1" hai="14,18,23,24,29,34,74,79,82,97,100,105,124,126" machi="105" ten="30,4000,0" yaku="1,1,0,1,53,1" doraHai="40" doraHaiUra="9" who="3" fromWho="3" sc="163,-11,357,-21,250,-11,220,53" /><INIT seed="2,0,0,1,3,76" ten="152,336,239,273" oya="2" hai0="63,90,120,99,43,66,105,77,14,37,36,13,109" hai1="96,100,39,38,4,68,135,61,54,64,125,103,117" hai2="115,119,16,45,17,1,7,24,130,32,75,60,11" hai3="123,15,35,95,101,108,86,59,70,41,56,126,116"/><V9/><F75/><W93/><G70/><T27/><D120/><U112/><E117/><V87/><F119/><W46/><G35/><T113/><D113/><U132/><E112/><V52/><F115/><W44/><G116/><T121/><D121/><U65/><E65/><V111/><F130/><W31/><G108/><T98/><D109/><U133/><E125/><V83/><F111/><W107/><G107/><T23/><D105/><U69/><E69/><V28/><F11/><W29/><G126/><T131/><D131/><U34/><E4/><V134/><F134/><W67/><G67/><T53/><D98/><U0/><E0/><V58/><REACH who="2" step="1"/><F45/><REACH who="2" ten="152,336,229,273" step="2"/><W72/><G72/><T26/><D63/><U128/><E128/><V73/><F73/><W47/><G44/><T48/><D14/><U8/><E133/><V118/><F118/><W3/><G15/><T40/><D13/><U92/><E135/><V129/><F129/><W30/><G46/><T84/><D27/><U110/><E110/><V51/><F51/><W20/><G47/><T74/><D48/><U5/><E132/><V89/><AGARI ba="0,1" hai="1,7,9,16,17,24,28,32,52,58,60,83,87,89" machi="89" ten="20,18000,2" yaku="1,1,0,1,7,1,52,1,54,2,53,1" doraHai="76" doraHaiUra="57" who="2" fromWho="2" sc="152,-60,336,-60,229,190,273,-60" /><INIT seed="2,1,0,3,5,11" ten="92,276,419,213" oya="2" hai0="7,108,47,120,64,78,35,128,62,124,32,0,77" hai1="72,63,110,19,130,23,30,33,55,109,56,91,18" hai2="76,127,135,61,73,34,38,103,25,5,126,75,118" hai3="65,132,114,21,82,15,94,117,24,66,74,68,97"/><V96/><F38/><W48/><G114/><T39/><D120/><U12/><E72/><V1/><F118/><W2/><G2/><T101/><D108/><N who="1" m="41579" /><E130/><V10/><F61/><W49/><G68/><T16/><D128/><U36/><E36/><V44/><F44/><W90/><G132/><T122/><D124/><N who="2" m="47658" /><F76/><W115/><G117/><T102/><D122/><U42/><E42/><V14/><F1/><W51/><G74/><T50/><D39/><U31/><E33/><V4/><F4/><W6/><G82/><T116/><D116/><U3/><E3/><V98/><F98/><W79/><G79/><T81/><D35/><U8/><E91/><V92/><F135/><W100/><G90/><T105/><D32/><U9/><E9/><V43/><F43/><W99/><G97/><T26/><D0/><U20/><E8/><V67/><F67/><W45/><G45/><T112/><D112/><U134/><E134/><V41/><F41/><W107/><G107/><T125/><D125/><U69/><E69/><V46/><F46/><W27/><G115/><T129/><D105/><U71/><E71/><V57/><F57/><W119/><G119/><T106/><D106/><U59/><E56/><V58/><F58/><W104/><G104/><T85/><D129/><U22/><E22/><V83/><F83/><W13/><G21/><N who="0" m="13607" /><D78/><U133/><E133/><V121/><F121/><W17/><G6/><T93/><D7/><U84/><E84/><V111/><F111/><W80/><G80/><T53/><D93/><U28/><E23/><V37/><F37/><W123/><G123/><RYUUKYOKU ba="1,0" sc="92,10,276,10,419,10,213,-30" hai0="47,50,53,62,64,77,81,85,101,102" hai1="12,18,19,20,28,30,31,55,59,63" hai2="5,10,14,25,34,73,75,92,96,103" /><INIT seed="2,2,0,0,4,87" ten="102,286,429,183" oya="2" hai0="76,102,42,115,81,95,40,62,106,97,86,36,90" hai1="0,27,105,82,8,107,77,39,104,133,33,24,60" hai2="53,31,54,28,2,132,91,131,30,14,10,48,99" hai3="41,112,117,118,103,67,38,120,59,51,83,49,94"/><V72/><F2/><W9/><G9/><T109/><D115/><U20/><E133/><V124/><F72/><W15/><G15/><T96/><D109/><U129/><E129/><V126/><F131/><W26/><G26/><T64/><REACH who="0" step="1"/><D36/><REACH who="0" ten="92,286,429,183" step="2"/><U12/><E39/><V23/><F132/><W98/><G112/><T111/><D111/><U32/><E32/><V56/><F126/><W70/><G118/><T47/><D47/><U101/><E33/><V88/><F124/><W5/><G117/><T3/><D3/><U65/><E0/><V58/><F23/><W135/><G135/><T121/><D121/><U93/><E20/><V75/><F75/><W123/><G123/><T69/><AGARI ba="2,1" hai="40,42,62,64,69,76,81,86,90,95,96,97,102,106" machi="69" ten="20,8000,1" yaku="1,1,0,1,7,1,52,1,53,1" doraHai="87" doraHaiUra="80" who="0" fromWho="0" sc="92,96,286,-22,429,-42,183,-22" /><INIT seed="3,0,0,3,0,2" ten="188,264,387,161" oya="3" hai0="81,100,24,20,96,11,58,104,28,125,53,23,120" hai1="73,3,121,128,108,112,77,49,95,9,39,118,33" hai2="113,115,19,36,135,62,38,10,124,86,92,55,83" hai3="76,25,99,114,109,61,17,13,44,130,14,122,110"/><W30/><G122/><T59/><D120/><U131/><RYUUKYOKU type="yao9" ba="0,0" sc="188,0,264,0,387,0,161,0" hai1="3,9,33,39,49,73,77,95,108,112,118,121,128,131" /><INIT seed="3,1,0,1,0,83" ten="188,264,387,161" oya="3" hai0="128,13,22,55,4,102,50,116,28,109,52,82,99" hai1="87,34,76,30,39,36,129,125,44,85,135,0,130" hai2="112,24,124,8,48,131,72,38,40,2,11,121,45" hai3="126,64,3,10,5,74,100,56,63,92,43,23,49"/><W113/><G113/><T88/><D116/><U15/><E0/><V42/><F112/><W60/><G126/><T133/><D133/><U9/><E125/><V37/><F124/><W120/><G74/><T65/><D109/><U29/><E76/><V80/><F11/><W90/><G120/><T71/><D128/><N who="1" m="49259" /><E135/><V73/><F73/><W14/><G100/><T93/><D71/><U17/><E34/><V57/><F24/><W51/><G43/><T7/><D65/><U26/><E26/><V107/><F107/><W25/><G63/><T32/><D32/><U46/><E46/><N who="2" m="23895" /><F121/><W12/><G12/><T41/><D41/><N who="1" m="22567" /><E39/><V75/><F75/><W95/><G95/><N who="0" m="58751" /><D82/><U104/><E104/><V53/><F80/><W47/><G47/><N who="0" m="27743" /><D55/><U18/><E18/><V33/><F72/><W127/><G127/><T86/><D28/><AGARI ba="1,0" hai="9,15,17,28,29,30,85,87" m="22567,49259" machi="28" ten="30,3900,0" yaku="19,1,52,2" doraHai="83" who="1" fromWho="0" sc="188,-42,264,42,387,0,161,0" /><INIT seed="4,0,0,1,1,15" ten="146,306,387,161" oya="0" hai0="1,72,50,93,90,58,68,121,14,61,11,113,31" hai1="85,53,120,51,75,134,44,18,47,110,129,29,84" hai2="89,114,135,46,39,127,91,92,3,107,35,80,96" hai3="77,30,95,60,4,64,40,83,24,133,126,117,32"/><T81/><D121/><U7/><E75/><V119/><F35/><W13/><G117/><T6/><D113/><U55/><E120/><V16/><F3/><W67/><G133/><T79/><D31/><U54/><E110/><V101/><F114/><W106/><G106/><T17/><D68/><U94/><E7/><V56/><F135/><W70/><G67/><T65/><D50/><U43/><E29/><V123/><F123/><W116/><G126/><T41/><D41/><U5/><E5/><V128/><F128/><W10/><G95/><T22/><D93/><U36/><E134/><V2/><F2/><W102/><G40/><T97/><D97/><U82/><E129/><V12/><F127/><W111/><G102/><T118/><REACH who="0" step="1"/><D90/><REACH who="0" ten="136,306,387,161" step="2"/><N who="1" m="53583" /><E36/><V112/><F39/><W131/><G131/><T69/><D69/><U25/><E43/><V115/><F115/><W63/><G116/><AGARI ba="0,1" hai="1,6,11,14,17,22,58,61,65,72,79,81,116,118" machi="116" ten="40,7700,0" yaku="1,1,52,1,53,1" doraHai="15" doraHaiUra="57" who="0" fromWho="3" sc="136,87,306,0,387,0,161,-77" /><INIT seed="4,1,0,5,2,61" ten="223,306,387,84" oya="0" hai0="1,30,8,115,97,94,2,65,121,81,123,113,93" hai1="104,6,18,120,101,23,10,3,40,9,92,129,11" hai2="84,117,45,79,119,72,88,37,131,13,38,128,76" hai3="35,125,78,102,49,15,64,132,100,55,133,110,82"/><T122/><D81/><U36/><E104/><V62/><F13/><W105/><G35/><T60/><D30/><U33/><E36/><V52/><F38/><W89/><G89/><T58/><D94/><U47/><E40/><V103/><F103/><W44/><G110/><T109/><D109/><U69/><E47/><V50/><F37/><W99/><G102/><T73/><D73/><U98/><E120/><V118/><F62/><W43/><G55/><T66/><D8/><U70/><E33/><V7/><F7/><W31/><G31/><T34/><D34/><U135/><E129/><N who="2" m="49739" /><F72/><W56/><G125/><T54/><D1/><U20/><E20/><V114/><F114/><N who="0" m="43530" /><D2/><U106/><E106/><V90/><F90/><AGARI ba="1,0" hai="54,58,60,65,66,90,93,97,121,122,123" m="43530" machi="90" ten="40,7700,0" yaku="15,1,52,2" doraHai="61" who="0" fromWho="2" sc="223,80,306,0,387,-80,84,0" /><INIT seed="4,2,0,4,5,51" ten="303,306,307,84" oya="0" hai0="40,31,52,102,54,42,120,122,59,128,14,72,94" hai1="64,89,100,11,83,25,26,97,1,92,118,103,68" hai2="36,109,63,58,93,70,19,90,44,10,79,108,37" hai3="18,12,123,129,96,117,77,110,13,66,35,75,87"/><T39/><D72/><U121/><E118/><V88/><F70/><W80/><G110/><T34/><D39/><U99/><E121/><V56/><F79/><W113/><G113/><T84/><D128/><U9/><E68/><V4/><F19/><W2/><G2/><T7/><D122/><U20/><E64/><V71/><F71/><W107/><G129/><T112/><D112/><U33/><E33/><V15/><F58/><W101/><G35/><T47/><D120/><U114/><E114/><V53/><F90/><W76/><G117/><T98/><D34/><U61/><E61/><V85/><REACH who="2" step="1"/><F44/><REACH who="2" ten="303,306,297,84" step="2"/><W48/><G123/><T125/><D31/><U115/><E115/><V130/><F130/><W78/><G66/><T55/><D125/><U127/><E89/><V105/><F105/><W131/><G131/><T135/><D135/><U21/><E127/><V111/><AGARI ba="2,1" hai="4,10,15,36,37,53,56,63,85,88,93,108,109,111" machi="111" ten="30,7900,0" yaku="1,1,0,1,52,1,54,1,53,0" doraHai="51" doraHaiUra="24" who="2" fromWho="2" sc="303,-41,306,-22,297,95,84,-22" /><INIT seed="5,0,0,5,3,46" ten="262,284,392,62" oya="1" hai0="86,84,123,80,130,37,28,2,39,108,22,21,126" hai1="38,134,6,51,36,113,109,114,43,42,95,118,45" hai2="1,121,29,87,12,13,25,8,9,3,124,19,68" hai3="62,47,127,18,132,102,10,26,30,58,55,116,70"/><U52/><E118/><V88/><F68/><W40/><G132/><T101/><D108/><U44/><E6/><V11/><F121/><W48/><G127/><T110/><D2/><U24/><E134/><V120/><F120/><W16/><G116/><T83/><D123/><U99/><E24/><V74/><F74/><W82/><G102/><T34/><D110/><U23/><E23/><V75/><F75/><W60/><G10/><T59/><D126/><U97/><E109/><V71/><F71/><W63/><G82/><T77/><D101/><U128/><E128/><V125/><F9/><W106/><G106/><T122/><D122/><U112/><E95/><V61/><F61/><W72/><G72/><T15/><D130/><U103/><E103/><V5/><F125/><W56/><G70/><T96/><D96/><U65/><E65/><V67/><F67/><W100/><G100/><T111/><D111/><U85/><E85/><V135/><F135/><W93/><G93/><T92/><D92/><U81/><E81/><V33/><F124/><W105/><G105/><T98/><D98/><U91/><E91/><V64/><F64/><W50/><REACH who="3" step="1"/><G58/><AGARI ba="0,0" hai="36,38,42,43,44,45,51,52,58,97,99,112,113,114" machi="58" ten="40,12000,1" yaku="9,1,15,1,52,1,54,1" doraHai="46" who="1" fromWho="3" sc="262,0,284,120,392,0,62,-120" owari="262,-14.0,404,51.0,392,19.0,-58,-56.0" /></mjloggm>