<mjloggm ver="2.3"><GO type="97" lobby="0"/><UN n0="%33%4C%4E%53" n1="%E5%B0%B1%E6%B4%BB%E7%94%9F%40%E5%B7%9D%E6%9D%91%E8%BB%8D%E5%9B%A3" n2="%E6%80%A0%E6%83%B0%E3%81%AA%E9%9B%80" n3="%79%61%6E%6F%70%61%6E" dan="13,13,13,14" rate="1853.45,1849.77,1804.67,1925.45" sx="M,M,M,M"/><TAIKYOKU oya="0"/><INIT seed="0,0,0,5,2,89" ten="250,250,250,250" oya="0" hai0="105,67,114,134,127,16,115,122,101,130,53,88,45" hai1="47,104,64,93,31,6,108,37,103,48,62,23,7" hai2="15,43,123,86,68,118,109,20,59,75,80,66,95" hai3="91,30,92,32,133,44,35,78,57,14,117,97,55"/><T102/><D122/><U56/><E37/><V50/><F123/><W5/><G117/><T0/><D0/><U17/><E104/><V84/><F118/><W41/><G133/><T39/><D134/><U13/><E108/><V128/><F109/><W69/><G69/><T54/><D67/><U120/><E120/><V76/><F128/><W18/><G5/><T4/><D4/><U125/><E31/><V3/><F3/><W29/><G78/><T60/><D130/><U106/><E106/><V2/><F2/><W49/><G32/><T24/><D127/><U21/><E21/><V121/><F121/><W51/><REACH who="3" step="1"/><G35/><REACH who="3" ten="250,250,250,240" step="2"/><T28/><D114/><U110/><E110/><V36/><F76/><W99/><G99/><T90/><D115/><U58/><E125/><V12/><F68/><W72/><G72/><T42/><D105/><U27/><E6/><V131/><F75/><W8/><AGARI ba="0,1" hai="8,14,18,29,30,41,44,49,51,55,57,91,92,97" machi="8" ten="20,8000,1" yaku="1,1,0,1,7,1,8,1,52,1,53,0" doraHai="89" doraHaiUra="111" who="3" fromWho="3" sc="250,-40,250,-20,250,-20,240,90" /><INIT seed="1,0,0,0,1,26" ten="210,230,230,330" oya="1" hai0="17,111,47,41,107,48,61,21,96,124,86,130,115" hai1="131,39,9,114,53,24,44,60,33,8,67,129,72" hai2="0,98,121,58,76,70,113,79,46,89,134,88,28" hai3="112,116,95,73,110,52,77,128,133,27,83,15,63"/><U75/><E114/><V2/><F121/><W42/><G112/><T56/><D115/><U85/><E33/><V11/><F113/><W135/><G110/><T127/><D111/><U94/><E24/><V120/><F120/><W109/><G109/><T35/><D35/><U132/><E132/><N who="3" m="50762" /><G128/><N who="1" m="49226" /><E94/><V18/><F70/><W43/><G116/><T51/><D130/><U16/><E85/><V31/><F134/><W34/><G15/><T106/><D51/><N who="1" m="28903" /><E39/><V54/><F46/><W19/><G95/><T65/><D86/><U87/><E87/><V78/><F98/><W82/><G82/><T123/><D123/><U40/><E40/><V81/><F81/><W100/><G100/><T20/><D96/><U5/><E5/><V49/><F0/><W6/><G6/><T126/><REACH who="0" step="1"/><D21/><REACH who="0" ten="200,230,230,330" step="2"/><U62/><E62/><V91/><F2/><W1/><G1/><T50/><D50/><U64/><E72/><V93/><F93/><W97/><G97/><T3/><D3/><U10/><E75/><V55/><F55/><W36/><G36/><T68/><D68/><U38/><E38/><V4/><F4/><W118/><G34/><T59/><D59/><U74/><E74/><V29/><F11/><N who="1" m="4169" /><E60/><V23/><REACH who="2" step="1"/><F78/><REACH who="2" ten="200,230,220,330" step="2"/><W80/><G77/><T22/><D22/><U13/><AGARI ba="0,2" hai="10,13,16,64,67" m="4169,28903,49226" machi="13" ten="30,3000,0" yaku="19,1,54,1" doraHai="26" who="1" fromWho="1" sc="200,-10,230,50,220,-10,330,-10" /><INIT seed="1,1,0,4,0,126" ten="190,280,210,320" oya="1" hai0="63,17,20,50,78,66,89,113,103,98,65,115,51" hai1="104,129,97,11,116,19,47,33,8,44,67,38,125" hai2="68,81,108,48,133,112,0,31,73,42,30,80,79" hai3="92,52,18,74,21,124,46,59,101,121,43,14,37"/><U132/><E33/><V55/><F112/><W75/><G121/><T131/><D113/><U110/><E116/><V87/><F108/><W22/><G124/><T57/><D115/><U58/><E125/><V71/><F0/><W122/><G122/><T1/><D1/><U85/><E132/><V83/><F133/><W105/><G105/><T35/><D35/><U128/><E110/><V26/><F42/><W93/><G22/><T34/><D34/><U27/><E85/><V25/><F73/><W76/><G76/><T111/><D111/><U107/><E38/><V10/><F10/><W2/><G2/><T16/><D66/><U62/><E11/><V4/><F4/><W123/><G123/><T60/><D60/><U56/><E56/><V45/><F71/><W134/><G134/><T100/><D78/><U70/><E70/><V13/><F13/><W135/><G135/><T91/><D131/><N who="1" m="50251" /><E97/><V118/><F68/><W23/><G23/><T96/><D98/><U77/><E77/><V117/><F117/><W120/><G120/><T72/><D72/><U106/><E27/><N who="2" m="10251" /><F118/><W40/><G74/><T7/><D96/><U88/><E88/><N who="0" m="33865" /><D7/><U84/><E84/><V69/><F69/><W99/><G75/><T54/><D100/><U95/><E95/><V15/><F15/><AGARI ba="1,0" hai="8,15,19,44,47,58,62,67,104,106,107" m="50251" machi="15" ten="40,12000,1" yaku="19,1,52,3" doraHai="126" who="1" fromWho="2" sc="190,0,280,123,210,-123,320,0" /><INIT seed="1,2,0,2,0,9" ten="190,403,87,320" oya="1" hai0="36,0,31,81,56,8,117,72,77,135,4,55,32" hai1="96,98,120,6,101,79,44,33,51,73,59,108,52" hai2="15,45,42,23,60,113,83,18,123,121,87,50,12" hai3="64,90,78,25,65,30,91,69,132,22,66,119,85"/><U102/><E120/><V80/><F113/><W99/><G119/><T41/><D117/><U7/><E33/><V10/><F60/><W109/><G109/><T129/><D135/><U70/><E70/><V114/><F114/><W130/><G132/><T115/><D115/><U106/><E108/><V128/><F128/><W97/><G130/><T92/><D129/><U131/><E131/><V54/><F83/><N who="3" m="47351" /><G69/><T127/><D127/><U82/><REACH who="1" step="1"/><E44/><REACH who="1" ten="190,393,87,320" step="2"/><V76/><REACH who="2" step="1"/><F54/><REACH who="2" ten="190,393,77,320" step="2"/><W40/><G40/><T35/><D55/><U14/><E14/><V11/><F11/><W2/><G2/><T38/><D0/><U46/><E46/><V134/><F134/><W126/><G126/><T74/><D41/><U47/><E47/><V88/><F88/><AGARI ba="2,2" hai="22,25,30,64,65,66,88,90,91,97,99" m="47351" machi="88" ten="30,2000,0" yaku="8,1,54,1" doraHai="9" who="3" fromWho="2" sc="190,0,393,0,77,-26,320,46" /><INIT seed="2,0,0,5,3,116" ten="190,393,51,366" oya="2" hai0="132,80,108,103,96,127,125,71,129,24,51,115,98" hai1="106,89,62,37,92,83,11,104,59,86,6,16,120" hai2="75,15,65,47,14,74,102,20,94,49,82,85,30" hai3="69,13,33,81,31,41,40,72,114,99,113,38,134"/><V61/><F74/><W67/><G134/><T110/><D71/><U107/><E37/><V118/><F118/><W53/><G53/><T124/><D51/><U64/><E16/><V119/><F75/><W56/><G56/><T126/><N who="0" m="32256" /><DORA hai="66" /><T123/><D115/><N who="3" m="44041" /><G38/><T4/><D4/><U88/><E120/><V58/><F119/><W22/><G33/><T27/><D132/><U52/><E64/><V25/><F94/><W109/><G109/><N who="0" m="42091" /><D129/><U95/><REACH who="1" step="1"/><E89/><REACH who="1" ten="190,383,51,366" step="2"/><N who="2" m="51383" /><F102/><W97/><G67/><T135/><D135/><U55/><E55/><AGARI ba="0,1" hai="14,15,20,25,30,47,49,55,58,61,65" m="51383" machi="55" ten="30,1500,0" yaku="8,1" doraHai="116,66" who="2" fromWho="1" sc="190,0,383,-15,51,25,366,0" /><INIT seed="2,1,0,0,3,63" ten="190,368,76,366" oya="2" hai0="47,97,13,3,128,109,22,56,55,134,87,61,58" hai1="45,83,60,74,35,69,133,78,52,53,119,32,123" hai2="37,64,79,120,124,73,127,89,31,76,43,111,106" hai3="65,90,112,85,26,110,125,36,93,6,103,77,2"/><V88/><F120/><W108/><G36/><T11/><D3/><U135/><E119/><V81/><F79/><W46/><G112/><T114/><D114/><U24/><E123/><V66/><F106/><W39/><G125/><N who="2" m="48201" /><F111/><N who="3" m="42539" /><G77/><T29/><D109/><U1/><E1/><V131/><F131/><W91/><G103/><T121/><D121/><U92/><E92/><V38/><F31/><W105/><G105/><T0/><D0/><U104/><E104/><V132/><F132/><N who="1" m="50761" /><E24/><V19/><F19/><W27/><G91/><N who="2" m="34889" /><F43/><W57/><G6/><T7/><D128/><U21/><E21/><V130/><F130/><W82/><G82/><T95/><D134/><U49/><E69/><V28/><F28/><W41/><G2/><T126/><D126/><U115/><E115/><V10/><F10/><W4/><G4/><T116/><D116/><U68/><E68/><V8/><F8/><W80/><G80/><T75/><D75/><U113/><E113/><V129/><F129/><W100/><G100/><T96/><D87/><U94/><E94/><V62/><F62/><AGARI ba="1,0" hai="26,27,39,41,46,57,62,65,85,90,93" m="42539" machi="62" ten="30,2000,0" yaku="14,1,52,1" doraHai="63" who="3" fromWho="2" sc="190,0,368,0,76,-23,366,23" /><INIT seed="3,0,0,5,2,73" ten="190,368,53,389" oya="3" hai0="77,94,119,83,8,58,55,123,7,89,49,133,53" hai1="18,3,71,40,127,100,84,101,26,29,126,66,24" hai2="38,95,132,130,23,56,76,1,17,9,131,96,28" hai3="81,128,99,85,93,46,19,114,6,129,10,32,60"/><W79/><G32/><T5/><D123/><U115/><E3/><V92/><F38/><W22/><G114/><T135/><D119/><U16/><E115/><V64/><F1/><W54/><G10/><T36/><D36/><U12/><E40/><V124/><F28/><W125/><G6/><T37/><D37/><U97/><E24/><V110/><F110/><W90/><G125/><N who="1" m="47626" /><E84/><V82/><F124/><W98/><G98/><T103/><D103/><U75/><E75/><V68/><F68/><W121/><G121/><T116/><D116/><U134/><E134/><V74/><F132/><W35/><G35/><T4/><D133/><U88/><E66/><V87/><F9/><W117/><G117/><T78/><D135/><U65/><E65/><V42/><F42/><W45/><G128/><T21/><D21/><N who="1" m="15567" /><E71/><V34/><F34/><W62/><G129/><T57/><D83/><U13/><E13/><V31/><F130/><W61/><G54/><T106/><D106/><U48/><E48/><V0/><F131/><W44/><G62/><T86/><REACH who="0" step="1"/><D8/><REACH who="0" ten="180,368,53,389" step="2"/><N who="1" m="6151" /><E18/><V108/><F108/><W69/><G69/><T80/><D80/><U67/><E67/><V50/><F64/><W43/><G43/><T2/><D2/><U113/><E113/><V102/><F0/><W52/><G52/><T63/><AGARI ba="0,1" hai="4,5,7,49,53,55,57,58,63,77,78,86,89,94" machi="63" ten="30,8000,1" yaku="1,1,0,1,8,1,52,2,53,0" doraHai="73" doraHaiUra="39" who="0" fromWho="0" sc="180,90,368,-20,53,-20,389,-40" owari="270,-13.0,348,15.0,33,-47.0,349,45.0" /></mjloggm>