<mjloggm ver="2.3"><GO type="1" lobby="0"/><UN n0="%E9%A0%AD%E7%97%9B%31%32%33" n1="%E3%82%BF%E3%82%B1%E3%82%B7%33%32%38%38" n2="%E2%98%85%E3%81%A1%E3%81%B3%E3%81%99%E3%81%91%E2%98%86" n3="%E5%B0%B1%E6%B4%BB%E7%94%9F%40%E5%B7%9D%E6%9D%91%E8%BB%8D%E5%9B%A3" dan="0,11,10,7" rate="1509.98,1658.90,1418.60,1623.29" sx="F,M,F,M"/><TAIKYOKU oya="0"/><INIT seed="0,0,0,1,5,11" ten="250,250,250,250" oya="0" hai0="124,74,115,2,55,1,16,29,86,56,79,9,23" hai1="78,48,95,123,40,109,31,41,5,24,135,92,28" hai2="98,44,63,99,39,77,38,4,87,72,117,129,68" hai3="17,102,93,51,10,119,25,88,97,45,94,49,110"/><T52/><D74/><U121/><E135/><V100/><F129/><W113/><G110/><T80/><D115/><U126/><E126/><V20/><F117/><W34/><G113/><T47/><D1/><U15/><E109/><V19/><F19/><W60/><G119/><T32/><D124/><U6/><E78/><V82/><F4/><W103/><G34/><T122/><D122/><N who="1" m="46603" /><E48/><V27/><F27/><W127/><G127/><T18/><D2/><U37/><E37/><V36/><F20/><W133/><G133/><T53/><D47/><U91/><E91/><V73/><F98/><W107/><G107/><T105/><D105/><U14/><E24/><V118/><F118/><W125/><G125/><T22/><D32/><U12/><E95/><V89/><F44/><W35/><G60/><T61/><D9/><U111/><E92/><V84/><F68/><W120/><G120/><T67/><D29/><N who="1" m="11339" /><E111/><V46/><F63/><W21/><G35/><T54/><REACH who="0" step="1"/><D55/><REACH who="0" ten="240,250,250,250" step="2"/><U131/><E131/><V116/><F116/><W81/><G10/><T69/><D69/><U128/><E128/><V108/><F108/><W90/><G45/><T65/><D65/><U8/><E8/><V70/><F70/><W71/><G71/><T83/><D83/><U130/><E130/><V132/><F132/><W106/><G106/><T134/><D134/><U30/><N who="1" m="11347" /><U58/><DORA hai="3" /><E58/><V57/><F57/><W85/><G103/><T43/><D43/><AGARI ba="0,1" hai="5,6,12,14,15,40,41,43" m="11347,46603" machi="43" ten="40,12000,2" yaku="28,2,52,5" doraHai="11,3" who="1" fromWho="0" sc="240,-120,250,130,250,0,250,0" /><INIT seed="1,0,0,2,5,131" ten="120,380,250,250" oya="1" hai0="93,110,106,26,69,77,122,32,105,123,61,47,44" hai1="5,134,84,102,66,124,120,76,14,64,36,104,56" hai2="117,92,37,19,13,6,40,86,113,95,27,108,65" hai3="132,48,11,109,2,81,116,101,0,18,96,17,73"/><U91/><E36/><V107/><F117/><W72/><G116/><T45/><D32/><U57/><E120/><V112/><F108/><W70/><G109/><T55/><D26/><U12/><E134/><V114/><F65/><N who="1" m="25193" /><E104/><V80/><F107/><W94/><G70/><T15/><D15/><N who="1" m="5675" /><E124/><V128/><F128/><W20/><G17/><T30/><D110/><U129/><E5/><V67/><F67/><W121/><G121/><N who="0" m="46091" /><D30/><U7/><E7/><V41/><F27/><W25/><G11/><T3/><D3/><U16/><E129/><V23/><F6/><W87/><G132/><T79/><D93/><N who="1" m="54503" /><E76/><N who="0" m="29257" /><D69/><U130/><E102/><V97/><F37/><W68/><G68/><T34/><D34/><U51/><E130/><V50/><F50/><W10/><G10/><T126/><D126/><U103/><E51/><V62/><F62/><W49/><G2/><T28/><D28/><U9/><E103/><V60/><F60/><W22/><G0/><T83/><D106/><U133/><E133/><V135/><F135/><W99/><G20/><T54/><D105/><U58/><E9/><V125/><F125/><W29/><G29/><T74/><D74/><U63/><E16/><V78/><REACH who="2" step="1"/><F95/><REACH who="2" ten="120,380,240,250" step="2"/><W35/><G94/><T8/><D61/><AGARI ba="0,1" hai="56,57,58,61,63" m="54503,5675,25193" machi="61" ten="30,1500,0" yaku="8,1" doraHai="131" who="1" fromWho="0" sc="120,-15,380,25,240,0,250,0" /><INIT seed="1,1,0,1,2,88" ten="105,405,240,250" oya="1" hai0="3,118,17,111,63,10,21,126,27,84,20,121,122" hai1="59,105,50,62,46,113,120,80,107,89,26,22,77" hai2="56,68,71,74,15,99,131,65,112,47,16,41,87" hai3="103,0,40,6,57,55,127,31,97,106,117,109,18"/><U78/><E120/><V108/><F131/><W14/><G109/><T81/><D63/><U128/><E113/><V45/><F108/><W67/><G127/><T90/><D3/><U44/><E128/><V5/><F112/><W133/><G117/><T8/><D118/><U58/><E107/><V124/><F124/><W61/><G133/><T36/><D36/><U82/><E105/><V64/><F74/><W91/><G31/><N who="0" m="17895" /><D126/><U100/><E100/><V85/><F99/><W75/><G75/><T79/><D111/><U1/><E1/><V12/><F5/><W7/><G0/><T11/><D90/><U39/><E39/><V54/><F15/><W49/><G40/><T37/><D37/><U43/><E46/><V125/><F125/><W24/><G24/><N who="0" m="14383" /><D11/><U52/><E59/><V33/><F33/><W130/><G130/><T60/><D10/><U51/><E51/><V70/><F41/><W96/><G96/><T9/><D9/><U116/><E116/><V73/><F73/><W123/><G91/><T25/><D8/><U119/><E119/><V4/><F4/><W2/><G2/><T53/><D25/><U132/><E132/><V86/><F45/><W23/><G123/><N who="0" m="47115" /><D60/><U42/><E89/><V83/><F83/><N who="1" m="31785" /><E43/><V92/><F92/><W72/><REACH who="3" step="1"/><G72/><REACH who="3" ten="105,405,240,240" step="2"/><T32/><D32/><U129/><E129/><V114/><F114/><W38/><G38/><T110/><D110/><U35/><E35/><V19/><F47/><AGARI ba="1,1" hai="6,7,14,18,23,47,49,55,57,61,67,97,103,106" machi="47" ten="30,3900,0" yaku="1,1,7,1,53,1" doraHai="88" doraHaiUra="93" who="3" fromWho="2" sc="105,0,405,0,240,-42,240,52" /><INIT seed="2,0,0,5,1,123" ten="105,405,198,292" oya="2" hai0="65,16,0,78,133,77,19,63,28,55,42,32,124" hai1="22,79,98,121,82,40,38,89,26,96,111,31,134" hai2="132,5,17,60,84,81,109,10,50,126,59,4,88" hai3="47,67,54,128,68,97,119,37,24,56,90,62,6"/><V20/><F132/><W30/><G119/><T131/><D0/><U99/><E134/><V52/><F126/><W95/><G128/><T94/><D124/><U13/><E121/><V72/><F109/><W106/><G106/><T85/><D133/><U25/><E111/><V116/><F116/><W87/><G6/><T107/><D107/><U76/><E38/><V51/><F72/><W41/><G87/><T70/><D131/><U129/><E40/><V8/><F81/><W110/><G110/><T117/><D117/><U9/><E129/><V101/><F101/><W80/><G80/><T73/><D42/><U14/><E26/><V71/><F71/><W102/><G90/><T104/><D104/><U100/><E100/><V44/><F20/><W39/><G39/><T118/><D73/><U83/><E89/><V66/><F51/><W58/><G54/><T45/><D118/><U21/><E21/><AGARI ba="0,0" hai="21,24,30,37,41,47,56,58,62,67,68,95,97,102" machi="21" ten="30,1000,0" yaku="7,1" doraHai="123" who="3" fromWho="1" sc="105,0,405,-10,198,0,292,10" /><INIT seed="3,0,0,2,4,110" ten="105,395,198,302" oya="3" hai0="131,125,74,130,106,78,16,8,128,33,108,42,46" hai1="19,12,104,32,58,3,59,115,69,118,38,24,0" hai2="57,28,127,5,61,30,134,122,51,4,2,79,120" hai3="123,92,124,132,43,36,21,114,27,82,73,101,1"/><W18/><G1/><T48/><D33/><U65/><E38/><V7/><F79/><W83/><G123/><N who="2" m="47145" /><F51/><W85/><G124/><T54/><D106/><U76/><E104/><V25/><F61/><W62/><G132/><T40/><D74/><U34/><E115/><V6/><F57/><W14/><G114/><T37/><D78/><U100/><E118/><V45/><F127/><W26/><G73/><T81/><D125/><U71/><E76/><V15/><F134/><W113/><G113/><T98/><D81/><N who="3" m="30729" /><G36/><T80/><D98/><U94/><E24/><N who="3" m="9258" /><G43/><T11/><D80/><U68/><E100/><V22/><F45/><W86/><G62/><T112/><D112/><U13/><E19/><V91/><F91/><W126/><G126/><T31/><D108/><U10/><E10/><N who="0" m="3625" /><D31/><N who="2" m="11818" /><F2/><W87/><G101/><T72/><D72/><U109/><E109/><V95/><F95/><AGARI ba="0,0" hai="14,18,21,85,86,87,92,95" m="9258,30729" machi="95" ten="30,1500,0" yaku="8,1" doraHai="110" who="3" fromWho="2" sc="105,0,395,0,198,-15,302,15" /><INIT seed="3,1,0,5,5,81" ten="105,395,183,317" oya="3" hai0="118,1,88,59,11,19,135,94,72,70,52,58,37" hai1="73,83,20,40,124,114,23,108,28,123,24,107,131" hai2="21,56,30,116,66,68,46,54,126,99,134,31,7" hai3="51,38,85,3,67,14,45,119,9,133,34,47,86"/><W65/><G3/><T98/><D1/><U101/><E123/><V125/><F99/><W76/><G34/><T61/><D72/><U15/><E114/><V92/><F116/><W109/><G119/><T50/><D37/><U129/><E108/><V84/><F134/><W95/><G133/><T69/><D118/><U17/><E124/><N who="2" m="47723" /><F92/><W13/><G109/><T96/><D96/><U90/><E40/><V105/><F105/><W0/><G0/><T111/><D135/><U39/><E39/><V2/><F2/><W127/><G38/><T33/><D111/><U26/><E26/><V113/><F84/><N who="3" m="32363" /><G127/><T120/><D120/><U77/><E90/><V78/><F113/><W55/><G76/><T22/><D33/><U63/><E63/><V79/><F68/><W27/><G27/><N who="0" m="14815" /><D11/><U102/><E107/><V57/><F66/><N who="3" m="25099" /><G95/><T36/><D36/><U75/><E75/><V16/><F7/><N who="3" m="3263" /><G14/><T121/><D121/><U43/><E43/><V5/><F5/><W41/><G41/><T10/><D70/><U97/><E97/><V44/><F31/><W91/><G91/><T60/><D69/><U64/><E64/><V48/><F46/><AGARI ba="1,0" hai="45,46,47,51,55" m="3263,25099,32363" machi="46" ten="30,11600,0" yaku="8,1,52,3" doraHai="81" who="3" fromWho="2" sc="105,0,395,0,183,-119,317,119" owari="105,-29.0,395,20.0,64,-44.0,436,53.0" /></mjloggm>