<mjloggm ver="2.3"><GO type="169" lobby="0"/><UN n0="%73%68%69%6E%6F%21%21" n1="%E3%82%A6%E3%83%AB%E3%83%88%E3%83%A9%E7%AB%8B%E7%9B%B4" n2="%E9%B7%B9%E6%AD%A3%E3%81%AE%E5%80%85%EF%BC%9D%E5%AF%8C%E7%8C%AB" n3="%65%6E%6B%61%69%73%6D" dan="17,16,16,16" rate="2167.75,2108.32,2113.16,2161.34" sx="M,M,M,M"/><TAIKYOKU oya="0"/><INIT seed="0,0,0,3,4,26" ten="250,250,250,250" oya="0" hai0="12,103,34,2,22,63,102,66,55,57,123,98,129" hai1="85,114,78,132,56,67,52,7,53,120,36,24,94" hai2="70,118,92,110,43,19,58,112,37,77,109,81,122" hai3="49,93,100,72,89,105,126,8,16,62,5,3,65"/><T23/><D2/><U82/><E36/><V130/><F70/><W48/><G126/><T87/><D123/><U75/><E120/><V84/><F122/><W71/><G72/><T18/><D34/><U111/><E111/><V64/><F112/><W99/><REACH who="3" step="1"/><G16/><REACH who="3" ten="250,250,250,240" step="2"/><T1/><D18/><U127/><E75/><V38/><F19/><W79/><G79/><T21/><D129/><U32/><E78/><V14/><F77/><W50/><G50/><T40/><D1/><U115/><E127/><V90/><F130/><W107/><G107/><T45/><D12/><U121/><E115/><V30/><F14/><W95/><G95/><T91/><D98/><AGARI ba="0,1" hai="3,5,8,48,49,62,65,71,89,93,98,99,100,105" machi="98" ten="30,2000,0" yaku="1,1,7,1,53,0" doraHai="26" doraHaiUra="108" who="3" fromWho="0" sc="250,-20,250,0,250,0,240,30" /><INIT seed="1,0,0,5,0,8" ten="230,250,250,270" oya="1" hai0="20,36,79,74,15,121,13,122,88,69,48,91,39" hai1="128,98,109,117,82,83,23,50,24,102,123,22,64" hai2="63,58,85,100,57,105,7,42,97,27,129,12,26" hai3="99,28,46,103,135,104,132,77,86,10,120,60,62"/><U0/><E0/><V108/><F108/><W110/><G110/><T9/><D69/><U33/><E109/><V43/><F129/><W93/><G120/><N who="0" m="46187" /><D48/><U59/><E117/><V124/><F124/><W18/><G28/><T30/><D79/><U66/><E33/><V89/><F43/><W44/><G44/><T14/><D74/><U4/><E4/><V61/><F42/><W40/><G77/><T29/><D9/><U113/><E128/><V130/><F130/><W126/><G126/><T72/><D72/><U107/><E113/><V112/><F112/><W19/><G86/><T127/><D127/><U84/><E23/><V106/><F106/><W21/><G104/><T56/><D56/><U25/><E25/><V52/><F58/><W45/><G45/><T67/><D67/><U75/><E75/><V3/><F3/><W16/><G10/><T34/><D34/><U96/><E123/><V119/><F63/><W35/><G35/><T94/><D91/><U55/><E98/><V65/><F65/><W51/><G21/><T32/><D32/><U11/><E11/><V53/><F119/><W68/><G68/><T37/><D20/><U78/><REACH who="1" step="1"/><E83/><REACH who="1" ten="230,240,250,270" step="2"/><V131/><F131/><W70/><G135/><T5/><D5/><U134/><E134/><V47/><F7/><W49/><G132/><T17/><D17/><AGARI ba="0,1" hai="17,22,24,50,55,59,64,66,78,82,84,96,102,107" machi="17" ten="30,2900,0" yaku="1,1,7,1,53,0" doraHai="8" doraHaiUra="71" who="1" fromWho="0" sc="230,-29,240,39,250,0,270,0" /><INIT seed="1,1,0,2,1,19" ten="201,279,250,270" oya="1" hai0="8,130,21,60,1,119,113,38,105,52,107,44,90" hai1="112,13,67,116,109,106,91,126,55,94,92,118,33" hai2="26,24,34,42,77,48,62,97,95,39,131,129,45" hai3="127,132,10,40,2,61,133,88,41,83,7,54,4"/><U59/><E33/><V96/><F77/><W16/><G127/><T14/><D113/><U27/><E106/><V89/><F39/><W29/><G29/><T5/><D119/><U78/><E67/><V80/><F80/><W124/><G124/><T117/><D117/><U31/><E126/><V74/><F74/><W85/><G4/><T135/><D130/><N who="2" m="49674" /><F34/><W102/><G102/><T114/><D114/><U69/><E78/><V110/><F110/><W87/><G87/><T25/><D135/><N who="3" m="51785" /><G16/><T82/><D1/><U36/><E36/><V86/><F62/><W73/><G73/><T32/><D32/><U81/><E69/><V23/><F26/><W70/><G54/><T9/><D9/><U43/><E55/><V17/><AGARI ba="1,0" hai="17,23,24,42,45,48,86,89,95,96,97" m="49674" machi="17" ten="30,2000,0" yaku="19,1,52,1" doraHai="19" who="2" fromWho="2" sc="201,-6,279,-11,250,23,270,-6" /><INIT seed="2,0,0,1,3,99" ten="195,268,273,264" oya="2" hai0="123,131,8,75,48,115,112,73,106,26,101,64,72" hai1="7,31,133,47,88,135,70,16,74,111,28,85,116" hai2="52,35,95,127,105,39,29,65,23,98,121,27,53" hai3="30,63,43,38,21,128,126,103,12,132,71,51,129"/><V4/><F105/><W84/><G126/><T14/><D64/><U87/><E74/><V67/><F121/><W19/><G132/><N who="1" m="50762" /><E7/><V93/><F127/><W20/><G38/><T17/><D123/><U118/><E70/><V36/><F35/><W134/><G134/><T78/><D78/><U79/><E47/><V46/><F95/><W44/><G84/><T110/><D110/><U69/><E69/><V76/><F76/><W125/><G125/><T96/><D131/><N who="3" m="50249" /><G71/><T83/><D83/><N who="1" m="47359" /><E16/><V33/><F33/><W59/><G30/><N who="1" m="11306" /><E111/><V113/><F4/><W91/><G21/><T2/><D2/><U25/><E25/><V86/><F113/><W130/><G91/><T77/><D77/><U66/><E66/><V100/><F86/><W68/><G68/><T102/><D26/><U18/><E18/><V82/><F82/><AGARI ba="0,0" hai="82,87,88,116,118" m="11306,47359,50762" machi="82" ten="30,2000,0" yaku="20,1,54,1" doraHai="99" who="1" fromWho="2" sc="195,0,268,20,273,-20,264,0" /><INIT seed="3,0,0,0,2,1" ten="195,288,253,264" oya="3" hai0="67,104,70,10,6,72,17,119,91,125,22,134,44" hai1="39,110,113,66,82,31,79,0,35,112,76,117,8" hai2="85,124,106,16,20,54,80,101,28,123,107,32,96" hai3="114,108,92,62,64,27,127,99,50,122,2,95,52"/><W75/><G75/><T132/><D119/><U13/><E79/><V77/><F124/><W25/><G122/><T87/><D72/><U103/><E117/><V43/><F123/><W47/><G114/><T33/><D104/><U9/><E110/><V135/><F135/><N who="0" m="51754" /><D33/><U90/><E90/><V74/><F43/><W63/><G127/><T69/><D44/><U48/><E48/><V12/><F54/><W133/><G133/><T105/><D105/><U120/><E120/><V73/><REACH who="2" step="1"/><F107/><REACH who="2" ten="195,288,243,264" step="2"/><W131/><G108/><T38/><D125/><U41/><E41/><V78/><F78/><W45/><G45/><T26/><D38/><U11/><E76/><V88/><F88/><N who="3" m="55687" /><G131/><T36/><D36/><U15/><E39/><V60/><F60/><N who="3" m="23083" /><G64/><T14/><D67/><U49/><E66/><V97/><F97/><W65/><G65/><T3/><D3/><U40/><E0/><V81/><F81/><AGARI ba="0,1" hai="6,10,14,17,22,26,69,70,81,87,91" m="51754" machi="81" ten="30,2000,0" yaku="20,1,52,1" doraHai="1" who="0" fromWho="2" sc="195,30,288,0,243,-20,264,0" /><INIT seed="4,0,0,5,3,108" ten="225,288,223,264" oya="0" hai0="110,123,38,82,134,19,66,72,63,59,14,69,84" hai1="87,83,64,113,100,116,115,22,74,75,78,128,13" hai2="104,16,35,21,129,54,5,85,70,58,30,47,67" hai3="109,81,105,51,61,1,127,132,28,44,130,0,11"/><T120/><D72/><U98/><E64/><V20/><F104/><W53/><G109/><T92/><D110/><U52/><E52/><V12/><F129/><W102/><G130/><T124/><D124/><U24/><E13/><V6/><F35/><W96/><G127/><T43/><D134/><U114/><E116/><V62/><F85/><W18/><G132/><T89/><D38/><U133/><E133/><V34/><F34/><W90/><G28/><T56/><D43/><U68/><E68/><V131/><F131/><W118/><G118/><T121/><REACH who="0" step="1"/><D82/><REACH who="0" ten="215,288,223,264" step="2"/><U60/><E128/><V49/><F70/><W57/><G81/><T112/><D112/><U93/><E60/><V26/><AGARI ba="0,1" hai="5,6,12,16,20,21,26,30,47,49,54,58,62,67" machi="26" ten="30,4000,0" yaku="0,1,8,1,54,1" doraHai="108" who="2" fromWho="2" sc="215,-20,288,-10,223,50,264,-10" /><INIT seed="5,0,0,0,4,132" ten="195,278,273,254" oya="1" hai0="53,18,15,20,110,127,75,55,92,73,116,93,78" hai1="122,81,124,133,101,26,104,126,24,80,40,57,121" hai2="14,10,5,58,72,29,49,98,71,7,41,99,32" hai3="45,112,131,43,96,113,61,77,115,130,39,13,82"/><U128/><E40/><V102/><F71/><W35/><G35/><T68/><D110/><U44/><E44/><V67/><F72/><N who="3" m="43303" /><G13/><T90/><D116/><U54/><E101/><V105/><F99/><W11/><G11/><T31/><D68/><U42/><E104/><V4/><F29/><W47/><G47/><T27/><D93/><U69/><E42/><V74/><F32/><W33/><G33/><T118/><D118/><U125/><E69/><V59/><F74/><W2/><G2/><T50/><D78/><U60/><E133/><V37/><F37/><W52/><G96/><T85/><D55/><U79/><E80/><V22/><F22/><W51/><G61/><T36/><D36/><U100/><E100/><V135/><F135/><W111/><G111/><T95/><D95/><U129/><E24/><V48/><F41/><W108/><G108/><T86/><D86/><N who="1" m="48447" /><E26/><V94/><F105/><W109/><G109/><T89/><D89/><U106/><E106/><V30/><F30/><W91/><G91/><T119/><D119/><U120/><AGARI ba="0,0" hai="54,57,60,120,121,122,124,125,126,128,129" m="48447" machi="120" ten="40,12000,1" yaku="18,1,52,3" doraHai="132" who="1" fromWho="1" sc="195,-40,278,120,273,-40,254,-40" /><INIT seed="5,1,0,1,5,16" ten="155,398,233,214" oya="1" hai0="130,49,18,100,64,23,5,86,37,25,89,41,91" hai1="20,56,43,88,22,74,68,124,94,106,6,52,119" hai2="70,17,40,75,32,99,1,36,101,45,107,82,48" hai3="28,105,80,109,96,103,34,11,65,47,29,72,98"/><U87/><E68/><V0/><F32/><W12/><G109/><T50/><D130/><U60/><E106/><V111/><F111/><W117/><G117/><T112/><D112/><U9/><E74/><V79/><F70/><W38/><G98/><T4/><D37/><U126/><E119/><V58/><F58/><W93/><G65/><T42/><D64/><U3/><E43/><N who="0" m="16393" /><D100/><U122/><E122/><V10/><F48/><N who="0" m="18538" /><D91/><U54/><E54/><V13/><AGARI ba="1,0" hai="0,1,10,13,17,36,40,45,75,79,82,99,101,107" machi="13" ten="30,1100,0" yaku="0,1" doraHai="16" who="2" fromWho="2" sc="155,-4,398,-6,233,14,214,-4" /><INIT seed="6,0,0,4,0,25" ten="151,392,247,210" oya="2" hai0="103,88,10,62,2,36,121,27,122,42,85,40,11" hai1="51,78,47,109,118,76,133,6,59,1,82,107,53" hai2="134,123,101,7,56,12,93,126,97,127,131,79,77" hai3="49,81,130,65,95,66,102,75,29,119,100,19,16"/><V50/><F123/><W13/><G119/><T15/><D103/><U108/><E107/><V55/><F134/><W54/><G130/><T8/><D2/><U14/><E78/><V80/><F131/><W52/><G75/><T129/><D129/><U120/><E118/><V111/><F111/><W117/><G117/><T17/><D62/><U132/><E1/><V135/><F135/><N who="1" m="51785" /><E120/><V89/><F101/><W92/><G81/><T0/><D0/><U116/><E116/><V58/><F58/><W35/><G35/><T60/><D60/><U45/><E45/><V87/><F126/><W124/><G124/><T90/><D122/><U114/><E114/><V57/><F57/><W99/><G13/><T34/><D121/><U112/><E59/><V104/><F104/><W23/><G49/><T5/><D5/><U48/><E48/><V20/><F127/><W26/><G66/><T105/><D105/><U67/><E67/><V41/><F41/><W84/><G65/><T63/><D63/><U128/><E128/><V113/><F113/><W86/><G86/><T73/><D73/><N who="1" m="43279" /><E112/><V18/><F79/><W74/><G74/><T31/><D90/><U3/><E3/><V37/><F37/><W110/><G110/><T61/><D61/><U28/><E28/><V22/><F7/><W91/><G102/><T21/><REACH who="0" step="1"/><D36/><REACH who="0" ten="141,392,247,210" step="2"/><U83/><E6/><V69/><F69/><W71/><G71/><T39/><D39/><U38/><E38/><V68/><F68/><W98/><G100/><T115/><D115/><U64/><E109/><V24/><F89/><W46/><G91/><RYUUKYOKU ba="0,1" sc="141,30,392,-10,247,-10,210,-10" hai0="8,10,11,15,17,21,27,31,34,40,42,85,88" /><INIT seed="7,1,1,2,1,4" ten="171,382,237,200" oya="3" hai0="77,17,131,57,29,46,38,84,124,93,56,97,26" hai1="50,63,5,81,44,42,120,82,102,135,48,117,100" hai2="76,115,109,19,54,87,39,71,103,113,62,130,20" hai3="25,122,92,9,129,13,24,114,127,43,111,119,94"/><W40/><G122/><T101/><D124/><U118/><E135/><V116/><F39/><W65/><G114/><N who="2" m="43529" /><F109/><W23/><G111/><T10/><D131/><U89/><E63/><V110/><F110/><W59/><G129/><T79/><D38/><U18/><E5/><V72/><F72/><W121/><G121/><T6/><D46/><U28/><E28/><V88/><F76/><N who="0" m="29258" /><D29/><U8/><E50/><V41/><F41/><N who="3" m="15947" /><G127/><T51/><D84/><N who="1" m="50319" /><E82/><V90/><F116/><N who="1" m="44649" /><E120/><V78/><F130/><W98/><G119/><T47/><D6/><U7/><E18/><V1/><F1/><AGARI ba="1,1" hai="1,7,8,42,44,48,100,102" m="44649,50319" machi="1" ten="30,2000,0" yaku="12,1,52,1" doraHai="4" who="1" fromWho="2" sc="171,0,382,33,237,-23,200,0" owari="171,-33.0,415,52.0,214,1.0,200,-20.0" /></mjloggm>