<mjloggm ver="2.3"><GO type="97" lobby="0"/><UN n0="%E3%83%81%E3%83%AD%E3%83%AD%E8%BB%8D%E6%9B%B9" n1="%E4%B9%9D%E5%B7%9E%E3%81%AE%E6%98%9F" n2="%E5%B0%B1%E6%B4%BB%E7%94%9F%40%E5%B7%9D%E6%9D%91%E8%BB%8D%E5%9B%A3" n3="%62%6F%6B%61%61%61%61%61" dan="15,15,13,14" rate="2006.24,2036.88,1926.83,1915.59" sx="F,M,M,M"/><TAIKYOKU oya="0"/><INIT seed="0,0,0,4,0,132" ten="250,250,250,250" oya="0" hai0="94,40,21,127,32,12,47,3,107,92,6,134,25" hai1="22,128,20,83,124,123,75,77,116,97,66,8,0" hai2="95,15,90,133,130,99,105,135,101,30,37,56,91" hai3="79,17,39,19,33,110,86,67,89,52,131,65,113"/><T2/><D107/><U69/><E123/><V51/><F37/><W104/><G39/><T49/><D134/><N who="2" m="51210" /><F30/><W64/><G104/><T59/><D127/><U41/><E116/><V82/><F15/><W103/><G113/><T121/><D121/><U31/><E128/><V115/><F115/><W44/><G33/><T108/><D108/><U34/><E41/><V11/><F11/><W118/><G118/><T26/><D59/><U43/><E97/><N who="2" m="61615" /><F51/><W111/><G131/><T14/><D3/><U53/><E43/><V117/><F56/><W84/><G103/><T100/><D2/><U1/><E124/><V16/><F16/><N who="3" m="6219" /><G89/><N who="2" m="33801" /><F130/><W29/><G29/><T36/><D36/><U10/><E1/><V42/><F42/><W88/><G79/><T120/><D120/><U61/><E53/><V114/><F114/><W125/><G125/><T106/><D32/><U80/><E34/><V129/><F129/><W72/><G72/><T60/><D106/><U74/><E0/><V76/><F117/><W45/><G84/><T68/><D68/><U9/><E31/><V78/><F82/><N who="3" m="49239" /><G52/><T63/><D100/><AGARI ba="0,0" hai="76,78,95,99,100" m="33801,61615,51210" machi="100" ten="30,3900,0" yaku="20,1,34,2" doraHai="132" who="2" fromWho="0" sc="250,-39,250,0,250,39,250,0" /><INIT seed="1,0,0,1,3,14" ten="211,250,289,250" oya="1" hai0="52,1,122,60,43,17,88,96,99,87,126,65,83" hai1="28,82,92,79,70,44,56,102,113,51,103,132,74" hai2="61,66,125,127,8,64,2,75,50,120,89,134,115" hai3="59,3,34,86,49,0,104,73,53,69,76,25,38"/><U100/><E70/><V105/><F75/><W84/><G69/><T77/><D1/><U22/><E113/><V135/><F105/><W54/><G38/><T112/><D112/><U11/><E11/><V47/><F2/><W67/><G67/><N who="2" m="25641" /><F8/><W97/><G73/><T129/><D126/><N who="2" m="48138" /><F89/><W20/><G34/><T31/><D129/><U117/><E117/><V110/><F110/><W109/><G3/><T78/><D122/><U119/><E119/><V19/><F19/><N who="3" m="12447" /><G0/><T26/><D43/><U106/><E100/><V24/><F24/><W36/><G36/><T15/><D65/><U98/><E103/><V81/><F81/><W13/><G104/><T37/><D37/><U80/><E106/><V85/><F85/><W30/><G30/><T57/><D31/><U10/><E82/><V63/><F120/><W71/><G71/><T111/><D111/><U121/><E121/><V116/><F116/><W6/><G97/><N who="0" m="37451" /><D26/><U5/><E28/><V133/><F115/><W131/><G76/><T4/><D4/><U118/><E5/><V40/><AGARI ba="0,0" hai="40,47,50,61,63,133,134,135" m="48138,25641" machi="40" ten="40,8000,1" yaku="20,1,18,1,34,2" doraHai="14" who="2" fromWho="2" sc="211,-20,250,-40,289,80,250,-20" /><INIT seed="2,0,0,3,0,26" ten="191,210,369,230" oya="2" hai0="13,84,129,9,30,90,121,82,88,69,16,5,110" hai1="14,25,89,106,131,115,80,117,48,119,19,54,68" hai2="34,18,29,21,116,70,112,46,58,134,56,37,96" hai3="114,125,36,55,93,118,133,86,72,94,6,99,76"/><V71/><F116/><W1/><G36/><T49/><D69/><U3/><E3/><V79/><F112/><W4/><G118/><T62/><D121/><U20/><E106/><V124/><F134/><W22/><G1/><T104/><D104/><U51/><E68/><V38/><F124/><W95/><G72/><T2/><D110/><U17/><E115/><V105/><F79/><W60/><G114/><T113/><D113/><U123/><E131/><V43/><F38/><W65/><G125/><T98/><D129/><U108/><E108/><V100/><F70/><W92/><G55/><T61/><D49/><U111/><E111/><V10/><F71/><W126/><G133/><T128/><D128/><U32/><E32/><V57/><F10/><W87/><G126/><T66/><D66/><U7/><E7/><V81/><F81/><W44/><G44/><T122/><D122/><U77/><E123/><V52/><F34/><W24/><G76/><T39/><D39/><U120/><E120/><V64/><F64/><W15/><N who="3" m="24064" /><DORA hai="8" /><W12/><G99/><T127/><D127/><U107/><E107/><V50/><F29/><N who="3" m="17559" /><G60/><T78/><D98/><U42/><E77/><V27/><AGARI ba="0,0" hai="18,21,27,37,43,46,50,52,56,57,58,96,100,105" machi="27" ten="20,3900,0" yaku="0,1,7,1,54,1" doraHai="26,8" who="2" fromWho="2" sc="191,-13,210,-13,369,39,230,-13" /><INIT seed="2,1,0,5,3,37" ten="178,197,408,217" oya="2" hai0="59,101,40,88,69,49,84,32,108,131,44,129,121" hai1="120,4,116,109,3,86,47,50,11,66,52,26,130" hai2="16,38,34,133,18,76,57,105,60,94,65,51,99" hai3="33,124,2,132,85,28,53,83,125,27,114,17,123"/><V1/><F38/><W46/><G123/><T113/><D69/><U73/><E73/><V42/><F105/><W0/><G114/><T90/><D32/><U92/><E116/><V91/><F1/><W128/><G132/><T9/><D121/><U39/><E39/><V118/><F34/><W12/><G128/><T21/><D113/><U31/><E109/><V103/><F118/><W22/><G53/><T67/><D101/><U112/><E112/><V96/><F76/><W74/><G46/><T100/><D100/><U81/><E66/><V24/><F133/><W70/><G74/><T106/><D106/><U10/><E10/><V72/><F72/><W107/><G70/><T58/><D108/><U25/><E130/><N who="0" m="49673" /><D21/><U29/><E92/><N who="2" m="58759" /><F24/><W87/><G107/><T110/><D110/><U14/><E3/><V36/><F36/><W77/><REACH who="3" step="1"/><G87/><REACH who="3" ten="178,197,408,207" step="2"/><T43/><D84/><U126/><E120/><V64/><F65/><W111/><G111/><T89/><D67/><U15/><E86/><V68/><F68/><W102/><G102/><T6/><D43/><U134/><E134/><V62/><F60/><W63/><G63/><T55/><D55/><U127/><E52/><V56/><F56/><W104/><G104/><T71/><D71/><U80/><E50/><V13/><F57/><W45/><G45/><T75/><D75/><U23/><E47/><V35/><F64/><W93/><G93/><T98/><D98/><U54/><E54/><V119/><F99/><W48/><G48/><T19/><D19/><U78/><E29/><V7/><F51/><W117/><G117/><RYUUKYOKU ba="1,1" sc="178,15,197,-15,408,-15,207,15" hai0="6,9,40,44,49,58,59,88,89,90" hai3="0,2,12,17,22,27,28,33,77,83,85,124,125" /><INIT seed="3,2,1,0,4,134" ten="193,182,393,222" oya="3" hai0="74,48,92,101,72,64,47,124,89,121,1,56,29" hai1="11,132,71,9,95,0,98,49,131,42,3,60,13" hai2="128,55,28,126,39,77,109,41,114,87,16,38,79" hai3="25,90,30,119,69,54,34,84,116,70,37,123,62"/><W115/><G123/><T4/><D121/><U52/><E132/><V66/><F126/><W113/><G37/><T133/><D133/><U63/><E131/><V21/><F28/><W40/><G40/><T86/><D29/><U111/><E42/><V129/><F109/><W24/><G54/><T2/><D101/><N who="1" m="60639" /><E71/><V19/><F114/><W104/><G104/><T127/><D64/><U35/><E35/><V85/><F55/><W31/><G90/><T93/><D56/><N who="1" m="32783" /><E0/><N who="0" m="105" /><D4/><N who="1" m="3303" /><E3/><V27/><F41/><W76/><G113/><T12/><D12/><U36/><E36/><V59/><F66/><W8/><G115/><T43/><D92/><U75/><E111/><V125/><F59/><W46/><G116/><T5/><D5/><U83/><E75/><V26/><F125/><W107/><G119/><T33/><D33/><U118/><E118/><V15/><F15/><W94/><G107/><T100/><D100/><U99/><E9/><V78/><F78/><W135/><G135/><T103/><D103/><U105/><E105/><V68/><F68/><W80/><G70/><T112/><D112/><U108/><E108/><V58/><F58/><W22/><G69/><T32/><D32/><U120/><E99/><V61/><F61/><N who="1" m="23625" /><E120/><V82/><F82/><AGARI ba="2,1" hai="82,83" m="23625,3303,32783,60639" machi="82" ten="30,2000,0" yaku="8,1,54,1" doraHai="134" who="1" fromWho="2" sc="193,0,182,36,393,-26,222,0" owari="193,-31.0,218,-18.0,367,47.0,222,2.0" /></mjloggm>