<mjloggm ver="2.3"><GO type="97" lobby="0"/><UN n0="%48%41%4E%41%4E%4F" n1="%E3%82%A6%E3%83%AB%E3%83%88%E3%83%A9%E7%AB%8B%E7%9B%B4" n2="%70%65%64%6F%72%6F" n3="%E3%83%8F%E3%83%A2%E5%B8%AB%E5%8C%A0" dan="13,14,15,15" rate="1888.66,1923.16,1948.39,1977.71" sx="M,M,M,M"/><TAIKYOKU oya="0"/><INIT seed="0,0,0,3,3,114" ten="250,250,250,250" oya="0" hai0="57,21,40,76,64,72,111,25,115,32,83,133,56" hai1="103,117,71,97,90,6,27,60,104,13,82,128,105" hai2="52,92,125,28,116,67,118,110,95,36,131,99,130" hai3="45,77,91,98,102,132,89,33,15,17,54,66,85"/><T109/><D115/><U93/><E13/><V80/><F36/><W101/><G33/><T51/><D32/><U122/><E6/><V126/><F67/><W113/><G113/><T38/><D38/><U46/><E46/><V124/><F28/><W47/><G132/><T42/><D133/><U65/><E122/><V134/><F134/><W59/><G66/><T84/><D72/><U50/><E50/><V4/><F4/><W41/><G77/><T61/><D56/><U30/><E128/><V9/><F9/><W108/><G108/><N who="0" m="41547" /><D51/><U88/><E117/><N who="2" m="45163" /><F110/><W11/><G41/><T69/><D69/><U68/><E68/><V2/><F2/><W86/><G102/><T63/><D61/><U94/><E82/><V19/><F19/><AGARI ba="0,0" hai="19,21,25,40,42,57,63,64,76,83,84" m="41547" machi="19" ten="30,2900,0" yaku="14,1,10,1" doraHai="114" who="0" fromWho="2" sc="250,29,250,0,250,-29,250,0" /><INIT seed="0,1,0,4,0,3" ten="279,250,221,250" oya="0" hai0="93,78,60,104,90,22,24,92,94,110,47,133,37" hai1="75,96,116,1,67,77,2,54,23,26,14,65,122" hai2="50,66,84,40,38,45,81,113,109,21,85,8,52" hai3="35,55,57,4,114,43,64,59,13,41,88,10,30"/><T46/><D104/><U98/><E122/><V97/><F113/><W103/><G114/><T69/><D133/><U117/><E14/><V0/><F21/><W5/><G103/><T125/><D37/><U101/><E54/><V120/><F120/><W87/><G64/><T12/><D78/><U126/><E77/><V106/><F106/><W105/><G105/><T44/><D125/><U34/><E23/><V73/><F97/><W121/><G121/><T20/><D69/><U119/><E75/><V71/><F73/><W28/><G57/><T36/><D36/><U112/><E112/><V19/><F81/><W7/><G35/><T134/><D134/><U49/><E49/><V53/><F53/><W123/><G123/><T132/><D132/><U31/><E126/><V11/><F11/><W33/><G33/><T15/><D110/><U102/><E34/><V108/><F108/><W99/><G99/><T135/><D135/><U83/><E83/><V111/><F109/><W129/><G129/><T61/><D90/><U89/><E89/><V79/><F79/><W128/><G128/><T91/><D91/><U100/><E26/><V6/><F19/><N who="3" m="8631" /><G28/><T80/><D80/><U131/><E31/><V42/><F111/><W107/><G30/><N who="0" m="17671" /><D22/><U16/><E16/><V95/><F38/><W130/><G130/><T70/><D70/><U63/><E131/><V82/><F71/><W58/><G107/><T51/><D51/><U86/><E86/><N who="2" m="33387" /><F82/><N who="3" m="49271" /><G59/><T9/><D15/><U118/><N who="1" m="30208" /><DORA hai="25" /><U76/><E1/><V115/><F115/><W17/><G17/><AGARI ba="1,0" hai="9,12,17,44,46,47,60,61,92,93,94" m="17671" machi="17" ten="30,2900,0" yaku="8,1,52,1" doraHai="3,25" who="0" fromWho="3" sc="279,32,250,0,221,0,250,-32" /><INIT seed="0,2,0,3,3,27" ten="311,250,221,218" oya="0" hai0="54,124,15,80,123,21,115,121,38,109,111,24,68" hai1="61,57,60,30,122,69,40,129,133,125,0,71,94" hai2="51,113,36,45,92,102,10,17,82,127,73,85,18" hai3="35,112,107,33,126,23,29,34,31,93,97,81,62"/><T128/><D68/><U46/><E0/><V104/><F36/><W87/><G112/><T84/><D38/><U8/><E122/><V53/><F113/><W96/><G126/><T16/><D115/><U99/><E125/><V135/><F127/><W88/><G107/><T65/><D65/><U72/><E72/><V64/><F64/><W9/><G9/><T13/><D124/><U25/><E8/><V63/><F63/><W130/><G130/><T52/><D128/><U20/><E129/><V1/><F1/><W114/><G114/><T79/><D123/><U77/><E77/><V90/><F135/><W108/><G108/><N who="0" m="41547" /><D121/><U70/><E57/><V132/><F132/><W55/><G23/><N who="0" m="11663" /><D15/><U22/><E22/><V19/><F10/><W58/><REACH who="3" step="1"/><G97/><REACH who="3" ten="311,250,221,208" step="2"/><T37/><D37/><U26/><E133/><V12/><F12/><W98/><G98/><T101/><D101/><AGARI ba="2,1" hai="29,31,33,34,35,55,58,62,81,87,88,93,96,101" machi="101" ten="40,8000,1" yaku="1,1,52,2,54,1,53,1" doraHai="27" doraHaiUra="48" who="3" fromWho="0" sc="311,-86,250,0,221,0,208,96" /><INIT seed="1,0,0,0,2,28" ten="225,250,221,304" oya="1" hai0="21,115,0,69,61,34,50,108,123,4,118,58,3" hai1="80,110,73,132,63,55,17,53,81,92,112,9,49" hai2="59,37,23,109,44,114,117,106,10,74,11,122,52" hai3="78,127,6,98,89,67,7,82,126,91,103,120,111"/><U1/><E1/><V43/><F106/><W102/><G67/><T68/><D118/><U30/><E30/><V42/><F117/><W116/><G116/><T25/><D115/><U48/><E112/><V62/><F74/><N who="3" m="43351" /><G6/><T100/><D123/><U19/><E110/><V83/><F122/><W87/><G7/><T47/><D108/><U46/><E132/><V131/><F114/><W20/><G20/><T97/><D4/><U128/><E128/><V105/><F105/><W26/><G26/><T124/><D124/><N who="3" m="47657" /><G111/><T125/><D125/><U101/><E63/><V133/><F109/><W32/><G32/><T12/><D12/><U5/><E5/><V130/><F133/><W104/><G120/><T39/><D39/><U134/><E134/><V35/><F35/><W40/><G40/><T96/><D3/><U66/><E66/><V77/><F43/><W15/><G15/><T90/><D0/><U56/><E73/><N who="2" m="43439" /><F23/><W72/><G72/><T107/><D90/><N who="3" m="34313" /><G103/><T14/><D96/><N who="1" m="59527" /><E9/><V75/><F75/><W31/><G31/><T84/><D84/><AGARI ba="0,0" hai="84,87,98,102,104" m="34313,47657,43351" machi="84" ten="30,3900,0" yaku="18,1,34,2" doraHai="28" who="3" fromWho="0" sc="225,-39,250,0,221,0,304,39" /><INIT seed="2,0,0,5,0,114" ten="186,250,221,343" oya="2" hai0="135,53,0,123,131,9,22,132,56,105,38,126,124" hai1="23,91,29,4,42,94,116,18,39,27,25,92,78" hai2="40,54,49,46,88,99,3,37,15,96,36,14,117" hai3="120,104,119,41,73,35,62,28,57,121,19,100,118"/><V109/><F3/><W55/><G73/><T107/><D38/><U31/><E78/><V87/><F37/><W26/><G41/><T33/><D33/><U71/><E71/><V64/><F117/><W85/><G85/><T6/><D123/><U30/><E39/><V98/><F64/><W72/><G72/><T58/><D22/><U10/><E42/><V129/><F129/><W127/><G127/><N who="0" m="48683" /><D58/><U45/><E45/><V90/><F109/><W130/><G130/><T68/><D68/><U52/><E52/><V11/><F87/><W95/><G104/><N who="0" m="40011" /><D131/><U122/><E122/><V69/><F69/><W106/><G106/><T86/><D86/><U134/><E134/><N who="0" m="51241" /><D53/><U103/><E27/><V32/><F32/><W89/><G55/><T47/><D56/><U43/><E43/><V61/><F36/><W97/><G57/><T70/><D70/><U112/><E30/><V59/><REACH who="2" step="1"/><F14/><REACH who="2" ten="186,250,211,343" step="2"/><W63/><G35/><T20/><D20/><U24/><E23/><V111/><F111/><W21/><G21/><T16/><D47/><U101/><E25/><V75/><F75/><W74/><G26/><T110/><D16/><AGARI ba="0,1" hai="11,15,16,40,46,49,54,59,61,88,90,96,98,99" machi="16" ten="40,12000,1" yaku="1,1,8,1,54,2,53,1" doraHai="114" doraHaiUra="13" who="2" fromWho="0" sc="186,-120,250,0,211,130,343,0" /><INIT seed="2,1,0,3,2,63" ten="66,250,341,343" oya="2" hai0="46,93,128,12,13,67,16,23,31,103,8,126,98" hai1="42,15,104,88,102,39,61,20,9,24,3,71,4" hai2="27,133,90,17,132,60,69,0,83,33,21,122,99" hai3="123,114,25,6,1,34,89,87,92,48,72,55,73"/><V91/><F0/><W130/><G123/><T49/><D49/><U96/><BYE who="0" /><E42/><V129/><F122/><W68/><G130/><T70/><D70/><U28/><E39/><V108/><F129/><W82/><G68/><T41/><D41/><U51/><E51/><V79/><F108/><W19/><G114/><T56/><D56/><U77/><E77/><V22/><F33/><W43/><G43/><T35/><D35/><U26/><E26/><V111/><F111/><W110/><G110/><T134/><D134/><N who="2" m="51818" /><F21/><W36/><G36/><T121/><D121/><U53/><E53/><V95/><F60/><W81/><G6/><T38/><D38/><U65/><E15/><V101/><F69/><W127/><G1/><T118/><D118/><U76/><E76/><V14/><F14/><W105/><G105/><T5/><D5/><U106/><E106/><V100/><F100/><W120/><G120/><T86/><D86/><AGARI ba="1,0" hai="17,22,27,79,83,86,90,91,95,99,101" m="51818" machi="86" ten="30,1500,0" yaku="20,1" doraHai="63" who="2" fromWho="0" sc="66,-18,250,0,341,18,343,0" /><INIT seed="2,2,0,4,3,10" ten="48,250,359,343" oya="2" hai0="79,4,94,53,106,92,132,119,116,44,60,73,91" hai1="6,69,81,74,28,27,40,86,0,105,42,49,24" hai2="26,20,1,107,102,23,5,38,126,85,16,63,108" hai3="99,114,100,72,80,12,45,3,103,129,41,135,30"/><V35/><F38/><W67/><G3/><T71/><D71/><U111/><E105/><V47/><F107/><W43/><G129/><T98/><D98/><U104/><E104/><V8/><F102/><W48/><G135/><T121/><D121/><U96/><E69/><V84/><F35/><W7/><G114/><T9/><D9/><U34/><E74/><V120/><F120/><W37/><G30/><T134/><D134/><U32/><E96/><V52/><F126/><W66/><G100/><T25/><D25/><U88/><E111/><V64/><F108/><W78/><G37/><T89/><D89/><U18/><E6/><V68/><REACH who="2" step="1"/><F23/><REACH who="2" ten="48,250,349,343" step="2"/><W76/><G103/><T101/><D101/><U22/><E34/><V133/><F133/><W117/><G117/><T55/><D55/><U51/><REACH who="1" step="1"/><E0/><REACH who="1" ten="48,240,349,343" step="2"/><V112/><F112/><W113/><G113/><T50/><D50/><AGARI ba="2,2" hai="18,22,24,27,28,32,40,42,49,50,51,81,86,88" machi="50" ten="40,8000,1" yaku="1,1,2,1,54,1,53,1" doraHai="10" doraHaiUra="15" who="1" fromWho="0" sc="48,-86,240,106,349,0,343,0" /><AGARI ba="2,0" hai="1,5,8,16,20,26,47,50,52,63,64,68,84,85" machi="50" ten="40,12000,1" yaku="1,1,54,2,53,1" doraHai="10" doraHaiUra="15" who="2" fromWho="0" sc="-38,-120,346,0,349,120,343,0" owari="-158,-66.0,346,15.0,469,57.0,343,-6.0" /></mjloggm>