<mjloggm ver="2.3"><GO type="169" lobby="0"/><UN n0="%63%6F%61" n1="%E3%81%AA%E3%81%BE%E3%81%AF%E3%81%92%E3%83%AA%E3%83%BC%E3%83%81%E2%98%86" n2="%E3%81%82%E3%83%BC%E3%81%BF%E3%82%93%E2%98%86" n3="%E3%82%A6%E3%83%AB%E3%83%88%E3%83%A9%E7%AB%8B%E7%9B%B4" dan="17,17,17,17" rate="2161.25,2248.72,2147.02,2132.71" sx="M,M,F,M"/><TAIKYOKU oya="0"/><INIT seed="0,0,0,1,1,62" ten="250,250,250,250" oya="0" hai0="122,38,51,88,42,73,7,81,25,50,72,1,63" hai1="123,33,22,3,47,105,28,131,58,26,124,12,133" hai2="106,111,8,14,54,104,125,84,121,55,64,29,85" hai3="119,114,117,83,17,75,82,60,31,100,109,16,49"/><T9/><D122/><U37/><E105/><V110/><F121/><W96/><G114/><T79/><D73/><U20/><E123/><V67/><F29/><W4/><G4/><T36/><D36/><U44/><E3/><V46/><F125/><W10/><G31/><T6/><D6/><U35/><E131/><V2/><F2/><W120/><G120/><T78/><D78/><U18/><E124/><V0/><F0/><W32/><G32/><T102/><D102/><U87/><E133/><V128/><F128/><W86/><G109/><N who="2" m="41481" /><F85/><W95/><G75/><T57/><D25/><U92/><E37/><V135/><F84/><W19/><G10/><T39/><D39/><U70/><E70/><V41/><F41/><W129/><G129/><T24/><D24/><U48/><E35/><V30/><F30/><W15/><G15/><T66/><REACH who="0" step="1"/><D88/><REACH who="0" ten="240,250,250,250" step="2"/><N who="1" m="53279" /><E33/><V27/><F27/><W13/><G13/><T80/><D80/><U127/><E127/><V59/><F135/><W132/><G132/><T97/><D97/><U21/><E21/><V89/><F89/><W99/><G99/><T45/><AGARI ba="0,1" hai="1,7,9,38,42,45,50,51,57,63,66,72,79,81" machi="45" ten="30,18000,2" yaku="1,1,0,1,25,2,52,1,53,1" doraHai="62" doraHaiUra="5" who="0" fromWho="0" sc="240,190,250,-60,250,-60,250,-60" /><INIT seed="0,1,0,0,0,75" ten="430,190,190,190" oya="0" hai0="103,26,100,126,95,35,7,17,16,45,133,77,131" hai1="55,112,123,91,76,31,78,2,110,24,102,18,105" hai2="23,130,71,59,22,85,68,118,135,38,116,33,6" hai3="5,62,10,114,58,86,29,64,132,37,109,15,60"/><T122/><D122/><U97/><E123/><V54/><F33/><W70/><G37/><T41/><D126/><U93/><E2/><V9/><F38/><W39/><G39/><T120/><D120/><U99/><E110/><V127/><F135/><W44/><G132/><T12/><D133/><U88/><E112/><V25/><F85/><W79/><G109/><T53/><D53/><U96/><E18/><N who="0" m="7273" /><D35/><U94/><REACH who="1" step="1"/><E55/><REACH who="1" ten="430,180,190,190" step="2"/><V101/><F54/><W0/><G0/><T36/><D41/><U3/><E3/><V63/><F127/><W98/><G114/><T106/><D36/><U111/><E111/><V20/><F118/><W134/><G134/><T42/><D42/><U48/><E48/><V119/><F116/><W34/><G62/><T72/><D7/><U108/><E108/><V74/><F119/><W73/><G5/><T124/><D124/><U27/><E27/><V21/><F25/><W46/><G60/><T129/><D26/><U65/><E65/><V83/><F63/><W66/><G64/><T14/><D14/><U82/><E82/><V56/><F83/><W61/><G66/><T87/><D12/><U57/><E57/><V1/><F59/><W121/><G58/><T32/><D45/><U69/><E69/><V117/><F56/><W125/><G70/><T115/><D115/><U84/><E84/><V28/><F117/><W19/><G86/><T52/><D52/><U80/><E80/><V4/><F71/><W11/><G61/><T50/><D50/><U8/><E8/><V67/><F68/><W40/><G11/><T13/><D13/><RYUUKYOKU ba="1,1" sc="430,-10,180,30,190,-10,190,-10" hai1="24,31,76,78,88,91,93,94,96,97,99,102,105" /><INIT seed="1,2,1,0,0,128" ten="420,210,180,180" oya="1" hai0="55,66,74,77,93,12,57,91,53,39,32,51,86" hai1="94,50,103,37,1,131,98,31,96,20,46,30,108" hai2="110,26,125,44,64,113,127,15,24,61,9,28,38" hai3="84,99,132,100,8,117,95,92,22,90,6,56,87"/><U11/><E131/><V14/><F110/><W135/><G117/><T2/><D2/><U40/><E108/><V89/><F113/><W10/><G22/><T109/><D109/><U78/><E78/><V70/><F89/><W82/><G56/><T105/><D105/><U80/><E80/><V49/><F38/><W101/><G6/><T60/><D39/><U29/><E98/><V67/><F67/><W124/><G124/><N who="2" m="47689" /><F9/><W126/><G126/><T42/><D32/><U111/><E111/><V0/><F0/><W13/><G13/><N who="2" m="4617" /><F28/><W118/><G118/><T123/><D123/><U7/><REACH who="1" step="1"/><E37/><REACH who="1" ten="420,200,180,180" step="2"/><V65/><F65/><W52/><G82/><T73/><D77/><U79/><E79/><V97/><F97/><W133/><G99/><T121/><D74/><U72/><E72/><V71/><F71/><W114/><G114/><T116/><D73/><U119/><E119/><V85/><F85/><W59/><G87/><T134/><D116/><U130/><E130/><V69/><F70/><W54/><G84/><T34/><D86/><U23/><AGARI ba="2,2" hai="1,7,11,20,23,29,30,31,40,46,50,94,96,103" machi="23" ten="30,3000,0" yaku="1,1,0,1,53,0" doraHai="128" doraHaiUra="62" who="1" fromWho="1" sc="420,-12,200,56,180,-12,180,-12" /><INIT seed="1,3,0,4,2,83" ten="408,256,168,168" oya="1" hai0="41,74,66,28,59,29,103,4,1,33,0,108,94" hai1="129,61,101,102,63,89,86,105,37,76,6,51,53" hai2="24,19,11,43,118,106,44,55,58,95,85,47,97" hai3="60,84,45,81,25,126,21,78,30,125,35,54,38"/><U88/><E37/><V13/><F118/><W50/><G38/><T122/><D74/><U15/><E129/><V120/><F120/><W93/><G60/><N who="1" m="23114" /><E76/><V49/><F106/><W114/><G114/><T5/><D108/><U20/><E105/><V130/><F130/><W75/><G35/><T124/><D124/><U65/><E65/><V132/><F132/><W110/><G110/><T69/><D69/><U36/><E89/><N who="2" m="53679" /><F43/><W135/><G135/><T57/><D41/><U121/><E121/><V16/><F97/><W68/><G68/><T133/><D133/><U111/><E36/><V62/><F62/><W8/><G8/><T117/><D117/><U79/><E79/><V100/><F100/><W64/><G64/><T34/><D103/><U98/><E98/><V123/><F123/><W109/><G109/><T10/><D66/><U2/><E2/><V3/><F3/><W119/><G119/><T116/><D116/><U39/><E39/><V26/><F19/><W90/><AGARI ba="3,0" hai="21,25,30,45,50,54,75,78,81,84,90,93,125,126" machi="90" ten="30,2000,0" yaku="0,1,52,1" doraHai="83" who="3" fromWho="3" sc="408,-8,256,-13,168,-8,168,29" /><INIT seed="2,0,0,1,1,21" ten="400,243,160,197" oya="2" hai0="40,104,108,37,15,125,89,46,17,61,72,30,90" hai1="94,77,100,14,135,60,48,107,69,22,63,85,110" hai2="59,86,24,31,6,114,58,23,36,73,68,11,35" hai3="75,26,102,79,45,122,7,93,5,119,47,34,95"/><V19/><F73/><W96/><G122/><T51/><D72/><U53/><E69/><V82/><F68/><W32/><G119/><T16/><D104/><U70/><E70/><V67/><F36/><W80/><G32/><T38/><D30/><U1/><E1/><V25/><F67/><W10/><G5/><T76/><D76/><U87/><E107/><V120/><F114/><W99/><G34/><T134/><D108/><U127/><E135/><V116/><F116/><W74/><G74/><T8/><D134/><U121/><E127/><V91/><REACH who="2" step="1"/><F120/><REACH who="2" ten="400,243,150,197" step="2"/><W113/><G113/><T101/><D38/><U50/><E121/><V84/><F84/><W103/><REACH who="3" step="1"/><G26/><REACH who="3" ten="400,243,150,187" step="2"/><T66/><D125/><U62/><E110/><V3/><AGARI ba="0,2" hai="3,6,11,19,23,24,25,31,35,58,59,82,86,91" machi="3" ten="20,18000,2" yaku="1,1,0,1,7,1,52,2,53,1" doraHai="21" doraHaiUra="18" who="2" fromWho="2" sc="400,-60,243,-60,150,200,187,-60" /><INIT seed="2,1,0,4,3,111" ten="340,183,350,127" oya="2" hai0="60,90,82,58,44,76,79,89,94,121,6,8,120" hai1="110,25,45,31,35,24,132,33,81,84,102,131,125" hai2="100,119,28,97,22,15,63,46,108,127,107,71,115" hai3="19,0,106,53,85,38,56,128,1,59,68,117,42"/><V112/><F119/><W77/><G106/><T135/><D135/><U129/><E110/><V30/><F108/><W95/><G117/><T92/><D44/><U55/><E132/><V50/><F127/><W39/><G77/><T41/><D41/><U130/><E125/><V57/><F71/><W32/><G32/><T43/><D43/><U5/><E5/><V78/><F78/><N who="0" m="29738" /><D121/><U86/><E102/><V34/><F34/><W12/><G68/><T109/><D109/><U93/><E81/><V7/><F7/><W40/><G128/><T88/><D82/><U104/><E104/><V96/><F96/><W91/><G56/><T14/><D120/><U116/><E116/><V20/><F20/><W101/><G40/><T18/><D18/><U37/><E93/><V87/><F87/><N who="1" m="33321" /><E37/><V134/><F134/><W4/><G4/><T69/><D69/><U10/><E10/><V36/><F36/><W61/><G39/><T27/><D27/><N who="1" m="18687" /><E35/><V70/><F70/><W98/><G42/><T65/><AGARI ba="1,0" hai="6,8,14,58,60,65,88,89,90,92,94" m="29738" machi="65" ten="30,2000,0" yaku="8,1,54,1" doraHai="111" who="0" fromWho="0" sc="340,23,183,-6,350,-11,127,-6" /><INIT seed="3,0,0,1,2,30" ten="363,177,339,121" oya="3" hai0="32,96,16,135,1,42,83,18,49,94,88,82,72" hai1="75,8,134,132,100,48,39,99,119,33,118,87,5" hai2="104,67,97,113,61,120,93,78,66,106,62,125,69" hai3="17,73,98,108,41,90,112,68,117,101,19,25,95"/><W102/><G68/><T79/><D1/><N who="1" m="47" /><E39/><V11/><F125/><W124/><G112/><T70/><D70/><U40/><E75/><V12/><F78/><W29/><G124/><T123/><D123/><U89/><E40/><V2/><F2/><W22/><G73/><T103/><D135/><N who="1" m="51755" /><E48/><V44/><F44/><W122/><G122/><T60/><D60/><U14/><E14/><V59/><F113/><W129/><G117/><T38/><D38/><U63/><E63/><V27/><F27/><W7/><G129/><T81/><D32/><U52/><E52/><V133/><F133/><W114/><G108/><T37/><D37/><U116/><E33/><V46/><F46/><W36/><G114/><T71/><D71/><U91/><E87/><V92/><F120/><W111/><G111/><T0/><D0/><U50/><E50/><V65/><F65/><W57/><G36/><T54/><D42/><U13/><E13/><V26/><F26/><W77/><G41/><T51/><D51/><U76/><E76/><V56/><F69/><W24/><G77/><T131/><D79/><U126/><E126/><V21/><F21/><N who="3" m="15535" /><G7/><T34/><D72/><U47/><E47/><V4/><F97/><W28/><G57/><N who="0" m="32975" /><D34/><U128/><E128/><V109/><F109/><W35/><G35/><T20/><D131/><U15/><E15/><V31/><F31/><W53/><G53/><T43/><D43/><U6/><E6/><V55/><F55/><W127/><G127/><T85/><D20/><U115/><E115/><V10/><F10/><W84/><G84/><T3/><D3/><RYUUKYOKU ba="0,0" sc="363,0,177,0,339,0,121,0" hai0="16,18,81,82,83,85,88,94,96,103" hai1="89,91,99,100,116,118,119" hai2="4,11,12,56,59,61,62,66,67,92,93,104,106" hai3="17,19,22,24,28,90,95,98,101,102" /><INIT seed="3,1,0,3,2,114" ten="363,177,339,121" oya="3" hai0="112,94,62,102,87,69,60,42,8,6,111,44,100" hai1="117,29,126,38,16,82,125,106,74,85,17,113,31" hai2="0,130,98,73,37,108,127,32,132,39,53,128,95" hai3="56,43,90,52,40,123,121,104,54,75,124,129,18"/><W68/><G104/><T26/><D112/><U66/><E113/><V34/><F73/><W133/><G75/><T118/><D111/><U7/><E106/><V46/><F0/><W19/><G68/><T88/><D118/><U110/><E38/><N who="2" m="14347" /><F108/><W131/><G90/><T78/><D78/><U61/><E74/><V97/><F97/><W51/><G124/><N who="1" m="47722" /><E7/><V67/><F67/><W59/><REACH who="3" step="1"/><G51/><REACH who="3" ten="363,177,339,111" step="2"/><N who="0" m="27031" /><D69/><N who="1" m="42191" /><E110/><V41/><F127/><W4/><G4/><T9/><D6/><U13/><E117/><V71/><F71/><W107/><G107/><T55/><D102/><U5/><E5/><V2/><F2/><W105/><G105/><T72/><D100/><U119/><E119/><V50/><F50/><W99/><G99/><T15/><D72/><U22/><E17/><V122/><F98/><W109/><G109/><T83/><D88/><AGARI ba="1,1" hai="13,16,22,29,31,82,85,88" m="42191,47722" machi="88" ten="30,3900,0" yaku="18,1,54,2" doraHai="114" who="1" fromWho="0" sc="363,-42,177,52,339,0,111,0" /><INIT seed="4,0,0,5,1,123" ten="321,229,339,111" oya="0" hai0="87,62,5,92,103,127,97,129,72,7,51,11,20" hai1="46,133,128,100,83,88,24,70,26,113,96,40,37" hai2="69,109,49,126,18,122,77,22,14,114,41,10,42" hai3="117,57,125,78,68,84,90,110,32,61,39,73,23"/><T120/><D120/><U19/><E70/><V89/><F69/><W35/><G117/><T15/><D72/><U4/><E4/><V17/><F122/><W124/><G39/><T38/><D38/><U121/><E121/><V135/><F114/><W93/><G68/><T63/><D127/><N who="3" m="48713" /><G23/><T48/><D129/><U82/><E128/><V2/><F2/><W33/><G78/><T102/><D102/><U64/><E64/><V0/><F0/><W107/><G107/><T76/><D7/><U99/><E133/><V118/><F118/><W16/><G16/><T130/><D130/><U9/><E26/><V108/><F135/><W65/><G73/><T67/><D20/><U86/><E113/><V106/><F77/><W13/><G13/><T58/><D63/><U85/><E100/><V75/><F75/><W21/><G21/><T36/><D36/><U71/><E71/><V111/><F106/><W45/><G45/><T66/><D66/><U8/><E24/><V116/><F116/><W94/><G93/><T25/><D25/><U43/><E37/><V47/><F126/><W55/><G65/><T98/><D98/><U91/><E46/><V112/><F112/><W29/><G29/><T105/><D105/><U119/><E119/><V28/><F28/><W79/><G79/><T34/><D34/><N who="3" m="8705" /><W101/><DORA hai="134" /><G101/><T44/><D44/><U104/><E104/><V12/><F89/><W59/><G59/><T1/><D1/><U74/><E74/><V56/><F56/><W80/><G80/><AGARI ba="0,0" hai="5,11,15,48,51,58,62,67,76,80,87,92,97,103" machi="80" ten="40,2000,0" yaku="8,1" doraHai="123,134" who="0" fromWho="3" sc="321,20,229,0,339,0,111,-20" /><INIT seed="4,1,0,4,4,132" ten="341,229,339,91" oya="0" hai0="59,106,95,36,93,56,51,76,126,127,25,65,8" hai1="128,123,18,115,16,48,72,66,30,103,116,53,21" hai2="110,86,100,91,32,131,133,98,84,77,0,129,61" hai3="71,69,49,64,121,90,89,117,11,125,15,109,107"/><T34/><D106/><U83/><E123/><V27/><F0/><W85/><G107/><T23/><D36/><U44/><E116/><V130/><F32/><W3/><G3/><T19/><D76/><U79/><E128/><V114/><F27/><W97/><G117/><T63/><D34/><U54/><E115/><V43/><F43/><W124/><G109/><T35/><D35/><U82/><E103/><V102/><F61/><W67/><G49/><T119/><D8/><U13/><E66/><N who="3" m="25130" /><G97/><T96/><D119/><U42/><E30/><V60/><F60/><W1/><G1/><T38/><D38/><U88/><REACH who="1" step="1"/><E18/><REACH who="1" ten="341,219,339,91" step="2"/><V26/><F114/><W55/><G121/><T81/><D65/><U28/><E28/><V50/><F102/><W74/><G71/><T52/><D19/><U78/><E78/><V73/><F100/><W62/><G69/><T41/><D96/><U118/><E118/><V5/><F98/><W4/><G74/><T75/><D75/><U39/><E39/><V99/><F99/><W20/><G90/><T7/><D7/><U111/><E111/><V92/><F110/><W29/><G89/><T40/><D63/><U24/><E24/><V46/><F26/><N who="3" m="16583" /><G85/><AGARI ba="1,1" hai="13,16,21,42,44,48,53,54,72,79,82,83,85,88" machi="85" ten="40,5200,0" yaku="1,1,54,2,53,0" doraHai="132" doraHaiUra="68" who="1" fromWho="3" sc="341,0,219,65,339,0,91,-55" /><INIT seed="5,0,0,4,5,17" ten="341,284,339,36" oya="1" hai0="23,28,120,61,100,87,33,74,118,133,15,102,3" hai1="51,8,27,97,32,41,99,106,20,134,9,85,115" hai2="60,53,127,86,26,54,128,124,4,34,66,37,72" hai3="64,56,69,125,1,83,90,39,75,5,62,57,117"/><U7/><E32/><V31/><F72/><W116/><G5/><T123/><D74/><U2/><E134/><V49/><F37/><W104/><G1/><T16/><D3/><U0/><E115/><V119/><F119/><N who="3" m="45643" /><G104/><T44/><D118/><U80/><E106/><V132/><F132/><W18/><G39/><T82/><D133/><U21/><E0/><V96/><F4/><W95/><G125/><N who="2" m="48201" /><F128/><W107/><G107/><T79/><D44/><N who="1" m="25999" /><E2/><V98/><F86/><N who="3" m="52695" /><G18/><T71/><D28/><U63/><E63/><V131/><F131/><W22/><G22/><N who="1" m="8810" /><E27/><V42/><F26/><W52/><G52/><N who="2" m="20073" /><F34/><W70/><G70/><T101/><D33/><U13/><E9/><V77/><F77/><AGARI ba="0,0" hai="56,57,62,64,69,75,77,83" m="52695,45643" machi="77" ten="30,1000,0" yaku="12,1" doraHai="17" who="3" fromWho="2" sc="341,0,284,0,339,-10,36,10" /><AGARI ba="0,0" hai="7,8,13,77,80,85,97,99" m="8810,25999" machi="77" ten="30,12000,1" yaku="25,1,8,1,52,3" doraHai="17" who="1" fromWho="2" sc="341,0,284,120,329,-120,46,0" /><INIT seed="5,1,0,5,5,98" ten="341,404,209,46" oya="1" hai0="72,126,129,59,108,133,89,103,102,16,32,54,2" hai1="4,44,78,105,90,95,100,49,14,37,94,110,6" hai2="107,114,40,109,87,104,121,66,39,26,38,62,3" hai3="13,88,48,82,23,64,0,29,31,79,43,67,135"/><U92/><E37/><V112/><F3/><W27/><G0/><T71/><D108/><U24/><E110/><V25/><F109/><W50/><G135/><T58/><D71/><U84/><E78/><V63/><F121/><W1/><G1/><T77/><D2/><U52/><E24/><N who="2" m="9323" /><F87/><W116/><G116/><T83/><D32/><U68/><E68/><N who="2" m="42071" /><F63/><W81/><G13/><T8/><D126/><U10/><REACH who="1" step="1"/><E6/><REACH who="1" ten="341,394,209,46" step="2"/><V122/><F38/><W65/><G79/><T106/><D133/><U69/><E69/><V9/><F39/><W115/><G31/><T18/><D129/><U47/><E47/><V36/><F36/><W51/><G115/><T75/><D75/><U130/><E130/><V111/><F114/><W124/><G124/><T128/><D128/><U12/><E12/><V134/><F112/><W74/><G74/><T123/><D123/><U99/><AGARI ba="1,1" hai="4,10,14,44,49,52,84,90,92,94,95,99,100,105" machi="99" ten="30,11700,0" yaku="1,1,0,1,52,1,54,1,53,0" doraHai="98" doraHaiUra="119" who="1" fromWho="1" sc="341,-40,394,130,209,-40,46,-40" /><INIT seed="5,2,0,3,4,71" ten="301,524,169,6" oya="1" hai0="93,74,53,41,28,48,106,56,44,59,66,67,58" hai1="96,20,23,81,68,131,77,35,121,76,3,73,5" hai2="33,118,85,18,40,4,39,88,92,54,109,32,102" hai3="99,112,89,42,72,103,87,107,98,70,45,37,19"/><U30/><E121/><V114/><F118/><W2/><G70/><T82/><D106/><U11/><E68/><V8/><F109/><W113/><G2/><T24/><D93/><U61/><E131/><V90/><F102/><W129/><G98/><T14/><D14/><U60/><E77/><V105/><F105/><W125/><G19/><T38/><D82/><U49/><E35/><V22/><F114/><N who="3" m="44139" /><G72/><T123/><D74/><U120/><E120/><V34/><F54/><W69/><G69/><T27/><D123/><U101/><E49/><V116/><F116/><W65/><G65/><T134/><D134/><U36/><E36/><V0/><F39/><W111/><G111/><T43/><D43/><U64/><E30/><V130/><F40/><W6/><G6/><T29/><D29/><U86/><E73/><V55/><F55/><W97/><G97/><T9/><D9/><U128/><E128/><V135/><F130/><W16/><G129/><T7/><D7/><U51/><E51/><V47/><F135/><W119/><G119/><T21/><REACH who="0" step="1"/><D27/><REACH who="0" ten="291,524,169,6" step="2"/><U132/><E132/><V104/><F104/><W17/><G125/><T50/><D50/><U31/><E31/><V15/><F47/><AGARI ba="2,1" hai="21,24,28,38,41,44,47,48,53,56,58,59,66,67" machi="47" ten="40,8000,1" yaku="1,1,52,1,53,3" doraHai="71" doraHaiUra="52" who="0" fromWho="2" sc="291,96,524,0,169,-86,6,0" /><INIT seed="6,0,0,0,2,24" ten="387,524,83,6" oya="2" hai0="40,53,6,21,68,87,105,63,51,36,43,0,79" hai1="35,100,33,17,69,72,78,113,124,37,132,44,52" hai2="42,110,102,71,93,23,117,89,11,106,108,57,119" hai3="39,98,25,56,22,83,86,20,103,58,77,118,99"/><V135/><F71/><W116/><G39/><T88/><D105/><U2/><E2/><V8/><F42/><W133/><G118/><T76/><D6/><U109/><E109/><N who="2" m="42091" /><F135/><W59/><G116/><N who="2" m="44617" /><F57/><W111/><G111/><T107/><D107/><U67/><E35/><V81/><F81/><W114/><G133/><T101/><D101/><U122/><E33/><V84/><F23/><N who="3" m="8747" /><G114/><T38/><D0/><U62/><E113/><V95/><F95/><N who="3" m="58847" /><G99/><AGARI ba="0,0" hai="8,11,84,89,93,99,102,106" m="44617,42091" machi="99" ten="30,1500,0" yaku="10,1" doraHai="24" who="2" fromWho="3" sc="387,0,524,0,83,15,6,-15" owari="387,19.0,524,62.0,98,-30.0,-9,-51.0" /></mjloggm>