<mjloggm ver="2.3"><GO type="97" lobby="0"/><UN n0="%E3%82%82%E3%82%87%E3%82%82%E3%81%A8%E3%81%9F%E3%81%91%E3%81%97" n1="%E5%B0%B1%E6%B4%BB%E7%94%9F%40%E5%B7%9D%E6%9D%91%E8%BB%8D%E5%9B%A3" n2="%E8%B5%A4%E3%81%84%E8%9B%99%31%34" n3="%6D%6F%6E%6F%6D%61%6E%65" dan="14,13,15,13" rate="1934.37,1898.87,1993.65,1873.32" sx="F,M,M,M"/><TAIKYOKU oya="0"/><INIT seed="0,0,0,4,4,97" ten="250,250,250,250" oya="0" hai0="92,44,133,127,74,30,99,78,32,22,85,50,2" hai1="59,128,21,77,58,17,80,16,112,118,51,12,109" hai2="120,126,49,84,0,67,103,47,54,3,79,122,26" hai3="61,95,18,116,40,98,106,125,1,34,132,20,82"/><T114/><D114/><U130/><E118/><V57/><F126/><W111/><G116/><T37/><D37/><U70/><E70/><V69/><F69/><W63/><G111/><T5/><D32/><U88/><E112/><V123/><F26/><W23/><G125/><T25/><D127/><U62/><E109/><V89/><F103/><W135/><G34/><T14/><D2/><U76/><E51/><V39/><F79/><W8/><G106/><T105/><D105/><U91/><E76/><V94/><REACH who="2" step="1"/><F67/><REACH who="2" ten="250,250,240,250" step="2"/><W117/><G117/><T43/><D133/><U104/><E104/><V119/><F119/><W68/><G68/><T83/><D74/><U73/><E17/><V60/><F60/><W10/><G61/><T28/><D28/><U72/><E72/><V87/><F87/><W101/><G63/><T134/><D134/><U96/><E96/><V45/><F45/><W93/><G132/><T48/><D48/><U7/><E7/><V113/><F113/><W108/><G135/><T86/><D86/><U129/><REACH who="1" step="1"/><E59/><REACH who="1" ten="250,240,240,250" step="2"/><V52/><F52/><AGARI ba="0,2" hai="12,16,21,52,58,62,73,77,80,88,91,128,129,130" machi="52" ten="40,12000,2" yaku="1,1,2,1,19,1,54,3,53,0" doraHai="97" doraHaiUra="115" who="1" fromWho="2" sc="250,0,240,140,240,-120,250,0" /><INIT seed="1,0,0,3,1,31" ten="250,380,120,250" oya="1" hai0="126,105,3,22,83,70,91,10,112,135,46,97,21" hai1="119,129,74,33,14,106,104,11,12,62,47,127,78" hai2="120,116,84,18,122,77,86,67,26,85,125,54,34" hai3="24,92,98,95,71,27,99,38,9,42,96,39,107"/><U103/><E33/><V134/><F116/><W51/><G71/><T50/><D112/><U64/><E119/><V15/><F67/><W121/><G107/><T128/><D70/><U130/><E127/><V43/><F43/><W13/><G121/><T94/><D126/><U117/><E117/><V8/><F125/><W101/><G51/><T0/><D128/><U19/><E74/><V17/><F77/><W55/><G55/><T35/><D35/><U131/><E78/><V56/><F134/><W132/><G132/><T113/><D113/><U109/><E109/><V90/><F90/><W1/><G1/><T79/><D135/><U4/><E47/><V88/><F88/><W25/><G42/><T69/><D69/><N who="1" m="42135" /><E103/><V72/><F72/><W118/><G118/><T61/><D105/><U49/><E49/><V81/><F81/><W53/><G53/><T80/><D61/><U124/><E124/><V111/><F111/><W52/><G52/><N who="0" m="29783" /><D0/><U82/><E82/><N who="0" m="31273" /><D3/><U2/><E2/><V75/><F75/><W59/><G59/><T29/><D79/><U87/><E87/><V30/><REACH who="2" step="1"/><F17/><REACH who="2" ten="250,380,110,250" step="2"/><W123/><G123/><T5/><D91/><U23/><AGARI ba="0,1" hai="4,11,12,14,19,23,104,106,129,130,131" m="42135" machi="23" ten="30,1500,0" yaku="19,1" doraHai="31" who="1" fromWho="1" sc="250,-5,380,25,110,-5,250,-5" /><INIT seed="1,1,0,3,1,96" ten="245,405,105,245" oya="1" hai0="66,57,107,43,1,5,93,14,68,126,54,86,95" hai1="99,72,65,91,48,79,87,58,92,52,71,59,22" hai2="62,37,106,90,19,13,18,3,83,25,111,60,42" hai3="55,115,113,69,81,78,77,80,35,0,28,67,100"/><U125/><E71/><V88/><F3/><W110/><G0/><T61/><D107/><U39/><E39/><V32/><F111/><W121/><G35/><T24/><D1/><U119/><E72/><V70/><F37/><W40/><G28/><T56/><D126/><U11/><E119/><V102/><F42/><W2/><G2/><T76/><D68/><U118/><E118/><V49/><F49/><W6/><G6/><T20/><D43/><U30/><E125/><V104/><F104/><W73/><G40/><T41/><D41/><U127/><E127/><V51/><F51/><W101/><G55/><T44/><D44/><U9/><E79/><V33/><F33/><W23/><G23/><T45/><D45/><U134/><E87/><V98/><F62/><W27/><G27/><T50/><D76/><U10/><E134/><V31/><F83/><W109/><G121/><T75/><D86/><U74/><E74/><V85/><F85/><W47/><G47/><T131/><D75/><U105/><E105/><V108/><F108/><N who="3" m="41579" /><G67/><T64/><D66/><U124/><E124/><V116/><F116/><W94/><G69/><T117/><D117/><U17/><E30/><V26/><F26/><W84/><G94/><N who="0" m="35851" /><D14/><U82/><E82/><V21/><F19/><W12/><G12/><T4/><D4/><U135/><E135/><V122/><F122/><W129/><G129/><T112/><D131/><U130/><E130/><V36/><F36/><W103/><AGARI ba="1,0" hai="73,77,78,80,81,84,100,101,103,113,115" m="41579" machi="103" ten="30,12000,2" yaku="14,1,34,2,52,3" doraHai="96" who="3" fromWho="3" sc="245,-31,405,-61,105,-31,245,123" /><INIT seed="2,0,0,3,4,37" ten="214,344,74,368" oya="2" hai0="24,126,54,99,128,95,92,79,65,93,77,120,32" hai1="84,107,88,81,117,61,33,124,10,122,119,104,67" hai2="118,97,96,116,64,52,36,121,47,110,29,123,71" hai3="98,26,73,12,112,5,25,106,13,89,85,56,28"/><V68/><F29/><W17/><G73/><T66/><D120/><N who="2" m="46154" /><F97/><W2/><G112/><T39/><D39/><U135/><E122/><V9/><F9/><W70/><G70/><N who="2" m="26665" /><F96/><W35/><G2/><T134/><D128/><U59/><E33/><V132/><F64/><W111/><G111/><T113/><D113/><U100/><E135/><V27/><F27/><W87/><G5/><T131/><D134/><U91/><E124/><V83/><F83/><W45/><G45/><T48/><D131/><U63/><E63/><V76/><F76/><N who="0" m="29258" /><D126/><U109/><E109/><V82/><F82/><W75/><G75/><T114/><D32/><U21/><E10/><V86/><F86/><W50/><G87/><T53/><D114/><U16/><E91/><V6/><F6/><W46/><G35/><T38/><D38/><U74/><E74/><V49/><F110/><W55/><G28/><T8/><D8/><U130/><E130/><V41/><F132/><W69/><G69/><T30/><D99/><U14/><REACH who="1" step="1"/><E100/><REACH who="1" ten="214,334,74,368" step="2"/><V42/><F36/><W60/><G89/><T125/><D125/><U4/><E4/><V101/><F101/><W34/><G34/><T133/><D133/><U0/><E0/><V31/><F31/><W62/><G106/><AGARI ba="0,1" hai="14,16,21,59,61,67,81,84,88,104,106,107,117,119" machi="106" ten="40,5200,0" yaku="1,1,54,2,53,0" doraHai="37" doraHaiUra="23" who="1" fromWho="3" sc="214,0,334,62,74,0,368,-52" /><INIT seed="3,0,0,1,4,102" ten="214,396,74,316" oya="3" hai0="117,60,36,67,66,73,94,89,98,109,100,108,76" hai1="81,68,101,111,25,132,122,134,83,59,112,17,9" hai2="27,23,97,99,40,43,57,20,95,120,70,46,29" hai3="82,12,47,45,77,6,93,15,116,65,84,49,113"/><W62/><G116/><T58/><D117/><U24/><E68/><V78/><F70/><W96/><G113/><T121/><D36/><U133/><E112/><V103/><F120/><W50/><G6/><T52/><D121/><U5/><E122/><V55/><F78/><W37/><G37/><T31/><D31/><U135/><E111/><N who="0" m="42569" /><D100/><U1/><E132/><V119/><F119/><W41/><G62/><T30/><D30/><U105/><E59/><V22/><F43/><W79/><G65/><T72/><D76/><U21/><E25/><V38/><F99/><AGARI ba="0,0" hai="1,5,9,17,21,24,81,83,99,101,105,133,134,135" machi="99" ten="40,2600,0" yaku="20,1,52,1" doraHai="102" who="1" fromWho="2" sc="214,0,396,26,74,-26,316,0" owari="214,-19.0,422,52.0,48,-45.0,316,12.0" /></mjloggm>