<mjloggm ver="2.3"><GO type="97" lobby="0"/><UN n0="%E3%82%A6%E3%83%AB%E3%83%88%E3%83%A9%E7%AB%8B%E7%9B%B4" n1="%74%6F%73%69" n2="%48%61%72%72%69%73%73" n3="%E5%93%B2%E4%B9%9F%73%61%6E" dan="14,13,13,13" rate="1938.93,1883.93,1896.96,1879.81" sx="M,M,M,M"/><TAIKYOKU oya="0"/><INIT seed="0,0,0,0,5,5" ten="250,250,250,250" oya="0" hai0="50,133,27,25,38,74,23,82,121,32,87,80,29" hai1="1,2,101,112,20,103,40,36,55,56,47,48,75" hai2="33,63,60,76,92,88,21,116,0,3,68,62,39" hai3="124,132,17,34,67,128,46,73,123,18,69,41,12"/><T106/><D121/><U93/><E75/><V114/><F33/><W58/><G73/><T45/><D106/><U122/><E112/><V113/><F39/><W10/><G34/><T43/><D133/><U30/><E122/><V118/><F76/><W83/><G132/><T8/><D74/><U85/><E101/><V22/><F68/><W65/><G123/><T66/><D66/><U99/><E85/><V35/><F35/><W49/><G69/><T37/><D8/><U115/><E115/><N who="2" m="44043" /><F92/><W81/><G128/><T86/><D86/><U71/><E71/><V130/><F88/><W70/><G70/><T97/><D97/><U31/><REACH who="1" step="1"/><E20/><REACH who="1" ten="250,240,250,250" step="2"/><N who="2" m="7787" /><F130/><W52/><G124/><T42/><D87/><U107/><E107/><V13/><F13/><N who="3" m="7351" /><G81/><T61/><D82/><U78/><E78/><V110/><F110/><W135/><G83/><T84/><D80/><U15/><E15/><V104/><F104/><W94/><G94/><T44/><D84/><U95/><E95/><V134/><F134/><W6/><G135/><T119/><D23/><U4/><E4/><V59/><F59/><W102/><G102/><T91/><D91/><U72/><E72/><V90/><F90/><W131/><G131/><T53/><D32/><U19/><E19/><V100/><F100/><W89/><G89/><T64/><D27/><U120/><E120/><V24/><F24/><W9/><G18/><T105/><D25/><U7/><E7/><V126/><F126/><W28/><G28/><AGARI ba="0,1" hai="1,2,28,30,31,36,40,47,48,55,56,93,99,103" machi="28" ten="40,2600,0" yaku="1,1,53,1" doraHai="5" doraHaiUra="96" who="1" fromWho="3" sc="250,0,240,36,250,0,250,-26" /><INIT seed="1,0,0,4,3,28" ten="250,276,250,224" oya="1" hai0="94,133,25,72,74,58,15,48,52,61,135,134,124" hai1="69,102,77,119,31,50,89,62,96,104,34,81,29" hai2="132,60,82,112,0,111,53,115,54,45,38,93,101" hai3="116,27,39,36,91,9,55,44,80,16,47,66,90"/><U30/><E119/><V121/><F0/><W17/><G116/><T118/><D118/><U8/><E34/><V13/><F121/><W19/><G66/><T21/><D124/><U114/><E114/><V110/><F82/><W97/><G97/><T92/><D15/><U103/><E103/><V107/><F107/><W68/><G68/><T56/><D92/><U106/><E106/><V23/><F23/><W6/><G27/><T51/><D94/><U100/><E100/><V126/><F13/><W20/><G20/><T42/><D42/><U88/><E50/><N who="0" m="18985" /><D58/><U73/><REACH who="1" step="1"/><E8/><REACH who="1" ten="250,266,250,224" step="2"/><V18/><F101/><W12/><G39/><T10/><D10/><U108/><E108/><V128/><F38/><W33/><G33/><T120/><D120/><U67/><AGARI ba="0,1" hai="29,30,31,62,67,69,73,77,81,88,89,96,102,104" machi="67" ten="30,6000,0" yaku="1,1,0,1,54,1,53,0" doraHai="28" doraHaiUra="131" who="1" fromWho="1" sc="250,-20,266,70,250,-20,224,-20" /><INIT seed="1,1,0,5,4,121" ten="230,336,230,204" oya="1" hai0="118,42,106,46,49,88,90,7,37,61,85,22,123" hai1="96,87,4,134,26,86,74,83,67,48,6,43,120" hai2="75,47,2,34,29,23,53,3,95,70,73,125,59" hai3="77,101,80,113,56,107,81,92,19,30,100,8,33"/><U11/><E120/><V93/><F70/><W27/><G113/><T122/><D123/><U18/><E74/><V102/><F34/><W98/><G81/><T91/><D122/><U66/><E134/><V127/><F47/><W32/><G32/><T117/><D106/><U40/><E96/><V50/><F75/><W39/><G39/><T52/><D7/><N who="1" m="2603" /><E86/><V71/><F73/><W84/><G56/><T114/><D114/><U57/><E26/><N who="2" m="16607" /><F71/><W28/><G28/><T130/><D130/><U64/><E57/><V45/><F59/><W35/><G35/><T38/><D85/><U41/><E48/><V13/><F13/><W1/><G1/><N who="2" m="9" /><F102/><W14/><REACH who="3" step="1"/><G107/><REACH who="3" ten="230,336,230,194" step="2"/><T103/><D38/><U111/><E111/><V89/><F89/><AGARI ba="1,1" hai="8,14,19,27,30,33,77,80,84,89,92,98,100,101" machi="89" ten="30,7700,0" yaku="1,1,2,1,7,1,53,1" doraHai="121" doraHaiUra="76" who="3" fromWho="2" sc="230,0,336,0,230,-80,194,90" /><INIT seed="2,0,0,5,4,104" ten="230,336,150,284" oya="2" hai0="8,29,30,82,99,23,4,37,18,102,52,90,94" hai1="34,54,85,33,42,47,93,72,126,15,13,49,86" hai2="12,92,112,39,20,78,106,11,127,43,117,25,22" hai3="51,91,31,119,74,73,14,28,125,35,44,16,103"/><V84/><F106/><W70/><G70/><T26/><D37/><U64/><E126/><V121/><F112/><W76/><G119/><T5/><D5/><U135/><E135/><V115/><F115/><W129/><G125/><T40/><D40/><U109/><E109/><V17/><F121/><W87/><G129/><T58/><D102/><U1/><E1/><V68/><F68/><W55/><G103/><T101/><D101/><U65/><E72/><V2/><F117/><W7/><G7/><T110/><D110/><U50/><E34/><V24/><F127/><W98/><G98/><T60/><D82/><U131/><E33/><V27/><F2/><AGARI ba="0,0" hai="2,4,8,18,23,26,29,30,52,58,60,90,94,99" machi="2" ten="30,7700,0" yaku="7,1,25,2,54,1" doraHai="104" who="0" fromWho="2" sc="230,77,336,0,150,-77,284,0" /><INIT seed="3,0,0,1,0,59" ten="307,336,73,284" oya="3" hai0="125,62,30,61,124,23,115,108,56,16,104,45,28" hai1="96,12,132,5,131,118,111,52,129,21,40,55,32" hai2="11,93,78,97,134,25,36,109,18,117,84,71,26" hai3="94,82,64,3,14,123,17,57,128,50,54,69,92"/><W113/><G123/><T98/><D115/><U65/><E32/><V89/><F36/><W72/><G113/><T29/><D108/><U13/><E118/><V35/><F71/><W135/><G3/><T110/><D110/><U63/><E132/><V9/><F109/><W122/><G122/><T105/><D45/><U133/><E111/><V120/><F120/><W86/><G135/><T2/><D2/><U47/><E133/><V112/><F134/><W75/><G128/><N who="1" m="49226" /><E96/><V80/><F117/><W0/><G0/><T95/><D104/><U126/><E126/><N who="0" m="48745" /><D105/><U33/><E33/><V7/><F112/><W99/><G92/><T90/><D56/><N who="1" m="37095" /><E21/><V31/><F18/><W91/><G64/><T38/><D38/><N who="1" m="21911" /><E13/><AGARI ba="0,0" hai="13,16,23,28,29,30,61,62,90,95,98" m="48745" machi="13" ten="30,7700,0" yaku="18,1,52,2,54,1" doraHai="59" who="0" fromWho="1" sc="307,77,336,-77,73,0,284,0" owari="384,49.0,259,-14.0,73,-43.0,284,8.0" /></mjloggm>