<mjloggm ver="2.3"><GO type="41" lobby="0"/><UN n0="%E5%B0%B1%E6%B4%BB%E7%94%9F%40%E5%B7%9D%E6%9D%91%E8%BB%8D%E5%9B%A3" n1="%E5%8D%83%E5%92%8C" n2="%6D%6B%30%34%31%30" n3="%E3%82%B1%E3%83%AD%E3%83%B3%E3%83%91%E3%82%B9" dan="15,13,14,15" rate="1955.68,1866.44,1988.71,1998.92" sx="M,M,M,F"/><TAIKYOKU oya="0"/><INIT seed="0,0,0,0,5,2" ten="250,250,250,250" oya="0" hai0="4,70,27,26,118,63,87,9,130,96,33,134,120" hai1="45,15,129,91,101,62,126,22,40,20,132,73,17" hai2="66,121,42,93,37,8,74,81,94,127,1,34,98" hai3="6,5,38,124,125,119,12,75,24,19,83,86,131"/><T89/><D120/><U112/><E73/><V36/><F121/><W64/><G119/><T35/><D118/><U51/><E129/><V11/><F34/><W97/><G131/><T133/><D130/><U79/><E132/><N who="0" m="50793" /><D96/><U58/><E79/><V25/><F127/><N who="3" m="48715" /><G75/><T115/><D115/><U47/><E112/><V28/><F66/><W21/><G38/><T3/><D63/><U102/><E126/><V67/><F67/><W82/><G97/><T59/><D59/><U50/><E22/><V100/><F94/><W23/><G64/><T49/><D49/><U123/><E123/><V52/><F11/><W13/><G13/><T111/><D70/><U53/><REACH who="1" step="1"/><E91/><REACH who="1" ten="250,240,250,250" step="2"/><V107/><F74/><W68/><G23/><T105/><D111/><U88/><E88/><V7/><F107/><W110/><G21/><T32/><D105/><U10/><E10/><V39/><F81/><AGARI ba="0,1" hai="3,4,9,26,27,32,33,35,81,87,89" m="50793" machi="81" ten="40,3900,0" yaku="20,1,52,1" doraHai="2" who="0" fromWho="2" sc="250,49,240,0,250,-39,250,0" /><INIT seed="0,1,0,2,0,12" ten="299,240,211,250" oya="0" hai0="56,44,113,19,70,11,100,31,32,30,47,95,59" hai1="55,53,87,45,116,115,37,128,9,14,85,26,61" hai2="68,118,103,8,90,131,63,119,99,117,48,43,91" hai3="112,88,0,92,80,96,97,41,132,109,124,130,107"/><T66/><D113/><U64/><E116/><V122/><F122/><W2/><G112/><T18/><D70/><U127/><E115/><V76/><F76/><W125/><G109/><T106/><D106/><U71/><E128/><V105/><F131/><W93/><G130/><T73/><D73/><U120/><E120/><V72/><F72/><W46/><G80/><T62/><D11/><U86/><E127/><N who="3" m="48714" /><G107/><T121/><D59/><U5/><REACH who="1" step="1"/><E26/><REACH who="1" ten="299,230,211,250" step="2"/><V39/><F39/><N who="3" m="21823" /><G132/><T24/><D121/><U135/><E135/><V23/><F68/><W75/><G75/><T111/><D111/><U35/><E35/><V81/><F118/><W83/><G83/><T94/><D31/><U89/><E89/><AGARI ba="1,1" hai="0,2,88,89,92,93,96,97" m="21823,48714" machi="89" ten="30,2000,0" yaku="18,1,54,1" doraHai="12" who="3" fromWho="1" sc="299,0,230,-23,211,0,250,33" /><INIT seed="1,0,0,2,4,43" ten="299,207,211,283" oya="1" hai0="41,73,13,90,114,132,10,126,131,59,45,14,128" hai1="109,12,91,54,77,97,104,58,99,70,31,74,9" hai2="103,117,34,83,24,113,7,120,84,51,20,134,33" hai3="127,38,125,11,98,61,89,71,123,23,39,124,100"/><U8/><E70/><V67/><F120/><W3/><G123/><T78/><D114/><U42/><E109/><V5/><F117/><W57/><G71/><T102/><D102/><U17/><E42/><V92/><F113/><W107/><G23/><T40/><D40/><U4/><E31/><V6/><F134/><W25/><G25/><T129/><D132/><U121/><E121/><V60/><F51/><W130/><G130/><T101/><D101/><U15/><E104/><V21/><F21/><W88/><G11/><T2/><D126/><U65/><E65/><V32/><F103/><W119/><G3/><T79/><D90/><N who="3" m="34921" /><G119/><T49/><D59/><U93/><E74/><V96/><F92/><W133/><G133/><T94/><D94/><U36/><E77/><N who="0" m="29193" /><D73/><U112/><E36/><V27/><F96/><W105/><G105/><T86/><D86/><U22/><E112/><V106/><F106/><W46/><G46/><T87/><D87/><N who="1" m="52479" /><E22/><V37/><F37/><W26/><G26/><T53/><D41/><U111/><E111/><V118/><F118/><W80/><G80/><T16/><D13/><U62/><AGARI ba="0,0" hai="4,8,9,12,15,17,54,58,62,97,99" m="52479" machi="62" ten="30,1500,0" yaku="8,1" doraHai="43" who="1" fromWho="1" sc="299,-5,207,15,211,-5,283,-5" /><INIT seed="1,1,0,4,0,29" ten="294,222,206,278" oya="1" hai0="49,125,10,83,107,59,52,56,55,115,119,26,100" hai1="117,74,62,12,0,104,32,128,91,90,67,105,98" hai2="7,17,20,75,135,22,63,81,66,93,86,37,109" hai3="61,78,113,43,11,95,130,58,80,79,92,96,97"/><U88/><E0/><V13/><F37/><W106/><G106/><T110/><D119/><U35/><E117/><V5/><F75/><W101/><G113/><T34/><D115/><U85/><E74/><V84/><F109/><W33/><G33/><T73/><D110/><U25/><E25/><V6/><F135/><W124/><G124/><T99/><D125/><U16/><E128/><V118/><F118/><W53/><G130/><T28/><D10/><U48/><E85/><V131/><F131/><W129/><G129/><T1/><D1/><U122/><E122/><V82/><F93/><W9/><G43/><T23/><D73/><U87/><E87/><V108/><F108/><W44/><G44/><T60/><REACH who="0" step="1"/><D83/><REACH who="0" ten="284,222,206,278" step="2"/><U18/><E48/><V102/><F81/><W19/><G80/><T21/><AGARI ba="1,1" hai="21,23,26,28,34,49,52,55,56,59,60,99,100,107" machi="21" ten="30,8000,1" yaku="1,1,2,1,0,1,52,1,54,1,53,0" doraHai="29" doraHaiUra="3" who="0" fromWho="0" sc="284,93,222,-41,206,-21,278,-21" /><INIT seed="2,0,0,3,0,64" ten="377,181,185,257" oya="2" hai0="127,20,62,26,101,38,9,109,94,71,95,79,108" hai1="41,25,73,106,74,112,65,17,16,32,120,70,50" hai2="135,18,115,134,130,113,125,14,57,56,124,114,129" hai3="91,98,52,99,63,61,40,54,12,83,6,82,5"/><V81/><F81/><N who="3" m="30731" /><G40/><T121/><D38/><U78/><E112/><V2/><F2/><W22/><G22/><T110/><D79/><U48/><E120/><V51/><F14/><W68/><G68/><T30/><D121/><U122/><E122/><V55/><F18/><W15/><G15/><T103/><D127/><N who="2" m="48714" /><F56/><W131/><G131/><AGARI ba="0,0" hai="51,55,57,113,114,115,129,130,131,134,135" m="48714" machi="131" ten="40,18000,2" yaku="30,2,19,1,18,1,34,2" doraHai="64" who="2" fromWho="3" sc="377,0,181,0,185,180,257,-180" /><INIT seed="2,1,0,5,5,0" ten="377,181,365,77" oya="2" hai0="71,85,93,62,126,69,98,57,1,133,26,70,87" hai1="135,3,25,19,7,53,103,14,15,67,120,123,23" hai2="55,122,33,48,125,84,10,17,38,75,68,105,83" hai3="2,40,96,73,121,88,42,76,28,112,35,113,56"/><V39/><F105/><W29/><G121/><N who="1" m="46666" /><E103/><V128/><F75/><W8/><G73/><T52/><D1/><U5/><E67/><V100/><F122/><W51/><G76/><T99/><D126/><U127/><E53/><V32/><F68/><W109/><G109/><T65/><D133/><U82/><E82/><V11/><F100/><W59/><G35/><T37/><D37/><U20/><E3/><V44/><F125/><W102/><G88/><T43/><D43/><U18/><E127/><V21/><F128/><W80/><G80/><T134/><D134/><U90/><E90/><N who="2" m="51487" /><F38/><W63/><G112/><T72/><D72/><U78/><E78/><V64/><F39/><W4/><G113/><T13/><D99/><U132/><E132/><V47/><F64/><W86/><G86/><T124/><D124/><U108/><E108/><V58/><F32/><W61/><G42/><T106/><D106/><U117/><E117/><V27/><F33/><W89/><G89/><T22/><D13/><N who="1" m="4619" /><E135/><V49/><F44/><W81/><G81/><T12/><D12/><AGARI ba="1,0" hai="5,7,12,18,19,20,23,25" m="4619,46666" machi="12" ten="30,8000,1" yaku="13,1,34,2,52,2" doraHai="0" who="1" fromWho="0" sc="377,-83,181,83,365,0,77,0" /><INIT seed="3,0,0,2,4,54" ten="294,264,365,77" oya="3" hai0="116,87,78,34,101,125,33,49,52,44,70,1,115" hai1="80,37,84,124,40,19,22,57,119,5,133,27,13" hai2="83,71,77,111,93,68,130,35,102,108,31,98,3" hai3="113,0,90,131,73,53,64,72,39,63,30,127,75"/><W29/><G113/><T41/><D1/><U99/><E119/><V92/><F3/><W4/><G39/><T79/><D116/><U12/><E133/><V42/><F42/><W18/><G127/><T26/><D115/><U81/><E124/><V67/><F130/><W58/><G131/><T32/><D125/><U132/><E132/><V2/><F2/><W62/><G4/><T105/><D70/><U88/><E37/><V86/><F67/><W85/><G18/><T20/><D101/><U43/><E99/><V96/><F31/><W14/><G14/><N who="1" m="5738" /><E5/><V66/><F35/><W23/><G23/><T106/><D41/><U82/><E40/><V120/><F66/><W118/><G0/><T69/><D69/><U117/><E43/><V60/><F60/><W109/><G109/><N who="2" m="42057" /><F120/><W91/><G118/><T107/><REACH who="0" step="1"/><D87/><REACH who="0" ten="284,264,365,77" step="2"/><U134/><E117/><V104/><F71/><W123/><G123/><T61/><D61/><U59/><E134/><V94/><F68/><W21/><G63/><T126/><D126/><U95/><AGARI ba="0,1" hai="19,22,27,57,59,80,81,82,84,88,95" m="5738" machi="95" ten="30,7900,0" yaku="8,1,52,2,54,1" doraHai="54" who="1" fromWho="1" sc="284,-20,264,89,365,-20,77,-39" /><INIT seed="4,0,0,1,5,107" ten="264,353,345,38" oya="0" hai0="3,131,86,68,70,99,106,132,0,40,121,108,4" hai1="79,39,71,34,61,38,113,8,59,114,5,9,125" hai2="35,85,36,81,100,105,44,102,96,12,55,110,133" hai3="98,1,112,2,45,117,73,53,20,51,50,72,17"/><T23/><D121/><U46/><E71/><V129/><F35/><W75/><G117/><T89/><D131/><U90/><E34/><V130/><F110/><W7/><G112/><N who="1" m="43114" /><E125/><V18/><F133/><W27/><G7/><T63/><D108/><U28/><E28/><V93/><F36/><W37/><G37/><T135/><D40/><U52/><E79/><V64/><F64/><W69/><G69/><N who="0" m="26731" /><D63/><U120/><E120/><V66/><F66/><W123/><G123/><T6/><D106/><U80/><E46/><V76/><F44/><W13/><G98/><T124/><D124/><U111/><E111/><V57/><F102/><W32/><REACH who="3" step="1"/><G51/><REACH who="3" ten="264,353,345,28" step="2"/><T15/><D99/><U83/><E38/><V97/><F97/><W74/><N who="3" m="18432" /><DORA hai="26" /><W91/><G91/><T43/><D89/><U101/><E39/><V11/><REACH who="2" step="1"/><F105/><REACH who="2" ten="264,353,335,28" step="2"/><W54/><G54/><T134/><D134/><U65/><E52/><V82/><F82/><W128/><G128/><T127/><D132/><U41/><E83/><V29/><F29/><AGARI ba="0,2" hai="1,2,13,17,20,27,29,32,45,50,53" m="18432" machi="29" ten="70,12000,2" yaku="1,1,52,5,53,1" doraHai="107,26" doraHaiUra="10,94" who="3" fromWho="2" sc="264,0,353,0,335,-120,28,140" /><INIT seed="5,0,0,5,0,112" ten="264,353,215,168" oya="1" hai0="62,28,109,83,111,67,42,126,53,79,130,131,3" hai1="129,91,46,123,105,122,135,113,69,8,39,88,97" hai2="12,6,15,14,66,76,93,100,101,82,52,94,134" hai3="55,31,9,50,86,75,102,127,78,29,2,121,48"/><U133/><E69/><V37/><F37/><W60/><G121/><T120/><D3/><U20/><E113/><V32/><F32/><W34/><G75/><T18/><D28/><U11/><E129/><N who="0" m="49161" /><D120/><N who="1" m="46123" /><E20/><V73/><F66/><W23/><G34/><T115/><D115/><U132/><E105/><V10/><F134/><W114/><G127/><T72/><D42/><N who="1" m="22879" /><E97/><V21/><F101/><W24/><G102/><T70/><D126/><U98/><E98/><V96/><F94/><W65/><G31/><T68/><D53/><U45/><E45/><V85/><F73/><W118/><G114/><T92/><D92/><U81/><E81/><V77/><F76/><W125/><G125/><T25/><D70/><U89/><AGARI ba="0,0" hai="8,11,88,89,91,132,133,135" m="22879,46123" machi="89" ten="40,3900,0" yaku="20,1,54,1" doraHai="112" who="1" fromWho="1" sc="264,-13,353,39,215,-13,168,-13" /><INIT seed="5,1,0,2,5,113" ten="251,392,202,155" oya="1" hai0="98,120,1,25,115,111,47,53,135,21,49,99,8" hai1="20,131,22,55,42,83,56,93,13,6,10,109,119" hai2="126,91,60,128,24,27,79,31,129,117,45,7,112" hai3="122,68,134,48,88,78,107,66,12,38,86,9,104"/><U64/><E131/><V52/><F79/><W16/><G38/><T36/><D120/><U123/><E123/><V92/><F7/><W26/><G122/><T105/><D115/><U18/><E109/><V75/><F112/><W124/><G124/><T97/><D111/><U77/><E64/><V2/><F75/><W3/><G134/><T71/><D135/><U57/><E42/><V95/><F2/><W15/><G3/><T108/><D71/><U69/><E69/><V103/><F126/><W132/><G132/><T29/><D108/><U101/><E119/><V4/><F4/><W133/><G133/><T51/><D36/><U5/><E101/><V110/><F110/><W76/><G26/><N who="2" m="9769" /><F31/><W43/><G107/><T35/><D1/><U17/><E93/><N who="2" m="35915" /><F103/><W118/><G104/><T116/><D8/><U61/><E57/><N who="2" m="34855" /><F117/><W19/><G68/><T114/><D114/><U14/><REACH who="1" step="1"/><E10/><REACH who="1" ten="251,382,202,155" step="2"/><V23/><F129/><W89/><G118/><T73/><D116/><U94/><E94/><V46/><F128/><W125/><G125/><T85/><D105/><U80/><E80/><V96/><F96/><W90/><G66/><T100/><D100/><U87/><AGARI ba="1,1" hai="5,6,13,14,17,18,20,22,55,56,61,77,83,87" machi="87" ten="20,18000,2" yaku="1,1,0,1,7,1,9,1,8,1,53,1" doraHai="113" doraHaiUra="58" who="1" fromWho="1" sc="251,-61,382,193,202,-61,155,-61" /><INIT seed="5,2,0,4,0,58" ten="190,575,141,94" oya="1" hai0="15,60,87,85,18,131,50,113,103,135,39,76,127" hai1="64,73,95,52,19,80,104,2,51,134,69,55,45" hai2="122,6,92,128,7,4,61,94,41,89,115,25,34" hai3="84,22,93,10,27,79,112,83,109,9,121,91,97"/><U125/><E2/><V65/><F122/><W8/><G109/><T3/><D39/><U1/><E1/><V56/><F128/><W59/><G121/><T102/><D3/><U108/><E104/><V67/><F115/><W114/><REACH who="3" step="1"/><G59/><REACH who="3" ten="190,575,141,84" step="2"/><T81/><D113/><U17/><E108/><V117/><F117/><W57/><G57/><T35/><D131/><U13/><E134/><V77/><F41/><W40/><G40/><T47/><D135/><U110/><E110/><V11/><F77/><W68/><G68/><T16/><D127/><U129/><E125/><V88/><F67/><W54/><G54/><N who="0" m="30047" /><D35/><U20/><E129/><V98/><F34/><W42/><G42/><T107/><D107/><U132/><E132/><V49/><F49/><W36/><G36/><T23/><D87/><U116/><E55/><V31/><F31/><AGARI ba="2,1" hai="8,9,10,22,27,31,79,83,84,91,93,97,112,114" machi="31" ten="40,1300,0" yaku="1,1,53,0" doraHai="58" doraHaiUra="53" who="3" fromWho="2" sc="190,0,575,0,141,-19,84,29" /><INIT seed="6,0,0,4,3,43" ten="190,575,122,113" oya="2" hai0="129,55,48,83,77,67,40,134,8,92,90,28,27" hai1="79,104,35,53,126,4,118,127,18,81,103,110,82" hai2="80,116,33,122,12,25,64,75,123,1,32,38,120" hai3="20,117,93,62,50,135,121,72,76,16,46,69,10"/><V36/><F116/><W94/><G117/><T49/><D129/><U84/><E35/><V132/><F1/><W5/><G121/><T2/><D134/><U78/><E4/><V133/><F64/><W113/><G135/><N who="2" m="51785" /><F12/><W51/><G113/><T61/><D2/><U23/><E118/><V24/><F80/><W19/><G72/><T131/><D131/><U111/><E53/><V15/><F15/><N who="3" m="5583" /><G69/><T109/><D109/><N who="1" m="41483" /><E18/><N who="3" m="6698" /><G76/><T58/><D8/><U6/><E23/><V63/><F63/><W45/><G20/><N who="0" m="15463" /><D40/><U14/><E14/><V39/><F75/><W29/><G62/><T70/><D70/><U71/><E6/><V65/><F65/><W73/><G29/><T89/><D67/><U57/><E57/><V105/><F105/><W74/><G73/><T114/><D114/><U22/><E71/><V102/><F102/><W26/><G26/><AGARI ba="0,0" hai="24,25,26,32,33,36,38,39,120,122,123" m="51785" machi="26" ten="50,9600,0" yaku="28,2,20,1" doraHai="43" who="2" fromWho="3" sc="190,0,575,0,122,96,113,-96" /><INIT seed="6,1,0,2,2,30" ten="190,575,218,17" oya="2" hai0="121,12,105,23,124,101,87,85,42,11,50,88,7" hai1="51,28,134,37,91,52,102,99,2,3,8,71,84" hai2="25,44,62,69,43,61,27,118,76,70,45,116,24" hai3="65,33,63,17,68,92,46,72,14,41,129,97,53"/><V119/><F76/><W125/><G125/><T86/><D124/><U120/><E37/><V130/><F130/><W95/><G129/><T107/><D121/><U93/><E71/><N who="2" m="27147" /><F43/><W122/><G122/><T54/><D42/><U133/><E120/><V128/><F128/><W104/><G72/><T90/><D23/><U82/><E28/><V4/><F4/><W78/><G78/><T55/><D101/><U22/><E22/><V74/><F74/><W83/><G83/><T112/><D112/><U117/><E117/><V40/><F40/><W1/><G1/><N who="1" m="10" /><E8/><V39/><F39/><W10/><G53/><T131/><D131/><U135/><E51/><V113/><F113/><W58/><G68/><T126/><D126/><U114/><E52/><N who="0" m="20009" /><D107/><U66/><E66/><V94/><F94/><W19/><G33/><T98/><D105/><N who="1" m="63711" /><E114/><V80/><F80/><AGARI ba="1,0" hai="80,82,84,91,93,133,134,135" m="63711,10" machi="80" ten="40,1300,0" yaku="20,1" doraHai="30" who="1" fromWho="2" sc="190,0,575,16,218,-16,17,0" /><INIT seed="7,0,0,5,1,64" ten="190,591,202,17" oya="3" hai0="113,5,81,108,65,14,135,85,117,61,112,72,124" hai1="23,67,70,22,57,37,121,111,29,42,49,88,119" hai2="125,4,101,128,116,58,19,80,33,30,52,16,68" hai3="74,118,134,13,17,73,50,109,122,103,84,120,79"/><W86/><G118/><T54/><D72/><U12/><E111/><V38/><F116/><W34/><G109/><T104/><D104/><U47/><E121/><V76/><F38/><W55/><G34/><T8/><D108/><U44/><E119/><V95/><F4/><W97/><G134/><T133/><D117/><U107/><E107/><V100/><F128/><W6/><G6/><T10/><D54/><N who="1" m="31951" /><E47/><V36/><F36/><W28/><G28/><T98/><D98/><U114/><E29/><V32/><F68/><W89/><G73/><T11/><D124/><U106/><E106/><V82/><F125/><W1/><G74/><T105/><D105/><U39/><E39/><V26/><F33/><W0/><G79/><N who="0" m="46271" /><D14/><U99/><E12/><V63/><F82/><N who="3" m="49303" /><G0/><T75/><D75/><U91/><E114/><N who="0" m="44137" /><D5/><U129/><E129/><V2/><F2/><W62/><G1/><T21/><D21/><N who="1" m="7691" /><E99/><V77/><F76/><W66/><G86/><T9/><D9/><U94/><E94/><V31/><F95/><N who="3" m="58815" /><G13/><T45/><D45/><U56/><E56/><AGARI ba="0,0" hai="8,10,11,56,61,65,133,135" m="44137,46271" machi="56" ten="30,2000,0" yaku="15,1,11,1" doraHai="64" who="0" fromWho="1" sc="190,20,591,-20,202,0,17,0" owari="210,1.0,571,67.0,202,-20.0,17,-48.0" /></mjloggm>