<mjloggm ver="2.3"><GO type="97" lobby="0"/><UN n0="%72%39%34%30%30%30" n1="%65%6C%69%78" n2="%E3%82%A6%E3%83%AB%E3%83%88%E3%83%A9%E7%AB%8B%E7%9B%B4" n3="%E7%9C%9F%E9%BE%8D%E2%80%A6" dan="13,14,14,15" rate="1904.98,1902.76,1950.25,1986.65" sx="M,M,M,M"/><TAIKYOKU oya="0"/><INIT seed="0,0,0,3,1,44" ten="250,250,250,250" oya="0" hai0="87,67,33,34,12,108,16,55,131,60,41,14,107" hai1="29,126,61,77,43,65,95,54,30,109,80,11,63" hai2="111,50,74,58,125,134,53,130,79,104,8,37,128" hai3="62,117,19,72,36,49,38,93,81,69,42,13,9"/><T59/><D107/><U52/><E109/><V86/><F104/><W56/><G117/><T88/><D41/><U66/><E126/><V6/><F125/><W123/><G123/><T96/><D96/><U91/><E43/><V70/><F70/><W92/><G72/><T127/><D127/><U35/><E11/><V78/><F111/><W75/><G75/><T57/><D131/><N who="2" m="50218" /><F74/><W103/><G103/><T39/><D39/><U97/><E35/><V73/><F73/><W1/><G1/><T135/><D108/><U83/><E77/><V102/><F37/><W71/><G36/><T27/><D135/><U2/><E2/><N who="2" m="87" /><F102/><W22/><G38/><T48/><D27/><U115/><E97/><V112/><F112/><W26/><G71/><T21/><D12/><U7/><E95/><AGARI ba="0,0" hai="14,16,21,33,34,48,55,57,59,60,67,87,88,95" machi="95" ten="30,18000,2" yaku="7,1,25,2,52,1,54,2" doraHai="44" who="0" fromWho="1" sc="250,180,250,-180,250,0,250,0" /><INIT seed="0,1,0,0,5,89" ten="430,70,250,250" oya="0" hai0="79,35,97,107,110,26,51,41,74,4,67,87,103" hai1="57,19,8,85,56,49,47,7,100,60,10,101,59" hai2="43,65,9,115,53,124,111,2,36,81,83,30,75" hai3="80,44,20,78,126,121,27,29,23,55,18,38,21"/><T108/><D4/><U46/><E19/><V15/><F115/><W71/><G126/><T131/><D67/><U61/><E85/><V92/><F124/><W93/><G121/><T11/><D11/><N who="1" m="4139" /><E7/><V130/><F111/><N who="0" m="42538" /><D41/><U104/><E49/><V86/><F130/><W99/><G71/><T88/><D51/><U134/><E104/><V95/><F65/><W109/><G109/><T82/><D35/><U5/><E5/><N who="2" m="3503" /><F2/><W52/><G38/><T45/><D45/><N who="1" m="16907" /><E134/><V0/><F0/><W117/><G117/><T68/><D26/><U123/><E123/><V118/><F118/><W127/><G127/><T50/><D50/><U63/><AGARI ba="1,0" hai="56,57,59,60,61,63,100,101" m="16907,4139" machi="63" ten="40,5200,0" yaku="28,2,8,1" doraHai="89" who="1" fromWho="1" sc="430,-27,70,55,250,-14,250,-14" /><INIT seed="1,0,0,1,3,107" ten="403,125,236,236" oya="1" hai0="111,36,71,128,95,14,34,2,97,70,49,101,132" hai1="29,53,75,41,80,7,62,100,98,129,58,74,94" hai2="91,12,106,83,51,122,77,118,133,32,92,115,68" hai3="38,96,67,20,90,28,16,56,130,17,109,108,45"/><U86/><E129/><V85/><F68/><W112/><G112/><T61/><D2/><U93/><E93/><V11/><F32/><W127/><G127/><T66/><D128/><U113/><E113/><V44/><F122/><W47/><G130/><T40/><D34/><U33/><E41/><V8/><F118/><W19/><G38/><T23/><D132/><U43/><E43/><V99/><F133/><W120/><G120/><T3/><D3/><U102/><E102/><V87/><F115/><W79/><G79/><T69/><D36/><U1/><E1/><V55/><F106/><W63/><G96/><T21/><D111/><N who="3" m="42569" /><G90/><T124/><D124/><U73/><E7/><V18/><REACH who="2" step="1"/><F11/><REACH who="2" ten="403,125,226,236" step="2"/><W54/><G67/><T42/><D66/><U131/><E131/><V126/><F126/><W35/><G35/><T88/><D69/><U135/><E135/><V119/><F119/><W104/><G104/><T10/><D70/><U48/><E33/><V117/><F117/><W84/><G84/><AGARI ba="0,1" hai="8,12,18,44,51,55,77,83,84,85,87,91,92,99" machi="84" ten="30,12000,2" yaku="1,1,7,1,8,1,53,3" doraHai="107" doraHaiUra="82" who="2" fromWho="3" sc="403,0,125,0,226,130,236,-120" /><INIT seed="2,0,0,1,4,128" ten="403,125,356,116" oya="2" hai0="78,94,26,66,11,5,74,87,37,27,58,107,55" hai1="49,81,45,132,14,126,57,63,34,48,4,12,131" hai2="3,29,114,90,97,8,23,31,39,51,95,67,73" hai3="77,98,10,93,76,50,129,85,109,96,16,35,15"/><V46/><F73/><W92/><G109/><T21/><D37/><U116/><E131/><V61/><F39/><W99/><G129/><T123/><D123/><U127/><E116/><V20/><F114/><W83/><G35/><T72/><D66/><U115/><E115/><V9/><F3/><W100/><G77/><T13/><D107/><U111/><E34/><V86/><F97/><W133/><G133/><T106/><D106/><U19/><E132/><V44/><F44/><W124/><G124/><N who="1" m="47658" /><E111/><V110/><F110/><W75/><G75/><T84/><D27/><U112/><E112/><V104/><F104/><W70/><G70/><T113/><D113/><U54/><E81/><V18/><F29/><W6/><G93/><T89/><D78/><U121/><E121/><V68/><F31/><W38/><G38/><T30/><D87/><U60/><E4/><V33/><F33/><W118/><G118/><T71/><D71/><U59/><E59/><V120/><F120/><W102/><G102/><T79/><REACH who="0" step="1"/><D79/><REACH who="0" ten="393,125,356,116" step="2"/><U42/><E12/><V17/><F68/><W43/><REACH who="3" step="1"/><G16/><REACH who="3" ten="393,125,356,106" step="2"/><T108/><D108/><U103/><E103/><V7/><F18/><W52/><G52/><T119/><D119/><U47/><E47/><AGARI ba="0,2" hai="6,10,15,43,47,50,76,83,85,92,96,98,99,100" machi="47" ten="40,8000,1" yaku="1,1,25,2,8,1,53,0" doraHai="128" doraHaiUra="105" who="3" fromWho="1" sc="393,0,125,-80,356,0,106,100" /><INIT seed="3,0,0,1,1,128" ten="393,45,356,206" oya="3" hai0="83,52,15,126,51,120,101,76,79,121,111,27,28" hai1="135,102,46,129,85,125,45,80,66,12,25,20,127" hai2="22,54,134,132,6,17,123,70,56,39,48,34,90" hai3="58,69,35,108,38,11,43,67,91,116,133,122,113"/><W3/><RYUUKYOKU type="yao9" ba="0,0" sc="393,0,45,0,356,0,206,0" hai3="3,11,35,38,43,58,67,69,91,108,113,116,122,133" /><INIT seed="3,1,0,4,5,59" ten="393,45,356,206" oya="3" hai0="107,114,4,48,108,98,97,42,51,103,66,13,14" hai1="124,81,8,95,24,111,55,19,43,70,77,125,62" hai2="80,135,37,53,123,63,117,109,122,78,83,75,67" hai3="30,92,50,85,134,45,2,84,9,20,100,31,99"/><W60/><G134/><T6/><D114/><U46/><E95/><V120/><F117/><W112/><G112/><T106/><D108/><U36/><E24/><V105/><F105/><W89/><G2/><T115/><D115/><U49/><E19/><V44/><F109/><W87/><G9/><T57/><D42/><U74/><E8/><V16/><F135/><W18/><G100/><T90/><D90/><U127/><E111/><V56/><F83/><W10/><G10/><T26/><D26/><U91/><E91/><V17/><F37/><W119/><G119/><T94/><D94/><U12/><E12/><V88/><F88/><W34/><G34/><T27/><D27/><U15/><E15/><V5/><F5/><W0/><G0/><T25/><D25/><U1/><E1/><V131/><F131/><W86/><G18/><N who="2" m="7273" /><F44/><W61/><G20/><T96/><D96/><U126/><E126/><V47/><F47/><W121/><G121/><N who="2" m="30977" /><V21/><DORA hai="93" /><F21/><W102/><G31/><T29/><D66/><AGARI ba="1,0" hai="53,56,63,66,67,75,78,80" m="30977,7273" machi="66" ten="40,5200,0" yaku="13,1,52,1,54,1" doraHai="59,93" who="2" fromWho="0" sc="393,-55,45,0,356,55,206,0" owari="338,14.0,45,-45.0,411,50.0,206,-19.0" /></mjloggm>