<mjloggm ver="2.3"><GO type="169" lobby="0"/><UN n0="%E3%83%A1%E3%83%A9%E3%82%BE%E4%B8%80%E3%83%9E" n1="%64%61%6E%6E%63%68%69" n2="%E3%82%A6%E3%83%AB%E3%83%88%E3%83%A9%E7%AB%8B%E7%9B%B4" n3="%E3%83%AC%E3%83%87%E3%82%B9%E3%83%9E" dan="16,16,17,16" rate="2113.05,2018.23,2153.38,2121.60" sx="M,M,M,M"/><TAIKYOKU oya="0"/><INIT seed="0,0,0,1,4,43" ten="250,250,250,250" oya="0" hai0="106,73,50,30,108,112,27,131,15,120,60,32,128" hai1="104,25,98,118,66,44,129,82,34,76,124,33,126" hai2="9,72,65,3,1,41,4,113,62,92,53,119,75" hai3="69,40,48,35,64,20,28,79,49,56,130,122,31"/><T45/><D120/><U52/><E66/><V80/><F113/><W22/><G122/><T29/><D112/><U96/><E118/><V38/><F119/><W63/><G130/><N who="0" m="49707" /><D106/><U135/><E129/><V7/><F53/><W21/><G79/><T23/><D73/><U83/><E135/><V117/><F92/><W93/><G35/><T109/><D60/><U105/><E25/><V115/><F115/><W58/><G93/><T36/><D36/><U16/><E76/><V42/><F42/><W123/><G123/><T26/><D15/><U114/><E114/><V95/><F95/><W68/><G68/><T121/><D121/><U134/><E134/><V110/><F117/><W116/><G116/><T90/><D90/><U18/><REACH who="1" step="1"/><E52/><AGARI ba="0,0" hai="23,26,27,29,30,32,45,50,52,108,109" m="49707" machi="52" ten="30,5800,0" yaku="19,1,52,1,54,1" doraHai="43" who="0" fromWho="1" sc="250,58,250,-58,250,0,250,0" /><INIT seed="0,1,0,4,0,19" ten="308,192,250,250" oya="0" hai0="27,6,59,87,63,120,84,45,109,18,126,24,8" hai1="118,81,79,12,115,78,102,58,4,16,123,110,0" hai2="76,129,135,37,100,41,134,15,36,121,21,113,44" hai3="28,72,46,85,69,10,40,25,51,35,29,91,38"/><T53/><D120/><U17/><E123/><V49/><F113/><W130/><G72/><T7/><D126/><U50/><E118/><V80/><F100/><W64/><G130/><T33/><D109/><U9/><E110/><V11/><F129/><W30/><G10/><T99/><D6/><U48/><E102/><V67/><F67/><W128/><G128/><T20/><D99/><U47/><E115/><V32/><F32/><W42/><G42/><T73/><D73/><U127/><E127/><V124/><F121/><W96/><G96/><T119/><D119/><U39/><E58/><V26/><F124/><W108/><G108/><T105/><D105/><U82/><E82/><V94/><F94/><W97/><G97/><T68/><D68/><U62/><E62/><V55/><F55/><W3/><G3/><T77/><D77/><U92/><E92/><V125/><F125/><W31/><G64/><T131/><D131/><U43/><E79/><V104/><F104/><W65/><G65/><T98/><D98/><U114/><E114/><V103/><F103/><W132/><G69/><T117/><D117/><U93/><E93/><V23/><F37/><W74/><G74/><T111/><D111/><U13/><E13/><V107/><F107/><W61/><G61/><T101/><D101/><U116/><E116/><V133/><F26/><W89/><G132/><T83/><D27/><U86/><E0/><V112/><F36/><W57/><REACH who="3" step="1"/><G85/><REACH who="3" ten="308,192,250,240" step="2"/><T22/><D84/><U5/><E5/><N who="2" m="3567" /><F112/><W34/><G34/><T60/><D87/><AGARI ba="1,1" hai="21,23,41,44,49,76,80,87,133,134,135" m="3567" machi="87" ten="30,7700,0" yaku="25,1,20,1,52,2" doraHai="19" who="2" fromWho="0" sc="308,-80,192,0,250,90,240,0" /><INIT seed="1,0,0,0,1,34" ten="228,192,340,240" oya="1" hai0="115,9,60,78,49,132,20,12,84,90,113,28,129" hai1="85,94,125,51,101,66,124,52,42,29,82,128,47" hai2="95,41,36,120,7,5,65,83,57,31,133,93,121" hai3="59,99,72,32,16,134,119,53,117,88,8,81,98"/><U48/><E128/><V91/><F93/><W63/><G32/><T80/><D129/><U45/><E66/><V25/><F5/><W97/><G134/><T37/><D132/><U112/><E112/><V127/><F133/><W105/><G105/><T3/><D37/><U11/><E29/><V68/><F68/><W18/><G72/><T62/><D3/><U102/><E11/><V14/><F83/><W67/><G67/><T86/><D49/><U43/><E43/><V70/><F70/><W100/><G100/><T35/><D35/><U131/><E131/><V109/><F109/><W108/><G108/><T4/><D115/><U76/><REACH who="1" step="1"/><E94/><REACH who="1" ten="228,182,340,240" step="2"/><V87/><F65/><W46/><G8/><T123/><D113/><U22/><E22/><V55/><F41/><W24/><G53/><T30/><D30/><U54/><E54/><V126/><F55/><W122/><G117/><T75/><D123/><U56/><E56/><V104/><F57/><W23/><G122/><T19/><D28/><U50/><E50/><V6/><F120/><W116/><G116/><T77/><D20/><U61/><E61/><V44/><F31/><N who="3" m="17823" /><G119/><T21/><D60/><U26/><E26/><V71/><F25/><W64/><G46/><T118/><D62/><U135/><E135/><V89/><F44/><W13/><G64/><T2/><D118/><U15/><E15/><V74/><F14/><W10/><G63/><T0/><D12/><U103/><AGARI ba="0,1" hai="42,45,47,48,51,52,76,82,85,101,102,103,124,125" machi="103" ten="30,6000,0" yaku="1,1,0,1,54,1,53,0" doraHai="34" doraHaiUra="110" who="1" fromWho="1" sc="228,-20,182,70,340,-20,240,-20" /><INIT seed="1,1,0,4,0,102" ten="208,252,320,220" oya="1" hai0="119,8,24,74,117,81,46,3,126,134,122,105,87" hai1="1,100,15,64,106,31,91,84,72,97,69,44,40" hai2="51,17,68,93,9,73,65,59,18,27,79,95,6" hai3="98,61,16,22,32,112,10,11,26,52,4,94,131"/><U80/><E1/><V57/><F68/><W128/><G112/><T67/><D67/><U75/><E31/><V86/><F73/><W25/><G32/><T107/><D74/><U36/><E64/><V89/><F79/><W113/><G113/><T115/><D115/><U85/><E69/><V14/><F27/><W54/><G26/><T37/><D134/><U104/><E104/><V108/><F108/><W63/><G63/><T129/><D129/><N who="3" m="49737" /><G61/><T96/><D126/><U28/><E28/><V130/><F130/><W55/><G4/><T12/><D3/><U43/><E43/><V120/><F120/><W121/><G121/><T7/><D24/><U99/><E99/><V48/><F95/><W49/><G49/><N who="2" m="19017" /><F59/><W109/><G109/><T38/><D122/><U111/><E111/><V41/><F41/><W88/><AGARI ba="1,0" hai="10,11,16,22,25,52,54,55,88,94,98" m="49737" machi="88" ten="30,7900,0" yaku="19,1,54,3" doraHai="102" who="3" fromWho="3" sc="208,-21,252,-40,320,-21,220,82" /><INIT seed="2,0,0,4,4,100" ten="187,212,299,302" oya="2" hai0="120,70,47,119,22,115,116,84,102,135,38,5,133" hai1="34,90,86,20,43,107,36,72,9,57,66,73,77" hai2="113,63,35,19,85,27,76,74,83,110,56,82,112" hai3="10,17,29,33,53,45,125,18,0,94,108,60,15"/><V91/><F110/><W71/><G108/><T14/><D70/><U11/><E34/><V132/><F132/><N who="0" m="50762" /><D115/><U64/><E43/><V80/><F80/><W130/><G0/><T123/><D102/><U103/><E36/><V40/><F40/><W26/><G130/><T50/><D84/><U96/><E20/><V75/><F75/><W88/><G125/><T3/><D38/><U24/><E24/><V121/><F121/><N who="0" m="46666" /><D50/><U2/><E77/><V32/><F35/><W114/><G114/><T97/><D97/><U41/><E73/><V105/><F105/><W101/><G101/><T28/><D47/><U62/><E72/><V117/><F117/><N who="0" m="45130" /><D3/><U21/><E86/><V61/><F61/><W59/><G45/><T65/><D65/><U81/><E66/><V7/><F63/><W98/><G71/><T92/><D92/><U79/><E81/><V109/><F82/><W67/><G67/><T129/><D129/><U37/><E2/><V12/><F83/><W122/><G122/><T51/><D51/><U134/><E134/><V89/><F85/><W30/><G60/><T16/><D28/><U44/><E79/><V93/><F76/><W13/><G30/><T1/><D1/><U4/><E90/><V23/><F91/><W126/><G59/><T52/><D5/><U118/><E4/><V95/><F89/><W25/><G53/><AGARI ba="0,0" hai="14,16,22,52,53" m="45130,46666,50762" machi="53" ten="40,8000,1" yaku="20,1,12,1,54,2" doraHai="100" who="0" fromWho="3" sc="187,80,212,0,299,0,302,-80" /><INIT seed="3,0,0,2,0,11" ten="267,212,299,222" oya="3" hai0="31,64,18,21,112,43,63,51,13,15,133,37,41" hai1="132,33,65,100,110,120,117,49,95,34,114,5,130" hai2="93,103,72,90,53,69,8,116,46,108,119,57,111" hai3="106,85,135,52,27,35,126,80,70,16,61,58,14"/><W40/><G106/><T88/><D37/><U104/><E104/><V50/><F72/><W54/><G70/><T128/><D128/><U42/><E130/><V102/><F69/><W17/><G135/><T48/><D133/><U36/><E36/><V6/><F103/><W118/><G118/><T59/><D112/><U115/><E120/><V129/><F102/><W28/><G40/><N who="0" m="15435" /><D31/><U30/><E34/><V19/><F19/><W74/><G74/><T38/><D38/><U7/><E117/><V10/><F10/><W1/><G1/><T39/><D39/><U32/><E32/><V81/><F81/><W113/><G113/><T26/><D88/><U3/><E3/><V122/><F122/><W77/><G126/><T105/><D105/><U82/><E132/><V45/><F129/><W12/><REACH who="3" step="1"/><G54/><REACH who="3" ten="267,212,299,212" step="2"/><T124/><D124/><U87/><E114/><V55/><F55/><W2/><G2/><T23/><D23/><U68/><E33/><V127/><F127/><W91/><G91/><T99/><D99/><U0/><E0/><N who="2" m="71" /><F119/><W84/><G84/><T107/><D107/><U83/><E68/><V20/><F20/><W24/><G24/><T73/><D73/><U101/><E115/><V44/><F116/><W97/><G97/><T96/><D96/><U121/><E121/><V94/><F90/><W125/><G125/><T71/><D71/><U4/><E100/><V92/><F53/><W123/><G123/><T75/><D75/><U131/><E101/><V109/><F109/><W56/><G56/><T22/><D22/><U66/><E131/><V29/><F111/><RYUUKYOKU ba="0,1" sc="267,15,212,-15,299,-15,212,15" hai0="13,15,18,21,26,48,51,59,63,64" hai3="12,14,16,17,27,28,35,52,58,61,77,80,85" /><INIT seed="3,1,1,1,3,115" ten="282,197,284,227" oya="3" hai0="91,7,118,47,109,9,103,43,38,135,77,114,51" hai1="42,88,124,119,18,37,107,82,22,52,116,60,127" hai2="122,32,59,26,2,3,56,0,71,16,27,57,5" hai3="128,13,63,11,120,17,8,94,132,10,55,21,105"/><W83/><G120/><T4/><D109/><U14/><E107/><V25/><F71/><W101/><G105/><T70/><D70/><U67/><E42/><V54/><F122/><W134/><G128/><T66/><D103/><U111/><E37/><V87/><F5/><W46/><G83/><T50/><D135/><N who="3" m="51753" /><G63/><T48/><D4/><U49/><E111/><V78/><F32/><W100/><G94/><T33/><D33/><U20/><E20/><V126/><F126/><N who="1" m="48169" /><E88/><V30/><F30/><W1/><G1/><T28/><D91/><U93/><E93/><V108/><F108/><W40/><G55/><T96/><D77/><U72/><E72/><V104/><F104/><W129/><G129/><T62/><D62/><U74/><E74/><V106/><F106/><W58/><G58/><T23/><D66/><U98/><E82/><V81/><F54/><W102/><G102/><T89/><D89/><U130/><E98/><V85/><F81/><W97/><G97/><T45/><D96/><U112/><E112/><V117/><F78/><W95/><G95/><T86/><D114/><U76/><E76/><V19/><F85/><W29/><G29/><T41/><D86/><U36/><E36/><AGARI ba="1,1" hai="8,10,11,13,17,21,36,40,46,100,101" m="51753" machi="36" ten="30,1500,0" yaku="20,1" doraHai="115" who="3" fromWho="1" sc="282,0,197,-18,284,0,227,28" /><INIT seed="3,2,0,0,5,8" ten="282,179,284,255" oya="3" hai0="17,127,103,47,101,100,89,115,99,93,41,102,118" hai1="2,121,57,28,106,65,13,20,0,4,82,43,53" hai2="111,124,10,83,135,97,25,73,67,19,64,117,44" hai3="96,50,131,129,45,76,90,60,112,107,6,40,5"/><W36/><G112/><T120/><D120/><U9/><E106/><V48/><F117/><W58/><G76/><T29/><D29/><U24/><E121/><V27/><F124/><W31/><G31/><T72/><D72/><U59/><E43/><V62/><F111/><W56/><G36/><T54/><D118/><U33/><E65/><V122/><F135/><W105/><G105/><T126/><D54/><U42/><E42/><V32/><F67/><W16/><G16/><T55/><D55/><U30/><E59/><N who="3" m="22570" /><G60/><T68/><D68/><U66/><E66/><V15/><F32/><W116/><G116/><T79/><D79/><U18/><E82/><V88/><F122/><W49/><G49/><T22/><D115/><U26/><REACH who="1" step="1"/><E28/><REACH who="1" ten="282,169,284,255" step="2"/><V114/><F64/><W75/><G107/><T69/><D41/><U39/><E39/><V11/><F83/><W21/><G40/><T38/><D38/><U95/><E95/><V37/><F37/><W109/><G109/><T128/><D93/><U63/><AGARI ba="2,1" hai="0,2,4,9,13,18,20,24,26,30,33,53,57,63" machi="63" ten="20,8000,1" yaku="1,1,0,1,7,1,52,1,53,1" doraHai="8" doraHaiUra="51" who="1" fromWho="1" sc="282,-22,169,96,284,-22,255,-42" /><INIT seed="4,0,0,2,3,54" ten="260,265,262,213" oya="0" hai0="89,1,113,86,103,120,68,77,4,9,10,37,33" hai1="105,88,16,134,117,96,40,24,55,90,115,48,36" hai2="2,47,42,123,7,6,108,19,66,64,70,122,132" hai3="26,57,21,18,3,118,84,63,109,95,121,11,91"/><T51/><D37/><U101/><E117/><V39/><F108/><W17/><G109/><T111/><D111/><U27/><E134/><V135/><F19/><W56/><G118/><T14/><D33/><U81/><E36/><V124/><F124/><W102/><G121/><N who="2" m="46089" /><F7/><W125/><G125/><T20/><D68/><U112/><E40/><V92/><F92/><W114/><G114/><N who="1" m="43562" /><E81/><V8/><F66/><W13/><G3/><T61/><D61/><AGARI ba="0,0" hai="2,6,8,39,42,47,61,64,70,132,135" m="46089" machi="61" ten="30,1000,0" yaku="23,1" doraHai="54" who="2" fromWho="0" sc="260,-10,265,0,262,10,213,0" /><INIT seed="5,0,0,4,0,14" ten="250,265,272,213" oya="1" hai0="73,30,48,3,114,76,83,115,101,133,134,26,16" hai1="125,106,31,57,33,105,96,92,80,89,37,34,88" hai2="100,77,93,46,123,70,6,50,124,28,118,113,41" hai3="102,63,56,36,107,25,111,72,87,71,5,126,78"/><U67/><E37/><V55/><F70/><W117/><G111/><T45/><D101/><U27/><E34/><V21/><F118/><W130/><G71/><T75/><D75/><U62/><REACH who="1" step="1"/><E125/><REACH who="1" ten="250,255,272,213" step="2"/><V19/><F124/><W66/><G36/><T98/><D114/><U90/><E90/><V99/><F113/><W120/><G126/><T24/><D115/><U119/><E119/><V7/><F123/><W122/><G117/><T61/><D134/><U29/><E29/><V129/><F28/><W109/><G122/><T135/><D133/><U0/><E0/><V95/><F129/><W44/><G130/><T82/><D135/><U4/><E4/><V108/><F108/><W74/><G109/><T64/><D3/><U86/><AGARI ba="0,1" hai="27,31,33,57,62,67,80,86,88,89,92,96,105,106" machi="86" ten="30,6000,0" yaku="1,1,0,1,54,1,53,0" doraHai="14" doraHaiUra="12" who="1" fromWho="1" sc="250,-20,255,70,272,-20,213,-20" /><INIT seed="5,1,0,2,2,73" ten="230,325,252,193" oya="1" hai0="130,80,74,39,100,79,25,50,14,119,43,11,89" hai1="34,99,133,115,68,81,35,51,5,77,129,33,110" hai2="107,22,21,102,65,121,13,44,24,82,52,58,124" hai3="106,17,69,31,59,49,118,90,83,47,101,12,134"/><U36/><E36/><V56/><F121/><W4/><G69/><T132/><D119/><U105/><E115/><V64/><F102/><W62/><G118/><T8/><D132/><U45/><E68/><V60/><F107/><W116/><G116/><T20/><D130/><U85/><E129/><V111/><F111/><W2/><G31/><T93/><D39/><U72/><E5/><V87/><F124/><W63/><G134/><T70/><D100/><U37/><E37/><V103/><F103/><W104/><G4/><T19/><D70/><U26/><E110/><V113/><F113/><W29/><G29/><T48/><D43/><U15/><E15/><V75/><F75/><W1/><G106/><T122/><D8/><U71/><E99/><V3/><F3/><W96/><G90/><T55/><D55/><U23/><E71/><V61/><F13/><W32/><G32/><T0/><D0/><U126/><E105/><V67/><F44/><W109/><G83/><T117/><D117/><U10/><E10/><V114/><F114/><W30/><G30/><T9/><D9/><U123/><E126/><V46/><F46/><W88/><G109/><T66/><D66/><N who="2" m="25706" /><F24/><W91/><G59/><T97/><REACH who="0" step="1"/><D122/><REACH who="0" ten="220,325,252,193" step="2"/><U16/><E123/><V135/><F135/><W53/><G2/><T28/><AGARI ba="1,1" hai="11,14,19,20,25,28,48,50,74,79,80,89,93,97" machi="28" ten="20,12000,2" yaku="1,1,2,1,0,1,7,1,52,1,53,1" doraHai="73" doraHaiUra="18" who="0" fromWho="0" sc="220,133,325,-61,252,-31,193,-31" /><INIT seed="6,0,0,3,5,40" ten="353,264,221,162" oya="2" hai0="99,81,122,72,123,114,102,37,50,54,105,70,44" hai1="86,25,59,111,91,55,56,49,109,117,9,43,107" hai2="110,69,1,48,125,53,11,87,132,113,60,124,73" hai3="30,19,85,135,36,67,17,78,16,89,57,27,22"/><V2/><F73/><W119/><G119/><T5/><D114/><U128/><E107/><V130/><F113/><W75/><G135/><T15/><D70/><U33/><E128/><V42/><F132/><W68/><G68/><T76/><D37/><U127/><E127/><N who="2" m="48715" /><F130/><W35/><G36/><T88/><D88/><U38/><E117/><V129/><F129/><W29/><G75/><T95/><D105/><U97/><E97/><V101/><F101/><W34/><G78/><T4/><D4/><U104/><E104/><V47/><F110/><W41/><G41/><T103/><D103/><U92/><E9/><V118/><F118/><W66/><G30/><T106/><D106/><U71/><E71/><V6/><F87/><W115/><G115/><T14/><D5/><U26/><E59/><N who="2" m="34927" /><F69/><W77/><G77/><T94/><D94/><U98/><E98/><V3/><AGARI ba="0,0" hai="1,2,3,6,11,42,47,48" m="34927,48715" machi="3" ten="30,3000,0" yaku="18,1,52,1" doraHai="40" who="2" fromWho="2" sc="353,-10,264,-10,221,30,162,-10" /><INIT seed="6,1,0,3,5,50" ten="343,254,251,152" oya="2" hai0="44,63,133,107,64,46,78,45,41,55,0,129,109" hai1="130,20,96,23,10,49,88,85,28,73,65,115,105" hai2="29,123,92,102,1,30,74,117,8,21,11,77,113" hai3="34,91,98,39,87,120,17,75,62,106,131,12,135"/><V54/><F123/><W128/><G120/><T69/><D107/><U42/><E73/><V89/><F102/><W79/><G34/><T127/><D78/><U33/><E115/><V81/><F117/><W31/><G31/><T84/><D84/><U40/><E65/><V53/><F113/><W37/><G135/><T104/><D104/><U68/><E68/><V6/><F11/><W52/><G79/><T51/><D0/><U26/><E130/><N who="3" m="49706" /><G75/><T14/><D14/><U99/><E10/><V19/><F30/><W86/><G106/><T57/><D109/><U66/><E66/><V27/><F29/><W110/><G110/><T83/><D83/><N who="1" m="49215" /><E33/><V5/><F5/><W90/><G87/><AGARI ba="1,0" hai="1,6,8,19,21,27,53,54,74,77,81,87,89,92" machi="87" ten="30,5800,0" yaku="7,1,52,2" doraHai="50" who="2" fromWho="3" sc="343,0,254,0,251,61,152,-61" /><INIT seed="6,2,0,4,4,57" ten="343,254,312,91" oya="2" hai0="3,29,73,45,21,55,110,25,134,124,112,44,2" hai1="13,67,81,50,102,119,71,0,109,91,27,9,11" hai2="61,107,116,117,83,48,98,40,28,22,82,69,26" hai3="105,108,18,135,77,31,37,130,46,20,16,75,34"/><V4/><F4/><W66/><G108/><T51/><D110/><U88/><E109/><V52/><F83/><W53/><G34/><T65/><D73/><U126/><E119/><V54/><F40/><W23/><G105/><T100/><D112/><U47/><E102/><V92/><F107/><W106/><G106/><T101/><D134/><U78/><E126/><V24/><F82/><W121/><G121/><T113/><D113/><U41/><E27/><V125/><F125/><W1/><G1/><T104/><D65/><U80/><E80/><V132/><F132/><W59/><G66/><T85/><D85/><U111/><E0/><V74/><F74/><W72/><G135/><T86/><D86/><N who="1" m="48439" /><E11/><V87/><F87/><W35/><G77/><T95/><D104/><U99/><E99/><V6/><F6/><W89/><G89/><T64/><D64/><U43/><E43/><V49/><F26/><W42/><G130/><T19/><D124/><U33/><E33/><V118/><F69/><W114/><G35/><T15/><D101/><U76/><E76/><V7/><F7/><W122/><G114/><T10/><D100/><U32/><E32/><V60/><F92/><W129/><G129/><T70/><D95/><U103/><E103/><V84/><F84/><W133/><G133/><T94/><D94/><U127/><E127/><V62/><F98/><W5/><G42/><T123/><D2/><U96/><E96/><V68/><F68/><W93/><G72/><T120/><D70/><U30/><E111/><V39/><F39/><W79/><G37/><T38/><D3/><RYUUKYOKU ba="2,0" sc="343,15,254,-15,312,15,91,-15" hai0="10,15,19,21,25,29,38,44,45,51,55,120,123" hai2="22,24,28,48,49,52,54,60,61,62,116,117,118" /><INIT seed="6,3,0,3,5,93" ten="358,239,327,76" oya="2" hai0="42,24,61,11,31,47,62,135,133,68,21,97,7" hai1="26,32,98,48,91,107,125,72,85,92,63,131,101" hai2="116,108,100,39,126,64,36,115,18,46,109,43,113" hai3="59,81,51,73,82,110,130,38,79,106,124,56,134"/><V54/><F100/><W29/><G110/><N who="2" m="42601" /><F18/><W13/><G38/><N who="0" m="21975" /><D97/><U104/><E125/><V27/><F27/><W55/><G124/><T22/><D22/><U80/><E131/><V78/><F78/><W41/><G130/><T112/><D112/><N who="2" m="43082" /><F126/><W49/><G73/><T77/><D68/><U0/><E0/><V2/><F2/><W102/><G79/><T50/><D50/><U5/><E5/><V111/><F111/><W90/><G106/><T6/><D77/><N who="1" m="44071" /><E26/><V19/><F19/><W45/><G102/><T94/><D94/><N who="1" m="54639" /><E32/><V60/><F54/><W30/><G55/><T99/><D99/><N who="1" m="61503" /><E48/><N who="2" m="26719" /><F116/><W37/><G30/><T69/><D31/><U120/><E107/><V74/><F74/><W15/><G29/><T57/><D24/><U40/><E40/><V10/><F10/><W95/><G41/><T3/><D11/><U20/><E20/><V70/><AGARI ba="3,0" hai="36,39,60,64,70" m="26719,43082,42601" machi="70" ten="30,11700,0" yaku="10,1,15,1,34,2" doraHai="93" who="2" fromWho="2" sc="358,-42,239,-42,327,126,76,-42" /><INIT seed="6,4,0,2,0,10" ten="316,197,453,34" oya="2" hai0="25,73,135,105,101,64,130,115,129,40,134,102,9" hai1="38,83,92,111,46,49,63,94,78,109,8,120,27" hai2="7,112,23,85,133,124,79,13,60,55,125,50,93" hai3="108,72,16,82,119,90,131,14,17,35,54,107,123"/><V128/><F112/><W132/><G108/><T21/><D40/><U59/><E38/><V116/><F116/><W126/><G119/><T45/><D45/><U114/><E120/><V4/><F60/><W118/><G118/><T44/><D44/><U110/><E114/><V5/><F128/><W58/><G123/><T18/><D64/><U77/><E27/><V70/><F70/><W36/><G36/><T0/><D73/><U48/><E8/><V71/><F71/><W100/><G131/><N who="0" m="50187" /><D115/><U68/><E68/><V80/><F93/><W51/><G35/><T86/><D86/><U20/><E20/><V81/><F81/><W88/><G132/><N who="0" m="50731" /><D105/><U11/><E59/><V57/><F133/><W52/><G126/><N who="2" m="48745" /><F23/><W74/><G54/><T75/><D75/><U76/><E83/><V47/><F47/><W1/><G1/><T62/><D62/><U15/><E63/><V32/><F32/><W103/><G17/><T34/><D34/><U65/><E65/><V2/><F2/><W53/><G53/><T106/><D106/><U56/><E56/><V22/><F22/><W12/><G107/><T122/><D122/><U31/><E46/><V39/><F39/><W104/><G104/><T43/><D43/><U37/><E37/><V28/><F28/><W29/><G29/><T89/><D0/><U42/><E31/><V96/><F96/><W117/><G117/><T3/><D3/><U19/><E42/><V66/><F66/><W113/><G113/><T91/><D9/><AGARI ba="4,0" hai="4,5,7,9,13,50,55,57,79,80,85" m="48745" machi="9" ten="30,2900,0" yaku="18,1,52,1" doraHai="10" who="2" fromWho="0" sc="316,-41,197,0,453,41,34,0" /><INIT seed="6,5,0,4,5,90" ten="275,197,494,34" oya="2" hai0="7,83,59,100,131,27,99,2,110,25,6,13,12" hai1="76,32,129,116,109,78,58,74,67,0,81,23,30" hai2="75,10,35,103,105,55,128,24,34,26,84,82,43" hai3="134,126,96,17,42,4,93,64,62,54,39,107,40"/><V29/><F128/><W36/><G107/><T132/><D110/><U46/><E32/><V49/><F43/><W85/><G4/><T135/><D131/><U22/><E0/><V21/><F75/><W80/><G54/><T133/><D83/><U65/><E109/><V121/><F121/><W20/><G134/><T130/><D59/><U1/><E1/><V33/><F10/><W111/><G111/><T38/><D38/><U51/><E116/><V92/><F105/><W117/><G117/><T127/><D127/><U5/><E5/><N who="0" m="1545" /><D2/><U106/><E106/><V28/><F82/><W94/><G126/><T86/><D86/><U120/><E120/><V95/><F84/><W114/><G114/><T73/><D73/><U87/><E129/><V68/><F103/><W19/><G19/><T71/><D71/><U77/><E74/><V31/><F68/><W44/><G96/><T101/><D130/><U124/><E124/><V123/><F123/><W108/><G108/><T63/><D63/><N who="1" m="38135" /><E67/><V102/><F102/><N who="0" m="39530" /><D99/><U91/><E30/><V97/><F97/><W16/><G39/><T56/><D56/><U50/><E50/><V48/><F48/><W45/><G36/><T79/><D79/><N who="1" m="20227" /><U60/><DORA hai="72" /><E60/><V112/><F29/><W14/><G17/><T88/><D135/><U104/><E104/><V69/><F69/><W122/><G122/><T47/><D133/><U53/><AGARI ba="5,0" hai="22,23,46,51,53,81,87,91" m="20227,38135" machi="53" ten="30,8000,1" yaku="8,1,52,4" doraHai="90,72" who="1" fromWho="1" sc="275,-25,197,95,494,-45,34,-25" /><INIT seed="7,0,0,2,4,20" ten="250,292,449,9" oya="3" hai0="35,92,114,28,31,16,53,34,120,25,128,62,125" hai1="51,40,0,47,58,123,115,43,39,90,107,78,73" hai2="61,6,11,23,110,133,83,17,55,130,18,75,102" hai3="32,118,117,121,122,135,24,56,77,13,19,60,1"/><W26/><G77/><T129/><D120/><N who="3" m="46185" /><G60/><T91/><D125/><U101/><E90/><V112/><F61/><W134/><G56/><N who="0" m="35087" /><D114/><U49/><E0/><V59/><F83/><W66/><G66/><T104/><D104/><U105/><E115/><V57/><F55/><W63/><G63/><T81/><D81/><U67/><E123/><V113/><F59/><W100/><G100/><T2/><D2/><U126/><E126/><V93/><F57/><W79/><G79/><T76/><D76/><U64/><E78/><V97/><F93/><W71/><G71/><T10/><D10/><U46/><E58/><V14/><F97/><W85/><G1/><T74/><D74/><U9/><E9/><V7/><F75/><W48/><G48/><T124/><D124/><U37/><E73/><V68/><F102/><AGARI ba="0,0" hai="37,39,40,43,46,47,49,51,64,67,101,102,105,107" machi="102" ten="25,1600,0" yaku="22,2" doraHai="20" who="1" fromWho="2" sc="250,0,292,16,449,-16,9,0" owari="250,-15.0,308,11.0,433,53.0,9,-49.0" /></mjloggm>