<mjloggm ver="2.3"><GO type="97" lobby="0"/><UN n0="%73%79%6F%75%6A%69%30%34" n1="%E3%81%AD%E3%81%93%E3%81%BE%E3%81%BF%E3%82%8C" n2="%79%6F%75%79%6F%75%79%6F" n3="%E3%82%A6%E3%83%AB%E3%83%88%E3%83%A9%E7%AB%8B%E7%9B%B4" dan="14,15,14,15" rate="1879.64,1962.45,1958.17,1986.43" sx="M,M,M,M"/><TAIKYOKU oya="0"/><INIT seed="0,0,0,3,1,94" ten="250,250,250,250" oya="0" hai0="6,127,98,65,38,46,73,51,115,27,56,33,43" hai1="86,10,34,62,66,102,84,0,53,75,124,119,83" hai2="67,19,36,35,95,100,92,114,104,90,23,22,110" hai3="130,101,32,29,109,117,126,129,59,20,91,40,133"/><T13/><D115/><U131/><E34/><V49/><F114/><W37/><G32/><T44/><D73/><U89/><E119/><V55/><F36/><W14/><G117/><T63/><D33/><U70/><E124/><V18/><F35/><W5/><G40/><T52/><D27/><U7/><E131/><N who="3" m="50186" /><G37/><T42/><D98/><U39/><E39/><V60/><F110/><W111/><G101/><T103/><D103/><U87/><E75/><V80/><F104/><W8/><G59/><N who="0" m="37119" /><D13/><U85/><E102/><V74/><F100/><W54/><G54/><T15/><D15/><U113/><E113/><V108/><F108/><N who="3" m="41547" /><G91/><T41/><D6/><U132/><E53/><V120/><F120/><W97/><G97/><T118/><D118/><U4/><E4/><V21/><F55/><W61/><G61/><N who="0" m="35975" /><D41/><U81/><E81/><V26/><F80/><W50/><G29/><T24/><D24/><U76/><E89/><V47/><F90/><W31/><G31/><T96/><D96/><U9/><E76/><V11/><F26/><W30/><G30/><T3/><D3/><U79/><E83/><V12/><F74/><W72/><G5/><T123/><D123/><U105/><E79/><V2/><F2/><W28/><G28/><T17/><D17/><U58/><E105/><V88/><F19/><W16/><G14/><T82/><D82/><U99/><E99/><N who="2" m="57735" /><F95/><W25/><G25/><T128/><D128/><U125/><E7/><V1/><F1/><W77/><G72/><T116/><D116/><U121/><E0/><V64/><F60/><W48/><G77/><RYUUKYOKU ba="0,0" sc="250,15,250,-15,250,15,250,-15" hai0="38,42,43,44,46,51,127" hai2="11,12,18,21,22,23,47,49,64,67" /><INIT seed="0,1,0,5,4,76" ten="265,235,265,235" oya="0" hai0="131,101,58,84,25,4,120,121,24,114,97,53,41" hai1="104,96,46,89,100,126,56,14,3,130,134,35,20" hai2="9,70,39,112,2,122,105,119,129,59,47,40,61" hai3="33,92,29,22,118,48,1,117,82,54,8,12,127"/><T37/><D114/><U15/><E35/><V113/><F122/><W75/><G127/><T108/><D4/><U81/><E3/><V43/><F119/><W19/><G92/><T38/><D131/><U99/><E134/><V52/><F105/><W135/><G135/><T73/><D73/><U67/><E126/><V125/><F9/><W7/><G75/><T72/><D72/><U32/><E32/><V21/><F21/><W62/><G62/><T57/><D108/><U6/><E130/><V10/><F10/><W98/><G98/><T133/><D84/><U28/><E6/><V16/><F16/><W5/><G5/><T91/><D133/><U11/><E11/><V69/><F2/><W115/><G82/><T55/><D91/><U102/><E46/><N who="2" m="23839" /><F129/><W77/><G77/><T31/><D97/><U128/><E128/><V116/><F116/><W26/><G115/><N who="2" m="44105" /><F125/><W83/><G83/><T42/><REACH who="0" step="1"/><D31/><REACH who="0" ten="255,235,265,235" step="2"/><U66/><E28/><V65/><F65/><W87/><G87/><T0/><D0/><U64/><E67/><V23/><F23/><W79/><G79/><T17/><D17/><U110/><E20/><V132/><F132/><W74/><G74/><T60/><D60/><U95/><E64/><V30/><F30/><W45/><AGARI ba="1,1" hai="1,7,8,12,19,22,26,29,33,45,48,54,117,118" machi="45" ten="20,5200,0" yaku="0,1,7,1,24,2" doraHai="76" who="3" fromWho="3" sc="255,-27,235,-14,265,-14,235,65" /><INIT seed="1,0,0,2,2,91" ten="228,221,251,300" oya="1" hai0="35,100,121,22,47,23,120,10,67,28,79,72,96" hai1="20,75,6,89,83,5,131,109,56,92,44,46,13" hai2="126,4,73,40,94,71,16,17,61,123,3,103,58" hai3="57,74,101,106,2,95,63,26,128,104,135,12,33"/><U116/><E116/><V112/><F73/><W51/><G2/><T102/><D67/><U48/><E131/><V21/><F123/><N who="0" m="47178" /><D47/><U93/><E109/><V125/><F71/><W115/><G74/><T36/><D36/><U118/><E118/><V105/><F105/><W64/><G115/><T41/><D41/><U99/><E75/><V88/><F103/><N who="0" m="39466" /><D96/><U122/><E122/><V117/><F40/><W111/><G111/><T39/><D39/><U70/><E70/><V124/><F117/><W77/><G77/><T31/><D79/><U32/><E32/><V98/><F112/><W119/><G135/><T0/><D72/><U130/><E130/><V25/><F4/><N who="1" m="1641" /><E83/><V24/><F3/><W134/><G33/><T45/><D45/><N who="1" m="17515" /><E89/><V19/><F21/><N who="0" m="7690" /><D35/><U14/><E99/><V62/><REACH who="2" step="1"/><F62/><REACH who="2" ten="228,221,241,300" step="2"/><W78/><G63/><T66/><D0/><U65/><E65/><AGARI ba="0,1" hai="16,17,19,24,25,58,61,65,88,94,98,124,125,126" machi="65" ten="50,12000,2" yaku="1,1,2,1,18,1,52,1,54,2,53,1" doraHai="91" doraHaiUra="59" who="2" fromWho="1" sc="228,0,221,-120,241,130,300,0" /><INIT seed="2,0,0,3,5,102" ten="228,101,371,300" oya="2" hai0="5,45,96,95,42,29,50,131,115,128,22,35,30" hai1="54,70,103,65,8,134,41,104,0,36,127,77,76" hai2="32,34,33,135,83,1,100,118,16,28,71,37,63" hai3="11,31,113,85,23,66,61,57,68,106,72,97,15"/><V19/><F118/><W124/><G72/><T105/><D105/><U91/><E134/><V58/><F37/><W27/><G124/><T89/><D115/><U123/><E70/><V20/><F71/><W108/><G108/><T79/><D79/><N who="1" m="30283" /><E65/><V55/><F1/><W26/><G113/><T109/><D35/><U112/><E36/><V62/><F135/><W114/><G114/><T48/><D109/><U59/><E41/><V126/><F126/><W80/><G27/><T52/><D5/><U3/><E112/><V38/><F38/><W99/><G106/><T122/><D22/><U81/><E127/><V25/><F100/><W73/><G73/><T120/><D30/><U69/><E69/><V67/><F83/><W92/><G68/><T119/><D29/><U12/><E3/><V111/><F111/><W86/><G80/><T107/><D107/><U98/><E0/><V56/><AGARI ba="0,0" hai="16,19,20,25,28,32,33,34,55,56,58,62,63,67" machi="56" ten="40,3900,0" yaku="0,1,54,1" doraHai="102" who="2" fromWho="2" sc="228,-13,101,-13,371,39,300,-13" /><INIT seed="2,1,0,1,4,49" ten="215,88,410,287" oya="2" hai0="134,84,77,79,115,17,39,0,121,72,47,45,28" hai1="106,113,126,131,4,87,26,89,107,85,114,29,35" hai2="37,1,59,116,75,93,81,82,133,98,74,22,124" hai3="103,105,21,7,135,44,90,110,70,67,108,86,92"/><V38/><F116/><W68/><G7/><T10/><D121/><U71/><E71/><V78/><F1/><W120/><BYE who="1" /><G120/><T58/><D47/><U36/><E36/><V66/><F133/><W64/><G135/><T15/><D115/><U2/><E2/><V129/><F124/><W132/><G132/><T24/><D134/><U117/><E117/><V20/><F129/><W32/><G32/><T11/><D0/><U46/><E46/><V101/><F38/><W8/><G8/><T83/><D10/><U3/><E3/><V118/><F37/><W50/><G21/><T80/><D39/><U73/><E73/><V40/><F118/><W6/><G6/><T100/><D100/><U14/><E14/><V102/><F40/><W60/><G103/><T91/><D45/><U42/><E42/><V95/><F66/><W97/><G97/><T12/><D12/><U53/><E53/><V27/><F59/><W69/><G105/><T41/><D41/><U130/><E130/><V122/><F122/><W51/><G51/><T123/><D123/><U16/><E16/><V62/><F62/><W54/><REACH who="3" step="1"/><G64/><REACH who="3" ten="215,88,410,277" step="2"/><T18/><D58/><AGARI ba="1,1" hai="44,50,54,58,60,67,68,69,70,86,90,92,108,110" machi="58" ten="40,5200,0" yaku="1,1,2,1,52,1,53,0" doraHai="49" doraHaiUra="76" who="3" fromWho="0" sc="215,-55,88,0,410,0,277,65" /><INIT seed="3,0,0,0,3,71" ten="160,88,410,342" oya="3" hai0="10,14,129,69,100,6,68,89,79,118,4,27,22" hai1="18,128,110,20,39,92,48,88,111,0,114,107,127" hai2="109,80,126,86,33,7,44,113,55,66,12,78,97" hai3="29,112,50,42,37,119,34,72,75,25,40,87,73"/><W104/><G119/><T8/><D118/><U120/><E120/><V2/><F113/><W59/><G112/><T85/><D79/><U101/><E101/><V24/><F2/><W35/><G104/><T38/><D38/><U3/><E3/><V82/><F126/><W131/><G131/><T123/><D123/><U132/><E132/><V63/><F33/><W1/><G1/><T60/><D129/><U43/><E43/><V105/><F105/><W84/><G35/><T95/><D100/><U36/><E36/><V81/><F109/><W125/><G125/><T64/><D69/><U58/><E58/><N who="2" m="37239" /><F24/><W17/><G17/><T51/><D51/><U61/><E61/><V103/><F103/><W45/><REACH who="3" step="1"/><G42/><REACH who="3" ten="160,88,410,332" step="2"/><T108/><D108/><U90/><E90/><V56/><F78/><W31/><G31/><T54/><D89/><U19/><E19/><V23/><F7/><W74/><N who="3" m="18944" /><DORA hai="49" /><W70/><G70/><T94/><D68/><U122/><E122/><V91/><F91/><W26/><G26/><T134/><D134/><U76/><E76/><V77/><F77/><W124/><G124/><T15/><D4/><U21/><E21/><V11/><F23/><W99/><G99/><T47/><D6/><U5/><E5/><N who="2" m="3183" /><F97/><W102/><G102/><T106/><D27/><U28/><E28/><V30/><F30/><W121/><G121/><T41/><D106/><U135/><E135/><V46/><F86/><W52/><AGARI ba="0,1" hai="25,29,34,37,40,45,50,52,59,84,87" m="18944" machi="52" ten="60,18000,2" yaku="1,1,0,1,52,2,54,1,53,2" doraHai="71,49" doraHaiUra="83,130" who="3" fromWho="3" sc="160,-60,88,-60,410,-60,332,190" owari="100,-30.0,28,-47.0,350,15.0,522,62.0" /></mjloggm>