<mjloggm ver="2.3"><GO type="97" lobby="0"/><UN n0="%E3%82%AC%E3%83%81%E6%9D%BE" n1="%6E%65%77%6E%65%77" n2="%E3%82%A6%E3%83%AB%E3%83%88%E3%83%A9%E7%AB%8B%E7%9B%B4" n3="%E3%81%BE%E3%82%80%E3%81%8A" dan="14,15,13,13" rate="1937.45,1998.98,1831.05,1881.20" sx="M,M,M,M"/><TAIKYOKU oya="0"/><INIT seed="0,0,0,3,3,93" ten="250,250,250,250" oya="0" hai0="17,26,27,92,62,108,69,7,63,53,6,0,121" hai1="52,58,46,109,11,79,86,2,71,124,125,89,36" hai2="116,55,134,19,83,122,105,8,129,120,57,18,87" hai3="54,106,131,48,115,99,35,94,59,119,3,25,41"/><T51/><D121/><U61/><E71/><V14/><F105/><W39/><G3/><T111/><D92/><U56/><E79/><V73/><F73/><W4/><G4/><T112/><D112/><U135/><E135/><V66/><F134/><W37/><G131/><T132/><D132/><U123/><E123/><V107/><F129/><W118/><G115/><T47/><D69/><U20/><E20/><V5/><F107/><W133/><G106/><T72/><D72/><U32/><E32/><V38/><F38/><W130/><G130/><T88/><D88/><U65/><E109/><N who="0" m="42057" /><D0/><U101/><E101/><V117/><F120/><W16/><G35/><T96/><D96/><U13/><E2/><V128/><F128/><W23/><G133/><T21/><D27/><U31/><E31/><V74/><F74/><W15/><G25/><T68/><D68/><U49/><E36/><V85/><F122/><W64/><G64/><T90/><D90/><U114/><E114/><V97/><F66/><W33/><G33/><T24/><D24/><U84/><E58/><V76/><F87/><W10/><G10/><T12/><D26/><U34/><E34/><V43/><F97/><W127/><G127/><N who="1" m="48714" /><E89/><V78/><F78/><W67/><G67/><T91/><D91/><U60/><E60/><AGARI ba="0,0" hai="6,7,12,17,21,47,51,53,60,62,63" m="42057" machi="60" ten="30,2900,0" yaku="14,1,10,1" doraHai="93" who="0" fromWho="1" sc="250,29,250,-29,250,0,250,0" /><INIT seed="0,1,0,4,5,89" ten="279,221,250,250" oya="0" hai0="20,131,85,126,60,104,31,106,92,29,48,2,51" hai1="10,110,50,93,95,78,87,64,13,49,132,34,11" hai2="33,4,47,81,86,79,61,0,105,18,7,19,70" hai3="88,107,63,102,15,39,96,12,40,35,83,94,56"/><T118/><D118/><U115/><E34/><V68/><F33/><W113/><G35/><T59/><D2/><U46/><E115/><V129/><F105/><W58/><G113/><T57/><D126/><U72/><E72/><V130/><F47/><W66/><G56/><T21/><D85/><U124/><E64/><N who="2" m="40975" /><F70/><W109/><G109/><T38/><D60/><U62/><E62/><V99/><F99/><W103/><G103/><T128/><D92/><N who="1" m="35403" /><E132/><V134/><F134/><W97/><REACH who="3" step="1"/><G83/><REACH who="3" ten="279,221,250,240" step="2"/><T44/><D44/><AGARI ba="1,1" hai="12,15,39,40,44,58,63,66,88,94,96,97,102,107" machi="44" ten="40,8000,1" yaku="1,1,2,1,52,1,54,1,53,0" doraHai="89" doraHaiUra="121" who="3" fromWho="0" sc="279,-83,221,0,250,0,240,93" /><INIT seed="1,0,0,1,3,71" ten="196,221,250,333" oya="1" hai0="65,47,8,81,119,88,49,95,28,18,2,15,107" hai1="75,38,59,84,36,120,118,35,93,69,110,45,44" hai2="112,6,24,34,91,74,51,103,17,4,21,100,39" hai3="70,16,129,102,48,89,109,53,76,40,67,128,105"/><U97/><E75/><V108/><F34/><W79/><G109/><T122/><D119/><U116/><E35/><V58/><F108/><W11/><G89/><T68/><D107/><U117/><E84/><V62/><F39/><N who="1" m="14889" /><E97/><V12/><F112/><W13/><G40/><T82/><D122/><U31/><E31/><N who="2" m="17807" /><F51/><W29/><G29/><T26/><D2/><U43/><E93/><V104/><F104/><W111/><G111/><T77/><D65/><U73/><E73/><V98/><F74/><W130/><G67/><T1/><D1/><U124/><E110/><V123/><F123/><W127/><G70/><T115/><D115/><U114/><E114/><V121/><F121/><W60/><G60/><T5/><D68/><U101/><E101/><N who="2" m="38987" /><F91/><W80/><G127/><T96/><D18/><U25/><E25/><V92/><F92/><W55/><G53/><T133/><D133/><U42/><E120/><V113/><F98/><N who="3" m="61655" /><G80/><T22/><REACH who="0" step="1"/><D77/><REACH who="0" ten="186,221,250,333" step="2"/><U64/><E69/><V32/><F113/><W37/><G37/><T14/><D14/><U41/><E124/><V85/><F17/><W57/><AGARI ba="0,1" hai="11,13,16,48,55,57,76,79,128,129,130" m="61655" machi="57" ten="30,2000,0" yaku="19,1,54,1" doraHai="71" who="3" fromWho="3" sc="186,-5,221,-10,250,-5,333,30" /><INIT seed="2,0,0,3,1,118" ten="181,211,245,363" oya="2" hai0="27,33,29,52,7,8,85,79,121,56,130,62,6" hai1="123,12,42,4,128,105,115,24,122,126,74,20,10" hai2="36,63,45,65,5,1,133,13,135,94,77,11,92" hai3="71,109,106,132,2,53,107,16,31,35,81,64,72"/><V15/><F77/><W40/><G2/><T90/><D130/><U129/><E105/><V87/><F45/><W91/><G40/><T99/><D99/><U26/><E74/><V113/><F36/><W14/><G31/><T110/><D110/><U47/><E115/><V41/><F41/><W51/><G35/><T95/><D121/><N who="1" m="46091" /><E47/><V93/><F87/><W84/><G109/><T32/><D32/><U120/><E42/><V19/><F113/><W0/><G132/><N who="2" m="50761" /><F19/><W18/><G0/><T22/><D79/><U54/><E54/><V3/><F3/><W111/><G18/><T46/><D46/><U73/><N who="1" m="46099" /><U76/><DORA hai="43" /><E126/><V69/><AGARI ba="0,0" hai="1,5,11,13,15,63,65,69,92,93,94" m="50761" machi="69" ten="30,1500,0" yaku="20,1" doraHai="118,43" who="2" fromWho="2" sc="181,-5,211,-5,245,15,363,-5" /><INIT seed="2,1,0,0,2,3" ten="176,206,260,358" oya="2" hai0="86,107,102,128,117,79,134,101,96,38,129,121,36" hai1="10,54,28,64,11,15,71,35,25,67,74,112,76" hai2="40,59,9,43,19,94,111,90,73,104,14,56,24" hai3="48,72,82,62,6,77,22,113,116,127,52,21,95"/><V33/><F104/><W55/><G116/><T18/><D18/><U26/><E112/><V133/><F73/><W93/><G113/><T7/><D7/><U84/><E74/><V81/><F133/><W32/><G127/><T1/><D1/><U103/><E103/><V70/><F70/><W109/><G109/><T5/><D5/><U105/><E105/><V65/><F111/><W45/><G32/><T135/><D38/><U47/><E71/><V106/><F106/><W58/><REACH who="3" step="1"/><G6/><REACH who="3" ten="176,206,260,348" step="2"/><T78/><D36/><U13/><E35/><V29/><F33/><W91/><G91/><T44/><D117/><U114/><E114/><V46/><F81/><W53/><G53/><T120/><D121/><U39/><E54/><V4/><F43/><W31/><G31/><T85/><D120/><U66/><E28/><V27/><F29/><W83/><G83/><T50/><D102/><U119/><E119/><V61/><F19/><W97/><G97/><T2/><D79/><U34/><E34/><V125/><F125/><W60/><G60/><T118/><D118/><U110/><E110/><V132/><F132/><N who="0" m="50730" /><D78/><U49/><E76/><V42/><F42/><W87/><G87/><N who="0" m="33291" /><D2/><U68/><E84/><N who="2" m="52551" /><F61/><W124/><G124/><T123/><D123/><U130/><E68/><V16/><F4/><W108/><G108/><T57/><D128/><U12/><E130/><V126/><F126/><W41/><G41/><N who="0" m="24847" /><D129/><U63/><E63/><V80/><F40/><W20/><AGARI ba="1,1" hai="20,21,22,45,48,52,55,58,62,72,77,82,93,95" machi="20" ten="30,4000,0" yaku="1,1,0,1,54,1,53,0" doraHai="3" doraHaiUra="8" who="3" fromWho="3" sc="176,-11,206,-11,260,-21,348,53" /><INIT seed="3,0,0,2,0,34" ten="165,195,239,401" oya="3" hai0="24,111,53,120,16,26,25,57,19,96,2,27,129" hai1="86,64,133,0,33,90,84,37,69,116,58,32,81" hai2="55,132,77,65,21,113,10,13,63,30,97,71,112" hai3="68,122,74,131,23,110,119,38,124,91,99,95,22"/><W59/><G22/><T12/><D120/><U87/><E116/><V88/><F77/><W45/><G23/><N who="0" m="13415" /><D111/><U15/><E0/><V94/><F132/><W43/><G91/><T14/><D2/><U121/><E37/><V75/><F75/><W98/><G95/><T56/><D129/><U66/><E69/><V8/><F8/><W135/><G98/><T28/><D96/><U80/><E121/><V60/><F60/><W125/><G99/><T61/><D56/><U109/><E109/><V48/><F21/><W72/><G43/><T40/><D40/><U11/><E133/><V82/><F82/><N who="1" m="31849" /><E32/><V101/><F30/><W29/><G45/><T114/><D114/><U39/><E39/><V76/><F76/><W115/><G59/><T47/><D47/><U54/><E33/><V107/><F107/><W31/><G29/><T44/><D28/><U93/><E64/><V6/><F101/><W104/><G31/><T118/><D118/><U5/><E66/><V51/><F51/><AGARI ba="0,0" hai="5,11,15,51,54,58,84,86,87,90,93" m="31849" machi="51" ten="30,1000,0" yaku="8,1" doraHai="34" who="1" fromWho="2" sc="165,0,195,10,239,-10,401,0" owari="165,-33.0,205,-19.0,229,3.0,401,49.0" /></mjloggm>