<mjloggm ver="2.3"><GO type="169" lobby="0"/><UN n0="%41%6B%6B%69%79" n1="%E3%82%A6%E3%83%AB%E3%83%88%E3%83%A9%E7%AB%8B%E7%9B%B4" n2="%E2%98%85%E9%9B%80%E9%AC%BC%E7%99%BE%E7%80%AC%E2%98%85" n3="%6E%69%6A%69" dan="16,17,18,17" rate="2088.03,2141.26,2180.80,2146.06" sx="M,M,M,M"/><TAIKYOKU oya="0"/><INIT seed="0,0,0,2,1,62" ten="250,250,250,250" oya="0" hai0="88,25,34,56,31,134,44,45,74,108,121,65,63" hai1="39,122,0,7,35,115,46,76,133,81,26,20,17" hai2="78,4,80,59,32,106,15,79,118,91,50,99,116" hai3="130,55,127,41,66,5,98,77,6,37,30,105,125"/><T97/><D74/><U109/><E122/><V10/><F32/><W11/><G130/><T94/><D121/><U86/><E115/><V16/><F79/><W117/><G117/><T33/><D134/><U89/><E133/><V18/><F106/><W112/><G55/><T67/><D108/><U47/><E109/><V83/><F83/><W132/><G5/><T22/><D34/><U103/><E39/><V84/><F99/><W8/><G8/><T68/><D68/><U120/><E120/><V101/><F101/><N who="3" m="62647" /><G30/><T111/><D111/><U19/><E103/><V43/><F91/><W54/><G54/><N who="0" m="34199" /><D33/><U128/><E128/><V104/><F104/><W92/><G92/><T131/><D131/><U113/><E35/><V119/><F59/><W14/><G77/><T110/><D110/><U72/><E113/><V95/><F95/><W27/><G112/><T129/><D129/><U52/><E7/><V12/><REACH who="2" step="1"/><F15/><REACH who="2" ten="250,250,240,250" step="2"/><W123/><G132/><T82/><D82/><U73/><E76/><V3/><F3/><W48/><G123/><T85/><D97/><U124/><E0/><V69/><F69/><W70/><G70/><T107/><D107/><U24/><E81/><V42/><F42/><W58/><G41/><T38/><D38/><U100/><E100/><V57/><F57/><W28/><G37/><T36/><D36/><U87/><E89/><V135/><F135/><W93/><G93/><T29/><D29/><U64/><E72/><V1/><F1/><W126/><G58/><T40/><D40/><U23/><E73/><V75/><F75/><W96/><G96/><RYUUKYOKU ba="0,1" sc="250,15,250,-15,240,15,250,-15" hai0="22,25,31,44,45,65,67,85,88,94" hai2="4,10,12,16,18,43,50,78,80,84,116,118,119" /><INIT seed="0,1,1,4,0,117" ten="265,235,255,235" oya="0" hai0="80,44,128,98,63,36,125,38,101,88,113,25,79" hai1="57,21,129,8,1,10,64,134,62,81,33,6,110" hai2="13,76,30,26,7,37,132,107,65,22,82,103,3" hai3="133,19,58,130,40,51,59,77,131,124,115,92,105"/><T47/><D113/><U32/><E129/><N who="3" m="49162" /><G105/><T39/><D125/><U95/><E110/><V60/><F37/><W17/><G115/><T94/><D128/><U24/><E134/><V127/><F127/><W85/><G124/><T84/><D63/><U73/><E10/><V20/><F3/><W54/><G133/><T11/><D11/><U9/><E9/><V46/><F132/><W93/><G40/><T72/><REACH who="0" step="1"/><D25/><REACH who="0" ten="255,235,255,235" step="2"/><U69/><E8/><V42/><F60/><W71/><G71/><T78/><D78/><U4/><E69/><V34/><F76/><W96/><G77/><T104/><AGARI ba="1,2" hai="36,38,39,44,47,72,79,80,84,88,94,98,101,104" machi="104" ten="30,12000,1" yaku="1,1,0,1,24,2,54,1,53,0" doraHai="117" doraHaiUra="126" who="0" fromWho="0" sc="255,143,235,-41,255,-41,235,-41" /><INIT seed="0,2,0,1,2,97" ten="398,194,214,194" oya="0" hai0="112,129,104,0,102,64,26,3,76,66,8,53,25" hai1="28,10,12,115,19,72,65,32,118,18,11,45,70" hai2="113,7,46,126,103,71,79,101,14,52,135,98,94" hai3="110,59,30,83,48,9,63,134,133,37,81,35,68"/><T75/><D112/><U40/><E72/><V1/><F71/><W38/><G68/><T121/><D76/><U109/><E118/><V125/><F113/><W86/><G48/><T77/><D77/><U4/><E115/><V123/><F1/><W89/><G110/><T43/><D75/><U120/><E120/><V34/><F34/><W31/><G81/><T130/><D43/><U80/><E109/><V74/><F123/><W13/><G38/><T20/><D121/><U114/><E114/><V21/><F79/><W122/><G37/><T87/><D87/><U124/><E124/><N who="2" m="47723" /><F74/><W55/><G122/><T23/><D53/><U57/><E80/><V128/><F128/><W5/><REACH who="3" step="1"/><G35/><REACH who="3" ten="398,194,214,184" step="2"/><T78/><D130/><U108/><E32/><V95/><F135/><AGARI ba="2,1" hai="5,9,13,30,31,55,59,63,83,86,89,133,134,135" machi="135" ten="40,5200,0" yaku="1,1,2,1,20,1,53,0" doraHai="97" doraHaiUra="47" who="3" fromWho="2" sc="398,0,194,0,214,-58,184,68" /><INIT seed="1,0,0,2,5,103" ten="398,194,156,252" oya="1" hai0="83,95,133,132,54,8,106,29,79,9,116,26,80" hai1="122,101,62,13,84,117,127,48,105,123,38,0,102" hai2="104,113,57,88,42,69,56,53,14,58,43,44,67" hai3="126,134,121,15,115,3,89,59,5,2,112,96,63"/><U99/><E38/><V71/><F14/><W18/><G121/><T34/><D106/><U19/><E0/><V49/><F104/><W78/><G78/><T51/><D95/><U107/><E117/><V110/><F88/><W74/><G74/><T6/><D83/><U24/><E127/><V114/><F110/><W90/><G126/><T100/><D100/><U32/><E48/><V23/><F23/><W7/><G3/><T124/><D124/><U12/><E12/><V28/><F28/><W130/><G134/><N who="0" m="51819" /><D6/><U30/><E84/><V91/><F91/><W64/><G90/><T109/><D109/><U27/><E27/><V94/><F94/><W11/><G5/><T118/><D54/><U40/><E40/><N who="2" m="15403" /><F67/><W76/><G76/><T77/><D77/><U55/><E102/><V87/><F87/><W125/><G125/><T16/><D51/><U128/><E105/><V81/><F81/><W85/><G96/><T131/><D131/><U97/><E128/><V52/><F53/><W37/><G130/><T119/><D16/><U70/><E99/><V35/><F35/><W93/><G37/><T46/><D80/><U98/><E98/><V31/><F31/><W72/><G72/><T120/><D79/><U45/><E19/><V129/><F129/><W73/><G73/><T21/><D34/><U108/><E108/><V66/><F66/><W17/><G17/><T86/><D86/><U82/><E82/><V22/><F22/><AGARI ba="0,0" hai="2,7,11,15,18,22,59,63,64,85,89,93,112,115" machi="22" ten="30,1000,0" yaku="7,1" doraHai="103" who="3" fromWho="2" sc="398,0,194,0,156,-10,252,10" /><INIT seed="2,0,0,0,3,38" ten="398,194,146,262" oya="2" hai0="20,88,47,32,89,84,15,28,93,21,75,18,10" hai1="123,125,39,112,58,29,5,44,126,127,135,55,19" hai2="86,82,49,117,36,34,107,98,101,16,51,56,72" hai3="1,23,61,53,50,41,22,62,121,113,124,60,14"/><V12/><F34/><W81/><G1/><T71/><D71/><U130/><E29/><V9/><F117/><W97/><G121/><T90/><D75/><U132/><E5/><V40/><F72/><W108/><G108/><T33/><D33/><U64/><E19/><V45/><REACH who="2" step="1"/><F56/><REACH who="2" ten="398,194,136,262" step="2"/><W95/><G113/><T91/><D32/><U87/><E112/><V46/><F46/><W66/><G124/><T116/><D116/><U77/><E123/><V42/><F42/><W105/><G41/><T68/><D68/><U110/><E110/><V4/><F4/><W76/><G23/><T99/><D47/><U104/><E44/><V109/><F109/><W115/><G22/><N who="0" m="8811" /><D28/><U134/><E58/><V103/><F103/><W128/><G115/><T96/><AGARI ba="0,1" hai="10,15,18,84,88,89,90,91,93,96,99" m="8811" machi="96" ten="30,2000,0" yaku="8,1,54,1" doraHai="38" who="0" fromWho="0" sc="398,30,194,-5,136,-10,262,-5" /><INIT seed="3,0,0,0,5,33" ten="428,189,126,257" oya="3" hai0="62,53,9,18,4,92,106,110,93,135,39,100,14" hai1="85,42,71,10,49,16,30,3,86,109,8,21,61" hai2="45,128,125,133,118,77,35,105,22,74,112,101,41" hai3="69,65,111,20,126,102,83,98,66,119,68,70,132"/><W127/><G119/><T96/><D39/><U99/><E109/><V50/><F118/><W32/><G32/><T48/><D135/><U5/><E99/><V59/><F112/><W113/><G113/><T115/><D110/><U28/><E10/><V40/><F35/><W55/><G111/><T17/><D62/><U82/><E86/><V73/><F133/><W117/><G117/><T120/><D120/><U47/><E61/><V0/><F105/><W75/><G132/><T36/><D36/><U84/><E85/><V107/><F107/><W114/><G55/><T130/><D130/><U97/><E97/><V76/><F101/><W91/><G20/><T87/><D115/><U56/><E56/><V129/><F125/><N who="3" m="47627" /><G114/><T94/><D87/><U57/><E57/><V23/><F59/><W44/><G44/><T37/><D37/><U131/><E71/><V95/><F45/><W108/><G108/><T60/><D60/><U88/><REACH who="1" step="1"/><E131/><REACH who="1" ten="428,179,126,257" step="2"/><V90/><F128/><W19/><G19/><T123/><D123/><U81/><E81/><V38/><F129/><W122/><G122/><T11/><D11/><U58/><E58/><V26/><F76/><N who="3" m="44447" /><G91/><T54/><D9/><U79/><E79/><V31/><F77/><W2/><G65/><T12/><D4/><U43/><E43/><V25/><F40/><W29/><G66/><T80/><D54/><U1/><E1/><V63/><F0/><W24/><G2/><T72/><D53/><U51/><E51/><V7/><F50/><W13/><G68/><T15/><D48/><U64/><E64/><V116/><F41/><RYUUKYOKU ba="0,1" sc="428,15,179,15,126,-15,257,-15" hai0="12,14,15,17,18,72,80,92,93,94,96,100,106" hai1="3,5,8,16,21,28,30,42,47,49,82,84,88" /><INIT seed="4,1,1,2,1,84" ten="443,194,111,242" oya="0" hai0="122,95,58,55,90,121,98,79,86,25,33,105,47" hai1="130,13,66,27,40,114,88,89,15,59,109,101,106" hai2="0,87,18,75,46,23,16,9,78,63,85,17,3" hai3="77,60,96,132,115,11,65,22,42,35,29,1,135"/><T73/><D47/><U97/><E109/><V28/><F75/><W68/><G35/><T116/><D116/><U19/><E130/><V67/><F85/><W39/><G77/><T69/><D69/><U120/><E120/><V14/><F46/><N who="3" m="23903" /><G96/><T24/><D24/><U118/><E118/><V94/><F28/><W102/><G102/><N who="0" m="62679" /><D25/><U81/><E114/><V32/><F32/><W51/><G51/><N who="0" m="31103" /><D33/><U131/><E131/><V80/><F94/><W100/><G100/><T41/><D41/><U119/><E119/><V12/><REACH who="2" step="1"/><F18/><REACH who="2" ten="443,194,101,242" step="2"/><W34/><G29/><T50/><D122/><U6/><E106/><V31/><F31/><W72/><G34/><T83/><D121/><U64/><E81/><V129/><F129/><W54/><G72/><T71/><D73/><U113/><E19/><V128/><F128/><W38/><G115/><T57/><D86/><U126/><E113/><V10/><F10/><W45/><G11/><T82/><D82/><U74/><E74/><V124/><F124/><W44/><G45/><T36/><D95/><U111/><E126/><V133/><F133/><W30/><G132/><T108/><D83/><U104/><E104/><V56/><AGARI ba="1,2" hai="0,3,9,12,14,16,17,23,56,63,67,78,80,87" machi="56" ten="20,5200,0" yaku="1,1,0,1,7,1,54,1,53,0" doraHai="84" doraHaiUra="2" who="2" fromWho="2" sc="443,-27,194,-14,101,75,242,-14" /><INIT seed="5,0,0,0,0,35" ten="416,180,176,228" oya="1" hai0="113,55,125,78,57,72,27,52,109,132,75,50,45" hai1="49,131,110,66,59,8,6,51,123,29,133,74,124" hai2="111,41,87,100,18,122,67,37,43,65,36,77,56" hai3="76,30,21,116,83,54,26,11,2,1,71,97,19"/><U24/><E123/><V127/><F122/><W42/><G71/><T69/><D69/><U107/><E74/><V103/><F111/><W62/><G42/><T53/><D132/><U128/><E107/><V16/><F77/><W32/><G97/><T115/><D109/><U28/><E110/><V126/><F56/><W104/><G104/><T98/><D125/><U14/><E124/><V60/><F87/><W81/><G116/><T88/><D78/><U118/><E118/><V120/><F120/><W15/><G32/><T117/><D27/><U47/><E133/><V108/><F108/><W134/><G134/><T9/><D9/><U112/><E112/><V12/><F12/><W34/><G34/><T17/><D17/><U64/><E51/><V38/><F38/><W89/><G89/><T105/><D105/><U121/><E121/><V94/><F94/><W40/><G40/><T31/><D31/><U48/><E48/><V68/><F68/><W80/><REACH who="3" step="1"/><G76/><REACH who="3" ten="416,180,176,218" step="2"/><T90/><D98/><U61/><E128/><V93/><F41/><W58/><AGARI ba="0,1" hai="1,2,11,15,19,21,26,30,54,58,62,80,81,83" machi="58" ten="30,8000,1" yaku="1,1,2,1,0,1,52,2,53,0" doraHai="35" doraHaiUra="129" who="3" fromWho="3" sc="416,-20,180,-40,176,-20,218,90" /><INIT seed="6,0,0,4,1,57" ten="396,140,156,308" oya="2" hai0="30,54,56,81,17,106,12,99,28,127,60,71,93" hai1="2,125,5,66,63,51,46,119,75,49,35,29,62" hai2="82,129,19,91,79,11,117,118,8,10,130,42,84" hai3="37,18,95,40,27,13,113,53,73,25,31,3,55"/><V61/><F42/><W9/><G73/><T68/><D106/><U102/><E75/><V14/><F79/><W128/><G128/><N who="2" m="49257" /><F19/><W110/><G110/><T123/><D123/><U108/><E108/><V86/><F86/><W107/><G107/><T100/><D127/><U124/><E119/><N who="2" m="45579" /><F14/><W16/><G40/><T87/><D71/><U20/><E5/><V23/><F23/><W132/><G18/><T7/><D68/><U69/><E2/><V44/><F44/><W90/><G3/><T50/><D50/><U135/><E35/><V94/><F94/><W104/><G95/><T98/><D98/><U59/><E20/><V39/><F39/><W47/><G53/><T21/><D7/><U0/><E29/><V70/><F10/><W34/><G9/><T112/><D112/><U96/><E0/><V89/><F89/><AGARI ba="0,0" hai="12,17,21,28,30,54,56,60,81,87,89,93,99,100" machi="89" ten="30,3900,0" yaku="7,1,8,1,52,1" doraHai="57" who="0" fromWho="2" sc="396,39,140,0,156,-39,308,0" /><INIT seed="7,0,0,4,0,33" ten="435,140,117,308" oya="3" hai0="104,56,50,99,34,8,36,51,135,130,70,35,93" hai1="98,6,108,22,30,24,126,94,31,85,15,57,42" hai2="131,58,128,114,40,29,105,0,41,68,54,44,38" hai3="133,28,53,49,102,80,1,2,71,129,39,26,77"/><W21/><G71/><T45/><D104/><U103/><E108/><V10/><F105/><W16/><G39/><T32/><D70/><U79/><E126/><V82/><F68/><W52/><G129/><N who="2" m="49737" /><F29/><W118/><G118/><T84/><D135/><U59/><E31/><V100/><F100/><W90/><G133/><T83/><D8/><N who="1" m="4503" /><E42/><N who="2" m="22615" /><F82/><AGARI ba="0,0" hai="22,24,30,57,59,79,82,85,94,98,103" m="4503" machi="82" ten="30,1000,0" yaku="8,1" doraHai="33" who="1" fromWho="2" sc="435,0,140,10,117,-10,308,0" owari="435,53.0,150,-25.0,107,-39.0,308,11.0" /></mjloggm>