<mjloggm ver="2.3"><GO type="97" lobby="0"/><UN n0="%E3%82%B8%E3%83%AA%E8%B2%A7%E4%BB%99%E4%BA%BA" n1="%E5%B0%B1%E6%B4%BB%E7%94%9F%40%E5%B7%9D%E6%9D%91%E8%BB%8D%E5%9B%A3" n2="%E3%83%81%E3%83%AD%E3%83%AD%E8%BB%8D%E6%9B%B9" n3="%E5%8B%95%E7%94%BB%E7%9B%AE%E7%9A%84%EF%BC%9F" dan="14,14,15,14" rate="1939.70,1966.21,1986.42,1905.42" sx="M,M,F,M"/><TAIKYOKU oya="0"/><INIT seed="0,0,0,4,3,3" ten="250,250,250,250" oya="0" hai0="20,55,39,119,48,102,93,109,23,24,113,0,112" hai1="62,29,103,60,70,7,17,8,72,81,68,100,77" hai2="87,121,133,5,2,85,46,11,25,9,120,127,74" hai3="84,75,44,132,59,52,43,107,53,115,65,34,78"/><T129/><D39/><U76/><E29/><V22/><F74/><W21/><G34/><T114/><D119/><U32/><E17/><V64/><F127/><W98/><G75/><T94/><D129/><U128/><E32/><V105/><F105/><W124/><G115/><T116/><D116/><U15/><E128/><V36/><F133/><W91/><G124/><T10/><D109/><U69/><REACH who="1" step="1"/><E77/><REACH who="1" ten="250,240,250,250" step="2"/><V80/><F120/><W110/><G78/><T88/><D102/><AGARI ba="0,1" hai="7,8,15,60,62,68,69,70,72,76,81,100,102,103" machi="102" ten="40,8000,1" yaku="1,1,2,1,52,1,53,1" doraHai="3" doraHaiUra="1" who="1" fromWho="0" sc="250,-80,240,90,250,0,250,0" /><INIT seed="1,0,0,0,2,47" ten="170,330,250,250" oya="1" hai0="91,29,50,65,115,94,135,110,18,128,10,30,31" hai1="43,70,75,111,37,13,27,82,97,98,25,61,96" hai2="106,16,101,15,33,78,72,118,121,59,103,84,28" hai3="125,45,109,11,64,89,5,105,14,1,26,114,22"/><U74/><E111/><V49/><F118/><W71/><G105/><T39/><D39/><U41/><E37/><V35/><F121/><W17/><G114/><T104/><D104/><U129/><E129/><V32/><F72/><W8/><G109/><T23/><D110/><U63/><E13/><V132/><F132/><W93/><G125/><T42/><D135/><U51/><E70/><V120/><F120/><W108/><G108/><T83/><D115/><U57/><E82/><V81/><F28/><W53/><G64/><T55/><D42/><N who="1" m="15883" /><E57/><V86/><F106/><W113/><G113/><T130/><D65/><U21/><E21/><V38/><F38/><W20/><G71/><T92/><D83/><U112/><E112/><V9/><REACH who="2" step="1"/><F86/><REACH who="2" ten="170,330,240,250" step="2"/><W6/><G53/><AGARI ba="0,1" hai="9,15,16,32,33,35,49,53,59,78,81,84,101,103" machi="53" ten="40,8000,1" yaku="1,1,2,1,52,1,54,1,53,0" doraHai="47" doraHaiUra="87" who="2" fromWho="3" sc="170,0,330,0,240,90,250,-80" /><INIT seed="2,0,0,3,4,12" ten="170,330,330,170" oya="2" hai0="49,41,125,29,58,39,13,93,95,134,44,106,47" hai1="111,23,89,62,26,108,96,88,69,6,24,135,78" hai2="55,4,32,120,1,114,97,105,124,71,90,7,28" hai3="16,0,27,98,74,33,130,101,38,91,46,52,73"/><V117/><F117/><W40/><G130/><T18/><D106/><U119/><E119/><V56/><F114/><W94/><G0/><T102/><D29/><U75/><E135/><V64/><F120/><W50/><G33/><T17/><D134/><U57/><E69/><V53/><F124/><W82/><G82/><T66/><D125/><U122/><E122/><V79/><F79/><W126/><G126/><T14/><D66/><U15/><E75/><V110/><F110/><N who="1" m="42025" /><E78/><V121/><F121/><W37/><G101/><T118/><D58/><U107/><E107/><V36/><F36/><W85/><G98/><T19/><D118/><U31/><E26/><N who="2" m="18455" /><F1/><W131/><G131/><T67/><D67/><N who="1" m="39375" /><E96/><V129/><F129/><W99/><G99/><T100/><D39/><U116/><E116/><V132/><F90/><W34/><G38/><T72/><D72/><U87/><E87/><V5/><F56/><W3/><G3/><T127/><D127/><U103/><E103/><N who="0" m="39465" /><D44/><U9/><AGARI ba="0,0" hai="6,9,15,23,24,31,88,89" m="39375,42025" machi="9" ten="30,2000,0" yaku="14,1,54,1" doraHai="12" who="1" fromWho="1" sc="170,-5,330,20,330,-10,170,-5" /><INIT seed="3,0,0,3,1,114" ten="165,350,320,165" oya="3" hai0="90,54,115,111,133,129,58,92,3,9,124,38,46" hai1="100,123,45,20,33,11,125,61,40,47,105,76,7" hai2="41,51,88,68,98,42,16,69,28,106,21,34,80" hai3="26,37,66,2,64,10,107,86,135,59,70,127,57"/><W62/><G107/><T18/><D115/><U85/><E33/><V112/><F112/><W87/><G127/><T63/><D124/><U110/><E123/><V13/><F28/><W131/><G37/><T56/><D129/><U23/><E125/><V52/><F34/><W65/><G135/><T67/><D133/><U24/><E110/><V72/><F68/><W102/><G131/><T99/><D111/><U130/><E130/><V29/><F29/><W91/><G102/><T82/><D82/><U103/><E105/><V75/><F69/><W0/><G26/><T116/><D116/><U55/><E47/><N who="2" m="27775" /><F75/><W119/><G119/><T101/><D3/><U89/><E76/><V73/><F73/><W5/><G0/><T118/><D118/><U77/><E77/><V96/><F72/><W121/><G121/><T17/><D9/><U104/><E104/><V1/><F1/><W14/><G2/><T132/><D132/><U79/><E79/><V25/><F25/><W83/><G70/><T74/><D74/><U94/><E23/><V113/><F106/><W4/><G4/><T122/><D122/><U49/><E61/><V22/><F22/><W120/><G120/><T117/><D117/><U97/><E40/><N who="2" m="15467" /><F113/><W128/><G128/><T30/><D30/><N who="1" m="17671" /><E97/><V50/><F50/><W27/><G27/><T108/><D108/><U78/><E78/><V84/><AGARI ba="0,0" hai="13,16,21,80,84,88,96,98" m="15467,27775" machi="84" ten="30,7900,0" yaku="8,1,54,3" doraHai="114" who="2" fromWho="2" sc="165,-20,350,-20,320,79,165,-39" owari="145,-25.0,330,13.0,399,49.0,126,-37.0" /></mjloggm>