<mjloggm ver="2.3"><GO type="169" lobby="0"/><UN n0="%E3%82%B1%E3%82%A4%EF%BC%91%EF%BC%93" n1="%E3%82%AF%E3%83%AD%E3%83%8E%E3%82%B9%40" n2="%E3%82%A6%E3%83%AB%E3%83%88%E3%83%A9%E7%AB%8B%E7%9B%B4" n3="%E3%81%8B%E3%81%97%E3%81%8B%E3%81%8A" dan="16,17,17,17" rate="2089.43,2172.81,2179.79,2173.24" sx="M,M,M,M"/><TAIKYOKU oya="0"/><INIT seed="0,0,0,2,4,32" ten="250,250,250,250" oya="0" hai0="99,96,129,1,38,20,11,76,133,112,41,3,12" hai1="123,28,88,5,73,104,48,90,82,86,10,101,22" hai2="24,39,135,13,54,77,108,31,23,0,67,7,92" hai3="116,110,65,56,35,124,8,115,70,74,27,2,57"/><T49/><D112/><U14/><E123/><V121/><F39/><W93/><G93/><T97/><D38/><U80/><E104/><V102/><F121/><W71/><G115/><T61/><D129/><U47/><E101/><V25/><F108/><W81/><G110/><T55/><D133/><U126/><E126/><V60/><F135/><W113/><G113/><T33/><D33/><U72/><E28/><V29/><F54/><W63/><G124/><T89/><D89/><U100/><E100/><V128/><F77/><W134/><G134/><T51/><D76/><U6/><E22/><V95/><F128/><W131/><G131/><T43/><D20/><U40/><REACH who="1" step="1"/><E5/><REACH who="1" ten="250,240,250,250" step="2"/><V127/><F127/><W66/><G116/><T87/><D41/><U52/><E52/><V117/><F23/><W69/><G35/><T50/><D43/><U17/><E17/><V109/><F31/><W119/><G119/><T44/><D44/><U125/><E125/><V78/><F29/><W58/><G27/><T42/><D42/><U4/><E4/><V53/><F7/><W30/><G30/><T79/><D11/><U21/><E21/><V91/><F117/><W15/><G8/><T132/><D132/><U46/><E46/><V103/><F109/><W106/><G106/><T64/><D55/><U122/><E122/><V34/><F53/><W26/><G26/><T130/><D130/><U85/><AGARI ba="0,1" hai="6,10,14,40,47,48,72,73,80,82,85,86,88,90" machi="85" ten="30,12000,2" yaku="1,1,0,1,9,1,54,1,53,2" doraHai="32" doraHaiUra="83" who="1" fromWho="1" sc="250,-60,240,130,250,-30,250,-30" /><INIT seed="1,0,0,2,0,60" ten="190,370,220,220" oya="1" hai0="35,3,2,76,135,64,78,38,82,127,125,33,37" hai1="29,4,46,124,100,101,128,8,133,65,86,11,28" hai2="52,77,44,1,34,66,97,41,49,68,74,107,42" hai3="121,22,80,0,27,26,112,25,24,53,59,108,123"/><U58/><E128/><V90/><F34/><W109/><G0/><T7/><D135/><U99/><E124/><V122/><F1/><W17/><G80/><T92/><D82/><U15/><E133/><V118/><F118/><W130/><G130/><T96/><D92/><N who="1" m="58471" /><E101/><V85/><F122/><W45/><G45/><T63/><D63/><N who="1" m="38135" /><E11/><V61/><F77/><W70/><G70/><T129/><D129/><U103/><E103/><V88/><F74/><W91/><G91/><T10/><D10/><U19/><E4/><V131/><F131/><W67/><G67/><T6/><D64/><U120/><E120/><N who="3" m="46154" /><G53/><T51/><REACH who="0" step="1"/><D51/><REACH who="0" ten="180,370,220,220" step="2"/><U106/><E106/><V48/><F107/><W132/><G132/><T134/><D134/><U79/><E46/><V69/><F49/><W50/><G50/><T87/><D87/><U9/><E8/><V115/><F68/><W84/><G84/><T55/><D55/><U39/><E39/><V113/><F97/><AGARI ba="0,1" hai="2,3,6,7,33,35,37,38,76,78,96,97,125,127" machi="97" ten="25,3200,0" yaku="1,1,22,2,53,0" doraHai="60" doraHaiUra="62" who="0" fromWho="2" sc="180,42,370,0,220,-32,220,0" /><INIT seed="2,0,0,3,5,67" ten="222,370,188,220" oya="2" hai0="41,17,75,12,79,25,9,85,40,28,120,52,66" hai1="64,36,135,78,38,62,83,53,16,80,15,1,55" hai2="81,32,63,114,91,82,49,119,122,60,125,92,123" hai3="46,77,87,3,59,117,20,93,89,109,107,44,71"/><V21/><F32/><W6/><G107/><T47/><D75/><U84/><E1/><V45/><F119/><W61/><G117/><T124/><D124/><U99/><E135/><V103/><F125/><W37/><G109/><T112/><D120/><U51/><E99/><V4/><F114/><W101/><G101/><T69/><D112/><U57/><E83/><V42/><F103/><W72/><G20/><T126/><D126/><U0/><E0/><V23/><F4/><W90/><G90/><T68/><D66/><U43/><E43/><V104/><F104/><W2/><G2/><T94/><D41/><U5/><E5/><V113/><F113/><W54/><G37/><T50/><D40/><U86/><E86/><V11/><F11/><W115/><G115/><T19/><D19/><U8/><REACH who="1" step="1"/><E55/><REACH who="1" ten="222,360,188,220" step="2"/><V27/><F123/><W33/><G6/><T133/><D133/><U130/><E130/><V22/><F122/><W70/><G3/><T108/><D108/><U134/><E134/><V116/><F116/><W76/><G72/><T96/><D79/><U111/><E111/><V18/><F82/><W10/><G77/><T26/><D85/><U14/><E14/><V30/><F81/><W58/><G76/><T132/><D132/><U129/><E129/><V29/><F18/><W34/><G87/><T97/><D97/><U39/><E39/><V24/><F22/><W48/><G33/><T73/><D73/><U7/><E7/><V65/><F65/><W95/><G34/><N who="0" m="20751" /><D26/><U100/><E100/><V102/><F102/><W121/><G121/><T105/><D105/><RYUUKYOKU ba="0,1" sc="222,10,360,10,188,10,220,-30" hai0="9,12,17,47,50,52,68,69,94,96" hai1="8,15,16,36,38,51,53,57,62,64,78,80,84" hai2="21,23,24,27,29,30,42,45,49,60,63,91,92" /><INIT seed="2,1,1,2,2,17" ten="232,370,198,190" oya="2" hai0="82,31,15,97,92,90,14,128,20,74,29,84,83" hai1="52,103,59,98,110,88,123,72,95,112,4,81,46" hai2="54,38,36,34,28,11,56,66,21,69,124,102,47" hai3="42,87,13,86,40,6,30,62,117,60,113,65,26"/><V7/><F34/><W77/><G117/><T50/><D128/><U126/><E112/><V32/><F32/><W23/><G113/><T1/><D1/><U119/><E110/><V89/><F124/><W127/><G127/><T79/><D50/><N who="1" m="28759" /><E72/><V107/><F102/><W51/><G51/><T27/><REACH who="0" step="1"/><D29/><REACH who="0" ten="222,370,198,190" step="2"/><U44/><E126/><V41/><F36/><W85/><G77/><AGARI ba="1,2" hai="14,15,20,27,31,74,77,79,82,83,84,90,92,97" machi="77" ten="30,8000,1" yaku="1,1,2,1,7,1,52,1,53,1" doraHai="17" doraHaiUra="18" who="0" fromWho="3" sc="222,103,370,0,198,0,190,-83" /><INIT seed="3,0,0,3,5,73" ten="325,370,198,107" oya="3" hai0="109,15,13,61,100,43,79,122,64,5,45,133,78" hai1="84,106,124,18,108,72,91,93,1,112,107,116,92" hai2="95,26,88,8,115,132,20,60,94,53,33,117,49" hai3="36,74,65,12,38,129,30,83,104,111,25,90,125"/><W80/><G104/><N who="1" m="39978" /><E18/><V81/><F33/><W40/><G65/><T71/><D100/><U85/><E1/><V62/><F132/><W39/><G129/><T9/><D133/><U54/><E54/><V77/><F8/><W89/><G125/><T96/><D96/><U4/><E4/><V102/><F95/><W21/><G111/><T75/><D109/><U41/><E41/><V35/><F102/><W34/><G40/><T6/><D75/><U16/><E16/><N who="2" m="12551" /><F35/><W46/><G46/><T113/><D122/><U42/><E42/><V98/><F115/><W14/><G34/><T76/><D113/><U134/><E112/><V44/><F117/><W67/><G67/><T31/><D31/><U69/><E69/><V128/><F128/><W27/><G74/><T59/><D71/><U22/><E108/><V55/><F55/><W126/><G126/><T131/><D131/><U58/><E134/><V127/><F127/><W86/><REACH who="3" step="1"/><G27/><REACH who="3" ten="325,370,198,97" step="2"/><T28/><D28/><U24/><E72/><V123/><F123/><W2/><G2/><T118/><D118/><U130/><E116/><V51/><F44/><W121/><G121/><T17/><REACH who="0" step="1"/><D13/><REACH who="0" ten="315,370,198,97" step="2"/><U135/><E130/><V0/><F0/><W119/><G119/><T11/><D11/><U97/><E135/><V103/><F53/><W3/><G3/><T52/><D52/><U37/><E124/><V66/><F66/><W48/><G48/><AGARI ba="0,2" hai="5,6,9,15,17,43,45,48,59,61,64,76,78,79" machi="48" ten="40,8000,1" yaku="1,1,8,1,52,3,53,0" doraHai="73" doraHaiUra="110" who="0" fromWho="3" sc="315,100,370,0,198,0,97,-80" /><INIT seed="4,0,0,3,3,86" ten="415,370,198,17" oya="0" hai0="72,123,132,81,134,109,90,82,51,69,71,60,95" hai1="83,46,2,61,70,25,88,20,5,6,92,45,97" hai2="18,117,125,40,54,87,21,16,4,103,106,10,131" hai3="73,133,96,19,113,0,76,37,53,77,55,29,34"/><T59/><D123/><U27/><E2/><V56/><F117/><W84/><G37/><T58/><D51/><U50/><E70/><V12/><F125/><W122/><G0/><T68/><D109/><U94/><E61/><V1/><F131/><W105/><G73/><T135/><D72/><U62/><E62/><V26/><F40/><W116/><G116/><T64/><REACH who="0" step="1"/><D58/><REACH who="0" ten="405,370,198,17" step="2"/><U102/><E45/><V124/><F56/><W100/><G122/><T111/><D111/><U114/><E114/><V15/><F124/><W3/><G113/><T130/><D130/><U79/><E50/><V28/><F106/><W52/><G133/><T91/><D91/><U89/><E46/><V93/><F103/><W31/><G3/><T78/><D78/><U35/><E79/><V48/><F1/><W101/><G101/><T67/><D67/><U36/><E36/><V121/><F121/><W104/><G104/><T13/><D13/><U23/><E35/><V99/><F15/><W47/><G47/><T65/><D65/><U33/><E33/><V7/><F48/><W126/><G126/><T42/><D42/><U129/><E129/><V108/><F12/><W110/><G110/><T43/><D43/><U85/><E27/><V57/><F26/><W80/><G34/><T118/><D118/><U74/><E74/><V98/><F108/><W112/><G112/><T24/><D24/><U9/><E25/><V128/><F128/><W119/><G119/><T44/><D44/><U107/><E107/><V127/><F127/><W66/><G66/><T14/><D14/><N who="1" m="5423" /><E6/><V8/><F4/><RYUUKYOKU ba="0,1" sc="405,15,370,15,198,-15,17,-15" hai0="59,60,64,68,69,71,81,82,90,95,132,134,135" hai1="20,23,83,85,88,89,92,94,97,102" /><INIT seed="4,1,1,0,3,79" ten="420,385,183,2" oya="0" hai0="108,42,2,14,65,87,62,120,67,55,117,85,20" hai1="37,32,30,75,63,121,58,86,13,102,122,17,80" hai2="8,126,10,16,89,39,90,0,52,47,71,46,28" hai3="116,130,92,18,109,38,70,59,53,25,104,100,5"/><T31/><D2/><U112/><E37/><V11/><F71/><W110/><G38/><T36/><D55/><U114/><E75/><V23/><F39/><W74/><G74/><T50/><D50/><U56/><E102/><V40/><F40/><W54/><G70/><T118/><D65/><N who="1" m="39143" /><E58/><V1/><F28/><W125/><G104/><T105/><D62/><U115/><E32/><V97/><F126/><W94/><G116/><T49/><D49/><U96/><E96/><V69/><F69/><W131/><G5/><T27/><D67/><U68/><E30/><V124/><F124/><W119/><G119/><T29/><D31/><U128/><E128/><N who="3" m="49194" /><G125/><T135/><D105/><U15/><E68/><V12/><F0/><W4/><G4/><T34/><D118/><U7/><E7/><V6/><F6/><W41/><G41/><T82/><D117/><U77/><E13/><V24/><F12/><W134/><G134/><T127/><D135/><U64/><E64/><V73/><F73/><W98/><G94/><T129/><D129/><U21/><AGARI ba="1,1" hai="15,17,21,77,80,86,112,114,115,121,122" m="39143" machi="21" ten="30,4000,0" yaku="15,1,11,1,52,1" doraHai="79" who="1" fromWho="1" sc="420,-21,385,53,183,-11,2,-11" owari="399,20.0,438,54.0,172,-23.0,-9,-51.0" /></mjloggm>