<mjloggm ver="2.3"><GO type="97" lobby="0"/><UN n0="%E3%81%BB%E3%82%8D%E9%85%94%E3%81%84%E3%81%A7%E3%81%99" n1="%E3%83%90%E3%82%BF%E3%82%B3%E3%81%A1%E3%82%83%E3%82%93" n2="%E5%B0%B1%E6%B4%BB%E7%94%9F%40%E5%B7%9D%E6%9D%91%E8%BB%8D%E5%9B%A3" n3="%E3%82%82%E3%82%81%E3%82%93%E3%81%AA%E3%81%A1%E3%82%83%E3%81%84" dan="14,13,13,15" rate="1968.79,1823.03,1905.18,2026.62" sx="M,M,M,F"/><TAIKYOKU oya="0"/><INIT seed="0,0,0,5,0,48" ten="250,250,250,250" oya="0" hai0="62,124,55,80,40,125,100,32,94,36,106,95,134" hai1="76,25,74,39,110,44,91,20,66,87,132,33,16" hai2="50,75,70,8,130,129,2,51,84,34,105,92,111" hai3="30,108,17,19,53,6,14,28,1,93,13,38,118"/><T131/><D32/><U89/><E110/><V97/><F34/><W120/><G38/><T5/><D106/><U117/><E117/><V65/><F75/><W116/><G93/><T60/><D134/><U121/><E121/><V27/><F105/><W45/><G120/><T128/><D5/><U18/><E33/><V77/><F111/><W133/><G108/><T103/><D80/><N who="1" m="47495" /><E39/><V26/><F70/><W58/><G45/><T11/><D36/><U0/><E0/><V52/><F65/><W71/><G71/><T29/><D29/><N who="3" m="11369" /><G53/><T114/><D40/><U122/><E74/><V82/><F51/><W104/><G58/><T115/><D11/><U109/><E109/><V69/><F69/><W63/><G63/><T35/><D35/><U126/><E66/><V4/><F129/><W41/><G41/><T46/><D46/><U73/><E73/><V96/><F130/><W68/><G68/><T112/><D112/><U79/><E122/><V42/><F42/><W83/><G83/><T72/><D72/><U81/><E132/><V67/><F67/><W64/><G64/><T102/><D103/><U12/><E44/><V119/><F119/><N who="3" m="45611" /><G104/><T99/><D99/><U37/><E37/><V7/><F97/><W56/><G56/><T24/><D24/><U3/><E25/><V88/><F7/><W86/><G133/><T98/><D98/><U101/><E101/><V47/><AGARI ba="0,0" hai="2,4,8,26,27,47,50,52,77,82,84,88,92,96" machi="47" ten="20,8000,1" yaku="0,1,7,1,52,1,54,2" doraHai="48" who="2" fromWho="2" sc="250,-40,250,-20,250,80,250,-20" /><INIT seed="1,0,0,4,2,100" ten="210,230,330,230" oya="1" hai0="76,20,10,101,81,21,7,39,48,64,112,128,90" hai1="38,122,30,71,93,9,94,73,15,46,41,83,84" hai2="67,4,59,5,63,99,25,91,56,118,2,43,92" hai3="23,40,126,42,74,33,98,24,13,3,87,8,65"/><U115/><E115/><V36/><F118/><W51/><G74/><T0/><D112/><U70/><E73/><V57/><F36/><W80/><G126/><T105/><D128/><U55/><E30/><V6/><F2/><W79/><G33/><T88/><D64/><U107/><E107/><V12/><F43/><W134/><G134/><T77/><D39/><U129/><E122/><V60/><F25/><W110/><G3/><T50/><D101/><U17/><E129/><V66/><REACH who="2" step="1"/><F12/><REACH who="2" ten="210,230,320,230" step="2"/><W109/><G109/><T133/><D0/><U106/><E38/><V62/><AGARI ba="0,1" hai="4,5,6,56,57,59,60,62,63,66,67,91,92,99" machi="62" ten="40,12000,2" yaku="1,1,2,1,0,1,29,2,8,1,53,0" doraHai="100" doraHaiUra="45" who="2" fromWho="2" sc="210,-30,230,-60,320,130,230,-30" /><INIT seed="2,0,0,3,2,81" ten="180,170,450,200" oya="2" hai0="94,18,95,16,20,3,31,35,34,25,55,14,123" hai1="108,21,109,115,91,57,135,103,125,129,62,76,105" hai2="15,126,46,82,1,53,30,58,80,5,48,118,49" hai3="70,19,122,6,27,77,90,104,43,68,131,93,39"/><V116/><F1/><W63/><G122/><T45/><D123/><U134/><E115/><V120/><F120/><W114/><G104/><T121/><D121/><U40/><E125/><V127/><F30/><W66/><G114/><T12/><D3/><U113/><E113/><V98/><F98/><W17/><G131/><T47/><D55/><N who="1" m="34111" /><E76/><V56/><F15/><W75/><G70/><T71/><D71/><U107/><E129/><V110/><F110/><N who="1" m="42601" /><E40/><V79/><F5/><W4/><G75/><T111/><D111/><U2/><E2/><V102/><F102/><W65/><G65/><T52/><D35/><U100/><E21/><V89/><F89/><W72/><G43/><T23/><REACH who="0" step="1"/><D47/><REACH who="0" ten="170,170,450,200" step="2"/><U22/><E22/><V106/><F46/><W97/><G68/><T42/><D42/><U24/><E24/><V64/><F53/><W8/><G27/><T61/><D61/><U101/><E91/><V60/><F60/><W92/><G63/><T32/><D32/><U50/><E50/><AGARI ba="0,1" hai="12,14,16,18,20,23,25,31,34,45,50,52,94,95" machi="50" ten="40,8000,1" yaku="1,1,9,1,54,2,53,0" doraHai="81" doraHaiUra="7" who="0" fromWho="1" sc="170,90,170,-80,450,0,200,0" /><INIT seed="3,0,0,4,4,112" ten="260,90,450,200" oya="3" hai0="101,18,54,69,47,102,80,91,17,22,75,2,9" hai1="71,67,114,20,113,111,28,82,30,89,135,52,92" hai2="27,62,15,110,37,41,95,5,125,88,131,66,16" hai3="40,1,76,104,45,68,19,116,29,107,106,83,14"/><W24/><G1/><T94/><D69/><U127/><E111/><V56/><F110/><W38/><G68/><T93/><D75/><U85/><E135/><V126/><F131/><W55/><G55/><T33/><D33/><U109/><E109/><V50/><F37/><W39/><G39/><T87/><D9/><U10/><E127/><V65/><F5/><W7/><G7/><T49/><D2/><U70/><E10/><V122/><F122/><W73/><G116/><T108/><D108/><U11/><E11/><V128/><F27/><W134/><G134/><T79/><D18/><U98/><E28/><V129/><F41/><W4/><G4/><T100/><D79/><U103/><E67/><V118/><F50/><W115/><G115/><T34/><D34/><U25/><E113/><V124/><F65/><W63/><G63/><T59/><D59/><U35/><E35/><V119/><F15/><AGARI ba="0,0" hai="15,17,22,47,49,54,80,87,91,93,94,100,101,102" machi="15" ten="40,1300,0" yaku="8,1" doraHai="112" who="0" fromWho="2" sc="260,13,90,0,450,-13,200,0" owari="273,7.0,90,-41.0,437,54.0,200,-20.0" /></mjloggm>