<mjloggm ver="2.3"><GO type="97" lobby="0"/><UN n0="%62%61%6B%61%74%6F%6E%6F" n1="%E9%BA%A6%E9%87%8E%E6%B2%88%E5%88%A9" n2="%E3%82%A6%E3%83%AB%E3%83%88%E3%83%A9%E7%AB%8B%E7%9B%B4" n3="%E3%83%A0%E3%83%A9%E3%83%9E%E3%82%B5%E3%81%95%E3%82%93" dan="15,15,14,15" rate="1952.77,2054.56,1923.68,1999.44" sx="M,F,M,M"/><TAIKYOKU oya="0"/><INIT seed="0,0,0,5,4,25" ten="250,250,250,250" oya="0" hai0="124,10,86,98,97,108,104,133,60,94,107,33,125" hai1="75,131,62,56,91,22,50,0,45,27,132,38,126" hai2="128,44,129,118,26,99,66,34,65,83,82,87,68" hai3="30,4,80,110,114,37,120,101,85,48,73,95,29"/><T112/><D112/><U117/><E117/><V32/><F118/><W24/><G37/><T61/><D33/><N who="2" m="12906" /><F26/><W63/><G120/><T70/><D133/><U74/><E0/><V135/><F87/><W13/><G114/><T54/><D108/><U51/><E132/><V18/><F18/><W49/><G73/><T102/><D10/><U23/><E38/><V93/><F44/><W81/><G110/><T5/><D5/><U105/><E105/><V127/><F135/><W19/><G4/><T1/><D1/><U92/><E131/><N who="2" m="50251" /><F68/><W76/><G63/><N who="0" m="24139" /><D70/><U55/><E126/><N who="0" m="48745" /><D97/><U79/><E79/><V109/><F109/><W88/><G101/><T16/><D86/><U8/><E8/><V111/><F111/><W12/><G12/><T69/><D69/><U59/><E74/><V21/><F21/><N who="3" m="11503" /><G24/><T7/><D7/><U106/><E75/><V41/><F127/><W58/><G58/><T3/><D3/><U20/><E27/><V9/><F9/><W47/><G49/><T17/><D54/><U52/><E106/><AGARI ba="0,0" hai="16,17,94,98,102,104,106,107" m="48745,24139" machi="106" ten="30,2900,0" yaku="18,1,54,1" doraHai="25" who="0" fromWho="1" sc="250,29,250,-29,250,0,250,0" /><INIT seed="0,1,0,3,2,135" ten="279,221,250,250" oya="0" hai0="29,105,115,18,110,118,5,59,52,129,85,46,19" hai1="45,69,84,88,95,123,78,15,111,92,77,1,30" hai2="23,121,107,55,71,58,90,100,38,2,44,20,91" hai3="70,56,25,83,134,63,87,113,48,72,80,35,116"/><T33/><D118/><U61/><E1/><V32/><F2/><W125/><G116/><T36/><D115/><U16/><E123/><V96/><F121/><W24/><G113/><T43/><D105/><U31/><E111/><V17/><F32/><W117/><G117/><T50/><D110/><U133/><E133/><V120/><F71/><W112/><G112/><T89/><D129/><U28/><E45/><V62/><F120/><W12/><G134/><T9/><D29/><U34/><E34/><V79/><F79/><W94/><G70/><T65/><D33/><U132/><E132/><V127/><F38/><W64/><G35/><T73/><D73/><U98/><E61/><V49/><F20/><W7/><G125/><T102/><D102/><N who="1" m="60743" /><E69/><V82/><F82/><N who="3" m="31275" /><G72/><T14/><D65/><U99/><E99/><V0/><F0/><W66/><G66/><T103/><D103/><U122/><E122/><V57/><F57/><W104/><G104/><T13/><D14/><U6/><E6/><V26/><REACH who="2" step="1"/><F127/><REACH who="2" ten="279,221,240,250" step="2"/><W74/><G74/><T41/><D43/><AGARI ba="1,1" hai="17,23,26,43,44,49,55,58,62,90,91,96,100,107" machi="43" ten="30,3900,0" yaku="1,1,2,1,7,1,53,0" doraHai="135" doraHaiUra="27" who="2" fromWho="0" sc="279,-42,221,0,240,52,250,0" /><INIT seed="1,0,0,2,5,26" ten="237,221,292,250" oya="1" hai0="11,101,85,95,30,23,96,121,80,42,116,76,134" hai1="112,113,67,49,104,64,119,125,99,92,65,47,27" hai2="90,98,17,109,40,46,41,54,131,4,73,107,130" hai3="21,78,28,106,117,35,110,48,32,14,132,66,52"/><U62/><E119/><V44/><F73/><W79/><G106/><T39/><D121/><U123/><E123/><V69/><F69/><W74/><G117/><T94/><D134/><U2/><E2/><V13/><F4/><W1/><G1/><T82/><D116/><U75/><E75/><V89/><F107/><W102/><G102/><T108/><D108/><U37/><E37/><V93/><F89/><W0/><G0/><T9/><D80/><U36/><E36/><V105/><F105/><W43/><G43/><N who="2" m="16457" /><F109/><W100/><G100/><T61/><D95/><U5/><E5/><V22/><F54/><W83/><G79/><T81/><D81/><U57/><E104/><V88/><F90/><W58/><G110/><T33/><D33/><U12/><E125/><V128/><AGARI ba="0,0" hai="13,17,22,44,46,88,93,98,128,130,131" m="16457" machi="128" ten="40,2700,0" yaku="19,1,54,1" doraHai="26" who="2" fromWho="2" sc="237,-7,221,-13,292,27,250,-7" /><INIT seed="2,0,0,2,5,19" ten="230,208,319,243" oya="2" hai0="52,93,87,47,117,29,10,8,91,70,37,49,126" hai1="60,17,55,115,45,7,35,16,77,38,80,111,100" hai2="112,135,130,134,72,48,98,82,67,30,68,76,26" hai3="57,42,99,20,59,73,2,0,124,9,36,12,119"/><V15/><F112/><W110/><G119/><T118/><D70/><U116/><E115/><V125/><F48/><W21/><G73/><T113/><D113/><U132/><E35/><N who="2" m="20951" /><F15/><W88/><G124/><T94/><D126/><U11/><E116/><N who="0" m="44649" /><D37/><U51/><E38/><V65/><F125/><W46/><G110/><T83/><D29/><U103/><E111/><V25/><F25/><W6/><G2/><T56/><D56/><N who="3" m="21577" /><G36/><T1/><D1/><U27/><E60/><N who="2" m="39975" /><F67/><W61/><G0/><T14/><D10/><U131/><E131/><V22/><F22/><N who="3" m="8811" /><G61/><T31/><D31/><U34/><E34/><V75/><F75/><W96/><G42/><T122/><D122/><U92/><E27/><V32/><F130/><W33/><G33/><T24/><D24/><U58/><E58/><V66/><F32/><W3/><G3/><T71/><D71/><U127/><E127/><V78/><F66/><W102/><G102/><T106/><D106/><U81/><E100/><V4/><F72/><W123/><G123/><T39/><D39/><U63/><E63/><V43/><F43/><W85/><G46/><T95/><D83/><AGARI ba="0,0" hai="6,9,12,83,85,88,96,99" m="8811,21577" machi="83" ten="30,8000,1" yaku="8,1,52,3,54,1" doraHai="19" who="3" fromWho="0" sc="230,-80,208,0,319,0,243,80" /><INIT seed="3,0,0,2,5,127" ten="150,208,319,323" oya="3" hai0="89,131,50,53,61,134,129,10,57,51,91,77,7" hai1="32,59,120,108,125,55,102,92,69,15,54,116,16" hai2="39,122,24,41,45,42,56,118,71,25,36,44,82" hai3="100,121,34,12,2,27,8,97,130,106,64,78,5"/><W81/><G121/><T84/><D134/><U86/><E69/><V35/><F118/><W98/><G97/><T80/><D51/><U70/><E70/><V73/><F71/><W66/><G12/><T93/><D50/><U0/><E0/><V30/><F122/><W46/><G46/><T49/><D61/><U65/><E32/><V29/><F56/><W11/><G11/><T40/><D40/><U13/><E13/><V117/><F117/><W48/><G48/><T17/><D17/><U96/><E125/><V63/><F63/><W58/><G58/><T95/><D95/><U37/><E37/><V83/><F73/><N who="3" m="43215" /><G66/><T62/><D62/><N who="1" m="38111" /><E108/><V85/><F85/><W124/><G64/><T4/><D91/><U60/><E116/><V52/><F52/><N who="1" m="20009" /><E120/><V113/><F113/><W135/><G124/><T9/><D9/><N who="1" m="6255" /><E60/><V21/><AGARI ba="0,0" hai="21,24,25,29,30,35,36,39,41,42,44,45,82,83" machi="21" ten="20,2700,0" yaku="0,1,7,1,9,1" doraHai="127" who="2" fromWho="2" sc="150,-7,208,-7,319,27,323,-13" owari="143,-36.0,201,-20.0,346,45.0,310,11.0" /></mjloggm>