<mjloggm ver="2.3"><GO type="169" lobby="0"/><UN n0="%E3%82%A6%E3%83%AB%E3%83%88%E3%83%A9%E7%AB%8B%E7%9B%B4" n1="%2A%E3%81%B6%E3%81%A3%E3%81%A1%2A" n2="%E3%83%86%E3%83%AC%E3%83%93%E3%81%A3%E5%AD%90" n3="%79%61%6D%69" dan="16,16,16,17" rate="2119.56,2087.46,2025.10,2220.99" sx="M,M,M,M"/><TAIKYOKU oya="0"/><INIT seed="0,0,0,4,0,76" ten="250,250,250,250" oya="0" hai0="7,67,38,95,135,116,119,10,50,61,102,84,17" hai1="23,6,71,37,52,96,122,131,82,49,75,53,118" hai2="34,115,28,117,25,100,97,89,19,32,106,45,108" hai3="78,134,133,123,127,90,1,128,57,70,3,27,39"/><T77/><D38/><U8/><E37/><V55/><F108/><W14/><G70/><T65/><D65/><U11/><E118/><V98/><F115/><W66/><G39/><T42/><D135/><N who="3" m="51721" /><G78/><T114/><D114/><U5/><E122/><V33/><F117/><W4/><G90/><T86/><D17/><U120/><E71/><V68/><F68/><W132/><G57/><T47/><D102/><U63/><E63/><V46/><F19/><W24/><G66/><T107/><D107/><U101/><E131/><V40/><F55/><W74/><G74/><T60/><D86/><U94/><E120/><V43/><F89/><W44/><G44/><T109/><D61/><U59/><E53/><V88/><F46/><W20/><G132/><T69/><D109/><U2/><E75/><V35/><REACH who="2" step="1"/><F45/><REACH who="2" ten="250,250,240,250" step="2"/><W15/><G123/><T9/><D116/><U105/><E52/><V72/><F72/><W0/><G128/><T121/><D119/><U83/><E101/><V112/><F112/><W126/><G4/><T58/><D121/><U12/><E6/><V26/><F26/><N who="3" m="9771" /><G20/><T87/><D69/><U22/><E23/><V56/><F56/><W36/><G36/><T130/><D130/><U104/><E22/><V93/><AGARI ba="0,1" hai="25,28,32,33,34,35,40,43,88,93,97,98,100,106" machi="93" ten="40,12000,2" yaku="1,1,0,1,54,1,53,4" doraHai="76" doraHaiUra="29" who="2" fromWho="2" sc="250,-60,250,-30,240,130,250,-30" /><INIT seed="1,0,0,5,0,5" ten="190,220,370,220" oya="1" hai0="131,21,126,82,45,69,52,66,14,23,42,68,27" hai1="109,104,122,102,108,7,112,84,29,85,120,128,118" hai2="127,1,110,64,43,103,32,90,0,91,95,96,10" hai3="49,17,134,33,94,13,124,36,40,100,41,37,6"/><U8/><E104/><V113/><F32/><W35/><G6/><T73/><D66/><U44/><E102/><V105/><F127/><W74/><G94/><T83/><D126/><U12/><E44/><V51/><F110/><N who="1" m="42601" /><E118/><V55/><F64/><W34/><G49/><T24/><D131/><U22/><E128/><V62/><F62/><W98/><G98/><T11/><D69/><U135/><E112/><V61/><F61/><W67/><G67/><T38/><D68/><U97/><E97/><V111/><F43/><W3/><G100/><T89/><D73/><U54/><E54/><V81/><F113/><W117/><G74/><T63/><D89/><U15/><E135/><V60/><F60/><W71/><G3/><T65/><D65/><U9/><E85/><V87/><F111/><W132/><G71/><T93/><D93/><U115/><E84/><V80/><F80/><W25/><G117/><T121/><D121/><U58/><E58/><V119/><F119/><W86/><G124/><T59/><D82/><U56/><E56/><N who="2" m="32895" /><F105/><W116/><G116/><T79/><D83/><U106/><E106/><V46/><F46/><W31/><G134/><T20/><REACH who="0" step="1"/><D79/><REACH who="0" ten="180,220,370,220" step="2"/><U88/><E115/><V30/><F91/><W125/><G132/><T99/><D99/><U133/><E88/><V107/><F95/><W70/><G125/><T48/><D48/><U2/><E133/><V77/><F77/><W4/><G70/><T123/><D123/><U114/><E114/><V72/><F72/><W18/><G86/><T19/><AGARI ba="0,1" hai="11,14,19,20,21,23,24,27,38,42,45,52,59,63" machi="19" ten="30,8000,1" yaku="1,1,0,1,52,1,54,1,53,1" doraHai="5" doraHaiUra="39" who="0" fromWho="0" sc="180,90,220,-40,370,-20,220,-20" /><INIT seed="2,0,0,4,5,113" ten="270,180,350,200" oya="2" hai0="35,1,41,53,79,3,8,83,91,66,93,40,0" hai1="100,21,59,47,112,89,73,131,2,126,44,107,98" hai2="11,129,62,27,103,56,61,49,20,48,17,133,77" hai3="63,55,106,46,67,80,6,30,34,97,13,118,33"/><V114/><F114/><W95/><G80/><T104/><D35/><U23/><E112/><V14/><F133/><W42/><G106/><T135/><D104/><U70/><E70/><V22/><F129/><W12/><G55/><T71/><D66/><U5/><E73/><V87/><F103/><W92/><G6/><T39/><D71/><U4/><E89/><V51/><F22/><W32/><G30/><T31/><D31/><U24/><E23/><V74/><F74/><W65/><G118/><T69/><D69/><U28/><E131/><V132/><F132/><W122/><G122/><T125/><D53/><U25/><E25/><V94/><F56/><W85/><G85/><T43/><D135/><U64/><E4/><V127/><F127/><W82/><G82/><T29/><D29/><U37/><E126/><V36/><F36/><W54/><G54/><T119/><D119/><U117/><E37/><V110/><F110/><W52/><G52/><T18/><D39/><U50/><E117/><V116/><F116/><W60/><G97/><T38/><D38/><U58/><E47/><V115/><F115/><W57/><G57/><T96/><D125/><U101/><E59/><V121/><F121/><W88/><G34/><T68/><D68/><U45/><E45/><V19/><REACH who="2" step="1"/><F77/><REACH who="2" ten="270,180,340,200" step="2"/><W86/><G33/><T78/><D78/><U108/><E58/><V105/><F105/><W72/><G32/><T15/><D79/><U123/><E107/><V76/><F76/><W75/><G75/><T130/><D130/><U16/><E123/><V124/><F124/><W134/><G72/><RYUUKYOKU ba="0,1" sc="270,15,180,-15,340,15,200,-15" hai0="0,1,3,8,15,18,40,41,43,83,91,93,96" hai2="11,14,17,19,20,27,48,49,51,61,62,87,94" /><INIT seed="2,1,1,2,3,111" ten="285,165,355,185" oya="2" hai0="56,61,83,94,43,62,75,115,118,63,21,108,88" hai1="42,66,50,28,0,16,18,101,33,129,81,53,70" hai2="90,27,80,110,77,1,20,17,5,106,122,46,84" hai3="13,104,36,51,123,9,99,45,85,135,114,76,82"/><V14/><F110/><W6/><G123/><T58/><D108/><U38/><E129/><V57/><F106/><W96/><G135/><T67/><D115/><U74/><E0/><V73/><F122/><W54/><G36/><T119/><D43/><U71/><E101/><V34/><F46/><W91/><G104/><T79/><D21/><U22/><E33/><V44/><F44/><W35/><G35/><T69/><D69/><U55/><E38/><V107/><F107/><W127/><G127/><T89/><D63/><U26/><E42/><V117/><F117/><N who="0" m="44554" /><D94/><U133/><E133/><V92/><F57/><W134/><G134/><T48/><D48/><U132/><E132/><V59/><F59/><W113/><REACH who="3" step="1"/><G76/><REACH who="3" ten="285,165,355,175" step="2"/><T47/><D47/><N who="1" m="27871" /><E71/><V60/><F34/><W24/><G24/><T30/><D58/><U103/><E70/><V100/><F27/><W11/><G11/><T130/><D130/><U120/><E120/><V65/><F77/><W31/><G31/><T112/><D30/><U23/><E28/><V3/><F20/><W29/><G29/><T86/><D61/><U19/><E23/><V32/><F60/><W98/><AGARI ba="1,2" hai="6,9,13,45,51,54,82,85,91,96,98,99,113,114" machi="98" ten="30,7900,0" yaku="1,1,0,1,52,2,53,0" doraHai="111" doraHaiUra="125" who="3" fromWho="3" sc="285,-21,165,-21,355,-40,175,102" /><INIT seed="3,0,0,3,3,68" ten="264,144,315,277" oya="3" hai0="124,128,108,0,82,102,58,107,100,131,30,133,72" hai1="5,42,57,123,28,40,49,76,19,46,93,65,87" hai2="88,113,6,105,98,64,84,34,23,43,130,134,51" hai3="11,89,26,56,59,33,120,27,81,66,104,32,71"/><W70/><G104/><T69/><D69/><U119/><E123/><V24/><F130/><W78/><G89/><T91/><D0/><U7/><E119/><V126/><F134/><W17/><G11/><T20/><D58/><U92/><E28/><V39/><F34/><W45/><G45/><T67/><D67/><U110/><E110/><V12/><F64/><W85/><G120/><T118/><D20/><U74/><E74/><V75/><F75/><W90/><G59/><T22/><D22/><U94/><E19/><V36/><F126/><W54/><G66/><T29/><D29/><U35/><E35/><V15/><F113/><W8/><G33/><T121/><D30/><U16/><E16/><V115/><F115/><W79/><G70/><T52/><D52/><U132/><E42/><V25/><F105/><W21/><G71/><T73/><D121/><U103/><E103/><V48/><F98/><W109/><G109/><T1/><D1/><U63/><REACH who="1" step="1"/><E132/><REACH who="1" ten="264,134,315,277" step="2"/><V53/><F43/><W50/><G32/><T111/><D133/><U14/><E14/><V41/><F41/><W101/><G101/><T125/><D107/><U114/><E114/><V112/><F112/><W77/><G8/><T37/><D118/><U38/><E38/><V117/><F117/><W95/><REACH who="3" step="1"/><G27/><REACH who="3" ten="264,134,315,267" step="2"/><T61/><D111/><U80/><AGARI ba="0,2" hai="5,7,40,46,49,57,63,65,76,80,87,92,93,94" machi="80" ten="30,4000,0" yaku="1,1,0,1,8,1,53,0" doraHai="68" doraHaiUra="96" who="1" fromWho="1" sc="264,-10,134,60,315,-10,267,-20" /><INIT seed="4,0,0,1,0,129" ten="254,194,305,247" oya="0" hai0="8,96,55,41,16,82,21,113,30,77,25,90,92" hai1="26,32,10,97,89,35,23,94,114,78,80,109,70" hai2="131,87,13,50,71,128,79,20,43,84,72,46,45" hai3="17,64,24,59,2,88,118,130,74,53,66,95,68"/><T42/><D113/><U76/><E109/><V124/><F71/><W4/><G68/><T47/><D55/><U100/><E114/><V69/><F69/><W121/><G74/><T9/><D30/><U86/><E70/><V120/><F120/><W3/><G130/><N who="2" m="49705" /><F124/><W101/><G101/><T29/><D29/><U22/><E10/><V6/><F72/><W107/><G107/><T83/><D42/><U60/><E60/><V117/><F117/><W102/><G102/><T39/><REACH who="0" step="1"/><D83/><REACH who="0" ten="244,194,305,247" step="2"/><U132/><E80/><V123/><F43/><W0/><G53/><T12/><D12/><U7/><E35/><V104/><F13/><W122/><G2/><T54/><D54/><U126/><E32/><V93/><F123/><W36/><G3/><T106/><D106/><U110/><E126/><V67/><F104/><W105/><G0/><T135/><D135/><U115/><E132/><V133/><F133/><W91/><G105/><T1/><D1/><U27/><E115/><V28/><F28/><W127/><G127/><T73/><AGARI ba="0,1" hai="8,9,16,21,25,39,41,47,73,77,82,90,92,96" machi="73" ten="20,12000,1" yaku="1,1,0,1,7,1,54,1,53,1" doraHai="129" doraHaiUra="19" who="0" fromWho="0" sc="244,130,194,-40,305,-40,247,-40" /><INIT seed="4,1,0,2,3,135" ten="374,154,265,207" oya="0" hai0="53,61,36,31,37,120,45,1,99,97,59,128,98" hai1="28,47,84,127,91,70,41,44,20,77,78,58,93" hai2="27,119,132,6,8,124,90,57,117,113,65,64,19" hai3="79,102,86,88,83,115,7,81,26,67,9,121,11"/><T82/><D1/><U40/><E70/><V116/><F113/><W25/><G115/><T68/><D120/><U96/><E127/><V130/><F130/><W56/><G121/><T21/><D128/><U66/><E44/><V54/><F90/><W87/><G102/><T100/><D68/><U109/><E109/><V14/><F124/><W42/><G42/><T32/><D32/><U4/><E4/><V85/><F85/><W34/><G34/><T74/><D37/><U16/><E28/><V95/><F95/><W3/><REACH who="3" step="1"/><G11/><REACH who="3" ten="374,154,265,197" step="2"/><T48/><D100/><N who="1" m="60431" /><E41/><V106/><F132/><W22/><G22/><T112/><D112/><U2/><E40/><V129/><F129/><W110/><G110/><T0/><D21/><U13/><E2/><V75/><F119/><W111/><G111/><T89/><D0/><U33/><E33/><V131/><F117/><W92/><G92/><T30/><D36/><U105/><E105/><V103/><F116/><W5/><G5/><T43/><D74/><U55/><E66/><V35/><F75/><W133/><G133/><T49/><D49/><N who="1" m="31087" /><E47/><V134/><F131/><W108/><G108/><T52/><D43/><U123/><E123/><V23/><F134/><W63/><AGARI ba="1,1" hai="3,7,9,25,26,56,63,67,79,81,83,86,87,88" machi="63" ten="30,4000,0" yaku="1,1,0,1,54,1,53,0" doraHai="135" doraHaiUra="10" who="3" fromWho="3" sc="374,-21,154,-11,265,-11,197,53" /><INIT seed="5,0,0,3,1,83" ten="353,143,254,250" oya="1" hai0="3,25,102,7,28,48,59,123,71,72,9,45,95" hai1="42,49,82,17,65,19,20,88,38,90,54,103,96" hai2="76,21,124,99,11,47,130,120,37,122,91,33,56" hai3="30,10,41,108,12,101,32,50,35,53,93,6,117"/><U1/><E1/><V70/><F70/><W107/><G107/><T15/><D72/><U109/><E109/><V61/><F33/><W22/><G41/><T24/><D71/><U75/><E65/><V78/><F130/><W84/><G117/><T18/><D59/><U2/><E2/><V89/><F124/><W14/><G108/><T129/><D129/><U68/><E68/><V52/><F11/><W55/><G101/><T85/><D123/><U77/><E42/><V58/><F21/><W62/><G62/><T69/><D69/><U43/><E43/><V118/><F118/><W16/><G30/><T127/><D127/><U0/><E0/><V113/><F113/><W74/><G74/><T87/><D25/><U92/><E38/><V110/><F110/><W51/><G51/><T126/><D126/><U121/><E121/><V39/><F99/><W34/><REACH who="3" step="1"/><G50/><REACH who="3" ten="353,143,254,240" step="2"/><T60/><D60/><U104/><E90/><AGARI ba="0,1" hai="6,10,12,14,16,22,32,34,35,53,55,84,90,93" machi="90" ten="40,8000,1" yaku="1,1,2,1,52,1,54,1,53,0" doraHai="83" doraHaiUra="79" who="3" fromWho="1" sc="353,0,143,-80,254,0,240,90" /><INIT seed="6,0,0,0,2,84" ten="353,63,254,330" oya="2" hai0="44,120,21,56,59,65,93,99,106,135,53,82,86" hai1="107,17,5,32,28,40,116,51,80,132,74,96,119" hai2="45,115,18,111,113,64,25,125,60,9,70,34,122" hai3="100,75,14,69,57,68,55,13,38,46,103,39,3"/><V43/><F122/><W19/><G75/><T89/><D106/><U95/><E107/><V110/><F34/><W52/><G3/><T114/><D120/><U27/><E132/><V112/><F25/><W42/><G19/><T94/><D114/><U77/><E17/><V61/><F18/><W98/><G98/><T79/><D21/><U7/><E40/><V78/><F78/><W62/><G100/><T0/><D0/><U92/><E92/><V129/><F9/><W128/><G103/><T134/><D65/><U90/><REACH who="1" step="1"/><E51/><REACH who="1" ten="353,53,254,330" step="2"/><N who="2" m="27071" /><F115/><W31/><G42/><T22/><D94/><U101/><E101/><V29/><F112/><W118/><G39/><T102/><D102/><U1/><E1/><V41/><F113/><W24/><G38/><T33/><D93/><U63/><E63/><V71/><F41/><W81/><G62/><T130/><D135/><U87/><E87/><V85/><F85/><W83/><G31/><T91/><D86/><U133/><E133/><V117/><F29/><W20/><G118/><AGARI ba="0,1" hai="5,7,27,28,32,74,77,80,90,95,96,116,118,119" machi="118" ten="40,2600,0" yaku="1,1,52,1,53,0" doraHai="84" doraHaiUra="124" who="1" fromWho="3" sc="353,0,53,36,254,0,330,-26" /><INIT seed="7,0,0,0,1,110" ten="353,89,254,304" oya="3" hai0="104,30,23,35,92,9,59,108,101,97,124,120,76" hai1="68,84,74,131,114,50,116,60,70,99,86,54,132" hai2="11,34,113,22,36,80,1,26,29,119,128,6,58" hai3="48,125,77,67,121,100,107,94,41,18,83,62,51"/><W55/><G121/><T105/><D35/><U126/><E84/><V64/><F36/><W2/><G2/><T118/><D118/><U39/><E86/><V127/><F119/><W32/><G125/><T5/><D108/><U81/><E81/><V7/><F127/><W25/><G41/><T37/><D37/><U49/><E99/><V123/><F123/><W14/><G94/><T89/><D76/><U71/><E74/><V66/><F128/><W78/><G14/><T38/><D38/><U21/><E21/><V103/><F80/><W69/><G18/><T87/><D124/><U106/><E106/><V56/><F103/><W75/><G55/><T15/><D120/><U98/><E98/><V33/><F113/><W135/><G135/><T102/><D59/><N who="1" m="34935" /><E116/><V130/><F130/><W16/><G78/><T112/><D112/><U72/><E72/><V27/><F22/><W95/><G95/><T45/><D45/><U82/><E82/><V88/><F11/><W0/><G0/><T28/><D23/><U24/><E126/><V134/><F1/><W17/><G51/><N who="1" m="19466" /><E131/><V43/><F29/><N who="0" m="11370" /><D104/><U31/><E132/><V109/><F134/><W46/><G32/><T117/><D117/><U115/><E31/><V129/><F129/><W61/><G25/><T122/><D122/><U44/><E24/><V8/><F8/><W20/><G20/><T79/><D105/><U63/><E63/><V47/><F109/><W57/><G62/><T91/><D79/><U73/><E73/><V12/><F88/><N who="0" m="33866" /><D102/><U65/><E65/><V13/><F64/><W93/><G107/><RYUUKYOKU ba="0,0" sc="353,15,89,15,254,-15,304,-15" hai0="5,9,15,87,92,97,101" hai1="39,44,68,70,71,114,115" owari="368,47.0,104,-40.0,239,-16.0,289,9.0" /></mjloggm>