<mjloggm ver="2.3"><GO type="97" lobby="0"/><UN n0="%E3%83%8E%E3%83%AA%E3%83%83%E3%82%AF%E3%82%B9" n1="%61%69%72%6D%61%67%6D%61" n2="%E3%82%A6%E3%83%AB%E3%83%88%E3%83%A9%E7%AB%8B%E7%9B%B4" n3="%68%61%7A%65%6E%6F%6B%6F" dan="13,13,14,13" rate="1852.08,1813.16,1950.74,1918.29" sx="M,M,M,M"/><TAIKYOKU oya="0"/><INIT seed="0,0,0,4,1,44" ten="250,250,250,250" oya="0" hai0="18,40,1,131,32,109,51,113,33,63,13,27,104" hai1="0,82,89,25,67,103,55,71,54,92,77,8,79" hai2="56,7,28,110,85,37,124,126,41,14,111,53,86" hai3="99,66,30,68,125,65,43,72,133,70,11,122,29"/><T3/><D104/><U21/><E103/><V26/><F41/><W5/><G133/><T134/><D63/><U15/><E0/><N who="0" m="73" /><D51/><U38/><E38/><V114/><F37/><W34/><G125/><N who="2" m="48233" /><F114/><W112/><G112/><T123/><D40/><U22/><E22/><N who="2" m="15447" /><F14/><W116/><G116/><T83/><D83/><U17/><E71/><V57/><F7/><W62/><G72/><T10/><D113/><U105/><E105/><V91/><F57/><W74/><G122/><T61/><D61/><U42/><E67/><V6/><F6/><W69/><G74/><T52/><D52/><N who="1" m="20011" /><E42/><V108/><F91/><W96/><G43/><T135/><D123/><U19/><E82/><V58/><F58/><W45/><G45/><T94/><D94/><U118/><E118/><V76/><F76/><W81/><G34/><N who="0" m="13419" /><D131/><U84/><AGARI ba="0,0" hai="8,15,17,19,21,25,77,79,84,89,92" m="20011" machi="84" ten="30,2000,0" yaku="8,1,54,1" doraHai="44" who="1" fromWho="1" sc="250,-10,250,20,250,-5,250,-5" /><INIT seed="1,0,0,4,4,3" ten="240,270,245,245" oya="1" hai0="71,29,36,20,110,43,54,40,53,44,116,9,50" hai1="130,22,31,52,34,118,105,57,84,47,109,39,93" hai2="131,107,91,90,68,88,73,104,27,72,37,121,135" hai3="69,38,41,125,15,25,66,113,87,83,106,76,51"/><U103/><E105/><N who="2" m="40523" /><F27/><W122/><G113/><T114/><D71/><U24/><E118/><V14/><F14/><W117/><G122/><T13/><D116/><U59/><E130/><V67/><F67/><W97/><G125/><T4/><D114/><U85/><E109/><V64/><F64/><W5/><G117/><T6/><D110/><U111/><E111/><V119/><F37/><W49/><G25/><N who="0" m="16551" /><D36/><U2/><E2/><V28/><F28/><W74/><G66/><T11/><D11/><U48/><E39/><V33/><F33/><W18/><G69/><T8/><D8/><U133/><E133/><V60/><F60/><W127/><G127/><T62/><D62/><U12/><E34/><V78/><F68/><W32/><G32/><T132/><D132/><U124/><E124/><V89/><F119/><W120/><G120/><T46/><D46/><U23/><E23/><V7/><F121/><W1/><G87/><N who="1" m="33354" /><E12/><V101/><F135/><W30/><G30/><T123/><D123/><U92/><E103/><V134/><F134/><W95/><G106/><T77/><D77/><U35/><E35/><V55/><N who="2" m="23040" /><DORA hai="115" /><V80/><F131/><W58/><G58/><AGARI ba="0,0" hai="22,24,31,47,48,52,57,58,59,92,93" m="33354" machi="58" ten="30,2900,0" yaku="8,1,54,1" doraHai="3,115" who="1" fromWho="3" sc="240,0,270,29,245,0,245,-29" /><INIT seed="1,1,0,0,5,102" ten="240,299,245,216" oya="1" hai0="21,97,129,108,63,18,57,100,16,91,80,98,87" hai1="60,12,111,81,89,127,71,114,55,34,15,33,13" hai2="83,126,24,117,5,75,93,72,109,70,86,45,121" hai3="35,123,128,56,52,69,90,61,4,40,79,32,84"/><U94/><E114/><V64/><F121/><W20/><G123/><T47/><D108/><U107/><E127/><V26/><F117/><W8/><G128/><T23/><D129/><U118/><E107/><V7/><F109/><W17/><G79/><T14/><D47/><U101/><E118/><V82/><F70/><W77/><G40/><T30/><D30/><U54/><E111/><V25/><F64/><W132/><G77/><T73/><D73/><U116/><E116/><V62/><F62/><W9/><G132/><T10/><D100/><U115/><E115/><V124/><F45/><W68/><G9/><T3/><D3/><U88/><E101/><V19/><F19/><W92/><G69/><T103/><D103/><U46/><E81/><N who="2" m="30731" /><F86/><W36/><G68/><T44/><D44/><U58/><E71/><V134/><F93/><W59/><G59/><T74/><D74/><N who="2" m="28202" /><F134/><W43/><G43/><T112/><D112/><U85/><REACH who="1" step="1"/><E89/><REACH who="1" ten="240,289,245,216" step="2"/><V29/><F29/><W95/><G36/><T31/><D31/><U53/><E53/><V37/><F37/><W11/><G35/><T105/><D105/><U65/><E65/><V99/><F126/><W131/><G32/><T0/><D0/><U51/><AGARI ba="1,1" hai="12,13,15,33,34,46,51,54,55,58,60,85,88,94" machi="51" ten="30,6000,0" yaku="1,1,0,1,54,1,53,0" doraHai="102" doraHaiUra="122" who="1" fromWho="1" sc="240,-21,289,73,245,-21,216,-21" /><INIT seed="1,2,0,5,5,77" ten="219,362,224,195" oya="1" hai0="84,39,86,69,11,133,89,129,53,3,19,61,64" hai1="106,71,104,99,72,5,113,9,90,51,116,134,117" hai2="122,96,62,37,59,67,65,98,41,66,45,112,6" hai3="47,88,15,83,100,26,27,85,13,54,58,29,119"/><U17/><E71/><V56/><F122/><W22/><G119/><T33/><D33/><U46/><E113/><V14/><F112/><W70/><G70/><T60/><D39/><U24/><E134/><V105/><F105/><W55/><G100/><T16/><D133/><U50/><E72/><V42/><F6/><W130/><G130/><T120/><D120/><U132/><E132/><V128/><F14/><W135/><G135/><T76/><D129/><U103/><E106/><V8/><F8/><W108/><G108/><T2/><D76/><U30/><E17/><V35/><F35/><W118/><G118/><T114/><D114/><U124/><E124/><V121/><F98/><W97/><G97/><T52/><D69/><U34/><E90/><V109/><F96/><W63/><G27/><T68/><D68/><U21/><E34/><V125/><F128/><W0/><G0/><T7/><D64/><N who="2" m="24682" /><F121/><W91/><G91/><T123/><D123/><U92/><E104/><V82/><F82/><W18/><G29/><T131/><D131/><U57/><E57/><N who="2" m="37327" /><F125/><W95/><G95/><T48/><D89/><U23/><E23/><V44/><F109/><W115/><G115/><T10/><D48/><AGARI ba="2,0" hai="37,41,42,44,45,48,56,59" m="37327,24682" machi="48" ten="30,8000,1" yaku="35,5" doraHai="77" who="2" fromWho="0" sc="219,-86,362,0,224,86,195,0" /><AGARI ba="2,0" hai="13,15,18,22,26,47,48,54,55,58,63,83,85,88" machi="48" ten="40,5200,0" yaku="8,1,52,1,54,1" doraHai="77" who="3" fromWho="0" sc="133,-52,362,0,310,0,195,52" /><INIT seed="2,0,0,4,3,102" ten="81,362,310,247" oya="2" hai0="8,53,24,51,35,88,92,46,55,63,76,21,118" hai1="16,47,11,20,14,104,117,28,124,67,134,83,78" hai2="113,106,109,97,1,40,66,45,49,85,122,25,72" hai3="54,31,119,36,131,19,86,26,62,127,130,105,132"/><V56/><F72/><W121/><G119/><T125/><D35/><U42/><E117/><V48/><F1/><W37/><G121/><T129/><D118/><U111/><E111/><V123/><F113/><W4/><G132/><T114/><D114/><U65/><E134/><V38/><F85/><W7/><G19/><T64/><D129/><U99/><E124/><V52/><F25/><W57/><G127/><T77/><D125/><U39/><E99/><V79/><F97/><W6/><G86/><T10/><D77/><U108/><E104/><V58/><F106/><W27/><G105/><T95/><D76/><U9/><E108/><V93/><F93/><W126/><G126/><T116/><D95/><U107/><E107/><V96/><F96/><W103/><G103/><T59/><D64/><U98/><E98/><V112/><F79/><W22/><REACH who="3" step="1"/><G27/><REACH who="3" ten="81,362,310,237" step="2"/><T84/><REACH who="0" step="1"/><D116/><REACH who="0" ten="71,362,310,237" step="2"/><U128/><E128/><AGARI ba="0,2" hai="4,6,7,22,26,31,36,37,54,57,62,128,130,131" machi="128" ten="40,5200,0" yaku="1,1,2,1,19,1,53,0" doraHai="102" doraHaiUra="33" who="3" fromWho="1" sc="71,0,362,-52,310,0,237,72" /><INIT seed="3,0,0,2,2,49" ten="71,310,310,309" oya="3" hai0="119,102,26,68,62,108,41,17,36,18,133,114,61" hai1="64,59,127,19,72,57,60,20,124,40,134,113,107" hai2="52,28,37,117,23,34,76,32,101,87,39,132,7" hai3="43,118,25,3,33,135,130,69,2,74,58,86,55"/><W42/><G74/><T48/><D102/><U82/><E113/><V78/><F117/><W84/><G118/><T97/><D97/><U65/><E107/><V126/><F101/><W70/><G135/><T63/><D119/><U44/><E134/><V106/><F106/><W100/><G100/><T109/><D26/><N who="1" m="14623" /><E82/><V6/><F87/><W71/><G130/><T79/><D79/><U110/><E72/><V115/><F52/><W120/><G120/><T128/><D17/><U85/><E85/><V104/><F104/><W22/><G33/><T31/><D18/><U8/><E8/><V89/><F89/><W91/><G86/><T98/><D31/><U122/><E122/><V10/><F10/><W105/><G105/><T51/><D98/><U121/><E121/><V13/><F132/><W125/><G125/><N who="1" m="48202" /><E110/><N who="0" m="42601" /><D133/><U112/><E112/><V21/><F126/><W16/><G3/><T4/><D4/><U15/><E15/><V129/><F115/><W24/><G2/><T56/><D114/><U96/><E96/><V5/><F5/><W94/><REACH who="3" step="1"/><G25/><REACH who="3" ten="71,310,310,299" step="2"/><T75/><D128/><U29/><E29/><V111/><F129/><W99/><G99/><T95/><D95/><U53/><E59/><V92/><F111/><W93/><G93/><T131/><D131/><U46/><E46/><V123/><F92/><W38/><G38/><AGARI ba="0,1" hai="38,40,44,53,57,60,64,65" m="48202,14623" machi="38" ten="30,2000,0" yaku="18,1,52,1" doraHai="49" who="1" fromWho="3" sc="71,0,310,30,310,0,299,-20" owari="71,-43.0,340,44.0,310,11.0,279,-12.0" /></mjloggm>