<mjloggm ver="2.3"><GO type="97" lobby="0"/><UN n0="%E3%82%A6%E3%83%AB%E3%83%88%E3%83%A9%E7%AB%8B%E7%9B%B4" n1="%E3%82%B2%E3%82%A4%E3%83%96%E3%83%AA%E3%82%A8%E3%83%AB" n2="%E3%81%BD%E3%81%97%E3%81%87%E3%81%A3%E3%81%A8" n3="%74%61%69%7A%6F%75" dan="13,15,13,13" rate="1887.93,1957.85,1869.31,1912.30" sx="M,M,M,M"/><TAIKYOKU oya="0"/><INIT seed="0,0,0,1,2,59" ten="250,250,250,250" oya="0" hai0="107,81,63,0,43,55,119,99,131,88,122,53,34" hai1="71,97,75,102,58,91,125,23,37,78,45,26,66" hai2="51,40,106,54,129,42,100,130,48,120,132,18,57" hai3="90,5,128,127,84,28,123,31,77,30,121,1,32"/><T85/><D0/><U52/><E125/><V72/><F72/><W2/><G77/><T105/><D122/><N who="3" m="46601" /><G127/><T47/><D119/><U108/><E108/><V94/><F120/><W8/><G128/><N who="2" m="49257" /><F106/><W83/><G2/><T38/><D131/><U6/><E91/><V110/><F110/><W21/><BYE who="2" /><G21/><T93/><D34/><AGARI ba="0,0" hai="1,5,8,28,30,31,32,34,83,84,90" m="46601" machi="34" ten="30,1000,0" yaku="13,1" doraHai="59" who="3" fromWho="0" sc="250,-10,250,0,250,0,250,10" /><INIT seed="1,0,0,1,1,87" ten="240,250,250,260" oya="1" hai0="122,127,123,97,1,103,76,113,99,85,44,54,58" hai1="53,110,133,33,3,24,30,15,48,4,102,125,67" hai2="80,111,89,88,50,98,26,23,126,35,128,10,92" hai3="19,124,71,77,56,38,6,83,100,11,9,49,17"/><U96/><E3/><V119/><F119/><W51/><G71/><T37/><D1/><U82/><E133/><V115/><F115/><W21/><G38/><T109/><D109/><U95/><E125/><V129/><F129/><W28/><G100/><T131/><D127/><U59/><E110/><V32/><F32/><W13/><G83/><N who="0" m="47335" /><D113/><U66/><REACH who="1" step="1"/><E82/><REACH who="1" ten="240,240,250,260" step="2"/><V16/><F16/><N who="3" m="8239" /><G77/><T105/><D131/><U18/><E18/><N who="3" m="6666" /><G56/><T118/><D118/><U104/><E104/><V107/><F107/><W62/><G62/><T63/><D44/><U117/><E117/><V34/><F34/><W27/><G51/><T69/><D37/><U112/><E112/><V36/><F36/><W65/><G49/><T7/><D69/><U70/><E70/><V86/><F86/><W52/><G65/><T39/><D39/><U106/><E106/><V43/><F43/><W134/><G134/><T120/><D7/><U55/><E55/><V25/><F25/><W2/><G52/><T108/><D108/><U90/><E90/><V12/><F12/><N who="3" m="5239" /><G124/><T73/><D73/><U114/><E114/><V8/><F8/><AGARI ba="0,1" hai="4,8,15,24,30,33,48,53,59,66,67,95,96,102" machi="8" ten="40,3900,0" yaku="1,1,53,1" doraHai="87" doraHaiUra="20" who="1" fromWho="2" sc="240,0,240,49,250,-39,260,0" /><INIT seed="1,1,0,0,1,102" ten="240,289,211,260" oya="1" hai0="110,19,64,129,54,124,117,71,133,100,37,22,97" hai1="16,126,108,57,52,30,107,135,36,128,2,12,83" hai2="18,32,95,119,3,90,106,65,7,38,98,35,4" hai3="93,79,76,1,118,69,11,116,48,31,24,77,44"/><U68/><E2/><V60/><F60/><W0/><G69/><T55/><D117/><N who="3" m="45161" /><G11/><T82/><D37/><U73/><E68/><V26/><F26/><W86/><G86/><T47/><D124/><U96/><E36/><V109/><F109/><W13/><G13/><T103/><D110/><U63/><E108/><V81/><F81/><W75/><G75/><T21/><D133/><U105/><E126/><V112/><F112/><W50/><G93/><T46/><D129/><U58/><E128/><V74/><F74/><W23/><G48/><T72/><D72/><U67/><E135/><V130/><F130/><W15/><G15/><T91/><D64/><U121/><E121/><V9/><F9/><W104/><G104/><T28/><D91/><U114/><E114/><V41/><F41/><AGARI ba="1,0" hai="0,1,23,24,31,41,44,50,76,77,79" m="45161" machi="41" ten="30,1000,0" yaku="12,1" doraHai="102" who="3" fromWho="2" sc="240,0,289,0,211,-13,260,13" /><INIT seed="2,0,0,2,2,5" ten="240,289,198,273" oya="2" hai0="86,15,83,77,16,50,61,126,27,58,75,87,45" hai1="3,133,38,43,39,42,68,19,46,40,18,12,65" hai2="11,29,56,108,112,111,72,62,97,82,64,8,95" hai3="89,91,79,14,129,125,71,121,37,116,109,6,96"/><V34/><F34/><W9/><G71/><T80/><D126/><U117/><E3/><V53/><F53/><W32/><G37/><T2/><D27/><U124/><E117/><V54/><F54/><W10/><G116/><T106/><D106/><U17/><E124/><V115/><F115/><W26/><G121/><T90/><D2/><U134/><E12/><V110/><F110/><W101/><G125/><T51/><D75/><U100/><E100/><V48/><F48/><W30/><G129/><T70/><D70/><U93/><E93/><V122/><F122/><W0/><G79/><T28/><D28/><U123/><E123/><V127/><F127/><W102/><G102/><T44/><D44/><U94/><E94/><V113/><F113/><W66/><G66/><T104/><D104/><U88/><E88/><V99/><F99/><W49/><G49/><T31/><D31/><U60/><REACH who="1" step="1"/><E46/><REACH who="1" ten="240,279,198,273" step="2"/><V135/><F135/><AGARI ba="0,1" hai="17,18,19,38,39,40,42,43,60,65,68,133,134,135" machi="135" ten="50,6400,0" yaku="1,1,2,1,20,1,53,0" doraHai="5" doraHaiUra="132" who="1" fromWho="2" sc="240,0,279,74,198,-64,273,0" /><INIT seed="3,0,0,0,5,49" ten="240,353,134,273" oya="3" hai0="134,114,18,34,47,2,73,82,91,60,129,0,4" hai1="23,20,124,102,75,90,97,130,54,113,6,40,115" hai2="133,103,48,44,109,11,55,24,83,68,7,107,81" hai3="96,104,78,71,95,46,67,42,126,38,65,25,66"/><W121/><G104/><T89/><D34/><U64/><E75/><V45/><F45/><W8/><G121/><T56/><D47/><U43/><E130/><V76/><F76/><W128/><G128/><T9/><D129/><U101/><E90/><V100/><F100/><W87/><G126/><T110/><D110/><U1/><E64/><V53/><F53/><W77/><G71/><T131/><D131/><U27/><E124/><V12/><F12/><W79/><G25/><T127/><D127/><U26/><E54/><V106/><F106/><W119/><G119/><T15/><D134/><U85/><E85/><V108/><F108/><W62/><G8/><T22/><D2/><U94/><E6/><V116/><F116/><W3/><G3/><T70/><D70/><U72/><E72/><V74/><F74/><W51/><G87/><T35/><D35/><UN n2="%E3%81%BD%E3%81%97%E3%81%87%E3%81%A3%E3%81%A8" /><U36/><E1/><V122/><F109/><W39/><REACH who="3" step="1"/><G62/><REACH who="3" ten="240,353,134,263" step="2"/><T16/><D0/><U52/><E27/><V98/><F122/><W29/><G29/><T13/><D9/><U33/><E26/><V19/><F133/><W14/><G14/><T93/><D15/><U118/><E118/><V59/><F68/><W57/><G57/><T132/><D56/><U92/><E33/><V37/><F59/><W105/><G105/><T135/><D60/><U31/><E31/><V58/><F58/><W123/><G123/><T120/><D120/><U50/><E20/><N who="2" m="13343" /><F37/><W80/><G80/><T17/><D82/><U112/><E36/><V111/><F111/><W86/><G86/><N who="0" m="52407" /><D13/><U99/><E23/><V21/><F21/><RYUUKYOKU ba="0,1" sc="240,-30,353,10,134,10,263,10" hai1="40,43,50,52,92,94,97,99,101,102,112,113,115" hai2="7,11,44,48,55,81,83,98,103,107" hai3="38,39,42,46,51,65,66,67,77,78,79,95,96" /><INIT seed="3,1,1,2,5,92" ten="210,363,144,273" oya="3" hai0="89,100,96,4,63,30,33,87,131,43,35,79,5" hai1="34,129,64,84,73,62,18,68,6,114,56,102,9" hai2="93,42,69,50,36,97,110,53,98,125,51,95,91" hai3="120,103,127,71,107,54,121,117,16,17,66,38,47"/><W15/><G117/><T41/><D79/><U32/><E114/><V67/><F36/><W105/><G127/><T10/><D131/><U60/><E129/><V101/><F125/><W12/><G71/><T1/><D5/><U133/><E73/><V26/><F110/><W104/><G103/><T80/><D35/><U57/><E133/><V72/><F72/><W130/><G66/><T123/><D123/><N who="3" m="47177" /><G54/><T48/><D30/><U109/><E109/><V81/><F81/><W27/><G27/><T113/><D33/><U116/><E68/><V14/><F26/><W65/><G65/><T119/><D119/><U132/><E116/><V0/><F0/><W28/><G28/><T115/><D63/><U134/><E18/><V124/><F124/><W52/><G52/><T94/><REACH who="0" step="1"/><D48/><REACH who="0" ten="200,363,144,273" step="2"/><U44/><E34/><V106/><F106/><W126/><G126/><T99/><D99/><U24/><E32/><V39/><F39/><W122/><G122/><T19/><D19/><N who="3" m="7241" /><G130/><T75/><D75/><U83/><E132/><V111/><F111/><W86/><G86/><T13/><D13/><N who="3" m="5193" /><G38/><T23/><D23/><U2/><E134/><V49/><F49/><W82/><G82/><T22/><D22/><U59/><E84/><V118/><F118/><W8/><G8/><T90/><D90/><U45/><E9/><V55/><F51/><W77/><G77/><T40/><AGARI ba="1,2" hai="1,4,10,40,41,43,80,87,89,94,96,100,113,115" machi="40" ten="30,4000,0" yaku="1,1,0,1,52,1,53,0" doraHai="92" doraHaiUra="11" who="0" fromWho="0" sc="200,63,363,-11,144,-11,273,-21" owari="263,6.0,352,46.0,133,-37.0,252,-15.0" /></mjloggm>