<mjloggm ver="2.3"><GO type="193" lobby="0"/><UN n0="%E5%93%AD%E3%81%8D%E3%81%AE%E7%AB%9C%2E" n1="%E5%B0%B1%E6%B4%BB%E7%94%9F%40%E5%B7%9D%E6%9D%91%E8%BB%8D%E5%9B%A3" n2="%EF%BC%9C%E5%A6%96%E6%98%9F%E4%B9%B1%E8%88%9E%EF%BC%9E" n3="%E3%81%93%E3%82%8D%E3%81%9F%E3%82%93%E2%98%86" dan="12,12,13,11" rate="1680.18,1849.83,1841.63,1494.06" sx="M,M,M,M"/><TAIKYOKU oya="0"/><INIT seed="0,0,0,0,3,53" ten="250,250,250,250" oya="0" hai0="26,5,1,50,79,38,115,63,69,123,31,66,61" hai1="15,127,132,43,92,64,49,107,88,75,51,6,57" hai2="125,133,86,78,131,20,122,121,113,120,98,12,68" hai3="35,102,34,70,100,114,94,96,97,56,28,13,99"/><T134/><D115/><U105/><E75/><V11/><F68/><W55/><G114/><T3/><D123/><U19/><E132/><V7/><F113/><W46/><G70/><T81/><D134/><U80/><E127/><V76/><F133/><W52/><G13/><T85/><D38/><U30/><E30/><V130/><F125/><W48/><G28/><T77/><D61/><U83/><E105/><V25/><F98/><W118/><G118/><T0/><D79/><U42/><E107/><V58/><F58/><W32/><REACH who="3" step="1"/><G94/><REACH who="3" ten="250,250,250,240" step="2"/><T10/><REACH who="0" step="1"/><D50/><AGARI ba="0,1" hai="32,34,35,46,48,50,52,55,56,96,97,99,100,102" machi="50" ten="50,12000,2" yaku="1,1,2,1,52,1,54,1,53,2" doraHai="53" doraHaiUra="45" who="3" fromWho="0" sc="250,-120,250,0,250,0,240,130" /><INIT seed="1,0,0,0,3,40" ten="130,250,250,370" oya="1" hai0="27,29,135,44,120,68,16,46,101,60,59,115,71" hai1="34,35,78,84,97,80,112,103,111,19,5,106,89" hai2="99,23,74,114,131,122,94,88,100,66,21,123,53" hai3="17,56,10,7,55,13,64,24,54,0,127,25,92"/><U129/><E112/><V95/><F74/><W63/><G127/><T50/><D120/><U125/><E129/><V85/><F114/><W81/><G81/><T128/><D135/><U3/><E125/><V110/><F131/><W76/><G76/><T57/><D128/><U2/><E111/><V20/><F110/><W1/><G1/><T75/><D115/><U132/><E132/><V12/><F66/><W8/><G92/><T4/><D75/><U65/><E65/><V79/><F79/><W119/><G119/><T124/><D124/><U102/><E102/><V22/><N who="2" m="5632" /><DORA hai="36" /><V117/><F117/><W38/><REACH who="3" step="1"/><G38/><REACH who="3" ten="130,250,250,360" step="2"/><T11/><D101/><U105/><E105/><V43/><F12/><W116/><G116/><T133/><D133/><U91/><E19/><V9/><F9/><W98/><G98/><T134/><D134/><U90/><REACH who="1" step="1"/><E5/><REACH who="1" ten="130,240,250,360" step="2"/><V52/><F123/><W14/><G14/><T118/><D118/><U48/><E48/><V70/><F122/><W108/><G108/><T82/><D16/><U130/><E130/><V121/><F121/><W41/><G41/><T47/><D71/><U126/><E126/><V113/><F70/><W49/><G49/><T93/><D68/><U31/><E31/><V33/><F113/><W62/><G62/><T30/><D50/><U96/><E96/><V28/><F43/><W104/><G104/><T42/><D30/><U67/><E67/><V6/><F6/><W51/><G51/><T69/><D69/><U45/><E45/><V86/><F28/><W15/><G15/><T77/><D29/><U73/><E73/><RYUUKYOKU ba="0,2" sc="130,-15,240,15,250,-15,360,15" hai1="2,3,34,35,78,80,84,89,90,91,97,103,106" hai3="0,7,8,10,13,17,24,25,54,55,56,63,64" /><INIT seed="1,1,2,4,1,25" ten="115,255,235,375" oya="1" hai0="83,77,11,64,133,103,1,68,111,127,107,32,45" hai1="110,26,60,96,104,19,109,55,20,89,90,101,57" hai2="42,15,41,63,114,35,126,30,82,100,0,129,56" hai3="48,12,29,23,130,134,124,3,21,53,123,128,66"/><U34/><REACH who="1" step="1"/><E34/><REACH who="1" ten="115,245,235,375" step="2"/><V33/><F33/><W28/><G123/><T24/><D32/><U44/><E44/><V62/><F35/><W116/><G116/><T61/><D45/><U43/><E43/><V8/><F41/><W108/><G108/><AGARI ba="1,3" hai="19,20,26,55,57,60,89,90,96,101,104,108,109,110" machi="108" ten="40,12000,1" yaku="21,2,14,1,10,1,53,1" doraHai="25" doraHaiUra="51" who="1" fromWho="3" sc="115,0,245,153,235,0,375,-123" /><INIT seed="1,2,0,4,0,16" ten="115,398,235,252" oya="1" hai0="104,36,75,105,118,13,68,56,71,102,72,96,116" hai1="94,89,14,132,53,10,42,128,125,121,50,92,70" hai2="9,39,65,40,52,11,67,24,73,4,100,22,51" hai3="74,31,29,1,133,127,88,129,78,18,23,134,81"/><U112/><E121/><V80/><F100/><W28/><G1/><T59/><D36/><U124/><E70/><V91/><F40/><W62/><G129/><T15/><D96/><U111/><E112/><V63/><F39/><W45/><G127/><T17/><D17/><U93/><E128/><V20/><F24/><W46/><G62/><T55/><D102/><U84/><E132/><N who="3" m="50794" /><G88/><T76/><D76/><U115/><E42/><V58/><F67/><W79/><G79/><T41/><D41/><U69/><E69/><V32/><F32/><W27/><AGARI ba="2,0" hai="18,23,27,28,29,31,45,46,74,78,81" m="50794" machi="27" ten="30,2000,0" yaku="20,1,52,1" doraHai="16" who="3" fromWho="3" sc="115,-7,398,-12,235,-7,252,26" /><INIT seed="2,0,0,0,0,52" ten="108,386,228,278" oya="2" hai0="82,78,6,120,121,89,111,46,76,36,57,15,85" hai1="16,44,22,130,60,117,11,65,100,23,41,122,13" hai2="119,108,81,62,59,47,87,112,116,25,17,35,103" hai3="8,118,18,49,50,53,135,31,113,32,126,48,29"/><V134/><F112/><W107/><G113/><T102/><D102/><U101/><E122/><V96/><F134/><W27/><G135/><T99/><D111/><U83/><E117/><V115/><F108/><W30/><G118/><T90/><D121/><U38/><E130/><V114/><F115/><W98/><G126/><T37/><D120/><U24/><E83/><V14/><F114/><W5/><G107/><T28/><D28/><U55/><E55/><V2/><F47/><W127/><G127/><T20/><D46/><U77/><E77/><V64/><F2/><W124/><G124/><T93/><D36/><U105/><E105/><V33/><F25/><W132/><G132/><T10/><D37/><U84/><E84/><V0/><F0/><W97/><G18/><T95/><D20/><U39/><E39/><V129/><F129/><W56/><G5/><T54/><REACH who="0" step="1"/><D95/><REACH who="0" ten="98,386,228,278" step="2"/><U79/><E23/><V110/><F119/><W45/><G45/><T61/><AGARI ba="0,1" hai="6,10,15,54,57,61,76,78,82,85,89,90,93,99" machi="61" ten="20,12000,2" yaku="1,1,2,1,0,1,7,1,8,1,52,1,53,1" doraHai="52" doraHaiUra="51" who="0" fromWho="0" sc="98,130,386,-30,228,-60,278,-30" /><INIT seed="3,0,0,4,0,128" ten="228,356,168,248" oya="3" hai0="52,31,22,88,113,82,21,8,44,89,71,7,4" hai1="129,0,115,93,92,114,121,25,16,26,117,111,127" hai2="72,95,75,9,15,76,69,131,126,91,29,23,67" hai3="81,85,90,2,11,33,96,54,110,83,109,37,78"/><W65/><G33/><T3/><D113/><U46/><E0/><V100/><F131/><W61/><G37/><T118/><D71/><U133/><E121/><V63/><F126/><W86/><G2/><T5/><D118/><U125/><E117/><V27/><F100/><W84/><G96/><T99/><D3/><U17/><E111/><N who="3" m="42506" /><G11/><T135/><D135/><U87/><E46/><V70/><F70/><N who="3" m="42287" /><G54/><T42/><D42/><U49/><E49/><V132/><F76/><N who="3" m="46119" /><G86/><N who="0" m="50263" /><D99/><U122/><E87/><V55/><F55/><W108/><N who="3" m="42514" /><W60/><DORA hai="48" /><G60/><T45/><D89/><AGARI ba="0,0" hai="78,83,85,89,90" m="46119,42287,42514" machi="89" ten="40,3900,0" yaku="14,1,10,1" doraHai="128,48" who="3" fromWho="0" sc="228,-39,356,0,168,0,248,39" /><INIT seed="3,1,0,3,3,23" ten="189,356,168,287" oya="3" hai0="130,75,122,20,118,131,31,107,5,134,97,15,42" hai1="48,87,62,100,117,45,89,24,22,73,39,38,71" hai2="50,28,30,88,33,1,74,12,41,125,110,19,64" hai3="94,112,99,53,0,40,106,10,37,103,113,133,82"/><W104/><G133/><T123/><D42/><U135/><E73/><V57/><F74/><W44/><G82/><T68/><D68/><U95/><E135/><V49/><F1/><W96/><G0/><T7/><D75/><U17/><E117/><V92/><F110/><W66/><G66/><T119/><D97/><U21/><E100/><V46/><F33/><W36/><G36/><T3/><D107/><U67/><E21/><N who="2" m="11495" /><F125/><W65/><G65/><T127/><D127/><U128/><E128/><N who="0" m="49193" /><D134/><U124/><E124/><V11/><F11/><W114/><G10/><T61/><D61/><U2/><E2/><V34/><F34/><W29/><G29/><T58/><D58/><U43/><AGARI ba="1,0" hai="17,22,24,38,39,43,45,48,62,67,71,87,89,95" machi="43" ten="20,2700,0" yaku="0,1,7,1,52,1" doraHai="23" who="1" fromWho="1" sc="189,-8,356,30,168,-8,287,-14" owari="181,-22.0,386,49.0,160,-34.0,273,7.0" /></mjloggm>