<mjloggm ver="2.3"><GO type="97" lobby="0"/><UN n0="%62%6C%65%64%73%6F%65" n1="%E3%82%A6%E3%83%AB%E3%83%88%E3%83%A9%E7%AB%8B%E7%9B%B4" n2="%E5%9B%B0%E3%81%A3%E3%81%9F%E3%81%AA%EF%BD%9E" n3="%6D%65%6C%74%64%6F%77%6E" dan="14,13,14,14" rate="1841.28,1830.18,1971.39,1977.82" sx="M,M,M,M"/><TAIKYOKU oya="0"/><INIT seed="0,0,0,0,3,16" ten="250,250,250,250" oya="0" hai0="134,73,96,121,75,6,9,82,87,120,83,100,79" hai1="26,44,94,49,2,29,58,5,99,55,135,65,117" hai2="67,11,102,52,42,57,27,28,33,63,68,110,46" hai3="84,71,36,38,13,132,103,56,114,76,90,108,104"/><T128/><D134/><U39/><E135/><V19/><F110/><W80/><G132/><T0/><D128/><U8/><E117/><V81/><F102/><W22/><G114/><T109/><D109/><U116/><E116/><V97/><F97/><W45/><G108/><T115/><D115/><U30/><E39/><V107/><F107/><W101/><G71/><T123/><REACH who="0" step="1"/><D83/><REACH who="0" ten="240,250,250,250" step="2"/><U41/><E65/><V70/><F81/><W17/><G104/><AGARI ba="0,1" hai="0,6,9,73,75,79,82,87,96,100,104,120,121,123" machi="104" ten="40,3900,0" yaku="1,1,2,1,53,0" doraHai="16" doraHaiUra="62" who="0" fromWho="3" sc="240,49,250,0,250,0,250,-39" /><INIT seed="0,1,0,3,1,85" ten="289,250,250,211" oya="0" hai0="20,6,128,84,88,101,14,74,69,10,82,125,15" hai1="122,52,133,55,57,119,127,12,132,87,40,117,103" hai2="7,61,115,34,81,83,97,50,59,22,66,5,13" hai3="91,135,21,27,53,131,86,56,72,25,11,48,96"/><T26/><D69/><U28/><E122/><V92/><F34/><W76/><G131/><T71/><D71/><U62/><E40/><V112/><F115/><W95/><G135/><N who="1" m="51786" /><E127/><V17/><F112/><W32/><G72/><T93/><D125/><U49/><E28/><V51/><F5/><W79/><G11/><T124/><D124/><U106/><E12/><V111/><F111/><W38/><G38/><T41/><D41/><U134/><N who="1" m="51794" /><U19/><DORA hai="90" /><E19/><V4/><F4/><W24/><G32/><T77/><D128/><U68/><E87/><V43/><F7/><W3/><G3/><T105/><D15/><U116/><E103/><V130/><F130/><W118/><G118/><T70/><D70/><U108/><E106/><V113/><F113/><W89/><G21/><T35/><D35/><U63/><E108/><V78/><F43/><W37/><G37/><T104/><D101/><U30/><E30/><AGARI ba="1,0" hai="6,10,14,20,26,30,74,77,82,84,88,93,104,105" machi="30" ten="30,11600,0" yaku="7,1,52,2,54,1" doraHai="85,90" who="0" fromWho="1" sc="289,119,250,-119,250,0,211,0" /><INIT seed="0,2,0,0,3,72" ten="408,131,250,211" oya="0" hai0="88,69,128,82,39,46,30,90,23,70,99,5,27" hai1="42,129,22,13,26,108,125,25,36,77,104,115,2" hai2="58,31,7,85,113,28,109,81,29,10,84,17,62" hai3="4,37,14,63,34,83,130,112,71,16,0,78,60"/><T9/><D128/><U3/><E104/><V73/><F113/><W43/><G112/><T100/><D46/><U121/><E115/><V12/><F109/><W20/><G34/><T86/><D39/><U38/><E108/><V101/><F101/><W49/><G37/><T93/><D90/><U94/><E121/><V105/><F105/><W61/><G130/><T40/><REACH who="0" step="1"/><D40/><REACH who="0" ten="398,131,250,211" step="2"/><U66/><E42/><V89/><F84/><W6/><G71/><T116/><D116/><U98/><E38/><V117/><F117/><W59/><G43/><T126/><D126/><U41/><E41/><V53/><F73/><W80/><G78/><T54/><D54/><U118/><E36/><V51/><F62/><W111/><G111/><T15/><AGARI ba="2,1" hai="5,9,15,23,27,30,69,70,82,86,88,93,99,100" machi="15" ten="20,7800,0" yaku="1,1,0,1,7,1,54,1,53,0" doraHai="72" doraHaiUra="131" who="0" fromWho="0" sc="398,94,131,-28,250,-28,211,-28" /><INIT seed="0,3,0,1,1,102" ten="492,103,222,183" oya="0" hai0="126,29,83,8,133,79,77,11,7,10,23,49,68" hai1="70,43,63,17,125,113,82,84,94,44,15,129,118" hai2="57,53,122,32,37,2,90,36,86,75,69,81,87" hai3="55,45,64,107,26,50,59,65,73,34,42,131,51"/><T121/><D68/><U91/><E125/><V67/><F122/><W89/><G73/><T98/><D133/><U96/><E129/><V85/><F32/><W97/><G131/><T13/><D126/><U93/><E113/><V24/><F2/><W54/><G34/><T105/><D121/><U38/><E118/><V47/><F69/><W114/><G114/><T25/><D49/><U46/><E46/><V6/><F67/><W101/><G26/><T41/><D41/><U111/><E111/><V116/><F6/><W35/><G35/><T20/><D20/><U0/><E0/><V19/><F116/><W9/><G9/><T76/><REACH who="0" step="1"/><D83/><REACH who="0" ten="482,103,222,183" step="2"/><U18/><E70/><V100/><F37/><W72/><G72/><T66/><D66/><U14/><E63/><V95/><F75/><W104/><G64/><T1/><D1/><U30/><E82/><V39/><F39/><W106/><G65/><T40/><D40/><U74/><E74/><V27/><F36/><W132/><G132/><T127/><D127/><U28/><E38/><V109/><F81/><W80/><REACH who="3" step="1"/><G42/><REACH who="3" ten="482,103,222,173" step="2"/><T12/><D12/><U99/><E43/><V130/><F130/><W134/><G134/><T117/><D117/><U16/><E15/><V110/><F110/><W78/><G78/><T71/><D71/><U135/><E14/><V112/><F109/><W92/><G92/><T21/><D21/><U52/><E135/><V31/><F95/><W124/><G124/><T48/><D48/><N who="1" m="28679" /><E94/><V3/><F3/><W58/><G58/><T108/><D108/><U61/><E61/><V62/><F62/><RYUUKYOKU ba="3,2" sc="482,10,103,10,222,-30,173,10" hai0="7,8,10,11,13,23,25,29,76,77,79,98,105" hai1="16,17,18,28,30,84,91,93,96,99" hai3="45,50,51,54,55,59,80,89,97,101,104,106,107" /><INIT seed="0,4,2,3,4,114" ten="492,113,192,183" oya="0" hai0="125,24,132,61,26,15,60,45,99,27,129,109,49" hai1="124,29,17,89,37,4,72,25,82,30,126,58,31" hai2="35,77,105,43,121,94,73,78,38,21,113,92,101" hai3="41,119,7,70,79,84,8,36,44,81,115,83,47"/><T16/><D125/><N who="1" m="48235" /><E37/><V103/><F35/><W100/><G115/><T66/><D129/><U104/><E104/><V9/><F38/><W80/><G70/><T135/><D109/><U116/><E4/><V88/><F43/><W118/><G100/><N who="2" m="38473" /><F9/><W128/><G128/><T33/><D99/><U28/><E58/><V23/><F23/><W12/><G47/><T68/><D61/><U2/><E2/><V110/><F21/><W69/><G69/><T54/><REACH who="0" step="1"/><D33/><REACH who="0" ten="482,113,192,183" step="2"/><N who="1" m="20623" /><E116/><V123/><F113/><W19/><REACH who="3" step="1"/><G7/><REACH who="3" ten="482,113,192,173" step="2"/><T22/><AGARI ba="4,4" hai="15,16,22,24,26,27,45,49,54,60,66,68,132,135" machi="22" ten="30,11700,0" yaku="1,1,0,1,54,1,53,1" doraHai="114" doraHaiUra="13" who="0" fromWho="0" sc="482,169,113,-43,192,-43,173,-43" /><INIT seed="0,5,0,2,3,53" ten="651,70,149,130" oya="0" hai0="16,3,125,59,28,116,42,7,94,104,65,1,25" hai1="112,92,113,68,89,120,40,101,81,13,15,129,118" hai2="11,135,80,33,100,77,88,134,84,35,67,69,109" hai3="47,91,127,86,111,24,55,122,75,82,22,57,5"/><T76/><D104/><U10/><E68/><V95/><F109/><W61/><G111/><T126/><D76/><U66/><E120/><V27/><F67/><W131/><G122/><T37/><D37/><U98/><E118/><V50/><F69/><W130/><G5/><T6/><D42/><U72/><E40/><V54/><F100/><W132/><G75/><T17/><D94/><U87/><E129/><V51/><F11/><W103/><G103/><T73/><D65/><U63/><E72/><V48/><F27/><W23/><G132/><N who="2" m="50729" /><F54/><W12/><G127/><T18/><D73/><AGARI ba="5,0" hai="33,35,48,50,51,73,77,80,84,88,95" m="50729" machi="73" ten="30,2000,0" yaku="20,1,54,1" doraHai="53" who="2" fromWho="0" sc="651,-35,70,0,149,35,130,0" /><INIT seed="1,0,0,4,2,52" ten="616,70,184,130" oya="1" hai0="111,12,120,99,83,66,48,4,29,70,108,112,26" hai1="31,117,34,71,134,75,78,128,38,20,131,125,68" hai2="133,43,84,56,72,93,81,54,19,87,3,39,22" hai3="15,37,135,41,94,101,106,62,1,121,24,116,96"/><U58/><E34/><V100/><F3/><W60/><G121/><T18/><D112/><U25/><E117/><V9/><F133/><W6/><G1/><T73/><D4/><U103/><E38/><V105/><F9/><W132/><G116/><T114/><D99/><U115/><E115/><V53/><F105/><W104/><G24/><T98/><D70/><U0/><E0/><V88/><F72/><W10/><G37/><T27/><D98/><U45/><E45/><V47/><F53/><W85/><G41/><T49/><D66/><U50/><E103/><V2/><F2/><W64/><G62/><T11/><D83/><N who="1" m="45535" /><E134/><N who="3" m="51242" /><G85/><T7/><D73/><U118/><E118/><V80/><F100/><W61/><G61/><T5/><D120/><U92/><E71/><AGARI ba="0,0" hai="6,10,15,60,64,71,94,96,101,104,106" m="51242" machi="71" ten="30,1000,0" yaku="20,1" doraHai="52" who="3" fromWho="1" sc="616,0,70,-10,184,0,130,10" /><INIT seed="2,0,0,5,2,38" ten="616,60,184,140" oya="2" hai0="40,26,33,19,31,71,4,57,62,61,73,79,135" hai1="101,100,74,95,64,25,102,85,99,5,97,66,14" hai2="17,44,72,114,129,116,49,53,41,123,112,110,86" hai3="18,15,111,125,76,134,127,80,83,10,82,50,122"/><V6/><F123/><W92/><G122/><T12/><D40/><U37/><E37/><V87/><F72/><W81/><G111/><T88/><D88/><N who="1" m="53647" /><E74/><V20/><F116/><W65/><G134/><T42/><D42/><U133/><E133/><V22/><F110/><W58/><G92/><T7/><D79/><U107/><E25/><V130/><F6/><W77/><N who="3" m="20992" /><DORA hai="69" /><W13/><G65/><N who="1" m="25194" /><E107/><V8/><F8/><AGARI ba="0,0" hai="5,8,14,97,99,100,101,102" m="25194,53647" machi="8" ten="30,2000,0" yaku="8,1,54,1" doraHai="38,69" who="1" fromWho="2" sc="616,0,60,20,184,-20,140,0" /><INIT seed="3,0,0,3,2,135" ten="616,80,164,140" oya="3" hai0="30,86,94,6,45,113,75,19,39,56,134,9,0" hai1="115,70,18,24,78,57,33,98,11,32,25,76,3" hai2="90,124,2,84,106,48,36,28,69,52,10,27,89" hai3="46,117,109,51,127,105,7,29,64,43,50,71,59"/><W1/><G117/><T103/><D75/><U82/><E70/><V8/><F36/><W44/><G105/><T13/><D30/><N who="1" m="19527" /><E57/><V16/><F69/><W119/><G71/><T65/><D113/><U79/><E98/><V66/><F66/><W80/><G119/><T73/><D73/><U53/><E53/><V26/><F106/><W121/><G121/><T102/><D39/><U14/><E79/><V112/><F112/><W67/><G109/><T41/><D134/><U91/><E91/><V63/><F63/><W34/><G80/><T31/><D31/><N who="1" m="19695" /><E82/><V21/><F2/><W85/><G85/><T74/><D19/><N who="1" m="8671" /><E78/><V72/><F72/><W114/><G114/><T133/><D13/><U62/><E76/><V104/><F124/><W12/><G127/><T123/><D9/><U37/><E62/><V126/><F126/><W93/><G1/><T4/><D6/><U54/><E54/><V111/><F111/><W122/><G122/><T47/><D0/><U95/><E95/><V118/><F118/><W101/><G59/><T17/><D4/><U100/><E100/><V96/><F96/><W92/><G101/><T88/><D17/><U128/><E37/><V97/><F97/><W60/><G67/><T23/><D133/><U125/><E115/><V131/><F131/><W77/><G77/><T130/><D23/><U35/><E128/><V120/><F120/><W129/><G129/><T20/><D123/><U87/><E125/><V58/><F104/><W107/><G107/><T68/><D20/><U81/><E35/><N who="2" m="20887" /><F90/><W49/><G34/><T42/><D130/><RYUUKYOKU ba="0,0" sc="616,-10,80,-10,164,30,140,-10" hai2="8,10,16,21,27,48,52,58,84,89" owari="606,71.0,70,-43.0,194,-1.0,130,-27.0" /></mjloggm>