<mjloggm ver="2.3"><GO type="97" lobby="0"/><UN n0="%48%6F%6C%6F%2E" n1="%E3%82%A6%E3%83%AB%E3%83%88%E3%83%A9%E7%AB%8B%E7%9B%B4" n2="%E3%83%99%E3%82%B9%E3%82%AE%E3%83%9C%E3%83%B3%E3%82%BA" n3="%79%61%6E%61%6B%6B%75" dan="15,15,13,14" rate="1896.04,1976.56,1920.80,1860.80" sx="F,M,M,M"/><TAIKYOKU oya="0"/><INIT seed="0,0,0,5,5,113" ten="250,250,250,250" oya="0" hai0="114,6,24,2,83,134,0,22,112,80,54,51,88" hai1="14,20,45,87,120,62,23,16,30,102,67,31,69" hai2="47,29,86,28,117,79,34,52,95,55,4,11,115" hai3="53,12,8,17,50,72,90,74,122,101,111,46,27"/><T109/><D134/><U84/><E120/><V41/><F115/><W110/><G122/><T97/><D112/><U44/><E102/><V91/><F79/><W9/><G101/><T19/><D114/><U100/><E100/><V118/><F29/><W7/><G27/><T98/><D109/><N who="3" m="41481" /><G90/><T71/><D71/><U39/><E39/><V49/><F28/><W64/><G64/><T66/><D66/><U60/><E67/><V10/><F34/><W5/><G17/><T33/><D33/><U63/><E69/><V130/><F130/><W92/><G92/><T94/><D98/><U124/><E124/><V65/><F65/><W56/><G46/><N who="1" m="18026" /><E31/><V73/><F73/><W131/><G131/><T59/><D6/><U96/><E96/><V89/><F91/><W1/><AGARI ba="0,0" hai="1,5,7,8,9,12,50,53,56,72,74" m="41481" machi="1" ten="30,1100,0" yaku="14,1" doraHai="113" who="3" fromWho="3" sc="250,-5,250,-3,250,-3,250,11" /><INIT seed="1,0,0,5,4,87" ten="245,247,247,261" oya="1" hai0="102,113,55,111,104,14,71,79,83,49,16,67,121" hai1="17,27,114,103,97,66,101,23,6,98,123,48,25" hai2="93,60,134,133,43,63,35,118,9,33,86,54,44" hai3="132,88,11,81,110,39,2,73,0,32,57,107,91"/><U21/><E123/><V74/><F118/><W53/><G107/><T65/><D113/><U8/><E114/><V31/><F74/><W24/><G39/><T1/><D1/><U105/><E66/><V26/><F35/><W38/><G0/><T62/><D121/><U69/><E69/><V84/><F9/><W5/><G132/><N who="2" m="50793" /><F54/><W56/><G56/><T4/><D4/><U125/><E48/><N who="2" m="26655" /><F86/><W124/><G124/><T99/><D67/><U82/><E82/><V37/><F37/><W115/><G115/><T78/><D83/><U10/><E6/><V50/><F50/><W58/><G58/><T130/><D111/><U119/><E119/><V13/><F13/><W120/><G120/><T85/><D85/><U75/><E75/><V12/><F12/><W131/><G110/><T96/><D96/><U45/><E45/><V59/><F59/><W64/><G64/><T40/><D40/><U70/><E70/><V100/><F100/><W18/><G38/><T76/><D130/><U68/><E125/><V41/><F41/><W28/><G131/><T61/><D61/><U7/><E7/><V128/><F128/><W51/><REACH who="3" step="1"/><G18/><REACH who="3" ten="245,247,247,251" step="2"/><T72/><D49/><U94/><E68/><V30/><F31/><AGARI ba="0,1" hai="8,10,17,21,23,25,27,31,94,97,98,101,103,105" machi="31" ten="30,1500,0" yaku="7,1" doraHai="87" who="1" fromWho="2" sc="245,0,247,25,247,-15,251,0" /><INIT seed="1,1,0,4,1,50" ten="245,272,232,251" oya="1" hai0="85,111,80,67,74,116,70,95,125,43,131,53,56" hai1="91,42,60,90,13,28,119,61,12,81,124,27,66" hai2="113,126,79,76,32,23,114,14,31,30,122,41,35" hai3="105,93,63,130,5,39,54,24,73,51,6,65,58"/><U118/><E124/><V9/><F126/><W64/><G105/><T40/><D116/><U57/><E42/><V117/><F41/><W88/><G73/><T17/><D125/><U1/><E1/><V134/><F117/><W38/><G130/><T36/><D131/><U18/><E13/><V55/><F55/><N who="3" m="34271" /><G38/><T115/><D115/><N who="2" m="44042" /><F122/><W72/><G39/><T26/><D36/><U68/><E81/><V45/><F45/><N who="3" m="28015" /><G72/><T107/><D107/><U98/><E98/><V3/><F134/><W127/><G127/><T92/><D67/><N who="3" m="25673" /><G24/><T97/><D70/><U15/><E15/><V87/><F87/><AGARI ba="1,0" hai="5,6,87,88,93" m="25673,28015,34271" machi="87" ten="30,7700,0" yaku="8,1,52,2,54,1" doraHai="50" who="3" fromWho="2" sc="245,0,272,0,232,-80,251,80" /><INIT seed="2,0,0,4,1,130" ten="245,272,152,331" oya="2" hai0="8,84,47,25,46,74,26,30,126,103,24,71,18" hai1="68,49,127,102,0,57,98,5,55,122,132,108,62" hai2="92,73,61,135,45,131,60,52,91,38,34,63,113" hai3="120,21,76,107,59,70,80,119,66,37,86,58,11"/><V104/><F113/><W20/><G120/><T44/><D74/><U90/><E5/><V28/><F73/><W50/><G119/><T123/><D71/><U16/><E0/><V117/><F104/><W56/><G107/><T101/><D123/><U51/><E122/><V23/><F117/><W105/><G105/><T85/><D30/><U19/><E127/><V109/><F109/><W106/><G106/><T31/><D31/><U53/><E108/><V29/><F131/><W88/><G37/><T115/><D126/><U43/><E90/><V81/><F81/><W128/><G128/><T93/><D93/><N who="1" m="58703" /><E68/><V17/><F34/><W82/><G70/><T69/><D69/><U54/><E132/><V39/><F39/><W7/><G66/><T67/><D67/><N who="1" m="39375" /><E51/><N who="2" m="28783" /><F135/><W99/><G50/><T83/><D115/><U75/><E75/><V79/><F79/><W77/><G99/><T121/><D121/><U9/><E9/><V27/><F38/><W133/><G133/><T14/><D84/><AGARI ba="0,0" hai="17,23,27,28,29,60,61,63,84,91,92" m="28783" machi="84" ten="30,2900,0" yaku="8,1,54,1" doraHai="130" who="2" fromWho="0" sc="245,-29,272,0,152,29,331,0" /><INIT seed="2,1,0,5,0,47" ten="216,272,181,331" oya="2" hai0="33,22,100,25,51,122,102,129,74,83,31,5,62" hai1="133,132,48,124,12,94,29,98,14,131,67,108,40" hai2="16,125,111,87,19,76,43,79,24,110,75,130,77" hai3="106,45,121,6,95,35,65,82,114,3,54,21,18"/><V53/><F43/><W119/><G106/><T103/><D129/><U70/><E67/><V89/><F130/><W123/><G65/><T23/><D122/><U91/><E70/><V85/><F125/><W9/><G95/><T86/><D74/><U59/><E131/><V30/><F75/><W90/><G119/><T34/><D5/><U52/><E124/><V20/><F53/><W58/><G45/><T1/><D62/><U27/><E40/><V115/><F115/><W46/><G46/><T50/><D1/><U28/><E28/><V88/><F87/><W71/><G71/><T13/><D23/><N who="1" m="15615" /><E108/><N who="2" m="41515" /><F89/><W56/><G35/><T55/><D55/><U49/><E132/><V120/><F120/><W118/><G118/><T63/><D63/><N who="1" m="36327" /><E133/><V101/><F101/><W92/><G82/><AGARI ba="1,0" hai="16,19,20,24,30,76,77,79,82,85,88" m="41515" machi="82" ten="30,11600,0" yaku="14,1,10,1,54,2" doraHai="47" who="2" fromWho="3" sc="216,0,272,0,181,119,331,-119" /><INIT seed="2,2,0,2,1,76" ten="216,272,300,212" oya="2" hai0="126,45,78,85,31,42,132,43,36,29,114,69,106" hai1="47,116,125,4,134,71,89,127,58,51,97,24,39" hai2="115,65,18,19,101,133,120,59,64,28,109,128,41" hai3="108,95,123,105,82,130,124,17,10,11,119,100,61"/><V54/><F115/><W6/><G105/><T90/><D114/><U107/><E71/><V103/><F120/><W121/><G119/><T77/><D106/><U60/><E39/><V135/><F41/><W83/><G130/><T118/><D69/><U3/><E116/><V20/><F128/><W0/><G124/><N who="1" m="47690" /><E4/><V25/><F109/><W12/><G108/><T91/><D126/><U112/><E3/><V102/><F133/><W56/><G123/><T110/><D118/><U67/><E112/><V22/><F135/><W92/><G121/><T38/><D132/><U74/><E74/><V13/><REACH who="2" step="1"/><F28/><REACH who="2" ten="216,272,290,212" step="2"/><W104/><G104/><T129/><D129/><U1/><E134/><V72/><F72/><W32/><G32/><T14/><D110/><U35/><E107/><V23/><F23/><W75/><G75/><T2/><D29/><U66/><E35/><V86/><F86/><W52/><REACH who="3" step="1"/><G100/><REACH who="3" ten="216,272,290,202" step="2"/><T117/><D117/><U87/><E97/><V15/><F15/><W68/><G68/><T49/><D14/><U16/><E1/><V50/><AGARI ba="2,2" hai="13,18,19,20,22,25,50,54,59,64,65,101,102,103" machi="50" ten="30,6000,0" yaku="1,1,0,1,8,1,53,0" doraHai="76" doraHaiUra="30" who="2" fromWho="2" sc="216,-22,272,-22,290,86,202,-22" /><INIT seed="2,3,0,5,0,53" ten="194,250,376,180" oya="2" hai0="0,15,18,70,11,123,94,43,2,28,90,86,61" hai1="63,129,101,124,133,118,21,8,36,34,95,134,6" hai2="99,114,39,60,104,132,29,98,54,45,130,49,91" hai3="7,111,20,102,55,93,12,127,117,88,42,92,120"/><V81/><F114/><W23/><G120/><T3/><D123/><U38/><E34/><V87/><F104/><W108/><G117/><T77/><D43/><U19/><E118/><V47/><F132/><W4/><G42/><T105/><D105/><U89/><E101/><V131/><F39/><W52/><G127/><T82/><D28/><U76/><E76/><V128/><F29/><W35/><G35/><T126/><D126/><U74/><E74/><V17/><F17/><N who="3" m="10279" /><G111/><T119/><D119/><U1/><E124/><V112/><F112/><W109/><G109/><T58/><D70/><U80/><E80/><V9/><F9/><W26/><G108/><T113/><D113/><U69/><E129/><V84/><F84/><N who="3" m="52231" /><G93/><T16/><D0/><U10/><E10/><V75/><F75/><W14/><G102/><T65/><D18/><U64/><E38/><V50/><F60/><W22/><G22/><T46/><D46/><U78/><E36/><V44/><F44/><W5/><G14/><T37/><D37/><U32/><E32/><V59/><F45/><W85/><G85/><AGARI ba="3,0" hai="2,3,11,15,16,58,61,65,77,82,85,86,90,94" machi="85" ten="30,3900,0" yaku="7,1,52,1,54,1" doraHai="53" who="0" fromWho="3" sc="194,48,250,0,376,0,180,-48" /><INIT seed="3,0,0,3,4,37" ten="242,250,376,132" oya="3" hai0="112,132,124,41,72,19,97,9,66,120,32,125,90" hai1="116,98,42,87,78,25,51,119,5,36,123,27,64" hai2="100,63,106,34,128,38,1,62,79,85,135,55,21" hai3="46,118,2,18,105,102,75,16,35,8,96,67,11"/><W84/><G118/><N who="1" m="45098" /><E123/><V22/><F34/><W74/><G35/><T104/><D120/><U44/><E5/><V4/><F55/><W12/><G67/><T71/><D112/><U114/><E114/><V108/><F85/><W49/><G84/><T122/><D122/><U26/><E98/><V6/><F108/><W101/><G101/><N who="0" m="62511" /><D32/><U93/><E64/><V30/><F79/><W115/><G115/><T69/><D132/><U61/><E61/><V73/><F135/><W17/><G2/><T7/><D19/><U10/><E10/><V23/><F30/><W60/><G60/><N who="0" m="40135" /><D72/><U65/><E65/><V53/><F73/><W52/><REACH who="3" step="1"/><G17/><REACH who="3" ten="242,250,376,122" step="2"/><T134/><D134/><U91/><E78/><V33/><F62/><W68/><G68/><T28/><D71/><U50/><AGARI ba="0,1" hai="25,26,27,36,42,44,50,51,87,91,93" m="45098" machi="50" ten="40,2700,0" yaku="12,1,52,1" doraHai="37" who="1" fromWho="1" sc="242,-7,250,37,376,-7,122,-13" owari="235,-16.0,287,9.0,369,46.0,109,-39.0" /></mjloggm>