<mjloggm ver="2.3"><GO type="97" lobby="0"/><UN n0="%E9%95%B7%E9%87%8E%E4%B9%85%E7%BE%A9" n1="%E3%82%A6%E3%83%AB%E3%83%88%E3%83%A9%E7%AB%8B%E7%9B%B4" n2="%74%68%69%73%69%73%69%74" n3="%E3%81%AE%E3%81%90%E3%81%AE%E3%81%90%E3%81%B2%E3%82%8D%E3%81%B2%E3%82%8D" dan="13,14,14,13" rate="2020.86,1921.74,1900.96,1897.85" sx="M,M,M,M"/><TAIKYOKU oya="0"/><INIT seed="0,0,0,1,5,31" ten="250,250,250,250" oya="0" hai0="79,17,95,30,33,81,116,114,35,108,34,117,115" hai1="43,80,82,0,44,97,32,87,22,24,27,9,89" hai2="20,11,71,64,83,77,3,53,42,4,18,132,96" hai3="21,49,51,48,57,127,113,67,74,23,38,131,112"/><T123/><D95/><U68/><E68/><V45/><F132/><W107/><G74/><T92/><D92/><U50/><E97/><V63/><F53/><W29/><G107/><T100/><D100/><U37/><E37/><V52/><F96/><W101/><G101/><T1/><D81/><U106/><E106/><V2/><F52/><W60/><G29/><T111/><D79/><U84/><E0/><V12/><F20/><W62/><G23/><T55/><D1/><U26/><E9/><V59/><F18/><W6/><G6/><T65/><D65/><U129/><E129/><V5/><F5/><W93/><G93/><T39/><D39/><U130/><E130/><V36/><F59/><W40/><G21/><T104/><D104/><U46/><E46/><V128/><F128/><W102/><G102/><T122/><D55/><U103/><E103/><V10/><F10/><W86/><G86/><AGARI ba="0,0" hai="2,3,4,11,12,36,42,45,63,64,71,77,83,86" machi="86" ten="30,1000,0" yaku="7,1" doraHai="31" who="2" fromWho="3" sc="250,0,250,0,250,10,250,-10" /><INIT seed="1,0,0,0,5,50" ten="250,250,260,240" oya="1" hai0="15,12,8,123,60,111,47,90,116,133,42,1,52" hai1="33,29,24,130,126,7,46,48,83,17,105,0,45" hai2="79,108,113,11,34,28,39,59,61,5,73,101,95" hai3="89,122,56,69,119,112,110,19,43,127,86,76,68"/><U10/><E105/><V84/><F113/><W20/><G122/><T54/><D116/><U22/><E126/><V121/><F108/><W41/><G119/><T4/><D123/><U99/><E130/><V57/><F121/><W26/><G112/><T96/><D111/><U36/><E99/><V58/><F39/><W53/><G127/><T65/><D133/><U88/><E36/><V55/><F73/><W23/><G110/><T92/><D1/><U70/><E70/><V91/><F101/><W87/><G76/><T131/><D131/><U134/><E134/><V125/><F79/><W115/><G115/><T118/><D118/><U93/><E83/><V25/><REACH who="2" step="1"/><F125/><REACH who="2" ten="250,250,250,240" step="2"/><W3/><G69/><T32/><D32/><U51/><E46/><V109/><F109/><W37/><G68/><T14/><D65/><U80/><E45/><V71/><F71/><W120/><G120/><T72/><D72/><U18/><E80/><V13/><AGARI ba="0,1" hai="5,11,13,25,28,34,55,57,58,59,61,84,91,95" machi="13" ten="20,8000,1" yaku="1,1,0,1,7,1,52,1,53,1" doraHai="50" doraHaiUra="49" who="2" fromWho="2" sc="250,-20,250,-40,250,90,240,-20" /><INIT seed="2,0,0,5,1,9" ten="230,210,340,220" oya="2" hai0="39,95,57,38,54,78,62,52,43,67,47,84,89" hai1="81,75,129,92,65,68,36,44,4,131,99,102,114" hai2="82,74,48,55,118,30,100,8,32,45,112,77,101" hai3="133,56,64,34,93,6,13,19,73,15,117,46,29"/><V11/><F11/><W61/><G133/><T108/><D108/><U27/><E114/><V18/><F112/><W16/><G117/><T94/><D39/><U23/><E4/><V127/><F118/><W88/><G73/><T125/><D125/><U97/><E97/><V10/><F10/><W66/><G6/><T91/><REACH who="0" step="1"/><D78/><REACH who="0" ten="220,210,340,220" step="2"/><U50/><E36/><V28/><F127/><W123/><G123/><T115/><D115/><U22/><E131/><V14/><REACH who="2" step="1"/><F32/><REACH who="2" ten="220,210,330,220" step="2"/><W24/><G66/><T20/><D20/><U121/><E129/><V49/><F49/><W119/><G119/><T83/><D83/><U122/><E23/><V79/><F79/><W116/><G116/><T98/><AGARI ba="0,2" hai="38,43,47,52,54,57,62,67,84,89,91,94,95,98" machi="98" ten="20,5200,0" yaku="1,1,0,1,7,1,54,1,53,0" doraHai="9" doraHaiUra="17" who="0" fromWho="0" sc="220,72,210,-13,330,-26,220,-13" /><INIT seed="3,0,0,2,2,115" ten="292,197,304,207" oya="3" hai0="109,67,8,103,116,106,73,39,96,32,63,66,47" hai1="132,0,77,108,69,98,113,68,16,127,21,1,55" hai2="118,121,87,30,48,85,130,27,86,89,37,123,110" hai3="34,9,41,19,88,135,52,70,129,12,100,131,78"/><W102/><G70/><T38/><D109/><U22/><E113/><V74/><F118/><W126/><G34/><T29/><D73/><U84/><E108/><V101/><F130/><N who="3" m="49675" /><G135/><T95/><D116/><U17/><E98/><V25/><F110/><W112/><G126/><T14/><D67/><U33/><E84/><N who="2" m="32363" /><F37/><W111/><G112/><T124/><D124/><U54/><E33/><V120/><F74/><W31/><G31/><T122/><D122/><U46/><E127/><V36/><F36/><W76/><G88/><T42/><D39/><U11/><E77/><N who="3" m="29802" /><G41/><T7/><D106/><U51/><E11/><V6/><F30/><W59/><G111/><T57/><D32/><U61/><E51/><AGARI ba="0,0" hai="9,12,19,51,52,59,100,102" m="29802,49675" machi="51" ten="30,2900,0" yaku="19,1,54,1" doraHai="115" who="3" fromWho="1" sc="292,0,197,-29,304,0,207,29" /><INIT seed="3,1,0,3,2,67" ten="292,168,304,236" oya="3" hai0="15,106,8,71,81,62,63,87,39,11,28,54,92" hai1="47,25,22,43,114,127,35,56,90,78,116,20,125" hai2="16,48,38,27,5,113,45,99,132,94,33,21,10" hai3="95,84,44,89,57,58,30,46,61,88,72,12,14"/><W134/><G72/><T123/><D123/><U129/><E114/><V4/><F113/><W52/><G134/><T53/><D106/><U86/><E116/><V42/><F132/><W36/><G36/><T69/><D39/><U119/><E119/><V103/><F33/><W128/><G128/><T120/><D120/><U130/><E78/><V31/><F38/><W49/><G30/><T76/><D71/><U23/><E56/><V121/><F121/><W100/><G100/><T124/><D124/><N who="1" m="47691" /><E47/><N who="3" m="17962" /><G89/><N who="0" m="53311" /><D69/><U131/><E43/><V18/><F4/><W80/><G80/><T64/><D28/><N who="1" m="19855" /><E86/><V82/><F82/><W98/><G84/><N who="0" m="48167" /><D11/><U77/><E77/><V13/><AGARI ba="1,0" hai="5,10,13,16,18,21,27,31,42,45,48,94,99,103" machi="13" ten="20,5200,0" yaku="0,1,7,1,8,1,54,1" doraHai="67" who="2" fromWho="2" sc="292,-14,168,-14,304,55,236,-27" owari="278,8.0,154,-35.0,359,46.0,209,-19.0" /></mjloggm>