<mjloggm ver="2.3"><GO type="97" lobby="0"/><UN n0="%E3%83%92%E3%83%A8%E3%83%AA%E3%82%BA%E3%83%A0" n1="%E6%9D%B1%E9%A2%A8%E3%81%AE%E5%A4%AE" n2="%E5%B0%B1%E6%B4%BB%E7%94%9F%40%E5%B7%9D%E6%9D%91%E8%BB%8D%E5%9B%A3" n3="%EF%BC%A0%E7%A2%A7%E3%81%AE%E8%BB%8C%E8%B7%A1" dan="14,14,13,14" rate="1951.50,1925.81,1901.90,1961.19" sx="M,M,M,M"/><TAIKYOKU oya="0"/><INIT seed="0,0,0,1,1,131" ten="250,250,250,250" oya="0" hai0="8,87,62,27,79,114,84,83,58,42,65,101,43" hai1="16,48,88,12,95,69,77,111,54,37,96,120,75" hai2="47,55,7,100,122,102,35,78,0,115,68,31,9" hai3="94,52,107,66,110,20,117,39,26,33,92,18,17"/><T127/><D114/><U135/><E120/><V104/><F122/><W5/><G117/><T129/><D129/><U14/><E69/><V64/><F115/><W71/><G110/><T10/><D127/><U76/><E111/><V38/><F78/><N who="1" m="30313" /><E135/><V13/><F13/><W80/><G39/><T89/><D101/><U50/><E75/><V134/><F100/><W125/><G125/><T103/><D103/><U61/><E37/><V99/><F55/><W70/><G107/><T113/><D27/><U53/><E12/><V97/><F97/><W63/><G33/><T86/><D113/><U112/><E112/><V28/><F28/><W82/><G71/><T132/><D132/><U126/><E126/><V85/><F85/><N who="0" m="32874" /><D79/><U98/><E98/><V118/><F118/><W90/><G5/><T34/><D34/><U40/><E40/><AGARI ba="0,0" hai="8,10,40,42,43,58,62,65,83,87,89" m="32874" machi="40" ten="30,1500,0" yaku="8,1" doraHai="131" who="0" fromWho="1" sc="250,15,250,-15,250,0,250,0" /><INIT seed="0,1,0,0,5,28" ten="265,235,250,250" oya="0" hai0="15,71,52,89,53,49,43,38,62,109,87,94,83" hai1="92,64,51,122,47,32,10,82,9,97,69,20,48" hai2="102,37,120,128,117,7,31,93,134,61,77,105,106" hai3="40,63,114,35,27,33,112,118,8,14,1,58,60"/><T12/><D38/><U98/><E122/><V133/><F37/><W125/><G40/><T34/><D43/><U70/><E32/><N who="3" m="12362" /><G58/><T91/><D34/><U123/><E123/><V116/><F61/><W4/><G63/><T59/><D71/><U54/><E20/><V23/><F120/><W115/><G60/><T113/><D109/><U65/><E82/><V57/><F57/><W95/><G95/><T68/><D68/><U79/><E92/><V100/><F7/><W44/><G44/><N who="0" m="27687" /><D113/><U73/><E54/><V108/><F23/><W126/><G118/><N who="2" m="45673" /><F31/><W103/><G103/><N who="2" m="39465" /><F108/><W135/><G135/><N who="2" m="51721" /><F128/><W74/><G74/><T86/><AGARI ba="1,0" hai="12,15,53,59,62,83,86,87,89,91,94" m="27687" machi="86" ten="30,3000,0" yaku="8,1,54,1" doraHai="28" who="0" fromWho="0" sc="265,33,235,-11,250,-11,250,-11" /><INIT seed="0,2,0,0,4,61" ten="298,224,239,239" oya="0" hai0="43,97,120,3,14,127,116,59,56,5,58,32,115" hai1="104,28,85,92,128,114,106,74,64,2,36,86,65" hai2="107,26,12,25,87,79,121,13,77,33,44,22,102" hai3="83,131,108,27,40,89,96,94,110,126,93,63,122"/><T119/><D115/><U39/><E128/><V135/><F121/><W95/><G122/><T81/><D3/><U15/><E15/><V20/><F33/><W67/><G126/><T38/><D32/><U70/><E70/><V45/><F135/><W99/><G131/><T19/><D5/><U49/><E49/><V8/><F107/><W7/><G40/><T46/><D127/><U18/><E18/><V105/><F105/><W10/><G27/><T23/><D120/><U80/><E2/><V91/><F102/><W41/><G41/><T37/><D37/><U123/><E123/><V11/><F87/><W100/><G83/><T54/><D97/><U134/><E92/><V98/><REACH who="2" step="1"/><F91/><REACH who="2" ten="298,224,229,239" step="2"/><W52/><G110/><T75/><D75/><U125/><E125/><V51/><F51/><W133/><G108/><T109/><D109/><U111/><E111/><V82/><F82/><W53/><G133/><T60/><D81/><U6/><E80/><V112/><F112/><W1/><REACH who="3" step="1"/><G95/><REACH who="3" ten="298,224,229,229" step="2"/><T113/><D113/><U24/><E106/><V57/><F57/><AGARI ba="2,2" hai="1,7,10,52,53,57,63,67,89,93,94,96,99,100" machi="57" ten="30,8000,1" yaku="1,1,2,1,7,1,52,1,54,1,53,0" doraHai="61" doraHaiUra="17" who="3" fromWho="2" sc="298,0,224,0,229,-86,229,106" /><INIT seed="1,0,0,1,4,34" ten="298,224,143,335" oya="1" hai0="81,49,58,125,115,16,18,75,89,67,22,59,95" hai1="26,101,86,31,90,133,24,29,98,97,30,46,38" hai2="6,63,19,50,82,105,134,100,36,87,8,68,114" hai3="124,83,0,52,77,80,15,23,88,131,94,102,128"/><U126/><E126/><V4/><F134/><W42/><G124/><T118/><D115/><U12/><E133/><V33/><F36/><W43/><G102/><T120/><D118/><U9/><E38/><V93/><F114/><W99/><G0/><T106/><D106/><U107/><E46/><V72/><F33/><W66/><G66/><T32/><D32/><U127/><E127/><V76/><F105/><W25/><G15/><T53/><D125/><U48/><E48/><V129/><F129/><N who="3" m="49739" /><G52/><T57/><D120/><U70/><E70/><V91/><F100/><W79/><G79/><T61/><D75/><U40/><E40/><N who="3" m="15402" /><G77/><T78/><D78/><U7/><REACH who="1" step="1"/><E97/><REACH who="1" ten="298,214,143,335" step="2"/><V113/><F50/><W65/><G65/><T64/><D49/><U28/><N who="1" m="7168" /><DORA hai="109" /><U69/><E69/><V92/><F68/><W132/><G132/><T85/><D67/><U56/><E56/><V74/><F113/><W54/><G54/><T119/><D53/><U10/><E10/><V44/><F63/><W37/><G37/><T111/><D61/><U20/><E20/><V2/><F44/><W3/><G99/><T5/><D64/><U14/><E14/><V47/><F47/><W108/><G23/><T60/><D22/><U1/><E1/><V123/><F123/><W103/><G3/><T104/><D60/><U41/><E41/><V110/><F74/><W121/><G121/><T73/><D73/><U11/><E11/><V51/><F8/><W45/><G45/><T55/><D58/><U96/><E96/><V21/><F2/><W35/><G35/><T116/><D59/><RYUUKYOKU ba="0,1" sc="298,-10,214,30,143,-10,335,-10" hai1="7,9,12,24,26,86,90,98,101,107" /><INIT seed="1,1,1,1,2,0" ten="288,244,133,325" oya="1" hai0="91,61,116,23,53,114,7,4,48,12,70,105,25" hai1="97,85,106,128,10,51,67,21,126,63,133,81,117" hai2="99,112,56,65,115,83,120,113,20,24,80,57,19" hai3="93,42,125,55,2,30,11,94,71,29,5,74,35"/><U122/><E117/><V37/><F120/><W31/><G74/><T98/><D116/><U109/><E122/><V50/><F37/><W43/><G125/><T73/><D114/><U58/><E126/><V38/><F38/><W107/><G71/><T45/><D73/><U32/><E133/><V26/><F57/><W84/><G107/><T124/><D124/><U100/><E32/><V18/><F99/><W62/><G35/><T108/><D108/><U36/><E109/><V27/><F20/><W16/><G16/><T77/><D77/><U119/><E36/><V1/><F1/><W46/><G43/><T90/><D12/><U14/><E128/><V87/><F80/><W135/><G135/><T60/><D105/><U121/><E121/><V75/><F75/><W76/><G76/><T88/><D98/><U69/><E21/><V39/><F39/><W15/><G2/><T131/><D131/><U13/><E119/><V102/><F102/><W34/><G34/><T101/><D101/><U47/><E10/><V130/><F130/><W44/><G84/><T68/><D68/><U129/><E129/><V72/><F72/><W123/><G123/><T92/><D92/><N who="3" m="35433" /><G42/><T66/><REACH who="0" step="1"/><D61/><REACH who="0" ten="278,244,133,325" step="2"/><U95/><E106/><V78/><REACH who="2" step="1"/><F65/><REACH who="2" ten="278,244,123,325" step="2"/><W118/><G118/><T134/><D134/><U17/><E67/><V54/><AGARI ba="1,3" hai="18,19,24,26,27,50,54,56,78,83,87,112,113,115" machi="54" ten="40,8000,1" yaku="1,1,2,1,0,1,11,1,53,0" doraHai="0" doraHaiUra="28" who="2" fromWho="2" sc="278,-21,244,-41,123,113,325,-21" /><INIT seed="2,0,0,3,1,55" ten="257,203,236,304" oya="2" hai0="48,130,120,0,74,101,103,16,28,114,66,124,102" hai1="91,15,13,71,81,111,24,54,84,32,75,4,44" hai2="90,58,99,6,116,127,52,20,1,97,38,105,19" hai3="22,34,70,125,113,133,128,131,88,46,92,121,59"/><V18/><F116/><W87/><G121/><T64/><D114/><U8/><E111/><V62/><F38/><W96/><G113/><T47/><D120/><U83/><E71/><V112/><F112/><W26/><G125/><T2/><D74/><U45/><E15/><V57/><F127/><W122/><G122/><T31/><D124/><U3/><E3/><V67/><F1/><W80/><G133/><T118/><D118/><U12/><E12/><N who="2" m="9287" /><F6/><W77/><G70/><T134/><D134/><U40/><E54/><V68/><F68/><W41/><G34/><T135/><D135/><U93/><E75/><V11/><F105/><W9/><G59/><T85/><D2/><U17/><E45/><V5/><F5/><W109/><G9/><T107/><D107/><U39/><REACH who="1" step="1"/><E17/><REACH who="1" ten="257,193,236,304" step="2"/><V86/><F19/><W65/><G65/><T100/><D0/><U106/><E106/><V53/><F11/><W115/><G115/><T117/><D117/><U78/><E78/><V60/><F67/><W42/><G109/><T95/><D64/><U25/><E25/><V51/><F51/><W110/><G110/><T29/><D66/><U98/><E98/><V76/><F76/><W82/><G46/><T43/><D16/><U30/><AGARI ba="0,1" hai="4,8,13,24,30,32,39,40,44,81,83,84,91,93" machi="30" ten="30,2000,0" yaku="1,1,0,1,53,0" doraHai="55" doraHaiUra="63" who="1" fromWho="1" sc="257,-5,193,30,236,-10,304,-5" /><INIT seed="3,0,0,2,5,55" ten="252,223,226,299" oya="3" hai0="115,108,0,3,63,130,100,79,95,57,14,77,51" hai1="81,84,135,39,102,36,114,126,124,5,34,90,48" hai2="93,38,120,133,107,35,58,86,12,65,112,40,67" hai3="109,75,24,111,80,23,2,7,29,56,4,47,91"/><W64/><G2/><T123/><D123/><U87/><E114/><V15/><F107/><W61/><G47/><T83/><D108/><N who="3" m="41545" /><G91/><T26/><D130/><U117/><E135/><V44/><F35/><W53/><G64/><T66/><D26/><U74/><E34/><V94/><F120/><W21/><G21/><T97/><D115/><U110/><E110/><V96/><F133/><W11/><G11/><T132/><D132/><U43/><E117/><V70/><F70/><W52/><G53/><T103/><D103/><U45/><E74/><V62/><F112/><W118/><G118/><T121/><D121/><U69/><E69/><V46/><F46/><W122/><G122/><T104/><D104/><U8/><E102/><V76/><F67/><W42/><G42/><T98/><D98/><U9/><E84/><V116/><F116/><W73/><G73/><T127/><D3/><N who="1" m="63" /><E9/><V68/><F68/><W125/><G125/><AGARI ba="0,0" hai="36,39,43,45,48,81,87,90,124,125,126" m="63" machi="125" ten="30,1000,0" yaku="18,1" doraHai="55" who="1" fromWho="3" sc="252,0,223,10,226,0,299,-10" /><INIT seed="4,0,0,3,5,9" ten="252,233,226,289" oya="0" hai0="57,5,104,14,25,1,115,50,65,43,94,12,129" hai1="85,42,77,80,117,120,60,118,79,135,76,133,125" hai2="64,99,68,67,59,41,101,34,27,114,69,93,11" hai3="100,48,123,130,2,131,82,17,37,31,62,98,45"/><T13/><D104/><U66/><E120/><V103/><F114/><W97/><G2/><T33/><D115/><U107/><E42/><V119/><F119/><N who="1" m="45577" /><E107/><V121/><F121/><W63/><G123/><T39/><D39/><U61/><E61/><V56/><F41/><W28/><G37/><T8/><D129/><N who="3" m="49161" /><G82/><T89/><D33/><U132/><E60/><N who="3" m="23082" /><G17/><T47/><D25/><U116/><E66/><N who="2" m="25131" /><F34/><W84/><G84/><N who="0" m="52519" /><D65/><U53/><E53/><V29/><F69/><W10/><G10/><N who="0" m="4175" /><D1/><U127/><N who="1" m="45585" /><U109/><DORA hai="71" /><E109/><V128/><F128/><W54/><G98/><T72/><D72/><U38/><E38/><V58/><F68/><W15/><G15/><N who="0" m="5643" /><D57/><N who="2" m="14594" /><V24/><DORA hai="32" /><F11/><AGARI ba="0,0" hai="8,11,43,47,50" m="5643,4175,52519" machi="11" ten="30,12000,1" yaku="8,1,52,4" doraHai="9,71,32" who="0" fromWho="2" sc="252,120,233,0,226,-120,289,0" owari="372,47.0,233,-17.0,106,-39.0,289,9.0" /></mjloggm>