<mjloggm ver="2.3"><GO type="169" lobby="0"/><UN n0="%E3%83%8D%E3%83%BC%E3%83%A0%E3%83%AC%E3%82%B9%EF%BC%97" n1="%E3%81%99%E3%81%9F%E3%83%BC%E3%82%89%E3%81%84%E3%81%A8%E3%81%B3%E3%83%BC" n2="%E3%82%A6%E3%83%AB%E3%83%88%E3%83%A9%E7%AB%8B%E7%9B%B4" n3="%E8%A1%A8%E8%A3%8F%E8%A3%8F" dan="18,16,17,17" rate="2240.65,2110.61,2212.02,2161.41" sx="M,M,M,M"/><TAIKYOKU oya="0"/><INIT seed="0,0,0,2,1,84" ten="250,250,250,250" oya="0" hai0="9,63,75,13,101,14,79,43,97,102,126,54,18" hai1="20,77,29,37,121,129,111,91,26,107,61,135,95" hai2="110,11,90,88,12,24,49,30,93,72,6,41,113" hai3="15,80,44,23,86,17,69,47,7,118,46,87,16"/><T73/><D126/><U58/><E107/><V98/><F72/><W104/><G118/><T83/><D73/><U116/><E121/><V124/><F113/><W132/><G132/><T109/><D109/><U96/><E116/><V64/><F110/><W103/><G69/><T81/><D81/><U74/><E111/><V31/><F124/><W99/><G7/><T85/><D43/><U50/><E37/><V35/><F64/><W36/><G36/><T123/><D123/><U21/><E135/><V115/><F115/><W51/><G51/><T33/><D33/><U5/><E5/><V42/><F31/><W28/><G28/><T2/><D2/><U22/><E129/><V128/><F128/><W34/><G34/><T82/><D97/><U134/><E50/><V39/><F39/><W56/><G56/><T48/><D63/><U114/><E114/><V125/><F125/><W60/><G60/><T10/><D82/><U1/><E1/><V55/><REACH who="2" step="1"/><F90/><REACH who="2" ten="250,250,240,250" step="2"/><W66/><G66/><T25/><D75/><U119/><E119/><V120/><F120/><W27/><REACH who="3" step="1"/><G80/><REACH who="3" ten="250,250,240,240" step="2"/><T0/><D0/><U57/><E134/><V112/><F112/><W32/><G32/><T71/><D71/><U40/><E29/><V19/><F19/><W122/><G122/><T53/><D18/><U4/><E4/><V52/><F52/><W108/><G108/><T78/><D54/><U62/><E40/><V65/><F65/><W3/><G3/><T94/><D53/><U8/><E61/><V68/><F68/><W105/><G105/><T130/><D83/><U92/><E62/><RYUUKYOKU ba="0,2" sc="250,-15,250,-15,240,15,240,15" hai2="6,11,12,24,30,35,41,42,49,55,88,93,98" hai3="15,16,17,23,27,44,46,47,86,87,99,103,104" /><INIT seed="1,1,2,5,1,114" ten="235,235,255,255" oya="1" hai0="89,122,17,119,48,24,50,72,99,123,88,69,133" hai1="83,56,8,4,82,31,30,32,40,101,9,59,7" hai2="71,87,41,113,104,79,70,73,2,131,103,66,14" hai3="36,29,124,84,12,128,39,91,19,26,86,33,96"/><U110/><E32/><V98/><F113/><W16/><G128/><T94/><D72/><U125/><E125/><V74/><F131/><W78/><G124/><T107/><D69/><U80/><E101/><V45/><F87/><W90/><G96/><T15/><D133/><U97/><E97/><V130/><F14/><W43/><G78/><T52/><D107/><U92/><E92/><V53/><F53/><W102/><G102/><T109/><D109/><U18/><E40/><V28/><F130/><W112/><G112/><T81/><D24/><U49/><E18/><V1/><F28/><N who="1" m="10793" /><E110/><V77/><F77/><W121/><G121/><N who="0" m="46091" /><D119/><U6/><E49/><V35/><F35/><W106/><G106/><T76/><D76/><U46/><E46/><V22/><F71/><W47/><G39/><T63/><D81/><U5/><N who="1" m="1024" /><DORA hai="93" /><U42/><E42/><V38/><F22/><W13/><G13/><T65/><D89/><U115/><E115/><V132/><F132/><W62/><G12/><T64/><D63/><U51/><E51/><N who="0" m="19497" /><D52/><U60/><E60/><N who="2" m="40263" /><F79/><W54/><G62/><T57/><D57/><AGARI ba="1,2" hai="8,9,56,57,59,80,82,83" m="1024,10793" machi="57" ten="50,9600,0" yaku="28,2,8,1" doraHai="114,93" who="1" fromWho="0" sc="235,-99,235,119,255,0,255,0" /><INIT seed="1,2,0,5,1,110" ten="136,354,255,255" oya="1" hai0="122,45,32,97,86,87,93,39,55,70,30,100,130" hai1="14,67,84,17,118,99,56,81,52,111,20,36,131" hai2="64,46,44,22,104,23,101,38,76,26,102,61,85" hai3="78,51,127,29,12,65,132,96,50,95,112,0,41"/><U48/><E118/><V18/><F104/><W107/><G0/><T5/><D70/><U128/><E36/><V8/><F8/><W19/><G132/><T119/><D119/><U15/><E111/><V2/><F2/><W10/><G127/><T31/><D130/><U57/><E99/><V7/><F7/><W68/><G107/><T40/><D122/><U109/><E109/><V9/><F9/><W113/><G78/><T103/><D5/><U60/><REACH who="1" step="1"/><E15/><REACH who="1" ten="136,344,255,255" step="2"/><V134/><F38/><W94/><G96/><T54/><D103/><U62/><E62/><V105/><F61/><W25/><G12/><T82/><D100/><U43/><E43/><V126/><F102/><W129/><G41/><T34/><D97/><U16/><E16/><V123/><F18/><W4/><G19/><T114/><D40/><U58/><E58/><V106/><F101/><W53/><G4/><T121/><D39/><U3/><E3/><V133/><F106/><W49/><G129/><T79/><D121/><U13/><E13/><V37/><F105/><W66/><G68/><T6/><D6/><U28/><E28/><V71/><F37/><W135/><G29/><T69/><D69/><U27/><E27/><V115/><F26/><W83/><G25/><T80/><D45/><U74/><E74/><V116/><F46/><W77/><G135/><T92/><REACH who="0" step="1"/><D79/><AGARI ba="2,1" hai="14,17,20,48,52,56,57,60,67,79,81,84,128,131" machi="79" ten="40,3900,0" yaku="1,1,54,1,53,0" doraHai="110" doraHaiUra="35" who="1" fromWho="0" sc="136,-45,344,55,255,0,255,0" /><INIT seed="1,3,0,0,2,134" ten="91,399,255,255" oya="1" hai0="46,118,59,11,104,57,62,47,24,112,45,8,39" hai1="88,26,74,110,53,42,52,125,119,31,36,44,127" hai2="114,113,111,3,51,126,109,98,64,63,19,103,81" hai3="34,21,61,102,23,70,92,68,18,77,1,122,72"/><U66/><E119/><V10/><F51/><W79/><G122/><T16/><D118/><U28/><E74/><V89/><F89/><W94/><G34/><T120/><D112/><N who="2" m="43114" /><F81/><W124/><G124/><N who="1" m="47690" /><E110/><V86/><F86/><W38/><G1/><T71/><D120/><U60/><E88/><V15/><F3/><W37/><G18/><T5/><D104/><U56/><E31/><V69/><F126/><W0/><G0/><T22/><D39/><U9/><E9/><V101/><F101/><W50/><G102/><T20/><D71/><U78/><E78/><V14/><F14/><W85/><G85/><T49/><D5/><U58/><E56/><V12/><F12/><W27/><G72/><T96/><D96/><U108/><E108/><V121/><F121/><W35/><G79/><T43/><D43/><U83/><E83/><V2/><F2/><W115/><G77/><T95/><D95/><AGARI ba="3,0" hai="10,15,19,63,64,69,95,98,103,109,111" m="43114" machi="95" ten="30,1000,0" yaku="11,1" doraHai="134" who="2" fromWho="0" sc="91,-19,399,0,255,19,255,0" /><INIT seed="2,0,0,4,2,60" ten="72,399,274,255" oya="2" hai0="58,38,47,36,111,18,59,126,135,92,15,34,40" hai1="108,79,113,124,85,12,86,127,123,54,120,81,66" hai2="88,117,41,32,122,2,110,68,101,56,25,74,95" hai3="107,0,61,94,55,73,114,37,49,98,43,109,62"/><V69/><F122/><N who="1" m="46633" /><E113/><V20/><F117/><W1/><G73/><T99/><D34/><U23/><E54/><V13/><F2/><W133/><G107/><T10/><D111/><U102/><E108/><V75/><F110/><W27/><G133/><T97/><D135/><U7/><E102/><V131/><F131/><W72/><G72/><T22/><D126/><U77/><E66/><V52/><F101/><W89/><G114/><T112/><D112/><U33/><E33/><V71/><F41/><W30/><G37/><T129/><D129/><U64/><E64/><V106/><F106/><W76/><G43/><T134/><D134/><U63/><E63/><N who="2" m="36231" /><F13/><W5/><G76/><T3/><D38/><U103/><E103/><V100/><F100/><W9/><G0/><T53/><D92/><U4/><E12/><V39/><F39/><W128/><G128/><T45/><D45/><U87/><E23/><V28/><F32/><W67/><G67/><T11/><D59/><U118/><E118/><V6/><F6/><N who="1" m="2089" /><E81/><V115/><F115/><W8/><G109/><T51/><REACH who="0" step="1"/><D3/><REACH who="0" ten="62,399,274,255" step="2"/><U104/><E104/><V125/><F125/><AGARI ba="0,1" hai="77,79,85,86,87,124,125,127" m="2089,46633" machi="125" ten="40,8000,1" yaku="28,2,18,1,13,1" doraHai="60" who="1" fromWho="2" sc="62,0,399,90,274,-80,255,0" /><INIT seed="3,0,0,5,2,7" ten="62,489,194,255" oya="3" hai0="47,110,57,108,105,11,106,25,102,14,13,128,99" hai1="6,18,101,54,28,79,89,109,133,120,29,61,21" hai2="103,111,20,62,117,122,83,94,12,125,10,17,68" hai3="71,33,19,34,121,44,48,66,131,8,67,95,23"/><W63/><G121/><T36/><D106/><U9/><E120/><V59/><F122/><W1/><G131/><T69/><D69/><U76/><E101/><V72/><F117/><W26/><G67/><T60/><D128/><U2/><E109/><V31/><F111/><N who="0" m="42538" /><D25/><U91/><E76/><V77/><F125/><W116/><G116/><T73/><D73/><U50/><E79/><V107/><F68/><W51/><G95/><T40/><D11/><U64/><E28/><V74/><F107/><W58/><G71/><T16/><D16/><U32/><E29/><V82/><F94/><W87/><G87/><T118/><D118/><U30/><E30/><V70/><F103/><W65/><G65/><AGARI ba="0,0" hai="13,14,36,40,47,57,60,65,99,102,105" m="42538" machi="65" ten="30,1000,0" yaku="14,1" doraHai="7" who="0" fromWho="3" sc="62,10,489,0,194,0,255,-10" /><INIT seed="4,0,0,1,3,131" ten="72,489,194,245" oya="0" hai0="11,93,134,121,103,34,132,18,51,76,104,23,80" hai1="44,37,70,2,42,31,75,47,12,73,129,78,17" hai2="43,125,26,110,30,67,5,113,126,81,101,119,88" hai3="123,25,46,20,40,59,92,112,69,86,60,19,90"/><T22/><D121/><U130/><E2/><V15/><F110/><W7/><G123/><T62/><D34/><U65/><E31/><V38/><F101/><W8/><G112/><T97/><D11/><U74/><E44/><V115/><F67/><W72/><G72/><T9/><D9/><U63/><E78/><V0/><F0/><W27/><G69/><T107/><D62/><U36/><E36/><V108/><F108/><W14/><G40/><T124/><D23/><U102/><E102/><V49/><F38/><W24/><REACH who="3" step="1"/><G46/><REACH who="3" ten="72,489,194,235" step="2"/><T32/><D124/><U21/><AGARI ba="0,1" hai="12,17,21,37,42,47,63,65,70,73,74,75,129,130" machi="21" ten="40,1500,0" yaku="0,1" doraHai="131" who="1" fromWho="1" sc="72,-7,489,25,194,-4,235,-4" /><INIT seed="5,0,0,0,2,91" ten="65,514,190,231" oya="1" hai0="64,35,63,90,38,89,115,47,17,10,43,102,22" hai1="83,80,33,12,50,86,127,109,97,103,78,23,14" hai2="49,129,3,101,8,133,67,120,39,130,44,36,16" hai3="98,41,122,76,21,79,11,96,58,66,125,48,88"/><U0/><E33/><V54/><F120/><W51/><G122/><T57/><D35/><U126/><E0/><V113/><F3/><W123/><G123/><T77/><D115/><U100/><E109/><V95/><F67/><W81/><G125/><T30/><D30/><U6/><E126/><V18/><F113/><W56/><G11/><T114/><D114/><U121/><E121/><V92/><F133/><W112/><G112/><T132/><D132/><U99/><E6/><V4/><F4/><W2/><G2/><T75/><D102/><U15/><E127/><V111/><F111/><W59/><G66/><T34/><D34/><U46/><E23/><V68/><F68/><W9/><G9/><T82/><REACH who="0" step="1"/><D10/><REACH who="0" ten="55,514,190,231" step="2"/><U93/><E100/><V94/><F101/><W71/><G21/><T106/><D106/><U25/><E103/><V135/><F135/><W13/><G71/><T20/><D20/><U5/><E25/><AGARI ba="0,1" hai="17,22,25,38,43,47,57,63,64,75,77,82,89,90" machi="25" ten="30,2000,0" yaku="1,1,7,1,53,0" doraHai="91" doraHaiUra="118" who="0" fromWho="1" sc="55,30,514,-20,190,0,231,0" /><INIT seed="6,0,0,1,0,6" ten="85,494,190,231" oya="2" hai0="83,135,7,80,70,66,77,62,97,40,1,132,79" hai1="22,100,91,101,3,103,69,81,61,67,30,74,60" hai2="20,25,93,105,14,63,87,128,76,64,11,84,16" hai3="86,130,52,18,42,85,15,88,110,98,10,21,19"/><V104/><F128/><W53/><G110/><T4/><D40/><U133/><E3/><V38/><F38/><W127/><G127/><T31/><D31/><U90/><E60/><V75/><F75/><W55/><G42/><T106/><D7/><U68/><E68/><V115/><F115/><W48/><G130/><T120/><D120/><U134/><E30/><V96/><F76/><W28/><G28/><T32/><D32/><U89/><E22/><V99/><F104/><W107/><G107/><T45/><D45/><U111/><E111/><V121/><F105/><W108/><G108/><T46/><D46/><U117/><E117/><V112/><F121/><W33/><G33/><T116/><D116/><U109/><E109/><V47/><F47/><N who="3" m="27679" /><G98/><N who="2" m="37417" /><F93/><N who="3" m="54415" /><G86/><T129/><D129/><U72/><E81/><V26/><F112/><W51/><G51/><T39/><D39/><U23/><E74/><V82/><F82/><N who="0" m="31274" /><D97/><U78/><E69/><V126/><F126/><W44/><G44/><T56/><D106/><U41/><E103/><V123/><F123/><W35/><G35/><T27/><D70/><U24/><E101/><V9/><F87/><W50/><G50/><T2/><D2/><U37/><E100/><V59/><F84/><W49/><G49/><T102/><D102/><U36/><E37/><V114/><F114/><W34/><G34/><T113/><D113/><U12/><E36/><V118/><F118/><W5/><G5/><T125/><D125/><U124/><E72/><V73/><F73/><W57/><G57/><T92/><D1/><U13/><E124/><V58/><F58/><RYUUKYOKU ba="0,0" sc="85,-15,494,-15,190,15,231,15" hai2="9,11,14,16,20,25,26,59,63,64" hai3="10,15,18,19,21,53,55" /><INIT seed="6,1,0,3,1,52" ten="70,479,205,246" oya="2" hai0="62,57,125,70,99,44,1,128,53,95,55,9,124" hai1="29,105,42,77,36,2,130,107,67,74,112,54,46" hai2="109,94,66,106,126,132,96,115,92,82,41,100,31" hai3="27,5,45,122,19,93,10,64,3,73,43,86,39"/><V16/><F115/><W83/><G122/><T4/><D128/><U30/><E54/><V13/><F126/><W117/><G117/><T90/><REACH who="0" step="1"/><D70/><REACH who="0" ten="60,479,205,246" step="2"/><U22/><E130/><V18/><F109/><W56/><G73/><T21/><D21/><U111/><E22/><V79/><F132/><W119/><G119/><T48/><AGARI ba="1,1" hai="1,4,9,44,48,53,55,57,62,90,95,99,124,125" machi="48" ten="30,7900,0" yaku="1,1,0,1,52,1,53,1" doraHai="52" doraHaiUra="35" who="0" fromWho="0" sc="60,92,479,-21,205,-40,246,-21" /><INIT seed="7,0,0,3,1,41" ten="152,458,165,225" oya="3" hai0="60,73,18,94,107,129,39,56,65,76,25,53,67" hai1="78,82,72,2,96,97,109,10,102,80,81,118,0" hai2="135,54,55,38,84,34,28,49,88,112,83,120,68" hai3="75,3,48,124,131,133,22,101,14,66,85,92,105"/><W106/><G66/><N who="0" m="25099" /><D107/><U100/><E109/><V42/><F68/><W58/><G3/><T128/><D39/><U132/><E132/><V125/><F38/><W93/><G75/><T15/><D73/><U46/><E118/><V7/><F34/><W26/><G131/><N who="0" m="50251" /><D76/><U57/><E57/><V20/><F125/><W35/><G85/><T95/><D25/><U69/><E69/><V89/><F112/><W64/><G92/><T43/><D43/><U87/><E46/><N who="2" m="25815" /><F135/><W23/><G22/><T86/><D86/><U59/><E59/><V77/><F7/><W63/><G14/><T117/><D117/><U47/><E47/><V36/><F36/><W16/><G101/><T19/><D19/><U9/><E82/><V126/><F126/><W1/><G63/><T110/><D110/><U122/><E122/><V27/><F120/><W29/><G124/><T70/><D70/><U111/><E111/><V71/><F71/><W103/><G106/><T98/><D98/><U12/><E12/><V61/><F61/><W11/><G105/><T79/><D79/><U24/><E24/><V21/><F21/><AGARI ba="0,0" hai="15,18,21,53,56,60,94,95" m="50251,25099" machi="21" ten="30,1000,0" yaku="19,1" doraHai="41" who="0" fromWho="2" sc="152,10,458,0,165,-10,225,0" owari="162,-24.0,458,55.0,155,-34.0,225,3.0" /></mjloggm>