<mjloggm ver="2.3"><GO type="97" lobby="0"/><UN n0="%E9%87%8C%E4%B8%AD%E4%BA%9C%E7%9F%A2%E5%AD%90" n1="%73%69%6E%6F%72%61%6E" n2="%62%61%6A%69%2D%6E%61" n3="%E3%82%A6%E3%83%AB%E3%83%88%E3%83%A9%E7%AB%8B%E7%9B%B4" dan="14,13,15,15" rate="1945.24,1862.42,2000.95,1974.75" sx="F,F,M,M"/><TAIKYOKU oya="0"/><INIT seed="0,0,0,4,4,37" ten="250,250,250,250" oya="0" hai0="1,111,45,9,79,7,90,31,64,87,88,33,83" hai1="124,20,116,107,63,38,49,35,10,14,103,93,54" hai2="5,28,19,62,96,75,56,6,133,80,82,104,0" hai3="70,102,130,18,122,97,72,105,59,46,43,23,117"/><T11/><D111/><U25/><E38/><V27/><F133/><W40/><G117/><T52/><D64/><U131/><E116/><V48/><F19/><W86/><G70/><T4/><D31/><U115/><E131/><V135/><F135/><W113/><G72/><T60/><D33/><U71/><E35/><V68/><F75/><W84/><G113/><T89/><D60/><U26/><E63/><V58/><F58/><W98/><G130/><T129/><D129/><U12/><E71/><V30/><F30/><W108/><G108/><T53/><REACH who="0" step="1"/><D45/><REACH who="0" ten="240,250,250,250" step="2"/><U36/><E115/><V51/><F28/><W67/><G46/><T17/><D17/><U134/><E134/><V29/><F62/><N who="3" m="38367" /><G122/><T74/><D74/><U61/><E61/><V78/><F29/><W110/><G110/><T128/><D128/><U39/><E107/><V81/><F68/><W8/><G105/><T121/><D121/><U100/><E100/><V69/><F69/><W16/><G102/><T92/><D92/><U44/><E103/><V132/><F104/><W24/><G18/><T120/><D120/><U119/><E93/><V91/><F132/><W112/><G112/><T13/><AGARI ba="0,1" hai="1,4,7,9,11,13,52,53,79,83,87,88,89,90" machi="13" ten="30,11700,0" yaku="1,1,0,1,54,2,53,0" doraHai="37" doraHaiUra="42" who="0" fromWho="0" sc="240,127,250,-39,250,-39,250,-39" /><INIT seed="0,1,0,0,4,58" ten="367,211,211,211" oya="0" hai0="57,108,86,46,34,84,48,3,123,120,100,44,135" hai1="1,85,8,45,102,38,132,28,23,116,126,9,61" hai2="92,128,117,49,4,89,121,6,43,74,25,56,134" hai3="130,104,68,63,32,82,66,106,133,26,79,22,124"/><T62/><D3/><U112/><E116/><V70/><F121/><W83/><G124/><T114/><D34/><U33/><E126/><V53/><F70/><W42/><G130/><T64/><D114/><U125/><E125/><V24/><F128/><W35/><G133/><T110/><D135/><U76/><E132/><V127/><F117/><W118/><G118/><T95/><D44/><U14/><E102/><V96/><F74/><W13/><G42/><T78/><D78/><U15/><E112/><V10/><F134/><W47/><G47/><T101/><D123/><U91/><E76/><V36/><F127/><W87/><G32/><T60/><D120/><U80/><E1/><V52/><F36/><W11/><G83/><T81/><D81/><U103/><E103/><N who="0" m="39497" /><D60/><U40/><E33/><V54/><F43/><W69/><G35/><T88/><D110/><U12/><E28/><V0/><F4/><W65/><G65/><T55/><D108/><U27/><E61/><V17/><REACH who="2" step="1"/><F25/><REACH who="2" ten="367,211,201,211" step="2"/><W115/><G115/><T7/><D7/><U94/><E27/><V98/><F98/><AGARI ba="1,1" hai="46,48,55,57,62,64,84,86,88,95,98" m="39497" machi="98" ten="30,5800,0" yaku="8,1,52,1,54,1" doraHai="58" who="0" fromWho="2" sc="367,71,211,0,201,-61,211,0" /><INIT seed="0,2,0,5,1,61" ten="438,211,140,211" oya="0" hai0="78,116,27,7,63,19,108,25,11,81,23,15,42" hai1="46,56,87,12,111,58,48,29,17,0,14,20,122" hai2="33,132,117,124,67,65,66,73,95,134,22,97,13" hai3="79,125,51,127,64,100,54,62,30,72,49,24,6"/><T118/><D108/><U112/><E0/><V93/><F33/><W128/><G6/><T10/><D63/><U82/><E122/><V36/><F36/><W114/><G114/><T40/><D10/><U71/><E71/><V123/><F123/><W8/><G8/><T3/><D27/><U91/><E112/><V5/><F73/><W47/><G100/><T102/><D102/><U98/><E29/><V31/><F117/><W101/><G101/><T115/><D115/><U18/><E98/><V37/><F37/><W69/><G128/><T135/><D135/><N who="2" m="51754" /><F124/><W43/><G79/><T57/><D57/><U110/><E111/><V84/><F84/><W99/><G99/><T55/><D55/><U109/><E110/><V28/><F95/><W121/><G72/><T76/><D76/><U68/><E68/><V60/><F60/><W39/><G121/><T133/><D133/><U21/><E109/><V52/><F52/><AGARI ba="2,0" hai="12,14,17,18,20,21,46,48,52,56,58,82,87,91" machi="52" ten="30,7700,0" yaku="7,1,9,1,8,1,54,1" doraHai="61" who="1" fromWho="2" sc="438,0,211,83,140,-83,211,0" /><INIT seed="1,0,0,3,5,68" ten="438,294,57,211" oya="1" hai0="45,34,115,95,132,31,37,55,18,89,29,128,130" hai1="134,8,124,72,74,7,103,84,108,12,60,9,113" hai2="46,27,100,26,25,41,51,87,96,16,64,65,1" hai3="52,129,67,58,77,88,23,14,44,66,36,85,6"/><U71/><E134/><V94/><F1/><W123/><G123/><T35/><D115/><U109/><E124/><V39/><F87/><W111/><G111/><N who="1" m="42570" /><E113/><V57/><F51/><W83/><G129/><T4/><D132/><U93/><E84/><V80/><F80/><W114/><G114/><T101/><D101/><U86/><E86/><V11/><REACH who="2" step="1"/><F57/><REACH who="2" ten="438,294,47,211" step="2"/><W127/><G127/><T82/><D82/><U92/><E71/><V135/><F135/><W28/><G77/><T24/><D130/><U22/><E60/><V0/><F0/><W56/><G56/><T112/><D128/><U42/><E42/><V10/><F10/><N who="3" m="4439" /><G36/><T19/><D37/><U125/><E125/><V122/><F122/><W13/><G44/><T106/><D45/><U30/><E8/><V47/><F47/><W70/><G70/><T75/><D112/><U5/><E74/><V69/><F69/><W54/><G58/><T38/><D38/><U117/><E72/><V97/><F97/><W98/><G98/><T105/><D75/><U2/><E2/><V62/><F62/><W131/><G131/><T133/><D133/><U49/><E49/><V110/><F110/><W116/><G116/><T15/><D106/><U33/><E5/><V3/><F3/><W81/><G81/><T120/><D4/><U90/><E93/><V59/><F59/><W119/><G119/><T76/><D95/><U21/><E92/><V63/><F63/><W79/><G79/><T43/><D76/><U121/><E121/><V118/><F118/><W53/><G13/><AGARI ba="0,1" hai="11,13,16,25,26,27,39,41,46,64,65,94,96,100" machi="13" ten="40,5200,0" yaku="1,1,52,1,54,1,53,0" doraHai="68" doraHaiUra="107" who="2" fromWho="3" sc="438,0,294,0,47,62,211,-52" /><INIT seed="2,0,0,0,2,121" ten="438,294,109,159" oya="2" hai0="127,39,37,68,57,116,8,34,42,76,36,73,71" hai1="87,35,133,105,26,75,63,126,53,65,103,15,96" hai2="13,97,122,106,130,41,28,85,102,62,95,101,11" hai3="3,10,9,108,74,125,77,19,100,70,72,104,114"/><V128/><F122/><W12/><G19/><T6/><D57/><U38/><E53/><V92/><F28/><W86/><G12/><T112/><D112/><U132/><E87/><V23/><F41/><W40/><G70/><T22/><D22/><U31/><E15/><V2/><F23/><W91/><G40/><T131/><D131/><N who="2" m="50218" /><F2/><W80/><G10/><T25/><D127/><U27/><E126/><V21/><F21/><W4/><G9/><T51/><D51/><U98/><E26/><V59/><F85/><N who="3" m="48271" /><G4/><T69/><D42/><U44/><E44/><V29/><F29/><W120/><G3/><N who="0" m="95" /><D116/><U0/><E0/><V64/><F102/><W52/><G52/><T109/><D69/><U47/><E47/><V118/><F118/><W48/><G125/><T17/><D17/><AGARI ba="0,0" hai="11,13,17,59,62,64,92,95,97,101,106" m="50218" machi="17" ten="30,1500,0" yaku="19,1" doraHai="121" who="2" fromWho="0" sc="438,-15,294,0,109,15,159,0" /><INIT seed="2,1,0,0,2,70" ten="423,294,124,159" oya="2" hai0="68,27,6,135,52,125,0,75,28,128,12,13,43" hai1="16,110,93,92,134,112,91,50,121,99,36,100,77" hai2="117,101,61,33,133,84,90,40,7,83,104,88,14" hai3="22,102,20,5,53,64,119,105,82,48,23,19,24"/><V74/><F117/><W114/><G119/><T10/><D68/><U118/><E112/><V35/><F133/><W26/><G114/><T30/><D75/><U29/><E118/><V32/><F74/><W47/><G105/><T94/><D43/><U60/><E110/><V76/><F61/><W132/><G132/><T51/><D128/><U106/><E29/><V15/><F40/><W71/><G102/><T120/><D120/><U95/><E60/><V78/><F90/><W73/><G5/><T37/><D37/><U115/><E50/><V123/><F123/><W80/><G73/><T42/><D42/><U87/><E134/><V45/><F45/><W4/><G4/><T116/><D116/><U122/><E36/><V85/><F7/><W103/><G103/><T39/><D39/><U55/><E55/><V67/><F67/><W11/><G64/><T127/><D135/><U9/><E115/><V49/><F49/><W66/><G66/><T18/><D94/><U109/><E9/><V86/><F104/><W17/><G11/><N who="0" m="2503" /><D12/><N who="2" m="4650" /><F101/><W57/><G71/><T56/><D27/><U59/><E59/><V46/><F46/><W89/><G23/><T34/><D34/><N who="2" m="8706" /><V3/><DORA hai="131" /><F3/><W21/><G21/><T8/><D51/><U98/><E109/><V96/><F83/><W107/><G107/><T58/><D58/><U63/><E63/><V2/><F2/><W38/><REACH who="3" step="1"/><G89/><REACH who="3" ten="423,294,124,149" step="2"/><T1/><D1/><U25/><E122/><V65/><F65/><W72/><G72/><T108/><D56/><U44/><E121/><V62/><F62/><W54/><G54/><RYUUKYOKU ba="1,1" sc="423,-15,294,-15,124,15,149,15" hai2="76,78,84,85,86,88,96" hai3="17,19,20,22,24,26,38,47,48,53,57,80,82" /><INIT seed="2,2,1,2,5,39" ten="408,279,139,164" oya="2" hai0="94,84,61,120,40,81,7,105,24,78,68,70,93" hai1="27,109,45,123,118,67,127,73,102,95,23,37,5" hai2="104,114,80,100,8,16,22,32,79,65,31,89,69" hai3="88,17,135,12,43,87,115,76,11,38,13,52,103"/><V74/><F114/><W77/><G135/><T106/><D120/><U10/><E109/><V20/><F32/><W99/><G115/><T86/><D7/><U6/><E118/><V110/><F110/><W18/><G38/><T66/><D40/><U26/><E26/><V60/><F89/><W64/><G64/><T33/><D70/><U92/><E67/><V96/><REACH who="2" step="1"/><F31/><REACH who="2" ten="408,279,129,164" step="2"/><W49/><G43/><T59/><D33/><U119/><E123/><V42/><F42/><W48/><G103/><T53/><D78/><U28/><E102/><V56/><F56/><W72/><G99/><T47/><D59/><U82/><E119/><V128/><F128/><W62/><G72/><T14/><D68/><U85/><E127/><V90/><F90/><W21/><G62/><T50/><D61/><U129/><E129/><V30/><F30/><W131/><G131/><T121/><D121/><U57/><E73/><V111/><F111/><W126/><G126/><T29/><D29/><U63/><E57/><V0/><F0/><W113/><G113/><T133/><D133/><U58/><E58/><V9/><F9/><W46/><REACH who="3" step="1"/><G49/><REACH who="3" ten="408,279,129,154" step="2"/><T130/><D50/><U91/><E63/><V35/><F35/><W132/><G132/><T125/><D130/><U25/><E10/><V55/><F55/><W83/><AGARI ba="2,3" hai="11,12,13,17,18,21,46,48,52,76,77,83,87,88" machi="83" ten="20,16000,3" yaku="1,1,0,1,7,1,25,2,8,1,54,2,53,0" doraHai="39" doraHaiUra="116" who="3" fromWho="3" sc="408,-42,279,-42,129,-82,154,196" /><INIT seed="3,0,0,2,3,52" ten="366,237,47,350" oya="3" hai0="125,41,115,20,91,14,53,85,105,23,8,6,124" hai1="133,76,46,49,75,50,132,86,96,126,135,65,100" hai2="45,27,64,62,71,122,10,2,128,32,12,29,121" hai3="109,108,102,90,44,9,118,116,15,59,113,0,130"/><W54/><G0/><T131/><D105/><U84/><E65/><V39/><F12/><W114/><G102/><T95/><D131/><U21/><E126/><N who="0" m="48745" /><D115/><N who="3" m="44041" /><G90/><T40/><D53/><U112/><E112/><V7/><REACH who="2" step="1"/><F128/><REACH who="2" ten="366,237,37,350" step="2"/><W26/><G26/><T1/><D14/><U58/><E75/><V70/><F70/><W129/><G129/><T74/><D74/><U89/><E76/><V106/><F106/><W97/><G130/><T34/><D34/><U99/><E58/><V22/><F22/><AGARI ba="0,1" hai="1,6,8,20,22,23,40,41,85,91,95" m="48745" machi="22" ten="30,1000,0" yaku="18,1" doraHai="52" who="0" fromWho="2" sc="366,20,237,0,37,-10,350,0" owari="386,48.0,237,-16.0,27,-47.0,350,15.0" /></mjloggm>