<mjloggm ver="2.3"><GO type="193" lobby="0"/><UN n0="%E6%BC%A2%E5%AD%97" n1="%E5%B0%B1%E6%B4%BB%E7%94%9F%40%E5%B7%9D%E6%9D%91%E8%BB%8D%E5%9B%A3" n2="%77%61%63%6B%75%6E" n3="%47%45%38%37%35%32%30" dan="13,10,14,12" rate="1747.70,1753.38,1845.38,1699.18" sx="M,M,M,M"/><TAIKYOKU oya="0"/><INIT seed="0,0,0,3,3,46" ten="250,250,250,250" oya="0" hai0="70,72,62,75,42,92,87,131,89,19,43,51,77" hai1="21,45,68,103,60,80,40,71,121,97,104,66,111" hai2="122,133,63,56,58,12,47,134,10,128,30,123,52" hai3="34,132,90,32,31,29,116,53,24,44,82,3,38"/><T84/><D131/><U49/><E121/><N who="2" m="46091" /><F30/><W65/><G3/><T36/><D36/><U0/><E111/><V114/><F12/><W1/><G1/><T117/><D117/><U5/><E5/><V26/><F10/><W74/><G116/><T15/><D42/><U59/><E0/><V115/><F26/><W61/><G90/><T11/><D62/><U119/><E119/><V17/><F17/><W124/><G124/><T37/><D70/><U118/><E118/><V57/><F128/><W129/><G129/><T8/><D37/><U25/><REACH who="1" step="1"/><E80/><REACH who="1" ten="250,240,250,250" step="2"/><V93/><F93/><W109/><G109/><T73/><D8/><U85/><E85/><V23/><F23/><W98/><G82/><T110/><D110/><U48/><E48/><N who="2" m="28703" /><F63/><W125/><G125/><T55/><D43/><U20/><E20/><V79/><F79/><W94/><G74/><T13/><D13/><U105/><E105/><V69/><F69/><W100/><G38/><T86/><REACH who="0" step="1"/><D77/><REACH who="0" ten="240,240,250,250" step="2"/><U107/><E107/><V7/><F7/><W54/><G44/><AGARI ba="0,2" hai="11,15,19,44,51,55,72,73,75,84,86,87,89,92" machi="44" ten="40,7700,0" yaku="1,1,2,1,52,1,53,0" doraHai="46" doraHaiUra="64" who="0" fromWho="3" sc="240,97,240,0,250,0,250,-77" /><INIT seed="0,1,0,4,3,10" ten="337,240,250,173" oya="0" hai0="95,12,134,14,85,1,4,135,104,8,132,51,88" hai1="39,71,6,43,15,100,42,53,110,17,22,44,82" hai2="128,27,32,105,111,52,96,55,50,62,92,40,103" hai3="133,118,63,3,31,93,2,47,131,49,102,28,115"/><T72/><D104/><U21/><E71/><V98/><F111/><W36/><G36/><T74/><D51/><U64/><E110/><V25/><F128/><W97/><G131/><T69/><D69/><U123/><E123/><V84/><F40/><W126/><G118/><T127/><D127/><U112/><E112/><V80/><F32/><W75/><G75/><AGARI ba="1,0" hai="1,4,8,12,14,72,74,75,85,88,95,132,134,135" machi="75" ten="50,12000,1" yaku="20,1,52,2,54,1" doraHai="10" who="0" fromWho="3" sc="337,123,240,0,250,0,173,-123" /><INIT seed="0,2,0,5,5,31" ten="460,240,250,50" oya="0" hai0="114,87,3,94,110,39,133,1,99,72,127,84,51" hai1="37,70,91,7,89,95,0,131,113,78,61,55,5" hai2="106,56,93,75,9,11,23,26,16,67,30,38,34" hai3="28,105,64,116,60,43,90,8,12,54,14,2,123"/><T101/><D114/><U17/><E113/><V73/><F38/><W88/><G123/><T126/><D39/><U69/><E131/><V122/><F106/><W42/><G116/><T66/><D66/><U24/><E37/><V68/><F68/><W117/><G117/><T4/><D72/><U112/><E112/><V40/><F40/><W135/><G135/><T57/><D133/><U49/><E78/><V63/><F122/><W27/><G2/><T25/><D25/><U10/><E7/><V13/><F75/><W118/><G118/><T83/><D110/><U45/><E91/><V18/><F73/><W15/><G8/><T46/><D57/><U19/><E24/><V100/><F11/><W36/><G105/><T82/><D4/><U125/><E125/><N who="0" m="47625" /><D51/><U104/><E104/><V48/><F48/><W108/><G108/><T130/><D46/><U52/><E70/><V35/><REACH who="2" step="1"/><F18/><REACH who="2" ten="460,240,240,50" step="2"/><W21/><G36/><T120/><D120/><U32/><E69/><V81/><F81/><W96/><G43/><T103/><D83/><U86/><E49/><V129/><F129/><W134/><G134/><T44/><D130/><U29/><E45/><V121/><F121/><W47/><G42/><T115/><D44/><U22/><E19/><V53/><F53/><W132/><G132/><T33/><D115/><U76/><E55/><V50/><F50/><N who="3" m="29023" /><G96/><AGARI ba="2,1" hai="9,13,16,23,26,30,34,35,56,63,67,93,96,100" machi="96" ten="40,12000,2" yaku="1,1,25,2,52,2,54,1,53,1" doraHai="31" doraHaiUra="20" who="2" fromWho="3" sc="460,0,240,0,240,136,50,-126" owari="460,56.0,240,-16.0,376,18.0,-76,-58.0" /></mjloggm>