<mjloggm ver="2.3"><GO type="169" lobby="0"/><UN n0="%6B%61%64%75%6B%69%69" n1="%E6%96%B0%E4%B8%96%E7%95%8C%E3%81%AE%E7%B4%99" n2="%E7%AB%B9%E7%94%B0%E8%AA%A0%E5%BF%97" n3="%E3%82%A6%E3%83%AB%E3%83%88%E3%83%A9%E7%AB%8B%E7%9B%B4" dan="16,16,16,16" rate="2100.82,2127.96,2090.20,2132.83" sx="M,M,M,M"/><TAIKYOKU oya="0"/><INIT seed="0,0,0,4,0,128" ten="250,250,250,250" oya="0" hai0="38,93,13,36,124,108,65,56,122,80,89,40,134" hai1="107,52,30,48,2,0,130,77,123,10,106,85,47" hai2="111,133,58,129,8,92,126,66,24,73,25,35,81" hai3="112,105,50,67,60,44,125,23,91,3,68,57,63"/><T96/><D122/><U116/><E123/><V79/><F129/><W55/><G3/><T132/><D124/><U43/><E130/><V88/><F126/><W21/><G105/><T18/><D108/><U12/><E116/><V90/><F111/><W27/><G125/><T46/><D80/><U101/><E30/><V71/><F71/><W135/><G112/><T121/><D121/><U49/><E107/><V98/><F8/><W4/><G4/><T70/><D56/><U31/><E31/><V117/><F117/><W87/><G27/><T61/><REACH who="0" step="1"/><D36/><REACH who="0" ten="240,250,250,250" step="2"/><U22/><E77/><V14/><F58/><W6/><G57/><T51/><D51/><U110/><E110/><V29/><F81/><W59/><G50/><T34/><D34/><U28/><E49/><V45/><F35/><W53/><G59/><T41/><D41/><U86/><E43/><V37/><F79/><W54/><G54/><T102/><D102/><U94/><E101/><V72/><F37/><W16/><G55/><T17/><D17/><U75/><E52/><V120/><F120/><W19/><G53/><T109/><D109/><U11/><E48/><V20/><F29/><W100/><G16/><T9/><AGARI ba="0,1" hai="9,13,18,38,40,46,61,65,70,89,93,96,132,134" machi="9" ten="30,11700,0" yaku="1,1,0,1,52,2,53,0" doraHai="128" doraHaiUra="97" who="0" fromWho="0" sc="240,127,250,-39,250,-39,250,-39" /><INIT seed="0,1,0,3,0,20" ten="367,211,211,211" oya="0" hai0="97,64,130,18,113,117,0,43,114,90,28,41,85" hai1="59,132,11,128,79,61,84,100,99,83,19,38,95" hai2="10,55,9,48,1,29,92,2,112,124,101,123,131" hai3="66,32,102,27,77,81,68,105,30,56,91,35,46"/><T86/><D0/><U16/><E132/><V76/><F123/><W24/><G56/><T13/><D117/><U93/><E128/><V129/><F112/><W106/><G91/><T67/><D130/><N who="2" m="49674" /><F76/><W34/><G46/><T47/><D28/><U115/><E115/><V87/><F124/><W14/><G14/><T88/><D97/><N who="1" m="59439" /><E38/><V7/><F29/><N who="3" m="19495" /><G102/><T33/><D13/><U119/><E11/><V26/><F26/><W40/><G40/><T120/><D120/><U52/><E119/><V134/><F134/><W69/><G35/><T12/><D12/><U8/><E8/><V96/><F87/><W62/><G69/><T78/><D33/><U98/><E98/><V58/><F10/><W42/><G42/><T63/><D78/><U75/><E75/><AGARI ba="1,0" hai="27,30,34,62,66,68,75,77,81,105,106" m="19495" machi="75" ten="30,7700,0" yaku="33,2,52,2" doraHai="20" who="3" fromWho="1" sc="367,0,211,-80,211,0,211,80" /><INIT seed="1,0,0,1,5,58" ten="367,131,211,291" oya="1" hai0="115,13,105,66,43,55,23,54,42,135,76,110,84" hai1="63,130,49,22,47,97,61,33,79,117,96,27,62" hai2="35,12,64,69,17,99,107,133,87,101,53,29,125" hai3="82,112,118,88,124,109,18,48,60,24,119,70,80"/><U31/><E117/><N who="3" m="44554" /><G112/><T104/><D110/><U6/><E130/><V0/><F0/><W102/><G102/><T57/><D115/><U90/><E79/><V114/><F114/><W8/><G109/><T28/><D105/><U132/><E132/><V20/><F125/><W74/><G74/><T34/><D104/><U14/><E90/><V95/><F133/><W19/><G19/><N who="0" m="10735" /><D28/><U75/><E75/><V4/><F4/><W36/><G36/><T98/><D34/><U123/><E123/><V81/><F95/><W21/><G48/><T127/><D127/><U86/><E86/><V52/><F29/><W2/><G124/><T32/><D32/><U83/><E83/><V40/><F40/><N who="0" m="15402" /><D98/><N who="1" m="37995" /><E33/><V120/><F35/><W111/><G111/><T39/><D39/><U129/><E129/><V30/><F30/><W121/><G121/><T46/><D135/><U10/><E49/><V65/><F120/><W5/><G88/><T44/><D84/><U85/><E85/><V113/><F113/><W7/><G7/><T72/><D76/><U128/><E128/><V100/><F100/><W37/><G37/><T26/><D72/><U94/><E94/><N who="2" m="58615" /><F69/><W77/><G77/><T38/><D38/><U56/><E47/><V73/><F73/><W116/><G116/><T68/><D68/><U122/><E122/><V67/><F107/><W1/><G1/><T78/><D78/><AGARI ba="0,0" hai="12,17,20,52,53,64,65,67,78,81,87" m="58615" machi="78" ten="30,2000,0" yaku="8,1,54,1" doraHai="58" who="2" fromWho="0" sc="367,-20,131,0,211,20,291,0" /><INIT seed="2,0,0,3,1,128" ten="347,131,231,291" oya="2" hai0="134,51,99,89,105,70,112,53,56,85,81,46,130" hai1="97,45,115,76,14,39,10,8,27,114,9,93,95" hai2="92,61,131,87,133,118,44,54,73,28,29,127,124" hai3="15,47,11,90,126,58,107,34,20,110,5,65,67"/><V119/><F73/><W64/><G107/><T52/><D70/><U71/><E71/><V37/><F131/><W33/><G110/><T16/><D112/><U83/><E27/><V111/><F111/><W123/><G123/><T72/><D130/><U26/><E26/><V68/><F68/><W2/><G126/><N who="2" m="48169" /><F133/><W121/><G121/><T25/><D134/><U4/><E114/><V101/><F61/><W120/><G120/><T19/><D72/><U57/><E115/><V22/><F22/><W7/><G34/><T91/><D25/><U1/><E57/><V75/><F75/><W135/><G33/><T38/><D38/><U49/><E39/><V12/><F12/><W18/><G135/><T117/><D117/><U108/><E108/><V96/><F87/><W66/><G47/><T50/><D105/><U55/><E1/><V104/><F104/><W102/><G20/><T88/><D99/><U94/><REACH who="1" step="1"/><E97/><REACH who="1" ten="347,121,231,291" step="2"/><V43/><F119/><W77/><G2/><T63/><D63/><U0/><E0/><V42/><F118/><W31/><G58/><T103/><D103/><U69/><E69/><V6/><F37/><W122/><G102/><T23/><D23/><U13/><E13/><V24/><F24/><W59/><G15/><T48/><D51/><U60/><E60/><V62/><F62/><W98/><G98/><T36/><D36/><U41/><E41/><N who="2" m="15371" /><F6/><W30/><G7/><T80/><D81/><U74/><AGARI ba="0,1" hai="4,8,9,10,14,45,49,55,74,76,83,93,94,95" machi="74" ten="30,2000,0" yaku="1,1,0,1,53,0" doraHai="128" doraHaiUra="125" who="1" fromWho="1" sc="347,-5,121,30,231,-10,291,-5" /><INIT seed="3,0,0,2,1,72" ten="342,151,221,286" oya="3" hai0="129,79,103,77,114,34,113,60,16,112,38,86,96" hai1="131,24,128,17,15,75,45,89,104,118,85,115,71" hai2="22,65,46,94,108,51,48,57,25,91,37,121,9" hai3="70,26,98,14,82,13,97,29,134,93,66,125,31"/><W4/><G125/><T62/><D34/><U52/><E104/><V8/><F108/><W124/><G124/><T116/><D116/><U95/><E115/><V32/><F32/><W0/><G0/><T20/><D38/><U102/><E118/><V119/><F37/><W63/><G134/><T87/><D129/><U122/><E122/><V39/><F39/><W28/><G26/><N who="0" m="14599" /><D87/><U68/><E24/><V56/><F121/><W90/><G4/><T64/><D86/><U105/><E75/><V50/><F46/><W10/><G10/><T74/><D74/><U67/><E102/><V101/><F101/><W130/><G130/><N who="1" m="49706" /><E67/><V1/><F1/><W109/><G109/><T110/><D110/><U106/><E68/><V133/><F133/><W3/><G3/><T19/><D19/><U107/><E71/><V100/><F100/><W127/><G127/><T84/><D84/><U126/><E126/><V27/><F27/><W42/><G98/><T58/><D62/><U117/><E117/><V11/><F119/><W47/><REACH who="3" step="1"/><G82/><REACH who="3" ten="342,151,221,276" step="2"/><T35/><D35/><U53/><E45/><V54/><F25/><W43/><G43/><T132/><D132/><U73/><E73/><V49/><F8/><AGARI ba="0,1" hai="8,15,17,52,53,85,89,95,105,106,107" m="49706" machi="8" ten="40,2600,0" yaku="19,1,54,1" doraHai="72" who="1" fromWho="2" sc="342,0,151,36,221,-26,276,0" /><INIT seed="4,0,0,1,4,1" ten="342,187,195,276" oya="0" hai0="29,21,26,43,89,134,87,111,47,19,127,135,128" hai1="121,74,56,75,101,93,94,79,90,34,99,131,61" hai2="71,120,30,118,112,52,78,117,22,103,81,113,110" hai3="100,67,116,41,35,53,106,27,70,104,124,24,98"/><T16/><D111/><U72/><E34/><V107/><F71/><W97/><G116/><N who="2" m="44649" /><F110/><W58/><G41/><T5/><D5/><U80/><E121/><V69/><F69/><W54/><G124/><T66/><D128/><U50/><E50/><V125/><F120/><W123/><G123/><T0/><D0/><U115/><E131/><V37/><F37/><W92/><G106/><T122/><D66/><U6/><E115/><N who="2" m="44107" /><F125/><W73/><G73/><T49/><D127/><U33/><E33/><V59/><F103/><W85/><G35/><T45/><D45/><U57/><E6/><V39/><F107/><W133/><G58/><T4/><D4/><U83/><E83/><V2/><F2/><W105/><G100/><T86/><D86/><U18/><E18/><V108/><F39/><W8/><G85/><T132/><D122/><U65/><REACH who="1" step="1"/><E57/><REACH who="1" ten="342,177,195,276" step="2"/><V68/><F68/><W20/><G70/><T51/><D49/><U129/><E129/><V31/><F108/><W84/><G105/><T12/><D12/><U32/><E32/><V10/><F22/><W38/><G104/><T130/><D130/><U23/><E23/><V126/><F126/><W3/><G20/><T17/><D19/><U9/><E9/><V46/><F10/><W88/><G8/><T40/><D43/><U62/><E62/><N who="2" m="36199" /><F46/><W119/><G38/><T15/><D15/><U63/><E63/><V76/><F81/><AGARI ba="0,1" hai="16,17,21,26,29,40,47,51,81,87,89,132,134,135" machi="81" ten="40,3900,0" yaku="20,1,54,1" doraHai="1" who="0" fromWho="2" sc="342,49,177,0,195,-39,276,0" /><INIT seed="4,1,0,5,5,106" ten="391,177,156,276" oya="0" hai0="22,43,0,37,55,75,64,109,21,92,117,124,82" hai1="36,83,71,120,114,2,27,44,40,113,98,47,104" hai2="127,105,134,45,79,35,128,111,12,48,60,63,96" hai3="118,53,66,86,10,50,30,80,91,97,29,76,54"/><T34/><D34/><U115/><E120/><V19/><F111/><W32/><G32/><T84/><D0/><U9/><E71/><V5/><F134/><W99/><G66/><T24/><D117/><U102/><E27/><V56/><F128/><W16/><G54/><T72/><D22/><U133/><E133/><V42/><F127/><W25/><G118/><T69/><D124/><U73/><E47/><V15/><F35/><W14/><G76/><T6/><D6/><N who="1" m="1239" /><E83/><V101/><F79/><W28/><REACH who="3" step="1"/><G25/><REACH who="3" ten="391,177,156,266" step="2"/><T20/><D64/><U7/><E7/><V11/><REACH who="2" step="1"/><F56/><AGARI ba="1,1" hai="10,14,16,28,29,30,50,53,56,80,86,91,97,99" machi="56" ten="40,8000,1" yaku="1,1,2,1,8,1,54,1,53,0" doraHai="106" doraHaiUra="57" who="3" fromWho="2" sc="391,0,177,0,156,-83,266,93" /><INIT seed="5,0,0,3,1,56" ten="391,177,73,359" oya="1" hai0="114,27,96,4,1,121,92,12,5,60,97,122,79" hai1="132,118,87,55,23,84,71,91,75,18,128,2,50" hai2="0,20,83,7,82,15,57,16,47,59,77,107,36" hai3="133,65,109,14,101,86,64,51,66,40,30,62,85"/><U19/><E118/><V21/><F107/><W53/><G109/><T95/><D114/><U8/><E75/><V37/><F21/><W52/><G101/><T130/><D130/><U44/><E128/><V113/><F113/><W110/><G40/><T9/><D79/><U112/><E112/><V63/><F47/><N who="3" m="27775" /><G133/><T33/><D33/><U94/><E132/><V104/><F104/><W116/><G110/><T48/><D27/><U38/><E38/><V24/><F0/><W3/><G3/><T108/><D108/><U11/><E71/><V119/><F119/><W88/><G88/><N who="0" m="55303" /><D1/><U10/><E2/><V123/><F59/><N who="3" m="35183" /><G30/><T98/><D97/><N who="1" m="57567" /><E19/><V74/><F83/><W6/><G116/><T117/><D117/><U89/><E89/><V42/><F42/><W32/><G32/><T124/><D4/><U67/><E67/><V46/><F46/><W34/><G34/><T28/><D28/><U54/><E54/><V39/><F123/><W29/><G29/><T125/><D121/><U135/><E135/><V35/><F35/><W134/><G134/><T126/><D122/><U69/><E69/><V120/><F120/><W127/><G127/><T90/><D126/><U115/><E115/><V13/><REACH who="2" step="1"/><F7/><REACH who="2" ten="391,177,63,359" step="2"/><W61/><G6/><N who="0" m="3127" /><D125/><U72/><E72/><V129/><F129/><W43/><G43/><T111/><D5/><U103/><E44/><V81/><F81/><W45/><G45/><T78/><D124/><U22/><E22/><V25/><F25/><W131/><G131/><T100/><D111/><U105/><E105/><V17/><F17/><W93/><G14/><RYUUKYOKU ba="0,1" sc="391,-10,177,-10,63,30,359,-10" hai2="13,15,16,20,24,36,37,39,57,63,74,77,82" /><INIT seed="6,1,1,5,4,11" ten="381,167,93,349" oya="2" hai0="39,1,7,58,121,126,40,135,81,60,102,30,52" hai1="76,89,110,120,97,55,26,69,80,34,51,53,47" hai2="22,3,93,6,33,118,125,88,122,127,45,83,54" hai3="117,36,44,92,119,38,109,10,107,99,37,27,57"/><V19/><F33/><W14/><G107/><T131/><D121/><U75/><E110/><V63/><F122/><W106/><G106/><T0/><D126/><N who="2" m="48138" /><F118/><W77/><G109/><T113/><D131/><U64/><E120/><V17/><F83/><W13/><G44/><T48/><D135/><U82/><E34/><V67/><F3/><W65/><G77/><T95/><D113/><U87/><E26/><N who="2" m="14671" /><F6/><W59/><G27/><T90/><D0/><U23/><E23/><V116/><F116/><W5/><G119/><T29/><D1/><U129/><E129/><V4/><F4/><W114/><G114/><T98/><D7/><U103/><E55/><V68/><F19/><W79/><G117/><T100/><D81/><U61/><E103/><N who="0" m="39465" /><D39/><U12/><E97/><N who="2" m="57511" /><F54/><W41/><G79/><T101/><D101/><U9/><E9/><V96/><F96/><W32/><G99/><T123/><D123/><U56/><REACH who="1" step="1"/><E12/><REACH who="1" ten="381,157,93,349" step="2"/><V134/><F134/><W15/><G32/><T35/><D35/><U108/><E108/><V128/><F128/><W94/><G10/><T21/><D21/><U86/><E86/><V85/><F85/><W24/><G5/><T132/><D132/><U20/><E20/><V133/><F133/><W8/><G8/><T111/><D111/><U28/><E28/><V66/><F66/><W18/><G65/><T115/><D115/><U84/><E84/><V50/><F45/><AGARI ba="1,2" hai="29,30,40,45,48,52,58,60,90,95,98" m="39465" machi="45" ten="30,2000,0" yaku="8,1,54,1" doraHai="11" who="0" fromWho="2" sc="381,43,157,0,93,-23,349,0" /><AGARI ba="1,0" hai="45,47,51,53,56,61,64,69,75,76,80,82,87,89" machi="45" ten="40,5200,0" yaku="1,1,53,2" doraHai="11" doraHaiUra="43" who="1" fromWho="2" sc="424,0,157,52,70,-52,349,0" /><INIT seed="7,0,0,3,4,27" ten="424,209,18,349" oya="3" hai0="70,92,83,58,108,57,71,41,121,5,49,99,16" hai1="18,118,72,102,88,67,33,53,130,61,7,25,107" hai2="74,14,110,0,84,106,115,40,60,129,26,135,128" hai3="123,6,38,96,36,109,120,80,17,112,15,73,39"/><W3/><G112/><T90/><D108/><U124/><E72/><V28/><F84/><W78/><G109/><T45/><D70/><U68/><E124/><V34/><F60/><W126/><G126/><T64/><D71/><U48/><E130/><V125/><F40/><W114/><G114/><T51/><D5/><U1/><E118/><V2/><F14/><W42/><G42/><T133/><D133/><U11/><E18/><V20/><F20/><W89/><G6/><T101/><D121/><U19/><E19/><V9/><F9/><W97/><G3/><T93/><D64/><U24/><E24/><V69/><F26/><W8/><G97/><N who="0" m="57495" /><D51/><U21/><E21/><V134/><F28/><W55/><G55/><T111/><D111/><U131/><E131/><V4/><F4/><W95/><AGARI ba="0,0" hai="8,15,17,36,38,39,73,78,80,89,95,96,120,123" machi="95" ten="40,2100,0" yaku="0,1" doraHai="27" who="3" fromWho="3" sc="424,-7,209,-7,18,-7,349,21" /><INIT seed="7,1,0,2,5,13" ten="417,202,11,370" oya="3" hai0="21,76,58,70,62,43,112,19,78,40,59,100,87" hai1="127,103,65,31,54,4,69,97,121,23,90,52,105" hai2="91,36,115,29,28,25,17,83,35,45,89,57,63" hai3="81,94,108,104,106,53,61,2,32,111,11,15,56"/><W84/><G32/><T130/><D70/><U74/><E121/><V60/><F115/><W80/><G94/><T1/><D1/><U132/><E127/><V6/><F6/><W12/><G2/><T126/><D126/><U119/><E132/><V114/><F114/><W39/><G12/><T110/><D110/><N who="3" m="42025" /><G39/><T8/><D8/><U46/><E74/><V44/><F36/><W22/><G22/><T18/><D130/><U93/><E119/><V38/><F38/><W51/><G61/><T85/><D112/><U47/><E4/><V120/><F120/><W34/><G34/><T117/><D21/><U0/><E0/><V37/><F37/><W107/><G84/><T20/><D20/><U129/><E129/><V92/><F35/><W77/><G77/><T50/><D117/><U96/><E47/><V67/><F92/><W42/><G42/><T10/><D10/><U49/><E31/><V55/><F83/><W109/><N who="3" m="42033" /><W135/><DORA hai="48" /><G135/><T9/><D9/><U41/><REACH who="1" step="1"/><E23/><REACH who="1" ten="417,192,11,370" step="2"/><V75/><F75/><W116/><G116/><T101/><D76/><U30/><E30/><V95/><F95/><W125/><G125/><T123/><D78/><U26/><E26/><V122/><F122/><W3/><G3/><T64/><D123/><U72/><E72/><V102/><F25/><W133/><G133/><T71/><D101/><U73/><E73/><V86/><F102/><W24/><G24/><T79/><D100/><U98/><E98/><V124/><F124/><W68/><G68/><T113/><D113/><U82/><E82/><V27/><F27/><RYUUKYOKU ba="1,1" sc="417,-15,192,15,11,-15,370,15" hai1="41,46,49,52,54,65,69,90,93,96,97,103,105" hai3="11,15,51,53,56,80,81,104,106,107" owari="412,50.0,207,-19.0,-4,-50.0,385,19.0" /></mjloggm>