<mjloggm ver="2.3"><GO type="41" lobby="0"/><UN n0="%44%4D%54" n1="%6B%61%72%6B" n2="%E7%A5%9E%E3%81%8A%E3%82%80" n3="%E5%B0%B1%E6%B4%BB%E7%94%9F%40%E5%B7%9D%E6%9D%91%E8%BB%8D%E5%9B%A3" dan="14,15,13,15" rate="1929.91,1987.30,1865.35,1995.02" sx="M,F,M,M"/><TAIKYOKU oya="0"/><INIT seed="0,0,0,2,1,83" ten="250,250,250,250" oya="0" hai0="106,93,52,118,17,65,53,70,125,37,90,11,2" hai1="19,69,135,20,59,111,66,49,81,127,116,71,25" hai2="121,60,86,10,15,54,117,68,38,91,77,36,82" hai3="101,100,78,55,58,47,13,73,104,46,112,105,115"/><T1/><D37/><U128/><E116/><V120/><F117/><W123/><G123/><T30/><D118/><U16/><E111/><V74/><F54/><W14/><G55/><T34/><D106/><U8/><E128/><V80/><F38/><W113/><G58/><T31/><D125/><U102/><E135/><V21/><F21/><W94/><G94/><T95/><D34/><U133/><E133/><V103/><F36/><W18/><G18/><T48/><D17/><U43/><E127/><V85/><F103/><N who="3" m="39499" /><G78/><T6/><D65/><U76/><E102/><V51/><F51/><W72/><G14/><T50/><D70/><U119/><E119/><V0/><F74/><N who="3" m="28779" /><G13/><T32/><D32/><U132/><E132/><V109/><F109/><W39/><G39/><T96/><D93/><U114/><E69/><V92/><F92/><W84/><G46/><T42/><D42/><U28/><E66/><V130/><F130/><W56/><G56/><T4/><D4/><U45/><E59/><V97/><F97/><W87/><G47/><T27/><D27/><U12/><E71/><V129/><F129/><W29/><G29/><T131/><D131/><U126/><E126/><V63/><F0/><W44/><G44/><N who="0" m="27655" /><D1/><U124/><E124/><V99/><F99/><W35/><G35/><T64/><D64/><U22/><E19/><N who="2" m="8695" /><F68/><W107/><AGARI ba="0,0" hai="84,87,104,105,107,112,113,115" m="28779,39499" machi="107" ten="50,12000,2" yaku="28,2,34,2,52,2" doraHai="83" who="3" fromWho="3" sc="250,-60,250,-30,250,-30,250,120" /><INIT seed="1,0,0,3,1,58" ten="190,220,220,370" oya="1" hai0="128,81,104,101,125,0,85,55,75,107,83,40,92" hai1="28,109,51,57,35,16,50,12,132,36,76,33,73" hai2="103,64,110,71,59,38,65,113,6,122,52,84,123" hai3="62,94,7,24,77,34,8,126,116,82,5,32,25"/><U53/><E36/><V120/><F6/><W54/><G116/><T47/><D0/><U22/><E132/><V18/><F103/><W89/><G126/><T3/><D3/><U106/><E106/><V108/><F84/><W48/><G32/><T131/><D55/><U91/><E109/><N who="2" m="42091" /><F18/><W115/><G115/><T102/><D47/><U17/><E28/><V13/><F13/><W21/><G34/><T45/><D45/><U44/><E91/><V86/><F86/><W97/><G62/><T117/><D40/><U46/><E46/><V41/><F113/><W43/><G43/><T119/><D92/><U111/><E111/><V99/><F99/><W2/><G7/><T14/><D14/><U69/><E17/><V105/><F105/><W61/><G21/><T37/><D37/><U129/><E129/><V87/><F87/><W79/><G61/><T78/><D85/><U42/><REACH who="1" step="1"/><E69/><REACH who="1" ten="190,210,220,370" step="2"/><V100/><F100/><W4/><G4/><T74/><REACH who="0" step="1"/><D125/><REACH who="0" ten="180,210,220,370" step="2"/><U130/><E130/><V66/><F38/><W19/><G5/><T96/><D96/><U72/><E72/><V26/><F41/><W90/><G97/><T80/><D80/><AGARI ba="0,2" hai="12,16,22,33,35,42,44,50,51,53,57,73,76,80" machi="80" ten="40,7700,0" yaku="1,1,54,1,53,1" doraHai="58" doraHaiUra="9" who="1" fromWho="0" sc="180,-77,210,97,220,0,370,0" /><INIT seed="1,1,0,4,0,95" ten="103,307,220,370" oya="1" hai0="31,118,14,135,26,55,124,94,23,121,96,134,13" hai1="102,36,69,81,33,29,85,34,109,57,4,122,1" hai2="132,18,64,56,114,117,86,126,9,2,53,52,63" hai3="125,71,67,113,11,0,7,6,112,115,38,97,80"/><U48/><E122/><V66/><F117/><W62/><G125/><T58/><D118/><U19/><E69/><V5/><F126/><W27/><G7/><T101/><D124/><U87/><E36/><V83/><F132/><N who="0" m="50730" /><D121/><U82/><E29/><V47/><F114/><W116/><G116/><T37/><D37/><U106/><E4/><V77/><REACH who="2" step="1"/><F18/><REACH who="2" ten="103,307,210,370" step="2"/><W111/><G111/><T119/><D119/><U131/><E19/><V129/><F129/><W84/><G38/><T110/><D110/><U98/><E131/><V123/><F123/><W130/><G130/><T89/><D101/><U73/><E109/><V24/><F24/><W61/><G27/><T16/><D31/><U128/><E128/><V25/><F25/><W90/><G61/><AGARI ba="1,1" hai="13,14,16,23,26,55,58,61,89,94,96" m="50730" machi="61" ten="30,7700,0" yaku="25,1,20,1,52,1,54,1" doraHai="95" who="0" fromWho="3" sc="103,90,307,0,210,0,370,-80" /><INIT seed="2,0,0,1,2,84" ten="193,307,210,290" oya="2" hai0="69,17,74,57,99,31,75,129,82,47,29,27,78" hai1="32,124,122,91,101,93,15,83,98,33,7,34,95" hai2="60,127,11,66,109,90,102,10,125,64,113,80,77" hai3="87,81,49,20,43,2,26,3,59,92,88,134,50"/><V44/><F113/><W41/><G134/><T25/><D69/><U104/><E124/><N who="2" m="47691" /><F66/><W65/><G3/><T110/><D129/><U73/><E122/><V16/><F102/><W115/><G2/><T119/><D119/><U51/><E51/><N who="3" m="19466" /><G115/><T67/><D47/><U79/><E7/><V14/><F44/><W86/><G59/><T96/><D17/><U70/><E70/><N who="2" m="42247" /><F109/><W6/><G6/><T53/><D67/><U40/><E40/><V76/><F11/><W135/><G135/><T108/><D82/><U12/><REACH who="1" step="1"/><E104/><REACH who="1" ten="193,297,210,290" step="2"/><V126/><F126/><W111/><G111/><T106/><D106/><U36/><E36/><V107/><F107/><W123/><G123/><T63/><D108/><U45/><E45/><V24/><F24/><W19/><G65/><T48/><D110/><U117/><E117/><V68/><F68/><W103/><G103/><T56/><D48/><U131/><E131/><V54/><F54/><W23/><G23/><T55/><REACH who="0" step="1"/><D63/><REACH who="0" ten="183,297,210,290" step="2"/><U42/><E42/><V89/><F77/><AGARI ba="0,2" hai="19,20,26,41,43,77,81,86,87,88,92" m="19466" machi="77" ten="30,3900,0" yaku="8,1,52,1,54,1" doraHai="84" who="3" fromWho="2" sc="183,0,297,0,210,-39,290,59" /><AGARI ba="0,0" hai="25,27,29,31,53,55,56,57,74,75,77,78,96,99" machi="77" ten="25,6400,0" yaku="1,1,2,1,22,2,53,0" doraHai="84" doraHaiUra="13" who="0" fromWho="2" sc="183,64,297,0,171,-64,349,0" /><INIT seed="3,0,0,1,4,39" ten="247,297,107,349" oya="3" hai0="55,83,125,73,46,0,88,104,16,95,2,51,29" hai1="34,122,53,62,78,8,52,32,130,23,70,119,117" hai2="24,63,93,61,115,37,82,15,35,92,12,42,56" hai3="47,60,71,77,30,116,9,131,129,72,97,5,91"/><W112/><G116/><N who="1" m="44618" /><E130/><N who="3" m="49674" /><G112/><T86/><D104/><U85/><E122/><V114/><F82/><N who="3" m="45351" /><G30/><T44/><D125/><U128/><E128/><V103/><F103/><W54/><G71/><T18/><D29/><U80/><E8/><V111/><F56/><N who="3" m="34839" /><G47/><N who="0" m="28159" /><D73/><U118/><E118/><V17/><F37/><W109/><G109/><T96/><D2/><U27/><E70/><V66/><F66/><W10/><G5/><T107/><D107/><U40/><E62/><V6/><F6/><W101/><G91/><T50/><D0/><U87/><E34/><V120/><F35/><W68/><G68/><T99/><D99/><U22/><E32/><V4/><F4/><W124/><G124/><T3/><D3/><U108/><E108/><V1/><F1/><W57/><G57/><T123/><D123/><U31/><E31/><V127/><F127/><W75/><G75/><T49/><D46/><U21/><E85/><V100/><F100/><W36/><G36/><T102/><D49/><U79/><E79/><V45/><F111/><W26/><G26/><T64/><D64/><U106/><E106/><AGARI ba="0,0" hai="9,10,97,101,106" m="34839,45351,49674" machi="106" ten="30,1500,0" yaku="19,1" doraHai="39" who="3" fromWho="1" sc="247,0,297,-15,107,0,349,15" /><INIT seed="3,1,0,3,0,48" ten="247,282,107,364" oya="3" hai0="20,44,105,63,49,133,122,18,68,134,72,10,92" hai1="116,96,38,75,53,128,17,8,103,80,62,132,40" hai2="66,9,73,42,79,126,19,12,74,65,37,110,2" hai3="26,34,59,82,78,39,120,7,98,58,60,129,5"/><W45/><G120/><T33/><D33/><U107/><E128/><V113/><F113/><W93/><G129/><T91/><D105/><U16/><E132/><V23/><F74/><W76/><G34/><T118/><D72/><U95/><E116/><V70/><F70/><W6/><G39/><T64/><D122/><U21/><E8/><V106/><F106/><W85/><G76/><T52/><D10/><U46/><E107/><V121/><F110/><W57/><G26/><T109/><D109/><U104/><E104/><V111/><F111/><W69/><G69/><T117/><D134/><U100/><E100/><V55/><F126/><W31/><G31/><T35/><D35/><U28/><E28/><V30/><F30/><W15/><G45/><T135/><D135/><U89/><E21/><V127/><F127/><W77/><G77/><T0/><D0/><U90/><E90/><V4/><F121/><W56/><G15/><T22/><D133/><U36/><E36/><V86/><F86/><W27/><G27/><T50/><D50/><U13/><E13/><V87/><F87/><W14/><G14/><N who="0" m="9303" /><D22/><U115/><E75/><V108/><F55/><W97/><REACH who="3" step="1"/><G93/><REACH who="3" ten="247,282,107,354" step="2"/><T71/><D68/><U94/><E94/><V47/><REACH who="2" step="1"/><F108/><REACH who="2" ten="247,282,97,354" step="2"/><W84/><G84/><N who="0" m="52327" /><D117/><U1/><E115/><V24/><F24/><W102/><G102/><T61/><D118/><U112/><E112/><V11/><F11/><W25/><G25/><T43/><D71/><U3/><E103/><V29/><F29/><W88/><G88/><T123/><D123/><U51/><E89/><V130/><F130/><RYUUKYOKU ba="1,2" sc="247,-15,282,-15,97,15,354,15" hai2="2,4,9,12,19,23,37,42,47,65,66,73,79" hai3="5,6,7,56,57,58,59,60,78,82,85,97,98" /><INIT seed="3,2,2,0,2,10" ten="232,267,112,369" oya="3" hai0="88,19,38,101,26,72,91,37,54,64,0,52,135" hai1="97,120,107,27,65,123,44,103,53,75,3,129,92" hai2="90,7,94,99,105,100,133,85,87,1,12,68,82" hai3="69,132,80,47,60,45,34,125,128,24,98,114,49"/><W81/><G114/><T36/><D0/><U62/><E3/><V2/><F68/><W22/><G34/><T20/><D72/><U131/><E75/><V8/><REACH who="2" step="1"/><F133/><REACH who="2" ten="232,267,102,369" step="2"/><W46/><G132/><T50/><D135/><U17/><E123/><V35/><F35/><W127/><G128/><T66/><D101/><U109/><E120/><V93/><F93/><W28/><G98/><T116/><D116/><U48/><E92/><V59/><F59/><W119/><G119/><T56/><REACH who="0" step="1"/><D54/><REACH who="0" ten="222,267,102,369" step="2"/><U9/><E53/><V67/><F67/><AGARI ba="2,4" hai="19,20,26,36,37,38,50,52,56,64,66,67,88,91" machi="67" ten="40,8000,1" yaku="1,1,2,1,54,2,53,0" doraHai="10" doraHaiUra="57" who="0" fromWho="2" sc="222,126,267,0,102,-86,369,0" /><INIT seed="4,0,0,4,5,1" ten="348,267,16,369" oya="0" hai0="91,135,128,56,92,81,130,86,87,28,42,68,129" hai1="61,36,8,55,111,67,113,132,34,50,44,89,43" hai2="25,104,76,85,47,100,41,116,39,70,37,22,93" hai3="3,60,74,12,120,29,77,95,52,54,101,59,24"/><T115/><D68/><U9/><E111/><V38/><F70/><W57/><G3/><T45/><D135/><U122/><E122/><V48/><F104/><W15/><G120/><T10/><D115/><U20/><E34/><V40/><F116/><W124/><G124/><T96/><D28/><U102/><E132/><V83/><F41/><W33/><G74/><T133/><D133/><U90/><E113/><V49/><F49/><W88/><G77/><T114/><D114/><U127/><E127/><V78/><F100/><W73/><G101/><T19/><D56/><U58/><E102/><V99/><F78/><W62/><G73/><T18/><D10/><U82/><E20/><V107/><F107/><W16/><G16/><N who="0" m="6187" /><D81/><U27/><E27/><V105/><F105/><W5/><G5/><T0/><D0/><U64/><E64/><V97/><F93/><W84/><AGARI ba="0,0" hai="12,15,24,29,33,52,54,57,59,60,62,84,88,95" machi="84" ten="20,8000,1" yaku="0,1,7,1,9,1,54,2" doraHai="1" who="3" fromWho="3" sc="348,-40,267,-20,16,-20,369,80" owari="308,11.0,247,-15.0,-4,-50.0,449,54.0" /></mjloggm>