<mjloggm ver="2.3"><GO type="169" lobby="0"/><UN n0="%68%69%64%65%6D%6F%72%69" n1="%E9%81%8A%E8%B5%B0" n2="%E3%82%A6%E3%83%AB%E3%83%88%E3%83%A9%E7%AB%8B%E7%9B%B4" n3="%E3%81%8F%E3%82%8D%E3%81%AF%E3%81%A1" dan="16,17,17,16" rate="2100.08,2133.09,2163.18,2091.53" sx="M,M,M,M"/><TAIKYOKU oya="0"/><INIT seed="0,0,0,4,0,107" ten="250,250,250,250" oya="0" hai0="96,53,8,103,84,33,77,40,116,92,93,25,38" hai1="48,67,95,59,73,117,0,89,42,21,14,97,69" hai2="52,44,27,37,10,76,30,75,82,81,104,47,102" hai3="110,114,109,36,98,51,86,132,18,128,23,127,20"/><T29/><D116/><U124/><E117/><V80/><F44/><W70/><G36/><T115/><D115/><U68/><E0/><V2/><F102/><W26/><G70/><T105/><D8/><U3/><E124/><V91/><F104/><W28/><G98/><T64/><D53/><U41/><E3/><V45/><F45/><W126/><G86/><T72/><D64/><U120/><E120/><V125/><F125/><N who="3" m="47627" /><G51/><T87/><D40/><U1/><E1/><V46/><F46/><W60/><G60/><T108/><D38/><U83/><E69/><V111/><F111/><N who="3" m="42507" /><G128/><T119/><D108/><U121/><E68/><V85/><F85/><W15/><G132/><T122/><D119/><U123/><E121/><V78/><F91/><W12/><G12/><T19/><D122/><U88/><E123/><V55/><F80/><W17/><G28/><T54/><D54/><U49/><E49/><V74/><F37/><W58/><G58/><T63/><D63/><U50/><E50/><V65/><F65/><W4/><G4/><T11/><D87/><U130/><E89/><V56/><F47/><W94/><G94/><T6/><D84/><U71/><E71/><V43/><F56/><W39/><G39/><T118/><D118/><U31/><E130/><V7/><F43/><N who="1" m="16393" /><E48/><V66/><F66/><W129/><G129/><T62/><D62/><N who="1" m="38367" /><E31/><V35/><AGARI ba="0,0" hai="2,7,10,27,30,35,52,55,74,75,76,78,81,82" machi="35" ten="20,12000,2" yaku="0,1,7,1,9,1,52,2,54,1" doraHai="107" who="2" fromWho="2" sc="250,-60,250,-30,250,120,250,-30" /><INIT seed="1,0,0,0,1,123" ten="190,220,370,220" oya="1" hai0="79,67,109,22,97,87,0,26,84,130,56,90,27" hai1="96,119,71,99,129,69,49,88,15,43,76,110,28" hai2="103,14,52,44,42,12,105,126,4,46,9,61,78" hai3="23,11,120,2,101,34,41,80,77,128,133,118,6"/><U13/><E119/><V94/><F105/><W8/><G34/><T24/><D0/><U115/><E115/><V39/><F126/><W100/><G120/><T98/><D130/><U81/><E129/><V30/><F30/><W86/><G128/><T38/><D38/><U89/><E28/><V48/><F78/><W51/><G133/><T50/><D22/><U45/><E110/><V135/><F135/><W82/><G118/><T18/><D18/><U134/><E134/><V54/><F12/><N who="1" m="4681" /><E71/><V64/><F54/><W107/><G8/><T121/><D121/><U125/><E69/><V75/><F75/><W112/><G107/><T57/><D109/><U63/><E125/><V17/><F4/><W21/><G112/><T106/><D106/><U116/><E116/><V127/><F127/><W65/><G65/><T3/><D3/><U40/><E40/><V85/><F64/><W70/><G70/><T95/><D67/><U132/><E132/><V72/><F72/><W7/><G7/><T47/><D57/><U25/><E25/><V29/><F29/><W74/><G21/><T104/><D56/><U37/><E63/><V53/><F61/><W131/><G23/><T5/><D5/><U32/><E32/><V122/><F122/><W55/><G41/><N who="0" m="24943" /><D104/><U36/><E99/><N who="2" m="59895" /><F39/><N who="1" m="14921" /><E96/><V111/><F111/><W66/><G131/><T1/><D1/><U62/><E62/><V20/><F46/><N who="3" m="28151" /><G66/><T60/><D60/><U91/><E81/><AGARI ba="0,0" hai="24,26,27,79,81,84,87,90,95,97,98" m="24943" machi="81" ten="30,1000,0" yaku="8,1" doraHai="123" who="0" fromWho="1" sc="190,10,220,-10,370,0,220,0" /><INIT seed="2,0,0,3,1,24" ten="200,210,370,220" oya="2" hai0="124,100,1,97,94,29,130,92,111,10,79,107,21" hai1="80,118,38,37,2,0,109,81,60,134,128,74,3" hai2="98,99,28,32,50,104,131,48,115,16,116,120,93" hai3="129,70,44,86,85,75,103,14,135,39,113,57,82"/><V22/><F120/><W121/><G70/><T56/><D111/><U33/><E118/><V55/><F116/><W96/><G121/><T132/><D132/><U123/><E109/><V76/><F115/><W106/><G135/><T69/><D124/><U42/><E134/><V30/><F32/><W108/><G108/><T125/><D69/><U11/><E123/><V52/><F76/><W54/><G129/><T83/><D125/><U53/><E128/><V9/><F9/><W58/><G113/><T7/><D130/><U90/><E33/><V13/><F104/><W26/><G75/><T87/><D56/><U126/><E126/><V36/><F36/><W17/><G26/><T15/><D1/><U41/><E74/><V40/><F40/><W91/><G86/><T45/><D45/><U127/><E127/><V12/><F131/><W51/><REACH who="3" step="1"/><G39/><REACH who="3" ten="200,210,370,210" step="2"/><T105/><D87/><U66/><E37/><V59/><F99/><W133/><G133/><T89/><D97/><U62/><E38/><V34/><F34/><W5/><G5/><T61/><D7/><U47/><E0/><V102/><F13/><W117/><G117/><T101/><D15/><U73/><E2/><V18/><F18/><W46/><G46/><AGARI ba="0,1" hai="12,16,22,28,30,46,48,50,52,55,59,93,98,102" machi="46" ten="30,18000,2" yaku="7,1,8,1,52,2,54,2" doraHai="24" who="2" fromWho="3" sc="200,0,210,0,370,190,210,-180" /><INIT seed="2,1,0,1,4,132" ten="200,210,560,30" oya="2" hai0="133,84,103,66,26,122,80,52,75,71,36,95,27" hai1="98,35,94,5,40,126,30,76,93,42,79,117,91" hai2="127,68,129,2,110,11,100,131,51,89,81,115,16" hai3="108,90,116,111,69,45,62,12,77,72,23,59,38"/><V118/><F68/><W128/><G116/><T73/><D122/><U21/><E117/><V67/><F118/><W88/><G69/><T44/><D133/><U55/><E35/><V46/><F67/><W125/><G128/><T130/><D130/><U28/><E126/><V53/><F127/><W107/><G107/><T106/><D106/><U102/><E5/><V97/><F115/><W1/><G1/><T24/><D66/><U124/><E124/><V86/><F2/><W121/><G121/><T92/><D71/><U4/><E55/><V54/><F54/><W101/><G101/><T43/><D95/><U60/><E60/><V83/><F83/><N who="3" m="45479" /><G38/><T15/><D15/><U109/><E4/><V19/><F19/><N who="3" m="10727" /><G45/><T33/><D33/><U32/><E32/><V17/><F17/><W37/><G37/><T63/><D92/><U134/><E134/><V58/><F58/><W96/><G96/><T82/><D103/><U6/><E6/><V3/><F3/><W18/><G18/><T64/><D64/><U61/><E61/><V113/><F113/><W87/><G87/><T104/><D104/><U74/><E74/><V50/><F50/><W105/><G105/><T9/><D82/><U135/><E135/><V20/><F110/><N who="3" m="42027" /><G125/><T119/><D119/><U85/><E109/><V13/><F20/><W57/><G57/><T41/><D9/><U114/><E114/><V0/><F0/><W10/><G10/><T47/><D63/><U39/><E39/><V70/><F70/><W120/><G120/><T78/><D43/><N who="1" m="16427" /><E21/><V99/><F99/><W14/><G14/><RYUUKYOKU ba="1,0" sc="200,0,210,0,560,0,30,0" hai0="24,26,27,36,41,44,47,52,73,75,78,80,84" hai1="28,30,76,79,85,91,93,94,98,102" hai2="11,13,16,46,51,53,81,86,89,97,100,129,131" hai3="59,62,88,90" /><INIT seed="2,2,0,4,5,67" ten="200,210,560,30" oya="2" hai0="26,92,131,124,37,100,93,84,70,135,132,108,33" hai1="63,129,94,20,5,24,21,133,1,102,39,118,116" hai2="89,114,121,16,104,103,111,83,50,109,8,32,66" hai3="85,130,58,2,54,88,36,61,28,128,30,42,35"/><V4/><F32/><W126/><G2/><T56/><D37/><U44/><E129/><N who="3" m="49770" /><G35/><T41/><D131/><U60/><E133/><V127/><F103/><W9/><G9/><T11/><D108/><N who="2" m="41546" /><F104/><W71/><G126/><T95/><D124/><U119/><E5/><V23/><F127/><W75/><G75/><T53/><D41/><U115/><E1/><V101/><F101/><W13/><G13/><T29/><D100/><U15/><E115/><V46/><F66/><N who="3" m="41423" /><G42/><T59/><D56/><U86/><E15/><N who="2" m="9631" /><F114/><W87/><G87/><T19/><D84/><U96/><E86/><N who="2" m="50399" /><F121/><W105/><G105/><T80/><D80/><U65/><E102/><V107/><F107/><W99/><G99/><T97/><D97/><U34/><E96/><V27/><F27/><W57/><G36/><T3/><D135/><U74/><E24/><V47/><F50/><N who="3" m="30935" /><G58/><T72/><D59/><U125/><E39/><V17/><F17/><W64/><G64/><T6/><D19/><U113/><E65/><V45/><F45/><W110/><G110/><T98/><D132/><U76/><E44/><V10/><F10/><W68/><G68/><T25/><D70/><U0/><E34/><V106/><F106/><W79/><G79/><T14/><D26/><U40/><E76/><V134/><F134/><W52/><G52/><T31/><D53/><U112/><E125/><V43/><F43/><W62/><G62/><N who="1" m="23594" /><E40/><V90/><F90/><W48/><G48/><T18/><D25/><U122/><E113/><V38/><F38/><W120/><G120/><T22/><D11/><U12/><E122/><RYUUKYOKU ba="2,0" sc="200,-15,210,-15,560,15,30,15" hai2="4,8,46,47" hai3="28,30,85,88" /><INIT seed="2,3,0,3,3,3" ten="185,195,575,45" oya="2" hai0="83,16,62,91,35,9,56,6,44,116,55,39,85" hai1="103,90,123,115,20,112,89,121,100,27,80,63,129" hai2="15,31,47,68,67,73,50,45,114,102,94,17,41" hai3="26,18,11,117,113,0,109,88,7,24,30,37,49"/><V122/><F73/><W59/><G37/><T78/><D116/><U32/><E32/><V8/><F122/><N who="1" m="46601" /><E63/><V101/><F114/><N who="1" m="43561" /><E129/><V76/><F76/><W5/><G113/><T43/><D35/><U66/><E66/><V97/><F31/><W96/><G117/><T132/><D132/><U52/><E52/><V72/><F72/><W60/><G109/><T92/><D16/><N who="1" m="12679" /><E80/><V2/><F67/><N who="3" m="39327" /><G0/><T4/><REACH who="0" step="1"/><D9/><REACH who="0" ten="175,195,575,45" step="2"/><U75/><E75/><AGARI ba="3,1" hai="4,6,39,43,44,55,56,62,75,78,83,85,91,92" machi="75" ten="30,12000,2" yaku="1,1,2,1,7,1,52,2,53,1" doraHai="3" doraHaiUra="38" who="0" fromWho="1" sc="175,139,195,-129,575,0,45,0" /><INIT seed="3,0,0,5,1,41" ten="314,66,575,45" oya="3" hai0="87,114,49,119,109,121,72,118,20,48,67,52,28" hai1="47,89,9,54,18,124,59,8,11,21,90,33,107" hai2="61,37,135,96,108,130,104,128,22,2,51,99,120" hai3="53,92,103,75,80,102,35,95,91,29,39,125,115"/><W40/><G115/><T129/><D72/><U126/><E107/><V132/><F37/><W111/><G125/><N who="1" m="48234" /><E33/><V85/><F2/><W7/><G7/><T23/><D121/><U60/><E47/><V98/><F61/><W27/><G111/><T38/><D38/><U19/><E19/><V117/><F104/><W83/><G53/><T3/><D3/><U127/><N who="1" m="48242" /><U112/><DORA hai="42" /><E112/><V78/><F120/><W82/><G75/><T34/><D109/><U5/><E5/><V94/><F22/><W88/><G39/><T44/><D67/><U15/><AGARI ba="0,0" hai="8,9,11,15,18,21,54,59,60,89,90" m="48242" machi="15" ten="50,1600,0" yaku="18,1" doraHai="41,42" who="1" fromWho="1" sc="314,-4,66,16,575,-4,45,-8" /><INIT seed="4,0,0,1,2,85" ten="310,82,571,37" oya="0" hai0="96,35,130,93,125,108,39,16,1,70,7,48,3" hai1="41,98,95,8,64,62,4,21,38,75,76,17,26" hai2="124,43,65,40,53,13,58,12,104,69,115,105,18" hai3="127,59,99,86,116,111,119,100,135,128,66,97,73"/><T84/><D39/><U63/><E75/><V36/><F115/><W71/><G71/><T22/><D35/><U132/><E132/><V129/><F13/><W28/><G73/><T20/><D130/><U107/><E107/><V80/><F43/><W72/><G72/><T121/><D121/><U50/><E38/><V9/><F80/><W2/><G2/><T30/><D125/><U103/><E76/><V44/><F129/><W25/><G128/><T29/><D70/><U60/><E41/><V54/><F54/><W117/><G111/><T33/><D33/><U87/><E50/><N who="2" m="31031" /><F124/><W11/><G127/><T81/><D108/><U68/><REACH who="1" step="1"/><E87/><REACH who="1" ten="310,72,571,37" step="2"/><V90/><F104/><W34/><G135/><T126/><D126/><U92/><E92/><V14/><F105/><W112/><G112/><T42/><D84/><U114/><E114/><V10/><F44/><W120/><G120/><T89/><D93/><U91/><E91/><V134/><F90/><W37/><G37/><T47/><D89/><U79/><E79/><V56/><F40/><W45/><G45/><T27/><D48/><U83/><E83/><V82/><F82/><W102/><G86/><T109/><D81/><U77/><E77/><V61/><F36/><W24/><G117/><T19/><D42/><U101/><E101/><V46/><F46/><W88/><G88/><T78/><D47/><U123/><E123/><V106/><F106/><W5/><G116/><T0/><D78/><U131/><E131/><V94/><F94/><W133/><G119/><T122/><D122/><U6/><E6/><N who="2" m="3127" /><F134/><W32/><G133/><RYUUKYOKU ba="0,1" sc="310,-15,72,15,571,15,37,-15" hai1="4,8,17,21,26,60,62,63,64,68,95,98,103" hai2="10,14,18,56,61,65,69" /><INIT seed="5,1,1,2,1,72" ten="295,87,586,22" oya="1" hai0="78,98,73,129,4,113,35,96,19,126,26,105,6" hai1="123,92,81,15,2,14,76,71,44,99,18,116,60" hai2="103,82,32,83,11,1,40,91,54,21,69,68,66" hai3="43,13,56,85,135,79,24,118,87,12,31,134,88"/><U110/><E116/><V10/><F32/><W67/><G43/><T86/><D113/><U3/><E123/><V131/><F103/><W48/><G118/><T101/><D129/><U61/><E44/><V25/><F40/><W64/><G48/><T55/><D126/><U120/><E120/><V112/><F112/><W22/><G85/><T109/><D109/><U124/><E110/><V127/><F127/><W51/><G79/><T121/><D121/><U0/><E124/><V17/><F131/><W115/><G115/><T80/><D96/><U62/><E71/><V9/><F1/><W119/><G119/><T49/><D35/><U125/><E125/><V30/><F68/><W27/><G27/><T84/><D84/><U5/><E5/><V104/><F104/><W74/><G74/><T8/><D73/><U41/><E41/><V122/><F122/><W95/><G51/><T65/><D65/><U93/><E18/><V50/><F66/><N who="3" m="25131" /><G56/><T75/><D75/><U106/><E106/><V89/><F69/><W29/><G29/><T59/><D26/><U39/><E39/><V47/><F30/><W53/><G53/><T102/><D102/><U130/><E130/><V28/><F28/><W38/><G38/><T77/><D19/><U57/><E57/><V20/><F20/><W132/><AGARI ba="1,1" hai="12,13,22,24,31,87,88,95,132,134,135" m="25131" machi="132" ten="40,2700,0" yaku="20,1,54,1" doraHai="72" who="3" fromWho="3" sc="295,-8,87,-14,586,-8,22,40" /><INIT seed="6,0,0,2,3,96" ten="287,73,578,62" oya="2" hai0="15,116,48,27,68,102,47,104,93,49,61,78,82" hai1="57,114,51,83,86,113,31,101,11,103,128,107,55" hai2="69,133,42,44,85,110,122,130,53,64,88,67,124" hai3="127,0,35,62,41,81,10,4,98,118,7,117,22"/><V134/><F122/><W84/><G35/><T36/><D116/><U18/><E107/><V115/><F110/><W79/><G127/><T14/><D104/><U3/><E31/><V129/><F124/><W89/><G4/><T23/><D36/><U2/><E128/><N who="2" m="49259" /><F53/><W38/><G62/><T119/><D119/><U21/><E11/><V39/><F115/><N who="1" m="44041" /><E3/><V25/><F25/><W105/><G22/><T59/><D68/><U30/><E30/><V100/><F100/><N who="1" m="38473" /><E2/><V108/><F108/><W111/><G111/><T9/><D49/><U132/><E132/><N who="2" m="50795" /><F69/><W106/><G106/><T16/><D48/><U50/><E50/><V87/><F87/><W121/><G121/><T109/><D109/><U56/><E51/><V123/><F123/><W75/><G105/><T52/><D47/><U63/><E63/><V66/><F66/><W34/><G98/><T112/><D112/><U45/><E45/><V70/><F70/><W32/><G118/><T90/><D61/><U40/><E40/><V12/><F67/><W95/><G117/><T74/><D52/><U76/><E55/><V125/><F64/><W20/><G20/><T24/><D23/><U13/><AGARI ba="0,0" hai="13,18,21,56,57,76,83,86" m="38473,44041" machi="13" ten="30,7900,0" yaku="15,1,52,3" doraHai="96" who="1" fromWho="1" sc="287,-20,73,79,578,-39,62,-20" /><INIT seed="7,0,0,5,1,21" ten="267,152,539,42" oya="3" hai0="53,55,83,6,46,38,2,19,71,41,128,25,76" hai1="134,64,47,114,13,27,111,112,69,130,11,35,50" hai2="59,67,122,87,126,109,62,61,42,118,119,103,74" hai3="132,129,91,29,43,28,23,89,131,82,84,45,125"/><W107/><G107/><T16/><D71/><U58/><E111/><V32/><F87/><W39/><G125/><T78/><D78/><U123/><E123/><V121/><F103/><W49/><G132/><T4/><D128/><N who="3" m="49225" /><G39/><T86/><D19/><N who="1" m="8639" /><E130/><V70/><F126/><W68/><G68/><T48/><D2/><U106/><E106/><V116/><F109/><W115/><G115/><N who="1" m="44074" /><E134/><V14/><F70/><W51/><G91/><T10/><D38/><U124/><E124/><V22/><F119/><W26/><G49/><T52/><D10/><U57/><E69/><V3/><F118/><W99/><G99/><T110/><D110/><U1/><E64/><V92/><F116/><W73/><G73/><T98/><D98/><U108/><E1/><V0/><F74/><W101/><G101/><T5/><D41/><N who="1" m="24943" /><E108/><V54/><F121/><W56/><G56/><T30/><D30/><AGARI ba="0,0" hai="27,30,35,57,58" m="24943,44074,8639" machi="30" ten="30,2000,0" yaku="15,1,52,1" doraHai="21" who="1" fromWho="0" sc="267,-20,152,20,539,0,42,0" /><AGARI ba="0,0" hai="23,26,28,29,30,43,45,51,82,84,89" m="49225" machi="30" ten="30,2900,0" yaku="19,1,52,1" doraHai="21" who="3" fromWho="0" sc="247,-29,172,0,539,0,42,29" /><INIT seed="7,1,0,1,3,40" ten="218,172,539,71" oya="3" hai0="61,54,14,77,10,39,69,127,18,32,60,109,0" hai1="36,5,118,51,56,86,102,28,20,103,34,89,58" hai2="84,37,104,92,30,12,59,116,133,3,98,22,88" hai3="62,46,64,43,8,111,99,83,85,68,52,63,134"/><W44/><G134/><T27/><D109/><U71/><E36/><V57/><F3/><W73/><G111/><T107/><D39/><U100/><E71/><V135/><F37/><W114/><G73/><T50/><D107/><U97/><E34/><V2/><F2/><W26/><G114/><T91/><D127/><U65/><E118/><V35/><F35/><W1/><G26/><T82/><D0/><U47/><E5/><V78/><F116/><W95/><G43/><T93/><D69/><U117/><E117/><V110/><F110/><W80/><G80/><T121/><D121/><U49/><E97/><V94/><F104/><W130/><G130/><T9/><D9/><U15/><E65/><V53/><F30/><W126/><G126/><T96/><D32/><U31/><E51/><N who="2" m="30911" /><F78/><W6/><G62/><T132/><D27/><N who="1" m="16487" /><E15/><V74/><F74/><W112/><G52/><T128/><D128/><U122/><E31/><V113/><F59/><N who="1" m="22569" /><E122/><V119/><F113/><W29/><G29/><T55/><D132/><U123/><E123/><V48/><F119/><W87/><G112/><T72/><D55/><N who="1" m="30143" /><E103/><N who="2" m="60871" /><F48/><W16/><G16/><AGARI ba="1,0" hai="12,16,22,84,88,94,133,135" m="60871,30911" machi="16" ten="30,3900,0" yaku="25,1,54,2" doraHai="40" who="2" fromWho="3" sc="218,0,172,0,539,42,71,-42" owari="218,2.0,172,-23.0,581,68.0,29,-47.0" /></mjloggm>