<mjloggm ver="2.3"><GO type="97" lobby="0"/><UN n0="%E3%81%93%E3%82%8C%E3%81%8C%49%54%E9%BA%BB%E9%9B%80%E3%81%A0" n1="%E3%82%B3%E3%83%AD%E3%83%B3%E3%83%96%E3%82%B9%E3%81%AE%E5%8D%B5" n2="%EF%BC%B2%E8%A1%A8%E7%A4%BA%E3%81%AA%E3%81%97%EF%BC%9D%E6%81%A5" n3="%E3%82%A6%E3%83%AB%E3%83%88%E3%83%A9%E7%AB%8B%E7%9B%B4" dan="13,14,14,14" rate="1864.67,1961.59,1917.94,1932.10" sx="F,M,F,M"/><TAIKYOKU oya="0"/><INIT seed="0,0,0,5,3,45" ten="250,250,250,250" oya="0" hai0="110,20,89,26,17,41,64,68,94,5,121,55,13" hai1="61,117,79,72,50,81,1,48,127,18,69,25,109" hai2="97,99,22,82,66,101,19,92,29,135,35,7,0" hai3="128,65,15,58,113,116,28,63,107,24,120,96,6"/><T108/><D121/><U111/><E1/><V85/><F135/><W105/><G116/><T8/><D41/><U93/><E117/><V133/><F133/><W34/><G120/><T122/><D122/><U78/><E78/><V104/><F66/><W67/><G113/><T91/><D68/><U125/><E93/><V103/><F7/><W12/><G128/><T56/><D64/><N who="1" m="41103" /><E25/><V21/><F0/><W100/><G107/><T118/><D118/><U131/><E18/><V132/><F132/><W71/><G6/><T16/><D5/><U102/><E102/><V88/><F35/><W73/><G73/><T11/><D11/><U32/><E32/><V9/><F29/><W98/><G98/><T112/><D112/><U49/><E131/><V115/><F115/><W47/><G47/><T77/><D77/><U10/><E10/><V14/><AGARI ba="0,0" hai="9,14,19,21,22,82,85,88,92,97,99,101,103,104" machi="14" ten="30,2000,0" yaku="0,1,54,1" doraHai="45" who="2" fromWho="2" sc="250,-10,250,-5,250,20,250,-5" /><INIT seed="1,0,0,1,3,7" ten="240,245,270,245" oya="1" hai0="50,128,87,96,11,71,93,81,104,12,25,4,63" hai1="58,83,130,48,103,90,124,66,26,41,14,88,51" hai2="28,56,31,135,64,35,114,97,24,36,131,23,54" hai3="105,82,95,13,91,74,117,111,10,69,33,44,70"/><U46/><E130/><V122/><F122/><W6/><G33/><T39/><D39/><U134/><E134/><V120/><F120/><W113/><G113/><T47/><D128/><U133/><E133/><V94/><F135/><W101/><G111/><T108/><D108/><U18/><E103/><V1/><F36/><W118/><G44/><T129/><D129/><U62/><E124/><V32/><F131/><W8/><G101/><T53/><D25/><U80/><E51/><V78/><F64/><W15/><G105/><T42/><D104/><U102/><E102/><V121/><F121/><W19/><G82/><N who="1" m="31274" /><E26/><V43/><F43/><W85/><REACH who="3" step="1"/><G74/><REACH who="3" ten="240,245,270,235" step="2"/><T49/><D47/><U100/><E100/><N who="2" m="60471" /><F114/><W9/><G9/><AGARI ba="0,1" hai="9,14,18,41,46,48,58,62,66,88,90" m="31274" machi="9" ten="30,5800,0" yaku="8,1,52,1,54,1" doraHai="7" who="1" fromWho="3" sc="240,0,245,68,270,0,235,-58" /><INIT seed="1,1,0,5,0,36" ten="240,313,270,177" oya="1" hai0="130,104,40,39,51,23,29,69,41,73,58,122,19" hai1="86,37,45,11,106,135,32,96,56,28,129,25,103" hai2="47,9,30,31,55,107,128,17,7,22,6,16,67" hai3="105,65,1,134,94,115,132,82,79,49,87,34,71"/><U75/><E135/><N who="3" m="51754" /><G34/><T92/><D69/><U113/><E113/><V50/><F107/><W90/><G1/><T60/><D73/><U99/><E129/><V84/><F128/><W26/><G26/><T18/><D104/><U114/><E114/><V88/><F67/><W52/><G105/><T85/><D130/><U43/><E99/><V20/><F6/><W123/><G123/><T33/><D33/><U70/><E86/><V53/><F53/><W131/><G131/><T109/><D39/><U61/><E11/><V62/><F62/><N who="3" m="40375" /><G115/><T44/><D109/><U59/><E75/><V74/><F74/><W68/><G68/><T98/><D85/><U5/><REACH who="1" step="1"/><E5/><REACH who="1" ten="240,303,270,177" step="2"/><V57/><F7/><W66/><G66/><AGARI ba="1,1" hai="25,28,32,37,43,45,56,59,61,66,70,96,103,106" machi="66" ten="40,18000,2" yaku="1,1,2,1,25,2,52,1,53,1" doraHai="36" doraHaiUra="101" who="1" fromWho="3" sc="240,0,303,193,270,0,177,-183" owari="240,-16.0,496,60.0,270,7.0,-6,-51.0" /></mjloggm>