<mjloggm ver="2.3"><GO type="97" lobby="0"/><UN n0="%E3%82%A8%E3%82%BB%E3%82%A2%E3%82%AB%E3%82%AE" n1="%E7%89%B9%E6%9D%B1%E3%82%AD%E3%83%B3%E3%82%B0" n2="%E3%82%A6%E3%83%AB%E3%83%88%E3%83%A9%E7%AB%8B%E7%9B%B4" n3="%E3%81%82%E3%81%96%E3%81%A8%E3%81%99" dan="13,15,14,15" rate="1847.48,1984.94,1955.02,2051.31" sx="M,M,M,M"/><TAIKYOKU oya="0"/><INIT seed="0,0,0,3,4,63" ten="250,250,250,250" oya="0" hai0="22,87,125,29,65,75,42,6,48,54,4,116,93" hai1="95,44,43,9,129,2,76,57,94,41,117,31,130" hai2="122,105,36,90,102,51,33,77,24,26,60,114,70" hai3="58,85,135,67,55,13,127,19,112,45,96,104,64"/><T73/><D116/><U32/><E117/><V91/><F51/><W89/><G112/><T118/><D118/><U17/><E76/><V10/><F26/><W78/><G45/><T39/><D39/><U16/><E31/><V50/><F50/><W126/><G135/><T83/><D42/><N who="1" m="15883" /><E44/><V30/><F91/><W72/><G78/><T28/><D75/><U80/><E32/><V99/><F90/><W40/><G40/><T101/><D73/><U128/><E80/><V27/><F27/><W97/><G72/><T11/><D22/><U3/><E57/><V107/><F77/><W71/><G71/><T109/><D29/><U20/><E9/><V98/><F10/><N who="3" m="6583" /><G104/><T38/><D38/><U119/><E119/><V113/><F122/><W23/><G23/><T61/><D28/><U68/><E68/><V34/><F34/><W1/><G1/><N who="1" m="10" /><E17/><V46/><F46/><W18/><G18/><T35/><D11/><U88/><E16/><V56/><F56/><W37/><G37/><T59/><D35/><U111/><E20/><V108/><F36/><W131/><G131/><T100/><D4/><U0/><E0/><V124/><F30/><W106/><G106/><T82/><D6/><U7/><E7/><V134/><F105/><W115/><G115/><T62/><D59/><U14/><E14/><V52/><F33/><W12/><G12/><T21/><D21/><U66/><E130/><V123/><F114/><W110/><G110/><T53/><D109/><U103/><E111/><V25/><F108/><W121/><G121/><T8/><D8/><U84/><E129/><RYUUKYOKU ba="0,0" sc="250,0,250,0,250,0,250,0" /><INIT seed="1,1,0,3,5,8" ten="250,250,250,250" oya="1" hai0="7,51,30,35,95,17,73,102,36,24,99,0,50" hai1="70,29,21,63,15,53,71,87,14,134,132,68,88" hai2="39,40,4,33,91,58,11,37,65,64,32,27,47" hai3="28,109,62,135,81,93,94,6,96,130,31,86,77"/><U34/><E34/><V1/><F39/><W66/><G109/><T5/><D36/><U61/><E29/><V92/><F27/><W56/><G130/><T129/><D129/><U45/><E21/><V119/><F119/><W60/><G135/><N who="1" m="51754" /><E61/><V80/><F65/><W123/><G123/><T52/><D73/><U20/><E20/><V48/><F64/><W79/><G79/><T54/><D0/><U105/><E105/><V22/><F22/><W55/><G6/><T9/><D17/><U16/><E16/><V85/><F58/><N who="3" m="37143" /><G94/><T19/><D19/><U120/><E120/><V46/><F46/><W72/><G72/><T26/><D26/><U133/><N who="1" m="51762" /><U2/><DORA hai="25" /><E2/><V101/><F48/><W3/><G3/><T118/><D118/><U83/><E45/><V113/><F113/><W57/><G56/><AGARI ba="1,0" hai="14,15,53,56,63,68,70,71,83,87,88" m="51762" machi="56" ten="50,12000,1" yaku="20,1,52,2,54,1" doraHai="8,25" who="1" fromWho="3" sc="250,0,250,123,250,0,250,-123" /><INIT seed="1,2,0,4,0,91" ten="250,373,250,127" oya="1" hai0="81,88,62,102,86,103,49,71,95,77,128,87,120" hai1="12,40,93,119,38,111,5,19,23,68,1,97,90" hai2="11,126,135,32,132,106,133,64,69,113,47,54,105" hai3="44,58,89,30,124,39,3,107,122,53,9,117,41"/><U48/><E68/><V73/><F32/><W118/><G122/><T84/><D120/><U101/><E119/><N who="3" m="45578" /><G107/><N who="2" m="40969" /><F73/><W31/><G124/><T34/><D34/><U82/><E38/><V99/><F113/><W130/><G130/><T76/><D49/><U50/><E1/><V35/><F35/><W20/><G20/><T16/><D16/><N who="1" m="10631" /><E5/><V4/><F64/><W56/><G56/><T131/><D62/><U57/><E19/><V21/><F69/><W127/><G127/><T36/><D36/><U79/><E101/><N who="0" m="38409" /><D71/><U55/><E111/><V51/><F126/><W13/><G3/><T134/><D134/><N who="2" m="34306" /><V2/><DORA hai="125" /><F21/><W104/><G104/><T70/><D70/><U25/><E25/><V22/><F22/><W115/><G115/><T43/><D43/><U18/><E18/><V67/><F67/><W52/><G89/><T10/><D10/><U33/><E33/><V24/><F24/><W42/><G42/><T27/><D27/><U129/><E40/><V7/><F11/><W8/><G8/><T116/><D116/><U85/><E129/><V46/><F2/><W61/><G53/><T14/><D14/><U45/><E45/><V83/><F46/><W26/><G26/><T6/><D6/><AGARI ba="2,0" hai="6,9,13,30,31,39,41,44,52,58,61" m="45578" machi="6" ten="30,2000,0" yaku="12,1,54,1" doraHai="91,125" who="3" fromWho="0" sc="250,-26,373,0,250,0,127,26" /><INIT seed="2,0,0,1,5,79" ten="224,373,250,153" oya="2" hai0="62,82,26,92,38,61,107,123,109,127,10,117,44" hai1="86,71,17,67,100,25,36,43,119,45,102,128,125" hai2="90,56,89,50,2,106,88,33,73,8,3,75,93" hai3="12,11,57,112,23,84,78,91,135,1,46,14,81"/><V74/><F106/><W131/><G135/><T121/><D107/><U37/><E119/><V103/><F33/><W98/><G131/><T32/><D117/><U66/><E36/><V35/><F35/><W41/><G112/><T0/><D92/><U48/><E128/><V101/><F93/><W124/><G124/><T97/><D127/><U113/><E113/><V19/><F19/><W18/><G1/><N who="2" m="9" /><F50/><W130/><G130/><T15/><D97/><U42/><E125/><V30/><F56/><W51/><G57/><T65/><D62/><U105/><E105/><V132/><F8/><W9/><G14/><T116/><D116/><U76/><E37/><V31/><F132/><W134/><G134/><T95/><D95/><AGARI ba="0,0" hai="9,11,12,18,23,41,46,51,78,81,84,91,95,98" machi="95" ten="40,2600,0" yaku="8,1,52,1" doraHai="79" who="3" fromWho="0" sc="224,-26,373,0,250,0,153,26" /><INIT seed="3,0,0,5,3,118" ten="198,373,250,179" oya="3" hai0="106,6,20,123,18,105,99,19,117,26,68,11,122" hai1="37,54,87,112,23,42,30,124,120,60,8,119,73" hai2="98,25,116,104,22,128,64,71,51,35,81,47,133" hai3="45,32,41,10,49,131,86,2,70,78,103,29,134"/><W12/><G2/><T102/><D117/><U72/><E72/><V95/><F104/><W36/><G70/><T63/><D106/><U125/><E73/><V46/><F35/><W66/><G134/><T17/><D17/><U50/><E119/><V130/><F116/><W9/><G131/><N who="2" m="50217" /><F64/><W16/><G66/><T1/><D68/><U52/><E8/><V121/><F71/><W27/><G103/><T43/><D63/><U34/><E42/><V115/><F81/><W21/><REACH who="3" step="1"/><G36/><REACH who="3" ten="198,373,250,169" step="2"/><T84/><D43/><U107/><E37/><V44/><F133/><W126/><G126/><T55/><D55/><U33/><E54/><V113/><F115/><W93/><G93/><T92/><REACH who="0" step="1"/><D19/><REACH who="0" ten="188,373,250,169" step="2"/><U4/><E112/><V61/><F113/><W5/><G5/><T91/><AGARI ba="0,2" hai="1,6,11,18,20,26,84,91,92,99,102,105,122,123" machi="91" ten="30,8000,1" yaku="1,1,2,1,0,1,52,2,53,0" doraHai="118" doraHaiUra="28" who="0" fromWho="0" sc="188,100,373,-20,250,-20,169,-40" owari="288,9.0,353,45.0,230,-17.0,129,-37.0" /></mjloggm>