<mjloggm ver="2.3"><GO type="97" lobby="0"/><UN n0="%E3%83%9E%E3%83%83%E3%83%8F%E3%82%AF%E3%83%9E%E5%90%89" n1="%E3%82%A6%E3%83%AB%E3%83%88%E3%83%A9%E7%AB%8B%E7%9B%B4" n2="%E3%83%95%E3%82%A7%E3%83%AB%E3%83%A1%E3%83%BC%E3%83%AB" n3="%E3%80%93%74%68%79%6D%65%2C%E3%80%93" dan="14,14,15,14" rate="2051.96,1965.11,1968.76,1957.51" sx="M,M,M,F"/><TAIKYOKU oya="0"/><INIT seed="0,0,0,5,1,135" ten="250,250,250,250" oya="0" hai0="129,46,32,64,96,119,10,97,51,125,87,52,76" hai1="67,99,31,75,110,132,47,43,20,71,37,80,40" hai2="17,69,127,133,79,45,14,120,131,65,6,122,36" hai3="49,12,117,66,78,81,15,84,35,101,50,19,16"/><T70/><D32/><U58/><E110/><V68/><F133/><W55/><G35/><T11/><D119/><U73/><E132/><V24/><F131/><W98/><G66/><T61/><D129/><U3/><E71/><V4/><F68/><W92/><G117/><T8/><REACH who="0" step="1"/><D125/><REACH who="0" ten="240,250,250,250" step="2"/><U38/><E3/><V128/><F127/><W100/><G100/><T95/><D95/><U22/><E80/><AGARI ba="0,1" hai="8,10,11,46,51,52,61,64,70,76,80,87,96,97" machi="80" ten="40,3900,0" yaku="1,1,54,1,53,0" doraHai="135" doraHaiUra="39" who="0" fromWho="1" sc="240,49,250,-39,250,0,250,0" /><INIT seed="0,1,0,1,2,82" ten="289,211,250,250" oya="0" hai0="4,20,44,128,43,102,81,61,114,77,115,38,21" hai1="108,54,113,87,71,98,66,122,131,104,110,109,80" hai2="101,70,73,34,74,10,1,52,25,39,53,105,96" hai3="50,58,63,42,30,13,55,47,56,48,65,36,32"/><T132/><D128/><U118/><E131/><V31/><F70/><N who="3" m="42303" /><G30/><T45/><D132/><U135/><E122/><V83/><F39/><W126/><G32/><T37/><D102/><N who="1" m="62551" /><E66/><V18/><F18/><W99/><G99/><T100/><D100/><U69/><E135/><V134/><F134/><W49/><G13/><T41/><D4/><U64/><E64/><V94/><F105/><W116/><G116/><T24/><D61/><U129/><E129/><V15/><F73/><W85/><G85/><T6/><D6/><U75/><E75/><V130/><F130/><W68/><G126/><T57/><D57/><N who="3" m="22121" /><G68/><N who="1" m="26186" /><E118/><V107/><F74/><W112/><G112/><T119/><D119/><U46/><E113/><V29/><F29/><W40/><G40/><T117/><D117/><U67/><E67/><V103/><F83/><W127/><G127/><T88/><D88/><N who="1" m="51303" /><E46/><AGARI ba="1,0" hai="36,42,46,47,48,49,50,55" m="22121,42303" machi="46" ten="30,8000,1" yaku="35,5" doraHai="82" who="3" fromWho="1" sc="289,0,211,-83,250,0,250,83" /><INIT seed="1,0,0,2,0,97" ten="289,128,250,333" oya="1" hai0="110,124,4,54,21,47,127,19,29,59,46,2,116" hai1="40,43,72,10,7,94,81,57,118,78,90,3,28" hai2="51,24,73,13,80,113,49,88,50,60,93,129,63" hai3="56,36,117,103,14,98,37,135,107,108,25,133,123"/><U119/><E28/><V74/><F129/><W48/><G123/><T120/><D116/><U6/><E6/><V122/><F122/><W101/><G108/><T70/><D70/><U5/><E5/><V44/><F113/><W86/><G117/><T79/><D120/><U32/><E32/><V95/><F44/><W33/><G101/><T45/><D110/><U69/><E69/><V84/><F73/><W102/><G102/><T55/><D79/><U87/><E43/><V128/><F128/><W65/><G86/><T16/><D29/><U18/><E18/><V8/><F24/><W15/><G33/><T35/><D35/><U17/><E17/><N who="2" m="8359" /><F74/><W115/><G25/><T34/><D34/><U111/><E111/><V105/><F105/><W134/><G115/><T42/><D19/><U58/><E58/><V66/><F66/><W76/><G76/><T91/><D91/><U75/><E75/><V30/><F30/><W53/><G65/><T52/><D42/><U0/><E0/><V62/><AGARI ba="0,0" hai="49,50,51,60,62,63,80,84,88,93,95" m="8359" machi="62" ten="30,2000,0" yaku="8,1,54,1" doraHai="97" who="2" fromWho="2" sc="289,-5,128,-10,250,20,333,-5" /><INIT seed="2,0,0,1,5,80" ten="284,118,270,328" oya="2" hai0="74,127,101,100,129,36,86,93,107,103,70,63,134" hai1="54,85,23,66,94,34,62,71,21,82,48,68,119" hai2="125,123,79,97,24,67,61,17,9,41,42,37,115" hai3="69,35,91,109,18,25,120,6,113,108,64,81,3"/><V38/><F115/><W73/><G120/><T2/><D2/><U16/><E34/><V22/><F123/><W130/><G130/><T29/><D29/><U43/><E119/><V7/><F38/><W135/><G135/><T53/><D36/><U98/><E43/><V14/><F37/><W121/><G121/><T47/><D134/><U114/><E114/><V122/><F122/><W105/><G105/><T31/><D31/><U75/><E75/><V99/><F125/><W50/><G113/><T44/><D74/><U83/><E23/><V8/><F79/><N who="3" m="44271" /><G91/><T15/><D107/><U128/><E128/><V55/><F55/><W116/><G50/><T45/><D127/><U90/><E98/><V133/><F133/><W92/><G92/><T78/><D129/><U95/><E71/><V89/><F9/><N who="3" m="2271" /><G18/><T132/><D132/><U57/><REACH who="1" step="1"/><E95/><REACH who="1" ten="284,108,270,328" step="2"/><N who="2" m="56559" /><F99/><W13/><G116/><T102/><D70/><U39/><E39/><V11/><F11/><W76/><G69/><T28/><D93/><U52/><E52/><V131/><F131/><W106/><G35/><T4/><D53/><U56/><E56/><AGARI ba="0,1" hai="7,8,14,17,22,24,41,42,56,61,67" m="56559" machi="56" ten="30,1500,0" yaku="8,1" doraHai="80" who="2" fromWho="1" sc="284,0,108,-15,270,25,328,0" /><INIT seed="2,1,0,5,3,88" ten="284,93,295,328" oya="2" hai0="49,94,4,15,123,121,10,99,127,40,57,41,7" hai1="86,45,73,80,63,128,31,30,64,75,132,97,66" hai2="35,93,104,92,11,56,44,0,77,108,38,21,116" hai3="22,114,14,111,81,72,68,12,5,17,109,115,42"/><V48/><F116/><W134/><G68/><T131/><D127/><U27/><E128/><V3/><F35/><W71/><G71/><T46/><D131/><U39/><E132/><V6/><F104/><W65/><G134/><T125/><D125/><U69/><E64/><V18/><F0/><W62/><G42/><T78/><D78/><U29/><E31/><V83/><F56/><N who="3" m="37063" /><G72/><T79/><D79/><U112/><E30/><V90/><F108/><N who="3" m="41547" /><G81/><T23/><D41/><U20/><E112/><N who="3" m="43050" /><G5/><T87/><D4/><U34/><E20/><V51/><F90/><W70/><G70/><T2/><D87/><U67/><E67/><V19/><F38/><W126/><G126/><T33/><D33/><U89/><E39/><V52/><F48/><W58/><G58/><T37/><D37/><U113/><E113/><V8/><F8/><W95/><G95/><T28/><D57/><U110/><E45/><V106/><F106/><W76/><G76/><T32/><D32/><U100/><REACH who="1" step="1"/><E110/><REACH who="1" ten="284,83,295,328" step="2"/><V47/><F47/><W25/><AGARI ba="1,1" hai="12,14,17,22,25" m="43050,41547,37063" machi="25" ten="30,2000,0" yaku="14,1,11,1" doraHai="88" who="3" fromWho="3" sc="284,-6,83,-6,295,-11,328,33" /><INIT seed="3,0,0,4,1,42" ten="278,77,284,361" oya="3" hai0="127,18,74,112,30,50,48,43,1,36,64,104,19" hai1="84,103,79,5,117,57,72,58,25,130,77,90,0" hai2="71,26,41,63,125,96,27,37,31,106,54,11,115" hai3="91,20,80,4,33,81,94,123,49,122,67,69,101"/><W8/><G33/><T129/><D104/><U111/><E5/><V34/><F115/><W38/><G38/><T32/><D74/><U119/><E0/><V22/><F125/><W92/><G101/><T59/><D1/><U124/><E25/><V6/><F41/><W87/><G92/><T23/><D36/><U102/><E124/><V10/><F37/><W53/><G69/><T133/><D129/><U118/><E57/><V15/><F11/><W108/><G67/><T110/><D133/><U7/><E58/><V13/><F96/><W39/><G20/><T44/><D110/><U93/><E7/><V132/><F106/><W121/><G39/><T45/><D127/><U75/><E111/><V105/><F105/><W89/><G89/><T78/><D78/><U131/><E79/><V52/><F132/><W66/><G66/><T135/><D32/><U60/><E60/><V98/><F98/><W88/><G91/><T61/><D135/><U14/><E14/><V28/><F15/><W29/><G29/><T17/><D30/><U109/><E109/><V76/><F76/><W21/><G108/><T35/><D35/><U12/><E12/><V95/><F95/><W68/><G68/><T56/><D56/><U134/><E134/><V47/><F47/><N who="3" m="27839" /><G123/><T3/><D3/><U46/><E46/><V86/><F86/><W126/><G122/><T2/><D2/><U55/><E55/><V99/><F99/><W82/><G121/><T9/><D112/><U62/><E62/><V24/><F24/><W114/><G126/><T97/><D97/><U40/><E40/><RYUUKYOKU ba="0,0" sc="278,-10,77,-10,284,30,361,-10" hai2="6,10,13,22,26,27,28,31,34,52,54,63,71" owari="268,-13.0,67,-43.0,314,11.0,351,45.0" /></mjloggm>