<mjloggm ver="2.3"><GO type="97" lobby="0"/><UN n0="%4B%79%43%72%6F%73%73" n1="%E3%81%86%E3%81%BE%E3%81%BF%E3%81%91" n2="%6E%6F%67%61%6D%69" n3="%E5%B0%B1%E6%B4%BB%E7%94%9F%40%E5%B7%9D%E6%9D%91%E8%BB%8D%E5%9B%A3" dan="14,15,15,13" rate="1964.07,2088.31,1961.90,1884.79" sx="M,F,M,M"/><TAIKYOKU oya="0"/><INIT seed="0,0,0,5,2,56" ten="250,250,250,250" oya="0" hai0="78,113,4,22,110,131,18,86,97,115,79,42,124" hai1="8,76,70,47,81,112,21,101,59,71,117,104,32" hai2="15,40,58,95,129,66,108,1,61,73,75,98,13" hai3="99,133,116,63,9,80,26,36,127,6,3,37,77"/><T39/><D4/><U123/><E32/><V29/><F1/><W68/><G116/><T91/><D97/><U25/><E117/><V23/><F108/><W48/><G127/><T35/><D35/><U119/><E119/><V74/><F129/><W44/><G133/><T121/><D121/><U92/><E123/><V24/><REACH who="2" step="1"/><F40/><REACH who="2" ten="250,250,240,250" step="2"/><W122/><G122/><T130/><D110/><U62/><E112/><V88/><AGARI ba="0,1" hai="13,15,23,24,29,58,61,66,73,74,75,88,95,98" machi="88" ten="30,8000,1" yaku="1,1,2,1,0,1,52,1,54,1,53,0" doraHai="56" doraHaiUra="30" who="2" fromWho="2" sc="250,-40,250,-20,240,90,250,-20" /><INIT seed="1,0,0,4,5,61" ten="210,230,330,230" oya="1" hai0="92,53,28,113,131,90,73,87,100,3,45,104,10" hai1="50,84,109,103,72,39,119,36,33,91,112,78,64" hai2="52,51,7,99,54,68,97,16,67,62,5,17,60" hai3="40,89,82,75,34,65,2,18,58,30,32,129,106"/><U88/><E112/><V83/><F83/><W15/><G129/><T127/><D113/><U117/><E33/><V29/><F68/><W124/><G2/><T48/><D127/><U85/><E103/><V114/><F114/><W22/><G124/><T13/><D3/><U49/><E109/><V86/><F51/><W8/><G106/><T12/><D131/><U25/><E25/><V121/><F121/><W23/><G40/><T128/><D128/><U95/><E95/><V130/><F130/><W126/><G126/><T94/><D28/><U1/><E1/><V55/><F29/><W132/><G132/><T123/><D123/><U96/><E96/><V66/><F55/><W101/><G101/><T35/><D35/><U111/><E111/><V37/><REACH who="2" step="1"/><F86/><REACH who="2" ten="210,230,320,230" step="2"/><W70/><G70/><T79/><D73/><U11/><E72/><V0/><F0/><W47/><G75/><T26/><D87/><U93/><E78/><V69/><F69/><W98/><G82/><T42/><D79/><U9/><REACH who="1" step="1"/><E93/><REACH who="1" ten="210,220,320,230" step="2"/><V118/><F118/><W71/><G30/><T115/><D94/><U57/><E57/><V116/><F116/><W46/><G58/><T4/><D92/><U31/><E31/><V41/><F41/><W21/><G71/><T63/><D42/><U122/><E122/><V6/><F6/><W38/><G34/><T20/><D4/><U125/><E125/><V102/><F102/><W44/><G32/><T120/><D100/><U81/><E81/><V135/><F135/><W108/><G108/><T76/><D120/><U59/><E59/><V77/><F77/><RYUUKYOKU ba="0,2" sc="210,-15,220,15,320,15,230,-15" hai1="9,11,36,39,49,50,64,84,85,88,91,117,119" hai2="5,7,16,17,37,52,54,60,62,66,67,97,99" /><INIT seed="1,1,2,4,2,58" ten="195,235,335,215" oya="1" hai0="59,31,12,16,73,61,25,29,32,104,63,52,2" hai1="47,119,118,11,111,9,0,132,123,23,114,54,125" hai2="46,108,105,90,20,48,116,128,120,96,103,28,6" hai3="41,71,22,64,10,122,89,26,5,124,129,83,36"/><U102/><E123/><V38/><F116/><W82/><G122/><T43/><D104/><U37/><E114/><V79/><F120/><W39/><G124/><T99/><D73/><U56/><E125/><V18/><F108/><W77/><G129/><T75/><D75/><U100/><E111/><V101/><F128/><W93/><G71/><T44/><D31/><U69/><E69/><V86/><F38/><W21/><G64/><T80/><D2/><U68/><E68/><V19/><F6/><W4/><G4/><T76/><D99/><U40/><E132/><V7/><F7/><W98/><G82/><T133/><D133/><U33/><E33/><V60/><F103/><W27/><G27/><T3/><D3/><U57/><E0/><V127/><F79/><W53/><G53/><T126/><D126/><U92/><E23/><V131/><F127/><W88/><G89/><T134/><D134/><U135/><E135/><V94/><F131/><W24/><G24/><T113/><D113/><U78/><E78/><V115/><F28/><W65/><G65/><T42/><D44/><U130/><E130/><V109/><F109/><W107/><G107/><T121/><D121/><U87/><E102/><V1/><F1/><W84/><G41/><T117/><D117/><N who="1" m="44555" /><E57/><V95/><F105/><W85/><G22/><T106/><D106/><U30/><E30/><V35/><F35/><W62/><G39/><T112/><D112/><U91/><E100/><V72/><F72/><W55/><G36/><T51/><D76/><U14/><E14/><V34/><F115/><W49/><G77/><RYUUKYOKU ba="1,2" sc="195,-10,235,30,335,-10,215,-10" hai1="9,11,37,40,47,54,56,87,91,92" /><INIT seed="1,2,2,4,2,38" ten="185,265,325,205" oya="1" hai0="24,71,53,32,9,76,58,75,130,18,126,92,80" hai1="59,88,45,14,66,15,100,103,6,131,33,16,54" hai2="135,74,73,120,115,102,37,55,68,112,87,22,26" hai3="85,4,90,39,91,36,132,97,52,70,95,67,0"/><U50/><E33/><V25/><F120/><W134/><G0/><T106/><D106/><U110/><E131/><V30/><F37/><W17/><G4/><T57/><D71/><U5/><E110/><V109/><F68/><W116/><G116/><T79/><D130/><U123/><E123/><V29/><F109/><W105/><G70/><T83/><D126/><U77/><E77/><V60/><F135/><N who="3" m="51755" /><G67/><T34/><D92/><U99/><E66/><V47/><F102/><N who="1" m="38953" /><E59/><N who="2" m="34943" /><F87/><W7/><G7/><T121/><D121/><U49/><E50/><V48/><F26/><W94/><G105/><T61/><D58/><U10/><E15/><V72/><F30/><W13/><G52/><T113/><D113/><N who="2" m="43594" /><F74/><W111/><G111/><T31/><D32/><U78/><E78/><V118/><F118/><W93/><G93/><AGARI ba="2,2" hai="5,6,10,14,16,45,49,54,88,93,99" m="38953" machi="93" ten="30,5800,0" yaku="8,1,54,2" doraHai="38" who="1" fromWho="3" sc="185,0,265,84,325,0,205,-64" /><INIT seed="1,3,0,5,1,128" ten="185,349,325,141" oya="1" hai0="129,99,114,21,100,8,95,125,121,127,36,122,81" hai1="50,61,80,39,65,112,68,74,33,29,16,135,48" hai2="37,31,7,1,106,93,83,56,34,113,10,94,23" hai3="82,126,42,27,22,13,115,38,15,69,41,85,70"/><U133/><E112/><V102/><F106/><W132/><G115/><T90/><D36/><U57/><E39/><V111/><F37/><W53/><G126/><N who="0" m="48139" /><D21/><U43/><E43/><V14/><F113/><W130/><G130/><T131/><D8/><U88/><E16/><N who="2" m="10647" /><F83/><W134/><G53/><T6/><D6/><U101/><E101/><V75/><F75/><W54/><G54/><T35/><D35/><U107/><E107/><V120/><F120/><N who="0" m="46186" /><D114/><U72/><E72/><V11/><F102/><W3/><G3/><T64/><D64/><U55/><E29/><V97/><F111/><W117/><G117/><T17/><D17/><U119/><E33/><V91/><F11/><W58/><G58/><T24/><D24/><U77/><E50/><V84/><F56/><W5/><G38/><T28/><D28/><U66/><E66/><V59/><F59/><W103/><G103/><T108/><D108/><U2/><E2/><V51/><F51/><W104/><G104/><N who="0" m="63519" /><D81/><U123/><E123/><V49/><F49/><W71/><G5/><T118/><D118/><U26/><E26/><N who="2" m="18807" /><F93/><W109/><G109/><T20/><D20/><U32/><E32/><V116/><F116/><W4/><G42/><T52/><D52/><U86/><REACH who="1" step="1"/><E119/><REACH who="1" ten="185,339,325,141" step="2"/><V40/><F40/><W63/><G41/><T67/><D67/><U78/><E78/><V87/><AGARI ba="3,1" hai="1,7,10,84,87,91,94,97" m="18807,10647" machi="87" ten="30,2000,0" yaku="24,1,54,1" doraHai="128" who="2" fromWho="2" sc="185,-8,339,-13,325,39,141,-8" /><INIT seed="2,0,0,1,2,59" ten="177,326,364,133" oya="2" hai0="112,27,20,114,124,34,123,92,80,40,66,89,64" hai1="115,106,38,65,85,104,84,131,87,17,50,102,90" hai2="105,107,74,91,15,95,72,119,134,35,55,132,71" hai3="6,69,60,18,14,110,5,68,47,23,3,1,13"/><V39/><F71/><W126/><G126/><T117/><D123/><U37/><E115/><V111/><F35/><W79/><G110/><T10/><D124/><U46/><E131/><V78/><F39/><W116/><G116/><T26/><D34/><U128/><E128/><V2/><F2/><W62/><G79/><T12/><D117/><U81/><E65/><V77/><F55/><W42/><G18/><T118/><D118/><U70/><E70/><V130/><F15/><W73/><G23/><T41/><D80/><U28/><E28/><V48/><F119/><W51/><G51/><T88/><D20/><U53/><E90/><V4/><F48/><W109/><G109/><T94/><REACH who="0" step="1"/><D12/><REACH who="0" ten="167,326,364,133" step="2"/><U25/><E81/><V11/><F130/><W0/><G73/><N who="2" m="28265" /><F111/><W32/><G32/><T8/><AGARI ba="0,1" hai="8,10,26,27,40,41,64,66,88,89,92,94,112,114" machi="8" ten="25,8000,1" yaku="1,1,0,1,22,2,54,1,53,0" doraHai="59" doraHaiUra="127" who="0" fromWho="0" sc="167,90,326,-20,364,-40,133,-20" /><INIT seed="3,0,0,1,0,72" ten="257,306,324,113" oya="3" hai0="83,114,111,53,89,76,94,12,103,134,118,109,36" hai1="133,97,75,77,31,86,17,47,64,58,21,105,34" hai2="20,49,5,125,67,129,95,8,96,27,16,26,13" hai3="23,121,131,90,51,65,6,37,29,110,128,130,1"/><W50/><G37/><T99/><D36/><U127/><E75/><V108/><F125/><W15/><G121/><T45/><D45/><U18/><E127/><V82/><F129/><W2/><G65/><T91/><D53/><U7/><E133/><V98/><F108/><N who="0" m="41546" /><D12/><U66/><E7/><V132/><F132/><W124/><G110/><T71/><D71/><U22/><E47/><V24/><F98/><W74/><G124/><T39/><D39/><U68/><E68/><V9/><F67/><W40/><G74/><N who="0" m="43415" /><D134/><U11/><E11/><V42/><F82/><W32/><G32/><T123/><D118/><U44/><E44/><N who="2" m="25751" /><F9/><N who="3" m="4535" /><G90/><AGARI ba="0,0" hai="5,8,13,16,20,24,26,27,90,95,96" m="25751" machi="90" ten="30,2000,0" yaku="8,1,54,1" doraHai="72" who="2" fromWho="3" sc="257,0,306,0,324,20,113,-20" owari="257,-14.0,306,11.0,344,44.0,93,-41.0" /></mjloggm>