<mjloggm ver="2.3"><GO type="97" lobby="0"/><UN n0="%E9%AD%94%E6%B3%95%E4%B8%AD%E5%B9%B4%E9%9B%B6%E5%BC%8F" n1="%E3%82%BF%E3%83%B3%E3%83%9D%E3%83%9D" n2="%E3%82%A6%E3%83%AB%E3%83%88%E3%83%A9%E7%AB%8B%E7%9B%B4" n3="%E7%B4%BA%E9%87%8E%E7%9C%9F%E7%90%B4" dan="14,15,14,15" rate="1914.22,2035.58,1974.86,1945.72" sx="M,M,M,F"/><TAIKYOKU oya="0"/><INIT seed="0,0,0,0,4,21" ten="250,250,250,250" oya="0" hai0="78,36,96,94,90,101,18,89,103,16,71,83,35" hai1="74,131,55,92,130,10,60,49,22,61,20,127,79" hai2="77,11,29,69,132,114,34,41,38,9,23,107,27" hai3="120,84,70,30,86,124,43,115,48,72,13,135,111"/><T28/><D36/><U40/><E40/><V80/><F114/><W58/><G72/><T102/><D71/><U95/><E74/><V17/><F107/><W64/><G70/><T45/><D45/><U81/><E127/><V12/><F69/><W24/><G115/><T129/><D129/><N who="1" m="49163" /><E10/><V116/><F116/><W73/><G73/><T53/><D53/><U82/><E92/><V104/><F104/><W85/><G43/><T0/><D0/><U117/><E95/><V47/><REACH who="2" step="1"/><F132/><REACH who="2" ten="250,250,240,250" step="2"/><W128/><G135/><T88/><D35/><U122/><E117/><V1/><F1/><W50/><G128/><T67/><D28/><U68/><E122/><V97/><F97/><W125/><G30/><T56/><D96/><U54/><E68/><V5/><F5/><W15/><G120/><T110/><D94/><U118/><E118/><V52/><F52/><N who="1" m="20009" /><E49/><V106/><F106/><W99/><G50/><T76/><D110/><U14/><E14/><V133/><F133/><W75/><G111/><T105/><D105/><U6/><E6/><V113/><F113/><W31/><G48/><T93/><D93/><U42/><E42/><V109/><F109/><W19/><G99/><T62/><REACH who="0" step="1"/><D76/><REACH who="0" ten="240,250,240,250" step="2"/><U44/><E79/><V121/><F121/><W98/><G98/><T59/><D59/><U8/><E44/><V134/><F134/><W108/><G58/><T39/><D39/><U123/><E123/><V126/><F126/><W51/><G108/><T26/><D26/><U32/><E61/><V33/><F33/><W100/><G125/><T63/><D63/><U2/><E60/><RYUUKYOKU ba="0,2" sc="240,15,250,-15,240,15,250,-15" hai0="16,18,56,62,67,78,83,88,89,90,101,102,103" hai2="9,11,12,17,23,27,29,34,38,41,47,77,80" /><INIT seed="0,1,2,3,5,50" ten="255,235,255,235" oya="0" hai0="110,18,16,116,60,73,94,89,75,15,98,57,66" hai1="27,70,121,71,21,130,126,59,12,67,100,109,32" hai2="63,128,5,115,25,51,107,28,79,95,31,68,39" hai3="86,112,69,103,134,36,6,49,22,85,81,45,42"/><T11/><D116/><U38/><E121/><V61/><F39/><W34/><G112/><T52/><D110/><U19/><E130/><V96/><F128/><W92/><G34/><T33/><D33/><U77/><E38/><V23/><F115/><W117/><G69/><T72/><REACH who="0" step="1"/><D18/><REACH who="0" ten="245,235,255,235" step="2"/><U101/><E109/><V105/><F68/><W93/><G117/><T104/><D104/><U122/><E71/><V106/><F107/><W78/><G134/><T76/><D76/><U82/><E70/><V113/><F106/><W14/><G78/><T26/><D26/><U87/><E32/><V37/><F105/><W3/><G93/><T90/><D90/><U53/><E101/><V108/><F108/><W1/><G92/><T111/><D111/><U64/><E100/><V10/><F113/><W40/><G103/><T30/><D30/><N who="1" m="17775" /><E122/><V58/><F31/><W54/><G81/><T2/><D2/><U88/><E77/><V44/><F79/><W46/><G3/><T124/><D124/><U84/><E126/><V29/><F29/><W74/><G1/><T125/><D125/><U62/><E87/><V20/><F95/><W13/><G86/><T91/><D91/><U102/><E102/><V80/><F80/><W17/><G85/><T65/><AGARI ba="1,3" hai="11,15,16,52,57,60,65,66,72,73,75,89,94,98" machi="65" ten="40,18000,2" yaku="1,1,0,1,52,1,54,2,53,1" doraHai="50" doraHaiUra="4" who="0" fromWho="0" sc="245,213,235,-61,255,-61,235,-61" /><INIT seed="0,2,0,3,5,110" ten="458,174,194,174" oya="0" hai0="100,35,1,10,115,84,104,3,81,46,118,77,15" hai1="76,29,79,43,55,87,117,125,13,41,124,101,95" hai2="48,74,14,105,86,44,68,102,109,126,89,94,24" hai3="54,128,132,111,52,106,92,63,42,45,85,69,98"/><T61/><D35/><U121/><E121/><V11/><F68/><W7/><G111/><T114/><D118/><U62/><E117/><V5/><F74/><W47/><G106/><T75/><D61/><U71/><E29/><V27/><F109/><W58/><G69/><T25/><D25/><U8/><E71/><V19/><F126/><N who="1" m="48745" /><E101/><V18/><F102/><W40/><G128/><T82/><D46/><N who="3" m="17417" /><G132/><T60/><D60/><U72/><E72/><V56/><F56/><N who="3" m="35207" /><G85/><T0/><D100/><U134/><E134/><V38/><F38/><W20/><G7/><T64/><D64/><U130/><E130/><V70/><F70/><W26/><G54/><T28/><D104/><U107/><E107/><V39/><F39/><W112/><G58/><T96/><D96/><U30/><E55/><N who="2" m="30087" /><F105/><W120/><G120/><T17/><D28/><U2/><E30/><V122/><F122/><W91/><G112/><T32/><REACH who="0" step="1"/><D32/><REACH who="0" ten="448,174,194,174" step="2"/><U90/><E62/><V67/><F67/><W31/><AGARI ba="2,1" hai="20,26,31,40,42,91,92,98" m="35207,17417" machi="31" ten="30,2000,0" yaku="8,1,54,1" doraHai="110" who="3" fromWho="3" sc="448,-12,174,-7,194,-7,174,36" /><INIT seed="1,0,0,0,2,86" ten="436,167,187,210" oya="1" hai0="96,3,128,1,71,66,5,47,88,12,52,130,22" hai1="67,56,68,2,64,27,115,45,81,134,135,85,90" hai2="15,58,121,78,63,112,98,44,24,13,101,29,17" hai3="25,55,129,72,7,70,97,102,118,60,117,94,30"/><U131/><E2/><V35/><F112/><W95/><G72/><T74/><D74/><U48/><E115/><V133/><F121/><W6/><G129/><N who="0" m="49771" /><D66/><U75/><E75/><V9/><F133/><N who="1" m="50697" /><E131/><V127/><F127/><W54/><G95/><N who="0" m="56423" /><D71/><U26/><E68/><V20/><F78/><W125/><G125/><T123/><D123/><U111/><E111/><V83/><F83/><W51/><G60/><T110/><D110/><U99/><E99/><V124/><F124/><W11/><G70/><T40/><D52/><N who="1" m="29711" /><E67/><V76/><F44/><W93/><G54/><T49/><D22/><U80/><E80/><V62/><F76/><W53/><G55/><T8/><AGARI ba="0,0" hai="1,3,5,8,12,40,47,49" m="56423,49771" machi="8" ten="30,4000,0" yaku="19,1,52,1,54,1" doraHai="86" who="0" fromWho="0" sc="436,40,167,-20,187,-10,210,-10" /><INIT seed="2,0,0,5,5,30" ten="476,147,177,200" oya="2" hai0="60,72,44,41,106,84,29,8,63,127,104,7,62" hai1="0,112,61,132,13,89,6,34,113,2,31,105,110" hai2="39,124,49,78,50,57,19,114,108,12,9,51,96" hai3="82,87,79,86,131,36,53,77,73,129,115,45,40"/><V103/><F39/><W125/><G125/><T134/><D127/><U14/><E105/><V3/><F3/><N who="1" m="1065" /><E89/><V135/><F135/><W70/><G70/><T71/><D71/><U52/><E61/><V83/><F124/><W27/><G115/><N who="1" m="44106" /><E52/><V128/><F108/><W85/><G77/><T80/><D8/><N who="1" m="4247" /><E132/><V94/><F128/><N who="3" m="49227" /><G27/><T46/><D29/><U123/><E110/><V111/><F111/><W55/><AGARI ba="0,0" hai="36,40,45,53,55,73,79,82,85,86,87" m="49227" machi="55" ten="40,1500,0" yaku="19,1" doraHai="30" who="3" fromWho="3" sc="476,-4,147,-4,177,-7,200,15" /><INIT seed="3,0,0,3,4,45" ten="472,143,170,215" oya="3" hai0="70,49,56,47,59,107,83,29,91,42,33,73,28" hai1="117,122,69,114,17,68,62,6,120,50,100,11,125" hai2="101,20,0,111,37,30,123,39,55,88,86,84,119" hai3="79,48,74,9,66,92,118,64,44,25,16,18,72"/><W97/><G118/><T82/><D70/><U61/><E114/><V116/><F0/><W135/><G135/><T4/><D107/><U3/><E117/><V133/><F101/><W105/><G105/><T53/><D4/><U98/><E125/><V31/><F20/><N who="3" m="13447" /><G74/><T40/><D33/><U124/><E124/><V99/><F99/><W22/><G9/><T7/><D7/><U19/><E120/><V85/><F55/><N who="3" m="30087" /><G79/><T35/><D73/><U103/><E122/><V77/><F86/><W132/><G72/><T93/><D35/><U87/><E87/><V128/><F77/><W34/><G34/><T51/><D40/><U23/><E69/><V36/><F36/><W106/><G106/><T57/><D28/><U10/><E68/><V46/><F123/><W89/><G132/><T54/><D29/><U8/><E6/><V130/><F133/><W21/><G21/><T14/><D14/><AGARI ba="0,0" hai="14,18,22,64,66,89,92,97" m="30087,13447" machi="14" ten="30,5800,0" yaku="8,1,52,1,54,1" doraHai="45" who="3" fromWho="0" sc="472,-58,143,0,170,0,215,58" /><INIT seed="3,1,0,2,5,0" ten="414,143,170,273" oya="3" hai0="118,2,65,38,110,91,66,102,120,104,64,89,117" hai1="121,9,70,97,27,95,93,17,124,7,74,22,57" hai2="90,128,48,96,45,53,29,109,12,119,26,50,134" hai3="75,59,42,108,24,113,112,106,32,43,99,76,69"/><W41/><G69/><T92/><D120/><U72/><E70/><V79/><F119/><W82/><G108/><T1/><D110/><U111/><E121/><V105/><F109/><W122/><G122/><T127/><D127/><U58/><E111/><V133/><F128/><W55/><G106/><T36/><D104/><U62/><E124/><V88/><F79/><W68/><G68/><T129/><D129/><U18/><E18/><V31/><F12/><W20/><G32/><T10/><D102/><U14/><E58/><V5/><F5/><W11/><G99/><T100/><D100/><U107/><E107/><V8/><F8/><W25/><G11/><T19/><D19/><U132/><E132/><N who="2" m="50795" /><F105/><W103/><G103/><T114/><D114/><U63/><E63/><V54/><F96/><W23/><G25/><T47/><D10/><U33/><E33/><N who="2" m="20663" /><F31/><W115/><REACH who="3" step="1"/><G24/><REACH who="3" ten="414,143,170,263" step="2"/><T123/><D123/><U16/><E17/><V3/><F3/><N who="0" m="1034" /><D118/><U44/><E44/><AGARI ba="1,1" hai="44,45,48,50,53,54,88,90" m="20663,50795" machi="44" ten="30,2000,0" yaku="20,1,54,1" doraHai="0" who="2" fromWho="1" sc="414,0,143,-23,170,33,263,0" owari="414,52.0,120,-38.0,203,-20.0,263,6.0" /></mjloggm>