<mjloggm ver="2.3"><GO type="193" lobby="0"/><UN n0="%36%38%31%36%39%30%37%37" n1="%E3%82%A4%E3%83%A1%E3%83%BC%E3%82%B8" n2="%E3%82%A4%E3%82%B7%E3%82%A4%E3%82%B7" n3="%E5%B0%B1%E6%B4%BB%E7%94%9F%40%E5%B7%9D%E6%9D%91%E8%BB%8D%E5%9B%A3" dan="12,11,11,12" rate="1783.16,1862.45,1665.03,1783.20" sx="M,M,M,M"/><TAIKYOKU oya="0"/><INIT seed="0,0,0,4,1,133" ten="250,250,250,250" oya="0" hai0="103,51,21,3,2,78,9,64,13,58,50,107,26" hai1="94,88,108,45,62,112,18,15,118,39,53,128,97" hai2="61,55,38,92,5,90,29,69,31,74,104,110,95" hai3="96,77,116,72,47,109,113,134,100,22,4,1,130"/><T57/><D107/><U132/><E118/><V111/><F104/><W19/><G113/><T86/><D3/><U125/><E132/><V129/><F74/><W93/><G134/><T17/><D2/><U83/><E112/><V60/><F38/><W28/><G130/><T25/><D103/><U32/><E32/><V34/><F5/><W81/><G109/><N who="2" m="41481" /><F129/><W37/><G116/><T106/><D26/><U91/><E128/><V20/><F34/><W82/><G28/><N who="2" m="10825" /><F20/><W42/><G82/><N who="0" m="47447" /><D106/><U11/><E108/><V115/><F115/><W67/><G67/><T14/><D14/><U44/><E39/><V36/><F36/><W87/><G4/><N who="0" m="3239" /><D58/><U10/><E45/><V73/><F73/><W101/><G1/><T8/><D8/><U102/><E11/><V85/><F95/><W24/><G72/><T105/><D105/><U124/><E44/><V46/><F69/><W117/><G117/><T75/><D75/><U43/><E83/><V41/><F41/><W59/><G59/><T12/><D25/><U66/><E43/><V119/><F119/><W27/><G27/><T122/><D122/><U121/><E121/><V99/><F85/><W80/><G80/><T63/><AGARI ba="0,0" hai="12,17,21,50,51,57,63,64" m="3239,47447" machi="63" ten="30,1500,0" yaku="8,1" doraHai="133" who="0" fromWho="0" sc="250,15,250,-5,250,-5,250,-5" /><INIT seed="0,1,0,3,5,75" ten="265,245,245,245" oya="0" hai0="5,43,39,102,36,111,22,80,1,123,67,88,106" hai1="92,63,29,119,116,84,27,110,49,107,8,79,57" hai2="131,64,34,130,26,90,53,82,40,94,6,69,89" hai3="2,98,25,14,50,7,87,76,23,121,133,16,54"/><T109/><D123/><U42/><E107/><V135/><F6/><W28/><G133/><T118/><D118/><U125/><E110/><N who="0" m="41993" /><D67/><U37/><E37/><N who="0" m="14409" /><D43/><U122/><E122/><V126/><F40/><W33/><G121/><T12/><D1/><U124/><E42/><V38/><F38/><W100/><G7/><T132/><D132/><U83/><E49/><V97/><F126/><N who="1" m="48745" /><E8/><V68/><F135/><W91/><G2/><T44/><D44/><U51/><E51/><V105/><F105/><W66/><G66/><T4/><D102/><U60/><E92/><V114/><F53/><W32/><G32/><T120/><D120/><U9/><E9/><V73/><F114/><W101/><G50/><T70/><D70/><U17/><E17/><V72/><F64/><W113/><G113/><T134/><D106/><U77/><E119/><V52/><F52/><W48/><G48/><T13/><D134/><U81/><E116/><V31/><F69/><W96/><G54/><T0/><D0/><U85/><E57/><V99/><F68/><W35/><G35/><AGARI ba="1,0" hai="27,29,35,60,63,77,79,81,83,84,85" m="48745" machi="35" ten="30,3900,0" yaku="18,1,52,2" doraHai="75" who="1" fromWho="3" sc="265,0,245,42,245,0,245,-42" /><INIT seed="1,0,0,0,2,32" ten="265,287,245,203" oya="1" hai0="67,98,109,114,47,43,18,122,21,50,1,49,100" hai1="63,3,78,132,19,0,64,104,135,127,95,90,34" hai2="5,116,81,15,40,30,10,86,31,26,48,117,106" hai3="6,126,39,130,103,62,38,70,69,68,94,51,36"/><U11/><E34/><V9/><F106/><W93/><G6/><T22/><D114/><U92/><E78/><V89/><F31/><W4/><G4/><T85/><D109/><U110/><E127/><V66/><F66/><W112/><G112/><T14/><D122/><U52/><E104/><V129/><F129/><W53/><G130/><T60/><D1/><N who="1" m="587" /><E52/><V77/><F89/><W55/><G126/><T111/><D111/><U79/><E79/><V121/><F121/><W131/><G131/><T124/><D124/><U16/><E11/><V65/><F65/><W82/><G82/><T125/><D125/><U118/><E118/><V123/><F123/><W71/><G103/><T96/><D22/><U101/><E101/><V105/><F105/><W7/><G7/><T59/><D100/><U58/><E95/><V37/><F37/><W8/><G8/><T28/><D85/><N who="1" m="52303" /><E110/><V133/><F10/><W25/><G25/><T108/><D108/><U84/><E84/><V54/><F40/><W80/><G80/><T119/><D119/><U42/><E42/><V75/><F75/><W134/><N who="3" m="17920" /><DORA hai="74" /><W57/><REACH who="3" step="1"/><G134/><AGARI ba="0,0" hai="16,19,58,63,64,132,134,135" m="52303,587" machi="134" ten="30,12000,1" yaku="20,1,52,3,54,1" doraHai="32,74" who="1" fromWho="3" sc="265,0,287,120,245,0,203,-120" /><INIT seed="1,1,0,2,5,52" ten="265,407,245,83" oya="1" hai0="117,63,135,48,51,23,103,5,59,11,15,56,24" hai1="130,66,69,42,2,38,57,83,54,118,132,30,32" hai2="43,67,106,123,8,50,128,79,87,73,116,39,80" hai3="72,120,113,127,104,114,105,1,126,22,62,31,49"/><U64/><E118/><V28/><F116/><W77/><G1/><T20/><D117/><U46/><E2/><V4/><F123/><W91/><G62/><T17/><D135/><U101/><E132/><V84/><F106/><N who="3" m="41067" /><G31/><T78/><D103/><U9/><E130/><V124/><F128/><W98/><G49/><N who="0" m="19019" /><D78/><U90/><E101/><V89/><F124/><N who="3" m="47659" /><G22/><T3/><D3/><U115/><E115/><N who="3" m="44042" /><G120/><T71/><D71/><U33/><E69/><V81/><F67/><W10/><G10/><T0/><D0/><U92/><E32/><V47/><F28/><W19/><G19/><T122/><D122/><U88/><E30/><V121/><F121/><W6/><G6/><T94/><D23/><U12/><E33/><V29/><F29/><W109/><G109/><T18/><D5/><U25/><E25/><V125/><F125/><W85/><G98/><T26/><D63/><U119/><E119/><V107/><F107/><W110/><G110/><T55/><D26/><U45/><E9/><V53/><F8/><W131/><G131/><T44/><D44/><U61/><E46/><V36/><F4/><W75/><G77/><T99/><D55/><U14/><E66/><V13/><F13/><W133/><G133/><T65/><D65/><U111/><E64/><V129/><F129/><W35/><G35/><T68/><D68/><U16/><E111/><V95/><F39/><W86/><G91/><T27/><D27/><U134/><E134/><V37/><F43/><W70/><G70/><T102/><AGARI ba="1,0" hai="11,15,17,18,20,24,56,59,94,99,102" m="19019" machi="102" ten="30,4000,0" yaku="8,1,52,2" doraHai="52" who="0" fromWho="0" sc="265,43,407,-21,245,-11,83,-11" /><INIT seed="2,0,0,0,1,47" ten="308,386,234,72" oya="2" hai0="62,104,96,18,39,90,130,27,74,53,135,123,1" hai1="55,113,13,50,134,120,102,89,32,91,48,98,4" hai2="52,106,30,58,111,85,69,22,36,67,5,129,11" hai3="16,107,128,103,20,71,77,64,93,60,87,45,63"/><V12/><F129/><W101/><G107/><T7/><D123/><U65/><E32/><V61/><F106/><W26/><G128/><T76/><D130/><U44/><E113/><V82/><F111/><W127/><G127/><T9/><D39/><U72/><E72/><V15/><F36/><W122/><G122/><T19/><D135/><U132/><E65/><V34/><F34/><W25/><G25/><T97/><D74/><U0/><E0/><V29/><F15/><W37/><G63/><T24/><D76/><U14/><E120/><V17/><F69/><W70/><G70/><T119/><D119/><U56/><E4/><V80/><F67/><W59/><G71/><T66/><D66/><U118/><E118/><V46/><F46/><W83/><REACH who="3" step="1"/><G93/><REACH who="3" ten="308,386,234,62" step="2"/><N who="0" m="56375" /><D27/><U3/><E134/><V6/><F82/><W49/><G49/><T2/><D104/><U124/><E50/><V8/><F8/><W73/><G73/><T88/><D88/><U125/><E91/><N who="2" m="51623" /><F11/><W21/><G21/><N who="0" m="13367" /><D9/><U117/><E132/><V99/><F99/><W121/><G121/><T108/><D97/><U92/><E98/><V115/><F115/><W131/><G131/><T68/><D68/><U133/><E125/><V94/><F94/><W84/><G84/><T126/><D126/><U79/><E92/><V10/><F10/><W81/><G81/><T78/><D78/><U38/><E79/><V43/><F43/><AGARI ba="0,1" hai="16,20,26,37,43,45,59,60,64,77,83,87,101,103" machi="43" ten="40,2600,0" yaku="1,1,54,1,53,0" doraHai="47" doraHaiUra="31" who="3" fromWho="2" sc="308,0,386,0,234,-26,62,36" /><INIT seed="3,0,0,3,2,41" ten="308,386,208,98" oya="3" hai0="85,87,100,128,8,127,4,130,104,42,3,60,45" hai1="73,46,70,126,30,71,33,103,12,43,31,77,117" hai2="113,88,25,16,26,122,53,112,123,81,114,39,28" hai3="91,17,115,58,75,2,76,111,9,95,107,66,44"/><W74/><G107/><T78/><D127/><U18/><E126/><V106/><F106/><W109/><G115/><T35/><D35/><U51/><E117/><V22/><F39/><W50/><G76/><T52/><D100/><U96/><E31/><V125/><F88/><W132/><G132/><T116/><D104/><U62/><E103/><V101/><F53/><W55/><G66/><T124/><D124/><U90/><E62/><V14/><F81/><W38/><G38/><N who="0" m="21719" /><D78/><U40/><E40/><V56/><F56/><W93/><G58/><N who="0" m="34887" /><D116/><U84/><E96/><V47/><F47/><W11/><G93/><T65/><D65/><U82/><E30/><V13/><F101/><W32/><G32/><T6/><D6/><U34/><E33/><N who="2" m="20623" /><F125/><W15/><G9/><T129/><AGARI ba="0,0" hai="3,4,8,85,87,128,129,130" m="34887,21719" machi="129" ten="30,4000,0" yaku="19,1,52,1,54,1" doraHai="41" who="0" fromWho="0" sc="308,40,386,-10,208,-10,98,-20" owari="348,15.0,376,47.0,198,-20.0,78,-42.0" /></mjloggm>