<mjloggm ver="2.3"><GO type="97" lobby="0"/><UN n0="%E3%81%9F%E3%81%8F%E3%82%8D%E3%83%BC" n1="%E6%A1%9C%E7%AB%9C%E2%80%A0%E3%82%BF%E3%83%9E" n2="%E3%83%96%E3%83%AD%E3%83%87%E3%82%A3" n3="%E3%82%A6%E3%83%AB%E3%83%88%E3%83%A9%E7%AB%8B%E7%9B%B4" dan="14,15,14,15" rate="1929.39,2059.75,1903.76,2078.59" sx="M,M,M,M"/><TAIKYOKU oya="0"/><INIT seed="0,0,0,2,4,121" ten="250,250,250,250" oya="0" hai0="27,77,106,88,109,116,92,97,48,111,31,132,124" hai1="6,120,103,133,25,107,81,23,87,135,55,43,15" hai2="0,66,69,36,129,28,85,110,96,115,2,94,17" hai3="49,1,12,33,50,89,112,8,62,83,4,93,9"/><T86/><D116/><U32/><E120/><V45/><F115/><W52/><G33/><T95/><D48/><U90/><E32/><V3/><F129/><W122/><G112/><T80/><D27/><U53/><E43/><V34/><F85/><W61/><G83/><T44/><D44/><U29/><E6/><V127/><F17/><W51/><G122/><T100/><D31/><U11/><E11/><V105/><F127/><W42/><G42/><T57/><D57/><U117/><E15/><V68/><F94/><W54/><G8/><T16/><D16/><U40/><E40/><N who="2" m="22663" /><F96/><W10/><G10/><T123/><D123/><U47/><E117/><V98/><F98/><W63/><REACH who="3" step="1"/><G1/><REACH who="3" ten="250,250,250,240" step="2"/><T64/><D124/><U72/><E81/><V24/><F105/><W113/><G113/><T5/><D5/><U84/><E107/><V56/><F2/><W131/><G131/><T39/><D39/><U118/><E118/><V130/><F130/><W60/><N who="3" m="15872" /><DORA hai="38" /><W108/><G108/><N who="0" m="41547" /><D64/><U74/><E133/><V67/><F66/><W21/><G21/><T65/><D65/><U71/><E23/><V13/><F67/><W26/><G26/><T119/><D119/><U104/><E25/><V128/><F24/><W58/><G58/><T41/><D41/><U79/><E104/><V19/><F110/><W75/><G75/><N who="0" m="43071" /><D106/><U76/><E135/><AGARI ba="0,1" hai="86,88,92,95,97,100,132,135" m="43071,41547" machi="135" ten="30,24000,3" yaku="14,1,10,1,34,2,52,3,54,1" doraHai="121,38" who="0" fromWho="1" sc="250,250,250,-240,250,0,240,0" /><INIT seed="0,1,0,5,5,86" ten="500,10,250,240" oya="0" hai0="46,10,88,3,22,80,25,40,125,7,114,34,87" hai1="66,76,102,123,100,21,67,124,121,129,126,28,35" hai2="119,54,115,13,106,91,6,96,56,23,98,73,57" hai3="38,31,16,101,39,85,24,75,42,9,72,26,0"/><T79/><D114/><U104/><E35/><V27/><F73/><W50/><G101/><N who="1" m="39018" /><E104/><V74/><F106/><W92/><G75/><T127/><D34/><U65/><E76/><V4/><F74/><W8/><G72/><T82/><D79/><U53/><E53/><V113/><F119/><W41/><G39/><T52/><D82/><U118/><E118/><V134/><F134/><W112/><G38/><T120/><D120/><N who="1" m="46155" /><E21/><V19/><F115/><W2/><G31/><T83/><D83/><U49/><E49/><V110/><F113/><W71/><G50/><T89/><D89/><U12/><E12/><V36/><F36/><W64/><G112/><T11/><D11/><U30/><E129/><V51/><F110/><W109/><G109/><T90/><D90/><U29/><AGARI ba="1,0" hai="28,29,30,65,66,67,124,126" m="46155,39018" machi="29" ten="40,8000,1" yaku="28,2,26,2" doraHai="86" who="1" fromWho="1" sc="500,-41,10,83,250,-21,240,-21" /><INIT seed="1,0,0,2,1,27" ten="459,93,229,219" oya="1" hai0="14,5,80,66,22,45,15,2,69,12,93,107,104" hai1="132,50,34,51,42,47,76,43,3,109,36,9,16" hai2="20,123,28,128,55,112,17,90,134,84,44,100,0" hai3="82,39,75,77,18,106,13,48,133,74,129,25,72"/><U67/><E34/><V62/><F123/><W87/><G39/><T71/><D45/><U118/><E118/><V73/><F0/><W41/><G129/><T91/><D80/><U10/><E132/><V85/><F73/><W98/><G133/><T94/><D22/><U102/><E102/><V29/><F134/><W111/><G25/><T119/><D119/><U23/><E67/><V92/><F128/><W95/><G111/><T37/><D37/><U11/><E109/><V86/><F100/><W40/><G48/><T35/><D35/><U7/><E76/><V122/><F122/><W105/><G41/><T88/><D2/><U61/><E61/><V113/><F112/><W33/><G40/><T56/><D5/><U57/><E36/><V68/><F68/><N who="0" m="26186" /><D56/><U63/><E63/><V114/><F113/><W59/><G59/><T130/><D66/><U1/><E1/><V127/><F114/><W8/><G33/><T117/><D117/><U79/><E79/><V120/><F120/><W19/><G19/><T24/><D24/><U99/><E99/><N who="2" m="57751" /><F127/><W101/><AGARI ba="0,0" hai="8,13,18,72,74,75,77,82,87,95,98,101,105,106" machi="101" ten="30,1100,0" yaku="0,1" doraHai="27" who="3" fromWho="3" sc="459,-3,93,-5,229,-3,219,11" /><INIT seed="2,0,0,2,1,61" ten="456,88,226,230" oya="2" hai0="88,52,23,77,51,50,104,27,64,93,107,60,114" hai1="38,76,87,86,89,117,37,29,8,85,135,25,69" hai2="106,113,26,9,110,12,102,58,57,98,46,67,78" hai3="10,16,112,103,0,95,34,3,108,48,70,56,39"/><V122/><F122/><W97/><G39/><T7/><D114/><U22/><E117/><V109/><F113/><W15/><G112/><T134/><D77/><U132/><E76/><V115/><F115/><W91/><G34/><T31/><D7/><U24/><E8/><V20/><F46/><W94/><G70/><T130/><D130/><U47/><E69/><V123/><F78/><W32/><G32/><T126/><D126/><U81/><E81/><V90/><F90/><W80/><G108/><N who="2" m="41577" /><F123/><W18/><G80/><T1/><D1/><U82/><E82/><V53/><F67/><W45/><G56/><T127/><D127/><U4/><E4/><N who="2" m="3111" /><F53/><W17/><G0/><T99/><D134/><U66/><E66/><V84/><F84/><N who="1" m="21505" /><U116/><DORA hai="105" /><E116/><V49/><F49/><W73/><G3/><T19/><D51/><U128/><E128/><V40/><F40/><N who="3" m="24615" /><G73/><T28/><D107/><U131/><E131/><V129/><F129/><W43/><G43/><T41/><D104/><U42/><E89/><V133/><F133/><N who="1" m="51273" /><E25/><V6/><F6/><N who="3" m="3543" /><G95/><T119/><D41/><U55/><E55/><V65/><F65/><W68/><G68/><T62/><D119/><U71/><E71/><V63/><F63/><N who="0" m="24106" /><D64/><U101/><E101/><AGARI ba="0,0" hai="16,17,18,91,94,97,101,103" m="3543,24615" machi="101" ten="30,2000,0" yaku="8,1,54,1" doraHai="61,105" who="3" fromWho="1" sc="456,0,88,-20,226,0,230,20" /><INIT seed="3,0,0,3,4,81" ten="456,68,226,250" oya="3" hai0="74,60,47,40,123,31,77,17,9,117,18,68,120" hai1="109,61,113,22,133,6,10,29,64,71,107,43,53" hai2="23,11,32,58,75,14,44,20,16,108,97,42,55" hai3="82,101,111,12,129,5,33,116,118,125,57,89,66"/><W122/><G33/><T96/><D117/><U127/><E109/><V102/><F75/><W112/><G122/><T28/><D96/><U114/><E107/><V90/><F32/><W85/><G112/><T72/><D68/><U67/><E29/><V48/><F108/><W41/><G111/><T105/><D105/><U45/><E22/><V0/><F90/><W13/><G118/><T63/><D77/><U100/><E100/><V86/><F86/><W30/><G116/><T50/><D9/><U38/><E10/><V93/><REACH who="2" step="1"/><F0/><REACH who="2" ten="456,68,216,250" step="2"/><W7/><G125/><T65/><D74/><U98/><E98/><V110/><F110/><W91/><G129/><T2/><D72/><U19/><E127/><V115/><F115/><W34/><G101/><T56/><D2/><U51/><E19/><V69/><F69/><W80/><G34/><T46/><D123/><U124/><E6/><N who="3" m="2058" /><G30/><N who="0" m="11307" /><D120/><U70/><E124/><V131/><F131/><W128/><G128/><T130/><D130/><U52/><E133/><V15/><F15/><W134/><G134/><T37/><D37/><AGARI ba="0,1" hai="11,14,16,20,23,37,42,44,48,55,58,93,97,102" machi="37" ten="30,3900,0" yaku="1,1,7,1,54,1,53,0" doraHai="81" doraHaiUra="119" who="2" fromWho="0" sc="456,-39,68,0,216,49,250,0" owari="417,51.0,68,-43.0,265,7.0,250,-15.0" /></mjloggm>