<mjloggm ver="2.3"><GO type="97" lobby="0"/><UN n0="%E3%83%81%E3%83%A3%E3%82%A4%E3%82%B8" n1="%45%4C%4C%45%31%31%31%31" n2="%E5%8A%A0%E8%97%A4%E8%82%A9" n3="%E3%82%A6%E3%83%AB%E3%83%88%E3%83%A9%E7%AB%8B%E7%9B%B4" dan="13,13,13,13" rate="1910.30,1872.10,1909.45,1849.52" sx="M,M,M,M"/><TAIKYOKU oya="0"/><INIT seed="0,0,0,4,1,117" ten="250,250,250,250" oya="0" hai0="1,15,122,82,4,26,129,88,84,104,81,123,19" hai1="16,97,125,115,60,119,6,30,21,83,58,111,49" hai2="11,34,114,40,22,103,118,128,113,71,51,57,63" hai3="37,76,107,109,47,28,27,46,96,134,116,89,67"/><T0/><D104/><U3/><E119/><V64/><F118/><W45/><G116/><T43/><D43/><U133/><E115/><V66/><F34/><W18/><G134/><T14/><D129/><U31/><E133/><V32/><F32/><W50/><G109/><T13/><D81/><U36/><E36/><V79/><F79/><W78/><G37/><T53/><D4/><U72/><E111/><V90/><F128/><W24/><G67/><T86/><D86/><U25/><E125/><V124/><F124/><W120/><G18/><T69/><D69/><U68/><E68/><V33/><F33/><W80/><G50/><T70/><D70/><U48/><E3/><V105/><F22/><W98/><G28/><N who="1" m="10794" /><E6/><V110/><F110/><W41/><G41/><T10/><D26/><U38/><E38/><V74/><F90/><W126/><G89/><T95/><D95/><U75/><E75/><V12/><F74/><W54/><G27/><T102/><D102/><U106/><E106/><V101/><F105/><W135/><G24/><T7/><D1/><U132/><E132/><V131/><F131/><W29/><G135/><T23/><D53/><N who="1" m="33871" /><E97/><V87/><F71/><W42/><G98/><T2/><D2/><U73/><E73/><V17/><F114/><W65/><G96/><T35/><D35/><U59/><E59/><V93/><F113/><W8/><G107/><T127/><D127/><U56/><E56/><V5/><F5/><W85/><G126/><T100/><D100/><U94/><E94/><V99/><F103/><W44/><N who="3" m="11264" /><DORA hai="55" /><W112/><G112/><RYUUKYOKU ba="0,0" sc="250,15,250,15,250,-15,250,-15" hai0="0,7,10,13,14,15,19,23,82,84,88,122,123" hai1="16,21,25,48,49,72,83" /><INIT seed="0,1,0,0,4,53" ten="265,265,235,235" oya="0" hai0="69,61,122,72,115,116,50,94,88,13,128,104,105" hai1="78,81,12,25,51,44,40,46,21,110,23,4,70" hai2="123,11,5,86,125,60,22,38,119,33,67,93,17" hai3="84,109,134,30,65,56,95,107,1,131,62,47,73"/><T42/><D122/><U118/><E70/><V80/><F38/><W34/><G73/><T71/><D116/><U87/><E118/><V45/><F33/><W6/><G107/><T79/><D115/><U101/><E110/><V20/><F123/><W58/><G109/><T68/><D128/><U49/><E101/><V59/><F119/><W77/><G131/><T120/><D120/><U31/><E4/><V7/><F125/><W126/><G126/><T18/><D79/><U82/><E82/><V41/><F93/><W133/><G47/><T102/><D102/><U2/><E2/><V127/><F127/><W36/><G36/><T55/><D72/><U27/><E12/><V91/><F11/><N who="3" m="2511" /><G30/><T26/><D42/><U66/><E66/><V54/><F41/><W52/><G34/><T0/><D61/><U103/><E103/><V74/><F22/><N who="1" m="8201" /><E31/><V29/><F29/><W132/><G77/><T117/><D26/><U9/><E9/><V100/><F100/><W85/><G95/><T43/><D43/><AGARI ba="1,0" hai="25,27,40,43,44,46,49,51,78,81,87" m="8201" machi="43" ten="30,1000,0" yaku="8,1" doraHai="53" who="1" fromWho="0" sc="265,-13,265,13,235,0,235,0" /><INIT seed="1,0,0,4,1,134" ten="252,278,235,235" oya="1" hai0="43,32,29,102,104,113,51,111,75,28,121,9,124" hai1="85,101,112,59,100,99,42,38,71,11,25,79,133" hai2="34,21,84,63,116,109,131,14,44,10,23,94,31" hai3="4,132,122,90,36,88,66,110,48,107,95,98,126"/><U93/><E71/><V114/><F116/><W39/><G107/><T106/><D75/><U125/><E112/><V7/><F114/><W3/><G122/><T77/><D77/><U58/><E133/><V61/><F109/><W103/><G132/><T105/><D111/><U118/><E118/><V108/><F131/><W72/><G110/><T129/><D113/><U69/><E69/><V1/><F108/><W0/><G72/><T26/><D129/><U117/><E117/><V56/><F44/><W65/><G48/><T40/><D29/><U16/><E38/><V22/><F63/><W119/><G119/><T87/><D121/><U54/><E42/><V49/><F49/><W41/><G41/><T37/><D37/><U8/><E125/><V128/><F128/><W92/><G103/><T130/><D130/><U120/><E120/><V89/><F34/><W13/><G13/><T24/><D24/><U80/><E59/><V81/><F31/><W64/><G126/><T57/><D124/><U68/><E68/><V19/><REACH who="2" step="1"/><F81/><REACH who="2" ten="252,278,225,235" step="2"/><W35/><G35/><T60/><D51/><N who="1" m="31071" /><E101/><V55/><AGARI ba="0,1" hai="1,7,10,14,19,21,22,23,55,56,61,84,89,94" machi="55" ten="20,2700,0" yaku="1,1,0,1,7,1,53,0" doraHai="134" doraHaiUra="47" who="2" fromWho="2" sc="252,-7,278,-13,225,37,235,-7" /><INIT seed="2,0,0,5,4,126" ten="245,265,262,228" oya="2" hai0="0,112,92,118,23,47,5,68,33,10,104,4,125" hai1="79,61,117,124,120,60,87,62,13,6,132,44,135" hai2="99,26,14,134,121,130,114,8,85,59,28,81,96" hai3="78,52,49,3,30,108,110,100,7,122,9,127,36"/><V24/><F121/><W111/><G36/><T42/><D68/><U116/><E6/><V88/><F114/><W56/><G122/><T74/><D104/><U22/><E120/><V16/><F134/><N who="1" m="51241" /><E13/><V131/><F59/><W97/><G78/><T105/><D105/><U98/><E22/><V101/><F101/><W103/><G127/><T25/><D5/><U34/><E34/><V40/><F40/><W107/><G30/><T77/><D125/><U1/><E124/><V86/><F86/><W64/><G64/><T71/><D71/><U55/><E1/><V75/><F75/><W93/><G107/><T94/><D112/><U46/><E98/><N who="2" m="37419" /><F28/><W83/><G83/><N who="0" m="45495" /><D33/><U128/><E87/><V31/><F31/><W80/><G80/><T72/><D72/><U18/><E18/><V19/><F19/><W15/><G3/><T82/><D82/><U73/><E73/><V113/><F113/><W102/><AGARI ba="0,0" hai="7,9,15,49,52,56,93,97,100,102,103,108,110,111" machi="102" ten="40,5200,0" yaku="0,1,14,1,54,1" doraHai="126" who="3" fromWho="3" sc="245,-13,265,-13,262,-26,228,52" /><INIT seed="3,0,0,4,5,62" ten="232,252,236,280" oya="3" hai0="70,55,135,129,102,34,88,69,103,123,51,131,113" hai1="17,48,2,15,0,132,41,115,18,80,21,97,79" hai2="63,74,5,25,59,84,65,105,57,72,112,29,46" hai3="31,86,116,134,71,40,98,6,16,91,93,39,52"/><W75/><G75/><T66/><D123/><U117/><E115/><V127/><F105/><W42/><G116/><T89/><D113/><U101/><E117/><V73/><F112/><W3/><G3/><T23/><D34/><U107/><E132/><V128/><F128/><N who="0" m="49226" /><D135/><U53/><E41/><N who="3" m="15978" /><G71/><N who="0" m="27147" /><D23/><U82/><E18/><V43/><F127/><W33/><G39/><T1/><D1/><U124/><E124/><V125/><F125/><W4/><G31/><T92/><D66/><U26/><E26/><V77/><F59/><W35/><G35/><T96/><D102/><U44/><REACH who="1" step="1"/><E80/><REACH who="1" ten="232,242,236,280" step="2"/><V14/><F5/><W32/><G6/><T83/><D83/><U95/><E95/><V120/><F120/><W11/><G4/><T19/><D19/><U111/><E111/><V22/><F14/><W47/><G134/><T12/><D12/><U49/><E49/><V110/><F110/><W126/><G126/><T68/><D68/><U67/><E67/><V119/><F119/><W45/><G16/><T60/><D60/><U38/><E38/><V109/><F109/><W78/><G11/><T13/><D13/><U122/><E122/><V61/><F61/><W99/><G93/><T121/><D121/><U76/><E76/><V106/><F106/><W8/><G78/><T10/><D10/><U90/><E90/><V58/><F58/><AGARI ba="0,1" hai="51,55,58,88,89,92,96,103" m="27147,49226" machi="58" ten="30,2000,0" yaku="19,1,54,1" doraHai="62" who="0" fromWho="2" sc="232,30,242,0,236,-20,280,0" /><INIT seed="4,0,0,3,5,116" ten="262,242,216,280" oya="0" hai0="103,121,129,131,17,53,115,72,66,30,46,21,128" hai1="133,77,135,89,104,90,123,130,119,25,10,51,132" hai2="94,55,68,29,93,56,40,36,9,62,105,86,18" hai3="73,11,37,70,58,85,20,35,117,99,8,82,14"/><T57/><D121/><U84/><E104/><V124/><F105/><W114/><G70/><T4/><D72/><U15/><E119/><V63/><F124/><W31/><G37/><T88/><D103/><U87/><E25/><V110/><F110/><W80/><G114/><T3/><D115/><U127/><E51/><V24/><F68/><W34/><G34/><T76/><D76/><U61/><E61/><V28/><F36/><W42/><G35/><T111/><D111/><U54/><E54/><V27/><F40/><W48/><G73/><T12/><D30/><N who="2" m="11882" /><F63/><W92/><G117/><T71/><D46/><U122/><E127/><V134/><F134/><W125/><G125/><T49/><D71/><U38/><E38/><V126/><F126/><W23/><G23/><T50/><D66/><U98/><E130/><V33/><F33/><W7/><G11/><N who="0" m="2463" /><D88/><N who="1" m="33899" /><E77/><V2/><F2/><W52/><G85/><N who="1" m="32842" /><E98/><V75/><F86/><W81/><G42/><T13/><D13/><U26/><E26/><N who="2" m="9771" /><F75/><W1/><G1/><T67/><D67/><U112/><E112/><V95/><F9/><W41/><G41/><T19/><D50/><U44/><E44/><V113/><F113/><W118/><G118/><T60/><D49/><U64/><E64/><V32/><F32/><W83/><N who="3" m="20480" /><DORA hai="96" /><W22/><G31/><T107/><D107/><U100/><E100/><AGARI ba="0,0" hai="7,8,14,20,22,48,52,58,92,99,100" m="20480" machi="100" ten="50,6400,0" yaku="8,1,52,1,54,1" doraHai="116,96" who="3" fromWho="1" sc="262,0,242,-64,216,0,280,64" owari="262,6.0,178,-32.0,216,-18.0,344,44.0" /></mjloggm>