<mjloggm ver="2.3"><GO type="97" lobby="0"/><UN n0="%E6%98%8E%E6%97%A5%E5%A4%AA%E6%9C%97" n1="%E2%99%AA%E3%82%A2%E3%83%AB%E3%83%95%E3%82%A9%E3%83%BC%E3%83%88%E2%99%AA" n2="%E3%82%A6%E3%83%AB%E3%83%88%E3%83%A9%E7%AB%8B%E7%9B%B4" n3="%66%75%75%72%69%6E" dan="14,13,14,14" rate="1971.99,1905.66,1951.23,1993.83" sx="M,M,M,F"/><TAIKYOKU oya="0"/><INIT seed="0,0,0,4,0,49" ten="250,250,250,250" oya="0" hai0="64,123,50,45,102,93,124,78,37,62,44,22,59" hai1="131,60,86,19,25,87,66,61,0,101,14,18,12" hai2="114,9,77,84,122,63,81,32,88,74,16,24,15" hai3="7,5,107,10,99,125,68,20,38,129,1,121,46"/><T51/><D123/><U43/><E0/><V132/><F114/><W3/><G125/><T13/><D124/><U73/><E131/><V95/><F132/><W34/><G129/><T53/><D37/><U108/><E73/><V54/><F122/><W135/><G135/><T69/><D78/><U134/><E134/><V57/><F32/><W128/><G128/><T79/><D79/><U96/><E108/><V117/><REACH who="2" step="1"/><F24/><REACH who="2" ten="250,250,240,250" step="2"/><W120/><G34/><T111/><D111/><U103/><E25/><V72/><F72/><W83/><G120/><T33/><D33/><U71/><E43/><V98/><F98/><W58/><G99/><N who="0" m="59759" /><D50/><U89/><E103/><V133/><F133/><W36/><G121/><T41/><D41/><U39/><E39/><V47/><F47/><W105/><G46/><T23/><D13/><U109/><E109/><V113/><F113/><W29/><G38/><T30/><D45/><U82/><E87/><V115/><F115/><W104/><G36/><T40/><D69/><U26/><E26/><V106/><F106/><W127/><G68/><T126/><D126/><U85/><E85/><V92/><F92/><W110/><G127/><T21/><D40/><U11/><E14/><V97/><F97/><W27/><G110/><T80/><D80/><U35/><E35/><V48/><F48/><W42/><G83/><T31/><AGARI ba="0,1" hai="21,22,23,30,31,44,51,53,59,62,64" m="59759" machi="31" ten="30,3000,0" yaku="8,1,52,1" doraHai="49" who="0" fromWho="0" sc="250,40,250,-10,240,-10,250,-10" /><INIT seed="0,1,0,1,5,16" ten="290,240,230,240" oya="0" hai0="133,52,129,32,39,17,15,132,64,22,69,24,28" hai1="61,0,42,86,93,3,91,55,33,125,106,18,71" hai2="103,108,119,72,2,109,73,84,60,88,100,38,53" hai3="120,43,31,45,98,47,26,104,1,95,68,46,57"/><T9/><D129/><U20/><E33/><V13/><F2/><W130/><G130/><T4/><D39/><U126/><E106/><V115/><F38/><W85/><G68/><T50/><D69/><U107/><E107/><V127/><F13/><W92/><G1/><N who="0" m="143" /><D64/><N who="1" m="41359" /><E42/><V25/><F25/><W48/><G120/><T36/><D36/><U131/><E55/><V27/><F27/><W77/><G104/><T6/><D6/><U12/><E131/><V23/><F23/><N who="3" m="15839" /><G98/><T74/><D74/><N who="2" m="28778" /><F60/><W87/><G77/><T62/><D62/><U123/><E123/><V76/><F53/><N who="3" m="31911" /><G43/><T7/><D7/><U54/><E54/><V5/><F5/><W89/><G89/><T51/><D51/><U44/><E44/><AGARI ba="1,0" hai="15,17,22,24,28,32,44,50,52,132,133" m="143" machi="44" ten="30,5800,0" yaku="24,1,52,1,54,1" doraHai="16" who="0" fromWho="1" sc="290,61,240,-61,230,0,240,0" /><INIT seed="0,2,0,1,0,1" ten="351,179,230,240" oya="0" hai0="118,107,59,73,34,117,5,56,37,85,105,6,90" hai1="76,94,102,108,92,98,15,21,79,54,125,19,95" hai2="106,25,40,64,7,31,46,30,12,127,86,99,123" hai3="2,47,48,109,129,89,58,77,42,84,130,122,33"/><T13/><D37/><U110/><E125/><V133/><F123/><W22/><G109/><T11/><D34/><U57/><E110/><V4/><F106/><N who="0" m="40458" /><D73/><U52/><E108/><V119/><F127/><W23/><G33/><T124/><D124/><U63/><REACH who="1" step="1"/><E54/><REACH who="1" ten="351,169,230,240" step="2"/><V69/><F119/><W61/><G122/><T103/><D118/><U8/><E8/><V45/><F133/><W36/><G36/><T75/><D11/><U50/><E50/><V91/><F64/><W112/><G112/><T135/><D117/><U16/><E16/><V126/><F126/><W53/><G77/><AGARI ba="2,1" hai="15,19,21,52,57,63,76,77,79,92,94,95,98,102" machi="77" ten="40,8000,1" yaku="1,1,8,1,54,1,53,1" doraHai="1" doraHaiUra="17" who="1" fromWho="3" sc="351,0,169,96,230,0,240,-86" /><INIT seed="1,0,0,0,0,29" ten="351,265,230,154" oya="1" hai0="8,121,110,78,6,104,72,77,35,71,9,15,60" hai1="23,13,90,135,119,58,5,92,41,57,10,3,37" hai2="87,82,49,47,88,56,111,105,54,62,115,85,93" hai3="1,55,129,107,39,76,89,131,68,24,52,95,101"/><U128/><E119/><V117/><F105/><W98/><G68/><T108/><D121/><U83/><E135/><V14/><F111/><N who="0" m="42538" /><D104/><U99/><E128/><N who="3" m="49226" /><G39/><T51/><D35/><U84/><E37/><V27/><F117/><W38/><G38/><T20/><D71/><U19/><REACH who="1" step="1"/><E41/><REACH who="1" ten="351,255,230,154" step="2"/><V91/><F115/><W86/><G1/><T40/><D40/><U59/><E59/><V67/><F14/><W18/><G76/><AGARI ba="0,1" hai="3,5,10,13,19,23,57,58,76,83,84,90,92,99" machi="76" ten="30,5800,0" yaku="1,1,7,1,53,1" doraHai="29" doraHaiUra="74" who="1" fromWho="3" sc="351,0,255,68,230,0,154,-58" /><INIT seed="1,1,0,1,2,33" ten="351,323,230,96" oya="1" hai0="63,84,65,34,55,10,67,130,92,37,27,83,18" hai1="59,64,73,40,26,131,132,110,119,53,102,50,11" hai2="121,72,51,78,30,2,109,31,135,9,0,5,100" hai3="97,120,17,114,13,16,36,39,76,125,57,41,74"/><U134/><E119/><V85/><F51/><W77/><G120/><T111/><D111/><U127/><E73/><V29/><F85/><W60/><G114/><T49/><D130/><U124/><E110/><V112/><F100/><W46/><G125/><N who="1" m="48202" /><E102/><V69/><F69/><W88/><G39/><T98/><D37/><U71/><E26/><V115/><F78/><W99/><G99/><T25/><D34/><U87/><E87/><V95/><F95/><W108/><G108/><T20/><D10/><U12/><E40/><V44/><F44/><W101/><G101/><N who="0" m="60615" /><D27/><U123/><E123/><V93/><F93/><W58/><G58/><N who="0" m="33135" /><D63/><N who="1" m="40351" /><E131/><V94/><F72/><W61/><G61/><T80/><D80/><U1/><E1/><N who="2" m="175" /><F94/><W21/><G17/><AGARI ba="1,0" hai="11,12,17,50,53,59,132,134" m="40351,48202" machi="17" ten="30,1500,0" yaku="18,1" doraHai="33" who="1" fromWho="3" sc="351,0,323,18,230,0,96,-18" /><INIT seed="1,2,0,2,4,61" ten="351,341,230,78" oya="1" hai0="65,23,38,48,122,5,135,59,0,74,36,25,62" hai1="97,54,55,102,26,125,118,87,117,93,33,70,101" hai2="50,12,108,129,131,44,31,35,115,82,34,91,96" hai3="130,75,45,9,40,19,53,85,30,119,69,37,3"/><U43/><E125/><V14/><F108/><W73/><G130/><N who="2" m="49673" /><F115/><W32/><G85/><T2/><D122/><U17/><E102/><V110/><F110/><W6/><G119/><T98/><D135/><U56/><E43/><V92/><F82/><W104/><G53/><T128/><D128/><U78/><E70/><V123/><F123/><W100/><G19/><T77/><D74/><U80/><E55/><V111/><F111/><W134/><G134/><T67/><D77/><U7/><E7/><V46/><F46/><W121/><G121/><T126/><D126/><U88/><E101/><V49/><F49/><W28/><G28/><T42/><D67/><U15/><E33/><N who="2" m="12299" /><F31/><W113/><G113/><T10/><D0/><U79/><E78/><V127/><F44/><W11/><G11/><T83/><D83/><U107/><E107/><V29/><F127/><W116/><G116/><T84/><D84/><U124/><E124/><V133/><F133/><W4/><G4/><T41/><D98/><U106/><E106/><V71/><F71/><W132/><G132/><T86/><D86/><U109/><E109/><V99/><F29/><W114/><G114/><T47/><D41/><U94/><E93/><N who="2" m="56383" /><F50/><W39/><G39/><T51/><D51/><U120/><E120/><V63/><F63/><W103/><G69/><T18/><AGARI ba="2,0" hai="2,5,10,18,23,25,36,38,42,47,48,59,62,65" machi="18" ten="20,2700,0" yaku="0,1,7,1,52,1" doraHai="61" who="0" fromWho="0" sc="351,33,341,-15,230,-9,78,-9" /><INIT seed="2,0,0,3,4,79" ten="384,326,221,69" oya="2" hai0="58,22,34,51,127,28,5,102,135,67,125,77,56" hai1="119,35,126,62,29,38,46,4,53,133,131,31,122" hai2="15,50,24,111,70,116,120,100,123,49,16,8,25" hai3="128,96,39,80,36,3,40,20,81,43,76,129,71"/><V84/><F70/><W82/><G3/><T47/><D135/><U89/><E131/><N who="3" m="50250" /><G71/><T124/><D34/><U74/><E119/><V68/><F68/><W14/><G76/><T30/><D77/><U59/><E74/><V91/><F116/><W108/><G108/><T57/><D102/><U106/><E133/><V121/><F100/><W6/><G96/><T85/><D67/><U78/><E78/><V13/><F111/><W1/><G1/><T98/><D98/><U2/><E126/><V87/><F15/><W115/><G115/><T93/><D5/><U26/><E31/><N who="0" m="11817" /><D22/><U45/><E122/><V54/><F87/><W90/><G90/><N who="0" m="53455" /><D58/><U9/><E106/><V88/><F91/><W18/><G6/><T65/><D65/><U113/><E113/><V44/><REACH who="2" step="1"/><F49/><REACH who="2" ten="384,326,211,69" step="2"/><W109/><G109/><T7/><D127/><U11/><E38/><AGARI ba="0,1" hai="14,18,20,36,38,39,40,43,80,81,82" m="50250" machi="38" ten="40,8000,1" yaku="19,1,52,3" doraHai="79" who="3" fromWho="1" sc="384,0,326,-80,211,0,69,90" /><INIT seed="3,0,0,3,0,129" ten="384,246,211,159" oya="3" hai0="8,105,51,78,79,7,70,83,34,80,29,14,45" hai1="75,27,4,42,92,94,76,36,35,89,64,126,57" hai2="10,100,91,69,59,68,2,103,119,19,87,73,11" hai3="66,48,38,85,131,72,31,111,22,44,112,71,13"/><W6/><G112/><T5/><D105/><U121/><E121/><V134/><F73/><W86/><G72/><T110/><D110/><U109/><E109/><V98/><F119/><W30/><G131/><T125/><D125/><U95/><E126/><V77/><F77/><W101/><G111/><T37/><D70/><U115/><E115/><V61/><F68/><W108/><G38/><T128/><D128/><U41/><E4/><V60/><F69/><W46/><G108/><T102/><D37/><U99/><E36/><V113/><F113/><W88/><G101/><T97/><D5/><U93/><E76/><V63/><F59/><W28/><G66/><T21/><D34/><U135/><E75/><V43/><F43/><N who="1" m="16393" /><E35/><V25/><F2/><W23/><G71/><T130/><D130/><U9/><E135/><V74/><F134/><W24/><G85/><T82/><D29/><N who="3" m="11369" /><G48/><T56/><D21/><U114/><E114/><V39/><F39/><W67/><G67/><T90/><D56/><U50/><E50/><V65/><F65/><W123/><G123/><T81/><N who="0" m="20992" /><DORA hai="40" /><T127/><D90/><U18/><E57/><V26/><F74/><W16/><G6/><T54/><D127/><U124/><E124/><V53/><F87/><W47/><G86/><T1/><REACH who="0" step="1"/><D1/><REACH who="0" ten="374,246,211,159" step="2"/><U3/><E3/><V106/><F106/><W15/><G15/><T84/><D84/><U58/><E58/><V12/><F91/><AGARI ba="0,1" hai="13,16,22,23,24,31,44,46,47,88,91" m="11369" machi="91" ten="30,18000,2" yaku="8,1,52,3,54,2" doraHai="129,40" who="3" fromWho="2" sc="374,0,246,0,211,-180,159,190" /><INIT seed="3,1,0,1,5,33" ten="374,246,31,349" oya="3" hai0="7,77,42,83,129,34,84,127,116,113,37,134,78" hai1="45,122,1,20,81,70,27,104,24,131,5,14,95" hai2="73,89,118,97,98,8,90,9,101,62,40,103,44" hai3="115,17,46,66,107,125,91,130,22,120,48,96,19"/><W64/><G120/><T3/><D116/><U47/><E122/><V106/><F62/><W121/><G115/><T82/><D127/><U132/><E104/><V80/><F44/><W50/><G121/><T72/><D113/><U59/><E70/><V25/><F40/><W4/><G130/><T111/><D111/><U63/><E131/><V109/><F25/><W92/><G125/><T38/><D129/><U117/><E117/><V15/><F15/><W76/><G76/><T87/><D134/><U93/><E132/><V108/><F9/><W11/><G107/><T53/><D34/><U67/><E81/><V124/><F8/><W69/><G69/><T12/><D42/><U51/><E1/><V110/><F118/><W99/><G99/><T13/><D72/><U32/><E32/><V21/><F21/><W79/><G79/><T100/><D100/><U26/><E5/><V126/><F73/><W74/><G74/><T31/><D31/><U23/><E14/><V85/><REACH who="2" step="1"/><F90/><REACH who="2" ten="374,246,21,349" step="2"/><W43/><G50/><T30/><D7/><U39/><E47/><V135/><F135/><W0/><REACH who="3" step="1"/><G19/><REACH who="3" ten="374,246,21,339" step="2"/><T88/><D12/><AGARI ba="1,2" hai="0,4,11,12,17,22,43,46,48,64,66,91,92,96" machi="12" ten="30,11600,0" yaku="1,1,2,1,7,1,52,1,53,0" doraHai="33" doraHaiUra="49" who="3" fromWho="0" sc="374,-119,246,0,21,0,339,139" owari="255,6.0,246,-15.0,21,-48.0,478,57.0" /></mjloggm>