<mjloggm ver="2.3"><GO type="169" lobby="0"/><UN n0="%66%75%6B%75%30%32" n1="%E3%82%A4%E3%83%8B%E3%82%A8%E3%82%B9%E3%82%BF" n2="%E3%82%A6%E3%83%AB%E3%83%88%E3%83%A9%E7%AB%8B%E7%9B%B4" n3="%E3%81%97%E3%81%8A%E3%82%84%E3%81%A0%E3%82%93" dan="16,18,17,17" rate="2062.88,2204.86,2180.51,2245.13" sx="M,M,M,F"/><TAIKYOKU oya="0"/><INIT seed="0,0,0,5,4,110" ten="250,250,250,250" oya="0" hai0="127,14,75,96,130,87,37,124,47,72,44,54,69" hai1="42,15,135,128,38,71,77,4,21,106,76,131,22" hai2="134,40,36,58,33,35,0,97,85,132,101,3,51" hai3="32,28,26,93,29,57,17,92,27,84,18,104,41"/><T63/><D130/><U13/><E106/><V34/><F36/><W74/><G74/><T82/><D96/><U115/><E71/><V59/><F85/><W56/><G104/><T31/><D31/><U52/><E38/><V121/><F121/><W113/><G113/><T125/><D14/><U24/><E42/><V122/><F122/><W62/><G41/><N who="0" m="22575" /><D47/><U117/><E24/><V5/><F40/><W20/><G57/><N who="2" m="21513" /><F51/><W6/><G6/><T123/><D123/><U107/><E107/><V99/><F5/><W16/><REACH who="3" step="1"/><G84/><REACH who="3" ten="250,250,250,240" step="2"/><T64/><D54/><AGARI ba="0,1" hai="16,17,18,20,26,27,28,29,32,54,56,62,92,93" machi="54" ten="40,8000,1" yaku="1,1,2,1,54,1,53,1" doraHai="110" doraHaiUra="19" who="3" fromWho="0" sc="250,-80,250,0,250,0,240,90" /><INIT seed="1,0,0,2,4,17" ten="170,250,250,330" oya="1" hai0="83,22,29,109,112,26,6,75,20,12,42,36,68" hai1="95,41,111,114,49,53,51,118,58,77,85,117,45" hai2="128,56,1,13,97,15,61,2,28,5,99,23,10" hai3="66,125,44,113,101,96,54,121,74,33,119,106,67"/><U62/><E95/><V50/><F128/><W59/><G33/><T38/><D112/><U93/><E93/><V73/><F73/><W14/><G121/><T27/><D68/><U43/><E85/><V18/><F50/><W108/><G74/><T110/><D12/><U71/><E77/><V7/><F28/><W25/><G113/><T86/><D6/><U91/><E91/><V122/><F122/><W88/><G119/><T103/><D103/><U19/><E114/><V127/><F127/><W105/><G125/><T4/><D4/><U133/><E19/><V129/><F129/><W94/><G108/><N who="0" m="41579" /><D42/><U104/><E104/><V131/><F131/><W8/><G44/><T46/><D46/><N who="1" m="25823" /><E111/><V65/><REACH who="2" step="1"/><F7/><REACH who="2" ten="170,250,240,330" step="2"/><W21/><G101/><T39/><D75/><U32/><E118/><V90/><F90/><W81/><G88/><N who="0" m="51295" /><D39/><N who="1" m="21695" /><E117/><V76/><F76/><W82/><G96/><AGARI ba="0,1" hai="1,2,5,10,13,15,18,23,56,61,65,96,97,99" machi="96" ten="40,2600,0" yaku="1,1,52,1,53,0" doraHai="17" doraHaiUra="100" who="2" fromWho="3" sc="170,0,250,0,240,36,330,-26" /><INIT seed="2,0,0,0,5,12" ten="170,250,276,304" oya="2" hai0="122,62,51,105,8,76,59,82,75,41,0,117,13" hai1="56,96,63,78,90,28,66,26,112,65,47,134,133" hai2="135,98,20,126,27,44,35,40,125,87,43,34,18" hai3="104,81,39,116,7,50,123,3,89,131,60,127,42"/><V16/><F135/><W72/><G123/><T107/><D122/><U30/><E112/><V69/><F69/><W106/><G116/><T58/><D0/><U121/><E121/><V109/><F87/><W5/><G127/><N who="2" m="48649" /><F98/><W115/><G115/><T79/><D79/><U11/><E78/><V2/><F2/><W32/><G3/><T52/><D117/><U31/><E47/><V74/><F74/><W54/><G32/><N who="2" m="12329" /><F109/><W4/><G72/><T19/><REACH who="0" step="1"/><D41/><REACH who="0" ten="160,250,276,304" step="2"/><N who="2" m="15946" /><F44/><W1/><G1/><T37/><D37/><U38/><E38/><V67/><F67/><AGARI ba="0,1" hai="8,13,19,51,52,58,59,62,67,75,76,82,105,107" machi="67" ten="30,7700,0" yaku="1,1,7,1,52,1,54,1,53,0" doraHai="12" doraHaiUra="33" who="0" fromWho="2" sc="160,87,250,0,276,-77,304,0" /><INIT seed="3,0,0,1,2,16" ten="247,250,199,304" oya="3" hai0="105,19,79,114,89,64,3,9,100,49,57,60,31" hai1="15,54,85,128,83,10,37,48,106,44,58,2,22" hai2="59,107,55,97,73,72,41,95,32,34,78,130,40" hai3="111,129,98,94,20,110,104,51,46,68,56,67,36"/><W93/><G129/><T77/><D114/><U74/><E106/><V42/><F107/><W80/><G80/><T13/><D3/><U6/><E128/><V75/><F78/><W7/><G104/><T17/><D31/><U14/><E74/><V96/><F130/><W117/><G117/><T38/><D38/><U108/><E108/><N who="3" m="41514" /><G7/><T50/><D100/><U133/><E133/><V45/><F45/><W86/><G36/><T135/><D105/><U62/><E37/><V29/><F29/><W112/><G112/><T88/><D19/><N who="1" m="10623" /><E2/><V125/><F125/><W0/><G0/><T102/><D102/><U123/><E123/><V103/><REACH who="2" step="1"/><F97/><REACH who="2" ten="247,250,189,304" step="2"/><W82/><G98/><T119/><D79/><N who="1" m="46335" /><E44/><V71/><F71/><W26/><G68/><T30/><D77/><U81/><E81/><V33/><F33/><W61/><G82/><T118/><D30/><U1/><E1/><V127/><F127/><W24/><G86/><T35/><D35/><U47/><E47/><V5/><F5/><W25/><G93/><T28/><D28/><U52/><E48/><AGARI ba="0,1" hai="32,34,40,41,42,48,55,59,72,73,75,95,96,103" machi="48" ten="50,1600,0" yaku="1,1,53,0" doraHai="16" doraHaiUra="11" who="2" fromWho="1" sc="247,0,250,-16,189,26,304,0" /><INIT seed="4,0,0,0,0,43" ten="247,234,215,304" oya="0" hai0="101,102,61,97,10,55,62,51,1,41,82,84,74" hai1="112,124,45,121,81,67,88,73,66,131,21,16,57" hai2="36,83,78,116,111,65,76,26,3,8,132,118,35" hai3="110,42,117,27,54,68,79,63,64,33,104,15,28"/><T123/><D123/><U129/><E121/><V134/><F65/><W77/><G117/><N who="2" m="45161" /><F36/><W133/><G133/><N who="2" m="51305" /><F83/><W17/><G110/><T48/><D74/><U2/><E2/><V12/><F3/><W93/><G54/><T92/><D102/><U100/><E100/><V46/><F46/><W90/><G42/><T20/><D20/><U106/><E73/><V60/><F60/><W135/><G104/><T40/><D40/><U94/><E106/><V128/><F111/><W71/><G71/><T19/><D41/><U32/><E81/><V39/><F39/><W85/><G135/><T0/><D0/><U34/><E66/><V59/><F59/><W105/><G105/><T52/><D51/><U29/><E57/><V25/><F128/><W127/><G127/><T31/><D1/><U49/><E67/><V23/><F35/><W5/><G79/><N who="2" m="30249" /><F23/><W47/><G77/><T72/><D62/><U80/><E34/><V89/><F89/><W50/><G50/><T86/><D61/><U114/><E129/><V37/><F37/><W75/><G75/><T107/><D72/><U96/><E131/><V98/><F98/><W119/><G119/><T109/><D109/><U14/><E80/><V103/><F103/><W30/><G33/><T7/><D107/><U6/><E32/><V91/><F91/><W38/><G38/><T4/><D82/><U99/><E99/><V125/><F125/><W122/><G122/><T56/><D97/><U130/><E130/><V11/><F11/><N who="3" m="4591" /><G47/><T9/><D101/><U95/><E124/><V22/><F8/><W70/><G70/><RYUUKYOKU ba="0,0" sc="247,-15,234,-15,215,15,304,15" hai2="12,22,25,26" hai3="17,27,28,30,63,64,68,85,90,93" /><INIT seed="5,1,0,2,4,39" ten="232,219,230,319" oya="1" hai0="44,118,66,22,73,26,9,128,114,94,123,99,47" hai1="96,43,92,15,63,13,103,8,75,34,86,78,98" hai2="81,117,93,70,109,41,5,130,97,28,50,1,121" hai3="131,101,106,69,19,11,61,115,24,59,35,12,85"/><U82/><E34/><V60/><F121/><W107/><G115/><T67/><D118/><U4/><E63/><V10/><F109/><W56/><G131/><T87/><D73/><U62/><E62/><V64/><F117/><W74/><G74/><T21/><D114/><U133/><E133/><V132/><F130/><W83/><G69/><T20/><D128/><U7/><E75/><V31/><F132/><W30/><G101/><T3/><D123/><U77/><E96/><V71/><F81/><W124/><G124/><T48/><D26/><U120/><E120/><V27/><F70/><W105/><REACH who="3" step="1"/><G61/><REACH who="3" ten="232,219,230,309" step="2"/><T112/><D112/><U79/><REACH who="1" step="1"/><E43/><REACH who="1" ten="232,209,230,309" step="2"/><V2/><F41/><W32/><G32/><T53/><D66/><U51/><E51/><V108/><F50/><W119/><G119/><T38/><D67/><U125/><E125/><V90/><F60/><W129/><G129/><T111/><D48/><U80/><E80/><V14/><F64/><W72/><G72/><T16/><D38/><U49/><E49/><V126/><F126/><W113/><G113/><T0/><D47/><U116/><E116/><V46/><F46/><W135/><G135/><T134/><D44/><U122/><E122/><V102/><F71/><W45/><G45/><T6/><D134/><U23/><E23/><V42/><F42/><W89/><AGARI ba="1,2" hai="11,12,19,24,30,35,56,59,83,85,89,105,106,107" machi="89" ten="30,2000,0" yaku="1,1,0,1,53,0" doraHai="39" doraHaiUra="104" who="3" fromWho="3" sc="232,-6,209,-11,230,-6,309,43" /><INIT seed="6,0,0,2,5,102" ten="226,198,224,352" oya="2" hai0="127,51,82,10,16,32,22,126,33,45,9,39,36" hai1="135,80,85,95,7,87,110,47,113,99,66,114,132" hai2="35,56,60,103,117,128,13,1,111,63,70,74,15" hai3="96,34,25,57,3,29,53,8,72,2,40,43,17"/><V52/><F117/><W76/><G2/><T28/><D82/><U116/><E66/><V46/><F74/><W59/><G59/><T14/><D39/><U94/><E47/><V11/><F35/><N who="0" m="13386" /><D36/><U54/><E7/><V123/><F123/><W0/><G0/><T41/><D28/><U68/><E54/><V100/><F111/><W6/><G96/><T37/><D37/><U120/><E68/><V129/><F1/><W67/><G67/><T92/><D92/><U101/><E110/><V93/><F70/><W122/><G122/><T77/><D77/><N who="1" m="46223" /><E116/><V44/><F93/><W48/><G76/><T38/><D38/><U131/><E131/><N who="2" m="50251" /><F60/><W42/><G72/><T125/><AGARI ba="0,0" hai="9,10,14,16,22,41,45,51,125,126,127" m="13386" machi="125" ten="40,2700,0" yaku="18,1,54,1" doraHai="102" who="0" fromWho="0" sc="226,27,198,-7,224,-13,352,-7" /><INIT seed="7,0,0,0,1,29" ten="253,191,211,345" oya="3" hai0="101,122,128,111,108,112,93,1,131,12,77,8,11" hai1="46,65,38,44,91,89,50,15,31,3,113,13,24" hai2="36,81,94,82,40,7,84,35,96,107,68,33,5" hai3="57,20,0,4,9,124,75,103,87,26,90,6,64"/><W132/><G75/><T63/><D122/><U34/><E3/><V118/><F68/><W71/><G6/><N who="0" m="1103" /><D77/><U80/><E113/><V86/><F40/><W74/><G74/><T83/><D83/><U115/><E115/><V47/><F47/><W92/><G71/><T79/><D79/><U23/><E65/><V51/><F51/><W69/><G69/><T59/><D112/><U32/><E38/><V129/><F129/><N who="0" m="49738" /><D93/><U126/><E126/><V53/><F94/><W135/><G124/><T98/><D98/><U54/><E46/><V39/><F96/><W116/><G116/><T28/><D28/><U45/><E45/><V119/><F53/><W18/><G103/><T72/><D72/><U85/><E89/><V95/><F95/><W49/><G49/><T99/><D99/><U42/><E42/><V60/><F60/><W61/><AGARI ba="0,0" hai="0,4,9,18,20,26,57,61,64,87,90,92,132,135" machi="61" ten="30,1500,0" yaku="0,1" doraHai="29" who="3" fromWho="3" sc="253,-5,191,-5,211,-5,345,15" owari="248,5.0,186,-31.0,206,-19.0,360,45.0" /></mjloggm>