<mjloggm ver="2.3"><GO type="97" lobby="0"/><UN n0="%E6%A1%9C%E7%AB%9C%E2%80%A0%E9%A6%99%E8%98%AD" n1="%6B%69%6E%75" n2="%E3%82%A2%E3%83%B3%E3%83%95%E3%82%A7%E3%82%BF%E3%83%9F%E3%83%B3" n3="%E3%82%A6%E3%83%AB%E3%83%88%E3%83%A9%E7%AB%8B%E7%9B%B4" dan="15,13,15,14" rate="1999.03,1835.83,2015.47,1960.08" sx="M,M,M,M"/><TAIKYOKU oya="0"/><INIT seed="0,0,0,0,5,35" ten="250,250,250,250" oya="0" hai0="54,32,117,80,106,73,10,49,30,31,114,85,52" hai1="124,62,128,89,5,16,40,91,87,127,22,88,28" hai2="58,82,42,59,41,116,111,57,94,46,70,93,44" hai3="64,37,72,0,133,20,6,9,1,19,77,15,7"/><T43/><D117/><U56/><E128/><V3/><F116/><W29/><G37/><T126/><D106/><U110/><E28/><V131/><F70/><W83/><G133/><T125/><D114/><U38/><E5/><V96/><F131/><W67/><G29/><N who="0" m="10763" /><D32/><U33/><E33/><V21/><F111/><W14/><G15/><T34/><D73/><U97/><E110/><V86/><F3/><W50/><G50/><T102/><D102/><U109/><E109/><V66/><F21/><W115/><G115/><T25/><D25/><N who="1" m="14535" /><E40/><N who="2" m="15467" /><F66/><W13/><REACH who="3" step="1"/><G14/><REACH who="3" ten="250,250,250,240" step="2"/><T26/><D34/><U39/><E38/><V81/><F44/><W60/><G60/><T78/><D26/><U104/><E39/><V134/><F46/><W100/><G100/><T68/><D126/><N who="1" m="48171" /><E104/><V51/><F134/><W47/><G47/><N who="0" m="25855" /><D125/><U71/><E71/><V120/><F51/><W113/><G113/><T36/><D36/><U4/><E87/><V24/><F86/><W53/><G53/><T12/><D68/><U107/><E107/><V55/><F55/><W118/><G118/><T132/><D132/><U105/><E105/><V79/><F59/><W103/><G103/><T98/><D98/><U65/><E97/><V129/><F96/><W92/><G92/><N who="2" m="35433" /><F58/><W17/><G17/><AGARI ba="0,1" hai="10,12,17,52,54,78,80,85" m="25855,10763" machi="17" ten="30,2900,0" yaku="8,1,54,1" doraHai="35" who="0" fromWho="3" sc="250,39,250,0,250,0,240,-29" /><INIT seed="0,1,0,4,4,2" ten="289,250,250,211" oya="0" hai0="80,72,64,74,94,49,124,9,43,0,5,82,44" hai1="88,90,117,40,100,89,70,68,23,42,87,101,118" hai2="69,6,46,71,129,54,106,29,41,98,91,65,112" hai3="27,16,84,75,127,7,63,95,19,128,120,125,26"/><T130/><D130/><U12/><E87/><V93/><F112/><W33/><G75/><T76/><D124/><N who="3" m="47689" /><G128/><T10/><D64/><U14/><E90/><V47/><F129/><W114/><G114/><T17/><D94/><U62/><E62/><V116/><F29/><N who="3" m="19639" /><G120/><T60/><D60/><U105/><REACH who="1" step="1"/><E23/><REACH who="1" ten="289,240,250,211" step="2"/><V109/><F91/><N who="3" m="53735" /><G63/><T81/><D74/><U126/><E126/><V78/><F65/><W58/><G58/><T31/><D72/><U34/><E34/><V92/><F47/><W110/><G110/><T45/><D76/><U50/><E50/><V102/><F46/><W35/><G35/><T79/><D79/><U132/><E132/><V115/><F78/><W67/><G67/><T61/><D45/><U77/><E77/><V59/><F109/><W28/><G28/><T20/><D31/><U8/><E8/><V104/><F116/><W30/><G30/><T107/><D61/><U15/><E15/><V97/><F115/><W111/><G111/><T32/><D10/><U36/><E36/><V73/><F73/><W51/><G51/><T22/><D32/><U99/><E99/><V123/><F98/><W135/><G135/><T37/><D37/><U38/><E38/><V119/><F97/><W96/><G96/><T18/><D22/><U1/><E1/><V53/><F119/><W66/><G66/><T113/><D113/><U131/><E131/><V3/><F3/><W133/><G133/><T52/><D20/><U4/><E4/><V134/><F6/><W121/><G121/><T85/><D5/><U122/><E122/><V108/><F123/><RYUUKYOKU ba="1,1" sc="289,-10,240,30,250,-10,211,-10" hai1="12,14,40,42,68,70,88,89,100,101,105,117,118" /><INIT seed="1,2,1,0,1,120" ten="279,270,240,201" oya="1" hai0="47,89,103,29,37,73,95,31,81,93,75,88,76" hai1="63,111,115,112,110,57,18,24,62,123,32,98,5" hai2="43,30,17,100,79,114,42,97,71,65,106,52,78" hai3="69,49,12,22,116,74,104,38,121,92,54,55,119"/><U0/><E0/><V33/><F114/><W127/><G104/><T50/><D37/><U66/><E123/><V113/><F113/><N who="1" m="43593" /><E98/><V134/><F134/><W94/><G121/><T6/><D6/><U4/><E18/><V67/><F17/><W99/><G74/><T130/><D130/><U10/><E10/><V132/><F132/><W36/><G69/><T86/><D75/><U129/><E129/><V109/><F33/><W20/><G49/><T60/><D103/><U51/><E51/><V61/><F30/><W64/><G99/><T3/><D60/><U44/><E44/><V28/><F28/><W39/><G39/><T107/><D107/><U70/><E24/><V11/><F67/><W8/><G64/><T2/><D2/><U117/><E32/><V34/><F11/><W58/><G8/><T91/><D3/><U118/><E57/><V122/><F34/><W40/><G58/><T133/><D133/><U102/><E102/><V77/><F122/><W21/><G21/><T45/><D45/><U26/><E26/><V125/><F125/><W108/><G127/><T101/><D101/><U19/><E19/><V59/><REACH who="2" step="1"/><F109/><REACH who="2" ten="279,270,230,201" step="2"/><N who="1" m="41481" /><E63/><AGARI ba="2,2" hai="42,43,52,59,61,63,65,71,77,78,79,97,100,106" machi="63" ten="40,5200,0" yaku="1,1,54,1,53,1" doraHai="120" doraHaiUra="96" who="2" fromWho="1" sc="279,0,270,-58,230,78,201,0" /><INIT seed="2,0,0,5,0,124" ten="279,212,308,201" oya="2" hai0="132,73,37,86,98,131,4,15,106,78,3,38,36" hai1="79,87,50,94,32,89,134,12,46,62,107,6,39" hai2="103,108,20,133,113,111,109,30,49,58,84,68,104" hai3="41,119,125,0,66,77,102,128,35,43,75,19,85"/><V16/><F68/><W5/><G119/><T130/><D3/><U55/><E39/><V67/><F113/><W101/><G125/><T81/><D132/><U129/><E107/><V100/><F133/><W64/><G35/><T122/><D122/><U1/><E134/><V14/><F104/><W97/><G75/><T63/><D63/><U92/><E32/><V114/><F114/><W40/><G0/><T45/><D45/><U61/><E1/><V93/><F30/><W96/><G5/><T25/><D25/><U80/><E129/><N who="0" m="49161" /><D106/><U2/><E2/><V34/><F34/><W95/><G128/><T10/><D98/><U90/><E6/><V42/><F42/><W115/><G115/><T69/><D69/><U51/><E12/><V99/><F84/><AGARI ba="0,0" hai="4,10,15,36,37,38,73,78,81,84,86" m="49161" machi="84" ten="40,8000,1" yaku="19,1,52,3" doraHai="124" who="0" fromWho="2" sc="279,80,212,0,308,-80,201,0" /><INIT seed="3,0,0,0,1,105" ten="359,212,228,201" oya="3" hai0="34,75,77,4,7,91,37,61,128,96,97,126,15" hai1="55,67,73,116,89,86,50,47,54,33,123,99,18" hai2="106,45,56,127,40,131,65,62,9,42,49,119,74" hai3="133,52,58,109,114,84,79,5,70,21,11,12,108"/><W8/><G70/><T57/><D34/><U103/><E123/><V95/><F119/><W120/><G120/><T113/><D37/><U17/><E33/><V98/><F106/><W10/><G114/><T44/><D126/><U110/><E67/><V63/><F127/><W85/><G133/><T16/><D113/><U28/><E116/><V60/><F131/><W112/><G112/><T24/><D24/><U135/><E135/><V35/><F74/><W27/><G12/><T29/><D29/><U36/><E73/><V83/><F35/><W134/><G5/><T6/><D44/><U22/><E36/><V90/><F42/><W26/><G134/><T129/><D75/><U51/><E110/><N who="3" m="42602" /><G79/><T80/><D77/><U76/><E76/><V38/><F38/><W25/><G21/><N who="0" m="11423" /><D129/><U81/><E22/><V121/><F121/><W3/><G3/><T19/><D19/><U1/><E28/><V117/><F117/><W125/><G125/><T72/><D72/><U41/><E41/><V32/><F32/><W100/><G100/><T20/><D20/><U46/><REACH who="1" step="1"/><E1/><REACH who="1" ten="359,202,228,201" step="2"/><V68/><F68/><W93/><G93/><AGARI ba="0,1" hai="17,18,46,47,50,51,54,55,81,86,89,93,99,103" machi="93" ten="30,12000,2" yaku="1,1,2,1,7,1,9,1,8,1,53,1" doraHai="105" doraHaiUra="88" who="1" fromWho="3" sc="359,0,202,130,228,0,201,-120" owari="359,46.0,332,13.0,228,-17.0,81,-42.0" /></mjloggm>