<mjloggm ver="2.3"><GO type="97" lobby="0"/><UN n0="%68%79%6F%31%39%35%39" n1="%E3%81%A7%E3%82%93%E5%85%AD%E5%8A%A9" n2="%E3%82%A8%E3%83%AD%E7%94%BB%E5%83%8F%2E%6A%70%67" n3="%E3%82%A6%E3%83%AB%E3%83%88%E3%83%A9%E7%AB%8B%E7%9B%B4" dan="14,14,14,15" rate="1902.09,1868.63,1998.30,2041.78" sx="M,M,F,M"/><TAIKYOKU oya="0"/><INIT seed="0,0,0,0,3,129" ten="250,250,250,250" oya="0" hai0="133,81,73,75,29,30,104,88,39,40,13,119,124" hai1="128,134,17,18,47,106,48,66,80,76,113,42,127" hai2="7,68,41,95,123,130,85,61,16,64,72,71,102" hai3="56,38,97,92,52,5,26,33,37,9,86,93,110"/><T132/><D119/><U4/><E128/><V109/><F72/><N who="0" m="27722" /><D104/><U100/><E127/><V0/><F130/><W63/><G110/><T34/><D124/><U15/><E113/><V89/><F109/><W108/><G108/><T121/><D34/><U116/><E116/><V20/><F123/><W112/><G112/><T70/><D121/><U78/><E66/><V27/><F41/><W111/><G111/><T31/><D70/><U69/><E69/><V1/><F7/><W24/><G86/><N who="0" m="50255" /><D13/><U90/><E4/><V83/><F71/><W131/><G93/><T50/><D39/><U35/><E106/><V120/><F120/><W103/><G131/><T115/><D115/><U65/><E15/><V122/><F122/><W55/><G26/><T118/><D118/><U60/><E35/><V6/><F6/><W67/><G33/><T57/><D40/><U79/><E42/><V22/><F102/><W46/><G24/><T49/><D57/><U126/><E100/><V19/><REACH who="2" step="1"/><F95/><REACH who="2" ten="250,250,240,250" step="2"/><W117/><G117/><T3/><D3/><U74/><E126/><V23/><F23/><W36/><REACH who="3" step="1"/><G46/><REACH who="3" ten="250,250,240,240" step="2"/><T14/><D14/><AGARI ba="0,2" hai="0,1,14,16,19,20,22,27,61,64,68,83,85,89" machi="14" ten="30,7700,0" yaku="1,1,7,1,54,1,53,1" doraHai="129" doraHaiUra="77" who="2" fromWho="0" sc="250,-77,250,0,240,97,240,0" /><AGARI ba="0,0" hai="5,9,14,36,37,38,52,55,56,63,67,92,97,103" machi="14" ten="40,5200,0" yaku="1,1,2,1,54,1,53,0" doraHai="129" doraHaiUra="77" who="3" fromWho="0" sc="173,-52,250,0,337,0,240,52" /><INIT seed="1,0,0,1,4,65" ten="121,250,337,292" oya="1" hai0="121,23,30,76,49,120,87,38,71,63,35,74,96" hai1="124,29,72,84,107,134,19,67,22,130,70,20,33" hai2="44,10,41,115,105,125,116,77,114,55,36,9,69" hai3="32,80,126,118,42,47,56,27,132,119,58,98,97"/><U3/><E107/><V16/><F116/><N who="3" m="44587" /><G80/><N who="0" m="45079" /><D38/><U39/><E72/><V66/><F105/><W79/><G79/><T53/><D96/><N who="3" m="36969" /><G126/><T31/><D87/><U57/><E39/><V83/><F125/><W123/><G123/><N who="0" m="47179" /><D35/><U112/><E124/><V108/><F108/><W17/><G132/><T43/><D43/><U92/><E134/><V26/><F55/><W7/><G7/><T89/><D89/><U28/><E112/><V46/><F46/><W91/><G91/><T100/><D100/><U12/><E33/><V62/><F26/><W113/><G113/><N who="2" m="43017" /><F16/><W129/><G129/><T109/><D109/><U78/><E130/><V93/><F93/><W117/><N who="3" m="44595" /><W135/><DORA hai="0" /><G135/><T106/><D106/><U34/><E92/><V64/><F64/><W6/><G6/><T54/><D23/><U85/><E22/><V101/><F101/><W128/><G128/><T8/><D8/><U110/><E20/><V122/><F122/><W82/><G82/><T61/><D63/><U52/><E110/><V131/><F131/><W103/><G103/><T24/><D24/><U59/><E19/><V95/><F95/><W104/><G104/><T81/><D81/><U5/><E5/><V75/><AGARI ba="0,0" hai="9,10,36,41,44,62,66,69,75,77,83" m="43017" machi="75" ten="30,2000,0" yaku="11,1,52,1" doraHai="65,0" who="2" fromWho="2" sc="121,-5,250,-10,337,20,292,-5" /><INIT seed="2,0,0,4,4,120" ten="116,240,357,287" oya="2" hai0="100,9,5,54,123,2,69,38,63,125,25,48,75" hai1="15,58,107,46,47,17,73,31,130,43,56,35,94" hai2="72,44,89,77,87,68,45,70,1,124,28,99,92" hai3="53,131,79,83,34,113,11,93,115,61,132,20,3"/><V84/><F1/><W40/><G34/><T42/><D123/><U90/><E107/><V65/><F124/><W114/><G131/><T49/><D125/><U62/><E73/><V119/><F119/><W60/><G132/><T127/><D127/><U74/><E74/><V7/><F7/><N who="3" m="1535" /><G40/><T85/><D75/><U8/><E130/><V102/><F28/><W32/><G32/><T96/><D85/><U88/><E35/><V13/><F13/><W16/><G93/><T21/><D42/><U51/><E31/><V135/><F135/><W6/><G6/><T95/><D38/><U19/><E19/><V0/><F0/><W55/><G61/><T117/><D117/><U71/><E71/><N who="2" m="27179" /><F65/><W110/><G83/><T18/><REACH who="0" step="1"/><D54/><REACH who="0" ten="106,240,357,287" step="2"/><N who="1" m="31839" /><E43/><V64/><F87/><W104/><G55/><T52/><D52/><N who="1" m="34119" /><E90/><V106/><F64/><AGARI ba="0,1" hai="2,5,9,18,21,25,48,49,63,64,69,95,96,100" machi="64" ten="40,1300,0" yaku="1,1,53,0" doraHai="120" doraHaiUra="101" who="0" fromWho="2" sc="106,23,240,0,357,-13,287,0" /><INIT seed="3,0,0,4,2,69" ten="129,240,344,287" oya="3" hai0="8,117,33,80,123,46,20,3,71,85,63,23,43" hai1="110,92,54,22,116,9,12,111,89,26,31,118,60" hai2="41,124,103,129,97,135,84,30,127,95,14,65,94" hai3="38,35,75,61,15,121,101,64,122,28,59,34,79"/><W55/><G35/><T27/><D117/><N who="1" m="45163" /><E60/><V36/><F65/><W132/><G79/><T51/><D123/><U45/><E45/><V128/><F30/><W109/><G75/><T126/><D126/><N who="2" m="48170" /><F14/><W87/><G87/><T68/><D23/><U11/><E54/><V17/><F135/><W102/><G15/><T113/><D33/><U2/><E92/><V44/><F17/><W77/><G77/><T106/><D63/><U120/><E89/><AGARI ba="0,0" hai="36,41,44,84,89,94,95,97,103,128,129" m="48170" machi="89" ten="30,2000,0" yaku="18,1,52,1" doraHai="69" who="2" fromWho="1" sc="129,0,240,-20,344,20,287,0" owari="129,-37.0,220,-18.0,364,46.0,287,9.0" /></mjloggm>