<mjloggm ver="2.3"><GO type="97" lobby="0"/><UN n0="%6C%6F%76%65%6C%6F%76%65" n1="%75%6F%6B%6B%61%34%39%34" n2="%E3%82%B1%E3%83%AD%E3%83%B3%E3%83%91%E3%82%B9" n3="%E3%82%A6%E3%83%AB%E3%83%88%E3%83%A9%E7%AB%8B%E7%9B%B4" dan="14,13,14,13" rate="1902.28,1887.93,1896.78,1878.72" sx="F,M,F,M"/><TAIKYOKU oya="0"/><INIT seed="0,0,0,3,3,66" ten="250,250,250,250" oya="0" hai0="112,47,72,43,21,127,67,35,17,36,38,65,29" hai1="109,61,121,56,26,42,95,57,104,12,28,0,93" hai2="53,111,41,34,131,25,62,100,83,39,120,51,87" hai3="6,101,16,70,71,115,4,5,60,114,110,8,130"/><T40/><D72/><U98/><E121/><V68/><F120/><W64/><G110/><T92/><D127/><U118/><E0/><V2/><F2/><W30/><G130/><T103/><D112/><U52/><E118/><V73/><F73/><W78/><G78/><T86/><D35/><U14/><E109/><V84/><F111/><W81/><G81/><T59/><D29/><U54/><E42/><V32/><F131/><W55/><G101/><T74/><D74/><U102/><E95/><V9/><F9/><W23/><G55/><T1/><D1/><U24/><E24/><V77/><F100/><W132/><G132/><T99/><D59/><U80/><E80/><V124/><F124/><W31/><G8/><T76/><D76/><U113/><E104/><V125/><F125/><W49/><G49/><T58/><D58/><U117/><E117/><V119/><F119/><W116/><G116/><T46/><REACH who="0" step="1"/><D86/><REACH who="0" ten="240,250,250,250" step="2"/><U13/><E113/><V27/><F87/><W134/><G115/><T85/><D85/><U69/><E69/><V135/><F34/><W3/><G114/><T33/><D33/><U48/><E28/><V18/><F32/><W7/><G134/><T63/><D63/><U94/><E61/><V19/><F135/><W82/><G71/><T129/><D129/><U128/><E128/><V107/><F62/><W105/><G30/><T22/><D22/><U126/><E126/><V20/><F68/><W37/><G31/><T45/><D45/><U96/><E57/><N who="2" m="32959" /><F20/><W15/><G70/><T11/><D11/><U88/><E56/><V50/><F84/><RYUUKYOKU ba="0,1" sc="240,30,250,-10,250,-10,250,-10" hai0="17,21,36,38,40,43,46,47,65,67,92,99,103" /><INIT seed="0,1,1,3,0,31" ten="270,240,240,240" oya="0" hai0="10,119,45,86,123,19,33,1,30,27,67,72,34" hai1="109,65,56,92,18,70,21,22,91,3,78,135,112" hai2="14,24,7,115,81,41,49,44,26,64,0,28,118" hai3="35,57,69,23,101,43,111,71,99,89,127,76,87"/><T20/><D72/><U107/><E3/><V59/><F115/><W2/><G2/><T110/><D67/><U133/><E107/><V48/><F0/><W46/><G76/><T114/><D114/><U100/><E112/><V134/><F134/><W79/><G79/><T62/><D62/><U54/><E100/><V94/><F118/><W83/><G111/><T32/><D119/><U84/><E78/><V36/><F36/><BYE who="2" /><W29/><G127/><T130/><D110/><U106/><E109/><V121/><F121/><W25/><G57/><T42/><D123/><U68/><E106/><V103/><F103/><W8/><G8/><T96/><D130/><U75/><E22/><V93/><F93/><W6/><G6/><T113/><D113/><U61/><E75/><V58/><F58/><W12/><G12/><T51/><D86/><U73/><E73/><V95/><F95/><W90/><G90/><T50/><D96/><U102/><E102/><V11/><F11/><W74/><G74/><T40/><D51/><UN n2="%E3%82%B1%E3%83%AD%E3%83%B3%E3%83%91%E3%82%B9" /><U80/><E80/><V125/><F125/><W128/><G128/><T60/><D60/><U53/><E53/><N who="2" m="32175" /><F64/><W66/><G66/><T132/><D132/><N who="1" m="50763" /><E65/><V16/><F81/><W63/><G23/><T108/><D108/><U104/><E104/><V126/><F126/><W13/><G99/><T122/><D122/><U85/><E85/><V9/><F94/><W4/><G101/><T97/><D97/><U39/><E39/><V117/><F117/><W124/><G124/><T116/><D116/><U129/><E129/><V82/><F82/><W5/><G83/><RYUUKYOKU ba="1,1" sc="270,-10,240,30,240,-10,240,-10" hai1="18,21,54,56,61,68,70,84,91,92" /><INIT seed="1,2,1,3,2,135" ten="260,270,230,230" oya="1" hai0="31,115,127,11,134,99,123,4,53,57,124,56,36" hai1="90,43,14,55,117,59,23,110,9,86,67,107,114" hai2="73,133,91,93,70,120,17,18,92,98,48,81,50" hai3="24,71,111,122,30,29,103,51,62,49,128,61,44"/><U119/><E107/><V12/><F120/><W80/><G122/><T38/><D123/><U6/><E114/><V19/><F70/><W89/><G71/><T8/><D115/><U106/><E106/><V78/><F133/><W109/><G103/><T35/><D134/><U77/><E77/><V65/><F65/><W82/><G128/><T116/><D116/><U75/><E75/><V105/><F105/><W68/><G68/><T72/><D72/><U87/><E67/><V85/><REACH who="2" step="1"/><F12/><REACH who="2" ten="260,270,220,230" step="2"/><W96/><G111/><T112/><D112/><U5/><E110/><V28/><F28/><W129/><G109/><T39/><D31/><U69/><E69/><V54/><F54/><W15/><G129/><T32/><D53/><U131/><E131/><V34/><F34/><W27/><G15/><T100/><D32/><U42/><E119/><V0/><F0/><W83/><G30/><T84/><D35/><U121/><E117/><V16/><N who="2" m="4096" /><DORA hai="7" /><V94/><F94/><N who="3" m="56399" /><G29/><T60/><D4/><U13/><E121/><V108/><F108/><W2/><G2/><T64/><D64/><U21/><E5/><V1/><F1/><W52/><G27/><T33/><D33/><U63/><E13/><V97/><F97/><W76/><G24/><T66/><D99/><U26/><E14/><V95/><F95/><W74/><G82/><T79/><D66/><U101/><E6/><V132/><F132/><W37/><G83/><T104/><D104/><U40/><E9/><V41/><F41/><N who="3" m="22575" /><G52/><T126/><D11/><U47/><E55/><V113/><F113/><W45/><G80/><RYUUKYOKU ba="2,2" sc="260,-10,270,-10,220,30,230,-10" hai2="48,50,73,78,81,85,91,92,93,98" /><INIT seed="2,3,2,2,0,23" ten="250,260,250,220" oya="2" hai0="56,29,7,55,127,89,84,18,33,128,110,44,25" hai1="135,51,59,43,66,85,134,114,90,103,81,71,21" hai2="126,53,116,11,0,17,111,112,92,14,113,101,4" hai3="13,97,16,80,70,129,28,91,20,10,75,123,100"/><V83/><F116/><W48/><G70/><T9/><D127/><U35/><E114/><V108/><F126/><W124/><G123/><T68/><D128/><U69/><E35/><V41/><F41/><W47/><G124/><T57/><D68/><U37/><E37/><V5/><F83/><W38/><G38/><T24/><D110/><N who="2" m="42026" /><F53/><N who="3" m="29855" /><G75/><T3/><D44/><N who="1" m="26015" /><E103/><V117/><F117/><W54/><G129/><T30/><D18/><U46/><E46/><V67/><F67/><W73/><G73/><T79/><D79/><U82/><E82/><V86/><F5/><W74/><G74/><T15/><D55/><U65/><E65/><V105/><F105/><W96/><G54/><T45/><D45/><U50/><E21/><N who="2" m="11447" /><F86/><N who="3" m="50631" /><G100/><T60/><D60/><N who="1" m="38175" /><E50/><V98/><AGARI ba="3,2" hai="0,4,11,92,98,101,112,113" m="11447,42026" machi="98" ten="30,3000,0" yaku="14,1,10,1" doraHai="23" who="2" fromWho="2" sc="250,-13,260,-13,250,59,220,-13" /><INIT seed="2,4,0,4,4,64" ten="237,247,309,207" oya="2" hai0="18,81,20,30,78,37,94,130,21,71,77,106,34" hai1="62,17,127,13,79,135,82,125,23,7,111,16,99" hai2="84,11,1,24,63,120,89,25,96,3,134,118,38" hai3="88,51,36,100,59,32,48,117,43,103,0,110,126"/><V124/><F118/><W8/><G32/><T109/><D106/><U128/><E111/><V112/><F120/><W35/><G35/><T6/><D37/><U67/><E128/><V116/><F112/><W29/><G117/><T122/><D122/><U58/><E135/><V9/><F116/><W33/><G33/><T131/><D6/><U39/><E39/><V5/><F38/><W44/><G29/><T76/><D34/><U49/><E7/><V66/><F96/><W91/><G110/><T2/><D2/><U105/><E105/><V14/><F124/><W75/><G75/><T60/><D109/><U121/><E121/><V27/><F11/><W70/><G70/><T119/><D119/><U57/><E99/><V40/><F40/><W133/><G133/><T113/><D113/><U12/><E49/><V50/><F50/><W22/><G126/><T55/><D94/><U92/><E57/><V129/><F129/><N who="0" m="49162" /><D81/><U10/><REACH who="1" step="1"/><E92/><REACH who="1" ten="237,237,309,207" step="2"/><V80/><F134/><W98/><G36/><T45/><D45/><U74/><AGARI ba="4,1" hai="10,12,13,16,17,23,58,62,67,74,79,82,125,127" machi="74" ten="30,8000,1" yaku="1,1,2,1,0,1,54,1,53,1" doraHai="64" doraHaiUra="61" who="1" fromWho="1" sc="237,-24,237,102,309,-44,207,-24" /><INIT seed="3,0,0,4,1,90" ten="213,339,265,183" oya="3" hai0="97,42,80,100,134,56,110,64,50,98,48,92,38" hai1="101,107,111,132,32,73,78,25,118,112,13,47,81" hai2="19,126,125,93,9,2,61,17,74,120,18,69,21" hai3="1,129,0,82,77,115,99,119,105,65,10,14,51"/><W83/><G119/><T58/><D38/><U114/><E13/><N who="2" m="7343" /><F2/><W95/><G115/><T79/><D134/><U43/><E118/><V117/><F74/><W62/><G105/><T75/><D110/><U40/><E40/><V41/><F117/><W26/><G26/><T63/><D42/><U39/><E132/><V113/><F113/><W37/><G51/><T106/><REACH who="0" step="1"/><D58/><REACH who="0" ten="203,339,265,183" step="2"/><U54/><E114/><V103/><F41/><W35/><G37/><T28/><D28/><U15/><E43/><V6/><F120/><W44/><G129/><T70/><D70/><U87/><E39/><V3/><F125/><W108/><G108/><T72/><D72/><U84/><E73/><V130/><F126/><W20/><G44/><T16/><D16/><U57/><E47/><V34/><F130/><W24/><G35/><T52/><D52/><U133/><E54/><V27/><F34/><W122/><G122/><T49/><D49/><U36/><E57/><V109/><F109/><W89/><G62/><T67/><D67/><U127/><E32/><V23/><F61/><W121/><G121/><T94/><D94/><U31/><E36/><V30/><F69/><W53/><G65/><T123/><D123/><U104/><E127/><V85/><F30/><N who="3" m="17671" /><G53/><T12/><D12/><U33/><E15/><V4/><F3/><W66/><G66/><T8/><D8/><U68/><E133/><V71/><F71/><W116/><G116/><T29/><D29/><U5/><E112/><V46/><F46/><W45/><G45/><T22/><D22/><U7/><E111/><V124/><F124/><RYUUKYOKU ba="0,1" sc="203,30,339,-10,265,-10,183,-10" hai0="48,50,56,63,64,75,79,80,92,97,98,100,106" owari="233,-17.0,339,44.0,255,6.0,173,-33.0" /></mjloggm>