<mjloggm ver="2.3"><GO type="97" lobby="0"/><UN n0="%E5%B0%B1%E6%B4%BB%E7%94%9F%40%E5%B7%9D%E6%9D%91%E8%BB%8D%E5%9B%A3" n1="%E7%81%AB%E8%96%AC%E5%BE%A1%E9%A3%AF" n2="%68%69%72%61%2F%2F" n3="%E3%83%92%E3%83%87%E3%82%B3" dan="13,15,15,13" rate="1896.22,2043.46,1959.77,1873.29" sx="M,M,F,M"/><TAIKYOKU oya="0"/><INIT seed="0,0,0,1,4,74" ten="250,250,250,250" oya="0" hai0="20,73,55,84,77,46,133,43,44,38,108,41,90" hai1="121,19,60,67,5,110,100,86,75,23,18,12,131" hai2="13,28,115,66,29,120,129,22,126,116,3,16,88" hai3="111,52,114,45,128,63,125,106,122,104,123,124,94"/><T119/><D119/><U17/><E75/><V65/><F115/><W32/><G114/><T0/><D0/><U79/><E121/><N who="3" m="46090" /><G111/><T42/><D133/><U99/><E110/><V62/><F120/><W47/><G32/><T24/><D108/><U50/><E5/><V49/><F3/><W35/><G35/><T59/><D73/><U33/><E50/><V21/><F116/><W54/><G128/><T81/><D90/><U1/><E33/><V95/><F129/><W34/><G94/><T83/><D83/><U53/><E53/><N who="3" m="20586" /><G63/><T80/><D80/><U113/><E1/><V10/><F126/><N who="3" m="48747" /><G34/><T69/><D69/><U14/><E131/><V105/><F105/><AGARI ba="0,0" hai="45,47,104,105,106" m="48747,20586,46090" machi="105" ten="40,8000,1" yaku="28,2,13,1,18,1,54,1" doraHai="74" who="3" fromWho="2" sc="250,0,250,0,250,-80,250,80" /><INIT seed="1,0,0,1,3,0" ten="250,250,170,330" oya="1" hai0="73,116,26,87,8,15,56,92,103,22,98,52,97" hai1="40,115,13,3,67,91,112,76,106,134,6,133,102" hai2="50,2,78,80,128,61,4,108,130,81,34,132,39" hai3="1,31,29,25,79,47,11,131,105,55,77,69,86"/><U65/><E91/><V95/><F39/><W38/><G131/><N who="2" m="50217" /><F34/><W88/><G105/><T100/><D73/><U96/><E13/><V14/><F108/><W68/><G31/><T60/><D116/><U5/><E3/><V21/><F132/><N who="1" m="50793" /><E76/><V9/><F61/><W33/><G69/><T24/><D87/><U84/><E40/><V58/><F95/><W71/><G71/><T122/><D122/><U19/><E84/><V64/><F78/><W28/><G68/><T117/><D117/><U48/><E48/><V129/><N who="2" m="50225" /><V35/><DORA hai="118" /><F35/><W120/><G120/><T53/><D53/><U27/><E67/><V114/><F114/><N who="1" m="43561" /><E65/><V59/><F64/><W124/><G1/><T72/><D72/><U37/><E37/><V85/><F50/><W111/><G38/><T41/><D41/><U32/><E19/><N who="2" m="10487" /><F85/><W126/><G33/><T10/><D98/><U30/><AGARI ba="0,0" hai="5,6,27,30,32,96,102,106" m="43561,50793" machi="30" ten="40,7800,0" yaku="20,1,52,2" doraHai="0,118" who="1" fromWho="1" sc="250,-26,250,78,170,-26,330,-26" /><INIT seed="1,1,0,1,2,61" ten="224,328,144,304" oya="1" hai0="33,70,78,50,38,112,46,111,44,30,23,48,85" hai1="69,115,75,107,100,134,80,104,122,15,129,114,73" hai2="25,31,11,26,98,19,39,120,60,21,53,105,65" hai3="42,109,89,47,99,40,34,135,45,74,116,79,37"/><U13/><E129/><V113/><F120/><W4/><G116/><T36/><D33/><U106/><E69/><V1/><F113/><W32/><G109/><T29/><D111/><U14/><E122/><V52/><F39/><W27/><G135/><T103/><D112/><N who="1" m="43051" /><E100/><N who="2" m="62615" /><F11/><W6/><G99/><T16/><D70/><U68/><E68/><N who="2" m="42023" /><F1/><W121/><G121/><T22/><D103/><U28/><E80/><V127/><F127/><W56/><G89/><T133/><D133/><U81/><E81/><V90/><F90/><W49/><G56/><T10/><D10/><U24/><E134/><V7/><F7/><W62/><G62/><T86/><REACH who="0" step="1"/><D78/><REACH who="0" ten="214,328,144,304" step="2"/><U18/><E107/><V132/><F132/><W108/><G108/><T117/><D117/><U12/><E106/><V131/><F131/><W110/><G110/><T35/><D35/><AGARI ba="1,1" hai="19,21,25,26,31,35,52,53" m="42023,62615" machi="35" ten="30,3900,0" yaku="25,1,52,1,54,1" doraHai="61" who="2" fromWho="0" sc="214,-42,328,0,144,52,304,0" /><INIT seed="2,0,0,3,1,119" ten="172,328,196,304" oya="2" hai0="4,47,67,79,122,20,91,116,77,135,80,34,95" hai1="6,2,115,113,52,44,27,0,132,63,92,31,8" hai2="106,129,55,54,36,19,17,66,127,89,73,1,120" hai3="109,104,57,74,25,29,107,121,128,96,99,85,5"/><V123/><F73/><W81/><G109/><T118/><D34/><U28/><E132/><V86/><F36/><W60/><G128/><T130/><D130/><U76/><E2/><V111/><F129/><W3/><G74/><T83/><D135/><U126/><E31/><V45/><F1/><W64/><G121/><T43/><D4/><U9/><E8/><V75/><F75/><W41/><G41/><T114/><D67/><U69/><E76/><N who="0" m="29257" /><D114/><U134/><E126/><V39/><F106/><W71/><G57/><T133/><D20/><U65/><E134/><V21/><F127/><W7/><G3/><T50/><D133/><U102/><E92/><V131/><F131/><W30/><G30/><T78/><N who="0" m="29265" /><T46/><DORA hai="84" /><D122/><U26/><E26/><V94/><F111/><W58/><G58/><T42/><D116/><U11/><E11/><V98/><F66/><W14/><G14/><T40/><D118/><U48/><REACH who="1" step="1"/><E102/><REACH who="1" ten="172,318,196,304" step="2"/><V38/><F123/><W82/><G25/><T23/><D23/><AGARI ba="0,1" hai="0,6,9,23,27,28,44,48,52,63,65,69,113,115" machi="23" ten="30,8000,1" yaku="1,1,2,1,7,1,54,1,53,1" doraHai="119,84" doraHaiUra="13,49" who="1" fromWho="0" sc="172,-80,318,90,196,0,304,0" /><INIT seed="3,0,0,3,4,12" ten="92,408,196,304" oya="3" hai0="6,86,88,40,17,7,25,30,36,43,113,118,116" hai1="104,2,68,94,26,34,107,100,106,121,14,8,46" hai2="101,85,128,41,76,58,42,21,89,69,124,134,114" hai3="98,92,45,115,93,54,72,48,39,111,9,60,19"/><W63/><G115/><T79/><D113/><U131/><E131/><V87/><F114/><W123/><G123/><T80/><D116/><U32/><E94/><V37/><F69/><W97/><G72/><T61/><D118/><U112/><E14/><V28/><F37/><W75/><G75/><T96/><D36/><U84/><E84/><V83/><F128/><W105/><G105/><T59/><D6/><N who="1" m="1111" /><E112/><V135/><F124/><W120/><G120/><T0/><D0/><U57/><E57/><V33/><F33/><W108/><G39/><T51/><D7/><U132/><E46/><V70/><F101/><W22/><G9/><T15/><D51/><U20/><E20/><V90/><F70/><W35/><G35/><N who="1" m="13354" /><E26/><V4/><F4/><W27/><G98/><T55/><D30/><U103/><E103/><V126/><F126/><W18/><G18/><T77/><D77/><U24/><E24/><N who="2" m="16399" /><F76/><W53/><G53/><T117/><D117/><U66/><E132/><N who="2" m="50731" /><F58/><W5/><G5/><T110/><D110/><N who="3" m="42025" /><G93/><AGARI ba="0,0" hai="41,42,83,85,87,89,90,93" m="50731,16399" machi="93" ten="30,1000,0" yaku="20,1" doraHai="12" who="2" fromWho="3" sc="92,0,408,0,196,10,304,-10" owari="92,-41.0,408,51.0,206,-19.0,294,9.0" /></mjloggm>