<mjloggm ver="2.3"><GO type="97" lobby="0"/><UN n0="%E5%B0%B1%E6%B4%BB%E7%94%9F%40%E5%B7%9D%E6%9D%91%E8%BB%8D%E5%9B%A3" n1="%E6%B0%B7%E6%B2%BC%E8%97%8D%E5%8F%B8" n2="%EF%BC%95%EF%BC%90%E6%9E%9A%EF%BC%91%EF%BC%90%EF%BC%90%EF%BC%90%E5%86%86" n3="%68%69%72%61%2F%2F" dan="13,14,14,15" rate="1907.77,1922.50,1937.25,1961.66" sx="M,F,M,F"/><TAIKYOKU oya="0"/><INIT seed="0,0,0,5,5,17" ten="250,250,250,250" oya="0" hai0="37,54,11,15,120,127,118,95,7,16,69,92,25" hai1="46,20,14,75,126,61,99,3,100,96,117,72,21" hai2="77,59,64,27,67,45,42,9,10,12,105,113,5" hai3="62,90,131,65,122,56,2,24,85,52,73,74,133"/><T129/><D120/><U116/><E3/><V43/><F113/><W36/><G122/><T121/><D121/><U22/><E126/><V81/><F105/><W41/><G2/><T13/><D118/><U102/><E61/><N who="2" m="37951" /><F67/><W23/><G131/><T87/><D69/><U106/><E46/><V49/><F27/><W39/><G133/><T47/><D127/><U114/><E114/><V28/><F28/><W66/><G74/><T101/><D129/><U119/><E14/><N who="2" m="5423" /><F81/><W60/><G73/><T38/><D38/><U86/><E86/><V78/><F43/><W91/><G41/><T76/><D76/><U80/><E80/><V50/><F50/><W134/><G134/><T79/><D25/><U32/><E32/><V135/><F135/><W112/><G112/><T40/><D54/><U4/><E4/><AGARI ba="0,0" hai="4,10,12,42,45,49,77,78" m="5423,37951" machi="4" ten="30,1000,0" yaku="8,1" doraHai="17" who="2" fromWho="1" sc="250,0,250,-10,250,10,250,0" /><INIT seed="1,0,0,4,2,2" ten="250,240,260,250" oya="1" hai0="128,22,97,78,36,8,10,6,134,29,77,7,102" hai1="11,47,91,76,41,42,92,82,108,28,14,52,126" hai2="69,107,56,103,50,34,67,13,124,101,60,39,121" hai3="18,123,3,79,131,5,61,117,63,9,81,130,30"/><U58/><E126/><V88/><F39/><W24/><G123/><T44/><D128/><N who="3" m="49193" /><G117/><T132/><D36/><U98/><E28/><V12/><F121/><W45/><G45/><T48/><D29/><U70/><E70/><V68/><F34/><N who="3" m="20807" /><G18/><T33/><D33/><U17/><E47/><V31/><F31/><W133/><G133/><T16/><D78/><U100/><E100/><V85/><F124/><W65/><G65/><T32/><D32/><U66/><E66/><V55/><F69/><W37/><G37/><T80/><D8/><U0/><E0/><V112/><F112/><W93/><G93/><N who="0" m="58671" /><D10/><U125/><E108/><V1/><F1/><W72/><AGARI ba="0,0" hai="3,5,9,61,63,72,79,81" m="20807,49193" machi="72" ten="30,2000,0" yaku="19,1,52,1" doraHai="2" who="3" fromWho="3" sc="250,-5,240,-10,260,-5,250,20" /><INIT seed="2,0,0,1,4,97" ten="245,230,255,270" oya="2" hai0="5,67,128,50,16,66,77,27,100,93,125,2,43" hai1="73,127,28,103,36,118,23,91,129,112,62,96,102" hai2="110,117,10,29,133,71,4,12,79,38,9,53,21" hai3="121,111,26,123,6,59,99,86,105,49,88,61,108"/><V34/><F117/><W22/><G6/><T83/><D125/><U39/><E73/><V33/><F71/><W101/><G49/><T44/><D128/><U130/><E112/><V31/><F38/><N who="1" m="14377" /><E118/><V107/><F107/><W0/><G0/><T46/><D2/><U126/><E62/><V92/><F79/><W69/><G69/><T116/><D5/><U25/><E91/><V48/><F133/><W68/><G68/><T119/><D46/><U47/><E47/><V51/><F110/><N who="3" m="42027" /><G22/><N who="0" m="13767" /><D116/><U89/><E89/><V115/><F115/><W52/><G26/><T55/><D119/><U90/><E90/><V95/><F51/><W81/><AGARI ba="0,0" hai="52,59,61,81,86,88,99,101,105,121,123" m="42027" machi="81" ten="30,7900,0" yaku="14,1,52,1,54,2" doraHai="97" who="3" fromWho="3" sc="245,-20,230,-20,255,-39,270,79" /><INIT seed="3,0,0,0,1,28" ten="225,210,216,349" oya="3" hai0="116,16,81,90,115,59,58,113,80,0,36,55,35" hai1="120,5,31,60,71,25,93,45,123,126,61,43,50" hai2="53,17,110,103,96,2,14,129,12,121,97,117,56" hai3="135,48,32,21,33,124,65,132,37,92,76,119,122"/><W89/><G37/><T63/><D116/><U30/><E126/><V66/><F117/><W104/><G104/><T130/><D36/><U52/><E5/><V83/><F2/><W38/><G38/><T109/><D0/><U20/><E31/><V125/><F121/><W15/><G119/><T112/><D130/><U87/><E71/><V106/><F129/><W10/><G21/><T24/><D109/><U46/><E61/><V62/><F110/><W100/><G100/><T118/><D118/><U101/><E101/><V114/><F114/><W77/><G65/><N who="0" m="39159" /><D90/><U127/><E127/><V1/><F1/><W73/><G76/><T54/><D54/><U111/><E111/><V3/><F3/><W6/><G48/><N who="0" m="31207" /><D35/><U85/><E85/><V9/><F125/><W34/><G124/><T98/><D98/><U107/><E107/><V86/><F96/><W78/><G122/><T42/><D42/><U68/><E68/><V18/><F66/><W8/><G73/><T51/><D51/><U7/><E7/><V102/><F102/><W134/><G8/><T99/><D99/><AGARI ba="0,0" hai="6,10,15,32,33,34,77,78,89,92,99,132,134,135" machi="99" ten="50,12000,1" yaku="20,1,52,3" doraHai="28" who="3" fromWho="0" sc="225,-120,210,0,216,0,349,120" owari="105,-39.0,210,-19.0,216,2.0,469,56.0" /></mjloggm>