<mjloggm ver="2.3"><GO type="41" lobby="0"/><UN n0="%46%75%67%69%74%69%76%65" n1="%74%6F%79%61%6D%61%73%6B" n2="%6B%69%6D%6B%6F%75" n3="%E3%82%A6%E3%83%AB%E3%83%88%E3%83%A9%E7%AB%8B%E7%9B%B4" dan="14,14,14,15" rate="1913.80,1942.66,1899.70,2018.29" sx="M,M,M,M"/><TAIKYOKU oya="0"/><INIT seed="0,0,0,3,1,113" ten="250,250,250,250" oya="0" hai0="53,118,77,98,14,127,63,100,64,117,132,121,110" hai1="5,12,45,89,102,90,8,75,51,81,33,101,27" hai2="36,130,78,47,54,86,74,23,79,68,34,48,131" hai3="84,4,135,62,13,109,28,44,80,126,21,55,92"/><T29/><D121/><U72/><E33/><V83/><F34/><W119/><G109/><T38/><D38/><U88/><E27/><V65/><F36/><W61/><G126/><T59/><D127/><U85/><E72/><V2/><F2/><W104/><G104/><T105/><D77/><N who="1" m="46255" /><E75/><V111/><F111/><W1/><G119/><T70/><D110/><U17/><E17/><V94/><F94/><W6/><G1/><T129/><D129/><U40/><AGARI ba="0,0" hai="5,8,12,40,45,51,88,89,90,101,102" m="46255" machi="40" ten="30,4000,0" yaku="25,1,8,1,54,1" doraHai="113" who="1" fromWho="1" sc="250,-20,250,40,250,-10,250,-10" /><INIT seed="1,0,0,5,2,102" ten="230,290,240,240" oya="1" hai0="35,26,130,30,52,55,18,106,131,77,93,101,58" hai1="57,63,62,113,12,34,59,81,49,99,66,71,107" hai2="3,37,98,41,135,44,79,39,112,67,104,14,125" hai3="72,118,127,9,32,75,87,11,69,78,8,56,73"/><U7/><E34/><V24/><F112/><W117/><G69/><T4/><D77/><U91/><E113/><V33/><F3/><W38/><G32/><T129/><D93/><U65/><E71/><V61/><F79/><W80/><G38/><T111/><D111/><U5/><E49/><V88/><F135/><W50/><G127/><T133/><D133/><U46/><E46/><V47/><F125/><W1/><G1/><T45/><D18/><U21/><E107/><V90/><F14/><W2/><G2/><T134/><D4/><U23/><E99/><V51/><F44/><W42/><G56/><T60/><D45/><U110/><E110/><V105/><F33/><W114/><G114/><T19/><D19/><N who="1" m="10471" /><E23/><V17/><F17/><W103/><G50/><T121/><D121/><U25/><E25/><V124/><F24/><W132/><G132/><T119/><D119/><U16/><E16/><V83/><F124/><W76/><G76/><T15/><D15/><U64/><E64/><V89/><F98/><W48/><G48/><T100/><D134/><U92/><E92/><V53/><F83/><W74/><N who="3" m="18944" /><DORA hai="0" /><W122/><G122/><T22/><D35/><U86/><AGARI ba="0,0" hai="5,7,57,59,62,63,65,66,81,86,91" m="10471" machi="86" ten="30,6000,0" yaku="8,1,52,2" doraHai="102,0" who="1" fromWho="1" sc="230,-20,290,60,240,-20,240,-20" /><INIT seed="1,1,0,2,3,127" ten="210,350,220,220" oya="1" hai0="68,28,88,39,52,46,55,104,110,51,134,107,0" hai1="47,113,64,17,125,45,49,50,20,92,19,1,14" hai2="115,54,83,99,10,76,98,128,8,26,117,131,53" hai3="96,63,2,133,42,106,24,103,3,119,97,108,15"/><U59/><E113/><V65/><F117/><W79/><G119/><T61/><D0/><U5/><E125/><V72/><F115/><W58/><G108/><T118/><D118/><U121/><E121/><V29/><F65/><W94/><G133/><T114/><D114/><U123/><E123/><V48/><F10/><W95/><G106/><T112/><D110/><U37/><E37/><V69/><F69/><W32/><G42/><T87/><D28/><U70/><E70/><V38/><F38/><W122/><G122/><T13/><D112/><U85/><E1/><V80/><F8/><W91/><G79/><T102/><D39/><U57/><E5/><V23/><F83/><W40/><G40/><T77/><D77/><U9/><E64/><V30/><F30/><W71/><G71/><T132/><D13/><N who="1" m="9327" /><E49/><V89/><F89/><W116/><G116/><T100/><D68/><U86/><E47/><V66/><F66/><W4/><G32/><T25/><D25/><U82/><E92/><V22/><F22/><W18/><G4/><T101/><D61/><U16/><E17/><V78/><F78/><W84/><G24/><T105/><REACH who="0" step="1"/><D55/><REACH who="0" ten="200,350,220,220" step="2"/><N who="1" m="30159" /><E85/><V7/><F53/><N who="3" m="34255" /><G3/><T93/><AGARI ba="1,1" hai="46,51,52,87,88,93,100,101,102,104,105,107,132,134" machi="93" ten="40,8000,1" yaku="1,1,0,1,54,2,53,0" doraHai="127" doraHaiUra="60" who="0" fromWho="0" sc="200,93,350,-41,220,-21,220,-21" /><INIT seed="2,0,0,5,4,55" ten="293,309,199,199" oya="2" hai0="63,99,95,106,25,36,26,50,73,11,98,107,34" hai1="70,109,53,92,101,83,126,72,108,124,133,19,131" hai2="29,81,88,115,61,84,32,118,22,49,48,85,58" hai3="27,135,43,132,24,128,104,89,44,90,123,62,30"/><V56/><F118/><W67/><G104/><T120/><D73/><U82/><E70/><V91/><F115/><W41/><G123/><T18/><D36/><U14/><E53/><V5/><F32/><W117/><G117/><T45/><D63/><U103/><E131/><V69/><F69/><W105/><G105/><T111/><D111/><N who="1" m="42571" /><E133/><N who="3" m="51274" /><G128/><T7/><D26/><N who="3" m="9769" /><G30/><T46/><D46/><U110/><E110/><V38/><F29/><W114/><G114/><T15/><D34/><U59/><E124/><V51/><F38/><N who="3" m="21559" /><G43/><T100/><D25/><U130/><E126/><V121/><F121/><W2/><G2/><T37/><D37/><U79/><E130/><V80/><F5/><W102/><G102/><T94/><D7/><U93/><E103/><V6/><F6/><W10/><G10/><T76/><D120/><U87/><E101/><V113/><F113/><W9/><G9/><T71/><D107/><U54/><E19/><V74/><F74/><W35/><G35/><T122/><D106/><U21/><E21/><V66/><F22/><W64/><G64/><T119/><D119/><U112/><E112/><V13/><REACH who="2" step="1"/><F13/><REACH who="2" ten="293,309,189,199" step="2"/><W96/><G96/><T57/><D99/><U134/><E134/><V33/><F33/><W1/><G1/><T23/><D23/><U65/><E14/><V28/><F28/><W60/><G60/><T52/><D122/><U47/><E72/><V17/><F17/><W4/><G4/><T12/><D15/><U3/><E3/><V86/><F86/><W40/><G62/><T31/><D31/><U16/><E87/><V97/><F97/><RYUUKYOKU ba="0,1" sc="293,-10,309,-10,189,30,199,-10" hai2="48,49,51,56,58,61,66,80,81,84,85,88,91" /><INIT seed="2,1,1,4,3,85" ten="283,299,219,189" oya="2" hai0="125,114,121,124,28,94,74,91,93,6,27,103,43" hai1="45,84,5,7,65,14,99,46,83,23,1,34,32" hai2="86,112,63,15,62,51,55,66,4,18,30,81,20" hai3="33,105,71,133,19,111,122,75,2,76,119,16,48"/><V67/><F112/><W60/><G19/><T49/><D121/><U127/><E127/><N who="0" m="48713" /><D74/><U70/><E1/><V24/><F4/><W87/><G16/><T39/><D39/><U104/><E70/><V69/><F69/><W97/><G48/><T88/><D6/><U44/><E65/><V109/><F109/><W12/><G60/><T11/><D11/><U29/><E34/><V129/><F129/><W130/><G12/><T116/><D116/><U101/><E32/><V113/><F113/><W59/><G59/><T35/><D114/><U68/><E68/><V135/><F135/><W0/><G87/><T40/><D49/><U128/><E128/><V115/><F115/><W117/><G0/><T64/><D64/><U118/><E118/><V31/><F67/><W8/><G2/><T72/><D72/><U56/><E56/><N who="2" m="32895" /><F66/><W53/><G71/><T77/><D77/><U37/><E37/><V13/><F13/><W98/><G76/><T79/><D79/><N who="1" m="46207" /><E14/><V41/><F41/><N who="0" m="15946" /><D94/><U73/><E73/><V54/><F54/><W26/><G75/><T95/><D95/><U90/><E7/><V36/><F36/><W57/><G130/><T78/><D78/><U106/><E5/><V110/><F110/><W80/><G111/><T92/><D92/><N who="1" m="56727" /><E106/><V108/><F108/><W96/><G105/><T61/><D61/><N who="2" m="23050" /><F15/><W89/><G119/><T47/><D47/><U17/><E104/><V107/><F107/><W21/><G117/><T42/><N who="0" m="15954" /><T131/><DORA hai="102" /><D131/><U25/><E44/><V100/><F100/><W22/><G53/><T3/><D3/><RYUUKYOKU ba="1,1" sc="283,15,299,-15,219,15,189,-15" hai0="27,28,35,88,91,93,103" hai2="18,20,24,30,31,81,86" /><INIT seed="2,2,1,1,1,109" ten="298,284,234,174" oya="2" hai0="42,113,124,13,11,55,47,57,111,6,19,110,129" hai1="117,45,104,103,102,4,93,119,105,118,78,48,49" hai2="9,107,64,71,38,68,61,108,22,26,96,3,114" hai3="75,79,35,98,51,34,52,84,123,90,132,21,89"/><V69/><F38/><W24/><G123/><T66/><D113/><U133/><E4/><V121/><F114/><W95/><G132/><T16/><D66/><U87/><E133/><V127/><F121/><W53/><G79/><T101/><D101/><N who="1" m="38411" /><E45/><V88/><F127/><W1/><G1/><T23/><D124/><U27/><E27/><V128/><F128/><W17/><G75/><T44/><D129/><U40/><E40/><V28/><F108/><N who="0" m="41514" /><D42/><U131/><E131/><V8/><F107/><N who="1" m="41033" /><E49/><V92/><REACH who="2" step="1"/><F3/><REACH who="2" ten="298,284,224,174" step="2"/><W56/><G53/><T94/><D94/><AGARI ba="2,2" hai="17,21,24,34,35,51,52,56,84,89,90,94,95,98" machi="94" ten="30,2000,0" yaku="7,1,54,1" doraHai="109" who="3" fromWho="0" sc="298,-26,284,0,224,0,174,46" /><INIT seed="3,0,0,1,2,69" ten="272,284,224,220" oya="3" hai0="102,123,51,108,105,27,92,11,14,15,39,22,19" hai1="54,130,38,129,101,119,24,57,16,73,106,86,100" hai2="124,118,7,72,126,74,56,94,78,8,121,134,10" hai3="50,111,30,47,103,48,52,97,23,17,88,3,63"/><W64/><G3/><T37/><D123/><U98/><E73/><V49/><F121/><W135/><G135/><T20/><D105/><U91/><E119/><V75/><F134/><W96/><G111/><T132/><D132/><U28/><E101/><V84/><F118/><W45/><G30/><T80/><D80/><U26/><E38/><V41/><F8/><W31/><G31/><T76/><D76/><U21/><E28/><V87/><F94/><W25/><G103/><T40/><D108/><U99/><E26/><V58/><F78/><W89/><G96/><T107/><D107/><U110/><E110/><V115/><F115/><W90/><G97/><T36/><D102/><U4/><E4/><V67/><F58/><N who="3" m="36983" /><G90/><T109/><D92/><U33/><E33/><V61/><F87/><W82/><G82/><T9/><D109/><U32/><E32/><V71/><F84/><W65/><G65/><T46/><REACH who="0" step="1"/><D27/><REACH who="0" ten="262,284,224,220" step="2"/><U44/><E100/><V85/><F126/><W62/><G62/><T12/><D12/><U128/><E106/><V13/><F61/><W6/><G6/><AGARI ba="0,1" hai="6,9,11,14,15,19,20,22,36,37,39,40,46,51" machi="6" ten="40,8000,1" yaku="1,1,52,3,53,0" doraHai="69" doraHaiUra="55" who="0" fromWho="3" sc="262,90,284,0,224,0,220,-80" /><INIT seed="4,0,0,2,3,30" ten="352,284,224,140" oya="0" hai0="59,82,98,92,99,62,69,4,11,48,36,133,41" hai1="49,77,70,7,93,5,113,134,32,120,121,25,39" hai2="108,72,132,56,22,61,130,110,91,94,117,88,54" hai3="125,42,10,65,43,80,104,17,23,34,100,44,31"/><T67/><D82/><U47/><E39/><V60/><F117/><W40/><G125/><T116/><D133/><U19/><E70/><V114/><F132/><W83/><G44/><T21/><D21/><U105/><E134/><V84/><F72/><W24/><G65/><T86/><D116/><U97/><E105/><V101/><F130/><W66/><G66/><T124/><D124/><U106/><E106/><V122/><F122/><W2/><G100/><T1/><D86/><U15/><E77/><V74/><F74/><W63/><G63/><T129/><D129/><U8/><E113/><V45/><F101/><W96/><G96/><T27/><D27/><U95/><E7/><V6/><F114/><W103/><G103/><T89/><D36/><U50/><E50/><V51/><F6/><W68/><G68/><T123/><D123/><U9/><E32/><V79/><F79/><W102/><G102/><T109/><D109/><U126/><E126/><V111/><F22/><W90/><G90/><T112/><D112/><U28/><E28/><V14/><F14/><N who="3" m="9655" /><G104/><T35/><D98/><U52/><E25/><V78/><F78/><W58/><G58/><T29/><D41/><N who="3" m="10497" /><W71/><DORA hai="81" /><G71/><T85/><D99/><U0/><E95/><V64/><F111/><W38/><G38/><T107/><D107/><U57/><E57/><V135/><F135/><W131/><G131/><T33/><D69/><U119/><E119/><V76/><F61/><W16/><G2/><T115/><D115/><U75/><E75/><V12/><F91/><AGARI ba="0,0" hai="0,5,8,9,15,19,47,49,52,91,93,97,120,121" machi="91" ten="30,2000,0" yaku="7,1,54,1" doraHai="30,81" who="1" fromWho="2" sc="352,0,284,20,224,-20,140,0" /><INIT seed="5,0,0,4,5,30" ten="352,304,204,140" oya="1" hai0="28,1,61,31,109,50,91,85,55,16,25,27,127" hai1="112,48,113,74,52,12,90,81,125,106,40,62,135" hai2="23,17,4,116,95,96,98,82,43,134,5,24,21" hai3="123,34,132,131,8,20,89,69,65,18,2,35,71"/><U58/><E135/><V105/><F134/><W57/><G123/><T32/><D1/><U76/><E125/><V86/><F116/><W29/><G132/><T3/><D3/><U110/><E106/><V75/><F75/><W114/><G57/><T121/><D109/><U93/><E110/><V72/><F72/><W26/><G65/><T84/><D61/><U88/><E12/><V120/><F120/><W6/><G131/><T41/><D41/><U87/><E90/><V118/><F118/><W38/><G38/><T46/><D127/><U11/><E11/><V78/><F43/><W56/><G56/><T130/><D130/><U119/><E119/><V117/><F117/><W45/><G45/><T70/><D70/><U99/><E74/><V79/><F79/><W33/><G114/><N who="1" m="44138" /><E40/><V100/><REACH who="2" step="1"/><F23/><REACH who="2" ten="352,304,194,140" step="2"/><W22/><REACH who="3" step="1"/><G89/><AGARI ba="0,1" hai="4,5,17,21,24,78,82,86,89,95,96,98,100,105" machi="89" ten="30,3900,0" yaku="1,1,2,1,7,1,53,0" doraHai="30" doraHaiUra="133" who="2" fromWho="3" sc="352,0,304,0,194,49,140,-39" /><INIT seed="6,0,0,3,2,112" ten="352,304,243,101" oya="2" hai0="24,128,90,39,83,2,126,71,10,120,16,93,127" hai1="3,6,46,4,26,0,84,105,130,48,20,78,89" hai2="87,81,116,41,57,134,66,34,99,7,73,132,117" hai3="104,37,64,88,114,51,129,121,9,29,110,119,28"/><V25/><F73/><W21/><G104/><T108/><D108/><U32/><E32/><V131/><F99/><W123/><G37/><T50/><D39/><U79/><E105/><V18/><F41/><W5/><G51/><T107/><D71/><U113/><E113/><V44/><F7/><N who="1" m="2601" /><E130/><V77/><F44/><W65/><G114/><T125/><D120/><U15/><E15/><V72/><F131/><W97/><G97/><N who="0" m="57527" /><D107/><U106/><E106/><V61/><F72/><W62/><G5/><N who="0" m="1335" /><D50/><U76/><E3/><V118/><REACH who="2" step="1"/><F18/><REACH who="2" ten="352,304,233,101" step="2"/><W49/><G129/><T12/><D128/><U43/><E0/><V101/><F101/><W70/><G121/><T75/><D75/><U86/><E43/><V102/><F102/><W63/><G123/><T53/><D12/><U23/><E46/><V31/><AGARI ba="0,1" hai="25,31,34,57,61,66,77,81,87,116,117,118,132,134" machi="31" ten="40,12000,1" yaku="1,1,0,1,52,3,53,0" doraHai="112" doraHaiUra="40" who="2" fromWho="2" sc="352,-40,304,-40,233,130,101,-40" /><INIT seed="6,1,0,4,4,97" ten="312,264,363,61" oya="2" hai0="121,81,124,92,75,58,112,80,87,49,62,109,116" hai1="105,119,48,59,41,90,24,5,21,32,7,36,129" hai2="35,22,57,104,79,45,30,64,113,55,126,6,63" hai3="73,96,100,31,8,69,71,102,83,27,115,40,107"/><V91/><F126/><W88/><G115/><T52/><D109/><U118/><E32/><V46/><F113/><W134/><G134/><T16/><D121/><U66/><E36/><V86/><F35/><W85/><G40/><T132/><D75/><U60/><E105/><V117/><F79/><W50/><G73/><T1/><D1/><U74/><E74/><V13/><F117/><W15/><G50/><T67/><D112/><U103/><E129/><V84/><F104/><W47/><G47/><N who="0" m="27711" /><D116/><U17/><E103/><V65/><F86/><W25/><G102/><T108/><D108/><U101/><E101/><V76/><F76/><W12/><G12/><T37/><D37/><U61/><E90/><V94/><F6/><W128/><G128/><T18/><D132/><U20/><E119/><V77/><F77/><W133/><G133/><T2/><D2/><U10/><E118/><V127/><F127/><W131/><G131/><T11/><D124/><U120/><E120/><V78/><F78/><W19/><REACH who="3" step="1"/><G27/><REACH who="3" ten="312,264,363,51" step="2"/><T51/><D51/><U38/><E48/><V123/><F13/><W122/><G122/><T34/><D34/><AGARI ba="1,1" hai="8,15,19,25,31,34,69,71,83,85,88,96,100,107" machi="34" ten="30,7700,0" yaku="1,1,7,1,52,1,54,1,53,0" doraHai="97" doraHaiUra="54" who="3" fromWho="0" sc="312,-80,264,0,363,0,51,90" /><INIT seed="7,0,0,1,1,123" ten="232,264,363,141" oya="3" hai0="54,127,46,134,36,47,102,39,37,101,66,56,76" hai1="48,133,135,129,17,72,35,103,105,4,94,78,5" hai2="119,25,19,81,0,55,87,85,42,58,23,30,16" hai3="120,95,27,88,86,73,51,107,125,75,131,67,70"/><W9/><G120/><T7/><D76/><U83/><E105/><V2/><F119/><W8/><G107/><T124/><D7/><U132/><E129/><V93/><F42/><W6/><G131/><T90/><D102/><U106/><E106/><V122/><F122/><W113/><G125/><N who="0" m="48203" /><D90/><U11/><E35/><V21/><F93/><W68/><G113/><T96/><D66/><U108/><E108/><V29/><F2/><W3/><G9/><T52/><D96/><N who="1" m="59799" /><E48/><V43/><F0/><W112/><G112/><T77/><D77/><U22/><E11/><V92/><F43/><W109/><G109/><T111/><D101/><U28/><E28/><V31/><F92/><W97/><G97/><T84/><D84/><U24/><AGARI ba="0,0" hai="4,5,17,22,24,72,78,83,132,133,135" m="59799" machi="24" ten="30,1100,0" yaku="20,1" doraHai="123" who="1" fromWho="1" sc="232,-3,264,11,363,-3,141,-5" owari="229,-17.0,275,8.0,360,45.0,136,-36.0" /></mjloggm>