<mjloggm ver="2.3"><GO type="97" lobby="0"/><UN n0="%E5%86%86%E6%A5%BD%EF%BC%A0%E6%A5%BD%E5%A4%A9" n1="%E3%81%A8%E3%82%93%E3%81%8C%E3%82%8A%E3%82%B3%E3%83%BC%E3%83%B3" n2="%E5%B0%B1%E6%B4%BB%E7%94%9F%40%E5%B7%9D%E6%9D%91%E8%BB%8D%E5%9B%A3" n3="%35%30%30%6D%6C%EF%BC%9F%EF%BC%9F" dan="15,13,15,14" rate="2036.11,1866.88,1997.71,1952.80" sx="M,M,M,M"/><TAIKYOKU oya="0"/><INIT seed="0,0,0,0,4,47" ten="250,250,250,250" oya="0" hai0="115,9,111,119,77,33,132,16,68,117,30,72,28" hai1="54,5,36,90,53,81,78,70,100,35,133,89,99" hai2="23,58,94,135,6,121,104,19,7,76,22,129,32" hai3="107,38,15,124,131,59,127,116,31,25,51,65,3"/><T61/><D115/><U120/><E35/><V34/><F104/><W103/><G116/><T98/><D132/><U86/><E70/><V63/><F121/><W12/><G38/><T114/><D114/><U73/><E36/><V125/><F76/><W79/><G3/><T24/><D30/><U87/><E5/><V122/><F122/><W96/><G79/><T27/><D111/><U80/><E120/><V52/><F135/><W45/><G131/><T109/><D109/><U20/><E133/><V83/><F129/><W62/><G127/><T71/><D98/><U48/><E20/><V93/><F125/><W56/><G56/><T26/><D26/><U39/><E39/><V130/><F130/><W0/><G0/><T126/><D126/><U84/><E53/><V67/><F34/><W75/><G75/><T8/><D77/><N who="1" m="44079" /><E48/><V14/><F32/><W50/><G50/><T106/><D33/><U74/><E54/><V1/><F83/><W134/><G134/><T113/><D28/><U88/><E89/><V44/><F22/><W60/><G60/><T118/><D113/><U4/><E4/><N who="2" m="1579" /><F1/><W11/><G124/><T102/><D61/><U69/><E69/><V57/><F44/><W128/><G128/><T112/><D71/><U101/><E101/><V55/><F67/><W82/><G82/><T41/><D112/><U17/><E17/><V13/><F13/><W97/><G97/><N who="0" m="61775" /><D68/><U37/><E37/><V10/><F10/><N who="0" m="4202" /><D119/><U21/><E21/><V66/><F66/><W46/><G11/><T29/><D117/><U123/><E123/><V64/><F64/><RYUUKYOKU ba="0,0" sc="250,-15,250,15,250,15,250,-15" hai1="74,78,81,84,86,87,88,90,99,100" hai2="14,19,23,52,55,57,58,63,93,94" /><INIT seed="1,1,0,1,2,75" ten="235,265,265,235" oya="1" hai0="27,3,111,25,117,113,81,19,127,56,53,79,122" hai1="97,71,40,131,77,14,96,28,26,82,32,130,63" hai2="21,91,106,109,12,16,76,133,108,68,89,66,43" hai3="60,123,9,87,116,94,8,86,85,73,67,93,37"/><U42/><E14/><V13/><F106/><W100/><G123/><T50/><D3/><U45/><E42/><V88/><F43/><W49/><G116/><T135/><D117/><U34/><E34/><V124/><F124/><W5/><G73/><T35/><D113/><U115/><E115/><V105/><F105/><W104/><G37/><T1/><D1/><U132/><E132/><V17/><F133/><W128/><G128/><N who="1" m="49194" /><E63/><V126/><F126/><W54/><G104/><T24/><D127/><U46/><E71/><V99/><F76/><W15/><G9/><T121/><D135/><U72/><E46/><V98/><F66/><W31/><G31/><T134/><D134/><U92/><E92/><V44/><F44/><W22/><G22/><T23/><D35/><U74/><E74/><V6/><F6/><W29/><G29/><T7/><D7/><U48/><AGARI ba="1,0" hai="26,28,32,40,45,48,72,77,82,96,97" m="49194" machi="48" ten="30,3000,0" yaku="19,1,52,1" doraHai="75" who="1" fromWho="1" sc="235,-11,265,33,265,-11,235,-11" /><INIT seed="1,2,0,1,4,53" ten="224,298,254,224" oya="1" hai0="62,120,84,28,72,32,6,116,132,79,67,111,10" hai1="41,66,76,24,81,95,48,121,92,52,85,8,83" hai2="102,40,42,106,9,73,63,130,133,34,43,2,112" hai3="57,27,22,110,54,96,31,29,126,89,4,56,3"/><U25/><E121/><V30/><F73/><W103/><G110/><T51/><D116/><U78/><E66/><V58/><F112/><W60/><G126/><T49/><D132/><U94/><E41/><V131/><F133/><W128/><G128/><N who="2" m="49193" /><F106/><W127/><G127/><T20/><D111/><U35/><E8/><V77/><F77/><W87/><G3/><T13/><D32/><U80/><E35/><V135/><F135/><W7/><G31/><T114/><D72/><U64/><E64/><N who="2" m="39031" /><F102/><W11/><G11/><T68/><D114/><U23/><E23/><V37/><F34/><W107/><REACH who="3" step="1"/><G57/><REACH who="3" ten="224,298,254,214" step="2"/><T38/><D28/><U82/><E78/><V134/><F134/><W108/><G108/><T125/><D79/><U50/><E50/><V124/><F124/><W44/><G44/><AGARI ba="2,1" hai="24,25,44,48,52,76,80,81,82,83,85,92,94,95" machi="44" ten="40,3900,0" yaku="8,1,54,1" doraHai="53" who="1" fromWho="3" sc="224,0,298,55,254,0,214,-45" /><INIT seed="1,3,0,4,5,3" ten="224,353,254,169" oya="1" hai0="36,106,22,135,68,28,47,129,17,115,4,92,69" hai1="83,96,52,48,104,128,110,45,66,62,133,87,27" hai2="1,123,10,102,73,101,100,127,109,131,63,44,37" hai3="42,91,32,24,122,21,67,11,55,111,8,0,14"/><U72/><E128/><V57/><F123/><W16/><G111/><T107/><D115/><U90/><E110/><V19/><F73/><W98/><G122/><T132/><D28/><U134/><E72/><V126/><F37/><W30/><G42/><T130/><D92/><U78/><E27/><V49/><F109/><W84/><G98/><T54/><D4/><U114/><E114/><V34/><F34/><W13/><G67/><T95/><D95/><U118/><E118/><V50/><F131/><N who="0" m="50186" /><D54/><U108/><E108/><V88/><F44/><W39/><G39/><T58/><D58/><U113/><E113/><V82/><F19/><W38/><G38/><T119/><D119/><U12/><E12/><V75/><F10/><W70/><G70/><N who="0" m="27243" /><D47/><U15/><E15/><V9/><F9/><W121/><G121/><T99/><D36/><U53/><E66/><V112/><F112/><W59/><G0/><T125/><D99/><U26/><E26/><V5/><F5/><W105/><G105/><N who="0" m="39947" /><D125/><N who="2" m="47626" /><F1/><W60/><REACH who="3" step="1"/><G13/><AGARI ba="3,0" hai="13,17,22,132,135" m="39947,27243,50186" machi="13" ten="40,1300,0" yaku="19,1" doraHai="3" who="0" fromWho="3" sc="224,22,353,0,254,0,169,-22" /><INIT seed="2,0,0,0,3,42" ten="246,353,254,147" oya="2" hai0="46,130,2,111,68,38,33,119,27,73,10,35,108" hai1="95,24,87,76,134,75,77,29,54,5,99,69,109" hai2="59,20,57,64,50,121,7,30,126,129,86,26,123" hai3="110,61,90,60,101,23,3,79,127,74,55,39,100"/><V70/><F126/><W116/><G110/><T81/><D68/><U18/><E69/><V1/><F129/><W80/><G127/><T135/><D135/><U9/><E109/><N who="0" m="42057" /><D130/><U105/><E105/><V96/><F70/><W17/><G116/><T92/><D92/><U65/><E65/><V82/><F1/><W62/><G39/><T11/><D27/><U51/><E75/><V114/><F114/><W117/><G3/><T115/><D115/><U58/><E18/><V78/><F7/><W28/><G117/><T53/><D53/><U36/><E36/><V125/><F125/><W85/><G28/><T0/><D11/><U112/><E112/><V91/><F59/><W21/><G74/><T113/><D113/><U124/><E124/><V22/><F22/><W47/><G79/><N who="0" m="44271" /><D2/><U104/><E87/><V63/><F96/><W89/><G89/><T45/><D119/><U131/><E131/><V107/><F107/><W103/><REACH who="3" step="1"/><G17/><REACH who="3" ten="246,353,254,137" step="2"/><T34/><D38/><U6/><E134/><V48/><F123/><W32/><G32/><T118/><D118/><U15/><E29/><V8/><F121/><W14/><G14/><T43/><D43/><U56/><E24/><V16/><F91/><W4/><G4/><AGARI ba="0,1" hai="0,4,10,33,34,35,45,46" m="44271,42057" machi="4" ten="40,5200,0" yaku="14,1,52,2" doraHai="42" who="0" fromWho="3" sc="246,62,353,0,254,0,137,-52" /><INIT seed="3,0,0,3,3,35" ten="308,353,254,85" oya="3" hai0="15,79,129,20,132,34,12,14,52,108,122,81,85" hai1="80,28,93,58,100,73,111,102,42,19,126,65,75" hai2="104,55,125,24,90,47,8,116,7,97,117,133,72" hai3="99,64,70,37,94,66,36,2,54,74,21,113,45"/><W5/><G74/><T127/><D34/><U49/><E28/><V25/><F72/><W22/><G113/><T82/><D122/><U50/><E19/><V98/><F133/><W76/><G76/><T41/><D108/><U96/><E111/><V53/><F125/><W48/><G5/><T78/><D129/><U135/><E135/><V119/><F90/><W118/><G118/><T77/><D132/><U9/><E9/><V6/><F8/><W39/><G70/><T31/><D41/><U10/><E10/><V67/><F47/><W27/><G21/><T131/><D131/><U88/><E126/><V3/><F104/><W38/><N who="3" m="9216" /><DORA hai="121" /><W26/><G2/><T130/><D130/><U107/><E100/><V56/><F56/><W87/><G87/><T60/><D127/><U110/><E110/><V17/><F17/><W18/><REACH who="3" step="1"/><G27/><REACH who="3" ten="308,353,254,75" step="2"/><N who="0" m="16871" /><D85/><N who="1" m="52367" /><E75/><V95/><F119/><W106/><G106/><T114/><D114/><U40/><E73/><V89/><F3/><W103/><AGARI ba="0,1" hai="18,22,26,45,48,54,64,66,94,99,103" m="9216" machi="103" ten="60,18000,2" yaku="1,1,0,1,53,4" doraHai="35,121" doraHaiUra="68,124" who="3" fromWho="3" sc="308,-60,353,-60,254,-60,75,190" /><INIT seed="3,1,0,1,1,29" ten="248,293,194,265" oya="3" hai0="56,64,49,65,131,88,27,90,48,44,95,8,7" hai1="94,106,92,117,111,77,74,0,120,42,67,35,6" hai2="105,32,78,100,102,10,112,128,124,72,132,13,134" hai3="98,87,47,96,26,73,79,84,86,129,109,127,20"/><W15/><G127/><T69/><D131/><U30/><E120/><V122/><F122/><W41/><G129/><T76/><D69/><U12/><E106/><V89/><F112/><W34/><G109/><T91/><D76/><U4/><E0/><V81/><F128/><W33/><G73/><T135/><D135/><N who="2" m="51754" /><F124/><W5/><G79/><T62/><D27/><U39/><E111/><V38/><F38/><W101/><G96/><T18/><D7/><U114/><E114/><V25/><F89/><W17/><G5/><T82/><D82/><U51/><E39/><V54/><F54/><W55/><G15/><N who="0" m="7527" /><D65/><U83/><E67/><V85/><F72/><W52/><G55/><N who="0" m="30087" /><D49/><U53/><E42/><V28/><F105/><W68/><G52/><T23/><D23/><U121/><E121/><V113/><F113/><W133/><G68/><T93/><AGARI ba="1,0" hai="56,62,64,88,90,91,93,95" m="30087,7527" machi="93" ten="30,2000,0" yaku="8,1,54,1" doraHai="29" who="0" fromWho="0" sc="248,23,293,-6,194,-6,265,-11" /><INIT seed="4,0,0,4,5,10" ten="271,287,188,254" oya="0" hai0="100,83,16,114,56,65,70,63,29,34,24,46,19" hai1="88,69,132,0,91,128,93,116,113,51,107,73,111" hai2="104,97,96,40,108,59,44,131,30,130,58,5,62" hai3="42,81,57,55,28,36,105,25,22,117,48,47,133"/><T109/><D114/><U74/><RYUUKYOKU type="yao9" ba="0,0" sc="271,0,287,0,188,0,254,0" hai1="0,51,69,73,74,88,91,93,107,111,113,116,128,132" /><INIT seed="4,1,0,0,4,47" ten="271,287,188,254" oya="0" hai0="117,99,15,133,54,14,1,120,61,105,83,23,12" hai1="10,18,98,48,119,42,36,67,116,24,89,81,79" hai2="52,29,21,85,34,13,5,109,115,78,26,56,123" hai3="51,101,124,88,19,125,68,63,104,126,80,45,127"/><T32/><D117/><U111/><E36/><V69/><F109/><W76/><N who="3" m="31744" /><DORA hai="93" /><W27/><G104/><T107/><D32/><U31/><E111/><V122/><F69/><W55/><G101/><T37/><D37/><U84/><E67/><V72/><F72/><W58/><G68/><T43/><D43/><U129/><E129/><V30/><F115/><W9/><G76/><T3/><D120/><U75/><E98/><V134/><F134/><W113/><G113/><T50/><D61/><U28/><E28/><V95/><F30/><W49/><G45/><T114/><D114/><U132/><E132/><V17/><F5/><W71/><G71/><T86/><D23/><U108/><E108/><V102/><F78/><W57/><G58/><T46/><D133/><U60/><E60/><V11/><F11/><W40/><G40/><T121/><D121/><U87/><E75/><V2/><F2/><W130/><G130/><T0/><REACH who="0" step="1"/><D99/><REACH who="0" ten="261,287,188,254" step="2"/><U82/><E42/><V6/><F6/><W41/><G41/><T8/><D8/><U100/><E10/><V59/><F59/><W66/><G66/><T106/><D106/><U77/><E119/><V35/><F35/><W7/><G7/><T33/><D33/><U97/><E116/><V64/><F64/><W110/><G110/><T103/><D103/><U135/><E100/><V16/><F17/><W38/><G38/><T96/><D96/><U25/><E18/><V4/><F4/><W118/><G118/><T92/><D92/><N who="1" m="56463" /><E135/><V44/><F102/><W20/><G9/><T112/><D112/><U90/><E31/><RYUUKYOKU ba="1,1" sc="261,15,287,-15,188,-15,254,15" hai0="0,1,3,12,14,15,46,50,54,83,86,105,107" hai3="19,20,27,49,51,55,57,63,80,88" /><INIT seed="4,2,1,1,2,67" ten="276,272,173,269" oya="0" hai0="4,53,124,50,126,12,100,83,45,55,103,58,110" hai1="118,2,121,84,66,43,35,5,30,18,85,46,34" hai2="1,44,94,17,15,38,108,28,25,56,16,69,80" hai3="125,128,105,13,104,106,51,52,77,89,41,3,86"/><T63/><D110/><U81/><E118/><V21/><F1/><W47/><G3/><T122/><D122/><U48/><E121/><V59/><F108/><W40/><G128/><T22/><D83/><U82/><E66/><V87/><F69/><W135/><G125/><N who="0" m="48235" /><D22/><U117/><E117/><V8/><F94/><W92/><G135/><T90/><D90/><U91/><E30/><V6/><F38/><W36/><G36/><T24/><D24/><U99/><E99/><V61/><F44/><W123/><G123/><T74/><D74/><U33/><E18/><V75/><F75/><W134/><G134/><T120/><D120/><U76/><REACH who="1" step="1"/><E35/><REACH who="1" ten="276,262,173,269" step="2"/><V96/><F96/><W130/><G130/><T109/><D109/><U9/><AGARI ba="2,2" hai="2,5,9,33,34,43,46,48,76,81,82,84,85,91" machi="9" ten="30,7900,0" yaku="1,1,2,1,0,1,53,1" doraHai="67" doraHaiUra="37" who="1" fromWho="1" sc="276,-41,262,105,173,-22,269,-22" owari="235,-16.0,367,46.0,151,-35.0,247,5.0" /></mjloggm>