<mjloggm ver="2.3"><GO type="97" lobby="0"/><UN n0="%4D%41%47%55%50%55%4C" n1="%73%61%6D%6D%65%74" n2="%E3%82%A6%E3%83%AB%E3%83%88%E3%83%A9%E7%AB%8B%E7%9B%B4" n3="%E3%83%9E%E3%82%A4%E3%82%B1%E3%83%AB%E3%83%A0%E3%83%BC%E3%82%A2" dan="14,13,14,15" rate="1887.10,1835.87,1948.89,1999.58" sx="M,M,M,M"/><TAIKYOKU oya="0"/><INIT seed="0,0,0,4,2,6" ten="250,250,250,250" oya="0" hai0="22,97,85,18,104,28,124,108,131,2,35,107,31" hai1="41,72,51,49,8,47,5,96,79,50,48,93,81" hai2="77,21,11,76,27,118,24,68,100,130,135,19,119" hai3="74,65,111,29,92,64,34,133,20,90,80,91,126"/><T54/><D2/><U101/><REACH who="1" step="1"/><E51/><REACH who="1" ten="250,240,250,250" step="2"/><V70/><F130/><W113/><G113/><T45/><D131/><U4/><E4/><V10/><F135/><W121/><G133/><T62/><D124/><U33/><E33/><V103/><F19/><W66/><G34/><T12/><D108/><U25/><E25/><V115/><REACH who="2" step="1"/><F21/><REACH who="2" ten="250,240,240,250" step="2"/><W43/><G20/><T30/><D22/><U57/><E57/><V7/><F7/><W23/><G23/><T58/><D18/><U94/><E94/><V55/><F55/><W16/><G92/><T53/><D54/><U9/><E9/><V84/><F84/><W46/><G16/><T83/><D85/><U40/><E40/><V110/><F110/><W3/><G111/><T63/><D104/><U17/><E17/><V87/><F87/><W123/><G43/><T59/><D107/><U36/><E36/><V69/><F69/><W132/><G132/><T75/><D53/><U86/><E86/><V13/><F13/><AGARI ba="0,2" hai="5,8,13,41,47,48,49,50,72,79,81,93,96,101" machi="13" ten="30,7700,0" yaku="21,2,7,1,52,1,53,0" doraHai="6" doraHaiUra="56" who="1" fromWho="2" sc="250,0,240,97,240,-77,250,0" /><INIT seed="1,0,0,1,3,124" ten="250,337,163,250" oya="1" hai0="38,117,7,58,91,34,57,51,105,78,79,113,111" hai1="62,28,81,36,126,130,53,132,120,100,0,30,71" hai2="5,23,16,32,11,76,1,39,20,135,88,90,15" hai3="87,83,115,123,89,46,2,21,29,101,61,44,68"/><U25/><E120/><V104/><F104/><W131/><G123/><T54/><D111/><U74/><E28/><V22/><F39/><W112/><G2/><T103/><D113/><U19/><E126/><V134/><F76/><W80/><G131/><T14/><D117/><U24/><E130/><V96/><F96/><W85/><G101/><T17/><D38/><U86/><E132/><N who="2" m="50731" /><F90/><W92/><G112/><T108/><D108/><U114/><E114/><V56/><F56/><W41/><G115/><T18/><D34/><U122/><E122/><V107/><F107/><W84/><G68/><T70/><D70/><U42/><E74/><V94/><F94/><W6/><G61/><T49/><D7/><U13/><E100/><V33/><F88/><W116/><G6/><T95/><D105/><U110/><E110/><V45/><F45/><W67/><G67/><T40/><D40/><U93/><E93/><V82/><F82/><N who="3" m="31275" /><G116/><T48/><D48/><U4/><E71/><V12/><F1/><W119/><G119/><T27/><D103/><U125/><E125/><V127/><F127/><W55/><G41/><T26/><D51/><U109/><E109/><V37/><F37/><W98/><G55/><T65/><D65/><U59/><E42/><V60/><F60/><W128/><G128/><T47/><D79/><N who="1" m="46399" /><E36/><V102/><F102/><W52/><G52/><T133/><D78/><U99/><E99/><V8/><AGARI ba="0,0" hai="5,8,11,12,15,16,20,22,23,32,33" m="50731" machi="8" ten="40,8000,1" yaku="20,1,34,2,54,1" doraHai="124" who="2" fromWho="2" sc="250,-20,337,-40,163,80,250,-20" /><INIT seed="2,0,0,2,1,45" ten="230,297,243,230" oya="2" hai0="82,51,83,27,100,68,101,30,16,58,84,14,67" hai1="66,95,23,120,103,133,21,106,119,123,98,61,40" hai2="105,122,49,46,63,76,107,48,4,70,36,24,42" hai3="17,54,64,77,5,104,118,94,43,15,25,113,125"/><V35/><F122/><N who="1" m="46633" /><E119/><V65/><F76/><W59/><G104/><T110/><D110/><U117/><E117/><V6/><F6/><W72/><G118/><T97/><D68/><N who="1" m="42063" /><E133/><V135/><F4/><W96/><G125/><T89/><D97/><N who="1" m="61807" /><E40/><V1/><F1/><W74/><G43/><T39/><D82/><U73/><E73/><V126/><F126/><W31/><G113/><T111/><D111/><U78/><E78/><V121/><F121/><W0/><G77/><T114/><D114/><U91/><AGARI ba="0,0" hai="21,23,91,95,98" m="61807,42063,46633" machi="91" ten="30,1100,0" yaku="13,1" doraHai="45" who="1" fromWho="1" sc="230,-3,297,11,243,-5,230,-3" /><INIT seed="3,0,0,5,3,45" ten="227,308,238,227" oya="3" hai0="5,108,39,60,106,124,69,83,110,48,113,33,13" hai1="63,54,64,72,102,125,127,80,12,6,78,21,35" hai2="50,121,31,25,75,77,17,22,107,59,89,49,51" hai3="11,26,7,76,95,8,132,119,66,103,3,96,134"/><W19/><G119/><T94/><D39/><U130/><E35/><V91/><F107/><W68/><G76/><T20/><D106/><U67/><E130/><V79/><F75/><W117/><G117/><T15/><D33/><U41/><E102/><V99/><F121/><W46/><G46/><T24/><D124/><N who="1" m="47691" /><E41/><V97/><F59/><W61/><REACH who="3" step="1"/><G26/><REACH who="3" ten="227,308,238,217" step="2"/><T100/><D113/><U92/><E78/><V122/><F79/><W16/><G16/><T52/><D110/><U88/><E6/><V53/><F77/><W114/><G114/><T42/><D108/><U40/><E72/><V116/><F116/><W104/><G104/><T101/><D5/><U71/><E40/><V120/><F17/><W29/><G29/><N who="0" m="17543" /><D42/><U133/><E133/><V123/><F123/><W57/><G57/><N who="0" m="32903" /><D69/><U27/><E71/><V109/><F122/><W84/><G84/><T30/><D30/><U37/><E27/><V111/><F120/><W44/><G44/><T90/><D83/><U93/><E80/><V56/><F111/><W58/><G58/><T62/><D62/><U0/><E63/><N who="2" m="36239" /><F109/><W34/><G34/><T4/><D60/><U118/><E37/><V128/><F128/><W43/><G43/><T86/><D4/><U47/><E118/><V1/><F97/><W65/><G65/><T70/><D70/><U73/><E64/><V10/><F99/><W23/><G23/><T126/><D126/><U38/><E67/><V32/><F32/><W131/><G131/><T81/><D81/><U36/><E21/><V85/><F85/><W55/><G55/><T9/><D9/><RYUUKYOKU ba="0,1" sc="227,10,308,-30,238,10,217,10" hai0="13,15,86,90,94,100,101" hai2="1,10,22,25,31,49,50,51,89,91" hai3="3,7,8,11,19,61,66,68,95,96,103,132,134" /><INIT seed="3,1,1,1,5,0" ten="237,278,248,227" oya="3" hai0="25,26,53,93,10,109,74,118,85,132,122,47,31" hai1="91,68,58,117,9,135,51,4,12,55,133,7,90" hai2="84,98,41,97,33,69,83,86,46,95,126,27,101" hai3="54,64,8,131,38,18,19,48,89,129,78,107,40"/><W104/><G78/><T112/><D109/><U23/><E117/><V67/><F126/><W71/><G38/><T35/><D122/><U115/><E115/><V42/><F69/><W110/><G40/><N who="2" m="15465" /><F33/><W1/><G110/><T123/><D123/><U22/><E68/><V3/><F3/><W15/><G1/><T14/><D118/><U105/><E105/><V108/><F108/><W96/><G64/><T61/><D74/><U56/><E56/><V111/><F111/><W128/><G71/><T44/><D132/><N who="1" m="50763" /><E7/><V130/><F130/><W20/><G89/><AGARI ba="1,1" hai="4,9,12,22,23,51,55,58,89,90,91" m="50763" machi="89" ten="30,2000,0" yaku="20,1,52,1" doraHai="0" who="1" fromWho="3" sc="237,0,278,33,248,0,227,-23" owari="237,-16.0,311,41.0,248,5.0,204,-30.0" /></mjloggm>