<mjloggm ver="2.3"><GO type="97" lobby="0"/><UN n0="%E5%B0%B1%E6%B4%BB%E7%94%9F%40%E5%B7%9D%E6%9D%91%E8%BB%8D%E5%9B%A3" n1="%E3%83%A1%E3%83%AD%E3%83%B3%E3%83%9C%E3%83%BC%E3%83%AB" n2="%E5%8D%83%E7%BE%BD%E3%82%A4%E3%82%A8%E3%82%B9" n3="%E7%89%9B%E4%B9%B3%E4%B8%80%E6%B0%97%E9%A3%B2%E3%81%BF" dan="15,14,13,14" rate="1969.30,1951.67,1865.63,2007.64" sx="M,M,M,M"/><TAIKYOKU oya="0"/><INIT seed="0,0,0,0,3,132" ten="250,250,250,250" oya="0" hai0="103,60,99,115,91,29,84,109,82,113,8,120,131" hai1="35,27,11,42,97,7,20,49,129,28,70,67,55" hai2="16,31,62,89,122,34,105,41,25,86,1,44,130" hai3="85,110,26,69,112,111,65,38,40,57,128,30,61"/><T53/><D120/><U83/><E129/><V94/><F105/><W4/><G4/><T98/><D131/><U54/><E42/><V87/><F130/><W21/><G128/><T15/><D109/><U43/><E43/><V58/><F1/><W18/><G112/><T75/><D75/><U13/><E83/><V33/><F122/><W37/><G69/><T121/><D121/><U133/><E133/><V2/><F2/><W68/><G68/><T76/><D29/><U14/><E97/><V32/><F86/><W78/><G40/><T19/><D76/><U9/><E35/><V95/><F95/><W63/><G63/><T10/><D10/><U74/><E74/><V92/><F92/><W64/><G64/><T17/><D17/><U71/><E55/><V88/><F89/><W0/><G0/><T24/><D24/><U3/><E67/><V46/><F46/><W81/><REACH who="3" step="1"/><G30/><REACH who="3" ten="250,250,250,240" step="2"/><T101/><D115/><U93/><E3/><V102/><F16/><W117/><G117/><T51/><D113/><U5/><REACH who="1" step="1"/><E93/><REACH who="1" ten="250,240,250,240" step="2"/><V118/><F118/><W126/><G126/><T22/><D60/><U59/><AGARI ba="0,2" hai="5,7,9,11,13,14,20,27,28,49,54,59,70,71" machi="59" ten="20,8000,1" yaku="1,1,2,1,0,1,7,1,9,1,53,0" doraHai="132" doraHaiUra="135" who="1" fromWho="1" sc="250,-40,240,100,250,-20,240,-20" /><INIT seed="1,0,0,2,0,70" ten="210,340,230,220" oya="1" hai0="119,105,58,103,6,96,128,116,98,68,120,72,54" hai1="93,83,5,108,25,130,33,71,63,110,82,55,14" hai2="132,4,27,56,38,24,125,69,47,112,109,123,32" hai3="46,22,106,77,73,1,124,35,66,135,65,99,117"/><U107/><E107/><V10/><F123/><W15/><G117/><T2/><D120/><U28/><E130/><V12/><F69/><W111/><G35/><T44/><D68/><U21/><E93/><V31/><F27/><W26/><G1/><T3/><D128/><U13/><E5/><V18/><F109/><N who="1" m="42089" /><E21/><V17/><F125/><W74/><G111/><T80/><D96/><U11/><E11/><V113/><F132/><W52/><G135/><T7/><D7/><U86/><E83/><V133/><F133/><W41/><G124/><T29/><D29/><U19/><E19/><N who="2" m="7179" /><F56/><W102/><G15/><T39/><D58/><N who="1" m="35295" /><E71/><V131/><F47/><W60/><G77/><AGARI ba="0,0" hai="13,14,25,28,33,77,82,86" m="35295,42089" machi="77" ten="30,2900,0" yaku="14,1,10,1" doraHai="70" who="1" fromWho="3" sc="210,0,340,29,230,0,220,-29" /><INIT seed="1,1,0,1,0,95" ten="210,369,230,191" oya="1" hai0="62,28,125,118,131,86,0,103,44,113,38,115,80" hai1="27,94,122,25,81,77,50,119,84,108,88,101,20" hai2="135,51,8,102,82,40,68,59,83,34,133,47,99" hai3="89,10,32,54,106,114,46,73,16,41,12,4,7"/><U124/><E122/><V9/><F68/><W17/><G114/><T128/><D0/><U53/><E119/><V64/><F34/><W121/><G121/><T49/><D38/><U23/><E124/><V87/><F82/><W111/><G73/><T36/><D36/><U2/><E2/><V63/><F87/><W29/><G111/><T31/><D118/><U112/><E112/><N who="0" m="43081" /><D62/><U22/><E108/><V56/><F56/><W100/><G54/><N who="0" m="29991" /><D103/><U75/><REACH who="1" step="1"/><E101/><REACH who="1" ten="210,359,230,191" step="2"/><V52/><F40/><W126/><G126/><T14/><D125/><U48/><E48/><V39/><F39/><W6/><G89/><N who="0" m="51399" /><D14/><U79/><E79/><V78/><F78/><W43/><G100/><T92/><D92/><U57/><AGARI ba="1,1" hai="20,22,23,25,27,50,53,57,75,77,81,84,88,94" machi="57" ten="30,11700,0" yaku="1,1,0,1,54,1,53,1" doraHai="95" doraHaiUra="85" who="1" fromWho="1" sc="210,-40,359,130,230,-40,191,-40" /><INIT seed="1,2,0,2,1,103" ten="170,489,190,151" oya="1" hai0="68,3,45,22,53,20,99,105,108,46,34,4,16" hai1="95,44,42,100,38,40,125,111,89,70,52,91,37" hai2="118,54,133,77,127,112,50,62,7,119,72,66,122" hai3="5,18,28,90,32,131,117,35,87,69,76,84,94"/><U75/><E75/><V129/><F122/><W58/><G69/><T55/><D34/><U2/><E2/><V61/><F7/><W116/><G5/><T26/><D68/><U56/><E70/><N who="2" m="42319" /><F77/><W64/><G131/><T30/><D108/><U79/><E79/><V86/><F86/><W106/><G106/><T29/><D3/><U49/><E125/><V1/><F1/><W15/><G28/><N who="0" m="10859" /><D4/><U132/><E132/><V41/><F72/><W47/><G47/><N who="0" m="17931" /><D105/><U43/><E111/><V110/><F110/><W31/><G31/><N who="0" m="17863" /><D99/><U92/><E43/><V88/><F127/><W0/><G0/><T24/><AGARI ba="2,0" hai="16,22,24,53,55" m="17863,17931,10859" machi="24" ten="30,2000,0" yaku="8,1,54,1" doraHai="103" who="0" fromWho="0" sc="170,26,489,-12,190,-7,151,-7" /><INIT seed="2,0,0,3,2,74" ten="196,477,183,144" oya="2" hai0="61,93,20,104,97,67,29,73,90,28,37,83,52" hai1="69,118,76,129,105,85,11,48,34,116,86,21,72" hai2="54,134,122,7,121,9,56,107,91,101,40,112,47" hai3="71,15,82,128,2,58,66,10,81,46,12,115,0"/><V42/><F112/><W117/><G115/><T70/><D37/><U113/><E34/><V65/><F65/><W102/><G117/><T24/><D104/><U32/><E32/><V16/><F134/><W33/><G33/><T120/><D120/><U5/><E105/><V99/><F91/><W124/><G71/><T55/><REACH who="0" step="1"/><D28/><REACH who="0" ten="186,477,183,144" step="2"/><U31/><E31/><V125/><F125/><W114/><G124/><T38/><D38/><U79/><E113/><V60/><F40/><W108/><G114/><T63/><D63/><U119/><E118/><V109/><F109/><W123/><G108/><T110/><D110/><U4/><E119/><V44/><F44/><W92/><G123/><T36/><D36/><U133/><E116/><V95/><F107/><W27/><G128/><T130/><D130/><U78/><E129/><V41/><F41/><W53/><G2/><T106/><D106/><U68/><E133/><V13/><REACH who="2" step="1"/><F7/><REACH who="2" ten="186,477,173,144" step="2"/><W51/><G0/><T77/><AGARI ba="0,2" hai="20,24,29,52,55,61,67,70,73,77,83,90,93,97" machi="77" ten="30,8000,1" yaku="1,1,0,1,52,1,54,1,53,1" doraHai="74" doraHaiUra="22" who="0" fromWho="0" sc="186,100,477,-20,173,-40,144,-20" /><INIT seed="3,0,0,5,5,30" ten="286,457,133,124" oya="3" hai0="67,34,106,116,112,71,18,47,31,59,129,10,109" hai1="22,21,134,128,90,41,19,101,62,110,111,63,44" hai2="97,89,52,114,32,5,61,86,115,130,11,133,3" hai3="104,29,51,48,122,40,35,79,103,70,94,65,14"/><W43/><G122/><T1/><D106/><U46/><E128/><V56/><F97/><W92/><G79/><T49/><D71/><U121/><E121/><V124/><F32/><W13/><G104/><T72/><D72/><U66/><E134/><V73/><F73/><W88/><G70/><T120/><D109/><N who="1" m="41483" /><E101/><V4/><F4/><W82/><G65/><T77/><D18/><U37/><E46/><V6/><F6/><W0/><G0/><T93/><D49/><U39/><E39/><V80/><F133/><W117/><G117/><T74/><D93/><N who="3" m="35945" /><G29/><T91/><D77/><U12/><E90/><V2/><F2/><W125/><G35/><T135/><D67/><U78/><E78/><V64/><F124/><W7/><G103/><T85/><D31/><U9/><E63/><V87/><F130/><W53/><G125/><T96/><D59/><AGARI ba="0,0" hai="9,12,19,21,22,37,41,44,59,62,66" m="41483" machi="59" ten="30,1000,0" yaku="14,1" doraHai="30" who="1" fromWho="0" sc="286,-10,457,10,133,0,124,0" owari="276,8.0,467,57.0,133,-27.0,124,-38.0" /></mjloggm>