<mjloggm ver="2.3"><GO type="97" lobby="0"/><UN n0="%E3%82%A6%E3%83%AB%E3%83%88%E3%83%A9%E7%AB%8B%E7%9B%B4" n1="%6D%6E%64%6E" n2="%E3%81%A9%E3%81%B6%E3%81%B8%E3%81%84" n3="%E3%83%87%E3%83%92%E3%83%86%E3%83%AB" dan="13,13,14,13" rate="1888.93,1864.72,1922.47,1896.01" sx="M,M,M,M"/><TAIKYOKU oya="0"/><INIT seed="0,0,0,5,5,85" ten="250,250,250,250" oya="0" hai0="87,49,20,40,92,86,19,24,106,1,64,8,108" hai1="38,117,13,80,97,16,129,98,10,52,100,50,94" hai2="2,123,76,110,122,6,102,4,22,36,120,126,7" hai3="25,44,46,115,55,48,130,128,107,81,72,28,31"/><T95/><D106/><U90/><E129/><V91/><F36/><W109/><G107/><T79/><D108/><U26/><E38/><V32/><F110/><W93/><G93/><N who="0" m="35915" /><D1/><U62/><E117/><V99/><F32/><W134/><G115/><T96/><D96/><U131/><E62/><V101/><F126/><W103/><G103/><N who="2" m="39433" /><F76/><W58/><G109/><T33/><D33/><U53/><E131/><N who="3" m="50218" /><G134/><T15/><D64/><U70/><E70/><V127/><F127/><W59/><G72/><T89/><D79/><U18/><E98/><V60/><F2/><W47/><G81/><T69/><D69/><U35/><E35/><V132/><F99/><W34/><G28/><N who="0" m="17415" /><D89/><U84/><E50/><V56/><F132/><W9/><G9/><T121/><D121/><U68/><E68/><V73/><F73/><W67/><G47/><AGARI ba="0,0" hai="8,15,19,40,47,49,86,87" m="17415,35915" machi="47" ten="30,1500,0" yaku="8,1" doraHai="85" who="0" fromWho="3" sc="250,15,250,0,250,0,250,-15" /><INIT seed="0,1,0,5,0,9" ten="265,250,250,235" oya="0" hai0="124,113,97,78,56,84,14,89,81,27,93,33,82" hai1="58,68,63,4,65,86,11,102,106,121,108,76,41" hai2="48,99,120,133,61,75,15,12,91,28,29,96,6" hai3="54,10,32,2,7,46,18,83,55,52,59,64,111"/><T67/><D113/><U88/><E108/><V36/><F120/><W107/><G107/><T74/><D124/><U1/><E121/><V20/><F36/><W117/><G117/><T115/><D115/><U66/><E76/><V101/><F75/><W31/><G111/><T50/><D27/><U19/><E41/><V119/><F119/><W100/><G100/><T38/><D33/><U92/><E19/><V71/><F133/><W0/><G0/><T13/><D38/><U60/><E106/><V122/><F122/><W24/><G83/><T132/><D132/><U8/><E102/><V43/><F71/><W110/><G110/><T85/><D74/><U116/><E11/><V40/><F61/><W25/><G46/><T112/><D112/><U3/><E116/><V62/><F62/><W103/><G103/><N who="0" m="60847" /><D67/><U105/><E105/><V98/><F101/><W104/><G104/><T79/><D89/><U114/><E114/><V35/><F35/><W126/><G24/><T47/><D56/><U39/><E39/><V51/><F91/><W45/><G45/><T123/><D123/><U125/><E125/><V135/><F135/><W5/><G5/><T53/><AGARI ba="1,0" hai="13,14,47,50,53,78,79,81,82,84,85" m="60847" machi="53" ten="30,6000,0" yaku="8,1,52,2" doraHai="9" who="0" fromWho="0" sc="265,63,250,-21,250,-21,235,-21" /><INIT seed="0,2,0,5,3,98" ten="328,229,229,214" oya="0" hai0="43,124,29,18,135,110,91,63,32,66,89,103,60" hai1="115,88,82,59,102,131,125,67,19,86,99,85,61" hai2="84,117,121,20,35,48,128,25,31,73,129,77,16" hai3="14,118,74,47,130,10,8,22,45,15,97,90,94"/><T7/><D7/><U37/><E131/><N who="2" m="50251" /><F121/><W111/><G111/><T2/><D2/><U133/><E133/><V113/><F113/><W17/><G74/><T72/><D72/><U112/><E125/><V106/><F73/><W93/><G118/><T95/><D29/><U83/><E37/><V40/><F117/><W50/><G22/><T76/><D32/><U52/><E19/><V123/><F123/><W122/><G122/><T100/><D76/><U39/><E39/><V26/><F106/><W4/><G50/><T107/><D107/><U126/><E126/><V64/><F64/><W36/><G36/><T75/><D75/><U79/><REACH who="1" step="1"/><E67/><REACH who="1" ten="328,219,229,214" step="2"/><V30/><F77/><W28/><G130/><T65/><D124/><U105/><AGARI ba="2,1" hai="52,59,61,79,82,83,85,86,88,99,102,105,112,115" machi="105" ten="30,12000,2" yaku="1,1,2,1,0,1,52,1,54,2,53,0" doraHai="98" doraHaiUra="24" who="1" fromWho="1" sc="328,-62,219,136,229,-32,214,-32" /><INIT seed="1,0,0,3,4,41" ten="266,355,197,182" oya="1" hai0="127,62,129,67,113,15,35,5,31,125,52,103,108" hai1="19,134,20,4,93,16,30,97,38,55,117,43,29" hai2="23,79,25,135,2,53,100,59,17,70,28,115,111" hai3="77,8,107,98,106,96,7,56,130,68,105,65,80"/><U44/><E117/><V48/><F115/><W33/><G56/><T27/><D113/><U34/><E34/><V102/><F2/><W66/><G66/><T18/><D108/><U50/><E4/><V24/><F70/><W58/><G58/><T85/><D103/><U54/><E134/><V128/><F128/><W121/><G121/><T78/><D129/><U3/><E3/><V76/><F111/><W110/><G110/><T114/><D5/><U37/><E37/><V75/><F135/><W63/><G130/><T104/><D104/><U101/><E19/><V91/><F91/><W14/><REACH who="3" step="1"/><G33/><REACH who="3" ten="266,355,197,172" step="2"/><T120/><D120/><U12/><REACH who="1" step="1"/><E55/><REACH who="1" ten="266,345,197,172" step="2"/><V69/><F53/><W0/><G0/><T89/><D52/><U57/><AGARI ba="0,2" hai="12,16,20,29,30,38,43,44,50,54,57,93,97,101" machi="57" ten="20,18000,2" yaku="1,1,2,1,0,1,7,1,52,1,54,1,53,0" doraHai="41" doraHaiUra="22" who="1" fromWho="1" sc="266,-60,345,200,197,-60,172,-60" /><INIT seed="1,1,0,3,5,58" ten="206,545,137,112" oya="1" hai0="12,48,81,0,85,20,96,118,83,14,31,8,35" hai1="94,110,135,115,28,59,64,112,13,116,4,57,72" hai2="93,21,71,74,44,68,19,54,82,97,95,62,103" hai3="113,77,123,37,38,121,56,91,9,60,61,106,133"/><U29/><E72/><V40/><F95/><W41/><G113/><T39/><D39/><U126/><E94/><V24/><F82/><W51/><G77/><T7/><D118/><U100/><E100/><V78/><F78/><W55/><G91/><T46/><D96/><U101/><E101/><V22/><F22/><W79/><G79/><T2/><D35/><U47/><E13/><V90/><F74/><W42/><G106/><T6/><D6/><U10/><E10/><V120/><F103/><W125/><G125/><T52/><D83/><U66/><E126/><V3/><F3/><W32/><G32/><T15/><D2/><U75/><E75/><V49/><F120/><N who="3" m="46155" /><G9/><T80/><REACH who="0" step="1"/><D85/><REACH who="0" ten="196,545,137,112" step="2"/><U109/><E4/><V70/><REACH who="2" step="1"/><F40/><REACH who="2" ten="196,545,127,112" step="2"/><N who="3" m="15467" /><G133/><T73/><D73/><U25/><E135/><V117/><F117/><W107/><G107/><T84/><D84/><U108/><E116/><V67/><AGARI ba="1,2" hai="19,21,24,44,49,54,62,67,68,70,71,90,93,97" machi="67" ten="30,4000,0" yaku="1,1,0,1,52,1,53,0" doraHai="58" doraHaiUra="111" who="2" fromWho="2" sc="196,-11,545,-21,127,63,112,-11" /><INIT seed="2,0,0,1,4,94" ten="185,524,190,101" oya="2" hai0="99,127,47,91,42,10,79,76,28,2,30,81,90" hai1="104,92,62,50,125,6,27,58,101,118,78,36,35" hai2="113,70,8,117,24,43,64,20,135,100,128,98,85" hai3="17,37,59,56,12,108,1,89,77,4,39,31,112"/><V110/><F117/><W93/><G108/><T74/><D79/><U75/><E50/><V86/><F110/><W23/><G77/><T87/><D99/><U119/><E125/><V109/><F109/><W80/><G80/><T61/><D61/><U32/><E92/><V49/><F113/><W114/><G59/><T7/><D127/><U34/><E27/><V0/><F70/><W66/><G66/><T5/><D5/><U3/><E58/><V102/><F102/><W103/><G103/><T57/><D57/><U133/><E62/><V18/><F135/><W54/><G39/><N who="0" m="21983" /><D91/><U45/><E133/><V123/><F123/><W124/><G124/><T69/><D69/><U67/><E67/><V19/><F128/><W63/><G37/><T15/><D15/><U71/><E71/><V53/><F43/><W40/><G40/><T38/><D38/><U48/><E48/><V129/><F64/><W29/><G4/><T55/><D55/><U96/><E45/><V131/><F0/><W33/><G1/><T107/><D107/><U132/><E36/><V120/><F8/><W115/><REACH who="3" step="1"/><G33/><REACH who="3" ten="185,524,190,91" step="2"/><T122/><D122/><U16/><E6/><V52/><F120/><W105/><G105/><T130/><D90/><U9/><E3/><V97/><F100/><W46/><G46/><T14/><D74/><U111/><E75/><V106/><F106/><W88/><G88/><T25/><D2/><U134/><E111/><V13/><F129/><W116/><G116/><T72/><D130/><U73/><E119/><V60/><F131/><W41/><G41/><T126/><D126/><RYUUKYOKU ba="0,1" sc="185,-10,524,-10,190,-10,91,30" hai3="12,17,23,29,31,54,56,63,89,93,112,114,115" /><INIT seed="3,1,1,1,3,43" ten="175,514,180,121" oya="3" hai0="126,76,49,22,96,9,65,46,79,3,44,23,56" hai1="81,28,127,84,27,15,135,82,54,58,90,34,12" hai2="124,86,95,0,38,132,77,102,51,128,8,31,122" hai3="111,125,98,60,120,61,20,25,116,2,99,92,53"/><W29/><G116/><T45/><D126/><U89/><E135/><V62/><F38/><W47/><G120/><T11/><D3/><U67/><E67/><V108/><F122/><W39/><G2/><T14/><D96/><U52/><E127/><V117/><F124/><W119/><G119/><T7/><D11/><U91/><E91/><V4/><F117/><W113/><G113/><T59/><D49/><U66/><E66/><V19/><F132/><W6/><G125/><T40/><D40/><U48/><E54/><V83/><F31/><W105/><G111/><T50/><D50/><U112/><E112/><V101/><F108/><W69/><G6/><T1/><D1/><U57/><E57/><N who="0" m="22089" /><D65/><U131/><E131/><V107/><F62/><W94/><G105/><T32/><D32/><U42/><E42/><V35/><F35/><W85/><G85/><AGARI ba="1,1" hai="12,15,27,28,34,48,52,58,81,82,84,85,89,90" machi="85" ten="40,2600,0" yaku="9,1,54,1" doraHai="43" who="1" fromWho="3" sc="175,0,514,39,180,0,121,-29" owari="175,-22.0,553,65.0,180,-2.0,92,-41.0" /></mjloggm>