<mjloggm ver="2.3"><GO type="169" lobby="0"/><UN n0="%E9%AD%94%E7%8E%8B%E3%81%93%E3%81%A3%E3%81%BA%E3%81%B1%E3%82%93" n1="%E3%82%A6%E3%83%AB%E3%83%88%E3%83%A9%E7%AB%8B%E7%9B%B4" n2="%E4%B9%9D%E5%B7%9E%E3%81%AE%E6%98%9F" n3="%E6%9B%BF%E7%8E%89%E5%9B%BA%E9%BA%BA" dan="17,16,16,16" rate="2086.26,2092.39,2064.22,2126.91" sx="M,M,M,M"/><TAIKYOKU oya="0"/><INIT seed="0,0,0,5,0,117" ten="250,250,250,250" oya="0" hai0="21,68,104,134,71,132,81,63,111,46,65,84,66" hai1="115,0,23,122,100,98,55,52,38,112,57,72,3" hai2="31,119,51,94,41,73,89,44,35,78,62,8,4" hai3="105,124,110,77,96,40,106,129,26,14,20,82,107"/><T60/><D104/><N who="1" m="63511" /><E38/><V83/><F119/><W36/><G110/><T5/><D111/><U97/><E97/><V88/><F62/><W67/><G124/><T123/><D123/><U69/><E69/><V30/><F35/><W80/><G129/><T70/><D5/><U54/><E72/><V18/><F18/><W95/><G67/><N who="0" m="25611" /><D21/><U103/><E103/><V75/><F75/><W13/><G40/><T56/><D84/><U9/><E9/><V32/><F32/><W22/><G36/><T114/><D81/><U48/><E23/><V102/><F102/><W108/><G108/><T17/><D114/><N who="1" m="43563" /><E122/><V27/><F27/><W59/><G59/><T116/><D116/><U33/><E33/><V99/><REACH who="2" step="1"/><F89/><REACH who="2" ten="250,250,240,250" step="2"/><W133/><G26/><T79/><D17/><U49/><E57/><V126/><F126/><W121/><G77/><T43/><D79/><U93/><E0/><AGARI ba="0,1" hai="0,4,8,30,31,41,44,51,73,78,83,88,94,99" machi="0" ten="30,7700,0" yaku="1,1,7,1,54,1,53,1" doraHai="117" doraHaiUra="6" who="2" fromWho="1" sc="250,0,250,-77,240,87,250,0" /><INIT seed="1,0,0,5,5,83" ten="250,173,327,250" oya="1" hai0="127,114,98,34,86,15,91,49,95,8,74,20,103" hai1="116,18,53,29,4,25,14,79,82,52,81,63,123" hai2="48,24,72,89,55,36,16,93,110,39,85,3,76" hai3="45,2,69,129,44,126,75,57,6,128,7,77,27"/><U30/><E123/><V71/><F3/><W112/><G69/><T26/><D34/><U31/><E116/><V21/><F71/><W100/><G112/><T17/><D114/><U119/><E119/><V94/><F94/><W106/><G126/><T22/><D127/><U92/><E4/><N who="3" m="1578" /><G2/><T37/><D37/><U13/><E25/><V88/><F89/><W28/><G57/><T131/><D74/><U122/><E122/><V66/><F66/><W101/><G77/><T50/><D131/><N who="3" m="50249" /><G75/><T19/><REACH who="0" step="1"/><D22/><REACH who="0" ten="240,173,327,250" step="2"/><U97/><E79/><V108/><F39/><W118/><G118/><T107/><AGARI ba="0,1" hai="8,15,17,19,20,26,49,50,86,91,95,98,103,107" machi="107" ten="20,8000,1" yaku="1,1,2,1,0,1,7,1,52,1,53,0" doraHai="83" doraHaiUra="59" who="0" fromWho="0" sc="240,90,173,-40,327,-20,250,-20" /><INIT seed="2,0,0,2,5,35" ten="330,133,307,230" oya="2" hai0="53,30,54,76,100,103,19,109,114,126,92,89,134" hai1="118,99,38,48,10,68,37,128,74,111,85,106,64" hai2="58,69,91,93,63,15,36,22,77,90,117,7,24" hai3="57,83,96,80,18,121,81,8,50,26,45,107,25"/><V131/><F69/><W105/><G121/><T71/><D114/><U47/><E74/><V119/><F131/><W41/><G57/><T29/><D76/><U6/><E118/><V116/><F36/><W17/><G96/><T84/><D71/><U129/><E111/><V1/><F77/><W127/><G127/><T4/><D109/><U51/><E85/><V39/><F39/><W79/><G79/><T130/><D4/><U12/><E99/><V5/><F15/><W43/><G8/><T44/><D126/><U123/><E106/><N who="3" m="40458" /><G50/><N who="1" m="18986" /><E38/><V32/><F91/><W46/><G25/><T108/><D108/><U102/><E102/><V28/><F5/><W97/><G97/><T13/><D130/><N who="1" m="50283" /><E123/><V33/><F116/><W73/><G26/><T40/><D103/><U55/><E55/><V23/><F119/><W70/><G70/><T42/><D100/><U98/><E98/><V124/><F124/><W34/><G34/><T61/><D53/><U60/><E47/><N who="3" m="17930" /><G73/><T27/><D44/><U2/><E37/><V62/><F33/><W20/><G20/><T135/><D54/><U110/><E110/><V113/><F32/><W133/><G133/><T120/><D120/><U122/><E122/><V72/><F117/><W65/><G65/><T88/><D135/><U9/><E9/><V16/><F72/><W86/><G86/><T0/><D84/><U104/><E104/><V52/><F52/><W125/><G125/><T67/><D67/><U101/><E101/><V78/><F78/><W87/><G87/><T132/><D134/><U112/><E112/><V49/><F113/><RYUUKYOKU ba="0,0" sc="330,-15,133,15,307,-15,230,15" hai1="2,6,10,12,60,64,68" hai3="17,18,41,43,80,81,83" /><INIT seed="3,1,0,2,1,21" ten="315,148,292,245" oya="3" hai0="14,112,135,45,49,70,116,103,11,108,19,66,18" hai1="89,123,50,60,35,127,71,59,53,111,91,4,94" hai2="72,40,3,85,120,113,24,79,115,129,8,47,57" hai3="86,58,133,80,68,6,95,51,69,75,9,38,20"/><W84/><G38/><T12/><D112/><U118/><E123/><V32/><F120/><W23/><G75/><T16/><D116/><U124/><E35/><V109/><F57/><W104/><G104/><T17/><D135/><U76/><E76/><V48/><F109/><W39/><G39/><T77/><D108/><U130/><E111/><V105/><F105/><W10/><G133/><T37/><D37/><U83/><E130/><V30/><F72/><W41/><G69/><T131/><D131/><U100/><E100/><V97/><F129/><W7/><G68/><T125/><D125/><U0/><E118/><V36/><F97/><W119/><G119/><T126/><D126/><U121/><E121/><V42/><F42/><W15/><G95/><T55/><D103/><U25/><E4/><V31/><F31/><W82/><G58/><T2/><D77/><U132/><E0/><V107/><F107/><W44/><G84/><T67/><D2/><U93/><E132/><V110/><F110/><W106/><G106/><T54/><D54/><U74/><E74/><V88/><F79/><N who="3" m="46367" /><G82/><T134/><D134/><U34/><E83/><V90/><F36/><W43/><G43/><T27/><D70/><U52/><E71/><V102/><F115/><W117/><G117/><T73/><D73/><U65/><E124/><V128/><F113/><W114/><G114/><T78/><D78/><U64/><E127/><V56/><F128/><W61/><G61/><T1/><D1/><AGARI ba="1,0" hai="1,6,7,9,10,15,20,23,41,44,51" m="46367" machi="1" ten="30,1500,0" yaku="25,1" doraHai="21" who="3" fromWho="0" sc="315,-18,148,0,292,0,245,18" /><INIT seed="3,2,0,1,0,46" ten="297,148,292,263" oya="3" hai0="43,117,88,96,49,87,29,78,47,107,60,91,37" hai1="8,104,77,68,26,112,11,82,101,21,128,64,13" hai2="97,111,25,132,59,122,62,133,28,71,126,85,100" hai3="7,123,23,34,0,74,76,103,124,55,32,2,24"/><W44/><G123/><T72/><D117/><U93/><E104/><N who="2" m="63503" /><F59/><W108/><G103/><T65/><D72/><U84/><E68/><V58/><F58/><W120/><G76/><T127/><D127/><U38/><E38/><V129/><F129/><W19/><G74/><T10/><D37/><U131/><E64/><N who="2" m="41367" /><F122/><W20/><G120/><T48/><D29/><U41/><E112/><V51/><F126/><W114/><G114/><T31/><D31/><U18/><E41/><V70/><F70/><W39/><G124/><T80/><D10/><U63/><E63/><V27/><F27/><N who="3" m="14751" /><G55/><T110/><D110/><U89/><E101/><V45/><F85/><W134/><G44/><T30/><D30/><U119/><E119/><V40/><F111/><W75/><G39/><T67/><D67/><U69/><E69/><V115/><F115/><W5/><G75/><T22/><D65/><U35/><E35/><AGARI ba="2,0" hai="25,28,35,40,45,51,132,133" m="41367,63503" machi="35" ten="30,2000,0" yaku="25,1,52,1" doraHai="46" who="2" fromWho="1" sc="297,0,148,-26,292,26,263,0" /><INIT seed="4,0,0,1,4,91" ten="297,122,318,263" oya="0" hai0="21,133,118,125,23,95,38,65,43,106,97,15,67" hai1="99,54,115,16,37,0,89,75,93,3,84,119,31" hai2="132,94,44,46,121,33,63,78,98,117,52,66,8" hai3="32,88,14,130,47,24,77,72,85,111,13,123,58"/><T17/><D106/><U96/><E75/><V83/><F121/><W41/><G111/><T127/><D118/><U112/><E37/><V69/><F33/><W55/><G123/><T27/><D133/><U18/><E31/><V100/><F132/><W62/><G130/><T4/><D43/><U87/><E54/><V124/><F124/><N who="0" m="47690" /><D38/><U114/><E119/><V10/><F117/><W82/><G24/><T28/><D4/><U5/><E87/><V6/><F52/><W134/><G32/><T40/><D40/><U102/><E96/><V71/><F71/><W51/><REACH who="3" step="1"/><G134/><REACH who="3" ten="297,122,318,253" step="2"/><T122/><D122/><U57/><E57/><V73/><F10/><W92/><AGARI ba="0,1" hai="13,14,41,47,51,55,58,62,72,77,82,85,88,92" machi="92" ten="20,12000,2" yaku="1,1,2,1,0,1,7,1,52,1,54,1,53,0" doraHai="91" doraHaiUra="103" who="3" fromWho="3" sc="297,-60,122,-30,318,-30,253,130" /><INIT seed="5,0,0,4,5,130" ten="237,92,288,383" oya="1" hai0="115,63,57,134,107,18,81,20,52,39,9,59,13" hai1="94,34,101,121,40,6,51,54,73,127,43,56,0" hai2="23,80,102,128,82,10,58,19,60,90,47,74,108" hai3="37,36,117,16,119,30,17,112,71,66,132,48,86"/><U123/><E73/><V35/><F35/><W92/><G132/><T98/><D39/><N who="3" m="14921" /><G30/><T133/><D115/><U96/><E34/><V28/><F128/><W83/><G112/><T12/><D81/><U1/><E127/><V95/><F102/><W62/><G48/><T100/><REACH who="0" step="1"/><D59/><REACH who="0" ten="227,92,288,383" step="2"/><U84/><E84/><V29/><F82/><W131/><G131/><T97/><D97/><U38/><E38/><V44/><F80/><W15/><G117/><T49/><D49/><U125/><E125/><V46/><F58/><W65/><G119/><T27/><D27/><U93/><E93/><V77/><F95/><W45/><G92/><T7/><AGARI ba="0,1" hai="7,9,12,13,18,20,52,57,63,98,100,107,133,134" machi="7" ten="30,8000,1" yaku="1,1,0,1,52,2,54,1,53,0" doraHai="130" doraHaiUra="42" who="0" fromWho="0" sc="227,90,92,-40,288,-20,383,-20" /><BYE who="1" /><INIT seed="6,0,0,2,0,49" ten="317,52,268,363" oya="2" hai0="104,30,114,126,72,118,14,75,117,22,53,13,84" hai1="92,63,68,119,47,70,12,58,44,50,121,40,20" hai2="127,26,27,51,56,48,38,109,87,66,80,134,18" hai3="2,83,132,7,37,54,89,11,31,45,98,34,16"/><V90/><F38/><UN n1="%E3%82%A6%E3%83%AB%E3%83%88%E3%83%A9%E7%AB%8B%E7%9B%B4" /><W61/><G132/><T69/><D69/><U36/><E12/><N who="0" m="4713" /><D104/><U9/><E20/><N who="2" m="13591" /><F134/><W28/><G37/><T133/><D133/><U32/><E9/><V116/><F116/><N who="0" m="44650" /><D126/><U59/><E92/><V46/><F127/><W86/><G34/><T5/><D114/><U88/><E88/><N who="2" m="51303" /><F109/><W6/><G98/><T29/><D5/><N who="3" m="1545" /><G2/><T96/><D96/><U79/><E79/><V39/><F39/><W15/><G45/><T24/><D84/><U108/><E32/><V101/><F101/><W71/><G71/><N who="1" m="27178" /><E108/><V113/><F113/><W100/><G100/><T65/><D65/><N who="1" m="39159" /><E119/><V106/><F106/><W67/><G67/><T102/><D102/><U81/><E81/><V19/><F66/><W128/><G128/><T105/><D105/><U78/><E78/><V43/><F90/><W55/><G61/><T35/><D35/><U112/><E112/><V76/><F76/><W62/><G62/><T57/><D30/><AGARI ba="0,0" hai="11,15,16,28,30,31,54,55,83,86,89" m="1545" machi="30" ten="30,7700,0" yaku="8,1,52,2,54,1" doraHai="49" who="3" fromWho="0" sc="317,-77,52,0,268,0,363,77" /><INIT seed="7,0,0,2,2,69" ten="240,52,268,440" oya="3" hai0="116,25,58,92,112,18,88,110,84,104,73,34,59" hai1="35,67,119,103,12,31,15,115,129,66,51,102,82" hai2="124,46,27,1,50,8,36,105,114,91,97,85,61" hai3="77,106,96,130,78,57,28,3,107,127,95,11,38"/><W79/><G57/><T39/><D73/><U6/><E35/><V80/><F36/><W75/><G28/><T68/><D68/><U4/><E31/><V94/><F124/><W54/><G11/><T60/><D104/><U43/><E82/><V120/><F105/><W134/><G54/><T21/><D116/><U101/><E119/><V9/><F114/><W49/><G49/><T121/><D121/><U113/><E129/><V62/><F1/><W118/><G3/><T20/><D110/><U98/><E98/><V128/><F128/><W13/><G13/><T70/><D34/><U33/><E33/><V99/><F99/><W24/><G24/><T52/><D112/><U17/><E17/><V7/><F27/><W71/><G71/><T10/><D39/><U131/><E131/><V83/><F83/><W41/><G38/><T81/><D70/><U117/><E117/><V40/><F120/><W56/><G75/><T55/><D20/><U53/><E53/><V0/><F9/><W2/><G41/><T14/><D81/><U126/><E126/><V23/><F23/><W108/><G107/><T123/><D123/><U16/><E16/><V86/><F86/><W64/><G106/><T44/><D44/><U45/><E115/><V76/><AGARI ba="0,0" hai="0,7,8,40,46,50,61,62,76,80,85,91,94,97" machi="76" ten="20,1500,0" yaku="0,1,7,1" doraHai="69" who="2" fromWho="2" sc="240,-4,52,-4,268,15,440,-7" owari="236,-16.0,48,-45.0,283,8.0,433,53.0" /></mjloggm>