<mjloggm ver="2.3"><GO type="97" lobby="0"/><UN n0="%52%79%64%65%65%6E" n1="%E3%82%A6%E3%83%AB%E3%83%88%E3%83%A9%E7%AB%8B%E7%9B%B4" n2="%6D%6F%74%74%69%79" n3="%E7%84%BC%E3%81%8D%E9%B3%A5%E5%90%8D%E7%84%A1%E3%81%97%E3%81%95%E3%82%93" dan="14,13,14,14" rate="1923.50,1848.13,1944.45,1862.53" sx="M,M,M,F"/><TAIKYOKU oya="0"/><INIT seed="0,0,0,5,1,83" ten="250,250,250,250" oya="0" hai0="11,76,53,114,92,89,81,105,60,112,31,48,101" hai1="82,44,36,65,96,102,52,98,104,3,122,7,133" hai2="2,131,71,106,14,42,28,118,113,124,85,107,115" hai3="34,72,123,108,35,116,75,9,26,37,23,94,119"/><T132/><D132/><U95/><E122/><V74/><F2/><W15/><G37/><T109/><D109/><U33/><E33/><V86/><F71/><W6/><G123/><T110/><D110/><U40/><E133/><V51/><F28/><W30/><G108/><T111/><D111/><U18/><E65/><V57/><F74/><W61/><G75/><T99/><D31/><U120/><E120/><V56/><F14/><W27/><G72/><T10/><D60/><U97/><E82/><V46/><F124/><W128/><G61/><T12/><D11/><U50/><E18/><V130/><F118/><W1/><G94/><T21/><D21/><U5/><E3/><V39/><F39/><W54/><G54/><T103/><D103/><U127/><E127/><V32/><F32/><W25/><G128/><N who="2" m="49193" /><F57/><W43/><G43/><T62/><D62/><U4/><REACH who="1" step="1"/><E104/><REACH who="1" ten="250,240,250,250" step="2"/><N who="2" m="39979" /><F56/><AGARI ba="0,1" hai="4,5,7,36,40,44,50,52,56,95,96,97,98,102" machi="56" ten="40,2600,0" yaku="1,1,54,1,53,0" doraHai="83" doraHaiUra="17" who="1" fromWho="2" sc="250,0,240,36,250,-26,250,0" /><INIT seed="1,0,0,1,0,105" ten="250,276,224,250" oya="1" hai0="94,41,61,86,133,15,50,77,132,7,55,107,83" hai1="67,92,69,120,0,134,102,10,130,99,53,52,117" hai2="121,73,21,9,39,18,13,129,42,75,109,78,25" hai3="101,87,27,79,128,115,122,34,6,106,113,74,32"/><U80/><E120/><V1/><F121/><W108/><G122/><T60/><D107/><U84/><E117/><V91/><F78/><W40/><G40/><T58/><BYE who="3" /><D94/><U110/><E130/><V125/><F129/><W22/><G22/><T93/><D93/><U35/><E134/><V76/><F76/><W8/><G8/><T33/><D33/><U65/><E35/><V116/><F116/><UN n3="%E7%84%BC%E3%81%8D%E9%B3%A5%E5%90%8D%E7%84%A1%E3%81%97%E3%81%95%E3%82%93" /><W28/><G87/><T5/><D41/><U16/><E110/><V103/><F109/><W46/><G46/><T70/><D70/><U43/><E43/><V11/><F103/><W63/><G63/><N who="0" m="24139" /><D15/><N who="1" m="7287" /><E0/><V127/><F91/><W47/><G47/><T66/><D66/><N who="1" m="25099" /><E69/><V54/><F54/><W64/><G64/><T97/><D97/><U24/><E24/><V81/><F81/><N who="3" m="45303" /><G34/><T100/><D100/><U37/><E37/><V90/><F90/><AGARI ba="0,0" hai="52,53,80,84,90,92,99,102" m="25099,7287" machi="90" ten="30,5800,0" yaku="8,1,54,2" doraHai="105" who="1" fromWho="2" sc="250,0,276,58,224,-58,250,0" /><INIT seed="1,1,0,3,4,25" ten="250,334,166,250" oya="1" hai0="133,63,122,97,12,56,21,103,11,29,79,72,117" hai1="94,118,98,78,18,35,88,46,80,100,30,110,69" hai2="124,66,83,39,112,42,128,77,34,48,13,67,85" hai3="23,126,115,114,44,113,106,74,99,55,135,68,76"/><U0/><E69/><V71/><F39/><W45/><G68/><T120/><D117/><U132/><E118/><V16/><F71/><W51/><G126/><T87/><D72/><U58/><E0/><V47/><F124/><W2/><G2/><T86/><D133/><U95/><E132/><V52/><F128/><W20/><G135/><T123/><D79/><U49/><E58/><V14/><F112/><W4/><G4/><BYE who="3" /><T107/><D21/><U65/><E65/><N who="2" m="24587" /><F14/><W129/><G129/><T90/><D90/><U116/><E116/><V134/><F34/><W36/><G36/><T64/><REACH who="0" step="1"/><D29/><REACH who="0" ten="240,334,166,250" step="2"/><U3/><E30/><V102/><F134/><W91/><G91/><T15/><D15/><U73/><E35/><V109/><F109/><W28/><G28/><T127/><D127/><U62/><E3/><V93/><F102/><W131/><G131/><T59/><D59/><U81/><E110/><V5/><F5/><AGARI ba="1,1" hai="5,11,12,56,63,64,86,87,97,103,107,120,122,123" machi="5" ten="40,2600,0" yaku="1,1,13,1,53,0" doraHai="25" doraHaiUra="32" who="0" fromWho="2" sc="240,39,334,0,166,-29,250,0" /><INIT seed="2,0,0,1,0,77" ten="279,334,137,250" oya="2" hai0="40,3,59,67,61,85,18,23,81,109,75,125,58" hai1="24,5,8,11,103,62,71,110,112,43,102,89,28" hai2="33,32,132,27,21,105,36,53,38,49,114,121,91" hai3="119,78,57,15,29,17,92,69,74,94,86,99,126"/><V135/><F105/><W107/><G107/><T101/><D75/><U22/><E112/><V111/><F114/><W134/><G134/><N who="2" m="51241" /><F121/><W20/><G20/><T72/><D109/><UN n3="%E7%84%BC%E3%81%8D%E9%B3%A5%E5%90%8D%E7%84%A1%E3%81%97%E3%81%95%E3%82%93" /><U87/><E110/><V55/><F111/><W37/><G119/><T14/><D72/><U113/><E113/><V76/><F76/><W73/><G69/><T123/><D123/><U31/><E31/><N who="2" m="17903" /><F91/><W117/><G37/><N who="2" m="14441" /><F53/><W106/><G106/><T56/><BYE who="3" /><D40/><U42/><E42/><V127/><F127/><W50/><G50/><T104/><D125/><U6/><E43/><V12/><F12/><W48/><G48/><T93/><D3/><UN n3="%E7%84%BC%E3%81%8D%E9%B3%A5%E5%90%8D%E7%84%A1%E3%81%97%E3%81%95%E3%82%93" /><U35/><E102/><V115/><F115/><W4/><G126/><T51/><D51/><U122/><E103/><V47/><AGARI ba="0,0" hai="32,33,47,49,55" m="14441,17903,51241" machi="47" ten="30,1500,0" yaku="20,1" doraHai="77" who="2" fromWho="2" sc="279,-5,334,-5,137,15,250,-5" /><INIT seed="2,1,0,0,1,96" ten="274,329,152,245" oya="2" hai0="128,132,121,101,100,58,129,31,131,8,41,48,62" hai1="65,29,13,26,118,106,103,98,54,50,133,89,23" hai2="22,109,85,57,49,125,46,82,123,63,43,83,56" hai3="55,44,78,99,5,104,88,39,33,36,10,124,80"/><V11/><F123/><W97/><G33/><T30/><D121/><U115/><E115/><V7/><F125/><W15/><G124/><T4/><D132/><U119/><E133/><V112/><F112/><W21/><G97/><T105/><D105/><U59/><E65/><V79/><F109/><W86/><G21/><T120/><D120/><U34/><E89/><V70/><F82/><W35/><G35/><T51/><D48/><U6/><E6/><V64/><REACH who="2" step="1"/><F22/><REACH who="2" ten="274,329,142,245" step="2"/><W68/><G68/><T69/><D69/><U25/><E13/><AGARI ba="1,1" hai="7,11,13,43,46,49,56,57,63,64,70,79,83,85" machi="13" ten="30,12000,1" yaku="1,1,2,1,7,1,25,2,53,0" doraHai="96" doraHaiUra="18" who="2" fromWho="1" sc="274,0,329,-123,142,133,245,0" /><INIT seed="2,2,0,3,4,13" ten="274,206,275,245" oya="2" hai0="57,115,19,94,46,73,58,86,43,87,11,35,114" hai1="61,26,112,85,91,70,17,7,39,3,0,23,55" hai2="62,10,110,130,124,5,2,84,56,60,49,53,59" hai3="21,88,120,118,117,123,107,125,96,128,102,99,122"/><V111/><F124/><W20/><G125/><T45/><D73/><U81/><E112/><V31/><F130/><W83/><G20/><T16/><D35/><U64/><E39/><V74/><F74/><W133/><G21/><T95/><D11/><U98/><E7/><V71/><F31/><W37/><G37/><T54/><D54/><U41/><E41/><AGARI ba="2,0" hai="16,19,41,43,45,46,57,58,86,87,94,95,114,115" machi="41" ten="25,8000,1" yaku="22,2,52,2,54,1" doraHai="13" who="0" fromWho="1" sc="274,86,206,-86,275,0,245,0" /><INIT seed="3,0,0,3,0,51" ten="360,120,275,245" oya="3" hai0="14,7,97,62,102,134,120,131,87,94,105,43,78" hai1="33,76,55,36,109,111,21,24,48,63,108,88,23" hai2="29,34,40,11,107,46,8,110,13,133,119,28,112" hai3="50,54,75,71,103,42,115,116,49,85,72,130,26"/><W66/><G116/><T9/><D120/><U4/><E36/><V31/><F107/><W15/><G115/><T124/><D134/><U45/><E76/><V125/><F112/><W44/><G103/><T99/><D124/><U98/><E4/><V86/><F119/><W67/><G130/><T53/><D43/><U5/><E5/><V2/><F125/><W127/><G127/><T122/><D131/><U100/><E100/><V3/><F34/><W73/><G85/><T18/><D122/><U117/><E117/><V135/><F86/><W65/><G26/><T68/><D68/><U80/><E33/><V16/><F11/><W22/><G22/><T93/><D87/><U19/><E23/><V56/><F56/><W114/><G114/><T91/><D78/><U77/><E63/><V123/><F123/><W58/><REACH who="3" step="1"/><G15/><REACH who="3" ten="360,120,275,235" step="2"/><T83/><D105/><U64/><E64/><V95/><F133/><W82/><G82/><T1/><D83/><U101/><E101/><V39/><F135/><W35/><G35/><T0/><D0/><U59/><E80/><V61/><F95/><W57/><G57/><N who="0" m="35119" /><D1/><U118/><E118/><V60/><F3/><W30/><G30/><T10/><D10/><U32/><E32/><V69/><F2/><W74/><N who="3" m="18944" /><DORA hai="47" /><W12/><G12/><T132/><D132/><U89/><E77/><V27/><F27/><W129/><G129/><T106/><D106/><U41/><REACH who="1" step="1"/><E98/><REACH who="1" ten="360,110,275,235" step="2"/><V6/><F31/><W128/><G128/><T20/><D20/><U37/><AGARI ba="0,2" hai="19,21,24,37,41,45,48,55,59,88,89,108,109,111" machi="37" ten="30,16000,3" yaku="1,1,2,1,0,1,14,1,52,2,54,1,53,1" doraHai="51,47" doraHaiUra="52,81" who="1" fromWho="1" sc="360,-40,110,180,275,-40,235,-80" owari="320,41.0,290,9.0,235,-16.0,155,-34.0" /></mjloggm>