<mjloggm ver="2.3"><GO type="97" lobby="0"/><UN n0="%72%65%64%73%72%65%64%73" n1="%E5%B0%B1%E6%B4%BB%E7%94%9F%40%E5%B7%9D%E6%9D%91%E8%BB%8D%E5%9B%A3" n2="%6E%69%74%6D%69%63" n3="%43%6F%6E%63%65%72%74" dan="15,13,15,14" rate="1992.86,1887.96,2053.64,1927.47" sx="M,M,M,M"/><TAIKYOKU oya="0"/><INIT seed="0,0,0,0,3,46" ten="250,250,250,250" oya="0" hai0="9,133,90,0,124,127,112,134,100,52,119,44,67" hai1="62,121,68,2,12,55,38,97,92,86,123,3,5" hai2="47,104,10,31,33,128,70,83,110,66,109,17,35" hai3="40,88,87,25,23,1,130,22,8,93,45,19,96"/><T42/><D112/><U58/><E38/><V41/><F104/><W81/><G130/><T20/><D119/><U135/><E68/><V36/><F128/><W32/><G32/><T57/><D67/><U65/><E135/><N who="0" m="51721" /><D90/><U18/><E121/><V106/><F106/><W91/><G22/><T24/><D100/><U122/><E122/><V89/><F31/><W77/><G1/><T4/><D20/><U6/><E123/><V98/><F17/><W108/><G108/><N who="2" m="41577" /><F10/><W101/><G8/><T115/><D24/><U113/><E113/><V27/><F27/><W114/><G114/><T80/><D80/><U29/><E29/><V63/><F83/><W107/><G107/><T43/><D115/><U84/><E65/><V16/><F16/><W30/><REACH who="3" step="1"/><G19/><REACH who="3" ten="250,250,250,240" step="2"/><T69/><D69/><U64/><E3/><V14/><F14/><W60/><G60/><N who="0" m="35879" /><D44/><U15/><E2/><V76/><F33/><W131/><G131/><T111/><D111/><U99/><E6/><V13/><F35/><W56/><G56/><T75/><D75/><U37/><E5/><V73/><F13/><W39/><AGARI ba="0,1" hai="23,25,30,39,40,45,77,81,87,88,91,93,96,101" machi="39" ten="20,5200,0" yaku="1,1,0,1,7,1,54,1,53,0" doraHai="46" doraHaiUra="7" who="3" fromWho="3" sc="250,-26,250,-13,250,-13,240,62" /><INIT seed="1,0,0,0,1,47" ten="224,237,237,302" oya="1" hai0="45,77,60,123,90,29,49,56,63,22,8,131,116" hai1="3,98,21,26,118,19,23,122,110,86,30,96,120" hai2="48,129,97,91,20,9,73,13,101,33,111,2,67" hai3="53,74,82,125,57,17,84,42,89,99,50,105,100"/><U108/><E3/><V103/><F33/><W79/><G125/><T40/><D116/><U25/><E118/><V85/><F73/><W54/><G17/><T66/><D131/><U109/><REACH who="1" step="1"/><E86/><REACH who="1" ten="224,227,237,302" step="2"/><V62/><F2/><W132/><G132/><T41/><D123/><AGARI ba="0,1" hai="19,21,23,25,26,30,96,98,108,109,110,120,122,123" machi="123" ten="50,12000,1" yaku="1,1,2,1,14,1,10,1,53,0" doraHai="47" doraHaiUra="61" who="1" fromWho="0" sc="224,-120,227,130,237,0,302,0" /><BYE who="0" /><INIT seed="1,1,0,2,3,41" ten="104,357,237,302" oya="1" hai0="129,105,122,126,116,55,134,117,60,133,128,95,18" hai1="123,85,135,88,45,11,102,37,97,113,82,99,31" hai2="131,58,25,63,42,64,20,19,7,93,34,78,92" hai3="36,49,51,118,59,8,109,32,89,10,101,83,71"/><U53/><E123/><V27/><F131/><W100/><G32/><T70/><D70/><U47/><E113/><V86/><F7/><W35/><G35/><T107/><D107/><U114/><E114/><V127/><F127/><W38/><G118/><T74/><D74/><U72/><E135/><V106/><F106/><W61/><G61/><T104/><D104/><U24/><E72/><V98/><F34/><W21/><G71/><T73/><D73/><U16/><E97/><V40/><F27/><W54/><G109/><T65/><D65/><U79/><E37/><V112/><F112/><W120/><G120/><T124/><D124/><U30/><E53/><V67/><F67/><W84/><G21/><T96/><D96/><U43/><E43/><V110/><F110/><W87/><G38/><T4/><D4/><U3/><E3/><V1/><F1/><W57/><G36/><T5/><D5/><U69/><E69/><V29/><F29/><N who="1" m="10761" /><E102/><V91/><REACH who="2" step="1"/><F78/><REACH who="2" ten="104,357,227,302" step="2"/><W81/><G54/><T66/><D66/><U17/><E24/><V62/><F62/><W103/><G103/><AGARI ba="1,1" hai="19,20,25,40,42,58,63,64,86,91,92,93,98,103" machi="103" ten="30,3900,0" yaku="1,1,7,1,8,1,53,0" doraHai="41" doraHaiUra="75" who="2" fromWho="3" sc="104,0,357,0,227,52,302,-42" /><INIT seed="2,0,0,5,1,76" ten="104,357,279,260" oya="2" hai0="54,58,50,135,26,123,69,27,104,40,46,24,13" hai1="9,53,65,94,2,60,73,35,18,19,118,97,4" hai2="126,106,55,103,52,45,125,101,8,71,68,112,86" hai3="21,83,117,114,133,90,99,34,131,77,107,32,14"/><V36/><F112/><W109/><G109/><T5/><D5/><U61/><E73/><V120/><F120/><W129/><G114/><T70/><D70/><N who="2" m="26666" /><F8/><W23/><G117/><T15/><D15/><U20/><E35/><N who="3" m="13354" /><G133/><T0/><D0/><U3/><E118/><V91/><F36/><W81/><G14/><T92/><D92/><U110/><E110/><V66/><F66/><W31/><G77/><T95/><D95/><U47/><E3/><V89/><F45/><W33/><G33/><T130/><D130/><N who="3" m="49673" /><G31/><T41/><D41/><U121/><E19/><V84/><F106/><W124/><G124/><N who="2" m="47721" /><F84/><W108/><G108/><T85/><D85/><U98/><E98/><V64/><F64/><W82/><G90/><N who="2" m="34313" /><F86/><W56/><G56/><T128/><D128/><U127/><E97/><V116/><F116/><W79/><G79/><T62/><D62/><U78/><E65/><V43/><F43/><W37/><G37/><T67/><D67/><U11/><E61/><V119/><F119/><W63/><G63/><T10/><D10/><U38/><E60/><V75/><F75/><W22/><G22/><T105/><D105/><U100/><E9/><V29/><F29/><W102/><AGARI ba="0,0" hai="21,23,81,82,83,99,102,107" m="49673,13354" machi="102" ten="40,8000,1" yaku="19,1,52,3" doraHai="76" who="3" fromWho="3" sc="104,-20,357,-20,279,-40,260,80" /><INIT seed="3,0,0,2,0,57" ten="84,337,239,340" oya="3" hai0="122,118,31,55,17,126,104,43,29,63,45,79,60" hai1="72,90,15,110,38,94,86,67,41,105,51,6,34" hai2="30,76,81,120,20,127,134,124,75,88,106,116,53" hai3="13,117,7,8,95,22,52,5,101,39,125,27,80"/><W64/><G117/><T102/><D102/><U112/><E112/><V96/><F53/><W25/><G39/><T89/><D89/><U48/><E34/><V68/><F20/><W91/><G125/><N who="2" m="48201" /><F30/><N who="3" m="17719" /><G64/><T42/><D42/><U133/><E105/><V66/><F66/><W83/><G27/><T40/><D40/><U107/><E107/><V35/><F35/><W36/><G36/><T129/><D129/><U21/><E72/><N who="2" m="43143" /><F68/><W92/><G5/><T135/><D135/><U26/><E133/><V46/><F46/><W19/><G7/><T37/><D37/><U4/><E110/><V97/><F134/><W115/><G115/><T123/><D123/><U109/><E109/><V74/><F116/><W100/><G52/><T70/><D70/><U9/><E67/><V69/><F69/><W93/><G83/><T10/><D10/><U16/><E38/><V62/><F62/><W3/><G3/><T47/><D47/><N who="1" m="25711" /><E51/><V84/><F120/><W18/><G18/><AGARI ba="0,0" hai="4,6,9,15,16,18,21,26,86,90,94" m="25711" machi="18" ten="30,2000,0" yaku="8,1,54,1" doraHai="57" who="1" fromWho="3" sc="84,0,337,20,239,0,340,-20" owari="84,-42.0,357,46.0,239,-16.0,320,12.0" /></mjloggm>