<mjloggm ver="2.3"><GO type="97" lobby="0"/><UN n0="%E3%81%A8%E3%82%93%E3%81%A8%E3%82%93%E3%81%A9%E3%82%89%E3%81%A9%E3%82%89" n1="%6A%75%72%69%65%73%75" n2="%48%69%74%6C%65%72" n3="%E3%82%A6%E3%83%AB%E3%83%88%E3%83%A9%E7%AB%8B%E7%9B%B4" dan="14,14,13,13" rate="1940.36,1979.41,1981.48,1848.15" sx="M,M,M,M"/><TAIKYOKU oya="0"/><INIT seed="0,0,0,4,1,56" ten="250,250,250,250" oya="0" hai0="119,67,1,73,99,117,130,40,22,26,30,88,100" hai1="61,17,131,59,0,53,101,46,82,111,15,10,33" hai2="98,54,74,52,128,38,37,106,107,49,35,135,5" hai3="102,79,18,93,86,116,29,132,124,3,94,19,81"/><T89/><D73/><U69/><E33/><V65/><F65/><W39/><G116/><T27/><D1/><U90/><E111/><V134/><F74/><W68/><G39/><N who="2" m="14857" /><F35/><W23/><G3/><T121/><D40/><U24/><E101/><N who="2" m="62775" /><F107/><W75/><G68/><T108/><D121/><U125/><E69/><V109/><F109/><W7/><G7/><T95/><D108/><U28/><E0/><V64/><F128/><W115/><G115/><T44/><D44/><U12/><E131/><V41/><F64/><W71/><G93/><T47/><D47/><U31/><E46/><N who="2" m="25807" /><F5/><W51/><G86/><T13/><D130/><U120/><E120/><V126/><F126/><W48/><G94/><T50/><D50/><U43/><E125/><V103/><F103/><W62/><G102/><T57/><D13/><U4/><E15/><V32/><F32/><W14/><G124/><T72/><D72/><U70/><E12/><V45/><F45/><W110/><G110/><T20/><D119/><U127/><E127/><V92/><F92/><W9/><G29/><N who="0" m="17607" /><D117/><U11/><E28/><V123/><F123/><W60/><G51/><T85/><D85/><U122/><E31/><V84/><F84/><W42/><G48/><T34/><D34/><U63/><E122/><V55/><F55/><W36/><G42/><T91/><D91/><U66/><E53/><V77/><F77/><W25/><G36/><T118/><D118/><U104/><E90/><V80/><F80/><W58/><G71/><T97/><D97/><U8/><E70/><V21/><F21/><W105/><G23/><RYUUKYOKU ba="0,0" sc="250,15,250,-15,250,15,250,-15" hai0="22,27,30,57,67,88,89,95,99,100" hai2="52,54,134,135" /><INIT seed="0,1,0,4,4,25" ten="265,235,265,235" oya="0" hai0="29,76,15,47,5,68,118,127,42,90,87,116,8" hai1="77,56,32,31,102,53,7,113,120,101,33,123,20" hai2="54,51,82,106,79,9,21,49,122,110,36,37,119" hai3="69,1,130,24,43,35,71,17,70,99,73,124,131"/><T39/><D68/><U91/><E77/><V66/><F122/><W128/><G1/><T84/><D127/><U3/><E120/><V85/><F106/><W74/><G124/><T80/><REACH who="0" step="1"/><D29/><REACH who="0" ten="255,235,265,235" step="2"/><U18/><E31/><V115/><F115/><W61/><G70/><T94/><AGARI ba="1,1" hai="5,8,15,39,42,47,76,80,84,87,90,94,116,118" machi="94" ten="20,12000,1" yaku="1,1,2,1,0,1,7,1,53,1" doraHai="25" doraHaiUra="38" who="0" fromWho="0" sc="255,133,235,-41,265,-41,235,-41" /><INIT seed="0,2,0,0,2,130" ten="388,194,224,194" oya="0" hai0="115,21,73,69,82,87,113,65,2,122,37,105,54" hai1="128,84,13,101,10,108,97,103,33,34,47,83,67" hai2="60,0,114,8,63,120,30,45,110,100,95,111,39" hai3="19,80,134,61,4,77,76,17,112,106,85,40,70"/><T7/><D122/><U16/><E128/><V24/><F120/><W86/><G106/><T56/><D105/><U125/><E125/><V15/><F0/><W133/><G112/><T48/><D37/><U38/><E108/><N who="2" m="41515" /><F114/><W75/><G4/><T119/><D73/><U117/><E117/><V49/><F39/><W116/><G116/><T6/><D119/><U53/><E67/><V127/><F127/><W42/><G61/><T124/><D124/><U12/><E38/><V96/><F15/><W26/><G75/><T81/><D81/><U79/><E101/><V57/><F57/><W74/><G74/><T88/><D21/><U90/><E79/><V25/><F8/><W121/><G121/><T89/><D89/><U93/><E13/><V55/><F25/><W123/><G123/><T64/><D69/><U92/><E93/><V46/><F45/><W71/><G80/><T18/><D18/><U68/><E68/><V27/><F27/><AGARI ba="2,0" hai="17,19,26,27,40,42,70,71,76,77,85,86,133,134" machi="27" ten="25,6400,0" yaku="22,2,52,2" doraHai="130" who="3" fromWho="2" sc="388,0,194,0,224,-70,194,70" /><INIT seed="1,0,0,2,5,48" ten="388,194,154,264" oya="1" hai0="98,61,73,35,1,119,57,133,28,80,111,0,32" hai1="43,7,132,102,94,78,101,29,53,123,19,85,75" hai2="112,10,58,104,65,30,90,74,14,95,3,87,27" hai3="92,135,70,126,109,114,31,71,60,81,42,122,52"/><U84/><E123/><V23/><F112/><W41/><G31/><T5/><D119/><U82/><E29/><V39/><F104/><W83/><G92/><T127/><D111/><U45/><E7/><V25/><F74/><W113/><G122/><T51/><D127/><U50/><E132/><V121/><F39/><W11/><G11/><T2/><D133/><U36/><E19/><V69/><F69/><W103/><G135/><T91/><D51/><U34/><E34/><V72/><F72/><W131/><G103/><T40/><D40/><N who="3" m="15465" /><G83/><T63/><D63/><U134/><E134/><V77/><F77/><W56/><G81/><T129/><D129/><U26/><E26/><N who="2" m="16735" /><F3/><W93/><G93/><T49/><D49/><U118/><E118/><V108/><F108/><W125/><G109/><T120/><D120/><U6/><E6/><N who="2" m="3415" /><F121/><W105/><G105/><T115/><D115/><N who="3" m="44041" /><G131/><T107/><D107/><U76/><E78/><V67/><F67/><W15/><G15/><T110/><D110/><U55/><E36/><V4/><F4/><W62/><G70/><T46/><D5/><U68/><E68/><V24/><F27/><W17/><G17/><T12/><D12/><U16/><E16/><V100/><F100/><N who="1" m="38505" /><E75/><V37/><F37/><W9/><G9/><T86/><D73/><U54/><E43/><V89/><F90/><AGARI ba="0,0" hai="45,50,53,54,55,76,82,84,85,90,94" m="38505" machi="90" ten="30,11600,0" yaku="8,1,52,3" doraHai="48" who="1" fromWho="2" sc="388,0,194,116,154,-116,264,0" /><INIT seed="1,1,0,0,5,109" ten="388,310,38,264" oya="1" hai0="24,37,30,84,89,53,43,105,108,119,44,59,72" hai1="8,51,76,16,90,35,117,80,113,128,10,15,106" hai2="94,13,79,52,101,102,2,127,86,12,126,83,123" hai3="39,107,6,121,36,55,133,96,62,64,135,46,27"/><U20/><E113/><V81/><F2/><W71/><G6/><T99/><D119/><U11/><E117/><V32/><F32/><W41/><G27/><T17/><D108/><U29/><E106/><V111/><F111/><W73/><G73/><T129/><D72/><U61/><E90/><N who="2" m="53591" /><F123/><W110/><G110/><T114/><D129/><U75/><E128/><V134/><F134/><N who="3" m="51211" /><G96/><T56/><D17/><U131/><E131/><V54/><F127/><W58/><G107/><T34/><D114/><U82/><E80/><N who="2" m="30795" /><F79/><W77/><G77/><T33/><D33/><U68/><E51/><V70/><F70/><W125/><G121/><T18/><D18/><U74/><E35/><V26/><F26/><W25/><G25/><T69/><D69/><U45/><E45/><V112/><F112/><W23/><G23/><T78/><D105/><U66/><E75/><V100/><F126/><W120/><G120/><T21/><D34/><U0/><REACH who="1" step="1"/><E29/><REACH who="1" ten="388,300,38,264" step="2"/><V40/><F40/><W116/><G116/><T115/><D115/><U38/><E38/><V130/><F130/><W50/><G125/><T67/><D78/><U103/><E103/><V57/><F54/><W7/><G7/><AGARI ba="1,1" hai="0,7,8,10,11,15,16,20,61,66,68,74,76,82" machi="7" ten="40,3900,0" yaku="1,1,54,1,53,0" doraHai="109" doraHaiUra="98" who="1" fromWho="3" sc="388,0,300,52,38,0,264,-42" /><INIT seed="1,2,0,1,2,55" ten="388,352,38,222" oya="1" hai0="116,42,121,119,51,108,107,4,120,75,83,39,102" hai1="127,98,2,48,86,131,88,122,123,106,31,128,101" hai2="6,58,43,124,16,60,69,81,27,9,61,23,130" hai3="135,80,25,134,10,54,26,96,46,89,17,32,65"/><U94/><E2/><V78/><F130/><N who="1" m="49705" /><E31/><V100/><F124/><W129/><G129/><T14/><D39/><U84/><E48/><V63/><F69/><W73/><G65/><T87/><D75/><U67/><E67/><V45/><F100/><W37/><G26/><T91/><D108/><U85/><E127/><V92/><F92/><W24/><G24/><T29/><D107/><U3/><E3/><V5/><F9/><W70/><G70/><T59/><D29/><U110/><E110/><V66/><F5/><W113/><G113/><T47/><D102/><U105/><E106/><V19/><F6/><W77/><G54/><T30/><D30/><U0/><E0/><V13/><F19/><W40/><G17/><T53/><D4/><U50/><E50/><V62/><F13/><W12/><G12/><T109/><D14/><U21/><E21/><V57/><N who="2" m="15872" /><DORA hai="93" /><V36/><REACH who="2" step="1"/><F66/><REACH who="2" ten="388,352,28,222" step="2"/><W18/><G18/><T90/><D109/><U99/><AGARI ba="2,1" hai="84,85,86,88,94,98,99,101,105,122,123" m="49705" machi="99" ten="40,18000,2" yaku="19,1,34,2,52,2,54,1" doraHai="55,93" who="1" fromWho="1" sc="388,-62,352,196,28,-62,222,-62" owari="326,13.0,548,64.0,-34,-53.0,160,-24.0" /></mjloggm>