<mjloggm ver="2.3"><GO type="97" lobby="0"/><UN n0="%61%6E%74%33%31%34" n1="%E5%B0%B1%E6%B4%BB%E7%94%9F%40%E5%B7%9D%E6%9D%91%E8%BB%8D%E5%9B%A3" n2="%E3%81%8B%E3%81%88%E3%82%93%E3%81%9D%E3%81%86" n3="%E6%9D%A5%E9%80%B1%E3%81%AE%E7%B3%B8%E4%BA%95" dan="13,13,15,13" rate="1845.59,1858.19,1994.28,1824.68" sx="M,M,M,M"/><TAIKYOKU oya="0"/><INIT seed="0,0,0,3,0,132" ten="250,250,250,250" oya="0" hai0="44,39,133,118,105,85,24,14,117,34,55,49,52" hai1="111,76,113,21,107,123,0,106,95,15,130,94,87" hai2="60,96,70,104,122,99,8,125,91,75,53,61,36" hai3="30,1,67,82,81,128,23,78,29,115,10,62,97"/><T18/><D105/><U114/><E0/><V100/><F122/><W5/><G115/><N who="1" m="44042" /><E21/><V121/><F121/><W31/><G128/><T11/><D133/><U42/><E42/><V43/><F75/><W25/><G97/><T2/><D2/><U120/><E15/><V116/><F116/><W112/><G112/><T3/><D3/><U4/><E4/><V54/><F43/><W101/><G101/><T17/><D39/><U119/><E119/><V57/><F36/><W127/><G127/><T59/><D85/><U28/><E28/><V27/><F125/><W41/><G41/><T6/><D6/><U109/><E130/><V16/><F70/><W66/><G82/><T90/><D90/><N who="1" m="53599" /><E76/><V47/><F47/><W26/><G26/><T108/><D108/><N who="1" m="41547" /><E95/><N who="2" m="56447" /><F8/><W77/><G77/><T88/><D34/><U37/><E37/><V98/><F61/><W124/><G124/><T71/><D71/><U134/><E134/><V46/><F46/><W68/><G67/><T9/><D24/><U129/><E129/><V35/><F53/><W80/><G78/><T20/><D17/><U103/><E107/><V48/><F48/><W79/><G79/><T13/><D14/><U135/><E135/><V40/><F40/><W102/><G1/><T84/><D11/><U73/><E73/><V65/><F65/><W64/><G64/><T92/><D9/><U19/><E19/><V45/><F45/><W74/><G74/><T38/><D38/><U83/><E83/><N who="3" m="31818" /><G5/><T126/><D126/><U93/><E106/><V51/><F104/><W69/><G10/><T131/><D131/><RYUUKYOKU ba="0,0" sc="250,15,250,15,250,-15,250,-15" hai0="13,18,20,44,49,52,55,59,84,88,92,117,118" hai1="93,103,120,123" /><INIT seed="0,1,0,4,4,53" ten="265,265,235,235" oya="0" hai0="41,110,111,46,32,94,0,34,75,101,103,59,82" hai1="20,64,8,116,10,76,40,43,99,127,115,63,13" hai2="129,109,30,28,1,11,80,70,135,104,7,26,117" hai3="56,2,85,47,90,100,118,15,69,124,78,132,66"/><T113/><D113/><U42/><E116/><V54/><F109/><N who="0" m="41482" /><D0/><U126/><E115/><V120/><F117/><W105/><G118/><T51/><D59/><N who="1" m="36991" /><E76/><V27/><F120/><W37/><G124/><N who="1" m="47658" /><E99/><V93/><F104/><W77/><G132/><T107/><D107/><U114/><E114/><V17/><F135/><W128/><G69/><T23/><D23/><U65/><E65/><V9/><F129/><W19/><G128/><T96/><D103/><U22/><E10/><V33/><F70/><W44/><G66/><T97/><D96/><U130/><E130/><V81/><F93/><W123/><G105/><T122/><D122/><U73/><E73/><V84/><F54/><W119/><G78/><AGARI ba="1,0" hai="32,34,41,46,51,75,78,82,94,97,101" m="41482" machi="78" ten="30,2900,0" yaku="14,1,10,1" doraHai="53" who="0" fromWho="3" sc="265,32,265,0,235,0,235,-32" /><INIT seed="0,2,0,5,3,22" ten="297,265,235,203" oya="0" hai0="26,55,67,4,60,80,72,71,41,91,58,13,87" hai1="113,35,44,1,76,102,93,8,14,19,18,28,9" hai2="46,0,97,73,132,54,128,135,40,131,33,109,106" hai3="125,50,53,47,81,116,112,90,2,66,105,75,121"/><T39/><D39/><U25/><E113/><V64/><F73/><W29/><G112/><T6/><D41/><U127/><E127/><V34/><F0/><W115/><G115/><T24/><D72/><U10/><E76/><V95/><F64/><W61/><G125/><T104/><D104/><U57/><E44/><V126/><F54/><W82/><G121/><T100/><D100/><U78/><E78/><V94/><F126/><W86/><G116/><T99/><D99/><U85/><E1/><V68/><F68/><W134/><G134/><N who="2" m="51241" /><F109/><W21/><G105/><T129/><D129/><N who="2" m="49738" /><F106/><W45/><G2/><T42/><D42/><U114/><E114/><V111/><F111/><W62/><G75/><T5/><REACH who="0" step="1"/><D13/><REACH who="0" ten="287,265,235,203" step="2"/><U88/><E102/><N who="2" m="60727" /><F95/><W89/><G82/><T70/><D70/><U130/><E130/><V84/><F84/><W119/><G81/><T3/><D3/><U107/><E107/><V101/><F101/><W63/><G86/><T69/><D69/><U65/><E14/><V123/><F123/><W124/><G124/><T38/><D38/><AGARI ba="2,1" hai="33,34,38,40,46" m="60727,49738,51241" machi="38" ten="30,2000,0" yaku="20,1,19,1" doraHai="22" who="2" fromWho="0" sc="287,-26,265,0,235,36,203,0" /><INIT seed="1,0,0,2,4,41" ten="261,265,271,203" oya="1" hai0="94,64,4,114,47,131,80,86,76,30,40,89,111" hai1="13,129,22,9,96,44,103,81,52,123,18,35,32" hai2="106,105,16,91,3,58,99,60,125,45,77,113,120" hai3="135,133,5,26,88,78,1,24,121,68,54,57,49"/><U97/><E123/><V102/><F120/><W23/><G121/><T34/><D111/><U132/><E129/><V29/><F3/><W50/><G68/><T6/><D114/><U115/><E115/><V28/><F113/><W33/><G78/><T117/><D117/><U2/><E132/><N who="3" m="50762" /><G33/><T42/><D131/><U55/><E81/><V39/><F106/><W8/><G23/><T43/><D64/><U122/><E122/><V19/><F77/><W70/><G70/><T127/><D127/><U134/><E134/><V79/><F79/><W14/><G14/><T101/><D101/><U17/><E97/><V67/><F91/><W119/><G119/><T126/><D126/><U104/><E2/><V128/><F125/><W59/><G88/><N who="0" m="51271" /><D34/><U75/><E75/><V61/><F61/><W21/><G21/><T85/><D30/><U53/><REACH who="1" step="1"/><E44/><REACH who="1" ten="261,255,271,203" step="2"/><V130/><F130/><W124/><G124/><T36/><D47/><U109/><E109/><V48/><F128/><W112/><G112/><T51/><D36/><U20/><E20/><V37/><F39/><W15/><G1/><T118/><D118/><U31/><E31/><V83/><F37/><W10/><G10/><T65/><D42/><U82/><E82/><V46/><F83/><W12/><G8/><T63/><D40/><U74/><E74/><V90/><F45/><W25/><G5/><T62/><D43/><U87/><E87/><V69/><F46/><W107/><G107/><T108/><D108/><U92/><E92/><N who="2" m="56727" /><F105/><W11/><G11/><T73/><D94/><U66/><E66/><V84/><F67/><RYUUKYOKU ba="0,1" sc="261,-15,255,15,271,-15,203,15" hai1="9,13,17,18,22,32,35,52,53,55,96,103,104" hai3="12,15,24,25,26,49,50,54,57,59" /><INIT seed="1,1,1,4,0,68" ten="246,270,256,218" oya="1" hai0="109,72,106,123,100,125,52,75,2,128,113,74,85" hai1="99,69,42,48,122,55,135,81,50,63,10,115,105" hai2="8,102,87,12,28,37,7,98,119,0,92,44,24" hai3="20,76,33,41,35,104,79,66,59,77,5,38,11"/><U116/><E122/><V73/><F73/><W71/><G104/><T107/><D113/><U45/><E116/><V19/><F119/><W22/><G71/><T53/><D2/><U89/><E115/><V134/><F134/><W127/><G127/><T83/><D123/><U82/><E135/><V96/><F87/><W126/><G126/><T9/><D125/><U18/><E105/><V101/><F44/><W111/><G111/><T112/><D109/><U70/><E70/><V49/><F49/><W3/><G35/><T46/><D112/><U60/><E69/><V95/><F37/><W16/><G33/><T36/><D107/><U29/><E29/><V17/><REACH who="2" step="1"/><F0/><REACH who="2" ten="246,270,246,218" step="2"/><W31/><G38/><T43/><D128/><U27/><E48/><V103/><F103/><W40/><G3/><T30/><D100/><U133/><E133/><V97/><F97/><W67/><G67/><T117/><D117/><U21/><E42/><V90/><F90/><W120/><G66/><T51/><D36/><U110/><E110/><V131/><F131/><W62/><G40/><T91/><D106/><U58/><E63/><V47/><F47/><W4/><G41/><T78/><D78/><U132/><E132/><V56/><F56/><W6/><G59/><T34/><D9/><U26/><E99/><V130/><F130/><W65/><G120/><T13/><D13/><U14/><E89/><V25/><F25/><N who="3" m="16807" /><G76/><T129/><D129/><U61/><E27/><V94/><F94/><W32/><G79/><T93/><D93/><U23/><E61/><V121/><F121/><W84/><G62/><RYUUKYOKU ba="1,2" sc="246,15,270,-15,246,15,218,-15" hai0="30,34,43,46,51,52,53,72,74,75,83,85,91" hai2="7,8,12,17,19,24,28,92,95,96,98,101,102" /><INIT seed="2,2,2,1,0,114" ten="261,255,261,203" oya="2" hai0="34,116,115,24,11,7,64,124,76,60,71,134,131" hai1="6,70,59,37,63,117,96,10,99,41,68,32,79" hai2="128,90,88,100,65,31,95,122,72,87,91,14,25" hai3="127,3,58,126,2,103,73,101,105,52,82,56,21"/><V83/><F122/><W43/><G43/><T4/><D115/><U23/><E32/><V84/><F72/><W13/><G105/><T28/><D131/><U18/><E117/><V94/><F128/><W106/><G106/><T92/><D124/><N who="3" m="47657" /><G73/><T26/><D134/><U35/><E35/><V45/><F65/><W40/><G40/><T69/><D71/><U66/><E41/><V27/><F100/><N who="3" m="38475" /><G82/><T135/><D116/><U67/><E37/><V118/><F118/><W119/><G119/><T125/><D135/><U48/><E79/><V55/><F14/><W111/><G111/><T42/><D125/><U16/><E68/><V110/><F110/><W113/><G113/><T44/><D26/><U98/><E23/><V47/><F27/><W78/><G78/><T121/><D121/><U9/><E9/><V81/><F55/><W80/><G80/><N who="2" m="30793" /><F90/><W130/><G130/><T12/><D76/><U50/><E70/><V22/><AGARI ba="2,2" hai="22,25,31,45,47,84,87,88,91,94,95" m="30793" machi="22" ten="30,3000,0" yaku="8,1,54,1" doraHai="114" who="2" fromWho="2" sc="261,-12,255,-12,261,56,203,-12" /><INIT seed="2,3,0,2,0,111" ten="249,243,317,191" oya="2" hai0="98,64,84,11,88,118,51,87,10,19,113,75,52" hai1="4,108,127,58,78,15,69,45,5,29,85,50,67" hai2="116,80,12,32,14,22,56,71,63,92,54,96,102" hai3="86,42,66,124,83,47,105,97,39,90,119,61,81"/><V107/><F116/><W9/><G124/><T59/><D113/><U115/><E108/><V60/><F32/><W93/><G119/><T13/><D118/><U24/><E127/><V101/><F101/><W72/><G72/><T121/><D121/><U123/><E123/><V55/><F80/><W128/><G128/><T104/><D75/><U27/><E69/><V37/><F37/><W38/><G38/><T76/><D104/><U3/><E3/><V33/><F33/><W70/><REACH who="3" step="1"/><G9/><REACH who="3" ten="249,243,317,181" step="2"/><N who="0" m="6575" /><D76/><U62/><E115/><V57/><F71/><W94/><G94/><N who="0" m="56647" /><D64/><U110/><E110/><V35/><F35/><W73/><G73/><T122/><D122/><U26/><E29/><V112/><F112/><W18/><G18/><T125/><D125/><U23/><E4/><V99/><F22/><W65/><G65/><T30/><D30/><U130/><E130/><V114/><F114/><W120/><G120/><T25/><D25/><U131/><E131/><V16/><F16/><W132/><G132/><T1/><D1/><U117/><E117/><V48/><F107/><W95/><G95/><T7/><D7/><U77/><E5/><V134/><F134/><W6/><G6/><T91/><D87/><U129/><E129/><V41/><F96/><W133/><G133/><T40/><D40/><N who="1" m="24871" /><E85/><V89/><F102/><AGARI ba="3,1" hai="39,42,47,61,66,70,81,83,86,90,93,97,102,105" machi="102" ten="40,1300,0" yaku="1,1,53,0" doraHai="111" doraHaiUra="0" who="3" fromWho="2" sc="249,0,243,0,317,-22,181,32" /><INIT seed="3,0,0,4,4,69" ten="249,243,295,213" oya="3" hai0="65,23,100,26,134,29,101,46,108,63,117,133,28" hai1="49,2,25,95,48,57,127,52,50,121,0,119,40" hai2="44,9,54,6,93,83,10,87,92,16,125,51,75" hai3="88,81,72,68,91,98,84,35,77,14,37,74,132"/><W82/><G68/><N who="0" m="42047" /><D108/><U131/><E121/><V36/><F75/><N who="3" m="28715" /><G37/><T97/><D117/><U67/><E119/><V47/><F125/><W94/><G35/><T7/><D97/><U32/><E127/><V60/><F60/><W89/><G14/><T111/><D111/><U112/><E112/><V18/><F36/><W34/><G34/><T124/><D124/><U128/><E67/><V30/><F44/><W59/><G59/><T123/><D123/><U43/><E95/><N who="2" m="36427" /><F30/><W114/><G114/><T71/><D71/><U42/><E32/><V1/><F1/><W115/><G115/><T55/><D7/><U56/><E25/><V3/><F3/><N who="1" m="1065" /><E52/><V70/><F70/><W96/><G132/><N who="0" m="50795" /><D29/><U80/><E80/><N who="3" m="30826" /><G77/><T15/><D15/><U31/><E31/><V64/><F64/><W27/><G27/><T129/><D129/><AGARI ba="0,0" hai="40,42,43,48,49,50,56,57,128,129,131" m="1065" machi="129" ten="40,5200,0" yaku="28,2,19,1" doraHai="69" who="1" fromWho="0" sc="249,-52,243,52,295,0,213,0" /><INIT seed="4,0,0,2,3,81" ten="197,295,295,213" oya="0" hai0="99,88,29,19,117,124,12,80,68,83,105,55,45" hai1="132,93,34,25,85,46,11,125,97,9,103,36,111" hai2="110,135,118,38,92,63,17,54,78,134,122,18,96" hai3="30,121,76,53,60,120,129,66,127,14,40,20,32"/><T44/><D124/><U116/><E111/><V6/><F110/><W51/><G127/><T94/><D117/><U108/><E125/><V10/><F118/><W123/><G129/><T4/><D68/><U47/><E132/><N who="2" m="50731" /><F38/><W33/><G40/><T0/><D29/><U50/><E108/><V15/><F78/><W115/><G115/><T59/><D0/><U100/><E116/><V3/><F3/><W131/><G131/><T67/><D4/><U8/><E36/><V106/><F106/><W31/><G76/><T89/><D67/><U86/><E47/><N who="0" m="17993" /><D105/><U82/><E82/><N who="0" m="31273" /><D94/><U27/><E100/><N who="2" m="60423" /><F122/><W43/><G43/><T2/><D99/><U91/><E103/><V70/><F54/><W98/><G98/><T23/><D2/><U95/><E95/><V57/><F57/><N who="3" m="37135" /><G14/><T37/><D37/><U130/><E130/><V87/><F87/><N who="1" m="33289" /><E34/><N who="3" m="13418" /><G20/><T112/><D112/><U62/><E62/><AGARI ba="0,0" hai="12,19,23,55,59,62,88,89" m="31273,17993" machi="62" ten="30,2900,0" yaku="8,1,54,1" doraHai="81" who="0" fromWho="1" sc="197,29,295,-29,295,0,213,0" /><INIT seed="4,1,0,5,2,50" ten="226,266,295,213" oya="0" hai0="14,78,17,22,131,11,38,92,135,27,115,118,133" hai1="82,129,63,73,81,116,96,9,43,15,26,2,48" hai2="106,112,124,64,103,21,12,120,20,29,125,53,114" hai3="128,104,134,127,94,19,39,32,28,62,6,130,66"/><T5/><D115/><N who="2" m="44074" /><F120/><W75/><G104/><T121/><D118/><U80/><E2/><V68/><F53/><W35/><G39/><T52/><D121/><U71/><E73/><V77/><F77/><W69/><G75/><T56/><D131/><N who="3" m="50217" /><G134/><N who="0" m="51211" /><D38/><U46/><E116/><V74/><F74/><W105/><G105/><T101/><D78/><U108/><E129/><V100/><F29/><W30/><G127/><N who="2" m="48713" /><F12/><W83/><G6/><T58/><D58/><U102/><E108/><V109/><F109/><W70/><G70/><T25/><D92/><U55/><E26/><V24/><F24/><W57/><G57/><T88/><D101/><N who="2" m="38986" /><F106/><W123/><G123/><T23/><D88/><U47/><E71/><V8/><F8/><W132/><G132/><T111/><D111/><U36/><E63/><AGARI ba="1,0" hai="20,21,63,64,68" m="38986,48713,44074" machi="63" ten="40,2600,0" yaku="15,1,18,1" doraHai="50" who="2" fromWho="1" sc="226,0,266,-29,295,29,213,0" owari="226,-17.0,237,4.0,324,42.0,213,-29.0" /></mjloggm>