<mjloggm ver="2.3"><GO type="169" lobby="0"/><UN n0="%E3%83%87%E3%82%A3%E3%82%AA%E3%83%90%E3%83%B3" n1="%6D%65%24%6F" n2="%E3%82%A6%E3%83%AB%E3%83%88%E3%83%A9%E7%AB%8B%E7%9B%B4" n3="%E3%81%BE%E3%83%BC%E3%81%A1%E3%82%83%E3%82%80" dan="17,16,17,16" rate="2149.42,2069.73,2108.51,2082.80" sx="M,M,M,F"/><TAIKYOKU oya="0"/><INIT seed="0,0,0,4,5,12" ten="250,250,250,250" oya="0" hai0="57,14,61,55,52,7,98,59,1,123,74,80,115" hai1="116,132,17,96,135,120,32,37,88,9,111,101,66" hai2="134,128,39,67,133,45,11,114,92,129,53,72,25" hai3="20,85,49,28,46,51,15,127,112,87,69,83,79"/><T41/><D123/><U43/><E120/><V99/><F72/><W122/><G122/><T24/><D115/><U86/><E32/><V90/><F114/><W63/><G127/><T108/><D1/><U50/><E37/><V95/><F67/><W94/><G112/><T48/><D108/><U97/><E66/><V6/><F25/><W81/><G69/><T130/><D130/><N who="2" m="50282" /><F95/><W19/><G63/><T13/><D41/><U93/><E116/><V104/><F104/><W70/><G70/><T71/><D71/><U68/><E68/><V34/><F34/><W21/><G94/><T119/><D119/><U27/><E111/><V60/><F60/><W36/><G36/><T105/><D7/><U10/><E43/><N who="2" m="22783" /><F53/><W91/><G46/><T33/><D33/><U118/><E118/><V103/><F103/><W109/><G109/><T102/><REACH who="0" step="1"/><D24/><AGARI ba="0,0" hai="15,19,20,21,24,28,49,51,79,81,83,85,87,91" machi="24" ten="40,2600,0" yaku="8,1,52,1" doraHai="12" who="3" fromWho="0" sc="250,-26,250,0,250,0,250,26" /><INIT seed="1,0,0,5,1,38" ten="224,250,250,276" oya="1" hai0="132,21,8,78,42,120,30,49,55,67,15,0,125" hai1="99,44,77,93,88,13,82,134,75,48,108,129,63" hai2="133,29,73,135,128,65,122,6,39,85,72,61,95" hai3="53,111,64,31,3,9,69,27,121,37,17,71,68"/><U56/><E129/><V83/><F122/><W22/><G121/><T14/><D125/><U119/><E119/><V100/><F29/><W124/><G124/><T5/><D132/><N who="2" m="50762" /><F39/><W96/><G111/><T26/><D120/><U84/><E134/><V19/><F19/><W98/><G37/><T28/><D67/><U123/><E123/><V103/><F6/><W106/><G53/><T59/><D30/><U45/><E108/><V18/><F18/><W16/><G64/><T23/><D78/><U43/><E44/><V1/><F1/><W58/><G58/><T7/><D23/><U117/><E13/><V92/><F61/><W47/><G47/><T89/><D89/><U34/><E34/><V127/><F65/><W74/><G74/><N who="2" m="28777" /><F127/><W81/><G81/><T35/><D7/><U110/><E110/><V2/><F2/><W60/><G60/><T40/><D15/><U46/><E46/><V12/><F12/><W115/><G3/><T54/><D54/><U101/><E117/><V102/><F128/><W52/><G9/><T112/><D112/><U4/><E4/><V97/><F97/><W116/><G115/><T36/><D36/><U104/><E63/><V70/><F70/><W91/><G52/><T32/><D32/><U57/><AGARI ba="0,0" hai="43,45,48,56,57,75,77,82,84,88,93,99,101,104" machi="57" ten="30,12000,1" yaku="0,1,24,2,52,1,54,1" doraHai="38" who="1" fromWho="1" sc="224,-40,250,120,250,-40,276,-40" /><INIT seed="1,1,0,5,3,21" ten="184,370,210,236" oya="1" hai0="27,50,34,45,16,104,75,1,107,134,79,42,123" hai1="71,130,11,54,22,32,114,2,108,109,110,3,96" hai2="94,73,91,133,31,33,124,68,47,89,83,129,24" hai3="58,88,20,57,64,7,46,14,10,18,116,101,43"/><U112/><E71/><V52/><F68/><W135/><G116/><T61/><D1/><N who="1" m="11" /><E96/><V28/><F124/><W0/><G135/><T118/><D118/><U80/><E80/><V76/><F129/><W105/><G64/><T72/><D134/><U98/><E98/><V127/><F133/><W87/><G101/><T95/><D123/><U4/><E54/><V12/><F127/><W85/><G105/><T122/><D122/><U5/><E130/><V25/><F12/><W97/><G97/><T67/><D95/><U121/><E121/><V119/><F119/><W70/><G70/><T35/><D35/><U92/><E92/><V117/><F117/><W38/><G87/><T9/><D34/><U13/><E32/><V99/><F91/><W29/><G29/><T30/><D30/><U36/><E36/><V78/><F78/><W63/><G63/><T81/><D75/><U41/><E41/><V19/><F52/><W77/><G77/><T40/><D40/><U53/><E53/><V15/><F47/><W84/><G85/><T125/><D125/><U86/><E86/><V17/><F15/><W102/><G102/><T90/><D90/><U56/><E56/><V59/><F59/><W48/><G38/><T100/><D100/><U106/><E106/><N who="0" m="40489" /><D61/><U65/><E65/><V51/><F51/><W49/><G49/><T26/><D67/><U55/><E55/><V69/><F69/><W131/><G131/><T66/><D66/><U62/><E62/><V115/><F115/><N who="1" m="44073" /><E4/><V6/><F6/><W120/><G120/><T60/><D60/><U82/><E82/><AGARI ba="1,0" hai="0,7,10,14,18,20,43,46,48,57,58,82,84,88" machi="82" ten="30,3900,0" yaku="6,1,7,1,54,1" doraHai="21" who="3" fromWho="1" sc="184,0,370,-42,210,0,236,42" /><INIT seed="2,0,0,2,2,106" ten="184,328,210,278" oya="2" hai0="58,51,86,64,65,40,34,61,120,19,43,47,56" hai1="116,128,11,84,94,100,119,129,21,46,132,114,122" hai2="69,36,111,103,13,115,76,9,92,49,113,112,7" hai3="127,67,104,102,26,62,8,135,66,42,110,87,121"/><V78/><F69/><W80/><G110/><T60/><D34/><U123/><E11/><V105/><F36/><W18/><G121/><N who="1" m="46090" /><E46/><V10/><F111/><W88/><G135/><T91/><D120/><U30/><E132/><V85/><F105/><W99/><G127/><T31/><D31/><U81/><E21/><V41/><F41/><W54/><G42/><T25/><D43/><U5/><E5/><V117/><F117/><W2/><G54/><T101/><D101/><U124/><E30/><V38/><F38/><W131/><G131/><N who="1" m="50250" /><E114/><V24/><F24/><W52/><G26/><T3/><D3/><U12/><E12/><V59/><F10/><W74/><G18/><T6/><D6/><U0/><E0/><V98/><F49/><W109/><G109/><T22/><D86/><U79/><E124/><V53/><F53/><W125/><G125/><T83/><D91/><N who="1" m="53607" /><E100/><V16/><F59/><W44/><G8/><T37/><D37/><U108/><E108/><V28/><F28/><W29/><G2/><T23/><D23/><U48/><E48/><V35/><F35/><W97/><G29/><T68/><D68/><U118/><E118/><V126/><F126/><W57/><G44/><T90/><D90/><U14/><E14/><V72/><F7/><W96/><G102/><T1/><D1/><U77/><E77/><V107/><F78/><W4/><G4/><T134/><D134/><U130/><N who="1" m="50258" /><U45/><DORA hai="93" /><E45/><V133/><F133/><W27/><G27/><T82/><AGARI ba="0,0" hai="19,22,25,40,47,51,56,58,60,61,64,65,82,83" machi="82" ten="30,4000,0" yaku="0,1,9,1,8,1" doraHai="106,93" who="0" fromWho="0" sc="184,40,328,-10,210,-20,278,-10" /><INIT seed="3,0,0,4,0,108" ten="224,318,190,268" oya="3" hai0="131,74,5,100,41,117,0,96,130,22,76,26,9" hai1="91,45,80,123,62,37,71,25,30,112,113,58,67" hai2="111,10,119,83,98,54,44,38,61,29,42,128,72" hai3="52,17,79,105,43,81,106,1,101,88,34,48,93"/><W33/><G1/><T97/><D117/><U95/><E123/><V2/><F119/><W134/><G134/><T11/><D41/><U82/><E71/><V133/><F111/><W13/><G43/><T132/><D132/><U78/><E45/><V118/><F118/><W109/><G109/><T39/><D39/><U46/><E46/><V107/><F133/><W92/><G92/><T21/><D9/><U57/><E57/><V77/><F128/><N who="0" m="49194" /><D26/><U36/><E36/><V70/><F29/><W135/><G135/><T14/><D0/><U50/><E50/><V27/><F27/><W65/><G65/><T63/><D63/><U90/><E37/><V114/><F54/><W116/><G116/><T69/><D69/><U56/><E56/><V110/><F110/><W94/><G94/><N who="0" m="58391" /><D97/><U120/><E120/><V18/><F18/><W24/><G24/><T16/><D5/><U32/><E82/><AGARI ba="0,0" hai="11,14,16,21,22,74,76,82" m="58391,49194" machi="82" ten="30,2000,0" yaku="19,1,54,1" doraHai="108" who="0" fromWho="1" sc="224,20,318,-20,190,0,268,0" /><INIT seed="4,0,0,3,3,135" ten="244,298,190,268" oya="0" hai0="63,45,126,62,114,41,106,48,58,50,29,104,67" hai1="21,134,133,111,31,102,49,96,105,74,60,88,125" hai2="112,43,132,79,119,129,66,82,94,19,10,52,97" hai3="124,42,78,110,18,11,109,115,5,59,89,118,38"/><T87/><D114/><U4/><E111/><V54/><F112/><W103/><G115/><T56/><D126/><U85/><E74/><V3/><F132/><N who="1" m="50793" /><E4/><V14/><F129/><W16/><G118/><T81/><D29/><U77/><E60/><V25/><F119/><W99/><G78/><T30/><D30/><U57/><E77/><V37/><F3/><W68/><G68/><T127/><D127/><U23/><E31/><V8/><F8/><W35/><G35/><T108/><D108/><U80/><E125/><V75/><F66/><W53/><G124/><T131/><D131/><U70/><E70/><V15/><F15/><W0/><G89/><T83/><D50/><U6/><E6/><V40/><F25/><W95/><G110/><T123/><D123/><U32/><E32/><V47/><REACH who="2" step="1"/><F43/><REACH who="2" ten="244,298,180,268" step="2"/><W100/><G109/><T46/><D67/><U65/><E65/><V64/><F64/><W13/><G0/><T107/><D41/><U128/><E128/><V130/><F130/><W1/><G1/><T44/><D48/><U101/><E21/><V28/><F28/><W7/><G42/><T117/><D117/><U73/><E23/><V22/><F22/><W122/><G122/><T69/><D69/><U120/><E120/><V36/><F36/><W20/><G38/><T17/><D63/><U27/><E27/><V34/><F34/><W51/><G20/><T72/><D62/><U12/><E12/><V113/><F113/><W91/><G5/><T61/><D61/><U90/><E49/><V93/><F93/><W55/><G55/><T86/><D106/><RYUUKYOKU ba="0,1" sc="244,-15,298,-15,180,15,268,15" hai2="10,14,19,37,40,47,52,54,75,79,82,94,97" hai3="7,11,13,16,18,51,53,59,91,95,99,100,103" /><INIT seed="5,1,1,4,3,46" ten="229,283,195,283" oya="1" hai0="50,15,16,79,26,10,22,9,112,93,104,77,111" hai1="105,1,78,17,75,113,34,59,29,82,130,110,122" hai2="97,49,55,102,14,40,61,124,20,31,131,87,85" hai3="106,45,74,99,62,133,18,118,135,73,13,68,41"/><U117/><RYUUKYOKU type="yao9" ba="1,1" sc="229,0,283,0,195,0,283,0" hai1="1,17,29,34,59,75,78,82,105,110,113,117,122,130" /><INIT seed="5,2,1,1,3,0" ten="229,283,195,283" oya="1" hai0="12,68,37,66,126,28,49,27,13,97,15,84,29" hai1="74,63,111,39,91,105,135,81,8,72,36,132,76" hai2="57,129,21,102,119,79,31,109,35,70,108,127,50" hai3="61,131,47,77,99,25,96,40,4,106,60,93,123"/><U71/><E91/><V20/><F70/><W92/><G131/><T22/><D37/><N who="1" m="14411" /><E111/><V46/><F35/><W5/><G123/><T10/><D126/><U75/><E8/><V44/><F127/><W23/><G77/><T104/><D29/><U7/><E7/><N who="3" m="2634" /><G47/><T78/><D68/><U14/><E14/><V11/><F129/><W128/><G40/><T41/><D66/><N who="1" m="41439" /><E105/><V52/><F119/><W26/><G128/><T2/><D2/><U121/><E121/><V62/><F79/><W24/><G23/><T32/><D32/><U101/><E101/><V3/><F102/><N who="3" m="60687" /><G106/><T113/><D104/><U53/><E53/><V86/><F20/><W112/><G112/><T45/><D10/><U1/><E1/><V88/><F11/><W34/><G34/><T30/><D113/><U85/><E72/><V87/><F3/><W65/><G65/><T120/><D120/><U110/><E110/><V18/><F108/><W114/><G114/><T98/><D30/><U100/><E74/><V73/><F31/><W130/><G130/><T117/><D117/><U43/><E43/><V118/><F73/><W95/><G95/><T59/><D59/><U9/><E75/><V58/><F118/><W107/><G107/><T67/><D67/><U55/><E76/><V94/><F109/><W103/><AGARI ba="2,1" hai="24,25,26,60,61,92,99,103" m="60687,2634" machi="103" ten="30,7900,0" yaku="8,1,52,3" doraHai="0" who="3" fromWho="3" sc="229,-22,283,-41,195,-22,283,95" /><INIT seed="6,0,0,4,0,15" ten="207,242,173,378" oya="2" hai0="82,32,60,65,123,74,94,128,92,67,54,0,130" hai1="18,63,77,83,113,78,34,104,134,125,21,90,43" hai2="36,56,119,17,102,85,126,72,39,95,25,38,27" hai3="135,58,7,42,52,46,16,71,12,10,87,133,28"/><V47/><F72/><W48/><G71/><T33/><D123/><U3/><E34/><N who="0" m="13417" /><D0/><U59/><E104/><V121/><F121/><W91/><G28/><T107/><D107/><U81/><E3/><V57/><F126/><W31/><G31/><T131/><D74/><U110/><E110/><V50/><F119/><W29/><G29/><T116/><D116/><U40/><E125/><V22/><F27/><W129/><G129/><T84/><D54/><U23/><E23/><V13/><F13/><W122/><G122/><T88/><D67/><U35/><E35/><V14/><F14/><W24/><G24/><T105/><D105/><U115/><E134/><N who="3" m="51210" /><G7/><T44/><D44/><U132/><E132/><V30/><F30/><W69/><G69/><AGARI ba="0,0" hai="60,65,69,82,84,88,92,94,128,130,131" m="13417" machi="69" ten="40,2600,0" yaku="19,1,54,1" doraHai="15" who="0" fromWho="3" sc="207,26,242,0,173,0,378,-26" /><INIT seed="7,0,0,2,2,33" ten="233,242,173,352" oya="3" hai0="102,32,0,20,103,109,49,110,97,28,59,8,35" hai1="24,13,90,15,55,42,75,72,135,98,9,37,118" hai2="112,1,84,127,117,94,41,115,48,81,132,47,19" hai3="54,45,114,36,73,44,25,131,23,52,63,86,92"/><W93/><G73/><T65/><D103/><U62/><E37/><V128/><F117/><W126/><G131/><T5/><D35/><U29/><E42/><V89/><F127/><W96/><G126/><T30/><D32/><U100/><E90/><V125/><F125/><W113/><G36/><T7/><D7/><U105/><E135/><V31/><F132/><W11/><G11/><T99/><D99/><U71/><E13/><V79/><F128/><W4/><G4/><T121/><D121/><U3/><E3/><V133/><F133/><W53/><G63/><N who="0" m="38143" /><D49/><U87/><E87/><V134/><F134/><W78/><G78/><T40/><D30/><U107/><E107/><V70/><F70/><W27/><G86/><T56/><D56/><U12/><E72/><V119/><F119/><W18/><G27/><N who="0" m="16487" /><D40/><U6/><E75/><V88/><F31/><W77/><G77/><T106/><D106/><U51/><E62/><V17/><F1/><W116/><G116/><T39/><D39/><U16/><E71/><V82/><F82/><W80/><G80/><T124/><D124/><U38/><E38/><V101/><F101/><W120/><G120/><T43/><D43/><U60/><E60/><V69/><F69/><W66/><G66/><T104/><D104/><U46/><E118/><V123/><F123/><W85/><G96/><T14/><D0/><N who="1" m="199" /><E29/><V57/><F57/><W61/><G61/><T2/><D2/><U10/><E24/><V111/><F111/><N who="0" m="42506" /><D97/><U91/><E91/><V74/><F89/><W64/><G64/><T50/><D102/><U21/><E12/><RYUUKYOKU ba="0,0" sc="233,10,242,10,173,10,352,-30" hai0="5,8,14,50" hai1="10,15,16,21,46,51,55,98,100,105" hai2="17,19,41,47,48,74,79,81,84,88,94,112,115" owari="243,-16.0,252,5.0,183,-32.0,322,43.0" /></mjloggm>