<mjloggm ver="2.3"><GO type="97" lobby="0"/><UN n0="%E6%9C%80%E7%B5%82%E3%81%9F%E3%81%8B%E3%81%97%4D%4B%E2%85%A2" n1="%E3%82%A6%E3%83%AB%E3%83%88%E3%83%A9%E7%AB%8B%E7%9B%B4" n2="%E3%81%8F%E3%81%95%E3%81%A3%E3%81%9F%E3%81%97%E3%81%9F%E3%81%84" n3="%6C%69%67%68%74%69%6E%67" dan="14,14,13,15" rate="1930.30,1957.49,1881.89,2050.90" sx="M,M,M,M"/><TAIKYOKU oya="0"/><INIT seed="0,0,0,1,0,7" ten="250,250,250,250" oya="0" hai0="89,115,106,109,47,82,57,19,133,8,31,88,64" hai1="49,70,120,62,108,22,15,39,66,91,105,77,85" hai2="10,113,121,52,55,86,84,80,127,4,90,17,114" hai3="79,72,23,2,81,93,43,44,67,94,36,45,102"/><T33/><D115/><U125/><E39/><V76/><F121/><W14/><G67/><T0/><D106/><U78/><E120/><V58/><F127/><W131/><G131/><T134/><D109/><U128/><E105/><V110/><F110/><W123/><G123/><T104/><D104/><U32/><E32/><V132/><F132/><N who="0" m="50794" /><D47/><U126/><E128/><V20/><F114/><W100/><G45/><T34/><D82/><U26/><E49/><V69/><F69/><W16/><REACH who="3" step="1"/><G2/><REACH who="3" ten="250,250,250,240" step="2"/><T38/><D0/><U46/><E125/><V37/><F113/><W40/><G40/><T35/><D38/><U95/><E46/><V24/><F37/><W60/><G60/><N who="0" m="37903" /><D31/><U96/><E126/><V48/><F55/><W12/><G12/><AGARI ba="0,1" hai="8,12,19,33,34,35,88,89" m="37903,50794" machi="12" ten="40,7700,0" yaku="20,1,52,1,54,1" doraHai="7" who="0" fromWho="3" sc="250,87,250,0,250,0,240,-77" /><INIT seed="0,1,0,3,5,119" ten="337,250,250,163" oya="0" hai0="48,41,120,132,2,111,128,107,73,33,95,35,131" hai1="22,62,70,31,80,112,60,30,0,49,66,79,98" hai2="56,134,20,5,118,11,42,21,14,53,39,68,81" hai3="8,29,97,130,67,116,87,52,1,32,105,113,58"/><T15/><D107/><U90/><E0/><V99/><F118/><W34/><G116/><T38/><D2/><U93/><E112/><V127/><F68/><W63/><G113/><T28/><D73/><U86/><E22/><V36/><F134/><W10/><G130/><N who="0" m="49707" /><D38/><U115/><E115/><V71/><F71/><W108/><G108/><T82/><D28/><U44/><REACH who="1" step="1"/><E60/><REACH who="1" ten="337,240,250,163" step="2"/><V84/><F21/><W89/><G1/><T40/><D33/><U37/><E37/><V12/><F36/><W124/><G34/><T92/><D35/><U3/><E3/><V54/><F20/><W50/><G32/><T122/><D111/><U47/><E47/><V7/><F39/><W126/><G124/><T110/><D110/><U76/><E76/><V51/><F127/><W85/><G126/><T91/><D132/><U6/><E6/><V55/><F5/><W135/><G135/><T102/><D48/><U75/><E75/><V69/><F51/><W24/><G24/><T106/><D15/><U18/><E18/><V83/><F14/><W26/><G26/><T46/><D46/><U64/><E64/><V61/><F12/><W17/><G29/><T72/><D72/><U9/><E9/><N who="3" m="3690" /><G17/><T88/><D122/><U74/><E74/><V13/><F11/><W125/><G125/><T96/><D120/><U103/><E103/><V19/><F13/><W104/><G89/><T129/><D129/><U78/><E78/><V77/><F19/><W43/><G63/><T101/><D91/><U23/><E23/><V4/><F7/><W109/><G109/><T114/><D114/><RYUUKYOKU ba="1,1" sc="337,-10,240,30,250,-10,163,-10" hai1="30,31,44,49,62,66,70,79,80,86,90,93,98" /><INIT seed="1,2,1,2,1,54" ten="327,270,240,153" oya="1" hai0="86,44,118,38,24,1,45,11,18,112,3,88,49" hai1="61,101,58,16,64,91,80,76,95,100,78,72,51" hai2="109,129,13,123,90,7,6,89,115,131,69,52,8" hai3="71,40,82,116,4,97,125,20,135,9,0,66,127"/><U60/><E51/><V134/><F123/><W113/><G113/><T79/><D112/><U105/><E78/><V117/><F115/><W106/><G135/><T96/><D118/><U27/><E105/><V56/><F117/><W128/><G20/><T85/><D38/><U98/><E27/><V77/><F69/><W133/><G116/><T57/><D1/><U33/><E33/><V62/><F134/><W19/><G19/><T43/><D3/><U26/><E26/><V67/><F77/><W12/><G133/><T122/><D44/><U83/><E83/><V5/><F67/><W48/><G128/><N who="2" m="49225" /><F109/><W39/><G12/><N who="0" m="7455" /><D79/><U53/><E16/><AGARI ba="2,1" hai="5,6,7,8,13,16,52,56,62,89,90" m="49225" machi="16" ten="30,7700,0" yaku="19,1,52,1,54,2" doraHai="54" who="2" fromWho="1" sc="327,0,270,-83,240,93,153,0" /><INIT seed="2,0,0,0,1,105" ten="327,187,333,153" oya="2" hai0="74,89,0,75,54,43,37,10,132,133,16,93,13" hai1="59,33,76,100,24,125,131,35,39,102,70,19,8" hai2="88,111,6,79,97,129,29,82,104,108,45,2,15" hai3="42,98,72,84,1,119,51,3,67,117,66,113,71"/><V41/><F2/><W5/><G98/><N who="0" m="57647" /><D0/><U85/><E70/><V96/><F29/><W56/><G84/><T20/><D54/><U107/><E39/><V86/><F129/><W112/><G71/><T64/><D64/><U83/><E125/><V31/><F31/><W103/><G103/><T101/><D101/><U135/><E131/><V36/><F104/><W9/><G42/><T94/><D94/><U49/><E135/><N who="0" m="51785" /><D10/><U28/><E35/><V91/><F97/><W80/><G51/><T47/><AGARI ba="0,0" hai="13,16,20,37,43,47,74,75" m="51785,57647" machi="47" ten="30,7900,0" yaku="20,1,52,2,54,1" doraHai="105" who="0" fromWho="0" sc="327,79,187,-20,333,-39,153,-20" /><INIT seed="3,0,0,3,2,34" ten="406,167,294,133" oya="3" hai0="95,11,114,16,116,70,25,73,88,76,106,66,10" hai1="100,83,55,13,12,130,1,58,123,7,18,119,99" hai2="89,59,112,63,93,49,28,132,111,4,53,47,72" hai3="117,96,41,125,40,35,62,3,94,30,92,120,60"/><W9/><G120/><T124/><D106/><U87/><E123/><V102/><F72/><W43/><G117/><T39/><D39/><U121/><E121/><V131/><F112/><W15/><G125/><T104/><D104/><U82/><E1/><V128/><F111/><W108/><G108/><T27/><D116/><U17/><E7/><V77/><F77/><W67/><G35/><T115/><D124/><U109/><E109/><V32/><F102/><W71/><G30/><T84/><D73/><U54/><E130/><V86/><F4/><W51/><G3/><T81/><D66/><U101/><E119/><V75/><F75/><W78/><G78/><T37/><D37/><U21/><E99/><V48/><F132/><W107/><G62/><T134/><D70/><U90/><E82/><V8/><F8/><N who="0" m="3114" /><D134/><U105/><E105/><V103/><F103/><W14/><G51/><T91/><D76/><U69/><E69/><V45/><F131/><W56/><G71/><T38/><D38/><U22/><E55/><V68/><F68/><W0/><G107/><T44/><D44/><U122/><E122/><V129/><F128/><W64/><G64/><T52/><D52/><U113/><E113/><N who="0" m="43017" /><D16/><U33/><E33/><V46/><F129/><W5/><REACH who="3" step="1"/><G94/><REACH who="3" ten="406,167,294,123" step="2"/><T126/><D126/><U74/><E74/><V29/><F32/><W135/><G135/><T85/><AGARI ba="0,1" hai="25,27,81,84,85,88,91,95" m="43017,3114" machi="85" ten="30,2000,0" yaku="11,1,54,1" doraHai="34" who="0" fromWho="0" sc="406,30,167,-5,294,-5,123,-10" owari="436,54.0,162,-24.0,289,9.0,113,-39.0" /></mjloggm>