<mjloggm ver="2.3"><GO type="97" lobby="0"/><UN n0="%70%65%61%63%65%36%39" n1="%E3%82%A6%E3%83%AB%E3%83%88%E3%83%A9%E7%AB%8B%E7%9B%B4" n2="%E3%81%B6%E3%81%9F%EF%BC%A0%E3%81%A1%E3%82%85%E3%81%86" n3="%E6%9C%AB%E6%91%98%E8%8A%B1" dan="13,14,16,16" rate="1876.99,1971.89,2010.68,1994.49" sx="M,M,M,F"/><TAIKYOKU oya="0"/><INIT seed="0,0,0,0,5,28" ten="250,250,250,250" oya="0" hai0="39,132,8,100,25,111,120,99,29,76,74,81,53" hai1="55,44,90,122,88,41,31,47,68,105,114,75,98" hai2="104,35,11,20,4,134,78,106,14,48,57,118,124" hai3="36,59,7,135,94,85,17,89,116,19,101,10,109"/><T37/><D120/><U26/><E75/><V27/><F134/><W49/><G36/><T91/><D132/><U58/><E68/><V73/><F124/><W63/><G116/><T102/><D111/><U5/><E122/><V24/><F118/><W1/><G135/><T95/><D8/><U3/><E114/><V113/><F113/><W56/><G109/><T23/><D39/><U125/><E125/><V33/><F106/><W121/><G121/><T123/><D37/><U45/><E5/><V72/><F104/><W117/><G117/><T108/><D108/><U40/><E3/><V0/><F78/><W16/><G101/><T46/><D123/><U133/><E133/><V77/><F77/><W128/><G128/><T34/><D23/><N who="1" m="15839" /><E105/><V60/><F48/><W127/><G127/><T103/><REACH who="0" step="1"/><D102/><REACH who="0" ten="240,250,250,250" step="2"/><U83/><E90/><V82/><F20/><W84/><G10/><T129/><D129/><U52/><E41/><V93/><F11/><W2/><G2/><T110/><D110/><U12/><E40/><V13/><F0/><W43/><G1/><T65/><D65/><U87/><E12/><V6/><F14/><W70/><G43/><T66/><D66/><U22/><E22/><V92/><F13/><W54/><G89/><T126/><D126/><U79/><E55/><V67/><F67/><W97/><G54/><T42/><D42/><U107/><E88/><V86/><F4/><W64/><G7/><T96/><D96/><U18/><E98/><V61/><F6/><W32/><G97/><T130/><D130/><U21/><E21/><V50/><F24/><RYUUKYOKU ba="0,1" sc="240,30,250,-10,250,-10,250,-10" hai0="25,29,34,46,53,74,76,81,91,95,99,100,103" /><INIT seed="0,1,1,4,1,62" ten="270,240,240,240" oya="0" hai0="135,13,84,129,0,70,52,3,19,9,34,115,123" hai1="44,63,36,81,100,105,57,35,21,96,92,28,82" hai2="119,113,106,66,1,127,10,48,121,61,32,117,17" hai3="39,118,60,133,26,128,75,124,97,99,94,116,108"/><T31/><D115/><U76/><E35/><V49/><F113/><W125/><G39/><T95/><D123/><U86/><E105/><V91/><F106/><W16/><G75/><T4/><D70/><U58/><E58/><V73/><F73/><W25/><G128/><T2/><D129/><U83/><E44/><V68/><F121/><W102/><G133/><T114/><D114/><U56/><E57/><V107/><F107/><W89/><G108/><T88/><D135/><U78/><E36/><V50/><F32/><W29/><G60/><T24/><D52/><U41/><E41/><V71/><F71/><W7/><G7/><T12/><D13/><U110/><E110/><V18/><F91/><W65/><G65/><T40/><REACH who="0" step="1"/><D40/><REACH who="0" ten="260,240,240,240" step="2"/><U47/><E47/><V85/><F68/><W67/><G116/><T30/><D30/><U134/><E134/><V132/><F132/><W14/><G118/><T77/><D77/><U64/><E78/><V126/><F119/><W11/><G14/><T6/><AGARI ba="1,2" hai="0,2,3,4,6,9,12,19,24,31,34,84,88,95" machi="6" ten="40,7800,0" yaku="1,1,0,1,54,1,53,0" doraHai="62" doraHaiUra="104" who="0" fromWho="0" sc="260,101,240,-27,240,-27,240,-27" /><INIT seed="0,2,0,3,2,83" ten="361,213,213,213" oya="0" hai0="94,109,81,24,32,105,38,1,22,110,42,124,17" hai1="61,5,15,97,103,6,92,43,0,2,115,123,59" hai2="90,67,26,65,68,75,34,121,9,53,4,62,29" hai3="20,57,21,8,10,99,134,119,50,33,132,111,120"/><T98/><D1/><U70/><E123/><V112/><F112/><W36/><G36/><T31/><D105/><U85/><E70/><V114/><F114/><W100/><G33/><T39/><D42/><U96/><E115/><V51/><F121/><W60/><G50/><T46/><D46/><U127/><E127/><V104/><F104/><W55/><G119/><T126/><D81/><U13/><E43/><V58/><F67/><W78/><G78/><T88/><D39/><U28/><E28/><V3/><F90/><W106/><G120/><T69/><D69/><U91/><E2/><V47/><REACH who="2" step="1"/><F75/><REACH who="2" ten="361,213,203,213" step="2"/><W71/><G71/><AGARI ba="2,1" hai="3,4,9,26,29,34,47,51,53,58,62,65,68,71" machi="71" ten="40,2600,0" yaku="1,1,2,1,53,0" doraHai="83" doraHaiUra="101" who="2" fromWho="3" sc="361,0,213,0,203,42,213,-32" /><INIT seed="1,0,0,4,0,96" ten="361,213,245,181" oya="1" hai0="51,82,40,130,68,102,95,15,129,134,46,30,29" hai1="58,6,101,88,106,72,61,21,89,73,71,80,42" hai2="114,36,60,53,74,119,85,103,56,54,8,39,112" hai3="27,38,87,48,0,113,9,43,70,133,12,108,5"/><U65/><E42/><V109/><F74/><W44/><G113/><N who="2" m="43625" /><F119/><W104/><G70/><T16/><D68/><U50/><E6/><V69/><F69/><W20/><G104/><T22/><D134/><U17/><E71/><V11/><F85/><W98/><G133/><T52/><D40/><U78/><E50/><V84/><F84/><W110/><G98/><N who="0" m="59743" /><D82/><U32/><E32/><V115/><F109/><N who="3" m="42091" /><G87/><T47/><D46/><U128/><E128/><AGARI ba="0,0" hai="15,16,22,29,30,47,51,52,128,129,130" m="59743" machi="128" ten="30,7700,0" yaku="19,1,52,1,54,2" doraHai="96" who="0" fromWho="1" sc="361,77,213,-77,245,0,181,0" /><INIT seed="2,0,0,3,3,75" ten="438,136,245,181" oya="2" hai0="115,53,83,24,32,7,65,76,106,82,49,66,96" hai1="10,54,27,86,18,35,130,71,111,93,40,41,99" hai2="48,127,128,72,78,104,92,121,25,123,0,110,124" hai3="81,91,14,55,79,134,38,125,59,118,88,64,39"/><V67/><F0/><W6/><G118/><T61/><D115/><U113/><E113/><V11/><F67/><W44/><G64/><T68/><D65/><U26/><E71/><V20/><F11/><W116/><G116/><T52/><D7/><U21/><E130/><V133/><F128/><W4/><G125/><N who="2" m="48201" /><F104/><W122/><G122/><N who="2" m="46601" /><F92/><W103/><G134/><T43/><D43/><U56/><E111/><V31/><F133/><W101/><G81/><T2/><D2/><U19/><E86/><V45/><F110/><W90/><G39/><T13/><D13/><U29/><E10/><V80/><F48/><W3/><G3/><T87/><D49/><U37/><E37/><V129/><F129/><W46/><G38/><T102/><D82/><U15/><E15/><V95/><F95/><W34/><G14/><T17/><D17/><U114/><E19/><V63/><F45/><W60/><G6/><T135/><D135/><U69/><E69/><V42/><F42/><W62/><G4/><T89/><D89/><U98/><E114/><V73/><F63/><W100/><G62/><T131/><D131/><U126/><E126/><V109/><F109/><W51/><G51/><T33/><D32/><U77/><E40/><V36/><F36/><W132/><G34/><T5/><D5/><U108/><E41/><V23/><F73/><W119/><G119/><T1/><D1/><U97/><E108/><V74/><F72/><W85/><G132/><T58/><D58/><U9/><E9/><V30/><F23/><W112/><G112/><T94/><D94/><U16/><E93/><RYUUKYOKU ba="0,0" sc="438,10,136,-30,245,10,181,10" hai0="24,33,52,53,61,66,68,76,83,87,96,102,106" hai2="20,25,30,31,74,78,80" hai3="44,46,55,59,60,79,85,88,90,91,100,101,103" /><INIT seed="2,1,0,5,0,106" ten="448,106,255,191" oya="2" hai0="132,14,40,85,135,94,65,4,31,115,77,67,17" hai1="66,15,39,74,70,92,107,111,113,18,98,52,1" hai2="55,91,12,47,20,68,64,129,116,83,103,110,80" hai3="123,26,81,134,121,93,21,105,53,2,41,11,112"/><V124/><F116/><W23/><G105/><T36/><D115/><U29/><E1/><V128/><F103/><W38/><G112/><T8/><D31/><U13/><E113/><V71/><F124/><W120/><G41/><T10/><D36/><U88/><E111/><V30/><F110/><W43/><G43/><T0/><D40/><U28/><E107/><V60/><F71/><W42/><G42/><T22/><D22/><U27/><E39/><V86/><F83/><W109/><G109/><T102/><D102/><U48/><E66/><V37/><F37/><W79/><G38/><T59/><D59/><N who="1" m="33159" /><E70/><V61/><F12/><N who="1" m="4681" /><E74/><V19/><F19/><W108/><G108/><T101/><D101/><U84/><E98/><V75/><F75/><W54/><G2/><T95/><D94/><U51/><E51/><V57/><REACH who="2" step="1"/><F47/><REACH who="2" ten="448,106,245,191" step="2"/><W34/><G123/><T104/><D17/><U131/><E131/><V90/><F90/><W25/><G121/><T9/><D4/><U96/><E96/><V130/><F130/><W46/><G46/><T126/><D126/><U44/><E44/><V99/><F99/><W97/><G97/><T82/><D82/><U69/><E69/><V87/><F87/><W76/><G81/><T33/><D85/><U6/><E6/><V50/><F50/><W58/><G120/><T127/><D127/><U119/><E119/><V56/><F56/><W16/><G58/><T62/><D0/><U117/><E117/><V63/><F63/><W114/><G114/><T72/><D72/><U78/><E78/><V7/><F7/><W122/><G122/><RYUUKYOKU ba="1,1" sc="448,-15,106,15,245,15,191,-15" hai1="18,27,28,29,84,88,92" hai2="20,30,55,57,60,61,64,68,80,86,91,128,129" /><INIT seed="2,2,1,0,0,10" ten="433,121,260,176" oya="2" hai0="7,54,107,110,13,56,9,46,66,31,104,88,132" hai1="57,69,80,41,17,12,18,37,89,58,82,126,36" hai2="68,70,8,121,14,71,94,84,97,48,100,109,52" hai3="27,131,96,95,105,19,85,28,43,92,113,103,122"/><V118/><F121/><W60/><G122/><T123/><D123/><U22/><E69/><V35/><F118/><W62/><G113/><T86/><D132/><U1/><E1/><V20/><F35/><W26/><G43/><T15/><D110/><U101/><E101/><V45/><F109/><W116/><G116/><T129/><D129/><U102/><E102/><V130/><F130/><W127/><G131/><T50/><D31/><U78/><E126/><V115/><F115/><W30/><G127/><T114/><D114/><U32/><E32/><V42/><F20/><N who="3" m="13599" /><G105/><T29/><D29/><N who="3" m="11369" /><G27/><T91/><D107/><U38/><E41/><V34/><F34/><W67/><G67/><T39/><D39/><U111/><E111/><V6/><REACH who="2" step="1"/><F84/><REACH who="2" ten="433,121,250,176" step="2"/><W72/><G72/><T49/><D86/><U55/><E22/><V3/><F3/><W112/><G112/><T74/><D74/><U77/><E38/><V64/><F64/><W90/><AGARI ba="2,2" hai="60,62,85,90,92,95,96,103" m="11369,13599" machi="90" ten="30,1100,0" yaku="8,1" doraHai="10" who="3" fromWho="3" sc="433,-5,121,-5,250,-7,176,37" /><INIT seed="3,0,0,4,1,96" ten="428,116,243,213" oya="3" hai0="111,26,95,41,18,38,83,88,103,132,124,50,36" hai1="28,98,55,39,27,82,31,33,86,6,63,91,52" hai2="30,100,42,126,46,10,2,15,5,97,8,121,80" hai3="79,22,101,20,9,105,59,40,47,130,117,85,67"/><W93/><G117/><T89/><D124/><U106/><E39/><V4/><F126/><W7/><G105/><T3/><D3/><U48/><E6/><V34/><F80/><W32/><G32/><T24/><D36/><U56/><E31/><V116/><F116/><W108/><G130/><T131/><D38/><U0/><E0/><V70/><F70/><W49/><G108/><T75/><D75/><U125/><E125/><V14/><F121/><W77/><G67/><T104/><D104/><U44/><E106/><V11/><F11/><W19/><G59/><T134/><D111/><U61/><REACH who="1" step="1"/><E98/><REACH who="1" ten="428,106,243,213" step="2"/><V60/><F30/><W62/><G7/><T94/><D131/><U129/><E129/><V73/><F2/><W45/><G19/><T76/><D18/><U110/><E110/><V23/><F4/><W69/><G40/><T21/><D41/><U133/><E133/><V57/><F5/><W122/><G122/><T99/><D99/><U29/><E29/><V84/><F97/><W37/><G37/><T113/><D134/><U114/><E114/><V35/><F42/><W71/><G85/><T90/><D113/><U1/><E1/><V16/><F84/><W92/><G79/><T68/><D76/><U107/><E107/><V17/><F17/><W13/><G77/><T135/><D135/><U66/><E66/><V115/><F16/><W127/><G127/><T102/><D132/><U12/><E12/><V120/><F15/><W74/><G13/><T53/><D24/><U58/><E58/><V118/><F14/><W65/><G65/><T81/><D26/><RYUUKYOKU ba="0,1" sc="428,-10,106,30,243,-10,213,-10" hai1="27,28,33,44,48,52,55,56,61,63,82,86,91" owari="428,53.0,136,-36.0,233,3.0,203,-20.0" /></mjloggm>