<mjloggm ver="2.3"><GO type="41" lobby="0"/><UN n0="%E3%82%A6%E3%83%AB%E3%83%88%E3%83%A9%E7%AB%8B%E7%9B%B4" n1="%E3%82%86%E3%81%86%E3%81%98%E3%82%87%E3%81%86" n2="%6E%61%6D%61%6F%6F%6F" n3="%E3%82%BC%E3%83%AD%E3%82%B9%E3%83%93%E3%83%BC%E3%83%88" dan="15,13,13,15" rate="1966.57,1831.62,1897.54,2059.80" sx="M,M,M,M"/><TAIKYOKU oya="0"/><INIT seed="0,0,0,0,4,104" ten="250,250,250,250" oya="0" hai0="106,14,102,114,65,61,119,22,26,39,112,89,0" hai1="108,34,103,28,98,78,109,107,58,62,111,9,45" hai2="16,51,117,32,19,30,101,7,96,88,43,59,17" hai3="135,134,50,31,57,113,124,80,24,25,46,63,20"/><T42/><D0/><U122/><E122/><V37/><F117/><W84/><G113/><T133/><D119/><U94/><E78/><V77/><F7/><W79/><G124/><T5/><D133/><U47/><E9/><V110/><F110/><W69/><G69/><T127/><D127/><U49/><E34/><V126/><F126/><W11/><G11/><T83/><D102/><U10/><E10/><V53/><F77/><W93/><G93/><T85/><D106/><U21/><E49/><V54/><F32/><W99/><G99/><T29/><D5/><U87/><E87/><V40/><F37/><W121/><G121/><T129/><D129/><U82/><E82/><V36/><F30/><W48/><G24/><T15/><D42/><U97/><E97/><V131/><F36/><W128/><G128/><T27/><D39/><U115/><E107/><V105/><F88/><W116/><G116/><T52/><D27/><N who="1" m="16495" /><E115/><V81/><F81/><W91/><G79/><T118/><D118/><U71/><E71/><V130/><F131/><W73/><G134/><T1/><D1/><U90/><E90/><V6/><F6/><W95/><G135/><T67/><D114/><U125/><E125/><V18/><N who="2" m="4608" /><DORA hai="74" /><V75/><F130/><W68/><G68/><T23/><D112/><U12/><E12/><N who="0" m="4649" /><D23/><U100/><E100/><V64/><F64/><AGARI ba="0,0" hai="45,47,58,62,64,94,98,103,108,109,111" m="16495" machi="64" ten="30,2000,0" yaku="25,1,14,1" doraHai="104,74" who="1" fromWho="2" sc="250,0,250,20,250,-20,250,0" /><INIT seed="1,0,0,3,3,9" ten="250,270,230,250" oya="1" hai0="56,16,70,127,40,18,26,116,31,126,118,117,10" hai1="69,107,98,114,81,0,115,67,131,6,17,128,134" hai2="135,64,33,94,34,3,109,130,104,111,21,65,39" hai3="90,46,72,105,87,1,8,106,4,58,112,28,29"/><U36/><E36/><V121/><F104/><W124/><G112/><N who="1" m="43050" /><E69/><V19/><F39/><W27/><G72/><T44/><D70/><U91/><E67/><N who="2" m="25675" /><F3/><W108/><G124/><N who="0" m="47659" /><D56/><U52/><E6/><V24/><F121/><W20/><G29/><T77/><D77/><U54/><E0/><V129/><F94/><W22/><G22/><N who="0" m="15831" /><D44/><U75/><E75/><V83/><F83/><W74/><G74/><T101/><D40/><U45/><E45/><V51/><F51/><W88/><G90/><T84/><D101/><N who="1" m="62903" /><E17/><N who="0" m="6761" /><D84/><N who="1" m="50575" /><E134/><V32/><F135/><W12/><G46/><T23/><D23/><U78/><E78/><V96/><F96/><W120/><G105/><T113/><D10/><U122/><E122/><V110/><AGARI ba="0,0" hai="19,21,24,32,33,34,109,110,111,129,130" m="25675" machi="110" ten="50,1600,0" yaku="14,1" doraHai="9" who="2" fromWho="2" sc="250,-4,270,-8,230,16,250,-4" /><INIT seed="2,0,0,0,3,40" ten="246,262,246,246" oya="2" hai0="90,129,31,49,52,29,38,87,104,53,120,109,122" hai1="32,21,128,132,86,17,36,15,106,118,117,43,78" hai2="71,7,47,16,95,22,99,73,111,101,110,133,107" hai3="135,131,125,27,112,123,6,100,88,65,30,94,58"/><V115/><F115/><W60/><G123/><T121/><D38/><U54/><E106/><V51/><F71/><W9/><G112/><T75/><D75/><U67/><E32/><V8/><F73/><W35/><G131/><T24/><D104/><U46/><E67/><V57/><F57/><W55/><G125/><T62/><D129/><U37/><E128/><V116/><F133/><W96/><G135/><T41/><D109/><N who="2" m="41482" /><F8/><W2/><REACH who="3" step="1"/><G65/><REACH who="3" ten="246,262,246,236" step="2"/><T4/><D121/><U23/><E132/><V20/><F116/><W42/><G42/><T89/><D41/><U119/><E37/><V10/><F107/><W74/><G74/><T48/><D122/><U134/><E134/><V108/><N who="2" m="41490" /><V33/><DORA hai="19" /><F33/><W68/><G68/><T77/><D120/><U93/><E54/><N who="2" m="30079" /><F16/><W92/><G92/><T76/><D53/><U26/><E93/><V127/><F127/><W63/><G63/><T66/><D52/><U13/><E118/><V124/><F124/><W0/><G0/><AGARI ba="0,1" hai="0,7,10,20,22,95,99,101" m="30079,41490" machi="0" ten="40,12000,1" yaku="14,1,10,1,52,3" doraHai="40,19" who="2" fromWho="3" sc="246,0,262,0,246,130,236,-120" /><INIT seed="2,1,0,4,1,17" ten="246,262,376,116" oya="2" hai0="12,43,51,127,22,41,115,49,69,11,6,45,35" hai1="31,83,70,117,10,5,44,119,21,107,64,61,86" hai2="36,118,99,80,63,59,96,111,39,47,101,30,4" hai3="76,38,82,8,56,27,126,23,130,65,108,105,68"/><V32/><F118/><W13/><G38/><T92/><D69/><U120/><E107/><V77/><F99/><W128/><G105/><T132/><D35/><U16/><E31/><V122/><F122/><W55/><G108/><T113/><D127/><U71/><E71/><V66/><F111/><W26/><G126/><T88/><D132/><U18/><E18/><V100/><F101/><W20/><G65/><T67/><D67/><U72/><E72/><V81/><F80/><W109/><G68/><T29/><D49/><U25/><E44/><V123/><F32/><W24/><G109/><T110/><D110/><U135/><E135/><V87/><F30/><W134/><G134/><T50/><D50/><U46/><E46/><V52/><F4/><W89/><G89/><T90/><D90/><U106/><E106/><V28/><F28/><W73/><G13/><T62/><D62/><U103/><E103/><V121/><F47/><W57/><G8/><T95/><D95/><U102/><E102/><V91/><F77/><W93/><G93/><T131/><D131/><N who="3" m="50217" /><G57/><T19/><D29/><U60/><E60/><AGARI ba="1,0" hai="20,23,24,26,27,55,56,60,73,76,82" m="50217" machi="60" ten="30,3900,0" yaku="19,1,52,2" doraHai="17" who="3" fromWho="1" sc="246,0,262,-42,376,0,116,42" /><INIT seed="3,0,0,5,1,32" ten="246,220,376,158" oya="3" hai0="49,89,10,36,103,132,37,119,63,94,101,61,33" hai1="95,2,114,93,60,5,81,30,72,84,46,69,112" hai2="123,40,4,77,55,70,8,65,135,0,91,34,9" hai3="43,35,44,1,12,28,22,74,107,71,124,76,38"/><W48/><G48/><T82/><D33/><U68/><E46/><V129/><F34/><W66/><G12/><T127/><D119/><U51/><E51/><V17/><F123/><W122/><G22/><T87/><D127/><U104/><E84/><V47/><F55/><W109/><G122/><T120/><D132/><U116/><E116/><V106/><F135/><W85/><G85/><T73/><D37/><U18/><E18/><V100/><F129/><W105/><G124/><T27/><D36/><U14/><E14/><V25/><F77/><W64/><G64/><T41/><D73/><U16/><E16/><V45/><F45/><W7/><G109/><T62/><D120/><U98/><E95/><V90/><F106/><W97/><G97/><T11/><D27/><U92/><E93/><V88/><F100/><N who="0" m="38474" /><D94/><U24/><E92/><V57/><F70/><N who="1" m="27241" /><E60/><V117/><F117/><W110/><G110/><T118/><D118/><U83/><E24/><V121/><F121/><W102/><G102/><T130/><D130/><U126/><E30/><V108/><F108/><W133/><G133/><T31/><D31/><U13/><E13/><V59/><F65/><W113/><G113/><N who="1" m="43626" /><E98/><V26/><F25/><N who="3" m="18831" /><G76/><T29/><D29/><U50/><E50/><V21/><REACH who="2" step="1"/><F9/><REACH who="2" ten="246,220,366,158" step="2"/><N who="3" m="2287" /><G74/><T86/><D86/><U56/><E104/><V78/><F78/><W96/><G96/><T52/><D41/><U58/><E126/><V99/><F99/><W134/><G134/><T75/><D75/><U15/><E72/><V54/><F54/><W131/><G131/><T80/><D80/><N who="1" m="30795" /><E2/><V79/><F79/><RYUUKYOKU ba="0,1" sc="246,0,220,0,366,0,158,0" hai0="10,11,49,52,61,62,63,82,87,89" hai1="5,15,56,58" hai2="0,4,8,17,21,26,40,47,57,59,88,90,91" hai3="38,43,44,66,71,105,107" /><INIT seed="3,1,1,2,0,121" ten="246,220,366,158" oya="3" hai0="36,89,16,133,0,28,97,76,53,120,100,84,96" hai1="122,59,32,30,134,91,110,90,48,45,49,135,92" hai2="50,119,126,118,70,35,57,113,31,1,3,11,79" hai3="19,98,81,58,60,38,7,56,107,109,24,52,132"/><W43/><G132/><N who="1" m="50730" /><E122/><V78/><F57/><W130/><G130/><T131/><D36/><U77/><E77/><V20/><F50/><W21/><G7/><T64/><D64/><U87/><E32/><V111/><F70/><W62/><G81/><T93/><D28/><U44/><E30/><V18/><F79/><W22/><G22/><T124/><D0/><U127/><E59/><V82/><F113/><W129/><G129/><T5/><D5/><U13/><E13/><V68/><F68/><W17/><G109/><T123/><D53/><U72/><E72/><V71/><F71/><W65/><G107/><T63/><D63/><U125/><E110/><V27/><F126/><N who="1" m="48137" /><E91/><V106/><F106/><W103/><G43/><T80/><D131/><U26/><E26/><N who="2" m="18935" /><F82/><W14/><G38/><T55/><D124/><U33/><E33/><V4/><F78/><W66/><G103/><T69/><D69/><U2/><E2/><N who="2" m="407" /><F111/><W25/><G98/><T101/><D133/><U115/><E115/><V39/><F39/><W83/><G83/><T46/><D120/><U104/><E104/><V29/><F29/><W42/><G42/><T73/><D123/><U12/><E12/><V88/><F88/><W34/><G34/><T67/><D89/><U128/><E128/><V23/><F23/><N who="3" m="13423" /><G14/><T41/><D80/><U47/><AGARI ba="1,1" hai="44,45,47,48,49,87,90,92" m="48137,50730" machi="47" ten="40,2700,0" yaku="20,1,18,1" doraHai="121" who="1" fromWho="1" sc="246,-8,220,40,366,-8,158,-14" /><INIT seed="4,0,0,4,1,27" ten="238,260,358,144" oya="0" hai0="132,110,109,88,23,52,1,115,37,134,99,13,60" hai1="82,19,41,3,42,77,32,44,105,104,93,95,10" hai2="2,92,129,30,22,89,31,124,133,40,43,15,120" hai3="29,64,83,101,135,102,128,84,0,125,76,65,113"/><T107/><D37/><U73/><E32/><V80/><F120/><W111/><G111/><N who="0" m="42507" /><D1/><U4/><E42/><N who="2" m="15915" /><F2/><W26/><G0/><T35/><D35/><U47/><E47/><V100/><F124/><W61/><G125/><T116/><D116/><U69/><E69/><V12/><F129/><W79/><G135/><N who="0" m="51755" /><D115/><U108/><E108/><V50/><F50/><W51/><G128/><T91/><D107/><U8/><E8/><V106/><F133/><W21/><G113/><T85/><D99/><U123/><E123/><V127/><F127/><W70/><G64/><T17/><D85/><U7/><E7/><V16/><F15/><W18/><G51/><T94/><D94/><U68/><E68/><V130/><F130/><W38/><G38/><T28/><D28/><N who="2" m="10794" /><F80/><W122/><G122/><T121/><D121/><U97/><E19/><V14/><F100/><W49/><G49/><T72/><D72/><U24/><E24/><N who="2" m="14407" /><F106/><W39/><G39/><T25/><D13/><U71/><E71/><V112/><F112/><W81/><REACH who="3" step="1"/><G18/><REACH who="3" ten="238,260,358,134" step="2"/><T46/><D46/><U11/><E3/><V48/><F48/><W57/><G57/><AGARI ba="0,1" hai="17,23,25,52,57,60,88,91" m="51755,42507" machi="57" ten="30,11600,0" yaku="10,1,20,1,54,2" doraHai="27" who="0" fromWho="3" sc="238,126,260,0,358,0,134,-116" /><INIT seed="4,1,0,4,0,5" ten="364,260,358,18" oya="0" hai0="44,75,134,79,80,104,7,13,51,28,21,10,33" hai1="17,32,121,124,96,70,69,107,48,135,29,105,37" hai2="35,11,65,92,88,78,117,77,90,125,50,126,120" hai3="97,76,8,24,94,128,56,23,45,27,68,19,57"/><T71/><D71/><N who="1" m="27147" /><E48/><V114/><F65/><W122/><G68/><T53/><D104/><N who="1" m="40011" /><E96/><N who="2" m="57351" /><F35/><W101/><G128/><T60/><D33/><U82/><E17/><V84/><F114/><W116/><G116/><T14/><D134/><U130/><E82/><N who="2" m="49431" /><F120/><W12/><G122/><T74/><D60/><U110/><E121/><V99/><F99/><W22/><G76/><N who="2" m="29289" /><F50/><W113/><G113/><T46/><D46/><U108/><E130/><V93/><F11/><W15/><G45/><T83/><D83/><U63/><E63/><V81/><F81/><W73/><G73/><T62/><D62/><U43/><E135/><V2/><F2/><W86/><G86/><T111/><D111/><N who="1" m="42539" /><E124/><N who="2" m="47723" /><F93/><W66/><G66/><T123/><D123/><U109/><N who="1" m="42547" /><U67/><DORA hai="4" /><E67/><V39/><F39/><W49/><G49/><T55/><D74/><U16/><E16/><V38/><F38/><W115/><G115/><T112/><D112/><U47/><E29/><V31/><F31/><W42/><G42/><T59/><D59/><U129/><E32/><V100/><F100/><W131/><G131/><T18/><D28/><U40/><E129/><V0/><F0/><W132/><G132/><T119/><REACH who="0" step="1"/><D53/><REACH who="0" ten="354,260,358,18" step="2"/><U103/><E43/><V58/><F58/><W6/><REACH who="3" step="1"/><G27/><REACH who="3" ten="354,260,358,8" step="2"/><T20/><D20/><U85/><E40/><V1/><F1/><W54/><G54/><T91/><D91/><U64/><E47/><V102/><F102/><W3/><G3/><T26/><D26/><U30/><E103/><V133/><F133/><W34/><G34/><T106/><D106/><U9/><E64/><RYUUKYOKU ba="1,2" sc="354,10,260,-30,358,10,8,10" hai0="7,10,13,14,18,21,44,51,55,75,79,80,119" hai2="117" hai3="6,8,12,15,19,22,23,24,56,57,94,97,101" /><INIT seed="4,2,2,0,5,2" ten="364,230,368,18" oya="0" hai0="109,88,110,39,9,25,132,98,33,36,47,86,116" hai1="103,125,3,87,13,53,69,124,58,123,121,23,15" hai2="74,51,7,30,113,104,60,42,68,101,10,79,4" hai3="77,118,92,40,75,31,52,0,93,127,11,81,56"/><T64/><D116/><U27/><E69/><V63/><F113/><W48/><G118/><T96/><D64/><U128/><E3/><V83/><F30/><W54/><G127/><N who="1" m="48714" /><E103/><V111/><F111/><N who="0" m="42506" /><D132/><U94/><E94/><V43/><F104/><W102/><G31/><N who="0" m="19695" /><D9/><U66/><E66/><V67/><F101/><W129/><G129/><T32/><D32/><U90/><E128/><V49/><F63/><W112/><G112/><T38/><D47/><U117/><E117/><V37/><F7/><W78/><G78/><T114/><D114/><U134/><E134/><V89/><F89/><W71/><G71/><T70/><D70/><U8/><E8/><V46/><REACH who="2" step="1"/><F43/><REACH who="2" ten="364,230,358,18" step="2"/><W119/><G119/><T97/><D97/><U12/><E123/><V100/><F100/><W106/><G40/><T19/><D19/><U44/><E121/><V126/><F126/><W5/><REACH who="3" step="1"/><G54/><REACH who="3" ten="364,230,358,8" step="2"/><T55/><D55/><U1/><E53/><V76/><F76/><W17/><G17/><T34/><D34/><U84/><E90/><V95/><F95/><AGARI ba="2,4" hai="36,38,39,86,88,95,96,98" m="19695,42506" machi="95" ten="40,3900,0" yaku="10,1,54,1" doraHai="2" who="0" fromWho="2" sc="364,85,230,0,358,-45,8,0" /><INIT seed="4,3,0,5,1,92" ten="449,230,313,8" oya="0" hai0="101,8,4,124,48,111,71,82,131,14,0,18,99" hai1="115,50,57,5,61,59,72,73,119,42,15,113,79" hai2="7,17,77,37,38,63,102,117,108,3,98,107,132" hai3="68,29,97,25,16,81,27,134,104,125,105,67,78"/><T19/><D71/><U33/><E33/><V66/><F17/><W65/><G65/><T93/><D124/><U54/><E79/><V87/><F132/><W88/><G134/><T94/><D131/><U85/><E119/><V95/><F117/><W126/><G67/><T127/><D127/><N who="3" m="48649" /><G68/><T2/><D111/><U41/><E85/><V90/><F108/><W60/><G60/><T76/><D2/><U55/><E5/><V53/><F53/><W28/><G28/><T20/><D48/><N who="1" m="30919" /><E15/><V30/><F30/><W106/><G29/><T45/><D45/><N who="1" m="28111" /><E73/><V32/><F32/><W40/><G40/><N who="1" m="15466" /><E72/><V11/><REACH who="2" step="1"/><F77/><REACH who="2" ten="449,230,303,8" step="2"/><W112/><G112/><N who="1" m="43082" /><E61/><V100/><F100/><W10/><G78/><T35/><D76/><U128/><E128/><V58/><AGARI ba="3,1" hai="3,7,11,37,38,58,63,66,87,90,95,98,102,107" machi="58" ten="20,5200,0" yaku="1,1,0,1,7,1,52,1,53,0" doraHai="92" doraHaiUra="12" who="2" fromWho="2" sc="449,-29,230,-16,303,71,8,-16" owari="420,53.0,214,-19.0,374,17.0,-8,-51.0" /></mjloggm>