<mjloggm ver="2.3"><GO type="169" lobby="0"/><UN n0="%E3%81%BE%E3%83%BC%E3%81%A1%E3%82%83%E3%82%80" n1="%E3%82%A6%E3%83%AB%E3%83%88%E3%83%A9%E7%AB%8B%E7%9B%B4" n2="%E9%AC%BC%E7%95%9C%E6%88%A6%E5%A3%AB" n3="%E3%83%8D%E3%83%BC%E3%83%A0%E3%83%AC%E3%82%B9%EF%BC%97" dan="16,17,16,17" rate="2105.50,2159.61,2095.60,2144.84" sx="M,M,M,M"/><TAIKYOKU oya="0"/><INIT seed="0,0,0,1,0,30" ten="250,250,250,250" oya="0" hai0="2,112,94,63,40,66,105,78,17,52,72,70,98" hai1="113,111,39,15,134,73,64,92,106,135,44,129,116" hai2="16,87,55,65,7,107,47,115,84,131,41,61,79" hai3="74,100,104,32,10,69,109,42,34,99,22,31,120"/><T12/><D2/><U8/><E64/><V117/><F107/><W133/><G74/><T0/><D0/><U43/><E15/><V29/><F115/><W93/><G69/><T121/><D112/><U132/><E8/><V128/><F55/><W50/><G109/><T122/><D105/><U37/><E92/><V54/><F54/><W9/><G133/><T80/><D40/><U103/><E39/><V36/><F117/><W89/><G120/><T91/><REACH who="0" step="1"/><D52/><REACH who="0" ten="240,250,250,250" step="2"/><U28/><E43/><V26/><F41/><W108/><G108/><T90/><D90/><U13/><E106/><V82/><F128/><W46/><G89/><T62/><D62/><U60/><E60/><V110/><F131/><W38/><G104/><T126/><D126/><U25/><E129/><V77/><F61/><W67/><G38/><T71/><D71/><U88/><E37/><V95/><F36/><W33/><REACH who="3" step="1"/><G67/><REACH who="3" ten="240,250,250,240" step="2"/><T53/><D53/><U4/><E88/><V11/><F65/><W102/><G102/><T14/><D14/><U118/><E13/><V85/><F110/><W24/><AGARI ba="0,2" hai="9,10,22,24,31,32,33,34,42,46,50,93,99,100" machi="24" ten="40,8000,1" yaku="1,1,0,1,52,3,53,0" doraHai="30" doraHaiUra="68" who="3" fromWho="3" sc="240,-40,250,-20,250,-20,240,100" /><INIT seed="1,0,0,1,4,31" ten="200,230,230,340" oya="1" hai0="9,114,40,120,16,110,12,76,77,43,37,74,59" hai1="34,122,53,128,131,119,79,28,96,41,83,70,20" hai2="100,15,113,121,64,89,39,103,105,42,67,102,29" hai3="85,6,80,62,61,82,68,95,8,92,124,26,56"/><U111/><E70/><V45/><F121/><W101/><G124/><T88/><D114/><U63/><E122/><V127/><F127/><W25/><G68/><T38/><D120/><U123/><E123/><V5/><F113/><W97/><G92/><T107/><D107/><U10/><E119/><V116/><F116/><W94/><G94/><T44/><D110/><U32/><E41/><V13/><F105/><W36/><G36/><T50/><D74/><U129/><E111/><V49/><F29/><W21/><G62/><T7/><D7/><U22/><E10/><V2/><F39/><W87/><G87/><T14/><D14/><U117/><E96/><V35/><F35/><N who="1" m="13353" /><E28/><V18/><F2/><W99/><G99/><T134/><D43/><U81/><E117/><V23/><F89/><W133/><G133/><T55/><D134/><U125/><E125/><V84/><F84/><W78/><G82/><N who="1" m="31242" /><E79/><V108/><F108/><W60/><G60/><T118/><D118/><U47/><E47/><V58/><F58/><AGARI ba="0,0" hai="20,22,53,58,63,128,129,131" m="31242,13353" machi="58" ten="40,12000,1" yaku="19,1,52,3" doraHai="31" who="1" fromWho="2" sc="200,0,230,120,230,-120,340,0" /><INIT seed="1,1,0,2,5,86" ten="200,350,110,340" oya="1" hai0="3,107,42,9,25,70,117,2,63,127,81,5,17" hai1="134,105,73,18,90,14,116,95,12,62,49,58,51" hai2="77,36,53,0,60,89,118,10,66,31,64,30,21" hai3="23,129,96,61,46,15,133,27,91,11,74,84,56"/><U44/><E105/><V101/><F118/><W82/><G129/><T130/><D107/><U16/><E73/><V112/><F36/><W115/><G115/><T34/><D117/><U65/><E116/><V38/><F38/><W47/><G133/><T88/><D42/><U45/><E134/><V79/><F112/><W28/><G74/><T114/><D114/><U104/><E104/><V80/><F101/><W24/><G24/><T108/><D130/><U59/><E59/><V83/><F0/><W33/><G33/><T119/><D119/><U106/><E106/><V102/><F102/><W50/><G50/><N who="1" m="18954" /><E14/><V87/><F10/><W8/><G96/><T41/><D2/><U69/><E69/><V128/><F128/><W37/><G37/><T121/><D121/><U123/><E123/><V35/><F35/><W85/><G85/><T26/><D3/><U22/><E18/><V1/><F1/><W132/><G132/><T125/><D70/><U52/><E65/><V78/><F80/><W55/><REACH who="3" step="1"/><G8/><REACH who="3" ten="200,350,110,330" step="2"/><T135/><D9/><U57/><E57/><V126/><F126/><W100/><G100/><T131/><D34/><U103/><E103/><V4/><F31/><W13/><G13/><T94/><D127/><U122/><E122/><V6/><F30/><W111/><G111/><T7/><D108/><U67/><E67/><V113/><F64/><W92/><G92/><T110/><D110/><U124/><E124/><V120/><F66/><W32/><G32/><T72/><D125/><U93/><E93/><V40/><F113/><W76/><G76/><T19/><D131/><RYUUKYOKU ba="1,1" sc="200,-15,350,15,110,-15,330,15" hai1="12,16,22,44,45,52,58,62,90,95" hai3="11,15,23,27,28,46,47,55,56,61,82,84,91" /><INIT seed="1,2,1,2,3,117" ten="185,365,95,345" oya="1" hai0="81,5,24,135,92,11,29,130,104,31,37,69,108" hai1="62,106,55,100,113,103,60,87,134,34,115,45,42" hai2="38,32,96,41,116,94,68,15,89,91,128,7,18" hai3="99,98,112,36,122,33,54,8,71,25,13,88,47"/><U101/><E34/><V86/><F116/><W27/><G112/><T23/><D104/><U35/><E35/><V21/><F128/><W65/><G33/><T48/><D37/><U26/><E106/><V30/><F68/><W20/><G65/><T66/><D130/><U59/><E134/><V85/><F7/><W80/><G71/><T10/><D135/><U74/><E74/><V44/><F32/><W40/><G122/><T1/><D108/><U76/><E26/><V56/><F30/><W75/><G27/><T109/><D109/><U129/><E129/><V50/><F38/><W6/><G54/><T121/><D48/><U79/><E62/><V52/><REACH who="2" step="1"/><F89/><REACH who="2" ten="185,365,85,345" step="2"/><W126/><G88/><T4/><D31/><U131/><E131/><V123/><F123/><W114/><G114/><T95/><D121/><U28/><E28/><V97/><F97/><W105/><G99/><T77/><D69/><U110/><E115/><V93/><F93/><W9/><G98/><T17/><D29/><U63/><E113/><V73/><F73/><W49/><G105/><T83/><D83/><U124/><E110/><V82/><F82/><W111/><G111/><T90/><D90/><U127/><E87/><V133/><F133/><W58/><G75/><T16/><D17/><U67/><E79/><V78/><F78/><W72/><G72/><T57/><D81/><U22/><E76/><V64/><F64/><W125/><G80/><T12/><D77/><U51/><E127/><V14/><F14/><W46/><G36/><T39/><D39/><U19/><E124/><V53/><F53/><RYUUKYOKU ba="2,2" sc="185,15,365,-15,85,15,345,-15" hai0="1,4,5,10,11,12,16,23,24,57,66,92,95" hai2="15,18,21,41,44,50,52,56,85,86,91,94,96" /><INIT seed="2,3,2,5,4,6" ten="200,350,100,330" oya="2" hai0="34,77,4,0,52,21,128,57,38,46,97,87,112" hai1="134,118,71,105,104,82,122,81,8,61,106,135,47" hai2="58,5,111,60,62,116,133,91,93,7,70,59,27" hai3="92,16,110,115,33,19,107,2,22,86,113,18,54"/><V28/><F116/><W109/><G107/><T39/><D34/><U95/><E118/><V31/><F133/><N who="1" m="50697" /><E122/><V30/><F70/><W98/><G33/><T124/><D112/><N who="3" m="43081" /><G2/><T41/><D128/><U120/><E120/><V48/><F111/><N who="3" m="42507" /><G54/><T40/><D124/><U1/><E95/><V130/><F130/><W17/><G86/><T36/><D21/><U32/><E32/><V64/><F48/><W85/><G85/><T3/><D97/><U79/><E47/><V108/><F108/><W75/><G75/><T49/><D0/><U55/><E55/><V126/><F126/><W132/><G132/><T100/><D100/><U24/><E61/><V84/><REACH who="2" step="1"/><F27/><REACH who="2" ten="200,350,90,330" step="2"/><N who="3" m="14791" /><G19/><T68/><D68/><U127/><E71/><V73/><F73/><W89/><AGARI ba="3,3" hai="17,18,89,92,98" m="14791,42507,43081" machi="89" ten="30,4000,0" yaku="11,1,14,1,54,1" doraHai="6" who="3" fromWho="3" sc="200,-13,350,-13,90,-23,330,79" /><INIT seed="3,0,0,0,0,107" ten="187,337,67,409" oya="3" hai0="27,77,112,90,17,64,78,24,44,36,76,61,69" hai1="39,7,86,88,58,83,59,5,4,35,47,72,67" hai2="79,66,56,134,38,15,129,3,128,45,11,51,117" hai3="115,80,54,8,108,70,92,50,68,52,85,98,33"/><W73/><G115/><T93/><D112/><U63/><E35/><V22/><F117/><W43/><G33/><T71/><D71/><U10/><E72/><V9/><F134/><W2/><G108/><T21/><D36/><U111/><E111/><V106/><F106/><W37/><G37/><T118/><D44/><U110/><E110/><V40/><F79/><W74/><G43/><T82/><D118/><U57/><REACH who="1" step="1"/><E10/><REACH who="1" ten="187,327,67,409" step="2"/><V41/><F9/><W34/><G34/><T97/><REACH who="0" step="1"/><D27/><REACH who="0" ten="177,327,67,409" step="2"/><U101/><E101/><V113/><F113/><W91/><G70/><T104/><D104/><U123/><E123/><V26/><F26/><W96/><G68/><T0/><D0/><U120/><E120/><V19/><F3/><W94/><G2/><T32/><D32/><U135/><E135/><V16/><F38/><W55/><G8/><T65/><D65/><U46/><E46/><V23/><F40/><AGARI ba="0,2" hai="4,5,7,39,40,47,57,58,59,63,67,83,86,88" machi="40" ten="40,5200,0" yaku="1,1,54,1,53,1" doraHai="107" doraHaiUra="87" who="1" fromWho="2" sc="177,0,327,72,67,-52,409,0" /><INIT seed="4,0,0,5,0,104" ten="177,399,15,409" oya="0" hai0="127,70,5,26,120,94,46,96,6,64,117,31,61" hai1="8,59,47,72,80,130,86,39,36,14,102,108,37" hai2="73,38,15,30,77,89,134,85,23,100,122,121,2" hai3="51,35,67,9,131,105,17,111,112,114,11,33,79"/><T10/><D120/><U22/><E108/><V93/><F38/><W124/><G105/><T91/><D117/><U129/><E102/><V95/><F2/><W101/><G101/><T133/><D133/><U116/><E116/><V3/><F3/><W0/><G67/><T4/><D46/><U41/><E22/><V76/><F30/><W71/><G71/><T57/><D127/><U78/><E59/><V53/><F53/><W66/><G66/><T18/><D18/><U87/><E47/><V55/><F55/><W90/><G79/><T7/><D70/><U40/><E14/><V63/><F63/><W110/><G90/><T97/><D97/><U74/><E8/><V92/><F23/><W98/><G98/><T29/><REACH who="0" step="1"/><D26/><REACH who="0" ten="167,399,15,409" step="2"/><U88/><E41/><V45/><F45/><W107/><G124/><T20/><D20/><U42/><E42/><V65/><F65/><W56/><G17/><T106/><D106/><U58/><E40/><V99/><F134/><W82/><G107/><T12/><AGARI ba="0,1" hai="4,5,6,7,10,12,29,31,57,61,64,91,94,96" machi="12" ten="30,6000,0" yaku="1,1,0,1,8,1,53,0" doraHai="104" doraHaiUra="109" who="0" fromWho="0" sc="167,70,399,-20,15,-20,409,-20" owari="237,-16.0,379,18.0,-5,-51.0,389,49.0" /></mjloggm>