<mjloggm ver="2.3"><GO type="1" lobby="0"/><UN n0="%67%6F%72%69%5F%74%61%7A" n1="%E5%B0%B1%E6%B4%BB%E7%94%9F%40%E5%B7%9D%E6%9D%91%E8%BB%8D%E5%9B%A3" n2="%62%69%73%65%69%62%75%74" n3="%70%61%72%69%73%69%65%6E" dan="6,7,8,11" rate="1579.38,1732.88,1429.88,1663.13" sx="M,M,M,M"/><TAIKYOKU oya="0"/><INIT seed="0,0,0,0,2,55" ten="250,250,250,250" oya="0" hai0="104,74,83,128,52,46,41,1,112,84,54,89,14" hai1="108,82,7,35,79,5,69,111,65,126,124,25,21" hai2="16,24,28,66,116,45,97,110,17,15,31,121,4" hai3="75,92,2,81,119,107,101,34,37,129,132,106,62"/><T48/><D112/><U49/><E35/><V113/><F113/><W44/><G92/><T80/><D104/><U114/><E114/><V19/><F97/><W60/><G62/><T135/><D1/><U70/><E49/><V105/><F105/><W9/><G60/><T30/><D135/><U123/><E123/><V40/><F66/><W98/><G119/><T53/><D128/><U118/><E118/><V63/><F121/><W122/><G122/><T77/><D30/><N who="2" m="11306" /><F110/><N who="1" m="42025" /><E21/><V20/><F116/><W96/><G132/><T0/><D0/><U11/><E25/><V134/><F63/><W18/><G18/><T130/><D130/><U93/><E93/><V29/><F134/><W51/><G129/><T102/><D102/><U3/><E7/><V39/><N who="2" m="11314" /><V133/><DORA hai="22" /><F133/><W94/><G94/><T26/><REACH who="0" step="1"/><D14/><REACH who="0" ten="240,250,250,250" step="2"/><U72/><E65/><V33/><F33/><W36/><G34/><T32/><D32/><U13/><E13/><V6/><F39/><W117/><G117/><T100/><D100/><U71/><AGARI ba="0,1" hai="3,5,11,69,70,71,72,79,82,124,126" m="42025" machi="71" ten="40,2700,0" yaku="14,1,23,1" doraHai="55,22" who="1" fromWho="1" sc="240,-13,250,37,250,-7,250,-7" /><INIT seed="1,0,0,4,2,93" ten="227,287,243,243" oya="1" hai0="41,17,18,121,54,88,35,113,68,114,21,11,55" hai1="84,94,60,5,123,125,87,62,59,83,43,75,99" hai2="104,101,66,31,14,34,12,2,67,4,6,64,69" hai3="122,130,109,111,129,107,115,23,97,29,19,33,28"/><U22/><E123/><V72/><F72/><W100/><G122/><T73/><D68/><U47/><E75/><V96/><F69/><W9/><G115/><T95/><D73/><U81/><E125/><V126/><F126/><W92/><G9/><T82/><D35/><U3/><E3/><V40/><F40/><W128/><G33/><T106/><D106/><U39/><E5/><V118/><F118/><W15/><REACH who="3" step="1"/><G107/><REACH who="3" ten="227,287,243,233" step="2"/><T112/><D121/><U52/><E22/><V98/><F98/><W89/><G89/><T32/><D32/><U127/><E127/><V26/><REACH who="2" step="1"/><F2/><REACH who="2" ten="227,287,233,233" step="2"/><W134/><G134/><T24/><D114/><U53/><E39/><V91/><F91/><W20/><G20/><T119/><D119/><U124/><E124/><V57/><F57/><W27/><G27/><T120/><D120/><U50/><E59/><V65/><N who="2" m="16896" /><DORA hai="1" /><V90/><F90/><W102/><G102/><T71/><D71/><U80/><E62/><V38/><F38/><W108/><AGARI ba="0,2" hai="15,19,23,28,29,92,97,100,108,109,111,128,129,130" machi="108" ten="40,12000,2" yaku="1,1,0,1,14,1,19,1,52,1,53,1" doraHai="93,1" doraHaiUra="78,10" who="3" fromWho="3" sc="227,-30,287,-60,233,-30,233,140" /><INIT seed="2,0,0,5,2,60" ten="197,227,203,373" oya="2" hai0="64,12,54,6,84,27,100,99,85,41,83,117,37" hai1="135,76,112,125,10,72,18,45,9,59,48,128,20" hai2="116,21,123,63,49,129,110,88,26,38,7,0,65" hai3="126,106,122,69,1,42,15,132,77,127,39,134,47"/><V105/><F105/><W87/><G106/><T8/><D117/><U17/><E112/><V5/><F116/><W80/><G122/><T81/><D37/><U29/><E128/><V67/><F123/><W98/><G98/><T58/><D41/><U82/><E125/><N who="3" m="47626" /><G15/><T36/><D36/><U89/><E135/><N who="3" m="51754" /><G69/><T97/><D27/><U68/><E68/><V13/><F38/><W35/><G35/><T25/><D25/><U70/><E70/><V93/><F129/><W24/><G24/><T124/><D124/><U57/><E29/><N who="2" m="17615" /><F110/><W94/><G94/><T120/><D120/><U62/><E89/><V40/><F0/><AGARI ba="0,0" hai="0,1,39,42,47,77,80,87" m="51754,47626" machi="0" ten="30,2000,0" yaku="18,1,20,1" doraHai="60" who="3" fromWho="2" sc="197,0,227,0,203,-20,373,20" /><INIT seed="3,0,0,1,5,119" ten="197,227,183,393" oya="3" hai0="50,4,56,25,97,57,59,26,8,99,46,125,130" hai1="81,65,34,71,63,132,2,51,90,44,89,82,126" hai2="98,128,78,131,118,7,15,133,93,108,84,5,96" hai3="73,42,47,77,80,35,31,21,107,120,109,68,127"/><W83/><G120/><T6/><D130/><U121/><E34/><V88/><F118/><W76/><G127/><T95/><D125/><U87/><E2/><V41/><F41/><W39/><G21/><T85/><D85/><U112/><E121/><V22/><F108/><W70/><G109/><T115/><D115/><U103/><E112/><V49/><F49/><W43/><G43/><N who="0" m="24927" /><D8/><U72/><E132/><V122/><F133/><W40/><G40/><T0/><D0/><U79/><E126/><V13/><F78/><W113/><G113/><T91/><D99/><U110/><E110/><V69/><F122/><W101/><G101/><T117/><D117/><U48/><E103/><V102/><F69/><W23/><G23/><T12/><D12/><U54/><E48/><V38/><F38/><W129/><G129/><N who="2" m="49737" /><F22/><W19/><G19/><T104/><D104/><U20/><E20/><V33/><F33/><W62/><G62/><T61/><D61/><U116/><E116/><V100/><F100/><W32/><G107/><T29/><D29/><U111/><E111/><V37/><F37/><W58/><G58/><N who="0" m="14851" /><T74/><DORA hai="53" /><D74/><U16/><E16/><V135/><F102/><W10/><G10/><T27/><AGARI ba="0,0" hai="4,6,25,26,27,91,95,97" m="14851,24927" machi="27" ten="40,8000,1" yaku="8,1,52,4" doraHai="119,53" who="0" fromWho="0" sc="197,80,227,-20,183,-20,393,-40" owari="277,8.0,207,-19.0,163,-34.0,353,45.0" /></mjloggm>