<mjloggm ver="2.3"><GO type="97" lobby="0"/><UN n0="%E2%98%85%E3%81%AF%E3%82%8A%E3%81%AD%E3%81%9A%E3%81%BF%E3%82%93" n1="%E9%9B%80%E8%8D%98%E3%82%AA%E3%83%BC%E3%83%8A%E3%83%BC" n2="%E3%82%A6%E3%83%AB%E3%83%88%E3%83%A9%E7%AB%8B%E7%9B%B4" n3="%E8%8A%A6%E5%B1%8B%E7%91%9E%E7%A8%80" dan="15,14,15,14" rate="1962.14,1930.29,1973.86,1935.80" sx="M,M,M,F"/><TAIKYOKU oya="0"/><INIT seed="0,0,0,1,4,14" ten="250,250,250,250" oya="0" hai0="32,73,54,25,113,23,15,130,37,125,82,131,27" hai1="71,134,77,33,105,34,93,53,47,107,1,51,17" hai2="84,24,46,79,80,123,40,50,100,129,92,90,126" hai3="9,103,2,38,91,87,78,124,35,68,12,62,49"/><T64/><D113/><U133/><E1/><V39/><F123/><W67/><G35/><T29/><D37/><U97/><E77/><V109/><F109/><W99/><G38/><T55/><D125/><U110/><E110/><V69/><F69/><W135/><G135/><N who="1" m="51722" /><E71/><V117/><F117/><W112/><G112/><T76/><D15/><U74/><E74/><V81/><F126/><W59/><G2/><T98/><D64/><U42/><E34/><V7/><F129/><N who="0" m="49162" /><D98/><U114/><E33/><V116/><F116/><W127/><G78/><T20/><D32/><U44/><E114/><V122/><F122/><W66/><G127/><T89/><D89/><U3/><E3/><V57/><F39/><W5/><G124/><T111/><D111/><U6/><E6/><V43/><F7/><W119/><G119/><T118/><D118/><U96/><E96/><V31/><F100/><W104/><G66/><T56/><D56/><U115/><E115/><V83/><F57/><W70/><G49/><T60/><D60/><U19/><E107/><V48/><F24/><W11/><G11/><T36/><D36/><N who="1" m="21575" /><E105/><V52/><F79/><W88/><G91/><AGARI ba="0,0" hai="17,19,47,51,53,91,93,97" m="21575,51722" machi="91" ten="30,3900,0" yaku="20,1,52,2" doraHai="14" who="1" fromWho="3" sc="250,0,250,39,250,0,250,-39" /><INIT seed="1,0,0,0,1,65" ten="250,289,250,211" oya="1" hai0="58,10,72,44,127,32,53,6,74,28,96,49,110" hai1="36,85,94,130,29,126,64,43,40,3,26,69,12" hai2="45,77,84,121,54,70,82,11,88,119,52,25,0" hai3="35,38,37,93,125,80,7,39,113,114,56,5,108"/><U101/><E3/><V102/><F121/><W22/><G56/><T109/><D28/><U21/><E126/><V47/><F119/><W17/><G80/><T132/><D32/><U104/><E130/><V99/><F70/><W33/><G93/><T131/><D127/><U107/><E107/><V24/><F0/><W86/><G125/><T13/><D131/><U9/><E36/><V42/><F11/><W78/><G86/><T135/><D96/><U98/><E104/><V27/><F77/><W95/><G95/><T79/><D44/><U76/><E69/><V97/><F47/><W59/><G59/><T116/><D116/><U50/><E64/><V16/><F42/><W133/><G78/><T71/><D71/><U4/><E50/><N who="2" m="28751" /><F54/><W91/><G91/><T51/><D51/><U106/><E106/><V115/><F115/><N who="3" m="44043" /><G22/><T2/><D2/><U103/><E103/><V14/><F102/><W117/><G117/><T122/><D122/><U90/><E76/><V134/><F134/><N who="0" m="51242" /><D79/><U87/><E101/><V61/><F61/><W118/><G118/><T20/><D20/><U62/><E62/><V67/><F67/><W89/><G133/><T18/><D6/><N who="3" m="2057" /><G89/><T60/><D49/><U15/><E15/><V92/><F14/><W112/><N who="3" m="44051" /><W81/><DORA hai="120" /><G81/><T1/><D1/><U123/><E123/><V41/><F41/><AGARI ba="0,0" hai="4,9,12,21,26,29,40,41,43,85,87,90,94,98" machi="41" ten="40,2000,0" yaku="8,1" doraHai="65,120" who="1" fromWho="2" sc="250,0,289,20,250,-20,211,0" /><INIT seed="1,1,0,1,3,88" ten="250,309,230,211" oya="1" hai0="96,76,107,57,74,42,115,79,40,71,108,122,24" hai1="32,11,50,87,109,36,75,60,61,13,37,7,81" hai2="3,86,90,102,98,80,49,131,35,55,23,38,44" hai3="78,73,94,135,118,93,62,1,117,46,31,43,66"/><U21/><E75/><V48/><F131/><W85/><G1/><T16/><D115/><U59/><E32/><V64/><F3/><W119/><G73/><T124/><D71/><U53/><E37/><V110/><F110/><W14/><G135/><T54/><D108/><U20/><E36/><V15/><F35/><W47/><G31/><T114/><D114/><U69/><E69/><V29/><F38/><N who="3" m="21879" /><G47/><T106/><D124/><U116/><E116/><V58/><F64/><W125/><G125/><T28/><D74/><U45/><E109/><V30/><F15/><W113/><G113/><T132/><D132/><U83/><E83/><V12/><F12/><W5/><G85/><T134/><D134/><U17/><E7/><V8/><F8/><N who="3" m="4367" /><G78/><T2/><D2/><U56/><E56/><AGARI ba="1,0" hai="56,62,66,93,94,117,118,119" m="4367,21879" machi="56" ten="30,3900,0" yaku="12,1,52,2" doraHai="88" who="3" fromWho="1" sc="250,0,309,-42,230,0,211,42" /><INIT seed="2,0,0,3,2,57" ten="250,267,230,253" oya="2" hai0="102,61,19,22,29,7,54,9,70,73,77,1,75" hai1="0,108,25,121,126,50,12,34,2,90,123,130,128" hai2="11,83,91,111,18,66,41,106,109,40,96,78,6" hai3="80,101,81,95,84,30,62,87,14,63,134,36,68"/><V27/><F18/><W119/><G36/><T103/><D29/><N who="1" m="19759" /><E50/><V4/><F27/><W43/><G68/><T76/><D102/><U16/><E90/><V97/><F66/><W129/><G119/><T23/><D103/><U56/><E56/><V10/><F106/><W39/><G39/><T51/><D76/><U94/><E94/><V74/><F91/><N who="3" m="51591" /><G129/><N who="1" m="49770" /><E108/><N who="2" m="41547" /><F97/><N who="3" m="59583" /><G134/><T132/><D132/><U98/><E98/><V32/><F32/><W118/><G118/><T69/><D77/><U13/><E126/><V116/><F116/><W105/><G105/><T93/><D93/><U44/><E44/><V67/><F96/><W127/><G127/><T17/><D73/><U114/><E114/><V31/><F31/><W3/><G3/><N who="1" m="1066" /><E13/><N who="2" m="5319" /><F67/><W59/><G14/><AGARI ba="0,0" hai="6,11,14,40,41,74,78,83" m="5319,41547" machi="14" ten="30,2900,0" yaku="14,1,10,1" doraHai="57" who="2" fromWho="3" sc="250,0,267,0,230,29,253,-29" /><INIT seed="2,1,0,4,4,6" ten="250,267,259,224" oya="2" hai0="43,88,59,101,30,76,48,108,23,96,53,114,92" hai1="120,78,5,91,28,34,14,89,81,63,50,130,45" hai2="100,60,83,117,56,27,119,68,107,41,126,82,84" hai3="57,61,9,29,8,99,125,95,19,72,17,124,127"/><V135/><F68/><W98/><G29/><T1/><D114/><U133/><E34/><V58/><F107/><W97/><G95/><T104/><D1/><U70/><E70/><V77/><F100/><W54/><G72/><T123/><D123/><U25/><E120/><V115/><F115/><W51/><G61/><T38/><D108/><U16/><E133/><V64/><F135/><W31/><G31/><T2/><D2/><U75/><E130/><V44/><F126/><W110/><G110/><T103/><D76/><U129/><E129/><V12/><F27/><W40/><G40/><T87/><D103/><U93/><E28/><V105/><F105/><W116/><G116/><T4/><D4/><U37/><E37/><V15/><F58/><W109/><G109/><T73/><D73/><U69/><E69/><V18/><F82/><W113/><G113/><T121/><D121/><U74/><E74/><V49/><F15/><W32/><G32/><T36/><D43/><U21/><E5/><V67/><REACH who="2" step="1"/><F64/><REACH who="2" ten="250,267,249,224" step="2"/><W55/><G55/><T134/><D134/><U71/><E71/><V79/><F79/><W20/><G19/><T66/><D66/><U26/><E26/><AGARI ba="1,1" hai="8,9,17,20,26,51,54,57,97,98,99,124,125,127" machi="26" ten="50,6400,0" yaku="18,1,52,2" doraHai="6" who="3" fromWho="1" sc="250,0,267,-67,249,0,224,77" /><INIT seed="3,0,0,5,0,76" ten="250,200,249,301" oya="3" hai0="64,9,68,25,35,3,33,30,123,86,14,48,17" hai1="23,127,87,32,78,43,74,73,103,1,38,27,13" hai2="80,125,16,65,10,100,72,81,79,37,22,132,82" hai3="40,107,29,18,96,92,5,108,62,128,102,116,21"/><W50/><G116/><T91/><D123/><U115/><E115/><V119/><F119/><W44/><G128/><T124/><D124/><U75/><E32/><V57/><F37/><W118/><G118/><T58/><D68/><U36/><E1/><V28/><F125/><W39/><G108/><T122/><D122/><U49/><E127/><V34/><F34/><W52/><G29/><T0/><D35/><U8/><E103/><V105/><F105/><W20/><G5/><T101/><D101/><U83/><E27/><N who="2" m="16503" /><F72/><W135/><G135/><T15/><D15/><U114/><E114/><V7/><F100/><W113/><G113/><T110/><D110/><U47/><REACH who="1" step="1"/><E23/><REACH who="1" ten="250,190,249,301" step="2"/><V120/><F120/><W67/><G21/><T53/><D64/><U19/><AGARI ba="0,1" hai="8,13,19,36,38,43,47,49,73,74,75,78,83,87" machi="19" ten="30,7900,0" yaku="1,1,2,1,0,1,52,1,53,0" doraHai="76" doraHaiUra="93" who="1" fromWho="1" sc="250,-20,190,89,249,-20,301,-39" /><INIT seed="4,0,0,5,4,50" ten="230,279,229,262" oya="0" hai0="95,97,64,71,124,82,19,90,104,14,2,79,129" hai1="100,70,61,27,96,40,107,121,112,74,59,102,73" hai2="126,37,0,18,128,80,17,35,38,21,122,87,23" hai3="15,8,62,130,29,94,30,12,110,119,85,134,57"/><T55/><D2/><U123/><E59/><V86/><F35/><W25/><G110/><T120/><D120/><N who="1" m="46155" /><E40/><V113/><F122/><W72/><G72/><N who="1" m="27754" /><E27/><V51/><F113/><W69/><G130/><T131/><D124/><U91/><E61/><V103/><F51/><W68/><G134/><T63/><D104/><N who="1" m="63495" /><E70/><V10/><F0/><W4/><G68/><T1/><D1/><U34/><E34/><V56/><F56/><W67/><G69/><T16/><D55/><U109/><E109/><V20/><F38/><W93/><G15/><T135/><D135/><U108/><E108/><V58/><F37/><W41/><G41/><T116/><D116/><U65/><E65/><V105/><F58/><W44/><G119/><T77/><D19/><U125/><E125/><V32/><F126/><W46/><G29/><T81/><D16/><N who="2" m="6250" /><F32/><W66/><G66/><T78/><D14/><U132/><E132/><V83/><F10/><W6/><G6/><T106/><D106/><U88/><E112/><V7/><F7/><W89/><REACH who="3" step="1"/><G94/><REACH who="3" ten="230,279,229,252" step="2"/><T47/><D47/><U52/><E52/><V53/><F53/><W54/><G54/><T24/><D24/><U31/><E31/><V111/><F111/><W33/><AGARI ba="0,1" hai="4,8,12,25,30,33,44,46,57,62,67,85,89,93" machi="33" ten="20,2700,0" yaku="1,1,0,1,7,1,53,0" doraHai="50" doraHaiUra="115" who="3" fromWho="3" sc="230,-13,279,-7,229,-7,252,37" /><INIT seed="5,0,0,1,3,60" ten="217,272,222,289" oya="1" hai0="131,116,50,92,34,64,101,120,104,11,45,43,22" hai1="134,79,96,1,86,25,72,62,66,27,113,117,42" hai2="127,112,114,24,95,28,133,67,119,103,124,54,47" hai3="32,37,8,107,6,71,4,99,21,121,38,102,123"/><U33/><E117/><V9/><F9/><W122/><G21/><T51/><D34/><U115/><E72/><V36/><F119/><W63/><G6/><T135/><D116/><U97/><E1/><V49/><F36/><W108/><G108/><T17/><D104/><U109/><E42/><V75/><F75/><W46/><G46/><N who="0" m="25951" /><D131/><U0/><E0/><V126/><F133/><W15/><G15/><N who="0" m="7423" /><D135/><U83/><E134/><V13/><F13/><W68/><G32/><T81/><D120/><U74/><E74/><V20/><F103/><W53/><G53/><T59/><D81/><U44/><E44/><V106/><F95/><W100/><G100/><T98/><D22/><U132/><E132/><V118/><F106/><W128/><G128/><T18/><D18/><U40/><E40/><V56/><F118/><W76/><G76/><T78/><D78/><U48/><E48/><V94/><F94/><W12/><G71/><T73/><D73/><U3/><E3/><V29/><F29/><W89/><G89/><T14/><D14/><U26/><E33/><V70/><F70/><W91/><G91/><T19/><D19/><U129/><E129/><V125/><F125/><W58/><G68/><T35/><D35/><U2/><E2/><V87/><F87/><W85/><G85/><T69/><D69/><N who="1" m="42199" /><E109/><V10/><F10/><W16/><G4/><T105/><D105/><U41/><E41/><V88/><F88/><W111/><G111/><T110/><D110/><U65/><E65/><V80/><F80/><W55/><AGARI ba="0,0" hai="8,12,16,37,38,55,58,63,99,102,107,121,122,123" machi="55" ten="30,2000,0" yaku="0,1,54,1" doraHai="60" who="3" fromWho="3" sc="217,-5,272,-10,222,-5,289,20" owari="212,-29.0,262,6.0,217,-18.0,309,41.0" /></mjloggm>