<mjloggm ver="2.3"><GO type="97" lobby="0"/><UN n0="%E7%A9%BA%E2%98%86%E5%BD%A1%E8%89%B2" n1="%E3%82%A6%E3%83%AB%E3%83%88%E3%83%A9%E7%AB%8B%E7%9B%B4" n2="%73%65%69%79%6B%6B%31%32" n3="%57%6F%6F%6C%77%69%63%68" dan="14,13,13,13" rate="1986.39,1873.39,1999.31,1840.72" sx="M,M,M,M"/><TAIKYOKU oya="0"/><INIT seed="0,0,0,1,3,134" ten="250,250,250,250" oya="0" hai0="135,77,91,0,22,101,7,132,83,96,100,80,86" hai1="6,33,47,131,2,114,60,10,123,113,46,108,3" hai2="17,97,120,129,71,127,45,78,9,89,23,102,16" hai3="118,30,88,64,57,27,4,105,110,55,74,19,50"/><T24/><D7/><U121/><E33/><V35/><F35/><W94/><G118/><T18/><D0/><U51/><E47/><V12/><F71/><W106/><G74/><T73/><REACH who="0" step="1"/><D96/><REACH who="0" ten="240,250,250,250" step="2"/><U65/><E3/><V103/><F120/><W72/><G4/><T76/><D76/><U82/><E123/><V90/><F78/><W111/><G110/><T112/><D112/><U128/><E108/><V104/><F129/><N who="1" m="49737" /><E121/><V116/><F116/><W133/><G111/><T8/><D8/><U31/><E31/><V53/><F9/><W42/><G30/><T75/><D75/><U37/><E10/><V59/><F97/><W119/><G72/><T92/><D92/><U125/><E6/><V32/><F104/><W117/><G119/><T95/><D95/><U130/><E2/><V15/><F32/><W81/><G117/><T49/><D49/><U39/><E130/><V122/><F122/><W21/><G94/><T66/><D66/><U87/><E87/><V70/><F23/><W93/><G64/><T52/><D52/><N who="1" m="29815" /><E82/><V115/><F53/><W14/><G81/><T63/><D63/><U84/><E84/><V20/><F115/><N who="1" m="44041" /><E125/><V28/><F127/><W126/><G126/><T13/><D13/><U29/><E29/><V79/><F28/><W26/><G105/><T58/><D58/><AGARI ba="0,1" hai="37,39,58,60,65" m="44041,29815,49737" machi="58" ten="30,8000,1" yaku="19,1,11,1,34,2,54,1" doraHai="134" who="1" fromWho="0" sc="240,-80,250,90,250,0,250,0" /><INIT seed="1,0,0,4,2,104" ten="160,340,250,250" oya="1" hai0="42,77,71,53,17,12,125,16,101,79,80,38,24" hai1="25,85,102,106,3,105,34,124,95,6,122,109,15" hai2="54,13,126,7,118,97,37,36,119,1,90,117,2" hai3="123,93,115,29,103,56,5,76,28,30,127,11,20"/><U108/><E122/><V10/><F126/><W130/><G123/><T121/><D125/><U110/><E124/><V70/><F70/><W39/><G127/><T48/><D121/><U111/><E111/><V64/><F64/><W18/><G39/><T26/><D71/><U19/><E3/><V61/><F37/><W131/><G103/><T84/><D101/><U55/><E55/><V114/><F36/><W68/><G68/><T59/><D79/><U78/><E102/><V75/><F114/><W120/><G120/><T128/><D17/><U40/><E40/><V72/><F61/><W27/><G93/><T91/><D128/><N who="3" m="49193" /><G76/><T129/><D129/><U43/><E43/><V99/><F54/><W23/><G56/><T107/><D107/><U47/><E47/><V96/><REACH who="2" step="1"/><F90/><REACH who="2" ten="160,340,240,250" step="2"/><W73/><G115/><T63/><D38/><U81/><E110/><V112/><F112/><W83/><G83/><T92/><D63/><U69/><E69/><V82/><F82/><W50/><G50/><T31/><D42/><U87/><E109/><V57/><F57/><W14/><G73/><AGARI ba="0,1" hai="1,2,7,10,13,72,73,75,96,97,99,117,118,119" machi="73" ten="50,8000,1" yaku="1,1,52,3,53,0" doraHai="104" doraHaiUra="45" who="2" fromWho="3" sc="160,0,340,0,240,90,250,-80" /><INIT seed="2,0,0,4,2,126" ten="160,340,330,170" oya="2" hai0="27,94,9,41,52,112,37,101,13,29,63,15,75" hai1="4,19,5,18,72,117,47,23,69,97,95,1,60" hai2="31,16,71,20,104,8,119,130,77,92,131,124,36" hai3="80,38,53,102,115,134,24,114,88,2,42,128,43"/><V107/><F71/><W35/><G2/><T133/><D112/><N who="3" m="43049" /><G102/><T66/><D133/><U135/><E72/><V11/><F36/><W123/><G134/><T96/><D75/><U113/><E135/><V64/><F119/><W87/><G123/><T110/><D110/><U111/><E111/><V25/><F64/><W103/><G103/><T7/><D41/><N who="3" m="15369" /><G53/><T68/><D37/><U12/><E117/><V74/><F124/><W21/><G38/><T109/><D109/><U67/><E1/><V76/><F92/><W90/><G35/><T17/><D52/><U59/><E69/><V48/><F48/><W55/><G55/><T6/><D13/><N who="1" m="9679" /><E47/><V116/><F116/><W40/><N who="3" m="15377" /><W3/><DORA hai="100" /><G3/><T46/><REACH who="0" step="1"/><D46/><REACH who="0" ten="150,340,330,170" step="2"/><U78/><E113/><V84/><F74/><W45/><G45/><T0/><D0/><U34/><E12/><N who="2" m="7175" /><F11/><W105/><G128/><N who="2" m="49193" /><F84/><W132/><G132/><T79/><D79/><AGARI ba="0,1" hai="20,25,31,76,77,79,104,107" m="49193,7175" machi="79" ten="30,18000,2" yaku="19,1,52,5,54,1" doraHai="126,100" who="2" fromWho="0" sc="150,-180,340,0,330,190,170,0" owari="-30,-53.0,340,14.0,520,62.0,170,-23.0" /></mjloggm>