<mjloggm ver="2.3"><GO type="41" lobby="0"/><UN n0="%4B%41%52%49%E3%82%AD%E3%83%B3%E3%82%B0" n1="%E5%B0%B1%E6%B4%BB%E7%94%9F%40%E5%B7%9D%E6%9D%91%E8%BB%8D%E5%9B%A3" n2="%E3%83%8F%E3%82%B4%E2%98%85%E6%B2%B3%E7%AB%A5" n3="%73%69%72%6F%2D%74%6F" dan="14,15,15,13" rate="1890.45,2018.72,2050.73,1927.92" sx="M,M,M,M"/><TAIKYOKU oya="0"/><INIT seed="0,0,0,4,5,57" ten="250,250,250,250" oya="0" hai0="56,13,8,42,63,108,9,122,34,95,51,106,93" hai1="70,103,65,75,68,62,11,4,80,60,111,7,15" hai2="1,55,23,109,110,40,36,20,99,128,86,104,88" hai3="22,41,2,59,121,114,82,102,71,19,39,87,98"/><T54/><D122/><U89/><E111/><N who="2" m="42507" /><F1/><W67/><G71/><T58/><D106/><U76/><E103/><N who="2" m="62591" /><F128/><W113/><G121/><T129/><D108/><U133/><E133/><V73/><F73/><W31/><G2/><T91/><D34/><U35/><E35/><V5/><F5/><W47/><G31/><T66/><D129/><U49/><E89/><V72/><F72/><W79/><G59/><T116/><D116/><U105/><E105/><V32/><F32/><W17/><G17/><N who="0" m="8359" /><D42/><U135/><E135/><V52/><F40/><W83/><G67/><T117/><D117/><U92/><E92/><N who="0" m="35401" /><D9/><U46/><E7/><V18/><F36/><W10/><G83/><T74/><D74/><U43/><E62/><V94/><F23/><W29/><G10/><T77/><D91/><U115/><E115/><V112/><F112/><W37/><G37/><T127/><D127/><U3/><E3/><V101/><F101/><W16/><G114/><T134/><D134/><U30/><E30/><V14/><AGARI ba="0,0" hai="14,18,20,52,55,86,88,94" m="62591,42507" machi="14" ten="30,4000,0" yaku="14,1,54,2" doraHai="57" who="2" fromWho="2" sc="250,-20,250,-10,250,40,250,-10" /><INIT seed="1,0,0,4,0,14" ten="230,240,290,240" oya="1" hai0="44,88,125,45,127,131,89,84,59,51,60,39,11" hai1="112,37,47,65,107,123,95,98,83,103,21,55,26" hai2="69,54,121,1,78,82,102,118,31,132,117,79,3" hai3="67,100,91,28,114,18,7,75,20,113,126,86,32"/><U64/><E123/><V0/><F121/><W135/><G75/><T115/><D115/><U53/><E112/><V96/><F69/><W48/><G135/><T23/><D131/><U17/><E107/><V63/><F132/><W68/><G126/><N who="0" m="48139" /><D11/><U56/><E83/><V109/><F109/><W8/><G100/><T40/><D23/><U46/><E55/><V41/><F41/><W22/><G67/><N who="1" m="25674" /><E37/><V27/><F63/><AGARI ba="0,0" hai="17,21,26,46,47,53,56,63,95,98,103" m="25674" machi="63" ten="30,2900,0" yaku="8,1,52,1" doraHai="14" who="1" fromWho="2" sc="230,0,240,29,290,-29,240,0" /><INIT seed="1,1,0,5,2,85" ten="230,269,261,240" oya="1" hai0="35,6,92,81,99,9,132,57,104,103,88,24,40" hai1="45,72,27,19,2,51,47,46,118,12,32,96,63" hai2="38,73,31,94,82,20,130,4,43,97,95,116,135" hai3="77,36,13,52,124,25,61,50,70,108,66,114,64"/><U117/><E2/><V101/><F4/><W10/><G114/><T37/><D132/><U75/><E63/><V102/><F38/><W29/><G124/><T41/><D81/><U60/><E60/><V131/><F43/><W122/><G66/><T93/><D104/><U126/><E126/><V22/><F31/><W21/><G36/><T68/><D68/><U53/><E117/><V90/><F116/><W5/><G108/><T23/><D35/><U3/><E3/><V123/><F135/><W87/><G122/><T55/><D37/><U125/><E125/><V111/><F111/><W1/><G1/><T112/><D112/><U48/><E118/><V105/><F123/><W79/><REACH who="3" step="1"/><G87/><REACH who="3" ten="230,269,261,230" step="2"/><N who="0" m="52255" /><D6/><U44/><E72/><V89/><F73/><W7/><G7/><T107/><D107/><U56/><E75/><V18/><F105/><W74/><G74/><T15/><D15/><U39/><E39/><V86/><F86/><W109/><G109/><T65/><D65/><U121/><E121/><V58/><F97/><W30/><G30/><N who="0" m="17695" /><D9/><U26/><E96/><V110/><F110/><W62/><G62/><AGARI ba="1,1" hai="40,41,55,57,62,93,99,103" m="17695,52255" machi="62" ten="30,3900,0" yaku="8,1,52,1,54,1" doraHai="85" who="0" fromWho="3" sc="230,52,269,0,261,0,230,-42" /><INIT seed="2,0,0,5,2,20" ten="282,269,261,188" oya="2" hai0="109,121,100,49,32,82,57,96,64,128,79,86,62" hai1="111,3,14,81,43,1,106,97,52,116,103,105,131" hai2="63,44,60,71,76,39,135,118,67,72,27,93,55" hai3="107,83,26,124,58,2,77,6,104,122,28,51,9"/><V40/><F118/><W33/><G122/><T7/><D121/><U89/><E116/><V24/><F135/><W15/><G124/><T41/><D32/><U126/><E106/><V53/><F93/><W54/><REACH who="3" step="1"/><G2/><REACH who="3" ten="282,269,261,178" step="2"/><T101/><D128/><U46/><E3/><V120/><F120/><W37/><G37/><T130/><D130/><U38/><E1/><V91/><F91/><W119/><G119/><T66/><D101/><U18/><E126/><V88/><F88/><W17/><G17/><T4/><D4/><U29/><E131/><V5/><F5/><W95/><G95/><N who="0" m="58399" /><D7/><U75/><E89/><V50/><F76/><W87/><AGARI ba="0,1" hai="6,9,15,26,28,33,51,54,58,77,83,87,104,107" machi="87" ten="20,5200,0" yaku="1,1,0,1,7,1,52,1,53,0" doraHai="20" doraHaiUra="36" who="3" fromWho="3" sc="282,-13,269,-13,261,-26,178,62" /><INIT seed="3,0,0,1,1,30" ten="269,256,235,240" oya="3" hai0="110,134,126,116,125,38,16,131,72,7,55,99,49" hai1="135,103,14,21,97,42,95,120,13,45,23,66,118" hai2="12,37,74,15,5,123,1,73,34,115,11,56,78" hai3="85,47,124,84,8,24,80,67,86,50,113,6,31"/><W130/><G113/><T59/><D72/><U51/><E120/><V69/><F69/><W71/><G130/><T65/><D116/><U111/><E118/><V76/><F115/><W90/><G124/><N who="0" m="47723" /><D38/><U107/><E111/><V22/><F123/><W61/><G50/><T25/><D110/><U75/><E75/><V132/><F37/><W122/><G47/><T10/><D131/><U20/><E135/><V79/><F132/><W129/><G122/><T94/><D134/><U39/><E66/><V96/><F34/><W89/><G89/><N who="0" m="55759" /><D65/><U58/><E107/><V64/><F96/><W26/><G26/><T105/><D105/><U53/><AGARI ba="0,0" hai="13,14,20,21,23,39,42,45,51,53,58,95,97,103" machi="53" ten="30,1100,0" yaku="0,1" doraHai="30" who="1" fromWho="1" sc="269,-3,256,11,235,-3,240,-5" /><INIT seed="4,0,0,3,2,63" ten="266,267,232,235" oya="0" hai0="52,65,44,82,60,25,112,98,43,46,135,6,122" hai1="66,109,77,110,51,4,97,121,29,2,7,10,35" hai2="26,68,15,131,34,59,36,67,134,87,30,57,17" hai3="128,70,1,69,114,74,33,95,37,14,47,73,53"/><T123/><D112/><U113/><E113/><V0/><F36/><W108/><G53/><T88/><D135/><U118/><E121/><V92/><F134/><W23/><G23/><T119/><D119/><U8/><E118/><V54/><F0/><W5/><G14/><T31/><D6/><U120/><E120/><V105/><F105/><W96/><G96/><T50/><D43/><U20/><E77/><V76/><F131/><W61/><G95/><T81/><D46/><U86/><E35/><V90/><F76/><W13/><G13/><T101/><D122/><U45/><E97/><V104/><F104/><W58/><G58/><T39/><D39/><U21/><E86/><V9/><REACH who="2" step="1"/><F54/><REACH who="2" ten="266,267,222,235" step="2"/><W80/><G128/><T94/><D123/><U71/><E109/><V19/><F19/><W18/><G18/><T103/><D82/><U99/><E29/><V12/><F12/><W91/><G108/><T32/><REACH who="0" step="1"/><D81/><REACH who="0" ten="256,267,222,235" step="2"/><U24/><E110/><V79/><F79/><W117/><G80/><T64/><D64/><U38/><E66/><V133/><F133/><W100/><G114/><T49/><D49/><U93/><E38/><V84/><F84/><W125/><G37/><T132/><D132/><U106/><E51/><V3/><F3/><W89/><G1/><T115/><D115/><U127/><E2/><V11/><F11/><W126/><G117/><T55/><D55/><U129/><E8/><V85/><F85/><W111/><G111/><T124/><D124/><U62/><E10/><V42/><F42/><W16/><G126/><T22/><D22/><U102/><E127/><RYUUKYOKU ba="0,2" sc="256,15,267,-15,222,15,235,-15" hai0="25,31,32,44,50,52,60,65,88,94,98,101,103" hai2="9,15,17,26,30,34,57,59,67,68,87,90,92" /><INIT seed="4,1,2,1,1,80" ten="271,252,237,220" oya="0" hai0="111,131,44,35,13,81,116,36,14,51,109,21,66" hai1="63,128,123,84,22,86,89,108,2,64,91,30,39" hai2="24,15,28,83,41,87,12,72,110,130,5,104,122" hai3="57,25,118,98,48,46,19,17,62,82,16,18,0"/><T76/><D35/><U59/><E2/><V126/><F72/><W121/><G0/><T125/><D116/><U61/><E108/><N who="0" m="41545" /><D36/><U106/><E123/><V69/><F69/><W40/><G118/><T99/><D125/><U67/><E106/><V85/><F104/><W10/><G121/><T1/><D1/><U4/><E39/><V113/><F110/><W93/><G82/><T127/><D127/><U56/><E128/><V129/><F122/><W112/><G112/><T9/><D131/><N who="2" m="50186" /><F126/><W90/><G10/><T27/><D66/><U75/><E75/><V124/><F124/><W11/><G11/><T101/><D9/><U7/><E22/><N who="2" m="15383" /><F113/><W31/><G31/><AGARI ba="1,2" hai="4,7,30,31,56,59,61,63,64,67,84,86,89,91" machi="31" ten="25,8000,1" yaku="22,2,8,1,52,2" doraHai="80" who="1" fromWho="3" sc="271,0,252,103,237,0,220,-83" /><INIT seed="5,0,0,0,3,67" ten="271,355,237,137" oya="1" hai0="92,119,115,130,54,84,77,59,11,37,5,41,14" hai1="8,118,48,90,107,96,9,65,61,66,81,110,34" hai2="16,22,25,17,26,91,7,49,18,87,53,0,30" hai3="103,98,76,55,116,80,56,131,71,27,39,135,88"/><U60/><E34/><V117/><F117/><W50/><G135/><T114/><D119/><U23/><E118/><V133/><F133/><W74/><G116/><T12/><D12/><U42/><E110/><V93/><F0/><W10/><G131/><T86/><D130/><U121/><E121/><V1/><F1/><W127/><G127/><T100/><D41/><U44/><E107/><V99/><F7/><W113/><G39/><T69/><D69/><U58/><E23/><V123/><F123/><W51/><G113/><N who="0" m="43019" /><D37/><U64/><E64/><V111/><F111/><W2/><G27/><T45/><D45/><U13/><E13/><V94/><F26/><W134/><G134/><T102/><D77/><U46/><E46/><V31/><F31/><W4/><G51/><N who="0" m="31199" /><D92/><U6/><E6/><V28/><F28/><W19/><G19/><T105/><D105/><U52/><E65/><V128/><F128/><W73/><G73/><T70/><D70/><U38/><E61/><V101/><F30/><W3/><G3/><T29/><D29/><U63/><E60/><V83/><F93/><W124/><G124/><T24/><D24/><U120/><E120/><V126/><F126/><W82/><G82/><T85/><AGARI ba="0,0" hai="5,11,14,84,85,86,100,102" m="31199,43019" machi="85" ten="30,1100,0" yaku="15,1" doraHai="67" who="0" fromWho="0" sc="271,11,355,-5,237,-3,137,-3" /><INIT seed="6,0,0,2,0,121" ten="282,350,234,134" oya="2" hai0="129,89,132,25,98,67,33,57,44,130,91,97,106" hai1="76,51,126,6,134,38,46,34,29,18,15,93,23" hai2="17,14,115,55,120,58,8,84,73,30,9,26,82" hai3="16,40,75,102,52,47,135,42,20,1,19,27,123"/><V95/><F120/><W124/><G75/><T45/><D132/><U107/><E107/><V65/><F115/><W110/><G123/><T32/><D67/><U41/><E126/><V81/><F65/><W62/><G124/><T83/><D57/><U22/><E134/><V64/><F64/><W36/><G135/><T104/><D25/><U50/><E6/><V28/><F73/><W113/><G1/><T3/><D83/><U68/><E68/><V103/><F9/><W63/><G102/><T49/><D49/><U117/><E117/><V78/><F81/><W94/><G94/><T128/><D128/><U5/><E5/><V131/><F131/><W88/><G113/><T0/><AGARI ba="0,0" hai="0,3,32,33,44,45,89,91,97,98,104,106,129,130" machi="0" ten="25,3200,0" yaku="0,1,22,2" doraHai="121" who="0" fromWho="0" sc="282,32,350,-8,234,-16,134,-8" /><INIT seed="7,0,0,2,2,66" ten="314,342,218,126" oya="3" hai0="32,13,76,34,77,55,105,10,72,98,121,41,120" hai1="31,119,26,101,44,95,108,106,6,135,102,129,89" hai2="1,43,28,103,82,39,91,7,22,114,99,59,47" hai3="0,92,75,73,107,52,54,85,118,42,122,40,80"/><W61/><G107/><T100/><D41/><U18/><E108/><V128/><F128/><W17/><G0/><T83/><D76/><U3/><E106/><V117/><F117/><W21/><G118/><T123/><REACH who="0" step="1"/><D55/><REACH who="0" ten="304,342,218,126" step="2"/><N who="3" m="21033" /><G122/><T96/><D96/><U127/><E119/><V29/><F1/><W57/><G75/><T27/><D27/><U51/><E129/><V53/><F43/><W25/><G73/><T67/><D67/><U130/><E130/><V45/><F39/><W112/><G112/><T50/><D50/><U134/><E134/><V94/><F114/><W36/><G36/><T20/><D20/><U125/><E135/><V116/><F116/><W46/><G46/><T78/><D78/><U56/><E51/><V70/><F47/><W84/><G92/><T33/><D33/><U63/><E44/><V35/><F35/><W16/><G17/><AGARI ba="0,1" hai="10,13,17,32,34,72,77,83,98,100,105,120,121,123" machi="17" ten="40,2600,0" yaku="1,1,53,1" doraHai="66" doraHaiUra="93" who="0" fromWho="3" sc="304,36,342,0,218,0,126,-26" owari="340,14.0,342,44.0,218,-18.0,100,-40.0" /></mjloggm>