<mjloggm ver="2.3"><GO type="169" lobby="0"/><UN n0="%E3%82%A6%E3%83%AB%E3%83%88%E3%83%A9%E7%AB%8B%E7%9B%B4" n1="%E9%81%A5%E3%83%9E%E3%83%BC%E3%82%AC%E3%83%AC%E3%83%83%E3%83%88" n2="%E9%81%8A%E8%B5%B0" n3="%74%61%6E%61%4B%61" dan="17,16,17,16" rate="2182.65,2058.99,2132.65,2155.46" sx="M,F,F,M"/><TAIKYOKU oya="0"/><INIT seed="0,0,0,5,2,111" ten="250,250,250,250" oya="0" hai0="48,59,55,90,106,120,74,18,32,93,72,134,82" hai1="62,75,0,131,26,124,34,42,91,116,5,40,100" hai2="64,128,112,133,135,81,61,8,17,97,23,113,25" hai3="46,84,102,9,36,43,126,80,79,101,78,105,119"/><T98/><D32/><U108/><E116/><V56/><F128/><W118/><G126/><T71/><D71/><U22/><E108/><V104/><F81/><W50/><G78/><T66/><D120/><U57/><E34/><V68/><F68/><W33/><G33/><T122/><D122/><U38/><E75/><V49/><F49/><W69/><G69/><T58/><D134/><N who="2" m="51210" /><F8/><W132/><G132/><T13/><D106/><U83/><E100/><AGARI ba="0,0" hai="17,23,25,56,61,64,97,100,104,112,113" m="51210" machi="100" ten="30,3900,0" yaku="20,1,52,2" doraHai="111" who="2" fromWho="1" sc="250,0,250,-39,250,39,250,0" /><INIT seed="1,0,0,2,5,133" ten="250,211,289,250" oya="1" hai0="52,33,58,36,57,17,11,42,83,80,30,32,93" hai1="73,105,51,6,66,129,16,90,60,104,9,114,110" hai2="54,124,56,120,81,18,106,112,100,69,70,130,103" hai3="91,62,102,0,31,84,99,37,116,74,128,108,117"/><U65/><E114/><V3/><F120/><W47/><G74/><T68/><D68/><U118/><E118/><N who="3" m="45674" /><G0/><T134/><D134/><U67/><E73/><V49/><F112/><W38/><G108/><T15/><D42/><U41/><E60/><V75/><F130/><W1/><G1/><T61/><D36/><U25/><E129/><V34/><F34/><W135/><G135/><T92/><D33/><U88/><E110/><V4/><F124/><W119/><G119/><T55/><D30/><U46/><E104/><V44/><F18/><W22/><G62/><T78/><D32/><U86/><E105/><V27/><F27/><N who="3" m="16887" /><G47/><T85/><REACH who="0" step="1"/><D80/><REACH who="0" ten="240,211,289,250" step="2"/><N who="1" m="49223" /><E90/><V115/><F81/><N who="3" m="49551" /><G128/><T72/><D72/><U89/><E89/><V14/><F75/><W19/><G38/><T71/><D71/><U101/><E101/><V29/><F70/><W10/><G37/><T20/><D20/><N who="1" m="13447" /><E6/><V21/><F69/><W122/><G122/><T76/><D76/><U111/><E111/><V12/><F4/><W77/><G77/><T107/><D107/><U131/><E131/><V98/><F103/><W95/><G10/><AGARI ba="0,1" hai="9,10,41,46,51,65,66,67" m="13447,49223" machi="10" ten="30,5800,0" yaku="8,1,54,2" doraHai="133" who="1" fromWho="3" sc="240,0,211,68,289,0,250,-58" /><INIT seed="1,1,0,5,1,115" ten="240,279,289,192" oya="1" hai0="89,73,97,61,32,0,62,53,116,131,133,130,25" hai1="129,120,86,74,110,14,3,76,127,113,51,124,39" hai2="33,63,100,80,90,99,96,42,1,12,16,11,10" hai3="92,57,79,114,37,111,65,105,95,71,66,102,28"/><U17/><E113/><V24/><F42/><W36/><G114/><T5/><D73/><U52/><E120/><V20/><F63/><W43/><G71/><T46/><D5/><U8/><E39/><V26/><F1/><W55/><G111/><T75/><D0/><U121/><E121/><V13/><F33/><W107/><G79/><T49/><D75/><U18/><E3/><V112/><F112/><W109/><G109/><T94/><D133/><U126/><E110/><V104/><F20/><W101/><G43/><T69/><D69/><U2/><E2/><V108/><F108/><W31/><G57/><T60/><D116/><U72/><E129/><N who="0" m="49161" /><D25/><U34/><E34/><AGARI ba="1,0" hai="32,34,46,49,53,60,61,62,89,94,97" m="49161" machi="34" ten="30,1000,0" yaku="19,1" doraHai="115" who="0" fromWho="1" sc="240,13,279,-13,289,0,192,0" /><INIT seed="2,0,0,0,2,55" ten="253,266,289,192" oya="2" hai0="11,127,92,34,103,41,44,84,117,28,69,126,90" hai1="89,124,45,91,25,95,33,76,26,111,131,78,64" hai2="104,59,32,47,86,109,97,94,66,87,5,3,81" hai3="116,119,72,75,67,74,10,82,130,0,102,38,125"/><V49/><F32/><W6/><G125/><N who="0" m="47627" /><D69/><U53/><E124/><V52/><F104/><W118/><G130/><T36/><D117/><U43/><E64/><V50/><F109/><W70/><G102/><T68/><D68/><U9/><E33/><V115/><F115/><W22/><G22/><T101/><D11/><U13/><E91/><N who="2" m="55519" /><F3/><W39/><REACH who="3" step="1"/><G82/><REACH who="3" ten="253,266,289,182" step="2"/><T60/><D103/><U48/><E131/><V4/><F81/><W108/><G108/><T31/><D101/><U51/><E111/><V96/><F96/><W107/><G107/><T79/><D34/><U98/><E98/><V46/><F87/><W54/><G54/><T113/><D113/><U62/><E53/><N who="2" m="29919" /><F86/><W16/><G16/><T61/><D28/><U18/><E18/><V12/><F5/><W105/><G105/><T129/><D31/><U85/><E85/><V106/><F106/><W56/><G56/><T114/><D114/><U23/><E23/><V123/><F123/><W93/><G93/><T58/><D129/><U121/><E95/><V83/><F83/><W21/><G21/><T29/><D29/><U20/><E20/><V63/><F4/><W100/><G100/><T122/><D92/><U132/><E121/><V14/><AGARI ba="0,1" hai="12,14,46,49,52,59,63,66" m="29919,55519" machi="14" ten="30,6000,0" yaku="8,1,52,1,54,1" doraHai="55" who="2" fromWho="2" sc="253,-20,266,-20,289,70,182,-20" /><INIT seed="2,1,0,3,5,44" ten="233,246,359,162" oya="2" hai0="88,73,56,3,132,110,41,30,87,55,14,23,123" hai1="8,106,33,46,7,97,109,128,1,119,72,80,104" hai2="108,90,76,42,37,99,2,122,133,21,0,57,17" hai3="77,100,135,22,98,51,39,45,63,71,86,131,107"/><V89/><F122/><W118/><G118/><T9/><D73/><U16/><E119/><V103/><F133/><W74/><G135/><T94/><D132/><U13/><E33/><V27/><F76/><W12/><G39/><T28/><D123/><U48/><E109/><V95/><F108/><W92/><G131/><T60/><D110/><U120/><E128/><V65/><F37/><W15/><G71/><T105/><D105/><U93/><E80/><V20/><F42/><W47/><G63/><T10/><D41/><U129/><E72/><V6/><F6/><W85/><G45/><T130/><D130/><U127/><E127/><V31/><F2/><W126/><G126/><T52/><D55/><U5/><E129/><V68/><F68/><W35/><G35/><T102/><D102/><U38/><E38/><V25/><F0/><W32/><G32/><T34/><D34/><U54/><E120/><V36/><F36/><W124/><G124/><T117/><D117/><U18/><E7/><V125/><F125/><W4/><G4/><T24/><D3/><U19/><REACH who="1" step="1"/><E1/><REACH who="1" ten="233,236,359,162" step="2"/><V81/><F81/><W64/><G74/><T134/><D134/><U91/><AGARI ba="1,1" hai="5,8,13,16,18,19,46,48,54,91,93,97,104,106" machi="91" ten="30,12000,2" yaku="1,1,2,1,0,1,52,1,54,1,53,2" doraHai="44" doraHaiUra="101" who="1" fromWho="1" sc="233,-31,236,133,359,-61,162,-31" /><INIT seed="3,0,0,1,4,134" ten="202,369,298,131" oya="3" hai0="9,130,63,16,21,59,83,56,55,120,100,119,82" hai1="38,78,49,33,10,117,133,72,116,37,28,135,86" hai2="51,76,61,66,3,50,84,90,19,60,122,31,14" hai3="30,95,131,103,11,125,114,44,41,36,20,101,52"/><W112/><G131/><T17/><D120/><U39/><E72/><V68/><F122/><W2/><G125/><T53/><D119/><N who="1" m="45643" /><E33/><V98/><F3/><W121/><G121/><T75/><D130/><U26/><E26/><V5/><F5/><W74/><G74/><T23/><D75/><U87/><E28/><V108/><F108/><W94/><G30/><T127/><D100/><U89/><E49/><V22/><F76/><W79/><G79/><T48/><D9/><U15/><E78/><V110/><F110/><W93/><G20/><T54/><D54/><U77/><E77/><V13/><F98/><W106/><G52/><T58/><D58/><U92/><E87/><V88/><F90/><W64/><G64/><T91/><D91/><U132/><E39/><V47/><F31/><W46/><G46/><T85/><D85/><U67/><E67/><V111/><F111/><W18/><G106/><T29/><D29/><U70/><E70/><V81/><F61/><W43/><G43/><T0/><D0/><U34/><E34/><V6/><REACH who="2" step="1"/><F47/><REACH who="2" ten="202,369,288,131" step="2"/><W73/><G73/><T102/><D63/><U35/><E35/><V80/><F80/><W123/><G123/><T99/><D99/><U128/><E128/><V71/><F71/><W124/><G2/><T69/><D69/><U42/><E135/><V107/><F107/><W25/><G112/><T7/><D83/><U129/><E133/><V96/><F96/><W62/><G114/><T45/><D82/><U1/><E132/><V24/><F24/><W118/><G25/><T105/><D45/><N who="1" m="23759" /><E129/><V65/><F65/><RYUUKYOKU ba="0,1" sc="202,-10,369,-10,288,30,131,-10" hai2="6,13,14,19,22,50,51,60,66,68,81,84,88" /><INIT seed="4,1,1,1,4,28" ten="192,359,318,121" oya="0" hai0="48,44,107,45,23,55,41,98,119,74,39,35,37" hai1="27,0,92,13,99,40,82,94,9,97,106,100,49" hai2="114,131,104,111,124,21,75,88,54,121,130,53,90" hai3="38,5,72,80,56,86,127,29,73,64,135,14,133"/><T11/><D74/><U24/><E0/><V96/><F121/><W116/><G38/><T10/><D119/><U109/><E82/><V60/><F111/><W67/><G116/><T7/><D35/><U3/><E3/><V132/><F75/><N who="3" m="28747" /><G29/><T52/><D37/><U91/><E106/><V79/><F79/><N who="3" m="46367" /><G56/><T6/><D23/><U19/><E109/><V105/><F124/><W31/><G31/><T22/><D22/><U68/><E68/><V36/><F36/><W103/><G103/><T81/><D81/><U50/><E40/><V85/><F21/><W15/><G127/><T18/><D55/><U123/><E123/><V30/><F30/><W8/><G15/><T46/><D46/><U66/><E66/><V4/><F60/><W59/><G59/><T102/><REACH who="0" step="1"/><D18/><REACH who="0" ten="182,359,318,121" step="2"/><U113/><E19/><V93/><F54/><W129/><G129/><T65/><D65/><U1/><E9/><AGARI ba="1,2" hai="6,7,9,10,11,39,41,44,45,48,52,98,102,107" machi="9" ten="40,3900,0" yaku="1,1,54,1,53,0" doraHai="28" doraHaiUra="58" who="0" fromWho="1" sc="182,62,359,-42,318,0,121,0" /><INIT seed="4,2,0,4,3,80" ten="244,317,318,121" oya="0" hai0="123,113,14,109,11,27,116,81,56,66,132,98,112" hai1="103,23,85,34,117,95,126,52,25,28,47,5,87" hai2="29,122,18,71,92,17,50,73,62,48,54,121,39" hai3="63,51,58,10,130,124,135,115,99,41,91,7,12"/><T32/><D123/><U55/><E117/><V40/><F73/><W65/><G115/><N who="0" m="44107" /><D116/><U111/><E111/><V131/><F131/><W97/><G130/><T22/><D32/><U44/><E34/><V33/><F33/><W101/><G124/><T8/><D8/><U125/><E5/><V83/><F29/><W64/><G135/><T24/><D24/><U129/><E129/><V46/><F83/><W79/><G79/><T60/><D132/><U105/><E105/><V68/><F92/><W45/><G91/><T102/><D81/><U93/><E125/><V67/><F17/><W1/><G1/><T70/><D70/><U134/><E126/><V78/><F18/><W74/><G74/><T76/><D76/><U20/><E134/><V82/><F82/><W90/><G90/><T38/><D38/><U114/><E114/><V49/><F78/><W3/><G3/><T30/><D109/><U127/><E127/><V94/><F94/><N who="1" m="35849" /><E23/><V89/><F89/><W53/><REACH who="3" step="1"/><G101/><REACH who="3" ten="244,317,318,111" step="2"/><T100/><D98/><AGARI ba="2,1" hai="7,10,12,41,45,51,53,58,63,64,65,97,98,99" machi="98" ten="40,5200,0" yaku="1,1,2,1,8,1,53,0" doraHai="80" doraHaiUra="35" who="3" fromWho="0" sc="244,-58,317,0,318,0,111,68" /><INIT seed="5,0,0,4,3,72" ten="186,317,318,179" oya="1" hai0="53,17,49,91,130,22,132,33,105,19,58,114,123" hai1="90,44,15,125,95,65,59,103,1,129,56,63,41" hai2="46,89,124,107,117,127,77,111,112,60,106,101,108" hai3="16,47,133,126,80,94,135,96,38,21,11,66,18"/><U82/><E1/><V43/><F117/><W78/><G66/><T4/><D105/><U48/><E129/><V118/><F118/><W10/><G38/><T30/><D33/><U73/><E125/><N who="2" m="48203" /><F112/><W0/><G47/><T64/><D114/><U20/><E73/><V67/><F89/><N who="3" m="55375" /><G126/><T74/><D130/><U69/><E103/><V62/><F77/><W100/><G100/><T86/><D74/><U79/><E82/><V26/><F26/><N who="3" m="14631" /><G18/><T81/><D132/><N who="3" m="50761" /><G0/><T45/><D123/><U2/><E2/><V36/><F101/><W121/><G121/><T71/><D71/><U87/><E69/><N who="2" m="42215" /><F106/><W37/><G37/><T25/><D4/><U32/><E56/><V113/><F107/><W88/><G88/><T7/><D7/><U104/><E104/><V84/><F113/><W31/><G31/><T92/><D92/><U99/><E32/><V29/><F84/><AGARI ba="0,0" hai="10,11,78,80,84" m="50761,14631,55375" machi="84" ten="30,3900,0" yaku="20,1,52,1,54,1" doraHai="72" who="3" fromWho="2" sc="186,0,317,0,318,-39,179,39" /><INIT seed="6,0,0,4,4,106" ten="186,317,279,218" oya="2" hai0="98,16,113,119,28,37,70,35,84,135,41,129,97" hai1="15,109,2,52,77,112,133,80,60,134,81,31,132" hai2="111,51,36,34,11,9,121,108,44,6,66,33,46" hai3="14,125,100,10,32,127,71,85,55,24,102,96,64"/><V3/><F121/><W21/><G85/><T58/><D70/><U94/><E2/><V67/><F36/><W72/><G32/><T79/><D119/><U83/><E109/><N who="2" m="42059" /><F11/><W17/><G55/><T69/><D69/><U75/><E112/><V40/><F44/><W126/><G64/><AGARI ba="0,0" hai="3,6,9,33,34,40,46,51,64,66,67" m="42059" machi="64" ten="30,1500,0" yaku="10,1" doraHai="106" who="2" fromWho="3" sc="186,0,317,0,279,15,218,-15" /><INIT seed="6,1,0,0,0,7" ten="186,317,294,203" oya="2" hai0="71,108,43,94,31,75,81,102,6,3,121,93,56" hai1="12,37,52,86,49,2,106,105,130,78,98,109,23" hai2="74,34,25,82,135,36,63,91,70,48,57,62,119" hai3="29,64,22,26,60,80,116,61,68,27,42,104,131"/><V44/><F119/><W58/><G116/><T66/><D121/><U54/><E37/><V123/><F123/><W101/><G131/><T127/><D108/><U18/><E2/><V129/><F129/><W47/><G80/><T103/><D127/><U20/><E109/><V33/><F135/><W69/><G104/><T115/><D71/><U50/><E98/><V53/><F25/><W45/><G101/><T113/><D31/><U111/><E111/><V133/><F133/><W41/><G22/><T13/><D3/><U96/><E96/><V112/><F112/><N who="0" m="43082" /><D43/><U90/><E78/><V35/><F70/><W132/><G29/><T32/><D32/><U118/><E118/><V46/><F46/><N who="3" m="17419" /><G26/><T11/><D81/><N who="1" m="49487" /><E105/><V0/><F0/><W134/><G27/><T38/><D38/><U28/><E106/><V100/><F100/><N who="0" m="38442" /><D75/><U17/><E28/><V117/><F117/><W72/><G72/><T19/><D19/><N who="1" m="7179" /><E12/><V87/><F74/><W9/><G69/><T126/><D126/><U92/><E92/><V24/><F24/><W1/><G134/><T122/><D122/><U4/><E130/><V21/><F36/><W110/><G110/><T114/><N who="0" m="43090" /><T89/><DORA hai="73" /><D89/><U107/><E107/><V120/><F120/><W16/><G1/><T55/><D66/><U67/><E67/><V88/><F35/><W15/><G132/><T65/><D65/><U59/><E4/><V84/><F34/><W79/><G79/><T76/><D76/><U128/><E128/><V85/><F33/><W77/><G77/><T8/><D8/><U5/><E5/><RYUUKYOKU ba="1,0" sc="186,10,317,10,294,-30,203,10" hai0="6,11,13,55,56,93,94" hai1="20,23,49,50,52,54,59" hai3="9,15,16,41,42,58,60,61,64,68" /><INIT seed="7,2,0,1,1,129" ten="196,327,264,213" oya="3" hai0="50,106,36,70,108,45,98,112,33,123,24,51,46" hai1="130,0,58,131,23,124,104,97,21,75,99,105,100" hai2="38,16,35,133,11,118,9,18,89,22,103,17,74" hai3="84,76,107,114,56,109,43,32,127,95,69,59,93"/><W110/><G107/><T78/><D33/><U72/><E58/><N who="3" m="22058" /><G32/><T87/><D70/><U92/><E92/><N who="3" m="35402" /><G69/><T3/><D3/><U94/><E94/><V4/><F35/><W60/><G114/><T26/><D112/><U113/><E113/><V5/><F74/><W49/><G127/><T81/><D36/><U12/><E0/><V83/><F38/><W28/><G28/><T13/><D123/><U44/><E124/><V19/><F103/><W34/><G34/><T116/><D116/><U111/><E100/><V96/><F118/><W101/><G101/><T8/><D106/><U10/><E105/><V86/><F133/><W122/><G122/><T73/><D98/><U115/><E99/><V41/><F96/><W54/><G43/><T31/><D73/><U64/><E75/><V29/><F41/><W61/><G110/><T37/><D37/><U71/><E72/><V67/><F67/><W55/><G109/><T65/><D65/><U120/><E64/><V48/><F48/><W135/><G135/><T88/><D108/><U7/><E104/><V77/><F29/><W53/><G49/><N who="0" m="18443" /><D31/><U39/><E97/><V90/><F11/><W42/><G42/><T126/><D126/><U20/><E111/><V27/><REACH who="2" step="1"/><F9/><REACH who="2" ten="196,327,254,213" step="2"/><W82/><AGARI ba="2,1" hai="53,54,55,60,61,76,82,84" m="35402,22058" machi="82" ten="40,2100,0" yaku="8,1" doraHai="129" who="3" fromWho="3" sc="196,-9,327,-9,254,-9,213,37" /><INIT seed="7,3,0,2,2,13" ten="187,318,245,250" oya="3" hai0="36,62,99,81,97,83,24,76,68,26,85,110,19" hai1="87,71,132,92,80,106,105,47,129,114,90,107,51" hai2="77,70,41,117,93,10,40,11,57,63,3,43,133" hai3="39,73,134,127,67,121,103,119,21,66,25,96,116"/><W61/><G121/><T111/><D36/><U20/><E71/><V32/><F117/><W101/><G73/><T44/><D44/><U124/><E114/><V18/><F70/><W115/><G115/><T53/><D68/><U125/><E132/><V120/><F32/><W48/><G134/><T94/><D62/><U102/><E20/><V37/><F133/><W52/><G39/><T55/><D94/><U89/><E102/><V23/><F120/><W42/><G127/><N who="1" m="48714" /><E129/><V65/><F37/><W100/><G42/><T38/><D38/><U98/><E107/><V16/><F3/><W4/><G4/><T12/><D12/><U50/><E50/><V29/><F77/><W9/><G9/><N who="2" m="3081" /><F93/><N who="3" m="58383" /><G116/><T104/><D104/><U72/><E72/><V112/><F112/><W46/><G119/><T35/><D76/><U22/><E106/><V82/><F82/><W74/><G74/><T15/><D15/><U109/><E105/><V8/><F8/><W60/><G103/><T79/><D79/><U14/><E80/><V31/><F23/><W78/><G101/><T34/><D85/><U123/><E22/><V1/><F1/><W84/><G84/><T64/><D64/><N who="3" m="24617" /><G78/><T0/><D0/><U28/><E87/><V54/><F65/><W88/><G88/><T59/><D59/><U126/><E126/><V58/><F58/><W118/><G118/><T131/><D131/><U128/><E128/><V135/><F135/><W69/><G69/><T2/><D2/><U5/><E123/><V91/><F91/><W27/><G27/><T113/><D113/><U33/><E90/><RYUUKYOKU ba="3,0" sc="187,10,318,-30,245,10,250,10" hai0="19,24,26,34,35,53,55,81,83,97,99,110,111" hai2="16,18,29,31,40,41,43,54,57,63" hai3="21,25,46,48,52,60,61" /><INIT seed="7,4,0,0,2,42" ten="197,288,255,260" oya="3" hai0="100,118,52,30,79,127,119,102,22,25,133,58,12" hai1="64,120,62,8,40,36,63,132,19,77,31,130,107" hai2="0,94,110,116,11,67,13,134,50,29,113,111,27" hai3="85,106,99,112,51,125,18,32,23,20,93,71,56"/><W60/><G32/><T129/><D127/><U49/><E120/><V98/><F116/><W124/><G112/><T14/><D129/><U72/><E107/><V24/><F113/><W46/><G71/><T39/><D133/><U78/><E36/><V16/><F134/><W1/><G1/><T95/><D39/><U37/><E37/><V47/><F67/><N who="3" m="39303" /><G106/><T80/><D118/><U117/><E72/><V34/><F24/><W105/><G105/><T101/><D95/><U48/><E132/><V115/><F115/><W4/><G4/><T45/><D119/><U3/><E117/><V76/><F76/><N who="1" m="29289" /><E3/><V53/><F0/><W122/><G85/><T2/><D2/><U65/><E31/><V43/><F43/><N who="3" m="25055" /><G122/><T44/><D14/><N who="1" m="7623" /><E130/><V83/><F83/><W126/><G18/><T33/><D12/><U89/><E65/><V128/><F128/><W38/><G38/><T75/><REACH who="0" step="1"/><D33/><REACH who="0" ten="187,288,255,260" step="2"/><U92/><E92/><V35/><F35/><W104/><G104/><T6/><D6/><U17/><E64/><V55/><F94/><W5/><G5/><T97/><D97/><U15/><E15/><V59/><F98/><W114/><G114/><T109/><D109/><U82/><E82/><V28/><F28/><W73/><G73/><T81/><D81/><U90/><E17/><V123/><F123/><W74/><G74/><T84/><D84/><U9/><E9/><V54/><F111/><W10/><G10/><T57/><D57/><U86/><E86/><V61/><F110/><W70/><G70/><T26/><D26/><U88/><E40/><N who="2" m="24935" /><F59/><W7/><G7/><RYUUKYOKU ba="4,1" sc="187,0,288,0,255,0,260,0" hai0="22,25,30,44,45,52,58,75,79,80,100,101,102" hai1="48,49,62,63,88,89,90" hai2="11,13,16,27,29,34,53,54,55,61" hai3="20,23,93,99,124,125,126" /><INIT seed="7,5,1,1,3,18" ten="187,288,255,260" oya="3" hai0="131,38,40,43,37,32,134,77,90,114,91,11,63" hai1="24,22,15,31,56,76,87,126,44,119,28,118,120" hai2="95,129,39,66,50,51,45,79,42,97,115,49,41" hai3="3,81,128,130,47,68,111,2,12,82,113,25,8"/><W5/><G113/><T74/><D32/><U86/><E120/><V35/><F35/><W125/><G125/><T1/><D114/><U96/><E126/><V93/><F115/><W27/><G68/><T60/><D77/><U4/><E96/><V110/><F110/><W34/><G47/><T121/><D74/><U69/><E69/><V103/><F129/><N who="3" m="49771" /><G111/><T36/><D131/><U80/><E56/><V30/><F30/><N who="3" m="19791" /><G27/><T116/><D121/><U83/><E31/><V61/><F79/><W58/><G58/><T65/><D116/><N who="1" m="44587" /><E44/><V98/><F42/><W46/><G46/><T19/><D134/><U26/><E26/><V89/><REACH who="2" step="1"/><F39/><REACH who="2" ten="187,288,245,260" step="2"/><W23/><G2/><T70/><D40/><U73/><E80/><V21/><F21/><W135/><G135/><T0/><D43/><U17/><E4/><V54/><F54/><W7/><G7/><T10/><D38/><U117/><E117/><V67/><F67/><W112/><G112/><T99/><D65/><U53/><E53/><V85/><F85/><W109/><G109/><T104/><D19/><AGARI ba="5,2" hai="3,5,8,12,19,23,81,82" m="19791,49771" machi="19" ten="30,5800,0" yaku="24,1,19,1,52,1" doraHai="18" who="3" fromWho="0" sc="187,-73,288,0,245,0,260,93" owari="114,-39.0,288,9.0,245,-15.0,353,45.0" /></mjloggm>