<mjloggm ver="2.3"><GO type="41" lobby="0"/><UN n0="%E3%83%81%E3%82%AD%E3%83%B3%EF%BC%92" n1="%E3%81%AA%E3%81%99%E3%81%B3%EF%BC%94" n2="%73%69%6D%6F" n3="%E5%B0%B1%E6%B4%BB%E7%94%9F%40%E5%B7%9D%E6%9D%91%E8%BB%8D%E5%9B%A3" dan="14,15,14,15" rate="1957.05,1999.30,1984.06,1977.67" sx="M,M,M,M"/><TAIKYOKU oya="0"/><INIT seed="0,0,0,3,5,60" ten="250,250,250,250" oya="0" hai0="43,80,105,96,33,40,18,8,73,119,3,128,69" hai1="23,47,26,103,12,58,92,67,59,63,17,114,19" hai2="16,78,86,85,121,130,37,124,13,0,88,84,31" hai3="129,24,70,125,28,30,90,91,127,6,25,132,54"/><T56/><D119/><U94/><E114/><V117/><F37/><W110/><G70/><T77/><D69/><U10/><E103/><V50/><F0/><W55/><G6/><T36/><D33/><U115/><E115/><V48/><F78/><W62/><G62/><T22/><D128/><U99/><E99/><V46/><F31/><W32/><G129/><T27/><D56/><U65/><E47/><V64/><F64/><N who="1" m="24649" /><E58/><V133/><F133/><W15/><G15/><T82/><D82/><U52/><AGARI ba="0,0" hai="10,12,17,19,23,26,52,59,63,92,94" m="24649" machi="52" ten="30,8000,1" yaku="8,1,52,3,54,1" doraHai="60" who="1" fromWho="1" sc="250,-40,250,80,250,-20,250,-20" /><INIT seed="1,0,0,2,5,128" ten="210,330,230,230" oya="1" hai0="66,17,21,0,91,118,104,80,86,73,107,22,121" hai1="119,93,56,7,88,98,16,101,34,40,57,43,89" hai2="76,52,50,133,4,64,53,111,83,70,14,113,67" hai3="72,127,134,15,94,116,105,99,13,130,135,47,11"/><U58/><E34/><V45/><F111/><W62/><G105/><T59/><D121/><U120/><E7/><V102/><F102/><W87/><G72/><T79/><D118/><U74/><E74/><V77/><F133/><N who="3" m="50699" /><G130/><T48/><D0/><U65/><E65/><V60/><F67/><W5/><G116/><T81/><D22/><U95/><E119/><V29/><F29/><W61/><G127/><T109/><D109/><U27/><E120/><V23/><F113/><W9/><G87/><T82/><D82/><U35/><E35/><V19/><F4/><N who="3" m="3239" /><G47/><T26/><REACH who="0" step="1"/><D48/><REACH who="0" ten="200,330,230,230" step="2"/><U54/><E54/><V51/><REACH who="2" step="1"/><F83/><REACH who="2" ten="200,330,220,230" step="2"/><W37/><G37/><T2/><D2/><U36/><E36/><V78/><F78/><W39/><G39/><T1/><D1/><U38/><E38/><V30/><F30/><W110/><G110/><T84/><D84/><N who="1" m="52359" /><E101/><AGARI ba="0,2" hai="5,11,15,61,62,94,99,101" m="3239,50699" machi="101" ten="30,7700,0" yaku="20,1,52,3" doraHai="128" who="3" fromWho="1" sc="200,0,330,-77,220,0,230,97" /><INIT seed="2,0,0,3,0,120" ten="200,253,220,327" oya="2" hai0="113,131,125,99,31,69,32,51,96,29,3,121,49" hai1="2,108,124,17,4,66,43,41,24,42,117,67,72" hai2="38,110,71,25,44,19,129,18,23,91,48,36,10" hai3="13,78,106,7,0,118,37,73,20,47,14,103,53"/><V62/><F129/><W35/><G118/><T81/><D121/><U55/><E117/><V84/><F71/><W76/><G35/><T93/><D69/><U77/><E124/><V70/><F70/><W6/><G106/><T87/><D125/><U115/><E115/><V74/><F74/><W102/><G0/><T134/><D113/><U133/><E133/><V98/><F98/><W82/><G37/><T56/><D134/><U75/><E2/><V112/><F62/><W11/><G76/><T59/><D3/><U28/><E4/><V104/><F104/><W126/><G126/><T107/><D107/><U130/><E130/><V58/><F58/><N who="0" m="22058" /><D32/><U57/><E17/><V12/><F112/><W80/><G80/><T5/><D5/><U111/><E77/><V1/><F1/><W114/><G114/><T68/><D68/><U16/><E16/><V60/><F60/><W101/><G20/><T9/><D9/><U90/><E90/><V105/><F105/><W46/><G53/><T95/><D131/><U88/><E88/><V63/><F63/><W54/><G54/><T65/><D65/><N who="1" m="24587" /><E55/><V79/><F79/><W119/><G119/><T22/><D22/><N who="1" m="15383" /><E57/><V100/><F100/><W89/><G89/><T8/><D8/><AGARI ba="0,0" hai="6,7,8,11,13,14,46,47,73,78,82,101,102,103" machi="8" ten="40,1300,0" yaku="9,1" doraHai="120" who="3" fromWho="0" sc="200,-13,253,0,220,0,327,13" /><INIT seed="3,0,0,2,4,126" ten="187,253,220,340" oya="3" hai0="47,66,134,90,18,93,76,5,4,124,87,16,98" hai1="78,37,14,12,101,22,13,11,8,7,15,33,17" hai2="63,86,68,60,31,69,73,133,48,45,131,36,0" hai3="51,28,10,77,120,67,64,83,49,121,70,107,112"/><W71/><G107/><T54/><D124/><U1/><E37/><V89/><F73/><W130/><G28/><T57/><D134/><U30/><E78/><V32/><F0/><W65/><G10/><T62/><D76/><U61/><E61/><V55/><F32/><W122/><G112/><T58/><D47/><U109/><E101/><V119/><F31/><W72/><REACH who="3" step="1"/><G130/><REACH who="3" ten="187,253,220,330" step="2"/><T46/><D46/><U81/><E109/><V99/><F131/><W110/><G110/><T21/><D18/><N who="1" m="8455" /><E81/><V41/><F99/><W23/><G23/><T42/><D98/><U19/><E17/><V56/><F89/><W52/><G52/><T97/><D42/><U82/><E82/><V35/><F86/><W125/><G125/><T84/><D84/><U59/><E59/><N who="2" m="33255" /><F35/><W105/><G105/><T44/><D44/><U127/><E127/><V9/><F9/><W88/><G88/><T29/><D29/><U111/><E111/><V39/><F39/><W34/><G34/><T123/><D123/><U113/><E113/><V104/><F104/><W38/><G38/><T96/><D96/><U115/><E115/><V116/><F63/><W95/><G95/><T103/><D103/><U26/><AGARI ba="0,1" hai="1,7,11,13,14,15,19,22,26,30,33" m="8455" machi="26" ten="30,12000,2" yaku="24,1,35,5" doraHai="126" who="1" fromWho="1" sc="187,-30,253,130,220,-30,330,-60" /><INIT seed="4,0,0,0,5,45" ten="157,383,190,270" oya="0" hai0="72,24,50,71,123,104,128,38,130,29,42,96,115" hai1="77,58,44,11,36,76,65,80,121,40,33,55,49" hai2="16,37,84,34,9,73,125,88,56,66,86,20,114" hai3="135,110,8,105,5,23,61,87,92,83,39,113,15"/><T62/><D123/><U74/><E121/><V120/><F37/><W111/><G105/><T112/><D72/><U90/><E33/><V26/><F73/><W64/><G39/><T122/><D122/><U35/><E35/><V14/><F120/><W7/><G113/><N who="0" m="43595" /><D38/><U30/><E30/><V47/><F125/><W118/><G135/><T93/><D104/><U68/><E11/><V78/><F34/><W75/><G118/><T10/><D10/><U106/><E106/><V100/><F100/><W95/><G5/><T89/><D71/><U6/><E6/><V4/><F78/><W131/><G131/><N who="0" m="50219" /><D62/><N who="1" m="39991" /><E76/><V43/><F56/><W82/><G75/><T1/><D1/><U124/><E90/><V91/><F66/><W18/><G110/><T2/><D2/><U126/><AGARI ba="0,0" hai="36,40,44,49,55,58,74,77,80,124,126" m="39991" machi="126" ten="30,2000,0" yaku="24,1,52,1" doraHai="45" who="1" fromWho="1" sc="157,-10,383,20,190,-5,270,-5" /><INIT seed="5,0,0,1,4,127" ten="147,403,185,265" oya="1" hai0="91,135,49,108,120,66,38,24,51,47,43,132,119" hai1="58,77,73,113,79,3,64,87,25,32,6,130,37" hai2="10,63,105,52,45,60,82,40,54,33,9,48,31" hai3="72,100,92,46,36,94,84,7,61,16,65,128,26"/><U118/><E118/><V85/><F105/><W75/><G7/><T104/><D104/><U98/><E73/><V42/><F33/><W28/><G128/><T124/><D24/><U133/><E37/><V93/><F31/><W23/><G36/><T74/><D74/><U129/><E113/><V122/><F93/><W89/><G46/><N who="0" m="23927" /><D91/><U83/><E133/><N who="0" m="51273" /><D119/><U81/><E98/><V115/><F122/><W57/><G100/><T19/><D19/><U86/><E3/><V114/><F85/><W35/><REACH who="3" step="1"/><G94/><REACH who="3" ten="147,403,185,255" step="2"/><T112/><D120/><U21/><E6/><V22/><F82/><W11/><G11/><T13/><D112/><N who="2" m="43050" /><F10/><W56/><G56/><T78/><D78/><U107/><E107/><V116/><F9/><W97/><G97/><T99/><D99/><U15/><E130/><V29/><F116/><W44/><G44/><T30/><D47/><U41/><E129/><V101/><F101/><W123/><G123/><T88/><D124/><U5/><E5/><V53/><F22/><W59/><G59/><T102/><D102/><U80/><E79/><V68/><F68/><W1/><G1/><T14/><D88/><U0/><E77/><V111/><F29/><W126/><G126/><T50/><D30/><U90/><E0/><V4/><F4/><W121/><G121/><T117/><D117/><U71/><E71/><V106/><F106/><W96/><G96/><T95/><D95/><U69/><E69/><V8/><F8/><W18/><G18/><T103/><D103/><U76/><E76/><V131/><F131/><W27/><AGARI ba="0,1" hai="16,23,26,27,28,35,57,61,65,72,75,84,89,92" machi="27" ten="20,5200,0" yaku="1,1,0,1,7,1,54,1,53,0" doraHai="127" doraHaiUra="125" who="3" fromWho="3" sc="147,-13,403,-26,185,-13,255,62" /><INIT seed="6,0,0,4,2,48" ten="134,377,172,317" oya="2" hai0="13,30,86,128,39,100,59,130,53,72,17,107,125" hai1="116,102,104,118,42,77,111,35,82,55,31,69,40" hai2="10,43,57,85,131,135,101,34,98,12,68,5,52" hai3="14,80,27,123,81,75,61,96,58,115,24,36,133"/><V90/><F68/><W95/><G36/><T94/><D72/><U63/><E111/><V33/><F135/><W25/><G123/><T83/><D39/><U28/><E42/><V70/><F70/><W3/><G3/><T18/><D30/><U110/><E40/><V88/><F43/><W105/><G105/><T44/><D44/><U47/><E110/><V51/><F131/><N who="0" m="50218" /><D107/><U73/><E31/><V87/><F90/><W99/><G133/><T120/><D120/><U78/><E78/><V22/><F87/><W106/><G106/><T4/><D4/><U74/><E74/><V129/><F22/><W38/><G38/><T97/><D125/><U67/><E47/><V119/><F119/><W7/><G75/><T117/><D13/><U46/><E46/><V60/><F129/><W89/><G99/><T76/><D117/><U124/><E124/><V29/><F29/><W62/><G62/><AGARI ba="0,0" hai="17,18,53,59,62,76,83,86,94,97,100" m="50218" machi="62" ten="30,2000,0" yaku="19,1,52,1" doraHai="48" who="0" fromWho="3" sc="134,20,377,0,172,0,317,-20" /><INIT seed="7,0,0,2,5,53" ten="154,377,172,297" oya="3" hai0="106,29,90,89,7,37,67,45,6,46,27,97,114" hai1="11,28,41,115,135,108,20,15,113,116,26,21,69" hai2="43,58,82,86,118,73,101,5,75,59,9,87,88" hai3="128,134,79,2,61,72,57,100,10,92,3,85,48"/><W131/><G134/><T66/><D114/><N who="1" m="43531" /><E108/><V8/><F43/><W14/><G48/><T52/><D37/><U68/><E135/><V56/><F101/><W60/><G60/><T83/><D106/><U36/><E116/><V129/><F129/><N who="3" m="49739" /><G72/><T55/><D29/><U94/><E94/><V70/><F70/><N who="1" m="27241" /><E41/><V54/><F54/><N who="0" m="20522" /><D27/><U65/><E65/><N who="0" m="24585" /><D97/><U102/><E102/><V121/><F121/><W130/><G130/><T91/><D83/><U107/><E107/><V24/><F118/><W98/><G61/><T23/><D23/><N who="1" m="15455" /><E36/><V44/><F24/><W81/><G57/><T96/><D96/><U112/><E112/><V1/><F44/><AGARI ba="0,0" hai="6,7,44,45,46,89,90,91" m="24585,20522" machi="44" ten="30,7700,0" yaku="28,2,8,1,54,1" doraHai="53" who="0" fromWho="2" sc="154,77,377,0,172,-77,297,0" owari="231,-17.0,377,47.0,95,-40.0,297,10.0" /></mjloggm>