<mjloggm ver="2.3"><GO type="193" lobby="0"/><UN n0="%E3%81%B2%E3%81%A7%E3%81%A8%E3%82%93" n1="%E5%B0%B1%E6%B4%BB%E7%94%9F%40%E5%B7%9D%E6%9D%91%E8%BB%8D%E5%9B%A3" n2="%E3%81%84%E3%81%8F%E3%82%84%E3%81%BE" n3="%45%38%34%5F%32%35%69" dan="14,11,11,9" rate="1826.13,1730.88,1601.23,1674.47" sx="M,M,M,F"/><TAIKYOKU oya="0"/><INIT seed="0,0,0,3,1,103" ten="250,250,250,250" oya="0" hai0="22,130,9,78,117,121,98,107,44,105,135,50,34" hai1="112,133,129,38,16,92,122,91,23,55,41,33,59" hai2="4,123,113,73,99,131,39,18,24,54,35,7,81" hai3="77,70,61,27,43,57,40,0,45,1,12,32,52"/><T83/><D117/><U14/><E33/><V115/><F39/><W71/><G77/><T106/><D34/><U60/><E122/><V116/><F131/><W118/><G118/><T63/><D121/><U82/><E112/><V76/><F116/><W42/><G12/><T66/><D9/><U46/><E129/><V120/><F54/><W3/><REACH who="3" step="1"/><G45/><REACH who="3" ten="250,250,250,240" step="2"/><T19/><D130/><U72/><E133/><V58/><F123/><W125/><G125/><T62/><D135/><U96/><E72/><V6/><F120/><W37/><G37/><T111/><D111/><U132/><E132/><V93/><F113/><W5/><G5/><T126/><D126/><U100/><E82/><V79/><F4/><W51/><G51/><T90/><D78/><U102/><AGARI ba="0,1" hai="14,16,23,38,41,46,55,59,60,91,92,96,100,102" machi="102" ten="30,2000,0" yaku="0,1,54,1" doraHai="103" who="1" fromWho="1" sc="250,-10,250,30,250,-5,240,-5" /><INIT seed="1,0,0,2,3,107" ten="240,280,245,235" oya="1" hai0="25,70,12,130,83,39,127,135,5,2,97,117,45" hai1="10,20,76,16,35,132,43,125,90,56,105,109,60" hai2="122,89,78,77,57,41,112,72,67,23,29,59,131" hai3="85,113,134,66,92,1,87,65,0,19,9,27,69"/><U31/><E105/><V106/><F106/><W79/><G134/><T47/><D117/><U84/><E132/><V13/><F131/><W49/><G113/><T42/><D135/><U18/><E125/><V6/><F41/><W68/><G79/><T71/><D127/><U108/><E76/><V75/><F112/><W26/><G92/><T115/><D115/><U121/><E121/><V28/><F89/><W129/><G49/><T128/><D12/><U61/><E43/><V50/><F23/><W88/><G129/><N who="0" m="49771" /><D47/><U126/><E126/><V21/><F21/><W100/><G100/><T96/><D83/><U7/><E35/><V32/><F32/><W36/><G36/><T98/><D25/><U111/><E31/><V15/><F50/><W46/><G46/><T133/><D133/><U104/><E104/><V54/><F67/><W3/><G3/><T118/><D118/><U40/><E40/><V55/><F6/><W116/><G116/><T24/><D24/><U38/><E38/><V94/><F94/><W63/><G19/><T64/><D64/><N who="1" m="38919" /><E61/><V101/><F101/><W30/><G63/><T52/><D52/><U123/><E20/><V110/><F110/><W120/><G9/><AGARI ba="0,0" hai="2,5,9,39,42,45,70,71,96,97,98" m="49771" machi="9" ten="30,1000,0" yaku="19,1" doraHai="107" who="0" fromWho="3" sc="240,10,280,0,245,0,235,-10" /><INIT seed="2,0,0,2,3,40" ten="250,280,245,225" oya="2" hai0="99,69,28,55,118,82,70,64,52,14,97,7,125" hai1="129,76,73,80,95,86,81,108,111,67,48,119,62" hai2="89,65,18,103,96,20,132,0,41,127,8,134,56" hai3="58,35,1,77,112,47,94,75,26,50,98,114,4"/><V49/><F0/><W12/><G1/><T25/><D118/><U131/><E48/><V29/><F8/><N who="3" m="4103" /><G58/><T31/><D125/><U21/><E21/><V78/><F78/><W10/><G10/><T63/><D70/><U66/><E119/><V60/><F127/><W135/><G26/><T53/><D82/><U121/><E121/><V105/><F29/><W13/><G13/><T104/><D104/><U124/><E124/><V30/><F30/><W101/><G35/><T79/><D79/><N who="1" m="46367" /><E95/><V54/><F89/><W3/><G3/><T38/><D38/><U74/><E74/><V43/><F65/><N who="1" m="24585" /><E62/><V37/><F37/><W88/><G77/><T85/><D85/><U9/><E9/><V44/><REACH who="2" step="1"/><F43/><REACH who="2" ten="250,280,235,225" step="2"/><W71/><G75/><T11/><REACH who="0" step="1"/><D31/><REACH who="0" ten="240,280,235,225" step="2"/><U123/><E123/><V116/><F116/><W126/><G126/><T109/><D109/><AGARI ba="0,2" hai="73,76,81,108,109,111,129,131" m="24585,46367" machi="109" ten="30,1000,0" yaku="14,1" doraHai="40" who="1" fromWho="0" sc="240,-10,280,30,235,0,225,0" /><INIT seed="3,0,0,0,2,116" ten="230,310,235,225" oya="3" hai0="45,120,112,54,102,70,46,83,115,126,41,79,13" hai1="111,68,7,23,105,64,27,82,33,89,47,130,100" hai2="50,106,104,71,118,18,124,69,55,35,16,34,32" hai3="95,26,17,20,131,36,134,98,5,52,109,49,103"/><W0/><G131/><T87/><D70/><U84/><E33/><V101/><F118/><W81/><G36/><T78/><D102/><U80/><E130/><V58/><F124/><W96/><G134/><T86/><D126/><U77/><E111/><V93/><F93/><W119/><G119/><T85/><D54/><U132/><E132/><V88/><F88/><W59/><G109/><T108/><D108/><U73/><E7/><V128/><F128/><W25/><G0/><T6/><D6/><U28/><E47/><V129/><F101/><W43/><G5/><T57/><D57/><U97/><E64/><V62/><F62/><W133/><G133/><T1/><D1/><U48/><E48/><V9/><F9/><W67/><G81/><T15/><D41/><U90/><E68/><N who="2" m="26187" /><F129/><W56/><G96/><T24/><D24/><U30/><E89/><V10/><F10/><W38/><G43/><T3/><D3/><U19/><AGARI ba="0,0" hai="19,23,27,28,30,73,77,80,82,84,90,97,100,105" machi="19" ten="20,1500,0" yaku="0,1,7,1" doraHai="116" who="1" fromWho="1" sc="230,-4,310,15,235,-4,225,-7" owari="226,-17.0,325,42.0,231,3.0,218,-28.0" /></mjloggm>