<mjloggm ver="2.3"><GO type="169" lobby="0"/><UN n0="%E3%82%A6%E3%83%AB%E3%83%88%E3%83%A9%E7%AB%8B%E7%9B%B4" n1="%68%61%79%61%74%6F%E2%98%86" n2="%73%68%6F%6F%74%33%39" n3="%E3%83%94%E3%82%AB%E5%90%BE%E9%83%8E" dan="17,18,17,17" rate="2129.92,2297.48,2171.96,2217.24" sx="M,M,M,M"/><TAIKYOKU oya="0"/><INIT seed="0,0,0,3,3,116" ten="250,250,250,250" oya="0" hai0="10,48,118,52,88,121,63,107,14,69,28,89,79" hai1="26,6,93,50,0,133,132,33,18,65,126,23,115" hai2="24,120,49,112,32,47,72,30,81,129,53,102,70" hai3="31,8,2,16,74,37,35,64,46,5,96,20,56"/><T109/><D107/><U9/><E65/><V75/><F112/><W58/><G74/><T87/><D118/><U60/><E60/><V38/><F70/><W45/><G64/><T110/><D28/><N who="1" m="19607" /><E50/><V135/><F129/><W44/><G37/><T80/><D121/><U71/><E93/><V21/><F135/><N who="1" m="51785" /><E71/><V67/><F120/><W122/><G122/><T42/><D42/><U51/><E51/><V106/><F67/><W94/><G31/><T92/><D63/><U131/><E126/><V82/><F38/><W117/><G35/><T78/><D69/><U55/><E55/><V12/><F75/><W73/><G73/><T19/><D89/><U100/><E100/><V114/><F72/><W54/><G54/><T41/><D41/><U113/><E131/><V124/><F124/><W95/><G117/><T62/><D62/><U103/><E103/><V105/><F105/><W83/><G83/><T11/><D92/><U4/><E4/><V68/><F68/><W61/><G95/><T39/><D39/><U104/><E104/><V123/><F123/><W59/><G61/><T90/><D90/><U119/><E119/><V66/><F66/><W13/><REACH who="3" step="1"/><G44/><REACH who="3" ten="250,250,250,240" step="2"/><N who="0" m="27655" /><D79/><U34/><E34/><V91/><F32/><W57/><N who="3" m="14336" /><DORA hai="125" /><W84/><G84/><T27/><D78/><U128/><E128/><V85/><F106/><W97/><G97/><T25/><D80/><U36/><E36/><V1/><F82/><W43/><G43/><T127/><D87/><U101/><E101/><AGARI ba="0,1" hai="2,5,8,13,16,20,45,46,94,96,101" m="14336" machi="101" ten="50,6400,0" yaku="1,1,54,1,53,1" doraHai="116,125" doraHaiUra="111,17" who="3" fromWho="1" sc="250,0,250,-64,250,0,240,74" /><INIT seed="1,0,0,4,4,15" ten="250,186,250,314" oya="1" hai0="57,86,121,54,113,109,29,8,51,88,108,52,67" hai1="34,90,42,74,98,2,65,23,107,63,80,62,31" hai2="55,13,96,35,125,41,75,117,38,28,20,68,119" hai3="128,30,115,87,26,40,81,21,133,106,101,114,126"/><U82/><E2/><V44/><F75/><W97/><G126/><T135/><D113/><U36/><E34/><V5/><F125/><W56/><G128/><T134/><D29/><U10/><E10/><V110/><F68/><W64/><G133/><N who="0" m="50699" /><D121/><U124/><E124/><V79/><F79/><W3/><G40/><T59/><D8/><U73/><E42/><V18/><F110/><N who="0" m="42602" /><D67/><U22/><E36/><V32/><F5/><W118/><G3/><T61/><D86/><U95/><E107/><V123/><F123/><W111/><G118/><T105/><D105/><U120/><E120/><V7/><F7/><W53/><G64/><T50/><D88/><U11/><E11/><V129/><F129/><W122/><G122/><T89/><D89/><U69/><E22/><V49/><F96/><W45/><G111/><T47/><D47/><U27/><E73/><V104/><F104/><W130/><G45/><T94/><D94/><U100/><E74/><V39/><F35/><W103/><G101/><T33/><D33/><U17/><E31/><V9/><F32/><W85/><G85/><T116/><D116/><U112/><E112/><V127/><F127/><W102/><G103/><T70/><D70/><U16/><E100/><V60/><F119/><W132/><G130/><T93/><D93/><U24/><E69/><V66/><F117/><W46/><G46/><T58/><D58/><U12/><E65/><V1/><F66/><W91/><G132/><T48/><AGARI ba="0,0" hai="48,50,51,52,54,57,59,61" m="42602,50699" machi="48" ten="40,8000,1" yaku="20,1,14,1,34,2,54,1" doraHai="15" who="0" fromWho="0" sc="250,80,186,-40,250,-20,314,-20" /><INIT seed="2,0,0,0,4,122" ten="330,146,230,294" oya="2" hai0="112,81,131,5,89,102,40,25,134,20,92,91,38" hai1="53,45,9,82,42,118,96,4,105,79,14,86,67" hai2="132,30,56,110,23,31,80,129,32,87,72,64,37" hai3="60,85,48,130,36,128,49,65,117,75,55,97,120"/><V71/><F37/><W119/><G75/><T74/><D112/><U57/><E118/><N who="3" m="45066" /><G97/><T126/><D40/><U135/><E135/><V7/><F71/><N who="3" m="42407" /><G85/><T99/><D38/><U124/><E124/><V62/><F32/><W2/><G36/><T59/><D5/><U88/><E67/><V17/><F72/><W34/><G2/><T127/><D59/><U28/><E28/><V121/><F121/><W21/><G21/><T83/><D20/><U101/><E79/><V44/><F132/><W26/><G26/><T51/><D25/><U54/><REACH who="1" step="1"/><E57/><REACH who="1" ten="330,136,230,294" step="2"/><V19/><F31/><W47/><G120/><T11/><D134/><U50/><AGARI ba="0,1" hai="4,9,14,42,45,50,53,54,82,86,88,96,101,105" machi="50" ten="20,12000,2" yaku="1,1,2,1,0,1,7,1,54,1,53,1" doraHai="122" doraHaiUra="43" who="1" fromWho="1" sc="330,-30,136,130,230,-60,294,-30" /><INIT seed="3,0,0,0,3,51" ten="300,266,170,264" oya="3" hai0="34,96,129,79,127,19,70,36,135,106,101,80,68" hai1="63,11,87,46,117,89,107,125,123,90,53,45,20" hai2="111,122,31,7,59,62,119,74,77,24,17,104,91" hai3="26,55,76,108,43,121,100,50,88,65,83,37,1"/><W133/><G1/><T128/><D34/><U99/><E123/><V105/><F119/><W32/><G121/><T21/><D36/><U81/><E117/><V23/><F122/><W92/><G100/><T13/><D127/><U94/><E125/><V69/><F111/><W42/><G37/><T98/><D98/><U103/><E11/><V30/><F69/><W93/><G93/><T16/><D135/><U60/><E20/><V22/><F7/><W5/><G5/><T78/><D78/><U71/><E71/><V47/><F47/><N who="1" m="17929" /><E107/><V18/><F77/><W35/><G65/><T8/><D70/><U12/><E12/><V124/><F74/><W134/><G108/><T97/><D97/><U40/><E40/><V57/><F124/><W67/><G67/><T29/><D29/><U56/><E63/><V85/><F105/><W109/><G109/><T66/><D66/><U4/><E4/><V52/><F59/><N who="3" m="33271" /><G43/><T118/><D68/><U114/><E114/><V39/><F104/><W112/><G26/><T132/><D132/><N who="3" m="50793" /><G42/><T130/><D118/><U41/><E41/><V6/><F6/><W49/><G49/><T116/><D116/><U2/><E2/><V61/><F61/><W115/><G115/><T58/><D129/><U10/><E103/><V84/><F39/><W48/><G48/><T54/><D128/><U9/><AGARI ba="0,0" hai="9,10,53,56,60,81,87,89,90,94,99" m="17929" machi="9" ten="30,2000,0" yaku="8,1,52,1" doraHai="51" who="1" fromWho="1" sc="300,-5,266,20,170,-5,264,-10" /><INIT seed="4,0,0,2,1,70" ten="295,286,165,254" oya="0" hai0="8,129,0,66,23,37,29,47,40,94,131,118,109" hai1="99,126,65,73,92,83,1,93,41,80,61,86,53" hai2="133,85,49,90,77,57,26,104,132,108,30,135,74" hai3="103,111,22,117,18,4,67,115,19,9,71,84,32"/><T64/><D118/><U34/><E1/><V43/><F108/><W97/><G32/><T76/><D109/><U46/><E34/><V28/><F104/><W3/><G111/><T75/><D94/><U20/><E73/><V88/><F74/><W72/><G72/><T106/><D106/><U44/><E93/><V12/><F12/><W69/><G67/><T60/><D23/><U15/><E53/><N who="2" m="31919" /><F43/><W33/><G33/><T16/><D29/><N who="2" m="11370" /><F26/><W123/><G123/><T63/><D63/><U6/><E126/><V121/><F121/><W125/><G125/><T68/><D64/><U13/><E13/><V95/><F95/><W101/><G103/><T105/><D105/><U38/><E46/><V2/><F2/><W87/><G71/><T52/><D52/><U81/><E86/><V114/><F114/><W127/><G69/><T124/><D124/><U120/><E120/><V56/><F56/><W27/><G127/><T102/><D102/><U100/><E6/><V112/><F112/><W58/><G58/><T17/><D17/><U48/><E15/><V31/><N who="2" m="11378" /><V59/><DORA hai="130" /><F59/><W45/><G45/><T122/><D16/><N who="3" m="6185" /><G115/><T89/><D122/><U119/><E119/><V55/><F55/><W107/><G117/><T79/><D131/><U113/><E113/><V78/><F78/><N who="0" m="29738" /><D129/><U39/><REACH who="1" step="1"/><E20/><REACH who="1" ten="295,276,165,254" step="2"/><V5/><F5/><W116/><G116/><T96/><D75/><U14/><E14/><V110/><F110/><W36/><G22/><T42/><D0/><U7/><E7/><V10/><F10/><W21/><G21/><T82/><D8/><RYUUKYOKU ba="0,1" sc="295,-15,276,15,165,15,254,-15" hai1="38,39,41,44,48,61,65,80,81,83,92,99,100" hai2="77,85,88,90,132,133,135" /><INIT seed="5,1,1,2,2,38" ten="280,291,180,239" oya="1" hai0="129,104,26,13,65,50,9,116,81,86,93,40,53" hai1="61,114,118,125,83,132,79,57,33,10,90,0,55" hai2="84,135,48,16,96,56,43,98,62,52,31,35,69" hai3="68,77,95,23,44,15,122,105,7,111,85,22,47"/><U24/><E118/><V12/><F135/><W51/><G105/><T128/><D104/><U18/><E114/><V49/><F35/><W45/><G68/><T99/><D65/><U72/><E125/><V36/><F31/><W127/><G111/><T39/><D26/><U80/><E132/><V17/><F17/><W46/><G122/><T121/><D121/><U113/><E113/><V107/><F84/><W59/><G59/><T108/><D108/><U75/><E90/><V97/><F107/><W110/><G127/><T102/><D116/><U119/><E119/><V124/><F124/><W89/><G77/><T20/><D20/><U123/><E123/><V42/><F69/><W117/><G110/><T6/><D39/><U133/><E133/><V8/><F36/><W109/><G109/><T71/><D71/><U88/><E18/><V5/><F5/><W115/><G115/><T29/><D29/><U126/><E126/><V131/><F131/><W4/><G117/><T63/><D63/><U106/><E106/><V14/><F14/><W19/><REACH who="3" step="1"/><G23/><REACH who="3" ten="280,291,180,229" step="2"/><T25/><D129/><U92/><E79/><V67/><F67/><W30/><G30/><T73/><D128/><U82/><E33/><V100/><F100/><W11/><G11/><T27/><D73/><U37/><E10/><V112/><F112/><W91/><G91/><T28/><D28/><U76/><E88/><V66/><F66/><W2/><G2/><T101/><D9/><U58/><E0/><V32/><F32/><W87/><G87/><T21/><D86/><U1/><E1/><V3/><F3/><RYUUKYOKU ba="1,2" sc="280,-15,291,-15,180,15,229,15" hai2="8,12,16,42,43,48,49,52,56,62,96,97,98" hai3="4,7,15,19,22,44,45,46,47,51,85,89,95" /><INIT seed="6,2,2,1,1,38" ten="265,276,195,244" oya="2" hai0="129,12,4,86,67,7,23,95,50,117,70,59,11" hai1="100,90,9,79,40,58,77,131,20,120,21,63,62" hai2="114,127,15,61,89,25,64,36,92,32,8,14,76" hai3="2,65,78,33,1,29,54,111,52,56,51,46,43"/><V105/><F105/><W102/><G111/><T97/><D129/><U91/><E58/><V55/><F36/><W113/><G102/><N who="0" m="60735" /><D70/><U26/><E26/><V98/><F127/><W81/><G54/><N who="0" m="32215" /><D117/><U107/><E100/><V13/><F114/><W103/><G103/><T16/><D67/><U45/><E45/><V73/><F55/><W27/><G65/><T24/><D86/><U124/><E120/><V57/><F73/><W49/><REACH who="3" step="1"/><G113/><REACH who="3" ten="265,276,195,234" step="2"/><T75/><D75/><AGARI ba="2,3" hai="1,2,27,29,33,43,46,49,51,52,56,75,78,81" machi="75" ten="30,12000,2" yaku="1,1,2,1,7,1,52,1,54,1,53,1" doraHai="38" doraHaiUra="30" who="3" fromWho="0" sc="265,-126,276,0,195,0,234,156" /><INIT seed="7,0,0,2,0,75" ten="139,276,195,390" oya="3" hai0="2,55,12,86,9,40,51,24,129,100,27,18,63" hai1="54,37,30,107,76,117,109,87,7,93,95,83,127" hai2="134,0,70,15,61,96,44,108,125,3,106,31,112" hai3="114,98,90,36,68,38,122,60,43,118,41,53,5"/><W52/><G5/><T62/><D2/><U56/><E107/><V128/><F15/><W69/><G98/><T67/><D129/><U39/><E109/><V22/><F108/><W124/><G90/><T130/><D130/><U47/><E7/><V42/><F22/><W116/><G60/><T94/><D40/><U57/><E30/><V64/><F128/><W88/><G88/><T49/><D49/><U81/><E127/><V16/><F16/><W72/><G72/><T10/><D10/><U50/><E37/><V110/><F110/><W101/><G101/><T46/><D63/><U73/><E117/><V123/><F123/><W11/><G11/><T111/><D111/><U25/><E25/><V20/><F20/><W84/><G84/><T19/><D19/><U71/><E71/><V34/><F125/><W78/><G124/><T32/><D32/><U104/><E104/><V35/><F134/><W59/><G59/><T133/><D133/><U74/><E74/><V85/><F85/><W26/><G26/><T102/><D102/><U80/><E80/><V115/><F96/><W33/><G33/><N who="2" m="12297" /><F106/><W48/><G48/><T29/><D29/><U105/><E105/><V79/><F31/><W97/><G97/><T58/><D100/><U82/><E82/><V89/><F0/><W113/><G122/><T103/><REACH who="0" step="1"/><D86/><REACH who="0" ten="129,276,195,390" step="2"/><U91/><E87/><V120/><F3/><W1/><G1/><T17/><D17/><U8/><E8/><V66/><F120/><W65/><G116/><T21/><D21/><U13/><E73/><V77/><F61/><W28/><G118/><RYUUKYOKU ba="0,1" sc="129,30,276,-10,195,-10,390,-10" hai0="9,12,18,24,27,46,51,55,58,62,67,94,103" owari="159,-34.0,266,7.0,185,-21.0,390,48.0" /></mjloggm>