<mjloggm ver="2.3"><GO type="41" lobby="0"/><UN n0="%52%49%4E%32" n1="%45%6C%67%69%6E%31%32%33" n2="%E5%B0%B1%E6%B4%BB%E7%94%9F%40%E5%B7%9D%E6%9D%91%E8%BB%8D%E5%9B%A3" n3="%75%72%61%6F%6D%6F%74%65" dan="15,14,15,14" rate="2073.34,1972.32,1963.24,1884.99" sx="M,M,M,M"/><TAIKYOKU oya="0"/><INIT seed="0,0,0,4,3,25" ten="250,250,250,250" oya="0" hai0="55,6,90,13,101,34,99,62,102,109,14,11,0" hai1="133,36,48,65,121,5,31,81,44,26,3,51,20" hai2="129,124,21,63,59,50,82,80,46,47,87,75,39" hai3="130,37,38,64,19,53,119,49,84,114,35,58,116"/><T125/><D125/><U66/><E133/><V127/><F75/><W100/><G100/><T93/><D34/><U57/><E121/><V27/><F39/><W16/><G114/><T76/><D109/><U91/><E36/><V131/><F80/><W70/><G130/><N who="2" m="49673" /><F82/><W77/><G35/><T42/><D42/><U23/><E3/><V67/><F87/><W29/><G38/><T95/><D76/><U120/><E5/><V92/><F92/><W54/><G37/><T98/><D90/><U45/><E120/><V79/><F79/><W113/><G113/><T86/><D86/><N who="1" m="50639" /><E20/><V28/><F47/><W110/><G110/><T10/><D0/><U118/><E118/><V122/><F122/><W40/><G40/><AGARI ba="0,0" hai="21,27,28,40,46,50,59,63,67,124,127" m="49673" machi="40" ten="30,2000,0" yaku="19,1,52,1" doraHai="25" who="2" fromWho="3" sc="250,0,250,0,250,20,250,-20" /><INIT seed="1,0,0,5,1,105" ten="250,250,270,230" oya="1" hai0="70,0,32,74,82,120,4,78,65,31,92,77,75" hai1="83,107,63,58,49,121,124,28,52,90,15,112,30" hai2="135,127,43,84,53,79,125,117,116,85,95,37,93" hai3="76,47,57,16,130,1,19,109,128,22,114,25,126"/><U55/><E112/><V14/><F37/><W115/><G76/><T34/><D92/><N who="2" m="35402" /><F43/><W48/><G1/><T72/><D120/><U118/><E121/><V133/><F53/><W50/><G126/><N who="2" m="48137" /><F14/><W27/><G109/><T8/><D78/><U40/><E107/><V131/><F131/><N who="3" m="50219" /><G57/><T69/><D69/><U81/><E118/><N who="2" m="45675" /><F79/><W42/><G48/><T110/><D110/><U21/><E124/><V104/><F104/><W99/><G99/><T60/><D32/><U44/><E90/><V129/><F129/><W101/><G101/><T102/><D102/><U11/><E55/><V18/><F18/><W91/><G91/><T103/><D103/><U5/><E30/><V80/><F80/><W106/><G106/><T51/><D51/><U67/><E40/><V33/><F33/><W59/><G59/><T122/><D122/><U12/><REACH who="1" step="1"/><E12/><REACH who="1" ten="250,240,270,230" step="2"/><V68/><F85/><W66/><G66/><T3/><D3/><U89/><E89/><V9/><F84/><W54/><G54/><T23/><D23/><AGARI ba="0,1" hai="16,19,22,23,25,27,42,47,50,114,115" m="50219" machi="23" ten="30,2000,0" yaku="19,1,54,1" doraHai="105" who="3" fromWho="0" sc="250,-20,240,0,270,0,230,30" /><INIT seed="2,0,0,0,1,127" ten="230,240,270,260" oya="2" hai0="8,135,5,33,29,4,89,70,52,77,54,99,7" hai1="83,43,134,78,125,112,126,1,132,51,68,61,9" hai2="88,80,37,74,32,21,75,130,34,105,93,47,42" hai3="115,40,114,46,87,24,31,16,17,63,98,100,106"/><V18/><F105/><W48/><G63/><T111/><D70/><U102/><E102/><V2/><F2/><W79/><G79/><T133/><D77/><U64/><E1/><V3/><F3/><W60/><G60/><T41/><D41/><U120/><E9/><V69/><F69/><W56/><G56/><T96/><D111/><U107/><E107/><V97/><F130/><W30/><G87/><T128/><D128/><U50/><E78/><V110/><F80/><W28/><REACH who="3" step="1"/><G24/><REACH who="3" ten="230,240,270,250" step="2"/><T123/><D123/><U58/><E120/><V117/><F117/><W11/><G11/><T67/><D8/><U10/><E10/><V62/><F62/><W27/><G27/><N who="0" m="18623" /><D67/><U23/><E23/><V57/><F57/><W26/><G26/><T6/><D89/><U12/><E12/><V119/><F119/><W91/><G91/><T45/><D45/><N who="1" m="25919" /><E112/><AGARI ba="0,1" hai="16,17,28,30,31,40,46,48,98,100,106,112,114,115" machi="112" ten="40,5200,0" yaku="1,1,11,1,54,1,53,0" doraHai="127" doraHaiUra="118" who="3" fromWho="1" sc="230,0,240,-52,270,0,250,62" /><INIT seed="3,0,0,3,3,50" ten="230,188,270,312" oya="3" hai0="27,4,120,66,3,107,130,105,73,89,9,81,126" hai1="134,58,48,53,135,36,38,103,21,55,117,111,88" hai2="71,108,31,2,85,11,32,80,86,19,68,100,116" hai3="22,131,133,98,15,115,118,34,13,124,29,125,92"/><W57/><G118/><T121/><D126/><U18/><E117/><V20/><F116/><W56/><G115/><T51/><D130/><U30/><E103/><V114/><F114/><W7/><G131/><T26/><D66/><U93/><E30/><V113/><F108/><W72/><G72/><T17/><D51/><N who="1" m="31039" /><E111/><V10/><F113/><W110/><G34/><T77/><D89/><U91/><E93/><V83/><F100/><W39/><G39/><T95/><D95/><U94/><E94/><V0/><F32/><W35/><G35/><T62/><D62/><U59/><E38/><V5/><F31/><W79/><G79/><T64/><D64/><U122/><E122/><V37/><F37/><W74/><G74/><T75/><D75/><U49/><E49/><V90/><F20/><W43/><G110/><T84/><D84/><U104/><E104/><V16/><F5/><W12/><G7/><T46/><D26/><N who="1" m="14647" /><E36/><V87/><REACH who="2" step="1"/><F85/><REACH who="2" ten="230,188,260,312" step="2"/><W44/><G29/><T1/><D121/><U24/><E24/><V99/><F99/><W63/><G22/><T106/><D120/><U45/><E135/><V33/><F33/><W54/><G133/><T127/><D27/><U76/><E134/><V41/><F41/><W102/><G124/><T123/><D127/><U6/><E6/><V112/><F112/><W82/><G125/><T42/><D123/><U109/><E109/><V78/><F78/><W40/><G40/><T47/><D42/><N who="1" m="24631" /><E76/><V96/><F96/><W25/><G25/><T28/><D28/><U128/><E128/><V67/><F67/><W69/><G98/><RYUUKYOKU ba="0,1" sc="230,-15,188,15,260,15,312,-15" hai1="55,59,88,91" hai2="0,2,10,11,16,19,68,71,80,83,86,87,90" /><INIT seed="4,1,1,4,0,18" ten="215,203,275,297" oya="0" hai0="9,33,22,125,13,0,73,94,72,128,45,97,5" hai1="93,91,99,12,31,131,79,44,83,95,107,53,2" hai2="85,46,60,50,101,16,135,111,106,70,26,42,61" hai3="29,112,76,36,6,40,89,67,100,82,127,87,25"/><T4/><D33/><U64/><E2/><V126/><F111/><W115/><G6/><T121/><D121/><U11/><E131/><V8/><F135/><W122/><G67/><T74/><D128/><U17/><E107/><V116/><F126/><W28/><G127/><T65/><D125/><U24/><E64/><V56/><F116/><W66/><G66/><T71/><D65/><U109/><E109/><V124/><F124/><W47/><G100/><T63/><D63/><U96/><E79/><V103/><F70/><W86/><G122/><T62/><D62/><U55/><E83/><V78/><F106/><W38/><G38/><T92/><D45/><U114/><E44/><V21/><F8/><W52/><G52/><T48/><D71/><U27/><E27/><V123/><F123/><W118/><G118/><T110/><D48/><U37/><E37/><V84/><F84/><W23/><REACH who="3" step="1"/><G29/><REACH who="3" ten="215,203,275,287" step="2"/><T39/><D39/><U133/><E133/><V120/><F120/><W20/><G20/><T57/><D110/><U88/><E114/><V134/><F134/><W34/><G34/><AGARI ba="1,2" hai="11,12,17,24,31,34,53,55,88,91,93,95,96,99" machi="34" ten="30,3900,0" yaku="7,1,9,1,54,1" doraHai="18" who="1" fromWho="3" sc="215,0,203,62,275,0,287,-42" /><INIT seed="5,0,0,3,1,36" ten="215,265,275,245" oya="1" hai0="75,110,6,90,131,3,68,42,88,121,122,11,33" hai1="12,41,95,80,108,83,77,43,21,130,118,73,55" hai2="89,112,128,45,124,134,52,27,132,84,133,104,93" hai3="78,103,1,28,48,81,94,120,19,96,53,69,35"/><U79/><E118/><V82/><F104/><W76/><G69/><T31/><D75/><U44/><E108/><V92/><F112/><W0/><G120/><N who="0" m="46187" /><D110/><U2/><E2/><V56/><F124/><W111/><G78/><T59/><D68/><U123/><E123/><V109/><F109/><W20/><G28/><T114/><D114/><U127/><E127/><V30/><F45/><W5/><G35/><T23/><D131/><U67/><E67/><V61/><REACH who="2" step="1"/><F128/><REACH who="2" ten="215,265,265,245" step="2"/><W39/><G111/><T37/><D33/><AGARI ba="0,1" hai="27,30,33,52,56,61,82,84,89,92,93,132,133,134" machi="33" ten="40,8000,1" yaku="1,1,2,1,20,1,54,1,53,0" doraHai="36" doraHaiUra="14" who="2" fromWho="0" sc="215,-80,265,0,265,90,245,0" /><INIT seed="6,0,0,1,1,71" ten="135,265,355,245" oya="2" hai0="117,37,92,34,119,54,114,90,26,125,95,60,24" hai1="109,50,57,10,20,33,6,9,46,115,12,38,56" hai2="49,91,118,80,127,35,133,39,17,65,8,132,131" hai3="43,120,30,106,47,15,23,96,11,82,110,4,62"/><V31/><F65/><W79/><G110/><T1/><D1/><U41/><E33/><V61/><F118/><N who="0" m="45066" /><D34/><U21/><E115/><V87/><F61/><W135/><G120/><T124/><D114/><U88/><E109/><V45/><F35/><W44/><G135/><N who="2" m="51785" /><F31/><W5/><G47/><T19/><D54/><U14/><E57/><V32/><F32/><W113/><G113/><T36/><D60/><U74/><E74/><V123/><F123/><W55/><G5/><T28/><D19/><U103/><E103/><V42/><F131/><W52/><G62/><T122/><D122/><U40/><E40/><V76/><F127/><N who="0" m="48714" /><D28/><U2/><E2/><V73/><F17/><W53/><G30/><T83/><D83/><U18/><E56/><V64/><F8/><W129/><G23/><T101/><D101/><U3/><E3/><V98/><F64/><W89/><G129/><T25/><D90/><U126/><E126/><V70/><F70/><W22/><G22/><T78/><D78/><U93/><E50/><V63/><F63/><W94/><G53/><T7/><D7/><U72/><REACH who="1" step="1"/><E72/><REACH who="1" ten="135,255,355,245" step="2"/><V67/><F49/><W16/><G43/><T116/><D116/><U69/><E69/><V86/><F67/><W102/><G44/><T51/><D51/><U97/><AGARI ba="0,1" hai="6,9,10,12,14,18,20,21,38,41,46,88,93,97" machi="97" ten="20,12000,2" yaku="1,1,0,1,7,1,52,1,54,1,53,1" doraHai="71" doraHaiUra="85" who="1" fromWho="1" sc="135,-30,255,130,355,-60,245,-30" /><INIT seed="7,0,0,3,1,125" ten="105,385,295,215" oya="3" hai0="30,123,97,85,40,66,11,24,127,84,110,106,117" hai1="58,51,104,122,14,26,116,132,90,114,78,93,43" hai2="10,50,71,98,45,91,63,101,16,130,99,129,12" hai3="41,121,115,9,28,118,19,119,111,4,46,82,25"/><W29/><G82/><T88/><D127/><U69/><E122/><V133/><F133/><W74/><G74/><T44/><D123/><U73/><E69/><V128/><F91/><W56/><G121/><T105/><D117/><U103/><E132/><V7/><F7/><W53/><G111/><T31/><D110/><U120/><E116/><V8/><F8/><W134/><G134/><T39/><D66/><U61/><E120/><V108/><F108/><W38/><G115/><T52/><D11/><U64/><E114/><V15/><F15/><W109/><G109/><T1/><D1/><U3/><E3/><V131/><N who="2" m="33280" /><DORA hai="36" /><V49/><F45/><W72/><G72/><T112/><D112/><U124/><E90/><V81/><F81/><W23/><G119/><T113/><D113/><U32/><E14/><V48/><F101/><W76/><G76/><T89/><D52/><U79/><E103/><V21/><F21/><W96/><G96/><T126/><D126/><U54/><E124/><V55/><F55/><W100/><G100/><T42/><D97/><U37/><E32/><V65/><AGARI ba="0,0" hai="10,12,16,48,49,50,63,65,71,98,99" m="33280" machi="65" ten="60,12000,2" yaku="0,1,19,1,52,4,54,1" doraHai="125,36" who="2" fromWho="2" sc="105,-30,385,-30,295,120,215,-60" owari="75,-42.0,355,16.0,415,50.0,155,-24.0" /></mjloggm>