<mjloggm ver="2.3"><GO type="169" lobby="0"/><UN n0="%E3%82%A4%E3%82%B5%E3%82%AD" n1="%E3%82%A6%E3%83%AB%E3%83%88%E3%83%A9%E7%AB%8B%E7%9B%B4" n2="%E3%83%AC%E3%83%9F%E3%83%AA%E3%82%A2%E3%81%AF%E4%BF%BA%E3%81%AE%E5%AB%81" n3="%70%67%61%69%6E" dan="17,17,16,16" rate="2123.45,2203.23,2110.19,2077.20" sx="M,M,M,M"/><TAIKYOKU oya="0"/><INIT seed="0,0,0,4,0,80" ten="250,250,250,250" oya="0" hai0="93,97,45,92,116,113,67,81,53,100,134,19,117" hai1="29,73,78,11,22,120,20,47,123,86,15,121,107" hai2="33,18,129,64,112,87,16,105,118,75,34,31,54" hai3="38,61,101,94,90,42,41,111,49,35,13,26,62"/><T43/><D113/><U14/><E107/><V106/><F75/><W89/><G111/><T119/><D134/><U128/><E73/><V88/><F112/><W40/><G38/><T39/><D67/><U10/><E47/><V8/><F64/><W104/><G104/><T77/><D19/><U95/><E78/><V65/><F65/><W71/><G71/><T83/><D53/><U63/><E63/><N who="3" m="24074" /><G35/><T131/><D131/><U84/><E95/><V56/><F106/><W27/><G49/><T44/><D44/><U82/><E82/><N who="2" m="49271" /><F105/><W79/><G79/><T115/><D115/><U25/><E128/><V133/><F129/><W6/><G101/><T48/><D39/><U58/><E58/><V126/><F133/><W52/><G52/><T109/><D109/><U12/><REACH who="1" step="1"/><E22/><REACH who="1" ten="250,240,250,250" step="2"/><V72/><F72/><W5/><G94/><T30/><D77/><U110/><E110/><V28/><F33/><W69/><G69/><T130/><D130/><U46/><E46/><V96/><F34/><W51/><G51/><T99/><REACH who="0" step="1"/><D30/><REACH who="0" ten="240,240,250,250" step="2"/><U2/><E2/><V37/><F31/><W102/><G42/><T36/><D36/><U59/><E59/><V3/><F37/><W74/><G41/><T0/><D0/><U23/><E23/><V55/><F28/><W91/><G40/><T108/><D108/><U70/><E70/><V17/><F3/><W103/><G6/><T32/><D32/><U60/><E60/><V76/><F76/><W57/><G74/><T1/><D1/><U114/><E114/><V85/><F17/><W132/><G5/><T50/><D50/><RYUUKYOKU ba="0,2" sc="240,15,240,15,250,-15,250,-15" hai0="43,45,48,81,83,92,93,97,99,100,116,117,119" hai1="10,11,12,14,15,20,25,29,84,86,120,121,123" /><INIT seed="0,1,2,2,2,43" ten="255,255,235,235" oya="0" hai0="92,62,49,130,113,135,54,76,29,83,78,122,14" hai1="13,6,33,109,4,97,111,46,70,63,88,94,112" hai2="114,67,65,15,110,86,32,28,58,75,82,41,124" hai3="107,102,90,50,74,108,127,56,72,52,61,128,27"/><T84/><D113/><U101/><E33/><V53/><F114/><W132/><G108/><N who="1" m="41546" /><E112/><V7/><F124/><W37/><G37/><T91/><D122/><U45/><E101/><V98/><F110/><W68/><G127/><T106/><D106/><U5/><E13/><V129/><F129/><W131/><G132/><T48/><D135/><U35/><E35/><V44/><F75/><W95/><G102/><T22/><D130/><N who="3" m="49705" /><G27/><N who="0" m="16631" /><D14/><U80/><E80/><V69/><F69/><W55/><G107/><T115/><D115/><U0/><E0/><V64/><F98/><N who="3" m="57719" /><G68/><T10/><D10/><U105/><E105/><V100/><F100/><W121/><G121/><T116/><D116/><U47/><E70/><V24/><F15/><W60/><G60/><AGARI ba="1,2" hai="4,5,6,45,46,47,60,63,88,94,97" m="41546" machi="60" ten="40,8000,1" yaku="14,1,52,3,54,1" doraHai="43" who="1" fromWho="3" sc="255,0,255,103,235,0,235,-83" /><INIT seed="1,0,0,1,4,92" ten="255,358,235,152" oya="1" hai0="88,108,58,36,25,66,48,41,24,124,2,121,37" hai1="7,89,52,118,72,82,47,84,127,106,95,16,5" hai2="80,13,50,117,59,113,81,102,22,87,134,39,77" hai3="132,110,53,28,6,125,107,40,33,75,103,131,60"/><U93/><E106/><V112/><F117/><W44/><G110/><T1/><D108/><U100/><E118/><V114/><F39/><W12/><G132/><T51/><D124/><U67/><E127/><V38/><F38/><W54/><G125/><T96/><D121/><U68/><E67/><V101/><F134/><W128/><G75/><T11/><D36/><U129/><E68/><V20/><F80/><W61/><G28/><T19/><D37/><U74/><E74/><V116/><F116/><W26/><G26/><T62/><D1/><U98/><E129/><N who="3" m="49738" /><G33/><T0/><D0/><U55/><E72/><V104/><F13/><W94/><G107/><T99/><D2/><U123/><E123/><V46/><F59/><W34/><G34/><T14/><D88/><U91/><E16/><V65/><F65/><W90/><G103/><N who="2" m="39433" /><F104/><W32/><G32/><T79/><D79/><U4/><E47/><V23/><F23/><W85/><G12/><T31/><D25/><U120/><E120/><V30/><F30/><W49/><G6/><T135/><D135/><U10/><E10/><V115/><F115/><W9/><G9/><T119/><D119/><U111/><E111/><V97/><F22/><W29/><G29/><T15/><D15/><U86/><AGARI ba="0,0" hai="4,5,7,52,55,82,84,86,89,91,93,95,98,100" machi="86" ten="30,11700,0" yaku="0,1,8,1,52,1,54,1" doraHai="92" who="1" fromWho="1" sc="255,-39,358,117,235,-39,152,-39" /><INIT seed="1,1,0,4,5,70" ten="216,475,196,113" oya="1" hai0="45,92,102,25,120,71,7,32,0,17,47,125,119" hai1="124,83,37,53,105,19,56,86,104,98,65,96,38" hai2="60,111,54,22,24,31,30,134,88,135,129,41,12" hai3="50,5,14,40,130,64,81,94,110,122,28,107,121"/><U57/><E124/><V39/><F111/><W20/><G107/><T21/><D71/><U82/><E19/><N who="2" m="10599" /><F129/><W93/><G110/><T128/><D119/><U80/><E86/><V127/><F127/><W43/><G130/><T16/><D125/><U131/><E131/><V55/><F88/><W18/><G28/><N who="2" m="10793" /><F60/><W101/><G5/><T91/><D120/><U116/><E53/><N who="2" m="19979" /><F24/><W118/><G118/><T100/><D32/><U27/><E27/><V132/><F41/><W90/><G64/><T85/><D128/><U34/><E34/><V44/><F44/><N who="0" m="16970" /><D0/><U58/><E65/><V48/><F48/><W63/><G63/><T123/><D123/><U78/><E78/><V112/><F112/><W67/><G67/><T87/><D7/><U9/><E9/><V49/><F49/><W6/><G6/><T4/><D4/><U23/><E23/><V75/><F75/><W97/><G81/><T36/><D36/><AGARI ba="1,0" hai="36,39,132,134,135" m="19979,10793,10599" machi="36" ten="40,5200,0" yaku="20,1,52,2" doraHai="70" who="2" fromWho="0" sc="216,-55,475,0,196,55,113,0" /><INIT seed="2,0,0,5,3,66" ten="161,475,251,113" oya="2" hai0="21,118,115,14,117,108,105,40,132,31,17,0,52" hai1="3,8,86,29,120,30,106,112,64,61,109,107,16" hai2="26,102,72,119,34,47,114,88,81,128,41,75,58" hai3="116,89,28,73,127,121,32,78,48,131,77,80,49"/><V7/><F114/><W11/><G116/><N who="0" m="44651" /><D115/><U94/><E107/><V96/><F119/><W45/><G121/><T130/><D105/><U90/><E106/><V92/><F128/><W51/><G131/><T69/><D130/><U113/><E30/><V126/><F126/><W42/><G127/><T71/><D0/><U87/><E29/><V22/><F7/><W62/><G78/><T135/><D108/><U39/><E39/><V50/><F34/><W98/><G11/><T20/><D40/><U4/><E109/><V59/><F75/><W10/><G10/><T2/><D2/><U68/><E120/><V38/><F38/><W84/><G98/><T82/><D82/><U83/><E16/><N who="2" m="12615" /><F72/><W60/><G28/><T36/><D36/><U111/><E111/><V101/><F81/><W110/><G32/><T56/><D21/><U74/><REACH who="1" step="1"/><E74/><REACH who="1" ten="161,465,251,113" step="2"/><V6/><F6/><W97/><G73/><T5/><D31/><U53/><E53/><V76/><F76/><AGARI ba="0,1" hai="3,4,8,61,64,68,76,83,86,87,90,94,112,113" machi="76" ten="30,7700,0" yaku="1,1,7,1,52,1,53,1" doraHai="66" doraHaiUra="67" who="1" fromWho="2" sc="161,0,465,87,251,-77,113,0" /><INIT seed="3,0,0,3,0,108" ten="161,552,174,113" oya="3" hai0="131,31,123,29,10,135,48,62,39,12,46,70,65" hai1="87,21,52,41,75,49,111,73,30,89,99,19,64" hai2="96,60,9,115,34,55,85,56,23,5,51,54,103" hai3="18,40,53,17,4,98,13,112,38,72,100,77,116"/><W8/><G112/><T47/><D123/><U84/><E64/><V122/><F34/><W68/><G116/><T45/><D135/><U82/><E41/><V42/><F122/><W97/><G68/><T6/><D131/><U93/><E30/><V11/><F42/><W2/><G53/><T110/><D110/><U1/><E1/><V26/><F85/><W128/><G128/><T124/><D124/><U92/><E92/><N who="2" m="58759" /><F115/><W37/><G37/><T121/><D121/><U74/><E111/><V125/><F5/><W22/><G18/><T94/><D39/><U66/><E66/><V81/><F81/><N who="3" m="45223" /><G100/><T67/><D67/><U130/><E130/><V59/><F125/><W109/><G109/><T33/><D94/><U69/><E69/><V118/><F118/><W132/><G132/><T35/><D35/><U57/><REACH who="1" step="1"/><E82/><REACH who="1" ten="161,542,174,113" step="2"/><V113/><F113/><W126/><G126/><T88/><D33/><U119/><E119/><V114/><F114/><W32/><G32/><T129/><D129/><U90/><E90/><V120/><F120/><W50/><G40/><T63/><D88/><U25/><AGARI ba="0,1" hai="19,21,25,49,52,57,73,74,75,84,87,89,93,99" machi="25" ten="30,4000,0" yaku="1,1,0,1,54,1,53,0" doraHai="108" doraHaiUra="27" who="1" fromWho="1" sc="161,-10,542,50,174,-10,113,-20" /><INIT seed="4,0,0,3,5,30" ten="151,592,164,93" oya="0" hai0="65,85,129,79,8,38,10,5,128,45,69,43,6" hai1="133,88,111,42,131,122,73,107,75,66,125,126,78" hai2="48,11,58,116,19,94,20,110,21,98,32,7,104" hai3="123,91,62,86,28,134,112,52,135,87,37,83,46"/><T26/><D65/><U23/><E107/><V103/><F32/><W102/><G112/><T114/><D69/><U12/><E111/><V63/><F116/><W99/><G123/><T33/><D114/><U9/><E122/><V39/><F39/><W89/><G28/><N who="0" m="19607" /><D85/><U25/><E78/><V82/><F82/><W3/><G3/><N who="0" m="63" /><D79/><U61/><E42/><V56/><F48/><N who="3" m="28695" /><G37/><T90/><D90/><N who="3" m="34313" /><G62/><T124/><D124/><U74/><E88/><V81/><F81/><W22/><G83/><T101/><D101/><U14/><E61/><V93/><F63/><W59/><G59/><T76/><D76/><U60/><E60/><V72/><F58/><W119/><G119/><T84/><D84/><U24/><E66/><V115/><F56/><W17/><G99/><T41/><D43/><U92/><E92/><V130/><F94/><W71/><G102/><T50/><D50/><U67/><E67/><V97/><F115/><W57/><G57/><T64/><D64/><U18/><E126/><V2/><F97/><W54/><G54/><T109/><D109/><U0/><E125/><V95/><F110/><W68/><G68/><T121/><D121/><U51/><E51/><V120/><F120/><W127/><G71/><T15/><D15/><U108/><E14/><N who="2" m="9335" /><F95/><W47/><G127/><T96/><D96/><U117/><E108/><V40/><F40/><W113/><G113/><T16/><D6/><U49/><E49/><V106/><F93/><W4/><G4/><T13/><D38/><U70/><E70/><V29/><F7/><W36/><G36/><T27/><D27/><RYUUKYOKU ba="0,0" sc="151,30,592,-10,164,-10,93,-10" hai0="10,13,16,41,45,128,129" /><INIT seed="4,1,0,5,3,53" ten="181,582,154,83" oya="0" hai0="132,54,105,1,77,121,10,25,66,9,101,5,17" hai1="24,13,4,71,15,0,72,8,52,123,27,135,28" hai2="106,93,49,6,58,59,111,60,46,112,20,40,41" hai3="92,51,19,36,126,43,114,100,118,75,104,32,131"/><T37/><D121/><U102/><E71/><V70/><F106/><W64/><G118/><T50/><D37/><U26/><E72/><V130/><F111/><W94/><G36/><T62/><D132/><U29/><E102/><V113/><F130/><W122/><G131/><T67/><D77/><U31/><E52/><N who="2" m="29751" /><F6/><W22/><G114/><N who="2" m="44137" /><F20/><W39/><G39/><T34/><D101/><U3/><E135/><V116/><F116/><W81/><G126/><T79/><D79/><U76/><E76/><V99/><F70/><W73/><G32/><T110/><D105/><U30/><E123/><V84/><F84/><W91/><G104/><T23/><D34/><U35/><E0/><V18/><F18/><W85/><G122/><T97/><D9/><U98/><E98/><V42/><F60/><W125/><G22/><T16/><D62/><U11/><E3/><V80/><F80/><W134/><G81/><T115/><D110/><U119/><E119/><V2/><F2/><W90/><G75/><T87/><D115/><U117/><E117/><V74/><F74/><W61/><G73/><T108/><D108/><U48/><E48/><V33/><F33/><W45/><G61/><T103/><D87/><U55/><E55/><V57/><F42/><W107/><G43/><T88/><D1/><U78/><E78/><V65/><F65/><W14/><G64/><T38/><D67/><U47/><E47/><V69/><F69/><W86/><G86/><T7/><D66/><U96/><E96/><V124/><F124/><W120/><G125/><T127/><D127/><U129/><E129/><RYUUKYOKU ba="1,0" sc="181,-15,582,15,154,15,83,-15" hai1="4,8,11,13,15,24,26,27,28,29,30,31,35" hai2="40,41,57,58,59,93,99" /><INIT seed="5,2,0,0,2,45" ten="166,597,169,68" oya="1" hai0="43,58,134,133,93,50,19,113,20,129,36,35,101" hai1="90,117,100,56,120,1,81,78,15,104,13,109,88" hai2="111,108,121,95,37,38,27,46,92,102,76,96,61" hai3="73,21,59,75,29,135,2,42,99,3,11,55,107"/><U94/><E1/><V32/><F121/><W98/><G135/><N who="0" m="51723" /><D35/><U52/><E120/><V125/><F125/><W31/><G42/><T112/><D129/><U49/><E117/><V34/><F76/><W87/><G87/><T40/><D36/><U72/><E90/><V5/><F5/><W118/><G118/><T9/><D9/><U6/><E6/><V14/><F14/><W131/><G11/><T119/><D119/><U124/><E124/><V103/><F61/><W132/><G132/><T128/><D128/><U33/><E33/><V69/><F69/><W64/><G131/><T86/><D40/><U123/><E123/><V116/><F116/><W70/><G70/><T71/><D71/><U60/><E60/><V80/><F80/><W48/><G64/><T44/><D58/><U105/><E105/><V25/><F46/><W83/><G107/><T77/><D101/><U18/><E18/><V74/><F96/><W26/><G31/><T4/><D4/><U57/><E57/><V65/><F65/><W127/><G127/><T79/><D79/><U106/><E106/><V54/><F54/><W130/><G130/><T47/><D47/><U67/><E67/><V12/><F74/><N who="3" m="28171" /><G83/><N who="0" m="47471" /><D93/><U97/><E109/><V82/><F82/><W62/><G62/><T84/><D84/><AGARI ba="2,0" hai="13,15,49,52,56,72,78,81,84,88,94,97,100,104" machi="84" ten="30,18000,2" yaku="7,1,24,2,52,1,54,2" doraHai="45" who="1" fromWho="0" sc="166,-186,597,186,169,0,68,0" owari="-20,-52.0,783,88.0,169,-3.0,68,-33.0" /></mjloggm>