<mjloggm ver="2.3"><GO type="97" lobby="0"/><UN n0="%6D%61%6B%6F%6F%73%61" n1="%E3%82%A6%E3%83%AB%E3%83%88%E3%83%A9%E7%AB%8B%E7%9B%B4" n2="%E9%81%8B%E3%82%B2%E3%83%BC" n3="%4A%50%53%E6%9D%B1%E9%A2%A8" dan="13,15,15,15" rate="1811.96,1978.29,2072.13,2083.58" sx="M,M,M,M"/><TAIKYOKU oya="0"/><INIT seed="0,0,0,3,2,127" ten="250,250,250,250" oya="0" hai0="88,67,120,85,14,110,46,113,28,44,42,114,78" hai1="108,100,17,12,31,59,58,33,101,23,41,39,18" hai2="84,68,9,94,45,63,55,21,87,75,105,126,61" hai3="4,107,122,129,77,132,38,62,130,56,98,40,32"/><T112/><D120/><U22/><E108/><V6/><F105/><W1/><G122/><T19/><D110/><U103/><E41/><V86/><F75/><W2/><G32/><T81/><D67/><U82/><E39/><V118/><F126/><W65/><G77/><T13/><D28/><U83/><E31/><V11/><F68/><N who="3" m="42039" /><G132/><T96/><D44/><U37/><E37/><V69/><F69/><W128/><G56/><N who="1" m="21546" /><E33/><V20/><F94/><W16/><G16/><N who="1" m="6250" /><E12/><V51/><F118/><W3/><G98/><T72/><D19/><U53/><E53/><V89/><F89/><W104/><G4/><T124/><D124/><U121/><E121/><V57/><F63/><W97/><G97/><T49/><REACH who="0" step="1"/><D96/><REACH who="0" ten="240,250,250,250" step="2"/><U70/><E70/><V80/><F80/><AGARI ba="0,1" hai="13,14,42,46,49,72,78,80,81,85,88,112,113,114" machi="80" ten="40,7700,0" yaku="1,1,2,1,54,1,53,0" doraHai="127" doraHaiUra="125" who="0" fromWho="2" sc="240,87,250,0,250,-77,250,0" /><AGARI ba="0,0" hai="22,23,80,82,83,100,101,103" m="6250,21546" machi="80" ten="30,7700,0" yaku="28,2,8,1,54,1" doraHai="127" who="1" fromWho="2" sc="327,0,250,77,173,-77,250,0" /><INIT seed="0,1,0,1,4,114" ten="327,327,96,250" oya="0" hai0="61,134,31,59,46,88,107,56,36,73,45,82,127" hai1="99,124,70,135,109,57,4,42,6,52,103,125,117" hai2="89,50,47,95,12,106,77,66,63,69,123,100,8" hai3="121,115,118,86,21,74,80,1,110,112,35,13,108"/><T10/><D107/><U7/><E70/><V128/><F123/><W54/><G35/><T105/><D105/><U26/><E42/><V16/><F128/><W111/><G1/><T53/><D31/><U67/><E67/><V14/><F106/><W119/><G54/><T64/><D10/><U32/><E109/><V87/><F100/><W71/><G71/><T33/><D33/><U93/><E135/><V3/><F77/><N who="3" m="46351" /><G74/><T0/><D0/><U18/><E117/><N who="3" m="44554" /><G121/><T29/><D134/><U2/><E2/><V113/><F113/><W30/><G13/><T68/><D127/><U22/><REACH who="1" step="1"/><E32/><REACH who="1" ten="327,317,96,250" step="2"/><V24/><F3/><W104/><G104/><T20/><D68/><U48/><AGARI ba="1,1" hai="4,6,7,18,22,26,48,52,57,93,99,103,124,125" machi="48" ten="30,8000,1" yaku="1,1,2,1,0,1,54,1,53,1" doraHai="114" doraHaiUra="92" who="1" fromWho="1" sc="327,-41,317,93,96,-21,250,-21" /><INIT seed="1,0,0,4,2,67" ten="286,410,75,229" oya="1" hai0="25,121,87,70,84,8,47,49,59,12,135,31,106" hai1="18,111,76,72,60,98,104,0,38,42,50,24,102" hai2="127,77,32,53,86,126,115,83,62,110,109,41,20" hai3="61,58,95,66,9,101,118,114,54,29,51,17,52"/><U120/><E18/><V65/><F32/><W128/><G118/><T132/><D106/><U124/><E50/><V63/><F20/><W39/><G39/><T15/><D59/><U35/><E120/><V96/><F96/><N who="3" m="59551" /><G114/><T44/><D121/><U3/><E111/><N who="2" m="42507" /><F41/><W43/><G128/><T68/><D84/><U78/><E78/><V71/><F53/><W1/><G1/><T99/><D87/><U7/><E7/><V93/><F93/><W16/><G29/><T30/><D99/><U5/><E5/><V21/><F21/><W69/><G9/><T57/><D57/><U34/><E60/><N who="2" m="40359" /><F115/><W55/><G69/><N who="0" m="26731" /><D49/><U40/><E98/><V82/><F82/><W97/><G97/><T94/><D94/><U85/><E104/><V2/><F2/><W33/><G33/><T125/><D125/><AGARI ba="0,0" hai="62,63,77,83,86,125,126,127" m="40359,42507" machi="125" ten="30,3900,0" yaku="18,1,14,1,52,1" doraHai="67" who="2" fromWho="0" sc="286,-39,410,0,75,39,229,0" /><INIT seed="2,0,0,1,0,9" ten="247,410,114,229" oya="2" hai0="89,101,42,1,111,87,32,66,35,49,84,124,91" hai1="119,34,37,64,125,133,15,62,2,57,48,23,117" hai2="21,114,33,28,118,0,58,81,97,60,3,18,68" hai3="129,122,39,132,78,22,83,95,36,85,116,71,46"/><V77/><F118/><W70/><G122/><T135/><D135/><U115/><E34/><V55/><F114/><W31/><G116/><T113/><D113/><U47/><E2/><V112/><F112/><W26/><G132/><T98/><D1/><U110/><E115/><V17/><F33/><W13/><G129/><T74/><D74/><U79/><E133/><V4/><F68/><W67/><G13/><T134/><D134/><U93/><E110/><V105/><F28/><W10/><G10/><T44/><D111/><U38/><E79/><V80/><F17/><W5/><G5/><T6/><D6/><U94/><E125/><V20/><F20/><W43/><G39/><T121/><D124/><U75/><E75/><V61/><F61/><W104/><G104/><T76/><D76/><U102/><E38/><V96/><F80/><W90/><REACH who="3" step="1"/><G67/><REACH who="3" ten="247,410,114,219" step="2"/><T45/><D66/><U63/><E37/><V88/><F4/><W8/><G8/><T59/><D121/><U16/><E117/><V25/><F105/><W103/><G103/><T40/><D101/><U30/><E102/><V92/><REACH who="2" step="1"/><F97/><AGARI ba="0,1" hai="22,26,31,36,43,46,70,71,78,83,85,90,95,97" machi="97" ten="30,2000,0" yaku="1,1,7,1,53,0" doraHai="9" doraHaiUra="29" who="3" fromWho="2" sc="247,0,410,0,114,-20,219,30" /><INIT seed="3,0,0,1,3,121" ten="247,410,94,249" oya="3" hai0="118,114,79,135,59,133,119,82,128,0,40,89,123" hai1="3,72,115,13,70,78,124,94,8,49,113,18,129" hai2="85,112,97,23,93,117,48,55,14,120,51,58,52" hai3="57,7,95,9,90,110,28,132,41,108,31,54,125"/><W30/><G132/><N who="0" m="50763" /><D123/><U83/><E70/><V21/><F120/><W1/><G125/><T68/><D68/><U37/><E37/><V61/><F117/><W38/><G41/><T65/><D0/><U96/><E3/><V105/><F112/><W32/><G38/><T15/><D114/><U62/><E129/><V4/><F105/><W19/><G19/><T86/><D128/><U103/><E124/><V6/><F61/><N who="3" m="36023" /><G32/><T35/><D35/><U64/><E49/><V75/><F75/><W111/><G31/><T99/><D40/><U2/><E2/><V63/><F63/><W107/><G107/><T56/><D15/><U44/><E44/><V36/><F36/><W10/><G10/><T100/><D79/><U77/><E77/><V76/><F76/><W47/><G47/><T25/><D25/><U106/><E106/><V80/><F80/><W12/><G1/><T98/><D98/><AGARI ba="0,0" hai="7,9,12,28,30,90,95,98,108,110,111" m="36023" machi="98" ten="30,12000,1" yaku="14,1,10,1,52,3" doraHai="121" who="3" fromWho="0" sc="247,-120,410,0,94,0,249,120" /><INIT seed="3,1,0,0,5,121" ten="127,410,94,369" oya="3" hai0="63,102,60,15,44,89,81,18,20,29,130,53,58" hai1="116,119,54,6,57,76,65,25,8,31,62,93,108" hai2="106,11,45,59,26,4,98,99,91,92,110,126,132" hai3="32,73,24,61,66,90,122,87,97,114,10,56,46"/><W80/><G122/><T52/><D130/><U70/><E108/><V107/><F132/><W9/><G114/><T82/><D102/><U69/><E93/><V40/><F126/><W7/><G73/><T49/><D63/><U111/><E111/><V50/><F110/><W27/><G46/><T94/><D29/><U72/><E76/><V96/><F26/><W21/><G32/><T0/><D0/><U77/><E77/><V83/><F59/><W71/><G71/><T128/><D128/><U95/><E95/><V3/><F106/><W115/><G115/><T51/><D60/><U113/><E72/><V131/><F107/><W48/><G48/><T17/><D17/><U19/><E19/><V14/><F131/><W103/><G7/><T33/><D33/><N who="1" m="20719" /><E54/><V100/><REACH who="2" step="1"/><F3/><REACH who="2" ten="127,410,84,369" step="2"/><W47/><G47/><T30/><REACH who="0" step="1"/><D30/><REACH who="0" ten="117,410,84,369" step="2"/><U135/><E113/><V23/><F23/><W78/><G78/><T117/><D117/><N who="1" m="45131" /><E135/><V85/><AGARI ba="1,2" hai="4,11,14,40,45,50,83,85,91,92,96,98,99,100" machi="85" ten="30,4000,0" yaku="1,1,0,1,8,1,53,0" doraHai="121" doraHaiUra="68" who="2" fromWho="2" sc="117,-11,410,-11,84,63,369,-21" owari="106,-39.0,399,49.0,147,-25.0,348,15.0" /></mjloggm>