<mjloggm ver="2.3"><GO type="193" lobby="0"/><UN n0="%E3%81%8B%E3%82%8B%E3%81%B4%EF%BD%9E%E3%81%99" n1="%E6%9C%AD%E5%B9%8C%E3%83%86%E3%83%AB%E3%83%A1" n2="%E5%B0%B1%E6%B4%BB%E7%94%9F%40%E5%B7%9D%E6%9D%91%E8%BB%8D%E5%9B%A3" n3="%31%31%38%38%31%31" dan="11,12,12,11" rate="1847.85,1739.00,1834.35,1620.88" sx="M,M,M,M"/><TAIKYOKU oya="0"/><INIT seed="0,0,0,1,3,111" ten="250,250,250,250" oya="0" hai0="133,33,39,128,123,73,102,131,40,62,61,83,3" hai1="2,27,54,97,68,94,31,36,109,106,77,76,93" hai2="120,87,104,101,125,35,41,42,126,26,57,43,89" hai3="91,29,23,45,114,70,108,5,74,34,80,99,60"/><T13/><D123/><U15/><E2/><V132/><F120/><W46/><G114/><T8/><D13/><U20/><E106/><V55/><F132/><W16/><G108/><T129/><D133/><U127/><E109/><V118/><F118/><W124/><G124/><N who="2" m="47721" /><F101/><W14/><G5/><N who="0" m="1087" /><D102/><N who="1" m="60719" /><E68/><V12/><F104/><W4/><G4/><T59/><D59/><U19/><E36/><V117/><F117/><W10/><G74/><T86/><D33/><U90/><E54/><V24/><F12/><W65/><G99/><T0/><D0/><U116/><E116/><V28/><F24/><W18/><G34/><T100/><D100/><U48/><E48/><N who="2" m="30951" /><F43/><W7/><G91/><N who="0" m="51679" /><D73/><U11/><E127/><V30/><F30/><W130/><G80/><AGARI ba="0,0" hai="26,28,35,41,42,80,87,89" m="30951,47721" machi="80" ten="30,1000,0" yaku="18,1" doraHai="111" who="2" fromWho="3" sc="250,0,250,0,250,10,250,-10" /><INIT seed="1,0,0,4,4,103" ten="250,250,260,240" oya="1" hai0="69,58,61,6,77,94,122,32,41,78,116,102,108" hai1="29,115,80,3,126,4,64,96,70,54,13,34,37" hai2="112,0,119,51,31,109,27,127,52,46,5,114,88" hai3="22,79,132,95,72,56,133,18,120,39,129,73,105"/><U68/><E115/><N who="2" m="44075" /><F119/><W83/><G39/><T104/><D108/><U43/><E3/><V19/><F109/><W15/><G56/><T93/><D116/><U84/><E126/><V97/><F127/><W118/><G118/><T24/><D69/><U74/><E74/><V99/><F19/><W30/><G120/><T98/><D41/><U44/><E64/><V28/><F28/><W110/><G110/><T12/><D122/><U124/><E124/><V81/><F5/><W71/><G71/><T47/><D47/><U16/><E4/><V2/><F97/><W25/><G129/><T66/><D24/><U55/><E70/><V48/><F48/><W36/><G36/><T106/><D32/><U11/><E68/><V59/><F59/><W134/><G73/><T40/><D40/><U60/><E60/><V76/><F76/><W131/><G131/><T38/><D38/><U7/><E7/><V53/><F53/><W135/><N who="3" m="34304" /><DORA hai="14" /><W35/><REACH who="3" step="1"/><G95/><REACH who="3" ten="250,250,260,230" step="2"/><T123/><D94/><U111/><E111/><V128/><F128/><W17/><G17/><T107/><REACH who="0" step="1"/><D123/><REACH who="0" ten="240,250,260,230" step="2"/><U67/><E37/><V21/><F99/><W50/><G50/><T82/><D82/><U8/><E80/><V125/><F125/><W90/><G90/><T45/><D45/><U89/><E44/><V121/><F121/><W57/><G57/><T23/><D23/><U9/><E96/><V10/><F88/><W113/><G113/><T62/><D62/><U117/><E89/><V100/><F81/><W85/><G85/><T26/><D26/><U86/><E117/><V65/><F27/><RYUUKYOKU ba="0,2" sc="240,15,250,-15,260,-15,230,15" hai0="6,12,58,61,66,77,78,93,98,102,104,106,107" hai3="15,18,22,25,30,35,72,79,83,105" /><INIT seed="2,1,2,4,4,63" ten="255,235,245,245" oya="2" hai0="14,55,43,8,107,100,39,116,81,69,99,11,48" hai1="20,27,93,19,53,103,70,18,74,89,16,59,58" hai2="31,62,133,64,128,56,34,132,110,50,113,120,67" hai3="24,72,82,131,1,33,44,26,49,123,124,92,6"/><V125/><F34/><W98/><G123/><T77/><D69/><U54/><E70/><V102/><F31/><W83/><G131/><T60/><D60/><N who="1" m="35919" /><E103/><V22/><F120/><W42/><G124/><T109/><D109/><U106/><E106/><V7/><F7/><W88/><G72/><T96/><D43/><U45/><E45/><V35/><F35/><W5/><G33/><T0/><D39/><U4/><E4/><N who="3" m="1642" /><G1/><T105/><D0/><U37/><E37/><V21/><F113/><W52/><G42/><T68/><D68/><U115/><E74/><V80/><F102/><W3/><G3/><T122/><D14/><U114/><E114/><V32/><F32/><W111/><G111/><T28/><D28/><U46/><E46/><V41/><F110/><W13/><G13/><T71/><D71/><U75/><E75/><V108/><F108/><W134/><G134/><N who="2" m="51817" /><F125/><W12/><G12/><T47/><D122/><U126/><E126/><V61/><F128/><W15/><G15/><T78/><D116/><U118/><E118/><V66/><F80/><AGARI ba="1,2" hai="24,26,44,49,52,80,82,83,88,92,98" m="1642" machi="80" ten="30,3900,0" yaku="8,1,54,2" doraHai="63" who="3" fromWho="2" sc="255,0,235,0,245,-42,245,62" /><INIT seed="3,0,0,2,4,20" ten="255,235,203,307" oya="3" hai0="16,44,126,112,7,11,96,63,91,59,94,103,82" hai1="75,81,37,79,118,38,47,32,18,106,62,21,108" hai2="80,65,68,78,116,51,84,129,122,40,35,14,29" hai3="28,34,43,39,58,83,85,73,71,109,17,8,104"/><W53/><G71/><T3/><D112/><U42/><E32/><V52/><F116/><W5/><G104/><T111/><D111/><U100/><E118/><V46/><F122/><W64/><G73/><T1/><D126/><U97/><E108/><V110/><F110/><W99/><G109/><T0/><D44/><U54/><E62/><V124/><F129/><W123/><G123/><T77/><D103/><U72/><E54/><V41/><F124/><W114/><G114/><T13/><D7/><U88/><E88/><V19/><F35/><W27/><G64/><T9/><D9/><U105/><E72/><V10/><F29/><W55/><G43/><T6/><D6/><U67/><E67/><V131/><F131/><W45/><G39/><T132/><D132/><U74/><E74/><V93/><F68/><W48/><G99/><T95/><D95/><U92/><REACH who="1" step="1"/><E38/><REACH who="1" ten="255,225,203,307" step="2"/><V87/><F65/><W119/><G119/><T22/><D91/><AGARI ba="0,1" hai="10,14,19,40,41,46,51,52,78,80,84,87,91,93" machi="91" ten="40,2600,0" yaku="8,1,54,1" doraHai="20" who="2" fromWho="0" sc="255,-26,225,0,203,36,307,0" owari="229,-17.0,225,-27.0,239,4.0,307,40.0" /></mjloggm>