<mjloggm ver="2.3"><GO type="97" lobby="0"/><UN n0="%E6%9F%8A%E3%81%BE%E3%81%A9%E3%81%8B" n1="%E5%B0%B1%E6%B4%BB%E7%94%9F%40%E5%B7%9D%E6%9D%91%E8%BB%8D%E5%9B%A3" n2="%4B%55%5A%55%64%6F%6E%6F" n3="%E5%A4%95%E5%BC%B5" dan="15,13,15,14" rate="2001.59,1840.31,1973.88,1889.29" sx="F,M,M,M"/><TAIKYOKU oya="0"/><INIT seed="0,0,0,5,1,78" ten="250,250,250,250" oya="0" hai0="71,64,89,13,56,47,52,121,116,79,32,44,127" hai1="66,54,134,109,45,97,50,57,48,110,12,10,87" hai2="36,46,25,1,14,41,90,75,19,133,60,104,105" hai3="86,43,40,107,5,129,131,33,81,24,35,124,17"/><T21/><D121/><U100/><E134/><V135/><F1/><W119/><G119/><T70/><D116/><U38/><E38/><V103/><F75/><W6/><G124/><T7/><D32/><N who="3" m="12361" /><G107/><T82/><D89/><U11/><E87/><V61/><F25/><W113/><G113/><T125/><D64/><U26/><E26/><V8/><F90/><W67/><G67/><T106/><D106/><N who="2" m="41066" /><F103/><W91/><G24/><T128/><D128/><N who="3" m="49225" /><G17/><N who="0" m="10415" /><D7/><AGARI ba="0,0" hai="5,6,7,40,43,81,86,91" m="49225,12361" machi="7" ten="30,2000,0" yaku="19,1,52,1" doraHai="78" who="3" fromWho="0" sc="250,-20,250,0,250,0,250,20" /><INIT seed="1,0,0,1,1,129" ten="230,250,250,270" oya="1" hai0="60,70,17,124,62,29,6,7,81,71,79,99,118" hai1="19,26,46,106,72,11,51,34,119,27,39,8,31" hai2="13,117,69,133,38,14,85,65,24,33,35,100,90" hai3="23,95,94,86,112,1,4,0,87,125,105,40,107"/><U5/><E39/><V127/><F133/><W20/><G112/><T68/><D118/><U101/><E119/><V16/><F38/><W134/><G125/><T130/><D124/><U111/><E72/><V74/><F74/><W49/><G49/><T93/><D29/><U89/><E111/><V47/><F100/><W50/><G50/><T59/><D17/><U109/><E109/><V91/><F65/><W66/><G66/><T75/><D130/><U9/><E101/><V2/><F69/><W54/><G54/><T110/><D110/><U61/><E106/><V113/><F2/><W25/><G25/><T56/><D56/><U84/><E61/><V83/><F47/><W128/><G128/><T58/><D58/><U104/><E104/><V3/><F3/><W37/><G37/><T122/><D122/><U12/><E27/><V131/><F131/><W92/><G92/><T120/><D120/><U67/><E67/><V32/><F117/><W80/><G80/><T76/><D76/><U97/><E97/><V53/><F127/><W108/><G108/><T28/><D28/><U30/><E30/><V44/><F113/><W88/><G4/><T135/><D135/><U42/><REACH who="1" step="1"/><E5/><REACH who="1" ten="230,240,250,270" step="2"/><V98/><F24/><W78/><G134/><T36/><D36/><U123/><E123/><V114/><F114/><W132/><G132/><T116/><D116/><U21/><E21/><V52/><F98/><W10/><G20/><T73/><D73/><U22/><E22/><N who="2" m="11543" /><F33/><W103/><G23/><T41/><D71/><U77/><E77/><N who="2" m="46319" /><F35/><W115/><G115/><T121/><D121/><RYUUKYOKU ba="0,1" sc="230,-10,240,30,250,-10,270,-10" hai1="8,9,11,12,19,26,31,34,42,46,51,84,89" /><INIT seed="1,1,1,3,1,31" ten="220,270,240,260" oya="1" hai0="28,103,6,109,25,62,122,20,3,92,53,41,93" hai1="56,71,26,112,128,88,51,12,82,111,11,14,35" hai2="94,80,84,29,77,57,118,36,90,66,60,87,135" hai3="127,22,2,46,129,75,63,54,116,133,47,21,7"/><U68/><E112/><V91/><F135/><W4/><G133/><T89/><D41/><U45/><E128/><V117/><F36/><W119/><G129/><T70/><D109/><U113/><E113/><V131/><F131/><W9/><G127/><T121/><D103/><U19/><E56/><V64/><F29/><W24/><G75/><T100/><D100/><U81/><E111/><V72/><REACH who="2" step="1"/><F64/><REACH who="2" ten="220,270,230,260" step="2"/><W79/><G116/><T99/><D121/><U130/><E130/><V49/><F49/><W44/><G119/><T5/><D122/><U18/><E71/><V73/><F73/><W85/><G63/><T97/><D70/><U61/><E68/><V108/><F108/><W32/><G2/><T125/><D125/><U86/><E61/><V96/><F96/><W1/><G1/><T65/><D3/><U102/><E102/><V101/><F101/><W8/><G85/><T10/><D65/><U134/><E134/><V40/><F40/><W115/><G115/><T76/><D62/><U38/><E38/><V39/><F39/><W98/><G98/><T0/><D99/><U104/><E104/><V13/><F13/><W27/><G54/><T126/><D126/><U107/><E107/><V74/><F74/><W124/><G124/><T69/><D69/><U42/><E26/><V55/><F55/><W17/><G27/><T105/><D53/><U59/><E59/><V95/><AGARI ba="1,2" hai="57,60,66,72,77,80,84,87,90,91,94,95,117,118" machi="95" ten="20,8000,1" yaku="1,1,0,1,7,1,9,1,53,1" doraHai="31" doraHaiUra="78" who="2" fromWho="2" sc="220,-21,270,-41,230,103,260,-21" /><INIT seed="2,0,0,2,0,8" ten="199,229,333,239" oya="2" hai0="40,82,125,21,122,38,71,99,41,25,123,62,16" hai1="120,124,92,133,11,103,2,116,76,61,14,128,89" hai2="107,121,3,23,49,69,84,126,50,29,83,10,102" hai3="39,59,108,87,98,115,93,70,28,109,111,132,31"/><V127/><F69/><W24/><G70/><T54/><D125/><N who="2" m="47626" /><F121/><W52/><G39/><T37/><D37/><U81/><E124/><V48/><F102/><W74/><G74/><T95/><D82/><U7/><E120/><V73/><F107/><W94/><G132/><T33/><D33/><U65/><E116/><V1/><F73/><W85/><G115/><T75/><D75/><U57/><E133/><V36/><F36/><W56/><G56/><N who="0" m="35095" /><D71/><U47/><E128/><V5/><F23/><N who="3" m="15391" /><G31/><T32/><D32/><U18/><E103/><V110/><F29/><W86/><G98/><T13/><D38/><U77/><E81/><V26/><F26/><W63/><AGARI ba="0,0" hai="52,59,63,85,86,87,93,94,108,109,111" m="15391" machi="63" ten="40,2700,0" yaku="14,1,54,1" doraHai="8" who="3" fromWho="3" sc="199,-7,229,-7,333,-13,239,27" /><INIT seed="3,0,0,1,2,113" ten="192,222,320,266" oya="3" hai0="37,91,10,120,30,97,39,24,90,0,71,8,69" hai1="66,102,72,107,26,33,17,94,126,86,62,93,116" hai2="110,48,7,115,57,128,85,104,29,52,70,131,51" hai3="127,105,89,134,40,13,58,80,44,21,4,121,99"/><W130/><G121/><T49/><D120/><U124/><E72/><V117/><F117/><W123/><G123/><T11/><D0/><U118/><E86/><V31/><F110/><W88/><G130/><N who="2" m="49705" /><F70/><W15/><G134/><T28/><D49/><U122/><E122/><V2/><F104/><W78/><G127/><N who="1" m="48682" /><E17/><V5/><F51/><W87/><G58/><T45/><D97/><N who="1" m="61903" /><E93/><V101/><F85/><W109/><G109/><T106/><D106/><U103/><E103/><V95/><F95/><W129/><G129/><T53/><D53/><U9/><E94/><V73/><F52/><W14/><G99/><T76/><D76/><U54/><E54/><V96/><F96/><W59/><G59/><T92/><D92/><U36/><E36/><N who="0" m="13897" /><D45/><U55/><E55/><V47/><F47/><W67/><G67/><T63/><D63/><U18/><E9/><N who="0" m="2305" /><T61/><DORA hai="25" /><D61/><U60/><E60/><V46/><F46/><W6/><G105/><T22/><D30/><N who="1" m="19671" /><E18/><V32/><F29/><W114/><G114/><T56/><D56/><AGARI ba="0,0" hai="56,62,66,116,118" m="19671,61903,48682" machi="56" ten="30,7700,0" yaku="18,1,52,3" doraHai="113,25" who="1" fromWho="0" sc="192,-77,222,77,320,0,266,0" owari="115,-38.0,299,10.0,320,41.0,266,-13.0" /></mjloggm>