<mjloggm ver="2.3"><GO type="97" lobby="0"/><UN n0="%E3%81%A9%E3%82%93%E3%82%88%E3%81%8F" n1="%42%45%45%4E%53%64%65%67" n2="%E3%82%A6%E3%83%AB%E3%83%88%E3%83%A9%E7%AB%8B%E7%9B%B4" n3="%6B%61%75" dan="13,13,14,15" rate="1856.90,1810.07,1954.05,2084.70" sx="M,M,M,M"/><TAIKYOKU oya="0"/><INIT seed="0,0,0,0,1,10" ten="250,250,250,250" oya="0" hai0="90,48,49,18,135,91,71,63,111,122,117,39,68" hai1="53,86,58,131,101,21,93,74,66,51,128,57,89" hai2="82,102,77,17,88,28,35,56,40,43,78,5,81" hai3="59,80,79,9,32,115,54,31,104,2,95,42,61"/><T75/><D122/><U69/><E69/><V13/><F35/><W24/><G104/><T25/><D117/><U8/><E74/><V55/><F28/><W29/><G42/><N who="2" m="15913" /><F102/><W125/><G125/><T108/><D39/><U109/><E109/><N who="0" m="42057" /><D75/><U15/><E101/><V134/><F5/><W36/><G36/><T120/><D120/><U94/><E21/><N who="2" m="11439" /><F134/><W129/><G129/><N who="1" m="49738" /><E93/><V126/><F126/><W50/><G29/><T46/><D135/><U132/><E132/><V41/><N who="2" m="15921" /><V97/><DORA hai="72" /><F82/><W45/><G95/><T11/><D49/><U83/><E94/><N who="2" m="56519" /><F81/><W84/><G115/><T37/><D37/><U76/><E89/><N who="0" m="33801" /><D63/><AGARI ba="0,0" hai="55,56,63,77,78" m="56519,11439,15921" machi="63" ten="30,8000,1" yaku="8,1,52,3,54,1" doraHai="10,72" who="2" fromWho="0" sc="250,-80,250,0,250,80,250,0" /><INIT seed="1,0,0,4,5,27" ten="170,250,330,250" oya="1" hai0="108,96,84,74,18,36,52,116,16,49,3,120,43" hai1="102,48,131,114,47,99,87,42,85,90,128,130,59" hai2="17,37,133,103,54,60,76,107,41,61,10,86,4" hai3="129,0,126,58,20,95,119,79,40,23,122,104,15"/><U83/><E114/><V55/><F133/><W35/><G104/><T123/><D74/><U118/><E118/><V111/><F111/><W62/><G0/><T22/><D116/><U89/><E59/><V45/><F103/><W33/><G40/><T64/><D3/><U92/><REACH who="1" step="1"/><E87/><REACH who="1" ten="170,240,330,250" step="2"/><V97/><F86/><W105/><G119/><T57/><D84/><U24/><E24/><V30/><F45/><W125/><G122/><T6/><D108/><U134/><E134/><V2/><F60/><W81/><G129/><T14/><D120/><U63/><E63/><V50/><F61/><W98/><G105/><T51/><D123/><U106/><E106/><V19/><F107/><W68/><G68/><T69/><D69/><U5/><E5/><V13/><F4/><W75/><G125/><T65/><D6/><U135/><E135/><V80/><F97/><W117/><G117/><T66/><D96/><U28/><E28/><V127/><F30/><W26/><G126/><T112/><D112/><U132/><E132/><V72/><F127/><W31/><G62/><T38/><REACH who="0" step="1"/><D18/><REACH who="0" ten="160,240,330,250" step="2"/><U32/><E32/><V73/><F17/><W93/><G33/><T39/><D39/><U11/><E11/><V8/><F37/><W56/><G35/><T44/><AGARI ba="0,2" hai="14,16,22,36,38,43,44,49,51,52,57,64,65,66" machi="44" ten="30,7900,0" yaku="1,1,0,1,54,2,53,0" doraHai="27" doraHaiUra="82" who="0" fromWho="0" sc="160,99,240,-39,330,-20,250,-20" /><INIT seed="2,0,0,1,2,135" ten="259,201,310,230" oya="2" hai0="52,110,36,96,102,99,131,44,77,81,128,71,45" hai1="76,74,98,41,87,40,129,93,48,82,13,100,123" hai2="12,117,75,23,51,46,132,19,39,3,89,84,126" hai3="90,127,32,6,73,63,88,25,118,116,28,114,29"/><V50/><F75/><W0/><G73/><T112/><D71/><U47/><E123/><V65/><F3/><W56/><G127/><T35/><D112/><U111/><E111/><V130/><F117/><W108/><G108/><T54/><D35/><U85/><E129/><N who="0" m="49737" /><D110/><U80/><E13/><V10/><F39/><W125/><G125/><T66/><D66/><U43/><REACH who="1" step="1"/><E74/><REACH who="1" ten="259,191,310,230" step="2"/><V86/><F130/><W97/><G116/><T95/><D96/><U26/><E26/><V55/><F126/><W4/><G118/><T105/><D105/><U115/><E115/><V33/><F132/><W122/><G0/><T69/><D69/><U61/><E61/><V79/><F33/><W14/><G14/><T72/><D44/><U91/><AGARI ba="0,1" hai="40,41,43,47,48,76,80,82,85,87,91,93,98,100" machi="91" ten="20,5200,0" yaku="1,1,0,1,7,1,8,1,53,0" doraHai="135" doraHaiUra="62" who="1" fromWho="1" sc="259,-13,191,62,310,-26,230,-13" /><INIT seed="3,0,0,5,3,46" ten="246,253,284,217" oya="3" hai0="44,84,38,125,117,124,18,89,101,91,28,92,25" hai1="15,58,75,20,132,43,39,6,32,102,53,116,63" hai2="131,61,49,127,118,81,42,12,19,115,7,17,50" hai3="135,103,29,0,21,57,55,56,114,109,14,106,36"/><W119/><G114/><T95/><D117/><U111/><E32/><V60/><F118/><W10/><G119/><T27/><D101/><U62/><E116/><V70/><F70/><W121/><G121/><T110/><D110/><U59/><E132/><V35/><F35/><W104/><G0/><T97/><D18/><N who="2" m="6666" /><F115/><W108/><G36/><T51/><D38/><U74/><E111/><V122/><F122/><W120/><G120/><T67/><D67/><U80/><E80/><V30/><F30/><W85/><G135/><T48/><D44/><U128/><E128/><V68/><F68/><W5/><G85/><T76/><D76/><U34/><E34/><V123/><F123/><W133/><G133/><T23/><REACH who="0" step="1"/><D25/><REACH who="0" ten="236,253,284,217" step="2"/><U1/><E39/><V16/><F7/><W72/><G72/><T4/><D4/><U24/><E102/><V87/><F131/><W129/><G129/><T90/><D90/><U31/><E75/><V40/><F127/><AGARI ba="0,1" hai="23,27,28,48,51,84,89,91,92,95,97,124,125,127" machi="127" ten="40,8000,1" yaku="1,1,18,1,52,2,53,0" doraHai="46" doraHaiUra="107" who="0" fromWho="2" sc="236,90,253,0,284,-80,217,0" owari="326,43.0,253,5.0,204,-30.0,217,-18.0" /></mjloggm>