<mjloggm ver="2.3"><GO type="169" lobby="0"/><UN n0="%E5%A4%A9%E9%BC%93" n1="%E3%82%A6%E3%83%AB%E3%83%88%E3%83%A9%E7%AB%8B%E7%9B%B4" n2="%E2%98%85%74%61%72%75%74%6F%E2%98%85" n3="%E3%82%BC%E3%83%B3%E3%83%84%E3%83%83%E3%83%91" dan="17,16,16,18" rate="2061.91,2124.86,2113.16,2182.01" sx="M,M,M,M"/><TAIKYOKU oya="0"/><INIT seed="0,0,0,4,2,117" ten="250,250,250,250" oya="0" hai0="38,30,26,88,24,122,95,33,96,13,50,75,62" hai1="73,118,15,54,47,37,36,42,19,69,39,17,67" hai2="124,93,12,44,85,72,0,92,1,81,100,119,4" hai3="107,87,53,66,74,14,28,123,133,48,21,90,89"/><T23/><D38/><U5/><E73/><V45/><F72/><W29/><G74/><T49/><D122/><U59/><E5/><V129/><F124/><W102/><G133/><T6/><D75/><U2/><E2/><V83/><F129/><W111/><G111/><T27/><D62/><N who="1" m="40183" /><E19/><V41/><F119/><W97/><G66/><T108/><D108/><U125/><E118/><V105/><F105/><W116/><G123/><T78/><D78/><U94/><E94/><V84/><F41/><W121/><G121/><T61/><D61/><U115/><E115/><V70/><F70/><W11/><G116/><T132/><D132/><U101/><E101/><V35/><F12/><W34/><G34/><T114/><D114/><U9/><E125/><V134/><F134/><W79/><G79/><T10/><REACH who="0" step="1"/><D27/><REACH who="0" ten="240,250,250,250" step="2"/><U110/><E110/><V91/><F100/><W82/><G102/><T55/><D55/><U8/><E37/><V99/><F91/><W106/><G89/><T16/><AGARI ba="0,1" hai="6,10,13,16,23,24,26,30,33,49,50,88,95,96" machi="16" ten="20,12000,1" yaku="1,1,0,1,7,1,54,2,53,0" doraHai="117" doraHaiUra="120" who="0" fromWho="0" sc="240,130,250,-40,250,-40,250,-40" /><INIT seed="0,1,0,1,2,49" ten="370,210,210,210" oya="0" hai0="43,61,9,76,51,53,40,114,14,28,73,48,63" hai1="98,118,81,111,121,75,54,70,97,108,67,30,131" hai2="37,2,96,41,39,64,25,1,115,46,24,23,6" hai3="89,27,29,19,65,122,86,101,134,74,77,42,34"/><T95/><D114/><U79/><E67/><V83/><F115/><W71/><G134/><T52/><D73/><U92/><E70/><V45/><F64/><W125/><G125/><T78/><D28/><U117/><E30/><V62/><F62/><N who="0" m="23562" /><D95/><U104/><E54/><N who="0" m="21097" /><D51/><U133/><E133/><V50/><F50/><W130/><G74/><T10/><D10/><U26/><E26/><V60/><F60/><W32/><G27/><T4/><D43/><U31/><E31/><V69/><F41/><W15/><G42/><T59/><D59/><U129/><E121/><V110/><F69/><W66/><G29/><T68/><D68/><U94/><E104/><V109/><F39/><W3/><G71/><T116/><D116/><U11/><E11/><V127/><F37/><W55/><G122/><T120/><D120/><U58/><E58/><V99/><F2/><W107/><G3/><T38/><D38/><U103/><E118/><V72/><F1/><W126/><G65/><T35/><D35/><U0/><E0/><V91/><F72/><W18/><G34/><T17/><D17/><U7/><E117/><V21/><F46/><AGARI ba="1,0" hai="4,9,14,40,46,48,76,78" m="21097,23562" machi="46" ten="30,12000,1" yaku="8,1,52,3,54,1" doraHai="49" who="0" fromWho="2" sc="370,123,210,0,210,-123,210,0" /><INIT seed="0,2,0,4,1,129" ten="493,210,87,210" oya="0" hai0="66,113,96,37,35,134,53,79,94,26,32,22,102" hai1="121,86,1,63,106,2,17,83,104,4,12,125,76" hai2="16,120,23,25,124,68,97,87,128,84,119,31,59" hai3="48,75,101,6,49,107,3,5,20,39,103,132,133"/><T85/><D113/><U89/><E125/><V57/><F68/><W40/><G75/><T24/><D37/><U50/><E121/><V11/><F120/><W78/><G39/><T36/><D36/><U117/><E117/><V71/><F71/><W69/><G69/><T114/><D114/><U43/><E2/><V81/><F119/><W80/><G3/><T47/><D66/><U46/><E63/><V8/><F124/><W55/><G40/><T110/><D24/><U74/><E4/><N who="3" m="1642" /><G20/><T67/><D67/><U64/><E1/><V21/><F128/><W116/><G116/><T73/><D73/><U90/><E64/><V54/><F97/><W9/><G9/><T118/><D118/><U91/><REACH who="1" step="1"/><E74/><REACH who="1" ten="493,200,87,210" step="2"/><V13/><F87/><N who="3" m="48535" /><G107/><T72/><D72/><U115/><E115/><V70/><F70/><W88/><G48/><T56/><D85/><U45/><E45/><V38/><F38/><W77/><G77/><T52/><D79/><U62/><E62/><V82/><F59/><W100/><G49/><T28/><D47/><U99/><E99/><V14/><F84/><W109/><G109/><T130/><D110/><U127/><E127/><V10/><REACH who="2" step="1"/><F14/><REACH who="2" ten="493,200,77,210" step="2"/><W41/><G41/><T18/><D130/><U135/><E135/><V19/><F19/><W58/><G133/><T123/><D134/><U93/><E93/><V30/><F30/><W95/><G132/><T98/><D98/><U0/><E0/><V27/><F27/><W65/><G58/><T105/><D123/><U29/><E29/><V15/><F15/><W44/><G95/><T111/><D94/><RYUUKYOKU ba="2,2" sc="493,-15,200,15,77,15,210,-15" hai1="12,17,43,46,50,76,83,86,89,90,91,104,106" hai2="8,10,11,13,16,21,23,25,31,54,57,81,82" /><INIT seed="1,3,2,1,3,60" ten="478,215,92,195" oya="1" hai0="34,99,87,89,102,116,40,30,92,24,44,5,55" hai1="27,126,123,85,23,9,51,101,100,132,107,114,41" hai2="29,130,22,2,113,96,54,119,83,64,14,65,82" hai3="121,8,66,43,127,16,33,35,74,0,39,125,93"/><U53/><E107/><V4/><F2/><W6/><G74/><T106/><D5/><U17/><E123/><V50/><F119/><W57/><G121/><T70/><D116/><U19/><E114/><V31/><F113/><W128/><G128/><T38/><D55/><U109/><E109/><V129/><F96/><W131/><G131/><N who="2" m="50185" /><F4/><W69/><G69/><T78/><D78/><U110/><E126/><N who="3" m="48138" /><G93/><T103/><D103/><U124/><E132/><V97/><F97/><W32/><G43/><T81/><REACH who="0" step="1"/><D70/><REACH who="0" ten="468,215,92,195" step="2"/><U112/><E124/><V120/><F120/><W37/><G6/><T105/><AGARI ba="3,3" hai="24,30,34,38,40,44,81,87,89,92,99,102,105,106" machi="105" ten="30,4000,0" yaku="1,1,2,1,0,1,53,0" doraHai="60" doraHaiUra="59" who="0" fromWho="0" sc="468,79,215,-23,92,-13,195,-13" /><INIT seed="2,0,0,0,3,50" ten="547,192,79,182" oya="2" hai0="135,103,11,87,102,67,1,82,24,68,15,28,23" hai1="126,89,3,12,29,41,22,5,106,133,49,115,6" hai2="94,27,54,59,85,48,35,124,110,51,16,61,112" hai3="60,117,4,105,86,88,109,46,34,83,134,111,63"/><V18/><F124/><W40/><G117/><T25/><D135/><U65/><E106/><V39/><F39/><W72/><G34/><T123/><D123/><U13/><E65/><V56/><F112/><W26/><G105/><T76/><D1/><U113/><E49/><V98/><F110/><N who="3" m="41995" /><G134/><T45/><D45/><U47/><E89/><V70/><F70/><W108/><N who="3" m="42003" /><W91/><DORA hai="17" /><G4/><T31/><D67/><U104/><E47/><V125/><F125/><W128/><G128/><T118/><D118/><U19/><E41/><V96/><F35/><W74/><G91/><T69/><D69/><U33/><E104/><V42/><F85/><W62/><G26/><T107/><D107/><U116/><E116/><V101/><F98/><W90/><G90/><T43/><D43/><U57/><E133/><V9/><F9/><W127/><G127/><T77/><D77/><U14/><E126/><V129/><F129/><W53/><G53/><T0/><D0/><U132/><E132/><V71/><F71/><W122/><G122/><T92/><D92/><U131/><E131/><V36/><F36/><AGARI ba="0,0" hai="36,40,46,60,62,63,72,74,83,86,88" m="42003" machi="36" ten="40,2600,0" yaku="14,1,54,1" doraHai="50,17" who="3" fromWho="2" sc="547,0,192,0,79,-26,182,26" /><INIT seed="3,0,0,3,0,60" ten="547,192,53,208" oya="3" hai0="107,87,71,130,101,39,73,97,48,14,47,4,116" hai1="106,94,55,77,85,76,35,121,132,29,79,40,67" hai2="115,134,66,98,124,45,102,123,75,8,32,112,61" hai3="5,70,65,57,49,126,93,52,72,111,113,7,41"/><W19/><G113/><T125/><D73/><U83/><E29/><V105/><F123/><W64/><G72/><T127/><D39/><U131/><E35/><V95/><F134/><W129/><G70/><T21/><D116/><U3/><E3/><V96/><F124/><W0/><G0/><T99/><D130/><U119/><E40/><V58/><F75/><W133/><G133/><T84/><D71/><U44/><E106/><V24/><F8/><W56/><G126/><N who="0" m="48139" /><D97/><U74/><E74/><V103/><F45/><N who="3" m="25775" /><G129/><T16/><D4/><N who="3" m="1609" /><G111/><T22/><D22/><U54/><E131/><V17/><F17/><W53/><G19/><T13/><D13/><U33/><E33/><V30/><REACH who="2" step="1"/><F32/><REACH who="2" ten="547,192,43,208" step="2"/><W36/><G36/><T28/><D28/><U26/><E132/><V109/><F109/><W20/><G20/><T50/><D47/><U9/><E9/><V63/><F63/><N who="3" m="36231" /><G93/><T128/><D128/><U2/><E94/><V62/><F62/><AGARI ba="0,1" hai="53,57,62,64,65" m="36231,1609,25775" machi="62" ten="30,11600,0" yaku="8,1,52,2,54,1" doraHai="60" who="3" fromWho="2" sc="547,0,192,0,43,-116,208,126" owari="547,65.0,192,-21.0,-73,-57.0,334,13.0" /></mjloggm>