<mjloggm ver="2.3"><GO type="97" lobby="0"/><UN n0="%E3%83%9E%E3%83%AB%E3%82%B2%E3%83%AA%E3%83%BC%E3%82%BF" n1="%4A%50%53%E6%9D%B1%E9%A2%A8" n2="%34%39%30%32%30%31%31" n3="%E3%82%A6%E3%83%AB%E3%83%88%E3%83%A9%E7%AB%8B%E7%9B%B4" dan="14,15,14,15" rate="1889.46,2070.19,1891.96,1995.35" sx="M,M,M,M"/><TAIKYOKU oya="0"/><INIT seed="0,0,0,3,1,92" ten="250,250,250,250" oya="0" hai0="63,127,108,128,95,104,71,109,22,131,93,87,84" hai1="37,46,98,21,15,78,41,119,52,34,44,2,110" hai2="24,62,99,79,57,30,85,106,17,116,101,121,42" hai3="60,123,25,36,107,48,20,82,12,111,16,132,59"/><T86/><D71/><U32/><E119/><V70/><F121/><W53/><G36/><T33/><D22/><U103/><E2/><V66/><F116/><W124/><G111/><N who="0" m="42571" /><D33/><U5/><E78/><V69/><F42/><W89/><G124/><T74/><D63/><U130/><E130/><N who="0" m="49705" /><D104/><U28/><E110/><V31/><F17/><W115/><G107/><T83/><D127/><U133/><E133/><V18/><F18/><W51/><G132/><T4/><D4/><U39/><E39/><V54/><F69/><W114/><G123/><T120/><D120/><U6/><E6/><V81/><REACH who="2" step="1"/><F24/><REACH who="2" ten="250,250,240,250" step="2"/><W117/><G117/><T1/><D1/><U125/><E5/><V64/><F64/><W72/><G25/><T126/><D126/><U90/><E125/><V73/><F73/><W135/><G135/><T134/><D134/><U11/><E28/><V65/><F65/><W40/><G72/><T7/><D7/><U100/><E34/><V50/><AGARI ba="0,1" hai="30,31,50,54,57,62,66,70,79,81,85,99,101,106" machi="50" ten="20,5200,0" yaku="1,1,0,1,7,1,52,1,53,0" doraHai="92" doraHaiUra="8" who="2" fromWho="2" sc="250,-26,250,-13,240,62,250,-13" /><INIT seed="1,0,0,4,0,78" ten="224,237,302,237" oya="1" hai0="11,19,6,36,63,110,90,35,49,4,89,130,92" hai1="77,8,38,124,53,27,75,3,28,10,70,42,133" hai2="26,125,101,76,104,115,114,21,88,81,111,15,108" hai3="94,59,9,0,99,71,122,12,126,116,109,87,57"/><U40/><E70/><V62/><F125/><W34/><G34/><T47/><D36/><U60/><E124/><V102/><F104/><W72/><G72/><T7/><D35/><U48/><E133/><V69/><F15/><W25/><G0/><T129/><D110/><N who="2" m="42026" /><F69/><W127/><G71/><T2/><D63/><U106/><E60/><V73/><F62/><W91/><G116/><T32/><D32/><U13/><E106/><V118/><F118/><W61/><G122/><T105/><D105/><U98/><E98/><V51/><F51/><W107/><G109/><T46/><D2/><U23/><E38/><V43/><F43/><W85/><G107/><T123/><D49/><U100/><E3/><V14/><F14/><W96/><G25/><T54/><D54/><U41/><E13/><V74/><F21/><W39/><G39/><T97/><D11/><U83/><REACH who="1" step="1"/><E100/><REACH who="1" ten="224,227,302,237" step="2"/><N who="2" m="38507" /><F26/><W37/><G37/><T79/><D123/><U82/><E82/><N who="2" m="45327" /><F74/><W29/><G61/><T33/><D7/><U120/><E120/><V121/><F121/><W20/><G126/><T132/><D4/><U44/><AGARI ba="0,1" hai="8,10,23,27,28,40,41,42,44,48,53,75,77,83" machi="44" ten="30,11700,0" yaku="1,1,0,1,52,1,53,1" doraHai="78" doraHaiUra="45" who="1" fromWho="1" sc="224,-39,227,127,302,-39,237,-39" /><INIT seed="1,1,0,0,1,107" ten="185,354,263,198" oya="1" hai0="31,38,131,24,128,69,5,22,124,117,68,119,100" hai1="116,33,104,88,53,74,60,56,94,101,134,97,92" hai2="106,120,127,10,52,15,75,40,112,123,121,85,51" hai3="29,111,45,108,95,47,46,63,72,71,105,102,129"/><U113/><E113/><V87/><F75/><W55/><G105/><T37/><D5/><U80/><E116/><N who="0" m="44617" /><D100/><U42/><E33/><V23/><F106/><W0/><G0/><T86/><D86/><U84/><E134/><V25/><F112/><W54/><G29/><T2/><D2/><U89/><E42/><V14/><F40/><W57/><G95/><T27/><D22/><U8/><E8/><V67/><F67/><N who="3" m="41471" /><G102/><T6/><D6/><U130/><E130/><N who="0" m="49705" /><D124/><U115/><E115/><V41/><F41/><W36/><G72/><T76/><D76/><N who="1" m="44055" /><E89/><V132/><F127/><W17/><G17/><T35/><D27/><U118/><E94/><V4/><F14/><W39/><G129/><T21/><D21/><U30/><E118/><V135/><F85/><W122/><G39/><AGARI ba="1,0" hai="24,31,35,37,38,39,68,69" m="49705,44617" machi="39" ten="40,2600,0" yaku="19,1,23,1" doraHai="107" who="0" fromWho="3" sc="185,29,354,0,263,0,198,-29" /><INIT seed="2,0,0,5,0,12" ten="214,354,263,169" oya="2" hai0="63,73,117,69,11,53,26,91,17,49,64,99,35" hai1="19,108,115,128,24,6,8,80,87,3,134,22,4" hai2="118,97,70,131,110,104,111,16,122,43,120,72,85" hai3="96,135,7,86,75,71,107,119,60,83,84,13,88"/><V51/><F118/><W126/><G75/><T21/><D73/><U133/><E115/><V105/><F70/><W130/><G119/><T44/><D117/><U123/><E6/><V90/><F72/><W112/><G112/><T67/><D67/><U46/><E46/><V42/><F131/><W77/><G130/><T29/><D11/><U45/><E45/><V52/><F97/><W82/><G126/><T59/><D99/><U98/><E98/><V81/><F105/><W92/><G135/><N who="1" m="51722" /><E128/><V9/><F104/><W5/><G107/><T78/><D91/><N who="1" m="51687" /><E108/><N who="2" m="41515" /><F42/><W76/><G13/><T36/><D78/><U55/><E55/><V15/><F43/><W129/><G129/><T116/><D116/><U74/><E74/><V121/><F122/><AGARI ba="0,0" hai="3,4,8,19,22,24,122,123" m="51687,51722" machi="122" ten="30,2000,0" yaku="20,1,52,1" doraHai="12" who="1" fromWho="2" sc="214,0,354,20,263,-20,169,0" /><INIT seed="3,0,0,4,0,111" ten="214,374,243,169" oya="3" hai0="88,102,77,59,18,129,109,132,113,47,125,85,99" hai1="4,0,61,41,78,133,93,67,7,124,38,106,119" hai2="39,12,73,97,63,89,116,107,11,105,122,68,103" hai3="27,25,48,128,98,81,60,50,120,26,55,58,131"/><W123/><G81/><T65/><D65/><U17/><E106/><V84/><F73/><W127/><G98/><T53/><D47/><U82/><E0/><V92/><F116/><W96/><G96/><T14/><D109/><U52/><E38/><V79/><F122/><W28/><G28/><T23/><D77/><U21/><E41/><V24/><F39/><W115/><G127/><T30/><D125/><U74/><E124/><V16/><F79/><W36/><G36/><T2/><D2/><U118/><E52/><V8/><F105/><W108/><G108/><T95/><D30/><U9/><E93/><V42/><F42/><W6/><G6/><T29/><D29/><U37/><E133/><V90/><F90/><W10/><G10/><T33/><D33/><U34/><E34/><V51/><F51/><W66/><G115/><T35/><D35/><U62/><E37/><V20/><F68/><W71/><REACH who="3" step="1"/><G50/><REACH who="3" ten="214,374,243,159" step="2"/><N who="0" m="31159" /><D132/><U57/><E9/><V54/><F11/><W40/><G40/><T104/><D129/><AGARI ba="0,1" hai="25,26,27,48,55,58,60,66,71,120,123,128,129,131" machi="129" ten="40,3900,0" yaku="1,1,19,1,53,0" doraHai="111" doraHaiUra="130" who="3" fromWho="0" sc="214,-39,374,0,243,0,159,49" /><INIT seed="3,1,0,2,1,41" ten="175,374,243,208" oya="3" hai0="70,77,47,34,62,123,1,116,75,30,90,126,42" hai1="132,107,109,95,99,35,11,115,16,36,51,97,55" hai2="133,92,66,31,130,59,8,110,13,20,57,118,81" hai3="100,69,73,50,120,106,7,82,49,103,104,5,32"/><W25/><G69/><T60/><D123/><U46/><E115/><V98/><F118/><W101/><G120/><T76/><D116/><U125/><E35/><V33/><F110/><W9/><G73/><T45/><D1/><U21/><E36/><V96/><F133/><W113/><G113/><T0/><D0/><U87/><E132/><V127/><F130/><W40/><G32/><T83/><D126/><U22/><E125/><V26/><F127/><W53/><G82/><T117/><D117/><U71/><E71/><V94/><F81/><W23/><G40/><T108/><D108/><U89/><E109/><V10/><F33/><W79/><G79/><N who="0" m="30283" /><D30/><U29/><E107/><V129/><F129/><W19/><G50/><T78/><D34/><U38/><E38/><V54/><F66/><W114/><G114/><T6/><D6/><U18/><E11/><V67/><F67/><W121/><G121/><T17/><D42/><U24/><E29/><V91/><F54/><W56/><REACH who="3" step="1"/><G7/><REACH who="3" ten="175,374,243,198" step="2"/><T88/><D70/><U74/><E74/><V63/><F63/><N who="0" m="24106" /><D17/><U134/><E134/><V44/><F31/><W135/><G135/><T93/><D93/><U61/><E61/><V105/><F92/><W64/><G64/><T58/><D58/><U48/><E51/><V3/><F59/><W28/><G28/><T112/><D112/><U102/><E102/><V119/><F94/><W37/><G37/><T27/><D27/><AGARI ba="1,1" hai="16,18,21,22,24,27,46,48,55,87,89,95,97,99" machi="27" ten="30,8000,1" yaku="7,1,9,1,8,1,52,1,54,1" doraHai="41" who="1" fromWho="0" sc="175,-83,374,93,243,0,198,0" owari="92,-41.0,467,57.0,243,4.0,198,-20.0" /></mjloggm>