<mjloggm ver="2.3"><GO type="169" lobby="0"/><UN n0="%E3%82%A6%E3%83%AB%E3%83%88%E3%83%A9%E7%AB%8B%E7%9B%B4" n1="%43%52%41%5A%59%42%45%45" n2="%61%68%68%68%68%68%68%61" n3="%E5%8D%97%E6%A5%B5%31%E5%8F%B7" dan="17,17,17,16" rate="2110.52,2125.67,2191.94,2054.80" sx="M,M,M,M"/><TAIKYOKU oya="0"/><INIT seed="0,0,0,0,4,1" ten="250,250,250,250" oya="0" hai0="16,127,134,46,48,101,73,111,47,77,45,10,21" hai1="7,85,51,105,49,14,96,110,112,114,95,78,15" hai2="100,89,109,130,27,36,99,59,131,86,26,132,82" hai3="107,39,70,44,8,128,5,102,22,57,116,108,75"/><T83/><D127/><U28/><E28/><V56/><F36/><W13/><G116/><T129/><D129/><N who="2" m="49162" /><F109/><W103/><G70/><T118/><D118/><U98/><E105/><N who="2" m="63647" /><F132/><W87/><G108/><T12/><D134/><U58/><E110/><V120/><F120/><W124/><G75/><T53/><D111/><U121/><E121/><V119/><F119/><W30/><G124/><T122/><D122/><U40/><E40/><V41/><F41/><W18/><G107/><T25/><REACH who="0" step="1"/><D101/><REACH who="0" ten="240,250,250,250" step="2"/><U52/><E114/><V92/><F92/><W63/><G128/><T42/><D42/><U97/><E112/><V115/><F115/><W54/><G102/><T32/><D32/><U11/><E95/><V106/><F106/><W33/><G103/><T84/><D84/><U133/><E133/><V24/><AGARI ba="0,1" hai="24,26,27,56,59,82,86,89" m="63647,49162" machi="24" ten="30,1100,0" yaku="19,1" doraHai="1" who="2" fromWho="2" sc="240,-5,250,-3,250,21,250,-3" /><INIT seed="1,0,0,1,5,86" ten="235,247,271,247" oya="1" hai0="106,83,61,28,70,90,62,123,69,96,0,110,3" hai1="32,128,120,109,14,76,67,59,1,64,118,16,101" hai2="19,4,8,89,42,60,88,5,37,132,58,130,51" hai3="49,91,38,126,22,20,39,107,10,114,71,122,93"/><U131/><E120/><V17/><F37/><W6/><G122/><T44/><D123/><U13/><E118/><V87/><F132/><W24/><G114/><T113/><D113/><U103/><E1/><V129/><F129/><N who="1" m="49737" /><E32/><V119/><F119/><W102/><G71/><T112/><D28/><U94/><E76/><V125/><F125/><W15/><G126/><T30/><D30/><U99/><E109/><V35/><F35/><W56/><G102/><T54/><D0/><U115/><E115/><V121/><F121/><W80/><G107/><T104/><D3/><U134/><E134/><V34/><F34/><W45/><G80/><T57/><D110/><U105/><E13/><N who="2" m="7335" /><F130/><W52/><G45/><T73/><D112/><U77/><E77/><V95/><F19/><W78/><G78/><T127/><D127/><U116/><E116/><V100/><F100/><W43/><G43/><T9/><D73/><U36/><E36/><V47/><F89/><W25/><G22/><T92/><D9/><N who="1" m="6223" /><E103/><V117/><F117/><W2/><G2/><T74/><D74/><U81/><E105/><V55/><AGARI ba="0,0" hai="4,5,42,47,51,55,58,60,87,88,95" m="7335" machi="55" ten="30,4000,0" yaku="8,1,52,1,54,1" doraHai="86" who="2" fromWho="2" sc="235,-10,247,-20,271,40,247,-10" /><INIT seed="2,0,0,1,4,90" ten="225,227,311,237" oya="2" hai0="126,120,87,129,13,67,26,11,34,127,53,128,125" hai1="107,123,124,110,71,76,61,89,106,112,15,22,70" hai2="9,104,18,119,60,85,100,78,75,50,97,6,103" hai3="55,130,94,109,42,113,10,74,73,105,57,63,45"/><V111/><F119/><W16/><G105/><T62/><D120/><U29/><E112/><V101/><F111/><W65/><G109/><T24/><D53/><U52/><E110/><V17/><F75/><W82/><G82/><T2/><D87/><U80/><E123/><V47/><F60/><W92/><G130/><N who="0" m="50283" /><D2/><U4/><E124/><V49/><F103/><W84/><G84/><T114/><D114/><U91/><E107/><V58/><F101/><W0/><G0/><T102/><D102/><U5/><E106/><V98/><F98/><W14/><G74/><T81/><D81/><U36/><E36/><V41/><F78/><W95/><G73/><T48/><D48/><U117/><E117/><V133/><F85/><W25/><G25/><T39/><D39/><U88/><E80/><V115/><F133/><W40/><G113/><T21/><D34/><U72/><E76/><V122/><F122/><W108/><G108/><T12/><D62/><U8/><E72/><V31/><F115/><W116/><G116/><T43/><D43/><N who="3" m="16425" /><G45/><T30/><D67/><AGARI ba="0,0" hai="10,14,16,55,57,63,65,67,92,94,95" m="16425" machi="67" ten="30,8000,1" yaku="8,1,52,3,54,1" doraHai="90" who="3" fromWho="0" sc="225,-80,227,0,311,0,237,80" /><INIT seed="3,0,0,5,1,6" ten="145,227,311,317" oya="3" hai0="90,72,63,115,71,124,39,12,68,80,135,4,28" hai1="30,123,107,65,25,130,75,10,9,84,108,62,60" hai2="109,37,114,129,26,38,31,86,17,44,131,20,122" hai3="89,46,118,36,101,127,16,103,83,94,27,125,48"/><W3/><G36/><T81/><D39/><U24/><E123/><V82/><F114/><W53/><G3/><T70/><D115/><U97/><E75/><V7/><F122/><W40/><G40/><T61/><D124/><N who="3" m="47689" /><G83/><T32/><D135/><U78/><E108/><V104/><F104/><W15/><G27/><T74/><D28/><U18/><E130/><N who="2" m="49675" /><F109/><W98/><G118/><T92/><D32/><U52/><E62/><V77/><F44/><W116/><G116/><T51/><D51/><U55/><E18/><V41/><F41/><W14/><G14/><T85/><D74/><U111/><E25/><N who="2" m="14479" /><F7/><W56/><G56/><T54/><D54/><N who="1" m="20523" /><E111/><V134/><F134/><W42/><G42/><T21/><D72/><U126/><E126/><V0/><F0/><W113/><G113/><T64/><D70/><N who="1" m="42279" /><E78/><V102/><F102/><W58/><G46/><T117/><D117/><U2/><E2/><V29/><F29/><W1/><G1/><T8/><REACH who="0" step="1"/><D21/><AGARI ba="0,0" hai="21,26,31,37,38,77,82,86" m="14479,49675" machi="21" ten="30,1000,0" yaku="19,1" doraHai="6" who="2" fromWho="0" sc="145,-10,227,0,311,10,317,0" /><AGARI ba="0,0" hai="15,16,21,48,53,58,89,94,98,101,103" m="47689" machi="21" ten="30,2900,0" yaku="18,1,54,1" doraHai="6" who="3" fromWho="0" sc="135,-29,227,0,321,0,317,29" /><INIT seed="3,1,0,2,5,36" ten="106,227,321,346" oya="3" hai0="131,20,126,49,132,47,127,5,34,125,76,115,80" hai1="72,106,32,73,82,31,89,44,14,28,71,55,59" hai2="99,12,37,123,129,42,116,88,83,74,78,13,56" hai3="124,102,7,134,94,100,121,96,81,67,92,46,2"/><W24/><G121/><T118/><D34/><U120/><E120/><V0/><F0/><W64/><G134/><T135/><D118/><U109/><E71/><V84/><F123/><W87/><G124/><T85/><D115/><U45/><E106/><V27/><F116/><W103/><G24/><T98/><D5/><U18/><E109/><V128/><F56/><W111/><G111/><T4/><D4/><U101/><E101/><V105/><F27/><W61/><G7/><T48/><D20/><U29/><E32/><V57/><F57/><W1/><G46/><T43/><D98/><U19/><E72/><V62/><F62/><W58/><G67/><T69/><D69/><U39/><E73/><V97/><F37/><W66/><G66/><T63/><D63/><N who="1" m="36351" /><E39/><V3/><F3/><W119/><G119/><T112/><D112/><U21/><E19/><V8/><F42/><W50/><G2/><T40/><D131/><N who="2" m="50250" /><F105/><W23/><G1/><T110/><D110/><U10/><E21/><V54/><F54/><W77/><G61/><T30/><D30/><U41/><E41/><N who="0" m="15945" /><D47/><U86/><AGARI ba="1,0" hai="10,14,18,28,29,31,44,45,82,86,89" m="36351" machi="86" ten="30,1100,0" yaku="8,1" doraHai="36" who="1" fromWho="1" sc="106,-4,227,14,321,-4,346,-6" /><INIT seed="4,0,0,2,5,127" ten="102,241,317,340" oya="0" hai0="110,86,78,52,27,125,51,70,45,115,133,62,85" hai1="114,68,7,93,4,32,67,25,80,119,94,112,96" hai2="22,23,82,36,50,64,31,81,130,21,43,100,16" hai3="14,95,71,113,131,48,55,5,6,76,120,117,102"/><T41/><D115/><N who="1" m="44075" /><E119/><V49/><F36/><W126/><G117/><T79/><D125/><U53/><E80/><N who="2" m="30827" /><F130/><W65/><G76/><N who="0" m="29227" /><D70/><U99/><E53/><V30/><F64/><W8/><G65/><T134/><D110/><U42/><E42/><V74/><F74/><W91/><G71/><T106/><D106/><U135/><E135/><N who="0" m="51721" /><D27/><U44/><E44/><N who="2" m="25759" /><F100/><W121/><G102/><T3/><D3/><U12/><E67/><V17/><F50/><W84/><G126/><T38/><D62/><U46/><E68/><V9/><F9/><W90/><G113/><T88/><D88/><N who="1" m="55335" /><E46/><AGARI ba="0,0" hai="38,41,45,46,51,52,85,86" m="51721,29227" machi="46" ten="30,2900,0" yaku="20,1,54,1" doraHai="127" who="0" fromWho="1" sc="102,29,241,-29,317,0,340,0" /><INIT seed="4,1,0,5,2,102" ten="131,212,317,340" oya="0" hai0="28,76,22,89,106,1,37,56,131,90,16,46,12" hai1="121,85,95,80,122,86,17,119,33,8,114,83,39" hai2="15,57,135,132,20,103,124,41,14,13,3,64,2" hai3="87,109,47,61,67,96,50,74,36,62,10,5,34"/><T58/><D1/><U75/><E39/><V98/><F41/><W63/><G74/><T91/><D131/><U104/><E33/><V115/><F115/><W101/><G34/><T51/><D37/><U6/><E17/><V66/><F124/><W68/><G87/><T99/><D76/><N who="1" m="44063" /><E8/><V27/><F2/><W78/><G78/><T32/><D32/><U116/><E6/><V117/><F3/><W0/><G109/><T40/><REACH who="0" step="1"/><D28/><REACH who="0" ten="121,212,317,340" step="2"/><U100/><E114/><V54/><F117/><W43/><G36/><T21/><D21/><U130/><E130/><V112/><F112/><W35/><G35/><T97/><D97/><N who="1" m="61455" /><E119/><V26/><F135/><W25/><G25/><T110/><D110/><U69/><E116/><V45/><F132/><W65/><G67/><T79/><D79/><N who="1" m="46335" /><E69/><V23/><F27/><W82/><G65/><T126/><D126/><U55/><E55/><V128/><F26/><W31/><G31/><T72/><D72/><U42/><E42/><V113/><F128/><W92/><G68/><T105/><D105/><U120/><E120/><V111/><F113/><W53/><G43/><T11/><D11/><U29/><E29/><V19/><F111/><W81/><AGARI ba="1,1" hai="0,5,10,47,50,53,61,62,63,81,82,92,96,101" machi="81" ten="30,1100,0" yaku="0,1" doraHai="102" who="3" fromWho="3" sc="121,-6,212,-4,317,-4,340,24" /><INIT seed="5,0,0,2,5,74" ten="115,208,313,364" oya="1" hai0="73,29,59,4,32,75,60,31,115,124,44,25,123" hai1="78,17,19,122,91,43,45,35,98,2,86,135,54" hai2="120,26,41,67,55,101,119,64,48,90,66,23,63" hai3="13,5,34,94,87,22,130,107,104,40,132,97,81"/><U38/><E122/><V96/><F120/><W93/><G34/><T128/><D123/><U117/><E117/><V71/><F119/><W95/><G130/><T46/><D128/><U92/><E35/><V133/><F133/><W134/><G40/><T61/><D124/><U79/><E2/><V56/><F90/><W69/><G69/><T53/><D115/><U80/><E135/><N who="3" m="51754" /><G5/><T77/><D31/><U0/><E0/><V42/><F71/><W9/><G9/><T36/><D4/><U100/><E54/><V111/><F111/><W1/><G1/><T125/><D125/><U50/><E38/><V57/><F101/><N who="3" m="60607" /><G22/><T51/><D73/><U14/><E19/><N who="2" m="12671" /><F96/><W28/><G13/><T121/><D121/><U129/><E129/><V62/><F48/><W47/><G28/><T126/><D126/><U113/><E113/><V84/><F84/><W18/><G18/><T110/><D110/><U72/><E72/><V105/><F105/><N who="3" m="40523" /><G47/><T82/><REACH who="0" step="1"/><D44/><REACH who="0" ten="105,208,313,364" step="2"/><U58/><E58/><N who="2" m="36983" /><F67/><W70/><G70/><T15/><D15/><U65/><E65/><V12/><F12/><W76/><AGARI ba="0,1" hai="76,81,87,93,94" m="40523,60607,51754" machi="76" ten="30,7900,0" yaku="20,1,34,2,52,1" doraHai="74" who="3" fromWho="3" sc="105,-20,208,-39,313,-20,364,89" /><INIT seed="6,0,0,5,2,94" ten="85,169,293,453" oya="2" hai0="25,76,57,1,6,127,35,24,126,124,43,85,23" hai1="118,63,65,30,134,17,84,54,56,58,47,52,82" hai2="131,7,41,4,110,12,75,98,69,67,2,39,64" hai3="89,36,45,42,117,38,62,133,34,13,135,74,78"/><V71/><F2/><W5/><G34/><T55/><D43/><U18/><E118/><V130/><F75/><W10/><G117/><T50/><D35/><U93/><E30/><V95/><F110/><W51/><G62/><T116/><D116/><U68/><E134/><N who="3" m="51210" /><G89/><T21/><D6/><N who="2" m="2090" /><F12/><W86/><G74/><T80/><REACH who="0" step="1"/><D1/><REACH who="0" ten="75,169,293,453" step="2"/><U46/><E68/><N who="2" m="26187" /><F41/><W91/><G5/><T9/><D9/><U16/><E65/><V107/><F39/><W125/><G10/><T83/><D83/><U49/><E93/><V109/><F109/><W48/><G42/><T87/><D87/><U122/><E122/><V115/><F115/><W11/><G86/><T72/><D72/><U3/><E3/><V114/><F114/><W20/><G11/><T73/><D73/><U97/><REACH who="1" step="1"/><E97/><REACH who="1" ten="75,159,293,453" step="2"/><V28/><F28/><W33/><G38/><T88/><D88/><AGARI ba="0,2" hai="16,17,18,46,47,49,52,54,56,58,63,82,84,88" machi="88" ten="40,12000,2" yaku="1,1,2,1,8,1,54,3,53,0" doraHai="94" doraHaiUra="132" who="1" fromWho="0" sc="75,-120,159,140,293,0,453,0" owari="-45,-55.0,299,10.0,293,-11.0,453,56.0" /></mjloggm>