<mjloggm ver="2.3"><GO type="97" lobby="0"/><UN n0="%E6%9E%97%E6%B0%B4%E6%9C%88" n1="%E7%BE%8E%E9%88%B4%4C%4F%56%45" n2="%E4%B8%89%E8%89%B2%E4%B8%89%E7%AF%80%E9%AB%98" n3="%E5%B0%B1%E6%B4%BB%E7%94%9F%40%E5%B7%9D%E6%9D%91%E8%BB%8D%E5%9B%A3" dan="13,14,14,13" rate="1844.74,1937.42,1934.45,1840.10" sx="M,M,M,M"/><TAIKYOKU oya="0"/><INIT seed="0,0,0,0,4,122" ten="250,250,250,250" oya="0" hai0="17,26,6,96,116,129,7,123,72,113,78,37,92" hai1="25,53,132,21,50,133,13,56,10,97,49,71,70" hai2="58,28,65,4,111,73,68,121,22,52,135,115,62" hai3="34,101,2,24,119,131,106,1,134,61,89,19,85"/><T59/><D37/><U107/><E50/><V69/><F121/><W12/><G12/><T35/><BYE who="3" /><D123/><U5/><E107/><V0/><F73/><W27/><G27/><T48/><D116/><U57/><E57/><V108/><F115/><UN n3="%E5%B0%B1%E6%B4%BB%E7%94%9F%40%E5%B7%9D%E6%9D%91%E8%BB%8D%E5%9B%A3" /><W54/><G119/><T95/><D113/><U46/><E46/><V75/><F75/><W109/><G131/><T33/><D129/><U88/><E88/><V74/><F74/><W43/><G134/><N who="1" m="51818" /><E97/><V29/><F135/><W47/><G54/><T104/><D104/><U102/><E102/><V90/><F69/><W114/><G61/><T45/><D35/><U98/><E98/><V126/><F126/><W18/><G101/><T105/><D105/><U39/><E39/><V51/><F0/><W31/><G106/><T23/><D33/><U64/><E64/><V40/><F4/><W42/><G114/><T30/><D72/><U87/><E87/><V63/><F90/><W80/><G43/><T11/><D78/><U125/><E125/><V67/><F22/><W32/><G32/><T55/><D45/><U66/><E66/><V127/><F127/><W124/><G124/><T94/><REACH who="0" step="1"/><D96/><REACH who="0" ten="240,250,250,250" step="2"/><U41/><E41/><V83/><F40/><W118/><G47/><T20/><D20/><U77/><E77/><V3/><F3/><W44/><G2/><T9/><D9/><U120/><E120/><V38/><F38/><N who="3" m="21591" /><G1/><T93/><N who="0" m="23552" /><DORA hai="15" /><T36/><D36/><U99/><E99/><V76/><F76/><W130/><G118/><T84/><D84/><U14/><E14/><AGARI ba="0,1" hai="6,7,11,14,17,23,26,30,48,55,59" m="23552" machi="14" ten="50,9600,0" yaku="1,1,8,1,52,1,53,0" doraHai="122,15" doraHaiUra="110,112" who="0" fromWho="1" sc="240,106,250,-96,250,0,250,0" /><INIT seed="0,1,0,3,4,101" ten="346,154,250,250" oya="0" hai0="40,116,75,28,12,65,62,87,117,127,110,56,5" hai1="120,104,100,54,88,69,38,25,98,96,7,31,114" hai2="0,113,42,123,17,102,37,13,103,39,99,86,129" hai3="46,27,36,72,131,32,133,29,48,51,80,81,109"/><T43/><D75/><U89/><E120/><V10/><F123/><W18/><G131/><T9/><D127/><U47/><E69/><V115/><F129/><W135/><G109/><T26/><D110/><U67/><E67/><V73/><F73/><W68/><G68/><T70/><D87/><U74/><E74/><V119/><F119/><W84/><G72/><T16/><D116/><U94/><E114/><V71/><F71/><W64/><G64/><T49/><D117/><U107/><E7/><V55/><F103/><W61/><G61/><T85/><D85/><U2/><E2/><V83/><F0/><W53/><G51/><T14/><D70/><U130/><E130/><V44/><F55/><W35/><G36/><T118/><D118/><U76/><E76/><V52/><F52/><W3/><G3/><T92/><D92/><U63/><E63/><V111/><F37/><W90/><G32/><T20/><REACH who="0" step="1"/><D49/><REACH who="0" ten="336,154,250,250" step="2"/><U57/><E38/><V21/><F111/><W105/><G81/><T112/><D112/><U58/><E94/><V23/><F115/><W30/><G48/><T91/><D91/><U66/><E89/><V6/><F113/><W50/><G90/><T122/><D122/><U60/><E98/><V121/><F121/><W108/><G84/><T15/><D15/><U11/><E88/><V8/><F39/><W95/><G108/><T34/><AGARI ba="1,1" hai="5,9,12,14,16,20,26,28,34,40,43,56,62,65" machi="34" ten="20,7800,0" yaku="1,1,0,1,7,1,54,1,53,0" doraHai="101" doraHaiUra="126" who="0" fromWho="0" sc="336,91,154,-27,250,-27,250,-27" /><INIT seed="0,2,0,3,4,99" ten="427,127,223,223" oya="0" hai0="68,34,3,23,26,128,65,12,113,77,45,116,22" hai1="132,102,18,59,122,49,44,119,40,114,51,72,16" hai2="78,64,117,41,55,130,48,11,111,80,39,21,127" hai3="28,103,89,95,20,73,86,125,92,69,75,135,9"/><T14/><D116/><U121/><E119/><V38/><F117/><W37/><G69/><T83/><D113/><U25/><E72/><V93/><F64/><W90/><G37/><T104/><D3/><U70/><E70/><V47/><F111/><W131/><G9/><T43/><D104/><U29/><E114/><V53/><F127/><W108/><G28/><T94/><D94/><U96/><E132/><V6/><F130/><W7/><G7/><T10/><D68/><U107/><E51/><V98/><F21/><W71/><G20/><T0/><D65/><U100/><E100/><V97/><F97/><W87/><G71/><T76/><D0/><U5/><E5/><V115/><F39/><W30/><G30/><T33/><D77/><U126/><E126/><V24/><F24/><W133/><G125/><T19/><D23/><U17/><REACH who="1" step="1"/><E59/><REACH who="1" ten="427,117,223,223" step="2"/><V106/><F115/><W4/><G4/><T32/><D128/><U35/><AGARI ba="2,1" hai="16,17,18,25,29,35,40,44,49,96,102,107,121,122" machi="35" ten="30,8000,1" yaku="1,1,2,1,0,1,52,1,54,1,53,0" doraHai="99" doraHaiUra="120" who="1" fromWho="1" sc="427,-42,117,96,223,-22,223,-22" /><INIT seed="1,0,0,1,4,104" ten="385,213,201,201" oya="1" hai0="119,25,87,130,32,124,55,70,99,72,27,116,13" hai1="10,103,56,109,97,15,29,66,42,102,2,39,24" hai2="16,62,108,67,111,80,34,78,92,3,58,54,8" hai3="22,1,17,113,73,69,18,19,65,85,40,57,23"/><U98/><E2/><V105/><F105/><W83/><G113/><T121/><D124/><U110/><E39/><V44/><F34/><W41/><G69/><T126/><D121/><U132/><E132/><V86/><F3/><W95/><G1/><T117/><D126/><U82/><E82/><V133/><F133/><W31/><G95/><T101/><D130/><U115/><E115/><V7/><F7/><W64/><G73/><T37/><D37/><U90/><E42/><N who="3" m="16490" /><G57/><T88/><D70/><U106/><E90/><V36/><F92/><W120/><G120/><T38/><D38/><U68/><E56/><V33/><F33/><W28/><G85/><T128/><D128/><U0/><E0/><V75/><F75/><W20/><G83/><T76/><D55/><U14/><E68/><V107/><F107/><W52/><G52/><T135/><D13/><U123/><E66/><AGARI ba="0,0" hai="17,18,19,20,22,23,28,31,64,65,66" m="16490" machi="66" ten="40,5200,0" yaku="28,2,8,1" doraHai="104" who="3" fromWho="1" sc="385,0,213,-52,201,0,201,52" /><INIT seed="2,0,0,1,3,54" ten="385,161,201,253" oya="2" hai0="31,1,13,26,91,87,117,74,78,14,94,80,108" hai1="83,21,48,130,134,5,56,38,4,100,132,131,105" hai2="111,106,6,103,98,71,92,58,20,96,59,33,113" hai3="66,49,15,104,47,63,57,86,85,34,43,10,55"/><V93/><F71/><W32/><G104/><T61/><D108/><U50/><E38/><V8/><F33/><W118/><G118/><T126/><D1/><U99/><E83/><V23/><F113/><W22/><G22/><T73/><D126/><U88/><E21/><N who="2" m="8267" /><F106/><W119/><G119/><T11/><D74/><U12/><E12/><N who="2" m="5143" /><F111/><W52/><G32/><T30/><D61/><U25/><E25/><V127/><F127/><W40/><G34/><T95/><D95/><N who="1" m="56807" /><E105/><V101/><AGARI ba="0,0" hai="58,59,92,93,96,98,101,103" m="5143,8267" machi="101" ten="30,6000,0" yaku="8,1,52,2" doraHai="54" who="2" fromWho="2" sc="385,-20,161,-20,201,60,253,-20" /><INIT seed="2,1,0,3,1,3" ten="365,141,261,233" oya="2" hai0="70,32,80,84,6,42,110,60,76,83,98,31,114" hai1="20,117,19,124,67,35,69,13,82,111,39,120,93" hai2="107,54,131,9,14,7,87,58,100,94,95,18,86" hai3="108,50,37,85,64,89,106,28,101,8,45,2,43"/><V102/><F131/><W36/><G108/><T0/><D114/><U11/><E117/><V46/><F46/><W113/><G113/><T10/><D42/><U126/><E111/><V130/><F107/><W91/><G28/><T52/><D98/><U38/><E120/><V17/><F130/><W68/><G68/><T61/><D32/><U16/><E35/><V71/><F71/><W128/><G64/><T55/><D31/><U59/><E69/><V23/><F95/><W63/><G128/><T79/><D110/><U15/><E82/><V49/><F18/><W62/><G106/><T22/><D22/><U129/><E129/><V51/><F51/><W123/><G101/><T47/><D70/><U81/><E81/><V57/><F57/><W5/><G123/><T90/><D47/><U48/><E93/><V112/><F112/><W29/><G29/><T26/><D26/><U30/><E30/><V56/><F56/><W40/><G91/><T12/><D0/><U21/><E21/><V4/><F9/><W104/><G104/><T66/><D66/><U53/><REACH who="1" step="1"/><E67/><REACH who="1" ten="365,131,261,233" step="2"/><V116/><F116/><W77/><G77/><N who="0" m="29771" /><D83/><U74/><E74/><V96/><F102/><W109/><G109/><T33/><D33/><U97/><E97/><V99/><F96/><W103/><G103/><T127/><D127/><AGARI ba="1,1" hai="11,13,15,16,19,20,38,39,48,53,59,124,126,127" machi="127" ten="40,5200,0" yaku="1,1,18,1,54,1,53,0" doraHai="3" doraHaiUra="72" who="1" fromWho="0" sc="365,-55,131,65,261,0,233,0" /><INIT seed="3,0,0,2,5,123" ten="310,196,261,233" oya="3" hai0="98,35,45,49,72,2,58,75,23,94,42,16,65" hai1="111,41,20,86,62,73,69,25,9,105,80,135,101" hai2="134,13,107,44,48,14,1,43,53,128,61,21,36" hai3="47,52,132,59,68,12,92,60,131,57,99,126,79"/><W6/><G68/><T96/><D35/><U28/><E73/><V18/><F128/><W30/><G131/><T122/><D2/><U102/><E135/><V31/><F134/><W109/><G132/><T115/><D122/><U103/><E41/><V112/><F112/><W27/><G126/><T74/><D115/><U130/><E130/><V15/><F1/><W91/><G79/><T106/><D106/><U97/><E9/><V120/><F120/><W127/><G127/><T118/><D118/><U87/><E87/><V33/><F107/><W125/><G125/><T129/><D129/><U46/><E46/><V90/><F33/><W93/><G93/><T26/><D94/><U37/><E37/><V114/><F31/><W0/><G0/><T116/><D116/><U17/><E17/><V113/><F113/><W67/><G47/><T71/><D71/><U8/><E8/><V117/><F114/><W78/><G78/><T104/><D104/><U55/><E111/><V85/><F117/><W64/><G109/><T83/><D83/><U24/><E24/><V22/><F22/><N who="3" m="15735" /><G59/><T39/><D39/><U34/><E34/><V51/><F61/><W77/><G77/><T110/><D110/><U133/><E133/><V70/><F70/><W63/><G60/><T76/><D76/><N who="1" m="46343" /><E69/><V7/><F7/><W5/><G5/><T121/><D121/><U89/><E89/><V4/><F4/><W3/><G3/><T88/><D88/><U119/><E119/><V82/><REACH who="2" step="1"/><F36/><REACH who="2" ten="310,196,251,233" step="2"/><W50/><G63/><N who="0" m="38135" /><D75/><U11/><E11/><AGARI ba="0,1" hai="6,11,12,50,52,57,64,67,91,92,99" m="15735" machi="11" ten="30,2900,0" yaku="8,1,54,1" doraHai="123" who="3" fromWho="1" sc="310,0,196,-29,251,0,233,39" /><INIT seed="3,1,0,2,4,50" ten="310,167,251,272" oya="3" hai0="77,20,9,104,57,132,17,109,65,52,56,27,32" hai1="124,5,85,12,63,112,72,123,90,15,62,95,114" hai2="73,54,42,55,68,46,2,106,44,67,78,19,122" hai3="29,82,94,6,30,118,70,76,61,93,100,53,98"/><W36/><G118/><T38/><D104/><U26/><E123/><V28/><F106/><W113/><G36/><T117/><D38/><U89/><E72/><V60/><F122/><W88/><G113/><T97/><D117/><U86/><E124/><V107/><F107/><W69/><G6/><T33/><D109/><U13/><E26/><V14/><F2/><W120/><G120/><T23/><D77/><U83/><E114/><V41/><F28/><W22/><G70/><T116/><D116/><U31/><E112/><V91/><F78/><W74/><G22/><T111/><D111/><U121/><E121/><V75/><F91/><W8/><G8/><T110/><D110/><U103/><E103/><V21/><F75/><W51/><G61/><N who="0" m="38063" /><D32/><U66/><E31/><V129/><F73/><W40/><G40/><T37/><D33/><U24/><E24/><V59/><F129/><W101/><G69/><T135/><D37/><U115/><E115/><V80/><F80/><W87/><G100/><T64/><D97/><U71/><REACH who="1" step="1"/><E63/><REACH who="1" ten="310,157,251,272" step="2"/><V18/><F68/><W131/><G131/><T108/><D108/><U79/><E79/><V125/><F125/><W1/><G1/><T105/><D27/><U102/><E102/><V133/><F133/><W45/><AGARI ba="1,1" hai="29,30,45,51,53,74,76,82,87,88,93,94,98,101" machi="45" ten="20,7800,0" yaku="0,1,7,1,52,1,54,1" doraHai="50" who="3" fromWho="3" sc="310,-27,157,-27,251,-27,272,91" owari="283,8.0,130,-37.0,224,-18.0,363,47.0" /></mjloggm>