<mjloggm ver="2.3"><GO type="97" lobby="0"/><UN n0="%E3%82%A6%E3%83%AB%E3%83%88%E3%83%A9%E7%AB%8B%E7%9B%B4" n1="%73%69%6E%6F%72%61%6E" n2="%55%5A%45%45%45%45%45%45" n3="%73%61%72%61%7A%6F" dan="15,13,14,15" rate="2028.99,1911.67,1866.18,2024.88" sx="M,M,M,M"/><TAIKYOKU oya="0"/><INIT seed="0,0,0,4,5,120" ten="250,250,250,250" oya="0" hai0="9,0,12,11,48,52,121,68,45,135,50,41,93" hai1="119,105,1,16,13,20,51,99,111,18,106,21,85" hai2="130,81,61,46,131,123,55,88,47,89,39,24,95" hai3="109,126,25,5,118,17,49,112,76,134,78,82,56"/><T77/><D68/><U94/><E119/><V104/><F123/><W79/><G118/><T65/><D121/><U22/><E1/><V10/><F104/><W113/><G5/><T101/><D65/><U34/><E34/><V3/><F24/><W87/><G134/><T4/><D135/><U64/><E64/><V92/><F81/><W115/><G126/><T57/><D77/><U35/><E35/><V128/><F3/><W67/><G25/><T102/><REACH who="0" step="1"/><D93/><REACH who="0" ten="240,250,250,250" step="2"/><U97/><E94/><V90/><F95/><W129/><G78/><T28/><D28/><U62/><E106/><V70/><F92/><W84/><G79/><T98/><D98/><U114/><E105/><V44/><F70/><W74/><G67/><T96/><D96/><U19/><E97/><V122/><F122/><W103/><G112/><T125/><D125/><U15/><E99/><V8/><F39/><W26/><G76/><T73/><D73/><U43/><E85/><V127/><F127/><W54/><G74/><T117/><D117/><U42/><E114/><V30/><F30/><W14/><G115/><T37/><D37/><U33/><E33/><V108/><F131/><W2/><G113/><T71/><D71/><U58/><E51/><V31/><F31/><W124/><G87/><T91/><D91/><U29/><E29/><V66/><F130/><W86/><G129/><T32/><D32/><U7/><E43/><V36/><F36/><W23/><G124/><T60/><D60/><U40/><E40/><V83/><F128/><W110/><G84/><T69/><D69/><U116/><E116/><RYUUKYOKU ba="0,1" sc="240,30,250,-10,250,-10,250,-10" hai0="0,4,9,11,12,41,45,48,50,52,57,101,102" /><INIT seed="0,1,1,5,5,79" ten="270,240,240,240" oya="0" hai0="111,33,41,117,70,3,78,91,99,45,36,133,86" hai1="44,14,96,56,53,30,87,121,63,9,28,52,0" hai2="32,108,100,16,94,109,55,25,27,76,126,1,67" hai3="130,84,74,107,34,11,98,62,50,122,57,119,49"/><T6/><D33/><U112/><E121/><V104/><F1/><W10/><G74/><T127/><D117/><U118/><E118/><V73/><F104/><W51/><G119/><T101/><D70/><U77/><E0/><V97/><F67/><W60/><G34/><T71/><D71/><U113/><E96/><V128/><F55/><W85/><G122/><T124/><D78/><U89/><E77/><V18/><F126/><N who="0" m="48170" /><D133/><U129/><E129/><V93/><F128/><W43/><G130/><T54/><D54/><U39/><E39/><V103/><F76/><W132/><G132/><T83/><D111/><N who="2" m="42570" /><F73/><W22/><G43/><T17/><D17/><N who="2" m="6762" /><F32/><W58/><G107/><N who="0" m="63935" /><D3/><U12/><E44/><V135/><F135/><W13/><G98/><AGARI ba="1,1" hai="25,27,93,94,97,98,100,103" m="6762,42570" machi="98" ten="30,2000,0" yaku="14,1,54,1" doraHai="79" who="2" fromWho="3" sc="270,0,240,0,240,33,240,-23" /><INIT seed="1,0,0,4,1,77" ten="270,240,273,217" oya="1" hai0="119,10,79,36,133,50,99,69,86,64,126,135,22" hai1="41,122,34,105,23,109,1,54,85,46,88,83,101" hai2="111,114,53,4,11,129,74,48,78,65,25,24,3" hai3="27,117,80,15,35,89,115,68,72,49,5,90,113"/><U70/><E122/><V51/><F114/><W108/><G68/><T71/><D36/><U67/><E34/><V92/><F111/><W124/><G108/><T29/><D119/><U42/><E109/><V60/><F129/><W81/><G117/><T87/><D10/><U17/><E1/><V45/><F92/><W30/><G72/><T131/><D99/><U95/><E105/><V100/><F100/><W94/><G124/><T107/><D107/><U91/><E101/><V18/><F18/><W62/><G62/><T33/><D33/><U128/><E128/><V97/><F97/><W127/><G127/><T110/><D64/><U58/><E67/><V14/><F3/><W9/><G115/><T52/><D110/><U0/><E0/><V8/><F8/><W6/><G6/><T2/><D87/><N who="1" m="52639" /><E70/><V47/><F78/><W32/><G32/><T66/><D66/><U43/><E46/><V39/><F74/><W82/><G113/><T37/><D37/><U104/><E104/><V12/><F12/><W118/><G118/><T20/><D2/><U21/><E17/><V116/><F39/><W44/><REACH who="3" step="1"/><G94/><REACH who="3" ten="270,240,273,207" step="2"/><T31/><D126/><U7/><E7/><V134/><F116/><W19/><G19/><T76/><D131/><U26/><E26/><V121/><F24/><W57/><G57/><T40/><D71/><U28/><E28/><V59/><F25/><W120/><G120/><T130/><D31/><U61/><AGARI ba="0,1" hai="21,23,41,42,43,54,58,61,83,85,91" m="52639" machi="61" ten="30,6000,0" yaku="8,1,52,1,54,1" doraHai="77" who="1" fromWho="1" sc="270,-20,240,70,273,-20,207,-20" /><INIT seed="1,1,0,5,5,20" ten="250,310,253,187" oya="1" hai0="134,43,78,88,21,122,38,24,133,82,11,49,63" hai1="42,95,65,117,87,18,53,64,102,75,96,36,69" hai2="22,105,8,30,7,106,72,107,101,29,32,131,94" hai3="55,59,120,13,28,12,125,15,77,111,127,113,34"/><U40/><E75/><V9/><F72/><W45/><G45/><T89/><D38/><U80/><E117/><V16/><F131/><W62/><G77/><T84/><D122/><U60/><E36/><V119/><F119/><W93/><G120/><T54/><D63/><U124/><E124/><V41/><F41/><W129/><G113/><T4/><D43/><U6/><E6/><V126/><F126/><N who="3" m="48139" /><G129/><T97/><D97/><U37/><E37/><V26/><F32/><W0/><G0/><T86/><D11/><U5/><E5/><V61/><F61/><W52/><G111/><T135/><D4/><U85/><E85/><V44/><F44/><W19/><G55/><T76/><D54/><U112/><E112/><V35/><F30/><W104/><G104/><T2/><D2/><U33/><E33/><V46/><F46/><W31/><G19/><N who="0" m="12351" /><D49/><U92/><E53/><V132/><F132/><N who="0" m="33794" /><T51/><DORA hai="109" /><D51/><U114/><E114/><V50/><F50/><W123/><G123/><T68/><D68/><U17/><E65/><V10/><F7/><W25/><G31/><T110/><D110/><U115/><E115/><V23/><REACH who="2" step="1"/><F16/><REACH who="2" ten="250,310,243,187" step="2"/><W47/><G47/><T79/><D79/><U130/><E130/><V121/><F121/><W3/><G3/><T66/><D66/><U39/><E42/><V70/><F70/><W74/><G74/><T1/><D1/><U57/><E40/><V98/><AGARI ba="1,1" hai="8,9,10,22,23,26,29,35,94,98,101,105,106,107" machi="98" ten="40,12000,2" yaku="1,1,0,1,52,1,53,3" doraHai="20,109" doraHaiUra="73,103" who="2" fromWho="2" sc="250,-31,310,-61,243,133,187,-31" /><INIT seed="2,0,0,4,2,72" ten="219,249,376,156" oya="2" hai0="95,74,57,75,53,45,91,111,16,97,89,19,105" hai1="4,7,98,30,70,60,76,67,36,135,3,125,41" hai2="59,71,64,90,62,29,127,114,132,14,69,39,18" hai3="86,84,99,119,54,120,123,15,25,1,12,22,100"/><V80/><F114/><W48/><G1/><T23/><D105/><U85/><E135/><V8/><F39/><W50/><G119/><T32/><D32/><U113/><E113/><V129/><F132/><W63/><G63/><T87/><D111/><U109/><E109/><V28/><F127/><W112/><G112/><T106/><D106/><U68/><E125/><V118/><F118/><W33/><G33/><T42/><D19/><U102/><E30/><V131/><F71/><W31/><G50/><T130/><D130/><N who="2" m="49674" /><F69/><W10/><G123/><T92/><D45/><U124/><E70/><V77/><F90/><W34/><G34/><T101/><D42/><U103/><E124/><V66/><F66/><W126/><G120/><T43/><D43/><U5/><E3/><V0/><F0/><W55/><G126/><T79/><D79/><U122/><E122/><V56/><F56/><W81/><G86/><AGARI ba="0,0" hai="8,14,18,28,29,59,62,64,77,80,86" m="49674" machi="86" ten="30,2900,0" yaku="19,1,52,1" doraHai="72" who="2" fromWho="3" sc="219,0,249,0,376,29,156,-29" /><INIT seed="2,1,0,5,1,14" ten="219,249,405,127" oya="2" hai0="29,39,90,45,34,3,99,11,117,126,35,17,122" hai1="55,62,9,61,56,110,51,68,93,95,135,85,78" hai2="75,70,83,80,22,92,40,21,86,58,96,131,118" hai3="66,64,53,88,94,30,44,60,120,36,33,112,5"/><V116/><F70/><W15/><G120/><T47/><D122/><U133/><E110/><V50/><F75/><W48/><G112/><T77/><D77/><U6/><E78/><V101/><F131/><W102/><G102/><T7/><D126/><U111/><E111/><V13/><F118/><W1/><G1/><T128/><D128/><U84/><E84/><V69/><F69/><W2/><G2/><T115/><D115/><U114/><E114/><V109/><F116/><W79/><G79/><T18/><D117/><U123/><E123/><V105/><F105/><W91/><G91/><T31/><D90/><U87/><E87/><V89/><F109/><W71/><G66/><T49/><D99/><U76/><E76/><V0/><F0/><W81/><G81/><N who="2" m="31305" /><F13/><W23/><G33/><N who="0" m="12299" /><D49/><U26/><E26/><V42/><F42/><W132/><G132/><N who="1" m="50762" /><E85/><V24/><F24/><W41/><G30/><N who="0" m="11275" /><D45/><N who="1" m="28143" /><E68/><V121/><F121/><W74/><G74/><T37/><D47/><U63/><E56/><V106/><F106/><W100/><G100/><T73/><D73/><U72/><E72/><V124/><F124/><W107/><G107/><T25/><D39/><U127/><E127/><V59/><F59/><W54/><G36/><T97/><D37/><U43/><E43/><V67/><F40/><W12/><G41/><T98/><D97/><U125/><E125/><V119/><F119/><W38/><G38/><T52/><D98/><U19/><E6/><V103/><F103/><W28/><G5/><T104/><D104/><U20/><E9/><V108/><F108/><W4/><G4/><RYUUKYOKU ba="1,0" sc="219,-10,249,30,405,-10,127,-10" hai1="19,20,61,62,63,93,95" /><INIT seed="3,2,0,3,5,128" ten="209,279,395,117" oya="3" hai0="116,55,122,77,118,51,113,71,6,79,82,8,60" hai1="131,25,54,46,75,132,43,89,91,64,26,38,27" hai2="123,103,22,97,127,109,105,73,114,106,41,85,119" hai3="115,83,37,14,120,47,39,42,20,134,88,13,5"/><W76/><G120/><T67/><D122/><U9/><E131/><V80/><F123/><W31/><G115/><T53/><D113/><U65/><E75/><V104/><F114/><W124/><G124/><T58/><D55/><U78/><E78/><V130/><F41/><W30/><G39/><T62/><D62/><U28/><E28/><V108/><F130/><W87/><G134/><T111/><D111/><N who="2" m="42570" /><F22/><W129/><G129/><T100/><D100/><U93/><E132/><V90/><F119/><W117/><G117/><T96/><D96/><U23/><E23/><V63/><F63/><W35/><G35/><T102/><D79/><U135/><E135/><V7/><F7/><W99/><G14/><T0/><REACH who="0" step="1"/><D102/><REACH who="0" ten="199,279,395,117" step="2"/><U45/><E54/><V4/><F106/><W21/><G21/><T59/><D59/><U33/><E33/><V32/><F32/><W10/><REACH who="3" step="1"/><G20/><REACH who="3" ten="199,279,395,107" step="2"/><T126/><D126/><U12/><E65/><V110/><F110/><W34/><G34/><T70/><D70/><U66/><E64/><V86/><F127/><W52/><G52/><T125/><D125/><U19/><E66/><V98/><F4/><W49/><G49/><T68/><D68/><U92/><E38/><V81/><F105/><W2/><G2/><T95/><D95/><AGARI ba="2,2" hai="5,10,13,30,31,37,42,47,76,83,87,88,95,99" machi="95" ten="40,3900,0" yaku="1,1,54,1,53,0" doraHai="128" doraHaiUra="107" who="3" fromWho="0" sc="199,-45,279,0,395,0,107,65" /><INIT seed="3,3,0,1,3,25" ten="154,279,395,172" oya="3" hai0="34,119,63,112,113,83,16,84,66,76,115,50,56" hai1="132,118,6,58,17,72,8,99,4,75,7,110,82" hai2="44,40,20,135,130,12,128,77,13,89,3,59,35" hai3="94,70,1,0,134,9,105,53,19,68,18,117,81"/><W67/><G105/><T64/><D119/><U26/><E118/><V74/><F35/><W37/><G117/><T95/><D34/><U133/><E110/><V120/><F3/><W85/><G37/><T61/><D50/><U62/><E99/><V102/><F102/><W109/><G94/><T60/><D95/><U87/><E26/><V93/><F135/><N who="1" m="51785" /><E17/><V31/><F120/><W55/><G134/><T48/><D48/><U21/><E21/><V79/><F59/><W121/><G121/><T30/><D30/><U22/><E87/><V5/><F13/><W103/><G103/><T28/><D28/><U46/><E22/><V2/><F2/><W10/><G85/><T39/><D39/><U106/><E46/><V88/><F89/><W80/><REACH who="3" step="1"/><G67/><REACH who="3" ten="154,279,395,162" step="2"/><T73/><D73/><N who="1" m="28235" /><E106/><V96/><F74/><W52/><G52/><T32/><D32/><U90/><E82/><V23/><F93/><W43/><G43/><T38/><D38/><U129/><E90/><V27/><F88/><W91/><G91/><T98/><D98/><U92/><E92/><V86/><F96/><W101/><G101/><T57/><D16/><U111/><E129/><V104/><F86/><W71/><G71/><T36/><D36/><U124/><E124/><V100/><F100/><W108/><AGARI ba="3,1" hai="0,1,9,10,18,19,53,55,68,70,80,81,108,109" machi="108" ten="25,9600,0" yaku="1,1,0,1,22,2,53,0" doraHai="25" doraHaiUra="107" who="3" fromWho="3" sc="154,-35,279,-35,395,-35,162,115" /><INIT seed="3,4,0,1,3,97" ten="119,244,360,277" oya="3" hai0="44,8,59,110,116,108,85,126,99,122,90,133,14" hai1="46,78,47,64,109,5,107,35,20,45,70,31,76" hai2="68,40,103,130,26,75,41,63,132,36,1,105,74" hai3="135,134,73,81,69,131,112,30,4,56,128,113,6"/><W7/><G69/><T24/><D116/><U102/><E20/><V86/><F86/><W106/><G106/><T114/><D114/><N who="3" m="44137" /><G73/><N who="2" m="27657" /><F41/><W29/><G81/><T77/><D122/><U54/><E54/><V32/><F132/><N who="3" m="50731" /><G56/><T16/><D126/><U18/><E18/><V34/><F26/><W15/><G15/><T12/><D133/><U50/><E5/><V71/><F130/><AGARI ba="4,0" hai="4,6,7,29,30,128,130,131" m="50731,44137" machi="130" ten="40,18000,2" yaku="28,2,19,1,20,1,34,2" doraHai="97" who="3" fromWho="2" sc="119,0,244,0,360,-192,277,192" owari="119,-38.0,244,4.0,168,-23.0,469,57.0" /></mjloggm>