<mjloggm ver="2.3"><GO type="97" lobby="0"/><UN n0="%63%68%75%62%75%37%34" n1="%72%63%70%62" n2="%E3%82%A6%E3%83%AB%E3%83%88%E3%83%A9%E7%AB%8B%E7%9B%B4" n3="%E3%83%8F%E3%83%BC%E3%83%AC%E3%83%A0%E5%A4%A7%E5%9B%9E%E8%BB%A2" dan="15,15,15,15" rate="2056.31,2009.17,1984.34,2020.53" sx="M,M,M,M"/><TAIKYOKU oya="0"/><INIT seed="0,0,0,2,4,54" ten="250,250,250,250" oya="0" hai0="107,50,8,42,126,35,53,94,0,90,66,105,3" hai1="92,82,1,39,27,57,37,67,115,62,83,38,26" hai2="12,46,130,129,78,97,28,128,68,64,69,102,79" hai3="23,116,32,110,108,77,44,56,51,47,41,98,30"/><T80/><D35/><U132/><E1/><V43/><F12/><W20/><G116/><T123/><D123/><U16/><E132/><V52/><F28/><W117/><G117/><T36/><D80/><U25/><E115/><V120/><F120/><W24/><G77/><N who="2" m="29193" /><F64/><W112/><G112/><T59/><D66/><U118/><E118/><V93/><F52/><N who="3" m="31775" /><G98/><T84/><D126/><U127/><E127/><V76/><N who="2" m="29201" /><V70/><DORA hai="13" /><F70/><W55/><G55/><T21/><D21/><N who="3" m="8265" /><G41/><T88/><D90/><U71/><E71/><V95/><F95/><W125/><G125/><T17/><D3/><U111/><E111/><AGARI ba="0,0" hai="24,30,32,44,47,108,110,111" m="8265,31775" machi="111" ten="30,3900,0" yaku="14,1,52,1,54,1" doraHai="54,13" who="3" fromWho="1" sc="250,0,250,-39,250,0,250,39" /><INIT seed="1,0,0,2,1,3" ten="250,211,250,289" oya="1" hai0="15,116,71,43,120,24,4,99,13,32,91,22,105" hai1="133,90,57,128,112,135,108,82,34,84,117,70,77" hai2="56,86,107,54,10,106,123,96,94,16,46,7,103" hai3="85,18,110,113,59,114,64,52,53,93,83,81,126"/><U31/><E70/><V80/><F46/><W37/><G110/><T28/><D71/><U73/><E31/><V118/><F118/><W23/><G37/><T102/><D116/><U0/><E34/><V55/><F16/><W61/><G126/><T25/><D43/><U121/><E117/><V78/><F123/><W42/><G42/><T115/><D115/><U69/><E69/><V36/><F36/><W35/><G35/><T2/><D91/><U60/><E121/><V17/><F17/><W68/><G114/><T129/><D129/><U39/><E112/><V45/><F45/><W89/><G113/><T76/><D76/><U87/><E128/><V66/><F66/><W67/><G64/><T6/><D120/><U48/><E39/><V21/><F21/><W101/><G101/><T74/><D74/><U38/><E38/><V92/><F107/><W111/><G111/><T119/><D119/><U58/><E108/><V122/><F122/><W5/><G5/><T134/><D134/><N who="1" m="51211" /><E0/><V100/><F100/><W44/><G68/><T29/><REACH who="0" step="1"/><D2/><REACH who="0" ten="240,211,250,289" step="2"/><U104/><E73/><V8/><F78/><W14/><G44/><T49/><D49/><U27/><E48/><V1/><F1/><W33/><G33/><T62/><D62/><U63/><E63/><V127/><F56/><N who="1" m="21609" /><E60/><V79/><F79/><W125/><G61/><T26/><D26/><U130/><E130/><V75/><F75/><W97/><G67/><T20/><D20/><U132/><N who="1" m="51219" /><U51/><DORA hai="124" /><E51/><V131/><F131/><W40/><G23/><T98/><D98/><U109/><E109/><RYUUKYOKU ba="0,1" sc="240,30,211,-10,250,-10,289,-10" hai0="4,6,13,15,22,24,25,28,29,32,99,102,105" /><INIT seed="2,1,1,5,3,89" ten="270,201,240,279" oya="2" hai0="92,11,119,38,107,123,132,133,17,127,100,124,49" hai1="60,62,32,51,50,101,2,71,91,111,19,116,25" hai2="33,126,121,47,24,31,82,129,29,113,45,40,35" hai3="88,43,93,83,79,4,105,5,6,115,3,74,95"/><V81/><F121/><W85/><G105/><T36/><D107/><U30/><E116/><V27/><F126/><N who="0" m="48170" /><D123/><U99/><E111/><V61/><F129/><W13/><G3/><T77/><D77/><U135/><E135/><N who="0" m="51785" /><D119/><U78/><E2/><V94/><F61/><W87/><G115/><T20/><D11/><U21/><E78/><V98/><F113/><W1/><G1/><T114/><D49/><U59/><E91/><V0/><F0/><W69/><G69/><T39/><D114/><U106/><E62/><V67/><F67/><W117/><G117/><T73/><D73/><U72/><E72/><V48/><REACH who="2" step="1"/><F47/><REACH who="2" ten="270,201,230,279" step="2"/><W28/><G74/><T64/><D64/><N who="1" m="41351" /><E59/><V125/><F125/><W42/><G43/><T63/><D63/><U12/><AGARI ba="1,2" hai="12,19,21,25,30,32,50,51,99,101,106" m="41351" machi="12" ten="30,1100,0" yaku="25,1" doraHai="89" who="1" fromWho="1" sc="270,-4,201,34,230,-6,279,-4" /><INIT seed="3,0,0,4,2,4" ten="266,235,224,275" oya="3" hai0="127,8,68,28,22,60,98,71,65,48,124,51,88" hai1="12,36,126,14,128,62,74,19,77,125,131,117,113" hai2="6,54,45,104,10,129,57,81,38,17,97,5,90" hai3="115,133,91,63,103,9,59,120,52,13,55,1,99"/><W72/><G1/><T3/><D71/><U16/><E36/><V112/><F129/><N who="1" m="49737" /><E62/><V50/><F112/><W20/><G115/><T111/><D111/><U33/><E77/><V37/><F6/><N who="3" m="3255" /><G120/><T116/><D116/><U18/><E74/><V92/><F104/><W58/><G72/><T11/><D3/><U132/><E113/><V89/><F17/><N who="1" m="6761" /><E117/><V87/><REACH who="2" step="1"/><F57/><REACH who="2" ten="266,235,214,275" step="2"/><W26/><G59/><T130/><D130/><U21/><E132/><V76/><F76/><W119/><G133/><T25/><D51/><U27/><E33/><V114/><F114/><W73/><G119/><T40/><D48/><U56/><E56/><V102/><F102/><W106/><G106/><T30/><D30/><U122/><E122/><V84/><F84/><W135/><G135/><T35/><D35/><U7/><E7/><V29/><F29/><N who="3" m="17607" /><G103/><T70/><D70/><U101/><E101/><V41/><F41/><W47/><G73/><T32/><D40/><U15/><AGARI ba="0,1" hai="12,14,15,19,21,27,125,126" m="6761,49737" machi="15" ten="40,8000,1" yaku="19,1,34,2,54,1" doraHai="4" who="1" fromWho="1" sc="266,-20,235,90,214,-20,275,-40" owari="246,5.0,325,42.0,194,-31.0,235,-16.0" /></mjloggm>