<mjloggm ver="2.3"><GO type="169" lobby="0"/><UN n0="%EF%BD%9E%E9%9A%BC%EF%BD%9E" n1="%E3%82%86%E3%81%86%E3%81%B4" n2="%E3%82%A6%E3%83%AB%E3%83%88%E3%83%A9%E7%AB%8B%E7%9B%B4" n3="%E8%BF%91%E3%82%AA%E3%83%AA%E5%85%9A" dan="16,16,17,16" rate="2066.91,2129.95,2185.15,2112.01" sx="M,M,M,M"/><TAIKYOKU oya="0"/><INIT seed="0,0,0,4,5,127" ten="250,250,250,250" oya="0" hai0="117,32,94,115,65,12,34,1,123,78,6,110,91" hai1="131,72,106,74,71,109,55,95,61,47,24,101,111" hai2="128,58,57,67,66,11,63,125,122,10,40,16,96" hai3="104,4,105,30,134,5,36,116,62,52,118,26,126"/><T89/><D115/><U112/><E112/><V85/><F122/><W48/><G62/><T29/><D117/><U25/><E95/><V56/><F125/><W45/><G126/><T99/><D123/><U82/><E47/><V130/><F40/><W77/><G134/><T27/><D1/><U37/><E37/><V15/><F85/><W8/><G77/><T92/><D110/><N who="1" m="41995" /><E82/><V79/><F79/><W14/><G5/><T113/><D113/><U84/><E84/><V68/><F66/><W124/><G124/><T9/><D78/><U86/><E86/><V46/><F46/><W33/><REACH who="3" step="1"/><G36/><REACH who="3" ten="250,250,250,240" step="2"/><T93/><D65/><U129/><E74/><V87/><F87/><W69/><G69/><T98/><REACH who="0" step="1"/><D93/><REACH who="0" ten="240,250,250,240" step="2"/><U0/><E72/><V90/><F67/><W132/><G132/><T28/><D28/><U64/><E0/><V42/><F68/><W19/><G19/><T60/><D60/><U119/><E119/><AGARI ba="0,2" hai="4,8,14,26,30,33,45,48,52,104,105,116,118,119" machi="119" ten="40,5200,0" yaku="1,1,54,1,53,1" doraHai="127" doraHaiUra="2" who="3" fromWho="1" sc="240,0,250,-52,250,0,240,72" /><INIT seed="1,0,0,3,0,120" ten="240,198,250,312" oya="1" hai0="99,90,131,63,55,119,46,84,12,37,48,49,32" hai1="14,15,13,121,36,21,98,30,116,40,43,108,24" hai2="2,113,69,130,110,114,3,103,118,78,11,75,92" hai3="42,132,74,102,128,96,60,50,58,88,67,107,95"/><U22/><E116/><V25/><F69/><W29/><G128/><T17/><D119/><U0/><E0/><V125/><F118/><W79/><G132/><T135/><D32/><U16/><E121/><V112/><F130/><W86/><G29/><T56/><D135/><U53/><E108/><V77/><F125/><W94/><G94/><T109/><D109/><U100/><E53/><V65/><F65/><W8/><G8/><T68/><D131/><U72/><E72/><V111/><F25/><W127/><G127/><T4/><D4/><U35/><E35/><V124/><F124/><W89/><G89/><T38/><D99/><U122/><E122/><V26/><F26/><W5/><G5/><T70/><D70/><U9/><E36/><V76/><F75/><W10/><G10/><T47/><D68/><U1/><E1/><N who="2" m="11" /><F11/><W23/><G23/><T115/><D115/><U61/><E61/><V54/><F54/><W82/><G50/><N who="0" m="19563" /><D38/><U104/><REACH who="1" step="1"/><E15/><REACH who="1" ten="240,188,250,312" step="2"/><V81/><F81/><W87/><G87/><T73/><D73/><U97/><E97/><AGARI ba="0,1" hai="76,77,78,92,97,103,110,111,112,113,114" m="11" machi="97" ten="40,5200,0" yaku="11,1,52,2" doraHai="120" who="2" fromWho="1" sc="240,0,188,-52,250,62,312,0" /><INIT seed="2,0,0,4,1,37" ten="240,136,312,312" oya="2" hai0="108,94,73,114,10,47,96,112,67,65,105,113,8" hai1="103,118,36,89,29,82,0,35,76,127,39,40,87" hai2="90,1,19,121,107,57,15,91,102,84,60,31,117" hai3="88,25,9,98,42,66,11,80,106,92,51,125,18"/><V71/><F1/><W14/><G125/><T93/><D73/><U85/><E127/><V119/><F121/><W81/><G106/><T116/><D108/><U5/><E118/><V78/><F71/><W23/><G66/><N who="0" m="25099" /><D47/><U95/><E39/><V55/><F31/><N who="3" m="17855" /><G9/><N who="0" m="3691" /><D105/><U75/><E103/><V110/><F110/><W48/><G48/><T97/><D116/><U99/><E29/><V79/><F102/><W4/><G4/><T70/><D70/><U17/><E17/><V126/><F107/><W21/><G11/><T133/><D133/><U120/><E35/><V28/><F28/><W134/><G134/><T22/><D22/><U62/><E5/><V2/><F2/><W6/><G6/><T101/><D101/><U72/><E0/><V41/><F126/><W74/><G74/><T122/><D122/><U63/><E120/><V61/><F19/><W64/><G64/><T32/><D32/><U20/><E75/><V49/><F119/><W130/><G130/><T77/><D77/><U34/><E34/><V13/><F78/><W33/><G33/><T100/><D100/><U131/><E131/><V111/><F79/><W56/><G56/><T132/><D132/><U26/><E72/><V43/><F91/><W86/><G98/><AGARI ba="0,0" hai="93,94,96,97,98,112,113,114" m="3691,25099" machi="98" ten="40,2600,0" yaku="28,2" doraHai="37" who="0" fromWho="3" sc="240,26,136,0,312,0,312,-26" /><INIT seed="3,0,0,1,4,108" ten="266,136,312,286" oya="3" hai0="101,28,67,117,25,110,119,47,56,100,5,102,95" hai1="93,46,33,89,121,78,70,8,37,52,9,109,135" hai2="87,132,31,19,80,24,65,63,32,122,64,128,133" hai3="2,18,94,82,88,34,59,116,73,92,50,85,27"/><W26/><G116/><T55/><D110/><U36/><E33/><V40/><F122/><W42/><G2/><T81/><D5/><U48/><E109/><V51/><F19/><W29/><G73/><T123/><D123/><U134/><E121/><V103/><F103/><W71/><G71/><T72/><D67/><U77/><E70/><V16/><F128/><W111/><G111/><T54/><D95/><U43/><E77/><V90/><F16/><W6/><G6/><T118/><D47/><U112/><E78/><V83/><F83/><W76/><G76/><T60/><D81/><U61/><E61/><V105/><F105/><W97/><G97/><T96/><D96/><U91/><E37/><V17/><F17/><W120/><G120/><T127/><D127/><U13/><E91/><V62/><F51/><W66/><G66/><N who="2" m="25705" /><F40/><W35/><G42/><T12/><D12/><U131/><E131/><V84/><F84/><W39/><G39/><T11/><D11/><U124/><E124/><V79/><F90/><W98/><G98/><T41/><D41/><U86/><E9/><V129/><F129/><W14/><G35/><T15/><D15/><U1/><E1/><V68/><F68/><W57/><G27/><T106/><D55/><U21/><E8/><V30/><F30/><W99/><G99/><N who="0" m="61727" /><D72/><U126/><E126/><V107/><F107/><W20/><G50/><T75/><D75/><U114/><E13/><V69/><F69/><W23/><G34/><N who="0" m="20751" /><D102/><U104/><E104/><V125/><F125/><W49/><G49/><N who="0" m="30799" /><D101/><U4/><E36/><V38/><F38/><RYUUKYOKU ba="0,0" sc="266,10,136,-30,312,10,286,10" hai0="60,117,118,119" hai2="24,31,32,62,63,79,80,87,132,133" hai3="14,18,20,23,26,29,57,59,82,85,88,92,94" /><INIT seed="3,1,0,5,2,99" ten="276,106,322,296" oya="3" hai0="42,69,61,27,41,22,76,30,118,96,80,90,21" hai1="51,125,120,62,112,103,133,81,104,122,14,11,8" hai2="119,70,77,5,56,115,40,52,43,63,93,83,86" hai3="71,15,110,106,116,29,39,128,111,123,50,127,25"/><W131/><G50/><T0/><D0/><U121/><E112/><V35/><F35/><W48/><G48/><T23/><D118/><U64/><E133/><V114/><F119/><W94/><G94/><T13/><D69/><U60/><E125/><V55/><F70/><W68/><G116/><T95/><D61/><U97/><E62/><V65/><F114/><W79/><G39/><T46/><D13/><U98/><E81/><V3/><F3/><W17/><G79/><T32/><REACH who="0" step="1"/><D46/><REACH who="0" ten="266,106,322,296" step="2"/><U82/><E14/><V108/><F115/><W4/><G71/><T102/><D102/><U36/><E36/><V129/><F129/><W135/><G68/><T10/><D10/><U9/><E51/><V74/><F5/><W117/><G117/><T54/><D54/><N who="2" m="20522" /><F108/><W84/><G4/><T12/><D12/><U19/><E60/><V113/><F113/><W67/><G128/><T105/><D105/><U124/><E64/><V107/><F107/><W59/><G106/><T34/><D34/><U16/><E124/><V85/><F74/><AGARI ba="1,1" hai="21,22,23,27,30,32,41,42,74,76,80,90,95,96" machi="74" ten="40,1300,0" yaku="1,1,53,0" doraHai="99" doraHaiUra="66" who="0" fromWho="2" sc="266,26,106,0,322,-16,296,0" /><INIT seed="4,0,0,3,1,106" ten="292,106,306,296" oya="0" hai0="10,62,111,27,131,128,123,70,82,108,115,135,4" hai1="57,75,44,5,86,90,56,130,16,67,38,114,28" hai2="117,3,112,79,103,21,14,17,40,121,30,68,31" hai3="91,100,24,9,54,120,85,105,101,87,18,65,39"/><T99/><D123/><U74/><E28/><V94/><F68/><W36/><G120/><T73/><D115/><U47/><E5/><V107/><F107/><W13/><G105/><T12/><D135/><U96/><E96/><V93/><F3/><W84/><G39/><T49/><D27/><U48/><E114/><V37/><F121/><W125/><G36/><T124/><D124/><U41/><E130/><N who="0" m="49705" /><D99/><U122/><E122/><V78/><F112/><W133/><G125/><T64/><D49/><U22/><E57/><V66/><F37/><W80/><G133/><T53/><D53/><U132/><E132/><V127/><F127/><W35/><G65/><T95/><D95/><N who="2" m="36362" /><F103/><W134/><G134/><T116/><D116/><U7/><E7/><V50/><F66/><W102/><G35/><T109/><D82/><U2/><E2/><V83/><F83/><W46/><G24/><T20/><D20/><U33/><E33/><V59/><F117/><W113/><G113/><T110/><N who="0" m="27648" /><DORA hai="92" /><T1/><D12/><N who="1" m="9479" /><E67/><V88/><F31/><W89/><G89/><T11/><D11/><U71/><E71/><V98/><F88/><W26/><G26/><T25/><D25/><U15/><E15/><V52/><F98/><W19/><G19/><T0/><D1/><U129/><E129/><V8/><F40/><W119/><G119/><T63/><D63/><U45/><E38/><V69/><F30/><W97/><G97/><T55/><D55/><N who="1" m="31847" /><E41/><V43/><F43/><W23/><G23/><T104/><D104/><U34/><E34/><V42/><F42/><W77/><G91/><RYUUKYOKU ba="0,0" sc="292,10,106,10,306,-30,296,10" hai0="0,4,10,62,64,70,73" hai1="44,45,47,74,75,86,90" hai3="9,13,18,46,54,77,80,84,85,87,100,101,102" /><INIT seed="4,1,0,1,4,98" ten="302,116,276,306" oya="0" hai0="53,103,70,22,119,131,121,127,52,79,17,99,120" hai1="108,102,77,41,75,93,128,39,2,13,111,118,68" hai2="66,4,24,29,18,89,104,67,58,64,60,9,90" hai3="115,15,91,56,54,94,23,83,124,8,11,38,61"/><T101/><D119/><U0/><E118/><V57/><F104/><W78/><G38/><T88/><D70/><U117/><E117/><V62/><F18/><W132/><G124/><T133/><D120/><U44/><E13/><V21/><REACH who="2" step="1"/><F66/><REACH who="2" ten="302,116,266,306" step="2"/><W35/><G115/><T84/><D127/><U37/><E68/><V97/><F97/><W112/><G112/><T69/><D69/><U50/><E128/><V100/><F100/><N who="0" m="38474" /><D131/><U130/><E130/><V59/><F59/><W106/><G106/><T19/><D121/><U129/><E129/><V33/><F33/><W7/><G35/><T6/><D133/><U51/><E39/><V3/><AGARI ba="1,1" hai="3,4,9,21,24,29,57,58,60,62,64,67,89,90" machi="3" ten="20,5200,0" yaku="1,1,0,1,7,1,9,1,53,0" doraHai="98" doraHaiUra="14" who="2" fromWho="2" sc="302,-27,116,-14,266,65,306,-14" /><INIT seed="5,0,0,3,3,98" ten="275,102,331,292" oya="1" hai0="119,114,8,65,63,128,20,10,107,46,83,4,135" hai1="59,131,69,129,5,117,35,104,39,51,72,123,70" hai2="81,16,74,0,78,24,1,106,75,54,133,132,12" hai3="92,68,97,124,66,57,96,82,88,18,22,21,52"/><U116/><E72/><V115/><F106/><W30/><G124/><T127/><D119/><U33/><E5/><V6/><F75/><W47/><G68/><N who="1" m="26218" /><E39/><V28/><F54/><W86/><G66/><T9/><D114/><U103/><E123/><V120/><F115/><W17/><G47/><T32/><D32/><N who="1" m="12363" /><E59/><V2/><F120/><W3/><G3/><T25/><D4/><U23/><E51/><V31/><F6/><W91/><G96/><T45/><D127/><U121/><E23/><N who="3" m="8714" /><G30/><T38/><D38/><U37/><E37/><V76/><F76/><W62/><AGARI ba="0,0" hai="17,18,52,57,62,82,86,88,91,92,97" m="8714" machi="62" ten="30,4000,0" yaku="8,1,54,2" doraHai="98" who="3" fromWho="3" sc="275,-10,102,-20,331,-10,292,40" /><INIT seed="6,0,0,2,2,108" ten="265,82,321,332" oya="2" hai0="13,105,22,118,51,30,14,59,135,82,69,45,4" hai1="49,46,97,0,90,29,124,109,92,111,16,55,11" hai2="70,26,67,40,41,80,36,133,73,44,6,56,91" hai3="130,60,99,93,66,9,115,1,134,12,58,127,119"/><V131/><F131/><W15/><G119/><T107/><D69/><U17/><E124/><V68/><F133/><W94/><G127/><T101/><D135/><U81/><E111/><V27/><F41/><W88/><G134/><T32/><D32/><U65/><E109/><V37/><F37/><W110/><G110/><T42/><D118/><U79/><E29/><V103/><F103/><W112/><G130/><T117/><D117/><U129/><E129/><V132/><F132/><W47/><G93/><T57/><D82/><U96/><E65/><V20/><F26/><W2/><G47/><T62/><D59/><U5/><REACH who="1" step="1"/><E97/><REACH who="1" ten="265,72,321,332" step="2"/><V85/><F67/><W78/><G66/><N who="0" m="39247" /><D30/><U35/><E35/><V48/><F70/><W100/><G2/><T128/><D128/><U24/><E24/><V7/><F27/><W18/><G1/><T28/><D28/><U75/><AGARI ba="0,1" hai="0,5,11,16,17,46,49,55,75,79,81,90,92,96" machi="75" ten="20,5200,0" yaku="1,1,0,1,7,1,54,1,53,0" doraHai="108" doraHaiUra="113" who="1" fromWho="1" sc="265,-13,72,62,321,-26,332,-13" /><INIT seed="7,0,0,3,0,101" ten="252,134,295,319" oya="3" hai0="77,48,49,118,120,0,28,38,117,112,5,22,131" hai1="92,27,34,62,52,111,47,23,16,69,81,123,56" hai2="2,119,3,31,124,72,10,82,30,83,65,40,26" hai3="66,58,35,94,75,33,55,73,51,122,36,97,71"/><W68/><G122/><T4/><D120/><U60/><E123/><V104/><F119/><W64/><G36/><T90/><D38/><U110/><E34/><N who="2" m="20823" /><F31/><W107/><G107/><T8/><D131/><U61/><E81/><V17/><F17/><W9/><G9/><T24/><D5/><U129/><E129/><V21/><F21/><W95/><G35/><T7/><D7/><U1/><E1/><V39/><F83/><W96/><G33/><T46/><D112/><U105/><E105/><V93/><F93/><W70/><G75/><T53/><D77/><U20/><E20/><V135/><F10/><W130/><G73/><T127/><D127/><U108/><E69/><V86/><F124/><W134/><G130/><T88/><REACH who="0" step="1"/><D49/><REACH who="0" ten="242,134,295,319" step="2"/><U41/><REACH who="1" step="1"/><E92/><REACH who="1" ten="242,124,295,319" step="2"/><V89/><F3/><W128/><G128/><T76/><D76/><U13/><E13/><V25/><F2/><W80/><G95/><T116/><AGARI ba="0,2" hai="0,4,8,22,24,28,46,48,53,88,90,116,117,118" machi="116" ten="30,4000,0" yaku="1,1,0,1,54,1,53,0" doraHai="101" doraHaiUra="74" who="0" fromWho="0" sc="242,60,124,-10,295,-10,319,-20" owari="302,40.0,114,-39.0,285,-11.0,299,10.0" /></mjloggm>