<mjloggm ver="2.3"><GO type="41" lobby="0"/><UN n0="%70%E7%AC%91%71" n1="%E5%9C%9F%E6%96%B9%E6%AD%B3%E4%B8%89" n2="%E5%B0%B1%E6%B4%BB%E7%94%9F%40%E5%B7%9D%E6%9D%91%E8%BB%8D%E5%9B%A3" n3="%E5%90%8D%E7%84%A1%E3%81%97%EF%BC%A0%E5%B7%9D%E6%9D%91%E8%BB%8D%E5%9B%A3" dan="14,16,15,13" rate="1935.19,1956.35,1995.57,1856.20" sx="M,M,M,M"/><TAIKYOKU oya="0"/><INIT seed="0,0,0,5,5,46" ten="250,250,250,250" oya="0" hai0="90,81,93,63,10,74,88,132,87,16,66,33,134" hai1="112,28,36,95,24,56,0,76,41,115,114,34,71" hai2="101,128,67,62,131,30,119,106,85,108,57,111,102" hai3="23,104,11,49,84,35,43,6,58,3,64,47,17"/><T37/><D37/><U15/><E0/><V32/><F106/><W124/><G104/><T44/><D33/><U22/><E71/><V1/><F1/><W5/><G35/><T89/><D44/><U135/><E36/><V116/><F30/><W98/><G124/><T29/><D29/><U52/><E41/><V8/><F8/><W80/><G6/><T48/><D48/><U133/><E76/><V92/><F32/><W96/><G64/><T125/><D125/><U77/><E77/><V113/><F85/><W72/><G58/><T110/><D110/><N who="2" m="42026" /><F92/><W121/><G121/><T117/><D74/><U122/><E122/><V50/><F102/><W69/><G69/><N who="0" m="42207" /><D117/><N who="2" m="45130" /><F101/><W109/><G72/><T78/><D93/><U45/><E45/><V91/><F91/><W129/><G129/><N who="2" m="49737" /><F50/><W82/><G109/><T51/><D51/><N who="1" m="30751" /><E95/><V26/><F26/><W73/><G73/><T120/><D120/><U118/><E118/><V55/><F113/><W86/><G86/><T40/><D40/><U83/><E83/><V39/><F39/><W103/><G103/><T105/><D105/><U70/><E34/><V100/><F100/><W65/><G65/><AGARI ba="0,0" hai="55,57,62,65,67" m="49737,45130,42026" machi="65" ten="40,8000,1" yaku="14,1,12,1,19,1,34,2" doraHai="46" who="2" fromWho="3" sc="250,0,250,0,250,80,250,-80" /><INIT seed="1,0,0,0,2,135" ten="250,250,330,170" oya="1" hai0="97,85,12,71,13,105,128,95,92,117,21,10,27" hai1="34,108,5,106,3,6,4,115,24,67,84,91,80" hai2="103,120,134,99,40,68,33,72,22,30,16,0,129" hai3="26,23,51,131,88,69,61,83,49,87,53,41,96"/><U48/><E115/><V50/><F68/><W125/><G131/><T43/><D117/><U56/><E106/><V86/><F72/><W122/><G122/><T104/><D71/><U65/><E34/><V109/><F0/><W45/><G69/><T123/><D128/><U29/><E3/><V78/><F134/><W54/><G96/><T28/><D13/><U2/><E2/><V66/><F33/><W93/><G61/><T79/><D123/><U73/><E73/><V25/><F109/><W60/><G60/><T57/><D43/><U118/><E108/><V42/><F120/><W112/><G112/><T76/><D92/><U114/><E114/><V82/><F129/><W37/><G93/><T44/><D44/><U52/><E118/><V35/><F50/><W58/><G37/><T63/><D85/><U113/><E113/><V110/><F66/><N who="1" m="25097" /><E24/><V133/><F133/><W94/><G94/><T111/><D111/><U47/><E29/><V132/><F132/><W1/><G1/><T119/><D119/><U75/><E75/><V31/><F110/><W107/><G107/><T64/><D104/><U127/><E47/><V98/><F103/><W81/><G81/><T89/><REACH who="0" step="1"/><D105/><REACH who="0" ten="240,250,330,170" step="2"/><U70/><E70/><V55/><F42/><W14/><G41/><T74/><D74/><U39/><E84/><V46/><F40/><W7/><G14/><T38/><D38/><U11/><E39/><V8/><F86/><W101/><G45/><T20/><D20/><U124/><E80/><V17/><F46/><W126/><G83/><T102/><D102/><U100/><E100/><RYUUKYOKU ba="0,1" sc="240,30,250,-10,330,-10,170,-10" hai0="10,12,21,27,28,57,63,64,76,79,89,95,97" /><INIT seed="2,1,1,3,5,118" ten="270,240,320,160" oya="2" hai0="83,94,116,63,44,98,95,117,68,14,19,17,73" hai1="90,29,32,61,28,45,104,64,27,120,110,99,60" hai2="37,8,55,10,87,15,75,62,86,135,41,52,11" hai3="58,124,109,31,47,133,0,103,22,2,108,77,127"/><V102/><F75/><W21/><G103/><T71/><D44/><U5/><E110/><N who="3" m="42602" /><G77/><N who="0" m="44463" /><D63/><U6/><E104/><V43/><F135/><W7/><G58/><T36/><D19/><U107/><E107/><V80/><F37/><W81/><G81/><T125/><D36/><U46/><E99/><V131/><F131/><W105/><G105/><T49/><D49/><U101/><E101/><V106/><F106/><W111/><G47/><T134/><D94/><U128/><E90/><N who="2" m="51527" /><F102/><W122/><N who="3" m="42610" /><W79/><DORA hai="53" /><G79/><T72/><D72/><U38/><E128/><V54/><F62/><W113/><G133/><T20/><D125/><N who="3" m="48201" /><G113/><T16/><D17/><U96/><E38/><V24/><F24/><N who="3" m="16783" /><G22/><T123/><D123/><U76/><E120/><V18/><F87/><W23/><G23/><AGARI ba="1,1" hai="8,10,11,15,18,23,41,43,52,54,55" m="51527" machi="23" ten="30,2900,0" yaku="8,1,54,1" doraHai="118,53" who="2" fromWho="3" sc="270,0,240,0,320,42,160,-32" /><INIT seed="2,2,0,1,1,32" ten="270,240,362,128" oya="2" hai0="88,60,7,26,82,80,38,92,91,111,30,67,110" hai1="27,17,48,57,50,49,133,39,4,85,87,79,20" hai2="1,99,96,126,59,94,71,0,68,83,18,10,2" hai3="112,25,130,37,122,84,22,19,14,46,45,116,28"/><V41/><F126/><W70/><G122/><T81/><D38/><U15/><E39/><V72/><F41/><W44/><G116/><T128/><D128/><U24/><E133/><V63/><F72/><W127/><G70/><T106/><D106/><U113/><E113/><V93/><F83/><W34/><G130/><T102/><D7/><U11/><E57/><V108/><F108/><W135/><G135/><T131/><D131/><U95/><E79/><V23/><F10/><W89/><G127/><T29/><D102/><U13/><E85/><V101/><F94/><W52/><G112/><T114/><D114/><U109/><E109/><N who="0" m="41481" /><D26/><U40/><E40/><V134/><F99/><W47/><G37/><T65/><D92/><U36/><E36/><V53/><REACH who="2" step="1"/><F134/><REACH who="2" ten="270,240,352,128" step="2"/><W129/><G129/><T75/><D75/><U76/><E95/><V64/><F64/><N who="0" m="24650" /><D60/><U5/><E87/><V115/><F115/><W120/><G120/><T124/><D124/><U105/><E105/><V125/><F125/><W12/><N who="3" m="11776" /><DORA hai="66" /><W98/><G98/><T132/><D132/><U35/><E76/><V100/><F100/><W6/><G52/><T55/><D55/><U123/><E123/><V9/><F9/><W86/><REACH who="3" step="1"/><G89/><AGARI ba="2,1" hai="29,30,80,81,82,88,89,91" m="24650,41481" machi="89" ten="40,8000,1" yaku="28,2,14,1,54,1" doraHai="32,66" who="0" fromWho="3" sc="270,96,240,0,352,0,128,-86" /><INIT seed="3,0,0,5,2,83" ten="366,240,352,42" oya="3" hai0="108,4,56,91,93,69,75,84,131,134,24,50,103" hai1="73,60,126,135,33,86,3,52,14,39,59,109,5" hai2="8,116,111,129,115,35,130,101,113,97,41,79,32" hai3="30,65,121,43,34,92,76,107,22,7,55,16,100"/><W25/><G121/><T124/><D69/><U28/><E73/><V51/><F79/><W42/><G107/><T23/><D4/><U17/><E39/><V85/><F111/><W71/><G71/><T12/><D108/><U118/><E109/><V36/><F36/><W27/><G65/><T82/><D124/><U62/><E126/><V119/><F8/><W80/><G7/><T40/><D131/><N who="2" m="50186" /><F51/><W63/><G100/><T9/><D134/><U125/><E135/><V95/><F41/><W44/><G92/><T29/><D12/><U19/><E3/><V81/><F32/><W47/><G47/><T46/><D9/><U89/><E125/><V2/><F2/><W127/><G127/><T88/><D75/><U18/><E118/><N who="2" m="45099" /><F35/><W77/><G77/><N who="0" m="46159" /><D56/><U105/><E33/><V132/><F132/><W1/><G1/><T123/><D123/><U70/><E70/><V6/><F6/><W37/><G43/><T96/><AGARI ba="0,0" hai="23,24,29,40,46,50,88,91,93,96,103" m="46159" machi="96" ten="30,4000,0" yaku="8,1,52,1,54,1" doraHai="83" who="0" fromWho="0" sc="366,40,240,-10,352,-10,42,-20" /><INIT seed="4,0,0,4,4,81" ten="406,230,342,22" oya="0" hai0="21,126,128,15,43,29,123,14,79,89,117,132,52" hai1="55,58,95,118,91,90,41,103,59,104,17,92,40" hai2="5,37,9,75,77,121,88,30,85,65,82,120,94" hai3="3,49,84,48,124,113,4,106,119,135,45,51,64"/><T23/><D117/><U33/><E118/><V13/><F37/><W80/><G119/><T115/><D79/><U61/><E33/><V1/><F30/><W83/><G106/><T98/><D123/><U22/><E104/><V76/><F76/><W56/><G113/><T130/><D43/><U74/><E74/><V71/><F71/><W27/><G124/><T112/><D126/><U67/><E103/><V66/><REACH who="2" step="1"/><F1/><REACH who="2" ten="406,230,332,22" step="2"/><W134/><G135/><T11/><D132/><U42/><E42/><V47/><F47/><W63/><G134/><T60/><D29/><U31/><E31/><V50/><F50/><W25/><G83/><T122/><D122/><AGARI ba="0,1" hai="5,9,13,65,66,75,77,82,85,88,94,120,121,122" machi="122" ten="40,5200,0" yaku="1,1,52,1,54,1,53,0" doraHai="81" doraHaiUra="44" who="2" fromWho="0" sc="406,-52,230,0,332,62,22,0" /><INIT seed="5,0,0,3,0,101" ten="354,230,394,22" oya="1" hai0="91,25,132,105,24,131,64,30,40,125,87,103,60" hai1="10,44,62,116,68,53,108,36,12,41,84,90,5" hai2="118,78,100,86,117,127,92,133,19,6,124,20,27" hai3="51,21,52,13,96,28,99,22,76,75,112,73,80"/><U50/><E116/><N who="2" m="44651" /><F6/><W67/><G112/><T89/><D125/><N who="2" m="48202" /><F78/><W3/><G3/><T0/><D0/><U4/><E108/><V54/><F54/><W119/><G119/><T63/><D131/><U34/><E34/><V95/><F86/><W45/><G73/><T29/><D40/><U83/><E68/><V79/><F79/><W77/><G77/><T93/><D132/><U97/><E97/><N who="2" m="59431" /><F95/><W129/><G129/><T58/><D60/><U61/><E5/><V42/><F42/><W88/><G67/><T35/><D89/><U16/><E4/><V126/><F126/><W15/><G88/><T46/><D46/><AGARI ba="0,0" hai="10,12,16,36,41,44,46,50,53,61,62,83,84,90" machi="46" ten="30,11600,0" yaku="7,1,25,2,54,1" doraHai="101" who="1" fromWho="0" sc="354,-116,230,116,394,0,22,0" /><INIT seed="5,1,0,1,5,91" ten="238,346,394,22" oya="1" hai0="43,119,90,47,114,77,135,75,25,21,44,59,65" hai1="120,61,124,0,30,116,42,16,32,37,39,60,18" hai2="128,57,45,112,48,40,50,106,10,19,111,122,74" hai3="49,6,110,109,101,38,127,3,28,13,107,93,62"/><U73/><E120/><V123/><F106/><W79/><G38/><T87/><D119/><U46/><E116/><V130/><F74/><W133/><G107/><T98/><D114/><U105/><E73/><V68/><F10/><W95/><G3/><T64/><D135/><U72/><E72/><V81/><F81/><W80/><G133/><T84/><D75/><U132/><E132/><V51/><F19/><W70/><G28/><T11/><D98/><U100/><E0/><V96/><F68/><W24/><G24/><T92/><D11/><U66/><E32/><V58/><F96/><W108/><G101/><T17/><D59/><N who="2" m="22538" /><F111/><W2/><G127/><T29/><D47/><U41/><E124/><V89/><F89/><W85/><G2/><T34/><D84/><U102/><E105/><V54/><F112/><W33/><G33/><T14/><REACH who="0" step="1"/><D77/><REACH who="0" ten="228,346,394,22" step="2"/><U121/><E46/><N who="2" m="27927" /><F50/><AGARI ba="1,1" hai="14,17,21,25,29,34,43,44,50,64,65,87,90,92" machi="50" ten="30,3900,0" yaku="1,1,7,1,52,1,53,0" doraHai="91" doraHaiUra="67" who="0" fromWho="2" sc="228,52,346,0,394,-42,22,0" /><INIT seed="6,0,0,1,4,30" ten="280,346,352,22" oya="2" hai0="129,120,38,5,70,15,27,119,96,55,7,127,14" hai1="17,58,13,105,108,2,133,132,25,124,101,109,12" hai2="44,65,93,68,111,16,21,33,35,51,47,88,53" hai3="98,121,37,19,66,89,116,135,20,94,71,123,18"/><V49/><F111/><W130/><G116/><T95/><D120/><U42/><E42/><V75/><F68/><W86/><G37/><T85/><D38/><U90/><E105/><V134/><F75/><W56/><G71/><T92/><D70/><U8/><E101/><V31/><F65/><W91/><G130/><T110/><D110/><U3/><E109/><V74/><F31/><W64/><G135/><N who="1" m="51786" /><E108/><V63/><F63/><W45/><G18/><T104/><D129/><U77/><E77/><V125/><F74/><W36/><G36/><T76/><D104/><U41/><E41/><V118/><F118/><W29/><G29/><T60/><D127/><U87/><E124/><V57/><F125/><W80/><G45/><N who="2" m="17481" /><F49/><W100/><G123/><T50/><D60/><U99/><E99/><V52/><F53/><W97/><G121/><T81/><D27/><U28/><E58/><V115/><F115/><W122/><G122/><T126/><D126/><U78/><E12/><N who="0" m="4649" /><D119/><U112/><E78/><V39/><F39/><W62/><G64/><T11/><D11/><U114/><E114/><V10/><F134/><W22/><REACH who="3" step="1"/><G19/><REACH who="3" ten="280,346,352,12" step="2"/><T1/><D5/><U106/><E17/><V0/><F0/><W32/><G32/><T102/><D7/><U9/><E2/><V69/><F69/><W82/><G82/><T73/><D81/><U61/><E3/><V54/><F10/><W83/><G83/><T103/><D1/><U24/><E9/><V79/><F79/><W26/><G26/><T107/><D76/><U67/><E25/><N who="2" m="14503" /><F54/><W59/><G59/><T23/><D55/><RYUUKYOKU ba="0,1" sc="280,-15,346,-15,352,15,12,15" hai2="33,35,51,52,57,88,93" hai3="20,22,56,62,66,80,86,89,91,94,97,98,100" /><INIT seed="6,1,1,0,0,113" ten="265,331,367,27" oya="2" hai0="87,67,82,125,84,122,4,5,24,69,78,120,68" hai1="88,47,103,115,62,38,28,59,37,36,23,57,124" hai2="127,7,39,86,1,22,6,117,21,0,55,60,34" hai3="130,80,50,102,56,123,27,12,75,91,118,132,128"/><V83/><F117/><W92/><G27/><T135/><D135/><U48/><E115/><V11/><F39/><W3/><G3/><T111/><D111/><U10/><E103/><V72/><F34/><W42/><G42/><T131/><D131/><U76/><E76/><V96/><F72/><W106/><G12/><T116/><D116/><U70/><E70/><V93/><F127/><W8/><G8/><T114/><D114/><U17/><E124/><V90/><F6/><W20/><G20/><T108/><D108/><U112/><E28/><V43/><F43/><W99/><G56/><T14/><D125/><U73/><E73/><V104/><F104/><W100/><G50/><T126/><D126/><U79/><E79/><V15/><F0/><W45/><G45/><T32/><D14/><U51/><E112/><V105/><F1/><W46/><G46/><T61/><D69/><U40/><E10/><V9/><F9/><W98/><G123/><T13/><D84/><U58/><E48/><V26/><F105/><W66/><G66/><T121/><D13/><U41/><E41/><V19/><F22/><W25/><G25/><T89/><D78/><U109/><E109/><V30/><F7/><W65/><G65/><T54/><D54/><U81/><E23/><V71/><F71/><W110/><G110/><T107/><D107/><U16/><E62/><V2/><F2/><W94/><G132/><T77/><D77/><U119/><E119/><V52/><F60/><W53/><G53/><T101/><D101/><AGARI ba="1,1" hai="11,15,19,21,26,30,52,55,83,86,90,93,96,101" machi="101" ten="30,5800,0" yaku="7,1,8,1,54,1" doraHai="113" who="2" fromWho="0" sc="265,-61,331,0,367,71,27,0" /><INIT seed="6,2,0,1,2,127" ten="204,331,438,27" oya="2" hai0="100,26,18,123,135,31,57,55,33,21,28,52,30" hai1="87,99,22,80,15,68,72,50,39,81,117,40,71" hai2="94,25,114,111,6,32,82,134,105,51,70,4,49" hai3="112,13,131,46,77,113,75,108,9,121,12,74,16"/><V43/><F105/><W91/><G108/><T29/><D123/><U128/><E117/><V107/><F70/><W63/><G121/><T47/><D135/><U36/><E72/><V76/><F107/><W53/><G77/><T78/><D78/><U59/><E99/><V92/><F111/><W133/><G133/><T10/><D100/><U89/><E22/><V45/><F114/><N who="3" m="44139" /><G12/><T42/><D57/><U120/><E15/><V44/><F134/><W124/><G124/><T84/><D84/><U64/><E120/><V130/><F32/><W126/><G126/><T98/><D98/><U96/><E96/><V62/><F62/><W3/><G3/><T116/><D116/><U60/><E71/><V122/><F25/><W35/><G35/><T101/><D101/><U69/><E69/><V34/><F34/><W58/><G46/><T83/><D83/><U132/><E80/><V66/><F66/><W115/><N who="3" m="44147" /><W23/><DORA hai="17" /><G9/><T93/><D93/><N who="2" m="35946" /><F130/><W27/><G27/><T0/><D47/><U85/><E132/><V38/><F38/><W5/><G5/><N who="2" m="2153" /><F122/><W106/><G106/><T118/><D42/><U48/><E40/><N who="2" m="24711" /><F76/><W61/><G61/><T125/><D118/><U67/><E36/><V95/><F95/><W102/><G102/><T104/><D104/><U73/><E39/><V14/><F82/><W65/><G65/><T54/><D125/><U90/><E67/><V103/><F103/><W20/><G91/><T109/><D109/><U11/><E89/><V56/><F14/><N who="3" m="9239" /><G131/><T88/><D88/><U7/><E90/><V2/><F2/><RYUUKYOKU ba="2,0" sc="204,-15,331,-15,438,15,27,15" hai2="43,45,51,56" hai3="13,23,53,58,63,74,75" /><INIT seed="6,3,0,1,1,91" ten="189,316,453,42" oya="2" hai0="72,96,66,67,54,97,48,58,103,65,43,19,94" hai1="73,115,27,13,55,110,57,64,86,39,87,117,25" hai2="69,114,49,42,111,1,108,105,125,45,107,134,101" hai3="112,3,36,116,7,128,118,41,120,109,46,131,70"/><V133/><F1/><W22/><G22/><T2/><D72/><U71/><E110/><N who="2" m="42027" /><F69/><W9/><G109/><T104/><D2/><U68/><E73/><V85/><F114/><W124/><G70/><T47/><D19/><U30/><E115/><V32/><F32/><W80/><G112/><T51/><D66/><U34/><E39/><V4/><F4/><W126/><G80/><T0/><D0/><U79/><E64/><V29/><F29/><W135/><G120/><T121/><D121/><U77/><E34/><V31/><F31/><W15/><G15/><T11/><D11/><U88/><E13/><V100/><F85/><W8/><G8/><T12/><D12/><U122/><E30/><V60/><F60/><W82/><G82/><T89/><AGARI ba="3,0" hai="43,47,48,51,54,58,65,67,89,94,96,97,103,104" machi="89" ten="20,2700,0" yaku="0,1,7,1,52,1" doraHai="91" who="0" fromWho="0" sc="189,36,316,-10,453,-16,42,-10" /><INIT seed="7,0,0,2,4,133" ten="225,306,437,32" oya="3" hai0="13,118,70,97,94,43,29,101,69,11,121,115,111" hai1="58,7,85,103,117,95,100,75,107,12,39,9,132" hai2="91,49,82,3,127,114,51,59,83,93,126,81,124" hai3="34,40,110,64,113,27,52,104,128,53,68,130,21"/><W56/><G104/><T134/><D111/><U36/><E132/><V90/><F3/><W14/><G110/><T48/><D118/><U23/><E117/><V37/><F37/><W89/><G113/><T131/><D134/><U42/><E75/><V25/><F114/><W4/><G34/><T38/><D115/><U71/><E71/><V99/><F25/><W30/><G40/><T65/><D38/><U32/><E32/><V57/><F91/><W105/><G105/><T60/><D131/><N who="3" m="50217" /><G68/><T79/><D121/><U50/><E107/><V62/><F59/><W47/><G47/><T66/><D29/><U33/><E33/><V46/><F46/><W92/><G64/><AGARI ba="0,0" hai="49,51,57,62,64,81,82,83,90,93,99,124,126,127" machi="64" ten="50,8000,1" yaku="18,1,52,3" doraHai="133" who="2" fromWho="3" sc="225,0,306,0,437,80,32,-80" owari="225,-17.0,306,11.0,517,61.0,-48,-55.0" /></mjloggm>