<mjloggm ver="2.3"><GO type="97" lobby="0"/><UN n0="%73%68%65%69%6B" n1="%72%61%72%66%69%6C%65" n2="%6F%77%61%72%69%2D" n3="%E5%B0%B1%E6%B4%BB%E7%94%9F%40%E5%B7%9D%E6%9D%91%E8%BB%8D%E5%9B%A3" dan="15,13,14,14" rate="1961.59,1861.84,1915.63,1943.30" sx="F,M,M,M"/><TAIKYOKU oya="0"/><INIT seed="0,0,0,5,4,120" ten="250,250,250,250" oya="0" hai0="131,77,19,89,84,4,8,34,130,125,101,96,90" hai1="128,31,48,133,121,135,66,80,74,38,21,18,10" hai2="44,22,7,33,92,43,110,79,20,25,94,86,53" hai3="3,52,35,16,85,65,54,51,1,100,73,6,102"/><T132/><D34/><U116/><E38/><V104/><F104/><W42/><G73/><T87/><D125/><U61/><E116/><V97/><F33/><W122/><G35/><T17/><D132/><U75/><E31/><V108/><F7/><W2/><G122/><T105/><D77/><N who="1" m="44087" /><E10/><V29/><F53/><W58/><G6/><T112/><D112/><U57/><E75/><V59/><F59/><W107/><G107/><T98/><D98/><U83/><E83/><N who="2" m="47487" /><F97/><W14/><G42/><T56/><D56/><U45/><E121/><V0/><F0/><W134/><G134/><N who="1" m="51210" /><E48/><N who="2" m="26655" /><F20/><W23/><G65/><T49/><D49/><U103/><E103/><V109/><AGARI ba="0,0" hai="22,25,29,92,94,108,109,110" m="26655,47487" machi="109" ten="30,7900,0" yaku="14,1,52,3" doraHai="120" who="2" fromWho="2" sc="250,-39,250,-20,250,79,250,-20" /><INIT seed="1,0,0,1,0,118" ten="211,230,329,230" oya="1" hai0="123,135,94,81,38,73,31,19,112,75,6,39,80" hai1="100,21,1,65,110,13,40,64,134,14,62,101,76" hai2="45,116,55,28,3,49,129,78,79,30,11,77,82" hai3="102,89,36,96,115,99,133,33,43,46,41,104,54"/><U125/><E1/><V120/><F116/><W69/><G115/><T107/><D112/><U122/><E40/><V114/><F129/><W93/><G69/><T50/><D31/><U119/><E76/><V108/><F108/><W70/><G70/><T85/><D107/><U34/><E34/><V42/><F120/><W22/><G133/><T26/><D6/><U25/><E122/><V57/><F114/><W111/><G33/><T130/><D130/><U48/><E125/><V17/><F82/><W103/><G111/><T131/><D131/><U15/><E110/><V109/><F109/><W113/><G113/><T24/><D135/><U20/><E134/><V58/><F3/><W7/><G7/><T88/><D123/><U68/><E119/><V105/><F105/><W52/><G103/><N who="1" m="39498" /><E48/><N who="2" m="30951" /><F58/><W12/><G43/><T37/><D50/><U0/><E0/><V98/><F98/><W97/><G96/><T32/><D32/><U90/><E62/><V66/><F66/><N who="1" m="25705" /><E90/><V71/><F71/><W84/><REACH who="3" step="1"/><G99/><REACH who="3" ten="211,230,329,220" step="2"/><T8/><D37/><U95/><E68/><V124/><F124/><W63/><G63/><T60/><D38/><U23/><E95/><V121/><F121/><W67/><G67/><T117/><D39/><U44/><E44/><V132/><F132/><W29/><G29/><AGARI ba="0,1" hai="13,14,15,20,21,23,25,29" m="25705,39498" machi="29" ten="30,1500,0" yaku="8,1" doraHai="118" who="1" fromWho="3" sc="211,0,230,25,329,0,220,-15" /><INIT seed="1,1,0,5,0,94" ten="211,255,329,205" oya="1" hai0="49,25,6,121,16,26,109,63,103,70,89,106,123" hai1="95,17,76,43,74,15,35,64,80,87,18,1,75" hai2="57,85,117,52,100,108,33,60,38,44,66,34,99" hai3="42,62,24,13,56,84,0,10,78,2,91,114,129"/><U120/><E1/><V45/><F117/><W41/><G114/><T133/><D89/><N who="1" m="53695" /><E35/><V69/><F108/><W118/><G118/><T122/><D6/><U127/><E43/><N who="2" m="22647" /><F85/><W46/><G129/><T110/><D49/><U101/><E64/><V23/><F23/><W134/><G78/><T29/><D133/><U79/><E15/><V81/><F81/><W20/><G134/><T47/><D47/><U50/><E18/><V37/><F45/><W128/><G128/><T11/><D103/><U72/><E50/><N who="2" m="30871" /><F37/><W102/><G102/><T107/><D70/><U40/><E40/><V135/><F135/><W19/><G0/><T61/><D29/><U7/><E17/><V77/><F77/><W131/><G2/><T93/><D93/><AGARI ba="1,0" hai="33,34,60,66,69,93,99,100" m="30871,22647" machi="93" ten="30,3900,0" yaku="24,1,52,1,54,1" doraHai="94" who="2" fromWho="0" sc="211,-42,255,0,329,42,205,0" /><INIT seed="2,0,0,1,4,25" ten="169,255,371,205" oya="2" hai0="123,17,34,13,27,41,84,135,59,77,89,78,101" hai1="75,28,95,103,131,53,19,5,38,73,12,112,132" hai2="63,52,72,31,40,82,57,1,39,46,22,98,90" hai3="24,94,26,133,83,134,11,85,2,9,79,93,124"/><V88/><F1/><W66/><G124/><T42/><D123/><U69/><E5/><V60/><F60/><W111/><G111/><T120/><D120/><U109/><E69/><V115/><F115/><W130/><G130/><T48/><D135/><U4/><E4/><V108/><F108/><W80/><G66/><T0/><D0/><U30/><E38/><V14/><F98/><W70/><G70/><T56/><D101/><U113/><E109/><V91/><F72/><N who="1" m="27721" /><E131/><V20/><F82/><W81/><G2/><T33/><D33/><U100/><E53/><V102/><F102/><N who="1" m="38953" /><E95/><N who="3" m="36362" /><G85/><T45/><D42/><U87/><E87/><V126/><F126/><W116/><G79/><T121/><D121/><U76/><E76/><V8/><F31/><N who="1" m="11817" /><E19/><N who="2" m="8647" /><F39/><W92/><G92/><T97/><D34/><U18/><E18/><V74/><F74/><W54/><G54/><T105/><D27/><N who="3" m="10281" /><G11/><N who="0" m="6335" /><D105/><U110/><E12/><V23/><F40/><W64/><G9/><T58/><D97/><U107/><E110/><V122/><F122/><W118/><G64/><T29/><D29/><U129/><E129/><V7/><F7/><W127/><G127/><T114/><D114/><N who="1" m="44139" /><E132/><AGARI ba="0,0" hai="80,81,83,116,118,132,133,134" m="10281,36362" machi="132" ten="40,5200,0" yaku="28,2,20,1" doraHai="25" who="3" fromWho="1" sc="169,0,255,-52,371,0,205,52" /><INIT seed="3,0,0,1,5,66" ten="169,203,371,257" oya="3" hai0="53,29,83,118,59,128,61,33,37,82,11,92,112" hai1="105,73,94,77,74,135,13,22,26,40,34,54,39" hai2="8,16,69,124,130,106,6,45,51,35,19,98,64" hai3="28,111,3,121,31,5,125,78,32,65,10,12,104"/><W123/><G104/><T79/><D118/><U107/><E94/><V15/><F35/><W90/><G78/><T88/><D128/><U24/><E54/><V70/><F124/><W109/><G65/><T36/><D112/><U89/><E89/><V95/><F106/><N who="1" m="40457" /><E34/><V129/><F64/><W30/><G90/><T114/><D114/><U17/><E77/><V62/><F62/><W1/><G32/><T76/><D11/><U110/><E40/><N who="2" m="24999" /><F19/><W23/><G125/><T71/><D71/><U38/><E13/><V100/><F6/><W86/><G86/><T55/><D55/><U134/><E22/><V27/><F27/><N who="1" m="10281" /><E17/><V68/><F68/><W52/><G52/><T7/><D7/><U25/><N who="1" m="10289" /><U48/><DORA hai="63" /><E48/><V96/><F96/><W60/><G60/><T122/><D122/><N who="3" m="46601" /><G23/><T108/><D108/><AGARI ba="0,0" hai="1,3,5,10,12,28,30,31,108,109,111" m="46601" machi="108" ten="40,12000,1" yaku="14,1,10,1,34,2" doraHai="66,63" who="3" fromWho="0" sc="169,-120,203,0,371,0,257,120" owari="49,-45.0,203,-20.0,371,17.0,377,48.0" /></mjloggm>