<mjloggm ver="2.3"><GO type="169" lobby="0"/><UN n0="%E5%96%AB%E7%85%99%E8%80%85" n1="%6D%6F%74%69%37%32%2E%2E" n2="%E3%82%A6%E3%83%AB%E3%83%88%E3%83%A9%E7%AB%8B%E7%9B%B4" n3="%E3%81%91%E3%82%93%31%39%37%30" dan="17,17,17,16" rate="2185.27,2117.77,2149.43,2183.65" sx="F,M,M,M"/><TAIKYOKU oya="0"/><INIT seed="0,0,0,4,0,29" ten="250,250,250,250" oya="0" hai0="21,19,66,128,5,80,130,132,105,38,91,4,76" hai1="118,32,43,102,44,73,133,68,6,92,84,41,60" hai2="120,74,97,27,65,7,81,54,52,15,30,70,11" hai3="77,89,127,115,3,16,40,22,0,26,50,87,113"/><T45/><D105/><U63/><E73/><V86/><F74/><W96/><G127/><T18/><D91/><U56/><E68/><V85/><F120/><W111/><G111/><T36/><D66/><U37/><E43/><V110/><F110/><W90/><G77/><T62/><D62/><U104/><E104/><V95/><F65/><W33/><G33/><T121/><D121/><U98/><E118/><V64/><F64/><W75/><G75/><N who="0" m="43039" /><D132/><U79/><E6/><N who="0" m="2665" /><D45/><U31/><E133/><V103/><F70/><W114/><G96/><T35/><D35/><U9/><E9/><V99/><F99/><W28/><G28/><T47/><D47/><U82/><REACH who="1" step="1"/><E56/><REACH who="1" ten="250,240,250,250" step="2"/><V2/><F2/><W69/><G69/><T100/><D128/><U67/><E67/><V34/><REACH who="2" step="1"/><F86/><REACH who="2" ten="250,240,240,250" step="2"/><W17/><G87/><T12/><D130/><U119/><E119/><V101/><F101/><W83/><G3/><T1/><D100/><U126/><E126/><V93/><F93/><W14/><G0/><T116/><D1/><U8/><E8/><V117/><F117/><W53/><G113/><T24/><D116/><U20/><E20/><V135/><F135/><W112/><G22/><T122/><D122/><U23/><E23/><V57/><F57/><W48/><G112/><T94/><D94/><U25/><AGARI ba="0,2" hai="25,31,32,37,41,44,60,63,79,82,84,92,98,102" machi="25" ten="30,4000,0" yaku="1,1,0,1,52,1,53,0" doraHai="29" doraHaiUra="129" who="1" fromWho="1" sc="250,-20,240,60,240,-10,250,-10" /><INIT seed="1,0,0,2,1,112" ten="230,300,230,240" oya="1" hai0="47,103,26,35,111,39,113,109,33,82,8,69,107" hai1="71,132,89,127,63,86,25,21,85,110,126,123,52" hai2="28,64,77,116,93,65,87,54,7,95,62,70,15" hai3="4,76,5,99,90,122,74,1,92,23,124,11,32"/><U83/><E123/><V41/><F41/><W114/><G32/><N who="0" m="12363" /><D26/><U94/><E132/><V135/><F28/><W60/><G122/><T134/><D113/><U66/><E110/><N who="0" m="41993" /><D69/><U73/><E73/><V56/><F65/><W57/><G114/><T118/><D134/><U129/><E129/><V115/><F95/><W38/><G38/><T0/><D82/><U68/><E68/><V125/><F125/><N who="1" m="47625" /><E52/><V59/><F70/><W78/><G5/><N who="0" m="1063" /><D103/><U61/><E71/><V49/><F135/><W44/><G124/><T17/><D107/><U80/><E80/><V24/><F24/><W58/><G92/><T19/><D47/><U119/><E66/><V67/><F67/><W51/><G44/><T20/><D39/><U22/><E83/><V120/><F120/><W34/><G34/><T46/><D46/><U72/><E72/><V50/><F115/><W27/><G57/><T91/><D91/><U29/><E89/><V14/><F77/><W130/><G90/><T100/><D100/><U48/><E94/><V79/><F79/><W128/><G78/><T42/><D42/><U81/><E81/><V9/><F93/><W106/><G76/><T43/><D43/><U117/><E86/><V84/><F84/><W75/><G74/><T3/><D3/><U31/><E85/><V45/><F87/><W16/><G75/><T96/><D96/><U30/><E25/><V88/><F88/><W10/><G99/><T2/><D2/><U98/><E98/><V104/><F104/><W37/><G106/><T105/><D105/><U108/><E63/><V36/><F62/><RYUUKYOKU ba="0,0" sc="230,0,300,0,230,0,240,0" /><INIT seed="2,1,0,0,5,48" ten="230,300,230,240" oya="2" hai0="125,57,63,19,67,134,122,37,124,92,45,84,81" hai1="120,10,41,49,132,111,95,75,31,43,68,59,69" hai2="121,20,55,78,98,127,5,89,96,30,129,128,93" hai3="70,88,113,104,72,135,82,51,2,23,39,105,24"/><V73/><F5/><W3/><G39/><T101/><D122/><U12/><E75/><V36/><F36/><W97/><G70/><T40/><D134/><U0/><E0/><V91/><F121/><W100/><G135/><T8/><D101/><U103/><E120/><V6/><F6/><W1/><G113/><T60/><D92/><U27/><E132/><V14/><F127/><W64/><G64/><T4/><D19/><U71/><E111/><V26/><F14/><W109/><G109/><T56/><D8/><U126/><E126/><V9/><F9/><W115/><G115/><T133/><D4/><U94/><E43/><V80/><F55/><W47/><G72/><T83/><D83/><U130/><E130/><V21/><F21/><W46/><G104/><T86/><D86/><U108/><E108/><V99/><REACH who="2" step="1"/><F93/><REACH who="2" ten="230,300,220,240" step="2"/><W79/><G23/><T28/><D133/><U42/><E95/><V22/><F22/><W33/><G3/><T18/><D28/><U74/><E12/><V123/><F123/><W52/><G2/><T15/><D15/><U114/><E10/><V85/><F85/><N who="3" m="50231" /><G1/><T87/><D124/><U76/><E114/><V58/><F58/><N who="3" m="33055" /><G33/><T35/><D125/><U117/><E74/><V54/><F54/><W119/><G24/><T29/><D35/><U7/><E27/><V16/><F16/><W107/><G105/><T13/><D37/><U131/><E71/><V34/><F34/><W102/><G107/><T17/><D13/><U61/><E69/><V44/><F44/><W62/><G47/><T90/><D45/><U32/><E68/><RYUUKYOKU ba="1,1" sc="230,-10,300,-10,220,30,240,-10" hai2="20,26,30,73,78,80,89,91,96,98,99,128,129" /><INIT seed="2,2,1,3,0,56" ten="220,290,250,230" oya="2" hai0="82,11,42,67,13,105,92,86,0,74,135,61,107" hai1="8,31,55,49,133,114,88,103,98,119,6,41,7" hai2="23,127,93,4,10,69,73,90,19,2,108,109,70" hai3="29,28,37,96,59,89,51,34,125,30,12,129,94"/><V131/><F73/><W32/><G37/><T80/><D0/><U106/><E114/><V57/><F57/><W54/><G125/><T3/><D3/><U72/><E72/><V25/><F127/><W132/><G129/><T78/><D92/><U27/><E119/><V85/><REACH who="2" step="1"/><F131/><REACH who="2" ten="220,290,240,230" step="2"/><W40/><G132/><T33/><D135/><U38/><E133/><V81/><F81/><W79/><G79/><T46/><D82/><U53/><E7/><V58/><F58/><W16/><REACH who="3" step="1"/><G40/><REACH who="3" ten="220,290,240,220" step="2"/><T113/><D42/><U104/><E41/><V65/><F65/><W39/><G39/><T71/><D78/><U99/><E38/><V14/><F14/><W43/><G43/><T110/><D13/><U9/><E55/><V5/><F5/><W21/><AGARI ba="2,3" hai="12,16,21,28,29,30,32,34,51,54,59,89,94,96" machi="21" ten="30,4000,0" yaku="1,1,0,1,54,1,53,0" doraHai="56" doraHaiUra="22" who="3" fromWho="3" sc="220,-12,290,-12,240,-22,220,76" /><INIT seed="3,0,0,1,1,40" ten="208,278,218,296" oya="3" hai0="7,131,80,47,5,122,32,6,51,129,53,121,60" hai1="24,54,44,52,14,63,61,106,98,59,96,100,123" hai2="33,95,23,57,97,43,132,105,82,120,62,90,93" hai3="42,76,21,39,116,9,73,25,115,88,85,126,29"/><W77/><G115/><T81/><D32/><U3/><E3/><V101/><F33/><W30/><G116/><T55/><D60/><U104/><E123/><N who="0" m="47113" /><D55/><U8/><E24/><V27/><F132/><W49/><G126/><T79/><D79/><U125/><E125/><V18/><F120/><W28/><G39/><T99/><D99/><U68/><E68/><V56/><F56/><W13/><G73/><T134/><D134/><U19/><E63/><V94/><F43/><W107/><G107/><T118/><D118/><U102/><REACH who="1" step="1"/><E44/><REACH who="1" ten="208,268,218,296" step="2"/><V78/><F105/><W130/><G30/><T135/><D135/><U31/><E31/><V38/><F101/><W75/><G29/><T16/><D47/><U108/><E108/><V83/><F38/><W11/><G75/><T103/><D103/><U37/><E37/><V119/><F119/><W71/><G71/><T17/><D129/><U34/><E34/><V87/><F62/><W2/><G2/><T48/><D131/><U74/><E74/><V117/><F117/><W41/><G130/><T67/><D51/><U4/><E4/><V113/><F113/><W22/><G49/><T65/><D5/><U66/><AGARI ba="0,1" hai="8,14,19,52,54,59,61,66,96,98,100,102,104,106" machi="66" ten="20,8000,1" yaku="1,1,0,1,7,1,9,1,54,1,53,0" doraHai="40" doraHaiUra="72" who="1" fromWho="1" sc="208,-20,268,90,218,-20,296,-40" /><INIT seed="4,0,0,3,2,117" ten="188,358,198,256" oya="0" hai0="106,134,44,72,1,52,18,27,86,126,77,98,84" hai1="2,41,129,64,91,39,29,116,40,128,61,83,59" hai2="100,130,21,7,67,42,58,92,55,4,43,35,54" hai3="102,105,110,50,20,62,34,3,46,97,94,133,5"/><T127/><D1/><U80/><E2/><V36/><F35/><W81/><G110/><T107/><D72/><U13/><E29/><V16/><F130/><N who="1" m="50281" /><E116/><V90/><F100/><W76/><G34/><T60/><D134/><U22/><E39/><V33/><F67/><W87/><G133/><T37/><D37/><U26/><E26/><N who="2" m="14631" /><F33/><W8/><G62/><T115/><D115/><U93/><E22/><V15/><F15/><W118/><G118/><T48/><D27/><U11/><E83/><V70/><F55/><W6/><G20/><T104/><D18/><N who="1" m="8511" /><E80/><V56/><F70/><W66/><G66/><T89/><D77/><U135/><E135/><V57/><F54/><W38/><G38/><T71/><D98/><AGARI ba="0,0" hai="40,41,59,61,64,91,93,98" m="8511,50281" machi="98" ten="30,1000,0" yaku="19,1" doraHai="117" who="1" fromWho="0" sc="188,-10,358,10,198,0,256,0" /><INIT seed="5,0,0,3,1,94" ten="178,368,198,256" oya="1" hai0="116,29,15,73,127,88,63,20,59,47,23,30,87" hai1="45,121,111,14,13,43,17,99,122,72,130,83,133" hai2="117,32,96,126,2,110,98,61,75,40,65,107,27" hai3="70,44,3,131,56,125,135,81,21,52,22,78,35"/><U19/><E130/><V7/><F110/><W5/><G70/><T31/><D73/><U25/><E25/><V80/><F117/><W114/><G35/><T89/><D116/><U112/><E112/><V16/><F126/><W6/><G114/><T123/><D127/><U124/><E133/><V100/><F40/><W104/><G104/><T69/><D69/><U57/><E57/><V97/><F7/><W64/><G125/><T41/><D123/><U39/><E124/><V132/><F2/><W82/><G135/><T37/><D15/><U84/><E72/><V11/><F132/><W71/><G71/><T24/><D20/><U50/><E39/><V101/><F101/><W1/><G131/><T120/><D120/><U90/><E111/><V86/><F75/><W68/><G68/><T67/><REACH who="0" step="1"/><D89/><REACH who="0" ten="168,368,198,256" step="2"/><N who="1" m="51359" /><E121/><V9/><F32/><W74/><G3/><T10/><D10/><U106/><E122/><V4/><F11/><W91/><G1/><T34/><D34/><U134/><E134/><V58/><F9/><W105/><G21/><T53/><D53/><U62/><E90/><V76/><REACH who="2" step="1"/><F4/><REACH who="2" ten="168,368,188,256" step="2"/><W28/><G6/><T77/><D77/><U129/><E129/><V79/><F79/><W46/><G5/><T54/><D54/><U66/><E66/><V102/><F102/><W103/><G64/><T33/><D33/><U128/><E128/><V12/><F12/><W36/><G103/><T119/><D119/><U115/><E14/><V0/><F0/><W49/><G78/><T113/><D113/><U85/><E13/><V8/><F8/><W93/><G74/><RYUUKYOKU ba="0,2" sc="168,15,368,-15,188,15,256,-15" hai0="23,24,29,30,31,37,41,47,59,63,67,87,88" hai2="16,27,58,61,65,76,80,86,96,97,98,100,107" /><INIT seed="6,1,2,3,5,44" ten="183,353,203,241" oya="2" hai0="128,51,30,76,1,9,96,105,59,10,74,64,78" hai1="133,7,5,98,49,77,131,43,50,127,63,47,94" hai2="52,6,79,20,19,21,130,117,99,57,41,129,90" hai3="37,12,114,123,45,100,95,113,61,83,55,71,125"/><V115/><F117/><W72/><G123/><T35/><D74/><U124/><E131/><N who="2" m="50187" /><F115/><N who="3" m="44043" /><G125/><N who="1" m="48202" /><E77/><V46/><F79/><N who="3" m="44519" /><G12/><T120/><D1/><U97/><E97/><V28/><F6/><W135/><G135/><T101/><D120/><U36/><E133/><V15/><F99/><N who="3" m="59519" /><G71/><T33/><D128/><U62/><E7/><V121/><F121/><W118/><G118/><T58/><D78/><U68/><E5/><V56/><F90/><W87/><G87/><T22/><D76/><U39/><E39/><V111/><F111/><W126/><G126/><T116/><D116/><U69/><E69/><V109/><F109/><W3/><G3/><T25/><D10/><U29/><E68/><V40/><F28/><W42/><G55/><T11/><D11/><U4/><E4/><V104/><F104/><W92/><G61/><N who="1" m="23050" /><E29/><V2/><F2/><W54/><G54/><T93/><D105/><U67/><E67/><V122/><F122/><W26/><G26/><T112/><D112/><U103/><AGARI ba="1,2" hai="36,43,47,49,50,94,98,103" m="23050,48202" machi="103" ten="30,4000,0" yaku="18,1,52,2" doraHai="44" who="1" fromWho="1" sc="183,-11,353,63,203,-21,241,-11" /><INIT seed="7,0,0,0,1,72" ten="172,416,182,230" oya="3" hai0="8,98,101,115,71,22,32,100,16,79,69,73,118" hai1="74,63,44,34,19,15,99,51,123,78,120,96,127" hai2="50,93,64,66,61,124,128,67,86,26,24,84,95" hai3="109,87,91,31,76,102,12,48,46,83,131,42,58"/><W60/><G131/><T125/><D118/><U52/><E34/><V77/><F128/><W17/><G109/><T114/><D32/><U45/><E127/><V7/><F124/><W81/><G102/><N who="0" m="39531" /><D98/><U11/><E45/><V1/><F1/><W103/><G103/><T38/><D38/><U104/><E104/><V49/><F61/><W13/><G31/><T92/><D92/><N who="2" m="35402" /><F7/><W21/><G13/><N who="0" m="7207" /><D22/><U23/><E63/><V28/><F28/><W85/><G60/><T35/><D35/><U0/><E99/><V88/><F77/><W56/><AGARI ba="0,0" hai="12,17,21,42,46,48,56,58,76,81,83,85,87,91" machi="56" ten="30,6000,0" yaku="0,1,8,1,52,1" doraHai="72" who="3" fromWho="3" sc="172,-20,416,-20,182,-20,230,60" /><INIT seed="7,1,0,4,4,104" ten="152,396,162,290" oya="3" hai0="108,13,52,53,40,120,26,102,112,35,98,97,125" hai1="87,62,72,11,68,46,133,107,60,64,101,19,69" hai2="79,91,134,3,73,25,58,90,127,67,124,31,27" hai3="82,29,113,41,63,118,109,122,95,37,119,116,21"/><W80/><G122/><T49/><D108/><U42/><E72/><V114/><F3/><W24/><G109/><T130/><D120/><U0/><E133/><V22/><F134/><W81/><G113/><T93/><D112/><U71/><E62/><N who="2" m="38359" /><F114/><W129/><G129/><T121/><D121/><U92/><E107/><V18/><F73/><W9/><G95/><N who="0" m="58687" /><D35/><U89/><E101/><V117/><F79/><W57/><G9/><T48/><D130/><U15/><E0/><V2/><F2/><W86/><G37/><AGARI ba="1,0" hai="11,15,19,37,42,46,60,64,68,69,71,87,89,92" machi="37" ten="30,1000,0" yaku="7,1" doraHai="104" who="1" fromWho="3" sc="152,0,396,13,162,0,290,-13" owari="152,-35.0,409,51.0,162,-24.0,277,8.0" /></mjloggm>