<mjloggm ver="2.3"><GO type="169" lobby="0"/><UN n0="%E5%A4%A7%E8%83%86%E3%81%AB%E3%83%80%E3%82%A4%E3%82%BF" n1="%E8%BF%91%E3%82%AA%E3%83%AA%E5%85%9A" n2="%E3%83%AF%E3%82%A4%E3%83%AB%E3%83%89" n3="%E3%82%A6%E3%83%AB%E3%83%88%E3%83%A9%E7%AB%8B%E7%9B%B4" dan="16,17,16,16" rate="2082.05,2132.12,2161.89,2109.47" sx="M,M,M,M"/><TAIKYOKU oya="0"/><INIT seed="0,0,0,5,5,7" ten="250,250,250,250" oya="0" hai0="81,107,116,85,37,102,70,110,31,109,132,41,115" hai1="123,128,78,134,56,24,49,46,12,99,73,97,79" hai2="21,30,32,60,68,91,27,33,58,117,118,3,96" hai3="69,48,88,19,67,120,4,14,23,83,53,104,71"/><T119/><D70/><U86/><E123/><V18/><F68/><W52/><G104/><T35/><D115/><U106/><E128/><V66/><F3/><W125/><G125/><T10/><D132/><U50/><E73/><V80/><F30/><W74/><G120/><T105/><D41/><U11/><E106/><V5/><F5/><W127/><G127/><T15/><D37/><U87/><E24/><V94/><REACH who="2" step="1"/><F80/><REACH who="2" ten="250,250,240,250" step="2"/><W29/><G29/><T121/><D121/><U13/><E134/><V1/><F1/><W8/><G69/><T122/><D122/><U76/><E56/><V103/><F103/><W51/><G71/><T44/><D31/><U9/><E76/><V45/><F45/><AGARI ba="0,1" hai="9,11,12,13,45,46,49,50,78,79,86,87,97,99" machi="45" ten="25,8000,1" yaku="22,2,8,1,52,2" doraHai="7" who="1" fromWho="2" sc="250,0,250,90,240,-80,250,0" /><INIT seed="1,0,0,4,0,64" ten="250,340,160,250" oya="1" hai0="42,26,86,134,102,116,76,13,130,46,28,117,21" hai1="103,97,107,79,52,14,58,99,89,43,93,49,84" hai2="39,72,36,92,8,100,111,104,71,73,106,85,124" hai3="37,4,10,80,17,51,110,95,74,118,105,40,56"/><U5/><E43/><V108/><F8/><W96/><G105/><T83/><D130/><U57/><E79/><V75/><F71/><W70/><G17/><T30/><D134/><U25/><E25/><V29/><F29/><W65/><G110/><N who="2" m="42025" /><F36/><W90/><G118/><T15/><D102/><U114/><E114/><V78/><F39/><W53/><G80/><T24/><D116/><U59/><E5/><V63/><F63/><W60/><G74/><T1/><D1/><U122/><E122/><V128/><F128/><W66/><G66/><T67/><D67/><U54/><E14/><V125/><F92/><W61/><G61/><T23/><REACH who="0" step="1"/><D117/><REACH who="0" ten="240,340,160,250" step="2"/><U16/><E103/><V132/><F132/><W12/><G37/><AGARI ba="0,1" hai="13,15,21,23,24,26,28,30,37,42,46,76,83,86" machi="37" ten="30,7700,0" yaku="1,1,2,1,7,1,9,1,53,0" doraHai="64" doraHaiUra="123" who="0" fromWho="3" sc="240,87,340,0,160,0,250,-77" /><INIT seed="2,0,0,2,1,24" ten="327,340,160,173" oya="2" hai0="28,14,127,84,55,101,82,21,53,49,129,116,68" hai1="58,15,130,120,37,0,47,51,110,119,78,3,111" hai2="54,103,34,97,126,79,45,50,118,65,31,8,35" hai3="43,6,67,11,32,10,20,46,98,4,26,48,114"/><V112/><F118/><W69/><G32/><T40/><D116/><U16/><E119/><V88/><F112/><W122/><G114/><T113/><D68/><U117/><E117/><V76/><F126/><W2/><G122/><T123/><D127/><U109/><E120/><V25/><F35/><W41/><G67/><T94/><D123/><U23/><E130/><V63/><F8/><W85/><G69/><T135/><D129/><U87/><E58/><V13/><F13/><W18/><G98/><N who="0" m="59607" /><D135/><U61/><E61/><V124/><F124/><W52/><REACH who="3" step="1"/><G85/><REACH who="3" ten="327,340,160,163" step="2"/><T80/><D84/><U72/><E87/><V121/><F121/><W70/><G70/><T27/><D113/><U7/><E37/><V12/><F12/><AGARI ba="0,1" hai="2,4,6,10,11,12,18,20,26,41,43,46,48,52" machi="12" ten="30,3900,0" yaku="1,1,7,1,54,1,53,0" doraHai="24" doraHaiUra="104" who="3" fromWho="2" sc="327,0,340,0,160,-39,163,49" /><INIT seed="3,0,0,3,5,62" ten="327,340,121,212" oya="3" hai0="98,68,3,55,83,12,97,100,59,76,58,36,19" hai1="42,81,47,31,2,135,60,87,107,11,17,61,82" hai2="108,21,64,15,35,34,134,91,128,72,41,96,6" hai3="73,130,49,93,117,110,132,123,30,23,50,89,118"/><W99/><G73/><T54/><D68/><U5/><E107/><V95/><F72/><W53/><G123/><T88/><D3/><U121/><E121/><V79/><F108/><W24/><G130/><T26/><D36/><U52/><E31/><V25/><F128/><W127/><G127/><T66/><D26/><U67/><E135/><V125/><F125/><W84/><G132/><T106/><D97/><U131/><E131/><V129/><F129/><W63/><G110/><T124/><D124/><U39/><E17/><V101/><F134/><W40/><G63/><T109/><D109/><U18/><E18/><V16/><F79/><W113/><G113/><T22/><D88/><U4/><E4/><V8/><F41/><W75/><G75/><T57/><REACH who="0" step="1"/><D66/><REACH who="0" ten="317,340,121,212" step="2"/><U69/><E87/><AGARI ba="0,1" hai="12,19,22,54,55,57,58,59,76,83,87,98,100,106" machi="87" ten="40,2600,0" yaku="1,1,2,1,53,0" doraHai="62" doraHaiUra="85" who="0" fromWho="1" sc="317,36,340,-26,121,0,212,0" /><INIT seed="4,0,0,1,4,124" ten="353,314,121,212" oya="0" hai0="83,102,109,71,46,4,73,129,92,90,80,62,31" hai1="118,68,27,82,120,49,78,42,77,35,119,59,76" hai2="100,34,122,107,96,3,56,2,28,67,125,7,26" hai3="132,53,133,70,14,41,121,75,87,10,126,85,51"/><T13/><D109/><U95/><E68/><V130/><F122/><W64/><G75/><T19/><D4/><U93/><E120/><V106/><F125/><W52/><G126/><T84/><D31/><U43/><E82/><V36/><F107/><W38/><G121/><T108/><D108/><U103/><E35/><V131/><F36/><W127/><G127/><T47/><D83/><U134/><E134/><N who="3" m="51818" /><G64/><T113/><D113/><U110/><E110/><V54/><F67/><W114/><G70/><T60/><D60/><U6/><E6/><V25/><F25/><W33/><G33/><T61/><D61/><U89/><E27/><V20/><F34/><W39/><G53/><T79/><D62/><U123/><E123/><V94/><F106/><W65/><G65/><T44/><D71/><U97/><E118/><V37/><F37/><N who="3" m="13835" /><G41/><T32/><D32/><U48/><E119/><V105/><F105/><W18/><G114/><T58/><D58/><AGARI ba="0,0" hai="10,14,18,51,52,58,85,87" m="13835,51818" machi="58" ten="30,2000,0" yaku="20,1,54,1" doraHai="124" who="3" fromWho="0" sc="353,-20,314,0,121,0,212,20" /><INIT seed="5,0,0,4,3,20" ten="333,314,121,232" oya="1" hai0="129,51,28,60,116,107,57,110,67,124,109,17,92" hai1="74,42,9,37,103,36,125,15,49,73,95,10,113" hai2="8,81,111,72,45,46,3,31,96,69,82,123,18" hai3="87,12,106,122,50,77,22,83,68,19,30,1,61"/><U39/><E125/><V55/><F69/><W78/><G106/><T29/><D107/><U62/><E113/><V26/><F123/><W16/><G1/><T91/><D116/><U14/><E62/><V65/><F65/><W135/><G135/><T132/><D132/><U47/><E95/><V41/><F111/><W35/><G122/><T27/><D129/><U121/><E103/><V94/><F55/><W102/><G102/><T40/><D124/><U21/><E21/><V120/><F120/><W100/><G100/><T4/><D4/><U48/><E121/><V2/><F46/><W127/><G127/><T104/><D104/><U0/><E0/><V24/><F2/><W130/><G130/><T97/><D109/><U117/><E117/><V7/><F18/><W6/><G6/><T99/><D99/><U126/><E126/><V25/><F31/><W86/><G35/><T56/><D110/><U23/><E23/><V70/><F70/><W58/><G50/><N who="1" m="19562" /><E47/><V38/><REACH who="2" step="1"/><F72/><REACH who="2" ten="333,314,111,232" step="2"/><N who="1" m="27753" /><E42/><V80/><F80/><W75/><G75/><T52/><D40/><U133/><E133/><V44/><F44/><W34/><G68/><T63/><D28/><U90/><E90/><AGARI ba="0,1" hai="3,7,8,24,25,26,38,41,45,81,82,90,94,96" machi="90" ten="40,8000,1" yaku="1,1,52,3,53,0" doraHai="20" doraHaiUra="108" who="2" fromWho="1" sc="333,0,314,-80,111,90,232,0" /><INIT seed="6,0,0,2,5,29" ten="333,234,201,232" oya="2" hai0="31,70,38,53,63,127,126,46,109,0,20,50,34" hai1="80,27,97,98,21,15,93,102,125,82,45,122,105" hai2="84,79,49,115,71,22,2,32,91,25,28,41,77" hai3="39,7,1,130,14,128,81,18,9,90,35,17,48"/><V69/><F2/><W66/><G66/><T58/><D0/><U121/><E45/><V123/><F123/><N who="1" m="47113" /><E15/><V100/><F115/><W4/><G90/><T42/><D109/><U60/><E60/><V61/><F100/><W106/><G81/><T65/><D20/><U11/><E11/><V107/><F107/><W16/><G48/><T24/><AGARI ba="0,0" hai="24,31,34,38,42,46,50,53,58,63,65,70,126,127" machi="24" ten="30,7900,0" yaku="0,1,24,2,52,1" doraHai="29" who="0" fromWho="0" sc="333,79,234,-20,201,-39,232,-20" /><INIT seed="7,0,0,2,5,86" ten="412,214,162,212" oya="3" hai0="31,92,24,53,122,97,56,68,28,27,29,72,135" hai1="50,43,101,21,10,109,117,3,95,94,111,133,88" hai2="82,83,17,37,105,11,12,126,7,90,129,2,15" hai3="55,51,128,103,66,36,57,40,41,6,62,9,13"/><W127/><G127/><T99/><D72/><U98/><E133/><V123/><F105/><W48/><G128/><T30/><D68/><U81/><E117/><V75/><F37/><W34/><G34/><T89/><D122/><U71/><E71/><V64/><F129/><W102/><G36/><T77/><D77/><U130/><E81/><V76/><F126/><W1/><G1/><T96/><D30/><U49/><E130/><V118/><F118/><W125/><G125/><T65/><D65/><U59/><E50/><N who="3" m="18986" /><G55/><T79/><D79/><U119/><E119/><V16/><F123/><W113/><G113/><T115/><D135/><U33/><E33/><V120/><F120/><W14/><G14/><T70/><D70/><U46/><E59/><V124/><F124/><W78/><G78/><T132/><D115/><U121/><E21/><V114/><F114/><W22/><G22/><T74/><D74/><U44/><E44/><V0/><F64/><W25/><G25/><N who="0" m="9803" /><D132/><U8/><E121/><V67/><F67/><W106/><G106/><T54/><D54/><U42/><E42/><AGARI ba="0,0" hai="6,9,13,40,41,42,57,62,66,102,103" m="18986" machi="42" ten="30,1500,0" yaku="8,1" doraHai="86" who="3" fromWho="1" sc="412,0,214,-15,162,0,212,15" /><INIT seed="7,1,0,3,0,128" ten="412,199,162,227" oya="3" hai0="35,134,117,126,108,14,49,104,132,26,42,115,44" hai1="76,88,41,125,45,66,75,2,33,90,80,85,122" hai2="106,119,73,29,54,133,123,37,30,43,92,7,120" hai3="67,9,51,131,105,23,91,114,79,83,68,15,32"/><W12/><G105/><T112/><D117/><U36/><E122/><V56/><F106/><W60/><G32/><T34/><D108/><U103/><E33/><V18/><F73/><W86/><G114/><N who="0" m="43563" /><D126/><U0/><E125/><V63/><F119/><W11/><G51/><T84/><D104/><U109/><E109/><V100/><F7/><W28/><G28/><N who="0" m="19735" /><D35/><U55/><E66/><V40/><F120/><W27/><G27/><T58/><D84/><U57/><E103/><V64/><F123/><W6/><G23/><T107/><D107/><U17/><E17/><V31/><F37/><W101/><G101/><T3/><D3/><U93/><REACH who="1" step="1"/><E90/><REACH who="1" ten="412,189,162,227" step="2"/><V97/><F133/><W94/><G131/><T1/><D132/><U77/><E77/><V129/><F129/><W61/><G67/><T21/><D1/><U4/><E4/><V99/><F99/><N who="3" m="57823" /><G68/><T53/><D134/><U10/><E10/><V72/><F72/><W20/><G20/><T70/><D70/><U38/><E38/><V111/><F111/><W19/><AGARI ba="1,1" hai="6,9,11,12,15,19,60,61,79,83,86" m="57823" machi="19" ten="30,1500,0" yaku="8,1" doraHai="128" who="3" fromWho="3" sc="412,-6,189,-6,162,-6,227,28" /><INIT seed="7,2,0,4,0,33" ten="406,183,156,255" oya="3" hai0="98,128,71,127,16,42,67,10,85,35,131,73,22" hai1="72,133,3,117,45,12,61,135,75,53,18,78,96" hai2="9,47,119,60,106,59,99,5,114,87,118,54,70" hai3="77,13,105,112,122,68,24,109,108,120,11,37,56"/><W90/><G68/><T19/><D73/><U76/><E96/><V36/><F114/><W32/><G37/><T94/><D35/><U132/><E117/><V95/><F106/><W79/><G56/><T102/><D127/><U17/><E61/><V115/><F115/><W48/><G48/><T1/><D42/><U27/><E27/><V55/><F87/><W63/><G63/><N who="0" m="40447" /><D85/><U93/><E93/><V129/><F129/><N who="0" m="49738" /><D22/><U86/><E86/><V2/><F70/><W88/><G105/><T125/><D125/><U38/><E38/><V89/><REACH who="2" step="1"/><F55/><REACH who="2" ten="406,183,146,255" step="2"/><W29/><G112/><T134/><D134/><U25/><E53/><V46/><F46/><W21/><G109/><T15/><D1/><U58/><E45/><V65/><F65/><W26/><G108/><T82/><D82/><U107/><E58/><V0/><F0/><W8/><G77/><N who="1" m="29802" /><E107/><V130/><F130/><W101/><G79/><T121/><D121/><U50/><E3/><V80/><F80/><W31/><G120/><T41/><D41/><AGARI ba="2,1" hai="2,5,9,36,41,47,54,59,60,89,95,99,118,119" machi="41" ten="40,2600,0" yaku="1,1,52,1,53,0" doraHai="33" doraHaiUra="30" who="2" fromWho="0" sc="406,-32,183,0,146,42,255,0" owari="374,47.0,183,-32.0,188,-21.0,255,6.0" /></mjloggm>