<mjloggm ver="2.3"><GO type="169" lobby="0"/><UN n0="%E3%82%A6%E3%83%AB%E3%83%88%E3%83%A9%E7%AB%8B%E7%9B%B4" n1="%E3%82%BC%E3%83%AD%E3%82%B9%E3%83%93%E3%83%BC%E3%83%88" n2="%E3%81%B3%E3%82%8A%E3%81%B3%E3%82%8A%E2%98%86%E3%83%93%E3%83%AA%E3%83%BC" n3="%65%72%6F%67%72%65%65%6E" dan="17,16,17,16" rate="2188.56,2121.40,2208.26,2140.86" sx="M,F,M,M"/><TAIKYOKU oya="0"/><INIT seed="0,0,0,1,0,101" ten="250,250,250,250" oya="0" hai0="60,54,55,68,4,134,97,127,124,26,15,14,23" hai1="41,10,116,83,75,46,67,99,49,40,59,51,56" hai2="13,3,128,65,95,61,118,69,44,93,21,66,70" hai3="98,47,105,28,20,121,52,117,103,84,109,50,123"/><T110/><D134/><U9/><E116/><V90/><F3/><W132/><G117/><T35/><D35/><U72/><E99/><V88/><F118/><W30/><G132/><T34/><D34/><U130/><E83/><V2/><F2/><W6/><G109/><T131/><D131/><U31/><E31/><V94/><F128/><W57/><G6/><T126/><D110/><U78/><E130/><V107/><F44/><W89/><G47/><T100/><D68/><U58/><E67/><V37/><F37/><W24/><REACH who="3" step="1"/><G30/><REACH who="3" ten="250,250,250,240" step="2"/><N who="0" m="17759" /><D4/><U12/><E46/><V92/><F70/><W63/><G63/><T129/><D129/><U11/><E58/><V16/><N who="2" m="23552" /><DORA hai="0" /><V7/><F66/><W45/><G45/><T85/><D60/><U77/><E56/><V112/><F112/><W62/><G62/><T39/><D39/><U82/><E59/><V74/><F7/><W36/><G36/><T120/><D55/><U48/><E41/><V33/><F61/><W122/><G122/><T113/><D54/><U5/><E40/><V119/><F65/><W25/><G25/><T42/><D42/><U73/><E48/><V43/><F119/><W17/><G17/><T81/><D120/><U91/><E51/><V111/><F43/><W87/><G87/><T114/><D114/><U96/><E49/><V8/><F111/><W108/><G108/><T125/><D113/><U135/><E5/><V106/><F69/><W32/><G32/><T22/><D125/><U18/><E18/><N who="2" m="8487" /><F33/><W115/><G115/><T1/><D124/><U27/><E135/><V38/><F38/><RYUUKYOKU ba="0,1" sc="250,-10,250,-10,250,-10,240,30" hai3="20,24,28,50,52,57,84,89,98,103,105,121,123" /><INIT seed="1,1,1,3,3,98" ten="240,240,240,270" oya="1" hai0="135,54,17,77,58,29,73,30,47,45,117,46,132" hai1="31,76,0,18,52,88,104,69,123,112,134,131,115" hai2="56,5,49,19,37,62,59,21,66,63,105,51,28" hai3="121,22,34,82,1,102,92,101,13,2,74,89,24"/><U91/><E123/><V107/><F37/><W36/><G36/><T40/><D40/><U41/><E69/><V50/><F28/><W79/><G121/><T90/><D117/><U119/><E119/><V64/><REACH who="2" step="1"/><F5/><REACH who="2" ten="240,240,230,270" step="2"/><W55/><G34/><T122/><D30/><U94/><E112/><V67/><F67/><W86/><G13/><AGARI ba="1,2" hai="13,19,21,49,50,51,56,59,62,63,64,66,105,107" machi="13" ten="40,2600,0" yaku="1,1,9,1,53,0" doraHai="98" doraHaiUra="65" who="2" fromWho="3" sc="240,0,240,0,230,49,270,-29" /><INIT seed="2,0,0,0,5,87" ten="240,240,279,241" oya="2" hai0="119,86,27,21,96,57,93,8,32,88,131,77,46" hai1="58,113,104,114,111,47,17,130,72,20,126,80,30" hai2="28,64,71,45,74,25,90,54,65,37,97,34,10" hai3="1,100,117,78,83,120,132,68,60,59,48,61,99"/><V52/><F74/><W67/><G120/><T14/><D32/><U115/><E104/><V26/><F26/><W98/><G117/><T124/><D119/><U19/><E111/><V125/><F125/><W41/><G1/><T129/><D124/><U66/><E126/><V69/><F65/><W12/><G132/><T91/><D77/><U128/><E47/><V110/><F110/><W112/><G112/><T75/><D75/><U89/><E30/><V134/><F134/><W102/><G12/><T11/><D57/><U15/><E19/><V38/><F10/><W23/><G23/><T109/><D46/><U22/><E72/><V24/><F24/><W51/><G41/><T116/><D116/><U95/><E80/><V33/><F33/><W63/><G63/><T2/><D2/><U39/><E39/><N who="2" m="14859" /><F45/><W16/><G16/><N who="0" m="12711" /><D14/><U9/><E22/><V81/><F64/><W101/><G61/><T85/><D109/><U6/><E66/><V42/><F42/><W18/><G18/><T36/><D36/><U92/><E92/><N who="2" m="56471" /><F81/><W84/><G68/><T4/><D4/><U29/><E58/><V55/><F71/><W94/><REACH who="3" step="1"/><G102/><REACH who="3" ten="240,240,279,231" step="2"/><N who="0" m="60687" /><D8/><U0/><REACH who="1" step="1"/><E29/><REACH who="1" ten="240,230,279,231" step="2"/><V121/><F69/><W62/><G62/><T43/><D11/><U31/><E31/><V108/><F108/><W106/><AGARI ba="0,2" hai="48,51,59,60,67,78,83,84,94,98,99,100,101,106" machi="106" ten="20,2700,0" yaku="1,1,0,1,7,1,53,0" doraHai="87" doraHaiUra="122" who="3" fromWho="3" sc="240,-7,230,-7,279,-13,231,47" /><INIT seed="3,0,0,1,4,102" ten="233,223,266,278" oya="3" hai0="131,114,54,80,44,63,10,112,123,22,71,87,55" hai1="67,133,77,92,72,93,65,38,70,109,32,135,126" hai2="34,86,108,105,45,110,30,41,59,29,35,107,0" hai3="98,116,103,61,4,91,97,16,130,121,6,33,74"/><W111/><G121/><T115/><D123/><U83/><E38/><N who="2" m="21687" /><F0/><W94/><G116/><T95/><D131/><U78/><E109/><N who="2" m="42091" /><F86/><W96/><G130/><T90/><D22/><U43/><E43/><V57/><F30/><W12/><G33/><N who="2" m="12297" /><F29/><W117/><G117/><T84/><D44/><U19/><E32/><V99/><F99/><W128/><G128/><T81/><D10/><U2/><E2/><V14/><F14/><W68/><G74/><T26/><D26/><U40/><E40/><V127/><F127/><W3/><G3/><T60/><D95/><U49/><E126/><V101/><F101/><W53/><G111/><T85/><D90/><U132/><E78/><V120/><F120/><W122/><G122/><T113/><N who="0" m="28672" /><DORA hai="48" /><T42/><D42/><U58/><E19/><V51/><F51/><W89/><G89/><T5/><D5/><U21/><E21/><V23/><F23/><W13/><G13/><T1/><D1/><U52/><E67/><V28/><F28/><W88/><G91/><T9/><D9/><U66/><E66/><V25/><F25/><W11/><G98/><T76/><D76/><U56/><E56/><AGARI ba="0,0" hai="56,57,59,105,107" m="12297,42091,21687" machi="56" ten="30,3900,0" yaku="14,1,52,2" doraHai="102,48" who="2" fromWho="1" sc="233,0,223,-39,266,39,278,0" /><INIT seed="4,0,0,3,3,95" ten="233,184,305,278" oya="0" hai0="91,98,99,120,128,6,32,18,23,41,22,134,59" hai1="30,117,80,132,106,108,130,5,103,86,46,67,87" hai2="109,102,96,31,56,115,65,93,94,60,105,107,89" hai3="92,61,73,10,26,88,125,39,25,119,38,37,29"/><T113/><D32/><U28/><E117/><V13/><F109/><W78/><G119/><T90/><D120/><U33/><E108/><V126/><F115/><W114/><G114/><T17/><D113/><U97/><E130/><V118/><F118/><W112/><G112/><T104/><D128/><U85/><E132/><V2/><F2/><W69/><G125/><T123/><D123/><U1/><E67/><V54/><F126/><W68/><G10/><T15/><D134/><U64/><E64/><V71/><F13/><W110/><G61/><T8/><D41/><U131/><E131/><V36/><F31/><W111/><G110/><T76/><D76/><U101/><E46/><V127/><F36/><W79/><G26/><T19/><D59/><U83/><E101/><V49/><F127/><W82/><G78/><T62/><D62/><U44/><E44/><V43/><F43/><W135/><G135/><T48/><D48/><U66/><E66/><V70/><F70/><W4/><G4/><T34/><D34/><U16/><E16/><N who="0" m="6249" /><D104/><U50/><E50/><V52/><F54/><W12/><G12/><N who="0" m="5143" /><D23/><U9/><REACH who="1" step="1"/><E33/><REACH who="1" ten="233,174,305,278" step="2"/><V53/><F53/><W11/><G111/><T3/><D3/><U7/><E7/><V20/><F20/><W24/><G11/><T42/><D42/><U133/><E133/><V40/><F40/><W47/><G47/><T121/><D121/><U84/><N who="1" m="21504" /><DORA hai="124" /><U75/><E75/><V74/><F74/><W51/><G51/><T27/><D15/><U14/><E14/><V129/><F129/><W81/><G37/><T21/><D21/><RYUUKYOKU ba="0,1" sc="233,10,174,10,305,10,278,-30" hai0="19,22,27,90,91,98,99" hai1="1,5,9,28,30,80,83,97,103,106" hai2="49,52,56,60,65,71,89,93,94,96,102,105,107" /><INIT seed="4,1,1,1,1,121" ten="243,184,315,248" oya="0" hai0="87,10,40,103,41,9,18,134,70,73,47,126,30" hai1="78,35,115,90,104,77,84,122,22,53,5,118,133" hai2="46,4,111,37,52,20,82,119,114,108,107,66,112" hai3="29,27,59,128,36,131,55,96,19,120,97,44,74"/><T135/><D70/><U130/><E118/><V39/><F107/><W42/><G74/><T60/><D73/><U106/><E122/><V38/><F4/><W2/><G2/><T110/><D30/><U123/><E123/><V89/><F119/><W51/><G19/><T76/><D103/><U124/><E35/><V13/><F66/><W26/><G26/><T80/><D126/><U28/><E124/><V21/><F82/><W92/><G120/><T7/><D60/><U125/><E125/><V91/><F13/><W48/><G36/><T94/><D94/><U102/><E133/><N who="0" m="50697" /><D110/><N who="2" m="42026" /><F52/><W67/><G67/><T86/><D86/><U16/><E53/><V57/><F57/><W64/><G64/><T105/><D105/><U61/><E104/><V50/><F50/><W71/><G71/><T0/><D47/><U69/><E106/><V32/><F32/><W109/><G109/><T101/><D101/><U81/><E102/><V63/><F63/><W117/><G117/><T6/><D18/><U116/><E116/><V1/><F1/><AGARI ba="1,1" hai="0,1,6,7,9,10,40,41,76,80,87" m="50697" machi="1" ten="30,1500,0" yaku="20,1" doraHai="121" who="0" fromWho="2" sc="243,28,184,0,315,-18,248,0" /><INIT seed="4,2,0,3,4,88" ten="271,184,297,248" oya="0" hai0="87,7,11,29,54,67,0,94,133,36,120,75,32" hai1="12,114,130,108,111,82,103,80,74,16,109,55,77" hai2="73,48,51,72,132,34,83,40,25,112,134,4,53" hai3="116,92,118,65,1,62,9,123,131,97,63,128,15"/><T99/><D75/><U46/><E130/><N who="3" m="49706" /><G1/><T121/><D133/><N who="2" m="51306" /><F112/><W43/><G43/><T28/><D36/><U6/><E6/><V102/><F4/><N who="3" m="3495" /><G123/><T49/><D67/><U31/><E31/><N who="2" m="19823" /><F102/><N who="3" m="60711" /><G62/><T78/><D120/><U129/><E129/><V135/><F135/><W117/><G117/><T57/><D121/><U113/><E103/><V70/><F70/><AGARI ba="2,0" hai="63,65,70,116,118" m="60711,3495,49706" machi="70" ten="30,2000,0" yaku="19,1,52,1" doraHai="88" who="3" fromWho="2" sc="271,0,184,0,297,-26,248,26" /><INIT seed="5,0,0,4,2,15" ten="271,184,271,274" oya="1" hai0="63,108,104,54,46,68,43,131,71,28,110,87,124" hai1="100,80,61,98,4,120,0,29,135,73,2,8,93" hai2="81,111,116,94,119,24,112,16,78,67,60,74,127" hai3="117,30,25,118,33,69,121,133,84,14,91,6,39"/><U130/><E120/><V40/><F111/><W102/><G121/><T75/><D87/><U45/><E130/><V89/><F127/><W95/><G69/><N who="0" m="26699" /><D28/><U48/><E135/><V42/><F112/><W85/><G133/><T76/><D104/><U50/><E29/><V34/><F34/><W77/><G102/><T22/><D22/><U83/><E61/><V36/><F36/><W109/><G39/><T79/><D76/><U7/><E73/><V126/><F126/><W35/><G109/><T107/><D79/><U3/><E50/><V105/><F105/><W20/><G6/><T90/><D90/><U9/><REACH who="1" step="1"/><E2/><REACH who="1" ten="271,174,271,274" step="2"/><V103/><F74/><W13/><G30/><T10/><D63/><U17/><E17/><V59/><F16/><W31/><G31/><T47/><D75/><U32/><E32/><V51/><F51/><W12/><G33/><T41/><D131/><U65/><E65/><V128/><F67/><W134/><G35/><T52/><D124/><U66/><E66/><V56/><F60/><W18/><G134/><T99/><D110/><U70/><E70/><V106/><F128/><W38/><G38/><T55/><D108/><U82/><E82/><V11/><F81/><W58/><G118/><T97/><D47/><U62/><E62/><V114/><F119/><W113/><G117/><T132/><D46/><U123/><E123/><V23/><F116/><W72/><G72/><T64/><D64/><U122/><E122/><V125/><F125/><W101/><G18/><T37/><D132/><U27/><E27/><V5/><F24/><W88/><G25/><RYUUKYOKU ba="0,1" sc="271,-10,174,30,271,-10,274,-10" hai1="0,3,4,7,8,9,45,48,80,83,93,98,100" /><INIT seed="5,1,1,5,0,12" ten="261,204,261,264" oya="1" hai0="44,19,68,57,105,29,3,43,71,118,24,76,8" hai1="63,56,111,59,51,94,0,26,49,124,28,35,83" hai2="95,55,34,10,54,33,67,135,104,131,119,1,70" hai3="41,78,18,74,132,113,79,16,86,60,126,47,133"/><U89/><E0/><V11/><F119/><W93/><G113/><T36/><D105/><U69/><E124/><V21/><F104/><W122/><G126/><T88/><D118/><U52/><E111/><V123/><F123/><W99/><G74/><T17/><D76/><U46/><E83/><V129/><F95/><W6/><G6/><T91/><D57/><U75/><E75/><V4/><F67/><W42/><G60/><T45/><D3/><U112/><E112/><V120/><F70/><W15/><G42/><T22/><D45/><U127/><E127/><V25/><F120/><W92/><G92/><T64/><D64/><U13/><E13/><N who="2" m="5319" /><F55/><W72/><G72/><T50/><D36/><U96/><REACH who="1" step="1"/><E51/><REACH who="1" ten="261,194,261,264" step="2"/><V108/><F1/><W48/><G15/><N who="0" m="7399" /><D68/><U128/><E128/><V7/><F108/><W84/><G122/><T5/><D71/><U9/><E9/><V80/><F11/><W2/><G2/><T82/><D82/><U106/><E106/><V116/><F80/><W20/><G48/><T109/><D109/><U39/><E39/><V37/><F37/><W85/><G132/><T117/><D117/><U107/><E107/><V27/><F116/><W77/><G133/><T66/><D50/><U97/><E97/><V31/><F135/><W130/><G130/><T62/><D5/><U40/><E40/><V73/><F7/><W81/><G81/><T30/><D43/><U125/><E125/><V100/><F73/><W110/><G110/><T114/><D114/><U23/><E23/><V32/><F131/><W90/><G20/><T134/><D22/><RYUUKYOKU ba="1,2" sc="261,-15,194,15,261,-15,264,15" hai1="26,28,35,46,49,52,56,59,63,69,89,94,96" hai3="16,18,41,47,77,78,79,84,85,86,90,93,99" /><INIT seed="5,2,2,3,5,70" ten="246,209,246,279" oya="1" hai0="93,79,29,74,12,88,123,130,108,76,49,27,126" hai1="94,59,110,120,73,85,32,77,75,5,71,64,104" hai2="100,107,111,84,133,63,36,66,68,127,42,129,50" hai3="61,112,67,54,23,81,72,135,19,60,21,30,25"/><U89/><E120/><V43/><F107/><W80/><G112/><T102/><D108/><U82/><E32/><V2/><F100/><W134/><G54/><T40/><D123/><U58/><E110/><V69/><F84/><W95/><G95/><T37/><D37/><U106/><E5/><V91/><F91/><W13/><G61/><T105/><D126/><U119/><E119/><V7/><F7/><W4/><G4/><T62/><D62/><U121/><E121/><V124/><F2/><W96/><G96/><N who="0" m="61639" /><D12/><U16/><E75/><V11/><F11/><W114/><G114/><T45/><D130/><U99/><E16/><V1/><F1/><W78/><REACH who="3" step="1"/><G80/><REACH who="3" ten="246,209,246,269" step="2"/><T18/><D93/><U3/><E104/><V87/><F63/><W115/><G115/><T28/><D45/><U128/><E128/><V20/><F129/><W122/><G122/><T48/><D40/><U44/><E44/><V98/><F43/><W38/><G38/><T46/><D46/><U117/><E117/><V51/><F42/><W17/><G17/><T53/><D48/><U101/><E3/><V125/><F36/><W15/><G15/><T118/><D49/><U57/><REACH who="1" step="1"/><E71/><AGARI ba="2,3" hai="13,19,21,23,25,30,60,67,71,72,78,81,134,135" machi="71" ten="40,1300,0" yaku="1,1,53,0" doraHai="70" doraHaiUra="90" who="3" fromWho="1" sc="246,0,209,-19,246,0,269,49" /><INIT seed="6,0,0,4,1,47" ten="246,190,246,318" oya="2" hai0="69,131,111,125,63,42,98,127,134,97,15,2,45" hai1="118,48,55,130,78,36,57,62,22,120,12,79,39" hai2="115,10,104,5,108,64,102,35,9,132,80,1,99" hai3="6,29,114,3,128,112,110,73,56,116,13,105,53"/><V86/><F115/><N who="3" m="44075" /><G105/><T95/><D2/><U40/><E118/><V119/><F119/><W41/><G116/><T84/><D111/><U113/><E130/><V16/><F108/><W122/><G110/><T4/><D134/><U19/><E113/><V81/><F132/><W67/><G122/><T20/><D131/><U93/><E120/><V49/><F35/><W74/><G3/><T87/><D63/><U11/><E93/><V77/><F64/><W66/><G41/><T135/><D69/><U51/><E39/><V103/><F103/><W30/><G67/><T109/><D97/><U38/><E38/><V96/><F96/><W50/><G66/><T126/><D135/><U107/><E107/><V18/><F10/><N who="3" m="4311" /><G128/><T59/><D109/><U68/><E68/><V21/><F21/><W106/><G106/><T89/><D20/><U23/><E36/><V94/><F104/><W25/><G29/><T28/><D28/><U17/><E40/><V83/><F86/><W58/><G56/><T85/><D59/><U82/><E11/><V100/><F100/><W92/><G92/><T133/><D133/><U101/><E101/><V27/><F27/><W14/><G14/><T46/><D42/><U52/><E62/><V61/><F61/><W72/><G72/><T33/><D33/><AGARI ba="0,0" hai="25,30,33,50,53,58,73,74" m="4311,44075" machi="33" ten="30,3900,0" yaku="15,1,11,1,52,1" doraHai="47" who="3" fromWho="0" sc="246,-39,190,0,246,0,318,39" /><INIT seed="7,0,0,4,5,65" ten="207,190,246,357" oya="3" hai0="69,76,114,84,133,71,25,86,105,14,66,8,73" hai1="91,118,19,128,45,72,130,24,88,122,100,107,111" hai2="47,126,48,57,127,21,50,36,70,82,110,99,16" hai3="113,53,22,102,11,9,123,80,30,101,41,40,75"/><W125/><G80/><T90/><D105/><U20/><E122/><V2/><F2/><W116/><G22/><T61/><D133/><U52/><E111/><V38/><F99/><W28/><G53/><T63/><D114/><U109/><E72/><V106/><F82/><W64/><G64/><T134/><D134/><U34/><E34/><V124/><F106/><W29/><G75/><T60/><D73/><U67/><E67/><V54/><F70/><W87/><G87/><T43/><D43/><U121/><E109/><V89/><F89/><W35/><G29/><T97/><D25/><U108/><E108/><V10/><F10/><W92/><G30/><T81/><D97/><N who="1" m="61839" /><E121/><V17/><F110/><W7/><G28/><T131/><D69/><U74/><E74/><V93/><F93/><W78/><G116/><T59/><D71/><U27/><E27/><N who="2" m="14759" /><F17/><W56/><G9/><T3/><D3/><U31/><E31/><V51/><F47/><W39/><G11/><T62/><D131/><N who="1" m="50219" /><E118/><V103/><F103/><W44/><G101/><T49/><D49/><AGARI ba="0,0" hai="19,20,24,45,49,52,88,91" m="50219,61839" machi="49" ten="30,3900,0" yaku="19,1,54,2" doraHai="65" who="1" fromWho="0" sc="207,-39,190,39,246,0,357,0" /><AGARI ba="0,0" hai="36,38,48,49,50,51,54,57,124,126,127" m="14759" machi="49" ten="40,2600,0" yaku="18,1,54,1" doraHai="65" who="2" fromWho="0" sc="168,-26,229,0,246,26,357,0" owari="142,-36.0,229,-17.0,272,7.0,357,46.0" /></mjloggm>