<mjloggm ver="2.3"><GO type="97" lobby="0"/><UN n0="%E7%86%8A%E4%BA%95%E3%81%A1%E3%82%83%E3%82%93" n1="%E3%82%A6%E3%83%AB%E3%83%88%E3%83%A9%E7%AB%8B%E7%9B%B4" n2="%E3%82%8B%E3%82%8A%E3%81%BD%E5%85%88%E7%94%9F" n3="%E3%81%97%E3%81%A3%E3%81%BD%E3%81%86" dan="14,14,14,14" rate="1884.88,1937.14,1984.17,1847.33" sx="F,M,M,M"/><TAIKYOKU oya="0"/><INIT seed="0,0,0,5,2,122" ten="250,250,250,250" oya="0" hai0="38,32,94,31,41,5,43,33,16,75,107,100,57" hai1="88,128,111,39,105,62,25,4,76,45,0,126,118" hai2="49,17,123,84,63,104,115,83,48,12,132,15,133" hai3="103,46,1,112,65,68,26,78,14,131,7,114,109"/><T85/><D75/><U35/><E118/><V9/><F123/><W97/><G78/><T71/><D107/><U29/><E88/><N who="2" m="51231" /><F104/><W60/><G14/><T6/><D71/><U47/><E47/><V110/><F115/><W66/><G66/><T72/><D72/><U86/><E86/><V13/><F63/><W95/><G131/><T74/><D38/><U82/><E126/><V119/><F119/><W37/><G26/><T24/><D74/><N who="1" m="43287" /><E62/><V91/><F91/><W53/><G53/><T58/><D33/><U40/><E105/><V98/><F98/><W28/><G28/><T90/><D100/><U67/><E128/><V101/><F101/><W106/><G95/><T55/><D57/><U93/><E93/><V120/><F120/><W51/><G51/><T59/><D59/><U77/><E67/><V96/><F96/><W116/><G116/><T11/><D5/><U108/><E77/><V50/><F110/><W89/><G89/><T3/><REACH who="0" step="1"/><D16/><REACH who="0" ten="240,250,250,250" step="2"/><U125/><E125/><V81/><F81/><W92/><G109/><T130/><D130/><U10/><AGARI ba="0,1" hai="0,4,10,25,29,35,39,40,45,108,111" m="43287" machi="10" ten="30,7900,0" yaku="25,1,23,1,52,2" doraHai="122" who="1" fromWho="1" sc="240,-39,250,89,250,-20,250,-20" /><INIT seed="1,0,0,5,3,17" ten="201,339,230,230" oya="1" hai0="77,107,31,25,2,40,23,47,33,119,114,24,27" hai1="131,21,134,69,26,3,34,5,118,128,36,121,109" hai2="45,29,60,62,44,112,35,72,90,111,102,61,64" hai3="53,63,127,16,42,12,113,81,125,11,74,58,4"/><U8/><E21/><V89/><F72/><W99/><G113/><T52/><D107/><U65/><E26/><V32/><F112/><W93/><G42/><T129/><D114/><U43/><E65/><V55/><F111/><W123/><G123/><T106/><D2/><U68/><E43/><V85/><F102/><W105/><G105/><T133/><D106/><U103/><E103/><V135/><F135/><W97/><G127/><T57/><D119/><U20/><E20/><V117/><F117/><W41/><G41/><T92/><D133/><U46/><E46/><V71/><F29/><W78/><G125/><T18/><D77/><U14/><E14/><V73/><F73/><W101/><REACH who="3" step="1"/><G99/><REACH who="3" ten="201,339,230,220" step="2"/><T82/><D129/><U83/><E128/><V10/><F71/><W100/><G100/><T88/><D82/><U132/><E134/><V98/><F98/><W54/><G54/><T67/><D67/><U49/><E83/><V56/><F64/><W48/><G48/><T0/><D0/><U95/><E49/><V104/><F104/><W120/><G120/><T51/><D33/><U84/><E121/><V130/><F32/><W28/><G28/><T110/><D31/><U9/><E34/><V30/><F35/><W19/><AGARI ba="0,1" hai="4,11,12,16,19,53,58,63,74,78,81,93,97,101" machi="19" ten="30,4000,0" yaku="1,1,0,1,54,1,53,0" doraHai="17" doraHaiUra="87" who="3" fromWho="3" sc="201,-10,339,-20,230,-10,220,50" /><INIT seed="2,0,0,4,1,102" ten="191,319,220,270" oya="2" hai0="26,81,47,92,112,38,133,97,117,5,59,11,13" hai1="71,79,134,100,106,78,56,125,64,111,69,7,128" hai2="93,35,20,8,85,98,113,19,48,88,34,76,108" hai3="14,122,17,30,77,43,36,87,31,83,131,105,44"/><V126/><F113/><W18/><G122/><T89/><D117/><U115/><E115/><V65/><F126/><W22/><G131/><T123/><D112/><U42/><E125/><V135/><F135/><W3/><G3/><T33/><D133/><U46/><E134/><V118/><F118/><W132/><G132/><T114/><D123/><U109/><E7/><V61/><F108/><N who="1" m="41545" /><E128/><V119/><F119/><W29/><REACH who="3" step="1"/><G17/><REACH who="3" ten="191,319,220,260" step="2"/><T68/><D114/><U66/><E71/><V74/><F8/><W91/><G91/><T57/><D68/><U70/><E70/><V72/><F35/><W21/><G21/><T49/><D33/><U53/><E69/><V16/><F34/><W9/><G9/><T127/><D127/><U32/><E32/><V60/><F19/><W2/><G2/><T39/><D39/><N who="1" m="21855" /><E79/><V55/><F76/><W63/><G63/><T10/><D38/><U54/><E78/><V50/><F61/><W23/><G23/><T73/><D11/><U15/><E15/><V107/><F16/><W58/><G58/><T99/><D59/><U6/><E6/><V96/><F20/><W95/><G95/><T62/><D57/><U24/><E24/><V82/><F60/><W12/><G12/><T110/><D62/><N who="1" m="37959" /><E66/><V4/><F65/><W45/><G45/><T101/><D26/><U52/><E100/><V28/><F28/><W121/><G121/><T51/><D101/><U130/><E130/><V80/><F93/><W25/><G25/><T124/><D124/><U104/><AGARI ba="0,1" hai="52,53,54,104,106" m="37959,21855,41545" machi="104" ten="40,8000,1" yaku="14,1,52,2,54,1" doraHai="102" who="1" fromWho="1" sc="191,-20,319,90,220,-40,260,-20" /><INIT seed="3,0,0,5,3,126" ten="171,409,180,240" oya="3" hai0="73,50,119,8,2,94,76,135,121,63,134,41,130" hai1="96,81,106,28,26,3,123,132,89,10,113,97,90" hai2="22,109,103,0,52,122,57,6,24,46,72,117,48" hai3="56,37,42,125,27,129,55,74,111,114,133,99,25"/><W105/><G114/><T77/><D121/><U93/><E113/><V69/><F122/><W38/><G125/><T110/><D119/><U39/><E39/><V78/><F117/><W7/><G74/><T16/><D63/><U43/><E123/><V124/><F124/><W13/><G105/><T34/><D34/><U60/><E132/><N who="0" m="50729" /><D130/><U29/><E106/><V115/><F69/><W65/><G133/><T44/><D73/><U19/><E43/><V40/><F115/><W62/><G129/><T47/><D47/><U83/><E3/><V95/><F109/><W36/><G111/><T91/><D110/><U108/><E108/><V86/><F0/><W31/><G42/><T112/><D112/><U75/><E75/><V104/><F104/><W71/><G99/><N who="0" m="57823" /><D2/><U23/><E10/><V61/><F72/><W51/><REACH who="3" step="1"/><G31/><REACH who="3" ten="171,409,180,230" step="2"/><N who="1" m="11850" /><E60/><V118/><F118/><W67/><G67/><T21/><D8/><AGARI ba="0,1" hai="7,8,13,25,27,36,37,38,51,55,56,62,65,71" machi="8" ten="40,3900,0" yaku="1,1,53,1" doraHai="126" doraHaiUra="45" who="3" fromWho="0" sc="171,-39,409,0,180,0,230,49" /><INIT seed="3,1,0,5,5,102" ten="132,409,180,279" oya="3" hai0="68,78,106,114,28,9,119,121,31,5,62,17,76" hai1="83,56,20,54,84,25,117,67,99,85,30,107,15" hai2="16,98,74,88,49,29,24,8,91,39,131,23,97" hai3="14,35,52,135,33,13,55,105,42,89,113,72,82"/><W115/><G42/><T63/><D119/><U19/><E117/><V73/><F39/><W112/><G135/><T111/><D121/><U80/><E67/><V10/><F131/><W69/><G69/><T45/><D17/><U124/><E124/><V75/><F49/><W7/><G7/><T34/><D45/><U125/><E125/><V66/><F66/><W127/><G127/><T43/><D43/><U110/><E110/><V70/><F70/><W53/><G105/><T38/><D68/><U96/><E107/><V22/><F29/><W0/><G0/><T87/><D111/><U71/><E71/><V47/><F47/><W108/><G108/><T95/><D114/><U86/><E96/><V133/><F133/><W57/><G57/><T26/><D38/><U21/><E99/><V40/><F40/><W104/><G104/><T129/><D129/><U94/><E94/><V100/><F23/><W123/><G123/><T6/><D31/><U50/><AGARI ba="1,0" hai="15,19,20,21,25,30,50,54,56,80,83,84,85,86" machi="50" ten="30,2000,0" yaku="0,1,8,1" doraHai="102" who="1" fromWho="1" sc="132,-6,409,23,180,-6,279,-11" owari="126,-37.0,432,53.0,174,-23.0,268,7.0" /></mjloggm>