<mjloggm ver="2.3"><GO type="97" lobby="0"/><UN n0="%6D%69%74%61" n1="%66%63%62%74%61%6B%61" n2="%E9%BE%8D%E9%82%A6" n3="%E3%82%A6%E3%83%AB%E3%83%88%E3%83%A9%E7%AB%8B%E7%9B%B4" dan="14,13,13,14" rate="1978.77,1901.02,1837.66,1905.74" sx="M,M,M,M"/><TAIKYOKU oya="0"/><INIT seed="0,0,0,5,0,65" ten="250,250,250,250" oya="0" hai0="56,133,121,11,127,14,83,28,72,117,130,58,61" hai1="79,108,98,124,88,10,84,99,45,55,97,62,27" hai2="118,122,81,16,74,40,119,71,131,31,77,95,46" hai3="125,70,104,135,73,86,89,21,53,50,96,7,33"/><T47/><D121/><U82/><E124/><V110/><F122/><W103/><G33/><T76/><D117/><N who="2" m="44554" /><F95/><W132/><G7/><T111/><D127/><U37/><E37/><N who="2" m="21775" /><F110/><W4/><G4/><T80/><D111/><U19/><E108/><V26/><F131/><W59/><G125/><T51/><D133/><N who="3" m="51273" /><G21/><T38/><D28/><U6/><E6/><V25/><F25/><W64/><G73/><T109/><D38/><U78/><E10/><V92/><F92/><N who="3" m="54327" /><G64/><T113/><D83/><U68/><E68/><AGARI ba="0,0" hai="50,53,59,68,70,96,103,104" m="54327,51273" machi="68" ten="30,3900,0" yaku="20,1,52,2" doraHai="65" who="3" fromWho="1" sc="250,0,250,-39,250,0,250,39" /><INIT seed="1,0,0,3,2,113" ten="250,211,250,289" oya="1" hai0="94,90,87,38,34,110,68,52,53,61,20,22,128" hai1="111,126,63,75,76,48,115,73,83,51,33,21,81" hai2="27,41,9,88,109,29,125,92,134,64,25,17,5" hai3="112,24,30,108,96,129,62,36,135,106,18,82,26"/><U132/><E115/><V12/><F125/><W97/><G112/><T95/><D34/><U3/><E33/><V13/><F41/><W101/><G36/><T131/><D38/><U14/><E3/><V11/><F134/><W122/><G122/><T58/><D68/><U55/><E126/><V35/><F109/><W44/><G108/><T45/><D110/><U117/><E117/><V31/><F64/><W99/><G129/><N who="0" m="49739" /><D95/><U46/><E48/><AGARI ba="0,0" hai="20,22,45,48,52,53,58,61,87,90,94" m="49739" machi="48" ten="30,2000,0" yaku="19,1,54,1" doraHai="113" who="0" fromWho="1" sc="250,20,211,-20,250,0,289,0" /><INIT seed="2,0,0,3,0,31" ten="270,191,250,289" oya="2" hai0="88,132,131,97,119,118,45,101,62,104,44,99,58" hai1="17,75,122,113,133,52,9,86,71,38,32,20,68" hai2="109,56,94,4,25,50,33,27,81,115,43,127,129" hai3="22,8,61,103,18,74,29,79,83,59,78,73,51"/><V26/><F115/><W21/><G103/><T10/><D132/><U65/><E32/><V14/><F127/><W121/><G121/><T106/><D131/><U28/><E38/><V24/><F129/><W57/><G8/><T77/><D10/><U105/><E105/><V60/><F109/><W46/><G29/><T35/><D77/><U134/><E75/><V48/><F81/><W64/><G59/><T40/><D35/><U66/><E113/><V124/><F124/><W6/><G6/><T135/><D135/><N who="1" m="51723" /><E86/><V13/><F43/><W69/><G69/><N who="1" m="26698" /><E122/><V41/><F41/><W91/><G74/><T108/><D108/><U123/><E123/><V55/><F94/><W90/><G79/><T7/><D7/><U70/><N who="1" m="26706" /><U102/><DORA hai="95" /><E102/><V93/><F93/><W23/><G90/><T37/><D45/><U63/><E28/><V11/><REACH who="2" step="1"/><F14/><REACH who="2" ten="270,191,240,289" step="2"/><W5/><G83/><T87/><D99/><U80/><E80/><V116/><F116/><N who="0" m="44586" /><D106/><U112/><E112/><V117/><F117/><W1/><G73/><T54/><D87/><U39/><E39/><V84/><F84/><W111/><G111/><T125/><D125/><U89/><E89/><AGARI ba="0,1" hai="37,40,44,54,58,62,88,89,97,101,104" m="44586" machi="89" ten="30,3900,0" yaku="12,1,52,1,54,1" doraHai="31,95" who="0" fromWho="1" sc="270,49,191,-39,240,0,289,0" /><INIT seed="3,0,0,4,1,81" ten="319,152,240,289" oya="3" hai0="25,120,40,46,87,14,11,76,33,89,130,71,31" hai1="42,19,73,102,80,29,67,117,61,84,3,43,132" hai2="70,38,53,55,119,47,39,129,49,12,41,115,79" hai3="107,90,124,100,118,27,13,85,24,78,126,45,15"/><W26/><G78/><T88/><D130/><U10/><E29/><V22/><F79/><W121/><G121/><T114/><D71/><U93/><E117/><V28/><F119/><W92/><G118/><T94/><D114/><U5/><E73/><V111/><F12/><W7/><G7/><T63/><D120/><U95/><E19/><V99/><F28/><W123/><G123/><T62/><D89/><U66/><E132/><V37/><F22/><W16/><G45/><T127/><D76/><U59/><E67/><V36/><F99/><N who="3" m="61855" /><G16/><T50/><D127/><AGARI ba="0,0" hai="13,15,24,26,27,85,90,92,124,126,127" m="61855" machi="127" ten="30,2900,0" yaku="18,1,52,1" doraHai="81" who="3" fromWho="0" sc="319,-29,152,0,240,0,289,29" owari="290,9.0,152,-35.0,240,-16.0,318,42.0" /></mjloggm>