<mjloggm ver="2.3"><GO type="97" lobby="0"/><UN n0="%E3%82%A6%E3%83%AB%E3%83%88%E3%83%A9%E7%AB%8B%E7%9B%B4" n1="%E3%82%A2%E3%82%B7%E3%83%A5%E3%83%AA%E3%83%BC" n2="%4C%2D%52%69%67%68%74" n3="%EF%BC%A0%E3%81%BF%E3%82%87%E3%82%93" dan="13,14,14,13" rate="1873.46,1923.90,1952.97,1843.46" sx="M,F,M,M"/><TAIKYOKU oya="0"/><INIT seed="0,0,0,0,2,6" ten="250,250,250,250" oya="0" hai0="85,51,111,14,40,2,94,36,48,32,90,27,81" hai1="117,97,69,120,128,13,112,54,126,75,88,82,10" hai2="123,22,106,56,20,45,53,122,21,1,49,73,66" hai3="35,57,7,78,71,93,109,70,87,61,41,115,52"/><T99/><D2/><U39/><E39/><V96/><F73/><W113/><G35/><T47/><D111/><U59/><E69/><V60/><F1/><W50/><G7/><T26/><D32/><U30/><E120/><V0/><F0/><W107/><G107/><T98/><D98/><U44/><E117/><V4/><REACH who="2" step="1"/><F4/><REACH who="2" ten="250,250,240,250" step="2"/><W38/><G115/><T25/><REACH who="0" step="1"/><D14/><REACH who="0" ten="240,250,240,250" step="2"/><U116/><E13/><V33/><F33/><W119/><G113/><T46/><D46/><U124/><E44/><V79/><F79/><AGARI ba="0,2" hai="25,26,27,36,40,47,48,51,79,81,85,90,94,99" machi="79" ten="40,2000,0" yaku="1,1,53,0" doraHai="6" doraHaiUra="134" who="0" fromWho="2" sc="240,40,250,0,240,-20,250,0" /><INIT seed="0,1,0,1,1,39" ten="280,250,220,250" oya="0" hai0="97,35,8,26,5,76,119,36,81,112,16,87,73" hai1="41,7,54,79,108,66,0,101,105,72,17,94,10" hai2="37,50,51,21,78,111,28,44,46,121,61,131,93" hai3="127,30,29,123,12,25,132,83,57,48,102,32,31"/><T71/><D119/><U43/><E105/><V38/><F121/><W82/><G123/><T69/><D112/><U96/><E108/><V18/><F111/><W85/><G132/><T23/><D35/><U60/><E54/><V9/><F78/><W55/><G102/><T3/><D87/><U65/><E17/><V13/><F131/><W130/><G130/><T86/><D86/><U4/><E4/><V118/><F118/><W92/><G127/><T64/><D64/><U80/><REACH who="1" step="1"/><E66/><REACH who="1" ten="280,240,220,250" step="2"/><V107/><F107/><W106/><G106/><T67/><D67/><U34/><E34/><V1/><F28/><W117/><G117/><T84/><D71/><AGARI ba="1,1" hai="0,7,10,41,43,60,65,71,72,79,80,94,96,101" machi="71" ten="30,7700,0" yaku="1,1,7,1,52,2,53,0" doraHai="39" doraHaiUra="134" who="1" fromWho="0" sc="280,-80,240,90,220,0,250,0" /><INIT seed="1,0,0,0,0,81" ten="200,330,220,250" oya="1" hai0="62,133,102,110,111,64,45,135,108,9,127,99,50" hai1="12,41,52,25,16,118,46,47,35,129,67,131,17" hai2="123,90,10,93,15,115,0,106,54,48,126,74,23" hai3="66,43,8,69,40,76,73,88,95,128,27,51,105"/><U4/><E118/><V61/><F106/><W116/><G105/><T96/><D9/><N who="1" m="4135" /><E67/><V18/><F74/><W24/><G116/><T86/><D86/><U56/><E35/><V124/><F123/><W78/><G73/><T63/><D127/><N who="2" m="48682" /><F115/><W65/><G69/><N who="0" m="42135" /><D63/><N who="1" m="36231" /><E25/><N who="3" m="9802" /><G8/><T117/><D117/><U109/><E109/><N who="0" m="27905" /><T42/><DORA hai="44" /><D102/><U122/><E122/><V11/><F61/><W112/><G112/><T125/><D125/><U59/><E59/><N who="2" m="33223" /><F0/><W121/><G121/><T119/><D119/><U132/><E132/><AGARI ba="0,0" hai="42,45,50,96,99,132,133,135" m="27905,42135" machi="132" ten="40,5200,0" yaku="20,1,14,1,52,1" doraHai="81,44" who="0" fromWho="1" sc="200,52,330,-52,220,0,250,0" /><INIT seed="2,0,0,2,5,76" ten="252,278,220,250" oya="2" hai0="107,66,60,19,119,9,100,25,11,64,122,69,73" hai1="116,24,88,94,4,130,41,65,108,92,8,74,33" hai2="123,39,91,96,31,42,56,45,75,102,72,5,30" hai3="21,32,129,111,36,135,106,101,114,126,78,83,13"/><V29/><F123/><W0/><RYUUKYOKU type="yao9" ba="0,0" sc="252,0,278,0,220,0,250,0" hai3="0,13,21,32,36,78,83,101,106,111,114,126,129,135" /><INIT seed="2,1,0,3,5,50" ten="252,278,220,250" oya="2" hai0="51,21,80,63,42,26,122,123,84,12,9,76,94" hai1="103,17,78,95,106,70,130,37,128,11,19,112,74" hai2="34,22,24,64,120,99,98,47,16,6,100,82,66" hai3="125,85,58,115,109,73,88,13,59,36,46,124,79"/><V111/><F120/><W40/><G115/><T83/><D83/><U69/><E37/><V134/><F34/><W117/><G117/><T89/><D63/><U68/><E112/><V14/><F134/><W20/><G109/><T33/><D33/><U31/><E31/><V133/><F133/><W25/><G13/><T135/><D135/><U18/><E106/><V81/><F111/><W45/><G45/><N who="0" m="26039" /><D94/><U90/><E103/><V44/><F6/><W96/><G96/><N who="2" m="36905" /><F100/><W54/><G79/><T126/><D126/><N who="3" m="48745" /><G73/><T67/><D67/><N who="2" m="25642" /><F24/><W5/><G5/><N who="0" m="3119" /><D89/><U72/><E78/><V57/><F57/><W28/><G54/><T118/><D118/><U4/><E74/><V132/><F132/><W27/><G27/><T104/><D104/><U108/><E108/><V127/><F127/><W15/><G15/><T65/><D65/><U110/><E110/><V75/><F75/><W30/><G30/><AGARI ba="1,0" hai="21,26,30,76,80,84,122,123" m="3119,26039" machi="30" ten="30,1000,0" yaku="25,1" doraHai="50" who="0" fromWho="3" sc="252,13,278,0,220,0,250,-13" /><INIT seed="3,0,0,1,4,125" ten="265,278,220,237" oya="3" hai0="101,47,77,65,67,89,30,69,3,32,61,27,48" hai1="106,15,55,86,93,79,66,117,57,26,102,78,111" hai2="51,14,11,34,43,108,98,88,44,36,53,0,90" hai3="58,5,130,62,92,132,104,45,72,123,84,114,28"/><W6/><G104/><T42/><D3/><U2/><E2/><V31/><F0/><W29/><G72/><T119/><D119/><U118/><E106/><V17/><F108/><W54/><G114/><T35/><D77/><U82/><E111/><V100/><F34/><W83/><G123/><T25/><D67/><U37/><E37/><V126/><F31/><N who="3" m="11851" /><G132/><T59/><D101/><U10/><E26/><V56/><REACH who="2" step="1"/><F126/><REACH who="2" ten="265,278,210,237" step="2"/><W68/><G68/><T33/><D30/><U109/><E109/><V20/><F20/><W64/><G92/><AGARI ba="0,1" hai="11,14,17,36,43,44,51,53,56,88,90,92,98,100" machi="92" ten="30,3900,0" yaku="1,1,7,1,54,1,53,0" doraHai="125" doraHaiUra="1" who="2" fromWho="3" sc="265,0,278,0,210,49,237,-39" /><INIT seed="4,0,0,4,1,37" ten="265,278,259,198" oya="0" hai0="120,112,59,127,39,115,84,104,96,9,57,123,64" hai1="90,18,38,72,110,6,2,61,25,91,53,92,83" hai2="71,21,116,122,114,43,47,100,41,54,81,29,74" hai3="119,22,103,11,20,24,5,88,0,108,50,14,85"/><T28/><D39/><U111/><E38/><V23/><F71/><W68/><G68/><T77/><D28/><U55/><E2/><V93/><F122/><W15/><G119/><T34/><D34/><U58/><E6/><V45/><F116/><W73/><G73/><T62/><D127/><U51/><E72/><V98/><F114/><N who="0" m="43562" /><D9/><U134/><E134/><V131/><F131/><W75/><G75/><T79/><D59/><U113/><E113/><V10/><F10/><W89/><G108/><T36/><D36/><U78/><E78/><N who="0" m="29705" /><D84/><U52/><E83/><V128/><F128/><W35/><G35/><T65/><D65/><N who="1" m="39095" /><E111/><V60/><F74/><W107/><G107/><T121/><D96/><U26/><E110/><V125/><F81/><W69/><G69/><T97/><D97/><N who="1" m="57495" /><E91/><V86/><F86/><W133/><G89/><T87/><D87/><U40/><E18/><V80/><F80/><W8/><G103/><T30/><D30/><U135/><E135/><V132/><F132/><W7/><G133/><T46/><D46/><AGARI ba="0,0" hai="25,26,40,46,51,52,53,55" m="57495,39095" machi="46" ten="30,3900,0" yaku="8,1,52,1,54,1" doraHai="37" who="1" fromWho="0" sc="265,-39,278,39,259,0,198,0" owari="226,-17.0,317,41.0,259,6.0,198,-30.0" /></mjloggm>