<mjloggm ver="2.3"><GO type="97" lobby="0"/><UN n0="%E3%82%A6%E3%83%AB%E3%83%88%E3%83%A9%E7%AB%8B%E7%9B%B4" n1="%E3%83%8F%E3%83%B3%E3%82%B2%E7%8E%8B" n2="%E3%81%8B%E3%81%AA%E3%81%B8%E3%81%B3" n3="%44%4F%41%4C%41%40" dan="15,14,13,14" rate="2018.35,1964.31,1931.77,1906.63" sx="M,M,M,M"/><TAIKYOKU oya="0"/><INIT seed="0,0,0,1,5,63" ten="250,250,250,250" oya="0" hai0="4,81,5,52,70,8,68,38,75,121,124,7,80" hai1="44,98,21,19,24,34,56,84,39,18,131,54,97" hai2="127,133,109,88,115,86,31,23,10,0,40,33,36" hai3="27,3,25,2,59,110,16,113,92,95,108,61,71"/><T28/><D38/><U118/><E118/><V111/><F115/><W78/><G113/><T30/><D121/><U14/><E131/><V94/><F133/><W105/><G105/><T130/><D8/><U26/><E34/><V107/><F107/><W99/><G71/><N who="0" m="27179" /><D75/><U32/><E32/><V93/><F127/><W132/><G132/><T1/><D1/><U46/><E44/><V91/><F40/><W45/><G45/><T83/><D52/><U69/><E69/><V60/><F36/><W104/><G104/><T74/><D74/><U116/><E26/><V51/><F51/><W29/><G78/><T90/><D90/><U135/><E135/><V77/><F33/><W106/><G106/><T48/><D48/><U62/><E116/><V117/><F77/><W35/><G95/><T134/><D134/><U15/><E84/><V76/><F76/><W89/><G2/><T9/><D9/><U6/><E6/><V12/><F0/><W120/><G3/><T100/><D100/><U119/><E119/><V43/><F43/><W129/><G129/><T123/><D123/><U72/><E72/><V112/><F112/><W103/><G103/><T17/><D130/><U67/><E24/><N who="2" m="16799" /><F60/><W73/><G73/><T79/><D79/><U102/><E102/><V50/><F50/><W128/><G128/><T64/><D17/><U87/><E87/><N who="2" m="52383" /><F117/><W22/><REACH who="3" step="1"/><G120/><REACH who="3" ten="250,250,250,240" step="2"/><T41/><D41/><U65/><E39/><V126/><F126/><W20/><G20/><T66/><D124/><U53/><E46/><V57/><F57/><W85/><G85/><T49/><D49/><RYUUKYOKU ba="0,1" sc="250,10,250,-30,250,10,240,10" hai0="4,5,7,28,30,64,66,80,81,83" hai2="10,12,86,91,94,109,111" hai3="16,22,25,27,29,35,59,61,89,92,99,108,110" /><INIT seed="0,1,1,0,3,107" ten="260,220,260,250" oya="0" hai0="37,15,22,97,76,20,122,0,127,48,40,71,96" hai1="51,17,104,36,31,50,120,133,7,101,60,131,102" hai2="94,64,129,1,77,83,61,19,91,119,106,52,79" hai3="116,113,10,55,34,30,99,23,115,11,74,80,114"/><T9/><D71/><U126/><E36/><V16/><F1/><W21/><G116/><T88/><D0/><U6/><E120/><V105/><F129/><W4/><G10/><T32/><D37/><U132/><E131/><V44/><F119/><W13/><G99/><N who="0" m="37963" /><D76/><U134/><E104/><V110/><F110/><W81/><G55/><T5/><D32/><U53/><E31/><V65/><F94/><W46/><G46/><N who="0" m="25671" /><D122/><U68/><E126/><V33/><F33/><W123/><G123/><T87/><D127/><U78/><E78/><V39/><F39/><W118/><G118/><T84/><D84/><U38/><E38/><V69/><F91/><W8/><G80/><AGARI ba="1,1" hai="5,9,15,20,22,80,87,88" m="25671,37963" machi="80" ten="30,2900,0" yaku="8,1,54,1" doraHai="107" who="0" fromWho="3" sc="260,42,220,0,260,0,250,-32" /><INIT seed="0,2,0,0,1,124" ten="302,220,260,218" oya="0" hai0="42,24,6,64,120,91,0,73,2,56,99,122,5" hai1="86,118,109,133,21,41,9,103,26,30,79,93,1" hai2="23,15,127,36,117,8,94,43,13,12,97,54,131" hai3="45,132,50,18,53,82,108,37,114,28,104,78,35"/><T74/><D42/><U57/><E118/><V80/><F127/><W61/><G114/><T55/><D64/><U128/><E109/><V60/><F117/><W48/><G104/><T46/><D46/><U4/><E133/><V125/><F125/><W51/><G108/><T11/><D24/><U98/><E41/><V121/><F121/><W113/><G113/><T27/><D27/><U49/><E49/><V38/><F8/><W101/><G101/><T110/><D110/><U83/><REACH who="1" step="1"/><E57/><REACH who="1" ten="302,210,260,218" step="2"/><V70/><F43/><W105/><G132/><T29/><D56/><U32/><E32/><V92/><F38/><W107/><G37/><T62/><D122/><U14/><E14/><V115/><F36/><W17/><G51/><T95/><D120/><U76/><E76/><V90/><F115/><W20/><G35/><T89/><D62/><U3/><E3/><V10/><F10/><W126/><G61/><T123/><D123/><U31/><E31/><V47/><F23/><W81/><G126/><T112/><D29/><U116/><E116/><V71/><F60/><W68/><G68/><T44/><D112/><U135/><E135/><V102/><F71/><W40/><G28/><T130/><D11/><U72/><E72/><V7/><F70/><W75/><G20/><T106/><D74/><U16/><E16/><V100/><F7/><W119/><G119/><T65/><D6/><U66/><E66/><V33/><F33/><W69/><G69/><T67/><D65/><U22/><E22/><V77/><F77/><W88/><G18/><T111/><D67/><U63/><E63/><RYUUKYOKU ba="2,1" sc="302,-10,210,30,260,-10,218,-10" hai1="1,4,9,21,26,30,79,83,86,93,98,103,128" /><INIT seed="1,3,1,3,1,45" ten="292,240,250,208" oya="1" hai0="90,68,38,126,71,80,127,110,61,95,91,3,22" hai1="102,66,1,74,8,123,57,60,9,84,78,120,124" hai2="132,131,36,111,96,59,105,65,27,82,128,14,0" hai3="29,130,67,10,41,42,117,34,31,92,35,52,5"/><U88/><E124/><N who="0" m="47657" /><D38/><U93/><E102/><N who="2" m="62663" /><F0/><W99/><G130/><N who="2" m="49705" /><F36/><W94/><G117/><T13/><D3/><U129/><E129/><V72/><F111/><W125/><G125/><T76/><D61/><U43/><E43/><V116/><F116/><W48/><G35/><T107/><D107/><U39/><E39/><V50/><F27/><W133/><G133/><T12/><D91/><U77/><E77/><N who="2" m="44327" /><F132/><W58/><G67/><T7/><D13/><U89/><E78/><V55/><F65/><W51/><G94/><T53/><D53/><U118/><E74/><V119/><F119/><W122/><G122/><T11/><D22/><U135/><E118/><V113/><F113/><W19/><G34/><T20/><D20/><U16/><E135/><V15/><AGARI ba="3,1" hai="14,15,50,55,59" m="44327,49705,62663" machi="15" ten="30,2000,0" yaku="19,1,52,1" doraHai="45" who="2" fromWho="2" sc="292,-8,240,-13,250,39,208,-8" /><INIT seed="2,0,0,2,3,73" ten="284,227,289,200" oya="2" hai0="88,48,130,68,94,40,23,30,86,80,77,67,106" hai1="92,63,24,102,20,87,84,120,119,47,51,9,5" hai2="96,38,89,70,114,28,27,95,6,7,19,33,125" hai3="58,66,32,8,1,122,107,117,118,85,17,59,56"/><V2/><F114/><W50/><G107/><T126/><D106/><U54/><E119/><V127/><F70/><W91/><G32/><T97/><D126/><N who="2" m="48138" /><F38/><W52/><G122/><T90/><D130/><U79/><E120/><V81/><F2/><W18/><G17/><T109/><D109/><U132/><E132/><V61/><F61/><W25/><G1/><T42/><D68/><U82/><E63/><V104/><F104/><W99/><G99/><T36/><D67/><U26/><E102/><V108/><F108/><W72/><G72/><T37/><D37/><U55/><E92/><V3/><F3/><W43/><G43/><N who="0" m="16427" /><D48/><U44/><E87/><V62/><F62/><W22/><G8/><T39/><D39/><U78/><E26/><V93/><F93/><W41/><G41/><T113/><D36/><U110/><E110/><V0/><F0/><W100/><G100/><N who="0" m="60471" /><D113/><U133/><E133/><V53/><F53/><W123/><G123/><T46/><D46/><U29/><E47/><V134/><F134/><W64/><G118/><T71/><D71/><U74/><E55/><V31/><F31/><W135/><G135/><T103/><D103/><U116/><E116/><V129/><F129/><W112/><G112/><T65/><D65/><U115/><E115/><V12/><F81/><W57/><REACH who="3" step="1"/><G117/><REACH who="3" ten="284,227,289,190" step="2"/><T83/><D83/><AGARI ba="0,1" hai="18,22,25,50,52,56,57,58,59,64,66,83,85,91" machi="83" ten="40,8000,1" yaku="1,1,2,1,8,1,54,1,53,0" doraHai="73" doraHaiUra="121" who="3" fromWho="0" sc="284,-80,227,0,289,0,190,90" /><INIT seed="3,0,0,3,5,49" ten="204,227,289,280" oya="3" hai0="28,50,99,74,122,78,21,126,67,15,118,22,8" hai1="71,47,11,12,5,101,114,130,45,14,1,61,112" hai2="39,60,65,85,133,27,26,19,104,106,81,82,7" hai3="54,127,100,96,80,116,16,56,124,41,51,0,79"/><W25/><G0/><T13/><D74/><U2/><E130/><V57/><F39/><W59/><G116/><T125/><D118/><U6/><E101/><V98/><F133/><W72/><G41/><T87/><D122/><U37/><E37/><V17/><F7/><W113/><G113/><T58/><D99/><U103/><E103/><V34/><F98/><W48/><G25/><N who="0" m="16431" /><D22/><U53/><E53/><V33/><F85/><W29/><G29/><T42/><D67/><U46/><E46/><V109/><F109/><W40/><G40/><T75/><D75/><U4/><E4/><V95/><F95/><N who="3" m="58399" /><G16/><N who="0" m="8231" /><D15/><U35/><E35/><V107/><F19/><W77/><G77/><T76/><D87/><U135/><E135/><V129/><F129/><W69/><G69/><T132/><D132/><U108/><E108/><V123/><F123/><W43/><G43/><T62/><D62/><U73/><E73/><V92/><F92/><W120/><G120/><T64/><D64/><U23/><E71/><V102/><F102/><W18/><G18/><T83/><D83/><U32/><E32/><V63/><F17/><W97/><G97/><T88/><D88/><U30/><E61/><V91/><F91/><W44/><G48/><T105/><D105/><U68/><E68/><V93/><F93/><W31/><G31/><T94/><D94/><U10/><E30/><V117/><F117/><W89/><G89/><T55/><D42/><U115/><E112/><V24/><F63/><W3/><G3/><T90/><D90/><U84/><E23/><V111/><F111/><W119/><G119/><RYUUKYOKU ba="0,0" sc="204,0,227,0,289,0,280,0" hai0="50,55,58,76,78,125,126" hai1="1,2,5,6,10,11,12,14,45,47,84,114,115" hai2="24,26,27,33,34,57,60,65,81,82,104,106,107" hai3="44,51,54,56,59,72,79,80,124,127" /><INIT seed="3,1,0,3,2,10" ten="204,227,289,280" oya="3" hai0="27,23,102,34,48,29,59,93,127,96,40,117,124" hai1="99,16,75,37,130,74,6,122,28,92,54,118,31" hai2="119,116,128,85,111,115,5,55,83,95,71,57,82" hai3="39,66,56,110,131,33,135,51,4,106,129,65,72"/><W78/><G33/><T50/><D117/><U125/><E118/><V38/><F38/><W36/><G110/><T24/><D40/><U126/><E122/><V8/><F115/><W134/><G106/><T87/><D87/><U108/><E108/><V112/><F111/><W98/><G98/><T90/><D90/><U89/><E37/><N who="3" m="14410" /><G4/><T113/><D113/><U76/><E130/><N who="3" m="49674" /><G72/><T53/><REACH who="0" step="1"/><D50/><REACH who="0" ten="194,227,289,280" step="2"/><U67/><E75/><V88/><F128/><W52/><G78/><T20/><D20/><U22/><E76/><V63/><F112/><W49/><G51/><T32/><D32/><U79/><E79/><V26/><F119/><W94/><G94/><T121/><D121/><U21/><E74/><V64/><F116/><W84/><G84/><T69/><D69/><U19/><E125/><V14/><F26/><W104/><G104/><T44/><D44/><U86/><E126/><V123/><F123/><W80/><G80/><T120/><D120/><U3/><E86/><V81/><F81/><W25/><G25/><T42/><D42/><U47/><E89/><V132/><F132/><AGARI ba="1,1" hai="49,52,56,65,66,132,134,135" m="49674,14410" machi="132" ten="40,12000,1" yaku="20,1,19,1,34,2,54,1" doraHai="10" who="3" fromWho="2" sc="194,0,227,0,289,-123,280,133" owari="194,-21.0,227,3.0,166,-33.0,413,51.0" /></mjloggm>