<mjloggm ver="2.3"><GO type="97" lobby="0"/><UN n0="%E3%82%A6%E3%83%AB%E3%83%88%E3%83%A9%E7%AB%8B%E7%9B%B4" n1="%64%65%63%5F%73%6F%72%64" n2="%6A%75%6E%70%65%65" n3="%E3%81%8F%E3%82%8A%E3%81%93%E3%81%86%E3%81%A0" dan="15,15,14,15" rate="1961.74,1956.41,1999.88,1965.27" sx="M,M,M,M"/><TAIKYOKU oya="0"/><INIT seed="0,0,0,3,3,20" ten="250,250,250,250" oya="0" hai0="12,5,2,26,99,11,108,101,82,65,54,60,36" hai1="6,51,131,120,45,84,4,83,21,112,30,70,18" hai2="3,113,129,86,94,28,117,52,121,92,114,126,48" hai3="90,61,64,33,103,66,96,0,17,57,128,77,13"/><T74/><D108/><U97/><E120/><V55/><F121/><W46/><G0/><T37/><D54/><U10/><E70/><V19/><F3/><W32/><G77/><T124/><D124/><U107/><E112/><V47/><F126/><W75/><G75/><T79/><D12/><U25/><E131/><V135/><F129/><W133/><G128/><T93/><D26/><U111/><E111/><V127/><F127/><W63/><G90/><T132/><D132/><U62/><E107/><V109/><F28/><W116/><G46/><T110/><D110/><U125/><E125/><V9/><F55/><W16/><G116/><T91/><D91/><N who="1" m="51615" /><E97/><V15/><F135/><W95/><G133/><T68/><AGARI ba="0,0" hai="2,5,11,36,37,60,65,68,74,79,82,93,99,101" machi="68" ten="20,2100,0" yaku="0,1,7,1" doraHai="20" who="0" fromWho="0" sc="250,21,250,-7,250,-7,250,-7" /><INIT seed="0,1,0,1,0,50" ten="271,243,243,243" oya="0" hai0="99,127,12,18,61,85,114,44,63,78,133,1,80" hai1="10,131,66,135,109,129,71,55,94,116,87,122,65" hai2="128,47,0,60,41,111,13,39,57,105,118,76,3" hai3="19,45,4,81,101,68,134,20,27,72,113,29,14"/><T11/><D127/><U52/><E122/><V117/><F111/><W8/><G134/><T132/><D114/><U43/><E116/><N who="2" m="44651" /><F105/><W110/><G68/><T108/><D108/><U36/><E109/><V98/><F128/><N who="1" m="49225" /><E135/><N who="0" m="51785" /><D1/><U23/><E10/><V35/><F35/><W26/><G110/><T16/><D99/><U46/><E23/><V32/><F32/><W49/><G101/><T96/><D96/><U59/><E59/><V38/><F13/><W93/><G93/><T2/><D2/><N who="2" m="554" /><F76/><W126/><G126/><T104/><D104/><U90/><E66/><N who="2" m="39183" /><F98/><W33/><G113/><T92/><D44/><U53/><E65/><V30/><F30/><W15/><G81/><T75/><D18/><U124/><E124/><V102/><F102/><W22/><G72/><T115/><D115/><U25/><E25/><V34/><F34/><W62/><G33/><T120/><D120/><U89/><E89/><AGARI ba="1,0" hai="11,12,16,61,63,75,78,80,85,89,92" m="51785" machi="89" ten="30,2900,0" yaku="20,1,54,1" doraHai="50" who="0" fromWho="1" sc="271,32,243,-32,243,0,243,0" /><INIT seed="0,2,0,0,5,68" ten="303,211,243,243" oya="0" hai0="99,23,47,111,103,101,135,22,79,62,63,67,13" hai1="4,3,71,127,6,100,66,122,128,83,93,75,90" hai2="8,133,86,7,39,98,119,42,129,132,125,14,15" hai3="20,89,31,105,60,97,54,25,38,82,78,118,114"/><T91/><D79/><U102/><E122/><V55/><F119/><W10/><G114/><T92/><D111/><U76/><E71/><V87/><F129/><W28/><G118/><T0/><D0/><U43/><E66/><V130/><F130/><W80/><G31/><T46/><D135/><N who="2" m="51786" /><F125/><W51/><G60/><T33/><D33/><U120/><E128/><V40/><F98/><W52/><G10/><T37/><D62/><U2/><E120/><V12/><F55/><W1/><G1/><T77/><D47/><U85/><E127/><V134/><N who="2" m="51794" /><V110/><DORA hai="95" /><F110/><W5/><G5/><T115/><D77/><U121/><E121/><V84/><F39/><W29/><G29/><T9/><D115/><U32/><E32/><V18/><F18/><W35/><G35/><T124/><D124/><U16/><E43/><AGARI ba="2,0" hai="7,8,12,14,15,40,42,43,84,86,87" m="51794" machi="43" ten="50,1600,0" yaku="20,1" doraHai="68,95" who="2" fromWho="1" sc="303,0,211,-22,243,22,243,0" /><INIT seed="1,0,0,5,4,53" ten="303,189,265,243" oya="1" hai0="97,124,55,5,71,60,12,72,37,87,130,54,100" hai1="33,38,28,48,43,79,126,62,10,58,22,116,57" hai2="115,75,15,110,27,21,92,81,68,120,69,117,51" hai3="8,114,105,129,11,49,19,119,132,6,16,101,128"/><U106/><E106/><V80/><F120/><W98/><G114/><T67/><D72/><U74/><E116/><V127/><F117/><W1/><G119/><T44/><D124/><U121/><E121/><V9/><F127/><W103/><G103/><T47/><D130/><N who="3" m="50281" /><G132/><T113/><D113/><U59/><E126/><V0/><F0/><N who="3" m="71" /><G49/><T4/><D87/><U50/><E33/><V45/><F92/><W61/><G61/><T82/><D82/><U95/><E74/><V26/><F81/><W52/><G52/><T20/><D54/><N who="1" m="34167" /><E38/><V3/><F80/><W46/><G46/><T88/><D55/><U42/><E79/><V84/><F84/><W90/><G90/><T64/><D88/><U133/><E133/><V107/><F75/><W29/><G29/><T134/><D134/><U99/><E10/><V85/><F85/><W135/><G135/><T77/><D77/><U34/><E34/><V70/><F9/><W14/><G1/><T66/><D44/><N who="1" m="25623" /><E50/><V109/><F51/><W125/><G125/><T24/><D47/><U18/><E28/><V131/><F3/><W23/><G23/><T40/><D40/><U102/><E43/><V111/><F115/><W123/><G123/><T94/><D37/><U41/><E41/><V17/><F131/><W56/><G19/><N who="0" m="12319" /><D5/><U65/><E65/><V35/><F45/><W112/><G112/><T2/><D2/><U31/><E31/><N who="2" m="19967" /><F107/><W76/><G76/><T7/><D7/><U91/><E102/><V122/><F122/><W78/><G78/><T93/><D93/><U83/><E83/><V30/><F30/><RYUUKYOKU ba="0,0" sc="303,0,189,0,265,0,243,0" hai0="4,12,60,64,66,67,71,94,97,100" hai1="18,22,57,58,91,95,99" hai2="15,17,21,26,68,69,70,109,110,111" hai3="11,14,16,56,98,101,105" /><INIT seed="1,1,0,3,4,133" ten="303,189,265,243" oya="1" hai0="33,49,26,30,101,110,94,10,97,4,89,87,57" hai1="114,107,88,15,124,135,47,128,84,91,80,56,98" hai2="32,63,102,18,21,67,116,129,16,9,53,46,85" hai3="61,6,82,48,2,93,92,78,52,130,8,14,115"/><U103/><E114/><V17/><F116/><W3/><G115/><T118/><D118/><U23/><E135/><V65/><F129/><W134/><G130/><T24/><D110/><U5/><E128/><V66/><F32/><W75/><G134/><T72/><D72/><U19/><E124/><V29/><F102/><W40/><G61/><T112/><D112/><U74/><E74/><V34/><F34/><W27/><G27/><T7/><D26/><U123/><E123/><V120/><F120/><W113/><G40/><T64/><D10/><U111/><E111/><V58/><F85/><W0/><REACH who="3" step="1"/><G113/><REACH who="3" ten="303,189,265,233" step="2"/><T69/><D69/><U12/><E47/><AGARI ba="1,1" hai="0,2,3,6,8,14,47,48,52,75,78,82,92,93" machi="47" ten="40,5200,0" yaku="1,1,2,1,54,1,53,0" doraHai="133" doraHaiUra="127" who="3" fromWho="1" sc="303,0,189,-55,265,0,233,65" /><INIT seed="2,0,0,4,5,71" ten="303,134,265,298" oya="2" hai0="83,44,73,23,62,111,68,112,76,54,5,58,102" hai1="47,27,20,96,110,14,35,42,115,74,126,40,81" hai2="99,4,119,87,61,32,15,28,131,51,103,53,132" hai3="77,130,12,56,134,95,108,94,33,104,79,34,97"/><V129/><F119/><W91/><G108/><T124/><D68/><U21/><E115/><V49/><F132/><W80/><G56/><T122/><D112/><U19/><E110/><V57/><F87/><N who="3" m="50663" /><G12/><T72/><D122/><U89/><E126/><V82/><F82/><W86/><G34/><T120/><D120/><U17/><E35/><V92/><F28/><W46/><G46/><T45/><D111/><U29/><E29/><V109/><F32/><W16/><G16/><T13/><D73/><U1/><E1/><V2/><F2/><W123/><G33/><T41/><D41/><U69/><E69/><V43/><F43/><W52/><G52/><T90/><D124/><U18/><E18/><V70/><F70/><W88/><G123/><T113/><D45/><U30/><E30/><V50/><REACH who="2" step="1"/><F109/><REACH who="2" ten="303,134,255,298" step="2"/><W114/><G134/><T106/><D113/><U107/><E74/><V118/><F118/><W48/><G114/><T8/><D72/><U65/><E65/><V127/><F127/><W105/><G130/><T67/><D83/><U75/><E75/><V125/><F125/><W66/><G66/><T9/><D67/><U60/><E60/><V10/><AGARI ba="0,1" hai="4,10,15,49,50,51,53,57,61,92,99,103,129,131" machi="10" ten="30,3000,0" yaku="1,1,0,1,53,0" doraHai="71" doraHaiUra="64" who="2" fromWho="2" sc="303,-10,134,-10,255,40,298,-10" /><INIT seed="2,1,0,2,0,87" ten="293,124,295,288" oya="2" hai0="86,62,59,134,14,24,2,73,61,53,36,69,20" hai1="96,0,23,97,12,41,122,132,27,89,17,44,114" hai2="95,120,113,111,38,51,47,72,88,60,18,117,121" hai3="22,5,28,31,49,30,68,26,109,33,54,10,16"/><V25/><F117/><W21/><G68/><T79/><D2/><U101/><E122/><V92/><F113/><W32/><G49/><T78/><D36/><U90/><E0/><V126/><F72/><W37/><G109/><T108/><D108/><U107/><E114/><V80/><F38/><W46/><G54/><T67/><D134/><U115/><E115/><V128/><F111/><W105/><G105/><T40/><D40/><U116/><E116/><V11/><F60/><W1/><G46/><T48/><D73/><U81/><E81/><V112/><F112/><W85/><G85/><T83/><D14/><U129/><E129/><V9/><F128/><W65/><G65/><T13/><D13/><U71/><E71/><V57/><F57/><W119/><G119/><T3/><D3/><U45/><E132/><V84/><F126/><W58/><G58/><T104/><D104/><U39/><E45/><V55/><F121/><W19/><G37/><T124/><D124/><U42/><E42/><V63/><F63/><W130/><G130/><T123/><D123/><U8/><REACH who="1" step="1"/><E97/><REACH who="1" ten="293,114,295,288" step="2"/><V66/><F120/><W34/><G34/><T74/><D69/><U76/><E76/><V64/><F64/><W75/><G75/><T29/><D67/><U94/><E94/><N who="2" m="35883" /><F66/><W77/><G77/><N who="0" m="46447" /><D74/><U118/><E118/><V50/><F80/><W4/><G4/><AGARI ba="1,1" hai="4,8,12,17,23,27,39,41,44,89,90,96,101,107" machi="4" ten="30,8000,1" yaku="1,1,7,1,52,2,53,1" doraHai="87" doraHaiUra="99" who="1" fromWho="3" sc="293,0,114,93,295,0,288,-83" /><INIT seed="3,0,0,0,4,5" ten="293,207,295,205" oya="3" hai0="118,32,74,110,52,14,20,100,0,89,113,39,98" hai1="22,24,41,50,133,88,120,108,79,132,37,111,75" hai2="90,28,131,73,104,51,4,40,86,99,126,23,46" hai3="15,17,115,45,36,68,47,82,117,44,116,13,124"/><W135/><G68/><T33/><D0/><U64/><E37/><V128/><F126/><W7/><G115/><T72/><D39/><U121/><E64/><V130/><F73/><W66/><G66/><T55/><D118/><U70/><E70/><V61/><F61/><W105/><G105/><T78/><D89/><U54/><E41/><V127/><F127/><W18/><G124/><T27/><D14/><U107/><E107/><V49/><F4/><W10/><G36/><T62/><D110/><N who="1" m="42027" /><E79/><V103/><F46/><W123/><G123/><N who="1" m="47178" /><E75/><V102/><F40/><W19/><G135/><T11/><D78/><U56/><E88/><V38/><F38/><W57/><G57/><T101/><D74/><U114/><E114/><V134/><F134/><W83/><REACH who="3" step="1"/><G15/><REACH who="3" ten="293,207,295,195" step="2"/><T112/><D112/><U129/><E129/><V58/><F58/><W122/><G122/><T9/><D113/><U35/><E35/><V106/><F106/><W67/><G67/><T63/><D32/><U60/><E60/><V85/><F104/><W42/><G42/><T92/><D33/><U94/><E94/><N who="2" m="56791" /><F130/><W93/><G93/><T6/><D63/><U65/><E65/><V53/><F128/><W3/><G3/><T26/><D62/><U25/><E24/><N who="2" m="16415" /><F131/><W69/><G69/><T76/><D55/><U2/><E2/><V125/><F125/><W1/><G1/><T34/><D52/><U96/><E96/><V16/><F53/><W31/><G31/><AGARI ba="0,1" hai="22,25,31,50,54,56,132,133" m="47178,42027" machi="31" ten="30,1000,0" yaku="14,1" doraHai="5" who="1" fromWho="3" sc="293,0,207,20,295,0,195,-10" /><INIT seed="4,0,0,3,2,68" ten="293,227,295,185" oya="0" hai0="60,57,21,86,80,74,95,117,59,133,69,61,120" hai1="123,91,113,132,88,58,121,44,102,129,85,100,50" hai2="103,27,29,134,127,92,32,20,64,6,3,67,118" hai3="107,124,14,93,10,42,130,8,96,128,106,46,84"/><T36/><D36/><U25/><E132/><V31/><F134/><W119/><G119/><T7/><D69/><U53/><E129/><N who="3" m="49770" /><G124/><T87/><D74/><U99/><E113/><V30/><F127/><W15/><G84/><T24/><D7/><U71/><E71/><V38/><F38/><N who="3" m="21847" /><G14/><T55/><D133/><U49/><E25/><V26/><F32/><W34/><G34/><T122/><D117/><U112/><E112/><V105/><F105/><N who="3" m="39947" /><G15/><T19/><D95/><U23/><E23/><V9/><F20/><W98/><G98/><T78/><D87/><U110/><E110/><V126/><F126/><W97/><G97/><T101/><D101/><AGARI ba="0,0" hai="8,10,93,96,101" m="39947,21847,49770" machi="101" ten="30,2000,0" yaku="19,1,52,1" doraHai="68" who="3" fromWho="0" sc="293,-20,227,0,295,0,185,20" /><INIT seed="5,0,0,2,1,72" ten="273,227,295,205" oya="1" hai0="39,32,89,87,90,9,33,19,12,129,18,82,123" hai1="81,76,56,43,15,101,132,6,7,45,16,125,67" hai2="24,51,55,100,49,2,122,38,86,70,59,3,99" hai3="98,95,22,96,36,60,30,21,20,47,29,104,27"/><U69/><E69/><V114/><F122/><W40/><G30/><T109/><D39/><U64/><E125/><V62/><F38/><W48/><G36/><T65/><D123/><U115/><E115/><V133/><F70/><W105/><G105/><T117/><D117/><U79/><E81/><V107/><F86/><W28/><G28/><T35/><D129/><U75/><E75/><V5/><F24/><W4/><G4/><N who="1" m="1578" /><E101/><V34/><F34/><W112/><G112/><T92/><D109/><U118/><E132/><V11/><F2/><W1/><G1/><T119/><D119/><U42/><E118/><V53/><F114/><W41/><G41/><N who="1" m="15370" /><E45/><V88/><F133/><W13/><G13/><T71/><D71/><U127/><E127/><V110/><F110/><W77/><G77/><N who="1" m="29770" /><E56/><V63/><F59/><W26/><G26/><T85/><D32/><U17/><E17/><V23/><F100/><W102/><REACH who="3" step="1"/><G60/><REACH who="3" ten="273,227,295,195" step="2"/><T78/><D33/><U134/><E134/><V93/><F62/><W128/><G128/><T94/><D35/><U44/><E44/><V46/><F46/><W108/><G108/><T68/><D68/><U103/><E103/><AGARI ba="0,1" hai="20,21,22,27,29,40,47,48,95,96,98,102,103,104" machi="103" ten="30,2000,0" yaku="1,1,7,1,53,0" doraHai="72" doraHaiUra="73" who="3" fromWho="1" sc="273,0,227,-20,295,0,195,30" /><INIT seed="6,0,0,3,2,10" ten="273,207,295,225" oya="2" hai0="97,81,130,20,88,31,39,132,111,28,98,52,109" hai1="104,120,48,72,65,128,80,134,4,84,55,117,6" hai2="23,61,11,71,56,92,12,102,29,51,83,129,26" hai3="41,36,107,33,115,131,43,58,122,18,113,106,76"/><V15/><F71/><W53/><G122/><T47/><D39/><U42/><E120/><V69/><F69/><W96/><G33/><T118/><D118/><U94/><E117/><V54/><F129/><W101/><G76/><T3/><D3/><U57/><E104/><V5/><F83/><W127/><G107/><T123/><D123/><U49/><E134/><V17/><F61/><N who="3" m="36047" /><G18/><T125/><D111/><U73/><E128/><V133/><F133/><W2/><G2/><T126/><D132/><U99/><E73/><V75/><F75/><W34/><G34/><T66/><D66/><U7/><E72/><V77/><F77/><W100/><G100/><T27/><D31/><U45/><E65/><V85/><F29/><W64/><G64/><T13/><D13/><U8/><E84/><V105/><F105/><W135/><G135/><T24/><D24/><U95/><E80/><V21/><F21/><W22/><G22/><T110/><D130/><U86/><E86/><V114/><F114/><W67/><G131/><T79/><D109/><U78/><E78/><V1/><REACH who="2" step="1"/><F85/><REACH who="2" ten="273,207,285,225" step="2"/><W116/><G116/><T89/><D110/><U40/><E40/><V30/><F30/><W14/><G43/><T87/><D87/><U121/><E121/><V32/><F32/><W37/><G41/><T38/><D81/><U44/><E44/><V35/><F35/><W46/><G46/><T63/><D79/><U124/><E124/><N who="0" m="47721" /><D98/><AGARI ba="0,1" hai="1,5,11,12,15,17,23,26,51,54,56,92,98,102" machi="98" ten="40,12000,1" yaku="1,1,52,2,53,1" doraHai="10" doraHaiUra="16" who="2" fromWho="0" sc="273,-120,207,0,285,130,225,0" owari="153,-35.0,207,-19.0,415,51.0,225,3.0" /></mjloggm>