<mjloggm ver="2.3"><GO type="169" lobby="0"/><UN n0="%E3%82%A6%E3%83%AB%E3%83%88%E3%83%A9%E7%AB%8B%E7%9B%B4" n1="%E9%81%8A%E8%B5%B0" n2="%E7%9F%A2%E7%94%B0%E3%81%8F%E3%82%93" n3="%E3%82%AB%E3%83%9F%E3%82%BD%E3%83%AA%E5%B0%8F%E5%B3%B6" dan="17,17,16,16" rate="2216.39,2104.06,2136.76,2013.42" sx="M,M,M,M"/><TAIKYOKU oya="0"/><INIT seed="0,0,0,0,0,36" ten="250,250,250,250" oya="0" hai0="30,32,12,117,111,66,54,110,4,132,14,119,93" hai1="47,79,89,106,49,0,105,134,52,50,45,62,37" hai2="94,108,24,11,72,20,35,84,59,98,19,63,31" hai3="116,133,122,78,42,95,96,70,53,120,104,27,40"/><T46/><D66/><U121/><E37/><V85/><F72/><W112/><G116/><T115/><D115/><U41/><E121/><N who="3" m="46698" /><G112/><T51/><D132/><U21/><E134/><V25/><F11/><W34/><G133/><T88/><D30/><U38/><E0/><V109/><F109/><N who="0" m="41482" /><D32/><U123/><E123/><V125/><F125/><W124/><G104/><T90/><D90/><U8/><E8/><V73/><F73/><W55/><G70/><T107/><D107/><U23/><E79/><V1/><F1/><W10/><G78/><T81/><D81/><U86/><E23/><V6/><F6/><W92/><G10/><N who="0" m="4167" /><D14/><U44/><E21/><V57/><F108/><W97/><G124/><T64/><D64/><U2/><E2/><V83/><F83/><W13/><G13/><T71/><D71/><U101/><E101/><V26/><F26/><W77/><G77/><T7/><D7/><U58/><E105/><V17/><F17/><W126/><G126/><T129/><D129/><U135/><E106/><V28/><F28/><N who="3" m="19743" /><G95/><T102/><D102/><U5/><E135/><V103/><REACH who="2" step="1"/><F59/><REACH who="2" ten="250,250,240,250" step="2"/><W39/><G92/><T56/><D56/><U33/><E5/><V48/><F48/><W67/><G39/><T75/><D75/><U65/><E33/><V80/><F80/><W127/><G127/><T43/><D54/><AGARI ba="0,1" hai="19,20,24,25,31,35,54,57,63,84,85,94,98,103" machi="54" ten="30,2000,0" yaku="1,1,7,1,53,0" doraHai="36" doraHaiUra="118" who="2" fromWho="0" sc="250,-20,250,0,240,30,250,0" /><INIT seed="1,0,0,2,1,6" ten="230,250,270,250" oya="1" hai0="134,110,130,20,71,88,19,77,102,126,21,76,22" hai1="122,115,55,91,84,112,114,104,27,118,70,59,49" hai2="90,10,119,41,51,67,57,15,29,111,7,94,53" hai3="2,107,52,4,23,56,117,12,64,125,42,28,85"/><U69/><E122/><V78/><F111/><W63/><G125/><T73/><D71/><U47/><E118/><V3/><F119/><W131/><G117/><T11/><D73/><U106/><E59/><V30/><F78/><N who="0" m="30314" /><D110/><U33/><E33/><V58/><F3/><W109/><G109/><T44/><D102/><U127/><E127/><V74/><F74/><W79/><G107/><T103/><D103/><U96/><E27/><V87/><REACH who="2" step="1"/><F41/><REACH who="2" ten="230,250,260,250" step="2"/><W38/><G42/><T39/><D126/><U86/><E115/><V61/><AGARI ba="0,1" hai="7,10,15,29,30,51,53,57,58,61,67,87,90,94" machi="61" ten="30,12000,2" yaku="1,1,2,1,0,1,8,1,52,1,53,1" doraHai="6" doraHaiUra="83" who="2" fromWho="2" sc="230,-30,250,-60,260,130,250,-30" /><INIT seed="2,0,0,4,4,132" ten="200,190,390,220" oya="2" hai0="104,15,135,93,24,63,130,13,44,121,40,43,5" hai1="79,28,9,86,83,18,57,17,78,92,47,77,109" hai2="134,85,100,71,88,120,103,128,0,26,82,6,12" hai3="45,1,39,8,68,122,14,46,30,70,117,55,10"/><V75/><F120/><W89/><G122/><T94/><D121/><U107/><E109/><V87/><F75/><W133/><G117/><T105/><D135/><U76/><E107/><V35/><F0/><W84/><G133/><T91/><D130/><U111/><E111/><V20/><F134/><W25/><G1/><T48/><D5/><U64/><E28/><N who="2" m="17479" /><F35/><W61/><G8/><T11/><D11/><U110/><E110/><V32/><F32/><W72/><G72/><T115/><D115/><U96/><E47/><V114/><F71/><W62/><G39/><T2/><D2/><U49/><E9/><N who="2" m="4151" /><F114/><W52/><G70/><T21/><D43/><U53/><REACH who="1" step="1"/><E64/><REACH who="1" ten="200,180,390,220" step="2"/><V119/><F119/><W36/><G45/><T31/><D105/><U22/><E22/><V81/><F128/><W99/><G46/><T125/><D104/><U34/><E34/><V101/><F101/><AGARI ba="0,1" hai="17,18,49,53,57,76,77,78,79,83,86,92,96,101" machi="101" ten="40,2600,0" yaku="1,1,8,1,53,0" doraHai="132" doraHaiUra="116" who="1" fromWho="2" sc="200,0,180,36,390,-26,220,0" /><INIT seed="3,0,0,1,3,48" ten="200,216,364,220" oya="3" hai0="101,13,60,122,7,103,45,134,119,90,11,73,91" hai1="86,27,17,67,75,44,81,43,9,63,35,59,49" hai2="24,89,8,120,114,79,31,47,102,10,51,77,14" hai3="116,52,84,94,32,57,112,109,53,85,110,83,96"/><W98/><G112/><T132/><D73/><U105/><E105/><V16/><F114/><W46/><G32/><T28/><D122/><U3/><E75/><V21/><F120/><W71/><G71/><T92/><D119/><U133/><E133/><N who="0" m="51305" /><D28/><U69/><E35/><V6/><F102/><N who="0" m="38922" /><D92/><U22/><E3/><V38/><F38/><W99/><G116/><T12/><D60/><U125/><E125/><V42/><REACH who="2" step="1"/><F89/><REACH who="2" ten="200,216,354,220" step="2"/><N who="0" m="33802" /><D45/><U108/><E44/><V54/><F54/><W20/><G46/><T40/><D40/><U95/><E43/><V2/><AGARI ba="0,1" hai="2,6,8,10,14,16,21,24,31,42,47,51,77,79" machi="2" ten="20,5200,0" yaku="1,1,0,1,7,1,54,1,53,0" doraHai="48" doraHaiUra="113" who="2" fromWho="2" sc="200,-13,216,-13,354,62,220,-26" /><INIT seed="4,0,0,4,0,64" ten="187,203,416,194" oya="0" hai0="72,38,58,89,5,41,51,52,93,70,112,7,132" hai1="130,57,79,94,121,43,15,115,25,101,59,113,60" hai2="61,39,71,9,95,85,37,133,47,126,118,109,108" hai3="68,44,76,19,86,90,91,20,103,87,32,88,22"/><T97/><D72/><U77/><E121/><V131/><F126/><W0/><G32/><T129/><D112/><N who="1" m="43083" /><E130/><V98/><F118/><W62/><G103/><T28/><D129/><U110/><E110/><V23/><F133/><W102/><G102/><T16/><D132/><U135/><E135/><V14/><F131/><W24/><G0/><T117/><D117/><U46/><E25/><V120/><F120/><W40/><G76/><T50/><D28/><U74/><E15/><V3/><F85/><W119/><G119/><T81/><D38/><N who="1" m="21879" /><E74/><V100/><F3/><W96/><G96/><T92/><D92/><U42/><E42/><V12/><F14/><W53/><G20/><T48/><D81/><U125/><E125/><V82/><F23/><W10/><G10/><T67/><D16/><U111/><E59/><V127/><F12/><W73/><G73/><T116/><D116/><U29/><E29/><V26/><F9/><W104/><G104/><T123/><D123/><U80/><E80/><V124/><F82/><W75/><G75/><T2/><D2/><U6/><E6/><N who="0" m="2057" /><D41/><U65/><E111/><V4/><F95/><W63/><G19/><T13/><D13/><U69/><E57/><V8/><F109/><W31/><G31/><T122/><D122/><U54/><E54/><V30/><F108/><W45/><G24/><T106/><D106/><U17/><E17/><V21/><F26/><W11/><G53/><T18/><D18/><U1/><E1/><V34/><F30/><W83/><G40/><T36/><D36/><U49/><E49/><V56/><F37/><RYUUKYOKU ba="0,0" sc="187,15,203,15,416,-15,194,-15" hai0="48,50,51,52,58,67,70,89,93,97" hai1="60,65,69,77,79,94,101" /><INIT seed="4,1,0,3,3,101" ten="202,218,401,179" oya="0" hai0="21,47,97,74,96,41,65,42,93,119,52,78,20" hai1="81,89,90,130,131,2,104,4,98,26,95,116,61" hai2="75,58,102,17,36,9,86,66,113,33,126,22,105" hai3="84,125,129,6,82,45,57,12,51,120,34,54,64"/><T134/><D119/><U7/><E116/><V10/><F75/><W73/><G73/><T43/><D134/><U28/><E61/><V16/><F36/><W80/><G125/><T92/><D65/><U8/><E4/><V121/><F33/><W3/><G3/><T49/><D78/><U37/><E37/><V123/><F126/><W94/><G129/><N who="1" m="49162" /><E81/><V55/><F66/><W112/><G112/><T124/><D74/><U114/><E114/><V91/><F113/><W76/><G34/><T18/><D124/><U107/><E90/><V44/><F44/><W100/><G82/><T88/><D18/><U99/><E99/><V115/><F115/><W1/><G1/><T106/><D106/><N who="1" m="40491" /><E26/><V85/><F91/><AGARI ba="1,0" hai="20,21,41,42,43,47,49,52,88,91,92,93,96,97" machi="91" ten="40,12000,1" yaku="9,1,8,1,54,2" doraHai="101" who="0" fromWho="2" sc="202,123,218,0,401,-123,179,0" /><INIT seed="4,2,0,1,0,33" ten="325,218,278,179" oya="0" hai0="52,72,106,4,48,84,12,94,65,43,110,115,53" hai1="50,105,124,100,97,16,44,118,57,59,109,2,11" hai2="55,86,62,71,113,132,126,6,81,5,38,101,89" hai3="99,98,116,45,76,41,74,47,122,96,68,30,26"/><T19/><D106/><U67/><E118/><V3/><F38/><W95/><G116/><T46/><D72/><U8/><E109/><V35/><F35/><W49/><G68/><T36/><D115/><U127/><E67/><V61/><F113/><W119/><G119/><T54/><D65/><U91/><E91/><V107/><F126/><N who="1" m="48169" /><E11/><V63/><F132/><W135/><G135/><T34/><D34/><U0/><E57/><V56/><F71/><W27/><G122/><T14/><D110/><U77/><E77/><V121/><F121/><W134/><G134/><T7/><D36/><U51/><E59/><V42/><F42/><W79/><G47/><T9/><D14/><N who="1" m="7239" /><E51/><V32/><F89/><AGARI ba="2,0" hai="4,7,9,12,19,43,46,48,52,53,54,84,89,94" machi="89" ten="40,3900,0" yaku="8,1,54,1" doraHai="33" who="0" fromWho="2" sc="325,45,218,0,278,-45,179,0" /><INIT seed="4,3,0,5,0,88" ten="370,218,233,179" oya="0" hai0="92,129,90,124,6,64,134,71,86,13,95,32,104" hai1="63,94,106,11,58,35,78,130,118,68,50,81,93" hai2="77,133,99,116,57,56,22,61,36,30,123,31,17" hai3="72,1,127,103,83,23,33,117,108,52,34,40,14"/><T113/><D104/><U4/><E68/><V62/><F123/><W42/><G108/><T122/><D32/><U27/><E106/><V0/><F36/><W49/><G117/><T9/><D122/><U101/><E118/><V65/><F0/><W85/><G1/><T74/><D74/><U73/><E101/><V82/><F116/><W114/><G72/><T75/><D75/><U41/><E130/><V8/><F8/><W51/><G127/><T2/><D2/><U5/><E5/><V53/><F99/><W125/><G125/><T55/><D124/><U119/><E119/><V39/><F39/><W59/><G114/><T96/><D129/><U20/><E35/><V98/><F98/><W46/><G103/><N who="0" m="60807" /><D71/><U45/><E11/><V12/><REACH who="2" step="1"/><F133/><REACH who="2" ten="370,218,223,179" step="2"/><W15/><G40/><T115/><D134/><U18/><REACH who="1" step="1"/><E4/><REACH who="1" ten="370,208,223,179" step="2"/><V60/><F60/><W10/><G10/><T110/><D115/><U37/><E37/><V76/><F76/><N who="3" m="46311" /><G33/><T47/><D113/><U29/><E29/><V89/><F89/><W135/><G34/><T126/><D126/><U121/><E121/><V66/><F66/><AGARI ba="3,2" hai="18,20,27,41,45,50,58,63,66,73,78,81,93,94" machi="66" ten="30,8000,1" yaku="1,1,7,1,52,2,53,1" doraHai="88" doraHaiUra="79" who="1" fromWho="2" sc="370,0,208,109,223,-89,179,0" /><INIT seed="5,0,0,5,2,48" ten="370,317,134,179" oya="1" hai0="68,125,132,72,109,100,69,42,82,37,38,124,76" hai1="102,111,33,12,103,60,97,8,6,18,120,115,56" hai2="35,112,108,99,127,66,135,78,116,129,90,32,77" hai3="91,10,7,23,39,110,3,47,67,83,29,31,92"/><U107/><E120/><V1/><F66/><W101/><G110/><T96/><D109/><U57/><E111/><V75/><F90/><W22/><G67/><T50/><D50/><U53/><E115/><V9/><F99/><W70/><G70/><N who="0" m="27243" /><D132/><U55/><E103/><V5/><F77/><W126/><G126/><N who="0" m="48747" /><D42/><U28/><E33/><V131/><F78/><W54/><G39/><T113/><D113/><U46/><E28/><V98/><F98/><W93/><G31/><T24/><D24/><U123/><E123/><V34/><F75/><W59/><G29/><T14/><D14/><U64/><E46/><V105/><F127/><W74/><G47/><T80/><D80/><U122/><E122/><V4/><F135/><W63/><G74/><T41/><D41/><U128/><E128/><V104/><F112/><W15/><G3/><T106/><AGARI ba="0,0" hai="37,38,72,76,82,96,100,106" m="48747,27243" machi="106" ten="30,2000,0" yaku="18,1,23,1" doraHai="48" who="0" fromWho="0" sc="370,20,317,-10,134,-5,179,-5" /><INIT seed="6,0,0,2,4,83" ten="390,307,129,174" oya="2" hai0="87,115,56,80,75,97,33,5,38,135,37,104,124" hai1="117,65,89,99,23,68,50,12,114,2,86,73,113" hai2="74,70,90,84,20,69,116,105,11,49,72,123,24" hai3="133,100,26,4,106,57,39,58,63,29,130,34,27"/><V98/><F123/><W103/><G133/><T22/><D33/><U121/><E73/><V88/><F116/><W7/><G27/><T85/><D75/><U44/><E117/><V60/><F11/><W111/><G111/><T55/><D97/><U42/><E2/><V92/><F49/><W94/><G39/><T53/><D104/><U54/><E121/><V45/><F45/><W6/><G130/><T128/><D5/><U126/><E126/><V35/><F35/><W25/><G25/><T120/><D22/><U14/><E99/><V93/><F105/><W59/><G106/><T119/><D80/><U132/><E132/><V64/><REACH who="2" step="1"/><F70/><REACH who="2" ten="390,307,119,174" step="2"/><W17/><G34/><T125/><D119/><U77/><E50/><V13/><F13/><W96/><G6/><T47/><D47/><U107/><E44/><V10/><F10/><W0/><G7/><T82/><D120/><U18/><E107/><V134/><F134/><W102/><G0/><T40/><D135/><U122/><E14/><V109/><F109/><W76/><G4/><T36/><D36/><U9/><E12/><V31/><AGARI ba="0,1" hai="20,24,31,60,64,69,72,74,84,88,90,92,93,98" machi="31" ten="20,12000,1" yaku="1,1,0,1,7,1,52,1,54,1,53,0" doraHai="83" doraHaiUra="129" who="2" fromWho="2" sc="390,-40,307,-40,119,130,174,-40" /><INIT seed="6,1,0,0,1,111" ten="350,267,249,134" oya="2" hai0="36,73,39,115,99,131,87,133,81,57,108,54,71" hai1="107,100,132,28,56,70,55,109,29,6,47,95,105" hai2="93,14,37,66,65,17,106,52,127,12,33,103,5" hai3="0,7,40,117,50,72,10,130,63,126,122,22,2"/><V135/><F37/><W58/><G117/><T85/><D71/><U88/><E109/><V31/><F106/><W124/><G122/><T62/><D73/><U67/><E70/><V89/><F103/><W129/><G72/><T125/><D87/><U96/><E132/><V49/><F135/><W41/><G2/><T116/><D133/><U119/><E119/><V25/><F5/><W45/><G22/><T110/><D116/><U11/><E67/><V120/><F127/><W23/><G23/><T53/><D54/><U83/><E47/><V4/><F4/><W44/><G126/><T90/><D125/><U123/><E83/><V15/><F17/><W24/><G24/><T13/><D13/><U91/><E123/><V118/><F118/><W35/><G35/><T9/><D9/><U77/><E77/><V38/><F38/><W101/><G101/><T86/><D86/><U19/><E19/><V30/><F30/><N who="1" m="11881" /><E107/><V16/><F16/><W114/><G124/><T43/><D39/><U68/><E68/><V42/><F42/><W20/><G20/><T134/><D43/><U18/><E6/><V102/><F102/><W64/><G44/><T79/><D36/><U112/><E18/><V80/><F80/><W46/><G46/><T78/><D134/><U98/><E11/><V3/><F3/><W69/><G41/><T8/><D8/><U113/><E91/><V27/><F120/><W94/><G69/><T32/><D108/><U1/><E1/><V48/><F27/><W59/><G0/><T60/><D110/><U128/><E128/><V97/><F49/><AGARI ba="1,0" hai="49,55,56,88,95,96,98,100,105,112,113" m="11881" machi="49" ten="30,7700,0" yaku="6,1,52,2,54,1" doraHai="111" who="1" fromWho="2" sc="350,0,267,80,249,-80,134,0" /><INIT seed="7,0,0,4,0,72" ten="350,347,169,134" oya="3" hai0="131,129,126,89,135,26,60,50,21,63,134,108,83" hai1="121,132,27,47,94,112,110,18,35,119,116,58,31" hai2="95,8,37,133,62,103,56,34,88,40,125,49,59" hai3="13,93,4,20,86,122,79,111,123,81,76,52,9"/><W87/><G111/><T2/><D2/><U3/><E110/><V128/><F37/><W61/><G20/><T38/><D38/><U82/><E121/><V7/><F34/><W90/><G122/><T105/><D105/><U0/><E112/><V113/><F113/><W114/><G114/><T115/><D115/><U54/><E132/><N who="0" m="50729" /><D108/><U80/><E94/><V117/><F117/><N who="1" m="45129" /><E47/><N who="2" m="25831" /><F103/><W91/><G123/><T71/><D50/><N who="1" m="31063" /><E18/><V30/><F30/><W74/><G74/><T66/><D63/><U65/><E65/><V127/><F128/><W39/><G39/><T15/><D15/><U100/><E100/><V101/><F101/><W118/><G118/><T12/><D12/><U78/><E82/><V11/><F133/><W77/><G77/><T98/><D126/><U102/><E102/><V106/><F106/><W55/><G55/><T67/><D67/><U96/><E96/><V107/><F107/><W69/><G69/><T57/><D71/><U32/><E35/><V23/><F125/><W19/><G4/><T1/><D1/><U10/><E10/><V97/><F127/><W64/><G64/><T84/><D98/><U43/><E43/><V45/><F8/><W14/><G14/><T104/><D104/><U25/><E27/><V68/><F68/><W41/><G41/><T24/><D24/><U44/><E44/><V48/><F23/><W5/><G5/><T85/><D85/><AGARI ba="0,0" hai="0,3,25,31,32,78,80,85" m="31063,45129" machi="85" ten="30,2000,0" yaku="12,1,52,1" doraHai="72" who="1" fromWho="0" sc="350,-20,347,20,169,0,134,0" owari="330,13.0,367,47.0,169,-23.0,134,-37.0" /></mjloggm>