<mjloggm ver="2.3"><GO type="97" lobby="0"/><UN n0="%E9%A3%9B%E6%9C%AB%E6%AD%A6%E5%BF%97" n1="%73%75%7A%75%6B%65%6E%38" n2="%E3%83%89%E3%82%A4%E3%83%84%E3%81%AE%E6%96%A5%E5%80%99" n3="%E3%82%A6%E3%83%AB%E3%83%88%E3%83%A9%E7%AB%8B%E7%9B%B4" dan="14,15,14,14" rate="1911.33,2057.32,1924.36,1962.04" sx="M,M,M,M"/><TAIKYOKU oya="0"/><INIT seed="0,0,0,2,0,97" ten="250,250,250,250" oya="0" hai0="125,44,20,77,46,36,21,22,19,93,110,34,121" hai1="70,13,100,66,67,130,122,126,135,96,23,102,39" hai2="61,0,58,30,60,69,74,4,129,41,31,113,6" hai3="42,98,32,87,105,27,80,131,81,92,133,35,104"/><T53/><D121/><U40/><E122/><V108/><F113/><W78/><G131/><T9/><D77/><U83/><E130/><V10/><F74/><W33/><G133/><T76/><D76/><U123/><E123/><V115/><F115/><W8/><G42/><T112/><D112/><U47/><E135/><V128/><F108/><W119/><G119/><T17/><D36/><U37/><E126/><V57/><F41/><W82/><G27/><T103/><D34/><U2/><E2/><V49/><F49/><W72/><G8/><T54/><D125/><U107/><E39/><V120/><F120/><W116/><G116/><T24/><D110/><U132/><E132/><V59/><F59/><W14/><G14/><T75/><D75/><U16/><E70/><V7/><F7/><W101/><REACH who="3" step="1"/><G82/><REACH who="3" ten="250,250,250,240" step="2"/><T95/><D9/><U73/><E83/><V12/><F10/><W25/><G25/><T65/><D24/><U79/><E73/><V94/><F12/><W117/><G117/><T84/><D65/><U5/><E5/><V11/><F11/><W62/><G62/><T134/><D134/><U52/><E67/><V109/><F109/><W88/><AGARI ba="0,1" hai="32,33,35,72,78,80,81,87,88,92,98,101,104,105" machi="88" ten="30,8000,1" yaku="1,1,0,1,52,1,54,1,53,1" doraHai="97" doraHaiUra="86" who="3" fromWho="3" sc="250,-40,250,-20,250,-20,240,90" /><INIT seed="1,0,0,5,1,128" ten="210,230,230,330" oya="1" hai0="20,4,104,38,91,72,135,58,80,57,27,31,69" hai1="46,116,100,84,96,76,107,45,118,36,43,9,0" hai2="133,81,13,71,99,44,26,1,35,121,25,101,37" hai3="24,50,109,124,3,95,52,14,126,33,34,94,97"/><U22/><E46/><V122/><F13/><W8/><G3/><T134/><D69/><U12/><E22/><V88/><F26/><W129/><G109/><T64/><D104/><U60/><E60/><V90/><F71/><W110/><G110/><T47/><D4/><U19/><REACH who="1" step="1"/><E0/><REACH who="1" ten="210,220,230,330" step="2"/><V16/><F1/><W5/><G129/><T77/><D47/><U48/><E48/><V82/><F44/><N who="3" m="27719" /><G34/><T63/><D38/><U93/><E93/><V18/><F37/><W85/><G33/><T75/><D58/><U30/><E30/><V120/><F35/><W59/><G59/><T112/><D112/><U130/><E130/><V83/><F25/><W56/><G56/><T21/><D21/><U67/><E67/><V2/><F2/><W119/><G24/><T51/><D51/><U89/><E89/><V61/><F61/><W113/><G113/><T70/><D70/><U117/><E117/><V132/><F88/><N who="3" m="53519" /><G119/><T39/><D39/><U79/><E79/><V123/><F90/><N who="3" m="55543" /><G124/><T102/><D91/><U127/><E127/><V17/><REACH who="2" step="1"/><F123/><REACH who="2" ten="210,220,220,330" step="2"/><W105/><G126/><T106/><REACH who="0" step="1"/><D75/><REACH who="0" ten="200,220,220,330" step="2"/><U115/><E115/><V28/><F28/><W114/><G114/><T87/><D87/><U54/><E54/><V74/><F74/><W49/><G105/><AGARI ba="0,3" hai="16,17,18,81,82,83,99,101,105,120,121,122,132,133" machi="105" ten="50,12000,2" yaku="1,1,29,2,52,2,54,1,53,0" doraHai="128" doraHaiUra="42" who="2" fromWho="3" sc="200,0,220,0,220,150,330,-120" /><INIT seed="2,0,0,3,4,26" ten="200,220,370,210" oya="2" hai0="60,40,114,50,64,11,124,78,74,68,83,116,13" hai1="133,75,96,10,126,135,127,101,86,20,61,27,80" hai2="102,93,94,82,95,125,128,47,23,3,45,79,49" hai3="89,28,43,99,42,18,16,53,104,14,134,29,58"/><V2/><F128/><W37/><G37/><T65/><D114/><U91/><E75/><V46/><F125/><N who="1" m="47625" /><E10/><V110/><F102/><W129/><G129/><T17/><D124/><U117/><E61/><V0/><F110/><W35/><G35/><T59/><D116/><U24/><E117/><V66/><F66/><W30/><G134/><N who="1" m="51210" /><E20/><V72/><REACH who="2" step="1"/><F23/><REACH who="2" ten="200,220,360,210" step="2"/><N who="3" m="11671" /><G104/><AGARI ba="0,1" hai="24,27,80,86,91,96,101,104" m="51210,47625" machi="104" ten="30,2000,0" yaku="18,1,20,1" doraHai="26" who="1" fromWho="3" sc="200,0,220,30,360,0,210,-20" /><INIT seed="3,0,0,2,4,43" ten="200,250,360,190" oya="3" hai0="25,108,135,83,63,94,88,42,95,3,78,92,28" hai1="19,15,107,101,110,38,46,7,12,59,75,16,26" hai2="119,40,122,73,72,5,133,87,29,62,86,47,84" hai3="112,105,56,118,124,22,2,32,77,48,126,134,55"/><W11/><G32/><T113/><D3/><U31/><E75/><V81/><F119/><W121/><G118/><T34/><D108/><U60/><E110/><V106/><F106/><W10/><G121/><T14/><D135/><U111/><E111/><V13/><F29/><W132/><G105/><T125/><D125/><N who="3" m="48233" /><G112/><T51/><D113/><U8/><E101/><V52/><F73/><W27/><G77/><T79/><D63/><U99/><E99/><V49/><F133/><N who="3" m="51307" /><G2/><T96/><D14/><U82/><E82/><V41/><F81/><W61/><G61/><T120/><D120/><U20/><E107/><V37/><F62/><W91/><G91/><T89/><D83/><U45/><E38/><V0/><F37/><W98/><G98/><T1/><D1/><U131/><E131/><V129/><F129/><W58/><G58/><T36/><D36/><U18/><REACH who="1" step="1"/><E15/><REACH who="1" ten="200,240,360,190" step="2"/><V76/><F13/><W23/><G23/><T93/><D96/><U100/><E100/><V97/><F97/><W53/><G53/><AGARI ba="0,1" hai="7,8,12,16,18,19,20,26,31,45,46,53,59,60" machi="53" ten="40,8000,1" yaku="1,1,8,1,52,2,54,1,53,0" doraHai="43" doraHaiUra="109" who="1" fromWho="3" sc="200,0,240,90,360,0,190,-80" owari="200,-20.0,330,13.0,360,46.0,110,-39.0" /></mjloggm>