<mjloggm ver="2.3"><GO type="97" lobby="0"/><UN n0="%E7%B5%82%E9%9B%BB" n1="%E2%80%A6%E4%BC%AF%E5%B8%9D%E2%80%A6" n2="%E8%91%89%E6%9B%B8%E5%90%8D%E7%84%A1%E3%81%97" n3="%E3%82%A6%E3%83%AB%E3%83%88%E3%83%A9%E7%AB%8B%E7%9B%B4" dan="14,15,16,13" rate="1978.86,2014.61,2097.44,1843.39" sx="F,M,M,M"/><TAIKYOKU oya="0"/><INIT seed="0,0,0,5,4,73" ten="250,250,250,250" oya="0" hai0="43,130,25,90,41,15,35,26,129,71,125,27,88" hai1="72,61,57,19,4,83,122,121,34,16,106,75,120" hai2="64,48,123,53,103,59,36,133,69,96,28,135,49" hai3="93,68,80,78,55,114,20,92,101,37,10,82,6"/><T76/><D71/><U38/><E34/><V100/><F123/><W0/><G68/><T24/><D125/><U51/><E106/><V86/><F36/><W17/><G114/><T85/><D15/><U113/><E38/><V119/><F119/><W3/><G3/><T81/><N who="0" m="6144" /><DORA hai="47" /><T115/><D115/><U128/><E113/><V126/><F28/><W102/><G37/><T77/><D35/><U56/><E4/><V97/><F126/><W7/><G0/><T98/><D98/><N who="2" m="37994" /><F86/><N who="3" m="48407" /><G20/><T87/><D129/><U5/><E5/><N who="3" m="1546" /><G82/><N who="0" m="47311" /><D130/><U40/><E128/><V18/><F18/><W9/><G55/><T44/><D44/><U132/><E75/><V109/><F109/><W89/><G17/><T118/><D118/><U91/><E72/><V108/><F108/><W134/><G134/><N who="2" m="51209" /><F69/><W112/><G112/><T124/><D124/><U54/><E132/><V127/><F127/><W30/><G30/><T8/><D8/><N who="3" m="3177" /><G89/><AGARI ba="0,0" hai="41,43,76,81,87,88,89,90" m="47311,6144" machi="89" ten="40,12000,1" yaku="8,1,52,2,54,1" doraHai="73,47" who="0" fromWho="3" sc="250,120,250,0,250,0,250,-120" /><INIT seed="0,1,0,5,5,2" ten="370,250,250,130" oya="0" hai0="100,48,60,38,89,12,6,135,31,70,25,66,53" hai1="99,92,67,14,79,101,65,61,90,133,122,127,37" hai2="113,95,33,34,54,129,98,111,80,45,73,109,10" hai3="21,74,121,110,52,102,69,94,128,86,105,35,46"/><T4/><D38/><U131/><E122/><V50/><F113/><W88/><G35/><T134/><D100/><U132/><E37/><V108/><F129/><W28/><G69/><T112/><D112/><U123/><E123/><V117/><F117/><W75/><G121/><T126/><D12/><U3/><E3/><V56/><F10/><W27/><G128/><T125/><D89/><U58/><E131/><V0/><F0/><W20/><G110/><T17/><D17/><U85/><E127/><N who="0" m="48649" /><D53/><U49/><E49/><V55/><F80/><W96/><REACH who="3" step="1"/><G21/><REACH who="3" ten="370,250,250,120" step="2"/><N who="0" m="15791" /><D48/><AGARI ba="1,1" hai="20,27,28,46,48,52,74,75,86,88,94,96,102,105" machi="48" ten="40,5200,0" yaku="1,1,54,2,53,0" doraHai="2" doraHaiUra="62" who="3" fromWho="0" sc="370,-55,250,0,250,0,120,65" /><INIT seed="1,0,0,4,2,117" ten="315,250,250,185" oya="1" hai0="48,116,40,81,93,45,124,130,92,73,115,50,42" hai1="33,15,104,75,60,105,53,9,97,5,49,19,70" hai2="125,95,79,35,16,74,38,2,55,119,132,114,3" hai3="46,37,113,109,86,111,44,123,65,32,23,67,112"/><U58/><E33/><V76/><F119/><W24/><G86/><T108/><D115/><N who="3" m="44105" /><G32/><T36/><D116/><U64/><E75/><V82/><F114/><W56/><G23/><T63/><D130/><U66/><E64/><N who="3" m="24650" /><G24/><T100/><D124/><U110/><E110/><N who="3" m="41994" /><G37/><T122/><D108/><U21/><REACH who="1" step="1"/><E97/><REACH who="1" ten="315,240,250,185" step="2"/><V6/><F35/><W47/><G56/><T85/><D73/><U77/><E77/><V4/><F76/><W20/><G20/><T68/><D68/><U131/><E131/><V129/><F79/><W61/><G61/><T83/><D85/><U87/><E87/><V94/><F74/><W10/><G10/><T29/><D29/><U84/><E84/><V91/><F129/><W126/><G126/><T11/><D11/><U14/><AGARI ba="0,1" hai="5,9,14,15,19,21,49,53,58,60,66,70,104,105" machi="14" ten="20,3900,0" yaku="1,1,0,1,7,1,53,0" doraHai="117" doraHaiUra="118" who="1" fromWho="1" sc="315,-13,240,49,250,-13,185,-13" /><INIT seed="1,1,0,1,3,60" ten="302,289,237,172" oya="1" hai0="27,103,88,94,79,95,38,101,2,13,28,68,26" hai1="37,33,40,131,31,5,113,105,48,107,82,99,8" hai2="24,128,35,90,11,116,29,1,129,30,44,25,62" hai3="4,92,20,66,85,84,18,49,91,61,114,100,41"/><U78/><E113/><V45/><F116/><W74/><G74/><T77/><D68/><U3/><E48/><V57/><F90/><W65/><G114/><T126/><D2/><U112/><E112/><V80/><F80/><W89/><G100/><N who="0" m="38475" /><D38/><U115/><E99/><V64/><F11/><W135/><G135/><T47/><D47/><N who="1" m="23951" /><E131/><N who="2" m="50251" /><F1/><W58/><G4/><T17/><D126/><U120/><E120/><V32/><AGARI ba="1,0" hai="24,25,29,30,32,35,44,45,57,62,64" m="50251" machi="32" ten="30,2000,0" yaku="19,1,52,1" doraHai="60" who="2" fromWho="2" sc="302,-6,289,-11,237,23,172,-6" /><INIT seed="2,0,0,4,0,134" ten="296,278,260,166" oya="2" hai0="33,120,81,68,80,110,103,128,22,58,99,51,38" hai1="89,20,55,43,42,44,112,104,85,127,26,88,117" hai2="1,98,54,82,93,87,79,69,3,8,56,97,4" hai3="36,122,29,84,41,53,83,14,86,23,52,131,106"/><V35/><F35/><W25/><G122/><T60/><D120/><U74/><E127/><V28/><F28/><W125/><G106/><T11/><D33/><U21/><E104/><V5/><F69/><W62/><G131/><T48/><D38/><U7/><E74/><V15/><F5/><W109/><G109/><T0/><D110/><U76/><E117/><V111/><F111/><W95/><G125/><T9/><D68/><U126/><E112/><V114/><F114/><W96/><G41/><N who="1" m="15370" /><E7/><V27/><F27/><W115/><G36/><T116/><D22/><N who="1" m="8811" /><E26/><V61/><REACH who="2" step="1"/><F98/><REACH who="2" ten="296,278,250,166" step="2"/><W72/><G115/><T64/><D128/><U124/><E124/><V13/><F13/><W119/><G119/><T6/><D116/><U18/><E126/><V129/><F129/><W121/><G121/><T133/><D133/><U102/><E18/><V31/><F31/><W70/><G14/><T32/><D32/><U34/><E34/><V66/><F66/><W108/><G108/><T77/><D9/><U39/><E39/><V90/><AGARI ba="0,1" hai="1,3,4,8,15,54,56,61,79,82,87,90,93,97" machi="90" ten="20,7800,0" yaku="1,1,0,1,7,1,53,1" doraHai="134" doraHaiUra="10" who="2" fromWho="2" sc="296,-26,278,-26,250,88,166,-26" /><INIT seed="2,1,0,1,4,95" ten="270,252,338,140" oya="2" hai0="132,43,104,89,78,134,125,85,128,84,93,12,17" hai1="64,72,4,23,56,99,48,65,49,53,135,32,0" hai2="22,16,79,90,47,127,31,105,19,66,123,70,100" hai3="20,42,117,86,24,76,52,9,81,88,91,18,29"/><V63/><F123/><W69/><G69/><T36/><D104/><U6/><E135/><N who="0" m="51753" /><D36/><U75/><E32/><V113/><F127/><W34/><G117/><T30/><D30/><U7/><E0/><V57/><F113/><W25/><G42/><T107/><D107/><U35/><E35/><V114/><F114/><W83/><G9/><N who="0" m="6287" /><D43/><U8/><E8/><V21/><F79/><W59/><REACH who="3" step="1"/><G83/><REACH who="3" ten="270,252,338,130" step="2"/><N who="0" m="47223" /><D128/><U60/><E72/><V67/><F70/><W131/><G131/><T45/><D125/><U26/><E75/><V116/><F116/><W102/><G102/><T40/><D40/><U37/><E37/><V98/><F100/><W2/><G2/><T119/><D119/><U77/><E77/><V124/><F124/><W110/><G110/><T28/><D45/><U11/><E11/><V1/><F47/><W96/><G96/><T133/><D133/><U46/><E99/><V44/><F98/><W82/><G82/><T120/><D120/><U106/><E46/><V111/><F1/><W13/><G13/><T92/><D93/><U10/><E10/><V130/><F44/><W87/><G87/><T108/><D108/><U71/><E106/><V58/><F105/><W126/><G126/><T38/><D92/><U115/><E115/><V73/><F111/><W39/><G39/><T3/><D38/><U101/><E101/><V50/><F130/><W121/><G121/><T68/><D68/><U5/><E71/><V55/><F73/><W112/><G112/><T61/><D3/><U51/><N who="1" m="1536" /><DORA hai="14" /><U27/><E27/><V129/><F129/><W54/><G54/><RYUUKYOKU ba="1,1" sc="270,-15,252,15,338,-15,130,15" hai1="23,26,48,49,51,53,56,60,64,65" hai3="18,20,24,25,29,34,52,59,76,81,86,88,91" /><INIT seed="3,2,1,4,5,56" ten="255,267,323,145" oya="3" hai0="2,99,66,102,115,9,3,16,76,93,52,13,82" hai1="6,22,128,37,14,107,65,46,98,122,85,109,110" hai2="89,97,44,1,108,134,26,7,31,70,0,42,34" hai3="119,61,23,28,36,24,117,73,48,30,18,74,92"/><W55/><G36/><T126/><D126/><U78/><E122/><V49/><F70/><W32/><G74/><T91/><D115/><U127/><E127/><V100/><F134/><W80/><G30/><T62/><D52/><U103/><E65/><V47/><F108/><W45/><G92/><T43/><D43/><U67/><E67/><V116/><F7/><W88/><G61/><T20/><D102/><U124/><E124/><V63/><F116/><W15/><REACH who="3" step="1"/><G73/><REACH who="3" ten="255,267,323,135" step="2"/><T125/><D125/><U111/><E110/><V27/><F63/><W58/><G58/><T41/><D41/><U114/><E111/><V81/><F31/><W38/><G38/><T11/><D3/><U131/><E109/><V104/><F42/><W50/><G50/><T68/><REACH who="0" step="1"/><D2/><REACH who="0" ten="245,267,323,135" step="2"/><U101/><E37/><V17/><F0/><W71/><G71/><T21/><D21/><U4/><E22/><V72/><F1/><W94/><G94/><T79/><D79/><U5/><E78/><V60/><F60/><W86/><AGARI ba="2,3" hai="15,18,23,24,28,32,45,48,55,80,86,88,117,119" machi="86" ten="30,6000,0" yaku="1,1,0,1,54,1,53,0" doraHai="56" doraHaiUra="118" who="3" fromWho="3" sc="245,-22,267,-22,323,-22,135,96" /><INIT seed="3,3,0,0,0,73" ten="223,245,301,231" oya="3" hai0="7,107,52,72,133,95,86,15,0,47,102,41,68" hai1="77,17,93,78,59,11,9,70,32,85,92,28,117" hai2="101,118,98,127,16,49,129,65,69,88,83,115,26" hai3="82,96,116,1,66,56,128,71,29,2,135,62,4"/><W104/><G116/><T21/><D72/><U18/><E70/><V55/><F118/><W113/><G113/><T121/><D121/><U35/><E117/><V103/><F115/><W105/><G128/><T50/><D68/><U84/><E59/><V90/><F127/><W13/><G135/><T109/><D133/><U44/><REACH who="1" step="1"/><E28/><REACH who="1" ten="223,235,301,231" step="2"/><V94/><F69/><W25/><G56/><T89/><D109/><U10/><E10/><V87/><F129/><W130/><G130/><T20/><D0/><U37/><E37/><V122/><F122/><W134/><G134/><T120/><D120/><U119/><E119/><V27/><F65/><W54/><G2/><T46/><D47/><AGARI ba="3,1" hai="9,11,17,18,32,35,44,47,77,78,84,85,92,93" machi="47" ten="25,8000,1" yaku="1,1,22,2,52,2,53,0" doraHai="73" doraHaiUra="8" who="1" fromWho="0" sc="223,-89,235,99,301,0,231,0" owari="134,-37.0,334,44.0,301,10.0,231,-17.0" /></mjloggm>