<mjloggm ver="2.3"><GO type="41" lobby="0"/><UN n0="%E5%B0%B1%E6%B4%BB%E7%94%9F%40%E5%B7%9D%E6%9D%91%E8%BB%8D%E5%9B%A3" n1="%E8%BF%B7%E6%8E%A2%E5%81%B5%E3%82%B3%E3%83%8A%E3%83%BC%E3%83%B3" n2="%E3%81%86%E3%81%83%E3%83%BC%E3%81%A1%E3%82%83%E3%82%93" n3="%6A%69%7A%6F%75" dan="14,14,13,14" rate="1943.06,1984.57,2068.61,1950.34" sx="M,M,M,M"/><TAIKYOKU oya="0"/><INIT seed="0,0,0,5,0,127" ten="250,250,250,250" oya="0" hai0="43,106,60,32,61,78,97,8,70,10,12,16,103" hai1="104,67,50,116,31,135,44,102,126,14,56,25,114" hai2="87,9,115,49,23,22,2,120,55,107,52,68,101" hai3="45,73,94,83,82,13,26,59,109,33,24,6,123"/><T112/><D112/><U21/><E116/><V7/><F120/><W119/><G119/><T27/><D43/><U34/><E126/><V134/><F115/><W121/><G6/><T63/><D78/><U4/><E114/><V80/><F134/><W130/><G13/><T37/><D37/><U46/><E135/><V93/><F68/><W122/><G45/><T118/><D118/><U65/><E46/><V18/><F107/><W100/><G109/><T99/><D99/><U90/><E56/><V1/><F1/><W62/><G73/><T0/><D0/><U41/><E104/><V15/><F23/><W75/><G75/><T79/><D79/><U84/><E102/><V111/><F111/><W30/><G24/><T36/><D10/><N who="1" m="4423" /><E34/><V128/><F128/><W117/><G130/><T51/><D36/><U86/><E86/><V129/><F129/><W29/><G29/><N who="0" m="19519" /><D51/><U39/><E39/><V48/><F48/><W125/><G125/><T69/><D69/><U11/><E11/><V71/><F71/><W77/><G77/><T20/><D8/><U40/><E40/><V5/><F5/><W88/><G100/><T17/><D17/><U91/><E91/><V35/><F35/><W58/><G117/><T113/><D113/><U89/><E89/><V54/><F49/><W72/><G72/><T132/><D132/><U3/><E3/><V98/><REACH who="2" step="1"/><F55/><REACH who="2" ten="250,250,240,250" step="2"/><N who="3" m="34143" /><G59/><T81/><D70/><U85/><E85/><AGARI ba="0,1" hai="26,30,33,82,83,85,88,94,121,122,123" m="34143" machi="85" ten="30,2000,0" yaku="13,1,54,1" doraHai="127" who="3" fromWho="1" sc="250,0,250,-20,240,0,250,30" /><INIT seed="1,0,0,3,2,63" ten="250,230,240,280" oya="1" hai0="96,41,82,39,123,29,55,14,72,57,71,58,51" hai1="50,0,75,89,80,97,110,114,20,18,88,99,127" hai2="118,64,43,30,98,133,46,86,126,2,132,93,8" hai3="11,122,121,131,67,124,23,42,49,83,53,92,129"/><U45/><E0/><V102/><F118/><W38/><G83/><T62/><D123/><U65/><E114/><V7/><F126/><W100/><G124/><T26/><D71/><U77/><E127/><V76/><F30/><W19/><G11/><T21/><D39/><U79/><E110/><V101/><F101/><W10/><G10/><T28/><D96/><U115/><E115/><V52/><F64/><W12/><G42/><T40/><D28/><U54/><E79/><V35/><F35/><W13/><G38/><T112/><D112/><U32/><E32/><V113/><F113/><W16/><G92/><T130/><D130/><N who="3" m="49673" /><G100/><T60/><D51/><U74/><E74/><V15/><F2/><W81/><G81/><T56/><D56/><U108/><E108/><V134/><F52/><W34/><G34/><T47/><D47/><U17/><E17/><V106/><F76/><W48/><G67/><T90/><D14/><U27/><E65/><V6/><F6/><W25/><G25/><T68/><D68/><U59/><E45/><V94/><REACH who="2" step="1"/><F86/><REACH who="2" ten="250,230,230,280" step="2"/><W119/><G119/><T36/><D72/><U128/><E128/><V105/><F105/><W61/><G122/><T109/><D109/><U24/><REACH who="1" step="1"/><E27/><REACH who="1" ten="250,220,230,280" step="2"/><V33/><F33/><W135/><G121/><T91/><D26/><U116/><E116/><V103/><F103/><W111/><G111/><T87/><D36/><AGARI ba="0,2" hai="7,8,15,36,43,46,93,94,98,102,106,132,133,134" machi="36" ten="40,2600,0" yaku="1,1,20,1,53,0" doraHai="63" doraHaiUra="22" who="2" fromWho="0" sc="250,-26,220,0,230,46,280,0" /><INIT seed="2,0,0,1,2,107" ten="224,220,276,280" oya="2" hai0="49,76,23,112,84,132,131,73,105,97,63,71,25" hai1="133,104,21,4,115,113,17,72,38,82,102,77,125" hai2="100,55,130,86,126,99,122,12,96,33,28,10,18" hai3="41,118,56,87,7,116,120,109,101,29,103,95,30"/><V64/><F122/><W61/><G120/><T128/><D112/><U129/><E38/><V98/><F126/><W135/><G41/><T47/><D132/><U19/><E125/><V74/><F130/><N who="0" m="49706" /><D84/><U65/><E129/><V37/><F64/><W85/><G135/><T52/><D71/><U91/><E133/><V6/><F37/><W1/><G7/><T16/><D63/><U8/><E19/><V93/><F74/><W13/><G1/><T134/><D134/><U117/><E117/><V53/><F33/><W44/><G44/><T40/><D97/><U127/><E127/><V80/><F28/><W78/><G13/><T36/><D105/><U88/><E65/><V106/><F6/><W69/><G69/><T39/><D40/><U81/><E102/><V32/><F32/><W54/><G109/><T114/><D114/><U58/><E104/><V119/><F119/><W22/><G118/><T46/><D46/><U123/><E123/><V79/><F106/><W5/><G5/><T60/><D60/><U2/><E58/><V43/><F43/><W15/><G116/><T9/><D9/><U20/><E20/><V31/><F31/><N who="3" m="11787" /><G78/><T90/><D90/><U124/><E124/><V75/><REACH who="2" step="1"/><F100/><REACH who="2" ten="224,220,266,280" step="2"/><N who="3" m="38475" /><G95/><T11/><D11/><U94/><E82/><AGARI ba="0,1" hai="16,23,25,36,39,47,49,52,73,76,82" m="49706" machi="82" ten="30,7700,0" yaku="19,1,52,1,54,2" doraHai="107" who="0" fromWho="1" sc="224,87,220,-77,266,0,280,0" /><INIT seed="3,0,0,3,2,79" ten="311,143,266,280" oya="3" hai0="64,55,101,72,1,4,28,54,131,11,121,18,52" hai1="109,78,59,21,94,9,29,82,35,119,92,98,110" hai2="95,87,81,65,74,38,77,25,84,89,15,36,53" hai3="71,20,30,116,130,112,69,2,26,14,12,108,3"/><W96/><G116/><T93/><D121/><U48/><E119/><V39/><F65/><W104/><G130/><T33/><D131/><U70/><E70/><V117/><F117/><W114/><G104/><T42/><D72/><U67/><E35/><V133/><F133/><W88/><G108/><T63/><D42/><U118/><E118/><V106/><F106/><W57/><G71/><T97/><D18/><U83/><E9/><V134/><F134/><W6/><G69/><T85/><D85/><U31/><E78/><V27/><F74/><W46/><G46/><T125/><D125/><U60/><E48/><V124/><F124/><W51/><G2/><T5/><D5/><U24/><E31/><V45/><REACH who="2" step="1"/><F15/><REACH who="2" ten="311,143,256,280" step="2"/><W17/><G3/><T58/><D33/><U91/><REACH who="1" step="1"/><E94/><REACH who="1" ten="311,133,256,280" step="2"/><V80/><F80/><AGARI ba="0,2" hai="21,24,29,59,60,67,80,82,83,91,92,98,109,110" machi="80" ten="40,8000,1" yaku="1,1,2,1,52,3,53,0" doraHai="79" doraHaiUra="47" who="1" fromWho="2" sc="311,0,133,100,256,-80,280,0" /><INIT seed="4,0,0,5,5,18" ten="311,233,176,280" oya="0" hai0="70,126,133,37,0,10,131,25,96,67,9,79,108" hai1="95,42,112,106,3,19,104,44,36,82,101,14,26" hai2="45,132,2,5,90,110,13,59,55,78,32,113,81" hai3="53,91,60,46,30,64,68,75,117,50,54,119,124"/><T35/><D37/><U128/><E3/><V88/><F113/><W21/><G75/><T71/><D79/><U29/><E112/><V97/><F110/><W22/><G30/><T66/><D126/><U121/><E121/><V17/><F32/><W102/><G102/><T109/><D131/><U39/><E39/><V120/><F132/><W89/><G124/><T86/><D133/><U73/><E128/><V87/><F120/><W74/><G74/><T62/><D96/><U134/><E134/><V15/><F45/><W111/><G111/><N who="0" m="42571" /><D0/><U8/><E73/><V61/><F2/><W94/><G91/><T27/><D86/><U84/><E95/><V52/><F55/><W69/><G69/><N who="0" m="26123" /><D62/><U93/><E93/><V43/><F43/><W115/><G115/><T80/><D80/><U34/><E101/><V116/><F116/><W77/><G77/><AGARI ba="0,0" hai="8,14,19,26,29,34,36,42,44,77,82,84,104,106" machi="77" ten="30,1000,0" yaku="7,1" doraHai="18" who="1" fromWho="3" sc="311,0,233,10,176,0,280,-10" /><INIT seed="5,0,0,0,5,57" ten="311,243,176,270" oya="1" hai0="41,92,123,45,88,54,49,87,9,44,125,113,114" hai1="94,29,66,76,124,39,5,104,77,16,19,46,24" hai2="10,50,12,133,83,84,119,98,132,20,34,127,107" hai3="65,126,130,52,122,51,40,3,58,129,63,56,108"/><U2/><E104/><V27/><F34/><W89/><G3/><T11/><D123/><U112/><E112/><V78/><F119/><W73/><G73/><T82/><D125/><U14/><E124/><V71/><F71/><W95/><G126/><T109/><D109/><U75/><E75/><V62/><F127/><W121/><G40/><T0/><D0/><U81/><E2/><V115/><F50/><W13/><G13/><T72/><D72/><U15/><E39/><V105/><F115/><N who="0" m="44042" /><D82/><U36/><E36/><AGARI ba="0,0" hai="9,11,36,41,44,45,49,54,87,88,92" m="44042" machi="36" ten="30,2000,0" yaku="15,1,54,1" doraHai="57" who="0" fromWho="1" sc="311,20,243,-20,176,0,270,0" /><INIT seed="6,0,0,3,2,10" ten="331,223,176,270" oya="2" hai0="43,123,22,61,126,27,36,39,42,106,2,120,31" hai1="103,129,34,91,9,7,111,119,118,102,88,11,45" hai2="128,28,8,108,18,33,127,12,63,112,74,62,35" hai3="4,32,81,44,107,68,90,15,99,75,78,59,93"/><V26/><F74/><W80/><G68/><T101/><D2/><U125/><E34/><V71/><F108/><W76/><G32/><T14/><D126/><U67/><E125/><V0/><F127/><W134/><G134/><T97/><D61/><U37/><E111/><V79/><F128/><W23/><G44/><T109/><D109/><U114/><E129/><V40/><F79/><W47/><G47/><T65/><D65/><U98/><E45/><V53/><F40/><W86/><G107/><T70/><D70/><U46/><E46/><V72/><F72/><W66/><G66/><T116/><D116/><U105/><E67/><V13/><F112/><W122/><G59/><T17/><D42/><U19/><E114/><V124/><F124/><W113/><G113/><T100/><D100/><U41/><E41/><V30/><F71/><W24/><G122/><T115/><D115/><U117/><E37/><V57/><F0/><W60/><G60/><T49/><D49/><U84/><E103/><V51/><REACH who="2" step="1"/><F13/><REACH who="2" ten="331,223,166,270" step="2"/><W83/><G75/><T29/><D43/><U21/><E7/><V16/><F16/><N who="3" m="12391" /><G76/><T54/><D39/><U55/><E55/><V58/><F58/><W94/><G4/><T69/><D36/><U133/><E133/><V56/><F56/><W5/><G5/><T38/><D38/><U89/><REACH who="1" step="1"/><E84/><REACH who="1" ten="331,213,166,270" step="2"/><V130/><F130/><W64/><G64/><T52/><D123/><U132/><E132/><V6/><F6/><W73/><G73/><T77/><D120/><U121/><E121/><V1/><F1/><W85/><G86/><T82/><D69/><RYUUKYOKU ba="0,2" sc="331,-15,213,15,166,15,270,-15" hai1="9,11,19,21,88,89,91,98,102,105,117,118,119" hai2="8,12,18,26,28,30,33,35,51,53,57,62,63" /><INIT seed="6,1,2,5,1,73" ten="316,228,181,255" oya="2" hai0="128,76,38,27,82,70,29,10,47,5,41,24,42" hai1="87,18,133,125,71,85,4,43,11,7,2,115,64" hai2="8,111,100,99,118,79,49,123,0,15,75,23,59" hai3="21,68,126,109,48,57,60,17,6,90,12,30,33"/><V80/><F118/><W50/><G68/><T46/><D128/><U95/><E115/><V25/><F111/><W28/><G109/><T117/><D70/><U20/><E7/><V65/><F123/><W45/><G126/><T107/><D107/><U114/><E125/><V13/><F0/><W91/><G6/><T110/><D110/><U119/><E114/><V134/><F134/><W19/><G19/><T66/><D66/><U130/><E119/><V121/><F121/><W34/><G34/><T103/><D103/><U37/><E130/><V101/><F8/><W53/><G48/><T112/><D29/><N who="3" m="11369" /><G33/><T102/><D102/><U89/><E133/><V39/><F39/><W122/><G122/><T135/><D135/><U16/><E18/><V54/><F65/><AGARI ba="1,2" hai="12,17,21,45,50,53,57,60,65,90,91" m="11369" machi="65" ten="30,1000,0" yaku="8,1" doraHai="73" who="3" fromWho="2" sc="316,0,228,0,181,-13,255,33" /><INIT seed="7,0,0,3,1,47" ten="316,228,168,288" oya="3" hai0="123,35,134,99,38,131,121,15,31,126,65,109,128" hai1="104,21,116,8,64,101,133,120,117,66,105,11,94" hai2="2,92,36,82,110,24,59,16,23,25,100,86,41" hai3="69,71,57,107,22,76,72,46,75,58,112,63,7"/><W6/><G107/><N who="1" m="41034" /><E21/><V39/><F110/><W90/><G46/><T5/><D38/><U32/><E101/><V14/><F2/><W84/><G112/><T96/><D109/><U12/><E94/><V70/><F70/><W124/><G124/><T1/><D1/><U115/><E12/><V9/><F59/><W26/><G58/><T17/><D134/><U89/><E120/><N who="0" m="46153" /><D5/><U42/><E42/><V79/><F41/><W18/><G71/><T125/><D65/><N who="1" m="25195" /><E133/><V33/><F33/><W43/><G69/><T87/><D87/><U60/><E60/><V53/><F53/><W73/><G43/><T10/><D31/><U0/><E0/><V55/><F55/><W103/><G103/><T91/><D17/><U61/><E61/><V111/><F111/><W114/><G114/><T44/><D35/><U29/><E32/><V67/><F67/><W83/><G57/><T13/><D44/><U122/><E115/><V98/><REACH who="2" step="1"/><F25/><REACH who="2" ten="316,228,158,288" step="2"/><W40/><G40/><T130/><D125/><U119/><E122/><V68/><F68/><W48/><G63/><T56/><D126/><U3/><E3/><V51/><F51/><W135/><G48/><T102/><D56/><U28/><E89/><V88/><F88/><W52/><G52/><T129/><D91/><U80/><E80/><V30/><AGARI ba="0,1" hai="9,14,16,23,24,30,36,39,79,82,86,92,98,100" machi="30" ten="20,8000,1" yaku="1,1,0,1,7,1,54,1,53,1" doraHai="47" doraHaiUra="78" who="2" fromWho="2" sc="316,-20,228,-20,158,90,288,-40" /><INIT seed="8,0,0,1,2,42" ten="296,208,248,248" oya="0" hai0="12,101,89,39,123,14,98,15,13,126,114,47,93" hai1="58,62,28,63,52,110,96,84,18,106,32,44,78" hai2="26,100,7,9,48,80,35,135,31,23,56,25,57" hai3="86,61,82,91,46,102,54,1,0,92,95,113,88"/><T16/><D123/><U43/><E110/><V4/><F135/><W17/><G113/><T87/><D114/><U85/><E32/><V41/><F100/><W40/><G102/><T8/><D126/><U11/><E106/><V117/><F117/><W74/><G17/><T59/><D59/><U105/><E105/><V107/><F107/><W116/><G116/><T64/><D64/><U124/><E124/><V6/><F9/><W121/><G121/><T5/><D39/><U3/><E28/><V97/><F97/><W34/><G34/><T128/><D128/><U69/><E96/><V131/><F131/><W45/><G74/><T132/><D47/><N who="3" m="17929" /><G40/><T51/><D51/><N who="1" m="27039" /><E3/><V130/><F48/><W83/><G0/><T122/><D122/><U29/><E29/><V127/><F41/><W24/><G1/><T112/><D112/><U119/><E119/><V90/><F127/><W115/><G24/><T50/><D132/><U65/><E69/><V134/><F130/><W53/><G115/><T68/><D50/><N who="1" m="30999" /><E65/><V55/><F134/><W21/><G21/><N who="0" m="11399" /><D68/><U103/><E103/><V76/><F35/><W19/><G19/><T118/><D118/><U60/><E78/><V79/><F79/><W38/><G38/><T120/><D120/><U111/><E111/><V99/><F76/><W129/><G129/><T104/><D104/><U37/><E37/><V77/><F77/><W81/><G61/><N who="1" m="15618" /><U125/><DORA hai="75" /><E125/><V70/><F70/><W2/><G2/><T30/><D30/><U108/><E108/><V33/><F31/><W73/><G73/><T36/><D36/><RYUUKYOKU ba="0,0" sc="296,10,208,10,248,-30,248,10" hai0="5,8,13,14,15,87,89,93,98,101" hai1="11,18,84,85" hai3="53,54,81,82,83,86,88,91,92,95" owari="306,40.0,218,-18.0,218,-28.0,258,6.0" /></mjloggm>