<mjloggm ver="2.3"><GO type="97" lobby="0"/><UN n0="%6D%75%6E%6D%75%6E%63%68" n1="%79%61%6D%61%33%32%31%35" n2="%E3%82%B5%E3%83%B3%E3%83%9E%E9%81%93%E6%A5%BD%E4%BC%9A%E9%95%B7" n3="%E3%82%A6%E3%83%AB%E3%83%88%E3%83%A9%E7%AB%8B%E7%9B%B4" dan="14,13,13,13" rate="1928.91,1849.29,1869.27,1909.56" sx="M,M,M,M"/><TAIKYOKU oya="0"/><INIT seed="0,0,0,5,4,101" ten="250,250,250,250" oya="0" hai0="62,79,45,54,127,115,51,47,96,8,46,111,13" hai1="63,31,86,72,122,1,77,64,130,97,68,55,36" hai2="27,105,112,48,81,69,104,17,126,35,90,44,14" hai3="33,24,114,132,32,80,91,0,107,82,60,95,23"/><T9/><D115/><U53/><E122/><V99/><F69/><W89/><G0/><T83/><D127/><U10/><E72/><V76/><F126/><W123/><G114/><T3/><D111/><U84/><E130/><V88/><F112/><W29/><G123/><T129/><D129/><U21/><E36/><V119/><F119/><W42/><G132/><T74/><D3/><U20/><E20/><V121/><F121/><W58/><G42/><T22/><D62/><U38/><E38/><V85/><F35/><W16/><G107/><T98/><D22/><U43/><E43/><V110/><F27/><W103/><G103/><T120/><D120/><U19/><E84/><V2/><F2/><W78/><G78/><T102/><D96/><U113/><E113/><V41/><F110/><W39/><G39/><T124/><D124/><U117/><E117/><V100/><REACH who="2" step="1"/><F104/><REACH who="2" ten="250,250,240,250" step="2"/><W125/><G125/><T118/><D118/><U18/><E1/><V133/><F133/><W71/><G71/><T30/><D30/><U7/><E31/><V15/><F15/><W92/><G32/><T49/><D13/><U94/><E68/><V37/><F37/><W70/><G70/><T56/><REACH who="0" step="1"/><D49/><REACH who="0" ten="240,250,240,250" step="2"/><U52/><E63/><V34/><F34/><W59/><G33/><T108/><D108/><U134/><E134/><V40/><F40/><W75/><G29/><T87/><D87/><U116/><E116/><V5/><F5/><W66/><G75/><T57/><D57/><U6/><E86/><V4/><F4/><W73/><G73/><T135/><D135/><U25/><E6/><RYUUKYOKU ba="0,2" sc="240,15,250,-15,240,15,250,-15" hai0="8,9,45,46,47,51,54,56,74,79,83,98,102" hai2="14,17,41,44,48,76,81,85,88,90,99,100,105" /><INIT seed="0,1,2,0,2,86" ten="255,235,255,235" oya="0" hai0="42,121,1,90,114,2,129,4,70,17,22,61,8" hai1="63,53,28,118,131,133,60,57,69,47,12,127,112" hai2="7,72,19,81,84,16,54,66,43,40,64,87,93" hai3="73,100,134,89,56,62,75,125,116,30,98,3,76"/><T51/><D121/><U74/><E74/><V77/><F72/><W18/><G3/><T101/><D114/><U109/><E112/><V119/><F119/><W85/><G116/><T135/><D1/><U68/><E118/><V78/><F7/><W11/><G30/><T59/><D70/><U96/><E28/><V9/><F54/><W91/><G18/><T104/><D129/><U5/><E131/><V132/><F132/><W120/><G11/><T46/><D135/><U55/><E133/><V126/><F126/><W38/><G38/><T117/><D117/><U124/><E96/><V105/><F105/><N who="3" m="63639" /><G134/><T37/><D104/><U35/><E35/><V130/><F130/><W95/><G56/><T83/><D101/><U26/><E26/><V88/><F78/><W48/><G48/><T97/><D37/><U128/><E128/><V25/><F19/><W92/><G62/><T82/><D97/><U20/><E5/><V29/><F29/><W44/><G44/><T106/><D106/><U49/><E12/><N who="2" m="7183" /><F25/><W122/><G125/><N who="1" m="48202" /><E20/><V15/><F15/><W23/><G23/><T45/><D45/><U123/><E123/><N who="3" m="47146" /><G76/><T13/><REACH who="0" step="1"/><D90/><REACH who="0" ten="245,235,255,235" step="2"/><U24/><E68/><V79/><F79/><W94/><G91/><T111/><D111/><U71/><E109/><V80/><F80/><AGARI ba="1,3" hai="73,75,80,85,89,92,94,95" m="47146,63639" machi="80" ten="30,7700,0" yaku="13,1,34,2,52,1" doraHai="86" who="3" fromWho="2" sc="245,0,235,0,255,-80,235,110" /><INIT seed="1,0,0,3,3,46" ten="245,235,175,345" oya="1" hai0="74,27,6,20,122,51,37,13,7,41,55,36,85" hai1="95,98,29,54,121,21,43,97,65,14,77,38,52" hai2="32,9,91,30,3,129,33,71,66,81,18,31,135" hai3="107,59,130,86,23,64,118,124,123,39,80,22,104"/><U117/><E121/><V120/><F120/><W56/><G123/><T15/><D74/><U48/><E117/><V68/><F135/><W50/><G39/><T35/><D122/><U96/><E38/><V90/><F129/><W16/><G130/><T105/><D105/><U103/><E77/><V84/><F66/><W110/><G110/><T62/><D35/><U113/><E113/><V119/><F18/><W44/><G23/><T12/><D41/><U78/><E78/><V112/><F9/><W115/><G115/><T109/><D109/><U76/><E76/><V114/><F84/><W26/><G124/><T94/><D36/><U0/><E0/><V72/><F3/><W49/><G104/><T101/><D37/><U25/><E65/><V58/><F81/><W4/><G107/><T10/><D62/><U106/><E14/><V99/><F58/><N who="3" m="22059" /><G64/><T17/><D6/><U111/><E111/><V100/><F99/><N who="1" m="37961" /><E106/><V88/><F91/><N who="3" m="51655" /><G118/><T8/><D8/><U116/><E116/><V24/><F119/><W126/><G126/><T45/><REACH who="0" step="1"/><D101/><REACH who="0" ten="235,235,175,345" step="2"/><U28/><E28/><V73/><REACH who="2" step="1"/><F24/><REACH who="2" ten="235,235,165,345" step="2"/><W131/><G131/><T57/><D57/><N who="1" m="32903" /><E43/><V133/><F133/><W102/><G102/><AGARI ba="0,2" hai="30,31,32,33,68,71,72,73,88,90,100,102,112,114" machi="102" ten="25,6400,0" yaku="1,1,22,2,54,1,53,0" doraHai="46" doraHaiUra="127" who="2" fromWho="3" sc="235,0,235,0,165,84,345,-64" /><INIT seed="2,0,0,3,5,41" ten="235,235,249,281" oya="2" hai0="78,50,29,90,9,92,105,34,69,52,125,13,77" hai1="120,21,10,115,39,43,101,46,22,99,133,26,107" hai2="110,4,38,60,63,85,14,32,117,134,48,84,83" hai3="19,54,56,82,109,16,93,24,121,45,58,0,62"/><V94/><F117/><W44/><G0/><T67/><D105/><U128/><E120/><V27/><F38/><W55/><G109/><T129/><D129/><U57/><E128/><V114/><F114/><W15/><G121/><T91/><D125/><U5/><E133/><V75/><F75/><W72/><G72/><T103/><D103/><U23/><E115/><V74/><F74/><W61/><G82/><T118/><D118/><U37/><E57/><V79/><F134/><W8/><G93/><T31/><D69/><U25/><E37/><V100/><F32/><W124/><G124/><T68/><D68/><U47/><E47/><V53/><F27/><W7/><G7/><T102/><D67/><U98/><E98/><N who="2" m="59479" /><F85/><W87/><G87/><T40/><D40/><U122/><E122/><V111/><F14/><N who="3" m="7239" /><G24/><T17/><D102/><U130/><E130/><V65/><F65/><W30/><G30/><T108/><D108/><N who="2" m="41514" /><F4/><W35/><G35/><T73/><D91/><U81/><E81/><V70/><F70/><W116/><G116/><T20/><D34/><U112/><E112/><V42/><F42/><W51/><G62/><T12/><D73/><U126/><REACH who="1" step="1"/><E126/><REACH who="1" ten="235,225,249,281" step="2"/><V11/><F11/><AGARI ba="0,1" hai="11,15,19,44,45,51,54,55,56,58,61" m="7239" machi="11" ten="30,7700,0" yaku="8,1,52,2,54,1" doraHai="41" who="3" fromWho="2" sc="235,0,225,0,249,-77,281,87" /><INIT seed="3,0,0,5,2,110" ten="235,225,172,368" oya="3" hai0="8,61,25,78,96,63,112,75,72,92,2,113,44" hai1="52,59,15,41,85,48,35,106,42,26,126,120,54" hai2="18,88,93,111,57,101,9,31,123,83,114,17,108" hai3="29,55,36,128,69,79,11,10,125,12,97,47,66"/><W121/><G55/><T135/><D135/><U95/><E95/><V99/><F31/><W39/><G12/><T119/><D119/><U76/><E120/><V32/><F32/><W122/><G79/><T117/><D117/><U21/><E126/><V65/><F123/><W37/><G97/><T53/><D25/><U40/><E106/><V14/><F17/><W49/><G29/><T124/><D124/><U107/><E107/><V51/><F83/><W0/><G11/><T89/><D2/><U98/><E98/><V80/><F80/><W3/><G10/><T22/><D8/><U45/><E85/><V5/><F5/><W20/><G20/><T91/><D22/><U73/><E73/><V87/><F114/><N who="0" m="44138" /><D91/><U56/><E76/><V30/><F30/><W34/><G125/><T67/><D78/><U131/><E131/><V24/><F24/><W127/><G127/><T118/><D118/><U90/><E90/><V115/><F115/><W33/><G3/><T6/><D6/><U4/><E35/><V103/><F65/><W130/><G34/><T104/><D104/><U134/><E134/><V81/><REACH who="2" step="1"/><F101/><REACH who="2" ten="235,225,162,368" step="2"/><W1/><G33/><T70/><D63/><N who="1" m="36231" /><E4/><V116/><F116/><W28/><G0/><T71/><D71/><U133/><E133/><V46/><F46/><W102/><G1/><T100/><D100/><U23/><E15/><V38/><F38/><W13/><G37/><T16/><D16/><N who="1" m="12583" /><E23/><V77/><F77/><W43/><G102/><T94/><D44/><AGARI ba="0,1" hai="40,41,42,44,45,48,54,59" m="12583,36231" machi="44" ten="30,3900,0" yaku="8,1,54,2" doraHai="110" who="1" fromWho="0" sc="235,-39,225,49,162,0,368,0" owari="196,-20.0,274,7.0,162,-34.0,368,47.0" /></mjloggm>