<mjloggm ver="2.3"><GO type="97" lobby="0"/><UN n0="%E3%82%A6%E3%83%AB%E3%83%88%E3%83%A9%E7%AB%8B%E7%9B%B4" n1="%74%6F%6E%6E%64%61%67%6F" n2="%E5%B7%9D%E6%9D%91" n3="%48%69%74%6C%65%72" dan="13,14,15,13" rate="1846.60,1897.28,1996.11,1969.48" sx="M,F,M,M"/><TAIKYOKU oya="0"/><INIT seed="0,0,0,5,1,86" ten="250,250,250,250" oya="0" hai0="125,79,98,22,17,10,65,84,80,74,101,0,44" hai1="73,127,39,97,130,83,124,116,54,121,102,70,27" hai2="51,90,133,52,81,58,47,126,120,4,43,46,128" hai3="63,45,110,36,3,50,112,75,12,24,6,20,135"/><T89/><D125/><U53/><E70/><V13/><F120/><W33/><G112/><T48/><D65/><U87/><E73/><V118/><F126/><N who="1" m="48169" /><E39/><V34/><F34/><W129/><G110/><T61/><D61/><U103/><E130/><V35/><F35/><W76/><G129/><T82/><D0/><U104/><E103/><V18/><F128/><W108/><G108/><T96/><D101/><U9/><E116/><V131/><F131/><W1/><G36/><T95/><D95/><U92/><E104/><V25/><F118/><W62/><G135/><T15/><REACH who="0" step="1"/><D22/><REACH who="0" ten="240,250,250,250" step="2"/><U91/><E121/><V111/><F111/><W78/><G3/><T107/><D107/><U100/><E100/><V41/><F133/><W113/><G1/><T5/><D5/><U32/><E9/><N who="2" m="6447" /><F4/><W115/><G113/><T106/><D106/><U38/><E38/><V8/><F8/><W14/><G6/><T71/><D71/><U30/><AGARI ba="0,1" hai="27,30,32,53,54,83,87,91,92,97,102" m="48169" machi="30" ten="30,2000,0" yaku="18,1,52,1" doraHai="86" who="1" fromWho="1" sc="240,-10,250,30,250,-5,250,-5" /><INIT seed="1,0,0,0,5,105" ten="230,280,245,245" oya="1" hai0="19,130,102,35,82,132,123,25,41,54,27,1,43" hai1="66,119,55,113,40,88,99,120,134,124,21,36,64" hai2="98,71,5,106,90,87,117,115,8,131,22,126,127" hai3="70,53,15,97,76,78,29,114,46,96,111,14,95"/><U26/><E120/><V30/><F117/><W49/><G111/><T13/><D1/><U75/><E113/><V10/><F115/><W63/><G114/><T85/><D123/><U110/><E119/><V50/><F71/><W94/><G29/><T48/><D102/><U108/><E75/><V125/><F131/><W2/><G2/><T23/><D130/><U92/><E124/><N who="2" m="31747" /><V17/><DORA hai="84" /><F30/><W38/><G38/><T18/><D132/><U121/><E121/><V20/><F50/><W45/><G70/><T6/><D6/><U33/><E33/><V72/><F72/><W112/><G63/><T65/><D65/><U116/><E116/><V89/><F5/><W93/><G112/><T86/><D35/><U122/><E134/><V12/><F22/><W3/><G3/><T16/><D43/><U104/><E104/><V68/><F68/><W32/><G32/><T135/><D41/><U118/><E118/><V57/><F57/><W0/><G0/><T61/><D61/><U28/><E122/><V101/><F87/><W79/><REACH who="3" step="1"/><G46/><REACH who="3" ten="230,280,245,235" step="2"/><T24/><D135/><U51/><E108/><V100/><F100/><W129/><G129/><T91/><D86/><U59/><REACH who="1" step="1"/><E110/><REACH who="1" ten="230,270,245,235" step="2"/><V60/><F60/><W128/><G128/><T37/><D37/><U47/><AGARI ba="0,2" hai="21,26,28,36,40,47,51,55,59,64,66,88,92,99" machi="47" ten="30,12000,1" yaku="1,1,2,1,0,1,52,1,54,1,53,0" doraHai="105,84" doraHaiUra="4,73" who="1" fromWho="1" sc="230,-40,270,140,245,-40,235,-40" /><INIT seed="1,1,0,2,4,92" ten="190,410,205,195" oya="1" hai0="80,108,51,9,115,88,7,119,84,58,35,29,1" hai1="86,48,74,18,39,111,24,105,33,53,132,60,0" hai2="14,25,96,128,63,81,90,118,130,20,38,71,31" hai3="52,12,13,62,131,69,107,125,28,2,15,44,82"/><U123/><E123/><V85/><F118/><W55/><G2/><T95/><D115/><U59/><E74/><V21/><F38/><W32/><G131/><N who="2" m="50217" /><F96/><W46/><G125/><T23/><D119/><U83/><E39/><V30/><F14/><W37/><G107/><T94/><D108/><U135/><E0/><V43/><F43/><W36/><G82/><T102/><D23/><N who="2" m="8778" /><F25/><W120/><G120/><T101/><D101/><U41/><E111/><V11/><F11/><W122/><G122/><T93/><D102/><U34/><E105/><V40/><F40/><W110/><G110/><T77/><D51/><U91/><E18/><V129/><N who="2" m="50225" /><V64/><AGARI ba="1,0" hai="30,31,63,64,71,81,85,90" m="8778,50225" machi="64" ten="50,3200,0" yaku="4,1,19,1" doraHai="92" who="2" fromWho="2" sc="190,-9,410,-17,205,35,195,-9" /><INIT seed="2,0,0,1,3,19" ten="181,393,240,186" oya="2" hai0="67,105,56,107,22,55,116,79,87,40,41,120,53" hai1="119,54,46,131,100,57,14,48,132,124,34,125,71" hai2="123,69,104,117,6,27,32,26,94,129,21,1,73" hai3="50,10,3,52,113,101,127,13,121,64,29,16,78"/><V66/><F94/><W33/><G121/><T97/><D120/><U15/><E34/><V92/><F92/><W106/><G127/><N who="1" m="48714" /><E71/><V128/><F104/><W77/><G64/><T31/><D116/><U111/><E111/><V12/><F123/><W115/><G3/><T24/><D105/><U20/><E131/><N who="2" m="50251" /><F117/><W42/><G42/><N who="0" m="16491" /><D97/><U8/><E132/><V44/><F73/><W110/><G110/><T35/><D35/><U17/><E100/><V96/><F96/><N who="3" m="61735" /><G29/><T81/><D107/><U88/><E119/><V47/><F1/><W68/><G68/><T36/><D36/><U83/><E57/><V63/><F32/><W112/><G33/><T80/><D80/><U76/><E76/><V28/><F26/><W2/><G2/><T134/><D134/><U38/><E38/><V0/><F0/><W99/><G99/><T108/><D108/><U51/><E51/><V98/><F98/><W86/><G86/><T75/><D75/><U90/><E83/><V70/><F69/><W9/><G78/><T4/><D87/><U103/><E103/><V133/><F133/><W114/><G77/><T7/><D81/><U72/><E72/><V49/><F49/><W11/><N who="3" m="29184" /><DORA hai="135" /><W58/><AGARI ba="0,0" hai="9,10,11,13,16,50,52,58" m="29184,61735" machi="58" ten="60,8000,1" yaku="4,1,11,1,54,2" doraHai="19,135" who="3" fromWho="3" sc="181,-20,393,-20,240,-40,186,80" /><INIT seed="3,0,0,2,4,11" ten="161,373,200,266" oya="3" hai0="104,10,130,31,23,73,64,70,129,38,25,47,1" hai1="123,54,66,108,15,53,55,102,80,114,99,6,26" hai2="117,87,36,27,16,103,49,7,84,57,88,83,74" hai3="60,68,46,113,40,107,39,100,52,42,94,18,133"/><W121/><G121/><T135/><D104/><U98/><E108/><V115/><F36/><W128/><G113/><T106/><D106/><U125/><E125/><V48/><F115/><W82/><G107/><T19/><D73/><U131/><E123/><V22/><F74/><W75/><G133/><T50/><D38/><U77/><E131/><N who="0" m="50185" /><D64/><U35/><E114/><V56/><F117/><W105/><G105/><T30/><D70/><U85/><E66/><V65/><F103/><W12/><G128/><T101/><D101/><U118/><E118/><V72/><F72/><W0/><G0/><T93/><D93/><U78/><E78/><N who="2" m="46199" /><F7/><W126/><G126/><T109/><D50/><N who="2" m="19562" /><F65/><W41/><G68/><T2/><D47/><U29/><E102/><V21/><F21/><W116/><G116/><T4/><D109/><U127/><REACH who="1" step="1"/><E127/><REACH who="1" ten="161,363,200,266" step="2"/><V13/><F27/><W63/><G100/><T89/><D89/><U24/><E24/><V67/><F67/><W134/><G134/><T45/><D135/><U62/><E62/><V14/><F13/><W132/><G12/><N who="0" m="5191" /><D45/><U92/><E92/><AGARI ba="0,1" hai="14,16,22,56,57,87,88,92" m="19562,46199" machi="92" ten="30,7700,0" yaku="8,1,52,1,54,2" doraHai="11" who="2" fromWho="1" sc="161,0,363,-77,200,87,266,0" /><INIT seed="4,0,0,4,2,130" ten="161,286,287,266" oya="0" hai0="119,31,93,7,71,97,13,21,122,69,63,85,50" hai1="33,47,18,108,56,115,92,42,129,98,64,107,88" hai2="62,99,135,22,9,66,94,25,124,109,4,1,82" hai3="116,48,113,65,80,23,43,133,123,40,24,51,8"/><T110/><D122/><U76/><E108/><V17/><F109/><W90/><G116/><T75/><D75/><U12/><E33/><V103/><F124/><W11/><G123/><T128/><D110/><U61/><E129/><V86/><F135/><W83/><G133/><T117/><D128/><U14/><E107/><V78/><F62/><W5/><G113/><T105/><D105/><U35/><E35/><V26/><REACH who="2" step="1"/><F66/><REACH who="2" ten="161,286,277,266" step="2"/><W53/><G65/><T2/><D119/><U120/><E120/><V106/><F106/><W28/><G51/><T81/><D117/><U72/><E115/><V104/><F104/><W95/><G43/><T37/><D37/><U45/><E72/><V100/><F100/><W54/><G40/><T10/><D50/><U49/><E76/><V131/><F131/><W60/><G60/><T0/><D63/><U127/><E127/><V36/><F36/><W46/><G54/><T6/><D71/><U16/><E47/><V74/><F74/><W44/><G46/><T87/><D69/><U29/><E29/><V112/><F112/><W52/><G53/><T70/><D70/><U19/><AGARI ba="0,1" hai="12,14,16,18,19,42,45,49,56,61,64,88,92,98" machi="19" ten="30,7900,0" yaku="0,1,8,1,54,2" doraHai="130" who="1" fromWho="1" sc="161,-39,286,89,277,-20,266,-20" owari="122,-38.0,375,47.0,257,6.0,246,-15.0" /></mjloggm>