<mjloggm ver="2.3"><GO type="97" lobby="0"/><UN n0="%79%61%6E%34%34%34%34" n1="%E3%82%A6%E3%83%AB%E3%83%88%E3%83%A9%E7%AB%8B%E7%9B%B4" n2="%E3%83%9C%E3%83%96%E3%83%9E%E3%83%8B%E3%82%A2" n3="%E6%84%9B%E7%94%9F%EF%BC%8B%EF%BC%8B%EF%BC%8B" dan="14,15,14,14" rate="1951.83,2061.75,1914.23,1909.83" sx="M,M,M,M"/><TAIKYOKU oya="0"/><INIT seed="0,0,0,2,3,9" ten="250,250,250,250" oya="0" hai0="43,12,99,84,77,107,103,82,20,112,33,73,109" hai1="5,129,75,17,34,120,29,22,89,11,76,28,80" hai2="119,78,46,31,41,55,88,37,104,13,122,14,127" hai3="117,106,57,59,64,24,113,10,40,125,27,131,60"/><T94/><D33/><U102/><E120/><V130/><F122/><W42/><G131/><T110/><D112/><U98/><E129/><V30/><F130/><W93/><G125/><T58/><D43/><U44/><E34/><V8/><F127/><W115/><G106/><T87/><D58/><U23/><E23/><V62/><F104/><W72/><G117/><T96/><D20/><U36/><E89/><V51/><F119/><W45/><G72/><T61/><D61/><U49/><E98/><V101/><F101/><W65/><G42/><T81/><D12/><N who="2" m="4714" /><F37/><W128/><G10/><T132/><D132/><U19/><E102/><V124/><F124/><W38/><G128/><T134/><D134/><U53/><E36/><V85/><F78/><W54/><G115/><T26/><D26/><U15/><REACH who="1" step="1"/><E19/><REACH who="1" ten="250,240,250,250" step="2"/><V32/><F32/><W70/><G113/><T90/><REACH who="0" step="1"/><D73/><REACH who="0" ten="240,240,250,250" step="2"/><U0/><AGARI ba="0,2" hai="0,5,11,15,17,22,28,29,44,49,53,75,76,80" machi="0" ten="20,8000,1" yaku="1,1,2,1,0,1,7,1,52,1,53,0" doraHai="9" doraHaiUra="108" who="1" fromWho="1" sc="240,-40,240,100,250,-20,250,-20" /><INIT seed="1,0,0,1,1,3" ten="200,340,230,230" oya="1" hai0="7,95,75,126,54,10,117,94,57,134,20,115,45" hai1="106,80,119,53,37,25,84,36,69,6,65,92,113" hai2="24,99,11,5,98,108,130,23,68,109,16,62,2" hai3="135,131,47,97,91,17,39,0,29,72,14,90,51"/><U67/><E106/><V41/><F130/><W103/><G72/><T88/><D117/><U64/><E69/><V61/><F41/><W4/><G131/><T76/><D115/><U21/><E37/><V66/><REACH who="2" step="1"/><F62/><REACH who="2" ten="200,340,220,230" step="2"/><W125/><G135/><T12/><D134/><U58/><E119/><V111/><AGARI ba="0,1" hai="2,5,11,16,23,24,61,66,68,98,99,108,109,111" machi="111" ten="30,16000,3" yaku="1,1,2,1,0,1,14,1,52,1,54,1,53,3" doraHai="3" doraHaiUra="120" who="2" fromWho="2" sc="200,-40,340,-80,220,170,230,-40" /><INIT seed="2,0,0,1,5,19" ten="160,260,390,190" oya="2" hai0="27,14,61,35,83,58,62,15,122,26,103,118,128" hai1="65,60,56,129,85,21,69,88,99,93,79,71,22" hai2="4,57,114,112,108,92,55,18,111,67,20,87,34" hai3="6,68,1,9,72,53,110,39,131,36,81,38,107"/><V116/><F116/><W105/><G110/><N who="2" m="42025" /><F34/><W10/><G131/><T7/><D118/><U113/><E113/><V23/><F4/><W49/><G10/><T96/><D122/><U59/><E129/><V74/><F74/><W8/><G8/><T63/><D35/><U102/><E79/><V98/><F18/><W82/><G68/><T52/><D128/><U70/><REACH who="1" step="1"/><E59/><REACH who="1" ten="160,250,390,190" step="2"/><V76/><F76/><W120/><G120/><T42/><D7/><U43/><E43/><V73/><F114/><W28/><G72/><T29/><D42/><U104/><AGARI ba="0,1" hai="21,22,56,60,65,69,70,71,85,88,93,99,102,104" machi="104" ten="30,12000,2" yaku="1,1,0,1,52,2,54,1,53,1" doraHai="19" doraHaiUra="95" who="1" fromWho="1" sc="160,-30,250,130,390,-60,190,-30" /><INIT seed="3,0,0,2,3,5" ten="130,380,330,160" oya="3" hai0="109,7,26,27,64,40,61,31,12,87,88,127,54" hai1="85,78,74,65,46,10,122,28,108,130,23,35,8" hai2="106,114,76,3,60,91,47,123,13,89,56,83,119" hai3="55,51,4,118,66,73,77,72,1,52,117,15,58"/><W134/><G134/><T45/><D127/><U80/><E35/><V94/><F119/><W132/><G132/><T111/><D54/><U100/><E74/><V63/><F114/><W44/><G1/><T104/><D104/><U84/><E130/><V36/><F3/><W92/><G66/><T24/><D31/><U30/><E108/><N who="0" m="41545" /><D64/><U105/><E105/><V99/><F123/><W22/><G73/><T79/><D79/><U69/><E69/><V125/><F125/><W129/><G129/><T131/><D61/><U68/><E68/><V38/><F106/><W112/><G112/><T11/><D131/><U90/><E100/><V29/><F29/><N who="1" m="11369" /><E65/><V18/><F89/><W34/><G34/><T17/><D7/><U121/><E121/><V39/><F47/><W97/><G77/><T70/><D70/><U42/><E23/><V41/><F41/><W102/><G72/><T95/><D27/><U82/><E122/><V19/><F19/><W0/><G0/><T135/><D135/><U133/><E133/><V98/><F98/><W2/><G2/><T25/><D25/><U53/><E53/><V14/><F14/><W62/><REACH who="3" step="1"/><G22/><REACH who="3" ten="130,380,330,150" step="2"/><T59/><D59/><U20/><E20/><V128/><F128/><W48/><G48/><AGARI ba="0,1" hai="11,12,17,24,26,40,45,48,87,88,95" m="41545" machi="48" ten="30,3900,0" yaku="14,1,52,1,54,1" doraHai="5" who="0" fromWho="3" sc="130,49,380,0,330,0,150,-39" /><AGARI ba="0,0" hai="8,10,42,46,48,78,80,82,84,85,90" m="11369" machi="48" ten="30,3900,0" yaku="8,1,52,2" doraHai="5" who="1" fromWho="3" sc="179,0,380,39,330,0,111,-39" owari="179,-22.0,419,52.0,330,13.0,72,-43.0" /></mjloggm>