<mjloggm ver="2.3"><GO type="97" lobby="0"/><UN n0="%E3%82%A6%E3%83%AB%E3%83%88%E3%83%A9%E7%AB%8B%E7%9B%B4" n1="%E3%83%9E%E3%83%BC%E3%83%AD%E3%83%B3" n2="%E3%82%89%E3%81%8F%E3%81%A0%EF%BC%90%EF%BC%91%EF%BC%90%EF%BC%99" n3="%4D%65%6A%69%72%6F%38%34" dan="14,14,15,14" rate="1979.60,1913.07,2104.38,1933.82" sx="M,M,M,M"/><TAIKYOKU oya="0"/><INIT seed="0,0,0,5,4,125" ten="250,250,250,250" oya="0" hai0="68,29,83,119,55,82,98,99,117,120,114,48,40" hai1="94,129,84,131,3,116,12,45,93,64,101,96,14" hai2="36,72,91,8,42,62,107,19,50,97,124,92,47" hai3="135,21,6,71,39,9,51,130,102,109,69,77,85"/><T128/><D68/><U61/><E3/><V87/><F124/><W43/><G39/><T32/><D40/><U7/><E116/><V15/><F72/><W25/><G102/><T31/><D32/><U66/><E45/><V23/><F62/><W11/><G11/><T33/><D33/><U95/><E61/><V59/><F59/><W103/><G103/><T22/><D22/><U118/><E118/><V75/><F75/><W60/><G60/><T54/><D48/><U121/><E121/><V111/><F111/><W34/><G34/><T122/><REACH who="0" step="1"/><D114/><REACH who="0" ten="240,250,250,250" step="2"/><U89/><E95/><V113/><F113/><W18/><G71/><T4/><D4/><U110/><E110/><V46/><F107/><W126/><G69/><T17/><D17/><U5/><E5/><V76/><F23/><W49/><G109/><T26/><D26/><U63/><E63/><V79/><F97/><W16/><G126/><T132/><D132/><U53/><E7/><V58/><F58/><W127/><G127/><T74/><D74/><U134/><E134/><V80/><F92/><W57/><G135/><T35/><D35/><U52/><E12/><V70/><F70/><W30/><G6/><T44/><D44/><U73/><E14/><V133/><F133/><W78/><G43/><AGARI ba="0,1" hai="8,15,19,36,42,43,46,47,50,76,79,80,87,91" machi="43" ten="30,1000,0" yaku="7,1" doraHai="125" who="2" fromWho="3" sc="240,0,250,0,250,20,250,-10" /><INIT seed="1,0,0,4,0,13" ten="240,250,270,240" oya="1" hai0="41,94,7,123,48,96,58,105,60,2,46,71,78" hai1="88,29,4,18,35,14,20,87,1,135,130,112,68" hai2="82,116,122,114,51,73,65,108,52,50,61,134,124" hai3="117,17,44,32,9,128,81,57,115,34,6,21,66"/><U121/><E112/><V119/><F73/><W72/><G115/><T127/><D123/><U43/><E121/><V49/><F82/><W23/><G117/><N who="2" m="45129" /><F122/><W113/><G128/><T37/><D105/><U131/><E68/><N who="2" m="42031" /><F114/><W84/><G113/><T107/><D107/><U93/><E43/><V125/><F108/><W132/><G72/><T101/><D127/><N who="2" m="48714" /><F134/><W70/><G132/><T110/><D110/><U129/><E135/><V19/><F19/><W24/><G70/><T98/><D78/><U102/><E102/><V95/><F95/><W47/><G34/><T54/><D96/><U80/><E35/><V133/><F133/><W55/><G32/><T97/><D97/><U120/><E120/><V75/><F75/><W8/><G6/><T77/><D77/><U85/><E29/><V3/><F3/><W36/><G36/><T74/><D74/><U45/><E45/><AGARI ba="0,0" hai="45,49,50,51,52" m="48714,42031,45129" machi="45" ten="30,7700,0" yaku="18,1,34,2,54,1" doraHai="13" who="2" fromWho="1" sc="240,0,250,-77,270,77,240,0" /><INIT seed="2,0,0,4,4,4" ten="240,173,347,240" oya="2" hai0="0,19,97,100,26,111,102,57,88,87,113,20,9" hai1="117,131,125,55,95,109,51,16,82,67,50,24,103" hai2="81,83,115,129,53,35,56,123,11,77,13,121,119" hai3="10,101,59,61,135,73,31,40,54,93,128,47,66"/><V133/><F35/><W22/><G73/><T7/><D111/><U91/><E117/><V122/><F119/><W21/><G135/><T37/><D37/><U132/><E109/><V15/><F115/><W12/><G128/><T72/><D72/><U38/><E131/><V69/><F69/><W17/><G31/><T90/><D113/><U118/><E132/><V28/><F28/><W62/><G101/><T25/><D25/><U36/><E38/><V130/><F133/><W99/><G93/><T42/><D42/><U134/><E36/><V78/><F130/><W79/><G99/><T116/><D116/><U108/><E134/><V74/><F129/><W8/><G79/><T2/><D2/><U41/><E108/><V94/><F94/><W105/><G105/><T75/><D75/><U114/><E118/><V84/><REACH who="2" step="1"/><F11/><REACH who="2" ten="240,173,337,240" step="2"/><N who="3" m="4139" /><G66/><T64/><D9/><U127/><E114/><V104/><F104/><W34/><G34/><T106/><D106/><U68/><E127/><V39/><F39/><W18/><G40/><T86/><D0/><U33/><E125/><V126/><F126/><W60/><G47/><T48/><D7/><U58/><E33/><V96/><F96/><W3/><G3/><T43/><D97/><U6/><E68/><V32/><F32/><W120/><G120/><T27/><D43/><U76/><E41/><V52/><F52/><W89/><G89/><N who="0" m="34411" /><D102/><U80/><E103/><V85/><F85/><N who="0" m="32266" /><D100/><U45/><E67/><V63/><AGARI ba="0,1" hai="13,15,53,56,63,74,77,78,81,83,84,121,122,123" machi="63" ten="30,3000,0" yaku="1,1,0,1,53,0" doraHai="4" doraHaiUra="30" who="2" fromWho="2" sc="240,-10,173,-10,337,40,240,-10" /><INIT seed="2,1,0,1,2,105" ten="230,163,377,230" oya="2" hai0="34,100,131,98,45,92,58,3,47,62,102,95,122" hai1="22,51,86,11,69,121,119,117,103,74,123,132,104" hai2="66,48,89,40,118,10,88,80,19,124,54,134,115" hai3="9,128,72,43,61,32,85,2,112,84,133,41,50"/><V5/><F118/><N who="1" m="45065" /><E69/><V116/><F115/><W36/><G112/><T106/><D122/><N who="1" m="46603" /><E51/><V75/><F116/><W63/><G50/><T29/><D131/><U70/><E70/><V78/><F134/><W96/><G32/><T14/><D3/><U33/><E33/><V57/><F124/><W73/><G2/><T125/><D125/><U7/><E132/><V4/><F4/><W8/><G133/><T127/><D127/><U31/><E31/><V114/><F114/><W49/><G49/><T71/><D71/><U12/><E22/><V42/><F66/><W0/><G0/><T101/><D34/><U108/><E108/><V44/><F19/><W126/><G126/><T53/><D29/><U77/><E11/><V99/><F99/><W90/><G96/><N who="0" m="59399" /><D106/><U13/><E7/><V81/><F81/><W87/><G87/><T21/><D101/><U37/><E37/><V35/><F35/><W135/><G135/><T20/><D14/><U26/><E26/><V28/><F28/><W55/><G36/><T46/><AGARI ba="1,0" hai="20,21,45,46,47,53,58,62,95,98,102" m="59399" machi="46" ten="30,1100,0" yaku="8,1" doraHai="105" who="0" fromWho="0" sc="230,14,163,-4,377,-6,230,-4" /><INIT seed="3,0,0,0,4,133" ten="244,159,371,226" oya="3" hai0="105,60,118,89,10,34,63,84,47,32,85,125,70" hai1="35,101,59,91,100,23,81,122,108,54,52,42,111" hai2="36,73,80,87,48,71,92,119,1,27,4,46,3" hai3="98,131,116,57,65,37,9,58,74,106,22,49,64"/><W115/><G116/><T67/><D118/><U103/><E35/><V15/><F71/><W40/><G115/><T21/><D105/><U31/><E42/><V44/><F73/><W72/><G131/><T62/><D62/><U78/><E122/><V56/><F56/><W94/><G106/><T19/><D10/><U110/><E91/><V127/><F36/><W76/><G37/><T69/><D47/><U102/><N who="1" m="25600" /><DORA hai="26" /><U123/><E123/><V86/><F46/><W79/><G40/><T68/><D68/><U130/><E130/><V113/><F44/><W50/><G22/><T25/><D21/><U38/><E38/><V28/><F1/><W93/><G98/><T66/><D25/><N who="1" m="16831" /><E59/><V7/><F3/><W18/><G18/><T8/><D19/><U99/><E99/><V13/><F4/><W51/><REACH who="3" step="1"/><G50/><REACH who="3" ten="244,159,371,216" step="2"/><T104/><D104/><U43/><E43/><V129/><F48/><W45/><G45/><T135/><D32/><U55/><E55/><V5/><F119/><W33/><G33/><T117/><D34/><U41/><E41/><V121/><F113/><W112/><G112/><T29/><D117/><U61/><E61/><V16/><F129/><W24/><G24/><T120/><D63/><U126/><E126/><V107/><F27/><W90/><G90/><T109/><D89/><U14/><E14/><V128/><F15/><W20/><G20/><T0/><D60/><U30/><E30/><V97/><F13/><W12/><G12/><T83/><D29/><U75/><AGARI ba="0,1" hai="52,54,75,78,81,108,110,111" m="16831,25600" machi="75" ten="50,6400,0" yaku="14,1,52,1,54,1" doraHai="133,26" who="1" fromWho="1" sc="244,-16,159,74,371,-16,216,-32" owari="228,-17.0,233,3.0,355,46.0,184,-32.0" /></mjloggm>