<mjloggm ver="2.3"><GO type="97" lobby="0"/><UN n0="%61%6B%6B%69%69" n1="%69%62%67%7A" n2="%E3%82%A6%E3%83%AB%E3%83%88%E3%83%A9%E7%AB%8B%E7%9B%B4" n3="%E3%81%AD%E3%82%8B%E3%81%8A" dan="14,15,14,15" rate="1958.40,2015.67,1937.22,1981.89" sx="F,M,M,M"/><TAIKYOKU oya="0"/><INIT seed="0,0,0,3,5,66" ten="250,250,250,250" oya="0" hai0="20,5,54,85,89,64,129,24,51,79,94,100,42" hai1="69,113,12,47,131,38,32,13,27,91,16,124,133" hai2="118,98,6,104,88,76,44,126,97,81,41,2,114" hai3="132,108,125,84,31,135,119,58,105,35,34,63,30"/><T87/><D129/><U112/><E38/><V128/><F114/><N who="1" m="44137" /><E47/><V73/><F118/><W95/><G105/><T121/><D121/><U15/><E131/><V122/><F122/><W14/><G119/><T78/><D64/><U117/><E117/><V75/><F128/><W102/><G14/><T11/><D42/><U43/><E43/><V28/><F126/><W19/><G19/><T40/><D40/><U62/><E124/><V99/><F28/><N who="3" m="10795" /><G108/><T90/><D100/><U67/><E133/><N who="3" m="51274" /><G125/><T17/><D11/><U109/><E109/><V52/><F75/><W33/><G84/><T127/><D5/><U49/><E49/><V50/><F104/><W37/><G37/><T83/><REACH who="0" step="1"/><D127/><REACH who="0" ten="240,250,250,250" step="2"/><U56/><E32/><V7/><F2/><W134/><G134/><T45/><AGARI ba="0,1" hai="17,20,24,45,51,54,78,79,83,85,87,89,90,94" machi="45" ten="20,12000,1" yaku="1,1,2,1,0,1,7,1,8,1,53,0" doraHai="66" doraHaiUra="93" who="0" fromWho="0" sc="240,130,250,-40,250,-40,250,-40" /><INIT seed="0,1,0,4,4,0" ten="370,210,210,210" oya="0" hai0="44,91,20,53,101,43,75,8,62,18,1,13,109" hai1="22,107,84,64,23,94,50,81,45,122,106,126,131" hai2="3,113,77,78,88,115,56,14,130,38,95,35,71" hai3="5,60,119,70,83,105,61,92,58,36,102,2,41"/><T103/><D109/><U108/><E108/><V89/><F71/><W124/><G105/><T82/><D62/><U80/><E122/><V117/><F3/><W86/><G119/><T97/><D53/><U98/><E64/><V85/><F35/><W47/><G70/><T52/><D75/><U65/><E65/><V49/><F38/><W73/><G73/><T6/><D52/><U51/><E131/><V32/><F32/><W67/><G124/><T134/><D134/><U46/><E84/><N who="2" m="52615" /><F49/><W79/><G61/><T69/><D69/><U15/><E15/><V87/><F14/><W34/><G34/><T132/><D132/><U10/><E10/><V128/><F56/><W116/><G116/><T66/><D66/><U114/><E94/><N who="2" m="54575" /><F117/><W39/><G39/><T21/><D21/><U54/><E54/><V42/><F42/><W121/><G121/><T29/><D29/><U9/><E9/><V55/><F55/><W90/><G102/><T133/><D133/><U19/><E19/><V93/><F93/><W11/><G92/><N who="0" m="56479" /><D82/><U99/><REACH who="1" step="1"/><E114/><REACH who="1" ten="370,200,210,210" step="2"/><N who="2" m="43531" /><F87/><W127/><G11/><T111/><D111/><U110/><E110/><V68/><F68/><W31/><G67/><T74/><D1/><U17/><E17/><V72/><F72/><W96/><G2/><N who="0" m="87" /><D74/><U30/><E30/><V16/><F16/><W57/><G31/><T63/><D18/><U125/><AGARI ba="1,1" hai="22,23,45,46,50,51,80,81,98,99,106,107,125,126" machi="125" ten="25,6400,0" yaku="1,1,0,1,22,2,53,0" doraHai="0" doraHaiUra="48" who="1" fromWho="1" sc="370,-33,200,77,210,-17,210,-17" /><INIT seed="1,0,0,1,0,96" ten="337,277,193,193" oya="1" hai0="46,77,27,92,64,28,80,120,19,62,53,36,126" hai1="118,52,95,135,33,89,30,13,58,10,75,105,84" hai2="108,18,31,74,81,34,129,104,69,116,113,102,78" hai3="59,106,72,57,87,47,115,124,128,61,41,49,21"/><U1/><E118/><V63/><F18/><W66/><G72/><T76/><D120/><U60/><E75/><V12/><F12/><W9/><G115/><T35/><D126/><U16/><E1/><V17/><F17/><W93/><G106/><T130/><D130/><U86/><E135/><V5/><F5/><W85/><G128/><T111/><D111/><U125/><E125/><V55/><F55/><W3/><G124/><T65/><D77/><U29/><E105/><V54/><F54/><W71/><G21/><T112/><D112/><U67/><E33/><V26/><F113/><W100/><G3/><T109/><D109/><U39/><E39/><V94/><F94/><W91/><G9/><T4/><D4/><U98/><E67/><N who="2" m="41215" /><F108/><W123/><G123/><T117/><D117/><U107/><E107/><V103/><F116/><W7/><G7/><T131/><D131/><U119/><E119/><V127/><F127/><W50/><G87/><AGARI ba="0,0" hai="10,13,16,29,30,52,58,60,84,86,87,89,95,98" machi="87" ten="40,7700,0" yaku="8,1,54,2" doraHai="96" who="1" fromWho="3" sc="337,0,277,77,193,0,193,-77" /><INIT seed="1,1,0,2,0,32" ten="337,354,193,116" oya="1" hai0="81,35,0,43,42,101,121,61,16,125,17,31,118" hai1="115,71,128,126,130,117,12,60,78,83,132,112,4" hai2="28,116,30,100,64,33,106,14,110,8,114,9,62" hai3="39,63,76,75,129,120,18,103,108,36,49,91,73"/><U113/><E117/><V44/><F116/><W97/><G120/><T24/><D118/><U86/><E132/><V99/><F114/><W15/><G108/><T123/><D101/><U20/><E126/><V70/><F110/><W95/><G129/><T135/><D135/><U27/><E71/><V131/><F131/><N who="1" m="50217" /><E60/><V84/><F84/><W58/><G49/><T53/><D125/><U29/><E12/><V65/><F65/><W26/><G26/><T6/><D81/><U67/><E4/><V85/><F85/><W7/><G7/><T127/><D127/><U59/><E59/><V87/><F87/><W19/><G103/><T107/><D107/><U69/><E69/><V80/><F80/><W96/><G96/><T88/><D61/><U79/><E67/><V37/><F14/><W66/><G19/><N who="0" m="7243" /><D88/><AGARI ba="1,0" hai="20,27,29,78,79,83,86,88,112,113,115" m="50217" machi="88" ten="40,3900,0" yaku="19,1,54,1" doraHai="32" who="1" fromWho="0" sc="337,-42,354,42,193,0,116,0" /><INIT seed="1,2,0,1,3,87" ten="295,396,193,116" oya="1" hai0="120,44,105,131,39,70,22,118,121,54,27,38,72" hai1="99,79,71,53,34,45,12,57,134,37,60,109,7" hai2="80,4,17,8,65,50,114,26,9,133,123,52,90" hai3="28,2,14,108,42,67,74,89,119,75,73,21,16"/><U88/><E34/><V46/><F123/><N who="0" m="47178" /><D105/><U43/><E79/><V110/><F114/><W18/><G2/><T58/><D72/><U47/><E134/><V113/><F133/><W82/><G28/><N who="0" m="17527" /><D118/><U111/><E47/><V91/><F113/><W124/><G124/><T78/><D78/><U84/><E99/><V59/><F110/><N who="1" m="41993" /><E71/><V117/><F117/><W64/><G108/><T92/><D131/><U86/><E86/><V40/><F80/><W97/><G119/><T112/><D112/><U35/><E35/><V6/><F65/><W135/><G135/><T85/><D70/><U126/><E126/><V63/><F26/><W23/><G42/><T69/><D69/><U127/><E127/><V3/><F17/><W94/><REACH who="3" step="1"/><G82/><REACH who="3" ten="295,396,193,106" step="2"/><T104/><D104/><U13/><E7/><V33/><F33/><W93/><G93/><AGARI ba="2,1" hai="12,13,37,43,45,53,57,60,84,88,93" m="41993" machi="93" ten="30,11600,0" yaku="14,1,10,1,52,1,54,1" doraHai="87" who="1" fromWho="3" sc="295,0,396,132,193,0,106,-122" owari="295,10.0,528,63.0,193,-21.0,-16,-52.0" /></mjloggm>