<mjloggm ver="2.3"><GO type="97" lobby="0"/><UN n0="%E3%83%AF%E3%82%AF%E3%83%AF%E3%82%AF" n1="%4A%4F%48%4E%2E%54" n2="%61%6B%6B%6B%6B%6B%6F" n3="%E5%B0%B1%E6%B4%BB%E7%94%9F%40%E5%B7%9D%E6%9D%91%E8%BB%8D%E5%9B%A3" dan="14,14,13,13" rate="1961.05,1962.43,1868.48,1897.03" sx="M,M,F,M"/><TAIKYOKU oya="0"/><INIT seed="0,0,0,3,3,68" ten="250,250,250,250" oya="0" hai0="29,47,103,120,33,111,0,78,4,114,43,105,12" hai1="92,125,91,18,46,72,9,27,45,62,95,1,69" hai2="21,71,86,7,5,80,51,75,107,54,81,126,98" hai3="115,55,28,109,38,74,40,39,59,6,35,57,20"/><T37/><D12/><U23/><E72/><V50/><F71/><W25/><G115/><T110/><D114/><U48/><E125/><V129/><F75/><W63/><G74/><T84/><D120/><U70/><E95/><V15/><F126/><W121/><G121/><T112/><D112/><U3/><E46/><V24/><F129/><W36/><G109/><N who="0" m="41483" /><D84/><U89/><E89/><V133/><F133/><W30/><G6/><T19/><D19/><U58/><E70/><V61/><F98/><W60/><G40/><T52/><D52/><U26/><E69/><V122/><F122/><W73/><G73/><T85/><D85/><U100/><E100/><V82/><F86/><W116/><G116/><T49/><D78/><U104/><E27/><V65/><F65/><W102/><G102/><T64/><D64/><U34/><E9/><N who="2" m="4527" /><F7/><W128/><G128/><T96/><D29/><U99/><E104/><V79/><F79/><W77/><G77/><T132/><D33/><U106/><E34/><V32/><F32/><W56/><G55/><T67/><D67/><U13/><E13/><V87/><F87/><W88/><G35/><T66/><D66/><U131/><E131/><V2/><F2/><W97/><REACH who="3" step="1"/><G30/><REACH who="3" ten="250,250,250,240" step="2"/><T123/><D123/><U41/><E106/><V11/><F107/><W93/><AGARI ba="0,1" hai="20,25,28,36,38,39,56,57,59,60,63,88,93,97" machi="93" ten="40,12000,2" yaku="1,1,2,1,0,1,52,3,54,1,53,0" doraHai="68" doraHaiUra="31" who="3" fromWho="3" sc="250,-60,250,-30,250,-30,240,130" /><INIT seed="1,0,0,1,4,21" ten="190,220,220,370" oya="1" hai0="41,87,50,39,25,27,18,57,124,86,119,64,116" hai1="108,14,89,117,6,69,31,17,80,85,48,49,66" hai2="2,106,30,88,135,76,37,42,58,100,20,79,127" hai3="109,5,36,52,1,46,103,132,67,24,78,26,59"/><U92/><E117/><V33/><F2/><W70/><G132/><T44/><D124/><U105/><E105/><V83/><F127/><W9/><G109/><T134/><D134/><U65/><E108/><V95/><F135/><W4/><G4/><T102/><D102/><U81/><E6/><V56/><F33/><W93/><G78/><T51/><D116/><U114/><E69/><V96/><F42/><W10/><G10/><T12/><D119/><U29/><E66/><V129/><F129/><W38/><G70/><T74/><D74/><U55/><E65/><V112/><F112/><W62/><G36/><T115/><D39/><U23/><E49/><V84/><F37/><W63/><G38/><T98/><D98/><U71/><E71/><V122/><F122/><W94/><G103/><T53/><D64/><U45/><E114/><V120/><F120/><W8/><G8/><N who="0" m="6407" /><D115/><U128/><E128/><V75/><F79/><W40/><G40/><T16/><D16/><U32/><E32/><V110/><F110/><W7/><G7/><T22/><D22/><U121/><E121/><V43/><F43/><W34/><G34/><T123/><D123/><U126/><E126/><V72/><F75/><W68/><G46/><T133/><D133/><U61/><E61/><V101/><F100/><W104/><G104/><T47/><D47/><U13/><E13/><V125/><F125/><W0/><G0/><T28/><D28/><AGARI ba="0,0" hai="14,17,23,28,29,31,45,48,55,80,81,85,89,92" machi="28" ten="40,2000,0" yaku="8,1" doraHai="21" who="1" fromWho="0" sc="190,-20,220,20,220,0,370,0" /><INIT seed="1,1,0,4,3,26" ten="170,240,220,370" oya="1" hai0="15,121,122,45,55,19,88,33,7,29,83,105,64" hai1="36,86,125,135,87,132,12,119,78,52,13,108,34" hai2="116,35,2,91,56,93,72,95,28,107,3,20,110" hai3="66,90,89,8,112,76,71,79,42,97,104,5,99"/><U118/><E36/><V27/><F107/><W133/><G112/><T70/><D105/><U48/><E34/><V84/><F116/><N who="1" m="44585" /><E125/><V46/><F72/><W131/><G133/><N who="1" m="51274" /><E108/><V63/><F35/><W69/><G131/><T17/><D7/><U54/><E78/><V24/><F24/><W62/><G42/><T74/><D70/><U9/><E54/><V50/><F95/><W53/><G53/><T96/><D64/><U113/><E13/><V98/><F84/><W6/><G104/><T81/><D74/><U117/><N who="1" m="44593" /><U92/><DORA hai="75" /><E92/><V115/><F110/><W18/><G18/><T39/><D19/><N who="1" m="8591" /><E113/><V77/><F115/><W101/><G101/><T128/><D39/><U37/><E37/><V103/><F91/><W114/><G114/><T130/><D130/><U0/><E0/><V43/><REACH who="2" step="1"/><F77/><REACH who="2" ten="170,240,210,370" step="2"/><W31/><G79/><T41/><D128/><U51/><E51/><V106/><F106/><W47/><G76/><T123/><D88/><U120/><E120/><N who="0" m="30721" /><T16/><DORA hai="102" /><D33/><U61/><E48/><V1/><F1/><W25/><G89/><T73/><D73/><U21/><E87/><V60/><F60/><W109/><G90/><T111/><D111/><U85/><E61/><V94/><F94/><W80/><G62/><T49/><D49/><U58/><E86/><V68/><F68/><W30/><G25/><T57/><D83/><U32/><E85/><V124/><F124/><W40/><G80/><T38/><D81/><U134/><N who="1" m="51282" /><U4/><DORA hai="10" /><E32/><V129/><F129/><W82/><G109/><T67/><D38/><RYUUKYOKU ba="1,1" sc="170,-10,240,-10,210,30,370,-10" hai2="2,3,20,27,28,43,46,50,56,63,93,98,103" /><INIT seed="2,2,1,3,5,38" ten="160,230,240,360" oya="2" hai0="73,27,6,75,62,10,51,5,61,101,28,64,109" hai1="4,54,26,59,91,19,63,74,82,129,2,107,45" hai2="78,29,18,84,128,110,70,8,1,47,37,33,118" hai3="12,92,71,32,65,126,31,21,135,11,69,83,105"/><V46/><F70/><W49/><G105/><T125/><D109/><U106/><E129/><V97/><F118/><W116/><G116/><T77/><D125/><U23/><E2/><V88/><F128/><W130/><G126/><T34/><D101/><U72/><E4/><V115/><F115/><W98/><G130/><T24/><D77/><U14/><E74/><V39/><F110/><W112/><G32/><T68/><D62/><U22/><E45/><V113/><F113/><W89/><G112/><T15/><D5/><U127/><E127/><V95/><F1/><W111/><G111/><T79/><D79/><U20/><E20/><V90/><F39/><W132/><G49/><T93/><D93/><U7/><E7/><V50/><F29/><W48/><G48/><T3/><D27/><U122/><E122/><V58/><F33/><W131/><G83/><T102/><D102/><U52/><E54/><N who="2" m="32087" /><F78/><W76/><G76/><T108/><D108/><U53/><E53/><V40/><F40/><W80/><G80/><T56/><D3/><U17/><REACH who="1" step="1"/><E72/><REACH who="1" ten="160,220,240,360" step="2"/><V96/><F37/><W66/><G21/><T0/><D0/><U119/><E119/><V30/><F47/><W124/><G131/><T42/><D42/><U123/><E123/><V117/><F117/><W35/><G124/><T100/><D100/><U86/><AGARI ba="2,2" hai="14,17,19,22,23,26,52,59,63,82,86,91,106,107" machi="86" ten="30,7900,0" yaku="1,1,0,1,54,1,53,1" doraHai="38" doraHaiUra="81" who="1" fromWho="1" sc="160,-22,220,105,240,-41,360,-22" /><INIT seed="3,0,0,0,4,50" ten="138,325,199,338" oya="3" hai0="20,86,72,41,58,104,44,61,26,40,47,92,55" hai1="1,121,134,67,133,76,2,16,75,87,131,117,37" hai2="27,69,103,81,91,115,54,11,12,43,95,52,18" hai3="42,63,6,45,123,57,90,94,128,105,85,48,96"/><W93/><G123/><T74/><D104/><U62/><E121/><V129/><F115/><W22/><G128/><T7/><D7/><U13/><E37/><V125/><F129/><W79/><G105/><T35/><D35/><U119/><E75/><V30/><F125/><W39/><G39/><T64/><D44/><U70/><E131/><V28/><F69/><W14/><G79/><T53/><D74/><U83/><E2/><V33/><F43/><W9/><G22/><T127/><D72/><U65/><E65/><V118/><F30/><W113/><G113/><T31/><D127/><U23/><E1/><V109/><F109/><W116/><G116/><AGARI ba="0,0" hai="13,16,23,62,67,70,76,83,87,116,117,119,133,134" machi="116" ten="40,2600,0" yaku="12,1,54,1" doraHai="50" who="1" fromWho="3" sc="138,0,325,26,199,0,338,-26" owari="138,-36.0,351,45.0,199,-20.0,312,11.0" /></mjloggm>