<mjloggm ver="2.3"><GO type="97" lobby="0"/><UN n0="%73%75%6B%61%70%61%6E" n1="%E3%82%A6%E3%83%AB%E3%83%88%E3%83%A9%E7%AB%8B%E7%9B%B4" n2="%E9%A6%AC%E5%90%8A%E7%89%88%E6%9C%A8" n3="%E7%99%BD%E5%B9%A1%E5%A4%A9%E5%AE%88%E9%96%A3" dan="14,15,13,14" rate="1901.44,1957.33,1868.32,1901.03" sx="M,M,M,F"/><TAIKYOKU oya="0"/><INIT seed="0,0,0,2,5,6" ten="250,250,250,250" oya="0" hai0="53,92,120,112,61,0,58,134,27,90,21,83,125" hai1="109,43,45,93,40,70,41,84,46,102,44,130,110" hai2="80,114,32,33,7,25,97,10,49,38,51,52,64" hai3="14,87,77,42,34,107,68,78,56,79,106,105,85"/><T30/><D120/><U2/><E2/><V31/><F38/><W76/><G68/><T113/><D0/><U55/><E102/><V5/><F114/><W28/><G42/><T35/><D134/><U4/><E4/><V82/><F64/><W24/><N who="3" m="19456" /><DORA hai="37" /><W118/><G118/><T124/><D83/><U100/><E70/><V19/><F97/><W63/><REACH who="3" step="1"/><G14/><REACH who="3" ten="250,250,250,240" step="2"/><T88/><D113/><U50/><E130/><V71/><F71/><W123/><G123/><T96/><D112/><U101/><E101/><V135/><F135/><W57/><G57/><T86/><D35/><U69/><E69/><V48/><F33/><W98/><G98/><T131/><D131/><U12/><E12/><V36/><F36/><W3/><G3/><T39/><D39/><U47/><REACH who="1" step="1"/><E100/><REACH who="1" ten="250,240,250,240" step="2"/><V116/><F116/><W128/><G128/><T74/><D74/><U11/><E11/><V126/><F10/><W67/><AGARI ba="0,2" hai="24,28,34,56,63,67,85,87,105,106,107" m="19456" machi="67" ten="50,6400,0" yaku="1,1,0,1,53,1" doraHai="6,37" doraHaiUra="13,26" who="3" fromWho="3" sc="250,-32,240,-16,250,-16,240,84" /><INIT seed="1,0,0,3,2,54" ten="218,224,234,324" oya="1" hai0="7,123,127,46,66,64,96,39,129,107,130,1,20" hai1="95,55,124,31,30,109,58,67,6,121,50,84,18" hai2="34,32,106,113,70,108,68,47,63,103,104,60,51" hai3="76,3,115,120,122,75,99,35,59,41,91,24,85"/><U9/><E124/><V38/><F108/><W17/><G3/><T119/><D119/><U87/><E121/><V22/><F38/><W72/><G115/><T105/><D127/><U128/><E128/><V2/><F2/><W33/><G41/><T90/><D20/><U86/><E109/><V14/><F113/><W42/><G42/><N who="0" m="22879" /><D7/><U135/><E135/><V78/><F78/><W25/><G76/><T15/><D1/><U21/><E95/><V132/><F132/><W40/><G40/><T71/><D15/><N who="1" m="5559" /><E67/><V74/><F74/><W5/><G5/><T45/><D45/><U19/><E18/><V112/><F112/><W4/><G4/><T83/><D123/><U101/><E101/><V80/><F80/><W23/><G17/><T111/><D111/><U57/><E57/><V13/><F103/><W44/><G75/><T37/><D37/><U49/><E49/><V133/><F133/><W116/><G72/><T92/><D64/><U16/><E19/><V94/><F51/><W102/><G120/><T100/><D66/><U117/><E117/><V29/><F29/><W89/><G116/><T56/><D71/><U93/><E93/><V134/><F134/><W88/><G122/><T52/><D83/><U114/><E114/><V110/><F110/><W97/><G102/><T131/><D100/><U0/><E0/><V81/><F70/><W27/><G59/><T26/><D26/><AGARI ba="0,0" hai="16,21,26,30,31,50,55,58,84,86,87" m="5559" machi="26" ten="30,5800,0" yaku="8,1,52,1,54,1" doraHai="54" who="1" fromWho="0" sc="218,-58,224,58,234,0,324,0" /><INIT seed="1,1,0,0,4,115" ten="160,282,234,324" oya="1" hai0="25,75,55,131,71,7,20,99,110,6,32,70,9" hai1="66,44,63,88,62,113,90,53,35,135,102,58,45" hai2="24,3,13,30,121,91,93,81,79,15,16,122,5" hai3="124,83,132,84,8,23,74,27,69,112,133,65,118"/><U129/><E35/><V87/><F3/><W68/><G74/><T42/><D75/><U126/><E113/><V128/><F128/><W36/><G36/><T111/><D131/><U26/><E126/><V46/><F46/><W130/><G112/><T64/><D42/><U43/><E129/><V39/><F39/><W29/><G130/><T14/><D99/><U34/><E135/><V51/><F51/><W117/><G8/><T96/><D55/><U101/><E34/><V89/><F89/><N who="1" m="34409" /><E26/><V0/><F0/><W18/><G29/><N who="0" m="19503" /><D96/><U98/><E98/><V59/><F5/><N who="0" m="1546" /><D64/><U1/><E1/><V114/><F13/><W31/><G31/><T33/><D71/><N who="3" m="27209" /><G124/><T127/><D70/><U95/><E95/><V21/><F114/><W116/><G65/><T19/><D127/><U2/><E2/><V17/><F17/><W82/><G84/><T85/><D85/><U67/><E67/><V106/><F106/><W47/><G47/><N who="1" m="17994" /><E43/><V38/><F38/><W56/><G56/><AGARI ba="1,0" hai="53,56,58,62,63,66,101,102" m="17994,34409" machi="56" ten="30,2900,0" yaku="8,1,54,1" doraHai="115" who="1" fromWho="3" sc="160,0,282,32,234,0,324,-32" /><INIT seed="1,2,0,4,4,4" ten="160,314,234,292" oya="1" hai0="74,7,115,70,80,73,31,19,87,72,71,15,60" hai1="25,113,24,3,114,28,33,23,51,29,108,44,91" hai2="14,93,109,32,104,100,112,50,84,77,43,11,78" hai3="17,13,105,27,26,121,61,122,125,85,5,119,95"/><U56/><E3/><V131/><F109/><W2/><G105/><T79/><D115/><U58/><E108/><V103/><F131/><W123/><G61/><T111/><D7/><U12/><E12/><V129/><F129/><W21/><G85/><T10/><D111/><U46/><E91/><V89/><F32/><W65/><G95/><T97/><D31/><U135/><E135/><V130/><F130/><W9/><G65/><T40/><D40/><U8/><E23/><V66/><F66/><W88/><G88/><T116/><D116/><U110/><E51/><V55/><F43/><W49/><G49/><T107/><D60/><U117/><E110/><V1/><F1/><W124/><G119/><T82/><REACH who="0" step="1"/><D80/><REACH who="0" ten="150,314,234,292" step="2"/><U22/><E117/><V126/><F112/><W68/><G68/><T96/><D96/><U38/><E113/><V64/><F126/><AGARI ba="2,1" hai="2,5,9,13,17,21,26,27,121,122,123,124,125,126" machi="126" ten="50,8000,1" yaku="18,1,34,3,52,1" doraHai="4" who="3" fromWho="2" sc="150,0,314,0,234,-86,292,96" /><INIT seed="2,0,0,0,4,13" ten="150,314,148,388" oya="2" hai0="14,65,131,88,130,51,117,68,118,123,25,113,33" hai1="1,46,100,61,116,99,82,128,12,7,84,4,97" hai2="124,11,2,55,91,26,74,6,109,75,42,52,40" hai3="106,47,94,78,77,122,67,48,18,95,92,58,98"/><V10/><F124/><W56/><G122/><T5/><D68/><U73/><E73/><V112/><F112/><W23/><G106/><T104/><D104/><U66/><E1/><V31/><F109/><W32/><G32/><T15/><D65/><U62/><E128/><N who="0" m="49193" /><D123/><U34/><E34/><V49/><F55/><N who="3" m="30111" /><G98/><T120/><D51/><U24/><E24/><V72/><F11/><W17/><G23/><T71/><D71/><U121/><E46/><V8/><F8/><W93/><G93/><T89/><D120/><U69/><E121/><V41/><F91/><N who="0" m="34890" /><D5/><U38/><E66/><V59/><REACH who="2" step="1"/><F75/><REACH who="2" ten="150,314,138,388" step="2"/><W70/><G67/><T125/><D113/><U64/><E64/><V30/><F30/><W60/><G70/><T0/><D125/><U111/><E69/><V129/><F129/><W44/><G78/><T90/><D0/><U115/><E111/><V54/><F54/><W133/><G77/><T134/><D134/><U80/><E115/><V29/><F29/><W110/><G133/><T3/><D3/><U22/><E4/><V132/><F132/><W57/><G110/><T81/><D118/><U127/><E7/><V45/><F45/><W107/><G44/><T43/><D117/><U50/><E116/><V103/><F103/><W76/><G76/><T108/><D108/><U35/><E100/><V83/><F83/><W101/><G101/><T85/><D43/><U63/><E127/><V126/><F126/><W87/><G58/><T20/><D33/><AGARI ba="0,1" hai="2,6,10,26,31,33,40,41,42,49,52,59,72,74" machi="33" ten="40,3900,0" yaku="1,1,54,1,53,0" doraHai="13" doraHaiUra="135" who="2" fromWho="0" sc="150,-39,314,0,138,49,388,0" /><INIT seed="2,1,0,1,4,126" ten="111,314,187,388" oya="2" hai0="35,40,60,135,71,106,58,0,9,34,78,88,7" hai1="54,57,30,133,20,76,107,131,77,80,3,70,127" hai2="84,74,108,111,114,119,31,41,100,98,124,130,11" hai3="23,14,134,125,32,43,75,128,52,2,49,44,96"/><V15/><F119/><W102/><G128/><T5/><D135/><U13/><E3/><V112/><F124/><W95/><G32/><T19/><D106/><U18/><E107/><V118/><F118/><W17/><G2/><T101/><D101/><U1/><E1/><V104/><F74/><W97/><G75/><T8/><D40/><U51/><E70/><V68/><F68/><W85/><G125/><T129/><D71/><U99/><E127/><V69/><F69/><W55/><G134/><T122/><D78/><U53/><E133/><V25/><F41/><W121/><G121/><T46/><D122/><U6/><E131/><V66/><F66/><W61/><G85/><T50/><D19/><U21/><E6/><V113/><F84/><W109/><G109/><N who="2" m="42057" /><F130/><W65/><G96/><T89/><D129/><U132/><E132/><V86/><F86/><W82/><G82/><T56/><D0/><U93/><E80/><V48/><F48/><W36/><G36/><T22/><D22/><U79/><E53/><V42/><F42/><W123/><G123/><T72/><D72/><U39/><E39/><V12/><F11/><W4/><G4/><T87/><D87/><U37/><E37/><V115/><N who="2" m="29184" /><DORA hai="105" /><V24/><F24/><W45/><G45/><T26/><D46/><U120/><E120/><V27/><F27/><W29/><G43/><T28/><D26/><N who="1" m="16711" /><E77/><V10/><F10/><W92/><G65/><T47/><D47/><U73/><E73/><V116/><F116/><W103/><G44/><T63/><D50/><U94/><E99/><V38/><F38/><RYUUKYOKU ba="1,0" sc="111,10,314,10,187,10,388,-30" hai0="5,7,8,9,28,34,35,56,58,60,63,88,89" hai1="13,18,21,51,54,57,76,79,93,94" hai2="12,15,25,31,98,100,104" /><INIT seed="2,2,0,0,3,79" ten="121,324,197,358" oya="2" hai0="99,74,40,131,87,70,82,127,110,124,75,10,3" hai1="103,5,91,125,6,2,68,132,45,7,56,122,107" hai2="41,130,114,42,66,55,0,12,15,51,119,115,61" hai3="39,28,94,47,104,120,117,29,81,76,27,49,62"/><V9/><F119/><W37/><G104/><T59/><D70/><U89/><E68/><V63/><F130/><W78/><G78/><T98/><D40/><U129/><E103/><V60/><F66/><W86/><G29/><T80/><D59/><U100/><E100/><V128/><F128/><W13/><G62/><T35/><D131/><U112/><E107/><V36/><F36/><W57/><G57/><T30/><D30/><U133/><E129/><V90/><F0/><W19/><G94/><T88/><D35/><U65/><E112/><V109/><F109/><W102/><G102/><T11/><D110/><U101/><E101/><V134/><F134/><W83/><G83/><N who="0" m="31787" /><D3/><U22/><E2/><V97/><F115/><W64/><G39/><T85/><D11/><U34/><E56/><N who="2" m="32895" /><F114/><W71/><G37/><T58/><D58/><U93/><E34/><V54/><F54/><W26/><G64/><T67/><D10/><U50/><E65/><V111/><F111/><W43/><G71/><T135/><D135/><U25/><E132/><V121/><F121/><W52/><G120/><T32/><D32/><U44/><E122/><V69/><F69/><W92/><G43/><N who="2" m="16393" /><F9/><W20/><G52/><T113/><D113/><U53/><E133/><V24/><F24/><W106/><G27/><T72/><D67/><U116/><E45/><V126/><F126/><N who="0" m="48170" /><D88/><U16/><E125/><V84/><F97/><AGARI ba="2,0" hai="72,74,75,85,87,97,98,99" m="48170,31787" machi="97" ten="40,16000,3" yaku="28,2,18,1,34,2,52,3" doraHai="79" who="0" fromWho="2" sc="121,166,324,0,197,-166,358,0" /><INIT seed="3,0,0,1,2,45" ten="287,324,31,358" oya="3" hai0="61,36,81,3,116,92,83,122,19,0,40,97,123" hai1="95,90,107,77,15,127,43,2,46,26,21,117,11" hai2="94,69,66,73,20,24,30,5,111,99,75,101,63" hai3="121,56,54,29,42,16,85,57,109,51,25,79,96"/><W132/><G121/><T28/><D116/><U134/><E107/><V50/><F111/><W100/><G42/><T118/><D118/><U114/><E114/><V135/><F135/><W23/><G132/><T32/><D123/><U55/><E134/><V59/><F69/><W17/><G109/><T87/><D122/><U53/><E127/><V93/><F5/><W67/><G85/><T52/><D0/><U104/><E104/><V108/><F108/><W124/><G79/><T62/><D3/><U80/><E2/><V38/><F38/><W1/><G1/><T41/><D36/><U126/><E126/><V27/><F27/><W119/><G119/><T64/><D32/><U102/><E102/><V98/><REACH who="2" step="1"/><F50/><REACH who="2" ten="287,324,21,358" step="2"/><W131/><G124/><T78/><D83/><U58/><E117/><V128/><F128/><W49/><G49/><T34/><D34/><U33/><E33/><V13/><F13/><W72/><G51/><T106/><D106/><U35/><E35/><V4/><F4/><W84/><G25/><T105/><D105/><U6/><E58/><V125/><F125/><W22/><G57/><T68/><D28/><U7/><E7/><V60/><F60/><W89/><G56/><T115/><D115/><U12/><E12/><V47/><F47/><W82/><G29/><T110/><D110/><U103/><E46/><V37/><F37/><W88/><G131/><T48/><D62/><U9/><E15/><V31/><F31/><W70/><G70/><T113/><D113/><U74/><E26/><V65/><F65/><W86/><G67/><T10/><D68/><RYUUKYOKU ba="0,1" sc="287,-10,324,-10,21,30,358,-10" hai2="20,24,30,59,63,66,73,75,93,94,98,99,101" owari="277,-12.0,314,11.0,51,-45.0,358,46.0" /></mjloggm>