<mjloggm ver="2.3"><GO type="97" lobby="0"/><UN n0="%E3%82%B6%E3%82%AA%E3%83%AA%E3%82%AF%E5%BF%8D" n1="%E3%82%A6%E3%83%AB%E3%83%88%E3%83%A9%E7%AB%8B%E7%9B%B4" n2="%54%41%44" n3="%E8%90%BD%E6%B0%B4" dan="15,14,14,14" rate="2044.41,1960.28,1918.41,1961.61" sx="M,M,M,M"/><TAIKYOKU oya="0"/><INIT seed="0,0,0,1,5,47" ten="250,250,250,250" oya="0" hai0="105,71,77,88,107,116,106,84,1,13,89,2,123" hai1="44,57,100,97,110,51,115,73,82,7,122,3,58" hai2="134,112,53,113,85,65,5,101,118,33,93,86,99" hai3="129,59,40,48,64,22,132,42,10,35,12,0,20"/><T102/><D123/><U121/><E115/><V96/><F33/><W92/><G35/><T95/><D71/><U131/><E131/><V68/><F118/><W6/><G129/><T83/><D13/><U30/><E110/><V111/><F5/><W63/><G132/><T17/><D17/><U45/><E3/><V18/><F18/><W126/><G0/><T94/><D2/><U36/><E7/><V120/><F68/><W79/><G126/><T24/><D24/><U127/><E30/><V8/><F65/><W98/><G79/><T29/><D29/><U128/><E128/><V52/><F8/><W114/><G114/><T38/><D38/><U74/><E127/><V81/><F120/><W103/><G40/><T125/><D1/><U119/><E119/><V135/><F111/><W43/><REACH who="3" step="1"/><G42/><REACH who="3" ten="250,250,250,240" step="2"/><T76/><D125/><U11/><E121/><V34/><F34/><W130/><G130/><T104/><D116/><U4/><E122/><V66/><F112/><W46/><AGARI ba="0,1" hai="6,10,12,20,22,43,46,48,59,63,64,92,98,103" machi="46" ten="30,8000,1" yaku="1,1,0,1,8,1,52,1,53,1" doraHai="47" doraHaiUra="55" who="3" fromWho="3" sc="250,-40,250,-20,250,-20,240,90" /><INIT seed="1,0,0,1,2,80" ten="210,230,230,330" oya="1" hai0="131,100,37,33,84,42,59,87,92,114,47,109,23" hai1="120,25,6,124,9,72,66,116,83,30,107,29,110" hai2="111,39,71,115,19,67,121,35,1,134,101,82,46" hai3="90,127,118,53,68,15,32,76,20,40,12,58,43"/><U24/><E107/><V93/><F121/><W94/><G32/><T73/><D114/><U65/><E120/><V10/><F115/><W133/><G68/><T60/><D33/><U75/><E116/><V79/><F35/><W69/><G69/><T97/><D73/><U17/><E17/><V123/><F123/><W78/><G118/><T45/><D109/><U86/><E110/><V126/><F111/><W44/><G133/><T104/><D131/><U21/><E124/><V135/><F71/><W81/><G127/><T7/><D104/><U106/><E106/><V98/><F67/><W64/><G64/><N who="0" m="38943" /><D37/><U89/><E75/><V130/><F126/><W14/><G20/><T34/><D34/><U105/><E105/><V108/><F108/><W61/><G44/><N who="0" m="16971" /><D42/><N who="3" m="15913" /><G81/><T49/><D7/><U4/><E72/><V51/><F39/><W38/><G38/><T128/><D128/><U5/><E9/><V48/><F130/><W18/><G18/><T52/><D23/><AGARI ba="0,0" hai="4,5,6,21,23,24,25,29,30,65,66,83,86,89" machi="23" ten="40,7700,0" yaku="9,1,8,1,52,1" doraHai="80" who="1" fromWho="0" sc="210,-77,230,77,230,0,330,0" /><INIT seed="1,1,0,0,5,83" ten="133,307,230,330" oya="1" hai0="15,26,41,116,3,68,23,106,85,100,0,20,79" hai1="128,134,63,62,133,54,127,7,93,45,92,29,11" hai2="56,60,74,131,57,115,90,81,52,6,48,105,117" hai3="130,49,4,135,18,111,75,61,1,33,84,76,14"/><U77/><E29/><V72/><F117/><W124/><G75/><T22/><D68/><U70/><E77/><V97/><F115/><W31/><G61/><T104/><D41/><U132/><E127/><V112/><F112/><W78/><G49/><T17/><D116/><U98/><E128/><V53/><F131/><W27/><G130/><T65/><D65/><N who="1" m="41271" /><E98/><V16/><F105/><W35/><G35/><T47/><D47/><U118/><E118/><V113/><F113/><W120/><G120/><T25/><D100/><U114/><E114/><V108/><F6/><W71/><G71/><T91/><D79/><U126/><E126/><V9/><F108/><W89/><G111/><T30/><D104/><U88/><E88/><V102/><F72/><W99/><G99/><T13/><D106/><U59/><E45/><V86/><F74/><W44/><G44/><T2/><REACH who="0" step="1"/><D23/><REACH who="0" ten="123,307,230,330" step="2"/><U121/><E121/><V5/><F102/><W119/><G119/><T24/><D24/><U36/><E36/><V8/><F5/><W19/><G78/><T123/><D123/><U125/><E125/><V55/><F55/><W40/><G76/><T110/><D110/><U38/><E38/><V34/><F34/><W66/><G33/><T50/><D50/><U122/><E122/><V73/><F73/><W12/><G124/><T101/><D101/><U96/><E7/><V46/><F46/><W51/><G4/><T32/><D32/><U95/><E11/><V82/><F8/><W37/><G37/><T42/><D42/><U103/><AGARI ba="1,1" hai="54,59,63,92,93,95,96,103,132,133,134" m="41271" machi="103" ten="30,1500,0" yaku="20,1" doraHai="83" who="1" fromWho="1" sc="123,-6,307,28,230,-6,330,-6" /><INIT seed="1,2,0,5,0,21" ten="117,335,224,324" oya="1" hai0="68,9,86,27,94,112,105,3,29,47,37,31,106" hai1="127,36,67,96,18,98,41,129,7,103,90,83,115" hai2="132,35,60,71,43,135,79,77,109,118,81,26,59" hai3="72,102,33,133,13,2,99,42,17,10,126,121,52"/><U23/><E115/><V58/><F118/><W134/><G72/><T70/><D112/><U8/><E127/><V84/><F43/><W130/><G121/><T119/><D119/><U88/><E129/><V48/><F109/><W116/><G116/><T4/><D86/><U131/><E131/><V74/><F71/><W120/><G130/><T46/><D94/><U69/><E69/><N who="0" m="26729" /><D46/><U6/><E67/><V65/><F48/><W110/><G120/><T51/><D31/><U57/><E36/><V100/><F100/><W85/><G33/><N who="0" m="20671" /><D51/><U34/><E34/><V14/><F59/><W40/><G126/><T25/><D25/><N who="1" m="14583" /><E41/><AGARI ba="2,0" hai="3,4,9,37,41,47,105,106" m="20671,26729" machi="41" ten="30,3900,0" yaku="33,2,52,1" doraHai="21" who="0" fromWho="1" sc="117,45,335,-45,224,0,324,0" /><INIT seed="2,0,0,1,3,89" ten="162,290,224,324" oya="2" hai0="7,14,21,11,57,106,84,104,103,24,85,52,60" hai1="28,53,99,36,46,70,105,123,92,30,71,12,115" hai2="15,88,65,91,120,109,87,74,132,102,83,134,8" hai3="33,118,1,51,116,23,82,133,0,95,40,17,135"/><V41/><F120/><W50/><G33/><T34/><D34/><U119/><E115/><V29/><F41/><W4/><G82/><T10/><D103/><U64/><E105/><V38/><F38/><W94/><G4/><T68/><D68/><U39/><E119/><V44/><F29/><W131/><G131/><T59/><D59/><U20/><E123/><V73/><F65/><W130/><G130/><T96/><D96/><U6/><E70/><V112/><F112/><W3/><G40/><T54/><D54/><U90/><E39/><V79/><F44/><W78/><G78/><T127/><D127/><U114/><E114/><V128/><F128/><W110/><G110/><T9/><D104/><U13/><E36/><V55/><F55/><W108/><G108/><T129/><D106/><U98/><E64/><V27/><F109/><W26/><G51/><T37/><D37/><U75/><E75/><N who="2" m="28683" /><F27/><W67/><G50/><T77/><D129/><U58/><E71/><V35/><F35/><W126/><G67/><T100/><D100/><U81/><E46/><V117/><F117/><N who="3" m="45163" /><G126/><T72/><D72/><U97/><E58/><V86/><F15/><W66/><G66/><T62/><D62/><U76/><E53/><V45/><F45/><W16/><G17/><N who="0" m="12335" /><D84/><N who="1" m="48167" /><E13/><V121/><F8/><W125/><G125/><T32/><D32/><U25/><E30/><V2/><F2/><W49/><G0/><T107/><D107/><U56/><E56/><V122/><F102/><W18/><G1/><T31/><D31/><U61/><E61/><V124/><F124/><W80/><G3/><RYUUKYOKU ba="0,0" sc="162,15,290,15,224,-15,324,-15" hai0="7,9,10,11,14,52,57,60,77,85" hai1="6,12,20,25,28,90,92,97,98,99" /><INIT seed="3,1,0,2,5,62" ten="177,305,209,309" oya="3" hai0="4,114,109,91,0,74,19,103,104,31,71,112,29" hai1="77,95,92,11,52,33,118,81,10,82,66,40,90" hai2="35,45,47,106,94,55,9,57,59,105,61,110,85" hai3="58,20,60,119,131,5,113,121,84,32,86,124,41"/><W126/><G113/><N who="0" m="43627" /><D71/><U65/><E33/><V14/><F35/><W25/><G119/><T34/><D74/><U18/><E40/><V117/><F117/><W53/><G32/><T48/><D48/><U68/><E68/><V115/><F115/><W107/><G107/><T96/><D91/><U135/><E135/><V129/><F110/><W56/><G121/><T116/><D104/><U79/><E52/><N who="2" m="33959" /><F129/><W3/><G41/><T132/><D103/><U13/><E118/><V87/><F106/><W69/><G69/><T127/><D96/><U51/><E51/><N who="2" m="31231" /><F105/><W89/><G58/><T76/><D76/><N who="1" m="29259" /><E11/><V101/><F101/><W100/><G100/><T70/><D70/><U2/><E2/><V15/><F94/><N who="1" m="35881" /><E82/><V125/><F125/><N who="3" m="48235" /><G131/><T108/><D127/><U98/><E98/><V67/><F67/><W97/><G97/><T8/><D116/><U93/><N who="1" m="35889" /><U80/><DORA hai="24" /><E80/><V73/><F73/><W23/><G89/><T83/><D83/><U6/><E90/><V1/><F1/><W28/><G3/><T102/><D102/><U134/><E81/><V36/><F36/><W130/><G130/><T30/><D132/><U122/><E134/><V49/><F47/><W26/><G84/><N who="2" m="32329" /><F9/><W75/><G86/><T88/><D88/><U27/><E122/><V38/><F38/><W37/><G37/><T78/><D78/><U111/><E111/><N who="0" m="42569" /><D34/><U120/><E120/><V133/><F133/><W44/><G75/><T17/><AGARI ba="1,0" hai="0,4,8,17,19,29,30,31" m="42569,43627" machi="17" ten="40,12000,2" yaku="11,1,14,1,34,2,52,3" doraHai="62,24" who="0" fromWho="0" sc="177,123,305,-31,209,-31,309,-61" owari="300,40.0,274,7.0,178,-32.0,248,-15.0" /></mjloggm>