<mjloggm ver="2.3"><GO type="193" lobby="0"/><UN n0="%E6%96%B0%E9%8A%80%E8%A1%8C%E3%83%9D%E3%83%83%E3%82%B1" n1="%4C%65%6E%6F%6E" n2="%E6%AE%8B%E3%81%A1%E3%82%83%E3%82%93" n3="%E5%B0%B1%E6%B4%BB%E7%94%9F%40%E5%B7%9D%E6%9D%91%E8%BB%8D%E5%9B%A3" dan="12,12,12,10" rate="1661.17,1699.77,1917.88,1809.00" sx="M,M,M,M"/><TAIKYOKU oya="0"/><INIT seed="0,0,0,1,5,114" ten="250,250,250,250" oya="0" hai0="80,47,135,61,54,36,98,65,2,101,55,113,60" hai1="7,108,126,53,97,117,89,49,16,125,121,96,103" hai2="9,115,104,69,43,109,88,15,35,116,20,57,94" hai3="18,90,13,14,133,127,25,131,31,17,38,6,4"/><T72/><D113/><U75/><E75/><V93/><F104/><W110/><G38/><T71/><D135/><U129/><E7/><N who="3" m="2602" /><G90/><T24/><D2/><U56/><E121/><V120/><F69/><W12/><G133/><T111/><D111/><U99/><E108/><V79/><F120/><W77/><G77/><T106/><D72/><U92/><E129/><V8/><F35/><N who="3" m="20975" /><G110/><T34/><D80/><U100/><E89/><V3/><F3/><W64/><G64/><T42/><REACH who="0" step="1"/><D61/><REACH who="0" ten="240,250,250,250" step="2"/><U41/><E41/><V84/><F43/><W10/><G131/><T68/><D68/><U119/><E119/><V67/><F116/><W95/><G95/><T85/><D85/><U102/><E117/><V32/><F94/><W105/><G105/><T19/><D19/><N who="3" m="7177" /><G127/><N who="1" m="48650" /><E103/><V124/><F93/><W128/><G128/><T132/><D132/><U51/><E92/><V107/><F124/><W122/><G122/><T44/><D44/><U46/><E16/><AGARI ba="0,1" hai="10,12,13,14,16" m="7177,20975,2602" machi="16" ten="30,12000,2" yaku="35,5,54,1" doraHai="114" who="3" fromWho="1" sc="240,0,250,-120,250,0,250,130" /><INIT seed="1,0,0,3,5,123" ten="240,130,250,380" oya="1" hai0="134,62,85,119,104,43,18,115,78,125,54,37,4" hai1="40,30,45,126,82,90,88,21,81,105,133,71,118" hai2="67,102,83,74,1,34,73,77,103,25,38,94,76" hai3="46,84,59,56,0,92,3,57,69,95,9,36,44"/><U8/><E71/><V13/><F1/><W64/><G69/><T128/><D119/><U75/><E105/><V80/><F38/><W122/><G122/><T31/><D115/><U101/><E118/><V35/><F67/><W19/><G64/><T127/><D104/><U53/><E101/><V14/><F94/><W91/><G36/><T110/><D31/><U58/><E133/><V23/><F23/><W120/><G120/><T113/><D113/><U70/><E70/><V124/><F25/><W109/><G92/><T42/><D4/><U10/><E126/><AGARI ba="0,0" hai="13,14,34,35,73,74,76,77,80,83,102,103,124,126" machi="126" ten="25,1600,0" yaku="22,2" doraHai="123" who="2" fromWho="1" sc="240,0,130,-16,250,16,380,0" /><INIT seed="2,0,0,1,2,45" ten="240,114,266,380" oya="2" hai0="5,125,61,12,112,43,132,31,111,0,41,90,97" hai1="101,18,32,28,131,34,24,11,105,114,4,10,108" hai2="127,81,94,104,129,53,95,122,73,58,42,65,27" hai3="117,98,82,110,38,14,55,133,107,118,29,84,9"/><V119/><F119/><W70/><G70/><T3/><D111/><U57/><E101/><V123/><F104/><W102/><G110/><T13/><D112/><U59/><E105/><V120/><F129/><W83/><G38/><T7/><D125/><U39/><E39/><V36/><F65/><W76/><G133/><T40/><D132/><U86/><E114/><V19/><F127/><W20/><G83/><T48/><D61/><U26/><E131/><V88/><F42/><W71/><G71/><T80/><D31/><U130/><E130/><V22/><F36/><W68/><G68/><T96/><D43/><U63/><E108/><V126/><F126/><W77/><G77/><T74/><D80/><U47/><E47/><V87/><REACH who="2" step="1"/><F73/><REACH who="2" ten="240,114,256,380" step="2"/><W8/><G117/><T16/><D74/><U35/><E86/><V54/><F54/><W21/><G118/><T115/><D115/><U2/><E59/><V46/><F46/><W134/><G55/><T44/><D44/><U103/><E57/><V49/><AGARI ba="0,1" hai="19,22,27,49,53,58,81,87,88,94,95,120,122,123" machi="49" ten="30,11700,0" yaku="1,1,0,1,52,1,54,1,53,0" doraHai="45" doraHaiUra="99" who="2" fromWho="2" sc="240,-39,114,-39,256,127,380,-39" /><INIT seed="2,1,0,1,3,69" ten="201,75,383,341" oya="2" hai0="73,56,132,114,13,36,4,63,5,46,116,31,98" hai1="53,57,58,30,24,78,7,21,130,125,48,124,110" hai2="80,108,20,128,39,8,34,120,19,0,66,99,52" hai3="133,82,83,119,33,1,45,85,17,41,129,111,109"/><V44/><F120/><W9/><G119/><T134/><D114/><U96/><E78/><V79/><F34/><W64/><G33/><T91/><D116/><U68/><E7/><V107/><F128/><W27/><G129/><T22/><D73/><U81/><E81/><V101/><F66/><W47/><G133/><N who="0" m="51307" /><D98/><U71/><E96/><V122/><F122/><W50/><G64/><N who="0" m="39015" /><D91/><U40/><E40/><V15/><F108/><N who="3" m="41547" /><G1/><T88/><D88/><U18/><E110/><V61/><F0/><W65/><G65/><T94/><D94/><U32/><E130/><V23/><F80/><W76/><G83/><T126/><D126/><N who="1" m="48747" /><E58/><V90/><F79/><W103/><G103/><T93/><D93/><U67/><E67/><V16/><F90/><W70/><G70/><T60/><D60/><U135/><E135/><V72/><F72/><W43/><G27/><AGARI ba="1,0" hai="18,21,24,27,30,32,48,53,57,68,71" m="48747" machi="27" ten="30,1000,0" yaku="18,1" doraHai="69" who="1" fromWho="3" sc="201,0,75,13,383,0,341,-13" /><INIT seed="3,0,0,1,2,133" ten="201,88,383,328" oya="3" hai0="54,3,129,61,113,49,97,101,46,18,134,84,82" hai1="20,76,80,73,60,21,95,102,87,72,47,58,44" hai2="123,2,39,68,12,16,27,28,64,128,69,1,37" hai3="53,0,103,15,14,92,93,79,24,43,10,9,66"/><W90/><G0/><T116/><D134/><U4/><E4/><V106/><F123/><W115/><G115/><T118/><D3/><N who="2" m="1034" /><F16/><N who="3" m="8271" /><G43/><T74/><D74/><U25/><E73/><V23/><F12/><W85/><G66/><T65/><D129/><U121/><E72/><V124/><F23/><W109/><G109/><T31/><D18/><U100/><E21/><V62/><F124/><W120/><G120/><T117/><D113/><U98/><E121/><V75/><F69/><W29/><G79/><T105/><D31/><U94/><E94/><V6/><F6/><N who="3" m="3543" /><G24/><T57/><REACH who="0" step="1"/><D118/><REACH who="0" ten="191,88,383,328" step="2"/><U91/><E102/><V78/><F128/><W114/><G29/><T83/><D83/><U50/><E76/><AGARI ba="0,1" hai="46,49,54,57,61,65,76,82,84,97,101,105,116,117" machi="76" ten="30,2000,0" yaku="1,1,7,1,53,0" doraHai="133" doraHaiUra="125" who="0" fromWho="1" sc="191,30,88,-20,383,0,328,0" owari="221,-18.0,68,-43.0,383,48.0,328,13.0" /></mjloggm>