<mjloggm ver="2.3"><GO type="169" lobby="0"/><UN n0="%E3%81%B5%E3%81%98%E3%81%8A" n1="%E3%82%86%E3%81%A3%E3%81%8D%E3%82%85%E3%82%93" n2="%E5%8D%97%E5%9B%BD%E3%81%97%E3%82%8D%E3%81%8F%E3%81%BE" n3="%E3%82%A6%E3%83%AB%E3%83%88%E3%83%A9%E7%AB%8B%E7%9B%B4" dan="17,16,16,17" rate="2158.90,2129.69,2111.91,2219.23" sx="M,F,M,M"/><TAIKYOKU oya="0"/><INIT seed="0,0,0,2,2,134" ten="250,250,250,250" oya="0" hai0="106,33,57,22,27,10,2,88,29,58,97,43,53" hai1="59,62,13,105,31,51,126,38,63,74,82,41,25" hai2="50,80,72,109,54,64,127,125,60,104,129,113,110" hai3="12,95,128,26,98,79,115,24,39,86,17,118,132"/><T101/><D43/><U46/><E105/><V36/><F113/><W4/><G39/><T85/><D33/><U81/><E126/><N who="2" m="48139" /><F104/><W34/><G86/><T37/><D37/><U123/><E123/><V19/><F36/><W114/><G95/><T119/><D119/><U76/><E82/><V121/><F121/><W73/><G98/><T44/><D44/><U92/><E13/><V55/><F129/><W35/><G79/><T100/><D100/><U5/><E92/><V87/><F72/><W103/><G73/><T14/><D2/><U67/><E5/><V32/><F19/><W28/><G4/><T3/><D3/><U61/><E38/><V6/><F6/><W77/><G17/><T133/><D133/><U107/><E107/><V124/><F32/><AGARI ba="0,0" hai="25,31,32,41,46,51,59,61,62,63,67,74,76,81" machi="32" ten="30,1000,0" yaku="7,1" doraHai="134" who="1" fromWho="2" sc="250,0,250,10,250,-10,250,0" /><INIT seed="1,0,0,0,5,74" ten="250,260,240,250" oya="1" hai0="86,34,47,114,17,99,5,119,33,103,110,19,68" hai1="75,92,36,52,122,88,82,104,98,118,60,38,10" hai2="69,30,120,12,43,21,53,126,27,133,96,20,22" hai3="77,101,134,121,44,84,50,91,106,71,1,109,55"/><U24/><E118/><V81/><F120/><W14/><G1/><T80/><D114/><U41/><E122/><V132/><F69/><W25/><G71/><T26/><D68/><U3/><E104/><V57/><F126/><W56/><G121/><T39/><D119/><U125/><E125/><V95/><F43/><W63/><G109/><T130/><D130/><U76/><E41/><V66/><F66/><W37/><G37/><T2/><D110/><U61/><E61/><V116/><F116/><W11/><G134/><N who="2" m="51817" /><F81/><W124/><G124/><T54/><D54/><U83/><E83/><V113/><F12/><W16/><G25/><T8/><D47/><U49/><E60/><N who="2" m="35887" /><F113/><W78/><G101/><AGARI ba="0,0" hai="20,21,22,27,30,95,96,101" m="35887,51817" machi="101" ten="30,1000,0" yaku="20,1" doraHai="74" who="2" fromWho="3" sc="250,0,260,0,240,10,250,-10" /><INIT seed="2,0,0,2,4,36" ten="250,260,250,240" oya="2" hai0="47,62,0,126,46,35,53,75,82,52,44,99,12" hai1="22,41,10,116,96,1,42,55,105,6,66,115,23" hai2="79,33,88,73,9,127,111,21,13,4,91,28,100" hai3="135,84,38,59,54,71,94,69,130,76,77,2,103"/><V25/><F127/><W104/><G2/><T5/><D0/><U16/><E115/><V92/><F33/><W57/><G104/><T132/><D35/><U49/><E116/><V51/><F111/><W85/><G38/><T113/><D126/><U63/><E23/><V106/><F106/><W29/><G29/><T60/><D113/><U3/><E3/><V18/><F73/><W112/><G94/><T120/><D120/><U40/><E96/><N who="2" m="59399" /><F79/><W65/><G65/><T56/><D132/><U90/><E90/><N who="2" m="34347" /><F51/><W24/><G103/><T128/><D99/><U125/><E105/><V95/><F95/><W32/><G32/><T37/><D37/><U117/><E117/><V30/><AGARI ba="0,0" hai="4,9,13,18,21,25,28,30" m="34347,59399" machi="30" ten="30,3000,0" yaku="8,1,54,1" doraHai="36" who="2" fromWho="2" sc="250,-10,260,-10,250,30,240,-10" /><INIT seed="2,1,0,5,4,129" ten="240,250,280,230" oya="2" hai0="74,54,78,35,29,94,52,86,23,28,95,126,76" hai1="79,69,47,51,0,57,135,111,108,44,6,68,30" hai2="116,120,10,50,53,112,15,106,70,58,101,45,84" hai3="27,43,26,105,39,71,31,33,24,128,89,103,114"/><V96/><F120/><W73/><G73/><T82/><D35/><U59/><E30/><V25/><F70/><N who="1" m="27241" /><E79/><V63/><F116/><W72/><G72/><T64/><D64/><U85/><E85/><V122/><F122/><W34/><G128/><T9/><D9/><U123/><E6/><V115/><F25/><W119/><G119/><T81/><D126/><U90/><E90/><V11/><F84/><W80/><G80/><T42/><D42/><N who="1" m="25079" /><E0/><V66/><F11/><W107/><G89/><T19/><D28/><U32/><E32/><V46/><F45/><W16/><G114/><T20/><D29/><U60/><E123/><V49/><F50/><W48/><G48/><T61/><D20/><U17/><E17/><AGARI ba="1,0" hai="10,15,17,46,49,53,58,63,66,96,101,106,112,115" machi="17" ten="30,1500,0" yaku="7,1" doraHai="129" who="2" fromWho="1" sc="240,0,250,-18,280,18,230,0" /><INIT seed="2,2,0,4,2,101" ten="240,232,298,230" oya="2" hai0="95,85,37,45,67,106,0,51,104,119,83,1,42" hai1="5,124,28,132,61,71,94,86,8,125,18,54,39" hai2="96,44,79,17,133,36,121,46,73,31,127,115,109" hai3="4,55,75,21,88,78,50,134,34,53,129,72,130"/><V116/><F121/><W23/><G34/><T69/><D119/><U126/><E39/><V112/><F116/><W60/><G4/><T7/><D95/><U70/><E132/><V92/><F133/><W113/><G134/><T13/><D37/><U63/><E28/><V122/><F122/><W15/><G60/><N who="1" m="23114" /><E18/><V111/><F31/><W65/><G65/><T2/><D67/><U102/><E54/><N who="3" m="20490" /><G15/><T9/><REACH who="0" step="1"/><D69/><REACH who="0" ten="230,232,298,230" step="2"/><U98/><E71/><V47/><F36/><W16/><G113/><T100/><D100/><U68/><E86/><V131/><F115/><W89/><G75/><T19/><D19/><U81/><E81/><N who="2" m="45295" /><F112/><W105/><G16/><T20/><D20/><U114/><E114/><V33/><F17/><W74/><G21/><T11/><D11/><U110/><E110/><N who="2" m="41995" /><F33/><W35/><G35/><T49/><D49/><U32/><E32/><V38/><F38/><W3/><G50/><T22/><D22/><U118/><E118/><V58/><F58/><W52/><G23/><T135/><D135/><U41/><E70/><V123/><F123/><W103/><G74/><T24/><D24/><U56/><E68/><V99/><F99/><W91/><G72/><T30/><D30/><U80/><E56/><V87/><F87/><W59/><G59/><T62/><D62/><U10/><E80/><V25/><F25/><W27/><G27/><T117/><D117/><U29/><E29/><V107/><F92/><W77/><G129/><T12/><D12/><N who="1" m="5135" /><E10/><V84/><F131/><W64/><G130/><T108/><D108/><U128/><E128/><V76/><F96/><RYUUKYOKU ba="2,1" sc="230,15,232,15,298,-15,230,-15" hai0="0,1,2,7,9,13,42,45,51,83,85,104,106" hai1="41,94,98,102,124,125,126" /><INIT seed="3,3,1,3,1,84" ten="245,247,283,215" oya="3" hai0="7,74,106,86,73,49,36,25,80,57,37,38,8" hai1="94,91,67,21,59,118,113,130,116,92,82,128,120" hai2="5,83,24,123,115,68,70,101,39,81,58,29,97" hai3="18,65,95,52,40,111,43,108,14,34,93,22,88"/><W76/><G34/><T102/><D25/><U3/><E3/><V134/><F115/><W35/><G35/><T104/><D57/><U99/><E113/><V28/><F39/><W105/><G105/><T114/><D49/><U87/><E120/><V17/><F123/><W53/><G76/><T79/><D114/><U27/><E67/><V131/><F5/><W66/><G95/><N who="1" m="36394" /><E59/><V112/><F112/><W75/><G75/><T32/><D32/><U50/><E50/><V9/><F58/><W62/><G108/><T0/><REACH who="0" step="1"/><D104/><REACH who="0" ten="235,247,283,215" step="2"/><U47/><E99/><AGARI ba="3,2" hai="0,7,8,36,37,38,73,74,79,80,86,99,102,106" machi="99" ten="40,2600,0" yaku="1,1,2,1,53,0" doraHai="84" doraHaiUra="127" who="0" fromWho="1" sc="235,55,247,-35,283,0,215,0" /><INIT seed="4,0,0,5,1,96" ten="290,212,283,215" oya="0" hai0="1,32,46,95,20,70,35,22,44,121,34,103,29" hai1="124,26,12,75,39,73,81,128,85,113,14,116,117" hai2="69,10,6,76,57,61,9,43,110,132,53,100,5" hai3="0,130,58,102,67,50,21,71,80,13,31,33,27"/><T65/><D121/><U98/><E39/><V109/><F69/><W11/><G130/><T25/><D1/><U90/><E128/><V120/><F120/><W54/><G80/><T123/><D123/><U52/><E124/><V119/><F76/><W2/><G33/><T40/><D20/><U30/><E113/><V68/><F68/><W78/><G78/><T16/><D29/><U64/><E64/><V118/><F43/><W24/><G24/><T89/><D40/><U62/><E14/><V77/><F77/><W87/><G87/><T104/><D65/><U92/><E12/><V106/><F132/><W105/><G71/><T74/><D74/><U91/><E75/><V8/><F5/><W126/><G67/><T97/><REACH who="0" step="1"/><D70/><REACH who="0" ten="280,212,283,215" step="2"/><U93/><E73/><V111/><REACH who="2" step="1"/><F6/><REACH who="2" ten="280,212,273,215" step="2"/><W133/><G133/><T48/><D48/><U131/><E131/><V83/><F83/><W108/><G50/><T60/><D60/><U42/><E42/><V19/><F19/><W66/><G31/><T36/><D36/><U115/><E81/><V55/><F55/><W59/><G54/><T107/><D107/><U84/><E62/><V37/><F37/><W125/><G105/><T72/><D72/><U45/><E52/><V4/><F4/><W127/><G127/><T49/><D49/><U114/><E30/><V101/><F101/><W129/><G126/><T41/><D41/><U23/><E114/><V7/><F7/><W86/><G125/><T79/><D79/><U3/><E115/><V82/><F82/><W15/><G129/><T51/><D51/><U88/><E3/><RYUUKYOKU ba="0,2" sc="280,15,212,-15,273,15,215,-15" hai0="16,22,25,32,34,35,44,46,89,95,97,103,104" hai2="8,9,10,53,57,61,100,106,109,110,111,118,119" /><INIT seed="4,1,2,2,1,97" ten="295,197,288,200" oya="0" hai0="38,33,65,100,64,4,115,119,90,123,31,18,77" hai1="56,43,114,10,50,85,94,81,1,7,87,88,128" hai2="0,29,30,127,25,98,51,28,84,117,17,14,103" hai3="63,54,78,111,107,96,106,58,15,108,101,133,27"/><T69/><D123/><U26/><E128/><V104/><F0/><W5/><G133/><T46/><D119/><U71/><E71/><V113/><F117/><W21/><G107/><T91/><D115/><U80/><E114/><V2/><F2/><W57/><G78/><T48/><D38/><U125/><E125/><V86/><F113/><W3/><G3/><T11/><D18/><U52/><E43/><V23/><F127/><W61/><G15/><T41/><D77/><U89/><E26/><V130/><F130/><W110/><G5/><T32/><D32/><U134/><REACH who="1" step="1"/><E94/><REACH who="1" ten="295,187,288,200" step="2"/><V116/><F116/><W105/><G106/><T102/><D69/><U20/><E20/><V49/><F25/><W67/><G111/><T6/><D33/><U76/><E76/><V109/><F109/><W132/><G132/><AGARI ba="1,3" hai="1,7,10,50,52,56,80,81,85,87,88,89,132,134" machi="132" ten="40,8000,1" yaku="1,1,9,1,54,2,53,0" doraHai="97" doraHaiUra="122" who="1" fromWho="3" sc="295,0,187,113,288,0,200,-83" /><INIT seed="5,0,0,4,1,40" ten="295,300,288,117" oya="1" hai0="39,12,50,109,66,45,88,61,83,52,134,90,24" hai1="110,93,75,32,111,85,68,73,82,58,30,64,105" hai2="46,70,26,124,127,23,42,69,34,131,99,35,76" hai3="79,81,89,96,129,133,112,77,114,44,102,115,0"/><U14/><E105/><V101/><F76/><W87/><G0/><T59/><D109/><N who="1" m="41483" /><E68/><N who="2" m="26219" /><F23/><W53/><G53/><T60/><D134/><U113/><E113/><V10/><F10/><W74/><G44/><T86/><D39/><U95/><E14/><V49/><F26/><W3/><G3/><T13/><D24/><N who="1" m="18503" /><E93/><V71/><N who="2" m="26227" /><V6/><DORA hai="11" /><F6/><W31/><G31/><T16/><D90/><N who="1" m="51511" /><E95/><V9/><F9/><W84/><G133/><T130/><D130/><U97/><E97/><V22/><F22/><W54/><G129/><T1/><D1/><U33/><E33/><V126/><F131/><W8/><G8/><T135/><D135/><U91/><E91/><V48/><F49/><W108/><G79/><T57/><D16/><U98/><E98/><V20/><F20/><W132/><G108/><T43/><AGARI ba="0,0" hai="12,13,43,45,50,52,57,59,60,61,66,83,86,88" machi="43" ten="20,16000,3" yaku="0,1,7,1,8,1,52,3,54,2" doraHai="40,11" who="0" fromWho="0" sc="295,160,300,-80,288,-40,117,-40" /><INIT seed="6,0,0,2,0,51" ten="455,220,248,77" oya="2" hai0="69,56,92,113,86,17,36,27,31,14,107,34,105" hai1="18,43,50,131,90,106,111,84,102,108,124,93,126" hai2="77,9,70,61,32,2,67,41,116,71,15,5,23" hai3="98,78,87,53,82,0,8,19,35,39,26,95,91"/><V60/><F116/><W75/><G39/><T117/><D69/><U74/><E18/><V33/><F41/><W80/><G35/><T129/><D36/><U68/><E68/><V135/><F135/><W64/><G64/><T1/><D1/><U125/><E43/><V133/><F133/><W112/><G112/><T52/><D129/><U48/><E131/><V55/><F77/><W130/><G130/><T22/><D113/><U11/><E11/><V118/><F118/><W73/><G0/><T110/><D110/><N who="1" m="42027" /><E50/><V4/><F71/><W38/><G38/><T134/><D134/><U127/><E48/><V114/><F114/><W89/><G73/><T49/><D117/><U66/><E66/><V120/><F120/><W46/><G46/><T16/><D17/><U103/><N who="1" m="31744" /><DORA hai="79" /><U28/><E28/><V12/><F2/><W21/><REACH who="3" step="1"/><G8/><REACH who="3" ten="455,220,248,67" step="2"/><T128/><D128/><U7/><E74/><V76/><F70/><W37/><G37/><T100/><D34/><U104/><E7/><V97/><F4/><W83/><G83/><T99/><D56/><U29/><E29/><V47/><F5/><W94/><G94/><T20/><D31/><U24/><E24/><V119/><F119/><W45/><G45/><T59/><D27/><U40/><E104/><V42/><F47/><W122/><G122/><T132/><D107/><U109/><E109/><V72/><F72/><W63/><G63/><T65/><D132/><U123/><E123/><V88/><F61/><W81/><G81/><T115/><D115/><U54/><E106/><V44/><F60/><W57/><G57/><RYUUKYOKU ba="0,1" sc="455,-10,220,-10,248,-10,67,30" hai3="19,21,26,53,75,78,80,82,87,89,91,95,98" /><INIT seed="7,1,1,0,2,42" ten="445,210,238,97" oya="3" hai0="35,19,128,10,59,85,101,30,100,12,112,94,31" hai1="131,2,81,22,29,61,57,16,20,108,121,91,63" hai2="78,44,38,122,80,27,1,90,87,0,89,21,47" hai3="76,92,86,43,103,93,14,129,75,45,72,79,134"/><W67/><G129/><T114/><D128/><U55/><E121/><V3/><F122/><W88/><G134/><T70/><D70/><U135/><E108/><V96/><F38/><W15/><G67/><T64/><D35/><U118/><E2/><V40/><F40/><W46/><G75/><T33/><D33/><U48/><E135/><V120/><F120/><W113/><G113/><N who="0" m="43627" /><D85/><N who="1" m="50607" /><E131/><V109/><F109/><W66/><G66/><T73/><D73/><U9/><E118/><V53/><F53/><W28/><G72/><T123/><D123/><U51/><E51/><V7/><F7/><W84/><G43/><T24/><D94/><U54/><E63/><V6/><F6/><W11/><G11/><T133/><D133/><U8/><E29/><N who="0" m="10761" /><D24/><N who="1" m="14343" /><E22/><V130/><F130/><W83/><G28/><T102/><D102/><U127/><E127/><V62/><F62/><AGARI ba="1,1" hai="10,12,19,59,62,64,100,101" m="10761,43627" machi="62" ten="30,2000,0" yaku="15,1,11,1" doraHai="42" who="0" fromWho="2" sc="445,33,210,0,238,-23,97,0" owari="478,57.0,210,-19.0,215,2.0,97,-40.0" /></mjloggm>