<mjloggm ver="2.3"><GO type="41" lobby="0"/><UN n0="%E5%80%89%E6%95%B7%E6%A5%93%E9%A6%99" n1="%E3%83%8F%E3%83%AA%E3%83%8D%E3%82%BA%E3%83%9F%E5%91%BD" n2="%65%6C%73%69%73" n3="%E5%B0%B1%E6%B4%BB%E7%94%9F%40%E5%B7%9D%E6%9D%91%E8%BB%8D%E5%9B%A3" dan="14,15,13,15" rate="2010.56,1941.66,1860.90,1978.00" sx="F,M,M,M"/><TAIKYOKU oya="0"/><INIT seed="0,0,0,4,5,22" ten="250,250,250,250" oya="0" hai0="135,48,82,118,30,84,131,51,61,14,50,2,6" hai1="124,108,69,121,64,17,76,127,125,97,29,77,98" hai2="54,86,113,89,90,15,132,47,96,20,75,10,93" hai3="120,4,41,115,88,85,16,68,126,32,122,71,92"/><T65/><D118/><U74/><E121/><N who="3" m="46698" /><G115/><T134/><D131/><U46/><E108/><V21/><F75/><W35/><G126/><T95/><D2/><U72/><E46/><V66/><F66/><W107/><G4/><T63/><D95/><U12/><E29/><V78/><F78/><N who="1" m="30313" /><E64/><V28/><F28/><W70/><G107/><T1/><D1/><U80/><E69/><V73/><F73/><N who="1" m="28265" /><E80/><V18/><F113/><W100/><G100/><T129/><D129/><U102/><E102/><V44/><F132/><N who="0" m="50730" /><D30/><U33/><E33/><N who="3" m="12874" /><G41/><T7/><D14/><U83/><E83/><V62/><F62/><N who="0" m="23562" /><D65/><U94/><E94/><V38/><F38/><W79/><G79/><AGARI ba="0,0" hai="6,7,48,50,51,79,82,84" m="23562,50730" machi="79" ten="30,1500,0" yaku="20,1" doraHai="22" who="0" fromWho="3" sc="250,15,250,0,250,0,250,-15" /><INIT seed="0,1,0,3,2,93" ten="265,250,250,235" oya="0" hai0="43,40,82,0,19,89,78,20,131,103,73,67,79" hai1="35,46,64,15,126,47,118,121,68,104,58,32,123" hai2="112,92,116,87,108,75,134,14,38,107,81,36,106" hai3="42,71,133,117,18,5,129,70,39,54,12,44,31"/><T127/><D0/><U119/><E104/><V26/><F112/><W111/><G117/><N who="1" m="44554" /><E15/><V125/><F116/><W100/><G129/><T34/><D131/><U115/><E32/><V17/><F75/><W120/><G133/><T105/><D34/><U86/><E35/><V16/><F134/><W85/><G120/><N who="1" m="46154" /><E86/><V37/><F125/><W49/><G111/><T83/><D127/><U23/><E23/><V69/><F69/><W72/><G72/><T130/><D130/><U11/><E11/><V53/><F108/><W1/><G31/><T80/><D67/><U59/><E126/><V24/><F92/><W60/><G5/><T56/><D83/><U8/><E8/><V63/><F63/><W3/><G100/><T48/><D89/><U55/><E115/><V109/><F109/><W97/><G85/><T51/><D79/><U4/><E4/><V29/><F53/><W94/><G3/><T74/><D80/><U21/><E21/><V2/><F2/><W62/><G1/><T110/><D73/><U41/><E55/><V113/><F113/><W128/><G128/><T90/><D110/><U6/><E6/><V66/><F66/><W27/><G27/><N who="0" m="14751" /><D90/><U25/><E25/><V88/><F26/><W52/><G12/><T33/><D33/><U65/><E68/><N who="3" m="26154" /><G18/><T114/><D114/><U22/><E22/><V28/><F28/><W99/><G99/><T91/><D103/><U30/><E30/><V10/><F17/><W101/><G39/><T122/><D105/><U13/><E13/><V124/><F124/><W98/><G98/><T50/><D74/><RYUUKYOKU ba="1,0" sc="265,-15,250,-15,250,15,235,15" hai2="10,14,16,24,29,36,37,38,81,87,88,106,107" hai3="42,44,49,52,54,60,62,94,97,101" /><INIT seed="1,2,0,0,4,132" ten="250,235,265,250" oya="1" hai0="13,91,36,124,78,66,46,82,119,111,51,27,98" hai1="84,135,49,64,22,73,69,127,116,123,95,131,54" hai2="1,72,67,80,110,120,4,28,21,41,15,20,0" hai3="104,44,9,94,32,105,75,108,113,93,126,89,45"/><U40/><E123/><V12/><F67/><W24/><G75/><T100/><D119/><U23/><E73/><V103/><F120/><W68/><G68/><T8/><D111/><U71/><E116/><V83/><F103/><W97/><G108/><T60/><D36/><U62/><E71/><V129/><F41/><W122/><G113/><T42/><D91/><U81/><E135/><V37/><F37/><W112/><G112/><T88/><D27/><U31/><E131/><V59/><F59/><W26/><G122/><T134/><D134/><U121/><E121/><V101/><F101/><W99/><G9/><T102/><D124/><U19/><E31/><V107/><F107/><W79/><G89/><T29/><D29/><U70/><E70/><V52/><F110/><W58/><G58/><N who="0" m="37143" /><D78/><U74/><E74/><V34/><F34/><W114/><G114/><T16/><D98/><U25/><E127/><V5/><F28/><W10/><G10/><T48/><D51/><U33/><E33/><V50/><F50/><W61/><G32/><T133/><D133/><U87/><E25/><V38/><F38/><W17/><G79/><T7/><D7/><U11/><E49/><V2/><F2/><W76/><G76/><T117/><D117/><U86/><E62/><V118/><F72/><W43/><G43/><T92/><D92/><U106/><E40/><V53/><F118/><W14/><G61/><T115/><D115/><U57/><E95/><V30/><REACH who="2" step="1"/><F30/><REACH who="2" ten="250,235,255,250" step="2"/><W77/><G104/><T18/><D18/><U90/><E106/><V128/><AGARI ba="2,1" hai="0,1,4,5,12,15,20,21,52,53,80,83,128,129" machi="128" ten="25,12000,2" yaku="1,1,2,1,0,1,22,2,54,1,53,0" doraHai="132" doraHaiUra="39" who="2" fromWho="2" sc="250,-32,235,-62,255,136,250,-32" /><INIT seed="2,0,0,2,2,70" ten="218,173,391,218" oya="2" hai0="63,110,58,56,106,30,52,114,27,16,59,129,117" hai1="95,88,113,42,120,6,82,41,37,22,105,45,47" hai2="11,81,44,94,4,112,48,21,8,121,5,18,123" hai3="26,40,17,12,115,33,101,130,75,0,92,89,38"/><V135/><F112/><W20/><G0/><T19/><D114/><U72/><E113/><V15/><F135/><W125/><G130/><T9/><D110/><U1/><E105/><V10/><F123/><W119/><G75/><T14/><D129/><U118/><E118/><V107/><F107/><W39/><G119/><T54/><D117/><U7/><E120/><V83/><F121/><W79/><G115/><T108/><D108/><U84/><E22/><V85/><F94/><W67/><G125/><T87/><D106/><U76/><REACH who="1" step="1"/><E1/><REACH who="1" ten="218,163,391,218" step="2"/><V99/><F99/><W23/><G33/><T102/><D102/><U134/><E134/><V96/><F96/><W13/><G101/><T65/><D87/><U61/><E61/><V80/><F85/><W90/><G79/><T86/><D86/><U49/><AGARI ba="0,1" hai="6,7,37,41,42,45,47,49,72,76,82,84,88,95" machi="49" ten="20,8000,1" yaku="1,1,0,1,7,1,52,1,54,1,53,0" doraHai="70" doraHaiUra="98" who="1" fromWho="1" sc="218,-20,163,90,391,-40,218,-20" /><INIT seed="3,0,0,1,1,4" ten="198,253,351,198" oya="3" hai0="59,42,47,119,103,109,3,69,117,9,67,88,28" hai1="91,112,33,107,13,30,29,90,8,40,85,19,89" hai2="106,7,74,93,21,104,101,130,62,128,125,73,132" hai3="18,11,54,131,44,64,2,48,6,123,25,111,71"/><W24/><G123/><T100/><D109/><U39/><E107/><N who="2" m="41003" /><F21/><W5/><G111/><T108/><D108/><U49/><E112/><V12/><F62/><W43/><G131/><N who="2" m="50217" /><F12/><W77/><G77/><T115/><D115/><U61/><E39/><V94/><F7/><W65/><G6/><T35/><D119/><U98/><E33/><V99/><F125/><W116/><G116/><T34/><D34/><U46/><E61/><V50/><F50/><W96/><G71/><T76/><D117/><U129/><E129/><V20/><F20/><W52/><G96/><T17/><D69/><U1/><E1/><V60/><F60/><W14/><G54/><T78/><D78/><U124/><E124/><V97/><F132/><W56/><G25/><T26/><D26/><U121/><E121/><V32/><F32/><W70/><G70/><T102/><D35/><U118/><E118/><V75/><F101/><W95/><G95/><AGARI ba="0,0" hai="73,74,75,93,94,95,97,99" m="50217,41003" machi="95" ten="40,8000,1" yaku="28,2,19,1,34,2" doraHai="4" who="2" fromWho="3" sc="198,0,253,0,351,80,198,-80" /><INIT seed="4,0,0,5,0,65" ten="198,253,431,118" oya="0" hai0="105,84,8,14,103,25,119,62,81,57,6,109,38" hai1="89,104,33,4,128,106,69,114,80,100,63,11,73" hai2="88,111,120,34,123,74,71,91,37,10,48,135,5" hai3="36,9,95,23,1,110,72,97,40,20,93,19,26"/><T118/><D38/><U32/><E114/><V46/><F37/><W15/><G72/><T132/><D132/><U2/><E128/><V58/><F34/><W98/><G110/><T56/><D109/><U39/><E39/><V122/><F111/><W13/><G36/><T52/><D25/><U42/><E42/><V117/><F74/><W115/><G40/><T70/><D70/><U86/><E73/><V129/><F117/><W45/><G115/><T47/><D47/><U134/><E134/><V27/><F27/><W43/><G1/><T64/><D103/><U55/><E104/><V24/><F24/><W21/><G45/><T125/><D125/><U107/><E107/><V50/><F71/><W44/><G44/><T68/><D105/><U124/><E124/><V29/><F29/><W126/><G43/><T83/><D83/><U82/><E82/><V61/><F135/><W90/><G126/><T18/><D6/><U31/><E31/><V78/><F78/><W53/><G53/><T49/><D57/><N who="1" m="35263" /><E69/><V99/><F99/><W121/><G121/><T101/><REACH who="0" step="1"/><D101/><REACH who="0" ten="188,253,431,118" step="2"/><U51/><E100/><V0/><F46/><W133/><G133/><T94/><D94/><U77/><E106/><V12/><F122/><W131/><G131/><T130/><D130/><U3/><E80/><V87/><F129/><W22/><REACH who="3" step="1"/><G9/><REACH who="3" ten="188,253,431,108" step="2"/><T85/><D85/><U102/><E86/><V96/><F87/><W76/><G76/><AGARI ba="0,2" hai="8,14,18,49,52,56,62,64,68,76,81,84,118,119" machi="76" ten="30,18000,2" yaku="1,1,7,1,52,1,54,1,53,2" doraHai="65" doraHaiUra="113" who="0" fromWho="3" sc="188,200,253,0,431,0,108,-180" owari="388,19.0,253,-15.0,431,53.0,-72,-57.0" /></mjloggm>