<mjloggm ver="2.3"><GO type="41" lobby="0"/><UN n0="%52%59%4F%40%53%53" n1="%E5%B0%B1%E6%B4%BB%E7%94%9F%40%E5%B7%9D%E6%9D%91%E8%BB%8D%E5%9B%A3" n2="%4E%61%72%69%62%6F%6F" n3="%E6%9F%B3%E7%94%9F%E5%85%B5%E5%BA%AB%E5%8A%A9" dan="15,15,15,14" rate="2001.03,2017.67,1941.14,1919.90" sx="M,M,M,M"/><TAIKYOKU oya="0"/><INIT seed="0,0,0,4,5,35" ten="250,250,250,250" oya="0" hai0="15,5,107,7,72,83,73,68,112,77,125,82,10" hai1="63,40,74,6,100,87,34,24,70,89,53,32,91" hai2="65,50,26,52,123,60,69,43,49,102,118,95,42" hai3="44,120,8,90,38,81,19,23,113,2,80,28,41"/><T64/><D112/><U129/><E74/><V30/><F123/><W94/><G113/><T114/><D114/><U98/><E129/><V11/><F118/><W66/><G120/><T59/><D107/><U27/><E6/><V45/><F11/><W62/><G28/><T12/><D68/><U132/><E40/><V51/><F42/><W93/><G93/><T116/><D116/><U58/><E132/><V29/><F29/><W78/><G81/><T111/><D111/><U135/><E135/><V56/><F102/><W1/><G8/><T122/><D122/><U13/><E70/><V46/><F46/><W14/><G90/><T16/><D125/><U99/><E13/><V17/><F95/><W124/><G94/><T79/><D15/><U104/><E32/><V47/><F17/><W71/><REACH who="3" step="1"/><G124/><REACH who="3" ten="250,250,250,240" step="2"/><T76/><D76/><U4/><E89/><V92/><F92/><W133/><G133/><T127/><D127/><U103/><E91/><V86/><F86/><AGARI ba="0,1" hai="1,2,14,19,23,38,41,44,62,66,71,78,80,86" machi="86" ten="30,8000,1" yaku="1,1,7,1,52,2,53,1" doraHai="35" doraHaiUra="75" who="3" fromWho="2" sc="250,0,250,0,250,-80,240,90" /><INIT seed="1,0,0,4,4,15" ten="250,250,170,330" oya="1" hai0="74,111,107,100,40,34,125,94,7,103,11,92,48" hai1="68,130,25,118,0,33,80,131,77,99,24,81,84" hai2="102,43,6,101,98,52,49,104,50,132,46,78,86" hai3="31,54,22,70,8,121,61,53,27,134,97,51,88"/><U3/><E68/><V82/><F132/><W120/><G120/><T12/><D34/><U4/><E118/><V32/><F32/><W108/><G108/><T26/><D74/><U47/><E33/><V57/><F104/><W126/><G126/><T59/><D111/><U116/><E116/><V128/><F128/><N who="1" m="49193" /><E99/><V60/><F98/><W115/><G115/><T135/><D107/><U9/><E3/><V29/><F29/><W21/><G121/><T87/><D125/><U83/><E47/><V39/><F39/><W113/><G134/><T106/><D106/><U13/><E0/><V72/><F72/><W67/><G113/><T85/><D135/><U110/><E110/><V10/><REACH who="2" step="1"/><F50/><REACH who="2" ten="250,250,160,330" step="2"/><W62/><G51/><T76/><D87/><U45/><E84/><V1/><AGARI ba="0,1" hai="1,6,10,43,46,49,52,57,60,78,82,86,101,102" machi="1" ten="20,8000,1" yaku="1,1,2,1,0,1,7,1,54,1,53,0" doraHai="15" doraHaiUra="16" who="2" fromWho="2" sc="250,-20,250,-40,160,90,330,-20" /><INIT seed="2,0,0,4,3,15" ten="230,210,250,310" oya="2" hai0="25,99,81,61,9,20,3,30,53,24,87,108,79" hai1="112,110,106,86,17,23,59,52,121,90,65,56,26" hai2="83,41,115,62,91,95,55,13,70,39,21,92,60" hai3="75,74,101,97,63,2,118,37,51,27,49,71,22"/><V126/><F115/><W4/><G118/><T129/><D129/><U96/><E110/><V78/><F41/><W102/><G37/><T40/><D108/><U113/><E121/><V117/><F39/><W98/><G4/><T68/><D40/><U134/><E134/><V88/><F117/><W131/><G2/><T35/><D99/><U31/><E65/><V43/><F43/><W135/><G135/><T84/><D9/><U10/><E56/><V125/><F70/><W77/><G77/><T109/><D3/><U94/><E10/><V58/><F62/><W100/><G71/><T48/><D109/><U11/><E11/><V46/><F46/><W19/><G63/><T29/><D87/><U6/><E6/><V1/><F1/><W107/><G131/><T133/><D133/><U36/><E36/><V123/><F123/><W38/><G38/><T89/><D79/><U47/><E47/><V130/><F130/><W69/><G69/><T132/><D132/><U128/><E31/><V34/><F34/><W45/><G51/><T28/><D61/><U5/><E5/><V103/><F78/><W85/><G85/><T42/><D42/><U0/><E0/><V127/><F83/><W93/><G102/><T32/><D68/><U33/><E33/><V7/><F7/><W111/><G111/><T8/><D8/><U44/><E44/><V105/><F105/><W54/><AGARI ba="0,0" hai="19,22,27,45,49,54,74,75,93,97,98,100,101,107" machi="54" ten="20,2700,0" yaku="0,1,7,1,52,1" doraHai="15" who="3" fromWho="3" sc="230,-7,210,-7,250,-13,310,27" /><INIT seed="3,0,0,0,1,21" ten="223,203,237,337" oya="3" hai0="29,31,106,124,65,72,15,14,75,35,128,59,28" hai1="53,6,40,13,62,102,83,134,39,66,133,111,45" hai2="86,23,37,41,112,30,3,67,95,8,2,93,117" hai3="60,88,101,57,52,34,120,87,49,27,77,121,33"/><W82/><G101/><T48/><D106/><U99/><E111/><V115/><F117/><W104/><G104/><T71/><D71/><U76/><E6/><V70/><F41/><W36/><G36/><T113/><D113/><U98/><E53/><V9/><F37/><W85/><G34/><T22/><D35/><U63/><E13/><V51/><F51/><W73/><G73/><T118/><D118/><U109/><E109/><V80/><F67/><W5/><G5/><T125/><D128/><U19/><E19/><V32/><F70/><W50/><G121/><T78/><D78/><U129/><E129/><V131/><F32/><W61/><G120/><T103/><D103/><U11/><E11/><V54/><F54/><W130/><G130/><T135/><D135/><U119/><E119/><V46/><F46/><W42/><G42/><T74/><D48/><U108/><E108/><V122/><F131/><W43/><G43/><T107/><D107/><U105/><E99/><V12/><F122/><W90/><G77/><T16/><REACH who="0" step="1"/><D15/><REACH who="0" ten="213,203,237,337" step="2"/><U92/><E105/><V126/><F12/><W91/><G49/><T18/><D18/><U26/><E133/><V116/><F116/><W64/><G90/><T20/><D20/><U84/><E134/><V24/><F115/><W25/><G33/><T69/><D69/><U123/><E123/><V132/><F112/><W110/><G110/><T10/><D10/><U96/><E96/><V100/><F100/><W0/><G0/><T56/><D56/><N who="1" m="37191" /><E63/><AGARI ba="0,1" hai="14,16,22,28,29,31,59,63,65,72,74,75,124,125" machi="63" ten="50,3200,0" yaku="1,1,54,1,53,0" doraHai="21" doraHaiUra="4" who="0" fromWho="1" sc="213,42,203,-32,237,0,337,0" /><INIT seed="4,0,0,4,0,120" ten="255,171,237,337" oya="0" hai0="81,0,109,129,14,98,88,75,101,85,7,40,53" hai1="3,37,74,91,29,4,72,55,67,47,70,118,58" hai2="97,112,15,76,30,63,34,61,95,68,25,60,105" hai3="16,104,115,79,123,111,17,1,77,114,23,52,48"/><T54/><D0/><U90/><E118/><V57/><F105/><W94/><G104/><T8/><D129/><U12/><E3/><V20/><F68/><W107/><G107/><T36/><D75/><U69/><E29/><V73/><F112/><W102/><G1/><T110/><D40/><U131/><E131/><V82/><F15/><W132/><G123/><T130/><D36/><U99/><E72/><V44/><F44/><W103/><G132/><T124/><D130/><U126/><E74/><V13/><F13/><W135/><G135/><T93/><D124/><U83/><E126/><V31/><F31/><W87/><G17/><T38/><D38/><U32/><E32/><V11/><F11/><W80/><G79/><T62/><D62/><U51/><E99/><V86/><F73/><W35/><G35/><T9/><D9/><U64/><E83/><V33/><F33/><W121/><G121/><T125/><D125/><U45/><E12/><V65/><REACH who="2" step="1"/><F34/><REACH who="2" ten="255,171,227,337" step="2"/><W113/><G113/><T133/><D133/><U41/><E4/><V2/><F2/><W92/><G115/><T128/><REACH who="0" step="1"/><D128/><REACH who="0" ten="245,171,227,337" step="2"/><U66/><E90/><AGARI ba="0,2" hai="20,25,30,57,60,61,63,65,76,82,86,90,95,97" machi="90" ten="30,3900,0" yaku="1,1,7,1,8,1,53,0" doraHai="120" doraHaiUra="119" who="2" fromWho="1" sc="245,0,171,-39,227,59,337,0" /><INIT seed="5,0,0,3,3,14" ten="245,132,286,337" oya="1" hai0="43,89,73,18,120,77,96,72,131,21,103,42,122" hai1="132,54,116,106,70,26,56,51,47,108,97,86,31" hai2="71,2,55,114,44,68,64,119,93,91,75,78,19" hai3="107,12,35,28,74,109,98,9,23,121,111,104,81"/><U80/><E116/><V34/><F119/><W130/><G121/><N who="0" m="46699" /><D89/><U0/><E0/><V76/><F34/><W94/><G130/><T85/><D85/><U58/><E108/><V37/><F2/><W133/><G133/><T60/><D60/><U6/><E132/><V33/><F33/><W92/><G35/><T17/><D131/><U118/><E70/><V95/><F75/><N who="0" m="28746" /><D77/><U25/><E118/><V88/><F37/><W16/><G94/><T84/><D84/><U32/><E6/><V110/><F110/><W113/><G113/><T41/><D21/><U53/><E26/><V30/><F114/><W126/><G107/><AGARI ba="0,0" hai="17,18,41,42,43,96,103,107" m="28746,46699" machi="107" ten="40,5200,0" yaku="13,1,52,2" doraHai="14" who="0" fromWho="3" sc="245,52,132,0,286,0,337,-52" /><INIT seed="6,0,0,0,1,41" ten="297,132,286,285" oya="2" hai0="110,32,132,31,97,62,47,83,109,18,124,126,13" hai1="91,80,58,60,69,72,134,8,122,111,11,101,43" hai2="77,54,78,7,48,89,36,88,53,94,61,120,50" hai3="67,99,85,45,16,64,119,135,15,113,17,82,70"/><V90/><F36/><W4/><G119/><T26/><D132/><U130/><E69/><V33/><F33/><W0/><G0/><T10/><D97/><U55/><E111/><V56/><F120/><W2/><G2/><T115/><D62/><U95/><E122/><V25/><F25/><W71/><G99/><T75/><D115/><U44/><E130/><V86/><F7/><W129/><G4/><T112/><D112/><U28/><E134/><V30/><F30/><W128/><G113/><T104/><D104/><U6/><E28/><V116/><F116/><W42/><G135/><T117/><D117/><U98/><E6/><V131/><F131/><N who="3" m="50251" /><G17/><T76/><REACH who="0" step="1"/><D47/><REACH who="0" ten="287,132,286,285" step="2"/><U108/><E108/><AGARI ba="0,1" hai="10,13,18,26,31,32,75,76,83,108,109,110,124,126" machi="108" ten="40,2600,0" yaku="1,1,2,1,53,0" doraHai="41" doraHaiUra="68" who="0" fromWho="1" sc="287,36,132,-26,286,0,285,0" /><INIT seed="7,0,0,0,3,91" ten="323,106,286,285" oya="3" hai0="75,114,128,118,24,29,16,84,92,97,47,50,59" hai1="86,32,83,71,78,69,103,68,79,28,14,76,11" hai2="126,7,135,101,104,62,105,37,121,18,132,87,55" hai3="33,49,5,123,117,19,85,115,41,25,23,67,98"/><W89/><G117/><T30/><D75/><U46/><E32/><V125/><F37/><W64/><G123/><T2/><D2/><U61/><E28/><V40/><F40/><W107/><G33/><T56/><D118/><U129/><E129/><V34/><F34/><W110/><G5/><T74/><D74/><U52/><E103/><V99/><F7/><W36/><G36/><T57/><D84/><U95/><E61/><V90/><F18/><W70/><G115/><T131/><D114/><U43/><E52/><V21/><F21/><W3/><G3/><T45/><D45/><U124/><E124/><N who="2" m="47723" /><F121/><W72/><G72/><T22/><D131/><U26/><E26/><V111/><F62/><W20/><G110/><T53/><D128/><U13/><E13/><V65/><F65/><W73/><G73/><T93/><D93/><U8/><E8/><V10/><F10/><W113/><G113/><T100/><AGARI ba="0,0" hai="16,22,24,29,30,47,50,53,56,57,59,92,97,100" machi="100" ten="30,7900,0" yaku="0,1,8,1,52,1,54,1" doraHai="91" who="0" fromWho="0" sc="323,79,106,-20,286,-20,285,-39" owari="402,49.0,86,-41.0,266,7.0,246,-15.0" /></mjloggm>