<mjloggm ver="2.3"><GO type="97" lobby="0"/><UN n0="%6E%6F%63%68%65" n1="%E5%B0%B1%E6%B4%BB%E7%94%9F%40%E5%B7%9D%E6%9D%91%E8%BB%8D%E5%9B%A3" n2="%28%5E%2D%5E%29" n3="%E3%81%AE%E3%81%81" dan="13,13,13,13" rate="1877.30,1898.31,1898.42,1845.02" sx="F,M,M,M"/><TAIKYOKU oya="0"/><INIT seed="0,0,0,5,3,69" ten="250,250,250,250" oya="0" hai0="47,115,121,14,92,38,116,76,126,19,134,23,13" hai1="34,17,28,22,39,114,3,25,125,100,64,45,86" hai2="104,40,84,33,106,30,98,95,88,74,71,6,4" hai3="61,94,15,109,130,79,112,51,66,35,87,91,54"/><T10/><D121/><U111/><E125/><V117/><F74/><W43/><G112/><T72/><D116/><U103/><E114/><V83/><F117/><W118/><G118/><T31/><D115/><U122/><E122/><V128/><F71/><W5/><G35/><T60/><D126/><U8/><E111/><V46/><F128/><W82/><G130/><T9/><D134/><U16/><E64/><V131/><F131/><W101/><G109/><T96/><D60/><U37/><E86/><V11/><F6/><W113/><G101/><T93/><D93/><U135/><E135/><V42/><F42/><W36/><G113/><T70/><D70/><U18/><E34/><V24/><F4/><W97/><G36/><T62/><D62/><U41/><E3/><V20/><F11/><N who="3" m="4591" /><G61/><T73/><D76/><U59/><E8/><V27/><F27/><W80/><G80/><T110/><D110/><U26/><E26/><V107/><F33/><W78/><G66/><T132/><D132/><U32/><E32/><V102/><REACH who="2" step="1"/><F107/><REACH who="2" ten="250,250,240,250" step="2"/><W56/><G43/><T63/><D31/><U21/><E21/><V129/><F129/><W99/><G79/><T52/><D73/><U29/><E29/><V53/><F53/><W1/><G1/><T90/><D72/><U48/><E39/><AGARI ba="0,1" hai="20,24,30,39,40,46,83,84,88,95,98,102,104,106" machi="39" ten="30,7700,0" yaku="1,1,7,1,52,1,54,1,53,0" doraHai="69" doraHaiUra="105" who="2" fromWho="1" sc="250,0,250,-77,240,87,250,0" /><INIT seed="1,0,0,2,5,57" ten="250,173,327,250" oya="1" hai0="110,126,92,129,54,85,53,88,17,70,131,96,66" hai1="119,64,113,41,78,124,10,121,43,111,127,71,34" hai2="26,114,69,109,4,21,23,58,55,132,67,15,115" hai3="44,108,102,33,103,104,116,105,74,118,6,122,79"/><U7/><E34/><V60/><F109/><W95/><G33/><T90/><D110/><U81/><E119/><N who="3" m="45610" /><G6/><T87/><D126/><N who="1" m="48171" /><E111/><V48/><F132/><W117/><N who="3" m="45618" /><W2/><DORA hai="62" /><G122/><T68/><D17/><U28/><E28/><V11/><REACH who="2" step="1"/><F21/><REACH who="2" ten="250,173,317,250" step="2"/><W18/><G108/><T22/><D22/><U107/><E121/><V73/><F73/><W25/><G74/><T56/><D131/><U13/><E113/><V47/><F47/><W19/><G44/><T20/><D129/><U130/><E130/><V5/><F5/><W98/><G25/><T80/><D20/><U36/><E107/><V75/><F75/><W14/><G105/><T89/><D70/><U63/><E36/><V8/><F8/><W12/><G104/><T125/><D68/><U135/><E135/><V32/><F32/><W120/><G120/><T24/><D125/><U100/><E100/><V134/><F134/><W27/><G103/><T106/><D24/><U112/><E112/><V0/><F0/><W51/><G2/><T30/><D106/><U40/><E40/><V35/><F35/><W45/><G27/><T101/><D30/><AGARI ba="0,1" hai="4,11,15,23,26,30,48,55,58,60,67,69,114,115" machi="30" ten="40,8000,1" yaku="1,1,52,2,53,1" doraHai="57,62" doraHaiUra="31,16" who="2" fromWho="0" sc="250,-80,173,0,317,90,250,0" /><INIT seed="2,0,0,4,0,67" ten="170,173,407,250" oya="2" hai0="90,87,30,81,113,49,55,126,122,14,124,102,26" hai1="123,5,97,86,3,22,105,20,111,65,10,64,133" hai2="72,118,94,23,85,46,40,54,25,115,117,106,9" hai3="59,57,61,2,13,99,125,44,6,135,129,119,130"/><V131/><F115/><W28/><G119/><T70/><D113/><U37/><E123/><V48/><F106/><W73/><G73/><T121/><D102/><U7/><E37/><V134/><F72/><W89/><G2/><T63/><D14/><U32/><E32/><V116/><F134/><W35/><G35/><T107/><D107/><U104/><E133/><V112/><F112/><W8/><G28/><T79/><D79/><U24/><E111/><V80/><F131/><N who="3" m="50187" /><G135/><T120/><D63/><U100/><E105/><V75/><F94/><N who="3" m="56783" /><G125/><N who="0" m="48235" /><D70/><U98/><E98/><V15/><F75/><W83/><G83/><T62/><D62/><U128/><E128/><V58/><F23/><W11/><G11/><T53/><D49/><U108/><E108/><V33/><F25/><W41/><G61/><T27/><D27/><U47/><E7/><V29/><F29/><W77/><G77/><T88/><D90/><U51/><E86/><V84/><F33/><AGARI ba="0,0" hai="26,30,33,53,55,81,87,88,120,121,122" m="48235" machi="33" ten="40,2600,0" yaku="18,1,54,1" doraHai="67" who="0" fromWho="2" sc="170,26,173,0,407,-26,250,0" /><INIT seed="3,0,0,2,1,89" ten="196,173,381,250" oya="3" hai0="50,14,130,134,44,86,100,58,51,45,121,32,5" hai1="7,39,29,133,127,111,37,38,123,78,72,9,129" hai2="71,53,31,18,114,63,33,107,102,59,87,12,61" hai3="112,135,128,46,109,125,108,120,52,42,76,36,22"/><W28/><G120/><T97/><D121/><U11/><E127/><V48/><F114/><W88/><G112/><T99/><D32/><U103/><E123/><V65/><F63/><W95/><G76/><T55/><D134/><U91/><E133/><V115/><F115/><W57/><G135/><T0/><D0/><U117/><E117/><V17/><F12/><W26/><G125/><T74/><D74/><U64/><E129/><V94/><F94/><W131/><G131/><T82/><D130/><U118/><E118/><V79/><F87/><W56/><G128/><T1/><D1/><U113/><E113/><V13/><F13/><W6/><G6/><T25/><D25/><U19/><E111/><N who="3" m="42570" /><G52/><N who="0" m="29767" /><D100/><U122/><E64/><V10/><F79/><W35/><G35/><T96/><D58/><U73/><E78/><V24/><F10/><W80/><G80/><T90/><D99/><AGARI ba="0,0" hai="17,18,24,31,33,48,53,59,61,65,71,99,102,107" machi="99" ten="40,2600,0" yaku="25,2" doraHai="89" who="2" fromWho="0" sc="196,-26,173,0,381,26,250,0" /><AGARI ba="0,0" hai="22,26,28,36,42,46,56,57,88,95,99" m="42570" machi="99" ten="30,11600,0" yaku="14,1,10,1,52,1,54,1" doraHai="89" who="3" fromWho="0" sc="170,-116,173,0,407,0,250,116" /><INIT seed="3,1,0,0,4,78" ten="54,173,407,366" oya="3" hai0="58,38,81,1,56,39,53,65,113,27,71,69,64" hai1="127,128,105,111,101,124,10,83,106,0,93,13,80" hai2="112,12,26,17,35,115,67,109,36,133,34,132,59" hai3="89,61,98,94,119,126,6,50,66,114,129,72,62"/><W49/><G119/><T54/><D1/><U37/><E37/><N who="0" m="13833" /><D27/><U104/><E0/><V90/><F109/><W4/><G114/><N who="2" m="43561" /><F36/><W75/><G129/><T92/><D92/><U47/><E111/><V20/><F90/><W25/><G126/><N who="1" m="48170" /><E128/><V29/><F59/><N who="0" m="22570" /><D81/><N who="1" m="31307" /><E47/><V33/><F67/><N who="0" m="25674" /><D113/><U88/><E13/><V48/><F48/><N who="3" m="18539" /><G72/><T2/><D2/><U16/><E10/><AGARI ba="1,0" hai="10,12,17,20,26,29,33,34,35,132,133" m="43561" machi="10" ten="40,2600,0" yaku="34,2" doraHai="78" who="2" fromWho="1" sc="54,0,173,-29,407,29,366,0" owari="54,-45.0,144,-26.0,436,54.0,366,17.0" /></mjloggm>