<mjloggm ver="2.3"><GO type="97" lobby="0"/><UN n0="%E3%81%B2%E3%81%90%E3%81%A1" n1="%E4%B8%89%E9%BA%BB%E4%BA%AD%E6%9F%93%E5%A4%AA%E9%83%8E" n2="%E3%82%A6%E3%83%AB%E3%83%88%E3%83%A9%E7%AB%8B%E7%9B%B4" n3="%6B%69%6B%69%70%6C%61%79" dan="13,13,14,13" rate="2006.42,1922.48,1950.91,1907.14" sx="M,M,M,F"/><TAIKYOKU oya="0"/><INIT seed="0,0,0,5,1,20" ten="250,250,250,250" oya="0" hai0="71,101,50,106,111,117,118,123,74,82,81,85,79" hai1="46,22,45,112,90,92,5,89,56,35,66,124,37" hai2="1,59,72,13,14,91,87,121,23,132,75,43,27" hai3="10,57,104,40,42,63,69,110,51,49,21,84,52"/><T26/><D71/><U55/><E35/><V129/><F1/><W108/><G104/><T17/><D123/><U127/><E66/><V103/><F121/><W62/><G69/><T29/><D17/><U34/><E34/><V38/><F129/><W115/><G115/><T94/><D111/><N who="3" m="42537" /><G10/><T105/><D105/><U96/><E112/><V93/><F132/><W58/><G84/><T60/><D60/><N who="3" m="23081" /><G21/><T135/><D135/><U80/><E22/><V109/><F109/><W134/><G134/><T3/><D3/><U24/><E24/><V114/><F114/><W78/><G78/><T61/><D61/><N who="1" m="35999" /><E5/><V53/><F103/><W65/><G65/><T99/><D50/><U41/><E37/><V2/><F2/><W32/><G32/><T86/><D86/><N who="1" m="50375" /><E41/><N who="3" m="15978" /><G49/><T31/><D31/><U77/><E77/><V122/><F122/><W25/><G25/><T116/><D26/><U7/><E7/><V16/><F75/><W6/><G6/><T88/><D29/><U64/><E64/><V8/><F72/><W126/><G126/><AGARI ba="0,0" hai="45,46,90,92,96,124,126,127" m="50375,35999" machi="126" ten="30,1000,0" yaku="18,1" doraHai="20" who="1" fromWho="3" sc="250,0,250,10,250,0,250,-10" /><INIT seed="1,0,0,0,3,133" ten="250,260,250,240" oya="1" hai0="99,108,58,5,35,116,18,123,135,59,65,96,6" hai1="98,86,92,41,61,55,67,78,45,91,20,132,109" hai2="117,14,81,34,97,33,10,129,95,1,17,50,2" hai3="16,31,53,79,120,114,43,119,113,68,88,47,94"/><U90/><E132/><V111/><F117/><W72/><G120/><T37/><D35/><N who="2" m="13322" /><F81/><W134/><G119/><T77/><D37/><U121/><E121/><V8/><F95/><W66/><G134/><T80/><D123/><U57/><E109/><V44/><F97/><W46/><G31/><T24/><D116/><U110/><E110/><V11/><F111/><W15/><G79/><T124/><D108/><U122/><E122/><V85/><F85/><W26/><G72/><T125/><D135/><U51/><E78/><V36/><F50/><W22/><G68/><T49/><D18/><U27/><E67/><V112/><F44/><W126/><G126/><N who="0" m="48747" /><D24/><U102/><REACH who="1" step="1"/><E86/><REACH who="1" ten="250,250,250,240" step="2"/><V93/><F112/><W60/><G114/><T103/><D65/><U39/><E39/><V42/><F36/><W89/><G113/><T105/><D99/><U52/><E52/><V71/><F42/><W84/><G53/><N who="0" m="32047" /><D59/><U70/><E70/><V130/><F71/><W9/><G43/><T19/><D19/><AGARI ba="0,1" hai="19,20,27,41,45,51,55,57,61,90,91,92,98,102" machi="19" ten="30,12000,1" yaku="1,1,7,1,8,1,53,2" doraHai="133" doraHaiUra="87" who="1" fromWho="0" sc="250,-120,250,130,250,0,240,0" /><INIT seed="1,1,0,3,4,99" ten="130,380,250,240" oya="1" hai0="14,0,56,83,118,79,19,55,111,68,92,70,21" hai1="104,125,17,134,107,82,23,30,95,74,85,69,39" hai2="124,93,131,32,50,51,75,116,10,36,100,71,46" hai3="65,89,35,123,31,11,103,52,49,76,33,127,112"/><U45/><E69/><V84/><F75/><W43/><G123/><T58/><D0/><U113/><E113/><V28/><F71/><W102/><G112/><T48/><D118/><U117/><E117/><V41/><F116/><W91/><G127/><T9/><D111/><U64/><E64/><V128/><F124/><W86/><G65/><T67/><D92/><U37/><E30/><V81/><F10/><W98/><G33/><T88/><D88/><N who="1" m="51255" /><E74/><V110/><F110/><W47/><G35/><T122/><D122/><U44/><E125/><V105/><F105/><W16/><G31/><T18/><D70/><U135/><E95/><V87/><F28/><W15/><G98/><T59/><D68/><U108/><E108/><V6/><F32/><W22/><G76/><T57/><D67/><U129/><E107/><V29/><F29/><W119/><G119/><T73/><REACH who="0" step="1"/><D59/><REACH who="0" ten="120,380,250,240" step="2"/><U130/><E104/><V24/><F93/><N who="3" m="54455" /><G91/><T61/><D61/><U34/><E134/><V94/><F94/><W72/><G72/><T121/><D121/><U78/><E135/><V132/><F132/><W60/><G60/><T90/><D90/><U26/><E78/><V13/><F81/><W80/><G80/><T2/><D2/><U20/><E130/><V96/><F131/><W42/><G11/><T27/><AGARI ba="1,1" hai="9,14,18,19,21,27,48,55,56,57,58,73,79,83" machi="27" ten="20,2700,0" yaku="1,1,0,1,7,1,53,0" doraHai="99" doraHaiUra="97" who="0" fromWho="0" sc="120,40,380,-14,250,-8,240,-8" /><INIT seed="2,0,0,1,0,48" ten="160,366,242,232" oya="2" hai0="119,96,30,114,99,9,22,23,115,91,95,104,53" hai1="86,124,64,113,1,28,80,78,116,41,18,10,98" hai2="15,3,83,120,103,42,97,133,37,61,31,65,129" hai3="101,128,43,122,87,6,134,51,71,35,32,90,75"/><V20/><F3/><W21/><G122/><T121/><D121/><U94/><E116/><V46/><F120/><W84/><G71/><T76/><D119/><U36/><E113/><V82/><F133/><W34/><G134/><T125/><D76/><U45/><E124/><V73/><F129/><W66/><G66/><T62/><D125/><U68/><E28/><V102/><F73/><W107/><G128/><T77/><D77/><U110/><E110/><V117/><F117/><W2/><G75/><T50/><D62/><U0/><E64/><V92/><F102/><W60/><G60/><T135/><D135/><U88/><E68/><V24/><REACH who="2" step="1"/><F15/><REACH who="2" ten="160,366,232,232" step="2"/><W70/><G2/><T74/><D74/><U109/><E109/><V112/><F112/><W131/><G101/><T11/><D115/><U100/><E100/><V85/><F85/><W127/><G131/><T52/><D114/><U72/><E72/><V38/><F38/><W26/><G87/><T63/><D96/><U123/><E123/><V126/><F126/><W108/><G127/><T55/><D104/><U4/><E0/><V69/><AGARI ba="0,1" hai="20,24,31,37,42,46,61,65,69,82,83,92,97,103" machi="69" ten="20,3900,0" yaku="1,1,0,1,7,1,53,0" doraHai="48" doraHaiUra="5" who="2" fromWho="2" sc="160,-13,366,-13,232,49,232,-13" /><INIT seed="2,1,0,5,0,57" ten="147,353,281,219" oya="2" hai0="72,52,118,5,55,121,110,10,15,81,14,100,129" hai1="124,41,123,71,87,13,117,12,115,1,80,83,2" hai2="47,54,135,101,39,91,43,9,103,93,114,4,133" hai3="127,75,30,106,7,11,125,6,61,90,46,37,73"/><V102/><F54/><W45/><G106/><T116/><D121/><U119/><E115/><V38/><F114/><W0/><G30/><T105/><D129/><U79/><E71/><V20/><F20/><W92/><G7/><T99/><D110/><U42/><E123/><V88/><F39/><W85/><G37/><T132/><D132/><N who="2" m="50762" /><F93/><W62/><G75/><T44/><D14/><AGARI ba="1,0" hai="4,9,14,38,43,47,88,91,101,102,103" m="50762" machi="14" ten="30,2900,0" yaku="20,1,54,1" doraHai="57" who="2" fromWho="0" sc="147,-32,353,0,281,32,219,0" /><INIT seed="2,2,0,1,3,130" ten="115,353,313,219" oya="2" hai0="58,17,69,47,96,29,1,22,5,11,89,129,7" hai1="20,30,33,107,50,63,44,13,15,86,119,76,35" hai2="49,100,104,120,73,133,84,8,37,108,60,46,72" hai3="4,128,110,124,12,28,57,65,79,113,26,88,83"/><V109/><F120/><W106/><G106/><T118/><D69/><U92/><E107/><V99/><F37/><W122/><G122/><T101/><D129/><U127/><E119/><V126/><F126/><W55/><G128/><T38/><D118/><U125/><E63/><V34/><F34/><W81/><G113/><T90/><D29/><U85/><E35/><V23/><F23/><W80/><G124/><N who="1" m="47690" /><E33/><V42/><F8/><W117/><G110/><N who="2" m="42601" /><F84/><N who="1" m="32361" /><E76/><V97/><F97/><W112/><G117/><T70/><D5/><U6/><E6/><V25/><F25/><W9/><G112/><T36/><D70/><U94/><E30/><V98/><F98/><W87/><G65/><T74/><D74/><N who="2" m="28778" /><F60/><N who="3" m="35903" /><G79/><T0/><D0/><U41/><E15/><V105/><F105/><W52/><G26/><T54/><D38/><U39/><E39/><V18/><F18/><AGARI ba="2,0" hai="13,18,20,41,44,50,92,94" m="32361,47690" machi="18" ten="30,1000,0" yaku="18,1" doraHai="130" who="1" fromWho="2" sc="115,0,353,16,313,-16,219,0" /><INIT seed="3,0,0,5,1,103" ten="115,369,297,219" oya="3" hai0="11,36,5,123,111,46,54,80,117,90,38,100,24" hai1="34,98,108,50,85,15,126,40,110,43,70,79,55" hai2="58,73,18,47,120,81,1,8,130,128,112,96,119" hai3="14,0,9,122,124,16,64,77,45,59,135,32,127"/><W106/><G122/><T69/><D69/><U83/><E70/><V67/><F112/><W129/><G129/><N who="2" m="49769" /><F119/><W71/><G71/><T27/><D123/><U41/><E34/><V118/><F118/><W76/><G32/><T30/><D117/><U6/><E126/><N who="3" m="48170" /><G135/><T20/><D111/><N who="1" m="42539" /><E98/><V105/><F47/><W44/><G0/><T22/><D100/><U51/><E55/><V82/><F73/><W28/><G28/><T114/><D114/><U56/><E56/><V88/><F120/><W2/><G2/><T10/><D54/><U63/><E63/><N who="2" m="38391" /><F81/><W132/><G132/><T101/><D101/><U31/><E31/><V121/><F121/><W116/><G116/><T115/><D115/><U94/><E94/><N who="2" m="56391" /><F82/><W72/><G106/><T93/><D80/><U109/><E109/><V12/><F1/><W23/><G72/><T19/><D46/><N who="3" m="18025" /><G76/><T57/><D57/><U78/><E78/><V95/><F95/><W3/><G3/><T99/><D5/><U61/><E61/><V21/><F21/><W92/><G77/><T84/><D99/><U68/><E68/><V74/><F74/><W87/><G92/><T4/><D4/><U7/><E7/><V102/><F102/><W75/><G75/><T89/><D89/><U17/><E6/><V86/><F86/><W107/><G87/><T26/><D26/><U62/><E62/><V52/><BYE who="1" /><F52/><W33/><G107/><AGARI ba="0,0" hai="8,12,18,105,107" m="56391,38391,49769" machi="107" ten="30,7700,0" yaku="19,1,52,2,54,1" doraHai="103" who="2" fromWho="3" sc="115,0,369,0,297,77,219,-77" owari="115,-38.0,369,17.0,374,47.0,142,-26.0" /></mjloggm>