<mjloggm ver="2.3"><GO type="97" lobby="0"/><UN n0="%E7%99%BD%E7%81%AB" n1="%68%69%72%61%72%69%6E" n2="%66%6C%6F%77%65%72%79%2A" n3="%E3%82%A6%E3%83%AB%E3%83%88%E3%83%A9%E7%AB%8B%E7%9B%B4" dan="14,13,14,14" rate="1952.29,1836.17,1883.36,1934.09" sx="M,M,M,M"/><TAIKYOKU oya="0"/><INIT seed="0,0,0,4,2,51" ten="250,250,250,250" oya="0" hai0="24,103,86,67,96,31,10,133,120,105,124,52,127" hai1="125,2,87,69,94,93,112,45,7,68,130,40,12" hai2="60,98,4,65,63,23,26,5,53,110,55,18,99" hai3="19,3,75,82,89,37,121,56,16,32,30,80,101"/><T128/><D120/><U84/><E112/><V15/><F110/><W36/><G3/><T122/><D122/><U46/><E125/><N who="0" m="48201" /><D67/><U61/><E130/><V57/><F63/><W77/><G121/><T111/><D133/><U43/><E2/><V92/><F26/><W25/><G101/><T0/><D128/><U20/><E20/><V119/><F119/><W34/><G34/><T74/><D74/><U39/><E12/><V72/><F72/><W126/><G126/><T91/><D0/><U58/><E7/><N who="2" m="2635" /><F99/><W27/><G56/><T62/><D10/><U9/><E9/><V29/><F29/><W21/><REACH who="3" step="1"/><G19/><REACH who="3" ten="250,250,250,240" step="2"/><T107/><D111/><U14/><E14/><V48/><F48/><W8/><G8/><T108/><D108/><U42/><E39/><V35/><F35/><W33/><G33/><T49/><D107/><U134/><E134/><V50/><F50/><W38/><G38/><T97/><D105/><U78/><E69/><V71/><F71/><W90/><G90/><AGARI ba="0,1" hai="15,18,23,53,55,57,60,65,90,92,98" m="2635" machi="90" ten="30,3900,0" yaku="8,1,52,2" doraHai="51" who="2" fromWho="3" sc="250,0,250,0,250,49,240,-39" /><INIT seed="1,0,0,3,0,6" ten="250,250,299,201" oya="1" hai0="5,80,78,46,67,57,113,110,79,124,2,0,135" hai1="30,21,112,58,25,49,7,48,45,99,134,116,17" hai2="64,96,62,85,38,8,131,65,114,91,132,18,130" hai3="27,14,3,59,100,52,36,119,22,10,66,16,102"/><U55/><E116/><V44/><F132/><W88/><G36/><T54/><D135/><U125/><E134/><V122/><F96/><W117/><G3/><T121/><D110/><U105/><E112/><V84/><F122/><W41/><G41/><T47/><D113/><U98/><E125/><V23/><F114/><W126/><G126/><T101/><D124/><U43/><E105/><V133/><F133/><W19/><G66/><T63/><D101/><U35/><E7/><V4/><F44/><W12/><G117/><T28/><D28/><U89/><REACH who="1" step="1"/><E89/><REACH who="1" ten="250,240,299,201" step="2"/><V95/><F4/><N who="3" m="3143" /><G119/><T72/><D121/><U82/><E82/><V104/><F104/><W94/><G102/><T70/><D5/><U42/><E42/><V109/><F109/><W120/><G100/><T53/><D80/><U76/><E76/><V69/><F91/><W9/><G120/><T51/><D79/><U103/><E103/><V90/><F90/><W92/><G88/><T118/><D78/><U31/><E31/><V111/><F111/><W39/><G39/><T34/><D118/><U24/><AGARI ba="0,1" hai="17,21,24,25,30,35,43,45,48,49,55,58,98,99" machi="24" ten="20,7800,0" yaku="1,1,0,1,7,1,53,1" doraHai="6" doraHaiUra="37" who="1" fromWho="1" sc="250,-26,240,88,299,-26,201,-26" /><INIT seed="1,1,0,0,4,73" ten="224,328,273,175" oya="1" hai0="126,62,27,42,81,26,121,23,0,49,45,19,60" hai1="85,14,63,9,33,135,11,61,94,110,82,72,106" hai2="119,39,2,83,77,74,113,38,97,130,20,127,104" hai3="133,46,40,4,88,111,24,105,65,15,29,91,89"/><U25/><E106/><V95/><F2/><W41/><G105/><T99/><D0/><U8/><E110/><V58/><F119/><W69/><G111/><T84/><D126/><U131/><E72/><V56/><F127/><W48/><G133/><T71/><D121/><U55/><E131/><V16/><F104/><W124/><G124/><T129/><D129/><U6/><E135/><V123/><F123/><W118/><G118/><T116/><D99/><U120/><E120/><V87/><F74/><W102/><G102/><T67/><D62/><U5/><E94/><V7/><F7/><W117/><G117/><T90/><REACH who="0" step="1"/><D116/><REACH who="0" ten="214,328,273,175" step="2"/><U66/><E33/><V36/><F130/><W107/><G107/><T70/><D70/><U3/><E25/><AGARI ba="1,1" hai="19,23,25,26,27,42,45,49,60,67,71,81,84,90" machi="25" ten="30,3900,0" yaku="1,1,7,1,53,1" doraHai="73" doraHaiUra="13" who="0" fromWho="1" sc="214,52,328,-42,273,0,175,0" /><INIT seed="2,0,0,2,5,87" ten="266,286,273,175" oya="2" hai0="55,115,54,26,109,94,93,134,79,27,75,61,76" hai1="103,38,24,135,36,29,111,25,45,74,81,21,63" hai2="1,33,116,120,97,0,12,56,62,16,34,7,88" hai3="14,69,3,106,123,86,90,105,57,49,60,5,95"/><V65/><F116/><W127/><G3/><T110/><D115/><U133/><E111/><V30/><F120/><W78/><G123/><T6/><D6/><U40/><E103/><V66/><F66/><W9/><G127/><T121/><D121/><U43/><E63/><V132/><F132/><N who="1" m="50761" /><E25/><N who="0" m="9225" /><D61/><U23/><E81/><V125/><F125/><W59/><G78/><N who="0" m="29739" /><D75/><U101/><E101/><V28/><F33/><W80/><G69/><T37/><D37/><N who="1" m="21647" /><E74/><V35/><F34/><W48/><G106/><T72/><D72/><U117/><E117/><V128/><F35/><W71/><G105/><T129/><D129/><U51/><E51/><V92/><F128/><W99/><G71/><T10/><D10/><U84/><E84/><V53/><F65/><W77/><REACH who="3" step="1"/><G59/><REACH who="3" ten="266,286,273,165" step="2"/><T22/><D134/><U18/><E43/><V118/><F118/><W64/><AGARI ba="0,1" hai="5,9,14,48,49,57,60,64,77,80,86,90,95,99" machi="64" ten="20,12000,2" yaku="1,1,2,1,0,1,7,1,8,1,52,1,53,0" doraHai="87" doraHaiUra="70" who="3" fromWho="3" sc="266,-30,286,-30,273,-60,165,130" /><INIT seed="3,0,0,0,3,92" ten="236,256,213,295" oya="3" hai0="128,39,20,66,61,13,34,49,44,32,28,2,93" hai1="62,133,65,26,101,33,29,116,68,15,75,98,36" hai2="102,87,67,99,56,108,40,79,31,110,16,24,73" hai3="117,118,106,50,95,17,111,19,45,72,48,46,135"/><W47/><G106/><T80/><D2/><U129/><E133/><V112/><F40/><W37/><G72/><T22/><D39/><U52/><E129/><V90/><F73/><W11/><G11/><T69/><D80/><U126/><E116/><V91/><F79/><W71/><G37/><T14/><D128/><U130/><E130/><V18/><F67/><W127/><G71/><T9/><D93/><U1/><E126/><V84/><F84/><W125/><G95/><T74/><D74/><U64/><E15/><V119/><F112/><W8/><G8/><T124/><D124/><N who="3" m="47689" /><G111/><N who="2" m="42537" /><F56/><W122/><G122/><T94/><D94/><U76/><E64/><V43/><F43/><N who="3" m="24639" /><G135/><T21/><D28/><U30/><E30/><V12/><F119/><N who="3" m="45579" /><G47/><T83/><D9/><U54/><E36/><V114/><F114/><W6/><G6/><T51/><D44/><U100/><E100/><V38/><F38/><W113/><G113/><T109/><D83/><N who="1" m="45471" /><E1/><V123/><F123/><W103/><G103/><T25/><D25/><U57/><E57/><V70/><F70/><W85/><G85/><T5/><D5/><U115/><E115/><V86/><F86/><W4/><G4/><T53/><D53/><AGARI ba="0,0" hai="17,19,46,50,53" m="45579,24639,47689" machi="53" ten="30,1500,0" yaku="18,1" doraHai="92" who="3" fromWho="0" sc="236,-15,256,0,213,0,295,15" owari="221,-18.0,256,6.0,213,-29.0,310,41.0" /></mjloggm>