<mjloggm ver="2.3"><GO type="169" lobby="0"/><UN n0="%E3%82%A6%E3%83%AB%E3%83%88%E3%83%A9%E7%AB%8B%E7%9B%B4" n1="%EF%BC%91%EF%BC%92%EF%BC%94%EF%BC%98%EF%BC%91%EF%BC%96%EF%BC%93%EF%BC%92" n2="%6D%6F%74%69%37%32%2E%2E" n3="%E3%83%9E%E3%82%AA%E3%83%8A%E3%83%A2%E3%83%9F" dan="16,17,16,16" rate="2138.41,2133.08,2127.81,2059.91" sx="M,M,M,M"/><TAIKYOKU oya="0"/><INIT seed="0,0,0,2,0,42" ten="250,250,250,250" oya="0" hai0="34,68,123,80,61,10,9,33,127,107,88,96,11" hai1="58,16,50,92,28,25,115,24,129,81,105,99,117" hai2="69,108,62,4,70,5,132,31,13,49,0,18,30" hai3="109,124,54,128,97,8,75,133,44,39,135,112,77"/><T103/><D123/><U46/><E117/><V116/><F108/><W12/><G112/><T60/><D127/><U89/><E115/><V78/><F116/><W47/><G109/><T71/><D80/><U119/><E119/><V118/><F118/><W76/><G124/><T67/><D88/><N who="1" m="55687" /><E105/><V45/><F78/><N who="3" m="30315" /><G75/><T57/><REACH who="0" step="1"/><D71/><REACH who="0" ten="240,250,250,250" step="2"/><U82/><E89/><V48/><F70/><W91/><G91/><T64/><AGARI ba="0,1" hai="9,10,11,33,34,57,60,61,64,67,68,96,103,107" machi="64" ten="30,11700,0" yaku="1,1,2,1,0,1,53,1" doraHai="42" doraHaiUra="101" who="0" fromWho="0" sc="240,127,250,-39,250,-39,250,-39" /><INIT seed="0,1,0,2,4,65" ten="367,211,211,211" oya="0" hai0="111,122,9,61,0,2,99,32,17,20,51,25,101" hai1="129,106,115,41,88,21,131,52,110,70,124,42,57" hai2="95,31,132,15,55,30,108,114,10,19,71,120,6" hai3="44,22,107,100,87,47,126,109,89,66,79,91,123"/><T53/><D122/><U4/><E106/><V43/><F114/><W36/><G123/><T84/><D111/><U80/><E110/><V76/><F108/><W117/><G109/><T1/><D84/><N who="1" m="50183" /><E115/><V45/><F132/><W86/><G126/><T93/><D61/><N who="1" m="36007" /><E124/><V8/><F76/><W29/><G79/><T59/><D32/><U98/><E4/><V28/><F55/><W77/><G77/><T103/><D103/><U3/><E3/><V39/><F120/><W128/><G107/><T60/><D51/><U83/><E98/><V56/><F56/><W73/><G36/><T135/><D135/><U50/><E83/><V112/><F112/><W82/><G82/><T90/><D101/><U75/><E75/><V68/><REACH who="2" step="1"/><F95/><REACH who="2" ten="367,211,201,211" step="2"/><N who="3" m="54711" /><G117/><T37/><D37/><U27/><E129/><V125/><F125/><W23/><G128/><T34/><D34/><U12/><E131/><V7/><F7/><AGARI ba="1,1" hai="0,1,2,7,9,17,20,25,53,59,60,90,93,99" machi="7" ten="40,3900,0" yaku="25,2" doraHai="65" who="0" fromWho="2" sc="367,52,211,0,201,-42,211,0" /><INIT seed="0,2,0,2,5,133" ten="419,211,159,211" oya="0" hai0="37,107,114,98,88,40,102,89,104,18,110,9,27" hai1="111,119,32,4,93,57,69,76,91,65,34,108,135" hai2="68,55,79,61,99,80,13,22,121,19,134,131,118" hai3="50,54,96,44,62,0,86,84,12,52,46,97,60"/><T31/><D114/><U72/><E119/><V109/><F121/><W6/><G0/><T125/><D107/><U11/><E69/><V47/><F109/><N who="1" m="42057" /><E135/><V124/><F134/><W39/><G39/><T8/><D110/><U81/><E57/><V103/><F131/><W35/><G35/><T75/><D75/><U17/><E17/><V100/><F118/><W129/><G129/><T78/><D78/><U71/><E65/><V74/><F124/><W106/><G106/><T132/><D132/><U33/><E71/><V120/><F120/><W85/><G6/><T49/><D37/><U53/><E53/><V77/><F77/><W1/><G1/><T42/><D125/><U29/><E29/><V126/><F126/><W25/><G12/><T23/><D42/><U70/><E70/><V15/><F15/><W2/><G2/><T123/><D123/><U63/><E63/><N who="3" m="24106" /><G25/><T94/><D104/><U113/><E113/><V5/><F5/><W3/><G3/><T87/><D31/><U7/><E11/><N who="0" m="4169" /><D87/><AGARI ba="2,0" hai="4,7,32,33,34,72,76,81,87,91,93" m="42057" machi="87" ten="40,1300,0" yaku="14,1" doraHai="133" who="1" fromWho="0" sc="419,-19,211,19,159,0,211,0" /><INIT seed="1,0,0,5,3,53" ten="400,230,159,211" oya="1" hai0="56,16,115,30,10,44,14,126,95,67,38,33,117" hai1="19,28,35,11,111,71,22,81,85,114,66,96,89" hai2="63,48,79,135,29,73,24,37,9,50,59,8,45" hai3="70,91,23,57,116,92,103,65,12,49,98,83,120"/><U6/><E114/><V61/><F37/><W84/><G120/><T112/><D117/><U64/><E111/><V78/><F135/><W104/><G116/><T132/><D132/><U55/><E71/><V7/><F73/><W51/><G70/><T60/><D126/><U102/><E28/><V46/><F29/><W0/><G0/><T123/><D123/><U110/><E35/><V58/><F24/><W100/><G100/><T5/><D30/><U76/><E76/><V68/><F68/><W127/><G127/><T122/><D33/><U72/><E72/><V52/><F52/><N who="3" m="31887" /><G104/><T34/><D34/><U101/><E55/><V36/><F36/><W105/><G105/><T41/><D122/><U54/><E54/><V133/><F133/><W94/><G65/><N who="1" m="25194" /><E110/><V69/><F69/><W107/><G51/><T13/><D95/><N who="1" m="58527" /><E102/><V1/><F1/><W97/><G107/><T88/><D88/><U86/><E85/><V99/><F99/><N who="3" m="37899" /><G103/><T74/><D74/><U20/><E6/><AGARI ba="0,0" hai="6,7,8,9,45,46,48,50,58,59,61,63,78,79" machi="6" ten="25,8000,1" yaku="22,2,8,1,52,2" doraHai="53" who="2" fromWho="1" sc="400,0,230,-80,159,80,211,0" /><INIT seed="2,0,0,3,1,17" ten="400,150,239,211" oya="2" hai0="75,21,129,29,27,92,112,5,101,117,89,88,79" hai1="133,76,46,119,135,80,118,130,22,81,106,132,77" hai2="18,16,23,85,73,30,36,68,72,84,64,41,99" hai3="124,70,83,71,34,42,113,35,20,116,31,134,109"/><V43/><F30/><W115/><G116/><N who="1" m="44586" /><E106/><V63/><F99/><W3/><G109/><T49/><D112/><U120/><E46/><V11/><F11/><W1/><G83/><N who="1" m="31818" /><E130/><V13/><F18/><W58/><G42/><T62/><D129/><U87/><E120/><V102/><F102/><W105/><G105/><T125/><D125/><U4/><E4/><V111/><F111/><W56/><G31/><T12/><D101/><U104/><E104/><V95/><F85/><W60/><G124/><T96/><D89/><U65/><E65/><V90/><REACH who="2" step="1"/><F36/><REACH who="2" ten="400,150,229,211" step="2"/><W122/><G115/><T50/><D117/><U39/><E39/><V53/><F53/><W15/><G113/><T7/><D75/><AGARI ba="0,1" hai="13,16,23,41,43,63,64,68,72,73,75,84,90,95" machi="75" ten="40,12000,1" yaku="1,1,52,1,54,1,53,1" doraHai="17" doraHaiUra="61" who="2" fromWho="0" sc="400,-120,150,0,229,130,211,0" /><INIT seed="2,1,0,2,4,12" ten="280,150,359,211" oya="2" hai0="56,96,119,114,22,50,82,103,123,2,32,106,93" hai1="79,43,127,105,91,20,39,80,21,55,88,131,33" hai2="36,110,89,48,111,78,85,71,84,1,76,72,7" hai3="19,35,26,68,87,92,113,31,73,40,6,58,135"/><V109/><F36/><W51/><G68/><T134/><D32/><U14/><E33/><V124/><F71/><W99/><G73/><T130/><D2/><U60/><E105/><V46/><F72/><W86/><G135/><T29/><D114/><U44/><E131/><V70/><F70/><W3/><G113/><T104/><D123/><U117/><E117/><V67/><F67/><W18/><G86/><T121/><D121/><U52/><E127/><V49/><F124/><W118/><G87/><N who="2" m="33353" /><F89/><W9/><G118/><T28/><D82/><U23/><E14/><V54/><F49/><W65/><G40/><T95/><D130/><U8/><E8/><AGARI ba="1,0" hai="1,7,8,46,48,54,76,78,109,110,111" m="33353" machi="8" ten="40,3900,0" yaku="14,1,10,1" doraHai="12" who="2" fromWho="1" sc="280,0,150,-42,359,42,211,0" /><INIT seed="2,2,0,0,0,58" ten="280,108,401,211" oya="2" hai0="108,0,106,4,68,42,67,53,26,40,90,131,99" hai1="81,25,113,76,8,124,59,71,31,119,116,122,96" hai2="117,88,52,54,41,37,133,18,62,39,6,93,130" hai3="86,82,12,135,80,100,77,56,109,134,112,44,24"/><V57/><F117/><W98/><G109/><T17/><D4/><U13/><E71/><V2/><F130/><W120/><G120/><T73/><D0/><U32/><E113/><V75/><F75/><W28/><G112/><T45/><D73/><U61/><E122/><V121/><F121/><W35/><G44/><T63/><D108/><U132/><E132/><V101/><F101/><W79/><G12/><T46/><D131/><U74/><E96/><V114/><F114/><W128/><G128/><T38/><D53/><U43/><E43/><V94/><F94/><W50/><G50/><T7/><D7/><U95/><E95/><V102/><F102/><W30/><G30/><T84/><D99/><U105/><E105/><V48/><F41/><W65/><G100/><T21/><D106/><U92/><E92/><V127/><F127/><W126/><G98/><T64/><D64/><U3/><E3/><V29/><F133/><W47/><G47/><T72/><D72/><U16/><REACH who="1" step="1"/><E124/><REACH who="1" ten="280,98,401,211" step="2"/><V19/><F2/><W11/><G126/><T115/><D115/><U1/><E1/><V104/><F104/><W36/><G134/><T5/><D40/><U87/><E87/><V118/><F93/><W20/><G135/><T10/><D42/><U91/><E91/><V14/><F88/><W103/><G86/><T51/><D84/><U123/><E123/><V49/><F39/><W89/><G36/><T23/><D90/><U22/><E22/><V97/><F37/><W78/><G20/><T107/><D23/><U125/><E125/><V27/><F97/><W15/><G89/><RYUUKYOKU ba="2,1" sc="280,-10,98,30,401,-10,211,-10" hai1="8,13,16,25,31,32,59,61,74,76,81,116,119" /><INIT seed="3,3,1,1,2,51" ten="270,128,391,201" oya="3" hai0="56,129,106,64,112,97,105,69,67,99,117,33,0" hai1="29,108,23,44,30,46,3,93,10,1,89,50,49" hai2="21,6,37,14,79,72,115,127,87,28,84,17,122" hai3="45,103,126,110,57,20,66,94,42,39,77,96,104"/><W68/><G68/><T55/><D0/><U81/><E108/><V128/><F115/><W47/><G110/><T32/><D56/><U71/><E71/><V36/><F72/><W76/><G126/><T54/><D69/><U52/><E81/><V59/><F127/><W135/><G135/><T95/><D95/><U78/><E78/><V109/><F109/><W132/><G132/><T100/><D100/><U119/><E119/><V61/><F128/><W91/><G45/><T19/><D19/><U38/><E38/><V111/><F111/><W31/><G104/><T13/><D13/><U58/><E1/><V107/><F107/><W74/><G74/><T40/><D40/><N who="1" m="24711" /><E3/><V63/><F6/><W125/><G91/><T25/><D25/><N who="1" m="16575" /><E10/><V86/><F28/><W101/><G101/><T120/><D129/><U4/><E30/><V70/><F70/><W35/><G35/><T65/><D65/><U15/><E15/><V60/><F14/><W26/><REACH who="3" step="1"/><G125/><REACH who="3" ten="270,128,391,191" step="2"/><T92/><D92/><U118/><E118/><V113/><F37/><W131/><G131/><T41/><D117/><U121/><E121/><V48/><F36/><W5/><G5/><T9/><D120/><U85/><E4/><V88/><F122/><W124/><G124/><T12/><D9/><U27/><E46/><V116/><F116/><W8/><G8/><T90/><D33/><U34/><E34/><V98/><F113/><W114/><G114/><T7/><D32/><U16/><E27/><V22/><F79/><W11/><G11/><T133/><D112/><U73/><E73/><V134/><F134/><RYUUKYOKU ba="3,2" sc="270,-15,128,15,391,-15,191,15" hai1="16,50,52,58,85,89,93" hai3="20,26,31,39,42,47,57,66,76,77,94,96,103" /><INIT seed="3,4,2,5,1,1" ten="255,143,376,206" oya="3" hai0="57,44,109,127,96,63,32,46,111,120,134,87,53" hai1="131,62,39,58,101,68,122,72,94,16,5,121,60" hai2="7,10,30,49,0,18,73,107,29,52,106,90,74" hai3="20,6,31,45,77,118,105,84,125,8,9,130,86"/><W35/><G118/><T37/><D32/><U97/><E72/><V24/><F18/><W26/><G105/><T64/><D120/><U98/><E39/><V115/><F115/><W124/><G130/><T95/><D127/><N who="3" m="48713" /><G9/><T89/><D134/><U61/><E131/><V119/><F119/><W40/><G77/><T102/><D53/><N who="1" m="33871" /><E68/><V112/><F112/><W69/><G69/><T114/><D114/><U126/><E126/><V110/><F110/><N who="0" m="41994" /><D37/><U13/><E122/><V132/><F132/><W92/><G35/><T100/><D100/><U21/><E121/><V11/><F11/><W70/><G70/><T3/><D3/><U117/><E117/><V104/><F90/><W55/><G92/><AGARI ba="4,2" hai="44,46,57,63,64,87,89,92,95,96,102" m="41994" machi="92" ten="30,1000,0" yaku="14,1" doraHai="1" who="0" fromWho="3" sc="255,42,143,0,376,0,206,-22" /><INIT seed="4,0,0,0,0,56" ten="297,143,376,184" oya="0" hai0="129,44,101,34,121,110,11,122,62,114,96,109,83" hai1="27,124,68,107,117,134,94,63,17,46,37,91,1" hai2="93,25,132,123,38,31,84,20,131,43,87,80,47" hai3="9,126,105,90,111,13,19,26,12,15,74,73,0"/><T65/><D34/><U41/><E117/><V78/><F123/><W3/><G105/><T97/><D83/><U113/><E107/><V108/><F108/><N who="0" m="41578" /><D129/><U59/><E1/><N who="3" m="586" /><G90/><T16/><D44/><U45/><E68/><V60/><F132/><W30/><G111/><T130/><D130/><U100/><E100/><V112/><F112/><W49/><G49/><T32/><D32/><U69/><E69/><V39/><F131/><W50/><G50/><T51/><D51/><U14/><E113/><V86/><F39/><W57/><G57/><N who="0" m="37071" /><D114/><U125/><E46/><V58/><REACH who="2" step="1"/><F93/><REACH who="2" ten="297,143,366,184" step="2"/><W35/><G126/><T8/><D121/><U67/><E125/><V92/><F92/><W24/><G73/><T7/><D122/><U48/><E124/><V133/><F133/><W79/><G74/><T33/><D33/><U6/><E134/><V28/><F28/><N who="3" m="19847" /><G79/><T81/><D81/><U71/><E37/><V120/><F120/><W42/><G42/><T76/><D76/><U88/><E94/><V36/><F36/><W40/><G40/><T106/><D106/><U102/><E41/><V75/><F75/><W53/><G53/><AGARI ba="0,1" hai="20,25,31,38,43,47,53,58,60,78,80,84,86,87" machi="53" ten="30,12000,2" yaku="1,1,7,1,52,1,53,3" doraHai="56" doraHaiUra="82" who="2" fromWho="3" sc="297,0,143,0,366,130,184,-120" /><INIT seed="5,0,0,3,1,84" ten="297,143,496,64" oya="1" hai0="3,18,52,22,23,96,7,108,81,19,11,15,35" hai1="33,62,115,99,135,67,43,107,82,125,32,69,5" hai2="0,97,98,118,111,78,87,95,21,10,79,114,27" hai3="58,91,34,117,28,112,40,59,68,24,47,8,76"/><U88/><E43/><V130/><F111/><W86/><G117/><T60/><D35/><N who="1" m="13387" /><E5/><V133/><F10/><W124/><G112/><T65/><D108/><U14/><E14/><V85/><F0/><W113/><G113/><T36/><D36/><U104/><E115/><V13/><F13/><W128/><G124/><T77/><D96/><U17/><E17/><V39/><F39/><W93/><G128/><T109/><D109/><U100/><E100/><V12/><F12/><W9/><G68/><T74/><D52/><U37/><E37/><V123/><F130/><W26/><G26/><T29/><D29/><U20/><E20/><V64/><F114/><W48/><REACH who="3" step="1"/><G76/><REACH who="3" ten="297,143,496,54" step="2"/><T122/><D77/><U45/><E125/><V92/><F79/><W56/><AGARI ba="0,1" hai="8,9,24,28,34,40,47,48,56,58,59,86,91,93" machi="56" ten="30,7900,0" yaku="1,1,2,1,0,1,52,1,53,0" doraHai="84" doraHaiUra="102" who="3" fromWho="3" sc="297,-20,143,-39,496,-20,54,89" /><INIT seed="6,0,0,3,3,16" ten="277,104,476,143" oya="2" hai0="113,27,1,125,17,89,95,9,100,133,71,84,56" hai1="108,73,34,46,21,3,23,111,85,131,13,128,6" hai2="47,26,70,36,51,77,68,92,88,62,30,14,122" hai3="2,126,15,57,12,50,119,40,78,132,80,75,127"/><V20/><F36/><W39/><G119/><T55/><D71/><U98/><E73/><V53/><F77/><W61/><G2/><T115/><D125/><N who="3" m="47625" /><G132/><T66/><D66/><U33/><E46/><V81/><F81/><W58/><G39/><T109/><D133/><U97/><E3/><V52/><F122/><W129/><G129/><N who="1" m="49738" /><E85/><V28/><F28/><W94/><G94/><T35/><D100/><U59/><E59/><N who="3" m="22538" /><G61/><T43/><D109/><N who="1" m="42059" /><E6/><V103/><F62/><W118/><G118/><T112/><D1/><U110/><N who="1" m="42067" /><U76/><DORA hai="114" /><E76/><V0/><F0/><W96/><G96/><N who="1" m="36970" /><E13/><V4/><F14/><W116/><G116/><T87/><D87/><U104/><E104/><V22/><F70/><W8/><G8/><T134/><D9/><U31/><E31/><V99/><F68/><W123/><G123/><T37/><D56/><U67/><E67/><V69/><F69/><W135/><G135/><T65/><D134/><U64/><E64/><V10/><F103/><W44/><AGARI ba="0,0" hai="12,15,40,44,50,75,78,80" m="22538,47625" machi="44" ten="30,1100,0" yaku="18,1" doraHai="16,114" who="3" fromWho="3" sc="277,-3,104,-3,476,-5,143,11" /><INIT seed="7,0,0,4,4,8" ten="274,101,471,154" oya="3" hai0="102,52,4,119,128,19,106,79,88,65,58,101,70" hai1="9,84,76,115,99,30,95,3,68,110,13,32,80" hai2="21,130,36,126,22,37,92,105,15,20,81,5,94" hai3="18,49,55,109,125,100,91,96,117,86,0,74,97"/><W85/><G117/><T116/><D4/><U50/><E68/><V25/><F105/><W11/><G74/><T112/><D106/><U133/><E110/><V63/><F25/><W14/><G125/><T51/><D79/><U120/><E120/><V77/><F63/><W90/><G0/><T69/><D102/><U33/><E3/><V89/><F130/><W132/><G132/><T16/><D101/><U134/><E115/><V72/><F92/><N who="3" m="54359" /><G100/><T1/><D1/><U57/><E30/><V56/><F56/><N who="3" m="32879" /><G109/><T10/><D128/><U54/><E133/><V113/><F113/><W131/><G131/><T12/><D112/><U17/><REACH who="1" step="1"/><E134/><REACH who="1" ten="274,91,471,154" step="2"/><V103/><F103/><AGARI ba="0,1" hai="9,13,17,32,33,50,54,57,76,80,84,95,99,103" machi="103" ten="30,8000,1" yaku="1,1,2,1,7,1,52,1,53,1" doraHai="8" doraHaiUra="98" who="1" fromWho="2" sc="274,0,91,90,471,-80,154,0" owari="274,7.0,181,-22.0,391,50.0,154,-35.0" /></mjloggm>