<mjloggm ver="2.3"><GO type="169" lobby="0"/><UN n0="%E9%81%A5%E3%83%9E%E3%83%BC%E3%82%AC%E3%83%AC%E3%83%83%E3%83%88" n1="%E3%81%8B%E3%82%89%E3%83%BC%E3%81%9C" n2="%77%61%74%61%2E" n3="%E3%82%A6%E3%83%AB%E3%83%88%E3%83%A9%E7%AB%8B%E7%9B%B4" dan="16,17,16,17" rate="2082.65,2177.47,2055.99,2186.64" sx="F,M,M,M"/><TAIKYOKU oya="0"/><INIT seed="0,0,0,0,5,17" ten="250,250,250,250" oya="0" hai0="67,110,61,28,20,49,72,86,111,15,89,2,113" hai1="91,99,129,120,51,73,46,42,47,40,48,100,16" hai2="124,98,59,93,112,53,123,78,19,85,24,9,43" hai3="95,5,101,135,37,82,50,22,56,107,38,132,8"/><T55/><D72/><U65/><E129/><V31/><F124/><W18/><G107/><T117/><D2/><U87/><E120/><V36/><F112/><W83/><G95/><T88/><D113/><U115/><E115/><V97/><F123/><W6/><G101/><T23/><D117/><U58/><E73/><V63/><F43/><W128/><G50/><T75/><D75/><U21/><E65/><V62/><F62/><W92/><G92/><T131/><D131/><U102/><E58/><V109/><F36/><W39/><G56/><N who="0" m="37287" /><D28/><U13/><E99/><V81/><F109/><N who="0" m="41482" /><D15/><U3/><E3/><V114/><F114/><W11/><G128/><T125/><D125/><U30/><E30/><V64/><F64/><W108/><G108/><T96/><D96/><U76/><E76/><V25/><F93/><AGARI ba="0,0" hai="13,16,21,40,42,46,47,48,51,87,91,93,100,102" machi="93" ten="30,8000,1" yaku="7,1,9,1,8,1,52,1,54,1" doraHai="17" who="1" fromWho="2" sc="250,0,250,80,250,-80,250,0" /><INIT seed="1,0,0,0,2,90" ten="250,330,170,250" oya="1" hai0="42,50,13,119,12,52,126,15,33,112,86,48,113" hai1="68,43,98,83,71,100,38,41,89,125,109,124,74" hai2="102,120,95,40,132,51,63,133,29,20,107,72,117" hai3="79,73,28,16,31,116,8,21,105,64,65,66,75"/><U88/><E109/><V34/><F117/><W70/><G105/><T17/><D119/><U37/><E74/><V24/><F72/><W56/><G116/><T18/><D33/><U118/><E118/><V92/><F120/><W99/><G70/><T46/><D126/><U3/><E98/><N who="2" m="61911" /><F63/><W55/><G75/><T114/><REACH who="0" step="1"/><D86/><REACH who="0" ten="240,330,170,250" step="2"/><U47/><E124/><V5/><F34/><W131/><G73/><T130/><D130/><U54/><E125/><V11/><F40/><W9/><G131/><T121/><D121/><U53/><E41/><V44/><F44/><AGARI ba="0,1" hai="12,13,15,17,18,42,44,46,48,50,52,112,113,114" machi="44" ten="50,8000,1" yaku="1,1,54,1,53,2" doraHai="90" doraHaiUra="45" who="0" fromWho="2" sc="240,90,330,0,170,-80,250,0" /><INIT seed="2,0,0,4,2,8" ten="330,330,90,250" oya="2" hai0="42,50,126,90,11,21,41,100,83,61,37,134,56" hai1="93,75,17,79,16,119,73,32,66,130,84,1,104" hai2="69,5,89,53,63,45,46,121,13,30,135,25,112" hai3="117,22,94,103,18,120,70,3,54,6,67,9,20"/><V68/><F112/><W116/><G120/><T65/><D37/><U24/><E119/><V40/><F121/><W123/><G123/><T26/><D100/><U14/><E1/><V72/><F135/><W85/><G67/><T36/><D36/><U27/><E104/><V125/><F72/><W105/><G70/><T23/><D11/><N who="1" m="6239" /><E32/><V78/><F78/><W7/><G7/><T15/><D134/><U107/><E107/><V48/><F125/><W108/><G22/><T28/><D126/><U95/><E73/><V87/><F5/><W12/><G108/><T124/><D124/><U47/><E75/><V31/><F13/><W34/><G34/><T57/><D15/><U49/><E66/><V109/><F109/><W29/><G29/><T92/><D28/><U110/><E130/><V96/><F96/><W0/><G3/><T111/><D65/><U35/><E35/><V81/><F31/><W10/><G10/><T74/><D74/><U64/><E64/><V4/><F4/><W39/><G39/><T55/><D111/><U114/><E114/><V82/><F68/><W131/><G131/><T128/><D128/><U88/><E79/><V133/><F133/><W44/><G116/><T97/><D97/><U33/><E33/><N who="2" m="20687" /><F69/><W71/><G71/><T99/><D99/><N who="1" m="57767" /><E110/><V115/><F115/><W129/><G117/><T58/><D26/><N who="1" m="9771" /><E17/><V2/><F2/><W132/><G132/><T118/><D118/><U102/><E102/><V113/><F113/><W86/><G129/><T91/><D90/><N who="1" m="53703" /><E49/><N who="2" m="26791" /><F63/><W38/><G0/><T59/><D61/><U76/><E76/><RYUUKYOKU ba="0,0" sc="330,-15,330,15,90,15,250,-15" hai1="47" hai2="46,48,53,81,82,87,89" /><INIT seed="2,1,0,4,5,107" ten="315,345,105,235" oya="2" hai0="99,12,132,60,121,51,88,28,129,14,109,41,126" hai1="96,8,103,102,55,45,110,122,131,23,114,10,65" hai2="111,36,22,58,37,5,115,9,74,18,31,73,57" hai3="84,50,76,70,130,127,61,19,105,20,91,39,93"/><V46/><F115/><W89/><G105/><T6/><D121/><U27/><E114/><V124/><F31/><W123/><G39/><T69/><D28/><N who="1" m="17535" /><E131/><V77/><F124/><W7/><G123/><T112/><D112/><U118/><E110/><V75/><F77/><W120/><G120/><T17/><D6/><U21/><E118/><V86/><F86/><W125/><G130/><T62/><D129/><U72/><E72/><V68/><F68/><W38/><G7/><T81/><D126/><N who="3" m="48137" /><G38/><T53/><D109/><U134/><E134/><V94/><F94/><W11/><G11/><N who="1" m="4138" /><E122/><V108/><F111/><W97/><G76/><T15/><D69/><U59/><E96/><V113/><F108/><W32/><G32/><T66/><D99/><U98/><E98/><V48/><F113/><W106/><G106/><T87/><D132/><U29/><E45/><V52/><F37/><W30/><G30/><T56/><D66/><U135/><E65/><V78/><F36/><W95/><G19/><T100/><D17/><U25/><E135/><V80/><F74/><W4/><G20/><T92/><D100/><U104/><E104/><V49/><F75/><W40/><G4/><T117/><D117/><U1/><E1/><V63/><F5/><W119/><G119/><T13/><D92/><U2/><E2/><V0/><F0/><W54/><G70/><T44/><N who="0" m="3584" /><DORA hai="33" /><T47/><REACH who="0" step="1"/><D44/><REACH who="0" ten="305,345,105,235" step="2"/><U16/><E29/><V34/><F34/><W35/><G35/><T42/><D42/><U83/><E102/><V71/><F71/><W67/><G40/><T82/><D82/><RYUUKYOKU ba="1,1" sc="305,30,345,-10,105,-10,235,-10" hai0="41,47,51,53,56,60,62,81,87,88" /><INIT seed="3,2,1,1,0,127" ten="335,335,95,225" oya="3" hai0="80,128,125,31,67,44,51,135,103,108,110,45,10" hai1="68,81,101,52,28,57,114,124,42,69,87,72,106" hai2="65,63,46,12,62,15,33,93,4,123,26,29,126" hai3="109,94,17,16,18,25,121,0,79,53,24,8,39"/><W74/><G39/><T7/><D128/><U23/><E114/><V90/><F126/><W64/><G79/><T98/><D125/><U27/><E124/><V115/><F115/><W89/><G74/><T75/><D67/><U41/><E72/><V107/><F107/><W120/><G64/><T30/><D80/><U49/><E106/><V119/><F119/><W55/><G109/><N who="0" m="42091" /><D135/><U5/><E101/><V40/><F123/><W14/><G0/><N who="0" m="359" /><D75/><U78/><REACH who="1" step="1"/><E5/><REACH who="1" ten="335,325,95,225" step="2"/><V77/><F4/><N who="3" m="3335" /><G121/><T85/><D85/><U19/><E19/><V11/><F77/><W38/><G120/><T130/><D130/><U36/><E36/><V47/><F29/><N who="0" m="10762" /><D51/><U97/><E97/><V91/><F63/><W56/><G38/><T60/><D60/><U83/><E83/><V134/><F62/><N who="3" m="36111" /><G55/><T82/><D82/><U66/><E66/><V21/><F65/><W22/><G25/><T70/><D70/><AGARI ba="2,2" hai="23,27,28,41,42,49,52,57,68,69,70,78,81,87" machi="70" ten="40,2600,0" yaku="1,1,54,1,53,0" doraHai="127" doraHaiUra="43" who="1" fromWho="0" sc="335,-32,325,52,95,0,225,0" /><INIT seed="4,0,0,5,4,52" ten="303,377,95,225" oya="0" hai0="22,94,65,17,85,6,129,83,74,26,122,64,56" hai1="126,27,20,98,45,120,123,106,110,128,35,61,36" hai2="0,9,24,114,2,69,57,25,79,99,109,78,53" hai3="75,55,63,15,40,32,132,130,10,90,134,51,3"/><T101/><D122/><U37/><E110/><V108/><F69/><W54/><G32/><T84/><D74/><U41/><E36/><V77/><F114/><W131/><G3/><T127/><D6/><U48/><E126/><V21/><F99/><W91/><G75/><T119/><D119/><U23/><E128/><N who="3" m="49194" /><G40/><T49/><D129/><U121/><E37/><V102/><F102/><W39/><G39/><T97/><D127/><U29/><REACH who="1" step="1"/><E61/><REACH who="1" ten="303,367,95,225" step="2"/><V46/><F108/><W42/><G63/><N who="0" m="37991" /><D65/><U13/><E13/><V71/><F109/><W70/><G15/><T88/><D84/><U5/><E5/><V135/><F2/><W43/><G51/><AGARI ba="0,1" hai="17,22,26,49,51,83,85,88,94,97,101" m="37991" machi="51" ten="30,5800,0" yaku="8,1,52,1,54,1" doraHai="52" who="0" fromWho="3" sc="303,68,367,0,95,0,225,-58" /><INIT seed="4,1,0,5,5,26" ten="371,367,95,167" oya="0" hai0="4,58,121,51,110,43,88,57,98,52,55,102,48" hai1="67,109,77,82,93,27,56,8,132,66,71,25,131" hai2="15,86,50,79,122,95,0,127,125,119,2,69,19" hai3="120,62,135,113,101,97,116,70,63,21,18,54,89"/><T47/><D121/><U130/><E109/><V84/><F122/><W73/><G116/><T16/><D4/><U90/><E71/><V41/><F69/><W60/><G73/><T94/><D110/><U6/><E132/><V44/><F119/><W24/><G135/><T40/><D16/><U29/><E93/><V115/><F115/><W65/><G120/><T100/><REACH who="0" step="1"/><D40/><REACH who="0" ten="361,367,95,167" step="2"/><U117/><E117/><V5/><F5/><W91/><G113/><T23/><D23/><U107/><E6/><V99/><F125/><W61/><REACH who="3" step="1"/><G54/><REACH who="3" ten="361,367,95,157" step="2"/><T59/><D59/><U68/><E56/><V72/><F127/><W81/><G81/><T126/><D126/><U134/><E82/><V87/><F2/><W133/><G133/><T118/><D118/><U1/><E1/><V108/><F0/><W38/><G38/><AGARI ba="1,2" hai="38,43,47,48,51,52,55,57,58,88,94,98,100,102" machi="38" ten="30,18000,2" yaku="1,1,7,1,9,1,54,2,53,2" doraHai="26" doraHaiUra="49" who="0" fromWho="3" sc="361,203,367,0,95,0,157,-183" owari="564,66.0,367,17.0,95,-30.0,-26,-53.0" /></mjloggm>