<mjloggm ver="2.3"><GO type="169" lobby="0"/><UN n0="%43%52%41%5A%59%42%45%45" n1="%E3%82%A6%E3%83%AB%E3%83%88%E3%83%A9%E7%AB%8B%E7%9B%B4" n2="%E3%81%8A%E3%81%8B%E3%82%82%E3%81%A8" n3="%E3%82%AB%E3%83%BC%E3%83%AB" dan="17,16,18,17" rate="2143.23,2132.09,2259.34,2198.75" sx="M,M,M,M"/><TAIKYOKU oya="0"/><INIT seed="0,0,0,5,2,58" ten="250,250,250,250" oya="0" hai0="90,113,10,128,67,112,33,103,24,104,133,98,124" hai1="107,38,77,50,105,117,78,43,106,34,120,132,54" hai2="129,7,126,36,23,65,66,19,82,25,27,135,87" hai3="123,56,1,4,46,83,108,125,8,48,75,62,51"/><T118/><D118/><U29/><E117/><V45/><F129/><W21/><G108/><T119/><D119/><U81/><E120/><V6/><F135/><W99/><G123/><T71/><D133/><U97/><E78/><V121/><F121/><W16/><G125/><T37/><D37/><U12/><E43/><V85/><F126/><W22/><G22/><T79/><D124/><U110/><E38/><V17/><F36/><W94/><G83/><T39/><D39/><U53/><E53/><V92/><F92/><W72/><G51/><T42/><D128/><U95/><E29/><V86/><F45/><W35/><G35/><T73/><D33/><U64/><E34/><V84/><F19/><W130/><G130/><T11/><D71/><U116/><E12/><V100/><F100/><W61/><G48/><T134/><D104/><U91/><E64/><N who="2" m="24683" /><F25/><W76/><G46/><T9/><D73/><U127/><E127/><V59/><F59/><W74/><G76/><AGARI ba="0,0" hai="6,7,17,23,27,76,82,84,85,86,87" m="24683" machi="76" ten="30,1000,0" yaku="8,1" doraHai="58" who="2" fromWho="3" sc="250,0,250,0,250,10,250,-10" /><INIT seed="1,0,0,3,2,47" ten="250,250,260,240" oya="1" hai0="51,84,24,134,2,42,124,0,46,10,112,111,3" hai1="57,65,28,36,78,73,50,75,80,117,25,129,63" hai2="115,23,66,48,29,122,8,60,64,38,39,101,96" hai3="82,94,77,123,20,34,118,68,81,90,74,4,103"/><U106/><E106/><V17/><F122/><W30/><G34/><T88/><D112/><U132/><E117/><V15/><F115/><W99/><G123/><T26/><D111/><U97/><E36/><V120/><F120/><W19/><G118/><T35/><D124/><U92/><E129/><V56/><F66/><W67/><G30/><T91/><D134/><U9/><E9/><V113/><F113/><W125/><G125/><T89/><D35/><U102/><E132/><V93/><REACH who="2" step="1"/><F48/><REACH who="2" ten="250,250,250,240" step="2"/><W58/><G67/><T86/><REACH who="0" step="1"/><D10/><REACH who="0" ten="240,250,250,240" step="2"/><U85/><E50/><V44/><F44/><W11/><G11/><T107/><D107/><U14/><E14/><V59/><F59/><W54/><G58/><T98/><D98/><U87/><E75/><V22/><F22/><AGARI ba="0,2" hai="22,25,28,57,63,65,73,78,80,85,87,92,97,102" machi="22" ten="30,5800,0" yaku="7,1,25,2" doraHai="47" who="1" fromWho="2" sc="240,0,250,78,250,-58,240,0" /><INIT seed="1,1,0,1,3,58" ten="240,328,192,240" oya="1" hai0="31,94,13,123,120,39,99,46,35,79,103,45,88" hai1="50,32,69,82,60,56,5,53,95,23,84,20,59" hai2="89,107,73,111,44,43,91,75,133,17,15,68,67" hai3="65,11,25,130,41,7,4,12,51,101,135,93,128"/><U19/><E32/><V37/><F107/><W77/><G135/><T115/><D115/><U54/><E69/><V24/><F133/><W108/><G108/><T63/><D79/><U36/><E36/><V78/><F111/><W1/><G77/><T112/><D112/><U129/><E129/><N who="3" m="49770" /><G25/><T64/><D13/><U66/><E5/><V102/><F102/><W121/><G121/><N who="0" m="46667" /><D39/><U33/><E33/><V116/><F24/><W71/><G41/><T104/><D31/><U28/><E95/><V14/><F116/><W122/><G51/><T81/><D81/><U72/><E72/><V52/><F14/><W126/><G122/><T48/><D48/><N who="1" m="30791" /><E28/><V40/><F75/><W42/><G71/><N who="0" m="42399" /><D35/><U83/><E83/><V90/><F73/><W119/><G1/><T124/><D124/><U114/><E114/><V27/><F78/><W6/><G126/><T61/><D61/><U47/><E19/><V109/><F109/><W34/><G34/><T125/><D125/><U9/><E9/><V80/><F80/><W26/><G11/><T22/><D22/><U127/><E127/><V117/><F37/><W100/><G4/><T74/><D74/><U2/><E2/><V118/><F118/><W85/><G6/><T132/><D132/><U105/><E105/><V55/><F117/><W30/><G7/><T96/><AGARI ba="1,0" hai="45,46,88,94,96,99,103,104" m="42399,46667" machi="96" ten="30,4000,0" yaku="13,1,52,1,54,1" doraHai="58" who="0" fromWho="0" sc="240,43,328,-21,192,-11,240,-11" /><INIT seed="2,0,0,0,1,88" ten="283,307,181,229" oya="2" hai0="127,102,2,24,86,65,30,135,14,114,52,33,17" hai1="79,32,107,29,125,60,19,59,111,51,83,118,34" hai2="68,84,40,48,110,5,133,3,95,122,7,15,94" hai3="0,61,128,47,82,70,91,87,78,8,62,1,22"/><V67/><F122/><W39/><G128/><T101/><D114/><U112/><E107/><V6/><F3/><W38/><G22/><T123/><D123/><U27/><E125/><V103/><F133/><W116/><G116/><T120/><D120/><U12/><E111/><V28/><F110/><W13/><G0/><T46/><D127/><U74/><E51/><V117/><F117/><W81/><G1/><T45/><D65/><U129/><E129/><V11/><F28/><W130/><G130/><T115/><D115/><U50/><E50/><V98/><F68/><W4/><G70/><T73/><D73/><U64/><E112/><V58/><F67/><W96/><G96/><T80/><D2/><U66/><E118/><V44/><REACH who="2" step="1"/><F58/><REACH who="2" ten="283,307,171,229" step="2"/><W42/><G39/><T56/><D135/><U106/><E66/><V36/><F36/><W99/><G38/><T93/><D56/><U35/><E106/><V72/><F72/><W126/><G126/><T25/><D30/><U108/><E108/><V121/><F121/><W92/><G47/><T26/><D46/><U9/><AGARI ba="0,1" hai="9,12,19,27,29,32,34,35,59,60,64,74,79,83" machi="9" ten="20,1500,0" yaku="0,1,7,1" doraHai="88" who="1" fromWho="1" sc="283,-4,307,25,171,-7,229,-4" /><INIT seed="3,0,0,5,0,9" ten="279,332,164,225" oya="3" hai0="106,64,117,24,98,33,25,102,71,63,62,73,124" hai1="105,32,7,61,101,97,79,76,42,2,47,132,87" hai2="119,41,70,107,69,14,81,104,82,120,46,45,86" hai3="122,11,28,53,58,89,55,134,21,22,96,38,26"/><W135/><G122/><T125/><D117/><U80/><E32/><V50/><F119/><W116/><G116/><T59/><D73/><U74/><E132/><N who="3" m="50730" /><G38/><T56/><D56/><U3/><E79/><V88/><F120/><W83/><G11/><T18/><D18/><U68/><E87/><V29/><F29/><W103/><G89/><T6/><D6/><U37/><E7/><V77/><F45/><W127/><G83/><T67/><D67/><AGARI ba="0,0" hai="2,3,37,42,47,61,67,68,74,76,80,97,101,105" machi="67" ten="40,5200,0" yaku="33,3" doraHai="9" who="1" fromWho="0" sc="279,-52,332,52,164,0,225,0" /><INIT seed="4,0,0,2,5,133" ten="227,384,164,225" oya="0" hai0="74,94,89,72,55,102,5,30,88,101,120,56,62" hai1="34,61,52,63,39,92,128,10,23,19,127,132,67" hai2="7,123,111,12,21,84,77,36,131,38,54,25,115" hai3="106,65,109,59,73,46,112,83,44,1,9,64,51"/><T97/><D120/><U37/><E34/><V48/><F123/><W90/><G112/><T125/><D30/><U134/><E10/><V15/><F111/><W26/><G109/><T27/><D27/><U53/><E92/><V96/><F115/><W75/><G106/><T47/><D5/><U87/><E87/><V124/><F131/><W95/><G1/><T0/><D0/><U71/><E128/><V41/><F96/><W50/><G9/><T135/><D135/><N who="1" m="51755" /><E61/><V93/><F77/><W82/><G59/><T130/><D130/><U70/><E70/><V31/><F7/><W116/><G95/><T32/><D32/><U17/><E17/><V107/><F107/><W126/><G26/><T3/><D3/><U22/><E22/><V118/><F12/><W13/><G13/><T57/><D56/><U121/><E121/><V85/><F15/><W24/><G24/><T66/><D74/><U99/><E99/><V29/><F29/><W91/><G116/><T18/><D72/><U58/><E23/><V35/><F118/><W8/><G8/><T81/><D18/><U45/><E19/><V60/><F35/><W42/><REACH who="3" step="1"/><G42/><REACH who="3" ten="227,384,164,215" step="2"/><T105/><D105/><U11/><E11/><V103/><F41/><W28/><G28/><T110/><D110/><U98/><E58/><V79/><F93/><W129/><G129/><T100/><D94/><U113/><E113/><V80/><F25/><W69/><G69/><T76/><D57/><U114/><E114/><V14/><F31/><W78/><G78/><T6/><D76/><U122/><E71/><V117/><F79/><RYUUKYOKU ba="0,1" sc="227,-10,384,-10,164,-10,215,30" hai3="44,46,50,51,64,65,73,75,82,83,90,91,126" /><INIT seed="5,1,1,5,4,111" ten="217,374,154,245" oya="1" hai0="68,34,134,30,69,88,59,42,33,58,24,91,104" hai1="95,84,85,9,72,53,41,31,10,90,98,48,15" hai2="130,70,3,80,93,64,128,106,28,125,123,62,120" hai3="54,4,79,47,108,60,63,1,6,5,76,119,14"/><U92/><E72/><V39/><F3/><W61/><G108/><T32/><D42/><U56/><E31/><V113/><F106/><W25/><G1/><T81/><D104/><U8/><E41/><V57/><F28/><W82/><G119/><T71/><D134/><U65/><E65/><V75/><F93/><W115/><G115/><T121/><D121/><N who="2" m="46666" /><F39/><W96/><G96/><T94/><D81/><U103/><REACH who="1" step="1"/><E85/><REACH who="1" ten="217,364,154,245" step="2"/><V35/><F75/><W116/><G116/><T11/><D30/><U21/><E21/><V114/><F35/><W19/><G54/><T16/><D32/><U29/><E29/><V17/><F125/><W133/><G133/><T122/><D122/><U36/><E36/><V22/><F80/><W105/><G82/><T67/><D33/><U40/><E40/><V23/><F23/><W86/><G86/><T99/><D34/><U135/><E135/><V18/><F22/><W43/><G43/><T52/><D67/><U112/><E112/><N who="2" m="43115" /><F70/><W73/><G73/><T107/><D71/><U87/><E87/><V44/><F44/><W127/><G47/><T12/><D69/><U49/><E49/><V37/><F37/><W102/><G127/><T118/><D68/><U77/><E77/><V27/><F27/><W124/><G25/><T0/><D24/><U109/><E109/><V78/><F78/><N who="3" m="29739" /><G124/><T66/><D118/><U55/><E55/><V100/><F100/><W97/><G61/><T2/><D66/><U129/><E129/><AGARI ba="1,2" hai="17,18,57,62,64,128,129,130" m="43115,46666" machi="129" ten="40,12000,2" yaku="19,1,15,1,11,1,52,3" doraHai="111" who="2" fromWho="1" sc="217,0,364,-123,154,143,245,0" /><INIT seed="6,0,0,4,3,16" ten="217,241,297,245" oya="2" hai0="133,0,63,104,42,132,116,103,54,105,38,41,130" hai1="24,10,58,36,69,47,102,89,108,20,29,83,32" hai2="76,50,18,33,126,19,28,109,121,124,7,4,6" hai3="43,77,125,120,92,106,21,40,98,128,97,44,131"/><V11/><F76/><W25/><G120/><T88/><D0/><U75/><E69/><V48/><F121/><W70/><G70/><T22/><D130/><N who="3" m="49705" /><G125/><N who="2" m="48233" /><F109/><W15/><G77/><T65/><D54/><U118/><E118/><V90/><F90/><N who="3" m="55447" /><G15/><T72/><D116/><U115/><E115/><V73/><F73/><W117/><G117/><T60/><D72/><U110/><E102/><V111/><F111/><W129/><N who="3" m="49713" /><W96/><DORA hai="27" /><G106/><T68/><D104/><U9/><E89/><V85/><F85/><W12/><G12/><T55/><D88/><U3/><E83/><V46/><F11/><W52/><G52/><T113/><D103/><U45/><E75/><V23/><F33/><W123/><G123/><T91/><D91/><U37/><E32/><V57/><F57/><W53/><G53/><T14/><D55/><U74/><E58/><V35/><F35/><W56/><G56/><T86/><D86/><U79/><E79/><V81/><F81/><W51/><G43/><T49/><D42/><N who="1" m="22727" /><E74/><V87/><F87/><W135/><G135/><T67/><D133/><U100/><E100/><V101/><F101/><W8/><G8/><N who="1" m="3178" /><E3/><V62/><F62/><W112/><G112/><T61/><D113/><U127/><E127/><V122/><F122/><W17/><AGARI ba="0,0" hai="17,21,25,40,44,51,96,98" m="55447,49713" machi="17" ten="40,2700,0" yaku="19,1,52,1" doraHai="16,27" who="3" fromWho="3" sc="217,-7,241,-7,297,-13,245,27" /><INIT seed="7,0,0,1,5,130" ten="210,234,284,272" oya="3" hai0="26,67,55,53,119,45,49,123,2,13,131,124,27" hai1="107,134,129,39,38,125,84,83,74,3,15,114,75" hai2="71,30,121,128,80,42,104,18,88,17,87,41,99" hai3="110,108,52,90,113,51,43,46,14,133,29,127,37"/><W82/><G133/><T65/><D119/><U56/><E3/><V106/><F71/><W135/><G135/><T81/><D2/><U76/><E134/><V61/><F128/><W44/><G29/><T23/><D131/><U64/><E129/><V57/><F121/><W79/><G90/><T96/><D123/><U59/><E107/><V12/><F30/><W112/><G14/><T69/><D124/><U111/><E111/><N who="3" m="42538" /><G127/><T16/><D96/><U100/><E100/><V101/><F106/><W40/><G40/><T25/><D69/><U35/><E15/><V32/><F32/><W0/><G0/><T126/><D126/><U97/><E97/><V63/><F63/><W24/><G24/><T50/><REACH who="0" step="1"/><D81/><REACH who="0" ten="200,234,284,272" step="2"/><U66/><E125/><V62/><F99/><W31/><G31/><T9/><D9/><U47/><E83/><V102/><F80/><W1/><G1/><T36/><D36/><U7/><E39/><V8/><F8/><W48/><G37/><T93/><D93/><U94/><E94/><V6/><F104/><W58/><G58/><AGARI ba="0,1" hai="13,16,23,25,26,27,45,49,50,53,55,58,65,67" machi="58" ten="40,5200,0" yaku="1,1,8,1,54,1,53,0" doraHai="130" doraHaiUra="103" who="0" fromWho="3" sc="200,62,234,0,284,0,272,-52" /><INIT seed="8,0,0,5,5,130" ten="262,234,284,220" oya="0" hai0="108,7,60,41,67,38,46,76,124,29,18,39,111" hai1="120,74,77,1,45,9,47,5,71,126,87,20,133" hai2="17,62,75,101,48,54,72,129,58,94,78,30,86" hai3="32,37,8,97,91,55,132,13,66,34,28,36,56"/><T88/><D76/><U59/><E120/><V35/><F129/><W61/><G36/><T6/><D39/><U85/><E71/><V73/><F101/><W57/><G37/><T106/><D106/><U128/><E74/><V104/><F104/><W27/><G91/><T16/><D29/><U69/><E69/><V127/><F127/><W84/><G84/><T135/><D124/><U33/><E33/><V116/><F116/><W103/><G132/><T68/><D135/><U131/><E133/><V83/><F17/><N who="0" m="6762" /><D88/><U24/><E126/><V92/><REACH who="2" step="1"/><F62/><REACH who="2" ten="262,234,274,220" step="2"/><W44/><G44/><T42/><D46/><U117/><E47/><V95/><F95/><W93/><G13/><T51/><D60/><U53/><E45/><V50/><F50/><W123/><G8/><T125/><D51/><U90/><E117/><V70/><F70/><W21/><REACH who="3" step="1"/><G123/><REACH who="3" ten="262,234,274,210" step="2"/><T134/><D134/><U82/><E128/><V79/><F79/><W113/><G113/><T2/><D38/><U40/><E131/><V112/><F112/><W19/><G19/><T43/><D125/><U96/><E9/><V64/><F64/><W81/><G81/><T80/><D80/><U23/><E82/><V26/><AGARI ba="0,2" hai="26,30,35,48,54,58,72,73,75,78,83,86,92,94" machi="26" ten="40,2700,0" yaku="1,1,0,1,53,0" doraHai="130" doraHaiUra="119" who="2" fromWho="2" sc="262,-13,234,-7,274,47,210,-7" owari="249,5.0,227,-17.0,321,42.0,203,-30.0" /></mjloggm>