<mjloggm ver="2.3"><GO type="97" lobby="0"/><UN n0="%E5%B0%B1%E6%B4%BB%E7%94%9F%40%E5%B7%9D%E6%9D%91%E8%BB%8D%E5%9B%A3" n1="%4F%69%E3%81%AE%E3%81%B6%E5%AD%90" n2="%E3%82%A4%E3%82%B5%E3%83%83%E3%83%81%EF%BC%A0" n3="%E3%81%97%E3%81%91%E3%81%84%E3%81%97%E3%82%85%E3%81%86" dan="13,13,14,15" rate="1891.14,1880.68,1937.87,1987.56" sx="M,M,M,M"/><TAIKYOKU oya="0"/><INIT seed="0,0,0,4,3,92" ten="250,250,250,250" oya="0" hai0="131,7,56,124,3,77,66,65,115,125,54,60,69" hai1="67,89,123,11,68,53,114,98,55,117,127,33,71" hai2="13,40,29,28,111,82,44,19,70,43,101,113,118" hai3="6,16,30,102,93,105,49,35,103,48,1,120,79"/><T90/><D3/><U134/><E117/><V64/><F113/><W104/><G120/><T122/><D7/><U2/><E123/><V88/><F111/><W99/><G79/><T61/><D77/><U110/><E114/><V46/><F101/><W73/><G73/><T78/><D78/><U62/><E98/><V57/><F70/><W95/><G35/><T14/><D122/><U4/><E110/><V5/><F5/><W107/><G30/><T130/><D90/><U129/><E127/><N who="0" m="48713" /><D14/><U63/><E89/><V51/><F118/><W25/><G6/><T106/><D106/><U83/><E53/><V59/><F29/><W96/><REACH who="3" step="1"/><G1/><REACH who="3" ten="250,250,250,240" step="2"/><T80/><D115/><U132/><E4/><V36/><F28/><W108/><G108/><T15/><D15/><U85/><E2/><V97/><F64/><W0/><G0/><T112/><D112/><U76/><E68/><V31/><F31/><W75/><G75/><T26/><D26/><U81/><E33/><V34/><F34/><W47/><G47/><T20/><D66/><U50/><E67/><V17/><F17/><W32/><G32/><T126/><D126/><U21/><E71/><V74/><F74/><W39/><G39/><T38/><D38/><U23/><E76/><V94/><REACH who="2" step="1"/><F82/><REACH who="2" ten="250,250,240,240" step="2"/><W37/><G37/><T12/><D130/><U42/><E129/><V27/><F27/><W119/><G119/><T72/><D131/><U86/><E83/><V22/><AGARI ba="0,2" hai="13,19,22,36,40,43,44,46,51,57,59,88,94,97" machi="22" ten="20,12000,2" yaku="1,1,0,1,7,1,52,1,54,1,53,1" doraHai="92" doraHaiUra="45" who="2" fromWho="2" sc="250,-60,250,-30,240,140,240,-30" /><INIT seed="1,0,0,4,1,121" ten="190,220,380,210" oya="1" hai0="72,118,75,8,86,32,9,43,31,68,78,3,13" hai1="58,19,91,38,90,129,12,34,55,100,123,80,11" hai2="77,88,51,10,85,30,33,132,64,82,127,28,56" hai3="67,0,20,14,26,76,122,128,115,81,5,18,135"/><U15/><E123/><V4/><F132/><W79/><G122/><T112/><D118/><U102/><E38/><V133/><F127/><W59/><G115/><T108/><D68/><U95/><E34/><V99/><F133/><W36/><G135/><T61/><D112/><U21/><E129/><V53/><F33/><W92/><G36/><T84/><D3/><U116/><E116/><V22/><F22/><W134/><G134/><T71/><D43/><U42/><E42/><V107/><F64/><W47/><G128/><T125/><D125/><U1/><E1/><V97/><F107/><W69/><G69/><T74/><D9/><U17/><E80/><V54/><F54/><W37/><G0/><T49/><D78/><U60/><REACH who="1" step="1"/><E91/><REACH who="1" ten="190,210,380,210" step="2"/><V46/><F88/><W114/><G81/><T66/><D32/><U29/><E29/><V119/><F28/><W87/><G114/><T130/><D31/><U2/><E2/><V105/><F30/><W50/><G37/><T83/><D130/><U27/><E27/><V120/><F119/><W48/><G26/><T103/><D103/><U124/><E124/><V111/><F120/><W113/><G113/><T24/><D24/><U39/><E39/><V117/><F117/><W106/><G14/><T41/><D41/><U25/><E25/><V131/><F131/><W7/><G79/><T70/><D83/><U65/><E65/><V104/><F77/><W96/><G76/><T98/><D66/><U40/><E40/><V110/><F105/><W44/><G106/><T93/><D13/><U73/><E73/><V62/><F104/><RYUUKYOKU ba="0,1" sc="190,-10,210,30,380,-10,210,-10" hai1="11,12,15,17,19,21,55,58,60,90,95,100,102" /><INIT seed="1,1,1,5,2,17" ten="180,240,370,200" oya="1" hai0="27,129,99,101,133,93,64,57,37,41,84,6,26" hai1="13,119,105,71,48,128,45,20,83,90,80,18,134" hai2="19,46,66,40,11,100,25,110,30,104,125,47,97" hai3="95,53,77,108,63,89,124,109,44,16,85,54,23"/><U49/><E119/><V70/><F110/><N who="3" m="42603" /><G124/><T14/><D129/><U118/><E134/><V120/><F47/><W0/><G0/><T79/><D133/><U86/><E128/><V34/><F19/><W102/><G102/><T123/><D123/><U107/><E118/><V96/><F96/><W69/><G77/><T3/><D3/><U33/><E71/><V111/><F111/><W38/><G38/><T65/><D65/><U58/><E33/><V76/><F11/><W91/><G91/><T117/><D117/><U8/><E107/><V29/><F29/><W121/><G121/><T55/><D64/><U62/><E105/><V131/><F66/><N who="3" m="41183" /><G44/><T132/><D132/><U81/><E8/><V5/><F46/><W106/><G106/><T92/><D41/><N who="1" m="24623" /><E49/><V61/><F40/><W31/><G31/><T98/><D37/><U12/><E12/><AGARI ba="1,1" hai="12,16,23,53,54,85,89,95" m="41183,42603" machi="12" ten="30,3900,0" yaku="14,1,52,1,54,1" doraHai="17" who="3" fromWho="1" sc="180,0,240,-42,370,0,200,52" /><INIT seed="2,0,0,1,0,132" ten="180,198,370,252" oya="2" hai0="19,135,21,108,106,47,113,58,68,84,10,64,41" hai1="39,67,22,57,119,26,59,79,103,42,131,27,86" hai2="110,94,5,75,45,43,81,100,121,129,48,126,36" hai3="3,16,82,52,46,7,55,1,107,95,98,66,4"/><V93/><F121/><W104/><G66/><T120/><D106/><U70/><E119/><V71/><F71/><W105/><G82/><T28/><D68/><U69/><E131/><V35/><F129/><W78/><G78/><T133/><D108/><U6/><E6/><V2/><F35/><W18/><G4/><T54/><D120/><U114/><E114/><V9/><F110/><W85/><G85/><T24/><D113/><U25/><E103/><V13/><F13/><W8/><G3/><T102/><D64/><U72/><E72/><V31/><F31/><W29/><G29/><T0/><D102/><U38/><E22/><V76/><F48/><W23/><G46/><T33/><D84/><U122/><E122/><V115/><F115/><W130/><G130/><T123/><D123/><U125/><E125/><V50/><F50/><W74/><G74/><T40/><D40/><U44/><E39/><V51/><F51/><W118/><G118/><T96/><D96/><U89/><E79/><V101/><REACH who="2" step="1"/><F126/><REACH who="2" ten="180,198,360,252" step="2"/><W32/><G32/><T14/><D41/><U12/><E12/><V83/><F83/><W61/><G61/><T97/><D47/><U73/><E69/><V128/><F128/><W65/><G65/><T112/><D112/><U15/><E15/><V62/><F62/><W91/><REACH who="3" step="1"/><G18/><REACH who="3" ten="180,198,360,242" step="2"/><T60/><REACH who="0" step="1"/><D97/><REACH who="0" ten="170,198,360,242" step="2"/><U53/><E67/><V117/><F117/><W30/><G30/><T109/><D109/><U77/><E70/><V17/><F17/><W127/><G127/><T92/><D92/><AGARI ba="0,3" hai="2,5,9,36,43,45,75,76,81,92,93,94,100,101" machi="92" ten="40,7700,0" yaku="1,1,25,2,53,0" doraHai="132" doraHaiUra="111" who="2" fromWho="0" sc="170,-77,198,0,360,107,242,0" /><INIT seed="2,1,0,3,3,1" ten="93,198,467,242" oya="2" hai0="101,85,29,7,42,123,112,11,46,10,68,50,84" hai1="98,94,51,106,104,116,43,24,88,30,117,0,23" hai2="33,71,135,48,67,107,75,100,131,47,133,114,97" hai3="44,121,38,103,66,89,78,90,82,119,95,110,14"/><V37/><F114/><W128/><G66/><T76/><D123/><U70/><E70/><V108/><F131/><W115/><G121/><T113/><D68/><U132/><E132/><V105/><F105/><W59/><G59/><T52/><D101/><U35/><E0/><V39/><F48/><W65/><G65/><T74/><D29/><U32/><E106/><V16/><F16/><W93/><G128/><T80/><D11/><U4/><E4/><V25/><F75/><W55/><G115/><T62/><D84/><U13/><E104/><V125/><F108/><W17/><G119/><T28/><D28/><U99/><E98/><V54/><F54/><W87/><G110/><T61/><D74/><U127/><E127/><V124/><F47/><W21/><G38/><N who="2" m="14345" /><F67/><W63/><G63/><T91/><D91/><N who="3" m="34825" /><G103/><T83/><D83/><U8/><E116/><V36/><F71/><W96/><G96/><T72/><D72/><U130/><E117/><V6/><F6/><W34/><G34/><T64/><D61/><U53/><E130/><V92/><F36/><W27/><G27/><T134/><D134/><U111/><E111/><V118/><F33/><W22/><G22/><T40/><D40/><U73/><E73/><V57/><F25/><W3/><G3/><T20/><D20/><U9/><E43/><V49/><F133/><W26/><G26/><T102/><D102/><U122/><E122/><V58/><F135/><W19/><G19/><T18/><D18/><N who="1" m="10703" /><E35/><V12/><F118/><W69/><G69/><N who="0" m="42135" /><D42/><U126/><E126/><V81/><F125/><W41/><G41/><RYUUKYOKU ba="1,0" sc="93,10,198,10,467,-30,242,10" hai0="7,10,46,50,52,76,80,85,112,113" hai1="8,9,24,30,32,51,53,88,94,99" hai3="14,17,21,44,55,78,82,87,93,95" /><INIT seed="3,2,0,5,3,120" ten="103,208,437,252" oya="3" hai0="62,60,43,99,30,23,107,48,70,127,134,38,39" hai1="131,3,111,129,4,22,128,18,66,47,118,52,77" hai2="106,75,8,54,97,67,85,32,9,20,71,11,12" hai3="6,105,64,124,132,93,27,50,24,91,122,45,14"/><W100/><G122/><T84/><D107/><U55/><E118/><V82/><F75/><W96/><G124/><T76/><D99/><U42/><E66/><V1/><F32/><W101/><G132/><T53/><D30/><U41/><E111/><V117/><F117/><W115/><G115/><T69/><D23/><U46/><E77/><V49/><F71/><N who="0" m="27146" /><D84/><U94/><E94/><V89/><F67/><W19/><G64/><T74/><D74/><U79/><E79/><V126/><F126/><W33/><G6/><T63/><D76/><U112/><E112/><V37/><F37/><N who="0" m="13834" /><D134/><U87/><E87/><V78/><F1/><W110/><G110/><T98/><D98/><U109/><E109/><V5/><F5/><W116/><G116/><T7/><D7/><U26/><E4/><V90/><F106/><W57/><G57/><N who="0" m="32935" /><D127/><U28/><E3/><V15/><F20/><N who="3" m="11383" /><G33/><T119/><D119/><U133/><E28/><V61/><F11/><W121/><G121/><T92/><D92/><U58/><E133/><V73/><F9/><W114/><G114/><T35/><D35/><U125/><E125/><V51/><F8/><W10/><G105/><T86/><D86/><U104/><E104/><V59/><F73/><W21/><G10/><T95/><D95/><U2/><E2/><V13/><F97/><W56/><G93/><T108/><D108/><U0/><E0/><V81/><F78/><W130/><G96/><T29/><D29/><U40/><REACH who="1" step="1"/><E55/><REACH who="1" ten="103,198,437,252" step="2"/><V36/><F85/><W102/><G100/><T72/><D72/><U31/><E31/><V68/><F90/><RYUUKYOKU ba="2,1" sc="103,15,198,15,437,-15,252,-15" hai0="43,60,62,63" hai1="18,22,26,40,41,42,46,47,52,58,128,129,131" owari="118,-38.0,213,-19.0,432,53.0,237,4.0" /></mjloggm>