<mjloggm ver="2.3"><GO type="41" lobby="0"/><UN n0="%E5%B0%B1%E6%B4%BB%E7%94%9F%40%E5%B7%9D%E6%9D%91%E8%BB%8D%E5%9B%A3" n1="%E3%81%88%E3%82%8B%E3%81%9F%E3%81%9D" n2="%28%C2%B4%E3%83%BB%E3%82%A7%E3%83%BB%EF%BD%80%29%E3%83%8E" n3="%E3%82%B4%E3%83%9E" dan="15,13,15,15" rate="1994.24,1882.81,1993.99,1947.35" sx="M,F,F,M"/><TAIKYOKU oya="0"/><INIT seed="0,0,0,1,1,28" ten="250,250,250,250" oya="0" hai0="121,87,1,80,112,58,57,6,14,124,3,37,24" hai1="74,76,45,20,55,86,25,16,17,106,5,39,101" hai2="91,34,134,64,73,33,123,77,118,103,71,36,54" hai3="18,130,12,135,29,60,127,110,81,120,35,116,10"/><T13/><D112/><U111/><E74/><V113/><F113/><W102/><G110/><T61/><D37/><U128/><E111/><V82/><F91/><W23/><G135/><T129/><D121/><U32/><E128/><V56/><F123/><W7/><G130/><T79/><D129/><U59/><E5/><V95/><F134/><W93/><G127/><T94/><D124/><U75/><E75/><V126/><F126/><W65/><G116/><T107/><D107/><U9/><E9/><V46/><F118/><W11/><G120/><T78/><D58/><U27/><E101/><V51/><F103/><W52/><G81/><T62/><D62/><U85/><E106/><V43/><F95/><W66/><G35/><T90/><D79/><U21/><E32/><V108/><F108/><W26/><G102/><T117/><D117/><U38/><E45/><V69/><F69/><W4/><G93/><T132/><D132/><U97/><E97/><V0/><F0/><W92/><G92/><T72/><D24/><U133/><E133/><V83/><F83/><W119/><G119/><T2/><REACH who="0" step="1"/><D6/><REACH who="0" ten="240,250,250,250" step="2"/><U100/><E100/><V30/><F30/><W109/><G109/><T68/><D68/><U99/><E99/><V114/><F114/><W89/><G4/><T44/><D44/><U88/><E76/><V131/><F131/><W8/><G7/><T63/><D63/><AGARI ba="0,1" hai="33,34,36,43,46,51,54,56,63,64,71,73,77,82" machi="63" ten="40,8000,1" yaku="24,2,52,2" doraHai="28" who="2" fromWho="0" sc="240,-80,250,0,250,90,250,0" /><INIT seed="1,0,0,1,1,92" ten="160,250,340,250" oya="1" hai0="119,70,64,107,121,49,62,95,54,48,6,1,19" hai1="13,53,7,122,45,132,75,3,91,97,78,60,58" hai2="128,37,130,47,16,11,105,36,98,63,81,10,77" hai3="87,85,41,66,52,20,82,5,73,40,32,80,21"/><U93/><E122/><V42/><F63/><W59/><G32/><T115/><D119/><U12/><E132/><V29/><F29/><W96/><G73/><T56/><D115/><U135/><E135/><V31/><F31/><W57/><G5/><T86/><D107/><U8/><E75/><V117/><F117/><W99/><REACH who="3" step="1"/><G52/><REACH who="3" ten="160,250,340,240" step="2"/><T25/><D121/><U51/><REACH who="1" step="1"/><E78/><REACH who="1" ten="160,240,340,240" step="2"/><V39/><F77/><W89/><G89/><T127/><D127/><U102/><E102/><V104/><F128/><W101/><G101/><T35/><D35/><U2/><E2/><V69/><F130/><W108/><G108/><T50/><D1/><U120/><E120/><V61/><F39/><W133/><G133/><T34/><D34/><U83/><E83/><V46/><F37/><W118/><G118/><T90/><REACH who="0" step="1"/><D6/><REACH who="0" ten="150,240,340,240" step="2"/><U71/><E71/><V4/><F69/><W14/><G14/><T79/><D79/><U106/><E106/><V103/><F4/><W33/><G33/><T113/><D113/><U72/><E72/><V88/><F105/><W124/><G124/><T26/><D26/><U125/><E125/><V38/><F104/><W74/><G74/><T131/><D131/><U27/><E27/><V109/><F109/><W0/><G0/><T22/><AGARI ba="0,3" hai="19,22,25,48,49,50,54,56,62,64,70,86,90,95" machi="22" ten="30,4000,0" yaku="1,1,0,1,53,1" doraHai="92" doraHaiUra="23" who="0" fromWho="0" sc="150,70,240,-20,340,-10,240,-10" /><INIT seed="2,0,0,3,1,77" ten="220,220,330,230" oya="2" hai0="9,121,63,33,133,85,87,116,117,27,106,39,96" hai1="74,34,90,1,119,3,58,11,84,32,6,94,111" hai2="112,76,66,73,120,127,123,122,29,101,65,41,17" hai3="49,59,47,104,45,13,129,130,114,135,82,52,95"/><V71/><F112/><W15/><G104/><T16/><D39/><U5/><E119/><N who="0" m="45641" /><D121/><U83/><E111/><V105/><F66/><W110/><G110/><T79/><D133/><U2/><E58/><V19/><F41/><W42/><G114/><T128/><D128/><N who="3" m="49257" /><G135/><T134/><D134/><U99/><E74/><V43/><F43/><N who="3" m="24767" /><G95/><T12/><D63/><U69/><E69/><V98/><F29/><W103/><G103/><N who="0" m="62823" /><D79/><U7/><REACH who="1" step="1"/><E11/><REACH who="1" ten="220,210,330,230" step="2"/><V14/><F123/><W109/><G109/><T36/><D36/><U118/><E118/><V80/><F122/><W30/><G59/><T28/><AGARI ba="0,1" hai="9,12,16,27,28,33,85,87" m="62823,45641" machi="28" ten="30,2000,0" yaku="12,1,54,1" doraHai="77" who="0" fromWho="0" sc="220,30,210,-5,330,-10,230,-5" /><INIT seed="3,0,0,5,0,96" ten="250,205,320,225" oya="3" hai0="108,122,65,44,87,109,61,7,116,46,133,130,72" hai1="28,88,112,93,9,34,114,55,62,128,95,4,60" hai2="83,49,105,118,77,99,24,101,45,64,32,19,129" hai3="115,52,84,57,73,3,48,35,27,8,13,120,58"/><W132/><G115/><T85/><D72/><U111/><E111/><N who="0" m="42569" /><D116/><U134/><E114/><V104/><F129/><W91/><G132/><T68/><D122/><U89/><E128/><V107/><F64/><W74/><G120/><T71/><D7/><U18/><E134/><V51/><F118/><W125/><G125/><T103/><D130/><U80/><E112/><V117/><F117/><W98/><G3/><T5/><D5/><U1/><E80/><V39/><F39/><W123/><G123/><T124/><D124/><U50/><E18/><V21/><F32/><W22/><G35/><T97/><D133/><U37/><E37/><V102/><F99/><W40/><G40/><T10/><D10/><U42/><E42/><V0/><F0/><W81/><G58/><T14/><D14/><U17/><E17/><V23/><F23/><W121/><G121/><T113/><D71/><U26/><E93/><V56/><F56/><W6/><REACH who="3" step="1"/><G98/><REACH who="3" ten="250,205,320,215" step="2"/><T11/><D113/><U59/><REACH who="1" step="1"/><E89/><REACH who="1" ten="250,195,320,215" step="2"/><V41/><REACH who="2" step="1"/><F51/><REACH who="2" ten="250,195,310,215" step="2"/><W63/><G63/><T79/><D61/><U131/><E131/><V92/><F92/><W12/><G12/><T78/><D97/><AGARI ba="0,3" hai="1,4,9,26,28,34,50,55,59,60,62,88,95,97" machi="97" ten="30,7700,0" yaku="1,1,7,1,54,1,53,1" doraHai="96" doraHaiUra="33" who="1" fromWho="0" sc="250,-77,195,107,310,0,215,0" /><INIT seed="4,0,0,2,5,79" ten="173,302,310,215" oya="0" hai0="16,98,52,89,25,125,74,126,4,113,110,104,116" hai1="92,117,54,112,132,120,46,131,103,96,53,95,51" hai2="13,33,57,3,90,87,130,44,83,94,68,10,8" hai3="41,71,134,78,109,45,34,47,102,49,121,17,80"/><T82/><D4/><U97/><E120/><V66/><F68/><W23/><G121/><T38/><D116/><U48/><E117/><V40/><F33/><W135/><G109/><T69/><D38/><U128/><E132/><N who="3" m="50730" /><G102/><N who="0" m="62551" /><D69/><U85/><E85/><V107/><F3/><W77/><G71/><T133/><D113/><U30/><E30/><V24/><F107/><W64/><G64/><T101/><D101/><U118/><E112/><V129/><F24/><N who="3" m="14447" /><G34/><T19/><D110/><U2/><E2/><V100/><F66/><W63/><G63/><T127/><D133/><U111/><E111/><V114/><F57/><W108/><G108/><T42/><D42/><U21/><E118/><V61/><F61/><W35/><G35/><T55/><D25/><U119/><E119/><V11/><F114/><W124/><G124/><T27/><D27/><U43/><E43/><V56/><F100/><W73/><G77/><N who="0" m="44343" /><D89/><U75/><E103/><V20/><F56/><W26/><G26/><T58/><D55/><U65/><E65/><V72/><F44/><AGARI ba="0,0" hai="41,44,45,47,49,73,78,80" m="14447,50730" machi="44" ten="30,2000,0" yaku="20,1,52,1" doraHai="79" who="3" fromWho="2" sc="173,0,302,0,310,-20,215,20" /><INIT seed="5,0,0,5,0,6" ten="173,302,290,235" oya="1" hai0="76,90,27,82,103,17,102,112,83,59,85,89,15" hai1="21,40,111,36,60,87,133,94,115,99,107,65,23" hai2="5,42,12,16,64,62,113,34,58,74,106,101,108" hai3="124,92,46,44,77,33,131,129,28,80,55,93,25"/><U35/><E35/><V8/><F74/><N who="3" m="43063" /><G124/><T134/><D112/><U51/><E107/><V10/><F113/><W43/><G55/><T121/><D134/><U117/><E36/><V45/><F34/><W69/><G69/><T67/><D121/><U29/><E115/><V32/><F32/><W97/><G97/><T54/><D67/><U114/><E114/><V22/><F108/><W72/><G72/><T128/><D27/><U38/><E38/><V50/><REACH who="2" step="1"/><F5/><REACH who="2" ten="173,302,280,235" step="2"/><W11/><G33/><T135/><D128/><U13/><E111/><V57/><F57/><W7/><G7/><T61/><D135/><U123/><E117/><V19/><F19/><W105/><G131/><T126/><D126/><U122/><E123/><V118/><F118/><W26/><G129/><T70/><D70/><U95/><E122/><V48/><F48/><W37/><G37/><T9/><REACH who="0" step="1"/><D89/><REACH who="0" ten="163,302,280,235" step="2"/><N who="1" m="53567" /><E133/><V110/><F110/><W75/><G26/><T125/><D125/><U104/><E29/><V119/><F119/><W84/><G25/><T41/><D41/><U1/><E40/><V31/><F31/><W109/><G28/><T73/><AGARI ba="0,2" hai="9,15,17,54,59,61,73,76,82,83,85,90,102,103" machi="73" ten="20,5200,0" yaku="1,1,0,1,7,1,52,1,53,0" doraHai="6" doraHaiUra="68" who="0" fromWho="0" sc="163,72,302,-26,280,-13,235,-13" /><INIT seed="6,0,0,0,5,5" ten="235,276,267,222" oya="2" hai0="15,93,111,63,73,89,6,44,75,52,48,131,106" hai1="19,133,62,113,115,17,123,81,4,125,121,25,86" hai2="66,47,68,65,41,101,61,37,71,77,29,99,117" hai3="124,110,116,105,40,100,38,74,78,36,9,27,83"/><V21/><F77/><W20/><G116/><T10/><D106/><U98/><E125/><V13/><F117/><W3/><G110/><T130/><D111/><U122/><E133/><V35/><F35/><W30/><G124/><T135/><D63/><U72/><E72/><V55/><F55/><W107/><G100/><T26/><D26/><U56/><E98/><V24/><F13/><W0/><G0/><T64/><D64/><N who="1" m="38983" /><E4/><V51/><F66/><W109/><G109/><T97/><REACH who="0" step="1"/><D135/><REACH who="0" ten="225,276,267,222" step="2"/><U69/><E25/><V59/><F37/><W67/><G36/><T1/><D1/><U76/><E69/><V58/><F71/><W39/><G39/><T129/><AGARI ba="0,1" hai="6,10,15,44,48,52,73,75,89,93,97,129,130,131" machi="129" ten="30,8000,1" yaku="1,1,0,1,19,1,52,1,54,1,53,0" doraHai="5" doraHaiUra="112" who="0" fromWho="0" sc="225,90,276,-20,267,-40,222,-20" /><INIT seed="7,0,0,4,3,30" ten="315,256,227,202" oya="3" hai0="15,62,128,70,109,85,91,5,66,115,63,106,88" hai1="52,83,75,94,126,40,133,76,102,61,19,95,35" hai2="53,110,97,96,98,21,125,57,37,11,107,47,104" hai3="108,56,32,72,118,78,49,45,134,24,100,3,58"/><W82/><G118/><T18/><D109/><U117/><E117/><V36/><F110/><W48/><G134/><T131/><D5/><U14/><E133/><V51/><F125/><W22/><G3/><T124/><D106/><U84/><E126/><V120/><F120/><W77/><G108/><T112/><D124/><U16/><E35/><V2/><F21/><W28/><G100/><T34/><D63/><U69/><E40/><V135/><F135/><W17/><G77/><T26/><D26/><U59/><E69/><V44/><F44/><W20/><G49/><T50/><D50/><U89/><E102/><V54/><F54/><W33/><G22/><N who="0" m="11615" /><D34/><U13/><E95/><V114/><F2/><W132/><G132/><T39/><D39/><U10/><REACH who="1" step="1"/><E14/><REACH who="1" ten="315,246,227,202" step="2"/><V0/><F104/><W7/><G7/><AGARI ba="0,1" hai="7,10,13,16,19,52,59,61,75,76,83,84,89,94" machi="7" ten="30,8000,1" yaku="1,1,2,1,7,1,54,2,53,0" doraHai="30" doraHaiUra="101" who="1" fromWho="3" sc="315,0,246,90,227,0,202,-80" owari="315,12.0,336,43.0,227,-17.0,122,-38.0" /></mjloggm>