<mjloggm ver="2.3"><GO type="97" lobby="0"/><UN n0="%E3%82%AF%E3%82%A8%E3%82%B9%E3%83%88" n1="%E3%81%AE%E3%82%8C%E3%81%B1%E3%81%9D" n2="%68%65%72%6F%73%68%65" n3="%E5%B0%B1%E6%B4%BB%E7%94%9F%40%E5%B7%9D%E6%9D%91%E8%BB%8D%E5%9B%A3" dan="13,13,15,15" rate="1844.70,1842.52,1947.62,1995.51" sx="M,M,M,M"/><TAIKYOKU oya="0"/><INIT seed="0,0,0,5,1,119" ten="250,250,250,250" oya="0" hai0="81,80,61,95,29,22,52,90,82,53,92,14,135" hai1="72,8,3,0,121,114,6,9,112,31,62,115,85" hai2="24,10,74,89,4,125,97,100,93,39,55,30,117" hai3="79,99,38,111,32,45,58,1,94,101,68,110,116"/><T19/><D135/><U7/><E62/><V59/><F125/><W73/><G68/><T64/><D29/><U109/><E85/><V37/><F74/><W69/><G69/><T51/><D92/><U98/><E98/><V106/><F117/><W18/><G116/><T96/><REACH who="0" step="1"/><D51/><REACH who="0" ten="240,250,250,250" step="2"/><U71/><E72/><V67/><F106/><W76/><G94/><T66/><D66/><U5/><E71/><AGARI ba="0,1" hai="14,19,22,52,53,61,64,71,80,81,82,90,95,96" machi="71" ten="40,7700,0" yaku="1,1,54,1,53,1" doraHai="119" doraHaiUra="91" who="0" fromWho="1" sc="240,87,250,-77,250,0,250,0" /><INIT seed="0,1,0,4,1,121" ten="327,173,250,250" oya="0" hai0="13,12,8,10,89,73,118,94,18,131,48,40,108" hai1="102,86,114,124,64,42,76,112,41,132,81,43,36" hai2="107,83,87,44,21,54,37,5,127,28,126,6,97" hai3="24,74,129,95,75,69,34,57,105,19,67,134,9"/><T20/><D118/><U115/><E64/><V4/><F107/><W25/><G105/><T49/><D73/><U60/><E102/><V32/><F32/><W110/><G69/><T93/><D131/><U111/><E60/><V92/><F28/><W59/><G34/><T130/><D130/><U63/><E63/><V82/><F21/><W14/><G129/><T26/><D40/><U101/><E101/><V58/><F44/><W116/><G134/><T11/><D93/><U50/><E132/><V133/><F133/><W66/><G116/><T61/><D61/><U72/><E124/><N who="2" m="47659" /><F37/><W7/><G95/><T27/><D13/><U3/><E3/><V125/><F87/><W2/><G2/><T71/><D71/><U99/><E99/><V70/><N who="2" m="47667" /><V33/><DORA hai="39" /><F70/><W51/><G51/><N who="0" m="19531" /><D108/><U123/><E123/><V31/><F54/><W78/><G14/><T104/><D104/><U113/><N who="1" m="29184" /><DORA hai="62" /><U45/><E36/><V16/><F58/><W103/><G110/><T35/><D35/><U65/><E65/><V80/><F16/><W100/><G19/><T109/><D109/><U79/><E111/><V55/><F55/><W17/><G17/><T29/><D29/><U46/><E50/><V68/><F68/><W15/><G15/><T128/><D128/><U120/><E120/><V106/><F106/><W85/><G7/><T38/><D38/><U1/><E1/><V22/><F33/><W90/><G74/><T84/><AGARI ba="1,0" hai="8,10,11,12,18,20,26,27,84,89,94" m="19531" machi="84" ten="30,1500,0" yaku="8,1" doraHai="121,39,62" who="0" fromWho="0" sc="327,18,173,-6,250,-6,250,-6" /><INIT seed="0,2,0,1,0,104" ten="345,167,244,244" oya="0" hai0="11,92,51,66,49,90,21,58,84,105,124,99,0" hai1="88,3,54,39,102,86,81,62,100,72,42,110,77" hai2="64,70,48,114,107,135,118,119,116,20,68,47,7" hai3="112,25,40,78,120,41,82,14,34,85,38,101,98"/><T106/><D124/><U65/><E3/><V74/><F107/><W15/><G120/><T45/><D0/><U95/><E110/><V131/><F7/><W32/><G112/><T117/><D11/><U113/><E113/><V133/><F114/><W28/><G34/><T122/><D122/><U19/><E54/><V87/><F87/><W126/><G126/><T129/><D129/><U111/><E111/><V43/><F20/><W37/><G41/><T30/><D117/><U1/><E1/><V83/><F131/><W67/><G67/><T109/><D109/><U79/><E77/><N who="2" m="44471" /><F64/><W96/><G96/><T132/><D99/><U44/><REACH who="1" step="1"/><E19/><REACH who="1" ten="345,157,244,244" step="2"/><V121/><F121/><W31/><G31/><T59/><D66/><U128/><E128/><V63/><F63/><W127/><G127/><T91/><D30/><U6/><E6/><V103/><F103/><W93/><REACH who="3" step="1"/><G40/><REACH who="3" ten="345,157,244,234" step="2"/><N who="0" m="24743" /><D132/><AGARI ba="2,2" hai="43,47,48,68,70,116,118,119,132,133,135" m="44471" machi="132" ten="40,5200,0" yaku="12,1,20,1,52,1" doraHai="104" who="2" fromWho="0" sc="345,-58,157,0,244,78,234,0" /><INIT seed="1,0,0,5,2,90" ten="287,157,322,234" oya="1" hai0="103,51,46,17,47,129,112,124,132,109,93,77,14" hai1="107,74,2,23,21,8,34,123,94,97,92,106,134" hai2="6,30,111,104,4,25,99,5,63,58,125,28,60" hai3="15,117,72,71,89,56,79,26,115,48,54,22,12"/><U121/><E34/><V50/><F111/><W70/><G115/><T110/><D112/><U61/><E74/><V119/><F119/><W65/><G117/><T82/><D129/><U37/><E37/><V100/><F125/><W76/><G89/><T36/><D124/><U33/><E33/><V122/><F122/><W120/><G120/><T16/><D132/><U96/><E61/><V38/><F38/><W81/><G76/><T35/><D35/><U20/><E20/><V64/><F50/><W0/><G0/><T57/><D51/><U83/><E83/><V73/><F73/><W128/><G128/><T88/><D57/><U40/><E40/><V45/><F45/><N who="0" m="16906" /><D103/><U105/><E105/><V52/><REACH who="2" step="1"/><F25/><REACH who="2" ten="287,157,312,234" step="2"/><W10/><G26/><T67/><D36/><U66/><E134/><V13/><F13/><W31/><G15/><T32/><D14/><U68/><E2/><V98/><F98/><W1/><G12/><T80/><D109/><U114/><E114/><V9/><F9/><W29/><G1/><T116/><D110/><U78/><E8/><V62/><F62/><W133/><G10/><T69/><D116/><U44/><E44/><V7/><N who="2" m="1024" /><DORA hai="3" /><V43/><F43/><W39/><G48/><T11/><D11/><U53/><E68/><AGARI ba="0,1" hai="28,30,52,58,60,63,64,68,99,100,104" m="1024" machi="68" ten="50,12000,2" yaku="1,1,52,4,54,1,53,0" doraHai="90,3" doraHaiUra="41,84" who="2" fromWho="1" sc="287,0,157,-120,312,130,234,0" /><INIT seed="2,0,0,3,2,13" ten="287,37,442,234" oya="2" hai0="95,68,53,84,119,27,108,43,106,83,121,122,92" hai1="94,80,127,120,49,46,19,128,39,118,26,74,72" hai2="100,110,111,104,57,126,71,132,33,99,115,101,81" hai3="64,77,82,98,7,124,114,107,60,78,32,29,61"/><V58/><F115/><W24/><G114/><T63/><D106/><U30/><E39/><V123/><F123/><W117/><G124/><T35/><D108/><N who="2" m="41514" /><F126/><W36/><G117/><T42/><D27/><U20/><E127/><V22/><F132/><W86/><G36/><T11/><D35/><U125/><E125/><V5/><F101/><W28/><G28/><T8/><D53/><U56/><E120/><V59/><F71/><W17/><G7/><T134/><D63/><U131/><E118/><V73/><F33/><W129/><G129/><N who="1" m="49738" /><E56/><V105/><F5/><W89/><G61/><T48/><D134/><U45/><E94/><N who="2" m="58487" /><F22/><W40/><G40/><T12/><D43/><U109/><E109/><V67/><F67/><W87/><G87/><T66/><D42/><N who="1" m="24759" /><E46/><V69/><F69/><N who="3" m="42119" /><G17/><T50/><D68/><U23/><E80/><V44/><F44/><W62/><G62/><T54/><D83/><U14/><AGARI ba="0,0" hai="14,19,20,23,26,30,72,74" m="24759,49738" machi="14" ten="30,2000,0" yaku="19,1,52,1" doraHai="13" who="1" fromWho="1" sc="287,-5,37,20,442,-10,234,-5" /><INIT seed="3,0,0,0,3,10" ten="282,57,432,229" oya="3" hai0="88,60,22,126,56,68,30,74,76,119,33,75,36" hai1="78,19,29,131,16,108,3,100,110,50,132,103,135" hai2="79,23,116,80,48,21,18,31,64,27,91,53,9" hai3="123,13,133,37,104,42,107,39,118,84,8,59,0"/><W128/><G123/><T35/><D36/><U49/><E3/><V15/><F64/><W32/><G118/><T44/><D119/><U26/><E78/><V34/><F116/><W73/><G0/><T40/><D68/><U121/><E121/><V17/><F91/><W130/><G73/><T52/><D126/><U1/><E1/><V55/><F17/><N who="1" m="6729" /><E131/><N who="3" m="50218" /><G32/><T65/><D88/><U77/><E77/><V72/><F55/><W127/><G127/><T112/><D22/><U43/><E43/><V105/><F105/><N who="3" m="40523" /><G133/><N who="1" m="51274" /><E29/><V2/><F2/><W20/><G42/><T69/><D112/><U111/><E26/><V125/><F125/><W5/><G20/><T98/><D30/><U54/><E54/><V90/><F90/><W7/><G7/><T63/><D75/><U93/><E93/><V12/><F12/><W38/><G59/><AGARI ba="0,0" hai="9,15,18,21,23,27,31,34,48,53,59,72,79,80" machi="59" ten="30,2000,0" yaku="7,1,52,1" doraHai="10" who="2" fromWho="3" sc="282,0,57,0,432,20,229,-20" owari="282,8.0,57,-44.0,452,55.0,209,-19.0" /></mjloggm>