<mjloggm ver="2.3"><GO type="97" lobby="0"/><UN n0="%36%72%61%69%6E%30%30" n1="%73%68%73%72" n2="%EF%BD%84%E3%81%97%E3%82%83%E3%81%86%EF%BD%84%EF%BD%88" n3="%E3%82%A6%E3%83%AB%E3%83%88%E3%83%A9%E7%AB%8B%E7%9B%B4" dan="14,14,14,13" rate="1904.44,1960.90,1807.27,1825.62" sx="M,M,M,M"/><TAIKYOKU oya="0"/><INIT seed="0,0,0,0,5,0" ten="250,250,250,250" oya="0" hai0="60,100,133,81,43,46,55,90,47,97,96,105,86" hai1="52,56,40,69,6,28,125,89,24,116,84,74,104" hai2="33,115,3,30,131,41,45,12,36,17,68,111,122" hai3="39,26,9,27,110,132,93,79,31,123,103,130,95"/><T51/><D133/><U92/><E74/><V109/><F68/><W7/><G39/><T2/><D2/><U94/><E69/><V10/><F115/><W8/><G132/><T38/><D97/><U91/><E104/><V78/><F131/><W49/><G130/><T32/><D32/><U66/><E116/><V44/><F44/><W53/><G110/><N who="2" m="41993" /><F78/><W99/><G123/><T117/><REACH who="0" step="1"/><D60/><REACH who="0" ten="240,250,250,250" step="2"/><U16/><E125/><V34/><F3/><W119/><G119/><AGARI ba="0,1" hai="38,43,46,47,51,55,81,86,90,96,100,105,117,119" machi="119" ten="40,3900,0" yaku="1,1,2,1,53,0" doraHai="0" doraHaiUra="5" who="0" fromWho="3" sc="240,49,250,0,250,0,250,-39" /><INIT seed="0,1,0,3,1,113" ten="289,250,250,211" oya="0" hai0="45,126,131,6,54,42,88,46,81,14,20,85,58" hai1="22,123,84,82,83,135,33,15,2,80,92,39,36" hai2="96,106,73,9,104,114,25,116,55,26,31,127,23" hai3="48,21,27,120,86,41,37,124,3,67,101,8,71"/><T129/><D126/><U12/><E33/><V76/><F127/><W1/><G124/><T5/><D46/><U105/><E2/><V95/><F114/><W10/><G120/><T56/><D58/><U40/><E105/><V28/><F9/><W79/><G37/><T121/><D121/><U64/><E123/><V98/><F98/><W38/><G38/><T44/><D45/><U24/><E135/><V100/><F116/><W19/><G101/><T93/><D81/><N who="1" m="31339" /><E39/><V117/><F117/><W30/><G67/><T77/><D77/><N who="1" m="46191" /><E36/><V74/><F76/><W111/><G71/><T90/><D90/><U52/><E40/><V72/><REACH who="2" step="1"/><F55/><REACH who="2" ten="289,250,240,211" step="2"/><W7/><G10/><T0/><D54/><U62/><E64/><V70/><F70/><W11/><G11/><T102/><D129/><U125/><E125/><V35/><AGARI ba="1,1" hai="23,25,26,28,31,35,72,73,74,95,96,100,104,106" machi="35" ten="30,2000,0" yaku="1,1,0,1,53,0" doraHai="113" doraHaiUra="51" who="2" fromWho="2" sc="289,-11,250,-6,240,33,211,-6" /><INIT seed="1,0,0,0,5,100" ten="278,244,273,205" oya="1" hai0="8,30,17,118,126,60,90,77,32,104,128,61,42" hai1="47,64,18,103,111,78,108,57,129,75,0,21,34" hai2="82,68,43,119,70,63,112,12,40,135,48,86,37" hai3="107,25,51,59,97,2,65,87,88,49,94,41,53"/><U95/><E34/><V22/><F119/><W62/><G2/><T19/><D118/><U1/><E129/><V38/><F135/><W56/><G25/><T91/><D128/><U67/><E47/><V52/><F112/><W7/><G7/><T44/><D77/><U131/><E131/><V24/><F12/><W33/><G33/><T105/><D32/><U6/><E6/><V102/><F102/><W134/><G134/><T46/><D30/><U35/><E35/><V133/><F133/><W71/><G107/><N who="0" m="41035" /><D8/><U89/><E75/><V28/><F38/><W74/><G74/><T50/><D42/><U4/><E103/><V54/><F54/><W5/><G5/><T83/><D83/><U130/><E78/><V115/><F115/><W76/><G76/><T79/><D79/><U9/><E130/><V92/><F92/><W99/><G41/><T13/><D50/><U69/><E0/><V72/><F72/><W110/><G51/><T16/><D13/><N who="1" m="9423" /><E69/><V114/><F114/><W66/><G71/><T127/><D44/><U20/><E57/><V73/><F73/><W121/><G121/><T93/><D46/><U29/><E20/><V84/><F82/><W123/><G123/><T58/><D58/><U106/><E29/><V39/><F39/><W10/><G10/><T132/><D132/><U31/><E106/><V15/><F43/><W101/><G101/><T117/><D117/><U45/><E31/><V11/><F37/><W125/><G59/><T116/><D116/><U14/><E45/><N who="2" m="27663" /><F40/><W109/><G56/><T36/><D36/><U122/><E122/><RYUUKYOKU ba="0,0" sc="278,0,244,0,273,0,205,0" /><INIT seed="2,1,0,1,4,9" ten="278,244,273,205" oya="2" hai0="109,55,76,126,57,29,34,97,101,33,35,91,2" hai1="131,58,80,44,50,104,93,128,61,114,42,40,90" hai2="96,24,1,79,56,54,14,21,12,123,51,59,67" hai3="83,98,6,107,48,38,15,127,103,31,7,43,20"/><V53/><F123/><W115/><G115/><T68/><D109/><U88/><E104/><V36/><F36/><W106/><G38/><T73/><D126/><U110/><E114/><V108/><F1/><W124/><G48/><T22/><D2/><U66/><E110/><V121/><F108/><W87/><G43/><T11/><D68/><U19/><E19/><V77/><F67/><W16/><G107/><T122/><D122/><U26/><E26/><V63/><F96/><W27/><G6/><T18/><D11/><U116/><E116/><V65/><F121/><W37/><G37/><T105/><D29/><U74/><E40/><V69/><F77/><W75/><G7/><T41/><D41/><U70/><E70/><V62/><REACH who="2" step="1"/><F79/><REACH who="2" ten="278,244,263,205" step="2"/><W95/><G106/><T45/><D76/><U3/><E3/><V72/><F72/><W85/><G75/><T64/><D73/><U71/><E74/><V10/><F10/><W46/><G124/><T129/><D64/><U82/><E131/><V92/><F92/><W94/><G94/><T39/><D129/><U0/><E128/><V119/><F119/><W134/><G127/><T111/><D39/><U32/><E0/><V81/><F81/><W132/><G83/><T113/><D111/><U135/><E82/><V25/><F25/><W28/><G87/><T47/><D113/><U118/><E80/><V117/><F117/><W120/><G85/><T23/><D97/><U49/><E118/><V89/><F89/><W102/><G120/><T112/><D91/><U86/><E90/><V100/><F100/><W30/><G103/><RYUUKYOKU ba="1,1" sc="278,-10,244,-10,263,30,205,-10" hai2="12,14,21,24,51,53,54,56,59,62,63,65,69" /><INIT seed="2,2,1,0,4,103" ten="268,234,293,195" oya="2" hai0="130,32,38,86,98,26,133,117,115,84,65,57,100" hai1="63,12,124,89,34,131,135,68,39,20,112,79,85" hai2="45,17,78,121,80,129,24,67,3,16,52,49,10" hai3="43,92,33,18,109,82,2,73,113,93,102,122,110"/><V107/><F107/><W0/><G33/><T29/><D115/><U119/><E39/><V99/><F121/><W76/><G113/><T125/><D130/><U54/><E34/><V132/><F129/><W90/><G122/><T91/><D133/><U118/><E112/><V88/><F132/><W123/><G123/><T55/><D125/><U47/><E124/><V74/><F67/><W101/><G43/><T61/><D117/><U36/><E135/><V40/><F24/><W134/><G18/><T30/><D38/><U104/><E131/><V59/><F3/><W94/><G134/><T108/><D108/><N who="3" m="41577" /><G0/><T27/><D91/><U75/><E104/><V9/><F9/><W114/><G2/><T70/><D70/><U81/><E119/><V106/><F10/><W126/><G114/><T72/><D72/><U31/><E118/><V77/><F77/><W97/><G126/><T96/><D55/><U127/><E127/><V14/><F14/><W111/><N who="3" m="41585" /><W37/><DORA hai="62" /><G37/><T51/><D51/><U22/><E36/><V19/><F19/><W116/><G116/><T69/><D69/><U44/><E68/><V42/><F42/><W50/><G50/><T8/><D8/><U64/><E64/><V58/><F58/><W46/><G46/><T25/><D25/><U21/><E47/><V35/><F35/><W87/><G102/><T48/><D48/><U60/><E44/><V71/><F71/><W128/><G128/><T7/><D7/><U105/><E75/><V6/><F6/><W53/><G53/><T23/><D98/><U120/><E120/><RYUUKYOKU ba="2,1" sc="268,15,234,-15,293,-15,195,15" hai0="23,26,27,29,30,32,57,61,65,84,86,96,100" hai3="73,76,82,87,90,92,93,94,97,101" /><INIT seed="3,3,1,0,1,66" ten="283,219,278,210" oya="3" hai0="4,71,5,84,104,45,127,17,39,37,58,131,132" hai1="44,92,57,89,94,20,106,69,129,23,51,98,82" hai2="41,70,24,77,50,121,47,85,67,76,79,60,116" hai3="120,3,13,63,2,88,78,113,22,133,32,14,38"/><W27/><G38/><T93/><D104/><U123/><E69/><V54/><F116/><W36/><G36/><T96/><D71/><U110/><E106/><V75/><F75/><W100/><G100/><T46/><D127/><U86/><E123/><V101/><F121/><W18/><G120/><T29/><D131/><U48/><E129/><V11/><F24/><N who="3" m="14423" /><G78/><T114/><D132/><U87/><E110/><V115/><F115/><W28/><G63/><T112/><D29/><U105/><E105/><V74/><F74/><W56/><G56/><T118/><D118/><U30/><E30/><V0/><F101/><W91/><G91/><N who="0" m="53479" /><D96/><U26/><E57/><N who="2" m="32983" /><F11/><W9/><G88/><T35/><D35/><U83/><E26/><V119/><F0/><N who="3" m="43" /><G113/><N who="0" m="43627" /><D58/><U10/><E10/><V40/><F40/><W42/><G42/><N who="0" m="22735" /><D17/><U33/><E33/><V134/><F119/><W102/><G102/><T130/><D130/><U64/><E64/><V68/><F68/><W59/><G59/><T62/><D62/><U109/><E109/><V49/><F85/><W81/><G81/><T95/><D95/><U90/><E98/><V21/><F49/><W8/><G133/><T107/><D107/><U31/><REACH who="1" step="1"/><E31/><REACH who="1" ten="283,209,278,210" step="2"/><V80/><F134/><W73/><G73/><T125/><D125/><U1/><E1/><V135/><F135/><W43/><G43/><AGARI ba="3,2" hai="4,5,39,43,46" m="22735,43627,53479" machi="43" ten="30,1000,0" yaku="11,1" doraHai="66" who="0" fromWho="3" sc="283,39,209,0,278,0,210,-19" owari="322,42.0,209,-19.0,278,8.0,191,-31.0" /></mjloggm>