<mjloggm ver="2.3"><GO type="97" lobby="0"/><UN n0="%64%61%72%6D%73%74%61%64" n1="%E3%82%A6%E3%83%AB%E3%83%88%E3%83%A9%E7%AB%8B%E7%9B%B4" n2="%E3%81%8B%E3%81%B6%E3%81%AE%E4%B8%80%E5%A4%9C%E6%BC%AC%E3%81%91" n3="%E5%A4%A7%E4%BD%9C%E3%82%A5%E3%82%A5%E3%83%83%21%21" dan="13,13,15,14" rate="1854.24,1892.59,2003.88,1989.04" sx="M,M,M,M"/><TAIKYOKU oya="0"/><INIT seed="0,0,0,3,3,34" ten="250,250,250,250" oya="0" hai0="38,119,133,26,101,105,70,104,73,3,98,4,41" hai1="116,131,14,68,127,44,29,9,18,47,90,77,69" hai2="65,8,11,63,89,64,82,93,58,112,132,94,16" hai3="91,115,10,97,107,108,30,78,36,49,17,28,54"/><T32/><D119/><U76/><E116/><V43/><F112/><W120/><G115/><T111/><D133/><U95/><E127/><V100/><F132/><W103/><G36/><T19/><D19/><U1/><E1/><V66/><F43/><W124/><G124/><T125/><D111/><U7/><E29/><V130/><F130/><W84/><G78/><N who="1" m="30314" /><E69/><V126/><F126/><W99/><G99/><T24/><D24/><U22/><E68/><V40/><F40/><W21/><G120/><T50/><D50/><U37/><E37/><V23/><F82/><N who="3" m="49559" /><G21/><T71/><D105/><U56/><E56/><V122/><F122/><W33/><G33/><T61/><D125/><U129/><E129/><V60/><F100/><W25/><G25/><T67/><D71/><U12/><E131/><V113/><F113/><W45/><G108/><T79/><D79/><U85/><AGARI ba="0,0" hai="7,9,12,14,18,22,44,47,85,90,95" m="30314" machi="85" ten="30,1100,0" yaku="8,1" doraHai="34" who="1" fromWho="1" sc="250,-5,250,11,250,-3,250,-3" /><INIT seed="1,0,0,0,3,135" ten="245,261,247,247" oya="1" hai0="17,46,134,106,66,61,84,85,43,131,59,119,109" hai1="110,73,74,20,108,96,9,93,57,129,69,62,107" hai2="41,0,36,32,28,2,22,63,122,83,133,11,71" hai3="50,123,5,128,97,86,27,72,130,60,103,95,113"/><U89/><E69/><V37/><F133/><W7/><G123/><T112/><D106/><U82/><E9/><V6/><F122/><W26/><G113/><T45/><D134/><U30/><E107/><V48/><F48/><W91/><G72/><T117/><D131/><N who="3" m="50217" /><G50/><T132/><D132/><U79/><E129/><V8/><F22/><W12/><G60/><T118/><D109/><N who="1" m="42091" /><E74/><V33/><F83/><N who="3" m="49631" /><G12/><T15/><D46/><U42/><E42/><V24/><F33/><W39/><G39/><T67/><D67/><N who="1" m="39375" /><E20/><V21/><F21/><W127/><G127/><T56/><D56/><U38/><E38/><V53/><F53/><W80/><G80/><T34/><D34/><U111/><N who="1" m="42099" /><U31/><AGARI ba="0,0" hai="30,31,73,79,82,89,93,96" m="39375,42099" machi="31" ten="40,7800,0" yaku="4,1,14,1,10,1" doraHai="135" who="1" fromWho="1" sc="245,-26,261,78,247,-26,247,-26" /><INIT seed="1,1,0,1,2,103" ten="219,339,221,221" oya="1" hai0="44,119,10,73,97,124,117,52,129,88,90,75,22" hai1="93,31,112,92,106,8,29,127,86,4,39,9,19" hai2="47,105,32,14,53,5,134,55,79,61,110,102,91" hai3="99,125,6,65,63,71,20,66,21,62,77,1,40"/><U18/><E39/><V122/><F32/><W89/><G125/><T87/><D124/><U12/><E106/><V46/><F122/><W101/><G40/><T135/><D129/><U108/><E112/><V24/><F134/><W42/><G42/><T81/><D135/><U38/><E38/><V26/><F79/><W128/><G128/><T16/><D119/><U51/><E127/><V2/><F2/><W45/><G45/><T69/><D69/><U43/><E108/><V56/><F91/><W41/><G41/><T131/><D131/><U115/><E115/><V104/><F102/><W7/><G77/><T80/><D117/><U30/><E86/><V67/><F14/><W72/><G72/><T130/><D130/><U15/><E4/><V85/><F85/><W13/><G89/><T126/><D126/><U82/><E82/><V95/><F95/><W48/><G48/><N who="0" m="28679" /><D22/><U27/><E27/><V57/><F5/><W74/><G74/><T121/><D121/><U70/><E70/><V78/><F78/><W11/><G6/><T84/><D97/><U36/><E36/><V54/><F110/><W132/><G1/><T0/><D0/><U83/><E83/><V98/><F98/><W33/><G33/><T49/><D49/><U96/><E96/><V109/><F109/><W64/><G132/><T118/><D118/><U76/><E76/><V94/><F94/><N who="3" m="58615" /><G71/><T68/><D68/><U123/><E123/><V3/><F3/><W114/><G114/><T59/><D59/><N who="2" m="22602" /><F104/><W107/><G107/><T17/><D17/><U35/><E35/><V50/><F105/><RYUUKYOKU ba="1,0" sc="219,10,339,10,221,-30,221,10" hai0="10,16,73,75,80,81,84,87,88,90" hai1="8,9,12,15,18,19,29,30,31,43,51,92,93" hai3="7,11,13,20,21,62,63,64,65,66" /><INIT seed="1,2,0,5,1,1" ten="229,349,191,231" oya="1" hai0="113,48,66,124,106,120,92,100,71,24,88,18,110" hai1="101,98,26,63,102,36,32,50,125,80,132,75,55" hai2="83,57,4,22,85,90,103,118,135,73,12,13,5" hai3="109,99,96,86,58,38,94,47,34,107,30,39,82"/><U127/><E36/><V68/><F68/><W89/><G109/><T6/><D110/><U42/><E42/><V45/><F118/><W54/><G107/><T61/><D124/><N who="1" m="47691" /><E63/><V46/><F135/><W3/><G3/><T78/><D120/><U52/><E55/><V91/><F73/><W129/><G129/><T0/><D78/><N who="1" m="44127" /><E98/><V7/><F103/><W97/><G47/><N who="2" m="17929" /><F22/><W130/><G130/><T112/><D100/><U65/><E65/><V84/><F57/><W44/><G44/><T87/><D106/><U69/><E69/><V16/><F16/><W21/><G34/><T31/><D18/><U115/><E115/><V9/><F13/><W37/><G30/><T10/><REACH who="0" step="1"/><D48/><REACH who="0" ten="219,349,191,231" step="2"/><U51/><E51/><V28/><F28/><W114/><G114/><T40/><D40/><U74/><E132/><V76/><F76/><W20/><REACH who="3" step="1"/><G82/><AGARI ba="2,1" hai="4,5,7,9,12,82,83,84,85,90,91" m="17929" machi="82" ten="30,7700,0" yaku="8,1,52,3" doraHai="1" who="2" fromWho="3" sc="219,0,349,0,191,93,231,-83" /><INIT seed="2,0,0,4,2,43" ten="219,349,284,148" oya="2" hai0="62,55,115,31,127,60,131,64,59,113,130,93,102" hai1="108,16,40,54,47,66,33,36,21,11,10,116,0" hai2="51,68,48,123,1,82,110,53,7,19,91,76,39" hai3="124,74,42,120,4,133,104,34,99,20,58,13,35"/><V24/><F68/><W87/><G120/><T50/><D31/><U86/><E116/><V73/><F123/><W129/><G74/><T107/><D107/><U105/><E105/><V5/><F39/><W25/><G129/><N who="0" m="49163" /><D102/><U134/><E108/><V83/><F110/><W98/><G133/><T81/><D81/><U109/><E109/><V52/><F1/><W80/><G42/><T61/><D93/><U100/><E100/><V79/><F91/><W118/><G118/><T45/><D127/><U103/><E66/><V49/><F24/><W46/><G124/><T3/><D3/><U95/><E86/><V18/><F51/><W75/><G75/><AGARI ba="0,0" hai="5,7,18,19,48,49,52,53,73,75,76,79,82,83" machi="75" ten="25,4800,0" yaku="22,2,54,1" doraHai="43" who="2" fromWho="3" sc="219,0,349,0,284,48,148,-48" /><INIT seed="2,1,0,4,5,29" ten="219,349,332,100" oya="2" hai0="10,43,99,134,105,125,82,112,20,8,55,45,41" hai1="35,120,110,22,83,116,3,123,59,74,31,5,15" hai2="12,77,131,0,66,70,19,54,107,21,122,14,127" hai3="36,50,81,2,88,65,9,132,97,118,104,28,115"/><V33/><F122/><N who="1" m="46633" /><E59/><V51/><F107/><W57/><G118/><T60/><D112/><U76/><E116/><V124/><F0/><W56/><G36/><T37/><D134/><U48/><E48/><V69/><F77/><W61/><G115/><T128/><D128/><U80/><E80/><V46/><F131/><W30/><G132/><T44/><D125/><N who="2" m="48202" /><F14/><W42/><G104/><T39/><D82/><U114/><E114/><V18/><F18/><W93/><G81/><T32/><D32/><U92/><E92/><V23/><F23/><W17/><G2/><T94/><D105/><U11/><E110/><V26/><F66/><W121/><G121/><T25/><D55/><U71/><E22/><V91/><F91/><W16/><G57/><T102/><REACH who="0" step="1"/><D60/><REACH who="0" ten="209,349,332,100" step="2"/><U87/><E35/><V135/><F135/><W86/><G97/><T67/><D67/><U126/><E126/><V73/><F73/><W47/><REACH who="3" step="1"/><G17/><AGARI ba="1,1" hai="8,10,17,20,25,37,39,41,43,44,45,94,99,102" machi="17" ten="30,8000,1" yaku="1,1,7,1,9,1,53,2" doraHai="29" doraHaiUra="38" who="0" fromWho="3" sc="209,93,349,0,332,0,100,-83" /><INIT seed="3,0,0,3,1,43" ten="302,349,332,17" oya="3" hai0="68,97,40,110,88,73,96,75,87,21,4,102,107" hai1="39,56,109,89,125,10,121,83,25,135,37,129,8" hai2="9,66,60,31,80,12,119,98,65,27,128,79,33" hai3="116,130,7,120,94,74,30,57,55,50,62,17,134"/><W78/><G116/><T45/><D68/><U47/><E121/><V34/><F119/><W19/><G120/><T104/><D110/><U11/><E109/><V126/><F128/><W86/><G130/><T124/><D124/><U114/><E114/><V22/><F126/><W42/><G134/><T117/><D117/><U32/><E125/><V41/><F41/><W69/><G74/><T52/><D4/><U99/><E129/><V20/><F98/><W2/><G30/><T51/><D21/><U53/><E39/><V108/><F108/><W63/><G63/><T122/><D122/><U92/><E83/><V44/><F44/><W93/><G78/><T26/><D26/><U61/><E37/><V46/><F46/><W101/><G101/><T95/><D40/><U36/><E36/><V0/><F0/><W29/><G29/><T90/><D107/><U76/><E47/><V82/><F34/><W24/><G42/><T15/><D15/><U28/><E76/><V58/><F65/><W84/><G84/><T38/><D38/><U85/><E135/><V118/><F118/><W3/><G3/><T54/><D54/><U132/><E132/><V111/><F111/><W14/><G24/><T13/><D13/><U18/><E18/><N who="3" m="6666" /><G2/><T115/><D115/><U103/><E103/><V113/><F113/><W131/><G131/><T67/><D67/><U49/><E85/><V23/><F79/><W35/><G35/><T91/><D91/><U112/><E112/><V70/><F70/><W100/><G100/><T59/><D59/><U105/><E105/><V16/><AGARI ba="0,0" hai="9,12,16,20,22,23,27,31,33,58,60,66,80,82" machi="16" ten="30,4000,0" yaku="5,1,0,1,54,1" doraHai="43" who="2" fromWho="2" sc="302,-10,349,-10,332,40,17,-20" owari="292,-11.0,339,14.0,372,47.0,-3,-50.0" /></mjloggm>