<mjloggm ver="2.3"><GO type="97" lobby="0"/><UN n0="%E4%BF%BA%E3%82%82%E3%81%86%E3%83%80%E3%83%A1%E3%81%A0%E3%82%8F" n1="%37%38%37%37%37%38%37%37" n2="%E3%82%A6%E3%83%AB%E3%83%88%E3%83%A9%E7%AB%8B%E7%9B%B4" n3="%6E%2D%6D%69%7A%75" dan="15,13,14,14" rate="2016.88,1944.30,1935.15,1923.12" sx="M,M,M,M"/><TAIKYOKU oya="0"/><INIT seed="0,0,0,5,1,110" ten="250,250,250,250" oya="0" hai0="32,101,111,9,82,19,99,92,129,31,17,49,63" hai1="6,123,100,36,44,42,103,5,29,74,105,128,11" hai2="88,69,62,75,51,125,77,78,1,18,118,64,108" hai3="97,76,40,48,61,39,46,85,113,16,38,132,80"/><T87/><D111/><U72/><E29/><V10/><F118/><W121/><G121/><T114/><D129/><U116/><E123/><V33/><F33/><W130/><G130/><T124/><D124/><U3/><E128/><V35/><F35/><W0/><G0/><T26/><D63/><U127/><E6/><V24/><F125/><W14/><G132/><T91/><D49/><U53/><E127/><V109/><F109/><W95/><G61/><T15/><REACH who="0" step="1"/><D114/><REACH who="0" ten="240,250,250,250" step="2"/><U106/><E116/><V70/><F108/><W55/><G113/><T65/><D65/><U47/><E53/><V41/><F70/><W57/><G38/><T126/><D126/><U37/><E37/><V131/><F131/><W71/><G71/><T90/><D90/><U86/><E47/><V119/><F119/><W59/><G39/><T134/><D134/><U25/><E103/><V84/><F51/><W60/><G60/><T83/><D83/><U45/><E45/><V30/><F41/><W22/><REACH who="3" step="1"/><G40/><REACH who="3" ten="240,250,250,240" step="2"/><T23/><D23/><U2/><E42/><V27/><F62/><W115/><G115/><T66/><D66/><U20/><E36/><V73/><F64/><W107/><G107/><T7/><AGARI ba="0,2" hai="7,9,15,17,19,26,31,32,82,87,91,92,99,101" machi="7" ten="20,3900,0" yaku="1,1,0,1,7,1,53,0" doraHai="110" doraHaiUra="104" who="0" fromWho="0" sc="240,59,250,-13,250,-13,240,-13" /><INIT seed="0,1,0,5,2,60" ten="299,237,237,227" oya="0" hai0="81,44,45,100,133,49,19,114,103,124,17,63,40" hai1="111,92,51,6,69,33,12,99,36,22,115,62,50" hai2="52,73,80,78,75,1,39,56,94,55,86,70,27" hai3="76,130,28,67,74,119,96,118,46,131,68,71,125"/><T31/><D114/><U53/><E33/><V113/><F70/><W54/><G125/><T47/><D124/><U16/><E36/><V0/><F113/><W20/><G96/><T13/><D133/><U83/><E115/><V3/><F39/><W109/><G20/><T121/><D121/><U105/><E105/><V10/><F10/><W89/><G89/><T59/><D31/><U32/><E32/><V128/><F128/><N who="3" m="49195" /><G28/><T57/><D81/><U107/><E107/><V112/><F112/><W15/><G15/><T43/><D49/><U18/><E6/><V5/><F5/><W14/><G14/><T97/><D97/><U126/><E83/><V134/><F134/><W58/><G76/><T90/><D90/><U25/><E126/><V106/><F106/><W2/><G2/><T24/><D24/><U65/><E53/><V95/><F27/><W29/><G29/><T104/><D104/><U82/><E82/><V4/><F4/><W23/><G23/><T41/><D13/><U101/><E111/><V11/><F11/><AGARI ba="1,0" hai="11,12,16,18,22,25,50,51,62,65,69,92,99,101" machi="11" ten="30,3900,0" yaku="7,1,52,1,54,1" doraHai="60" who="1" fromWho="2" sc="299,0,237,42,237,-42,227,0" /><INIT seed="1,0,0,1,5,43" ten="299,279,195,227" oya="1" hai0="86,62,60,58,83,59,121,11,46,103,90,20,107" hai1="87,84,81,14,71,79,135,97,127,110,92,24,21" hai2="52,74,35,57,101,73,54,91,80,19,85,9,88" hai3="31,114,75,44,51,5,17,98,89,125,120,3,113"/><U39/><E71/><V28/><F35/><W68/><G75/><T37/><D121/><U104/><E135/><V41/><F28/><W109/><G120/><T49/><D37/><U66/><E66/><V129/><F129/><W117/><G117/><T0/><D107/><U134/><E134/><V76/><F74/><W29/><G68/><T106/><D106/><U33/><E127/><V119/><F119/><W42/><G125/><T40/><D103/><U132/><E132/><V47/><F101/><W100/><G89/><N who="2" m="34377" /><F73/><W78/><G78/><T111/><D111/><U77/><E110/><V48/><F57/><W25/><G109/><T15/><D20/><U67/><E67/><V72/><F72/><W1/><G17/><T124/><D0/><U45/><E33/><V56/><F56/><N who="0" m="21546" /><D124/><U94/><E104/><V8/><F19/><AGARI ba="0,0" hai="11,15,19,40,46,49,60,62,83,86,90" m="21546" machi="19" ten="30,2000,0" yaku="8,1,52,1" doraHai="43" who="0" fromWho="2" sc="299,20,279,0,195,-20,227,0" /><INIT seed="2,0,0,5,1,76" ten="319,279,175,227" oya="2" hai0="72,35,97,48,116,71,12,113,49,107,4,6,108" hai1="104,128,98,1,74,44,124,69,53,87,46,34,106" hai2="134,50,92,80,68,43,0,29,93,120,27,94,125" hai3="115,40,37,127,122,110,42,132,111,39,56,75,14"/><V119/><F68/><W5/><G75/><T85/><D35/><U64/><E1/><V123/><F0/><W3/><G14/><T99/><D12/><U135/><E74/><V121/><F119/><W91/><G127/><T23/><D72/><U84/><E124/><V129/><F125/><W131/><G91/><T109/><D23/><U118/><E118/><V33/><F129/><W82/><G122/><T8/><D85/><U55/><E34/><V18/><F134/><W59/><G5/><T54/><D116/><U73/><E73/><V81/><REACH who="2" step="1"/><F18/><REACH who="2" ten="319,279,165,227" step="2"/><W133/><G3/><T9/><D71/><U126/><E69/><V17/><F17/><W20/><G131/><T2/><D2/><U16/><E126/><V77/><F77/><W10/><G115/><T78/><D78/><U105/><E128/><V112/><F112/><W24/><G133/><T36/><D113/><U47/><E16/><V61/><F61/><W83/><G132/><T28/><D4/><U51/><E135/><V65/><F65/><W63/><G63/><T100/><D6/><U30/><E64/><V41/><F41/><W11/><G24/><T45/><D54/><N who="1" m="20491" /><E51/><V62/><F62/><W7/><G7/><T38/><D48/><U52/><E52/><V60/><F60/><W58/><G58/><T66/><D49/><U22/><E98/><V88/><F88/><W95/><G95/><T31/><D66/><U117/><E117/><V70/><F70/><W67/><G67/><T25/><D99/><U86/><E30/><V130/><F130/><W102/><G102/><T90/><D31/><RYUUKYOKU ba="0,1" sc="319,-30,279,10,165,10,227,10" hai1="22,44,46,47,84,86,87,104,105,106" hai2="27,29,33,43,50,80,81,92,93,94,120,121,123" hai3="10,11,20,37,39,40,42,56,59,82,83,110,111" /><INIT seed="2,1,1,0,4,9" ten="289,289,175,237" oya="2" hai0="112,78,8,45,22,98,73,74,84,88,75,79,101" hai1="41,77,28,123,111,83,34,130,47,118,72,115,122" hai2="59,35,50,113,53,129,56,37,103,81,36,71,120" hai3="95,92,117,126,30,26,12,43,93,52,16,23,29"/><V54/><F35/><W104/><G117/><T102/><D45/><U128/><E118/><V97/><F120/><N who="1" m="46121" /><E115/><V116/><F116/><W31/><G104/><N who="0" m="63543" /><D22/><U24/><E111/><V4/><F113/><W94/><G43/><T20/><D20/><U49/><AGARI ba="1,1" hai="24,28,34,41,47,49,72,77,83,128,130" m="46121" machi="49" ten="30,1100,0" yaku="13,1" doraHai="9" who="1" fromWho="1" sc="289,-4,289,24,175,-6,237,-4" /><INIT seed="3,0,0,0,5,35" ten="285,313,169,233" oya="3" hai0="17,129,114,131,11,72,37,89,86,106,15,73,5" hai1="121,52,68,81,56,100,123,51,113,29,58,36,117" hai2="12,78,49,21,59,118,0,43,115,44,93,103,80" hai3="1,27,132,46,104,84,13,62,32,110,67,26,130"/><W42/><G132/><T112/><D106/><U63/><E68/><V116/><F115/><N who="0" m="44074" /><D37/><U7/><E36/><V55/><F118/><W61/><G130/><N who="0" m="49675" /><D17/><U111/><E111/><V92/><F116/><W76/><G110/><T135/><D135/><U28/><E117/><V18/><F103/><W48/><G104/><T3/><D15/><U124/><E100/><V133/><F133/><W54/><G13/><T107/><D107/><U31/><E113/><V108/><F108/><W88/><G76/><T47/><D47/><U134/><E7/><V38/><F0/><W105/><G105/><T126/><D126/><U33/><E33/><V83/><F83/><AGARI ba="0,0" hai="3,5,11,72,73,83,86,89" m="49675,44074" machi="83" ten="30,3900,0" yaku="11,1,19,1,52,1" doraHai="35" who="0" fromWho="2" sc="285,39,313,0,169,-39,233,0" owari="324,43.0,313,11.0,130,-37.0,233,-17.0" /></mjloggm>