<mjloggm ver="2.3"><GO type="41" lobby="0"/><UN n0="%4D%49%58%58%30%35" n1="%E5%B0%B1%E6%B4%BB%E7%94%9F%40%E5%B7%9D%E6%9D%91%E8%BB%8D%E5%9B%A3" n2="%74%69%6E%67%2D%72%6F%77" n3="%E3%81%B5%E3%81%BF%E3%81%9A%E3%81%8D%32%31" dan="14,13,14,13" rate="1920.66,1872.50,1937.47,1926.67" sx="M,M,M,M"/><TAIKYOKU oya="0"/><INIT seed="0,0,0,0,2,135" ten="250,250,250,250" oya="0" hai0="34,111,87,103,63,102,26,33,69,5,53,22,14" hai1="75,95,65,40,107,82,28,4,1,67,70,106,66" hai2="90,83,73,96,45,126,7,92,125,41,37,117,123" hai3="76,78,30,31,48,122,110,55,20,115,12,61,109"/><T91/><D111/><N who="3" m="42505" /><G115/><T124/><D124/><N who="2" m="47722" /><F123/><W100/><G100/><T35/><D5/><U113/><E113/><V97/><F7/><W46/><G61/><T116/><D14/><U19/><E70/><V86/><F73/><W101/><G101/><T39/><D39/><U112/><E112/><V49/><F37/><W42/><G42/><T118/><D118/><U57/><E57/><V29/><F29/><N who="3" m="10763" /><G122/><T121/><D121/><U79/><E19/><AGARI ba="0,0" hai="12,19,20,46,48,55,76,78" m="10763,42505" machi="19" ten="30,1000,0" yaku="14,1" doraHai="135" who="3" fromWho="1" sc="250,0,250,-10,250,0,250,10" /><INIT seed="1,0,0,5,2,125" ten="250,240,250,260" oya="1" hai0="32,56,37,107,42,2,110,24,78,23,34,132,17" hai1="105,121,130,5,48,116,76,57,84,26,99,38,91" hai2="75,95,14,55,89,64,28,115,127,49,30,45,40" hai3="52,106,85,96,101,33,63,117,16,31,13,97,10"/><U134/><E38/><V9/><F75/><W80/><G117/><T128/><D107/><U114/><E121/><V22/><F127/><W67/><G97/><T4/><D78/><U18/><E116/><V77/><F77/><W92/><G33/><T39/><D110/><U119/><E114/><V70/><F70/><W8/><G31/><T36/><D132/><U0/><E119/><V73/><F73/><W72/><G72/><T47/><D56/><U112/><E112/><V103/><F103/><W6/><G106/><T66/><D66/><U61/><E134/><V69/><F69/><W133/><G133/><T129/><D4/><U109/><E109/><V74/><F74/><W123/><G123/><T79/><D79/><U11/><E76/><V94/><F64/><W3/><G52/><T81/><D81/><U100/><E48/><V53/><F115/><W135/><G135/><T102/><D102/><U27/><E18/><V58/><F53/><W1/><G1/><T87/><D87/><U71/><E71/><V126/><F126/><W68/><G85/><T104/><D104/><U108/><E108/><V120/><F120/><W44/><G44/><T51/><REACH who="0" step="1"/><D2/><REACH who="0" ten="240,240,250,260" step="2"/><U19/><E100/><V88/><F94/><W62/><G80/><T83/><D83/><U12/><E105/><V82/><F82/><W86/><G86/><T43/><D43/><U65/><E99/><N who="2" m="57831" /><F89/><W98/><G98/><T113/><D113/><U59/><E91/><V46/><F40/><W118/><G118/><T124/><D124/><U21/><E65/><V41/><F41/><W25/><G67/><RYUUKYOKU ba="0,1" sc="240,30,240,-10,250,-10,260,-10" hai0="17,23,24,32,34,36,37,39,42,47,51,128,129" /><INIT seed="2,1,1,4,1,106" ten="270,230,240,250" oya="2" hai0="64,85,38,0,107,101,87,17,14,68,76,59,1" hai1="45,81,2,82,91,75,22,12,113,9,32,112,95" hai2="39,55,124,60,23,97,44,30,103,29,27,71,7" hai3="54,61,99,21,18,131,111,90,41,42,28,65,46"/><V66/><F7/><W80/><G111/><T122/><D68/><U133/><E32/><V92/><F124/><W37/><G131/><T50/><D38/><U86/><E133/><V118/><F118/><W51/><G28/><T125/><D125/><U10/><E2/><V58/><F44/><W135/><G135/><T119/><D122/><U6/><E10/><V69/><F39/><W127/><G127/><T19/><D19/><U62/><E22/><V20/><F55/><W67/><G37/><T5/><D119/><U128/><E128/><V110/><F110/><W72/><G72/><T126/><D126/><U78/><E45/><V49/><F49/><W100/><G80/><T63/><D50/><U13/><E13/><V120/><F120/><W132/><G90/><T33/><D33/><U47/><E47/><V96/><F96/><W53/><G53/><T105/><D85/><U130/><E130/><V134/><F134/><W70/><G67/><T57/><D57/><U121/><E121/><V24/><AGARI ba="1,1" hai="20,23,24,27,29,30,58,60,66,69,71,92,97,103" machi="24" ten="30,11700,0" yaku="0,1,9,1,25,2" doraHai="106" who="2" fromWho="2" sc="270,-40,230,-40,240,130,250,-40" /><INIT seed="2,2,0,1,2,133" ten="230,190,370,210" oya="2" hai0="20,11,96,40,31,32,126,41,74,25,131,98,86" hai1="99,1,102,76,19,116,115,81,64,6,83,106,28" hai2="52,8,37,103,14,69,35,17,71,47,43,0,12" hai3="2,9,48,3,77,49,80,29,60,7,91,78,105"/><V15/><F35/><W36/><G36/><T119/><D74/><U79/><E115/><V109/><F103/><W16/><G105/><T23/><D131/><U124/><E116/><V51/><F109/><W72/><G29/><T87/><D11/><U66/><E28/><V57/><REACH who="2" step="1"/><F17/><REACH who="2" ten="230,190,360,210" step="2"/><W92/><G16/><T128/><D32/><U88/><E19/><V61/><F61/><W18/><G60/><T125/><D119/><U130/><E130/><V55/><F55/><W75/><G18/><T63/><D128/><U89/><E66/><V107/><F107/><W113/><G113/><T135/><D135/><U108/><E64/><V24/><F24/><W34/><G34/><T110/><D25/><U33/><E33/><V50/><F50/><W127/><G49/><T26/><D26/><U104/><E6/><AGARI ba="2,1" hai="0,6,8,12,14,15,37,43,47,51,52,57,69,71" machi="6" ten="40,3900,0" yaku="1,1,54,1,53,0" doraHai="133" doraHaiUra="97" who="2" fromWho="1" sc="230,0,190,-45,360,55,210,0" /><INIT seed="2,3,0,0,3,15" ten="230,145,415,210" oya="2" hai0="0,51,106,26,67,120,20,119,131,63,99,54,9" hai1="49,1,75,104,121,124,85,82,102,103,62,116,118" hai2="128,44,86,46,110,123,129,7,84,21,96,70,78" hai3="56,132,133,117,53,100,134,3,8,16,105,12,50"/><V115/><F115/><W76/><G117/><T66/><D120/><U90/><E1/><V79/><F70/><W33/><G33/><T14/><D0/><U91/><E62/><V111/><F7/><W60/><G76/><N who="2" m="29225" /><F123/><W18/><G3/><T36/><D36/><U2/><E2/><V69/><F69/><W126/><G126/><T57/><D131/><N who="2" m="50250" /><F96/><N who="3" m="61575" /><G60/><T13/><D119/><N who="1" m="45611" /><E49/><V101/><F101/><N who="1" m="38409" /><E124/><V55/><F21/><W122/><G122/><T24/><D106/><U112/><E112/><V98/><F98/><W127/><G127/><T48/><D99/><U108/><E108/><N who="2" m="41515" /><F55/><W41/><G41/><T125/><D125/><U130/><E130/><V45/><AGARI ba="3,0" hai="44,45,46,84,86" m="41515,50250,29225" machi="45" ten="40,12000,1" yaku="28,2,19,1,14,1,10,1" doraHai="15" who="2" fromWho="2" sc="230,-43,145,-43,415,129,210,-43" /><INIT seed="2,4,0,1,3,28" ten="187,102,544,167" oya="2" hai0="70,124,106,54,131,103,100,132,77,114,52,88,53" hai1="117,14,45,47,33,56,0,72,4,16,60,126,41" hai2="3,65,59,40,21,85,29,55,91,134,44,74,13" hai3="10,43,1,116,129,24,90,93,102,75,18,122,92"/><V89/><F74/><W46/><G122/><T69/><D77/><U128/><E117/><V11/><F3/><W125/><G116/><T73/><D73/><U82/><E126/><V115/><F115/><W81/><G125/><T71/><D124/><U101/><E128/><V61/><F134/><W80/><G129/><T83/><D131/><U79/><E101/><N who="0" m="38985" /><D114/><U118/><E118/><V12/><F29/><W111/><G111/><T36/><D132/><U30/><E0/><V6/><F65/><W9/><G75/><T42/><D83/><U113/><E4/><V19/><REACH who="2" step="1"/><F85/><REACH who="2" ten="187,102,534,167" step="2"/><W57/><G1/><T130/><D130/><U95/><E113/><V87/><F87/><W76/><G76/><T31/><D31/><U2/><E2/><V27/><F27/><W110/><G24/><T97/><D97/><U112/><E30/><V17/><F17/><W63/><G18/><T39/><D70/><U107/><E112/><V64/><F64/><W25/><G25/><T105/><D69/><U34/><E107/><V22/><F22/><W119/><G119/><T32/><D71/><U38/><E95/><V50/><AGARI ba="4,1" hai="6,11,12,13,19,21,40,44,50,55,59,61,89,91" machi="50" ten="20,12000,1" yaku="1,1,0,1,7,1,8,1,53,1" doraHai="28" doraHaiUra="37" who="2" fromWho="2" sc="187,-44,102,-44,534,142,167,-44" /><INIT seed="2,5,0,2,5,86" ten="143,58,676,123" oya="2" hai0="53,2,22,89,8,104,19,27,3,80,133,122,40" hai1="35,79,114,57,90,63,9,46,121,45,41,69,4" hai2="16,125,36,129,10,11,126,94,49,124,6,102,59" hai3="15,65,99,25,87,43,50,14,81,84,101,30,120"/><V70/><F36/><W33/><G120/><T115/><D122/><U135/><E121/><V112/><F70/><W97/><G65/><T21/><D115/><U24/><E114/><V52/><F112/><W103/><G84/><T95/><D104/><U113/><E69/><V96/><F129/><W64/><G64/><T82/><D40/><U123/><E113/><V5/><REACH who="2" step="1"/><F16/><REACH who="2" ten="143,58,666,123" step="2"/><W100/><G30/><T38/><D19/><U54/><E123/><V74/><F74/><W118/><G118/><T130/><D38/><U83/><E135/><V28/><F28/><W85/><G33/><T31/><D130/><U56/><E35/><V107/><F107/><W71/><G71/><T128/><D31/><U76/><E24/><V44/><F44/><W61/><G25/><T78/><D27/><U29/><E29/><V13/><F13/><W34/><G15/><T88/><D128/><U91/><E56/><V68/><F68/><W62/><G14/><T73/><D73/><U117/><E117/><V20/><F20/><W98/><G34/><T51/><D22/><U17/><E45/><V7/><AGARI ba="5,1" hai="5,6,7,10,11,49,52,59,94,96,102,124,125,126" machi="7" ten="40,12000,1" yaku="1,1,0,1,18,1,54,1,53,0" doraHai="86" doraHaiUra="77" who="2" fromWho="2" sc="143,-45,58,-45,666,145,123,-45" /><INIT seed="2,6,0,2,4,122" ten="98,13,811,78" oya="2" hai0="75,21,130,115,30,98,12,74,20,28,118,50,97" hai1="135,45,32,1,85,65,46,82,37,22,96,80,84" hai2="59,64,60,23,101,119,35,34,132,103,41,134,116" hai3="0,120,123,66,39,68,70,47,88,83,94,77,38"/><V133/><F41/><W36/><G0/><T15/><D50/><U86/><E32/><N who="2" m="12331" /><F23/><W18/><G47/><N who="1" m="17930" /><E1/><V113/><F113/><W89/><G18/><T2/><D2/><U93/><E37/><V125/><F125/><W131/><G131/><T62/><D62/><U100/><E135/><N who="2" m="34563" /><V127/><DORA hai="44" /><F127/><W81/><G94/><T104/><D104/><U53/><E65/><V106/><F106/><W92/><G92/><T102/><D102/><AGARI ba="6,0" hai="59,60,64,101,102,103,116,119" m="34563,12331" machi="102" ten="50,2400,0" yaku="20,1" doraHai="122,44" who="2" fromWho="0" sc="98,-42,13,0,811,42,78,0" /><INIT seed="2,7,0,5,0,67" ten="56,13,853,78" oya="2" hai0="42,98,112,93,78,55,15,0,5,38,68,89,3" hai1="30,133,46,88,32,44,115,63,83,62,16,4,22" hai2="12,11,96,49,31,19,77,123,51,21,113,135,102" hai3="35,94,9,61,75,128,125,81,118,129,45,99,56"/><V36/><F36/><W6/><G118/><T107/><D112/><U117/><E115/><V73/><F123/><W57/><G35/><T95/><D107/><U119/><E133/><V28/><F113/><W70/><G125/><T84/><D78/><U14/><E4/><V124/><F124/><W39/><G70/><T130/><D130/><N who="3" m="50281" /><G61/><N who="1" m="23050" /><E119/><V27/><F135/><W121/><G121/><T24/><D24/><N who="1" m="16663" /><E32/><V122/><F122/><W103/><G81/><T41/><D68/><U108/><E108/><V101/><F31/><W26/><G26/><T109/><D109/><U29/><E29/><V34/><F77/><W104/><G75/><T60/><D38/><U1/><E1/><V97/><F73/><W80/><G80/><T66/><D3/><U37/><E37/><V2/><F2/><N who="3" m="215" /><G104/><T120/><D0/><U92/><E117/><V114/><F114/><W25/><G25/><T47/><D66/><U106/><E83/><V23/><F34/><W10/><G10/><T111/><D120/><U50/><E50/><N who="2" m="18955" /><F11/><W76/><G76/><T69/><D111/><U85/><E106/><V132/><F132/><W43/><AGARI ba="7,0" hai="39,43,45,56,57,94,99,103" m="215,50281" machi="43" ten="30,1100,0" yaku="19,1" doraHai="67" who="3" fromWho="3" sc="56,-10,13,-10,853,-12,78,32" /><INIT seed="3,0,0,1,1,54" ten="46,3,841,110" oya="3" hai0="121,74,62,17,50,7,9,129,91,22,94,96,107" hai1="51,31,123,98,25,24,47,21,68,19,6,59,104" hai2="133,86,77,67,127,102,13,36,71,44,37,61,85" hai3="69,30,3,52,70,87,10,97,8,33,63,106,128"/><W65/><G128/><T60/><D121/><U80/><E68/><V57/><F102/><N who="3" m="62799" /><G3/><T12/><D107/><U0/><E123/><V42/><F133/><W119/><G119/><T55/><D74/><U111/><E111/><V72/><F72/><W34/><G70/><T108/><D108/><U29/><E0/><V39/><F127/><W38/><G38/><T66/><D66/><U83/><E104/><V40/><F77/><W114/><G114/><T53/><D129/><U41/><E6/><V132/><F132/><W2/><G2/><T130/><D130/><U110/><E110/><V131/><F131/><W103/><G103/><T23/><D55/><U81/><E98/><V93/><F13/><W49/><G87/><T122/><D122/><U56/><E25/><V32/><F32/><W105/><G34/><T115/><D115/><U4/><E4/><V135/><F135/><W76/><G76/><T73/><D73/><U27/><E27/><V18/><F18/><W99/><G99/><T125/><D125/><U78/><E78/><V28/><F28/><AGARI ba="0,0" hai="19,21,24,28,29,31,41,47,51,56,59,80,81,83" machi="28" ten="40,5200,0" yaku="8,1,52,2" doraHai="54" who="1" fromWho="2" sc="46,0,3,52,841,-52,110,0" /><INIT seed="4,0,0,1,1,60" ten="46,55,789,110" oya="0" hai0="55,93,49,108,95,12,23,51,22,125,57,94,20" hai1="21,90,72,53,110,133,116,8,9,77,6,66,92" hai2="123,36,129,134,30,88,16,4,54,2,89,37,107" hai3="69,101,43,29,11,81,58,68,76,50,124,24,80"/><T74/><D125/><U73/><E110/><V102/><F123/><W14/><G124/><T79/><D108/><U18/><E133/><V1/><F134/><W35/><G101/><T128/><D128/><U132/><E116/><V52/><F129/><W120/><G120/><T87/><D74/><U7/><E132/><V61/><F30/><W112/><G112/><T48/><REACH who="0" step="1"/><D12/><REACH who="0" ten="36,55,789,110" step="2"/><U44/><E73/><V67/><F1/><W45/><G14/><T114/><D114/><U56/><E72/><V121/><F2/><W17/><G24/><T26/><D26/><U34/><E34/><V86/><F121/><W59/><G35/><T106/><D106/><U19/><E7/><V3/><F4/><W75/><G75/><T13/><D13/><U100/><E6/><V98/><F3/><W78/><G29/><T103/><D103/><U111/><E111/><V122/><F122/><W119/><G119/><T70/><D70/><U91/><E100/><V113/><F113/><W118/><G118/><T83/><AGARI ba="0,1" hai="20,22,23,48,49,51,55,57,79,83,87,93,94,95" machi="83" ten="40,7800,0" yaku="1,1,0,1,8,1,53,0" doraHai="60" doraHaiUra="33" who="0" fromWho="0" sc="36,88,55,-26,789,-26,110,-26" /><INIT seed="4,1,0,2,3,58" ten="124,29,763,84" oya="0" hai0="75,104,90,88,120,109,60,44,83,42,114,26,49" hai1="7,122,78,106,55,99,95,101,6,45,41,4,117" hai2="53,85,38,18,128,66,125,61,103,5,119,94,28" hai3="13,22,10,19,91,87,93,43,134,50,29,37,39"/><T0/><D120/><U47/><E117/><V86/><F38/><W116/><G116/><T69/><D0/><U25/><E122/><V71/><F119/><W111/><G111/><T16/><D114/><U24/><E78/><V126/><F5/><W82/><G134/><T135/><D104/><U70/><E70/><V72/><F72/><W79/><G50/><T62/><D135/><U20/><E106/><V21/><F28/><W34/><G34/><T105/><D105/><U1/><E1/><V23/><F53/><W127/><G127/><N who="2" m="48649" /><F128/><W46/><G39/><T17/><D69/><U27/><E55/><V133/><F133/><W30/><REACH who="3" step="1"/><G10/><REACH who="3" ten="124,29,763,74" step="2"/><T92/><D109/><U67/><E67/><V56/><F23/><W68/><G68/><T98/><D49/><N who="1" m="26799" /><E47/><V11/><F71/><W112/><G112/><T12/><D44/><U52/><E52/><V9/><F9/><W76/><G76/><T131/><D131/><U40/><E40/><V32/><F11/><W121/><G121/><T14/><D42/><U123/><E123/><V74/><F32/><W59/><G59/><T100/><D62/><U63/><E63/><V73/><F61/><W35/><G35/><T129/><D60/><U36/><E36/><V107/><F56/><W108/><G108/><T84/><D129/><U113/><E113/><V96/><F66/><W54/><G54/><T124/><D124/><U2/><E2/><V51/><F51/><W89/><G89/><T102/><D88/><U31/><AGARI ba="1,1" hai="4,6,7,20,24,25,27,31,95,99,101" m="26799" machi="31" ten="30,1100,0" yaku="8,1" doraHai="58" who="1" fromWho="1" sc="124,-6,29,24,763,-4,74,-4" /><INIT seed="5,0,0,2,1,26" ten="118,53,759,70" oya="1" hai0="108,5,70,135,112,123,56,64,125,58,131,30,126" hai1="27,96,120,19,12,0,2,130,63,90,76,13,46" hai2="3,94,57,83,89,73,33,102,38,115,80,29,25" hai3="128,127,107,18,52,10,54,41,111,87,45,14,106"/><U37/><E120/><V98/><F3/><W85/><G111/><T99/><D108/><U81/><E130/><V68/><F68/><W133/><G133/><T48/><D112/><U74/><E27/><V116/><F116/><W86/><G128/><T44/><D131/><U53/><E13/><V6/><F6/><W67/><G127/><N who="0" m="48651" /><D135/><U15/><E15/><V43/><F43/><W50/><REACH who="3" step="1"/><G67/><REACH who="3" ten="118,53,759,60" step="2"/><T92/><D64/><U100/><E90/><V78/><F89/><W17/><G17/><T71/><D123/><U122/><E122/><V117/><F117/><W91/><G91/><T22/><D5/><U69/><E69/><V114/><F38/><W32/><G32/><T109/><D70/><U134/><E134/><V20/><F33/><W129/><G129/><T118/><D71/><U124/><E124/><V34/><F34/><W101/><G101/><T40/><D109/><U113/><E113/><N who="2" m="43019" /><F83/><W35/><G35/><T93/><D118/><U28/><E37/><V47/><F57/><W51/><G51/><T75/><D58/><U72/><E72/><V97/><F97/><W24/><G24/><N who="0" m="16663" /><D56/><U79/><E79/><V103/><F47/><W119/><G119/><T36/><D75/><U110/><E110/><V84/><F103/><W88/><G88/><T105/><D48/><N who="1" m="28823" /><E63/><V7/><F7/><W31/><G31/><T95/><D99/><U11/><E28/><V49/><F49/><W59/><G59/><T82/><D36/><U23/><E11/><V61/><F61/><W77/><G77/><T21/><D44/><U55/><E55/><AGARI ba="0,1" hai="10,14,18,41,45,50,52,54,55,85,86,87,106,107" machi="55" ten="40,5200,0" yaku="1,1,54,1,53,1" doraHai="26" doraHaiUra="4" who="3" fromWho="1" sc="118,0,53,-52,759,0,60,62" /><INIT seed="6,0,0,4,2,23" ten="118,1,759,122" oya="2" hai0="132,9,33,129,55,119,86,85,88,50,76,117,126" hai1="1,98,116,102,89,68,49,120,135,125,113,74,118" hai2="73,101,122,3,83,28,15,90,128,19,97,58,6" hai3="62,114,133,17,29,67,92,12,127,65,40,94,44"/><V60/><F122/><W78/><G133/><T91/><D33/><U134/><E68/><V0/><F28/><W103/><G127/><T87/><D132/><N who="1" m="50731" /><E1/><V115/><F115/><W34/><G114/><T123/><D123/><U110/><E49/><V82/><F128/><W71/><G78/><T56/><D126/><U70/><E70/><V95/><F6/><W57/><G71/><T27/><D129/><U24/><E24/><V47/><F47/><W77/><G77/><T13/><D27/><U37/><E37/><V61/><F83/><W104/><G67/><T69/><D76/><U84/><E125/><V4/><F4/><W107/><G107/><T93/><D93/><N who="1" m="54439" /><E120/><V32/><F32/><W72/><G34/><T111/><D111/><U63/><E63/><V52/><F61/><W38/><G29/><T20/><D20/><U31/><E31/><V96/><F82/><W21/><G72/><T5/><D69/><U105/><E110/><V22/><REACH who="2" step="1"/><F73/><REACH who="2" ten="118,1,749,122" step="2"/><W25/><G62/><T14/><D117/><N who="1" m="45163" /><E74/><V99/><F99/><W100/><G44/><T53/><D119/><U2/><E2/><V54/><F54/><W121/><G121/><T106/><D55/><U18/><E18/><V45/><F45/><W16/><G17/><T39/><D5/><U59/><E59/><V51/><F51/><W80/><G57/><T48/><D48/><U46/><E46/><V43/><F43/><W7/><G40/><T35/><D35/><U109/><E109/><V11/><F11/><W112/><G7/><T75/><D75/><U66/><E66/><V42/><F42/><RYUUKYOKU ba="0,1" sc="118,-15,1,15,749,15,122,-15" hai1="98,102,105,113" hai2="0,3,15,19,22,52,58,60,90,95,96,97,101" /><INIT seed="6,1,1,1,0,11" ten="103,16,764,107" oya="2" hai0="36,26,40,127,108,12,69,80,98,132,118,79,39" hai1="131,76,135,59,47,24,73,113,77,114,51,100,95" hai2="9,116,96,64,101,75,110,67,85,66,88,120,49" hai3="63,97,84,41,27,10,52,93,37,106,54,107,70"/><V89/><F120/><W94/><G27/><T125/><D108/><U28/><E131/><V129/><F116/><W33/><G33/><T29/><D132/><U124/><E135/><V22/><F75/><W78/><G107/><T50/><D69/><U74/><E124/><N who="0" m="47689" /><D118/><U13/><E74/><V133/><F133/><W83/><G10/><T53/><D98/><U3/><E3/><V134/><F134/><W45/><G106/><T87/><D12/><U34/><E73/><V60/><F110/><W1/><G1/><T43/><D43/><U92/><E59/><V57/><F129/><W32/><G32/><N who="0" m="20535" /><D40/><U102/><E92/><V38/><F38/><W42/><G42/><T56/><AGARI ba="1,1" hai="36,39,50,53,56,79,80,87" m="20535,47689" machi="56" ten="30,1100,0" yaku="18,1" doraHai="11" who="0" fromWho="0" sc="103,24,16,-4,764,-6,107,-4" /><INIT seed="7,0,0,4,4,2" ten="127,12,758,103" oya="3" hai0="31,99,93,38,118,126,24,71,133,55,77,86,12" hai1="80,73,113,102,116,111,104,17,13,74,82,128,20" hai2="78,1,105,6,33,43,22,81,63,39,53,103,21" hai3="28,108,92,54,16,34,9,11,66,87,67,8,57"/><W60/><G108/><T46/><D118/><U51/><E111/><V64/><F22/><W114/><G114/><T5/><D126/><U61/><E113/><V115/><F21/><W123/><G123/><T18/><D5/><U100/><E116/><V106/><F53/><W68/><G34/><T15/><D133/><U129/><E74/><N who="2" m="43223" /><F103/><W112/><G112/><T134/><D71/><U79/><E80/><V101/><F101/><W42/><G42/><T45/><D134/><U10/><E104/><V132/><F132/><W70/><G28/><T49/><D38/><U58/><E102/><V26/><F115/><W23/><G70/><T76/><D45/><U40/><E100/><V96/><F96/><W56/><G68/><T32/><D86/><U27/><E128/><V117/><F117/><W91/><REACH who="3" step="1"/><G57/><REACH who="3" ten="127,12,758,93" step="2"/><T41/><D41/><U19/><E129/><V4/><F43/><W35/><G35/><T30/><D30/><U83/><E73/><V121/><F33/><W44/><G44/><T69/><D69/><U110/><E110/><V85/><F121/><W0/><G0/><T122/><D122/><U89/><E40/><V25/><F39/><W90/><G90/><T124/><D124/><U98/><E51/><V88/><F1/><W29/><G29/><T84/><D32/><U48/><E48/><V72/><F106/><W14/><AGARI ba="0,1" hai="8,9,11,14,16,23,54,56,60,66,67,87,91,92" machi="14" ten="30,11700,0" yaku="1,1,0,1,8,1,54,1,53,0" doraHai="2" doraHaiUra="127" who="3" fromWho="3" sc="127,-39,12,-39,758,-39,93,127" owari="88,-31.0,-27,-53.0,719,82.0,220,2.0" /></mjloggm>