<mjloggm ver="2.3"><GO type="169" lobby="0"/><UN n0="%47%38%E9%BE%8D%E9%96%80" n1="%61%6D%65%64%69%6F" n2="%E3%82%A6%E3%83%AB%E3%83%88%E3%83%A9%E7%AB%8B%E7%9B%B4" n3="%6B%69%72%73%74%65%6E" dan="16,16,17,17" rate="2044.06,2090.80,2110.83,2179.45" sx="F,M,M,F"/><TAIKYOKU oya="0"/><INIT seed="0,0,0,5,0,87" ten="250,250,250,250" oya="0" hai0="135,110,97,107,116,30,44,36,24,129,65,2,132" hai1="93,102,59,25,101,109,37,69,32,19,0,133,17" hai2="11,89,104,79,48,50,12,134,21,41,98,1,63" hai3="4,130,99,73,67,100,23,66,127,80,81,68,52"/><T31/><D116/><U55/><E0/><V53/><F134/><N who="0" m="51242" /><D129/><U105/><E69/><V88/><F1/><W75/><G130/><T14/><D2/><U20/><E37/><V16/><F79/><W60/><G67/><T64/><D110/><U26/><E109/><V49/><F41/><W106/><G127/><T82/><D14/><U71/><E71/><V112/><F112/><W39/><G39/><T120/><D120/><U5/><E5/><N who="2" m="3183" /><F104/><W51/><G4/><T118/><D118/><U70/><E70/><V131/><F98/><W43/><G43/><N who="0" m="22631" /><D82/><U122/><E122/><V28/><F28/><N who="0" m="10794" /><D24/><U121/><E121/><V15/><F131/><W78/><G23/><T96/><D107/><U40/><E105/><V72/><F72/><W115/><G115/><T45/><D45/><U46/><E133/><V34/><F34/><W35/><G35/><T92/><D97/><U119/><E32/><V13/><F13/><W57/><REACH who="3" step="1"/><G81/><REACH who="3" ten="250,250,250,240" step="2"/><T6/><D6/><U77/><E119/><V117/><F117/><W86/><AGARI ba="0,1" hai="51,52,57,60,66,68,73,75,78,80,86,99,100,106" machi="86" ten="20,12000,2" yaku="1,1,2,1,0,1,7,1,54,1,53,1" doraHai="87" doraHaiUra="54" who="3" fromWho="3" sc="250,-60,250,-30,250,-30,240,130" /><INIT seed="1,0,0,3,4,57" ten="190,220,220,370" oya="1" hai0="89,26,92,112,27,106,47,78,16,7,116,32,58" hai1="107,88,76,18,135,38,5,117,67,109,131,73,83" hai2="68,30,127,17,39,71,120,37,24,115,10,130,85" hai3="0,35,55,59,36,44,104,95,15,11,3,125,98"/><U41/><E117/><V43/><F120/><W122/><G104/><T97/><D116/><U113/><E113/><V77/><F77/><W61/><G122/><T46/><D112/><U29/><E131/><V63/><F85/><W53/><G35/><T31/><D78/><U49/><E135/><V66/><F115/><W72/><G72/><T54/><D7/><U133/><E133/><V4/><F130/><W128/><G128/><T129/><D129/><U111/><E107/><V48/><F127/><W126/><G36/><T99/><D99/><U45/><E29/><V100/><F100/><W114/><G114/><T91/><D106/><U86/><E5/><V51/><F17/><W19/><G53/><T79/><D79/><U40/><E18/><V103/><F103/><W1/><REACH who="3" step="1"/><G44/><REACH who="3" ten="190,220,220,360" step="2"/><T93/><D47/><U23/><E41/><V56/><F39/><W6/><G6/><T74/><D46/><U90/><E38/><V9/><F37/><W81/><G81/><T20/><D74/><U34/><E34/><V108/><F43/><W8/><G8/><T64/><D64/><U42/><E42/><V96/><F9/><W14/><G14/><T52/><D58/><U22/><E67/><V25/><F10/><W118/><G118/><T123/><D123/><U132/><E132/><V2/><F4/><W87/><G87/><T75/><D75/><U121/><E121/><V94/><F56/><W110/><G110/><N who="1" m="41994" /><E73/><V21/><F108/><W60/><G60/><T70/><D70/><U82/><E83/><V13/><F71/><W65/><G65/><T69/><D69/><RYUUKYOKU ba="0,1" sc="190,10,220,10,220,-30,360,10" hai0="16,20,26,27,31,32,52,54,89,91,92,93,97" hai1="22,23,40,45,49,76,82,86,88,90" hai3="0,1,3,11,15,19,55,59,61,95,98,125,126" /><INIT seed="1,1,1,0,3,52" ten="200,230,190,370" oya="1" hai0="68,115,106,81,35,3,126,4,124,23,10,32,100" hai1="91,94,62,57,130,59,37,122,123,17,11,63,105" hai2="113,89,127,25,104,54,48,46,14,120,93,16,77" hai3="121,92,128,42,69,79,49,86,111,50,40,36,53"/><U80/><E105/><V87/><F104/><W60/><G92/><T20/><D68/><U12/><E37/><V101/><F120/><W107/><G86/><T135/><D81/><U90/><E130/><V44/><F127/><N who="0" m="48682" /><D100/><U96/><E80/><V82/><F113/><W7/><G7/><T88/><D88/><N who="1" m="55367" /><E123/><V71/><F71/><W9/><G9/><T85/><D85/><U118/><E118/><V133/><F25/><W125/><G79/><T119/><D106/><U102/><E102/><V131/><F131/><W134/><G107/><T47/><D47/><U5/><E5/><V28/><F28/><W26/><G42/><T43/><D43/><U55/><E122/><V99/><F133/><W58/><G134/><T19/><D135/><U21/><E21/><N who="0" m="8265" /><D119/><U75/><E75/><V29/><F29/><W15/><G36/><T0/><D115/><U117/><E117/><V70/><F70/><W76/><G69/><T1/><D19/><U51/><E51/><V38/><F38/><W114/><G50/><T18/><D18/><U13/><E13/><AGARI ba="1,1" hai="0,1,3,4,10,13,32,35" m="8265,48682" machi="13" ten="40,5200,0" yaku="18,1,34,2" doraHai="52" who="0" fromWho="1" sc="200,65,230,-55,190,0,370,0" /><INIT seed="2,0,0,3,2,80" ten="265,175,190,370" oya="2" hai0="96,132,112,22,76,36,10,88,87,30,99,44,75" hai1="101,23,105,3,127,0,53,2,98,66,129,67,15" hai2="51,31,89,8,126,61,133,34,123,82,119,65,100" hai3="42,77,64,85,118,60,12,117,90,55,57,107,59"/><V134/><F123/><W62/><G107/><T43/><D112/><U38/><E38/><V16/><F119/><W70/><G77/><T13/><D132/><N who="2" m="50794" /><F100/><W9/><G42/><T79/><D75/><U74/><E74/><V5/><F126/><W45/><G45/><T83/><D30/><U25/><E127/><V24/><F51/><W92/><REACH who="3" step="1"/><G70/><REACH who="3" ten="265,175,190,360" step="2"/><T37/><D44/><U72/><E72/><V48/><F48/><W121/><G121/><T84/><D43/><U73/><E73/><V35/><F61/><W6/><AGARI ba="0,1" hai="6,9,12,55,57,59,60,62,64,85,90,92,117,118" machi="6" ten="20,5200,0" yaku="1,1,0,1,7,1,52,1,53,0" doraHai="80" doraHaiUra="68" who="3" fromWho="3" sc="265,-13,175,-13,190,-26,360,62" /><INIT seed="3,0,0,1,4,61" ten="252,162,164,422" oya="3" hai0="3,85,58,118,9,44,43,56,52,5,115,131,132" hai1="57,77,29,51,4,2,64,33,25,37,129,125,93" hai2="90,112,41,105,117,59,20,63,53,116,10,119,71" hai3="24,45,124,95,6,19,81,76,113,42,39,28,123"/><W109/><G113/><T80/><D118/><U55/><E37/><V46/><F105/><W13/><G6/><T1/><D115/><U65/><E129/><V70/><F112/><W21/><G123/><T92/><D131/><U23/><E125/><V101/><F101/><W135/><G124/><T96/><D132/><U103/><E77/><V67/><F10/><W75/><G135/><T79/><D1/><U98/><REACH who="1" step="1"/><E23/><REACH who="1" ten="252,152,164,422" step="2"/><V68/><F20/><W72/><G76/><T134/><D134/><U107/><E107/><V0/><F0/><W35/><G21/><T49/><D43/><U50/><E50/><N who="2" m="26959" /><F90/><AGARI ba="0,1" hai="3,5,9,44,49,52,56,58,79,80,85,90,92,96" machi="90" ten="30,2000,0" yaku="7,1,54,1" doraHai="61" who="0" fromWho="2" sc="252,30,152,0,164,-20,422,0" /><INIT seed="4,0,0,2,3,114" ten="282,152,144,422" oya="0" hai0="85,107,84,46,26,126,80,28,119,78,61,42,102" hai1="111,39,9,53,34,83,1,36,93,40,55,131,57" hai2="59,19,67,2,35,18,101,4,120,135,60,47,73" hai3="116,130,8,103,12,125,21,48,105,17,63,89,58"/><T115/><D115/><U65/><E111/><V51/><F35/><W7/><G116/><T56/><D119/><U29/><E131/><V10/><F73/><W122/><G130/><T109/><D109/><U43/><E93/><V76/><F120/><W106/><G125/><T127/><D107/><U81/><E29/><V77/><F135/><W129/><G129/><T104/><D104/><U118/><E34/><V16/><REACH who="2" step="1"/><F101/><REACH who="2" ten="282,152,134,422" step="2"/><W15/><G103/><T45/><D102/><U134/><E134/><V75/><F75/><W88/><G122/><T124/><D126/><U133/><E133/><V112/><F112/><W72/><G72/><T20/><D127/><U110/><E110/><V52/><AGARI ba="0,1" hai="2,4,10,16,18,19,47,51,52,59,60,67,76,77" machi="52" ten="30,7900,0" yaku="1,1,0,1,54,2,53,0" doraHai="114" doraHaiUra="117" who="2" fromWho="2" sc="282,-39,152,-20,134,89,422,-20" /><INIT seed="5,0,0,5,2,101" ten="243,132,223,402" oya="1" hai0="15,132,118,82,102,116,135,75,62,110,77,79,41" hai1="120,98,107,117,85,56,17,40,22,25,119,48,36" hai2="23,42,109,95,84,19,31,87,26,59,7,104,51" hai3="1,8,131,97,6,30,70,96,9,37,133,45,94"/><U111/><E120/><V50/><F104/><W58/><G70/><T57/><D110/><U105/><E111/><V46/><F7/><W28/><G131/><T103/><D79/><U11/><E36/><V68/><F68/><W106/><G106/><T130/><D41/><U99/><E117/><V83/><F109/><W90/><G97/><T10/><D130/><U53/><E119/><V16/><F95/><W33/><G33/><T76/><D76/><U69/><E40/><V54/><REACH who="2" step="1"/><F87/><REACH who="2" ten="243,132,213,402" step="2"/><W35/><G6/><N who="0" m="3543" /><D118/><U92/><E69/><V64/><F64/><W55/><G94/><T21/><D116/><U124/><E124/><V66/><F66/><W129/><G129/><T0/><D132/><U61/><E105/><V67/><F67/><W134/><G134/><T113/><D135/><U86/><E107/><V80/><F80/><W128/><G133/><T74/><D74/><U123/><E123/><V47/><F47/><W72/><G45/><T108/><D108/><U126/><E126/><V73/><F73/><W52/><G72/><T27/><D82/><U122/><E122/><V29/><F29/><W60/><G30/><T78/><D75/><U71/><E99/><V43/><F43/><W24/><G96/><T125/><D125/><U121/><E121/><V4/><F4/><W14/><G28/><T34/><D34/><U93/><E93/><V32/><F32/><W49/><G35/><T2/><D103/><N who="1" m="60871" /><E11/><V127/><F127/><W3/><G9/><T39/><D102/><U13/><E25/><V65/><F65/><W100/><G128/><T38/><D27/><RYUUKYOKU ba="0,1" sc="243,-15,132,15,213,15,402,-15" hai1="13,17,22,48,53,56,61,71,85,86" hai2="16,19,23,26,31,42,46,50,51,54,59,83,84" /><INIT seed="5,1,1,5,4,86" ten="228,147,228,387" oya="1" hai0="41,115,24,78,44,77,48,74,25,92,113,58,50" hai1="93,134,83,79,33,119,57,1,21,28,84,40,38" hai2="54,71,122,110,2,116,42,49,125,120,112,76,22" hai3="55,123,66,73,133,131,61,117,80,15,107,29,56"/><U99/><E1/><V97/><F2/><W89/><G123/><T126/><D126/><U68/><E68/><V105/><F105/><W104/><G131/><T43/><D92/><U85/><E119/><V88/><F71/><W70/><G29/><T106/><D106/><U9/><E33/><V59/><F116/><W8/><G133/><T5/><D5/><U37/><E134/><V100/><F100/><W23/><G23/><T95/><D95/><U135/><E135/><V129/><F110/><W16/><G117/><T31/><D74/><U10/><E84/><V130/><F76/><W45/><G73/><T13/><D13/><U20/><E20/><V6/><F6/><W82/><G82/><T81/><D81/><U94/><E94/><N who="2" m="56519" /><F125/><W101/><G101/><T121/><D121/><U47/><E38/><V111/><F111/><W118/><G118/><T46/><D58/><U26/><REACH who="1" step="1"/><E57/><REACH who="1" ten="228,137,228,387" step="2"/><V12/><F122/><W14/><G56/><T3/><D3/><U27/><E27/><V18/><F120/><W127/><G70/><T96/><D96/><U90/><AGARI ba="1,2" hai="9,10,21,26,28,37,40,47,79,83,85,90,93,99" machi="90" ten="20,7800,0" yaku="1,1,0,1,7,1,52,1,53,0" doraHai="86" doraHaiUra="124" who="1" fromWho="1" sc="228,-27,137,101,228,-27,387,-27" /><INIT seed="5,2,0,5,4,118" ten="201,238,201,360" oya="1" hai0="80,47,30,17,8,64,68,33,29,128,115,75,88" hai1="65,94,109,96,106,124,50,119,66,103,67,116,43" hai2="42,123,134,39,86,32,10,84,37,49,36,104,31" hai3="3,100,44,91,93,71,13,25,131,133,76,105,121"/><U1/><E1/><V54/><F104/><W27/><G3/><T127/><D127/><U129/><E124/><V83/><F134/><W77/><G121/><T0/><D128/><U97/><E129/><V4/><F123/><W40/><G71/><T132/><D132/><U111/><E50/><V11/><F31/><W126/><G100/><T130/><D130/><U55/><E55/><V22/><F32/><W9/><G105/><T70/><D115/><U69/><E43/><V74/><F11/><W113/><G113/><T16/><D33/><U62/><E62/><V56/><F22/><W45/><G126/><T41/><D0/><U52/><E52/><V107/><F107/><W61/><G61/><T78/><D88/><N who="1" m="55367" /><E69/><V14/><REACH who="2" step="1"/><F42/><REACH who="2" ten="201,238,191,360" step="2"/><W117/><G40/><T26/><D8/><U23/><E23/><V110/><F110/><AGARI ba="2,1" hai="65,66,67,97,103,106,109,110,111,116,119" m="55367" machi="110" ten="30,2900,0" yaku="10,1,54,1" doraHai="118" who="1" fromWho="2" sc="201,0,238,45,191,-35,360,0" /><INIT seed="5,3,0,2,2,15" ten="201,283,156,360" oya="1" hai0="91,135,124,35,79,57,121,107,119,64,73,77,66" hai1="111,96,108,10,71,78,128,31,134,126,22,112,27" hai2="130,13,120,28,123,68,0,53,74,83,50,61,86" hai3="100,21,3,48,34,94,45,97,20,37,131,65,44"/><U92/><E71/><V43/><F0/><W115/><G34/><T106/><D119/><U59/><E128/><V80/><F130/><W109/><G109/><N who="1" m="42058" /><E134/><V8/><F28/><W63/><G131/><T41/><D135/><U88/><E126/><V25/><F25/><W56/><G3/><T95/><D124/><U33/><E78/><V58/><F74/><W24/><G115/><T99/><D35/><U38/><E38/><V84/><F68/><W47/><G37/><T49/><D121/><U54/><E10/><V18/><F43/><N who="3" m="24607" /><G21/><T30/><D30/><AGARI ba="3,0" hai="20,24,30,45,47,56,63,65,94,97,100" m="24607" machi="30" ten="30,2000,0" yaku="25,1,8,1" doraHai="15" who="3" fromWho="0" sc="201,-29,283,0,156,0,360,29" /><INIT seed="6,0,0,2,3,94" ten="172,283,156,389" oya="2" hai0="53,61,43,68,81,41,91,97,33,47,77,87,89" hai1="75,55,64,110,122,67,121,113,86,107,130,48,51" hai2="93,24,37,22,118,39,104,105,103,88,4,59,76" hai3="12,23,34,28,79,62,71,30,108,3,60,134,31"/><V99/><F118/><W5/><G71/><T106/><D33/><U57/><E75/><V16/><F76/><W112/><G79/><T10/><D10/><U49/><E107/><V19/><F4/><W26/><G62/><T14/><D14/><U8/><E8/><V73/><F73/><W109/><G60/><T124/><D124/><U56/><E86/><V111/><F111/><W95/><G95/><N who="0" m="56559" /><D106/><U58/><E110/><V45/><F105/><W72/><G72/><T42/><D68/><U102/><E102/><V85/><F45/><W78/><G78/><T6/><D6/><U90/><E90/><V0/><F0/><W44/><G44/><T123/><D123/><N who="1" m="47115" /><E113/><V128/><F128/><W35/><G112/><T125/><D125/><U133/><E133/><V116/><F116/><W46/><G134/><T52/><D61/><U1/><E1/><V83/><F104/><W84/><G3/><T101/><D101/><U131/><E55/><N who="0" m="21065" /><D77/><U13/><E13/><V120/><F120/><W32/><G12/><T66/><D66/><AGARI ba="0,0" hai="48,49,51,56,57,58,64,66,67,130,131" m="47115" machi="66" ten="40,8000,1" yaku="28,2,13,1,34,2" doraHai="94" who="1" fromWho="0" sc="172,-80,283,80,156,0,389,0" /><INIT seed="7,0,0,2,2,129" ten="92,363,156,389" oya="3" hai0="43,110,95,127,74,102,89,31,94,15,117,2,115" hai1="27,120,83,25,124,60,88,12,97,126,116,86,106" hai2="134,109,7,26,119,135,35,131,65,103,50,101,90" hai3="85,77,84,23,11,105,121,47,33,72,91,18,40"/><W100/><G33/><T19/><D110/><U14/><E116/><V38/><F38/><W5/><G121/><T114/><D117/><U54/><E120/><V44/><F119/><W122/><G122/><T62/><D74/><U6/><E97/><V70/><F109/><W10/><G105/><T39/><D2/><U66/><E54/><V55/><F7/><W132/><G132/><N who="2" m="50729" /><F131/><W63/><G100/><N who="2" m="38473" /><F90/><W48/><G5/><T45/><D31/><U96/><E96/><V32/><F26/><N who="1" m="9737" /><E106/><V22/><F22/><W30/><G91/><T68/><D127/><N who="1" m="48683" /><E6/><V0/><F0/><W13/><G23/><T67/><D102/><U57/><AGARI ba="0,0" hai="12,14,57,60,66,83,86,88" m="48683,9737" machi="57" ten="30,2000,0" yaku="18,1,54,1" doraHai="129" who="1" fromWho="1" sc="92,-5,363,20,156,-5,389,-10" owari="87,-41.0,383,48.0,151,-25.0,379,18.0" /></mjloggm>