<mjloggm ver="2.3"><GO type="41" lobby="0"/><UN n0="%6D%6B%79%73%31%32%30%31" n1="%33%E5%B9%B4%50%E7%B5%84%E5%B0%BA%E5%85%AB%E5%85%88%E7%94%9F" n2="%E3%82%BF%E3%82%A4%E3%82%BF%E3%83%B3%E3%81%AE%E9%A4%8A%E5%A5%B3" n3="%E5%B0%B1%E6%B4%BB%E7%94%9F%40%E5%B7%9D%E6%9D%91%E8%BB%8D%E5%9B%A3" dan="15,13,15,15" rate="1957.91,1828.90,1989.88,2002.97" sx="M,F,M,M"/><TAIKYOKU oya="0"/><INIT seed="0,0,0,4,2,122" ten="250,250,250,250" oya="0" hai0="35,38,133,64,1,97,107,5,111,70,36,50,44" hai1="59,82,73,74,23,10,63,54,8,81,14,100,17" hai2="56,69,117,86,76,65,103,67,39,115,127,19,28" hai3="51,134,108,0,80,116,104,68,125,3,15,75,40"/><T26/><D35/><U90/><E100/><V45/><F69/><W110/><G116/><T32/><D133/><U87/><E73/><V84/><F115/><W83/><G80/><T25/><D25/><U37/><E37/><V99/><F127/><W41/><G68/><T89/><D89/><U60/><E74/><V30/><F117/><W62/><G104/><T43/><D50/><U112/><E112/><V11/><F39/><W113/><G113/><T131/><D38/><U58/><REACH who="1" step="1"/><E82/><REACH who="1" ten="250,240,250,250" step="2"/><V9/><F103/><W57/><G83/><T88/><D107/><U124/><E124/><V98/><F76/><W72/><G125/><T7/><D88/><U78/><E78/><V27/><F30/><W132/><G75/><T120/><D120/><U106/><E106/><V93/><F28/><W129/><G72/><T94/><D94/><U126/><E126/><V121/><F121/><W53/><G129/><T16/><D131/><U119/><E119/><V47/><F93/><W95/><G95/><T105/><D105/><U109/><E109/><N who="3" m="42090" /><G3/><T21/><D1/><U52/><AGARI ba="0,1" hai="8,10,14,17,23,52,54,58,59,60,63,81,87,90" machi="52" ten="20,12000,2" yaku="1,1,0,1,7,1,9,1,8,1,54,1,53,0" doraHai="122" doraHaiUra="96" who="1" fromWho="1" sc="250,-60,240,130,250,-30,250,-30" /><INIT seed="1,0,0,1,0,27" ten="190,370,220,220" oya="1" hai0="104,118,95,90,89,108,11,98,69,72,127,75,105" hai1="60,22,56,52,93,8,38,39,92,24,41,33,86" hai2="70,2,78,16,120,20,6,83,29,79,121,45,18" hai3="55,73,111,7,58,124,50,84,128,35,12,17,28"/><U80/><E33/><V42/><F70/><W85/><G73/><N who="0" m="28235" /><D69/><U59/><E41/><V51/><F6/><W114/><G114/><T37/><D37/><U68/><E68/><V119/><F2/><W71/><G71/><T9/><D11/><U5/><E39/><V61/><F119/><W14/><G124/><T47/><D9/><U117/><E38/><V94/><F61/><W66/><G111/><T4/><D47/><U30/><E59/><V82/><F121/><W76/><G128/><T109/><D4/><U100/><E100/><V96/><F120/><W99/><G66/><T36/><D36/><U131/><E131/><V115/><F115/><W64/><G64/><T63/><D63/><U21/><E21/><V48/><F48/><W126/><G126/><T1/><D1/><U10/><E117/><V102/><F83/><W97/><G7/><T101/><D127/><U107/><E107/><N who="0" m="41033" /><D118/><U62/><E62/><V129/><F129/><W123/><G14/><T106/><D89/><U88/><E10/><V116/><F116/><W40/><G40/><T15/><D15/><AGARI ba="0,0" hai="5,8,15,22,24,30,52,56,60,80,86,88,92,93" machi="15" ten="30,12000,1" yaku="7,1,8,1,52,1,54,2" doraHai="27" who="1" fromWho="0" sc="190,-120,370,120,220,0,220,0" /><INIT seed="1,1,0,2,1,103" ten="70,490,220,220" oya="1" hai0="3,56,20,4,39,127,93,130,125,91,95,71,82" hai1="76,73,102,58,119,128,50,99,132,113,78,109,67" hai2="49,135,30,41,134,94,59,100,86,51,66,1,34" hai3="112,122,35,61,11,133,116,87,106,24,57,131,108"/><U2/><E119/><V92/><F1/><W124/><RYUUKYOKU type="yao9" ba="1,0" sc="70,0,490,0,220,0,220,0" hai3="11,24,35,57,61,87,106,108,112,116,122,124,131,133" /><INIT seed="1,2,0,2,1,12" ten="70,490,220,220" oya="1" hai0="44,134,61,21,73,49,114,62,82,120,51,46,71" hai1="99,102,23,59,48,27,135,79,41,125,34,104,127" hai2="121,83,78,30,0,122,119,40,35,1,77,2,110" hai3="4,6,38,53,80,126,25,42,91,118,113,14,96"/><U130/><E34/><V37/><F119/><W64/><G118/><T67/><D114/><U117/><E117/><V112/><F110/><W10/><G113/><T56/><D120/><U128/><E79/><V133/><F78/><W9/><G126/><N who="1" m="48138" /><E59/><V106/><F112/><W13/><G64/><N who="0" m="38951" /><D134/><U92/><E48/><N who="0" m="18505" /><D73/><U107/><E41/><V55/><F55/><W111/><G111/><T58/><D82/><U47/><E47/><N who="0" m="17961" /><D21/><U32/><E32/><V124/><F133/><W39/><G53/><T131/><D131/><N who="1" m="50219" /><E135/><V89/><F122/><W105/><G42/><T87/><D87/><U90/><E102/><V129/><F129/><W57/><G57/><AGARI ba="2,0" hai="57,58,62,67,71" m="17961,18505,38951" machi="57" ten="30,8000,1" yaku="35,5" doraHai="12" who="0" fromWho="3" sc="70,86,490,0,220,0,220,-86" /><INIT seed="2,0,0,1,1,61" ten="156,490,220,134" oya="2" hai0="40,30,123,107,32,56,23,62,95,35,105,134,11" hai1="89,67,130,133,8,44,111,122,58,47,126,25,70" hai2="99,112,46,97,29,78,127,113,42,10,90,12,101" hai3="96,75,65,100,83,110,71,50,84,16,1,51,106"/><V9/><F127/><W120/><G1/><T0/><D40/><U69/><E126/><V86/><F29/><W129/><G120/><T57/><D23/><U49/><E111/><V53/><F78/><W115/><G115/><T6/><D123/><U21/><E122/><V87/><F87/><W68/><G129/><T131/><D57/><U92/><E130/><V18/><F10/><W82/><G110/><T7/><D7/><U124/><E124/><V103/><F99/><W114/><G114/><T3/><D131/><U38/><E38/><V79/><F79/><W80/><G75/><T72/><D72/><U17/><E133/><V117/><F117/><W93/><G106/><T132/><D95/><U15/><E70/><V73/><F73/><W55/><G84/><T45/><D45/><U59/><E69/><V19/><F19/><W135/><G135/><N who="0" m="51755" /><D3/><U4/><E47/><V33/><F33/><N who="0" m="12874" /><D30/><U20/><E20/><V27/><F27/><W85/><G85/><T98/><D98/><N who="1" m="57615" /><E67/><AGARI ba="0,0" hai="0,6,11,56,62,67,105,107" m="12874,51755" machi="67" ten="30,2000,0" yaku="20,1,52,1" doraHai="61" who="0" fromWho="1" sc="156,20,490,-20,220,0,134,0" /><INIT seed="3,0,0,4,2,112" ten="176,470,220,134" oya="3" hai0="27,75,49,3,93,89,124,29,65,14,60,50,10" hai1="43,106,69,63,100,111,128,70,76,74,55,42,102" hai2="71,87,44,68,4,53,82,72,135,66,54,15,131" hai3="97,33,22,11,95,98,1,28,46,59,20,108,115"/><W134/><G115/><T67/><D75/><U94/><E111/><V47/><F72/><W83/><G134/><T37/><D3/><U13/><E128/><V8/><F131/><W38/><G108/><T85/><D37/><U48/><E106/><V117/><F135/><W16/><G33/><T79/><D79/><U17/><E74/><V62/><F71/><W51/><G38/><T58/><D67/><U132/><E132/><V91/><F117/><W127/><G127/><T125/><D125/><U96/><E100/><V23/><F23/><N who="3" m="8747" /><G1/><T116/><D124/><U25/><E25/><V123/><F123/><W101/><G97/><T40/><D116/><U31/><E31/><V61/><F61/><W122/><G122/><T120/><D120/><U73/><E73/><V35/><F35/><W104/><G104/><T30/><D27/><U81/><E70/><V119/><F119/><W12/><G59/><T9/><D9/><U78/><E81/><V7/><F4/><W105/><G105/><T34/><D34/><U84/><E69/><V121/><F121/><W130/><G130/><T26/><D26/><U32/><E96/><V45/><AGARI ba="0,0" hai="7,8,15,44,45,47,53,54,62,66,68,82,87,91" machi="45" ten="30,1100,0" yaku="0,1" doraHai="112" who="2" fromWho="2" sc="176,-3,470,-3,220,11,134,-5" /><INIT seed="4,0,0,1,2,41" ten="173,467,231,129" oya="0" hai0="30,62,83,107,13,80,128,90,22,57,109,103,39" hai1="97,122,65,126,91,70,119,21,51,11,99,92,116" hai2="120,24,96,10,113,68,14,32,0,7,130,123,114" hai3="101,125,64,49,105,82,87,19,63,115,20,28,76"/><T27/><D39/><U129/><E122/><V54/><F68/><W111/><G115/><N who="2" m="44041" /><F96/><W59/><G125/><T55/><D107/><U78/><E126/><V124/><F124/><W77/><G111/><T94/><D103/><U29/><E129/><V26/><F54/><W95/><G105/><T6/><D109/><U40/><E11/><N who="2" m="2535" /><F130/><W3/><G3/><T75/><D128/><U45/><E65/><V98/><F98/><W52/><G28/><T33/><D33/><U66/><E78/><V47/><F47/><W133/><G133/><T48/><D75/><U102/><E66/><V81/><F81/><N who="0" m="31306" /><D13/><U16/><E70/><V93/><F93/><W42/><G42/><T15/><D15/><U118/><E29/><N who="2" m="19495" /><F26/><W12/><G77/><T112/><D112/><U121/><E99/><V134/><F134/><W88/><G101/><T71/><D71/><U34/><E102/><V69/><F69/><W127/><G127/><T84/><D62/><U135/><E135/><V117/><F117/><W79/><G82/><T108/><D108/><U67/><E67/><V60/><F60/><W37/><G37/><T1/><D1/><U72/><E97/><V73/><F73/><W36/><G36/><T74/><D74/><U85/><E72/><V131/><F131/><W25/><G25/><T23/><D27/><U44/><E118/><V8/><F8/><W46/><AGARI ba="0,0" hai="12,19,20,46,49,52,59,63,64,76,79,87,88,95" machi="46" ten="20,12000,2" yaku="0,1,7,1,8,1,52,1,54,2" doraHai="41" who="3" fromWho="3" sc="173,-60,467,-30,231,-30,129,120" /><INIT seed="5,0,0,3,3,67" ten="113,437,201,249" oya="1" hai0="117,46,100,43,76,53,131,52,45,128,70,21,99" hai1="105,25,26,41,60,114,56,69,7,118,107,134,92" hai2="2,59,14,68,90,80,93,73,78,77,35,29,40" hai3="103,75,88,63,39,86,97,5,112,126,31,47,58"/><U54/><E118/><V119/><F68/><W108/><G75/><T57/><D76/><U116/><E116/><V72/><F2/><W102/><G108/><T24/><D117/><U33/><E134/><V109/><F109/><W18/><G112/><T129/><D53/><U13/><E114/><V89/><F119/><W135/><G126/><T127/><D127/><U20/><E33/><V110/><F110/><W15/><G135/><T122/><D122/><U104/><E41/><V9/><F40/><W0/><G31/><T1/><D1/><U123/><E123/><V124/><F124/><W23/><G39/><T48/><D70/><U79/><E79/><V130/><F93/><W62/><G62/><T51/><D45/><U38/><E38/><V125/><F125/><W34/><G47/><T74/><D74/><U61/><E92/><V65/><F130/><W3/><G34/><T133/><D133/><U91/><E91/><V37/><F37/><W36/><G36/><T32/><D32/><U96/><E107/><V132/><F132/><W22/><G22/><T11/><D11/><U121/><E20/><V50/><F29/><W94/><G5/><T106/><D21/><U115/><E7/><V120/><F35/><W113/><G113/><T101/><REACH who="0" step="1"/><D100/><REACH who="0" ten="103,437,201,249" step="2"/><U44/><E115/><V8/><F120/><W82/><G103/><T85/><D85/><U66/><E121/><V4/><F9/><W87/><G87/><T42/><D42/><U71/><E44/><V55/><F65/><AGARI ba="0,1" hai="0,3,15,18,23,58,63,65,82,86,88,94,97,102" machi="65" ten="30,2000,0" yaku="7,1,54,1" doraHai="67" who="3" fromWho="2" sc="103,0,437,0,201,-20,249,30" /><INIT seed="6,0,0,1,4,90" ten="103,437,181,279" oya="2" hai0="115,91,60,103,76,59,14,99,65,39,1,8,2" hai1="69,72,81,56,98,88,4,68,104,89,9,106,102" hai2="135,64,6,17,55,33,79,54,110,84,21,124,51" hai3="19,42,93,48,52,70,73,107,20,125,118,53,109"/><V45/><F135/><W49/><G107/><T82/><D39/><U77/><E106/><V78/><F33/><W96/><G73/><T41/><D41/><U128/><E128/><V3/><F124/><W11/><G70/><T63/><D115/><U105/><E105/><V74/><F74/><W23/><G118/><T94/><D2/><U122/><E122/><V95/><F64/><W75/><G75/><T123/><D1/><U67/><E69/><V28/><F28/><W26/><G109/><T83/><D123/><U121/><E68/><V66/><F66/><W15/><G125/><T24/><D24/><U22/><E22/><N who="3" m="8234" /><G26/><T100/><D60/><U50/><E121/><V18/><F110/><W16/><G19/><T29/><D29/><U132/><E132/><V131/><F131/><W35/><G35/><T38/><D38/><U5/><E67/><V12/><F3/><W44/><G49/><T114/><D114/><U34/><E34/><V92/><F6/><W116/><G116/><T112/><D112/><U40/><E4/><V87/><F55/><W86/><G86/><N who="2" m="32809" /><F18/><W85/><G85/><N who="0" m="48327" /><D83/><U61/><E72/><V126/><F126/><W134/><G134/><T130/><D130/><U7/><E7/><AGARI ba="0,0" hai="7,8,14,59,63,65,91,94,99,100,103" m="48327" machi="7" ten="30,2000,0" yaku="8,1,52,1" doraHai="90" who="0" fromWho="1" sc="103,20,437,-20,181,0,279,0" /><INIT seed="7,0,0,5,2,39" ten="123,417,181,279" oya="3" hai0="6,54,90,95,79,129,128,32,22,97,103,110,60" hai1="7,133,26,120,2,88,100,21,105,109,112,36,70" hai2="73,53,10,98,9,33,35,58,37,51,8,135,56" hai3="96,92,123,40,18,31,1,91,117,72,104,49,46"/><W86/><G117/><T99/><D32/><U131/><E88/><V27/><F37/><W12/><G123/><T29/><D6/><U132/><E21/><V125/><F73/><W50/><G1/><T55/><D110/><U63/><E26/><V124/><F135/><W24/><G72/><T30/><D79/><U80/><E80/><V94/><F58/><W74/><G74/><T62/><D22/><U20/><E20/><V66/><F66/><W84/><G104/><T82/><D82/><U44/><E44/><V42/><F27/><W119/><G119/><T111/><D90/><U28/><E63/><V67/><F67/><W57/><G31/><T19/><D19/><U134/><E100/><N who="2" m="60503" /><F42/><W65/><G24/><T118/><D103/><U34/><E7/><V5/><F5/><W115/><G115/><T126/><D95/><U101/><E101/><V121/><F121/><W77/><G77/><T68/><D68/><U43/><E43/><V64/><F64/><W75/><G75/><T93/><D93/><U0/><E28/><V116/><F116/><W114/><G114/><T15/><D118/><U122/><E134/><V76/><F76/><W17/><G17/><T4/><D4/><U45/><E133/><V127/><AGARI ba="0,0" hai="8,9,10,33,35,51,53,56,124,125,127" m="60503" machi="127" ten="40,1500,0" yaku="18,1" doraHai="39" who="2" fromWho="2" sc="123,-4,417,-4,181,15,279,-7" owari="119,-38.0,413,51.0,196,-20.0,272,7.0" /></mjloggm>