<mjloggm ver="2.3"><GO type="41" lobby="0"/><UN n0="%6B%6F%6B%75%73%68%69%61" n1="%E3%82%A6%E3%83%AB%E3%83%88%E3%83%A9%E7%AB%8B%E7%9B%B4" n2="%E5%BD%A6%E9%A0%81%E8%BA%AB%E5%AF%B8" n3="%E5%A4%A2%E8%97%A4%E6%A1%90%E4%BF%A1" dan="17,15,13,15" rate="2135.69,2054.82,1813.20,2014.89" sx="M,M,F,M"/><TAIKYOKU oya="0"/><INIT seed="0,0,0,1,3,19" ten="250,250,250,250" oya="0" hai0="133,68,76,112,126,2,11,13,5,77,44,27,47" hai1="102,114,105,110,127,1,39,91,49,56,88,93,83" hai2="116,43,74,36,96,123,8,103,0,81,120,31,61" hai3="53,111,60,101,42,113,109,108,85,97,122,72,50"/><T99/><D68/><U84/><E39/><V69/><F116/><W24/><G113/><T65/><D65/><U3/><E114/><V94/><F31/><W26/><G72/><T54/><D112/><U78/><E127/><V9/><F43/><W124/><G124/><T10/><D126/><U14/><E110/><V35/><F35/><W64/><G42/><T46/><D133/><U17/><E91/><V130/><F36/><W66/><G85/><T7/><D54/><U62/><E49/><V58/><F69/><N who="3" m="42119" /><G66/><T16/><REACH who="0" step="1"/><D99/><REACH who="0" ten="240,250,250,250" step="2"/><N who="1" m="61663" /><E62/><V134/><F134/><W25/><G111/><T22/><AGARI ba="0,1" hai="2,5,7,10,11,13,16,22,27,44,46,47,76,77" machi="22" ten="30,11700,0" yaku="1,1,0,1,52,1,54,1,53,0" doraHai="19" doraHaiUra="55" who="0" fromWho="0" sc="240,127,250,-39,250,-39,250,-39" /><INIT seed="0,1,0,5,1,131" ten="367,211,211,211" oya="0" hai0="92,4,122,19,109,128,69,88,130,46,111,116,135" hai1="1,123,93,85,77,51,32,2,89,117,28,83,120" hai2="68,34,54,101,82,66,43,102,16,98,30,41,70" hai3="74,59,126,58,24,80,15,37,35,91,105,118,61"/><T38/><D69/><U10/><E117/><V21/><F82/><W107/><G118/><T18/><D116/><U110/><E28/><V22/><F34/><W75/><G37/><T26/><D122/><U99/><E32/><V44/><F54/><W50/><G50/><T60/><D4/><U115/><E2/><V6/><F6/><W112/><G112/><T65/><D38/><U64/><E64/><V104/><F101/><W119/><G119/><T0/><D46/><U73/><E1/><V17/><F30/><W7/><G24/><T96/><D0/><U52/><E10/><V29/><F29/><W42/><G42/><T121/><D121/><U94/><E110/><N who="0" m="41993" /><D135/><U125/><E125/><V56/><F70/><W76/><G7/><T100/><D26/><U57/><REACH who="1" step="1"/><E115/><REACH who="1" ten="367,201,211,211" step="2"/><V39/><F66/><W33/><G126/><T132/><D65/><U106/><E106/><V55/><F68/><W23/><G107/><T49/><D130/><U40/><E40/><V71/><F43/><W108/><G105/><T114/><D128/><U31/><E31/><V13/><F71/><W62/><G108/><T79/><D114/><U27/><E27/><V72/><F104/><W53/><G33/><T134/><D132/><U86/><E86/><V3/><F3/><W48/><G35/><T25/><D134/><U14/><E14/><V129/><F13/><W11/><G11/><T124/><D124/><U133/><E133/><V9/><F41/><W78/><G15/><T84/><D25/><U87/><E87/><V113/><F129/><W20/><G74/><T97/><D84/><RYUUKYOKU ba="1,1" sc="367,-10,201,30,211,-10,211,-10" hai1="51,52,57,73,77,83,85,89,93,94,99,120,123" /><INIT seed="1,2,1,0,1,119" ten="357,231,201,201" oya="1" hai0="5,40,18,106,61,59,11,129,108,110,65,88,102" hai1="121,46,107,20,109,26,127,17,68,98,4,31,9" hai2="14,54,93,99,60,30,47,128,34,57,1,49,78" hai3="53,69,104,83,133,16,85,112,56,132,116,42,52"/><U28/><E68/><V13/><F78/><N who="3" m="46327" /><G69/><T91/><D129/><U77/><E107/><V23/><F1/><W29/><G104/><T43/><D18/><U62/><E77/><V71/><F71/><W32/><G112/><T51/><D106/><U95/><E127/><V15/><F128/><W24/><G116/><T84/><D102/><U10/><E109/><N who="0" m="42089" /><D51/><U125/><E121/><V0/><F0/><W123/><G123/><T79/><D79/><U73/><E73/><V8/><F34/><W135/><G42/><N who="0" m="15915" /><D84/><U70/><E125/><V130/><F130/><W72/><G72/><T64/><D64/><U33/><E46/><V126/><F126/><W82/><G82/><T39/><D39/><U44/><E44/><V6/><F30/><W120/><G120/><T36/><D36/><U105/><E105/><V19/><F8/><W50/><G53/><T124/><D124/><U118/><E9/><V48/><F6/><W63/><G16/><T94/><D94/><U35/><E118/><V89/><REACH who="2" step="1"/><F47/><REACH who="2" ten="357,231,191,201" step="2"/><W97/><G135/><T76/><D5/><U92/><E31/><V122/><F122/><W55/><G133/><T87/><D11/><U37/><E35/><V21/><F21/><W38/><G132/><T2/><D2/><U80/><E28/><V115/><F115/><W75/><G29/><T12/><D76/><U117/><E33/><V96/><F96/><W134/><G97/><T81/><D59/><U45/><E98/><V114/><F114/><W22/><G32/><T100/><D100/><U74/><E4/><V113/><F113/><W25/><G134/><RYUUKYOKU ba="2,2" sc="357,-10,231,-10,191,30,201,-10" hai2="13,14,15,19,23,48,49,54,57,60,89,93,99" /><INIT seed="2,3,2,0,4,13" ten="347,221,221,191" oya="2" hai0="4,36,85,0,8,77,84,129,100,11,118,87,24" hai1="114,102,40,109,7,90,15,101,29,98,70,115,95" hai2="31,16,111,94,107,76,112,52,78,60,89,133,82" hai3="28,117,135,46,62,99,132,67,105,50,122,51,110"/><V96/><F112/><W83/><G28/><T53/><D118/><U113/><E70/><V18/><F31/><W3/><G3/><T48/><D36/><U43/><E29/><V73/><F78/><W38/><G117/><T57/><D129/><U17/><E7/><V66/><F111/><W106/><G122/><T12/><D100/><U1/><E1/><V80/><F80/><W75/><G110/><T5/><REACH who="0" step="1"/><D24/><REACH who="0" ten="337,221,221,191" step="2"/><U88/><E109/><V35/><F133/><W79/><G135/><T74/><D74/><U34/><E102/><V81/><F81/><AGARI ba="3,3" hai="0,4,5,8,11,12,48,53,57,77,81,84,85,87" machi="81" ten="40,1300,0" yaku="1,1,53,0" doraHai="13" doraHaiUra="23" who="0" fromWho="2" sc="337,52,221,0,221,-22,191,0" /><INIT seed="3,0,0,0,3,31" ten="389,221,199,191" oya="3" hai0="46,80,32,72,60,88,69,84,99,127,24,48,98" hai1="100,42,15,95,49,121,26,75,68,109,59,4,63" hai2="125,11,79,27,1,91,124,19,81,87,123,66,14" hai3="61,12,70,37,58,65,90,22,107,50,93,129,118"/><W89/><G118/><T3/><D3/><U96/><E75/><V57/><F123/><W116/><G116/><T130/><D130/><U105/><E121/><V110/><F110/><W47/><G107/><T21/><D127/><N who="2" m="48714" /><F1/><W51/><G129/><T71/><D72/><U9/><E109/><V108/><F108/><W133/><G133/><T122/><D122/><U83/><E83/><V53/><F66/><W16/><G93/><T92/><D32/><U134/><E134/><V17/><F27/><W23/><G23/><T104/><D104/><U111/><E111/><V34/><F34/><W106/><G106/><T8/><D8/><U28/><E68/><V128/><F128/><W77/><G77/><T55/><D60/><U113/><E113/><V135/><F135/><W29/><G29/><T97/><REACH who="0" step="1"/><D80/><REACH who="0" ten="379,221,199,191" step="2"/><U120/><E120/><V36/><F81/><W103/><G103/><T10/><D10/><U41/><E105/><V52/><F11/><W115/><G115/><T30/><AGARI ba="0,1" hai="21,24,30,46,48,55,69,71,84,88,92,97,98,99" machi="30" ten="30,8000,1" yaku="1,1,0,1,54,1,53,2" doraHai="31" doraHaiUra="64" who="0" fromWho="0" sc="379,90,221,-20,199,-20,191,-40" /><INIT seed="4,0,0,3,4,101" ten="469,201,179,151" oya="0" hai0="72,59,76,86,65,88,41,74,126,77,93,122,119" hai1="100,44,63,94,18,135,73,85,102,25,98,14,33" hai2="61,10,26,13,42,43,105,97,20,124,106,125,68" hai3="70,4,78,51,17,118,29,131,66,27,120,32,123"/><T11/><D122/><N who="3" m="46633" /><G118/><T49/><D119/><U89/><E73/><V60/><F97/><W80/><G4/><T128/><D128/><U82/><E135/><V24/><F68/><W2/><G2/><T95/><D126/><N who="2" m="48746" /><F13/><W81/><G131/><T46/><D74/><U54/><E33/><V92/><F92/><W67/><G51/><T36/><D72/><U109/><E109/><V6/><F6/><W116/><G116/><T108/><D108/><U9/><E25/><N who="2" m="9835" /><F20/><W129/><G129/><T130/><D95/><U16/><E18/><V56/><F10/><W132/><G132/><T48/><D130/><U50/><REACH who="1" step="1"/><E63/><REACH who="1" ten="469,191,179,151" step="2"/><N who="2" m="24139" /><F56/><W133/><G133/><T31/><D59/><U8/><E8/><V64/><F64/><W22/><G70/><T103/><D65/><U35/><E35/><V3/><F3/><W7/><G67/><T121/><D11/><U83/><E83/><V23/><F23/><W19/><G66/><T69/><D121/><U115/><E115/><V96/><F96/><W0/><G81/><T15/><D69/><U111/><E111/><V134/><F134/><W104/><G80/><T110/><D110/><U113/><E113/><V52/><F52/><W84/><G32/><T91/><D15/><U39/><E39/><V21/><F21/><W99/><G22/><T40/><D36/><U55/><E55/><V37/><F37/><W5/><G19/><T34/><D34/><U107/><E107/><AGARI ba="0,1" hai="42,43,105,106,107" m="24139,9835,48746" machi="107" ten="40,12000,2" yaku="28,2,18,1,52,3" doraHai="101" who="2" fromWho="1" sc="469,0,191,-120,179,130,151,0" /><INIT seed="5,0,0,0,3,114" ten="469,71,309,151" oya="1" hai0="61,8,133,80,115,62,12,59,63,88,116,18,43" hai1="33,89,78,65,85,52,34,127,1,79,129,20,25" hai2="4,132,46,86,134,95,135,108,99,112,3,15,48" hai3="64,36,17,49,109,57,26,22,125,110,44,72,121"/><U105/><E1/><V123/><F123/><W124/><G121/><T92/><D115/><U67/><E89/><V24/><F3/><W117/><G72/><T118/><D133/><U74/><E105/><V19/><F4/><W111/><G36/><T91/><D43/><U98/><E98/><V38/><F38/><W40/><G64/><N who="1" m="24650" /><E74/><V97/><F112/><W128/><G57/><T2/><D59/><U69/><E69/><V104/><F24/><W131/><REACH who="3" step="1"/><G117/><REACH who="3" ten="469,71,309,141" step="2"/><T35/><D118/><U103/><E103/><V31/><F134/><W14/><G14/><T71/><D12/><U102/><E102/><V82/><F135/><W16/><G16/><T60/><D18/><U84/><E33/><V13/><F132/><W87/><G87/><N who="0" m="50279" /><D116/><U113/><E34/><V6/><F19/><W5/><G5/><T81/><D71/><U119/><E113/><V39/><F6/><W70/><G70/><T7/><D7/><U55/><E119/><V29/><F13/><W41/><G41/><T11/><D35/><U90/><E127/><AGARI ba="0,1" hai="17,22,26,40,44,49,109,110,111,124,125,127,128,131" machi="127" ten="50,6400,0" yaku="1,1,18,1,53,1" doraHai="114" doraHaiUra="47" who="3" fromWho="1" sc="469,0,71,-64,309,0,141,74" /><INIT seed="6,0,0,3,1,100" ten="469,7,309,215" oya="2" hai0="9,118,127,54,111,89,77,63,115,45,35,102,31" hai1="120,29,87,6,75,13,101,113,42,25,57,14,38" hai2="97,20,52,122,108,49,98,93,130,78,8,55,5" hai3="0,80,83,58,34,71,86,135,60,11,66,7,30"/><V82/><F122/><W88/><G135/><T32/><D77/><U65/><E75/><V59/><F108/><W39/><G39/><T70/><D102/><U133/><E120/><V85/><F20/><W67/><G34/><T4/><D115/><U3/><E133/><V121/><F121/><W106/><G30/><T64/><D118/><U68/><E113/><V96/><F130/><W128/><G128/><T124/><D111/><U19/><E68/><V47/><F93/><W103/><G71/><T110/><D110/><U61/><E38/><V116/><F116/><W95/><REACH who="3" step="1"/><G67/><REACH who="3" ten="469,7,309,205" step="2"/><T94/><D64/><U126/><E126/><V81/><F81/><W53/><G53/><T123/><D31/><U91/><E42/><N who="2" m="24823" /><F59/><W104/><G104/><T10/><D70/><U33/><E57/><V74/><F74/><W37/><G37/><T99/><D35/><U1/><E65/><V36/><F36/><W125/><G125/><T16/><D32/><U119/><E119/><V2/><F2/><W24/><G24/><T22/><D123/><U129/><E129/><V117/><F117/><W27/><G27/><T23/><D127/><U43/><E25/><V114/><F114/><W40/><G40/><T112/><D112/><U17/><E29/><V62/><F62/><W46/><G46/><T28/><D63/><U12/><E61/><V134/><F134/><W51/><G51/><T15/><D124/><U18/><E33/><V56/><F56/><W44/><G44/><T48/><D45/><U69/><E43/><V72/><F72/><W26/><G26/><T41/><D41/><RYUUKYOKU ba="0,1" sc="469,-15,7,-15,309,15,205,15" hai2="5,8,52,55,78,82,85,96,97,98" hai3="0,7,11,58,60,66,80,83,86,88,95,103,106" owari="464,57.0,-8,-51.0,324,12.0,220,-18.0" /></mjloggm>