<mjloggm ver="2.3"><GO type="97" lobby="0"/><UN n0="%E9%A3%9B%E6%9C%AB%E6%AD%A6%E5%BF%97" n1="%E3%82%A6%E3%83%AB%E3%83%88%E3%83%A9%E7%AB%8B%E7%9B%B4" n2="%42%4D%40" n3="%E3%81%A9%E3%81%86%E3%81%9F%E3%81%AC%E3%81%8D%EF%BC%8D%EF%BC%91" dan="14,14,13,15" rate="1941.55,1954.71,1821.27,2043.34" sx="M,M,M,M"/><TAIKYOKU oya="0"/><INIT seed="0,0,0,3,3,18" ten="250,250,250,250" oya="0" hai0="128,117,113,64,100,70,59,80,105,17,63,53,33" hai1="89,123,10,81,69,44,75,67,79,118,43,98,14" hai2="87,27,0,52,72,112,119,110,90,40,99,121,116" hai3="74,111,66,134,19,124,34,12,102,93,26,31,39"/><T65/><D117/><N who="2" m="45130" /><F72/><W8/><G111/><T76/><D128/><U32/><E32/><V51/><F110/><W28/><G39/><T23/><D113/><U5/><E123/><V71/><F112/><W13/><G74/><T15/><D33/><U91/><E118/><V4/><F71/><W68/><G124/><T127/><D127/><U61/><E98/><V25/><F121/><W49/><G134/><T11/><D11/><U101/><E101/><V41/><F99/><W55/><G31/><T20/><D105/><U85/><REACH who="1" step="1"/><E75/><REACH who="1" ten="250,240,250,250" step="2"/><V54/><F25/><W126/><G26/><T129/><D100/><U92/><E92/><N who="2" m="54367" /><F27/><W77/><G102/><T132/><D132/><U103/><E103/><V78/><F78/><W125/><G77/><T104/><D104/><U6/><E6/><V120/><F120/><W46/><G126/><T122/><D122/><U58/><E58/><N who="2" m="33055" /><F54/><W97/><G55/><T86/><D129/><U60/><E60/><V7/><F4/><W38/><G97/><T109/><D109/><U94/><E94/><V24/><F24/><W114/><G93/><T107/><D107/><U57/><E57/><V130/><F130/><W1/><G125/><T36/><D70/><U82/><E82/><V106/><F106/><W108/><G68/><T135/><D135/><U50/><AGARI ba="0,1" hai="5,10,14,43,44,50,61,67,69,79,81,85,89,91" machi="50" ten="20,8000,1" yaku="1,1,0,1,7,1,25,2,53,0" doraHai="18" doraHaiUra="35" who="1" fromWho="1" sc="250,-40,240,90,250,-20,250,-20" /><INIT seed="1,0,0,4,3,25" ten="210,330,230,230" oya="1" hai0="88,6,41,127,1,97,42,92,99,62,0,115,30" hai1="24,107,93,36,111,70,132,122,50,133,119,55,35" hai2="23,84,58,34,81,38,128,78,131,102,5,82,118" hai3="83,125,43,121,105,100,56,20,130,114,106,86,40"/><U112/><E93/><V52/><F38/><W15/><G121/><T45/><D115/><U117/><E24/><V120/><F120/><W27/><G114/><T16/><D30/><U49/><E55/><V32/><F118/><W113/><G125/><T124/><D6/><U69/><E35/><V57/><F5/><W116/><G130/><N who="2" m="49705" /><F58/><W85/><G116/><T89/><D62/><U39/><E107/><V91/><F102/><W98/><G105/><T73/><D73/><U37/><E112/><V18/><F78/><W103/><G100/><T44/><D92/><U101/><E101/><V61/><F82/><W14/><G56/><T33/><REACH who="0" step="1"/><D33/><REACH who="0" ten="200,330,230,230" step="2"/><U28/><E28/><V90/><F91/><W59/><G113/><T72/><D72/><U94/><E94/><V104/><F104/><W51/><G106/><T17/><AGARI ba="0,1" hai="0,1,16,17,41,42,44,45,88,89,97,99,124,127" machi="17" ten="25,12000,2" yaku="1,1,0,1,22,2,54,2,53,0" doraHai="25" doraHaiUra="3" who="0" fromWho="0" sc="200,130,330,-60,230,-30,230,-30" /><INIT seed="2,0,0,0,4,107" ten="330,270,200,200" oya="2" hai0="131,130,26,21,69,128,42,68,74,101,4,66,113" hai1="85,50,88,133,104,109,15,48,16,27,43,59,57" hai2="53,55,18,119,72,20,76,83,13,71,126,61,100" hai3="33,108,112,67,97,65,30,29,37,102,3,41,17"/><V86/><F119/><W87/><G108/><T38/><D113/><U32/><E104/><V2/><F2/><W96/><G112/><T84/><D74/><U24/><E32/><V46/><F126/><W14/><G3/><T99/><D84/><U12/><E12/><V58/><F100/><W132/><G132/><T134/><D4/><U25/><E109/><V115/><F115/><W6/><G6/><T103/><D66/><U5/><E5/><V116/><F116/><W135/><G135/><T10/><D10/><N who="1" m="6263" /><E133/><V124/><F124/><W81/><G41/><T89/><D134/><U28/><E28/><N who="3" m="10858" /><G37/><T9/><D9/><U1/><E1/><V64/><F86/><W45/><G45/><N who="0" m="23767" /><D89/><U23/><E23/><V54/><REACH who="2" step="1"/><F71/><REACH who="2" ten="330,270,190,200" step="2"/><W78/><G33/><T39/><D103/><U52/><E85/><V80/><F80/><W11/><G102/><T106/><D39/><U56/><E88/><V70/><F70/><W0/><G0/><T47/><D69/><U117/><E117/><V31/><F31/><W118/><G118/><T111/><D68/><U73/><E73/><V75/><F75/><W77/><G78/><T120/><D120/><U110/><E110/><V40/><F40/><W121/><G121/><T22/><D111/><U36/><E36/><V8/><F8/><W34/><G34/><T105/><D131/><U82/><E82/><V60/><F60/><W44/><G97/><T91/><D130/><U123/><E123/><V98/><F98/><W79/><G96/><T62/><D99/><U35/><E35/><V95/><F95/><W129/><G79/><RYUUKYOKU ba="0,1" sc="330,-15,270,15,190,15,200,-15" hai1="24,25,27,43,48,50,52,56,57,59" hai2="13,18,20,46,53,54,55,58,61,64,72,76,83" /><INIT seed="2,1,1,3,4,51" ten="315,285,205,185" oya="2" hai0="84,77,50,21,121,66,111,135,102,4,36,25,118" hai1="106,31,113,112,6,10,72,23,79,0,132,110,120" hai2="33,134,39,27,20,22,69,67,52,68,57,46,16" hai3="101,99,74,70,1,28,73,56,11,105,125,43,41"/><V12/><F134/><W98/><G70/><T129/><D36/><U65/><E106/><V59/><F33/><W13/><G1/><T117/><D66/><U115/><E65/><V107/><F107/><W80/><G125/><T15/><D121/><U54/><E79/><V92/><F59/><W89/><G28/><T26/><D111/><U131/><E72/><V2/><F2/><W81/><G56/><T29/><D102/><U63/><E63/><V34/><F34/><W94/><G74/><T123/><D123/><U83/><E83/><V127/><F127/><W90/><G80/><N who="0" m="47119" /><D129/><U130/><E54/><V38/><F92/><W55/><G55/><T78/><D78/><U42/><E42/><V35/><F35/><W61/><G61/><T5/><D135/><U76/><E76/><V100/><F100/><W30/><G30/><T85/><D85/><U97/><E97/><V103/><F103/><W8/><G73/><T37/><D37/><U71/><E71/><V95/><F95/><W32/><G32/><T119/><D50/><U128/><E120/><V60/><F39/><W9/><G81/><T3/><D3/><U58/><E58/><V87/><F87/><W104/><G90/><T45/><D45/><U126/><E126/><V122/><F122/><W18/><REACH who="3" step="1"/><G105/><REACH who="3" ten="315,285,205,175" step="2"/><T116/><D116/><U62/><E62/><V86/><F69/><W24/><G24/><N who="0" m="9323" /><D29/><U75/><E75/><V19/><F68/><W114/><G114/><T124/><D124/><U64/><E115/><V47/><F38/><W108/><G108/><T109/><D109/><U91/><E110/><RYUUKYOKU ba="1,2" sc="315,15,285,-15,205,-15,175,15" hai0="4,5,15,21,117,118,119" hai3="8,9,11,13,18,41,43,89,94,98,99,101,104" /><INIT seed="3,2,2,4,3,49" ten="330,270,190,190" oya="3" hai0="10,18,12,17,21,3,20,39,85,121,135,129,94" hai1="32,92,73,45,120,41,106,122,69,96,112,8,105" hai2="27,115,63,66,134,82,95,54,109,42,130,83,47" hai3="125,81,13,71,89,114,104,76,124,67,56,131,102"/><W44/><G114/><T75/><D121/><U108/><E32/><V98/><F115/><W5/><G131/><T0/><D75/><U16/><E69/><V26/><F130/><W25/><G71/><T51/><D39/><U60/><E73/><V29/><F134/><W111/><G111/><T84/><D135/><U6/><E112/><V24/><F109/><W119/><G119/><T34/><D34/><U46/><E108/><V23/><F42/><W74/><G25/><T28/><D28/><U31/><E31/><V58/><F29/><W35/><G35/><T113/><D113/><U38/><E46/><V78/><F23/><W9/><G44/><T87/><D10/><U127/><E127/><N who="3" m="48714" /><G89/><T15/><D129/><U79/><E79/><V50/><REACH who="2" step="1"/><F78/><REACH who="2" ten="330,270,180,190" step="2"/><W70/><G70/><T14/><D21/><U43/><E43/><V1/><F1/><W11/><G11/><T2/><D20/><U101/><E122/><V62/><F62/><N who="3" m="38343" /><G104/><T33/><D33/><U30/><E120/><V61/><F61/><W107/><G107/><T77/><D77/><U59/><E30/><V93/><F93/><W99/><G99/><T116/><D94/><U118/><E106/><V22/><F22/><W36/><G36/><T90/><D116/><U64/><E105/><V88/><AGARI ba="2,3" hai="24,26,27,47,50,54,58,63,66,82,83,88,95,98" machi="88" ten="30,12000,2" yaku="1,1,0,1,8,1,52,1,54,1,53,1" doraHai="49" doraHaiUra="91" who="2" fromWho="2" sc="330,-32,270,-32,180,156,190,-62" owari="298,10.0,238,-16.0,336,43.0,128,-37.0" /></mjloggm>