<mjloggm ver="2.3"><GO type="97" lobby="0"/><UN n0="%E3%82%A6%E3%83%AB%E3%83%88%E3%83%A9%E7%AB%8B%E7%9B%B4" n1="%EF%BC%9D%E6%B0%B4%E8%89%B2%E6%A7%98%EF%BC%9D" n2="%E9%8D%8B%E5%B8%B8%E5%B8%9D%E5%9B%BD" n3="%3F%3E%2A%5C%2B%3A%26" dan="14,15,15,13" rate="1963.72,2020.01,1962.81,1851.75" sx="M,M,M,M"/><TAIKYOKU oya="0"/><INIT seed="0,0,0,0,0,33" ten="250,250,250,250" oya="0" hai0="117,21,120,108,110,118,34,29,85,53,94,96,105" hai1="106,0,12,5,80,100,25,67,95,107,112,125,88" hai2="19,37,62,123,68,111,70,16,6,75,129,11,86" hai3="130,124,14,45,24,122,54,28,15,101,87,36,58"/><T22/><D105/><U18/><E25/><V121/><F75/><W38/><G122/><T23/><D120/><U133/><E80/><V77/><F37/><W57/><G130/><T30/><D85/><U109/><E109/><N who="0" m="42089" /><D53/><U27/><E27/><V99/><F111/><W51/><G101/><T91/><D34/><U119/><E119/><AGARI ba="0,0" hai="21,22,23,29,30,91,94,96,117,118,119" m="42089" machi="119" ten="40,3900,0" yaku="14,1,10,1" doraHai="33" who="0" fromWho="1" sc="250,39,250,-39,250,0,250,0" /><INIT seed="0,1,0,0,2,72" ten="289,211,250,250" oya="0" hai0="15,47,32,49,116,95,21,108,16,133,130,106,42" hai1="97,89,18,74,128,3,58,65,118,25,27,70,10" hai2="93,13,55,39,7,120,96,24,17,63,62,124,75" hai3="102,45,135,50,48,20,86,73,90,104,68,84,4"/><T132/><D106/><U38/><E38/><V107/><F39/><W51/><G68/><T117/><D32/><U77/><E70/><V26/><F107/><W69/><G69/><T103/><D130/><U2/><E118/><V80/><F120/><W28/><G73/><T56/><D108/><U122/><E122/><V111/><F111/><W129/><G129/><T115/><D115/><U53/><E65/><V131/><F131/><W125/><G4/><T5/><D5/><U1/><E128/><V37/><F37/><W61/><G61/><N who="2" m="23049" /><F7/><W99/><G84/><T11/><D56/><U100/><E89/><V22/><F124/><W113/><G125/><T110/><D110/><U40/><E40/><V92/><F75/><W91/><G91/><T109/><D109/><U82/><E10/><V19/><F55/><W52/><G113/><T105/><D11/><U43/><E43/><V9/><F80/><W6/><G6/><T30/><D30/><U12/><E12/><N who="2" m="9511" /><F92/><W81/><REACH who="3" step="1"/><G135/><REACH who="3" ten="289,211,250,240" step="2"/><N who="0" m="51787" /><D95/><U123/><E123/><V41/><F41/><W0/><G0/><T127/><D127/><U79/><E3/><V85/><F85/><W8/><G8/><T46/><D105/><U34/><E2/><V60/><F60/><W87/><G87/><T94/><D94/><U78/><E1/><V35/><F35/><W126/><G126/><T76/><D76/><U57/><E34/><V64/><F64/><W33/><G33/><T67/><D67/><U88/><E77/><V59/><F59/><W119/><G119/><N who="0" m="45643" /><D47/><U121/><E78/><V44/><F44/><W66/><G66/><RYUUKYOKU ba="1,1" sc="289,10,211,-30,250,10,240,10" hai0="15,16,21,42,46,49,103" hai2="9,13,19,24,26,93,96" hai3="20,28,45,48,50,51,52,81,86,90,99,102,104" /><INIT seed="0,2,1,2,3,76" ten="299,181,260,250" oya="0" hai0="17,132,115,5,24,34,52,95,111,130,85,131,104" hai1="84,88,42,14,23,0,98,53,10,123,68,41,54" hai2="122,25,78,93,99,63,2,121,89,27,77,51,135" hai3="48,75,90,56,110,106,102,11,81,59,49,127,100"/><T129/><D104/><U47/><E68/><V119/><F2/><W39/><G39/><T58/><D5/><U50/><E123/><V117/><F51/><W32/><G32/><T57/><D115/><U108/><E0/><V19/><F63/><W70/><G70/><T61/><D132/><U71/><E71/><V82/><F19/><W4/><G106/><T86/><D111/><U126/><E108/><V64/><F64/><W124/><G110/><T62/><D95/><U113/><E113/><V83/><F25/><W30/><G30/><N who="0" m="19783" /><D17/><N who="1" m="8407" /><E126/><N who="3" m="48170" /><G49/><T16/><D16/><U8/><E8/><V91/><F27/><W92/><G48/><T22/><D22/><U36/><E36/><V55/><F55/><AGARI ba="2,1" hai="52,55,57,58,61,62,85,86,129,130,131" m="19783" machi="55" ten="30,2900,0" yaku="19,1,54,1" doraHai="76" who="0" fromWho="2" sc="299,45,181,0,260,-35,250,0" /><INIT seed="0,3,0,3,1,127" ten="344,181,225,250" oya="0" hai0="44,16,36,65,106,66,61,135,107,6,31,98,32" hai1="67,116,18,3,124,95,48,105,119,22,130,129,27" hai2="113,0,2,121,34,71,80,52,59,70,13,101,14" hai3="131,117,132,24,41,77,96,122,39,64,62,12,10"/><T53/><D6/><U87/><E105/><V42/><F113/><W104/><G117/><N who="1" m="45130" /><E67/><V103/><F121/><W112/><G112/><T29/><D135/><U17/><E48/><V75/><F42/><W78/><G132/><T33/><D53/><U49/><E49/><V25/><F75/><W30/><G122/><T43/><D16/><N who="1" m="12743" /><E124/><V68/><F80/><W11/><G39/><T110/><D110/><U54/><E54/><V100/><F52/><W50/><G78/><T1/><D1/><N who="2" m="618" /><F59/><W35/><G77/><T37/><D37/><U40/><E40/><V79/><F25/><W91/><G12/><N who="2" m="4713" /><F79/><W108/><G108/><T60/><D43/><U23/><E3/><V86/><F86/><W5/><G50/><T55/><D36/><U76/><E76/><V126/><F126/><W97/><G41/><T99/><D55/><U72/><E72/><V89/><F89/><W9/><G91/><T69/><D44/><U81/><E81/><V120/><F120/><W90/><G90/><T63/><D63/><U84/><E84/><V4/><F34/><W93/><G104/><T7/><D61/><U19/><E87/><V118/><F118/><W28/><G62/><T128/><D60/><U51/><E95/><V74/><F74/><W109/><G93/><T47/><D47/><U123/><E51/><V15/><F15/><W82/><G82/><T94/><D94/><U134/><E123/><V115/><F115/><W21/><G109/><T20/><D99/><U57/><E134/><V88/><F88/><W56/><G56/><T8/><D98/><N who="3" m="37993" /><G64/><T46/><D66/><RYUUKYOKU ba="3,0" sc="344,-10,181,-10,225,30,250,-10" hai2="4,68,70,71,100,101,103" /><INIT seed="1,4,0,0,4,104" ten="334,171,255,240" oya="1" hai0="133,41,95,123,109,98,7,128,56,47,89,57,82" hai1="60,8,63,49,120,3,14,13,122,50,111,58,134" hai2="86,135,29,71,72,76,124,97,28,126,26,67,17" hai3="18,62,39,10,102,105,9,132,73,130,20,68,5"/><U81/><E134/><V100/><F135/><W101/><G132/><T65/><D123/><U53/><E3/><V27/><F86/><W0/><G39/><T121/><D133/><U118/><E118/><V90/><F17/><W48/><G130/><T23/><D128/><U21/><E21/><V12/><F12/><W55/><G10/><T99/><D109/><U22/><E22/><V46/><F46/><W94/><G105/><T129/><D129/><U114/><E114/><V83/><F83/><W112/><G112/><T69/><D69/><U6/><E111/><V119/><F90/><W92/><G73/><T113/><D113/><U33/><E33/><V84/><F84/><W74/><G74/><T108/><D108/><U30/><E30/><V70/><F119/><W4/><G4/><T19/><D7/><U40/><E81/><V2/><F2/><W51/><G51/><N who="0" m="27119" /><D121/><U52/><E40/><V115/><F115/><W35/><G35/><T61/><D82/><U85/><E85/><V15/><F15/><W96/><G102/><T106/><D57/><U77/><E77/><V11/><F76/><W88/><G68/><T32/><D106/><U16/><E6/><V54/><F72/><W127/><G62/><T1/><D1/><U93/><E93/><V42/><F42/><W117/><G117/><T91/><D32/><U43/><E43/><V45/><F70/><W24/><G92/><N who="0" m="56591" /><D23/><U37/><E37/><V78/><F71/><W59/><G101/><T107/><D107/><U80/><E80/><V116/><F100/><W103/><G103/><T34/><D34/><RYUUKYOKU ba="4,0" sc="334,15,171,-15,255,-15,240,15" hai0="19,56,61,65,91,95,99" hai3="0,5,9,18,20,24,48,55,59,88,94,96,127" /><INIT seed="2,5,0,3,4,133" ten="349,156,240,255" oya="2" hai0="36,130,41,105,94,108,69,63,35,16,55,113,104" hai1="64,89,9,32,77,31,19,37,122,123,118,14,2" hai2="75,56,79,27,66,13,25,125,101,99,114,124,45" hai3="92,22,100,59,129,106,18,48,67,60,85,72,87"/><V3/><F3/><W20/><G72/><T44/><D113/><U42/><E37/><V107/><F114/><W90/><G129/><T81/><D35/><U110/><E42/><V62/><F45/><W49/><G20/><T34/><D34/><U71/><E77/><V53/><F79/><W46/><G46/><T52/><D130/><U65/><E118/><V73/><F13/><W83/><G106/><T97/><D108/><U29/><E110/><V70/><F73/><W38/><G38/><T109/><D109/><U68/><E2/><V80/><F80/><W40/><G40/><T127/><D127/><N who="2" m="48714" /><F75/><W8/><G8/><T98/><D41/><U128/><E128/><V39/><F39/><W78/><G100/><T134/><D81/><U28/><E122/><V1/><F1/><W7/><G7/><T112/><D44/><U5/><E89/><V10/><F10/><W76/><G78/><T91/><D36/><U117/><E123/><V4/><F4/><W86/><G85/><T61/><D112/><U6/><E117/><V33/><F33/><W17/><G17/><T121/><D16/><U12/><E32/><V88/><F88/><W43/><G43/><T93/><D91/><U96/><E96/><V50/><AGARI ba="5,0" hai="25,27,50,53,56,62,66,70,99,101,107" m="48714" machi="50" ten="30,11700,0" yaku="18,1,52,3" doraHai="133" who="2" fromWho="2" sc="349,-44,156,-44,240,132,255,-44" /><INIT seed="2,6,0,3,2,63" ten="305,112,372,211" oya="2" hai0="53,112,103,49,7,52,28,19,35,126,31,81,44" hai1="89,119,71,56,17,118,36,111,8,129,132,69,98" hai2="107,133,1,92,42,34,12,21,128,75,115,90,113" hai3="15,47,39,84,5,45,76,97,22,29,0,122,114"/><V93/><F1/><W124/><G122/><T9/><D112/><U57/><E98/><V125/><F34/><W37/><G114/><T131/><D126/><U109/><E89/><V130/><F107/><W30/><G124/><T13/><D131/><N who="2" m="50218" /><F75/><W134/><G0/><T60/><D103/><U127/><E17/><N who="2" m="10407" /><F125/><W14/><G97/><T106/><D106/><U27/><E27/><V46/><F133/><W117/><G134/><T33/><D33/><U73/><E8/><V116/><F116/><N who="1" m="44585" /><E73/><V41/><F41/><W91/><G76/><T87/><D35/><U26/><E26/><V78/><F78/><W20/><G117/><T55/><D7/><U85/><E85/><N who="2" m="52303" /><F93/><W86/><G91/><N who="0" m="51695" /><D55/><U10/><E10/><V6/><F6/><AGARI ba="6,0" hai="5,6,14,15,20,22,29,30,37,39,45,47,84,86" machi="6" ten="25,1600,0" yaku="22,2" doraHai="63" who="3" fromWho="2" sc="305,0,112,0,372,-34,211,34" /><INIT seed="3,0,0,0,2,60" ten="305,112,338,245" oya="3" hai0="122,20,23,69,3,59,133,9,101,31,94,84,53" hai1="46,18,27,33,43,115,91,135,5,1,105,108,30" hai2="15,57,49,26,131,67,97,78,7,64,75,35,44" hai3="40,134,50,103,88,93,6,70,47,28,81,80,4"/><W113/><G113/><T21/><D69/><U90/><E91/><V109/><F109/><W58/><G70/><T132/><D122/><U82/><E90/><V10/><F75/><W111/><G103/><T29/><D9/><U104/><E115/><V71/><F71/><W114/><G114/><T36/><D3/><U102/><E108/><V42/><F78/><W98/><G111/><T12/><D12/><U77/><E135/><N who="0" m="51785" /><D36/><U19/><E18/><V121/><F121/><W79/><G134/><T124/><D124/><U11/><E19/><V106/><F131/><W17/><G28/><N who="0" m="10827" /><D84/><U55/><E55/><V65/><F35/><W119/><G119/><T86/><D86/><U83/><E83/><N who="3" m="31818" /><G17/><T37/><D37/><U118/><E102/><V38/><F26/><W100/><G79/><T99/><D23/><U14/><E118/><V96/><F106/><W25/><G25/><T74/><D74/><U76/><E76/><V62/><F38/><W92/><G58/><T116/><D116/><U126/><E126/><V54/><AGARI ba="0,0" hai="7,10,15,42,44,49,54,57,62,64,65,67,96,97" machi="54" ten="30,8000,1" yaku="0,1,8,1,52,3" doraHai="60" who="2" fromWho="2" sc="305,-20,112,-20,338,80,245,-40" owari="285,9.0,92,-41.0,418,51.0,205,-19.0" /></mjloggm>