<mjloggm ver="2.3"><GO type="35" lobby="0"/><UN n0="%E5%B0%B1%E6%B4%BB%E7%94%9F%40%E5%B7%9D%E6%9D%91%E8%BB%8D%E5%9B%A3" n1="%E3%81%B1%E3%82%93%E3%81%9E%E3%81%86" n2="%E3%83%91%E3%82%B7%E3%83%AA%EF%BC%A0%E5%B7%9D%E6%9D%91%E8%BB%8D%E5%9B%A3" n3="%E5%B7%9D%E6%9D%91%E6%99%83%E8%A3%95%EF%BC%88%E4%B8%A1%E6%96%B9%EF%BC%89" dan="13,16,14,14" rate="1838.25,2063.19,1878.49,1957.12" sx="M,M,M,M"/><TAIKYOKU oya="0"/><INIT seed="0,0,0,0,4,70" ten="250,250,250,250" oya="0" hai0="28,21,72,82,6,41,35,91,80,95,54,86,10" hai1="88,101,130,32,33,124,23,51,38,16,97,49,36" hai2="67,4,84,31,40,37,117,61,102,2,15,60,65" hai3="5,99,121,62,69,85,83,111,79,11,116,12,104"/><T3/><D35/><U118/><E118/><V13/><F117/><W126/><G116/><T94/><D54/><U55/><E130/><V64/><F31/><W75/><G111/><T52/><D52/><U103/><E124/><V133/><F133/><W112/><G112/><T57/><D57/><U66/><E66/><V113/><F113/><W78/><G126/><T120/><D120/><U110/><E110/><V59/><F102/><W42/><G121/><T30/><D21/><U89/><E55/><V109/><F109/><W129/><G129/><T0/><D0/><U106/><E23/><V96/><F96/><W9/><G42/><T27/><D27/><U14/><E97/><V46/><F84/><W8/><G78/><T44/><D94/><U39/><E39/><V98/><F98/><W92/><G69/><T43/><D43/><U114/><E16/><V107/><F107/><W19/><G62/><T87/><D95/><U22/><E22/><V108/><F108/><W127/><G127/><T135/><D135/><U134/><E14/><V58/><REACH who="2" step="1"/><F67/><REACH who="2" ten="250,250,240,250" step="2"/><W24/><G104/><T48/><D72/><U29/><E29/><V1/><F1/><W115/><G75/><T45/><REACH who="0" step="1"/><D44/><REACH who="0" ten="240,250,240,250" step="2"/><U20/><E134/><V17/><F17/><W63/><G115/><T81/><D81/><U18/><E114/><V77/><F77/><AGARI ba="0,2" hai="3,6,10,28,30,41,45,48,77,80,82,86,87,91" machi="77" ten="30,11600,0" yaku="1,1,7,1,53,2" doraHai="70" doraHaiUra="25" who="0" fromWho="2" sc="240,136,250,0,240,-116,250,0" /><INIT seed="0,1,0,3,1,43" ten="376,250,124,250" oya="0" hai0="39,7,55,76,117,116,112,100,87,86,83,108,12" hai1="63,95,102,77,53,54,99,72,34,89,123,30,56" hai2="115,29,133,82,135,127,114,132,79,2,13,126,60" hai3="38,96,52,101,105,129,35,62,19,41,111,32,23"/><T40/><D112/><N who="2" m="43050" /><F60/><W11/><G111/><T4/><D40/><U75/><E123/><V103/><F103/><W66/><G129/><T59/><D39/><U45/><E77/><V71/><F71/><W128/><G11/><T58/><D100/><U113/><E113/><V44/><F2/><W49/><G128/><T28/><D28/><U18/><E102/><V1/><F1/><W69/><G41/><T33/><D33/><U90/><E90/><V134/><N who="2" m="33792" /><DORA hai="57" /><V109/><F109/><W6/><G6/><T78/><D12/><U50/><REACH who="1" step="1"/><E18/><REACH who="1" ten="376,240,124,250" step="2"/><V20/><F79/><W5/><G5/><T9/><D108/><U85/><E85/><V120/><F120/><W3/><G19/><T131/><D131/><U46/><E46/><V97/><F44/><W25/><G101/><T124/><D78/><U21/><E21/><V27/><F13/><W107/><G3/><T31/><D76/><U64/><E64/><V16/><F97/><W26/><G96/><T84/><D87/><U17/><E17/><V15/><F82/><W8/><G66/><T24/><D83/><U121/><E121/><V68/><F68/><W70/><G70/><T22/><D86/><U0/><E0/><V65/><F65/><W73/><G69/><T47/><D84/><U14/><E14/><V94/><F94/><W67/><G67/><T51/><D47/><U106/><E106/><V88/><F88/><W91/><G107/><T118/><D7/><U122/><E122/><V125/><F125/><W80/><G105/><T74/><D124/><U92/><E92/><V42/><F42/><RYUUKYOKU ba="1,1" sc="376,-15,240,15,124,15,250,-15" hai1="30,34,45,50,53,54,56,63,72,75,89,95,99" hai2="15,16,20,27,29,126,127" /><INIT seed="1,2,1,2,3,28" ten="361,255,139,235" oya="1" hai0="62,36,9,51,66,107,23,99,115,19,83,11,73" hai1="111,4,103,20,31,127,69,59,101,60,92,35,122" hai2="85,43,114,117,39,3,24,65,46,121,118,16,113" hai3="105,57,132,21,6,89,78,102,44,53,135,8,74"/><U55/><E122/><V34/><F3/><N who="3" m="95" /><G89/><T7/><D36/><U32/><E127/><V87/><F121/><W80/><G21/><T110/><D115/><N who="2" m="44042" /><F65/><W1/><G1/><T37/><D37/><U41/><E41/><V18/><F18/><W17/><G17/><T56/><D110/><U96/><E69/><V70/><F70/><W116/><G44/><T26/><D7/><U81/><E111/><V106/><F106/><W72/><G116/><N who="2" m="44649" /><F16/><W49/><G105/><T40/><D73/><U93/><E4/><V124/><F124/><W86/><G102/><T129/><D129/><U63/><E63/><V25/><F25/><W119/><G119/><T29/><D107/><U10/><E60/><V54/><F54/><W27/><G27/><T0/><D0/><U95/><E55/><V42/><F43/><W13/><G13/><T58/><D19/><U112/><E112/><V71/><F71/><W90/><G53/><N who="0" m="31807" /><D40/><U82/><E103/><V104/><F104/><W22/><G57/><T131/><D131/><U47/><E59/><V134/><F134/><W38/><G132/><T14/><D14/><U108/><E101/><V97/><F97/><W123/><G135/><T75/><D99/><U126/><E96/><V2/><F2/><W50/><G123/><T133/><D133/><U91/><E126/><V79/><F79/><W128/><G78/><N who="0" m="44511" /><D9/><U130/><E10/><V15/><F15/><W76/><G128/><T64/><D11/><U45/><E130/><V5/><F5/><W84/><G76/><T77/><D77/><U98/><E98/><V100/><F100/><RYUUKYOKU ba="2,1" sc="361,15,255,-15,139,15,235,-15" hai0="23,26,29,58,62,64,66" hai2="24,34,39,42,46,85,87" /><INIT seed="2,3,1,0,4,42" ten="376,240,154,220" oya="2" hai0="50,120,54,56,104,67,24,3,126,80,118,61,31" hai1="132,83,34,45,134,9,97,81,15,82,133,105,101" hai2="131,114,57,5,87,20,14,119,90,88,110,125,62" hai3="79,129,116,28,65,111,107,27,2,84,26,36,124"/><V93/><F114/><W77/><G27/><T38/><D120/><U17/><REACH who="1" step="1"/><E45/><REACH who="1" ten="376,230,154,220" step="2"/><V92/><F119/><W41/><G116/><T98/><D118/><U94/><E94/><V19/><F125/><W100/><G124/><T73/><D126/><U30/><E30/><V4/><F131/><W60/><G28/><T78/><D3/><U127/><E127/><V96/><REACH who="2" step="1"/><F110/><REACH who="2" ten="376,230,144,220" step="2"/><W47/><G129/><T12/><D104/><U112/><E112/><V23/><F23/><W59/><G111/><T99/><D38/><U51/><E51/><V55/><AGARI ba="3,3" hai="4,5,14,19,20,55,57,62,87,88,90,92,93,96" machi="55" ten="20,7800,0" yaku="1,1,0,1,7,1,8,1,53,0" doraHai="42" doraHaiUra="7" who="2" fromWho="2" sc="376,-29,230,-29,144,117,220,-29" /><INIT seed="2,4,0,5,3,110" ten="347,201,261,191" oya="2" hai0="130,123,36,104,62,99,61,57,80,59,95,128,5" hai1="74,35,13,96,105,98,1,10,94,113,76,82,134" hai2="50,16,126,87,53,116,124,66,25,68,75,21,22" hai3="90,3,37,15,20,107,46,29,26,31,23,27,102"/><V78/><F116/><W48/><G3/><T100/><D123/><U133/><E35/><V17/><F75/><W28/><G37/><T92/><D36/><U63/><E1/><V84/><F68/><W65/><G65/><N who="0" m="39087" /><D5/><N who="1" m="3279" /><E105/><V108/><F66/><W67/><G67/><N who="0" m="39391" /><D80/><U60/><E113/><V121/><F121/><W41/><G15/><T109/><D109/><U32/><E32/><V111/><F78/><W71/><G71/><T11/><D11/><U112/><E112/><V69/><F69/><W64/><G64/><T6/><D6/><U129/><E129/><AGARI ba="4,0" hai="92,95,99,100,104,128,129,130" m="39391,39087" machi="129" ten="30,1000,0" yaku="19,1" doraHai="110" who="0" fromWho="1" sc="347,22,201,-22,261,0,191,0" /><INIT seed="3,0,0,4,1,131" ten="369,179,261,191" oya="3" hai0="27,130,100,123,61,112,22,127,77,108,18,73,16" hai1="121,132,56,34,14,111,50,40,17,98,89,82,30" hai2="128,48,101,13,20,54,115,87,91,11,134,70,52" hai3="86,47,35,53,116,1,117,78,9,88,84,64,0"/><W43/><G35/><T51/><D108/><U2/><E121/><V129/><F134/><W66/><G53/><T85/><D127/><U120/><E120/><V74/><F74/><W119/><G78/><T126/><D73/><U33/><E2/><V83/><F70/><W62/><G84/><T25/><D130/><N who="2" m="50282" /><F115/><W8/><G8/><T45/><D61/><U26/><E111/><V29/><F101/><W6/><G0/><T90/><D126/><U125/><E125/><V113/><F113/><W32/><G32/><T3/><D3/><U81/><E33/><V44/><F20/><W57/><G64/><T80/><D100/><U97/><E132/><V65/><F65/><W71/><G57/><T55/><D112/><U93/><E98/><V94/><F29/><W110/><G110/><T49/><D123/><U12/><E12/><V135/><F135/><W38/><REACH who="3" step="1"/><G119/><REACH who="3" ten="369,179,261,181" step="2"/><T102/><D85/><U105/><E105/><V68/><F54/><W107/><G107/><T76/><D55/><U92/><E92/><AGARI ba="0,1" hai="1,6,9,38,43,47,62,66,71,86,88,92,116,117" machi="92" ten="30,2900,0" yaku="1,1,7,1,53,0" doraHai="131" doraHaiUra="72" who="3" fromWho="1" sc="369,0,179,-29,261,0,181,39" /><INIT seed="3,1,0,1,5,60" ten="369,150,261,220" oya="3" hai0="36,38,125,107,93,51,111,19,79,127,8,41,18" hai1="62,61,10,98,43,35,2,106,96,24,76,130,124" hai2="48,123,91,63,34,13,132,14,102,75,20,100,16" hai3="50,131,134,126,12,116,47,110,104,108,112,40,83"/><W66/><G112/><T78/><D111/><N who="3" m="42537" /><G134/><T7/><D107/><U103/><E130/><V129/><F34/><W39/><G116/><T31/><D31/><U37/><E124/><N who="0" m="47689" /><D93/><U28/><E96/><V52/><F75/><W72/><G126/><T87/><D51/><U88/><E88/><V0/><F0/><W57/><G104/><T17/><D87/><U94/><E94/><V9/><F123/><W29/><G131/><T84/><D84/><U118/><E62/><V6/><F102/><W25/><G12/><N who="0" m="5151" /><D41/><U33/><E61/><V122/><F100/><W101/><G101/><T71/><D71/><U70/><E118/><V128/><F132/><W135/><G25/><T109/><D109/><U15/><E15/><V64/><F14/><W30/><G135/><T69/><D69/><U73/><E70/><V27/><F122/><W92/><G39/><AGARI ba="1,0" hai="17,18,19,36,38,39,78,79" m="5151,47689" machi="39" ten="40,1300,0" yaku="18,1" doraHai="60" who="0" fromWho="3" sc="369,16,150,0,261,0,220,-16" owari="385,49.0,150,-35.0,261,6.0,204,-20.0" /></mjloggm>