<mjloggm ver="2.3"><GO type="41" lobby="0"/><UN n0="%E3%81%B9%E3%81%AB%E3%81%8F%E3%82%93" n1="%70%6F%6E%2D%65%6E" n2="%E5%B0%B1%E6%B4%BB%E7%94%9F%40%E5%B7%9D%E6%9D%91%E8%BB%8D%E5%9B%A3" n3="%4E%57%43" dan="15,15,13,14" rate="2003.09,2040.55,1852.89,1949.07" sx="F,M,M,M"/><TAIKYOKU oya="0"/><INIT seed="0,0,0,5,3,62" ten="250,250,250,250" oya="0" hai0="89,115,25,10,71,6,33,120,55,76,5,74,131" hai1="105,8,21,103,72,36,75,17,84,22,129,15,117" hai2="69,82,102,121,65,123,28,27,14,31,99,81,4" hai3="97,98,46,85,110,57,61,39,1,79,2,133,9"/><T3/><D120/><U134/><E36/><V67/><F121/><W113/><G110/><T109/><D115/><U53/><E117/><V100/><F123/><W44/><G133/><T130/><D71/><U66/><E134/><V91/><F69/><W16/><G113/><T23/><D33/><U114/><E114/><V7/><F14/><N who="3" m="7247" /><G39/><T94/><D6/><N who="2" m="2090" /><F27/><W59/><G2/><T106/><D106/><U50/><E129/><N who="0" m="49161" /><D109/><U107/><E84/><N who="2" m="50575" /><F82/><N who="3" m="47327" /><G1/><T124/><D74/><U119/><E75/><V78/><F78/><W49/><G46/><T47/><D76/><U90/><E72/><V122/><F122/><W18/><G18/><N who="0" m="12535" /><D124/><U101/><E105/><V127/><F127/><W116/><G116/><T20/><D47/><U12/><E107/><V58/><F58/><N who="3" m="22027" /><G61/><T32/><D32/><U111/><E111/><V48/><F48/><W34/><G34/><T11/><D3/><U30/><E119/><V63/><F63/><W96/><G96/><T60/><D60/><U43/><E50/><V104/><F104/><W95/><G95/><T0/><D94/><U64/><E17/><V132/><F132/><W126/><G126/><T93/><D93/><U54/><E90/><V24/><F99/><W80/><G80/><T88/><D0/><U51/><E51/><V38/><F38/><W128/><G128/><T45/><D45/><U112/><E112/><V13/><F102/><W108/><G108/><T52/><D5/><U68/><E68/><V26/><F100/><W87/><G87/><T29/><D89/><U77/><E103/><V135/><F135/><W70/><G70/><RYUUKYOKU ba="0,0" sc="250,-10,250,-10,250,-10,250,30" hai3="44,49,97,98" /><INIT seed="1,1,0,5,4,77" ten="240,240,240,280" oya="1" hai0="24,30,92,106,65,19,44,73,10,61,33,110,21" hai1="98,121,79,11,59,28,39,83,129,27,62,54,103" hai2="102,84,42,43,134,4,25,109,124,15,40,101,2" hai3="68,80,7,114,82,133,37,56,48,35,72,95,88"/><U51/><E39/><V38/><F2/><W113/><G68/><T89/><D110/><U96/><E129/><V63/><F38/><W132/><G37/><T66/><D106/><U107/><E121/><V125/><F109/><W127/><G35/><T53/><D73/><U78/><E98/><V112/><F112/><N who="3" m="43115" /><G7/><T1/><D1/><U41/><E11/><N who="2" m="4583" /><F134/><N who="3" m="51819" /><G48/><N who="0" m="28807" /><D61/><U36/><E36/><V104/><F104/><W0/><G56/><T34/><D33/><U52/><E59/><V58/><F84/><N who="3" m="52615" /><G0/><T29/><D34/><U16/><E51/><V50/><F50/><W97/><G72/><T105/><D29/><U14/><E28/><V111/><F25/><W90/><G127/><N who="2" m="48713" /><F111/><W26/><G26/><T69/><D69/><U23/><E27/><V49/><F49/><W5/><G5/><T76/><D24/><U94/><E62/><V47/><F47/><W118/><G118/><T20/><D30/><U60/><E60/><V100/><F40/><W123/><G123/><T9/><D66/><AGARI ba="1,0" hai="42,43,58,63,66,100,101,102" m="48713,4583" machi="66" ten="30,1000,0" yaku="18,1" doraHai="77" who="2" fromWho="0" sc="240,-13,240,0,240,13,280,0" /><INIT seed="2,0,0,2,2,67" ten="227,240,253,280" oya="2" hai0="97,132,22,14,37,83,115,120,45,44,111,21,12" hai1="116,25,60,53,121,101,106,65,107,79,49,98,129" hai2="41,30,27,50,85,10,133,81,28,57,105,6,17" hai3="2,42,61,55,13,77,84,99,128,19,1,16,100"/><V86/><F105/><W3/><G42/><T122/><D111/><U64/><E116/><V59/><F133/><W63/><G128/><T80/><D115/><U9/><E129/><V58/><F85/><W131/><G131/><T75/><D97/><U92/><E121/><V32/><F28/><W38/><G38/><T36/><REACH who="0" step="1"/><D75/><REACH who="0" ten="217,240,253,280" step="2"/><U89/><E98/><V24/><F24/><W29/><G99/><T103/><D103/><U109/><E25/><V26/><F26/><W117/><G100/><T35/><D35/><U74/><E101/><V68/><F17/><W119/><G16/><T104/><D104/><U56/><E74/><V46/><F68/><W113/><G113/><T20/><D20/><U70/><E70/><V87/><REACH who="2" step="1"/><F81/><REACH who="2" ten="217,240,243,280" step="2"/><N who="3" m="47151" /><G19/><T125/><D125/><U34/><E107/><V95/><F95/><W52/><G117/><T90/><D90/><U123/><E89/><V135/><F135/><AGARI ba="0,2" hai="12,14,21,22,36,37,44,45,80,83,120,122,132,135" machi="135" ten="25,3200,0" yaku="1,1,22,2,53,0" doraHai="67" doraHaiUra="7" who="0" fromWho="2" sc="217,52,240,0,243,-32,280,0" /><INIT seed="3,0,0,1,0,70" ten="269,240,211,280" oya="3" hai0="128,114,91,107,97,117,135,50,29,86,88,109,24" hai1="81,65,44,103,75,106,105,77,133,67,69,82,35" hai2="116,126,46,90,62,127,47,31,25,101,49,2,120" hai3="102,122,3,121,85,20,39,108,95,17,89,11,13"/><W4/><G108/><T32/><D109/><U84/><E133/><V94/><F116/><W60/><G102/><T111/><D111/><U27/><E69/><V134/><F2/><W98/><G98/><T80/><D117/><U43/><E35/><V73/><F73/><W51/><G60/><T33/><D135/><U45/><E27/><V123/><F134/><W18/><G39/><T87/><D128/><U118/><E118/><V5/><F101/><W30/><G18/><T53/><D114/><U7/><E45/><N who="2" m="16907" /><F5/><W8/><G8/><T59/><D97/><U64/><E7/><V132/><F62/><W129/><G129/><T28/><D107/><U92/><E92/><V40/><F49/><W72/><G72/><T99/><D99/><U57/><E57/><V115/><F40/><W0/><G0/><T104/><D104/><U83/><E103/><V58/><F58/><W78/><G78/><T38/><D38/><U100/><E100/><V37/><F37/><W125/><G125/><N who="2" m="47625" /><F132/><W16/><G30/><T55/><D55/><U113/><E106/><V124/><F115/><W68/><G68/><T61/><D61/><U1/><E105/><V112/><F112/><W52/><G17/><T96/><D96/><U79/><E113/><V6/><F6/><W119/><G119/><T14/><D29/><U71/><E71/><V22/><N who="2" m="47633" /><V54/><DORA hai="15" /><F54/><W19/><REACH who="3" step="1"/><G19/><REACH who="3" ten="269,240,211,270" step="2"/><T63/><D63/><U23/><E75/><V48/><F48/><W66/><G66/><T21/><D50/><U41/><E67/><V93/><F90/><N who="0" m="34346" /><D28/><U56/><E65/><RYUUKYOKU ba="0,1" sc="269,-15,240,-15,211,15,270,15" hai2="22,25,31,93,94,120,123" hai3="3,4,11,13,16,20,51,52,85,89,95,121,122" /><INIT seed="3,1,1,4,3,110" ten="254,225,226,285" oya="3" hai0="21,34,114,25,9,41,5,18,40,68,121,90,72" hai1="27,50,58,16,106,54,128,82,119,63,36,62,48" hai2="60,69,64,111,66,22,67,24,125,78,86,135,92" hai3="100,88,19,47,104,127,122,132,133,14,61,80,97"/><W81/><G122/><T71/><D121/><U49/><E106/><V83/><F111/><W118/><G118/><T38/><D72/><U84/><E36/><V20/><F125/><W117/><G117/><T46/><D41/><U131/><E119/><V95/><F135/><N who="3" m="51787" /><G47/><T55/><D55/><U101/><E101/><V105/><F105/><W115/><G61/><T87/><D34/><U43/><E63/><V35/><F35/><W103/><G103/><T109/><D109/><U52/><E43/><V59/><F22/><N who="3" m="11639" /><G115/><T74/><D114/><U91/><REACH who="1" step="1"/><E54/><REACH who="1" ten="254,215,226,285" step="2"/><N who="2" m="33911" /><F69/><W77/><G127/><T17/><D71/><U120/><E120/><V29/><AGARI ba="1,2" hai="20,24,29,64,66,67,78,83,86,92,95" m="33911" machi="29" ten="30,1100,0" yaku="8,1" doraHai="110" who="2" fromWho="2" sc="254,-4,215,-4,226,34,285,-6" /><INIT seed="4,0,0,3,4,110" ten="250,211,260,279" oya="0" hai0="6,93,90,13,47,3,20,133,31,61,44,41,59" hai1="100,28,106,55,34,117,48,27,36,83,63,39,62" hai2="80,30,72,81,54,18,122,87,9,107,125,128,75" hai3="109,88,12,17,23,68,86,11,21,134,96,120,69"/><T94/><D133/><U49/><E117/><V111/><F107/><W7/><G134/><T66/><D3/><U15/><E39/><V98/><F111/><W130/><G109/><T25/><D41/><U10/><E36/><V52/><F122/><W121/><G130/><T50/><D50/><U22/><E34/><V57/><F125/><W45/><G45/><N who="0" m="17483" /><D90/><U84/><E100/><V115/><F115/><W119/><G96/><T2/><D2/><U14/><E106/><V102/><F128/><W127/><G119/><T1/><D1/><U37/><E37/><V38/><F30/><W82/><G127/><T91/><D91/><U135/><E135/><V46/><F80/><W113/><G113/><T16/><D6/><U126/><E126/><V74/><F98/><W19/><G120/><T103/><D103/><U78/><E49/><V114/><F102/><W4/><G4/><T42/><D42/><U56/><REACH who="1" step="1"/><E14/><REACH who="1" ten="250,201,260,279" step="2"/><V79/><F38/><W0/><G121/><T67/><D67/><U32/><E32/><V129/><F129/><W97/><G97/><T105/><D105/><U131/><E131/><V71/><F114/><W51/><G51/><T116/><D116/><U101/><E101/><V35/><F35/><W24/><AGARI ba="0,1" hai="0,7,11,12,17,19,21,23,24,68,69,82,86,88" machi="24" ten="20,2700,0" yaku="0,1,7,1,54,1" doraHai="110" who="3" fromWho="3" sc="250,-13,201,-7,260,-7,279,37" /><INIT seed="5,0,0,5,4,84" ten="237,194,253,316" oya="1" hai0="18,22,128,43,74,124,81,114,129,9,115,85,103" hai1="63,125,13,58,127,65,31,35,37,71,82,4,113" hai2="94,19,6,25,96,27,91,98,59,70,123,34,93" hai3="90,110,75,88,100,10,24,118,30,101,5,12,73"/><U16/><E113/><N who="0" m="43017" /><D43/><U41/><E4/><V53/><F70/><W89/><G110/><T117/><D9/><U133/><E133/><V134/><F123/><W116/><G73/><T77/><D117/><N who="3" m="45161" /><G75/><T121/><D124/><U78/><E31/><V1/><F134/><W39/><G39/><T111/><D111/><U14/><E35/><AGARI ba="0,0" hai="5,10,12,24,30,35,88,89,90,100,101" m="45161" machi="35" ten="30,8000,1" yaku="12,1,52,3,54,1" doraHai="84" who="3" fromWho="1" sc="237,0,194,-80,253,0,316,80" /><INIT seed="6,0,0,5,2,89" ten="237,114,253,396" oya="2" hai0="74,9,69,70,97,93,1,113,117,24,30,96,128" hai1="22,5,14,19,23,82,114,33,45,84,51,125,86" hai2="83,110,100,21,16,80,118,88,40,50,124,71,103" hai3="34,56,134,32,59,92,42,99,75,104,65,35,37"/><V11/><F118/><W7/><G104/><T49/><D117/><U12/><E33/><V102/><F71/><W87/><G75/><T94/><D74/><U126/><E114/><V2/><F124/><W131/><G65/><T41/><D113/><U81/><E5/><V91/><F110/><W90/><G7/><T129/><D1/><U95/><E95/><N who="0" m="36361" /><D9/><U77/><E126/><V57/><F11/><W119/><G37/><T133/><D133/><U3/><E3/><V123/><F2/><W8/><G8/><T115/><D115/><U109/><E109/><V36/><F36/><W127/><G32/><N who="0" m="20551" /><D49/><U4/><E125/><V58/><F123/><W79/><G34/><T132/><D41/><U130/><E130/><N who="0" m="50281" /><D132/><U48/><E45/><N who="2" m="25895" /><F58/><W85/><G56/><T107/><D107/><U31/><E4/><V116/><F57/><W46/><G59/><T72/><D72/><U39/><E39/><V29/><F29/><W44/><G35/><T120/><D120/><U106/><E106/><V61/><F61/><W47/><G42/><T76/><D76/><U27/><REACH who="1" step="1"/><E12/><REACH who="1" ten="237,104,253,396" step="2"/><N who="2" m="9351" /><F116/><W121/><G119/><T43/><D43/><U112/><E112/><V25/><F25/><W135/><G127/><T0/><D0/><U18/><E18/><V20/><F20/><W13/><G135/><T111/><D111/><U73/><E73/><V122/><F122/><W54/><G121/><T98/><AGARI ba="0,1" hai="69,70,96,97,98" m="50281,20551,36361" machi="98" ten="40,8000,1" yaku="19,1,52,3" doraHai="89" who="0" fromWho="0" sc="237,90,104,-20,253,-40,396,-20" /><INIT seed="7,0,0,5,0,92" ten="327,84,213,376" oya="3" hai0="27,117,52,61,1,16,98,34,129,4,113,44,57" hai1="94,124,32,66,38,5,8,47,75,70,65,42,88" hai2="68,71,73,102,12,59,11,10,115,28,130,22,29" hai3="74,77,69,36,24,86,84,55,135,60,122,23,101"/><W0/><G122/><T63/><D117/><U20/><E124/><V109/><F73/><W90/><G36/><T100/><D129/><U127/><E127/><V133/><F109/><W21/><G0/><T82/><D113/><U110/><E32/><V111/><F111/><W25/><G74/><T19/><D1/><U45/><E110/><V14/><F115/><W46/><G101/><T114/><D114/><U49/><E75/><V80/><F130/><W48/><G77/><T17/><D4/><U76/><E76/><V89/><F102/><W15/><G15/><T58/><D34/><U78/><E78/><V134/><F22/><W62/><G69/><T72/><D72/><U41/><E70/><V67/><F67/><W39/><G39/><T79/><D79/><U64/><E20/><V35/><F35/><W112/><G84/><T105/><D82/><U121/><E121/><V33/><F33/><W108/><G112/><T53/><D44/><U125/><E125/><V6/><F59/><W2/><G2/><T128/><D128/><U103/><E103/><V107/><F107/><W54/><G108/><T40/><D40/><U3/><REACH who="1" step="1"/><E65/><REACH who="1" ten="327,74,213,376" step="2"/><V96/><F89/><W43/><G90/><T91/><D91/><U13/><E13/><V93/><F71/><W116/><G21/><AGARI ba="0,1" hai="16,17,19,21,27,52,53,57,58,61,63,98,100,105" machi="21" ten="40,8000,1" yaku="9,1,52,1,54,2" doraHai="92" who="0" fromWho="3" sc="327,90,74,0,213,0,376,-80" owari="417,52.0,74,-43.0,213,-19.0,296,10.0" /></mjloggm>