<mjloggm ver="2.3"><GO type="41" lobby="0"/><UN n0="%74%79%64%79" n1="%E5%B0%B1%E6%B4%BB%E7%94%9F%40%E5%B7%9D%E6%9D%91%E8%BB%8D%E5%9B%A3" n2="%43%55%42%45%2D%4A" n3="%E3%83%8E%E3%83%89%E3%83%9E" dan="14,15,14,13" rate="1897.11,2006.92,1952.58,1964.56" sx="M,M,M,M"/><TAIKYOKU oya="0"/><INIT seed="0,0,0,1,4,10" ten="250,250,250,250" oya="0" hai0="101,131,1,120,9,29,27,128,32,74,81,126,135" hai1="37,89,43,11,129,17,122,100,67,66,117,45,20" hai2="125,79,26,16,73,58,41,55,113,86,0,38,84" hai3="132,46,71,30,115,109,35,19,6,39,3,25,50"/><T61/><D120/><U97/><E122/><V31/><F0/><W65/><G115/><T59/><D101/><U121/><E117/><V34/><F73/><W95/><G39/><T118/><D118/><U40/><E121/><V91/><F84/><W8/><G109/><T108/><D108/><U21/><E129/><V110/><F125/><W90/><G132/><T36/><D36/><U105/><E43/><V80/><F41/><W24/><G65/><T88/><D126/><U103/><E103/><V60/><F38/><W4/><G4/><T53/><D135/><U133/><E133/><V102/><F102/><W13/><G24/><T77/><D1/><U63/><E89/><V62/><F110/><W111/><G111/><T106/><D106/><U98/><E98/><V48/><F79/><W56/><G56/><T2/><D2/><U96/><E96/><V93/><F93/><W107/><G71/><T42/><D42/><U52/><E11/><V94/><F94/><W104/><G90/><T72/><D72/><U114/><E114/><V82/><F82/><W33/><G33/><T83/><REACH who="0" step="1"/><D9/><REACH who="0" ten="240,250,250,250" step="2"/><U14/><E21/><V127/><F127/><W54/><G95/><T22/><D22/><AGARI ba="0,1" hai="3,6,8,13,19,22,25,30,35,46,50,54,104,107" machi="22" ten="30,7700,0" yaku="7,1,24,2,52,1" doraHai="10" who="3" fromWho="0" sc="240,-77,250,0,250,0,250,87" /><INIT seed="1,0,0,4,1,83" ten="163,250,250,337" oya="1" hai0="102,128,108,53,121,127,122,113,111,93,21,133,2" hai1="50,23,135,24,54,131,15,115,35,38,80,30,12" hai2="9,74,64,124,70,123,82,105,116,101,81,5,26" hai3="45,37,112,84,77,103,89,42,10,34,41,17,22"/><U95/><E38/><V90/><F116/><W87/><G34/><T114/><D2/><U43/><E115/><N who="0" m="44041" /><D21/><U110/><E131/><V8/><F64/><W16/><G112/><T28/><D28/><U71/><E135/><V63/><F26/><W66/><G66/><T134/><D53/><U7/><E71/><V73/><F70/><W79/><G103/><T47/><D47/><U14/><E110/><N who="0" m="42025" /><D93/><U118/><E118/><V126/><F63/><W106/><G106/><T51/><D51/><U132/><E132/><N who="0" m="50793" /><D102/><U20/><E43/><N who="3" m="16394" /><G45/><T55/><D55/><U13/><E7/><V65/><F65/><W92/><G37/><T94/><D94/><U104/><E104/><V130/><F101/><W19/><G22/><T68/><D68/><U107/><E107/><V33/><F105/><W1/><G1/><T75/><D75/><U99/><E80/><V59/><F33/><W97/><G10/><T86/><D86/><AGARI ba="0,0" hai="16,17,19,77,79,84,86,87,89,92,97" m="16394" machi="86" ten="30,8000,1" yaku="8,1,52,3,54,1" doraHai="83" who="3" fromWho="0" sc="163,-80,250,0,250,0,337,80" /><INIT seed="2,0,0,2,1,76" ten="83,250,250,417" oya="2" hai0="132,13,44,84,95,101,5,100,68,36,40,57,4" hai1="6,51,3,32,63,65,39,92,109,56,28,22,117" hai2="82,37,126,102,130,96,55,71,106,17,105,122,124" hai3="46,14,97,98,90,103,58,23,61,34,131,114,7"/><V66/><F37/><W129/><G34/><T118/><D68/><U47/><E32/><V128/><F122/><W69/><G69/><T79/><D79/><U75/><E39/><V125/><F55/><W121/><G121/><T120/><D120/><U52/><E117/><V123/><F17/><W93/><G46/><T27/><D118/><U24/><E109/><V127/><F123/><W67/><G114/><T53/><D27/><U89/><E75/><V73/><F66/><W21/><G7/><T41/><D41/><U107/><E107/><N who="2" m="63943" /><F71/><W112/><G112/><T10/><D5/><U135/><E135/><V70/><F70/><W2/><G2/><T74/><D74/><U48/><E48/><V85/><F73/><W42/><G42/><T0/><D0/><U1/><REACH who="1" step="1"/><E6/><REACH who="1" ten="83,240,250,417" step="2"/><V8/><F124/><W94/><G129/><N who="2" m="49769" /><F8/><W78/><G131/><T81/><D132/><U119/><E119/><V115/><F115/><W11/><G78/><AGARI ba="0,1" hai="78,82,85,105,106,125,126,127" m="49769,63943" machi="78" ten="40,12000,1" yaku="18,1,19,1,34,2,52,1" doraHai="76" who="2" fromWho="3" sc="83,0,240,0,250,130,417,-120" /><INIT seed="2,1,0,0,4,129" ten="83,240,380,297" oya="2" hai0="48,5,82,62,71,39,107,99,123,93,11,40,81" hai1="124,97,120,67,69,24,75,98,37,77,106,49,101" hai2="17,72,21,34,89,64,56,63,54,16,23,133,130" hai3="86,26,103,44,111,25,113,31,18,132,65,83,84"/><V57/><F72/><W91/><G111/><T9/><D107/><U119/><E119/><V2/><F2/><W42/><G113/><T41/><D39/><U105/><E120/><V125/><F34/><W0/><G0/><T6/><D123/><U78/><E37/><V122/><F130/><W68/><G103/><T45/><D71/><U66/><E124/><V94/><F125/><W126/><G126/><T100/><D62/><U47/><E24/><V4/><F4/><W1/><G1/><T8/><REACH who="0" step="1"/><D41/><REACH who="0" ten="73,240,380,297" step="2"/><U50/><E69/><V28/><F122/><W7/><G68/><T61/><D61/><U90/><E105/><V104/><F104/><W102/><G42/><T51/><D51/><U35/><E106/><V58/><F64/><W38/><G65/><T30/><D30/><U73/><E47/><V15/><F28/><W52/><G31/><T116/><D116/><U29/><E29/><V87/><REACH who="2" step="1"/><F133/><REACH who="2" ten="73,240,370,297" step="2"/><W3/><G18/><T20/><D20/><U96/><E67/><V109/><F109/><W128/><G7/><AGARI ba="1,2" hai="5,6,7,8,9,11,40,45,48,81,82,93,99,100" machi="7" ten="40,2600,0" yaku="1,1,8,1,53,0" doraHai="129" doraHaiUra="22" who="0" fromWho="3" sc="73,49,240,0,370,0,297,-29" /><INIT seed="3,0,0,1,3,116" ten="122,240,370,268" oya="3" hai0="14,8,101,130,113,104,112,58,124,109,10,55,62" hai1="29,88,111,94,134,66,18,2,89,41,47,6,107" hai2="119,117,70,96,92,33,71,43,120,69,98,46,49" hai3="75,5,91,131,16,39,40,0,65,60,24,82,30"/><W128/><G5/><T53/><D104/><U63/><E107/><V11/><F33/><W68/><G0/><T28/><D101/><U12/><E111/><V133/><F133/><W44/><G16/><T105/><D105/><U126/><E134/><V25/><F25/><W95/><G82/><T78/><D78/><U85/><E126/><V35/><F35/><W32/><REACH who="3" step="1"/><G75/><REACH who="3" ten="122,240,370,258" step="2"/><T108/><D108/><U110/><E110/><V118/><F92/><W76/><G76/><T97/><D109/><U86/><E2/><V52/><F11/><W127/><G127/><T79/><D10/><U17/><E6/><V22/><F22/><W23/><G23/><T81/><D124/><U93/><E29/><V123/><F98/><AGARI ba="0,1" hai="24,30,32,39,40,44,60,65,68,91,95,98,128,131" machi="98" ten="40,2000,0" yaku="1,1,53,0" doraHai="116" doraHaiUra="83" who="3" fromWho="2" sc="122,0,240,0,370,-20,258,30" /><INIT seed="3,1,0,0,1,74" ten="122,240,350,288" oya="3" hai0="27,90,80,132,11,39,77,63,116,96,95,115,81" hai1="75,24,111,36,89,118,64,5,43,8,83,121,29" hai2="56,106,44,72,47,37,124,58,117,88,122,127,2" hai3="30,57,134,23,45,94,50,59,109,6,78,128,26"/><W125/><G125/><N who="2" m="48201" /><F2/><W93/><G6/><T21/><D39/><U97/><E118/><V98/><F72/><W40/><G128/><T107/><D116/><U1/><E121/><V18/><F117/><W119/><G119/><T133/><D107/><U130/><E130/><V31/><F31/><W61/><G134/><T82/><D115/><U25/><E111/><V86/><F18/><W62/><G109/><T3/><D63/><U9/><E64/><V71/><F71/><W52/><REACH who="3" step="1"/><G78/><REACH who="3" ten="122,240,350,278" step="2"/><T48/><D133/><U73/><E5/><V13/><F122/><W70/><G70/><T34/><D132/><U49/><E1/><V99/><F37/><W4/><G4/><T103/><D77/><U10/><E36/><V28/><F28/><W114/><G114/><T131/><D131/><U46/><E29/><V12/><F106/><W69/><G69/><T68/><D3/><U65/><E75/><V92/><F13/><W91/><G91/><T67/><D90/><U32/><E73/><V100/><F12/><W0/><G0/><T19/><D68/><U126/><E126/><V17/><F17/><W20/><G20/><T108/><D108/><U54/><E32/><V110/><F110/><W42/><G42/><T15/><D34/><U87/><E43/><V41/><F41/><W84/><G84/><T53/><D15/><U60/><E97/><V104/><F86/><W112/><G112/><T66/><REACH who="0" step="1"/><D11/><REACH who="0" ten="112,240,350,278" step="2"/><U123/><E123/><V22/><F22/><W135/><G135/><T113/><D113/><U101/><E101/><V79/><F79/><W51/><G51/><RYUUKYOKU ba="1,2" sc="112,0,240,0,350,0,278,0" hai0="19,21,27,48,53,66,67,80,81,82,95,96,103" hai1="8,9,10,24,25,46,49,54,60,65,83,87,89" hai2="44,47,56,58,88,92,98,99,100,104" hai3="23,26,30,40,45,50,52,57,59,61,62,93,94" /><INIT seed="3,2,2,1,0,57" ten="112,240,350,278" oya="3" hai0="29,52,55,4,17,114,11,81,39,90,126,59,27" hai1="60,109,80,92,120,46,79,121,22,45,61,116,93" hai2="33,25,62,103,15,82,47,75,91,35,53,101,23" hai3="13,122,31,76,10,98,50,5,111,132,54,96,37"/><W84/><G122/><T128/><D39/><U112/><E109/><V134/><F134/><W94/><G37/><T49/><D126/><U118/><E112/><V44/><F35/><W69/><G69/><T24/><D114/><U65/><E22/><V58/><F33/><W1/><G1/><T32/><D128/><U78/><E80/><V36/><F15/><W106/><G106/><T16/><D27/><U88/><E88/><V74/><F74/><W127/><G132/><T99/><D55/><U12/><E12/><V63/><F36/><W19/><G127/><T9/><D9/><U48/><E48/><N who="2" m="28807" /><F58/><N who="3" m="33111" /><G111/><T21/><D32/><U72/><E65/><V71/><F71/><W68/><G68/><T95/><REACH who="0" step="1"/><D81/><REACH who="0" ten="102,240,350,278" step="2"/><U42/><E42/><V110/><F110/><W100/><G31/><T8/><D8/><U67/><E67/><V129/><F129/><W104/><G104/><T41/><D41/><U30/><E30/><N who="2" m="17727" /><F75/><AGARI ba="2,3" hai="45,46,60,61,72,75,78,79,92,93,116,118,120,121" machi="75" ten="25,6400,0" yaku="22,2,52,2" doraHai="57" who="1" fromWho="2" sc="102,0,240,100,350,-70,278,0" /><INIT seed="4,0,0,0,3,124" ten="102,340,280,278" oya="0" hai0="102,129,40,80,113,46,73,93,91,98,77,97,25" hai1="81,26,99,119,100,126,28,130,120,76,65,14,118" hai2="132,27,50,41,95,64,8,133,70,39,57,0,10" hai3="96,86,12,55,24,105,67,43,101,56,68,7,108"/><T30/><D113/><U69/><E120/><V109/><F109/><W51/><G108/><T42/><D46/><U114/><E126/><V4/><F10/><W59/><G43/><T17/><D17/><U44/><E114/><V115/><F115/><W72/><G72/><T3/><D3/><U121/><E121/><V20/><F70/><W18/><G7/><T103/><D102/><U33/><E14/><V116/><F39/><W88/><G68/><T47/><D47/><U37/><E130/><V82/><F82/><W9/><G24/><T85/><D98/><U38/><E81/><V21/><F21/><W15/><G15/><T106/><REACH who="0" step="1"/><D129/><REACH who="0" ten="92,340,280,278" step="2"/><U49/><E44/><V1/><F0/><W78/><G96/><T89/><D89/><U19/><E99/><V34/><F34/><AGARI ba="0,1" hai="25,30,34,40,42,73,77,80,85,91,93,97,103,106" machi="34" ten="30,11600,0" yaku="1,1,7,1,24,2,53,0" doraHai="124" doraHaiUra="135" who="0" fromWho="2" sc="92,126,340,0,280,-116,278,0" /><INIT seed="4,1,0,4,5,106" ten="218,340,164,278" oya="0" hai0="15,134,87,115,117,9,20,120,99,124,86,67,121" hai1="3,13,112,32,7,63,21,48,45,125,39,47,83" hai2="118,22,60,11,91,129,92,81,113,49,51,89,79" hai3="105,50,62,108,116,5,19,2,40,97,85,75,24"/><T12/><D117/><U26/><E39/><V133/><F118/><W42/><G116/><T135/><D67/><U122/><E122/><N who="0" m="47209" /><D99/><U123/><E32/><V56/><F11/><W31/><G2/><T54/><D54/><U66/><E123/><V59/><F59/><W103/><G5/><T93/><D93/><U77/><E3/><V73/><F91/><W102/><G102/><T46/><D46/><U16/><E125/><V55/><F133/><N who="0" m="50698" /><D124/><U58/><E112/><V23/><F129/><W132/><G132/><T4/><D115/><U127/><E127/><V29/><F113/><W1/><G1/><T130/><D130/><U74/><E7/><V65/><F29/><W17/><G50/><T28/><D28/><U64/><E64/><V80/><F80/><W110/><G85/><T41/><D41/><U35/><E35/><V37/><F37/><W57/><G75/><T72/><D72/><U88/><E26/><V44/><REACH who="2" step="1"/><F51/><REACH who="2" ten="218,340,154,278" step="2"/><W27/><G103/><T109/><D109/><U114/><E114/><V131/><F131/><W38/><G108/><T53/><D9/><U10/><E10/><V36/><F36/><W76/><G38/><T14/><D4/><U96/><E48/><V107/><F107/><W69/><G110/><T18/><D87/><AGARI ba="1,1" hai="22,23,44,49,55,56,60,65,73,79,81,87,89,92" machi="87" ten="30,7700,0" yaku="1,1,7,1,52,1,53,1" doraHai="106" doraHaiUra="43" who="2" fromWho="0" sc="218,-80,340,0,154,90,278,0" /><INIT seed="5,0,0,4,5,88" ten="138,340,244,278" oya="1" hai0="36,118,69,81,74,132,92,83,65,45,22,9,72" hai1="106,57,38,96,59,94,120,35,49,91,87,15,53" hai2="39,8,37,71,56,29,43,125,79,124,129,21,58" hai3="102,32,3,11,42,104,135,24,30,119,19,78,28"/><U130/><E38/><N who="2" m="14347" /><F79/><W5/><G42/><T27/><D118/><U50/><E120/><V76/><F76/><W111/><G111/><T115/><D115/><U68/><E130/><V122/><F8/><W107/><G78/><T6/><D132/><U67/><E35/><V4/><F4/><W108/><G108/><T103/><D69/><U0/><E0/><V117/><F117/><W99/><G119/><T31/><D65/><U26/><E68/><V34/><F21/><W121/><G121/><T101/><D101/><U123/><E123/><V112/><F122/><W60/><G135/><T52/><D36/><U48/><E26/><V2/><F2/><W77/><G77/><T100/><D100/><U97/><E106/><V98/><F98/><N who="1" m="37993" /><E15/><V114/><F43/><W66/><G30/><T131/><D131/><U23/><E23/><V7/><F7/><W86/><G19/><T18/><D18/><U12/><E12/><V10/><F10/><W93/><REACH who="3" step="1"/><G86/><REACH who="3" ten="138,340,244,268" step="2"/><T25/><D74/><U95/><E87/><V40/><F129/><W90/><G90/><T113/><D72/><U14/><E91/><V46/><F29/><W1/><G1/><T13/><D113/><N who="2" m="43626" /><F34/><W62/><G62/><T80/><D31/><U51/><E14/><V44/><F40/><W134/><G134/><T64/><D22/><U84/><E84/><V73/><F73/><W61/><G61/><AGARI ba="0,1" hai="48,49,50,51,53,57,59,61,67,94,95" m="37993" machi="61" ten="30,5800,0" yaku="8,1,52,2" doraHai="88" who="1" fromWho="3" sc="138,0,340,68,244,0,268,-58" /><INIT seed="5,1,0,0,1,15" ten="138,408,244,210" oya="1" hai0="45,48,54,107,102,16,135,97,12,98,79,50,125" hai1="101,73,75,66,99,8,130,132,40,61,72,49,128" hai2="129,121,74,19,30,134,42,55,126,10,36,69,81" hai3="76,71,18,95,64,118,133,58,122,68,57,131,112"/><U38/><E38/><V88/><F69/><W13/><G122/><T80/><D135/><U84/><E132/><V43/><F134/><W33/><G33/><T53/><D125/><U62/><E84/><V114/><F129/><N who="1" m="49769" /><E8/><V96/><F126/><W108/><G118/><T9/><D107/><N who="1" m="63935" /><E66/><V26/><F36/><W7/><G133/><T60/><D102/><U23/><E23/><N who="2" m="15711" /><F114/><W47/><G112/><T27/><D27/><U28/><E28/><V4/><F74/><W39/><G39/><T115/><D115/><U46/><AGARI ba="1,0" hai="40,46,49,61,62,72,73,75" m="63935,49769" machi="46" ten="40,2100,0" yaku="19,1" doraHai="15" who="1" fromWho="1" sc="138,-8,408,24,244,-8,210,-8" /><INIT seed="5,2,0,3,1,79" ten="130,432,236,202" oya="1" hai0="103,59,88,19,47,129,105,30,39,119,31,21,42" hai1="89,20,115,92,29,66,128,81,6,98,126,130,83" hai2="100,102,5,71,86,93,50,73,65,133,37,116,15" hai3="110,122,2,77,49,43,106,127,46,54,72,8,82"/><U34/><E34/><V64/><F37/><W1/><G122/><T132/><D119/><U3/><E115/><V41/><F71/><W33/><G33/><T135/><D129/><N who="1" m="49771" /><E126/><V117/><F73/><W70/><G110/><T45/><D47/><U52/><E66/><N who="2" m="25707" /><F133/><W35/><G35/><T95/><D59/><U38/><E38/><V67/><F67/><W48/><G70/><T32/><D32/><U104/><E104/><V91/><F117/><W9/><G106/><T53/><D53/><U118/><E118/><V84/><F116/><W63/><G63/><T36/><D36/><U120/><E120/><V90/><F5/><W125/><G2/><T96/><D135/><U56/><E6/><V111/><F111/><W99/><G99/><T131/><D131/><U27/><E3/><V114/><F15/><W40/><G40/><T0/><D0/><U80/><E80/><N who="2" m="49415" /><F114/><W108/><G108/><T113/><D113/><U87/><E98/><V101/><F100/><W7/><REACH who="3" step="1"/><G8/><REACH who="3" ten="130,432,236,192" step="2"/><T26/><REACH who="0" step="1"/><D132/><REACH who="0" ten="120,432,236,192" step="2"/><U22/><E22/><V4/><F41/><W68/><G68/><T12/><D12/><U28/><E20/><V107/><F107/><W78/><G78/><T60/><D60/><N who="1" m="35847" /><E27/><V134/><F134/><W11/><G11/><T18/><D18/><U55/><E55/><V123/><F123/><W76/><G76/><T44/><D44/><AGARI ba="2,2" hai="1,7,9,43,44,46,48,49,54,72,77,82,125,127" machi="44" ten="40,2600,0" yaku="1,1,52,1,53,0" doraHai="79" doraHaiUra="14" who="3" fromWho="0" sc="120,-32,432,0,236,0,192,52" /><INIT seed="6,0,0,4,2,89" ten="88,432,236,244" oya="2" hai0="115,29,31,95,0,51,78,38,129,44,22,81,57" hai1="20,123,102,62,10,32,27,101,72,111,98,104,68" hai2="9,17,130,7,46,128,8,33,11,37,15,103,83" hai3="60,106,56,77,69,53,82,124,6,54,127,25,85"/><V12/><F103/><W132/><G106/><T3/><D129/><N who="2" m="49770" /><F83/><W23/><G69/><T79/><D115/><U41/><E72/><V36/><F46/><W59/><G132/><T87/><D38/><N who="2" m="14954" /><F33/><W75/><G75/><T86/><D57/><U39/><E102/><V122/><F122/><W119/><G119/><T21/><D81/><U1/><E32/><V134/><F134/><W48/><REACH who="3" step="1"/><G6/><REACH who="3" ten="88,432,236,234" step="2"/><T110/><D110/><U42/><E111/><V49/><F49/><W112/><G112/><T92/><REACH who="0" step="1"/><D51/><REACH who="0" ten="78,432,236,234" step="2"/><U117/><E39/><V107/><F107/><W43/><G43/><T2/><D2/><U66/><E42/><V100/><F7/><W120/><G120/><T28/><D28/><AGARI ba="0,2" hai="23,25,28,48,53,54,56,59,60,77,82,85,124,127" machi="28" ten="40,2600,0" yaku="1,1,53,1" doraHai="89" doraHaiUra="76" who="3" fromWho="0" sc="78,-26,432,0,236,0,234,46" /><INIT seed="7,0,0,2,3,105" ten="52,432,236,280" oya="3" hai0="80,9,116,118,82,98,5,16,21,51,74,59,123" hai1="122,65,109,92,29,95,81,23,53,44,25,111,91" hai2="88,67,46,19,13,7,56,58,41,77,112,17,2" hai3="30,35,34,48,55,64,94,119,78,93,125,0,37"/><W120/><G120/><T107/><D123/><U76/><E122/><V50/><F77/><W15/><G119/><T99/><D107/><U49/><E65/><V1/><F112/><W52/><G37/><T61/><D51/><U85/><E95/><V102/><F102/><W57/><G0/><T104/><D104/><U63/><E63/><V84/><F19/><W113/><G34/><T12/><D82/><U101/><E101/><V115/><F115/><W6/><G64/><T32/><D32/><U86/><AGARI ba="0,0" hai="23,25,29,44,49,53,76,81,85,86,91,92,109,111" machi="86" ten="20,1500,0" yaku="0,1,7,1" doraHai="105" who="1" fromWho="1" sc="52,-4,432,15,236,-4,280,-7" owari="48,-45.0,447,55.0,232,-17.0,273,7.0" /></mjloggm>