<mjloggm ver="2.3"><GO type="41" lobby="0"/><UN n0="%E5%B9%BB%E3%81%AE%E7%90%83%2E" n1="%54%61%72%6F%50%61%70%61" n2="%73%6C%30%31" n3="%E5%B0%B1%E6%B4%BB%E7%94%9F%40%E5%B7%9D%E6%9D%91%E8%BB%8D%E5%9B%A3" dan="14,17,14,15" rate="1940.23,2148.32,1854.54,1972.63" sx="M,M,M,M"/><TAIKYOKU oya="0"/><INIT seed="0,0,0,2,2,92" ten="250,250,250,250" oya="0" hai0="95,84,15,63,10,31,16,18,22,126,105,71,133" hai1="115,47,104,49,39,88,103,72,64,30,36,111,75" hai2="93,110,65,68,80,38,108,25,21,48,3,91,69" hai3="79,135,100,54,77,34,53,7,29,11,96,6,125"/><T122/><D105/><U94/><E111/><V101/><F38/><W4/><G135/><T19/><D122/><U8/><E115/><V120/><F120/><W89/><G125/><T87/><D133/><U1/><E64/><V83/><F3/><W0/><G0/><T51/><D126/><U2/><E30/><V57/><F101/><W106/><G11/><T128/><D128/><U119/><E119/><V73/><F73/><W60/><G89/><T118/><D118/><U32/><E32/><V102/><F102/><W26/><REACH who="3" step="1"/><G60/><REACH who="3" ten="250,250,250,240" step="2"/><T112/><D112/><U70/><E1/><V81/><F108/><W41/><G41/><T37/><D10/><U124/><E124/><V61/><F110/><W50/><G50/><T40/><D37/><U113/><E39/><V116/><F48/><W62/><G62/><T131/><D40/><U44/><E36/><V14/><F116/><W78/><AGARI ba="0,1" hai="4,6,7,26,29,34,53,54,77,78,79,96,100,106" machi="78" ten="30,4000,0" yaku="1,1,0,1,52,1,53,0" doraHai="92" doraHaiUra="56" who="3" fromWho="3" sc="250,-20,250,-10,250,-10,240,50" /><INIT seed="1,0,0,3,2,34" ten="230,240,240,290" oya="1" hai0="17,69,38,54,70,101,75,117,89,110,3,30,6" hai1="51,27,74,131,12,114,129,25,106,79,65,55,16" hai2="61,76,127,104,22,121,123,77,133,1,11,62,111" hai3="80,134,15,93,95,126,57,112,23,42,119,116,71"/><U28/><E114/><V24/><F104/><W48/><G71/><T130/><D38/><U9/><E106/><V63/><F111/><W99/><G112/><T94/><D75/><U14/><E65/><V84/><F133/><W41/><G134/><T97/><D117/><N who="3" m="45129" /><G80/><T26/><D17/><U59/><E79/><V128/><F128/><N who="1" m="49225" /><E74/><V88/><F127/><W105/><G105/><T120/><D110/><U64/><E64/><V115/><F115/><W86/><G86/><T13/><D130/><U103/><E103/><V135/><F135/><W125/><G57/><T45/><D101/><U46/><E12/><V47/><F47/><N who="3" m="25711" /><G42/><T108/><D13/><U2/><E46/><V35/><F35/><W5/><G95/><T0/><D108/><U53/><E53/><V36/><F36/><W10/><G23/><T32/><D120/><U52/><E55/><V78/><F121/><W92/><G92/><T58/><D45/><U109/><E109/><V81/><F123/><W100/><AGARI ba="0,0" hai="5,10,15,93,99,100,125,126" m="25711,45129" machi="100" ten="30,1100,0" yaku="12,1" doraHai="34" who="3" fromWho="3" sc="230,-3,240,-5,240,-3,290,11" /><INIT seed="2,0,0,2,3,103" ten="227,235,237,301" oya="2" hai0="64,46,76,12,51,92,29,47,24,104,36,115,38" hai1="90,63,100,7,121,44,68,0,91,124,126,21,102" hai2="39,107,97,83,10,49,132,106,56,13,33,23,19" hai3="18,54,88,62,32,17,113,110,37,71,105,14,58"/><V67/><F33/><W82/><G113/><T59/><D76/><U34/><E34/><V75/><F39/><W81/><G32/><T11/><D115/><U108/><E108/><V66/><F66/><W72/><G37/><T93/><D36/><U112/><E112/><V125/><F97/><W99/><G110/><T41/><D104/><U134/><E7/><V22/><F22/><W52/><G71/><T128/><D128/><U78/><E78/><V98/><F98/><W40/><G40/><T5/><D64/><U95/><E63/><V27/><F125/><W69/><G69/><T16/><D59/><U48/><E0/><V65/><F65/><W80/><G72/><T79/><D79/><U60/><E60/><V73/><F132/><W122/><G122/><T109/><D5/><U55/><E68/><V50/><F50/><W77/><G77/><T118/><D118/><U30/><E134/><V86/><F75/><W3/><G3/><T87/><D87/><U101/><E121/><V131/><F73/><W117/><G117/><T25/><D25/><N who="1" m="16687" /><E95/><V120/><F120/><W9/><G54/><N who="0" m="30071" /><D109/><U61/><E61/><N who="2" m="38311" /><F107/><W26/><G105/><T45/><D45/><U133/><E133/><V84/><F106/><W114/><G114/><T28/><D28/><U74/><E74/><V57/><F83/><W42/><G42/><T119/><D119/><U53/><E53/><N who="2" m="31919" /><F131/><W94/><G80/><T89/><D89/><N who="1" m="33803" /><E126/><V130/><F130/><W116/><G116/><T6/><D6/><AGARI ba="0,0" hai="6,10,13,19,23,27,84,86" m="31919,38311" machi="6" ten="30,1500,0" yaku="8,1" doraHai="103" who="2" fromWho="0" sc="227,-15,235,0,237,15,301,0" /><INIT seed="2,1,0,3,2,107" ten="212,235,252,301" oya="2" hai0="74,63,113,67,13,48,32,65,30,118,8,114,7" hai1="42,77,95,40,26,89,121,49,110,109,101,135,82" hai2="37,23,41,33,124,9,38,102,127,34,125,123,115" hai3="50,94,68,5,21,14,10,0,56,57,4,100,44"/><V18/><F115/><W12/><G68/><T69/><D67/><U29/><E135/><V20/><F123/><W11/><G0/><T92/><D118/><U128/><E128/><V31/><F102/><W103/><G21/><N who="2" m="8265" /><F41/><W97/><REACH who="3" step="1"/><G103/><REACH who="3" ten="212,235,252,291" step="2"/><T96/><D114/><U61/><E101/><V1/><F31/><W93/><G93/><T46/><D113/><U116/><E121/><V85/><F1/><W71/><G71/><T78/><D30/><U80/><E116/><V6/><F6/><W45/><G45/><T24/><D32/><U39/><E109/><V112/><F112/><W35/><G35/><T134/><D134/><U51/><E110/><V73/><F34/><W17/><G17/><T62/><D69/><U117/><E117/><V81/><F33/><W36/><G36/><N who="2" m="13929" /><F18/><W108/><G108/><T47/><D47/><U87/><E29/><V25/><F9/><W59/><G59/><T83/><D24/><U43/><E26/><V3/><F25/><W105/><G105/><T99/><D92/><U72/><E39/><V58/><F3/><W88/><G88/><T75/><D7/><U22/><E22/><V53/><F58/><W66/><G66/><T106/><D65/><U54/><E95/><V79/><F53/><AGARI ba="1,1" hai="4,5,10,11,12,14,44,50,53,56,57,94,97,100" machi="53" ten="30,7700,0" yaku="1,1,7,1,9,1,8,1,53,0" doraHai="107" doraHaiUra="130" who="3" fromWho="2" sc="212,0,235,0,252,-80,291,90" /><INIT seed="3,0,0,0,1,105" ten="212,235,172,381" oya="3" hai0="82,10,131,58,11,115,37,85,72,96,126,31,116" hai1="98,107,74,60,76,54,61,104,65,81,84,119,86" hai2="48,22,124,123,5,28,16,12,45,102,49,27,75" hai3="83,88,4,97,120,101,7,6,30,63,93,71,67"/><W55/><G120/><T19/><D116/><U100/><E119/><V51/><F123/><W14/><G30/><T79/><D37/><U80/><E54/><V26/><F124/><W133/><G133/><T21/><D126/><U69/><E60/><V52/><F75/><W43/><G43/><T87/><D131/><U33/><E107/><V95/><F5/><W129/><G129/><T108/><D115/><U39/><E39/><V121/><F121/><W94/><G83/><T53/><D31/><U3/><E3/><V38/><F38/><W103/><G55/><T64/><D64/><U113/><E113/><V23/><F27/><W8/><REACH who="3" step="1"/><G101/><REACH who="3" ten="212,235,172,371" step="2"/><T66/><D66/><U77/><REACH who="1" step="1"/><E33/><REACH who="1" ten="212,225,172,371" step="2"/><V127/><REACH who="2" step="1"/><F127/><REACH who="2" ten="212,225,162,371" step="2"/><W125/><G125/><T36/><D36/><U90/><E90/><V56/><F56/><W15/><G15/><T46/><D58/><U89/><E89/><V68/><F68/><W128/><G128/><T57/><D57/><U111/><E111/><V35/><F35/><W70/><G70/><T118/><D108/><U130/><E130/><V114/><F114/><W1/><G1/><T13/><D118/><U50/><E50/><V29/><F29/><W73/><G73/><AGARI ba="0,3" hai="61,65,69,73,74,76,77,80,81,84,86,98,100,104" machi="73" ten="30,8000,1" yaku="1,1,7,1,9,1,52,2,53,0" doraHai="105" doraHaiUra="17" who="1" fromWho="3" sc="212,0,225,110,162,0,371,-80" /><INIT seed="4,0,0,5,4,77" ten="212,335,162,291" oya="0" hai0="127,94,78,15,122,90,86,56,23,129,20,62,24" hai1="44,97,49,48,36,109,11,101,32,115,9,67,0" hai2="71,25,5,79,92,130,54,102,99,135,46,35,85" hai3="80,53,123,55,113,107,111,104,118,74,13,106,121"/><T16/><D122/><N who="3" m="46601" /><G113/><T128/><D127/><U72/><E109/><V51/><F130/><N who="0" m="50282" /><D78/><U45/><E32/><V87/><F135/><W60/><G111/><T117/><D117/><U66/><E36/><V89/><F71/><W31/><G118/><T41/><D41/><U81/><E115/><V30/><F5/><W34/><G34/><T12/><D20/><U116/><E116/><V18/><F79/><N who="3" m="44151" /><G31/><T133/><D133/><U131/><E131/><V75/><F75/><W112/><G112/><T59/><D59/><U2/><E97/><V47/><F18/><W3/><G3/><T73/><D73/><U100/><E72/><V40/><REACH who="2" step="1"/><F102/><REACH who="2" ten="212,335,152,291" step="2"/><W7/><G60/><T26/><D26/><U43/><REACH who="1" step="1"/><E43/><REACH who="1" ten="212,325,152,291" step="2"/><V95/><F95/><W132/><G132/><T65/><AGARI ba="0,2" hai="12,15,16,23,24,56,62,65,86,90,94" m="50282" machi="65" ten="30,3000,0" yaku="19,1,54,1" doraHai="77" who="0" fromWho="0" sc="212,50,325,-10,152,-10,291,-10" /><INIT seed="4,1,0,1,4,14" ten="262,315,142,281" oya="0" hai0="13,94,125,84,2,50,20,32,80,127,39,90,73" hai1="101,68,135,19,79,115,11,48,100,15,65,87,7" hai2="104,31,26,123,34,88,49,46,5,24,22,55,8" hai3="41,25,62,105,71,96,119,85,18,121,60,92,43"/><T45/><D32/><U52/><E68/><V16/><F123/><W9/><G119/><T1/><D39/><U81/><E135/><V120/><F120/><W107/><G121/><T129/><D129/><U57/><E115/><V109/><F109/><W99/><G71/><T126/><D13/><U0/><E65/><V36/><F104/><W37/><G37/><T12/><D12/><U122/><E122/><V97/><F36/><W106/><G85/><N who="0" m="52559" /><D20/><AGARI ba="1,0" hai="0,7,11,15,19,20,48,52,57,79,81,87,100,101" machi="20" ten="30,3900,0" yaku="7,1,52,1,54,1" doraHai="14" who="1" fromWho="0" sc="262,-42,315,42,142,0,281,0" /><INIT seed="5,0,0,5,1,130" ten="220,357,142,281" oya="1" hai0="24,101,33,135,82,50,70,27,107,28,48,19,120" hai1="98,23,94,52,87,105,30,62,134,58,29,118,6" hai2="133,103,129,43,67,34,25,132,44,68,5,1,110" hai3="65,10,53,9,115,76,47,4,99,22,95,45,81"/><U77/><E118/><V46/><F129/><W21/><G115/><T124/><D124/><U18/><E134/><N who="2" m="51819" /><F110/><W20/><G65/><T72/><D19/><U42/><E6/><V2/><F103/><W36/><G36/><T12/><D12/><U37/><E37/><N who="2" m="21615" /><F46/><W41/><G53/><T109/><D135/><U55/><E42/><V64/><F5/><W78/><G41/><T91/><D109/><U8/><E8/><N who="3" m="3178" /><G4/><T85/><D101/><U7/><E7/><V57/><F68/><W123/><G123/><T97/><D70/><U16/><E105/><V32/><F32/><W15/><G15/><T49/><D24/><N who="1" m="14439" /><E18/><V131/><F131/><W93/><G81/><T39/><D39/><U84/><E55/><V122/><F122/><W26/><G26/><T17/><D17/><U125/><E125/><V61/><F67/><W66/><G66/><T100/><D120/><U113/><E113/><V69/><F69/><W31/><G31/><AGARI ba="0,0" hai="1,2,25,31,34,57,61,64" m="21615,51819" machi="31" ten="30,7700,0" yaku="20,1,52,3" doraHai="130" who="2" fromWho="3" sc="220,0,357,0,142,77,281,-77" /><INIT seed="6,0,0,1,3,97" ten="220,357,219,204" oya="2" hai0="25,57,83,130,108,59,89,118,24,18,87,84,62" hai1="88,1,5,58,32,105,0,78,61,107,65,56,131" hai2="79,39,17,40,104,115,134,31,26,111,66,102,133" hai3="34,132,13,125,50,54,16,73,113,127,8,119,37"/><V114/><F79/><W22/><G37/><T28/><D108/><U4/><E131/><V123/><F123/><W106/><G34/><T38/><D38/><U101/><E78/><V35/><F111/><W52/><G73/><T85/><D130/><U81/><E32/><V12/><F66/><W96/><G119/><T36/><D36/><U75/><E75/><V71/><F71/><W51/><G132/><N who="2" m="50793" /><F40/><W69/><G113/><N who="2" m="43017" /><F39/><W95/><G69/><T33/><D118/><U45/><E1/><V116/><F104/><W63/><G106/><T90/><D57/><U82/><E107/><V109/><F109/><W93/><G63/><T48/><D48/><N who="3" m="18473" /><G8/><T74/><D74/><U30/><E0/><V3/><F102/><N who="3" m="60687" /><G95/><T42/><D42/><U53/><E101/><V122/><F3/><W94/><G94/><T41/><D41/><U43/><E105/><V121/><F116/><W15/><G15/><T19/><D90/><U117/><E82/><V23/><AGARI ba="0,0" hai="12,17,23,26,31,35,121,122" m="43017,50793" machi="23" ten="30,11700,0" yaku="20,1,15,1,34,2" doraHai="97" who="2" fromWho="2" sc="220,-39,357,-39,219,117,204,-39" /><INIT seed="6,1,0,3,0,86" ten="181,318,336,165" oya="2" hai0="73,114,85,79,103,90,81,8,121,38,101,42,18" hai1="23,127,11,39,107,122,57,6,27,64,46,16,70" hai2="120,131,1,29,135,41,25,93,117,92,91,95,36" hai3="3,15,100,105,52,112,76,129,65,83,130,40,26"/><V53/><F120/><W63/><G3/><T7/><D18/><U71/><E107/><V17/><F117/><W30/><G40/><T98/><D121/><U97/><E127/><V14/><F1/><W24/><G112/><T104/><D103/><U84/><E122/><V44/><F131/><N who="3" m="50187" /><G15/><T113/><D42/><U58/><E97/><V20/><F53/><W69/><G30/><T111/><D38/><U74/><E74/><V10/><REACH who="2" step="1"/><F135/><REACH who="2" ten="181,318,326,165" step="2"/><W132/><G132/><T4/><D111/><U88/><E64/><V37/><F37/><W115/><G115/><T51/><D114/><U28/><E39/><V2/><F2/><W0/><G0/><T119/><D113/><U62/><E62/><V102/><F102/><W80/><G52/><T59/><D119/><U50/><E50/><V55/><F55/><W96/><G80/><T32/><D51/><U75/><E46/><V56/><F56/><W31/><G31/><T67/><D59/><U78/><E58/><V106/><F106/><W72/><AGARI ba="1,1" hai="24,26,63,65,69,72,76,83,96,100,105" m="50187" machi="72" ten="30,1100,0" yaku="19,1" doraHai="86" who="3" fromWho="3" sc="181,-4,318,-4,326,-6,165,24" /><INIT seed="7,0,0,3,0,42" ten="177,314,320,189" oya="3" hai0="110,82,56,10,32,105,117,47,51,18,123,50,48" hai1="57,69,128,44,20,22,62,52,116,9,11,45,133" hai2="23,75,60,103,1,0,129,3,53,29,27,6,28" hai3="98,115,19,124,90,66,93,87,100,92,85,135,40"/><W89/><G115/><T102/><D117/><U114/><E69/><V70/><F75/><W76/><G135/><T97/><D110/><U5/><E128/><V79/><F79/><W16/><G124/><T109/><D109/><U24/><E133/><V12/><F103/><W68/><G76/><T71/><D71/><U61/><E116/><V59/><F70/><W4/><G4/><T17/><D123/><U91/><E114/><V126/><F29/><W107/><REACH who="3" step="1"/><G40/><REACH who="3" ten="177,314,320,179" step="2"/><T77/><D32/><U108/><E108/><V46/><F126/><W36/><G36/><T25/><D56/><U84/><E5/><V120/><F6/><W72/><G72/><T132/><D132/><U125/><E125/><V64/><F1/><W49/><G49/><T14/><D25/><U41/><E41/><V65/><F3/><W13/><G13/><T74/><REACH who="0" step="1"/><D18/><REACH who="0" ten="167,314,320,179" step="2"/><U131/><E24/><V21/><F27/><W88/><G88/><T31/><D31/><U111/><E111/><V78/><F28/><W119/><G119/><T58/><D58/><U127/><E127/><V73/><F59/><W63/><AGARI ba="0,2" hai="16,19,63,66,68,85,87,89,90,92,93,98,100,107" machi="63" ten="30,11700,0" yaku="1,1,0,1,9,1,54,1,53,0" doraHai="42" doraHaiUra="122" who="3" fromWho="3" sc="167,-39,314,-39,320,-39,179,137" owari="128,-37.0,275,-12.0,281,8.0,316,41.0" /></mjloggm>