<mjloggm ver="2.3"><GO type="97" lobby="0"/><UN n0="%54%69%65%72%73" n1="%6B%69%6E%6E%74%79%6F%75" n2="%E3%82%A6%E3%83%AB%E3%83%88%E3%83%A9%E7%AB%8B%E7%9B%B4" n3="%75%73%68%69%6B%6F" dan="15,13,14,15" rate="1930.04,1898.62,1972.83,2087.70" sx="M,M,M,M"/><TAIKYOKU oya="0"/><INIT seed="0,0,0,2,1,85" ten="250,250,250,250" oya="0" hai0="35,86,14,108,50,103,95,31,51,28,134,46,10" hai1="120,48,23,16,116,62,19,36,27,4,18,111,113" hai2="39,26,126,34,47,105,20,131,115,98,40,87,74" hai3="109,77,67,93,106,133,57,69,118,24,121,21,65"/><T135/><D35/><U75/><E120/><V42/><F74/><W90/><G106/><T82/><D108/><U52/><E116/><V107/><F115/><W112/><G118/><T12/><D135/><U32/><E75/><V38/><F34/><W130/><G112/><T94/><D134/><U17/><E36/><V91/><F126/><W45/><G69/><T66/><D66/><U6/><E113/><V59/><F59/><W129/><G133/><T70/><D70/><U125/><E125/><V30/><F131/><N who="3" m="50187" /><G109/><T33/><D33/><U63/><E32/><V56/><F56/><W58/><G45/><T41/><D51/><U88/><E111/><V123/><F123/><W114/><G114/><T124/><D124/><U8/><E8/><V78/><F78/><W100/><G100/><T71/><D71/><U119/><E119/><V22/><F22/><W84/><G121/><T54/><D41/><U1/><E1/><V44/><REACH who="2" step="1"/><F98/><REACH who="2" ten="250,250,240,250" step="2"/><N who="3" m="57655" /><G58/><T11/><D11/><U99/><E63/><V9/><F9/><W60/><G57/><T81/><D10/><U15/><E62/><V43/><F43/><W132/><G60/><T83/><D46/><N who="1" m="27671" /><E27/><V25/><F25/><W80/><G132/><T128/><D54/><U72/><E72/><V102/><F102/><W104/><G104/><T96/><D103/><U29/><E29/><AGARI ba="0,1" hai="21,24,29,65,67,77,80,84" m="57655,50187" machi="29" ten="30,2000,0" yaku="19,1,52,1" doraHai="85" who="3" fromWho="1" sc="250,0,250,-20,240,0,250,30" /><INIT seed="1,0,0,4,4,105" ten="250,230,240,280" oya="1" hai0="77,128,108,132,86,8,64,46,13,133,58,12,71" hai1="100,49,20,41,123,81,26,80,66,84,113,60,73" hai2="11,106,48,53,82,67,19,116,38,10,5,111,118" hai3="3,42,47,9,127,99,2,119,17,88,126,103,129"/><U83/><E123/><V91/><F106/><W6/><G103/><T21/><D71/><U16/><E113/><V74/><F38/><W78/><G78/><T22/><D108/><U94/><E73/><V24/><F67/><W109/><G109/><T97/><D128/><U25/><E25/><V92/><F111/><W69/><G69/><T18/><D46/><N who="1" m="25807" /><E100/><V37/><F37/><W33/><G33/><T30/><D97/><U54/><E94/><V112/><F112/><W75/><G75/><T62/><D30/><U121/><E121/><V135/><F135/><N who="0" m="51786" /><D13/><U50/><E60/><V51/><F51/><W55/><G55/><T114/><D114/><U98/><E66/><V70/><F70/><W56/><G56/><T28/><D28/><U52/><E98/><V29/><F53/><N who="1" m="20585" /><E50/><V93/><F48/><N who="3" m="26743" /><G3/><T45/><D45/><U59/><E59/><V7/><F93/><N who="3" m="56743" /><G119/><T34/><D34/><U117/><E117/><V134/><F116/><W107/><G107/><T125/><D125/><N who="3" m="47625" /><G129/><T122/><D122/><U1/><E1/><V120/><F118/><W102/><G102/><T76/><D76/><AGARI ba="0,0" hai="16,20,26,76,80,81,83,84" m="20585,25807" machi="76" ten="30,5800,0" yaku="8,1,54,2" doraHai="105" who="1" fromWho="0" sc="250,-58,230,58,240,0,280,0" /><INIT seed="1,1,0,2,1,81" ten="192,288,240,280" oya="1" hai0="3,21,73,118,103,11,51,30,110,4,49,44,75" hai1="88,74,26,34,13,120,121,55,107,80,90,25,116" hai2="123,0,125,36,42,76,99,45,115,17,54,114,122" hai3="113,69,15,94,84,86,46,133,24,96,102,98,77"/><U83/><E116/><V35/><F35/><W117/><G69/><T67/><D118/><U53/><E107/><V23/><F0/><W64/><G117/><T57/><D110/><U124/><E124/><V109/><F125/><W59/><G113/><N who="2" m="43017" /><F109/><W92/><G133/><T68/><D68/><U72/><REACH who="1" step="1"/><E13/><REACH who="1" ten="192,278,240,280" step="2"/><V100/><F122/><W135/><G15/><T85/><D3/><U62/><E62/><V105/><F123/><W89/><G24/><T41/><D49/><U82/><E82/><V65/><F105/><W97/><G135/><T104/><D104/><U126/><E126/><V87/><F36/><W29/><G29/><T78/><D30/><U63/><E63/><V32/><F32/><AGARI ba="1,1" hai="25,26,32,34,53,55,72,74,80,83,88,90,120,121" machi="32" ten="25,9600,0" yaku="1,1,22,2,54,1,53,0" doraHai="81" doraHaiUra="130" who="1" fromWho="2" sc="192,0,278,109,240,-99,280,0" /><INIT seed="1,2,0,2,5,40" ten="192,387,141,280" oya="1" hai0="23,10,114,109,105,98,78,126,3,108,50,53,1" hai1="46,39,117,85,133,104,9,25,43,55,124,21,16" hai2="91,5,59,2,36,62,51,52,113,7,26,70,77" hai3="65,89,88,73,48,35,101,60,17,125,110,58,99"/><U45/><E117/><V42/><F113/><W24/><G73/><T32/><D32/><U30/><E104/><V67/><F77/><W57/><G125/><T72/><D126/><U56/><E124/><V131/><F131/><W71/><G110/><N who="0" m="42603" /><D114/><U120/><E120/><V127/><F127/><W107/><G58/><N who="0" m="33079" /><D10/><U84/><E133/><V95/><F26/><W34/><G71/><T79/><D72/><U49/><E56/><V100/><F100/><W6/><G6/><T106/><D23/><U87/><REACH who="1" step="1"/><E9/><REACH who="1" ten="192,377,141,280" step="2"/><V28/><F2/><W128/><G128/><T31/><D106/><U47/><E47/><N who="2" m="24007" /><F28/><AGARI ba="2,1" hai="16,21,25,28,30,39,43,45,46,49,55,84,85,87" machi="28" ten="40,18000,2" yaku="1,1,52,2,54,1,53,2" doraHai="40" doraHaiUra="41" who="1" fromWho="2" sc="192,0,377,196,141,-186,280,0" owari="192,-21.0,573,68.0,-45,-55.0,280,8.0" /></mjloggm>