<mjloggm ver="2.3"><GO type="97" lobby="0"/><UN n0="%E3%83%9E%E3%83%8A%E3%83%96%E3%83%B3%2E%2E" n1="%E3%82%A6%E3%83%AB%E3%83%88%E3%83%A9%E7%AB%8B%E7%9B%B4" n2="%4D%61%6B%6F%74%6F%44%61" n3="%E9%9B%80%E9%AC%BC%EF%BC%9F" dan="14,13,14,14" rate="1884.12,1837.69,1943.11,1905.36" sx="M,M,M,M"/><TAIKYOKU oya="0"/><INIT seed="0,0,0,0,2,110" ten="250,250,250,250" oya="0" hai0="74,76,123,83,77,133,75,32,41,51,25,71,119" hai1="81,58,0,105,13,45,67,89,113,115,19,11,135" hai2="68,78,52,23,63,42,79,34,100,98,5,56,27" hai3="69,73,91,30,24,125,39,46,124,66,109,26,21"/><T15/><D119/><U9/><E105/><V120/><F120/><W37/><G109/><T101/><D15/><U43/><E135/><V14/><F42/><W96/><G73/><T28/><D123/><U49/><E89/><V17/><F68/><W87/><G96/><T84/><D84/><U94/><E94/><V6/><F6/><W59/><G69/><T16/><D101/><U70/><E81/><V18/><F5/><W40/><G26/><T93/><D93/><U64/><E58/><V7/><F7/><W62/><REACH who="3" step="1"/><G37/><REACH who="3" ten="250,250,250,240" step="2"/><T50/><D71/><U2/><E70/><V53/><F34/><W12/><G12/><T95/><D133/><U130/><E2/><V55/><F79/><W35/><G35/><T102/><D76/><U20/><E0/><V65/><F78/><W1/><G1/><T72/><D72/><U88/><E130/><V108/><F108/><W99/><G99/><T3/><D75/><U134/><E134/><V114/><F98/><W92/><AGARI ba="0,1" hai="21,24,30,39,40,46,59,62,66,87,91,92,124,125" machi="92" ten="30,2000,0" yaku="1,1,0,1,53,0" doraHai="110" doraHaiUra="107" who="3" fromWho="3" sc="250,-10,250,-5,250,-5,240,30" /><INIT seed="1,0,0,4,5,62" ten="240,245,245,270" oya="1" hai0="38,92,34,37,106,61,81,75,85,59,5,109,21" hai1="4,51,60,36,2,29,20,47,7,94,121,44,79" hai2="87,132,9,13,56,16,83,119,42,15,84,118,49" hai3="17,65,23,134,98,107,103,33,19,41,74,120,100"/><U88/><E121/><V110/><F110/><W45/><G134/><T131/><D106/><U99/><E79/><V27/><F27/><W125/><G33/><T72/><D34/><U112/><E112/><V66/><F132/><W32/><G74/><T91/><D109/><U105/><E105/><V26/><F26/><W93/><G32/><T53/><D131/><U6/><E36/><V46/><F87/><W30/><G125/><T115/><D115/><U127/><E127/><V25/><F25/><W68/><G30/><T101/><D5/><U133/><E133/><V108/><F108/><W76/><G76/><T82/><D72/><U24/><E60/><V135/><F135/><W70/><G70/><T122/><D75/><U96/><E2/><V77/><F56/><W80/><G80/><T123/><D101/><U55/><E47/><V67/><REACH who="2" step="1"/><F13/><REACH who="2" ten="240,245,235,270" step="2"/><W22/><G120/><T116/><D123/><U57/><E57/><V50/><F50/><W117/><G117/><AGARI ba="0,1" hai="9,15,16,42,46,49,66,67,77,83,84,117,118,119" machi="117" ten="40,8000,1" yaku="1,1,52,2,54,1,53,0" doraHai="62" doraHaiUra="104" who="2" fromWho="3" sc="240,0,245,0,235,90,270,-80" /><INIT seed="2,0,0,2,2,49" ten="240,245,325,190" oya="2" hai0="21,29,131,41,62,75,90,108,10,38,127,106,70" hai1="71,130,1,119,5,31,122,11,60,86,55,114,43" hai2="48,96,17,7,109,61,99,111,0,123,81,103,134" hai3="84,45,40,59,93,124,57,129,73,121,52,50,19"/><V24/><F123/><W51/><G129/><T117/><D75/><U77/><E114/><V98/><F81/><W128/><G124/><T34/><D106/><U107/><E107/><V12/><F24/><W92/><G128/><T135/><D34/><U91/><E119/><V78/><F78/><W37/><G73/><T18/><D131/><U2/><E77/><V65/><F134/><W89/><G121/><T58/><D127/><U47/><E31/><V3/><F103/><W113/><G113/><T110/><D117/><U69/><E130/><V46/><F7/><W101/><G101/><T66/><D29/><U9/><E122/><V126/><F126/><W74/><G74/><T42/><D10/><U8/><E55/><V95/><F95/><W33/><G33/><T36/><D135/><U120/><E120/><V133/><F133/><W25/><G37/><T30/><D30/><U4/><E60/><V56/><F12/><W72/><G72/><T82/><D70/><U88/><E11/><V63/><F61/><W76/><G76/><T32/><D32/><U15/><E15/><V116/><F17/><W23/><G59/><T115/><D115/><U125/><E125/><V22/><F22/><W85/><G93/><T67/><D38/><U79/><E79/><V112/><F112/><W80/><G80/><T94/><D36/><U44/><E43/><N who="0" m="16393" /><D82/><U16/><E86/><AGARI ba="0,0" hai="19,23,25,40,45,50,51,52,57,84,85,86,89,92" machi="86" ten="30,7700,0" yaku="7,1,8,1,52,1,54,1" doraHai="49" who="3" fromWho="1" sc="240,0,245,-77,325,0,190,77" /><INIT seed="3,0,0,4,1,53" ten="240,168,325,267" oya="3" hai0="92,122,118,127,56,17,113,89,14,99,73,94,102" hai1="121,52,2,59,18,39,12,43,114,38,42,80,128" hai2="37,105,30,34,25,70,129,45,115,132,65,83,68" hai3="3,124,81,116,98,130,120,125,10,97,111,22,23"/><W8/><G116/><T28/><D118/><U57/><E2/><V50/><F115/><W63/><G120/><T75/><D122/><U46/><E121/><V126/><F132/><W71/><G3/><T11/><D113/><U7/><E114/><V87/><F129/><W29/><G71/><T54/><D28/><U134/><E128/><V131/><F131/><W135/><G63/><T106/><D106/><U35/><E35/><V67/><F37/><W79/><G130/><T103/><D103/><U82/><E134/><V51/><F105/><W100/><G100/><T69/><D69/><U77/><E7/><V109/><F126/><N who="3" m="48747" /><G135/><T119/><D119/><U72/><E80/><V58/><F67/><W60/><G60/><T117/><D117/><U1/><E1/><V84/><F65/><W16/><G29/><T24/><D24/><U32/><E32/><V112/><F112/><W27/><G23/><T9/><D9/><N who="3" m="3689" /><G111/><T6/><D6/><U21/><REACH who="1" step="1"/><E52/><REACH who="1" ten="240,158,325,267" step="2"/><N who="2" m="32023" /><F34/><W26/><G26/><T36/><D127/><U123/><E123/><V66/><F70/><W90/><G90/><T5/><D5/><U88/><E88/><V76/><F68/><W74/><AGARI ba="0,1" hai="16,22,27,74,79,81,97,98" m="3689,48747" machi="74" ten="30,3000,0" yaku="18,1,54,1" doraHai="53" who="3" fromWho="3" sc="240,-10,158,-10,325,-10,267,40" /><INIT seed="3,1,0,1,3,94" ten="230,148,315,307" oya="3" hai0="84,54,30,68,59,7,76,17,85,122,63,44,72" hai1="25,124,43,22,131,12,37,14,75,129,78,50,60" hai2="16,118,39,58,28,119,15,132,107,62,116,57,18" hai3="10,74,111,87,90,77,31,38,89,5,26,93,27"/><W3/><G111/><T51/><D122/><U133/><E37/><V135/><F39/><W88/><G38/><T105/><D105/><U123/><E78/><V41/><F41/><W45/><G45/><T42/><D30/><U70/><E75/><V86/><F28/><W92/><G74/><T82/><D7/><U46/><E123/><V71/><F107/><W112/><G112/><T21/><D68/><U47/><E25/><AGARI ba="1,0" hai="17,21,25,42,44,51,54,59,63,72,76,82,84,85" machi="25" ten="30,1000,0" yaku="7,1" doraHai="94" who="0" fromWho="1" sc="230,13,148,-13,315,0,307,0" owari="243,-16.0,135,-36.0,315,41.0,307,11.0" /></mjloggm>