<mjloggm ver="2.3"><GO type="97" lobby="0"/><UN n0="%E3%82%A6%E3%83%AB%E3%83%88%E3%83%A9%E7%AB%8B%E7%9B%B4" n1="%E4%BE%86%EF%BC%8C%E6%88%B0%E5%80%8B%E7%97%9B%EF%BC%81" n2="%E3%83%9E%E3%83%84%E3%82%B6%E3%82%AD" n3="%70%65%61%63%65%36%39" dan="15,14,15,13" rate="1964.79,1935.04,2052.50,1821.75" sx="M,F,M,M"/><TAIKYOKU oya="0"/><INIT seed="0,0,0,2,3,30" ten="250,250,250,250" oya="0" hai0="75,8,127,133,4,13,89,101,0,121,17,117,93" hai1="109,44,40,86,98,1,66,60,116,72,59,9,53" hai2="99,80,78,31,14,129,25,23,131,132,5,118,123" hai3="106,24,102,34,64,107,32,6,39,62,22,51,77"/><T111/><D121/><U69/><E116/><V16/><F123/><W7/><G39/><T115/><D115/><U61/><E72/><V42/><F118/><W73/><G73/><T108/><D117/><U119/><E119/><V27/><F132/><W20/><G77/><T45/><D75/><U105/><E109/><N who="0" m="42057" /><D101/><U74/><E74/><V41/><F5/><W82/><G82/><T95/><D133/><U43/><E86/><N who="2" m="48407" /><F99/><W76/><G76/><T91/><D45/><U47/><E98/><V33/><F27/><W112/><G112/><T55/><D55/><U104/><E9/><V103/><F103/><W100/><G51/><T65/><D65/><U37/><REACH who="1" step="1"/><E1/><REACH who="1" ten="250,240,250,250" step="2"/><V35/><F35/><W84/><G34/><T50/><D127/><U58/><E58/><V29/><F29/><W70/><G32/><T113/><D113/><U88/><E88/><N who="0" m="33865" /><D50/><AGARI ba="0,1" hai="37,40,43,44,47,50,53,59,60,61,66,69,104,105" machi="50" ten="30,2000,0" yaku="1,1,7,1,53,0" doraHai="30" doraHaiUra="130" who="1" fromWho="0" sc="250,-20,240,30,250,0,250,0" /><INIT seed="1,0,0,5,0,93" ten="230,270,250,250" oya="1" hai0="71,38,102,10,42,4,127,113,73,43,116,117,98" hai1="60,47,111,28,89,115,18,112,122,55,96,17,22" hai2="130,49,125,68,126,0,33,12,110,129,63,2,81" hai3="99,65,80,37,95,20,6,61,54,59,15,83,29"/><U27/><E122/><V75/><F33/><W124/><G37/><T36/><D43/><U86/><E111/><V106/><F106/><W51/><G124/><N who="2" m="47721" /><F12/><W87/><G87/><T91/><D91/><U31/><E112/><V44/><F110/><W46/><G6/><T41/><D41/><U11/><E115/><V74/><F63/><W128/><G128/><N who="2" m="49257" /><F68/><W3/><G3/><N who="2" m="1065" /><F81/><W72/><G72/><T35/><D35/><U58/><E47/><V120/><F120/><W108/><G108/><T94/><D127/><U57/><E57/><V23/><F23/><W135/><G15/><T121/><D71/><U50/><E60/><V26/><F26/><W123/><G123/><T133/><D121/><U69/><E69/><V90/><F90/><W119/><G20/><T24/><D24/><U70/><E70/><V5/><F5/><W107/><G107/><T97/><D4/><U48/><E48/><V105/><F105/><W92/><G51/><T84/><D38/><U32/><E32/><V40/><AGARI ba="0,0" hai="40,44,49,74,75" m="1065,49257,47721" machi="40" ten="40,2700,0" yaku="18,1,19,1" doraHai="93" who="2" fromWho="2" sc="230,-7,270,-13,250,27,250,-7" /><INIT seed="2,0,0,5,3,72" ten="223,257,277,243" oya="2" hai0="59,45,7,74,135,14,24,6,130,30,107,11,85" hai1="102,79,32,5,131,25,78,118,115,77,128,20,94" hai2="92,70,110,134,90,129,44,9,99,119,116,51,21" hai3="98,36,35,41,42,8,57,61,29,56,1,46,26"/><V62/><F129/><N who="1" m="49737" /><E118/><V17/><F134/><W65/><G42/><T97/><D74/><U0/><E115/><V69/><F9/><W101/><G1/><T96/><D130/><U43/><E32/><V37/><F37/><W34/><G8/><T75/><D75/><U122/><E122/><V121/><F121/><W88/><G35/><T13/><D135/><U84/><E43/><V53/><F110/><W109/><G109/><T19/><D107/><U40/><E40/><V106/><F106/><W52/><G57/><T10/><D45/><U83/><E5/><V23/><F23/><W108/><G108/><T18/><D59/><U117/><E0/><V31/><F31/><W105/><REACH who="3" step="1"/><G88/><REACH who="3" ten="223,257,277,233" step="2"/><T54/><D54/><AGARI ba="0,1" hai="26,29,34,36,41,46,52,54,56,61,65,98,101,105" machi="54" ten="40,8000,1" yaku="1,1,2,1,54,1,53,1" doraHai="72" doraHaiUra="58" who="3" fromWho="0" sc="223,-80,257,0,277,0,233,90" /><INIT seed="3,0,0,0,1,73" ten="143,257,277,323" oya="3" hai0="48,110,60,67,130,22,111,28,52,124,86,32,20" hai1="31,56,113,79,121,128,47,95,133,92,9,118,44" hai2="34,90,125,6,29,129,27,77,80,82,88,105,103" hai3="107,19,13,74,42,11,98,101,106,5,99,116,71"/><W46/><G71/><T23/><D32/><U119/><E113/><V76/><F129/><W81/><G116/><N who="1" m="44586" /><E121/><V114/><F114/><W26/><G26/><T69/><D130/><U45/><E128/><V93/><F125/><W65/><G65/><T87/><D28/><U8/><E31/><V58/><F105/><W30/><G30/><T100/><D100/><U51/><E133/><V10/><F58/><W49/><G74/><T3/><D3/><U72/><E56/><V15/><F103/><W89/><G81/><T43/><D43/><U84/><E72/><V109/><F109/><W0/><G89/><T17/><D17/><U24/><E24/><V131/><F131/><W63/><G63/><T127/><D87/><U64/><E51/><V1/><F90/><W66/><G66/><T83/><D127/><U54/><E54/><V21/><F82/><W115/><G115/><T37/><D37/><U41/><E41/><V55/><F55/><W2/><G19/><T126/><D126/><U78/><E64/><V38/><F38/><W59/><G59/><T122/><D122/><U134/><E134/><V61/><F61/><W123/><G123/><T35/><D35/><U70/><E70/><V36/><F36/><W96/><G99/><T7/><D7/><U4/><E4/><V62/><F62/><W40/><G40/><T25/><D25/><U12/><E12/><V85/><F80/><W132/><G132/><T75/><D75/><U104/><E104/><V94/><F94/><N who="1" m="35881" /><E84/><V50/><F50/><W102/><AGARI ba="0,0" hai="0,2,5,11,13,42,46,49,96,98,101,102,106,107" machi="102" ten="30,3000,0" yaku="0,1,9,1" doraHai="73" who="3" fromWho="3" sc="143,-10,257,-10,277,-10,323,30" owari="133,-37.0,247,-15.0,267,7.0,353,45.0" /></mjloggm>