<mjloggm ver="2.3"><GO type="97" lobby="0"/><UN n0="%E3%82%A6%E3%83%AB%E3%83%88%E3%83%A9%E7%AB%8B%E7%9B%B4" n1="%E9%BB%92%E6%B2%A2%E2%80%9D" n2="%E3%83%99%E3%82%AC%E3%82%B9%E3%81%AE%E6%AD%8C%E5%A7%AB" n3="%E3%82%88%E3%83%BC%E3%81%A1%E3%82%83%E3%82%93" dan="15,14,15,14" rate="1997.91,1966.30,1962.64,1888.12" sx="M,M,F,M"/><TAIKYOKU oya="0"/><INIT seed="0,0,0,2,0,68" ten="250,250,250,250" oya="0" hai0="52,135,132,26,11,4,109,84,127,8,12,57,131" hai1="7,99,47,58,49,91,82,121,69,110,46,97,106" hai2="29,83,105,30,60,55,23,133,59,39,34,20,66" hai3="18,120,13,54,75,28,123,118,22,48,6,53,36"/><T79/><D127/><U40/><E69/><V35/><F105/><W78/><G118/><T21/><D131/><U87/><E121/><N who="3" m="46666" /><G28/><T96/><D109/><U71/><E71/><V43/><F133/><W90/><G6/><T61/><D11/><U100/><E58/><V27/><F83/><N who="3" m="45535" /><G90/><T32/><D32/><U25/><E25/><V88/><F55/><N who="3" m="21003" /><G48/><T126/><D126/><U56/><E110/><V103/><F103/><W116/><G116/><T81/><REACH who="0" step="1"/><D96/><REACH who="0" ten="240,250,250,250" step="2"/><U42/><E7/><V67/><F34/><W128/><G128/><T3/><D3/><U85/><E99/><V122/><F35/><W41/><G41/><T14/><D14/><U44/><E40/><V16/><F43/><W17/><G17/><AGARI ba="0,1" hai="4,8,12,17,21,26,52,57,61,79,81,84,132,135" machi="17" ten="40,3900,0" yaku="1,1,54,1,53,0" doraHai="68" doraHaiUra="108" who="0" fromWho="3" sc="240,49,250,0,250,0,250,-39" /><INIT seed="0,1,0,2,2,9" ten="289,250,250,211" oya="0" hai0="33,118,20,106,53,111,129,70,3,109,68,18,54" hai1="108,76,122,24,6,56,113,101,63,127,37,125,8" hai2="128,28,66,94,45,62,32,40,47,58,126,44,90" hai3="91,135,31,1,29,96,46,131,119,77,67,134,27"/><T17/><D33/><U73/><E122/><V10/><F128/><W124/><G119/><T75/><D75/><U115/><E37/><V88/><F126/><N who="1" m="48137" /><E101/><V120/><F120/><W57/><G124/><T65/><D3/><N who="1" m="95" /><E24/><V23/><F32/><W43/><G1/><T80/><D80/><N who="1" m="45071" /><E108/><V4/><F40/><W107/><G77/><T100/><D100/><U42/><E42/><V0/><REACH who="2" step="1"/><F94/><REACH who="2" ten="289,250,240,211" step="2"/><W86/><G131/><T39/><D129/><U105/><E105/><V123/><F123/><W81/><G107/><T55/><D106/><U50/><E50/><V117/><F117/><W71/><G135/><T110/><D39/><U93/><E93/><V30/><F30/><W99/><G134/><T74/><D118/><U84/><E115/><V26/><AGARI ba="1,1" hai="0,4,10,23,26,28,44,45,47,58,62,66,88,90" machi="26" ten="30,4000,0" yaku="1,1,0,1,54,1,53,0" doraHai="9" doraHaiUra="14" who="2" fromWho="2" sc="289,-21,250,-11,240,53,211,-11" /><INIT seed="1,0,0,1,3,1" ten="268,239,293,200" oya="1" hai0="14,105,7,74,91,34,96,19,53,20,71,80,59" hai1="127,114,108,135,33,18,113,67,126,68,133,2,99" hai2="65,89,85,119,0,55,102,30,88,116,79,124,27" hai3="111,84,47,48,58,45,98,78,76,37,93,106,44"/><U26/><E68/><V131/><F0/><W15/><G111/><T60/><D34/><U22/><E67/><V54/><F131/><W6/><G37/><T110/><D71/><U117/><E99/><V69/><F124/><N who="1" m="47657" /><E117/><V3/><F3/><W49/><G106/><T61/><D110/><U130/><E108/><V36/><F36/><W16/><G6/><T46/><D46/><U75/><E75/><V35/><F79/><N who="3" m="30251" /><G84/><N who="0" m="50567" /><D96/><U42/><E42/><V57/><F102/><N who="3" m="60751" /><G58/><T90/><D90/><U41/><E41/><V97/><F65/><W21/><AGARI ba="0,0" hai="15,16,21,44,45,47,48,49" m="60751,30251" machi="21" ten="30,2000,0" yaku="8,1,54,1" doraHai="1" who="3" fromWho="3" sc="268,-5,239,-10,293,-5,200,20" /><INIT seed="2,0,0,5,0,22" ten="263,229,288,220" oya="2" hai0="31,59,5,4,114,43,63,16,86,26,82,7,17" hai1="94,81,85,107,130,37,36,75,42,39,90,96,62" hai2="80,110,88,20,50,108,27,21,68,118,19,97,28" hai3="95,9,54,73,48,58,83,78,65,71,109,23,105"/><V122/><F68/><W2/><G105/><T47/><D114/><U18/><E62/><V0/><F0/><W15/><G109/><N who="2" m="42089" /><F50/><W102/><G2/><T93/><D93/><U74/><E130/><V120/><F118/><W60/><G23/><N who="0" m="15839" /><D47/><U87/><E42/><V124/><F124/><W53/><G53/><N who="0" m="34287" /><D43/><U66/><E66/><V103/><F80/><W72/><G102/><T98/><D98/><U35/><E35/><V115/><F115/><W70/><G95/><T10/><D10/><U133/><E133/><V8/><F8/><W100/><G100/><T76/><AGARI ba="0,0" hai="4,5,7,16,17,76,82,86" m="34287,15839" machi="76" ten="30,4000,0" yaku="8,1,52,1,54,1" doraHai="22" who="0" fromWho="0" sc="263,40,229,-10,288,-20,220,-10" /><INIT seed="3,0,0,3,4,84" ten="303,219,268,210" oya="3" hai0="75,25,121,30,80,104,86,128,8,116,23,66,15" hai1="98,46,123,70,133,120,34,85,7,108,3,13,35" hai2="48,111,72,97,107,65,122,0,63,93,68,117,77" hai3="54,4,106,31,6,92,2,24,18,49,114,16,105"/><W115/><G2/><T126/><D104/><U1/><E98/><V27/><F117/><W82/><G82/><T44/><D75/><U118/><E85/><V134/><F0/><N who="1" m="73" /><E46/><V61/><F111/><W36/><G36/><T59/><D126/><U87/><E87/><V109/><F109/><W103/><G115/><T129/><D116/><U12/><E70/><V81/><F134/><W62/><G114/><T64/><D121/><N who="1" m="46667" /><E108/><V60/><F48/><W131/><G131/><N who="0" m="50251" /><D59/><U119/><E133/><V17/><F122/><W11/><G62/><T74/><D44/><U91/><E91/><V127/><F127/><W37/><G37/><T79/><D74/><U14/><E7/><AGARI ba="0,0" hai="7,8,15,23,25,30,64,66,79,80,86" m="50251" machi="7" ten="30,1000,0" yaku="19,1" doraHai="84" who="0" fromWho="1" sc="303,10,219,-10,268,0,210,0" owari="313,41.0,209,-29.0,268,7.0,210,-19.0" /></mjloggm>