<mjloggm ver="2.3"><GO type="41" lobby="0"/><UN n0="%E5%B0%B1%E6%B4%BB%E7%94%9F%40%E5%B7%9D%E6%9D%91%E8%BB%8D%E5%9B%A3" n1="%42%65%6E%6E%79%4A%65%74" n2="%66%66%72%72%66%66%72%72" n3="%E6%96%B0%E8%A6%8F%E4%B8%80%E8%BB%A2%E4%B8%80%E4%BC%91%E3%81%95%E3%82%93" dan="14,13,13,15" rate="1964.99,1850.22,1883.40,1924.98" sx="M,M,M,M"/><TAIKYOKU oya="0"/><INIT seed="0,0,0,5,5,29" ten="250,250,250,250" oya="0" hai0="103,123,32,38,45,84,43,25,75,116,108,122,54" hai1="131,127,94,42,83,30,27,70,37,130,24,124,15" hai2="63,82,53,73,105,77,6,62,48,113,110,107,16" hai3="78,135,49,28,93,72,85,99,129,11,7,89,44"/><T69/><D116/><U47/><E70/><V51/><F113/><W111/><G129/><N who="1" m="49162" /><E94/><V52/><F110/><W118/><G111/><T33/><D108/><U98/><E98/><V125/><F125/><N who="1" m="48201" /><E83/><V79/><F6/><W12/><G118/><T20/><D103/><U80/><E30/><V120/><F120/><W109/><G109/><T8/><D69/><U128/><N who="1" m="49170" /><U10/><DORA hai="132" /><E80/><V36/><F82/><W1/><G72/><T86/><D75/><U40/><E42/><V23/><F73/><W67/><G28/><T22/><D123/><U114/><E114/><V121/><F121/><W61/><G78/><T102/><D122/><U66/><E66/><V68/><F68/><W55/><G99/><T39/><D102/><U59/><E59/><V134/><F79/><W71/><REACH who="3" step="1"/><G1/><REACH who="3" ten="250,250,250,240" step="2"/><T90/><D86/><U60/><E60/><V104/><F77/><W76/><G76/><T5/><D84/><U56/><E56/><V18/><F63/><W64/><G64/><T50/><D90/><U65/><E65/><V21/><F62/><W41/><G41/><T31/><D33/><U87/><E87/><V119/><F119/><W0/><G0/><T57/><D39/><U81/><E81/><V101/><F36/><W9/><G9/><T100/><D100/><U88/><E88/><V115/><F101/><W96/><G96/><T92/><D92/><U46/><E46/><V2/><F2/><AGARI ba="0,1" hai="2,5,8,20,22,25,31,32,38,43,45,50,54,57" machi="2" ten="30,2900,0" yaku="7,1,52,1" doraHai="29,132" who="0" fromWho="2" sc="250,39,250,0,250,-29,240,0" /><INIT seed="0,1,0,2,2,120" ten="289,250,221,240" oya="0" hai0="49,58,53,5,11,76,115,42,121,61,44,25,28" hai1="31,112,45,38,64,30,39,75,32,93,23,48,35" hai2="104,17,126,9,135,84,20,34,54,2,103,123,62" hai3="97,69,99,15,27,4,108,7,130,118,134,36,26"/><T3/><D121/><U124/><E75/><V1/><F123/><W71/><G15/><T90/><D115/><U116/><E112/><V59/><F126/><W41/><G41/><T22/><D76/><U85/><E116/><V72/><F72/><W78/><G78/><T70/><D70/><U127/><E64/><V47/><F135/><W46/><G46/><T110/><REACH who="0" step="1"/><D90/><REACH who="0" ten="279,250,221,240" step="2"/><U96/><E127/><V131/><F131/><W43/><G69/><T91/><D91/><U102/><E124/><V92/><F2/><W68/><G71/><T40/><D40/><U83/><E102/><V19/><F103/><W56/><G68/><T29/><D29/><U122/><E31/><V129/><F1/><W16/><G43/><T86/><D86/><U132/><E30/><V33/><F84/><W82/><G130/><T105/><D105/><U79/><E85/><V100/><F104/><W113/><G113/><T80/><D80/><U74/><E83/><V18/><F100/><W50/><G82/><T98/><D98/><U63/><E96/><V107/><F107/><W125/><G97/><T128/><D128/><U117/><E122/><V73/><F129/><W89/><G99/><T6/><D6/><U14/><E79/><V37/><F73/><W95/><G89/><T77/><D77/><U119/><E74/><V109/><F92/><W87/><G95/><T114/><D114/><U13/><E93/><V51/><F34/><W94/><G94/><T10/><D10/><U88/><E32/><V101/><F33/><W67/><G87/><T133/><D133/><U8/><E35/><RYUUKYOKU ba="1,1" sc="279,30,250,-10,221,-10,240,-10" hai0="3,5,11,22,25,28,42,44,49,53,58,61,110" /><INIT seed="0,2,1,3,2,123" ten="309,240,211,230" oya="0" hai0="14,21,23,45,11,116,130,73,30,8,129,46,37" hai1="103,59,109,6,101,28,88,71,43,9,95,72,135" hai2="131,77,3,119,56,13,80,25,49,29,90,32,50" hai3="97,7,68,44,1,19,134,74,5,78,83,99,54"/><T86/><D73/><U94/><E71/><V120/><F120/><W64/><G134/><T115/><D116/><U66/><E72/><V57/><F3/><W10/><G7/><T118/><D118/><U33/><E135/><V16/><F119/><W2/><G2/><T126/><D126/><U112/><E43/><V106/><F106/><W38/><G19/><T110/><D115/><U60/><E112/><V67/><F90/><W84/><G84/><T113/><D113/><U53/><E66/><V35/><F35/><W61/><REACH who="3" step="1"/><G54/><REACH who="3" ten="309,240,211,220" step="2"/><T55/><D86/><U82/><E6/><V36/><F131/><W70/><G70/><T0/><D55/><U104/><E53/><V58/><F67/><W48/><G48/><T91/><D0/><U127/><E127/><V65/><F65/><W42/><AGARI ba="2,2" hai="1,5,10,38,42,44,61,64,68,74,78,83,97,99" machi="42" ten="30,7900,0" yaku="1,1,0,1,25,2,53,0" doraHai="123" doraHaiUra="121" who="3" fromWho="3" sc="309,-41,240,-22,211,-22,220,105" /><INIT seed="1,0,0,4,5,74" ten="268,218,189,325" oya="1" hai0="43,24,33,38,114,27,95,135,30,75,17,41,57" hai1="61,71,62,115,58,64,50,12,5,131,8,127,77" hai2="6,47,123,116,76,130,51,98,93,29,102,42,19" hai3="125,84,36,111,73,45,81,90,107,13,94,18,34"/><U54/><E115/><V16/><F116/><W59/><G34/><T0/><D114/><U118/><E118/><V99/><F123/><W128/><G111/><T108/><D0/><U100/><E131/><V1/><F130/><W119/><G119/><T85/><D75/><U31/><E127/><V46/><F29/><W129/><G125/><T9/><D108/><U72/><E100/><V101/><F6/><W113/><G107/><T26/><D135/><U37/><E31/><V110/><F1/><W120/><G120/><T3/><D57/><U92/><E92/><V48/><F76/><W52/><G36/><T20/><D38/><U104/><E104/><V49/><F110/><W134/><G45/><T89/><D26/><U105/><E105/><V39/><F39/><W2/><G2/><T103/><D103/><U83/><E37/><V133/><F133/><W88/><G134/><T79/><D3/><U65/><E65/><V14/><F51/><W55/><G55/><T82/><REACH who="0" step="1"/><D9/><REACH who="0" ten="258,218,189,325" step="2"/><U122/><REACH who="1" step="1"/><E122/><REACH who="1" ten="258,208,189,325" step="2"/><V106/><REACH who="2" step="1"/><F14/><REACH who="2" ten="258,208,179,325" step="2"/><W32/><G113/><T11/><D11/><U121/><E121/><V35/><F35/><W44/><G32/><T87/><AGARI ba="0,3" hai="17,20,24,27,30,33,41,43,79,82,85,87,89,95" machi="87" ten="20,5200,0" yaku="1,1,0,1,7,1,52,1,53,0" doraHai="74" doraHaiUra="56" who="0" fromWho="0" sc="258,82,208,-26,179,-13,325,-13" /><INIT seed="2,0,0,3,1,79" ten="340,182,166,312" oya="2" hai0="62,95,51,118,103,97,50,108,86,1,111,117,36" hai1="109,59,14,124,93,23,69,60,127,57,30,123,15" hai2="84,115,44,122,126,54,99,13,27,2,4,85,63" hai3="82,113,74,56,55,9,87,11,45,40,33,20,43"/><V72/><F115/><W32/><G74/><T131/><D1/><U29/><E123/><V16/><F122/><W76/><G113/><T31/><D36/><U91/><E109/><N who="0" m="42057" /><D31/><U73/><E73/><V125/><F72/><W34/><G20/><T100/><D62/><U80/><E80/><V52/><F2/><W130/><G130/><T70/><D70/><U94/><E23/><V120/><F4/><W7/><G7/><T96/><D131/><U90/><REACH who="1" step="1"/><E60/><REACH who="1" ten="340,172,166,312" step="2"/><V38/><F63/><W129/><G129/><T112/><D112/><U83/><E83/><V104/><F120/><W47/><G34/><T24/><D24/><U22/><E22/><V3/><F27/><W0/><G33/><T119/><D86/><U68/><AGARI ba="0,1" hai="14,15,29,30,57,59,68,69,90,91,93,94,124,127" machi="68" ten="25,12000,2" yaku="1,1,0,1,22,2,53,2" doraHai="79" doraHaiUra="8" who="1" fromWho="1" sc="340,-30,172,130,166,-60,312,-30" /><INIT seed="3,0,0,5,2,80" ten="310,302,106,282" oya="3" hai0="134,7,20,9,1,33,67,5,118,18,84,31,35" hai1="96,44,124,57,130,69,88,95,89,104,91,132,117" hai2="27,34,49,36,42,77,19,114,38,128,40,72,37" hai3="129,85,11,29,131,75,121,13,6,98,0,125,101"/><W81/><G75/><T78/><D118/><U74/><E69/><V14/><F114/><W93/><G121/><T94/><D134/><U122/><E122/><V82/><F128/><N who="3" m="49227" /><G29/><T21/><D67/><U133/><E130/><V62/><F62/><W30/><G30/><T47/><D47/><U45/><E117/><V61/><F61/><W24/><G24/><N who="0" m="16775" /><D94/><U15/><E74/><V50/><F27/><W127/><G0/><N who="0" m="167" /><D78/><AGARI ba="0,0" hai="6,11,13,78,81,85,93,98,101,125,127" m="49227" machi="78" ten="30,2900,0" yaku="19,1,52,1" doraHai="80" who="3" fromWho="0" sc="310,-29,302,0,106,0,282,29" /><INIT seed="3,1,0,0,4,114" ten="281,302,106,311" oya="3" hai0="85,100,120,69,123,128,117,92,102,95,104,130,29" hai1="129,88,111,34,36,17,84,39,35,23,121,31,10" hai2="64,20,48,15,86,6,58,40,119,61,133,105,80" hai3="13,67,71,110,24,49,87,19,59,122,97,14,12"/><W98/><G122/><N who="0" m="46635" /><D69/><U116/><E121/><V30/><F133/><W47/><G71/><T65/><D65/><U78/><E111/><V55/><F105/><W101/><G110/><T5/><D5/><U134/><E134/><V76/><F119/><W53/><G87/><T96/><D29/><U60/><E78/><V81/><F81/><W113/><G113/><T90/><D117/><U103/><E116/><V54/><F30/><W52/><G67/><T62/><D62/><U18/><E103/><N who="0" m="39465" /><D104/><U112/><E112/><V27/><F27/><W131/><G131/><N who="0" m="50219" /><D95/><U37/><E129/><V16/><F6/><W68/><G68/><T72/><D72/><U45/><E60/><V50/><F40/><W135/><G135/><T1/><D1/><U57/><E31/><V4/><F4/><W127/><G101/><T7/><D7/><U74/><E74/><V28/><F28/><W99/><G127/><T44/><D44/><U22/><E45/><V70/><F70/><W107/><G107/><T75/><D75/><U51/><E35/><V21/><F21/><W25/><G19/><T124/><D85/><U43/><E84/><V108/><F108/><W89/><G89/><T33/><D33/><U42/><E88/><V132/><F132/><W73/><G73/><T66/><D66/><U8/><E34/><V93/><F93/><W0/><G0/><T2/><D2/><U109/><E109/><V38/><F38/><W126/><G126/><AGARI ba="1,0" hai="90,92,96,124,126" m="50219,39465,46635" machi="126" ten="40,5200,0" yaku="19,1,34,2" doraHai="114" who="0" fromWho="3" sc="281,55,302,0,106,0,311,-55" /><INIT seed="4,0,0,2,5,66" ten="336,302,106,256" oya="0" hai0="33,29,5,121,47,62,39,0,85,86,56,63,57" hai1="134,125,13,73,91,77,123,19,92,23,74,117,3" hai2="122,112,90,17,25,84,81,42,97,11,22,48,94" hai3="34,100,41,35,118,37,54,7,67,61,83,8,129"/><T82/><D121/><U114/><E123/><V14/><F122/><W40/><G118/><T71/><D85/><U16/><E117/><V10/><F112/><W6/><G129/><T104/><D104/><U46/><E3/><V116/><F116/><W126/><G126/><T44/><D39/><U50/><E125/><V95/><F11/><W59/><G100/><T21/><D33/><U30/><E30/><V68/><F68/><W101/><G101/><T49/><D0/><U69/><E114/><V89/><F42/><W26/><G7/><T87/><D5/><U52/><E134/><V103/><F48/><W107/><G107/><T55/><D87/><U130/><E130/><V31/><REACH who="2" step="1"/><F94/><REACH who="2" ten="336,302,96,256" step="2"/><W53/><G40/><T65/><D71/><U115/><E69/><V79/><AGARI ba="0,1" hai="10,14,17,22,25,31,79,81,84,89,90,95,97,103" machi="79" ten="20,8000,1" yaku="1,1,2,1,0,1,7,1,8,1,53,0" doraHai="66" doraHaiUra="28" who="2" fromWho="2" sc="336,-40,302,-20,96,90,256,-20" /><INIT seed="5,0,0,0,3,101" ten="296,282,186,236" oya="1" hai0="47,37,6,73,135,41,59,24,82,5,16,7,2" hai1="65,102,66,10,115,107,46,120,118,57,56,12,122" hai2="53,55,34,123,131,80,25,68,28,50,19,132,27" hai3="111,23,44,36,96,119,77,9,13,11,93,104,109"/><U97/><E118/><V76/><F123/><W15/><G119/><T117/><D117/><U18/><E115/><V98/><F68/><W62/><G77/><N who="0" m="44335" /><D135/><U70/><E46/><V105/><F132/><W8/><G104/><T79/><D79/><U128/><E128/><V124/><F131/><W21/><G62/><T125/><D59/><U94/><E94/><V89/><F124/><W35/><G35/><T33/><D33/><U3/><E3/><V0/><F0/><W126/><G126/><T72/><D72/><U54/><E70/><V88/><F55/><W85/><G85/><T39/><D39/><U116/><E116/><V95/><F76/><W81/><G81/><T51/><D51/><U17/><E17/><V22/><F80/><W114/><G114/><T75/><D75/><U29/><E29/><V129/><F129/><W32/><G32/><T86/><D86/><U43/><E43/><V133/><F133/><W58/><G58/><T61/><D61/><U42/><E42/><V106/><F89/><W1/><G1/><T14/><D24/><U38/><E38/><V87/><F87/><W67/><G67/><T78/><D78/><U63/><E66/><V83/><F83/><W110/><G15/><T64/><D64/><U108/><REACH who="1" step="1"/><E108/><REACH who="1" ten="296,272,186,236" step="2"/><V127/><F127/><W92/><G93/><T100/><D125/><U90/><E90/><V52/><F53/><W20/><G36/><T30/><D30/><U40/><E40/><V91/><F91/><N who="3" m="55327" /><G44/><AGARI ba="0,1" hai="19,22,25,27,28,34,44,50,52,88,95,98,105,106" machi="44" ten="30,8000,1" yaku="7,1,52,2,54,2" doraHai="101" who="2" fromWho="3" sc="296,0,272,0,186,90,236,-80" /><INIT seed="6,0,0,1,2,129" ten="296,272,276,156" oya="2" hai0="7,46,75,114,43,12,55,54,49,47,96,10,100" hai1="62,32,117,59,51,107,70,83,87,42,52,67,126" hai2="120,3,22,63,11,71,44,118,33,48,18,95,6" hai3="99,9,23,66,34,94,74,133,5,15,29,122,106"/><V61/><F118/><W36/><G74/><T76/><D114/><U108/><E117/><V102/><F120/><W27/><G36/><T24/><D75/><U132/><E108/><V80/><F33/><W40/><G122/><T123/><D76/><U64/><E107/><V35/><F35/><W110/><G66/><T28/><D123/><U97/><E97/><V56/><F71/><W19/><G40/><T37/><D55/><U45/><E32/><V127/><F127/><W31/><G106/><T104/><D24/><U17/><E126/><V68/><F68/><W82/><G82/><T115/><D115/><U81/><E67/><V20/><F80/><W125/><G125/><T26/><D26/><U85/><E17/><V116/><F22/><W77/><G77/><T84/><D84/><N who="1" m="32331" /><E132/><V91/><F102/><W65/><G65/><T98/><D98/><U50/><E70/><V1/><F1/><W88/><G110/><T21/><D21/><U8/><E8/><V13/><F116/><W128/><G128/><T134/><D134/><U4/><E4/><V39/><F39/><W113/><G113/><T119/><D119/><U124/><E124/><V89/><F89/><W25/><REACH who="3" step="1"/><G133/><REACH who="3" ten="296,272,276,146" step="2"/><T101/><D104/><U93/><E93/><V53/><F44/><W79/><G79/><T90/><D43/><U105/><E105/><V78/><F78/><W130/><G130/><T109/><D37/><U73/><E73/><V103/><F95/><W14/><G14/><T69/><D109/><U92/><E92/><V58/><F13/><W41/><G41/><T135/><D12/><RYUUKYOKU ba="0,1" sc="296,-15,272,15,276,-15,146,15" hai1="42,45,50,51,52,59,62,64,81,83" hai3="5,9,15,19,23,25,27,29,31,34,88,94,99" /><INIT seed="7,1,1,0,0,7" ten="281,287,261,161" oya="3" hai0="39,54,90,57,60,31,128,15,8,77,87,43,32" hai1="20,45,48,107,23,75,88,59,56,127,46,115,55" hai2="129,89,82,103,21,132,67,116,84,73,117,106,124" hai3="104,83,28,26,36,101,122,98,86,10,78,81,3"/><W68/><G122/><T100/><D128/><U126/><E75/><V121/><F67/><W97/><G36/><T42/><D39/><U19/><E107/><V0/><F21/><N who="1" m="8265" /><E115/><V62/><F62/><W14/><G3/><T131/><D131/><U2/><E2/><V27/><F27/><W109/><G97/><T105/><D77/><U35/><E35/><V51/><F51/><W111/><G68/><T95/><D105/><U12/><E88/><N who="2" m="51223" /><F0/><W118/><G118/><N who="2" m="45673" /><F129/><W93/><G81/><T135/><D135/><U108/><E108/><V50/><F50/><W72/><G26/><T79/><D32/><U5/><E5/><V52/><F52/><W61/><G28/><T102/><D79/><U30/><E30/><V9/><F9/><W120/><G61/><T22/><D22/><N who="1" m="11623" /><E56/><V4/><F4/><N who="3" m="3399" /><G120/><T17/><D31/><U71/><E71/><V33/><F33/><W125/><G125/><AGARI ba="1,1" hai="45,46,48,55,59,125,126,127" m="11623,8265" machi="125" ten="30,1000,0" yaku="18,1" doraHai="7" who="1" fromWho="3" sc="281,0,287,23,261,0,161,-13" owari="281,8.0,310,41.0,261,-14.0,148,-35.0" /></mjloggm>