<mjloggm ver="2.3"><GO type="169" lobby="0"/><UN n0="%E3%82%A6%E3%83%AB%E3%83%88%E3%83%A9%E7%AB%8B%E7%9B%B4" n1="%6B%65%6E%79%61%30%31" n2="%E3%83%94%E3%82%AB%E5%90%BE%E9%83%8E" n3="%73%61%63%68%69%6F" dan="17,18,17,16" rate="2214.99,2268.21,2161.75,2137.82" sx="M,M,M,M"/><TAIKYOKU oya="0"/><INIT seed="0,0,0,3,0,39" ten="250,250,250,250" oya="0" hai0="82,20,8,133,134,114,135,69,110,10,60,106,63" hai1="81,30,117,29,128,132,118,18,45,11,119,23,89" hai2="2,116,124,59,68,86,7,131,57,94,125,12,6" hai3="73,93,76,55,127,48,96,31,83,103,95,35,5"/><T53/><D106/><U123/><E123/><V17/><F68/><W58/><G127/><N who="2" m="48713" /><F2/><W13/><G35/><T42/><D114/><U66/><E132/><V111/><F111/><W47/><G31/><T91/><D20/><U88/><E128/><V52/><F59/><W80/><G80/><T126/><D126/><U28/><E66/><V61/><F131/><W32/><G32/><T77/><D91/><U34/><E34/><V15/><F116/><W108/><G108/><T41/><D110/><U84/><E11/><N who="0" m="4137" /><D53/><U130/><E130/><V74/><F74/><W105/><G5/><N who="2" m="1545" /><F17/><W27/><G13/><T100/><D100/><U98/><E45/><V9/><F9/><W51/><REACH who="3" step="1"/><G27/><REACH who="3" ten="250,250,250,240" step="2"/><T38/><D38/><U97/><REACH who="1" step="1"/><E89/><AGARI ba="0,1" hai="12,15,52,57,61,86,89,94" m="1545,48713" machi="89" ten="30,2000,0" yaku="18,1,54,1" doraHai="39" who="2" fromWho="1" sc="250,0,250,-20,250,30,240,0" /><INIT seed="1,0,0,0,1,120" ten="250,230,280,240" oya="1" hai0="2,130,56,90,43,74,47,49,108,91,53,84,44" hai1="51,133,82,93,73,115,39,123,35,38,40,127,92" hai2="63,23,77,80,54,83,29,104,85,121,89,60,30" hai3="42,8,46,87,71,116,100,117,110,135,48,113,68"/><U101/><E35/><V126/><F104/><W112/><G100/><T79/><D130/><U61/><E123/><V7/><F121/><W96/><G96/><T18/><D2/><U69/><E115/><N who="3" m="44106" /><G87/><T17/><D74/><U72/><E61/><V26/><F126/><W27/><G27/><T70/><D70/><N who="3" m="26665" /><G8/><T95/><D79/><U10/><E69/><V0/><F0/><W59/><G135/><T16/><D108/><U111/><E51/><V129/><F63/><W75/><G75/><T50/><D91/><U13/><E40/><V52/><F60/><W37/><G110/><T102/><D102/><U31/><E101/><V67/><F67/><W1/><G1/><T21/><REACH who="0" step="1"/><D47/><REACH who="0" ten="240,230,280,240" step="2"/><U134/><E111/><V65/><F129/><W19/><G19/><T45/><D45/><U6/><E73/><V78/><F65/><W109/><G109/><T28/><D28/><U3/><E31/><V58/><F30/><W4/><G4/><T9/><D9/><U62/><E10/><V81/><F7/><W88/><G88/><T124/><D124/><U64/><E127/><V66/><F66/><W97/><G97/><T5/><D5/><U34/><E6/><V20/><F23/><AGARI ba="0,1" hai="16,17,18,21,23,43,44,49,50,53,56,84,90,95" machi="23" ten="40,5200,0" yaku="1,1,8,1,54,1,53,0" doraHai="120" doraHaiUra="125" who="0" fromWho="2" sc="240,62,230,0,280,-52,240,0" /><INIT seed="2,0,0,4,3,86" ten="302,230,228,240" oya="2" hai0="47,110,53,129,18,134,25,16,68,106,77,111,32" hai1="20,128,81,119,43,125,107,57,27,132,39,90,0" hai2="38,46,101,114,117,66,26,36,34,122,29,98,49" hai3="72,70,94,95,63,126,59,48,123,97,87,65,5"/><V14/><F114/><W135/><G123/><T99/><D68/><U82/><E107/><V10/><F66/><W42/><G72/><T131/><D77/><U12/><E0/><V91/><F117/><W93/><G135/><T76/><D76/><U35/><E35/><V100/><F122/><W102/><G126/><T74/><D74/><U30/><E132/><V45/><F45/><W103/><G5/><T8/><D8/><U54/><E128/><N who="0" m="49225" /><D134/><U50/><E125/><V56/><F56/><W23/><G23/><N who="0" m="13543" /><D18/><U80/><E119/><V78/><F78/><W96/><G70/><T19/><D19/><U75/><E75/><V1/><F1/><W28/><G28/><T7/><D7/><U3/><E3/><V6/><F38/><W104/><G104/><T52/><D32/><U51/><E39/><V2/><F36/><W92/><G87/><T37/><D37/><U127/><E127/><V58/><F2/><W83/><G83/><T9/><D9/><U116/><E116/><V61/><F10/><W15/><REACH who="3" step="1"/><G15/><REACH who="3" ten="302,230,228,230" step="2"/><T88/><D106/><U120/><E12/><V21/><F14/><W109/><G109/><N who="0" m="41483" /><D47/><AGARI ba="0,1" hai="42,47,48,59,63,65,92,93,94,95,96,97,102,103" machi="47" ten="40,5200,0" yaku="1,1,9,1,8,1,53,0" doraHai="86" doraHaiUra="115" who="3" fromWho="0" sc="302,-52,230,0,228,0,230,62" /><INIT seed="3,0,0,2,3,132" ten="250,230,228,292" oya="3" hai0="21,48,103,112,45,56,98,19,113,115,82,67,10" hai1="52,23,7,68,108,15,3,41,97,54,5,119,57" hai2="93,95,91,42,72,38,109,35,81,116,6,129,89" hai3="134,60,71,78,25,64,84,74,22,105,69,127,130"/><W27/><G134/><T40/><D10/><U36/><E68/><V65/><F65/><W13/><G74/><T70/><D70/><U31/><E3/><V28/><F28/><W75/><G75/><T34/><D34/><U125/><E108/><V4/><F35/><W73/><G73/><T33/><D33/><U53/><E119/><V107/><F107/><W94/><G105/><T32/><D32/><U99/><E36/><V135/><F135/><W39/><G39/><T24/><D82/><U106/><E41/><V117/><F72/><W29/><G130/><T118/><D118/><U76/><E76/><V61/><F81/><W88/><G78/><T47/><D47/><U102/><E99/><V11/><F38/><W9/><G27/><T100/><REACH who="0" step="1"/><D98/><REACH who="0" ten="240,230,228,292" step="2"/><U77/><E97/><V20/><F11/><W121/><G71/><T8/><D8/><U17/><E23/><V43/><F20/><W120/><REACH who="3" step="1"/><G127/><REACH who="3" ten="240,230,228,282" step="2"/><T90/><D90/><U37/><E125/><V30/><F91/><W133/><G133/><T0/><D0/><U111/><E111/><V18/><F89/><W124/><G124/><T80/><D80/><U55/><E77/><V1/><F109/><W104/><G104/><T46/><D46/><U85/><E106/><V66/><F1/><W16/><AGARI ba="0,2" hai="9,13,16,22,25,29,60,64,69,84,88,94,120,121" machi="16" ten="20,12000,1" yaku="1,1,0,1,7,1,54,2,53,0" doraHai="132" doraHaiUra="110" who="3" fromWho="3" sc="240,-40,230,-40,228,-40,282,140" /><INIT seed="3,1,0,4,4,55" ten="200,190,188,422" oya="3" hai0="20,112,98,132,66,25,69,21,19,22,128,76,18" hai1="0,15,72,48,1,7,85,9,17,65,118,29,61" hai2="111,93,70,60,16,54,59,36,24,6,134,11,58" hai3="104,57,81,51,117,35,110,38,26,73,40,30,77"/><W131/><G117/><T84/><D112/><U125/><E72/><V79/><F36/><W120/><G120/><T23/><D128/><U107/><E65/><V43/><F70/><W105/><G131/><T34/><D132/><U119/><E107/><V97/><F43/><W135/><G38/><T124/><D34/><U96/><E96/><V87/><F111/><W4/><G135/><T129/><D124/><U13/><E61/><V14/><F134/><W46/><G110/><T100/><D129/><U44/><E85/><V75/><F75/><W50/><REACH who="3" step="1"/><G4/><REACH who="3" ten="200,190,188,412" step="2"/><T123/><D123/><U10/><E125/><V89/><F6/><W33/><G33/><T47/><D19/><U126/><E126/><V127/><F127/><W116/><G116/><N who="1" m="44586" /><E29/><V91/><F79/><W80/><G80/><T74/><D76/><U27/><E27/><V92/><F24/><W37/><G37/><T82/><D25/><U114/><E114/><V32/><F32/><W99/><G99/><T71/><D98/><U62/><E7/><V42/><F42/><W115/><G115/><T88/><D18/><U86/><E17/><V83/><F83/><W64/><G64/><T130/><D82/><U102/><E15/><V68/><F97/><W122/><G122/><T12/><D66/><U106/><E13/><V39/><F39/><W8/><G8/><T2/><D12/><U101/><E10/><V78/><F11/><W103/><G103/><T109/><D100/><U95/><E9/><V45/><F14/><W3/><G3/><T90/><D2/><U5/><E0/><V28/><F16/><RYUUKYOKU ba="1,1" sc="200,-10,190,-10,188,-10,412,30" hai3="26,30,35,40,46,50,51,57,73,77,81,104,105" /><INIT seed="3,2,1,3,1,0" ten="190,180,178,442" oya="3" hai0="15,42,9,51,133,18,50,79,7,98,12,46,4" hai1="120,102,135,82,114,52,134,72,76,40,77,132,75" hai2="101,5,17,48,39,62,128,125,68,11,97,57,24" hai3="13,93,28,89,10,86,25,19,69,119,27,107,96"/><W124/><G119/><T34/><D34/><U49/><E120/><V64/><F39/><W105/><G124/><T127/><D127/><U32/><E32/><V58/><F125/><W116/><G116/><T85/><D133/><U56/><E114/><V38/><F38/><W3/><G69/><T81/><D98/><U126/><E126/><V131/><F17/><W94/><G3/><T99/><D99/><U22/><E102/><V23/><F24/><W70/><G25/><T54/><D15/><U63/><E22/><V123/><F23/><W104/><G70/><T121/><D121/><U30/><E30/><V100/><F100/><W59/><G59/><AGARI ba="2,1" hai="4,7,9,12,18,42,46,50,51,54,59,79,81,85" machi="59" ten="30,7700,0" yaku="7,1,8,1,52,2" doraHai="0" who="0" fromWho="3" sc="190,93,180,0,178,0,442,-83" /><INIT seed="4,0,0,5,1,76" ten="283,180,178,359" oya="0" hai0="124,28,5,40,113,25,128,56,31,133,110,125,74" hai1="52,131,83,32,120,89,100,13,101,123,22,134,129" hai2="69,96,14,2,66,119,33,43,41,34,67,102,16" hai3="60,49,132,57,135,127,12,112,78,61,24,48,30"/><T47/><D74/><U82/><E32/><V111/><F2/><W8/><G112/><T94/><D113/><U103/><E22/><V26/><F111/><W29/><G78/><T50/><D110/><U115/><E13/><V86/><F34/><W64/><G61/><T59/><D5/><U7/><E7/><V51/><F119/><W70/><G127/><N who="0" m="48715" /><D28/><N who="3" m="10857" /><G24/><T116/><D116/><U99/><E52/><V68/><F26/><W121/><G121/><N who="1" m="46666" /><E115/><V39/><F33/><W53/><G49/><T3/><D3/><U46/><E46/><V104/><F51/><W1/><G1/><T37/><D37/><U81/><E134/><N who="3" m="51242" /><G12/><T15/><D133/><U126/><E126/><V75/><F39/><W44/><G8/><T0/><D0/><U107/><E107/><V18/><F75/><W72/><G72/><T27/><D15/><U106/><E106/><V117/><F117/><W114/><G114/><T77/><D31/><U9/><E9/><V73/><F73/><W79/><G79/><T11/><D11/><U42/><E42/><V98/><F14/><W63/><G63/><T19/><D27/><U54/><E54/><V45/><F104/><W38/><G38/><T108/><D19/><U23/><E23/><V36/><F36/><W93/><G93/><AGARI ba="0,0" hai="81,82,83,89,93,99,100,101,103,129,131" m="46666" machi="93" ten="40,8000,1" yaku="34,2,52,3" doraHai="76" who="1" fromWho="3" sc="283,0,180,80,178,0,359,-80" /><INIT seed="5,0,0,3,5,67" ten="283,260,178,279" oya="1" hai0="106,19,24,41,26,94,79,57,21,91,42,36,60" hai1="88,2,95,104,89,48,97,110,112,126,50,0,20" hai2="133,99,38,15,98,9,49,82,53,5,52,128,55" hai3="125,118,34,101,62,92,113,4,71,59,76,12,18"/><U66/><E66/><V86/><F38/><W105/><G4/><T80/><D106/><U56/><E104/><V16/><F128/><W11/><G113/><T69/><D26/><U65/><E65/><V121/><F133/><W134/><G34/><T84/><D36/><U44/><E112/><V108/><F108/><W25/><G134/><T116/><D69/><U47/><E56/><V120/><F121/><W87/><G105/><T85/><D116/><U114/><E114/><V107/><F120/><W23/><G118/><T129/><D129/><U111/><E20/><V73/><F73/><W70/><G125/><T123/><D123/><U109/><E126/><V30/><F30/><W32/><G32/><T74/><D74/><U90/><E95/><V29/><F29/><W27/><G27/><T10/><D10/><U75/><E97/><N who="2" m="36875" /><F107/><W3/><G3/><N who="1" m="1066" /><E75/><V17/><F49/><AGARI ba="0,0" hai="44,47,48,49,50,88,89,90,109,110,111" m="1066" machi="49" ten="40,12000,1" yaku="28,2,10,1,54,1" doraHai="67" who="1" fromWho="2" sc="283,0,260,120,178,-120,279,0" /><INIT seed="5,1,0,1,1,91" ten="283,380,58,279" oya="1" hai0="93,92,16,10,17,22,51,77,37,105,63,23,66" hai1="127,0,86,7,34,116,99,5,111,90,81,67,61" hai2="49,87,72,30,134,20,4,123,55,40,18,96,75" hai3="62,113,89,25,12,130,97,126,9,31,8,80,100"/><U117/><E34/><V65/><F123/><W71/><G113/><T26/><D37/><U82/><E127/><V133/><F30/><W60/><G130/><T114/><D105/><U101/><E111/><V70/><F40/><W94/><G126/><T13/><D114/><U131/><E131/><V106/><F4/><W98/><G71/><T39/><D39/><U64/><E81/><V135/><F65/><W109/><G109/><T50/><D77/><U69/><E64/><V110/><F70/><W68/><G68/><T19/><D63/><U59/><E69/><V46/><F110/><W58/><G80/><T107/><D107/><U108/><E108/><V53/><F55/><W124/><G124/><T6/><D66/><U43/><E43/><V29/><F29/><W56/><G56/><T120/><D120/><U21/><E21/><N who="0" m="7689" /><D26/><U83/><E0/><V79/><F79/><W76/><G76/><T15/><D15/><U54/><E67/><V122/><F122/><W42/><G42/><T128/><D128/><U38/><E38/><V14/><REACH who="2" step="1"/><F87/><REACH who="2" ten="283,380,48,279" step="2"/><W41/><G41/><T102/><D102/><AGARI ba="1,1" hai="14,18,20,46,49,53,72,75,96,102,106,133,134,135" machi="102" ten="40,5200,0" yaku="1,1,2,1,20,1,53,0" doraHai="91" doraHaiUra="32" who="2" fromWho="0" sc="283,-55,380,0,48,65,279,0" /><INIT seed="6,0,0,2,0,10" ten="228,380,113,279" oya="2" hai0="126,128,16,82,23,14,60,117,50,18,121,68,94" hai1="85,113,130,96,109,6,1,133,32,93,124,119,87" hai2="41,106,3,15,115,46,65,122,29,84,70,28,80" hai3="44,78,9,49,64,57,62,37,83,5,116,111,36"/><V134/><F3/><W81/><G116/><T56/><D121/><U66/><E32/><V53/><F106/><W98/><G111/><T91/><D126/><U129/><E66/><V112/><F122/><W118/><G98/><T4/><D4/><U76/><E6/><V19/><F53/><W2/><G81/><T47/><D68/><U127/><E1/><V13/><F65/><W45/><G45/><T20/><D82/><U114/><E109/><V88/><F70/><W8/><G8/><T71/><D71/><U108/><E108/><V77/><F77/><W125/><G118/><T92/><D91/><N who="1" m="55359" /><E133/><V61/><F61/><W120/><G125/><N who="1" m="48202" /><E119/><V34/><F134/><W48/><G120/><T95/><D128/><N who="1" m="49259" /><E76/><V30/><F34/><W131/><G131/><T132/><D132/><U31/><E31/><V12/><REACH who="2" step="1"/><F19/><REACH who="2" ten="228,380,103,279" step="2"/><W22/><G64/><N who="0" m="38919" /><D117/><U100/><E114/><V24/><F24/><W89/><G62/><T102/><D18/><U26/><E113/><V55/><F55/><W67/><G67/><T7/><D7/><U74/><E26/><V135/><F135/><W75/><G5/><T11/><D102/><U58/><E100/><V97/><F97/><W39/><G2/><T40/><AGARI ba="0,1" hai="11,14,16,20,23,40,47,50,92,94,95" m="38919" machi="40" ten="30,4000,0" yaku="8,1,52,1,54,1" doraHai="10" who="0" fromWho="0" sc="228,50,380,-10,103,-20,279,-10" /><INIT seed="7,0,0,2,0,100" ten="278,370,83,269" oya="3" hai0="37,120,99,108,17,128,63,134,55,54,23,119,91" hai1="43,60,65,71,131,62,97,118,117,69,27,6,32" hai2="35,73,38,53,93,82,57,116,61,24,95,59,106" hai3="127,110,104,50,52,11,90,21,44,94,68,114,14"/><W112/><G104/><T130/><D37/><U121/><E121/><V10/><F10/><W88/><G68/><T58/><D120/><U125/><E125/><V39/><F82/><W4/><G127/><T92/><D108/><U135/><E135/><V72/><F24/><W48/><G110/><T36/><D36/><U30/><E131/><N who="0" m="50217" /><D119/><N who="1" m="45579" /><E43/><V74/><F74/><W132/><G132/><T89/><D134/><U46/><E46/><V42/><F116/><W64/><G64/><N who="0" m="39031" /><D91/><U86/><E6/><V7/><F7/><W34/><G34/><T45/><D45/><U77/><E97/><V16/><F42/><W75/><G75/><T28/><D28/><U109/><E109/><V2/><F61/><N who="1" m="23657" /><E65/><V49/><F49/><W96/><G48/><T85/><D99/><U29/><E29/><V8/><F8/><W25/><REACH who="3" step="1"/><G90/><REACH who="3" ten="278,370,83,259" step="2"/><T19/><D23/><U15/><E69/><V70/><F70/><W102/><G102/><T31/><D31/><AGARI ba="0,1" hai="4,11,14,21,25,31,44,50,52,88,94,96,112,114" machi="31" ten="40,7700,0" yaku="1,1,54,2,53,0" doraHai="100" doraHaiUra="66" who="3" fromWho="0" sc="278,-77,370,0,83,0,259,87" /><INIT seed="7,1,0,2,0,19" ten="201,370,83,346" oya="3" hai0="65,68,26,127,58,118,125,78,49,45,43,126,61" hai1="17,80,2,15,47,32,36,7,34,23,104,124,90" hai2="135,14,110,25,40,63,121,111,123,75,132,51,97" hai3="74,120,115,3,8,128,112,89,64,12,85,114,70"/><W133/><G74/><T53/><D78/><U50/><E104/><V6/><F75/><W30/><G120/><N who="2" m="46153" /><F51/><W9/><G133/><N who="2" m="51273" /><F97/><W76/><G76/><T102/><D26/><U122/><E36/><V71/><F40/><W117/><G117/><T92/><D92/><U29/><E29/><V101/><F101/><W52/><G64/><T88/><D88/><U95/><E124/><V0/><F63/><W99/><G99/><T103/><D118/><U86/><E122/><V105/><F71/><W109/><G70/><T10/><D103/><U77/><E2/><V116/><F105/><W119/><G119/><T93/><D93/><U62/><E7/><V96/><F96/><W72/><G72/><T134/><D102/><U39/><E62/><V54/><F54/><W11/><G3/><T87/><D87/><U91/><E39/><V35/><F116/><W108/><G30/><T84/><D84/><U20/><E91/><V66/><F66/><W44/><G12/><T41/><D134/><U13/><E13/><V38/><F38/><W16/><G16/><T106/><D106/><U69/><E69/><V81/><F81/><N who="3" m="49327" /><G128/><T98/><D98/><U113/><E23/><V83/><F83/><W79/><G79/><T59/><D41/><U48/><E48/><AGARI ba="1,0" hai="8,9,11,44,48,52,108,109,112,114,115" m="49327" machi="48" ten="40,3900,0" yaku="15,1,54,1" doraHai="19" who="3" fromWho="1" sc="201,0,370,-42,83,0,346,42" owari="201,-20.0,328,13.0,83,-42.0,388,49.0" /></mjloggm>