<mjloggm ver="2.3"><GO type="97" lobby="0"/><UN n0="%E6%A2%B6%E5%8E%9F%E7%A9%BA" n1="%74%61%6B%65%6F%32" n2="%E9%9B%80%E8%8D%98%E3%81%8B%E3%81%82" n3="%E5%B0%B1%E6%B4%BB%E7%94%9F%40%E5%B7%9D%E6%9D%91%E8%BB%8D%E5%9B%A3" dan="13,14,14,13" rate="1852.42,1966.06,1869.06,1918.56" sx="F,M,M,M"/><TAIKYOKU oya="0"/><INIT seed="0,0,0,3,1,42" ten="250,250,250,250" oya="0" hai0="4,9,68,134,8,64,107,135,79,53,22,97,81" hai1="31,105,120,7,43,36,106,109,21,70,30,90,27" hai2="73,10,23,122,110,71,121,15,124,39,34,115,116" hai3="33,25,3,16,80,57,14,98,95,52,88,91,35"/><T93/><D107/><U69/><E109/><V28/><RYUUKYOKU type="yao9" ba="0,0" sc="250,0,250,0,250,0,250,0" hai2="10,15,23,28,34,39,71,73,110,115,116,121,122,124" /><INIT seed="0,1,0,0,2,90" ten="250,250,250,250" oya="0" hai0="13,106,128,40,98,35,55,79,6,114,120,67,111" hai1="4,23,82,131,9,11,132,12,18,68,113,56,47" hai2="119,15,76,116,110,36,126,3,10,60,66,51,22" hai3="50,93,38,91,129,95,27,125,49,118,26,99,117"/><T19/><D120/><U73/><E68/><V101/><F36/><W97/><G38/><T43/><D114/><U133/><E131/><V1/><F110/><W71/><G71/><T134/><D79/><U107/><E113/><V104/><F76/><W30/><G129/><T87/><D67/><U16/><E107/><V34/><F34/><W37/><G37/><T25/><D87/><U123/><E133/><V109/><F109/><W48/><G125/><T130/><D134/><U102/><E123/><V7/><F22/><W105/><G105/><T5/><D55/><U89/><E102/><V72/><F72/><W78/><G78/><T53/><D53/><U135/><E47/><V24/><F24/><W61/><G61/><T29/><D111/><U74/><E56/><V85/><F85/><W31/><G50/><T33/><D33/><U57/><E73/><V58/><F51/><W45/><G91/><T17/><D17/><U112/><E112/><V70/><F58/><W20/><REACH who="3" step="1"/><G20/><REACH who="3" ten="250,250,250,240" step="2"/><T69/><D130/><U52/><E135/><V108/><F108/><W83/><G83/><T62/><D128/><U80/><E132/><V59/><F126/><W75/><G75/><T96/><D62/><U84/><E74/><V92/><F70/><W122/><G122/><T44/><D69/><U39/><E39/><V100/><F104/><W103/><G103/><T54/><D106/><U46/><E82/><V63/><F101/><W32/><G32/><T86/><D35/><U94/><E80/><V65/><F63/><W64/><G64/><T28/><D43/><U88/><E89/><RYUUKYOKU ba="1,1" sc="250,-10,250,-10,250,-10,240,30" hai3="26,27,30,31,45,48,49,93,95,97,99,117,118" /><INIT seed="1,2,1,4,3,108" ten="240,240,240,270" oya="1" hai0="35,105,30,111,37,31,129,10,43,25,104,83,120" hai1="93,128,0,38,32,34,28,66,121,18,131,52,70" hai2="94,127,14,13,20,27,23,45,2,74,56,61,119" hai3="49,90,103,118,132,39,98,26,109,67,50,78,92"/><U55/><E121/><V100/><F74/><W57/><G39/><T134/><D111/><U48/><E38/><V3/><F119/><W84/><G118/><T81/><D129/><U115/><E0/><V68/><F68/><W11/><G132/><T117/><D117/><U19/><E93/><V76/><F76/><W69/><G109/><T21/><D120/><U106/><E106/><V1/><F45/><W15/><G69/><T47/><D134/><U33/><E28/><V87/><F127/><W22/><G78/><T125/><D125/><U54/><E70/><V65/><F23/><W116/><G116/><T88/><D10/><U79/><E79/><V4/><F4/><W77/><G77/><T8/><D8/><U101/><E66/><V29/><REACH who="2" step="1"/><F87/><REACH who="2" ten="240,240,230,270" step="2"/><W58/><G22/><T89/><D21/><U107/><E131/><V85/><F85/><W102/><G84/><T95/><D105/><U16/><E128/><V6/><F6/><W114/><G114/><T73/><D73/><U96/><REACH who="1" step="1"/><E115/><REACH who="1" ten="240,230,230,270" step="2"/><V64/><F64/><W110/><G110/><T82/><D104/><U46/><AGARI ba="2,3" hai="16,18,19,32,33,34,46,48,52,54,55,96,101,107" machi="46" ten="40,12000,1" yaku="1,1,2,1,0,1,54,2,53,0" doraHai="108" doraHaiUra="24" who="1" fromWho="1" sc="240,-42,230,156,230,-42,270,-42" /><INIT seed="1,3,0,4,3,97" ten="198,386,188,228" oya="1" hai0="44,77,57,109,69,101,80,71,100,11,98,110,90" hai1="0,114,9,99,34,55,39,29,31,19,41,85,87" hai2="12,5,92,36,106,122,103,40,61,54,4,121,79" hai3="108,115,33,118,60,127,116,17,107,15,86,88,18"/><U66/><E114/><V28/><F106/><W26/><G107/><T129/><D44/><U58/><E66/><V96/><F28/><N who="3" m="19607" /><G115/><T82/><D11/><U75/><E75/><V67/><F79/><W27/><G127/><T25/><D25/><U65/><E65/><V104/><F104/><W134/><G134/><T132/><D132/><U20/><E34/><V14/><F54/><W70/><G108/><N who="0" m="41579" /><D57/><U3/><E99/><V84/><F84/><W68/><G27/><T21/><D21/><U7/><E3/><V35/><F35/><W32/><G32/><T13/><D13/><U45/><E31/><V91/><F91/><W43/><G43/><T102/><D129/><U125/><E125/><V135/><F135/><W59/><G18/><T48/><D48/><U74/><E74/><V51/><F36/><W24/><G24/><T62/><D62/><U111/><E111/><V64/><F64/><N who="3" m="38943" /><G17/><T42/><D42/><U50/><E29/><V124/><F124/><W105/><G15/><AGARI ba="3,0" hai="0,7,9,15,19,20,39,41,45,50,55,58,85,87" machi="15" ten="30,1500,0" yaku="7,1" doraHai="97" who="1" fromWho="3" sc="198,0,386,24,188,0,228,-24" /><INIT seed="1,4,0,2,1,55" ten="198,410,188,204" oya="1" hai0="57,6,4,90,53,94,130,129,111,102,40,61,29" hai1="13,72,76,92,70,127,122,54,2,33,26,20,103" hai2="49,101,38,109,12,121,86,17,75,134,15,125,88" hai3="63,36,117,107,131,41,132,98,99,126,62,60,71"/><U3/><E122/><V10/><F121/><W64/><G117/><T23/><D111/><U28/><E70/><V120/><F109/><W80/><G131/><N who="0" m="50187" /><D40/><U87/><E72/><V42/><F120/><W85/><G126/><T14/><D102/><U5/><E127/><V56/><F75/><W77/><G132/><T110/><D110/><U95/><E95/><V31/><F125/><W21/><G36/><T32/><D32/><U34/><E34/><V112/><F38/><W84/><G41/><T24/><D14/><U119/><E119/><V51/><F31/><W97/><G107/><T16/><D29/><U96/><E54/><N who="2" m="31823" /><F101/><W115/><G115/><T105/><D105/><U123/><E123/><V11/><F112/><W65/><G71/><T0/><D0/><U106/><E106/><V7/><F134/><W93/><G21/><T124/><D124/><U47/><E47/><V50/><F42/><W48/><G48/><T69/><D69/><U45/><E45/><V1/><F1/><W114/><G114/><T82/><D82/><AGARI ba="4,0" hai="7,10,11,12,15,17,50,51,82,86,88" m="31823" machi="82" ten="30,3900,0" yaku="8,1,52,1,54,1" doraHai="55" who="2" fromWho="0" sc="198,-51,410,0,188,51,204,0" /><INIT seed="2,0,0,3,2,113" ten="147,410,239,204" oya="2" hai0="6,135,102,126,72,59,14,89,117,129,11,12,42" hai1="73,27,109,69,68,54,48,52,56,74,45,36,80" hai2="114,98,105,87,13,47,34,64,100,20,30,121,104" hai3="93,134,53,107,24,84,111,128,119,28,23,63,51"/><V15/><F121/><W35/><G107/><T133/><D102/><U90/><E109/><V118/><F118/><W123/><G111/><T62/><D42/><U1/><E1/><V40/><F34/><W71/><G123/><T44/><D44/><U122/><E122/><V49/><F114/><W8/><G128/><T116/><D72/><U115/><E115/><V32/><F32/><W25/><G134/><N who="0" m="51211" /><D89/><U82/><E73/><V31/><F105/><W39/><G39/><T58/><D129/><U83/><E74/><V5/><F64/><W112/><G112/><T21/><D126/><U37/><E37/><V76/><F76/><W2/><G71/><T41/><D41/><U0/><E0/><V55/><F87/><W85/><G63/><T94/><D94/><U91/><E69/><V77/><F77/><W38/><G38/><T29/><D62/><U125/><E68/><V7/><F40/><W96/><G84/><T33/><D33/><U106/><E106/><V17/><REACH who="2" step="1"/><F13/><REACH who="2" ten="147,410,229,204" step="2"/><W79/><G79/><T67/><D67/><U75/><E75/><V124/><F124/><W132/><G85/><T9/><D29/><AGARI ba="0,1" hai="5,7,15,17,20,29,30,31,47,49,55,98,100,104" machi="29" ten="40,2000,0" yaku="1,1,53,0" doraHai="113" doraHaiUra="66" who="2" fromWho="0" sc="147,-20,410,0,229,30,204,0" /><BYE who="0" /><INIT seed="2,1,0,4,2,124" ten="127,410,259,204" oya="2" hai0="21,57,18,80,40,89,73,24,112,1,99,61,86" hai1="68,105,72,56,88,76,104,28,126,120,33,25,111" hai2="26,14,27,34,100,77,62,125,50,7,38,20,95" hai3="35,65,90,42,106,55,48,134,98,75,64,71,114"/><V54/><F38/><W4/><G35/><T81/><D81/><U85/><E68/><V19/><F77/><W128/><G75/><T132/><D132/><U119/><E119/><V60/><F34/><W122/><G114/><T96/><D96/><U102/><E111/><V121/><F7/><W110/><G122/><T41/><D41/><U92/><E126/><V117/><F117/><W30/><G110/><T51/><D51/><U79/><E120/><V70/><F70/><W53/><G128/><T83/><D83/><U69/><E69/><V123/><F123/><W91/><G134/><T93/><D93/><U74/><E102/><V129/><F129/><W116/><G116/><T130/><D130/><U94/><E56/><V39/><F39/><W2/><G2/><T113/><D113/><U44/><E44/><V115/><F115/><W59/><G4/><T82/><D82/><U32/><E25/><N who="2" m="9227" /><F121/><W43/><G30/><T101/><D101/><U49/><E49/><V103/><F125/><W16/><G106/><T3/><D3/><U108/><E108/><V97/><F103/><W12/><G71/><T10/><D10/><U118/><E118/><V47/><AGARI ba="1,0" hai="14,19,20,47,50,54,60,62,95,97,100" m="9227" machi="47" ten="30,1500,0" yaku="8,1" doraHai="124" who="2" fromWho="2" sc="127,-6,410,-6,259,18,204,-6" /><INIT seed="2,2,0,5,3,131" ten="121,404,277,198" oya="2" hai0="95,52,51,106,53,121,35,57,123,27,91,102,1" hai1="29,33,20,36,128,61,98,118,89,119,60,92,130" hai2="30,55,31,81,83,38,126,135,104,86,105,82,3" hai3="113,73,15,80,34,9,114,42,76,97,112,56,7"/><V59/><F38/><W109/><G34/><T0/><D0/><U101/><E33/><V54/><F3/><W41/><G109/><T45/><D45/><U87/><E36/><V12/><F126/><W108/><G108/><T50/><D50/><U116/><E29/><V132/><F12/><W16/><G97/><T70/><D70/><U64/><E20/><V99/><F99/><W6/><G56/><T24/><D24/><U122/><E122/><V47/><F82/><W120/><G120/><T48/><D48/><U63/><REACH who="1" step="1"/><E64/><REACH who="1" ten="121,394,277,198" step="2"/><V58/><F47/><W94/><G94/><AGARI ba="2,1" hai="60,61,63,87,89,92,94,98,101,116,118,119,128,130" machi="94" ten="50,3200,0" yaku="1,1,2,1,53,0" doraHai="131" doraHaiUra="11" who="1" fromWho="3" sc="121,0,394,48,277,0,198,-38" /><INIT seed="3,0,0,3,3,109" ten="121,442,277,160" oya="3" hai0="9,42,101,103,33,125,55,1,46,74,102,53,82" hai1="70,128,78,12,131,134,51,58,115,88,126,60,40" hai2="11,20,106,77,31,85,96,69,67,7,28,38,59" hai3="3,113,64,43,121,22,79,17,132,91,48,27,14"/><W122/><G3/><T23/><D23/><U34/><E34/><V2/><F38/><W110/><G79/><T54/><D54/><U92/><E115/><V21/><F69/><W97/><G132/><T19/><D19/><U39/><E126/><V118/><F118/><W4/><G110/><T133/><D133/><U119/><E134/><V5/><F5/><W83/><G64/><T76/><D76/><U116/><E78/><V80/><F21/><W108/><G108/><T65/><D65/><U93/><E93/><V45/><F20/><W95/><G113/><T36/><D36/><U135/><E135/><V57/><F45/><W111/><G111/><T98/><D98/><U123/><E123/><V18/><F18/><W16/><G83/><T112/><D112/><U120/><E120/><V130/><F130/><N who="1" m="49705" /><E39/><V114/><F114/><W15/><G4/><T52/><D52/><U99/><E12/><V35/><F35/><W37/><G37/><T61/><D61/><U50/><E70/><V24/><F24/><W47/><REACH who="3" step="1"/><G27/><REACH who="3" ten="121,442,277,150" step="2"/><T26/><D26/><U41/><E119/><V75/><F67/><W63/><G63/><T13/><D13/><U44/><E116/><V105/><F77/><W66/><G66/><T0/><D0/><U90/><E60/><V73/><F80/><W84/><G84/><T124/><D124/><U25/><E25/><V32/><F85/><W107/><G107/><T49/><D49/><U127/><E50/><V29/><F105/><W10/><AGARI ba="0,1" hai="10,14,15,16,17,22,43,47,48,91,95,97,121,122" machi="10" ten="20,7800,0" yaku="1,1,0,1,7,1,54,1,53,0" doraHai="109" doraHaiUra="71" who="3" fromWho="3" sc="121,-26,442,-26,277,-26,150,88" /><INIT seed="3,1,0,2,1,62" ten="95,416,251,238" oya="3" hai0="77,125,54,75,21,82,106,96,70,93,15,27,78" hai1="83,67,53,116,55,135,115,76,3,40,95,31,58" hai2="19,124,29,20,64,87,22,68,88,129,120,9,8" hai3="117,84,56,85,132,37,25,45,114,24,113,118,130"/><W90/><G130/><T69/><D69/><U13/><E3/><V48/><F129/><W123/><G123/><T0/><D0/><U18/><E115/><V80/><F120/><W34/><G132/><T111/><D111/><U42/><E135/><V110/><F110/><W35/><G56/><T14/><D14/><U104/><E104/><V32/><F32/><W122/><G122/><T23/><D23/><U91/><E116/><V39/><F39/><W43/><G90/><T72/><D72/><U107/><E107/><V26/><F124/><W100/><G100/><T10/><D10/><U51/><E31/><V65/><F48/><W61/><G61/><T5/><D5/><U102/><E102/><V86/><F86/><W66/><G37/><T108/><D108/><U134/><E67/><N who="2" m="25675" /><F68/><W11/><G11/><T127/><D127/><U60/><E134/><V38/><F38/><W101/><G101/><T57/><D57/><N who="1" m="34863" /><E83/><V81/><F81/><W79/><G45/><T89/><D89/><U98/><E76/><V73/><F73/><W1/><G1/><T126/><D126/><U36/><E36/><V133/><F133/><W44/><G44/><T49/><D49/><U103/><E103/><V46/><F46/><W92/><G92/><T52/><D52/><U16/><E18/><V97/><F97/><W41/><REACH who="3" step="1"/><G66/><REACH who="3" ten="95,416,251,228" step="2"/><T119/><D119/><U121/><E121/><V74/><F74/><W94/><G94/><T131/><D131/><U2/><E2/><V12/><AGARI ba="1,1" hai="8,9,12,19,20,22,26,29,80,87,88" m="25675" machi="12" ten="30,8000,1" yaku="8,1,52,3,54,1" doraHai="62" who="2" fromWho="2" sc="95,-21,416,-21,251,93,228,-41" owari="74,-43.0,395,50.0,344,14.0,187,-21.0" /></mjloggm>