<mjloggm ver="2.3"><GO type="193" lobby="0"/><UN n0="%E3%81%A8%E3%81%8F%E3%81%8D%E3%80%82" n1="%E6%AC%A1%E5%85%83%E5%B9%B2%E6%B8%89" n2="%45%38%34%5F%32%35%69" n3="%E5%B0%B1%E6%B4%BB%E7%94%9F%40%E5%B7%9D%E6%9D%91%E8%BB%8D%E5%9B%A3" dan="11,12,10,11" rate="1752.97,1883.08,1719.04,1804.64" sx="M,M,F,M"/><TAIKYOKU oya="0"/><INIT seed="0,0,0,5,0,25" ten="250,250,250,250" oya="0" hai0="36,21,74,91,127,30,94,8,135,57,113,76,71" hai1="37,38,134,59,17,100,114,4,95,92,131,44,46" hai2="120,116,64,41,99,121,32,43,18,83,14,79,22" hai3="3,81,65,86,45,75,56,132,84,53,13,93,7"/><T105/><D71/><U27/><E134/><V9/><F64/><W63/><G3/><T60/><D105/><U61/><E4/><V52/><F32/><W104/><G104/><T129/><D36/><U39/><E131/><V101/><F116/><W118/><G118/><T117/><D113/><U24/><E114/><V82/><F82/><W2/><G2/><T5/><D74/><U0/><E0/><V33/><F33/><W110/><G110/><T125/><D76/><U102/><E39/><V55/><F120/><W89/><G132/><T88/><D117/><U85/><E61/><V124/><F124/><N who="0" m="47690" /><D94/><U50/><E59/><V47/><F9/><W66/><G75/><T112/><D112/><U68/><E50/><V109/><F121/><W69/><G45/><T98/><D98/><U103/><E103/><V62/><F109/><W16/><G7/><T128/><D135/><U78/><E78/><V90/><F90/><N who="0" m="34346" /><D8/><U77/><E77/><V97/><F99/><N who="3" m="57775" /><G69/><T72/><D5/><U96/><E68/><V106/><F97/><W42/><G42/><T123/><D72/><U1/><E96/><V49/><F41/><W51/><G81/><T20/><D123/><U67/><E38/><V115/><F101/><W87/><G63/><T80/><D80/><U23/><E102/><V19/><F106/><W108/><G108/><T31/><D128/><U10/><E100/><V48/><F62/><W133/><G133/><T15/><D129/><U107/><E37/><V130/><F130/><W122/><G122/><T54/><D15/><U12/><E107/><V40/><F115/><RYUUKYOKU ba="0,0" sc="250,15,250,-15,250,-15,250,15" hai0="20,21,30,31,54,57,60" hai3="13,16,51,53,56,65,66,84,86,87" /><INIT seed="0,1,0,4,4,82" ten="265,235,235,265" oya="0" hai0="116,122,15,125,64,30,3,76,84,86,7,77,132" hai1="18,9,22,112,135,65,56,128,83,4,60,101,29" hai2="47,21,38,53,88,34,100,107,45,91,111,103,42" hai3="41,75,127,110,69,51,63,10,92,61,98,131,108"/><T66/><D3/><U68/><E135/><V62/><F34/><W85/><G75/><T52/><D116/><U73/><E128/><V31/><F111/><N who="3" m="42539" /><G127/><T33/><D33/><U105/><E112/><V123/><F123/><W93/><G131/><T16/><D122/><U120/><E120/><V95/><F107/><W24/><G69/><T121/><D121/><U113/><E113/><V37/><F91/><N who="3" m="53359" /><G24/><T20/><D125/><U14/><E105/><V106/><F106/><W99/><G10/><N who="0" m="4575" /><D30/><U59/><E101/><V11/><F103/><N who="3" m="60879" /><G99/><T79/><D52/><U74/><E29/><V70/><F100/><W46/><AGARI ba="1,0" hai="41,46,51,61,63" m="60879,53359,42539" machi="46" ten="30,2000,0" yaku="14,1,52,1" doraHai="82" who="3" fromWho="3" sc="265,-11,235,-6,235,-6,265,23" /><INIT seed="1,0,0,4,0,38" ten="254,229,229,288" oya="1" hai0="94,74,53,72,79,9,83,0,126,10,124,107,66" hai1="78,73,98,18,112,96,4,132,50,19,31,114,68" hai2="122,13,60,47,14,5,117,36,43,32,81,41,104" hai3="131,85,130,91,118,15,26,56,87,59,116,93,55"/><U103/><E68/><V90/><F32/><W71/><G71/><T54/><D107/><U33/><E132/><V52/><F104/><W133/><G26/><T28/><D28/><U46/><E73/><V69/><F36/><W113/><G113/><T23/><D23/><U88/><E78/><V128/><F69/><W92/><G15/><N who="2" m="5641" /><F122/><W101/><G56/><T134/><D66/><U61/><E33/><V95/><F117/><N who="3" m="45163" /><G133/><T17/><D134/><U105/><E31/><V127/><F5/><W58/><G58/><T49/><D74/><U121/><E121/><V125/><F128/><N who="3" m="49195" /><G55/><T110/><D53/><U11/><E114/><V51/><F60/><W65/><G59/><T67/><D54/><U57/><E112/><V8/><F81/><W22/><G22/><T89/><D49/><U12/><E57/><V119/><F8/><W80/><G65/><T75/><D67/><U39/><E39/><V40/><F119/><W1/><G1/><T84/><D0/><U70/><E61/><V111/><F111/><W45/><G45/><T7/><D110/><U100/><E70/><V86/><F125/><N who="0" m="48234" /><D7/><U27/><E27/><V30/><F127/><W35/><G35/><T24/><D9/><U6/><E6/><V29/><AGARI ba="0,0" hai="29,30,40,41,43,47,51,52,86,90,95" m="5641" machi="29" ten="30,8000,1" yaku="8,1,52,3,54,1" doraHai="38" who="2" fromWho="2" sc="254,-20,229,-40,229,80,288,-20" /><INIT seed="2,0,0,1,2,47" ten="234,189,309,268" oya="2" hai0="110,128,10,57,115,65,113,84,50,11,69,79,28" hai1="67,83,86,2,120,27,34,92,122,118,105,35,23" hai2="31,87,42,90,98,37,132,63,59,77,40,74,68" hai3="91,103,45,96,21,52,14,61,109,123,66,48,9"/><V56/><F132/><W95/><G123/><N who="1" m="47146" /><E118/><V127/><F127/><W60/><G109/><T94/><D69/><U124/><E124/><V25/><F74/><W7/><G66/><T108/><D128/><U89/><E105/><V38/><F77/><W6/><G6/><T16/><D28/><N who="1" m="17535" /><E2/><V80/><F98/><W116/><G116/><T53/><D65/><U58/><E83/><V54/><F68/><W131/><G131/><T114/><D94/><U129/><E129/><V33/><REACH who="2" step="1"/><F56/><REACH who="2" ten="234,189,299,268" step="2"/><W51/><G103/><T119/><D119/><U26/><E58/><V111/><F111/><W72/><G72/><T135/><D135/><U93/><E67/><V75/><F75/><W24/><REACH who="3" step="1"/><G51/><REACH who="3" ten="234,189,299,258" step="2"/><T44/><D108/><U20/><E89/><V104/><F104/><W39/><G39/><AGARI ba="0,2" hai="25,31,33,37,38,39,40,42,54,59,63,80,87,90" machi="39" ten="40,7700,0" yaku="1,1,53,2" doraHai="47" doraHaiUra="36" who="2" fromWho="3" sc="234,0,189,0,299,97,258,-77" /><INIT seed="2,1,0,0,2,131" ten="234,189,396,181" oya="2" hai0="32,78,86,107,54,87,44,61,79,63,45,114,1" hai1="94,98,23,5,59,43,19,89,101,53,84,100,121" hai2="25,9,29,10,105,96,122,38,109,51,30,119,50" hai3="35,132,88,73,103,60,68,0,75,57,8,48,62"/><V36/><F122/><W97/><G35/><T31/><D1/><U2/><E121/><V92/><F119/><W13/><G0/><T71/><D107/><U27/><E2/><V72/><F72/><W129/><G129/><T28/><D114/><U110/><E110/><V33/><F105/><W55/><G132/><T99/><D32/><U56/><E5/><V41/><F30/><W93/><G68/><T106/><D106/><U124/><E124/><V58/><F109/><W69/><G103/><T104/><D104/><U118/><E43/><V16/><F50/><W64/><REACH who="3" step="1"/><G62/><REACH who="3" ten="234,189,396,171" step="2"/><T85/><D71/><U11/><E118/><V102/><F36/><W127/><G127/><T128/><D128/><U76/><E11/><V117/><F38/><W125/><G125/><T77/><D54/><U12/><E59/><V133/><F9/><W46/><G46/><N who="0" m="18027" /><D61/><U65/><E65/><V7/><F133/><W112/><G112/><T24/><D63/><U42/><E53/><V130/><F117/><W80/><G80/><T95/><D24/><U66/><E56/><V26/><F26/><W123/><G123/><T113/><D113/><U81/><E66/><V15/><F130/><W3/><G3/><T52/><D52/><U17/><E42/><V91/><F41/><W83/><G83/><T120/><D120/><U115/><E115/><V111/><F25/><W134/><G134/><T126/><D126/><U82/><E82/><V4/><F111/><W14/><G14/><T90/><AGARI ba="1,1" hai="28,31,77,78,79,85,86,87,90,95,99" m="18027" machi="90" ten="40,1500,0" yaku="8,1" doraHai="131" who="0" fromWho="0" sc="234,28,189,-5,396,-8,171,-5" /><INIT seed="3,0,0,3,5,55" ten="262,184,388,166" oya="3" hai0="93,57,54,16,75,132,8,91,129,67,92,109,87" hai1="3,106,112,125,83,0,13,25,28,118,128,82,22" hai2="110,127,5,84,105,133,100,47,42,70,60,96,88" hai3="69,74,26,126,6,124,38,1,65,64,32,85,36"/><W40/><G74/><T44/><D75/><U131/><E106/><V72/><F72/><W66/><G1/><T33/><D33/><U73/><E73/><V23/><F133/><W89/><G6/><T43/><D132/><U21/><E112/><V76/><F76/><W102/><G102/><T45/><D129/><N who="1" m="49739" /><E125/><N who="3" m="48234" /><G69/><T52/><D109/><U9/><E83/><V59/><F70/><W24/><G32/><T113/><D113/><U11/><E82/><V79/><F79/><W77/><G77/><T121/><D121/><U114/><E114/><V17/><F5/><W12/><G12/><N who="0" m="7175" /><D43/><U41/><E41/><V14/><F110/><W78/><G78/><T81/><D67/><N who="3" m="17153" /><W46/><DORA hai="80" /><G38/><T107/><D107/><U134/><E134/><V98/><F127/><W35/><G35/><T19/><D19/><N who="1" m="10479" /><E118/><V4/><F100/><W63/><G63/><N who="0" m="36263" /><D44/><U104/><E104/><V30/><F105/><W86/><G89/><T27/><D27/><AGARI ba="0,0" hai="24,26,27,36,40,46,85,86" m="17153,48234" machi="27" ten="40,7700,0" yaku="18,1,52,2" doraHai="55,80" who="3" fromWho="0" sc="262,-77,184,0,388,0,166,77" /><INIT seed="3,1,0,2,2,70" ten="185,184,388,243" oya="3" hai0="36,2,113,84,71,103,92,39,64,114,43,117,135" hai1="128,124,102,12,86,129,48,61,94,0,31,116,66" hai2="45,28,42,7,60,133,77,21,101,126,125,3,83" hai3="107,51,82,19,110,95,5,80,72,55,16,112,24"/><W78/><G107/><T59/><D2/><U122/><E0/><V127/><F101/><W35/><G112/><N who="0" m="43115" /><D117/><U34/><E122/><V46/><F133/><W104/><G104/><T13/><D135/><U18/><E116/><V27/><F60/><W131/><G131/><N who="1" m="50250" /><E124/><V40/><F7/><W96/><G110/><T69/><D43/><N who="2" m="16426" /><F3/><W120/><G120/><T118/><D118/><U85/><E31/><V63/><F63/><W41/><G5/><T26/><D26/><U15/><E34/><V105/><F105/><W11/><G80/><T57/><D13/><N who="1" m="5195" /><E48/><V81/><F81/><W130/><G41/><T106/><D106/><U88/><E18/><V76/><F76/><W4/><G130/><T14/><D14/><U98/><E102/><V97/><F97/><W47/><G4/><T89/><D103/><U17/><E17/><V115/><F115/><W1/><G1/><T91/><D91/><U73/><E73/><AGARI ba="1,0" hai="21,27,28,45,46,73,77,83,125,126,127" m="16426" machi="73" ten="30,1000,0" yaku="18,1" doraHai="70" who="2" fromWho="1" sc="185,0,184,-13,388,13,243,0" owari="185,-21.0,171,-33.0,401,50.0,243,4.0" /></mjloggm>