<mjloggm ver="2.3"><GO type="41" lobby="0"/><UN n0="%E3%82%80%E3%82%8D%E3%81%BF%E3%81%8C%E3%82%8F" n1="%E8%8B%B1%E5%BD%A6%E5%B1%B1" n2="%E5%A4%A7%E6%A8%B9%E6%B0%B7%EF%BC%92%EF%BC%95%EF%BC%85" n3="%E5%B0%B1%E6%B4%BB%E7%94%9F%40%E5%B7%9D%E6%9D%91%E8%BB%8D%E5%9B%A3" dan="14,14,13,14" rate="1968.96,1892.11,1872.63,1961.70" sx="M,M,M,M"/><TAIKYOKU oya="0"/><INIT seed="0,0,0,0,2,123" ten="250,250,250,250" oya="0" hai0="66,18,81,26,98,44,14,25,106,2,133,33,91" hai1="38,37,122,119,112,31,15,103,57,48,5,78,64" hai2="3,60,56,110,113,50,114,82,21,43,7,101,99" hai3="70,75,20,118,6,129,109,85,42,92,89,74,93"/><T1/><D133/><U47/><E119/><V67/><F110/><W124/><G70/><T94/><D66/><U36/><E122/><V126/><F126/><W69/><G69/><T73/><D26/><U40/><E31/><V63/><F82/><W128/><G6/><T32/><D44/><U96/><E78/><V107/><F21/><W115/><G42/><T13/><D33/><U4/><E112/><V130/><F130/><N who="3" m="50283" /><G20/><T120/><D120/><U108/><E108/><V28/><F50/><W53/><G53/><T19/><D25/><U132/><E132/><V9/><F43/><W134/><G134/><T58/><D32/><U10/><E4/><V49/><F49/><W46/><G46/><T62/><D106/><U116/><E116/><V86/><F86/><W84/><G109/><T8/><D81/><U68/><E68/><V135/><F135/><W100/><G118/><T121/><D73/><N who="3" m="27657" /><G115/><T127/><D127/><U79/><E79/><V71/><REACH who="2" step="1"/><F28/><REACH who="2" ten="250,250,240,250" step="2"/><W59/><G124/><T51/><D121/><U41/><E41/><V83/><F83/><W11/><G11/><T22/><D51/><U77/><E77/><V55/><AGARI ba="0,1" hai="3,7,9,55,56,60,63,67,71,99,101,107,113,114" machi="55" ten="20,2700,0" yaku="1,1,0,1,7,1,53,0" doraHai="123" doraHaiUra="131" who="2" fromWho="2" sc="250,-13,250,-7,240,37,250,-7" /><INIT seed="1,0,0,0,5,47" ten="237,243,277,243" oya="1" hai0="128,92,96,110,87,52,78,80,16,73,24,60,55" hai1="119,123,126,127,25,33,114,71,20,67,11,77,14" hai2="56,108,46,81,132,22,117,97,13,90,115,12,122" hai3="86,105,35,64,130,0,133,91,9,5,129,49,41"/><U31/><E114/><V32/><F108/><W1/><G105/><T50/><D110/><U61/><E119/><V82/><F132/><W45/><G35/><T79/><D128/><U54/><E123/><V112/><F122/><W76/><G133/><T28/><D79/><U88/><E77/><V118/><F32/><W36/><G64/><T116/><D116/><U26/><E54/><V134/><F134/><W106/><G106/><T44/><D60/><U69/><E69/><V83/><F56/><W72/><G0/><T113/><D113/><N who="2" m="43594" /><F46/><W98/><G98/><T58/><D58/><U15/><E88/><V43/><F43/><W89/><G49/><T8/><D55/><U102/><E102/><V40/><F40/><W57/><G57/><T27/><D28/><U135/><E135/><V99/><F90/><N who="3" m="34315" /><G86/><T4/><D73/><U62/><E62/><V53/><F53/><W107/><G107/><T51/><D51/><U104/><E104/><V74/><F74/><W120/><G120/><T21/><D27/><U6/><REACH who="1" step="1"/><E15/><REACH who="1" ten="237,233,277,243" step="2"/><N who="2" m="5707" /><F118/><W3/><G3/><T94/><D96/><N who="2" m="36938" /><F117/><W125/><G130/><T109/><D109/><U101/><E101/><V39/><F39/><W42/><G129/><T84/><D84/><U124/><E124/><V66/><F66/><W18/><G125/><T85/><D85/><U34/><E34/><V37/><F37/><W2/><G2/><AGARI ba="0,1" hai="2,4,8,16,21,24,44,50,52,78,80,87,92,94" machi="2" ten="30,7700,0" yaku="7,1,52,1,54,2" doraHai="47" who="0" fromWho="3" sc="237,87,233,0,277,0,243,-77" /><INIT seed="2,0,0,4,5,124" ten="324,233,277,166" oya="2" hai0="82,96,130,133,123,108,84,10,51,18,83,31,37" hai1="39,89,45,127,14,20,57,125,113,94,60,48,75" hai2="55,12,69,135,54,47,38,87,85,53,112,58,132" hai3="52,70,62,102,114,74,43,97,35,67,19,11,34"/><V128/><F112/><W50/><G74/><T120/><D37/><U63/><E113/><V40/><F12/><W41/><G114/><T98/><D133/><N who="2" m="51274" /><F87/><W105/><G34/><T25/><D108/><U44/><E75/><V29/><F85/><W131/><G131/><T88/><D130/><U121/><E121/><V129/><F29/><W115/><G115/><T22/><D51/><U99/><E39/><V21/><F21/><W79/><G79/><T17/><D83/><U106/><E106/><V66/><F69/><W15/><REACH who="3" step="1"/><G35/><REACH who="3" ten="324,233,277,156" step="2"/><T5/><D123/><U26/><E127/><V117/><F117/><W116/><G116/><T86/><D120/><U101/><E125/><V13/><F13/><W92/><G92/><T119/><D119/><U42/><E14/><V32/><F32/><W77/><G77/><T64/><D25/><U100/><E45/><AGARI ba="0,1" hai="11,15,19,41,43,45,50,52,62,67,70,97,102,105" machi="45" ten="30,7700,0" yaku="1,1,7,1,54,1,53,1" doraHai="124" doraHaiUra="61" who="3" fromWho="1" sc="324,0,233,-77,277,0,156,87" /><INIT seed="3,0,0,3,3,112" ten="324,156,277,243" oya="3" hai0="40,62,117,69,20,50,72,86,120,56,64,123,0" hai1="57,8,128,17,26,126,32,107,28,44,54,104,36" hai2="49,14,11,52,81,31,82,59,67,39,89,100,24" hai3="33,37,125,113,90,47,119,106,58,19,97,41,85"/><W27/><G113/><T22/><D72/><U122/><E126/><V73/><F39/><W94/><G119/><T80/><D0/><U77/><E128/><V23/><F73/><W55/><G125/><T21/><D117/><U2/><E122/><V35/><F100/><W131/><G131/><T61/><D50/><U115/><E115/><V48/><F67/><W1/><G1/><T75/><D40/><U38/><E38/><V43/><F35/><W118/><G118/><T71/><D75/><U87/><E77/><V121/><F121/><W66/><G66/><T101/><D101/><U83/><E83/><V53/><F43/><W7/><G7/><T91/><REACH who="0" step="1"/><D69/><REACH who="0" ten="314,156,277,243" step="2"/><U60/><E2/><V12/><F89/><W4/><G106/><T127/><D127/><U65/><E36/><V133/><F133/><W103/><G103/><T135/><D135/><U129/><E129/><V15/><REACH who="2" step="1"/><F11/><REACH who="2" ten="314,156,267,243" step="2"/><W25/><G41/><T102/><D102/><U124/><E124/><V88/><F88/><W111/><G90/><T132/><D132/><U5/><E8/><V16/><F16/><W134/><G19/><T108/><D108/><U92/><E17/><V34/><F34/><W29/><G33/><T13/><D13/><U116/><E116/><V78/><F78/><W63/><G111/><T130/><D130/><U93/><E5/><V3/><F3/><W46/><G4/><T51/><D51/><U10/><E10/><V114/><F114/><W70/><G134/><T79/><D79/><U95/><E87/><V109/><F109/><W110/><G85/><T99/><D99/><RYUUKYOKU ba="0,2" sc="314,10,156,10,267,10,243,-30" hai0="20,21,22,56,61,62,64,71,80,86,91,120,123" hai1="26,28,32,44,54,57,60,65,92,93,95,104,107" hai2="12,14,15,23,24,31,48,49,52,53,59,81,82" /><INIT seed="4,1,2,1,5,64" ten="324,166,277,213" oya="0" hai0="17,6,99,52,14,36,45,70,94,11,118,86,69" hai1="123,74,105,107,1,50,30,133,71,38,76,66,92" hai2="129,32,56,120,37,8,87,82,111,59,47,43,29" hai3="84,75,9,42,77,26,33,135,16,40,7,91,39"/><T18/><D118/><U22/><E123/><V132/><F111/><W134/><G75/><T90/><D36/><U24/><E133/><N who="3" m="50698" /><G77/><T53/><D53/><U20/><E1/><V125/><F129/><W112/><G39/><T2/><D18/><U100/><E38/><V3/><F125/><W113/><G33/><T115/><D115/><N who="3" m="44105" /><G26/><T51/><D99/><U80/><E50/><V93/><F120/><W116/><G116/><T10/><AGARI ba="1,2" hai="2,6,10,11,14,17,45,51,52,69,70,86,90,94" machi="10" ten="20,12000,1" yaku="0,1,7,1,52,2,54,1" doraHai="64" who="0" fromWho="0" sc="324,143,166,-41,277,-41,213,-41" /><INIT seed="4,2,0,0,1,128" ten="467,125,236,172" oya="0" hai0="91,64,124,11,117,15,67,36,78,103,57,92,52" hai1="74,24,69,2,121,88,56,37,89,9,19,75,48" hai2="27,59,16,99,70,132,81,72,62,100,44,47,39" hai3="53,26,6,65,126,8,34,40,127,31,102,12,25"/><T20/><D117/><U104/><E104/><V50/><F81/><W22/><G40/><T131/><D36/><U95/><E69/><V118/><F72/><W0/><G53/><T49/><D131/><U14/><E37/><V28/><F118/><W110/><G65/><T66/><D124/><N who="3" m="47657" /><G102/><T109/><D109/><U4/><E121/><V85/><F85/><W51/><G51/><T17/><D103/><U129/><E129/><V108/><F108/><W43/><G43/><T30/><D78/><U111/><E111/><V61/><F16/><N who="3" m="12487" /><G110/><T21/><D30/><U45/><E24/><V122/><F122/><W79/><G79/><T58/><D58/><U130/><E56/><V71/><F27/><W93/><G93/><T38/><D38/><U18/><E18/><V80/><F28/><W133/><G133/><T60/><D60/><N who="2" m="23146" /><F99/><AGARI ba="2,0" hai="11,15,17,20,21,49,52,57,64,66,67,91,92,99" machi="99" ten="40,3900,0" yaku="8,1,54,1" doraHai="128" who="0" fromWho="2" sc="467,45,125,0,236,-45,172,0" /><INIT seed="4,3,0,1,3,116" ten="512,125,191,172" oya="0" hai0="37,105,117,6,63,15,57,85,106,4,23,67,27" hai1="17,7,21,126,124,91,133,46,47,130,3,66,35" hai2="82,129,121,80,61,11,9,132,49,88,10,34,90" hai3="24,73,93,128,13,101,62,104,1,123,26,100,22"/><T18/><D117/><U125/><E35/><V59/><F34/><W45/><G1/><T78/><D37/><U74/><E74/><V14/><F132/><W31/><G104/><T69/><D69/><U122/><E133/><V40/><F121/><W50/><G73/><T84/><D84/><U114/><E66/><V20/><F129/><W39/><G39/><T64/><D64/><U115/><E130/><V36/><F36/><W112/><G128/><T81/><D6/><U29/><E29/><V107/><F107/><W92/><G123/><T48/><D48/><U95/><E122/><V65/><F20/><N who="3" m="15751" /><G62/><T97/><D97/><U19/><E7/><V43/><F14/><W71/><G13/><T25/><D25/><N who="1" m="14511" /><E19/><V113/><F113/><N who="1" m="43017" /><E3/><V54/><F43/><N who="3" m="24895" /><G71/><T98/><D98/><AGARI ba="3,0" hai="46,47,91,95,98,124,125,126" m="43017,14511" machi="98" ten="40,5200,0" yaku="18,1,15,1,11,1" doraHai="116" who="1" fromWho="0" sc="512,-61,125,61,191,0,172,0" /><INIT seed="5,0,0,4,5,53" ten="451,186,191,172" oya="1" hai0="98,22,86,27,10,26,100,33,124,97,57,38,28" hai1="58,112,85,25,40,21,49,19,73,83,35,91,12" hai2="96,75,8,3,130,135,6,104,41,93,37,92,103" hai3="87,62,102,78,63,55,109,76,101,122,42,70,16"/><U43/><E112/><V89/><F135/><W118/><G122/><T88/><D38/><U32/><E73/><V4/><F130/><W123/><G109/><T128/><D128/><U30/><REACH who="1" step="1"/><E35/><REACH who="1" ten="451,176,191,172" step="2"/><V80/><F6/><W68/><G123/><T7/><D33/><U110/><E110/><V119/><F119/><W13/><G118/><T47/><D7/><U45/><E45/><V82/><F75/><W15/><G87/><T125/><D47/><U14/><E14/><V72/><F82/><W106/><G106/><T56/><D86/><U127/><E127/><V105/><F72/><W23/><G13/><T66/><D124/><U29/><E29/><V113/><F113/><W31/><G15/><T108/><D28/><U2/><E2/><V36/><F36/><W17/><G31/><T11/><D125/><U34/><E34/><V46/><REACH who="2" step="1"/><F80/><REACH who="2" ten="451,176,181,172" step="2"/><W116/><G116/><T51/><D108/><U44/><E44/><V99/><AGARI ba="0,2" hai="3,4,8,37,41,46,89,92,93,96,99,103,104,105" machi="99" ten="20,5200,0" yaku="1,1,2,1,0,1,7,1,53,0" doraHai="53" doraHaiUra="133" who="2" fromWho="2" sc="451,-13,176,-26,181,72,172,-13" /><INIT seed="6,0,0,5,3,2" ten="438,150,253,159" oya="2" hai0="39,45,59,128,29,116,126,108,90,48,26,101,53" hai1="118,76,23,122,25,15,41,73,7,19,31,89,74" hai2="4,54,78,86,110,112,67,70,8,3,51,99,134" hai3="61,13,119,62,79,40,24,98,123,1,33,83,12"/><V65/><F134/><W22/><G1/><T11/><D108/><U49/><E118/><V10/><F112/><W69/><G123/><T113/><D126/><U117/><E117/><V125/><F125/><W132/><G119/><T0/><D128/><U36/><E36/><V100/><F110/><W18/><G132/><T92/><D113/><U94/><E122/><V114/><F114/><W5/><G40/><T66/><D101/><U58/><E76/><V115/><F115/><W91/><G69/><T127/><D127/><U96/><E7/><V35/><F35/><W84/><G33/><T72/><D72/><U50/><E50/><V20/><F20/><W81/><G13/><T93/><D93/><U87/><E96/><V16/><F86/><W63/><G98/><T68/><D11/><U111/><E111/><V56/><F78/><W80/><REACH who="3" step="1"/><G79/><REACH who="3" ten="438,150,253,149" step="2"/><T88/><D0/><U57/><E74/><V28/><F70/><W9/><AGARI ba="0,1" hai="5,9,12,18,22,24,61,62,63,80,81,83,84,91" machi="9" ten="30,8000,1" yaku="1,1,2,1,0,1,8,1,52,1,53,0" doraHai="2" doraHaiUra="97" who="3" fromWho="3" sc="438,-20,150,-20,253,-40,149,90" /><INIT seed="7,0,0,2,5,31" ten="418,130,213,239" oya="3" hai0="134,99,16,61,17,122,8,118,52,116,93,36,133" hai1="85,126,23,129,103,123,79,46,13,48,54,67,56" hai2="132,76,80,78,95,28,102,88,43,83,34,24,50" hai3="94,25,59,12,90,21,70,124,84,71,4,39,44"/><W58/><G124/><T5/><D36/><U75/><E123/><V19/><F132/><N who="0" m="50794" /><D122/><U131/><E126/><V1/><F1/><W10/><G70/><T117/><D52/><U51/><E75/><V47/><F19/><W68/><G68/><T38/><D61/><U33/><E33/><V120/><F120/><W97/><G71/><T37/><D37/><U35/><E35/><V81/><REACH who="2" step="1"/><F102/><REACH who="2" ten="418,130,203,239" step="2"/><W92/><G39/><T108/><D38/><U109/><E103/><V40/><F40/><W29/><G44/><T107/><D108/><U65/><E109/><V98/><AGARI ba="0,1" hai="24,28,34,43,47,50,76,78,80,81,83,88,95,98" machi="98" ten="30,12000,2" yaku="1,1,0,1,52,1,54,1,53,2" doraHai="31" doraHaiUra="74" who="2" fromWho="2" sc="418,-30,130,-30,203,130,239,-60" owari="388,49.0,100,-40.0,333,13.0,179,-22.0" /></mjloggm>