<mjloggm ver="2.3"><GO type="97" lobby="0"/><UN n0="%E5%AE%9F%E6%88%A6%E6%B4%BE%E3%83%8F%E3%82%B9%E3%83%A9%E3%83%BC" n1="%E3%81%82%E3%81%96%E3%81%A8%E3%81%99" n2="%6D%6D%75%75%72%72%61%61" n3="%E3%82%A6%E3%83%AB%E3%83%88%E3%83%A9%E7%AB%8B%E7%9B%B4" dan="14,15,13,15" rate="1908.23,2001.96,2033.40,1997.19" sx="M,M,M,M"/><TAIKYOKU oya="0"/><INIT seed="0,0,0,4,5,105" ten="250,250,250,250" oya="0" hai0="75,9,30,55,100,108,11,122,134,8,18,94,28" hai1="31,112,66,127,76,98,81,86,124,46,110,91,51" hai2="71,1,95,85,38,27,117,88,84,61,58,72,15" hai3="97,125,109,22,40,133,121,53,34,24,90,0,67"/><T106/><D106/><U3/><E3/><V47/><F71/><W87/><G0/><T37/><D37/><U33/><E110/><V26/><F1/><W114/><G34/><T6/><D122/><U128/><E128/><V68/><F117/><W123/><G114/><T111/><D6/><U36/><E36/><V78/><F68/><W64/><G40/><T79/><D134/><U119/><E119/><V32/><F32/><W19/><G109/><N who="0" m="42059" /><D55/><U20/><E33/><V21/><F15/><W104/><G133/><T126/><D18/><U96/><E112/><V116/><F116/><W60/><G125/><N who="1" m="48202" /><E66/><V73/><F84/><W54/><G67/><T23/><D23/><U102/><E102/><V118/><F78/><W35/><G35/><T59/><D59/><U41/><E91/><V12/><F12/><W13/><G123/><T63/><D63/><U65/><E65/><V99/><F118/><W7/><G121/><T45/><D45/><U120/><E120/><V115/><F115/><W42/><G13/><T29/><D126/><U74/><E86/><V135/><F85/><W62/><G62/><T77/><D100/><U83/><E83/><V107/><F107/><W48/><G60/><T4/><D94/><U101/><E101/><V14/><F135/><W132/><G132/><T10/><D4/><U39/><E39/><V25/><F38/><W17/><G7/><T103/><D103/><U52/><E41/><V93/><F95/><N who="3" m="54751" /><G64/><T57/><D57/><U49/><E51/><V44/><F47/><N who="3" m="25719" /><G19/><T16/><D75/><U2/><E2/><V129/><F72/><RYUUKYOKU ba="0,0" sc="250,10,250,10,250,-30,250,10" hai0="8,9,10,11,16,28,29,30,77,79" hai1="20,31,46,49,52,74,76,81,96,98" hai3="17,22,24,53,54,97,104" /><INIT seed="0,1,0,2,0,22" ten="260,260,220,260" oya="0" hai0="24,25,75,7,76,45,4,35,87,127,18,1,39" hai1="27,34,128,101,98,38,135,97,102,52,10,83,23" hai2="6,43,114,70,111,65,82,96,20,49,67,44,106" hai3="48,28,103,14,107,56,13,42,33,47,77,130,123"/><T57/><D75/><U84/><E38/><V41/><F114/><W60/><G130/><T78/><D127/><U69/><E69/><V40/><F111/><W68/><G123/><T113/><D113/><U26/><E128/><V63/><F6/><N who="0" m="2090" /><D1/><U62/><E135/><V11/><F11/><W0/><G0/><T110/><D35/><U9/><E34/><V100/><F67/><W89/><G77/><N who="0" m="29803" /><D39/><U93/><E23/><V124/><F124/><W119/><G119/><T37/><D37/><U5/><E10/><V8/><F8/><W95/><G68/><T129/><D129/><U50/><E62/><V121/><F121/><W21/><G33/><T72/><D72/><U85/><E9/><V59/><F82/><W3/><G107/><T125/><D125/><U31/><E31/><V99/><F70/><W79/><G79/><T122/><D122/><U2/><E2/><V12/><F99/><W29/><G3/><T55/><D45/><N who="1" m="27727" /><E5/><V64/><F64/><W133/><G133/><T54/><D110/><U58/><E58/><V116/><F116/><W88/><G56/><T109/><D109/><U30/><E30/><V73/><F73/><W131/><G29/><T105/><D105/><U134/><E134/><V118/><F118/><W91/><G131/><T36/><D36/><U61/><E61/><V117/><F117/><W71/><G60/><N who="0" m="35895" /><D55/><U15/><E15/><V132/><F132/><W104/><G104/><T112/><D112/><U46/><E46/><V108/><F108/><W115/><G115/><T81/><D18/><U19/><E19/><N who="2" m="10343" /><F44/><W32/><G47/><RYUUKYOKU ba="1,0" sc="260,15,260,-15,220,15,260,-15" hai0="24,25,81,87" hai2="40,41,43,49,59,63,65,96,100,106" /><INIT seed="0,2,0,2,2,106" ten="275,245,235,245" oya="0" hai0="64,42,75,44,33,133,85,84,66,30,109,1,23" hai1="57,115,91,116,127,2,25,15,43,119,71,4,20" hai2="36,19,22,31,21,7,26,32,3,77,58,49,54" hai3="122,130,50,117,39,79,40,108,13,113,17,35,121"/><T51/><D1/><U96/><E71/><V24/><F36/><W110/><G35/><T78/><D33/><U38/><E2/><V90/><F77/><W88/><G39/><T80/><D133/><U107/><E127/><V129/><F129/><W98/><G40/><T27/><D109/><N who="3" m="42089" /><G50/><T28/><D28/><U120/><E120/><N who="3" m="46186" /><G79/><T135/><D135/><U92/><E107/><V134/><F134/><W6/><G6/><T12/><D12/><U16/><E115/><V81/><F32/><W112/><G130/><T87/><AGARI ba="2,0" hai="23,27,30,42,44,51,64,66,75,78,80,84,85,87" machi="87" ten="30,3000,0" yaku="0,1,52,1" doraHai="106" who="0" fromWho="0" sc="275,36,245,-12,235,-12,245,-12" /><INIT seed="0,3,0,4,2,52" ten="311,233,223,233" oya="0" hai0="9,64,43,56,105,34,1,115,121,132,33,47,45" hai1="109,112,130,42,83,37,100,27,108,63,89,0,82" hai2="114,102,7,117,120,22,76,119,110,131,50,87,84" hai3="55,71,26,5,60,15,77,78,70,44,116,48,88"/><T129/><D105/><U49/><E37/><V111/><F7/><W19/><G116/><N who="2" m="44617" /><F22/><W94/><G71/><T21/><D121/><U68/><E0/><V133/><F50/><W11/><G70/><T73/><D73/><U101/><E130/><V3/><F3/><W2/><G2/><T25/><D115/><U95/><E112/><V18/><F114/><W113/><G113/><T62/><D129/><U29/><E68/><V8/><F131/><W123/><G123/><T13/><D1/><U40/><E63/><V125/><F120/><W17/><G60/><T28/><D132/><U72/><E72/><V4/><F133/><W93/><G93/><T79/><D79/><N who="3" m="30217" /><G26/><T126/><D126/><U92/><E49/><V24/><F4/><W31/><G31/><T85/><D85/><AGARI ba="3,0" hai="5,11,15,17,19,44,48,55,85,88,94" m="30217" machi="85" ten="30,2000,0" yaku="8,1,54,1" doraHai="52" who="3" fromWho="0" sc="311,-29,233,0,223,0,233,29" /><INIT seed="1,0,0,1,0,25" ten="282,233,223,262" oya="1" hai0="114,14,78,23,17,111,51,92,63,130,83,117,129" hai1="20,22,84,60,89,121,74,44,53,4,134,34,57" hai2="59,1,3,112,6,2,100,135,90,7,21,96,107" hai3="8,42,15,71,91,126,0,16,88,27,40,5,109"/><U133/><E121/><V102/><F112/><W104/><G104/><T105/><D105/><U70/><E74/><V98/><F135/><N who="1" m="51721" /><E34/><V93/><F90/><N who="3" m="34347" /><G71/><T45/><D117/><U29/><E70/><V26/><REACH who="2" step="1"/><F59/><REACH who="2" ten="282,233,213,262" step="2"/><W103/><G103/><T36/><D114/><U10/><E44/><V66/><F66/><W127/><G109/><T47/><D111/><U69/><E69/><V113/><F113/><W122/><G122/><T50/><D47/><U82/><E29/><AGARI ba="0,1" hai="1,2,3,6,7,21,26,29,93,96,98,100,102,107" machi="29" ten="40,2600,0" yaku="1,1,52,1,53,0" doraHai="25" doraHaiUra="38" who="2" fromWho="1" sc="282,0,233,-26,213,36,262,0" /><INIT seed="2,0,0,4,1,8" ten="282,207,249,262" oya="2" hai0="66,117,100,69,52,125,128,14,34,53,119,75,22" hai1="89,77,55,81,16,132,29,37,50,38,91,94,32" hai2="111,2,63,36,130,31,134,54,61,60,0,72,121" hai3="39,59,98,49,113,110,35,41,80,96,108,25,6"/><V84/><F72/><W70/><G70/><T112/><D34/><U88/><E132/><V115/><F121/><W17/><G6/><T42/><D75/><U13/><E94/><V133/><F115/><W85/><G39/><T43/><D100/><U24/><E77/><V11/><F36/><W126/><G126/><T20/><D112/><U79/><E79/><V56/><F31/><W9/><G113/><T62/><D125/><U135/><E81/><V64/><F130/><W67/><G35/><T21/><D128/><U73/><E73/><V106/><F106/><W51/><G51/><T122/><D122/><U123/><E135/><N who="2" m="51723" /><F84/><W95/><G95/><T92/><D92/><U86/><E86/><V71/><F111/><W28/><G28/><T74/><D74/><U114/><E114/><V40/><F40/><N who="0" m="15402" /><D14/><U5/><E5/><N who="2" m="1447" /><F61/><W68/><G98/><T58/><D69/><U7/><E7/><V78/><F78/><N who="3" m="46231" /><G68/><T90/><D90/><U1/><E1/><AGARI ba="0,0" hai="1,2,54,56,60,63,64,71" m="1447,51723" machi="1" ten="30,1500,0" yaku="20,1" doraHai="8" who="2" fromWho="1" sc="282,0,207,-15,249,15,262,0" /><INIT seed="2,1,0,1,5,65" ten="282,192,264,262" oya="2" hai0="61,60,48,106,97,2,0,102,99,124,113,71,128" hai1="25,30,114,119,39,90,77,110,3,88,5,73,34" hai2="109,105,80,67,59,127,36,100,4,24,1,131,95" hai3="87,27,104,94,21,22,93,15,32,35,84,63,64"/><V120/><F120/><W17/><G104/><T91/><D48/><U40/><E114/><V115/><F36/><W125/><G125/><T83/><D113/><U129/><E119/><V7/><F115/><W12/><G63/><T23/><D124/><U117/><E117/><V72/><F127/><W98/><G64/><T108/><D128/><U107/><E129/><V6/><F131/><W51/><G51/><T81/><D108/><U121/><E110/><V50/><F109/><W74/><G74/><T16/><D83/><N who="1" m="45487" /><E107/><V103/><F105/><W82/><G27/><T89/><D81/><U45/><E121/><V18/><F1/><W101/><G82/><T9/><D9/><AGARI ba="1,0" hai="3,5,9,25,30,34,39,40,45,88,90" m="45487" machi="9" ten="30,2000,0" yaku="25,1,54,1" doraHai="65" who="1" fromWho="0" sc="282,-23,192,23,264,0,262,0" /><INIT seed="3,0,0,4,5,32" ten="259,215,264,262" oya="3" hai0="75,112,9,20,68,128,11,35,126,107,83,66,78" hai1="70,58,19,111,124,5,51,59,65,21,63,50,55" hai2="39,103,80,84,71,10,54,110,43,31,109,26,102" hai3="36,127,13,8,135,34,38,69,57,85,29,81,64"/><W15/><G69/><T45/><D35/><U46/><E111/><N who="2" m="42507" /><F71/><W42/><G34/><T116/><D107/><U106/><E124/><V44/><F54/><W23/><G38/><T24/><D116/><U98/><E5/><V133/><F133/><W1/><G36/><T48/><D126/><U121/><E121/><V100/><F10/><W12/><G1/><T117/><D117/><U60/><E106/><V47/><F47/><W129/><G42/><T130/><D112/><U119/><E119/><V7/><F7/><W77/><G129/><N who="0" m="49771" /><D66/><N who="1" m="41287" /><E98/><V56/><F56/><W25/><G135/><T96/><D96/><U27/><E19/><V118/><F118/><W17/><G127/><T131/><D68/><N who="1" m="42047" /><E27/><V97/><F26/><W122/><G122/><T82/><D82/><U108/><E21/><V52/><F52/><W92/><G92/><T114/><D114/><U53/><E108/><V73/><F31/><W134/><G134/><T6/><D6/><U90/><E90/><N who="2" m="51463" /><F73/><W41/><G41/><N who="0" m="24623" /><D131/><U76/><E76/><V18/><F18/><AGARI ba="0,0" hai="9,11,18,20,24,75,78,83" m="24623,49771" machi="18" ten="30,1000,0" yaku="19,1" doraHai="32" who="0" fromWho="2" sc="259,10,215,0,264,-10,262,0" /><INIT seed="4,0,0,0,0,2" ten="269,215,254,262" oya="0" hai0="44,131,96,55,0,32,61,134,133,15,70,5,1" hai1="107,123,120,80,21,111,49,85,25,16,97,29,67" hai2="22,56,126,101,65,4,57,9,26,36,24,42,116" hai3="86,82,76,72,20,13,12,68,110,130,27,8,38"/><T103/><D32/><U104/><E111/><V127/><F101/><W90/><G68/><T60/><D131/><U63/><E49/><V73/><F73/><W128/><G38/><T124/><D124/><N who="2" m="47658" /><F116/><W46/><G46/><T40/><D55/><U129/><E129/><N who="3" m="49770" /><G110/><T74/><D74/><U62/><E29/><N who="2" m="17559" /><F26/><W71/><G71/><T64/><D61/><U108/><E108/><V121/><F121/><W89/><G13/><T39/><D15/><U99/><E123/><V47/><F65/><W93/><G93/><T88/><D88/><N who="3" m="33897" /><G72/><T33/><D33/><U30/><E30/><V41/><F41/><W53/><G53/><T18/><D18/><U3/><E3/><AGARI ba="0,0" hai="3,4,9,36,42,47,56,57" m="17559,47658" machi="3" ten="30,2000,0" yaku="18,1,52,1" doraHai="2" who="2" fromWho="1" sc="269,0,215,-20,254,20,262,0" /><INIT seed="5,0,0,1,2,20" ten="269,195,274,262" oya="1" hai0="31,86,89,135,44,22,82,127,56,23,58,18,13" hai1="100,2,4,29,106,12,35,78,105,72,83,48,94" hai2="118,117,9,66,3,103,34,10,59,75,128,57,109" hai3="77,21,102,0,113,126,52,37,8,108,120,30,49"/><U14/><E2/><V36/><F75/><W53/><G37/><T71/><D71/><U55/><E35/><V6/><F36/><W65/><G120/><T33/><D33/><U63/><E63/><V85/><F34/><W5/><G108/><T107/><D107/><U115/><E29/><V1/><F109/><W123/><G123/><T45/><D135/><U61/><E61/><V124/><F103/><W98/><G126/><T69/><D69/><U130/><E115/><V97/><F97/><W42/><G113/><T50/><D45/><U131/><E94/><V95/><F124/><W79/><G65/><T51/><D51/><U16/><E12/><V11/><F128/><W121/><G42/><T24/><D127/><U133/><E4/><V25/><F66/><W90/><G53/><AGARI ba="0,0" hai="13,18,22,23,24,31,44,50,53,56,58,82,86,89" machi="53" ten="30,3900,0" yaku="7,1,8,1,52,1" doraHai="20" who="0" fromWho="3" sc="269,39,195,0,274,0,262,-39" owari="308,41.0,195,-30.0,274,7.0,223,-18.0" /></mjloggm>