<mjloggm ver="2.3"><GO type="97" lobby="0"/><UN n0="%E3%82%A6%E3%83%AB%E3%83%88%E3%83%A9%E7%AB%8B%E7%9B%B4" n1="%4E%45%57%59%45%41%52" n2="%70%65%61%63%65%36%39" n3="%E3%82%A2%E3%83%99%E3%83%B3%E3%82%B7%E3%82%B9" dan="13,14,14,14" rate="1912.11,1937.02,1864.39,1901.64" sx="M,M,M,M"/><TAIKYOKU oya="0"/><INIT seed="0,0,0,0,3,128" ten="250,250,250,250" oya="0" hai0="95,91,38,103,99,106,7,80,30,71,85,9,61" hai1="123,13,72,92,104,23,55,26,4,25,41,119,87" hai2="21,89,118,133,27,82,64,117,111,65,58,2,132" hai3="79,19,37,69,126,12,113,122,15,0,70,134,14"/><T56/><D38/><U46/><E123/><V120/><F2/><W22/><G0/><T131/><D131/><U135/><E119/><N who="2" m="45579" /><F120/><W8/><G122/><T78/><D30/><U115/><E115/><V16/><F111/><W59/><G37/><T48/><D48/><U52/><E104/><V54/><F89/><W129/><G113/><T47/><D47/><U77/><E72/><V28/><F28/><W11/><G129/><T6/><D71/><U121/><E121/><V20/><F20/><W34/><G34/><T114/><D9/><U53/><E135/><N who="2" m="51787" /><F82/><W125/><G134/><T57/><D114/><U93/><E77/><V94/><F94/><N who="1" m="36457" /><E87/><V76/><F76/><W96/><G79/><T5/><REACH who="0" step="1"/><D61/><AGARI ba="0,0" hai="16,21,27,54,58,61,64,65" m="51787,45579" machi="61" ten="30,12000,2" yaku="12,1,20,1,52,3,54,1" doraHai="128" who="2" fromWho="0" sc="250,-120,250,0,250,120,250,0" /><INIT seed="1,0,0,4,3,57" ten="130,250,370,250" oya="1" hai0="80,77,70,17,15,1,107,21,43,135,91,55,81" hai1="82,38,123,124,66,33,110,132,54,102,41,34,120" hai2="90,13,20,18,56,0,101,99,119,16,36,86,103" hai3="131,40,6,98,51,125,26,52,126,61,9,89,134"/><U31/><E124/><N who="3" m="47722" /><G26/><T53/><D107/><U4/><E132/><V95/><F0/><W85/><G134/><T12/><D1/><U84/><E4/><V113/><F36/><W105/><G131/><T129/><D135/><U3/><E3/><V29/><F113/><W58/><G105/><T97/><D129/><U88/><E102/><V60/><F119/><W32/><G98/><T19/><D70/><U79/><E110/><V78/><F78/><W39/><G32/><T118/><D43/><U48/><E66/><V23/><F29/><W100/><G100/><T76/><D97/><U115/><E115/><V5/><F5/><W65/><G39/><T22/><D118/><U94/><E38/><V28/><F99/><W71/><G40/><T69/><D69/><U64/><E41/><V73/><F28/><W130/><G130/><T116/><D116/><U37/><E64/><N who="2" m="38919" /><F73/><W93/><G6/><T104/><D104/><U25/><E37/><V11/><F11/><AGARI ba="0,0" hai="9,11,51,52,58,61,65,71,85,89,93" m="47722" machi="11" ten="30,3900,0" yaku="18,1,52,1,54,1" doraHai="57" who="3" fromWho="2" sc="130,0,250,0,370,-39,250,39" /><INIT seed="2,0,0,4,5,29" ten="130,250,331,289" oya="2" hai0="93,2,97,1,126,73,14,36,43,117,6,72,49" hai1="92,64,30,123,7,98,13,44,57,48,42,68,81" hai2="131,90,12,124,104,129,112,19,120,65,11,80,101" hai3="28,16,133,77,79,132,106,17,76,100,60,83,0"/><V113/><F120/><W39/><G0/><T122/><D49/><U9/><E123/><V69/><F104/><W51/><G39/><T53/><D122/><U50/><E81/><V55/><F101/><W70/><G106/><T88/><D53/><U58/><E30/><V82/><F69/><W18/><G100/><T86/><D117/><U32/><E32/><V105/><F105/><W121/><G121/><T41/><D126/><U20/><E68/><V3/><F65/><W27/><G70/><T8/><D2/><U24/><E50/><V128/><F3/><W37/><G60/><T108/><D108/><U118/><E118/><V10/><F10/><W33/><G51/><T22/><D1/><U94/><E64/><V103/><F103/><W130/><G37/><T31/><D36/><U4/><E4/><V54/><F124/><W115/><G115/><N who="2" m="44105" /><F90/><W66/><G66/><T15/><D73/><U111/><E111/><V34/><F34/><W59/><G59/><N who="1" m="22538" /><E98/><V40/><F40/><W26/><G26/><T61/><D72/><U125/><E125/><V91/><F91/><W71/><G71/><T127/><D127/><U46/><E46/><V119/><F119/><W5/><G5/><T67/><D67/><U116/><E116/><V114/><F114/><W45/><G45/><T47/><D47/><U99/><E99/><V78/><F78/><W109/><G109/><T63/><D97/><U62/><E62/><N who="0" m="23561" /><D15/><U102/><E102/><V75/><F75/><W134/><G83/><AGARI ba="0,0" hai="11,12,19,54,55,80,82,83,128,129,131" m="44105" machi="83" ten="40,2000,0" yaku="19,1" doraHai="29" who="2" fromWho="3" sc="130,0,250,0,331,20,289,-20" /><INIT seed="2,1,0,2,3,52" ten="130,250,351,269" oya="2" hai0="125,88,72,111,7,56,45,70,21,85,23,63,15" hai1="101,117,65,51,10,124,67,2,41,106,132,46,64" hai2="131,43,38,24,4,110,134,27,57,118,6,89,29" hai3="133,13,71,58,34,103,109,84,113,36,59,66,122"/><V54/><F118/><W11/><G122/><T9/><D72/><U68/><E117/><V61/><F134/><W102/><G36/><T100/><D125/><U25/><E132/><V91/><F131/><W39/><G133/><T0/><D111/><U44/><E124/><V92/><F38/><W82/><G39/><T99/><D70/><U123/><E123/><V127/><F43/><W20/><G34/><T48/><D0/><U95/><E25/><V83/><F83/><W8/><G109/><T121/><D121/><U115/><E115/><V75/><F75/><W81/><G113/><T62/><D62/><U90/><E106/><V35/><F27/><W42/><G42/><T114/><D114/><U17/><E101/><N who="3" m="38410" /><G71/><T129/><D129/><U77/><E77/><V69/><F69/><W96/><G96/><T19/><D7/><U18/><E68/><V74/><F74/><W93/><G93/><T94/><D48/><N who="1" m="26639" /><E2/><V128/><F127/><W116/><G66/><N who="1" m="16898" /><U60/><DORA hai="78" /><E60/><V16/><F128/><W47/><G47/><T73/><D45/><U76/><E76/><V26/><F110/><W3/><G3/><T14/><D73/><U53/><E10/><N who="3" m="3626" /><G116/><T37/><D37/><U1/><E1/><V32/><F32/><W12/><G12/><T86/><D15/><U126/><E126/><V108/><F108/><W119/><G119/><T28/><D100/><U98/><AGARI ba="1,0" hai="17,18,46,51,53,90,95,98" m="16898,26639" machi="98" ten="30,1100,0" yaku="8,1" doraHai="52,78" who="1" fromWho="1" sc="130,-4,250,14,351,-6,269,-4" /><INIT seed="3,0,0,3,4,107" ten="126,264,345,265" oya="3" hai0="122,130,4,27,68,86,54,109,83,73,133,94,98" hai1="114,129,110,64,116,78,106,74,52,14,21,79,95" hai2="58,67,12,25,89,124,50,127,24,59,1,53,42" hai3="17,49,72,51,22,71,108,112,7,37,87,97,69"/><W65/><G112/><T103/><D68/><U33/><E114/><V118/><F1/><W128/><G37/><T104/><D4/><U9/><E33/><V132/><F118/><W77/><G7/><T111/><D27/><U60/><E106/><V82/><F42/><W93/><G128/><T119/><D54/><U62/><E116/><V102/><F102/><W134/><G134/><T66/><D66/><U63/><E129/><V38/><F38/><W2/><G2/><T113/><D119/><U121/><E121/><V117/><F12/><W18/><G87/><T41/><D41/><U47/><E110/><V11/><F11/><W123/><G123/><T84/><D113/><U120/><E120/><V45/><F132/><W56/><G108/><T115/><D115/><U6/><E95/><V23/><F117/><W26/><G49/><T96/><D133/><U46/><E21/><V34/><F34/><W80/><G18/><T105/><D130/><U48/><E74/><V40/><F82/><W13/><G13/><T32/><D32/><U44/><REACH who="1" step="1"/><E64/><REACH who="1" ten="126,254,345,265" step="2"/><V20/><F67/><W29/><G29/><T101/><D122/><U61/><N who="1" m="15872" /><DORA hai="76" /><U125/><E125/><V90/><F20/><W81/><G65/><T126/><D126/><U88/><E88/><V35/><F89/><W85/><G51/><T10/><D10/><U36/><E36/><V3/><F23/><W16/><G56/><AGARI ba="0,1" hai="6,9,14,44,46,47,48,52,56,78,79" m="15872" machi="56" ten="50,8000,1" yaku="1,1,8,1,54,1,53,1" doraHai="107,76" doraHaiUra="5,19" who="1" fromWho="3" sc="126,0,254,90,345,0,265,-80" owari="126,-37.0,344,14.0,345,44.0,185,-21.0" /></mjloggm>