<mjloggm ver="2.3"><GO type="97" lobby="0"/><UN n0="%E3%82%B9%E3%83%86%E3%83%B3%E3%83%AC%E3%82%B9%E3%83%A2%E3%83%A2" n1="%E3%81%B5%E3%83%BC%E7%88%BA" n2="%E5%A4%9C%E9%95%B7" n3="%E3%82%A6%E3%83%AB%E3%83%88%E3%83%A9%E7%AB%8B%E7%9B%B4" dan="14,15,14,14" rate="1891.69,1878.15,2037.16,1909.15" sx="F,M,M,M"/><TAIKYOKU oya="0"/><INIT seed="0,0,0,2,5,98" ten="250,250,250,250" oya="0" hai0="25,61,12,39,113,23,86,7,76,112,70,42,128" hai1="34,65,13,14,64,40,72,35,22,4,133,3,27" hai2="69,95,8,117,18,96,15,55,28,94,60,0,118" hai3="49,92,41,52,105,10,74,50,97,53,135,107,17"/><T68/><D128/><U83/><E40/><V6/><F28/><W75/><G135/><T91/><D76/><U44/><E44/><V5/><F94/><W121/><G121/><T59/><D39/><U37/><E37/><V63/><F60/><W123/><G123/><T89/><D42/><U81/><E72/><V32/><F32/><N who="1" m="12329" /><E81/><V99/><F99/><W36/><G41/><T77/><D77/><U54/><E54/><V43/><F43/><W120/><G120/><T58/><D70/><U46/><E46/><V21/><F6/><W122/><G122/><T71/><D71/><U109/><E83/><V26/><F0/><W101/><G36/><T79/><D79/><U111/><E65/><V103/><F69/><W45/><G75/><T129/><D68/><U57/><E57/><V93/><F93/><W106/><G74/><T16/><D59/><U85/><E85/><V80/><F80/><W73/><G73/><T88/><D86/><U19/><E64/><V119/><F63/><W82/><G82/><T134/><D134/><U132/><E132/><V11/><F11/><W102/><G10/><T48/><D48/><U126/><E133/><V78/><F78/><W51/><G17/><T31/><D129/><U33/><E126/><V62/><F62/><W1/><G1/><T38/><D38/><U67/><E67/><V30/><F30/><W124/><G124/><T131/><D131/><U127/><E127/><V87/><F87/><W20/><G20/><N who="0" m="15783" /><D7/><U66/><N who="1" m="12337" /><U56/><DORA hai="84" /><E3/><V9/><F9/><W24/><G50/><T104/><D104/><RYUUKYOKU ba="0,0" sc="250,15,250,-15,250,15,250,-15" hai0="12,16,23,58,61,88,89,91,112,113" hai2="5,8,15,18,21,26,55,95,96,103,117,118,119" /><INIT seed="0,1,0,1,3,32" ten="265,235,265,235" oya="0" hai0="15,102,92,117,8,24,76,114,26,25,34,61,78" hai1="7,21,10,134,36,103,95,5,68,128,33,112,105" hai2="120,39,9,104,75,110,70,82,16,3,42,11,57" hai3="49,99,86,45,55,64,107,67,118,53,85,88,35"/><T124/><D117/><U98/><E33/><V84/><F120/><W20/><G35/><T1/><D1/><U71/><E36/><V94/><F70/><W126/><G118/><T111/><D114/><U6/><E112/><V109/><F104/><W90/><G107/><T17/><D34/><U108/><E108/><N who="2" m="41579" /><F75/><W43/><G99/><N who="0" m="59751" /><D111/><U115/><E115/><V47/><F94/><N who="3" m="54543" /><G126/><T74/><D74/><U77/><E134/><V41/><F41/><W38/><G38/><T18/><D124/><U121/><E121/><V63/><F16/><W119/><G119/><T72/><D72/><U52/><E128/><V96/><F96/><W27/><G90/><T135/><D135/><U46/><E77/><N who="0" m="29801" /><D61/><U23/><E10/><N who="2" m="3595" /><F82/><W81/><G86/><T0/><D0/><U65/><E105/><V113/><F84/><W131/><G81/><T125/><D125/><U73/><E73/><V50/><F113/><W66/><G131/><T56/><D56/><U80/><E80/><V133/><F133/><W62/><G62/><T13/><D13/><U79/><E79/><V51/><F3/><W29/><AGARI ba="1,0" hai="20,27,29,43,45,49,53,55,64,66,67" m="54543" machi="29" ten="30,2000,0" yaku="8,1,54,1" doraHai="32" who="3" fromWho="3" sc="265,-11,235,-6,265,-6,235,23" /><INIT seed="1,0,0,3,2,12" ten="254,229,259,258" oya="1" hai0="95,46,78,97,4,92,113,96,101,124,135,102,132" hai1="76,105,55,73,57,107,18,86,128,125,75,44,70" hai2="103,116,59,122,80,52,38,0,3,118,22,37,49" hai3="87,21,39,40,66,64,17,32,15,26,89,93,31"/><U10/><E70/><V48/><F122/><W84/><G39/><T114/><D46/><U98/><E128/><V50/><F38/><W81/><G40/><T121/><D4/><U69/><E69/><V77/><F37/><W58/><G58/><T35/><D35/><U60/><E125/><V20/><F103/><W123/><G123/><T104/><D78/><AGARI ba="0,0" hai="15,17,21,26,31,32,64,66,78,81,84,87,89,93" machi="78" ten="30,2000,0" yaku="7,1,52,1" doraHai="12" who="3" fromWho="0" sc="254,-20,229,0,259,0,258,20" /><INIT seed="2,0,0,3,4,44" ten="234,229,259,278" oya="2" hai0="132,75,13,3,67,26,104,73,123,40,101,98,55" hai1="126,16,105,46,115,102,71,86,89,76,103,120,107" hai2="51,31,106,125,130,124,7,27,65,28,111,20,91" hai3="21,47,92,43,12,88,66,53,129,118,68,85,9"/><V49/><F106/><N who="1" m="40457" /><E16/><N who="2" m="12679" /><F65/><W2/><G2/><T25/><D123/><U128/><E46/><V113/><F113/><W69/><G118/><T116/><D116/><U95/><E71/><V63/><F63/><W99/><G129/><T121/><D121/><U131/><E120/><V83/><F7/><W8/><G66/><T109/><D3/><U97/><E115/><V79/><F91/><W17/><G68/><T108/><D132/><U122/><E122/><V133/><F133/><W77/><G69/><T58/><D40/><U32/><E32/><V60/><F60/><W64/><G64/><T82/><D13/><U37/><E37/><V100/><F100/><N who="1" m="38441" /><E126/><N who="2" m="48747" /><F130/><N who="1" m="49705" /><E76/><V48/><F111/><N who="0" m="42570" /><D67/><U110/><E110/><V36/><F36/><W42/><G42/><T70/><D70/><U127/><E127/><V78/><F78/><W29/><G29/><T93/><D25/><U45/><E45/><V33/><F33/><W41/><G41/><T19/><D26/><U14/><E14/><V72/><AGARI ba="0,0" hai="28,31,48,49,51,72,79,83" m="48747,12679" machi="72" ten="30,12000,1" yaku="18,1,52,3,54,1" doraHai="44" who="2" fromWho="2" sc="234,-40,229,-40,259,120,278,-40" /><INIT seed="2,1,0,4,0,85" ten="194,189,379,238" oya="2" hai0="109,117,130,131,107,95,82,103,121,18,6,35,135" hai1="65,51,60,28,106,43,69,126,52,132,91,71,97" hai2="17,92,87,14,5,78,128,86,112,34,46,88,89" hai3="1,124,27,49,77,15,98,104,10,120,29,38,62"/><V101/><F34/><W2/><G38/><T59/><D35/><U7/><E43/><V64/><F112/><W58/><G120/><T32/><D32/><U125/><E132/><V115/><F115/><W22/><G77/><T39/><D39/><U42/><E42/><V24/><F128/><N who="0" m="49194" /><D135/><U63/><E28/><V68/><F68/><W83/><G83/><T47/><D47/><U40/><E40/><V72/><F64/><W50/><G124/><N who="1" m="47722" /><E7/><V79/><F72/><W110/><G110/><T81/><D6/><U30/><E30/><V19/><F46/><W96/><G2/><T45/><D45/><N who="1" m="27759" /><E106/><V134/><F101/><W94/><G1/><T4/><D4/><U67/><E97/><V13/><F134/><W108/><G98/><N who="0" m="61943" /><D121/><U127/><E127/><V84/><F5/><N who="3" m="3535" /><G104/><T8/><D109/><U36/><E36/><V129/><F129/><W66/><G108/><T122/><D122/><U75/><E75/><V102/><F86/><W20/><G20/><T99/><D59/><N who="1" m="37023" /><E91/><AGARI ba="1,0" hai="22,27,29,49,50,58,62,66,91,94,96" m="3535" machi="91" ten="30,2000,0" yaku="8,1,52,1" doraHai="85" who="3" fromWho="1" sc="194,0,189,-23,379,0,238,23" /><INIT seed="3,0,0,2,0,125" ten="194,166,379,261" oya="3" hai0="113,11,116,9,12,81,2,63,127,95,99,79,26" hai1="72,119,123,117,118,44,69,15,21,23,83,109,58" hai2="30,132,80,92,49,100,8,34,112,32,110,82,97" hai3="14,94,90,57,19,124,84,61,87,52,102,68,6"/><W71/><G124/><T88/><D116/><U55/><E69/><V3/><F112/><W115/><G115/><T29/><D127/><U1/><E1/><V60/><F110/><W91/><G102/><T17/><D113/><U43/><E123/><V51/><F34/><W41/><G41/><T73/><D63/><U56/><E109/><V16/><F132/><W5/><G68/><T106/><D106/><U62/><E15/><N who="2" m="7271" /><F32/><W131/><G131/><T78/><D78/><U103/><E103/><V33/><F33/><W45/><G45/><T75/><D75/><U66/><E72/><V96/><F96/><W108/><G71/><T107/><D107/><U120/><E120/><V129/><F129/><W67/><G67/><T18/><D2/><U104/><E104/><V4/><F3/><W39/><G39/><T85/><D73/><U111/><E111/><V24/><F4/><W7/><G108/><T74/><D74/><U48/><REACH who="1" step="1"/><E83/><REACH who="1" ten="194,156,379,261" step="2"/><N who="2" m="31787" /><F60/><AGARI ba="0,1" hai="21,23,43,44,48,55,56,58,60,62,66,117,118,119" machi="60" ten="40,2600,0" yaku="1,1,12,1,53,0" doraHai="125" doraHaiUra="13" who="1" fromWho="2" sc="194,0,156,36,379,-26,261,0" owari="194,-21.0,192,-31.0,353,46.0,261,6.0" /></mjloggm>