<mjloggm ver="2.3"><GO type="41" lobby="0"/><UN n0="%E3%81%A0%E3%81%84%E3%81%B0%E3%83%BC%E3%81%AE%E3%82%93" n1="%E3%82%A4%E3%82%B9%E3%82%AB%E3%83%B3%E3%83%80%E3%83%AB" n2="%6F%79%61%6D%61" n3="%E5%B0%B1%E6%B4%BB%E7%94%9F%40%E5%B7%9D%E6%9D%91%E8%BB%8D%E5%9B%A3" dan="13,14,13,14" rate="1949.73,1848.08,1959.30,1976.17" sx="M,M,M,M"/><TAIKYOKU oya="0"/><INIT seed="0,0,0,2,5,43" ten="250,250,250,250" oya="0" hai0="12,113,116,111,65,76,70,35,32,52,62,102,18" hai1="48,106,4,89,50,91,114,133,25,130,39,75,126" hai2="33,72,31,13,30,59,6,68,118,93,128,49,87" hai3="112,24,19,67,101,3,80,135,10,40,42,26,22"/><T79/><D116/><U55/><E106/><V2/><F72/><W0/><G112/><T115/><D102/><U90/><E114/><V8/><F118/><W100/><G135/><T117/><D117/><U94/><E133/><V122/><F122/><W53/><G67/><T85/><D115/><U77/><E130/><V83/><F128/><W66/><G66/><T127/><D113/><U11/><E126/><V119/><F119/><W73/><G53/><T129/><D129/><U125/><E125/><V20/><F68/><W124/><G124/><T131/><D131/><U99/><E39/><V69/><F69/><W54/><G54/><T132/><D132/><U92/><E25/><V96/><F33/><W27/><G73/><T108/><D127/><U98/><E75/><V47/><F59/><W7/><G0/><T41/><D41/><U71/><E71/><V86/><F86/><W84/><G42/><T1/><D1/><U78/><E91/><V60/><F60/><W58/><G58/><T61/><D61/><U29/><E50/><V88/><F20/><W16/><G40/><T110/><D52/><U34/><E34/><N who="0" m="12841" /><D85/><U123/><E123/><V15/><F2/><W134/><G134/><T28/><D28/><U45/><E29/><V57/><F57/><W51/><G51/><T107/><D107/><U109/><E109/><V103/><F15/><AGARI ba="0,0" hai="4,11,15,45,48,55,77,78,89,90,92,94,98,99" machi="15" ten="30,7700,0" yaku="7,1,9,1,8,1,52,1" doraHai="43" who="1" fromWho="2" sc="250,0,250,77,250,-77,250,0" /><INIT seed="1,0,0,3,2,81" ten="250,327,173,250" oya="1" hai0="96,44,54,128,104,95,85,16,92,117,70,35,91" hai1="2,87,74,94,60,59,11,49,116,69,111,36,15" hai2="39,127,7,126,80,4,53,33,133,61,8,112,120" hai3="79,64,130,129,125,88,19,29,118,135,113,26,101"/><U47/><E116/><V45/><F120/><W6/><G6/><T73/><D35/><U18/><E74/><V57/><F133/><W10/><G101/><T103/><D70/><U122/><E122/><V13/><F33/><W66/><G79/><T17/><D117/><U9/><E111/><V108/><F108/><W132/><G113/><T43/><D73/><U12/><E2/><V109/><F109/><W23/><G118/><T31/><D31/><U48/><E69/><V21/><F112/><W55/><G55/><T90/><D104/><U63/><E36/><V68/><F68/><W78/><G78/><T30/><D30/><U84/><E94/><V3/><F21/><W46/><G46/><T14/><D128/><N who="3" m="49257" /><G125/><T38/><D54/><N who="1" m="32199" /><E63/><V28/><F28/><W37/><G37/><T41/><D41/><N who="1" m="24815" /><E60/><V107/><F107/><W83/><G10/><T77/><D77/><U123/><E123/><V58/><F4/><AGARI ba="0,0" hai="4,9,11,12,15,18,84,87" m="24815,32199" machi="4" ten="30,5800,0" yaku="8,1,52,2" doraHai="81" who="1" fromWho="2" sc="250,0,327,58,173,-58,250,0" /><INIT seed="1,1,0,5,0,94" ten="250,385,115,250" oya="1" hai0="102,29,32,27,125,90,133,14,123,82,88,52,53" hai1="63,132,28,23,95,11,2,40,71,13,12,115,121" hai2="22,101,62,42,61,51,127,89,16,70,104,87,91" hai3="120,43,79,39,129,122,5,64,100,6,80,56,33"/><U21/><E121/><V97/><F127/><W73/><G33/><T131/><D123/><U55/><E115/><V37/><F37/><W85/><G129/><T31/><D125/><U72/><E72/><V113/><F113/><W99/><G120/><T26/><D131/><U47/><E132/><V84/><F70/><W77/><G122/><T98/><D14/><U35/><E71/><V60/><F51/><W116/><G116/><T1/><D1/><U96/><E35/><V59/><F42/><W69/><G69/><T109/><D109/><U92/><E40/><V126/><F126/><W124/><G124/><T135/><D82/><U128/><E128/><V9/><F9/><W41/><G77/><T25/><D25/><U114/><E114/><V15/><REACH who="2" step="1"/><F59/><REACH who="2" ten="250,385,105,250" step="2"/><W130/><G39/><T45/><D45/><U107/><E11/><V111/><F111/><W76/><G41/><T0/><D135/><U58/><E47/><V17/><F17/><W20/><G43/><T7/><D133/><U74/><E28/><V78/><F78/><W4/><G130/><T119/><D7/><U118/><E2/><V75/><F75/><W44/><G44/><T81/><D0/><U86/><E74/><V34/><F34/><W103/><G76/><T8/><D32/><U66/><E58/><V46/><F46/><W93/><G73/><T105/><D8/><U19/><E23/><V54/><F54/><W36/><G20/><T50/><D52/><U3/><E55/><V65/><F65/><W83/><G36/><T110/><D53/><U24/><E3/><V48/><F48/><RYUUKYOKU ba="1,1" sc="250,-10,385,-10,105,30,250,-10" hai2="15,16,22,60,61,62,84,87,89,91,97,101,104" /><INIT seed="2,2,1,1,2,60" ten="240,375,135,240" oya="2" hai0="78,68,97,129,98,26,14,126,72,28,106,32,49" hai1="45,25,79,44,27,96,92,76,7,30,130,37,84" hai2="112,17,117,12,121,10,58,116,65,15,132,40,48" hai3="13,31,90,99,23,101,36,50,91,9,57,16,105"/><V93/><F121/><W114/><G36/><T107/><D14/><U83/><E130/><V122/><F122/><W34/><G114/><T134/><D129/><U125/><E125/><V42/><F112/><W94/><G34/><T71/><D126/><U20/><E7/><V11/><F132/><W80/><G80/><T95/><D49/><U2/><E2/><V86/><F117/><W43/><G105/><T102/><D95/><U3/><E3/><V1/><F1/><W127/><G127/><T82/><REACH who="0" step="1"/><D134/><REACH who="0" ten="230,375,135,240" step="2"/><U35/><E37/><V21/><F116/><W55/><G43/><N who="2" m="16425" /><F15/><W118/><G118/><T131/><D131/><U75/><E75/><V128/><F128/><W61/><G50/><T85/><D85/><U62/><E62/><N who="2" m="38103" /><F48/><W87/><G87/><T70/><D70/><U123/><E123/><V81/><F93/><W6/><G6/><T88/><D88/><AGARI ba="2,2" hai="10,11,12,17,21,81,86,88" m="38103,16425" machi="88" ten="30,5800,0" yaku="8,1,52,1,54,1" doraHai="60" who="2" fromWho="0" sc="230,-64,375,0,135,84,240,0" /><INIT seed="2,3,0,4,0,53" ten="166,375,219,240" oya="2" hai0="13,103,35,5,124,81,54,120,48,88,134,116,41" hai1="51,14,9,60,96,25,33,125,34,23,24,20,47" hai2="77,29,66,68,102,65,7,82,43,19,108,119,79" hai3="127,8,131,107,78,98,63,73,46,0,122,121,114"/><V42/><F119/><W89/><G114/><T132/><D116/><U110/><E125/><V31/><F7/><W72/><G127/><T52/><D120/><U87/><E110/><V129/><F129/><W67/><G131/><T130/><D103/><U57/><E96/><V4/><F102/><W44/><G121/><T90/><D130/><U126/><E126/><V112/><F112/><W30/><G30/><T36/><D124/><U15/><E34/><V21/><F108/><W94/><G122/><T55/><D35/><U58/><E33/><V39/><F4/><W11/><G107/><T56/><D36/><U84/><E60/><V70/><F39/><W92/><G92/><T3/><D3/><U6/><E47/><V26/><F70/><W50/><G44/><T27/><D41/><N who="2" m="15370" /><F68/><W135/><G135/><N who="0" m="51755" /><D27/><U1/><E1/><V12/><F26/><W86/><G0/><T111/><D111/><U62/><E15/><V37/><F37/><W32/><G32/><T105/><D105/><U109/><E109/><V18/><F18/><W2/><G2/><T117/><D117/><U49/><E25/><V61/><F66/><W10/><G78/><N who="2" m="29705" /><F82/><W28/><G28/><T64/><D64/><U95/><E24/><V100/><F100/><W123/><G123/><T69/><D69/><U76/><E76/><V22/><F22/><W45/><G73/><T75/><D75/><U104/><E104/><V83/><F65/><W115/><G72/><T97/><D81/><U74/><E74/><V16/><F83/><W93/><G115/><T128/><D128/><U91/><E95/><RYUUKYOKU ba="3,0" sc="166,0,375,0,219,0,240,0" /><INIT seed="3,4,0,1,2,44" ten="166,375,219,240" oya="3" hai0="101,89,6,22,39,99,104,47,18,131,20,58,16" hai1="52,36,74,67,93,54,102,124,17,100,70,108,88" hai2="106,21,87,3,92,30,41,110,40,126,55,113,79" hai3="46,73,84,68,78,121,109,60,81,120,117,64,9"/><W2/><G117/><T25/><D131/><U97/><E74/><V63/><F126/><W127/><G127/><T7/><D89/><U48/><E124/><V105/><F113/><W90/><G109/><T125/><D125/><U112/><E112/><V29/><F110/><W62/><G62/><T38/><D58/><U12/><E36/><V51/><F3/><W42/><G2/><T119/><D119/><U77/><E108/><V56/><F106/><W116/><G116/><T114/><D114/><U115/><E77/><V76/><F105/><W34/><G34/><T19/><D19/><U4/><E4/><V94/><F21/><W133/><G133/><T45/><D39/><U24/><E24/><V123/><F123/><W103/><G103/><T91/><D91/><U80/><E80/><V0/><F0/><W5/><G5/><T49/><D38/><U69/><E115/><V13/><F13/><W53/><G9/><T28/><D47/><U59/><E70/><V66/><F29/><W37/><G53/><T33/><D33/><U130/><E130/><V95/><F30/><W134/><G134/><T86/><D86/><U98/><E98/><V23/><F23/><W111/><G111/><T129/><D129/><U27/><E27/><V11/><F11/><W43/><G43/><N who="2" m="16457" /><F87/><W118/><G118/><T85/><D85/><U83/><E83/><AGARI ba="4,0" hai="37,42,46,60,64,68,73,78,81,83,84,90,120,121" machi="83" ten="30,1500,0" yaku="7,1" doraHai="44" who="3" fromWho="1" sc="166,0,375,-27,219,0,240,27" /><INIT seed="3,5,0,1,1,10" ten="166,348,219,267" oya="3" hai0="64,81,69,120,54,56,122,5,132,9,6,93,72" hai1="43,113,25,1,105,42,127,53,11,35,62,82,97" hai2="38,67,78,13,61,18,31,40,103,133,84,117,26" hai3="79,109,45,124,89,107,55,121,85,114,102,94,80"/><W52/><G121/><T112/><D69/><U8/><E113/><V98/><F117/><W39/><G114/><T58/><D112/><U134/><E134/><V12/><F133/><W49/><G124/><T34/><D34/><U37/><E127/><V74/><F74/><W65/><G109/><T126/><D126/><U88/><E105/><V95/><F38/><W111/><G111/><T50/><D132/><U115/><E115/><V131/><F131/><W90/><G65/><T129/><D129/><U60/><E37/><V86/><F40/><W116/><G116/><T123/><D93/><N who="1" m="56487" /><E1/><V73/><F73/><W119/><G119/><T59/><D5/><U2/><E2/><V125/><F125/><W29/><G29/><T135/><D135/><U21/><E35/><V75/><F75/><W104/><G39/><T27/><D27/><U15/><E82/><V106/><F18/><W19/><G90/><T0/><D64/><U17/><E8/><V70/><F78/><W51/><G102/><T28/><D28/><N who="1" m="17455" /><E53/><V41/><F41/><AGARI ba="5,0" hai="11,15,17,41,42,43,60,62" m="17455,56487" machi="41" ten="30,3900,0" yaku="8,1,52,1,54,1" doraHai="10" who="1" fromWho="2" sc="166,0,348,54,219,-54,267,0" /><INIT seed="4,0,0,2,5,66" ten="166,402,165,267" oya="0" hai0="108,98,83,67,131,86,3,19,115,59,24,4,49" hai1="97,43,80,89,135,90,85,56,122,71,16,93,123" hai2="127,116,1,132,35,14,44,109,72,88,5,34,39" hai3="104,38,17,2,121,113,78,27,69,40,10,84,120"/><T79/><D3/><U64/><E135/><V133/><F109/><W87/><G113/><T45/><D4/><U74/><E43/><V32/><F127/><W42/><G2/><T130/><D115/><U57/><E123/><N who="3" m="47178" /><G104/><T47/><D98/><U117/><E117/><V75/><F116/><W11/><G69/><T76/><D76/><U126/><E126/><V20/><F1/><W106/><G106/><T53/><D67/><U48/><E48/><V37/><F39/><W68/><G68/><T18/><D108/><U7/><E7/><V51/><F37/><W96/><G96/><T105/><D105/><U58/><E122/><V119/><F119/><W55/><G55/><T110/><D110/><U36/><E36/><V26/><F5/><W118/><G118/><T12/><D24/><U46/><E46/><V62/><F62/><W29/><G38/><T102/><D102/><U61/><E74/><V82/><F14/><N who="3" m="7383" /><G11/><T23/><REACH who="0" step="1"/><D19/><REACH who="0" ten="156,402,165,267" step="2"/><U124/><E124/><V25/><F25/><W15/><G15/><T41/><D41/><N who="3" m="15977" /><G78/><T112/><D112/><U107/><E107/><V134/><F26/><W31/><G31/><T9/><D9/><U91/><E90/><V22/><F72/><W30/><G29/><T92/><D92/><U13/><E71/><V77/><F88/><W129/><G27/><T65/><D65/><U50/><E64/><V70/><F70/><W99/><G30/><T103/><D103/><U95/><E91/><V63/><F75/><W0/><G0/><T81/><D81/><U111/><E80/><V128/><F82/><W114/><G114/><RYUUKYOKU ba="0,1" sc="156,30,402,-10,165,-10,267,-10" hai0="12,18,23,45,47,49,53,59,79,83,86,130,131" /><INIT seed="4,1,1,2,3,105" ten="186,392,155,257" oya="0" hai0="69,133,79,16,87,32,88,34,72,108,68,43,103" hai1="106,81,73,124,94,113,101,31,84,44,109,80,33" hai2="130,20,112,57,50,119,132,14,3,52,49,59,40" hai3="5,9,11,62,78,116,118,27,0,22,99,6,100"/><T114/><D103/><U58/><E109/><V36/><F130/><W35/><G78/><T63/><D108/><U38/><E124/><V48/><F132/><W83/><G83/><T1/><D1/><U28/><E38/><V42/><F3/><W125/><G125/><T120/><D120/><U98/><E44/><V92/><F119/><W65/><G9/><T76/><D76/><U102/><E58/><V86/><F112/><W56/><G6/><T128/><D43/><U115/><E33/><V67/><F36/><W60/><G60/><T74/><D114/><N who="1" m="43531" /><E28/><V85/><F67/><W47/><G47/><T41/><D41/><N who="2" m="15978" /><F57/><W127/><G35/><N who="0" m="13355" /><D79/><N who="1" m="44143" /><E31/><V13/><F13/><W24/><G127/><T8/><D8/><U61/><E61/><N who="2" m="36071" /><F92/><W95/><G27/><T2/><D2/><U39/><E39/><V10/><F20/><W90/><REACH who="3" step="1"/><G90/><REACH who="3" ten="186,392,155,247" step="2"/><T104/><D88/><N who="1" m="51215" /><E102/><V135/><F135/><W7/><G7/><AGARI ba="1,2" hai="7,10,14,48,49,50,85,86" m="36071,15978" machi="7" ten="30,2000,0" yaku="8,1,54,1" doraHai="105" who="2" fromWho="3" sc="186,0,392,0,155,43,247,-23" /><INIT seed="5,0,0,3,0,36" ten="186,392,198,224" oya="1" hai0="111,24,21,14,79,6,27,10,74,34,30,128,127" hai1="61,55,9,85,33,56,8,115,87,107,100,13,72" hai2="99,5,105,51,15,125,7,59,70,121,106,64,96" hai3="122,81,102,90,76,67,66,65,103,0,132,98,20"/><U109/><E33/><V47/><F121/><W129/><G0/><T78/><D74/><U83/><E109/><V130/><F130/><W110/><G122/><T119/><D79/><U48/><E115/><V44/><F125/><W84/><G129/><T53/><D53/><U63/><E72/><V38/><F70/><W118/><G118/><T25/><D78/><U135/><E135/><V86/><F86/><W22/><G110/><T28/><D111/><U68/><E100/><V80/><F80/><W2/><G2/><N who="0" m="343" /><D128/><U19/><E107/><V134/><F134/><W3/><G3/><T91/><D91/><U95/><E68/><V31/><F31/><N who="0" m="11818" /><D119/><U29/><E29/><V39/><F15/><W60/><G60/><T37/><D37/><U41/><E95/><V97/><F51/><W23/><G132/><T82/><D82/><U18/><E63/><V12/><F12/><W46/><G46/><T35/><D127/><U92/><E92/><AGARI ba="0,0" hai="20,22,23,65,66,67,76,81,84,90,92,98,102,103" machi="92" ten="40,1300,0" yaku="8,1" doraHai="36" who="3" fromWho="1" sc="186,0,392,-13,198,0,224,13" /><INIT seed="6,0,0,3,1,1" ten="186,379,198,237" oya="2" hai0="122,101,84,82,41,37,30,17,106,127,123,118,79" hai1="86,65,60,22,90,34,39,67,24,128,91,92,8" hai2="119,120,16,134,68,88,28,23,93,43,76,21,13" hai3="78,5,77,63,94,40,116,27,29,25,44,61,114"/><V47/><F119/><W117/><G114/><T81/><D30/><U48/><E39/><V112/><F120/><W121/><G121/><T72/><D118/><U31/><E128/><V110/><F112/><W58/><G116/><T20/><D37/><U132/><E132/><V18/><F134/><W87/><G117/><T49/><D106/><U55/><E34/><V57/><F110/><W50/><G5/><T36/><D36/><U4/><E60/><V115/><F115/><W12/><G12/><T103/><D127/><U64/><E91/><V52/><F68/><W125/><G125/><T62/><D62/><U129/><E129/><V124/><F124/><W3/><G3/><T51/><D123/><U111/><E111/><V85/><F76/><W59/><G59/><T6/><D122/><U70/><E70/><V96/><F28/><W56/><G56/><T19/><D41/><U15/><E67/><V89/><F43/><W105/><G105/><T95/><D19/><U33/><E33/><V11/><F47/><AGARI ba="0,0" hai="4,8,15,22,24,31,47,48,55,64,65,86,90,92" machi="47" ten="30,3900,0" yaku="7,1,8,1,52,1" doraHai="1" who="1" fromWho="2" sc="186,0,379,39,198,-39,237,0" /><INIT seed="7,0,0,3,2,116" ten="186,418,159,237" oya="3" hai0="133,21,16,98,105,100,31,2,68,29,122,84,38" hai1="107,15,94,46,34,44,41,19,88,74,106,42,71" hai2="72,27,115,127,55,87,17,77,35,82,58,32,14" hai3="93,51,11,70,47,128,28,65,97,134,10,89,104"/><W118/><G118/><T85/><D38/><U23/><E34/><V25/><F115/><W9/><G128/><T76/><D68/><U67/><E74/><V24/><F127/><W63/><G134/><T59/><D133/><U18/><E67/><V0/><F0/><W7/><G104/><T78/><D2/><U80/><E80/><V69/><F69/><W129/><G129/><T30/><D59/><U111/><E111/><V40/><F40/><W126/><G126/><T79/><REACH who="0" step="1"/><D122/><REACH who="0" ten="176,418,159,237" step="2"/><U75/><E71/><V20/><REACH who="2" step="1"/><F72/><REACH who="2" ten="176,418,149,237" step="2"/><W81/><G70/><T123/><D123/><U120/><E120/><V112/><F112/><W12/><G7/><T102/><D102/><U86/><E75/><V37/><F37/><W48/><G47/><T117/><D117/><U50/><E46/><V26/><N who="2" m="6656" /><DORA hai="130" /><V61/><AGARI ba="0,2" hai="14,17,20,32,35,55,58,61,77,82,87" m="6656" machi="61" ten="40,5200,0" yaku="1,1,4,1,0,1,53,0" doraHai="116,130" doraHaiUra="3,36" who="2" fromWho="2" sc="176,-13,418,-13,149,72,237,-26" owari="163,-34.0,405,51.0,221,2.0,211,-19.0" /></mjloggm>