<mjloggm ver="2.3"><GO type="97" lobby="0"/><UN n0="%4B%4B%4B%4B%4B%4B" n1="%E7%94%98%E7%B2%95%E5%A3%AB%E9%83%8E" n2="%E3%82%A6%E3%83%AB%E3%83%88%E3%83%A9%E7%AB%8B%E7%9B%B4" n3="%52%61%6E%64%79%79%79" dan="13,13,14,14" rate="1839.49,1886.10,1935.42,1915.59" sx="M,M,M,M"/><TAIKYOKU oya="0"/><INIT seed="0,0,0,3,2,40" ten="250,250,250,250" oya="0" hai0="93,86,119,29,113,89,55,97,60,31,81,10,5" hai1="41,38,28,100,77,9,42,117,95,101,135,69,58" hai2="15,92,121,110,75,96,74,44,21,67,118,76,72" hai3="112,123,126,90,43,27,23,61,104,30,19,16,24"/><T99/><D119/><U4/><E117/><V45/><F121/><W109/><G104/><T6/><D113/><U102/><E69/><V46/><F118/><W94/><G112/><T37/><D37/><U53/><E28/><V120/><F120/><W62/><G123/><T54/><D99/><U7/><E135/><V128/><F128/><W1/><G1/><T114/><D114/><U3/><E77/><V88/><F110/><W91/><G109/><T68/><D68/><U131/><E131/><V71/><F76/><W78/><G78/><T80/><D80/><U47/><E4/><N who="0" m="1641" /><D10/><U52/><E41/><V87/><F96/><W39/><G39/><T26/><D60/><N who="3" m="23145" /><G43/><T115/><D115/><U36/><E36/><V8/><F71/><W98/><G126/><T50/><D26/><U111/><E111/><V82/><F8/><W57/><G57/><N who="0" m="32983" /><D55/><U49/><REACH who="1" step="1"/><E53/><REACH who="1" ten="250,240,250,250" step="2"/><V14/><F67/><W105/><G30/><T116/><D116/><U127/><E127/><V79/><REACH who="2" step="1"/><F21/><REACH who="2" ten="250,240,240,250" step="2"/><N who="3" m="13351" /><G105/><T13/><D13/><U133/><E133/><V122/><F122/><W25/><G25/><T33/><D33/><U12/><E12/><V70/><F70/><W51/><G51/><T0/><D0/><U2/><E2/><V83/><F83/><W59/><G59/><T20/><D20/><U129/><E129/><V134/><F134/><W84/><G84/><T56/><D56/><U103/><E103/><AGARI ba="0,2" hai="19,23,27,90,91,94,98,103" m="13351,23145" machi="103" ten="30,2000,0" yaku="8,1,54,1" doraHai="40" who="3" fromWho="1" sc="250,0,240,-20,240,0,250,40" /><AGARI ba="0,0" hai="29,31,81,86,89,93,97,103" m="32983,1641" machi="103" ten="30,1500,0" yaku="8,1" doraHai="40" who="0" fromWho="1" sc="250,15,220,-15,240,0,290,0" /><INIT seed="0,1,0,4,1,14" ten="265,205,240,290" oya="0" hai0="8,108,10,70,17,73,90,98,31,97,94,54,123" hai1="103,34,92,87,82,126,62,117,102,81,42,61,134" hai2="38,0,47,41,56,7,15,44,120,19,16,135,6" hai3="101,86,128,63,99,114,122,23,26,93,67,12,46"/><T1/><D123/><U107/><E34/><V36/><F120/><W119/><G122/><T106/><D70/><U116/><E42/><V22/><F135/><W111/><G119/><N who="1" m="45642" /><E134/><V115/><F115/><W100/><G114/><T58/><D73/><U21/><E21/><V3/><F56/><W29/><G128/><T88/><D108/><U83/><E107/><V55/><F0/><W118/><G118/><T132/><D132/><U74/><E61/><V45/><F3/><W59/><G111/><T49/><D31/><U79/><E62/><V131/><F131/><W89/><G46/><T75/><D75/><U77/><E126/><V37/><F55/><W33/><G33/><T66/><D66/><U105/><E74/><V71/><F71/><W18/><G86/><T85/><D1/><U124/><E124/><V60/><F60/><W80/><G80/><N who="1" m="30826" /><E105/><V50/><F50/><W72/><G72/><T64/><D64/><U32/><E32/><V68/><F68/><W48/><G48/><T5/><D5/><U11/><E11/><N who="0" m="4137" /><D106/><U40/><E40/><V76/><F41/><W28/><G26/><T121/><D121/><U43/><E43/><V4/><F76/><N who="1" m="29257" /><E92/><V25/><F15/><W113/><G113/><T65/><D65/><U112/><E112/><V20/><F25/><W133/><G133/><T91/><D98/><U57/><E57/><V27/><F27/><W130/><G130/><T9/><D97/><U110/><E110/><V125/><F125/><W109/><G109/><T24/><D24/><U84/><N who="1" m="30834" /><U95/><DORA hai="13" /><E95/><V39/><F39/><RYUUKYOKU ba="1,0" sc="265,0,205,0,240,0,290,0" hai0="9,17,49,54,58,85,88,90,91,94" hai1="84,87,102,103" hai2="4,6,7,16,19,20,22,36,37,38,44,45,47" hai3="12,18,23,28,29,59,63,67,89,93,99,100,101" /><INIT seed="0,2,0,4,4,96" ten="265,205,240,290" oya="0" hai0="72,122,39,111,62,71,73,81,36,57,83,97,34" hai1="90,22,7,116,45,52,44,105,19,118,58,37,55" hai2="101,10,84,106,15,88,23,129,107,127,133,124,68" hai3="128,77,50,31,63,94,28,121,33,42,20,108,92"/><T80/><D122/><U76/><E105/><V98/><F68/><W131/><G121/><T30/><D111/><U119/><E76/><V86/><F129/><N who="3" m="49739" /><G33/><T35/><D71/><U112/><E112/><V123/><F123/><W25/><G108/><T9/><D9/><U87/><E7/><V14/><F133/><W74/><G31/><T51/><D51/><U53/><E58/><V82/><F106/><W65/><G77/><T18/><D18/><U46/><E37/><V4/><F23/><W54/><G42/><T99/><D30/><U61/><E61/><V135/><F135/><W56/><G74/><N who="0" m="28779" /><D57/><AGARI ba="2,0" hai="20,25,28,50,54,56,57,63,65,92,94" m="49739" machi="57" ten="30,1000,0" yaku="19,1" doraHai="96" who="3" fromWho="0" sc="265,-16,205,0,240,0,290,16" /><INIT seed="1,0,0,2,2,106" ten="249,205,240,306" oya="1" hai0="49,6,90,72,36,75,109,101,105,48,17,26,131" hai1="1,84,34,114,74,64,37,113,112,23,54,117,79" hai2="25,132,16,40,125,15,56,129,69,100,50,5,59" hai3="130,133,44,87,91,85,8,127,61,63,134,86,104"/><U21/><E117/><V7/><F69/><W67/><G104/><T14/><D36/><U13/><E34/><V53/><F125/><W92/><G127/><T68/><D68/><U97/><E1/><V83/><F129/><W71/><G130/><T122/><D131/><U46/><E64/><V0/><F0/><W35/><G35/><T88/><D26/><U39/><E84/><V58/><F132/><N who="3" m="50795" /><G63/><T47/><D6/><N who="2" m="2058" /><F100/><W121/><G121/><T70/><D70/><U9/><E97/><V93/><F40/><W20/><G8/><T27/><D27/><U41/><E37/><V18/><F83/><W3/><G3/><T107/><D122/><U98/><E98/><V33/><F33/><W19/><G44/><T124/><D124/><U45/><E54/><V60/><F60/><W31/><G31/><T22/><D22/><U4/><REACH who="1" step="1"/><E46/><REACH who="1" ten="249,195,240,306" step="2"/><V65/><F65/><W11/><G11/><T32/><D32/><U30/><E30/><V10/><F93/><W94/><G94/><T28/><D28/><U102/><E102/><V96/><F96/><W116/><G116/><T95/><D47/><U77/><E77/><V51/><F53/><W123/><G123/><T73/><D101/><U128/><E128/><V89/><F89/><N who="0" m="34410" /><D95/><U99/><E99/><V78/><F78/><W38/><G38/><T66/><D66/><U81/><AGARI ba="0,1" hai="4,9,13,21,23,39,41,45,74,79,81,112,113,114" machi="81" ten="40,7800,0" yaku="1,1,0,1,52,1,53,0" doraHai="106" doraHaiUra="62" who="1" fromWho="1" sc="249,-26,195,88,240,-26,306,-26" /><INIT seed="1,1,0,1,4,100" ten="223,283,214,280" oya="1" hai0="68,24,32,29,27,110,58,85,21,11,88,70,99" hai1="109,34,35,87,108,98,76,25,72,96,14,128,2" hai2="10,92,47,52,65,73,45,5,7,28,55,23,41" hai3="111,135,113,86,107,3,94,132,36,114,106,33,90"/><U105/><E2/><V118/><F73/><W57/><G36/><T4/><D110/><N who="1" m="42603" /><E128/><V101/><F65/><W40/><G33/><T1/><D99/><U46/><E72/><V120/><F120/><W125/><G40/><T49/><D49/><U74/><E74/><V42/><F118/><W67/><G3/><T93/><REACH who="0" step="1"/><D58/><REACH who="0" ten="213,283,214,280" step="2"/><U44/><E96/><N who="2" m="59527" /><F45/><W75/><G111/><T61/><D61/><U123/><E123/><V124/><F124/><W134/><G125/><T95/><D95/><U60/><E60/><V43/><F47/><W50/><G75/><T51/><D51/><U31/><E46/><V37/><F37/><W39/><G39/><T116/><D116/><U131/><E44/><V115/><F115/><N who="3" m="44043" /><G50/><T48/><D48/><U133/><E98/><V15/><F5/><W20/><G57/><T79/><D79/><U121/><E76/><V54/><F43/><W112/><G112/><T81/><D81/><U129/><E121/><V84/><F84/><W13/><G67/><T64/><D64/><U26/><E87/><V19/><F7/><W12/><G12/><T69/><D69/><U119/><E119/><V9/><F42/><W63/><G63/><T77/><D77/><U66/><E66/><V38/><F41/><W17/><AGARI ba="1,1" hai="13,17,20,86,90,94,106,107,132,134,135" m="44043" machi="17" ten="40,5200,0" yaku="20,1,52,2" doraHai="100" who="3" fromWho="3" sc="213,-14,283,-27,214,-14,280,65" /><INIT seed="2,0,0,1,0,129" ten="199,256,200,345" oya="2" hai0="124,91,69,113,70,53,23,9,58,62,106,123,13" hai1="52,89,90,116,82,34,60,79,78,33,41,50,63" hai2="7,107,117,80,77,81,64,115,46,27,105,103,24" hai3="84,11,32,97,15,76,40,1,94,135,85,65,48"/><V110/><F117/><W93/><G1/><T5/><D113/><U73/><E116/><V29/><F115/><W126/><G32/><T49/><D123/><U2/><E2/><V45/><F110/><W6/><G126/><T47/><D124/><U130/><E130/><V0/><F7/><W19/><G135/><T28/><D106/><U118/><E118/><V17/><F0/><W88/><G65/><T67/><D28/><U54/><E41/><V122/><F64/><W102/><G76/><T112/><D112/><U125/><E125/><V36/><F122/><W44/><G6/><T133/><D133/><U30/><E50/><V101/><F17/><W39/><G39/><T12/><REACH who="0" step="1"/><D91/><REACH who="0" ten="189,256,200,345" step="2"/><U95/><E30/><V55/><F29/><W8/><G8/><T87/><D87/><AGARI ba="0,1" hai="11,15,19,40,44,48,84,85,87,88,93,94,97,102" machi="87" ten="30,3900,0" yaku="7,1,8,1,54,1" doraHai="129" who="3" fromWho="0" sc="189,-39,256,0,200,0,345,49" /><INIT seed="3,0,0,5,3,64" ten="150,256,200,394" oya="3" hai0="47,18,108,131,35,132,2,57,72,36,103,127,80" hai1="117,52,86,113,8,71,58,32,56,39,37,120,109" hai2="134,125,98,118,13,61,94,100,23,122,116,74,19" hai3="59,78,111,66,60,104,16,4,6,83,1,41,20"/><W119/><G104/><T97/><D108/><U42/><E32/><V101/><F74/><W106/><G106/><T91/><D35/><U31/><E31/><V48/><F122/><W76/><G76/><T46/><D46/><N who="1" m="23887" /><E8/><V44/><F125/><W84/><G119/><T17/><D2/><U77/><E86/><V67/><F134/><W133/><G133/><T5/><D127/><U123/><E77/><V68/><REACH who="2" step="1"/><F101/><REACH who="2" ten="150,256,190,394" step="2"/><W88/><G111/><T62/><D132/><U63/><E109/><V43/><AGARI ba="0,1" hai="13,19,23,43,44,48,61,67,68,94,98,100,116,118" machi="43" ten="20,8000,1" yaku="1,1,2,1,0,1,7,1,52,1,53,0" doraHai="64" doraHaiUra="34" who="2" fromWho="2" sc="150,-20,256,-20,190,90,394,-40" owari="130,-37.0,236,-16.0,280,8.0,354,45.0" /></mjloggm>