<mjloggm ver="2.3"><GO type="97" lobby="0"/><UN n0="%63%72%65%73%63%65%6E%74" n1="%45%30%33%43%41" n2="%E3%81%8B%E3%81%84%E3%81%A8" n3="%E3%82%A6%E3%83%AB%E3%83%88%E3%83%A9%E7%AB%8B%E7%9B%B4" dan="13,14,13,15" rate="1809.12,1856.67,1830.21,1982.03" sx="F,F,M,M"/><TAIKYOKU oya="0"/><INIT seed="0,0,0,0,0,42" ten="250,250,250,250" oya="0" hai0="63,130,18,117,82,66,107,47,93,73,58,109,77" hai1="19,76,25,98,55,87,52,37,10,90,116,78,112" hai2="6,17,125,91,69,105,62,133,113,3,59,14,5" hai3="99,74,28,49,100,89,86,84,12,65,119,33,88"/><T126/><D117/><U9/><E116/><V121/><F113/><W1/><G1/><T71/><D107/><U7/><E112/><V80/><F121/><W15/><G74/><T94/><D130/><U103/><E37/><V20/><F125/><W118/><G65/><T97/><D126/><U30/><E10/><V2/><F133/><W111/><G111/><T64/><D109/><U131/><E131/><V35/><F105/><W56/><G28/><T72/><D72/><U67/><E67/><V120/><F120/><W11/><G33/><T115/><D115/><U60/><E60/><V26/><F69/><W38/><G38/><T41/><D18/><U21/><E30/><V4/><F80/><W134/><G134/><T51/><D51/><U114/><E114/><V13/><F91/><W40/><G99/><T70/><D94/><N who="1" m="58839" /><E78/><V83/><F83/><W29/><G29/><T44/><D64/><U24/><E24/><V46/><F46/><N who="3" m="25799" /><G100/><T132/><D132/><U124/><E124/><V79/><F79/><W102/><G102/><T27/><D27/><U22/><E22/><V53/><REACH who="2" step="1"/><F35/><REACH who="2" ten="250,250,240,250" step="2"/><W36/><G118/><T123/><D123/><U54/><E76/><V96/><F96/><W57/><G119/><T61/><D71/><U108/><E108/><V16/><F16/><W129/><G129/><T122/><D70/><U0/><E90/><V85/><F85/><W75/><G88/><T127/><D122/><U104/><E104/><V110/><F110/><W106/><G89/><T23/><D127/><U48/><E87/><N who="3" m="33322" /><G106/><T101/><D73/><U92/><E92/><RYUUKYOKU ba="0,1" sc="250,-15,250,15,240,15,250,-15" hai1="0,7,9,19,21,25,48,52,54,55" hai2="2,3,4,5,6,13,14,17,20,26,53,59,62" /><INIT seed="1,1,1,5,4,46" ten="235,265,255,235" oya="1" hai0="110,48,55,6,32,7,44,30,135,4,27,16,23" hai1="106,60,14,56,54,101,131,114,118,132,34,47,88" hai2="120,127,38,99,119,33,20,112,17,104,102,121,80" hai3="134,42,25,3,105,97,109,124,9,71,85,51,107"/><U53/><E118/><V130/><F119/><W26/><G71/><T64/><D110/><U0/><E132/><V75/><F127/><W78/><G109/><T72/><D135/><U93/><E34/><V125/><F130/><W128/><G128/><T87/><D72/><U133/><E131/><V76/><F125/><W98/><G134/><T2/><D64/><U15/><E133/><V115/><F33/><W41/><G124/><T39/><D39/><U90/><E114/><N who="2" m="43563" /><F38/><W28/><G3/><T35/><D35/><U8/><E106/><V19/><F19/><W65/><G65/><T40/><D87/><U69/><E69/><V83/><F83/><W67/><G67/><T103/><D103/><U5/><E101/><V57/><F57/><W89/><G78/><T37/><D2/><U73/><E73/><V10/><F10/><W108/><G108/><T49/><REACH who="0" step="1"/><D55/><REACH who="0" ten="225,265,255,235" step="2"/><U123/><E123/><V116/><F116/><W94/><G98/><T58/><D58/><U21/><E47/><V129/><F129/><W96/><G96/><T77/><D77/><U100/><E53/><V66/><F66/><W82/><G97/><T92/><D92/><U22/><E0/><V79/><F79/><W111/><G94/><T113/><D113/><U50/><E60/><V122/><F122/><W61/><G111/><T74/><D74/><U63/><E63/><V45/><F45/><N who="3" m="26031" /><G61/><T52/><D52/><U13/><E13/><AGARI ba="1,2" hai="13,17,20,75,76,80,99,102,104,120,121" m="43563" machi="13" ten="30,1000,0" yaku="11,1" doraHai="46" who="2" fromWho="1" sc="225,0,265,-13,255,33,235,0" /><AGARI ba="1,0" hai="4,6,7,13,16,23,27,30,32,37,40,44,48,49" machi="13" ten="40,8000,1" yaku="1,1,52,2,54,1,53,0" doraHai="46" doraHaiUra="62" who="0" fromWho="1" sc="225,80,252,-80,288,0,235,0" /><INIT seed="2,0,0,2,1,5" ten="305,172,288,235" oya="2" hai0="132,90,25,30,78,126,96,1,108,16,101,11,121" hai1="95,103,81,60,36,116,21,22,135,68,6,131,67" hai2="32,129,55,92,71,113,127,38,62,77,117,20,124" hai3="107,61,98,56,45,109,112,43,49,65,105,119,63"/><V120/><F117/><W59/><G119/><T100/><D121/><U29/><E116/><V35/><F120/><W0/><G0/><T17/><D108/><U102/><E36/><V33/><F113/><W110/><G112/><T28/><D132/><U31/><E135/><V94/><F38/><W57/><G105/><T125/><D78/><U104/><E131/><V130/><F77/><W40/><G98/><T86/><D28/><U4/><E104/><V7/><F7/><W26/><G26/><T74/><D74/><U9/><E81/><V34/><N who="2" m="8704" /><DORA hai="24" /><V91/><F20/><N who="1" m="7785" /><E68/><V10/><F10/><W13/><G13/><N who="0" m="7231" /><D1/><U52/><E95/><N who="2" m="36395" /><F91/><W118/><G107/><T48/><D48/><U134/><E134/><V122/><F122/><W70/><G118/><T27/><D96/><U76/><E76/><V79/><F79/><W37/><G63/><T106/><D106/><U89/><E89/><V64/><F55/><W75/><G75/><T8/><D30/><N who="1" m="11275" /><E67/><V93/><F93/><W19/><G19/><T42/><D42/><U72/><E72/><V73/><F73/><W2/><G2/><T58/><D58/><N who="1" m="34887" /><E4/><V47/><F47/><AGARI ba="0,0" hai="37,40,43,45,47,49,56,57,59,61,65,70,109,110" machi="47" ten="40,5200,0" yaku="34,3" doraHai="5,24" who="3" fromWho="2" sc="305,0,172,0,288,-52,235,52" /><INIT seed="3,0,0,3,5,119" ten="305,172,236,287" oya="3" hai0="52,79,68,16,134,12,20,19,70,129,101,38,2" hai1="85,93,94,34,31,59,37,61,121,49,26,135,13" hai2="113,29,4,118,46,78,47,74,23,71,11,6,90" hai3="56,130,54,41,83,82,72,14,65,86,126,80,123"/><W63/><G123/><T77/><D38/><U17/><E37/><V15/><F118/><W22/><G126/><T124/><D2/><U95/><E135/><V88/><F113/><W108/><G130/><T120/><D120/><U40/><E121/><V92/><F71/><W60/><G72/><T9/><D124/><U50/><E40/><V112/><F112/><W103/><G108/><T97/><D129/><U89/><E34/><V42/><F74/><W0/><G0/><T43/><D43/><U107/><E107/><V104/><F78/><W73/><G73/><T58/><D134/><U99/><E31/><V106/><F104/><W3/><G3/><T122/><D122/><U111/><E111/><V25/><F106/><W8/><G103/><T98/><D68/><U32/><E32/><V110/><F110/><W75/><G75/><T91/><D91/><U114/><E114/><V10/><F42/><W67/><G22/><T117/><D117/><U5/><E5/><V39/><F90/><N who="3" m="51527" /><G41/><T127/><D127/><U69/><E69/><V48/><F39/><W35/><G35/><T53/><D53/><N who="1" m="34031" /><E26/><V84/><F48/><N who="1" m="18537" /><E99/><N who="0" m="37897" /><D101/><U100/><E100/><V27/><F27/><W102/><G102/><T51/><D70/><U7/><E7/><V1/><AGARI ba="0,0" hai="1,4,6,10,11,15,23,25,29,46,47,84,88,92" machi="1" ten="20,2700,0" yaku="0,1,7,1,54,1" doraHai="119" who="2" fromWho="2" sc="305,-7,172,-7,236,27,287,-13" /><INIT seed="4,0,0,3,2,66" ten="298,165,263,274" oya="0" hai0="2,116,9,79,26,123,92,127,24,102,19,3,101" hai1="118,113,120,23,124,50,36,39,38,8,43,87,44" hai2="105,84,130,0,96,4,68,64,56,47,13,111,90" hai3="93,31,37,35,104,132,54,77,63,108,5,109,62"/><T12/><D116/><U21/><E120/><V30/><F111/><N who="3" m="42571" /><G104/><T86/><D123/><U80/><E118/><V134/><F130/><W74/><G37/><T135/><D135/><U100/><E124/><V16/><F134/><W70/><G132/><T99/><D127/><U114/><E100/><N who="0" m="38505" /><D3/><U20/><REACH who="1" step="1"/><E8/><REACH who="1" ten="298,155,263,274" step="2"/><V126/><F126/><W7/><G74/><T129/><D9/><U49/><E49/><V34/><F105/><W57/><G77/><AGARI ba="0,1" hai="20,21,23,36,38,39,43,44,50,77,80,87,113,114" machi="77" ten="50,1600,0" yaku="1,1,53,0" doraHai="66" doraHaiUra="119" who="1" fromWho="3" sc="298,0,155,26,263,0,274,-16" /><INIT seed="5,0,0,3,5,48" ten="298,181,263,258" oya="1" hai0="58,69,3,124,107,75,63,93,112,41,79,132,65" hai1="44,117,127,25,2,73,102,46,82,6,31,10,81" hai2="96,42,51,61,50,80,72,109,90,60,122,125,121" hai3="85,119,114,89,15,118,88,0,47,33,116,29,23"/><U16/><E117/><V5/><F109/><W9/><G114/><T83/><D107/><U77/><E127/><V12/><F125/><W115/><G115/><T35/><D3/><U133/><E133/><V40/><F121/><W62/><G33/><T123/><D112/><U95/><E102/><V37/><F122/><W11/><G0/><T120/><D124/><U66/><E66/><V94/><F37/><W1/><G1/><T64/><D120/><U59/><E95/><V18/><F5/><W84/><G62/><T135/><D123/><U98/><E98/><V126/><F126/><W7/><G47/><T45/><D35/><U43/><E82/><V30/><F30/><W78/><G78/><T27/><D27/><U38/><E46/><N who="2" m="25927" /><F80/><W36/><G36/><N who="0" m="21671" /><D93/><U86/><E86/><N who="3" m="33386" /><G11/><T74/><D69/><U54/><E31/><V34/><F34/><W68/><G68/><T108/><D108/><U49/><REACH who="1" step="1"/><E25/><AGARI ba="0,0" hai="7,9,15,23,25,29,88,89,116,118,119" m="33386" machi="25" ten="40,2600,0" yaku="12,1,54,1" doraHai="48" who="3" fromWho="1" sc="298,0,181,-26,263,0,258,26" /><INIT seed="6,0,0,5,0,40" ten="298,155,263,284" oya="2" hai0="133,49,61,9,38,15,55,93,123,0,106,98,5" hai1="77,36,2,91,4,117,59,12,31,127,126,83,39" hai2="125,47,124,8,41,71,128,43,18,74,102,111,45" hai3="29,50,64,134,1,135,54,119,7,24,84,70,115"/><V114/><F128/><W25/><G119/><T33/><D123/><U65/><E117/><V120/><F120/><W108/><G108/><T16/><D106/><U69/><E69/><V103/><F111/><W63/><G115/><T27/><D38/><U75/><E31/><V37/><F74/><W57/><G7/><T80/><D133/><N who="3" m="50697" /><G1/><T19/><D0/><U76/><E76/><V96/><F71/><W81/><G29/><T42/><D42/><U10/><E91/><AGARI ba="0,0" hai="24,25,50,54,57,63,64,70,81,84,91" m="50697" machi="91" ten="30,1000,0" yaku="20,1" doraHai="40" who="3" fromWho="1" sc="298,0,155,-10,263,0,284,10" /><INIT seed="7,0,0,1,3,71" ten="298,145,263,294" oya="3" hai0="70,14,98,119,94,22,123,48,18,53,114,65,0" hai1="63,37,75,91,51,16,67,36,42,20,13,134,35" hai2="43,124,95,108,79,130,49,12,86,78,132,84,113" hai3="41,81,101,10,58,120,117,72,33,54,126,5,73"/><W89/><G33/><T118/><D123/><U9/><E134/><V104/><F108/><W83/><G117/><T87/><D0/><U128/><E75/><V69/><F113/><W2/><G120/><T125/><D114/><U74/><E128/><V82/><F69/><W61/><G101/><T38/><D38/><U121/><E74/><V21/><F130/><W106/><G106/><T96/><D125/><U26/><E121/><V4/><F124/><W97/><G126/><T100/><D65/><U56/><E91/><V60/><F132/><W129/><G129/><T107/><D87/><U24/><E51/><V133/><F104/><W3/><G3/><T34/><D70/><U1/><E42/><V115/><F133/><W76/><G41/><T135/><D34/><U103/><E103/><V19/><F115/><W52/><G54/><T112/><D112/><U59/><E59/><V25/><F60/><W47/><G47/><T27/><D135/><U68/><E68/><V29/><F4/><W40/><G40/><T93/><D27/><U122/><E122/><V64/><F64/><W110/><G110/><T105/><D118/><U45/><E45/><N who="2" m="25791" /><F95/><N who="3" m="56559" /><G83/><T62/><D62/><U80/><E80/><N who="2" m="47127" /><F29/><W11/><G73/><T30/><D30/><N who="1" m="19911" /><E26/><AGARI ba="0,0" hai="12,19,21,25,26,79,82,86" m="47127,25791" machi="26" ten="30,1000,0" yaku="8,1" doraHai="71" who="2" fromWho="1" sc="298,0,145,-10,263,10,294,0" owari="298,40.0,135,-36.0,273,-13.0,294,9.0" /></mjloggm>