<mjloggm ver="2.3"><GO type="97" lobby="0"/><UN n0="%74%75%6B%61%72%65%6D%65" n1="%E3%82%A6%E3%83%AB%E3%83%88%E3%83%A9%E7%AB%8B%E7%9B%B4" n2="%E8%84%B3%E5%A4%A9%E7%86%8A" n3="%E4%B8%AD%E5%B3%B6%E6%97%A9%E8%B2%B4" dan="13,14,13,14" rate="1926.03,1941.52,1923.88,1890.64" sx="M,M,M,M"/><TAIKYOKU oya="0"/><INIT seed="0,0,0,4,0,128" ten="250,250,250,250" oya="0" hai0="6,68,75,60,31,83,110,46,61,16,58,120,17" hai1="32,134,38,113,35,64,5,112,40,65,21,125,106" hai2="53,41,135,36,9,105,101,109,81,87,19,14,44" hai3="107,80,43,0,102,124,24,73,8,23,117,95,45"/><T15/><D31/><U11/><E106/><V29/><F29/><W37/><G95/><T28/><D28/><U129/><E21/><V51/><F109/><W126/><G117/><T88/><D120/><U94/><E129/><V85/><F85/><W123/><G123/><T100/><D100/><U92/><E40/><V103/><F105/><W72/><G72/><T98/><D68/><U54/><E54/><V13/><F13/><W12/><G12/><T93/><D110/><U27/><E27/><V70/><F70/><W69/><G69/><T97/><D46/><U57/><E57/><V86/><F86/><W55/><G55/><T63/><D58/><U20/><E20/><V3/><F3/><W7/><G23/><T4/><D98/><U2/><E38/><V79/><F135/><W78/><G24/><T62/><N who="0" m="15872" /><DORA hai="114" /><T25/><D25/><U22/><E22/><V96/><F96/><AGARI ba="0,0" hai="0,7,8,37,43,45,73,78,80,96,102,107,124,126" machi="96" ten="40,8000,1" yaku="25,2,23,2" doraHai="128,114" who="3" fromWho="2" sc="250,0,250,0,250,-80,250,80" /><INIT seed="1,0,0,2,3,39" ten="250,250,170,330" oya="1" hai0="59,9,53,65,90,67,96,103,98,12,54,82,37" hai1="94,78,92,108,57,5,11,117,10,74,0,125,60" hai2="95,2,24,69,48,115,16,8,27,128,104,17,76" hai3="122,31,134,111,135,43,63,93,29,81,36,15,106"/><U132/><E117/><V26/><F69/><W28/><G106/><T33/><D33/><U62/><E125/><V25/><F104/><W35/><G111/><T44/><D103/><U66/><E132/><N who="3" m="50730" /><G122/><T120/><D120/><U133/><E133/><V1/><F76/><W121/><G121/><T105/><D105/><U14/><E108/><V79/><F79/><W84/><G93/><T73/><D73/><U32/><E32/><V34/><F95/><W88/><G63/><T23/><D23/><U64/><E78/><V127/><F48/><W77/><G15/><T30/><D30/><U83/><E83/><V38/><F38/><W22/><G77/><T7/><D54/><U102/><E102/><V49/><F49/><W87/><G87/><T55/><D55/><U124/><E124/><V126/><F115/><W75/><G75/><T72/><D72/><U80/><E80/><V58/><F58/><W118/><G118/><T71/><D82/><U70/><E74/><V129/><N who="2" m="6656" /><DORA hai="107" /><V19/><F34/><W41/><G36/><T116/><D116/><U56/><REACH who="1" step="1"/><E70/><REACH who="1" ten="250,240,170,330" step="2"/><V100/><F100/><W86/><G35/><T18/><D71/><U20/><E20/><V40/><F40/><N who="3" m="15435" /><G22/><T52/><D90/><U68/><E68/><V50/><F50/><W113/><G113/><T91/><D37/><U112/><E112/><V21/><F21/><W46/><G46/><T4/><D44/><U101/><E101/><V42/><F42/><W131/><G131/><N who="2" m="50249" /><F8/><W89/><G31/><T123/><D9/><U3/><E3/><AGARI ba="0,1" hai="1,2,3,16,17,19,126,127" m="50249,6656" machi="3" ten="50,12000,2" yaku="28,2,19,1,34,2,54,1" doraHai="39,107" who="2" fromWho="1" sc="250,0,240,-120,170,130,330,0" /><INIT seed="2,0,0,4,1,10" ten="250,120,300,330" oya="2" hai0="72,2,66,57,82,64,61,51,79,28,26,40,22" hai1="15,127,77,53,135,112,126,121,123,116,58,101,32" hai2="67,91,111,115,80,132,131,9,109,21,108,83,34" hai3="128,20,134,69,76,5,41,38,92,44,102,50,45"/><V96/><F34/><W12/><G69/><T117/><D2/><U33/><E101/><V23/><F115/><W122/><G122/><N who="1" m="46602" /><E77/><V129/><F67/><W48/><G134/><T95/><D117/><U119/><E53/><V97/><F9/><W90/><G102/><T114/><D114/><U37/><E58/><V104/><F132/><W17/><G128/><N who="2" m="49225" /><F21/><W0/><G76/><T73/><D95/><U74/><E37/><V24/><F23/><W47/><G47/><T1/><D72/><U13/><E74/><V25/><F24/><W78/><G78/><T88/><D66/><U60/><E60/><V4/><F4/><W133/><G133/><T29/><D88/><U113/><E135/><V27/><F27/><W89/><G89/><T55/><D40/><U84/><E84/><V16/><F16/><W52/><G38/><T124/><D29/><U103/><E103/><N who="2" m="62567" /><F25/><W56/><G45/><T7/><D64/><U85/><E85/><V87/><F97/><N who="3" m="57495" /><G0/><T11/><D61/><U14/><E113/><V42/><F42/><W105/><G105/><T19/><D1/><U59/><E59/><V18/><F18/><W86/><G86/><T106/><D28/><U65/><E65/><V36/><F36/><W68/><G68/><T125/><D106/><U6/><E112/><V94/><AGARI ba="0,0" hai="80,83,87,91,94,108,109,111" m="62567,49225" machi="94" ten="40,12000,1" yaku="14,1,10,1,19,1,34,2" doraHai="10" who="2" fromWho="2" sc="250,-40,120,-40,300,120,330,-40" /><INIT seed="2,1,0,3,1,131" ten="210,80,420,290" oya="2" hai0="32,105,102,33,127,67,72,13,51,0,86,128,132" hai1="74,21,79,65,48,56,85,39,49,19,96,44,73" hai2="36,58,61,77,43,60,34,90,117,42,112,26,27" hai3="101,63,6,78,47,97,22,107,121,100,104,125,123"/><V118/><F77/><W91/><G125/><T20/><D0/><U31/><E31/><BYE who="1" /><V2/><F58/><W12/><G78/><T8/><D72/><U10/><E10/><V38/><F90/><W46/><G123/><T35/><D67/><U76/><E76/><V23/><F23/><W88/><G121/><UN n1="%E3%82%A6%E3%83%AB%E3%83%88%E3%83%A9%E7%AB%8B%E7%9B%B4" /><T5/><D127/><U98/><E39/><V94/><F94/><W41/><G63/><T99/><D128/><U59/><E74/><V53/><F53/><W75/><G75/><T64/><D64/><U119/><E73/><V62/><F2/><W134/><G134/><T54/><D86/><U111/><E111/><V83/><F83/><W108/><G108/><T52/><D20/><U71/><E71/><V7/><F7/><W9/><G22/><T1/><D1/><U3/><E3/><V55/><F55/><W4/><G4/><T116/><D116/><U122/><E122/><V11/><F11/><W69/><G69/><T110/><D110/><U24/><E119/><V40/><F34/><W80/><G80/><T29/><D54/><U37/><E37/><N who="2" m="14443" /><F112/><W95/><G41/><T30/><D30/><U87/><E96/><V66/><F66/><W89/><REACH who="3" step="1"/><G95/><REACH who="3" ten="210,80,420,280" step="2"/><T28/><D35/><U18/><E65/><V68/><F68/><W25/><G25/><AGARI ba="1,1" hai="25,26,27,40,42,43,60,61,62,117,118" m="14443" machi="25" ten="40,3900,0" yaku="28,2" doraHai="131" who="2" fromWho="3" sc="210,0,80,0,420,52,280,-42" /><INIT seed="2,2,0,4,3,12" ten="210,80,472,238" oya="2" hai0="135,5,43,61,0,60,45,125,74,4,123,6,9" hai1="22,86,57,54,14,132,76,134,56,111,66,103,88" hai2="47,58,116,48,49,87,112,19,37,98,107,97,51" hai3="89,110,120,106,91,27,1,16,80,46,69,90,126"/><V32/><F116/><W82/><G110/><T73/><D123/><U133/><E103/><V115/><F32/><W81/><G69/><T44/><D125/><U121/><E121/><V29/><F29/><W70/><G70/><T24/><D135/><U3/><E3/><V7/><F7/><W33/><G120/><T23/><D9/><U117/><E117/><V75/><F75/><W124/><G106/><T64/><D0/><U35/><E35/><V114/><F58/><W78/><G1/><T8/><D8/><U28/><E28/><V25/><BYE who="1" /><F87/><W119/><G119/><T71/><D61/><U36/><E36/><V50/><F107/><W30/><G46/><T34/><D34/><U21/><E21/><UN n1="%E3%82%A6%E3%83%AB%E3%83%88%E3%83%A9%E7%AB%8B%E7%9B%B4" /><V122/><F122/><W101/><G101/><T68/><D68/><U38/><E38/><V127/><F127/><N who="3" m="48683" /><G78/><T102/><D102/><U100/><E100/><V63/><F63/><W41/><G41/><T10/><D10/><U109/><E76/><V105/><F105/><W128/><G128/><T84/><D84/><U13/><E66/><V15/><F25/><W53/><G53/><T20/><D23/><U40/><E40/><V62/><F62/><W55/><G55/><T52/><D45/><U26/><E26/><V95/><F95/><W118/><G118/><T59/><D44/><U65/><E65/><V93/><F93/><W67/><G67/><T17/><REACH who="0" step="1"/><D43/><REACH who="0" ten="200,80,472,238" step="2"/><U18/><E14/><V79/><F79/><W94/><G94/><T39/><D39/><U42/><E42/><N who="2" m="24695" /><F37/><W108/><G108/><N who="1" m="41546" /><E54/><V104/><F104/><W2/><G2/><RYUUKYOKU ba="2,1" sc="200,0,80,0,472,0,238,0" hai0="4,5,6,17,20,24,52,59,60,64,71,73,74" hai1="13,18,22,56,57,86,88,132,133,134" hai2="15,19,49,50,51,97,98,112,114,115" hai3="16,27,30,33,80,81,82,89,90,91" /><INIT seed="2,3,1,3,4,35" ten="200,80,472,238" oya="2" hai0="30,18,1,134,77,17,31,101,20,22,48,119,131" hai1="28,25,44,94,96,116,125,78,32,114,38,29,104" hai2="52,15,14,88,102,13,118,129,98,79,97,91,123" hai3="109,46,73,42,53,62,27,124,59,81,99,76,95"/><V127/><F118/><W67/><G109/><T74/><D101/><U3/><E116/><V5/><F123/><W58/><G124/><T61/><D119/><U108/><E108/><V106/><F127/><W41/><G27/><T60/><D48/><U93/><E125/><V121/><F121/><W69/><G59/><T24/><D131/><U103/><E114/><V82/><F129/><W34/><G34/><T23/><D134/><U115/><E115/><V128/><F128/><W117/><G117/><T112/><D112/><U132/><E132/><V65/><F65/><W55/><G55/><T120/><D120/><U122/><E122/><V66/><F66/><W4/><G4/><T47/><D47/><U90/><E29/><V19/><F5/><W26/><G26/><T92/><D92/><U6/><E78/><V57/><F19/><W126/><G126/><T56/><D1/><U36/><E44/><V100/><F82/><W84/><G73/><T39/><D39/><U68/><E68/><V2/><F2/><W11/><G11/><T54/><D61/><U135/><E135/><V86/><F79/><W83/><G83/><T10/><D10/><U49/><E49/><V16/><F16/><W63/><G46/><T72/><D22/><U89/><E104/><V87/><F87/><W113/><G113/><T8/><D8/><N who="1" m="2143" /><E103/><AGARI ba="3,1" hai="41,42,53,58,62,63,67,69,76,81,84,95,99,103" machi="103" ten="30,1000,0" yaku="7,1" doraHai="35" who="3" fromWho="1" sc="200,0,80,-19,472,0,238,29" /><INIT seed="3,0,0,0,2,129" ten="200,61,472,267" oya="3" hai0="127,54,44,31,78,115,132,66,57,62,64,104,83" hai1="90,28,109,120,63,37,43,30,47,17,82,101,110" hai2="117,55,102,99,105,128,42,97,69,61,20,0,11" hai3="13,72,8,56,58,51,125,18,59,92,89,21,119"/><W71/><G125/><T45/><D104/><U39/><E101/><V67/><F128/><W33/><G33/><T95/><D31/><U49/><E90/><V75/><F117/><W77/><G71/><T135/><D95/><U130/><E82/><V10/><F75/><W27/><G119/><T94/><D94/><U26/><E17/><V46/><F55/><W48/><G77/><T79/><D115/><U108/><E26/><V65/><F99/><N who="3" m="57743" /><G72/><T5/><D5/><AGARI ba="0,0" hai="5,8,13,18,21,27,48,51,56,58,59" m="57743" machi="5" ten="30,1500,0" yaku="8,1" doraHai="129" who="3" fromWho="0" sc="200,-15,61,0,472,0,267,15" /><INIT seed="3,1,0,5,5,113" ten="185,61,472,282" oya="3" hai0="51,67,131,5,1,119,35,103,66,63,116,95,9" hai1="36,78,43,12,91,21,22,27,133,58,71,127,120" hai2="33,107,122,54,94,128,90,62,125,100,108,115,56" hai3="42,98,72,39,69,14,29,88,82,104,15,89,34"/><W130/><G130/><T64/><D51/><U13/><E71/><V105/><F33/><W52/><G69/><T7/><D131/><U110/><E110/><V49/><BYE who="1" /><F108/><W10/><G15/><T92/><D63/><U46/><E46/><V106/><F115/><W134/><G134/><T25/><D7/><U4/><E4/><V18/><F122/><UN n1="%E3%82%A6%E3%83%AB%E3%83%88%E3%83%A9%E7%AB%8B%E7%9B%B4" /><W111/><G111/><T65/><N who="0" m="16896" /><DORA hai="135" /><T123/><D123/><U86/><E78/><V126/><F100/><W3/><G3/><T11/><D11/><U70/><E70/><V19/><F62/><W61/><G42/><T73/><D73/><U8/><E43/><V80/><F80/><W132/><G132/><T60/><D60/><U121/><E36/><V75/><F75/><W96/><G39/><T0/><D0/><U118/><E58/><V112/><F112/><W87/><G72/><T53/><D53/><U124/><E133/><V38/><F38/><W31/><G34/><T81/><D81/><U17/><E91/><V97/><F128/><W84/><G104/><T40/><D40/><U6/><E86/><V57/><F56/><N who="3" m="34951" /><G29/><T48/><D35/><U44/><E44/><V114/><F114/><W74/><G31/><T30/><D30/><N who="1" m="17775" /><E118/><V37/><F37/><W26/><G26/><T28/><D25/><U99/><E99/><V129/><F129/><W79/><G79/><T24/><D24/><U101/><E101/><V77/><F77/><W76/><G76/><T83/><D103/><U45/><E45/><V85/><F97/><W41/><G41/><T93/><D119/><U55/><E55/><RYUUKYOKU ba="1,0" sc="185,-15,61,15,472,15,282,-15" hai1="6,8,12,13,17,22,120,121,124,127" hai2="18,19,49,54,57,85,90,94,105,106,107,125,126" owari="170,-23.0,76,-42.0,487,58.0,267,7.0" /></mjloggm>