<mjloggm ver="2.3"><GO type="97" lobby="0"/><UN n0="%75%6F%6B%6B%61%34%39%34" n1="%63%74%32%30%30%30%68" n2="%E3%83%B3%E3%83%89%E3%82%A5%E3%83%90" n3="%E3%82%A6%E3%83%AB%E3%83%88%E3%83%A9%E7%AB%8B%E7%9B%B4" dan="15,14,15,14" rate="1926.89,2040.48,1998.49,1944.30" sx="M,M,M,M"/><TAIKYOKU oya="0"/><INIT seed="0,0,0,3,4,114" ten="250,250,250,250" oya="0" hai0="133,98,82,9,112,104,75,61,23,65,97,125,14" hai1="111,134,31,107,59,36,44,10,118,3,42,18,90" hai2="101,4,17,88,57,116,117,6,119,96,7,30,102" hai3="126,19,46,8,87,52,43,85,21,109,113,72,99"/><T54/><D112/><U22/><E107/><N who="2" m="63911" /><F30/><W47/><G72/><T53/><D125/><U48/><E31/><V84/><F102/><W38/><G113/><T35/><D35/><U56/><E134/><V129/><F129/><W29/><G126/><T5/><D133/><U27/><E111/><V71/><F71/><W69/><G69/><T55/><D104/><U16/><E90/><V128/><F128/><W73/><G73/><T60/><D75/><U78/><E78/><V80/><F17/><W25/><G109/><T26/><D82/><U110/><E110/><V108/><F108/><W66/><G66/><T12/><D12/><U70/><E70/><V127/><F57/><W103/><G8/><T45/><D45/><U62/><E36/><V91/><F127/><W121/><G121/><T130/><D130/><U20/><E59/><V100/><F100/><W1/><G1/><T105/><D105/><U92/><E92/><V95/><F91/><W28/><G28/><N who="0" m="17503" /><D65/><U63/><E10/><V13/><F13/><W0/><G0/><T2/><D2/><U120/><E120/><V115/><F115/><W76/><G29/><T24/><D24/><U64/><E63/><AGARI ba="0,0" hai="5,9,14,53,54,55,60,61,63,97,98" m="17503" machi="63" ten="30,1500,0" yaku="8,1" doraHai="114" who="0" fromWho="1" sc="250,15,250,-15,250,0,250,0" /><INIT seed="0,1,0,1,4,4" ten="265,235,250,250" oya="0" hai0="80,17,5,132,43,122,108,42,32,133,31,33,96" hai1="60,69,18,3,99,120,19,41,27,83,51,14,54" hai2="89,86,10,7,50,76,127,35,36,2,55,91,102" hai3="65,131,130,20,85,114,90,109,81,26,110,95,49"/><T107/><D122/><U94/><E120/><V74/><F35/><W22/><G65/><T113/><D113/><U118/><E118/><V124/><F36/><W78/><G49/><T105/><D17/><U71/><E3/><V116/><F116/><W101/><G114/><T56/><D56/><U34/><E83/><N who="2" m="45463" /><F102/><W52/><G52/><T57/><D57/><U29/><E19/><V73/><F73/><N who="3" m="43215" /><G22/><T66/><D80/><U106/><E106/><V11/><F86/><W24/><G24/><T103/><D103/><U84/><E84/><V46/><F10/><W126/><G20/><T23/><D23/><U40/><E60/><V9/><F9/><W8/><G8/><T61/><D96/><U39/><E39/><V13/><F2/><W62/><G62/><T123/><D123/><U119/><E119/><V70/><F70/><W44/><G44/><T128/><D61/><U37/><E37/><V111/><F111/><N who="3" m="42507" /><G26/><T100/><D108/><U1/><E1/><V88/><F55/><W38/><G38/><T75/><D100/><U21/><E71/><V6/><F46/><W64/><G64/><T48/><D75/><U63/><E63/><V129/><F50/><W59/><G59/><T115/><D66/><U53/><E69/><V92/><F6/><W0/><G0/><T16/><D115/><U87/><E54/><V134/><F134/><W25/><G25/><T125/><D133/><U135/><E135/><V93/><F129/><N who="3" m="49163" /><G101/><T82/><D132/><U12/><E34/><V79/><F7/><W68/><G68/><T67/><D128/><U72/><E53/><RYUUKYOKU ba="1,0" sc="265,-10,235,-10,250,-10,250,30" hai3="85,90,95,126" /><INIT seed="1,2,0,4,1,133" ten="255,225,240,280" oya="1" hai0="13,56,47,24,52,35,27,101,129,22,88,127,6" hai1="34,46,45,10,14,66,71,117,5,103,99,67,128" hai2="65,41,121,86,18,97,87,61,95,7,131,9,25" hai3="20,110,8,43,76,44,39,3,28,62,63,96,77"/><U132/><E117/><V59/><F121/><W89/><G110/><T64/><D129/><U31/><E132/><V38/><F131/><W48/><G39/><T54/><D101/><U119/><E119/><V26/><F38/><W130/><G130/><T81/><D35/><U106/><E128/><V107/><F41/><W72/><G72/><T30/><D27/><U116/><E116/><V123/><F107/><W70/><G70/><T125/><D47/><U126/><E67/><V36/><F36/><W93/><G3/><T134/><D134/><U33/><E46/><V4/><F123/><W21/><G8/><N who="0" m="4247" /><D56/><U53/><E53/><V51/><F51/><W111/><G111/><T68/><D64/><U11/><E11/><V124/><F124/><N who="0" m="47690" /><D68/><U108/><E45/><V78/><F26/><W37/><G37/><T102/><D102/><U74/><E126/><V50/><F25/><W69/><G69/><T80/><D80/><U84/><E108/><V23/><F65/><W118/><G118/><T60/><D60/><N who="3" m="23081" /><G28/><T29/><D29/><U120/><E120/><V55/><F61/><W104/><G104/><T98/><D81/><U122/><E122/><V73/><F59/><W75/><G44/><T17/><D30/><U113/><E113/><V82/><F82/><W90/><G48/><T19/><D19/><U40/><E40/><V114/><F50/><W42/><G43/><T57/><D57/><U109/><E109/><V112/><F112/><W105/><G42/><T83/><D83/><U79/><E31/><V32/><F114/><W58/><G58/><T12/><D24/><RYUUKYOKU ba="2,0" sc="255,30,225,-10,240,-10,280,-10" hai0="12,17,22,52,54,88,98" /><INIT seed="2,3,0,3,0,9" ten="285,215,230,270" oya="2" hai0="121,124,60,16,104,106,135,1,105,97,27,75,118" hai1="48,89,33,49,63,77,64,113,25,51,107,42,37" hai2="30,15,34,62,91,108,56,88,80,2,38,71,69" hai3="7,53,74,21,14,134,123,102,125,81,24,103,130"/><V22/><F2/><W131/><G123/><T120/><D1/><U46/><E113/><V19/><F38/><W90/><G125/><T0/><D0/><U84/><E107/><V96/><F108/><W11/><G134/><T59/><D75/><U98/><E77/><V36/><F36/><W94/><G53/><T39/><D39/><U43/><E98/><V101/><F80/><W87/><G74/><T10/><D124/><U20/><E33/><V26/><F71/><W28/><G94/><T127/><D127/><U95/><E43/><V6/><F69/><W110/><G110/><T129/><D135/><U8/><E8/><V133/><F6/><W111/><G111/><T119/><D129/><AGARI ba="3,0" hai="7,11,14,21,24,28,81,87,90,102,103,129,130,131" machi="129" ten="40,2600,0" yaku="19,1,52,1" doraHai="9" who="3" fromWho="0" sc="285,-35,215,0,230,0,270,35" /><INIT seed="3,0,0,4,3,89" ten="250,215,230,305" oya="3" hai0="70,18,47,71,14,130,122,6,54,129,2,115,45" hai1="27,88,1,22,3,106,10,123,7,15,49,23,117" hai2="66,93,35,96,135,28,75,132,67,97,134,58,26" hai3="37,100,64,29,127,128,52,5,0,69,101,4,39"/><W24/><G64/><T72/><D72/><U121/><E106/><V87/><F75/><W62/><G69/><T9/><D122/><U57/><E49/><V112/><F112/><W110/><G110/><T133/><D115/><U107/><E107/><V125/><F125/><W33/><G127/><T131/><D133/><U103/><E103/><N who="2" m="60815" /><F97/><W113/><G113/><T74/><D74/><U77/><E77/><V78/><F58/><W102/><G128/><T25/><D25/><U108/><E57/><V13/><F13/><W61/><G62/><T82/><D82/><AGARI ba="0,0" hai="26,28,35,66,67,78,82,87,132,134,135" m="60815" machi="82" ten="30,2000,0" yaku="20,1,52,1" doraHai="89" who="2" fromWho="0" sc="250,-20,215,0,230,20,305,0" owari="230,-17.0,215,-28.0,250,5.0,305,40.0" /></mjloggm>