<mjloggm ver="2.3"><GO type="105" lobby="0"/><UN n0="%E5%A4%9C%E7%A5%9E%E6%9C%88" n1="%E9%9B%BB%E6%B3%A2%E3%81%A1%E3%82%83%E3%82%93%E3%81%A7%E3%81%99" n2="%E5%B0%B1%E6%B4%BB%E7%94%9F%40%E5%B7%9D%E6%9D%91%E8%BB%8D%E5%9B%A3" n3="%6D%61%79%35%39" dan="13,13,15,14" rate="1877.21,1907.86,2013.47,1866.59" sx="F,F,M,F"/><TAIKYOKU oya="0"/><INIT seed="0,0,0,3,1,40" ten="250,250,250,250" oya="0" hai0="43,83,55,134,85,8,0,78,25,58,3,4,109" hai1="133,47,51,18,88,96,103,106,36,57,68,79,115" hai2="108,125,9,107,2,86,114,56,76,73,31,112,74" hai3="34,46,48,113,100,42,21,13,111,80,90,127,23"/><T32/><D134/><U81/><E133/><V118/><F31/><W94/><G113/><T72/><D109/><U92/><E115/><V39/><F39/><W29/><G34/><T70/><D70/><U116/><E68/><V102/><F56/><W7/><G111/><T75/><D43/><U35/><E57/><V93/><F9/><N who="3" m="4287" /><G127/><T1/><D32/><U45/><E35/><V110/><F2/><W33/><G33/><T126/><D25/><U22/><E51/><V61/><F61/><W27/><G23/><T12/><REACH who="0" step="1"/><D126/><REACH who="0" ten="240,250,250,250" step="2"/><U63/><E116/><V67/><F118/><W120/><G120/><T24/><D24/><U69/><E69/><V128/><F125/><W15/><G15/><T14/><D14/><U50/><E36/><V30/><F110/><W95/><G100/><T82/><D82/><U62/><E63/><AGARI ba="0,1" hai="0,1,3,4,8,12,55,58,63,72,75,78,83,85" machi="63" ten="40,2000,0" yaku="1,1,53,0" doraHai="40" doraHaiUra="60" who="0" fromWho="1" sc="240,30,250,-20,250,0,250,0" /><INIT seed="0,1,0,5,4,126" ten="270,230,250,250" oya="0" hai0="122,32,12,117,67,27,96,9,52,59,66,39,95" hai1="42,29,45,116,64,89,13,92,129,93,76,55,79" hai2="106,75,73,100,36,88,70,16,33,58,84,65,30" hai3="54,121,60,19,135,26,85,115,131,125,53,109,86"/><T82/><D122/><U63/><E116/><V124/><F36/><W132/><G115/><T101/><D117/><U74/><E129/><V127/><F70/><W51/><G121/><T6/><D39/><U34/><E13/><V35/><F65/><W83/><G125/><N who="2" m="48201" /><F58/><W69/><G109/><T90/><D32/><N who="2" m="12362" /><F30/><W128/><G69/><T120/><D27/><U8/><E55/><N who="3" m="21002" /><G60/><T130/><D130/><N who="3" m="49705" /><G51/><N who="0" m="31135" /><D120/><U102/><E34/><V48/><F48/><W1/><G1/><T47/><D47/><U25/><E63/><V28/><F28/><W71/><G71/><T2/><D2/><U20/><E64/><V18/><F100/><W10/><G83/><T3/><D3/><U99/><E74/><N who="2" m="28171" /><F106/><W11/><G26/><T81/><D81/><AGARI ba="1,0" hai="16,18,81,84,88" m="28171,12362,48201" machi="81" ten="40,5200,0" yaku="18,1,54,2" doraHai="126" who="2" fromWho="0" sc="270,-55,230,0,250,55,250,0" /><INIT seed="1,0,0,2,3,50" ten="215,230,305,250" oya="1" hai0="68,42,5,121,93,17,35,15,4,102,91,119,53" hai1="106,63,92,0,105,43,128,130,72,46,54,104,75" hai2="65,120,52,14,64,122,76,48,8,133,83,26,10" hai3="94,96,89,132,95,90,28,39,85,36,78,116,86"/><U41/><E0/><V49/><F133/><W11/><G132/><T81/><D35/><U74/><E92/><V98/><F98/><W7/><G116/><T13/><D121/><U56/><REACH who="1" step="1"/><E46/><REACH who="1" ten="215,220,305,250" step="2"/><V117/><F120/><W84/><G28/><T34/><D119/><U58/><E58/><V25/><F122/><W21/><G21/><T73/><D68/><U127/><E127/><V108/><F108/><W57/><G57/><T115/><D34/><U31/><E31/><V32/><F117/><W40/><G78/><T101/><D115/><U62/><E62/><V69/><F69/><W97/><REACH who="3" step="1"/><G40/><AGARI ba="0,1" hai="40,41,43,54,56,63,72,74,75,104,105,106,128,130" machi="40" ten="50,4800,0" yaku="1,1,52,1,53,0" doraHai="50" doraHaiUra="70" who="1" fromWho="3" sc="215,0,220,58,305,0,250,-48" /><INIT seed="1,1,0,4,0,30" ten="215,278,305,202" oya="1" hai0="16,35,36,15,23,22,117,86,120,46,70,134,83" hai1="132,9,82,106,24,8,107,68,52,103,39,131,91" hai2="66,123,20,81,27,31,19,87,58,49,57,93,109" hai3="69,7,92,98,73,110,67,101,33,1,72,32,0"/><U13/><E68/><V37/><F37/><W62/><G110/><T104/><D104/><U74/><E39/><V14/><F123/><W102/><G102/><T41/><D120/><U5/><E132/><V116/><F116/><W61/><G61/><T135/><D70/><U28/><E9/><V54/><F109/><W88/><G101/><T50/><D117/><U44/><E131/><V51/><F93/><W77/><G77/><N who="0" m="46447" /><D36/><U53/><E74/><V100/><F100/><W21/><G21/><N who="0" m="11423" /><D35/><U10/><E8/><N who="2" m="6599" /><F66/><W128/><G128/><T127/><D127/><U55/><E106/><V65/><F65/><W71/><G71/><T125/><D125/><U94/><E107/><V25/><F25/><W113/><G113/><T42/><D41/><U6/><E82/><V85/><F81/><W119/><G119/><T56/><D56/><N who="2" m="21610" /><F49/><W99/><G99/><T63/><D63/><U38/><E38/><V129/><F129/><W64/><G64/><T26/><D26/><U130/><E103/><V90/><F90/><W12/><G12/><T60/><D60/><U59/><E130/><V84/><F84/><W105/><G105/><T76/><D76/><U112/><E112/><V118/><F118/><W96/><G96/><T43/><D42/><U97/><E44/><AGARI ba="1,0" hai="20,27,31,44,51,54,85,87" m="21610,6599" machi="44" ten="30,1000,0" yaku="8,1" doraHai="30" who="2" fromWho="1" sc="215,0,278,-13,305,13,202,0" /><INIT seed="2,0,0,1,2,68" ten="215,265,318,202" oya="2" hai0="14,95,54,129,58,108,97,80,117,44,76,32,18" hai1="8,41,124,3,31,19,88,15,125,33,5,99,77" hai2="20,104,1,98,110,42,91,21,86,130,49,9,23" hai3="55,119,64,89,133,79,62,121,73,36,46,16,84"/><V24/><F130/><W92/><G119/><T57/><D117/><U45/><E77/><V135/><F135/><W35/><G35/><T114/><D32/><U50/><E31/><V39/><F110/><W107/><G107/><T106/><D129/><U101/><E33/><V67/><F67/><W128/><G121/><T113/><D106/><U6/><E3/><V0/><F24/><W105/><G105/><T109/><D44/><U48/><E50/><V61/><F61/><W52/><G128/><T10/><D57/><U126/><E101/><V120/><F120/><W11/><G133/><T100/><D109/><U82/><REACH who="1" step="1"/><E82/><REACH who="1" ten="215,255,318,202" step="2"/><V115/><F49/><W83/><G36/><T74/><D108/><U134/><E134/><V51/><F51/><AGARI ba="0,1" hai="10,14,18,51,54,58,74,76,80,95,97,100,113,114" machi="51" ten="30,1000,0" yaku="7,1" doraHai="68" who="0" fromWho="2" sc="215,20,255,0,318,-10,202,0" /><INIT seed="3,0,0,0,1,19" ten="235,255,308,202" oya="3" hai0="40,61,28,88,36,81,62,3,129,69,116,13,66" hai1="132,124,122,39,70,127,18,85,94,114,109,82,15" hai2="48,68,71,16,100,7,110,50,31,78,118,113,59" hai3="120,38,24,80,49,8,99,29,115,93,112,91,87"/><W126/><G38/><T20/><D129/><U46/><E70/><V43/><F118/><W17/><G120/><T34/><D116/><U11/><E39/><V95/><F113/><W72/><G72/><T77/><D3/><U10/><E46/><V26/><F110/><W9/><G126/><N who="1" m="48170" /><E114/><V6/><F78/><W12/><G8/><T108/><D62/><U54/><E122/><V51/><F43/><W106/><G106/><T33/><D108/><U135/><E54/><V32/><F59/><W104/><G104/><T123/><D123/><U73/><E73/><V76/><F76/><W64/><G64/><T22/><D88/><N who="1" m="51255" /><E94/><V56/><F56/><W79/><REACH who="3" step="1"/><G49/><REACH who="3" ten="235,255,308,192" step="2"/><T5/><D36/><U35/><E109/><V105/><F105/><W83/><G83/><T37/><D37/><U2/><E35/><AGARI ba="0,1" hai="9,12,17,24,29,35,79,80,87,91,93,99,112,115" machi="35" ten="30,5800,0" yaku="1,1,7,1,53,1" doraHai="19" doraHaiUra="84" who="3" fromWho="1" sc="235,0,255,-58,308,0,192,68" /><INIT seed="3,1,0,4,0,112" ten="235,197,308,260" oya="3" hai0="73,23,46,49,81,125,51,8,99,45,36,7,135" hai1="93,86,35,62,64,56,9,87,32,47,110,33,96" hai2="13,120,11,128,30,59,104,134,118,25,98,44,84" hai3="102,100,82,12,29,18,74,129,61,2,116,63,108"/><W1/><G116/><T88/><D125/><U14/><E110/><V119/><F120/><W106/><G129/><T121/><D121/><U48/><E48/><V105/><F128/><W43/><G29/><T34/><D34/><U0/><E0/><V37/><F134/><W85/><G74/><T52/><D135/><U107/><E107/><V122/><F122/><W20/><G106/><T41/><D23/><U95/><E47/><V109/><F109/><W16/><G108/><T91/><D99/><U40/><E40/><V101/><F104/><W10/><G1/><N who="0" m="111" /><D49/><U24/><E24/><V31/><F84/><W89/><G2/><T5/><D5/><U53/><E64/><V66/><F37/><W113/><G113/><T60/><D60/><N who="3" m="23113" /><G43/><T4/><D4/><U28/><E28/><V72/><F66/><W124/><G124/><T55/><D55/><U75/><E75/><V130/><F72/><W92/><G82/><T71/><D71/><U123/><E123/><V68/><F68/><W69/><G69/><T90/><D90/><U127/><E127/><V39/><F130/><W54/><G54/><T115/><D115/><U131/><E131/><V78/><F39/><W70/><G70/><T83/><D83/><U111/><E111/><V58/><F44/><W67/><G67/><T15/><D15/><AGARI ba="1,0" hai="10,12,15,16,18,20,85,89,92,100,102" m="23113" machi="15" ten="30,2900,0" yaku="8,1,54,1" doraHai="112" who="3" fromWho="0" sc="235,-32,197,0,308,0,260,32" /><INIT seed="3,2,0,1,4,36" ten="203,197,308,292" oya="3" hai0="67,44,66,135,6,101,129,99,29,63,8,112,51" hai1="73,22,70,110,95,125,106,55,94,118,83,117,3" hai2="108,102,40,123,30,49,79,80,91,54,133,77,105" hai3="97,41,68,43,31,120,16,32,21,53,130,48,109"/><W12/><G120/><T124/><D129/><U71/><E3/><V93/><F123/><W115/><G115/><T13/><D112/><U35/><E35/><V92/><F108/><W26/><G130/><T113/><D113/><U98/><E22/><V28/><F133/><W1/><G68/><T132/><D124/><U88/><E55/><V131/><F131/><W10/><G109/><T56/><D29/><U0/><E0/><V5/><F5/><N who="3" m="1327" /><G97/><T18/><D66/><U34/><E34/><V15/><F105/><W38/><G38/><T74/><D74/><U116/><E70/><V127/><F127/><W17/><G17/><T42/><D18/><U82/><E71/><V7/><F102/><W61/><G61/><T103/><D99/><N who="1" m="57799" /><E125/><V27/><F30/><W14/><G14/><T57/><D57/><AGARI ba="2,0" hai="12,16,21,26,31,32,41,43,48,53,57" m="1327" machi="57" ten="30,11600,0" yaku="24,1,52,2,54,1" doraHai="36" who="3" fromWho="0" sc="203,-122,197,0,308,0,292,122" /><INIT seed="3,3,0,1,4,11" ten="81,197,308,414" oya="3" hai0="95,121,124,87,51,134,119,90,33,62,93,122,40" hai1="100,132,39,103,82,63,72,97,47,86,133,25,44" hai2="43,58,109,59,77,27,12,35,126,53,65,42,106" hai3="68,130,129,61,94,45,112,2,107,22,110,88,5"/><W117/><G112/><T1/><D1/><U113/><E72/><V26/><F106/><W69/><G117/><T30/><D119/><U56/><E113/><V118/><F118/><W76/><G76/><T49/><D124/><U32/><E32/><V31/><F126/><W17/><G107/><T73/><D134/><N who="1" m="51819" /><E25/><V6/><F109/><W3/><G5/><T64/><D73/><U128/><E128/><N who="3" m="49258" /><G110/><T71/><D93/><N who="1" m="58415" /><E39/><V74/><F27/><N who="3" m="14799" /><G45/><T79/><D79/><N who="1" m="46431" /><E103/><V75/><F77/><W96/><G61/><T34/><D34/><U104/><E104/><V20/><F75/><W41/><G41/><T14/><D40/><U4/><E4/><V36/><F74/><W135/><G135/><T98/><D33/><U29/><E29/><V78/><F78/><W99/><G99/><T15/><D30/><U120/><E120/><V52/><F36/><W13/><G13/><N who="0" m="4619" /><D122/><U105/><E105/><V50/><F65/><AGARI ba="3,0" hai="44,47,56,63,65" m="46431,58415,51819" machi="65" ten="30,1000,0" yaku="20,1" doraHai="11" who="1" fromWho="2" sc="81,0,197,19,308,-19,414,0" /><INIT seed="4,0,0,0,1,114" ten="81,216,289,414" oya="0" hai0="108,42,24,37,45,89,10,66,30,105,116,46,67" hai1="92,125,93,88,20,47,86,77,85,12,62,26,1" hai2="7,31,55,68,57,113,91,48,98,16,96,127,100" hai3="34,95,122,15,64,29,129,22,124,109,75,43,72"/><T14/><D116/><U65/><E1/><V38/><F68/><W32/><G43/><T11/><D105/><U128/><E125/><V102/><F38/><W110/><G64/><T40/><D108/><U87/><E47/><V54/><F113/><W76/><G95/><T90/><D14/><U103/><E77/><V23/><F7/><W94/><G94/><T117/><D117/><U99/><E12/><N who="2" m="9607" /><F127/><W81/><G15/><T115/><D115/><U13/><E13/><V51/><F31/><W97/><G76/><T27/><D30/><U135/><E135/><V35/><F35/><W84/><G29/><T107/><D107/><U101/><E103/><N who="2" m="39467" /><F91/><W60/><G124/><T82/><REACH who="0" step="1"/><D82/><REACH who="0" ten="71,216,289,414" step="2"/><U44/><E128/><V126/><F126/><W9/><G81/><T41/><D41/><U121/><E121/><V61/><F61/><W130/><G122/><T21/><D21/><U111/><E44/><AGARI ba="0,1" hai="44,48,51,54,55,57,96,98" m="39467,9607" machi="44" ten="30,2000,0" yaku="8,1,54,1" doraHai="114" who="2" fromWho="1" sc="71,0,216,-20,289,30,414,0" /><INIT seed="5,0,0,1,5,94" ten="71,196,319,414" oya="1" hai0="20,74,57,53,9,42,8,43,128,17,132,103,23" hai1="92,84,33,119,71,65,67,4,10,109,101,133,129" hai2="121,127,6,41,15,44,104,34,7,18,14,69,50" hai3="36,35,49,115,75,108,105,86,111,93,134,38,118"/><U12/><E119/><V3/><F34/><W56/><G49/><T89/><D74/><U60/><E133/><V117/><F104/><W66/><G56/><T76/><D132/><U106/><E109/><V27/><F121/><W47/><G66/><T126/><D126/><U40/><E129/><V99/><F117/><W131/><G47/><T91/><D128/><U83/><E33/><V87/><F69/><W68/><G86/><T116/><D116/><U5/><E40/><V39/><F127/><W22/><G93/><T114/><D114/><U120/><E120/><V110/><F110/><W29/><G29/><T81/><D103/><U37/><E37/><V98/><F39/><W102/><G22/><T28/><D28/><U58/><E71/><V79/><F27/><W107/><G102/><T24/><D76/><N who="1" m="46183" /><E106/><V130/><F14/><W64/><G64/><T88/><D81/><U70/><E70/><V54/><F41/><W100/><G100/><T48/><D43/><U97/><E67/><V90/><F79/><W59/><G59/><T82/><D42/><U96/><E4/><V78/><F78/><W135/><G38/><T80/><D80/><U85/><E85/><V72/><F72/><W123/><G111/><T30/><D82/><U61/><E60/><V95/><F3/><W19/><G19/><T124/><D124/><U25/><E25/><V16/><BYE who="0" /><F130/><W45/><G45/><T21/><D21/><U2/><E2/><V32/><F32/><W13/><G13/><T112/><D112/><U11/><E10/><N who="2" m="4567" /><F7/><UN n0="%E5%A4%9C%E7%A5%9E%E6%9C%88" /><W31/><G135/><T26/><D26/><RYUUKYOKU ba="0,0" sc="71,10,196,10,319,10,414,-30" hai0="8,9,17,20,23,24,30,48,53,57,88,89,91" hai1="5,11,12,58,61,65,92,96,97,101" hai2="16,18,44,50,54,87,90,95,98,99" /><BYE who="0" /><INIT seed="5,1,0,1,2,26" ten="81,206,329,384" oya="1" hai0="11,82,64,77,130,23,75,127,29,15,22,124,76" hai1="35,44,42,116,67,45,121,40,72,71,113,59,32" hai2="37,39,51,135,73,88,17,43,31,33,1,48,101" hai3="57,93,34,123,102,87,96,66,46,8,108,125,134"/><U12/><E72/><V28/><F1/><W111/><G123/><T110/><D110/><U63/><E12/><V62/><F73/><W10/><G134/><T118/><D118/><U78/><E78/><V94/><F135/><W103/><G125/><T41/><D41/><N who="1" m="15979" /><E32/><V21/><F33/><W79/><G102/><T3/><D3/><U61/><E35/><UN n0="%E5%A4%9C%E7%A5%9E%E6%9C%88" /><V5/><F5/><W50/><G34/><T128/><D64/><N who="1" m="38975" /><E113/><V2/><F2/><W19/><G111/><T30/><D77/><U16/><E16/><V109/><F109/><W9/><G19/><N who="0" m="8703" /><D82/><U4/><E4/><V49/><F101/><W70/><G70/><T38/><D76/><U47/><E116/><V83/><F83/><N who="3" m="47615" /><G108/><T55/><D38/><U133/><E121/><V56/><F43/><N who="3" m="24927" /><G8/><T91/><D75/><U95/><E95/><V119/><F119/><W7/><G7/><T24/><D55/><U58/><E133/><V115/><F115/><W80/><G80/><T84/><D91/><U18/><E18/><V126/><F126/><W106/><G106/><T90/><D124/><U112/><E112/><V81/><F81/><W99/><G99/><T117/><D127/><U69/><AGARI ba="1,0" hai="44,45,47,58,63,67,69,71" m="38975,15979" machi="69" ten="30,12000,1" yaku="35,5" doraHai="26" who="1" fromWho="1" sc="81,-41,206,123,329,-41,384,-41" /><INIT seed="5,2,0,4,3,68" ten="40,329,288,343" oya="1" hai0="90,129,78,95,73,22,10,93,54,117,102,41,65" hai1="82,125,17,40,128,104,59,101,33,29,42,81,105" hai2="108,120,1,115,24,87,86,96,106,43,6,113,58" hai3="83,12,27,30,94,89,37,51,32,124,79,34,77"/><U92/><E125/><V19/><F120/><W66/><G34/><T116/><D129/><U31/><E128/><V38/><F108/><W2/><G2/><T35/><D35/><U75/><E33/><V114/><F58/><W14/><G37/><T98/><D65/><U80/><E59/><V127/><F127/><W76/><G66/><T62/><D62/><U15/><BYE who="0" /><E75/><V26/><F1/><W110/><G110/><UN n0="%E5%A4%9C%E7%A5%9E%E6%9C%88" /><T56/><D41/><N who="1" m="15979" /><E104/><V36/><F6/><W4/><G124/><T84/><D56/><U71/><E71/><V74/><F74/><W49/><G83/><T133/><D54/><U118/><E105/><V88/><F43/><W47/><G4/><T7/><D22/><N who="1" m="11583" /><E118/><N who="0" m="45673" /><D10/><U60/><E60/><V131/><F131/><W50/><REACH who="3" step="1"/><G47/><REACH who="3" ten="40,329,288,333" step="2"/><T130/><D7/><U135/><E135/><V44/><F44/><W100/><G100/><T25/><D133/><U53/><E101/><N who="2" m="62759" /><F86/><AGARI ba="2,1" hai="12,14,27,30,32,49,50,51,76,77,79,86,89,94" machi="86" ten="40,1300,0" yaku="1,1,53,0" doraHai="68" doraHaiUra="63" who="3" fromWho="2" sc="40,0,329,0,288,-19,333,29" /><INIT seed="6,0,0,0,5,20" ten="40,329,269,362" oya="2" hai0="42,18,92,51,101,108,28,65,75,30,103,123,24" hai1="58,63,47,130,12,122,115,112,74,15,32,43,66" hai2="45,0,119,85,118,1,44,21,26,40,60,105,4" hai3="16,117,62,50,104,133,34,107,102,61,39,64,116"/><V35/><F105/><W70/><G39/><T97/><D75/><U68/><E74/><V41/><F35/><W77/><G77/><T7/><D123/><U120/><E32/><V9/><F0/><W109/><G109/><T67/><D108/><U135/><E135/><V106/><F106/><W71/><G133/><T113/><D113/><N who="1" m="43595" /><E130/><V38/><F60/><W86/><G86/><T80/><D103/><U69/><E12/><V25/><F85/><W72/><G72/><T81/><D7/><U11/><E11/><V48/><REACH who="2" step="1"/><F21/><REACH who="2" ten="40,329,259,362" step="2"/><W82/><G107/><T54/><D97/><U73/><E73/><V90/><F90/><W57/><G34/><T59/><D101/><U95/><E15/><V29/><F29/><W14/><G50/><T33/><D28/><U111/><E111/><V125/><F125/><W94/><G104/><T91/><D91/><U89/><E89/><V17/><F17/><W3/><G3/><T22/><D18/><U87/><E87/><V2/><F2/><W76/><G117/><AGARI ba="0,1" hai="1,4,9,25,26,38,40,41,44,45,48,117,118,119" machi="117" ten="40,7700,0" yaku="1,1,52,2,53,0" doraHai="20" doraHaiUra="127" who="2" fromWho="3" sc="40,0,329,0,259,87,362,-77" /><INIT seed="6,1,0,0,2,82" ten="40,329,346,285" oya="2" hai0="48,25,66,57,0,107,93,80,16,38,85,95,116" hai1="124,11,129,49,3,130,10,73,68,119,131,63,132" hai2="114,103,42,60,56,135,1,22,96,99,104,77,89" hai3="35,125,13,5,108,113,84,126,134,47,118,32,39"/><V91/><F1/><W76/><G108/><T28/><D0/><U18/><E73/><V51/><F114/><W74/><G118/><T64/><D38/><U21/><E119/><V111/><F111/><W23/><G74/><T105/><D116/><U4/><E124/><N who="3" m="47722" /><G134/><T98/><D107/><U83/><E132/><V59/><F135/><W101/><G101/><T115/><D105/><U61/><E11/><V106/><F77/><W40/><G113/><T12/><D115/><U24/><E68/><V127/><F127/><W27/><G5/><T31/><D64/><U71/><E71/><V34/><F34/><W41/><G41/><T2/><D2/><U70/><E70/><V26/><F42/><W36/><G13/><T94/><D98/><U50/><E83/><V7/><F7/><W92/><G39/><T43/><D25/><U69/><E69/><V54/><F104/><W128/><G128/><T33/><D33/><U102/><E102/><V53/><REACH who="2" step="1"/><F99/><REACH who="2" ten="40,329,336,285" step="2"/><W6/><G6/><T90/><D43/><U97/><E97/><V67/><F67/><W79/><G79/><T117/><D117/><U19/><E3/><V29/><AGARI ba="1,1" hai="22,26,29,51,53,54,56,59,60,89,91,96,103,106" machi="29" ten="20,3900,0" yaku="1,1,0,1,7,1,53,0" doraHai="82" doraHaiUra="88" who="2" fromWho="2" sc="40,-14,329,-14,336,52,285,-14" /><INIT seed="6,2,0,5,2,33" ten="26,315,388,271" oya="2" hai0="91,132,133,89,11,85,26,83,129,127,41,7,35" hai1="113,106,63,74,90,20,73,67,88,93,123,53,69" hai2="107,34,81,77,59,1,42,97,47,71,23,72,43" hai3="86,118,51,44,39,121,68,80,75,134,82,52,9"/><V25/><F71/><W96/><G118/><T57/><D41/><U95/><E106/><V15/><F34/><W0/><G121/><T87/><D57/><U103/><E103/><V22/><F1/><W12/><G68/><T131/><D35/><U4/><E123/><V124/><F124/><W79/><G96/><T36/><D26/><U100/><E100/><V5/><F59/><W109/><G109/><T21/><D36/><U117/><E117/><V60/><F60/><W16/><G134/><N who="0" m="51819" /><D21/><U6/><E53/><V50/><F107/><W98/><G98/><T122/><D11/><U128/><E128/><N who="0" m="49225" /><D7/><U92/><E113/><V19/><F97/><W31/><G31/><T48/><D48/><U38/><E38/><V14/><F5/><W94/><G94/><N who="0" m="54575" /><D122/><U99/><E20/><V45/><F23/><W125/><G39/><AGARI ba="2,0" hai="14,15,19,22,25,39,42,43,45,47,50,72,77,81" machi="39" ten="30,1500,0" yaku="7,1" doraHai="33" who="2" fromWho="3" sc="26,0,315,0,388,21,271,-21" /><INIT seed="6,3,0,2,4,9" ten="26,315,409,250" oya="2" hai0="61,113,89,127,84,90,74,100,94,34,103,7,47" hai1="121,11,109,107,41,126,62,92,99,132,101,76,8" hai2="27,54,125,93,48,56,130,3,22,18,23,95,64" hai3="44,20,50,37,106,60,14,32,71,105,69,1,19"/><V83/><F3/><W123/><G123/><T49/><D34/><U86/><E41/><V108/><F125/><W39/><G1/><T25/><D127/><U30/><E62/><V128/><F108/><W38/><G32/><T21/><D113/><U87/><E30/><V80/><F64/><W68/><REACH who="3" step="1"/><G60/><REACH who="3" ten="26,315,409,240" step="2"/><T124/><D61/><U51/><E121/><V66/><F130/><W73/><G73/><T122/><D124/><U134/><E126/><V43/><F128/><W58/><G58/><T104/><D74/><U82/><E109/><V98/><F56/><W91/><G91/><T35/><D122/><U111/><E111/><V110/><F110/><W10/><G10/><T97/><D35/><U70/><E8/><V65/><F23/><W33/><G33/><T112/><D112/><U118/><E11/><V46/><F22/><W77/><G77/><T26/><D89/><U131/><E131/><V36/><F46/><W79/><G79/><T116/><D116/><U17/><E70/><V45/><F45/><W81/><G81/><T102/><D47/><U2/><E2/><V72/><F83/><W4/><G4/><T85/><D7/><U0/><E0/><V42/><F80/><W15/><G15/><T24/><D103/><U6/><E101/><V115/><F72/><W117/><G117/><T59/><D102/><U129/><E76/><V12/><F115/><W57/><G57/><T96/><D21/><U75/><E75/><V53/><F12/><W31/><G31/><T119/><D119/><U63/><E82/><V67/><F27/><N who="0" m="6914" /><T88/><DORA hai="114" /><D90/><RYUUKYOKU ba="3,1" sc="26,15,315,-15,409,-15,240,15" hai0="49,59,84,85,88,94,96,97,100,104" hai3="14,19,20,37,38,39,44,50,68,69,71,105,106" /><INIT seed="7,4,1,0,3,10" ten="41,300,394,255" oya="3" hai0="51,24,107,47,66,18,121,45,119,81,43,2,88" hai1="130,8,53,55,111,12,6,17,133,108,127,57,65" hai2="106,97,38,35,58,14,122,1,37,87,27,110,76" hai3="70,89,3,82,0,101,67,40,125,83,84,118,16"/><W115/><G115/><T104/><D121/><U32/><E133/><V78/><F1/><W120/><G120/><T98/><D2/><U123/><E123/><V131/><F110/><W52/><G118/><T19/><D119/><U117/><E32/><V114/><F114/><W50/><G125/><T116/><D116/><U34/><E127/><V20/><F122/><W7/><G101/><T71/><D71/><U60/><E34/><V62/><F35/><W31/><G31/><T99/><D66/><U74/><E117/><V42/><F131/><W13/><G7/><T124/><D124/><U33/><E33/><V96/><F42/><W48/><G82/><T11/><D107/><U15/><E74/><V103/><F96/><W61/><G40/><T28/><D104/><U86/><E86/><V95/><F14/><W79/><G48/><T128/><D128/><U92/><E92/><V126/><F126/><W30/><G30/><T94/><D98/><U63/><E130/><V4/><F4/><W134/><G79/><T41/><D81/><U93/><E93/><V90/><F37/><W75/><G75/><T21/><D11/><U73/><E73/><V22/><F38/><W26/><G26/><T132/><D132/><U5/><E6/><V29/><F22/><W102/><G102/><T23/><D21/><N who="1" m="11455" /><E65/><AGARI ba="4,1" hai="20,27,29,58,62,65,76,78,87,90,95,97,103,106" machi="65" ten="30,1000,0" yaku="7,1" doraHai="10" who="2" fromWho="1" sc="41,0,300,-22,394,32,255,0" owari="41,-46.0,278,8.0,426,52.0,255,-14.0" /></mjloggm>