<mjloggm ver="2.3"><GO type="41" lobby="0"/><UN n0="%E3%81%8D%E3%81%8D%E3%81%8D%E3%82%8A%E3%82%93%E3%81%A7%E3%81%99%E3%80%82" n1="%E3%82%A6%E3%83%AB%E3%83%88%E3%83%A9%E7%AB%8B%E7%9B%B4" n2="%E3%83%97%E3%83%AA%E3%83%B3%E3%82%B9" n3="%72%69%6F%75%63%68%61%6E" dan="16,15,15,14" rate="2088.80,1994.18,2007.79,2023.48" sx="M,M,M,M"/><TAIKYOKU oya="0"/><INIT seed="0,0,0,1,0,72" ten="250,250,250,250" oya="0" hai0="74,76,54,90,3,19,36,27,75,66,42,10,64" hai1="71,77,110,99,65,106,101,31,126,1,38,11,120" hai2="14,86,85,40,128,21,61,134,57,63,26,124,69" hai3="119,53,117,15,135,56,94,37,97,68,41,28,121"/><T133/><D133/><U100/><E120/><V125/><F134/><W88/><G135/><T127/><D127/><N who="2" m="48714" /><F128/><W91/><G121/><T118/><D118/><U103/><E126/><V32/><F32/><W30/><G68/><T4/><D75/><U60/><E110/><V59/><F40/><W95/><G15/><T105/><D105/><U108/><E108/><V98/><F98/><W39/><G41/><T34/><D54/><U20/><E20/><V131/><F131/><W49/><G28/><N who="0" m="19743" /><D19/><U81/><E31/><N who="2" m="17871" /><F14/><W8/><G30/><T93/><D93/><U116/><E116/><V2/><F2/><W7/><G119/><T46/><D90/><U9/><E38/><V0/><F0/><W5/><G117/><T78/><D78/><U58/><E9/><V48/><F48/><W33/><G33/><T18/><D18/><U79/><E79/><V16/><F16/><W104/><G104/><T25/><D25/><U51/><E11/><V92/><F92/><W102/><G102/><T12/><D12/><U96/><E1/><V43/><F43/><W35/><G35/><T44/><D44/><U22/><E22/><V123/><F123/><W70/><G8/><T130/><D130/><U24/><E24/><V84/><F69/><W115/><G70/><T89/><D89/><U107/><E101/><V50/><F50/><W129/><G129/><T45/><D45/><U87/><E51/><V29/><F29/><W67/><G37/><T112/><D112/><U73/><E71/><V52/><F84/><AGARI ba="0,0" hai="58,60,65,73,77,81,84,87,96,99,100,103,106,107" machi="84" ten="40,2600,0" yaku="9,1,52,1" doraHai="72" who="1" fromWho="2" sc="250,0,250,26,250,-26,250,0" /><INIT seed="1,0,0,5,4,9" ten="250,276,224,250" oya="1" hai0="32,46,83,126,59,95,68,12,27,74,1,47,48" hai1="90,64,25,102,123,57,113,3,56,5,130,36,67" hai2="43,18,84,42,14,35,45,78,22,58,52,87,29" hai3="62,125,4,81,99,133,69,60,124,132,97,16,73"/><U61/><E36/><V92/><F35/><W70/><G4/><T121/><D1/><U128/><E123/><V66/><F29/><W108/><G108/><T119/><D68/><N who="3" m="26217" /><G73/><T41/><D119/><U54/><E113/><V17/><F66/><N who="1" m="25129" /><E102/><V111/><F111/><W30/><G30/><T91/><D126/><N who="3" m="48745" /><G81/><T31/><D121/><U51/><E25/><N who="2" m="14551" /><F78/><W79/><G79/><T6/><D59/><N who="1" m="33247" /><E90/><N who="2" m="53343" /><F45/><W103/><G16/><T82/><D47/><U8/><E61/><N who="3" m="23658" /><G103/><T24/><D24/><U96/><E96/><AGARI ba="0,0" hai="96,97,99,132,133" m="23658,48745,26217" machi="96" ten="40,5200,0" yaku="28,2,18,1" doraHai="9" who="3" fromWho="1" sc="250,0,276,-52,224,0,250,52" /><INIT seed="2,0,0,0,2,99" ten="250,224,224,302" oya="2" hai0="116,119,95,56,124,113,47,1,61,15,107,130,131" hai1="21,41,120,94,117,8,7,101,134,6,22,68,59" hai2="10,13,52,36,100,46,49,12,17,109,108,96,51" hai3="87,58,25,31,83,26,72,89,45,82,39,18,81"/><V133/><F133/><W112/><G112/><T78/><D1/><U69/><E117/><N who="0" m="45129" /><D107/><U73/><E73/><V29/><F29/><W97/><G72/><T4/><D78/><U11/><E41/><V35/><F35/><W3/><G3/><T30/><D30/><U85/><E59/><V63/><F36/><W125/><G125/><T5/><D124/><U19/><E85/><V14/><F63/><W123/><G123/><T106/><D106/><U127/><E127/><V53/><F51/><W2/><G97/><T105/><D105/><U50/><E50/><V67/><F67/><W90/><G2/><T23/><D47/><U98/><E134/><V65/><F65/><W24/><G18/><N who="0" m="10719" /><D95/><U128/><E128/><N who="0" m="49193" /><D113/><U92/><E98/><V102/><F53/><AGARI ba="0,0" hai="4,5,53,56,61" m="49193,10719,45129" machi="53" ten="30,2000,0" yaku="12,1,19,1" doraHai="99" who="0" fromWho="2" sc="250,20,224,0,224,-20,302,0" /><INIT seed="3,0,0,3,0,93" ten="270,224,204,302" oya="3" hai0="67,38,0,32,33,65,107,92,76,95,132,46,23" hai1="87,83,41,28,57,50,134,96,68,104,2,15,37" hai2="4,86,64,122,62,128,70,56,73,11,30,101,20" hai3="126,63,135,47,81,85,127,124,35,1,49,123,48"/><W111/><G123/><T17/><D107/><U117/><E2/><V102/><F128/><W97/><G35/><T14/><D0/><U36/><E68/><V59/><F73/><W131/><G1/><T125/><D76/><U58/><E134/><V29/><F122/><W78/><G135/><T130/><D132/><U18/><E117/><V115/><F115/><W13/><G131/><T6/><D6/><U106/><E28/><N who="2" m="10859" /><F70/><W82/><G111/><T5/><D130/><U94/><E37/><V10/><F56/><W7/><G63/><T40/><D5/><U109/><E109/><V25/><F86/><W39/><G97/><T99/><D125/><U16/><E36/><V100/><F4/><W45/><G82/><T91/><REACH who="0" step="1"/><D95/><REACH who="0" ten="260,224,204,302" step="2"/><U69/><E104/><V42/><F42/><N who="3" m="22751" /><G47/><T51/><D51/><U66/><E106/><V80/><F80/><W53/><G49/><T110/><D110/><U34/><E50/><V43/><F43/><W22/><G48/><T88/><D88/><N who="1" m="55367" /><E41/><V71/><F71/><W77/><G7/><T74/><D74/><U84/><E69/><V121/><F121/><W9/><G77/><T19/><D19/><AGARI ba="0,1" hai="10,11,19,20,25,59,62,64,100,101,102" m="10859" machi="19" ten="30,1000,0" yaku="8,1" doraHai="93" who="2" fromWho="0" sc="260,-10,224,0,204,20,302,0" /><INIT seed="4,0,0,3,3,135" ten="250,224,224,302" oya="0" hai0="51,81,76,26,63,58,78,21,92,14,10,100,49" hai1="56,89,98,120,30,19,36,41,75,111,37,3,17" hai2="16,96,60,48,97,125,6,18,93,2,9,114,12" hai3="130,34,54,119,5,32,7,110,23,109,85,74,57"/><T80/><D100/><U101/><E111/><V118/><F125/><W59/><G74/><T45/><D92/><U25/><E3/><V77/><F114/><W126/><G126/><T20/><D80/><U64/><E75/><V105/><F118/><W43/><G119/><T73/><D78/><U28/><E36/><V88/><F77/><W31/><G43/><T91/><D91/><U22/><E120/><V65/><F48/><W83/><G130/><T116/><D116/><U99/><E30/><V61/><F61/><W42/><G42/><T0/><D0/><U106/><E41/><V129/><F129/><W115/><G115/><T94/><D94/><N who="1" m="58583" /><E37/><V40/><F40/><W38/><G38/><T29/><D21/><U128/><E128/><V13/><F105/><W8/><G23/><T72/><D73/><U113/><E113/><V132/><F132/><W62/><G59/><T134/><D134/><U82/><E106/><V127/><F127/><W104/><G104/><T107/><D107/><U71/><E71/><V121/><F121/><W33/><G31/><T70/><D70/><U108/><E108/><V90/><F2/><W4/><REACH who="3" step="1"/><G8/><REACH who="3" ten="250,224,224,292" step="2"/><T27/><D29/><U35/><E35/><V15/><F9/><W122/><G122/><T87/><D72/><U53/><E28/><V47/><F47/><W24/><G24/><N who="0" m="9259" /><D20/><U124/><E22/><V69/><F6/><W39/><G39/><T52/><D45/><U50/><E25/><V86/><F86/><W44/><G44/><T117/><D117/><U103/><E124/><V1/><F1/><W55/><G55/><RYUUKYOKU ba="0,1" sc="250,10,224,-30,224,10,292,10" hai0="10,14,49,51,52,58,63,76,81,87" hai2="12,13,15,16,18,60,65,69,88,90,93,96,97" hai3="4,5,7,32,33,34,54,57,62,83,85,109,110" /><INIT seed="4,1,1,1,0,92" ten="260,194,234,302" oya="0" hai0="9,70,56,42,29,95,34,69,51,67,44,15,65" hai1="37,5,113,120,48,79,10,59,71,116,36,54,39" hai2="114,76,47,73,19,38,99,123,41,40,24,87,58" hai3="2,16,50,74,72,130,8,105,14,49,132,83,124"/><T32/><D70/><U127/><E120/><V97/><F123/><W63/><G124/><T66/><D69/><U46/><E116/><V7/><F114/><W13/><G2/><T60/><D29/><U75/><E71/><V109/><F109/><W31/><G130/><T112/><D112/><U23/><E127/><V12/><F73/><W94/><G105/><T25/><D25/><U84/><E113/><V68/><F68/><W20/><G132/><T107/><D107/><U135/><E135/><V27/><F41/><W55/><G94/><T11/><D11/><U128/><E23/><V103/><F7/><W115/><G115/><T101/><D34/><U125/><E84/><V111/><F111/><W89/><G63/><T131/><D32/><U96/><E128/><V98/><F103/><W61/><G61/><T3/><D3/><U77/><E125/><V64/><F64/><W129/><G129/><T91/><D101/><U22/><E22/><V45/><F58/><W78/><G89/><T1/><D1/><U102/><E59/><V122/><F122/><W85/><G31/><T80/><D131/><U81/><E77/><V104/><F104/><W26/><G26/><T108/><D108/><U0/><REACH who="1" step="1"/><E39/><REACH who="1" ten="260,184,234,302" step="2"/><V134/><F134/><W6/><G50/><T18/><REACH who="0" step="1"/><D80/><REACH who="0" ten="250,184,234,302" step="2"/><U82/><E82/><N who="2" m="47559" /><F38/><W30/><G30/><T52/><D52/><U4/><E4/><V53/><F53/><W118/><G118/><T28/><D28/><U62/><E62/><V110/><F110/><W121/><G121/><T106/><D106/><AGARI ba="1,3" hai="0,5,10,36,37,46,48,54,75,79,81,96,102,106" machi="106" ten="30,3900,0" yaku="1,1,7,1,52,1,53,0" doraHai="92" doraHaiUra="133" who="1" fromWho="0" sc="250,-42,184,72,234,0,302,0" /><INIT seed="5,0,0,0,0,9" ten="208,256,234,302" oya="1" hai0="114,115,91,60,70,0,37,84,55,52,77,31,1" hai1="81,65,69,104,67,74,36,11,122,134,89,59,99" hai2="85,132,35,82,116,48,58,12,102,108,32,73,47" hai3="39,18,51,16,45,14,112,62,126,113,95,133,71"/><U121/><E36/><V97/><F108/><W130/><G126/><T33/><D37/><U128/><E69/><V87/><F116/><W96/><G133/><T49/><D77/><N who="1" m="44215" /><E65/><V118/><F118/><W94/><G130/><T63/><D31/><U5/><E59/><V6/><F132/><W90/><G39/><T107/><D33/><U24/><E67/><V120/><F120/><W100/><G62/><N who="0" m="23595" /><D107/><U4/><E4/><V61/><F73/><W92/><G71/><T7/><D70/><U109/><E24/><V54/><F87/><W30/><G30/><T80/><D7/><U68/><E68/><V64/><F12/><W106/><G90/><T40/><D40/><U27/><E27/><V79/><REACH who="2" step="1"/><F6/><REACH who="2" ten="208,256,224,302" step="2"/><W2/><G14/><T34/><D34/><U117/><E117/><V19/><F19/><W119/><G119/><T22/><D22/><U88/><E134/><V41/><F41/><N who="3" m="25007" /><G18/><T8/><D8/><U23/><E11/><V129/><F129/><W42/><G92/><AGARI ba="0,1" hai="32,35,47,48,54,58,61,64,79,82,85,92,97,102" machi="92" ten="30,3900,0" yaku="1,1,7,1,53,1" doraHai="9" doraHaiUra="43" who="2" fromWho="3" sc="208,0,256,0,224,49,302,-39" /><INIT seed="6,0,0,1,5,14" ten="208,256,273,263" oya="2" hai0="64,65,33,84,30,35,90,49,39,1,20,44,41" hai1="72,125,34,105,114,107,25,75,76,96,57,134,118" hai2="67,109,127,11,74,68,55,63,17,119,135,29,131" hai3="58,53,32,89,56,132,87,100,129,0,112,99,81"/><V115/><F119/><W4/><G32/><T23/><D1/><U16/><E118/><V7/><F74/><W21/><G129/><T54/><D35/><U13/><E75/><V86/><F131/><W104/><G132/><T24/><D33/><U92/><E134/><V70/><F135/><W106/><G112/><T61/><D23/><U102/><E114/><V37/><F37/><W42/><G42/><T116/><D116/><U9/><E125/><V130/><F130/><W47/><G106/><T27/><D27/><U50/><E76/><V94/><F115/><W113/><G113/><T120/><D120/><U43/><E72/><V79/><F127/><W126/><G126/><T31/><D31/><U111/><E111/><V93/><F109/><W108/><G108/><T117/><D117/><U10/><E10/><V110/><F110/><W71/><G71/><T91/><D91/><U88/><E102/><V98/><F70/><W15/><G0/><T97/><D97/><U73/><E73/><V19/><F29/><W12/><G12/><T85/><D85/><U40/><E107/><V6/><F55/><W128/><G128/><T133/><D133/><U101/><E34/><V122/><F122/><W22/><G22/><T52/><D39/><U26/><E101/><N who="2" m="60623" /><F6/><W82/><G81/><N who="0" m="49423" /><D61/><U77/><E77/><V18/><F94/><W2/><G2/><T60/><D60/><U62/><E105/><V78/><F86/><W59/><G4/><T80/><D80/><U3/><E3/><V66/><F66/><AGARI ba="0,0" hai="20,24,30,41,44,49,52,54,64,65,66" m="49423" machi="66" ten="30,2000,0" yaku="8,1,54,1" doraHai="14" who="0" fromWho="2" sc="208,20,256,0,273,-20,263,0" /><INIT seed="7,0,0,2,3,43" ten="228,256,253,263" oya="3" hai0="93,98,116,88,70,11,105,40,25,85,41,103,4" hai1="69,57,81,6,120,80,35,130,119,107,12,112,76" hai2="104,63,66,20,115,1,90,67,50,58,134,113,0" hai3="102,44,31,38,42,8,97,46,68,13,121,128,108"/><W21/><G121/><T72/><D116/><U29/><E69/><V55/><F134/><W87/><G68/><T99/><D70/><U94/><E107/><V18/><F104/><W83/><G128/><T100/><D25/><U129/><E29/><V79/><F79/><N who="3" m="46591" /><G38/><T133/><D72/><U132/><E35/><V122/><F122/><W135/><G42/><T124/><D124/><U82/><E76/><V27/><F90/><W37/><G37/><T74/><D74/><U125/><E120/><V51/><F51/><W47/><G108/><T16/><D16/><U15/><E125/><V131/><F131/><N who="1" m="50185" /><E6/><V106/><F106/><W65/><G65/><N who="2" m="24585" /><F63/><W91/><G102/><T19/><D19/><U28/><E28/><V9/><F9/><W52/><G135/><T117/><D117/><U89/><E112/><AGARI ba="0,0" hai="0,1,18,20,27,50,55,58,112,113,115" m="24585" machi="112" ten="30,1000,0" yaku="15,1" doraHai="43" who="2" fromWho="1" sc="228,0,256,-10,253,10,263,0" /><INIT seed="8,0,0,4,1,64" ten="228,246,263,263" oya="0" hai0="14,92,2,102,45,11,48,44,0,132,19,1,121" hai1="97,70,29,28,60,125,117,39,32,101,83,113,93" hai2="65,123,109,88,66,31,112,53,56,10,103,46,72" hai3="77,69,13,96,124,131,6,12,17,52,4,100,126"/><T30/><D121/><U16/><E39/><V99/><F109/><W110/><G110/><T67/><D132/><U51/><E117/><V34/><F123/><W5/><G131/><T62/><D30/><U9/><E125/><N who="3" m="48234" /><G77/><T79/><D79/><U86/><E113/><V82/><F112/><W24/><G69/><T25/><D25/><U129/><E129/><V81/><F46/><W120/><G120/><T116/><D116/><U8/><E32/><V21/><F34/><W15/><G52/><T130/><D130/><U26/><E60/><N who="2" m="35855" /><F72/><W18/><G96/><T105/><D105/><U127/><E70/><V71/><F71/><W41/><G41/><T55/><D45/><U85/><E85/><N who="2" m="50231" /><F81/><W43/><G100/><T3/><N who="0" m="0" /><DORA hai="33" /><T27/><D27/><U94/><E94/><N who="2" m="58871" /><F10/><N who="1" m="4201" /><E51/><V74/><F74/><W135/><G43/><T40/><D40/><U47/><E47/><V63/><F63/><W57/><G57/><T133/><D133/><U111/><E111/><V37/><F37/><W35/><G135/><T20/><D92/><U119/><E119/><V7/><F7/><N who="3" m="1795" /><W84/><DORA hai="54" /><G84/><T118/><D118/><U49/><E86/><V76/><F76/><W89/><G89/><T128/><D128/><U114/><E83/><V78/><F78/><W22/><G35/><T90/><D90/><U106/><E106/><V38/><F38/><W87/><G87/><T107/><D107/><U23/><E114/><V59/><F59/><W58/><G58/><N who="0" m="37335" /><D102/><U73/><E127/><V91/><F91/><W108/><G108/><T68/><D68/><U80/><E49/><RYUUKYOKU ba="0,0" sc="228,0,246,0,263,0,263,0" hai0="11,14,19,20,44,48,55" hai1="16,23,26,28,29,73,80,93,97,101" hai2="21,31,65,66" hai3="12,13,15,17,18,22,24" /><INIT seed="8,1,0,2,0,2" ten="228,246,263,263" oya="0" hai0="5,30,84,104,54,120,131,122,101,117,11,105,25" hai1="96,59,98,36,44,26,89,9,60,0,133,94,17" hai2="29,69,52,73,3,107,16,42,18,128,79,70,100" hai3="106,115,31,65,87,91,85,112,77,121,78,93,63"/><T6/><D105/><U116/><E116/><V24/><F3/><W90/><G106/><T134/><D117/><U15/><E133/><V109/><F109/><W72/><G121/><T20/><D134/><U50/><E36/><V76/><F42/><W19/><G31/><T81/><D131/><U22/><E0/><V34/><F128/><W130/><G130/><T48/><D101/><U38/><E38/><V111/><F111/><W43/><G43/><T83/><D104/><U13/><E98/><N who="2" m="61847" /><F52/><W126/><G126/><T99/><D99/><U33/><E33/><V41/><F41/><W66/><G19/><N who="2" m="7209" /><F73/><W21/><G21/><T71/><D71/><U135/><E135/><V53/><F53/><W103/><G103/><T49/><D122/><U35/><E35/><V10/><F10/><W57/><G72/><T61/><D120/><U39/><E39/><V7/><F7/><N who="0" m="2570" /><D11/><U80/><E9/><V88/><F70/><W12/><G115/><T37/><D37/><U119/><E119/><V67/><F88/><W114/><G112/><T113/><D113/><U127/><E127/><V23/><F23/><W132/><G114/><T32/><D32/><U125/><E125/><V110/><F110/><W62/><G132/><T58/><D83/><U123/><E80/><V92/><F92/><W28/><G93/><T75/><D75/><U4/><E4/><V1/><F1/><W108/><G108/><T82/><D81/><U27/><E123/><V14/><F14/><W40/><G12/><T97/><D97/><U47/><E15/><V129/><F129/><W64/><G87/><RYUUKYOKU ba="1,0" sc="228,15,246,-15,263,15,263,-15" hai0="20,25,30,48,49,54,58,61,82,84" hai2="24,29,34,67,69,76,79" /><INIT seed="8,2,0,4,4,20" ten="243,231,278,248" oya="0" hai0="93,9,124,23,110,125,98,63,8,74,71,29,13" hai1="130,48,79,32,128,18,10,53,15,104,101,78,58" hai2="73,84,2,131,117,85,76,40,38,4,55,46,97" hai3="51,95,91,28,75,12,49,102,47,113,37,64,129"/><T35/><D74/><U116/><E32/><V34/><F131/><N who="1" m="50217" /><E116/><V103/><F117/><W123/><G129/><T44/><D110/><U96/><AGARI ba="2,0" hai="10,15,18,48,53,58,78,79,96,101,104" m="50217" machi="96" ten="30,1100,0" yaku="19,1" doraHai="20" who="1" fromWho="1" sc="243,-7,231,17,278,-5,248,-5" /><INIT seed="9,0,0,0,0,96" ten="236,248,273,243" oya="1" hai0="89,37,43,90,29,98,2,14,126,71,115,39,112" hai1="25,82,72,65,21,0,19,22,13,4,55,27,75" hai2="119,45,127,34,24,104,110,102,50,6,80,32,54" hai3="9,107,91,132,100,12,93,77,15,33,129,40,20"/><U128/><E0/><V84/><F110/><W47/><G33/><T78/><D2/><U124/><E65/><V88/><F119/><W3/><G129/><T121/><D71/><U52/><E75/><V97/><F127/><W103/><G132/><T70/><D70/><U10/><E128/><V120/><F120/><W131/><G131/><T31/><D112/><U64/><E124/><V16/><F6/><W48/><G107/><T7/><D126/><U63/><E82/><V111/><F111/><W8/><G77/><T38/><D115/><U42/><E42/><V5/><REACH who="2" step="1"/><F5/><REACH who="2" ten="236,248,263,243" step="2"/><N who="3" m="3087" /><G3/><T118/><D121/><U67/><E72/><V51/><F51/><W99/><G20/><AGARI ba="0,1" hai="16,20,24,32,34,45,50,54,80,84,88,97,102,104" machi="20" ten="40,8000,1" yaku="1,1,52,1,54,2,53,1" doraHai="96" doraHaiUra="79" who="2" fromWho="3" sc="236,0,248,0,263,90,243,-80" owari="236,-16.0,248,5.0,353,45.0,163,-34.0" /></mjloggm>