<mjloggm ver="2.3"><GO type="97" lobby="0"/><UN n0="%66%75%6D%69%68%69%64%65" n1="%E3%82%A6%E3%83%AB%E3%83%88%E3%83%A9%E7%AB%8B%E7%9B%B4" n2="%E3%81%A4%E3%82%93%E3%81%A8%E3%82%82%E7%94%9A%E5%85%AB" n3="%E6%A3%9A%E7%94%BA%E8%96%AB" dan="13,14,14,14" rate="1813.70,1953.53,1941.43,1982.87" sx="M,M,M,F"/><TAIKYOKU oya="0"/><INIT seed="0,0,0,4,0,112" ten="250,250,250,250" oya="0" hai0="40,5,67,135,120,47,31,15,18,90,94,132,76" hai1="10,60,125,103,73,27,23,28,107,128,65,48,106" hai2="36,100,72,122,2,38,81,44,50,108,7,83,59" hai3="55,85,93,43,34,111,57,12,45,89,17,69,95"/><T129/><D76/><U51/><E73/><V63/><F122/><W123/><G111/><T22/><D67/><U101/><E125/><V97/><F108/><W32/><G69/><T124/><D47/><U19/><E128/><V92/><F83/><W56/><G95/><T78/><D78/><U0/><E107/><V121/><F121/><W88/><G89/><T71/><D40/><U52/><E106/><V119/><F119/><W16/><G17/><T30/><D71/><U4/><E28/><N who="0" m="10793" /><D94/><U96/><E96/><V13/><F2/><W11/><G123/><T25/><D90/><U29/><E48/><V84/><F72/><W33/><REACH who="3" step="1"/><G55/><REACH who="3" ten="250,250,250,240" step="2"/><T42/><D120/><U105/><E105/><V127/><F92/><W70/><G70/><T62/><D42/><U114/><E114/><V6/><F100/><W75/><G75/><T104/><D104/><U116/><E19/><V91/><F91/><W102/><G102/><T133/><D62/><U80/><E101/><V66/><F63/><W20/><G20/><T54/><D54/><U99/><E103/><V113/><F113/><W82/><G82/><T126/><D129/><U86/><E80/><V46/><F81/><W68/><G68/><T130/><D130/><U79/><E60/><V87/><F127/><N who="0" m="48682" /><D5/><U131/><E4/><V9/><F6/><W8/><G8/><T109/><D109/><U3/><E10/><V134/><F7/><W39/><AGARI ba="0,1" hai="11,12,16,32,33,34,39,43,45,56,57,85,88,93" machi="39" ten="30,7900,0" yaku="1,1,0,1,54,2,53,0" doraHai="112" doraHaiUra="61" who="3" fromWho="3" sc="250,-39,250,-20,250,-20,240,89" /><INIT seed="1,0,0,4,4,82" ten="211,230,230,329" oya="1" hai0="86,108,79,52,117,65,135,21,122,56,92,66,12" hai1="53,128,111,35,116,27,90,89,94,78,84,98,132" hai2="75,81,37,109,47,105,58,103,22,95,133,100,40" hai3="69,110,7,130,29,76,60,87,32,2,68,5,19"/><U59/><E128/><V25/><F109/><W127/><G130/><T121/><D117/><U6/><E116/><V31/><F105/><W67/><G127/><T26/><D108/><U49/><E132/><V107/><F107/><W54/><G68/><T112/><D112/><U43/><E111/><V10/><F133/><W83/><G2/><T91/><D79/><U64/><E6/><V126/><F126/><W57/><G19/><N who="0" m="10471" /><D26/><U118/><E118/><V20/><F10/><W48/><G110/><T38/><D38/><U61/><E43/><V15/><F95/><W36/><G36/><T85/><D135/><U17/><E78/><V42/><F42/><W28/><G32/><T93/><D93/><U106/><E106/><V129/><F129/><W41/><G41/><T113/><D113/><U9/><E35/><V44/><F44/><W125/><G125/><T102/><D102/><U134/><E134/><V13/><F13/><W80/><G83/><T50/><D85/><U16/><E9/><V4/><F58/><W114/><G114/><T123/><AGARI ba="0,0" hai="50,52,56,65,66,86,91,92,121,122,123" m="10471" machi="123" ten="30,7900,0" yaku="25,1,13,1,52,1,54,1" doraHai="82" who="0" fromWho="0" sc="211,79,230,-39,230,-20,329,-20" /><INIT seed="2,0,0,1,2,23" ten="290,191,210,309" oya="2" hai0="66,12,79,39,89,102,21,14,123,87,51,88,40" hai1="50,126,129,37,9,27,34,115,117,65,76,1,109" hai2="56,48,5,85,122,98,134,32,119,67,93,62,128" hai3="35,78,13,96,42,60,130,105,28,71,113,11,82"/><V26/><F122/><W103/><G42/><T70/><D39/><U86/><E37/><V64/><F119/><W92/><G130/><T110/><D123/><U73/><E73/><V7/><F128/><W80/><G92/><T30/><D70/><U2/><E117/><V54/><F134/><W114/><G60/><T120/><D120/><U52/><E129/><V132/><F132/><W44/><G44/><N who="0" m="25991" /><D66/><U41/><E41/><V58/><F85/><W55/><G55/><T125/><D102/><U68/><E115/><N who="3" m="44042" /><G78/><T94/><D125/><U84/><E126/><V8/><F67/><W25/><G71/><T99/><D79/><U63/><E109/><V133/><F133/><W97/><G96/><T46/><D46/><U36/><E36/><V49/><F49/><W83/><G80/><N who="0" m="49255" /><D110/><U3/><E76/><V72/><F72/><W101/><G101/><T135/><D135/><U43/><E43/><V17/><F8/><W22/><G35/><T131/><D131/><U124/><E9/><V24/><F32/><W18/><AGARI ba="0,0" hai="11,13,18,22,25,28,82,83,97,103,105" m="44042" machi="18" ten="30,2000,0" yaku="11,1,52,1" doraHai="23" who="3" fromWho="3" sc="290,-5,191,-5,210,-10,309,20" /><INIT seed="3,0,0,3,2,15" ten="285,186,200,329" oya="3" hai0="51,113,72,33,60,54,100,95,90,22,14,36,109" hai1="119,44,75,55,64,106,30,4,27,102,77,124,25" hai2="35,105,82,125,48,31,7,131,34,47,121,85,84" hai3="133,101,87,61,3,93,91,50,89,39,99,122,68"/><W56/><G68/><T32/><D36/><U57/><E124/><V103/><F125/><W114/><G3/><T42/><D72/><U0/><E119/><V19/><F131/><W71/><G71/><T29/><D113/><U110/><E110/><V132/><F132/><W129/><G122/><T45/><D109/><U134/><E134/><V11/><F121/><W83/><G129/><T97/><D33/><U49/><E106/><V117/><F117/><W23/><G39/><T73/><D73/><U37/><E102/><V12/><F31/><W62/><G23/><T65/><D32/><U130/><E130/><V135/><F135/><W46/><G114/><T115/><D115/><U2/><E2/><V9/><F85/><N who="3" m="50367" /><G56/><N who="0" m="36999" /><D90/><U81/><E64/><V116/><F116/><W108/><G108/><T38/><D38/><U28/><E28/><V79/><F105/><W104/><G104/><T94/><D94/><U58/><E30/><V118/><F103/><W40/><G133/><T92/><D92/><U112/><E112/><V120/><F120/><W88/><G101/><T111/><D111/><U1/><E1/><V53/><REACH who="2" step="1"/><F118/><REACH who="2" ten="285,186,190,329" step="2"/><W107/><G107/><T98/><D29/><U18/><E18/><V128/><F128/><W59/><G59/><T17/><D97/><U13/><E13/><AGARI ba="0,1" hai="7,9,11,12,13,19,34,35,47,48,53,79,82,84" machi="13" ten="30,8000,1" yaku="1,1,7,1,52,1,53,2" doraHai="15" doraHaiUra="5" who="2" fromWho="1" sc="285,0,186,-80,190,90,329,0" owari="285,9.0,106,-39.0,280,-12.0,329,42.0" /></mjloggm>