<mjloggm ver="2.3"><GO type="97" lobby="0"/><UN n0="%E3%81%B3%E3%81%B3%E3%82%93%E3%81%B0%E3%81%A0%E3%82%88" n1="%61%6C%70%68%61%2D%70%73" n2="%E3%82%A6%E3%83%AB%E3%83%88%E3%83%A9%E7%AB%8B%E7%9B%B4" n3="%E5%8F%8C%E4%B8%80" dan="14,13,13,13" rate="1927.35,1820.45,1860.23,1868.69" sx="F,M,M,M"/><TAIKYOKU oya="0"/><INIT seed="0,0,0,3,2,87" ten="250,250,250,250" oya="0" hai0="79,8,61,127,129,18,122,1,4,30,118,114,95" hai1="82,72,135,128,31,66,77,33,20,85,80,10,91" hai2="65,108,134,49,86,115,89,97,22,62,94,58,45" hai3="19,55,44,52,123,111,102,73,68,56,46,15,2"/><T124/><D129/><U69/><E128/><V35/><F35/><W54/><G73/><T37/><D118/><U7/><E135/><V133/><F115/><W110/><G2/><T6/><D122/><U43/><E33/><V5/><F108/><W41/><G68/><T29/><D114/><U57/><E69/><V34/><F34/><W13/><G102/><T26/><D79/><U3/><E43/><V63/><F63/><W105/><G105/><T106/><D106/><U112/><E112/><V100/><F5/><W70/><G70/><T11/><D61/><U14/><E66/><V0/><F0/><W117/><G117/><T42/><D95/><U96/><E57/><V78/><F78/><W21/><G123/><T90/><D90/><U50/><E50/><V23/><F134/><W120/><G120/><T76/><D76/><U101/><E31/><N who="0" m="11785" /><D42/><U59/><E59/><V125/><F125/><N who="0" m="48202" /><D37/><U28/><E28/><V93/><REACH who="2" step="1"/><F133/><REACH who="2" ten="250,250,240,250" step="2"/><W75/><G110/><T119/><D119/><U47/><E3/><V39/><F39/><W81/><G111/><T130/><D130/><U98/><E7/><N who="0" m="2601" /><D1/><U25/><E72/><V9/><F9/><W64/><G75/><T32/><D32/><U107/><E10/><V109/><F109/><W103/><G21/><AGARI ba="0,1" hai="8,11,18,21,26" m="2601,48202,11785" machi="21" ten="30,5800,0" yaku="18,1,34,2" doraHai="87" who="0" fromWho="3" sc="250,68,250,0,240,0,250,-58" /><INIT seed="0,1,0,2,0,126" ten="318,250,240,192" oya="0" hai0="80,129,114,112,25,32,84,23,4,39,0,134,77" hai1="122,135,68,79,70,89,110,121,94,47,54,119,113" hai2="95,11,106,62,66,51,107,17,12,3,19,43,92" hai3="44,86,49,117,108,40,38,118,75,52,60,29,73"/><T27/><D32/><U16/><E119/><V127/><F3/><W83/><G108/><T50/><D39/><U10/><E110/><V67/><F127/><W78/><G29/><T13/><D0/><U26/><E135/><V61/><F51/><W28/><G28/><T130/><D134/><U115/><E79/><V59/><F43/><W102/><G102/><T41/><D4/><U33/><E70/><V8/><F12/><W90/><G60/><T100/><D100/><U37/><E68/><V30/><F30/><W45/><REACH who="3" step="1"/><G75/><REACH who="3" ten="318,250,240,182" step="2"/><T31/><D114/><U98/><E115/><V124/><F124/><W96/><G96/><T63/><D112/><U65/><E113/><V72/><F72/><W91/><G91/><T132/><D63/><U46/><E89/><V88/><F88/><W34/><G34/><T104/><D132/><U55/><E98/><V97/><F97/><W6/><G6/><T103/><D103/><U35/><E33/><V42/><F62/><W93/><AGARI ba="1,1" hai="38,40,44,45,49,52,73,78,83,86,90,93,117,118" machi="93" ten="20,5200,0" yaku="1,1,0,1,7,1,54,1,53,0" doraHai="126" doraHaiUra="22" who="3" fromWho="3" sc="318,-27,250,-14,240,-14,182,65" /><INIT seed="1,0,0,5,5,7" ten="291,236,226,247" oya="1" hai0="116,5,75,105,3,126,131,113,15,6,26,112,104" hai1="79,8,25,12,62,27,88,80,9,97,91,107,70" hai2="36,109,16,118,43,78,93,29,92,111,32,129,77" hai3="123,128,130,134,35,115,44,117,72,53,38,40,108"/><U94/><E107/><V47/><F118/><W67/><RYUUKYOKU type="yao9" ba="0,0" sc="291,0,236,0,226,0,247,0" hai3="35,38,40,44,53,67,72,108,115,117,123,128,130,134" /><INIT seed="1,1,0,0,1,99" ten="291,236,226,247" oya="1" hai0="97,78,107,59,87,69,74,102,111,61,104,48,49" hai1="93,84,132,77,127,113,23,96,110,71,94,75,43" hai2="5,70,133,123,17,91,22,27,63,79,9,128,45" hai3="103,66,2,115,53,72,21,85,13,32,73,58,64"/><U68/><E113/><V112/><F123/><W0/><G32/><T122/><D69/><U16/><E132/><V80/><F112/><W81/><G115/><T89/><D111/><U52/><E127/><V6/><F133/><W4/><G73/><T129/><D129/><U26/><E110/><V130/><F91/><W28/><G72/><T95/><D122/><U57/><E43/><V46/><F63/><W15/><G2/><T34/><D34/><U118/><E75/><N who="2" m="43135" /><F70/><W18/><G0/><T10/><D10/><U41/><E41/><V90/><F90/><W106/><G28/><T114/><D114/><U125/><E125/><V1/><F6/><W55/><G53/><N who="0" m="34031" /><D107/><U60/><E118/><V86/><F86/><W120/><G120/><T39/><D39/><U119/><E119/><V82/><F82/><AGARI ba="1,0" hai="48,49,74,78,82,87,89,95,97,102,104" m="34031" machi="82" ten="30,2000,0" yaku="24,1,52,1" doraHai="99" who="0" fromWho="2" sc="291,23,236,0,226,-23,247,0" /><INIT seed="2,0,0,3,2,46" ten="314,236,203,247" oya="2" hai0="82,17,135,49,77,117,111,29,61,79,95,113,59" hai1="47,102,19,107,67,66,40,100,43,118,134,1,44" hai2="2,30,4,133,60,12,39,75,104,24,132,93,88" hai3="74,99,110,72,80,120,91,45,56,125,83,13,51"/><V128/><F39/><W109/><G120/><T9/><D113/><U16/><E118/><V122/><F122/><W27/><G27/><T106/><D106/><U23/><E134/><N who="2" m="51819" /><F75/><W42/><G125/><T116/><D135/><U124/><E124/><V81/><F81/><W33/><G33/><T3/><D111/><N who="3" m="42505" /><G13/><N who="0" m="7343" /><D3/><U130/><E23/><N who="2" m="15647" /><F104/><W62/><G80/><T69/><D29/><U121/><E107/><V73/><F73/><W14/><G14/><T112/><D112/><U71/><E121/><V108/><F108/><W34/><G34/><T36/><D36/><U87/><E87/><N who="2" m="52383" /><F128/><W6/><G6/><T85/><D116/><U114/><E130/><V78/><F78/><W94/><G83/><T58/><D79/><U37/><E37/><V68/><F12/><W89/><G91/><T41/><D117/><U57/><E57/><V25/><F25/><W18/><G18/><T76/><D59/><U70/><REACH who="1" step="1"/><E1/><REACH who="1" ten="314,226,203,247" step="2"/><V0/><F4/><W115/><G115/><AGARI ba="0,1" hai="16,19,40,43,44,47,66,67,70,71,100,102,114,115" machi="115" ten="25,8000,1" yaku="1,1,2,1,22,2,54,1,53,0" doraHai="46" doraHaiUra="53" who="1" fromWho="3" sc="314,0,226,90,203,0,247,-80" /><INIT seed="3,0,0,0,5,36" ten="314,316,203,167" oya="3" hai0="7,55,133,81,54,22,5,66,17,19,27,35,89" hai1="134,52,72,97,104,0,123,85,63,113,45,83,84" hai2="90,95,124,135,59,77,46,86,96,23,75,29,6" hai3="13,42,25,76,120,101,60,74,16,110,122,53,44"/><W126/><G101/><T79/><D35/><U39/><E0/><V30/><F75/><W47/><G74/><T82/><D133/><U132/><E123/><V11/><F124/><W116/><G76/><T107/><D107/><U62/><E113/><V102/><F135/><N who="1" m="51753" /><E72/><V51/><F59/><W64/><G116/><T31/><D66/><U99/><E104/><V112/><F23/><W105/><G105/><T78/><D27/><U91/><E84/><V114/><F114/><W21/><G126/><T87/><D87/><U48/><E39/><V128/><F128/><W8/><G110/><T49/><D22/><U88/><E91/><V32/><F32/><W58/><G47/><T4/><D89/><U15/><E15/><N who="2" m="5623" /><F112/><W10/><G64/><T80/><D31/><U92/><E99/><V125/><F125/><W50/><REACH who="3" step="1"/><G10/><REACH who="3" ten="314,316,203,157" step="2"/><T56/><D55/><U40/><E45/><V14/><F77/><AGARI ba="0,1" hai="4,5,7,17,19,49,54,56,77,78,79,80,81,82" machi="77" ten="40,1300,0" yaku="8,1" doraHai="36" who="0" fromWho="2" sc="314,23,316,0,203,-13,157,0" owari="337,43.0,316,12.0,190,-21.0,157,-34.0" /></mjloggm>