<mjloggm ver="2.3"><GO type="169" lobby="0"/><UN n0="%6B%65%6E%79%61%30%31" n1="%E3%82%86%E3%81%86%E3%81%B4" n2="%E3%81%97%E3%81%8A%E3%81%BE%E3%81%AD%E3%81%8D" n3="%E3%82%A6%E3%83%AB%E3%83%88%E3%83%A9%E7%AB%8B%E7%9B%B4" dan="18,16,17,17" rate="2257.16,2127.32,2150.46,2171.80" sx="M,M,M,M"/><TAIKYOKU oya="0"/><INIT seed="0,0,0,4,1,28" ten="250,250,250,250" oya="0" hai0="96,126,83,42,87,26,100,101,36,18,34,107,86" hai1="90,59,31,118,40,85,44,24,128,124,62,25,76" hai2="2,61,93,7,63,115,53,52,123,49,80,56,113" hai3="12,109,103,135,91,73,75,54,32,106,58,92,95"/><T39/><D126/><U41/><E124/><V45/><F80/><W6/><G106/><T77/><D101/><U105/><E105/><V27/><F93/><W129/><G32/><T121/><D121/><U48/><E118/><V8/><F123/><W98/><G109/><T66/><D66/><U122/><E122/><V37/><F37/><W82/><G82/><T79/><D42/><U65/><E128/><V19/><F19/><W110/><G110/><T0/><D0/><U10/><E41/><V112/><F27/><W99/><G129/><T111/><D111/><U22/><E10/><V70/><F70/><W108/><G108/><T134/><D134/><U3/><E3/><V60/><AGARI ba="0,0" hai="2,7,8,45,49,52,53,56,60,61,63,112,113,115" machi="60" ten="40,2700,0" yaku="0,1,54,1" doraHai="28" who="2" fromWho="2" sc="250,-13,250,-7,250,27,250,-7" /><INIT seed="1,0,0,0,1,118" ten="237,243,277,243" oya="1" hai0="14,18,76,102,129,61,90,120,20,124,109,29,121" hai1="98,6,72,111,101,24,64,85,123,38,97,96,70" hai2="127,122,32,93,107,105,57,44,67,87,31,48,126" hai3="22,134,17,74,46,89,80,15,33,27,84,52,56"/><U10/><E72/><V13/><F13/><W59/><G134/><T4/><D109/><U54/><E111/><V125/><F93/><W131/><G131/><T77/><D129/><U95/><E38/><V58/><F87/><W37/><G74/><T65/><D124/><U78/><E123/><N who="0" m="47177" /><D102/><U79/><E70/><V119/><F119/><W117/><G117/><T51/><D51/><U88/><E64/><V128/><F128/><W135/><G135/><T62/><D4/><U82/><E24/><N who="2" m="18535" /><F67/><W26/><G33/><T47/><D47/><U11/><E54/><N who="2" m="29959" /><F122/><W21/><G37/><T115/><D29/><U55/><E55/><V133/><F133/><W34/><G46/><T30/><D30/><U112/><E112/><V108/><F108/><W73/><G52/><T100/><D115/><U43/><E43/><V91/><F91/><W1/><G1/><T19/><D100/><U53/><E6/><V28/><F28/><W40/><G40/><T25/><D90/><U63/><E101/><V116/><F116/><W39/><G39/><T69/><D62/><U75/><REACH who="1" step="1"/><E78/><REACH who="1" ten="237,233,277,243" step="2"/><V106/><AGARI ba="0,1" hai="57,58,105,106,107,125,126,127" m="29959,18535" machi="106" ten="40,1500,0" yaku="18,1" doraHai="118" who="2" fromWho="2" sc="237,-4,233,-7,277,25,243,-4" /><INIT seed="2,0,0,2,5,48" ten="233,226,302,239" oya="2" hai0="114,91,32,87,111,75,119,47,34,36,26,89,67" hai1="60,23,96,125,35,90,77,46,41,3,68,82,132" hai2="11,118,9,79,50,109,78,106,62,104,65,129,42" hai3="86,59,101,112,135,15,28,51,130,102,6,93,131"/><V95/><F118/><W33/><G135/><T4/><D75/><U58/><E35/><V30/><F30/><W13/><G28/><T57/><D4/><U66/><E3/><V20/><F20/><W134/><G33/><T128/><D36/><U22/><E132/><V116/><F95/><W84/><G134/><T113/><D47/><U21/><E125/><V83/><F79/><W64/><G112/><T12/><D67/><U126/><E126/><V45/><F116/><W110/><G110/><T120/><D57/><U88/><E96/><V61/><F109/><W8/><G15/><T31/><D87/><N who="3" m="33321" /><G93/><T70/><D70/><U73/><REACH who="1" step="1"/><E68/><REACH who="1" ten="233,216,302,239" step="2"/><V97/><F97/><W29/><G131/><T18/><D34/><U71/><E71/><V108/><F129/><W107/><G130/><T55/><D128/><U80/><E80/><V121/><F108/><W2/><G2/><T25/><D32/><U63/><E63/><V37/><F62/><N who="3" m="37983" /><G107/><T94/><D111/><U24/><E24/><V85/><F104/><W53/><G29/><T72/><D31/><U54/><E54/><V127/><F106/><W123/><G123/><T81/><D55/><U0/><E0/><V49/><F127/><W133/><G133/><T40/><D120/><U56/><E56/><AGARI ba="0,1" hai="6,8,13,51,53,56,101,102" m="37983,33321" machi="56" ten="30,2000,0" yaku="8,1,52,1" doraHai="48" who="3" fromWho="1" sc="233,0,216,-20,302,0,239,30" /><INIT seed="3,0,0,0,1,59" ten="233,196,302,269" oya="3" hai0="84,103,34,116,119,134,15,26,73,62,7,86,80" hai1="1,71,120,107,46,27,43,29,2,48,55,68,94" hai2="39,16,21,37,13,90,41,8,128,44,105,12,98" hai3="50,106,63,126,76,40,102,77,110,93,51,104,132"/><W11/><G106/><T19/><D134/><U79/><E120/><V121/><F128/><W114/><G104/><T131/><D131/><U49/><E107/><V130/><F121/><W65/><G114/><T88/><D73/><U91/><E79/><V52/><F130/><W57/><G132/><T117/><D103/><U20/><E71/><V9/><F39/><W127/><G110/><T135/><D135/><U30/><E68/><V89/><F21/><W22/><G22/><T54/><D7/><U133/><E133/><V60/><F105/><W58/><G11/><T111/><D111/><U10/><E10/><V35/><F35/><W129/><G129/><T23/><D86/><U42/><E30/><V32/><F32/><W14/><G14/><T82/><D80/><U125/><E125/><N who="3" m="47626" /><G40/><T101/><D101/><U4/><E4/><V109/><F109/><W113/><G113/><T64/><D54/><U47/><REACH who="1" step="1"/><E55/><REACH who="1" ten="233,186,302,269" step="2"/><V97/><F8/><W18/><G18/><T85/><D119/><U69/><E69/><V53/><F12/><W28/><G28/><T56/><D117/><U74/><E74/><V5/><F5/><W72/><G72/><T99/><D116/><U115/><E115/><V33/><F53/><N who="3" m="31935" /><G77/><T100/><D19/><U25/><E25/><V45/><F9/><W122/><G76/><T108/><D15/><U78/><E78/><V81/><F13/><W112/><G112/><T123/><D123/><U61/><E61/><V66/><F16/><W31/><G31/><T124/><D124/><U24/><E24/><V67/><F52/><W96/><G122/><RYUUKYOKU ba="0,1" sc="233,-15,186,15,302,-15,269,15" hai1="1,2,20,27,29,42,43,46,47,48,49,91,94" hai3="50,58,63,65,93,96,102" /><INIT seed="3,1,1,0,0,58" ten="218,201,287,284" oya="3" hai0="70,22,18,123,61,135,63,110,97,42,81,34,32" hai1="14,86,17,71,62,57,13,20,36,60,1,12,131" hai2="38,84,127,116,0,89,107,106,115,78,21,55,100" hai3="85,114,94,108,133,105,6,67,4,126,77,69,46"/><W7/><G105/><T9/><D123/><U93/><E36/><V48/><F116/><W45/><G114/><T74/><D70/><U111/><E111/><V26/><F38/><W44/><G108/><T35/><D110/><U50/><E131/><V41/><F0/><W80/><G133/><T113/><D135/><U125/><E1/><V11/><F115/><W82/><G126/><T134/><D134/><U90/><E125/><V40/><F127/><W103/><G69/><T66/><D66/><U120/><E120/><V124/><F78/><W117/><G117/><T91/><D113/><U95/><E95/><V75/><F11/><W99/><G67/><T37/><D9/><U33/><E33/><V49/><F75/><W47/><N who="3" m="11264" /><DORA hai="88" /><W10/><REACH who="3" step="1"/><G82/><REACH who="3" ten="218,201,287,274" step="2"/><T54/><D37/><U19/><E71/><V68/><F124/><W56/><G56/><T109/><D109/><U51/><E51/><V76/><F68/><W30/><G30/><T118/><D81/><U119/><E119/><V129/><F106/><W28/><G28/><T96/><D118/><U53/><REACH who="1" step="1"/><E14/><AGARI ba="1,2" hai="4,6,7,10,14,77,80,85,94,99,103" m="11264" machi="14" ten="50,9600,0" yaku="1,1,8,1,52,1,53,0" doraHai="58,88" doraHaiUra="121,39" who="3" fromWho="1" sc="218,0,201,-99,287,0,274,119" /><INIT seed="3,2,0,1,3,73" ten="218,102,287,393" oya="3" hai0="4,134,103,135,119,41,48,92,23,35,54,53,102" hai1="82,91,20,115,94,49,31,74,93,2,117,131,46" hai2="40,39,77,25,112,50,76,121,0,87,95,57,89" hai3="86,42,22,113,7,85,64,21,59,108,127,44,51"/><W109/><G113/><T124/><D35/><U65/><E115/><V56/><F121/><W66/><G7/><T34/><D34/><U27/><E2/><V38/><F112/><W67/><G59/><N who="2" m="22601" /><F0/><W75/><G75/><T29/><D119/><U15/><E131/><V36/><F36/><W58/><G58/><T96/><D4/><U128/><E128/><V123/><F39/><W68/><G68/><T122/><D122/><U69/><E117/><V110/><F38/><W114/><G114/><T70/><D70/><U16/><E69/><V129/><F110/><N who="3" m="42603" /><G127/><T10/><D10/><U12/><E65/><V14/><F129/><W84/><AGARI ba="2,0" hai="21,22,42,44,51,64,66,67,84,85,86" m="42603" machi="84" ten="40,3900,0" yaku="14,1,10,1" doraHai="73" who="3" fromWho="3" sc="218,-15,102,-15,287,-15,393,45" /><INIT seed="3,3,0,3,5,34" ten="203,87,272,438" oya="3" hai0="25,101,4,81,15,37,70,19,80,38,7,121,124" hai1="63,35,93,95,96,106,88,86,54,135,22,85,1" hai2="78,39,5,66,89,45,116,131,123,114,103,12,84" hai3="16,31,87,33,53,90,29,102,126,40,111,120,67"/><W112/><G33/><T128/><D70/><U105/><E35/><V42/><F131/><W62/><G112/><T109/><D121/><U30/><E135/><V6/><F123/><W118/><G118/><T91/><D101/><U8/><E8/><V43/><F116/><W72/><G72/><T59/><D25/><U71/><E1/><V27/><F114/><W134/><G120/><T133/><D109/><U2/><E2/><V119/><F103/><W24/><G40/><T132/><D59/><U13/><E71/><V18/><F78/><W68/><G102/><T21/><D128/><U74/><E74/><V44/><F66/><W49/><G111/><T64/><D64/><U17/><E30/><V10/><F27/><W32/><G126/><T48/><D48/><U107/><E95/><V3/><F119/><W14/><G134/><T83/><D91/><U58/><REACH who="1" step="1"/><E13/><REACH who="1" ten="203,77,272,438" step="2"/><V28/><F28/><W97/><G31/><T65/><D133/><U46/><E46/><V125/><F125/><W9/><G29/><T36/><D132/><U51/><E51/><V94/><F3/><W129/><G129/><T110/><D124/><U98/><E98/><V99/><F99/><W26/><G97/><T23/><D110/><U47/><E47/><V100/><F100/><W115/><G32/><T50/><D50/><AGARI ba="3,1" hai="5,6,10,12,18,39,42,43,44,45,50,84,89,94" machi="50" ten="30,1000,0" yaku="7,1" doraHai="34" who="2" fromWho="0" sc="203,-19,77,0,272,29,438,0" /><INIT seed="4,0,0,1,0,71" ten="184,77,301,438" oya="0" hai0="28,74,46,131,93,37,115,23,1,83,53,10,44" hai1="123,124,67,16,77,78,2,95,5,108,69,117,127" hai2="70,82,86,81,76,42,66,106,111,109,57,40,4" hai3="15,55,29,0,8,94,65,118,25,112,75,121,80"/><T7/><D115/><U129/><E123/><V12/><F106/><W45/><G0/><T63/><D131/><U22/><E117/><V30/><F30/><W14/><G14/><T120/><D120/><U135/><E108/><V72/><F70/><W36/><G118/><T27/><D93/><U100/><E129/><V61/><F111/><W26/><G26/><T97/><D97/><N who="1" m="59455" /><E69/><V54/><F109/><W128/><G65/><T90/><D90/><U58/><E135/><V9/><REACH who="2" step="1"/><F66/><REACH who="2" ten="184,77,291,438" step="2"/><W89/><G29/><T101/><D28/><U17/><E67/><V119/><F119/><W35/><G128/><T134/><D134/><U51/><E127/><V38/><F38/><W19/><G36/><T48/><D37/><U92/><E124/><V102/><F102/><W34/><G121/><T84/><D101/><U32/><E32/><V99/><F99/><W6/><G35/><T88/><D63/><U114/><E114/><V50/><F50/><W13/><G34/><T41/><D48/><U110/><E51/><V98/><F98/><W31/><G31/><T68/><D68/><U113/><E110/><V105/><F105/><W107/><G107/><T59/><D59/><U104/><E113/><V133/><F133/><W3/><G112/><T56/><D56/><U116/><E58/><V85/><F85/><W122/><G122/><T126/><D126/><U91/><E116/><V33/><F33/><W130/><G130/><T96/><D96/><N who="1" m="57375" /><E104/><V24/><F24/><W20/><G25/><T62/><D27/><U39/><E39/><V79/><AGARI ba="0,1" hai="4,9,12,40,42,54,57,61,72,76,79,81,82,86" machi="79" ten="20,2700,0" yaku="1,1,0,1,7,1,53,0" doraHai="71" doraHaiUra="125" who="2" fromWho="2" sc="184,-13,77,-7,291,37,438,-7" /><INIT seed="5,0,0,3,1,4" ten="171,70,328,431" oya="1" hai0="35,86,69,77,28,38,91,2,131,61,20,120,76" hai1="68,127,72,57,31,10,98,37,73,5,13,9,126" hai2="121,116,101,111,118,0,97,50,7,119,11,52,47" hai3="14,39,42,113,81,133,95,19,24,100,106,110,89"/><U85/><E68/><V135/><F135/><W105/><G110/><T21/><D38/><U62/><E37/><V99/><F111/><W41/><G24/><T54/><D2/><U104/><E31/><V107/><REACH who="2" step="1"/><F99/><REACH who="2" ten="171,70,318,431" step="2"/><W33/><G133/><T17/><D120/><AGARI ba="0,1" hai="0,7,11,47,50,52,97,101,107,116,118,119,120,121" machi="120" ten="40,8000,1" yaku="1,1,2,1,52,1,54,1,53,0" doraHai="4" doraHaiUra="128" who="2" fromWho="0" sc="171,-80,70,0,318,90,431,0" /><INIT seed="6,0,0,2,1,68" ten="91,70,408,431" oya="2" hai0="27,11,85,107,13,53,110,10,133,31,47,18,34" hai1="106,135,32,89,1,57,15,43,127,62,65,55,96" hai2="84,132,59,80,16,17,105,72,125,3,91,45,20" hai3="78,28,23,81,9,123,74,2,122,46,58,39,69"/><V48/><F105/><W73/><G73/><T54/><D110/><U64/><E1/><V121/><F121/><W114/><G58/><T42/><D133/><U134/><E32/><V7/><F132/><N who="1" m="50729" /><E15/><V82/><F125/><W99/><G99/><T111/><D111/><U5/><E5/><V24/><F59/><W56/><G56/><T131/><D131/><U61/><E89/><V12/><F3/><W0/><G0/><T116/><D116/><U118/><E96/><V104/><F104/><W101/><G69/><T49/><D107/><U19/><E19/><V30/><F72/><W33/><G23/><T8/><D85/><U6/><E6/><V22/><F7/><N who="3" m="1271" /><G101/><T52/><AGARI ba="0,0" hai="8,10,11,13,18,27,31,34,42,47,49,52,53,54" machi="52" ten="30,2000,0" yaku="0,1,54,1" doraHai="68" who="0" fromWho="0" sc="91,20,70,-5,408,-10,431,-5" /><INIT seed="7,0,0,1,1,81" ten="111,65,398,426" oya="3" hai0="56,47,2,117,50,62,67,95,69,103,97,18,114" hai1="87,15,125,48,30,24,104,36,119,124,66,118,85" hai2="33,72,1,111,132,3,14,64,135,112,59,0,10" hai3="13,91,84,102,63,8,9,26,4,96,122,7,78"/><W60/><G122/><T44/><D117/><N who="1" m="44555" /><E104/><V100/><F72/><W105/><G78/><T79/><D2/><N who="2" m="514" /><V29/><DORA hai="127" /><F100/><W123/><G123/><T126/><D126/><N who="1" m="48747" /><E36/><V99/><F99/><W133/><G133/><N who="2" m="51273" /><F112/><W53/><G26/><T86/><D114/><U68/><E48/><V20/><F111/><W32/><G32/><T92/><D50/><U98/><E98/><V57/><F33/><W39/><G39/><T23/><D69/><U17/><E66/><V19/><F64/><W82/><G53/><T90/><D79/><U121/><E121/><V41/><F41/><W35/><G35/><T94/><D94/><U58/><E68/><V131/><F131/><W31/><G31/><T34/><D34/><N who="1" m="20807" /><E58/><N who="2" m="22027" /><F29/><W37/><G37/><T11/><D11/><AGARI ba="0,0" hai="11,15,17,85,87" m="20807,48747,44555" machi="11" ten="30,7700,0" yaku="12,1,18,1,52,2" doraHai="81,127" who="1" fromWho="0" sc="111,-77,65,77,398,0,426,0" owari="34,-47.0,142,-26.0,398,20.0,426,53.0" /></mjloggm>