<mjloggm ver="2.3"><GO type="97" lobby="0"/><UN n0="%E6%B0%B4%E4%B8%8A%E5%A4%8F%E6%A8%B9" n1="%78%E7%8C%AB%E3%81%AF%E4%BF%BA%E3%81%8C%E8%82%B2%E3%81%A6%E3%81%9F" n2="%E3%82%A6%E3%83%AB%E3%83%88%E3%83%A9%E7%AB%8B%E7%9B%B4" n3="%E6%A8%8B%E5%8F%A3%E4%B8%80%E8%91%89" dan="14,15,15,13" rate="1938.12,2032.65,2022.71,1981.05" sx="M,F,M,F"/><TAIKYOKU oya="0"/><INIT seed="0,0,0,3,0,106" ten="250,250,250,250" oya="0" hai0="47,134,45,7,115,79,128,1,25,18,110,59,72" hai1="55,133,35,132,23,34,0,9,103,100,99,16,111" hai2="14,105,73,119,33,109,61,4,6,58,37,87,44" hai3="74,81,89,20,26,28,118,83,22,125,19,98,38"/><T11/><D115/><U41/><E41/><V114/><F33/><W130/><G118/><T70/><D70/><U40/><E40/><V52/><F105/><W39/><G130/><T63/><D128/><U86/><E111/><V2/><F2/><W101/><G125/><T126/><D126/><U71/><E71/><V123/><F123/><W15/><G83/><T21/><D134/><N who="1" m="51819" /><E86/><V31/><F31/><W30/><G30/><T84/><D84/><U67/><E67/><V48/><F114/><W56/><G56/><T13/><D110/><U66/><E66/><V90/><F109/><W62/><G62/><T121/><D121/><U77/><E77/><V65/><F119/><W113/><G113/><T75/><D79/><U8/><E55/><V60/><F73/><W42/><G42/><T135/><D135/><U104/><E100/><V80/><F37/><W78/><REACH who="3" step="1"/><G89/><REACH who="3" ten="250,250,250,240" step="2"/><T92/><D1/><U96/><E0/><V27/><F61/><W24/><G24/><T53/><REACH who="0" step="1"/><D92/><AGARI ba="0,1" hai="15,19,20,22,26,28,38,39,74,78,81,92,98,101" machi="92" ten="30,8000,1" yaku="1,1,7,1,52,1,53,2" doraHai="106" doraHaiUra="69" who="3" fromWho="0" sc="250,-80,250,0,250,0,240,90" /><INIT seed="1,0,0,0,3,78" ten="170,250,250,330" oya="1" hai0="74,30,104,134,46,57,114,125,124,54,113,117,108" hai1="97,71,39,109,126,83,42,133,21,122,29,26,73" hai2="14,1,88,7,106,12,120,89,4,35,115,101,132" hai3="93,66,25,105,45,80,85,91,81,40,17,33,44"/><U82/><E122/><V102/><F35/><W67/><G105/><T16/><D74/><U99/><E71/><V127/><F106/><W32/><G32/><T41/><D104/><U64/><E64/><N who="3" m="24618" /><G33/><T60/><D16/><U94/><E73/><V28/><F28/><W38/><G38/><N who="0" m="21815" /><D30/><U68/><E68/><V76/><F76/><W119/><G119/><T87/><D87/><U86/><E133/><V118/><F132/><W24/><G40/><T131/><D134/><U48/><E39/><V135/><F135/><W96/><G17/><T61/><D117/><U130/><E130/><V27/><F27/><N who="3" m="10315" /><G80/><N who="1" m="30762" /><E126/><N who="0" m="48745" /><D131/><U123/><E123/><V75/><F127/><W56/><G56/><N who="0" m="34839" /><D108/><U116/><E109/><V65/><F75/><W34/><G34/><T129/><D129/><U72/><E72/><V9/><F118/><W15/><G15/><T111/><D111/><U112/><E116/><V100/><F12/><W84/><G84/><T37/><D37/><U8/><E8/><V13/><F14/><W55/><G55/><AGARI ba="0,0" hai="55,57,61,113,114" m="34839,48745,21815" machi="55" ten="30,3900,0" yaku="18,1,34,2" doraHai="78" who="0" fromWho="3" sc="170,39,250,0,250,0,330,-39" /><INIT seed="2,0,0,4,5,0" ten="209,250,250,291" oya="2" hai0="15,36,2,115,134,107,125,17,7,49,106,94,61" hai1="67,118,34,83,53,14,116,85,60,12,65,6,78" hai2="29,127,16,97,55,69,73,112,9,38,72,52,130" hai3="41,11,39,121,57,86,32,91,117,22,40,110,30"/><V93/><F69/><W19/><G121/><T10/><D36/><U35/><E53/><V103/><F38/><W26/><G117/><T47/><D115/><U98/><E67/><V5/><F112/><W63/><G39/><T126/><D134/><U104/><E118/><V120/><F120/><W90/><G110/><T99/><D61/><U74/><E116/><V71/><F71/><W77/><G77/><T105/><D99/><U88/><E14/><V13/><F29/><W89/><G86/><T102/><D102/><U82/><E104/><V95/><F127/><W1/><G1/><T128/><D94/><U28/><E98/><V48/><F130/><W64/><REACH who="3" step="1"/><G11/><REACH who="3" ten="209,250,250,281" step="2"/><T44/><D128/><U62/><E78/><V76/><F76/><W131/><G131/><T46/><REACH who="0" step="1"/><D49/><REACH who="0" ten="199,250,250,281" step="2"/><U18/><E62/><V101/><F48/><W109/><G109/><T45/><N who="0" m="11264" /><DORA hai="108" /><T135/><D135/><U96/><E60/><V56/><F97/><W31/><G31/><T27/><D27/><AGARI ba="0,2" hai="19,22,26,27,30,32,40,41,57,63,64,89,90,91" machi="27" ten="40,8000,1" yaku="1,1,53,3" doraHai="0,108" doraHaiUra="80,87" who="3" fromWho="0" sc="199,-80,250,0,250,0,281,100" /><INIT seed="3,0,0,1,2,83" ten="119,250,250,381" oya="3" hai0="16,61,58,134,35,122,117,125,116,46,113,4,25" hai1="128,115,31,68,38,123,77,53,55,1,36,14,67" hai2="39,28,101,32,127,45,51,52,66,109,19,22,33" hai3="30,74,104,15,78,133,87,48,10,106,59,6,112"/><W121/><G121/><T26/><D122/><U124/><E123/><V5/><F39/><W29/><G112/><T69/><D113/><U120/><E120/><V9/><F109/><W96/><G74/><T129/><D116/><U23/><E1/><V94/><F127/><W107/><G96/><T24/><D117/><U57/><E115/><V80/><F66/><W44/><G59/><T63/><D125/><U43/><E77/><V91/><F28/><W90/><G133/><T102/><D134/><U85/><E124/><V41/><F101/><W54/><G78/><T76/><D129/><U118/><E118/><V100/><F100/><W49/><G49/><T110/><D110/><U17/><E128/><V126/><F80/><W47/><G47/><T20/><D69/><U2/><E2/><V13/><F126/><W84/><G84/><T12/><D102/><U72/><E72/><V97/><F41/><W8/><G8/><N who="0" m="4103" /><D46/><U40/><E31/><V3/><AGARI ba="0,0" hai="3,5,9,13,19,22,32,33,45,51,52,91,94,97" machi="3" ten="20,2700,0" yaku="0,1,7,1,54,1" doraHai="83" who="2" fromWho="2" sc="119,-7,250,-7,250,27,381,-13" owari="112,-39.0,243,-16.0,277,8.0,368,47.0" /></mjloggm>