<mjloggm ver="2.3"><GO type="169" lobby="0"/><UN n0="%4B%49%4E%4F" n1="%E4%B8%89%E9%BA%BB%E4%BA%AD%E6%9F%93%E5%A4%AA%E9%83%8E" n2="%E3%82%A6%E3%83%AB%E3%83%88%E3%83%A9%E7%AB%8B%E7%9B%B4" n3="%E3%82%AB%E3%83%9C%E3%83%81%E3%83%A3%E3%82%BF%E3%83%8D" dan="17,17,17,16" rate="2216.15,2169.89,2108.73,2093.41" sx="F,M,M,M"/><TAIKYOKU oya="0"/><INIT seed="0,0,0,0,5,104" ten="250,250,250,250" oya="0" hai0="61,8,123,53,119,101,6,110,9,84,83,37,134" hai1="49,88,121,116,80,20,56,65,85,69,106,2,117" hai2="4,112,34,90,94,30,1,81,86,135,50,28,33" hai3="133,120,66,7,62,11,103,38,57,16,67,75,70"/><T27/><D119/><U40/><E121/><V46/><F135/><W25/><G133/><T97/><D123/><U100/><E2/><V95/><F112/><W105/><G120/><T73/><D37/><U74/><E69/><V77/><F34/><W128/><G38/><T60/><D134/><U93/><E20/><V24/><F30/><W10/><G128/><T114/><D114/><U78/><E65/><V130/><F130/><W3/><G75/><T91/><D110/><U72/><E74/><V45/><F94/><W26/><G67/><T58/><D73/><U96/><E56/><V19/><F50/><W76/><G76/><T126/><D126/><U14/><E14/><V44/><F19/><W31/><G57/><T63/><D27/><U51/><REACH who="1" step="1"/><E49/><REACH who="1" ten="250,240,250,250" step="2"/><V98/><F1/><W52/><G3/><T39/><D39/><U111/><E111/><V113/><F113/><W47/><G66/><T54/><D58/><U5/><E5/><V68/><F68/><W59/><G7/><T102/><D6/><U87/><E87/><V71/><F71/><W35/><G70/><T129/><D129/><U23/><E23/><V79/><F4/><W89/><G47/><AGARI ba="0,1" hai="40,47,51,72,78,80,85,88,93,96,100,106,116,117" machi="47" ten="40,12000,2" yaku="1,1,24,2,52,1,54,1,53,1" doraHai="104" doraHaiUra="99" who="1" fromWho="3" sc="250,0,240,130,250,0,250,-120" /><INIT seed="1,0,0,2,5,23" ten="250,370,250,130" oya="1" hai0="29,57,6,101,55,36,40,65,115,64,4,92,88" hai1="82,117,66,72,46,62,11,94,12,118,96,132,37" hai2="1,13,87,106,91,33,125,74,7,10,80,59,51" hai3="26,0,68,22,73,135,78,121,47,84,97,99,9"/><U75/><E132/><V109/><F106/><W39/><G68/><T49/><D115/><U15/><E15/><V70/><F70/><W107/><G121/><T31/><D101/><U133/><E133/><V5/><F74/><W131/><G84/><T119/><D119/><U53/><E117/><V95/><F109/><W20/><G107/><T108/><D108/><U43/><E82/><V85/><F33/><W42/><G22/><T35/><D40/><U50/><E118/><V8/><F125/><W3/><G131/><T30/><D36/><U100/><E43/><V61/><F51/><W128/><G128/><T129/><D35/><U79/><E79/><V77/><F1/><W67/><G3/><T116/><D129/><U25/><E37/><V114/><F114/><W48/><G48/><T105/><D105/><U38/><E38/><V110/><F110/><W60/><G135/><T18/><D18/><U45/><E46/><V32/><F32/><W76/><G76/><T93/><D93/><U27/><E72/><V41/><F41/><W14/><G60/><T86/><REACH who="0" step="1"/><D116/><REACH who="0" ten="240,370,250,130" step="2"/><U123/><E123/><V44/><F5/><AGARI ba="0,1" hai="4,5,6,29,30,31,49,55,57,64,65,86,88,92" machi="5" ten="40,8000,1" yaku="1,1,2,1,8,1,54,1,53,0" doraHai="23" doraHaiUra="111" who="0" fromWho="2" sc="240,90,370,0,250,-80,130,0" /><INIT seed="2,0,0,2,5,80" ten="330,370,170,130" oya="2" hai0="118,52,15,87,26,90,34,57,31,49,65,35,102" hai1="42,112,28,37,6,61,36,117,10,51,104,103,135" hai2="111,4,2,54,130,122,105,33,86,12,22,18,93" hai3="85,77,66,13,99,128,81,100,127,106,134,79,78"/><V108/><F105/><W75/><G66/><T60/><D118/><U9/><E112/><V5/><F122/><W115/><G115/><T29/><D102/><U121/><E117/><V72/><F72/><W116/><G116/><T32/><D15/><U114/><E114/><V109/><F33/><W1/><G1/><T107/><D107/><U88/><E121/><V84/><F130/><W71/><G71/><T25/><D35/><U50/><E135/><V55/><F93/><W48/><G134/><T131/><D131/><U40/><E28/><V11/><F5/><W124/><G128/><T47/><D90/><U120/><E120/><V82/><F82/><N who="3" m="45375" /><G48/><T96/><REACH who="0" step="1"/><D87/><AGARI ba="0,0" hai="2,4,11,12,18,22,54,55,84,86,87,108,109,111" machi="87" ten="40,12000,1" yaku="14,1,10,1,52,3" doraHai="80" who="2" fromWho="0" sc="330,-120,370,0,170,120,130,0" /><INIT seed="2,1,0,0,0,70" ten="210,370,290,130" oya="2" hai0="59,86,130,24,134,5,94,8,90,64,18,101,27" hai1="112,30,88,65,107,21,119,73,78,91,63,121,117" hai2="29,53,129,13,128,133,98,126,62,127,108,111,52" hai3="93,60,102,92,48,32,43,46,50,4,113,37,95"/><V67/><F29/><W45/><G32/><T38/><D130/><N who="2" m="50282" /><F98/><W68/><G113/><T41/><D134/><U79/><E107/><V71/><F13/><W105/><G4/><T12/><D101/><U26/><E112/><V1/><F1/><W23/><G23/><T61/><REACH who="0" step="1"/><D5/><REACH who="0" ten="200,370,290,130" step="2"/><U17/><E119/><V34/><F133/><W20/><G102/><T100/><D100/><U85/><E117/><V49/><F34/><W74/><G105/><T77/><D77/><U115/><E115/><V15/><F15/><W96/><G96/><T125/><D125/><N who="2" m="47626" /><F53/><W55/><G55/><T132/><D132/><U7/><E7/><V42/><F42/><W10/><G43/><T51/><D51/><U2/><E79/><V22/><F22/><W33/><G20/><T124/><D124/><U72/><E78/><V11/><F11/><W122/><G10/><T109/><D109/><U40/><E40/><V106/><F106/><W9/><G9/><T83/><D83/><U120/><E21/><V135/><F135/><W99/><G99/><T118/><D118/><U31/><E121/><V47/><AGARI ba="1,1" hai="47,49,52,62,67,71,108,111" m="47626,50282" machi="47" ten="40,12000,1" yaku="19,1,18,1,34,2,54,1" doraHai="70" who="2" fromWho="2" sc="200,-41,370,-41,290,133,130,-41" /><INIT seed="2,2,0,1,4,47" ten="159,329,423,89" oya="2" hai0="125,77,84,115,63,48,58,28,70,54,103,39,57" hai1="68,45,93,18,128,40,104,121,112,14,44,99,129" hai2="0,12,43,89,2,1,64,90,7,80,135,74,38" hai3="61,65,107,120,75,3,24,82,78,132,4,122,20"/><V8/><F135/><W11/><G107/><T22/><D115/><U59/><E68/><V130/><F64/><W37/><G132/><T100/><D39/><U114/><E104/><V5/><F130/><N who="1" m="50281" /><E59/><V16/><F43/><W85/><G85/><T55/><D70/><U86/><E86/><V71/><F38/><W91/><G91/><T123/><D125/><U33/><E33/><V110/><F71/><W126/><G126/><T133/><D123/><U46/><E121/><V13/><F89/><W21/><G21/><T42/><D42/><U25/><E25/><V102/><F90/><W111/><G111/><T119/><D119/><U72/><E72/><V31/><F102/><W27/><G27/><N who="0" m="16503" /><D133/><U49/><E114/><V117/><F80/><AGARI ba="2,0" hai="48,54,55,57,58,63,77,80,84,100,103" m="16503" machi="80" ten="30,2000,0" yaku="8,1,52,1" doraHai="47" who="0" fromWho="2" sc="159,26,329,0,423,-26,89,0" /><INIT seed="3,0,0,0,0,124" ten="185,329,397,89" oya="3" hai0="87,107,55,0,3,112,52,56,114,9,16,38,60" hai1="67,47,33,58,17,30,82,113,71,42,11,41,50" hai2="91,13,88,126,104,40,51,98,59,26,86,57,92" hai3="72,123,95,106,64,29,102,76,75,103,43,69,116"/><W83/><G116/><T81/><D107/><U127/><E113/><N who="0" m="43625" /><D38/><U1/><E71/><V89/><F104/><W118/><G118/><T36/><D36/><U97/><E127/><V18/><F26/><W94/><G123/><T132/><D55/><U28/><E41/><V54/><F40/><W23/><G43/><T49/><D60/><N who="1" m="38295" /><E33/><V65/><F126/><W22/><G29/><T27/><D132/><U135/><E135/><V6/><F6/><W68/><G106/><T5/><D3/><U21/><E1/><V19/><F19/><W35/><G83/><T108/><D108/><U66/><E66/><V100/><F59/><W117/><G117/><T45/><D56/><U10/><E82/><N who="2" m="49239" /><F65/><W70/><G70/><T122/><D122/><U15/><E97/><V12/><F12/><W125/><G64/><T14/><D27/><N who="1" m="14767" /><E10/><AGARI ba="0,0" hai="10,13,18,51,54,57,89,91,92,98,100" m="49239" machi="10" ten="30,2000,0" yaku="8,1,54,1" doraHai="124" who="2" fromWho="1" sc="185,0,329,-20,397,20,89,0" /><INIT seed="4,0,0,5,2,64" ten="185,309,417,89" oya="0" hai0="97,96,115,61,48,7,18,1,45,49,86,53,82" hai1="120,5,33,110,128,56,8,31,135,24,125,3,41" hai2="122,88,63,11,129,55,116,75,13,121,46,93,9" hai3="127,114,83,108,119,69,35,42,17,50,77,23,87"/><T68/><D115/><U90/><E120/><V101/><F75/><W0/><G35/><T99/><D1/><U6/><E41/><V133/><F101/><W38/><G0/><T10/><D18/><U2/><E110/><V60/><F11/><W39/><G108/><T106/><D106/><U103/><E103/><V78/><F78/><W70/><G119/><T71/><D61/><U79/><E79/><V124/><F63/><W15/><G127/><T111/><D111/><U28/><E56/><V22/><F22/><W89/><G114/><T43/><D7/><U66/><E66/><V54/><F54/><W58/><G77/><T29/><D29/><N who="1" m="19623" /><E90/><V80/><F55/><W112/><G112/><T72/><D72/><U132/><E125/><V34/><F60/><W16/><G17/><T25/><D25/><U26/><E128/><V102/><F102/><W37/><REACH who="3" step="1"/><G58/><REACH who="3" ten="185,309,417,79" step="2"/><T36/><D10/><N who="1" m="2359" /><E31/><V117/><F124/><W100/><G100/><T85/><D36/><U12/><E3/><V95/><F122/><W67/><G67/><T130/><D130/><U134/><E132/><V123/><F133/><W131/><G131/><T109/><D109/><U74/><E74/><V126/><F129/><W107/><G107/><T59/><REACH who="0" step="1"/><D86/><REACH who="0" ten="175,309,417,79" step="2"/><U57/><E135/><V21/><F126/><W118/><G118/><T27/><D27/><U105/><E105/><V91/><F117/><W104/><G104/><T98/><N who="0" m="24576" /><DORA hai="44" /><T30/><D30/><U76/><E134/><V40/><F116/><W47/><AGARI ba="0,2" hai="15,16,23,37,38,39,42,47,50,69,70,83,87,89" machi="47" ten="40,12000,2" yaku="1,1,0,1,52,3,54,1,53,0" doraHai="64,44" doraHaiUra="73,32" who="3" fromWho="3" sc="175,-60,309,-30,417,-30,79,140" /><INIT seed="5,0,0,2,3,114" ten="115,279,387,219" oya="1" hai0="131,16,36,14,84,77,105,118,93,33,4,44,50" hai1="104,0,62,25,34,133,127,11,102,76,40,82,103" hai2="112,111,51,80,132,71,59,49,123,126,29,26,43" hai3="117,61,89,67,42,97,18,55,69,120,48,7,81"/><U39/><E127/><V98/><F71/><W13/><G120/><T17/><D105/><U130/><E130/><V109/><F123/><W31/><G31/><T115/><D115/><U107/><E133/><V35/><F51/><W23/><G42/><T70/><D70/><U32/><E62/><V30/><F30/><W63/><G63/><T57/><D33/><N who="1" m="12907" /><E25/><V100/><F112/><W47/><G7/><T128/><D36/><U56/><E56/><V65/><F65/><W78/><G97/><T79/><D57/><U125/><E102/><V129/><F129/><N who="0" m="49738" /><D4/><N who="1" m="1415" /><E103/><V45/><F126/><W9/><G23/><N who="0" m="11671" /><D17/><U121/><E121/><V108/><F59/><W88/><REACH who="3" step="1"/><G117/><REACH who="3" ten="115,279,387,209" step="2"/><T68/><D68/><U135/><E125/><V83/><F132/><W124/><G124/><T101/><D118/><U20/><E135/><V85/><F109/><W113/><G113/><T22/><D22/><U74/><E20/><V134/><F134/><W27/><G27/><T12/><D12/><U15/><E15/><V87/><F108/><W110/><G110/><T46/><D50/><U37/><E40/><V64/><F111/><W52/><G52/><T90/><D101/><U66/><E66/><V58/><F100/><W60/><G60/><T3/><D3/><U5/><E5/><V86/><F64/><W24/><G24/><T8/><D8/><U92/><E107/><V10/><F10/><W95/><G95/><T19/><D19/><U6/><E6/><V53/><F26/><W73/><AGARI ba="0,1" hai="9,13,18,47,48,55,61,67,69,73,78,81,88,89" machi="73" ten="20,5200,0" yaku="1,1,0,1,7,1,54,1,53,0" doraHai="114" doraHaiUra="94" who="3" fromWho="3" sc="115,-13,279,-26,387,-13,209,62" /><INIT seed="6,0,0,3,1,97" ten="102,253,374,271" oya="2" hai0="41,105,26,133,126,124,14,0,85,59,112,42,38" hai1="80,47,67,90,36,63,22,92,23,61,89,134,37" hai2="16,81,11,129,17,98,35,122,88,64,86,106,6" hai3="68,130,108,116,121,34,94,58,101,52,75,12,114"/><V76/><F35/><W127/><RYUUKYOKU type="yao9" ba="0,0" sc="102,0,253,0,374,0,271,0" hai3="12,34,52,58,68,75,94,101,108,114,116,121,127,130" /><INIT seed="6,1,0,2,0,98" ten="102,253,374,271" oya="2" hai0="104,102,45,60,28,54,30,113,41,135,2,27,111" hai1="101,7,20,130,62,37,43,105,109,92,108,24,71" hai2="53,12,26,80,70,36,117,84,123,57,42,95,33" hai3="14,67,17,35,75,134,118,59,125,79,9,114,132"/><V55/><F70/><W103/><G118/><T69/><D111/><U76/><E105/><V52/><F123/><W15/><G35/><T96/><D113/><U72/><E7/><V85/><F117/><W4/><G79/><T39/><D135/><U74/><E130/><V112/><F112/><W133/><G75/><T126/><D126/><U116/><E116/><V21/><F33/><W50/><G114/><T47/><D2/><U122/><E122/><V121/><F121/><W97/><G125/><T18/><D18/><U120/><E120/><V44/><F12/><W66/><G50/><T5/><D5/><U83/><E72/><V23/><F95/><W8/><REACH who="3" step="1"/><G59/><REACH who="3" ten="102,253,374,261" step="2"/><T38/><D27/><U32/><E32/><V99/><F57/><W22/><G22/><T49/><REACH who="0" step="1"/><D39/><REACH who="0" ten="92,253,374,261" step="2"/><U129/><E109/><V0/><F36/><W51/><G51/><T1/><D1/><U10/><E108/><V119/><F0/><W34/><G34/><T82/><D82/><U78/><E37/><V3/><F80/><W89/><G89/><T65/><AGARI ba="1,2" hai="28,30,38,41,45,47,49,54,60,65,69,96,102,104" machi="65" ten="30,4000,0" yaku="1,1,0,1,52,1,53,0" doraHai="98" doraHaiUra="86" who="0" fromWho="0" sc="92,63,253,-11,374,-21,261,-11" /><INIT seed="7,0,0,3,2,109" ten="155,242,353,250" oya="3" hai0="107,30,58,78,97,19,67,56,5,127,123,64,79" hai1="119,12,118,75,11,61,42,115,116,24,94,41,25" hai2="44,6,20,23,110,121,28,105,80,8,70,73,35" hai3="47,133,16,66,36,13,53,93,43,134,82,89,40"/><W101/><G66/><T3/><D123/><U96/><E75/><V14/><F44/><W135/><G101/><T26/><D127/><U15/><E115/><V37/><F80/><W65/><G65/><T27/><D3/><U21/><E61/><V69/><F73/><W98/><G82/><T71/><D5/><N who="1" m="3183" /><E15/><V50/><F50/><N who="3" m="28895" /><G36/><T103/><D19/><N who="1" m="12351" /><E25/><V46/><F37/><W90/><G90/><AGARI ba="0,0" hai="41,42,90,94,96,116,118,119" m="12351,3183" machi="90" ten="30,1000,0" yaku="12,1" doraHai="109" who="1" fromWho="3" sc="155,0,242,10,353,0,250,-10" owari="155,-34.0,252,5.0,353,45.0,240,-16.0" /></mjloggm>