<mjloggm ver="2.3"><GO type="169" lobby="0"/><UN n0="%E3%82%A6%E3%83%AB%E3%83%88%E3%83%A9%E7%AB%8B%E7%9B%B4" n1="%E9%81%8B%E3%81%8C%E3%81%BB%E3%81%BC%E5%85%A8%E3%81%A6" n2="%74%63%61%30%30" n3="%75%73%6B%31%31%31%35" dan="17,16,17,16" rate="2151.83,2117.92,2178.67,2201.91" sx="M,M,M,M"/><TAIKYOKU oya="0"/><INIT seed="0,0,0,5,0,63" ten="250,250,250,250" oya="0" hai0="127,113,88,1,129,40,11,61,132,7,55,126,37" hai1="89,13,62,120,25,83,34,123,58,42,24,49,57" hai2="2,102,4,31,81,54,73,6,32,8,50,80,71" hai3="20,78,119,9,72,28,106,15,26,30,12,68,97"/><T16/><D113/><U53/><E120/><V38/><F38/><W91/><G119/><T77/><D77/><U48/><E123/><V36/><F36/><W19/><G68/><T0/><D0/><U92/><E83/><V84/><F102/><W110/><G110/><T14/><D129/><U44/><E13/><V134/><F134/><W90/><G72/><T35/><D35/><U46/><E34/><V96/><F4/><W45/><G78/><T99/><D132/><U29/><E29/><V33/><F96/><W52/><G106/><T105/><D40/><U133/><E133/><V66/><F73/><W59/><G45/><T98/><D37/><U124/><E124/><N who="0" m="47657" /><D105/><U108/><E108/><V101/><F101/><W39/><G39/><T114/><D114/><U22/><E22/><V116/><F116/><W115/><G115/><T47/><D88/><N who="3" m="33833" /><G97/><T95/><D95/><U104/><E104/><V23/><F84/><W79/><G79/><T64/><D55/><U130/><E130/><V43/><F43/><W18/><G26/><T112/><D47/><U93/><E25/><V70/><F81/><W74/><G74/><T100/><D100/><U109/><E24/><V5/><F80/><W75/><G75/><T17/><D112/><U131/><E109/><V60/><F32/><W128/><G128/><T27/><D27/><U125/><E131/><V135/><F33/><W111/><G111/><T3/><D3/><U82/><E125/><V87/><F2/><W85/><G85/><T103/><D1/><U10/><E46/><V67/><F135/><W94/><G94/><RYUUKYOKU ba="0,0" sc="250,-10,250,-10,250,-10,250,30" hai3="9,12,15,18,19,20,28,30,52,59" /><INIT seed="1,1,0,1,2,76" ten="240,240,240,280" oya="1" hai0="91,23,55,52,7,105,34,102,95,74,51,2,134" hai1="42,11,62,4,71,0,26,60,31,5,37,103,25" hai2="109,111,114,72,56,131,117,113,50,127,112,12,84" hai3="33,126,22,86,41,79,123,14,115,17,32,40,92"/><U3/><E103/><V104/><F12/><W82/><G123/><T90/><D34/><U100/><E100/><V135/><F50/><W39/><G115/><T63/><D74/><U124/><E124/><V129/><F56/><W19/><G126/><T125/><D125/><U44/><E71/><V61/><F61/><W96/><G33/><T107/><D91/><U45/><E45/><V43/><F43/><W110/><G32/><T1/><D102/><U54/><E54/><V73/><F127/><W13/><G110/><N who="2" m="41993" /><F84/><W132/><G132/><T57/><D134/><U8/><REACH who="1" step="1"/><E26/><REACH who="1" ten="240,230,240,280" step="2"/><V47/><F47/><W10/><G39/><T85/><D107/><U98/><E98/><V69/><F135/><W128/><G128/><N who="2" m="49225" /><F69/><W29/><REACH who="3" step="1"/><G29/><REACH who="3" ten="240,230,240,270" step="2"/><T9/><D105/><U36/><E36/><V116/><F104/><W38/><G38/><T130/><D130/><U27/><E27/><V66/><F66/><W6/><G6/><T70/><D70/><U58/><E58/><V24/><F24/><W15/><G15/><T120/><D1/><U18/><E18/><V30/><F30/><W83/><G83/><T35/><D2/><U75/><E75/><AGARI ba="1,2" hai="72,73,75,112,113,114,116,117" m="49225,41993" machi="75" ten="40,16000,3" yaku="28,2,11,1,14,1,19,1,31,2,34,2" doraHai="76" who="2" fromWho="1" sc="240,0,230,-163,240,183,270,0" /><INIT seed="2,0,0,4,3,124" ten="240,67,423,270" oya="2" hai0="122,55,121,17,80,16,86,44,32,132,134,93,75" hai1="35,94,106,67,53,23,68,41,62,26,6,78,7" hai2="113,89,31,96,104,72,61,13,108,83,112,10,1" hai3="24,63,97,65,20,126,34,133,66,102,116,2,129"/><V115/><F1/><W103/><G116/><T21/><D32/><U79/><E106/><V22/><F108/><W77/><G2/><T15/><D93/><U71/><E35/><V128/><F61/><W88/><G34/><T117/><D75/><U4/><E71/><V76/><F31/><N who="3" m="17799" /><G133/><N who="0" m="51307" /><D117/><U85/><E41/><V48/><F22/><W110/><G110/><T105/><D105/><U130/><E53/><V119/><F119/><W92/><G126/><T95/><D95/><U100/><E130/><V87/><F128/><W118/><G129/><T84/><D17/><U125/><E125/><V51/><F104/><W50/><G118/><T90/><D86/><U111/><E111/><V131/><F131/><W64/><G63/><T99/><D99/><U109/><E109/><V5/><REACH who="2" step="1"/><F96/><REACH who="2" ten="240,67,413,270" step="2"/><W37/><G97/><T38/><D21/><U8/><E23/><V57/><F57/><W127/><G127/><T45/><D122/><U73/><E62/><V11/><F11/><W36/><G64/><T33/><D121/><U47/><E8/><V81/><AGARI ba="0,1" hai="5,10,13,48,51,72,76,81,83,87,89,112,113,115" machi="81" ten="40,3900,0" yaku="1,1,0,1,53,0" doraHai="124" doraHaiUra="98" who="2" fromWho="2" sc="240,-13,67,-13,413,49,270,-13" /><INIT seed="2,1,0,4,0,57" ten="227,54,462,257" oya="2" hai0="127,26,85,97,28,98,44,107,33,65,24,35,113" hai1="117,70,0,4,102,11,42,99,46,61,10,74,60" hai2="53,5,93,82,40,67,115,62,75,13,95,34,55" hai3="58,83,94,66,47,84,104,45,69,48,73,92,14"/><V41/><F34/><W63/><G104/><T120/><D120/><U7/><E74/><V103/><F115/><W105/><G105/><T56/><D113/><U39/><E117/><V128/><F128/><W19/><G73/><T20/><D127/><U32/><E32/><V78/><F40/><W108/><G69/><T79/><D107/><U88/><E70/><V123/><F123/><W114/><G108/><T116/><D116/><U71/><E71/><V100/><F41/><W87/><G87/><T130/><D44/><N who="3" m="16969" /><G48/><T77/><D35/><U91/><E102/><V111/><F111/><W129/><G129/><T96/><D85/><U76/><E76/><V22/><F103/><W126/><G126/><T119/><D119/><U52/><E52/><V29/><F95/><W124/><G124/><T68/><D68/><U80/><E80/><V133/><F133/><W81/><G114/><T50/><D130/><U131/><E131/><V101/><F101/><W118/><G118/><T37/><D37/><U110/><E110/><V54/><F93/><N who="3" m="35947" /><G84/><T51/><D51/><U25/><E99/><V49/><F49/><W38/><G38/><T106/><D106/><U121/><E121/><V30/><F100/><W9/><AGARI ba="1,0" hai="9,14,19,58,63,66,81,83" m="35947,16969" machi="9" ten="30,2000,0" yaku="8,1,52,1" doraHai="57" who="3" fromWho="3" sc="227,-6,54,-6,462,-11,257,23" /><INIT seed="3,0,0,2,0,9" ten="221,48,451,280" oya="3" hai0="71,120,15,72,20,42,86,1,93,104,82,45,36" hai1="12,11,16,22,123,124,41,37,49,97,18,90,26" hai2="47,129,0,77,64,94,40,110,134,52,8,85,118" hai3="21,65,10,19,70,51,88,4,28,112,14,122,79"/><W127/><G79/><T107/><D71/><U2/><E123/><V75/><F118/><W96/><G112/><T31/><D120/><U98/><E124/><V62/><F134/><W84/><G122/><T13/><D1/><U58/><E2/><V117/><F117/><W130/><G127/><T30/><D72/><U35/><E35/><V56/><F110/><W6/><G130/><T5/><D93/><U55/><REACH who="1" step="1"/><E90/><REACH who="1" ten="221,38,451,280" step="2"/><V61/><F0/><W66/><G70/><T135/><D135/><U38/><E38/><V24/><F129/><W48/><G65/><T63/><D107/><U109/><E109/><V46/><F64/><W132/><G66/><T23/><D104/><U44/><AGARI ba="0,1" hai="11,12,16,18,22,26,37,41,44,49,55,58,97,98" machi="44" ten="30,7900,0" yaku="1,1,0,1,52,1,54,1,53,0" doraHai="9" doraHaiUra="78" who="1" fromWho="1" sc="221,-20,38,89,451,-20,280,-39" /><INIT seed="4,0,0,1,5,62" ten="201,127,431,241" oya="0" hai0="94,0,9,96,23,6,28,1,49,86,80,51,69" hai1="106,76,73,60,130,11,121,42,53,44,135,126,34" hai2="27,119,25,77,114,125,38,92,74,15,64,115,84" hai3="88,17,58,131,98,118,8,85,79,55,67,54,33"/><T89/><D69/><U10/><E121/><V5/><F38/><W46/><G33/><T39/><D39/><U4/><E34/><V112/><F74/><W78/><G118/><T45/><D1/><U99/><E135/><V65/><F125/><W132/><G131/><T12/><D0/><U20/><E130/><V83/><F119/><W16/><G98/><T50/><D23/><U37/><E126/><V24/><F92/><N who="3" m="54287" /><G132/><T117/><D28/><U105/><E73/><V68/><F68/><W57/><G46/><T40/><REACH who="0" step="1"/><D117/><REACH who="0" ten="191,127,431,241" step="2"/><U43/><E20/><V127/><F127/><W18/><G8/><AGARI ba="0,1" hai="5,8,15,24,25,27,64,65,77,83,84,112,114,115" machi="8" ten="50,6400,0" yaku="15,1,52,2" doraHai="62" who="2" fromWho="3" sc="191,0,127,0,431,74,241,-64" /><INIT seed="5,0,0,5,5,88" ten="191,127,505,177" oya="1" hai0="77,13,94,6,9,112,95,70,44,106,133,59,87" hai1="41,103,3,15,81,79,116,33,113,92,32,90,130" hai2="62,107,100,127,25,135,99,57,128,35,74,63,43" hai3="11,119,134,96,124,73,18,26,114,117,40,2,36"/><U61/><E3/><V38/><F74/><W29/><G73/><T123/><D70/><U14/><E116/><N who="3" m="44618" /><G114/><T118/><D106/><U30/><E113/><V93/><F62/><W0/><G40/><T102/><D118/><U71/><E130/><V80/><F80/><W45/><G36/><T111/><D111/><U64/><E103/><V67/><F127/><W91/><G45/><T53/><D133/><U68/><E68/><V104/><F135/><W125/><G134/><T105/><D105/><U120/><E120/><V48/><F38/><W82/><G82/><N who="0" m="47567" /><D102/><U129/><E129/><V7/><F7/><W131/><G131/><T76/><D76/><U4/><E41/><V34/><F34/><N who="3" m="20791" /><G91/><T69/><D69/><U52/><E71/><V46/><F128/><W65/><G96/><T39/><D39/><U115/><E90/><V12/><F104/><W54/><G54/><T55/><D123/><U122/><E122/><V21/><F107/><W28/><G65/><T19/><D6/><U97/><E64/><V23/><F35/><W16/><G28/><T24/><D44/><U78/><E30/><V109/><F109/><W27/><G18/><N who="0" m="8495" /><D112/><U58/><E115/><V84/><F67/><W22/><G11/><T42/><D42/><U132/><E132/><V49/><F43/><W8/><G8/><T72/><D72/><N who="1" m="43207" /><E79/><V10/><F100/><W75/><G75/><T108/><D108/><U101/><E4/><V5/><F5/><W85/><G85/><T50/><D55/><U60/><E60/><V20/><F84/><W1/><AGARI ba="0,0" hai="0,1,2,16,22,27,124,125" m="20791,44618" machi="1" ten="40,8000,1" yaku="12,1,34,2,54,1" doraHai="88" who="3" fromWho="3" sc="191,-20,127,-40,505,-20,177,80" /><INIT seed="6,0,0,3,1,95" ten="171,87,485,257" oya="2" hai0="127,39,114,82,99,13,123,90,53,92,49,73,78" hai1="132,60,43,107,31,59,47,29,44,113,66,22,89" hai2="94,51,85,133,88,135,100,87,11,106,26,50,102" hai3="125,81,111,8,86,20,74,54,98,25,12,28,0"/><V124/><F124/><W57/><G74/><T75/><D39/><U117/><E117/><V110/><F106/><W83/><G0/><T18/><D123/><U97/><E113/><V128/><F11/><W115/><G111/><T40/><D40/><U121/><E121/><V129/><F26/><W70/><G70/><T16/><D127/><U10/><E132/><N who="2" m="50763" /><F110/><W112/><G125/><T108/><D108/><U5/><E22/><V38/><F38/><W24/><G24/><T6/><D114/><N who="3" m="43561" /><G86/><T65/><D65/><U58/><E58/><V130/><F85/><W4/><G98/><T116/><D116/><U30/><E43/><V2/><F2/><W104/><G104/><T19/><D73/><U3/><REACH who="1" step="1"/><E89/><REACH who="1" ten="171,77,485,257" step="2"/><V46/><F46/><W52/><G57/><T37/><D37/><U41/><E41/><V105/><F105/><W45/><G45/><T79/><D90/><U119/><E119/><V96/><F87/><W69/><G69/><T134/><D134/><U77/><E77/><V64/><F64/><W55/><AGARI ba="0,1" hai="4,8,12,20,25,28,52,54,55,81,83" m="43561" machi="55" ten="30,4000,0" yaku="15,1,11,1,54,1" doraHai="95" who="3" fromWho="3" sc="171,-10,77,-10,485,-20,257,50" /><INIT seed="7,0,0,1,2,8" ten="161,67,465,307" oya="3" hai0="35,83,61,11,12,71,111,41,108,107,124,88,31" hai1="134,24,26,19,18,42,129,60,64,119,4,37,47" hai2="102,127,30,6,94,122,59,109,73,63,80,49,100" hai3="84,77,22,115,132,55,29,16,15,110,105,54,91"/><W65/><G105/><T116/><D116/><U113/><E113/><V99/><F109/><W53/><G115/><T97/><D41/><U135/><E119/><V106/><F127/><W126/><G126/><T130/><D130/><U5/><E129/><V46/><F122/><W45/><G132/><T133/><D133/><U3/><E135/><V78/><F6/><W62/><G77/><T76/><D124/><U32/><E134/><V57/><F30/><W86/><G110/><T79/><D79/><U68/><E5/><V67/><F106/><W118/><G118/><T66/><D88/><U131/><E131/><V93/><F93/><W85/><G29/><T95/><D95/><U123/><E123/><V1/><F1/><W23/><G23/><T48/><D48/><U25/><E32/><V87/><F73/><W40/><G40/><T50/><D50/><U9/><AGARI ba="0,0" hai="3,4,9,18,19,24,25,26,37,42,47,60,64,68" machi="9" ten="30,1100,0" yaku="0,1" doraHai="8" who="1" fromWho="1" sc="161,-3,67,11,465,-3,307,-5" owari="158,-24.0,78,-42.0,462,56.0,302,10.0" /></mjloggm>