<mjloggm ver="2.3"><GO type="169" lobby="0"/><UN n0="%4D%72%2E%E3%82%B3%E3%83%90%E3%83%81" n1="%E3%82%A6%E3%83%AB%E3%83%88%E3%83%A9%E7%AB%8B%E7%9B%B4" n2="%EF%BC%88%EF%BC%BE%D0%94%EF%BC%BE%EF%BC%89" n3="%E3%81%82%E3%81%B2%E3%82%8B%E3%81%95%E3%82%93" dan="16,16,16,17" rate="2072.39,2131.87,2107.02,2086.67" sx="M,M,M,M"/><TAIKYOKU oya="0"/><INIT seed="0,0,0,5,1,104" ten="250,250,250,250" oya="0" hai0="21,49,64,123,85,95,10,47,71,56,16,100,121" hai1="46,28,107,93,70,24,22,42,88,101,125,0,83" hai2="76,13,34,59,120,11,38,97,130,127,36,48,75" hai3="9,99,62,117,14,2,129,106,54,89,114,124,23"/><T86/><D71/><U8/><E70/><V58/><F34/><W41/><G114/><T12/><D123/><U94/><E125/><V91/><F120/><W108/><G117/><T35/><D35/><U4/><E101/><V74/><F76/><W44/><G2/><T30/><D121/><U98/><E107/><V105/><F38/><W40/><G106/><T32/><D32/><U82/><REACH who="1" step="1"/><E94/><REACH who="1" ten="250,240,250,250" step="2"/><V15/><F105/><W90/><G124/><T135/><D135/><U87/><E87/><V18/><F127/><W67/><G108/><T26/><D100/><U5/><E5/><V131/><F131/><W77/><G129/><T79/><D95/><U45/><E45/><V17/><F130/><W115/><G44/><T55/><REACH who="0" step="1"/><D79/><REACH who="0" ten="240,240,250,250" step="2"/><U110/><E110/><V25/><F97/><W43/><G99/><T126/><D126/><U63/><E63/><AGARI ba="0,2" hai="10,12,16,21,26,30,47,49,55,56,63,64,85,86" machi="63" ten="40,7700,0" yaku="1,1,8,1,54,1,53,0" doraHai="104" doraHaiUra="33" who="0" fromWho="1" sc="240,97,240,-77,250,0,250,0" /><INIT seed="0,1,0,1,5,44" ten="337,163,250,250" oya="0" hai0="75,6,77,90,106,7,116,111,18,94,87,31,14" hai1="84,12,50,88,89,9,54,24,79,34,109,110,128" hai2="80,3,112,38,104,43,82,2,102,105,49,107,62" hai3="51,64,118,114,11,81,83,55,10,129,36,100,74"/><T73/><D106/><U119/><E119/><V33/><F102/><W15/><G114/><T28/><D116/><U92/><E128/><V67/><F38/><W19/><G129/><T99/><D111/><U48/><E79/><V96/><F33/><W70/><G36/><T135/><D135/><U78/><E78/><V59/><F96/><W95/><G74/><T68/><D68/><U58/><E34/><V98/><F98/><N who="3" m="59487" /><G64/><T125/><D125/><U130/><E130/><V56/><F112/><W29/><G70/><T122/><D122/><U132/><E132/><V45/><REACH who="2" step="1"/><F59/><REACH who="2" ten="337,163,240,250" step="2"/><N who="3" m="33279" /><G118/><T22/><D99/><U120/><E120/><V76/><F76/><W39/><G39/><T16/><D77/><U63/><E89/><V37/><F37/><W26/><G10/><N who="0" m="6231" /><D75/><U69/><E69/><V41/><F41/><W127/><G127/><T23/><D73/><U133/><E133/><V25/><F25/><W52/><G26/><N who="0" m="16471" /><D31/><U4/><REACH who="1" step="1"/><E24/><AGARI ba="1,1" hai="6,7,18,23,24,87,90,94" m="16471,6231" machi="24" ten="30,2900,0" yaku="8,1,54,1" doraHai="44" who="0" fromWho="1" sc="337,42,163,-32,240,0,250,0" /><INIT seed="0,2,0,5,1,56" ten="379,131,240,250" oya="0" hai0="58,11,108,76,4,12,21,14,10,130,55,3,133" hai1="69,88,100,111,18,66,60,34,106,26,54,80,65" hai2="23,116,96,31,43,30,0,126,91,135,57,17,20" hai3="22,71,64,68,119,67,37,53,15,99,94,120,6"/><T114/><D114/><U85/><E111/><V118/><F0/><W33/><G33/><T83/><D130/><U47/><E66/><V128/><F128/><W110/><G37/><T46/><D133/><U49/><E100/><V51/><F135/><W32/><G32/><T72/><D108/><U19/><REACH who="1" step="1"/><E106/><REACH who="1" ten="379,121,240,250" step="2"/><V84/><F118/><W40/><G67/><T122/><D122/><U113/><E113/><V2/><F116/><W7/><G64/><T95/><D11/><U5/><E5/><V82/><F126/><W8/><G6/><T124/><D124/><U117/><E117/><V36/><F23/><W48/><G22/><T16/><D21/><U123/><E123/><V50/><F20/><W93/><G120/><T105/><D105/><U24/><E24/><V101/><F101/><W25/><G25/><T52/><D4/><U97/><E97/><V28/><F96/><W70/><G99/><T125/><D10/><U73/><E73/><V9/><F9/><W63/><G110/><T39/><D72/><U134/><E134/><V98/><F98/><W29/><G119/><T87/><D125/><U45/><E45/><V35/><F35/><W131/><G131/><T115/><D46/><U59/><E59/><V112/><F57/><W1/><G1/><T107/><D3/><U127/><E127/><V42/><F2/><W44/><G29/><AGARI ba="2,1" hai="18,19,26,29,34,47,49,54,60,65,69,80,85,88" machi="29" ten="40,5200,0" yaku="1,1,52,1,54,1,53,0" doraHai="56" doraHaiUra="103" who="1" fromWho="3" sc="379,0,121,68,240,0,250,-58" /><INIT seed="1,0,0,1,1,99" ten="379,189,240,192" oya="1" hai0="126,76,77,103,83,35,72,54,114,129,115,134,94" hai1="48,127,110,89,57,113,133,121,101,41,53,45,18" hai2="90,88,49,68,3,43,46,14,82,96,71,47,69" hai3="105,120,32,58,4,24,42,23,117,81,111,20,27"/><U29/><E121/><V13/><F3/><W87/><G32/><T86/><D35/><U56/><E113/><N who="0" m="43017" /><D54/><U80/><E29/><V11/><F47/><W118/><G111/><T19/><D19/><U84/><E110/><V26/><F26/><W85/><G120/><T8/><D8/><U132/><E127/><V65/><F65/><W66/><G4/><T104/><D126/><U95/><E18/><V51/><F51/><W52/><G66/><T119/><D119/><N who="3" m="45577" /><G42/><T75/><D129/><U78/><E57/><V33/><F33/><W128/><G128/><T1/><D1/><U125/><E125/><V7/><F14/><W17/><G105/><T31/><D31/><U6/><E6/><V98/><REACH who="2" step="1"/><F90/><REACH who="2" ten="379,189,230,192" step="2"/><W73/><G27/><T112/><D112/><U102/><E45/><V39/><F39/><W5/><G24/><T44/><D44/><U38/><E38/><V100/><F100/><W37/><G37/><T28/><D103/><U9/><E41/><V12/><F12/><W63/><G5/><T34/><D34/><U116/><E116/><V61/><F61/><W92/><G63/><T21/><D28/><U15/><E15/><V131/><F131/><W79/><G17/><T36/><D36/><U70/><E70/><V50/><F50/><N who="3" m="30999" /><G20/><T93/><D21/><U135/><REACH who="1" step="1"/><E9/><REACH who="1" ten="379,179,230,192" step="2"/><V109/><F109/><W97/><G23/><T91/><D91/><AGARI ba="0,2" hai="73,79,81,85,87,91,92,97" m="30999,45577" machi="91" ten="30,2000,0" yaku="12,1,54,1" doraHai="99" who="3" fromWho="0" sc="379,-20,179,0,230,0,192,40" /><INIT seed="2,0,0,1,3,62" ten="359,179,230,232" oya="2" hai0="8,96,28,81,86,12,67,38,6,131,90,24,78" hai1="61,58,103,19,49,77,69,100,3,33,84,36,5" hai2="63,119,102,105,133,23,2,31,27,32,117,111,85" hai3="73,1,41,118,48,46,14,17,4,39,10,135,7"/><V15/><F2/><W88/><G118/><T42/><D131/><U64/><E33/><V129/><F129/><W59/><G73/><T47/><D96/><U9/><E36/><V112/><F112/><W11/><G135/><T29/><D67/><U56/><E19/><V52/><F133/><W79/><G17/><T60/><D60/><U123/><E123/><V13/><F111/><W71/><G71/><T120/><D120/><U109/><E109/><V0/><F0/><W26/><G26/><T91/><REACH who="0" step="1"/><D29/><REACH who="0" ten="349,179,230,232" step="2"/><U125/><E125/><V124/><F124/><W34/><G1/><T51/><D51/><U16/><E49/><V66/><F63/><W114/><G48/><T94/><D94/><U122/><E122/><V50/><F66/><W121/><G121/><T132/><D132/><U83/><E100/><V18/><F102/><W65/><G65/><T54/><D54/><U116/><E103/><V108/><F105/><W82/><G39/><T57/><D57/><U25/><REACH who="1" step="1"/><E116/><REACH who="1" ten="349,169,230,232" step="2"/><V20/><F108/><W87/><G114/><T106/><D106/><U70/><E70/><V92/><F117/><W43/><G4/><T99/><D99/><U35/><E35/><AGARI ba="0,2" hai="6,8,12,24,28,35,38,42,47,78,81,86,90,91" machi="35" ten="30,2000,0" yaku="1,1,7,1,53,0" doraHai="62" doraHaiUra="110" who="0" fromWho="1" sc="349,40,169,-20,230,0,232,0" /><INIT seed="3,0,0,3,4,5" ten="389,149,230,232" oya="3" hai0="0,42,82,43,36,27,128,86,66,106,116,83,1" hai1="113,48,16,62,52,121,33,97,55,7,61,50,119" hai2="132,57,40,135,34,65,28,107,25,19,81,111,71" hai3="77,70,20,118,98,96,24,9,31,95,44,23,47"/><W49/><G118/><T30/><D106/><U21/><E33/><V46/><F71/><W15/><G70/><T84/><D116/><U64/><E113/><V17/><F111/><W69/><G69/><T10/><D66/><U35/><E35/><V8/><F107/><W115/><G115/><T78/><D36/><U126/><E121/><V131/><F131/><W85/><G23/><T104/><D104/><U92/><E7/><V26/><F81/><N who="3" m="47279" /><G47/><T127/><D127/><U3/><E3/><V68/><F68/><W56/><G56/><T74/><D74/><U89/><E126/><V133/><F25/><W13/><G13/><T45/><D45/><N who="1" m="27663" /><E64/><V103/><F103/><W72/><G72/><T75/><D75/><U53/><E119/><V32/><F32/><W129/><G129/><T38/><D38/><U114/><E114/><V99/><F65/><W18/><G95/><T112/><D128/><U124/><E124/><V41/><F34/><W76/><G76/><T37/><D37/><U87/><E50/><V130/><F130/><W110/><G110/><T101/><D1/><U117/><E117/><V91/><F135/><W120/><G120/><T80/><D112/><U51/><E51/><V125/><F125/><W123/><G123/><T4/><D0/><U109/><E109/><V59/><F132/><W122/><G122/><T29/><D78/><U100/><E62/><V108/><F133/><W67/><G67/><T54/><D42/><AGARI ba="0,0" hai="9,15,18,20,24,31,42,44,49,96,98" m="47279" machi="42" ten="30,2900,0" yaku="8,1,52,1" doraHai="5" who="3" fromWho="0" sc="389,-29,149,0,230,0,232,29" /><INIT seed="3,1,0,0,0,20" ten="360,149,230,261" oya="3" hai0="89,132,74,130,2,43,88,48,71,55,99,90,111" hai1="35,73,6,102,104,15,26,18,110,133,51,127,72" hai2="56,67,60,116,29,83,5,125,79,49,45,41,37" hai3="57,75,22,124,94,96,31,61,117,8,13,82,93"/><W3/><G117/><T98/><D74/><U77/><E102/><V114/><F116/><W134/><G3/><T52/><D2/><U16/><E104/><V25/><F114/><W65/><G134/><T135/><D71/><U19/><E133/><N who="0" m="51273" /><D111/><U33/><E73/><V17/><F125/><W80/><G124/><T32/><D32/><N who="1" m="12363" /><E51/><V121/><F121/><W85/><G75/><T70/><D70/><U30/><E77/><V105/><F105/><W113/><G113/><T42/><D130/><U108/><E72/><V112/><F112/><W46/><G46/><N who="0" m="27671" /><D55/><U12/><E127/><V129/><F129/><W106/><G106/><T100/><D100/><U10/><E15/><V92/><F41/><AGARI ba="1,0" hai="41,42,43,88,89,90,98,99" m="27671,51273" machi="41" ten="30,3900,0" yaku="20,1,54,2" doraHai="20" who="0" fromWho="2" sc="360,42,149,0,230,-42,261,0" /><INIT seed="4,0,0,1,3,99" ten="402,149,188,261" oya="0" hai0="124,51,18,119,42,79,131,35,30,75,23,8,29" hai1="113,47,43,128,135,102,106,10,6,76,103,12,133" hai2="41,34,7,85,52,89,130,26,97,127,15,11,107" hai3="17,117,93,60,72,54,49,116,21,3,61,37,5"/><T33/><D119/><U39/><E106/><V68/><F68/><W31/><G37/><T67/><D67/><U98/><E98/><V90/><F130/><W56/><G72/><T66/><D66/><U105/><E105/><V108/><F108/><W59/><G31/><N who="0" m="11787" /><D79/><U96/><E96/><V2/><F127/><W123/><G123/><T73/><D51/><U104/><E104/><V94/><F34/><N who="0" m="12810" /><D42/><U28/><E28/><V125/><F26/><W91/><G117/><T63/><D63/><U121/><E121/><V115/><F125/><W32/><G116/><T44/><D44/><U25/><E25/><V101/><F115/><W9/><G32/><T110/><D124/><U62/><E128/><V0/><F41/><W82/><G82/><T45/><D45/><U126/><E126/><V74/><F74/><W50/><G59/><T78/><D78/><U16/><E113/><V40/><F40/><W27/><G61/><T120/><D120/><U4/><E76/><V84/><F52/><W55/><G54/><T22/><D131/><U19/><E62/><V57/><F57/><W46/><G46/><T48/><D48/><U114/><E114/><V83/><AGARI ba="0,0" hai="0,2,7,11,15,83,84,85,89,90,94,97,101,107" machi="83" ten="20,2700,0" yaku="0,1,7,1,52,1" doraHai="99" who="2" fromWho="2" sc="402,-13,149,-7,188,27,261,-7" /><INIT seed="5,0,0,5,2,88" ten="389,142,215,254" oya="1" hai0="17,123,102,127,4,87,120,54,42,26,46,7,64" hai1="34,104,8,12,53,59,29,43,62,67,55,31,119" hai2="106,74,36,48,9,76,80,50,118,44,32,1,103" hai3="49,25,85,131,97,81,93,89,116,10,94,114,65"/><U24/><E104/><V38/><F32/><W95/><G114/><T61/><D127/><U82/><E119/><V3/><F118/><W56/><G131/><T47/><D54/><U37/><E31/><V108/><F108/><W19/><G116/><T21/><D102/><U33/><E33/><V20/><F20/><N who="3" m="13471" /><G10/><T13/><D87/><U96/><E43/><N who="2" m="22647" /><F1/><W58/><G58/><N who="0" m="36919" /><D26/><U52/><E37/><V66/><F66/><W69/><G69/><T28/><D28/><U84/><E96/><N who="2" m="61799" /><F36/><W129/><G129/><T78/><D78/><U134/><E134/><V51/><F51/><W30/><G30/><T110/><D47/><U107/><E107/><V117/><F117/><W132/><G132/><T14/><D14/><U135/><E135/><V39/><F39/><W122/><G122/><N who="0" m="46635" /><D110/><U70/><E59/><V60/><F60/><N who="3" m="38023" /><G49/><AGARI ba="0,0" hai="4,7,13,17,21,42,46,49" m="46635,36919" machi="49" ten="30,1000,0" yaku="13,1" doraHai="88" who="0" fromWho="3" sc="389,10,142,0,215,0,254,-10" /><INIT seed="6,0,0,4,3,61" ten="399,142,215,244" oya="2" hai0="0,20,84,49,126,15,55,67,81,75,87,113,64" hai1="37,135,78,32,101,63,104,68,100,106,8,127,96" hai2="52,4,86,95,35,59,1,65,93,109,116,129,5" hai3="79,21,108,83,112,66,122,7,33,128,43,118,125"/><V40/><F116/><W76/><G108/><T121/><D0/><U111/><E111/><V103/><F35/><W69/><G122/><T44/><D75/><U132/><E8/><V9/><F129/><W60/><G33/><T10/><D126/><U117/><E117/><V102/><F4/><W17/><G118/><T23/><D113/><U119/><E119/><V56/><F40/><W39/><G125/><T27/><D87/><U47/><E78/><V24/><F24/><W133/><G133/><T82/><D82/><U18/><E18/><V26/><F26/><W62/><G128/><T107/><D107/><U80/><E80/><V46/><F46/><W70/><G7/><N who="0" m="3551" /><D121/><U19/><E19/><V30/><F30/><W114/><G43/><T28/><D23/><U54/><E54/><V115/><F115/><N who="3" m="44075" /><G39/><T16/><D28/><U89/><E89/><AGARI ba="0,0" hai="16,20,27,44,49,55,64,67,81,84,89" m="3551" machi="89" ten="30,7700,0" yaku="8,1,52,2,54,1" doraHai="61" who="0" fromWho="1" sc="399,77,142,-77,215,0,244,0" /><INIT seed="7,0,0,5,0,20" ten="476,65,215,244" oya="3" hai0="23,114,99,93,60,81,61,79,126,62,89,115,78" hai1="108,65,87,83,117,25,71,129,44,92,37,53,24" hai2="113,56,118,1,131,19,120,73,121,130,96,58,90" hai3="29,119,16,13,111,50,40,97,80,36,35,124,28"/><W75/><G119/><T46/><D126/><U88/><E108/><V5/><F118/><W11/><G36/><T91/><D46/><U68/><E117/><V59/><F73/><W102/><G124/><T32/><D32/><U47/><E129/><N who="2" m="49163" /><F113/><N who="0" m="43018" /><D23/><U27/><E65/><V31/><F31/><W0/><G75/><N who="0" m="43231" /><D79/><U101/><E101/><AGARI ba="0,0" hai="60,61,62,89,91,93,99,101" m="43231,43018" machi="101" ten="30,2000,0" yaku="15,1,11,1" doraHai="20" who="0" fromWho="1" sc="476,20,65,-20,215,0,244,0" owari="496,59.0,45,-45.0,215,-18.0,244,4.0" /></mjloggm>