<mjloggm ver="2.3"><GO type="41" lobby="0"/><UN n0="%E3%83%B4%E3%82%A3%E3%83%88" n1="%E3%81%BD%E3%81%AE%E3%82%93" n2="%E3%82%84%E3%81%9F%E7%83%8F" n3="%E3%82%A6%E3%83%AB%E3%83%88%E3%83%A9%E7%AB%8B%E7%9B%B4" dan="14,13,13,15" rate="2052.46,1844.39,1866.06,2005.07" sx="M,M,M,M"/><TAIKYOKU oya="0"/><INIT seed="0,0,0,5,0,71" ten="250,250,250,250" oya="0" hai0="74,37,127,29,67,104,118,66,133,21,33,19,35" hai1="57,113,97,22,99,46,85,73,116,36,91,87,10" hai2="110,76,77,117,132,65,134,52,75,11,54,114,80" hai3="122,30,63,26,39,42,111,120,130,83,123,64,125"/><T6/><D104/><U31/><E116/><V62/><F117/><W101/><G111/><T58/><D74/><U3/><E73/><V41/><F110/><W78/><G101/><T68/><D68/><U12/><E113/><V129/><F114/><W100/><G100/><T18/><D118/><U82/><E3/><V25/><F129/><W59/><G125/><T50/><D6/><U86/><E57/><V32/><F11/><W60/><G60/><T16/><D127/><U23/><E86/><V5/><F5/><W95/><G95/><T20/><D37/><U96/><E87/><V34/><F76/><W131/><G131/><T56/><D133/><N who="2" m="51306" /><F41/><W1/><G1/><T51/><D19/><U106/><E31/><AGARI ba="0,0" hai="16,18,20,21,29,31,33,35,50,51,56,58,66,67" machi="31" ten="25,4800,0" yaku="22,2,54,1" doraHai="71" who="0" fromWho="1" sc="250,48,250,-48,250,0,250,0" /><INIT seed="0,1,0,4,4,59" ten="298,202,250,250" oya="0" hai0="100,89,82,2,33,120,45,55,98,24,90,74,25" hai1="50,83,3,42,65,112,30,87,15,84,130,21,104" hai2="126,76,88,71,118,73,113,36,26,110,37,91,128" hai3="38,56,48,57,97,131,18,6,17,20,9,80,108"/><T1/><D120/><U43/><E104/><V10/><F113/><W14/><G38/><T11/><D33/><U16/><E112/><V72/><F71/><W99/><G108/><T58/><D45/><U95/><E130/><V129/><F110/><W31/><G131/><N who="2" m="50249" /><F126/><W28/><G80/><T81/><D74/><N who="2" m="28778" /><F118/><W121/><G121/><T22/><D11/><U4/><E30/><N who="3" m="11306" /><G6/><T133/><D133/><U134/><E134/><V103/><F26/><N who="3" m="14607" /><G56/><T13/><D1/><U49/><E65/><V44/><F10/><W123/><G123/><T105/><D2/><U115/><E4/><V92/><F76/><W68/><G68/><T119/><D119/><U93/><E3/><V32/><F32/><W63/><G48/><N who="1" m="18538" /><E115/><V109/><F109/><W29/><N who="3" m="11314" /><W77/><DORA hai="111" /><G77/><T86/><D13/><U27/><E27/><V69/><F69/><W66/><AGARI ba="1,0" hai="9,14,18,57,63,66,97,99" m="14607,11314" machi="66" ten="30,2000,0" yaku="8,1,52,1" doraHai="59,111" who="3" fromWho="3" sc="298,-11,202,-6,250,-6,250,23" /><INIT seed="1,0,0,1,5,100" ten="287,196,244,273" oya="1" hai0="97,129,117,59,98,72,36,118,126,123,91,71,8" hai1="75,103,115,109,61,113,0,65,38,40,22,6,12" hai2="85,105,95,78,37,73,2,16,108,135,51,94,119" hai3="25,68,58,52,82,69,83,3,50,41,76,60,20"/><U32/><E75/><V21/><F119/><W43/><G3/><T125/><D71/><U7/><E32/><V122/><F37/><W44/><G41/><T112/><D36/><U102/><E109/><V107/><F2/><W84/><REACH who="3" step="1"/><G83/><REACH who="3" ten="287,196,244,263" step="2"/><T47/><D118/><U104/><E40/><V87/><F108/><W110/><G110/><T17/><D117/><U1/><E38/><V93/><F122/><W28/><AGARI ba="0,1" hai="20,25,28,43,44,50,52,58,60,68,69,76,82,84" machi="28" ten="20,8000,1" yaku="1,1,0,1,7,1,54,1,53,1" doraHai="100" doraHaiUra="81" who="3" fromWho="3" sc="287,-20,196,-40,244,-20,263,90" /><INIT seed="2,0,0,3,1,100" ten="267,156,224,353" oya="2" hai0="92,90,72,124,129,18,68,46,56,4,130,132,19" hai1="99,109,60,0,57,102,93,73,48,94,47,84,96" hai2="15,114,120,91,37,79,49,77,41,123,65,33,40" hai3="112,125,121,101,88,3,116,43,12,95,135,83,10"/><V58/><F33/><W61/><G3/><T105/><D68/><U106/><E0/><V85/><F114/><W75/><G116/><T55/><D72/><U128/><E73/><V28/><F37/><W89/><G121/><T70/><D70/><U76/><E128/><N who="0" m="49257" /><D124/><U50/><E109/><V31/><F120/><W118/><G118/><T81/><D81/><U119/><E119/><V9/><F123/><W103/><G125/><T127/><D127/><U59/><E76/><V131/><F131/><W14/><G135/><T110/><D110/><U34/><E34/><V87/><F65/><W23/><G43/><N who="2" m="16457" /><F49/><W80/><G61/><N who="0" m="35999" /><D132/><U78/><E78/><N who="2" m="29707" /><F58/><W66/><G66/><T97/><D4/><U22/><E22/><V2/><F2/><W82/><G75/><T35/><D46/><U134/><E134/><V38/><F38/><W69/><G69/><T30/><D30/><U36/><E36/><V8/><F15/><W13/><G112/><T62/><D62/><U107/><E84/><N who="2" m="32331" /><F91/><N who="3" m="34891" /><G95/><T86/><D35/><U64/><E59/><V108/><F108/><W104/><G23/><T24/><D24/><U126/><E126/><V133/><F133/><W51/><G51/><T54/><D54/><U63/><E63/><V45/><F45/><W29/><G29/><AGARI ba="0,0" hai="8,9,28,29,31" m="32331,29707,16457" machi="29" ten="30,5800,0" yaku="28,2,8,1" doraHai="100" who="2" fromWho="3" sc="267,0,156,0,224,58,353,-58" /><INIT seed="2,1,0,5,1,48" ten="267,156,282,295" oya="2" hai0="17,104,80,79,115,82,24,74,93,126,67,49,41" hai1="54,131,116,56,76,10,8,75,22,130,129,62,106" hai2="36,89,68,134,77,119,65,87,23,63,59,90,124" hai3="122,61,34,55,6,38,73,109,107,84,12,19,1"/><V101/><F119/><W128/><G38/><T20/><D115/><U53/><E116/><V98/><F134/><W133/><G34/><T33/><D104/><U58/><E106/><V60/><F124/><W32/><G32/><T85/><D33/><U97/><E97/><V120/><F36/><W11/><G73/><T47/><D126/><U57/><E76/><V94/><F120/><W88/><G107/><T3/><D3/><U95/><E75/><V5/><F5/><W28/><G28/><T42/><D67/><U102/><E102/><V117/><F117/><W51/><G122/><T16/><D93/><U114/><E114/><V83/><REACH who="2" step="1"/><F23/><REACH who="2" ten="267,156,272,295" step="2"/><W40/><G133/><T96/><D96/><U127/><E127/><V113/><F113/><W64/><G6/><T125/><D125/><U37/><E37/><V111/><F111/><W7/><G109/><T39/><D39/><U78/><E78/><V100/><F100/><W52/><G7/><T0/><D0/><U112/><E112/><V27/><F27/><W35/><G1/><T9/><D9/><N who="1" m="3691" /><E95/><V21/><F21/><W31/><G35/><T132/><D132/><U71/><E22/><V44/><F44/><N who="3" m="25991" /><G128/><N who="1" m="32770" /><U46/><DORA hai="14" /><E46/><V118/><F118/><W123/><G123/><T121/><D121/><U29/><E29/><V26/><F26/><W66/><G31/><T30/><D42/><U72/><E72/><V18/><F18/><W70/><G19/><T81/><D81/><U135/><E135/><V43/><F43/><W105/><G11/><T15/><D80/><U99/><E99/><V91/><F91/><RYUUKYOKU ba="1,1" sc="267,-15,156,15,272,15,295,-15" hai1="53,54,56,57,58,62,71" hai2="59,60,63,65,68,77,83,87,89,90,94,98,101" /><INIT seed="2,2,1,1,1,41" ten="252,171,287,280" oya="2" hai0="75,49,15,16,116,17,19,107,56,111,101,69,0" hai1="72,92,11,46,79,119,68,40,81,108,35,9,99" hai2="125,127,100,51,65,14,42,53,97,36,31,67,27" hai3="4,3,62,60,44,71,70,106,10,13,7,94,58"/><V38/><F14/><W86/><G106/><T118/><D75/><U26/><E68/><V130/><F130/><W47/><G3/><T117/><D69/><U123/><E123/><V6/><F6/><W84/><G7/><T28/><D0/><U89/><E119/><V18/><F18/><W48/><G70/><T96/><D28/><U110/><E26/><V104/><F67/><N who="3" m="39319" /><G71/><T57/><D111/><N who="1" m="42539" /><E35/><V78/><F78/><W105/><G105/><T93/><D107/><U12/><E12/><V59/><F65/><W5/><G5/><T20/><D56/><U64/><E64/><V2/><F2/><W88/><G62/><T30/><D30/><U120/><E120/><V112/><F112/><W103/><G103/><T131/><D131/><U24/><E24/><V43/><F42/><W90/><G48/><AGARI ba="2,1" hai="9,11,40,46,48,72,79,81,89,92,99" m="42539" machi="48" ten="30,2000,0" yaku="14,1,52,1" doraHai="41" who="1" fromWho="3" sc="252,0,171,36,287,0,280,-26" /><INIT seed="3,0,0,0,4,81" ten="252,207,287,254" oya="3" hai0="72,124,16,21,122,128,82,63,79,121,19,46,55" hai1="113,44,96,94,93,33,40,9,78,104,52,98,34" hai2="56,14,80,77,17,10,83,6,74,84,131,103,70" hai3="127,97,31,134,88,106,64,41,57,111,118,0,76"/><W20/><G118/><T107/><D107/><U112/><E78/><V47/><F70/><W49/><G0/><T3/><D124/><U43/><E9/><V15/><F131/><W61/><G127/><T28/><D3/><U120/><E120/><V30/><F30/><W8/><G134/><T75/><D72/><U130/><E130/><V2/><F103/><W69/><G111/><T1/><D1/><U86/><E86/><V7/><F56/><W123/><G123/><T71/><D128/><U129/><E129/><V22/><F6/><W13/><G76/><T100/><D100/><U48/><E104/><V29/><F29/><W66/><G106/><T67/><D28/><U39/><E43/><V62/><F62/><W101/><G101/><T37/><D19/><U110/><E110/><V27/><F47/><N who="3" m="25839" /><G69/><T114/><D114/><U32/><E113/><V51/><F51/><W109/><G109/><T23/><D23/><U45/><REACH who="1" step="1"/><E112/><REACH who="1" ten="252,197,287,254" step="2"/><V38/><F38/><W132/><G132/><T59/><D37/><U133/><E133/><V58/><F58/><W116/><G116/><T4/><D46/><U126/><E126/><V73/><F74/><W92/><G57/><T99/><D122/><U5/><E5/><V105/><F105/><W125/><G125/><T12/><D4/><U135/><E135/><V119/><F119/><W90/><G8/><T11/><D121/><U87/><E87/><V65/><F65/><W89/><G66/><T24/><D11/><U102/><E102/><V108/><F108/><W68/><G13/><T91/><D67/><U42/><E42/><RYUUKYOKU ba="0,1" sc="252,-30,197,10,287,10,254,10" hai1="32,33,34,39,40,44,45,48,52,93,94,96,98" hai2="2,7,10,14,15,17,22,27,73,77,80,83,84" hai3="20,31,61,64,68,88,89,90,92,97" /><INIT seed="3,1,1,1,0,0" ten="222,207,297,264" oya="3" hai0="39,48,57,72,98,79,6,41,97,88,46,8,122" hai1="65,19,117,76,135,119,95,23,53,33,62,96,73" hai2="132,37,87,64,83,128,52,32,5,81,111,66,24" hai3="89,4,114,102,2,58,50,25,9,63,68,100,60"/><W10/><G114/><T45/><D122/><U130/><E33/><V12/><F111/><W105/><G105/><T116/><D116/><N who="1" m="44619" /><E130/><V74/><F37/><W22/><G10/><T101/><D57/><U67/><E135/><V40/><F132/><W82/><G50/><T113/><D113/><U92/><E76/><V104/><F104/><W44/><G44/><T84/><D72/><U69/><E73/><V75/><F40/><W55/><G68/><T61/><D61/><N who="1" m="40111" /><E53/><V28/><F83/><W110/><G63/><T56/><D56/><N who="1" m="37319" /><E96/><V112/><F75/><W11/><G110/><T15/><D101/><U106/><E106/><V26/><F112/><W30/><G11/><T121/><D79/><U115/><E115/><V1/><F74/><W35/><G35/><T90/><D121/><U94/><E94/><V18/><F128/><W118/><G118/><T29/><D29/><U70/><E70/><V109/><F26/><AGARI ba="1,1" hai="19,23,26,92,95" m="37319,40111,44619" machi="26" ten="30,1000,0" yaku="12,1" doraHai="0" who="1" fromWho="2" sc="222,0,207,23,297,-13,264,0" /><INIT seed="4,0,0,2,1,56" ten="222,230,284,264" oya="0" hai0="88,31,99,37,112,13,29,39,119,106,126,129,93" hai1="107,42,14,12,11,123,84,98,44,50,79,7,120" hai2="15,82,132,69,0,89,134,2,6,5,121,111,130" hai3="35,95,22,86,65,131,1,135,67,34,85,20,94"/><T101/><D112/><U25/><E107/><V97/><F69/><W117/><G1/><N who="2" m="617" /><F111/><W125/><G125/><T76/><D126/><U53/><E98/><V26/><F97/><W70/><G70/><T23/><D119/><U104/><E104/><V52/><F52/><W75/><G75/><T57/><D76/><U113/><E113/><V96/><F96/><W80/><G80/><T49/><D129/><U63/><E25/><V45/><F82/><W55/><G55/><T17/><D39/><U124/><E14/><V59/><F89/><W28/><G28/><N who="0" m="10827" /><D37/><U72/><E72/><V105/><F59/><W81/><G81/><T10/><D106/><U71/><E124/><V21/><F45/><W77/><G131/><T73/><D73/><U16/><E7/><N who="2" m="2571" /><F105/><W100/><G100/><T102/><D57/><U36/><E79/><V74/><F74/><W87/><G77/><T46/><D10/><U64/><REACH who="1" step="1"/><E84/><REACH who="1" ten="222,220,284,264" step="2"/><V27/><F121/><W33/><G95/><T122/><D122/><U51/><E51/><V83/><F130/><W78/><G94/><T54/><AGARI ba="0,1" hai="13,17,23,46,49,54,88,93,99,101,102" m="10827" machi="54" ten="30,3000,0" yaku="8,1,54,1" doraHai="56" who="0" fromWho="0" sc="222,40,220,-10,284,-10,264,-10" /><INIT seed="4,1,0,4,1,36" ten="262,210,274,254" oya="0" hai0="110,84,39,59,128,78,92,56,13,89,3,5,37" hai1="133,15,32,90,71,38,117,19,40,106,63,134,88" hai2="99,45,102,43,122,108,115,46,75,57,9,104,131" hai3="97,16,47,72,54,7,132,82,25,30,118,68,77"/><T81/><D3/><U86/><E106/><V65/><F108/><W135/><G68/><T123/><D123/><U6/><E6/><V95/><F122/><W1/><G118/><T62/><D128/><U107/><E107/><V26/><F131/><W80/><G80/><T50/><D110/><U87/><E32/><V111/><F111/><W73/><G73/><T116/><D116/><U8/><E117/><V70/><F75/><W51/><G97/><T126/><D126/><U27/><E27/><V23/><F115/><W93/><G93/><T98/><D50/><U109/><E109/><V17/><F70/><W94/><G94/><T18/><D5/><U114/><E63/><N who="2" m="38127" /><F104/><W101/><G101/><T66/><REACH who="0" step="1"/><D59/><REACH who="0" ten="252,210,274,254" step="2"/><U24/><E71/><V74/><F74/><W14/><G7/><T85/><D85/><U33/><E86/><V58/><F58/><W21/><REACH who="3" step="1"/><G1/><REACH who="3" ten="252,210,274,244" step="2"/><T49/><D49/><U120/><E120/><V67/><F102/><W76/><G76/><T2/><D2/><U125/><E87/><V28/><F99/><W42/><G42/><T52/><D52/><U79/><E40/><V61/><F43/><W103/><G103/><T100/><D100/><U35/><E125/><V112/><F112/><W121/><G121/><T11/><AGARI ba="1,2" hai="11,13,18,37,39,56,62,66,78,81,84,89,92,98" machi="11" ten="20,3900,0" yaku="1,1,0,1,7,1,53,0" doraHai="36" doraHaiUra="119" who="0" fromWho="0" sc="252,62,210,-14,274,-14,244,-14" /><INIT seed="4,2,0,3,4,114" ten="314,196,260,230" oya="0" hai0="71,15,77,110,108,93,0,96,97,26,89,6,124" hai1="126,57,120,130,18,94,131,17,42,60,14,24,38" hai2="100,11,111,69,67,16,75,45,84,118,83,64,113" hai3="99,116,62,55,4,72,81,21,68,39,101,25,129"/><T12/><D71/><U66/><E120/><V43/><F113/><W2/><G39/><T87/><D124/><U107/><E107/><V47/><F111/><N who="0" m="42538" /><D26/><U20/><E126/><V61/><F75/><W79/><G129/><N who="1" m="49162" /><E94/><V58/><F100/><W128/><G128/><T54/><D54/><U41/><E38/><V85/><F118/><W40/><G40/><T10/><D77/><U56/><E56/><V48/><F47/><W29/><G4/><T22/><D22/><AGARI ba="2,0" hai="14,17,18,20,22,24,41,42,57,60,66" m="49162" machi="22" ten="30,1000,0" yaku="19,1" doraHai="114" who="1" fromWho="0" sc="314,-16,196,16,260,0,230,0" /><INIT seed="5,0,0,1,5,52" ten="298,212,260,230" oya="1" hai0="54,32,91,26,58,74,86,36,78,68,1,7,90" hai1="92,81,64,23,73,116,28,122,45,43,44,77,6" hai2="89,37,129,5,15,103,34,121,117,88,70,21,57" hai3="49,16,112,50,127,108,133,93,56,41,12,85,114"/><U109/><E122/><V132/><F34/><W9/><G108/><T131/><D36/><U104/><E116/><V111/><F70/><W76/><G127/><T66/><D74/><U59/><E104/><V84/><F37/><W94/><G133/><T69/><D131/><U51/><E109/><V62/><F111/><W87/><G41/><T61/><D78/><U125/><E125/><V100/><F121/><W102/><G50/><T10/><D66/><U120/><E120/><V96/><F129/><W38/><G38/><T71/><REACH who="0" step="1"/><D86/><REACH who="0" ten="288,212,260,230" step="2"/><U130/><E130/><V115/><F132/><W4/><G85/><T22/><D22/><U55/><E64/><V24/><F117/><W25/><G87/><T40/><D40/><U110/><E110/><V48/><F115/><W113/><G76/><T119/><D119/><U39/><E44/><V13/><F84/><W60/><G112/><T67/><D67/><U14/><E92/><V20/><F96/><W83/><G113/><T97/><D97/><U8/><REACH who="1" step="1"/><E23/><REACH who="1" ten="288,202,260,230" step="2"/><V47/><F20/><N who="3" m="13447" /><G114/><T98/><D98/><U123/><E123/><V30/><F21/><W31/><G94/><T65/><D65/><U53/><E53/><V106/><F47/><W95/><G95/><T18/><D18/><U33/><E33/><V42/><F106/><W99/><G83/><T2/><D2/><U107/><E107/><V11/><F89/><W72/><G72/><T79/><D79/><U63/><E63/><V3/><F88/><W101/><G60/><T46/><D46/><U128/><E128/><V27/><F62/><W17/><G93/><RYUUKYOKU ba="0,2" sc="288,15,202,15,260,-15,230,-15" hai0="1,7,10,26,32,54,58,61,68,69,71,90,91" hai1="6,8,14,28,39,43,45,51,55,59,73,77,81" /><INIT seed="5,1,2,4,3,94" ten="303,217,245,215" oya="1" hai0="74,132,35,41,15,91,45,33,92,60,32,63,86" hai1="104,25,14,47,12,72,61,110,13,42,70,115,26" hai2="3,71,82,19,80,55,116,68,65,11,0,79,58" hai3="8,10,53,54,5,24,114,44,83,64,4,28,78"/><U40/><E72/><V131/><F116/><W57/><G114/><T112/><D74/><U62/><E104/><V134/><F65/><W119/><G119/><T124/><D112/><U49/><E115/><V6/><F134/><W105/><G105/><T50/><D132/><U23/><E70/><V95/><F131/><W30/><G64/><T67/><D124/><U51/><E110/><V101/><F80/><W129/><G129/><T88/><D91/><U126/><E126/><V107/><F3/><W85/><G44/><T48/><D15/><U106/><E106/><V87/><F107/><W18/><G18/><T76/><D76/><U120/><E120/><V123/><F19/><W21/><G30/><T89/><D89/><U97/><E97/><V38/><F38/><W27/><G27/><N who="1" m="10250" /><E23/><V122/><F68/><W113/><G113/><T75/><D75/><U22/><E22/><V34/><F34/><W16/><G28/><T108/><D108/><U59/><E59/><V1/><F71/><W127/><G127/><T111/><D111/><U135/><E135/><V117/><F0/><W77/><G77/><T66/><D35/><U99/><E99/><N who="2" m="59647" /><F117/><W133/><G133/><T37/><D33/><U121/><E121/><V69/><F69/><W81/><G81/><T46/><D32/><U52/><E49/><V7/><F7/><N who="3" m="2635" /><G57/><N who="0" m="37135" /><D45/><U102/><E102/><V98/><F98/><W2/><G2/><T109/><D109/><U125/><E125/><V73/><F73/><W100/><G100/><T103/><D103/><U93/><E93/><V20/><F20/><W90/><G78/><RYUUKYOKU ba="1,2" sc="303,0,217,0,245,0,215,0" hai0="37,41,46,48,50,63,67,86,88,92" hai1="12,13,14,40,42,47,51,52,61,62" hai2="1,6,11,55,58,79,82,87,122,123" hai3="8,10,16,21,24,53,54,83,85,90" /><INIT seed="5,2,2,3,4,131" ten="303,217,245,215" oya="1" hai0="64,67,123,39,40,36,47,117,37,27,33,101,58" hai1="62,42,98,75,74,54,66,71,72,84,23,60,91" hai2="86,129,50,9,120,3,111,92,31,68,10,85,134" hai3="94,122,26,56,69,25,45,93,46,88,79,34,12"/><U135/><E42/><V38/><F68/><W5/><G69/><T16/><D117/><U112/><E112/><V1/><F38/><W48/><G79/><T97/><D123/><U100/><E23/><V11/><F120/><W63/><G34/><T95/><D58/><U49/><E62/><V128/><F92/><W116/><G93/><T103/><D101/><U113/><E113/><V32/><F111/><W41/><G46/><T82/><D82/><U7/><E7/><V96/><F96/><W70/><G70/><T8/><D33/><U19/><E19/><V76/><F50/><W124/><G124/><T99/><D97/><U4/><E4/><V104/><F104/><W81/><G81/><T65/><REACH who="0" step="1"/><D8/><REACH who="0" ten="293,217,245,215" step="2"/><N who="2" m="3178" /><F76/><W90/><G116/><T119/><D119/><U24/><E100/><V13/><F85/><W30/><G122/><T125/><D125/><U2/><E98/><V17/><F86/><W87/><G90/><T61/><D61/><U107/><E91/><V53/><F134/><W126/><G126/><T89/><D89/><U52/><E135/><V121/><F121/><W18/><G56/><T127/><D127/><U35/><E84/><V77/><F77/><W59/><G59/><T14/><D14/><U6/><E107/><V110/><F110/><W28/><G63/><T83/><D83/><U114/><E114/><V130/><F53/><W78/><G78/><T29/><D29/><N who="3" m="11369" /><G5/><T132/><D132/><U22/><E6/><V118/><F118/><W106/><G106/><T57/><D57/><U0/><E54/><V108/><F108/><W80/><G80/><RYUUKYOKU ba="2,3" sc="293,10,217,-30,245,10,215,10" hai0="16,27,36,37,39,40,47,64,65,67,95,99,103" hai2="1,3,11,13,17,31,32,128,129,130" hai3="12,18,25,26,41,45,48,87,88,94" /><INIT seed="6,3,3,0,0,63" ten="303,187,255,225" oya="2" hai0="127,20,131,85,27,96,22,76,101,32,126,39,21" hai1="62,38,25,90,113,89,59,75,132,36,133,23,8" hai2="24,91,16,45,110,74,48,86,10,17,70,29,49" hai3="124,102,58,42,72,79,34,46,31,33,40,71,99"/><V114/><F74/><W119/><G119/><T78/><D39/><N who="1" m="14891" /><E75/><V57/><F70/><W92/><G71/><T104/><D131/><U123/><E8/><V97/><F110/><W82/><G124/><N who="0" m="47659" /><D85/><U65/><E113/><V7/><F114/><W100/><G31/><AGARI ba="3,3" hai="20,21,22,27,31,32,76,78,96,101,104" m="47659" machi="31" ten="30,1000,0" yaku="18,1" doraHai="63" who="0" fromWho="3" sc="303,49,187,0,255,0,225,-19" /><INIT seed="7,0,0,3,4,52" ten="352,187,255,206" oya="3" hai0="33,87,111,104,117,101,14,54,103,15,107,69,85" hai1="24,130,83,2,48,72,30,60,134,97,28,89,26" hai2="42,18,76,59,34,75,128,96,50,63,12,25,40" hai3="108,84,77,120,135,61,125,1,94,5,10,132,74"/><W133/><G125/><T32/><D111/><U55/><E2/><V119/><F119/><W109/><G120/><T116/><D54/><U81/><E72/><V73/><F128/><W51/><G51/><T86/><D86/><U38/><E130/><V127/><F127/><W105/><G105/><T71/><AGARI ba="0,0" hai="14,15,32,33,69,71,85,87,101,103,104,107,116,117" machi="71" ten="25,3200,0" yaku="0,1,22,2" doraHai="52" who="0" fromWho="0" sc="352,32,187,-8,255,-8,206,-16" owari="384,48.0,179,-32.0,247,5.0,190,-21.0" /></mjloggm>