<mjloggm ver="2.3"><GO type="97" lobby="0"/><UN n0="%64%61%72%6D%73%74%61%64" n1="%E5%A4%A7%E6%8E%88" n2="%35%33%37%44%32%32%31%44" n3="%E3%82%A6%E3%83%AB%E3%83%88%E3%83%A9%E7%AB%8B%E7%9B%B4" dan="13,13,14,13" rate="1866.85,1834.44,1978.10,1818.25" sx="M,M,M,M"/><TAIKYOKU oya="0"/><INIT seed="0,0,0,3,0,27" ten="250,250,250,250" oya="0" hai0="0,74,3,83,95,28,22,41,94,21,24,65,19" hai1="47,109,49,133,26,31,15,90,132,67,68,42,18" hai2="115,130,40,113,96,120,61,35,64,58,55,134,91" hai3="93,1,104,114,52,85,73,110,30,37,92,10,81"/><T106/><D106/><U33/><E109/><V78/><F120/><W11/><G104/><T4/><D65/><U117/><E117/><V131/><F35/><W124/><G73/><T14/><D41/><U56/><E68/><V100/><F91/><W97/><G114/><N who="2" m="43529" /><F78/><W36/><G36/><T98/><D94/><U72/><E72/><V77/><F77/><W123/><G37/><T51/><D51/><U17/><E90/><V79/><F79/><W75/><G75/><T108/><D108/><U101/><E101/><V45/><F100/><W87/><G110/><T66/><D83/><U86/><E86/><V70/><F96/><W88/><G1/><T122/><D66/><U57/><E67/><V84/><F84/><N who="3" m="32331" /><G123/><T44/><D44/><U63/><E63/><N who="2" m="40223" /><F134/><N who="1" m="51817" /><E18/><V129/><F45/><W102/><G81/><T60/><D60/><U16/><E17/><V82/><F82/><W12/><G93/><T126/><D74/><U119/><E119/><V9/><F9/><AGARI ba="0,0" hai="9,15,16,26,31,33,42,47,49,56,57" m="51817" machi="9" ten="30,3900,0" yaku="20,1,52,1,54,1" doraHai="27" who="1" fromWho="2" sc="250,0,250,39,250,-39,250,0" /><INIT seed="1,0,0,4,0,76" ten="250,289,211,250" oya="1" hai0="132,88,52,10,100,54,111,23,31,32,107,12,82" hai1="119,7,43,134,41,72,16,71,13,102,24,42,63" hai2="126,127,98,27,89,68,20,91,124,36,99,118,81" hai3="56,129,48,40,62,130,79,11,78,2,85,64,69"/><U33/><E119/><V121/><F68/><W17/><G78/><T25/><D111/><U108/><E72/><V116/><F36/><W77/><G77/><T122/><D122/><U26/><E134/><V105/><F20/><W135/><G135/><T3/><D132/><U9/><E71/><V92/><F27/><N who="1" m="10281" /><E33/><V110/><F110/><W128/><G17/><N who="0" m="10663" /><D100/><U73/><E73/><V0/><F0/><W65/><G65/><T59/><D59/><U131/><E131/><V15/><F15/><W57/><G11/><T45/><D45/><U90/><E108/><V39/><F39/><W133/><G133/><T21/><D21/><U101/><E90/><V120/><F105/><W95/><G2/><T66/><D66/><U80/><E7/><V103/><F99/><W30/><G30/><T14/><D14/><U83/><E63/><V97/><F98/><W44/><REACH who="3" step="1"/><G95/><REACH who="3" ten="250,289,211,240" step="2"/><T47/><D107/><U87/><E87/><N who="2" m="50415" /><F103/><AGARI ba="0,1" hai="9,13,16,41,42,43,80,83,101,102,103" m="10281" machi="103" ten="30,11600,0" yaku="8,1,52,2,54,1" doraHai="76" who="1" fromWho="2" sc="250,0,289,126,211,-116,240,0" /><INIT seed="1,1,0,5,2,121" ten="250,415,95,240" oya="1" hai0="0,38,84,41,127,74,107,3,98,100,93,101,86" hai1="95,80,120,99,78,58,68,9,57,45,104,5,29" hai2="30,88,20,133,87,37,72,63,24,34,43,56,10" hai3="6,51,11,12,106,21,27,1,35,49,118,53,111"/><U52/><E120/><V102/><F72/><W17/><G106/><T85/><D41/><U7/><E68/><V112/><F133/><W71/><G71/><T117/><D38/><U132/><E132/><V96/><F112/><W65/><G65/><T83/><D3/><U131/><E104/><V75/><F75/><W23/><G118/><T130/><D0/><U54/><E131/><V76/><F76/><W134/><G134/><T46/><D46/><U8/><E45/><V90/><F10/><N who="1" m="4201" /><E29/><V79/><F79/><W47/><G51/><T31/><D31/><U135/><E135/><V73/><F73/><W40/><G23/><T26/><D26/><U122/><E122/><V69/><F69/><W59/><G111/><T128/><D117/><U105/><E105/><V39/><F90/><W97/><G97/><N who="0" m="61839" /><D127/><U36/><E36/><V42/><F34/><W126/><G126/><T2/><D2/><U77/><E80/><N who="2" m="49255" /><F39/><W81/><G81/><T108/><D108/><U103/><E57/><V66/><F37/><W60/><REACH who="3" step="1"/><G35/><REACH who="3" ten="250,415,95,230" step="2"/><T18/><D18/><U55/><E58/><V13/><F13/><AGARI ba="1,1" hai="1,6,11,12,13,17,21,27,40,47,49,53,59,60" machi="13" ten="40,2600,0" yaku="1,1,2,1,53,0" doraHai="121" doraHaiUra="61" who="3" fromWho="2" sc="250,0,415,0,95,-29,230,39" /><INIT seed="2,0,0,0,0,63" ten="250,415,66,269" oya="2" hai0="69,25,113,67,114,120,17,79,45,13,118,58,31" hai1="124,81,121,105,35,106,123,131,84,40,96,23,85" hai2="57,27,28,59,44,49,90,115,10,20,68,60,86" hai3="16,2,83,132,82,110,11,22,0,46,125,61,129"/><V52/><F115/><W112/><G112/><T65/><D120/><N who="1" m="46155" /><E35/><V88/><F68/><W14/><G125/><T78/><D69/><U102/><E23/><V117/><F117/><W29/><G129/><T122/><D118/><U74/><E40/><V30/><F59/><W95/><G110/><T18/><D122/><U3/><E3/><V56/><F56/><W36/><G132/><T107/><D107/><N who="1" m="63943" /><E131/><V77/><F10/><W71/><G95/><T101/><D58/><U91/><E124/><V4/><F4/><W130/><G130/><T64/><D101/><U135/><E135/><V12/><F12/><W70/><G70/><T127/><D127/><U73/><E85/><V87/><F30/><W38/><G0/><T93/><D93/><U48/><E48/><V116/><F116/><W108/><G108/><T54/><D54/><U9/><E9/><V21/><F21/><W99/><G29/><T24/><D45/><U6/><E6/><V1/><F1/><W109/><G11/><N who="0" m="6335" /><D114/><U42/><E42/><N who="2" m="24727" /><F87/><W32/><G109/><T33/><D113/><U66/><E66/><N who="0" m="16897" /><T128/><DORA hai="104" /><D128/><U76/><E76/><N who="0" m="29225" /><D33/><U50/><E50/><V51/><F51/><W111/><G32/><T34/><D34/><U94/><E94/><V75/><F75/><AGARI ba="0,0" hai="73,74,75,81,84,91,105,106" m="63943,46155" machi="75" ten="30,12000,2" yaku="13,1,34,2,52,3" doraHai="63,104" who="1" fromWho="2" sc="250,0,415,120,66,-120,269,0" owari="250,-15.0,535,63.0,-54,-55.0,269,7.0" /></mjloggm>