<mjloggm ver="2.3"><GO type="97" lobby="0"/><UN n0="%E5%B0%B1%E6%B4%BB%E7%94%9F%40%E5%B7%9D%E6%9D%91%E8%BB%8D%E5%9B%A3" n1="%61%6B%75%62%69" n2="%E5%AE%9F%E6%88%A6%E6%B4%BE%E3%83%8F%E3%82%B9%E3%83%A9%E3%83%BC" n3="%E6%9D%B1%E9%A2%A8%E3%81%AE%E5%A4%AE" dan="15,15,15,15" rate="2012.20,1993.27,1983.16,1956.13" sx="M,M,M,M"/><TAIKYOKU oya="0"/><INIT seed="0,0,0,5,1,46" ten="250,250,250,250" oya="0" hai0="0,52,18,41,105,6,72,95,129,74,45,9,66" hai1="30,56,42,98,68,124,90,53,37,29,69,54,49" hai2="35,135,123,67,128,76,99,133,57,14,116,118,55" hai3="44,75,125,88,122,38,16,63,131,70,27,110,77"/><T71/><D105/><U80/><E37/><V58/><F35/><W107/><G107/><T17/><D129/><U15/><E42/><V73/><F123/><W87/><G125/><T103/><D72/><U93/><E124/><V32/><F32/><W86/><G110/><T62/><D74/><U126/><E126/><V96/><F128/><W79/><G75/><T83/><D83/><U132/><E132/><N who="2" m="50763" /><F14/><W134/><G131/><T10/><D10/><U60/><E15/><V19/><F19/><W7/><G16/><T11/><D11/><U59/><E68/><V2/><F2/><W22/><G88/><T48/><REACH who="0" step="1"/><D41/><REACH who="0" ten="240,250,250,250" step="2"/><U84/><REACH who="1" step="1"/><E69/><REACH who="1" ten="240,240,250,250" step="2"/><V111/><F118/><W31/><G70/><T1/><D1/><U115/><E115/><V65/><F116/><W104/><G122/><T3/><D3/><U89/><AGARI ba="0,2" hai="29,30,49,53,54,56,59,60,80,84,89,90,93,98" machi="89" ten="20,8000,1" yaku="1,1,0,1,7,1,8,1,52,1,53,0" doraHai="46" doraHaiUra="36" who="1" fromWho="1" sc="240,-40,240,100,250,-20,250,-20" /><INIT seed="1,0,0,4,4,107" ten="200,340,230,230" oya="1" hai0="67,59,84,71,37,58,92,87,90,75,23,18,80" hai1="124,109,34,121,53,51,108,98,126,38,81,105,133" hai2="88,117,66,132,128,122,13,96,25,91,9,3,74" hai3="28,47,125,50,27,86,43,55,102,6,2,4,42"/><U99/><E34/><V60/><F3/><W63/><G125/><N who="1" m="48234" /><E38/><V33/><F128/><W35/><G102/><T101/><D37/><U127/><E121/><V94/><F132/><W77/><G2/><T39/><D39/><U78/><E133/><V72/><F117/><W129/><G129/><T29/><D29/><U110/><E105/><V1/><F1/><W24/><G24/><T15/><D71/><U65/><E65/><V17/><F122/><W118/><G118/><T123/><D123/><U97/><N who="1" m="48242" /><U134/><DORA hai="14" /><E134/><V120/><F120/><W83/><G43/><T19/><D67/><U114/><E114/><V54/><F54/><W112/><G112/><T45/><D75/><N who="1" m="43231" /><E97/><V62/><F62/><W104/><G104/><T26/><D45/><AGARI ba="0,0" hai="45,51,53,98,99,108,109,110" m="43231,48242" machi="45" ten="50,12000,1" yaku="14,1,10,1,18,1,52,1" doraHai="107,14" who="1" fromWho="0" sc="200,-120,340,120,230,0,230,0" /><INIT seed="1,1,0,2,3,15" ten="80,460,230,230" oya="1" hai0="1,99,103,110,72,31,17,108,120,0,14,35,49" hai1="127,87,21,18,55,131,7,113,11,46,122,115,41" hai2="83,89,85,81,91,88,111,32,117,5,8,57,128" hai3="10,13,77,6,93,96,100,27,104,12,94,25,26"/><U82/><E55/><V101/><F32/><W50/><G77/><T42/><D72/><U123/><E127/><V65/><F111/><W78/><G78/><T59/><D120/><U114/><E131/><V52/><F117/><W38/><G38/><T33/><D0/><U9/><E9/><V109/><F109/><W66/><G66/><T98/><D1/><U84/><E7/><V112/><F128/><W129/><G129/><T67/><D99/><U64/><E11/><V80/><F112/><W29/><G13/><T71/><D42/><U116/><E64/><V34/><F34/><W62/><G62/><T36/><D36/><U45/><E116/><V37/><F37/><W135/><G135/><T76/><D76/><U134/><E134/><V23/><F101/><W30/><G50/><T97/><D97/><U86/><E82/><V56/><F23/><W24/><N who="3" m="6144" /><DORA hai="79" /><W16/><REACH who="3" step="1"/><G6/><REACH who="3" ten="80,460,230,220" step="2"/><T107/><D71/><U60/><E60/><N who="2" m="35847" /><F65/><W106/><G106/><T40/><D40/><U90/><E123/><V133/><F133/><W132/><G132/><T73/><D73/><U22/><E122/><V130/><F130/><W121/><G121/><T48/><D67/><U92/><E115/><V44/><F44/><W3/><G3/><T4/><D110/><U75/><E46/><V126/><F57/><W51/><G51/><T125/><D108/><U118/><E114/><V54/><F126/><W58/><G58/><T63/><D125/><U69/><E113/><V105/><F105/><W74/><G74/><T43/><D4/><U39/><E75/><V95/><F5/><RYUUKYOKU ba="1,1" sc="80,-10,460,-10,230,-10,220,30" hai3="10,12,16,29,30,93,94,96,100,104" /><INIT seed="2,2,1,2,0,69" ten="70,450,220,250" oya="2" hai0="64,92,50,111,113,37,33,15,103,2,17,62,9" hai1="54,29,86,120,106,14,102,87,0,53,93,16,95" hai2="118,84,6,1,75,7,107,94,47,39,61,68,35" hai3="98,13,5,57,22,23,19,71,52,36,121,3,41"/><V91/><F75/><W66/><G3/><T81/><D113/><U100/><E0/><V48/><F118/><W38/><G5/><T24/><D111/><U10/><E29/><V8/><F107/><W97/><G121/><T40/><D81/><U44/><E106/><V135/><F135/><W108/><G108/><T27/><D2/><U55/><E44/><V110/><F110/><W77/><G77/><T115/><D115/><U32/><E32/><V109/><F109/><W123/><G123/><T26/><D33/><U130/><E130/><V46/><F35/><W59/><G41/><T43/><D50/><U134/><E134/><V12/><F61/><W49/><G71/><T60/><D37/><U11/><E11/><V126/><F68/><W79/><G79/><T21/><D9/><U112/><E112/><V122/><F126/><W20/><G38/><T31/><D62/><U34/><E34/><V96/><F122/><W42/><G36/><T85/><D40/><U114/><E114/><V76/><F48/><W116/><G42/><T80/><D43/><U90/><E120/><V30/><F30/><W4/><G4/><T56/><D80/><U45/><E45/><N who="2" m="16907" /><F1/><W128/><G128/><T72/><D72/><U67/><E67/><V70/><F70/><W82/><G82/><T99/><REACH who="0" step="1"/><D85/><REACH who="0" ten="60,450,220,250" step="2"/><U65/><E65/><V74/><F74/><W132/><G66/><T124/><D124/><U133/><E133/><V28/><F39/><W83/><G132/><T105/><D105/><U119/><E119/><V25/><F8/><N who="3" m="6567" /><G116/><T89/><D89/><AGARI ba="2,2" hai="10,14,16,53,54,55,86,87,89,90,93,95,100,102" machi="89" ten="40,5200,0" yaku="9,1,8,1,54,1" doraHai="69" who="1" fromWho="0" sc="60,-58,450,78,220,0,250,0" /><INIT seed="3,0,0,2,2,71" ten="2,528,220,250" oya="3" hai0="41,40,43,14,96,121,122,117,64,54,98,22,57" hai1="60,33,116,77,75,47,39,62,82,49,32,109,127" hai2="114,129,107,131,81,24,2,52,123,56,13,11,65" hai3="130,83,126,45,135,69,108,37,105,23,119,100,29"/><W72/><RYUUKYOKU type="yao9" ba="0,0" sc="2,0,528,0,220,0,250,0" hai3="23,29,37,45,69,72,83,100,105,108,119,126,130,135" /><INIT seed="3,1,0,5,0,47" ten="2,528,220,250" oya="3" hai0="22,103,86,2,91,79,42,119,93,87,43,114,8" hai1="18,49,13,54,29,71,44,32,50,132,124,27,72" hai2="85,10,112,82,28,74,62,135,60,109,45,100,127" hai3="16,107,116,64,68,9,106,23,75,113,69,15,83"/><W48/><G113/><T59/><D22/><U26/><E71/><V134/><F74/><W17/><G116/><T3/><D59/><U58/><E72/><V37/><F109/><W125/><G125/><T121/><D8/><U7/><E124/><V20/><F112/><W73/><G68/><T80/><D114/><U1/><E132/><V34/><F127/><W122/><G122/><T36/><D121/><U41/><E26/><V51/><F37/><W19/><G69/><T57/><D119/><U12/><E1/><V99/><F34/><W14/><G64/><T129/><D129/><U55/><E7/><V111/><F111/><W77/><G75/><T5/><D57/><U70/><E70/><V25/><F10/><W98/><G98/><T40/><D36/><U108/><E108/><V24/><F24/><W88/><G19/><T56/><D5/><U96/><E18/><V104/><F135/><W39/><G39/><T63/><D103/><U31/><E31/><V131/><F131/><W35/><G35/><T11/><D11/><U101/><E41/><V117/><F117/><W0/><G0/><T30/><D30/><U46/><E58/><V133/><F133/><W81/><G48/><T66/><D2/><U65/><E65/><V130/><F130/><W120/><REACH who="3" step="1"/><G120/><REACH who="3" ten="2,528,220,240" step="2"/><T76/><D3/><U53/><E53/><V92/><F134/><W67/><G67/><T61/><D61/><U4/><E4/><V78/><F104/><AGARI ba="1,1" hai="12,13,27,29,32,44,46,49,50,54,55,96,101,104" machi="104" ten="30,7700,0" yaku="7,1,9,1,52,2" doraHai="47" who="1" fromWho="2" sc="2,0,528,90,220,-80,240,0" owari="2,-50.0,618,72.0,140,-26.0,240,4.0" /></mjloggm>