<mjloggm ver="2.3"><GO type="97" lobby="0"/><UN n0="%E6%9C%80%E5%87%B6%E9%9C%9C%E9%99%8D%E7%89%9B" n1="%E7%A5%9E%E4%BB%A3%E5%B0%8F%E8%92%94%E2%98%85" n2="%54%41%59%4C%4F%52%E6%96%B0%E6%BD%9F" n3="%E3%82%A6%E3%83%AB%E3%83%88%E3%83%A9%E7%AB%8B%E7%9B%B4" dan="13,15,14,15" rate="1837.84,2071.49,1866.21,2022.98" sx="M,F,M,M"/><TAIKYOKU oya="0"/><INIT seed="0,0,0,5,4,32" ten="250,250,250,250" oya="0" hai0="53,10,133,117,131,100,11,6,126,2,130,87,35" hai1="43,114,74,119,60,3,85,30,5,81,48,0,104" hai2="41,15,26,9,44,13,71,135,72,64,105,123,75" hai3="54,95,134,91,39,40,96,102,42,99,109,101,83"/><T66/><D117/><U8/><E119/><V108/><F123/><W29/><G39/><T21/><D66/><U70/><E104/><V28/><F108/><W121/><G109/><T106/><D106/><U50/><E30/><V1/><F135/><W128/><G134/><T125/><D100/><U17/><E114/><V120/><F120/><W33/><G33/><T94/><D94/><U118/><E118/><V113/><F113/><W16/><G29/><T84/><D53/><U27/><E74/><V4/><F105/><W67/><G67/><T34/><D133/><U45/><E50/><V116/><F15/><W103/><G128/><N who="0" m="49195" /><D87/><U80/><E60/><V19/><F116/><W90/><G121/><T77/><D84/><U20/><E70/><V65/><F65/><W18/><G54/><T38/><D77/><U89/><E80/><V14/><F14/><AGARI ba="0,0" hai="0,3,5,8,14,17,20,27,43,45,48,81,85,89" machi="14" ten="30,3900,0" yaku="7,1,52,2" doraHai="32" who="1" fromWho="2" sc="250,0,250,39,250,-39,250,0" /><INIT seed="1,0,0,3,0,36" ten="250,289,211,250" oya="1" hai0="55,132,78,12,40,50,122,49,97,135,83,1,76" hai1="112,82,4,91,75,13,23,113,29,64,67,35,68" hai2="17,43,92,18,100,38,118,0,111,84,32,2,94" hai3="33,25,10,120,24,39,72,19,41,28,47,121,133"/><U101/><E101/><V99/><F118/><W125/><G125/><T54/><D122/><U11/><E35/><V69/><F32/><W34/><G133/><N who="0" m="51275" /><D1/><U134/><E134/><V119/><F69/><W79/><G10/><T88/><D12/><U3/><E75/><V7/><F119/><W57/><G19/><T66/><D66/><U105/><E105/><V20/><F111/><W31/><G57/><T117/><D117/><U115/><E68/><V62/><F62/><W127/><G127/><T58/><D97/><U63/><E63/><V95/><F7/><W109/><G109/><T90/><D76/><U56/><E56/><V93/><F18/><W107/><G107/><T126/><D126/><U22/><E3/><V27/><REACH who="2" step="1"/><F84/><REACH who="2" ten="250,289,201,250" step="2"/><W85/><G85/><N who="0" m="48375" /><D55/><U6/><E6/><V74/><F74/><W9/><G9/><T60/><D60/><U106/><E112/><V89/><F89/><N who="0" m="34410" /><D50/><U52/><E113/><V103/><F103/><W21/><G21/><T131/><D131/><U51/><E23/><V114/><F114/><W86/><G86/><T30/><D30/><U45/><E115/><V128/><F128/><W77/><G77/><T5/><D5/><U110/><E29/><V81/><F81/><AGARI ba="0,1" hai="24,25,28,31,33,34,39,41,47,72,79,81,120,121" machi="81" ten="40,8000,1" yaku="9,1,23,2,52,1" doraHai="36" who="3" fromWho="2" sc="250,0,289,0,201,-80,250,90" /><INIT seed="2,0,0,0,1,60" ten="250,289,121,340" oya="2" hai0="96,40,69,123,81,95,109,99,31,94,10,39,50" hai1="20,17,75,48,65,35,82,101,2,72,56,130,127" hai2="111,66,91,9,115,38,114,92,4,28,32,43,64" hai3="73,132,78,103,16,44,5,24,77,134,54,129,105"/><V27/><F38/><W67/><G5/><T90/><D109/><U87/><E130/><V125/><F43/><W118/><G118/><T116/><D123/><U119/><E119/><V14/><F111/><W59/><G103/><T68/><D116/><U74/><E35/><V61/><F61/><N who="3" m="38335" /><G105/><T21/><D39/><U104/><E127/><V110/><F125/><W42/><G54/><T52/><D40/><U30/><E2/><V53/><F53/><W13/><G24/><T7/><D81/><U89/><E30/><V88/><F110/><W83/><G83/><T63/><D21/><U3/><E3/><V120/><F120/><W122/><G73/><T25/><D25/><U133/><E133/><N who="3" m="51306" /><G129/><T29/><D68/><U0/><E0/><V55/><F55/><W135/><G122/><T58/><D63/><N who="1" m="38119" /><E101/><V79/><F79/><W121/><G121/><T47/><D69/><U57/><E104/><V22/><F32/><W23/><G135/><T46/><D31/><U100/><E100/><V11/><F9/><W49/><AGARI ba="0,0" hai="13,16,23,42,44,49,77,78" m="51306,38335" machi="49" ten="30,4000,0" yaku="20,1,52,1,54,1" doraHai="60" who="3" fromWho="3" sc="250,-10,289,-10,121,-20,340,40" /><INIT seed="3,0,0,4,1,13" ten="240,279,101,380" oya="3" hai0="18,2,66,67,54,84,65,1,94,85,73,96,35" hai1="44,132,64,48,103,52,118,16,19,120,128,20,83" hai2="127,74,122,38,34,21,123,50,93,36,28,61,55" hai3="62,81,59,39,29,71,110,135,121,112,7,25,27"/><W49/><G39/><T41/><D73/><U24/><E120/><V134/><F74/><W33/><G71/><T77/><D35/><U106/><E64/><V8/><F34/><W104/><G104/><T26/><D41/><U47/><E132/><V100/><F134/><W68/><G7/><T60/><D2/><U51/><E128/><V32/><F32/><W9/><G9/><T89/><D1/><U130/><E130/><V70/><F127/><W46/><G27/><T102/><D77/><U40/><E118/><V45/><F8/><W58/><G58/><N who="0" m="34903" /><D102/><U80/><E106/><V86/><F100/><W10/><G59/><T11/><D11/><U91/><E103/><V56/><F28/><W79/><G29/><T4/><D4/><U14/><E91/><V72/><F72/><W108/><G10/><AGARI ba="0,0" hai="10,14,16,19,20,24,40,44,47,48,51,52,80,83" machi="10" ten="30,12000,2" yaku="7,1,8,1,52,2,54,2" doraHai="13" who="1" fromWho="3" sc="240,0,279,120,101,0,380,-120" owari="240,-16.0,399,50.0,101,-40.0,260,6.0" /></mjloggm>