<mjloggm ver="2.3"><GO type="169" lobby="0"/><UN n0="%E9%8A%80%E8%89%B2%E8%87%AA%E8%BB%A2%E8%BB%8A" n1="%73%68%6F%6F%74%33%39" n2="%E3%82%A6%E3%83%AB%E3%83%88%E3%83%A9%E7%AB%8B%E7%9B%B4" n3="%E3%83%94%E3%82%AB%E5%90%BE%E9%83%8E" dan="16,19,17,16" rate="2037.98,2292.52,2181.67,2144.26" sx="M,M,M,M"/><TAIKYOKU oya="0"/><INIT seed="0,0,0,4,2,66" ten="250,250,250,250" oya="0" hai0="106,104,48,113,103,22,41,128,4,21,89,39,61" hai1="123,23,32,19,53,72,132,83,79,77,91,129,51" hai2="47,125,43,14,81,1,0,49,5,26,107,100,109" hai3="131,117,64,92,71,130,114,54,6,70,60,55,126"/><T74/><D74/><U120/><E32/><V93/><F107/><W134/><G6/><T28/><D39/><U112/><E132/><V115/><F115/><W86/><G117/><T44/><D4/><U17/><E129/><N who="3" m="49162" /><G114/><T10/><D10/><U88/><E112/><V12/><F12/><W121/><G134/><T95/><D113/><U82/><E51/><V133/><F26/><W27/><G126/><T58/><D128/><U75/><E53/><N who="3" m="19978" /><G27/><T73/><D41/><U97/><E97/><V102/><F43/><W76/><G121/><T90/><D28/><U118/><REACH who="1" step="1"/><E23/><REACH who="1" ten="250,240,250,250" step="2"/><V63/><F133/><W110/><G110/><T69/><D22/><U2/><E2/><V78/><F109/><W105/><G105/><T13/><D21/><U101/><E101/><V40/><F100/><W9/><G9/><T25/><D103/><U37/><E37/><V16/><F102/><W96/><G96/><T11/><D106/><U20/><E20/><V62/><F1/><W119/><G119/><AGARI ba="0,1" hai="17,19,72,75,77,79,82,83,88,91,118,119,120,123" machi="119" ten="25,6400,0" yaku="1,1,22,2,54,1,53,0" doraHai="66" doraHaiUra="7" who="1" fromWho="3" sc="250,0,240,74,250,0,250,-64" /><INIT seed="1,0,0,3,1,64" ten="250,314,250,186" oya="1" hai0="6,125,12,10,33,128,118,97,67,43,3,89,1" hai1="61,40,19,30,110,73,11,51,101,80,108,66,120" hai2="59,23,57,98,5,62,9,25,133,56,69,0,7" hai3="90,52,87,99,70,127,94,46,8,63,119,76,34"/><U86/><E120/><V44/><F133/><W60/><G34/><T131/><D67/><U53/><E73/><V117/><F117/><W65/><G127/><T50/><D33/><U24/><E101/><V111/><F111/><N who="1" m="42537" /><E40/><V112/><F112/><W124/><G124/><T107/><D125/><U96/><E96/><V132/><F132/><W93/><G119/><T106/><D118/><U4/><E19/><V116/><F116/><W13/><G76/><T75/><D75/><U92/><E92/><V109/><F109/><W113/><G113/><T2/><D43/><U26/><E30/><V91/><F7/><W78/><G78/><T38/><D38/><U74/><E74/><V88/><F98/><W82/><G99/><T54/><D89/><N who="1" m="51399" /><E51/><V48/><F88/><W21/><G21/><T17/><D97/><U68/><E53/><V29/><F91/><W100/><G100/><T55/><D17/><U15/><AGARI ba="0,0" hai="4,11,15,24,26,61,66,68" m="51399,42537" machi="15" ten="30,6000,0" yaku="14,1,10,1,52,1" doraHai="64" who="1" fromWho="1" sc="250,-20,314,60,250,-20,186,-20" /><INIT seed="1,1,0,1,4,53" ten="230,374,230,166" oya="1" hai0="109,32,6,115,46,8,104,72,47,88,41,85,0" hai1="79,94,35,124,86,1,4,43,106,65,54,132,73" hai2="10,9,118,89,100,31,19,114,36,84,101,15,135" hai3="75,38,55,87,56,50,98,18,60,39,82,13,102"/><U63/><E106/><V52/><F36/><W125/><G75/><T62/><D32/><U93/><E35/><V34/><F118/><W58/><G125/><T11/><D72/><U130/><E73/><V80/><F114/><W27/><G27/><T66/><D104/><U103/><E43/><V128/><F128/><W81/><G81/><T131/><D131/><U116/><E116/><V112/><F112/><W122/><G122/><T20/><D109/><U107/><E54/><V2/><F135/><W117/><G117/><T33/><D33/><U16/><E124/><V133/><F133/><W91/><G98/><T92/><D115/><U64/><E64/><V14/><F2/><W71/><G102/><T40/><D20/><U113/><E113/><V99/><F31/><W83/><G82/><T5/><D40/><U3/><E130/><V22/><F34/><W127/><G71/><T76/><D76/><U67/><E79/><V57/><F99/><W44/><G127/><T96/><D41/><U21/><E103/><N who="2" m="39499" /><F15/><W25/><G25/><T12/><REACH who="0" step="1"/><D96/><REACH who="0" ten="220,374,230,166" step="2"/><U37/><E132/><V134/><F134/><W29/><G39/><T108/><D108/><U77/><E37/><V51/><AGARI ba="1,1" hai="9,10,14,19,22,51,52,57,80,84,89" m="39499" machi="51" ten="30,4000,0" yaku="8,1,52,1,54,1" doraHai="53" who="2" fromWho="2" sc="220,-11,374,-21,230,53,166,-11" /><INIT seed="2,0,0,2,5,81" ten="209,353,283,155" oya="2" hai0="45,79,43,17,114,112,65,49,24,15,106,96,101" hai1="70,51,34,39,52,108,12,27,104,86,56,54,85" hai2="20,37,77,125,93,76,109,68,46,82,75,0,131" hai3="117,9,128,105,35,48,59,66,38,44,90,83,64"/><V62/><F125/><W132/><G105/><T107/><D107/><U135/><E104/><V5/><F131/><W74/><G35/><T4/><D65/><U115/><E115/><V92/><F77/><W3/><G117/><T123/><D123/><U121/><E39/><V7/><F5/><W69/><G69/><T28/><D4/><U111/><E70/><V16/><F109/><N who="1" m="42057" /><E135/><V127/><F127/><W116/><G74/><T119/><D119/><U47/><E12/><V1/><F62/><W126/><G9/><T100/><D100/><U6/><E6/><V31/><F31/><W53/><G3/><T124/><D79/><U41/><E121/><V26/><F68/><W88/><G126/><T113/><D124/><U102/><E102/><V99/><F99/><W84/><G116/><T8/><REACH who="0" step="1"/><D112/><REACH who="0" ten="199,353,283,155" step="2"/><U42/><E42/><N who="2" m="22863" /><F1/><W91/><G132/><T13/><D13/><U80/><E41/><V58/><F7/><W21/><G128/><T60/><D60/><N who="1" m="35847" /><E80/><V94/><F0/><W23/><G64/><T61/><D61/><U32/><E27/><V134/><F134/><W133/><G133/><T57/><D57/><U72/><E72/><V2/><F58/><W110/><G110/><T11/><D11/><U19/><E19/><V129/><F2/><W10/><G10/><T25/><D25/><U29/><E29/><V120/><F129/><W71/><G71/><T118/><D118/><U130/><E130/><V103/><F120/><W36/><G66/><T50/><D50/><U67/><E67/><V30/><F30/><W97/><G38/><T14/><D14/><RYUUKYOKU ba="0,1" sc="199,10,353,10,283,10,155,-30" hai0="8,15,17,24,28,43,45,49,96,101,106,113,114" hai1="32,34,47,51,54,85,86" hai2="16,20,26,75,76,82,92,93,94,103" /><INIT seed="2,1,1,5,3,19" ten="209,363,293,125" oya="2" hai0="52,123,21,79,78,89,0,107,87,20,42,57,28" hai1="64,12,26,121,17,10,77,8,132,110,106,65,39" hai2="90,111,30,44,112,51,62,73,117,13,74,134,88" hai3="6,101,16,2,82,102,118,67,75,35,96,91,40"/><V14/><F117/><W61/><G35/><T27/><D107/><U130/><E39/><V60/><F30/><W86/><G75/><T36/><D0/><U63/><E106/><V113/><F44/><W81/><G82/><T29/><D123/><U94/><E121/><V69/><F51/><W98/><G40/><T3/><D3/><U7/><E110/><V122/><F69/><W37/><G6/><T92/><D42/><U70/><E130/><V18/><F18/><W84/><G2/><T71/><D71/><U83/><E132/><V32/><F122/><W45/><G86/><T50/><D36/><U93/><E65/><V1/><F1/><W46/><G37/><T100/><D100/><U105/><E105/><V55/><F55/><W53/><G67/><T76/><REACH who="0" step="1"/><D29/><REACH who="0" ten="199,363,293,125" step="2"/><U135/><E70/><V119/><F119/><W131/><G102/><T72/><D72/><U38/><E38/><V103/><F103/><W114/><G101/><T97/><D97/><U116/><E116/><V34/><F134/><W104/><G104/><T59/><D59/><U126/><E135/><V68/><F68/><W108/><G118/><T48/><D48/><U109/><E109/><AGARI ba="1,2" hai="13,14,32,34,60,62,73,74,88,90,109,111,112,113" machi="109" ten="25,4800,0" yaku="22,2,54,1" doraHai="19" who="2" fromWho="1" sc="199,0,363,-51,293,71,125,0" /><INIT seed="2,2,0,4,4,30" ten="199,312,364,125" oya="2" hai0="123,69,79,131,47,93,120,56,43,10,107,85,68" hai1="87,62,124,54,98,111,51,86,14,103,1,26,20" hai2="74,118,59,104,122,0,28,72,3,121,46,17,34" hai3="91,53,71,11,97,116,12,58,88,129,39,22,105"/><V134/><F59/><W110/><G71/><T18/><D107/><U64/><E1/><N who="2" m="587" /><F46/><W19/><G110/><T73/><D73/><N who="2" m="28266" /><F17/><W55/><G129/><T115/><D18/><U63/><E111/><V9/><F9/><W102/><G39/><T119/><D10/><U33/><E14/><V31/><F31/><W49/><G116/><T82/><D56/><U130/><E130/><V42/><F42/><W90/><G55/><T125/><D47/><U133/><E20/><V66/><F66/><W52/><G53/><T101/><D43/><U67/><E54/><V84/><F84/><W2/><G2/><T16/><D85/><U6/><E87/><V37/><F118/><W27/><REACH who="3" step="1"/><G91/><REACH who="3" ten="199,312,364,115" step="2"/><T48/><D119/><U57/><E67/><V23/><F37/><W65/><G65/><T92/><D131/><U44/><E64/><V70/><F70/><W89/><G89/><T7/><D69/><U4/><E57/><V77/><F122/><W96/><G96/><T128/><D68/><U25/><E98/><V61/><F121/><W113/><G113/><T76/><D128/><U126/><E44/><V109/><F109/><W75/><G75/><T99/><D120/><U80/><E62/><V35/><F61/><W45/><G45/><T127/><D123/><U100/><E63/><V78/><F78/><W114/><G114/><T94/><D115/><U13/><E51/><V21/><F77/><W29/><AGARI ba="2,1" hai="11,12,19,22,27,29,49,52,58,88,90,97,102,105" machi="29" ten="20,12000,2" yaku="1,1,0,1,7,1,54,2,53,1" doraHai="30" doraHaiUra="95" who="3" fromWho="3" sc="199,-32,312,-32,364,-62,115,136" /><INIT seed="3,0,0,3,2,8" ten="167,280,302,251" oya="3" hai0="104,128,59,82,98,109,74,47,67,54,42,7,36" hai1="22,122,18,73,116,44,52,94,115,113,48,85,19" hai2="51,11,78,27,117,83,24,66,53,80,77,118,133" hai3="25,135,21,37,38,63,10,121,55,123,90,108,50"/><W70/><G135/><T0/><D109/><U127/><E122/><V97/><F66/><W89/><G38/><T134/><D128/><U64/><E73/><V31/><F133/><W114/><G37/><T30/><D134/><U106/><E106/><V125/><F125/><W96/><G114/><T35/><D67/><U12/><E127/><V119/><F97/><W132/><G132/><T92/><D104/><U39/><E116/><V32/><F11/><W34/><G34/><T5/><D0/><U33/><E33/><V111/><F24/><W43/><G43/><T62/><D30/><U2/><E2/><V46/><F111/><W101/><G108/><T56/><D35/><U71/><E39/><V6/><F6/><W17/><G63/><T1/><D59/><U86/><E115/><V49/><F49/><W29/><G70/><T88/><REACH who="0" step="1"/><D1/><REACH who="0" ten="157,280,302,251" step="2"/><U120/><E113/><V40/><F32/><W130/><G130/><T23/><D23/><U84/><E64/><V76/><F31/><W93/><G121/><T69/><D69/><U61/><E71/><V58/><F117/><W15/><G123/><T131/><D131/><U28/><E120/><V3/><F3/><W60/><G60/><T57/><D57/><AGARI ba="0,1" hai="10,15,17,21,25,29,50,55,57,89,90,93,96,101" machi="57" ten="30,5800,0" yaku="7,1,8,1,52,1" doraHai="8" who="3" fromWho="0" sc="157,-58,280,0,302,0,251,68" /><INIT seed="3,1,0,1,0,106" ten="99,280,302,319" oya="3" hai0="88,35,52,68,103,9,27,21,104,113,10,115,65" hai1="121,99,117,20,132,5,28,57,66,94,51,75,39" hai2="30,98,123,84,64,96,80,95,114,125,25,102,107" hai3="29,18,79,111,54,8,43,133,12,129,81,118,47"/><W135/><G118/><T11/><D35/><U49/><E39/><V22/><F114/><N who="0" m="43530" /><D104/><U69/><E69/><V122/><F125/><W41/><G29/><T19/><D103/><U92/><E121/><V42/><F42/><W108/><G54/><T91/><D65/><U120/><E120/><N who="2" m="46123" /><F64/><W15/><G15/><T73/><D68/><U58/><E66/><V7/><F7/><W40/><G47/><T126/><D126/><U36/><E5/><V34/><F34/><W61/><G61/><T16/><D73/><U2/><E75/><V37/><F37/><W78/><G129/><T82/><D82/><U50/><E36/><V67/><F67/><W109/><G79/><T86/><D86/><AGARI ba="1,0" hai="8,12,18,40,41,43,78,81,86,108,109,111,133,135" machi="86" ten="50,4800,0" yaku="14,1,10,1" doraHai="106" who="3" fromWho="0" sc="99,-51,280,0,302,0,319,51" /><INIT seed="3,2,0,1,4,11" ten="48,280,302,370" oya="3" hai0="49,38,59,4,68,75,107,8,82,96,18,88,111" hai1="27,62,97,92,72,124,34,37,83,46,130,35,26" hai2="89,54,58,60,28,17,134,0,108,133,95,106,47" hai3="2,22,48,84,21,116,73,78,104,122,30,23,90"/><W16/><G2/><T119/><D68/><U109/><E124/><V102/><F0/><W77/><G104/><T117/><D38/><U5/><E130/><V71/><F28/><W76/><G73/><T65/><D111/><U69/><E109/><V6/><F6/><W74/><G74/><T24/><D107/><U3/><E27/><V100/><F108/><W12/><G116/><T123/><D123/><U86/><E26/><V29/><F29/><W81/><G122/><T113/><D113/><U41/><E86/><V14/><F47/><W25/><REACH who="3" step="1"/><G48/><REACH who="3" ten="48,280,302,360" step="2"/><T135/><D135/><U131/><E72/><V127/><F106/><W32/><AGARI ba="2,1" hai="12,16,21,22,23,25,30,32,76,77,78,81,84,90" machi="32" ten="30,12000,1" yaku="1,1,2,1,0,1,52,1,54,1,53,0" doraHai="11" doraHaiUra="70" who="3" fromWho="3" sc="48,-42,280,-42,302,-42,360,136" /><INIT seed="3,3,0,0,4,104" ten="6,238,260,496" oya="3" hai0="19,115,126,20,101,103,6,127,60,131,31,71,12" hai1="56,11,91,92,135,37,84,17,50,35,86,96,117" hai2="23,52,113,72,74,9,79,15,124,5,42,64,53" hai3="89,7,73,26,108,111,109,116,128,30,75,59,106"/><W47/><G116/><T58/><D71/><U122/><E122/><V68/><F113/><W85/><G106/><T39/><D115/><U130/><E37/><V3/><F42/><W67/><G128/><T14/><D39/><U98/><E35/><V114/><F114/><W55/><G47/><T123/><D31/><U65/><E130/><V105/><F105/><W46/><G46/><T43/><D43/><U118/><E135/><V76/><F64/><W78/><G7/><T97/><D123/><U0/><E86/><V82/><F68/><W93/><G78/><T110/><D110/><U29/><E29/><V94/><F94/><W28/><G67/><T48/><D48/><U69/><E69/><V80/><F124/><N who="0" m="47658" /><D131/><U132/><E132/><V51/><F51/><W16/><G16/><AGARI ba="3,0" hai="3,5,9,15,16,23,52,53,72,74,76,79,80,82" machi="16" ten="40,8000,1" yaku="9,1,52,2,54,2" doraHai="104" who="2" fromWho="3" sc="6,0,238,0,260,89,496,-89" /><INIT seed="4,0,0,3,1,73" ten="6,238,349,407" oya="0" hai0="128,80,16,57,86,108,12,101,18,130,75,0,93" hai1="2,133,77,51,32,84,83,37,132,44,117,98,62" hai2="67,23,104,64,15,29,135,38,79,113,74,121,103" hai3="97,41,59,35,5,24,30,9,134,47,65,88,119"/><T4/><D75/><U28/><E2/><V40/><F121/><W39/><G134/><N who="1" m="51818" /><E117/><V54/><F135/><W85/><G97/><N who="0" m="59567" /><D0/><U131/><E131/><N who="0" m="50217" /><D57/><U105/><E37/><V102/><F113/><W91/><G119/><T126/><D126/><U95/><E105/><V52/><F40/><W36/><G36/><T127/><D127/><U96/><E62/><V20/><F38/><W34/><G59/><T110/><D4/><U92/><E92/><V106/><F74/><W33/><G65/><T21/><D18/><U68/><E68/><V42/><F42/><W89/><REACH who="3" step="1"/><G85/><REACH who="3" ten="6,238,349,397" step="2"/><T17/><D17/><U14/><E98/><V6/><F6/><W81/><G81/><T27/><D27/><U43/><E96/><V70/><F70/><W111/><G111/><N who="0" m="42539" /><D80/><U61/><E83/><V7/><F7/><W125/><G125/><T22/><D86/><U66/><E84/><V53/><F67/><W26/><G26/><T19/><D19/><U90/><E66/><V60/><F64/><W112/><G112/><T72/><D72/><U11/><E28/><V114/><F29/><W129/><G129/><T82/><D82/><U116/><E116/><V3/><F114/><W46/><G46/><T87/><D87/><U25/><E44/><V76/><F3/><AGARI ba="0,1" hai="3,5,9,24,30,33,34,35,39,41,47,88,89,91" machi="3" ten="40,2600,0" yaku="1,1,54,1,53,0" doraHai="73" doraHaiUra="8" who="3" fromWho="2" sc="6,0,238,0,349,-26,397,36" /><INIT seed="5,0,0,3,4,123" ten="6,238,323,433" oya="1" hai0="40,33,91,43,77,20,92,65,93,106,75,127,32" hai1="19,105,112,98,66,110,120,85,124,107,86,89,62" hai2="103,132,0,118,24,102,39,109,31,78,87,11,95" hai3="53,56,129,59,17,104,55,37,35,7,117,54,60"/><U122/><E124/><V67/><F39/><W34/><G104/><T28/><D20/><U12/><E112/><V30/><F132/><W71/><G37/><T47/><D65/><U1/><E1/><V36/><F36/><W21/><G7/><T94/><D28/><U5/><E5/><V22/><F118/><W63/><G117/><T113/><D77/><U4/><E4/><V99/><F103/><W130/><G55/><T135/><D75/><U45/><E45/><V41/><F31/><W42/><G42/><T52/><D91/><U61/><E110/><V121/><F41/><W115/><G71/><T44/><D94/><U108/><E108/><V119/><F119/><W82/><G82/><T13/><D13/><U90/><E12/><V79/><F121/><W88/><G88/><T72/><D72/><U69/><E69/><V29/><F29/><W74/><G74/><T125/><D106/><U2/><E2/><V46/><F46/><W83/><G83/><T14/><D14/><U58/><E19/><V49/><F87/><W114/><G17/><T100/><D100/><U68/><E68/><V81/><F81/><W50/><G50/><T6/><D6/><U73/><E73/><V96/><F49/><W15/><G15/><T64/><D64/><U18/><E18/><V48/><F48/><W57/><G59/><T10/><D10/><U9/><E66/><V27/><F67/><W23/><AGARI ba="0,0" hai="21,23,34,35,53,54,56,57,60,63,114,115,129,130" machi="23" ten="25,3200,0" yaku="0,1,22,2" doraHai="123" who="3" fromWho="3" sc="6,-8,238,-16,323,-8,433,32" owari="-2,-50.0,222,-18.0,315,12.0,465,56.0" /></mjloggm>