<mjloggm ver="2.3"><GO type="169" lobby="0"/><UN n0="%E3%82%A6%E3%83%AB%E3%83%88%E3%83%A9%E7%AB%8B%E7%9B%B4" n1="%E3%82%8C%E3%81%A3%E3%81%A6%E3%82%8B" n2="%6D%65%24%6F" n3="%E9%9B%80%CE%B2%CE%BF%D1%83" dan="16,16,17,17" rate="2117.98,2074.67,2116.80,2124.11" sx="M,M,M,M"/><TAIKYOKU oya="0"/><INIT seed="0,0,0,4,0,93" ten="250,250,250,250" oya="0" hai0="74,0,105,67,32,37,115,44,95,127,12,120,109" hai1="30,89,108,54,116,107,33,56,19,53,125,49,79" hai2="113,48,99,118,28,80,36,92,2,81,63,1,70" hai3="132,73,11,111,133,31,84,60,123,38,82,8,124"/><T134/><RYUUKYOKU type="yao9" ba="0,0" sc="250,0,250,0,250,0,250,0" hai0="0,12,32,37,44,67,74,95,105,109,115,120,127,134" /><INIT seed="0,1,0,2,5,34" ten="250,250,250,250" oya="0" hai0="130,98,9,135,116,81,24,71,62,5,10,64,92" hai1="52,109,7,17,91,74,22,70,45,89,95,69,68" hai2="124,108,47,96,132,13,83,118,40,125,112,28,86" hai3="114,113,73,25,49,115,75,29,43,60,57,2,66"/><T133/><D116/><U6/><E74/><V93/><F118/><W50/><G2/><T119/><D119/><U88/><E109/><V111/><F112/><W131/><G131/><T80/><D24/><U46/><E95/><V0/><F0/><W59/><G50/><T11/><D5/><U63/><E63/><V44/><F28/><W126/><G126/><N who="2" m="48745" /><F13/><W15/><G15/><T122/><D122/><U84/><E84/><V61/><F61/><W102/><G102/><T23/><D23/><U38/><E38/><N who="2" m="21527" /><F47/><W117/><G117/><T121/><D121/><U107/><E107/><V56/><F56/><W35/><REACH who="3" step="1"/><G43/><REACH who="3" ten="250,250,250,240" step="2"/><T134/><D130/><U3/><E3/><V77/><F132/><W82/><G82/><T26/><D26/><U18/><E7/><V106/><F106/><W12/><G12/><T128/><D128/><U20/><E6/><V42/><F42/><W78/><G78/><T19/><D19/><U76/><E76/><V30/><F30/><W100/><G100/><AGARI ba="1,1" hai="9,10,11,62,64,71,80,81,92,98,100,133,134,135" machi="100" ten="50,2400,0" yaku="20,1" doraHai="34" who="0" fromWho="3" sc="250,37,250,0,250,0,240,-27" /><AGARI ba="1,0" hai="77,83,86,93,96,100,108,111" m="21527,48745" machi="100" ten="30,1000,0" yaku="18,1" doraHai="34" who="2" fromWho="3" sc="287,0,250,0,250,10,213,-10" /><INIT seed="0,2,0,3,1,34" ten="287,250,260,203" oya="0" hai0="3,76,80,102,11,82,53,128,73,29,134,5,99" hai1="56,114,115,78,40,51,71,22,55,122,57,66,75" hai2="88,18,60,49,50,84,132,0,28,24,41,54,65" hai3="98,111,94,17,61,44,91,58,62,37,8,38,101"/><T47/><D128/><U87/><E75/><V121/><F121/><W130/><G130/><T16/><D134/><U90/><E78/><V112/><F112/><W1/><G111/><T64/><D29/><U77/><E77/><V68/><F132/><W106/><G61/><T120/><D64/><U43/><E22/><V86/><F0/><W69/><G69/><T4/><D120/><U93/><E122/><V42/><F18/><W116/><G116/><T63/><D5/><U19/><E19/><V110/><F110/><W74/><G74/><T83/><D16/><U135/><E135/><V6/><F6/><W85/><G44/><T113/><D113/><U39/><E57/><V97/><F97/><W127/><G127/><T109/><D109/><U89/><E89/><V104/><F104/><W27/><G27/><T20/><D20/><U23/><E23/><V13/><F13/><W70/><G70/><T119/><D119/><U59/><E59/><V31/><F84/><W72/><G72/><T118/><D118/><U32/><E32/><V7/><F7/><W33/><G33/><T129/><D129/><U30/><E30/><V126/><F126/><W125/><G106/><T46/><D63/><N who="1" m="40415" /><E43/><N who="2" m="16395" /><F54/><N who="3" m="34135" /><G125/><T2/><D2/><U52/><E55/><V21/><F31/><W67/><G67/><T79/><D53/><U117/><E117/><V105/><F105/><N who="3" m="63671" /><G1/><T14/><D3/><U131/><E131/><V45/><F45/><AGARI ba="2,0" hai="39,40,45,51,52,56,87,90,93,114,115" m="40415" machi="45" ten="30,2000,0" yaku="24,1,54,1" doraHai="34" who="1" fromWho="2" sc="287,0,250,26,260,-26,203,0" /><INIT seed="1,0,0,1,2,132" ten="287,276,234,203" oya="1" hai0="34,98,86,47,106,107,109,104,55,126,41,63,7" hai1="129,75,52,65,113,87,39,27,88,99,57,91,78" hai2="16,111,77,49,101,9,72,68,26,45,110,24,119" hai3="50,92,58,128,37,32,30,12,40,69,29,31,11"/><U70/><E113/><V53/><F68/><W36/><G69/><T102/><D34/><U51/><E75/><V44/><F119/><W83/><G32/><T67/><D7/><U71/><E39/><V103/><F72/><W42/><G128/><T93/><D55/><U105/><E78/><V96/><F77/><W5/><G92/><T46/><D109/><N who="2" m="41482" /><F45/><W114/><G114/><T22/><D22/><U89/><E129/><V115/><F115/><W3/><G3/><T133/><D133/><U15/><E27/><N who="2" m="10283" /><F96/><W20/><G20/><T97/><D97/><U116/><E116/><V6/><F16/><N who="3" m="8223" /><G36/><T130/><D86/><U8/><E87/><V66/><F66/><W35/><G37/><T60/><D67/><U135/><E65/><V13/><AGARI ba="0,0" hai="6,9,13,44,49,53,101,103" m="10283,41482" machi="13" ten="30,1100,0" yaku="14,1" doraHai="132" who="2" fromWho="2" sc="287,-3,276,-5,234,11,203,-3" /><INIT seed="2,0,0,0,3,40" ten="284,271,245,200" oya="2" hai0="79,86,93,88,106,132,60,84,49,59,52,76,94" hai1="10,123,57,90,81,118,25,51,96,121,114,34,41" hai2="2,13,87,85,124,105,67,133,71,12,62,115,134" hai3="122,103,104,8,17,135,69,101,4,5,68,3,11"/><V80/><F2/><W21/><G122/><T107/><D132/><N who="2" m="50794" /><F115/><W23/><G135/><T99/><D106/><U119/><E114/><V18/><F105/><W64/><G104/><T46/><D107/><U44/><E10/><N who="2" m="6423" /><F124/><W14/><G64/><N who="0" m="38943" /><D86/><N who="2" m="32778" /><F13/><W117/><G117/><T42/><D42/><U22/><E34/><V112/><F112/><W73/><G73/><T82/><D94/><N who="1" m="56407" /><E81/><AGARI ba="0,0" hai="62,67,71,80,81" m="32778,6423,50794" machi="81" ten="30,1500,0" yaku="20,1" doraHai="40" who="2" fromWho="1" sc="284,0,271,-15,245,15,200,0" /><INIT seed="2,1,0,4,4,113" ten="284,256,260,200" oya="2" hai0="95,37,129,92,12,36,131,57,40,59,132,133,80" hai1="8,17,84,25,111,134,108,114,21,46,28,127,109" hai2="27,125,87,103,35,33,74,117,61,110,115,106,100" hai3="44,94,116,13,135,118,124,104,71,52,50,32,128"/><V68/><F115/><W98/><G71/><T14/><REACH who="0" step="1"/><D80/><REACH who="0" ten="274,256,260,200" step="2"/><U5/><E114/><V34/><F110/><W9/><G128/><T22/><D22/><N who="1" m="15415" /><E127/><V81/><F125/><W18/><G118/><T30/><D30/><U2/><E134/><V78/><F34/><W69/><G124/><T47/><D47/><U1/><E46/><V42/><F117/><W39/><G116/><T49/><D49/><U73/><E73/><V130/><F130/><W85/><G135/><T75/><D75/><U31/><E31/><V107/><F33/><W72/><G32/><T16/><D16/><U63/><E63/><V45/><F74/><W122/><G72/><T66/><D66/><U101/><E17/><V102/><F35/><W62/><G122/><T60/><D60/><U3/><E21/><V55/><F61/><W29/><G29/><T70/><D70/><U65/><E65/><V38/><F68/><W126/><G126/><T120/><D120/><U23/><E23/><V0/><F45/><W53/><G62/><T86/><D86/><U48/><E48/><V112/><F112/><W4/><G69/><T19/><D19/><U90/><E84/><V64/><F64/><W99/><G18/><T58/><D58/><U123/><E123/><V11/><F87/><W88/><G39/><T20/><D20/><U56/><E56/><V121/><F121/><W7/><G7/><T67/><D67/><U54/><E108/><V89/><F81/><N who="3" m="49199" /><G53/><T91/><D91/><U97/><E90/><V79/><F89/><N who="3" m="55631" /><G99/><T10/><D10/><U76/><E111/><V93/><F11/><RYUUKYOKU ba="1,1" sc="274,15,256,-15,260,-15,200,15" hai0="12,14,36,37,40,57,59,92,95,129,131,132,133" hai3="4,9,13,44,50,52,104" /><INIT seed="3,2,1,5,2,20" ten="289,241,245,215" oya="3" hai0="68,91,83,32,18,94,50,46,66,124,62,15,47" hai1="64,79,22,54,106,40,93,125,19,7,3,60,42" hai2="90,63,112,81,110,57,130,73,99,65,35,107,70" hai3="34,6,67,52,101,97,59,36,120,5,134,108,28"/><W113/><G120/><T121/><D32/><U43/><E106/><V37/><F112/><W117/><G113/><T41/><D121/><U23/><E3/><V61/><F37/><W126/><G117/><T25/><D124/><U11/><E79/><V115/><F115/><W9/><G126/><T38/><D83/><U48/><E7/><V128/><F110/><W133/><G36/><T84/><D47/><N who="1" m="27935" /><E125/><V45/><F45/><W55/><G108/><T102/><D102/><U10/><E93/><V8/><F8/><N who="1" m="3113" /><E19/><V88/><F35/><W119/><G119/><T39/><REACH who="0" step="1"/><D15/><REACH who="0" ten="279,241,245,215" step="2"/><U16/><E42/><V29/><F81/><W0/><G34/><T123/><D123/><U86/><E40/><V96/><F128/><W31/><G5/><T114/><D114/><U100/><E43/><V78/><F130/><W77/><G77/><T135/><D135/><N who="3" m="51721" /><G31/><T51/><D51/><U44/><E44/><V109/><F29/><W122/><G28/><T116/><D116/><U92/><E100/><V72/><F109/><W129/><G129/><T1/><D1/><U12/><E12/><V75/><F78/><W132/><G122/><T53/><D53/><U89/><E64/><N who="2" m="38959" /><F90/><W74/><G74/><T14/><D14/><N who="1" m="9495" /><E60/><V2/><F2/><W111/><G111/><T24/><D24/><U13/><E13/><V27/><F27/><W127/><G127/><T76/><D76/><U56/><E56/><V95/><F73/><W103/><N who="3" m="51729" /><W118/><DORA hai="21" /><G118/><T69/><D69/><U17/><E89/><V87/><F75/><W105/><G103/><T85/><D85/><RYUUKYOKU ba="2,2" sc="279,15,241,-15,245,-15,215,15" hai0="18,25,38,39,41,46,50,62,66,68,84,91,94" hai3="0,6,9,52,55,59,67,97,101,105" /><INIT seed="3,3,2,4,5,2" ten="294,226,230,230" oya="3" hai0="113,45,117,59,77,29,126,21,9,54,65,87,84" hai1="22,30,23,41,42,124,85,109,3,55,128,49,48" hai2="70,8,111,82,110,18,11,33,105,52,58,103,6" hai3="19,27,34,13,64,43,39,56,91,118,47,122,76"/><W0/><G118/><T94/><D117/><U123/><E123/><V4/><F70/><W7/><G122/><T80/><D126/><U25/><E3/><V37/><F37/><W71/><G71/><T95/><D113/><U24/><E124/><V101/><F33/><W44/><G76/><T12/><D65/><U73/><E73/><V38/><F38/><W26/><G47/><T135/><D135/><U46/><E109/><N who="2" m="41483" /><F18/><W97/><G34/><T57/><D87/><U5/><E128/><V79/><F8/><W90/><G26/><N who="0" m="16591" /><D45/><N who="1" m="28079" /><E5/><N who="2" m="2155" /><F11/><W112/><G27/><T36/><D36/><U108/><E108/><V53/><F105/><W134/><G134/><T31/><D31/><N who="1" m="17823" /><E85/><N who="2" m="48351" /><F52/><AGARI ba="3,2" hai="22,25,30,41,42,46,48,52" m="17823,28079" machi="52" ten="30,2000,0" yaku="8,1,54,1" doraHai="2" who="1" fromWho="2" sc="294,0,226,49,230,-29,230,0" /><INIT seed="4,0,0,2,3,13" ten="294,275,201,230" oya="0" hai0="93,125,73,95,103,1,18,118,67,134,64,37,16" hai1="51,44,85,5,111,133,81,32,20,78,42,80,96" hai2="61,63,7,62,126,55,12,102,19,107,130,121,28" hai3="27,76,29,84,83,9,34,56,39,53,15,113,79"/><T122/><D37/><U97/><E32/><V129/><F121/><W4/><G113/><T109/><D1/><U124/><E111/><V120/><F120/><W98/><G39/><T70/><D73/><U74/><E133/><V48/><F28/><W68/><G68/><T123/><D70/><U8/><E20/><V65/><F65/><N who="0" m="25162" /><D118/><U50/><E50/><V119/><F119/><W11/><G98/><N who="0" m="59855" /><D123/><U69/><E69/><V94/><F107/><W14/><G79/><T131/><D122/><U0/><E124/><V25/><F126/><W59/><REACH who="3" step="1"/><G53/><REACH who="3" ten="294,275,201,220" step="2"/><T101/><D125/><U100/><E100/><V132/><F102/><W47/><G47/><T89/><D131/><U87/><E74/><V23/><F129/><W75/><G75/><T3/><D109/><U6/><E78/><V66/><F130/><W30/><G30/><T115/><D115/><U99/><E96/><V104/><F66/><W116/><G116/><T128/><D128/><U58/><E97/><V117/><F117/><W86/><G86/><T135/><D101/><U41/><E99/><V45/><F104/><W91/><G91/><T17/><D135/><U2/><E44/><V92/><F132/><W35/><G35/><T21/><D134/><U108/><E108/><V26/><F45/><W60/><G60/><T106/><D106/><U49/><E58/><V46/><F62/><W31/><G31/><T88/><D3/><U110/><E110/><V71/><F71/><W10/><G10/><AGARI ba="0,1" hai="0,2,5,6,8,10,41,42,49,51,80,81,85,87" machi="10" ten="25,1600,0" yaku="22,2" doraHai="13" who="1" fromWho="3" sc="294,0,275,26,201,0,220,-16" /><INIT seed="5,0,0,5,3,104" ten="294,301,201,204" oya="1" hai0="24,29,129,8,70,130,91,105,23,112,62,12,77" hai1="134,53,128,25,73,10,111,103,33,90,4,87,34" hai2="124,16,35,48,18,81,43,98,26,65,21,2,100" hai3="59,122,57,125,76,92,13,123,7,116,31,52,38"/><U109/><E103/><V106/><F2/><W74/><G38/><T17/><D105/><U85/><E128/><N who="0" m="49257" /><D77/><U131/><E134/><V3/><F3/><W108/><G108/><T75/><D91/><U107/><E107/><V41/><F124/><W20/><G125/><T66/><D112/><U99/><E99/><V82/><F35/><W78/><G116/><T42/><D42/><U44/><E25/><V69/><F18/><W133/><G133/><T71/><D71/><U72/><E131/><V27/><F27/><W114/><G114/><T6/><D75/><N who="1" m="28747" /><E53/><V61/><REACH who="2" step="1"/><F41/><REACH who="2" ten="294,301,191,204" step="2"/><W80/><G122/><T117/><D117/><U9/><E34/><V32/><F32/><W54/><G123/><T45/><D45/><AGARI ba="0,1" hai="16,21,26,43,45,48,61,65,69,81,82,98,100,106" machi="45" ten="40,2600,0" yaku="1,1,54,1,53,0" doraHai="104" doraHaiUra="84" who="2" fromWho="0" sc="294,-26,301,0,191,36,204,0" /><INIT seed="6,0,0,5,4,79" ten="268,301,227,204" oya="2" hai0="57,78,106,133,27,125,48,86,127,46,35,26,97" hai1="132,88,45,107,109,22,19,119,0,128,130,102,59" hai2="33,54,44,83,120,50,99,110,90,84,69,77,4" hai3="1,67,93,129,100,3,34,74,113,29,23,13,49"/><V66/><F33/><W43/><G74/><T8/><D57/><U73/><E109/><V95/><F110/><W122/><G122/><T92/><D8/><U9/><E119/><V96/><F120/><W55/><G129/><T76/><D133/><U63/><E73/><V32/><F32/><W89/><G100/><T118/><D118/><U105/><E132/><V51/><F4/><W61/><G43/><T85/><D85/><U111/><E45/><V75/><REACH who="2" step="1"/><F51/><REACH who="2" ten="268,301,217,204" step="2"/><W94/><G34/><T52/><D35/><U103/><E111/><V135/><F135/><W82/><G113/><T65/><D127/><U2/><E128/><V53/><F53/><W12/><G55/><T56/><D125/><U124/><E130/><V68/><F68/><W114/><G49/><T31/><D48/><U38/><E124/><V30/><F30/><W121/><G114/><T39/><D31/><U81/><E105/><V11/><F11/><W62/><G121/><T58/><D106/><U42/><E107/><V101/><F101/><W98/><G29/><T24/><D52/><U126/><E126/><V36/><F36/><W104/><G104/><T131/><D39/><U17/><E9/><V10/><F10/><W60/><G23/><T7/><D7/><U123/><E22/><V25/><F25/><W40/><G67/><T15/><D65/><U64/><E64/><V108/><F108/><W116/><G116/><T117/><D27/><U91/><E38/><V71/><F71/><W28/><G28/><T16/><D117/><U47/><E123/><V70/><F70/><W80/><G40/><RYUUKYOKU ba="0,1" sc="268,-10,301,-10,217,30,204,-10" hai2="44,50,54,66,69,75,77,83,84,90,95,96,99" /><INIT seed="6,1,1,5,4,23" ten="258,291,247,194" oya="2" hai0="39,127,94,118,20,102,24,90,3,2,51,9,33" hai1="95,119,111,71,68,105,63,135,108,57,80,58,115" hai2="82,134,54,124,56,25,50,30,132,62,59,0,19" hai3="22,91,6,106,133,69,43,78,123,21,27,103,99"/><V84/><F0/><W77/><G123/><T16/><D39/><U109/><E105/><V37/><F37/><W55/><G133/><N who="2" m="51305" /><F19/><W74/><G74/><T93/><D127/><U41/><E135/><V104/><F104/><W49/><G69/><T29/><D118/><U32/><E32/><N who="2" m="20559" /><F124/><W48/><G6/><T67/><D67/><U65/><E119/><V107/><F107/><W4/><G4/><T28/><D28/><U1/><E1/><V129/><F129/><W46/><G91/><T64/><D9/><U117/><E117/><V15/><F15/><W73/><G73/><T101/><D64/><U122/><E122/><V14/><F14/><W92/><G106/><T66/><D66/><U8/><E65/><N who="2" m="39111" /><F84/><W112/><G112/><T61/><D3/><U98/><E115/><V75/><F75/><W81/><G81/><AGARI ba="1,1" hai="50,54,59,81,82" m="39111,20559,51305" machi="81" ten="30,2900,0" yaku="20,1,52,1" doraHai="23" who="2" fromWho="3" sc="258,0,291,0,247,42,194,-32" /><INIT seed="6,2,0,4,0,128" ten="258,291,289,162" oya="2" hai0="4,36,109,67,92,54,89,114,122,18,45,78,24" hai1="103,105,97,110,77,88,115,47,121,46,60,15,42" hai2="127,6,104,50,131,63,25,53,73,31,117,81,134" hai3="90,33,3,112,10,11,22,13,59,41,132,75,91"/><V124/><F117/><W76/><G33/><T84/><D122/><U119/><E110/><V43/><F104/><W130/><G130/><T28/><D109/><U5/><E77/><V35/><F131/><W55/><G112/><T2/><D114/><U106/><E115/><V61/><F6/><W52/><G41/><T62/><D4/><U64/><E121/><V120/><F43/><W26/><G3/><T102/><D2/><U17/><E5/><V107/><F107/><W32/><G32/><T38/><D78/><U29/><E29/><V27/><F27/><W113/><G113/><T49/><D18/><U70/><E119/><V44/><F120/><W12/><G76/><T20/><REACH who="0" step="1"/><D102/><REACH who="0" ten="248,291,289,162" step="2"/><U111/><E111/><V7/><F7/><W72/><G26/><T96/><D96/><U57/><E103/><V74/><F124/><W1/><G1/><T94/><D94/><U82/><E97/><V85/><F127/><W16/><G22/><T23/><D23/><U123/><E123/><V83/><F25/><W93/><G93/><T99/><D99/><U40/><E105/><V69/><F35/><W58/><REACH who="3" step="1"/><G16/><REACH who="3" ten="248,291,289,152" step="2"/><T87/><D87/><N who="1" m="50295" /><E106/><V108/><F108/><W66/><G66/><T39/><D39/><U116/><E17/><V98/><F85/><W125/><G125/><T19/><D19/><U34/><E34/><V118/><F118/><W14/><G14/><T86/><D86/><U48/><E15/><V9/><F98/><W133/><AGARI ba="2,2" hai="10,11,12,13,52,55,58,59,72,75,90,91,132,133" machi="133" ten="25,12000,2" yaku="1,1,0,1,22,2,52,2,54,1,53,0" doraHai="128" doraHaiUra="80" who="3" fromWho="3" sc="248,-32,291,-32,289,-62,152,146" /><INIT seed="7,0,0,0,3,128" ten="216,259,227,298" oya="3" hai0="121,112,106,65,90,61,54,40,48,70,63,105,126" hai1="86,8,35,98,84,108,83,88,97,74,44,14,82" hai2="43,115,59,103,72,96,52,17,39,10,15,26,109" hai3="2,101,71,67,1,81,42,31,55,20,77,58,57"/><W87/><G71/><T18/><D121/><U32/><E108/><V21/><F72/><W16/><G42/><T85/><D126/><U36/><E74/><V11/><F109/><W46/><G31/><T135/><D112/><U56/><E36/><V134/><F115/><W3/><G101/><T0/><D0/><U27/><E44/><V120/><F120/><W73/><G67/><T47/><D18/><U12/><E56/><V33/><F33/><W113/><G113/><T89/><D89/><U122/><E122/><V13/><F39/><W50/><REACH who="3" step="1"/><G73/><REACH who="3" ten="216,259,227,288" step="2"/><T99/><D99/><U62/><E97/><V75/><F43/><W123/><G123/><T4/><D106/><U127/><E98/><V6/><F75/><W19/><G19/><T124/><D105/><U37/><E37/><V49/><F103/><W79/><G79/><T38/><D124/><U102/><E102/><V24/><F96/><W110/><G110/><T69/><D4/><U41/><E41/><V131/><F131/><W95/><G95/><T9/><D90/><U107/><E88/><V133/><F24/><AGARI ba="0,1" hai="1,2,3,16,20,24,46,50,55,57,58,77,81,87" machi="24" ten="40,3900,0" yaku="1,1,54,1,53,0" doraHai="128" doraHaiUra="28" who="3" fromWho="2" sc="216,0,259,0,227,-39,288,49" owari="216,-18.0,259,6.0,188,-31.0,337,43.0" /></mjloggm>