<mjloggm ver="2.3"><GO type="97" lobby="0"/><UN n0="%E3%81%BB%E3%81%BC%E9%AB%98%E7%9F%A5" n1="%6A%75%72%69%65%73%75" n2="%E3%82%A6%E3%83%AB%E3%83%88%E3%83%A9%E7%AB%8B%E7%9B%B4" n3="%6B%61%75" dan="15,15,13,14" rate="2034.84,1914.41,1876.23,1985.86" sx="M,M,M,M"/><TAIKYOKU oya="0"/><INIT seed="0,0,0,5,4,105" ten="250,250,250,250" oya="0" hai0="30,117,8,2,96,72,36,134,107,25,44,127,71" hai1="101,109,116,124,48,87,28,111,4,32,95,102,40" hai2="17,58,123,90,99,27,35,11,103,118,74,3,59" hai3="82,65,73,104,53,64,55,114,88,110,7,133,108"/><T31/><D117/><U33/><E116/><V113/><F118/><W98/><G114/><T92/><D107/><U84/><E4/><V23/><F113/><W45/><G7/><T100/><D71/><U125/><E40/><V63/><F123/><W81/><G133/><T97/><D97/><U54/><E28/><V132/><F132/><W106/><G45/><T129/><D134/><U75/><E95/><V120/><F120/><W76/><G64/><T61/><D61/><U52/><E48/><V19/><F35/><W112/><G65/><T80/><D129/><U21/><E21/><V24/><F74/><AGARI ba="0,0" hai="32,33,52,54,74,75,84,87,101,102,109,111,124,125" machi="74" ten="25,8000,1" yaku="22,2,52,2,54,1" doraHai="105" who="1" fromWho="2" sc="250,0,250,80,250,-80,250,0" /><INIT seed="1,0,0,0,3,65" ten="250,330,170,250" oya="1" hai0="79,120,74,70,11,102,60,106,108,110,61,2,63" hai1="78,96,43,94,0,69,51,57,1,91,81,99,71" hai2="64,55,66,125,26,23,32,101,15,134,56,98,31" hai3="45,38,12,97,36,59,14,133,121,73,77,3,116"/><U117/><E117/><V114/><F125/><W103/><G121/><T92/><D120/><U24/><E24/><V8/><F134/><W122/><G3/><T54/><D106/><U82/><E1/><V89/><F32/><W113/><G122/><T58/><D74/><U20/><E0/><V93/><F89/><W104/><G113/><T39/><D39/><U47/><E99/><V118/><F118/><W30/><G116/><T52/><D79/><U67/><E20/><V84/><F84/><W86/><G73/><T62/><D2/><U112/><E112/><V4/><REACH who="2" step="1"/><F114/><REACH who="2" ten="250,330,160,250" step="2"/><W127/><G127/><T22/><D110/><U129/><E129/><V105/><F105/><W46/><G86/><T7/><D108/><U72/><E82/><V42/><F42/><W6/><G77/><T37/><D102/><U88/><E91/><V28/><F28/><W115/><G115/><T123/><D123/><U9/><E81/><V100/><F100/><W19/><G30/><T83/><D83/><U40/><E78/><V132/><F132/><W21/><G133/><T17/><D92/><U34/><E34/><V126/><F126/><W119/><G119/><T48/><D70/><U18/><E72/><V13/><F13/><W109/><G12/><T5/><D37/><U29/><E94/><V27/><F27/><W107/><G38/><T10/><D5/><U50/><E69/><V53/><F53/><W111/><G36/><T49/><D52/><U85/><E71/><V35/><F35/><W131/><G111/><T130/><D54/><U16/><E43/><V135/><F135/><RYUUKYOKU ba="0,1" sc="250,-10,330,-10,160,30,250,-10" hai2="4,8,15,23,26,31,55,56,64,66,93,98,101" /><INIT seed="2,1,1,3,0,12" ten="240,320,190,240" oya="2" hai0="65,49,88,56,82,73,109,116,60,15,66,4,45" hai1="98,37,25,17,95,22,23,51,75,96,34,76,0" hai2="126,62,53,124,91,21,120,119,8,36,107,20,117" hai3="111,14,29,61,10,99,63,113,52,125,26,80,131"/><V7/><F107/><W102/><G113/><T18/><D109/><U100/><E37/><V48/><F36/><W78/><G111/><T86/><D73/><U57/><E0/><V130/><F120/><W93/><G131/><T127/><D127/><N who="2" m="48682" /><F62/><W81/><G125/><T32/><D32/><U105/><E34/><V38/><F91/><W84/><G80/><T47/><D116/><N who="2" m="44618" /><F38/><W135/><G135/><T16/><D66/><U24/><E76/><V64/><F64/><W79/><G79/><T114/><D114/><U43/><E75/><V74/><F74/><W108/><G108/><T104/><D104/><U92/><E98/><V46/><F130/><W69/><G69/><T50/><D4/><U132/><E132/><V89/><F89/><W3/><G3/><AGARI ba="1,1" hai="3,7,8,20,21,46,48,53" m="44618,48682" machi="3" ten="30,1500,0" yaku="18,1" doraHai="12" who="2" fromWho="3" sc="240,0,320,0,190,28,240,-18" /><INIT seed="2,2,0,1,3,10" ten="240,320,218,222" oya="2" hai0="110,86,76,97,81,51,5,25,108,11,32,77,70" hai1="115,30,135,66,45,121,47,75,107,71,68,7,1" hai2="104,40,64,50,106,93,21,56,6,89,36,33,120" hai3="82,101,57,53,124,133,130,132,37,122,103,26,116"/><V34/><F120/><W35/><G122/><T123/><D123/><U59/><E121/><RYUUKYOKU type="kaze4" ba="2,0" sc="240,0,320,0,218,0,222,0" /><INIT seed="2,3,0,4,3,86" ten="240,320,218,222" oya="2" hai0="87,31,66,91,107,41,49,131,92,51,79,14,135" hai1="54,100,126,23,35,74,61,97,106,103,122,64,8" hai2="90,127,52,10,22,120,83,46,59,104,117,28,130" hai3="75,99,134,44,124,38,113,109,24,26,98,47,55"/><V101/><F120/><W72/><G124/><T6/><D107/><U71/><E35/><V93/><F117/><W3/><G3/><T116/><D131/><U73/><E126/><V119/><F119/><W25/><G109/><T15/><D116/><U58/><E122/><V82/><F127/><W57/><G134/><T18/><D135/><U89/><E103/><V2/><F130/><W96/><G38/><T115/><D115/><U7/><E23/><V19/><F101/><W132/><G132/><T76/><D31/><U63/><REACH who="1" step="1"/><E89/><REACH who="1" ten="240,310,218,222" step="2"/><V45/><F104/><W114/><G57/><T118/><D91/><U34/><E34/><V77/><F10/><W33/><G33/><T88/><D88/><U108/><E108/><V95/><F28/><W56/><G56/><T37/><D79/><U16/><E16/><V30/><F30/><W48/><REACH who="3" step="1"/><G47/><REACH who="3" ten="240,310,218,212" step="2"/><T70/><D118/><U11/><E11/><V17/><F46/><W9/><G9/><T85/><D70/><U112/><E112/><AGARI ba="3,2" hai="24,25,26,44,48,55,72,75,96,98,99,112,113,114" machi="112" ten="50,3200,0" yaku="1,1,11,1,53,0" doraHai="86" doraHaiUra="65" who="3" fromWho="1" sc="240,0,310,-41,218,0,212,61" /><INIT seed="3,0,0,0,1,15" ten="240,269,218,273" oya="3" hai0="71,132,17,93,133,54,59,2,134,111,1,27,32" hai1="91,14,123,48,118,63,49,116,30,16,5,22,78" hai2="41,58,67,40,6,10,47,129,82,11,70,79,105" hai3="53,0,3,33,64,95,100,107,36,117,110,7,35"/><W98/><G117/><N who="1" m="45162" /><E123/><V92/><F105/><W65/><G65/><T75/><D71/><U101/><E101/><V42/><F129/><W108/><G53/><T90/><D75/><U72/><E63/><N who="2" m="38391" /><F92/><W114/><G114/><T61/><D111/><N who="3" m="42537" /><G64/><T12/><D27/><N who="1" m="16759" /><E5/><V62/><F62/><W104/><G36/><T99/><REACH who="0" step="1"/><D32/><REACH who="0" ten="230,269,218,273" step="2"/><N who="3" m="12361" /><G7/><T43/><D43/><U102/><E72/><V124/><F70/><W68/><G68/><T50/><D50/><U127/><E49/><V60/><F41/><W86/><G107/><T45/><D45/><U76/><E48/><V8/><F6/><W97/><G86/><T121/><D121/><U57/><E57/><V39/><F42/><W46/><G46/><T34/><D34/><U73/><E73/><V89/><F47/><W4/><G4/><T52/><D52/><U128/><E128/><V74/><F40/><W87/><G87/><T81/><D81/><U9/><E127/><V26/><F39/><W115/><G115/><T19/><D19/><U122/><E122/><V96/><F124/><W112/><G112/><T119/><D119/><U31/><E31/><V51/><F51/><W55/><G55/><T37/><D37/><U25/><E25/><V94/><F60/><W20/><G3/><T29/><D29/><U83/><E83/><V85/><F74/><W120/><G0/><T106/><D106/><U24/><E24/><AGARI ba="0,1" hai="8,10,11,24,26,79,82,85,89,94,96" m="38391" machi="24" ten="30,1000,0" yaku="8,1" doraHai="15" who="2" fromWho="1" sc="230,0,269,-10,218,20,273,0" /><INIT seed="4,0,0,2,0,22" ten="230,259,238,273" oya="0" hai0="101,86,5,78,85,68,53,120,42,108,77,11,123" hai1="7,17,91,52,23,98,21,19,6,18,20,56,130" hai2="51,104,125,96,15,35,2,129,92,80,27,112,109" hai3="110,126,119,128,95,58,47,65,105,94,134,70,72"/><T46/><D68/><U90/><E130/><V50/><F104/><W43/><G119/><T66/><D66/><U121/><E121/><V25/><F2/><W37/><G128/><T26/><D101/><U10/><E98/><V57/><F129/><W14/><G110/><T63/><D108/><U28/><E28/><V69/><F69/><W32/><G105/><T75/><D75/><U76/><E76/><V82/><F109/><W0/><G0/><T100/><D100/><U73/><E73/><V99/><F35/><W114/><G70/><T9/><D63/><N who="1" m="36231" /><E10/><V30/><F30/><W106/><G106/><T45/><D42/><U59/><E59/><V54/><F112/><W31/><G72/><T107/><D107/><U81/><E81/><N who="2" m="31339" /><F125/><W4/><G114/><T1/><D1/><U33/><E33/><V34/><F34/><W132/><G32/><T97/><D53/><U49/><E49/><V79/><F79/><W83/><G126/><T24/><D97/><N who="2" m="37450" /><F51/><W67/><G132/><T3/><D3/><U133/><E133/><V88/><F15/><W40/><G37/><T135/><D135/><U16/><N who="1" m="4608" /><DORA hai="84" /><U74/><E74/><V102/><F102/><W113/><G113/><T38/><D38/><U122/><E122/><V64/><F64/><W39/><G39/><T87/><D86/><AGARI ba="0,0" hai="25,27,50,54,57,86,88,92" m="37450,31339" machi="86" ten="30,8000,1" yaku="8,1,52,3,54,1" doraHai="22,84" who="2" fromWho="0" sc="230,-80,259,0,238,80,273,0" owari="150,-35.0,259,-14.0,318,42.0,273,7.0" /></mjloggm>