<mjloggm ver="2.3"><GO type="97" lobby="0"/><UN n0="%E5%BE%A1%E7%A4%BE%E3%82%AB%E3%83%A9%E3%82%B9" n1="%E3%82%A6%E3%83%AB%E3%83%88%E3%83%A9%E7%AB%8B%E7%9B%B4" n2="%75%72%6F%63%68%69%74%61" n3="%E7%89%8C%E5%BE%97%E6%84%9F%E2%99%AA" dan="15,14,14,13" rate="1958.05,1972.54,1937.77,1953.91" sx="M,M,M,F"/><TAIKYOKU oya="0"/><INIT seed="0,0,0,0,1,104" ten="250,250,250,250" oya="0" hai0="118,13,122,121,119,74,7,86,135,41,132,90,115" hai1="16,120,111,92,38,103,106,30,39,8,26,114,126" hai2="69,80,133,25,50,3,29,43,73,110,58,61,60" hai3="22,20,95,17,130,102,87,100,63,129,55,72,31"/><T131/><D41/><U78/><E120/><N who="0" m="46185" /><D13/><U79/><E111/><V6/><F60/><W108/><G108/><T32/><D32/><U134/><E134/><N who="0" m="51241" /><D7/><U113/><E126/><V54/><F133/><W62/><G31/><T123/><D123/><U68/><E106/><V28/><F28/><W19/><G87/><T48/><D48/><U9/><E68/><V125/><F125/><W10/><G95/><N who="0" m="54743" /><D115/><U109/><E109/><V11/><F110/><W45/><G45/><T21/><D21/><U36/><E30/><V105/><F105/><W89/><G10/><T77/><D131/><U46/><E46/><V57/><F69/><W51/><G51/><T66/><D66/><U98/><E26/><V24/><F43/><W33/><G33/><T2/><D2/><U56/><E56/><V107/><F107/><W70/><G70/><T117/><D117/><U53/><E53/><V88/><F29/><W40/><G40/><T83/><AGARI ba="0,0" hai="74,77,83,118,119" m="54743,51241,46185" machi="83" ten="40,12000,1" yaku="20,1,34,2,52,1" doraHai="104" who="0" fromWho="0" sc="250,120,250,-40,250,-40,250,-40" /><INIT seed="0,1,0,3,4,83" ten="370,210,210,210" oya="0" hai0="5,135,30,89,13,23,96,66,101,18,47,71,85" hai1="81,1,55,93,54,50,109,134,105,46,118,0,43" hai2="70,63,115,104,8,40,3,67,14,113,27,122,128" hai3="7,17,65,87,38,129,61,123,36,33,112,20,73"/><T32/><D135/><U125/><E105/><V44/><F122/><W92/><G73/><T80/><D5/><U117/><E134/><V84/><F84/><W64/><G33/><T76/><D47/><U111/><E93/><V31/><F104/><W106/><G106/><T15/><D32/><U51/><E81/><V10/><F3/><W35/><G35/><T56/><D71/><U94/><E94/><V74/><F74/><W39/><G112/><T119/><D30/><U34/><E34/><V4/><F10/><W120/><G7/><T130/><D130/><U79/><E79/><V41/><F128/><W21/><G129/><T107/><D119/><U45/><E1/><V99/><F99/><W91/><G21/><T69/><D69/><U57/><E0/><V26/><F41/><W22/><G20/><T42/><D42/><U53/><E125/><V11/><F11/><W86/><G86/><T58/><D66/><U62/><REACH who="1" step="1"/><E43/><REACH who="1" ten="370,200,210,210" step="2"/><V16/><F16/><W25/><REACH who="3" step="1"/><G61/><REACH who="3" ten="370,200,210,200" step="2"/><T126/><D126/><U88/><E88/><V78/><F113/><W97/><G97/><T132/><D132/><U2/><E2/><V28/><F115/><W48/><G48/><T77/><D89/><U60/><E60/><V68/><F63/><W133/><G133/><T82/><D77/><U100/><E100/><V95/><F78/><W9/><G9/><T12/><D80/><U59/><E59/><V103/><F8/><W52/><G52/><T110/><D56/><U37/><E37/><V127/><F103/><W98/><G98/><T24/><D58/><U121/><E121/><AGARI ba="1,2" hai="17,22,25,36,38,39,64,65,87,91,92,120,121,123" machi="121" ten="50,8000,1" yaku="1,1,6,1,13,1,52,1,53,1" doraHai="83" doraHaiUra="19" who="3" fromWho="1" sc="370,0,200,-83,210,0,200,103" /><INIT seed="1,0,0,3,2,70" ten="370,117,210,303" oya="1" hai0="33,92,20,30,87,24,55,80,88,43,101,123,124" hai1="62,93,73,23,34,65,28,6,42,10,21,100,46" hai2="52,3,128,39,83,103,79,119,48,110,120,9,44" hai3="13,19,135,50,105,47,36,113,106,59,115,5,75"/><U85/><E73/><V26/><F119/><W96/><G75/><T82/><D124/><U112/><E112/><V111/><F120/><W133/><G5/><T78/><D123/><U104/><E104/><N who="3" m="40042" /><G59/><T91/><D43/><U127/><E127/><V45/><F103/><W72/><G96/><N who="0" m="59527" /><D33/><U71/><E34/><V130/><F26/><W117/><G72/><T58/><D80/><U22/><E28/><V49/><F9/><N who="3" m="6575" /><G117/><T54/><D54/><U41/><E46/><V56/><F3/><W116/><G36/><T61/><AGARI ba="0,0" hai="20,24,30,55,58,61,78,82,87,88,91" m="59527" machi="61" ten="30,2000,0" yaku="8,1,54,1" doraHai="70" who="0" fromWho="0" sc="370,20,117,-10,210,-5,303,-5" /><INIT seed="2,0,0,1,5,95" ten="390,107,205,298" oya="2" hai0="43,27,94,135,20,36,106,10,12,5,77,46,128" hai1="9,57,101,87,129,117,78,72,47,3,88,1,85" hai2="133,0,31,21,34,6,64,134,97,60,50,93,111" hai3="73,69,81,131,18,70,40,55,42,115,51,65,35"/><V124/><F34/><W132/><G35/><T121/><D121/><U54/><E117/><V7/><F0/><W127/><G81/><T91/><D106/><U41/><E129/><V2/><F2/><W71/><G73/><T98/><D128/><U19/><E101/><V67/><F124/><W79/><G79/><T109/><D109/><U28/><E28/><V30/><F111/><W16/><G131/><T123/><D123/><U108/><E108/><V96/><F50/><W44/><G127/><T80/><D135/><N who="2" m="51722" /><F21/><W119/><G119/><T100/><D77/><U86/><E72/><V13/><F13/><W120/><G120/><T107/><D80/><U126/><E126/><V17/><F17/><W61/><G132/><T113/><D113/><U45/><E78/><V116/><F116/><W103/><G103/><T39/><D107/><U90/><E3/><V68/><F67/><W24/><G115/><T33/><D33/><U104/><E104/><V58/><F68/><W59/><G24/><T110/><D100/><U52/><E1/><V125/><F125/><W118/><G118/><T32/><D32/><U105/><E105/><V25/><F25/><W66/><G66/><T76/><D110/><U11/><E19/><V122/><F122/><W22/><G18/><T8/><D76/><U53/><E57/><V63/><F63/><W92/><G92/><T14/><D27/><U99/><E99/><N who="2" m="37963" /><F93/><W23/><G23/><T102/><D20/><U112/><E112/><V48/><F48/><W75/><G22/><T49/><D102/><U37/><E45/><V56/><F56/><RYUUKYOKU ba="0,0" sc="390,10,107,10,205,10,298,-30" hai0="5,8,10,12,14,36,39,43,46,49,91,94,98" hai1="9,11,37,41,47,52,53,54,85,86,87,88,90" hai2="6,7,30,31,58,60,64" /><INIT seed="2,1,0,5,2,56" ten="400,117,215,268" oya="2" hai0="85,116,65,119,110,15,53,94,19,44,89,84,67" hai1="32,7,9,120,66,72,12,26,50,63,97,43,20" hai2="109,37,1,98,118,87,54,121,10,62,17,115,46" hai3="108,70,48,111,28,49,80,18,105,68,23,90,76"/><V106/><F121/><W100/><G90/><N who="0" m="53575" /><D110/><N who="3" m="42025" /><G28/><T60/><D60/><U36/><E72/><V47/><F109/><W83/><G100/><T69/><D69/><N who="3" m="26729" /><G105/><T127/><D127/><U57/><E120/><V95/><F118/><N who="0" m="45098" /><D53/><U5/><E32/><V64/><F115/><W39/><G39/><T75/><D44/><N who="1" m="25887" /><E36/><V113/><F106/><W101/><G101/><T99/><D99/><U133/><E133/><V45/><F113/><W8/><G8/><N who="0" m="6631" /><D75/><U22/><E97/><V112/><F37/><W135/><G135/><T93/><AGARI ba="1,0" hai="65,67,85,89,93" m="6631,45098,53575" machi="93" ten="30,1100,0" yaku="12,1" doraHai="56" who="0" fromWho="0" sc="400,14,117,-4,215,-6,268,-4" /><INIT seed="3,0,0,3,5,9" ten="414,113,209,264" oya="3" hai0="45,15,80,57,73,74,35,61,94,123,3,84,18" hai1="48,58,11,62,90,34,121,43,5,114,124,86,68" hai2="70,66,133,65,21,51,17,126,122,8,125,29,72" hai3="56,102,13,89,87,105,79,112,2,95,118,91,78"/><W12/><G2/><T109/><D3/><U85/><E124/><V97/><F72/><W4/><G112/><T129/><D35/><U96/><E121/><V132/><F122/><W36/><G36/><T47/><D123/><U99/><E114/><V103/><F70/><W6/><G118/><T104/><D104/><U107/><E34/><V59/><F29/><W101/><G105/><T75/><D109/><U33/><E33/><V88/><F8/><W16/><G56/><T110/><D94/><U134/><E134/><N who="2" m="51819" /><F51/><W14/><G16/><T40/><D129/><U113/><E113/><V28/><F59/><W32/><G32/><T135/><D135/><U115/><E68/><V26/><F28/><W98/><G91/><T44/><D110/><U41/><E115/><V128/><F128/><W120/><G120/><T22/><D40/><U19/><E19/><V10/><F103/><N who="3" m="39435" /><G98/><T25/><D25/><U116/><E116/><V20/><F10/><W60/><G60/><T83/><REACH who="0" step="1"/><D84/><REACH who="0" ten="404,113,209,264" step="2"/><U46/><E107/><V117/><F117/><W71/><G71/><T82/><D82/><U1/><E43/><V24/><F125/><W42/><G42/><T119/><D119/><U39/><E85/><V63/><F126/><W55/><G55/><AGARI ba="0,1" hai="15,18,22,44,45,47,55,57,61,73,74,75,80,83" machi="55" ten="50,6400,0" yaku="1,1,52,1,53,1" doraHai="9" doraHaiUra="53" who="0" fromWho="3" sc="404,74,113,0,209,0,264,-64" owari="478,58.0,113,-39.0,209,1.0,200,-20.0" /></mjloggm>