<mjloggm ver="2.3"><GO type="97" lobby="0"/><UN n0="%68%6B%5F%6B%69%62%61" n1="%E3%82%A6%E3%83%AB%E3%83%88%E3%83%A9%E7%AB%8B%E7%9B%B4" n2="%E5%85%A8%E8%87%AA%E5%8B%95%E5%8D%93%E3%81%AE%E4%B8%AD%E3%81%AE%E4%BA%BA" n3="%E3%82%AF%E3%83%AC%E3%82%A2" dan="14,14,15,14" rate="2060.71,1952.32,2037.34,1913.77" sx="M,M,M,M"/><TAIKYOKU oya="0"/><INIT seed="0,0,0,4,0,9" ten="250,250,250,250" oya="0" hai0="84,0,83,54,90,97,76,40,116,6,132,124,129" hai1="69,93,53,30,91,101,62,134,50,110,4,12,135" hai2="15,34,98,99,117,60,5,20,64,46,100,45,68" hai3="11,95,88,79,28,55,109,38,74,22,133,39,29"/><T104/><D116/><U96/><E30/><N who="3" m="11882" /><G39/><T21/><D40/><U128/><E110/><V65/><F34/><W14/><G38/><T13/><D0/><U16/><E4/><V121/><F121/><W24/><G74/><T72/><D124/><U70/><E101/><V131/><F131/><W80/><G133/><N who="1" m="50698" /><E62/><V61/><F117/><W31/><G55/><T44/><D132/><U102/><E102/><V85/><F85/><N who="3" m="48287" /><G109/><T82/><D129/><U107/><E107/><V52/><F52/><W19/><G95/><N who="0" m="54727" /><D54/><U49/><E128/><V56/><F98/><W57/><G57/><T2/><D2/><U7/><E7/><V81/><F81/><W87/><G87/><T86/><D86/><U25/><E25/><V105/><REACH who="2" step="1"/><F5/><REACH who="2" ten="250,250,240,250" step="2"/><W59/><G59/><T27/><D83/><U94/><E94/><V92/><F92/><W122/><G122/><T23/><D6/><U120/><E120/><V112/><F112/><W123/><G123/><T10/><D82/><U118/><E118/><V127/><F127/><W36/><G36/><T47/><D104/><U125/><E125/><V58/><F58/><W8/><G88/><T18/><D97/><U78/><E78/><V48/><F48/><N who="1" m="18537" /><E53/><V51/><F51/><W37/><G37/><T33/><D76/><U17/><E70/><V114/><F114/><W106/><G106/><T77/><D77/><U41/><E69/><V103/><F103/><W67/><G67/><T32/><D32/><U43/><E43/><V108/><F108/><W63/><G63/><T35/><D33/><U66/><E41/><V3/><F3/><RYUUKYOKU ba="0,1" sc="250,-15,250,-15,240,15,250,15" hai2="15,20,45,46,56,60,61,64,65,68,99,100,105" hai3="8,11,14,19,22,24,31" /><INIT seed="1,1,1,1,5,6" ten="235,235,255,265" oya="1" hai0="49,66,40,58,81,118,113,14,72,111,31,109,97" hai1="11,22,67,125,85,9,99,98,38,10,54,36,27" hai2="69,94,12,83,79,26,106,96,28,103,3,87,92" hai3="134,53,25,43,47,127,65,62,86,20,116,90,23"/><U132/><E38/><V101/><F3/><W110/><G127/><T7/><D113/><U104/><E36/><V119/><F119/><W100/><G116/><T29/><D118/><U30/><E104/><V88/><F69/><W121/><G121/><T112/><D97/><N who="1" m="36875" /><E125/><V4/><F101/><W89/><G134/><T2/><D2/><U63/><E132/><V107/><F94/><W59/><G110/><T84/><D72/><U18/><E85/><V95/><F95/><W34/><G34/><T56/><D112/><U77/><E77/><V17/><F4/><W41/><G23/><T122/><D122/><U126/><E126/><V71/><F71/><W35/><G35/><T33/><D33/><U115/><E115/><V37/><F37/><W46/><G100/><T15/><D84/><U52/><E30/><V93/><F93/><N who="3" m="54455" /><G90/><T64/><D81/><U114/><E114/><V61/><F61/><W50/><G47/><T82/><D82/><U105/><E105/><V44/><F44/><W8/><G8/><N who="1" m="2050" /><U42/><DORA hai="39" /><E42/><N who="3" m="15882" /><G20/><T5/><D40/><U123/><E123/><V91/><F91/><W70/><G70/><T124/><D124/><U133/><E133/><V57/><F106/><W51/><G51/><AGARI ba="1,1" hai="5,7,14,15,29,31,49,51,56,58,64,66,109,111" machi="51" ten="25,1600,0" yaku="22,2" doraHai="6,39" who="0" fromWho="3" sc="235,29,235,0,255,0,265,-19" /><INIT seed="2,0,0,0,3,43" ten="264,235,255,246" oya="2" hai0="62,28,15,37,129,46,84,5,8,93,122,42,17" hai1="118,23,87,95,130,112,22,2,107,133,4,98,21" hai2="80,108,1,74,24,34,83,128,104,111,91,55,33" hai3="61,113,7,12,6,40,100,94,50,126,70,101,58"/><V10/><F1/><W69/><G69/><T51/><D122/><U60/><E118/><V35/><F104/><W90/><G70/><T31/><D129/><U16/><E112/><V117/><F117/><W135/><G113/><T64/><D37/><U20/><E130/><V115/><F128/><W54/><G135/><T66/><D5/><N who="3" m="1545" /><G12/><T120/><D120/><U29/><E133/><V79/><F10/><W59/><G40/><T73/><D73/><U0/><E107/><V124/><F115/><W67/><G126/><T132/><D132/><U18/><E87/><AGARI ba="0,0" hai="50,54,58,59,61,67,87,90,94,100,101" m="1545" machi="87" ten="30,1000,0" yaku="8,1" doraHai="43" who="3" fromWho="1" sc="264,0,235,-10,255,0,246,10" /><INIT seed="3,0,0,5,4,63" ten="264,225,255,256" oya="3" hai0="98,124,68,48,8,16,11,51,6,64,66,54,112" hai1="110,126,76,70,87,55,135,71,41,123,18,4,97" hai2="29,19,102,93,3,120,50,32,69,43,39,21,44" hai3="113,67,104,31,100,92,34,134,47,37,36,30,62"/><W114/><G134/><T83/><D68/><U105/><E123/><V75/><F120/><W82/><G82/><T25/><D124/><U115/><E115/><N who="3" m="44042" /><G92/><T96/><D83/><U116/><E135/><V111/><F75/><W22/><G22/><N who="0" m="13511" /><D112/><U101/><E126/><V86/><F3/><W65/><G47/><N who="0" m="27935" /><D51/><U52/><E116/><V38/><F69/><N who="3" m="42167" /><G30/><T42/><D42/><U27/><E41/><V46/><F29/><W40/><G67/><N who="0" m="25643" /><D6/><U56/><E4/><V60/><F60/><W26/><G40/><T127/><D127/><U33/><E70/><V24/><F43/><W128/><G128/><T94/><D98/><AGARI ba="0,0" hai="26,31,34,36,37,98,100,104" m="42167,44042" machi="98" ten="30,5800,0" yaku="25,1,23,1,52,1" doraHai="63" who="3" fromWho="0" sc="264,-58,225,0,255,0,256,58" owari="206,-29.0,225,-17.0,255,6.0,314,40.0" /></mjloggm>