<mjloggm ver="2.3"><GO type="97" lobby="0"/><UN n0="%E3%81%8A%E3%81%93%E3%82%93%E5%A7%90%E3%81%95%E3%82%93" n1="%E6%B0%B8%E9%81%A0%E3%81%AB%E3%81%92%E3%82%93%E3%81%9F%E3%82%8D" n2="%E7%A9%BA%E2%98%86%E5%BD%A1%E8%89%B2" n3="%E3%82%A6%E3%83%AB%E3%83%88%E3%83%A9%E7%AB%8B%E7%9B%B4" dan="14,13,15,15" rate="1866.05,1869.10,1958.28,1953.07" sx="F,M,M,M"/><TAIKYOKU oya="0"/><INIT seed="0,0,0,0,4,59" ten="250,250,250,250" oya="0" hai0="87,89,58,110,19,3,66,114,106,127,63,57,99" hai1="0,69,78,77,124,20,135,36,13,61,67,123,56" hai2="111,115,24,93,26,88,109,9,70,64,112,132,120" hai3="17,7,79,62,15,8,40,12,39,76,50,41,90"/><T6/><D114/><N who="2" m="43562" /><F9/><N who="3" m="6287" /><G39/><T75/><D75/><U85/><E135/><V45/><F132/><W11/><G11/><T95/><D127/><U37/><E123/><V35/><F35/><W91/><G50/><T16/><D3/><U101/><E124/><V130/><F45/><W82/><G82/><T116/><D6/><U134/><E134/><V72/><F72/><W104/><G104/><T27/><D116/><U80/><E0/><V118/><F130/><W49/><G49/><T30/><D110/><N who="2" m="41994" /><F120/><W33/><G33/><T31/><D31/><U86/><E101/><V98/><F118/><W133/><G133/><T18/><D106/><U83/><REACH who="1" step="1"/><E69/><REACH who="1" ten="250,240,250,250" step="2"/><V21/><F21/><W122/><G122/><T60/><D99/><U113/><E113/><V103/><F103/><W10/><G10/><T32/><REACH who="0" step="1"/><D19/><AGARI ba="0,1" hai="13,19,20,36,37,56,61,67,77,78,80,83,85,86" machi="19" ten="40,5200,0" yaku="1,1,9,1,52,1,53,0" doraHai="59" doraHaiUra="25" who="1" fromWho="0" sc="250,-52,240,62,250,0,250,0" /><INIT seed="1,0,0,1,0,45" ten="198,302,250,250" oya="1" hai0="21,120,106,76,35,107,33,11,115,81,73,7,67" hai1="51,6,133,10,104,56,79,119,12,1,91,99,116" hai2="38,78,19,24,70,100,94,65,14,42,124,41,40" hai3="5,16,64,92,36,89,8,57,43,25,3,83,113"/><U84/><E133/><V93/><F124/><W127/><G113/><T129/><D115/><U128/><E128/><V132/><F132/><W37/><G127/><T2/><D129/><U46/><E79/><V55/><F78/><W102/><G102/><T50/><D120/><U74/><E74/><V48/><F100/><W125/><G83/><T22/><D67/><U30/><E104/><V17/><F24/><W108/><G125/><T109/><D109/><U90/><E30/><V134/><F134/><W96/><G108/><T118/><D118/><U98/><E56/><V20/><F19/><W18/><G18/><T111/><D111/><U49/><E1/><V9/><F20/><W28/><G43/><T54/><D22/><U123/><E123/><V72/><F72/><W95/><G95/><T80/><D80/><U34/><E34/><V130/><F130/><W131/><G131/><T85/><D73/><U47/><E116/><V88/><F94/><W60/><G16/><T66/><D66/><U87/><E119/><V101/><F101/><W44/><G44/><N who="1" m="16938" /><E87/><N who="2" m="52383" /><F70/><W126/><G126/><T63/><D63/><U27/><E27/><V26/><F65/><W112/><G112/><T23/><D23/><AGARI ba="0,0" hai="3,5,8,23,25,28,36,37,57,60,64,89,92,96" machi="23" ten="30,1000,0" yaku="7,1" doraHai="45" who="3" fromWho="0" sc="198,-10,302,0,250,0,250,10" /><INIT seed="2,0,0,3,0,120" ten="188,302,250,260" oya="2" hai0="48,118,135,115,60,98,126,108,103,96,99,52,125" hai1="9,55,40,106,105,8,10,97,72,38,39,79,57" hai2="66,26,104,95,47,75,0,93,68,84,64,71,123" hai3="128,20,46,121,27,134,4,18,119,23,122,54,51"/><V37/><F84/><W83/><G119/><T43/><D115/><U22/><E22/><V131/><F26/><W80/><G128/><T29/><D118/><U28/><E28/><V34/><F47/><W53/><G134/><T44/><D135/><U7/><E7/><V130/><F104/><W111/><G4/><T76/><D76/><U87/><E72/><V82/><F82/><W74/><G74/><T69/><D29/><U133/><E133/><V63/><F75/><W92/><G92/><N who="2" m="35401" /><F34/><W73/><G73/><T89/><D89/><U129/><E129/><N who="2" m="49163" /><F0/><W13/><G121/><T49/><D103/><U6/><E6/><V85/><F85/><W35/><G35/><T91/><D91/><U58/><E105/><V124/><F37/><W110/><G122/><T88/><D88/><U113/><E39/><V132/><F132/><W67/><G67/><N who="2" m="25641" /><F123/><W45/><G80/><T12/><D12/><U11/><E38/><V21/><F21/><W41/><G83/><T42/><D69/><N who="2" m="26698" /><F63/><W50/><G41/><T62/><D62/><U116/><E11/><V24/><F24/><W78/><G78/><T30/><D30/><AGARI ba="0,0" hai="13,18,20,23,27,30,45,46,50,51,53,54,110,111" machi="30" ten="40,5200,0" yaku="9,1,52,2" doraHai="120" who="3" fromWho="0" sc="188,-52,302,0,250,0,260,52" /><INIT seed="3,0,0,1,0,15" ten="136,302,250,312" oya="3" hai0="73,28,46,67,109,66,47,44,95,94,29,82,63" hai1="124,86,6,105,58,10,113,1,7,14,83,122,38" hai2="74,70,106,123,107,13,8,79,50,25,98,81,115" hai3="127,48,133,116,31,104,2,39,89,90,9,56,49"/><W17/><G39/><T33/><D33/><U119/><E113/><V125/><F123/><W45/><G104/><T88/><D73/><U57/><E122/><V40/><F115/><W61/><G116/><T54/><D109/><U19/><E105/><V135/><F125/><W87/><G127/><T121/><D121/><U101/><E101/><V97/><F135/><W41/><G133/><T62/><D82/><U12/><E124/><V52/><F25/><W78/><G31/><T130/><D130/><U37/><E119/><V3/><F3/><W69/><G69/><T68/><D54/><U65/><E6/><V21/><F21/><W91/><G49/><T120/><D120/><U26/><E26/><V92/><F40/><W22/><G9/><T20/><D20/><U35/><E35/><V30/><F30/><W71/><G71/><T32/><D32/><U59/><E65/><V100/><F98/><W27/><G2/><T36/><D36/><U75/><E75/><V131/><F70/><W128/><G128/><T23/><D23/><U53/><E53/><V76/><F76/><W112/><G112/><T64/><D68/><U60/><E60/><N who="0" m="23081" /><D88/><N who="1" m="51295" /><E1/><V5/><REACH who="2" step="1"/><F131/><REACH who="2" ten="136,302,240,312" step="2"/><W96/><G96/><T126/><D126/><U4/><E38/><V42/><F42/><W117/><G117/><T110/><D110/><U34/><E37/><V55/><F55/><N who="3" m="33951" /><G78/><T0/><D0/><U72/><E34/><V108/><F108/><W99/><G99/><T129/><D129/><U24/><E24/><V114/><F114/><W11/><G87/><T111/><D111/><U93/><E72/><RYUUKYOKU ba="0,1" sc="136,10,302,-30,240,10,312,10" hai0="28,29,44,46,47,64,66,67,94,95" hai2="5,8,13,50,52,74,79,81,92,97,100,106,107" hai3="11,17,22,27,41,45,48,89,90,91" owari="146,-35.0,272,7.0,250,-15.0,332,43.0" /></mjloggm>