<mjloggm ver="2.3"><GO type="41" lobby="0"/><UN n0="%6D%6F%6B%6F" n1="%69%6E%66%6F%31%32%33" n2="%E3%82%8D%E3%81%8F%E3%82%8D" n3="%E3%82%A6%E3%83%AB%E3%83%88%E3%83%A9%E7%AB%8B%E7%9B%B4" dan="13,15,13,15" rate="1818.69,1977.63,1819.69,2022.67" sx="M,M,M,M"/><TAIKYOKU oya="0"/><INIT seed="0,0,0,3,5,115" ten="250,250,250,250" oya="0" hai0="130,40,128,51,10,31,35,79,3,70,109,59,53" hai1="132,72,24,78,134,49,92,112,111,36,119,52,108" hai2="41,56,64,93,16,50,21,89,80,25,29,123,110" hai3="9,75,17,6,114,98,63,30,71,66,113,14,106"/><T107/><D107/><U43/><E112/><V124/><F110/><N who="1" m="42025" /><E92/><V39/><F124/><W125/><G75/><T82/><D109/><U32/><E78/><V96/><F123/><W83/><G125/><T94/><D70/><U34/><E72/><V73/><F39/><W101/><G83/><T46/><D35/><U20/><E43/><V57/><F73/><W18/><G18/><T87/><D31/><N who="1" m="17799" /><E36/><V91/><F29/><W55/><G55/><T4/><REACH who="0" step="1"/><D94/><REACH who="0" ten="240,250,250,250" step="2"/><U129/><E129/><V131/><F131/><W117/><G113/><T84/><D84/><U58/><E119/><V127/><F127/><W126/><G114/><T116/><D116/><U23/><E32/><V26/><F93/><W76/><G126/><T19/><D19/><U97/><E97/><V68/><F16/><W47/><G117/><T99/><D99/><U54/><E34/><V33/><F33/><W85/><G30/><T13/><D13/><U61/><E23/><V135/><F21/><W2/><G17/><T102/><D102/><U62/><E134/><V133/><F135/><W0/><G14/><T100/><D100/><U45/><E132/><V105/><F96/><W122/><G2/><T27/><D27/><U118/><E118/><V120/><F25/><W88/><G101/><T48/><AGARI ba="0,1" hai="3,4,10,40,46,48,51,53,59,79,82,87,128,130" machi="48" ten="30,6000,0" yaku="1,1,0,1,53,1" doraHai="115" doraHaiUra="38" who="0" fromWho="0" sc="240,70,250,-20,250,-20,250,-20" /><INIT seed="0,1,0,1,3,56" ten="310,230,230,230" oya="0" hai0="70,123,53,54,61,125,118,114,116,59,128,95,65" hai1="58,73,134,20,71,94,1,88,98,34,2,68,101" hai2="0,24,107,4,39,103,16,32,126,12,57,7,109" hai3="3,84,55,122,100,97,119,111,75,74,26,90,91"/><T93/><D93/><U44/><E34/><V108/><F39/><W30/><G3/><T48/><D95/><U112/><E73/><V96/><F126/><W21/><G122/><T45/><D125/><U51/><E134/><V8/><F57/><W46/><G119/><N who="0" m="45611" /><D123/><U23/><E112/><V76/><F76/><W115/><G115/><T104/><D104/><U105/><E2/><V49/><F49/><W27/><G111/><N who="2" m="42569" /><F0/><W63/><G97/><T120/><D120/><U81/><E1/><V9/><F9/><W17/><G100/><T37/><D114/><U19/><E71/><V110/><F110/><W11/><G75/><T36/><D128/><U131/><E68/><V6/><F32/><W22/><G74/><T64/><D64/><U92/><E131/><V79/><F79/><W113/><G113/><T80/><D80/><U52/><E44/><V102/><F102/><W83/><G11/><T82/><D82/><U10/><E10/><V35/><F35/><W99/><G99/><T38/><D38/><U60/><E51/><AGARI ba="1,0" hai="36,37,45,48,51,53,54,59,61,65,70" m="45611" machi="51" ten="30,5800,0" yaku="34,2,52,1" doraHai="56" who="0" fromWho="1" sc="310,61,230,-61,230,0,230,0" /><INIT seed="0,2,0,3,4,28" ten="371,169,230,230" oya="0" hai0="128,47,124,90,39,87,92,109,117,25,64,83,57" hai1="129,86,105,107,66,31,13,59,70,100,73,8,93" hai2="95,10,110,76,102,61,62,51,52,130,48,45,126" hai3="119,104,44,3,33,111,29,26,53,131,30,127,27"/><T122/><D117/><U120/><E73/><V19/><F110/><W11/><G104/><T38/><D122/><U133/><E70/><V24/><F130/><W16/><G53/><T54/><D128/><U5/><E129/><V75/><F126/><W56/><G56/><T121/><D124/><U20/><E133/><V0/><F75/><W40/><G131/><T4/><D121/><U42/><E42/><V103/><F76/><W9/><G127/><T63/><D109/><U6/><E6/><V14/><F0/><W12/><G111/><T34/><D4/><U46/><E46/><V43/><F24/><W67/><G67/><T18/><D47/><U112/><E120/><V82/><F82/><W135/><G135/><T114/><D114/><U80/><E112/><V115/><F115/><W50/><G119/><T91/><D64/><U68/><E68/><V106/><F106/><W97/><G97/><T32/><D18/><U96/><E107/><V23/><F10/><W2/><REACH who="3" step="1"/><G11/><REACH who="3" ten="371,169,230,220" step="2"/><T79/><D54/><U118/><E105/><V58/><F103/><W1/><G1/><T125/><D57/><U113/><E113/><V74/><F74/><W49/><G49/><T15/><D125/><U55/><E66/><V77/><F77/><W71/><G71/><T41/><D79/><N who="1" m="46367" /><E118/><V36/><F36/><W7/><G7/><T99/><D38/><U123/><E123/><V89/><REACH who="2" step="1"/><F102/><REACH who="2" ten="371,169,220,220" step="2"/><W17/><G17/><T85/><D39/><U94/><E100/><V81/><F81/><W69/><G69/><T84/><D83/><U65/><E8/><V101/><F101/><RYUUKYOKU ba="2,2" sc="371,-15,169,-15,220,15,220,15" hai2="14,19,23,43,45,48,51,52,58,61,62,89,95" hai3="2,3,9,12,16,26,27,29,30,33,40,44,50" /><INIT seed="1,3,2,3,3,44" ten="356,154,235,235" oya="1" hai0="61,112,58,84,122,41,17,69,60,98,67,57,86" hai1="14,63,29,22,55,115,46,11,94,3,88,133,100" hai2="116,127,70,28,15,120,117,113,134,4,96,59,72" hai3="20,27,102,91,19,125,76,7,1,42,6,12,85"/><U18/><E133/><V92/><F70/><W2/><G76/><T68/><D112/><U50/><E115/><V123/><F72/><W23/><G102/><T49/><D122/><U106/><E106/><V103/><F113/><W79/><G79/><T39/><D39/><U10/><E100/><V62/><F134/><W90/><G42/><T128/><D128/><U24/><E63/><V64/><F123/><W25/><G85/><T37/><D37/><U32/><REACH who="1" step="1"/><E3/><REACH who="1" ten="356,144,235,235" step="2"/><N who="3" m="1034" /><G91/><T71/><D60/><U35/><E35/><V52/><F120/><W81/><G90/><T118/><D61/><U132/><E132/><V110/><F117/><W74/><G74/><T8/><D118/><U107/><E107/><V109/><F116/><W87/><G87/><AGARI ba="3,3" hai="10,11,14,18,22,24,29,32,46,50,55,87,88,94" machi="87" ten="30,11600,0" yaku="1,1,7,1,52,1,54,1,53,0" doraHai="44" doraHaiUra="97" who="1" fromWho="3" sc="356,0,144,155,235,0,235,-125" /><INIT seed="1,4,0,2,1,94" ten="356,299,235,110" oya="1" hai0="21,122,8,127,18,108,6,65,83,106,110,72,107" hai1="53,90,46,84,64,63,73,47,17,42,10,16,119" hai2="103,55,34,78,68,133,28,59,4,27,13,98,29" hai3="9,71,54,132,69,5,30,31,19,105,62,75,38"/><U11/><E73/><V35/><F68/><W116/><G38/><T48/><D122/><U1/><E119/><V33/><F133/><W56/><G75/><T52/><D127/><U51/><E1/><V20/><F78/><W95/><G105/><T23/><D65/><U101/><E101/><V115/><F115/><W121/><G121/><T88/><D106/><U2/><E2/><V44/><F44/><W100/><G132/><T129/><D129/><U102/><E102/><V117/><F117/><W25/><G116/><T57/><D107/><U112/><E112/><V96/><F103/><W45/><G45/><T86/><D72/><U128/><E128/><V67/><F67/><W82/><G82/><T26/><REACH who="0" step="1"/><D21/><REACH who="0" ten="346,299,235,110" step="2"/><U49/><E10/><V104/><F104/><W22/><G69/><T89/><D89/><U60/><E11/><V114/><F114/><W36/><G71/><T79/><D79/><U58/><REACH who="1" step="1"/><E60/><REACH who="1" ten="346,289,235,110" step="2"/><V99/><F35/><W113/><G113/><T120/><D120/><U76/><E76/><V41/><F34/><W87/><G62/><T123/><D123/><U97/><E97/><V126/><F33/><W66/><G100/><T135/><D135/><U118/><E118/><V12/><F126/><W77/><G9/><T91/><D91/><U124/><E124/><V37/><F4/><W40/><G5/><T130/><D130/><U134/><E134/><V93/><F98/><W111/><G77/><T43/><D43/><U14/><E14/><AGARI ba="4,2" hai="6,8,14,18,23,26,48,52,57,83,86,88,108,110" machi="14" ten="40,5200,0" yaku="1,1,54,2,53,0" doraHai="94" doraHaiUra="125" who="0" fromWho="1" sc="346,84,289,-64,235,0,110,0" /><INIT seed="2,0,0,3,5,44" ten="430,225,235,110" oya="2" hai0="42,70,115,21,100,79,83,130,25,53,72,75,22" hai1="3,46,52,49,64,101,58,90,54,41,85,67,32" hai2="27,29,60,122,118,47,36,78,133,4,119,97,61" hai3="13,12,33,88,132,31,45,99,91,8,116,20,40"/><V89/><F122/><W106/><G33/><T7/><D115/><U123/><E3/><V16/><F4/><W38/><G116/><T128/><D70/><U69/><E32/><V114/><F114/><W104/><G132/><T103/><D72/><U43/><E123/><V57/><F78/><W68/><G68/><T17/><D42/><N who="1" m="15883" /><E101/><V71/><F36/><W55/><G55/><T65/><D7/><U6/><E6/><V131/><F131/><N who="0" m="50218" /><D53/><U105/><E105/><V14/><F133/><W56/><G56/><T112/><D65/><U127/><E127/><V96/><F71/><W113/><G113/><T59/><D112/><U121/><E121/><V134/><F134/><W10/><G106/><T125/><D22/><U15/><E15/><V30/><F119/><W35/><G35/><T18/><D18/><U28/><E28/><V37/><F29/><W82/><G10/><T19/><D19/><U84/><E69/><V76/><F37/><W34/><G34/><T110/><D125/><U93/><E85/><V0/><F0/><W74/><G20/><T86/><D21/><U107/><E107/><V109/><F30/><W1/><G31/><T92/><D100/><U108/><E108/><V94/><F118/><W87/><G74/><T81/><D75/><U124/><E124/><V117/><F117/><W26/><G26/><T120/><D25/><U98/><E84/><V135/><F135/><W5/><G104/><T126/><D86/><U102/><E102/><V2/><F2/><W9/><G9/><T63/><D103/><U23/><E23/><V80/><F109/><RYUUKYOKU ba="0,0" sc="430,-15,225,15,235,-15,110,15" hai1="46,49,52,54,58,64,67,90,93,98" hai3="1,5,8,12,13,38,40,45,82,87,88,91,99" /><INIT seed="3,1,0,0,2,68" ten="415,240,220,125" oya="3" hai0="127,39,32,92,130,126,55,134,44,36,13,53,43" hai1="18,20,90,58,5,83,105,57,54,132,22,94,47" hai2="106,108,56,35,60,103,114,37,110,70,82,116,107" hai3="8,27,109,71,121,88,12,24,91,4,34,41,10"/><W89/><G71/><T87/><D32/><U111/><E111/><V63/><F114/><W33/><G121/><T76/><D134/><U64/><E105/><V40/><F116/><W129/><G129/><T45/><D130/><U1/><E83/><V128/><F128/><W124/><G109/><N who="2" m="42089" /><F35/><W30/><G124/><N who="0" m="47659" /><D13/><U131/><E132/><V74/><F70/><W25/><G33/><T46/><D92/><U77/><E77/><N who="2" m="44343" /><F103/><W102/><G102/><T122/><D122/><U17/><E64/><N who="2" m="38919" /><F63/><W93/><G93/><T15/><D15/><U31/><E94/><V118/><F118/><W52/><G8/><T65/><D65/><U59/><E90/><V96/><F96/><W84/><G84/><T11/><D11/><U19/><E131/><V101/><F101/><W38/><REACH who="3" step="1"/><G52/><REACH who="3" ten="415,240,220,115" step="2"/><T51/><D55/><U99/><E54/><V73/><F73/><W67/><G67/><T0/><D87/><U120/><E120/><V14/><F107/><W115/><G115/><T9/><D53/><U50/><E99/><V61/><F106/><W86/><G86/><T98/><D98/><U16/><E22/><V42/><F61/><W79/><G79/><T100/><D76/><U6/><E20/><V95/><F95/><W21/><G21/><T81/><D100/><U113/><E113/><V7/><F42/><W3/><G3/><T112/><D43/><U123/><E1/><V104/><F104/><W85/><G85/><T23/><D112/><U80/><E123/><V72/><F72/><W28/><G28/><T66/><D0/><U133/><N who="1" m="4608" /><DORA hai="29" /><U75/><E133/><RYUUKYOKU ba="1,1" sc="415,-10,240,-10,220,-10,115,30" hai3="4,10,12,24,25,27,30,34,38,41,88,89,91" /><INIT seed="3,2,1,1,3,94" ten="405,230,210,145" oya="3" hai0="18,121,49,41,63,134,72,13,96,59,55,50,91" hai1="110,95,43,22,131,30,65,97,16,5,6,53,109" hai2="129,42,117,79,62,84,0,29,107,114,71,120,14" hai3="66,23,27,92,48,57,99,74,54,58,12,93,11"/><W47/><G74/><T118/><D118/><U85/><E131/><V39/><F29/><W46/><G92/><N who="0" m="56351" /><D121/><U126/><E126/><V56/><F14/><W68/><G68/><T69/><D72/><U9/><E43/><V133/><F84/><W20/><G47/><T89/><D69/><U19/><E65/><V123/><F79/><W8/><G8/><N who="0" m="6439" /><D134/><U81/><E53/><V111/><F56/><N who="3" m="21611" /><G66/><T38/><D38/><U77/><E110/><V130/><F42/><W76/><G76/><T33/><D33/><U132/><E109/><V105/><F62/><W100/><G27/><T119/><D119/><U127/><E127/><V7/><F7/><AGARI ba="2,1" hai="7,11,12,20,23,46,48,54,93,99,100" m="21611" machi="7" ten="30,2900,0" yaku="8,1,52,1" doraHai="94" who="3" fromWho="2" sc="405,0,230,0,210,-35,145,45" /><INIT seed="3,3,0,1,5,27" ten="405,230,175,190" oya="3" hai0="115,48,14,49,4,52,59,17,33,110,62,56,26" hai1="109,94,107,126,10,51,120,50,2,100,20,13,86" hai2="78,38,47,90,93,41,105,29,119,35,66,9,60" hai3="64,128,70,34,125,75,39,98,5,74,31,102,112"/><W37/><G5/><T65/><D110/><U82/><E109/><V129/><F105/><N who="3" m="63703" /><G112/><T42/><D115/><U130/><E107/><V89/><F119/><W113/><G113/><T63/><D4/><U24/><E2/><V104/><F104/><W7/><G7/><T12/><D42/><U73/><E73/><N who="3" m="27658" /><G125/><T44/><D44/><U88/><E126/><V21/><F35/><W79/><G79/><T57/><D57/><U92/><E130/><V23/><F129/><W127/><G127/><T76/><D76/><U28/><E120/><V58/><F78/><W121/><G121/><T124/><D124/><U67/><E67/><V81/><F9/><W95/><G95/><N who="1" m="36394" /><E100/><V114/><F114/><W22/><G22/><N who="0" m="13647" /><D33/><U99/><E99/><V15/><F15/><AGARI ba="3,0" hai="12,14,15,48,49,52,56,59,62,63,65" m="13647" machi="15" ten="30,2000,0" yaku="8,1,54,1" doraHai="27" who="0" fromWho="2" sc="405,29,230,0,175,-29,190,0" /><INIT seed="4,0,0,1,5,68" ten="434,230,146,190" oya="0" hai0="31,21,2,76,127,108,34,135,91,106,104,99,23" hai1="66,89,121,10,111,16,46,62,117,58,120,83,39" hai2="49,42,30,50,82,27,7,43,40,19,6,13,101" hai3="20,85,118,71,55,105,4,79,133,48,53,96,110"/><T24/><D108/><U28/><E111/><V12/><F101/><W95/><G71/><T81/><D2/><U114/><E28/><V56/><F82/><W64/><G64/><T72/><D127/><U115/><E117/><V9/><F56/><W47/><G105/><T38/><D38/><U122/><E83/><V69/><F69/><W74/><G74/><T116/><D116/><U80/><E80/><V41/><N who="2" m="10240" /><DORA hai="32" /><V73/><F73/><W59/><G110/><T126/><D23/><U124/><E124/><V90/><F90/><W102/><G133/><T17/><D91/><U11/><E89/><V1/><F6/><W3/><G118/><T29/><D34/><U98/><E98/><V52/><F49/><W36/><G85/><T134/><D31/><U8/><E46/><V75/><F19/><W107/><G79/><T112/><D29/><U18/><REACH who="1" step="1"/><E39/><REACH who="1" ten="434,220,146,190" step="2"/><V57/><REACH who="2" step="1"/><F75/><REACH who="2" ten="434,220,136,190" step="2"/><W44/><G36/><T60/><D72/><U123/><N who="1" m="31232" /><DORA hai="15" /><U54/><E54/><V97/><F97/><W88/><G55/><T92/><D99/><U61/><E61/><V35/><AGARI ba="0,2" hai="1,7,9,12,13,27,30,35,50,52,57" m="10240" machi="35" ten="40,8000,1" yaku="1,1,0,1,52,1,54,1,53,1" doraHai="68,32,15" doraHaiUra="78,14,33" who="2" fromWho="2" sc="434,-40,220,-20,136,100,190,-20" /><INIT seed="5,0,0,1,3,39" ten="394,200,236,170" oya="1" hai0="47,70,103,134,87,88,80,97,122,113,124,130,40" hai1="54,69,98,117,46,48,82,55,60,25,81,125,90" hai2="110,63,133,65,120,96,32,135,9,73,114,14,26" hai3="8,132,43,121,123,93,13,86,83,10,131,89,51"/><U116/><E125/><V52/><F110/><W92/><G131/><T129/><D124/><U24/><E117/><V84/><F73/><W1/><G132/><N who="2" m="50761" /><F120/><W50/><G1/><T105/><D134/><U0/><E0/><V29/><F96/><W33/><G33/><T20/><D122/><U37/><E37/><V77/><F84/><W38/><G38/><N who="0" m="21911" /><D70/><U58/><E69/><V68/><F77/><W71/><G71/><T6/><D20/><U34/><E116/><V64/><F68/><W56/><G83/><N who="1" m="31754" /><E34/><V4/><F114/><W12/><G86/><T22/><D113/><U42/><E98/><V99/><F99/><W72/><G56/><AGARI ba="0,0" hai="4,9,14,26,29,32,52,56,63,64,65" m="50761" machi="56" ten="30,2000,0" yaku="20,1,54,1" doraHai="39" who="2" fromWho="3" sc="394,0,200,0,236,20,170,-20" /><INIT seed="6,0,0,3,3,73" ten="394,200,256,150" oya="2" hai0="9,69,99,95,14,33,121,68,126,129,29,97,45" hai1="74,114,100,108,24,98,77,58,103,27,109,56,122" hai2="0,72,116,40,10,32,93,35,55,113,107,4,67" hai3="86,87,23,62,37,83,124,131,21,8,41,76,81"/><V70/><F107/><W96/><G124/><T3/><D126/><U47/><E47/><V125/><F116/><W17/><G131/><T18/><D129/><U80/><E114/><V106/><F106/><W90/><G37/><T117/><D121/><U85/><E122/><V52/><F125/><W91/><G41/><T115/><D115/><U59/><E74/><V54/><F113/><W20/><G62/><T134/><D134/><U36/><E36/><V31/><F72/><W7/><G96/><T5/><D117/><U111/><REACH who="1" step="1"/><E103/><REACH who="1" ten="394,190,256,150" step="2"/><V60/><F40/><W84/><G84/><T26/><D45/><U123/><E123/><V79/><F32/><W132/><G132/><T104/><D99/><U11/><E11/><V89/><F35/><W64/><G64/><T22/><D97/><U61/><E61/><V42/><F42/><W12/><REACH who="3" step="1"/><G91/><REACH who="3" ten="394,190,256,140" step="2"/><T105/><D105/><AGARI ba="0,2" hai="24,27,56,58,59,77,80,85,98,100,105,108,109,111" machi="105" ten="50,3200,0" yaku="1,1,52,1,53,0" doraHai="73" doraHaiUra="38" who="1" fromWho="0" sc="394,-32,190,52,256,0,140,0" /><INIT seed="7,0,0,3,5,91" ten="362,242,256,140" oya="3" hai0="49,93,116,123,89,19,127,66,78,135,60,37,4" hai1="107,55,15,80,117,21,45,11,101,34,38,119,105" hai2="1,67,32,30,90,63,10,65,3,16,133,53,79" hai3="17,118,33,84,122,72,106,46,70,20,110,58,125"/><W130/><RYUUKYOKU type="yao9" ba="0,0" sc="362,0,242,0,256,0,140,0" hai3="17,20,33,46,58,70,72,84,106,110,118,122,125,130" /><INIT seed="7,1,0,0,5,34" ten="362,242,256,140" oya="3" hai0="105,85,16,53,95,119,107,10,30,88,122,79,8" hai1="7,4,66,73,108,71,104,112,9,51,13,43,113" hai2="18,76,100,12,49,57,2,14,63,20,106,103,116" hai3="129,93,19,35,110,31,97,58,40,134,96,59,15"/><W89/><G129/><T124/><D124/><U125/><E108/><V99/><F116/><W121/><G121/><T117/><D122/><U44/><E104/><V128/><F128/><W90/><G134/><T82/><D30/><U62/><E73/><V102/><F76/><W55/><G110/><T111/><D111/><U11/><REACH who="1" step="1"/><E125/><REACH who="1" ten="362,232,256,140" step="2"/><V123/><F106/><W27/><G40/><T22/><D119/><U94/><E94/><V56/><F123/><W47/><G47/><T50/><D95/><U48/><E48/><V78/><F49/><W77/><G77/><T61/><D50/><U42/><E42/><V120/><F78/><W5/><G97/><T72/><D79/><U45/><E45/><V0/><F99/><W28/><G28/><T126/><D105/><U21/><E21/><V60/><F120/><W24/><G90/><T37/><D22/><U81/><E81/><V1/><F63/><W83/><G83/><T133/><D107/><U74/><E74/><V67/><REACH who="2" step="1"/><F57/><REACH who="2" ten="362,232,246,140" step="2"/><W23/><G59/><T54/><D126/><U46/><E46/><V87/><F87/><W132/><G132/><T84/><D85/><U26/><E26/><AGARI ba="1,2" hai="0,1,2,12,14,18,20,26,56,60,67,100,102,103" machi="26" ten="50,8000,1" yaku="1,1,52,3,53,0" doraHai="34" doraHaiUra="39" who="2" fromWho="1" sc="362,0,232,-83,246,103,140,0" owari="362,46.0,149,-25.0,349,15.0,140,-36.0" /></mjloggm>