<mjloggm ver="2.3"><GO type="169" lobby="0"/><UN n0="%E7%86%8A%E7%8C%AB%E5%8C%96%E9%9B%AA" n1="%E3%82%A6%E3%83%AB%E3%83%88%E3%83%A9%E7%AB%8B%E7%9B%B4" n2="%E3%81%B1%E3%82%93%E3%81%9E%E3%81%86" n3="%6E%65%70%6F%72%69%68" dan="16,17,16,16" rate="2044.46,2158.76,2129.95,2020.09" sx="M,M,M,M"/><TAIKYOKU oya="0"/><INIT seed="0,0,0,5,1,39" ten="250,250,250,250" oya="0" hai0="112,118,114,76,121,123,99,12,50,54,71,89,31" hai1="101,2,55,6,26,95,44,70,106,10,126,83,67" hai2="3,53,51,107,22,58,40,103,94,42,81,30,68" hai3="48,4,120,128,28,9,60,91,62,17,37,82,102"/><T35/><D71/><U115/><E126/><V125/><F107/><W1/><G37/><T75/><D118/><U15/><E106/><V38/><F38/><W109/><G109/><T129/><D129/><U97/><E115/><V11/><F68/><W57/><G128/><T0/><D0/><U5/><E67/><V43/><F125/><W90/><G120/><T66/><D66/><U85/><E70/><V13/><F3/><W63/><G102/><T65/><D65/><U59/><E26/><N who="2" m="16727" /><F81/><W132/><G132/><T110/><D110/><U27/><E27/><V108/><F108/><W29/><G17/><T86/><D75/><U19/><E2/><V56/><F103/><W127/><G127/><T135/><D135/><U133/><E133/><V33/><F33/><W20/><G82/><T100/><D123/><U80/><E80/><V61/><F94/><W18/><G28/><T111/><D31/><U87/><E87/><V41/><N who="2" m="10240" /><DORA hai="16" /><V122/><F122/><W49/><G29/><T84/><D35/><U74/><E74/><V98/><F98/><W64/><G91/><T34/><D89/><U69/><E69/><V105/><F105/><W92/><G92/><T24/><D34/><U104/><E104/><V78/><F78/><W79/><G90/><T14/><D111/><U134/><E134/><V131/><F131/><W113/><G79/><T36/><D121/><U25/><E83/><V52/><F13/><N who="3" m="9295" /><G113/><T45/><D36/><U7/><E101/><V93/><F93/><W130/><G130/><T72/><D114/><U117/><E95/><V119/><F119/><RYUUKYOKU ba="0,0" sc="250,-15,250,-15,250,15,250,15" hai2="11,51,52,53,56,58,61" hai3="1,4,9,48,49,57,60,62,63,64" /><INIT seed="1,1,0,4,5,23" ten="235,235,265,265" oya="1" hai0="91,60,105,27,88,126,121,9,120,67,39,18,131" hai1="1,45,128,96,3,119,83,16,44,107,102,82,46" hai2="68,50,111,64,11,72,95,65,26,114,104,58,17" hai3="29,20,42,25,75,19,30,127,2,63,86,36,7"/><U118/><E128/><V31/><F104/><W92/><G75/><T81/><D131/><U6/><E6/><V10/><F72/><W12/><G127/><T93/><D105/><U13/><E83/><V79/><F111/><W94/><G30/><T0/><D39/><U71/><E71/><V132/><F132/><W90/><G63/><T5/><D81/><U100/><E82/><V33/><F114/><W80/><G42/><T84/><D91/><U101/><E96/><V40/><F79/><W24/><G36/><T51/><D51/><U28/><E28/><V69/><F95/><W110/><G110/><T123/><D126/><U73/><E73/><V87/><F87/><W37/><G37/><T66/><REACH who="0" step="1"/><D60/><REACH who="0" ten="225,235,265,265" step="2"/><U57/><E107/><V122/><F50/><W34/><G80/><T97/><D97/><U134/><E134/><V52/><F122/><W14/><G94/><T22/><AGARI ba="1,1" hai="0,5,9,18,22,27,66,67,84,88,93,120,121,123" machi="22" ten="40,8000,1" yaku="1,1,0,1,13,1,52,1,54,1,53,0" doraHai="23" doraHaiUra="49" who="0" fromWho="0" sc="225,93,235,-41,265,-21,265,-21" /><INIT seed="2,0,0,1,2,43" ten="318,194,244,244" oya="2" hai0="49,117,47,27,68,23,34,63,20,93,133,59,81" hai1="41,92,4,89,61,37,91,123,38,29,15,50,12" hai2="114,67,7,73,55,121,26,51,109,39,122,8,124" hai3="42,102,96,31,130,3,56,126,94,75,111,98,6"/><V115/><F73/><W72/><G111/><T97/><D68/><U30/><E123/><N who="2" m="47115" /><F26/><W100/><G126/><T48/><D133/><U77/><E77/><V119/><F8/><W21/><G130/><T101/><D117/><U35/><E61/><V10/><F10/><W52/><G42/><T64/><D81/><U132/><E132/><V9/><F9/><W22/><G6/><T134/><D134/><U57/><E4/><V46/><F7/><W127/><G127/><T33/><D48/><U18/><E18/><V70/><F124/><W129/><G129/><T135/><D135/><U79/><E79/><V19/><F19/><W78/><G3/><T125/><D125/><U118/><E92/><V107/><F107/><W86/><G86/><T116/><D116/><U11/><E11/><V53/><F119/><W76/><G72/><T95/><D93/><U58/><E35/><V32/><F39/><W104/><G31/><N who="0" m="17919" /><D20/><U128/><E118/><V105/><F105/><W87/><G75/><T90/><D90/><U84/><E128/><V71/><F109/><W108/><G108/><T28/><D28/><U106/><E106/><V112/><F32/><W110/><G110/><T36/><D36/><U25/><E25/><V103/><F103/><W17/><G76/><T13/><D13/><U85/><E37/><V88/><F67/><W65/><G65/><T14/><D14/><U99/><E38/><V131/><F131/><W16/><G21/><T1/><D1/><U69/><E12/><V2/><F2/><W60/><G22/><T44/><D33/><U45/><E15/><RYUUKYOKU ba="0,0" sc="318,-10,194,-10,244,-10,244,30" hai3="16,17,52,56,60,78,87,94,96,98,100,102,104" /><INIT seed="3,1,0,4,4,45" ten="308,184,234,274" oya="3" hai0="98,58,106,62,4,39,57,1,29,120,132,74,16" hai1="81,10,131,13,128,64,125,15,107,100,101,20,90" hai2="42,117,63,3,31,83,91,28,94,71,126,66,110" hai3="30,111,109,21,9,53,135,50,34,26,122,47,11"/><W14/><G122/><T51/><D120/><U118/><E107/><V69/><F117/><W18/><REACH who="3" step="1"/><G135/><REACH who="3" ten="308,184,234,264" step="2"/><T49/><D132/><U95/><E118/><V133/><F133/><W102/><G102/><T87/><D74/><U22/><E101/><V86/><F126/><W0/><G0/><T6/><D1/><U65/><E125/><V7/><F3/><W88/><G88/><T60/><D106/><U92/><E100/><V89/><F91/><W12/><G12/><T38/><D98/><U55/><E90/><V77/><F89/><W56/><G56/><T104/><D104/><U25/><E81/><V23/><F69/><W24/><G24/><T97/><D97/><U84/><E25/><V75/><F71/><W79/><G79/><T59/><D59/><U116/><E116/><V8/><F77/><W33/><G33/><T112/><D87/><U108/><E84/><V103/><F103/><W115/><G115/><T72/><D72/><U46/><E15/><V129/><F86/><W52/><G52/><T17/><D112/><U82/><E82/><V80/><F80/><W37/><G37/><T96/><D96/><U5/><E13/><V123/><F83/><W76/><G76/><T70/><D70/><U73/><E55/><V67/><F75/><W40/><G40/><T119/><D119/><U85/><E73/><V114/><F42/><W36/><G36/><T134/><D134/><U48/><E85/><V93/><F114/><W124/><G124/><T35/><D35/><U130/><E92/><V54/><F94/><W105/><G105/><T78/><D78/><RYUUKYOKU ba="1,1" sc="308,15,184,-15,234,-15,264,15" hai0="4,6,16,17,29,38,39,49,51,57,58,60,62" hai3="9,11,14,18,21,26,30,34,47,50,53,109,111" /><INIT seed="3,2,1,5,0,4" ten="323,169,219,279" oya="3" hai0="13,132,102,15,124,18,16,8,26,135,117,86,23" hai1="59,52,112,67,107,49,62,14,41,1,89,38,98" hai2="51,60,68,120,24,50,3,20,48,101,10,22,34" hai3="70,99,125,133,61,21,44,31,100,0,114,64,105"/><W81/><G114/><T126/><D102/><U40/><E1/><V113/><F113/><W83/><G125/><N who="0" m="48235" /><D86/><U91/><E112/><V69/><F120/><W95/><G133/><N who="0" m="51275" /><D117/><U5/><E107/><V108/><F108/><W54/><G0/><T7/><D15/><U58/><E38/><V25/><F101/><W130/><G130/><T111/><D111/><U9/><E91/><V74/><F74/><W103/><G31/><AGARI ba="2,1" hai="7,8,13,16,18,23,26,31" m="51275,48235" machi="31" ten="30,12000,2" yaku="18,1,20,1,34,2,52,1,54,1" doraHai="4" who="0" fromWho="3" sc="323,136,169,0,219,0,279,-126" /><INIT seed="4,0,0,1,2,127" ten="459,169,219,153" oya="0" hai0="116,130,55,84,28,76,51,10,70,109,9,8,71" hai1="126,11,85,60,72,7,88,89,19,96,32,0,94" hai2="107,66,69,131,113,39,112,68,134,99,16,91,118" hai3="115,103,59,124,92,52,3,132,29,1,135,33,27"/><T36/><D116/><U53/><E126/><V25/><F39/><W74/><G124/><T15/><D36/><U106/><E72/><V104/><F118/><W133/><G115/><N who="2" m="44105" /><F134/><W42/><G74/><T54/><D109/><U63/><E32/><V122/><F122/><W83/><G83/><T120/><D120/><U67/><E67/><V64/><F91/><W105/><G105/><N who="2" m="40521" /><F99/><N who="3" m="59879" /><G42/><T108/><D108/><U46/><E19/><V98/><F98/><W20/><G33/><T121/><D121/><U119/><E119/><V110/><F110/><W90/><G90/><T86/><D76/><U81/><E106/><V41/><F41/><W14/><G14/><T50/><D15/><U111/><E111/><V22/><F131/><W97/><G97/><T13/><D130/><U38/><E38/><V21/><F21/><W56/><G56/><T31/><D8/><U101/><REACH who="1" step="1"/><E89/><REACH who="1" ten="459,159,219,153" step="2"/><V65/><AGARI ba="0,1" hai="16,22,25,64,65,66,68,69" m="40521,44105" machi="65" ten="40,2700,0" yaku="15,1,54,1" doraHai="127" who="2" fromWho="2" sc="459,-13,159,-7,219,37,153,-7" /><INIT seed="5,0,0,5,2,121" ten="446,152,256,146" oya="1" hai0="122,59,33,107,6,35,44,87,103,99,111,83,117" hai1="92,4,56,123,64,17,88,38,85,124,110,1,115" hai2="58,32,36,15,49,91,102,19,95,8,40,43,29" hai3="131,108,70,116,57,126,37,62,77,76,5,128,66"/><U89/><E38/><V90/><F36/><W68/><G126/><T75/><D111/><U96/><E123/><V80/><F32/><W2/><G116/><T31/><D117/><U9/><E124/><V81/><F29/><W52/><G37/><T25/><D75/><U48/><E115/><V112/><F102/><W53/><G5/><T78/><D122/><U23/><E110/><V120/><F112/><W113/><G2/><T119/><D119/><U94/><E64/><V63/><F120/><W28/><G113/><T11/><D44/><U104/><E104/><V114/><F114/><W84/><G28/><T12/><D59/><U42/><E42/><N who="2" m="15915" /><F49/><W21/><G21/><AGARI ba="0,0" hai="6,11,12,21,25,31,33,35,78,83,87,99,103,107" machi="21" ten="30,1000,0" yaku="7,1" doraHai="121" who="0" fromWho="3" sc="446,10,152,0,256,0,146,-10" /><INIT seed="6,0,0,3,0,0" ten="456,152,256,136" oya="2" hai0="91,73,16,33,28,6,76,126,99,68,84,14,80" hai1="98,95,22,66,29,55,61,70,128,4,107,82,129" hai2="86,41,10,77,26,21,74,75,48,89,109,101,27" hai3="1,102,92,30,47,108,114,88,85,81,110,104,17"/><V44/><F109/><W65/><G114/><T117/><D68/><U116/><E116/><V78/><F101/><W7/><G104/><T105/><D117/><U135/><E135/><V133/><F133/><W64/><G30/><T113/><D6/><U100/><E82/><V134/><F134/><W103/><G103/><T13/><D126/><U132/><E132/><V11/><F74/><W23/><G47/><T43/><D43/><U49/><E95/><V36/><F36/><W51/><G51/><T3/><D3/><U45/><E22/><V96/><F75/><W111/><G102/><T57/><D113/><U122/><E29/><V131/><F131/><W58/><G58/><T50/><D28/><U123/><REACH who="1" step="1"/><E4/><REACH who="1" ten="456,142,256,136" step="2"/><V42/><F21/><W35/><G35/><T118/><D33/><U112/><E112/><V125/><F125/><W90/><G7/><T62/><D118/><U15/><E15/><V94/><F94/><W5/><G5/><T53/><D13/><U127/><E127/><V72/><F27/><W12/><REACH who="3" step="1"/><G1/><REACH who="3" ten="456,142,256,126" step="2"/><T83/><D105/><U124/><E124/><V8/><F44/><W119/><G119/><T63/><D99/><AGARI ba="0,2" hai="12,17,23,64,65,81,85,88,90,92,99,108,110,111" machi="99" ten="40,2600,0" yaku="1,1,54,1,53,0" doraHai="0" doraHaiUra="54" who="3" fromWho="0" sc="456,-26,142,0,256,0,126,46" /><INIT seed="7,0,0,3,3,101" ten="430,142,256,172" oya="3" hai0="57,6,2,38,73,79,91,63,77,83,19,125,85" hai1="58,102,66,55,108,8,72,103,17,92,65,46,56" hai2="84,59,112,42,64,9,49,132,70,121,95,24,75" hai3="0,71,54,128,34,50,7,35,21,5,87,94,78"/><W124/><G71/><T113/><D38/><U123/><E72/><V118/><F75/><W62/><G62/><T3/><D125/><U80/><E108/><V13/><F70/><W22/><G124/><T44/><D113/><U33/><E33/><V29/><F64/><W76/><G128/><T82/><D6/><N who="3" m="2057" /><G0/><T20/><D44/><U37/><E37/><V60/><F60/><W28/><G34/><T81/><D57/><N who="1" m="22123" /><E80/><V25/><F118/><W39/><G35/><T12/><D63/><U27/><E123/><V45/><F121/><W52/><G39/><T68/><D68/><U88/><E103/><V110/><F110/><W133/><G133/><T105/><D3/><U11/><E102/><V53/><F132/><W116/><G116/><T69/><D69/><U90/><E90/><N who="2" m="53703" /><F112/><W106/><G106/><T129/><D105/><U51/><E66/><V48/><F29/><W67/><G67/><T107/><D107/><U36/><E36/><V86/><F86/><W15/><G28/><T100/><D2/><U115/><E65/><V1/><F1/><W32/><G32/><T126/><D126/><U30/><E30/><V31/><F31/><W74/><G74/><T4/><D73/><U26/><E115/><V99/><F48/><W117/><G117/><T16/><D100/><U47/><E47/><V96/><F49/><W93/><G93/><T40/><D82/><U104/><E104/><V127/><F127/><W109/><G109/><T23/><D83/><U18/><E18/><V120/><F120/><W61/><G54/><T89/><D81/><U98/><E17/><RYUUKYOKU ba="0,0" sc="430,-10,142,30,256,-10,172,-10" hai1="8,11,26,27,46,51,55,88,92,98" owari="420,52.0,172,-23.0,246,5.0,162,-34.0" /></mjloggm>