<mjloggm ver="2.3"><GO type="169" lobby="0"/><UN n0="%E3%83%94%E3%82%AB%E5%90%BE%E9%83%8E" n1="%E3%83%AC%E3%83%87%E3%82%B9%E3%83%9E" n2="%E3%82%A6%E3%83%AB%E3%83%88%E3%83%A9%E7%AB%8B%E7%9B%B4" n3="%74%61%63%6F%73" dan="17,17,17,16" rate="2160.27,2131.73,2150.55,2063.80" sx="M,M,M,M"/><TAIKYOKU oya="0"/><INIT seed="0,0,0,4,5,76" ten="250,250,250,250" oya="0" hai0="34,94,8,6,120,102,79,90,30,16,78,129,135" hai1="46,125,97,114,127,22,109,71,38,98,4,124,99" hai2="50,56,92,66,107,51,44,48,47,111,123,104,108" hai3="103,12,26,36,59,86,19,11,133,75,128,113,69"/><T93/><D120/><U21/><E109/><N who="2" m="42059" /><F123/><W18/><G69/><T31/><D34/><U84/><E114/><V5/><F5/><W7/><G75/><T17/><D129/><U101/><E101/><V14/><F14/><W134/><G36/><T68/><D68/><U53/><E71/><V60/><F92/><W63/><G113/><T40/><D40/><U42/><E4/><V0/><F0/><W15/><G103/><T110/><D110/><U25/><E53/><V9/><F9/><W13/><G128/><T82/><D135/><N who="3" m="51721" /><G86/><N who="0" m="50519" /><D6/><U118/><E118/><V1/><F1/><N who="3" m="495" /><G26/><T70/><D93/><U10/><E10/><V64/><F107/><W80/><G80/><T105/><D105/><U35/><REACH who="1" step="1"/><E84/><REACH who="1" ten="250,240,250,250" step="2"/><V117/><F117/><W130/><G130/><T72/><D70/><U32/><E32/><V55/><F104/><W29/><G29/><AGARI ba="0,1" hai="21,22,25,29,35,38,42,46,97,98,99,124,125,127" machi="29" ten="50,8000,1" yaku="1,1,18,1,53,3" doraHai="76" doraHaiUra="95" who="1" fromWho="3" sc="250,0,240,90,250,0,250,-80" /><INIT seed="1,0,0,2,4,133" ten="250,330,250,170" oya="1" hai0="134,115,44,112,54,94,11,40,60,28,19,48,129" hai1="121,37,104,95,56,13,53,59,66,79,31,123,120" hai2="50,93,128,62,78,91,116,6,82,0,15,24,109" hai3="38,36,126,105,55,45,46,96,51,23,71,81,101"/><U98/><E104/><V27/><F116/><W61/><G81/><T47/><D134/><U100/><E37/><V132/><F0/><W124/><G23/><T67/><D28/><U2/><E2/><V70/><F132/><W130/><G130/><T29/><D29/><U74/><E66/><V135/><F135/><W14/><G14/><T63/><D94/><U75/><E31/><V106/><F106/><W114/><G114/><T110/><D129/><U42/><E42/><V16/><F128/><W88/><G88/><T33/><D33/><U73/><E79/><V90/><F6/><W21/><G21/><T3/><D3/><U1/><E1/><V83/><F109/><W89/><G89/><T72/><D72/><U18/><REACH who="1" step="1"/><E53/><REACH who="1" ten="250,320,250,170" step="2"/><V97/><F78/><W125/><G46/><T57/><D110/><U119/><E119/><V64/><F83/><W5/><G5/><T49/><D19/><U52/><E52/><V4/><F82/><W17/><G17/><T103/><D112/><U117/><E117/><V65/><F4/><W102/><G101/><T26/><D103/><U127/><E127/><V76/><F76/><W58/><REACH who="3" step="1"/><G71/><REACH who="3" ten="250,320,250,160" step="2"/><T39/><D115/><U131/><E131/><V85/><F70/><W92/><G92/><T20/><D47/><U108/><E108/><V12/><F93/><W8/><G8/><AGARI ba="0,2" hai="8,13,18,56,59,73,74,75,95,98,100,120,121,123" machi="8" ten="50,2400,0" yaku="1,1,53,0" doraHai="133" doraHaiUra="84" who="1" fromWho="3" sc="250,0,320,44,250,0,160,-24" /><INIT seed="1,1,0,3,4,107" ten="250,364,250,136" oya="1" hai0="94,89,106,95,105,63,16,44,15,81,73,100,102" hai1="78,6,20,26,36,104,62,21,53,120,101,49,14" hai2="72,59,71,52,119,121,48,37,133,28,38,51,50" hai3="8,23,65,55,108,82,60,42,79,61,118,9,5"/><U112/><E120/><V87/><F121/><W110/><G118/><T123/><D123/><U24/><E36/><V57/><F119/><W11/><G42/><T17/><D44/><U135/><E112/><V4/><F72/><W68/><G23/><T77/><D94/><U93/><E104/><V92/><F28/><W70/><G5/><T85/><D102/><U19/><E62/><N who="2" m="36135" /><F87/><W99/><G99/><T80/><D80/><U12/><E78/><V126/><F92/><W76/><G76/><T97/><D105/><U122/><E122/><V31/><F31/><W45/><G45/><T1/><D1/><U86/><E135/><V69/><F4/><W40/><G40/><T34/><D34/><U56/><E101/><V124/><F133/><W46/><G46/><T128/><D128/><U134/><E134/><V64/><F126/><W13/><G13/><T3/><D3/><U84/><E84/><V117/><F117/><W127/><G127/><T125/><D125/><U27/><E6/><V114/><F114/><W10/><N who="3" m="2560" /><DORA hai="0" /><W116/><G116/><T30/><D30/><N who="1" m="17679" /><E26/><V111/><F111/><W2/><G2/><T22/><D63/><U29/><E29/><V113/><F113/><W88/><G68/><N who="2" m="26185" /><F124/><W67/><G70/><T54/><D54/><U47/><E93/><V75/><F75/><N who="3" m="43391" /><G55/><T109/><REACH who="0" step="1"/><D17/><REACH who="0" ten="240,364,250,136" step="2"/><U129/><E19/><V18/><F18/><W132/><G132/><T74/><D74/><U33/><E53/><V35/><F35/><W39/><G108/><AGARI ba="1,1" hai="15,16,22,73,77,81,85,89,95,97,100,106,108,109" machi="108" ten="40,8000,1" yaku="1,1,24,2,52,1,54,1,53,0" doraHai="107,0" doraHaiUra="130,7" who="0" fromWho="3" sc="240,93,364,0,250,0,136,-83" /><INIT seed="2,0,0,5,4,119" ten="333,364,250,53" oya="2" hai0="82,113,27,54,76,46,98,85,25,129,110,20,122" hai1="18,111,126,55,3,61,50,90,71,24,132,10,6" hai2="12,81,39,92,120,87,124,95,102,74,37,69,84" hai3="103,1,29,43,57,97,115,65,86,125,70,94,56"/><V53/><F69/><W22/><G1/><T91/><D113/><U4/><E111/><V23/><F124/><W26/><G115/><T93/><D110/><U106/><E126/><V100/><F74/><W77/><G125/><T33/><D129/><U47/><E6/><V99/><F53/><W133/><G133/><T21/><D33/><U8/><E132/><V41/><F41/><W28/><G43/><T127/><D127/><U60/><E106/><V123/><F12/><W107/><G70/><T89/><D122/><N who="2" m="46634" /><F23/><W9/><G29/><T38/><D38/><N who="2" m="14346" /><F99/><W51/><G65/><T31/><D46/><U32/><E71/><V44/><F81/><W5/><G51/><T75/><D54/><U52/><E55/><V7/><F7/><W66/><G66/><T64/><D64/><U45/><E45/><V13/><F13/><N who="3" m="5295" /><G107/><T19/><REACH who="0" step="1"/><D75/><REACH who="0" ten="323,364,250,53" step="2"/><U15/><E52/><V11/><F44/><W34/><G34/><T121/><D121/><U59/><E47/><V35/><F35/><W117/><G117/><T48/><D48/><U49/><E50/><V80/><F11/><W79/><G57/><T96/><D96/><U112/><E49/><V17/><F17/><W114/><G56/><T36/><D36/><U73/><E59/><V134/><F134/><W0/><G114/><T72/><D72/><U14/><E73/><V58/><F58/><W42/><G42/><T30/><D30/><U62/><E112/><V135/><F135/><W109/><G109/><T78/><AGARI ba="0,1" hai="19,20,21,25,27,31,76,78,82,85,89,91,93,98" machi="78" ten="30,4000,0" yaku="1,1,0,1,8,1,53,0" doraHai="119" doraHaiUra="116" who="0" fromWho="0" sc="323,50,364,-10,250,-20,53,-10" /><INIT seed="3,0,0,2,0,99" ten="373,354,230,43" oya="3" hai0="79,27,116,72,18,96,30,6,103,97,12,125,59" hai1="63,88,53,21,11,123,61,44,87,131,81,98,1" hai2="29,132,118,107,46,93,105,24,89,112,117,71,80" hai3="111,36,76,48,47,4,28,56,17,115,52,43,42"/><W91/><G115/><T110/><D116/><U10/><E123/><V62/><F112/><W19/><G111/><T94/><D110/><U122/><E122/><V26/><F26/><W5/><G28/><T128/><D6/><U75/><E131/><V34/><F132/><W127/><G127/><T129/><D125/><U84/><E75/><V3/><F3/><W31/><G31/><T0/><D0/><U39/><E98/><V114/><F114/><W133/><G133/><T101/><D59/><U22/><E84/><V2/><F2/><W50/><G76/><T82/><D18/><U135/><E135/><V35/><F35/><W41/><G91/><T57/><D12/><U66/><E63/><V85/><F107/><W7/><REACH who="3" step="1"/><G36/><REACH who="3" ten="373,354,230,33" step="2"/><T23/><REACH who="0" step="1"/><D57/><REACH who="0" ten="363,354,230,33" step="2"/><U100/><E39/><V13/><F29/><W58/><G58/><T134/><D134/><U67/><E44/><V92/><F46/><W109/><G109/><T119/><D119/><U16/><E66/><V45/><F45/><W49/><G49/><T8/><D8/><U40/><E67/><V90/><F118/><W124/><G124/><T83/><D83/><U51/><E11/><V120/><F80/><W38/><G38/><T14/><D14/><U73/><E81/><V32/><F13/><W55/><AGARI ba="0,2" hai="4,5,7,17,19,41,42,43,47,48,50,52,55,56" machi="55" ten="40,12000,1" yaku="1,1,0,1,8,1,54,1,53,0" doraHai="99" doraHaiUra="60" who="3" fromWho="3" sc="363,-40,354,-40,230,-40,33,140" /><INIT seed="3,1,0,2,2,132" ten="323,314,190,173" oya="3" hai0="84,15,17,107,134,24,71,20,46,38,76,43,21" hai1="54,119,82,2,74,66,9,100,122,81,1,117,29" hai2="47,135,40,65,114,116,12,68,64,115,62,128,97" hai3="6,5,55,10,7,126,58,96,60,67,34,75,8"/><W78/><G34/><T4/><D107/><U95/><E122/><V72/><F72/><W51/><G75/><T19/><D134/><U87/><E66/><V22/><F135/><W26/><G78/><T59/><D71/><U13/><E29/><V130/><F97/><W35/><G126/><T30/><D4/><U80/><E74/><V108/><F22/><W56/><G35/><T3/><D3/><U23/><E23/><V33/><F12/><W110/><G110/><T99/><D99/><N who="1" m="59519" /><E87/><V45/><F33/><W77/><G77/><T61/><D76/><U94/><E94/><V63/><F116/><N who="1" m="44617" /><E54/><V92/><F92/><W101/><REACH who="3" step="1"/><G26/><REACH who="3" ten="323,314,190,163" step="2"/><T125/><D125/><U79/><E79/><V49/><F108/><W18/><G18/><AGARI ba="1,1" hai="1,2,9,13,18,80,81,82" m="44617,59519" machi="18" ten="30,1000,0" yaku="12,1" doraHai="132" who="1" fromWho="3" sc="323,0,314,23,190,0,163,-13" /><INIT seed="4,0,0,4,2,36" ten="323,337,190,150" oya="0" hai0="60,93,42,109,40,108,5,124,15,35,112,131,33" hai1="46,129,31,27,1,6,119,116,43,118,123,79,130" hai2="122,82,88,106,32,22,80,114,24,113,50,47,11" hai3="90,12,44,58,55,87,121,127,53,20,76,120,63"/><T68/><D112/><N who="2" m="43114" /><F32/><N who="0" m="12362" /><D124/><U51/><E123/><N who="3" m="47178" /><G127/><T16/><D5/><U30/><E79/><V98/><F11/><W101/><G101/><T115/><D115/><U81/><E81/><V25/><F25/><W70/><G76/><T59/><D93/><U102/><E102/><N who="2" m="62807" /><F88/><W9/><G20/><N who="0" m="11295" /><D68/><U75/><E75/><V134/><F134/><W74/><G70/><T64/><D131/><N who="1" m="50187" /><E27/><V28/><F122/><W21/><G21/><T52/><D64/><U105/><E105/><V3/><F3/><W104/><G104/><T4/><D4/><U45/><E45/><V18/><F28/><N who="1" m="10793" /><E6/><V65/><F65/><N who="3" m="39159" /><G44/><T99/><D99/><U48/><E1/><V62/><F62/><W8/><G74/><T61/><D61/><U135/><E135/><V97/><F97/><W117/><G9/><T17/><D17/><U72/><E72/><V83/><F83/><N who="3" m="49535" /><G117/><T86/><D86/><U110/><E119/><V67/><F67/><W56/><G56/><T128/><D128/><U39/><E118/><V92/><F92/><W89/><G8/><T73/><D73/><U26/><E116/><V41/><AGARI ba="0,0" hai="18,22,24,41,47,50,80,82" m="62807,43114" machi="41" ten="30,2000,0" yaku="15,1,52,1" doraHai="36" who="2" fromWho="2" sc="323,-10,337,-5,190,20,150,-5" /><INIT seed="5,0,0,2,2,40" ten="313,332,210,145" oya="1" hai0="86,41,66,16,1,55,111,122,51,93,21,24,9" hai1="130,126,102,79,37,132,127,108,128,60,50,48,75" hai2="85,96,19,68,82,8,84,45,120,98,11,62,91" hai3="44,46,118,94,14,100,61,72,64,52,2,88,71"/><U32/><E32/><V29/><F29/><W7/><G72/><T113/><D113/><U131/><E102/><V42/><F120/><W15/><G118/><T74/><D74/><U101/><E101/><V123/><F123/><W43/><G100/><T134/><D122/><U106/><E106/><V12/><F11/><W135/><G135/><T39/><D66/><U121/><E121/><V27/><F27/><W97/><G2/><T18/><D134/><U112/><E79/><V22/><F22/><W28/><G7/><T34/><D34/><U90/><E90/><V33/><F33/><W89/><G28/><T92/><D111/><U78/><E78/><V109/><F109/><W56/><G89/><T63/><D39/><U25/><E25/><V107/><F85/><W67/><G67/><T65/><D41/><U87/><E87/><V133/><F133/><W17/><G43/><T73/><D73/><U6/><E6/><V31/><F31/><W104/><G104/><T58/><D86/><U53/><E75/><V105/><F105/><W80/><G80/><T26/><D1/><U129/><E132/><V77/><F77/><W49/><G15/><N who="0" m="7279" /><D24/><U83/><E83/><V114/><F114/><W0/><G0/><T35/><D35/><U13/><E131/><V70/><F107/><W47/><G71/><T76/><D76/><U95/><E112/><V81/><F70/><W38/><G38/><T59/><AGARI ba="0,0" hai="18,21,26,51,55,58,59,63,65,92,93" m="7279" machi="59" ten="30,2000,0" yaku="8,1,54,1" doraHai="40" who="0" fromWho="0" sc="313,20,332,-10,210,-5,145,-5" /><INIT seed="6,0,0,5,5,33" ten="333,322,205,140" oya="2" hai0="5,17,87,73,83,22,25,48,20,80,90,65,81" hai1="10,56,74,94,69,127,103,116,38,53,11,66,60" hai2="1,34,32,46,62,114,12,82,101,9,111,19,45" hai3="31,135,102,122,129,97,96,104,133,35,6,55,105"/><V107/><F101/><W16/><G122/><T75/><D65/><U132/><E116/><V115/><F107/><W76/><G129/><T4/><D75/><U91/><E103/><V18/><F62/><W8/><G76/><T109/><D109/><U121/><E74/><V30/><F111/><W39/><G39/><T112/><D112/><N who="2" m="43050" /><F82/><N who="0" m="31850" /><D73/><U126/><E121/><V59/><F59/><W37/><G37/><T89/><D90/><U40/><E132/><N who="3" m="50762" /><G55/><T108/><D108/><U117/><E117/><V24/><F34/><W134/><N who="3" m="50770" /><W131/><DORA hai="124" /><G131/><T14/><D48/><N who="1" m="30759" /><E38/><V49/><F46/><W110/><G110/><T95/><D83/><U47/><E47/><V118/><F118/><W79/><G79/><T27/><D27/><U29/><E60/><V67/><F67/><W84/><G35/><T26/><D25/><U123/><E66/><V58/><F58/><W43/><G104/><T2/><D2/><U128/><E126/><V93/><F93/><W52/><G105/><T106/><D106/><U120/><E94/><V21/><F49/><W50/><G102/><T57/><D57/><U61/><E127/><V70/><F70/><W44/><G84/><T68/><D68/><U51/><E69/><V100/><F45/><W41/><G97/><T23/><D26/><U130/><E120/><V7/><F100/><W98/><G96/><T42/><D42/><U13/><E40/><V88/><F88/><W0/><G98/><T54/><D54/><U85/><E123/><V125/><F125/><W64/><G64/><T28/><D28/><U113/><E130/><RYUUKYOKU ba="0,0" sc="333,15,322,-15,205,15,140,-15" hai0="4,5,14,17,20,22,23,87,89,95" hai2="1,7,9,12,18,19,21,24,30,32" /><INIT seed="6,1,0,0,0,114" ten="348,307,220,125" oya="2" hai0="2,99,11,84,3,76,104,33,68,31,27,131,51" hai1="73,93,115,22,85,28,21,95,116,87,6,112,94" hai2="55,124,133,58,79,54,44,62,35,9,105,8,72" hai3="47,40,39,41,71,34,123,23,46,120,83,92,86"/><V117/><F35/><W128/><G71/><T109/><D109/><U75/><E6/><V134/><F105/><W97/><G34/><T26/><D26/><U60/><E60/><V82/><F124/><W69/><G69/><T126/><D126/><U17/><E28/><V81/><F81/><W125/><G125/><T111/><D111/><U10/><E10/><V74/><F74/><N who="1" m="28169" /><E17/><V96/><F96/><W132/><G132/><N who="2" m="50793" /><F117/><W100/><G128/><T14/><D131/><U98/><E116/><V119/><F119/><W108/><G23/><N who="1" m="8714" /><E98/><V24/><F24/><W43/><G108/><T49/><D68/><U80/><E80/><V103/><F103/><W7/><G7/><T66/><D66/><U12/><E12/><V13/><F13/><W52/><G52/><T15/><D14/><U77/><E77/><V90/><F90/><W50/><REACH who="3" step="1"/><G40/><REACH who="3" ten="348,307,220,115" step="2"/><T135/><D135/><U64/><E64/><V121/><F121/><W101/><G101/><T127/><D127/><U32/><E32/><V1/><F1/><W5/><G5/><T89/><D3/><U106/><E115/><V56/><F44/><W19/><G19/><N who="0" m="8703" /><D2/><U48/><E112/><V4/><F4/><W42/><G42/><T30/><D31/><U36/><E36/><V118/><F118/><W130/><G130/><T102/><D51/><AGARI ba="1,1" hai="8,9,51,54,55,56,58,62,72,79,82" m="50793" machi="51" ten="30,1500,0" yaku="20,1" doraHai="114" who="2" fromWho="0" sc="348,-18,307,0,220,28,115,0" /><INIT seed="6,2,0,0,4,91" ten="330,307,248,115" oya="2" hai0="107,1,135,37,58,85,67,119,98,104,5,121,92" hai1="94,82,38,81,103,11,116,26,99,105,117,124,118" hai2="0,59,93,10,30,52,48,84,55,20,25,126,14" hai3="108,53,72,9,60,41,16,77,45,65,63,106,62"/><V44/><F126/><W57/><G108/><T49/><D37/><U31/><E38/><V27/><F0/><W40/><G106/><T88/><D121/><U78/><E124/><V131/><F131/><W110/><G110/><T101/><D135/><U32/><E11/><V19/><F27/><W46/><G72/><T113/><D113/><U132/><E132/><V71/><F71/><W83/><G83/><T129/><D129/><U66/><E66/><V17/><F84/><W97/><G97/><T87/><D119/><U128/><E128/><V29/><REACH who="2" step="1"/><F93/><REACH who="2" ten="330,307,238,115" step="2"/><W90/><G77/><T28/><D87/><U73/><REACH who="1" step="1"/><E81/><REACH who="1" ten="330,297,238,115" step="2"/><V74/><F74/><W114/><G114/><T115/><D115/><U75/><E75/><V122/><F122/><W8/><G65/><T42/><D67/><U47/><E47/><V13/><F13/><W130/><G130/><T24/><D1/><U43/><E43/><V70/><F70/><W12/><G45/><T2/><D42/><U134/><E134/><V96/><F96/><W7/><G46/><T102/><D2/><U3/><E3/><V68/><F68/><W22/><G40/><T86/><D24/><U50/><E50/><AGARI ba="2,2" hai="10,14,17,19,20,25,29,30,44,48,50,52,55,59" machi="50" ten="30,11600,0" yaku="1,1,7,1,8,1,54,1,53,0" doraHai="91" doraHaiUra="133" who="2" fromWho="1" sc="330,0,297,-122,238,142,115,0" /><INIT seed="6,3,0,4,1,63" ten="330,175,380,115" oya="2" hai0="93,118,5,80,127,21,79,23,90,94,92,12,87" hai1="8,65,26,7,120,27,28,48,81,47,44,6,64" hai2="73,56,9,55,109,18,43,11,88,76,72,119,102" hai3="32,96,10,4,36,114,53,20,129,95,74,33,117"/><V50/><F119/><W68/><G117/><T16/><D127/><U29/><E120/><V104/><F109/><W91/><G74/><T101/><D118/><U116/><E116/><V31/><F102/><W62/><G36/><T34/><D34/><U49/><E81/><V86/><F104/><W37/><G37/><T124/><D124/><U17/><E17/><V113/><F113/><W133/><G114/><T14/><D101/><U52/><E8/><V40/><F31/><W30/><G129/><T54/><D54/><AGARI ba="3,0" hai="6,7,26,27,28,29,44,47,48,49,52,54,64,65" machi="54" ten="25,12000,2" yaku="22,2,8,1,52,2,54,1" doraHai="63" who="1" fromWho="0" sc="330,-129,175,129,380,0,115,0" /><INIT seed="7,0,0,5,2,91" ten="201,304,380,115" oya="3" hai0="76,63,50,13,48,4,0,23,72,99,80,2,88" hai1="21,46,131,95,28,22,12,69,103,30,27,117,61" hai2="3,115,39,45,112,54,65,41,14,111,67,18,38" hai3="78,105,98,71,57,126,121,101,26,43,93,106,5"/><W33/><G71/><T66/><D50/><U133/><E131/><V84/><F3/><W127/><G121/><T25/><D13/><U52/><E133/><V62/><F39/><W114/><G114/><N who="2" m="43561" /><F111/><W125/><G78/><T9/><D48/><U11/><E69/><V92/><F92/><W132/><G132/><T24/><D2/><U42/><E42/><V96/><F96/><W82/><G43/><T68/><D23/><U73/><E73/><V129/><F84/><W89/><G5/><T87/><D99/><N who="1" m="59903" /><E46/><V32/><F32/><W44/><G44/><T124/><D124/><U60/><E52/><V40/><F40/><W120/><G120/><T75/><REACH who="0" step="1"/><D75/><REACH who="0" ten="191,304,380,115" step="2"/><U134/><E134/><V16/><F38/><W64/><G33/><T86/><D86/><U122/><E22/><V7/><F41/><W123/><G123/><T10/><D10/><U8/><E21/><V20/><F20/><W77/><G26/><T104/><D104/><N who="3" m="40041" /><G57/><T35/><D35/><U110/><E27/><V119/><F7/><W102/><G64/><T37/><D37/><U53/><E122/><V49/><F65/><W79/><G79/><T19/><D19/><U6/><E6/><V70/><F18/><W36/><G36/><T56/><D56/><U130/><E11/><V17/><F17/><W128/><G128/><T29/><D29/><U59/><E130/><V109/><F129/><W100/><G77/><T81/><AGARI ba="0,1" hai="0,4,9,24,25,63,66,68,72,76,80,81,87,88" machi="81" ten="20,8000,1" yaku="1,1,0,1,7,1,54,1,53,1" doraHai="91" doraHaiUra="85" who="0" fromWho="0" sc="191,90,304,-20,380,-20,115,-40" owari="281,-12.0,284,8.0,360,46.0,75,-42.0" /></mjloggm>