<mjloggm ver="2.3"><GO type="41" lobby="0"/><UN n0="%4E%65%72%6F%6C%69%69" n1="%43%4F%5A%49%59" n2="%E3%82%AB%E3%83%AB%E3%83%93" n3="%E5%B0%B1%E6%B4%BB%E7%94%9F%40%E5%B7%9D%E6%9D%91%E8%BB%8D%E5%9B%A3" dan="15,15,15,15" rate="1984.38,2013.26,2029.31,2015.14" sx="F,M,M,M"/><TAIKYOKU oya="0"/><INIT seed="0,0,0,2,4,11" ten="250,250,250,250" oya="0" hai0="69,68,125,6,84,120,63,104,35,91,61,82,29" hai1="107,47,90,99,77,70,74,76,115,56,98,89,54" hai2="94,113,33,49,126,75,118,64,31,38,78,66,26" hai3="45,67,130,73,15,87,88,114,127,40,25,122,28"/><T132/><D120/><U5/><E70/><V53/><F113/><W18/><G73/><T112/><D112/><U12/><E115/><V86/><F38/><W103/><G114/><T13/><D132/><U83/><E47/><V46/><F126/><W43/><G127/><T55/><D125/><U14/><E5/><V92/><F118/><W8/><G122/><T85/><D104/><U21/><E107/><V79/><F75/><W110/><G130/><T119/><D119/><U30/><E74/><V23/><F33/><W16/><G110/><T44/><D35/><U101/><E101/><V128/><F128/><W97/><G67/><N who="2" m="25641" /><F86/><W27/><G18/><T80/><D29/><U9/><E9/><V19/><F31/><W134/><G134/><T60/><D44/><U34/><E34/><V102/><F102/><W105/><G28/><T37/><D37/><U4/><E4/><V133/><F133/><W39/><REACH who="3" step="1"/><G43/><REACH who="3" ten="250,250,250,240" step="2"/><T121/><D121/><U100/><E30/><V135/><F135/><W123/><G123/><T20/><D68/><U129/><E129/><V72/><F72/><W57/><G57/><T108/><D69/><U3/><E56/><V58/><F58/><W111/><G111/><T7/><D108/><U131/><E131/><V116/><F116/><W41/><G41/><T106/><D106/><U117/><E117/><V96/><F19/><W59/><G59/><T0/><D55/><U48/><E54/><V95/><F53/><W32/><G32/><T65/><D65/><U93/><E100/><V62/><F62/><W42/><G42/><T2/><D61/><RYUUKYOKU ba="0,1" sc="250,-10,250,-10,250,-10,240,30" hai3="8,15,16,25,27,39,40,45,87,88,97,103,105" /><INIT seed="1,1,1,2,3,96" ten="240,240,240,270" oya="1" hai0="100,110,94,16,61,60,15,113,20,9,56,17,123" hai1="90,112,86,133,34,43,31,124,72,33,51,0,99" hai2="27,128,132,41,127,91,106,107,89,38,47,104,67" hai3="7,28,83,88,58,95,68,48,135,59,62,37,81"/><U25/><E72/><V26/><F127/><W64/><G37/><T50/><D113/><U1/><E112/><V119/><F119/><W40/><G135/><T8/><D110/><U13/><E34/><V82/><F132/><W126/><G126/><T111/><D111/><U11/><E124/><V44/><F128/><W97/><G7/><T103/><D123/><U130/><E133/><V71/><F47/><W108/><G108/><T52/><D94/><U29/><E29/><V23/><F82/><W18/><G28/><T79/><D79/><U93/><E130/><V80/><F80/><W65/><G68/><T66/><D8/><U98/><E51/><V117/><F117/><W14/><G64/><T78/><D78/><U121/><E43/><V109/><F109/><W85/><G97/><T3/><D3/><U49/><E49/><V53/><F53/><N who="3" m="32039" /><G40/><T116/><D116/><U74/><E74/><V101/><F101/><N who="0" m="38986" /><D66/><U92/><E121/><V105/><N who="2" m="27136" /><DORA hai="32" /><V30/><REACH who="2" step="1"/><F27/><AGARI ba="1,1" hai="9,15,16,17,20,27,50,52,56,60,61" m="38986" machi="27" ten="30,12000,2" yaku="8,1,52,3,54,2" doraHai="96,32" who="0" fromWho="2" sc="240,133,240,0,240,-123,270,0" /><INIT seed="2,0,0,2,5,54" ten="373,240,117,270" oya="2" hai0="20,13,135,86,71,30,0,38,59,85,33,46,23" hai1="55,4,113,114,8,74,98,31,78,67,125,102,28" hai2="134,112,25,81,40,87,24,66,58,29,15,76,111" hai3="75,49,17,64,3,19,43,132,117,121,91,26,14"/><V90/><F112/><W97/><G3/><T83/><D135/><U32/><E125/><V41/><F134/><W53/><G75/><T115/><D115/><U21/><E21/><V44/><F111/><W84/><G121/><T89/><D71/><U36/><E55/><V57/><F66/><W103/><G117/><T133/><D133/><U18/><E18/><V105/><F105/><W51/><G132/><T128/><D128/><U9/><E9/><V52/><F15/><W104/><G64/><T107/><D107/><N who="1" m="63959" /><E31/><V7/><F7/><W1/><G1/><T50/><D0/><N who="1" m="7" /><E36/><V100/><F100/><W34/><G43/><N who="2" m="16457" /><F76/><W2/><G2/><T123/><D123/><U96/><E96/><V35/><F35/><W68/><G68/><T119/><D119/><U99/><E99/><V130/><F130/><W65/><G65/><T72/><D38/><U118/><E67/><V109/><F109/><W47/><G14/><T127/><D13/><U39/><E39/><V77/><F77/><W101/><G101/><T16/><D127/><U56/><E118/><V73/><F73/><W37/><G37/><T126/><D126/><U70/><E70/><V92/><F92/><W108/><G108/><T10/><D72/><U124/><E124/><V42/><N who="2" m="16465" /><V80/><DORA hai="48" /><F80/><W95/><REACH who="3" step="1"/><G49/><REACH who="3" ten="373,240,117,260" step="2"/><T12/><D50/><U27/><E114/><V69/><F69/><W45/><G45/><T116/><D46/><U22/><E113/><V62/><F44/><W61/><G61/><T88/><D116/><U11/><E74/><V6/><F62/><W63/><G63/><RYUUKYOKU ba="0,1" sc="373,-10,240,-10,117,-10,260,30" hai3="17,19,26,34,47,51,53,84,91,95,97,103,104" /><INIT seed="3,1,1,4,4,15" ten="363,230,107,290" oya="3" hai0="82,102,70,10,17,90,47,66,129,60,20,126,36" hai1="134,57,42,38,73,22,0,116,79,119,118,128,31" hai2="41,80,7,100,92,107,111,133,71,103,13,93,87" hai3="72,27,120,3,61,99,50,4,106,1,81,45,43"/><W23/><G120/><T49/><D126/><U39/><E134/><V105/><F71/><W121/><G121/><T68/><D129/><U5/><E128/><V124/><F41/><W97/><G72/><T127/><D127/><U2/><E57/><V53/><F53/><W16/><G81/><T74/><D102/><N who="2" m="38954" /><F13/><W18/><G106/><N who="2" m="40457" /><F7/><W86/><G86/><T89/><D36/><N who="1" m="13867" /><E42/><V59/><F59/><W11/><G1/><N who="1" m="618" /><E5/><V9/><F9/><W88/><G88/><T125/><D68/><U115/><E115/><V26/><F26/><W122/><G122/><T94/><D125/><U8/><E8/><V84/><F124/><W65/><G18/><T69/><D70/><AGARI ba="1,1" hai="3,4,11,16,23,27,43,45,50,61,65,70,97,99" machi="70" ten="30,5800,0" yaku="7,1,52,1,54,1" doraHai="15" who="3" fromWho="0" sc="363,-61,230,0,107,0,290,71" /><INIT seed="3,2,0,4,0,40" ten="302,230,107,361" oya="3" hai0="99,43,131,112,77,111,23,12,10,92,64,70,30" hai1="78,52,107,25,80,15,68,86,116,113,66,33,20" hai2="134,118,128,96,74,109,67,90,58,135,93,91,125" hai3="31,19,76,110,34,54,41,72,3,42,124,89,85"/><W103/><G3/><T126/><D111/><U24/><E107/><V50/><F118/><W56/><G124/><T57/><D126/><U6/><E113/><V9/><F125/><W71/><G110/><T16/><D131/><U51/><E116/><V39/><F109/><W27/><G71/><T53/><D112/><U122/><E122/><V101/><F39/><W60/><G103/><T13/><D77/><U130/><E130/><V121/><F128/><W32/><G32/><T84/><D84/><U133/><E133/><N who="2" m="50699" /><F121/><W38/><G38/><T21/><D70/><U79/><E33/><V7/><F74/><W55/><G55/><T129/><D129/><U83/><E66/><V61/><F50/><W22/><G76/><T100/><D43/><U46/><E68/><V8/><F8/><W108/><G72/><T65/><D30/><U0/><E0/><AGARI ba="2,0" hai="0,7,9,58,61,67,90,91,93,96,101" m="50699" machi="0" ten="30,1000,0" yaku="20,1" doraHai="40" who="2" fromWho="1" sc="302,0,230,-16,107,16,361,0" /><INIT seed="4,0,0,3,1,8" ten="302,214,123,361" oya="0" hai0="95,122,29,74,110,73,12,121,20,11,52,26,81" hai1="46,129,123,67,54,130,39,15,99,58,106,33,50" hai2="61,116,16,4,92,14,49,82,68,40,85,57,126" hai3="94,25,21,103,79,59,36,17,112,66,115,133,18"/><T69/><D69/><U55/><E33/><V77/><F126/><W114/><G36/><T134/><D134/><U5/><E123/><V70/><F116/><W89/><G133/><T35/><D110/><U131/><E67/><V60/><F4/><W107/><G79/><T101/><D35/><U76/><E76/><V42/><F92/><W7/><G7/><T109/><D109/><U102/><E15/><V83/><F83/><W0/><G0/><T2/><D2/><U23/><E23/><V1/><F1/><W78/><G78/><T111/><D111/><U96/><E5/><V71/><F49/><W98/><G59/><T117/><D117/><U132/><E132/><V45/><F45/><W127/><G66/><T80/><D121/><U62/><E99/><V30/><F30/><N who="3" m="17711" /><G127/><T53/><D122/><U3/><E3/><V72/><F72/><W86/><AGARI ba="0,0" hai="17,18,86,89,94,98,103,107,112,114,115" m="17711" machi="86" ten="30,1100,0" yaku="15,1" doraHai="8" who="3" fromWho="3" sc="302,-5,214,-3,123,-3,361,11" /><INIT seed="5,0,0,4,4,67" ten="297,211,120,372" oya="1" hai0="117,104,105,15,0,1,74,60,34,23,134,44,83" hai1="91,37,93,31,7,36,101,73,61,130,65,88,4" hai2="16,82,20,103,46,122,131,42,113,70,53,119,98" hai3="21,51,118,96,66,89,33,48,13,29,68,110,107"/><U90/><E73/><V72/><F119/><W95/><G118/><T99/><D117/><U39/><E130/><V97/><F122/><W49/><G110/><T26/><D134/><U87/><E31/><V64/><F131/><W56/><G33/><T12/><D34/><U71/><REACH who="1" step="1"/><E87/><REACH who="1" ten="297,201,120,372" step="2"/><V76/><F113/><W55/><G107/><T24/><D74/><U127/><E127/><V106/><F98/><AGARI ba="0,1" hai="4,7,36,37,39,61,65,71,88,90,91,93,98,101" machi="98" ten="50,9600,0" yaku="1,1,52,1,54,1,53,0" doraHai="67" doraHaiUra="9" who="1" fromWho="2" sc="297,0,201,106,120,-96,372,0" /><INIT seed="5,1,0,4,5,80" ten="297,307,24,372" oya="1" hai0="20,10,68,17,25,83,36,53,96,12,46,65,19" hai1="114,106,74,84,128,121,69,14,107,85,37,135,3" hai2="61,118,66,131,94,47,73,45,22,41,76,15,79" hai3="71,123,29,32,2,91,26,34,59,77,117,13,57"/><U33/><E14/><V109/><F118/><W93/><G2/><T103/><D68/><U116/><E85/><V130/><F109/><W112/><G71/><T120/><D120/><U30/><E84/><V1/><F1/><W72/><G117/><T90/><D65/><U126/><E30/><V102/><F73/><W21/><G112/><T28/><D36/><U49/><E49/><V99/><F130/><W98/><G123/><T7/><D83/><U92/><E92/><V95/><F131/><W0/><G0/><T31/><D90/><U133/><E133/><V87/><F47/><W55/><G59/><T64/><D64/><U56/><E56/><V101/><F15/><W111/><G111/><AGARI ba="1,0" hai="3,33,37,69,74,106,107,111,114,116,121,126,128,135" machi="111" ten="0,48000,5" yakuman="47" doraHai="80" who="1" fromWho="3" sc="297,0,307,483,24,0,372,-483" owari="297,10.0,790,89.0,24,-38.0,-111,-61.0" /></mjloggm>