<mjloggm ver="2.3"><GO type="169" lobby="0"/><UN n0="%66%75%6B%75%30%32" n1="%E3%82%A6%E3%83%AB%E3%83%88%E3%83%A9%E7%AB%8B%E7%9B%B4" n2="%57%69%6E%73%74%6F%6E" n3="%74%61%6B%75%61%6B%61" dan="16,16,16,16" rate="2027.84,2119.12,2065.24,2101.02" sx="M,M,M,M"/><TAIKYOKU oya="0"/><INIT seed="0,0,0,5,1,7" ten="250,250,250,250" oya="0" hai0="75,4,23,11,69,123,91,9,121,33,14,80,50" hai1="128,19,101,41,110,115,88,129,8,131,0,56,30" hai2="84,77,24,18,35,124,86,71,54,47,120,102,36" hai3="114,96,76,132,72,67,73,82,53,20,46,1,103"/><T5/><D33/><U68/><E68/><V16/><F120/><W116/><G114/><T126/><D69/><U51/><E101/><V60/><F124/><W130/><G116/><T28/><D126/><U119/><E30/><V32/><F102/><W48/><G67/><T59/><D75/><U122/><E122/><V25/><F71/><W98/><G130/><T127/><D127/><U100/><E100/><V113/><F77/><W85/><G132/><T134/><D134/><U112/><E119/><V99/><F99/><W49/><G1/><T108/><D108/><U97/><E110/><V3/><F60/><W105/><G20/><T94/><D80/><U125/><E125/><V70/><F70/><W74/><G96/><T57/><D23/><U63/><E51/><V26/><F113/><N who="1" m="43593" /><E41/><V62/><F32/><W31/><G31/><T17/><D28/><U27/><E27/><V87/><F35/><W45/><REACH who="3" step="1"/><G74/><REACH who="3" ten="250,250,250,240" step="2"/><T13/><D123/><U15/><E0/><V118/><F3/><W52/><AGARI ba="0,1" hai="45,46,48,49,52,53,72,73,76,82,85,98,103,105" machi="52" ten="20,12000,2" yaku="1,1,2,1,0,1,7,1,9,1,54,1,53,1" doraHai="7" doraHaiUra="95" who="3" fromWho="3" sc="250,-60,250,-30,250,-30,240,130" /><INIT seed="1,0,0,3,4,75" ten="190,220,220,370" oya="1" hai0="9,95,98,73,99,123,50,69,91,119,46,61,132" hai1="97,117,102,57,48,80,79,62,68,20,37,8,64" hai2="114,94,56,135,28,122,112,53,38,90,88,42,13" hai3="126,59,109,4,43,85,107,16,129,0,67,19,100"/><U58/><E37/><V26/><F122/><W96/><G126/><T105/><D119/><U41/><E117/><V3/><F3/><W49/><G109/><T14/><D123/><U86/><E8/><V81/><F135/><W133/><G133/><T121/><D121/><U111/><E111/><V36/><F13/><W24/><G129/><T39/><D132/><U130/><E130/><V29/><F81/><W113/><G113/><N who="2" m="43625" /><F90/><W60/><G0/><T127/><D127/><U66/><E66/><V125/><F125/><W120/><G4/><T32/><D32/><U89/><E20/><N who="2" m="15431" /><F42/><W70/><G120/><T106/><D39/><U18/><E18/><V11/><F11/><W54/><G24/><T40/><D73/><U5/><E5/><V83/><F83/><W15/><G15/><T1/><D1/><U35/><E35/><V45/><F45/><W6/><G6/><T7/><D99/><U110/><E110/><V134/><F29/><W104/><G104/><T118/><D118/><U128/><E128/><V31/><F31/><W77/><REACH who="3" step="1"/><G43/><REACH who="3" ten="190,220,220,360" step="2"/><T131/><D131/><U21/><E41/><V92/><F134/><W10/><G10/><T17/><D7/><U27/><E27/><V82/><F36/><W78/><G78/><T93/><D106/><N who="1" m="63823" /><E79/><V2/><F38/><W84/><G84/><T55/><D105/><U101/><E21/><V124/><F2/><W87/><G87/><T72/><D72/><U51/><E101/><V76/><F124/><W74/><G74/><T108/><D108/><U25/><E25/><V65/><F76/><W116/><G116/><RYUUKYOKU ba="0,1" sc="190,-15,220,15,220,-15,360,15" hai1="48,51,57,58,62,64,68,80,86,89" hai3="16,19,49,54,59,60,67,70,77,85,96,100,107" /><INIT seed="1,1,1,4,0,117" ten="175,235,205,375" oya="1" hai0="71,80,124,23,5,38,10,0,68,99,96,55,35" hai1="116,76,73,2,106,100,39,127,58,72,86,57,4" hai2="6,85,103,75,94,84,3,118,32,101,59,22,34" hai3="40,54,12,115,110,74,61,91,37,65,56,132,7"/><U128/><E4/><V51/><F118/><W89/><G110/><T95/><D35/><U133/><E2/><V67/><F75/><N who="1" m="28745" /><E39/><V21/><F6/><W63/><G115/><T129/><D38/><U98/><E57/><V102/><F3/><W62/><G132/><T113/><D113/><U17/><E58/><V107/><F59/><W92/><G74/><T19/><D55/><U97/><E17/><V8/><F8/><N who="3" m="4127" /><G37/><T114/><D114/><U27/><E27/><V26/><F26/><W81/><G40/><T70/><D80/><N who="1" m="47367" /><E116/><V1/><F51/><N who="3" m="30815" /><G81/><T30/><D30/><U111/><E133/><V88/><F1/><W105/><G105/><T15/><D124/><U131/><E127/><V130/><F67/><W29/><G29/><T33/><D33/><U9/><E9/><V78/><F32/><W20/><G20/><T83/><D83/><U66/><E66/><V18/><F34/><W77/><G77/><T64/><D64/><U16/><E16/><V60/><F21/><W104/><G104/><T48/><D48/><U122/><E111/><V50/><F50/><W121/><G65/><T36/><D36/><U126/><E126/><V43/><F18/><W109/><G109/><T25/><D0/><U82/><E122/><V14/><F22/><W31/><G121/><T93/><D71/><U125/><E125/><V47/><F14/><W108/><G108/><T52/><D70/><U90/><E82/><V69/><F69/><W11/><G11/><T134/><D68/><U49/><E49/><V135/><F135/><W112/><G112/><T28/><D134/><RYUUKYOKU ba="1,1" sc="175,-10,235,30,205,-10,375,-10" hai1="90,97,98,100,106,128,131" /><INIT seed="1,2,1,3,2,33" ten="165,265,195,365" oya="1" hai0="72,110,127,4,80,17,59,1,42,39,63,5,82" hai1="67,58,128,116,6,27,102,41,135,50,93,55,95" hai2="106,96,114,53,11,22,34,14,119,98,91,90,83" hai3="129,108,117,16,65,45,104,120,13,78,38,51,107"/><U70/><E116/><V62/><F119/><W47/><G120/><T68/><D68/><U76/><E128/><V131/><F34/><W73/><G108/><T123/><D110/><U18/><E135/><V64/><F131/><W60/><G129/><T79/><D123/><U8/><E76/><V103/><F114/><W61/><G117/><T126/><D82/><U48/><E70/><V9/><F53/><W118/><G118/><T112/><D112/><U87/><E67/><V130/><F130/><W25/><G25/><T100/><D100/><U21/><E87/><V7/><F96/><W133/><G133/><T28/><D28/><U29/><E29/><V26/><F83/><W30/><G30/><T124/><D17/><U84/><E84/><V3/><F14/><W31/><G31/><T46/><REACH who="0" step="1"/><D1/><REACH who="0" ten="155,265,195,365" step="2"/><U0/><E102/><V113/><F113/><W85/><G16/><T35/><D35/><U94/><E0/><V2/><F2/><W122/><G122/><T88/><D88/><U134/><E134/><V115/><F115/><W54/><G78/><T37/><D37/><U44/><E6/><V19/><F11/><AGARI ba="2,2" hai="8,11,18,21,27,41,44,48,50,55,58,93,94,95" machi="11" ten="40,2000,0" yaku="8,1" doraHai="33" who="1" fromWho="2" sc="155,0,265,46,195,-26,365,0" /><INIT seed="1,3,0,2,2,119" ten="155,311,169,365" oya="1" hai0="59,82,36,132,9,120,125,64,21,106,20,100,101" hai1="92,123,89,90,75,29,0,84,61,11,30,105,35" hai2="135,52,38,55,54,1,122,86,56,98,126,3,99" hai3="104,65,83,130,39,7,110,127,12,2,71,14,91"/><U87/><E105/><V37/><F126/><W70/><G110/><T117/><D36/><N who="2" m="13930" /><F56/><W62/><G130/><T103/><D117/><U95/><E75/><V116/><F116/><W81/><G39/><T34/><D34/><U8/><E61/><V96/><F86/><W57/><G104/><T66/><D125/><U111/><E35/><V23/><F23/><N who="0" m="8778" /><D106/><U133/><E133/><V118/><F118/><W94/><G2/><N who="2" m="521" /><F135/><W68/><G127/><T18/><D132/><U15/><E0/><V50/><F50/><W85/><G7/><T131/><D131/><U48/><E48/><V107/><F107/><W121/><G83/><T102/><D102/><U42/><E42/><V10/><F10/><W93/><G93/><T27/><D82/><U4/><E4/><V79/><F79/><W129/><G129/><T43/><D43/><U112/><E15/><V40/><F40/><W17/><G81/><T72/><D72/><U134/><E134/><V49/><F49/><W45/><G45/><T60/><D27/><U41/><E41/><V5/><F5/><W26/><G26/><T77/><D77/><U88/><E90/><V76/><F76/><W33/><G33/><T73/><D73/><U124/><E124/><V115/><F115/><W58/><G58/><T80/><D80/><U46/><E46/><V108/><F108/><W51/><G51/><T16/><D66/><U6/><E6/><V47/><F47/><W24/><G24/><T128/><D128/><U67/><E111/><V114/><F114/><W113/><G113/><T109/><D109/><U69/><E112/><RYUUKYOKU ba="3,0" sc="155,-10,311,-10,169,30,365,-10" hai2="52,54,55,96,98,99,122" /><INIT seed="2,4,0,3,3,121" ten="145,301,199,355" oya="2" hai0="0,106,28,22,88,12,44,79,96,59,17,94,107" hai1="57,23,95,19,117,1,46,9,87,135,61,113,83" hai2="100,31,130,78,67,91,51,122,134,71,133,21,6" hai3="110,11,77,109,123,128,64,34,45,120,108,49,30"/><V105/><F122/><N who="3" m="46635" /><G128/><T38/><D0/><U14/><E113/><V56/><F130/><W15/><G64/><T132/><D132/><N who="2" m="50794" /><F6/><N who="3" m="3575" /><G77/><T41/><D79/><U13/><E1/><V101/><F78/><W129/><G129/><T126/><D126/><U85/><E83/><V104/><F71/><W75/><G75/><T35/><REACH who="0" step="1"/><D59/><REACH who="0" ten="135,301,199,355" step="2"/><U115/><E57/><V73/><F73/><W84/><G84/><T127/><D127/><U25/><E87/><V70/><F70/><W55/><G34/><T124/><D124/><U98/><E85/><V27/><F56/><W42/><G30/><T65/><D65/><U7/><E135/><V4/><F67/><W125/><G125/><T36/><D36/><U52/><E115/><V29/><F31/><W60/><G60/><T62/><D62/><U5/><E61/><V66/><F66/><W90/><G90/><T48/><D48/><U40/><E117/><V43/><F91/><W24/><G24/><AGARI ba="4,1" hai="12,17,22,24,28,35,38,41,44,88,94,96,106,107" machi="24" ten="40,2600,0" yaku="1,1,54,1,53,0" doraHai="121" doraHaiUra="33" who="0" fromWho="3" sc="135,48,301,0,199,0,355,-38" /><INIT seed="3,0,0,2,2,83" ten="183,301,199,317" oya="3" hai0="106,16,45,42,35,116,22,95,0,53,5,55,58" hai1="74,79,73,41,129,112,80,94,47,78,65,92,7" hai2="50,99,72,105,110,85,13,54,121,119,43,17,69" hai3="15,81,71,21,52,111,128,134,25,98,33,62,101"/><W27/><G128/><T56/><D106/><U84/><E65/><V38/><F119/><W61/><G134/><T86/><D35/><U76/><E7/><V131/><F72/><N who="1" m="27753" /><E47/><V32/><F69/><W51/><G111/><T39/><D116/><U14/><E14/><V87/><F32/><W126/><G126/><T2/><D56/><U31/><E31/><V132/><F110/><W12/><G33/><T93/><D93/><N who="1" m="35947" /><E41/><V89/><F131/><W120/><G120/><T11/><D2/><U115/><E129/><V18/><F132/><W66/><G81/><T122/><D122/><U30/><E30/><V130/><F130/><W117/><G61/><T6/><D6/><U46/><E46/><V10/><F121/><W109/><G109/><T59/><D59/><U3/><E3/><V1/><F1/><W63/><G63/><T90/><REACH who="0" step="1"/><D58/><REACH who="0" ten="173,301,199,317" step="2"/><U104/><E104/><V133/><F133/><W36/><G117/><T82/><D82/><U124/><E124/><V114/><F105/><W88/><G71/><T8/><D8/><U68/><E68/><V19/><F10/><W123/><G123/><T96/><D96/><U48/><E48/><V34/><F99/><W77/><G98/><T28/><D28/><U64/><E64/><V102/><F50/><W127/><G51/><T37/><D37/><U113/><AGARI ba="0,1" hai="76,78,79,80,84,112,113,115" m="35947,27753" machi="113" ten="40,5200,0" yaku="34,2,52,1" doraHai="83" who="1" fromWho="1" sc="173,-13,301,62,199,-13,317,-26" /><INIT seed="4,0,0,0,3,85" ten="160,363,186,291" oya="0" hai0="74,108,96,118,103,21,127,123,27,73,19,40,119" hai1="97,24,122,75,70,50,114,72,46,100,54,78,3" hai2="79,2,83,111,88,42,59,43,82,35,77,94,71" hai3="47,63,52,55,31,91,32,28,128,121,53,51,106"/><T37/><D123/><U6/><E70/><V130/><F111/><W132/><G128/><T5/><D108/><U23/><E122/><V95/><F71/><W58/><G132/><T13/><D127/><U107/><E114/><V38/><F35/><W15/><G121/><T10/><D40/><U133/><E133/><V61/><F2/><W39/><G39/><T12/><D37/><U25/><E78/><N who="2" m="29707" /><F38/><W67/><G106/><T26/><D26/><U99/><E25/><V9/><F9/><W93/><G15/><T92/><REACH who="0" step="1"/><D27/><REACH who="0" ten="150,363,186,291" step="2"/><U131/><E24/><V80/><F130/><W105/><G105/><T44/><D44/><U104/><E46/><V125/><F125/><W22/><G32/><T34/><D34/><U124/><E124/><V68/><F42/><N who="3" m="25079" /><G22/><T41/><D41/><U20/><E20/><V69/><F43/><W115/><G115/><T113/><D113/><U14/><E23/><V84/><F68/><W109/><G109/><T57/><D57/><U66/><E104/><V76/><F69/><W45/><G45/><T65/><D65/><U116/><E66/><N who="2" m="39231" /><F76/><W102/><G102/><T36/><D36/><U29/><E100/><V48/><F48/><W1/><G1/><T117/><AGARI ba="0,1" hai="5,10,12,13,19,21,73,74,92,96,103,117,118,119" machi="117" ten="30,3000,0" yaku="1,1,0,1,53,0" doraHai="85" doraHaiUra="56" who="0" fromWho="0" sc="150,40,363,-10,186,-10,291,-10" /><INIT seed="4,1,0,2,4,36" ten="190,353,176,281" oya="0" hai0="88,52,110,103,23,121,58,2,49,11,101,54,84" hai1="66,95,47,29,129,45,21,115,104,34,5,122,8" hai2="102,32,125,10,107,51,17,53,24,27,111,9,114" hai3="46,99,65,75,73,118,43,134,48,12,71,57,28"/><T31/><D121/><U18/><E104/><V123/><F111/><W4/><G118/><T30/><D110/><U96/><E122/><V42/><F123/><W41/><G134/><T33/><D33/><U97/><E97/><V67/><F114/><W69/><G73/><T76/><D76/><U128/><E66/><V98/><F125/><W117/><G75/><T37/><D37/><U44/><E29/><N who="0" m="10761" /><D2/><U20/><E34/><V113/><F32/><W74/><G74/><T6/><D23/><U130/><E18/><V119/><F113/><W0/><G28/><T15/><D54/><U120/><E120/><V16/><F119/><W105/><G0/><T93/><AGARI ba="1,0" hai="6,11,15,49,52,58,84,88,93,101,103" m="10761" machi="93" ten="30,6000,0" yaku="8,1,54,2" doraHai="36" who="0" fromWho="0" sc="190,63,353,-21,176,-21,281,-21" /><INIT seed="4,2,0,4,3,16" ten="253,332,155,260" oya="0" hai0="8,122,67,73,112,93,96,107,64,114,22,7,99" hai1="2,79,10,116,69,125,42,39,75,94,105,80,65" hai2="61,86,36,6,108,23,89,15,83,74,34,48,110" hai3="58,54,43,130,90,50,38,91,97,57,41,104,135"/><T85/><D73/><U3/><E94/><V113/><F36/><W12/><G135/><T98/><D122/><U102/><E125/><V25/><F34/><W78/><G130/><T84/><D107/><U87/><E87/><N who="0" m="33353" /><D93/><U28/><E28/><V77/><F61/><W14/><G78/><T124/><D124/><U133/><E133/><V45/><F15/><W88/><G58/><T76/><D76/><U30/><E30/><V13/><F13/><W9/><G38/><T118/><D118/><U52/><E52/><V129/><F6/><W53/><G14/><N who="0" m="5407" /><D22/><U103/><E103/><V19/><F129/><W49/><G97/><T32/><D32/><U123/><E123/><V21/><F21/><W115/><G115/><AGARI ba="2,0" hai="64,67,96,98,99,112,114,115" m="5407,33353" machi="115" ten="30,1500,0" yaku="15,1" doraHai="16" who="0" fromWho="3" sc="253,21,332,0,155,0,260,-21" /><INIT seed="4,3,0,3,3,24" ten="274,332,155,239" oya="0" hai0="12,105,127,9,52,61,32,125,89,58,5,90,130" hai1="94,96,72,86,123,70,56,119,14,35,120,34,25" hai2="73,48,15,110,19,116,2,83,26,23,78,135,4" hai3="77,113,10,92,69,103,97,101,109,132,46,65,80"/><T88/><D105/><U1/><E70/><V59/><F110/><W131/><G109/><T51/><D130/><U111/><E72/><V16/><F135/><W66/><G131/><T55/><REACH who="0" step="1"/><D32/><REACH who="0" ten="264,332,155,239" step="2"/><U49/><E35/><V6/><F116/><W108/><G108/><T93/><D93/><U67/><E94/><V122/><F122/><W85/><G92/><T44/><AGARI ba="3,1" hai="5,9,12,44,51,52,55,58,61,88,89,90,125,127" machi="44" ten="30,18000,2" yaku="1,1,0,1,54,2,53,3" doraHai="24" doraHaiUra="84" who="0" fromWho="0" sc="264,199,332,-63,155,-63,239,-63" /><INIT seed="4,4,0,0,5,22" ten="463,269,92,176" oya="0" hai0="63,79,99,112,131,111,114,6,41,82,125,59,84" hai1="127,32,16,10,33,0,108,65,94,133,89,86,68" hai2="71,134,109,51,56,83,66,102,121,3,31,101,38" hai3="55,13,8,40,93,128,21,124,27,11,2,103,74"/><T7/><D125/><U54/><E127/><V107/><F121/><W49/><G124/><T122/><D122/><U28/><E133/><V52/><F109/><W1/><G128/><T135/><D131/><U47/><E108/><V97/><F134/><W73/><G40/><T15/><D135/><U95/><E65/><V25/><F3/><W119/><G119/><T53/><D111/><U24/><E68/><V129/><F129/><W14/><G74/><T20/><D41/><U91/><E33/><V61/><F102/><W44/><G73/><T34/><D34/><U77/><E77/><V18/><F18/><W120/><G120/><T126/><D126/><U130/><E130/><V17/><F17/><W113/><G113/><N who="0" m="43627" /><D99/><U26/><E0/><V80/><REACH who="2" step="1"/><F38/><REACH who="2" ten="463,269,82,176" step="2"/><W81/><G2/><T36/><D36/><U70/><E16/><AGARI ba="4,1" hai="6,7,15,16,20,53,59,63,79,82,84" m="43627" machi="16" ten="30,2900,0" yaku="15,1,54,1" doraHai="22" who="0" fromWho="1" sc="463,51,269,-41,82,0,176,0" /><INIT seed="4,5,0,0,2,48" ten="514,228,82,176" oya="0" hai0="58,42,23,101,15,47,22,93,130,12,21,78,34" hai1="40,75,11,24,5,17,28,105,19,76,74,35,13" hai2="4,126,45,51,99,128,81,9,36,104,38,31,57" hai3="16,62,0,131,107,14,33,118,102,52,80,132,85"/><T6/><D34/><U94/><E105/><V44/><F126/><W61/><G118/><T1/><D130/><U95/><E74/><V89/><F128/><W115/><G0/><T26/><D78/><U114/><E114/><V90/><F31/><W59/><G115/><T37/><D26/><U103/><E40/><V63/><F44/><W86/><G131/><T97/><REACH who="0" step="1"/><D58/><REACH who="0" ten="504,228,82,176" step="2"/><U25/><E76/><V20/><F57/><W135/><G33/><T111/><D111/><U119/><E25/><V65/><F45/><W84/><G80/><T133/><D133/><U127/><E24/><V54/><F81/><W67/><G135/><T32/><D32/><U56/><E56/><V30/><F36/><W110/><G132/><T71/><D71/><U2/><E35/><V124/><F38/><W120/><G110/><T123/><D123/><U72/><E119/><V7/><F124/><W117/><G117/><T64/><D64/><U39/><E127/><V83/><F65/><W116/><G116/><T79/><D79/><U41/><E39/><V70/><F70/><W53/><G120/><T122/><D122/><U129/><E129/><V91/><F83/><W108/><G108/><T60/><D60/><U100/><E72/><V18/><F63/><W77/><G77/><T73/><D73/><U43/><E75/><V106/><F30/><W55/><G62/><T92/><D92/><U98/><E28/><V109/><F109/><W113/><G113/><T134/><D134/><U82/><E94/><V3/><F104/><W10/><G107/><T66/><D66/><U121/><E121/><RYUUKYOKU ba="5,1" sc="504,15,228,-15,82,-15,176,15" hai0="1,6,12,15,21,22,23,37,42,47,93,97,101" hai3="10,14,16,52,53,55,59,61,67,84,85,86,102" /><INIT seed="4,6,1,0,5,96" ten="519,213,67,191" oya="0" hai0="107,57,67,135,47,32,58,64,123,7,69,8,9" hai1="70,119,133,116,23,49,4,48,79,19,120,121,59" hai2="27,117,20,54,80,42,12,132,65,73,6,1,35" hai3="109,85,22,18,11,93,16,56,46,84,40,129,127"/><T105/><D123/><U61/><E79/><V104/><F104/><W52/><G109/><T90/><D32/><U66/><E4/><V78/><F132/><W77/><G127/><T82/><D69/><U118/><E19/><V45/><F117/><W14/><G129/><T13/><D135/><U101/><E23/><V102/><F65/><W38/><G93/><T0/><D47/><U126/><E101/><V110/><F110/><W81/><G85/><T111/><D111/><U87/><E87/><V83/><F54/><W95/><G95/><T74/><D90/><U100/><E100/><V24/><F83/><W128/><G128/><T17/><D67/><U72/><E72/><V91/><F91/><W86/><G86/><T28/><D28/><U122/><E133/><V53/><F53/><W34/><G34/><T30/><D30/><U71/><E126/><V33/><F102/><W112/><G112/><T97/><D97/><U98/><E98/><V21/><F12/><W55/><REACH who="3" step="1"/><G56/><REACH who="3" ten="519,213,67,181" step="2"/><T103/><D58/><U31/><E31/><N who="2" m="17799" /><F33/><W63/><G63/><T62/><REACH who="0" step="1"/><D103/><REACH who="0" ten="509,213,67,181" step="2"/><U114/><E114/><V5/><F35/><W115/><G115/><T15/><D15/><AGARI ba="6,3" hai="11,14,15,16,18,22,38,40,46,52,55,77,81,84" machi="15" ten="30,8000,1" yaku="1,1,7,1,54,2,53,1" doraHai="96" doraHaiUra="39" who="3" fromWho="0" sc="509,-98,213,0,67,0,181,128" /><INIT seed="5,0,0,4,1,111" ten="411,213,67,309" oya="1" hai0="110,29,101,70,35,20,98,135,120,128,44,14,114" hai1="45,46,49,55,18,74,41,76,34,11,5,126,61" hai2="100,65,17,24,86,47,50,105,94,69,90,39,103" hai3="67,89,77,132,93,28,51,0,30,81,129,38,33"/><U64/><E34/><V57/><F69/><W107/><G38/><T37/><D70/><U99/><E126/><V118/><F118/><W66/><G129/><T25/><D110/><U133/><E133/><V48/><F39/><W56/><G132/><T53/><D128/><U119/><E119/><V1/><F105/><W6/><G107/><T31/><D135/><U108/><E108/><V112/><F1/><W9/><G33/><T104/><D120/><U123/><E123/><V134/><F134/><W13/><G0/><T72/><D72/><U21/><E76/><V122/><F122/><W16/><G6/><T97/><D97/><U82/><E82/><V2/><F2/><W92/><G92/><T80/><D80/><U106/><E74/><V96/><F96/><W71/><G71/><T113/><D31/><U43/><E99/><V27/><F112/><N who="0" m="43114" /><D37/><U68/><E106/><V23/><F27/><W131/><G131/><T7/><D7/><U87/><E87/><V52/><REACH who="2" step="1"/><F65/><REACH who="2" ten="411,213,57,309" step="2"/><W91/><G67/><T116/><D116/><U102/><E64/><V84/><F84/><W109/><G66/><T75/><D75/><U59/><E68/><V78/><F78/><W121/><G109/><T125/><D125/><U40/><E102/><V15/><F15/><W73/><G121/><T63/><D14/><N who="1" m="5487" /><E45/><V95/><F95/><W10/><G93/><T22/><D44/><U83/><E83/><V3/><F3/><W62/><G81/><T85/><D85/><U127/><E127/><V42/><AGARI ba="0,1" hai="17,23,24,42,47,48,50,52,57,86,90,94,100,103" machi="42" ten="20,12000,2" yaku="1,1,0,1,7,1,8,1,54,1,53,1" doraHai="111" doraHaiUra="19" who="2" fromWho="2" sc="411,-30,213,-60,57,130,309,-30" /><INIT seed="6,0,0,0,3,54" ten="381,153,187,279" oya="2" hai0="131,29,59,22,8,79,67,41,49,17,65,51,105" hai1="6,86,38,117,126,13,53,15,70,128,45,135,99" hai2="88,97,0,134,35,40,84,56,122,33,130,34,46" hai3="32,4,20,104,12,123,60,74,21,107,69,52,98"/><V16/><F122/><W37/><G123/><T89/><D105/><U36/><E70/><V18/><F0/><W10/><G37/><T108/><D79/><U24/><E117/><V124/><F134/><W73/><G32/><T76/><D76/><U77/><E126/><V113/><F124/><W121/><G121/><T83/><D108/><U115/><E115/><V47/><F113/><W129/><G129/><T114/><D114/><U57/><E128/><V44/><F40/><W119/><G69/><T118/><D29/><U127/><E127/><V133/><F133/><W61/><G107/><T125/><D8/><U68/><E68/><V96/><F130/><W26/><G21/><T58/><D118/><U25/><E135/><V109/><F56/><N who="0" m="21546" /><D131/><U48/><E38/><V106/><F109/><W75/><G52/><T11/><D11/><U111/><E111/><V103/><REACH who="2" step="1"/><F97/><REACH who="2" ten="381,153,177,279" step="2"/><W14/><G119/><T9/><D125/><U94/><E45/><V92/><AGARI ba="0,1" hai="16,18,33,34,35,44,46,47,84,88,92,96,103,106" machi="92" ten="40,18000,2" yaku="1,1,2,1,0,1,54,2,53,1" doraHai="54" doraHaiUra="93" who="2" fromWho="2" sc="381,-60,153,-60,177,190,279,-60" /><INIT seed="6,1,0,3,3,124" ten="321,93,367,219" oya="2" hai0="43,118,41,84,50,36,0,42,1,47,100,7,44" hai1="62,96,121,70,17,32,76,22,99,68,125,40,53" hai2="28,80,37,23,120,101,108,85,86,11,67,106,111" hai3="126,31,114,15,127,24,112,5,64,9,135,74,14"/><V34/><F120/><W88/><G74/><T20/><D118/><U52/><E32/><V113/><F37/><W46/><G64/><T134/><D134/><U63/><E125/><N who="3" m="47626" /><G46/><T129/><D43/><U12/><E121/><V8/><F34/><N who="3" m="20839" /><G88/><T95/><D20/><U132/><E132/><V122/><F122/><W93/><G93/><T54/><D54/><U16/><E40/><V27/><F67/><W87/><G87/><N who="2" m="33289" /><F80/><W131/><G135/><T56/><D56/><U117/><E76/><V55/><F55/><W115/><G131/><T59/><D59/><U6/><E6/><V35/><F35/><W130/><G130/><T58/><D58/><U75/><E75/><V90/><F90/><W77/><G77/><T97/><D129/><U61/><E117/><V45/><F45/><W49/><G49/><T21/><D7/><U2/><E2/><AGARI ba="1,0" hai="2,5,9,14,15,112,114,115" m="20839,47626" machi="2" ten="40,8000,1" yaku="15,1,11,1,18,1,34,2" doraHai="124" who="3" fromWho="1" sc="321,0,93,-83,367,0,219,83" /><INIT seed="7,0,0,2,1,132" ten="321,10,367,302" oya="3" hai0="26,58,72,135,31,119,125,107,65,129,130,90,113" hai1="42,4,83,67,46,45,30,41,64,1,112,106,22" hai2="50,114,95,108,62,134,20,54,34,103,7,25,92" hai3="66,101,118,104,73,79,39,99,109,52,78,82,115"/><W43/><G118/><T122/><D72/><U94/><E22/><V121/><F108/><W32/><G115/><T59/><D107/><U36/><E94/><V77/><F134/><W93/><G109/><T102/><D135/><U33/><E83/><V74/><F34/><W2/><G32/><T0/><D102/><U89/><E89/><V60/><F114/><W81/><G66/><T85/><D0/><U27/><E106/><V10/><F121/><W76/><G2/><T21/><D113/><U127/><E127/><V98/><F95/><W18/><G39/><T37/><D37/><U57/><E57/><N who="0" m="21513" /><D65/><U24/><E112/><V48/><F74/><W133/><G43/><T12/><D12/><U84/><E84/><V105/><F105/><W23/><G133/><T19/><D31/><U86/><E86/><V56/><F50/><W13/><G104/><T68/><D68/><U49/><E4/><V117/><F77/><W128/><G128/><N who="0" m="49259" /><D122/><U111/><E111/><V75/><F75/><W61/><G73/><T80/><D119/><U11/><E11/><V69/><F69/><W6/><G6/><T71/><D71/><U15/><E15/><N who="2" m="5599" /><F117/><W44/><REACH who="3" step="1"/><G61/><REACH who="3" ten="321,10,367,292" step="2"/><T51/><D51/><AGARI ba="0,1" hai="13,18,23,44,51,52,76,78,79,81,82,93,99,101" machi="51" ten="40,12000,1" yaku="1,1,2,1,8,1,54,1,53,0" doraHai="132" doraHaiUra="100" who="3" fromWho="0" sc="321,-120,10,0,367,0,292,130" owari="201,-20.0,10,-49.0,367,17.0,422,52.0" /></mjloggm>