<mjloggm ver="2.3"><GO type="97" lobby="0"/><UN n0="%E3%82%A6%E3%83%AB%E3%83%88%E3%83%A9%E7%AB%8B%E7%9B%B4" n1="%E7%8C%AB%E5%8F%89%4D%61%73%74%65%72" n2="%E7%B7%8B%E7%89%A1%E4%B8%B9%E3%83%90%E3%83%AB%E3%82%AB%E3%83%B3" n3="%E6%9F%B3%E7%94%9F%E5%AE%97%E5%8E%B3" dan="15,14,13,14" rate="1990.54,1924.62,2031.45,1965.36" sx="M,M,M,M"/><TAIKYOKU oya="0"/><INIT seed="0,0,0,4,1,53" ten="250,250,250,250" oya="0" hai0="15,47,130,31,81,72,19,108,88,114,68,129,17" hai1="39,120,119,58,96,121,105,123,45,38,32,52,0" hai2="77,135,74,13,124,29,109,36,51,131,23,20,1" hai3="34,6,99,115,57,75,40,56,71,22,60,27,49"/><T10/><D68/><U101/><E119/><V116/><F51/><W85/><G75/><T134/><D72/><U107/><E32/><V61/><F61/><W122/><G115/><T64/><D64/><U110/><E110/><V103/><F103/><W126/><G126/><T92/><D81/><U86/><E0/><V80/><F36/><W18/><G71/><T42/><D114/><U106/><E86/><V79/><F1/><W11/><G122/><T33/><D108/><U133/><E133/><V87/><F109/><W28/><G99/><T91/><D134/><U59/><E59/><V26/><F116/><W76/><G60/><T12/><D31/><U69/><E69/><V14/><F124/><W132/><G132/><T112/><D33/><U95/><REACH who="1" step="1"/><E45/><REACH who="1" ten="250,240,250,250" step="2"/><V66/><F135/><W3/><G85/><T63/><D112/><U21/><E21/><V37/><F23/><W25/><G76/><T73/><D73/><U102/><E102/><V98/><F77/><W117/><G117/><T55/><D91/><U2/><E2/><V8/><F79/><W82/><REACH who="3" step="1"/><G82/><REACH who="3" ten="250,240,250,240" step="2"/><T111/><D111/><U70/><E70/><V83/><F80/><W35/><G35/><T93/><D88/><U5/><E5/><V30/><F83/><W46/><AGARI ba="0,2" hai="3,6,11,18,22,25,27,28,34,40,46,49,56,57" machi="46" ten="30,7900,0" yaku="1,1,0,1,52,2,53,0" doraHai="53" doraHaiUra="65" who="3" fromWho="3" sc="250,-39,240,-20,250,-20,240,99" /><INIT seed="1,0,0,1,1,51" ten="211,220,230,339" oya="1" hai0="54,36,113,57,75,31,73,67,0,114,99,52,92" hai1="61,25,56,124,64,74,135,10,27,7,82,19,40" hai2="17,103,109,89,112,122,84,35,100,72,34,96,70" hai3="116,125,4,47,45,120,22,44,2,41,8,97,98"/><U26/><E135/><V24/><F122/><W15/><G120/><T63/><D0/><U91/><E124/><V93/><F70/><W86/><G125/><T66/><D36/><U33/><E40/><V3/><F3/><W111/><G111/><T49/><D75/><U78/><E91/><V87/><F72/><W5/><G116/><T132/><D73/><U81/><E81/><V107/><F109/><W131/><G131/><T80/><D132/><U16/><REACH who="1" step="1"/><E33/><REACH who="1" ten="211,210,230,339" step="2"/><V13/><F34/><W104/><G41/><T95/><D80/><U46/><E46/><V39/><F35/><W37/><G37/><T58/><D113/><U18/><E18/><V133/><F39/><W121/><G121/><T110/><D114/><U129/><E129/><V43/><F43/><W105/><G2/><AGARI ba="0,1" hai="2,7,10,16,19,25,26,27,56,61,64,74,78,82" machi="2" ten="40,12000,1" yaku="1,1,54,1,53,3" doraHai="51" doraHaiUra="20" who="1" fromWho="3" sc="211,0,210,130,230,0,339,-120" /><INIT seed="1,1,0,2,3,11" ten="211,340,230,219" oya="1" hai0="36,62,113,34,58,134,94,0,18,121,42,80,122" hai1="37,54,48,70,101,63,91,19,10,3,117,13,100" hai2="131,110,2,29,128,98,61,26,76,119,45,127,79" hai3="9,1,115,107,53,97,83,120,102,24,30,71,87"/><U6/><E117/><V17/><F119/><W77/><G115/><T57/><D34/><U78/><E37/><V31/><F2/><W55/><G120/><N who="0" m="46187" /><D0/><U75/><E91/><V111/><F127/><W25/><G25/><T23/><D113/><U86/><E75/><V50/><F61/><W82/><G82/><T52/><D134/><U133/><E133/><V14/><F98/><W85/><G85/><T96/><D80/><U15/><E3/><V129/><F76/><W49/><G71/><T65/><D42/><U89/><E78/><V21/><F79/><W46/><G1/><T39/><D58/><N who="1" m="33095" /><E63/><V116/><F116/><W20/><REACH who="3" step="1"/><G9/><REACH who="3" ten="211,340,230,209" step="2"/><T5/><D65/><U99/><E70/><V64/><F64/><W32/><G32/><T4/><D39/><U123/><E123/><V130/><F130/><W38/><G38/><T109/><D36/><U8/><E99/><V67/><F67/><W135/><G135/><T106/><D106/><U41/><E41/><AGARI ba="1,1" hai="20,24,30,41,46,49,53,55,77,83,87,97,102,107" machi="41" ten="30,2000,0" yaku="1,1,7,1,53,0" doraHai="11" doraHaiUra="124" who="3" fromWho="1" sc="211,0,340,-23,230,0,209,33" /><INIT seed="2,0,0,5,0,77" ten="211,317,230,242" oya="2" hai0="34,12,110,43,55,83,67,63,50,104,36,21,45" hai1="88,13,15,52,2,89,26,102,33,125,38,85,71" hai2="66,78,118,121,47,19,11,60,58,46,99,106,14" hai3="29,51,10,79,64,62,56,108,100,7,6,133,80"/><V92/><F121/><W40/><G133/><T37/><D104/><U90/><E2/><V105/><F118/><W16/><G108/><T111/><D34/><U101/><E125/><V96/><F96/><W119/><G119/><T28/><D28/><U134/><E134/><V81/><F105/><W117/><G117/><T8/><D21/><U39/><E71/><V41/><F106/><W115/><G115/><T84/><D111/><U70/><E70/><V82/><F78/><W25/><G100/><T87/><D87/><U95/><E39/><V135/><F135/><W32/><G40/><T49/><D110/><U48/><E38/><V113/><F113/><W128/><G51/><T54/><D63/><U123/><E123/><V18/><F18/><W112/><G128/><T59/><D67/><U97/><E26/><V109/><F109/><W132/><G112/><T131/><D131/><U114/><E33/><V120/><F120/><W35/><G32/><T53/><D36/><U22/><E114/><V3/><F3/><W130/><G130/><T44/><D44/><N who="2" m="16938" /><F41/><W126/><G126/><T61/><D61/><U65/><E65/><V94/><F94/><W57/><G57/><T68/><D68/><U76/><E97/><V93/><F93/><W17/><G6/><N who="0" m="3095" /><D37/><U86/><E95/><V107/><F107/><W124/><G132/><T4/><D4/><U5/><E5/><V20/><F20/><W69/><G69/><T30/><D30/><U129/><E22/><V27/><F27/><W24/><G24/><T127/><D127/><U9/><E129/><V116/><F116/><RYUUKYOKU ba="0,0" sc="211,15,317,-15,230,15,242,-15" hai0="43,45,49,50,53,54,55,59,83,84" hai2="11,14,19,58,60,66,81,82,92,99" /><INIT seed="2,1,0,1,2,10" ten="226,302,245,227" oya="2" hai0="18,98,5,118,20,85,96,101,93,17,83,36,48" hai1="72,53,55,58,124,22,6,132,112,114,123,54,110" hai2="43,76,102,12,52,115,134,105,14,21,77,127,39" hai3="51,59,122,75,61,32,121,86,3,57,100,16,11"/><V129/><F115/><W90/><G75/><T66/><D36/><U94/><E72/><V64/><F64/><W80/><G32/><T68/><D68/><U135/><E6/><V60/><F127/><W107/><G3/><T38/><D38/><U28/><E124/><V25/><F129/><W95/><G107/><T89/><D66/><U88/><E110/><V130/><F130/><W45/><G122/><T119/><D5/><U128/><E128/><V37/><F134/><N who="1" m="51241" /><E58/><N who="2" m="34887" /><F105/><W27/><G121/><T97/><D17/><U7/><E7/><V30/><F39/><W8/><G8/><T81/><D48/><U0/><E0/><V79/><F37/><W41/><G61/><T40/><D40/><U71/><E71/><V69/><F69/><W91/><G100/><T2/><D2/><U109/><E109/><V120/><F120/><W82/><G82/><T70/><D70/><U49/><E49/><V35/><F35/><W23/><G11/><T24/><D83/><U113/><E123/><V31/><F43/><W99/><AGARI ba="1,0" hai="16,23,27,41,45,51,57,59,80,86,90,91,95,99" machi="99" ten="20,5200,0" yaku="0,1,7,1,8,1,54,1" doraHai="10" who="3" fromWho="3" sc="226,-14,302,-14,245,-27,227,55" /><INIT seed="3,0,0,2,3,27" ten="212,288,218,282" oya="3" hai0="4,120,96,24,104,33,34,106,70,25,93,50,55" hai1="39,73,88,19,65,97,13,57,3,76,85,82,0" hai2="110,51,108,111,131,7,98,42,105,66,134,28,36" hai3="99,6,135,87,112,102,100,80,29,58,77,16,101"/><W107/><G112/><T41/><D70/><U79/><E39/><V103/><F131/><W43/><G135/><T125/><D120/><U91/><E79/><V113/><F113/><W123/><G123/><T117/><D117/><U61/><E97/><V129/><F129/><W72/><G43/><T84/><D4/><U30/><E30/><V69/><F134/><W26/><G6/><T124/><D41/><U9/><E91/><V126/><F126/><N who="0" m="48746" /><D84/><U122/><E122/><V1/><F36/><W5/><G5/><T81/><D81/><AGARI ba="0,0" hai="0,3,9,13,19,57,61,65,73,76,81,82,85,88" machi="81" ten="30,2000,0" yaku="7,1,54,1" doraHai="27" who="1" fromWho="0" sc="212,-20,288,20,218,0,282,0" owari="192,-31.0,308,41.0,218,-18.0,282,8.0" /></mjloggm>