<mjloggm ver="2.3"><GO type="41" lobby="0"/><UN n0="%E3%82%A6%E3%83%AB%E3%83%88%E3%83%A9%E7%AB%8B%E7%9B%B4" n1="%6A%61%63%6B%6C%6C" n2="%E9%8D%8B%E5%B8%B8%E5%B8%9D%E5%9B%BD" n3="%76%72%6D%6C%37%37%37" dan="15,15,15,14" rate="2017.73,1939.70,2017.09,1974.31" sx="M,M,M,M"/><TAIKYOKU oya="0"/><INIT seed="0,0,0,4,1,127" ten="250,250,250,250" oya="0" hai0="5,134,2,13,29,25,132,114,4,28,72,47,30" hai1="93,83,106,121,26,85,35,15,54,48,45,94,11" hai2="84,49,124,89,1,76,21,24,101,42,23,14,133" hai3="31,20,57,55,90,110,103,125,116,56,120,102,107"/><T59/><D72/><U74/><E121/><V79/><F1/><W92/><G120/><T65/><D47/><U70/><E106/><V50/><F124/><W46/><G125/><T41/><D41/><U38/><E70/><V40/><F133/><N who="0" m="51306" /><D59/><U130/><E74/><V75/><F75/><W96/><G116/><T60/><D60/><U67/><E67/><V43/><F101/><W126/><G126/><T53/><D53/><U51/><E38/><V91/><F14/><W122/><G122/><T32/><D65/><U104/><E104/><V27/><F84/><W19/><G31/><N who="0" m="11851" /><D2/><U9/><E26/><N who="2" m="9771" /><F50/><W34/><G103/><T129/><D129/><U105/><E35/><V58/><F49/><W71/><G34/><T69/><D69/><U118/><E105/><V66/><F66/><W86/><G71/><T39/><D39/><U8/><E118/><V3/><F3/><W33/><G33/><T82/><D82/><U80/><E130/><V52/><F52/><W88/><G90/><N who="2" m="34313" /><F58/><W113/><G46/><T78/><D78/><AGARI ba="0,0" hai="21,23,40,42,43,76,78,79" m="34313,9771" machi="78" ten="30,3900,0" yaku="28,2,8,1" doraHai="127" who="2" fromWho="0" sc="250,-39,250,0,250,39,250,0" /><INIT seed="1,0,0,3,1,58" ten="211,250,289,250" oya="1" hai0="3,13,76,16,108,126,81,96,91,121,134,110,48" hai1="135,53,97,2,0,102,66,55,94,124,43,101,34" hai2="21,92,8,24,95,23,59,41,22,119,36,71,35" hai3="75,103,123,15,38,17,87,83,70,125,9,54,49"/><U99/><E124/><V84/><F71/><W69/><G125/><T74/><D3/><U14/><E135/><V89/><F119/><W44/><G123/><T51/><D126/><U80/><E34/><V39/><F35/><W105/><G75/><T113/><D113/><U111/><E111/><N who="0" m="42537" /><D134/><U104/><E43/><V72/><F72/><W93/><G105/><T61/><D61/><U118/><E118/><V52/><F24/><W62/><G38/><T20/><D121/><U106/><E66/><V63/><F8/><W5/><G5/><T42/><D42/><U133/><E133/><V12/><F12/><W29/><G29/><T115/><D115/><U6/><E94/><AGARI ba="0,0" hai="13,16,20,48,51,74,76,81,91,94,96" m="42537" machi="94" ten="30,2000,0" yaku="14,1,54,1" doraHai="58" who="0" fromWho="1" sc="211,20,250,-20,289,0,250,0" /><INIT seed="2,0,0,3,4,72" ten="231,230,289,250" oya="2" hai0="85,106,49,93,6,83,121,90,27,23,87,47,135" hai1="130,12,24,52,38,75,133,104,55,26,53,74,102" hai2="60,97,44,17,0,3,51,61,34,1,81,48,37" hai3="107,89,101,25,111,82,129,46,41,20,43,66,71"/><V127/><F34/><W125/><G111/><T30/><D106/><U29/><E38/><V131/><F37/><W39/><G43/><T10/><D135/><U18/><E130/><V63/><F131/><W79/><G129/><T132/><D132/><U110/><E133/><V40/><F97/><W99/><G125/><T22/><D121/><U122/><E122/><V124/><F17/><W11/><G11/><T113/><D113/><U50/><E110/><V2/><N who="2" m="512" /><DORA hai="21" /><V13/><F13/><W95/><G66/><T115/><D115/><U92/><E104/><V15/><F15/><W134/><G134/><T73/><D73/><U65/><E65/><V57/><F81/><W119/><G71/><T118/><D118/><U69/><E69/><V8/><F8/><W35/><G35/><T5/><D22/><U31/><E75/><V112/><F112/><W84/><G119/><T58/><D58/><U56/><E74/><V19/><F19/><W80/><REACH who="3" step="1"/><G79/><REACH who="3" ten="231,230,289,240" step="2"/><N who="0" m="46335" /><D10/><N who="1" m="6423" /><E55/><AGARI ba="0,1" hai="5,6,23,27,30,47,49,55,87,90,93" m="46335" machi="55" ten="30,3900,0" yaku="8,1,52,2" doraHai="72,21" who="0" fromWho="1" sc="231,49,230,-39,289,0,240,0" /><INIT seed="3,0,0,4,3,31" ten="280,191,289,240" oya="3" hai0="105,73,95,93,59,56,123,47,131,0,108,107,41" hai1="81,52,135,72,10,110,45,5,27,88,113,2,120" hai2="85,99,82,74,38,70,53,100,96,23,109,124,19" hai3="46,84,16,54,114,115,122,101,104,102,50,64,36"/><W90/><G122/><T35/><D0/><U65/><E120/><V18/><F70/><W63/><G36/><T26/><D73/><U24/><E135/><V58/><F38/><W28/><G28/><T51/><D123/><U30/><E110/><V43/><F109/><W134/><G134/><T44/><D108/><U119/><E119/><V129/><F129/><W68/><G104/><T76/><D76/><U111/><E111/><V13/><F124/><W75/><G75/><T48/><D26/><U121/><E121/><V55/><F74/><W127/><G127/><T125/><D125/><U21/><E113/><V20/><F43/><W98/><G98/><T89/><D89/><U1/><E1/><V49/><F100/><W40/><G40/><T94/><D131/><U6/><E65/><V17/><F17/><W67/><G67/><T132/><D132/><U62/><E6/><V34/><F34/><W83/><G115/><T15/><D15/><U25/><E72/><V37/><F37/><W117/><G117/><T66/><D66/><U22/><E30/><V12/><REACH who="2" step="1"/><F55/><REACH who="2" ten="280,191,279,240" step="2"/><W32/><G114/><T60/><D35/><U130/><E130/><V77/><AGARI ba="0,1" hai="12,13,18,19,20,23,49,53,58,77,82,85,96,99" machi="77" ten="20,12000,2" yaku="1,1,2,1,0,1,7,1,9,1,8,1,53,0" doraHai="31" doraHaiUra="126" who="2" fromWho="2" sc="280,-30,191,-30,279,130,240,-60" /><INIT seed="4,0,0,5,0,83" ten="250,161,409,180" oya="0" hai0="131,64,15,21,87,12,33,0,58,28,48,90,49" hai1="98,122,127,107,120,52,18,24,59,125,71,41,74" hai2="60,73,17,111,135,123,65,51,70,112,116,47,110" hai3="2,23,88,62,61,89,4,106,115,93,80,63,36"/><T38/><D0/><U79/><E71/><V67/><F73/><W132/><G106/><T130/><D38/><U40/><E74/><V66/><F17/><W77/><G36/><T85/><D33/><U105/><E79/><V129/><F123/><W45/><G115/><T39/><D39/><U27/><E98/><V43/><F112/><W91/><G132/><T75/><D75/><U117/><E18/><V68/><F135/><W104/><G104/><T22/><D64/><N who="2" m="24682" /><F129/><N who="0" m="49162" /><D90/><U113/><E113/><V19/><F19/><W92/><G45/><T14/><D58/><U56/><REACH who="1" step="1"/><E117/><REACH who="1" ten="250,151,409,180" step="2"/><V94/><F116/><W128/><G128/><T11/><D11/><U84/><E84/><N who="0" m="32329" /><D28/><U118/><E118/><V20/><F70/><W97/><G2/><T134/><D134/><U126/><E126/><V34/><F68/><W6/><G23/><AGARI ba="0,1" hai="12,14,15,21,22,23,48,49" m="32329,49162" machi="23" ten="40,18000,2" yaku="28,2,19,1,52,3" doraHai="83" who="0" fromWho="3" sc="250,190,151,0,409,0,180,-180" /><INIT seed="4,1,0,0,1,5" ten="440,151,409,0" oya="0" hai0="96,103,67,79,80,60,2,86,68,23,101,105,7" hai1="112,18,59,130,9,31,121,95,128,127,110,32,54" hai2="10,50,12,30,22,72,61,135,113,48,58,17,131" hai3="53,92,88,1,55,114,36,38,120,69,106,132,77"/><T108/><D103/><U129/><E121/><V62/><F72/><W43/><G106/><T25/><D108/><U66/><E110/><V63/><F135/><W73/><G1/><T109/><D109/><U19/><E112/><V0/><F113/><W119/><G119/><T64/><D64/><U93/><E66/><V71/><F71/><W56/><G114/><T97/><D97/><U126/><E32/><V118/><F131/><W134/><G77/><T21/><D21/><U51/><E31/><V35/><F118/><W124/><G73/><T28/><D7/><U133/><E95/><V29/><F58/><W37/><G69/><T42/><D42/><U27/><E27/><N who="2" m="18879" /><F30/><W74/><G74/><T41/><D41/><U14/><E19/><V94/><F94/><W87/><G120/><T40/><D40/><U3/><E3/><V90/><F90/><W115/><G115/><T85/><D2/><U45/><E45/><V107/><F107/><W39/><G124/><N who="1" m="47658" /><E93/><V83/><F83/><W16/><N who="3" m="9216" /><DORA hai="89" /><W84/><G43/><T33/><D23/><U4/><E4/><AGARI ba="1,0" hai="0,4,10,12,17,22,48,50,61,62,63" m="18879" machi="4" ten="30,2000,0" yaku="24,1,52,1" doraHai="5,89" who="2" fromWho="1" sc="440,0,151,-23,409,23,0,0" /><INIT seed="5,0,0,1,0,28" ten="440,128,432,0" oya="1" hai0="76,47,50,129,74,73,25,30,113,16,117,4,43" hai1="39,10,85,95,40,52,90,54,89,107,111,66,88" hai2="104,69,58,75,99,110,48,108,94,60,14,1,5" hai3="97,55,102,132,119,49,51,68,130,93,62,33,27"/><U120/><E120/><V96/><F75/><W114/><G114/><T65/><D117/><U15/><E107/><V92/><F1/><W123/><G123/><T7/><D113/><U41/><E111/><V32/><F104/><W133/><G119/><T115/><D115/><U59/><E39/><V21/><F69/><W9/><G9/><T82/><D74/><U135/><E135/><N who="3" m="51786" /><G130/><T122/><D129/><U61/><E41/><V37/><F37/><W127/><G127/><T78/><D78/><U84/><E40/><V105/><F105/><W18/><G18/><T126/><D122/><U23/><E23/><V57/><F48/><W101/><G101/><T100/><D126/><U87/><E95/><V17/><F32/><W13/><G13/><T8/><D100/><U103/><E103/><V53/><F5/><AGARI ba="0,0" hai="5,10,15,52,54,59,61,66,84,85,87,88,89,90" machi="5" ten="40,7700,0" yaku="8,1,54,2" doraHai="28" who="1" fromWho="2" sc="440,0,128,77,432,-77,0,0" /><INIT seed="5,1,0,0,2,104" ten="440,205,355,0" oya="1" hai0="90,52,57,119,131,77,3,28,95,58,8,107,74" hai1="21,33,72,2,75,125,32,68,69,120,84,53,11" hai2="6,86,94,38,22,25,65,92,100,87,102,132,12" hai3="43,105,114,81,78,39,108,30,82,44,103,36,0"/><U56/><E120/><V85/><F38/><N who="3" m="21623" /><G82/><T66/><D107/><U70/><E125/><V27/><F132/><W4/><G30/><T7/><D131/><U46/><E46/><V88/><F65/><W59/><G59/><T41/><D41/><U76/><E21/><V115/><F115/><W127/><G108/><T118/><D28/><U106/><E84/><V63/><F63/><W34/><G34/><T117/><D66/><U49/><E76/><V83/><F6/><W134/><G134/><T19/><D19/><U123/><E123/><V23/><F12/><W29/><G29/><T5/><D5/><U35/><E2/><V80/><REACH who="2" step="1"/><F86/><REACH who="2" ten="440,205,345,0" step="2"/><W47/><G114/><T93/><D7/><U1/><E1/><V98/><F98/><N who="3" m="61687" /><G47/><T109/><D3/><U26/><E11/><V111/><F111/><W64/><G64/><T51/><D109/><U31/><E106/><V50/><F50/><W122/><G122/><T73/><D58/><U54/><E26/><V121/><F121/><W67/><G67/><T96/><D118/><U101/><E101/><V60/><F60/><W45/><G45/><T113/><D119/><U18/><E31/><V40/><F40/><W20/><G127/><T48/><D113/><U24/><E24/><V10/><F10/><N who="3" m="2311" /><G20/><T16/><D51/><U42/><E42/><V128/><F128/><W130/><G130/><T133/><D133/><U135/><E135/><V62/><F62/><W79/><G79/><T124/><D124/><U17/><E54/><V55/><F55/><W61/><G61/><T13/><D117/><U15/><E15/><RYUUKYOKU ba="1,1" sc="440,-30,205,10,345,10,0,10" hai1="17,18,32,33,35,49,53,56,68,69,70,72,75" hai2="22,23,25,27,80,83,85,87,88,92,94,100,102" hai3="36,39,78,81" /><INIT seed="5,2,1,5,3,67" ten="410,215,355,10" oya="1" hai0="88,2,117,100,51,54,39,47,27,42,20,66,78" hai1="105,126,106,123,114,70,45,133,19,97,122,94,116" hai2="124,5,110,63,80,81,108,25,14,120,1,86,128" hai3="102,62,83,111,9,37,115,72,18,6,26,107,129"/><U15/><E116/><V104/><F104/><W3/><G111/><T85/><D2/><U57/><E114/><V89/><F120/><W52/><G115/><T118/><D78/><U8/><E126/><V98/><F1/><W127/><G127/><T59/><D100/><U79/><E133/><V29/><F124/><W38/><G129/><T43/><D43/><U95/><E70/><V4/><F128/><W31/><G18/><T99/><D99/><U90/><E79/><V7/><F14/><W75/><G75/><T84/><D84/><U74/><E74/><V11/><F11/><W35/><G62/><T58/><D58/><U53/><E45/><V30/><F110/><W134/><G52/><T135/><D66/><U36/><E36/><V121/><F121/><W73/><G134/><T101/><D101/><U34/><E34/><V91/><F108/><W50/><G50/><T46/><D59/><U28/><E28/><N who="2" m="10859" /><F25/><W92/><G92/><T69/><D69/><U56/><E56/><V48/><F48/><W61/><G61/><T13/><D13/><U76/><E76/><V87/><F98/><N who="3" m="61911" /><G83/><N who="2" m="31817" /><F63/><W16/><G73/><T131/><D131/><U103/><E122/><V113/><F113/><W132/><G132/><T109/><D109/><U60/><E123/><V49/><F49/><W93/><G72/><T0/><D0/><U82/><E82/><V21/><F21/><N who="3" m="13607" /><G93/><N who="0" m="54415" /><D135/><U77/><E77/><V23/><F23/><W24/><G38/><T55/><D55/><U32/><E32/><V119/><F119/><N who="0" m="45578" /><D20/><U65/><E53/><V64/><F64/><W12/><G37/><RYUUKYOKU ba="2,1" sc="410,0,215,0,355,0,10,0" hai0="27,39,42,46,47,51,54" hai1="8,15,19,57,60,65,90,94,95,97,103,105,106" hai2="4,5,7,86,87,89,91" hai3="3,6,9,12,24,31,35" /><INIT seed="5,3,1,5,1,89" ten="410,215,355,10" oya="1" hai0="127,4,66,31,108,33,120,110,30,48,19,49,99" hai1="126,129,88,85,58,36,104,102,11,67,61,103,78" hai2="10,21,64,47,121,92,130,100,26,46,115,59,133" hai3="28,39,68,37,2,116,63,54,77,8,56,3,17"/><U6/><E126/><V79/><F121/><W62/><G116/><T60/><D4/><U71/><E129/><V72/><F130/><W125/><G125/><T41/><D127/><U14/><E104/><V69/><F69/><W93/><G77/><T42/><D19/><U18/><E36/><V105/><F105/><W53/><G28/><T91/><D91/><U5/><E78/><V118/><F118/><W44/><G17/><T55/><D99/><U86/><E86/><V114/><F72/><W9/><G44/><T111/><D33/><U123/><E71/><V90/><F79/><W122/><G56/><N who="0" m="32871" /><D31/><U74/><E74/><V43/><F10/><W81/><G68/><N who="0" m="42055" /><D30/><U45/><E45/><V24/><F133/><W22/><G81/><T70/><D120/><U38/><E38/><V112/><F100/><N who="1" m="38441" /><E123/><V135/><F135/><W65/><G122/><T1/><D1/><U80/><AGARI ba="3,1" hai="5,6,11,14,18,58,61,67,80,85,88" m="38441" machi="80" ten="30,3000,0" yaku="8,1,54,1" doraHai="89" who="1" fromWho="1" sc="410,-13,215,49,355,-13,10,-13" owari="397,50.0,264,-14.0,342,14.0,-3,-50.0" /></mjloggm>