<mjloggm ver="2.3"><GO type="169" lobby="0"/><UN n0="%47%E3%83%A8%E9%BE%8D%E9%96%80" n1="%73%68%6F%6F%74%33%39" n2="%E3%82%A6%E3%83%AB%E3%83%88%E3%83%A9%E7%AB%8B%E7%9B%B4" n3="%4F%5A%4B%59" dan="17,17,16,16" rate="2083.52,2184.06,2127.27,2100.77" sx="M,M,M,M"/><TAIKYOKU oya="0"/><INIT seed="0,0,0,5,3,24" ten="250,250,250,250" oya="0" hai0="119,13,14,63,66,83,59,57,128,92,91,85,53" hai1="36,120,72,55,111,114,27,47,1,113,84,87,51" hai2="62,75,9,90,26,44,104,54,42,127,21,124,131" hai3="77,31,116,134,82,105,5,78,25,49,121,33,103"/><T123/><D119/><U133/><E120/><V93/><F104/><W39/><G116/><T32/><D123/><U15/><E1/><V79/><F9/><W97/><G39/><T12/><D128/><U28/><E72/><V2/><F2/><W0/><G121/><T43/><D43/><U132/><E36/><V46/><F131/><W94/><G134/><N who="1" m="51818" /><E15/><V7/><F7/><W126/><G126/><T125/><D125/><U37/><E37/><V41/><F79/><W34/><G49/><T29/><D83/><U100/><E100/><V40/><F75/><W74/><G78/><T56/><REACH who="0" step="1"/><D66/><REACH who="0" ten="240,250,250,250" step="2"/><U16/><E111/><V76/><F127/><W112/><G112/><T70/><D70/><U69/><E69/><V11/><F124/><W67/><G67/><T71/><D71/><U45/><E114/><V95/><F41/><W135/><G135/><T18/><D18/><U30/><E113/><V4/><F42/><W118/><G118/><T80/><D80/><U99/><E16/><V3/><F40/><W6/><G0/><T19/><D19/><U52/><E55/><V38/><F54/><W88/><REACH who="3" step="1"/><G34/><REACH who="3" ten="240,250,250,240" step="2"/><T86/><D86/><AGARI ba="0,2" hai="5,6,25,31,33,74,77,82,86,88,94,97,103,105" machi="86" ten="30,16000,3" yaku="1,1,2,1,7,1,24,2,52,1,54,1,53,1" doraHai="24" doraHaiUra="22" who="3" fromWho="0" sc="240,-160,250,0,250,0,240,180" /><INIT seed="1,0,0,0,4,95" ten="80,250,250,420" oya="1" hai0="84,43,120,80,14,30,62,134,115,38,36,11,44" hai1="9,104,1,42,117,102,32,31,119,107,57,7,75" hai2="77,82,79,118,109,111,23,15,37,133,59,124,70" hai3="108,76,49,85,131,91,40,103,29,105,8,3,128"/><U106/><E75/><V46/><F70/><W94/><G108/><N who="2" m="41545" /><F118/><W53/><G40/><T25/><D115/><U113/><E113/><V126/><F59/><W96/><G29/><T116/><D134/><U65/><E42/><N who="2" m="22863" /><F79/><W122/><G122/><T88/><D120/><U125/><E125/><V4/><F133/><W127/><G127/><T100/><D116/><U45/><E45/><V50/><F50/><W6/><REACH who="3" step="1"/><G76/><REACH who="3" ten="80,250,250,410" step="2"/><T86/><D100/><U16/><E119/><V101/><F124/><W35/><G35/><T12/><D62/><U20/><E31/><V110/><F110/><W21/><G21/><T22/><D36/><U5/><E32/><V2/><F23/><W66/><G66/><T39/><D39/><U71/><E117/><V93/><F77/><W34/><G34/><T26/><D26/><U114/><E114/><V135/><F126/><W98/><G98/><T18/><D86/><U129/><E20/><V67/><F67/><W0/><G0/><T123/><D123/><U55/><E65/><V112/><F2/><W33/><G33/><T48/><D38/><U92/><E1/><V97/><F112/><W41/><G41/><T89/><REACH who="0" step="1"/><D14/><REACH who="0" ten="70,250,250,410" step="2"/><U73/><E73/><V121/><F121/><W27/><G27/><T72/><D72/><U52/><E102/><V24/><F24/><W74/><G74/><T13/><D13/><U56/><E71/><V54/><F15/><W130/><G130/><T69/><D69/><U19/><E129/><V51/><F135/><W10/><G10/><T47/><D47/><AGARI ba="0,2" hai="3,6,8,47,49,53,85,91,94,96,103,105,128,131" machi="47" ten="40,2600,0" yaku="1,1,52,1,53,0" doraHai="95" doraHaiUra="58" who="3" fromWho="0" sc="70,-26,250,0,250,0,410,46" /><INIT seed="2,0,0,0,0,111" ten="44,250,250,456" oya="2" hai0="50,1,55,119,84,8,128,99,98,122,3,105,80" hai1="44,18,39,69,54,42,0,15,100,89,51,38,96" hai2="79,74,28,32,86,47,117,102,58,104,19,11,36" hai3="112,14,107,85,22,133,66,132,78,110,109,60,34"/><V90/><F117/><W67/><G107/><T108/><D122/><U114/><E0/><N who="0" m="73" /><D108/><N who="3" m="41577" /><G34/><T93/><D128/><U72/><E72/><V2/><F28/><W17/><G112/><T71/><D105/><U120/><E114/><V68/><F32/><W125/><G125/><T48/><D71/><U26/><E120/><V41/><F68/><N who="3" m="42055" /><G67/><T113/><D119/><U7/><E69/><V53/><F102/><W6/><G6/><T127/><D127/><U88/><E7/><V25/><F104/><W77/><G85/><T118/><D118/><U83/><E26/><V45/><F45/><W82/><G82/><T57/><D113/><U16/><E18/><V9/><F79/><AGARI ba="0,0" hai="14,17,22,77,78,79,132,133" m="42055,41577" machi="79" ten="30,1000,0" yaku="14,1" doraHai="111" who="3" fromWho="2" sc="44,0,250,0,250,-10,456,10" /><INIT seed="3,0,0,2,0,22" ten="44,250,240,466" oya="3" hai0="114,8,92,51,99,50,42,52,54,37,130,77,47" hai1="5,105,53,4,45,64,87,67,70,128,95,71,24" hai2="10,13,135,91,86,43,116,129,72,35,68,16,27" hai3="2,90,94,97,121,3,110,133,18,118,44,20,46"/><W83/><G121/><T32/><D32/><U101/><E105/><V49/><F72/><W63/><G118/><T124/><D130/><U31/><E71/><V33/><F68/><W58/><G133/><T40/><D124/><U74/><E74/><V19/><F116/><W60/><G110/><T38/><D114/><U88/><E101/><V93/><F129/><W84/><G2/><T80/><D8/><U14/><E128/><V59/><F135/><W26/><G3/><T111/><D111/><U21/><E70/><V106/><F106/><W122/><G122/><T39/><D80/><U56/><E45/><N who="3" m="17514" /><G58/><N who="0" m="33047" /><D77/><AGARI ba="0,0" hai="18,20,26,60,63,77,83,84,90,94,97" m="17514" machi="77" ten="30,2900,0" yaku="8,1,52,1" doraHai="22" who="3" fromWho="0" sc="44,-29,250,0,240,0,466,29" /><INIT seed="3,1,0,5,1,3" ten="15,250,240,495" oya="3" hai0="80,122,68,35,43,127,14,119,93,16,116,13,25" hai1="77,108,131,22,41,2,95,30,29,73,61,129,65" hai2="17,7,10,74,114,26,1,38,110,63,53,109,23" hai3="0,118,56,34,37,44,111,102,123,88,98,101,60"/><W21/><G123/><T70/><D122/><U51/><E2/><V128/><F74/><W121/><G118/><N who="0" m="45099" /><D93/><U20/><E108/><N who="2" m="41579" /><F38/><W48/><G111/><T104/><D104/><U84/><E73/><V85/><F114/><W89/><G121/><T135/><D80/><N who="1" m="47119" /><E95/><V87/><F128/><N who="1" m="49225" /><E51/><V112/><F112/><W45/><G37/><T32/><D43/><U86/><E86/><V92/><F92/><N who="3" m="56583" /><G0/><T67/><D67/><U33/><E41/><V113/><F113/><W31/><G34/><N who="0" m="12843" /><D127/><U55/><E55/><V15/><F1/><W72/><G72/><T132/><D25/><N who="1" m="18639" /><E29/><V126/><F126/><W81/><G81/><T27/><D27/><U125/><E125/><V19/><F87/><W97/><G31/><T11/><D13/><U39/><E39/><V66/><F85/><W105/><G102/><T5/><D16/><U54/><E54/><V99/><F53/><N who="3" m="33807" /><G21/><T115/><D115/><U42/><E42/><V106/><F106/><W6/><G6/><T83/><D83/><U28/><E28/><N who="2" m="17503" /><F99/><W18/><G18/><T130/><D130/><U107/><E107/><V59/><AGARI ba="1,0" hai="7,10,15,17,19,59,63,66" m="17503,41579" machi="59" ten="30,2000,0" yaku="14,1,52,1" doraHai="3" who="2" fromWho="2" sc="15,-6,250,-6,240,23,495,-11" /><INIT seed="4,0,0,3,0,47" ten="9,244,263,484" oya="0" hai0="108,104,2,58,0,75,89,52,95,13,31,113,48" hai1="23,5,38,9,129,14,121,128,70,85,94,22,4" hai2="49,97,132,124,66,73,103,74,116,115,118,127,17" hai3="109,33,107,67,64,32,102,126,8,39,28,135,111"/><T36/><D104/><U81/><E38/><V123/><F66/><W18/><G39/><T53/><D113/><U78/><E70/><V34/><F34/><W62/><G126/><N who="2" m="48169" /><F17/><W100/><G135/><T77/><D108/><U21/><E121/><V117/><F49/><W80/><G80/><T93/><D36/><U69/><E69/><V50/><F50/><W11/><G67/><T20/><D53/><U26/><E5/><V106/><F123/><W68/><G28/><T87/><D95/><U105/><E105/><V131/><F132/><W125/><G125/><T44/><D44/><U27/><REACH who="1" step="1"/><E94/><REACH who="1" ten="9,234,263,484" step="2"/><V59/><F59/><W61/><G107/><T19/><D31/><U55/><E55/><V112/><F131/><AGARI ba="0,1" hai="4,9,14,21,22,23,26,27,78,81,85,128,129,131" machi="131" ten="40,2600,0" yaku="1,1,19,1,53,0" doraHai="47" doraHaiUra="42" who="1" fromWho="2" sc="9,0,234,36,263,-26,484,0" /><INIT seed="5,0,0,1,5,9" ten="9,270,237,484" oya="1" hai0="5,49,47,105,113,100,78,27,79,1,118,72,60" hai1="63,94,24,52,42,28,102,62,112,86,95,40,6" hai2="33,41,39,66,23,132,91,57,80,84,129,38,75" hai3="101,109,3,131,55,18,73,83,59,90,69,15,56"/><U67/><E112/><V16/><F33/><W103/><G3/><T34/><D118/><U133/><E133/><V104/><F104/><W53/><G69/><T120/><D113/><U50/><E6/><V77/><F132/><W76/><G109/><T97/><D120/><U126/><E126/><V45/><F129/><W11/><G131/><T65/><D72/><U7/><E7/><V46/><F57/><W115/><G90/><T61/><D61/><N who="1" m="23051" /><E67/><V0/><F66/><W96/><G115/><T122/><D122/><U21/><E86/><V31/><F31/><W81/><G81/><T44/><D5/><U128/><E128/><V134/><F0/><W4/><G4/><T12/><D12/><U37/><E37/><V88/><F134/><W8/><G8/><T36/><D1/><U85/><E85/><V117/><F117/><W106/><REACH who="3" step="1"/><G103/><REACH who="3" ten="9,270,237,474" step="2"/><T135/><D135/><U92/><E102/><V25/><F75/><W19/><G19/><T32/><D78/><U20/><E20/><V71/><F71/><W29/><G29/><N who="0" m="19519" /><D79/><U93/><N who="1" m="23552" /><DORA hai="121" /><U116/><E116/><V108/><F108/><W114/><G114/><T17/><D34/><U123/><E123/><V70/><F70/><W124/><G124/><T130/><D130/><U58/><AGARI ba="0,1" hai="21,24,28,40,42,50,52,58" m="23552,23051" machi="58" ten="40,3900,0" yaku="8,1,54,1" doraHai="9,121" who="1" fromWho="1" sc="9,-13,270,49,237,-13,474,-13" owari="-4,-50.0,319,12.0,224,-18.0,461,56.0" /></mjloggm>