<mjloggm ver="2.3"><GO type="41" lobby="0"/><UN n0="%6B%30%30%37%34%73" n1="%E3%81%98%E3%82%83%E3%81%AB%E3%81%95%E3%82%93%E3%80%82" n2="%70%6F%6B%65%6A%75%75" n3="%E5%B0%B1%E6%B4%BB%E7%94%9F%40%E5%B7%9D%E6%9D%91%E8%BB%8D%E5%9B%A3" dan="14,15,13,15" rate="1977.04,1888.74,1812.32,2009.49" sx="M,M,M,M"/><TAIKYOKU oya="0"/><INIT seed="0,0,0,5,4,89" ten="250,250,250,250" oya="0" hai0="15,21,133,44,41,127,67,5,121,110,0,52,23" hai1="96,56,116,59,27,47,99,88,130,66,24,49,78" hai2="73,75,94,38,64,111,11,54,112,63,20,55,123" hai3="4,9,13,84,62,7,28,118,109,122,97,48,51"/><T106/><D106/><U93/><E116/><V42/><F112/><W16/><G122/><T113/><D121/><U71/><E130/><V70/><F123/><W17/><G118/><T36/><D113/><U19/><E78/><V124/><F111/><W128/><G128/><T132/><D0/><U129/><E71/><V85/><F124/><W35/><G109/><T32/><D32/><U58/><E66/><V79/><F20/><W6/><G62/><T81/><D110/><U14/><E99/><V77/><F11/><W134/><G134/><N who="0" m="51819" /><D67/><U115/><E115/><V46/><F79/><W57/><G35/><T119/><D119/><U18/><E129/><V1/><F1/><W103/><G28/><T125/><D81/><U101/><E101/><V83/><REACH who="2" step="1"/><F94/><REACH who="2" ten="250,250,240,250" step="2"/><N who="3" m="58807" /><G57/><T131/><D131/><U126/><E126/><N who="0" m="48137" /><D5/><U29/><E29/><V37/><F37/><W50/><G17/><N who="1" m="6154" /><E14/><V65/><F65/><W107/><G107/><T43/><D36/><U45/><E45/><V26/><F26/><W100/><G100/><T80/><D15/><U69/><E69/><V8/><F8/><W10/><G10/><T91/><D21/><U72/><E72/><AGARI ba="0,1" hai="38,42,46,54,55,63,64,70,72,73,75,77,83,85" machi="72" ten="40,1300,0" yaku="1,1,53,0" doraHai="89" doraHaiUra="98" who="2" fromWho="1" sc="250,0,250,-13,240,23,250,0" /><INIT seed="1,0,0,5,0,78" ten="250,237,263,250" oya="1" hai0="97,25,120,71,20,15,89,115,60,3,134,8,48" hai1="122,127,42,118,17,72,56,13,75,117,132,101,135" hai2="9,43,133,22,100,58,34,53,46,66,82,33,92" hai3="26,37,112,14,90,125,108,7,2,94,77,40,109"/><U124/><E42/><V128/><F66/><W110/><G2/><T84/><D3/><U85/><E122/><V81/><F9/><N who="3" m="4415" /><G112/><T30/><D115/><U54/><E101/><V74/><F74/><N who="1" m="28201" /><E85/><V16/><F128/><W55/><G77/><T80/><D134/><N who="1" m="51243" /><E118/><V64/><F64/><W68/><G68/><T70/><D120/><U5/><E5/><V130/><F130/><W76/><G76/><T93/><D60/><N who="1" m="35863" /><E117/><V111/><F133/><W87/><G40/><T88/><REACH who="0" step="1"/><D48/><REACH who="0" ten="240,237,263,250" step="2"/><U107/><E107/><V51/><F34/><W57/><G37/><T95/><D95/><U99/><E99/><N who="2" m="59495" /><F33/><W44/><G109/><T27/><D27/><U113/><E113/><V129/><F129/><W65/><G26/><T61/><D61/><U103/><E103/><V6/><F111/><W11/><G94/><T67/><D67/><U126/><E126/><V116/><F116/><W23/><G65/><T86/><D86/><U91/><E91/><V102/><F102/><W0/><G87/><T31/><D31/><U36/><E36/><V41/><F6/><AGARI ba="0,1" hai="6,8,15,20,25,30,70,71,80,84,88,89,93,97" machi="6" ten="30,7700,0" yaku="1,1,7,1,52,1,54,1,53,0" doraHai="78" doraHaiUra="62" who="0" fromWho="2" sc="240,87,237,0,263,-77,250,0" /><INIT seed="2,0,0,2,3,104" ten="327,237,186,250" oya="2" hai0="19,88,47,11,73,50,24,1,98,42,76,13,91" hai1="57,129,100,7,15,38,4,118,107,61,105,122,8" hai2="75,39,106,99,133,55,116,114,3,79,10,22,45" hai3="115,68,126,6,121,131,28,124,27,52,65,134,62"/><V43/><F55/><W33/><G121/><T70/><D70/><U80/><E118/><V101/><F22/><W41/><G6/><T97/><D1/><U87/><E122/><V86/><F86/><W120/><G120/><T63/><D63/><U67/><E38/><V54/><F54/><W83/><G41/><T23/><D76/><U95/><E129/><V103/><F116/><W31/><G31/><T17/><D73/><U110/><E110/><V117/><F117/><W32/><G131/><T64/><D64/><U5/><E105/><V51/><F103/><W69/><G115/><T111/><D111/><U40/><E107/><V112/><F51/><W94/><G134/><T58/><D58/><U16/><E40/><V44/><F45/><W66/><G33/><T29/><D29/><U89/><E100/><V78/><F78/><W93/><G83/><AGARI ba="0,0" hai="4,5,7,8,15,16,57,61,67,80,83,87,89,95" machi="83" ten="40,2600,0" yaku="8,1,54,1" doraHai="104" who="1" fromWho="3" sc="327,0,237,26,186,0,250,-26" /><INIT seed="3,0,0,4,1,42" ten="327,263,186,224" oya="3" hai0="110,45,127,109,63,6,37,7,38,116,40,95,26" hai1="17,2,0,57,131,15,75,113,47,85,5,96,54" hai2="33,134,81,28,90,36,102,65,132,114,77,27,22" hai3="120,122,16,86,133,43,12,53,93,46,10,60,14"/><W115/><G133/><T32/><D116/><U74/><E113/><V31/><F36/><W4/><G115/><T125/><D37/><U70/><E70/><V62/><F102/><W98/><G86/><T106/><D106/><U58/><E131/><V78/><F114/><W105/><G105/><T126/><D95/><U91/><E96/><V124/><F124/><W135/><G135/><N who="2" m="51753" /><F31/><W112/><G60/><T118/><D118/><U128/><E128/><V24/><F24/><W52/><G112/><T130/><D130/><U50/><E75/><V79/><F33/><W13/><G122/><T3/><D63/><U89/><E74/><N who="2" m="43191" /><F90/><W66/><G66/><T11/><D7/><U19/><E91/><V35/><F35/><W39/><G120/><T30/><AGARI ba="0,0" hai="3,6,11,26,30,32,38,40,45,109,110,125,126,127" machi="30" ten="40,8000,1" yaku="0,1,18,1,23,2,52,1" doraHai="42" who="0" fromWho="0" sc="327,80,263,-20,186,-20,224,-40" /><INIT seed="4,0,0,0,1,85" ten="407,243,166,184" oya="0" hai0="52,43,125,120,129,94,78,17,3,131,114,118,18" hai1="21,91,6,62,88,44,35,76,79,0,54,57,115" hai2="45,81,14,83,40,74,104,53,64,113,7,98,116" hai3="56,95,15,59,102,122,73,109,22,69,27,23,134"/><T65/><D3/><U97/><E35/><V96/><F64/><W48/><G73/><T101/><D120/><U70/><E115/><V26/><F113/><W84/><G69/><T87/><D118/><U72/><E70/><V47/><F116/><W71/><G109/><T77/><D114/><U130/><E130/><N who="0" m="49673" /><D65/><U24/><E97/><V9/><F26/><W50/><G71/><T13/><D43/><U33/><E72/><V60/><F104/><W121/><G134/><T119/><D119/><U38/><E33/><V34/><F34/><W128/><G128/><T103/><D125/><U28/><E6/><V29/><F29/><W110/><G110/><T126/><D126/><U66/><E0/><V86/><F74/><W105/><G105/><T36/><D36/><U16/><E28/><V100/><F83/><W31/><G121/><T8/><D18/><U67/><E38/><V68/><F68/><W30/><G122/><T42/><D42/><U25/><E67/><V135/><F135/><W58/><G15/><T106/><D106/><U2/><E2/><V80/><F81/><W82/><G95/><T107/><D107/><U32/><E32/><V61/><F100/><N who="0" m="38474" /><D52/><U111/><E111/><V93/><F93/><W12/><G102/><T92/><D92/><U37/><E37/><V55/><F98/><W46/><G46/><N who="2" m="17417" /><F40/><W41/><G41/><T63/><D63/><N who="2" m="24138" /><F96/><W5/><G31/><T51/><D51/><N who="1" m="29031" /><E25/><V108/><F108/><W89/><G5/><T112/><D112/><U4/><E4/><V11/><F9/><W132/><G132/><T19/><D19/><AGARI ba="0,0" hai="12,19,22,23,27,30,48,50,56,58,59,82,84,89" machi="19" ten="40,5200,0" yaku="6,1,8,1,52,1" doraHai="85" who="3" fromWho="0" sc="407,-52,243,0,166,0,184,52" /><INIT seed="5,0,0,1,3,96" ten="355,243,166,236" oya="1" hai0="50,56,58,7,52,44,111,3,61,93,73,74,86" hai1="35,18,105,104,70,87,5,72,135,132,133,117,49" hai2="131,19,47,92,83,130,75,64,40,94,79,0,71" hai3="98,66,48,11,57,116,108,13,113,37,9,128,32"/><U129/><E72/><V97/><F71/><W54/><G37/><T51/><D111/><U101/><E117/><V27/><F64/><W28/><G108/><T29/><D29/><U127/><E129/><N who="2" m="49163" /><F0/><W42/><G116/><T26/><D26/><U110/><E127/><V67/><F67/><W81/><G113/><T124/><D124/><U91/><E110/><V34/><F97/><W15/><G32/><T78/><D7/><U107/><E35/><V6/><F6/><W16/><G28/><T63/><D3/><U31/><E31/><N who="2" m="19839" /><F19/><W20/><G128/><T119/><D119/><U106/><E70/><V2/><F2/><W95/><G81/><T102/><D74/><U125/><E125/><V25/><F25/><W69/><G42/><T38/><D73/><U65/><E65/><V88/><F88/><N who="3" m="55655" /><G66/><T99/><D38/><AGARI ba="0,0" hai="38,40,47,75,79,83,92,94" m="19839,49163" machi="38" ten="30,1000,0" yaku="19,1" doraHai="96" who="2" fromWho="0" sc="355,-10,243,0,166,10,236,0" /><INIT seed="6,0,0,2,3,38" ten="345,243,176,236" oya="2" hai0="56,91,24,97,82,90,23,131,85,129,105,28,87" hai1="41,60,32,67,42,72,6,43,66,109,116,3,135" hai2="57,1,30,27,126,53,89,22,92,49,39,58,15" hai3="84,19,46,29,106,134,36,118,50,93,25,62,40"/><V117/><F1/><W68/><G106/><T125/><D125/><U48/><E116/><V31/><F117/><W33/><G118/><T113/><D113/><U69/><E72/><V80/><F126/><W61/><G134/><T108/><D108/><U98/><E109/><V17/><F39/><W83/><G68/><T101/><REACH who="0" step="1"/><D56/><REACH who="0" ten="335,243,176,236" step="2"/><U37/><E135/><V52/><F80/><AGARI ba="0,1" hai="23,24,28,80,82,85,87,90,91,97,101,105,129,131" machi="80" ten="40,5200,0" yaku="1,1,2,1,9,1,53,0" doraHai="38" doraHaiUra="73" who="0" fromWho="2" sc="335,62,243,0,176,-52,236,0" /><INIT seed="7,0,0,3,1,20" ten="397,243,124,236" oya="3" hai0="16,56,17,42,93,28,8,66,60,23,58,109,5" hai1="133,4,25,47,6,121,31,87,63,44,76,45,43" hai2="7,131,75,124,126,70,22,78,113,100,27,103,89" hai3="101,65,85,108,71,54,38,95,73,11,80,62,91"/><W32/><G32/><T92/><D109/><U114/><E121/><V84/><F70/><W105/><G108/><T125/><D125/><U10/><E133/><V24/><F7/><W94/><G38/><T90/><D42/><U19/><E114/><V41/><F41/><W37/><G37/><T107/><D107/><U98/><E19/><V86/><F22/><W123/><G123/><T135/><D135/><U119/><E6/><V67/><F67/><W12/><G54/><T14/><D56/><U50/><E63/><V99/><F113/><W59/><G71/><T29/><D17/><U61/><E61/><V132/><F75/><W52/><G65/><T51/><D51/><U21/><E119/><V97/><F132/><W77/><G105/><T112/><D112/><U81/><E98/><N who="2" m="37387" /><F78/><W69/><G69/><T18/><D18/><U53/><E53/><V55/><F131/><W118/><G118/><T68/><D68/><U64/><E64/><V130/><F130/><W72/><G101/><N who="2" m="38985" /><F55/><W106/><G106/><T116/><D116/><U111/><E111/><V102/><N who="2" m="38993" /><V1/><DORA hai="83" /><F1/><AGARI ba="0,0" hai="1,4,10,21,25,31,43,44,45,47,50,76,81,87" machi="1" ten="30,3900,0" yaku="7,1,52,2" doraHai="20,83" who="1" fromWho="2" sc="397,0,243,39,124,-39,236,0" owari="397,49.0,282,8.0,85,-41.0,236,-16.0" /></mjloggm>