<mjloggm ver="2.3"><GO type="97" lobby="0"/><UN n0="%69%6B%65%70%61%6B%69%32" n1="%E3%82%A2%E3%83%A1%E3%83%AA%E3%82%A2" n2="%43%4F%43%4F" n3="%E5%B0%B1%E6%B4%BB%E7%94%9F%40%E5%B7%9D%E6%9D%91%E8%BB%8D%E5%9B%A3" dan="16,14,14,14" rate="2052.13,1957.99,1918.57,1966.88" sx="M,M,M,M"/><TAIKYOKU oya="0"/><INIT seed="0,0,0,4,1,126" ten="250,250,250,250" oya="0" hai0="78,69,25,36,23,31,92,128,48,17,79,98,3" hai1="64,99,109,100,37,16,96,60,42,43,116,90,110" hai2="65,27,84,93,39,111,22,72,75,71,70,29,115" hai3="124,9,66,131,10,125,61,101,88,82,62,51,106"/><T34/><D36/><U103/><E116/><V113/><F39/><W20/><G131/><T83/><D128/><U26/><E37/><V67/><F111/><N who="1" m="42505" /><E90/><V112/><F71/><W19/><G106/><T21/><D69/><N who="1" m="42119" /><E26/><V47/><F47/><W44/><G101/><N who="1" m="38986" /><E16/><V8/><F112/><W102/><G102/><T15/><D3/><U12/><E12/><V45/><F113/><W122/><G122/><T41/><D98/><AGARI ba="0,0" hai="42,43,96,98,99" m="38986,42119,42505" machi="98" ten="30,1000,0" yaku="14,1" doraHai="126" who="1" fromWho="0" sc="250,-10,250,10,250,0,250,0" /><INIT seed="1,0,0,4,2,48" ten="240,260,250,250" oya="1" hai0="103,116,8,121,39,131,21,98,113,63,59,40,114" hai1="9,106,87,123,111,124,118,12,127,130,30,83,76" hai2="43,44,101,52,0,34,51,134,68,29,75,3,57" hai3="78,47,11,95,38,132,60,72,73,37,53,36,122"/><U119/><E106/><V107/><F68/><W74/><G122/><T17/><D116/><N who="1" m="44587" /><E30/><V18/><F134/><W84/><G132/><T26/><D131/><U70/><E70/><V27/><F75/><W97/><G11/><T96/><D121/><U50/><E50/><V16/><F107/><W42/><G84/><T82/><D98/><U61/><E61/><V133/><F133/><W56/><REACH who="3" step="1"/><G78/><REACH who="3" ten="240,260,250,240" step="2"/><T19/><D114/><U25/><E123/><V93/><F101/><AGARI ba="0,1" hai="36,37,38,42,47,53,56,60,72,73,74,95,97,101" machi="101" ten="40,8000,1" yaku="1,1,2,1,52,1,53,1" doraHai="48" doraHaiUra="92" who="3" fromWho="2" sc="240,0,260,0,250,-80,240,90" /><INIT seed="2,0,0,0,1,91" ten="240,260,170,330" oya="2" hai0="56,79,110,37,12,80,0,129,51,29,120,75,100" hai1="117,103,22,60,57,47,101,125,86,26,65,69,94" hai2="114,131,34,38,115,118,5,50,121,44,40,99,52" hai3="16,11,6,112,28,83,62,19,71,67,4,90,39"/><V8/><F34/><W135/><G39/><T61/><D110/><U78/><E117/><V119/><F99/><W130/><G112/><N who="2" m="43049" /><F8/><W109/><G109/><T24/><D120/><U18/><E125/><V108/><F5/><W74/><G130/><T36/><D129/><U133/><E133/><V35/><F35/><W134/><G28/><T122/><D51/><U73/><E73/><V23/><F23/><W93/><G83/><T107/><D122/><U88/><E69/><V96/><F96/><N who="3" m="57399" /><G74/><T113/><D113/><U33/><E33/><V41/><F131/><W102/><G102/><T127/><D0/><U48/><E78/><V123/><F38/><W20/><G20/><T89/><D127/><U95/><E94/><V27/><F27/><W77/><G77/><T10/><D89/><U84/><E84/><V30/><F30/><W7/><G11/><T13/><D100/><U14/><E26/><V92/><F92/><W58/><G71/><T106/><D107/><U53/><AGARI ba="0,0" hai="14,18,22,47,48,53,57,60,65,86,88,95,101,103" machi="53" ten="20,8000,1" yaku="0,1,7,1,8,1,52,1,54,1" doraHai="91" who="1" fromWho="1" sc="240,-20,260,80,170,-40,330,-20" /><INIT seed="3,0,0,0,1,93" ten="220,340,130,310" oya="3" hai0="88,68,125,19,79,0,87,130,39,6,100,107,59" hai1="11,8,83,65,55,28,132,56,21,30,123,95,101" hai2="121,92,133,84,47,18,54,122,113,80,127,24,29" hai3="26,90,42,134,111,66,32,16,117,44,48,70,38"/><W10/><G117/><T104/><D68/><U15/><E123/><V51/><F113/><W67/><G134/><T110/><D39/><U33/><E132/><V52/><F133/><W129/><G129/><T61/><D130/><U126/><E126/><V78/><F127/><W89/><G111/><T73/><D125/><U45/><E33/><V14/><F92/><W58/><G70/><T5/><D110/><U99/><E83/><V105/><F105/><W135/><G135/><T119/><D107/><U50/><E11/><V3/><F3/><W25/><G32/><T63/><D19/><N who="1" m="8679" /><E21/><V106/><F106/><W22/><G10/><T131/><D131/><U7/><E7/><V60/><F60/><AGARI ba="0,0" hai="28,30,45,50,55,56,60,65,95,99,101" m="8679" machi="60" ten="30,2000,0" yaku="8,1,52,1" doraHai="93" who="1" fromWho="2" sc="220,0,340,20,130,-20,310,0" owari="220,-18.0,360,46.0,110,-39.0,310,11.0" /></mjloggm>