<mjloggm ver="2.3"><GO type="97" lobby="0"/><UN n0="%E3%82%8A%E3%81%8D%E3%81%96%E3%81%84%E3%82%8B%E2%98%86" n1="%E7%9C%9F%E7%B4%85%E3%81%9F%E3%82%93" n2="%E3%82%B3%E3%83%BC%E3%83%A9%E3%81%8F%E3%81%A0%E3%81%95%E3%81%84" n3="%E5%B0%B1%E6%B4%BB%E7%94%9F%40%E5%B7%9D%E6%9D%91%E8%BB%8D%E5%9B%A3" dan="15,14,16,13" rate="1995.28,1908.50,2057.14,1933.06" sx="M,F,M,M"/><TAIKYOKU oya="0"/><INIT seed="0,0,0,3,0,77" ten="250,250,250,250" oya="0" hai0="14,106,121,107,95,131,51,33,128,91,126,16,132" hai1="112,44,6,24,56,105,96,102,110,1,48,76,109" hai2="97,4,65,45,125,114,78,122,19,15,67,8,22" hai3="85,17,119,55,12,3,117,120,21,104,101,60,81"/><T39/><D39/><U61/><E76/><V94/><F122/><W74/><G3/><T2/><D2/><U36/><E36/><V32/><F114/><W64/><G120/><T98/><D121/><U90/><E90/><V57/><F125/><W115/><G115/><T71/><D126/><U58/><E24/><V30/><F78/><W42/><G74/><T40/><D71/><U108/><E112/><V29/><F45/><W79/><G42/><T41/><D33/><U46/><E46/><V35/><F35/><W103/><G55/><T59/><D132/><U49/><E49/><V84/><F84/><W18/><G18/><T75/><D75/><U86/><E86/><V63/><F65/><W0/><G0/><T68/><D68/><U28/><E28/><V99/><F32/><W37/><G37/><T62/><D106/><U9/><REACH who="1" step="1"/><E61/><REACH who="1" ten="250,240,250,250" step="2"/><V72/><F72/><W47/><G47/><T93/><D51/><U82/><E82/><V25/><REACH who="2" step="1"/><F99/><REACH who="2" ten="250,240,240,250" step="2"/><W127/><G127/><T83/><D98/><U23/><E23/><V54/><F54/><AGARI ba="0,2" hai="1,6,9,44,48,54,56,58,96,102,105,108,109,110" machi="54" ten="40,2600,0" yaku="1,1,14,1,53,0" doraHai="77" doraHaiUra="118" who="1" fromWho="2" sc="250,0,240,46,240,-26,250,0" /><INIT seed="1,0,0,3,2,65" ten="250,286,214,250" oya="1" hai0="72,38,46,13,73,118,96,88,20,116,19,104,51" hai1="6,22,17,105,69,102,92,117,50,122,52,2,97" hai2="74,82,68,32,5,18,35,119,86,14,91,100,129" hai3="48,103,45,31,54,44,41,128,12,108,62,80,9"/><U89/><E122/><V78/><F119/><W37/><G108/><T90/><D38/><U23/><E117/><V42/><F5/><W112/><G128/><T40/><D90/><U109/><E69/><V101/><F129/><W0/><G112/><T21/><D116/><U115/><E115/><V29/><F42/><W63/><G0/><T15/><D118/><U64/><E64/><V114/><F114/><W27/><G103/><T126/><D126/><U26/><E109/><V85/><F74/><W87/><G27/><T43/><D43/><U39/><E39/><V77/><F68/><W1/><G1/><T132/><D132/><U123/><E23/><V125/><F125/><W61/><G31/><T33/><D33/><U133/><E133/><V49/><F49/><W106/><G106/><T127/><D127/><U66/><E66/><V75/><F75/><W110/><G110/><T55/><D40/><U135/><E135/><V30/><F35/><W8/><REACH who="3" step="1"/><G12/><REACH who="3" ten="250,286,214,240" step="2"/><T56/><D104/><U79/><E2/><V94/><F32/><W4/><G4/><T71/><D13/><U113/><E113/><V95/><F101/><W34/><G34/><T131/><D131/><U67/><E123/><V134/><F134/><W24/><G24/><T16/><D15/><U124/><E124/><V53/><F100/><W47/><G47/><T81/><D46/><U11/><E26/><V98/><F29/><W59/><G59/><T60/><D56/><U58/><E58/><V99/><F30/><W7/><G7/><T84/><D71/><U28/><E28/><V10/><F14/><RYUUKYOKU ba="0,1" sc="250,-10,286,-10,214,-10,240,30" hai3="8,9,37,41,44,45,48,54,61,62,63,80,87" /><INIT seed="2,1,1,1,4,134" ten="240,276,204,270" oya="2" hai0="124,7,118,42,64,13,5,103,27,31,78,39,37" hai1="17,105,90,16,133,59,24,75,61,23,125,114,88" hai2="36,130,6,109,89,122,55,43,96,60,67,4,30" hai3="54,21,57,87,97,40,65,29,0,46,79,3,100"/><V48/><F122/><W91/><G65/><T52/><D118/><U9/><E133/><V32/><F130/><W63/><G79/><T76/><D64/><U128/><E128/><V22/><F32/><W15/><G87/><T19/><D103/><U25/><E75/><V26/><F36/><W135/><G91/><T120/><D120/><U81/><E105/><V129/><F43/><W44/><G135/><T53/><D42/><U119/><E119/><V123/><F123/><W112/><G112/><T99/><D99/><U58/><E114/><V1/><F1/><W35/><G35/><T106/><D106/><U111/><E81/><V18/><F129/><W101/><G44/><T8/><D31/><U41/><E41/><V82/><F109/><W104/><G100/><T113/><D113/><U47/><E47/><V131/><F131/><W38/><G29/><T14/><D19/><U92/><E9/><V49/><F30/><W86/><G86/><T126/><D27/><U10/><E10/><AGARI ba="1,1" hai="5,7,8,10,13,14,37,39,52,53,76,78,124,126" machi="10" ten="25,8000,1" yaku="22,2,52,2,54,1" doraHai="134" who="0" fromWho="1" sc="240,93,276,-83,204,0,270,0" /><INIT seed="3,0,0,1,2,118" ten="333,193,204,270" oya="3" hai0="57,89,109,3,74,43,114,33,34,1,107,70,119" hai1="7,61,103,26,22,45,110,14,106,85,71,112,72" hai2="83,121,15,86,35,23,92,31,4,126,98,120,124" hai3="54,48,130,12,5,132,65,13,115,102,16,67,37"/><W2/><G37/><T84/><D70/><U46/><E112/><V52/><F35/><W97/><G115/><T8/><D119/><U29/><E72/><V19/><F31/><W87/><G2/><T79/><D114/><U10/><E110/><V50/><F4/><W134/><G130/><T88/><D107/><U104/><E104/><V9/><F23/><N who="3" m="11655" /><G87/><T53/><D89/><U28/><E28/><V68/><F68/><W49/><G13/><T82/><D43/><U21/><E21/><V60/><F60/><W77/><G5/><T41/><D41/><U63/><E85/><V42/><F42/><W101/><G49/><T81/><D109/><U129/><E129/><V69/><F69/><W18/><G18/><T75/><D75/><U30/><E30/><V38/><F38/><W11/><G77/><T47/><D47/><U99/><REACH who="1" step="1"/><E63/><REACH who="1" ten="333,183,204,270" step="2"/><V80/><F98/><W94/><G11/><T108/><D108/><U133/><E133/><N who="3" m="51306" /><G102/><T36/><D8/><U123/><E123/><N who="2" m="47179" /><F92/><W128/><G128/><T58/><D74/><U66/><AGARI ba="0,1" hai="7,10,14,22,26,29,45,46,61,66,71,99,103,106" machi="66" ten="30,4000,0" yaku="1,1,0,1,53,1" doraHai="118" doraHaiUra="20" who="1" fromWho="1" sc="333,-10,183,50,204,-10,270,-20" owari="323,43.0,233,-17.0,194,-31.0,250,5.0" /></mjloggm>