<mjloggm ver="2.3"><GO type="41" lobby="0"/><UN n0="%E3%83%8B%E3%83%AF%E3%82%AB%E5%85%88%E8%BC%A9" n1="%E3%83%AA%E3%82%B9%E3%83%83%E3%83%81" n2="%E6%AC%A1%E5%85%83%E5%B9%B2%E6%B8%89" n3="%E5%B0%B1%E6%B4%BB%E7%94%9F%40%E5%B7%9D%E6%9D%91%E8%BB%8D%E5%9B%A3" dan="13,14,15,14" rate="1921.52,2028.29,2085.20,1987.64" sx="F,M,M,M"/><TAIKYOKU oya="0"/><INIT seed="0,0,0,2,0,129" ten="250,250,250,250" oya="0" hai0="95,72,36,42,54,134,75,37,88,74,34,122,97" hai1="52,11,63,62,79,96,58,99,10,14,89,108,20" hai2="117,69,87,57,1,46,29,53,121,24,124,82,6" hai3="22,17,4,93,81,13,73,119,77,48,19,0,26"/><T112/><D112/><U84/><E108/><V130/><F69/><W27/><G119/><T83/><D122/><U51/><E79/><V68/><F121/><W125/><G125/><T25/><D42/><U55/><E20/><V109/><F68/><W12/><G0/><T85/><D134/><U50/><E96/><V133/><F117/><W32/><G4/><T59/><D34/><U86/><E99/><V16/><F130/><W92/><G48/><T131/><D25/><U118/><E118/><V111/><F124/><W116/><G116/><T120/><D120/><U100/><E100/><V91/><F6/><W102/><G32/><T104/><D104/><U56/><E89/><V38/><F1/><W106/><G106/><T41/><D41/><U101/><E101/><V71/><F71/><W80/><G102/><T66/><D66/><U107/><E107/><V103/><F103/><W33/><G33/><T126/><D126/><U21/><E21/><V15/><F38/><W5/><G5/><T114/><D114/><U94/><E94/><V78/><F24/><W127/><G127/><T123/><D123/><U65/><E65/><V23/><F29/><W9/><G80/><T76/><REACH who="0" step="1"/><D131/><REACH who="0" ten="240,250,250,250" step="2"/><U98/><E98/><V40/><F133/><W60/><G27/><T105/><D105/><U8/><E8/><V128/><F128/><W47/><G26/><T135/><D135/><U28/><E14/><V61/><F111/><W35/><G13/><T45/><D45/><U64/><E64/><V110/><F109/><W7/><G35/><T30/><D30/><AGARI ba="0,1" hai="10,11,28,30,50,51,52,55,56,58,62,63,84,86" machi="30" ten="25,6400,0" yaku="22,2,8,1,54,1" doraHai="129" who="1" fromWho="0" sc="240,-64,250,74,250,0,250,0" /><INIT seed="1,0,0,2,2,124" ten="176,324,250,250" oya="1" hai0="63,129,82,24,55,31,92,102,56,25,83,40,130" hai1="112,27,1,64,105,78,41,33,62,125,51,117,52" hai2="71,15,85,123,101,93,17,70,76,35,135,29,116" hai3="21,11,100,94,39,22,127,57,0,77,86,131,107"/><U87/><E117/><V133/><F116/><W44/><G127/><T119/><D119/><U43/><E125/><V128/><F123/><W95/><G107/><T84/><D40/><U46/><E105/><V36/><F36/><W74/><G94/><T4/><D4/><U61/><E1/><V47/><F29/><W122/><G57/><T20/><D24/><U118/><E118/><V73/><F35/><W111/><G22/><T58/><D58/><U18/><E112/><V72/><F47/><W126/><G21/><T96/><REACH who="0" step="1"/><D83/><REACH who="0" ten="166,324,250,250" step="2"/><N who="1" m="47607" /><E41/><V49/><F71/><W98/><G126/><T108/><D108/><U6/><E6/><V14/><F70/><W53/><G111/><T23/><D23/><U104/><E33/><V42/><F15/><W75/><G0/><T3/><D3/><U32/><E32/><V60/><F14/><W67/><G11/><T134/><D134/><U65/><E43/><V34/><F42/><W5/><G5/><T110/><D110/><U109/><E109/><V68/><F34/><W19/><G39/><T89/><AGARI ba="0,1" hai="20,25,31,55,56,63,82,84,89,92,96,102,129,130" machi="89" ten="30,7900,0" yaku="1,1,0,1,52,2,53,0" doraHai="124" doraHaiUra="30" who="0" fromWho="0" sc="166,89,324,-39,250,-20,250,-20" /><INIT seed="2,0,0,0,2,115" ten="255,285,230,230" oya="2" hai0="75,53,38,96,39,67,57,112,82,2,101,94,18" hai1="117,111,132,123,127,0,48,104,121,29,114,126,69" hai2="46,32,37,77,6,125,76,64,58,56,16,102,91" hai3="90,135,62,42,108,113,20,80,86,12,103,70,43"/><V19/><F125/><N who="1" m="47625" /><E48/><V31/><F32/><W27/><G113/><T89/><D112/><U110/><E114/><V25/><F37/><W71/><G108/><N who="1" m="41514" /><E29/><V11/><F102/><W8/><G135/><T134/><D134/><U1/><E132/><V52/><F46/><W30/><G103/><T13/><D2/><N who="1" m="1131" /><E104/><V72/><F72/><W14/><G14/><T97/><D67/><U118/><E69/><V105/><F105/><W44/><G62/><T120/><D120/><AGARI ba="0,0" hai="117,118,120,121,123" m="1131,41514,47625" machi="120" ten="40,24000,4" yaku="28,2,13,1,18,1,14,1,31,2,34,2,52,2" doraHai="115" who="1" fromWho="0" sc="255,-240,285,240,230,0,230,0" /><INIT seed="3,0,0,4,3,117" ten="15,525,230,230" oya="3" hai0="40,59,57,135,17,129,73,42,53,35,55,130,109" hai1="47,85,34,86,41,64,84,23,112,72,103,98,50" hai2="31,33,16,49,6,124,7,28,0,101,51,121,107" hai3="11,52,61,2,1,56,126,60,22,9,95,75,36"/><W5/><G75/><T54/><D35/><U48/><E34/><V3/><F107/><W105/><G105/><T46/><D73/><U134/><E72/><V100/><F124/><W123/><G36/><T99/><D99/><U24/><E112/><V69/><F33/><W104/><G104/><T82/><D82/><U115/><E115/><V133/><F69/><W92/><G126/><T116/><D116/><U70/><E134/><V65/><F65/><W21/><G123/><T4/><D4/><U71/><E50/><V106/><F106/><W27/><G60/><T25/><D135/><U38/><E38/><V128/><F133/><W79/><G79/><T81/><D81/><U45/><E45/><V87/><F87/><W89/><G22/><T111/><D17/><U43/><E43/><N who="0" m="16425" /><D25/><U29/><REACH who="1" step="1"/><E64/><REACH who="1" ten="15,515,230,230" step="2"/><V12/><F51/><W132/><G132/><T66/><D46/><U78/><E78/><V80/><F49/><W8/><G2/><T118/><D66/><U125/><E125/><V74/><F0/><W37/><G37/><T122/><D118/><U83/><E83/><V119/><F80/><W20/><G95/><AGARI ba="0,1" hai="23,24,29,41,47,48,70,71,84,85,86,95,98,103" machi="95" ten="40,5200,0" yaku="1,1,53,2" doraHai="117" doraHaiUra="67" who="1" fromWho="3" sc="15,0,515,62,230,0,230,-52" /><INIT seed="4,0,0,3,3,0" ten="15,577,230,178" oya="0" hai0="78,37,108,118,129,72,47,128,126,96,2,3,5" hai1="64,18,35,85,122,100,51,71,58,67,66,15,73" hai2="63,89,29,24,95,76,45,74,8,106,12,102,23" hai3="46,117,130,33,36,11,43,50,131,79,103,61,34"/><T14/><D118/><U115/><E73/><V90/><F74/><W20/><G117/><T16/><D126/><U124/><E35/><N who="3" m="13322" /><G103/><T10/><D2/><U22/><E122/><V60/><F76/><W55/><G79/><T99/><D108/><U59/><E124/><V110/><F110/><W120/><G120/><T86/><D72/><U82/><E115/><V25/><F25/><W62/><G20/><T1/><D1/><U6/><E71/><V17/><F45/><N who="3" m="23783" /><G11/><T38/><D38/><U97/><E51/><V69/><F69/><W135/><G135/><T19/><D19/><U27/><E97/><V109/><F109/><W114/><G114/><T113/><D113/><U127/><E100/><V80/><F106/><W49/><G49/><T13/><D3/><U92/><E92/><V30/><F30/><W42/><G42/><N who="0" m="22991" /><D78/><N who="1" m="46295" /><E127/><V112/><F112/><W105/><G105/><T44/><D44/><U28/><E28/><V98/><F80/><W39/><G39/><T75/><D75/><U26/><E26/><V101/><F101/><W94/><G94/><T31/><D31/><U91/><E91/><AGARI ba="0,0" hai="8,12,17,23,24,29,60,63,89,90,91,95,98,102" machi="91" ten="40,1300,0" yaku="8,1" doraHai="0" who="2" fromWho="1" sc="15,0,577,-13,230,13,178,0" /><INIT seed="5,0,0,1,0,15" ten="15,564,243,178" oya="1" hai0="47,107,86,48,105,91,25,11,29,74,59,27,57" hai1="2,45,17,80,23,21,81,60,64,40,106,135,84" hai2="77,87,9,104,65,14,16,109,118,79,56,4,36" hai3="101,126,123,110,131,67,39,98,122,119,41,83,100"/><U128/><E106/><V92/><F104/><W85/><G39/><T54/><D74/><U78/><E2/><V111/><F36/><W94/><G41/><T1/><D27/><U53/><E135/><V93/><F118/><W6/><G6/><T116/><D116/><U89/><E128/><V28/><F28/><W26/><G26/><T31/><D31/><U62/><E21/><V75/><F75/><W72/><G67/><T19/><D107/><U73/><E53/><V103/><F111/><W5/><G5/><T88/><D105/><U32/><E32/><V50/><F93/><W90/><G119/><T8/><D1/><U12/><E64/><V20/><F109/><W71/><G71/><T124/><D124/><U82/><E82/><V33/><F33/><W42/><G42/><T129/><D129/><U7/><E7/><V22/><F22/><W0/><G0/><T97/><D97/><U127/><E127/><V132/><F132/><W70/><G70/><T63/><D57/><U43/><E43/><V52/><F65/><W121/><G110/><T102/><D102/><U76/><E76/><V13/><F103/><W18/><G126/><T133/><D133/><U112/><E112/><V120/><F120/><W99/><G18/><T115/><D19/><U114/><E114/><V49/><F50/><AGARI ba="0,0" hai="12,17,23,40,45,50,60,62,73,78,80,81,84,89" machi="50" ten="30,2900,0" yaku="7,1,52,1" doraHai="15" who="1" fromWho="2" sc="15,0,564,29,243,-29,178,0" /><INIT seed="5,1,0,1,0,69" ten="15,593,214,178" oya="1" hai0="82,96,88,56,37,17,72,123,47,22,9,58,7" hai1="25,29,78,8,4,109,46,104,44,121,11,90,12" hai2="62,61,16,10,84,85,102,3,111,135,92,15,57" hai3="76,26,87,93,74,124,116,108,103,53,130,13,65"/><U94/><E121/><V51/><F135/><W31/><G74/><T34/><D34/><U35/><E104/><V42/><F111/><W70/><G70/><T129/><D123/><U1/><E109/><V23/><F3/><W41/><G41/><T28/><D28/><U49/><E78/><V83/><F62/><W40/><G65/><T30/><D30/><U36/><E49/><V77/><F51/><W67/><G67/><T39/><D129/><U68/><E68/><V97/><F42/><W43/><G53/><T91/><D47/><U32/><E32/><V38/><F38/><W33/><G43/><T114/><D114/><U64/><E64/><V126/><F126/><W18/><G40/><T24/><D72/><U20/><E36/><V99/><F97/><W52/><G52/><T14/><D58/><U79/><E79/><V71/><F71/><W81/><G124/><T45/><D45/><U73/><E73/><V63/><F57/><W50/><G130/><T5/><D5/><U113/><E113/><V125/><F125/><W107/><G116/><T89/><D82/><U19/><E11/><V132/><F132/><W106/><G108/><T98/><D98/><AGARI ba="1,0" hai="1,4,8,12,19,20,25,29,35,44,46,90,94,98" machi="98" ten="30,5800,0" yaku="7,1,24,2" doraHai="69" who="1" fromWho="0" sc="15,-61,593,61,214,0,178,0" owari="-46,-55.0,654,76.0,214,1.0,178,-22.0" /></mjloggm>