<mjloggm ver="2.3"><GO type="1" lobby="0"/><UN n0="%E5%B0%B1%E6%B4%BB%E7%94%9F%40%E5%B7%9D%E6%9D%91%E8%BB%8D%E5%9B%A3" n1="%E8%99%B9%E5%8E%9F%E3%81%84%E3%82%93%E3%81%8F%E2%98%86" n2="%45%6E%66%65%72" n3="%4E%6F%4E%61%6D%65" dan="2,5,0,0" rate="1559.39,1672.28,1500.00,1500.00" sx="M,F,M,M"/><TAIKYOKU oya="0"/><INIT seed="0,0,0,2,0,53" ten="250,250,250,250" oya="0" hai0="30,131,56,19,128,90,97,25,64,42,93,87,66" hai1="126,106,48,22,63,99,120,6,78,98,133,46,45" hai2="33,76,112,18,72,118,47,95,23,102,122,100,135" hai3="51,61,5,80,123,130,129,83,77,81,74,79,134"/><T117/><D117/><U49/><E120/><V59/><F122/><W96/><G51/><T109/><D42/><U43/><E126/><V32/><F118/><W116/><G61/><N who="0" m="37927" /><D66/><U39/><E39/><V94/><F112/><W44/><G44/><T21/><D109/><U37/><E37/><V69/><F69/><W88/><G5/><T20/><D128/><N who="3" m="49257" /><G116/><T68/><D68/><U105/><E133/><V34/><F135/><W60/><G60/><T26/><D131/><U127/><E127/><V10/><F59/><W84/><G134/><T108/><D108/><U41/><E105/><V121/><F121/><W0/><G0/><T115/><D115/><U103/><E78/><V11/><F47/><W67/><G67/><T91/><D87/><U52/><E6/><V54/><F54/><W3/><G3/><T65/><D65/><U111/><E111/><V40/><F40/><W17/><G17/><T75/><D75/><U50/><E63/><V14/><F23/><W55/><G55/><T9/><D9/><N who="2" m="3082" /><F14/><W8/><G8/><T27/><D27/><U113/><E113/><V12/><F76/><W89/><G123/><T114/><D114/><U104/><E22/><N who="2" m="11591" /><F72/><N who="3" m="43047" /><G96/><T58/><D58/><U62/><E62/><V7/><F7/><W4/><G4/><T119/><D119/><U92/><REACH who="1" step="1"/><E99/><REACH who="1" ten="250,240,250,250" step="2"/><N who="2" m="59511" /><F95/><W16/><G16/><T110/><D110/><U57/><AGARI ba="0,1" hai="41,43,45,46,48,49,50,52,57,92,98,103,104,106" machi="57" ten="20,12000,2" yaku="1,1,0,1,7,1,9,1,52,1,54,1,53,0" doraHai="53" doraHaiUra="70" who="1" fromWho="1" sc="250,-60,240,130,250,-30,250,-30" /><INIT seed="1,0,0,2,2,133" ten="190,370,220,220" oya="1" hai0="111,92,68,34,73,130,24,93,129,43,61,97,70" hai1="51,117,11,56,64,35,65,7,83,17,77,12,63" hai2="95,16,120,123,75,89,84,82,47,135,86,29,108" hai3="10,94,2,127,118,41,9,66,45,15,90,31,74"/><U100/><E117/><V23/><F108/><W1/><G118/><T115/><D73/><U25/><E100/><V13/><F47/><W6/><G74/><T78/><D78/><U40/><E51/><V48/><F48/><W109/><G109/><T18/><D115/><U0/><E40/><V80/><F29/><W54/><G54/><T55/><D43/><U5/><E5/><V114/><F114/><W30/><G66/><T62/><D111/><U22/><E35/><V58/><F58/><W59/><G59/><T76/><D76/><U53/><E0/><V8/><F23/><W101/><G101/><T20/><D34/><U38/><REACH who="1" step="1"/><E38/><REACH who="1" ten="190,360,220,220" step="2"/><V69/><F69/><W113/><G113/><T52/><D70/><U112/><E112/><V105/><F105/><W128/><G128/><T96/><D68/><U124/><E124/><V119/><F119/><W33/><G127/><T4/><D4/><U42/><E42/><V134/><F8/><W99/><G33/><T50/><D129/><U116/><E116/><V21/><F21/><W32/><G32/><T27/><D130/><U60/><E60/><V85/><F13/><W131/><G131/><T106/><D106/><U39/><E39/><V37/><F37/><N who="3" m="21679" /><G1/><T46/><D27/><U19/><E19/><V3/><F3/><W79/><G2/><T132/><D24/><U91/><E91/><N who="2" m="51591" /><F16/><W36/><G36/><T110/><D18/><U107/><E107/><V102/><F102/><W44/><G15/><T103/><D110/><U72/><AGARI ba="0,1" hai="7,11,12,17,22,25,53,56,63,64,65,72,77,83" machi="72" ten="20,3900,0" yaku="1,1,0,1,7,1,53,0" doraHai="133" doraHaiUra="122" who="1" fromWho="1" sc="190,-13,360,49,220,-13,220,-13" /><INIT seed="1,1,0,0,1,4" ten="177,409,207,207" oya="1" hai0="106,72,133,3,21,64,115,49,79,116,11,20,36" hai1="104,93,100,12,15,41,0,58,128,31,119,47,129" hai2="112,46,105,101,108,39,68,24,27,87,56,107,43" hai3="10,30,111,78,82,122,5,85,127,76,40,98,134"/><U81/><E119/><V2/><F2/><W99/><G122/><T8/><D115/><U132/><E132/><V125/><F87/><W124/><G40/><T6/><D133/><U135/><E135/><V126/><F112/><W71/><G71/><T9/><D116/><U74/><E0/><V114/><F114/><W89/><G30/><T102/><D36/><U23/><E104/><N who="2" m="40011" /><F108/><W69/><G69/><T14/><D64/><U110/><E110/><V95/><F68/><W35/><G35/><T54/><D72/><U25/><E58/><V33/><F33/><W16/><G134/><T90/><D79/><N who="3" m="30249" /><G111/><T48/><D106/><U50/><E81/><V118/><F118/><W92/><G82/><T38/><D38/><U86/><E74/><V73/><F73/><W42/><G42/><T13/><D102/><U18/><E31/><V53/><F53/><W94/><G94/><T67/><D67/><U113/><E113/><V37/><F56/><W121/><G121/><T55/><D90/><N who="1" m="53463" /><E100/><V22/><F22/><N who="0" m="8810" /><D3/><U66/><E66/><V83/><F83/><W34/><G34/><T123/><D123/><U17/><E17/><V62/><F62/><W77/><G77/><T60/><D60/><U70/><E70/><V52/><F52/><N who="0" m="20010" /><D6/><U96/><E96/><N who="2" m="59551" /><F37/><W109/><G5/><T65/><D65/><U130/><AGARI ba="1,0" hai="12,15,18,23,25,41,47,50,128,129,130" m="53463" machi="130" ten="30,1500,0" yaku="19,1" doraHai="4" who="1" fromWho="1" sc="177,-6,409,18,207,-6,207,-6" /><INIT seed="1,2,0,3,3,75" ten="171,427,201,201" oya="1" hai0="69,134,0,78,98,106,7,89,126,74,6,22,38" hai1="49,15,8,108,59,84,79,42,91,56,60,40,47" hai2="72,133,135,11,66,65,55,13,51,45,96,43,32" hai3="115,86,112,29,117,68,36,33,83,37,113,82,50"/><U101/><E108/><V25/><F96/><W19/><G68/><T127/><D69/><U61/><E101/><V28/><F32/><W116/><G19/><T39/><D134/><N who="2" m="51210" /><F72/><W14/><G14/><T121/><D121/><U12/><E79/><V130/><F130/><W46/><G29/><T110/><D110/><U48/><E48/><N who="2" m="29071" /><F28/><W118/><G33/><T23/><D106/><U64/><E42/><V128/><F128/><W31/><G31/><T73/><D98/><U34/><E8/><V27/><F27/><W102/><G102/><T123/><D123/><U111/><E34/><V54/><F43/><N who="3" m="24927" /><G82/><T35/><D35/><U97/><E97/><V94/><F25/><W103/><G103/><T109/><D109/><U124/><E111/><V17/><F94/><W114/><N who="3" m="29184" /><DORA hai="100" /><W18/><G18/><T2/><D89/><AGARI ba="2,0" hai="36,37,83,86,89,116,117,118" m="29184,24927" machi="89" ten="60,2000,0" yaku="12,1" doraHai="75,100" who="3" fromWho="0" sc="171,-26,427,0,201,0,201,26" /><INIT seed="2,0,0,4,0,56" ten="145,427,201,227" oya="2" hai0="49,37,108,57,29,15,58,47,41,31,132,0,135" hai1="6,4,127,25,73,48,126,45,40,7,96,112,69" hai2="43,42,27,24,130,36,1,44,85,84,11,119,35" hai3="50,117,72,101,111,129,87,91,75,92,68,38,51"/><V39/><F119/><W76/><G38/><N who="2" m="14377" /><F130/><W23/><G68/><T16/><D0/><U30/><E112/><V10/><F35/><W109/><G23/><T61/><D108/><N who="3" m="41545" /><G51/><T105/><D105/><U122/><E122/><V67/><F67/><W81/><G50/><T97/><D58/><U124/><E69/><V60/><F60/><W104/><G117/><T98/><D37/><U26/><E73/><V88/><F1/><W5/><G5/><T89/><D135/><U46/><E96/><N who="0" m="36969" /><D89/><U52/><REACH who="1" step="1"/><E30/><REACH who="1" ten="145,417,201,227" step="2"/><V59/><F59/><W66/><G129/><T22/><D132/><U13/><E13/><V134/><F134/><W82/><G66/><AGARI ba="0,1" hai="15,16,22,29,31,41,47,49,57,61,66" m="36969" machi="66" ten="30,3900,0" yaku="8,1,52,1,54,1" doraHai="56" who="0" fromWho="3" sc="145,49,417,0,201,0,227,-39" /><INIT seed="3,0,0,3,2,54" ten="194,417,201,188" oya="3" hai0="25,90,37,46,79,53,4,1,60,95,39,55,89" hai1="10,41,52,115,27,132,0,129,44,19,9,72,73" hai2="130,114,62,2,128,92,12,126,88,86,50,13,18" hai3="69,5,64,121,70,26,124,35,77,84,17,8,71"/><W36/><G121/><T131/><D131/><N who="2" m="50218" /><F114/><W42/><G124/><T51/><D79/><U63/><E52/><V78/><F78/><W120/><G120/><T112/><D112/><U29/><E19/><V110/><F110/><W85/><G64/><T96/><D1/><U65/><E63/><V75/><F75/><W16/><G17/><T43/><D4/><U103/><E10/><N who="2" m="6423" /><F2/><W74/><G74/><T57/><D25/><U135/><E44/><V102/><F62/><W23/><G35/><T108/><D108/><U134/><E27/><V49/><F13/><W28/><G28/><T3/><D3/><U127/><E29/><V97/><F126/><W93/><G77/><T123/><D123/><U98/><E98/><N who="2" m="59719" /><F88/><W113/><G113/><T107/><D107/><U21/><E21/><V117/><F117/><W118/><G118/><T111/><D111/><U94/><E94/><V81/><F97/><W58/><G58/><T6/><D6/><U101/><E9/><V125/><F125/><W66/><G66/><T87/><D43/><U15/><E41/><V7/><F7/><W33/><G33/><T80/><AGARI ba="0,0" hai="37,39,46,51,53,55,57,60,80,87,89,90,95,96" machi="80" ten="20,2700,0" yaku="0,1,7,1,52,1" doraHai="54" who="0" fromWho="0" sc="194,27,417,-7,201,-7,188,-13" owari="221,2.0,410,51.0,194,-21.0,175,-32.0" /></mjloggm>