<mjloggm ver="2.3"><GO type="97" lobby="0"/><UN n0="%E5%B0%B1%E6%B4%BB%E7%94%9F%40%E5%B7%9D%E6%9D%91%E8%BB%8D%E5%9B%A3" n1="%73%61%6C%74%79%64%6F%67" n2="%E6%B5%B7%E6%9C%88%E3%81%AE%E3%81%8F%E3%81%9B%E3%81%AB%E3%80%82" n3="%62%61%6A%69%2D%6E%61" dan="13,14,13,14" rate="1905.01,1949.81,1874.94,1951.34" sx="M,M,M,M"/><TAIKYOKU oya="0"/><INIT seed="0,0,0,4,0,1" ten="250,250,250,250" oya="0" hai0="101,105,36,97,57,18,48,25,58,0,89,103,108" hai1="9,100,17,50,71,41,6,88,76,4,124,12,127" hai2="51,131,128,77,132,61,107,53,66,113,126,129,74" hai3="110,56,65,79,55,94,106,40,38,83,21,70,67"/><T60/><D36/><U85/><E76/><V104/><F113/><W119/><G106/><T52/><D0/><U80/><E71/><N who="2" m="42447" /><F132/><W134/><G119/><T16/><D108/><U118/><E100/><N who="0" m="38473" /><D105/><U93/><E118/><V23/><F23/><W68/><G134/><T47/><D25/><U34/><E34/><V37/><F37/><W39/><G21/><T3/><D3/><U120/><E120/><V8/><F8/><W35/><G94/><N who="0" m="56527" /><D58/><U121/><E121/><V87/><F74/><W2/><G83/><T7/><D7/><N who="1" m="2603" /><E127/><V72/><F72/><W62/><G79/><T109/><D109/><U29/><E124/><V54/><F126/><W99/><G99/><T28/><D28/><U45/><E29/><V130/><N who="2" m="32768" /><DORA hai="117" /><V27/><F27/><W22/><G22/><T114/><D114/><U49/><E50/><V122/><F122/><W116/><G35/><T86/><D86/><U11/><E11/><V69/><F69/><N who="3" m="26731" /><G2/><T32/><D32/><U46/><E45/><N who="2" m="27887" /><F54/><AGARI ba="0,0" hai="16,18,47,48,52,54,57,60" m="56527,38473" machi="54" ten="30,5800,0" yaku="8,1,54,2" doraHai="1,117" who="0" fromWho="2" sc="250,58,250,0,250,-58,250,0" /><INIT seed="0,1,0,1,0,6" ten="308,250,192,250" oya="0" hai0="75,48,35,98,56,4,102,5,88,95,96,45,100" hai1="69,50,99,116,7,17,81,91,114,109,117,54,10" hai2="49,126,76,133,120,30,71,58,83,27,121,101,113" hai3="87,86,128,110,65,112,42,15,33,84,134,28,40"/><T80/><D35/><U21/><E69/><V105/><F113/><W70/><G112/><T55/><D100/><U38/><E114/><V63/><F133/><W39/><G134/><T72/><D72/><U29/><E38/><V64/><F126/><W9/><G128/><T0/><D0/><U119/><E109/><V129/><F129/><W77/><G110/><T73/><D73/><U16/><E29/><V60/><F49/><W89/><G77/><T74/><D74/><U24/><E17/><V8/><F8/><W82/><G39/><T66/><D75/><U52/><E50/><V19/><F19/><W130/><G130/><T53/><D66/><U51/><E51/><V107/><F83/><W92/><G70/><T103/><D103/><U94/><REACH who="1" step="1"/><E81/><REACH who="1" ten="308,240,192,250" step="2"/><V18/><F121/><W135/><G135/><T3/><D3/><AGARI ba="1,1" hai="3,7,10,16,21,24,52,54,91,94,99,116,117,119" machi="3" ten="40,12000,2" yaku="1,1,2,1,52,1,54,2,53,1" doraHai="6" doraHaiUra="13" who="1" fromWho="0" sc="308,-123,240,133,192,0,250,0" /><INIT seed="1,0,0,1,4,65" ten="185,373,192,250" oya="1" hai0="47,43,64,10,70,44,15,25,95,68,14,134,103" hai1="3,39,110,77,36,22,13,8,61,50,125,53,28" hai2="60,124,69,23,132,105,87,17,81,126,73,84,63" hai3="31,35,5,106,75,54,83,46,4,26,131,104,9"/><U56/><E125/><N who="2" m="48235" /><F105/><W41/><G131/><T2/><D134/><U59/><E3/><V37/><F132/><W40/><G54/><T112/><D112/><U99/><E77/><N who="2" m="44207" /><F37/><W27/><G4/><T74/><D74/><U107/><E39/><V67/><F63/><W93/><G40/><T12/><D64/><U45/><E36/><V79/><F79/><N who="3" m="44543" /><G27/><AGARI ba="0,0" hai="17,23,27,60,67,69,84,87" m="44207,48235" machi="27" ten="30,2000,0" yaku="18,1,52,1" doraHai="65" who="2" fromWho="3" sc="185,0,373,0,192,20,250,-20" /><INIT seed="2,0,0,1,4,110" ten="185,373,212,230" oya="2" hai0="89,37,10,5,36,125,88,117,39,62,106,14,70" hai1="64,55,1,127,133,98,128,65,78,44,59,122,86" hai2="100,18,58,30,50,118,74,40,15,47,130,26,0" hai3="35,123,34,42,75,45,72,82,101,48,56,41,90"/><V112/><F130/><W134/><G123/><T107/><D117/><U108/><E108/><V95/><F118/><W71/><G71/><T49/><D125/><U16/><E122/><V69/><F0/><W103/><G134/><T28/><D28/><U126/><E1/><V38/><F74/><W131/><G42/><T20/><D20/><U119/><E119/><V120/><F69/><W52/><G131/><T91/><REACH who="0" step="1"/><D49/><REACH who="0" ten="175,373,212,230" step="2"/><U22/><E128/><V19/><F120/><W9/><G34/><T2/><D2/><U6/><E127/><V73/><F38/><W96/><G35/><T12/><D12/><U43/><E126/><V83/><F15/><W94/><G9/><T87/><D87/><U29/><E86/><V81/><F73/><W4/><G4/><T97/><D97/><U113/><E6/><V60/><F30/><W104/><G82/><T92/><D92/><U63/><E29/><V135/><F83/><W93/><G104/><T124/><D124/><U24/><E98/><N who="2" m="59487" /><F81/><W61/><G103/><T17/><D17/><U57/><E133/><V129/><F129/><W102/><G101/><T31/><D31/><U76/><E22/><V33/><F135/><W8/><G8/><T132/><D132/><U111/><E111/><V68/><F19/><W21/><G21/><T11/><D11/><U99/><E16/><V121/><F18/><W25/><G25/><T79/><D79/><U13/><E76/><V105/><F105/><W66/><G75/><T115/><D115/><U77/><E24/><V85/><F112/><W114/><G72/><T54/><D54/><RYUUKYOKU ba="0,1" sc="175,30,373,-10,212,-10,230,-10" hai0="5,10,14,36,37,39,62,70,88,89,91,106,107" /><INIT seed="3,1,1,3,1,98" ten="205,363,202,220" oya="3" hai0="49,105,0,68,122,103,94,28,61,50,124,18,133" hai1="93,30,25,65,116,36,17,101,132,100,128,79,113" hai2="23,90,75,9,44,112,126,27,26,19,10,114,47" hai3="56,134,53,21,84,38,71,99,35,77,119,67,43"/><W70/><G119/><T123/><D0/><U76/><E113/><V46/><F75/><W42/><G35/><T57/><D105/><U14/><E36/><V104/><F104/><W7/><G134/><T32/><D68/><U110/><E116/><V117/><F117/><W121/><G121/><T24/><D133/><U55/><E132/><V22/><F126/><W60/><G7/><T92/><D124/><U12/><E65/><V66/><F66/><W37/><G21/><T129/><D129/><U80/><E128/><V16/><F90/><W54/><G84/><T87/><D18/><U118/><E118/><V82/><F82/><W41/><G99/><T109/><D109/><U85/><E110/><V58/><F58/><W39/><G77/><T29/><D29/><U91/><E76/><V78/><F78/><W74/><G74/><T48/><D94/><U106/><E106/><V63/><F63/><W120/><G120/><T4/><D4/><U31/><E31/><V52/><F52/><AGARI ba="1,1" hai="37,38,39,41,42,43,52,53,54,56,60,67,70,71" machi="52" ten="50,18000,2" yaku="35,6,54,1" doraHai="98" who="3" fromWho="2" sc="205,0,363,0,202,-183,220,193" owari="205,-19.0,363,16.0,19,-48.0,413,51.0" /></mjloggm>