<mjloggm ver="2.3"><GO type="97" lobby="0"/><UN n0="%E9%9B%B6%E6%99%82" n1="%E3%83%9A%E3%83%A4%E3%83%B3%E3%82%B0%E6%9C%80%E9%AB%98" n2="%79%75%74%61%73%61%77%61" n3="%E3%82%A6%E3%83%AB%E3%83%88%E3%83%A9%E7%AB%8B%E7%9B%B4" dan="13,15,13,15" rate="1868.52,2001.46,1872.44,1976.79" sx="M,M,M,M"/><TAIKYOKU oya="0"/><INIT seed="0,0,0,4,3,126" ten="250,250,250,250" oya="0" hai0="49,81,3,32,62,15,6,0,68,122,75,117,89" hai1="106,100,37,134,2,5,92,28,107,21,101,93,135" hai2="69,42,17,47,118,95,66,97,39,52,12,94,25" hai3="88,98,55,23,57,54,30,99,11,46,104,120,41"/><T82/><D122/><U20/><E37/><V65/><F118/><W33/><G33/><T63/><D117/><U105/><E5/><V18/><F69/><W78/><G120/><T7/><D32/><U44/><E44/><V85/><F25/><W27/><G104/><T74/><D68/><U73/><E73/><V64/><F85/><W43/><G78/><T121/><D121/><U102/><E2/><V110/><F110/><W115/><G115/><T72/><D72/><U14/><E14/><V45/><F39/><W112/><G112/><T19/><D49/><U35/><E35/><V4/><F42/><W26/><G26/><T90/><D15/><U128/><E128/><V51/><F47/><W48/><G11/><T40/><D19/><N who="2" m="7178" /><F97/><W103/><G103/><T83/><D83/><U67/><E67/><N who="2" m="17155" /><V91/><DORA hai="53" /><F91/><W111/><G111/><T96/><D96/><N who="3" m="36905" /><G88/><T9/><D9/><AGARI ba="0,0" hai="4,9,12,45,51,52,94,95" m="17155,7178" machi="9" ten="40,2600,0" yaku="8,1,54,1" doraHai="126,53" who="2" fromWho="0" sc="250,-26,250,0,250,26,250,0" /><INIT seed="1,0,0,2,3,124" ten="224,250,276,250" oya="1" hai0="77,3,100,69,131,98,49,106,9,110,1,4,120" hai1="27,46,126,29,16,132,75,97,54,15,56,83,105" hai2="14,104,53,34,123,45,80,10,103,79,11,81,76" hai3="107,55,82,87,94,122,112,26,35,71,86,52,13"/><U33/><E126/><V93/><F34/><W74/><G107/><T48/><D120/><U67/><E132/><V92/><F123/><W30/><G71/><T47/><D69/><U58/><E67/><V118/><F118/><W63/><G122/><T96/><D131/><U65/><E65/><V133/><F133/><W129/><G112/><T62/><D110/><U114/><E114/><V70/><F70/><W36/><G36/><T32/><D32/><U59/><E75/><V12/><F104/><W39/><G39/><T90/><D77/><U17/><E83/><V111/><F111/><W85/><G129/><T23/><D62/><U61/><E46/><V91/><F103/><W2/><G2/><T0/><D23/><U73/><E73/><V116/><F116/><W8/><G63/><T115/><D115/><U18/><REACH who="1" step="1"/><E15/><REACH who="1" ten="224,240,276,250" step="2"/><V99/><F45/><W130/><G130/><T88/><D1/><U6/><E6/><V24/><F24/><W22/><G74/><T127/><D0/><U28/><E28/><V57/><F99/><W125/><G125/><T7/><D127/><U84/><E84/><V51/><F57/><W128/><G128/><T101/><D7/><U37/><E37/><V41/><F91/><W135/><G135/><T60/><D60/><U64/><E64/><V78/><F51/><W21/><G82/><T68/><D68/><U44/><E44/><V38/><F76/><W109/><G109/><T95/><D49/><U134/><E134/><V117/><F38/><W108/><G108/><T72/><D72/><U19/><N who="1" m="4608" /><DORA hai="31" /><U50/><E50/><RYUUKYOKU ba="0,1" sc="224,15,240,15,276,-15,250,-15" hai0="3,4,9,47,48,88,90,95,96,98,100,101,106" hai1="27,29,33,54,56,58,59,61,97,105" /><INIT seed="1,1,1,0,0,13" ten="239,255,261,235" oya="1" hai0="45,124,57,109,47,116,107,101,58,71,74,29,44" hai1="113,118,78,72,70,66,133,51,6,18,82,93,65" hai2="96,36,85,112,4,95,25,106,62,5,39,127,79" hai3="73,83,122,76,40,56,32,134,34,135,103,14,59"/><U120/><E113/><V81/><F112/><W94/><G122/><T2/><D116/><U88/><E118/><V16/><F106/><W104/><G40/><T64/><D74/><U42/><E120/><V11/><F127/><W98/><G14/><T125/><D2/><U111/><E6/><V38/><F62/><W26/><G94/><T92/><D107/><U63/><E66/><V110/><F110/><W128/><G128/><T114/><D114/><U41/><E111/><V21/><REACH who="2" step="1"/><F11/><REACH who="2" ten="239,255,251,235" step="2"/><W35/><REACH who="3" step="1"/><G26/><REACH who="3" ten="239,255,251,225" step="2"/><T75/><D109/><U30/><E133/><AGARI ba="1,3" hai="32,34,35,56,59,73,76,83,98,103,104,133,134,135" machi="133" ten="50,6400,0" yaku="1,1,2,1,20,1,53,0" doraHai="13" doraHaiUra="8" who="3" fromWho="1" sc="239,0,255,-67,251,0,225,97" /><INIT seed="2,0,0,4,4,116" ten="239,188,251,322" oya="2" hai0="65,112,127,57,22,67,2,101,111,96,131,23,55" hai1="94,106,134,74,53,84,97,123,15,34,102,13,105" hai2="87,28,52,113,68,120,119,64,73,82,124,70,25" hai3="39,76,48,110,107,54,5,46,56,45,9,95,117"/><V72/><F119/><W114/><G107/><T59/><D112/><U16/><E74/><V132/><F113/><W26/><G117/><T58/><D2/><U6/><E34/><V36/><F36/><W93/><G114/><T98/><D127/><U89/><E134/><V24/><F124/><W118/><G118/><T47/><D131/><U33/><E33/><V79/><F132/><W14/><G110/><T108/><D47/><N who="3" m="17929" /><G39/><T8/><D8/><U4/><E105/><V51/><F120/><W81/><G26/><T109/><D55/><U115/><E115/><V3/><F3/><W20/><G20/><N who="0" m="7723" /><D101/><U7/><E15/><V85/><F73/><W80/><G76/><T88/><D88/><U133/><E133/><V128/><F128/><W37/><G37/><T50/><D50/><U86/><E53/><V121/><F121/><W90/><G95/><T12/><D12/><U43/><E43/><V11/><F11/><W40/><G40/><T135/><D135/><U125/><E125/><V1/><F1/><W35/><G35/><T75/><D75/><U21/><REACH who="1" step="1"/><E86/><AGARI ba="0,0" hai="5,9,14,48,54,56,80,81,86,90,93" m="17929" machi="86" ten="30,1000,0" yaku="8,1" doraHai="116" who="3" fromWho="1" sc="239,0,188,-10,251,0,322,10" /><INIT seed="3,0,0,3,3,68" ten="239,178,251,332" oya="3" hai0="43,99,77,54,15,17,14,88,100,117,130,23,59" hai1="55,63,86,66,10,95,107,111,76,126,18,61,119" hai2="96,60,11,33,124,80,21,12,79,112,89,129,121" hai3="102,85,26,49,7,44,116,78,39,133,91,65,125"/><W46/><G39/><T109/><D117/><U25/><E107/><V106/><F121/><W87/><G49/><T24/><D109/><U6/><E111/><V132/><F112/><W62/><G85/><T41/><D130/><U31/><E119/><V73/><F33/><W123/><G62/><N who="0" m="36215" /><D77/><U64/><E126/><V34/><F34/><W27/><G91/><T48/><D100/><U5/><E18/><V20/><F124/><W70/><G27/><T8/><D14/><U83/><E95/><V9/><F129/><W38/><G7/><N who="0" m="3487" /><D48/><U108/><E108/><V82/><F132/><W93/><G46/><T113/><D113/><U52/><E63/><V16/><F106/><W57/><G102/><T3/><D3/><U45/><E45/><V81/><F73/><W30/><G44/><T67/><D67/><U92/><E92/><AGARI ba="0,0" hai="17,23,24,41,43,88,92,99" m="3487,36215" machi="92" ten="30,3900,0" yaku="25,1,8,1,54,1" doraHai="68" who="0" fromWho="1" sc="239,39,178,-39,251,0,332,0" owari="278,8.0,139,-36.0,251,-15.0,332,43.0" /></mjloggm>