<mjloggm ver="2.3"><GO type="41" lobby="0"/><UN n0="%E5%B0%B1%E6%B4%BB%E7%94%9F%40%E5%B7%9D%E6%9D%91%E8%BB%8D%E5%9B%A3" n1="%E3%81%84%E3%81%A8%E5%92%8C%E3%81%97" n2="%E5%8D%81%E9%A6%AC" n3="%E3%82%AA%E3%83%AA%E3%82%B8%E3%83%8A%E3%83%AB%E5%8D%93%E9%9B%80%E5%A3%AB" dan="15,14,14,13" rate="1966.79,1862.70,1943.88,1819.66" sx="M,M,M,F"/><TAIKYOKU oya="0"/><INIT seed="0,0,0,3,1,38" ten="250,250,250,250" oya="0" hai0="36,20,71,53,80,65,41,127,1,64,77,2,88" hai1="47,35,42,58,107,67,72,55,44,22,113,135,134" hai2="16,78,74,4,83,62,15,92,21,76,51,120,54" hai3="27,94,99,102,103,82,17,97,28,112,32,26,129"/><T63/><D127/><U8/><E35/><V24/><F120/><W90/><G129/><T33/><D33/><U121/><E121/><V25/><F92/><W128/><G128/><T95/><D65/><U66/><E107/><V18/><F4/><W12/><G112/><T39/><D20/><U81/><E113/><V106/><F106/><W60/><G27/><T3/><D53/><U89/><E8/><V91/><F74/><W116/><G116/><T52/><D52/><U86/><E22/><N who="2" m="11615" /><F62/><W111/><G60/><T130/><D130/><U19/><E19/><V10/><F10/><W59/><G59/><T48/><D48/><N who="1" m="26647" /><E47/><N who="2" m="28031" /><F25/><W101/><G82/><T79/><D41/><U23/><E23/><V13/><F24/><W110/><G17/><T0/><N who="0" m="512" /><DORA hai="56" /><T49/><D49/><N who="1" m="31087" /><E72/><V117/><F117/><W87/><REACH who="3" step="1"/><G12/><REACH who="3" ten="250,250,250,240" step="2"/><T109/><D79/><U34/><E34/><V70/><F70/><W104/><G104/><T125/><D39/><U68/><E68/><V61/><F61/><W73/><G73/><T31/><D36/><U108/><E81/><V45/><F45/><W126/><G126/><T50/><D50/><U14/><E14/><V29/><F29/><W114/><G114/><T100/><D31/><U115/><E115/><V131/><F131/><W93/><G93/><T30/><D80/><U40/><E40/><V98/><F83/><W43/><G43/><T105/><D30/><U122/><E122/><V37/><F37/><W11/><G11/><T46/><D125/><U57/><E66/><V6/><F6/><W132/><G132/><T96/><D71/><RYUUKYOKU ba="0,1" sc="250,-15,250,-15,250,15,240,15" hai2="13,16,21,76,78,91,98" hai3="26,28,32,87,90,94,97,99,101,102,103,110,111" /><INIT seed="1,1,1,0,2,49" ten="235,235,265,255" oya="1" hai0="21,116,39,87,31,92,32,109,53,70,5,29,62" hai1="48,37,111,126,36,127,110,74,95,102,115,72,67" hai2="103,122,118,104,19,91,26,63,77,107,71,15,112" hai3="76,4,79,119,96,135,108,20,125,84,45,35,132"/><U83/><E115/><V33/><F77/><W117/><G35/><T97/><D32/><U55/><E67/><V16/><F118/><W120/><G4/><T130/><D39/><N who="1" m="14923" /><E102/><V89/><F122/><W2/><G2/><T14/><D116/><U43/><E43/><V113/><F19/><W0/><G0/><T30/><D130/><U128/><E95/><V34/><F34/><W73/><G20/><T81/><D109/><N who="1" m="41483" /><E128/><V24/><F33/><W38/><G38/><T88/><D70/><U18/><E18/><V90/><F103/><W28/><G108/><T114/><D114/><N who="2" m="44138" /><F63/><W22/><G117/><T13/><D5/><U27/><E27/><N who="2" m="10283" /><F71/><W94/><G119/><T1/><D21/><AGARI ba="1,1" hai="15,16,21,89,90,91,104,107" m="10283,44138" machi="21" ten="30,2000,0" yaku="11,1,54,1" doraHai="49" who="2" fromWho="0" sc="235,-23,235,0,265,33,255,0" /><INIT seed="2,0,0,5,3,49" ten="212,235,298,255" oya="2" hai0="47,94,65,68,34,24,6,66,71,92,57,74,123" hai1="81,89,26,95,116,69,44,110,0,18,104,114,97" hai2="17,84,35,98,46,20,10,56,51,39,63,33,4" hai3="88,54,29,14,23,125,62,22,59,13,67,12,87"/><V28/><F39/><W124/><G29/><T48/><D74/><U130/><E116/><V25/><F98/><W135/><G135/><T90/><D123/><U118/><E118/><V38/><F38/><W128/><G128/><T50/><D6/><U9/><E114/><V70/><F70/><W52/><G125/><T83/><D83/><U93/><E130/><V113/><F113/><W75/><G75/><T99/><D34/><U53/><E104/><V61/><F84/><W122/><G122/><T40/><D24/><U41/><E69/><V115/><F115/><W111/><G111/><T126/><D126/><U121/><E121/><V108/><F108/><W31/><G124/><T96/><D71/><U76/><E95/><V91/><F91/><W117/><G117/><T106/><D106/><U78/><E110/><V82/><F82/><W77/><G77/><T16/><D68/><U37/><E26/><V132/><F132/><W19/><G31/><T134/><D134/><U42/><E42/><V2/><F56/><W100/><G100/><T43/><D16/><U1/><E53/><N who="3" m="20586" /><G19/><T27/><D27/><U45/><E76/><V58/><F17/><W32/><G32/><T7/><D7/><U79/><E79/><V36/><F33/><W30/><G30/><T3/><D3/><U120/><E0/><V86/><F2/><W85/><G85/><T129/><D129/><U15/><E1/><V101/><F35/><W127/><G127/><T102/><REACH who="0" step="1"/><D57/><REACH who="0" ten="202,235,298,255" step="2"/><U112/><E112/><V72/><F58/><W109/><G109/><T11/><D11/><U133/><E120/><RYUUKYOKU ba="0,1" sc="202,15,235,-15,298,-15,255,15" hai0="40,43,47,48,50,65,66,90,92,94,96,99,102" hai3="12,13,14,22,23,59,62,67,87,88" /><INIT seed="3,1,1,2,1,101" ten="217,220,283,270" oya="3" hai0="23,11,52,65,14,20,59,89,95,77,86,34,83" hai1="128,8,76,73,72,33,55,116,41,70,26,10,16" hai2="135,74,21,124,125,71,7,78,64,43,117,131,5" hai3="130,35,54,123,79,132,45,0,87,40,126,80,120"/><W85/><G35/><T118/><D34/><U58/><E70/><V100/><F117/><W97/><G0/><T109/><D65/><U103/><E128/><V66/><F43/><W29/><G29/><T82/><D109/><U36/><E116/><V104/><F21/><W134/><G54/><T2/><D2/><U62/><E103/><V75/><F131/><W4/><G130/><T68/><D68/><U105/><E105/><V102/><F71/><W129/><G129/><T28/><D28/><U13/><E33/><V30/><F30/><W122/><G87/><T108/><D108/><U46/><E26/><V111/><F111/><W113/><G97/><T24/><D24/><U38/><E38/><V49/><F49/><W96/><G96/><T115/><D115/><U119/><E119/><V57/><F57/><W25/><G25/><T81/><D77/><U17/><REACH who="1" step="1"/><E76/><REACH who="1" ten="217,210,283,270" step="2"/><V88/><F78/><N who="3" m="46231" /><G113/><T60/><REACH who="0" step="1"/><D118/><REACH who="0" ten="207,210,283,270" step="2"/><U106/><E106/><V56/><F104/><W98/><G120/><T47/><D47/><U44/><E44/><V133/><F56/><W3/><G45/><T67/><D67/><U92/><E92/><V94/><F94/><W6/><G79/><T107/><D107/><U99/><E99/><V31/><F31/><W27/><G98/><T50/><D50/><U1/><E1/><V53/><F53/><W39/><G122/><T90/><D90/><AGARI ba="1,3" hai="5,7,64,66,74,75,88,90,100,102,124,125,133,135" machi="90" ten="25,3200,0" yaku="22,2,54,1" doraHai="101" who="2" fromWho="0" sc="207,-35,210,0,283,65,270,0" /><INIT seed="4,0,0,2,3,74" ten="172,210,348,270" oya="0" hai0="46,93,29,120,59,69,83,124,6,60,62,128,96" hai1="55,17,116,80,21,97,20,48,0,3,50,58,117" hai2="68,88,12,8,31,73,57,106,99,77,115,2,51" hai3="4,16,43,37,36,35,90,94,104,98,63,52,105"/><T131/><D120/><U108/><E108/><V7/><F68/><W32/><G4/><T47/><D69/><U49/><E97/><V79/><F31/><W1/><G1/><T72/><D6/><U38/><E38/><V82/><F115/><W89/><G43/><T111/><D111/><U24/><E80/><V102/><F2/><W33/><G16/><T19/><D29/><U134/><E134/><V15/><F15/><W78/><G78/><N who="0" m="44487" /><D19/><U126/><E126/><V25/><F25/><W64/><G64/><T122/><D60/><U61/><E0/><V86/><F73/><W39/><REACH who="3" step="1"/><G89/><REACH who="3" ten="172,210,348,260" step="2"/><N who="0" m="55343" /><D122/><U87/><E3/><V44/><REACH who="2" step="1"/><F57/><AGARI ba="0,1" hai="32,33,35,36,37,39,52,57,63,90,94,98,104,105" machi="57" ten="50,3200,0" yaku="1,1,54,1,53,0" doraHai="74" doraHaiUra="129" who="3" fromWho="2" sc="172,0,210,0,348,-32,260,42" /><INIT seed="5,0,0,4,2,56" ten="172,210,316,302" oya="1" hai0="116,58,81,73,27,128,23,91,100,45,90,59,42" hai1="130,40,46,132,95,18,60,16,124,96,108,97,68" hai2="74,48,72,47,55,66,121,9,52,38,14,98,29" hai3="67,21,78,88,10,35,70,4,105,54,36,6,25"/><U114/><E114/><V7/><F121/><W11/><G36/><T82/><D116/><U104/><E124/><V133/><F133/><W28/><G78/><T93/><D128/><U63/><E132/><V107/><F66/><W34/><G105/><T43/><D100/><U31/><E130/><V102/><F29/><W106/><G106/><T110/><D110/><U24/><E108/><V50/><REACH who="2" step="1"/><F38/><REACH who="2" ten="172,210,306,302" step="2"/><W49/><G67/><T20/><D73/><U0/><E31/><V22/><F22/><W86/><G21/><T101/><D101/><U84/><E68/><V120/><F120/><W125/><G34/><T15/><D27/><U53/><E24/><V13/><F13/><W134/><G70/><T8/><D15/><U85/><E0/><V103/><F103/><W99/><G134/><T71/><D71/><U122/><E122/><V32/><F32/><W39/><G39/><T83/><D8/><U109/><E109/><V87/><F87/><W26/><G35/><T64/><D64/><U61/><E85/><V115/><F115/><W57/><G28/><T112/><D112/><U113/><E84/><V135/><F135/><W19/><G86/><T17/><D17/><U51/><E113/><V127/><F127/><W80/><G125/><T30/><D30/><U5/><E18/><V33/><F33/><W62/><G19/><T92/><REACH who="0" step="1"/><D81/><REACH who="0" ten="162,210,306,302" step="2"/><U123/><E16/><V3/><F3/><W37/><G80/><T129/><D129/><U44/><E123/><V75/><F75/><W131/><G131/><T41/><D41/><U118/><E40/><V1/><F1/><RYUUKYOKU ba="0,2" sc="162,15,210,-15,306,15,302,-15" hai0="20,23,42,43,45,58,59,82,83,90,91,92,93" hai2="7,9,14,47,48,50,52,55,72,74,98,102,107" /><INIT seed="6,1,2,5,5,130" ten="177,195,321,287" oya="2" hai0="6,40,53,96,92,126,69,48,107,119,88,30,118" hai1="9,15,56,80,2,66,91,133,106,23,57,1,124" hai2="129,58,71,108,83,46,105,24,135,44,82,35,28" hai3="73,116,101,41,90,47,97,60,127,95,122,89,4"/><V103/><F108/><W104/><G122/><T75/><D69/><U115/><E106/><V67/><F129/><W36/><G116/><N who="0" m="44587" /><D75/><U16/><E115/><V113/><F58/><W45/><G127/><T99/><D126/><U77/><E124/><V34/><F34/><W109/><G109/><T86/><D40/><U10/><E133/><V117/><F117/><W12/><G73/><T29/><D6/><U37/><E37/><V11/><F11/><N who="1" m="4105" /><E1/><V49/><F113/><W125/><G12/><T3/><D3/><U85/><E2/><V68/><F68/><W20/><G20/><T39/><D39/><U54/><E66/><V102/><F102/><W110/><G4/><T128/><D128/><U74/><E74/><V79/><F79/><W61/><G125/><T22/><D22/><U31/><E31/><N who="0" m="11785" /><D107/><U33/><E33/><V42/><F46/><AGARI ba="1,2" hai="46,48,53,86,88,92,96,99" m="11785,44587" machi="46" ten="30,2000,0" yaku="12,1,54,1" doraHai="130" who="0" fromWho="2" sc="177,43,195,0,321,-23,287,0" /><INIT seed="7,0,0,3,1,19" ten="220,195,298,287" oya="3" hai0="64,120,49,105,54,28,73,34,15,78,14,95,82" hai1="122,7,29,133,36,72,4,71,0,123,112,68,77" hai2="109,88,52,116,6,76,124,106,70,131,97,98,33" hai3="26,2,69,23,119,65,80,59,107,35,61,25,91"/><W30/><G2/><T32/><D105/><U103/><E36/><V12/><F70/><W125/><G119/><T27/><D120/><U20/><E133/><V111/><F33/><W114/><G125/><T129/><D129/><U55/><E112/><V31/><F116/><W5/><G114/><T3/><D3/><U37/><E37/><V126/><F31/><W117/><G117/><T60/><D34/><U56/><E122/><V118/><F76/><W110/><G5/><T11/><D95/><U57/><E123/><V121/><F121/><W96/><G110/><N who="2" m="41993" /><F118/><W85/><G107/><T92/><D92/><U41/><E41/><V58/><F131/><W128/><G128/><T8/><D8/><U104/><E0/><V135/><F88/><W45/><G96/><T67/><D60/><U115/><E115/><V113/><F113/><W21/><G45/><T132/><D132/><U51/><E68/><V10/><F106/><W75/><G69/><T87/><D73/><U46/><E71/><V50/><F135/><W127/><G127/><AGARI ba="0,0" hai="6,10,12,50,52,58,97,98,124,126,127" m="41993" machi="127" ten="30,2000,0" yaku="18,1,54,1" doraHai="19" who="2" fromWho="3" sc="220,0,195,0,298,20,287,-20" owari="220,-18.0,195,-30.0,318,41.0,267,7.0" /></mjloggm>