<mjloggm ver="2.3"><GO type="97" lobby="0"/><UN n0="%E3%82%A6%E3%83%AB%E3%83%88%E3%83%A9%E7%AB%8B%E7%9B%B4" n1="%4F%53%43%37%37%37" n2="%74%61%62%69%6B%61%6B%65" n3="%6B%6F%6B%79%75%75" dan="15,14,16,15" rate="1983.14,1902.88,2060.58,1948.00" sx="M,M,M,M"/><TAIKYOKU oya="0"/><INIT seed="0,0,0,5,2,106" ten="250,250,250,250" oya="0" hai0="19,107,113,49,60,135,42,16,82,81,130,70,51" hai1="133,45,30,79,36,34,57,6,67,50,53,111,24" hai2="93,38,46,80,23,87,104,21,84,9,39,65,127" hai3="43,98,103,17,83,101,40,68,15,29,13,26,72"/><T88/><D107/><U11/><E133/><V44/><F104/><W109/><G109/><T75/><D113/><U129/><E111/><V99/><F127/><W114/><G114/><T64/><D135/><U102/><E129/><V7/><F65/><W100/><G68/><T48/><D130/><U73/><E102/><V90/><F38/><W118/><G118/><T54/><D42/><U31/><E31/><V78/><F87/><W86/><G72/><T122/><D122/><U92/><E92/><V123/><F123/><W41/><G29/><T18/><D75/><U91/><E91/><V89/><F90/><W3/><G3/><T63/><D88/><U5/><E36/><V33/><F33/><W10/><G26/><T76/><D76/><U110/><E110/><V58/><F58/><W77/><REACH who="3" step="1"/><G15/><REACH who="3" ten="250,250,250,240" step="2"/><T105/><D70/><U125/><E125/><V116/><F116/><W121/><G121/><T25/><D25/><U2/><E73/><V14/><F46/><W1/><G1/><T22/><D105/><AGARI ba="0,1" hai="10,13,17,40,41,43,77,83,86,98,100,101,103,105" machi="105" ten="40,1300,0" yaku="1,1,53,0" doraHai="106" doraHaiUra="47" who="3" fromWho="0" sc="250,-13,250,0,250,0,240,23" /><INIT seed="1,0,0,2,4,86" ten="237,250,250,263" oya="1" hai0="0,39,37,135,103,132,21,25,42,28,131,16,7" hai1="88,46,99,108,23,29,52,53,64,106,75,32,19" hai2="20,93,101,92,57,117,133,56,38,112,40,79,6" hai3="71,47,100,50,124,85,44,121,9,5,74,114,66"/><U102/><E75/><V13/><F117/><W122/><G114/><T2/><D103/><U33/><E64/><V18/><F112/><W105/><G124/><T26/><D42/><U60/><E108/><V3/><F79/><W58/><G74/><T116/><D39/><U90/><E29/><V15/><F3/><N who="0" m="1066" /><D37/><U17/><E60/><V73/><F73/><W98/><G47/><T72/><D72/><U82/><E82/><V118/><F118/><W27/><G71/><T97/><D97/><U24/><E19/><N who="2" m="10351" /><F6/><W127/><G127/><T110/><D7/><U113/><E113/><V10/><F133/><N who="0" m="51274" /><D116/><U83/><E83/><V8/><F38/><W120/><G27/><N who="0" m="14759" /><D110/><U91/><REACH who="1" step="1"/><E46/><REACH who="1" ten="237,240,250,263" step="2"/><V76/><F76/><W126/><G66/><T115/><D115/><U130/><E130/><V123/><F56/><W109/><G126/><T45/><D45/><U84/><E84/><V31/><F57/><W80/><G109/><T30/><D131/><U69/><E69/><V65/><F65/><W55/><G44/><T119/><D119/><U43/><E43/><V77/><F40/><W125/><G125/><T59/><D59/><U95/><E95/><V14/><F92/><W89/><REACH who="3" step="1"/><G122/><REACH who="3" ten="237,240,250,253" step="2"/><T35/><D30/><U11/><E11/><V1/><F31/><W134/><G134/><T68/><D68/><U12/><E12/><AGARI ba="0,2" hai="5,9,12,50,55,58,80,85,89,98,100,105,120,121" machi="12" ten="30,3900,0" yaku="1,1,7,1,52,1,53,0" doraHai="86" doraHaiUra="61" who="3" fromWho="1" sc="237,0,240,-39,250,0,253,59" /><INIT seed="2,0,0,3,3,39" ten="237,201,250,312" oya="2" hai0="77,22,15,21,84,60,124,23,110,80,95,68,0" hai1="118,78,116,62,74,120,97,20,112,25,43,91,52" hai2="13,67,47,44,38,85,50,58,11,86,48,111,107" hai3="130,45,61,29,24,65,113,115,41,28,54,94,102"/><V66/><F107/><W76/><G76/><T109/><D0/><U4/><E112/><N who="3" m="43082" /><G130/><T88/><D124/><U87/><E120/><V114/><F114/><W69/><G54/><T42/><D42/><U9/><E97/><V17/><F111/><W70/><G102/><T34/><D34/><U93/><E74/><V57/><F38/><N who="3" m="21687" /><G94/><T103/><D103/><U59/><E78/><V127/><F127/><W73/><G73/><T32/><D32/><U14/><REACH who="1" step="1"/><E43/><REACH who="1" ten="237,191,250,312" step="2"/><N who="2" m="24607" /><F66/><W2/><G65/><T46/><D109/><U19/><AGARI ba="0,1" hai="4,9,14,19,20,25,52,59,62,87,91,93,116,118" machi="19" ten="20,8000,1" yaku="1,1,0,1,7,1,54,1,53,1" doraHai="39" doraHaiUra="10" who="1" fromWho="1" sc="237,-20,191,90,250,-40,312,-20" /><INIT seed="3,0,0,2,2,0" ten="217,281,210,292" oya="3" hai0="24,75,12,79,76,99,133,83,11,27,71,20,69" hai1="19,44,10,80,78,95,82,41,110,42,86,8,31" hai2="29,4,63,126,101,6,122,85,115,87,121,26,53" hai3="17,73,23,35,107,62,91,94,102,112,74,33,90"/><W55/><G112/><T106/><D133/><U114/><E114/><V129/><F115/><W65/><G107/><T2/><D2/><U66/><E110/><V130/><F126/><W98/><G74/><T134/><D134/><U49/><E66/><V127/><F127/><W34/><G73/><T125/><D125/><U1/><E95/><V93/><F53/><W77/><G77/><T22/><D79/><U25/><E82/><V81/><F63/><W14/><REACH who="3" step="1"/><G55/><REACH who="3" ten="217,281,210,282" step="2"/><T40/><D106/><U51/><E42/><V119/><F119/><W135/><G135/><T43/><D40/><U45/><E41/><V103/><F130/><W52/><G52/><T59/><D43/><U96/><E78/><N who="2" m="46263" /><F129/><W13/><G13/><T68/><D27/><U28/><E1/><V36/><F36/><W46/><G46/><T60/><D24/><U108/><E45/><V7/><F87/><W116/><G116/><T104/><D104/><U84/><E108/><V120/><F93/><W72/><G72/><T37/><D37/><U48/><E44/><V67/><F67/><W9/><G9/><N who="1" m="3690" /><E96/><V128/><F128/><W70/><AGARI ba="0,1" hai="14,17,23,33,34,35,62,65,70,90,91,94,98,102" machi="70" ten="30,3000,0" yaku="1,1,0,1,53,0" doraHai="0" doraHaiUra="32" who="3" fromWho="3" sc="217,-10,281,-10,210,-10,282,40" owari="207,-19.0,271,7.0,200,-30.0,322,42.0" /></mjloggm>