<mjloggm ver="2.3"><GO type="169" lobby="0"/><UN n0="%62%75%74%69%74%61%6D%61" n1="%43%52%41%5A%59%42%45%45" n2="%E8%B5%A4%E8%A3%8F%E3%83%9B%E3%82%B7%E3%83%BC%E3%83%8E" n3="%E3%82%A6%E3%83%AB%E3%83%88%E3%83%A9%E7%AB%8B%E7%9B%B4" dan="19,17,16,17" rate="2227.05,2148.36,2141.46,2146.52" sx="M,M,M,M"/><TAIKYOKU oya="0"/><INIT seed="0,0,0,4,0,31" ten="250,250,250,250" oya="0" hai0="87,80,110,91,95,100,126,22,84,109,116,96,81" hai1="41,0,49,61,103,30,114,86,102,35,88,121,97" hai2="20,83,19,113,72,79,64,40,43,82,23,106,17" hai3="7,34,66,32,33,25,11,46,93,14,55,73,67"/><T89/><D22/><U90/><E121/><V13/><F106/><W2/><G73/><T10/><D10/><U85/><E0/><V38/><F113/><W74/><G74/><T107/><D126/><U119/><E119/><V5/><F5/><W130/><G130/><T15/><D15/><U75/><E75/><V58/><F38/><W120/><G120/><T111/><D116/><U59/><E114/><V27/><F83/><AGARI ba="0,0" hai="80,81,83,84,87,89,91,95,96,100,107,109,110,111" machi="83" ten="40,12000,1" yaku="14,1,10,1,34,3" doraHai="31" who="0" fromWho="2" sc="250,120,250,0,250,-120,250,0" /><INIT seed="0,1,0,2,0,42" ten="370,250,130,250" oya="0" hai0="82,50,103,20,21,24,49,4,122,57,69,3,59" hai1="36,22,23,97,126,28,16,5,129,105,51,106,133" hai2="11,110,114,124,70,60,94,44,67,9,45,66,72" hai3="98,58,63,113,99,91,100,83,108,74,117,41,95"/><T101/><D69/><U89/><E36/><V68/><F72/><W40/><G117/><T26/><D3/><U25/><E126/><V77/><F124/><W112/><G108/><T107/><D4/><U15/><E129/><V31/><F110/><W0/><G0/><T132/><D82/><U92/><E133/><V56/><F114/><W118/><G118/><T111/><D111/><U96/><E5/><V131/><F131/><W115/><G74/><T19/><D107/><U62/><E62/><V54/><F77/><W18/><G18/><T81/><D81/><U10/><E97/><V13/><F31/><W37/><G37/><T29/><D132/><U75/><E75/><V48/><F94/><W121/><G121/><T47/><D122/><U88/><E89/><V84/><F84/><W38/><G38/><T79/><D79/><U130/><E130/><V102/><F102/><N who="0" m="38922" /><D49/><U33/><REACH who="1" step="1"/><E51/><REACH who="1" ten="370,240,130,250" step="2"/><V52/><F13/><W7/><G7/><T1/><D1/><U27/><E27/><V134/><F134/><W53/><REACH who="3" step="1"/><G83/><REACH who="3" ten="370,240,130,240" step="2"/><T14/><D26/><U30/><E30/><V127/><F127/><W35/><G35/><T125/><D125/><U85/><E85/><V55/><F11/><W116/><G116/><T93/><D93/><AGARI ba="1,2" hai="40,41,53,58,63,91,93,95,98,99,100,112,113,115" machi="93" ten="40,1300,0" yaku="1,1,53,0" doraHai="42" doraHaiUra="78" who="3" fromWho="0" sc="370,-16,240,0,130,0,240,36" /><INIT seed="1,0,0,2,4,106" ten="354,240,130,276" oya="1" hai0="80,74,103,43,87,9,115,105,25,61,60,34,86" hai1="125,30,11,53,114,91,116,50,31,4,81,124,29" hai2="79,32,135,88,7,78,67,85,89,26,72,39,63" hai3="21,109,40,128,127,51,118,112,96,113,35,38,45"/><U134/><E116/><V55/><F39/><W17/><G35/><T101/><D115/><U37/><E114/><V46/><F7/><W52/><G118/><T20/><D34/><U100/><E37/><V130/><F130/><W75/><G128/><T48/><D74/><U27/><E100/><N who="0" m="38473" /><D9/><U69/><E69/><V15/><F135/><W117/><G75/><T23/><D23/><U56/><E134/><V19/><F89/><W108/><G96/><T18/><D87/><U54/><E27/><V2/><F72/><W49/><G38/><T24/><D24/><U132/><E132/><V68/><F2/><W10/><G10/><T82/><D82/><U102/><E102/><V131/><F131/><W13/><G117/><T90/><D105/><U98/><E54/><V70/><F70/><W93/><G93/><T95/><D95/><U111/><E111/><N who="3" m="42570" /><G127/><N who="1" m="48714" /><E98/><V44/><F26/><W59/><AGARI ba="0,0" hai="13,17,21,40,45,49,51,52,59,112,113" m="42570" machi="59" ten="30,2000,0" yaku="14,1,54,1" doraHai="106" who="3" fromWho="3" sc="354,-5,240,-10,130,-5,276,20" /><INIT seed="2,0,0,4,0,12" ten="349,230,125,296" oya="2" hai0="38,95,130,108,124,134,84,83,89,60,35,66,80" hai1="29,68,1,69,3,48,107,117,96,118,104,129,94" hai2="113,25,76,55,125,119,2,17,115,91,7,122,88" hai3="31,78,44,24,14,121,57,81,16,30,106,19,105"/><V100/><F119/><W20/><G121/><T21/><D35/><U64/><E29/><V51/><F122/><W27/><G44/><T28/><D38/><U102/><E129/><V67/><F67/><W110/><G110/><T133/><D108/><U56/><E117/><V77/><F100/><W128/><G128/><T73/><D124/><U93/><E118/><V126/><F7/><W4/><G57/><N who="0" m="37135" /><D73/><U52/><E64/><V123/><F2/><W50/><G50/><T61/><D61/><U74/><E74/><V22/><F123/><W6/><G106/><T71/><D71/><U13/><E107/><V98/><F77/><W109/><G105/><T70/><D70/><U116/><E116/><V65/><F76/><W49/><G49/><T36/><D36/><U62/><E62/><V63/><F63/><W120/><G120/><T5/><D5/><N who="3" m="2153" /><G27/><N who="0" m="16495" /><D130/><U101/><E104/><V132/><F65/><W41/><G41/><T11/><D11/><U42/><E42/><V75/><F75/><W58/><G58/><T85/><D85/><U32/><E69/><V112/><F98/><W43/><G43/><T54/><D54/><U111/><E111/><V37/><F37/><W79/><G109/><T82/><D134/><U103/><E68/><V114/><N who="2" m="28672" /><DORA hai="127" /><V23/><F23/><N who="3" m="11671" /><G78/><T39/><D133/><U33/><E48/><V26/><F26/><W40/><G40/><T87/><D39/><U97/><E56/><N who="2" m="32895" /><F132/><W46/><G46/><T86/><AGARI ba="0,0" hai="80,82,83,84,86,87,89,95" m="16495,37135" machi="86" ten="30,1100,0" yaku="8,1" doraHai="12,127" who="0" fromWho="0" sc="349,11,230,-3,125,-5,296,-3" /><INIT seed="3,0,0,2,4,11" ten="360,227,120,293" oya="3" hai0="80,123,96,104,130,14,64,63,72,106,57,66,62" hai1="73,91,102,113,70,124,16,7,22,127,107,23,117" hai2="101,82,69,100,24,109,134,131,9,51,95,129,26" hai3="97,15,6,85,111,115,18,32,78,28,38,52,37"/><W40/><G115/><T89/><D123/><U71/><E113/><V126/><F69/><W48/><G6/><T47/><D130/><U77/><E7/><V135/><F109/><W76/><G40/><T99/><D47/><U46/><E117/><V13/><F51/><W49/><G49/><T68/><D14/><N who="1" m="9495" /><E46/><V92/><F82/><W60/><G60/><T45/><D45/><U79/><E102/><V39/><F39/><W98/><G111/><T17/><D17/><U4/><E107/><V83/><F83/><W88/><G28/><T36/><D36/><U103/><E103/><V3/><F3/><W27/><G27/><N who="2" m="10281" /><F101/><W19/><G19/><T58/><D68/><U74/><E4/><N who="2" m="3239" /><F100/><W105/><G32/><T86/><D72/><U132/><E71/><V1/><F1/><W75/><G75/><N who="1" m="28682" /><E132/><N who="2" m="50731" /><F95/><N who="3" m="54671" /><G38/><T93/><D80/><U120/><E70/><V34/><F92/><W90/><G37/><T67/><D67/><U59/><E79/><N who="3" m="30250" /><G90/><T31/><D31/><U125/><E91/><V56/><F56/><N who="3" m="32775" /><G105/><AGARI ba="0,0" hai="57,58,62,63,64,66,86,89,93,96,99,104,105,106" machi="105" ten="40,1300,0" yaku="9,1" doraHai="11" who="0" fromWho="3" sc="360,13,227,0,120,0,293,-13" /><INIT seed="4,0,0,1,2,66" ten="373,227,120,280" oya="0" hai0="68,8,25,125,23,32,39,120,74,108,89,79,98" hai1="84,112,123,128,100,9,57,47,12,132,40,49,87" hai2="126,31,33,93,86,104,111,50,67,75,94,58,5" hai3="116,27,29,36,14,96,54,42,131,41,26,30,76"/><T6/><D39/><U4/><E123/><V44/><F75/><W61/><G116/><T110/><D32/><U80/><E132/><V119/><F104/><W134/><G76/><T52/><D120/><U63/><E128/><V77/><F119/><W43/><G36/><T99/><D125/><U15/><E112/><V92/><F126/><W106/><G14/><T124/><D124/><U65/><E100/><V7/><F111/><W18/><G18/><T28/><D68/><U121/><E121/><V114/><F114/><W64/><G54/><T59/><D79/><U127/><E127/><V62/><F31/><W38/><G38/><T78/><D78/><U105/><E105/><V130/><F33/><W71/><G131/><T17/><D28/><U91/><E87/><V81/><REACH who="2" step="1"/><F130/><REACH who="2" ten="373,227,110,280" step="2"/><W90/><G30/><T85/><D74/><U13/><AGARI ba="0,1" hai="4,9,12,13,15,40,47,49,57,63,65,80,84,91" machi="13" ten="20,2700,0" yaku="0,1,7,1,8,1" doraHai="66" who="1" fromWho="1" sc="373,-13,227,37,110,-7,280,-7" /><INIT seed="5,0,0,4,0,6" ten="360,264,103,273" oya="1" hai0="21,113,55,68,13,22,100,42,62,126,98,33,37" hai1="11,124,18,88,28,17,32,92,107,61,81,40,34" hai2="7,105,97,119,25,106,57,128,104,36,112,69,127" hai3="117,60,130,16,103,133,35,20,123,53,132,83,26"/><U108/><E107/><V95/><F119/><W76/><G123/><T99/><D33/><U30/><E124/><V75/><F69/><W9/><G35/><T78/><D78/><U110/><E81/><V134/><F36/><W91/><G103/><T121/><D99/><N who="1" m="57735" /><E40/><V102/><F127/><W1/><G91/><T14/><D42/><U85/><E85/><V125/><F125/><W39/><G39/><T47/><D37/><U114/><E114/><V3/><F112/><W63/><G130/><T65/><D113/><U135/><E135/><N who="3" m="51786" /><G53/><T2/><D2/><U93/><E93/><V0/><F75/><N who="3" m="43423" /><G117/><T29/><D100/><U43/><E43/><V67/><F128/><W59/><G59/><T72/><D68/><U118/><E34/><V50/><F134/><W8/><G1/><T109/><D126/><U27/><E30/><V56/><F57/><W49/><G49/><T23/><D29/><U52/><E118/><V10/><F0/><W89/><G89/><T101/><D101/><U5/><E52/><V48/><REACH who="2" step="1"/><F25/><REACH who="2" ten="360,264,93,273" step="2"/><W122/><G122/><T84/><D121/><U74/><E74/><V116/><F116/><W51/><G51/><T31/><D72/><U86/><E27/><V70/><F70/><W96/><G96/><T71/><D98/><U79/><E86/><V77/><F77/><W80/><G80/><T115/><D84/><U131/><E79/><V54/><F54/><W120/><G120/><T24/><D55/><U15/><E131/><V19/><F19/><N who="1" m="7177" /><E61/><AGARI ba="0,1" hai="3,7,10,48,50,56,61,67,95,97,102,104,105,106" machi="61" ten="40,2600,0" yaku="1,1,52,1,53,0" doraHai="6" doraHaiUra="66" who="2" fromWho="1" sc="360,0,264,-26,93,36,273,0" /><AGARI ba="0,0" hai="8,9,16,20,26,60,61,63" m="43423,51786" machi="61" ten="30,7700,0" yaku="20,1,52,2,54,1" doraHai="6" who="3" fromWho="1" sc="360,0,238,-77,129,0,273,77" /><INIT seed="6,0,0,4,4,12" ten="360,161,129,350" oya="2" hai0="33,93,110,72,105,50,103,123,78,68,120,38,40" hai1="63,106,1,35,124,49,32,34,69,84,64,130,92" hai2="18,3,102,76,121,86,27,80,107,59,118,22,88" hai3="114,17,60,135,15,109,75,14,25,108,119,125,47"/><V77/><F121/><W56/><G75/><T41/><D50/><U127/><E106/><V48/><F118/><W111/><G119/><T129/><D41/><U31/><E1/><V117/><F117/><W24/><G125/><N who="1" m="48202" /><E130/><V29/><F3/><W132/><G47/><T122/><D93/><U43/><E31/><V126/><F126/><W19/><G114/><T54/><D54/><U55/><E43/><V62/><F48/><W37/><G37/><T67/><D33/><U104/><E104/><V79/><F102/><W44/><G44/><N who="0" m="23575" /><D110/><U66/><E66/><N who="2" m="39263" /><F107/><W83/><G83/><N who="0" m="45511" /><D129/><U10/><E10/><V8/><F8/><N who="3" m="6343" /><G56/><T98/><D67/><U2/><E2/><V95/><F29/><W131/><G60/><T94/><D94/><AGARI ba="0,0" hai="18,22,27,76,77,79,80,86,88,94,95" m="39263" machi="94" ten="30,5800,0" yaku="8,1,52,1,54,1" doraHai="12" who="2" fromWho="0" sc="360,-58,161,0,129,58,350,0" /><INIT seed="6,1,0,5,5,22" ten="302,161,187,350" oya="2" hai0="119,85,38,58,100,46,120,0,135,113,45,67,127" hai1="44,57,86,129,13,20,8,95,128,62,126,11,7" hai2="3,56,4,31,70,16,98,80,72,108,51,131,104" hai3="19,88,122,77,63,103,34,74,26,66,29,69,55"/><V35/><F70/><W130/><G122/><T105/><D0/><U97/><E126/><V71/><F71/><W82/><G130/><N who="1" m="50282" /><E86/><V43/><F131/><W24/><G55/><T117/><D120/><U30/><E44/><V32/><F108/><W101/><G88/><T118/><D113/><U114/><E114/><V79/><F3/><W89/><G89/><T123/><D123/><U68/><E68/><V18/><F4/><W10/><G10/><T41/><D127/><U93/><E11/><V96/><F96/><W27/><G19/><T134/><D46/><U14/><E97/><V81/><F81/><W1/><G1/><T106/><D85/><U60/><E60/><V90/><F35/><W42/><G42/><T91/><D91/><U115/><E115/><V111/><F111/><W37/><G37/><T78/><D78/><U94/><E14/><V75/><F75/><W102/><AGARI ba="1,0" hai="24,26,27,29,34,63,66,69,74,77,82,101,102,103" machi="102" ten="30,7900,0" yaku="0,1,52,3" doraHai="22" who="3" fromWho="3" sc="302,-21,161,-21,187,-40,350,82" /><INIT seed="7,0,0,5,0,79" ten="281,140,147,432" oya="3" hai0="29,100,66,44,92,45,120,117,58,113,15,48,63" hai1="133,25,68,98,95,64,119,46,123,31,132,20,73" hai2="38,62,47,104,78,21,76,14,118,135,75,105,129" hai3="70,33,61,97,81,4,34,88,83,32,16,10,96"/><W40/><G16/><T0/><D0/><U112/><E123/><V114/><F118/><W41/><G88/><T71/><D120/><U122/><E122/><V8/><F21/><W49/><G49/><T107/><D117/><U23/><E119/><V18/><F78/><W116/><G61/><T80/><D113/><U130/><E112/><V30/><F114/><W115/><G70/><T52/><D107/><U50/><E73/><V54/><F30/><W94/><G94/><T51/><D29/><U84/><E130/><V67/><F129/><W121/><G121/><T65/><D15/><U109/><E109/><V74/><F135/><N who="1" m="51785" /><E84/><V91/><F91/><W43/><G115/><T53/><D80/><U24/><E64/><N who="0" m="24681" /><D92/><U103/><E68/><N who="2" m="42103" /><F76/><W3/><G116/><T102/><D100/><U12/><E12/><V93/><F93/><W72/><G72/><N who="2" m="27689" /><F54/><W35/><G35/><T57/><D102/><U28/><E50/><N who="0" m="18985" /><D71/><U2/><E46/><N who="0" m="18025" /><D63/><U90/><E103/><V55/><F55/><AGARI ba="0,0" hai="52,53,55,57,58" m="18025,18985,24681" machi="55" ten="30,16000,3" yaku="28,2,8,1,35,5,54,1" doraHai="79" who="0" fromWho="2" sc="281,160,140,0,147,-160,432,0" owari="441,54.0,140,-26.0,-13,-51.0,432,23.0" /></mjloggm>