<mjloggm ver="2.3"><GO type="41" lobby="0"/><UN n0="%E9%A3%AF%E7%94%B0%E7%A5%9E" n1="%E3%82%A6%E3%83%AB%E3%83%88%E3%83%A9%E7%AB%8B%E7%9B%B4" n2="%E3%82%B5%E3%82%AF%E3%82%A8%E3%82%A4" n3="%E5%A5%B3%E6%B5%81%E3%83%97%E3%83%AD%EF%BC%B3" dan="13,15,15,14" rate="1845.64,2033.17,1965.30,1876.74" sx="F,M,M,F"/><TAIKYOKU oya="0"/><INIT seed="0,0,0,3,5,1" ten="250,250,250,250" oya="0" hai0="117,76,119,93,78,59,71,45,65,28,114,30,67" hai1="98,107,61,48,7,21,34,85,26,112,128,91,86" hai2="42,69,95,38,74,92,125,135,111,54,68,51,96" hai3="19,106,84,102,6,83,58,121,53,14,18,123,115"/><T8/><D114/><U32/><E112/><V62/><F74/><W10/><G115/><T77/><D71/><U5/><E128/><V16/><F42/><W37/><G37/><T60/><D45/><U0/><E0/><V101/><F38/><W70/><G70/><T113/><D113/><U130/><E130/><V97/><F135/><W124/><G124/><T134/><D134/><U36/><E36/><V120/><F120/><W133/><G133/><T108/><D67/><U100/><E86/><V9/><F62/><W55/><G55/><T129/><D129/><U40/><E61/><V88/><F111/><W122/><G102/><T66/><D66/><U4/><E48/><V64/><F64/><W20/><G20/><T75/><D93/><U116/><E40/><V109/><F109/><W132/><G106/><T33/><D33/><U43/><E43/><V127/><F127/><W87/><G87/><T63/><D63/><U15/><E15/><V52/><F54/><W24/><G24/><T89/><D89/><U11/><E11/><V17/><F125/><W72/><G72/><T49/><D49/><U44/><E44/><V35/><F35/><W50/><REACH who="3" step="1"/><G132/><REACH who="3" ten="250,250,250,240" step="2"/><T81/><D108/><U73/><E73/><V90/><F101/><W23/><G23/><T31/><D8/><U39/><E39/><V29/><F68/><W25/><G25/><T94/><D94/><U82/><REACH who="1" step="1"/><E116/><REACH who="1" ten="250,240,250,240" step="2"/><V110/><F110/><W27/><G27/><T46/><D119/><U104/><E104/><V47/><F9/><W79/><AGARI ba="0,2" hai="6,10,14,18,19,50,53,58,79,83,84,121,122,123" machi="79" ten="30,7900,0" yaku="1,1,0,1,13,1,52,1,53,0" doraHai="1" doraHaiUra="105" who="3" fromWho="3" sc="250,-39,240,-20,250,-20,240,99" /><INIT seed="1,0,0,1,4,46" ten="211,220,230,339" oya="1" hai0="116,15,63,95,13,91,88,20,53,118,60,9,134" hai1="98,24,12,96,30,59,132,52,34,19,39,82,124" hai2="56,89,111,112,57,70,67,130,8,22,11,119,105" hai3="92,21,31,49,5,100,25,33,44,35,61,72,71"/><U28/><E39/><V83/><F105/><W131/><G131/><T133/><D20/><U87/><E124/><V18/><F119/><W108/><G108/><T42/><D42/><U65/><E65/><V38/><F38/><W26/><G72/><T103/><D103/><U54/><E132/><V99/><F130/><W101/><G5/><T4/><D53/><U97/><E30/><V126/><F70/><W75/><G75/><T62/><D95/><U66/><E66/><V50/><F126/><W81/><G81/><T43/><D43/><U74/><E74/><V86/><F111/><W29/><G21/><T115/><D115/><U123/><E123/><V84/><F99/><W77/><G77/><T3/><D3/><U110/><E110/><V1/><F1/><W85/><G85/><T120/><D120/><U36/><E36/><V64/><F86/><W106/><G92/><T27/><D27/><U7/><E7/><V79/><F79/><W129/><G106/><T127/><D127/><U17/><E12/><V45/><F64/><W68/><G61/><T47/><D47/><U51/><REACH who="1" step="1"/><E54/><REACH who="1" ten="211,210,230,339" step="2"/><N who="2" m="30031" /><F112/><W107/><G129/><T117/><REACH who="0" step="1"/><D15/><REACH who="0" ten="201,210,230,339" step="2"/><U135/><E135/><AGARI ba="0,2" hai="4,9,13,60,62,63,88,91,116,117,118,133,134,135" machi="135" ten="50,8000,1" yaku="1,1,2,1,20,1,54,1,53,0" doraHai="46" doraHaiUra="41" who="0" fromWho="1" sc="201,100,210,-80,230,0,339,0" /><INIT seed="2,0,0,2,3,59" ten="301,130,230,339" oya="2" hai0="113,117,16,62,87,56,110,85,111,92,81,5,33" hai1="18,31,102,106,126,4,108,22,109,27,45,57,25" hai2="14,26,133,3,38,67,98,29,10,120,103,129,42" hai3="40,20,82,11,23,94,71,134,101,121,116,118,93"/><V58/><F3/><W107/><G40/><T1/><D113/><U76/><E102/><V88/><F120/><W86/><G11/><N who="0" m="2479" /><D33/><U75/><E106/><V119/><F119/><W64/><G121/><T46/><D46/><U90/><E76/><V68/><F68/><W43/><G107/><T7/><D7/><U63/><E75/><V89/><F42/><W52/><G134/><T124/><D124/><U50/><E126/><V80/><F38/><W74/><G74/><T125/><D92/><U35/><E4/><V41/><F41/><W127/><G52/><N who="0" m="34055" /><D117/><U51/><E90/><V36/><F36/><W47/><G127/><T135/><D135/><U114/><E114/><V65/><F65/><W12/><G118/><T130/><D130/><U66/><REACH who="1" step="1"/><E45/><REACH who="1" ten="301,120,230,339" step="2"/><V123/><F133/><W24/><G101/><T9/><D125/><U70/><E70/><V96/><F123/><W30/><G116/><T79/><D79/><U53/><E53/><V6/><F103/><W83/><G71/><T49/><D81/><N who="3" m="30729" /><G64/><T73/><D73/><U112/><E112/><V60/><F129/><W78/><G78/><T100/><D100/><U8/><E8/><V13/><F89/><N who="3" m="53431" /><G47/><T15/><D49/><AGARI ba="0,1" hai="18,22,25,27,31,35,49,50,51,57,63,66,108,109" machi="49" ten="40,8000,1" yaku="1,1,52,1,53,2" doraHai="59" doraHaiUra="122" who="1" fromWho="0" sc="301,-80,120,90,230,0,339,0" /><INIT seed="3,0,0,3,2,134" ten="221,210,230,339" oya="3" hai0="94,34,93,63,27,135,66,115,100,48,23,81,114" hai1="78,22,72,102,16,54,35,106,33,50,58,75,98" hai2="95,124,32,40,64,109,29,18,57,118,46,122,69" hai3="20,52,73,19,8,53,129,55,41,116,87,126,4"/><W90/><G129/><T60/><D34/><U67/><E67/><V45/><F118/><W120/><G120/><T15/><D135/><U62/><E62/><V121/><F18/><W99/><G73/><T79/><D15/><U117/><E117/><V56/><F29/><W12/><G99/><N who="0" m="59503" /><D94/><U133/><E133/><V123/><F32/><W28/><G116/><T17/><D48/><U108/><E108/><V125/><F109/><W119/><G119/><T44/><D44/><N who="2" m="17002" /><F40/><W74/><G74/><T131/><D131/><U88/><E75/><V112/><F95/><W42/><G28/><T132/><D66/><U3/><E3/><V7/><F7/><W5/><G4/><T49/><D49/><U14/><REACH who="1" step="1"/><E88/><REACH who="1" ten="221,200,230,339" step="2"/><V68/><F64/><W82/><REACH who="3" step="1"/><G126/><REACH who="3" ten="221,200,230,329" step="2"/><N who="2" m="48745" /><F112/><N who="0" m="43050" /><D132/><U47/><E47/><V104/><F104/><W101/><G101/><T1/><D1/><AGARI ba="0,2" hai="1,5,8,12,19,20,41,42,52,53,55,82,87,90" machi="1" ten="40,7700,0" yaku="1,1,54,1,53,1" doraHai="134" doraHaiUra="10" who="3" fromWho="0" sc="221,-77,200,0,230,0,329,97" /><INIT seed="3,1,0,2,1,94" ten="144,200,230,426" oya="3" hai0="17,24,74,123,36,79,73,83,57,7,111,135,1" hai1="48,45,89,61,35,18,2,100,113,20,6,96,98" hai2="14,134,51,23,34,115,124,40,26,68,84,65,109" hai3="56,30,129,33,59,44,53,126,87,21,50,97,4"/><W66/><G129/><T3/><D36/><U118/><E35/><V106/><F34/><W58/><G126/><T67/><D123/><U29/><E113/><V78/><F106/><W43/><G33/><T12/><D111/><U72/><E72/><V71/><F115/><W117/><G117/><T13/><D135/><U88/><E29/><V77/><F14/><W93/><G66/><T37/><D37/><U130/><E130/><V28/><F109/><W19/><G87/><T75/><D24/><N who="1" m="14359" /><E2/><V82/><F78/><W116/><G4/><T69/><D69/><U80/><E118/><V38/><F38/><W107/><G107/><T10/><D67/><U76/><E100/><V9/><F124/><W110/><G116/><T22/><REACH who="0" step="1"/><D57/><REACH who="0" ten="134,200,230,426" step="2"/><U102/><E102/><V70/><F65/><W15/><G110/><T86/><AGARI ba="1,1" hai="1,3,7,10,12,13,17,22,73,74,75,79,83,86" machi="86" ten="30,8000,1" yaku="1,1,2,1,0,1,53,2" doraHai="94" doraHaiUra="8" who="0" fromWho="0" sc="134,93,200,-21,230,-21,426,-41" /><INIT seed="4,0,0,0,5,95" ten="227,179,209,385" oya="0" hai0="123,120,25,4,71,82,100,115,20,73,33,122,41" hai1="85,72,44,54,61,109,60,86,21,116,9,92,113" hai2="80,75,27,28,78,98,43,52,36,66,87,94,68" hai3="106,57,34,8,97,104,19,103,59,74,2,79,62"/><T5/><D71/><U83/><E72/><V15/><F66/><W89/><G34/><T56/><D100/><U45/><E109/><V112/><F68/><W127/><G127/><T119/><D115/><U96/><E116/><V55/><F75/><W0/><G89/><T105/><D105/><U49/><E113/><V133/><F43/><W24/><G106/><T76/><D33/><U63/><E83/><V11/><F36/><W40/><G40/><T84/><D41/><U130/><E130/><V99/><F94/><W18/><G18/><T35/><D35/><U111/><E111/><V107/><F107/><W7/><G59/><T70/><D70/><U48/><E9/><V6/><F133/><W23/><G74/><T53/><D73/><U69/><E21/><N who="2" m="15471" /><F112/><W47/><G47/><T132/><D132/><U46/><E69/><V81/><F81/><W58/><G58/><T108/><D108/><U134/><E134/><V39/><F39/><W110/><G110/><T91/><D76/><U3/><E3/><V77/><F77/><W16/><G79/><T50/><REACH who="0" step="1"/><D119/><REACH who="0" ten="217,179,209,385" step="2"/><U117/><E117/><V12/><F12/><W124/><G104/><T114/><D114/><U51/><E54/><AGARI ba="0,1" hai="6,11,15,52,54,55,78,80,87,98,99" m="15471" machi="54" ten="30,7700,0" yaku="8,1,52,2,54,1" doraHai="95" who="2" fromWho="1" sc="217,0,179,-77,209,87,385,0" /><INIT seed="5,0,0,0,3,135" ten="217,102,296,385" oya="1" hai0="56,42,38,3,88,65,26,123,74,130,71,30,11" hai1="125,93,128,86,18,39,104,1,28,34,53,126,49" hai2="81,117,64,46,50,63,77,4,111,35,92,41,82" hai3="133,12,22,68,72,115,37,95,119,69,110,114,79"/><U24/><E104/><V54/><F35/><W101/><G110/><T48/><D130/><U73/><E73/><V55/><F111/><W13/><G133/><T36/><D74/><U40/><E1/><V83/><F4/><W85/><G37/><T129/><D129/><U100/><E128/><V66/><F117/><W98/><G85/><T106/><D106/><U91/><E100/><V23/><F23/><W0/><G0/><T45/><D71/><U5/><E5/><V52/><F92/><W21/><G79/><T127/><D127/><N who="1" m="48651" /><E18/><V67/><REACH who="2" step="1"/><F63/><REACH who="2" ten="217,102,286,385" step="2"/><W102/><G119/><T76/><D123/><U80/><E93/><V60/><F60/><W14/><G102/><T78/><D3/><U89/><E89/><V75/><AGARI ba="0,1" hai="41,46,50,52,54,55,64,66,67,75,77,81,82,83" machi="75" ten="30,4000,0" yaku="1,1,0,1,54,1,53,0" doraHai="135" doraHaiUra="116" who="2" fromWho="2" sc="217,-10,102,-20,286,50,385,-10" /><INIT seed="6,0,0,3,4,103" ten="207,82,336,375" oya="2" hai0="90,88,120,115,24,10,46,47,80,100,86,64,131" hai1="73,62,79,25,122,5,12,102,26,59,98,20,38" hai2="60,41,135,112,95,76,0,105,58,93,1,109,84" hai3="32,19,77,6,52,126,72,89,75,68,118,54,117"/><V11/><F41/><W51/><G19/><T101/><D131/><U8/><E38/><V61/><F105/><W33/><G6/><T7/><D120/><U29/><E122/><V4/><F1/><W36/><G51/><T23/><D64/><U14/><E26/><V128/><F109/><W96/><G36/><T87/><D101/><U53/><E73/><N who="3" m="28234" /><G68/><T104/><D100/><U82/><E82/><V94/><F128/><W66/><G77/><T108/><D104/><U31/><E79/><V37/><F37/><W16/><G16/><N who="0" m="12391" /><D115/><U106/><REACH who="1" step="1"/><E31/><REACH who="1" ten="207,72,336,375" step="2"/><V70/><F112/><W50/><G50/><T69/><D108/><U9/><E9/><V114/><F114/><W121/><G121/><T134/><D134/><U130/><E130/><V21/><F135/><W49/><G49/><T65/><D69/><U113/><E113/><V133/><F133/><W67/><G126/><T42/><D42/><U55/><E55/><N who="3" m="21034" /><G67/><T129/><D129/><U40/><E40/><V27/><F76/><W110/><G110/><T44/><D65/><U43/><E43/><V127/><F70/><W124/><G124/><T13/><D47/><U81/><E81/><AGARI ba="0,1" hai="7,10,13,44,46,80,81,86,87,88,90" m="12391" machi="81" ten="30,3900,0" yaku="8,1,54,2" doraHai="103" who="0" fromWho="1" sc="207,49,72,-39,336,0,375,0" /><INIT seed="7,0,0,4,2,27" ten="256,33,336,375" oya="3" hai0="107,67,117,14,54,64,119,98,60,36,131,12,103" hai1="43,71,101,58,110,95,127,66,47,9,96,76,81" hai2="33,48,21,42,55,85,78,74,73,23,126,113,6" hai3="109,72,99,20,80,13,31,56,0,1,84,11,106"/><W128/><G128/><T130/><D36/><U124/><E71/><V45/><F33/><W108/><G56/><T51/><D67/><U37/><E58/><V8/><F73/><W69/><G69/><T15/><D60/><U25/><E66/><V26/><F74/><W34/><G20/><T39/><D64/><U50/><E50/><V4/><F126/><W62/><G72/><T68/><D68/><U94/><E47/><V125/><F125/><W77/><G62/><T5/><D5/><U89/><E9/><V121/><F21/><W112/><G112/><T35/><D35/><U7/><E25/><V114/><F121/><W100/><G31/><T44/><D39/><U111/><E7/><V116/><F116/><W83/><G80/><T16/><D119/><U82/><E43/><V29/><F55/><W32/><G34/><T70/><D70/><U65/><E37/><V133/><F133/><W86/><G86/><T19/><D117/><U120/><E65/><V3/><F6/><N who="3" m="3319" /><G32/><T18/><AGARI ba="0,0" hai="12,14,15,16,18,19,44,51,54,98,103,107,130,131" machi="18" ten="40,2700,0" yaku="0,1,54,1" doraHai="27" who="0" fromWho="0" sc="256,27,33,-7,336,-7,375,-13" owari="283,-12.0,26,-47.0,329,13.0,362,46.0" /></mjloggm>