<mjloggm ver="2.3"><GO type="169" lobby="0"/><UN n0="%E3%82%A6%E3%83%AB%E3%83%88%E3%83%A9%E7%AB%8B%E7%9B%B4" n1="%E3%82%89%E3%81%A3%E3%81%97%E3%83%BC" n2="%57%69%6E%73%74%6F%6E" n3="%E5%A4%A7%E8%83%86%E3%81%AB%E3%83%80%E3%82%A4%E3%82%BF" dan="17,16,16,16" rate="2156.04,2080.67,2082.28,2106.92" sx="M,M,M,M"/><TAIKYOKU oya="0"/><INIT seed="0,0,0,2,1,27" ten="250,250,250,250" oya="0" hai0="89,72,130,132,11,62,50,113,85,12,31,102,33" hai1="16,99,104,112,65,4,129,10,107,59,0,53,6" hai2="74,96,63,110,105,13,90,76,77,121,32,18,120" hai3="133,60,28,115,14,49,3,108,88,52,114,75,57"/><T134/><D72/><U46/><E112/><V34/><F110/><W61/><G3/><T122/><D122/><U58/><E129/><V73/><F63/><W22/><G75/><T55/><D130/><U44/><E65/><V83/><F90/><W131/><G131/><T39/><D39/><U48/><E6/><V19/><F13/><W21/><G108/><T116/><D116/><U17/><E58/><V106/><F96/><W111/><G111/><T135/><D102/><U64/><E99/><V47/><F47/><W94/><G133/><T126/><D62/><U125/><E125/><V2/><F83/><W119/><G119/><T103/><D103/><U93/><E93/><V123/><F120/><W80/><G114/><T23/><D126/><U79/><E79/><V87/><F87/><N who="3" m="50279" /><G115/><T38/><D38/><U91/><E91/><V69/><REACH who="2" step="1"/><F69/><REACH who="2" ten="250,250,240,250" step="2"/><W42/><G94/><T84/><D84/><U117/><E117/><V98/><F98/><W37/><G37/><T124/><D124/><U54/><E46/><V15/><F15/><W26/><G42/><T70/><D70/><U56/><E44/><V30/><F30/><W81/><G81/><T45/><D113/><U41/><E41/><V35/><F35/><W36/><G36/><T127/><D127/><U71/><E71/><V92/><F92/><W40/><G40/><T109/><D109/><U66/><E104/><V97/><F97/><W100/><G100/><T1/><D33/><U20/><E107/><V101/><F101/><W118/><G118/><T8/><D134/><U29/><E29/><V5/><F5/><RYUUKYOKU ba="0,1" sc="250,-15,250,-15,240,15,250,15" hai2="2,18,19,32,34,73,74,76,77,105,106,121,123" hai3="14,21,22,26,28,49,52,57,60,61" /><INIT seed="1,1,1,2,2,58" ten="235,235,255,265" oya="1" hai0="2,77,117,83,98,121,120,67,116,128,86,56,23" hai1="87,99,39,84,33,91,44,113,34,88,133,100,60" hai2="97,131,38,52,75,17,76,57,110,8,132,101,82" hai3="4,35,115,40,70,108,43,112,64,31,65,10,127"/><U124/><E113/><V3/><F110/><W93/><G108/><T89/><D2/><U37/><E60/><V92/><F131/><W53/><G53/><T36/><D23/><U59/><E59/><V130/><F130/><W72/><G72/><T15/><D15/><U81/><E133/><V95/><F38/><W7/><G93/><N who="0" m="56623" /><D36/><U26/><E124/><V103/><F132/><W28/><G10/><T6/><D6/><U51/><E26/><V68/><F68/><W41/><G41/><T107/><D128/><U94/><E39/><V62/><F17/><W9/><G9/><T27/><D27/><U135/><E37/><V11/><F3/><W30/><G30/><T18/><D18/><U119/><E119/><N who="0" m="45641" /><D56/><U123/><E123/><N who="0" m="47177" /><D67/><U71/><E71/><V16/><F16/><W90/><G70/><T13/><D13/><U24/><E24/><V129/><F129/><W21/><G21/><T47/><D47/><U102/><E135/><V104/><F104/><AGARI ba="1,1" hai="77,83,86,104,107" m="47177,45641,56623" machi="104" ten="30,3900,0" yaku="13,1,34,2" doraHai="58" who="0" fromWho="2" sc="235,52,235,0,255,-42,265,0" /><INIT seed="2,0,0,4,4,77" ten="287,235,213,265" oya="2" hai0="20,12,91,0,22,111,113,84,118,24,43,2,46" hai1="114,81,72,32,98,37,42,129,90,115,92,119,55" hai2="106,38,117,13,34,132,96,10,17,103,16,14,109" hai3="5,28,95,1,75,76,31,44,94,82,52,89,105"/><V27/><F117/><W122/><G122/><T125/><D113/><U56/><E32/><V104/><F38/><W107/><G5/><T53/><D111/><U134/><E42/><V100/><F132/><W9/><G1/><T116/><D125/><U26/><E26/><V124/><F124/><W45/><G9/><T64/><D64/><U57/><E37/><V78/><F78/><W61/><G45/><T30/><D53/><U66/><E66/><V130/><F130/><W131/><G131/><T11/><D22/><U88/><E129/><V3/><F109/><W8/><G8/><T54/><D54/><U108/><E108/><V6/><F34/><W85/><G95/><T59/><D59/><U80/><E119/><N who="0" m="45609" /><D46/><U67/><E67/><V133/><F133/><W62/><G62/><T7/><D43/><U83/><E72/><V70/><F70/><W36/><G36/><T50/><D50/><N who="1" m="30839" /><E134/><V47/><F47/><W73/><G73/><T127/><D127/><U110/><E110/><V121/><F121/><W79/><G44/><T48/><D48/><U21/><E21/><V39/><F39/><W87/><G75/><T4/><D4/><U126/><E126/><V51/><F51/><W35/><G35/><T102/><D102/><N who="1" m="60743" /><E114/><V23/><REACH who="2" step="1"/><F17/><REACH who="2" ten="287,235,203,265" step="2"/><W18/><G18/><T74/><D74/><U93/><E115/><V112/><F112/><W33/><G33/><T128/><D128/><U65/><E93/><AGARI ba="0,1" hai="0,2,7,11,12,20,24,30,84,91,93" m="45609" machi="93" ten="30,1000,0" yaku="12,1" doraHai="77" who="0" fromWho="1" sc="287,20,235,-10,203,0,265,0" /><INIT seed="3,0,0,4,4,22" ten="307,225,203,265" oya="3" hai0="42,39,26,112,32,34,1,45,87,51,97,5,102" hai1="68,120,37,110,59,12,10,65,101,33,62,128,29" hai2="92,121,15,124,20,11,43,49,7,4,75,117,64" hai3="9,94,61,14,89,38,18,58,46,88,41,105,135"/><W118/><G118/><T103/><D103/><U80/><E120/><V134/><F117/><W72/><G105/><T31/><D112/><U76/><E37/><V44/><F121/><W19/><G135/><T81/><D51/><U71/><E101/><V96/><F134/><W52/><G72/><T24/><D5/><U69/><E110/><V104/><F75/><W127/><G127/><T93/><D1/><U131/><E29/><V86/><F124/><W40/><G40/><T116/><D116/><U50/><E33/><V83/><F104/><W67/><G94/><T85/><D81/><U84/><E50/><V66/><F7/><W70/><REACH who="3" step="1"/><G19/><REACH who="3" ten="307,225,203,255" step="2"/><T57/><D93/><U95/><E95/><V113/><F113/><W111/><G111/><T3/><D42/><U129/><E71/><V79/><REACH who="2" step="1"/><F20/><REACH who="2" ten="307,225,193,255" step="2"/><W53/><G53/><T60/><D34/><U114/><E114/><V27/><F27/><W106/><G106/><T23/><D24/><U132/><E132/><V36/><F36/><W0/><G0/><T55/><D23/><U125/><E125/><V2/><F2/><W99/><G99/><T13/><D3/><U73/><E73/><V17/><F17/><AGARI ba="0,2" hai="10,12,17,59,62,65,68,69,76,80,84,128,129,131" machi="17" ten="40,1300,0" yaku="19,1" doraHai="22" who="1" fromWho="2" sc="307,0,225,33,193,-13,255,0" /><INIT seed="4,0,0,4,4,97" ten="307,258,180,255" oya="0" hai0="79,1,28,32,125,127,92,41,124,49,46,122,43" hai1="135,80,56,74,93,115,57,133,19,20,50,111,116" hai2="88,24,100,112,98,126,81,60,54,65,61,36,0" hai3="128,132,114,95,105,86,82,131,99,38,58,101,123"/><T15/><D1/><U113/><E116/><V71/><F0/><W84/><G38/><T134/><D122/><U12/><E111/><V5/><F5/><W117/><G117/><T9/><D134/><N who="1" m="51211" /><E93/><V30/><F112/><N who="1" m="43081" /><E50/><V129/><F126/><W63/><G114/><T102/><D79/><AGARI ba="0,0" hai="12,19,20,56,57,74,79,80" m="43081,51211" machi="79" ten="30,3900,0" yaku="20,1,15,1,11,1" doraHai="97" who="1" fromWho="0" sc="307,-39,258,39,180,0,255,0" /><INIT seed="5,0,0,1,5,109" ten="268,297,180,255" oya="1" hai0="79,124,54,113,89,127,5,116,73,106,18,91,102" hai1="28,88,133,96,69,41,110,29,77,37,97,55,49" hai2="26,120,95,61,51,53,23,107,98,117,123,6,68" hai3="59,65,76,38,60,85,52,20,2,114,101,82,13"/><U19/><E69/><V134/><F117/><W15/><G2/><T34/><D34/><U57/><E77/><V119/><F119/><W74/><G38/><T70/><D5/><U87/><E110/><V7/><F134/><W56/><G114/><T32/><D32/><U22/><E37/><V42/><F107/><W9/><G101/><T16/><D70/><U25/><E41/><V48/><F42/><W11/><G74/><T94/><D54/><U43/><E43/><V17/><F51/><W1/><G1/><T50/><D50/><U126/><E126/><N who="0" m="48169" /><D106/><U78/><E78/><V64/><F120/><W72/><G72/><T132/><D132/><U86/><E133/><V30/><F17/><N who="3" m="10303" /><G13/><T35/><D35/><U115/><E115/><V62/><F62/><AGARI ba="0,0" hai="9,11,52,56,59,60,62,65,76,82,85" m="10303" machi="62" ten="30,2000,0" yaku="8,1,54,1" doraHai="109" who="3" fromWho="2" sc="268,0,297,0,180,-20,255,20" /><INIT seed="6,0,0,2,0,76" ten="268,297,160,275" oya="2" hai0="50,90,104,117,99,36,83,131,19,16,32,58,135" hai1="60,59,125,28,35,22,134,54,133,24,111,2,8" hai2="56,88,65,123,67,12,105,106,115,107,113,74,31" hai3="62,34,108,130,11,112,126,120,17,109,68,127,51"/><V73/><F123/><W70/><G34/><T1/><D36/><U52/><E111/><V71/><F31/><W100/><G120/><T15/><D1/><U92/><E125/><N who="3" m="47626" /><G130/><T26/><D131/><U132/><E35/><V81/><F71/><N who="3" m="27179" /><G112/><N who="2" m="43081" /><F12/><N who="3" m="7327" /><G62/><T124/><D135/><U10/><E92/><V41/><F41/><W30/><G30/><T89/><D117/><U121/><E2/><V102/><F102/><W69/><N who="3" m="27187" /><W42/><DORA hai="7" /><G100/><T5/><D32/><U14/><E14/><V53/><F73/><W18/><G18/><N who="0" m="6699" /><D26/><U13/><E13/><V46/><F46/><AGARI ba="0,0" hai="42,46,51,108,109" m="7327,27187,47626" machi="46" ten="50,3200,0" yaku="18,1,52,1" doraHai="76,7" who="3" fromWho="2" sc="268,0,297,0,160,-32,275,32" /><INIT seed="7,0,0,5,2,85" ten="268,297,128,307" oya="3" hai0="119,95,121,100,103,14,36,128,17,81,74,53,30" hai1="24,41,89,46,72,78,107,60,88,25,23,130,35" hai2="3,102,122,42,87,13,124,105,47,55,51,79,92" hai3="96,39,40,54,5,12,28,6,98,101,132,76,84"/><W58/><G132/><T67/><D36/><U9/><E107/><V49/><F122/><W29/><G39/><T8/><D119/><U50/><E35/><V127/><F3/><W134/><G40/><T117/><D117/><U22/><E72/><V64/><F64/><W113/><G134/><T104/><D104/><U108/><E108/><V126/><F105/><W73/><G73/><T61/><D128/><U11/><E78/><V52/><F13/><W56/><G113/><T109/><D109/><U65/><E130/><V133/><F133/><W27/><G56/><T57/><D121/><U37/><E37/><V4/><F4/><N who="3" m="1643" /><G12/><T116/><D30/><N who="3" m="11881" /><G27/><N who="1" m="10314" /><E22/><V111/><F111/><W90/><G76/><T15/><D15/><U110/><E23/><V91/><F79/><W45/><G45/><T80/><D116/><U131/><E131/><V48/><F102/><N who="0" m="38954" /><D67/><U10/><E110/><V94/><REACH who="2" step="1"/><F92/><REACH who="2" ten="268,297,118,307" step="2"/><N who="3" m="54343" /><G101/><T33/><D33/><U77/><E77/><V21/><F21/><W19/><G19/><T97/><D74/><U86/><E86/><V66/><F66/><W2/><G2/><T93/><D93/><U115/><E115/><V125/><N who="2" m="32256" /><DORA hai="106" /><V59/><F59/><AGARI ba="0,1" hai="9,10,11,41,46,50,59,60,65,88,89" m="10314" machi="59" ten="30,7700,0" yaku="8,1,52,2,54,1" doraHai="85,106" who="1" fromWho="2" sc="268,0,297,87,118,-77,307,0" owari="268,-13.0,384,48.0,41,-46.0,307,11.0" /></mjloggm>