<mjloggm ver="2.3"><GO type="169" lobby="0"/><UN n0="%E3%82%A6%E3%83%AB%E3%83%88%E3%83%A9%E7%AB%8B%E7%9B%B4" n1="%61%74%79%61%6E" n2="%74%61%63%6F%73" n3="%E3%82%82%E3%82%81%E3%82%93%E3%81%AA%E3%81%A1%E3%82%83%E3%81%84" dan="17,18,16,16" rate="2174.90,2186.20,2104.51,2056.57" sx="M,M,M,F"/><TAIKYOKU oya="0"/><INIT seed="0,0,0,0,3,84" ten="250,250,250,250" oya="0" hai0="107,124,88,58,87,37,28,135,106,33,23,11,77" hai1="103,43,79,125,120,114,49,115,32,52,39,27,117" hai2="71,59,57,65,54,61,5,82,42,123,110,35,89" hai3="98,116,94,101,4,126,30,70,13,93,130,25,18"/><T134/><D33/><U21/><E32/><V78/><F35/><W46/><G116/><T91/><D37/><U16/><E117/><V76/><F123/><W1/><G70/><T34/><D34/><U111/><E120/><V86/><F110/><W105/><G130/><T83/><D11/><U2/><E2/><V112/><F112/><N who="1" m="43049" /><E111/><V74/><F42/><W51/><G4/><T131/><D131/><U62/><E125/><V119/><F119/><W75/><G75/><T38/><D38/><U132/><E132/><N who="0" m="50729" /><D124/><U10/><E79/><V36/><F36/><W102/><G1/><T9/><D9/><U53/><E39/><V44/><F5/><W50/><G126/><T19/><D28/><U109/><E109/><V104/><F104/><N who="0" m="39978" /><D58/><N who="1" m="35143" /><E10/><V8/><F8/><W108/><G108/><T31/><D31/><U81/><E103/><V60/><F44/><W133/><G46/><T12/><AGARI ba="0,0" hai="12,19,23,77,83,87,88,91" m="39978,50729" machi="12" ten="30,11700,0" yaku="20,1,52,2,54,1" doraHai="84" who="0" fromWho="0" sc="250,117,250,-39,250,-39,250,-39" /><INIT seed="0,1,0,4,5,115" ten="367,211,211,211" oya="0" hai0="96,109,79,48,129,8,131,118,83,69,3,85,89" hai1="40,19,114,47,13,99,81,97,95,39,125,18,110" hai2="124,31,29,132,25,22,7,35,123,28,38,87,59" hai3="1,66,30,52,24,62,4,92,26,16,80,70,75"/><T57/><D69/><U46/><E110/><V65/><F38/><W67/><G1/><T113/><D113/><U71/><E114/><V56/><F123/><W9/><G92/><T5/><D109/><U102/><E71/><V54/><F124/><W73/><G67/><T90/><D118/><U63/><E125/><V42/><F42/><W2/><G80/><T84/><D96/><U126/><E126/><V68/><F68/><W91/><G91/><T45/><D57/><U6/><E63/><N who="2" m="38119" /><F35/><W135/><G135/><T111/><D111/><U112/><E112/><V94/><F7/><W61/><G26/><T103/><D103/><U55/><E81/><V33/><F33/><W116/><G116/><T53/><D85/><U23/><E6/><V43/><F43/><W119/><G119/><T121/><D121/><U50/><E19/><V37/><F37/><W17/><G75/><T20/><D20/><U44/><E99/><V27/><F27/><W133/><G73/><T105/><D105/><U120/><E120/><V72/><F72/><W127/><G127/><T41/><D53/><U77/><E77/><V104/><F104/><W122/><G133/><T128/><AGARI ba="1,0" hai="3,5,8,41,45,48,79,83,84,89,90,128,129,131" machi="128" ten="30,3000,0" yaku="0,1,19,1" doraHai="115" who="0" fromWho="0" sc="367,33,211,-11,211,-11,211,-11" /><INIT seed="0,2,0,4,5,52" ten="400,200,200,200" oya="0" hai0="51,18,1,38,6,103,110,32,78,10,74,23,132" hai1="16,64,24,3,50,104,89,56,101,69,107,91,43" hai2="17,121,123,39,59,48,34,108,36,105,57,2,30" hai3="45,7,94,124,72,33,25,119,98,29,14,54,93"/><T44/><D132/><U80/><E3/><V109/><F105/><W126/><G72/><T127/><D127/><N who="3" m="48681" /><G119/><T111/><D103/><U118/><E69/><V128/><F2/><W47/><G93/><T76/><D38/><N who="2" m="14378" /><F17/><W67/><G67/><T87/><D87/><N who="1" m="50407" /><E107/><V73/><F73/><W66/><G66/><T84/><D84/><U77/><E104/><V40/><F128/><W65/><G65/><T102/><D32/><U86/><E118/><V37/><F37/><W62/><G62/><T117/><D102/><U42/><E77/><V58/><F30/><W5/><G54/><T71/><D71/><U79/><E79/><V21/><F34/><W0/><G0/><T75/><D117/><U13/><E24/><V68/><F68/><W35/><G35/><T106/><D106/><U27/><E27/><V70/><F70/><W15/><G7/><T63/><D78/><U22/><E101/><V61/><F61/><W8/><G15/><T85/><D63/><N who="1" m="37991" /><E50/><V96/><F96/><W81/><G81/><AGARI ba="2,0" hai="13,16,22,42,43,81,86,91" m="37991,50407" machi="81" ten="30,3900,0" yaku="8,1,52,1,54,1" doraHai="52" who="1" fromWho="3" sc="400,0,200,45,200,0,200,-45" /><INIT seed="1,0,0,4,4,61" ten="400,245,200,155" oya="1" hai0="132,38,126,36,14,6,102,25,134,41,82,119,35" hai1="101,95,106,27,33,108,130,81,110,24,69,72,60" hai2="104,37,122,123,117,111,34,89,59,58,9,15,43" hai3="54,31,3,47,97,83,39,99,125,105,115,48,42"/><U80/><E106/><V85/><F104/><W21/><G115/><T135/><D119/><U2/><E2/><V77/><F34/><W52/><G3/><T93/><D126/><U65/><E130/><V40/><F117/><W7/><G7/><T68/><D68/><U32/><E32/><V103/><F111/><N who="1" m="42537" /><E72/><V8/><F77/><W96/><G125/><T76/><D41/><U57/><E69/><V51/><F103/><W63/><G105/><T30/><D102/><U67/><E67/><V11/><F37/><W62/><G83/><N who="1" m="31818" /><E33/><V133/><F133/><W113/><G113/><T56/><D93/><U26/><E101/><V124/><F124/><W78/><G78/><T131/><D131/><U0/><E0/><V28/><F122/><W118/><G118/><T90/><D82/><U17/><E95/><V121/><F121/><W128/><G128/><T98/><D76/><U107/><E107/><V44/><F123/><W50/><G39/><T92/><D56/><U49/><E49/><V127/><F127/><W4/><G42/><T71/><D71/><U70/><E70/><V5/><F43/><W23/><G48/><T109/><D109/><U22/><AGARI ba="0,0" hai="17,22,24,26,27,57,60,65" m="31818,42537" machi="22" ten="30,6000,0" yaku="14,1,10,1,52,1" doraHai="61" who="1" fromWho="1" sc="400,-20,245,60,200,-20,155,-20" /><INIT seed="1,1,0,3,1,25" ten="380,305,180,135" oya="1" hai0="6,4,122,113,111,106,135,81,67,10,50,110,0" hai1="35,89,46,97,7,8,130,123,93,127,112,54,90" hai2="72,76,34,116,133,101,53,28,57,43,124,22,121" hai3="104,83,38,107,78,125,32,70,49,103,20,91,95"/><U92/><E35/><V55/><F121/><W120/><G38/><T60/><D106/><U79/><E112/><V105/><F34/><W41/><G32/><T33/><D33/><U14/><E123/><V118/><F43/><W21/><G70/><T85/><D113/><U52/><E127/><V44/><F124/><W102/><G120/><T26/><D122/><U39/><E130/><V62/><F133/><W3/><G3/><T65/><D135/><U18/><E79/><V71/><F71/><W74/><G125/><T84/><D6/><U11/><E39/><V36/><F36/><W114/><G114/><T87/><D26/><U12/><E46/><V82/><F101/><N who="3" m="38411" /><G49/><T5/><D5/><U96/><AGARI ba="1,0" hai="7,8,11,12,14,18,52,54,89,90,92,93,96,97" machi="96" ten="20,12000,1" yaku="0,1,7,1,9,1,8,1,54,1" doraHai="25" who="1" fromWho="1" sc="380,-41,305,123,180,-41,135,-41" /><INIT seed="1,2,0,2,5,108" ten="339,428,139,94" oya="1" hai0="39,100,47,88,81,6,29,4,133,16,129,59,83" hai1="105,24,57,113,107,123,119,13,98,104,66,94,106" hai2="134,109,23,7,130,37,95,64,32,117,122,55,92" hai3="121,44,124,110,58,68,87,85,12,115,84,36,20"/><U17/><E119/><V14/><F64/><W1/><G68/><T111/><D100/><U75/><E75/><V127/><F55/><W21/><G1/><T112/><D29/><U27/><E123/><V3/><F92/><W67/><G121/><T46/><D59/><U50/><E106/><V48/><F48/><W65/><G110/><T22/><D111/><U135/><E135/><V69/><F95/><W51/><G124/><T71/><D71/><U73/><E73/><V60/><F60/><W125/><G125/><T126/><D126/><U91/><E50/><V5/><F23/><W62/><G115/><T38/><D22/><U99/><E113/><V9/><F14/><W97/><G36/><T74/><D74/><U102/><E57/><V79/><F79/><W33/><G33/><T35/><D35/><U15/><E15/><V90/><F90/><W114/><G114/><T43/><D112/><U118/><E66/><V78/><F78/><W26/><G67/><T40/><D133/><U52/><E52/><V116/><F116/><W10/><G26/><T93/><D93/><U132/><E132/><V2/><F134/><W25/><G25/><N who="1" m="9802" /><E118/><V42/><F117/><W11/><G11/><T49/><D49/><U72/><E72/><V128/><F9/><W30/><G30/><T19/><D129/><U82/><E82/><V41/><F128/><W89/><G51/><T86/><D86/><U96/><E96/><V103/><F130/><W63/><G63/><T31/><D31/><U34/><E34/><V8/><F127/><W45/><G62/><T18/><D18/><RYUUKYOKU ba="2,0" sc="339,15,428,15,139,-15,94,-15" hai0="4,6,16,19,38,39,40,43,46,47,81,83,88" hai1="13,17,91,94,98,99,102,104,105,107" /><INIT seed="1,3,0,1,4,64" ten="354,443,124,79" oya="1" hai0="22,110,114,54,94,7,20,50,46,95,13,59,90" hai1="32,111,65,88,119,29,61,104,9,56,77,98,75" hai2="130,38,82,57,124,135,123,81,108,49,0,134,87" hai3="55,101,86,118,36,8,107,63,31,6,112,127,27"/><U33/><E119/><V15/><F0/><W93/><G118/><T51/><D114/><U48/><E111/><V116/><F38/><W133/><G36/><T72/><D72/><U84/><E29/><V67/><F123/><W12/><G112/><T92/><D110/><U71/><E9/><V58/><F108/><W79/><G127/><T132/><D132/><N who="2" m="50730" /><F130/><W11/><G133/><T19/><D7/><U5/><E5/><V62/><F124/><W30/><G107/><T76/><D76/><U115/><E115/><V2/><F2/><W85/><G11/><T120/><D120/><U24/><E24/><V10/><F116/><W17/><G79/><T122/><D122/><U109/><E109/><V26/><F26/><W3/><G101/><T100/><D100/><N who="1" m="62487" /><E48/><V42/><F42/><W105/><G105/><T44/><D22/><U125/><E125/><V117/><F117/><W129/><G129/><T121/><D121/><U39/><E39/><V35/><F35/><W18/><G3/><T69/><D69/><U128/><E128/><V80/><F49/><W14/><G27/><T126/><D126/><U47/><E33/><V21/><F21/><N who="3" m="11447" /><G6/><T37/><D37/><U53/><E32/><V16/><F57/><N who="3" m="35263" /><G93/><N who="0" m="35947" /><D50/><N who="1" m="28895" /><E56/><V96/><F96/><AGARI ba="3,0" hai="13,19,20,44,46,51,54,59,90,95,96" m="35947" machi="96" ten="30,1000,0" yaku="8,1" doraHai="64" who="0" fromWho="2" sc="354,19,443,0,124,-19,79,0" /><INIT seed="2,0,0,4,2,93" ten="373,443,105,79" oya="2" hai0="4,42,89,51,60,18,29,31,65,20,11,103,67" hai1="109,13,5,85,45,34,94,37,122,98,43,24,36" hai2="22,0,91,105,113,61,17,49,106,47,86,125,117" hai3="38,46,8,80,134,19,83,57,90,127,9,124,62"/><V104/><F117/><W27/><G134/><T35/><D103/><U26/><E109/><V119/><F119/><W130/><G130/><T10/><D35/><U72/><E72/><V77/><F0/><W100/><G100/><T53/><D42/><U69/><E69/><V75/><F113/><W6/><G90/><T28/><D89/><U56/><E85/><V50/><F125/><N who="3" m="48203" /><G19/><T132/><D132/><U40/><E34/><V110/><F110/><W48/><G27/><T121/><D121/><U84/><E84/><V63/><F77/><W58/><G38/><T120/><D120/><U54/><E36/><V30/><F30/><W97/><G97/><T70/><D4/><U115/><E115/><V3/><F75/><W74/><G9/><T41/><D11/><N who="1" m="4335" /><E37/><V71/><F105/><W76/><G80/><T25/><D10/><U78/><E78/><V44/><F104/><W55/><G62/><T112/><D112/><U73/><E73/><V99/><F63/><W102/><G102/><T2/><D2/><AGARI ba="0,0" hai="2,6,8,46,48,55,57,58,74,76,83" m="48203" machi="2" ten="30,1000,0" yaku="18,1" doraHai="93" who="3" fromWho="0" sc="373,-10,443,0,105,0,79,10" /><INIT seed="3,0,0,4,3,133" ten="363,443,105,89" oya="3" hai0="2,87,121,13,108,23,82,70,51,73,69,32,80" hai1="95,81,117,122,123,128,3,67,52,18,84,43,28" hai2="130,34,99,9,39,4,46,29,14,0,111,96,107" hai3="60,31,74,49,89,59,115,35,5,109,15,6,91"/><W92/><G115/><T11/><D121/><U86/><E3/><V124/><F111/><W104/><G104/><T45/><D32/><U57/><E128/><V47/><F130/><W37/><G37/><T58/><D108/><U75/><E75/><V71/><F71/><W132/><G74/><T33/><D33/><U119/><E67/><V94/><F107/><W16/><G109/><T41/><D2/><U79/><E28/><V125/><F0/><W126/><G132/><T110/><D110/><U114/><E43/><V26/><F99/><W88/><G126/><N who="2" m="48745" /><F39/><W7/><G49/><T22/><D51/><U64/><E114/><V77/><F77/><W93/><G31/><T56/><D69/><U54/><E79/><V30/><F29/><W106/><G35/><T118/><D70/><U100/><E122/><V61/><F61/><W63/><G106/><T10/><D41/><U127/><E123/><V112/><F112/><W44/><G44/><T24/><D45/><U101/><E57/><V27/><F27/><W17/><G60/><T21/><D56/><U40/><E127/><V129/><F129/><W76/><G76/><T25/><D58/><U103/><E117/><V19/><F19/><N who="3" m="7243" /><G15/><T42/><D13/><U20/><E119/><V12/><F12/><W48/><G48/><T131/><D118/><U105/><E105/><V66/><F66/><AGARI ba="0,0" hai="5,6,7,59,63,66,88,89,91,92,93" m="7243" machi="66" ten="30,5800,0" yaku="8,1,54,2" doraHai="133" who="3" fromWho="2" sc="363,0,443,0,105,-58,89,58" /><INIT seed="3,1,0,1,3,3" ten="363,443,47,147" oya="3" hai0="31,106,130,97,87,120,115,53,105,39,78,107,123" hai1="122,6,0,75,68,13,12,18,94,49,61,44,83" hai2="66,72,67,92,27,131,82,85,58,95,109,113,91" hai3="33,32,46,134,30,102,21,4,112,93,20,34,8"/><W117/><G112/><T11/><D39/><U125/><E122/><V76/><F113/><W132/><G117/><T99/><D31/><U14/><E125/><V51/><F109/><W59/><G59/><T89/><D53/><U98/><E6/><V22/><F131/><W119/><G119/><T128/><D11/><U116/><E0/><V79/><F79/><W10/><G46/><T9/><D9/><U48/><E116/><V71/><F71/><W42/><G42/><T77/><D115/><U54/><E75/><V43/><F43/><W114/><G114/><T26/><D26/><U90/><E83/><V103/><F92/><W104/><G104/><T124/><D124/><U45/><E61/><V7/><F7/><W50/><G50/><T126/><D126/><U57/><E68/><V15/><F15/><N who="1" m="5705" /><E49/><V70/><F70/><W5/><G93/><T40/><D40/><U133/><E133/><N who="3" m="51306" /><G102/><T84/><D107/><U101/><E101/><V62/><F103/><W55/><G55/><T86/><D86/><U118/><E118/><V37/><F37/><W88/><G88/><AGARI ba="1,0" hai="77,78,84,87,88,89,97,99,105,106,120,123,128,130" machi="88" ten="25,12000,2" yaku="22,2,34,3,54,1" doraHai="3" who="0" fromWho="3" sc="363,123,443,0,47,0,147,-123" /><INIT seed="4,0,0,0,0,86" ten="486,443,47,24" oya="0" hai0="46,91,77,70,69,48,17,65,113,27,5,0,49" hai1="2,101,31,118,103,38,114,11,100,82,75,44,14" hai2="50,61,72,121,60,106,37,51,71,43,24,120,129" hai3="28,78,54,55,123,74,29,1,108,112,34,20,97"/><T25/><D113/><U41/><E118/><V122/><F106/><W84/><G1/><T117/><D117/><U8/><E114/><V9/><F72/><W35/><G112/><T76/><D5/><N who="1" m="1079" /><E31/><V18/><F129/><W119/><G74/><T21/><D0/><U89/><E89/><V87/><F37/><W124/><G119/><T93/><D65/><U36/><E36/><V127/><F127/><W80/><G124/><T42/><D69/><U30/><E30/><V125/><F125/><W128/><G108/><T133/><D70/><U130/><E130/><V85/><F71/><W45/><G128/><T57/><D133/><U81/><E81/><V111/><F111/><W15/><G123/><T98/><D27/><U33/><E33/><V95/><F24/><N who="3" m="16391" /><G29/><T66/><D66/><U32/><E32/><V47/><F121/><W68/><G68/><T64/><D64/><U126/><E126/><V109/><F109/><W105/><G105/><T116/><D116/><U96/><E96/><V53/><F120/><W13/><G97/><T83/><D83/><U62/><E62/><V63/><F122/><W12/><G54/><AGARI ba="0,0" hai="17,21,25,42,46,48,49,54,57,76,77,91,93,98" machi="54" ten="40,3900,0" yaku="8,1,52,1" doraHai="86" who="0" fromWho="3" sc="486,39,443,0,47,0,24,-39" owari="525,63.0,443,24.0,47,-35.0,-15,-52.0" /></mjloggm>