<mjloggm ver="2.3"><GO type="97" lobby="0"/><UN n0="%E7%B6%BE%E5%BC%A5%E4%B8%80%E6%9D%A1" n1="%E3%82%A6%E3%83%AB%E3%83%88%E3%83%A9%E7%AB%8B%E7%9B%B4" n2="%79%32%37%71%36%35%33" n3="%E3%83%9E%E3%83%AA%E3%83%95%E3%82%A1%E3%83%8A%E3%83%91%E3%82%B9%E3%82%BF" dan="15,13,14,13" rate="2090.59,1887.01,1939.09,1823.64" sx="M,M,F,F"/><TAIKYOKU oya="0"/><INIT seed="0,0,0,0,4,7" ten="250,250,250,250" oya="0" hai0="24,21,74,23,0,10,82,63,67,52,50,128,26" hai1="77,127,97,25,90,76,124,72,83,88,119,108,85" hai2="131,5,31,8,93,32,22,94,125,48,106,95,42" hai3="35,110,91,129,39,116,89,14,56,86,13,99,109"/><T60/><D128/><U73/><E25/><V96/><F131/><W64/><G129/><T78/><D0/><U57/><E57/><V122/><F125/><N who="1" m="48201" /><E108/><N who="3" m="41578" /><G39/><T12/><D26/><U3/><E3/><V61/><F61/><N who="3" m="37927" /><G116/><T20/><D24/><U117/><E97/><V118/><F22/><W121/><G121/><T87/><D74/><N who="1" m="28779" /><E90/><V69/><F95/><N who="3" m="56831" /><G35/><T40/><D67/><U134/><E134/><V102/><F32/><W101/><G101/><T92/><D92/><AGARI ba="0,0" hai="13,14,86,89,92" m="56831,37927,41578" machi="92" ten="30,1000,0" yaku="14,1" doraHai="7" who="3" fromWho="0" sc="250,-10,250,0,250,0,250,10" /><INIT seed="1,0,0,0,4,21" ten="240,250,250,260" oya="1" hai0="16,83,42,45,123,84,64,23,106,75,130,74,30" hai1="51,131,114,115,37,28,118,65,59,22,86,11,94" hai2="7,19,108,81,46,134,101,49,77,126,60,41,54" hai3="70,44,97,71,76,26,102,5,9,100,4,88,53"/><U132/><E118/><V73/><F108/><W50/><G70/><T43/><D106/><U63/><E37/><V78/><F134/><W122/><G122/><T98/><D123/><U99/><E132/><V1/><F126/><W27/><G71/><T125/><D125/><U96/><E131/><V110/><F110/><W52/><G76/><T107/><D130/><U14/><E51/><V10/><F101/><N who="3" m="39019" /><G53/><T135/><D135/><U61/><E115/><V40/><F19/><W48/><G48/><T25/><D98/><U117/><E114/><V79/><F60/><W105/><G105/><T129/><D107/><U66/><E117/><V29/><F29/><W3/><G3/><T112/><D112/><U20/><E86/><V39/><REACH who="2" step="1"/><F41/><REACH who="2" ten="240,250,240,260" step="2"/><W109/><G109/><T113/><D129/><U104/><E28/><V127/><F127/><W57/><G44/><AGARI ba="0,1" hai="1,7,10,39,40,44,46,49,54,73,77,78,79,81" machi="44" ten="30,7700,0" yaku="1,1,7,1,25,2,53,0" doraHai="21" doraHaiUra="67" who="2" fromWho="3" sc="240,0,250,0,240,87,260,-77" /><INIT seed="2,0,0,1,2,86" ten="240,250,327,183" oya="2" hai0="104,39,80,81,17,76,55,30,111,47,50,58,124" hai1="112,114,72,134,99,119,32,16,13,4,129,95,59" hai2="75,23,6,62,106,46,110,35,36,41,19,97,107" hai3="8,21,79,130,26,89,92,98,93,37,27,88,118"/><V49/><F35/><W29/><G118/><T51/><D104/><U77/><E119/><V133/><F75/><W56/><G130/><T64/><D124/><U103/><E32/><V120/><F120/><W85/><G37/><T125/><D125/><U60/><E129/><V101/><F133/><W31/><G8/><T20/><D111/><U126/><E126/><V116/><F116/><W83/><G56/><T117/><D39/><U61/><E134/><V87/><F110/><W115/><G115/><T113/><D113/><U0/><E4/><V53/><F62/><W78/><G83/><T132/><D132/><U14/><E0/><V11/><F87/><W52/><G52/><N who="0" m="29791" /><D117/><U67/><E77/><V108/><F108/><W96/><G85/><N who="0" m="48263" /><D81/><U24/><E72/><V38/><F107/><W82/><G82/><T7/><D7/><U123/><E123/><V109/><F109/><W44/><G44/><T33/><D33/><AGARI ba="0,0" hai="21,26,27,29,31,33,78,79,88,89,92,93,96,98" machi="33" ten="30,8000,1" yaku="7,1,9,1,52,2,54,1" doraHai="86" who="3" fromWho="0" sc="240,-80,250,0,327,0,183,80" /><INIT seed="3,0,0,3,4,64" ten="160,250,327,263" oya="3" hai0="104,91,31,99,120,112,37,71,61,6,94,40,48" hai1="19,0,4,38,28,53,67,116,83,68,55,65,102" hai2="29,18,57,93,72,10,115,22,5,118,14,49,32" hai3="62,13,87,86,50,2,134,51,41,106,121,43,69"/><W30/><G121/><T84/><D120/><U42/><E4/><V107/><F107/><W77/><G2/><T8/><D112/><U100/><E0/><N who="2" m="295" /><F72/><W20/><G106/><T127/><D127/><U117/><E83/><V135/><F135/><W26/><G134/><T76/><D37/><U70/><E19/><V47/><F57/><W73/><G73/><T124/><D124/><U131/><E28/><V129/><F93/><W109/><G109/><T56/><D31/><U24/><E24/><N who="2" m="18471" /><F129/><W126/><G126/><T44/><D104/><U130/><E42/><N who="3" m="15882" /><G69/><T128/><D128/><U35/><E35/><V3/><F3/><W97/><G97/><T133/><D133/><U85/><E85/><N who="3" m="32266" /><G77/><T114/><D114/><U63/><E63/><V92/><F92/><W98/><G98/><T119/><D119/><U110/><E110/><V7/><F118/><W52/><G13/><T88/><D76/><U17/><E17/><V16/><F16/><W80/><G80/><T89/><D99/><U58/><E58/><AGARI ba="0,0" hai="20,26,30,50,51,52,58,62" m="32266,15882" machi="58" ten="30,2900,0" yaku="8,1,54,1" doraHai="64" who="3" fromWho="1" sc="160,0,250,-29,327,0,263,29" /><INIT seed="3,1,0,0,2,93" ten="160,221,327,292" oya="3" hai0="106,102,82,17,52,49,104,99,63,38,19,71,78" hai1="73,41,34,131,54,111,20,120,122,25,30,13,36" hai2="16,118,23,119,44,6,14,129,37,66,3,108,42" hai3="15,80,107,24,50,28,124,5,51,123,58,115,95"/><W101/><G123/><T8/><D38/><U61/><E73/><V7/><F108/><W77/><G115/><T100/><D71/><U105/><E111/><V84/><F66/><W92/><G124/><T98/><D63/><U27/><E131/><V74/><F74/><W133/><G133/><T76/><D8/><U39/><E39/><V9/><F6/><W75/><G107/><T132/><D132/><U2/><E2/><V79/><F129/><W26/><G26/><T57/><D76/><U130/><E130/><V85/><REACH who="2" step="1"/><F79/><REACH who="2" ten="160,221,317,292" step="2"/><W68/><G68/><T31/><REACH who="0" step="1"/><D31/><REACH who="0" ten="150,221,317,292" step="2"/><U128/><E128/><V12/><F12/><W0/><G15/><T48/><D48/><U65/><E13/><V134/><F134/><W62/><G50/><T45/><D45/><U112/><E30/><V56/><F56/><W81/><G51/><T32/><D32/><U117/><E36/><V35/><F35/><W60/><G28/><T97/><D97/><U1/><E34/><V89/><F89/><W69/><G77/><T22/><D22/><U87/><E20/><V47/><F47/><W113/><G69/><T86/><AGARI ba="1,2" hai="17,19,49,52,57,78,82,86,98,99,100,102,104,106" machi="86" ten="20,12000,2" yaku="1,1,0,1,7,1,9,1,52,2,54,1,53,0" doraHai="93" doraHaiUra="116" who="0" fromWho="0" sc="150,143,221,-31,317,-31,292,-61" /><INIT seed="4,0,0,0,5,110" ten="293,190,286,231" oya="0" hai0="18,100,130,46,0,115,106,129,27,51,103,90,30" hai1="16,10,60,26,74,47,41,121,2,70,83,52,12" hai2="69,5,123,31,66,62,108,73,124,98,49,1,4" hai3="133,43,44,32,78,118,21,112,64,117,19,17,79"/><T65/><D0/><U89/><E121/><V75/><F108/><W53/><G32/><N who="0" m="20575" /><D115/><U35/><E2/><V55/><F123/><W29/><G64/><T56/><D106/><U88/><E35/><V7/><F124/><W131/><G131/><N who="0" m="50187" /><D90/><N who="1" m="34923" /><E74/><V3/><F31/><W9/><G112/><T25/><D25/><U6/><E70/><V122/><F122/><W33/><G33/><T77/><D77/><N who="3" m="29193" /><G133/><T20/><D20/><N who="1" m="13575" /><E83/><V28/><F28/><W81/><G117/><T128/><D18/><N who="3" m="6665" /><G118/><T135/><D135/><U91/><N who="1" m="34931" /><U15/><DORA hai="68" /><E15/><V84/><F3/><W34/><G34/><T102/><D128/><U93/><E93/><V57/><F1/><W94/><G81/><T126/><D126/><U99/><E99/><V59/><F98/><W125/><G125/><T37/><D37/><U39/><E39/><V22/><F22/><W67/><G94/><T96/><D96/><U72/><E72/><V45/><F84/><W87/><G87/><T92/><D92/><U14/><E14/><V42/><F69/><W86/><G86/><T54/><D103/><U109/><E109/><V104/><F104/><W101/><G101/><T95/><D95/><U63/><E41/><V58/><F58/><W61/><G43/><T132/><D132/><U76/><E76/><V40/><F40/><W114/><G114/><T50/><D102/><U119/><E119/><V82/><F82/><W127/><G127/><T134/><D134/><U120/><E120/><V23/><F23/><W38/><G21/><T48/><D100/><U85/><E85/><V97/><F75/><RYUUKYOKU ba="0,0" sc="293,15,190,15,286,-15,231,-15" hai0="46,48,50,51,54,56,65" hai1="6,10,12,47,52,60,63" owari="308,40.0,205,-29.0,271,7.0,216,-18.0" /></mjloggm>