<mjloggm ver="2.3"><GO type="97" lobby="0"/><UN n0="%E3%82%A6%E3%83%AB%E3%83%88%E3%83%A9%E7%AB%8B%E7%9B%B4" n1="%4A%50%53%E6%9D%B1%E9%A2%A8" n2="%74%61%6E%69%37%32%38%6F" n3="%72%65%67%65%64%69%74" dan="15,15,14,14" rate="1993.36,2064.55,1926.92,1978.46" sx="M,M,M,M"/><TAIKYOKU oya="0"/><INIT seed="0,0,0,3,2,35" ten="250,250,250,250" oya="0" hai0="45,106,118,81,9,48,64,131,72,93,103,117,120" hai1="23,79,75,90,100,34,70,31,105,20,112,16,83" hai2="60,15,69,11,3,0,14,40,62,119,109,86,63" hai3="1,130,19,38,84,47,39,29,121,95,77,127,32"/><T37/><D37/><U98/><E70/><V107/><F107/><W108/><G121/><T132/><D120/><U68/><E68/><V91/><F69/><W135/><G130/><T111/><D106/><U58/><E112/><V89/><F119/><W36/><G127/><T57/><D72/><U30/><E34/><V59/><F109/><W41/><G108/><T13/><D111/><U122/><E122/><V56/><F40/><W54/><G135/><T114/><D114/><U33/><E33/><V97/><F97/><W104/><G104/><T113/><D113/><U46/><E23/><V42/><F42/><W50/><G19/><T4/><D132/><U129/><E129/><V12/><F11/><W99/><G1/><N who="2" m="585" /><F86/><W101/><G84/><T115/><D115/><U10/><E58/><AGARI ba="0,0" hai="12,14,15,56,58,59,60,62,63,89,91" m="585" machi="58" ten="40,8000,1" yaku="28,2,52,3" doraHai="35" who="2" fromWho="1" sc="250,0,250,-80,250,80,250,0" /><INIT seed="1,0,0,2,2,64" ten="250,170,330,250" oya="1" hai0="6,11,68,71,121,66,74,48,101,12,25,99,96" hai1="3,52,89,97,15,46,44,106,53,8,70,92,57" hai2="103,102,50,58,36,1,94,126,77,18,61,14,133" hai3="105,75,87,72,88,116,37,117,60,114,13,123,9"/><U33/><E33/><V17/><F36/><W35/><G123/><T65/><D74/><U54/><E3/><V78/><F1/><W79/><G114/><T23/><D121/><U41/><E106/><V29/><F29/><W85/><G105/><T76/><D76/><U32/><E32/><V22/><F133/><W40/><G35/><T19/><D66/><U55/><E70/><V134/><F134/><W47/><G60/><T110/><D110/><U129/><E129/><V115/><F115/><W38/><G38/><T69/><D65/><U108/><E108/><V80/><F126/><W128/><G128/><T7/><D48/><U131/><E131/><V118/><F118/><N who="3" m="45675" /><G79/><N who="2" m="30217" /><F80/><N who="3" m="49191" /><G87/><T91/><D91/><U81/><E81/><V42/><F94/><W31/><G31/><T120/><D120/><U28/><E28/><V98/><F98/><W93/><G93/><T84/><D84/><U16/><REACH who="1" step="1"/><E41/><REACH who="1" ten="250,160,330,250" step="2"/><V21/><F42/><W0/><G0/><T20/><D69/><U112/><E112/><V125/><F125/><W51/><G37/><T30/><D71/><U83/><E83/><V95/><F95/><W127/><G127/><T56/><D68/><U100/><E100/><V107/><F107/><W130/><G130/><T122/><D101/><U62/><AGARI ba="0,1" hai="8,15,16,44,46,52,53,54,55,57,62,89,92,97" machi="62" ten="30,12000,1" yaku="1,1,0,1,8,1,54,2,53,0" doraHai="64" doraHaiUra="73" who="1" fromWho="1" sc="250,-40,160,130,330,-40,250,-40" /><INIT seed="1,1,0,0,3,103" ten="210,290,290,210" oya="1" hai0="67,93,52,39,127,45,40,121,16,4,83,104,90" hai1="57,106,130,47,97,133,73,79,65,55,89,37,74" hai2="109,10,19,9,88,50,34,6,85,2,125,114,13" hai3="91,61,108,41,33,110,7,53,95,24,49,38,8"/><U76/><E130/><V32/><F114/><W105/><G38/><T58/><D4/><U0/><E0/><V107/><F107/><W60/><G41/><T117/><D117/><U66/><E133/><V29/><F125/><W59/><G105/><T126/><D83/><U112/><E112/><V124/><F124/><N who="0" m="47658" /><D104/><U119/><E119/><V92/><F109/><N who="3" m="42091" /><G24/><T31/><D31/><U26/><E26/><V11/><F29/><W3/><G33/><T122/><D16/><U48/><E74/><V20/><REACH who="2" step="1"/><F50/><REACH who="2" ten="210,290,280,210" step="2"/><W30/><G30/><T36/><D36/><U71/><E106/><V72/><F72/><W63/><G49/><N who="0" m="30991" /><D67/><U1/><E66/><V43/><F43/><W64/><G64/><T123/><D123/><U116/><E116/><V128/><F128/><W5/><G5/><T17/><D17/><U44/><E37/><V98/><F98/><AGARI ba="1,1" hai="3,7,8,53,59,60,61,63,91,95,98" m="42091" machi="98" ten="30,1000,0" yaku="14,1" doraHai="103" who="3" fromWho="2" sc="210,0,290,0,280,-13,210,23" /><AGARI ba="1,0" hai="39,40,45,90,93,98,121,122" m="30991,47658" machi="98" ten="30,2000,0" yaku="18,1,54,1" doraHai="103" who="0" fromWho="2" sc="210,20,290,0,267,-20,233,0" /><INIT seed="2,0,0,0,4,97" ten="230,290,247,233" oya="2" hai0="43,62,48,53,127,9,89,116,2,56,135,22,49" hai1="109,76,88,58,24,42,6,99,28,85,57,34,38" hai2="92,130,31,72,77,105,96,44,46,73,68,64,120" hai3="119,118,128,82,102,101,70,125,26,50,65,133,21"/><V98/><F120/><W52/><G133/><T108/><D108/><U95/><E109/><V69/><F31/><W75/><G125/><T129/><D129/><U3/><E3/><V103/><F130/><W134/><G134/><T30/><D135/><U81/><REACH who="1" step="1"/><E6/><REACH who="1" ten="230,280,247,233" step="2"/><V124/><F124/><W18/><G128/><T14/><D2/><U104/><E104/><V32/><F32/><W60/><G119/><T54/><D127/><U4/><E4/><V110/><F110/><W111/><G118/><T83/><D116/><U0/><E0/><V16/><F105/><W40/><G111/><T117/><D117/><U79/><E79/><V131/><F131/><W29/><G29/><T94/><D30/><U126/><E126/><V113/><F77/><W66/><G66/><T33/><D33/><U7/><E7/><V93/><F113/><W112/><G112/><T11/><D22/><U19/><E19/><V86/><F64/><W132/><G132/><T36/><D11/><U90/><E90/><V15/><F16/><W106/><G106/><T5/><D5/><U74/><E74/><V115/><F115/><W25/><G25/><T45/><D9/><U20/><E20/><V39/><F73/><W1/><G1/><T17/><D17/><U35/><E35/><V67/><F72/><W23/><G23/><T80/><D14/><U41/><E41/><V51/><F15/><W13/><G40/><T100/><D89/><U87/><E87/><V84/><F86/><W8/><G13/><T78/><D78/><U12/><E12/><V61/><F84/><W55/><G8/><RYUUKYOKU ba="0,1" sc="230,-10,280,30,247,-10,233,-10" hai1="24,28,34,38,42,57,58,76,81,85,88,95,99" /><INIT seed="3,1,1,3,1,73" ten="220,310,237,223" oya="3" hai0="39,124,130,23,63,4,64,112,28,33,88,7,116" hai1="35,11,89,57,98,24,128,106,21,111,79,41,54" hai2="72,133,123,38,105,59,8,60,110,122,40,32,115" hai3="30,81,26,80,31,16,0,44,13,108,126,46,58"/><W50/><G0/><T52/><D33/><U87/><E35/><V120/><F115/><W83/><G126/><T102/><D39/><U69/><E69/><V97/><F72/><W99/><G108/><T125/><D116/><U20/><E111/><V118/><F118/><W18/><G99/><T48/><D102/><U132/><E41/><V100/><F32/><W94/><G94/><T70/><D112/><U19/><E79/><V68/><F110/><W15/><G58/><N who="0" m="33031" /><D88/><U117/><E117/><V114/><F114/><W9/><G26/><N who="0" m="16479" /><D130/><U119/><E119/><V62/><F133/><W92/><G92/><T127/><AGARI ba="1,1" hai="4,7,63,64,70,124,125,127" m="16479,33031" machi="127" ten="30,2000,0" yaku="18,1,54,1" doraHai="73" who="0" fromWho="0" sc="220,33,310,-6,237,-6,223,-11" owari="253,5.0,304,41.0,231,-17.0,212,-29.0" /></mjloggm>