<mjloggm ver="2.3"><GO type="97" lobby="0"/><UN n0="%6C%61%67%75%6E%61%2E" n1="%E7%BE%BD%E7%94%9F%E5%85%AB%E5%86%A0" n2="%E3%82%A6%E3%83%AB%E3%83%88%E3%83%A9%E7%AB%8B%E7%9B%B4" n3="%E3%82%86%E3%81%86%E3%81%8F%E3%82%93%CE%A9" dan="14,14,14,14" rate="1894.94,1861.87,1951.35,1999.09" sx="M,M,M,M"/><TAIKYOKU oya="0"/><INIT seed="0,0,0,3,2,92" ten="250,250,250,250" oya="0" hai0="73,85,30,74,60,17,31,77,115,118,89,56,57" hai1="124,111,22,103,98,82,1,71,81,69,53,35,24" hai2="97,68,131,38,128,135,105,4,127,88,91,48,7" hai3="78,94,114,134,99,107,16,122,125,104,67,19,11"/><T40/><BYE who="2" /><D118/><U59/><E35/><V126/><F126/><W84/><G114/><T8/><D115/><U66/><E124/><V13/><F13/><W76/><G125/><T117/><D117/><U72/><E1/><V37/><F37/><W15/><G122/><T132/><D132/><U102/><E111/><V75/><F75/><W29/><G134/><T79/><D40/><U41/><E41/><V26/><F26/><W121/><G121/><T96/><D96/><U5/><E5/><V49/><F49/><W61/><G29/><N who="0" m="10763" /><D74/><U42/><E42/><V55/><F55/><W45/><G45/><T129/><D129/><U64/><E103/><V113/><F113/><W62/><G19/><T27/><D73/><U109/><E109/><V83/><F83/><N who="1" m="31753" /><E71/><V23/><F23/><W116/><G116/><T3/><D3/><U93/><E69/><V101/><F101/><W54/><G54/><N who="0" m="33815" /><D57/><UN n2="%E3%82%A6%E3%83%AB%E3%83%88%E3%83%A9%E7%AB%8B%E7%9B%B4" /><U90/><E72/><V9/><F127/><W100/><G62/><T106/><D106/><U28/><E102/><V65/><F131/><W51/><G51/><AGARI ba="0,0" hai="22,24,28,51,53,59,64,66,90,93,98" m="31753" machi="51" ten="30,2000,0" yaku="8,1,52,1" doraHai="92" who="1" fromWho="3" sc="250,0,250,20,250,0,250,-20" /><INIT seed="1,0,0,2,3,72" ten="250,270,250,230" oya="1" hai0="85,111,110,105,32,96,122,82,55,40,16,37,99" hai1="100,91,66,97,25,19,75,71,10,133,28,20,49" hai2="21,29,15,39,60,27,61,69,53,13,67,81,90" hai3="128,86,131,50,98,116,44,9,124,68,79,58,114"/><U119/><E133/><V76/><F39/><W115/><G68/><T36/><D122/><U130/><E130/><N who="3" m="49706" /><G116/><T101/><D32/><U35/><E119/><V95/><F60/><W30/><G30/><T52/><D99/><U18/><E75/><V63/><F63/><W64/><G124/><T118/><D118/><U83/><E49/><V109/><F109/><N who="0" m="41482" /><D16/><U56/><E56/><V22/><F22/><W112/><G98/><T129/><D129/><U59/><E10/><V88/><F53/><N who="0" m="20554" /><D40/><U1/><E1/><V51/><F51/><W108/><G108/><T77/><AGARI ba="0,0" hai="36,37,77,82,85,96,101,105" m="20554,41482" machi="77" ten="30,4000,0" yaku="14,1,52,1,54,1" doraHai="72" who="0" fromWho="0" sc="250,40,270,-20,250,-10,230,-10" /><INIT seed="2,0,0,2,5,47" ten="290,250,240,220" oya="2" hai0="42,114,107,8,12,72,95,116,10,124,71,80,130" hai1="115,32,129,20,99,122,90,26,77,6,109,120,100" hai2="113,75,2,104,27,67,40,0,28,119,86,134,78" hai3="105,17,98,91,46,133,83,45,59,125,102,81,33"/><V34/><F119/><W13/><G33/><T92/><D107/><U58/><E115/><V19/><F113/><W51/><G133/><T61/><D114/><U24/><E109/><V30/><F104/><W16/><G125/><T15/><D130/><U127/><E129/><V60/><F134/><W7/><G45/><T31/><D31/><N who="1" m="19559" /><E77/><V65/><F65/><W64/><G91/><T94/><D124/><U117/><E127/><V76/><F30/><W66/><G7/><T106/><D106/><N who="1" m="63775" /><E6/><V38/><F19/><W73/><G73/><T55/><D42/><U39/><E58/><V36/><F86/><W84/><G84/><T89/><D55/><U97/><E39/><V68/><F76/><W9/><G17/><T44/><D44/><U11/><E11/><V29/><F29/><W50/><G66/><T85/><D72/><U53/><E53/><V123/><F123/><N who="1" m="47145" /><E117/><V54/><F54/><N who="3" m="32215" /><G64/><T18/><D116/><U69/><E69/><V63/><F63/><W52/><G105/><T21/><D71/><U25/><E20/><V57/><F57/><W118/><G118/><T93/><D61/><U3/><E3/><N who="2" m="1067" /><F40/><W87/><G87/><T131/><D131/><U74/><E74/><V108/><F108/><W112/><G112/><T22/><D10/><U41/><E41/><V101/><F101/><W43/><G43/><T128/><D128/><U56/><E56/><V49/><F49/><W48/><G48/><T62/><D62/><U132/><E132/><V126/><F126/><W23/><G9/><N who="0" m="6415" /><D95/><AGARI ba="0,0" hai="25,26,90,95,97" m="47145,63775,19559" machi="95" ten="30,1000,0" yaku="13,1" doraHai="47" who="1" fromWho="0" sc="290,-10,250,10,240,0,220,0" /><INIT seed="3,0,0,5,0,69" ten="280,260,240,220" oya="3" hai0="107,92,135,116,91,95,86,50,63,8,16,27,106" hai1="55,82,76,80,46,132,10,45,43,111,3,125,57" hai2="110,68,134,49,88,67,34,112,25,81,35,2,100" hai3="7,1,41,119,39,93,94,53,59,13,103,105,97"/><W44/><G119/><T9/><D135/><U84/><E111/><V96/><F112/><W58/><G58/><T18/><D107/><U130/><E132/><V114/><F114/><W24/><G1/><T54/><D63/><U23/><E130/><V33/><F134/><W38/><G38/><T127/><D127/><U48/><E125/><V70/><F110/><W47/><G47/><N who="0" m="27999" /><D106/><U115/><E115/><V78/><F2/><W32/><G32/><T118/><D118/><U113/><E113/><V21/><F49/><W74/><G74/><T31/><D31/><U120/><E120/><V36/><F36/><W66/><G66/><T90/><D116/><U6/><E23/><V101/><F67/><W128/><G128/><T51/><D51/><U131/><E131/><V104/><F100/><W17/><G7/><T121/><D121/><U0/><E80/><V64/><F64/><W126/><G24/><T14/><D27/><U117/><E117/><V133/><F133/><W20/><REACH who="3" step="1"/><G126/><REACH who="3" ten="280,260,240,210" step="2"/><T71/><D71/><U98/><E46/><V109/><F109/><W123/><G123/><T37/><D37/><U28/><E28/><V61/><F68/><W65/><G65/><T30/><D30/><U77/><E3/><V129/><F129/><W87/><G87/><N who="0" m="52319" /><D18/><U83/><E98/><V72/><F70/><W73/><G73/><T79/><D79/><U89/><E82/><V42/><F61/><AGARI ba="0,1" hai="13,17,20,39,41,44,53,59,61,93,94,97,103,105" machi="61" ten="30,5800,0" yaku="1,1,7,1,52,1,53,0" doraHai="69" doraHaiUra="62" who="3" fromWho="2" sc="280,0,260,0,240,-58,210,68" /><AGARI ba="0,0" hai="0,6,10,43,45,48,55,57,61,76,77,83,84,89" machi="61" ten="30,1000,0" yaku="7,1" doraHai="69" who="1" fromWho="2" sc="280,0,260,10,182,-10,278,0" /><INIT seed="3,1,0,1,0,129" ten="280,270,172,278" oya="3" hai0="52,88,59,5,57,98,10,93,119,66,22,120,9" hai1="45,71,112,80,27,31,24,35,20,44,47,117,46" hai2="76,115,127,97,7,15,0,56,48,110,81,60,65" hai3="108,61,6,75,107,123,99,38,134,111,128,78,73"/><W17/><G123/><T122/><D119/><U19/><E112/><V43/><F115/><W30/><G38/><T86/><D22/><U29/><E117/><V135/><F0/><W91/><G128/><T95/><D66/><U124/><E71/><V12/><F127/><W118/><G118/><T113/><D113/><U4/><E124/><V67/><F110/><N who="3" m="42027" /><G6/><T70/><D70/><U84/><E4/><V49/><F97/><W104/><G30/><T116/><D116/><U103/><E103/><V94/><F94/><N who="3" m="56799" /><G61/><T133/><D133/><U41/><E19/><V2/><F67/><W8/><G134/><T16/><D16/><U51/><REACH who="1" step="1"/><E46/><REACH who="1" ten="280,260,172,278" step="2"/><V63/><F135/><W39/><G17/><T68/><D68/><U87/><E87/><N who="2" m="48551" /><F2/><W126/><G126/><T82/><D5/><U3/><E3/><V55/><F7/><W72/><G8/><T53/><D9/><U25/><E25/><V106/><F106/><N who="3" m="40491" /><G39/><T26/><D26/><U85/><E85/><V83/><F83/><AGARI ba="1,1" hai="72,73,75,78,83" m="40491,56799,42027" machi="83" ten="30,11600,0" yaku="14,1,10,1,34,2" doraHai="129" who="3" fromWho="2" sc="280,0,260,0,172,-119,278,129" owari="280,8.0,260,-14.0,53,-45.0,407,51.0" /></mjloggm>