<mjloggm ver="2.3"><GO type="169" lobby="0"/><UN n0="%E3%82%A6%E3%83%AB%E3%83%88%E3%83%A9%E7%AB%8B%E7%9B%B4" n1="%2A%E3%81%B6%E3%81%A3%E3%81%A1%2A" n2="%62%61%6E%74%65%31" n3="%6E%61%6B%61%6A%75%75%6E" dan="17,16,16,17" rate="2212.90,2108.95,2076.91,2147.68" sx="M,M,M,M"/><TAIKYOKU oya="0"/><INIT seed="0,0,0,0,5,100" ten="250,250,250,250" oya="0" hai0="54,117,5,7,52,115,108,69,134,66,118,13,20" hai1="113,77,93,59,40,38,88,23,47,94,87,6,101" hai2="22,37,45,62,95,89,74,99,0,68,31,65,80" hai3="73,21,1,82,61,16,26,84,53,19,42,125,132"/><T64/><D115/><U55/><E113/><V97/><F0/><W48/><G1/><T60/><D134/><U98/><E23/><V24/><F37/><W34/><G73/><T124/><D124/><U79/><REACH who="1" step="1"/><E6/><REACH who="1" ten="250,240,250,250" step="2"/><V123/><F123/><W119/><G34/><T58/><D7/><U30/><E30/><V63/><F63/><AGARI ba="0,1" hai="38,40,47,55,59,63,77,79,87,88,93,94,98,101" machi="63" ten="30,7700,0" yaku="1,1,7,1,54,1,53,1" doraHai="100" doraHaiUra="50" who="1" fromWho="2" sc="250,0,240,87,250,-77,250,0" /><INIT seed="1,0,0,0,4,75" ten="250,327,173,250" oya="1" hai0="74,72,79,32,33,56,108,76,1,13,2,28,64" hai1="84,16,115,105,62,93,71,24,39,27,45,10,70" hai2="30,107,6,83,129,95,53,4,81,104,29,113,42" hai3="124,128,125,23,126,38,18,54,100,73,19,90,133"/><U57/><E105/><V14/><F113/><W8/><G38/><T58/><D13/><U120/><E120/><V80/><F129/><W22/><G100/><T37/><D28/><N who="2" m="10858" /><F42/><W121/><G121/><T132/><D64/><U82/><E115/><V114/><F114/><W41/><G41/><T99/><D99/><U102/><E39/><V67/><F67/><W130/><G73/><T50/><D50/><U7/><E45/><V101/><F14/><N who="3" m="9591" /><G54/><T92/><D92/><U51/><E51/><V5/><F53/><W78/><G90/><T63/><D63/><U44/><E44/><V43/><F43/><W109/><G78/><T9/><D37/><U69/><E69/><V26/><F26/><N who="3" m="14711" /><G109/><T59/><D59/><U97/><E27/><V117/><F117/><W88/><G88/><T12/><D12/><N who="1" m="5215" /><E71/><V68/><F68/><W17/><G133/><T134/><REACH who="0" step="1"/><D9/><REACH who="0" ten="240,327,173,250" step="2"/><U112/><E70/><V91/><F95/><W127/><N who="3" m="31744" /><DORA hai="86" /><W118/><G118/><T20/><D20/><N who="1" m="13319" /><E112/><V119/><F119/><W98/><G98/><T66/><D66/><U123/><E123/><V135/><F107/><W31/><G31/><T55/><D55/><U25/><E62/><V21/><F104/><W48/><G48/><T94/><D94/><U116/><E116/><V15/><F15/><AGARI ba="0,1" hai="8,15,17,128,130" m="31744,14711,9591" machi="15" ten="60,7700,0" yaku="18,1,34,2" doraHai="75,86" who="3" fromWho="2" sc="240,0,327,0,173,-77,250,87" /><INIT seed="2,0,0,0,1,51" ten="240,327,96,337" oya="2" hai0="2,78,113,6,69,85,115,104,50,109,95,11,32" hai1="112,99,83,36,22,97,121,41,94,89,13,74,66" hai2="7,3,5,37,47,88,133,35,96,0,14,40,84" hai3="128,114,52,90,130,80,77,39,16,54,102,63,24"/><V27/><F133/><W91/><G39/><T18/><D104/><U76/><E112/><V33/><F96/><W111/><G111/><T21/><D69/><U20/><E121/><V64/><F64/><W123/><G123/><T19/><D32/><N who="2" m="12362" /><F88/><N who="3" m="33835" /><G102/><T71/><D95/><U92/><E66/><V68/><F84/><N who="3" m="48143" /><G63/><T57/><D85/><U134/><E36/><V86/><F86/><W44/><G44/><T106/><D78/><U42/><E134/><V129/><F47/><W53/><G114/><T124/><D106/><U46/><E41/><V105/><F40/><W61/><G61/><T87/><D71/><U108/><E108/><V49/><F105/><W82/><G82/><T110/><D87/><U55/><E42/><V79/><F49/><W8/><G8/><T10/><D50/><U100/><E46/><V120/><F79/><W26/><G16/><T17/><D17/><U23/><REACH who="1" step="1"/><E55/><REACH who="1" ten="240,317,96,337" step="2"/><V93/><F37/><W48/><G48/><T81/><D110/><U72/><E72/><V43/><F43/><W4/><G4/><N who="2" m="1609" /><F68/><W132/><G132/><T98/><D109/><U62/><E62/><V9/><F93/><W58/><G58/><T28/><D57/><U75/><E75/><V103/><F120/><W131/><AGARI ba="0,1" hai="24,26,52,53,54,128,130,131" m="48143,33835" machi="131" ten="40,12000,2" yaku="19,1,52,3,54,2" doraHai="51" who="3" fromWho="3" sc="240,-30,317,-30,96,-60,337,130" /><INIT seed="3,0,0,3,3,20" ten="210,287,36,467" oya="3" hai0="7,130,107,120,30,88,5,123,112,39,33,66,51" hai1="36,100,4,87,34,95,96,26,6,68,124,86,21" hai2="44,85,52,15,10,46,127,105,56,78,50,35,119" hai3="98,42,128,74,43,73,103,122,0,131,25,81,109"/><W75/><G122/><T90/><D107/><U31/><E68/><V63/><F119/><W49/><G0/><T84/><D39/><U133/><E36/><V104/><F127/><W58/><G109/><T14/><D112/><U64/><E64/><V45/><F35/><W27/><G81/><T121/><D130/><N who="3" m="49705" /><G58/><T108/><D108/><U41/><E41/><N who="3" m="15370" /><G49/><T24/><D66/><U59/><E59/><V2/><F2/><W22/><G22/><T65/><D65/><U77/><E124/><V79/><F50/><W16/><G16/><T69/><D69/><U70/><E70/><V61/><F61/><W76/><G76/><T135/><D51/><U12/><E77/><V89/><F105/><AGARI ba="0,0" hai="25,27,73,74,75,98,103,105" m="15370,49705" machi="105" ten="40,7700,0" yaku="19,1,52,2" doraHai="20" who="3" fromWho="2" sc="210,0,287,0,36,-77,467,77" owari="210,-19.0,287,9.0,-41,-54.0,544,64.0" /></mjloggm>