<mjloggm ver="2.3"><GO type="97" lobby="0"/><UN n0="%E3%82%A6%E3%83%AB%E3%83%88%E3%83%A9%E7%AB%8B%E7%9B%B4" n1="%E3%82%88%E3%81%90%E3%81%99%E3%81%91" n2="%E3%82%B0%E3%83%AA%E3%83%95%E3%82%A3%E3%82%B9" n3="%42%2E%54%2E" dan="14,15,15,13" rate="1978.41,1972.57,2010.91,1879.69" sx="M,M,M,M"/><TAIKYOKU oya="0"/><INIT seed="0,0,0,5,0,118" ten="250,250,250,250" oya="0" hai0="128,127,27,57,42,93,5,117,108,25,19,113,135" hai1="61,68,15,119,90,91,49,10,8,55,31,63,2" hai2="48,83,67,20,99,98,60,97,133,35,9,95,74" hai3="37,1,26,100,92,75,96,46,44,41,81,85,22"/><T134/><D117/><U4/><E119/><V17/><F35/><W80/><G1/><T12/><D113/><U87/><E31/><V112/><F112/><W50/><G75/><T3/><D42/><U56/><E68/><V77/><F133/><N who="0" m="50698" /><D57/><U29/><E29/><V107/><F107/><W126/><G126/><T121/><D93/><U39/><E39/><V54/><F9/><W105/><G85/><T0/><D127/><U30/><E30/><V21/><F95/><W115/><G115/><T88/><D88/><U129/><E129/><V33/><F33/><W36/><G36/><T131/><D121/><U34/><E34/><V122/><F122/><W43/><REACH who="3" step="1"/><G105/><REACH who="3" ten="250,250,250,240" step="2"/><T123/><D123/><U52/><E87/><V76/><F74/><W94/><G94/><T110/><D0/><U73/><E73/><V72/><F72/><W103/><G103/><T89/><D89/><U114/><E114/><V111/><F76/><W18/><AGARI ba="0,1" hai="18,22,26,37,41,43,44,46,50,80,81,92,96,100" machi="18" ten="20,2700,0" yaku="1,1,0,1,7,1,53,0" doraHai="118" doraHaiUra="24" who="3" fromWho="3" sc="250,-13,250,-7,250,-7,240,37" /><INIT seed="1,0,0,1,4,59" ten="237,243,243,277" oya="1" hai0="113,84,124,126,82,40,131,85,109,115,36,0,80" hai1="58,2,90,5,64,18,13,116,53,78,22,37,55" hai2="44,54,75,118,91,132,52,134,17,25,111,128,45" hai3="38,68,107,83,50,106,93,12,56,4,79,61,96"/><U62/><E116/><V41/><F75/><W86/><G38/><T110/><D36/><U99/><E37/><V123/><F118/><W28/><G68/><T73/><D40/><U87/><E2/><V120/><F91/><W114/><G114/><T43/><D43/><U33/><E33/><V34/><F34/><W133/><G133/><N who="2" m="51305" /><F25/><W70/><G70/><T3/><D3/><U15/><E78/><V98/><F98/><W51/><G28/><T117/><D0/><U102/><E5/><V48/><F17/><W69/><G69/><T119/><D73/><U63/><E13/><V6/><F6/><W66/><G106/><T31/><D31/><U14/><E14/><V95/><F95/><W8/><REACH who="3" step="1"/><G107/><REACH who="3" ten="237,243,243,267" step="2"/><T77/><D77/><U26/><E102/><AGARI ba="0,1" hai="4,8,12,50,51,56,61,66,79,83,86,93,96,102" machi="102" ten="30,12000,2" yaku="1,1,2,1,7,1,8,1,52,1,53,1" doraHai="59" doraHaiUra="76" who="3" fromWho="1" sc="237,0,243,-120,243,0,267,130" /><INIT seed="2,0,0,2,3,94" ten="237,123,243,397" oya="2" hai0="114,61,33,96,100,2,101,82,68,128,106,4,117" hai1="39,88,36,28,79,0,66,49,116,7,5,32,44" hai2="131,133,127,65,91,43,9,104,80,1,75,35,12" hai3="58,95,132,37,81,119,14,125,13,77,60,26,34"/><V122/><F1/><W54/><G119/><T120/><D120/><U93/><E116/><V50/><F75/><W83/><G125/><T19/><D117/><U20/><E32/><V62/><F35/><W84/><G132/><T107/><D114/><U109/><E109/><V42/><F122/><W8/><G37/><T73/><D19/><U59/><E79/><V102/><F104/><W135/><G135/><T64/><D128/><U10/><E7/><V23/><F102/><W30/><G95/><T130/><D130/><U24/><E66/><V51/><F133/><W111/><G111/><T86/><D33/><U72/><E59/><V63/><F131/><W103/><G103/><T70/><D86/><U134/><E72/><V47/><F23/><W16/><G14/><T22/><D22/><U113/><E113/><V87/><F65/><W29/><G29/><T40/><D40/><U115/><E115/><V129/><F127/><W17/><G83/><T6/><D6/><AGARI ba="0,0" hai="6,8,13,16,17,26,30,34,54,58,60,77,81,84" machi="6" ten="30,2000,0" yaku="7,1,54,1" doraHai="94" who="3" fromWho="0" sc="237,-20,123,0,243,0,397,20" /><INIT seed="3,0,0,2,5,100" ten="217,123,243,417" oya="3" hai0="27,21,87,32,45,88,126,58,89,30,20,55,91" hai1="42,130,23,69,39,64,133,0,83,3,76,50,63" hai2="59,132,12,112,123,60,19,40,24,16,129,97,107" hai3="9,109,118,36,51,78,120,90,82,10,67,11,106"/><W46/><G118/><T25/><D126/><U81/><E81/><V124/><F40/><W13/><G120/><T66/><D66/><U37/><E133/><V6/><F6/><W26/><G36/><T52/><D45/><U135/><E135/><V101/><F124/><W108/><G106/><T77/><D32/><U79/><E79/><V128/><F112/><W31/><G67/><T80/><D58/><U17/><E130/><N who="2" m="50283" /><F123/><W4/><G90/><T93/><D93/><U121/><E121/><V72/><F72/><N who="3" m="43335" /><G26/><T104/><D104/><U43/><E39/><V22/><F132/><W113/><G31/><AGARI ba="0,0" hai="20,21,25,27,30,31,52,55,77,80,87,88,89,91" machi="31" ten="40,8000,1" yaku="9,1,8,1,54,2" doraHai="100" who="0" fromWho="3" sc="217,80,123,0,243,0,417,-80" owari="297,10.0,123,-38.0,243,-16.0,337,44.0" /></mjloggm>