<mjloggm ver="2.3"><GO type="97" lobby="0"/><UN n0="%E3%82%A6%E3%83%AB%E3%83%88%E3%83%A9%E7%AB%8B%E7%9B%B4" n1="%E3%83%A2%E3%83%81%E3%83%A2%E3%83%83%E3%83%81" n2="%E3%81%97%E3%82%87%E3%81%86%E3%81%AD%E3%82%93%E2%99%AA" n3="%28%2A%27%41%60%2A%29" dan="15,13,13,13" rate="1986.10,1822.91,1911.52,1955.77" sx="M,M,M,M"/><TAIKYOKU oya="0"/><INIT seed="0,0,0,2,2,96" ten="250,250,250,250" oya="0" hai0="71,22,113,115,77,98,89,17,125,105,25,11,67" hai1="110,103,18,75,72,82,93,119,46,116,50,129,101" hai2="0,91,122,111,2,132,78,31,94,28,60,1,30" hai3="58,121,15,83,61,5,63,38,42,88,3,24,108"/><T97/><D125/><U114/><E110/><V64/><F122/><W76/><G3/><T112/><D77/><U117/><E129/><V73/><F111/><W56/><G38/><T51/><D67/><U9/><E114/><V6/><F132/><W19/><G108/><T66/><D66/><U21/><E9/><V70/><F73/><W55/><G121/><T99/><D71/><U74/><E82/><V12/><F78/><W68/><G68/><T86/><D51/><U65/><E93/><V59/><F70/><W4/><G42/><T62/><D62/><U29/><E29/><V52/><F64/><W13/><G24/><T123/><D123/><U8/><E8/><V7/><REACH who="2" step="1"/><F12/><REACH who="2" ten="250,250,240,250" step="2"/><W48/><G76/><T14/><D105/><U45/><E65/><V26/><F26/><W126/><G126/><T120/><D120/><U54/><REACH who="1" step="1"/><E46/><REACH who="1" ten="250,240,240,250" step="2"/><V16/><F16/><W124/><G124/><T85/><REACH who="0" step="1"/><D89/><REACH who="0" ten="240,240,240,250" step="2"/><U40/><E40/><V57/><F57/><W43/><G43/><T100/><D100/><U104/><E104/><V130/><F130/><W47/><G58/><T128/><D128/><U79/><E79/><V95/><F95/><W32/><G56/><T84/><D84/><AGARI ba="0,3" hai="0,1,2,6,7,28,30,31,52,59,60,84,91,94" machi="84" ten="50,3200,0" yaku="1,1,54,1,53,0" doraHai="96" doraHaiUra="44" who="2" fromWho="0" sc="240,-32,240,0,240,62,250,0" /><INIT seed="1,0,0,5,2,68" ten="208,240,302,250" oya="1" hai0="22,88,39,86,96,121,38,107,128,44,46,118,74" hai1="27,119,102,32,103,4,37,8,11,34,43,71,10" hai2="47,106,13,49,92,52,51,25,35,84,91,108,31" hai3="33,21,79,9,111,122,76,17,54,63,93,55,72"/><U23/><E71/><V109/><F106/><W113/><G122/><T131/><D118/><U12/><E119/><V45/><REACH who="2" step="1"/><F13/><REACH who="2" ten="208,240,292,250" step="2"/><W70/><G113/><T24/><D121/><U99/><E34/><V75/><F75/><W135/><G33/><T82/><D74/><U2/><E32/><V15/><F15/><W129/><G72/><T126/><D126/><U124/><E124/><V56/><F56/><W61/><G70/><T41/><D107/><U80/><E12/><V18/><F18/><W65/><G129/><T36/><D96/><U59/><E59/><V94/><F94/><W42/><G93/><T6/><D6/><U14/><E14/><V132/><F132/><W85/><G135/><T127/><D127/><U117/><E4/><V64/><F64/><W98/><G98/><T28/><REACH who="0" step="1"/><D46/><REACH who="0" ten="198,240,292,250" step="2"/><U69/><E99/><V3/><F3/><W20/><G85/><T83/><D83/><U26/><E80/><V0/><F0/><W48/><G9/><T110/><D110/><U105/><E2/><V95/><F95/><W78/><G111/><T1/><D1/><U19/><E105/><V81/><F81/><W5/><G5/><T125/><D125/><U112/><E11/><V60/><F60/><W73/><G73/><T134/><D134/><U104/><E104/><V57/><F57/><W87/><G87/><T123/><D123/><U133/><E133/><V7/><F7/><W62/><G65/><T67/><D67/><U116/><E10/><V29/><F29/><W77/><N who="3" m="19968" /><DORA hai="100" /><W58/><G17/><T50/><AGARI ba="0,2" hai="22,24,28,36,38,39,41,44,50,82,86,88,128,131" machi="50" ten="40,12000,2" yaku="1,1,0,1,52,3,54,1,53,0" doraHai="68,100" doraHaiUra="30,89" who="0" fromWho="0" sc="198,140,240,-60,292,-30,250,-30" /><INIT seed="2,0,0,4,2,47" ten="338,180,262,220" oya="2" hai0="48,70,76,91,5,69,41,135,64,116,12,24,20" hai1="60,2,101,35,4,59,94,134,126,31,17,93,43" hai2="102,84,51,11,121,90,40,78,108,115,63,56,87" hai3="8,112,42,54,46,128,106,104,122,13,111,89,98"/><V80/><F115/><W6/><G122/><T14/><D70/><U97/><E126/><V119/><F121/><W49/><G112/><T120/><D69/><U62/><E134/><V107/><F119/><W7/><G128/><T23/><D64/><U55/><E43/><V44/><F108/><W95/><G111/><T50/><D41/><U33/><E31/><V82/><F11/><W21/><G7/><T16/><D76/><U27/><E4/><V26/><F26/><W18/><REACH who="3" step="1"/><G42/><REACH who="3" ten="338,180,262,210" step="2"/><T96/><D120/><U25/><E2/><AGARI ba="0,1" hai="2,6,8,13,18,21,46,49,54,89,95,98,104,106" machi="2" ten="30,7700,0" yaku="1,1,2,1,7,1,52,1,53,0" doraHai="47" doraHaiUra="37" who="3" fromWho="1" sc="338,0,180,-77,262,0,210,87" /><INIT seed="3,0,0,4,2,96" ten="338,103,262,297" oya="3" hai0="58,75,117,51,71,70,79,82,12,98,55,81,132" hai1="128,111,31,100,105,94,85,27,73,119,42,48,16" hai2="57,63,59,10,40,91,84,92,113,24,33,46,102" hai3="21,25,123,130,93,97,38,14,62,5,131,69,26"/><W129/><G38/><T28/><D117/><U8/><E111/><V66/><F113/><W36/><G36/><T124/><D124/><U107/><E128/><V80/><F10/><N who="3" m="4431" /><G123/><T17/><D132/><U1/><E119/><V67/><F33/><W116/><G116/><T6/><D6/><U110/><E73/><V52/><F24/><W135/><G135/><T121/><D121/><U65/><E110/><V112/><F112/><W19/><G26/><T122/><D122/><U39/><E39/><V74/><F59/><W54/><G54/><T56/><D28/><U108/><E108/><V87/><F74/><W23/><G23/><T32/><D32/><U120/><E120/><V115/><F115/><W34/><G34/><T77/><D98/><U101/><E65/><V133/><F133/><W72/><G72/><T88/><D77/><U106/><E1/><V125/><F125/><W86/><G86/><N who="0" m="50255" /><D70/><U2/><E2/><V47/><F40/><W76/><G76/><T7/><D7/><U60/><E60/><V0/><F0/><W95/><G97/><T103/><D71/><U114/><E114/><V104/><F104/><W41/><G41/><T90/><D58/><U78/><E78/><N who="2" m="46103" /><F102/><N who="1" m="39529" /><E94/><V44/><F67/><AGARI ba="0,0" hai="19,21,25,62,67,69,93,95,129,130,131" m="4431" machi="67" ten="30,1500,0" yaku="19,1" doraHai="96" who="3" fromWho="2" sc="338,0,103,0,262,-15,297,15" /><INIT seed="3,1,0,3,0,100" ten="338,103,247,312" oya="3" hai0="49,109,121,29,13,85,94,122,19,75,54,32,57" hai1="2,18,26,45,133,37,120,34,63,47,134,21,55" hai2="70,4,30,38,7,50,9,73,69,114,91,3,111" hai3="82,60,46,33,105,36,89,68,125,39,51,104,43"/><W129/><G33/><T48/><D75/><U53/><E120/><V25/><F38/><W128/><G39/><T78/><D109/><U98/><E2/><V6/><F111/><W8/><G8/><T107/><D107/><U11/><E34/><V62/><F114/><W61/><G61/><T27/><D49/><U5/><E37/><V118/><F118/><W127/><G36/><T130/><D130/><N who="3" m="50281" /><G82/><T52/><D54/><N who="1" m="20491" /><E63/><V83/><F50/><W124/><G89/><N who="0" m="53551" /><D78/><U96/><E96/><V97/><F73/><W72/><G72/><T58/><D58/><U92/><E11/><V79/><F79/><W93/><G93/><T44/><D44/><U108/><E5/><V76/><F76/><W65/><AGARI ba="1,0" hai="43,46,51,60,65,68,104,105,124,125,127" m="50281" machi="65" ten="40,12000,1" yaku="18,1,19,1,52,2" doraHai="100" who="3" fromWho="3" sc="338,-41,103,-41,247,-41,312,123" owari="297,10.0,62,-44.0,206,-19.0,435,53.0" /></mjloggm>