<mjloggm ver="2.3"><GO type="97" lobby="0"/><UN n0="%E3%81%BA%E3%82%8D%E3%81%A3%E3%81%B4%E3%83%BC%E3%81%82" n1="%E9%B3%B4%E3%81%8D%E3%81%AE%E7%AB%9C" n2="%E9%AD%94%E6%B3%95%E4%B8%AD%E5%B9%B4%E9%9B%B6%E5%BC%8F" n3="%E3%82%A6%E3%83%AB%E3%83%88%E3%83%A9%E7%AB%8B%E7%9B%B4" dan="13,14,14,15" rate="1832.56,1946.36,1946.83,1958.12" sx="M,M,M,M"/><TAIKYOKU oya="0"/><INIT seed="0,0,0,2,5,63" ten="250,250,250,250" oya="0" hai0="64,91,100,95,78,72,46,11,75,54,90,135,65" hai1="120,89,8,23,115,5,127,57,22,106,26,2,49" hai2="101,52,105,134,1,70,41,114,6,110,111,13,109" hai3="68,32,84,39,80,4,36,85,44,77,113,71,74"/><T79/><D135/><U28/><E120/><V129/><F114/><W128/><G32/><T38/><D75/><U9/><E127/><V76/><F134/><W119/><G119/><T29/><D29/><U87/><E115/><V42/><F129/><W103/><G113/><T51/><D38/><U66/><E106/><V30/><F1/><W131/><G4/><T33/><D33/><U99/><E9/><N who="2" m="4279" /><F70/><W16/><G103/><T82/><D78/><U37/><E37/><V12/><F76/><W125/><G125/><T21/><D100/><U27/><E99/><N who="2" m="61631" /><F30/><W43/><G36/><T88/><D11/><U94/><E49/><V98/><F98/><W25/><G71/><T40/><D40/><N who="2" m="15466" /><F12/><W45/><G45/><T58/><D95/><U15/><E57/><V0/><F0/><W55/><G55/><AGARI ba="0,0" hai="52,55,109,110,111" m="15466,61631,4279" machi="55" ten="40,2600,0" yaku="14,1,54,1" doraHai="63" who="2" fromWho="3" sc="250,0,250,0,250,26,250,-26" /><INIT seed="1,0,0,4,2,30" ten="250,250,276,224" oya="1" hai0="43,131,21,97,87,48,75,65,125,130,83,129,73" hai1="78,31,79,126,16,107,124,59,45,38,60,111,26" hai2="14,99,13,3,90,5,20,11,33,34,74,39,18" hai3="4,116,133,92,127,19,17,66,44,72,122,103,117"/><U108/><E107/><V118/><F39/><W114/><G72/><N who="0" m="27723" /><D65/><N who="1" m="39071" /><E45/><V32/><F74/><W110/><G122/><T46/><D125/><N who="1" m="48235" /><E38/><V41/><F41/><W88/><G133/><T105/><D21/><N who="1" m="13607" /><E31/><V23/><F118/><W104/><G114/><T106/><D97/><U47/><E47/><V67/><F67/><W89/><G66/><T85/><D85/><U101/><E101/><V2/><F99/><N who="3" m="59879" /><G104/><T77/><AGARI ba="0,0" hai="43,46,48,77,83,87,105,106,129,130,131" m="27723" machi="77" ten="40,1500,0" yaku="19,1" doraHai="30" who="0" fromWho="0" sc="250,15,250,-7,276,-4,224,-4" /><INIT seed="2,0,0,2,3,97" ten="265,243,272,220" oya="2" hai0="53,112,3,70,15,88,42,57,66,20,13,96,46" hai1="39,7,102,89,26,56,109,41,81,59,122,120,27" hai2="44,103,11,62,22,116,51,6,114,0,75,84,35" hai3="135,21,63,132,91,87,29,85,50,25,19,107,28"/><V113/><F75/><W40/><G107/><T65/><D3/><U68/><E68/><V9/><F35/><W99/><G99/><T45/><D70/><U23/><E109/><V76/><F116/><W37/><G37/><T36/><D112/><U71/><E71/><V52/><F11/><W115/><G63/><T90/><D90/><U77/><E7/><V69/><F103/><W108/><G108/><T72/><D45/><N who="1" m="23743" /><E89/><V124/><F124/><W73/><G73/><T134/><D72/><N who="1" m="43175" /><E102/><V67/><REACH who="2" step="1"/><F22/><REACH who="2" ten="265,243,262,220" step="2"/><W30/><G115/><T127/><D127/><U54/><E23/><V86/><F86/><W8/><G8/><T105/><D134/><U94/><E122/><V4/><F4/><W98/><G132/><T55/><D20/><U106/><E120/><V38/><F38/><W47/><G135/><T80/><D105/><U95/><E106/><V128/><F128/><W125/><G125/><T133/><D133/><U61/><E27/><V121/><F121/><W92/><AGARI ba="0,1" hai="19,21,25,28,29,30,40,47,50,85,87,91,92,98" machi="92" ten="30,2000,0" yaku="0,1,8,1" doraHai="97" who="3" fromWho="3" sc="265,-5,243,-5,262,-10,220,30" /><INIT seed="3,0,0,5,3,120" ten="260,238,252,250" oya="3" hai0="110,58,96,102,92,74,51,134,7,93,33,78,15" hai1="46,114,64,22,9,109,17,41,66,45,38,99,116" hai2="88,108,63,101,62,76,0,21,11,24,117,36,81" hai3="131,6,124,27,85,126,28,91,86,20,128,25,73"/><W87/><G73/><T48/><D33/><U94/><E114/><V23/><F36/><W135/><G6/><T2/><D134/><U42/><E116/><V54/><F117/><W26/><G91/><T98/><D2/><U112/><E112/><V12/><F101/><W13/><G135/><T49/><D74/><U125/><E9/><V1/><F108/><W31/><G13/><T8/><D78/><U89/><E125/><N who="3" m="48234" /><G20/><T75/><D110/><U119/><E119/><V95/><F21/><W115/><G115/><T107/><D75/><U60/><E60/><V90/><F0/><W68/><G68/><T3/><D3/><U69/><E69/><V30/><F1/><W5/><G5/><T118/><D118/><U127/><E127/><V129/><F129/><AGARI ba="0,0" hai="25,26,27,28,31,85,86,87,128,129,131" m="48234" machi="129" ten="40,12000,1" yaku="28,2,19,1,18,1" doraHai="120" who="3" fromWho="2" sc="260,0,238,0,252,-120,250,120" owari="260,6.0,238,-16.0,132,-37.0,370,47.0" /></mjloggm>