<mjloggm ver="2.3"><GO type="169" lobby="0"/><UN n0="%E3%82%A6%E3%83%AB%E3%83%88%E3%83%A9%E7%AB%8B%E7%9B%B4" n1="%E6%96%B0%E4%B8%96%E7%95%8C%E3%81%AE%E7%B4%99" n2="%E7%AB%B9%E7%94%B0%E8%AA%A0%E5%BF%97" n3="%E3%83%87%E3%82%B8%E3%82%BF%E3%83%AB%E4%BB%99%E4%BA%BA" dan="16,16,16,17" rate="2134.86,2121.93,2096.04,2154.50" sx="M,M,M,F"/><TAIKYOKU oya="0"/><INIT seed="0,0,0,5,1,1" ten="250,250,250,250" oya="0" hai0="64,20,57,101,130,104,46,24,91,108,97,54,13" hai1="107,76,135,87,122,16,71,3,23,17,12,70,99" hai2="52,96,28,37,32,49,93,62,59,117,106,111,72" hai3="43,22,40,133,89,77,80,6,114,7,73,2,19"/><T119/><D119/><U8/><E122/><V100/><F117/><W56/><G114/><T66/><D130/><U110/><E110/><V128/><F111/><W75/><G75/><T84/><D46/><U33/><E33/><V15/><F128/><W68/><G68/><T26/><D26/><U121/><E121/><V11/><F37/><W35/><G35/><T58/><D58/><U103/><E135/><V109/><F109/><W90/><G133/><T10/><D108/><U129/><E129/><V95/><F72/><W21/><G2/><T48/><D24/><U126/><E126/><V42/><F28/><W34/><G34/><T25/><D25/><U86/><E86/><V94/><F32/><W41/><G56/><T92/><REACH who="0" step="1"/><D20/><REACH who="0" ten="240,250,250,250" step="2"/><U124/><E124/><V14/><F42/><W81/><G22/><T118/><D118/><U134/><E134/><V5/><REACH who="2" step="1"/><F62/><REACH who="2" ten="240,250,240,250" step="2"/><W123/><G123/><T115/><D115/><U120/><E120/><V63/><F63/><W88/><REACH who="3" step="1"/><G81/><REACH who="3" ten="240,250,240,240" step="2"/><T9/><D9/><U102/><E8/><V113/><F113/><W50/><G50/><T30/><D30/><U85/><E70/><V38/><F38/><W45/><G45/><T36/><D36/><U27/><E71/><V65/><F65/><W69/><G69/><T127/><D127/><U4/><E27/><AGARI ba="0,3" hai="6,7,19,21,27,40,41,43,73,77,80,88,89,90" machi="27" ten="40,8000,1" yaku="1,1,52,2,54,1,53,0" doraHai="1" doraHaiUra="60" who="3" fromWho="1" sc="240,0,250,-80,240,0,240,110" /><INIT seed="1,0,0,4,4,113" ten="240,170,240,350" oya="1" hai0="37,77,53,27,40,88,121,66,72,91,128,94,17" hai1="34,13,18,87,50,105,22,25,104,73,61,118,64" hai2="26,126,75,4,119,14,97,96,63,51,122,130,1" hai3="131,106,69,108,107,70,49,112,95,100,55,42,116"/><U28/><E73/><V46/><F122/><W65/><G112/><T68/><D77/><U24/><E118/><V58/><F75/><W127/><G42/><T76/><D76/><U81/><E50/><V30/><F1/><W6/><G6/><T117/><D72/><U19/><E105/><V21/><F130/><W2/><G2/><T103/><D103/><U56/><E104/><V101/><F126/><W93/><G131/><T85/><D66/><U132/><E132/><V98/><F119/><W5/><G5/><T86/><D68/><U120/><E120/><V31/><F31/><W123/><G123/><T48/><D128/><U9/><E25/><V99/><F14/><W3/><G3/><T60/><D37/><U36/><E36/><V39/><F4/><W92/><G116/><T32/><D32/><U124/><E124/><V44/><F39/><W33/><G33/><T15/><D117/><U90/><REACH who="1" step="1"/><E34/><REACH who="1" ten="240,160,240,350" step="2"/><V45/><F51/><W125/><G107/><T83/><D27/><U0/><E0/><V12/><F101/><W135/><G100/><T11/><D121/><U102/><E102/><V23/><F26/><W110/><G125/><T43/><D60/><U8/><E8/><V29/><F63/><W82/><G127/><T129/><D129/><U41/><E41/><V115/><F12/><W114/><G106/><T52/><D48/><U74/><E74/><V57/><F21/><W109/><G49/><T80/><D43/><U47/><E47/><V89/><F23/><W59/><G135/><T7/><D40/><U111/><E111/><V16/><F115/><RYUUKYOKU ba="0,1" sc="240,-10,160,30,240,-10,350,-10" hai1="9,13,18,19,22,24,28,56,61,64,81,87,90" /><INIT seed="1,1,1,2,1,8" ten="230,190,230,340" oya="1" hai0="65,24,52,63,18,127,73,20,77,39,107,111,72" hai1="53,102,16,44,41,134,132,57,37,48,28,14,81" hai2="126,114,69,88,12,82,97,128,118,27,109,95,120" hai3="59,51,106,35,116,19,25,15,123,89,62,6,125"/><U55/><E28/><V50/><F69/><W61/><G123/><T92/><D107/><U83/><E102/><V43/><F120/><W0/><G116/><T99/><D39/><U46/><E81/><V68/><F68/><W1/><G106/><T122/><D122/><U71/><E83/><V113/><F118/><W86/><G125/><T115/><D115/><N who="2" m="44042" /><F109/><W93/><G1/><T100/><D111/><U129/><E71/><V67/><F128/><W110/><G110/><T2/><D2/><U117/><E129/><V4/><F67/><W75/><G75/><T121/><D121/><U60/><REACH who="1" step="1"/><E117/><REACH who="1" ten="230,180,230,340" step="2"/><V31/><F126/><W36/><G35/><T74/><D127/><U58/><E58/><V105/><F82/><W7/><G59/><T66/><D77/><U91/><E91/><V45/><F105/><W22/><G89/><T47/><D73/><U84/><E84/><V101/><F101/><W26/><G86/><T70/><D74/><U90/><E90/><V17/><F31/><W11/><G93/><T5/><D72/><U13/><E13/><V133/><F12/><W30/><G30/><T56/><D70/><U23/><AGARI ba="1,2" hai="14,16,23,37,41,44,46,48,53,55,57,60,132,134" machi="23" ten="30,11700,0" yaku="1,1,0,1,52,1,54,1,53,0" doraHai="8" doraHaiUra="98" who="1" fromWho="1" sc="230,-40,180,140,230,-40,340,-40" /><INIT seed="1,2,0,1,5,38" ten="190,320,190,300" oya="1" hai0="119,22,109,44,63,128,99,108,43,47,61,29,5" hai1="127,105,123,107,114,81,2,35,98,78,118,133,93" hai2="74,115,124,10,89,37,14,130,80,83,91,77,27" hai3="117,132,58,7,97,25,26,121,100,42,11,86,87"/><U116/><E2/><V76/><F130/><W0/><G121/><T45/><D5/><U50/><E35/><V126/><F115/><W62/><G132/><T66/><D99/><U84/><E50/><V16/><F37/><W129/><G117/><N who="1" m="45162" /><E114/><V57/><F27/><W18/><G129/><T82/><D82/><N who="1" m="47191" /><E123/><V88/><REACH who="2" step="1"/><F57/><REACH who="2" ten="190,320,180,300" step="2"/><W24/><G24/><T3/><D128/><U19/><E133/><V106/><F106/><W131/><G25/><T33/><D119/><U17/><E107/><V60/><F60/><W30/><G131/><T122/><D63/><U65/><E105/><V102/><F102/><W111/><G62/><T101/><D101/><U34/><E34/><V120/><F120/><W125/><G58/><T103/><D33/><U95/><E127/><V135/><F135/><W72/><G125/><T15/><D103/><U79/><E95/><V59/><F59/><W6/><G100/><T9/><D122/><U46/><E93/><V104/><F104/><W13/><G26/><T134/><D134/><U69/><E69/><V96/><F96/><W8/><G30/><T67/><D29/><U49/><E98/><V110/><F110/><W48/><G111/><T90/><D108/><U71/><E71/><V4/><F4/><N who="3" m="1415" /><G97/><T40/><D109/><U39/><E39/><V23/><F23/><W36/><G36/><T51/><D61/><U55/><E65/><V85/><AGARI ba="2,1" hai="10,14,16,74,76,77,80,83,85,88,89,91,124,126" machi="85" ten="30,7900,0" yaku="1,1,0,1,54,2,53,0" doraHai="38" doraHaiUra="94" who="2" fromWho="2" sc="190,-22,320,-41,180,95,300,-22" /><INIT seed="2,0,0,4,1,66" ten="168,279,275,278" oya="2" hai0="117,68,29,18,105,19,129,10,57,4,9,70,30" hai1="1,51,74,34,46,99,50,53,45,38,135,41,49" hai2="54,101,109,31,25,104,52,78,123,7,77,133,17" hai3="100,95,2,11,80,55,23,124,111,85,89,20,58"/><V88/><F123/><W130/><G111/><T112/><D57/><N who="1" m="32943" /><E1/><V36/><F36/><W103/><G130/><T48/><D48/><U92/><E34/><V96/><F109/><W84/><G124/><T115/><D4/><U37/><E74/><V126/><F126/><W63/><G11/><T76/><D76/><U87/><E87/><V102/><F133/><W43/><G2/><T114/><D105/><U21/><E21/><N who="2" m="15791" /><F7/><W72/><G72/><T42/><D42/><N who="1" m="24919" /><E92/><N who="2" m="56327" /><F17/><N who="0" m="6154" /><D129/><U125/><E99/><V60/><F104/><W82/><G43/><T131/><D131/><U98/><E98/><V3/><F3/><W15/><G95/><T110/><D110/><U128/><E128/><V69/><F69/><N who="0" m="26730" /><D117/><U0/><E0/><V122/><F122/><W71/><G71/><T26/><D26/><U59/><E125/><V33/><F33/><W24/><G24/><T8/><AGARI ba="0,0" hai="8,9,10,29,30,112,114,115" m="26730,6154" machi="8" ten="40,8000,1" yaku="28,2,52,3" doraHai="66" who="0" fromWho="0" sc="168,80,279,-20,275,-40,278,-20" /><INIT seed="3,0,0,3,5,70" ten="248,259,235,258" oya="3" hai0="68,107,65,131,71,108,52,100,127,91,20,36,8" hai1="77,117,118,75,67,41,31,13,60,88,5,94,96" hai2="32,83,113,101,39,22,25,106,51,18,73,0,1" hai3="34,55,44,84,128,119,79,24,97,133,14,6,130"/><W126/><G119/><N who="1" m="45578" /><E31/><V104/><F113/><W61/><G126/><T10/><D100/><U30/><E30/><V53/><F32/><W46/><G133/><T102/><D102/><U23/><E41/><V57/><F39/><W111/><G24/><T64/><D107/><U105/><E105/><V78/><REACH who="2" step="1"/><F104/><REACH who="2" ten="248,259,225,258" step="2"/><W86/><G34/><T89/><D36/><U103/><E75/><V69/><F69/><W132/><G132/><T38/><D38/><U56/><E77/><V35/><F35/><W125/><G125/><T21/><D127/><U85/><E5/><V4/><F4/><W43/><G6/><T47/><D68/><U37/><E37/><V99/><AGARI ba="0,1" hai="0,1,18,22,25,51,53,57,73,78,83,99,101,106" machi="99" ten="30,2000,0" yaku="1,1,0,1,53,0" doraHai="70" doraHaiUra="129" who="2" fromWho="2" sc="248,-5,259,-5,225,30,258,-10" /><INIT seed="4,0,0,0,2,110" ten="243,254,255,248" oya="0" hai0="131,109,69,76,33,13,112,111,18,16,126,133,122" hai1="31,50,55,98,30,11,61,72,95,86,46,94,47" hai2="12,115,119,34,24,10,100,118,15,113,120,70,37" hai3="3,88,1,0,74,93,42,27,44,87,23,121,99"/><T51/><D69/><U135/><E72/><V35/><F120/><W103/><G74/><T117/><D117/><N who="2" m="44554" /><F70/><W71/><G71/><T81/><D33/><N who="2" m="12298" /><F37/><W40/><G121/><T63/><D126/><U6/><E135/><V83/><F100/><W123/><G44/><T5/><D131/><U21/><E61/><V45/><F45/><W67/><G67/><T104/><D104/><U14/><E47/><V2/><F24/><W19/><REACH who="3" step="1"/><G123/><REACH who="3" ten="243,254,255,238" step="2"/><T108/><D122/><U64/><E64/><V52/><F2/><W8/><G8/><N who="0" m="4239" /><D133/><U60/><E11/><V107/><F10/><W124/><G124/><T82/><D76/><U114/><E46/><V66/><F66/><W127/><G127/><T48/><D108/><U92/><E55/><V28/><F52/><W84/><G84/><T58/><D111/><U90/><E86/><V106/><F106/><AGARI ba="0,1" hai="0,1,3,19,23,27,40,42,87,88,93,99,103,106" machi="106" ten="40,2600,0" yaku="1,1,54,1,53,0" doraHai="110" doraHaiUra="4" who="3" fromWho="2" sc="243,0,254,0,255,-26,238,36" /><INIT seed="5,0,0,1,0,96" ten="243,254,229,274" oya="1" hai0="114,21,19,6,133,88,64,14,87,55,128,59,37" hai1="108,25,54,135,28,105,99,90,77,9,49,51,122" hai2="60,79,126,58,26,71,118,52,116,36,44,72,106" hai3="68,41,5,66,13,48,85,119,33,121,83,3,113"/><U42/><E122/><V134/><F106/><W0/><G121/><T132/><D37/><U24/><E135/><N who="0" m="51785" /><D114/><U46/><E108/><V38/><F134/><W7/><G33/><T131/><D64/><U34/><E77/><V94/><F94/><W120/><G113/><T8/><D55/><U27/><E9/><V127/><F72/><W112/><G120/><T86/><D59/><U61/><E61/><N who="2" m="36039" /><F26/><W12/><G112/><T103/><D103/><U124/><E124/><N who="2" m="47659" /><F79/><W93/><G93/><N who="0" m="54423" /><D87/><U101/><REACH who="1" step="1"/><E90/><REACH who="1" ten="243,244,229,274" step="2"/><V73/><F73/><W111/><G111/><T62/><D62/><U67/><E67/><N who="2" m="41447" /><F36/><W53/><G66/><T123/><D123/><U130/><E130/><V69/><F69/><W129/><G129/><T84/><D84/><U29/><E29/><V50/><F38/><W95/><G85/><T39/><D39/><U81/><E81/><V70/><F70/><W31/><G83/><T23/><D131/><U92/><E92/><V89/><F89/><W20/><G95/><T65/><D128/><U107/><E107/><V76/><F76/><W56/><G68/><T82/><D82/><U63/><E63/><V32/><F32/><W17/><G31/><T2/><D65/><U102/><E102/><V109/><F109/><W115/><G115/><T57/><D23/><U100/><E100/><V1/><F1/><W18/><G0/><T45/><D21/><U4/><E4/><V117/><F117/><W40/><G119/><T78/><D6/><N who="3" m="2057" /><G3/><T15/><D2/><U91/><E91/><V10/><F10/><AGARI ba="0,1" hai="10,12,13,17,18,20,40,41,48,53,56" m="2057" machi="10" ten="30,1000,0" yaku="8,1" doraHai="96" who="3" fromWho="2" sc="243,0,244,0,229,-10,274,20" /><INIT seed="6,0,0,4,3,21" ten="243,244,219,294" oya="2" hai0="13,4,116,122,22,16,14,52,36,5,126,90,60" hai1="125,37,84,41,121,43,25,3,117,27,110,118,59" hai2="70,79,53,10,15,8,61,80,109,119,18,105,108" hai3="132,102,47,97,123,66,131,55,11,45,57,50,83"/><V73/><F119/><W62/><G123/><T24/><D36/><U120/><E110/><N who="2" m="42603" /><F105/><W38/><G132/><T1/><D122/><N who="1" m="47211" /><E125/><V115/><F115/><W100/><G131/><T9/><D126/><U51/><E3/><V26/><F26/><N who="1" m="9737" /><E37/><V33/><F33/><W69/><G45/><T91/><D116/><N who="1" m="44651" /><E84/><V68/><F8/><W39/><G11/><N who="0" m="4335" /><D1/><U64/><E51/><V48/><F61/><AGARI ba="0,0" hai="41,43,59,61,64" m="44651,9737,47211" machi="61" ten="40,8000,1" yaku="13,1,52,3" doraHai="21" who="1" fromWho="2" sc="243,0,244,80,219,-80,294,0" /><INIT seed="7,0,0,0,5,127" ten="243,324,139,294" oya="3" hai0="117,57,133,125,3,89,99,24,95,87,60,126,44" hai1="28,94,119,122,10,96,82,62,116,112,83,123,65" hai2="114,8,128,26,16,69,71,67,79,52,33,1,50" hai3="43,12,15,103,77,97,132,70,135,30,37,121,35"/><W40/><G121/><N who="1" m="46090" /><E28/><V107/><F107/><W5/><G70/><T18/><D3/><U93/><E10/><V63/><F114/><W98/><G77/><T111/><D111/><U66/><E94/><V86/><F71/><W84/><G84/><T90/><D117/><N who="1" m="45131" /><E66/><V120/><F120/><W106/><G98/><T19/><D133/><N who="3" m="51273" /><G37/><T53/><D44/><U105/><E105/><V130/><F79/><W51/><G51/><T48/><D48/><U6/><E6/><N who="2" m="1103" /><F86/><W72/><G72/><T101/><D101/><N who="1" m="60559" /><E112/><V38/><F38/><W27/><G5/><T85/><D85/><U91/><E91/><V100/><F100/><W32/><G32/><T80/><D19/><U23/><E23/><AGARI ba="0,0" hai="18,23,24,53,57,60,80,87,89,90,95,99,125,126" machi="23" ten="40,2600,0" yaku="25,2" doraHai="127" who="0" fromWho="1" sc="243,26,324,-26,139,0,294,0" /><INIT seed="8,0,0,5,1,35" ten="269,298,139,294" oya="0" hai0="105,86,123,19,31,120,53,94,114,90,26,38,40" hai1="48,27,84,83,131,118,125,8,46,67,12,102,111" hai2="20,88,135,121,97,58,116,21,24,73,59,51,75" hai3="99,100,57,126,15,33,69,56,50,61,78,91,42"/><T77/><D114/><U112/><E111/><V62/><F121/><W106/><G33/><T132/><D105/><U109/><E109/><V14/><F135/><W85/><G126/><T107/><D107/><U127/><E118/><V34/><F116/><W4/><G78/><T9/><D132/><U1/><E1/><V7/><F34/><W129/><G129/><T71/><D71/><U43/><E131/><V29/><F51/><W119/><G119/><T70/><D70/><U0/><E0/><V5/><F73/><W36/><G36/><T68/><D68/><U44/><E67/><V122/><F75/><W39/><G39/><T64/><D64/><U113/><E102/><V95/><F122/><W96/><G69/><T41/><D77/><N who="1" m="46191" /><E27/><V2/><F2/><W82/><G100/><T134/><D134/><U23/><E23/><V63/><F63/><W6/><G106/><T79/><D79/><U16/><E46/><V55/><REACH who="2" step="1"/><F59/><REACH who="2" ten="269,298,129,294" step="2"/><W18/><G57/><T45/><D123/><U60/><E60/><V10/><F10/><N who="3" m="6519" /><G61/><T108/><D120/><U133/><E133/><V117/><F117/><W92/><G56/><T124/><D108/><U81/><E113/><V3/><F3/><W49/><G49/><N who="0" m="28847" /><D38/><U11/><E112/><V72/><F72/><W76/><G50/><T101/><D9/><N who="1" m="6159" /><E127/><V98/><F98/><N who="3" m="57631" /><G42/><T66/><D124/><U103/><E125/><V89/><F89/><W22/><G22/><N who="0" m="15831" /><D101/><U87/><E103/><V25/><F25/><W32/><G32/><T93/><D41/><U115/><E115/><V65/><F65/><W17/><G96/><RYUUKYOKU ba="0,1" sc="269,-15,298,15,129,15,294,-15" hai1="8,11,43,44,48,81,87" hai2="5,7,14,20,21,24,29,55,58,62,88,95,97" owari="254,-15.0,323,43.0,144,-36.0,279,8.0" /></mjloggm>