<mjloggm ver="2.3"><GO type="169" lobby="0"/><UN n0="%73%61%63%68%69%6F" n1="%E3%81%8A%E3%81%98%E3%81%8A" n2="%E8%A6%8B%E5%B4%8E%E9%B3%B4%E3%81%A1%E3%82%83%E3%82%93%EF%BC%81" n3="%E3%82%A6%E3%83%AB%E3%83%88%E3%83%A9%E7%AB%8B%E7%9B%B4" dan="16,17,17,16" rate="2153.66,2148.34,2170.62,2111.33" sx="M,M,M,M"/><TAIKYOKU oya="0"/><INIT seed="0,0,0,5,0,119" ten="250,250,250,250" oya="0" hai0="98,134,131,1,130,115,28,24,122,22,65,62,8" hai1="84,6,89,30,133,57,54,36,59,83,52,91,44" hai2="21,93,99,67,4,108,81,60,106,100,103,107,86" hai3="5,114,18,132,72,111,95,50,33,66,42,46,14"/><T56/><D115/><U15/><E133/><V104/><F4/><W23/><G33/><T88/><D134/><U11/><E30/><V3/><F3/><W12/><G72/><T63/><D63/><U68/><E68/><V31/><F108/><W17/><G132/><T13/><D1/><U38/><E44/><V121/><F103/><W47/><G111/><T94/><REACH who="0" step="1"/><D122/><REACH who="0" ten="240,250,250,250" step="2"/><U92/><E59/><V16/><F121/><W2/><G114/><T123/><D123/><U48/><REACH who="1" step="1"/><E54/><REACH who="1" ten="240,240,250,250" step="2"/><V127/><F67/><W74/><G66/><T26/><D26/><U96/><AGARI ba="0,2" hai="6,11,15,36,38,48,52,57,83,84,89,91,92,96" machi="96" ten="20,8000,1" yaku="1,1,2,1,0,1,7,1,54,1,53,0" doraHai="119" doraHaiUra="34" who="1" fromWho="1" sc="240,-40,240,100,250,-20,250,-20" /><INIT seed="1,0,0,3,3,70" ten="200,340,230,230" oya="1" hai0="58,39,36,1,121,37,103,18,91,92,120,82,19" hai1="69,29,118,80,116,108,110,33,40,17,11,119,13" hai2="95,106,3,60,130,102,131,77,124,93,111,85,72" hai3="10,75,66,44,105,135,87,128,129,68,78,7,43"/><U125/><E69/><V48/><F3/><W59/><G105/><T62/><D1/><U34/><E40/><V117/><F60/><W23/><G23/><T24/><D103/><U109/><E80/><N who="2" m="45095" /><F48/><W20/><G20/><T26/><D82/><U63/><E63/><V8/><F8/><W134/><G87/><N who="0" m="52351" /><D18/><U100/><E100/><V21/><F21/><W112/><G59/><T79/><D19/><U54/><E54/><V132/><F117/><W104/><G104/><T16/><D16/><U90/><E90/><N who="2" m="53455" /><F111/><W57/><G57/><T35/><D79/><U46/><E46/><V49/><F49/><W2/><G66/><N who="0" m="39255" /><D35/><N who="1" m="13323" /><E125/><V113/><F113/><W52/><G52/><T15/><D15/><U22/><E29/><V64/><F64/><W94/><G112/><T47/><D47/><U12/><E11/><V84/><F124/><W41/><G41/><T115/><D115/><U61/><E61/><V55/><F55/><W32/><G68/><T67/><D67/><U97/><E97/><N who="2" m="61775" /><F84/><W9/><G44/><T101/><D101/><U53/><E53/><V50/><F50/><W107/><G43/><T81/><D81/><U74/><E74/><V45/><F45/><W25/><G75/><T4/><D4/><U99/><E99/><V89/><F89/><W123/><G7/><T86/><D86/><U127/><E127/><V5/><F95/><W0/><G107/><T88/><D88/><U96/><E96/><V56/><F5/><W14/><G94/><T126/><D126/><U71/><E71/><V73/><F73/><W65/><G65/><T76/><D76/><RYUUKYOKU ba="0,0" sc="200,15,340,15,230,-15,230,-15" hai0="24,26,36,37,39,120,121" hai1="12,13,17,22,108,109,110,116,118,119" /><INIT seed="1,1,0,1,0,88" ten="215,355,215,215" oya="1" hai0="57,13,101,23,71,94,85,115,65,40,49,16,14" hai1="39,123,82,36,17,3,67,97,91,133,58,54,15" hai2="120,25,106,116,113,1,77,7,130,47,37,18,98" hai3="42,83,55,111,62,89,96,34,92,124,52,122,41"/><U90/><E3/><V31/><F116/><W86/><G34/><T2/><D2/><U73/><E123/><V128/><F120/><W66/><G122/><T0/><D0/><U27/><E67/><V132/><F132/><W93/><G111/><T26/><D115/><U64/><E64/><V109/><F109/><W12/><G124/><T76/><D71/><U72/><E27/><V75/><F113/><W21/><G41/><T9/><D13/><U110/><E133/><V100/><F18/><N who="3" m="10439" /><G42/><T4/><D65/><U74/><E110/><V79/><F47/><W107/><G107/><T51/><D57/><U135/><E135/><V19/><F19/><W121/><G121/><T117/><D117/><U81/><E36/><V63/><F63/><W53/><G96/><N who="0" m="59543" /><D40/><U32/><E32/><N who="2" m="20591" /><F37/><W69/><G69/><T95/><D76/><U59/><E39/><V61/><F61/><W119/><G119/><T99/><D85/><U129/><E72/><V104/><F106/><W38/><G38/><T50/><D49/><U48/><E74/><V78/><F75/><W114/><G114/><T60/><D60/><U131/><E73/><V127/><F127/><W20/><G66/><T24/><D24/><U6/><E48/><V80/><F1/><W44/><G62/><T103/><AGARI ba="1,0" hai="4,9,14,16,23,26,50,51,95,99,103" m="59543" machi="103" ten="30,7900,0" yaku="8,1,52,2,54,1" doraHai="88" who="0" fromWho="0" sc="215,82,355,-40,215,-21,215,-21" /><INIT seed="2,0,0,4,2,101" ten="297,315,194,194" oya="2" hai0="98,124,122,42,80,87,18,125,105,134,84,121,26" hai1="16,27,58,110,95,54,52,116,61,89,104,28,5" hai2="43,33,49,93,40,66,13,133,69,32,3,106,79" hai3="119,115,60,21,113,59,78,15,31,85,37,17,118"/><V46/><F3/><W112/><G37/><T6/><D6/><U65/><E116/><V68/><F133/><W55/><G31/><T91/><D42/><U73/><E73/><V90/><F79/><W36/><G36/><T23/><D134/><U30/><E104/><V120/><F120/><W44/><G44/><T114/><D114/><U82/><E82/><AGARI ba="0,0" hai="15,17,21,55,59,60,78,82,85,112,113,115,118,119" machi="82" ten="40,1300,0" yaku="11,1" doraHai="101" who="3" fromWho="1" sc="297,0,315,-13,194,0,194,13" /><INIT seed="3,0,0,4,4,38" ten="297,302,194,207" oya="3" hai0="77,73,112,132,52,25,39,8,17,129,126,88,91" hai1="92,99,54,116,19,56,36,47,18,78,134,90,5" hai2="115,66,22,12,96,79,28,16,70,120,10,101,97" hai3="80,75,74,76,114,127,64,58,131,68,62,42,20"/><W35/><G35/><T7/><D132/><U65/><E134/><V27/><F115/><W130/><G114/><T111/><D111/><U32/><E32/><V110/><F110/><W106/><G106/><T45/><D112/><U125/><E125/><V128/><F128/><N who="3" m="49195" /><G127/><T104/><D104/><U24/><E5/><V86/><F120/><W135/><G135/><T2/><D126/><U46/><E78/><V100/><F70/><W55/><G20/><T85/><D129/><U95/><E65/><V9/><F66/><W103/><G103/><N who="2" m="39497" /><F10/><W60/><G42/><N who="0" m="22751" /><D85/><AGARI ba="0,0" hai="55,58,60,62,64,68,74,75,76,80,85" m="49195" machi="85" ten="30,1500,0" yaku="19,1" doraHai="38" who="3" fromWho="0" sc="297,-15,302,0,194,0,207,15" /><INIT seed="3,1,0,4,3,1" ten="282,302,194,222" oya="3" hai0="68,65,94,132,104,50,2,48,116,98,126,36,30" hai1="46,38,130,59,5,93,97,92,114,115,51,16,10" hai2="40,112,42,101,64,71,120,60,121,133,75,70,69" hai3="87,105,58,86,79,54,122,18,3,135,108,20,4"/><W41/><G105/><T62/><D116/><U31/><E31/><V12/><F75/><W96/><G122/><N who="2" m="47209" /><F101/><W39/><G135/><T66/><D66/><U11/><E130/><V128/><F12/><W80/><G108/><T74/><D74/><U78/><E78/><V106/><F106/><W43/><G96/><T91/><D36/><U63/><E38/><V134/><F112/><W83/><G39/><T23/><D2/><U25/><E92/><V82/><F82/><W35/><G35/><T22/><D132/><N who="2" m="50794" /><F128/><W118/><G118/><T26/><D126/><U110/><E110/><V61/><F61/><N who="3" m="36055" /><G3/><T14/><D104/><U95/><E93/><V102/><F102/><W67/><G67/><T99/><D99/><U90/><E95/><V9/><F9/><W109/><G109/><T37/><D37/><U19/><E11/><V113/><F113/><W29/><G29/><T107/><D107/><U131/><E10/><V76/><F76/><N who="3" m="46343" /><G4/><T49/><REACH who="0" step="1"/><D14/><AGARI ba="1,0" hai="14,18,20,41,43,79,83,87" m="46343,36055" machi="14" ten="30,1500,0" yaku="8,1" doraHai="1" who="3" fromWho="0" sc="282,-18,302,0,194,0,222,18" /><INIT seed="3,2,0,1,1,52" ten="264,302,194,240" oya="3" hai0="20,107,4,58,24,91,122,70,31,17,46,89,39" hai1="27,109,96,116,130,47,6,45,19,44,61,50,67" hai2="3,71,98,133,95,55,76,2,59,94,54,9,97" hai3="117,21,129,69,14,33,28,10,100,123,127,56,125"/><W48/><G69/><T86/><D122/><U79/><E109/><V66/><F133/><W111/><G123/><T8/><D70/><U73/><E6/><V113/><F113/><W106/><G117/><T0/><D107/><U65/><E130/><V118/><F118/><W74/><G74/><T112/><D112/><U103/><E116/><V80/><F71/><W68/><G68/><T72/><D72/><U12/><E27/><V77/><F9/><W16/><G33/><T23/><D46/><U36/><E36/><V41/><F41/><W75/><G75/><T87/><D39/><U114/><E114/><V34/><F34/><W121/><G121/><T53/><D86/><U78/><E50/><V99/><F80/><W43/><G129/><T26/><REACH who="0" step="1"/><D87/><REACH who="0" ten="254,302,194,240" step="2"/><U110/><E73/><V84/><F84/><W35/><G111/><T57/><D57/><U38/><E38/><V101/><F59/><W49/><G106/><T132/><D132/><U5/><E110/><V1/><F101/><W115/><G115/><T64/><D64/><U63/><E67/><V15/><F66/><W32/><G125/><T88/><D88/><U126/><E65/><V102/><F102/><W119/><G127/><T131/><D131/><U124/><E103/><V62/><F77/><W18/><G119/><T51/><AGARI ba="2,1" hai="0,4,8,17,20,23,24,26,31,51,53,58,89,91" machi="51" ten="20,5200,0" yaku="1,1,0,1,7,1,52,1,53,0" doraHai="52" doraHaiUra="40" who="0" fromWho="0" sc="254,68,302,-15,194,-15,240,-28" /><INIT seed="4,0,0,2,4,7" ten="322,287,179,212" oya="0" hai0="104,110,107,40,62,52,67,71,112,23,55,56,106" hai1="36,21,12,51,79,88,130,61,8,31,41,42,37" hai2="4,111,132,26,91,118,50,30,5,13,58,125,123" hai3="98,74,89,69,94,15,113,122,60,27,70,129,57"/><T44/><D112/><U90/><E79/><V11/><F111/><W134/><G74/><T82/><D110/><U68/><E37/><V18/><F123/><W1/><G1/><T133/><D133/><U83/><E36/><V46/><F132/><W119/><G119/><T99/><D82/><U117/><E130/><V103/><F118/><W126/><G126/><T66/><D66/><U96/><E68/><V135/><F135/><W28/><G129/><T87/><D87/><U19/><E61/><V92/><F125/><W2/><G2/><T43/><D43/><U35/><E35/><V38/><F58/><W102/><G113/><T14/><D99/><U105/><E105/><V109/><F103/><W49/><G122/><T53/><D71/><U65/><E65/><V22/><F38/><W86/><G49/><T3/><D3/><U32/><E32/><V124/><F124/><W131/><G15/><T108/><D108/><U114/><E51/><V10/><F10/><W76/><G76/><T97/><D97/><U75/><E75/><V34/><F34/><W80/><G131/><T17/><REACH who="0" step="1"/><D107/><REACH who="0" ten="312,287,179,212" step="2"/><U59/><E42/><N who="2" m="24919" /><F109/><W85/><G134/><T20/><D20/><U120/><E41/><V84/><AGARI ba="0,1" hai="4,5,11,13,18,22,26,30,84,91,92" m="24919" machi="84" ten="30,2000,0" yaku="8,1,52,1" doraHai="7" who="2" fromWho="2" sc="312,-10,287,-5,179,30,212,-5" /><INIT seed="5,0,0,0,5,48" ten="302,282,209,207" oya="1" hai0="61,86,130,87,25,74,55,80,69,115,36,44,79" hai1="128,67,34,72,93,101,78,103,29,14,105,131,116" hai2="112,58,62,57,119,6,20,71,66,91,23,111,132" hai3="109,117,18,127,39,77,94,84,31,0,28,15,95"/><U32/><E116/><V26/><F119/><W10/><G117/><T65/><D115/><U114/><E114/><V90/><F112/><W3/><G39/><T120/><D130/><U100/><E105/><V121/><F111/><W5/><G109/><T135/><D135/><U11/><E67/><V2/><F121/><W96/><G127/><T53/><D120/><U46/><E93/><V122/><F122/><W110/><G3/><T98/><D98/><U22/><E72/><V133/><F2/><W97/><G110/><T113/><D25/><N who="1" m="16567" /><E78/><V42/><F6/><W43/><G43/><T85/><D113/><U27/><E27/><V106/><F42/><W37/><G37/><T51/><REACH who="0" step="1"/><D36/><REACH who="0" ten="292,282,209,207" step="2"/><U126/><E131/><V70/><F26/><W99/><G99/><T56/><D56/><U38/><E38/><V54/><F71/><W8/><G97/><T124/><D124/><U19/><E128/><V13/><F70/><W7/><G96/><T68/><D68/><U16/><E126/><V9/><F106/><W63/><G31/><T41/><AGARI ba="0,1" hai="41,44,51,53,55,61,65,69,74,79,80,85,86,87" machi="41" ten="30,12000,2" yaku="1,1,0,1,52,2,53,3" doraHai="48" doraHaiUra="82" who="0" fromWho="0" sc="292,130,282,-60,209,-30,207,-30" /><INIT seed="6,0,0,5,2,5" ten="422,222,179,177" oya="2" hai0="121,43,116,65,34,15,122,98,102,22,37,131,117" hai1="51,103,74,27,84,80,38,29,69,49,114,110,99" hai2="125,7,96,113,118,95,21,85,57,17,68,30,132" hai3="26,87,97,86,91,11,71,36,12,20,128,54,32"/><V127/><F118/><N who="0" m="45674" /><D34/><U73/><E69/><V115/><F68/><W33/><G36/><T134/><D65/><U1/><E38/><V35/><F132/><W44/><G71/><T61/><D61/><U9/><E51/><V79/><F7/><N who="3" m="3199" /><G33/><T93/><D134/><U0/><E49/><V47/><F47/><W40/><G40/><T55/><D55/><U50/><E50/><V42/><F42/><W75/><G75/><T8/><D22/><U70/><E70/><V28/><F57/><W18/><G32/><T108/><D108/><U77/><E110/><V53/><F53/><W124/><G124/><N who="2" m="47689" /><F35/><W62/><G128/><T4/><D131/><U10/><E114/><N who="2" m="43531" /><F79/><W59/><G44/><AGARI ba="0,0" hai="4,8,15,37,43,44,93,98,102,121,122" m="45674" machi="44" ten="30,2000,0" yaku="12,1,52,1" doraHai="5" who="0" fromWho="3" sc="422,20,222,0,179,0,177,-20" /><INIT seed="7,0,0,5,1,51" ten="442,222,179,157" oya="3" hai0="47,30,21,50,107,74,6,104,1,26,86,15,97" hai1="88,66,43,90,65,80,58,129,131,105,115,110,135" hai2="44,42,73,49,120,133,38,45,24,25,75,28,116" hai3="134,94,39,48,18,33,87,130,103,55,99,62,40"/><W83/><G33/><T5/><D74/><U91/><E110/><V119/><F133/><W112/><G134/><T101/><D107/><U16/><E105/><V31/><F120/><W117/><G117/><T23/><D1/><U64/><E115/><V8/><F8/><W14/><G112/><T128/><D86/><U10/><E43/><V76/><F76/><W121/><G121/><T53/><D128/><N who="1" m="49227" /><E135/><V102/><F102/><W85/><G130/><T92/><D104/><U132/><E132/><V2/><F2/><W19/><G39/><T9/><D23/><U118/><E118/><V84/><F84/><W46/><G85/><T56/><D47/><U61/><E80/><V93/><F93/><W37/><G14/><AGARI ba="0,0" hai="10,14,16,58,61,64,65,66,88,90,91" m="49227" machi="14" ten="30,3900,0" yaku="19,1,54,2" doraHai="51" who="1" fromWho="3" sc="442,0,222,39,179,0,157,-39" owari="442,54.0,261,6.0,179,-22.0,118,-38.0" /></mjloggm>