<mjloggm ver="2.3"><GO type="97" lobby="0"/><UN n0="%E9%BA%BB%E7%94%9F%E5%90%9B" n1="%28%E5%AF%9D%C2%B4%2D%33%2D%2A%29" n2="%E3%81%A6%E3%82%93%E3%81%BB%E3%81%86%E3%81%9B%E3%81%A3%E3%81%91%E3%82%93" n3="%E3%82%A6%E3%83%AB%E3%83%88%E3%83%A9%E7%AB%8B%E7%9B%B4" dan="13,14,16,13" rate="1850.99,1951.94,2056.58,1873.93" sx="M,M,F,M"/><TAIKYOKU oya="0"/><INIT seed="0,0,0,5,1,61" ten="250,250,250,250" oya="0" hai0="96,72,54,65,130,58,41,29,77,128,12,132,100" hai1="88,39,33,81,28,51,127,87,124,38,2,95,105" hai2="42,20,16,35,131,112,111,55,106,15,14,113,125" hai3="44,94,71,52,82,78,135,49,60,36,11,120,66"/><T67/><D29/><U19/><E2/><V50/><F35/><W121/><G135/><T90/><D90/><U43/><E105/><V86/><F111/><W123/><G94/><T10/><D132/><U79/><E33/><V4/><F131/><N who="0" m="50218" /><D41/><U104/><E104/><V118/><F125/><N who="1" m="48201" /><E28/><V8/><F118/><W7/><G36/><T93/><D77/><U80/><E19/><V26/><F42/><W18/><G18/><N who="0" m="8471" /><D72/><N who="1" m="43111" /><E81/><V97/><F86/><W122/><N who="3" m="30720" /><DORA hai="47" /><W1/><G82/><T69/><D69/><U126/><E126/><V91/><F26/><W110/><G78/><T23/><D23/><U98/><E98/><V56/><REACH who="2" step="1"/><F91/><REACH who="2" ten="250,250,240,250" step="2"/><W37/><G37/><T9/><D9/><U62/><E38/><V25/><F25/><W57/><G110/><T89/><D89/><U83/><E43/><V103/><AGARI ba="0,1" hai="4,8,14,15,16,20,50,55,56,97,103,106,112,113" machi="103" ten="30,8000,1" yaku="1,1,0,1,52,1,54,1,53,1" doraHai="61,47" doraHaiUra="0,22" who="2" fromWho="2" sc="250,-40,250,-20,240,90,250,-20" /><INIT seed="1,0,0,5,3,61" ten="210,230,330,230" oya="1" hai0="88,2,121,13,60,75,57,30,77,81,17,5,11" hai1="29,21,90,54,38,71,103,53,113,105,116,109,10" hai2="16,117,27,114,99,76,7,86,46,118,111,14,45" hai3="0,36,78,3,106,124,34,115,95,28,25,63,93"/><U9/><E113/><V37/><F114/><W100/><G115/><T59/><D121/><U131/><E116/><V15/><F111/><W85/><G36/><T130/><D130/><U20/><E38/><V135/><F37/><W51/><G124/><T1/><D1/><U64/><E109/><V56/><F118/><W47/><G93/><T122/><D122/><U18/><E131/><V32/><F117/><W19/><G19/><T72/><D72/><U123/><E123/><V12/><F135/><W67/><G85/><T66/><D30/><U35/><E35/><V8/><F99/><N who="3" m="61727" /><G95/><T26/><D26/><N who="1" m="16583" /><E105/><V97/><F97/><W79/><G78/><T58/><REACH who="0" step="1"/><D88/><REACH who="0" ten="200,230,330,230" step="2"/><U43/><E71/><V68/><F27/><W110/><G110/><T125/><D125/><U6/><E103/><V133/><F68/><N who="3" m="42111" /><G79/><T31/><D31/><U62/><E90/><V48/><F76/><W44/><G3/><T107/><D107/><U119/><E119/><V129/><F129/><W126/><G0/><T132/><D132/><U24/><E43/><V101/><F133/><W33/><G126/><T74/><D74/><U49/><E6/><V4/><F7/><W39/><G34/><T120/><D120/><U96/><E96/><V83/><F32/><W92/><G33/><T82/><D82/><U52/><E49/><V55/><F4/><W70/><G28/><T89/><D89/><U128/><E128/><V40/><F40/><N who="3" m="22559" /><G25/><T91/><D91/><U50/><E50/><V134/><F134/><W73/><G73/><T108/><D108/><U102/><E102/><V22/><F101/><RYUUKYOKU ba="0,1" sc="200,15,230,15,330,-15,230,-15" hai0="2,5,11,13,17,57,58,59,60,66,75,77,81" hai1="9,10,18,21,24,52,53,54,62,64" /><INIT seed="1,1,1,3,4,97" ten="215,245,315,215" oya="1" hai0="12,86,62,41,129,45,53,59,11,66,131,82,118" hai1="106,3,25,102,27,35,1,94,116,18,36,84,63" hai2="49,31,16,13,135,33,103,73,9,14,75,44,85" hai3="87,10,69,43,122,124,125,29,51,67,104,93,76"/><U54/><E116/><V61/><F135/><W114/><G104/><T77/><D118/><U50/><E36/><V6/><F61/><N who="3" m="40175" /><G114/><T72/><D72/><U83/><E106/><V128/><F128/><W105/><G105/><T70/><D131/><U81/><E35/><V121/><F121/><W133/><G29/><T42/><D129/><U24/><E1/><V64/><F64/><W110/><G122/><T119/><D119/><U99/><E3/><V88/><F103/><W47/><G10/><T100/><D42/><U32/><E32/><V79/><F79/><W111/><G133/><T68/><D53/><U112/><E112/><V48/><F48/><W22/><G22/><T15/><D15/><U4/><E4/><V5/><F31/><W98/><G87/><T60/><D60/><U95/><E63/><V90/><F33/><W39/><G76/><T71/><D100/><N who="1" m="60535" /><E18/><V80/><F90/><N who="3" m="55607" /><G39/><T30/><D30/><U101/><E95/><V55/><F6/><W108/><AGARI ba="1,1" hai="43,47,51,108,110,111,124,125" m="55607,40175" machi="108" ten="40,1500,0" yaku="14,1" doraHai="97" who="3" fromWho="3" sc="215,-5,245,-8,315,-5,215,28" /><INIT seed="2,0,0,5,1,112" ten="210,237,310,243" oya="2" hai0="5,108,124,91,130,134,50,98,56,114,65,121,84" hai1="22,24,40,113,128,14,9,41,77,68,1,100,33" hai2="63,83,95,70,34,0,51,106,78,102,61,129,60" hai3="48,81,49,16,94,21,123,27,29,118,55,107,30"/><V133/><F106/><W45/><G107/><T90/><D121/><U69/><E113/><V19/><F133/><W31/><G123/><T52/><D114/><U135/><E33/><V111/><F129/><W15/><G118/><T96/><D134/><U3/><E135/><V74/><F111/><W73/><G73/><T72/><D72/><U42/><E100/><V36/><F36/><W44/><G94/><T39/><D39/><U66/><E77/><V57/><F34/><W119/><G81/><T101/><D130/><U126/><E128/><V46/><F70/><W12/><G119/><T120/><D120/><U4/><E126/><V71/><F71/><W2/><G2/><T64/><D124/><U32/><E66/><V82/><F82/><W88/><G88/><T28/><D28/><N who="1" m="19463" /><E1/><V99/><F0/><W76/><G76/><T20/><D5/><U53/><E53/><AGARI ba="0,0" hai="12,15,16,21,27,29,30,31,44,45,48,49,53,55" machi="53" ten="40,5200,0" yaku="9,1,8,1,54,1" doraHai="112" who="3" fromWho="1" sc="210,0,237,-52,310,0,243,52" /><INIT seed="3,0,0,5,3,12" ten="210,185,310,295" oya="3" hai0="41,121,73,51,93,16,17,109,98,64,11,49,86" hai1="0,55,30,60,130,40,96,37,45,24,117,110,54" hai2="134,131,78,129,23,8,36,83,62,115,102,119,106" hai3="2,80,65,21,43,26,18,126,89,61,108,92,71"/><W100/><G2/><T104/><D121/><U35/><E0/><V1/><F115/><W7/><G7/><T46/><D104/><U116/><E110/><V135/><F119/><W122/><G122/><T4/><D73/><U111/><E111/><V20/><F36/><W58/><G108/><T76/><D64/><U127/><E127/><V81/><F62/><W97/><G126/><T107/><D107/><U120/><E120/><V32/><F32/><W3/><G3/><T34/><D34/><U74/><E74/><N who="2" m="43223" /><F83/><W101/><G71/><T128/><D128/><N who="2" m="49226" /><F102/><N who="3" m="39531" /><G80/><N who="0" m="47367" /><D51/><U5/><E130/><V105/><F105/><W47/><G47/><T133/><D133/><N who="2" m="50698" /><F106/><W22/><G22/><T91/><D109/><U85/><E5/><AGARI ba="0,0" hai="1,5,8,20,23" m="50698,49226,43223" machi="5" ten="30,2000,0" yaku="19,1,20,1" doraHai="12" who="2" fromWho="1" sc="210,0,185,-20,310,20,295,0" owari="210,-19.0,165,-33.0,330,42.0,295,10.0" /></mjloggm>