<mjloggm ver="2.3"><GO type="169" lobby="0"/><UN n0="%E3%82%A6%E3%83%AB%E3%83%88%E3%83%A9%E7%AB%8B%E7%9B%B4" n1="%52%6F%62%69%4E" n2="%E3%81%97%E3%81%8A%E3%82%84%E3%81%A0%E3%82%93" n3="%E3%81%AA%E3%82%93%E3%81%8F%E3%82%8B%E3%81%AA%E3%81%84%E3%81%95" dan="17,16,17,16" rate="2202.14,2040.80,2183.17,2129.87" sx="M,M,F,F"/><TAIKYOKU oya="0"/><INIT seed="0,0,0,5,0,69" ten="250,250,250,250" oya="0" hai0="33,105,134,63,44,60,111,117,91,50,77,41,19" hai1="54,66,0,94,27,123,98,104,43,67,130,93,57" hai2="103,115,128,22,38,51,18,122,7,95,133,129,100" hai3="90,72,65,35,9,79,14,119,42,132,16,6,20"/><T55/><D117/><U49/><E123/><V24/><F122/><W36/><G119/><T118/><D118/><U106/><E0/><V37/><F115/><W11/><G132/><T75/><D105/><U4/><E130/><N who="2" m="50283" /><F133/><W3/><G65/><T56/><D33/><U25/><E4/><V108/><F108/><W64/><G64/><T8/><D134/><U39/><E67/><V21/><F7/><W23/><G35/><T74/><D111/><U113/><E66/><V12/><F51/><W110/><G110/><T70/><D70/><U120/><E120/><V48/><F48/><W31/><G90/><T26/><D77/><U101/><E113/><V30/><F95/><W126/><G126/><T58/><D91/><U78/><E94/><V15/><F12/><W124/><G124/><T34/><D60/><U71/><E71/><V53/><F53/><W131/><G131/><T86/><D58/><U40/><E40/><V13/><F13/><W87/><G87/><T102/><D86/><U17/><E104/><V73/><F73/><W62/><G62/><T114/><D114/><U32/><E106/><V2/><F2/><W82/><G31/><T61/><D61/><U80/><E49/><V125/><F125/><W29/><G29/><T59/><D59/><U85/><E57/><V97/><F97/><W109/><G109/><T107/><D107/><U135/><E135/><V47/><F47/><AGARI ba="0,0" hai="3,6,9,11,14,16,20,23,36,42,47,72,79,82" machi="47" ten="40,8000,1" yaku="25,2,52,1,54,1" doraHai="69" who="3" fromWho="2" sc="250,0,250,0,250,-80,250,80" /><INIT seed="1,0,0,2,0,63" ten="250,250,170,330" oya="1" hai0="81,91,53,134,100,32,68,115,113,132,108,85,122" hai1="2,93,48,33,87,54,82,44,36,112,40,46,47" hai2="11,5,57,119,30,90,43,27,75,7,114,8,10" hai3="24,14,74,38,110,83,116,111,107,39,92,128,109"/><U41/><E112/><V60/><F119/><W125/><G107/><T20/><D32/><U84/><E33/><V21/><F75/><W1/><G1/><T130/><D68/><U135/><E2/><V42/><F114/><N who="0" m="43530" /><D53/><U12/><E135/><N who="0" m="51753" /><D20/><U101/><E12/><V133/><F133/><W124/><G24/><T76/><D108/><U99/><REACH who="1" step="1"/><E82/><REACH who="1" ten="250,240,170,330" step="2"/><V16/><F7/><W70/><G116/><T67/><D122/><U3/><E3/><V6/><F6/><W18/><G83/><T4/><D4/><U94/><E94/><V103/><F5/><W118/><G118/><T79/><D130/><U25/><E25/><V59/><F27/><W0/><G0/><T9/><D9/><U129/><E129/><V98/><F10/><W49/><G128/><T69/><D100/><U15/><E15/><V22/><F103/><W56/><G92/><T17/><D81/><U97/><E97/><V45/><F98/><W80/><G80/><T52/><D91/><U23/><E23/><V96/><F90/><W131/><G131/><T19/><D79/><U13/><E13/><V77/><F96/><W31/><G111/><T72/><D76/><U86/><E86/><V71/><F77/><W106/><G110/><T120/><D85/><U126/><E126/><V28/><F8/><W64/><G109/><T51/><D120/><U50/><AGARI ba="0,1" hai="36,40,41,44,46,47,48,50,54,84,87,93,99,101" machi="50" ten="20,3900,0" yaku="1,1,0,1,7,1,53,0" doraHai="63" doraHaiUra="62" who="1" fromWho="1" sc="250,-13,240,49,170,-13,330,-13" /><INIT seed="1,1,0,4,0,31" ten="237,289,157,317" oya="1" hai0="130,84,81,85,69,39,42,110,18,82,12,28,123" hai1="71,19,129,99,27,52,45,57,86,1,106,128,122" hai2="119,100,79,43,111,37,4,102,49,103,25,50,109" hai3="48,2,23,88,76,54,63,98,55,58,108,107,65"/><U9/><E71/><V10/><F119/><W56/><G2/><T87/><D69/><U94/><E122/><V17/><F79/><W40/><G108/><N who="2" m="41545" /><F37/><W0/><G0/><T32/><D110/><U117/><E117/><V90/><F43/><W66/><G107/><T78/><D130/><N who="1" m="50283" /><E106/><V47/><F47/><N who="3" m="25703" /><G76/><T59/><D123/><U97/><E45/><V24/><F90/><W51/><G23/><T33/><D42/><U115/><E115/><V67/><F67/><N who="3" m="25611" /><G88/><T96/><D39/><U3/><E86/><V6/><F17/><W16/><G16/><T77/><D87/><U30/><E19/><V112/><F112/><W44/><G98/><N who="1" m="37386" /><E94/><V29/><F24/><W74/><G74/><T131/><D131/><U125/><E9/><V116/><F116/><W124/><G124/><T133/><D96/><U120/><E125/><V105/><F105/><W132/><G132/><T13/><D133/><U62/><E120/><V53/><F6/><W118/><G118/><T46/><D18/><U72/><E72/><V15/><F53/><W93/><G93/><T38/><D38/><U114/><E114/><V22/><AGARI ba="1,0" hai="4,10,15,22,25,29,49,50,100,102,103" m="41545" machi="22" ten="30,1100,0" yaku="14,1" doraHai="31" who="2" fromWho="2" sc="237,-4,289,-6,157,14,317,-4" /><INIT seed="2,0,0,1,5,102" ten="233,283,171,313" oya="2" hai0="56,89,60,45,106,2,81,13,100,14,38,18,35" hai1="59,50,27,113,15,94,132,121,19,72,4,61,122" hai2="88,37,20,90,62,105,12,52,7,82,127,120,47" hai3="33,66,41,65,51,83,103,129,22,6,110,85,126"/><V128/><F120/><W116/><G33/><T114/><D2/><U48/><E113/><V84/><F128/><W39/><G39/><T55/><D35/><U104/><E72/><V76/><F127/><W31/><G116/><T109/><D109/><U16/><E104/><V118/><F118/><W97/><G129/><T25/><D114/><U99/><E4/><V80/><F105/><W131/><G131/><T77/><D89/><N who="1" m="55759" /><E132/><V63/><F37/><W101/><G126/><T46/><D25/><U40/><E40/><V54/><F82/><W26/><G110/><T119/><D119/><U24/><E19/><N who="2" m="10343" /><F7/><W112/><G6/><T124/><D124/><U30/><E30/><V44/><F44/><N who="3" m="25999" /><G112/><T23/><D38/><U117/><E117/><V107/><F107/><W98/><G103/><T123/><D123/><U34/><E34/><V29/><F29/><W70/><G70/><T115/><D115/><U21/><E121/><V69/><F69/><W86/><G86/><T17/><D100/><U135/><E122/><V53/><F47/><W64/><G101/><T108/><D106/><U42/><E135/><V111/><F111/><W11/><G11/><T73/><REACH who="0" step="1"/><D108/><REACH who="0" ten="223,283,171,313" step="2"/><U91/><E27/><V8/><F8/><AGARI ba="0,1" hai="8,13,14,17,18,23,45,46,55,56,60,73,77,81" machi="8" ten="30,7700,0" yaku="1,1,2,1,7,1,53,1" doraHai="102" doraHaiUra="75" who="0" fromWho="2" sc="223,87,283,0,171,-77,313,0" /><INIT seed="3,0,0,3,0,26" ten="310,283,94,313" oya="3" hai0="94,33,24,22,64,41,87,11,111,37,95,18,5" hai1="42,35,126,86,110,1,10,25,90,78,132,59,29" hai2="73,30,104,114,93,75,62,50,67,21,88,134,72" hai3="17,130,99,40,31,56,36,38,69,100,14,47,119"/><W43/><G69/><T96/><D111/><U113/><E110/><V107/><F134/><W2/><G2/><T49/><D37/><U112/><E132/><V82/><F114/><W15/><G130/><T83/><D64/><U44/><E78/><V117/><F117/><W0/><G0/><T133/><D33/><U97/><E97/><V85/><F50/><W135/><G135/><T23/><D23/><U7/><E59/><V63/><F63/><W121/><G121/><T52/><D41/><U39/><REACH who="1" step="1"/><E126/><REACH who="1" ten="310,273,94,313" step="2"/><V68/><REACH who="2" step="1"/><F82/><AGARI ba="0,1" hai="1,7,10,25,29,35,39,42,44,82,86,90,112,113" machi="82" ten="30,7700,0" yaku="1,1,2,1,7,1,52,1,53,0" doraHai="26" doraHaiUra="48" who="1" fromWho="2" sc="310,0,273,87,94,-77,313,0" /><INIT seed="4,0,0,4,2,134" ten="310,360,17,313" oya="0" hai0="58,88,13,62,8,109,94,10,112,96,81,4,80" hai1="34,115,7,39,128,64,31,19,102,42,98,70,66" hai2="76,135,51,129,108,16,65,99,82,11,60,132,84" hai3="127,29,15,40,3,101,2,91,59,30,90,45,23"/><T46/><D112/><U111/><E111/><V77/><F108/><W26/><G101/><T100/><D109/><U113/><E128/><V120/><F129/><W25/><G15/><T106/><D46/><N who="1" m="23903" /><E7/><V61/><F120/><W52/><G127/><T83/><D10/><U35/><E19/><V18/><F76/><W63/><G3/><T5/><D5/><U56/><E56/><N who="2" m="36999" /><F61/><W32/><REACH who="3" step="1"/><G2/><REACH who="3" ten="310,360,17,303" step="2"/><T123/><D123/><U12/><E102/><V92/><F51/><AGARI ba="0,1" hai="23,25,26,29,30,32,40,45,51,52,59,63,90,91" machi="51" ten="30,12000,2" yaku="1,1,2,1,7,1,54,1,53,2" doraHai="134" doraHaiUra="20" who="3" fromWho="2" sc="310,0,360,0,17,-120,303,130" owari="310,-9.0,360,16.0,-103,-60.0,433,53.0" /></mjloggm>