<mjloggm ver="2.3"><GO type="169" lobby="0"/><UN n0="%E3%81%BE%E3%83%BC%E3%81%A1%E3%82%83%E3%82%80" n1="%E3%81%A1%E3%82%83%E3%81%9D%E2%98%86" n2="%E3%82%A6%E3%83%AB%E3%83%88%E3%83%A9%E7%AB%8B%E7%9B%B4" n3="%E3%82%BF%E3%83%BC%E3%83%A4" dan="16,16,17,16" rate="2121.43,2117.02,2203.41,2085.26" sx="F,M,M,M"/><TAIKYOKU oya="0"/><INIT seed="0,0,0,5,1,106" ten="250,250,250,250" oya="0" hai0="120,30,49,12,96,59,115,134,35,110,100,37,84" hai1="25,130,41,124,122,74,104,70,90,46,129,5,47" hai2="9,128,13,125,60,88,82,6,57,103,63,28,8" hai3="86,85,52,4,23,76,44,11,126,31,77,36,111"/><T10/><D37/><U132/><E122/><V33/><F125/><W117/><G117/><T38/><D38/><U127/><E104/><V53/><F128/><N who="1" m="49257" /><E5/><V97/><F28/><W71/><G71/><T83/><D120/><U40/><E70/><V91/><F33/><W14/><G126/><N who="1" m="48170" /><E74/><V107/><F82/><W133/><G111/><T113/><D110/><U58/><E25/><V109/><F109/><W27/><G36/><T95/><D83/><U66/><E90/><V101/><F101/><W67/><G67/><T87/><D100/><U108/><E108/><V26/><F26/><W105/><G105/><T92/><D12/><U116/><E116/><V15/><REACH who="2" step="1"/><F63/><REACH who="2" ten="250,250,240,250" step="2"/><W79/><G133/><T68/><D134/><U43/><E132/><V65/><F65/><W93/><G93/><T19/><D95/><U62/><AGARI ba="0,1" hai="40,41,43,46,47,58,62,66" m="48170,49257" machi="62" ten="40,8000,1" yaku="19,1,18,1,34,2" doraHai="106" who="1" fromWho="1" sc="250,-40,250,90,240,-20,250,-20" /><INIT seed="1,0,0,3,0,74" ten="210,340,220,230" oya="1" hai0="81,122,124,87,9,39,12,113,72,10,130,0,8" hai1="101,59,1,20,123,44,63,11,89,71,5,18,78" hai2="117,85,19,37,4,35,29,31,69,23,64,132,111" hai3="103,135,43,99,84,34,75,112,94,86,102,129,100"/><U76/><E123/><V16/><F37/><W3/><G3/><T49/><D122/><U58/><E101/><N who="3" m="39018" /><G43/><T97/><D39/><U40/><E71/><V107/><F107/><N who="3" m="63999" /><G34/><T13/><D113/><U91/><E91/><V57/><F69/><W119/><G112/><T55/><D72/><U52/><E89/><V96/><F57/><W93/><G129/><T32/><D97/><U56/><E56/><V120/><F19/><W50/><G50/><T105/><D105/><U70/><E58/><V108/><F16/><W17/><G17/><T126/><D32/><U15/><E70/><V114/><F23/><W90/><G135/><T62/><D62/><U133/><E133/><V61/><F29/><W106/><G106/><T109/><D130/><U77/><E77/><V104/><F31/><W21/><G21/><T95/><D0/><U92/><E92/><N who="3" m="35434" /><G119/><T48/><D55/><U67/><E67/><V79/><F64/><W83/><G86/><T80/><D87/><U24/><E1/><V47/><F85/><W22/><G22/><T53/><D53/><U73/><E73/><AGARI ba="0,0" hai="73,75,83,84,90" m="35434,63999,39018" machi="73" ten="30,8000,1" yaku="35,5" doraHai="74" who="3" fromWho="1" sc="210,0,340,-80,220,0,230,80" /><INIT seed="2,0,0,2,5,110" ten="210,260,220,310" oya="2" hai0="134,50,29,44,119,31,35,18,132,84,102,60,108" hai1="0,66,68,65,40,82,55,100,21,41,77,106,59" hai2="95,14,63,91,53,88,64,94,111,115,42,75,26" hai3="80,97,24,3,2,116,17,13,130,62,34,90,10"/><V56/><F75/><W74/><G130/><T25/><D119/><U133/><E133/><N who="0" m="51305" /><D108/><U9/><E21/><V52/><F115/><W129/><G129/><T96/><D84/><U78/><E106/><V120/><F120/><W123/><G123/><T112/><D60/><U107/><E107/><V39/><F111/><W72/><G116/><T45/><D112/><U12/><E100/><V93/><F14/><W37/><G37/><T79/><D79/><N who="1" m="30219" /><E68/><V16/><F42/><N who="1" m="16489" /><E82/><V69/><F39/><W98/><G62/><T99/><D50/><N who="1" m="31223" /><E0/><V92/><F69/><W36/><G36/><T104/><D99/><U126/><E126/><V83/><F83/><W113/><G113/><T70/><D70/><U101/><E101/><V103/><F103/><W125/><G125/><T7/><D7/><AGARI ba="0,0" hai="7,9,12,65,66" m="31223,16489,30219" machi="7" ten="30,1000,0" yaku="8,1" doraHai="110" who="1" fromWho="0" sc="210,-10,260,10,220,0,310,0" /><INIT seed="3,0,0,5,2,91" ten="200,270,220,310" oya="3" hai0="77,8,66,106,116,14,63,57,32,102,4,95,121" hai1="55,79,5,43,33,21,130,15,96,38,117,27,88" hai2="26,67,1,127,112,2,132,111,101,56,85,45,86" hai3="19,53,99,134,81,118,36,107,80,51,46,109,126"/><W110/><G118/><T54/><D32/><U34/><E79/><V94/><F112/><W52/><G126/><T3/><D116/><U7/><E38/><V72/><F72/><W78/><G134/><T42/><D42/><U76/><E76/><V108/><F45/><W82/><G36/><T20/><D77/><U18/><E43/><V92/><F26/><W119/><G119/><T105/><D121/><U115/><E115/><V39/><F39/><W122/><G122/><T10/><D20/><N who="1" m="11359" /><E34/><V123/><F132/><W113/><G113/><T71/><D71/><U104/><E104/><V12/><F12/><W89/><G19/><T0/><D66/><U37/><E130/><V124/><F101/><W58/><G78/><T74/><D74/><U120/><E33/><V22/><F22/><W48/><REACH who="3" step="1"/><G107/><REACH who="3" ten="200,270,220,300" step="2"/><T68/><D106/><U31/><E120/><V47/><F123/><W29/><G29/><T103/><D105/><U93/><E37/><V97/><F124/><W40/><G40/><T69/><D4/><U61/><E117/><V100/><F127/><W17/><G17/><T41/><D41/><U133/><E133/><V84/><F2/><W60/><G60/><T98/><D3/><U13/><E61/><N who="2" m="38311" /><F1/><W50/><G50/><T129/><D63/><U44/><E13/><V135/><F135/><W90/><G90/><T9/><D14/><U65/><E88/><N who="2" m="53271" /><F47/><W11/><G11/><T114/><D0/><U23/><E44/><V125/><F125/><W24/><G24/><T83/><D114/><U6/><E27/><V28/><F28/><W87/><G87/><AGARI ba="0,1" hai="84,85,87,94,97,100,108,111" m="53271,38311" machi="87" ten="30,7700,0" yaku="6,1,52,2,54,1" doraHai="91" who="2" fromWho="3" sc="200,0,270,0,220,87,300,-77" /><INIT seed="4,0,0,5,5,65" ten="200,270,307,223" oya="0" hai0="28,108,83,18,135,11,39,102,109,98,49,55,42" hai1="9,59,71,116,62,118,6,23,129,77,72,35,27" hai2="112,53,37,30,122,67,131,8,2,76,34,16,91" hai3="21,10,105,50,134,107,24,78,12,104,124,0,45"/><T38/><D135/><U75/><E129/><V82/><F131/><W93/><G0/><T19/><D28/><N who="1" m="19871" /><E59/><V40/><F122/><W20/><G124/><T126/><D126/><U57/><E57/><V92/><F67/><W111/><G111/><N who="0" m="42571" /><D83/><N who="1" m="45503" /><E72/><V43/><F30/><W123/><G134/><T41/><D41/><U44/><E23/><V87/><F34/><W17/><G123/><T73/><D73/><U25/><E25/><V22/><F53/><W115/><G115/><T58/><D42/><U51/><E51/><V130/><F37/><N who="0" m="13834" /><D11/><U121/><E44/><V119/><F112/><W15/><G78/><T70/><D70/><U95/><E121/><V68/><F68/><W94/><G20/><T31/><D31/><U84/><E71/><V4/><F130/><W56/><G56/><T54/><D54/><U36/><E36/><V13/><REACH who="2" step="1"/><F119/><REACH who="2" ten="200,270,297,223" step="2"/><W85/><G15/><T103/><D103/><U120/><E118/><V48/><F48/><W106/><N who="3" m="26624" /><DORA hai="86" /><W1/><G1/><T117/><D117/><U29/><E116/><V52/><F52/><W90/><G24/><T79/><D49/><U33/><E29/><V7/><F7/><W88/><G50/><T127/><D127/><U3/><E33/><V101/><F101/><W89/><G45/><T114/><D55/><U100/><E100/><V97/><AGARI ba="0,1" hai="2,4,8,13,16,22,40,43,76,82,87,91,92,97" machi="97" ten="20,8000,1" yaku="1,1,0,1,7,1,52,1,54,1,53,0" doraHai="65,86" doraHaiUra="47,61" who="2" fromWho="2" sc="200,-40,270,-20,297,90,223,-20" /><INIT seed="5,0,0,5,2,75" ten="160,250,387,203" oya="1" hai0="28,126,71,103,74,30,100,53,52,47,66,127,36" hai1="80,23,124,77,5,29,55,9,69,129,60,49,108" hai2="104,73,2,8,122,131,115,79,38,34,132,98,72" hai3="102,85,109,70,61,112,6,59,113,107,125,35,1"/><U37/><E37/><V32/><RYUUKYOKU type="yao9" ba="0,0" sc="160,0,250,0,387,0,203,0" hai2="2,8,32,34,38,72,73,79,98,104,115,122,131,132" /><INIT seed="5,1,0,0,2,107" ten="160,250,387,203" oya="1" hai0="38,81,5,86,64,135,103,115,71,30,35,50,1" hai1="109,59,39,49,92,89,8,116,12,16,41,87,100" hai2="99,57,104,32,29,78,54,36,3,88,52,74,40" hai3="133,69,117,17,126,80,111,112,101,60,73,21,96"/><U125/><E116/><V70/><F70/><W83/><G111/><T65/><D38/><U44/><E109/><V4/><F29/><W66/><G133/><T19/><D135/><U15/><E125/><V131/><F32/><W118/><G126/><T48/><D103/><U120/><E120/><V11/><F57/><W43/><G43/><T55/><D71/><U84/><E100/><N who="2" m="62495" /><F88/><W0/><G0/><T110/><D110/><U90/><E12/><V62/><F62/><W122/><G122/><T25/><D115/><U91/><REACH who="1" step="1"/><E92/><REACH who="1" ten="160,240,387,203" step="2"/><V31/><F131/><W124/><G112/><T85/><D1/><U22/><E22/><V102/><F102/><W95/><G124/><T127/><D127/><U123/><E123/><V53/><F3/><W42/><G42/><T6/><D6/><U75/><E75/><V121/><F40/><W72/><G80/><T26/><D5/><U7/><E7/><V27/><F4/><W20/><G20/><T114/><D114/><U77/><E77/><V9/><F78/><W51/><G83/><T67/><D19/><U61/><E61/><V2/><F74/><W46/><G117/><T98/><D26/><U45/><E45/><V132/><F2/><W23/><G23/><T47/><D47/><U14/><E14/><V37/><F121/><W58/><G118/><T33/><D25/><U128/><E128/><V94/><F94/><W68/><G73/><T82/><D30/><U119/><E119/><V113/><F113/><W93/><G93/><T106/><D82/><U24/><E24/><V129/><F27/><N who="3" m="14767" /><G72/><T13/><D81/><RYUUKYOKU ba="1,1" sc="160,-15,240,15,387,-15,203,15" hai1="8,15,16,39,41,44,49,59,84,87,89,90,91" hai3="46,51,58,60,66,68,69,95,96,101" /><INIT seed="5,2,1,1,5,1" ten="145,255,372,218" oya="1" hai0="15,44,37,75,65,55,12,77,112,38,49,94,122" hai1="104,120,116,18,58,42,16,21,29,51,95,110,113" hai2="88,31,62,67,33,134,121,13,86,124,93,97,132" hai3="72,105,78,66,123,63,79,17,22,96,9,46,5"/><U2/><E104/><V81/><F121/><W133/><G133/><N who="2" m="51305" /><F13/><W129/><G129/><T0/><D0/><U68/><E116/><V50/><F50/><W107/><G123/><T98/><D122/><U99/><E68/><N who="2" m="42103" /><F124/><W39/><G39/><T20/><D112/><U25/><E2/><V80/><F86/><W69/><G46/><T10/><D65/><U35/><E113/><V19/><F19/><W4/><G4/><T32/><D32/><U27/><E120/><V34/><F34/><W131/><G131/><T130/><D130/><U43/><E18/><V114/><F114/><W36/><G36/><T47/><D20/><U40/><E110/><V125/><F125/><W41/><G41/><T24/><D24/><AGARI ba="2,1" hai="24,31,33,80,81,88,93,97" m="42103,51305" machi="24" ten="30,2000,0" yaku="20,1,54,1" doraHai="1" who="2" fromWho="0" sc="145,-26,255,0,372,36,218,0" /><INIT seed="6,0,0,5,4,18" ten="119,255,408,218" oya="2" hai0="77,92,100,72,16,99,2,66,98,61,110,84,93" hai1="78,55,52,111,94,73,114,122,4,35,65,8,129" hai2="7,9,13,121,70,43,42,36,27,57,124,60,123" hai3="24,64,116,49,33,56,26,102,109,46,19,76,133"/><V127/><F70/><W12/><G116/><T135/><D2/><U113/><E111/><V6/><F6/><W32/><G109/><T54/><D135/><U45/><E129/><V39/><F27/><W81/><G133/><T126/><D110/><U31/><E65/><V68/><F68/><W118/><G102/><T79/><D126/><N who="2" m="48170" /><F42/><W44/><G44/><T107/><D54/><U20/><E35/><V125/><F125/><W104/><G104/><T80/><D61/><U117/><E117/><V105/><F105/><W108/><G108/><T103/><D66/><U51/><E55/><N who="2" m="33855" /><F43/><W90/><G118/><T101/><D16/><U28/><E28/><V97/><F97/><N who="0" m="36874" /><D107/><U30/><E30/><V3/><F3/><W130/><G33/><T82/><AGARI ba="0,0" hai="72,77,79,80,82,84,92,93,100,101,103" m="36874" machi="82" ten="30,8000,1" yaku="35,5" doraHai="18" who="0" fromWho="0" sc="119,80,255,-20,408,-40,218,-20" /><INIT seed="7,0,0,5,1,72" ten="199,235,368,198" oya="3" hai0="68,45,100,109,49,83,87,58,65,5,1,123,75" hai1="89,47,73,35,103,54,130,17,52,99,66,9,104" hai2="8,81,88,108,32,26,63,64,116,76,59,114,119" hai3="96,133,46,34,4,113,106,43,131,19,31,98,3"/><W78/><G113/><T101/><D75/><U6/><E130/><V50/><F108/><W12/><G131/><T60/><D123/><U90/><E35/><V38/><F38/><W115/><G115/><T91/><D109/><U107/><E107/><V67/><F114/><W105/><G133/><T22/><D1/><U125/><E125/><V27/><F27/><N who="3" m="18815" /><G106/><T84/><D5/><U74/><E66/><V117/><F26/><W23/><G78/><N who="0" m="46199" /><D68/><U24/><E74/><V55/><F76/><W62/><G62/><T70/><D70/><U93/><E73/><V20/><F63/><W135/><G135/><T127/><D22/><U122/><E122/><V95/><F32/><W71/><G71/><T39/><D39/><U134/><E134/><V82/><F117/><W48/><G105/><T61/><D61/><U2/><E47/><V85/><F116/><W29/><G29/><T80/><D127/><U111/><E111/><V126/><F126/><W13/><G13/><T18/><D18/><U129/><E129/><V21/><F67/><W56/><G56/><T86/><D86/><U112/><E112/><V102/><F64/><W0/><G0/><T7/><D7/><U77/><E104/><V33/><F33/><W97/><G97/><T44/><D44/><U15/><E2/><V16/><F119/><W30/><G30/><T110/><D110/><U53/><E103/><V124/><F124/><W120/><G120/><T79/><D79/><U121/><E77/><V41/><F102/><W118/><G118/><T92/><D80/><U14/><E121/><V25/><F82/><RYUUKYOKU ba="0,0" sc="199,15,235,-15,368,-15,198,15" hai0="45,49,58,60,65,87,91,92,100,101" hai3="3,4,12,19,23,43,46,48,96,98" /><INIT seed="7,1,0,1,2,33" ten="214,220,353,213" oya="3" hai0="103,70,44,18,41,64,7,26,9,84,94,83,75" hai1="107,114,77,36,12,6,19,89,91,17,134,0,25" hai2="31,39,82,130,65,88,22,3,80,53,125,86,101" hai3="63,113,135,119,79,121,10,127,28,27,97,66,111"/><W68/><G121/><T57/><D75/><U60/><E36/><V124/><F3/><W112/><G119/><T56/><D70/><U69/><E107/><V78/><F101/><W11/><G127/><N who="2" m="48713" /><F53/><W92/><G135/><T108/><D64/><U128/><E77/><V71/><F39/><W43/><G43/><T96/><D18/><U116/><E19/><V133/><F130/><W40/><G40/><T93/><D26/><U73/><E25/><V52/><F52/><W129/><G79/><N who="0" m="46207" /><D94/><U42/><E116/><V67/><F71/><W87/><G87/><T100/><D100/><U48/><E69/><V23/><F133/><W109/><G129/><T29/><D29/><U45/><E128/><V37/><F37/><W122/><G122/><T105/><D105/><U30/><E134/><V81/><F81/><W61/><G61/><T115/><D108/><N who="3" m="41545" /><G11/><T15/><D115/><N who="3" m="44105" /><G10/><T120/><D120/><U32/><E60/><V102/><F80/><W20/><G92/><T123/><D123/><U131/><E131/><V106/><F78/><W5/><G97/><T98/><D98/><U47/><E114/><V13/><F106/><W21/><G5/><T90/><D103/><U59/><E6/><V104/><F102/><W72/><G72/><T117/><D117/><U118/><E73/><V74/><F74/><W51/><G51/><AGARI ba="1,0" hai="7,9,15,41,44,51,56,57,90,93,96" m="46207" machi="51" ten="30,2000,0" yaku="25,1,8,1" doraHai="33" who="0" fromWho="3" sc="214,23,220,0,353,0,213,-23" owari="237,4.0,220,-18.0,353,45.0,190,-31.0" /></mjloggm>