<mjloggm ver="2.3"><GO type="169" lobby="0"/><UN n0="%E3%81%8B%E3%81%97%E3%81%8B%E3%81%8A" n1="%E3%82%A6%E3%83%AB%E3%83%88%E3%83%A9%E7%AB%8B%E7%9B%B4" n2="%E3%81%8B%E3%81%AB%E3%83%9E%E3%82%B8%E3%83%B3" n3="%6D%6F%6E%65%79%2E%2E%2E" dan="17,16,18,17" rate="2210.31,2125.92,2281.48,2157.76" sx="M,M,M,M"/><TAIKYOKU oya="0"/><INIT seed="0,0,0,5,0,16" ten="250,250,250,250" oya="0" hai0="34,116,127,134,67,42,125,105,95,65,1,76,45" hai1="68,87,73,15,50,63,0,64,30,100,124,61,25" hai2="27,83,80,94,32,43,135,13,3,130,46,48,19" hai3="91,84,115,66,118,14,26,131,70,49,12,112,2"/><T117/><D1/><U123/><E73/><V54/><F3/><W35/><G118/><N who="0" m="45675" /><D105/><U44/><E0/><V101/><F135/><W129/><G2/><T9/><D9/><U96/><E124/><N who="0" m="47689" /><D34/><U60/><E123/><V114/><F130/><W102/><G102/><T107/><D107/><U41/><E15/><V128/><F128/><W7/><G26/><T92/><D76/><U24/><E24/><V93/><F114/><W36/><G35/><T74/><D74/><U5/><E5/><V98/><F93/><N who="0" m="35914" /><D134/><U109/><E87/><V33/><F33/><W53/><G84/><T71/><D71/><U4/><E4/><V78/><F78/><W38/><G70/><T28/><D28/><U119/><E119/><V133/><F133/><W47/><G7/><T59/><D59/><U120/><E120/><V99/><F32/><W82/><G129/><T22/><D22/><U121/><E121/><V40/><F27/><W97/><G131/><T21/><D21/><U77/><E77/><V103/><F103/><W86/><G14/><T52/><D52/><U29/><E29/><V85/><F99/><W106/><G12/><T122/><D122/><U57/><E57/><V11/><F85/><W20/><G20/><T79/><D79/><U8/><E8/><V126/><F126/><W108/><G97/><T10/><D10/><U89/><E96/><V132/><F132/><W69/><G86/><T17/><D17/><U55/><E30/><V51/><F54/><W113/><G53/><T31/><D31/><U104/><E55/><V56/><F56/><W62/><G112/><RYUUKYOKU ba="0,0" sc="250,15,250,-15,250,15,250,-15" hai0="42,45,65,67" hai2="11,13,19,40,43,46,48,51,80,83,94,98,101" /><INIT seed="0,1,0,2,0,2" ten="265,235,265,235" oya="0" hai0="90,112,53,54,134,30,1,64,37,110,94,116,19" hai1="39,16,45,122,43,102,69,113,101,124,31,7,49" hai2="91,123,96,4,130,26,61,83,52,68,129,55,89" hai3="38,82,66,74,120,84,3,12,9,135,92,47,81"/><T70/><D1/><U126/><E122/><V99/><F123/><W0/><G120/><T86/><D37/><U80/><E69/><V121/><F121/><W5/><G135/><T97/><D116/><U35/><E31/><V17/><F68/><W28/><G66/><T11/><D30/><U72/><E35/><V93/><F4/><W27/><G92/><T105/><D112/><U40/><E113/><V33/><F96/><W128/><G128/><N who="2" m="49257" /><F61/><W76/><G47/><T109/><D134/><U119/><E119/><V25/><F33/><W18/><G38/><T71/><D71/><U133/><E133/><V98/><F98/><W44/><G44/><T21/><D11/><U75/><E43/><V34/><F34/><W132/><G132/><T59/><D70/><U41/><E41/><V95/><F95/><W103/><G103/><N who="1" m="39434" /><E7/><V60/><F60/><W29/><G3/><T50/><D105/><U15/><E49/><V77/><F91/><W56/><G56/><T100/><D54/><N who="2" m="20522" /><F17/><W114/><G114/><T78/><D64/><U118/><E118/><V24/><F24/><W65/><G27/><T111/><D78/><U36/><E80/><V106/><F106/><W125/><G65/><T46/><D46/><U13/><E13/><V22/><F22/><W117/><G117/><T73/><D73/><AGARI ba="1,0" hai="25,26,73,77,83,89,93,99" m="20522,49257" machi="73" ten="30,2000,0" yaku="19,1,54,1" doraHai="2" who="2" fromWho="0" sc="265,-23,235,0,265,23,235,0" /><INIT seed="1,0,0,0,1,134" ten="242,235,288,235" oya="1" hai0="98,79,120,20,34,81,51,97,100,67,123,35,29" hai1="85,18,58,101,49,78,54,125,1,82,62,135,3" hai2="106,129,74,31,39,127,46,30,33,119,104,93,68" hai3="88,66,77,50,92,109,114,89,131,11,9,118,25"/><U102/><E135/><V45/><F93/><W70/><G114/><T24/><D67/><U99/><E102/><V8/><F8/><W124/><G109/><T53/><D98/><U103/><E103/><V87/><F87/><W4/><G131/><T83/><D83/><U110/><E110/><V32/><F74/><W86/><G118/><T65/><D65/><U130/><E130/><V111/><F111/><W112/><G112/><T10/><D10/><U40/><E18/><V75/><F75/><W15/><G66/><T41/><D41/><U107/><E40/><V42/><F42/><W91/><G70/><T55/><D81/><U95/><E49/><V105/><F129/><W14/><G77/><T115/><D79/><U43/><E43/><V48/><F48/><W73/><G73/><T21/><D115/><U132/><E132/><V63/><F63/><W57/><G25/><T128/><D128/><U80/><E80/><V60/><F60/><W56/><G56/><T116/><D116/><U44/><E44/><V47/><F119/><W7/><G57/><T23/><D34/><N who="2" m="13418" /><F39/><W133/><G50/><T117/><D117/><U84/><E84/><V69/><F127/><W16/><G124/><T36/><D36/><U90/><E125/><V64/><F64/><W94/><G133/><T96/><D96/><U27/><REACH who="1" step="1"/><E27/><REACH who="1" ten="242,225,288,235" step="2"/><V121/><F121/><N who="0" m="46666" /><D51/><U17/><E17/><V61/><F61/><W76/><G16/><T108/><D108/><U122/><E122/><V2/><F2/><W38/><G38/><T22/><N who="0" m="5632" /><DORA hai="19" /><T52/><D97/><U71/><E71/><AGARI ba="0,1" hai="30,31,45,46,47,68,69,71,104,105,106" m="13418" machi="71" ten="40,8000,1" yaku="6,1,28,2,26,2" doraHai="134,19" who="2" fromWho="1" sc="242,0,225,-80,288,90,235,0" /><INIT seed="2,0,0,1,5,64" ten="242,145,378,235" oya="2" hai0="7,11,63,105,86,8,14,82,114,102,51,73,35" hai1="119,74,67,127,9,59,1,62,56,37,115,109,101" hai2="38,43,44,25,126,110,60,0,88,125,71,40,34" hai3="123,92,98,117,4,76,50,122,6,17,28,85,55"/><V18/><F0/><W53/><G117/><T103/><D35/><U100/><E74/><V22/><F43/><W107/><G107/><T133/><D73/><U94/><E37/><V131/><F34/><W39/><G39/><T21/><D114/><U84/><E115/><V13/><F131/><W106/><G106/><T32/><D32/><U57/><E109/><V129/><F129/><W41/><G28/><T2/><D133/><U52/><E119/><V130/><F130/><W20/><G122/><T112/><D112/><U27/><E127/><N who="2" m="48651" /><F110/><W36/><G36/><T12/><D105/><U118/><E118/><V30/><F88/><N who="3" m="55559" /><G41/><T47/><D63/><U81/><E27/><V49/><F38/><W10/><G123/><T83/><D21/><U66/><E1/><V19/><F13/><N who="3" m="9263" /><G10/><T54/><D2/><U135/><E9/><V24/><F24/><W99/><G99/><T31/><D31/><U108/><E108/><V128/><F128/><W89/><G76/><N who="0" m="46407" /><D83/><U5/><E5/><AGARI ba="0,0" hai="5,7,8,11,12,14,47,51,54,102,103" m="46407" machi="5" ten="30,1000,0" yaku="8,1" doraHai="64" who="0" fromWho="1" sc="242,10,145,-10,378,0,235,0" /><INIT seed="3,0,0,3,2,37" ten="252,135,378,235" oya="3" hai0="44,84,58,102,71,68,28,55,80,97,75,105,107" hai1="109,33,96,131,115,40,104,79,94,26,64,106,20" hai2="65,89,103,117,13,74,53,48,35,59,90,30,76" hai3="133,18,43,86,108,135,6,87,41,49,31,129,66"/><W16/><G129/><T110/><D75/><U121/><E33/><V34/><F117/><W69/><G108/><T119/><D119/><U56/><E79/><V101/><F76/><W15/><G31/><T122/><D122/><U27/><E27/><V61/><F74/><W42/><G49/><T36/><D28/><U72/><E72/><V7/><F30/><W67/><G6/><T132/><D107/><U2/><E2/><V134/><F134/><N who="3" m="51211" /><G18/><T4/><D4/><U63/><E115/><V10/><F34/><W99/><G99/><T91/><D110/><U45/><E109/><V78/><F35/><W22/><G69/><T52/><D132/><U118/><E131/><V85/><F78/><W128/><G128/><T38/><D55/><U21/><E121/><V83/><REACH who="2" step="1"/><F90/><REACH who="2" ten="252,135,368,235" step="2"/><W54/><G54/><T81/><D52/><U112/><E118/><V92/><F92/><W124/><G124/><T46/><D91/><U5/><E106/><V39/><F39/><W17/><G17/><T113/><D36/><U82/><E104/><V25/><F25/><W77/><G77/><T51/><D38/><U3/><E26/><V57/><AGARI ba="0,1" hai="7,10,13,48,53,57,59,61,65,83,85,89,101,103" machi="57" ten="20,8000,1" yaku="1,1,0,1,7,1,8,1,53,1" doraHai="37" doraHaiUra="60" who="2" fromWho="2" sc="252,-20,135,-20,368,90,235,-40" /><INIT seed="4,0,0,2,1,30" ten="232,115,458,195" oya="0" hai0="16,33,76,47,21,128,69,116,88,110,3,134,71" hai1="96,2,86,26,84,60,109,100,125,130,35,34,135" hai2="17,62,123,43,24,61,55,20,59,117,23,92,127" hai3="78,27,113,119,40,75,52,94,49,104,13,90,29"/><T10/><D76/><U4/><E109/><V7/><F123/><W106/><G119/><T85/><D116/><U58/><E4/><V44/><F117/><W73/><G113/><T9/><D110/><U72/><E2/><V65/><F127/><W77/><G40/><T99/><D134/><U79/><E125/><V39/><F7/><W1/><G1/><T8/><D3/><U105/><E135/><V108/><F108/><W56/><G13/><T19/><D128/><U91/><E130/><V57/><F92/><W120/><G120/><T54/><D99/><U28/><E79/><V12/><F24/><W15/><G15/><N who="0" m="7271" /><D33/><U50/><E50/><V63/><F61/><W129/><G129/><T0/><D71/><U25/><E72/><V46/><F46/><W81/><G77/><T18/><D69/><U51/><E51/><V102/><F102/><W89/><G89/><T41/><D41/><U45/><E45/><V5/><F5/><W32/><REACH who="3" step="1"/><G75/><REACH who="3" ten="232,115,458,185" step="2"/><T101/><D0/><U114/><E114/><V68/><F68/><W64/><G64/><T82/><D101/><U103/><E103/><V80/><F12/><W93/><G93/><T112/><D112/><U118/><E118/><V122/><F122/><W132/><G132/><T37/><D37/><U111/><E91/><V115/><F115/><W87/><AGARI ba="0,1" hai="27,29,32,49,52,56,73,78,81,87,90,94,104,106" machi="87" ten="20,8000,1" yaku="1,1,0,1,7,1,52,1,54,1,53,0" doraHai="30" doraHaiUra="36" who="3" fromWho="3" sc="232,-40,115,-20,458,-20,185,90" /><INIT seed="5,0,0,2,4,39" ten="192,95,438,275" oya="1" hai0="34,83,76,70,128,12,134,48,109,3,4,124,122" hai1="125,66,22,51,98,31,0,80,13,79,106,49,17" hai2="117,111,54,63,11,27,8,78,120,43,116,28,110" hai3="94,82,131,45,23,81,95,1,77,35,103,6,112"/><U88/><E0/><V10/><F120/><W60/><G35/><T46/><D34/><U30/><E125/><V123/><F123/><W74/><G112/><T36/><D70/><U101/><E66/><V104/><F104/><W89/><G103/><T85/><D36/><U100/><E100/><V32/><F78/><W20/><G81/><T62/><D3/><U115/><E115/><V84/><F84/><W86/><G131/><T16/><D122/><U33/><E33/><V127/><F127/><W68/><G94/><T92/><D109/><U42/><E51/><V113/><F113/><W55/><G68/><T59/><D124/><U14/><E14/><V99/><F99/><W58/><G6/><T56/><D4/><U105/><E105/><V7/><F43/><W21/><G1/><T102/><D134/><U97/><E97/><V15/><F54/><W132/><G132/><T75/><D128/><U130/><E130/><V121/><F63/><W126/><G126/><T72/><D72/><U19/><E19/><V38/><F38/><W61/><G61/><T67/><D59/><U107/><E107/><V71/><F71/><W69/><G69/><T2/><D2/><U25/><E25/><V29/><F28/><W96/><G74/><T64/><D64/><U18/><E18/><V9/><F121/><W114/><G114/><T65/><D65/><U47/><REACH who="1" step="1"/><E88/><REACH who="1" ten="192,85,438,275" step="2"/><V90/><F90/><W41/><G89/><N who="0" m="53295" /><D102/><U50/><E50/><V87/><F32/><W133/><G133/><T57/><D67/><U44/><E44/><V91/><F91/><N who="3" m="55423" /><G45/><T119/><D46/><RYUUKYOKU ba="0,1" sc="192,-15,85,15,438,-15,275,15" hai1="13,17,22,30,31,42,47,49,79,80,98,101,106" hai3="20,21,23,41,55,58,60,77,82,86" /><INIT seed="5,1,1,4,0,63" ten="177,100,423,290" oya="1" hai0="90,121,98,26,17,94,109,53,93,28,19,5,66" hai1="21,84,34,124,23,45,104,16,71,125,8,72,100" hai2="118,92,18,49,79,114,25,47,44,135,101,15,54" hai3="96,51,14,97,83,69,36,80,9,0,3,30,31"/><U38/><E34/><V82/><F118/><W73/><G36/><T6/><D109/><U42/><E72/><V85/><F135/><W29/><G69/><T58/><D121/><U133/><E71/><V24/><F114/><W88/><G73/><T119/><D119/><U13/><E133/><V106/><F106/><W64/><G64/><T127/><D127/><U4/><E84/><V2/><F2/><W110/><G110/><T55/><D94/><U120/><E120/><V91/><F101/><W131/><G131/><T20/><D55/><U116/><E116/><V68/><F47/><W113/><G113/><T95/><D19/><U115/><E115/><V129/><F68/><W89/><G51/><T117/><D117/><U1/><REACH who="1" step="1"/><E23/><REACH who="1" ten="177,90,423,290" step="2"/><N who="2" m="11743" /><F129/><W46/><G96/><AGARI ba="1,2" hai="1,4,8,13,16,21,38,42,45,96,100,104,124,125" machi="96" ten="40,3900,0" yaku="1,1,54,1,53,0" doraHai="63" doraHaiUra="77" who="1" fromWho="3" sc="177,0,90,62,423,0,290,-42" /><AGARI ba="1,0" hai="24,25,44,49,54,79,82,85,91,92,96" m="11743" machi="96" ten="30,1000,0" yaku="8,1" doraHai="63" who="2" fromWho="3" sc="177,0,152,0,423,10,248,-10" /><INIT seed="5,2,0,4,1,13" ten="177,152,433,238" oya="1" hai0="68,123,115,130,52,22,24,17,120,77,33,62,25" hai1="54,70,12,110,40,47,76,127,38,128,59,125,14" hai2="117,105,66,48,100,30,114,4,63,8,55,65,39" hai3="118,74,103,56,41,44,96,23,84,10,9,133,75"/><U45/><E76/><V43/><F117/><W106/><G133/><T94/><D77/><U81/><E81/><V26/><F114/><W28/><G118/><T92/><D115/><U57/><E70/><V2/><F43/><W1/><G10/><T126/><D126/><N who="1" m="48139" /><E110/><V60/><F39/><W95/><G56/><N who="1" m="21578" /><E128/><V49/><F49/><AGARI ba="2,0" hai="12,14,38,40,45,47,49,54" m="21578,48139" machi="49" ten="30,1500,0" yaku="18,1" doraHai="13" who="1" fromWho="2" sc="177,0,152,21,433,-21,238,0" /><INIT seed="5,3,0,4,3,19" ten="177,173,412,238" oya="1" hai0="42,5,100,23,61,69,73,102,39,76,72,56,18" hai1="113,89,91,128,7,103,126,133,87,101,64,20,33" hai2="68,95,66,115,30,85,93,62,54,80,1,88,111" hai3="90,6,2,22,31,116,28,59,65,131,119,15,21"/><U36/><E33/><V60/><F111/><W107/><G131/><T124/><D69/><U41/><E128/><V118/><F118/><N who="3" m="45099" /><G107/><T132/><D5/><U75/><E75/><V58/><F1/><W84/><G2/><T51/><D39/><U83/><E126/><V120/><F120/><W16/><G6/><T0/><D0/><U71/><E133/><V94/><F30/><N who="3" m="11307" /><G59/><T13/><D132/><U81/><E113/><V127/><F127/><W97/><G97/><T27/><D124/><U106/><E106/><V122/><F122/><W29/><G65/><T110/><D110/><U47/><E7/><V12/><F12/><W74/><G74/><T109/><D109/><U99/><E64/><V11/><F11/><N who="3" m="6271" /><G29/><N who="0" m="17663" /><D72/><U35/><E35/><V17/><F17/><W50/><G50/><T52/><D73/><U25/><E71/><V104/><F104/><W46/><G46/><N who="0" m="26071" /><D76/><U43/><E43/><V37/><F37/><W134/><G134/><T112/><D112/><U44/><E44/><V40/><F115/><W3/><G3/><T79/><D79/><U53/><E53/><V14/><F14/><W77/><G77/><T38/><D38/><U129/><E129/><V48/><F40/><W55/><G55/><T121/><D121/><U78/><E78/><V105/><F105/><W57/><G57/><T24/><D24/><U49/><E36/><V135/><F135/><W8/><G8/><AGARI ba="3,0" hai="8,13,18,52,56,61,100,102" m="26071,17663" machi="8" ten="30,3900,0" yaku="8,1,52,1,54,1" doraHai="19" who="0" fromWho="3" sc="177,48,173,0,412,0,238,-48" /><INIT seed="6,0,0,3,1,110" ten="225,173,412,190" oya="2" hai0="60,115,71,49,66,100,3,9,107,38,123,86,24" hai1="125,36,33,17,109,90,130,7,82,131,76,25,91" hai2="56,120,61,97,108,46,23,72,135,122,89,58,104" hai3="65,105,87,119,118,62,30,55,111,10,103,78,5"/><V44/><F72/><W75/><G111/><T34/><D38/><U63/><E36/><V39/><F108/><W8/><G87/><T133/><D49/><U128/><E109/><V113/><F135/><W29/><G55/><T32/><D86/><U93/><E125/><V18/><F58/><W54/><G54/><T67/><D67/><U40/><E40/><V48/><F39/><W53/><G53/><T52/><D52/><U28/><E7/><V42/><F46/><W70/><G10/><T47/><D47/><U74/><E93/><V98/><F56/><W4/><G30/><N who="0" m="19527" /><D133/><U94/><E63/><V99/><F61/><W31/><G31/><T6/><D123/><U0/><E0/><V14/><F104/><W21/><G8/><T43/><D43/><U92/><E92/><V73/><F73/><W19/><G29/><T51/><D51/><U112/><E17/><V116/><F89/><N who="1" m="33801" /><E94/><V124/><F48/><W117/><G75/><T57/><D57/><U129/><N who="1" m="32768" /><DORA hai="102" /><U2/><E2/><V22/><F44/><W13/><G78/><T16/><D16/><U64/><E64/><V11/><F18/><W81/><G81/><T101/><D101/><U69/><E69/><V15/><F42/><W12/><G12/><T79/><D79/><U106/><E106/><V84/><F15/><W132/><G132/><T41/><D41/><U77/><E77/><V83/><F14/><W26/><G13/><T96/><D34/><U134/><E134/><V95/><F83/><W121/><G121/><T85/><D85/><U50/><E50/><V88/><F120/><RYUUKYOKU ba="0,0" sc="225,10,173,10,412,-30,190,10" hai0="3,6,9,60,66,71,96,100,107,115" hai1="25,28,33,74,76,82,112" hai3="4,5,19,21,26,62,65,70,103,105,117,118,119" /><INIT seed="7,1,0,0,2,28" ten="235,183,382,200" oya="3" hai0="56,4,20,91,86,126,84,95,127,118,51,132,34" hai1="112,98,62,50,27,108,81,65,72,46,124,71,32" hai2="21,25,107,113,88,78,134,14,53,110,39,58,12" hai3="63,22,97,47,29,114,13,94,35,24,92,87,57"/><W121/><G121/><T105/><D105/><U99/><E108/><V45/><F110/><W17/><G114/><T93/><D34/><U5/><E124/><N who="0" m="47657" /><D118/><U117/><E117/><V3/><F3/><W7/><G87/><T37/><D37/><U59/><E112/><V48/><F78/><W83/><G83/><T82/><D4/><U1/><E71/><V129/><F107/><W11/><G47/><T23/><D132/><U16/><E5/><V42/><F134/><W89/><G92/><N who="0" m="35403" /><D84/><U109/><E1/><V0/><F0/><W40/><G40/><T8/><D8/><U31/><E109/><V64/><F113/><W54/><REACH who="3" step="1"/><G35/><REACH who="3" ten="235,183,382,190" step="2"/><T103/><D103/><U122/><E122/><V79/><F45/><W44/><G44/><T43/><D43/><U2/><E81/><V18/><F42/><W96/><G96/><T119/><D119/><U49/><E72/><V73/><F73/><W77/><G77/><T70/><D70/><U6/><E98/><V128/><F79/><W33/><G33/><T106/><D106/><U116/><E99/><V68/><F68/><W104/><G104/><T69/><D69/><U30/><E46/><V120/><F120/><W9/><G9/><T10/><D10/><N who="1" m="2391" /><E116/><V36/><F36/><W66/><G66/><T52/><AGARI ba="1,1" hai="20,23,51,52,56,82,86,91" m="35403,47657" machi="52" ten="30,2000,0" yaku="18,1,54,1" doraHai="28" who="0" fromWho="0" sc="235,33,183,-6,382,-6,190,-11" owari="268,7.0,177,-32.0,376,47.0,179,-22.0" /></mjloggm>