<mjloggm ver="2.3"><GO type="41" lobby="0"/><UN n0="%E4%BA%BA%E7%94%9F%E9%97%87%E9%8D%8B" n1="%47%75%6E%6E%65%72%73%21" n2="%E5%B0%B1%E6%B4%BB%E7%94%9F%40%E5%B7%9D%E6%9D%91%E8%BB%8D%E5%9B%A3" n3="%58%50%45%52%49%41%4E" dan="14,13,15,13" rate="1926.57,1951.56,2010.90,1961.76" sx="M,M,M,M"/><TAIKYOKU oya="0"/><INIT seed="0,0,0,5,3,11" ten="250,250,250,250" oya="0" hai0="32,93,42,4,68,83,94,76,73,56,15,22,91" hai1="19,113,99,6,8,135,85,1,39,9,103,101,30" hai2="69,40,107,28,133,12,125,64,66,16,59,104,18" hai3="79,50,7,45,25,84,47,13,77,118,0,120,130"/><T105/><D68/><U117/><E39/><V17/><F69/><W75/><G118/><T26/><D105/><U128/><E117/><V41/><F125/><W57/><G0/><T116/><D116/><U27/><E135/><V44/><F133/><W97/><G75/><T24/><D42/><U70/><E70/><V67/><F28/><W72/><G72/><T20/><D32/><U134/><E134/><V49/><F40/><W3/><G3/><T38/><D38/><U86/><E113/><V33/><F33/><W60/><G130/><T78/><D73/><U55/><E128/><V124/><F124/><W52/><G120/><T35/><D35/><U121/><E103/><V112/><F112/><W87/><G97/><N who="0" m="57535" /><D94/><U108/><E121/><V51/><F104/><W106/><G106/><T58/><D26/><U36/><E36/><V96/><F96/><W122/><G25/><T53/><D83/><U114/><E99/><V10/><F107/><W109/><G122/><T95/><D95/><U123/><E101/><V62/><F49/><W102/><G102/><T48/><D58/><U132/><E114/><V126/><REACH who="2" step="1"/><F126/><REACH who="2" ten="250,250,240,250" step="2"/><W34/><G34/><T119/><D119/><U129/><E123/><V115/><F115/><W37/><G37/><T80/><D80/><U31/><E132/><V14/><F14/><W92/><G50/><T98/><D98/><U23/><E129/><V90/><F90/><W74/><G13/><T89/><D89/><U46/><E86/><V2/><F2/><W61/><G87/><T21/><D24/><U131/><E131/><V110/><F110/><RYUUKYOKU ba="0,1" sc="250,15,250,-15,240,15,250,-15" hai0="4,15,20,21,22,48,53,56,76,78" hai2="10,12,16,17,18,41,44,51,59,62,64,66,67" /><INIT seed="0,1,1,5,0,123" ten="265,235,255,235" oya="0" hai0="52,100,2,95,46,54,77,0,73,16,51,74,64" hai1="94,132,118,43,131,127,38,75,93,97,72,106,18" hai2="92,48,102,4,117,114,32,96,107,30,7,112,13" hai3="27,124,15,76,89,87,67,35,5,119,133,115,104"/><T20/><D0/><U47/><E118/><V41/><F117/><W101/><G119/><T34/><D34/><U71/><E71/><V63/><F107/><W39/><G115/><T110/><D2/><U3/><E3/><V49/><F32/><W69/><G39/><T58/><D110/><U9/><E132/><V120/><F120/><W78/><G133/><T122/><D122/><U134/><E134/><V1/><F1/><W108/><G108/><T8/><D73/><U11/><E106/><V12/><F30/><N who="3" m="19935" /><G124/><T40/><D74/><U36/><E127/><V88/><F112/><W85/><G5/><N who="2" m="2121" /><F114/><W55/><G55/><T22/><D77/><N who="3" m="29801" /><G89/><T26/><D22/><U44/><E43/><V62/><F102/><W17/><G17/><T23/><D23/><U113/><E113/><V130/><F130/><W37/><G15/><N who="2" m="5705" /><F41/><W83/><G83/><T84/><D8/><U31/><E131/><V116/><F116/><W111/><G111/><T98/><D84/><U19/><E31/><V79/><F79/><W70/><G37/><T128/><D128/><U59/><E97/><V80/><F80/><W125/><G70/><T129/><D129/><U103/><E103/><V61/><AGARI ba="1,1" hai="48,49,61,62,63,88,92,96" m="5705,2121" machi="61" ten="30,2000,0" yaku="8,1,54,1" doraHai="123" who="2" fromWho="2" sc="265,-11,235,-6,255,33,235,-6" /><INIT seed="1,0,0,0,2,6" ten="254,229,288,229" oya="1" hai0="25,8,73,82,44,23,45,19,70,61,112,7,127" hai1="52,100,85,56,97,83,116,66,131,59,90,18,0" hai2="124,93,105,65,91,111,135,29,80,20,15,5,43" hai3="107,68,4,67,50,33,134,122,72,64,12,49,79"/><U110/><E0/><V78/><F105/><W81/><G122/><T123/><D112/><U39/><E39/><V11/><F111/><W24/><G107/><T103/><D123/><U104/><E116/><V51/><F124/><W38/><G38/><T87/><D73/><U9/><E131/><V62/><F135/><W129/><G134/><T106/><D127/><U128/><E128/><V95/><F43/><W126/><G129/><T132/><D132/><U30/><E30/><V84/><F51/><W96/><G96/><T46/><D70/><U130/><E110/><V75/><F20/><W63/><G126/><T53/><D103/><U54/><E130/><V40/><F40/><W119/><G67/><T115/><D106/><U47/><E47/><V133/><F133/><W31/><REACH who="3" step="1"/><G119/><REACH who="3" ten="254,229,288,219" step="2"/><T48/><D115/><U125/><E125/><V27/><F65/><W34/><G34/><T94/><D94/><N who="1" m="58423" /><E66/><V98/><F93/><W121/><G121/><T114/><D114/><U36/><E36/><V120/><F120/><W117/><G117/><T21/><D61/><U69/><E69/><V77/><F75/><W16/><G16/><T86/><D86/><U14/><E104/><V57/><F98/><W71/><G71/><T10/><D7/><U118/><E118/><V108/><F95/><W37/><G37/><T113/><D113/><U35/><E35/><V60/><F108/><W89/><G89/><T17/><D87/><U41/><E41/><V76/><F91/><W13/><G13/><N who="0" m="9647" /><D82/><U109/><E109/><V58/><F80/><W42/><G42/><T3/><D19/><RYUUKYOKU ba="0,1" sc="254,-15,229,15,288,-15,219,15" hai1="9,14,18,52,54,56,59,83,85,90" hai3="4,12,24,31,33,49,50,63,64,68,72,79,81" /><INIT seed="1,1,1,2,1,18" ten="239,244,273,234" oya="1" hai0="16,40,73,70,97,9,3,100,124,87,104,62,115" hai1="116,113,49,98,99,89,35,69,67,131,74,76,110" hai2="1,91,8,58,128,81,120,112,59,41,19,75,133" hai3="7,42,68,4,101,15,30,119,28,12,106,0,90"/><U95/><E35/><V93/><F120/><W56/><G68/><T11/><D73/><U21/><E116/><V24/><F112/><W132/><G119/><T84/><D115/><U96/><E113/><V111/><F111/><W129/><G132/><T36/><D36/><U17/><E69/><V53/><F128/><W14/><G129/><T78/><D40/><U5/><E67/><V114/><F114/><W2/><G42/><T6/><D78/><U125/><E131/><V54/><F133/><W134/><G134/><T13/><REACH who="0" step="1"/><D124/><REACH who="0" ten="229,244,273,234" step="2"/><U80/><E125/><V86/><F41/><W94/><G106/><T46/><D46/><U107/><E107/><V65/><F75/><W51/><G101/><T45/><D45/><U135/><E110/><V22/><F65/><AGARI ba="1,2" hai="3,6,9,11,13,16,62,65,70,84,87,97,100,104" machi="65" ten="40,2600,0" yaku="1,1,54,1,53,0" doraHai="18" doraHaiUra="127" who="0" fromWho="2" sc="229,49,244,0,273,-29,234,0" /><INIT seed="2,0,0,1,0,115" ten="278,244,244,234" oya="2" hai0="83,53,60,97,27,11,21,24,36,44,1,120,64" hai1="35,87,47,18,39,40,25,20,95,23,68,104,122" hai2="42,63,50,58,16,107,54,90,69,75,128,130,102" hai3="126,125,2,52,57,32,48,15,66,135,65,71,118"/><V84/><F75/><W131/><G2/><T110/><D120/><U31/><E104/><V34/><F34/><W92/><G32/><T9/><D27/><U94/><E68/><V121/><F121/><W109/><G15/><T82/><D110/><U134/><E122/><V6/><F6/><W62/><G92/><T49/><D36/><U119/><E119/><V113/><F113/><W111/><G131/><N who="2" m="50217" /><F107/><W3/><G3/><T26/><D97/><U96/><E134/><V93/><F102/><W29/><G29/><T61/><D26/><U88/><REACH who="1" step="1"/><E18/><REACH who="1" ten="278,234,244,234" step="2"/><V101/><F101/><AGARI ba="0,1" hai="20,23,25,31,35,39,40,47,87,88,94,95,96,101" machi="101" ten="30,7700,0" yaku="1,1,2,1,7,1,54,1,53,0" doraHai="115" doraHaiUra="123" who="1" fromWho="2" sc="278,0,234,87,244,-77,234,0" /><INIT seed="3,0,0,4,4,122" ten="278,321,167,234" oya="3" hai0="123,56,119,49,67,89,125,45,128,60,4,32,99" hai1="134,97,15,77,64,66,65,86,76,109,36,70,113" hai2="12,1,53,41,95,25,81,79,91,69,129,100,116" hai3="16,74,83,98,118,0,30,135,121,103,54,26,132"/><W27/><G121/><T84/><D119/><U102/><E113/><V104/><F116/><W115/><G118/><T23/><D32/><U17/><E36/><V124/><F1/><W29/><G115/><T62/><D123/><U51/><E70/><V39/><F69/><W50/><G0/><T7/><D125/><U47/><E134/><N who="3" m="51242" /><G74/><T58/><D128/><U33/><E86/><N who="2" m="52727" /><F12/><W72/><G72/><T37/><D99/><U3/><E33/><V110/><F25/><N who="3" m="9227" /><G83/><N who="0" m="49311" /><D23/><U31/><E31/><V117/><F53/><W43/><G43/><N who="0" m="24767" /><D37/><U90/><E3/><V59/><F41/><W57/><G16/><T87/><D87/><U96/><E96/><N who="2" m="61447" /><F39/><W101/><G101/><T14/><D14/><U21/><E102/><V127/><F59/><W24/><N who="3" m="9235" /><W68/><DORA hai="34" /><G68/><T133/><D133/><U48/><E15/><V82/><F117/><W46/><G46/><T18/><D18/><U9/><E97/><V126/><F129/><W78/><G78/><T13/><D13/><U2/><E17/><V6/><F6/><W120/><G120/><T52/><AGARI ba="0,0" hai="4,7,52,56,58,60,62,67" m="24767,49311" machi="52" ten="30,2000,0" yaku="8,1,54,1" doraHai="122,34" who="0" fromWho="0" sc="278,20,321,-5,167,-5,234,-10" /><INIT seed="4,0,0,4,2,23" ten="298,316,162,224" oya="0" hai0="125,76,129,105,17,66,86,122,32,90,4,10,21" hai1="107,94,22,91,40,57,93,65,45,73,96,131,83" hai2="7,71,44,5,87,74,68,72,88,50,39,113,114" hai3="24,69,77,3,67,80,135,55,2,15,124,31,54"/><T19/><D122/><U92/><E107/><V36/><F50/><W59/><G124/><T85/><D105/><U29/><E131/><V120/><F44/><W123/><G123/><T6/><D32/><U117/><E117/><V97/><F97/><W108/><G135/><T34/><D34/><U99/><E73/><V110/><F110/><W37/><G108/><T33/><D33/><U49/><E83/><V100/><F120/><W14/><G37/><T13/><D125/><U130/><E130/><V38/><F100/><W8/><G15/><T30/><D30/><U115/><E115/><N who="2" m="44043" /><F74/><W60/><G69/><N who="2" m="26697" /><F72/><W121/><G121/><T58/><D129/><U75/><E75/><V78/><F78/><W51/><G51/><T106/><D106/><U48/><E96/><V118/><F118/><W9/><G9/><T26/><D76/><U56/><E49/><V35/><F35/><W111/><G111/><T109/><D109/><U89/><E99/><V64/><F64/><W41/><G41/><T43/><D43/><U79/><E79/><V0/><F0/><W47/><G47/><T28/><D28/><U52/><E65/><V126/><F126/><W119/><G119/><T12/><D12/><U98/><E98/><V84/><F84/><N who="0" m="32362" /><D90/><N who="1" m="34315" /><E40/><V61/><F61/><AGARI ba="0,0" hai="4,6,10,13,17,19,21,26,58,61,66" m="32362" machi="61" ten="30,2900,0" yaku="8,1,52,1" doraHai="23" who="0" fromWho="2" sc="298,29,316,0,162,-29,224,0" /><INIT seed="4,1,0,3,1,92" ten="327,316,133,224" oya="0" hai0="111,46,132,135,38,93,33,134,26,90,77,106,21" hai1="130,31,18,127,84,47,50,83,88,0,44,17,108" hai2="131,20,59,122,114,119,80,60,82,99,57,55,62" hai3="126,2,128,32,37,4,10,30,9,103,5,133,12"/><T25/><D106/><U40/><E108/><V63/><F122/><W69/><G37/><T101/><D101/><U16/><E0/><V96/><F119/><W29/><G69/><T117/><D117/><U49/><E130/><V78/><F114/><W75/><G75/><T102/><D102/><U67/><E127/><V85/><F131/><W125/><G103/><T64/><D111/><U36/><E31/><N who="3" m="11786" /><G128/><T1/><D1/><U34/><E34/><V109/><F109/><W107/><G107/><T52/><D64/><U7/><E7/><V35/><F35/><W79/><G79/><T76/><D33/><U48/><REACH who="1" step="1"/><E67/><REACH who="1" ten="327,306,133,224" step="2"/><V124/><F124/><N who="3" m="47723" /><G32/><T120/><D132/><AGARI ba="1,1" hai="2,4,5,9,10,12,132,133" m="47723,11786" machi="132" ten="30,3900,0" yaku="18,1,34,2" doraHai="92" who="3" fromWho="0" sc="327,-42,306,0,133,0,224,52" /><INIT seed="5,0,0,4,0,104" ten="285,306,133,276" oya="1" hai0="56,8,24,1,95,118,133,132,49,81,90,92,27" hai1="0,101,64,14,23,84,82,33,43,122,68,114,91" hai2="26,61,80,3,65,106,78,102,130,12,22,111,34" hai3="129,29,46,100,4,40,112,32,58,70,120,94,127"/><U37/><E33/><V93/><F111/><W88/><G120/><T21/><D118/><U19/><E0/><V108/><F130/><W119/><G70/><T117/><D117/><U109/><E122/><V16/><F108/><W89/><G119/><T135/><D81/><U131/><E109/><V99/><F3/><W103/><G129/><T86/><D95/><U110/><E131/><V75/><F106/><W98/><G112/><T72/><D72/><U74/><E114/><V116/><F116/><W47/><G127/><T66/><D66/><U7/><E7/><V15/><REACH who="2" step="1"/><F34/><REACH who="2" ten="285,306,123,276" step="2"/><W9/><G32/><T45/><D132/><U85/><E110/><V50/><F50/><W123/><G123/><T25/><D133/><U63/><E37/><V134/><F134/><W96/><G29/><T48/><D1/><U59/><E43/><V121/><F121/><W35/><G35/><T126/><D49/><U5/><E63/><V97/><F97/><W73/><G98/><T51/><D51/><U52/><E68/><AGARI ba="0,1" hai="12,15,16,22,26,61,65,68,75,78,80,93,99,102" machi="68" ten="30,8000,1" yaku="1,1,7,1,52,1,54,1,53,1" doraHai="104" doraHaiUra="20" who="2" fromWho="1" sc="285,0,306,-80,123,90,276,0" /><INIT seed="6,0,0,2,1,94" ten="285,226,213,276" oya="2" hai0="3,116,80,38,34,12,51,16,55,0,91,60,99" hai1="23,98,40,69,15,59,129,44,5,86,107,8,72" hai2="83,25,56,74,32,127,61,11,114,9,27,48,22" hai3="126,96,84,20,117,6,106,75,100,131,82,37,110"/><V68/><F68/><W66/><G110/><T58/><D116/><U77/><E72/><V132/><F114/><W43/><G117/><T7/><D38/><U1/><E69/><V54/><F132/><W81/><G126/><T103/><D34/><U52/><E129/><V79/><F127/><W31/><G131/><T29/><D29/><U92/><E107/><V120/><F120/><W112/><G112/><T46/><D7/><U53/><E1/><V49/><F32/><W18/><G31/><T76/><D91/><U2/><E2/><V87/><F74/><W33/><G33/><T108/><D108/><U17/><E86/><V118/><F25/><W105/><G6/><T35/><D35/><U111/><E59/><V47/><F49/><W30/><G30/><T28/><D28/><U101/><E77/><V123/><F123/><W122/><G122/><T89/><D89/><U41/><E41/><V93/><F93/><W128/><G128/><T65/><D76/><U104/><E104/><V73/><F73/><W4/><G4/><T63/><D63/><U135/><E135/><V64/><F118/><W71/><G75/><T26/><D26/><N who="1" m="14703" /><E111/><V95/><F95/><N who="3" m="58399" /><G82/><T109/><D80/><U50/><AGARI ba="0,0" hai="5,8,15,40,44,50,52,53,92,98,101" m="14703" machi="50" ten="30,4000,0" yaku="8,1,52,1,54,1" doraHai="94" who="1" fromWho="1" sc="285,-10,226,40,213,-20,276,-10" /><INIT seed="7,0,0,5,1,107" ten="275,266,193,266" oya="3" hai0="1,62,79,104,94,44,7,37,52,93,90,63,88" hai1="86,84,113,118,46,108,127,34,13,51,59,101,33" hai2="11,53,29,20,85,57,0,125,135,112,128,38,105" hai3="55,77,31,40,102,41,21,3,8,5,114,54,72"/><W74/><G114/><T61/><D104/><U91/><E108/><V133/><F38/><W17/><G31/><T19/><D79/><U68/><E68/><V132/><F105/><W32/><G32/><T124/><D1/><U39/><E86/><V4/><F112/><W6/><G6/><T123/><D123/><U23/><E39/><V30/><F125/><W50/><G102/><T71/><D7/><U26/><E127/><V56/><F128/><W45/><G77/><T134/><D124/><U100/><E34/><V14/><F57/><W80/><G80/><T47/><D71/><U35/><E35/><V106/><F106/><W78/><G78/><T129/><D129/><U122/><E33/><V10/><F85/><W95/><G95/><N who="0" m="36363" /><D134/><U130/><E122/><V67/><F67/><W43/><REACH who="3" step="1"/><G55/><REACH who="3" ten="275,266,193,256" step="2"/><T25/><D37/><U15/><E113/><V75/><F75/><W119/><G119/><T12/><D25/><AGARI ba="0,1" hai="3,5,8,17,21,25,40,41,43,45,50,54,72,74" machi="25" ten="40,7700,0" yaku="1,1,52,2,53,0" doraHai="107" doraHaiUra="110" who="3" fromWho="0" sc="275,-77,266,0,193,0,256,87" owari="198,-20.0,266,7.0,193,-31.0,343,44.0" /></mjloggm>