<mjloggm ver="2.3"><GO type="169" lobby="0"/><UN n0="%E3%82%A6%E3%83%AB%E3%83%88%E3%83%A9%E7%AB%8B%E7%9B%B4" n1="%74%61%6E%61%4B%61" n2="%E2%98%85%E3%83%9B%E3%83%BC%E3%82%B9%E2%98%85" n3="%E3%81%BE%E3%82%86%E3%81%BE%E3%82%86%37%37" dan="17,16,17,18" rate="2201.30,2154.46,2177.56,2208.97" sx="M,M,M,F"/><TAIKYOKU oya="0"/><INIT seed="0,0,0,3,2,131" ten="250,250,250,250" oya="0" hai0="57,43,95,32,91,70,99,101,118,11,55,21,123" hai1="77,24,130,129,128,87,135,125,67,5,102,104,38" hai2="49,100,56,20,85,61,105,81,96,63,37,103,132" hai3="122,2,60,14,80,62,72,31,98,8,71,1,36"/><T97/><D32/><U10/><E38/><V17/><F37/><W33/><G36/><T113/><D70/><U53/><E67/><V6/><F103/><W111/><G111/><T124/><D118/><U112/><E112/><V92/><F105/><W48/><G122/><T23/><D113/><U30/><E53/><N who="2" m="31791" /><F132/><W94/><G31/><T39/><D124/><U50/><E50/><V126/><F6/><W58/><G33/><T46/><D11/><U68/><E68/><V75/><F75/><W34/><G34/><T45/><D45/><U51/><E51/><V121/><F121/><W35/><G35/><T116/><D116/><U41/><E41/><V84/><F126/><W110/><G48/><T42/><D42/><U12/><E125/><V47/><F47/><W120/><G110/><T90/><D123/><U108/><E108/><V0/><F0/><W59/><G71/><T66/><D66/><U25/><E102/><V76/><F85/><W13/><G72/><T86/><D57/><U65/><E104/><V44/><F44/><W27/><G98/><T7/><D55/><U54/><E54/><V114/><F114/><W119/><G120/><T117/><D7/><U83/><E65/><V82/><F82/><W73/><G80/><T22/><D117/><U69/><E69/><V133/><F133/><W9/><G119/><T4/><D4/><U88/><E135/><V64/><F64/><W127/><G127/><T78/><REACH who="0" step="1"/><D99/><REACH who="0" ten="240,250,250,250" step="2"/><U74/><REACH who="1" step="1"/><E30/><REACH who="1" ten="240,240,250,250" step="2"/><V89/><F100/><W18/><G59/><T107/><D107/><U15/><E15/><AGARI ba="0,2" hai="15,17,20,61,63,76,81,84,89,92,96" m="31791" machi="15" ten="30,1000,0" yaku="8,1" doraHai="131" who="2" fromWho="1" sc="240,0,240,-10,250,30,250,0" /><INIT seed="1,0,0,5,2,21" ten="240,230,280,250" oya="1" hai0="19,75,129,44,98,85,104,126,94,3,91,73,32" hai1="52,119,30,114,118,96,63,20,67,10,117,22,36" hai2="106,100,115,123,108,80,116,84,48,103,79,124,46" hai3="133,13,4,87,42,53,34,74,54,113,131,47,134"/><U5/><E114/><V11/><F116/><W2/><G74/><T25/><D3/><U50/><E36/><V135/><F115/><W64/><G2/><T97/><D126/><U105/><E105/><V93/><F106/><W70/><G113/><T7/><D7/><U90/><E96/><V89/><F124/><W33/><G4/><T51/><D129/><U111/><E111/><V88/><F123/><W56/><G131/><T6/><D6/><U120/><E120/><V16/><F108/><W27/><G13/><T69/><D69/><U1/><E90/><V101/><F135/><W41/><G64/><T127/><D127/><U65/><E65/><V49/><F46/><W102/><G70/><T45/><D45/><U29/><E29/><V57/><F57/><W62/><G53/><T9/><D97/><U15/><E1/><V12/><REACH who="2" step="1"/><F89/><REACH who="2" ten="240,230,270,250" step="2"/><W83/><G133/><T92/><D104/><U125/><E125/><V31/><F31/><W107/><G107/><T39/><D39/><U78/><E30/><V40/><F40/><W121/><G42/><T0/><D91/><U60/><E78/><V18/><F18/><W8/><G121/><T61/><D19/><U35/><E119/><V43/><F43/><W24/><G41/><T66/><D44/><U72/><E118/><V28/><F28/><W59/><G134/><T81/><D32/><U95/><E35/><V132/><F132/><W77/><G34/><T82/><D73/><AGARI ba="0,1" hai="11,12,16,48,49,73,79,80,84,88,93,100,101,103" machi="73" ten="40,8000,1" yaku="1,1,54,2,53,1" doraHai="21" doraHaiUra="86" who="2" fromWho="0" sc="240,-80,230,0,270,90,250,0" /><INIT seed="2,0,0,1,0,9" ten="160,230,360,250" oya="2" hai0="94,100,114,20,115,113,44,52,126,8,132,82,89" hai1="35,117,131,65,3,124,129,49,92,45,4,120,38" hai2="106,11,62,36,15,48,22,60,25,14,5,104,24" hai3="63,81,57,98,23,110,125,87,121,128,76,17,39"/><V101/><F36/><W61/><G121/><T118/><D126/><U111/><E124/><V43/><F104/><W107/><G125/><T72/><D132/><U78/><E117/><V6/><F106/><W55/><G128/><N who="1" m="49226" /><E35/><V2/><F101/><W28/><G110/><T0/><D118/><U112/><E111/><V37/><F37/><W85/><G39/><T69/><D69/><U88/><E112/><V12/><F5/><W77/><G28/><T70/><D70/><U27/><E27/><V19/><REACH who="2" step="1"/><F25/><REACH who="2" ten="160,230,350,250" step="2"/><W73/><G107/><T33/><D100/><U58/><E38/><V56/><F56/><W30/><G57/><T67/><D113/><U109/><E109/><V51/><F51/><W130/><G130/><T54/><D114/><U90/><E120/><V91/><F91/><W105/><G105/><T97/><D89/><U135/><E90/><V64/><F64/><W40/><G98/><T93/><D97/><N who="1" m="57479" /><E135/><V79/><F79/><W127/><G76/><T16/><D115/><U134/><E134/><V31/><F31/><W7/><G30/><T21/><D67/><U50/><E78/><V103/><F103/><W18/><G127/><T108/><D108/><U1/><E4/><V80/><F80/><W41/><G7/><T10/><D82/><U86/><E49/><V42/><F42/><W75/><G77/><T59/><D59/><U32/><E58/><V84/><F84/><W34/><G81/><T95/><D93/><U29/><E86/><V71/><F71/><W26/><G85/><T66/><D94/><U133/><E133/><V119/><F119/><RYUUKYOKU ba="0,1" sc="160,-10,230,-10,350,30,250,-10" hai2="2,6,11,12,14,15,19,22,24,43,48,60,62" /><INIT seed="2,1,1,5,4,11" ten="150,220,380,240" oya="2" hai0="41,95,65,9,132,59,120,79,45,122,127,96,105" hai1="51,12,135,37,112,91,33,104,124,40,52,20,25" hai2="98,22,3,53,48,67,36,116,54,101,8,97,123" hai3="14,43,46,85,6,29,87,130,94,70,58,114,84"/><V61/><F36/><W72/><G72/><T15/><D105/><U131/><E112/><V92/><F123/><W108/><G70/><T73/><D127/><U26/><E124/><V75/><F75/><W89/><G108/><T2/><D132/><U57/><E104/><V35/><F35/><W125/><G125/><T81/><D2/><U83/><E135/><V4/><F116/><W93/><G130/><T31/><D31/><U113/><E131/><V34/><F34/><W86/><G114/><T10/><D10/><U71/><E71/><V24/><F98/><W23/><G6/><T18/><D59/><U74/><E113/><V38/><F38/><W1/><G1/><T115/><D65/><U119/><E119/><V76/><F76/><W17/><G29/><T78/><D78/><U99/><E33/><V13/><F3/><W63/><G93/><T64/><D64/><U42/><E74/><V102/><F102/><W5/><G5/><T66/><D66/><U44/><E40/><V90/><F101/><W118/><G118/><T88/><REACH who="0" step="1"/><D115/><REACH who="0" ten="140,220,380,240" step="2"/><U39/><E39/><AGARI ba="1,2" hai="9,15,18,39,41,45,73,79,81,88,95,96,120,122" machi="39" ten="30,8000,1" yaku="1,1,2,1,7,1,52,1,54,1,53,0" doraHai="11" doraHaiUra="103" who="0" fromWho="1" sc="140,103,220,-83,380,0,240,0" /><INIT seed="3,0,0,0,4,116" ten="243,137,380,240" oya="3" hai0="96,128,80,85,79,21,32,51,93,5,62,87,18" hai1="103,77,16,123,91,27,106,41,68,53,60,105,13" hai2="38,20,119,7,44,70,29,52,111,118,86,63,33" hai3="99,49,36,120,108,76,131,78,81,94,126,101,58"/><W114/><G36/><T22/><D32/><U0/><E0/><V90/><F33/><W133/><G114/><T35/><D35/><U28/><E77/><V110/><F7/><W115/><G115/><T72/><D128/><U95/><E41/><N who="2" m="22583" /><F20/><W129/><G120/><T6/><D22/><U37/><E37/><V40/><F29/><W9/><G133/><T55/><D62/><U117/><E117/><V124/><F40/><W30/><G126/><T45/><D85/><U132/><E132/><V100/><F100/><W107/><G108/><N who="2" m="41513" /><F124/><W83/><G30/><T48/><D48/><U84/><E123/><V102/><F102/><W82/><G9/><T11/><D72/><U39/><E39/><V127/><F127/><W56/><G107/><T98/><D11/><U42/><E42/><V65/><F52/><W54/><G78/><T59/><D45/><U121/><E121/><V17/><F17/><W109/><G76/><T67/><D67/><U75/><E75/><V69/><F70/><W88/><G109/><T2/><D2/><U57/><E103/><V14/><F14/><W12/><G12/><N who="0" m="9415" /><D98/><U1/><E1/><V61/><F63/><W3/><G3/><T135/><D135/><U97/><E68/><V47/><F47/><W125/><G125/><T122/><D122/><U31/><E97/><V74/><F74/><W89/><REACH who="3" step="1"/><G58/><REACH who="3" ten="243,137,380,230" step="2"/><T134/><D134/><U34/><REACH who="1" step="1"/><E31/><REACH who="1" ten="243,127,380,230" step="2"/><V23/><F23/><AGARI ba="0,2" hai="13,16,23,27,28,34,53,57,60,84,91,95,105,106" machi="23" ten="30,8000,1" yaku="1,1,2,1,7,1,54,1,53,1" doraHai="116" doraHaiUra="8" who="1" fromWho="2" sc="243,0,127,100,380,-80,230,0" /><INIT seed="4,0,0,1,1,30" ten="243,227,300,230" oya="0" hai0="122,55,5,10,22,21,95,88,45,4,65,121,126" hai1="38,42,73,17,15,67,78,50,66,64,57,97,131" hai2="14,106,68,2,102,85,7,32,49,135,12,19,76" hai3="18,39,84,127,9,104,72,79,46,27,44,98,60"/><T1/><D126/><U107/><E131/><V92/><F32/><W58/><G72/><T120/><D65/><U91/><E38/><V87/><F2/><W96/><G127/><T11/><D55/><U86/><E73/><V61/><F106/><W94/><G104/><T110/><D45/><N who="1" m="25911" /><E107/><V23/><F135/><W63/><G63/><T40/><D40/><U112/><E112/><V124/><F124/><W117/><G117/><T33/><D33/><U75/><E75/><V81/><F49/><W31/><G96/><T100/><D100/><U128/><E128/><V101/><F68/><W90/><G39/><T109/><D95/><N who="1" m="56575" /><E57/><V6/><F61/><W77/><G77/><T41/><D88/><U47/><E47/><V119/><F119/><W129/><G129/><T28/><D41/><U13/><E17/><V125/><F125/><W56/><G56/><T53/><D53/><U114/><E114/><V29/><F29/><W48/><G79/><T130/><D130/><U113/><E113/><V43/><F43/><W105/><G105/><T62/><D62/><U118/><E118/><V3/><F3/><W51/><G51/><T103/><D103/><N who="2" m="39434" /><F12/><W0/><G48/><T89/><D89/><AGARI ba="0,0" hai="6,7,14,19,23,76,81,85,87,89,92" m="39434" machi="89" ten="30,1000,0" yaku="8,1" doraHai="30" who="2" fromWho="0" sc="243,-10,227,0,300,10,230,0" /><INIT seed="5,0,0,1,4,101" ten="233,227,310,230" oya="1" hai0="58,129,102,35,103,23,47,85,73,20,62,133,6" hai1="56,130,17,122,21,24,59,27,45,80,121,36,29" hai2="9,83,15,124,67,125,128,92,22,69,91,52,10" hai3="30,38,131,28,105,106,8,5,3,117,90,118,32"/><U89/><E130/><V7/><F128/><W88/><G38/><T100/><D73/><U108/><E108/><V37/><F37/><W132/><G131/><T46/><D35/><U126/><E126/><N who="2" m="48747" /><F83/><W19/><G19/><T41/><D133/><U42/><E59/><V76/><F76/><W114/><G132/><T0/><D6/><U48/><E80/><V81/><F81/><W78/><G78/><T18/><D0/><U51/><E89/><N who="3" m="34410" /><G114/><T39/><D129/><U68/><E68/><V75/><F75/><W77/><G77/><T60/><D85/><U40/><E36/><V26/><F67/><W135/><G135/><T123/><D123/><U33/><REACH who="1" step="1"/><E56/><REACH who="1" ten="233,217,310,230" step="2"/><V64/><F69/><W74/><G74/><T50/><D58/><U107/><E107/><V13/><F91/><W94/><G94/><T116/><D39/><U104/><E104/><V97/><F92/><W87/><G87/><T11/><D116/><N who="3" m="44649" /><G30/><T96/><D96/><U31/><E31/><V57/><F57/><W95/><G95/><T55/><D62/><U4/><E4/><V2/><F97/><W79/><G79/><T70/><D60/><U119/><E119/><V127/><F127/><W12/><G106/><T16/><D70/><U63/><E63/><V84/><F84/><W71/><G71/><T115/><D100/><U72/><E72/><V134/><F134/><W99/><G105/><T110/><D103/><U109/><E109/><V61/><F61/><W111/><G111/><T66/><D102/><U43/><E43/><V93/><F93/><W98/><G98/><T82/><D110/><RYUUKYOKU ba="0,1" sc="233,-10,217,30,310,-10,230,-10" hai1="17,21,24,27,29,33,40,42,45,48,51,121,122" /><INIT seed="5,1,1,1,2,1" ten="223,247,300,220" oya="1" hai0="11,74,128,18,73,64,101,75,118,71,0,35,90" hai1="56,97,4,20,86,9,33,132,7,57,84,124,121" hai2="104,134,8,51,85,61,16,110,95,135,17,45,100" hai3="69,14,54,60,40,47,99,82,43,26,96,116,130"/><U68/><E121/><V63/><F104/><W120/><G120/><T103/><D35/><U123/><E123/><V94/><F110/><W77/><G130/><T65/><D118/><U46/><E33/><V30/><F30/><W23/><G116/><T91/><D128/><U112/><E68/><V113/><F113/><W83/><G43/><T117/><D117/><U93/><E112/><V72/><F72/><W27/><G27/><T58/><D58/><N who="1" m="22635" /><E124/><V37/><F37/><W102/><G54/><T115/><D115/><U52/><E20/><V22/><F8/><W12/><G83/><T88/><D71/><U13/><E132/><N who="2" m="50731" /><F17/><W133/><G133/><T34/><D34/><U87/><E46/><V67/><F85/><W24/><G23/><T36/><D36/><U111/><E111/><V3/><F3/><W49/><G47/><T131/><D131/><U81/><E52/><N who="2" m="29807" /><F100/><W107/><G102/><N who="0" m="38923" /><D18/><N who="1" m="8495" /><E81/><V80/><F80/><W44/><G82/><T108/><D108/><U42/><E42/><V105/><F105/><W53/><G40/><T119/><D119/><U5/><E97/><V92/><F67/><N who="0" m="25674" /><D0/><U79/><E79/><V25/><AGARI ba="1,1" hai="16,22,25,61,63,92,94,95" m="29807,50731" machi="25" ten="30,4000,0" yaku="20,1,54,2" doraHai="1" who="2" fromWho="2" sc="223,-11,247,-21,300,53,220,-11" /><INIT seed="6,0,0,1,3,99" ten="212,226,353,209" oya="2" hai0="0,80,102,113,44,89,118,51,74,33,128,81,57" hai1="36,96,119,117,2,20,63,95,94,78,92,60,100" hai2="69,18,131,104,98,65,93,82,47,42,11,97,13" hai3="83,16,43,48,21,91,66,130,87,86,64,133,121"/><V7/><F131/><W28/><G121/><T76/><D33/><U41/><E2/><V17/><F69/><W126/><G130/><T49/><D0/><U34/><E34/><V115/><F115/><W5/><G133/><T50/><D128/><U79/><E41/><V56/><F104/><W75/><G75/><T14/><D113/><U70/><E36/><V135/><F135/><W52/><G126/><T114/><D114/><U124/><E124/><V112/><F112/><W8/><G28/><T6/><D57/><U35/><E35/><V4/><F82/><W122/><G43/><T123/><D102/><U134/><E134/><V107/><F107/><W10/><G87/><N who="0" m="50415" /><D118/><U72/><E70/><V132/><F132/><W58/><G122/><T111/><D111/><U1/><E1/><V125/><F98/><W12/><G8/><N who="0" m="4375" /><D123/><U73/><E20/><V38/><F125/><W54/><G54/><T59/><D59/><U62/><E100/><V45/><F45/><W120/><G120/><T129/><D129/><U68/><E96/><V15/><F56/><W67/><G64/><T108/><D108/><U77/><REACH who="1" step="1"/><E68/><REACH who="1" ten="212,216,353,209" step="2"/><V31/><F42/><W101/><G101/><T27/><D27/><AGARI ba="0,1" hai="5,10,12,16,21,27,48,52,58,66,67,83,86,91" machi="27" ten="30,7700,0" yaku="7,1,8,1,54,2" doraHai="99" who="3" fromWho="0" sc="212,-77,216,0,353,0,209,87" /><INIT seed="7,0,0,4,4,62" ten="135,216,353,296" oya="3" hai0="14,96,131,89,5,98,36,21,105,61,28,2,94" hai1="41,11,65,31,13,71,23,38,106,17,84,67,85" hai2="99,1,122,37,120,70,33,114,42,48,7,43,75" hai3="115,86,95,130,126,60,127,64,34,129,24,125,49"/><W90/><G115/><T20/><D36/><U77/><E71/><V32/><F114/><W108/><G49/><T56/><D131/><N who="3" m="50185" /><G108/><T135/><D135/><U54/><E106/><V118/><F118/><W53/><G53/><T3/><D3/><U51/><E41/><N who="2" m="15371" /><F37/><W19/><G19/><T0/><D0/><U16/><E38/><V109/><F109/><W18/><G18/><T92/><D105/><U12/><E31/><V15/><F1/><W52/><G52/><T25/><D2/><U29/><E29/><V101/><F48/><W57/><G24/><T50/><D50/><U132/><E132/><V6/><F70/><W46/><G46/><T100/><D5/><N who="2" m="1546" /><F15/><W47/><G47/><T119/><D119/><U121/><E121/><N who="2" m="46699" /><F75/><W4/><G4/><T97/><D14/><U74/><E74/><V40/><F40/><W88/><G90/><T39/><D39/><U22/><E11/><V79/><F79/><W128/><G128/><T82/><D82/><N who="1" m="47183" /><E85/><V9/><F9/><W133/><G133/><T102/><D21/><U8/><E8/><V59/><F59/><AGARI ba="0,0" hai="12,13,16,17,22,23,51,54,59,65,67" m="47183" machi="59" ten="30,7700,0" yaku="8,1,52,2,54,1" doraHai="62" who="1" fromWho="2" sc="135,0,216,77,353,-77,296,0" /><INIT seed="8,0,0,0,4,117" ten="135,293,276,296" oya="0" hai0="26,90,59,45,56,54,114,58,101,81,87,121,39" hai1="110,86,14,18,52,71,42,37,1,92,19,29,123" hai2="125,20,38,7,134,79,98,25,12,118,10,111,24" hai3="75,89,72,106,120,104,100,84,112,36,63,21,102"/><T47/><D114/><U108/><E123/><V83/><F111/><W128/><G36/><T135/><D135/><U41/><E1/><V68/><F134/><W33/><G33/><T126/><D126/><U17/><E71/><V55/><F125/><W22/><G63/><T119/><D119/><U62/><E37/><V2/><F118/><W48/><G112/><T6/><D121/><U80/><E29/><V35/><F68/><W50/><G120/><T49/><D6/><U11/><E92/><V127/><F127/><W23/><G128/><T96/><D26/><U105/><E105/><V31/><F38/><W57/><G57/><T115/><D115/><U15/><E110/><V44/><F98/><W51/><G89/><T66/><D47/><U61/><E108/><V116/><F116/><W27/><G84/><T3/><D3/><U28/><E28/><V13/><F44/><W113/><G27/><T76/><D76/><N who="1" m="46343" /><E62/><V40/><F40/><N who="1" m="15465" /><E14/><V129/><F129/><W46/><G46/><T131/><D131/><U122/><E122/><V30/><REACH who="2" step="1"/><F55/><REACH who="2" ten="135,293,266,296" step="2"/><W78/><G113/><T9/><D39/><U130/><E130/><V16/><F16/><W77/><G104/><T60/><REACH who="0" step="1"/><D9/><REACH who="0" ten="125,293,266,296" step="2"/><U124/><E124/><V132/><F132/><W74/><G102/><T109/><D109/><U82/><E11/><V69/><F69/><W91/><G100/><T67/><D67/><U70/><E70/><V94/><F94/><AGARI ba="0,2" hai="45,49,54,56,58,59,60,66,81,87,90,94,96,101" machi="94" ten="30,11600,0" yaku="1,1,7,1,8,1,53,1" doraHai="117" doraHaiUra="85" who="0" fromWho="2" sc="125,136,293,0,266,-116,296,0" /><INIT seed="8,1,0,4,3,46" ten="261,293,150,296" oya="0" hai0="35,19,38,87,86,127,134,121,31,133,72,111,118" hai1="132,64,16,53,11,0,112,123,117,65,37,75,9" hai2="90,12,36,4,63,23,25,49,17,1,70,74,20" hai3="60,83,130,58,113,97,3,28,26,10,92,42,108"/><T8/><D38/><U80/><E123/><V79/><F36/><W107/><G108/><T29/><D72/><U102/><E37/><V93/><F1/><W114/><G107/><T5/><D121/><U27/><E117/><V81/><F4/><W57/><G42/><T43/><D111/><U61/><E132/><N who="0" m="50793" /><D118/><U14/><E102/><V71/><F63/><W73/><G73/><T32/><D43/><U85/><E75/><V135/><F135/><W89/><G130/><T126/><D19/><N who="1" m="8655" /><E0/><V105/><F105/><W109/><G109/><T2/><D86/><U39/><E39/><V122/><F122/><W34/><G113/><T78/><D87/><U62/><E112/><V119/><F119/><W41/><G114/><T22/><D78/><N who="1" m="46231" /><E53/><V94/><F49/><W124/><G41/><T54/><D54/><U91/><E91/><V51/><F51/><W15/><G83/><T7/><D7/><U99/><E99/><V115/><F115/><W55/><G97/><T59/><D59/><U76/><E76/><V88/><F90/><W21/><G89/><T69/><D69/><U125/><E125/><N who="0" m="47625" /><D31/><U82/><E82/><V47/><F47/><W120/><G28/><T104/><D104/><U101/><E101/><V44/><F44/><W48/><G124/><T96/><D96/><U116/><E116/><V66/><F66/><N who="1" m="25705" /><E11/><V98/><REACH who="2" step="1"/><F94/><REACH who="2" ten="261,293,140,296" step="2"/><W50/><G92/><T106/><D106/><U24/><E62/><V103/><F103/><W131/><G60/><T33/><D33/><U13/><E61/><V6/><F6/><N who="3" m="1375" /><G34/><T129/><D129/><U77/><E77/><RYUUKYOKU ba="1,1" sc="261,10,293,10,140,10,296,-30" hai0="2,5,8,22,29,32,35" hai1="13,16,24,27" hai2="12,17,20,23,25,70,71,74,79,81,88,93,98" /><INIT seed="8,2,1,4,3,85" ten="271,303,150,266" oya="0" hai0="116,94,83,18,77,19,86,47,73,121,0,100,123" hai1="49,6,124,69,82,79,34,61,115,33,75,111,128" hai2="91,1,60,40,23,64,84,55,51,20,58,35,106" hai3="74,81,89,127,54,88,4,50,53,37,62,112,11"/><T133/><D0/><U90/><E111/><V70/><F106/><W93/><G37/><T57/><D18/><U65/><E124/><V92/><F35/><W119/><G112/><T41/><D133/><U59/><E128/><V44/><REACH who="2" step="1"/><F1/><REACH who="2" ten="271,303,140,266" step="2"/><W87/><G127/><T45/><D123/><U97/><E115/><V72/><F72/><W46/><G74/><T114/><D121/><U132/><E132/><V109/><F109/><W27/><G54/><T104/><D114/><U5/><E33/><V67/><F67/><W32/><G32/><T52/><D41/><U107/><E34/><V130/><F130/><W110/><G110/><T129/><D129/><U103/><E107/><V56/><F56/><W16/><G53/><T76/><D52/><U126/><E59/><V48/><AGARI ba="2,2" hai="20,23,40,44,48,51,55,58,60,64,70,84,91,92" machi="48" ten="20,5200,0" yaku="1,1,0,1,7,1,52,1,53,0" doraHai="85" doraHaiUra="131" who="2" fromWho="2" sc="271,-28,303,-15,140,78,266,-15" /><INIT seed="9,0,0,0,0,31" ten="243,288,218,251" oya="1" hai0="104,18,56,53,64,118,69,130,135,125,0,107,17" hai1="11,51,127,8,67,121,71,42,13,133,46,37,16" hai2="110,9,38,122,54,30,4,91,10,50,113,74,1" hai3="39,124,78,128,27,41,96,79,28,40,72,87,19"/><U6/><E121/><V101/><F38/><W58/><G72/><T26/><D0/><U70/><E127/><V44/><F110/><W97/><G39/><T103/><D118/><U23/><E133/><V55/><F122/><W123/><G19/><T73/><D73/><U57/><E11/><V81/><F113/><W98/><G123/><T82/><D107/><U34/><E34/><V92/><F10/><W25/><G128/><T75/><D64/><U117/><E117/><V33/><F101/><W85/><G58/><T76/><D69/><U105/><E105/><V21/><F21/><W132/><G124/><T45/><D45/><U100/><E100/><V29/><F33/><W89/><G87/><T77/><D77/><U88/><E88/><V114/><F114/><W35/><G27/><T63/><D135/><U52/><E67/><V7/><F7/><W24/><G24/><AGARI ba="0,0" hai="6,8,13,16,23,24,37,42,46,51,52,57,70,71" machi="24" ten="30,5800,0" yaku="7,1,54,2" doraHai="31" who="1" fromWho="3" sc="243,0,288,58,218,0,251,-58" owari="243,4.0,346,45.0,218,-18.0,193,-31.0" /></mjloggm>