<mjloggm ver="2.3"><GO type="97" lobby="0"/><UN n0="%E3%82%A6%E3%83%AB%E3%83%88%E3%83%A9%E7%AB%8B%E7%9B%B4" n1="%47%59%41%4D%45" n2="%48%4F%48" n3="%E3%81%9D%E3%81%93%E3%82%92%E5%8F%B3%E3%81%A7%E3%81%99" dan="13,13,15,14" rate="1844.36,1913.43,1946.58,1875.24" sx="M,M,M,M"/><TAIKYOKU oya="0"/><INIT seed="0,0,0,1,1,30" ten="250,250,250,250" oya="0" hai0="46,84,17,90,114,119,6,9,5,27,83,110,135" hai1="76,92,129,108,12,111,105,127,117,103,88,19,124" hai2="69,73,68,116,14,93,85,132,41,13,56,70,16" hai3="44,50,115,10,67,24,118,81,66,128,63,113,18"/><T62/><D119/><U78/><E19/><V123/><F73/><W23/><G128/><T131/><D114/><U96/><E12/><V36/><F13/><W54/><G118/><T104/><D104/><U20/><E20/><V109/><F123/><W47/><G67/><T101/><D131/><U125/><E117/><V3/><F3/><W100/><G100/><T77/><D101/><U7/><E7/><N who="0" m="2569" /><D135/><U45/><E45/><V55/><F41/><W112/><G44/><T61/><D110/><U72/><E72/><V29/><F29/><W52/><G81/><T32/><D32/><U89/><E89/><V65/><F36/><W99/><G99/><T91/><D46/><U102/><E102/><V98/><F98/><W87/><G87/><T126/><D126/><U75/><E129/><V97/><F97/><W95/><G95/><T0/><D0/><U121/><E121/><V49/><F109/><N who="1" m="42057" /><E75/><V33/><F132/><W38/><G38/><T35/><D35/><U60/><E60/><N who="0" m="23145" /><D9/><U80/><E80/><V134/><F134/><W21/><G10/><T31/><D31/><U37/><E37/><V57/><F116/><W11/><G11/><T53/><D17/><U86/><AGARI ba="0,0" hai="76,78,86,88,92,96,103,105,124,125,127" m="42057" machi="86" ten="40,8000,1" yaku="18,1,14,1,34,2,54,1" doraHai="30" who="1" fromWho="1" sc="250,-40,250,80,250,-20,250,-20" /><INIT seed="1,0,0,0,3,27" ten="210,330,230,230" oya="1" hai0="8,112,14,82,32,38,34,116,2,97,89,106,16" hai1="23,133,117,41,48,103,40,53,87,9,21,76,74" hai2="95,110,26,78,119,96,18,4,134,128,47,93,30" hai3="28,59,39,69,113,90,122,81,3,64,10,35,51"/><U12/><E74/><V130/><F4/><W91/><G122/><T56/><D116/><U60/><E117/><V31/><F119/><W107/><G113/><T15/><D112/><U135/><E103/><V25/><F18/><W75/><G39/><T94/><D2/><U37/><E37/><V11/><F11/><W22/><G35/><T17/><D38/><U24/><E60/><V125/><F125/><W63/><G107/><T123/><D123/><U73/><E73/><V124/><F124/><W120/><G120/><T101/><D56/><U33/><E33/><N who="2" m="20687" /><F110/><W115/><G75/><T99/><REACH who="0" step="1"/><D82/><REACH who="0" ten="200,330,230,230" step="2"/><N who="1" m="47559" /><E135/><V19/><F134/><W6/><G81/><T77/><D77/><U29/><E133/><V80/><F78/><W83/><G83/><T109/><D109/><U1/><E1/><V43/><F80/><W98/><G115/><T49/><D49/><U57/><E21/><AGARI ba="0,1" hai="8,14,15,16,17,21,32,34,89,94,97,99,101,106" machi="21" ten="30,3900,0" yaku="1,1,7,1,54,1,53,0" doraHai="27" doraHaiUra="114" who="0" fromWho="1" sc="200,49,330,-39,230,0,230,0" /><INIT seed="2,0,0,0,4,98" ten="249,291,230,230" oya="2" hai0="48,125,18,107,11,101,30,10,34,111,29,128,89" hai1="2,96,65,69,40,59,26,109,120,131,99,9,55" hai2="127,118,119,61,103,78,7,105,12,58,0,92,85" hai3="60,45,70,77,122,67,19,126,32,135,27,39,129"/><V52/><F0/><W4/><G122/><T8/><D89/><U6/><E120/><V22/><F127/><W20/><G129/><T63/><D63/><U41/><E131/><V117/><F7/><W112/><G135/><T13/><D48/><U3/><E109/><V68/><F68/><W86/><G126/><T5/><D128/><U38/><E2/><V54/><F78/><W50/><G4/><T84/><D84/><U132/><E132/><V82/><F82/><W88/><G77/><T83/><D83/><U66/><E26/><V15/><F105/><W72/><G72/><T49/><D101/><U75/><E75/><V108/><F108/><W23/><G112/><T80/><D49/><N who="1" m="31215" /><E65/><V73/><F73/><W36/><G23/><N who="0" m="11727" /><D80/><U114/><E41/><V123/><F123/><W91/><G32/><T76/><D76/><U134/><E114/><V56/><F22/><W90/><REACH who="3" step="1"/><G86/><REACH who="3" ten="249,291,230,220" step="2"/><T95/><D125/><U64/><E134/><V94/><F85/><W97/><G97/><T47/><D34/><U102/><E64/><V79/><F79/><W1/><G1/><T71/><D111/><U53/><E102/><V113/><F113/><W21/><G21/><T46/><D10/><U37/><E53/><AGARI ba="0,1" hai="19,20,27,36,39,45,50,53,60,67,70,88,90,91" machi="53" ten="40,2600,0" yaku="1,1,54,1,53,0" doraHai="98" doraHaiUra="130" who="3" fromWho="1" sc="249,0,291,-26,230,0,220,36" /><INIT seed="3,0,0,3,0,15" ten="249,265,230,256" oya="3" hai0="19,57,100,109,67,122,116,113,52,121,40,125,8" hai1="28,0,30,90,128,96,20,26,120,132,87,1,7" hai2="70,38,36,23,75,77,93,107,91,37,58,3,104" hai3="86,2,44,48,12,4,134,119,54,118,25,55,72"/><W97/><G72/><T123/><D116/><U18/><E96/><V95/><F70/><W114/><G2/><T129/><D67/><U65/><E65/><V115/><F3/><N who="1" m="1097" /><E90/><V108/><F115/><W33/><G114/><T66/><D66/><U10/><E87/><V11/><F11/><W112/><G112/><T21/><D113/><U56/><E56/><V133/><F58/><W89/><G134/><T78/><D8/><U131/><E132/><V16/><F133/><W124/><G124/><T42/><D125/><U32/><E120/><V62/><F108/><W135/><G97/><T81/><D109/><U106/><E106/><V49/><F49/><W103/><G103/><T98/><D123/><U85/><E85/><V6/><F6/><W82/><G55/><T14/><D121/><U83/><E83/><V9/><F9/><W41/><G135/><T39/><D39/><U94/><E94/><V110/><F62/><W13/><G54/><T46/><D46/><U24/><E28/><V79/><F110/><W88/><G89/><T68/><D68/><U105/><E105/><V47/><F47/><W63/><G63/><N who="0" m="36263" /><D122/><U31/><E7/><V127/><F127/><W71/><G71/><T45/><D45/><U22/><E10/><V61/><F61/><W69/><G69/><T34/><D42/><U126/><E126/><V59/><F59/><W53/><G41/><T64/><D64/><U51/><E51/><V102/><F104/><W73/><G73/><T84/><D40/><U92/><E92/><N who="2" m="35403" /><F75/><W111/><G111/><T60/><D60/><U27/><AGARI ba="0,0" hai="18,20,22,24,26,27,30,31,32,128,131" m="1097" machi="27" ten="30,7900,0" yaku="5,1,34,2,52,1" doraHai="15" who="1" fromWho="1" sc="249,-20,265,79,230,-20,256,-39" owari="229,3.0,344,44.0,210,-29.0,217,-18.0" /></mjloggm>