<mjloggm ver="2.3"><GO type="97" lobby="0"/><UN n0="%6F%72%75%74%65%32%30%31" n1="%79%61%6D%61%77%61%6B%69" n2="%E3%82%A6%E3%83%AB%E3%83%88%E3%83%A9%E7%AB%8B%E7%9B%B4" n3="%E3%83%9E%E3%83%8A%E3%83%96%E3%83%B3%2E%2E" dan="13,13,13,14" rate="1892.23,1831.00,1916.89,1929.45" sx="M,M,M,M"/><TAIKYOKU oya="0"/><INIT seed="0,0,0,2,3,24" ten="250,250,250,250" oya="0" hai0="1,69,38,134,89,15,88,128,37,49,91,64,51" hai1="13,26,33,0,86,110,125,102,92,101,129,81,30" hai2="80,117,31,52,56,71,121,130,63,98,99,104,2" hai3="32,120,22,20,78,112,29,54,40,61,83,109,107"/><T97/><D134/><U62/><E110/><V119/><F2/><W48/><G112/><T103/><D1/><U39/><E129/><V21/><F130/><W19/><G109/><T135/><D135/><U90/><E125/><V74/><F71/><W70/><G120/><T68/><D128/><U6/><E39/><V82/><F121/><W11/><G107/><T127/><D127/><U87/><E0/><V105/><F105/><W42/><G11/><T93/><D15/><U3/><E3/><V94/><F104/><W7/><G7/><T43/><D43/><U41/><E41/><V14/><F98/><W34/><G32/><T60/><REACH who="0" step="1"/><D69/><REACH who="0" ten="240,250,250,250" step="2"/><U17/><E13/><V132/><F132/><W18/><G70/><T57/><D57/><U9/><E26/><N who="2" m="16847" /><F14/><W12/><G42/><T95/><D95/><U27/><E92/><V115/><F115/><W124/><G40/><T116/><D116/><N who="2" m="44618" /><F74/><W84/><G124/><T25/><D25/><U114/><E27/><V96/><F94/><W133/><G133/><T72/><D72/><U10/><E114/><V47/><F47/><W58/><G12/><T28/><D28/><U76/><E76/><V53/><F82/><W8/><G29/><T100/><D100/><U23/><E81/><V4/><F80/><W106/><G106/><T65/><D65/><U45/><E101/><V73/><F73/><W50/><G83/><T66/><D66/><U79/><E102/><V118/><N who="2" m="44626" /><V55/><DORA hai="111" /><F4/><W44/><G78/><T59/><D59/><U126/><E6/><V36/><F36/><AGARI ba="0,1" hai="36,37,38,49,51,60,64,68,88,89,91,93,97,103" machi="36" ten="40,12000,1" yaku="1,1,54,1,53,3" doraHai="24,111" doraHaiUra="85,75" who="0" fromWho="2" sc="240,130,250,0,250,-120,250,0" /><INIT seed="0,1,0,2,4,73" ten="370,250,130,250" oya="0" hai0="43,13,112,131,26,96,80,36,135,88,110,4,105" hai1="122,93,113,102,35,84,22,58,52,130,133,8,86" hai2="14,62,95,19,103,32,106,39,108,76,79,56,97" hai3="49,47,66,10,41,17,83,111,27,51,64,89,74"/><T92/><D112/><U75/><E113/><V25/><F39/><W30/><G111/><T0/><D0/><U94/><E122/><V99/><F108/><W118/><G118/><T128/><D110/><U69/><E133/><V67/><F32/><W82/><G51/><T38/><D26/><U12/><E130/><N who="0" m="49705" /><D105/><U59/><E69/><V104/><F25/><W53/><G41/><T70/><D70/><U61/><E75/><V124/><F124/><W117/><G117/><T85/><D135/><U45/><E35/><V100/><REACH who="2" step="1"/><F95/><REACH who="2" ten="370,250,120,250" step="2"/><W57/><G27/><T101/><D43/><U116/><E93/><V21/><AGARI ba="1,1" hai="14,19,21,56,62,67,76,79,97,99,100,103,104,106" machi="21" ten="20,12000,2" yaku="1,1,2,1,0,1,7,1,9,1,52,2,53,0" doraHai="73" doraHaiUra="5" who="2" fromWho="2" sc="370,-61,250,-31,120,133,250,-31" /><INIT seed="1,0,0,5,4,47" ten="309,219,253,219" oya="1" hai0="25,98,97,43,31,106,58,26,48,3,109,134,27" hai1="122,9,35,125,101,15,120,33,87,41,5,6,14" hai2="73,129,39,113,60,18,59,20,36,71,85,103,114" hai3="0,63,90,76,96,132,57,74,84,112,34,79,24"/><U124/><E41/><V61/><F73/><W29/><G112/><N who="2" m="43113" /><F129/><W78/><G132/><T77/><D134/><U16/><E101/><V23/><F103/><W4/><G96/><T83/><D109/><U17/><E87/><V104/><F104/><W7/><G74/><T66/><D106/><U68/><E68/><V135/><F135/><W126/><G126/><T42/><D3/><U69/><E69/><V62/><F71/><W8/><G7/><T12/><D31/><U86/><E86/><V2/><F2/><W121/><G121/><T118/><D118/><U92/><E92/><V64/><F85/><W45/><G45/><T111/><D111/><U91/><E91/><V110/><F110/><W80/><G78/><T82/><D12/><U72/><E72/><V81/><F81/><N who="0" m="30730" /><D77/><U11/><AGARI ba="0,0" hai="5,6,9,11,14,15,16,17,33,35,120,122,124,125" machi="11" ten="25,18000,2" yaku="0,1,22,2,34,3,54,1" doraHai="47" who="1" fromWho="1" sc="309,-60,219,180,253,-60,219,-60" /><INIT seed="1,1,0,4,4,53" ten="249,399,193,159" oya="1" hai0="80,90,29,48,98,57,134,131,70,77,20,65,94" hai1="18,52,117,79,54,87,32,112,2,122,55,14,30" hai2="15,25,95,1,132,56,31,38,34,51,123,23,13" hai3="41,40,24,115,47,89,60,10,39,21,59,74,33"/><U118/><E122/><V75/><F38/><W8/><G115/><T104/><D134/><U97/><E112/><V22/><F75/><W63/><G63/><T116/><D116/><U124/><E124/><V69/><F69/><W110/><G33/><T45/><D131/><U3/><E3/><V36/><F36/><W76/><G110/><T103/><D70/><U100/><E2/><V66/><F1/><W28/><G41/><T11/><D11/><U73/><E73/><V83/><F132/><W5/><G89/><T101/><D104/><U93/><E32/><V17/><F123/><W85/><G85/><T108/><D108/><U86/><E30/><V120/><F120/><W46/><G46/><T84/><D29/><U111/><E111/><V0/><F0/><W106/><G106/><T9/><D9/><U113/><E113/><V91/><F83/><W19/><G19/><T35/><D35/><U26/><E26/><V4/><F4/><W78/><G5/><T129/><D129/><U130/><E130/><V49/><F34/><W107/><G107/><T61/><REACH who="0" step="1"/><D20/><REACH who="0" ten="239,399,193,159" step="2"/><U50/><E118/><V127/><F23/><W42/><G10/><T88/><D88/><U121/><E117/><V71/><F31/><W99/><G8/><T135/><D135/><U7/><E121/><V96/><F71/><W44/><G76/><T133/><D133/><U126/><E79/><V16/><F127/><W43/><G78/><T37/><D37/><U72/><E126/><V105/><F105/><W12/><G39/><T82/><D82/><U27/><E100/><V58/><F22/><RYUUKYOKU ba="1,1" sc="239,30,399,-10,193,-10,159,-10" hai0="45,48,57,61,65,77,80,84,90,94,98,101,103" /><INIT seed="2,2,1,5,3,7" ten="269,389,183,149" oya="2" hai0="48,100,79,47,26,87,9,117,27,36,49,24,55" hai1="114,107,82,59,105,134,38,37,69,63,31,115,21" hai2="6,91,60,10,35,22,112,62,42,32,129,98,75" hai3="102,101,123,43,71,67,8,92,40,50,0,97,53"/><V74/><F112/><W89/><G123/><T119/><D36/><U77/><E134/><V20/><F42/><W11/><G0/><T34/><D34/><U106/><E69/><V33/><F129/><W93/><G71/><T65/><D100/><U99/><E31/><V116/><F116/><W85/><G67/><T66/><D65/><U94/><E21/><N who="2" m="8299" /><F91/><W13/><G13/><T45/><D66/><U58/><E38/><V125/><F6/><W72/><G72/><N who="2" m="27689" /><F98/><W2/><G2/><T73/><D73/><U121/><E37/><V61/><F125/><W104/><G104/><T96/><D96/><U83/><E114/><V132/><F132/><W17/><G17/><T118/><D9/><AGARI ba="2,1" hai="9,10,32,33,35,60,61,62" m="27689,8299" machi="9" ten="40,12000,1" yaku="28,2,52,2" doraHai="7" who="2" fromWho="0" sc="269,-126,389,0,183,136,149,0" /><INIT seed="2,3,0,0,4,131" ten="143,389,319,149" oya="2" hai0="64,20,96,127,36,28,72,121,102,86,83,135,44" hai1="114,15,46,29,67,30,43,57,123,6,116,75,0" hai2="122,17,23,27,94,18,88,106,85,87,104,118,5" hai3="115,70,2,112,60,26,7,98,24,134,128,80,33"/><V105/><F122/><W74/><G128/><T55/><D55/><U91/><E123/><V110/><F118/><W58/><G98/><T51/><D51/><BYE who="0" /><U39/><E116/><V78/><F5/><W1/><G58/><T111/><D111/><U92/><E114/><N who="3" m="43562" /><G7/><T8/><D8/><U61/><E75/><V130/><F130/><W54/><G26/><T120/><D120/><U56/><E0/><V124/><F124/><W11/><G11/><T65/><D65/><U107/><E107/><V42/><F42/><W3/><G54/><T93/><D93/><U52/><E6/><V34/><F34/><W25/><G25/><T108/><D108/><U63/><REACH who="1" step="1"/><E15/><REACH who="1" ten="143,379,319,149" step="2"/><V21/><F110/><W79/><G24/><T82/><D82/><U101/><E101/><V40/><F40/><W16/><G33/><T100/><D100/><U48/><E48/><V117/><F117/><W45/><G3/><T4/><D4/><U71/><E71/><V41/><F41/><W32/><G70/><T125/><D125/><U49/><E49/><V9/><F105/><W132/><G32/><T97/><D97/><AGARI ba="3,1" hai="29,30,39,43,46,52,56,57,61,63,67,91,92,97" machi="97" ten="30,8000,1" yaku="1,1,7,1,54,1,53,2" doraHai="131" doraHaiUra="59" who="1" fromWho="0" sc="143,-89,379,99,319,0,149,0" /><INIT seed="3,0,0,5,1,85" ten="54,478,319,149" oya="3" hai0="109,73,53,57,117,86,5,69,70,9,19,47,65" hai1="80,96,107,126,110,40,123,105,112,36,16,75,101" hai2="111,42,43,116,25,0,90,66,114,97,55,67,121" hai3="60,71,92,68,1,35,22,30,93,39,128,10,79"/><W104/><G39/><T133/><D133/><U32/><E16/><V2/><F116/><W21/><G104/><T34/><D34/><U118/><E107/><V89/><F97/><W29/><G128/><T59/><D59/><U125/><E118/><V135/><F25/><W3/><G79/><T7/><D7/><U41/><E123/><V106/><F106/><W62/><G10/><T127/><D127/><U82/><E112/><V14/><F14/><W95/><G95/><T6/><D6/><U15/><E110/><V50/><F50/><W48/><G48/><T122/><D122/><U45/><E15/><V115/><F121/><W61/><G61/><T78/><D78/><N who="1" m="44127" /><E82/><V58/><F58/><W132/><G132/><T129/><D129/><U46/><E32/><AGARI ba="0,0" hai="1,3,21,22,29,30,32,35,60,62,68,71,92,93" machi="32" ten="25,2400,0" yaku="22,2" doraHai="85" who="3" fromWho="1" sc="54,0,478,-24,319,0,149,24" /><INIT seed="3,1,0,5,0,42" ten="54,454,319,173" oya="3" hai0="114,15,123,122,29,25,56,107,79,48,3,62,41" hai1="13,0,126,121,132,70,32,130,6,67,100,77,2" hai2="127,60,85,47,119,27,116,78,125,81,135,4,108" hai3="40,113,28,12,110,26,36,73,21,63,94,106,52"/><W33/><G113/><T39/><D39/><U37/><E126/><V82/><F4/><W68/><G106/><T76/><D76/><U35/><E130/><V83/><F60/><W49/><G73/><T64/><D64/><U46/><E132/><V20/><F78/><W45/><G110/><T112/><D112/><U1/><E46/><V38/><F85/><W87/><G12/><T91/><D91/><U54/><E13/><V92/><F92/><W66/><G87/><T129/><D129/><U90/><E121/><V50/><F38/><W131/><G131/><T133/><D133/><U86/><E37/><V128/><F128/><W97/><G94/><T134/><D134/><U115/><E2/><V93/><F93/><W89/><G89/><T88/><D88/><U23/><E1/><V105/><F105/><W10/><G10/><T8/><D8/><U69/><E0/><V55/><F135/><W61/><G61/><T30/><D30/><U22/><E32/><V5/><F5/><W75/><G75/><T58/><D58/><U57/><E6/><V53/><F108/><W111/><G111/><T80/><D80/><U31/><E90/><V16/><REACH who="2" step="1"/><F55/><REACH who="2" ten="54,454,309,173" step="2"/><W109/><G109/><T11/><D11/><U117/><E54/><V59/><F59/><N who="3" m="33167" /><G97/><T120/><D120/><U43/><E117/><AGARI ba="1,1" hai="16,20,27,47,50,53,81,82,83,116,117,119,125,127" machi="117" ten="40,8000,1" yaku="1,1,52,1,54,1,53,1" doraHai="42" doraHaiUra="18" who="2" fromWho="1" sc="54,0,454,-83,309,93,173,0" owari="54,-45.0,371,17.0,402,51.0,173,-23.0" /></mjloggm>