<mjloggm ver="2.3"><GO type="169" lobby="0"/><UN n0="%E3%81%8A%E3%81%98%E3%81%95%E3%82%93" n1="%E3%82%B9%E3%83%9E" n2="%E3%82%A6%E3%83%AB%E3%83%88%E3%83%A9%E7%AB%8B%E7%9B%B4" n3="%73%68%6F%6F%74%33%39" dan="17,16,17,19" rate="2163.13,2105.40,2179.06,2286.25" sx="M,F,M,M"/><TAIKYOKU oya="0"/><INIT seed="0,0,0,2,5,1" ten="250,250,250,250" oya="0" hai0="16,131,132,83,101,26,76,109,133,70,103,8,108" hai1="82,124,81,23,20,48,110,18,74,66,35,57,86" hai2="40,96,93,17,68,62,97,67,129,73,25,120,56" hai3="121,34,2,41,6,123,61,128,91,80,60,64,29"/><T7/><D70/><U99/><E35/><V114/><F73/><W12/><G2/><N who="0" m="119" /><D131/><U53/><E124/><V59/><F114/><W119/><G128/><T52/><D52/><U14/><E74/><V94/><F120/><W38/><G119/><T116/><D116/><U22/><E99/><V92/><F40/><W43/><G38/><T125/><D125/><U69/><E66/><V78/><F78/><W51/><G51/><T27/><D27/><U9/><E69/><V39/><F39/><W117/><G64/><T31/><D16/><U104/><E104/><V46/><F46/><W3/><G91/><T118/><D118/><U95/><E110/><N who="0" m="42601" /><D83/><U100/><REACH who="1" step="1"/><E86/><REACH who="1" ten="250,240,250,250" step="2"/><V49/><F68/><W55/><G117/><T130/><D76/><U134/><E134/><N who="0" m="51817" /><D130/><U11/><E11/><V84/><F129/><W58/><G121/><T122/><D122/><U24/><E24/><V10/><F25/><W111/><G123/><T135/><D135/><U98/><AGARI ba="0,1" hai="9,14,18,20,22,23,48,53,57,81,82,95,98,100" machi="98" ten="30,4000,0" yaku="1,1,0,1,8,1,53,0" doraHai="1" doraHaiUra="63" who="1" fromWho="1" sc="250,-20,240,50,250,-10,250,-10" /><INIT seed="1,0,0,1,4,123" ten="230,290,240,240" oya="1" hai0="2,46,1,107,125,89,95,62,78,88,98,18,16" hai1="72,133,129,43,92,44,51,81,94,6,100,115,124" hai2="8,66,85,97,56,119,111,22,76,105,87,29,109" hai3="74,38,28,79,114,11,55,0,128,60,131,103,64"/><U47/><E115/><V59/><F119/><W41/><G55/><T61/><D125/><U31/><E124/><V30/><F8/><W68/><G103/><T77/><D107/><U104/><E104/><V25/><F30/><W53/><G53/><T130/><D130/><U3/><E129/><V58/><F66/><W49/><G49/><T36/><D36/><U37/><E133/><V135/><F135/><W35/><G114/><T5/><D5/><U120/><E120/><V127/><F127/><W91/><G91/><T132/><D132/><U71/><E71/><V34/><F34/><W24/><G79/><T126/><D126/><U80/><E31/><V113/><F113/><W7/><REACH who="3" step="1"/><G74/><REACH who="3" ten="230,290,240,230" step="2"/><T99/><D95/><U4/><E100/><N who="2" m="62607" /><F76/><W106/><G106/><T48/><D48/><U13/><E72/><V134/><F134/><W33/><G33/><T122/><D46/><AGARI ba="0,1" hai="0,7,11,24,28,35,38,41,46,60,64,68,128,131" machi="46" ten="40,5200,0" yaku="1,1,23,2,53,0" doraHai="123" doraHaiUra="86" who="3" fromWho="0" sc="230,-52,290,0,240,0,230,62" /><INIT seed="2,0,0,0,2,57" ten="178,290,240,292" oya="2" hai0="4,102,125,41,81,127,71,56,27,8,69,43,110" hai1="15,108,134,84,116,104,119,14,22,5,0,96,9" hai2="19,46,11,51,42,1,121,45,109,131,24,12,6" hai3="67,59,32,17,86,91,31,7,83,66,10,80,133"/><V54/><F131/><W98/><G133/><T111/><D27/><U99/><E134/><V36/><F121/><W115/><G115/><T123/><D102/><U20/><E108/><N who="0" m="41513" /><D81/><U130/><E84/><V48/><F109/><W37/><G37/><T75/><D75/><U52/><E130/><V38/><REACH who="2" step="1"/><F24/><REACH who="2" ten="178,290,230,292" step="2"/><W92/><G32/><T16/><D123/><U87/><E119/><V107/><F107/><W105/><G105/><T13/><D127/><U77/><E104/><V68/><F68/><W113/><G113/><T120/><D125/><U101/><E116/><V47/><F47/><W18/><G31/><T28/><D28/><U118/><E118/><V85/><F85/><W3/><G83/><T62/><D120/><U49/><E87/><V23/><AGARI ba="0,1" hai="1,6,11,12,19,23,36,38,42,45,46,48,51,54" machi="23" ten="20,3900,0" yaku="1,1,0,1,7,1,53,0" doraHai="57" doraHaiUra="29" who="2" fromWho="2" sc="178,-13,290,-13,230,49,292,-13" /><INIT seed="2,1,0,4,4,109" ten="165,277,279,279" oya="2" hai0="119,126,93,19,116,104,96,25,30,64,8,130,69" hai1="29,56,27,81,18,37,12,135,22,28,84,117,33" hai2="38,118,5,0,45,2,11,24,23,34,48,114,21" hai3="83,87,60,63,4,58,91,13,128,67,49,68,40"/><V85/><F38/><W122/><G128/><T65/><D130/><U103/><E117/><V107/><F107/><W50/><G122/><T55/><D126/><U9/><E37/><V90/><F118/><N who="0" m="45098" /><D104/><U134/><E103/><V100/><F100/><W121/><G121/><T6/><D19/><U10/><E56/><V15/><F114/><W36/><G36/><T53/><D69/><U98/><E98/><V52/><F34/><W61/><G40/><T133/><D133/><N who="1" m="50699" /><E29/><V32/><F32/><W59/><G68/><T35/><D65/><U43/><E43/><V99/><F99/><W75/><G75/><T41/><D41/><U94/><E94/><V131/><F131/><W110/><G110/><T95/><D64/><U113/><E113/><V101/><F101/><W125/><G125/><T92/><D96/><U39/><E39/><V51/><F48/><N who="3" m="18539" /><G67/><T66/><D66/><U102/><E102/><V78/><F78/><AGARI ba="1,0" hai="9,10,12,18,22,27,28,33,78,81,84" m="50699" machi="78" ten="30,1000,0" yaku="20,1" doraHai="109" who="1" fromWho="2" sc="165,0,277,13,279,-13,279,0" /><INIT seed="3,0,0,5,5,82" ten="165,290,266,279" oya="3" hai0="101,57,103,6,112,104,125,63,11,65,87,16,47" hai1="38,131,114,29,52,62,96,56,8,51,66,23,44" hai2="132,1,10,31,84,88,17,97,0,117,121,115,128" hai3="42,28,60,54,90,109,105,93,35,113,67,110,108"/><W83/><G105/><T27/><D125/><U126/><E114/><V45/><F117/><W40/><G113/><T134/><D112/><U58/><E126/><V39/><F115/><W55/><G83/><T133/><D47/><U14/><E96/><V130/><F31/><W19/><G19/><T22/><D87/><U73/><E73/><V98/><F132/><W99/><G28/><T122/><D122/><U4/><E38/><V5/><F1/><W26/><G26/><T50/><D50/><U116/><E131/><N who="2" m="50219" /><F121/><W24/><G24/><T64/><D64/><U74/><E74/><V119/><F119/><W20/><G20/><T61/><D61/><U12/><E116/><V18/><F18/><W107/><G107/><T13/><REACH who="0" step="1"/><D104/><REACH who="0" ten="155,290,266,279" step="2"/><U129/><E129/><V91/><F45/><W118/><G118/><T123/><D123/><U49/><E49/><V120/><F39/><W106/><G106/><T36/><D36/><U124/><E124/><V3/><F120/><W25/><G67/><T92/><D92/><U79/><E44/><V75/><F75/><W53/><G60/><T81/><D81/><U30/><E79/><V100/><F84/><W102/><G93/><T95/><D95/><U2/><E51/><V7/><F98/><W77/><G77/><T86/><D86/><U46/><E46/><V135/><F97/><W48/><G99/><T59/><D59/><U21/><E58/><V72/><F72/><W34/><G48/><T15/><D15/><N who="1" m="5675" /><E66/><V70/><F3/><W89/><G53/><T85/><D85/><U76/><E76/><V69/><F0/><RYUUKYOKU ba="0,1" sc="155,15,290,15,266,-15,279,-15" hai0="6,11,13,16,22,27,57,63,65,101,103,133,134" hai1="2,4,8,21,23,29,30,52,56,62" /><INIT seed="4,1,1,0,5,92" ten="170,305,251,264" oya="0" hai0="29,68,9,109,0,22,122,41,46,95,38,73,114" hai1="50,18,36,1,65,40,53,69,35,27,72,17,129" hai2="31,49,90,67,78,134,4,77,88,97,120,56,105" hai3="45,34,102,115,8,110,130,133,96,60,117,15,79"/><T30/><D122/><U113/><E72/><V132/><F120/><W47/><G117/><T23/><D114/><U128/><E1/><V87/><F4/><W37/><G115/><T7/><D68/><U52/><E113/><V39/><F39/><W16/><G110/><T119/><D119/><U80/><E80/><N who="2" m="49255" /><F31/><W61/><G34/><T64/><D109/><U124/><E124/><V107/><F49/><W6/><G130/><T10/><D64/><U48/><E35/><V12/><F12/><W44/><G37/><T135/><D135/><N who="2" m="51754" /><F56/><W76/><G133/><T33/><D95/><U5/><E5/><V106/><F67/><W121/><G6/><T57/><D57/><U13/><E13/><V54/><F54/><W112/><G112/><T99/><D99/><U21/><E36/><V11/><F11/><W62/><REACH who="3" step="1"/><G121/><REACH who="3" ten="170,305,251,254" step="2"/><T75/><D33/><U93/><E129/><V55/><F55/><W116/><G116/><T43/><D38/><U81/><E53/><V14/><F14/><W59/><G59/><T100/><D7/><U131/><E52/><V104/><F104/><AGARI ba="1,2" hai="8,15,16,44,45,47,60,61,62,76,79,96,102,104" machi="104" ten="40,5200,0" yaku="1,1,52,1,54,1,53,0" doraHai="92" doraHaiUra="24" who="3" fromWho="2" sc="170,0,305,0,251,-55,254,75" /><INIT seed="5,0,0,3,2,49" ten="170,305,196,329" oya="1" hai0="132,73,13,18,10,66,87,35,60,45,121,2,67" hai1="82,105,134,117,28,20,111,78,109,83,101,69,21" hai2="53,62,12,106,116,115,4,95,0,85,43,63,38" hai3="113,89,92,42,119,44,103,27,57,90,88,51,76"/><U75/><E69/><V5/><F106/><W6/><G113/><T61/><D73/><U104/><E117/><V9/><F116/><W81/><G119/><T24/><D121/><U7/><E7/><V48/><F115/><W79/><G6/><T133/><D2/><U47/><E47/><V33/><F33/><W23/><G57/><T131/><D131/><U84/><E28/><V64/><F64/><N who="0" m="24618" /><D87/><U19/><E21/><V39/><F39/><W22/><G81/><T36/><D35/><U130/><E130/><V99/><F43/><W129/><G129/><T37/><D24/><U112/><E112/><V93/><F38/><N who="0" m="14954" /><D45/><U32/><E32/><V122/><F122/><W74/><G74/><T86/><D86/><U125/><E20/><N who="3" m="7722" /><G27/><T96/><D96/><AGARI ba="0,0" hai="42,44,51,76,79,88,89,90,92,96,103" m="7722" machi="96" ten="30,2000,0" yaku="8,1,54,1" doraHai="49" who="3" fromWho="0" sc="170,-20,305,0,196,0,329,20" /><INIT seed="6,0,0,1,4,78" ten="150,305,196,349" oya="2" hai0="108,67,65,128,93,64,34,127,69,40,100,96,106" hai1="75,6,7,133,55,114,26,117,83,125,54,57,9" hai2="101,59,45,107,30,103,22,35,49,89,17,47,13" hai3="87,19,85,129,2,80,63,115,60,74,68,130,24"/><V20/><F35/><W111/><G111/><T66/><D108/><U3/><E117/><V61/><F107/><W37/><G2/><T110/><D110/><U38/><E114/><V82/><F30/><W44/><G74/><T58/><D127/><U116/><E116/><V118/><F22/><N who="3" m="13407" /><G87/><T43/><D128/><N who="3" m="49257" /><G68/><T11/><D34/><U112/><E112/><V90/><F118/><W10/><G10/><T98/><D69/><U121/><E121/><V25/><F13/><W14/><G14/><T12/><N who="0" m="16384" /><DORA hai="135" /><T31/><D31/><U131/><E131/><V15/><F15/><W76/><G115/><T105/><D58/><U72/><E9/><V51/><F61/><W5/><G5/><T50/><D50/><U42/><E26/><V86/><F59/><W27/><G27/><T81/><D81/><U52/><E57/><V33/><F33/><W18/><G18/><T21/><D21/><U84/><E3/><V109/><F109/><W29/><G29/><T48/><D48/><U94/><E72/><V102/><F49/><W28/><G28/><T41/><REACH who="0" step="1"/><D98/><REACH who="0" ten="140,305,196,349" step="2"/><U39/><E39/><V122/><F122/><W16/><G37/><T113/><D113/><U132/><E38/><V91/><F51/><W53/><G63/><T77/><D77/><AGARI ba="0,1" hai="17,20,25,45,47,77,82,86,89,90,91,101,102,103" machi="77" ten="40,3900,0" yaku="8,1,52,1" doraHai="78,135" who="2" fromWho="0" sc="140,-39,305,0,196,49,349,0" /><INIT seed="6,1,0,1,0,61" ten="101,305,245,349" oya="2" hai0="68,56,99,120,49,86,90,127,72,23,77,123,38" hai1="119,101,13,122,34,59,82,5,69,63,76,79,102" hai2="124,115,29,128,1,12,113,48,78,42,111,35,0" hai3="83,62,39,41,81,2,114,22,11,36,3,30,57"/><V80/><F35/><W50/><G39/><T103/><D38/><U85/><E34/><V45/><F29/><W55/><G36/><T75/><D68/><U58/><E119/><V110/><F12/><W121/><G121/><T87/><D23/><U93/><E69/><V129/><F1/><W105/><G105/><N who="0" m="63743" /><D49/><U54/><E59/><V97/><F97/><W8/><G3/><T92/><D56/><U71/><E76/><V60/><F0/><W67/><G114/><N who="2" m="43529" /><F60/><W133/><G133/><T16/><D16/><U65/><E122/><V32/><F32/><W89/><G41/><T18/><D18/><U132/><E132/><V7/><F7/><W10/><G2/><T88/><D127/><U20/><E93/><V40/><F40/><W98/><G22/><T106/><D123/><U43/><E43/><V21/><F21/><W33/><G30/><T94/><D120/><U73/><E73/><N who="0" m="28233" /><D77/><U70/><E70/><V96/><F124/><W104/><G33/><T47/><D47/><U4/><E4/><V118/><F48/><W31/><G31/><T107/><AGARI ba="1,0" hai="86,87,88,90,92,94,106,107" m="28233,63743" machi="107" ten="30,12000,2" yaku="35,5,54,1" doraHai="61" who="0" fromWho="0" sc="101,123,305,-31,245,-61,349,-31" /><INIT seed="7,0,0,5,0,27" ten="224,274,184,318" oya="3" hai0="18,67,76,68,85,129,64,8,107,110,72,57,40" hai1="61,120,105,101,52,48,41,81,42,88,30,102,98" hai2="56,53,25,20,128,91,33,12,21,84,133,77,75" hai3="34,22,80,14,23,46,122,73,79,65,89,55,87"/><W93/><G34/><T11/><D72/><U9/><E120/><V123/><F123/><W118/><G118/><T28/><D107/><U117/><E117/><V35/><F128/><W125/><G125/><T74/><D74/><U83/><E61/><V109/><F133/><W126/><G126/><T26/><D110/><U92/><E9/><N who="0" m="3657" /><D68/><U99/><E30/><V37/><F37/><W38/><G65/><N who="0" m="25163" /><D129/><U50/><E50/><V16/><F109/><W104/><G104/><T113/><D113/><U127/><E127/><V78/><F75/><W32/><G32/><T131/><D131/><U51/><E51/><N who="2" m="30783" /><F35/><W71/><G71/><T44/><D57/><U59/><E83/><V4/><F4/><W94/><G80/><N who="0" m="47239" /><D18/><U3/><E3/><V19/><F33/><W5/><G5/><T103/><D103/><U115/><E115/><V66/><F66/><W47/><G73/><T130/><D130/><U58/><E58/><V95/><AGARI ba="0,0" hai="12,16,19,20,21,25,77,78,84,91,95" m="30783" machi="95" ten="30,4000,0" yaku="25,1,8,1,54,1" doraHai="27" who="2" fromWho="2" sc="224,-10,274,-10,184,40,318,-20" /><INIT seed="8,0,0,5,4,22" ten="214,264,224,298" oya="0" hai0="121,30,4,100,34,44,109,37,57,96,52,78,86" hai1="95,65,39,5,24,69,102,48,116,28,64,41,84" hai2="49,125,80,81,2,42,130,123,43,129,67,106,98" hai3="32,54,89,8,21,82,36,56,16,40,55,132,59"/><T127/><D121/><U15/><E39/><V115/><F2/><W50/><G32/><T63/><D127/><U103/><E69/><V23/><F115/><W27/><G132/><T126/><D126/><U85/><E116/><V90/><F123/><W47/><G8/><T66/><D109/><U118/><E118/><V3/><F3/><W17/><G17/><T131/><D131/><U120/><E41/><V87/><F125/><W133/><G133/><T88/><D4/><U135/><E48/><V29/><F67/><W19/><G19/><T107/><D78/><U31/><E5/><V124/><F124/><W117/><G117/><T20/><D20/><U33/><E15/><V53/><F81/><W99/><G99/><T92/><D37/><U45/><E45/><V26/><F98/><W128/><G128/><N who="2" m="49257" /><F106/><W7/><G7/><T91/><D91/><U134/><E33/><V114/><F114/><W6/><G6/><T105/><D44/><AGARI ba="0,0" hai="23,26,29,42,43,44,49,53,80,87,90" m="49257" machi="44" ten="30,2000,0" yaku="19,1,52,1" doraHai="22" who="2" fromWho="0" sc="214,-20,264,0,224,20,298,0" /><INIT seed="9,0,0,3,3,16" ten="194,264,244,298" oya="1" hai0="39,123,125,95,65,30,130,42,49,76,113,88,35" hai1="46,93,31,134,73,83,78,114,67,47,111,25,124" hai2="105,45,133,26,122,14,17,62,80,40,58,96,4" hai3="29,7,103,100,97,5,54,63,132,59,127,104,15"/><U20/><E114/><V34/><F122/><W21/><G127/><T53/><D125/><U19/><E124/><V50/><F4/><W129/><G129/><T10/><D130/><U109/><E134/><V48/><F48/><W68/><G132/><T38/><D113/><U92/><E67/><V77/><F105/><W85/><G68/><T52/><D65/><U119/><E119/><V23/><F96/><W72/><G72/><T44/><D76/><U79/><E79/><V41/><F41/><W126/><G100/><T135/><D123/><U51/><E31/><V64/><F133/><W94/><G126/><T99/><D135/><U112/><E112/><V82/><F77/><W106/><G106/><T33/><D10/><U32/><E32/><V131/><F131/><W87/><G104/><T115/><D115/><U57/><E57/><V84/><F84/><N who="3" m="32331" /><G15/><T120/><D120/><U60/><E60/><V13/><F34/><W0/><G0/><T89/><D89/><U116/><E116/><V8/><REACH who="2" step="1"/><F13/><REACH who="2" ten="194,264,234,298" step="2"/><W121/><G121/><T117/><D117/><U2/><E2/><V12/><F12/><W18/><G5/><T69/><D35/><U28/><E51/><V108/><F108/><W6/><G7/><T36/><REACH who="0" step="1"/><D69/><REACH who="0" ten="184,264,234,298" step="2"/><U22/><E111/><V98/><F98/><W11/><G97/><T74/><D74/><U1/><E109/><V128/><F128/><W3/><G3/><T90/><D90/><U43/><E73/><V75/><F75/><W81/><G103/><T55/><D55/><U37/><E78/><V24/><F24/><AGARI ba="0,2" hai="24,30,33,36,38,39,42,44,49,52,53,88,95,99" machi="24" ten="40,12000,2" yaku="1,1,54,2,53,3" doraHai="16" doraHaiUra="70" who="0" fromWho="2" sc="184,140,264,0,234,-120,298,0" owari="324,43.0,264,-14.0,114,-39.0,298,10.0" /></mjloggm>