<mjloggm ver="2.3"><GO type="97" lobby="0"/><UN n0="%E3%82%A6%E3%83%AB%E3%83%88%E3%83%A9%E7%AB%8B%E7%9B%B4" n1="%E3%81%97%E3%81%87%E3%82%8A%E3%81%A3%E3%81%A9" n2="%E3%81%8F%E3%82%89%E3%81%8F%E3%82%89" n3="%E6%80%A8%E9%9C%8A" dan="13,15,14,15" rate="1906.28,1974.79,1915.76,1964.29" sx="M,M,M,M"/><TAIKYOKU oya="0"/><INIT seed="0,0,0,5,3,67" ten="250,250,250,250" oya="0" hai0="87,64,74,99,65,70,92,125,84,127,116,39,71" hai1="72,3,98,132,59,44,68,131,80,128,112,17,37" hai2="117,50,41,122,31,94,34,58,13,113,57,33,28" hai3="14,24,8,104,36,20,56,96,61,93,18,42,133"/><T119/><D39/><U48/><E37/><V21/><F94/><W29/><G133/><T85/><D92/><U130/><E132/><V97/><F97/><W63/><G36/><T47/><D47/><U25/><E3/><V46/><F122/><W66/><G104/><T107/><D74/><U27/><E59/><V55/><F113/><W106/><G106/><T75/><D75/><U4/><E4/><V5/><F117/><N who="0" m="45130" /><D99/><U111/><E112/><V26/><F58/><W115/><G115/><T91/><D91/><U69/><E98/><V53/><F31/><W86/><G63/><T2/><D2/><U1/><E1/><V109/><F109/><W16/><G42/><T126/><D107/><U60/><E60/><V88/><F88/><N who="3" m="55335" /><G86/><T105/><D105/><U19/><E111/><V100/><F100/><W40/><G40/><T7/><D7/><AGARI ba="0,0" hai="7,8,14,16,18,20,24,29,56,61,66" m="55335" machi="7" ten="30,3900,0" yaku="8,1,54,2" doraHai="67" who="3" fromWho="0" sc="250,-39,250,0,250,0,250,39" /><INIT seed="1,0,0,2,4,67" ten="211,250,250,289" oya="1" hai0="131,28,38,92,96,23,109,113,34,9,44,18,70" hai1="134,61,103,93,130,104,39,37,105,132,46,82,124" hai2="50,119,10,133,3,12,5,22,2,59,101,102,72" hai3="94,71,68,52,85,95,126,73,110,77,74,55,125"/><U26/><E124/><N who="3" m="47722" /><G110/><T99/><D109/><U58/><E130/><V62/><F50/><W98/><G85/><T78/><D113/><U21/><E82/><V84/><F72/><N who="3" m="27755" /><G77/><T116/><D78/><U30/><E46/><V51/><F51/><W80/><G80/><T49/><D38/><U127/><E127/><V89/><F133/><N who="1" m="51305" /><E39/><V35/><F35/><W20/><G20/><T121/><D121/><U115/><E37/><V117/><F22/><W41/><G41/><T76/><D76/><U24/><E115/><V120/><F120/><W48/><G48/><T15/><D131/><U114/><E26/><V122/><F122/><W57/><G57/><T36/><D36/><U63/><E114/><V13/><F119/><W45/><G45/><T17/><D116/><U75/><E75/><V33/><F117/><W108/><G108/><T69/><D34/><U90/><E103/><V27/><F102/><W106/><G106/><N who="1" m="41066" /><E58/><V100/><F100/><W86/><G86/><AGARI ba="0,0" hai="21,24,30,61,63,86,90,93" m="41066,51305" machi="86" ten="30,1500,0" yaku="20,1" doraHai="67" who="1" fromWho="3" sc="211,0,250,15,250,0,289,-15" /><INIT seed="1,1,0,5,3,40" ten="211,265,250,274" oya="1" hai0="134,47,100,30,116,120,119,93,75,124,82,23,21" hai1="49,5,103,2,118,97,104,92,0,128,57,3,64" hai2="113,70,126,28,87,69,115,72,19,16,65,114,106" hai3="131,9,43,8,1,13,86,80,125,130,36,24,73"/><U18/><E118/><V68/><F72/><W84/><G125/><T7/><D124/><U58/><E128/><N who="3" m="49194" /><G24/><T96/><D134/><U26/><E5/><V29/><F126/><W41/><G1/><T51/><D120/><U95/><E64/><V89/><F106/><W108/><G108/><T60/><D7/><U42/><E58/><V14/><F65/><W110/><G110/><T31/><D60/><U11/><E57/><V38/><F38/><W4/><G9/><T123/><D123/><U46/><REACH who="1" step="1"/><E11/><REACH who="1" ten="211,255,250,274" step="2"/><N who="2" m="6239" /><F19/><W74/><G73/><T53/><D119/><U101/><E101/><V62/><F62/><W135/><G74/><T66/><D66/><U91/><E91/><V39/><F39/><W77/><G135/><T112/><D116/><U25/><E25/><V35/><F35/><W15/><G36/><T107/><D75/><U37/><E37/><V67/><F67/><W55/><G4/><T88/><D112/><U81/><E81/><AGARI ba="1,1" hai="28,29,68,69,70,81,87,89,113,114,115" m="6239" machi="81" ten="40,2600,0" yaku="11,1,54,1" doraHai="40" who="2" fromWho="1" sc="211,0,255,-29,250,39,274,0" /><INIT seed="2,0,0,4,5,134" ten="211,226,289,274" oya="2" hai0="65,54,100,99,77,111,34,33,46,129,13,86,112" hai1="4,73,123,47,135,60,89,17,108,68,30,126,124" hai2="125,42,131,127,53,121,116,38,98,82,1,119,32" hai3="80,133,36,71,15,50,95,6,120,37,48,97,70"/><V92/><F1/><W61/><G120/><T66/><D112/><U29/><E4/><V107/><F32/><W90/><G133/><T40/><D129/><U3/><E135/><V16/><F53/><W87/><G37/><T130/><D130/><U67/><E3/><V88/><F131/><W62/><G36/><T31/><D111/><U2/><E2/><V56/><F56/><W122/><G122/><T27/><D34/><U76/><E123/><V25/><F121/><W85/><G85/><T79/><D13/><U23/><E108/><V117/><F107/><W52/><G70/><T106/><D54/><U128/><E89/><V74/><F42/><W69/><G71/><T35/><D35/><U83/><E47/><V19/><F38/><W20/><G69/><T109/><D109/><U5/><E5/><V84/><F25/><W93/><G93/><T96/><D96/><U41/><E41/><V12/><F74/><W24/><G50/><T18/><D18/><U63/><E63/><V49/><F49/><W132/><G132/><T64/><REACH who="0" step="1"/><D86/><REACH who="0" ten="201,226,289,274" step="2"/><U55/><E55/><V44/><F19/><W113/><G113/><T105/><D105/><U28/><REACH who="1" step="1"/><E128/><REACH who="1" ten="201,216,289,274" step="2"/><V51/><F119/><W94/><G62/><T110/><D110/><U8/><E8/><N who="2" m="6151" /><F117/><W72/><G61/><T59/><D59/><U10/><E10/><V43/><F116/><W103/><G6/><T22/><D22/><U101/><E101/><N who="2" m="60615" /><F43/><W14/><G103/><T75/><D75/><U78/><E78/><V102/><F102/><W91/><G52/><T118/><D118/><U9/><E9/><RYUUKYOKU ba="0,2" sc="201,10,216,10,289,10,274,-30" hai0="27,31,33,40,46,64,65,66,77,79,99,100,106" hai1="17,23,28,29,30,60,67,68,73,76,83,124,126" hai2="44,51,82,84,88,125,127" /><INIT seed="2,1,2,5,1,64" ten="211,226,299,244" oya="2" hai0="37,29,49,68,129,99,98,122,19,125,113,71,20" hai1="119,51,69,127,111,2,103,112,131,5,30,67,105" hai2="82,58,11,84,55,22,132,31,16,134,43,40,35" hai3="115,42,1,117,118,48,59,96,110,116,92,124,8"/><V91/><F35/><W87/><G110/><T26/><D37/><U75/><RYUUKYOKU type="yao9" ba="1,2" sc="211,0,226,0,299,0,244,0" hai1="2,5,30,51,67,69,75,103,105,111,112,119,127,131" /><INIT seed="2,2,2,4,4,45" ten="211,226,299,244" oya="2" hai0="94,92,95,128,14,31,6,17,30,29,77,134,26" hai1="97,122,36,1,22,25,2,8,16,48,91,83,89" hai2="93,96,51,114,82,15,125,67,0,64,121,135,69" hai3="108,59,90,32,70,46,58,43,56,111,80,118,13"/><V33/><F33/><W57/><G70/><T38/><D38/><U9/><E36/><V101/><F0/><W42/><G118/><T65/><D128/><U78/><E122/><V52/><F121/><W130/><G32/><T68/><D134/><U85/><E1/><V112/><F69/><W87/><G130/><T132/><D132/><U84/><E2/><V20/><F125/><W123/><G123/><T72/><D72/><U79/><E97/><V100/><F135/><W7/><G59/><T126/><D126/><U61/><E61/><V27/><F15/><W73/><G73/><T53/><D77/><N who="1" m="29195" /><E48/><V39/><F82/><AGARI ba="2,2" hai="8,9,16,22,25,82,83,84,85,89,91" m="29195" machi="82" ten="30,2000,0" yaku="8,1,54,1" doraHai="45" who="1" fromWho="2" sc="211,0,226,46,299,-26,244,0" /><INIT seed="3,0,0,5,2,17" ten="211,272,273,244" oya="3" hai0="63,118,35,16,6,97,120,77,104,24,20,14,109" hai1="66,59,7,52,2,131,114,47,36,73,132,68,76" hai2="119,64,79,90,107,49,91,9,125,69,12,92,53" hai3="100,74,115,75,93,82,11,25,0,41,95,72,67"/><W8/><G115/><T103/><D120/><U56/><E114/><V135/><F107/><W65/><G82/><T4/><D118/><U110/><E110/><V112/><F112/><W29/><G41/><T133/><D109/><U40/><E131/><V78/><F135/><W70/><G70/><T96/><D133/><U46/><E132/><V33/><F33/><W27/><G100/><T51/><D77/><U99/><E99/><V22/><F22/><W89/><G29/><T15/><D96/><U18/><E18/><V102/><F125/><W111/><G111/><T106/><D106/><U123/><E123/><V71/><F71/><W116/><G74/><T44/><D63/><N who="1" m="40031" /><E59/><N who="2" m="33199" /><F64/><W88/><REACH who="3" step="1"/><G0/><REACH who="3" ten="211,272,273,234" step="2"/><T13/><REACH who="0" step="1"/><D35/><REACH who="0" ten="201,272,273,234" step="2"/><U86/><E2/><V39/><F119/><AGARI ba="0,2" hai="8,11,25,27,65,67,72,75,88,89,93,95,116,119" machi="119" ten="25,12000,1" yaku="1,1,2,1,22,2,54,1,53,0" doraHai="17" doraHaiUra="80" who="3" fromWho="2" sc="201,0,272,0,273,-120,234,140" owari="201,-20.0,272,7.0,153,-35.0,374,48.0" /></mjloggm>