<mjloggm ver="2.3"><GO type="193" lobby="0"/><UN n0="%EF%BC%A0%E5%85%AD%E6%96%87%E9%8A%AD" n1="%6F%79%61%7A%69%6D%6B%33" n2="%6D%69%79%61%68%6F%6E" n3="%E5%B0%B1%E6%B4%BB%E7%94%9F%40%E5%B7%9D%E6%9D%91%E8%BB%8D%E5%9B%A3" dan="14,12,12,11" rate="1865.75,1720.32,1661.35,1763.02" sx="M,M,M,M"/><TAIKYOKU oya="0"/><INIT seed="0,0,0,3,3,130" ten="250,250,250,250" oya="0" hai0="32,80,39,13,18,62,7,44,117,114,115,78,57" hai1="92,76,65,67,119,48,21,20,81,91,132,93,118" hai2="94,85,41,16,25,112,77,9,60,30,3,129,28" hai3="124,51,134,10,8,47,79,56,120,40,109,131,14"/><T97/><D32/><U89/><E132/><V23/><F112/><W66/><G131/><T38/><D117/><U43/><E43/><V82/><F129/><W116/><G116/><T34/><D34/><U46/><E46/><V17/><F41/><W50/><G124/><T11/><D97/><U90/><E48/><V53/><F94/><N who="1" m="36457" /><E118/><V103/><F103/><W1/><G120/><T110/><D110/><U2/><E119/><V104/><F104/><W19/><G109/><T33/><D33/><U73/><E2/><V128/><F128/><W0/><G79/><T111/><D111/><U36/><E36/><V49/><F60/><W64/><G134/><T84/><D18/><U71/><E73/><V69/><F69/><W52/><REACH who="3" step="1"/><G1/><REACH who="3" ten="250,250,250,240" step="2"/><T98/><D115/><U29/><E76/><V26/><F3/><W107/><G107/><T55/><D114/><U22/><E71/><V31/><F77/><W108/><G108/><T74/><D74/><U106/><E106/><V133/><F133/><W72/><G72/><T24/><D98/><U102/><E102/><V86/><F85/><W127/><G127/><T83/><D83/><U99/><E99/><V113/><F86/><W35/><G35/><T121/><D121/><U100/><E100/><V101/><F113/><W95/><G95/><T125/><D125/><U105/><E105/><V61/><F82/><W122/><G122/><T68/><D84/><U75/><E75/><V37/><F101/><W12/><G12/><T58/><D80/><U63/><E63/><V6/><F37/><W70/><G70/><T42/><D68/><RYUUKYOKU ba="0,1" sc="250,-10,250,-10,250,-10,240,30" hai3="0,8,10,14,19,40,47,50,51,52,56,64,66" /><INIT seed="1,1,1,3,5,80" ten="240,240,240,270" oya="1" hai0="118,86,123,32,67,52,53,50,31,127,128,109,95" hai1="40,116,98,11,104,135,121,51,122,108,18,2,1" hai2="39,125,45,63,21,100,99,57,92,25,97,114,82" hai3="72,93,14,76,124,42,75,103,64,61,112,91,24"/><U7/><E116/><V16/><F114/><W17/><G112/><T9/><D118/><U107/><E135/><V78/><F125/><W66/><G124/><T56/><D127/><U90/><E1/><V19/><F97/><W60/><G42/><T58/><D109/><U26/><E108/><V96/><F96/><W22/><G103/><T117/><D117/><U30/><E18/><V27/><F27/><W29/><G76/><T8/><D128/><U4/><E4/><V129/><F129/><W13/><G13/><T33/><D67/><U41/><E107/><V34/><F34/><W119/><G119/><T0/><D123/><U132/><E132/><V37/><F45/><W126/><G126/><T83/><D95/><U5/><E5/><V68/><F19/><W73/><G64/><T130/><D130/><U71/><E71/><V120/><F68/><W94/><G66/><T46/><D46/><U65/><E65/><V43/><F43/><W74/><N who="3" m="18944" /><DORA hai="110" /><W101/><G101/><T54/><D54/><U20/><E41/><V133/><F133/><W3/><G3/><T35/><D31/><U15/><E2/><V79/><F120/><W12/><G12/><T84/><D0/><U89/><E104/><V55/><REACH who="2" step="1"/><F79/><REACH who="2" ten="240,240,230,270" step="2"/><W113/><G113/><T10/><REACH who="0" step="1"/><D83/><REACH who="0" ten="230,240,230,270" step="2"/><U48/><E121/><V131/><F131/><W49/><G29/><T106/><D106/><U69/><E122/><V44/><F44/><W6/><G93/><T62/><AGARI ba="1,3" hai="8,9,10,32,33,35,50,52,53,56,58,62,84,86" machi="62" ten="40,16000,3" yaku="1,1,0,1,52,2,54,1,53,3" doraHai="80,110" doraHaiUra="134,28" who="0" fromWho="0" sc="230,193,240,-81,230,-41,270,-41" /><INIT seed="2,0,0,1,1,21" ten="423,159,189,229" oya="2" hai0="29,28,7,59,103,73,100,89,106,15,97,87,2" hai1="116,13,123,44,11,53,41,33,75,98,130,12,86" hai2="42,72,95,43,96,64,126,108,91,78,4,49,90" hai3="80,50,99,8,31,38,101,68,113,17,27,124,77"/><V129/><F129/><W117/><G38/><T39/><D39/><U9/><E75/><V131/><F131/><W62/><G117/><T102/><D2/><U122/><E116/><V48/><F72/><W36/><G36/><T1/><D1/><U119/><E119/><V47/><F78/><W85/><G113/><T69/><D69/><U67/><E130/><V94/><F126/><W35/><G124/><T56/><D73/><U0/><E0/><V110/><F64/><W57/><G68/><T92/><D106/><U55/><E67/><V58/><F4/><W81/><G81/><T135/><D135/><U40/><E33/><V114/><F114/><W19/><G8/><N who="0" m="4511" /><D97/><U5/><E98/><V115/><F115/><W107/><REACH who="3" step="1"/><G50/><REACH who="3" ten="423,159,189,219" step="2"/><T121/><D121/><U93/><E123/><V25/><F49/><W54/><AGARI ba="0,1" hai="17,19,27,31,35,54,57,62,77,80,85,99,101,107" machi="54" ten="20,8000,1" yaku="1,1,2,1,0,1,7,1,52,1,53,0" doraHai="21" doraHaiUra="61" who="3" fromWho="3" sc="423,-20,159,-20,189,-40,219,90" /><INIT seed="3,0,0,5,3,122" ten="403,139,149,309" oya="3" hai0="35,9,2,4,119,131,74,40,76,75,64,45,103" hai1="117,41,0,108,22,134,84,21,25,99,70,116,58" hai2="46,6,111,36,68,24,59,51,125,83,93,123,3" hai3="62,127,88,49,87,39,114,52,118,17,34,112,97"/><W5/><G39/><T96/><D131/><U79/><E70/><V115/><F115/><W12/><G118/><N who="1" m="45674" /><E0/><V90/><F68/><W95/><G127/><T28/><D119/><U14/><E41/><V71/><F71/><W91/><G34/><T43/><D64/><U63/><E134/><V100/><F36/><W98/><G5/><T89/><D89/><U23/><E99/><N who="2" m="59503" /><F123/><W50/><G98/><T37/><D43/><U16/><E108/><V78/><F78/><W80/><G62/><T27/><REACH who="0" step="1"/><D76/><REACH who="0" ten="393,139,149,309" step="2"/><U55/><E25/><V7/><F125/><W129/><G129/><T107/><AGARI ba="0,1" hai="2,4,9,27,28,35,37,40,45,74,75,96,103,107" machi="107" ten="20,12000,2" yaku="1,1,2,1,0,1,7,1,33,3,53,0" doraHai="122" doraHaiUra="82" who="0" fromWho="0" sc="393,130,139,-30,149,-30,309,-60" owari="523,62.0,109,-39.0,119,-28.0,249,5.0" /></mjloggm>