<mjloggm ver="2.3"><GO type="97" lobby="0"/><UN n0="%50%50%41%32" n1="%E3%82%A6%E3%83%AB%E3%83%88%E3%83%A9%E7%AB%8B%E7%9B%B4" n2="%E3%82%AB%E3%83%A9%E3%82%B9%E3%81%AE%E5%AD%90" n3="%68%61%70%70%61%39%31%36" dan="13,13,15,15" rate="1860.71,1876.57,2036.98,1916.35" sx="M,M,M,M"/><TAIKYOKU oya="0"/><INIT seed="0,0,0,2,3,97" ten="250,250,250,250" oya="0" hai0="94,121,32,91,39,67,34,56,113,68,69,45,109" hai1="86,93,119,131,105,72,8,90,18,31,83,6,53" hai2="63,81,52,21,12,73,99,38,125,116,102,60,16" hai3="77,117,134,51,87,110,13,84,37,112,76,48,133"/><T74/><D74/><U0/><E119/><V65/><F116/><W92/><G117/><T111/><D121/><U100/><E131/><V128/><F38/><W129/><G37/><T33/><D113/><U9/><E31/><V61/><F128/><W19/><G129/><T57/><D45/><U27/><E53/><V88/><F125/><W118/><G118/><T115/><D39/><U62/><E62/><V107/><F65/><W22/><G112/><T41/><D41/><U11/><E18/><V82/><F73/><W3/><G3/><T46/><D46/><U89/><E27/><V23/><F21/><W2/><G2/><T29/><D115/><U50/><E50/><V58/><REACH who="2" step="1"/><F88/><REACH who="2" ten="250,250,240,250" step="2"/><W28/><G22/><T98/><D67/><U132/><E90/><V79/><F79/><W35/><G77/><T55/><D68/><U130/><E130/><V59/><F59/><W54/><G76/><T103/><D69/><U71/><E71/><V10/><F10/><W70/><G70/><T120/><D91/><U43/><E9/><V126/><F126/><W124/><G124/><T104/><D120/><U135/><E11/><V64/><F64/><W49/><G54/><T15/><D103/><U80/><E43/><V122/><F122/><W78/><G78/><T75/><D75/><U123/><E123/><V5/><F5/><W44/><G44/><T66/><D33/><U7/><E7/><V106/><F106/><W17/><G35/><T96/><D34/><U108/><E72/><V47/><F47/><W1/><G1/><T20/><D32/><U85/><E0/><RYUUKYOKU ba="0,1" sc="250,-10,250,-10,240,30,250,-10" hai2="12,16,23,52,58,60,61,63,81,82,99,102,107" /><INIT seed="1,1,1,5,3,31" ten="240,240,270,240" oya="1" hai0="29,13,58,69,61,117,97,121,70,63,107,131,54" hai1="43,11,110,119,133,47,89,108,111,134,26,66,35" hai2="23,49,95,113,28,96,135,57,115,126,48,71,67" hai3="6,40,55,112,75,85,94,64,42,80,21,103,74"/><U62/><E89/><N who="2" m="55407" /><F71/><W98/><G64/><T124/><D117/><U102/><E102/><V1/><F1/><W73/><G21/><T17/><D124/><U99/><E99/><V22/><F126/><W65/><G65/><T86/><D131/><U46/><E11/><V123/><F123/><W5/><G55/><T12/><D29/><N who="1" m="19895" /><E119/><V9/><F135/><N who="1" m="51721" /><E43/><V34/><F9/><W90/><G42/><T125/><D125/><U120/><E120/><V130/><F130/><W109/><G40/><T25/><D121/><U45/><E45/><V93/><F93/><W83/><G5/><T27/><D97/><U44/><E44/><V30/><F22/><W100/><G6/><T127/><D127/><U51/><E51/><V14/><F23/><W37/><G103/><T18/><D107/><U92/><E92/><V60/><F49/><W122/><G100/><T78/><D54/><U76/><E76/><V39/><F48/><W41/><G41/><T59/><D78/><U104/><E104/><V19/><F39/><W129/><G37/><T79/><D79/><U84/><E84/><AGARI ba="1,1" hai="12,13,17,18,25,27,58,59,61,63,69,70,84,86" machi="84" ten="25,1600,0" yaku="22,2" doraHai="31" who="0" fromWho="1" sc="240,29,240,-19,270,0,240,0" /><INIT seed="2,0,0,5,1,128" ten="269,221,270,240" oya="2" hai0="99,96,114,46,53,28,93,45,71,117,5,112,43" hai1="105,64,118,63,100,33,73,11,36,18,23,4,87" hai2="14,108,58,95,129,42,41,106,22,37,120,122,44" hai3="84,94,78,86,16,62,76,91,6,88,101,0,50"/><V70/><F70/><W77/><G101/><T110/><D71/><U20/><E73/><V135/><F129/><W80/><G0/><T119/><D110/><U59/><E36/><V61/><F108/><W2/><G62/><T65/><D28/><U21/><E33/><V32/><F32/><W90/><G6/><T3/><D65/><U48/><E118/><N who="0" m="45065" /><D53/><U40/><E100/><V131/><F131/><W60/><G2/><T9/><D46/><U132/><E105/><V26/><F41/><W24/><G60/><T7/><D7/><U56/><E87/><V57/><F106/><W81/><G50/><N who="0" m="26943" /><D96/><U8/><E8/><V103/><F57/><W68/><G68/><T1/><D1/><U74/><E74/><V133/><F14/><W85/><G24/><T15/><D3/><U54/><E40/><V124/><F122/><W121/><G121/><T67/><D67/><U75/><E75/><V27/><F120/><W34/><G34/><T72/><D72/><U115/><E115/><V29/><F27/><W55/><G55/><T38/><D38/><U109/><E109/><V69/><F69/><W127/><G16/><T47/><D47/><U102/><E18/><V111/><F111/><W98/><REACH who="3" step="1"/><G127/><REACH who="3" ten="269,221,270,230" step="2"/><T30/><D30/><U52/><E54/><V113/><F124/><W125/><G125/><T134/><D114/><U126/><E126/><V51/><F113/><W31/><G31/><T13/><D112/><U79/><E102/><V66/><F51/><W82/><AGARI ba="0,1" hai="76,77,78,80,81,82,84,85,86,88,90,91,94,98" machi="82" ten="40,24000,4" yaku="1,1,0,1,29,2,8,1,35,6,54,1,53,0" doraHai="128" doraHaiUra="130" who="3" fromWho="3" sc="269,-60,221,-60,270,-120,230,250" /><INIT seed="3,0,0,0,0,25" ten="209,161,150,480" oya="3" hai0="39,105,121,124,42,91,67,27,4,108,122,125,23" hai1="90,7,84,92,76,57,113,81,66,133,10,13,98" hai2="127,112,102,38,60,17,68,88,54,69,30,44,53" hai3="111,73,20,117,19,18,118,131,80,31,71,40,61"/><W123/><G123/><N who="0" m="47115" /><D108/><U24/><E133/><V79/><F112/><W104/><G104/><T62/><D105/><U75/><E113/><V36/><F127/><N who="0" m="48714" /><D4/><U101/><E24/><V106/><F106/><W21/><G111/><T22/><D91/><U70/><E70/><V14/><F69/><W103/><G71/><N who="0" m="42487" /><D27/><U55/><E66/><V132/><F132/><W82/><G103/><T11/><D11/><U109/><E109/><V59/><F68/><W130/><G73/><T99/><D99/><U3/><E3/><V41/><F36/><W74/><G74/><T93/><D93/><U52/><E57/><V78/><F102/><W94/><G94/><AGARI ba="0,0" hai="7,10,13,52,55,75,76,81,84,90,92,94,98,101" machi="94" ten="30,2000,0" yaku="7,1,54,1" doraHai="25" who="1" fromWho="3" sc="209,0,161,20,150,0,480,-20" owari="209,1.0,181,-22.0,150,-35.0,460,56.0" /></mjloggm>