<mjloggm ver="2.3"><GO type="169" lobby="0"/><UN n0="%E3%83%98%E3%82%AF%E3%82%B5%E3%83%BC" n1="%E3%82%A6%E3%83%AB%E3%83%88%E3%83%A9%E7%AB%8B%E7%9B%B4" n2="%E3%82%B9%E3%82%B1%E3%83%BC%E3%82%BF%E3%83%BC" n3="%6F%6E%65%73%74%61%72" dan="18,17,17,16" rate="2196.87,2204.22,2170.16,2123.07" sx="M,M,M,M"/><TAIKYOKU oya="0"/><INIT seed="0,0,0,1,3,86" ten="250,250,250,250" oya="0" hai0="59,129,16,102,62,15,48,88,45,103,33,71,41" hai1="100,90,70,21,0,18,27,13,50,44,98,35,49" hai2="36,110,108,133,22,6,4,5,60,117,134,81,69" hai3="39,112,19,87,73,52,8,101,128,20,2,51,1"/><T7/><D129/><U68/><E0/><V75/><F36/><W80/><G39/><T104/><D33/><U83/><E50/><V76/><F117/><W37/><G37/><T119/><D71/><U95/><E35/><V127/><F127/><W30/><G128/><T46/><D104/><U82/><E70/><V78/><F22/><W74/><G101/><T65/><D119/><U25/><E68/><V113/><F113/><W24/><G112/><T135/><D135/><N who="2" m="51722" /><F78/><W85/><G85/><T56/><D45/><U67/><E67/><AGARI ba="0,0" hai="4,5,6,60,67,69,75,76,81,108,110" m="51722" machi="67" ten="40,1300,0" yaku="20,1" doraHai="86" who="2" fromWho="1" sc="250,0,250,-13,250,13,250,0" /><INIT seed="1,0,0,1,4,95" ten="250,237,263,250" oya="1" hai0="8,99,26,98,10,78,39,31,112,53,131,128,16" hai1="34,129,29,30,77,21,51,60,108,109,6,132,126" hai2="47,5,56,71,134,79,123,1,103,94,55,90,85" hai3="17,48,67,105,70,13,12,83,133,62,68,38,45"/><U121/><E121/><V86/><F71/><W42/><G133/><T100/><D112/><U3/><E77/><V32/><F32/><W130/><G130/><N who="0" m="49707" /><D39/><U15/><E60/><V14/><F1/><W27/><G105/><N who="0" m="63639" /><D78/><U59/><E51/><V111/><F123/><W4/><G70/><T23/><D53/><U40/><E59/><V24/><F56/><W61/><G61/><T81/><D81/><U93/><E40/><V41/><F55/><W74/><G4/><T106/><D31/><N who="1" m="11787" /><E129/><V89/><F41/><W44/><G83/><T54/><D54/><U135/><E34/><V119/><F79/><W92/><G74/><T2/><D2/><U63/><E63/><V69/><F69/><W96/><G45/><T52/><D52/><U28/><E93/><V19/><F94/><W125/><G38/><T0/><D0/><U65/><E65/><V57/><F47/><W80/><G80/><T82/><D82/><U104/><E104/><V7/><F57/><W72/><G72/><T91/><D106/><U127/><E3/><V9/><F119/><W116/><G116/><T49/><D49/><U120/><E120/><V124/><F134/><N who="1" m="51241" /><E28/><V37/><F37/><W110/><G68/><T35/><D35/><U66/><E66/><V22/><F7/><W87/><G42/><T33/><D33/><U117/><E117/><V118/><F5/><W88/><G67/><T25/><D25/><U101/><E101/><V20/><F24/><W58/><G58/><T36/><D36/><U43/><E43/><V102/><F103/><W122/><G122/><T84/><D26/><RYUUKYOKU ba="0,0" sc="250,0,237,0,263,0,250,0" /><INIT seed="2,1,0,2,4,58" ten="250,237,263,250" oya="2" hai0="83,18,26,128,25,72,61,93,76,132,59,27,120" hai1="12,113,117,23,41,119,123,108,50,85,30,87,88" hai2="19,32,35,63,127,42,2,66,28,0,95,79,10" hai3="15,51,8,129,4,125,20,122,98,89,47,84,70"/><V48/><F127/><W110/><G110/><T64/><D120/><U94/><E113/><V116/><F116/><W49/><G129/><T69/><D128/><U52/><E108/><V111/><F111/><W74/><G125/><T57/><D132/><U14/><E123/><V17/><F79/><W107/><G74/><T126/><D126/><U101/><E41/><V65/><F95/><W9/><G70/><T34/><D34/><U106/><E106/><V104/><F104/><W1/><G122/><T44/><D18/><U36/><E36/><V54/><F42/><W11/><G51/><T7/><D7/><U77/><E101/><V91/><F91/><W6/><G9/><T3/><D3/><U105/><E105/><V97/><F97/><W38/><G38/><T118/><D118/><U67/><E67/><V114/><F114/><W90/><G20/><T21/><D21/><U16/><E30/><V24/><F66/><W81/><G107/><T78/><D78/><U102/><E102/><V29/><F29/><W109/><G109/><T115/><D115/><U5/><E5/><V133/><F133/><W121/><G121/><T60/><D44/><U13/><E119/><V46/><F35/><W56/><G56/><T62/><D93/><U71/><E71/><N who="2" m="42431" /><F2/><W37/><G37/><T134/><D134/><U112/><E112/><V100/><F100/><W86/><G1/><T39/><D39/><U82/><E117/><V33/><F33/><W80/><G6/><T75/><D75/><U53/><E53/><V22/><F32/><W73/><G73/><T43/><D43/><RYUUKYOKU ba="1,0" sc="250,10,237,10,263,10,250,-30" hai0="25,26,27,57,59,60,61,62,64,69,72,76,83" hai1="12,13,14,16,23,50,52,77,82,85,87,88,94" hai2="0,10,17,19,22,24,28,46,48,54" /><INIT seed="2,2,0,4,2,90" ten="260,247,273,220" oya="2" hai0="104,2,44,51,31,54,109,129,82,57,97,23,66" hai1="60,13,120,91,75,48,24,68,56,133,111,36,21" hai2="70,114,0,30,35,64,125,32,46,115,11,103,80" hai3="18,85,37,132,108,87,41,28,77,33,29,5,127"/><V107/><F125/><W118/><G118/><T58/><D2/><U101/><E36/><V59/><F59/><W40/><G108/><T94/><D109/><U55/><E75/><V100/><F80/><N who="3" m="47247" /><G37/><T16/><D129/><U105/><E111/><V14/><F0/><W98/><G33/><T43/><D104/><U112/><E112/><V122/><F35/><W63/><G98/><T89/><D31/><U62/><E133/><V49/><F122/><W26/><G5/><T47/><D66/><U1/><E1/><V39/><F39/><W42/><G132/><T12/><D82/><U92/><E68/><V126/><F126/><W84/><G63/><T53/><D43/><U113/><E113/><V27/><F107/><W9/><G127/><T81/><D81/><U99/><E120/><V15/><F115/><W95/><G84/><T86/><D97/><U106/><E106/><V83/><F114/><W117/><G117/><T72/><D72/><U19/><E24/><V124/><F124/><W69/><G69/><T131/><D131/><U3/><E3/><V79/><F70/><W71/><G71/><T88/><D89/><U67/><E67/><V116/><F64/><W61/><G61/><AGARI ba="2,0" hai="12,16,23,44,47,51,53,54,57,58,61,86,88,94" machi="61" ten="30,12000,2" yaku="7,1,25,2,8,1,52,1,54,2" doraHai="90" who="0" fromWho="3" sc="260,126,247,0,273,0,220,-126" /><INIT seed="3,0,0,2,3,133" ten="386,247,273,94" oya="3" hai0="65,37,5,122,87,92,80,116,10,93,45,108,101" hai1="124,17,46,43,96,35,23,73,111,8,4,52,102" hai2="125,114,134,71,48,14,74,67,130,0,12,50,56" hai3="104,60,110,127,3,59,126,98,72,16,70,7,38"/><W123/><G70/><T120/><D116/><U25/><E73/><V79/><F0/><W113/><G123/><T68/><D108/><U100/><E35/><V28/><F114/><W9/><G72/><T36/><D68/><U54/><E111/><V105/><F105/><W89/><G113/><T91/><D65/><U30/><E30/><V78/><F28/><W94/><G110/><T84/><D36/><U88/><E124/><V27/><F56/><W40/><G104/><T18/><D18/><U55/><E88/><V21/><F130/><W64/><G40/><T41/><D93/><U83/><E83/><V81/><F134/><W129/><G129/><T118/><D118/><U131/><E96/><V32/><F32/><W128/><G128/><T53/><D53/><U99/><E99/><V31/><F79/><W1/><G38/><T117/><D117/><U6/><E131/><V63/><F125/><N who="3" m="47627" /><G16/><T132/><D132/><U82/><E43/><V39/><F39/><W15/><AGARI ba="0,0" hai="1,3,7,9,15,59,60,64,89,94,98" m="47627" machi="15" ten="30,11700,0" yaku="18,1,52,3" doraHai="133" who="3" fromWho="3" sc="386,-39,247,-39,273,-39,94,117" /><INIT seed="3,1,0,0,3,7" ten="347,208,234,211" oya="3" hai0="117,104,58,112,76,78,5,69,55,30,28,43,31" hai1="11,66,99,82,60,26,36,27,81,103,96,90,18" hai2="116,48,84,14,77,57,29,49,101,132,128,12,129" hai3="124,83,52,109,9,73,134,45,100,54,98,121,21"/><W34/><G121/><T131/><D69/><U40/><E40/><V61/><F116/><W37/><G34/><T20/><D104/><U80/><E36/><V23/><F101/><W120/><G120/><T3/><D117/><U110/><E110/><V63/><F63/><W94/><G134/><T39/><D39/><U93/><E18/><V74/><F74/><W71/><G71/><T108/><D43/><U22/><E22/><V38/><F38/><W42/><G124/><T106/><D106/><U68/><REACH who="1" step="1"/><E11/><REACH who="1" ten="347,198,234,211" step="2"/><V87/><F23/><W119/><G109/><T51/><D108/><U56/><E56/><V111/><F57/><W35/><G35/><T59/><D58/><U102/><E102/><V13/><F111/><W123/><G119/><T67/><D59/><U127/><E127/><V91/><F29/><W95/><G123/><T135/><D28/><U72/><E72/><V16/><F16/><W70/><G21/><T41/><D30/><U89/><E89/><V118/><F118/><W44/><G70/><T19/><D31/><U53/><E53/><V4/><F91/><W86/><G73/><T88/><D88/><U107/><AGARI ba="1,1" hai="26,27,60,66,68,80,81,82,90,93,96,99,103,107" machi="107" ten="30,2000,0" yaku="1,1,0,1,53,0" doraHai="7" doraHaiUra="6" who="1" fromWho="1" sc="347,-6,198,33,234,-6,211,-11" /><INIT seed="4,0,0,2,1,12" ten="341,231,228,200" oya="0" hai0="84,0,95,127,110,43,67,119,10,17,29,65,46" hai1="72,114,8,50,82,90,92,4,1,66,75,113,124" hai2="81,126,105,20,33,70,55,15,107,19,73,102,34" hai3="2,74,7,120,41,64,6,39,45,58,27,116,24"/><T62/><D119/><U134/><E66/><V47/><F70/><W3/><G74/><T63/><D0/><U76/><E72/><V21/><F126/><W30/><G116/><T54/><D29/><U11/><E124/><V115/><F115/><N who="1" m="44041" /><E134/><V100/><F73/><W87/><G120/><T42/><D110/><U80/><E80/><V123/><F81/><W37/><G64/><T94/><D54/><U78/><E78/><V61/><F123/><W32/><G58/><T129/><D129/><U111/><E111/><V122/><F122/><W16/><G37/><T101/><D46/><U118/><E118/><V13/><F47/><W130/><G130/><T22/><D101/><U99/><E11/><V5/><F55/><W35/><G87/><T132/><D10/><U51/><AGARI ba="0,0" hai="1,4,8,50,51,75,76,82,90,92,99" m="44041" machi="51" ten="30,2000,0" yaku="15,1,11,1" doraHai="12" who="1" fromWho="1" sc="341,-10,231,20,228,-5,200,-5" /><INIT seed="5,0,0,5,4,113" ten="331,251,223,195" oya="1" hai0="132,4,114,40,126,44,24,56,92,134,103,3,23" hai1="50,63,11,70,80,78,18,76,74,101,125,53,39" hai2="10,117,71,49,97,120,88,91,87,37,55,61,32" hai3="75,99,2,123,43,72,31,52,79,95,48,73,45"/><U102/><E39/><V116/><F37/><W77/><G123/><T27/><D114/><U28/><E125/><V104/><F32/><W129/><G129/><T13/><D126/><U15/><E78/><V115/><F120/><W68/><G68/><T8/><D56/><U21/><E63/><V133/><F115/><W42/><G2/><T119/><D119/><U29/><E70/><V112/><F112/><W14/><G31/><T46/><D3/><U51/><E50/><V83/><F133/><N who="0" m="51306" /><D23/><U131/><E131/><V127/><F127/><W41/><REACH who="3" step="1"/><G14/><REACH who="3" ten="331,251,223,185" step="2"/><T135/><D135/><U105/><E29/><V86/><F71/><W118/><G118/><T57/><D13/><U25/><E105/><V84/><F116/><W130/><G130/><T62/><D24/><U98/><E98/><V58/><F117/><W5/><G5/><T60/><D27/><U59/><AGARI ba="0,1" hai="11,15,18,21,25,28,51,53,59,74,76,80,101,102" machi="59" ten="20,2100,0" yaku="0,1,7,1" doraHai="113" who="1" fromWho="1" sc="331,-7,251,31,223,-7,185,-7" /><INIT seed="5,1,0,2,3,135" ten="324,282,216,178" oya="1" hai0="26,124,71,44,1,105,66,109,13,127,52,128,115" hai1="61,100,30,6,49,24,125,7,35,65,25,53,15" hai2="103,54,32,96,77,3,23,37,122,93,76,81,10" hai3="39,120,48,94,19,126,82,58,117,34,12,98,28"/><U86/><E125/><N who="0" m="48201" /><D1/><U57/><E15/><V121/><F32/><W67/><G120/><T102/><D13/><U130/><E130/><V78/><F37/><W59/><G39/><T73/><D73/><U21/><E86/><V8/><F81/><W80/><G117/><T119/><D119/><U74/><E74/><V75/><F75/><W9/><G126/><T42/><D109/><U69/><E100/><V0/><F0/><W40/><G28/><AGARI ba="1,0" hai="6,7,21,24,25,28,30,35,49,53,57,61,65,69" machi="28" ten="30,1500,0" yaku="7,1" doraHai="135" who="1" fromWho="3" sc="324,0,282,18,216,0,178,-18" /><INIT seed="5,2,0,5,4,128" ten="324,300,216,160" oya="1" hai0="12,39,112,20,61,51,131,68,77,86,30,46,105" hai1="5,104,92,40,125,85,44,119,88,67,110,14,115" hai2="79,130,52,100,108,103,43,129,42,50,36,114,48" hai3="47,63,118,106,96,90,91,101,15,102,37,16,87"/><U26/><E104/><V66/><F79/><W34/><G118/><T75/><D105/><U84/><E119/><V53/><F66/><W60/><G34/><T32/><D39/><U57/><E125/><V28/><F28/><W41/><G101/><T98/><D75/><U111/><E115/><V10/><F10/><W38/><G38/><T35/><D98/><U65/><E26/><V3/><F36/><W13/><G13/><T76/><D68/><U29/><E29/><V21/><F21/><W45/><G45/><T54/><D61/><U18/><E5/><V81/><F81/><W9/><REACH who="3" step="1"/><G90/><REACH who="3" ten="324,300,216,150" step="2"/><T27/><D35/><U22/><E111/><V133/><F108/><W117/><G117/><T73/><D12/><U7/><E110/><V19/><F3/><W74/><G74/><T70/><D73/><U33/><E33/><V93/><F103/><W107/><G107/><T25/><D32/><U89/><E7/><V1/><F1/><W126/><G126/><T97/><D46/><U83/><E57/><V49/><F100/><W127/><G127/><T6/><D6/><U23/><E23/><V123/><F129/><W135/><G135/><T99/><D131/><U11/><E22/><V55/><F133/><W94/><AGARI ba="2,1" hai="9,15,16,37,41,47,60,63,87,91,94,96,102,106" machi="94" ten="20,5200,0" yaku="1,1,0,1,7,1,54,1,53,0" doraHai="128" doraHaiUra="109" who="3" fromWho="3" sc="324,-15,300,-28,216,-15,150,68" /><INIT seed="6,0,0,2,3,69" ten="309,272,201,218" oya="2" hai0="105,103,82,21,28,8,85,27,90,93,104,79,94" hai1="109,67,98,89,107,106,71,54,96,74,3,123,44" hai2="32,26,63,117,2,126,16,7,102,25,114,76,66" hai3="37,48,17,84,100,5,125,78,38,120,41,73,47"/><V60/><F117/><W31/><G120/><T65/><D65/><U1/><E109/><V36/><F114/><W57/><G125/><T80/><D8/><U46/><E67/><V99/><F126/><W128/><G128/><T11/><D11/><U124/><E54/><V70/><F76/><W72/><G31/><T91/><D103/><U20/><E89/><V116/><F116/><W19/><G100/><T110/><D110/><U14/><E14/><V53/><F36/><W30/><G30/><T62/><D62/><U83/><E83/><V135/><F135/><W13/><G5/><T15/><D15/><U122/><E20/><N who="2" m="13447" /><F60/><W58/><G19/><T88/><D82/><U45/><E124/><V112/><F53/><W111/><G111/><T42/><D42/><U40/><E40/><V131/><F112/><W129/><G129/><T134/><D134/><U92/><E74/><V101/><F131/><W18/><G18/><T132/><D132/><U95/><E45/><V0/><F7/><W97/><G73/><T77/><D77/><U75/><E75/><V43/><F43/><W59/><G72/><T22/><D22/><U55/><E55/><V108/><F108/><W24/><G24/><T4/><D4/><U113/><E113/><V133/><F133/><W29/><G29/><T115/><D115/><U121/><E121/><V35/><F102/><W49/><G78/><T12/><D12/><U34/><E34/><N who="2" m="12843" /><F26/><W86/><G41/><T118/><D118/><U127/><E127/><V50/><F50/><W87/><G48/><T56/><D56/><U119/><E119/><RYUUKYOKU ba="0,0" sc="309,10,272,10,201,10,218,-30" hai0="21,27,28,79,80,85,88,90,91,93,94,104,105" hai1="1,3,44,46,71,92,95,96,98,106,107,122,123" hai2="0,2,63,66,70,99,101" /><INIT seed="6,1,0,0,4,108" ten="319,282,211,188" oya="2" hai0="12,78,115,120,61,79,100,15,28,34,76,2,133" hai1="129,73,50,80,66,56,103,63,51,101,91,37,127" hai2="111,52,114,85,123,16,59,27,71,36,31,84,134" hai3="14,92,110,7,49,43,126,0,44,132,40,57,125"/><V32/><F71/><W62/><G110/><T89/><D2/><U128/><E37/><V113/><F111/><W83/><G0/><T18/><D100/><N who="1" m="38475" /><E127/><V11/><F36/><W119/><G119/><T102/><D89/><U39/><E39/><V47/><F47/><W58/><G132/><T131/><D61/><U117/><E117/><V122/><F134/><W86/><G92/><T29/><D12/><U82/><E91/><V60/><F85/><W81/><G43/><T72/><D18/><U118/><E118/><V10/><F84/><W116/><G116/><T17/><D17/><U6/><E6/><V3/><F11/><W42/><G42/><T75/><D15/><U135/><E135/><V90/><F90/><W26/><G26/><T95/><D133/><U55/><E50/><V107/><F107/><W65/><G58/><T30/><D120/><U20/><E73/><V74/><F74/><W46/><G46/><T35/><D75/><U98/><E98/><V104/><F104/><W97/><G97/><N who="0" m="59711" /><D72/><U53/><E53/><V24/><F3/><W13/><G81/><T69/><D69/><U93/><E93/><V9/><F9/><N who="3" m="4287" /><G14/><T99/><D99/><U88/><E82/><V130/><F123/><W64/><G64/><T8/><D8/><U96/><E80/><V19/><F122/><W22/><G22/><T25/><D34/><U21/><E96/><V87/><F32/><W68/><G68/><T23/><D23/><N who="1" m="8779" /><E88/><V105/><F105/><W109/><G109/><T124/><D35/><U106/><E106/><V94/><F94/><W48/><G48/><RYUUKYOKU ba="1,0" sc="319,-15,282,15,211,-15,188,15" hai1="51,55,56,63,66,128,129" hai3="40,44,49,57,62,65,83,86,125,126" /><INIT seed="7,2,0,1,1,15" ten="304,297,196,203" oya="3" hai0="41,96,126,88,113,24,78,134,110,29,49,22,71" hai1="38,32,6,11,84,8,40,45,124,2,69,98,35" hai2="34,107,52,121,123,80,95,81,36,57,70,14,55" hai3="48,118,17,92,83,44,102,63,67,115,120,23,99"/><W31/><G118/><T89/><D110/><U56/><E69/><V87/><F107/><W50/><G115/><T108/><D71/><U21/><E124/><V1/><F1/><W112/><G112/><T58/><D113/><U18/><E11/><V133/><F70/><W10/><G120/><N who="2" m="46153" /><F36/><W77/><G31/><T72/><D72/><U30/><E30/><V109/><F109/><W0/><G10/><T47/><D78/><U5/><E5/><V94/><F34/><W117/><G0/><T104/><D126/><U60/><E84/><V13/><F133/><W64/><G117/><T43/><D108/><U91/><E91/><N who="0" m="34889" /><D104/><U26/><E98/><V12/><F55/><AGARI ba="2,0" hai="2,6,8,18,21,26,32,35,38,40,45,55,56,60" machi="55" ten="30,2000,0" yaku="7,1,52,1" doraHai="15" who="1" fromWho="2" sc="304,0,297,26,196,-26,203,0" owari="304,10.0,323,43.0,170,-33.0,203,-20.0" /></mjloggm>