<mjloggm ver="2.3"><GO type="41" lobby="0"/><UN n0="%41%41%41%5A%5A%5A" n1="%6E%69%67%6F%72%75" n2="%54%61%74%73%55" n3="%E3%82%A6%E3%83%AB%E3%83%88%E3%83%A9%E7%AB%8B%E7%9B%B4" dan="14,13,14,15" rate="1948.61,1856.42,1939.43,2025.06" sx="M,M,M,M"/><TAIKYOKU oya="0"/><INIT seed="0,0,0,2,3,88" ten="250,250,250,250" oya="0" hai0="122,26,34,91,7,57,99,46,32,28,134,79,38" hai1="3,8,69,95,5,93,128,116,54,17,14,115,36" hai2="125,77,72,66,135,71,59,110,55,43,68,0,45" hai3="130,94,11,6,83,64,21,22,131,118,109,30,85"/><T2/><D122/><U61/><E116/><V96/><F0/><W82/><G118/><T9/><D79/><U67/><E128/><N who="3" m="49194" /><G64/><T37/><D57/><U86/><E115/><V25/><F110/><W98/><G109/><T23/><D134/><U76/><E36/><V106/><F72/><W4/><G30/><T105/><D46/><U20/><REACH who="1" step="1"/><E54/><REACH who="1" ten="250,240,250,250" step="2"/><V92/><F55/><W33/><G33/><T123/><D37/><U100/><E100/><V58/><F68/><W133/><G133/><T102/><D38/><U132/><E132/><V129/><F71/><W127/><G127/><T62/><D123/><U80/><AGARI ba="0,1" hai="3,5,8,14,17,20,61,67,69,76,80,86,93,95" machi="80" ten="30,7900,0" yaku="1,1,0,1,52,2,53,0" doraHai="88" doraHaiUra="124" who="1" fromWho="1" sc="250,-39,240,89,250,-20,250,-20" /><INIT seed="1,0,0,0,4,133" ten="211,329,230,230" oya="1" hai0="34,14,102,93,26,25,73,66,70,69,52,62,45" hai1="56,33,128,38,59,19,60,84,37,48,86,29,96" hai2="50,113,27,5,10,132,115,79,131,125,130,40,134" hai3="108,126,68,23,46,24,83,99,85,101,21,15,7"/><U61/><E128/><N who="2" m="49195" /><F79/><W54/><G68/><T78/><D14/><U16/><E96/><V82/><F82/><W87/><G108/><T18/><D70/><U51/><E29/><V55/><F40/><W32/><G32/><AGARI ba="0,0" hai="16,19,32,33,37,38,48,51,56,59,60,61,84,86" machi="32" ten="25,4800,0" yaku="22,2,54,1" doraHai="133" who="1" fromWho="3" sc="211,0,329,48,230,0,230,-48" /><INIT seed="1,1,0,4,4,84" ten="211,377,230,182" oya="1" hai0="50,103,92,53,104,66,131,42,106,128,81,39,49" hai1="70,107,105,79,20,21,48,43,117,60,63,56,78" hai2="18,35,96,127,100,29,4,113,12,67,16,101,125" hai3="132,6,31,99,108,87,120,73,91,112,3,121,86"/><U40/><E48/><V55/><F67/><W122/><G6/><T75/><D66/><U34/><E34/><V52/><F4/><W64/><G3/><T58/><D39/><U114/><E114/><V111/><F111/><W116/><G31/><T89/><D42/><U45/><E45/><V126/><F113/><W119/><G64/><T7/><D7/><U0/><E0/><V22/><F100/><W94/><G112/><T76/><D50/><U13/><E13/><V11/><F29/><W80/><G108/><T69/><D69/><U5/><E5/><V85/><F85/><N who="3" m="32267" /><G132/><T24/><D24/><U115/><E115/><V2/><F35/><W110/><G110/><T57/><D57/><U15/><E15/><V23/><F2/><W51/><G51/><T68/><D68/><U88/><E70/><V46/><F46/><W82/><G73/><T9/><D9/><U98/><E98/><V54/><F18/><W33/><G33/><T10/><D10/><U32/><E56/><V25/><F25/><W26/><G26/><T95/><D104/><AGARI ba="1,0" hai="11,12,16,22,23,52,54,55,96,101,104,125,126,127" machi="104" ten="50,6400,0" yaku="18,1,54,2" doraHai="84" who="2" fromWho="0" sc="211,-67,377,0,230,67,182,0" /><INIT seed="2,0,0,0,3,29" ten="144,377,297,182" oya="2" hai0="106,81,10,132,123,101,114,74,79,105,11,19,116" hai1="78,0,120,90,76,15,22,89,24,98,72,42,23" hai2="49,57,111,92,117,48,70,129,133,104,12,37,131" hai3="34,109,44,41,100,86,58,52,4,14,122,13,134"/><V7/><F37/><W91/><G122/><T63/><D123/><U125/><E0/><V83/><F104/><W27/><G109/><T127/><D116/><U56/><E120/><V50/><F70/><W87/><G134/><T82/><D114/><U128/><E128/><N who="2" m="49227" /><F117/><W31/><G100/><T94/><D132/><U130/><E130/><V54/><F133/><W73/><G73/><T97/><D19/><U71/><E71/><V35/><F111/><W33/><G33/><T62/><D127/><U20/><E125/><V85/><F92/><W84/><G91/><T135/><D135/><U45/><E72/><V16/><F7/><W88/><G88/><T121/><D121/><U102/><E90/><N who="2" m="51519" /><F35/><W32/><G32/><T47/><D82/><U1/><E1/><V61/><F61/><W118/><G118/><T124/><D124/><U26/><E89/><V39/><F39/><W43/><G4/><T55/><D106/><U77/><E56/><V126/><F126/><W65/><G65/><T113/><D113/><U18/><E98/><V80/><F80/><W60/><REACH who="3" step="1"/><G43/><REACH who="3" ten="144,377,297,172" step="2"/><T93/><D105/><U17/><E102/><V2/><F2/><W95/><G95/><T59/><D94/><U66/><E66/><V25/><F25/><W99/><G99/><T107/><D107/><U51/><E18/><V5/><F5/><W115/><G115/><T46/><D74/><U75/><E75/><V108/><F108/><W67/><G67/><N who="0" m="39391" /><D81/><U96/><E96/><V68/><F68/><W40/><G40/><T64/><D64/><U110/><E110/><V119/><F119/><RYUUKYOKU ba="0,1" sc="144,-30,377,10,297,10,172,10" hai1="15,17,20,22,23,24,26,42,45,51,76,77,78" hai2="12,16,48,49,50,54,57" hai3="13,14,27,31,34,41,44,52,58,60,84,86,87" /><INIT seed="2,1,1,1,0,50" ten="114,387,307,182" oya="2" hai0="31,122,93,34,132,113,47,107,28,7,20,97,130" hai1="55,25,8,1,134,49,124,13,38,56,94,133,119" hai2="42,112,104,57,43,11,79,82,128,64,62,118,45" hai3="14,53,101,24,33,78,86,116,126,15,95,103,22"/><V125/><F104/><W74/><G33/><T36/><D113/><U18/><E38/><V32/><F32/><W3/><G3/><T80/><D122/><U123/><E123/><V41/><F118/><W26/><G74/><T76/><D107/><U71/><E71/><V75/><F112/><W17/><G126/><T54/><D34/><U69/><E69/><V81/><F125/><W87/><G116/><T44/><D44/><U99/><E124/><V100/><F100/><W16/><G95/><T85/><D132/><N who="1" m="50795" /><E1/><V109/><F128/><W111/><G111/><T70/><D70/><U115/><E25/><V110/><F82/><W60/><G78/><T72/><D72/><U89/><E115/><V10/><REACH who="2" step="1"/><F45/><REACH who="2" ten="114,387,297,182" step="2"/><W88/><G101/><T98/><D130/><U6/><E119/><V2/><F2/><W131/><G103/><T63/><D47/><U59/><E59/><V114/><F114/><W83/><G131/><T27/><D93/><U105/><E105/><V58/><F58/><N who="3" m="34895" /><G86/><T12/><D97/><U37/><E37/><V120/><F120/><W90/><G90/><T52/><D98/><U40/><E40/><V135/><F135/><W30/><G30/><N who="0" m="17767" /><D36/><U21/><E89/><V48/><F48/><W108/><G108/><AGARI ba="1,2" hai="10,11,41,42,43,57,62,64,75,79,81,108,109,110" machi="108" ten="40,7700,0" yaku="1,1,14,1,10,1,53,0" doraHai="50" doraHaiUra="102" who="2" fromWho="3" sc="114,0,387,0,297,100,182,-80" /><INIT seed="2,2,0,3,3,12" ten="114,387,397,102" oya="2" hai0="87,76,8,6,32,126,83,45,92,52,73,31,122" hai1="128,33,29,99,9,34,107,78,50,11,0,94,89" hai2="41,109,79,27,62,57,80,74,93,69,20,37,35" hai3="46,121,113,65,70,90,91,123,130,1,47,102,14"/><V114/><F35/><W10/><G1/><T53/><D122/><U108/><E107/><V82/><F69/><W101/><G65/><T125/><D73/><U111/><E128/><V15/><F114/><W71/><G14/><T118/><D118/><U131/><E131/><V51/><F37/><W55/><G10/><T104/><D104/><U26/><E34/><V43/><F15/><W75/><G75/><T59/><D92/><U105/><E105/><V68/><F68/><W64/><G64/><T54/><D45/><U84/><E50/><V133/><F51/><W86/><G86/><T77/><D77/><U132/><E132/><V67/><F133/><W115/><REACH who="3" step="1"/><G130/><REACH who="3" ten="114,387,397,92" step="2"/><T134/><D134/><U63/><E0/><V38/><F109/><W100/><G100/><T72/><D72/><U4/><E9/><V36/><F36/><W95/><G95/><T116/><D116/><U23/><E111/><V98/><F38/><W124/><G124/><T85/><D85/><U24/><E84/><V44/><F82/><W61/><G61/><T25/><D8/><U96/><E108/><V18/><REACH who="2" step="1"/><F44/><REACH who="2" ten="114,387,387,92" step="2"/><W119/><G119/><T56/><REACH who="0" step="1"/><D6/><REACH who="0" ten="104,387,387,92" step="2"/><U97/><E4/><V58/><F58/><AGARI ba="2,3" hai="25,31,32,52,53,54,56,58,59,76,83,87,125,126" machi="58" ten="40,8000,1" yaku="1,1,2,1,54,1,53,1" doraHai="12" doraHaiUra="81" who="0" fromWho="2" sc="104,116,387,0,387,-86,92,0" /><INIT seed="3,0,0,4,1,19" ten="220,387,301,92" oya="3" hai0="40,133,57,98,48,0,91,23,123,116,102,135,89" hai1="81,11,94,76,42,3,63,29,72,55,32,129,106" hai2="117,95,5,26,31,4,18,77,93,39,38,12,111" hai3="131,65,61,1,6,112,64,58,20,92,56,134,130"/><W47/><G6/><T44/><D123/><U36/><E106/><V105/><F111/><W103/><G1/><T114/><D0/><U2/><E129/><N who="3" m="49162" /><G103/><T124/><D116/><U33/><E33/><V49/><F105/><W52/><G112/><T128/><D128/><U34/><E34/><V8/><F117/><W51/><G92/><T9/><D9/><U110/><E110/><V78/><F39/><W67/><G134/><T83/><D114/><U30/><E94/><N who="2" m="35851" /><F38/><W27/><G58/><T97/><D57/><U41/><E32/><V17/><F49/><W132/><G132/><T24/><D135/><U16/><E2/><V73/><F73/><W50/><G50/><T28/><D133/><U25/><E72/><V46/><F46/><W54/><G54/><T70/><D70/><U84/><E55/><V104/><F104/><W14/><G14/><T115/><D115/><U35/><E3/><V53/><F53/><W88/><G88/><N who="0" m="33867" /><D102/><U21/><E36/><V101/><F101/><W45/><G45/><T75/><D75/><U86/><E35/><V37/><F37/><W13/><G13/><T122/><D122/><U80/><E41/><V127/><F127/><W99/><G99/><N who="0" m="37899" /><D124/><U10/><E42/><V71/><F71/><W87/><G87/><T118/><D118/><U74/><E86/><V96/><F96/><W79/><G79/><N who="2" m="30217" /><F4/><W107/><G107/><T90/><N who="0" m="33875" /><T15/><DORA hai="121" /><D15/><U7/><E7/><V126/><F126/><W113/><G113/><T100/><D100/><U69/><E69/><V108/><F108/><W120/><G120/><RYUUKYOKU ba="0,0" sc="220,10,387,-30,301,10,92,10" hai0="23,24,28,40,44,48,83" hai2="5,8,12,17,18,26,31" hai3="20,27,47,51,52,56,61,64,65,67" /><INIT seed="3,1,0,4,0,104" ten="230,357,311,102" oya="3" hai0="67,62,49,3,65,84,35,43,47,11,105,19,127" hai1="76,93,95,0,41,31,32,69,135,75,82,25,7" hai2="130,113,37,79,16,33,80,15,2,60,51,74,40" hai3="34,103,86,106,20,126,50,59,129,57,72,48,38"/><W102/><G34/><T66/><D35/><U110/><E110/><V125/><F33/><W119/><G38/><T96/><D127/><U10/><E135/><V114/><F125/><W13/><G126/><T58/><D84/><U6/><E6/><V39/><F2/><W8/><G119/><T92/><D105/><U81/><E81/><V91/><F130/><W131/><G106/><T36/><D36/><U29/><E29/><V5/><F5/><W124/><G124/><T18/><D3/><U9/><E9/><V112/><F60/><W71/><G20/><T12/><REACH who="0" step="1"/><D19/><REACH who="0" ten="220,357,311,102" step="2"/><U52/><E0/><V94/><F39/><W89/><G131/><T116/><D116/><U53/><E7/><V108/><F37/><W122/><G129/><T4/><D4/><U17/><E32/><V85/><F108/><W100/><G122/><T54/><D54/><U118/><E52/><V101/><F40/><W73/><G71/><T88/><AGARI ba="1,1" hai="11,12,18,43,47,49,58,62,65,66,67,88,92,96" machi="88" ten="20,8000,1" yaku="1,1,0,1,7,1,8,1,54,1,53,0" doraHai="104" doraHaiUra="134" who="0" fromWho="0" sc="220,93,357,-21,311,-21,102,-41" /><INIT seed="4,0,0,2,2,135" ten="313,336,290,61" oya="0" hai0="36,84,98,90,34,107,122,97,105,25,111,45,16" hai1="112,64,42,88,66,68,72,81,75,52,71,100,19" hai2="119,73,99,96,26,56,110,43,114,30,129,121,113" hai3="23,94,87,69,32,2,18,63,35,15,115,58,85"/><T39/><D122/><U108/><E108/><V55/><F73/><W33/><G69/><T77/><D77/><U10/><E112/><N who="2" m="43115" /><F110/><W47/><G115/><T60/><D111/><U28/><E28/><V38/><F121/><W29/><G2/><T86/><D60/><U118/><E118/><V89/><F119/><W82/><G29/><T91/><D45/><U83/><E100/><V131/><F89/><W57/><G47/><T37/><D25/><U49/><E88/><N who="0" m="33833" /><D34/><U117/><E117/><V79/><F79/><W104/><G104/><N who="0" m="40011" /><D16/><U22/><E19/><V27/><F43/><W101/><G82/><T120/><D120/><U134/><E42/><V53/><F38/><N who="0" m="9730" /><T13/><DORA hai="74" /><D13/><U4/><E75/><V126/><F30/><W59/><REACH who="3" step="1"/><G63/><REACH who="3" ten="313,336,290,51" step="2"/><T70/><D70/><U41/><E71/><V78/><F131/><W106/><G106/><T17/><D17/><U62/><E68/><V9/><F129/><W50/><G50/><T40/><D40/><U8/><E49/><V102/><F27/><W67/><G67/><T93/><D93/><U3/><E41/><V14/><F26/><W44/><G44/><T12/><D12/><U109/><E64/><V20/><F14/><W31/><G31/><T132/><D132/><U127/><E134/><V133/><F133/><W124/><G124/><T7/><D7/><U95/><E4/><V46/><F126/><W1/><G1/><T128/><D128/><U76/><E127/><V92/><F92/><W11/><G11/><T24/><D24/><U21/><E95/><V80/><F9/><W125/><G125/><RYUUKYOKU ba="0,1" sc="313,15,336,-15,290,-15,51,15" hai0="84,86,97,98" hai3="15,18,23,32,33,35,57,58,59,85,87,94,101" /><INIT seed="4,1,1,2,0,26" ten="328,321,275,66" oya="0" hai0="71,60,123,93,113,69,19,63,4,114,110,90,74" hai1="22,9,129,17,80,72,57,14,130,58,5,126,128" hai2="51,132,115,108,99,66,89,112,62,95,55,91,18" hai3="125,35,83,105,13,81,10,127,31,103,43,41,78"/><T98/><D74/><U27/><REACH who="1" step="1"/><E126/><REACH who="1" ten="328,311,275,66" step="2"/><V36/><F112/><N who="0" m="43114" /><D110/><U75/><E75/><V118/><F115/><W28/><G35/><T131/><D123/><U124/><E124/><N who="3" m="47690" /><G103/><T34/><D34/><U23/><E23/><V16/><F108/><W82/><G105/><T47/><D131/><U94/><E94/><V104/><F118/><W49/><G78/><AGARI ba="1,2" hai="5,9,14,17,22,27,57,58,72,78,80,128,129,130" machi="78" ten="40,8000,1" yaku="21,2,19,1,53,1" doraHai="26" doraHaiUra="11" who="1" fromWho="3" sc="328,0,311,103,275,0,66,-83" owari="328,13.0,414,51.0,275,-12.0,-17,-52.0" /></mjloggm>