<mjloggm ver="2.3"><GO type="169" lobby="0"/><UN n0="%E5%B1%B1%E5%B9%B8%E5%95%86%E5%BA%97" n1="%E3%82%8C%E3%82%93%EF%BC%8D%4E%65%77" n2="%E3%82%A6%E3%83%AB%E3%83%88%E3%83%A9%E7%AB%8B%E7%9B%B4" n3="%33%33%62%6C%61%63%6B" dan="16,16,16,16" rate="2144.50,2019.19,2125.69,2057.14" sx="M,M,M,M"/><TAIKYOKU oya="0"/><INIT seed="0,0,0,5,1,111" ten="250,250,250,250" oya="0" hai0="121,110,93,119,64,108,4,75,41,109,125,118,97" hai1="95,15,60,58,0,18,8,91,24,7,65,30,76" hai2="63,85,131,23,17,44,127,113,106,61,25,14,1" hai3="26,10,36,104,101,126,107,50,68,84,47,55,82"/><T39/><D75/><U45/><E76/><V89/><F106/><W35/><G68/><T122/><D4/><U133/><E45/><V62/><F1/><W53/><G126/><T49/><D125/><U29/><E133/><V79/><F79/><W66/><G66/><T69/><D49/><U28/><E0/><V99/><F99/><W19/><G36/><T98/><D93/><U21/><REACH who="1" step="1"/><E7/><REACH who="1" ten="250,240,250,250" step="2"/><V81/><F127/><W103/><G47/><N who="0" m="23999" /><D98/><AGARI ba="0,1" hai="8,15,18,21,24,28,29,30,58,60,65,91,95,98" machi="98" ten="30,7700,0" yaku="1,1,7,1,8,1,53,1" doraHai="111" doraHaiUra="13" who="1" fromWho="0" sc="250,-77,240,87,250,0,250,0" /><INIT seed="1,0,0,0,2,111" ten="173,327,250,250" oya="1" hai0="132,10,12,55,61,15,36,84,79,47,87,106,33" hai1="30,124,130,46,68,108,95,96,57,83,76,54,40" hai2="21,93,86,131,48,18,19,135,5,121,59,110,4" hai3="85,99,134,28,123,39,74,25,81,62,60,82,13"/><U8/><E108/><V1/><F1/><W56/><G123/><T26/><D106/><U38/><E68/><V69/><F69/><W90/><G39/><T50/><D36/><U101/><E130/><V118/><F118/><W128/><G134/><T117/><D117/><U109/><E109/><V31/><F31/><W23/><G99/><T42/><D132/><U3/><E30/><V14/><F135/><W100/><G100/><T65/><D33/><U105/><E124/><V103/><F110/><W29/><G128/><T77/><D26/><U11/><E3/><V0/><F0/><W115/><G115/><T58/><D42/><U41/><E41/><V94/><F131/><W127/><G127/><T80/><REACH who="0" step="1"/><D10/><REACH who="0" ten="163,327,250,250" step="2"/><U78/><E105/><V112/><F121/><W17/><G25/><T6/><D6/><U75/><REACH who="1" step="1"/><E76/><REACH who="1" ten="163,317,250,250" step="2"/><V122/><F122/><W27/><G29/><T73/><D73/><U70/><E70/><V66/><F112/><W116/><G74/><T16/><D16/><U53/><E53/><V120/><F19/><W7/><G28/><T49/><D49/><AGARI ba="0,2" hai="8,11,38,40,46,49,54,57,75,78,83,95,96,101" machi="49" ten="30,2900,0" yaku="1,1,7,1,53,0" doraHai="111" doraHaiUra="32" who="1" fromWho="0" sc="163,-29,317,49,250,0,250,0" /><INIT seed="1,1,0,5,2,98" ten="134,366,250,250" oya="1" hai0="36,133,134,100,74,89,94,39,18,16,126,63,102" hai1="130,96,84,21,127,121,80,131,54,97,69,116,13" hai2="7,53,124,57,40,60,4,129,51,122,43,64,50" hai3="107,11,114,66,6,47,22,8,90,59,115,70,135"/><U19/><E69/><V118/><F118/><W38/><G70/><T0/><D0/><U110/><E116/><V117/><F117/><W76/><G76/><T72/><D63/><U1/><E1/><V42/><F122/><W44/><G107/><T5/><D5/><U105/><E121/><V68/><F124/><W120/><G120/><T58/><D58/><U23/><E127/><V34/><F34/><W45/><G38/><T75/><D89/><U62/><E110/><V28/><F28/><W33/><G33/><T32/><D32/><U88/><E23/><V56/><F129/><N who="1" m="49161" /><E105/><V15/><F15/><W29/><G22/><T73/><N who="0" m="18944" /><DORA hai="77" /><T49/><D49/><U91/><E91/><V109/><F109/><W12/><G90/><T71/><D94/><U2/><E2/><V14/><F14/><W41/><G12/><T9/><D9/><U55/><E55/><AGARI ba="1,0" hai="4,7,40,42,43,50,51,53,55,56,57,60,64,68" machi="55" ten="40,1300,0" yaku="9,1" doraHai="98,77" who="2" fromWho="1" sc="134,0,366,-16,250,16,250,0" /><INIT seed="2,0,0,3,2,59" ten="134,350,266,250" oya="2" hai0="25,11,16,67,47,2,44,80,72,53,117,109,37" hai1="34,62,61,124,84,41,52,56,14,129,86,36,66" hai2="105,88,39,28,69,114,103,6,4,106,1,128,73" hai3="20,27,70,48,21,7,78,31,97,130,94,19,87"/><V126/><F114/><W134/><G134/><T15/><D117/><U35/><E36/><V9/><F106/><W23/><G130/><T100/><D100/><U50/><E129/><V91/><F128/><W32/><G70/><T95/><D67/><U17/><E124/><V43/><F126/><W65/><G7/><T22/><D2/><U58/><E41/><V110/><F6/><W125/><G125/><T82/><D109/><U76/><E50/><V12/><F12/><W118/><G118/><T30/><D72/><U113/><E113/><V33/><F69/><W49/><G65/><T101/><D37/><U26/><E26/><N who="2" m="18583" /><F88/><N who="3" m="55495" /><G32/><T119/><D119/><U112/><E112/><V54/><F91/><W10/><G10/><T90/><D101/><U46/><E46/><N who="2" m="23935" /><F54/><W107/><G107/><T0/><D0/><U131/><E131/><V96/><F110/><W83/><G21/><T45/><REACH who="0" step="1"/><D53/><REACH who="0" ten="124,350,266,250" step="2"/><U60/><E52/><V98/><F98/><AGARI ba="0,1" hai="11,15,16,22,25,30,44,45,47,80,82,90,95,98" machi="98" ten="40,8000,1" yaku="1,1,2,1,8,1,54,1,53,0" doraHai="59" doraHaiUra="115" who="0" fromWho="2" sc="124,90,350,0,266,-80,250,0" /><INIT seed="3,0,0,0,5,7" ten="214,350,186,250" oya="3" hai0="11,41,48,71,24,61,78,47,13,111,43,95,116" hai1="76,80,112,92,54,22,28,33,129,82,86,81,117" hai2="39,5,97,18,103,98,66,0,93,126,4,122,113" hai3="109,34,57,74,120,135,70,77,29,106,38,96,2"/><W73/><RYUUKYOKU type="yao9" ba="0,0" sc="214,0,350,0,186,0,250,0" hai3="2,29,34,38,57,70,73,74,77,96,106,109,120,135" /><INIT seed="3,1,0,2,5,19" ten="214,350,186,250" oya="3" hai0="134,97,36,41,79,86,84,69,6,25,112,96,65" hai1="47,122,61,9,130,100,108,87,0,99,133,55,66" hai2="45,113,83,21,16,29,8,92,71,12,14,46,68" hai3="48,70,95,63,80,60,127,62,44,118,77,74,59"/><W52/><G118/><T15/><D69/><U107/><E108/><V38/><F113/><W116/><G116/><T104/><D36/><U106/><E133/><V4/><F29/><W98/><G127/><T102/><D134/><U58/><E130/><V109/><F109/><W64/><REACH who="3" step="1"/><G70/><REACH who="3" ten="214,350,186,240" step="2"/><T13/><D112/><U132/><E132/><V3/><F71/><W30/><G30/><T101/><D104/><U75/><E107/><V2/><F68/><W135/><G135/><T35/><D35/><U120/><E106/><V24/><F38/><W89/><AGARI ba="1,1" hai="44,48,52,59,60,62,63,64,74,77,80,89,95,98" machi="89" ten="20,12000,1" yaku="1,1,0,1,7,1,54,1,53,1" doraHai="19" doraHaiUra="40" who="3" fromWho="3" sc="214,-41,350,-41,186,-41,240,133" /><INIT seed="3,2,0,0,0,88" ten="173,309,145,373" oya="3" hai0="85,19,95,135,22,14,60,110,126,121,52,80,48" hai1="2,103,50,118,117,55,109,134,3,62,30,68,37" hai2="75,78,101,0,79,29,71,33,131,90,35,74,67" hai3="92,124,41,23,77,94,53,122,58,4,73,45,104"/><W39/><G104/><T46/><D121/><U129/><E37/><V17/><F17/><W66/><G122/><T21/><D110/><U133/><E109/><V34/><F90/><W36/><G36/><T69/><D135/><N who="1" m="51723" /><E30/><V6/><F101/><W40/><G40/><T1/><D1/><N who="1" m="11" /><E103/><V54/><F54/><W107/><G107/><T42/><D126/><U91/><E91/><V115/><F115/><W43/><G43/><T113/><D113/><U10/><E10/><V16/><F16/><W27/><G4/><T15/><D69/><U97/><E97/><V25/><F131/><W64/><G124/><T38/><D60/><U47/><E129/><V106/><F106/><W59/><G73/><T132/><D132/><U96/><E96/><V28/><F28/><W20/><G77/><T24/><D22/><U63/><E63/><N who="2" m="40447" /><F79/><W51/><G20/><T76/><REACH who="0" step="1"/><D95/><REACH who="0" ten="163,309,145,373" step="2"/><U125/><E125/><V102/><F35/><W7/><G92/><T127/><D127/><U93/><E93/><V5/><F34/><W83/><G94/><T11/><D11/><U56/><E68/><V116/><F0/><W32/><G32/><T111/><D111/><U98/><E98/><V13/><F33/><W70/><G70/><T89/><D89/><U61/><E61/><V100/><F100/><W84/><G23/><T123/><D123/><U120/><E120/><V108/><F102/><W99/><G99/><T65/><D65/><AGARI ba="2,1" hai="47,50,55,56,62,65,117,118" m="11,51723" machi="65" ten="30,1000,0" yaku="20,1" doraHai="88" who="1" fromWho="0" sc="163,-16,309,26,145,0,373,0" /><INIT seed="4,0,0,4,4,122" ten="147,335,145,373" oya="0" hai0="20,6,116,74,43,135,41,29,86,33,14,40,61" hai1="132,47,106,38,80,28,97,107,10,88,59,9,2" hai2="96,44,102,87,56,23,98,62,60,51,112,7,72" hai3="63,65,8,71,4,15,24,100,133,114,39,121,105"/><T120/><D74/><U134/><E28/><V22/><F72/><W126/><G121/><T95/><D120/><U49/><E38/><V5/><F87/><W50/><G39/><T46/><D116/><U64/><E106/><V11/><F112/><W3/><G114/><T32/><D135/><U78/><E107/><V83/><F83/><W91/><G133/><T42/><D61/><U30/><E59/><V12/><F7/><W57/><G91/><N who="0" m="53751" /><D33/><U127/><E30/><V99/><F102/><W75/><G75/><T84/><D32/><U130/><E64/><V79/><F79/><W92/><G105/><T48/><D84/><U111/><E78/><V53/><REACH who="2" step="1"/><F62/><REACH who="2" ten="147,335,135,373" step="2"/><W37/><G63/><T66/><D66/><AGARI ba="0,1" hai="5,11,12,22,23,44,51,53,56,60,66,96,98,99" machi="66" ten="40,5200,0" yaku="1,1,2,1,8,1,53,0" doraHai="122" doraHaiUra="118" who="2" fromWho="0" sc="147,-52,335,0,135,62,373,0" /><INIT seed="5,0,0,4,5,75" ten="95,335,197,373" oya="1" hai0="79,69,50,48,77,115,35,102,119,3,26,93,87" hai1="36,55,11,20,34,110,105,10,88,2,86,74,19" hai2="85,108,49,130,27,61,62,123,70,39,111,68,31" hai3="122,104,73,100,5,29,91,9,21,99,126,66,40"/><U131/><E74/><V38/><F85/><W132/><G122/><T114/><D69/><U76/><E34/><V118/><F27/><W59/><G132/><T16/><D3/><U117/><E36/><V42/><F31/><W84/><G73/><T128/><D35/><U45/><E105/><V82/><F82/><W64/><G40/><T1/><D1/><U43/><E43/><V97/><F97/><W71/><G71/><T83/><D119/><U78/><E117/><V134/><F42/><W58/><G126/><T17/><D128/><U133/><E133/><V98/><F98/><W8/><G29/><T24/><D93/><N who="1" m="54423" /><E131/><V81/><F81/><W6/><G21/><T13/><D102/><U63/><E2/><V116/><F134/><W54/><G5/><T121/><D121/><U96/><E96/><V18/><F18/><W89/><G89/><N who="0" m="51455" /><D114/><U44/><E44/><V65/><F130/><W109/><G91/><T56/><D115/><U92/><E92/><V101/><F101/><W94/><G104/><T46/><D56/><N who="1" m="35231" /><E45/><V135/><F135/><W90/><G99/><T57/><D57/><U72/><E72/><V67/><F49/><N who="0" m="19050" /><D46/><U14/><E110/><V15/><F123/><W124/><G109/><T37/><D37/><U127/><E127/><V95/><F95/><W7/><G94/><T103/><D103/><U112/><E112/><V113/><F113/><W47/><G124/><T41/><D41/><U0/><E0/><V32/><F32/><W106/><G100/><T53/><D53/><U4/><E4/><V23/><F39/><W51/><G6/><RYUUKYOKU ba="0,0" sc="95,-10,335,30,197,-10,373,-10" hai1="10,11,14,19,20,76,78" /><INIT seed="5,1,0,3,3,1" ten="85,365,187,363" oya="1" hai0="125,20,114,59,7,61,50,103,118,34,5,55,17" hai1="28,2,112,127,53,109,71,72,117,23,135,52,76" hai2="62,36,47,25,120,49,91,116,70,74,67,29,66" hai3="75,110,111,77,78,56,9,104,15,98,54,57,83"/><U44/><E71/><V88/><F74/><W0/><G0/><T68/><D34/><U60/><E2/><V100/><F120/><W124/><G77/><T41/><D118/><U11/><E112/><V107/><F116/><W43/><G43/><T64/><D114/><U33/><E76/><V32/><F67/><W35/><G35/><T108/><D125/><U19/><E127/><V115/><F36/><W80/><G80/><T4/><D108/><U81/><E81/><V105/><F115/><W119/><G124/><T132/><D132/><U133/><E109/><V45/><F45/><W73/><G73/><T6/><D103/><U16/><E33/><V46/><F46/><W27/><G119/><T130/><D130/><U84/><E72/><V94/><F94/><W128/><G128/><T86/><D86/><U85/><E44/><V90/><REACH who="2" step="1"/><F100/><REACH who="2" ten="85,365,177,363" step="2"/><N who="3" m="62487" /><G111/><T131/><D131/><U89/><E117/><V101/><F101/><W26/><G110/><T10/><D41/><AGARI ba="1,1" hai="25,29,32,41,47,49,62,66,70,88,90,91,105,107" machi="41" ten="40,2600,0" yaku="1,1,54,1,53,0" doraHai="1" doraHaiUra="79" who="2" fromWho="0" sc="85,-29,365,0,177,39,363,0" /><INIT seed="6,0,0,5,2,82" ten="56,365,216,363" oya="2" hai0="7,118,24,23,34,71,46,79,3,97,26,73,74" hai1="77,126,33,132,61,98,112,83,87,32,51,107,10" hai2="43,91,53,67,72,96,52,47,109,17,29,64,2" hai3="59,102,13,60,50,122,100,121,125,101,63,4,15"/><V119/><F2/><W95/><G125/><T62/><D118/><U86/><E126/><V5/><F5/><W80/><G80/><T131/><D26/><U11/><E87/><V0/><F0/><W56/><G4/><T41/><D23/><U81/><E81/><V22/><F72/><W94/><G101/><T106/><D79/><U85/><E85/><V25/><F109/><W69/><G50/><T18/><D18/><U92/><E107/><V76/><F76/><W19/><G19/><T66/><D131/><U48/><E61/><V14/><F119/><W38/><G38/><T116/><D116/><U75/><E75/><V105/><F67/><W28/><G28/><T108/><D108/><U89/><E112/><V21/><F64/><W54/><G54/><T93/><D93/><U120/><E132/><V49/><F105/><W35/><G35/><T128/><D128/><U123/><E32/><V130/><F130/><W9/><G9/><N who="1" m="3082" /><E33/><V39/><F39/><W110/><G110/><T1/><D7/><U27/><E27/><V8/><F8/><W36/><G36/><N who="0" m="21799" /><D3/><U42/><E42/><V70/><F70/><AGARI ba="0,0" hai="13,15,56,59,60,63,69,70,94,95,100,102,121,122" machi="70" ten="25,1600,0" yaku="22,2" doraHai="82" who="3" fromWho="2" sc="56,0,365,0,216,-16,363,16" /><INIT seed="7,0,0,2,3,23" ten="56,365,200,379" oya="3" hai0="100,42,95,62,28,26,110,63,48,121,109,97,46" hai1="88,101,118,124,102,132,78,3,8,72,104,87,98" hai2="56,123,131,6,92,44,5,24,57,52,117,13,105" hai3="50,125,103,79,67,58,91,111,15,75,53,14,4"/><W1/><G1/><T55/><D121/><U73/><E102/><V66/><F105/><W64/><G103/><T10/><D10/><U34/><E34/><V59/><F131/><W128/><G128/><T69/><D63/><U80/><E124/><V19/><F24/><W25/><G125/><T51/><D110/><U122/><E122/><V126/><F117/><W27/><G111/><T130/><D130/><U29/><E29/><V116/><F116/><W2/><G2/><T90/><D109/><U77/><E132/><V39/><F39/><W45/><G75/><T127/><D127/><U30/><E30/><V17/><F17/><W99/><G79/><T82/><D82/><U133/><E133/><V76/><F76/><W60/><G67/><T129/><D129/><U85/><E118/><V54/><F66/><W21/><G4/><T84/><D62/><U115/><E115/><V107/><F107/><W12/><G21/><T89/><D69/><U33/><E33/><V20/><F126/><W106/><G106/><T38/><D38/><U119/><E119/><V83/><F83/><W41/><G64/><T70/><D70/><U31/><E31/><V18/><F6/><W93/><AGARI ba="0,0" hai="12,14,15,25,27,41,45,50,53,58,60,91,93,99" machi="93" ten="30,11700,0" yaku="0,1,8,1,52,2" doraHai="23" who="3" fromWho="3" sc="56,-39,365,-39,200,-39,379,117" owari="17,-48.0,326,13.0,161,-24.0,496,59.0" /></mjloggm>