<mjloggm ver="2.3"><GO type="97" lobby="0"/><UN n0="%E9%AD%94%E4%BA%BA%E3%81%B6%E3%83%BC" n1="%E3%82%A6%E3%83%AB%E3%83%88%E3%83%A9%E7%AB%8B%E7%9B%B4" n2="%E3%83%86%E3%82%A3%E3%82%A2%E3%83%9F%E3%83%AA%E3%82%B9" n3="%E3%82%A4%E3%83%B3%E3%83%89%E8%B1%A1" dan="13,15,13,15" rate="1868.97,2060.57,1824.64,1922.05" sx="M,M,F,M"/><TAIKYOKU oya="0"/><INIT seed="0,0,0,5,0,4" ten="250,250,250,250" oya="0" hai0="23,109,94,100,61,76,52,84,28,132,111,88,102" hai1="134,50,22,40,110,27,130,72,58,75,97,21,42" hai2="19,59,30,68,15,123,3,38,82,53,10,6,16" hai3="74,107,129,2,122,5,89,87,49,95,0,108,47"/><T120/><D120/><U70/><E70/><V91/><F123/><W13/><G122/><T77/><D28/><U96/><E110/><N who="0" m="41993" /><D23/><U133/><E58/><V103/><F68/><W121/><G121/><T73/><D73/><U11/><E50/><V26/><F38/><W106/><G129/><T60/><D60/><U20/><E130/><V78/><F103/><N who="0" m="39466" /><D132/><U25/><E21/><V36/><F36/><W67/><G74/><T29/><D29/><U45/><E45/><V34/><F91/><W126/><G106/><T83/><D83/><U113/><E113/><V32/><F34/><W17/><G107/><T39/><D39/><U90/><E90/><V65/><F65/><W46/><G67/><T118/><D118/><U112/><E112/><V98/><F98/><W35/><G108/><T31/><D31/><U12/><E12/><V69/><F69/><W85/><G13/><T51/><D61/><U115/><E115/><V64/><F64/><W62/><G35/><T33/><D33/><U116/><E116/><V41/><F41/><W127/><G62/><T81/><D81/><U93/><E93/><V99/><F99/><W9/><G95/><T54/><D54/><U44/><E44/><AGARI ba="0,0" hai="44,51,52,76,77,84,88,94" m="39466,41993" machi="44" ten="30,11600,0" yaku="14,1,10,1,54,2" doraHai="4" who="0" fromWho="1" sc="250,116,250,-116,250,0,250,0" /><INIT seed="0,1,0,4,4,36" ten="366,134,250,250" oya="0" hai0="59,123,48,95,134,16,117,120,10,128,63,109,73" hai1="76,122,60,40,87,112,41,68,32,98,57,47,21" hai2="8,88,0,51,31,64,118,14,35,81,133,70,20" hai3="30,114,61,91,93,82,67,132,121,96,90,92,127"/><T94/><D73/><U4/><E32/><V79/><F35/><W33/><G114/><T54/><D117/><U85/><E68/><V108/><F118/><W65/><G121/><T100/><D134/><U99/><E122/><V97/><F133/><W66/><G132/><T38/><D38/><U125/><E125/><V13/><F108/><W113/><G82/><T62/><D128/><U107/><E107/><V126/><F126/><W24/><G113/><T135/><D135/><U106/><E106/><V29/><F0/><W17/><G17/><T71/><D109/><U26/><E4/><V129/><F129/><W103/><G127/><T2/><D2/><U86/><E76/><V72/><F51/><W115/><G115/><T124/><D124/><U69/><E69/><V102/><F70/><W25/><G25/><T7/><D7/><U130/><E130/><V3/><F64/><W18/><G18/><T83/><D83/><U5/><E5/><V44/><F44/><W6/><G6/><T12/><D71/><U101/><E47/><V46/><F46/><W111/><G111/><T11/><D11/><U53/><E112/><V28/><F3/><W104/><G61/><T78/><D78/><U19/><E101/><V34/><F34/><W80/><G80/><T74/><D74/><U43/><AGARI ba="1,0" hai="19,21,26,40,41,43,53,57,60,85,86,87,98,99" machi="43" ten="30,8000,1" yaku="0,1,8,1,52,3" doraHai="36" who="1" fromWho="1" sc="366,-41,134,83,250,-21,250,-21" /><INIT seed="1,0,0,4,2,23" ten="325,217,229,229" oya="1" hai0="85,33,8,32,45,17,134,36,67,110,116,64,81" hai1="84,69,99,128,53,60,131,76,70,114,25,71,65" hai2="58,2,89,21,49,14,135,9,109,75,103,52,7" hai3="86,80,95,102,44,6,31,59,125,94,96,57,101"/><U22/><E99/><V97/><F109/><W46/><G6/><T18/><D110/><U27/><E114/><V47/><F135/><W42/><G125/><T15/><D116/><U74/><E74/><V51/><F75/><W93/><G31/><T113/><D113/><U100/><E100/><V48/><F89/><W26/><G26/><N who="1" m="9738" /><E22/><V115/><F115/><W73/><G73/><T20/><D134/><U82/><E53/><V12/><F2/><W119/><G119/><T78/><D33/><U120/><E120/><V112/><F112/><W50/><G46/><T35/><D35/><U38/><E38/><V0/><F0/><W24/><G24/><T91/><D32/><U77/><E77/><V107/><F47/><W133/><G133/><T41/><D78/><U104/><E104/><V40/><F40/><W130/><G130/><AGARI ba="0,0" hai="60,65,69,70,71,76,82,84,128,130,131" m="9738" machi="130" ten="30,11600,0" yaku="19,1,52,3" doraHai="23" who="1" fromWho="3" sc="325,0,217,116,229,0,229,-116" /><INIT seed="1,1,0,5,2,56" ten="325,333,229,113" oya="1" hai0="36,19,45,135,22,21,70,38,98,93,41,51,121" hai1="81,68,131,118,87,10,9,72,48,11,62,47,65" hai2="27,17,89,91,6,66,5,128,79,108,97,109,39" hai3="33,44,57,4,116,42,12,63,16,14,112,61,13"/><U64/><E118/><V88/><F39/><W2/><G116/><T30/><D70/><U86/><E131/><V94/><F128/><W125/><G125/><T32/><D32/><U28/><E28/><V120/><F120/><W105/><G105/><T77/><D77/><U31/><E31/><V76/><F66/><W18/><G33/><T78/><D78/><N who="2" m="29738" /><F27/><W110/><G110/><N who="2" m="42601" /><F17/><W80/><G80/><T54/><D135/><U123/><E72/><V55/><F55/><W124/><G124/><T50/><D121/><U29/><E123/><V67/><F67/><W69/><G69/><T34/><D34/><U84/><E65/><V15/><F15/><W111/><G111/><T103/><D30/><U49/><E29/><V40/><F40/><W90/><G90/><AGARI ba="1,0" hai="5,6,88,89,90,91,94,97" m="42601,29738" machi="90" ten="30,2000,0" yaku="14,1,54,1" doraHai="56" who="2" fromWho="3" sc="325,0,333,0,229,23,113,-23" /><INIT seed="2,0,0,2,2,120" ten="325,333,252,90" oya="2" hai0="15,21,56,41,35,107,88,103,54,36,39,48,68" hai1="52,127,67,73,42,24,133,97,132,19,63,3,128" hai2="66,110,85,93,116,49,99,59,14,65,112,53,111" hai3="79,18,57,71,134,32,95,12,121,77,23,26,94"/><V131/><F112/><W106/><G71/><T61/><D35/><U13/><E3/><V115/><F115/><W78/><G106/><T126/><D126/><U70/><E73/><V72/><F72/><W47/><G121/><T123/><D123/><U44/><E24/><V125/><F116/><W109/><G109/><N who="2" m="41481" /><F125/><W8/><G134/><T33/><D33/><U113/><E127/><V17/><F131/><W46/><G57/><T86/><D103/><U89/><E128/><V102/><F85/><W84/><G32/><T22/><D107/><U2/><E113/><V105/><F105/><W4/><REACH who="3" step="1"/><G84/><REACH who="3" ten="325,333,252,80" step="2"/><T101/><D68/><U104/><E104/><V135/><F135/><W108/><G108/><T98/><D86/><U34/><E34/><V51/><F51/><W92/><AGARI ba="0,1" hai="4,8,12,18,23,26,46,47,77,78,79,92,94,95" machi="92" ten="30,4000,0" yaku="1,1,0,1,8,1,53,0" doraHai="120" doraHaiUra="30" who="3" fromWho="3" sc="325,-10,333,-10,252,-20,80,50" /><INIT seed="3,0,0,5,1,34" ten="315,323,232,130" oya="3" hai0="40,33,6,12,23,48,79,66,60,91,101,110,47" hai1="30,89,25,86,94,95,64,102,35,0,99,63,16" hai2="113,42,111,55,80,58,128,26,36,109,124,9,125" hai3="76,28,39,92,130,78,135,114,45,21,133,68,98"/><W1/><G114/><T20/><D33/><U70/><E16/><V18/><F113/><W19/><G68/><T122/><D122/><U123/><E123/><V62/><F80/><W32/><G130/><T43/><D43/><U82/><E0/><V90/><F90/><W37/><G45/><T29/><D110/><N who="2" m="41994" /><F9/><W59/><G59/><T44/><D101/><U75/><E75/><V27/><F18/><W3/><G28/><T7/><D47/><U115/><E115/><V41/><F26/><N who="3" m="14655" /><G32/><T126/><D126/><N who="2" m="48746" /><F27/><W117/><G117/><T121/><D79/><N who="3" m="30249" /><G92/><AGARI ba="0,0" hai="25,30,35,63,64,70,82,86,89,92,94,95,99,102" machi="92" ten="30,1000,0" yaku="7,1" doraHai="34" who="1" fromWho="3" sc="315,0,323,10,232,0,130,-10" owari="315,12.0,333,43.0,232,-17.0,120,-38.0" /></mjloggm>