<mjloggm ver="2.3"><GO type="41" lobby="0"/><UN n0="%E3%81%99%E3%81%8D%E3%82%84%E3%81%8D" n1="%E3%83%8F%E3%83%AA%E3%83%8D%E3%82%BA%E3%83%9F%E5%91%BD" n2="%E3%81%B2%E3%81%A4%E3%81%93%E3%81%84%E3%82%93%E3%81%A0" n3="%E5%B0%B1%E6%B4%BB%E7%94%9F%40%E5%B7%9D%E6%9D%91%E8%BB%8D%E5%9B%A3" dan="13,15,15,15" rate="1826.33,1944.43,2015.87,2001.28" sx="M,M,M,M"/><TAIKYOKU oya="0"/><INIT seed="0,0,0,1,2,48" ten="250,250,250,250" oya="0" hai0="63,55,57,37,125,51,90,107,18,71,45,56,28" hai1="98,115,119,58,95,4,49,96,105,62,12,93,0" hai2="50,11,101,68,2,8,114,69,1,42,25,122,5" hai3="81,124,79,22,73,106,76,99,80,97,34,108,54"/><T132/><D107/><U123/><E0/><V103/><F114/><W110/><G34/><T77/><D77/><U92/><E119/><V20/><F122/><W78/><G22/><T32/><D132/><U59/><E123/><V83/><F8/><W39/><G39/><T134/><D134/><U35/><E35/><V120/><F120/><W23/><G23/><T64/><D125/><U113/><E105/><V65/><F2/><W75/><G54/><T7/><D7/><U88/><E49/><V19/><F69/><W130/><G106/><T26/><D18/><U129/><E129/><V10/><F10/><W40/><G40/><T44/><D44/><U43/><E43/><V82/><F103/><W52/><G52/><T30/><D30/><U70/><E70/><V41/><F101/><W47/><G47/><T135/><D135/><U85/><E115/><V128/><F128/><W66/><G66/><T109/><D109/><N who="3" m="42089" /><G130/><T72/><D72/><N who="3" m="27721" /><G124/><T112/><D112/><U27/><E113/><V111/><F111/><W31/><G31/><T14/><D14/><U67/><E12/><V104/><F42/><W36/><G36/><T17/><D17/><U100/><E4/><V127/><F104/><W33/><G33/><T53/><D37/><U15/><E15/><V131/><F131/><W117/><G117/><T74/><D74/><U24/><E58/><V91/><F127/><W121/><G121/><T126/><D126/><U16/><E16/><V118/><F118/><W86/><G86/><T38/><D38/><U133/><E133/><V46/><F41/><W60/><G60/><RYUUKYOKU ba="0,0" sc="250,-15,250,15,250,-15,250,15" hai1="24,27,59,62,67,85,88,92,93,95,96,98,100" hai3="76,78,79,80,81,97,99" /><INIT seed="1,1,0,4,2,115" ten="235,265,235,265" oya="1" hai0="33,65,72,100,17,59,16,37,86,88,45,128,73" hai1="76,0,50,24,1,118,105,133,34,107,56,83,77" hai2="132,104,49,114,71,99,8,61,31,130,62,123,21" hai3="39,121,119,57,23,53,35,15,12,48,94,64,6"/><U70/><E70/><V93/><F123/><W18/><G35/><T87/><D33/><U127/><E76/><V20/><F104/><W69/><G121/><T113/><D113/><U129/><E107/><V9/><F114/><W42/><G6/><T5/><D5/><U41/><E105/><V134/><F71/><W25/><G94/><T111/><D100/><U29/><E127/><V90/><F49/><W82/><G82/><T96/><D111/><U19/><E129/><V117/><F130/><W124/><G124/><T131/><D128/><U74/><E133/><N who="2" m="51307" /><F117/><W32/><G32/><T106/><D106/><U51/><E118/><V98/><F99/><W92/><G92/><N who="0" m="56327" /><D131/><U101/><E101/><V38/><F38/><W135/><G135/><T79/><D73/><U47/><REACH who="1" step="1"/><E19/><REACH who="1" ten="235,255,235,265" step="2"/><N who="0" m="7241" /><D79/><U43/><E43/><V122/><F122/><W55/><G119/><T26/><D72/><U63/><E63/><V60/><F60/><W109/><G109/><T84/><D37/><U36/><E36/><V46/><F62/><N who="3" m="40087" /><G55/><AGARI ba="1,1" hai="0,1,24,29,34,41,47,50,51,55,56,74,77,83" machi="55" ten="40,2000,0" yaku="1,1,53,0" doraHai="115" doraHaiUra="112" who="1" fromWho="3" sc="235,0,255,33,235,0,265,-23" /><INIT seed="1,2,0,2,4,9" ten="235,288,235,242" oya="1" hai0="125,40,69,49,92,13,30,17,21,89,6,37,53" hai1="43,66,46,57,100,18,48,14,88,29,127,111,91" hai2="36,15,52,50,74,58,110,101,24,119,0,41,129" hai3="39,131,81,33,56,8,107,3,120,134,79,51,47"/><U20/><E127/><V5/><F119/><W55/><G33/><T61/><D125/><U133/><E133/><V1/><F74/><N who="3" m="43255" /><G107/><T4/><D37/><U23/><E111/><V121/><F121/><W118/><G120/><T109/><D109/><U22/><E100/><V135/><F110/><W64/><G118/><T32/><D40/><U70/><E70/><V117/><F117/><W115/><G115/><T90/><D90/><N who="1" m="34347" /><E29/><V75/><F75/><W122/><G122/><T102/><D102/><U77/><E77/><V34/><F101/><W97/><G97/><T128/><D128/><U80/><E80/><V26/><F26/><W12/><G64/><T98/><D32/><U116/><E116/><V108/><F108/><W11/><G11/><T60/><D30/><U59/><E66/><V42/><F36/><W62/><G62/><N who="0" m="24171" /><D69/><U38/><E38/><V73/><F73/><W96/><G96/><T68/><D68/><U19/><E23/><V72/><F72/><W10/><G134/><T25/><D25/><AGARI ba="2,0" hai="14,18,19,20,22,25,43,46,48,57,59" m="34347" machi="25" ten="30,5800,0" yaku="8,1,52,1,54,1" doraHai="9" who="1" fromWho="0" sc="235,-64,288,64,235,0,242,0" /><INIT seed="1,3,0,4,4,65" ten="171,352,235,242" oya="1" hai0="129,127,119,108,121,85,28,96,90,22,77,14,61" hai1="16,41,104,36,109,5,81,56,99,69,95,4,43" hai2="93,92,124,120,100,130,8,23,17,114,30,110,107" hai3="73,13,84,52,7,35,11,134,115,75,94,82,123"/><U103/><E69/><V29/><F120/><W1/><G35/><T2/><D119/><U62/><E109/><V118/><F118/><W97/><G123/><T125/><D121/><U80/><E104/><V58/><F110/><W31/><G115/><T113/><D113/><U54/><E36/><V47/><F114/><W70/><G134/><T39/><D108/><U48/><E16/><V98/><F130/><W135/><G135/><T3/><D129/><U78/><E80/><V133/><F133/><W86/><G31/><T105/><D39/><U53/><E43/><V132/><F132/><W18/><G84/><T128/><D128/><U34/><E41/><V25/><F124/><W15/><G1/><T26/><D14/><U91/><E34/><V71/><F30/><W131/><G70/><T49/><D49/><U24/><E24/><V79/><F71/><W122/><G122/><T76/><D61/><U46/><REACH who="1" step="1"/><E103/><REACH who="1" ten="171,342,235,242" step="2"/><V12/><F107/><W66/><G18/><T40/><D40/><U74/><AGARI ba="3,1" hai="4,5,46,48,53,54,56,62,74,78,81,91,95,99" machi="74" ten="20,12000,1" yaku="1,1,2,1,0,1,7,1,53,1" doraHai="65" doraHaiUra="89" who="1" fromWho="1" sc="171,-43,342,139,235,-43,242,-43" /><INIT seed="1,4,0,0,5,20" ten="128,481,192,199" oya="1" hai0="114,52,17,125,108,85,126,64,135,82,49,68,24" hai1="87,113,8,86,74,36,42,84,51,71,73,75,10" hai2="133,22,55,107,124,117,44,15,95,58,28,89,25" hai3="0,129,119,72,80,47,43,103,105,128,5,59,61"/><U6/><E36/><V39/><F124/><N who="0" m="47722" /><D114/><U62/><E113/><V67/><F133/><W30/><G119/><T78/><D135/><U123/><E123/><V115/><F117/><W83/><G72/><T57/><D108/><U91/><E91/><V7/><F115/><W134/><G134/><T88/><D78/><U69/><E8/><V9/><F107/><W3/><G30/><T18/><D68/><U2/><REACH who="1" step="1"/><E62/><REACH who="1" ten="128,471,192,199" step="2"/><V32/><F67/><W97/><G128/><T112/><D112/><U118/><E118/><V104/><F104/><W109/><G129/><T38/><D38/><U110/><E110/><V66/><F66/><W102/><G109/><T92/><D64/><U26/><E26/><V63/><F39/><W90/><G90/><N who="0" m="51511" /><D24/><U37/><E37/><V132/><F132/><W101/><G61/><T77/><D77/><U27/><E27/><V120/><F25/><W60/><G60/><T16/><D18/><U99/><E99/><AGARI ba="4,1" hai="16,17,49,52,57,88,92,99" m="51511,47722" machi="99" ten="30,7700,0" yaku="18,1,54,3" doraHai="20" who="0" fromWho="1" sc="128,99,471,-89,192,0,199,0" /><INIT seed="2,0,0,2,2,13" ten="227,382,192,199" oya="2" hai0="133,109,63,51,16,91,115,10,79,130,69,93,122" hai1="64,56,41,111,84,118,71,28,31,19,134,82,30" hai2="23,70,85,119,60,61,32,37,34,24,100,49,26" hai3="40,104,125,18,81,67,113,132,95,86,57,73,87"/><V48/><F37/><W8/><G104/><T5/><D115/><U90/><E118/><V15/><F100/><W27/><G113/><T6/><D122/><U128/><E71/><V54/><F119/><W116/><G116/><T22/><D79/><U0/><E0/><V78/><F34/><W107/><G107/><T1/><D6/><U76/><E128/><V3/><F3/><W33/><G125/><T112/><D112/><U36/><E111/><V96/><F32/><W11/><G132/><T80/><D133/><U108/><E134/><V68/><F68/><W62/><G40/><T121/><D130/><U35/><E108/><V38/><F38/><W114/><G114/><T2/><D109/><U53/><E64/><V103/><F61/><W14/><G8/><T106/><D106/><U42/><E35/><V12/><F26/><W75/><G95/><T25/><D121/><U83/><E36/><V46/><F49/><W97/><G97/><T58/><D69/><U105/><E105/><V99/><F99/><W126/><G126/><T29/><D51/><U9/><E76/><V120/><F120/><W117/><G117/><T17/><D1/><U47/><E82/><N who="2" m="47319" /><F60/><W89/><REACH who="3" step="1"/><G86/><REACH who="3" ten="227,382,192,189" step="2"/><T7/><D93/><U55/><E84/><V101/><F96/><W74/><G74/><T135/><D135/><U98/><E98/><V43/><F43/><W39/><G39/><T72/><D72/><U94/><E42/><V66/><F103/><W129/><G129/><T127/><D127/><U52/><E41/><V45/><F101/><W4/><G4/><T50/><D80/><RYUUKYOKU ba="0,1" sc="227,-10,382,-10,192,-10,189,30" hai3="11,14,18,27,33,57,62,67,73,75,81,87,89" /><INIT seed="3,1,1,1,4,1" ten="217,372,182,219" oya="3" hai0="134,67,29,91,85,8,16,26,61,71,49,115,121" hai1="96,123,44,6,51,35,105,77,126,110,9,24,76" hai2="33,25,15,83,135,102,131,0,106,89,19,48,40" hai3="3,39,133,92,70,94,119,73,80,32,127,7,42"/><W103/><G32/><T125/><D121/><U90/><E123/><V41/><F0/><W82/><G70/><T79/><D115/><U37/><E37/><V72/><F131/><W84/><G127/><T62/><D125/><U69/><E69/><V59/><F135/><W45/><G119/><T47/><D79/><U111/><E126/><V104/><F104/><W56/><G133/><T4/><D134/><U117/><E24/><V97/><F33/><W54/><G103/><T27/><D61/><U74/><E35/><V116/><F116/><W5/><G73/><T57/><D71/><U109/><E74/><V66/><F25/><W28/><G28/><T38/><D38/><U129/><E129/><V95/><F72/><W99/><G82/><T43/><D16/><U53/><E117/><V20/><F83/><W58/><G58/><T14/><REACH who="0" step="1"/><D29/><REACH who="0" ten="207,372,182,219" step="2"/><U18/><E18/><V34/><F34/><W128/><G128/><T21/><D21/><U30/><E30/><V17/><F17/><W130/><G130/><T98/><D98/><U78/><E78/><V120/><F120/><W65/><G65/><T112/><D112/><U124/><E124/><V68/><F68/><W122/><G122/><T60/><D60/><U55/><E77/><V10/><F66/><W132/><G132/><T108/><D108/><U113/><E76/><V81/><F20/><W31/><G31/><T101/><D101/><N who="1" m="62631" /><E113/><V50/><F19/><W64/><G64/><T11/><D11/><U36/><E36/><V114/><F114/><W63/><G99/><T86/><D86/><U100/><E100/><RYUUKYOKU ba="1,2" sc="207,30,372,-10,182,-10,219,-10" hai0="4,8,14,26,27,43,47,49,57,62,67,85,91" /><INIT seed="4,2,2,2,1,43" ten="237,362,172,209" oya="0" hai0="131,20,99,33,104,79,45,39,73,117,125,52,64" hai1="24,15,85,36,72,93,8,74,96,108,67,126,4" hai2="83,62,41,57,68,35,59,122,98,121,118,29,63" hai3="32,0,31,134,40,10,107,1,37,55,38,54,86"/><T17/><D33/><U22/><E36/><V66/><F35/><W26/><G107/><T28/><D117/><U27/><E108/><V53/><F29/><W119/><G119/><T90/><D28/><U133/><E133/><V87/><F98/><W12/><G134/><T56/><D64/><U77/><E126/><V101/><F101/><W46/><G37/><T58/><D39/><U128/><E128/><V25/><F25/><W21/><G32/><T42/><D42/><U50/><E67/><N who="2" m="39391" /><F87/><W82/><G1/><T2/><D2/><U120/><E120/><V110/><F83/><W51/><G38/><T65/><D125/><U100/><E50/><N who="2" m="30903" /><F118/><W89/><REACH who="3" step="1"/><G0/><REACH who="3" ten="237,362,172,199" step="2"/><T34/><D34/><U71/><E74/><V80/><F110/><W103/><G103/><T44/><D73/><U6/><E72/><V95/><F122/><W91/><G91/><T7/><D90/><U127/><E100/><V112/><F121/><W130/><G130/><T102/><D131/><U113/><E127/><V60/><F112/><W76/><G76/><T115/><D79/><U109/><E77/><V92/><F68/><W5/><AGARI ba="2,3" hai="5,10,12,21,26,31,40,46,51,54,55,82,86,89" machi="5" ten="20,8000,1" yaku="1,1,0,1,7,1,8,1,52,1,53,0" doraHai="43" doraHaiUra="114" who="3" fromWho="3" sc="237,-42,362,-22,172,-22,199,116" /><INIT seed="5,0,0,5,4,79" ten="195,340,150,315" oya="1" hai0="36,2,15,93,89,8,103,70,134,3,110,52,22" hai1="17,25,65,30,98,94,85,53,115,45,28,87,47" hai2="120,27,42,11,71,23,20,38,64,129,60,130,55" hai3="5,18,77,24,31,4,37,100,75,34,96,112,7"/><U132/><E115/><V67/><F120/><W108/><G108/><T99/><D36/><U57/><E65/><V125/><F125/><W95/><G37/><T54/><D70/><U91/><E132/><V63/><F11/><W107/><G112/><T97/><D134/><U101/><E17/><V81/><F81/><W49/><G107/><T116/><D116/><U66/><E66/><V121/><F121/><W92/><G92/><T46/><D110/><U122/><E122/><V68/><F23/><W117/><G117/><T29/><D3/><U90/><E91/><V88/><F88/><W19/><G75/><T62/><D2/><U111/><E111/><V16/><REACH who="2" step="1"/><F55/><REACH who="2" ten="195,340,140,315" step="2"/><W41/><G77/><T21/><D22/><U128/><E90/><V56/><F56/><W113/><G113/><T10/><D54/><U105/><E57/><V133/><F133/><W118/><G118/><T39/><D21/><U44/><E53/><V135/><F135/><W12/><G12/><T83/><D83/><U104/><E25/><V32/><F32/><W86/><G86/><T73/><D73/><U0/><E0/><V58/><F58/><W50/><G41/><T78/><D78/><U13/><E87/><V74/><F74/><W102/><G102/><T109/><D109/><U1/><E85/><V51/><F51/><W84/><G84/><T9/><D10/><U127/><E1/><V6/><F6/><W43/><G43/><T123/><D9/><U35/><E13/><V48/><F48/><W14/><G14/><T59/><D8/><U124/><E35/><V61/><F61/><RYUUKYOKU ba="0,1" sc="195,-15,340,-15,140,15,315,15" hai2="16,20,27,38,42,60,63,64,67,68,71,129,130" hai3="4,5,7,18,19,24,31,34,49,50,95,96,100" /><INIT seed="6,1,1,5,3,65" ten="180,325,155,330" oya="2" hai0="41,47,31,104,123,53,36,124,14,111,39,117,4" hai1="10,112,58,6,20,116,81,109,7,107,57,95,108" hai2="15,90,43,5,9,67,24,132,49,59,29,98,70" hai3="103,42,89,63,128,129,11,69,110,76,51,96,8"/><V122/><F122/><W68/><G110/><T52/><D111/><U17/><E107/><V92/><F132/><W56/><G76/><T26/><D123/><U72/><E116/><V83/><F43/><W73/><G89/><T82/><D117/><U97/><E112/><V23/><F83/><W28/><G73/><T34/><D124/><U86/><E72/><V66/><REACH who="2" step="1"/><F70/><REACH who="2" ten="180,325,145,330" step="2"/><W114/><G114/><T19/><D39/><U61/><E108/><V30/><F30/><W22/><G42/><T93/><D82/><U102/><E109/><V126/><F126/><W21/><G28/><T62/><D104/><U48/><E81/><V94/><F94/><W45/><G69/><T106/><D106/><U80/><E95/><V37/><F37/><W115/><G68/><T60/><D93/><U127/><E80/><V12/><F12/><W130/><G115/><T2/><D62/><U16/><E61/><V133/><F133/><W84/><G63/><T79/><D60/><U32/><E127/><V100/><F100/><W18/><G103/><T38/><D38/><U125/><E102/><V3/><F3/><W135/><G128/><T33/><D79/><U74/><E125/><V1/><F1/><W54/><G135/><T44/><D36/><U91/><E74/><V113/><F113/><W64/><G130/><T13/><D41/><U118/><E118/><V119/><F119/><W0/><G129/><T134/><D2/><U40/><E40/><V27/><F27/><W55/><G0/><T105/><D134/><U101/><E101/><V87/><F87/><W121/><G84/><RYUUKYOKU ba="1,2" sc="180,-10,325,-10,145,30,330,-10" hai2="5,9,15,23,24,29,49,59,66,67,90,92,98" /><INIT seed="6,2,2,3,1,91" ten="170,315,175,320" oya="2" hai0="77,44,97,14,6,109,83,67,37,23,34,81,80" hai1="71,39,102,95,66,12,85,125,130,2,105,92,122" hai2="61,100,20,36,60,33,18,5,87,17,29,65,19" hai3="121,118,127,0,119,117,31,3,16,25,103,134,47"/><V113/><F36/><W13/><G121/><T10/><D34/><U129/><E122/><V98/><F33/><N who="3" m="20719" /><G103/><T135/><D109/><U128/><E2/><N who="3" m="554" /><G47/><T79/><D135/><U124/><E39/><V84/><F5/><W51/><G51/><T64/><D37/><U58/><E12/><V52/><F113/><W73/><G73/><T48/><D23/><U82/><E71/><V43/><F43/><W106/><G106/><T126/><D126/><N who="1" m="48747" /><E58/><N who="2" m="37047" /><F29/><W26/><G127/><T56/><D97/><N who="1" m="61647" /><E66/><N who="0" m="25129" /><D56/><U94/><E82/><V42/><F42/><AGARI ba="2,2" hai="6,10,14,42,44,48,77,79,80,81,83" m="25129" machi="42" ten="30,1000,0" yaku="8,1" doraHai="91" who="0" fromWho="2" sc="170,36,315,0,175,-16,320,0" /><INIT seed="7,0,0,3,2,26" ten="206,315,159,320" oya="3" hai0="60,27,120,107,84,29,34,134,9,21,111,97,74" hai1="52,41,91,59,103,77,121,82,2,73,47,50,87" hai2="106,28,12,65,133,131,75,35,30,125,6,24,95" hai3="63,79,7,46,66,58,99,40,13,3,37,113,1"/><W33/><G33/><T105/><D120/><U19/><E121/><V25/><F106/><W61/><G113/><T132/><D111/><U49/><E2/><V80/><F65/><W81/><G99/><T51/><D51/><U101/><E19/><V18/><F95/><AGARI ba="0,0" hai="41,47,49,50,52,59,73,77,82,87,91,95,101,103" machi="95" ten="30,2000,0" yaku="7,1,54,1" doraHai="26" who="1" fromWho="2" sc="206,0,315,20,159,-20,320,0" owari="206,-19.0,335,43.0,139,-36.0,320,12.0" /></mjloggm>