<mjloggm ver="2.3"><GO type="97" lobby="0"/><UN n0="%79%61%6D%61%6B%79%6F" n1="%6B%2E%72%65%69" n2="%E9%85%94%E3%81%84%E3%81%A9%E3%82%8C%E5%A1%BE%E8%AC%9B%E5%B8%AB" n3="%E5%B0%B1%E6%B4%BB%E7%94%9F%40%E5%B7%9D%E6%9D%91%E8%BB%8D%E5%9B%A3" dan="13,14,13,13" rate="1855.50,1928.68,1911.03,1856.01" sx="M,M,M,M"/><TAIKYOKU oya="0"/><INIT seed="0,0,0,2,5,46" ten="250,250,250,250" oya="0" hai0="77,50,49,79,86,83,73,29,16,5,60,75,52" hai1="47,109,106,30,26,32,9,122,91,100,94,95,39" hai2="44,117,87,31,110,103,68,21,112,108,71,62,116" hai3="14,104,4,129,118,115,98,53,35,125,13,85,123"/><T10/><D29/><U126/><E122/><V114/><F103/><W96/><G35/><T48/><D75/><U133/><E106/><V121/><F87/><W43/><G123/><T42/><D73/><U63/><E109/><N who="2" m="42091" /><F31/><W51/><G43/><T105/><D105/><U54/><E126/><V89/><F21/><W25/><G118/><N who="2" m="45673" /><F89/><W24/><G125/><T28/><D28/><U1/><E91/><V36/><F62/><W74/><G115/><N who="2" m="44073" /><F121/><W66/><G74/><T82/><D42/><AGARI ba="0,0" hai="36,42,44,68,71" m="44073,45673,42091" machi="42" ten="40,8000,1" yaku="14,1,12,1,23,1,34,2" doraHai="46" who="2" fromWho="0" sc="250,-80,250,0,250,80,250,0" /><INIT seed="1,0,0,4,5,33" ten="170,250,330,250" oya="1" hai0="63,51,17,24,53,103,0,90,83,54,78,57,9" hai1="1,115,65,108,42,123,96,6,97,60,87,89,40" hai2="47,126,49,19,122,124,92,128,104,45,93,32,77" hai3="117,75,99,105,81,15,120,2,95,127,98,8,64"/><U76/><E123/><V67/><F122/><W20/><G120/><T102/><D90/><U34/><E34/><V109/><F104/><W111/><G117/><T135/><D135/><U21/><E115/><V30/><F128/><W58/><G127/><N who="2" m="48681" /><F109/><W13/><G111/><T39/><D39/><U66/><E108/><V113/><F113/><W79/><G105/><T121/><D121/><U62/><E21/><V110/><F110/><W61/><G20/><T38/><D38/><U4/><E76/><V125/><F125/><W132/><G132/><T70/><D70/><U14/><E87/><V119/><F119/><W18/><G98/><T31/><D103/><U10/><E14/><V29/><F77/><W118/><G118/><T68/><D68/><U43/><E6/><V80/><F80/><W52/><G64/><T112/><D112/><U56/><REACH who="1" step="1"/><E89/><REACH who="1" ten="170,240,330,250" step="2"/><V82/><F32/><W106/><G15/><T3/><D78/><U129/><E129/><V94/><F19/><W100/><G2/><T44/><D83/><U85/><E85/><V72/><F82/><W74/><REACH who="3" step="1"/><G106/><REACH who="3" ten="170,240,330,240" step="2"/><T107/><D107/><U86/><E86/><AGARI ba="0,2" hai="8,13,18,52,58,61,74,75,79,81,86,95,99,100" machi="86" ten="30,7700,0" yaku="1,1,2,1,7,1,54,1,53,0" doraHai="33" doraHaiUra="46" who="3" fromWho="1" sc="170,0,240,-77,330,0,240,97" /><INIT seed="2,0,0,3,1,33" ten="170,163,330,337" oya="2" hai0="66,73,30,52,11,85,124,53,109,60,132,51,26" hai1="14,10,86,43,27,7,20,93,128,62,28,6,36" hai2="67,58,84,39,13,44,41,0,117,92,8,4,82" hai3="80,98,110,40,46,81,79,12,77,112,47,87,104"/><V91/><F117/><W9/><G112/><T1/><D73/><U64/><E128/><V78/><F67/><W21/><G110/><T15/><D109/><U55/><E36/><V101/><F58/><W90/><G21/><T72/><D72/><U71/><E43/><V133/><F101/><W122/><G122/><T116/><D116/><U65/><E65/><V74/><REACH who="2" step="1"/><F13/><REACH who="2" ten="170,163,320,337" step="2"/><W108/><G108/><T126/><D15/><U5/><E14/><V38/><F38/><W105/><G46/><T134/><D66/><U32/><E10/><V18/><F18/><W68/><G12/><T121/><D121/><U29/><E29/><V111/><F111/><W89/><G9/><T100/><D60/><U113/><E32/><V3/><F3/><W94/><G68/><T75/><D100/><U54/><E113/><V31/><F31/><W48/><G77/><T114/><D11/><U120/><E120/><V130/><F130/><W127/><G127/><T95/><D114/><U22/><E22/><V34/><F34/><W69/><G69/><T19/><D1/><U23/><E23/><V76/><F76/><W88/><G79/><T96/><D124/><U59/><E71/><V63/><F63/><W56/><G56/><T37/><D126/><U17/><E28/><V57/><F57/><W107/><G107/><T42/><D37/><U35/><E35/><V16/><F16/><W2/><G2/><T83/><D19/><U106/><E106/><V115/><F115/><W135/><G105/><T99/><D30/><U45/><E45/><V103/><F103/><W70/><G104/><RYUUKYOKU ba="0,1" sc="170,-15,163,15,320,15,337,-15" hai1="5,6,7,17,20,27,54,55,59,62,64,86,93" hai2="0,4,8,39,41,44,74,78,82,84,91,92,133" /><INIT seed="2,1,1,2,0,90" ten="155,178,335,322" oya="2" hai0="60,115,19,78,111,124,123,94,131,133,92,91,38" hai1="101,102,28,108,1,16,113,17,82,98,46,76,105" hai2="40,107,3,37,34,36,14,33,23,35,50,58,6" hai3="2,43,63,68,44,79,122,73,120,125,134,106,86"/><V118/><F107/><W41/><G86/><T48/><D115/><U59/><E113/><V128/><F118/><W97/><G125/><T71/><D123/><U129/><E1/><V27/><F128/><W95/><G134/><T0/><D0/><U22/><E102/><V24/><F3/><W25/><G43/><T8/><D38/><U103/><E101/><V30/><F27/><W62/><G62/><T45/><D124/><U61/><E129/><V47/><REACH who="2" step="1"/><F58/><REACH who="2" ten="155,178,325,322" step="2"/><W5/><G106/><T99/><D131/><U93/><E105/><V18/><F18/><W53/><G25/><T87/><D133/><U26/><E46/><V88/><F88/><W70/><G2/><T56/><D19/><U77/><E108/><V12/><F12/><W85/><G120/><T83/><D111/><U52/><REACH who="1" step="1"/><E77/><REACH who="1" ten="155,168,325,322" step="2"/><V10/><AGARI ba="1,3" hai="6,10,14,23,24,30,33,34,35,36,37,40,47,50" machi="10" ten="40,3900,0" yaku="1,1,0,1,53,0" doraHai="90" doraHaiUra="117" who="2" fromWho="2" sc="155,-14,168,-14,325,72,322,-14" /><INIT seed="2,2,0,5,3,102" ten="141,154,397,308" oya="2" hai0="34,113,80,30,76,8,106,119,127,132,24,95,29" hai1="124,123,11,56,13,2,71,72,103,122,6,49,101" hai2="89,27,55,125,17,75,97,36,120,62,81,10,38" hai3="68,63,37,61,7,130,67,0,131,59,87,114,22"/><V133/><F120/><W118/><G0/><T94/><D113/><U70/><E72/><V83/><F133/><W85/><G7/><T96/><D132/><U107/><E2/><V84/><F125/><W58/><G37/><T117/><D127/><U57/><E124/><V52/><F97/><W18/><G118/><N who="0" m="45067" /><D30/><U32/><E32/><V44/><F55/><N who="3" m="34015" /><G68/><T5/><D95/><U14/><E6/><V28/><F75/><W98/><G114/><T126/><D126/><U35/><E35/><V65/><F81/><W15/><G98/><T54/><D54/><U33/><E33/><V110/><F110/><W78/><G78/><T121/><D121/><U26/><E49/><N who="2" m="28711" /><F27/><W111/><G111/><T3/><D94/><U25/><E11/><V19/><F28/><W91/><G91/><T73/><D96/><U112/><E112/><V77/><F19/><W129/><AGARI ba="2,0" hai="15,18,22,59,63,67,85,87,129,130,131" m="34015" machi="129" ten="30,1100,0" yaku="19,1" doraHai="102" who="3" fromWho="3" sc="141,-5,154,-5,397,-7,308,17" /><INIT seed="3,0,0,2,2,67" ten="136,149,390,325" oya="3" hai0="23,38,116,104,131,91,37,5,26,81,35,50,57" hai1="130,76,92,118,10,51,129,107,73,56,100,119,98" hai2="127,122,58,65,42,82,105,49,70,11,45,77,79" hai3="74,41,86,48,32,28,125,13,53,101,19,55,113"/><W109/><G74/><T30/><D104/><U68/><E10/><V89/><F105/><W16/><G113/><T102/><D116/><N who="1" m="44587" /><E68/><V36/><F127/><W133/><G125/><T54/><D102/><U135/><E135/><V72/><F122/><W71/><G71/><T95/><D131/><U96/><E56/><V88/><F79/><W61/><G133/><T47/><D81/><N who="1" m="45199" /><E51/><V132/><F132/><W15/><G109/><T64/><D64/><U24/><E24/><V3/><F70/><W128/><G128/><T18/><D5/><U25/><E25/><V108/><F108/><W14/><G32/><T87/><REACH who="0" step="1"/><D47/><REACH who="0" ten="126,149,390,325" step="2"/><U21/><E21/><V111/><F111/><W17/><G101/><AGARI ba="0,1" hai="92,96,98,100,101,107,129,130" m="45199,44587" machi="101" ten="30,3900,0" yaku="12,1,34,2" doraHai="67" who="1" fromWho="3" sc="126,0,149,49,390,0,325,-39" owari="126,-37.0,198,-20.0,390,48.0,286,9.0" /></mjloggm>