<mjloggm ver="2.3"><GO type="33" lobby="0"/><UN n0="%E5%B7%9D%E6%9D%91%E6%99%83%E8%A3%95%EF%BC%88%E4%B8%A1%E6%96%B9%EF%BC%89" n1="%E3%81%B5%E3%81%8A%E3%82%93%E3%83%BB%E3%82%B6%E3%83%BB%E5%A4%96%E9%81%93" n2="%E4%BA%BA%E5%92%8C" n3="%E5%B0%B1%E6%B4%BB%E7%94%9F%40%E5%B7%9D%E6%9D%91%E8%BB%8D%E5%9B%A3" dan="14,14,15,13" rate="1981.19,1956.85,1950.75,1902.46" sx="M,F,M,M"/><TAIKYOKU oya="0"/><INIT seed="0,0,0,1,0,74" ten="250,250,250,250" oya="0" hai0="81,125,61,108,109,45,16,96,97,37,7,23,94" hai1="30,49,130,32,11,2,133,80,92,93,59,83,17" hai2="18,114,86,4,79,95,20,90,6,9,43,75,76" hai3="31,21,101,33,116,110,63,98,3,44,24,124,88"/><T19/><D125/><U52/><E133/><V121/><F121/><W73/><G110/><N who="0" m="42603" /><D7/><N who="2" m="2602" /><F114/><W14/><G124/><T120/><D120/><U39/><E39/><V106/><F106/><W0/><G116/><T85/><D61/><U53/><E130/><V62/><F75/><W103/><G73/><T65/><D65/><U99/><E92/><V47/><F9/><W60/><G3/><T12/><D94/><U131/><E131/><V135/><F135/><W100/><G0/><T50/><D19/><U87/><E32/><V41/><F62/><W15/><G44/><T40/><D37/><U35/><E35/><V91/><F91/><AGARI ba="0,0" hai="12,16,23,40,45,50,81,85,91,96,97" m="42603" machi="91" ten="30,5800,0" yaku="14,1,10,1,54,1" doraHai="74" who="0" fromWho="2" sc="250,58,250,0,250,-58,250,0" /><INIT seed="0,1,0,5,2,119" ten="308,250,192,250" oya="0" hai0="42,8,55,39,15,129,60,22,123,70,120,105,107" hai1="59,101,58,65,61,46,66,134,49,122,38,86,30" hai2="7,67,44,125,132,124,90,106,79,57,64,31,41" hai3="87,109,91,118,94,95,33,56,116,103,98,47,117"/><T12/><D129/><U52/><E101/><V27/><F106/><N who="0" m="40458" /><D55/><N who="1" m="34015" /><E30/><V19/><F79/><W4/><G33/><T2/><D22/><U127/><E86/><V43/><F7/><W26/><G4/><N who="0" m="1047" /><D12/><U40/><E122/><N who="0" m="46633" /><D15/><U92/><E92/><V35/><F57/><W131/><G131/><T100/><D100/><U72/><E72/><V13/><F90/><W11/><G11/><T76/><D76/><U23/><E23/><V102/><F102/><W51/><G56/><T21/><D21/><U88/><E88/><V20/><F20/><W96/><G26/><T85/><D85/><U114/><E114/><V130/><F27/><W6/><G6/><T62/><D62/><N who="1" m="36199" /><E134/><V25/><F132/><W18/><G18/><T71/><D60/><U108/><E49/><V24/><F13/><W9/><G9/><T37/><D39/><U50/><E50/><V115/><F19/><W14/><G14/><T111/><D111/><U112/><E112/><V126/><F115/><W28/><G28/><T73/><D73/><U133/><E133/><V128/><F31/><W10/><G10/><T121/><D121/><U17/><E17/><V74/><F74/><W45/><G109/><T0/><D0/><U78/><E78/><V63/><F63/><W81/><REACH who="3" step="1"/><G51/><REACH who="3" ten="308,250,192,240" step="2"/><T16/><D16/><U89/><E108/><V36/><F130/><W1/><G1/><T48/><D48/><U68/><E38/><V77/><F36/><W34/><G34/><T84/><D37/><U53/><E65/><V113/><F67/><W5/><G5/><T135/><D135/><U110/><E66/><RYUUKYOKU ba="1,1" sc="308,-10,250,-10,192,-10,240,30" hai3="45,47,81,87,91,94,95,96,98,103,116,117,118" /><INIT seed="1,2,1,1,1,13" ten="298,240,182,270" oya="1" hai0="95,14,134,44,109,31,10,9,86,34,129,101,78" hai1="97,73,79,70,12,135,24,46,119,81,122,4,1" hai2="51,42,40,89,38,96,68,16,102,93,61,35,64" hai3="72,32,54,103,107,62,11,21,53,127,110,84,131"/><U20/><E70/><V117/><F117/><W105/><G32/><T2/><D109/><U3/><E122/><V77/><F35/><W132/><G72/><T57/><D134/><U76/><E119/><V55/><F77/><W94/><G11/><T50/><D129/><U49/><E79/><V116/><F38/><W15/><G62/><T0/><D57/><U33/><E33/><V120/><F120/><W74/><G74/><T88/><D101/><U91/><E135/><V43/><F116/><W82/><G54/><T45/><D78/><U115/><E115/><V71/><F71/><W25/><G53/><T80/><D95/><U98/><E12/><V29/><F29/><W126/><G15/><T113/><D113/><U67/><E67/><V124/><F124/><N who="3" m="47659" /><G110/><T52/><D44/><U123/><E123/><V87/><F55/><W69/><G69/><T108/><D108/><U6/><E1/><V23/><F51/><W65/><G65/><T47/><D47/><U26/><E3/><V18/><REACH who="2" step="1"/><F23/><REACH who="2" ten="298,240,172,270" step="2"/><W90/><G132/><T41/><D52/><N who="1" m="29751" /><E76/><V48/><F48/><W121/><G121/><T130/><D50/><U36/><E20/><V92/><AGARI ba="2,2" hai="16,18,40,42,43,61,64,68,87,89,92,93,96,102" machi="92" ten="30,8000,1" yaku="1,1,0,1,52,2,54,1,53,0" doraHai="13" doraHaiUra="17" who="2" fromWho="2" sc="298,-22,240,-42,172,106,270,-22" /><INIT seed="2,0,0,0,4,71" ten="276,198,278,248" oya="2" hai0="103,81,17,98,117,131,61,20,135,11,126,53,8" hai1="75,41,64,69,50,44,38,95,23,128,113,19,51" hai2="1,54,122,96,43,130,124,34,14,123,26,66,49" hai3="48,57,29,132,108,94,13,88,2,9,93,127,92"/><V89/><F1/><W42/><G108/><T58/><D131/><U27/><E75/><V76/><F130/><W74/><G127/><T36/><D126/><U134/><E113/><V47/><F124/><W39/><G132/><T106/><D135/><U121/><E121/><V78/><F66/><W80/><G2/><T82/><D117/><U55/><E128/><V101/><F89/><W118/><G29/><T33/><D33/><U56/><E134/><V97/><F97/><W115/><G115/><T72/><D36/><U3/><E3/><V18/><F43/><W73/><G118/><T105/><D105/><U79/><E79/><V46/><F46/><W68/><G68/><T112/><D112/><U99/><E69/><V59/><F59/><W25/><G25/><T85/><D72/><U84/><E84/><V4/><F123/><W129/><G129/><T110/><D110/><U114/><E64/><V28/><F4/><W7/><G39/><T40/><D40/><U63/><REACH who="1" step="1"/><E114/><REACH who="1" ten="276,188,278,248" step="2"/><V107/><F122/><W133/><G133/><T87/><D85/><U15/><E15/><V77/><F76/><W70/><G70/><T100/><D87/><U52/><E52/><V6/><F6/><W24/><G74/><T12/><D81/><U116/><E116/><V86/><F86/><N who="3" m="50247" /><G73/><T45/><D82/><U102/><AGARI ba="0,1" hai="19,23,27,38,41,44,50,51,55,56,63,95,99,102" machi="102" ten="20,8000,1" yaku="1,1,0,1,7,1,52,1,53,1" doraHai="71" doraHaiUra="91" who="1" fromWho="1" sc="276,-20,188,90,278,-40,248,-20" /><INIT seed="3,0,0,1,1,56" ten="256,278,238,228" oya="3" hai0="55,69,122,53,45,28,97,43,114,26,46,101,107" hai1="86,70,96,16,8,132,105,113,99,51,29,22,120" hai2="0,2,104,78,125,27,123,108,127,79,72,128,112" hai3="103,68,94,40,80,48,31,59,36,133,111,77,4"/><W89/><G68/><T14/><D122/><U1/><E120/><V34/><F123/><W21/><G36/><T91/><D114/><U25/><E113/><V50/><F112/><W82/><G133/><T57/><D69/><U41/><E70/><V126/><F108/><W3/><G3/><N who="2" m="1065" /><F128/><W98/><G111/><T17/><D91/><U134/><E86/><V87/><F104/><W42/><G4/><T52/><D57/><U9/><E105/><V75/><F87/><W109/><G109/><T35/><REACH who="0" step="1"/><D43/><REACH who="0" ten="246,278,238,228" step="2"/><N who="3" m="16425" /><G89/><T37/><D37/><U6/><E41/><V100/><F100/><W117/><G117/><T135/><D135/><U129/><E134/><V81/><F78/><W54/><G77/><T32/><D32/><N who="1" m="20527" /><E132/><V118/><F118/><W66/><G66/><T92/><D92/><U62/><E129/><V121/><F121/><W13/><G13/><T60/><D60/><U85/><E62/><V44/><F72/><W30/><G30/><T7/><D7/><U119/><E119/><V88/><F34/><W15/><G15/><T102/><D102/><U10/><E6/><V71/><F71/><W83/><G31/><T47/><D47/><U63/><E63/><V73/><F73/><W106/><G106/><T18/><D18/><U65/><E65/><V5/><F5/><W58/><G59/><T19/><D19/><U38/><E38/><V49/><F88/><W64/><G64/><T95/><D95/><U61/><E1/><V23/><F44/><W90/><G90/><T124/><D124/><U12/><E61/><V130/><F130/><W116/><G116/><RYUUKYOKU ba="0,1" sc="246,10,278,-30,238,10,228,10" hai0="14,17,26,28,35,45,46,52,53,55,97,101,107" hai2="23,27,49,50,75,79,81,125,126,127" hai3="21,48,54,58,80,82,83,94,98,103" /><INIT seed="3,1,1,0,5,89" ten="256,248,248,238" oya="3" hai0="18,41,93,82,38,69,4,112,32,97,6,48,35" hai1="44,67,55,58,7,128,63,113,83,77,45,95,61" hai2="29,13,118,15,19,109,91,33,22,120,76,126,119" hai3="21,100,78,117,103,39,84,66,88,87,133,73,51"/><W0/><G39/><T30/><D69/><U9/><E113/><V124/><F76/><W80/><G117/><N who="2" m="44553" /><F91/><W11/><G133/><T27/><D35/><U47/><E128/><V2/><F109/><W79/><G66/><T8/><D38/><U12/><E95/><V110/><F110/><W70/><G70/><T85/><D112/><U94/><E94/><V1/><F120/><W43/><G73/><T131/><D131/><U37/><E37/><V68/><F68/><W17/><G11/><T129/><D129/><U123/><E123/><V5/><F5/><W132/><G0/><N who="2" m="105" /><F13/><N who="3" m="9391" /><G132/><T96/><D96/><U135/><E135/><V28/><F33/><W92/><G79/><T49/><D18/><U111/><E111/><V125/><AGARI ba="1,1" hai="15,19,22,28,29,124,125,126" m="105,44553" machi="125" ten="40,5200,0" yaku="18,1,34,2" doraHai="89" who="2" fromWho="2" sc="256,-14,248,-14,248,65,238,-27" owari="242,4.0,234,-17.0,313,42.0,211,-29.0" /></mjloggm>