<mjloggm ver="2.3"><GO type="41" lobby="0"/><UN n0="%E3%81%A9%E3%81%84%EF%BC%8D%E3%82%93" n1="%E3%82%AA%E3%82%A6%E3%83%99%E3%82%A4" n2="%E6%A1%9C%E5%B0%8F%E6%A1%83" n3="%E5%B0%B1%E6%B4%BB%E7%94%9F%40%E5%B7%9D%E6%9D%91%E8%BB%8D%E5%9B%A3" dan="15,13,15,15" rate="2018.28,1892.26,1977.90,2007.30" sx="M,M,F,M"/><TAIKYOKU oya="0"/><INIT seed="0,0,0,0,2,130" ten="250,250,250,250" oya="0" hai0="51,16,91,10,22,120,96,112,44,0,101,18,5" hai1="92,61,118,121,106,79,133,27,45,69,129,33,82" hai2="90,132,76,57,32,95,108,4,31,25,47,46,8" hai3="21,87,80,94,126,15,125,60,123,122,39,100,93"/><T134/><D120/><N who="3" m="46121" /><G39/><T73/><D73/><U56/><E129/><V88/><F108/><W59/><G21/><T66/><D112/><U84/><E69/><V75/><F57/><W62/><G15/><T20/><D66/><U40/><E106/><V38/><F132/><W71/><G71/><T102/><D134/><U113/><E118/><V30/><F30/><W7/><G7/><T117/><D117/><U119/><E119/><V2/><F38/><W3/><G3/><T26/><D91/><U68/><E68/><V17/><F90/><N who="3" m="51559" /><G60/><T77/><D96/><U104/><E104/><V58/><F58/><W72/><G72/><T48/><D77/><U35/><E113/><V9/><F9/><W124/><G100/><T37/><D37/><U24/><E92/><V70/><F70/><W131/><G131/><T111/><D111/><U86/><E86/><V29/><F29/><W85/><G85/><T36/><D36/><U103/><E103/><V54/><F54/><AGARI ba="0,0" hai="54,59,62,93,94,124,125,126" m="51559,46121" machi="54" ten="40,2600,0" yaku="18,1,13,1" doraHai="130" who="3" fromWho="2" sc="250,0,250,0,250,-26,250,26" /><INIT seed="1,0,0,4,0,123" ten="250,250,224,276" oya="1" hai0="23,100,20,53,31,52,24,30,10,14,115,122,90" hai1="12,34,3,17,103,27,114,63,118,67,44,18,64" hai2="16,101,132,73,19,28,60,86,55,87,21,117,92" hai3="135,107,76,99,93,133,46,89,57,111,80,50,47"/><U22/><E118/><V39/><F117/><W96/><G107/><T88/><D115/><U61/><E3/><V43/><F73/><W131/><G131/><T26/><D100/><U40/><E103/><V49/><F132/><N who="3" m="50763" /><G57/><T9/><D122/><U129/><E129/><V58/><F39/><W124/><G124/><T37/><D37/><U83/><E114/><V108/><F108/><W102/><G111/><T33/><D33/><U70/><E34/><V1/><F1/><W105/><G50/><T119/><D119/><U25/><E83/><V45/><F28/><W134/><N who="3" m="50771" /><W13/><DORA hai="104" /><G13/><AGARI ba="0,0" hai="9,10,13,14,20,23,24,26,30,31,52,53,88,90" machi="13" ten="25,8000,1" yaku="22,2,8,1,54,2" doraHai="123,104" who="0" fromWho="3" sc="250,80,250,0,224,0,276,-80" /><INIT seed="2,0,0,2,2,16" ten="330,250,224,196" oya="2" hai0="89,56,34,77,84,96,106,55,71,127,70,43,134" hai1="90,115,33,62,129,78,36,108,72,102,3,4,86" hai2="15,65,64,59,88,130,132,93,2,104,107,37,28" hai3="128,47,87,48,54,68,19,0,44,117,112,69,76"/><V41/><F2/><W27/><G0/><T113/><D34/><U14/><E33/><V42/><F130/><W29/><G117/><T109/><D113/><U105/><E36/><V6/><F132/><W22/><G112/><T57/><D134/><U98/><E3/><V24/><F104/><W116/><G128/><T10/><D43/><U119/><E62/><N who="2" m="37983" /><F65/><W18/><G116/><T135/><D135/><U124/><E129/><V50/><F37/><W81/><REACH who="3" step="1"/><G47/><REACH who="3" ten="330,250,224,186" step="2"/><T21/><D71/><AGARI ba="0,1" hai="18,19,22,27,29,44,48,54,68,69,71,76,81,87" machi="71" ten="40,5200,0" yaku="1,1,2,1,52,1,53,0" doraHai="16" doraHaiUra="95" who="3" fromWho="0" sc="330,-52,250,0,224,0,186,62" /><INIT seed="3,0,0,1,2,87" ten="278,250,224,248" oya="3" hai0="4,10,99,26,8,92,64,65,2,5,117,27,78" hai1="132,14,77,84,125,18,116,69,57,96,21,70,74" hai2="17,121,105,72,88,134,44,100,95,55,62,13,111" hai3="48,60,129,133,0,91,102,67,103,97,24,112,71"/><W126/><G0/><T101/><D117/><U3/><E3/><V6/><F111/><W28/><G112/><T42/><D78/><U39/><E39/><V20/><F134/><W130/><G126/><T43/><D2/><U54/><E74/><V89/><F72/><W108/><G133/><T49/><D92/><U75/><E75/><V32/><F32/><W40/><G40/><T19/><D99/><U110/><E110/><V51/><F121/><W61/><G61/><T23/><D49/><U9/><E132/><V127/><F127/><W83/><G108/><T118/><D118/><U82/><E125/><V120/><F120/><W11/><G11/><T52/><D101/><U107/><E107/><V45/><F105/><W68/><G48/><T109/><D109/><U85/><E96/><N who="2" m="59423" /><F6/><W58/><G102/><T50/><D50/><U113/><E113/><V115/><F115/><W35/><G58/><T34/><D34/><U128/><E116/><V66/><F45/><W79/><G71/><T7/><D7/><U25/><E85/><V131/><F131/><W38/><G38/><T119/><D119/><U59/><E59/><AGARI ba="0,0" hai="13,17,20,44,51,55,59,62,66,88,89" m="59423" machi="59" ten="30,7700,0" yaku="8,1,52,2,54,1" doraHai="87" who="2" fromWho="1" sc="278,0,250,-77,224,77,248,0" /><INIT seed="4,0,0,1,0,75" ten="278,173,301,248" oya="0" hai0="96,18,83,95,40,15,61,4,72,14,106,25,101" hai1="41,33,31,54,63,11,109,49,105,134,115,1,118" hai2="132,126,66,88,69,30,116,22,20,36,53,79,13" hai3="34,2,67,131,50,52,98,56,7,87,97,39,86"/><T43/><D25/><U58/><E105/><V57/><F126/><W130/><G34/><T127/><D127/><U44/><E109/><V46/><F132/><W121/><G39/><T113/><D113/><U19/><E134/><V122/><F122/><W16/><G121/><T17/><D4/><U92/><E118/><V85/><F30/><W48/><G2/><T120/><D120/><U100/><E115/><V114/><F116/><W94/><G7/><T112/><D61/><U80/><E1/><V8/><F79/><W5/><G5/><T99/><D112/><U76/><E31/><V91/><F91/><W26/><G67/><T93/><D106/><U133/><E33/><V55/><F66/><W10/><G50/><T119/><D119/><U3/><E3/><V64/><F64/><W12/><G26/><T38/><D38/><U124/><E133/><V23/><F69/><W24/><G24/><T102/><D72/><U117/><E117/><V110/><F110/><W74/><G74/><T129/><D129/><N who="3" m="49161" /><G98/><T82/><AGARI ba="0,0" hai="14,15,17,18,40,43,82,83,93,95,96,99,101,102" machi="82" ten="25,9600,0" yaku="0,1,22,2,8,1" doraHai="75" who="0" fromWho="0" sc="278,96,173,-32,301,-32,248,-32" /><INIT seed="4,1,0,1,0,8" ten="374,141,269,216" oya="0" hai0="57,54,40,26,119,121,33,32,105,78,85,124,20" hai1="110,134,108,132,89,107,30,22,106,23,65,61,103" hai2="24,98,15,53,118,47,135,133,41,99,45,7,104" hai3="69,28,113,31,63,120,70,74,128,72,18,71,129"/><T59/><D105/><U5/><E5/><V50/><F118/><W3/><G3/><T55/><D119/><U81/><E30/><N who="3" m="11306" /><G63/><T82/><D40/><U130/><E103/><V96/><F104/><N who="1" m="39977" /><E81/><V100/><F100/><W42/><G42/><T49/><D121/><U112/><E89/><V27/><F7/><W79/><G79/><T94/><D94/><U17/><E17/><V35/><F35/><W101/><G101/><T80/><D124/><U56/><E65/><V9/><F9/><W86/><G86/><T12/><D26/><U126/><E56/><V10/><F10/><W95/><G95/><T64/><D64/><U14/><E61/><V52/><F15/><W19/><G113/><T4/><D82/><U60/><E60/><V6/><F6/><W13/><G120/><T88/><D78/><U1/><E1/><V11/><F11/><N who="3" m="6463" /><G19/><N who="0" m="10343" /><D33/><U90/><E112/><V127/><F127/><W84/><G84/><T29/><D4/><U58/><E90/><V37/><REACH who="2" step="1"/><F53/><REACH who="2" ten="374,141,259,216" step="2"/><W115/><G115/><T76/><D32/><U67/><E126/><V93/><F93/><W91/><G91/><T0/><D0/><U34/><E34/><V73/><F73/><W25/><G25/><AGARI ba="1,1" hai="24,25,27,37,41,45,47,50,52,96,98,99,133,135" machi="25" ten="40,2600,0" yaku="1,1,54,1,53,0" doraHai="8" doraHaiUra="87" who="2" fromWho="3" sc="374,0,141,0,259,39,216,-29" /><INIT seed="5,0,0,2,4,60" ten="374,141,298,187" oya="1" hai0="5,25,61,112,40,62,117,121,35,73,103,118,57" hai1="81,85,129,68,106,14,28,71,74,126,20,135,76" hai2="125,128,50,70,100,123,104,36,0,133,34,107,30" hai3="43,134,119,72,89,19,32,56,17,26,41,8,3"/><U86/><E106/><V77/><RYUUKYOKU type="yao9" ba="0,0" sc="374,0,141,0,298,0,187,0" hai2="0,30,34,36,50,70,77,100,104,107,123,125,128,133" /><INIT seed="5,1,0,4,3,73" ten="374,141,298,187" oya="1" hai0="36,18,2,122,81,59,119,34,43,106,116,78,42" hai1="25,102,29,26,24,63,45,53,89,28,62,47,124" hai2="16,115,118,50,105,14,107,101,117,27,93,54,64" hai3="108,46,23,52,126,49,113,135,48,20,3,96,61"/><U9/><E124/><V75/><F75/><W57/><G3/><T128/><D106/><U56/><E102/><V103/><F64/><W99/><G126/><T1/><D122/><U97/><E9/><V134/><F27/><W71/><G113/><T83/><D128/><U121/><E121/><V11/><F134/><W84/><G135/><T68/><D68/><U129/><E129/><V58/><F115/><W38/><G108/><T77/><D59/><U51/><E47/><V80/><F80/><W114/><G114/><T13/><D18/><U67/><E62/><V76/><F76/><W44/><G38/><T22/><D22/><N who="3" m="8233" /><G71/><T70/><D70/><U74/><REACH who="1" step="1"/><E74/><REACH who="1" ten="374,131,298,187" step="2"/><V37/><F103/><W120/><G120/><T86/><D116/><U19/><E19/><V8/><F16/><W66/><G84/><T92/><D119/><U15/><E15/><V110/><F14/><W10/><G10/><T40/><D13/><U0/><E0/><V35/><F11/><W94/><G94/><AGARI ba="1,1" hai="24,25,26,28,29,45,51,53,56,63,67,89,94,97" machi="94" ten="40,7700,0" yaku="1,1,8,1,53,1" doraHai="73" doraHaiUra="55" who="1" fromWho="3" sc="374,0,131,90,298,0,187,-80" /><INIT seed="5,2,0,1,0,34" ten="374,221,298,107" oya="1" hai0="26,41,96,71,65,23,51,52,102,69,4,123,82" hai1="6,2,124,50,20,79,59,39,56,129,46,16,58" hai2="126,9,10,132,17,77,28,94,64,62,3,74,117" hai3="60,125,118,45,24,130,122,19,97,81,11,105,15"/><U49/><E124/><V95/><F117/><W22/><G122/><T55/><D123/><U115/><E129/><V63/><F132/><W67/><G118/><T99/><D4/><U92/><E79/><V101/><F28/><W127/><G130/><T70/><D65/><U25/><E115/><V36/><F36/><W33/><G81/><T83/><D41/><U14/><E14/><V120/><F120/><W30/><G45/><T5/><D5/><U35/><E35/><V134/><F77/><W53/><G53/><T44/><D55/><U113/><E113/><V112/><F74/><W106/><G11/><T18/><REACH who="0" step="1"/><D99/><REACH who="0" ten="364,221,298,107" step="2"/><U61/><E61/><V13/><F63/><W110/><G110/><T48/><D48/><U111/><E111/><V87/><F62/><W37/><G37/><T128/><D128/><U54/><E39/><V133/><F64/><W86/><G86/><T108/><D108/><U104/><E104/><AGARI ba="2,1" hai="18,23,26,44,51,52,69,70,71,82,83,96,102,104" machi="104" ten="40,2600,0" yaku="1,1,54,1,53,0" doraHai="34" doraHaiUra="7" who="0" fromWho="1" sc="364,42,221,-32,298,0,107,0" /><INIT seed="6,0,0,2,5,5" ten="406,189,298,107" oya="2" hai0="101,72,95,14,126,52,91,110,129,71,41,81,13" hai1="8,4,12,21,27,113,75,37,56,63,73,92,90" hai2="46,118,133,49,40,109,76,38,82,117,77,16,17" hai3="7,61,130,66,69,131,30,54,31,128,32,108,89"/><V53/><F133/><W119/><G119/><T2/><D71/><U98/><E37/><V111/><F117/><W134/><G108/><N who="2" m="41545" /><F118/><W99/><G134/><T116/><D2/><U1/><E1/><V103/><F103/><W124/><G124/><T55/><D116/><U68/><E68/><V85/><F77/><W58/><G32/><T100/><D126/><U94/><E92/><V45/><AGARI ba="0,0" hai="16,17,38,40,45,46,49,53,76,82,85" m="41545" machi="45" ten="30,3000,0" yaku="10,1,54,1" doraHai="5" who="2" fromWho="2" sc="406,-10,189,-10,298,30,107,-10" /><INIT seed="6,1,0,2,4,13" ten="396,179,328,97" oya="2" hai0="27,102,52,62,81,95,123,90,124,60,117,118,53" hai1="47,55,82,11,135,30,41,84,72,69,132,12,57" hai2="17,88,91,73,49,18,70,121,48,50,120,21,78" hai3="16,103,99,89,127,93,105,134,29,0,3,1,36"/><V87/><F70/><W54/><G36/><T31/><D123/><U79/><E30/><V37/><F37/><W20/><G134/><T58/><D124/><U6/><E69/><V80/><F91/><W100/><G127/><T114/><D81/><U104/><E104/><V59/><F59/><W107/><G29/><T9/><D9/><U133/><E72/><V106/><F106/><W24/><REACH who="3" step="1"/><G54/><REACH who="3" ten="396,179,328,87" step="2"/><T40/><D53/><U4/><E55/><V51/><F120/><W86/><G86/><T38/><D52/><U68/><E68/><V130/><F121/><W111/><G111/><T101/><D31/><U64/><E57/><V97/><F87/><W61/><G61/><T94/><D60/><U35/><E64/><V112/><F73/><W42/><G42/><T131/><D62/><U32/><REACH who="1" step="1"/><E4/><REACH who="1" ten="396,169,328,87" step="2"/><V46/><F46/><W26/><G26/><T109/><D58/><U122/><E122/><V19/><F130/><W44/><G44/><T110/><D27/><U76/><E76/><V65/><F78/><W23/><G23/><T98/><D131/><U85/><E85/><V28/><F65/><W125/><G125/><T83/><D110/><U115/><E115/><V5/><F21/><W116/><G116/><T34/><D117/><U56/><E56/><V43/><F5/><W45/><G45/><T74/><D118/><U10/><E10/><V92/><F112/><W96/><G96/><T2/><D98/><U8/><E8/><V33/><F97/><W25/><G25/><T22/><D114/><U71/><E71/><V129/><F129/><W39/><G39/><AGARI ba="1,2" hai="6,11,12,32,35,39,41,47,79,82,84,132,133,135" machi="39" ten="40,5200,0" yaku="1,1,6,1,20,1,53,0" doraHai="13" doraHaiUra="63" who="1" fromWho="3" sc="396,0,169,75,328,0,87,-55" /><INIT seed="7,0,0,3,2,84" ten="396,244,328,32" oya="3" hai0="88,115,108,58,132,35,89,3,131,111,32,47,31" hai1="128,83,20,27,94,45,107,34,95,56,98,1,124" hai2="44,13,50,33,22,19,99,18,49,109,54,77,105" hai3="41,130,116,100,57,96,61,6,85,101,26,63,12"/><W75/><G116/><T112/><D3/><U53/><E34/><V102/><F33/><W76/><G75/><T97/><D132/><U62/><E1/><V40/><F109/><W24/><G130/><T119/><D119/><U51/><E124/><V72/><F77/><W36/><G36/><T43/><D131/><U17/><E128/><V73/><F19/><W71/><G71/><T42/><D58/><AGARI ba="0,0" hai="13,18,22,40,44,49,50,54,58,72,73,99,102,105" machi="58" ten="30,1000,0" yaku="7,1" doraHai="84" who="2" fromWho="0" sc="396,-10,244,0,328,10,32,0" owari="386,49.0,244,-16.0,338,14.0,32,-47.0" /></mjloggm>