<mjloggm ver="2.3"><GO type="97" lobby="0"/><UN n0="%E3%81%B7%E3%81%85%EF%BD%9E%E3%82%93" n1="%E6%B4%A5%E6%9C%AC%E4%BB%81" n2="%E3%82%A6%E3%83%AB%E3%83%88%E3%83%A9%E7%AB%8B%E7%9B%B4" n3="%37%39%30%30%63%32%34" dan="13,13,15,13" rate="1848.08,1842.64,1977.02,1878.60" sx="M,M,M,F"/><TAIKYOKU oya="0"/><INIT seed="0,0,0,4,3,116" ten="250,250,250,250" oya="0" hai0="133,19,128,8,101,0,119,74,122,17,85,49,118" hai1="53,1,104,115,134,95,48,34,62,83,106,54,73" hai2="42,14,124,63,90,36,82,98,31,112,93,25,111" hai3="65,113,21,58,67,44,92,60,88,6,39,100,55"/><T61/><D74/><U77/><E134/><V86/><F112/><W52/><G113/><T56/><D101/><U97/><E1/><V43/><F111/><W114/><G114/><T7/><D133/><U26/><E115/><V87/><F124/><W94/><G6/><T11/><D128/><U135/><E135/><V78/><F36/><W20/><G39/><T38/><D38/><U70/><E34/><V66/><F14/><W13/><G100/><T71/><D71/><U32/><E32/><V80/><F25/><W64/><G94/><T9/><D122/><U107/><E26/><V47/><F31/><W110/><G110/><T5/><D11/><U123/><E123/><V108/><F47/><W69/><G69/><T4/><D4/><U22/><E22/><V132/><F108/><W24/><G13/><T57/><D57/><U79/><E79/><V99/><F132/><W102/><G102/><T18/><D49/><U41/><E41/><V30/><F30/><W117/><G117/><T125/><D85/><U84/><E73/><V33/><F33/><W40/><G40/><T45/><D45/><U129/><E129/><V37/><F37/><W51/><G24/><T50/><D50/><U35/><E35/><V91/><F99/><AGARI ba="0,0" hai="20,21,44,51,52,55,58,60,64,65,67,88,92,99" machi="99" ten="40,5200,0" yaku="8,1,54,2" doraHai="116" who="3" fromWho="2" sc="250,0,250,0,250,-52,250,52" /><INIT seed="1,0,0,3,1,78" ten="250,250,198,302" oya="1" hai0="106,3,128,29,68,98,30,11,120,8,96,65,33" hai1="130,82,93,47,80,72,126,71,99,110,18,84,101" hai2="79,48,51,73,115,5,88,81,125,112,4,134,21" hai3="95,135,108,32,52,62,86,46,20,28,6,113,131"/><U121/><E71/><V117/><F117/><W104/><G104/><T10/><D128/><U12/><E130/><V13/><F125/><W45/><G131/><T43/><D3/><U118/><E118/><V76/><F134/><W61/><G135/><T92/><D106/><U66/><E121/><V74/><F21/><W64/><G32/><T124/><D124/><U35/><E35/><V57/><F13/><W37/><G6/><N who="2" m="2665" /><F57/><W27/><G113/><N who="2" m="43593" /><F88/><W63/><G108/><T127/><D127/><U49/><E126/><V75/><F81/><N who="1" m="31337" /><E72/><N who="2" m="18435" /><V116/><DORA hai="53" /><F116/><W89/><G37/><T17/><D120/><U31/><E84/><V25/><F25/><W42/><G42/><T109/><D109/><U90/><E110/><V1/><F1/><W34/><G34/><T14/><D33/><U105/><E105/><V50/><AGARI ba="0,0" hai="48,50,51,76,79" m="18435,43593,2665" machi="50" ten="50,6400,0" yaku="28,2,11,1" doraHai="78,53" who="2" fromWho="2" sc="250,-16,250,-32,198,64,302,-16" /><INIT seed="2,0,0,3,0,61" ten="234,218,262,286" oya="2" hai0="74,56,117,92,98,102,15,26,95,65,94,64,84" hai1="49,96,86,42,114,120,12,7,1,31,105,19,2" hai2="90,108,132,35,82,48,119,116,135,78,70,9,28" hai3="52,58,124,71,133,91,0,54,50,68,113,40,115"/><V4/><F70/><N who="3" m="26667" /><G91/><N who="0" m="53351" /><D74/><U5/><E114/><N who="3" m="43530" /><G0/><T17/><D117/><N who="2" m="45130" /><F28/><W25/><G25/><T45/><D45/><U39/><E31/><V62/><F35/><W118/><G118/><T22/><D56/><U29/><E29/><V100/><F90/><W76/><G76/><T79/><D79/><U51/><E39/><V41/><F100/><W134/><G124/><T131/><D94/><U53/><E2/><V75/><F9/><W130/><G130/><T125/><D131/><U110/><E1/><V109/><F4/><W88/><G88/><T66/><D125/><U43/><E120/><V104/><F104/><W14/><G14/><AGARI ba="0,0" hai="14,15,17,22,26,64,65,66,95,98,102" m="53351" machi="14" ten="30,7700,0" yaku="8,1,52,3" doraHai="61" who="0" fromWho="3" sc="234,77,218,0,262,0,286,-77" /><INIT seed="3,0,0,3,3,86" ten="311,218,262,209" oya="3" hai0="31,98,92,122,1,95,126,79,90,69,114,87,48" hai1="113,102,80,66,75,132,40,54,45,46,36,18,93" hai2="77,130,50,82,3,10,127,64,8,83,135,108,43" hai3="88,74,56,25,103,129,101,94,128,73,112,58,125"/><W117/><G112/><T85/><D69/><U65/><E132/><V123/><F108/><W120/><G120/><T121/><D1/><U81/><E113/><V115/><F127/><W62/><G117/><T19/><D48/><U61/><E66/><V28/><F130/><N who="3" m="50283" /><G25/><T111/><D31/><U67/><E75/><N who="3" m="28682" /><G125/><T27/><D19/><U91/><E102/><N who="3" m="38922" /><G62/><T96/><D126/><U97/><E67/><V5/><F64/><W84/><AGARI ba="0,0" hai="56,58,84,88,94" m="38922,28682,50283" machi="84" ten="40,7800,0" yaku="19,1,52,1,54,1" doraHai="86" who="3" fromWho="3" sc="311,-26,218,-26,262,-26,209,78" /><INIT seed="3,1,0,3,0,108" ten="285,192,236,287" oya="3" hai0="26,7,22,129,120,124,35,86,31,41,4,18,8" hai1="90,61,113,37,102,134,94,130,133,99,10,68,101" hai2="52,95,104,49,20,88,53,11,13,91,1,12,126" hai3="42,23,55,114,59,96,14,27,63,82,92,60,73"/><W72/><G114/><T9/><D41/><U15/><E37/><V131/><F104/><W78/><G42/><T77/><D86/><U19/><E130/><V5/><F126/><W110/><G110/><T43/><D77/><U0/><E0/><V117/><F131/><W50/><G72/><T3/><D43/><U69/><E61/><V122/><F117/><W39/><G14/><T44/><D7/><U135/><E69/><V79/><F122/><W103/><REACH who="3" step="1"/><G39/><REACH who="3" ten="285,192,236,277" step="2"/><T80/><D129/><U66/><E68/><V33/><F13/><W6/><G6/><T112/><D4/><U24/><E24/><V32/><F12/><W89/><G89/><T2/><D26/><U17/><E66/><V30/><F91/><W115/><G115/><T70/><D112/><U56/><E113/><V132/><F88/><W21/><G21/><T16/><D70/><U84/><E101/><V28/><F20/><W38/><G38/><T119/><D22/><U58/><REACH who="1" step="1"/><E17/><AGARI ba="1,1" hai="17,23,27,50,55,59,60,63,73,78,82,92,96,103" machi="17" ten="30,5800,0" yaku="1,1,7,1,53,1" doraHai="108" doraHaiUra="74" who="3" fromWho="1" sc="285,0,192,-61,236,0,277,71" owari="285,9.0,131,-37.0,236,-16.0,348,44.0" /></mjloggm>