<mjloggm ver="2.3"><GO type="97" lobby="0"/><UN n0="%E3%81%8F%E3%82%8D%E3%81%AD%E3%81%93%EF%BC%A0" n1="%E3%83%81%E3%83%A7%E3%82%B3%E3%83%95%E3%82%A3%E3%83%AD" n2="%44%72%6F%67%62%61" n3="%E3%82%A6%E3%83%AB%E3%83%88%E3%83%A9%E7%AB%8B%E7%9B%B4" dan="15,13,14,13" rate="2028.92,1836.10,1968.05,1906.75" sx="F,F,M,M"/><TAIKYOKU oya="0"/><INIT seed="0,0,0,1,2,30" ten="250,250,250,250" oya="0" hai0="127,28,113,76,117,105,102,15,83,131,3,82,52" hai1="100,93,112,13,84,6,16,75,25,41,24,35,86" hai2="61,44,123,80,0,36,37,11,101,130,4,2,92" hai3="119,78,116,43,38,10,120,5,90,62,56,47,63"/><T33/><D3/><U50/><E75/><V95/><F123/><W97/><G120/><T111/><D117/><U49/><E112/><V12/><F130/><W106/><G63/><T99/><D113/><U31/><E24/><V124/><F124/><W67/><G78/><T48/><D131/><U23/><E6/><V17/><F61/><W134/><G134/><T22/><D127/><U26/><E26/><V60/><F60/><W34/><G34/><T88/><D33/><U27/><E27/><V66/><F66/><W133/><G133/><T126/><D28/><U65/><E65/><V110/><F110/><W74/><G74/><T109/><D126/><U71/><E71/><V115/><F2/><W114/><G114/><T72/><D22/><U125/><E125/><V118/><F118/><W91/><G91/><T18/><D18/><U87/><REACH who="1" step="1"/><E41/><REACH who="1" ten="250,240,250,250" step="2"/><V14/><F115/><W135/><G135/><T85/><REACH who="0" step="1"/><D15/><REACH who="0" ten="240,240,250,250" step="2"/><U57/><E57/><AGARI ba="0,2" hai="48,52,57,72,76,82,83,85,88,99,102,105,109,111" machi="57" ten="40,12000,1" yaku="1,1,2,1,54,2,53,0" doraHai="30" doraHaiUra="40" who="0" fromWho="1" sc="240,140,240,-120,250,0,250,0" /><INIT seed="0,1,0,3,2,89" ten="380,120,250,250" oya="0" hai0="47,16,58,92,18,57,67,123,109,97,54,52,71" hai1="87,72,117,84,56,64,74,63,26,66,115,127,126" hai2="114,116,45,62,30,61,37,82,55,131,7,6,1" hai3="3,34,12,80,22,124,48,108,104,68,113,107,39"/><T10/><D123/><U121/><E121/><V40/><F114/><W105/><G39/><T122/><D122/><U135/><E117/><V23/><F131/><W102/><G113/><T119/><D119/><U93/><E115/><V118/><F1/><W2/><G34/><T100/><D109/><U8/><E8/><V132/><F132/><W32/><G32/><T129/><D129/><U78/><E135/><V15/><F118/><W4/><G68/><T85/><D71/><U88/><E26/><V41/><F40/><W11/><G108/><T14/><D67/><U27/><E27/><V112/><F112/><W5/><G124/><N who="1" m="47658" /><E66/><V46/><F82/><AGARI ba="1,0" hai="56,63,64,72,74,78,82,84,87,88,93" m="47658" machi="82" ten="30,3900,0" yaku="18,1,52,1,54,1" doraHai="89" who="1" fromWho="2" sc="380,0,120,42,250,-42,250,0" /><INIT seed="1,0,0,4,3,32" ten="380,162,208,250" oya="1" hai0="124,78,89,93,1,52,45,95,61,69,75,127,49" hai1="72,36,94,8,29,62,111,19,34,20,114,63,98" hai2="31,57,125,3,24,123,12,102,133,76,64,97,67" hai3="46,87,51,22,40,65,9,0,54,16,110,48,129"/><U55/><E36/><V130/><F123/><W6/><G110/><T122/><D1/><U109/><E72/><V91/><F125/><N who="0" m="48202" /><D122/><U92/><E114/><V44/><F130/><W105/><G105/><T42/><D89/><U100/><E8/><V131/><F133/><W37/><G129/><T126/><D126/><U39/><E39/><V121/><F121/><W38/><G65/><N who="0" m="41135" /><D78/><U96/><E29/><V27/><F76/><W15/><G87/><T66/><D75/><U30/><E30/><V14/><F91/><W71/><G71/><T84/><D84/><U5/><E5/><V60/><F64/><W25/><G25/><T106/><D106/><U118/><E34/><V73/><F73/><W13/><G13/><T128/><D66/><U134/><E134/><V77/><F77/><W108/><G108/><N who="1" m="41546" /><E118/><V23/><F131/><W33/><G33/><T21/><D21/><U18/><E55/><V79/><F79/><W107/><G107/><T35/><D35/><U116/><E116/><V103/><F103/><W88/><G88/><T85/><D52/><U28/><E28/><V4/><F31/><W50/><G38/><T80/><D128/><U68/><E68/><V117/><F117/><W101/><G101/><T86/><D80/><U41/><E41/><V132/><F132/><W56/><AGARI ba="0,0" hai="0,6,9,15,16,22,37,40,46,48,50,51,54,56" machi="56" ten="20,5200,0" yaku="0,1,7,1,52,1,54,1" doraHai="32" who="3" fromWho="3" sc="380,-13,162,-26,208,-13,250,52" /><INIT seed="2,0,0,4,2,104" ten="367,136,195,302" oya="2" hai0="39,80,23,34,73,92,2,29,113,30,93,91,33" hai1="14,5,98,58,71,109,60,100,31,65,15,108,59" hai2="54,134,132,48,32,17,106,74,26,87,9,11,129" hai3="51,8,52,61,115,36,42,68,128,96,101,1,88"/><V69/><F106/><W20/><G128/><T75/><D23/><U46/><E46/><V64/><F129/><W117/><G117/><T55/><D80/><U10/><E31/><N who="0" m="11785" /><D91/><U116/><E15/><V12/><F32/><N who="0" m="12394" /><D55/><U94/><REACH who="1" step="1"/><E116/><REACH who="1" ten="367,126,195,302" step="2"/><V105/><F132/><W107/><G8/><T90/><D2/><U56/><AGARI ba="0,1" hai="5,10,14,56,58,59,60,65,71,94,98,100,108,109" machi="56" ten="30,7900,0" yaku="1,1,2,1,0,1,53,1" doraHai="104" doraHaiUra="66" who="1" fromWho="1" sc="367,-20,126,89,195,-39,302,-20" /><INIT seed="3,0,0,3,5,67" ten="347,215,156,282" oya="3" hai0="49,61,80,6,102,39,131,93,90,114,87,133,30" hai1="56,14,134,63,115,116,96,77,65,50,7,32,4" hai2="99,45,20,42,135,18,106,128,70,33,41,27,38" hai3="72,86,75,111,110,130,23,1,69,60,91,71,22"/><W34/><G34/><T121/><D39/><U97/><E32/><V119/><F119/><W108/><G1/><T129/><D121/><U59/><E115/><V103/><F128/><N who="0" m="49226" /><D133/><U78/><E134/><V51/><F135/><W76/><G130/><T74/><D30/><U107/><E116/><V126/><F126/><W16/><G60/><T122/><D6/><U113/><E113/><V125/><F125/><W26/><G23/><T9/><D9/><N who="1" m="4391" /><E7/><V89/><F89/><W109/><N who="3" m="27648" /><DORA hai="88" /><W117/><G117/><T123/><D49/><U46/><E59/><V82/><F82/><N who="3" m="45343" /><G72/><T25/><D61/><U52/><E107/><V79/><F79/><AGARI ba="0,0" hai="46,50,52,56,63,65,77,78,79,96,97" m="4391" machi="79" ten="30,2000,0" yaku="8,1,54,1" doraHai="67,88" who="1" fromWho="2" sc="347,0,215,20,156,-20,282,0" owari="347,44.0,235,-16.0,136,-36.0,282,8.0" /></mjloggm>