<mjloggm ver="2.3"><GO type="169" lobby="0"/><UN n0="%E3%82%A6%E3%83%AB%E3%83%88%E3%83%A9%E7%AB%8B%E7%9B%B4" n1="%73%61%63%68%69%6F" n2="%E2%98%85%E3%81%84%E3%81%8A%E3%82%8A%E3%82%93%E2%98%85" n3="%73%68%75%6E%70%79" dan="17,16,16,16" rate="2189.13,2130.65,2141.68,2049.44" sx="M,M,M,M"/><TAIKYOKU oya="0"/><INIT seed="0,0,0,4,3,38" ten="250,250,250,250" oya="0" hai0="51,94,45,9,76,33,32,82,93,15,102,62,14" hai1="72,30,80,12,127,71,67,57,111,117,54,26,66" hai2="48,70,112,88,35,28,59,134,119,86,20,90,116" hai3="64,81,29,6,135,118,17,43,11,73,39,87,65"/><T100/><D62/><U37/><E117/><N who="2" m="45131" /><F70/><W123/><G118/><T101/><D32/><U75/><E111/><V109/><F109/><W31/><G17/><T52/><D33/><U47/><E12/><V40/><F112/><W5/><G123/><T8/><D15/><U25/><E25/><N who="2" m="18831" /><F134/><W84/><G135/><T89/><D89/><U124/><E80/><V55/><F86/><W113/><G113/><T41/><D52/><U120/><E120/><V107/><F107/><W49/><G39/><T18/><REACH who="0" step="1"/><D8/><REACH who="0" ten="240,250,250,250" step="2"/><U126/><E71/><V10/><F10/><W21/><G11/><T36/><D36/><U85/><E67/><V58/><F58/><W77/><G65/><T95/><D95/><U130/><E66/><V97/><F97/><W46/><G64/><T4/><D4/><U106/><E106/><V133/><F133/><W42/><G5/><T78/><D78/><U131/><E54/><V96/><F96/><W99/><G6/><T110/><D110/><U79/><E57/><V104/><F104/><W114/><G114/><T83/><D83/><U2/><E79/><V115/><F115/><W105/><G105/><T27/><D27/><U56/><E56/><V61/><F20/><W63/><G99/><T53/><D53/><U60/><E60/><V74/><F74/><AGARI ba="0,1" hai="9,14,18,41,45,51,74,76,82,93,94,100,101,102" machi="74" ten="40,3900,0" yaku="1,1,52,1,53,0" doraHai="38" doraHaiUra="19" who="0" fromWho="2" sc="240,49,250,0,250,-39,250,0" /><INIT seed="0,1,0,3,2,17" ten="289,250,211,250" oya="0" hai0="9,117,113,82,19,111,126,41,30,10,74,120,134" hai1="38,131,32,77,49,27,72,55,34,21,124,135,108" hai2="44,123,54,52,61,102,114,112,118,129,42,35,43" hai3="16,87,107,128,8,12,86,101,33,75,99,2,79"/><T83/><D120/><U121/><E38/><V13/><F35/><W63/><G128/><T3/><D117/><U88/><E121/><V84/><F123/><W14/><G2/><T78/><D113/><U69/><E69/><V103/><F129/><W70/><G33/><T65/><D126/><U122/><E122/><V116/><F84/><W4/><G75/><T68/><D30/><U95/><E131/><V18/><F18/><W80/><G86/><T37/><D10/><U6/><E6/><V133/><F13/><W40/><G70/><T93/><D93/><U104/><E104/><V66/><F61/><W20/><G63/><N who="0" m="39999" /><D19/><U90/><E90/><V15/><F15/><W28/><G40/><T98/><D98/><U94/><E94/><V89/><F89/><W56/><G56/><T25/><D25/><U50/><E88/><V47/><REACH who="2" step="1"/><F66/><REACH who="2" ten="289,250,201,250" step="2"/><W106/><G28/><T62/><D62/><U31/><E31/><V22/><F22/><W96/><G96/><T110/><D83/><U127/><E21/><V24/><F24/><W57/><G99/><T53/><D3/><U59/><E34/><V130/><F130/><W11/><G101/><T7/><D9/><U100/><E100/><V48/><F48/><W58/><G11/><T0/><D0/><U46/><E49/><V45/><F45/><W81/><G81/><N who="0" m="45271" /><D7/><U60/><E60/><V76/><F76/><W36/><G36/><T132/><D82/><U92/><E77/><V91/><F91/><W64/><G64/><T26/><D37/><U119/><E27/><V73/><F73/><W39/><G39/><RYUUKYOKU ba="1,1" sc="289,-15,250,-15,201,15,250,15" hai2="42,43,44,47,52,54,102,103,112,114,116,118,133" hai3="4,8,12,14,16,20,57,58,79,80,87,106,107" /><INIT seed="1,2,1,4,0,83" ten="274,235,216,265" oya="1" hai0="7,130,98,85,134,122,79,27,127,128,95,6,88" hai1="100,51,66,105,42,119,77,4,78,108,16,13,72" hai2="37,69,94,35,89,25,2,17,97,56,99,44,121" hai3="23,36,18,11,58,38,67,70,132,10,46,41,91"/><U117/><E66/><V54/><F69/><W82/><G38/><T40/><D127/><U24/><E105/><V20/><F2/><W101/><G101/><T43/><D27/><U29/><E100/><V26/><F121/><W116/><G116/><T124/><D124/><U107/><E107/><V90/><F37/><W75/><G70/><T30/><D30/><U125/><E125/><V109/><F109/><W93/><G132/><T52/><D134/><U57/><E4/><N who="0" m="1577" /><D122/><U19/><E108/><V34/><F44/><W118/><G118/><T64/><D64/><U80/><E78/><V22/><F97/><W126/><G126/><T14/><D14/><U45/><E57/><V65/><F65/><W53/><G67/><T102/><D79/><U61/><E61/><V15/><F15/><W39/><G39/><T135/><D135/><U103/><E103/><V8/><F8/><W0/><G0/><T129/><D52/><U111/><E111/><V76/><F76/><W32/><G32/><T49/><D49/><U131/><E131/><N who="0" m="33537" /><T96/><DORA hai="50" /><D96/><U12/><E12/><V68/><F68/><W110/><G110/><T21/><D21/><U112/><E112/><V133/><F133/><W63/><G75/><T55/><D55/><U9/><REACH who="1" step="1"/><E19/><REACH who="1" ten="274,225,216,265" step="2"/><V114/><F114/><W92/><G18/><T113/><D113/><U84/><E84/><V5/><F5/><W31/><G58/><T48/><D48/><U74/><E74/><V1/><F1/><W47/><G36/><T86/><D86/><U33/><AGARI ba="2,2" hai="9,13,16,24,29,33,42,45,51,72,77,80,117,119" machi="33" ten="20,12000,1" yaku="1,1,0,1,7,1,54,1,53,1" doraHai="83,50" doraHaiUra="106,120" who="1" fromWho="1" sc="274,-42,225,146,216,-42,265,-42" /><INIT seed="1,3,0,3,4,94" ten="232,371,174,223" oya="1" hai0="60,128,0,21,7,24,122,36,17,28,101,47,59" hai1="49,22,37,2,56,96,120,19,123,6,3,135,92" hai2="29,11,9,117,95,111,132,85,69,129,42,48,71" hai3="86,32,90,79,67,110,18,33,27,124,31,52,106"/><U34/><E37/><V61/><F117/><W26/><G110/><T41/><D128/><U88/><E34/><V130/><F111/><W104/><G67/><T58/><D122/><U55/><E135/><V80/><F132/><W75/><G124/><T107/><D7/><U16/><E19/><V51/><F29/><W91/><G75/><T113/><D0/><U109/><E109/><V121/><F121/><W14/><G79/><T84/><D113/><U25/><E3/><V100/><F61/><W53/><G104/><T83/><D60/><U38/><E38/><V97/><F69/><W133/><G106/><T57/><D28/><U66/><REACH who="1" step="1"/><E66/><REACH who="1" ten="232,361,174,223" step="2"/><V63/><F130/><W44/><G133/><T89/><D17/><U74/><E74/><V127/><F129/><W23/><G33/><T81/><D21/><U134/><E134/><V15/><F127/><W118/><G118/><T116/><D116/><U112/><E112/><V77/><F42/><W72/><G72/><T62/><D36/><U40/><E40/><V5/><F11/><AGARI ba="3,1" hai="2,6,11,16,22,25,49,55,56,88,92,96,120,123" machi="11" ten="40,12000,1" yaku="1,1,52,1,54,2,53,0" doraHai="94" doraHaiUra="65" who="1" fromWho="2" sc="232,0,361,139,174,-129,223,0" /><INIT seed="1,4,0,2,1,97" ten="232,500,45,223" oya="1" hai0="94,20,131,129,0,122,76,10,89,21,123,121,70" hai1="77,117,58,135,53,84,102,15,75,23,49,108,96" hai2="3,8,134,115,81,36,1,124,87,12,52,27,85" hai3="25,50,30,40,60,7,28,82,73,14,5,78,112"/><U56/><E117/><V37/><F134/><W91/><G112/><T105/><D70/><U101/><E75/><V2/><F115/><W74/><G91/><T35/><D35/><U26/><E135/><V63/><F27/><W128/><G128/><N who="0" m="49227" /><D105/><U88/><E108/><V132/><F132/><W71/><G73/><T9/><D76/><U46/><E15/><V6/><F124/><W114/><G114/><T104/><D104/><U118/><E77/><V64/><F85/><W4/><G71/><T95/><D0/><U18/><E118/><V92/><F92/><N who="0" m="35370" /><D89/><U111/><E96/><V98/><F98/><W43/><G60/><T116/><D116/><U80/><E111/><V133/><F133/><W99/><G99/><T31/><D31/><U38/><E38/><V42/><F42/><W72/><G72/><T86/><D86/><U33/><E33/><V45/><F64/><W44/><G40/><T79/><D79/><U62/><E58/><V24/><F24/><W127/><G127/><T100/><D100/><U32/><E32/><V48/><REACH who="2" step="1"/><F63/><REACH who="2" ten="232,500,35,223" step="2"/><W55/><G25/><T11/><AGARI ba="4,1" hai="9,10,11,20,21,121,122,123" m="35370,49227" machi="11" ten="40,8000,1" yaku="28,2,13,1,19,1" doraHai="97" who="0" fromWho="0" sc="232,102,500,-44,35,-24,223,-24" /><INIT seed="2,0,0,5,2,45" ten="334,456,11,199" oya="2" hai0="75,127,42,55,41,88,60,67,33,115,3,119,13" hai1="29,83,8,93,118,79,133,11,2,57,65,56,4" hai2="22,1,130,40,64,63,97,76,23,68,104,28,107" hai3="96,134,9,24,109,38,94,81,126,86,27,37,6"/><V35/><F130/><W106/><G109/><T12/><D3/><U100/><E118/><V73/><F40/><W19/><G106/><T44/><D75/><U16/><E133/><V25/><F1/><W131/><G134/><T43/><D33/><U99/><E29/><V117/><F117/><W103/><G131/><T122/><D115/><U87/><REACH who="1" step="1"/><E65/><REACH who="1" ten="334,446,11,199" step="2"/><V30/><F28/><W108/><G108/><T52/><D119/><U85/><E85/><V132/><F132/><W135/><G135/><T36/><D127/><U50/><E50/><V39/><F39/><W82/><G126/><T51/><D122/><U69/><E69/><V7/><F7/><W70/><G70/><T32/><D36/><U84/><E84/><V113/><F113/><W95/><G38/><T105/><D32/><U89/><E89/><V66/><F66/><W74/><G37/><T72/><D72/><U111/><E111/><V46/><F46/><W71/><G71/><T128/><D67/><U101/><E101/><N who="2" m="62511" /><F107/><W10/><G74/><T114/><D105/><U110/><E110/><V116/><F116/><W15/><G94/><T31/><D128/><U54/><E54/><V62/><F62/><W5/><G82/><AGARI ba="0,1" hai="22,23,25,30,35,63,64,68,73,76,82" m="62511" machi="82" ten="30,1500,0" yaku="25,1" doraHai="45" who="2" fromWho="3" sc="334,0,446,0,11,25,199,-15" /><INIT seed="2,1,0,1,2,42" ten="334,446,36,184" oya="2" hai0="133,59,29,19,119,25,75,87,104,1,26,135,68" hai1="17,50,92,53,100,35,40,22,128,2,82,56,78" hai2="52,74,120,126,28,54,31,73,106,114,86,23,63" hai3="33,41,58,131,109,103,91,61,48,6,37,76,70"/><V21/><F114/><W24/><G109/><T127/><D75/><U88/><E35/><V8/><F120/><W39/><G131/><T45/><D68/><U121/><E2/><V18/><F106/><W9/><G91/><T16/><D1/><U98/><E128/><V95/><F126/><W84/><G70/><T94/><D104/><U14/><E121/><V132/><F132/><N who="0" m="50762" /><D59/><U113/><E113/><V102/><F74/><W117/><G117/><T129/><D119/><U77/><E40/><V69/><F73/><W43/><G103/><T5/><D5/><U125/><E125/><V12/><F69/><W99/><G99/><T55/><D127/><U112/><E112/><V72/><F72/><W124/><G124/><T65/><D65/><U83/><E100/><V66/><F66/><W108/><G108/><T47/><D55/><N who="2" m="21034" /><F63/><W67/><G41/><T51/><D51/><U60/><REACH who="1" step="1"/><E60/><REACH who="1" ten="334,436,36,184" step="2"/><V110/><F110/><W57/><G37/><T34/><D129/><U7/><E7/><V64/><F64/><W49/><G39/><T93/><D34/><U130/><E130/><V79/><F102/><W118/><G118/><T107/><D107/><U122/><E122/><V115/><F115/><W85/><G43/><T44/><D29/><U10/><E10/><V90/><F31/><W32/><G67/><T62/><D62/><U30/><E30/><V27/><F8/><W97/><G61/><T134/><D134/><U71/><E71/><V38/><F38/><W89/><G9/><T0/><D0/><U123/><E123/><V20/><F23/><W36/><G6/><RYUUKYOKU ba="1,1" sc="334,-15,436,15,36,15,184,-15" hai1="14,17,22,50,53,56,77,78,82,83,88,92,98" hai2="12,18,20,21,27,28,79,86,90,95" /><INIT seed="2,2,1,4,1,119" ten="319,451,51,169" oya="2" hai0="24,10,64,134,37,133,39,18,6,132,43,97,42" hai1="7,26,13,3,87,61,94,67,96,73,88,118,91" hai2="79,100,34,54,98,9,12,69,107,45,33,121,80" hai3="15,57,36,46,110,92,99,123,27,21,72,20,14"/><V113/><F113/><W83/><G110/><T2/><D64/><U95/><E118/><V62/><F121/><W30/><G36/><N who="0" m="13899" /><D97/><U52/><E73/><V31/><F31/><W41/><G72/><T124/><D124/><U135/><E3/><V105/><F105/><W101/><G123/><T111/><D111/><U114/><E114/><V103/><F103/><W49/><G21/><AGARI ba="2,1" hai="2,6,10,18,21,24,42,43,132,133,134" m="13899" machi="21" ten="40,1300,0" yaku="20,1" doraHai="119" who="0" fromWho="3" sc="319,29,451,0,51,0,169,-19" /><INIT seed="3,0,0,4,5,9" ten="348,451,51,150" oya="3" hai0="51,108,111,105,1,67,114,133,117,113,53,17,46" hai1="61,126,128,102,22,98,12,10,86,56,14,132,6" hai2="18,103,112,87,48,85,134,60,13,71,95,83,31" hai3="81,78,65,47,120,0,38,21,107,124,62,123,4"/><W28/><G124/><T63/><D105/><U125/><E132/><V66/><F112/><N who="0" m="43114" /><D1/><U24/><E86/><V8/><F134/><W127/><G127/><N who="1" m="48650" /><E128/><V39/><F39/><W74/><G107/><T115/><D115/><U82/><E82/><V42/><F31/><W45/><G28/><T26/><D133/><U41/><E41/><V94/><F103/><W116/><G116/><T79/><D79/><U73/><E73/><V106/><F106/><W20/><G20/><N who="0" m="13583" /><D117/><U58/><E58/><AGARI ba="0,0" hai="46,51,53,58,63,67,108,111" m="13583,43114" machi="58" ten="30,1000,0" yaku="11,1" doraHai="9" who="0" fromWho="1" sc="348,10,451,-10,51,0,150,0" /><INIT seed="4,0,0,5,3,1" ten="358,441,51,150" oya="0" hai0="34,121,19,116,113,56,54,78,85,82,40,86,27" hai1="46,37,68,9,28,24,112,59,119,84,30,4,101" hai2="100,93,89,42,66,14,48,8,63,47,3,123,2" hai3="49,29,80,79,43,104,90,10,118,77,7,45,35"/><T13/><D40/><U64/><E119/><V129/><F100/><W50/><G118/><T122/><D116/><U114/><E68/><V17/><F129/><W107/><G29/><T33/><D113/><N who="1" m="43627" /><E101/><V97/><REACH who="2" step="1"/><F123/><REACH who="2" ten="358,441,41,150" step="2"/><W44/><G104/><T36/><D122/><U52/><E64/><V132/><F132/><W115/><G107/><T103/><D121/><U124/><E124/><V81/><F81/><W0/><G115/><T16/><D103/><U15/><E84/><V72/><F72/><W106/><G106/><T76/><D86/><U65/><E65/><V23/><F23/><W74/><G35/><T69/><D34/><U130/><E130/><V117/><F117/><W91/><G77/><T105/><D105/><U39/><E46/><V96/><F96/><W128/><G128/><T18/><D33/><N who="1" m="20615" /><E30/><V75/><F75/><W60/><G60/><AGARI ba="0,1" hai="4,9,15,37,39,52,59,60" m="20615,43627" machi="60" ten="30,7700,0" yaku="15,1,11,1,52,1,54,1" doraHai="1" who="1" fromWho="3" sc="358,0,441,87,41,0,150,-77" /><INIT seed="5,0,0,5,3,124" ten="358,528,41,73" oya="1" hai0="97,81,119,99,109,57,54,95,73,107,66,120,13" hai1="115,7,114,61,8,87,86,42,20,101,70,117,88" hai2="56,45,74,100,108,64,37,80,51,60,105,10,82" hai3="9,113,17,62,131,104,118,79,28,0,98,102,41"/><U130/><E117/><V43/><F74/><W48/><G113/><N who="1" m="43018" /><E87/><V59/><F108/><W25/><G118/><T32/><D32/><U83/><E42/><V49/><F105/><W67/><G79/><T103/><D109/><U65/><E20/><V16/><F100/><W39/><G48/><T19/><D66/><U40/><E40/><V128/><F128/><W50/><G50/><T116/><D120/><U126/><E126/><V2/><F2/><W34/><G131/><T36/><D36/><U52/><E101/><V15/><F37/><W3/><G17/><T55/><D55/><AGARI ba="0,0" hai="10,15,16,43,45,49,51,55,56,59,60,64,80,82" machi="55" ten="40,2600,0" yaku="8,1,54,1" doraHai="124" who="2" fromWho="0" sc="358,-26,528,0,41,26,73,0" /><INIT seed="6,0,0,1,0,75" ten="332,528,67,73" oya="2" hai0="125,7,29,131,8,129,51,14,34,27,89,69,54" hai1="58,67,49,127,74,103,113,119,124,45,57,13,20" hai2="91,10,105,128,130,60,99,72,24,61,121,95,47" hai3="59,66,94,55,32,102,11,38,73,4,111,3,78"/><V65/><F121/><W88/><G111/><T53/><D69/><U36/><E103/><V52/><F105/><W31/><G102/><T41/><D125/><U79/><E119/><V19/><F72/><W0/><G66/><T85/><D41/><U133/><E133/><V35/><F35/><W12/><G38/><T42/><D42/><U96/><E96/><V132/><F132/><W114/><G32/><T18/><D7/><U126/><E36/><V83/><F83/><W98/><G31/><T100/><D100/><U44/><E113/><V90/><F90/><W77/><G114/><T63/><D63/><N who="1" m="38383" /><E58/><N who="2" m="34887" /><F47/><N who="1" m="17993" /><E49/><V110/><F10/><W70/><G70/><T86/><D86/><U134/><E134/><V15/><F15/><W9/><G73/><T97/><D97/><U46/><E46/><V107/><F107/><W2/><REACH who="3" step="1"/><G11/><REACH who="3" ten="332,528,67,63" step="2"/><T43/><D43/><U76/><E74/><V50/><F110/><W93/><G93/><T25/><D34/><U33/><E33/><V87/><F65/><W39/><G39/><T112/><D8/><U68/><E68/><V123/><F95/><W5/><G5/><T82/><D112/><U6/><E6/><V56/><F19/><AGARI ba="0,1" hai="13,19,20,76,79,124,126,127" m="17993,38383" machi="19" ten="40,5200,0" yaku="18,1,52,2" doraHai="75" who="1" fromWho="2" sc="332,0,528,62,67,-52,63,0" /><INIT seed="7,0,0,4,3,128" ten="332,590,15,63" oya="3" hai0="33,27,64,87,25,75,107,77,53,28,41,65,113" hai1="123,120,100,38,78,13,56,3,115,49,54,43,114" hai2="60,91,68,32,86,117,18,124,48,8,46,104,62" hai3="109,63,66,118,80,81,122,35,97,29,98,23,15"/><W6/><G122/><N who="1" m="46634" /><E13/><V94/><F32/><W95/><G109/><T106/><D113/><N who="1" m="43019" /><E3/><V37/><F124/><W39/><G118/><T127/><D53/><U14/><E14/><V34/><F34/><W17/><G39/><T20/><D20/><U101/><E78/><V50/><F117/><W130/><G130/><T51/><D87/><U133/><E133/><V57/><F104/><W129/><G129/><T82/><D106/><U12/><E12/><V61/><F37/><W72/><G6/><T0/><D28/><U11/><E11/><V52/><F68/><W58/><G72/><T134/><D51/><U125/><E125/><V30/><F30/><W9/><G35/><T71/><D65/><U26/><E26/><V7/><F18/><W73/><G73/><T111/><D82/><N who="3" m="31849" /><G95/><T76/><D33/><U88/><E88/><V69/><F69/><W96/><G29/><T116/><D71/><U24/><E24/><V31/><F31/><W16/><G17/><T22/><D127/><U132/><E132/><V47/><REACH who="2" step="1"/><F50/><REACH who="2" ten="332,590,5,63" step="2"/><W36/><G36/><T93/><D116/><U55/><E38/><V10/><F10/><AGARI ba="0,1" hai="9,10,15,16,23,58,63,66,96,97,98" m="31849" machi="10" ten="30,2900,0" yaku="8,1,54,1" doraHai="128" who="3" fromWho="2" sc="332,0,590,0,5,-29,63,39" owari="332,13.0,590,69.0,-24,-52.0,102,-30.0" /></mjloggm>