<mjloggm ver="2.3"><GO type="105" lobby="0"/><UN n0="%6C%61%6D%62" n1="%E5%B0%B1%E6%B4%BB%E7%94%9F%40%E5%B7%9D%E6%9D%91%E8%BB%8D%E5%9B%A3" n2="%E6%98%9F%E5%B1%91%E3%81%98%E3%81%8E%E3%83%BC" n3="%E3%81%86%E2%98%86%E3%81%93%E3%81%AB%E3%82%84%E3%81%95%E3%81%97%E3%81%84" dan="14,15,14,14" rate="1921.61,2021.39,1989.42,1949.65" sx="M,M,M,M"/><TAIKYOKU oya="0"/><INIT seed="0,0,0,5,1,129" ten="250,250,250,250" oya="0" hai0="54,27,1,115,108,18,35,47,43,89,42,20,50" hai1="45,92,17,2,49,110,28,25,93,39,37,10,9" hai2="95,3,97,87,12,62,32,75,133,135,19,82,86" hai3="127,134,11,91,113,44,103,55,23,116,46,105,112"/><T90/><D115/><U67/><E110/><V16/><F32/><W106/><G116/><T80/><D108/><U34/><E67/><V83/><F3/><W96/><G127/><T33/><D1/><U123/><E123/><V74/><F62/><W73/><G73/><T29/><D35/><U52/><E9/><V53/><F53/><W58/><G11/><T125/><D125/><U68/><E68/><V48/><F48/><W77/><G77/><T88/><REACH who="0" step="1"/><D80/><REACH who="0" ten="240,250,250,250" step="2"/><U102/><E2/><V22/><F83/><W4/><G112/><T7/><D7/><U100/><E37/><V61/><F75/><W51/><G113/><T98/><D98/><U71/><E39/><V38/><F38/><W130/><G96/><T78/><D78/><U40/><E71/><V14/><F61/><W107/><G4/><T70/><D70/><U26/><E102/><N who="2" m="60735" /><F74/><W124/><G103/><T13/><AGARI ba="0,1" hai="13,18,20,27,29,33,42,43,47,50,54,88,89,90" machi="13" ten="30,6000,0" yaku="1,1,0,1,54,1,53,0" doraHai="129" doraHaiUra="64" who="0" fromWho="0" sc="240,70,250,-20,250,-20,250,-20" /><INIT seed="0,1,0,2,1,36" ten="310,230,230,230" oya="0" hai0="61,129,51,133,15,49,2,32,104,9,121,57,134" hai1="28,115,12,108,77,73,38,3,82,86,80,93,127" hai2="19,63,21,135,8,94,13,20,117,101,98,71,102" hai3="43,31,23,89,72,113,27,26,125,78,131,88,46"/><T83/><D121/><U22/><E3/><V50/><F117/><W116/><G116/><T14/><D32/><U64/><E38/><V70/><F135/><N who="0" m="51722" /><D2/><U30/><E115/><V75/><F75/><W4/><G4/><T132/><D132/><U33/><E108/><V18/><F8/><W119/><G119/><T74/><D104/><U17/><E127/><V65/><F50/><N who="0" m="18954" /><D129/><U126/><E126/><V122/><F122/><W29/><G125/><T87/><D9/><U58/><E33/><V53/><F53/><W114/><G131/><T97/><D97/><U69/><E69/><V111/><F111/><W41/><G46/><T11/><D11/><U66/><E93/><V106/><F106/><W7/><G7/><T52/><D74/><U120/><E120/><V10/><F10/><W105/><G105/><T100/><D100/><U79/><E58/><V55/><F55/><W16/><G72/><T48/><N who="0" m="18962" /><T68/><DORA hai="128" /><D68/><U60/><E60/><V54/><F54/><W85/><G85/><T45/><D45/><U107/><E107/><V99/><F99/><W37/><G37/><T112/><D112/><U56/><E56/><V6/><F6/><W35/><G35/><T5/><D5/><U118/><E118/><V96/><F96/><W24/><G113/><T81/><D81/><U44/><E44/><V0/><F0/><W103/><G114/><T59/><D57/><U62/><E80/><V47/><F47/><W124/><G124/><T25/><D25/><U109/><E82/><V76/><F71/><W90/><G26/><T1/><D1/><RYUUKYOKU ba="1,0" sc="310,30,230,-10,230,-10,230,-10" hai0="14,15,52,59,61,83,87" /><INIT seed="0,2,0,2,1,60" ten="340,220,220,220" oya="0" hai0="4,51,19,95,8,99,111,107,22,76,125,29,65" hai1="116,103,28,63,64,135,39,115,83,93,75,133,129" hai2="50,122,52,3,120,49,68,21,41,90,117,36,89" hai3="17,2,33,71,14,58,46,42,69,88,62,44,48"/><T121/><D121/><U132/><E39/><V127/><F3/><W30/><G2/><T78/><D107/><U80/><E116/><V110/><F117/><W6/><G6/><T37/><D37/><U27/><E115/><V32/><F32/><W82/><G33/><T5/><D125/><U74/><E129/><V23/><F127/><W102/><G30/><T54/><D111/><U45/><E45/><V134/><F110/><W34/><G34/><T38/><D38/><U97/><E75/><V109/><F109/><W98/><G44/><N who="0" m="28007" /><D29/><U94/><E94/><V91/><F36/><W66/><G102/><N who="0" m="60799" /><D65/><U113/><E74/><V9/><F68/><W53/><G42/><T1/><D1/><U18/><E18/><V16/><F134/><W108/><G108/><T123/><D123/><U40/><E40/><V25/><F122/><W105/><G105/><T124/><D124/><U7/><E7/><N who="0" m="2633" /><D8/><U24/><E113/><V130/><F120/><W85/><REACH who="3" step="1"/><G98/><REACH who="3" ten="340,220,220,210" step="2"/><T128/><D128/><U20/><REACH who="1" step="1"/><E27/><AGARI ba="2,1" hai="19,22,27,76,78" m="2633,60799,28007" machi="27" ten="30,1500,0" yaku="8,1" doraHai="60" who="0" fromWho="1" sc="340,31,220,-21,220,0,210,0" /><INIT seed="0,3,0,4,0,97" ten="371,199,220,210" oya="0" hai0="127,72,67,52,46,6,116,21,122,110,96,33,30" hai1="76,7,41,131,90,14,102,3,15,133,8,93,60" hai2="18,0,23,57,118,108,31,47,24,4,74,87,125" hai3="42,58,63,55,65,40,5,88,20,94,12,50,112"/><T61/><D116/><U115/><E131/><V56/><F74/><W73/><G73/><T129/><D122/><U107/><E115/><V35/><F118/><W71/><G112/><T114/><D114/><U111/><E111/><V48/><F108/><W89/><G89/><T2/><D72/><U62/><E133/><V105/><F105/><W16/><REACH who="3" step="1"/><G5/><REACH who="3" ten="371,199,220,200" step="2"/><T92/><D6/><U49/><E76/><V64/><F125/><W123/><G123/><T39/><D127/><U84/><E3/><V81/><F4/><W103/><G103/><T19/><D2/><U66/><E102/><V45/><F0/><W80/><G80/><T119/><D119/><U124/><E124/><V28/><F81/><W1/><G1/><T27/><D110/><U26/><E7/><V120/><F120/><W75/><G75/><T22/><D129/><U83/><E90/><V68/><F87/><AGARI ba="3,1" hai="12,16,20,40,42,50,55,58,63,65,71,87,88,94" machi="87" ten="30,12000,2" yaku="1,1,7,1,25,2,54,2,53,0" doraHai="97" doraHaiUra="32" who="3" fromWho="2" sc="371,0,199,0,220,-129,200,139" /><INIT seed="1,0,0,5,2,103" ten="371,199,91,339" oya="1" hai0="94,17,130,125,80,83,86,18,37,75,67,71,43" hai1="100,89,111,128,23,33,123,118,41,131,65,132,56" hai2="54,28,63,66,135,106,69,16,2,47,122,27,59" hai3="9,58,51,1,102,93,92,87,109,42,57,32,124"/><U8/><E33/><V72/><F122/><W108/><G32/><T14/><D75/><U76/><E118/><V60/><F72/><W39/><G39/><T68/><D125/><U129/><E123/><V81/><F2/><W116/><G116/><T110/><D110/><N who="3" m="42601" /><G124/><T101/><D130/><U52/><E111/><V26/><F135/><W62/><G42/><T20/><D67/><U74/><E132/><V22/><F81/><W91/><G51/><T31/><D31/><U114/><E114/><V115/><F47/><W64/><G58/><T38/><D43/><U0/><E65/><V50/><F115/><W134/><G134/><T46/><D46/><U70/><E70/><V55/><F106/><W3/><G9/><T95/><D86/><U7/><E41/><V104/><F104/><W84/><G84/><T88/><D68/><U29/><E89/><V113/><F113/><W11/><G11/><T121/><D71/><U40/><E40/><V90/><F90/><W24/><G24/><T117/><D88/><U133/><E100/><V45/><REACH who="2" step="1"/><F28/><REACH who="2" ten="371,199,81,339" step="2"/><W6/><G1/><T12/><D38/><U82/><E133/><V13/><AGARI ba="0,1" hai="13,16,22,26,27,45,50,54,55,59,60,63,66,69" machi="13" ten="20,8000,1" yaku="1,1,2,1,0,1,7,1,54,1,53,0" doraHai="103" doraHaiUra="127" who="2" fromWho="2" sc="371,-20,199,-40,81,90,339,-20" /><INIT seed="2,0,0,5,3,17" ten="351,159,171,319" oya="2" hai0="119,86,65,73,118,35,52,8,33,79,107,105,58" hai1="82,49,51,42,16,132,59,104,98,4,117,44,62" hai2="68,9,85,116,38,31,36,99,94,74,89,134,47" hai3="30,46,106,114,61,90,0,26,57,92,23,93,13"/><V69/><F116/><N who="0" m="44586" /><D73/><U100/><E117/><V45/><F74/><W3/><G106/><N who="0" m="40459" /><D65/><U63/><E132/><V11/><F134/><W72/><G72/><T124/><D124/><U133/><E4/><V2/><F31/><W84/><G114/><T122/><D122/><U121/><E121/><V48/><F47/><W34/><G46/><T102/><D102/><U96/><E133/><V54/><F69/><W53/><G93/><T110/><D110/><U125/><E125/><V130/><F68/><W5/><REACH who="3" step="1"/><G34/><REACH who="3" ten="351,159,171,309" step="2"/><T12/><D79/><U22/><E82/><V77/><F77/><W75/><G75/><T83/><D83/><U29/><E98/><V115/><F115/><W129/><G129/><T76/><D76/><U109/><E109/><V10/><F130/><W71/><G71/><T1/><D86/><U101/><E101/><V88/><REACH who="2" step="1"/><F2/><REACH who="2" ten="351,159,161,309" step="2"/><W87/><G87/><T78/><D78/><U50/><E29/><V131/><F131/><W80/><G80/><AGARI ba="0,2" hai="9,10,11,36,38,45,48,54,80,85,88,89,94,99" machi="80" ten="40,3900,0" yaku="1,1,54,1,53,0" doraHai="17" doraHaiUra="60" who="2" fromWho="3" sc="351,0,159,0,161,59,309,-39" /><INIT seed="2,1,0,3,5,88" ten="351,159,220,270" oya="2" hai0="44,93,59,124,82,8,80,67,12,120,96,110,2" hai1="57,86,85,74,105,76,95,71,7,118,100,36,58" hai2="22,11,77,28,43,119,117,54,113,89,75,133,48" hai3="29,42,30,83,101,32,17,49,34,109,52,90,24"/><V115/><F133/><W37/><G109/><T45/><D120/><U6/><E71/><V129/><F129/><W46/><G101/><N who="0" m="60559" /><D2/><U125/><E36/><V111/><F111/><W13/><G29/><T16/><D124/><U50/><E118/><V55/><F11/><W98/><G34/><T35/><D35/><U39/><E125/><V69/><F69/><W65/><G65/><T134/><D134/><U91/><E39/><V78/><F75/><W56/><G83/><N who="0" m="31787" /><D110/><U116/><E116/><V61/><F119/><W33/><G33/><T107/><D107/><U135/><E74/><V92/><F117/><W81/><G81/><T126/><D126/><U1/><E76/><N who="2" m="29291" /><F115/><W112/><G112/><T102/><D102/><U51/><E135/><V94/><F113/><W106/><G106/><T66/><D66/><U9/><E6/><V114/><F114/><W40/><G40/><T23/><D8/><U131/><E131/><V21/><F89/><W123/><G123/><T103/><D103/><U15/><E1/><V19/><F43/><W73/><G73/><T41/><D41/><U87/><E105/><V130/><F130/><W79/><G79/><T97/><D97/><N who="1" m="57599" /><E100/><V84/><F84/><N who="1" m="21505" /><U3/><DORA hai="53" /><E3/><V5/><F5/><W127/><G127/><T68/><D68/><U128/><E128/><V31/><F61/><AGARI ba="1,0" hai="12,16,23,44,45,59,61,67" m="31787,60559" machi="61" ten="30,7700,0" yaku="8,1,52,2,54,1" doraHai="88,53" who="0" fromWho="2" sc="351,80,159,0,220,-80,270,0" /><INIT seed="3,0,0,2,5,131" ten="431,159,140,270" oya="3" hai0="102,63,33,20,61,73,12,18,78,93,129,7,52" hai1="50,85,10,111,76,71,67,101,128,106,124,30,104" hai2="95,123,65,57,83,39,88,132,125,99,97,40,121" hai3="38,62,43,36,120,91,64,14,4,5,60,100,107"/><W37/><G120/><N who="2" m="46153" /><F125/><W11/><G43/><T110/><D33/><U28/><E128/><V94/><F83/><W51/><G51/><T8/><D129/><U26/><E124/><V41/><F39/><W16/><G91/><T49/><D110/><U119/><E111/><V112/><F112/><W135/><G135/><T122/><D78/><U109/><E119/><V105/><F105/><W89/><G89/><T69/><D73/><U68/><E101/><N who="2" m="60599" /><F132/><W87/><G87/><T35/><D35/><U134/><E50/><V127/><F127/><W80/><G80/><T46/><D122/><U92/><E26/><V42/><F42/><W21/><G4/><T2/><REACH who="0" step="1"/><D69/><REACH who="0" ten="421,159,140,270" step="2"/><U9/><E71/><V79/><F79/><W32/><G32/><T66/><D66/><U22/><E68/><V15/><F15/><W117/><G117/><T82/><D82/><U55/><E76/><V1/><F1/><W108/><G108/><T75/><D75/><U24/><E109/><V96/><F96/><AGARI ba="0,1" hai="2,7,8,12,18,20,46,49,52,61,63,93,96,102" machi="96" ten="40,2600,0" yaku="1,1,54,1,53,0" doraHai="131" doraHaiUra="54" who="0" fromWho="2" sc="421,36,159,0,140,-26,270,0" /><INIT seed="4,0,0,5,0,43" ten="457,159,114,270" oya="0" hai0="32,40,131,78,57,38,4,104,66,34,111,72,125" hai1="83,126,110,55,84,89,115,21,10,97,99,86,113" hai2="22,67,102,17,82,90,16,79,42,45,94,13,56" hai3="50,73,69,53,112,101,33,12,70,28,35,2,106"/><T27/><D104/><U24/><E110/><V81/><F102/><W49/><G2/><T47/><D125/><U54/><E126/><V124/><F124/><W135/><G73/><T62/><D131/><U120/><E120/><V9/><F56/><W103/><G135/><T100/><D111/><U3/><E3/><V129/><F67/><W41/><G112/><N who="1" m="43082" /><E10/><V123/><F129/><W11/><G41/><T48/><D100/><U134/><E134/><V23/><F123/><W98/><G103/><T71/><D4/><U107/><E86/><V118/><F118/><W127/><G127/><T6/><D6/><U74/><E74/><V130/><F130/><W85/><G85/><T14/><D14/><U7/><E7/><V1/><F1/><W59/><G49/><T58/><D58/><U87/><E87/><V108/><F108/><W121/><G121/><T75/><D27/><U109/><E109/><V52/><F79/><W36/><G36/><T64/><D72/><U61/><E61/><V51/><F42/><W0/><G0/><T37/><D75/><U26/><E26/><N who="2" m="14663" /><F9/><W31/><G35/><T20/><D78/><U5/><E5/><V114/><F114/><W76/><G76/><T30/><D34/><U96/><E107/><V65/><F65/><W91/><G91/><T92/><D32/><U105/><E105/><V39/><F39/><W119/><G119/><T77/><D38/><U117/><E117/><V133/><F133/><W88/><G88/><T15/><D37/><U93/><E83/><V44/><F44/><W18/><G33/><T68/><D47/><RYUUKYOKU ba="0,0" sc="457,-30,159,10,114,10,270,10" hai1="21,24,54,55,84,89,93,96,97,99" hai2="13,17,23,45,51,52,81,82,90,94" hai3="11,12,18,28,31,50,53,59,69,70,98,101,106" /><INIT seed="5,1,0,0,2,51" ten="427,169,124,280" oya="1" hai0="79,98,48,17,128,84,96,5,134,20,112,10,27" hai1="76,35,103,111,81,102,60,118,30,135,40,15,1" hai2="77,70,94,115,16,92,123,0,69,42,87,29,99" hai3="82,65,97,61,66,75,38,53,106,80,54,71,33"/><U113/><E1/><V34/><F123/><W55/><G33/><T107/><D112/><U11/><E113/><V18/><F0/><W50/><G38/><T41/><D128/><U125/><E118/><V132/><F115/><W83/><G66/><T22/><D134/><U91/><E111/><V90/><F42/><W73/><REACH who="3" step="1"/><G50/><REACH who="3" ten="427,169,124,270" step="2"/><T110/><D48/><U88/><E35/><V26/><F132/><W100/><AGARI ba="1,1" hai="53,54,55,61,65,71,73,75,80,82,83,97,100,106" machi="100" ten="40,12000,2" yaku="1,1,2,1,0,1,52,3,53,0" doraHai="51" doraHaiUra="131" who="3" fromWho="3" sc="427,-31,169,-61,124,-31,270,133" /><INIT seed="6,0,0,3,2,28" ten="396,108,93,403" oya="2" hai0="12,42,131,76,40,105,108,79,94,58,120,133,1" hai1="55,9,99,93,103,84,81,72,33,97,7,118,43" hai2="30,51,109,75,11,5,2,73,68,71,111,92,130" hai3="119,57,50,70,67,110,132,46,96,53,90,127,21"/><V15/><F130/><W89/><G119/><T62/><D120/><U54/><E118/><V25/><F51/><W69/><G110/><N who="2" m="41993" /><F92/><W26/><G127/><T100/><D105/><U44/><E72/><N who="2" m="27723" /><F15/><W36/><G132/><T78/><D1/><U77/><E33/><AGARI ba="0,0" hai="2,5,11,25,30,33,68,71" m="27723,41993" machi="33" ten="30,5800,0" yaku="10,1,23,1,52,1" doraHai="28" who="2" fromWho="1" sc="396,0,108,-58,93,58,403,0" /><INIT seed="6,1,0,2,5,24" ten="396,50,151,403" oya="2" hai0="19,12,47,133,113,11,82,85,61,118,107,94,52" hai1="108,4,106,49,117,38,129,40,128,58,0,116,132" hai2="104,65,23,131,54,83,63,7,8,135,48,114,30" hai3="20,130,57,75,70,69,84,115,71,72,53,95,123"/><V97/><F114/><W16/><G123/><T101/><D107/><U5/><E106/><V67/><F131/><N who="1" m="50249" /><E0/><V125/><F125/><W91/><G130/><T27/><D113/><U78/><E78/><V66/><F135/><W45/><G45/><T79/><D133/><U73/><E73/><V93/><F104/><W62/><REACH who="3" step="1"/><G115/><REACH who="3" ten="396,50,151,393" step="2"/><T120/><D118/><N who="1" m="45675" /><E5/><V22/><F7/><W119/><G119/><T3/><D120/><U86/><E4/><V39/><F39/><W103/><G103/><T96/><D3/><U32/><E32/><V44/><F44/><W110/><G110/><T87/><D47/><N who="1" m="23959" /><E86/><V51/><F97/><W1/><G1/><T74/><D74/><U28/><E28/><V9/><F30/><W41/><G41/><T64/><D87/><U15/><E15/><AGARI ba="1,1" hai="15,16,20,53,57,62,69,70,71,72,75,84,91,95" machi="15" ten="40,5200,0" yaku="1,1,54,1,53,1" doraHai="24" doraHaiUra="90" who="3" fromWho="1" sc="396,0,50,-55,151,0,393,65" owari="396,20.0,-5,-51.0,151,-25.0,458,56.0" /></mjloggm>