<mjloggm ver="2.3"><GO type="97" lobby="0"/><UN n0="%E4%B8%80%E5%AF%B8%E5%85%89%E9%99%B0%E4%B8%8D%E5%8F%AF%E8%BB%BD" n1="%E3%81%82%E3%81%B2%E3%82%8B%E3%81%95%E3%82%93" n2="%E9%98%BF%E4%BF%AE%E7%BE%85%E4%BD%B3%E5%A5%88" n3="%E5%B0%B1%E6%B4%BB%E7%94%9F%40%E5%B7%9D%E6%9D%91%E8%BB%8D%E5%9B%A3" dan="14,15,13,13" rate="1883.06,2095.28,1845.87,1859.77" sx="F,M,F,M"/><TAIKYOKU oya="0"/><INIT seed="0,0,0,1,2,72" ten="250,250,250,250" oya="0" hai0="112,38,0,61,78,37,85,52,125,105,114,101,39" hai1="19,63,5,55,92,129,54,87,73,50,29,62,17" hai2="122,107,49,66,9,3,123,13,133,110,82,10,94" hai3="8,1,4,30,77,98,42,74,79,108,113,12,6"/><T76/><D0/><U95/><E73/><V45/><F107/><W60/><G113/><T59/><D125/><U26/><E5/><V91/><F3/><W36/><G108/><T27/><D27/><U106/><E106/><V111/><F66/><W99/><G30/><T51/><D85/><U86/><E29/><V84/><F133/><W103/><G99/><T31/><D31/><U11/><E26/><V14/><F14/><W126/><G74/><T20/><D20/><U35/><E50/><V46/><F46/><W21/><G126/><T44/><D101/><U124/><E124/><V65/><F65/><W131/><G131/><T116/><D116/><U127/><E127/><V135/><F135/><W70/><G70/><T118/><D118/><U7/><E7/><V69/><F69/><W96/><G96/><T40/><REACH who="0" step="1"/><D105/><REACH who="0" ten="240,250,250,250" step="2"/><U115/><E115/><AGARI ba="0,1" hai="37,38,39,40,44,51,52,59,61,76,78,112,114,115" machi="115" ten="50,12000,1" yaku="1,1,2,1,52,2,54,1,53,0" doraHai="72" doraHaiUra="16" who="0" fromWho="1" sc="240,130,250,-120,250,0,250,0" /><INIT seed="0,1,0,0,2,59" ten="370,130,250,250" oya="0" hai0="54,43,58,64,10,52,120,98,51,22,57,91,103" hai1="55,47,130,63,70,79,0,46,77,131,56,72,37" hai2="80,116,68,26,127,95,18,71,14,48,36,115,92" hai3="94,90,66,44,30,81,78,112,50,110,6,135,21"/><T4/><D120/><U111/><E0/><V86/><F36/><W84/><G112/><T100/><D43/><U128/><E72/><V129/><F115/><W39/><G135/><T15/><D64/><N who="1" m="41247" /><E79/><V109/><F129/><W134/><G39/><T13/><D91/><U8/><E77/><V105/><F105/><W29/><G134/><T60/><D98/><U31/><E31/><V28/><F109/><W73/><G110/><T34/><D34/><U65/><E8/><V97/><F127/><W99/><G6/><T61/><D51/><N who="1" m="30847" /><E111/><V83/><F116/><W49/><G49/><T67/><D67/><U62/><E37/><V96/><F48/><W126/><G126/><T121/><D121/><U85/><E85/><V118/><F118/><W122/><G122/><T102/><REACH who="0" step="1"/><D22/><REACH who="0" ten="360,130,250,250" step="2"/><U125/><E125/><V32/><F97/><W93/><G21/><T113/><D113/><U106/><E106/><V5/><F96/><W25/><G66/><T19/><D19/><U133/><E133/><V107/><F18/><W2/><G29/><T38/><D38/><U7/><E7/><V101/><F32/><W53/><G30/><T88/><D88/><U23/><E23/><V74/><F28/><W12/><G90/><T42/><D42/><U124/><E124/><V117/><F5/><W20/><G99/><T82/><D82/><U45/><E45/><V108/><F117/><W104/><G81/><T69/><D69/><AGARI ba="1,1" hai="46,47,62,65,69,128,130,131" m="30847,41247" machi="69" ten="30,8000,1" yaku="19,1,34,2,52,2" doraHai="59" who="1" fromWho="0" sc="360,-83,130,93,250,0,250,0" /><INIT seed="1,0,0,1,1,103" ten="277,223,250,250" oya="1" hai0="26,71,79,120,64,98,134,101,85,15,99,111,48" hai1="28,108,97,14,126,115,72,122,29,43,54,117,6" hai2="11,45,31,12,27,129,34,92,86,123,93,19,133" hai3="114,38,96,0,90,52,130,2,83,33,16,57,40"/><U59/><E115/><V128/><F123/><W63/><G130/><N who="2" m="50281" /><F133/><W104/><G114/><T18/><D120/><U66/><E122/><V106/><F106/><W105/><G33/><T21/><D134/><U46/><E117/><V4/><F45/><W94/><G83/><T17/><D111/><U100/><E72/><V121/><F121/><W5/><G16/><T60/><D48/><U119/><E119/><V55/><F55/><W24/><G24/><T116/><D116/><U22/><E126/><V67/><F67/><W50/><G38/><T9/><D101/><U23/><E66/><V89/><F19/><W13/><G13/><T41/><D41/><U3/><E3/><V36/><F36/><W109/><G109/><T7/><D7/><U84/><E108/><V56/><F56/><W95/><G95/><AGARI ba="0,0" hai="4,11,12,27,31,34,86,89,92,93,95" m="50281" machi="95" ten="30,1000,0" yaku="19,1" doraHai="103" who="2" fromWho="3" sc="277,0,223,0,250,10,250,-10" /><INIT seed="2,0,0,5,2,5" ten="277,223,260,240" oya="2" hai0="116,17,2,9,88,101,32,130,115,127,21,72,87" hai1="29,16,91,77,128,59,73,134,58,80,105,89,34" hai2="40,83,132,96,50,0,135,23,79,74,119,76,38" hai3="92,49,113,118,90,37,60,7,43,100,64,124,111"/><V67/><F119/><W62/><G118/><T28/><D116/><U11/><E105/><V123/><F123/><W41/><G113/><T129/><D115/><U122/><E128/><N who="0" m="49257" /><D72/><U102/><E102/><V47/><F79/><W63/><G124/><T31/><D101/><U54/><E134/><N who="2" m="51243" /><F67/><W121/><G121/><T117/><D117/><U109/><E109/><V44/><F96/><W108/><G100/><T6/><D32/><U68/><E68/><V120/><F120/><W25/><G37/><T57/><D57/><U36/><E36/><V3/><F23/><W46/><G41/><AGARI ba="0,0" hai="0,3,38,40,41,44,47,50,74,76,83" m="51243" machi="41" ten="30,1500,0" yaku="20,1" doraHai="5" who="2" fromWho="3" sc="277,0,223,0,260,15,240,-15" /><INIT seed="2,1,0,0,4,131" ten="277,223,275,225" oya="2" hai0="67,133,35,18,116,31,87,13,53,9,29,109,77" hai1="52,22,98,10,69,108,49,120,17,51,119,7,128" hai2="132,48,135,23,74,47,93,72,37,15,81,68,99" hai3="84,78,123,5,71,124,55,27,122,4,95,117,33"/><V113/><F113/><W54/><G71/><T73/><D116/><U101/><E119/><V118/><F37/><W125/><G117/><T24/><D73/><U41/><E69/><V58/><F68/><W32/><G27/><T16/><D67/><U65/><E65/><V127/><F118/><W8/><G8/><T39/><D39/><U83/><E108/><V88/><F127/><N who="3" m="48715" /><G95/><T0/><D109/><U21/><E128/><V2/><F2/><W97/><G97/><T76/><D29/><U121/><E41/><V112/><F112/><W62/><G62/><T92/><D0/><U26/><E51/><V114/><F114/><W61/><G61/><T40/><D40/><U36/><E36/><V60/><F81/><W34/><G84/><T100/><D18/><U70/><E70/><V105/><F105/><W11/><G11/><T104/><D104/><U42/><E42/><V85/><F74/><W28/><G28/><T106/><D106/><U130/><E130/><V59/><F72/><W1/><G78/><T44/><D76/><U86/><E22/><V82/><F60/><W75/><G75/><T80/><D100/><U38/><E38/><V91/><F23/><W129/><G129/><T90/><D92/><U6/><E121/><N who="3" m="46090" /><G1/><T45/><D77/><N who="1" m="46447" /><E120/><V89/><F15/><W64/><G64/><T46/><REACH who="0" step="1"/><D53/><AGARI ba="1,0" hai="4,5,32,33,34,53,54,55" m="46090,48715" machi="53" ten="40,5200,0" yaku="28,2,18,1" doraHai="131" who="3" fromWho="0" sc="277,-55,223,0,275,0,225,55" /><INIT seed="3,0,0,1,5,89" ten="222,223,275,280" oya="3" hai0="105,118,86,14,20,117,108,65,40,53,66,10,131" hai1="79,90,12,120,6,101,128,119,127,116,60,123,95" hai2="21,83,72,73,109,106,74,27,4,110,19,64,30" hai3="3,133,87,75,125,97,50,81,34,114,88,45,102"/><W70/><G34/><T107/><D108/><N who="2" m="41578" /><F106/><W38/><G3/><T9/><D40/><U80/><E60/><V32/><F4/><W112/><G38/><T134/><D134/><U15/><E6/><V124/><F64/><W39/><G39/><T13/><D86/><N who="1" m="52695" /><E12/><N who="2" m="9447" /><F124/><W51/><G125/><T84/><D84/><N who="1" m="48159" /><E15/><V71/><F71/><W46/><G70/><T132/><D132/><U111/><E127/><V99/><F99/><W52/><G75/><N who="2" m="19201" /><V77/><DORA hai="49" /><F77/><W96/><G133/><T126/><D126/><U55/><E101/><V91/><F91/><W104/><G97/><T61/><D20/><U8/><E119/><V113/><F83/><W36/><G36/><T48/><D61/><U43/><E116/><V100/><F100/><W5/><G5/><T18/><D48/><U58/><E8/><V69/><F69/><W7/><G7/><T92/><D92/><U22/><E123/><V85/><F85/><W68/><G68/><T47/><D47/><U11/><E120/><V93/><F113/><W98/><G98/><T28/><D28/><U130/><E111/><V44/><F44/><W62/><G62/><T31/><D31/><U2/><E2/><V29/><F29/><W33/><G33/><T76/><D76/><U121/><E121/><V17/><F17/><W24/><G24/><T94/><D94/><AGARI ba="0,0" hai="27,30,32,93,94" m="19201,9447,41578" machi="94" ten="50,6400,0" yaku="14,1,52,2" doraHai="89,49" who="2" fromWho="0" sc="222,-64,223,0,275,64,280,0" owari="158,-34.0,223,-18.0,339,44.0,280,8.0" /></mjloggm>