<mjloggm ver="2.3"><GO type="169" lobby="0"/><UN n0="%E3%82%A6%E3%83%AB%E3%83%88%E3%83%A9%E7%AB%8B%E7%9B%B4" n1="%E5%AD%91%E5%AD%91" n2="%E3%81%8B%E3%81%AB%E3%83%9E%E3%82%B8%E3%83%B3" n3="%E2%98%85%E3%81%84%E3%81%8A%E3%82%8A%E3%82%93%E2%98%85" dan="16,16,18,16" rate="2132.00,2127.68,2274.19,2142.85" sx="M,F,M,M"/><TAIKYOKU oya="0"/><INIT seed="0,0,0,4,2,58" ten="250,250,250,250" oya="0" hai0="93,86,34,38,26,14,57,21,68,107,4,74,119" hai1="122,112,22,17,70,96,131,97,25,3,11,6,92" hai2="59,135,121,8,95,10,32,48,41,72,19,64,0" hai3="94,91,60,9,33,106,20,47,51,114,15,55,89"/><T99/><D38/><U50/><E122/><V43/><F72/><W18/><G33/><T126/><D74/><U1/><E70/><V69/><F32/><W100/><G106/><T80/><D68/><U5/><E112/><V31/><F31/><W124/><G124/><T120/><D120/><U49/><E131/><V42/><F69/><W130/><G130/><T128/><D126/><U84/><E84/><V52/><F64/><W67/><G114/><T108/><D108/><U39/><E39/><V132/><F121/><W2/><G2/><T88/><D107/><U117/><E117/><V110/><F110/><W82/><G82/><T30/><D128/><U77/><E77/><V35/><F35/><W40/><G40/><T115/><D115/><U118/><E118/><V37/><F37/><W62/><G9/><T133/><D133/><N who="2" m="51274" /><F0/><W24/><G24/><T113/><D113/><U87/><E87/><V127/><F127/><W27/><G27/><T36/><D36/><U23/><E25/><V111/><F111/><W78/><G78/><T103/><D119/><U116/><E116/><V129/><F129/><W76/><G76/><T90/><D34/><U102/><E102/><V45/><F95/><W105/><G67/><T61/><D14/><U13/><E92/><V104/><F104/><W46/><G46/><T79/><D4/><U73/><E73/><V101/><F101/><W12/><G105/><T65/><AGARI ba="0,0" hai="21,26,30,57,61,65,79,80,86,88,90,93,99,103" machi="65" ten="20,18000,2" yaku="0,1,7,1,25,2,8,1,52,1,54,1" doraHai="58" who="0" fromWho="0" sc="250,180,250,-60,250,-60,250,-60" /><INIT seed="0,1,0,1,3,70" ten="430,190,190,190" oya="0" hai0="86,81,37,117,35,23,99,122,42,48,52,10,27" hai1="58,112,127,7,128,41,56,60,63,119,89,118,116" hai2="59,93,90,84,87,74,45,43,0,11,120,21,61" hai3="125,108,66,18,124,22,97,129,28,40,47,39,5"/><T102/><D35/><U24/><E7/><V85/><F74/><W72/><G108/><T82/><D10/><U38/><E24/><V57/><F120/><W8/><G72/><T115/><D115/><U132/><E89/><V3/><F21/><W131/><G97/><T6/><D6/><U64/><E112/><V31/><F31/><W107/><G28/><T75/><D75/><U94/><E94/><V96/><F11/><W69/><G107/><T106/><D122/><U20/><E20/><V9/><F9/><W104/><G104/><T49/><D117/><U32/><E32/><V113/><F113/><W36/><G66/><T121/><D121/><U25/><E25/><V44/><F44/><W135/><G69/><T114/><D49/><U34/><E34/><V126/><F59/><W80/><G80/><T92/><D106/><U77/><E77/><V54/><REACH who="2" step="1"/><F126/><REACH who="2" ten="430,190,180,190" step="2"/><N who="3" m="48747" /><G135/><T111/><D114/><U95/><E127/><V100/><F100/><W105/><G105/><T55/><D111/><U101/><E132/><V79/><F79/><W15/><G47/><T83/><D23/><U130/><E101/><V33/><F33/><W46/><G39/><AGARI ba="1,1" hai="0,3,39,43,45,54,57,61,84,85,87,90,93,96" machi="39" ten="40,2600,0" yaku="1,1,52,1,53,0" doraHai="70" doraHaiUra="78" who="2" fromWho="3" sc="430,0,190,0,180,39,190,-29" /><INIT seed="1,0,0,1,3,73" ten="430,190,219,161" oya="1" hai0="45,66,35,47,116,69,4,121,11,100,78,25,130" hai1="50,28,31,70,18,60,0,57,71,7,65,87,22" hai2="97,108,117,74,112,133,89,17,91,88,27,103,72" hai3="105,111,3,85,128,34,124,84,101,113,64,75,2"/><U10/><E87/><V36/><F36/><W131/><G34/><T119/><D47/><U41/><E70/><V76/><F27/><W90/><G64/><T14/><D130/><N who="3" m="49705" /><G3/><T61/><D121/><U20/><E20/><V92/><F17/><W79/><G2/><T99/><D45/><U46/><REACH who="1" step="1"/><E71/><REACH who="1" ten="430,180,219,161" step="2"/><V135/><F117/><W80/><G113/><T51/><D119/><U129/><E129/><V42/><F112/><W39/><G124/><T118/><D118/><U9/><E9/><V95/><F108/><W98/><G111/><T104/><D116/><U8/><E8/><V68/><F68/><W59/><G39/><T5/><D11/><U54/><E54/><V126/><F42/><W53/><G90/><N who="2" m="34921" /><F126/><W109/><G109/><T83/><D35/><U26/><AGARI ba="0,1" hai="0,7,10,18,22,26,28,31,41,46,50,57,60,65" machi="26" ten="20,3900,0" yaku="1,1,0,1,7,1,53,0" doraHai="73" doraHaiUra="107" who="1" fromWho="1" sc="430,-13,180,49,219,-13,161,-13" /><INIT seed="1,1,0,5,5,84" ten="417,229,206,148" oya="1" hai0="71,47,10,54,115,108,1,11,90,4,125,120,93" hai1="95,13,118,105,28,50,111,74,31,99,37,82,96" hai2="87,69,41,39,19,52,88,61,101,103,43,119,29" hai3="116,58,112,78,64,53,98,131,18,44,16,60,68"/><U81/><E37/><V56/><F119/><W66/><G112/><T106/><D106/><U42/><E118/><V38/><F69/><W2/><G116/><T92/><D71/><U129/><E129/><V91/><F38/><W77/><G2/><T72/><D72/><U124/><E124/><V121/><F121/><W8/><G131/><T128/><D115/><U97/><E105/><V127/><F127/><W79/><G98/><T15/><D108/><U83/><E74/><V23/><F29/><W26/><G44/><T113/><D113/><U40/><E111/><V122/><F91/><W134/><G134/><T132/><D132/><U65/><E65/><V51/><F39/><W85/><G85/><T135/><D135/><U17/><E95/><N who="2" m="54687" /><F122/><W114/><G114/><T80/><D125/><U49/><E17/><V110/><F110/><W102/><G102/><N who="2" m="38921" /><F61/><W55/><G68/><T76/><D76/><U123/><E13/><AGARI ba="1,0" hai="13,19,23,41,43,51,52,56" m="38921,54687" machi="13" ten="30,8000,1" yaku="25,1,8,1,52,1,54,2" doraHai="84" who="2" fromWho="1" sc="417,0,229,-83,206,83,148,0" /><INIT seed="2,0,0,4,1,12" ten="417,146,289,148" oya="2" hai0="131,13,83,18,107,15,114,65,91,56,81,121,94" hai1="1,86,130,23,115,132,62,122,74,29,0,30,100" hai2="120,106,82,78,26,119,101,6,68,135,49,43,75" hai3="54,108,80,34,55,32,39,4,95,117,41,51,38"/><V25/><F120/><W105/><G117/><T48/><D107/><U85/><E74/><V96/><F119/><W98/><G105/><T134/><D121/><U110/><E122/><V103/><F103/><W123/><G123/><T113/><D114/><U126/><E115/><V60/><F135/><W46/><G108/><T133/><D113/><U76/><E110/><V59/><F6/><W116/><G116/><T36/><D36/><U70/><E132/><N who="0" m="50793" /><D15/><U45/><E126/><V61/><F61/><W128/><G128/><T77/><D77/><U127/><E130/><V17/><F68/><W73/><G4/><T93/><D93/><U87/><E127/><V47/><REACH who="2" step="1"/><F17/><REACH who="2" ten="417,146,279,148" step="2"/><W50/><G34/><T7/><D7/><U9/><E100/><V84/><F84/><W22/><G32/><T3/><D131/><U20/><E70/><V69/><F69/><W33/><G33/><T57/><D3/><U58/><E62/><V102/><F102/><W71/><G71/><T79/><D18/><U10/><E76/><V14/><F14/><W72/><G73/><T63/><D13/><U40/><E85/><V124/><F124/><W52/><G72/><T2/><D2/><U44/><REACH who="1" step="1"/><E58/><REACH who="1" ten="417,136,279,148" step="2"/><V8/><F8/><W5/><G46/><T27/><D79/><U37/><E37/><V90/><F90/><W129/><G39/><T42/><D57/><U66/><E66/><AGARI ba="0,2" hai="25,26,43,47,49,59,60,66,75,78,82,96,101,106" machi="66" ten="30,5800,0" yaku="1,1,7,1,53,1" doraHai="12" doraHaiUra="99" who="2" fromWho="1" sc="417,0,136,-58,279,78,148,0" /><INIT seed="2,1,0,0,5,111" ten="417,78,357,148" oya="2" hai0="9,107,75,56,105,44,52,89,116,71,14,102,131" hai1="117,42,83,5,82,25,7,97,86,78,45,0,104" hai2="120,18,96,4,68,99,53,30,119,12,32,127,121" hai3="15,35,84,133,54,67,36,90,11,29,62,94,93"/><V70/><F119/><W61/><G36/><T124/><D71/><U41/><E117/><V8/><F127/><W101/><G133/><T20/><D75/><U108/><E108/><V129/><F129/><W130/><G130/><T87/><D116/><U46/><E25/><V19/><F53/><W59/><G29/><T110/><D110/><U43/><E0/><V55/><F55/><W114/><G35/><T103/><D131/><U31/><E31/><V73/><F73/><W115/><G101/><T2/><D2/><U63/><E63/><V47/><F47/><W85/><G85/><T79/><D79/><U38/><E104/><V51/><F51/><W100/><G100/><T6/><D124/><U34/><E97/><V26/><F68/><W58/><REACH who="3" step="1"/><G94/><REACH who="3" ten="417,78,357,138" step="2"/><T95/><D107/><U135/><E135/><V24/><F32/><W50/><G50/><T37/><D105/><U1/><E34/><V88/><F30/><W10/><G10/><T57/><D103/><U123/><E123/><V122/><F122/><W92/><G92/><T13/><D102/><U48/><E1/><V134/><F134/><W39/><G39/><T65/><D37/><U80/><E38/><V77/><F8/><W112/><G112/><T72/><D72/><U40/><E40/><V27/><F121/><W106/><G106/><T3/><D9/><U126/><E126/><V98/><F120/><W16/><AGARI ba="1,1" hai="11,15,16,54,58,59,61,62,67,84,90,93,114,115" machi="16" ten="30,8000,1" yaku="1,1,0,1,52,2,54,1,53,0" doraHai="111" doraHaiUra="132" who="3" fromWho="3" sc="417,-21,78,-21,357,-41,138,93" /><INIT seed="3,0,0,4,2,5" ten="396,57,316,231" oya="3" hai0="19,1,80,16,15,32,30,24,61,12,58,28,109" hai1="91,96,68,112,110,2,35,78,92,67,134,60,31" hai2="99,39,131,65,36,88,66,48,18,122,21,114,75" hai3="117,46,127,37,87,132,81,84,102,0,3,53,118"/><W124/><G102/><T73/><D109/><U108/><E112/><V93/><F114/><W82/><G132/><T34/><D80/><U7/><E134/><V49/><F75/><W56/><G56/><T4/><D73/><U10/><E78/><V129/><F122/><W119/><G53/><T51/><D51/><N who="2" m="19530" /><F39/><W44/><G118/><T101/><D58/><U123/><E123/><V72/><F36/><W133/><G133/><T76/><D76/><U50/><E50/><V115/><F72/><W90/><G90/><T54/><D54/><U17/><E17/><N who="0" m="6729" /><D101/><U62/><E62/><V59/><F59/><W71/><REACH who="3" step="1"/><G37/><REACH who="3" ten="396,57,316,221" step="2"/><T121/><D121/><U95/><E95/><V79/><F115/><W70/><AGARI ba="0,1" hai="0,3,44,46,70,71,81,82,84,87,117,119,124,127" machi="70" ten="25,12000,1" yaku="1,1,2,1,0,1,22,2,53,0" doraHai="5" doraHaiUra="38" who="3" fromWho="3" sc="396,-40,57,-40,316,-40,221,130" /><INIT seed="3,1,0,3,3,25" ten="356,17,276,351" oya="3" hai0="24,39,87,93,76,129,66,23,95,31,83,10,119" hai1="130,69,82,29,52,60,131,6,68,51,118,115,53" hai2="58,104,120,71,49,22,26,109,13,18,73,11,40" hai3="48,79,35,114,46,99,110,63,103,97,34,92,62"/><W21/><G114/><T133/><D39/><U50/><E115/><V70/><F109/><W9/><G110/><T8/><D119/><U54/><E6/><V98/><F73/><W57/><G79/><T124/><D124/><U96/><E118/><V36/><F120/><W106/><G9/><N who="0" m="3691" /><D133/><U125/><E125/><V75/><F75/><W55/><G21/><T132/><D132/><U61/><E82/><V4/><F36/><W5/><G5/><T30/><D129/><N who="1" m="49163" /><E29/><N who="0" m="10761" /><D66/><U91/><E91/><V43/><F71/><N who="1" m="27209" /><E96/><V112/><F70/><W85/><G85/><T100/><D100/><U123/><E123/><V27/><F27/><W116/><G116/><T41/><D41/><U102/><E102/><V3/><F112/><W47/><G47/><T111/><D111/><U135/><E135/><V122/><F122/><W134/><G134/><T105/><D105/><U64/><E64/><V80/><F43/><W107/><G107/><T128/><D128/><U42/><E42/><V126/><F40/><W12/><G34/><T81/><D81/><U37/><E37/><V113/><F80/><W2/><G35/><T86/><D86/><U38/><E38/><V1/><F113/><W28/><G2/><T0/><D0/><U32/><E32/><V56/><F126/><W74/><G106/><T101/><D101/><U94/><E94/><V44/><F104/><W59/><G92/><T127/><D127/><U20/><E20/><V14/><F98/><W33/><G99/><T65/><D65/><U117/><E117/><V89/><F1/><W90/><G97/><T77/><D77/><RYUUKYOKU ba="1,0" sc="356,15,17,15,276,-15,351,-15" hai0="23,24,76,83,87,93,95" hai1="50,51,52,53,54,60,61" /><INIT seed="4,2,0,2,4,49" ten="371,32,261,336" oya="0" hai0="104,26,121,96,3,125,37,67,32,45,41,105,99" hai1="40,95,69,28,44,50,56,97,46,119,116,11,110" hai2="38,76,4,42,9,106,12,21,120,85,113,101,71" hai3="80,23,10,79,107,68,6,90,54,31,126,117,0"/><T83/><D121/><U72/><E110/><V86/><F120/><W34/><G107/><T73/><D99/><U81/><E69/><V22/><F71/><W24/><G68/><T36/><D67/><U92/><E28/><V17/><F113/><W43/><G126/><T75/><D125/><U102/><E92/><V94/><F106/><N who="0" m="41066" /><D96/><U57/><E11/><V124/><F124/><W70/><G70/><T39/><D3/><U127/><E127/><V100/><F42/><W129/><G117/><T131/><D131/><U53/><E72/><N who="0" m="27721" /><D83/><U103/><E103/><N who="2" m="39499" /><F38/><N who="0" m="14954" /><D26/><U5/><E5/><V122/><F122/><W66/><G129/><T18/><D18/><U27/><E27/><V35/><F17/><W84/><G66/><T111/><D111/><U65/><E81/><V16/><F4/><W130/><G130/><T25/><D25/><U82/><E82/><V2/><F2/><W114/><G114/><T132/><D132/><U8/><E8/><V19/><F19/><W135/><G43/><T63/><D63/><U112/><E112/><V13/><F16/><W98/><G135/><T30/><D30/><U33/><E33/><AGARI ba="2,0" hai="32,33,39,41,45" m="14954,27721,41066" machi="33" ten="40,3900,0" yaku="33,2" doraHai="49" who="0" fromWho="1" sc="371,45,32,-45,261,0,336,0" owari="416,51.0,-13,-51.0,261,-14.0,336,14.0" /></mjloggm>