<mjloggm ver="2.3"><GO type="97" lobby="0"/><UN n0="%E3%82%A6%E3%83%AB%E3%83%88%E3%83%A9%E7%AB%8B%E7%9B%B4" n1="%E6%96%B0%E5%A6%BB%E3%82%8A%E3%81%95%28%32%34%29" n2="%E7%89%8C%E5%BE%97%E6%84%9F%E2%99%AA" n3="%73%75%6D%32%32%35%35" dan="15,15,15,13" rate="2050.44,2021.89,2031.49,1883.94" sx="M,F,F,M"/><TAIKYOKU oya="0"/><INIT seed="0,0,0,0,0,42" ten="250,250,250,250" oya="0" hai0="129,115,63,66,98,48,85,128,69,70,43,134,78" hai1="84,22,52,65,38,105,122,16,91,94,100,106,36" hai2="108,103,33,27,68,58,117,56,82,23,21,31,73" hai3="83,46,15,57,79,2,39,19,1,101,75,67,20"/><T90/><D115/><U37/><E122/><V53/><F68/><W5/><G101/><T44/><D134/><U28/><E65/><V49/><F108/><W12/><G15/><T51/><D78/><U32/><E100/><V11/><F117/><W135/><G135/><T29/><D98/><U62/><E28/><V24/><F103/><W7/><G7/><T123/><D123/><U80/><E32/><V99/><F99/><W35/><G35/><T120/><D120/><U127/><E127/><V110/><F110/><W18/><G18/><T92/><D29/><U59/><REACH who="1" step="1"/><E80/><REACH who="1" ten="250,240,250,250" step="2"/><V10/><F82/><W102/><G102/><T34/><D34/><U60/><E60/><V124/><F33/><W87/><G67/><T54/><REACH who="0" step="1"/><D70/><REACH who="0" ten="240,240,250,250" step="2"/><U45/><E45/><AGARI ba="0,2" hai="43,44,45,48,51,54,63,66,69,85,90,92,128,129" machi="45" ten="40,18000,2" yaku="1,1,2,1,52,2,53,2" doraHai="42" doraHaiUra="126" who="0" fromWho="1" sc="240,200,240,-180,250,0,250,0" /><INIT seed="0,1,0,1,0,107" ten="440,60,250,250" oya="0" hai0="99,110,48,79,54,32,76,27,40,127,28,83,81" hai1="1,105,33,77,34,15,2,116,9,74,3,114,35" hai2="5,130,22,71,16,78,25,121,45,0,52,132,60" hai3="67,24,30,26,128,69,102,64,80,131,91,108,97"/><T84/><D127/><U117/><E105/><V44/><F121/><W8/><G108/><T51/><D110/><U125/><E77/><V85/><F130/><N who="3" m="49707" /><G8/><T55/><D99/><U23/><E74/><V57/><F71/><W86/><G69/><T135/><D135/><U53/><E53/><V50/><F0/><W106/><G24/><T82/><D40/><U111/><E111/><V129/><F132/><W49/><G49/><T123/><D123/><U126/><E23/><AGARI ba="1,0" hai="23,26,30,64,67,80,86,91,97,102,106" m="49707" machi="23" ten="30,1000,0" yaku="19,1" doraHai="107" who="3" fromWho="1" sc="440,0,60,-13,250,0,250,13" /><INIT seed="1,0,0,3,4,51" ten="440,47,250,263" oya="1" hai0="68,9,121,85,18,65,131,127,97,82,36,74,8" hai1="63,88,102,50,101,112,81,20,57,59,132,80,93" hai2="25,94,19,125,28,44,14,6,31,39,48,119,27" hai3="7,104,26,76,23,78,4,134,100,105,3,15,60"/><U86/><E132/><V84/><F39/><W42/><G3/><T49/><D36/><U34/><E34/><V11/><F125/><W29/><G105/><T1/><D1/><U37/><E37/><V96/><F84/><W21/><G134/><T5/><D65/><U107/><E112/><V10/><F119/><W43/><G60/><T75/><D68/><U61/><E50/><V126/><F126/><W90/><G90/><T110/><D75/><U99/><E102/><N who="2" m="60695" /><F11/><W64/><G64/><T135/><D74/><U62/><REACH who="1" step="1"/><E20/><REACH who="1" ten="440,37,250,263" step="2"/><N who="2" m="13471" /><F27/><W47/><G100/><T55/><D127/><U95/><E95/><V40/><AGARI ba="0,1" hai="6,10,14,28,31,40,44,48" m="13471,60695" machi="40" ten="30,1100,0" yaku="8,1" doraHai="51" who="2" fromWho="2" sc="440,-3,37,-5,250,21,263,-3" /><INIT seed="2,0,0,2,5,102" ten="437,32,271,260" oya="2" hai0="92,9,113,44,103,79,84,71,17,56,109,130,6" hai1="77,13,54,67,133,23,31,74,63,128,86,5,114" hai2="94,64,98,90,69,19,105,10,101,35,61,16,72" hai3="134,112,57,43,95,24,119,62,42,129,34,111,122"/><V106/><F72/><W45/><G119/><T123/><D71/><U2/><E74/><V21/><F35/><W7/><G122/><T91/><D123/><U41/><E114/><V18/><F10/><W0/><G112/><T15/><D113/><U125/><E125/><V131/><F131/><W11/><G111/><T26/><D109/><U93/><E133/><V118/><F118/><W88/><G129/><T8/><D130/><U32/><E128/><V65/><F65/><W14/><G134/><T104/><D104/><U126/><E126/><V25/><REACH who="2" step="1"/><F106/><REACH who="2" ten="437,32,261,260" step="2"/><W52/><G0/><T108/><D9/><U55/><E32/><V80/><F80/><W70/><G34/><T132/><D8/><U3/><E2/><V116/><F116/><W89/><G95/><T124/><D92/><U27/><E3/><V121/><F121/><W82/><G82/><T73/><D73/><U83/><E5/><V36/><F36/><W12/><G70/><T99/><D6/><U115/><E115/><V120/><F120/><W50/><G24/><T39/><D39/><U28/><E41/><V29/><F29/><W96/><G43/><T117/><D117/><U22/><E93/><V97/><AGARI ba="0,1" hai="16,18,19,21,25,61,64,69,90,94,97,98,101,105" machi="97" ten="20,18000,2" yaku="1,1,0,1,7,1,52,1,54,1,53,1" doraHai="102" doraHaiUra="59" who="2" fromWho="2" sc="437,-60,32,-60,261,190,260,-60" owari="377,18.0,-28,-53.0,451,55.0,200,-20.0" /></mjloggm>