<mjloggm ver="2.3"><GO type="97" lobby="0"/><UN n0="%6C%69%62%72%61%72%79" n1="%64%6F%77%61" n2="%4D%61%73%74%65%72" n3="%E3%82%A6%E3%83%AB%E3%83%88%E3%83%A9%E7%AB%8B%E7%9B%B4" dan="16,13,14,15" rate="1974.33,2115.54,1909.16,1971.67" sx="M,M,M,M"/><TAIKYOKU oya="0"/><INIT seed="0,0,0,4,4,34" ten="250,250,250,250" oya="0" hai0="114,106,43,69,61,41,6,13,52,76,37,119,18" hai1="132,45,127,55,84,128,7,108,36,38,22,92,120" hai2="103,60,15,81,93,118,73,50,4,72,125,98,12" hai3="107,33,91,121,97,124,24,79,57,14,111,47,116"/><T16/><D114/><U35/><E120/><V123/><F118/><W68/><G57/><T10/><D119/><U59/><E35/><V115/><F123/><W104/><G14/><T110/><D106/><U71/><E71/><V23/><F115/><W135/><G47/><T48/><D110/><U5/><E108/><V86/><F125/><W109/><G24/><T2/><D76/><U44/><E127/><V90/><F60/><W51/><G51/><T28/><D28/><U105/><E105/><V58/><F15/><W39/><G91/><T88/><D88/><U80/><E132/><V133/><F133/><W63/><G63/><T122/><D122/><U112/><E112/><V102/><F102/><W99/><G79/><T83/><D83/><U96/><E80/><V113/><F113/><W95/><G39/><T70/><D18/><U78/><E38/><V40/><F40/><W130/><G68/><T129/><D129/><U131/><E36/><V8/><F23/><W100/><G33/><T1/><D1/><U9/><E131/><V46/><F46/><N who="1" m="18025" /><E128/><V17/><F17/><W21/><G130/><T62/><D37/><U85/><E22/><V31/><F31/><W20/><G21/><N who="0" m="11407" /><D70/><U27/><E27/><V75/><F75/><W42/><G121/><T65/><D62/><N who="1" m="36223" /><E78/><V64/><F64/><W53/><G116/><T54/><D54/><U49/><E49/><V89/><F103/><N who="3" m="60863" /><G109/><T25/><D25/><U32/><E32/><V117/><F117/><W11/><G111/><T134/><D134/><U66/><E66/><V77/><F77/><W56/><G135/><RYUUKYOKU ba="0,0" sc="250,15,250,-15,250,15,250,-15" hai0="2,6,10,41,43,48,52,61,65,69" hai2="4,8,12,50,58,72,73,81,86,89,90,93,98" /><INIT seed="0,1,0,4,2,64" ten="265,235,265,235" oya="0" hai0="45,19,99,83,100,85,96,86,23,94,12,110,88" hai1="47,34,16,109,31,15,73,39,79,103,3,95,17" hai2="70,63,127,0,42,62,69,104,112,49,130,44,77" hai3="117,58,78,55,116,84,102,33,18,9,121,71,91"/><T135/><D135/><U81/><E3/><V41/><F104/><W66/><G33/><T108/><D45/><U129/><E109/><N who="0" m="42089" /><D100/><U76/><E129/><V97/><F0/><W118/><G121/><T46/><D46/><U113/><E79/><AGARI ba="1,0" hai="12,19,23,79,83,85,86,88,94,96,99" m="42089" machi="79" ten="30,5800,0" yaku="14,1,10,1,54,1" doraHai="64" who="0" fromWho="1" sc="265,61,235,-61,265,0,235,0" /><INIT seed="0,2,0,2,3,111" ten="326,174,265,235" oya="0" hai0="85,91,54,58,46,87,42,106,104,109,133,64,34" hai1="28,26,7,18,122,52,119,2,99,23,73,110,105" hai2="79,36,33,61,135,9,13,101,53,68,12,112,116" hai3="51,113,35,21,81,6,50,48,67,62,123,83,76"/><T65/><D34/><U14/><E122/><V5/><F36/><W45/><G35/><T118/><D118/><U96/><E73/><V15/><F33/><W19/><G123/><T38/><D133/><U86/><E119/><V71/><F116/><W29/><G29/><T108/><D65/><U49/><E110/><N who="0" m="42601" /><D64/><U31/><E105/><N who="0" m="40553" /><D91/><U126/><E126/><V94/><F135/><W127/><G113/><T39/><D39/><U120/><E120/><V100/><F79/><W24/><G127/><T70/><D70/><U107/><E107/><V121/><F121/><W32/><G32/><T102/><D102/><U134/><E134/><V17/><F13/><W57/><G6/><T84/><D84/><U75/><E75/><V44/><F112/><W130/><G130/><T10/><D10/><N who="1" m="4447" /><E2/><V47/><F68/><W89/><G89/><T63/><AGARI ba="2,0" hai="38,42,46,54,58,63,85,87" m="40553,42601" machi="63" ten="30,3000,0" yaku="14,1,10,1" doraHai="111" who="0" fromWho="0" sc="326,36,174,-12,265,-12,235,-12" /><INIT seed="0,3,0,5,4,133" ten="362,162,253,223" oya="0" hai0="84,111,19,129,117,42,27,119,52,94,86,21,109" hai1="131,29,108,35,14,60,80,114,50,69,64,45,36" hai2="51,38,123,68,95,65,56,47,12,18,76,5,30" hai3="15,135,92,122,0,72,116,55,63,97,11,10,81"/><T24/><D42/><U49/><E108/><N who="0" m="41545" /><D129/><U101/><E131/><V58/><F123/><W105/><G55/><T87/><D27/><U74/><E114/><V120/><F120/><W93/><G63/><T59/><D94/><U82/><E101/><V33/><F5/><W132/><G15/><T90/><D90/><U7/><E36/><V127/><F76/><W44/><G44/><T43/><D43/><U104/><E104/><V70/><F95/><W62/><G62/><AGARI ba="3,0" hai="19,21,24,52,59,62,84,86,87,117,119" m="41545" machi="62" ten="30,5800,0" yaku="14,1,10,1,54,1" doraHai="133" who="0" fromWho="3" sc="362,67,162,0,253,0,223,-67" /><INIT seed="0,4,0,2,4,118" ten="429,162,253,156" oya="0" hai0="133,64,107,122,23,0,10,16,30,18,108,86,119" hai1="73,15,26,69,3,72,47,4,106,87,33,82,111" hai2="52,32,94,112,97,75,14,132,63,67,79,123,17" hai3="92,13,44,95,59,8,38,110,125,36,11,114,58"/><T60/><D119/><U65/><E106/><V124/><F112/><W68/><G13/><T70/><D107/><U80/><E3/><V22/><F32/><W42/><G44/><T27/><D133/><U83/><E111/><V135/><F124/><W71/><G42/><T1/><D122/><U101/><E101/><V9/><F123/><W85/><G85/><T98/><D98/><U55/><E87/><V49/><F75/><W109/><REACH who="3" step="1"/><G125/><REACH who="3" ten="429,162,253,146" step="2"/><T78/><D86/><U2/><E2/><V43/><F43/><W61/><G61/><T74/><D1/><U50/><E73/><V31/><F132/><W46/><G46/><T104/><D0/><U7/><E72/><V113/><F135/><W62/><G62/><T48/><D60/><U53/><E15/><V128/><F113/><AGARI ba="4,1" hai="8,11,36,38,58,59,68,71,92,95,109,110,113,114" machi="113" ten="25,3200,0" yaku="1,1,22,2,53,0" doraHai="118" doraHaiUra="21" who="3" fromWho="2" sc="429,0,162,0,253,-44,146,54" /><INIT seed="1,0,0,3,5,14" ten="429,162,209,200" oya="1" hai0="95,10,19,7,128,66,23,32,104,17,30,44,62" hai1="74,110,43,78,55,27,65,56,93,80,83,91,82" hai2="84,28,5,45,39,13,68,53,116,73,22,106,31" hai3="119,60,18,36,118,35,69,61,88,25,107,121,76"/><U58/><E110/><V132/><F73/><W46/><G107/><T51/><D104/><U67/><E43/><V134/><F116/><N who="3" m="44587" /><G76/><T6/><D128/><U57/><E74/><V47/><F106/><W100/><G100/><T98/><D32/><U26/><E78/><V105/><F105/><W101/><G101/><T63/><D30/><U12/><E55/><V70/><F68/><W54/><G35/><T122/><D122/><U42/><E42/><V111/><F70/><W103/><G103/><T3/><D6/><U16/><E27/><V50/><F111/><W24/><G121/><T34/><D34/><U87/><E26/><V114/><F114/><W77/><G77/><T94/><D23/><AGARI ba="0,0" hai="12,16,23,56,57,58,65,67,80,82,83,87,91,93" machi="23" ten="40,7700,0" yaku="8,1,52,1,54,1" doraHai="14" who="1" fromWho="0" sc="429,-77,162,77,209,0,200,0" /><INIT seed="1,1,0,4,2,54" ten="352,239,209,200" oya="1" hai0="125,21,89,46,86,49,7,96,47,61,114,66,2" hai1="30,44,22,33,98,11,17,56,76,135,35,120,31" hai2="59,104,121,113,87,20,16,69,14,32,122,116,6" hai3="88,3,74,108,85,75,100,19,12,39,63,92,13"/><U131/><E120/><V67/><F116/><W38/><G3/><T5/><D114/><U37/><E135/><V28/><F69/><W24/><G108/><T43/><D125/><U83/><E131/><V42/><F104/><W117/><G117/><T60/><D2/><U91/><E35/><V41/><F113/><W4/><G39/><T48/><D96/><U127/><E127/><V50/><F6/><W129/><G38/><T73/><D21/><U53/><E11/><V84/><F121/><W107/><G129/><T133/><D73/><U118/><E118/><V110/><F110/><W124/><G124/><T70/><D61/><U0/><E33/><V115/><F115/><W132/><G132/><T10/><D10/><U90/><E0/><V57/><F122/><W99/><G24/><T109/><D109/><U68/><E68/><V112/><F112/><W80/><G4/><T18/><D18/><U111/><E111/><V1/><F1/><W15/><G19/><T79/><D79/><U8/><E8/><V103/><F103/><W72/><REACH who="3" step="1"/><G63/><REACH who="3" ten="352,239,209,190" step="2"/><T126/><D126/><U55/><E37/><V45/><F28/><N who="1" m="10793" /><E17/><V52/><F32/><W93/><AGARI ba="1,1" hai="12,13,15,72,74,75,80,85,88,92,93,99,100,107" machi="93" ten="40,5200,0" yaku="1,1,0,1,54,1,53,0" doraHai="54" doraHaiUra="51" who="3" fromWho="3" sc="352,-14,239,-27,209,-14,190,65" /><INIT seed="2,0,0,4,0,126" ten="338,212,195,255" oya="2" hai0="73,107,30,80,7,79,116,121,26,127,88,32,102" hai1="49,65,112,128,117,45,39,125,47,33,60,101,18" hai2="135,29,104,66,122,89,132,110,56,57,85,96,59" hai3="109,20,113,25,31,5,2,64,6,108,63,8,105"/><V1/><F1/><W37/><G37/><T119/><D121/><U87/><E117/><V54/><F122/><W70/><G105/><T92/><D127/><U0/><E125/><V99/><F29/><W23/><G113/><T100/><D7/><U40/><E112/><V58/><F66/><W130/><G6/><T120/><D120/><U11/><E33/><V114/><F114/><W94/><G94/><T97/><D100/><U118/><E118/><V52/><F110/><N who="3" m="42603" /><G23/><T106/><D106/><U78/><E101/><N who="2" m="62503" /><F99/><W13/><G13/><T95/><D95/><U103/><E0/><V28/><N who="2" m="14848" /><DORA hai="72" /><V62/><F62/><W134/><G134/><N who="2" m="51241" /><F28/><W9/><G9/><T21/><D32/><U38/><E11/><V44/><F44/><W68/><G68/><T124/><D124/><U77/><E47/><V14/><F14/><W15/><G15/><T83/><D116/><U55/><E45/><V41/><F41/><W84/><G84/><T67/><D67/><U17/><E87/><V98/><F98/><W74/><G74/><T22/><D119/><U19/><E40/><V133/><N who="2" m="51249" /><V16/><DORA hai="10" /><F16/><W69/><G69/><T53/><D73/><U75/><E75/><V42/><F42/><W50/><G63/><T43/><D43/><U82/><E60/><V36/><F36/><W91/><G70/><T115/><D115/><U4/><E65/><V48/><F48/><W51/><G64/><T123/><D123/><U34/><E49/><V129/><F129/><W81/><G51/><T131/><D131/><U24/><E128/><V76/><F76/><RYUUKYOKU ba="0,0" sc="338,-10,212,-10,195,30,255,-10" hai2="52,54,85,89" /><INIT seed="2,1,0,3,5,32" ten="328,202,225,245" oya="2" hai0="127,104,70,24,18,135,51,22,37,52,123,21,82" hai1="3,85,105,46,50,69,121,95,25,103,58,131,115" hai2="2,73,114,39,78,26,97,128,81,55,13,31,130" hai3="83,61,100,91,43,113,0,99,1,45,89,38,6"/><V102/><F114/><W10/><G113/><T90/><D37/><U74/><E115/><V122/><F122/><W79/><G61/><T62/><D104/><U34/><E121/><V12/><F39/><W8/><G8/><T60/><D70/><U76/><E69/><V64/><F64/><W107/><REACH who="3" step="1"/><G1/><REACH who="3" ten="328,202,225,235" step="2"/><T47/><D123/><U96/><E3/><V125/><F2/><W33/><G33/><T71/><D71/><U63/><E34/><V93/><F128/><W65/><G65/><T5/><D127/><U116/><E131/><V112/><F125/><W108/><G108/><T48/><D135/><U120/><E63/><V23/><F112/><W56/><G56/><T17/><D60/><U7/><E58/><V15/><F130/><W66/><G66/><T94/><D62/><U101/><E120/><V19/><REACH who="2" step="1"/><F55/><REACH who="2" ten="328,202,215,235" step="2"/><W126/><G126/><T44/><D52/><U109/><E109/><V20/><AGARI ba="1,2" hai="12,13,15,19,20,23,26,31,73,78,81,93,97,102" machi="20" ten="20,7800,0" yaku="1,1,2,1,0,1,7,1,53,0" doraHai="32" doraHaiUra="68" who="2" fromWho="2" sc="328,-27,202,-27,215,101,235,-27" /><INIT seed="2,2,0,0,4,84" ten="301,175,316,208" oya="2" hai0="94,61,102,65,118,30,45,89,91,74,17,47,48" hai1="16,49,75,56,36,29,81,26,15,64,25,69,125" hai2="106,86,82,80,0,63,110,115,117,11,14,124,27" hai3="130,46,66,37,133,85,100,35,127,28,8,129,2"/><V87/><F117/><W4/><G100/><T32/><D74/><U90/><E36/><V88/><F115/><W109/><G66/><T50/><D118/><U119/><E119/><V41/><F0/><W54/><G54/><T122/><D122/><U135/><E135/><V44/><F106/><W51/><G51/><T99/><D32/><U42/><E125/><V52/><F124/><W12/><G46/><T23/><D30/><U62/><E75/><V112/><F112/><W5/><G37/><T40/><D61/><U53/><E42/><V78/><F110/><W21/><G85/><T70/><D65/><U123/><E123/><V114/><F114/><W83/><G83/><T55/><D70/><U20/><REACH who="1" step="1"/><E29/><REACH who="1" ten="301,165,316,208" step="2"/><V120/><F120/><W59/><G127/><T98/><D98/><U67/><E67/><V6/><F41/><W101/><G133/><T3/><D3/><U22/><E22/><V93/><F27/><AGARI ba="2,1" hai="17,23,27,40,45,47,48,50,55,89,91,94,99,102" machi="27" ten="30,7700,0" yaku="7,1,8,1,52,2" doraHai="84" who="0" fromWho="2" sc="301,93,165,0,316,-83,208,0" /><INIT seed="3,0,0,5,1,63" ten="394,165,233,208" oya="3" hai0="49,32,12,22,66,45,38,69,79,24,114,116,37" hai1="100,2,107,33,74,89,92,96,59,15,26,117,97" hai2="121,31,27,7,84,120,47,62,8,68,6,65,46" hai3="75,110,101,30,21,48,76,80,93,53,122,19,103"/><W56/><G30/><T127/><D116/><U1/><E74/><V3/><F84/><W87/><G122/><N who="2" m="47209" /><F7/><W113/><G113/><T43/><D127/><U106/><E117/><V128/><F128/><W9/><G9/><T109/><D109/><U51/><E107/><V10/><F10/><W14/><G110/><T81/><D114/><U115/><E115/><V104/><F104/><W67/><G67/><T42/><D42/><U90/><E90/><AGARI ba="0,0" hai="14,19,21,48,53,56,75,76,80,87,90,93,101,103" machi="90" ten="40,3900,0" yaku="25,2" doraHai="63" who="3" fromWho="1" sc="394,0,165,-39,233,0,208,39" /><INIT seed="3,1,0,1,4,129" ten="394,126,233,247" oya="3" hai0="19,11,121,134,58,10,75,39,111,47,119,2,26" hai1="17,12,33,99,31,114,5,54,101,28,65,73,60" hai2="104,57,123,84,109,37,16,92,68,64,93,29,50" hai3="32,45,115,56,61,102,77,91,48,103,14,105,71"/><W82/><G32/><T124/><D58/><U78/><E114/><V1/><F104/><W13/><G71/><T106/><D47/><U133/><E5/><V46/><F109/><W30/><G30/><T36/><D36/><U70/><E54/><N who="2" m="31959" /><F1/><W116/><G116/><T110/><D19/><U85/><E73/><V81/><F29/><W21/><G91/><T117/><D11/><U83/><E33/><V95/><F123/><W18/><G14/><T35/><D10/><U112/><E112/><V3/><F3/><W122/><G122/><T40/><D40/><U63/><E63/><N who="2" m="39967" /><F16/><W62/><G115/><T52/><D26/><U67/><E67/><V120/><F95/><W132/><G132/><T66/><D66/><U131/><E131/><V127/><F127/><W6/><G6/><T113/><D52/><U90/><E90/><N who="2" m="51471" /><F120/><W15/><G15/><T108/><D108/><U125/><E125/><V118/><F118/><W128/><G128/><T89/><D89/><U97/><E133/><V76/><F76/><W7/><G7/><T94/><D94/><U98/><REACH who="1" step="1"/><E101/><REACH who="1" ten="394,116,233,247" step="2"/><V53/><F53/><N who="3" m="29839" /><G62/><T72/><D72/><U23/><AGARI ba="1,1" hai="12,17,23,28,31,60,65,70,78,83,85,97,98,99" machi="23" ten="30,2000,0" yaku="1,1,0,1,53,0" doraHai="129" doraHaiUra="100" who="1" fromWho="1" sc="394,-6,116,33,233,-6,247,-11" owari="388,48.0,149,-35.0,227,-17.0,236,4.0" /></mjloggm>