<mjloggm ver="2.3"><GO type="65" lobby="0"/><UN n0="%E5%AD%AB%E6%82%9F%E7%A9%BA%32" n1="%48%6F%6E%64" n2="%4E%6F%4E%61%6D%65" n3="%E5%B0%B1%E6%B4%BB%E7%94%9F%40%E5%B7%9D%E6%9D%91%E8%BB%8D%E5%9B%A3" dan="6,1,0,7" rate="1542.19,1563.03,1500.00,1708.58" sx="M,M,M,M"/><TAIKYOKU oya="0"/><INIT seed="0,0,0,1,2,30" ten="250,250,250,250" oya="0" hai0="27,58,53,61,92,8,73,24,38,87,103,48,127" hai1="42,96,91,126,33,109,85,12,121,63,79,118,15" hai2="112,19,115,108,111,11,20,80,90,93,32,67,69" hai3="25,47,21,122,71,81,49,36,129,76,135,83,89"/><T130/><D73/><U100/><E118/><V1/><F32/><W40/><G71/><T60/><D127/><U56/><E121/><V78/><F1/><W98/><G122/><T132/><D130/><U37/><E126/><V44/><F44/><W14/><G129/><T117/><D117/><U84/><E109/><N who="2" m="42059" /><F69/><W131/><G135/><T72/><D132/><U57/><E37/><V105/><F105/><W97/><G131/><T35/><D72/><U43/><E33/><V74/><F67/><W104/><G104/><T70/><D38/><U13/><E79/><V4/><F4/><W6/><G36/><T59/><D70/><U95/><E56/><V28/><F28/><W31/><G76/><T101/><D8/><U23/><E23/><V86/><F11/><W66/><G66/><N who="0" m="39191" /><D35/><U88/><E91/><V51/><F51/><W7/><G14/><AGARI ba="0,0" hai="14,19,20,74,78,80,86,90,93,112,115" m="42059" machi="14" ten="30,1000,0" yaku="14,1" doraHai="30" who="2" fromWho="3" sc="250,0,250,0,250,10,250,-10" /><INIT seed="1,0,0,4,5,122" ten="250,250,260,240" oya="1" hai0="7,92,114,124,46,49,13,44,8,105,21,87,16" hai1="1,18,112,57,67,63,125,131,22,119,65,15,117" hai2="51,107,59,20,39,133,23,3,56,24,103,100,134" hai3="81,35,2,78,27,37,45,12,123,40,73,48,71"/><U52/><E112/><V109/><F39/><W34/><G123/><T85/><D114/><U75/><E75/><V25/><F3/><W17/><G71/><T54/><D105/><U29/><E1/><V86/><F107/><W88/><G2/><T135/><D124/><U68/><E29/><V50/><F86/><W6/><G6/><T36/><D135/><U126/><E68/><V110/><AGARI ba="0,0" hai="20,23,24,25,50,51,56,59,100,103,109,110,133,134" machi="110" ten="25,8000,1" yaku="0,1,22,2,52,2" doraHai="122" who="2" fromWho="2" sc="250,-20,250,-40,260,80,240,-20" /><INIT seed="2,0,0,5,0,82" ten="230,210,340,220" oya="2" hai0="57,103,70,53,102,31,106,123,32,42,45,47,95" hai1="18,117,6,64,29,54,130,62,4,111,7,91,59" hai2="5,8,79,55,10,69,75,9,71,33,38,37,15" hai3="114,104,126,24,17,99,12,118,109,115,60,2,49"/><V83/><F33/><W56/><G2/><T21/><D123/><U68/><E117/><V133/><F133/><W25/><G118/><T86/><D70/><U120/><E120/><V30/><F30/><W28/><G109/><T97/><D32/><U3/><E130/><V11/><REACH who="2" step="1"/><F55/><REACH who="2" ten="230,210,330,220" step="2"/><W65/><G126/><T22/><D103/><U63/><E111/><V85/><F85/><W131/><G131/><T77/><D47/><U128/><E128/><V124/><F124/><W101/><G114/><T88/><D77/><U135/><E135/><V89/><F89/><W51/><G115/><T112/><D112/><U66/><E29/><V0/><F0/><W61/><G28/><T43/><D43/><U127/><E3/><V80/><F80/><W113/><G113/><T44/><D44/><U134/><E127/><V1/><F1/><W78/><G78/><T74/><D74/><U100/><E134/><V132/><F132/><W110/><G110/><T122/><D122/><U19/><E91/><V98/><F98/><W48/><G65/><T34/><D34/><U46/><E100/><V16/><F16/><W14/><G99/><T13/><D31/><U76/><E76/><V23/><F23/><W41/><G101/><T121/><D121/><U125/><E125/><V81/><F81/><W129/><G17/><T93/><D106/><U92/><E92/><V87/><F87/><W50/><G129/><T90/><D90/><U107/><E107/><V84/><F84/><W20/><G20/><T58/><D13/><U73/><E73/><V94/><F94/><W72/><G104/><RYUUKYOKU ba="0,1" sc="230,-15,210,15,330,15,220,-15" hai1="4,6,7,18,19,46,54,59,62,63,64,66,68" hai2="5,8,9,10,11,15,37,38,69,71,75,79,83" /><INIT seed="2,1,1,1,5,23" ten="215,225,345,205" oya="2" hai0="39,3,76,90,122,120,16,82,98,130,30,58,100" hai1="21,95,75,4,32,50,113,53,22,54,55,124,116" hai2="125,59,135,35,28,37,118,108,107,81,17,7,60" hai3="62,10,106,84,56,127,97,40,19,134,112,13,117"/><V133/><F118/><W92/><G112/><T89/><D39/><U109/><E116/><V63/><F37/><W43/><G117/><T77/><D130/><U44/><E113/><V88/><F107/><W36/><G127/><T45/><D45/><U96/><E124/><V24/><F7/><W14/><G134/><N who="2" m="51209" /><F125/><W104/><G104/><T91/><D58/><U31/><E109/><V33/><F17/><W105/><G105/><T119/><D3/><U8/><E75/><V27/><F59/><W2/><G2/><T6/><D30/><U34/><E34/><V131/><F131/><W80/><G106/><T132/><D6/><U72/><E32/><V38/><F38/><W79/><G14/><T15/><D132/><U126/><E72/><V128/><F128/><W18/><G18/><T51/><D119/><U101/><E126/><V110/><F81/><W41/><G36/><T47/><D77/><U121/><E121/><V9/><F9/><W111/><G111/><N who="2" m="42537" /><F88/><W57/><REACH who="3" step="1"/><G62/><REACH who="3" ten="215,225,345,195" step="2"/><T46/><D51/><U5/><E31/><AGARI ba="1,2" hai="24,27,28,31,33,35,60,63" m="42537,51209" machi="31" ten="30,12000,1" yaku="20,1,14,1,10,1,52,2" doraHai="23" who="2" fromWho="1" sc="215,0,225,-123,345,143,195,0" /><INIT seed="2,2,0,4,4,103" ten="215,102,488,195" oya="2" hai0="74,60,44,98,0,45,97,129,94,122,127,114,100" hai1="81,16,52,67,19,18,26,87,71,79,55,91,125" hai2="63,53,36,123,109,101,37,32,126,1,89,112,80" hai3="107,104,35,2,27,92,57,8,82,131,17,65,72"/><V12/><F123/><W64/><G131/><T42/><D122/><U56/><E125/><V31/><F112/><W61/><G65/><T7/><D114/><U133/><E71/><V51/><F126/><W66/><G66/><T108/><D127/><U41/><E133/><V43/><F1/><W128/><G128/><T130/><D129/><U88/><E41/><V54/><F109/><W110/><G110/><T99/><D108/><U21/><E67/><V85/><F101/><W49/><G35/><T115/><D130/><U58/><E79/><V76/><F12/><W111/><G111/><T29/><D115/><U117/><E117/><V13/><F13/><W113/><G113/><T95/><D74/><U73/><E73/><V135/><F135/><W25/><G92/><T3/><D29/><U116/><E116/><V90/><F63/><W69/><G2/><T121/><D121/><U62/><REACH who="1" step="1"/><E91/><REACH who="1" ten="215,92,488,195" step="2"/><V86/><F36/><W47/><G69/><T15/><D100/><U77/><E77/><V30/><F37/><W68/><G68/><T120/><D42/><U6/><E6/><V34/><F43/><W40/><G72/><T10/><D120/><U33/><E33/><V75/><F75/><W106/><G82/><T93/><D7/><U24/><E24/><V59/><F51/><AGARI ba="2,1" hai="16,18,19,21,26,51,52,55,56,58,62,81,87,88" machi="51" ten="30,12000,2" yaku="1,1,7,1,8,1,54,3,53,1" doraHai="103" doraHaiUra="46" who="1" fromWho="2" sc="215,0,92,136,488,-126,195,0" /><INIT seed="3,0,0,5,4,8" ten="215,228,362,195" oya="3" hai0="127,19,29,68,131,101,47,125,109,102,100,33,31" hai1="115,57,15,91,103,89,48,58,111,21,74,70,98" hai2="81,65,110,97,28,20,93,26,35,13,112,41,7" hai3="43,94,27,108,23,129,14,75,52,18,90,133,2"/><W40/><G2/><T38/><D68/><U122/><E70/><V72/><F112/><W45/><G75/><T135/><D38/><U120/><E74/><V113/><F113/><W126/><G129/><T69/><D69/><U71/><E71/><V123/><F123/><W59/><G133/><T86/><D47/><U79/><E115/><V49/><F110/><W6/><G126/><T63/><D63/><U24/><E111/><V88/><F65/><W66/><G108/><T107/><D109/><U3/><E3/><V134/><F134/><W25/><G66/><T106/><D135/><U17/><E79/><V95/><F72/><W39/><G6/><T1/><D131/><U64/><E120/><V119/><F119/><W117/><G117/><T105/><D1/><U32/><E122/><V54/><F41/><N who="3" m="15947" /><G45/><T132/><D132/><U50/><E32/><V34/><F81/><W11/><G11/><T82/><D33/><U55/><E24/><V62/><F62/><N who="3" m="36199" /><G39/><T85/><D19/><U77/><E77/><V80/><F80/><W53/><G53/><T60/><D60/><U42/><E42/><V44/><REACH who="2" step="1"/><F95/><REACH who="2" ten="215,228,352,195" step="2"/><W92/><G92/><T118/><D118/><U87/><E64/><V37/><F37/><W10/><G10/><AGARI ba="0,1" hai="7,10,13,20,26,28,34,35,44,49,54,88,93,97" machi="10" ten="40,5200,0" yaku="1,1,52,1,54,1,53,0" doraHai="8" doraHaiUra="114" who="2" fromWho="3" sc="215,0,228,0,352,62,195,-52" owari="215,-18.0,228,3.0,414,51.0,143,-36.0" /></mjloggm>