<mjloggm ver="2.3"><GO type="97" lobby="0"/><UN n0="%E6%99%82%E9%9B%A8%E6%A4%BF" n1="%E8%8B%A5%E6%9C%AC%E8%A6%8F%E5%A4%AB" n2="%E5%B0%B1%E6%B4%BB%E7%94%9F%40%E5%B7%9D%E6%9D%91%E8%BB%8D%E5%9B%A3" n3="%E3%82%A2%E3%83%8E%E3%83%9F%EF%BC%8D" dan="14,13,13,13" rate="1970.63,1962.57,1847.54,1825.49" sx="F,M,M,M"/><TAIKYOKU oya="0"/><INIT seed="0,0,0,0,2,72" ten="250,250,250,250" oya="0" hai0="83,85,62,34,20,21,30,32,35,53,18,52,78" hai1="118,33,51,64,119,37,45,79,17,128,16,103,132" hai2="134,7,91,98,90,46,59,89,93,47,71,2,106" hai3="75,104,65,113,67,57,133,6,14,101,86,10,81"/><T125/><D125/><U124/><E33/><V54/><F71/><W117/><G113/><T121/><D121/><U24/><E37/><V73/><F134/><W80/><G117/><T50/><D62/><U22/><E132/><V63/><F106/><W77/><G133/><T61/><D61/><U60/><E124/><V8/><REACH who="2" step="1"/><F73/><REACH who="2" ten="250,250,240,250" step="2"/><W111/><G111/><T15/><D32/><U131/><E119/><V48/><F48/><W102/><G104/><T122/><D34/><U92/><E118/><V74/><F74/><W12/><G12/><T108/><D35/><U123/><E123/><V100/><AGARI ba="0,1" hai="2,7,8,46,47,54,59,63,89,90,91,93,98,100" machi="100" ten="30,2000,0" yaku="1,1,0,1,53,0" doraHai="72" doraHaiUra="36" who="2" fromWho="2" sc="250,-10,250,-5,240,30,250,-5" /><INIT seed="1,0,0,4,5,131" ten="240,245,270,245" oya="1" hai0="38,43,62,110,47,92,19,48,58,66,135,22,99" hai1="124,50,79,5,26,28,77,46,120,20,87,27,102" hai2="51,42,81,61,2,7,114,101,64,1,115,36,105" hai3="126,132,122,91,108,3,24,74,56,95,121,96,23"/><U17/><E120/><V0/><F81/><W21/><G3/><T93/><D110/><U29/><E124/><V52/><F101/><W112/><G112/><N who="2" m="43049" /><F105/><W75/><G108/><T32/><D32/><U118/><E118/><V119/><F119/><W55/><G126/><T106/><D135/><U53/><E5/><V10/><F42/><W41/><G41/><T44/><D106/><U123/><E123/><V89/><F36/><W111/><G111/><T14/><REACH who="0" step="1"/><D99/><REACH who="0" ten="230,245,270,245" step="2"/><U83/><E102/><V33/><F33/><W12/><G132/><T60/><D60/><U39/><E39/><V130/><F130/><W76/><G122/><T107/><D107/><U35/><REACH who="1" step="1"/><E29/><REACH who="1" ten="230,235,270,245" step="2"/><V49/><F1/><W128/><G121/><T78/><D78/><AGARI ba="0,2" hai="17,20,26,27,28,35,46,50,53,77,78,79,83,87" machi="78" ten="30,5800,0" yaku="1,1,2,1,7,1,53,0" doraHai="131" doraHaiUra="65" who="1" fromWho="0" sc="230,-58,235,78,270,0,245,0" /><INIT seed="1,1,0,5,5,24" ten="172,313,270,245" oya="1" hai0="101,33,124,87,106,88,62,47,14,96,109,60,63" hai1="61,85,134,11,57,36,82,31,105,113,26,34,27" hai2="94,114,38,89,117,86,48,132,126,45,2,99,54" hai3="16,64,37,135,118,78,55,7,111,19,13,129,83"/><U92/><E36/><V91/><F117/><W130/><G37/><T123/><D123/><U80/><E105/><V5/><F114/><W128/><G64/><T116/><D116/><U0/><E134/><V1/><F132/><W49/><G118/><T39/><D109/><U70/><E70/><V84/><F126/><W81/><G135/><T41/><D124/><U73/><E113/><V56/><F5/><W90/><G111/><T53/><D33/><U23/><E73/><V65/><F99/><W77/><G7/><T103/><D103/><U127/><E127/><V100/><F100/><W67/><G67/><T22/><D22/><U12/><E0/><V29/><F29/><W66/><G66/><T119/><D119/><U50/><E50/><V43/><REACH who="2" step="1"/><F65/><REACH who="2" ten="172,313,260,245" step="2"/><W9/><G19/><T28/><D28/><U102/><E34/><V108/><F108/><W75/><G90/><T115/><D115/><U133/><E133/><V25/><F25/><W40/><G130/><T51/><D14/><U104/><E27/><V20/><F20/><W121/><G121/><T125/><D125/><U59/><E104/><V98/><F98/><W10/><G10/><T30/><D30/><U15/><E102/><V46/><F46/><W71/><G71/><T110/><D110/><U95/><E80/><AGARI ba="1,1" hai="1,2,38,43,45,48,54,56,80,84,86,89,91,94" machi="80" ten="30,3900,0" yaku="1,1,7,1,53,1" doraHai="24" doraHaiUra="68" who="2" fromWho="1" sc="172,0,313,-42,260,52,245,0" /><INIT seed="2,0,0,4,1,129" ten="172,271,312,245" oya="2" hai0="59,116,112,99,32,78,126,134,44,82,45,83,26" hai1="30,51,117,16,85,91,66,80,55,19,39,1,56" hai2="93,94,36,42,96,49,54,132,121,13,106,71,123" hai3="33,68,133,31,131,52,3,114,77,111,92,0,125"/><V53/><F71/><W74/><RYUUKYOKU type="yao9" ba="0,0" sc="172,0,271,0,312,0,245,0" hai3="0,3,31,33,52,68,74,77,92,111,114,125,131,133" /><INIT seed="2,1,0,3,5,94" ten="172,271,312,245" oya="2" hai0="52,50,101,68,130,90,36,69,61,29,60,25,91" hai1="72,124,132,6,40,55,45,86,7,0,77,100,79" hai2="106,65,127,131,35,37,126,46,80,82,51,17,109" hai3="123,128,122,4,63,102,24,19,84,125,112,96,15"/><V78/><F37/><W21/><G128/><T114/><D130/><U64/><E132/><V28/><F106/><W99/><G125/><N who="2" m="47625" /><F131/><W9/><G112/><T32/><D114/><U74/><E124/><V18/><F65/><W38/><G38/><T110/><D110/><U22/><E64/><V3/><F3/><W113/><G113/><T42/><D101/><U31/><E55/><N who="2" m="30199" /><F109/><W71/><G84/><T10/><D10/><U39/><E100/><V105/><F105/><W134/><G134/><T87/><D42/><U5/><E0/><V75/><F82/><W48/><G48/><T135/><D135/><U14/><E72/><V129/><F129/><W115/><G115/><T120/><D120/><U111/><E74/><V116/><F116/><W107/><G123/><T30/><D36/><U92/><E111/><V118/><F118/><W54/><G122/><T67/><D30/><U97/><E86/><V62/><F62/><W95/><G71/><T13/><D87/><U47/><E31/><V56/><F56/><N who="3" m="35223" /><G107/><T133/><D133/><U23/><E45/><V83/><F83/><W44/><G44/><N who="0" m="27719" /><D61/><U89/><REACH who="1" step="1"/><E14/><REACH who="1" ten="172,261,312,245" step="2"/><V49/><F28/><W117/><G117/><T2/><D13/><U70/><E70/><N who="0" m="27241" /><D2/><U26/><E26/><V73/><F73/><W53/><G53/><T121/><D121/><U93/><E93/><V81/><F75/><W59/><G59/><N who="0" m="37279" /><D25/><U57/><E57/><V76/><F81/><W98/><AGARI ba="1,1" hai="4,9,15,19,21,24,95,96,98,99,102" m="35223" machi="98" ten="30,7900,0" yaku="8,1,52,3" doraHai="94" who="3" fromWho="3" sc="172,-21,261,-21,312,-40,245,92" /><INIT seed="3,0,0,2,4,45" ten="151,240,272,337" oya="3" hai0="135,126,61,88,11,37,121,85,81,14,29,100,15" hai1="134,113,72,93,36,106,26,20,125,24,39,79,130" hai2="48,77,25,124,55,102,128,52,91,13,86,114,108" hai3="107,71,56,101,66,43,32,3,96,78,115,94,129"/><W103/><G115/><T116/><D121/><U98/><E113/><V83/><F114/><W28/><G3/><T95/><D116/><U59/><E106/><V63/><F124/><W58/><G78/><T16/><D126/><U120/><E120/><V2/><F2/><W131/><G43/><T74/><D135/><U84/><E125/><V109/><F128/><N who="3" m="49227" /><G103/><T22/><D37/><U31/><E134/><V6/><F102/><W62/><G94/><T33/><D74/><U97/><E72/><V42/><F25/><AGARI ba="0,0" hai="25,28,32,56,58,62,66,71,96,101,107" m="49227" machi="25" ten="30,2900,0" yaku="25,1,19,1" doraHai="45" who="3" fromWho="2" sc="151,0,240,0,272,-29,337,29" owari="151,-35.0,240,-16.0,243,4.0,366,47.0" /></mjloggm>