<mjloggm ver="2.3"><GO type="41" lobby="0"/><UN n0="%E3%83%8E%E3%83%89%E3%83%9E" n1="%E3%83%8F%E3%83%AA%E3%83%8D%E3%82%BA%E3%83%9F%E5%91%BD" n2="%E5%B0%B1%E6%B4%BB%E7%94%9F%40%E5%B7%9D%E6%9D%91%E8%BB%8D%E5%9B%A3" n3="%4D%61%73%61%73%68%69" dan="13,15,15,13" rate="1901.89,1971.45,1978.72,1807.84" sx="M,M,M,M"/><TAIKYOKU oya="0"/><INIT seed="0,0,0,3,0,59" ten="250,250,250,250" oya="0" hai0="22,79,101,127,21,57,88,96,31,126,52,122,38" hai1="75,29,117,121,98,70,12,46,114,14,130,67,115" hai2="19,41,76,133,103,99,6,91,106,40,102,129,123" hai3="69,42,73,39,55,94,50,116,64,32,62,49,97"/><T17/><D122/><U10/><E117/><V37/><F123/><W134/><G73/><T109/><D38/><U135/><E121/><V13/><F129/><W36/><G32/><T95/><D79/><U30/><E75/><V8/><F133/><W48/><G94/><N who="0" m="58519" /><D31/><N who="1" m="11787" /><E130/><V56/><F37/><N who="3" m="14411" /><G97/><N who="0" m="57575" /><D109/><U104/><E135/><V45/><F102/><W47/><G134/><T11/><D11/><U63/><E10/><V93/><F76/><W128/><G128/><T118/><D118/><U72/><E72/><V100/><F100/><W112/><G116/><T80/><D80/><U119/><E119/><V65/><F45/><N who="3" m="28047" /><G49/><N who="0" m="30863" /><D17/><U51/><E104/><V125/><F19/><W81/><G81/><T3/><D3/><U26/><E98/><V105/><F99/><W4/><G4/><T16/><D16/><U85/><E70/><V61/><F8/><W20/><G20/><T2/><D2/><U58/><E114/><AGARI ba="0,0" hai="42,47,50,62,64,69,112,114" m="28047,14411" machi="114" ten="30,3900,0" yaku="34,2,52,1" doraHai="59" who="3" fromWho="1" sc="250,0,250,-39,250,0,250,39" /><INIT seed="1,0,0,5,2,29" ten="250,211,250,289" oya="1" hai0="14,5,51,40,126,76,84,101,78,31,75,96,111" hai1="91,61,103,99,37,92,4,102,81,100,85,49,121" hai2="22,11,47,28,107,123,135,120,131,54,68,69,26" hai3="125,108,87,130,8,38,82,94,63,23,95,98,89"/><U48/><E37/><V24/><F107/><W129/><G38/><T9/><D75/><U106/><E121/><V33/><F131/><W122/><G122/><T46/><D126/><U118/><E118/><V86/><F135/><W97/><G8/><T58/><D111/><U71/><E4/><V127/><F127/><W36/><G36/><T35/><D58/><U18/><E18/><V17/><F69/><W10/><G10/><T70/><D70/><U128/><E128/><N who="3" m="49258" /><G23/><T109/><D109/><U55/><E106/><V114/><F68/><W113/><G63/><T21/><D21/><U41/><E41/><V39/><F114/><W16/><G16/><T67/><D67/><U74/><E74/><V44/><F44/><W56/><G56/><T65/><D65/><U7/><E7/><V104/><F104/><W119/><G108/><T32/><D31/><U59/><REACH who="1" step="1"/><E71/><REACH who="1" ten="250,201,250,289" step="2"/><V57/><F39/><W105/><G125/><T88/><D76/><AGARI ba="0,1" hai="48,49,55,59,61,76,81,85,91,92,99,100,102,103" machi="76" ten="40,7700,0" yaku="1,1,2,1,8,1,53,0" doraHai="29" doraHaiUra="2" who="1" fromWho="0" sc="250,-77,201,87,250,0,289,0" /><INIT seed="1,1,0,0,1,95" ten="173,288,250,289" oya="1" hai0="23,72,128,10,96,40,20,29,89,83,50,108,73" hai1="49,58,115,42,127,114,35,120,15,41,44,64,78" hai2="84,86,112,90,119,30,0,38,33,46,56,107,37" hai3="74,11,12,103,109,14,62,77,3,99,32,135,68"/><U131/><E120/><V7/><F107/><W39/><G39/><T28/><D128/><U63/><E35/><V55/><F119/><W21/><G32/><T69/><D69/><U51/><E78/><V134/><F112/><N who="1" m="43049" /><E15/><V111/><F111/><W45/><G109/><T19/><D72/><U102/><E102/><V104/><F104/><W122/><G122/><T2/><D73/><U53/><E131/><V57/><F134/><W75/><G135/><T61/><D2/><U71/><E127/><V129/><F129/><W91/><G68/><T106/><D106/><U26/><E26/><V1/><F56/><W101/><G62/><T92/><D108/><U6/><E6/><V133/><F133/><W48/><G3/><T22/><D83/><U126/><E126/><V80/><F33/><W100/><G77/><T9/><D19/><U36/><E41/><V130/><F130/><W27/><G75/><T18/><D18/><U121/><E121/><V88/><F30/><N who="0" m="11882" /><D61/><AGARI ba="1,0" hai="36,42,44,49,51,53,58,61,63,64,71" m="43049" machi="61" ten="30,2900,0" yaku="34,2" doraHai="95" who="1" fromWho="0" sc="173,-32,288,32,250,0,289,0" /><INIT seed="1,2,0,0,1,68" ten="141,320,250,289" oya="1" hai0="88,9,42,101,10,38,90,80,133,59,91,58,106" hai1="116,6,41,24,0,48,125,26,3,2,109,44,51" hai2="118,37,107,78,65,75,54,129,105,111,92,77,113" hai3="12,19,62,46,124,45,115,84,60,40,29,8,57"/><U117/><E6/><V135/><F65/><W79/><G124/><T73/><D101/><U122/><E122/><V11/><F11/><W76/><G29/><T39/><D106/><U127/><E51/><V63/><F63/><W130/><G130/><T14/><D10/><U85/><E85/><V43/><F54/><W28/><G28/><T36/><D42/><U23/><E109/><V56/><F56/><W81/><G115/><T110/><D110/><U72/><E72/><V18/><F18/><W102/><G102/><T67/><D67/><U82/><E82/><V47/><F118/><N who="1" m="45673" /><E23/><V69/><F111/><W17/><G60/><T132/><D73/><U119/><E119/><V31/><F31/><W100/><G100/><T94/><D80/><U112/><E112/><V71/><F113/><W15/><G79/><T5/><REACH who="0" step="1"/><D94/><REACH who="0" ten="131,320,250,289" step="2"/><U50/><E41/><N who="2" m="22959" /><F92/><W74/><G74/><T121/><D121/><U128/><E128/><V30/><F105/><W131/><G131/><T83/><D83/><U97/><E125/><V16/><F107/><W70/><G40/><T33/><D33/><U7/><E127/><V20/><F78/><W95/><G95/><T34/><D34/><U4/><E0/><V126/><F77/><W27/><G70/><T66/><D66/><U49/><E2/><V32/><F75/><W108/><G108/><T53/><D53/><U98/><E3/><V123/><F71/><W99/><G8/><T134/><AGARI ba="2,1" hai="5,9,14,36,38,39,58,59,88,90,91,132,133,134" machi="134" ten="50,16000,3" yaku="1,1,0,1,29,2,20,1,52,3,54,1,53,0" doraHai="68" doraHaiUra="120" who="0" fromWho="0" sc="131,176,320,-82,250,-42,289,-42" /><INIT seed="2,0,0,1,4,8" ten="307,238,208,247" oya="2" hai0="96,126,56,108,124,26,113,101,107,34,132,130,109" hai1="44,13,93,81,38,74,115,95,72,53,134,87,12" hai2="16,59,3,66,17,25,10,39,105,33,71,92,80" hai3="62,22,84,78,129,86,88,41,9,128,61,110,117"/><V114/><F105/><W79/><G117/><T5/><D113/><U27/><E115/><V15/><F71/><W20/><G41/><T90/><D5/><U64/><E74/><V111/><F39/><W125/><G125/><N who="0" m="48235" /><D56/><U49/><E72/><V45/><F3/><W36/><G36/><T51/><D51/><U121/><E38/><V40/><F114/><W46/><G46/><T2/><D2/><U60/><E121/><V131/><F111/><N who="0" m="42570" /><D90/><N who="1" m="51567" /><E134/><V119/><F131/><W100/><G110/><T21/><D21/><U127/><E127/><V42/><F119/><W23/><G100/><T68/><D68/><U43/><E64/><V85/><F92/><N who="1" m="35401" /><E27/><V89/><F45/><W120/><G120/><T65/><D65/><U30/><E30/><V52/><F66/><W55/><G88/><T50/><D132/><U97/><E97/><V28/><REACH who="2" step="1"/><F17/><REACH who="2" ten="307,238,198,247" step="2"/><W99/><G129/><T4/><D130/><U73/><E73/><V57/><F57/><AGARI ba="0,1" hai="12,13,43,44,49,53,57,60" m="35401,51567" machi="57" ten="30,3900,0" yaku="8,1,52,2" doraHai="8" who="1" fromWho="2" sc="307,0,238,49,198,-39,247,0" /><INIT seed="3,0,0,4,0,25" ten="307,287,159,247" oya="3" hai0="51,39,63,3,58,112,69,54,83,96,98,21,87" hai1="0,118,53,33,113,40,59,56,99,66,116,44,129" hai2="62,49,76,107,72,12,81,121,8,75,100,74,4" hai3="55,2,125,103,134,20,97,92,67,84,111,57,123"/><W122/><G2/><T14/><D3/><U68/><E0/><V26/><F121/><W126/><G134/><T61/><D39/><N who="1" m="21535" /><E99/><V101/><F62/><N who="0" m="23562" /><D69/><U37/><E33/><V6/><F6/><W35/><G35/><T41/><D41/><U9/><E37/><V50/><F26/><W85/><G67/><T27/><D14/><U91/><E113/><V1/><F1/><W133/><G133/><T117/><D112/><U82/><E68/><V78/><F107/><W104/><G111/><T114/><D117/><U88/><E66/><V5/><F5/><W7/><G7/><T34/><D34/><U22/><E9/><V115/><F115/><W128/><G20/><T32/><D32/><U38/><E38/><V86/><F76/><W119/><G119/><N who="1" m="45610" /><E129/><V45/><REACH who="2" step="1"/><F50/><REACH who="2" ten="307,287,149,247" step="2"/><N who="3" m="30967" /><G128/><T131/><D131/><U18/><E53/><AGARI ba="0,1" hai="4,8,12,45,49,53,72,74,75,78,81,86,100,101" machi="53" ten="40,1300,0" yaku="1,1,53,0" doraHai="25" doraHaiUra="13" who="2" fromWho="1" sc="307,0,287,-13,149,23,247,0" /><INIT seed="4,0,0,1,5,32" ten="307,274,172,247" oya="0" hai0="74,30,100,7,59,117,62,38,22,15,57,105,124" hai1="2,71,85,61,56,11,110,28,63,78,84,107,54" hai2="23,103,97,24,81,121,99,130,123,79,51,6,93" hai3="12,69,111,115,80,65,90,102,55,45,25,108,33"/><T122/><D122/><U87/><E107/><V101/><F130/><W5/><G115/><T127/><D38/><U34/><E110/><V106/><F6/><W114/><G114/><T18/><D117/><U70/><E78/><V4/><F4/><W91/><G102/><T1/><D74/><U44/><E44/><V3/><F3/><W35/><G69/><T10/><D100/><U116/><E116/><V109/><F109/><W41/><G65/><T27/><D105/><U72/><E72/><V68/><F68/><W73/><G55/><T119/><D119/><U36/><E36/><V75/><REACH who="2" step="1"/><F51/><REACH who="2" ten="307,274,162,247" step="2"/><W47/><G5/><T96/><D127/><U83/><E70/><V135/><F135/><W60/><G60/><T29/><D124/><U49/><E71/><V48/><F48/><W53/><G53/><T134/><D134/><U112/><E61/><V67/><F67/><W19/><G111/><T118/><D118/><U125/><E63/><V58/><F58/><W37/><G37/><T39/><D39/><U95/><E112/><V9/><F9/><W77/><G41/><T92/><D62/><U0/><E11/><V132/><F132/><W26/><G108/><T128/><D128/><U113/><E113/><V17/><AGARI ba="0,1" hai="17,23,24,75,79,81,93,97,99,101,103,106,121,123" machi="17" ten="20,5200,0" yaku="1,1,0,1,7,1,53,1" doraHai="32" doraHaiUra="76" who="2" fromWho="2" sc="307,-26,274,-13,162,62,247,-13" /><INIT seed="5,0,0,0,1,19" ten="281,261,224,234" oya="1" hai0="131,61,102,98,93,41,21,114,128,39,25,118,26" hai1="10,28,82,80,81,112,63,106,90,86,22,85,97" hai2="52,12,15,115,122,58,126,99,8,96,11,72,2" hai3="133,3,18,66,34,119,54,33,31,89,46,127,74"/><U27/><E112/><V120/><F2/><W108/><G108/><T47/><D118/><U76/><E10/><V49/><F72/><W62/><G74/><T1/><D1/><U75/><E63/><V64/><F115/><W100/><G3/><T42/><D42/><U84/><REACH who="1" step="1"/><E90/><REACH who="1" ten="281,251,224,234" step="2"/><V59/><F126/><W130/><G127/><T37/><D114/><U23/><E23/><V109/><F109/><W110/><G110/><T36/><D21/><U94/><E94/><V16/><F122/><W68/><G89/><T4/><D61/><U69/><E69/><V71/><F120/><W7/><G7/><T113/><D113/><U129/><E129/><N who="0" m="49737" /><D4/><U48/><E48/><AGARI ba="0,1" hai="25,26,36,37,39,41,47,48,93,98,102" m="49737" machi="48" ten="40,1300,0" yaku="19,1" doraHai="19" who="0" fromWho="1" sc="281,23,251,-13,224,0,234,0" /><INIT seed="6,0,0,4,4,83" ten="304,238,224,234" oya="2" hai0="18,101,65,95,67,49,85,69,63,75,133,129,134" hai1="132,97,4,82,108,13,17,111,113,88,16,1,37" hai2="61,120,114,15,8,5,38,6,57,31,14,30,109" hai3="29,94,86,9,60,74,103,35,107,28,124,52,68"/><V81/><F38/><W93/><G74/><T127/><D75/><U131/><E37/><V33/><F120/><W44/><G35/><T62/><D129/><U106/><E131/><V23/><F114/><W34/><G34/><T100/><D49/><U72/><E1/><V48/><F109/><W98/><G68/><T96/><D127/><U36/><E36/><V45/><F33/><W116/><G116/><T11/><D85/><U70/><E70/><V91/><F91/><N who="3" m="53495" /><G107/><T122/><D122/><U130/><E4/><V78/><F23/><W58/><G124/><T32/><D32/><U53/><E113/><V41/><F14/><W27/><G27/><T105/><D105/><U10/><E130/><V90/><F6/><W7/><G44/><T102/><D18/><U119/><E17/><V66/><F90/><W19/><G7/><T125/><D11/><U117/><E132/><N who="0" m="50793" /><D125/><U87/><E72/><AGARI ba="0,0" hai="5,8,15,30,31,41,45,48,57,61,66,72,78,81" machi="72" ten="30,1500,0" yaku="7,1" doraHai="83" who="2" fromWho="1" sc="304,0,238,-15,224,15,234,0" /><INIT seed="6,1,0,0,1,62" ten="304,223,239,234" oya="2" hai0="73,29,10,92,20,81,19,60,80,131,103,44,65" hai1="59,39,134,28,17,23,48,50,72,67,114,41,132" hai2="25,116,77,63,52,127,2,135,105,130,51,7,35" hai3="76,33,110,79,38,90,133,64,112,78,14,125,95"/><V99/><F116/><W75/><G38/><T96/><D131/><U16/><E72/><V97/><F130/><W113/><G33/><T84/><D44/><N who="1" m="23615" /><E28/><V87/><F127/><W115/><G14/><T61/><D61/><N who="1" m="38335" /><E114/><V4/><F135/><N who="1" m="51753" /><E17/><V54/><F105/><W3/><G3/><T55/><D29/><U102/><E102/><V123/><F123/><W119/><G119/><T24/><D73/><U9/><E9/><V111/><F111/><W49/><G110/><T71/><D10/><U104/><E104/><V124/><F124/><W109/><G109/><T82/><D55/><U5/><E5/><N who="2" m="2123" /><F2/><W129/><G129/><T31/><REACH who="0" step="1"/><D31/><REACH who="0" ten="294,223,239,234" step="2"/><U37/><E37/><V66/><F35/><W118/><G118/><T74/><D74/><U18/><E18/><V8/><F54/><W89/><G125/><T0/><D0/><U43/><E43/><V106/><F8/><W122/><G133/><T58/><D58/><U108/><E108/><V126/><F52/><W46/><G75/><T91/><AGARI ba="1,1" hai="19,20,24,60,65,71,80,81,82,84,91,92,96,103" machi="91" ten="20,5200,0" yaku="1,1,0,1,7,1,52,1,53,0" doraHai="62" doraHaiUra="70" who="0" fromWho="0" sc="294,65,223,-14,239,-27,234,-14" /><INIT seed="7,0,0,3,1,61" ten="359,209,212,220" oya="3" hai0="123,19,41,13,60,99,46,37,36,117,49,90,39" hai1="97,0,38,104,103,128,15,73,69,31,102,48,23" hai2="40,70,55,134,53,4,95,96,86,83,88,56,5" hai3="101,76,72,81,114,9,47,21,45,27,25,116,8"/><W93/><G116/><T94/><D123/><U121/><E121/><V42/><F70/><W67/><G114/><T129/><D129/><U115/><E0/><V71/><F71/><W50/><G27/><T77/><D77/><U131/><E115/><V105/><F134/><W10/><G45/><T32/><D32/><U52/><E38/><V64/><F105/><W65/><G101/><T20/><D60/><U109/><E73/><V54/><F56/><W11/><N who="3" m="2560" /><DORA hai="111" /><W84/><G93/><T34/><D34/><U118/><E118/><V57/><F57/><W2/><G2/><T108/><D117/><U74/><E109/><V124/><F64/><N who="3" m="24651" /><G72/><T22/><D108/><U112/><E74/><V68/><F124/><W1/><G1/><T106/><D22/><U33/><E112/><V127/><F127/><W82/><G84/><T80/><D106/><U107/><E69/><V110/><F110/><W132/><G132/><T63/><D37/><U130/><E33/><V58/><F58/><W43/><G76/><T26/><D39/><U59/><E103/><N who="2" m="60831" /><F68/><W98/><G98/><T6/><D36/><U78/><E78/><V44/><F44/><W29/><AGARI ba="0,0" hai="21,25,29,43,47,50,81,82" m="24651,2560" machi="29" ten="40,12000,1" yaku="8,1,52,3" doraHai="61,111" who="3" fromWho="3" sc="359,-40,209,-40,212,-40,220,120" owari="319,12.0,169,-33.0,172,-23.0,340,44.0" /></mjloggm>