<mjloggm ver="2.3"><GO type="97" lobby="0"/><UN n0="%E3%82%A6%E3%83%AB%E3%83%88%E3%83%A9%E7%AB%8B%E7%9B%B4" n1="%E3%81%A8%E3%81%84%E3%81%B7%E3%83%BC%E3%81%9F%E3%81%8A" n2="%E2%80%A0%E3%83%9E%E3%83%9B%E3%81%9F%EF%BD%8E%E2%80%A0" n3="%E3%83%8B%E3%83%88%E3%83%AD%E3%83%8B%E3%82%AF%E3%82%B9" dan="14,13,14,15" rate="1970.02,1861.27,1966.87,2007.24" sx="M,F,F,M"/><TAIKYOKU oya="0"/><INIT seed="0,0,0,3,3,68" ten="250,250,250,250" oya="0" hai0="14,39,97,117,112,70,89,82,25,126,58,125,86" hai1="73,56,99,13,2,94,96,103,106,35,134,53,78" hai2="116,37,26,69,22,29,79,44,65,81,83,74,93" hai3="119,64,118,100,90,124,47,121,11,10,91,131,15"/><T32/><D70/><U132/><E2/><V0/><F0/><W77/><G77/><T3/><D3/><U71/><E71/><V110/><F110/><W31/><G100/><T109/><D117/><U92/><E35/><V87/><F116/><W85/><G64/><T43/><D112/><U1/><E1/><V120/><F120/><W19/><G31/><N who="0" m="19567" /><D58/><U5/><E5/><V20/><F93/><W54/><G121/><T7/><D97/><U75/><E13/><V18/><F69/><W76/><G76/><T36/><D43/><U40/><E40/><V84/><F65/><W127/><G131/><T95/><D95/><U38/><E56/><V33/><F33/><W111/><G111/><T107/><D107/><U57/><E57/><V42/><REACH who="2" step="1"/><F83/><REACH who="2" ten="250,250,240,250" step="2"/><N who="3" m="49471" /><G118/><T62/><D109/><U16/><E106/><V45/><F45/><W66/><G66/><T51/><D62/><U129/><E129/><V122/><F122/><W34/><G34/><T21/><D51/><U28/><E94/><V104/><F104/><W102/><G119/><T27/><D126/><U105/><E105/><V61/><F61/><W41/><G124/><T50/><D50/><U55/><E92/><V24/><AGARI ba="0,1" hai="18,20,22,24,26,29,37,42,44,74,79,81,84,87" machi="24" ten="20,5200,0" yaku="1,1,0,1,7,1,52,1,53,0" doraHai="68" doraHaiUra="9" who="2" fromWho="2" sc="250,-26,250,-13,240,62,250,-13" /><INIT seed="1,0,0,3,1,78" ten="224,237,302,237" oya="1" hai0="7,94,64,53,123,20,100,108,99,22,106,124,89" hai1="88,44,10,117,39,125,50,118,1,63,96,49,27" hai2="103,101,85,41,66,71,107,43,121,18,17,86,81" hai3="5,84,82,109,104,21,62,114,116,46,93,74,42"/><U8/><E39/><V131/><F121/><W132/><G114/><T52/><D108/><U47/><E125/><V98/><F131/><W16/><G104/><T26/><D124/><U76/><E63/><V92/><F71/><W61/><G109/><T28/><D123/><U115/><E115/><V91/><F66/><W87/><G5/><T73/><D73/><U129/><E129/><V30/><F30/><W126/><G126/><T32/><D7/><U90/><E76/><V55/><F55/><W2/><G2/><T13/><D64/><U120/><E120/><V83/><F107/><W45/><G74/><T135/><D135/><U51/><E1/><V69/><F69/><W128/><G132/><T36/><D36/><U102/><E27/><V111/><F111/><W23/><G23/><T56/><D13/><U110/><E110/><V134/><F134/><W67/><G67/><T79/><D79/><U72/><E72/><V25/><F103/><W122/><G122/><T68/><D68/><U127/><E127/><V12/><F25/><N who="3" m="14503" /><G116/><N who="1" m="44650" /><E102/><V77/><F18/><W113/><G113/><T97/><REACH who="0" step="1"/><D53/><REACH who="0" ten="214,237,302,237" step="2"/><U112/><E112/><V19/><F19/><W15/><G128/><T48/><AGARI ba="0,1" hai="20,22,26,28,32,48,52,56,89,94,97,99,100,106" machi="48" ten="20,8000,1" yaku="1,1,2,1,0,1,7,1,54,1,53,0" doraHai="78" doraHaiUra="11" who="0" fromWho="0" sc="214,90,237,-40,302,-20,237,-20" /><INIT seed="2,0,0,1,2,57" ten="304,197,282,217" oya="2" hai0="18,135,89,70,93,121,3,81,7,127,32,11,111" hai1="61,68,90,134,26,23,43,129,2,74,1,101,126" hai2="77,82,35,29,104,62,5,30,6,130,66,14,27" hai3="0,50,28,9,15,97,20,8,103,25,87,12,117"/><V80/><F104/><W60/><G117/><T41/><D121/><U105/><E129/><V36/><F36/><W100/><G0/><T24/><D111/><U94/><E134/><V119/><F119/><W78/><G50/><T73/><D127/><U131/><E126/><V120/><F120/><W128/><G128/><T115/><D115/><U40/><E131/><V133/><F133/><W49/><G49/><T52/><D135/><U125/><E125/><V95/><F130/><W108/><G108/><T39/><D70/><U113/><E113/><V72/><F30/><W13/><G60/><T67/><D67/><U79/><E1/><V45/><F45/><W88/><G78/><N who="0" m="44239" /><D52/><U54/><E2/><V85/><F95/><N who="3" m="58431" /><G103/><T75/><D75/><U116/><E116/><V98/><F98/><W102/><G102/><T65/><D65/><U96/><E74/><V46/><F14/><N who="3" m="3587" /><W42/><DORA hai="53" /><G42/><T10/><D10/><U33/><E33/><V106/><F46/><W83/><AGARI ba="0,0" hai="8,9,20,25,28,83,87,88" m="3587,58431" machi="83" ten="30,2000,0" yaku="8,1,54,1" doraHai="57,53" who="3" fromWho="3" sc="304,-5,197,-5,282,-10,217,20" /><INIT seed="3,0,0,4,0,84" ten="299,192,272,237" oya="3" hai0="109,80,2,29,104,77,110,82,67,126,116,25,58" hai1="42,122,51,89,90,19,61,92,24,88,121,114,75" hai2="99,85,117,74,125,132,76,35,112,97,135,78,93" hai3="59,118,130,12,7,36,37,48,83,16,23,127,43"/><W100/><G118/><T102/><D2/><U98/><E114/><V71/><F35/><W55/><G130/><T128/><D116/><U49/><E75/><V66/><F117/><W39/><G127/><T53/><D67/><U0/><E0/><V62/><F125/><W64/><G100/><T38/><D38/><U68/><E122/><V107/><F112/><W8/><G64/><T60/><D126/><U13/><E24/><V21/><F74/><W31/><G31/><T131/><D102/><N who="1" m="60743" /><E121/><V1/><F1/><W20/><G83/><N who="0" m="31787" /><D77/><U65/><E42/><V54/><F54/><W50/><G50/><T87/><D87/><U81/><E68/><V44/><F44/><W70/><G70/><T113/><D104/><U123/><E123/><V69/><F69/><W106/><G106/><T95/><D95/><U94/><E81/><V17/><F85/><W5/><G5/><T57/><D57/><N who="1" m="37039" /><E94/><V63/><F107/><W30/><G43/><T111/><D113/><U124/><E124/><V40/><F40/><W34/><G34/><AGARI ba="0,0" hai="25,29,34,53,58,60,109,110,111,128,131" m="31787" machi="34" ten="40,1300,0" yaku="14,1" doraHai="84" who="0" fromWho="3" sc="299,13,192,0,272,0,237,-13" owari="312,42.0,192,-31.0,272,7.0,224,-18.0" /></mjloggm>