<mjloggm ver="2.3"><GO type="97" lobby="0"/><UN n0="%E5%B0%91%E5%B9%B4%E3%82%88%E6%88%91%E3%81%AB%E5%B8%B0%E3%82%8C" n1="%E3%82%A6%E3%83%AB%E3%83%88%E3%83%A9%E7%AB%8B%E7%9B%B4" n2="%72%6F%74%68%6E" n3="%E3%81%BF%E3%81%95%E3%81%8D%E3%82%93%E3%81%8E%E3%82%87" dan="13,14,13,16" rate="1892.51,1945.35,1821.72,2008.37" sx="F,M,M,F"/><TAIKYOKU oya="0"/><INIT seed="0,0,0,4,4,85" ten="250,250,250,250" oya="0" hai0="41,95,59,27,58,35,75,68,44,53,28,101,120" hai1="30,2,61,8,0,33,91,105,66,118,117,108,81" hai2="70,69,60,134,84,18,100,124,123,39,67,25,93" hai3="116,106,56,29,51,96,82,43,31,24,54,48,90"/><T86/><D75/><U122/><E105/><V65/><F123/><W77/><G116/><T80/><D120/><U34/><E122/><V125/><F39/><W119/><G119/><T50/><D68/><U23/><E61/><V52/><F134/><W128/><G128/><T102/><D95/><U36/><E81/><V12/><F25/><W111/><G111/><T99/><D99/><U4/><E66/><V71/><F65/><W3/><G3/><T114/><D114/><U21/><E36/><V13/><F13/><W63/><G31/><T10/><D10/><U92/><E92/><V11/><F52/><W42/><G48/><T126/><D126/><N who="2" m="48746" /><F100/><W89/><G106/><T109/><D109/><U110/><E91/><AGARI ba="0,0" hai="11,12,18,60,67,69,70,71,84,91,93" m="48746" machi="91" ten="30,2000,0" yaku="18,1,52,1" doraHai="85" who="2" fromWho="1" sc="250,0,250,-20,250,20,250,0" /><INIT seed="1,0,0,4,3,3" ten="250,230,270,250" oya="1" hai0="121,78,83,29,44,28,67,112,55,41,96,25,64" hai1="37,38,43,130,135,49,30,131,70,72,23,26,36" hai2="14,4,109,89,86,108,125,110,40,27,22,62,107" hai3="63,69,50,65,66,117,47,60,34,2,132,128,118"/><U77/><E70/><V68/><F107/><W9/><G34/><T134/><D112/><U7/><E77/><V10/><F125/><W19/><G19/><T111/><D111/><U126/><E72/><V93/><F40/><W59/><G2/><T54/><D134/><U17/><E135/><V120/><F68/><W24/><G9/><T53/><D96/><U90/><E126/><V129/><F62/><W91/><G24/><T123/><D83/><U79/><E79/><V39/><F39/><W11/><G11/><T57/><D78/><U61/><E61/><V124/><F124/><W97/><G132/><T80/><D80/><U18/><E90/><V15/><F129/><N who="1" m="49161" /><E43/><V82/><F15/><W46/><G128/><T52/><D25/><U92/><E92/><V101/><F101/><W102/><G91/><T113/><D113/><U13/><E49/><V32/><F32/><W12/><G12/><T8/><D123/><U104/><E104/><V58/><F58/><W94/><REACH who="3" step="1"/><G50/><REACH who="3" ten="250,230,270,240" step="2"/><T73/><D121/><U35/><E18/><N who="2" m="12759" /><F93/><W122/><G122/><AGARI ba="0,1" hai="4,10,14,82,86,89,108,109,110,120,122" m="12759" machi="122" ten="30,2000,0" yaku="14,1,52,1" doraHai="3" who="2" fromWho="3" sc="250,0,230,0,270,30,240,-20" /><INIT seed="2,0,0,2,5,107" ten="250,230,300,220" oya="2" hai0="81,117,124,23,121,63,67,120,70,77,6,34,96" hai1="26,114,47,52,94,53,33,57,10,35,8,56,58" hai2="27,13,86,16,51,106,43,31,83,116,113,17,135" hai3="80,46,95,115,103,1,36,126,30,44,18,0,104"/><V65/><F113/><W88/><G115/><T32/><D124/><U21/><E114/><V125/><F125/><W64/><G126/><T28/><D117/><U102/><E47/><V12/><F116/><W128/><G30/><T66/><D6/><U5/><E94/><V123/><F123/><W50/><G64/><T84/><D96/><U4/><E102/><V59/><F106/><W62/><G62/><T82/><D67/><U7/><E21/><N who="2" m="15855" /><F135/><W93/><G104/><T91/><D23/><U89/><E89/><N who="2" m="51423" /><F43/><W38/><G1/><T40/><D40/><U97/><E97/><V42/><F42/><W101/><G0/><T74/><REACH who="0" step="1"/><D28/><REACH who="0" ten="240,230,300,220" step="2"/><U105/><E105/><V98/><F98/><W15/><G38/><T90/><D90/><U129/><E129/><V127/><F127/><W131/><G36/><T122/><AGARI ba="0,1" hai="32,34,63,66,70,74,77,81,82,84,91,120,121,122" machi="122" ten="30,4000,0" yaku="1,1,0,1,52,1,53,0" doraHai="107" doraHaiUra="134" who="0" fromWho="0" sc="240,50,230,-10,300,-20,220,-10" /><INIT seed="3,0,0,3,1,5" ten="290,220,280,210" oya="3" hai0="84,44,67,21,22,60,109,24,85,52,2,11,61" hai1="101,65,119,43,39,37,96,1,130,87,12,76,50" hai2="54,124,93,8,25,47,51,125,98,94,48,62,108" hai3="46,131,112,128,77,15,97,129,30,106,17,120,38"/><W55/><G120/><T49/><D109/><U20/><E1/><V41/><F108/><W79/><G112/><T69/><D61/><U32/><E32/><V104/><F62/><W86/><G30/><T3/><D11/><U122/><E122/><V28/><F8/><N who="3" m="6375" /><G86/><T0/><REACH who="0" step="1"/><D21/><REACH who="0" ten="280,220,280,210" step="2"/><U135/><E20/><N who="2" m="15399" /><F98/><W13/><G13/><T34/><D34/><U116/><E96/><V19/><F19/><AGARI ba="0,1" hai="0,2,3,19,22,24,44,49,52,60,67,69,84,85" machi="19" ten="40,2600,0" yaku="1,1,54,1,53,0" doraHai="5" doraHaiUra="103" who="0" fromWho="2" sc="280,36,220,0,280,-26,210,0" owari="316,42.0,220,-18.0,254,5.0,210,-29.0" /></mjloggm>