<mjloggm ver="2.3"><GO type="97" lobby="0"/><UN n0="%68%61%6D%69%6E" n1="%E3%81%A8%E3%82%93%E3%81%A8%E3%82%93%E3%81%A9%E3%82%89%E3%81%A9%E3%82%89" n2="%E3%82%A6%E3%83%AB%E3%83%88%E3%83%A9%E7%AB%8B%E7%9B%B4" n3="%E3%81%82%E3%81%8F%E3%81%86%E3%81%8B%E3%82%93" dan="13,14,14,15" rate="1853.38,1923.76,1924.44,1951.83" sx="M,M,M,M"/><TAIKYOKU oya="0"/><INIT seed="0,0,0,0,5,75" ten="250,250,250,250" oya="0" hai0="53,48,19,102,80,71,107,133,46,106,74,117,7" hai1="128,68,131,103,81,42,17,89,112,58,84,16,72" hai2="5,124,22,104,101,52,134,108,93,118,114,27,11" hai3="69,91,10,122,56,55,100,85,64,4,30,126,25"/><T54/><D117/><U37/><E68/><V99/><F114/><W32/><G126/><T119/><D119/><U41/><E103/><V26/><F118/><W49/><G122/><T125/><D125/><U23/><E112/><V21/><F124/><W24/><G24/><T35/><D133/><U6/><E6/><V61/><F134/><W59/><G100/><T3/><D71/><U113/><E113/><V12/><F108/><W29/><G29/><T135/><D135/><U38/><E58/><N who="2" m="35015" /><F104/><W116/><G116/><T82/><D35/><U39/><E17/><V97/><F97/><W130/><G130/><N who="1" m="49706" /><E72/><V123/><F123/><W94/><G69/><T90/><D80/><U105/><E105/><V111/><F111/><W120/><G120/><T1/><D102/><U67/><E67/><V45/><F45/><W47/><G64/><T83/><D82/><U2/><E2/><AGARI ba="0,0" hai="2,4,10,25,30,32,47,49,55,56,59,85,91,94" machi="2" ten="30,1000,0" yaku="7,1" doraHai="75" who="3" fromWho="1" sc="250,0,250,-10,250,0,250,10" /><INIT seed="1,0,0,3,1,62" ten="250,240,250,260" oya="1" hai0="82,33,104,15,130,111,51,79,47,117,101,134,84" hai1="118,49,67,126,5,19,28,114,3,77,21,129,1" hai2="7,8,124,80,119,45,4,31,2,39,109,116,108" hai3="70,121,54,36,58,14,55,23,94,85,135,83,127"/><U66/><E118/><V61/><F80/><W73/><G121/><T10/><D117/><N who="2" m="45130" /><F45/><W78/><G36/><T107/><D111/><N who="2" m="42570" /><F39/><W46/><G127/><T100/><D134/><U25/><E114/><V12/><F61/><W97/><G135/><T93/><D130/><U27/><E5/><N who="2" m="3087" /><F124/><W40/><G73/><T52/><D33/><U22/><E129/><V74/><F74/><W125/><G125/><T86/><D107/><U128/><E126/><V72/><F72/><W16/><G70/><T112/><D112/><U90/><E128/><V98/><F98/><W38/><G58/><T110/><D110/><U115/><E115/><V41/><F41/><W64/><G64/><T56/><D104/><U29/><E77/><V106/><F106/><W59/><G59/><T81/><D56/><U91/><E49/><V120/><F120/><W30/><G54/><T50/><D93/><U48/><E48/><V42/><F42/><W123/><G55/><T99/><D50/><U37/><E37/><V35/><F2/><W53/><G53/><T131/><D99/><U43/><E43/><V75/><F75/><W96/><G123/><T95/><D95/><U113/><E113/><V71/><F71/><W0/><G0/><T132/><D132/><U32/><E19/><V24/><AGARI ba="0,0" hai="4,7,24,31,35" m="3087,42570,45130" machi="24" ten="40,5200,0" yaku="14,1,34,2" doraHai="62" who="2" fromWho="2" sc="250,-13,240,-26,250,52,260,-13" /><INIT seed="2,0,0,4,3,132" ten="237,214,302,247" oya="2" hai0="4,75,118,57,39,135,8,5,23,125,40,114,54" hai1="94,121,41,105,83,70,126,103,33,98,52,85,93" hai2="88,11,38,45,133,66,97,111,120,46,91,43,122" hai3="134,27,129,115,10,2,128,9,13,81,34,72,69"/><V44/><F120/><W76/><G69/><T16/><D114/><U3/><E33/><V47/><F122/><W67/><G67/><T63/><D135/><U48/><E3/><V101/><F133/><W61/><G134/><T35/><D118/><U56/><E121/><V64/><F111/><W20/><G61/><T17/><D35/><U58/><E70/><V28/><F28/><W82/><G115/><T99/><D75/><U0/><E0/><V108/><F108/><W7/><G82/><T95/><D39/><U100/><E41/><V65/><REACH who="2" step="1"/><F11/><REACH who="2" ten="237,214,292,247" step="2"/><W59/><G10/><T19/><D40/><U21/><E126/><V12/><F12/><W89/><G13/><N who="0" m="7207" /><D125/><U60/><E21/><V25/><F25/><W90/><G20/><T107/><D107/><AGARI ba="0,1" hai="38,43,44,45,46,47,64,65,66,88,91,97,101,107" machi="107" ten="40,3900,0" yaku="1,1,54,1,53,0" doraHai="132" doraHaiUra="109" who="2" fromWho="0" sc="237,-39,214,0,292,49,247,0" /><INIT seed="2,1,0,3,2,127" ten="198,214,341,247" oya="2" hai0="71,83,90,132,11,25,125,9,68,101,75,31,39" hai1="32,47,124,27,74,129,69,46,36,40,35,110,118" hai2="12,103,79,51,23,5,92,91,17,131,108,107,34" hai3="135,28,41,102,100,128,86,70,112,6,1,37,42"/><V55/><F34/><W4/><G70/><T98/><D125/><U88/><E118/><V18/><F79/><W81/><G28/><T126/><D126/><U13/><E124/><V26/><F5/><W120/><G120/><T19/><D132/><U104/><E69/><V61/><F103/><W96/><G135/><T24/><D39/><U106/><E74/><V2/><F107/><W117/><G117/><T66/><D66/><U56/><E110/><V44/><F2/><W64/><G64/><T52/><D11/><U84/><E56/><V133/><F133/><W63/><G63/><T115/><D115/><U14/><E27/><V33/><F108/><W21/><G21/><T45/><D9/><U16/><E47/><V95/><F33/><W114/><G96/><T59/><D45/><U22/><E129/><V48/><F131/><W94/><G128/><T8/><D8/><U99/><E13/><V3/><F3/><W54/><G94/><T60/><D19/><U43/><E43/><V80/><F51/><W119/><G119/><T38/><D38/><U97/><E97/><V109/><F109/><W77/><G37/><T49/><D49/><U113/><E113/><N who="3" m="43626" /><G54/><T121/><D121/><U73/><E73/><V53/><F53/><W15/><G15/><T50/><D50/><U130/><E130/><V116/><F61/><W57/><G57/><T78/><D90/><U87/><E99/><V122/><F122/><W29/><G29/><T20/><REACH who="0" step="1"/><D25/><REACH who="0" ten="188,214,341,247" step="2"/><U72/><E72/><V62/><F26/><W123/><G123/><T30/><D30/><U105/><E88/><RYUUKYOKU ba="1,1" sc="188,15,214,15,341,-15,247,-15" hai0="20,24,31,52,59,60,68,71,75,78,83,98,101" hai1="14,16,22,32,35,36,40,46,84,87,104,105,106" /><INIT seed="3,2,1,2,5,53" ten="203,229,326,232" oya="3" hai0="23,12,116,112,83,126,36,119,129,65,73,14,61" hai1="101,58,121,49,64,85,30,7,123,25,89,4,99" hai2="114,21,95,22,46,47,54,96,111,43,0,52,130" hai3="76,80,59,110,134,127,125,100,45,38,5,90,107"/><W42/><G90/><T128/><D73/><U29/><E123/><V34/><F0/><W41/><G134/><T131/><D83/><U17/><E121/><V50/><F34/><W24/><G110/><T40/><D23/><N who="2" m="8714" /><F114/><W18/><G24/><T39/><D14/><U102/><E17/><V87/><F111/><W104/><G18/><T48/><D12/><U13/><E13/><V19/><F19/><W81/><G41/><T44/><D112/><U55/><E64/><V103/><F130/><W82/><G76/><T77/><D77/><U16/><E16/><V113/><F113/><W32/><G32/><T98/><D98/><U68/><E68/><V71/><F71/><W109/><G109/><T66/><D126/><N who="3" m="48137" /><G100/><N who="1" m="38506" /><E99/><V56/><F43/><W93/><G93/><T67/><REACH who="0" step="1"/><D61/><REACH who="0" ten="193,229,326,232" step="2"/><U31/><E25/><V94/><F94/><AGARI ba="2,2" hai="4,7,29,30,31,49,55,58,85,89,94" m="38506" machi="94" ten="30,2000,0" yaku="8,1,52,1" doraHai="53" who="1" fromWho="2" sc="193,0,229,46,326,-26,232,0" owari="193,-31.0,275,8.0,300,40.0,232,-17.0" /></mjloggm>