<mjloggm ver="2.3"><GO type="97" lobby="0"/><UN n0="%41%78%69%73" n1="%6A%61%6B%61" n2="%E3%82%A6%E3%83%AB%E3%83%88%E3%83%A9%E7%AB%8B%E7%9B%B4" n3="%E5%A6%82%E6%9C%88%E3%81%BF%E3%81%AA%E3%81%A8" dan="14,14,14,14" rate="1966.51,1953.75,1916.18,1929.95" sx="M,M,M,F"/><TAIKYOKU oya="0"/><INIT seed="0,0,0,5,3,108" ten="250,250,250,250" oya="0" hai0="25,56,83,11,72,32,109,110,15,134,107,128,16" hai1="3,118,30,127,119,63,106,52,135,102,27,45,99" hai2="28,79,80,98,94,39,47,116,92,68,42,29,87" hai3="133,112,1,19,51,86,114,13,46,117,93,104,48"/><T124/><D107/><U120/><E120/><V12/><F68/><W103/><G1/><T78/><D124/><U7/><E127/><V105/><F116/><W111/><G117/><T75/><D128/><U57/><E135/><V126/><F126/><W91/><G111/><N who="0" m="42507" /><D134/><U10/><REACH who="1" step="1"/><E45/><REACH who="1" ten="250,240,250,250" step="2"/><V59/><F47/><W89/><G133/><T18/><D56/><U23/><AGARI ba="0,1" hai="3,7,10,23,27,30,52,57,63,99,102,106,118,119" machi="23" ten="20,8000,1" yaku="1,1,2,1,0,1,7,1,54,1,53,0" doraHai="108" doraHaiUra="66" who="1" fromWho="1" sc="250,-40,240,90,250,-20,250,-20" /><INIT seed="1,0,0,1,0,41" ten="210,330,230,230" oya="1" hai0="2,133,77,15,97,122,13,85,110,114,102,58,120" hai1="17,99,20,112,127,123,57,24,88,106,21,84,81" hai2="39,73,55,66,65,9,26,98,59,109,124,34,3" hai3="23,119,19,117,22,61,45,63,105,56,129,69,70"/><U10/><E127/><V72/><F72/><W94/><G105/><T8/><D114/><U60/><E112/><V27/><F73/><W37/><G129/><T89/><D133/><U82/><E123/><V62/><F39/><W52/><G94/><T118/><D118/><N who="3" m="45065" /><G63/><T11/><D77/><U130/><E130/><V74/><F74/><W12/><G23/><T7/><D58/><U83/><E10/><V115/><F115/><W78/><G78/><T29/><D29/><U0/><E0/><V28/><F124/><W47/><G37/><T42/><D110/><U131/><E131/><V25/><F109/><W100/><G100/><T96/><D42/><U126/><E126/><V68/><F98/><W35/><G35/><T135/><D135/><U104/><E20/><V76/><F76/><W31/><G31/><T71/><D71/><AGARI ba="0,0" hai="12,19,22,45,47,52,56,61,69,70,71" m="45065" machi="71" ten="30,7700,0" yaku="12,1,52,2,54,1" doraHai="41" who="3" fromWho="0" sc="210,-77,330,0,230,0,230,77" /><INIT seed="2,0,0,2,5,48" ten="133,330,230,307" oya="2" hai0="77,27,29,61,67,86,59,71,25,9,64,65,58" hai1="39,3,34,79,26,103,111,113,45,33,99,42,85" hai2="127,87,47,31,54,106,40,49,119,114,132,20,134" hai3="126,108,10,57,62,81,55,16,5,117,112,93,1"/><V50/><F106/><W13/><G117/><T35/><D9/><U4/><E113/><V66/><F119/><W38/><G108/><T69/><D77/><U23/><E111/><V96/><F114/><W95/><G126/><T28/><D86/><U22/><E22/><V75/><F75/><W94/><G38/><T76/><D76/><U73/><E73/><V74/><F74/><W84/><G112/><T128/><D128/><U102/><E102/><V72/><F72/><W18/><G1/><T122/><D122/><U6/><E6/><V51/><F66/><W17/><REACH who="3" step="1"/><G5/><REACH who="3" ten="133,330,230,297" step="2"/><T98/><D98/><U130/><E4/><V88/><F96/><W91/><AGARI ba="0,1" hai="10,13,16,17,18,55,57,62,81,84,91,93,94,95" machi="91" ten="30,12000,2" yaku="1,1,2,1,0,1,8,1,52,1,54,1,53,0" doraHai="48" doraHaiUra="101" who="3" fromWho="3" sc="133,-30,330,-30,230,-60,297,130" /><INIT seed="3,0,0,0,3,117" ten="103,300,170,427" oya="3" hai0="75,110,127,39,64,4,112,135,125,33,41,45,32" hai1="15,21,22,123,60,43,108,59,8,50,129,17,91" hai2="88,12,44,73,58,52,11,31,92,126,81,38,96" hai3="51,109,9,37,121,119,106,113,72,0,25,99,23"/><W28/><G37/><T94/><D94/><U84/><E108/><V47/><F38/><W29/><G72/><T101/><D4/><U16/><E129/><V128/><F126/><W56/><G51/><T111/><D101/><U19/><E123/><V6/><F128/><W34/><G56/><T7/><D7/><U66/><E50/><N who="2" m="30999" /><F73/><W76/><G99/><T55/><D75/><U107/><E107/><V83/><F31/><W30/><G76/><T36/><D32/><U71/><E71/><V95/><F95/><W26/><G106/><T1/><D33/><U49/><E49/><V122/><F122/><W90/><G90/><T3/><D1/><U82/><E43/><V118/><F118/><W20/><G119/><T114/><D3/><U79/><REACH who="1" step="1"/><E79/><REACH who="1" ten="103,290,170,427" step="2"/><V10/><F10/><W132/><G121/><T40/><D135/><U105/><E105/><V61/><F61/><W68/><G68/><T100/><D100/><U115/><E115/><N who="0" m="44073" /><D64/><U85/><E85/><V116/><F116/><W18/><G132/><T48/><D55/><U74/><E74/><V46/><AGARI ba="0,1" hai="6,11,12,44,46,47,81,83,88,92,96" m="30999" machi="46" ten="30,4000,0" yaku="8,1,54,2" doraHai="117" who="2" fromWho="2" sc="103,-10,290,-10,170,50,427,-20" owari="93,-41.0,280,8.0,220,-18.0,407,51.0" /></mjloggm>