<mjloggm ver="2.3"><GO type="97" lobby="0"/><UN n0="%70%69%2D%72%6F%2D%73%69" n1="%57%54%50" n2="%E3%81%B2%E3%82%89%54" n3="%E5%B0%B1%E6%B4%BB%E7%94%9F%40%E5%B7%9D%E6%9D%91%E8%BB%8D%E5%9B%A3" dan="13,13,14,14" rate="1862.45,1850.76,1884.55,1949.60" sx="M,M,M,M"/><TAIKYOKU oya="0"/><INIT seed="0,0,0,3,1,8" ten="250,250,250,250" oya="0" hai0="128,16,26,47,19,35,87,4,21,97,127,121,130" hai1="14,6,129,40,51,134,118,74,115,96,64,122,105" hai2="116,89,124,22,100,58,52,95,84,117,111,53,94" hai3="41,91,98,10,62,42,101,120,17,50,29,72,132"/><T70/><D121/><U133/><E74/><V37/><F111/><W99/><G72/><T113/><D70/><U86/><E122/><V104/><F124/><W60/><G120/><T82/><D113/><U59/><E115/><V7/><F37/><W57/><G132/><T65/><D65/><U46/><E118/><N who="2" m="45675" /><F104/><W109/><G29/><T18/><D97/><U79/><E129/><N who="0" m="49769" /><D35/><U71/><E71/><V38/><F38/><W114/><G109/><T67/><D67/><U2/><E2/><V43/><F7/><W48/><G114/><T1/><D47/><U13/><E6/><V12/><F58/><W93/><G60/><T85/><D85/><U103/><E64/><V123/><F123/><W106/><G42/><T102/><D102/><U77/><E59/><V9/><F43/><W25/><G41/><T135/><D135/><N who="1" m="51723" /><E86/><V126/><F126/><W34/><G34/><T24/><D127/><U68/><E68/><V54/><F100/><W28/><G28/><T31/><D87/><U23/><E23/><V90/><F22/><N who="3" m="13519" /><G10/><N who="0" m="2319" /><D82/><U33/><E33/><V30/><F30/><W5/><G5/><T108/><D108/><U81/><E81/><N who="2" m="49295" /><F90/><W78/><G78/><AGARI ba="0,0" hai="13,14,40,46,51,77,78,79,96,103,105" m="51723" machi="78" ten="30,3900,0" yaku="20,1,52,2" doraHai="8" who="1" fromWho="3" sc="250,0,250,39,250,0,250,-39" /><INIT seed="1,0,0,5,5,74" ten="250,289,250,211" oya="1" hai0="1,16,126,60,67,10,106,82,123,109,94,78,12" hai1="14,129,13,76,22,32,62,55,127,33,6,31,63" hai2="87,103,29,98,47,124,28,83,20,100,119,23,116" hai3="133,49,34,125,112,97,0,25,132,53,134,105,70"/><U108/><E127/><V95/><F124/><W65/><G0/><T21/><D106/><U75/><E129/><V91/><F116/><W57/><G125/><T99/><D123/><U88/><E108/><V42/><F119/><W18/><G112/><T84/><D126/><U3/><E3/><V45/><F100/><W4/><G4/><T114/><D109/><U41/><E41/><V19/><F23/><W122/><G122/><T92/><D114/><U118/><E118/><V44/><REACH who="2" step="1"/><F42/><REACH who="2" ten="250,289,240,211" step="2"/><W128/><G128/><T93/><D1/><U26/><E32/><V102/><F102/><N who="3" m="62671" /><G34/><T52/><D99/><U15/><E33/><V71/><F71/><W68/><G65/><T11/><D67/><U111/><E111/><V54/><F54/><W130/><G130/><T58/><AGARI ba="0,1" hai="10,11,12,16,21,52,58,60,78,82,84,92,93,94" machi="58" ten="30,8000,1" yaku="0,1,8,1,52,1,54,2" doraHai="74" who="0" fromWho="0" sc="250,90,289,-40,240,-20,211,-20" /><INIT seed="2,0,0,0,2,85" ten="340,249,220,191" oya="2" hai0="135,11,76,74,51,124,84,111,34,134,83,122,77" hai1="28,5,75,93,55,92,0,64,54,58,97,9,87" hai2="29,27,100,4,71,72,121,132,106,67,12,23,70" hai3="73,45,2,104,8,123,126,38,133,110,52,59,101"/><V116/><F116/><W117/><RYUUKYOKU type="yao9" ba="0,0" sc="340,0,249,0,220,0,191,0" hai3="2,8,38,45,52,59,73,101,104,110,117,123,126,133" /><INIT seed="2,1,0,0,0,44" ten="340,249,220,191" oya="2" hai0="113,95,6,2,125,27,114,77,22,4,63,70,64" hai1="130,31,52,17,51,97,68,67,34,20,26,35,12" hai2="105,0,118,18,75,127,111,13,116,61,103,79,72" hai3="15,104,59,124,58,81,21,108,37,84,121,33,7"/><V76/><F0/><W117/><G104/><T29/><D77/><U40/><E40/><V55/><F127/><W88/><G37/><T101/><D125/><U28/><E130/><V69/><F111/><W126/><G33/><T42/><D42/><U102/><E31/><V25/><F25/><W107/><G107/><T134/><D134/><U92/><E67/><V49/><F116/><W82/><G117/><T1/><D6/><U19/><E19/><V120/><F120/><W131/><G121/><T89/><D101/><U93/><E68/><V86/><F118/><W5/><G108/><T10/><D2/><U129/><E129/><V47/><F61/><W87/><G131/><T71/><D71/><U99/><E12/><V123/><F69/><W56/><G7/><T43/><D43/><U109/><E28/><V57/><F57/><W96/><G96/><AGARI ba="1,0" hai="1,4,10,22,27,29,63,64,70,89,95,96,113,114" machi="96" ten="30,1000,0" yaku="7,1" doraHai="44" who="0" fromWho="3" sc="340,13,249,0,220,0,191,-13" /><INIT seed="3,0,0,3,2,90" ten="353,249,220,178" oya="3" hai0="104,38,40,81,88,61,82,54,134,93,50,94,14" hai1="102,65,128,22,19,34,75,20,106,2,129,3,8" hai2="84,78,31,30,120,126,9,10,112,70,107,64,0" hai3="58,33,97,133,99,45,7,98,48,44,68,108,60"/><W127/><G33/><T57/><D104/><U27/><E75/><V114/><F107/><W26/><G127/><T23/><D38/><U12/><E102/><V47/><F126/><W95/><G133/><T69/><D134/><U130/><E106/><V62/><F120/><W76/><G68/><T85/><D69/><U16/><E65/><V28/><F47/><N who="3" m="17995" /><G108/><T6/><D82/><U55/><E55/><V124/><F124/><W56/><G76/><T109/><D109/><U118/><E118/><V66/><F66/><N who="3" m="39175" /><G7/><T63/><D40/><U115/><E115/><V132/><F132/><W49/><G26/><T24/><D14/><U83/><E83/><V36/><F0/><W4/><G4/><T119/><D6/><U15/><REACH who="1" step="1"/><E34/><REACH who="1" ten="353,239,220,178" step="2"/><V29/><F112/><W116/><G116/><T39/><D119/><U37/><E37/><V105/><F36/><W135/><G135/><T92/><D39/><U13/><E13/><V21/><F114/><W72/><G72/><T53/><D53/><U125/><E125/><V117/><F117/><W110/><G110/><T100/><D100/><U121/><E121/><V96/><F105/><W91/><G58/><T42/><D42/><U67/><E67/><V59/><F64/><W86/><AGARI ba="0,1" hai="48,49,86,91,95,97,98,99" m="39175,17995" machi="86" ten="30,3000,0" yaku="8,1,52,1" doraHai="90" who="3" fromWho="3" sc="353,-10,239,-10,220,-10,178,40" /><INIT seed="3,1,0,3,1,28" ten="343,229,210,218" oya="3" hai0="13,113,7,59,84,117,15,69,48,8,109,18,81" hai1="10,60,23,114,50,41,32,72,128,58,30,98,110" hai2="82,12,44,2,135,120,39,55,68,43,49,118,77" hai3="102,6,90,17,29,56,87,62,63,37,89,36,35"/><W65/><G6/><T99/><D69/><U125/><E72/><V57/><F118/><W1/><G1/><T24/><D117/><U105/><E114/><V106/><F106/><W94/><G102/><T107/><D113/><U25/><E128/><V45/><F135/><W129/><G129/><T119/><D109/><U51/><E125/><V0/><F120/><W64/><G17/><T76/><D24/><U53/><E110/><V127/><F127/><W112/><G112/><T61/><D48/><U75/><E75/><V85/><F68/><W70/><REACH who="3" step="1"/><G90/><REACH who="3" ten="343,229,210,208" step="2"/><N who="0" m="51471" /><D119/><U16/><E10/><V42/><F12/><W121/><G121/><T40/><D15/><U22/><E32/><V97/><F97/><W96/><G96/><T93/><D7/><U111/><E111/><V19/><F19/><W116/><G116/><T9/><D9/><U71/><E71/><V92/><F92/><W78/><G78/><T26/><D107/><U67/><E105/><V132/><F132/><W46/><G46/><T74/><D76/><U54/><E98/><V21/><F21/><W101/><G101/><T38/><D99/><U83/><E83/><V122/><F122/><W27/><AGARI ba="1,1" hai="27,29,35,36,37,56,62,63,64,65,70,87,89,94" machi="27" ten="30,6000,0" yaku="1,1,0,1,52,1,53,0" doraHai="28" doraHaiUra="123" who="3" fromWho="3" sc="343,-21,229,-21,210,-21,208,73" /><INIT seed="3,2,0,0,5,85" ten="322,208,189,281" oya="3" hai0="67,50,3,132,83,89,93,36,14,102,5,134,79" hai1="11,2,100,40,69,56,21,117,116,127,115,61,52" hai2="58,51,55,29,70,87,108,30,31,120,15,68,42" hai3="73,95,129,33,23,98,90,34,106,75,99,44,25"/><W121/><G121/><T71/><D36/><U112/><E21/><V109/><F120/><W113/><G113/><T124/><D102/><U35/><E35/><V20/><F42/><W91/><G129/><T72/><D124/><U80/><E11/><V125/><F125/><W26/><G44/><T119/><D119/><N who="1" m="45643" /><E2/><V49/><F49/><W38/><G38/><T94/><D3/><U9/><E9/><V63/><F87/><W123/><G123/><T62/><D50/><U84/><E100/><V105/><F105/><W66/><G66/><T1/><D1/><U81/><E81/><V41/><F41/><W57/><G57/><T19/><D5/><U0/><E0/><V60/><F70/><W118/><G118/><T12/><D94/><U104/><E104/><V39/><F39/><W77/><G77/><T110/><D110/><N who="2" m="42602" /><F68/><W96/><G106/><T65/><D65/><N who="1" m="41135" /><E127/><V128/><F128/><W6/><G6/><T45/><D19/><U122/><E122/><V10/><F20/><W17/><G75/><T131/><D131/><U22/><E22/><V24/><F24/><W53/><G73/><T135/><D45/><U46/><E84/><AGARI ba="2,0" hai="12,14,62,67,71,72,79,83,84,89,93,132,134,135" machi="84" ten="40,2600,0" yaku="20,1,52,1" doraHai="85" who="0" fromWho="1" sc="322,32,208,-32,189,0,281,0" owari="354,45.0,176,-32.0,189,-21.0,281,8.0" /></mjloggm>