<mjloggm ver="2.3"><GO type="97" lobby="0"/><UN n0="%E3%82%A6%E3%83%AB%E3%83%88%E3%83%A9%E7%AB%8B%E7%9B%B4" n1="%E3%82%B2%E3%82%A4%E3%83%96%E3%83%AA%E3%82%A8%E3%83%AB" n2="%E3%81%AF%E3%81%8B%E3%81%AA%E3%81%8D%E5%A4%A2" n3="%E4%B8%89%E4%BB%A3%E7%9B%AE" dan="13,14,15,14" rate="1824.56,1976.16,2027.78,1929.34" sx="M,M,M,M"/><TAIKYOKU oya="0"/><INIT seed="0,0,0,4,4,16" ten="250,250,250,250" oya="0" hai0="10,53,110,12,27,85,130,6,105,67,17,107,91" hai1="73,90,93,60,78,21,135,70,39,0,76,80,127" hai2="116,61,71,111,29,123,23,52,22,113,45,65,11" hai3="117,28,47,54,115,36,50,109,92,89,74,30,99"/><T37/><D130/><U69/><E135/><V5/><F113/><W129/><G109/><T108/><D110/><U104/><E127/><V51/><F111/><W15/><G129/><T40/><D108/><U94/><E39/><V64/><F123/><W103/><G74/><T77/><D67/><U18/><E0/><V44/><F116/><W57/><G117/><T75/><D53/><U120/><E120/><V125/><F125/><W59/><G59/><T46/><D77/><U133/><E133/><V19/><F65/><W62/><G36/><T87/><D75/><U35/><E35/><V102/><F102/><W55/><G115/><T41/><D41/><U24/><E78/><V126/><F126/><W13/><G103/><T1/><D27/><U81/><E81/><V4/><F29/><AGARI ba="0,0" hai="13,15,28,29,30,47,50,54,55,57,62,89,92,99" machi="29" ten="40,1300,0" yaku="8,1" doraHai="16" who="3" fromWho="2" sc="250,0,250,0,250,-13,250,13" /><INIT seed="1,0,0,2,0,59" ten="250,250,237,263" oya="1" hai0="64,56,125,20,10,15,128,51,40,0,121,94,70" hai1="54,69,21,122,1,29,36,6,14,88,23,75,45" hai2="130,108,101,47,9,2,96,120,97,58,37,60,117" hai3="39,105,41,131,17,27,66,129,126,109,4,111,34"/><U13/><E122/><V44/><F120/><W72/><G72/><T50/><D50/><U133/><E75/><V55/><F108/><N who="3" m="41547" /><G105/><T85/><D70/><U61/><E133/><V19/><F117/><W62/><G4/><T104/><D104/><U123/><E123/><V42/><F130/><N who="3" m="49675" /><G41/><T24/><D0/><U78/><E78/><V26/><F47/><W22/><G34/><T71/><D71/><U16/><E1/><V106/><F2/><W98/><G98/><T124/><D121/><U86/><E36/><V7/><F97/><W31/><G39/><T113/><D113/><U112/><E112/><V46/><F46/><W84/><G84/><T83/><D128/><U30/><E45/><V119/><F119/><W127/><G31/><T49/><D40/><U80/><E69/><AGARI ba="0,0" hai="17,22,27,62,66,69,126,127" m="49675,41547" machi="69" ten="30,3900,0" yaku="14,1,19,1,52,1" doraHai="59" who="3" fromWho="1" sc="250,0,250,-39,237,0,263,39" /><INIT seed="2,0,0,1,0,60" ten="250,211,237,302" oya="2" hai0="100,116,29,86,26,115,9,76,30,32,85,1,47" hai1="73,88,121,45,92,132,84,19,2,117,27,93,53" hai2="105,11,22,59,18,127,0,120,55,46,66,54,112" hai3="41,130,91,79,74,50,17,56,118,36,113,25,38"/><V129/><F120/><W16/><G118/><T99/><D115/><U101/><E121/><V33/><F112/><W43/><G79/><T34/><D116/><U108/><E108/><V80/><F33/><W61/><G74/><T102/><D47/><U128/><E117/><V44/><F105/><W107/><G107/><T51/><D51/><N who="1" m="28911" /><E73/><V114/><F114/><W42/><G113/><T14/><D1/><U110/><E110/><V75/><F55/><W123/><G50/><T13/><D76/><U72/><E72/><V94/><F75/><W37/><G123/><T31/><D99/><N who="1" m="59623" /><E2/><V90/><F80/><W64/><G130/><T48/><D48/><U89/><E128/><V96/><F129/><W49/><G49/><T81/><D81/><U15/><E27/><V65/><F127/><W111/><G111/><T97/><D26/><U67/><E132/><V126/><F11/><W134/><G134/><T35/><D97/><U20/><E89/><V57/><F0/><W3/><G3/><T133/><D9/><U122/><E122/><V71/><F71/><W62/><G91/><T23/><D23/><U87/><E87/><N who="0" m="33289" /><D133/><U83/><E83/><V135/><F135/><W69/><REACH who="3" step="1"/><G25/><REACH who="3" ten="250,211,237,292" step="2"/><T106/><D106/><U78/><E78/><V70/><F126/><W119/><G119/><T52/><D102/><U12/><E12/><N who="0" m="4713" /><D100/><U95/><E95/><V125/><F125/><W82/><G82/><T104/><D104/><U98/><E98/><V131/><F131/><W7/><G7/><T40/><D40/><U39/><E39/><V10/><F96/><W68/><G68/><RYUUKYOKU ba="0,1" sc="250,10,211,10,237,-30,292,10" hai0="29,30,31,32,34,35,52" hai1="15,19,20,67,84,88,93" hai3="16,17,36,37,38,41,42,43,56,61,62,64,69" /><INIT seed="3,1,1,1,3,118" ten="260,221,207,302" oya="3" hai0="131,58,72,107,112,115,86,54,2,24,116,12,98" hai1="42,127,84,71,52,28,104,124,82,45,27,23,132" hai2="78,70,117,126,48,92,8,77,13,96,81,43,39" hai3="60,79,102,59,46,135,73,85,105,31,38,9,97"/><W55/><G73/><T14/><D2/><U1/><E71/><V91/><F39/><W41/><G31/><T88/><D72/><U15/><E1/><V36/><F36/><W32/><G32/><T80/><D116/><U57/><E104/><V128/><F70/><W64/><G135/><T93/><D107/><U75/><E75/><V0/><F0/><W62/><G9/><T66/><D66/><U134/><E15/><V10/><F117/><W40/><G40/><T121/><D24/><U130/><E130/><V99/><F128/><W95/><G64/><T35/><D35/><U83/><E84/><N who="2" m="50575" /><F99/><W29/><G29/><T103/><D131/><U90/><E90/><N who="2" m="55319" /><F126/><N who="1" m="48169" /><E45/><N who="2" m="25663" /><F10/><W67/><G67/><T63/><D12/><U114/><E42/><V49/><F49/><W123/><G62/><T119/><D14/><U11/><E11/><V21/><F21/><W33/><G33/><T89/><D119/><U34/><E34/><V100/><F100/><W106/><G106/><T76/><D103/><U113/><E114/><N who="0" m="43561" /><D89/><U56/><E56/><V5/><AGARI ba="1,1" hai="5,8,13,77,78" m="25663,55319,50575" machi="5" ten="30,1100,0" yaku="8,1" doraHai="118" who="2" fromWho="2" sc="260,-4,221,-4,207,24,302,-6" /><INIT seed="4,0,0,1,3,55" ten="256,217,231,296" oya="0" hai0="65,128,2,24,50,74,97,39,22,21,17,95,4" hai1="109,72,30,112,34,71,23,10,69,9,0,101,98" hai2="6,87,7,110,94,1,48,70,106,38,116,41,117" hai3="11,79,15,40,52,96,123,49,129,91,118,31,16"/><T44/><D74/><U43/><E109/><V5/><F106/><W82/><G118/><T68/><D39/><U54/><E34/><V86/><F38/><W81/><G40/><T19/><D128/><U29/><E72/><V135/><F70/><W20/><G129/><T51/><D4/><U59/><E0/><V3/><F110/><W56/><G123/><T84/><D2/><N who="2" m="522" /><F94/><N who="3" m="56415" /><G79/><T25/><D84/><N who="2" m="32298" /><F41/><W132/><G132/><T90/><D44/><U83/><E112/><V133/><F48/><W134/><G134/><AGARI ba="0,0" hai="5,6,7,116,117,133,134,135" m="32298,522" machi="134" ten="40,5200,0" yaku="28,2,20,1" doraHai="55" who="2" fromWho="3" sc="256,0,217,0,231,52,296,-52" /><INIT seed="5,0,0,5,5,95" ten="256,217,283,244" oya="1" hai0="50,56,8,132,5,105,116,29,22,79,125,33,130" hai1="82,60,110,62,47,94,16,6,53,126,40,118,127" hai2="39,83,68,111,115,17,63,37,76,7,87,107,99" hai3="124,112,135,98,11,9,80,10,57,72,46,120,34"/><U108/><E118/><V93/><F111/><N who="1" m="42537" /><E6/><V78/><F7/><W61/><G34/><T70/><D70/><U92/><E82/><V27/><F107/><W91/><G120/><T119/><D105/><U18/><E53/><V14/><F27/><W69/><G69/><T45/><D79/><U48/><E94/><V77/><F115/><W101/><G124/><N who="1" m="47658" /><E92/><V4/><F4/><W122/><G122/><T35/><D5/><U113/><E113/><V23/><F78/><W104/><G112/><T59/><D125/><U28/><E28/><V74/><F77/><W131/><G46/><T43/><D45/><U123/><E123/><V106/><F106/><W19/><G19/><AGARI ba="0,0" hai="16,18,19,40,47,48,60,62" m="47658,42537" machi="19" ten="30,5800,0" yaku="10,1,18,1,54,1" doraHai="95" who="1" fromWho="3" sc="256,0,217,58,283,0,244,-58" /><INIT seed="5,1,0,4,0,71" ten="256,275,283,186" oya="1" hai0="41,72,102,23,118,61,82,96,77,75,21,81,31" hai1="89,30,53,92,24,26,1,67,4,132,0,37,54" hai2="90,122,135,130,131,112,97,18,47,104,55,99,62" hai3="50,123,107,5,22,35,48,94,125,32,38,28,10"/><U86/><E37/><V103/><F122/><W44/><G107/><T121/><D118/><U56/><E132/><V95/><F135/><W42/><G123/><T129/><D121/><U124/><E124/><V45/><F18/><W52/><G50/><T128/><D61/><N who="1" m="38311" /><E0/><V79/><F79/><W15/><G125/><T88/><D41/><U39/><E39/><V36/><F112/><W2/><G94/><T11/><D11/><U14/><E1/><V100/><F90/><W110/><G110/><T85/><D31/><U25/><E30/><V63/><F55/><W7/><G7/><T57/><D57/><U83/><E83/><V113/><F113/><W13/><G2/><T40/><D40/><U74/><E74/><N who="0" m="28201" /><D23/><U19/><E4/><V114/><F114/><W59/><REACH who="3" step="1"/><G15/><REACH who="3" ten="256,275,283,176" step="2"/><T111/><D111/><U117/><E117/><V98/><F104/><W127/><G127/><T34/><D82/><U64/><E64/><V91/><F36/><W20/><G20/><AGARI ba="1,1" hai="14,19,20,24,25,26,53,54,86,89,92" m="38311" machi="20" ten="30,1500,0" yaku="8,1" doraHai="71" who="1" fromWho="3" sc="256,0,275,28,283,0,176,-18" owari="256,-14.0,303,40.0,283,8.0,158,-34.0" /></mjloggm>