<mjloggm ver="2.3"><GO type="97" lobby="0"/><UN n0="%E2%98%85%E9%BA%BB%E5%B0%86%E7%AB%B6%E6%8A%80%E6%84%9B%E5%A5%BD%E8%80%85" n1="%E5%B0%B1%E6%B4%BB%E7%94%9F%40%E5%B7%9D%E6%9D%91%E8%BB%8D%E5%9B%A3" n2="%E3%82%82%E3%81%97%E3%81%8B%E3%81%97%E3%81%A6" n3="%31%32%33%34%70%6F%6E" dan="14,14,13,14" rate="2050.08,1947.39,1896.12,1999.16" sx="M,M,M,M"/><TAIKYOKU oya="0"/><INIT seed="0,0,0,5,1,25" ten="250,250,250,250" oya="0" hai0="70,110,109,107,47,15,88,23,28,87,50,102,71" hai1="129,36,106,108,0,41,1,95,30,5,78,10,18" hai2="104,116,13,48,91,51,59,7,8,90,74,117,58" hai3="43,12,80,46,119,118,121,66,27,73,17,86,126"/><T101/><D107/><U120/><E106/><V56/><F104/><W111/><G111/><N who="0" m="42507" /><D15/><U64/><E120/><V32/><F74/><W26/><G126/><T113/><D113/><U130/><E129/><V98/><F32/><W96/><G121/><T85/><D85/><U135/><E108/><V103/><F51/><W93/><G73/><T21/><D21/><U105/><E135/><V42/><F48/><W81/><G66/><T62/><D62/><U132/><E105/><V92/><REACH who="2" step="1"/><F42/><REACH who="2" ten="250,250,240,250" step="2"/><W94/><G43/><N who="0" m="24959" /><D102/><U22/><E41/><V125/><F125/><W72/><G72/><T37/><D101/><U3/><E130/><V65/><F65/><W53/><G118/><AGARI ba="0,1" hai="7,8,13,56,58,59,90,91,92,98,103,116,117,118" machi="118" ten="40,2600,0" yaku="1,1,12,1,53,0" doraHai="25" doraHaiUra="24" who="2" fromWho="3" sc="250,0,250,0,240,36,250,-26" /><INIT seed="1,0,0,2,2,37" ten="250,250,276,224" oya="1" hai0="117,55,65,97,116,66,56,58,76,119,93,53,89" hai1="127,114,63,51,40,121,100,12,68,126,102,125,3" hai2="118,86,21,83,57,106,88,62,44,7,14,109,30" hai3="133,108,24,8,99,59,38,98,17,85,123,124,120"/><U107/><E3/><V22/><F118/><W27/><G38/><T87/><D76/><U49/><E114/><V46/><F106/><W36/><G36/><T64/><REACH who="0" step="1"/><D87/><REACH who="0" ten="240,250,276,224" step="2"/><U34/><E121/><V104/><F109/><W84/><G108/><T52/><AGARI ba="0,1" hai="52,53,55,56,58,64,65,66,89,93,97,116,117,119" machi="52" ten="40,12000,2" yaku="1,1,2,1,0,1,29,2,54,1,53,0" doraHai="37" doraHaiUra="16" who="0" fromWho="0" sc="240,130,250,-60,276,-30,224,-30" /><INIT seed="2,0,0,3,4,69" ten="370,190,246,194" oya="2" hai0="55,134,70,38,31,88,20,57,74,13,48,80,21" hai1="113,26,124,100,58,93,114,56,5,85,22,81,135" hai2="108,67,128,123,1,101,111,78,79,65,19,8,102" hai3="51,33,90,15,106,17,71,126,75,116,105,27,16"/><V35/><F123/><W32/><G116/><T23/><D70/><U83/><E124/><V11/><F35/><W87/><G75/><T130/><D130/><U125/><E125/><V29/><F29/><W103/><G126/><T52/><D134/><U47/><E135/><V91/><F91/><W10/><G71/><T107/><D107/><U109/><E109/><N who="2" m="42059" /><F128/><W122/><G122/><T43/><D74/><U86/><E5/><V63/><F1/><W89/><G89/><T53/><D31/><U40/><E113/><V28/><F28/><W104/><G103/><N who="2" m="39433" /><F19/><W44/><G32/><T120/><D120/><U119/><E114/><V25/><F25/><W94/><G33/><T39/><D13/><U50/><E119/><V99/><F99/><W24/><REACH who="3" step="1"/><G17/><REACH who="3" ten="370,190,246,184" step="2"/><T95/><D80/><N who="1" m="30795" /><E100/><V132/><F132/><W37/><G37/><T98/><REACH who="0" step="1"/><D57/><REACH who="0" ten="360,190,246,184" step="2"/><N who="1" m="22123" /><E93/><V73/><F73/><W64/><G64/><N who="2" m="24649" /><F63/><W3/><G3/><T0/><D0/><U112/><E112/><V118/><F118/><W61/><G61/><T2/><D2/><U7/><E7/><V46/><F46/><AGARI ba="0,2" hai="20,21,23,38,39,43,46,48,52,53,55,88,95,98" machi="46" ten="40,8000,1" yaku="1,1,52,2,54,2,53,0" doraHai="69" doraHaiUra="12" who="0" fromWho="2" sc="360,100,190,0,246,-80,184,0" /><INIT seed="3,0,0,2,1,10" ten="460,190,166,184" oya="3" hai0="42,123,85,26,61,127,9,89,63,67,82,68,83" hai1="121,15,128,64,108,114,54,96,39,116,129,80,46" hai2="109,132,105,106,99,2,29,71,125,48,12,131,84" hai3="124,79,38,3,117,51,56,75,21,100,101,18,19"/><W44/><G117/><T23/><D123/><U119/><E121/><V86/><F132/><W72/><G124/><T69/><D127/><U58/><E114/><V90/><F125/><W88/><G3/><T70/><D42/><N who="1" m="22879" /><E108/><V65/><F109/><W115/><G115/><T81/><D9/><U57/><E15/><V45/><F2/><W5/><G5/><T77/><D63/><N who="1" m="37999" /><E80/><V103/><F131/><N who="1" m="50249" /><E96/><V37/><F37/><W135/><G135/><T66/><D66/><U126/><E126/><V102/><F29/><W0/><G0/><T24/><D24/><U4/><E4/><V7/><F86/><W20/><G79/><T95/><REACH who="0" step="1"/><D77/><REACH who="0" ten="450,190,166,184" step="2"/><U47/><E119/><V27/><F27/><N who="3" m="14743" /><G38/><T111/><D111/><U16/><E116/><V112/><F112/><W97/><G72/><T30/><AGARI ba="0,1" hai="23,26,30,61,67,68,69,70,81,82,83,85,89,95" machi="30" ten="30,2000,0" yaku="1,1,0,1,53,0" doraHai="10" doraHaiUra="133" who="0" fromWho="0" sc="450,30,190,-5,166,-5,184,-10" owari="480,58.0,185,-1.0,161,-34.0,174,-23.0" /></mjloggm>