<mjloggm ver="2.3"><GO type="65" lobby="0"/><UN n0="%E3%83%92%E3%82%AB%E3%83%AA%E3%83%84%E3%82%AB%E3%82%B5" n1="%E5%B0%B1%E6%B4%BB%E7%94%9F%40%E5%B7%9D%E6%9D%91%E8%BB%8D%E5%9B%A3" n2="%4E%6F%4E%61%6D%65" n3="%74%75%79%6F%73%68%69%34" dan="3,2,0,1" rate="1509.71,1569.26,1500.00,1520.00" sx="M,M,M,M"/><TAIKYOKU oya="0"/><INIT seed="0,0,0,1,1,52" ten="250,250,250,250" oya="0" hai0="14,73,43,60,35,95,115,93,111,7,117,50,90" hai1="89,110,0,118,37,83,125,130,19,127,109,34,103" hai2="87,16,131,71,56,123,84,100,66,41,78,108,39" hai3="92,79,135,129,32,133,80,36,47,128,70,12,61"/><T51/><D115/><U104/><E34/><V2/><F123/><W65/><G32/><T86/><D73/><U55/><E37/><V1/><F108/><N who="1" m="41577" /><E0/><V112/><F112/><W113/><G92/><T134/><D117/><U102/><E118/><V23/><F131/><W42/><G113/><T6/><D35/><U96/><E19/><V18/><F71/><W98/><G98/><T81/><D134/><N who="3" m="51209" /><G12/><T126/><D111/><U10/><E10/><V106/><F106/><W40/><G40/><T22/><D126/><N who="1" m="48139" /><E55/><V132/><F100/><N who="1" m="38441" /><E130/><V31/><F132/><W48/><G48/><T124/><D124/><U54/><E54/><V64/><F39/><W76/><G76/><T77/><D60/><U4/><E4/><V67/><F41/><W114/><G114/><T105/><D105/><U20/><E20/><V15/><F31/><W3/><G3/><T17/><D95/><N who="1" m="56431" /><E104/><V13/><F78/><W94/><G94/><T88/><D43/><U57/><E57/><V58/><F67/><W26/><G26/><T11/><D90/><U75/><E83/><V62/><F62/><W91/><G80/><T44/><D44/><U5/><E5/><V27/><F27/><W53/><G79/><T121/><D121/><U33/><E33/><V29/><F29/><W45/><G53/><T63/><D63/><U21/><E21/><AGARI ba="0,0" hai="1,2,13,15,16,18,21,23,56,58,64,66,84,87" machi="21" ten="25,8000,1" yaku="22,2,52,2,54,1" doraHai="52" who="2" fromWho="1" sc="250,0,250,-80,250,80,250,0" /><INIT seed="1,0,0,3,2,21" ten="250,170,330,250" oya="1" hai0="49,14,74,100,109,135,53,134,93,67,42,35,73" hai1="20,114,108,113,37,10,44,106,27,64,16,119,1" hai2="86,4,48,122,32,75,76,65,97,36,72,31,83" hai3="17,33,77,90,40,3,69,25,107,81,41,92,112"/><U61/><E106/><V102/><F122/><W118/><G3/><T123/><D67/><U98/><E119/><V34/><F36/><W15/><G107/><T89/><D100/><U111/><E98/><V58/><F4/><W24/><G69/><T12/><D35/><U52/><E1/><V60/><F48/><W29/><G118/><T82/><D123/><U121/><E121/><V26/><F34/><W91/><G112/><T55/><D42/><U50/><E37/><V45/><F45/><W131/><G131/><T7/><D82/><U19/><E10/><V80/><F80/><W68/><G68/><T23/><D14/><U28/><E113/><V62/><F62/><W5/><G5/><T38/><D38/><U9/><E114/><V96/><F96/><W110/><G110/><N who="1" m="42026" /><E9/><V43/><F43/><W99/><G91/><T8/><D23/><U22/><E22/><V66/><F66/><W71/><G71/><AGARI ba="0,0" hai="16,19,20,27,28,44,50,52,61,64,71" m="42026" machi="71" ten="30,12000,1" yaku="14,1,10,1,52,1,54,2" doraHai="21" who="1" fromWho="3" sc="250,0,170,120,330,0,250,-120" /><INIT seed="1,1,0,0,4,72" ten="250,290,330,130" oya="1" hai0="123,70,85,115,9,12,35,13,0,5,31,110,78" hai1="22,107,15,82,97,134,121,130,89,125,108,19,20" hai2="59,47,94,52,37,53,40,122,60,133,103,111,46" hai3="100,114,118,1,49,81,75,57,39,120,112,101,3"/><U30/><E121/><V66/><F103/><W62/><G120/><T27/><D70/><U90/><E130/><V102/><F122/><W91/><G118/><T98/><D115/><U76/><E125/><V116/><F116/><W63/><G39/><T25/><D123/><U56/><E134/><V131/><F102/><W77/><G81/><T124/><D124/><U36/><E36/><V83/><F83/><W67/><G49/><T73/><D73/><U92/><E108/><V128/><F94/><W104/><G75/><T10/><D110/><U33/><E33/><V23/><F23/><W41/><G104/><T6/><D98/><U80/><E107/><V68/><F111/><W105/><G105/><T17/><D78/><U119/><E119/><V54/><F133/><W127/><G67/><T55/><D55/><U26/><E56/><V117/><F117/><W18/><G127/><T64/><D64/><U16/><E82/><V69/><F131/><W129/><G57/><T43/><D43/><U28/><REACH who="1" step="1"/><E90/><REACH who="1" ten="250,280,330,130" step="2"/><V88/><F88/><W87/><G129/><T65/><D65/><U109/><E109/><V50/><F128/><W79/><G91/><T61/><D61/><U44/><E44/><V7/><F7/><W34/><G34/><T45/><D45/><U58/><E58/><V95/><F95/><W38/><G38/><T4/><D85/><AGARI ba="1,1" hai="15,16,19,20,22,26,28,30,76,80,85,89,92,97" machi="85" ten="30,18000,2" yaku="1,1,7,1,8,1,52,1,54,1,53,1" doraHai="72" doraHaiUra="86" who="1" fromWho="0" sc="250,-183,280,193,330,0,130,0" /><INIT seed="1,2,0,5,0,83" ten="67,473,330,130" oya="1" hai0="84,39,78,87,35,125,0,100,42,63,3,19,131" hai1="80,88,129,134,60,20,116,64,48,86,68,21,126" hai2="62,29,111,15,93,98,32,6,92,53,26,135,43" hai3="24,2,27,41,66,91,132,118,47,59,44,117,37"/><U121/><E116/><N who="3" m="44650" /><G2/><T1/><D125/><U105/><E105/><V36/><F111/><W107/><G107/><T40/><D131/><U34/><E121/><V79/><F135/><W30/><G132/><T11/><D35/><U22/><E34/><V58/><F79/><W23/><G47/><T18/><D100/><U5/><E134/><V124/><F124/><W70/><G91/><T45/><D42/><U104/><E104/><V7/><F36/><W54/><G27/><T55/><D78/><U8/><E129/><V90/><F43/><W77/><G77/><T9/><D18/><U16/><E126/><V31/><F31/><W112/><G112/><T122/><D122/><U106/><E106/><V113/><F113/><W61/><G54/><T115/><D115/><U101/><E101/><V4/><REACH who="2" step="1"/><F93/><REACH who="2" ten="67,473,320,130" step="2"/><W76/><G76/><T13/><REACH who="0" step="1"/><D11/><AGARI ba="2,1" hai="4,6,7,11,15,26,29,32,53,58,62,90,92,98" machi="11" ten="40,2600,0" yaku="1,1,2,1,53,0" doraHai="83" doraHaiUra="109" who="2" fromWho="0" sc="67,-32,473,0,320,42,130,0" /><INIT seed="2,0,0,3,3,35" ten="35,473,362,130" oya="2" hai0="6,109,69,76,67,47,84,42,51,64,54,15,99" hai1="83,81,118,19,49,104,98,82,100,95,20,45,3" hai2="124,40,44,102,48,16,91,4,58,133,120,27,56" hai3="62,121,119,52,13,25,116,114,90,22,9,125,117"/><V110/><F120/><W8/><G121/><T132/><D109/><U127/><E118/><V88/><F102/><W130/><G125/><T105/><D132/><U112/><E112/><V7/><F124/><W57/><G114/><T71/><D105/><U23/><E127/><V68/><F68/><W24/><G130/><T55/><D99/><U123/><E123/><V87/><F133/><W78/><G78/><T21/><D84/><U1/><E104/><V94/><F110/><W75/><G75/><T33/><D33/><U70/><E70/><V59/><F91/><W101/><G101/><T41/><D76/><U12/><REACH who="1" step="1"/><E23/><AGARI ba="0,0" hai="4,7,16,23,27,40,44,48,56,58,59,87,88,94" machi="23" ten="40,7700,0" yaku="8,1,54,2" doraHai="35" who="2" fromWho="1" sc="35,0,473,-77,362,77,130,0" /><INIT seed="2,1,0,5,1,120" ten="35,396,439,130" oya="2" hai0="27,100,0,112,44,75,35,65,29,123,109,49,6" hai1="125,104,86,132,122,66,133,19,10,134,41,135,101" hai2="67,53,77,130,57,121,54,99,28,115,107,111,4" hai3="63,114,79,118,126,70,81,108,64,117,105,38,110"/><V93/><F115/><W94/><G94/><T89/><D112/><U18/><E122/><V82/><F121/><W92/><G114/><T91/><D75/><U96/><E125/><V13/><F28/><W39/><G92/><T59/><D109/><N who="3" m="42089" /><G126/><T11/><D123/><U62/><E41/><V5/><F111/><W51/><G51/><T78/><D78/><U76/><E10/><V131/><F107/><W74/><G105/><T87/><D100/><U69/><N who="1" m="34304" /><DORA hai="102" /><U50/><REACH who="1" step="1"/><E50/><REACH who="1" ten="35,386,439,130" step="2"/><V72/><F131/><W106/><G106/><T80/><D91/><U113/><E113/><V73/><F130/><W16/><G16/><T129/><D129/><U56/><E56/><V90/><F73/><W31/><G31/><T61/><REACH who="0" step="1"/><D49/><REACH who="0" ten="25,386,439,130" step="2"/><U48/><E48/><V37/><F37/><AGARI ba="1,2" hai="37,38,39,63,64,70,74,79,81,117,118" m="42089" machi="37" ten="30,8000,1" yaku="14,1,23,1,52,3" doraHai="120,102" who="3" fromWho="2" sc="25,0,386,0,439,-83,130,103" /><INIT seed="3,0,0,0,1,82" ten="25,386,356,233" oya="3" hai0="15,13,117,128,24,68,7,111,27,37,33,19,112" hai1="4,106,126,58,122,108,119,46,118,91,22,124,104" hai2="133,85,63,87,113,60,49,50,53,70,77,75,121" hai3="135,93,35,92,20,67,120,110,79,42,3,89,84"/><W34/><G120/><T115/><D7/><U44/><E108/><V74/><F113/><W61/><G3/><T0/><D19/><U72/><E72/><V5/><F5/><W114/><G114/><T8/><D15/><U123/><E4/><V2/><F2/><W105/><G105/><N who="1" m="40554" /><E22/><V6/><F6/><W65/><G65/><T39/><D27/><U45/><E58/><V10/><F10/><W18/><G42/><T17/><D13/><U55/><E91/><V43/><F133/><W29/><G110/><T48/><D17/><U78/><E78/><V73/><F121/><N who="1" m="46089" /><E55/><V97/><F97/><W80/><G135/><T47/><D24/><U134/><E134/><V127/><F127/><AGARI ba="0,0" hai="44,45,46,118,119,124,126,127" m="46089,40554" machi="127" ten="40,5200,0" yaku="28,2,18,1" doraHai="82" who="1" fromWho="2" sc="25,0,386,52,356,-52,233,0" owari="25,-47.0,438,54.0,304,10.0,233,-17.0" /></mjloggm>