<mjloggm ver="2.3"><GO type="41" lobby="0"/><UN n0="%E4%B9%9D%E8%93%AE%E3%82%AA%E3%83%A4%E3%82%B8" n1="%E5%B0%B1%E6%B4%BB%E7%94%9F%40%E5%B7%9D%E6%9D%91%E8%BB%8D%E5%9B%A3" n2="%78%78%E3%82%86%E3%81%86%E3%81%95%E3%82%93%78%78" n3="%6D%69%6F%64%61%7A%65" dan="14,15,14,13" rate="1917.05,1952.16,1845.62,1899.60" sx="M,M,M,F"/><TAIKYOKU oya="0"/><INIT seed="0,0,0,3,1,135" ten="250,250,250,250" oya="0" hai0="74,35,41,58,42,62,32,12,13,19,103,125,88" hai1="37,54,24,1,10,78,85,57,104,29,126,77,123" hai2="11,30,15,14,70,96,82,64,0,65,46,4,71" hai3="26,9,112,87,106,61,52,17,50,69,47,129,122"/><T72/><D125/><U121/><E126/><V133/><F133/><W83/><G112/><T22/><D103/><U60/><E37/><V108/><F30/><W56/><G129/><T31/><D74/><U20/><E104/><V66/><F108/><W119/><G122/><T2/><D2/><U111/><E111/><V27/><F27/><W18/><G119/><T59/><D72/><U84/><E121/><V75/><F96/><W102/><G69/><T40/><D35/><U90/><E123/><V48/><F71/><W107/><G102/><T95/><D32/><U127/><E127/><V43/><F70/><W113/><G113/><T45/><D31/><U80/><E1/><V118/><F118/><W117/><G117/><T79/><D79/><U53/><E10/><V55/><F55/><W114/><G114/><T128/><D128/><U99/><E99/><V109/><F109/><W36/><G36/><T91/><D12/><U63/><E85/><V51/><F51/><W67/><G18/><T44/><D91/><U39/><E39/><V97/><F97/><W94/><G94/><T49/><D49/><BYE who="0" /><U92/><REACH who="1" step="1"/><E80/><REACH who="1" ten="250,240,250,250" step="2"/><V89/><F75/><W3/><G3/><T25/><D25/><U101/><E101/><V131/><F131/><W21/><G9/><T16/><D16/><U6/><E6/><V116/><F116/><W28/><G28/><T38/><D38/><U5/><E5/><V93/><F82/><W33/><G33/><T132/><D132/><U81/><E81/><V76/><F76/><AGARI ba="0,1" hai="17,21,26,47,50,52,56,61,67,76,83,87,106,107" machi="76" ten="30,2000,0" yaku="7,1,54,1" doraHai="135" who="3" fromWho="2" sc="250,0,240,0,250,-20,250,30" /><INIT seed="1,0,0,4,2,70" ten="250,240,230,280" oya="1" hai0="103,78,64,16,23,72,40,57,125,95,17,104,33" hai1="50,117,97,73,106,126,91,4,56,134,49,101,5" hai2="133,25,38,120,62,71,24,81,127,46,2,61,84" hai3="118,100,129,44,119,13,92,42,15,39,124,130,65"/><U105/><E73/><V99/><F120/><W86/><G65/><T102/><D102/><U115/><E117/><N who="3" m="44554" /><G124/><T75/><D75/><U109/><E115/><V19/><F2/><W80/><G92/><T21/><D21/><U63/><E126/><UN n0="%E4%B9%9D%E8%93%AE%E3%82%AA%E3%83%A4%E3%82%B8" /><V132/><F127/><W94/><G94/><T131/><D125/><U83/><E106/><V52/><F71/><W114/><G100/><T67/><D104/><U87/><E134/><N who="2" m="51819" /><F99/><W30/><G30/><T48/><D33/><U12/><E109/><V59/><F62/><W77/><G114/><T1/><D1/><U34/><E34/><V47/><F19/><N who="0" m="7242" /><D72/><U68/><E68/><V128/><F128/><AGARI ba="0,0" hai="13,15,39,42,44,77,80,86,128,129,130" m="44554" machi="128" ten="30,3900,0" yaku="19,1,12,1,52,1" doraHai="70" who="3" fromWho="2" sc="250,0,240,0,230,-39,280,39" /><INIT seed="2,0,0,5,1,27" ten="250,240,191,319" oya="2" hai0="135,94,99,108,64,106,2,32,90,83,63,111,42" hai1="132,39,45,126,110,33,29,36,26,81,0,130,16" hai2="49,60,20,31,21,23,79,98,35,76,122,5,15" hai3="70,53,92,88,41,57,109,95,7,61,103,50,54"/><V74/><F122/><W119/><G119/><T75/><D42/><U80/><E110/><N who="0" m="42025" /><D2/><U129/><E0/><V9/><F98/><N who="3" m="59847" /><G109/><T78/><D32/><U65/><E65/><V82/><F60/><W128/><G128/><N who="1" m="49258" /><E132/><V107/><F107/><W30/><G70/><N who="0" m="42271" /><D106/><U38/><E126/><V56/><F76/><W120/><G41/><T66/><D66/><U8/><E45/><V14/><F14/><AGARI ba="0,0" hai="8,14,16,26,29,33,36,38,39,80,81" m="49258" machi="14" ten="40,5200,0" yaku="19,1,52,1,54,1" doraHai="27" who="1" fromWho="2" sc="250,0,240,52,191,-52,319,0" /><INIT seed="3,0,0,5,3,19" ten="250,292,139,319" oya="3" hai0="80,18,58,55,130,104,12,79,48,89,52,69,38" hai1="64,103,59,126,72,114,125,28,70,13,123,86,129" hai2="32,87,53,122,11,74,106,34,121,83,77,27,0" hai3="54,37,105,56,88,92,61,100,5,119,78,43,9"/><W94/><G119/><T128/><D104/><U50/><E72/><V102/><F74/><W124/><G78/><T96/><D69/><U73/><E73/><V2/><F53/><W107/><G124/><N who="1" m="47722" /><E123/><N who="2" m="47115" /><F27/><W90/><G100/><T118/><D38/><U16/><E28/><V120/><N who="2" m="47123" /><V62/><DORA hai="113" /><F62/><W66/><G43/><T7/><D118/><U71/><E114/><V95/><F106/><W76/><G76/><T45/><D7/><U24/><E129/><N who="0" m="49769" /><D96/><U46/><E24/><V93/><F102/><W65/><G37/><T63/><D89/><N who="3" m="34409" /><G107/><T4/><D4/><U111/><E103/><V112/><F112/><W36/><G36/><T14/><D18/><U99/><E99/><V6/><F0/><W3/><G3/><T1/><D1/><U17/><E111/><V26/><F34/><W127/><G127/><T41/><D41/><N who="1" m="24911" /><E86/><AGARI ba="0,0" hai="12,14,45,48,52,55,58,63,79,80,86" m="49769" machi="86" ten="30,2000,0" yaku="19,1,54,1" doraHai="19,113" who="0" fromWho="1" sc="250,20,292,-20,139,0,319,0" /><INIT seed="4,0,0,5,5,89" ten="270,272,139,319" oya="0" hai0="38,82,31,130,106,132,96,69,43,110,104,93,54" hai1="8,100,4,118,113,135,103,97,72,95,102,12,59" hai2="98,83,134,85,22,116,58,35,68,13,57,42,112" hai3="75,119,129,5,23,2,90,52,61,105,24,109,64"/><T125/><D69/><U50/><E118/><V78/><F35/><W56/><G109/><T94/><D38/><U55/><E72/><V33/><F33/><W45/><G119/><T121/><D31/><U3/><E135/><V48/><F68/><W6/><G129/><T128/><D43/><U25/><E113/><V20/><F116/><W34/><G34/><T126/><D121/><U117/><E117/><V111/><F111/><W36/><G105/><N who="0" m="40555" /><D110/><U115/><E115/><V120/><F112/><W67/><G75/><T131/><D82/><U73/><E73/><V14/><F120/><W10/><G5/><T9/><D54/><U80/><E3/><V70/><F70/><W88/><G67/><T0/><D96/><U1/><E1/><V15/><F134/><W92/><G90/><T28/><D28/><U124/><E124/><N who="0" m="47721" /><D132/><U127/><E127/><V123/><F123/><W32/><G32/><T91/><D91/><U133/><E133/><V44/><F98/><W46/><G64/><T99/><D99/><U101/><E25/><V47/><F47/><W122/><G36/><T107/><D107/><U41/><E80/><V86/><F86/><W77/><G77/><T84/><D84/><U65/><E65/><V79/><F79/><W18/><G122/><T37/><D37/><U49/><E41/><V60/><REACH who="2" step="1"/><F58/><REACH who="2" ten="270,272,129,319" step="2"/><W16/><G18/><T63/><D63/><AGARI ba="0,1" hai="4,8,12,49,50,55,59,63,95,97,100,101,102,103" machi="63" ten="40,2600,0" yaku="8,1,52,1" doraHai="89" who="1" fromWho="0" sc="270,-26,272,36,129,0,319,0" /><INIT seed="5,0,0,4,3,93" ten="244,308,129,319" oya="1" hai0="56,121,97,62,78,87,91,124,73,0,72,94,66" hai1="133,126,21,52,95,127,118,3,77,60,86,88,113" hai2="14,102,96,48,2,85,65,4,12,5,107,36,74" hai3="43,26,67,83,90,61,40,105,29,63,108,7,119"/><U24/><E3/><V92/><F36/><W70/><G108/><T71/><D0/><U6/><E118/><V51/><F65/><W128/><G128/><T122/><D124/><N who="1" m="47659" /><E113/><V45/><F74/><W84/><G119/><T32/><D32/><U120/><E120/><N who="0" m="46185" /><D71/><U110/><E110/><V123/><F123/><W42/><G105/><T115/><D115/><U131/><E131/><V53/><F48/><W22/><G63/><T112/><D112/><U20/><E133/><V34/><F34/><W18/><G7/><T79/><D87/><U50/><E60/><V10/><F4/><W98/><G29/><T58/><D58/><N who="1" m="33047" /><E6/><V129/><F129/><W75/><G75/><AGARI ba="0,0" hai="56,62,66,72,73,75,78,79,91,94,97" m="46185" machi="75" ten="30,2000,0" yaku="13,1,52,1" doraHai="93" who="0" fromWho="3" sc="244,20,308,0,129,0,319,-20" /><INIT seed="6,0,0,5,5,76" ten="264,308,129,299" oya="2" hai0="127,16,113,72,53,119,85,77,95,1,8,42,67" hai1="89,103,101,39,43,34,14,134,104,2,122,118,100" hai2="115,17,31,50,25,26,91,0,4,5,80,48,58" hai3="15,24,55,9,78,44,108,114,75,111,27,30,109"/><V49/><F115/><W51/><G114/><T36/><D113/><U56/><E2/><V69/><F69/><W96/><G96/><T90/><D127/><U21/><E34/><V52/><F0/><W88/><G30/><T28/><D119/><U13/><E122/><V18/><F31/><W132/><G132/><T12/><D1/><U35/><E35/><V86/><F4/><W41/><G55/><T6/><D36/><U45/><E118/><V92/><F5/><W123/><G123/><T129/><D129/><U102/><E104/><V107/><F107/><W64/><G64/><T135/><D135/><U38/><E38/><V94/><F94/><W83/><REACH who="3" step="1"/><G88/><REACH who="3" ten="264,308,129,289" step="2"/><N who="0" m="53647" /><D67/><U46/><E134/><V121/><F121/><W128/><G128/><T84/><D42/><U19/><E89/><V74/><F92/><W131/><G131/><T105/><D105/><U59/><N who="1" m="26112" /><DORA hai="37" /><U3/><E46/><V66/><F66/><W117/><G117/><T70/><D28/><U33/><E33/><V10/><F74/><W71/><G71/><T32/><D32/><U116/><E116/><V63/><REACH who="2" step="1"/><F10/><REACH who="2" ten="264,308,119,289" step="2"/><W57/><G57/><T47/><D70/><U22/><E3/><V110/><F110/><W60/><G60/><T62/><D72/><U87/><E87/><V65/><F65/><W93/><G93/><T11/><D62/><U98/><E98/><V125/><F125/><W29/><G29/><T54/><D84/><U97/><E97/><V20/><F20/><W99/><G99/><T82/><D8/><U40/><E59/><V7/><F7/><AGARI ba="0,2" hai="7,9,15,24,27,41,44,51,75,78,83,108,109,111" machi="7" ten="40,12000,2" yaku="1,1,52,2,53,3" doraHai="76,37" doraHaiUra="23,73" who="3" fromWho="2" sc="264,0,308,0,119,-120,289,140" owari="264,-14.0,308,11.0,-1,-50.0,429,53.0" /></mjloggm>