<mjloggm ver="2.3"><GO type="169" lobby="0"/><UN n0="%48%2E%7A%69%6E" n1="%E3%82%81%E3%82%8D%E3%82%93%E3%81%9D%E3%83%BC%E3%81%A0" n2="%E3%82%A6%E3%83%AB%E3%83%88%E3%83%A9%E7%AB%8B%E7%9B%B4" n3="%E6%B0%B4%E5%86%85%E9%AD%9A%E6%9D%A5%E9%A6%99" dan="16,16,17,17" rate="2021.96,2114.59,2169.73,2131.87" sx="F,F,M,F"/><TAIKYOKU oya="0"/><INIT seed="0,0,0,2,5,117" ten="250,250,250,250" oya="0" hai0="22,27,12,103,56,40,84,20,57,85,63,23,60" hai1="116,96,64,97,69,87,18,132,44,1,34,14,77" hai2="7,2,48,66,43,129,42,15,33,72,25,45,51" hai3="26,31,123,92,82,62,90,37,9,21,83,121,79"/><T133/><D133/><U28/><E116/><V99/><F2/><W46/><G62/><T50/><D12/><U128/><E1/><V105/><F72/><W35/><G9/><T130/><D130/><U110/><E64/><V13/><F129/><W104/><G104/><T55/><D103/><U122/><E69/><V102/><F66/><W61/><G61/><T111/><D111/><U80/><E110/><V59/><F7/><W73/><G82/><T70/><D70/><U41/><E132/><V24/><F59/><W113/><G113/><T115/><D115/><U94/><E128/><V38/><F38/><W52/><G35/><T93/><D27/><U3/><E3/><V32/><F99/><W39/><G52/><N who="0" m="33799" /><D93/><U0/><E0/><V71/><F71/><W114/><G114/><T119/><D119/><U135/><E135/><V19/><F102/><W17/><G31/><T112/><D112/><U100/><E28/><V106/><F19/><W54/><G54/><N who="0" m="34231" /><D40/><U120/><E34/><V58/><F58/><AGARI ba="0,0" hai="20,22,23,50,55,58,84,85" m="34231,33799" machi="58" ten="30,2900,0" yaku="8,1,54,1" doraHai="117" who="0" fromWho="2" sc="250,29,250,0,250,-29,250,0" /><INIT seed="0,1,0,0,5,105" ten="279,250,221,250" oya="0" hai0="92,0,121,93,39,103,13,127,41,1,102,116,101" hai1="14,11,108,125,10,120,53,20,70,99,81,85,12" hai2="54,6,100,42,80,91,57,98,134,71,36,7,59" hai3="23,16,52,19,44,50,77,67,37,117,128,90,82"/><T38/><D116/><U15/><E120/><V114/><F71/><W63/><G117/><T118/><D121/><U89/><E70/><V78/><F114/><W22/><G37/><N who="0" m="13835" /><D13/><U17/><E108/><V124/><F42/><W40/><G90/><T129/><D118/><U62/><E125/><V73/><F36/><W30/><G40/><T18/><D41/><U122/><E122/><V112/><F112/><W55/><G55/><T131/><D18/><U61/><E99/><V24/><F124/><W33/><G33/><T34/><D127/><U95/><E95/><N who="0" m="36425" /><D34/><U88/><E89/><V75/><F134/><W64/><G128/><AGARI ba="1,0" hai="0,1,101,102,103,128,129,131" m="36425,13835" machi="128" ten="40,7700,0" yaku="28,2,19,1" doraHai="105" who="0" fromWho="3" sc="279,80,250,0,221,0,250,-80" /><INIT seed="0,2,0,3,0,95" ten="359,250,221,170" oya="0" hai0="22,66,72,58,84,62,57,35,49,109,117,39,112" hai1="63,90,16,7,21,120,71,51,25,77,123,4,44" hai2="127,37,86,133,87,29,53,92,18,26,80,48,28" hai3="79,114,128,60,110,99,135,11,131,1,38,30,33"/><T115/><D72/><U56/><E71/><V54/><F37/><W34/><G114/><T15/><D35/><U70/><E70/><V118/><F118/><W59/><G38/><T6/><D117/><U14/><E77/><V107/><F107/><W46/><G46/><T9/><D39/><U5/><E90/><V96/><F127/><W0/><G110/><T98/><D109/><U129/><E129/><N who="3" m="49738" /><G135/><T85/><D112/><U102/><E102/><V52/><F133/><W8/><G79/><T101/><D115/><U130/><E130/><V2/><F2/><N who="3" m="1131" /><G99/><T124/><D124/><U23/><E51/><V32/><F29/><W97/><G97/><T94/><D22/><U45/><E123/><V126/><F126/><W89/><G89/><T10/><D10/><N who="3" m="3625" /><G30/><T55/><AGARI ba="2,0" hai="6,9,15,49,55,57,58,62,66,84,85,94,98,101" machi="55" ten="30,6000,0" yaku="0,1,8,1,52,1" doraHai="95" who="0" fromWho="0" sc="359,66,250,-22,221,-22,170,-22" /><INIT seed="0,3,0,5,0,84" ten="425,228,199,148" oya="0" hai0="36,108,123,130,113,133,106,98,4,13,80,85,32" hai1="47,96,10,128,30,26,78,40,42,35,15,107,73" hai2="126,14,17,20,11,37,68,43,81,2,74,77,56" hai3="1,5,9,22,3,18,51,118,105,120,87,93,65"/><T88/><D113/><U115/><E115/><V24/><F68/><W21/><G105/><T79/><D123/><U110/><E110/><V50/><F126/><W104/><G104/><T8/><D108/><U100/><E128/><V125/><F125/><W82/><G118/><T129/><D32/><U75/><E78/><V132/><F132/><W116/><G116/><T46/><D133/><U101/><E101/><V53/><F37/><W76/><G120/><T7/><D36/><U122/><E122/><V114/><F43/><W54/><G65/><T119/><D119/><U127/><E127/><V83/><F114/><W102/><G1/><T111/><D111/><U28/><E28/><V31/><F81/><W23/><G102/><T121/><D121/><U67/><E67/><V135/><F135/><W25/><REACH who="3" step="1"/><G93/><REACH who="3" ten="425,228,199,138" step="2"/><T63/><D106/><U52/><E107/><V39/><F2/><W55/><G55/><T34/><D129/><U61/><E100/><V16/><REACH who="2" step="1"/><F39/><REACH who="2" ten="425,228,189,138" step="2"/><W99/><G99/><T91/><D98/><U6/><E96/><V69/><F69/><W33/><G33/><T57/><D34/><U89/><E35/><V19/><AGARI ba="3,2" hai="11,14,16,17,19,20,24,31,50,53,56,74,77,83" machi="19" ten="20,8000,1" yaku="1,1,0,1,7,1,54,1,53,1" doraHai="84" doraHaiUra="49" who="2" fromWho="2" sc="425,-43,228,-23,189,109,138,-23" /><INIT seed="1,0,0,4,4,76" ten="382,205,298,115" oya="1" hai0="25,73,103,0,97,57,10,36,87,9,78,60,88" hai1="131,85,40,35,21,90,117,48,65,54,11,79,82" hai2="106,31,33,38,4,70,20,72,67,26,13,115,24" hai3="133,37,95,125,123,100,77,53,122,39,98,29,47"/><U64/><E117/><V120/><F38/><W71/><G71/><T61/><D36/><U116/><E35/><V126/><F72/><W121/><G133/><T15/><D0/><U80/><E116/><V30/><F106/><W89/><G125/><T63/><D73/><U41/><E131/><V56/><F70/><W27/><G77/><T51/><D78/><U17/><E11/><N who="2" m="4327" /><F56/><W68/><G68/><T55/><D25/><U101/><E101/><V52/><F52/><W93/><G53/><T50/><D50/><U42/><E54/><V66/><F67/><N who="1" m="25673" /><E48/><V46/><F46/><W112/><G112/><T109/><D109/><U18/><E21/><N who="2" m="15695" /><F66/><W135/><G135/><T104/><REACH who="0" step="1"/><D15/><REACH who="0" ten="372,205,298,115" step="2"/><U49/><E49/><V110/><F110/><W19/><G39/><T44/><D44/><U7/><E79/><V128/><F115/><W86/><G47/><T114/><D114/><U81/><E7/><V74/><F74/><W28/><G37/><T134/><D134/><U119/><E119/><V16/><F128/><W34/><G34/><T3/><D3/><U118/><E118/><V108/><F108/><W5/><G5/><T1/><D1/><U62/><E62/><V105/><F126/><W92/><G27/><T129/><D129/><U8/><E8/><V22/><F24/><W130/><G130/><T12/><D12/><U59/><E59/><V75/><F33/><W113/><G113/><T102/><D102/><U124/><E124/><V32/><F32/><W2/><G2/><T132/><D132/><U45/><E45/><V111/><F111/><W94/><G19/><AGARI ba="0,1" hai="17,18,19,40,41,42,80,81,82,85,90" m="25673" machi="19" ten="30,12000,1" yaku="6,1,8,1,52,3" doraHai="76" who="1" fromWho="3" sc="372,0,205,130,298,0,115,-120" owari="372,47.0,335,14.0,298,-10.0,-5,-51.0" /></mjloggm>