<mjloggm ver="2.3"><GO type="65" lobby="0"/><UN n0="%E5%B0%B1%E6%B4%BB%E7%94%9F%40%E5%B7%9D%E6%9D%91%E8%BB%8D%E5%9B%A3" n1="%4D%65%6B%65%6D%65%6B%65" n2="%E4%B8%8D%E6%9D%A5%E5%85%8E" n3="%6F%6E%61%6F%6E%61%74%61" dan="8,5,10,5" rate="1643.31,1570.16,1501.01,1464.45" sx="M,M,M,M"/><TAIKYOKU oya="0"/><INIT seed="0,0,0,1,2,127" ten="250,250,250,250" oya="0" hai0="43,61,2,92,48,99,9,12,32,77,119,56,36" hai1="89,87,88,75,40,63,112,62,0,26,132,116,18" hai2="76,80,95,8,19,85,34,44,100,106,115,53,94" hai3="122,47,118,108,27,17,124,65,50,130,109,117,111"/><T74/><D2/><U98/><E116/><V90/><F115/><W64/><G27/><T105/><D119/><N who="3" m="45577" /><G17/><T114/><D32/><U52/><E112/><V60/><F34/><W29/><G29/><T13/><D105/><U71/><E0/><V66/><F19/><W46/><G122/><T129/><D114/><U107/><E75/><V128/><F128/><W113/><G113/><T110/><D36/><U101/><E40/><V133/><F133/><W104/><G104/><T7/><D129/><U35/><E132/><V6/><F6/><W79/><G79/><T49/><D110/><U31/><E18/><V72/><F8/><W14/><G14/><T28/><D74/><U51/><E89/><V59/><F95/><W134/><G134/><T131/><D131/><U125/><E125/><V37/><F37/><W96/><G96/><T4/><D77/><U126/><E126/><V42/><F42/><W121/><G130/><T97/><D28/><U1/><E1/><V20/><F20/><W123/><G124/><T25/><D43/><U70/><E70/><V67/><REACH who="2" step="1"/><F44/><REACH who="2" ten="250,250,240,250" step="2"/><N who="3" m="16939" /><G50/><T54/><D25/><U55/><E71/><V22/><F22/><W11/><G11/><T30/><D30/><U73/><E73/><V16/><F16/><W33/><G33/><T45/><D45/><U84/><E51/><N who="0" m="19529" /><D92/><U41/><E41/><V135/><F135/><W93/><G93/><T102/><D102/><U103/><E103/><V81/><F81/><W82/><G82/><T86/><D7/><U78/><E101/><V39/><F39/><W58/><G58/><T120/><D4/><RYUUKYOKU ba="0,1" sc="250,-15,250,-15,240,15,250,15" hai2="53,59,60,66,67,72,76,80,85,90,94,100,106" hai3="64,65,108,109,111,121,123" /><INIT seed="1,1,1,3,2,104" ten="235,235,255,265" oya="1" hai0="14,88,65,48,134,109,99,95,116,126,67,53,132" hai1="9,60,27,0,45,119,46,21,7,106,38,62,74" hai2="61,56,117,89,43,68,16,8,34,82,30,51,113" hai3="1,94,107,121,110,31,54,105,37,81,114,25,123"/><U130/><E119/><V4/><F117/><W111/><G37/><T125/><D116/><U90/><E106/><V76/><F113/><W70/><G70/><T3/><D3/><U44/><E130/><V97/><F68/><W118/><G1/><T83/><D14/><U40/><E90/><V72/><F34/><N who="3" m="20847" /><G54/><T52/><D83/><U24/><E24/><V17/><F30/><W64/><G118/><T59/><D53/><U112/><E112/><V2/><F97/><W47/><G47/><T129/><D129/><U63/><REACH who="1" step="1"/><E74/><REACH who="1" ten="235,225,255,265" step="2"/><V120/><F120/><N who="3" m="46155" /><G114/><T32/><D32/><U50/><E50/><V13/><F89/><W86/><G64/><N who="0" m="24651" /><D109/><N who="3" m="41481" /><G94/><T87/><D87/><U33/><E33/><V80/><F80/><W10/><G10/><T131/><D131/><U36/><E36/><V20/><F17/><AGARI ba="1,2" hai="0,7,9,17,21,27,38,40,44,45,46,60,62,63" machi="17" ten="40,12000,1" yaku="1,1,53,3" doraHai="104" doraHaiUra="42" who="1" fromWho="2" sc="235,0,225,143,255,-123,265,0" /><INIT seed="1,2,0,3,5,114" ten="235,368,132,265" oya="1" hai0="62,71,4,77,38,22,115,39,17,18,79,89,12" hai1="107,0,85,125,33,14,80,129,58,35,3,48,99" hai2="31,111,96,119,67,1,41,126,66,13,20,127,90" hai3="70,55,135,56,92,51,34,32,44,57,36,65,37"/><U86/><E125/><N who="2" m="47627" /><F1/><W42/><G32/><T60/><D115/><U98/><E129/><V93/><F13/><W131/><G34/><T122/><D122/><U78/><E107/><V76/><F76/><W63/><G131/><T59/><D71/><U45/><E58/><V47/><F31/><W102/><G102/><T16/><D39/><U82/><E33/><V117/><F20/><W75/><G92/><T109/><D38/><U25/><E35/><V74/><F74/><W116/><G116/><N who="2" m="44617" /><F111/><W54/><G75/><T10/><D109/><U26/><E0/><V88/><F90/><W132/><REACH who="3" step="1"/><G36/><AGARI ba="2,0" hai="36,41,47,66,67,88,93,96" m="44617,47627" machi="36" ten="30,8000,1" yaku="18,1,52,3,54,1" doraHai="114" who="2" fromWho="3" sc="235,0,368,0,132,86,265,-86" /><INIT seed="2,0,0,5,4,68" ten="235,368,218,179" oya="2" hai0="28,128,111,9,48,124,51,55,109,94,38,39,70" hai1="63,119,105,8,65,97,95,16,71,22,5,135,84" hai2="7,81,56,34,123,69,91,75,30,125,26,131,11" hai3="44,96,1,40,46,4,67,61,18,115,32,37,99"/><V73/><F123/><W76/><G115/><T27/><D70/><U86/><E119/><V122/><F122/><W82/><G32/><T49/><D55/><U72/><E105/><V50/><F69/><W57/><G1/><T132/><D132/><U121/><E72/><V23/><F131/><W29/><G29/><T2/><D128/><U113/><E121/><V107/><F107/><W104/><G4/><T45/><D124/><U78/><E113/><V103/><F125/><W77/><G77/><T100/><D45/><U42/><E135/><V59/><F103/><W80/><G80/><T47/><D47/><U102/><E78/><V14/><F50/><W54/><G104/><T117/><D117/><U31/><E42/><V112/><F112/><W126/><G126/><T66/><D66/><U19/><E31/><V114/><F114/><W24/><G24/><T93/><D9/><U21/><E19/><V110/><F110/><N who="0" m="41994" /><D2/><U25/><REACH who="1" step="1"/><E22/><REACH who="1" ten="235,358,218,179" step="2"/><V58/><F34/><W108/><G18/><T43/><D43/><U129/><E129/><V41/><F41/><W6/><G108/><T0/><D0/><AGARI ba="0,1" hai="0,5,8,16,21,25,63,65,71,84,86,95,97,102" machi="0" ten="30,3900,0" yaku="1,1,7,1,54,1,53,0" doraHai="68" doraHaiUra="130" who="1" fromWho="0" sc="235,-39,358,49,218,0,179,0" /><INIT seed="3,0,0,1,0,101" ten="196,407,218,179" oya="3" hai0="135,127,82,31,107,108,46,48,66,6,75,68,129" hai1="1,24,77,94,134,22,70,126,128,61,81,109,115" hai2="80,132,32,96,89,13,85,111,90,125,14,62,69" hai3="120,44,45,3,121,35,119,124,33,8,57,25,59"/><W19/><G119/><T110/><D107/><U20/><E115/><V12/><F32/><W41/><G124/><T55/><D6/><U16/><E1/><V102/><F125/><W113/><G113/><T116/><D31/><U99/><E126/><V130/><F130/><W79/><G79/><T72/><D72/><U34/><E128/><V93/><F132/><W105/><G3/><T39/><D75/><U100/><E134/><V88/><F111/><N who="0" m="42538" /><D82/><U9/><E34/><V27/><F27/><W67/><G67/><T23/><D23/><U98/><E109/><V15/><N who="2" m="3584" /><DORA hai="21" /><V53/><F69/><W58/><G8/><T76/><D76/><U118/><E118/><V112/><F112/><W103/><G103/><T63/><D127/><U42/><E42/><V2/><F2/><W7/><G7/><T40/><D116/><U106/><E9/><V92/><F62/><W28/><G19/><T60/><D129/><U83/><E77/><V64/><F64/><W133/><G133/><T65/><D135/><U117/><E117/><V54/><REACH who="2" step="1"/><F102/><REACH who="2" ten="196,407,208,179" step="2"/><W5/><G5/><T123/><D123/><U29/><E61/><N who="0" m="23625" /><D68/><U17/><E70/><V84/><AGARI ba="0,1" hai="53,54,80,84,85,88,89,90,92,93,96" m="3584" machi="84" ten="40,16000,3" yaku="1,1,0,1,8,1,54,1,53,5" doraHai="101,21" doraHaiUra="11,95" who="2" fromWho="2" sc="196,-40,407,-40,208,170,179,-80" owari="156,-24.0,367,17.0,378,47.0,99,-40.0" /></mjloggm>