<mjloggm ver="2.3"><GO type="169" lobby="0"/><UN n0="%E3%82%A6%E3%83%AB%E3%83%88%E3%83%A9%E7%AB%8B%E7%9B%B4" n1="%EF%BC%88%EF%BC%BE%D0%94%EF%BC%BE%EF%BC%89" n2="%E5%B2%A1%E6%9D%91%E9%9D%96%E5%B9%B8" n3="%E3%83%A8%E3%82%B3%E3%83%A8%E3%82%B3" dan="16,16,16,16" rate="2135.86,2104.98,2097.06,2070.22" sx="M,M,M,M"/><TAIKYOKU oya="0"/><INIT seed="0,0,0,1,0,46" ten="250,250,250,250" oya="0" hai0="34,116,102,2,56,12,24,35,132,73,28,55,130" hai1="124,95,25,32,11,57,113,94,5,22,117,133,43" hai2="14,45,127,47,8,89,62,26,53,80,33,41,30" hai3="54,10,121,44,103,118,100,81,20,21,74,3,31"/><T115/><D73/><U27/><E117/><V108/><F108/><W105/><G118/><T64/><D116/><U77/><E133/><V79/><F127/><W106/><G121/><T104/><D2/><U15/><E124/><V68/><F89/><W122/><G122/><T66/><D115/><U134/><E134/><V112/><F112/><W70/><G70/><T1/><D1/><U29/><E113/><V129/><F129/><W13/><G3/><T88/><D102/><U90/><E77/><V61/><F68/><W75/><G44/><T87/><D104/><U67/><E43/><V52/><F47/><W125/><G125/><T110/><D35/><U59/><E67/><V49/><F62/><W82/><G13/><T69/><D69/><U98/><REACH who="1" step="1"/><E95/><REACH who="1" ten="250,240,250,250" step="2"/><V97/><F61/><W0/><G106/><T120/><D132/><U131/><E131/><V18/><REACH who="2" step="1"/><F97/><REACH who="2" ten="250,240,240,250" step="2"/><W135/><G135/><T99/><D99/><U16/><AGARI ba="0,2" hai="5,11,15,16,22,25,27,29,32,57,59,90,94,98" machi="16" ten="20,5200,0" yaku="1,1,0,1,7,1,54,1,53,0" doraHai="46" doraHaiUra="38" who="1" fromWho="1" sc="250,-26,240,72,240,-13,250,-13" /><INIT seed="1,0,0,1,5,87" ten="224,312,227,237" oya="1" hai0="61,112,50,59,101,26,16,123,102,127,109,33,111" hai1="105,99,57,36,133,46,45,67,72,75,43,135,2" hai2="58,41,30,78,82,115,77,38,56,18,20,84,34" hai3="73,15,122,1,4,14,70,29,10,98,86,55,63"/><U28/><E2/><V65/><F115/><W113/><G73/><T5/><D5/><U126/><E126/><V68/><F68/><W37/><G37/><T3/><D3/><U107/><E28/><V95/><F34/><W108/><G113/><T120/><D50/><U60/><E45/><V124/><F124/><W93/><G122/><N who="0" m="46635" /><D33/><U76/><E76/><V71/><F30/><W104/><G108/><N who="0" m="41547" /><D127/><U81/><E81/><V24/><F82/><W22/><G104/><N who="1" m="40010" /><E99/><V21/><F38/><W116/><G116/><T12/><D26/><U130/><E130/><V31/><F24/><W49/><G86/><T35/><D35/><U83/><E83/><V85/><F84/><W6/><G29/><T9/><D112/><U39/><E39/><V23/><F85/><W125/><G125/><T47/><D47/><U42/><E42/><V94/><F31/><W131/><G131/><T74/><D74/><U48/><E36/><V19/><F41/><W64/><G22/><T53/><AGARI ba="0,0" hai="9,12,16,53,59,61,101,102" m="41547,46635" machi="53" ten="30,4000,0" yaku="13,1,14,1,54,1" doraHai="87" who="0" fromWho="0" sc="224,40,312,-20,227,-10,237,-10" /><INIT seed="2,0,0,2,4,84" ten="264,292,217,227" oya="2" hai0="116,12,64,26,37,34,58,99,132,68,17,23,101" hai1="115,74,8,52,2,46,77,27,44,71,76,29,16" hai2="109,135,19,15,25,67,134,113,104,124,53,85,117" hai3="78,106,7,90,110,127,30,11,35,80,13,81,108"/><V105/><F117/><W20/><G127/><T21/><D37/><U38/><E71/><V119/><F119/><W120/><G120/><T98/><D132/><N who="2" m="50730" /><F113/><W4/><G106/><T32/><D68/><U28/><E115/><V33/><F124/><W96/><G4/><T91/><D116/><U88/><E74/><V128/><F128/><W112/><G112/><T40/><D40/><U87/><E38/><V18/><F67/><W125/><G125/><T122/><D122/><U48/><E44/><V103/><F103/><W6/><G7/><T42/><D42/><U123/><E123/><V93/><F53/><W79/><G35/><T24/><D101/><U47/><E47/><V10/><F109/><N who="3" m="42091" /><G80/><T82/><D64/><U114/><E114/><V51/><F51/><W45/><G45/><T129/><D129/><U22/><E2/><V36/><F36/><W100/><G100/><T14/><D82/><N who="1" m="49271" /><E29/><N who="2" m="19631" /><F19/><W55/><G55/><T41/><D17/><U50/><E50/><V70/><F70/><W102/><G102/><T111/><D41/><U66/><E66/><V59/><F59/><W89/><G96/><T107/><D111/><U5/><E5/><V54/><F54/><W118/><G118/><T126/><D126/><U69/><E69/><V65/><F65/><W133/><G133/><T131/><D131/><U3/><E3/><V72/><F72/><W130/><G130/><T60/><D58/><U62/><E62/><V94/><F94/><W95/><G95/><T56/><D56/><U31/><E31/><V39/><F39/><W1/><G1/><T0/><D0/><RYUUKYOKU ba="0,0" sc="264,-15,292,15,217,15,227,-15" hai1="8,16,22,27,28,46,48,52,76,77" hai2="10,15,18,85,93,104,105" /><INIT seed="2,1,0,5,4,57" ten="249,307,232,212" oya="2" hai0="50,11,23,65,97,76,88,125,63,119,132,129,70" hai1="135,89,80,105,30,51,115,98,46,8,5,94,85" hai2="113,55,49,130,47,73,77,67,24,52,3,123,13" hai3="6,126,122,96,84,27,7,25,131,26,78,121,133"/><V56/><F123/><W103/><G126/><T116/><D125/><U38/><E115/><V83/><F113/><W127/><G127/><T74/><D129/><U35/><E38/><V92/><F130/><W39/><G131/><T4/><D76/><U87/><E135/><V75/><F3/><W124/><G124/><T71/><D74/><U120/><E105/><V45/><F75/><W107/><G133/><T22/><D50/><U104/><E104/><V69/><F24/><W34/><G34/><T9/><D132/><U66/><E120/><V68/><F67/><W17/><G39/><T64/><D97/><U86/><E66/><V81/><F81/><W72/><G72/><T19/><D88/><U2/><E30/><V40/><F13/><W16/><G122/><T112/><D112/><U128/><E35/><V18/><F18/><W1/><G121/><T43/><D43/><U32/><E32/><V20/><F20/><W108/><G108/><T91/><D91/><U93/><E93/><V101/><F47/><W53/><G53/><T111/><D111/><U58/><E58/><V12/><F12/><W33/><G33/><T42/><D42/><U110/><E110/><V102/><F55/><W62/><G1/><T106/><D106/><U95/><E95/><V10/><F10/><W79/><G6/><T117/><D19/><U109/><E128/><V15/><F15/><W99/><G16/><T134/><D134/><U48/><E109/><V59/><F92/><W82/><G17/><T61/><D11/><U28/><E8/><V100/><F59/><W44/><G7/><RYUUKYOKU ba="1,0" sc="249,15,307,-15,232,15,212,-15" hai0="4,9,22,23,61,63,64,65,70,71,116,117,119" hai2="40,45,49,52,56,68,69,73,77,83,100,101,102" /><INIT seed="2,2,0,4,4,61" ten="264,292,247,197" oya="2" hai0="112,126,41,125,110,42,83,7,3,101,118,111,79" hai1="17,86,115,116,92,74,58,29,47,51,105,94,103" hai2="63,66,104,108,28,131,72,90,117,60,98,30,95" hai3="75,2,122,22,35,36,48,38,54,129,9,27,13"/><V56/><F117/><W130/><G122/><T46/><D112/><U8/><E74/><V67/><F131/><N who="3" m="50187" /><G75/><T127/><D118/><U16/><E115/><V49/><F108/><N who="0" m="41514" /><D7/><U31/><E105/><V133/><F133/><W71/><G71/><T77/><D3/><U20/><E116/><V70/><F72/><W26/><G35/><T132/><D132/><U40/><E58/><V123/><F123/><W113/><G113/><T6/><D6/><U39/><E39/><N who="3" m="14890" /><G2/><T10/><D10/><U114/><E114/><V69/><F104/><W12/><G9/><T33/><D33/><U78/><E94/><V52/><AGARI ba="2,0" hai="28,30,49,52,56,60,63,66,67,69,70,90,95,98" machi="52" ten="30,12000,1" yaku="0,1,9,1,52,2,54,1" doraHai="61" who="2" fromWho="2" sc="264,-42,292,-42,247,126,197,-42" /><INIT seed="2,3,0,2,0,127" ten="222,250,373,155" oya="2" hai0="51,83,58,13,131,32,79,121,98,122,93,62,16" hai1="99,48,82,109,1,92,126,5,33,77,6,119,25" hai2="4,76,18,134,14,129,11,114,118,39,106,70,91" hai3="34,7,115,97,123,41,60,80,43,117,104,47,46"/><V69/><F118/><W128/><G117/><T8/><D51/><U101/><E119/><V90/><F114/><W112/><G123/><T37/><D37/><U113/><E1/><V102/><F39/><W84/><G34/><T105/><D105/><U22/><E33/><V56/><F134/><W36/><G7/><T45/><D45/><U81/><E109/><V19/><F76/><W89/><G60/><T124/><D32/><U108/><E108/><V133/><F133/><W72/><G72/><T38/><D38/><U86/><E126/><V87/><F56/><W52/><G41/><T111/><D111/><U96/><E113/><N who="3" m="43594" /><G104/><T2/><D131/><U74/><E48/><V135/><F135/><W55/><G46/><T12/><D12/><U130/><E130/><V31/><F31/><W107/><G128/><T44/><D44/><U116/><E99/><V42/><F129/><W95/><G107/><T88/><D2/><U35/><E35/><V29/><F42/><W66/><G66/><T53/><REACH who="0" step="1"/><D124/><REACH who="0" ten="212,250,373,155" step="2"/><U24/><E116/><V23/><F106/><W110/><G110/><T28/><D28/><U94/><E25/><V17/><F29/><W3/><G3/><T40/><D40/><U30/><E30/><V57/><F14/><W120/><G120/><T65/><D65/><U10/><E24/><V20/><F20/><W27/><G27/><T61/><D61/><U54/><E22/><V71/><F23/><W59/><G59/><T50/><D50/><U64/><E64/><V67/><F57/><W68/><G68/><T125/><D125/><U73/><E54/><RYUUKYOKU ba="3,1" sc="212,15,250,-15,373,-15,155,15" hai0="8,13,16,53,58,62,79,83,88,93,98,121,122" hai3="36,43,47,52,55,80,84,89,95,97" /><INIT seed="3,4,1,3,4,57" ten="227,235,358,170" oya="3" hai0="76,91,81,24,10,61,27,38,114,98,82,34,104" hai1="126,67,121,51,133,79,32,92,45,68,110,83,54" hai2="7,107,86,78,115,14,131,93,33,85,58,117,69" hai3="116,64,4,29,97,87,80,113,21,9,132,42,105"/><W25/><G116/><T95/><D38/><U46/><E121/><V44/><F69/><W11/><G113/><T130/><D130/><U120/><E120/><V109/><F107/><W12/><G132/><T70/><D104/><U49/><E32/><V15/><F33/><W89/><G42/><T96/><D96/><U5/><E133/><V135/><F109/><W129/><G129/><T72/><D34/><U111/><E126/><V63/><F135/><W16/><G64/><T52/><D114/><U59/><E5/><V88/><F131/><W124/><G124/><T53/><D53/><U50/><E92/><V118/><F115/><W65/><G65/><T99/><D99/><U74/><E67/><N who="2" m="39415" /><F118/><W48/><G48/><T13/><D82/><U37/><E68/><V22/><F7/><W75/><G75/><T94/><D94/><U71/><E71/><V39/><F39/><W55/><G55/><T112/><D112/><U102/><E102/><V62/><F44/><N who="1" m="17001" /><E37/><V77/><F117/><W106/><REACH who="3" step="1"/><G97/><REACH who="3" ten="227,235,358,160" step="2"/><T31/><D72/><U100/><E111/><V127/><F127/><W28/><G28/><T56/><D31/><U90/><E110/><V41/><F41/><W60/><G60/><T123/><D123/><U134/><E49/><V6/><F62/><W20/><G20/><T84/><D70/><U108/><E50/><V43/><F43/><W47/><G47/><T101/><D101/><U125/><E100/><V18/><F86/><W8/><G8/><AGARI ba="4,2" hai="6,8,14,15,18,22,77,78,85,88,93" m="39415" machi="8" ten="30,3900,0" yaku="8,1,52,1,54,1" doraHai="57" who="2" fromWho="3" sc="227,0,235,0,358,71,160,-51" /><INIT seed="4,0,0,5,2,74" ten="227,235,429,109" oya="0" hai0="72,12,42,95,90,2,33,3,60,61,65,16,31" hai1="20,69,25,35,30,113,120,77,47,126,44,85,57" hai2="64,129,101,36,125,0,92,80,87,17,56,40,97" hai3="24,63,83,51,116,121,70,109,18,76,122,59,1"/><T107/><D107/><U53/><E69/><V104/><F0/><W10/><G116/><T7/><D72/><U130/><E120/><N who="3" m="46186" /><G109/><T66/><D42/><U86/><E130/><V114/><F92/><W29/><G70/><T134/><D7/><U39/><E126/><V111/><F17/><W81/><G51/><T38/><D38/><U14/><E113/><V37/><F114/><W79/><G1/><T43/><D43/><U50/><E39/><V9/><F9/><W52/><G10/><T112/><D112/><U131/><E86/><V127/><F40/><W119/><G18/><T94/><D134/><U93/><E131/><V100/><F100/><W96/><G96/><T8/><D33/><U23/><E35/><V4/><F4/><W123/><N who="3" m="46194" /><W103/><DORA hai="46" /><G103/><T84/><D31/><U128/><E128/><V67/><F111/><W118/><G118/><T22/><D8/><U124/><E124/><N who="2" m="47691" /><F129/><W88/><G119/><T41/><D41/><U102/><E102/><V58/><F56/><W132/><G132/><T62/><D3/><U105/><E105/><V115/><F58/><W91/><G81/><N who="0" m="49423" /><D2/><U15/><E93/><AGARI ba="0,0" hai="12,16,22,60,61,62,65,66,93,94,95" m="49423" machi="93" ten="30,2900,0" yaku="8,1,54,1" doraHai="74,46" who="0" fromWho="1" sc="227,29,235,-29,429,0,109,0" /><INIT seed="4,1,0,0,5,75" ten="256,206,429,109" oya="0" hai0="22,74,114,37,4,24,90,47,88,78,76,66,71" hai1="116,95,102,27,133,42,14,26,62,16,11,87,129" hai2="3,108,106,15,55,118,82,130,80,128,68,69,50" hai3="6,63,89,73,85,119,10,46,39,115,64,28,104"/><T70/><D74/><U18/><E116/><V25/><F3/><W122/><G119/><T105/><D105/><U36/><E133/><V86/><F118/><W17/><G115/><T103/><D37/><U61/><E129/><N who="2" m="49771" /><F106/><W111/><G111/><T134/><D71/><U92/><E42/><V79/><F108/><W81/><G104/><T43/><D70/><U19/><E36/><V67/><F67/><W99/><G122/><T98/><D66/><U91/><E62/><V94/><F94/><W120/><G120/><T109/><D4/><N who="1" m="3431" /><E61/><V9/><F25/><W59/><G28/><T124/><D109/><U101/><E101/><V41/><F80/><W1/><G17/><T33/><D33/><U60/><E60/><V132/><F41/><W31/><G31/><T32/><D32/><U127/><E127/><V135/><F135/><W34/><G34/><T45/><D134/><U100/><E100/><V0/><F0/><W56/><G73/><T48/><D47/><U65/><E65/><V49/><F49/><W8/><G10/><T126/><D114/><U96/><AGARI ba="1,0" hai="16,18,19,26,27,87,91,92,95,96,102" m="3431" machi="96" ten="30,2000,0" yaku="8,1,54,1" doraHai="75" who="1" fromWho="1" sc="256,-11,206,23,429,-6,109,-6" /><INIT seed="5,0,0,3,3,40" ten="245,229,423,103" oya="1" hai0="117,81,105,41,69,62,89,134,45,0,2,120,27" hai1="128,4,133,85,74,30,113,66,132,78,14,65,135" hai2="55,130,104,23,16,10,9,122,63,124,6,114,48" hai3="125,110,18,98,51,64,28,1,123,47,24,68,112"/><U25/><E74/><V54/><F104/><W36/><G112/><T5/><D117/><U92/><E113/><V73/><F73/><W96/><G123/><T108/><D108/><U72/><E72/><V52/><F122/><W60/><G110/><T103/><D5/><U43/><E128/><V79/><F79/><W88/><G125/><T21/><D134/><U56/><E43/><V86/><F130/><W38/><G1/><T46/><D103/><U8/><E56/><N who="2" m="35231" /><F124/><W94/><G18/><T91/><D105/><U99/><E85/><V20/><F114/><W29/><G98/><T22/><D69/><U44/><E44/><N who="0" m="17001" /><D41/><U32/><REACH who="1" step="1"/><E78/><REACH who="1" ten="245,219,423,103" step="2"/><V116/><F86/><W90/><G36/><T34/><D120/><U17/><E17/><V115/><F16/><W53/><G38/><T3/><D81/><U19/><E19/><V33/><F115/><W13/><G29/><T37/><D37/><U61/><E61/><V119/><F116/><W15/><REACH who="3" step="1"/><G90/><AGARI ba="0,1" hai="4,8,14,25,30,32,65,66,90,92,99,132,133,135" machi="90" ten="40,3900,0" yaku="1,1,20,1,53,0" doraHai="40" doraHaiUra="118" who="1" fromWho="3" sc="245,0,219,49,423,0,103,-39" /><INIT seed="5,1,0,1,2,48" ten="245,268,423,64" oya="1" hai0="105,50,130,91,114,20,21,101,126,92,4,33,11" hai1="81,31,52,45,133,82,39,63,3,118,67,77,40" hai2="12,115,25,80,38,2,7,113,125,53,27,34,104" hai3="19,46,22,106,117,79,32,9,99,23,62,90,89"/><U71/><E118/><V68/><F68/><W112/><G117/><T57/><D33/><U15/><E3/><V66/><F38/><W116/><G116/><T54/><D114/><N who="2" m="43530" /><F104/><W35/><G112/><T102/><D126/><U110/><E133/><V96/><F66/><W36/><G79/><T30/><D130/><U78/><E110/><V69/><F69/><W103/><G9/><T124/><D124/><U59/><E31/><V70/><F70/><W75/><G75/><T55/><D105/><U120/><E120/><V73/><F2/><W49/><G36/><T131/><D131/><U109/><E109/><V97/><F125/><W129/><G62/><T5/><D102/><U37/><E37/><V16/><F7/><W88/><G129/><T93/><D101/><U51/><E15/><V24/><F34/><W29/><G29/><T135/><D135/><U0/><E0/><V1/><F1/><W100/><G103/><T94/><D91/><U98/><E98/><V111/><F111/><W86/><G86/><T41/><D41/><U95/><E95/><V58/><F80/><AGARI ba="1,0" hai="39,40,45,51,52,59,63,67,71,77,78,80,81,82" machi="80" ten="40,12000,1" yaku="24,2,52,1,54,1" doraHai="48" who="1" fromWho="2" sc="245,0,268,123,423,-123,64,0" /><INIT seed="5,2,0,3,0,98" ten="245,391,300,64" oya="1" hai0="7,17,11,59,25,92,99,6,39,15,21,26,19" hai1="28,75,105,101,27,79,112,134,0,36,13,41,106" hai2="47,48,58,129,8,56,91,124,104,117,135,78,46" hai3="93,64,62,57,83,29,43,128,51,44,80,71,94"/><U118/><E0/><V131/><F104/><W72/><G128/><N who="2" m="49225" /><F78/><W18/><G29/><T84/><D39/><U96/><E112/><V24/><F24/><W119/><G119/><T35/><D84/><U67/><E118/><V76/><F76/><W116/><G116/><T107/><D107/><U1/><E1/><V54/><F117/><W31/><G31/><N who="0" m="19959" /><D59/><N who="2" m="22570" /><F8/><W50/><G71/><T55/><D55/><U122/><E106/><V81/><F81/><N who="3" m="31307" /><G72/><T109/><D99/><U12/><E75/><V30/><F91/><W88/><G50/><T85/><D85/><U33/><E79/><V95/><F95/><N who="3" m="36363" /><G18/><N who="0" m="8575" /><D92/><U130/><E130/><V14/><F30/><W114/><G114/><T102/><D102/><U133/><E67/><V66/><F66/><W97/><G97/><T42/><D42/><U52/><E52/><V4/><F54/><W49/><G49/><T115/><D115/><U73/><E73/><V113/><F48/><W121/><G121/><T127/><D109/><U69/><E122/><V65/><F65/><W132/><G132/><N who="1" m="50794" /><E69/><V74/><F135/><W77/><G77/><T10/><D127/><U34/><E34/><V126/><F74/><W3/><G3/><T22/><D10/><U103/><E103/><V111/><F111/><W63/><G62/><T123/><D123/><U53/><E53/><V32/><F113/><W20/><G20/><T23/><D23/><U87/><E87/><V125/><F32/><W37/><G37/><T120/><D120/><U86/><E86/><V5/><F125/><W82/><N who="3" m="31315" /><W60/><DORA hai="45" /><G60/><T16/><D22/><RYUUKYOKU ba="2,0" sc="245,10,391,10,300,-30,64,10" hai0="6,7,16,17,19,21,25" hai1="12,13,27,28,33,36,41,96,101,105" hai3="43,44,51,57,63,64,88" /><INIT seed="5,3,0,2,4,129" ten="255,401,270,74" oya="1" hai0="125,4,97,45,116,112,79,55,115,65,113,92,108" hai1="1,91,68,134,67,107,59,0,36,119,105,34,54" hai2="93,114,35,110,11,5,127,16,87,43,18,78,6" hai3="102,128,60,41,132,56,64,69,29,101,84,80,53"/><U23/><E34/><V90/><F110/><W21/><G128/><T77/><D116/><U8/><E36/><V28/><F127/><W98/><G41/><T24/><D125/><U109/><E67/><V63/><F114/><W7/><G7/><T30/><D4/><U133/><E68/><V2/><F6/><W82/><G132/><N who="1" m="50794" /><E119/><V81/><F43/><W12/><G84/><T135/><D135/><U130/><E130/><V95/><F95/><W88/><G102/><T3/><D3/><N who="1" m="1099" /><E8/><V39/><F39/><W27/><G12/><T89/><D108/><U46/><E46/><V86/><F35/><W15/><G15/><T19/><D65/><U123/><E123/><V122/><F122/><W52/><G88/><T131/><D131/><U10/><E10/><V76/><F11/><W31/><G31/><T51/><D19/><U66/><E66/><V61/><F28/><W74/><G69/><T103/><D89/><U17/><E91/><V99/><F5/><W104/><G74/><T121/><D121/><U71/><E71/><V44/><F2/><W100/><G101/><T48/><D45/><U26/><E109/><V22/><F44/><W124/><G124/><T40/><D40/><U20/><E23/><V118/><F118/><W57/><REACH who="3" step="1"/><G64/><REACH who="3" ten="255,401,270,64" step="2"/><T9/><D9/><U72/><E72/><V75/><F75/><W83/><G83/><T47/><D112/><U25/><E25/><N who="2" m="14535" /><F18/><W13/><G13/><T50/><D115/><U37/><E37/><V96/><F81/><W111/><G111/><T62/><D113/><U42/><E42/><V106/><F90/><RYUUKYOKU ba="3,1" sc="255,-15,401,15,270,-15,64,15" hai1="17,20,26,54,59,105,107" hai3="21,27,29,52,53,56,57,60,80,82,98,100,104" /><INIT seed="5,4,1,5,1,102" ten="240,416,255,79" oya="1" hai0="58,82,127,44,0,40,71,125,9,68,2,43,77" hai1="134,72,64,45,46,20,104,25,39,4,133,129,111" hai2="89,33,65,59,53,80,57,117,128,41,90,28,118" hai3="87,56,109,17,126,13,3,37,23,103,15,1,78"/><U119/><E119/><V130/><F41/><W22/><G109/><T105/><D58/><U112/><E72/><V94/><F28/><W66/><G37/><T75/><D43/><U83/><E111/><V19/><F33/><W55/><G126/><N who="0" m="48139" /><D9/><U6/><E112/><V47/><F19/><W100/><G66/><T18/><D18/><U95/><E104/><V121/><F121/><W110/><G110/><T36/><D105/><U31/><E129/><N who="2" m="49771" /><F47/><N who="1" m="17929" /><E39/><V86/><F65/><W16/><G78/><T8/><D0/><U92/><E83/><V108/><F108/><W34/><G87/><T7/><AGARI ba="4,1" hai="2,7,8,36,40,44,68,71,75,77,82" m="48139" machi="7" ten="30,4000,0" yaku="25,1,18,1,23,1" doraHai="102" who="0" fromWho="0" sc="240,62,416,-24,255,-14,79,-14" /><INIT seed="6,0,0,3,5,107" ten="302,392,241,65" oya="2" hai0="5,11,70,126,108,27,104,134,67,48,57,95,1" hai1="46,124,18,99,23,31,125,121,12,68,45,6,122" hai2="64,133,98,91,72,51,10,20,32,15,127,75,28" hai3="29,58,96,60,44,62,40,79,82,16,35,55,26"/><V24/><F127/><N who="1" m="48713" /><E68/><V33/><F133/><W69/><G96/><T17/><D104/><U73/><E73/><V13/><F64/><W115/><G115/><T30/><D108/><U54/><E31/><V49/><F10/><W2/><G2/><T14/><D134/><U52/><E99/><V37/><F37/><W0/><G0/><T71/><D126/><U131/><E6/><V80/><F98/><W119/><G119/><T102/><D95/><U65/><E65/><V93/><F93/><W129/><G129/><T8/><D102/><U116/><E131/><V92/><F92/><W90/><G90/><T56/><D56/><U111/><E111/><V100/><F100/><W7/><G7/><T3/><D3/><U120/><E116/><V47/><F91/><W106/><G106/><T88/><D88/><U109/><E109/><V103/><F103/><W112/><G112/><T89/><D89/><U9/><E9/><V110/><F110/><W117/><G117/><T85/><D85/><U128/><E128/><V77/><F75/><W21/><G69/><T42/><D67/><U105/><E105/><V101/><F101/><W87/><G62/><T22/><D42/><U4/><E4/><V34/><REACH who="2" step="1"/><F51/><REACH who="2" ten="302,392,231,65" step="2"/><W74/><G87/><T118/><D118/><U36/><E36/><V38/><F38/><W25/><G40/><AGARI ba="0,1" hai="13,15,20,24,28,32,33,34,40,47,49,72,77,80" machi="40" ten="40,3900,0" yaku="1,1,52,1,53,0" doraHai="107" doraHaiUra="63" who="2" fromWho="3" sc="302,0,392,0,231,49,65,-39" /><INIT seed="6,1,0,4,1,34" ten="302,392,280,26" oya="2" hai0="131,93,9,85,33,87,97,124,94,80,86,44,109" hai1="20,106,84,24,28,63,54,67,76,83,91,41,119" hai2="8,115,35,108,120,72,11,32,128,50,99,79,22" hai3="1,135,78,39,56,57,81,66,16,129,3,92,23"/><V65/><F120/><W118/><G118/><T12/><D33/><U113/><E106/><V96/><F65/><W19/><G135/><T21/><D109/><U6/><E113/><V75/><F50/><W77/><G39/><T90/><D124/><U45/><E54/><V98/><F108/><W82/><G92/><T134/><D134/><U17/><E6/><V132/><F132/><W125/><G66/><T130/><D21/><U5/><E5/><V110/><F110/><W127/><REACH who="3" step="1"/><G23/><REACH who="3" ten="302,392,280,16" step="2"/><T74/><D94/><U107/><E107/><V10/><F22/><W53/><G53/><T104/><D104/><U43/><E119/><V71/><F35/><W121/><G121/><T73/><D93/><U38/><E43/><V114/><F32/><W25/><G25/><T102/><D80/><U88/><E28/><V31/><F31/><W52/><G52/><T46/><D130/><AGARI ba="1,1" hai="1,3,16,19,56,57,77,78,81,82,125,127,129,130" machi="130" ten="25,12000,2" yaku="1,1,22,2,52,2,54,1,53,0" doraHai="34" doraHaiUra="100" who="3" fromWho="0" sc="302,-123,392,0,280,0,16,133" /><INIT seed="7,0,0,3,2,11" ten="179,392,280,149" oya="3" hai0="125,33,112,69,36,30,110,17,99,123,88,42,16" hai1="21,61,121,15,106,52,3,105,109,14,103,97,102" hai2="79,94,22,20,101,55,80,35,65,34,40,12,72" hai3="135,120,104,87,60,92,78,132,91,27,73,77,119"/><W116/><G60/><T85/><D69/><U63/><E3/><V107/><F65/><W122/><G27/><T134/><D123/><N who="3" m="47145" /><G104/><T49/><D36/><U100/><E121/><V75/><F107/><W127/><G127/><T126/><D33/><U84/><E109/><V111/><F34/><W66/><G66/><T95/><D30/><U89/><E106/><V86/><F35/><W93/><G92/><N who="0" m="54287" /><D110/><U2/><E2/><V44/><F94/><W7/><G7/><T128/><D112/><U47/><E105/><V129/><F111/><W70/><G70/><T56/><D128/><U6/><E97/><V76/><F129/><W32/><G32/><T131/><D131/><U108/><E108/><V82/><F82/><N who="3" m="45359" /><G78/><T25/><D25/><U115/><E115/><V54/><F79/><W43/><G43/><T67/><D126/><U51/><E6/><V26/><F26/><W38/><G38/><T4/><D125/><U8/><E8/><V18/><F40/><W130/><G130/><T118/><D4/><U50/><E50/><V64/><F64/><W113/><G113/><T68/><D68/><U81/><E21/><V98/><F72/><W59/><G59/><T41/><D56/><N who="1" m="34951" /><E63/><V23/><F75/><W53/><G53/><AGARI ba="0,0" hai="14,15,47,51,53,81,84,89,100,102,103" m="34951" machi="53" ten="30,7700,0" yaku="8,1,52,2,54,1" doraHai="11" who="1" fromWho="3" sc="179,0,392,77,280,0,149,-77" owari="179,-22.0,469,57.0,280,8.0,72,-43.0" /></mjloggm>