<mjloggm ver="2.3"><GO type="41" lobby="0"/><UN n0="%E3%81%9C%E3%82%93%E3%81%A4%E3%81%81%E5%AB%8C%E3%81%84" n1="%6E%79%61%61%74%79%61%6E" n2="%E3%81%AA%E3%81%99%E3%81%B3%EF%BC%94" n3="%E5%B0%B1%E6%B4%BB%E7%94%9F%40%E5%B7%9D%E6%9D%91%E8%BB%8D%E5%9B%A3" dan="14,13,14,14" rate="1914.58,2000.09,1952.74,1988.84" sx="M,F,M,M"/><TAIKYOKU oya="0"/><INIT seed="0,0,0,2,2,74" ten="250,250,250,250" oya="0" hai0="12,130,123,21,76,118,89,126,87,124,88,8,70" hai1="28,58,47,27,29,32,54,131,19,31,49,119,91" hai2="81,46,66,78,38,18,93,64,102,16,99,98,106" hai3="43,105,3,9,1,112,37,59,116,10,75,94,22"/><T128/><D70/><U121/><E119/><V120/><F120/><W101/><G105/><T83/><D123/><U33/><E121/><V24/><F38/><W110/><G116/><T77/><D21/><U132/><E131/><N who="0" m="50217" /><D118/><U103/><E103/><V133/><F46/><W51/><G22/><T135/><D135/><U17/><E132/><V4/><F4/><W95/><G37/><T86/><D12/><U62/><E33/><V65/><F133/><W107/><G107/><T61/><D61/><U92/><E19/><V117/><F117/><W15/><G15/><T45/><D8/><U42/><E17/><V80/><F80/><W79/><G51/><T111/><D45/><U57/><E58/><V109/><F109/><W26/><G59/><T7/><D7/><U134/><E134/><V122/><F122/><W50/><G50/><T41/><D41/><U85/><AGARI ba="0,0" hai="27,28,29,31,32,42,47,49,54,57,62,85,91,92" machi="85" ten="20,1500,0" yaku="0,1,7,1" doraHai="74" who="1" fromWho="1" sc="250,-7,250,15,250,-4,250,-4" /><INIT seed="1,0,0,4,5,15" ten="243,265,246,246" oya="1" hai0="84,105,44,41,78,79,56,28,47,10,118,130,86" hai1="115,108,11,88,49,81,6,55,30,74,27,106,109" hai2="95,99,110,53,100,93,22,43,129,36,2,104,98" hai3="3,127,26,51,48,37,61,135,8,75,14,33,111"/><U117/><E106/><V92/><F2/><W17/><G75/><T38/><D105/><U76/><E117/><V126/><F43/><W1/><G37/><T50/><D118/><U123/><E123/><V31/><F36/><W124/><G61/><T73/><D130/><U4/><E115/><V58/><F129/><W77/><G77/><T120/><D120/><U121/><E121/><V68/><F68/><W40/><G40/><T72/><D28/><U71/><E71/><V32/><F32/><W112/><G51/><T67/><D10/><U64/><E64/><V16/><F31/><N who="3" m="19703" /><G48/><N who="0" m="26639" /><D73/><U52/><E88/><V101/><F126/><N who="3" m="48171" /><G112/><T66/><D72/><U5/><E49/><V13/><REACH who="2" step="1"/><F110/><REACH who="2" ten="243,265,236,246" step="2"/><W54/><G111/><T7/><D38/><U91/><E108/><V125/><F125/><W132/><G54/><T63/><D67/><U96/><E109/><V122/><F122/><W65/><G65/><T45/><D66/><U113/><E113/><V34/><F34/><W25/><G3/><T19/><D45/><U35/><E55/><V24/><F24/><W89/><G1/><T59/><D47/><U80/><E52/><V90/><F90/><W116/><G89/><T102/><D79/><U9/><E91/><V94/><F94/><W21/><G116/><T85/><D78/><U87/><E80/><V23/><F23/><W29/><AGARI ba="0,1" hai="8,14,17,21,25,29,132,135" m="48171,19703" machi="29" ten="30,7900,0" yaku="18,1,34,2,52,1" doraHai="15" who="3" fromWho="3" sc="243,-20,265,-39,236,-20,246,89" /><INIT seed="2,0,0,4,3,117" ten="223,226,216,335" oya="2" hai0="16,52,120,46,97,27,50,92,5,69,1,61,68" hai1="37,115,75,11,33,89,55,77,96,64,112,45,127" hai2="35,134,106,116,17,87,107,31,14,43,10,78,85" hai3="54,133,88,40,0,82,60,38,122,9,95,22,125"/><V91/><F116/><W86/><G125/><T81/><D120/><U79/><E33/><V131/><F131/><W100/><G133/><T73/><D1/><U19/><E64/><V42/><F134/><W36/><G122/><T108/><D5/><U135/><E135/><V118/><F118/><W48/><G22/><T103/><D108/><U121/><E127/><V84/><F78/><W28/><G28/><T58/><D73/><U71/><E71/><V94/><F35/><W109/><G109/><T101/><D81/><U20/><E11/><V53/><F31/><W44/><G60/><T74/><D74/><U124/><E124/><V7/><F106/><W76/><G100/><T65/><REACH who="0" step="1"/><D103/><REACH who="0" ten="213,226,216,335" step="2"/><U56/><E75/><V49/><F7/><W25/><G0/><T24/><D24/><U114/><E121/><V99/><REACH who="2" step="1"/><F107/><REACH who="2" ten="213,226,206,335" step="2"/><W15/><G76/><T67/><D67/><U18/><E79/><V26/><F26/><W23/><G25/><T13/><D13/><U98/><E77/><V6/><F6/><W110/><G15/><T51/><D51/><U59/><E114/><V63/><F63/><W93/><G48/><T8/><D8/><U39/><E115/><V90/><F90/><W113/><G9/><T123/><D123/><U111/><E89/><V30/><F30/><W129/><G88/><T126/><D126/><U62/><E112/><V119/><F119/><W70/><G113/><T4/><D4/><U34/><E34/><V66/><F66/><W29/><G110/><T104/><D104/><U3/><E111/><V12/><F12/><W80/><G29/><RYUUKYOKU ba="0,2" sc="213,15,226,-15,206,15,335,-15" hai0="16,27,46,50,52,58,61,65,68,69,92,97,101" hai2="10,14,17,42,43,49,53,84,85,87,91,94,99" /><INIT seed="2,1,2,1,0,64" ten="228,211,221,320" oya="2" hai0="37,77,128,99,35,12,72,94,32,134,56,87,84" hai1="16,21,78,83,20,31,76,14,131,57,98,11,67" hai2="110,117,23,109,114,40,118,36,126,101,28,13,121" hai3="4,19,61,22,108,54,38,112,107,10,92,124,129"/><V39/><F101/><W127/><G107/><T132/><D37/><N who="2" m="14410" /><F13/><N who="3" m="9583" /><G38/><T27/><D128/><U100/><E131/><V17/><F23/><N who="1" m="8777" /><E31/><V1/><F1/><N who="3" m="271" /><G129/><T45/><D45/><U73/><E73/><V97/><F97/><W130/><G130/><T102/><D12/><U90/><E100/><V123/><F17/><W0/><G92/><T66/><D72/><U86/><E98/><V51/><F28/><W69/><G0/><T68/><D56/><U96/><E96/><V75/><F75/><W104/><G104/><T60/><D27/><U93/><E93/><V80/><F80/><W105/><G105/><T9/><D9/><U63/><AGARI ba="1,2" hai="11,14,16,57,63,67,76,78,83,86,90" m="8777" machi="63" ten="30,2000,0" yaku="8,1,54,1" doraHai="64" who="1" fromWho="1" sc="228,-6,211,43,221,-11,320,-6" /><INIT seed="3,0,0,4,0,46" ten="222,254,210,314" oya="3" hai0="0,69,1,110,80,49,92,62,104,79,105,23,3" hai1="114,122,54,43,14,119,26,135,83,5,130,115,60" hai2="20,18,111,76,45,34,125,24,65,126,97,68,8" hai3="109,131,93,84,38,107,9,2,72,101,41,77,59"/><W33/><G33/><T32/><D110/><U56/><E122/><V82/><F111/><W67/><G109/><T4/><D23/><U100/><E100/><V50/><F34/><W17/><G131/><T86/><D32/><U103/><E103/><V27/><F97/><W129/><G129/><T73/><D4/><U132/><E130/><V58/><F68/><W106/><G67/><T88/><REACH who="0" step="1"/><D49/><REACH who="0" ten="212,254,210,314" step="2"/><U121/><E5/><V90/><F126/><W127/><G127/><T13/><D13/><U30/><E14/><V120/><F125/><W102/><G2/><T42/><D42/><U64/><E43/><V99/><F120/><W51/><G41/><T6/><D6/><U37/><E121/><V57/><F27/><W89/><G51/><T108/><D108/><U70/><E26/><V85/><F8/><W31/><G38/><T95/><D95/><U52/><E37/><V96/><F65/><AGARI ba="0,1" hai="0,1,3,62,65,69,73,79,80,86,88,92,104,105" machi="65" ten="40,2600,0" yaku="1,1,54,1,53,0" doraHai="46" doraHaiUra="16" who="0" fromWho="2" sc="212,36,254,0,210,-26,314,0" /><INIT seed="4,0,0,3,4,67" ten="248,254,184,314" oya="0" hai0="71,44,27,21,40,117,64,103,121,4,39,94,32" hai1="120,52,107,33,65,70,61,62,58,73,49,135,102" hai2="68,108,31,130,37,41,127,72,85,23,82,54,76" hai3="112,10,11,69,29,50,84,86,46,45,56,115,16"/><T1/><D117/><U2/><E120/><V129/><F108/><W79/><G29/><T124/><D121/><U7/><E73/><V9/><F127/><W98/><G98/><T95/><D124/><U63/><E135/><V126/><F126/><W51/><G69/><T131/><D131/><U6/><E6/><V35/><F35/><W14/><G56/><T87/><D32/><U18/><E18/><V12/><F37/><W30/><G30/><T132/><D132/><U36/><E33/><V91/><F41/><W83/><G84/><T101/><D4/><U77/><E77/><V80/><F54/><W13/><G50/><T104/><D1/><U43/><E102/><V133/><F133/><W26/><G26/><T3/><D3/><U57/><E107/><V17/><F68/><W15/><G15/><T128/><D128/><N who="2" m="49258" /><F31/><W110/><G110/><T122/><D122/><U74/><E74/><V92/><F82/><W22/><G22/><AGARI ba="0,0" hai="9,12,17,22,23,72,76,80,85,91,92" m="49258" machi="22" ten="30,1000,0" yaku="19,1" doraHai="67" who="2" fromWho="3" sc="248,0,254,0,184,10,314,-10" /><INIT seed="5,0,0,0,1,81" ten="248,254,194,304" oya="1" hai0="126,75,61,59,44,68,111,22,130,76,99,107,7" hai1="97,14,3,94,62,38,45,84,131,117,70,2,57" hai2="25,50,82,39,87,96,95,32,79,105,119,60,83" hai3="8,77,127,13,86,47,120,20,88,40,112,135,118"/><U12/><E117/><V64/><F39/><W109/><G120/><T19/><D111/><U100/><E70/><V28/><F119/><W80/><G118/><T6/><D68/><U41/><E131/><V9/><F9/><W49/><G112/><T108/><D108/><U106/><E14/><V103/><F50/><W85/><G109/><T98/><D130/><U113/><E113/><V10/><F10/><W67/><G127/><T37/><D126/><U29/><E29/><V53/><F53/><W134/><G20/><T63/><D76/><U133/><E12/><V11/><F11/><W124/><G67/><T16/><D75/><U55/><E133/><V78/><F95/><N who="3" m="54671" /><G124/><T123/><D123/><U23/><E23/><V34/><F34/><W1/><G1/><T56/><D107/><U69/><E69/><V66/><REACH who="2" step="1"/><F60/><REACH who="2" ten="248,254,184,304" step="2"/><W121/><G121/><T74/><D63/><U71/><E71/><V36/><F36/><W27/><G27/><T115/><D61/><U15/><E15/><V42/><F42/><W58/><G58/><T51/><D59/><U4/><E4/><AGARI ba="0,1" hai="4,8,13,40,47,49,77,80,86,134,135" m="54671" machi="4" ten="30,7700,0" yaku="25,1,52,2,54,1" doraHai="81" who="3" fromWho="1" sc="248,0,254,-77,184,0,304,87" /><INIT seed="6,0,0,5,3,111" ten="248,177,184,391" oya="2" hai0="52,43,20,122,89,62,26,109,106,67,113,53,125" hai1="59,71,127,78,7,17,118,116,40,6,104,57,90" hai2="1,16,115,33,97,80,95,3,68,135,75,70,83" hai3="114,112,74,5,11,123,126,55,86,128,64,91,47"/><V124/><F33/><W15/><G74/><T132/><D122/><U82/><E71/><V50/><F135/><W100/><G123/><T92/><D106/><U93/><E104/><V130/><F130/><W105/><G128/><T61/><D109/><U37/><E127/><V13/><F124/><W42/><G126/><T10/><D125/><U76/><E17/><V4/><F115/><N who="3" m="44075" /><G64/><T41/><D113/><U85/><E40/><V2/><F4/><W103/><G55/><N who="0" m="21067" /><D10/><U18/><E118/><V19/><F50/><N who="3" m="26999" /><G105/><T79/><D67/><U98/><E116/><V60/><F60/><W24/><G24/><T46/><D62/><U8/><E37/><V73/><F13/><W84/><G84/><T129/><D61/><U134/><E85/><V94/><F1/><W96/><G96/><AGARI ba="0,0" hai="2,3,16,19,68,70,73,75,80,83,94,95,96,97" machi="96" ten="25,4800,0" yaku="22,2,54,1" doraHai="111" who="2" fromWho="3" sc="248,0,177,0,184,48,391,-48" /><INIT seed="6,1,0,4,2,67" ten="248,177,232,343" oya="2" hai0="65,48,34,122,109,10,37,113,83,15,99,108,105" hai1="58,60,63,90,95,26,43,71,17,49,134,1,125" hai2="131,29,126,7,45,70,0,101,133,18,25,4,47" hai3="53,35,5,102,31,128,116,36,32,120,72,124,129"/><V73/><F73/><W20/><G36/><T115/><D37/><U74/><E74/><V106/><F133/><W76/><G120/><T112/><D122/><U57/><E1/><V79/><F131/><N who="3" m="50251" /><G102/><N who="0" m="62687" /><D34/><N who="3" m="12841" /><G53/><T123/><D123/><U88/><E134/><V84/><F126/><W12/><G76/><T8/><D65/><U94/><E125/><V107/><F70/><W98/><G98/><T30/><D30/><U121/><E121/><V100/><F18/><N who="3" m="10311" /><G72/><T93/><D93/><U13/><E49/><V104/><F84/><W40/><G40/><T41/><D83/><U19/><E43/><V114/><F79/><W9/><G116/><T97/><D97/><U110/><E71/><V85/><F85/><W27/><G124/><T87/><D87/><U80/><E80/><V89/><F89/><W132/><G132/><T119/><D119/><U127/><E127/><V55/><F55/><W59/><G59/><T28/><D48/><U52/><E52/><V23/><F0/><W64/><G64/><T62/><D62/><U16/><E19/><V61/><F61/><W44/><G44/><T118/><D28/><U39/><E39/><V22/><F106/><W111/><G111/><T46/><D118/><U103/><E103/><V21/><F104/><W54/><G54/><T66/><D66/><U92/><E94/><V42/><F107/><W135/><G135/><T2/><D46/><U24/><E110/><V78/><F47/><W3/><G31/><T75/><D41/><U11/><E13/><V86/><F45/><W33/><N who="3" m="12849" /><W68/><DORA hai="51" /><G68/><T81/><D75/><RYUUKYOKU ba="1,0" sc="248,-15,177,15,232,-15,343,15" hai1="11,16,17,24,26,57,58,60,63,88,90,92,95" hai3="3,5,9,27" /><INIT seed="7,2,0,1,3,28" ten="233,192,217,358" oya="3" hai0="76,87,90,31,66,98,26,135,62,84,79,33,37" hai1="102,60,120,38,23,126,96,100,56,46,4,74,45" hai2="1,81,43,30,17,50,40,64,21,129,59,39,127" hai3="119,125,8,107,97,77,114,116,2,106,24,15,48"/><W88/><G2/><T99/><D37/><U112/><E74/><V113/><F1/><W25/><G77/><T92/><D135/><U93/><E120/><V131/><F113/><W118/><G125/><T132/><D132/><U80/><E126/><V54/><F127/><W70/><G70/><T34/><D34/><U110/><E110/><V20/><F81/><W3/><G114/><T111/><D111/><U128/><E112/><V63/><F30/><W86/><G3/><T65/><D65/><U115/><E115/><V94/><F94/><W27/><G97/><T16/><D16/><U18/><E4/><V122/><F122/><W22/><G48/><T133/><D133/><U71/><E71/><N who="2" m="42399" /><F40/><W49/><G49/><T14/><D14/><U67/><E128/><N who="2" m="49227" /><F17/><W103/><G103/><T57/><D79/><U134/><E134/><V6/><F6/><W12/><G22/><T82/><AGARI ba="2,0" hai="26,31,33,57,62,66,76,82,84,87,90,92,98,99" machi="82" ten="30,2000,0" yaku="0,1,52,1" doraHai="28" who="0" fromWho="0" sc="233,26,192,-7,217,-7,358,-12" owari="259,6.0,185,-31.0,210,-19.0,346,44.0" /></mjloggm>