<mjloggm ver="2.3"><GO type="169" lobby="0"/><UN n0="%E3%82%A6%E3%83%AB%E3%83%88%E3%83%A9%E7%AB%8B%E7%9B%B4" n1="%6A%69%6E%6B%61%69" n2="%E3%83%95%E3%83%AA%E3%83%86%E3%83%B3" n3="%E3%82%B4%E3%83%B3%E3%82%BE%E3%83%A1%E3%82%B9%E5%A4%A7%E5%86%85" dan="16,16,18,16" rate="2105.51,2079.36,2189.14,2080.87" sx="M,M,M,M"/><TAIKYOKU oya="0"/><INIT seed="0,0,0,2,1,97" ten="250,250,250,250" oya="0" hai0="55,101,87,1,28,84,27,16,65,37,33,73,59" hai1="61,133,114,132,81,105,10,91,110,47,125,83,120" hai2="64,50,8,115,95,4,13,128,51,18,52,20,90" hai3="122,111,46,104,66,14,127,24,131,82,53,78,129"/><T117/><D37/><U75/><E120/><V58/><F115/><W70/><G122/><T85/><D73/><U123/><E123/><V79/><F128/><N who="3" m="49227" /><G111/><T113/><D1/><U39/><E110/><V21/><F79/><W74/><G127/><T45/><D117/><U135/><E125/><V5/><F64/><W26/><G104/><T2/><D2/><U31/><E114/><V86/><F20/><W96/><G96/><T89/><D113/><U29/><E105/><V23/><F21/><W126/><G126/><T54/><D101/><U15/><E61/><V119/><F119/><W25/><G14/><T17/><D89/><U130/><E130/><V56/><F8/><W106/><G106/><T7/><D7/><U76/><E83/><V72/><F72/><W42/><G53/><AGARI ba="0,0" hai="4,5,13,18,23,50,51,52,53,56,58,86,90,95" machi="53" ten="40,8000,1" yaku="9,1,25,2,8,1,54,1" doraHai="97" who="2" fromWho="3" sc="250,0,250,0,250,80,250,-80" /><INIT seed="1,0,0,5,4,65" ten="250,250,330,170" oya="1" hai0="23,18,16,130,71,48,97,128,31,74,50,73,40" hai1="82,98,110,123,26,80,133,129,131,43,55,13,30" hai2="49,19,135,28,4,113,58,29,7,104,45,32,10" hai3="124,106,122,94,83,1,62,33,114,6,132,21,8"/><U95/><E123/><V54/><F104/><W87/><G122/><T57/><D31/><N who="2" m="11850" /><F32/><W100/><G33/><T99/><D57/><U81/><E133/><V89/><F113/><W60/><G132/><T93/><D40/><U79/><E43/><V0/><F0/><W38/><G38/><T70/><D93/><U36/><E36/><V22/><F10/><W61/><G114/><T3/><D23/><N who="1" m="15711" /><E79/><V59/><F135/><W91/><G21/><T78/><D78/><U41/><E41/><N who="2" m="24751" /><F89/><W20/><G20/><T14/><D14/><U118/><E13/><N who="2" m="9583" /><F58/><W24/><G24/><T105/><D105/><U76/><E76/><V77/><F77/><W111/><G106/><T63/><D63/><AGARI ba="0,0" hai="4,7,54,59,63" m="9583,24751,11850" machi="63" ten="30,1000,0" yaku="8,1" doraHai="65" who="2" fromWho="0" sc="250,-10,250,0,330,10,170,0" /><INIT seed="2,0,0,3,5,41" ten="240,250,340,170" oya="2" hai0="53,116,101,35,7,73,13,8,30,15,91,115,103" hai1="87,96,110,1,132,80,6,46,37,79,124,82,81" hai2="29,14,18,78,10,105,39,122,83,128,56,22,34" hai3="112,88,9,74,49,77,38,107,67,84,31,121,119"/><V60/><F128/><W70/><G38/><T97/><D73/><N who="1" m="43119" /><E110/><V123/><F105/><W130/><G119/><T20/><D115/><U98/><E124/><V24/><F39/><W44/><G107/><T131/><D131/><U118/><E118/><V102/><F102/><W17/><G130/><T36/><D36/><U133/><E82/><V64/><REACH who="2" step="1"/><F34/><REACH who="2" ten="240,250,330,170" step="2"/><W52/><G112/><T117/><D35/><U92/><E132/><V114/><F114/><W104/><G104/><T68/><D103/><U111/><E37/><V126/><F126/><W86/><G121/><T108/><D101/><U134/><E133/><V71/><F71/><W51/><G70/><T99/><D68/><U76/><E134/><V89/><F89/><W43/><G88/><T135/><D91/><U11/><E98/><V90/><F90/><W54/><G77/><T62/><D99/><U93/><E96/><V27/><F27/><W2/><G74/><AGARI ba="0,1" hai="10,14,18,22,24,29,56,60,64,74,78,83,122,123" machi="74" ten="30,2900,0" yaku="1,1,7,1,53,0" doraHai="41" doraHaiUra="48" who="2" fromWho="3" sc="240,0,250,0,330,39,170,-29" /><INIT seed="2,1,0,3,3,16" ten="240,250,369,141" oya="2" hai0="1,118,59,109,98,133,33,88,105,2,108,27,103" hai1="104,3,17,87,107,54,29,57,124,6,114,32,68" hai2="66,18,127,51,129,64,135,41,77,61,85,56,95" hai3="116,99,91,122,38,111,49,46,25,13,20,19,55"/><V79/><F127/><W75/><G122/><T126/><D133/><U9/><E68/><V5/><F135/><W30/><G116/><T36/><D36/><U15/><E114/><V71/><F5/><W94/><G111/><N who="0" m="42571" /><D118/><U86/><E124/><V47/><F129/><W26/><G38/><T12/><D126/><U60/><E86/><V112/><F112/><W24/><REACH who="3" step="1"/><G75/><REACH who="3" ten="240,250,369,131" step="2"/><T102/><D102/><U70/><E70/><V22/><F71/><W97/><G97/><T8/><D103/><U117/><E87/><V63/><F85/><W123/><G123/><T83/><D98/><U62/><E117/><V48/><F95/><W7/><G7/><T52/><D105/><U39/><E39/><V80/><F80/><W67/><G67/><T50/><D83/><U128/><E104/><V72/><F72/><W93/><G93/><T121/><D121/><U21/><E107/><V65/><F65/><W37/><G37/><T10/><D88/><U78/><E78/><V58/><F51/><W106/><G106/><T14/><D8/><AGARI ba="1,1" hai="8,13,19,20,24,25,26,30,46,49,55,91,94,99" machi="8" ten="30,7700,0" yaku="1,1,7,1,8,1,52,1,53,0" doraHai="16" doraHaiUra="115" who="3" fromWho="0" sc="240,-80,250,0,369,0,131,90" /><INIT seed="3,0,0,2,5,4" ten="160,250,369,221" oya="3" hai0="60,93,80,12,53,46,0,78,77,1,45,126,132" hai1="82,115,40,16,13,72,112,87,111,31,21,36,73" hai2="17,51,102,5,101,88,71,105,34,134,20,95,64" hai3="27,99,23,90,83,39,89,91,55,2,122,7,114"/><W68/><G114/><T124/><D93/><U135/><E111/><V37/><F34/><W9/><G122/><T48/><D132/><U130/><E135/><V32/><F32/><W81/><G68/><T26/><D78/><U52/><E130/><V49/><F37/><W47/><G99/><T18/><D26/><U92/><E92/><V110/><F105/><W84/><G83/><T76/><D76/><U120/><E120/><V65/><F5/><W33/><G33/><T29/><D29/><U113/><E31/><V100/><F71/><W11/><G9/><T14/><D14/><U30/><E30/><V118/><F110/><W97/><G97/><T116/><D46/><U98/><E98/><V41/><F118/><W104/><G104/><T50/><D50/><N who="2" m="18954" /><F41/><W96/><G96/><T61/><D116/><U10/><E52/><V25/><F134/><W85/><G55/><T63/><D1/><U35/><E35/><V8/><F88/><W28/><REACH who="3" step="1"/><G84/><REACH who="3" ten="160,250,369,211" step="2"/><T59/><D0/><U75/><E112/><V67/><F95/><W86/><G86/><T56/><D56/><U43/><E113/><V69/><F69/><W94/><G94/><T123/><D123/><U127/><E115/><V24/><F8/><W66/><G66/><T44/><D59/><U6/><E87/><V119/><F119/><W58/><G58/><T57/><D57/><U125/><E82/><V22/><F67/><W131/><G131/><T15/><D80/><U42/><E36/><V62/><F62/><W103/><G103/><T79/><D61/><U128/><E128/><V54/><F54/><RYUUKYOKU ba="0,1" sc="160,-30,250,10,369,10,211,10" hai1="6,10,13,16,21,40,42,43,72,73,75,125,127" hai2="17,20,22,24,25,64,65,100,101,102" hai3="2,7,11,23,27,28,39,47,81,85,89,90,91" /><INIT seed="3,1,1,1,1,48" ten="130,260,379,221" oya="3" hai0="1,40,135,121,25,43,2,132,47,17,12,131,58" hai1="22,118,14,123,73,98,38,11,31,128,85,129,42" hai2="89,109,68,37,94,55,62,84,57,6,66,3,71" hai3="20,53,15,29,117,39,95,16,52,83,119,130,50"/><W114/><G114/><T120/><D25/><N who="1" m="16823" /><E73/><V18/><F37/><W93/><G39/><T36/><D43/><U79/><E98/><V82/><F109/><W49/><G130/><T10/><D131/><N who="1" m="50251" /><E123/><V70/><F18/><W60/><G117/><T26/><D26/><U108/><E42/><V69/><F6/><W56/><G119/><T19/><D19/><U24/><E24/><V75/><F3/><W97/><G83/><T59/><D1/><U76/><E38/><V72/><REACH who="2" step="1"/><F82/><REACH who="2" ten="130,260,369,221" step="2"/><W27/><G97/><T65/><D2/><U61/><E108/><V100/><F100/><W32/><REACH who="3" step="1"/><G60/><AGARI ba="1,2" hai="55,57,60,62,66,68,69,70,71,72,75,84,89,94" machi="60" ten="40,2600,0" yaku="1,1,52,1,53,0" doraHai="48" doraHaiUra="124" who="2" fromWho="3" sc="130,0,260,0,369,49,221,-29" /><INIT seed="4,0,0,5,5,28" ten="130,260,418,192" oya="0" hai0="70,121,80,33,76,47,96,43,120,85,59,53,82" hai1="36,27,1,73,105,52,64,61,119,54,0,93,6" hai2="95,88,42,38,31,16,67,75,132,81,114,77,10" hai3="55,87,74,83,101,18,112,98,12,116,34,23,103"/><T9/><D70/><U39/><E105/><V32/><F67/><W37/><G116/><T68/><D68/><U108/><E108/><V92/><F92/><W127/><G127/><T5/><D96/><U46/><E73/><V135/><F42/><W111/><G111/><T91/><D33/><U66/><E119/><V99/><F38/><W110/><G110/><T106/><D106/><U109/><E109/><V113/><F31/><W94/><G37/><T125/><D125/><U2/><E6/><V84/><F32/><W3/><G3/><T19/><D19/><U13/><E13/><N who="2" m="7223" /><F84/><W58/><G34/><T124/><D124/><U123/><E93/><V4/><F4/><W60/><G74/><T104/><D104/><U44/><E1/><V63/><F63/><W40/><G40/><T117/><D117/><U48/><E61/><V50/><F50/><W7/><G7/><T133/><D133/><AGARI ba="0,0" hai="75,77,81,88,95,99,113,114,132,133,135" m="7223" machi="133" ten="30,3900,0" yaku="20,1,54,2" doraHai="28" who="2" fromWho="0" sc="130,-39,260,0,418,39,192,0" /><INIT seed="5,0,0,2,0,59" ten="91,260,457,192" oya="1" hai0="88,22,1,109,6,63,128,30,39,2,99,47,91" hai1="73,16,27,113,45,15,121,67,18,32,114,127,112" hai2="130,38,46,31,52,105,53,75,65,23,85,84,42" hai3="56,13,25,115,60,10,50,7,111,123,97,71,48"/><U124/><E121/><V129/><F75/><W41/><G123/><T5/><D109/><U34/><E73/><V49/><F105/><W72/><G111/><T70/><D128/><N who="2" m="49258" /><F65/><W19/><G71/><T14/><D2/><U21/><E45/><N who="2" m="27695" /><F53/><N who="3" m="33807" /><G72/><T68/><D1/><U101/><E101/><V20/><F31/><W0/><G0/><T95/><D68/><U24/><E67/><V131/><F131/><W76/><G76/><T118/><D118/><U82/><E82/><V103/><F103/><W106/><G106/><T135/><D135/><U33/><E27/><V125/><F125/><W66/><G25/><T98/><D47/><U78/><E78/><V8/><F8/><AGARI ba="0,0" hai="8,15,16,18,21,24,32,33,34,112,113,114,124,127" machi="8" ten="50,12000,1" yaku="15,1,34,3,54,1" doraHai="59" who="1" fromWho="2" sc="91,0,260,120,457,-120,192,0" /><INIT seed="5,1,0,5,5,112" ten="91,380,337,192" oya="1" hai0="3,132,114,128,21,7,48,40,64,49,102,76,19" hai1="87,89,75,6,39,4,46,17,103,113,98,15,131" hai2="9,42,26,58,1,135,61,106,33,122,50,16,32" hai3="100,107,36,8,88,13,47,69,97,5,28,34,23"/><U18/><E113/><V109/><F106/><W123/><G123/><T57/><D102/><U44/><E75/><V84/><F109/><W65/><G23/><T31/><D76/><U91/><E131/><V110/><F110/><W77/><G77/><T70/><D31/><U81/><E89/><V127/><F122/><W62/><G47/><N who="1" m="17962" /><E39/><V74/><F50/><W111/><G111/><T95/><D19/><U85/><E85/><V25/><F42/><W54/><G36/><T94/><D7/><U86/><E86/><V126/><F74/><W10/><G10/><T29/><D21/><N who="1" m="11455" /><E18/><V80/><F32/><W117/><G88/><T101/><D70/><U118/><E118/><V134/><F33/><W73/><G73/><T96/><D40/><U45/><E45/><V24/><F1/><W125/><G125/><N who="2" m="47625" /><F16/><W92/><G92/><AGARI ba="1,0" hai="4,6,81,87,91,92,98,103" m="11455,17962" machi="92" ten="30,1500,0" yaku="8,1" doraHai="112" who="1" fromWho="3" sc="91,0,380,18,337,0,192,-18" /><INIT seed="5,2,0,4,0,36" ten="91,398,337,174" oya="1" hai0="40,135,54,73,19,113,58,63,2,81,45,11,80" hai1="43,6,133,86,56,59,18,102,131,8,108,94,88" hai2="21,51,15,78,128,68,98,10,97,22,60,44,62" hai3="120,61,5,84,65,35,28,112,38,14,42,57,105"/><U117/><E117/><V124/><F78/><W69/><G120/><T92/><D113/><U93/><E131/><V123/><F124/><W100/><G112/><T52/><D135/><U41/><E108/><V66/><F123/><W127/><G127/><T25/><D73/><U110/><E110/><V55/><F128/><W134/><G134/><T1/><D1/><U64/><E18/><V132/><F132/><W70/><G84/><T90/><D54/><U72/><E72/><V39/><F62/><W31/><G70/><T27/><D2/><U17/><E17/><V101/><F39/><W87/><G87/><T4/><D4/><U37/><E37/><V67/><F67/><W104/><G5/><T3/><D3/><U75/><E75/><V79/><F79/><W24/><G14/><T115/><D115/><U46/><E46/><V9/><F98/><N who="3" m="61463" /><G31/><T109/><D109/><U16/><E6/><V118/><F118/><W23/><G23/><N who="0" m="13567" /><D27/><U85/><E64/><V34/><F34/><W53/><G105/><T7/><D7/><U20/><E8/><V119/><F119/><W12/><G38/><N who="0" m="21655" /><D11/><U74/><E74/><V77/><F77/><W13/><G42/><N who="1" m="15882" /><E133/><V26/><F15/><W83/><G12/><T89/><D89/><N who="1" m="53423" /><E102/><V50/><F10/><W71/><G71/><T95/><D95/><U107/><E107/><N who="2" m="63919" /><F9/><W0/><G0/><T129/><D129/><U122/><E122/><V29/><F44/><W48/><G13/><AGARI ba="2,0" hai="13,16,20,56,59,86,88,94" m="53423,15882" machi="13" ten="30,18000,2" yaku="8,1,52,3,54,2" doraHai="36" who="1" fromWho="3" sc="91,0,398,186,337,0,174,-186" owari="91,-31.0,584,68.0,337,14.0,-12,-51.0" /></mjloggm>