<mjloggm ver="2.3"><GO type="97" lobby="0"/><UN n0="%E5%B0%B1%E6%B4%BB%E7%94%9F%40%E5%B7%9D%E6%9D%91%E8%BB%8D%E5%9B%A3" n1="%E3%83%88%E3%83%AA%E3%82%A2%E3%83%8E%E3%83%B3%E2%99%AA" n2="%64%61%6E%70%69" n3="%E3%83%9A%E3%83%AD%E3%82%B9%E3%82%AD%E3%83%BC" dan="13,15,14,13" rate="1905.35,2090.49,1946.77,1904.60" sx="M,M,M,M"/><TAIKYOKU oya="0"/><INIT seed="0,0,0,1,5,30" ten="250,250,250,250" oya="0" hai0="36,54,41,96,10,34,132,105,40,16,94,39,89" hai1="46,93,35,50,95,65,71,83,112,119,15,86,24" hai2="51,125,127,134,44,60,91,75,53,87,55,58,9" hai3="64,73,124,2,130,135,4,104,14,0,115,22,17"/><T67/><D132/><U106/><E119/><V68/><F75/><W129/><G73/><T102/><D67/><U88/><E106/><V98/><F98/><W37/><G37/><T97/><D34/><U45/><E45/><V92/><F134/><W131/><G115/><T29/><D29/><U117/><E117/><V113/><F113/><W101/><G135/><T18/><D54/><U81/><E112/><V85/><F85/><W12/><G64/><T122/><D122/><U70/><E81/><V72/><F72/><W100/><G124/><T63/><D63/><U11/><E70/><V109/><F109/><W32/><G32/><T118/><D118/><U26/><E65/><V5/><REACH who="2" step="1"/><F68/><REACH who="2" ten="250,250,240,250" step="2"/><W77/><G77/><T133/><D133/><U90/><E71/><V7/><F7/><W38/><G104/><T78/><D78/><U69/><E69/><V107/><F107/><W1/><G38/><T52/><D39/><U111/><E111/><V59/><F59/><W31/><G4/><T128/><D36/><U20/><E95/><V8/><F8/><W27/><G14/><AGARI ba="0,1" hai="5,9,14,44,51,53,55,58,60,87,91,92,125,127" machi="14" ten="40,1300,0" yaku="1,1,53,0" doraHai="30" doraHaiUra="108" who="2" fromWho="3" sc="250,0,250,0,240,23,250,-13" /><INIT seed="1,0,0,4,5,74" ten="250,250,263,237" oya="1" hai0="56,34,25,118,123,3,6,2,126,131,130,102,29" hai1="135,24,60,26,125,47,4,113,21,104,59,87,97" hai2="69,82,79,99,88,110,39,78,129,114,92,13,112" hai3="20,71,18,98,93,12,40,84,38,77,1,16,36"/><U19/><E113/><N who="2" m="43627" /><F69/><W23/><G71/><T83/><D102/><U50/><E135/><V100/><F39/><W65/><G1/><N who="0" m="11" /><D56/><U75/><E4/><V64/><F64/><W67/><G40/><T62/><D62/><U0/><E75/><V120/><F120/><W122/><G122/><T45/><D45/><U63/><E0/><V52/><F129/><N who="0" m="49162" /><D123/><U33/><E125/><V51/><F13/><N who="3" m="9231" /><G38/><T7/><D83/><U68/><E68/><V28/><F28/><W95/><G36/><T57/><D57/><U94/><E104/><N who="2" m="63519" /><F110/><W96/><G67/><T90/><D90/><U10/><E10/><V9/><F9/><W127/><G65/><T81/><D81/><U108/><E108/><V54/><F82/><N who="3" m="47183" /><G127/><T109/><D109/><U31/><E59/><N who="2" m="33183" /><F54/><W132/><G132/><T46/><D126/><U85/><E63/><V5/><F5/><N who="0" m="1546" /><D46/><U101/><REACH who="1" step="1"/><E60/><REACH who="1" ten="250,240,263,237" step="2"/><V103/><F103/><W22/><G22/><T48/><D48/><U37/><E37/><V121/><F121/><W91/><G95/><T58/><D58/><U116/><E116/><AGARI ba="0,1" hai="25,29,34,116,118" m="1546,49162,11" machi="116" ten="40,5200,0" yaku="19,1,34,2" doraHai="74" who="0" fromWho="1" sc="250,62,240,-52,263,0,237,0" /><INIT seed="2,0,0,4,4,1" ten="312,188,263,237" oya="2" hai0="98,33,14,12,112,31,108,123,0,78,27,116,106" hai1="34,57,60,105,65,103,51,49,23,104,37,134,30" hai2="132,84,61,50,25,70,45,88,102,86,54,17,101" hai3="68,21,67,2,22,3,24,42,120,39,53,8,35"/><V73/><F73/><W92/><G120/><T18/><D116/><U16/><E37/><V64/><F132/><W131/><G35/><T40/><D123/><U91/><E134/><V55/><F55/><W127/><G131/><T29/><D112/><U83/><E34/><V58/><F86/><W38/><G127/><T130/><D130/><U56/><E30/><V82/><F70/><W63/><G38/><T47/><D108/><U76/><E91/><V43/><F43/><W96/><G21/><AGARI ba="0,0" hai="17,21,25,45,50,54,58,61,64,82,84,88,101,102" machi="21" ten="40,3900,0" yaku="8,1,54,1" doraHai="1" who="2" fromWho="3" sc="312,0,188,0,263,39,237,-39" /><INIT seed="2,1,0,1,5,105" ten="312,188,302,198" oya="2" hai0="101,0,41,88,92,65,113,1,78,95,85,48,53" hai1="10,126,8,51,17,5,58,96,54,112,24,56,49" hai2="62,116,34,72,124,123,114,128,131,12,80,61,22" hai3="26,135,55,9,71,15,97,99,77,69,37,35,91"/><V81/><F123/><W132/><G37/><T30/><D113/><U90/><E112/><V130/><F114/><W108/><G108/><T107/><D107/><U75/><E126/><V27/><F116/><W118/><G77/><T106/><D106/><U21/><E75/><V120/><F120/><W68/><G118/><T3/><D78/><U70/><E70/><V60/><F124/><W79/><G79/><T100/><D41/><U36/><E36/><V109/><F109/><W25/><G55/><T76/><D76/><U133/><E133/><N who="3" m="51274" /><G35/><T7/><D7/><U42/><E42/><V47/><F72/><W86/><G97/><T52/><D30/><U18/><E18/><N who="2" m="10567" /><F47/><W73/><G99/><T11/><D11/><U82/><E5/><V104/><F104/><W2/><G2/><T14/><D14/><U122/><E122/><V19/><F19/><N who="3" m="8687" /><G73/><T43/><D43/><U64/><E64/><V59/><F59/><W102/><G102/><T29/><D65/><U45/><E45/><V94/><F94/><AGARI ba="1,0" hai="25,26,68,69,71,86,91,94" m="8687,51274" machi="94" ten="40,1300,0" yaku="20,1" doraHai="105" who="3" fromWho="2" sc="312,0,188,0,302,-16,198,16" /><INIT seed="3,0,0,5,5,124" ten="312,188,286,214" oya="3" hai0="128,20,46,109,93,2,111,135,18,134,82,113,53" hai1="38,44,86,102,31,33,24,36,37,68,98,66,103" hai2="107,34,99,15,127,90,17,94,88,120,14,41,104" hai3="96,67,112,60,116,89,101,57,19,51,58,110,131"/><W48/><G116/><T13/><D128/><U21/><E86/><V81/><F127/><W72/><G112/><T84/><D2/><U70/><E103/><V7/><F120/><W80/><G131/><T106/><D106/><N who="1" m="63831" /><E21/><V132/><F132/><N who="0" m="50730" /><D93/><U4/><E4/><V32/><F41/><W114/><G114/><T126/><D126/><U8/><E8/><V11/><F34/><W71/><G110/><T85/><D113/><U79/><E79/><V50/><F50/><W49/><G19/><T0/><D0/><U83/><E83/><V54/><F54/><W91/><G91/><N who="0" m="51607" /><D85/><U119/><E70/><V115/><F115/><W1/><G1/><T26/><D26/><U87/><E87/><V62/><F62/><W74/><G89/><T105/><D105/><U123/><E123/><V27/><F90/><W59/><REACH who="3" step="1"/><G80/><REACH who="3" ten="312,188,286,204" step="2"/><T129/><D129/><U75/><E119/><V47/><F81/><W39/><G39/><T9/><D111/><U12/><E75/><V22/><F47/><W61/><G61/><T35/><D109/><U65/><E12/><V118/><F118/><W69/><G69/><T23/><D18/><U95/><E95/><AGARI ba="0,1" hai="48,49,51,57,58,59,60,67,71,72,74,95,96,101" machi="95" ten="40,2000,0" yaku="1,1,53,0" doraHai="124" doraHaiUra="125" who="3" fromWho="1" sc="312,0,188,-20,286,0,204,30" /><INIT seed="3,1,0,0,5,107" ten="312,168,286,234" oya="3" hai0="95,52,91,127,71,36,97,61,90,9,58,112,37" hai1="121,53,64,60,114,113,98,120,28,133,11,34,74" hai2="75,81,59,132,27,25,94,40,78,67,29,118,126" hai3="82,134,26,125,76,51,1,83,17,87,15,110,33"/><W89/><G1/><T2/><D112/><U21/><E21/><V49/><F118/><W48/><G134/><T73/><D127/><U5/><E53/><V109/><F126/><W122/><G122/><T66/><D73/><U20/><E20/><V130/><F130/><W54/><G125/><T70/><D91/><U100/><E133/><V128/><F128/><W14/><G110/><T84/><D97/><U23/><E23/><V4/><F132/><W103/><G103/><T0/><D71/><U115/><E11/><V10/><F109/><W93/><G83/><T16/><D2/><U116/><E5/><V41/><F94/><W19/><G48/><T35/><D35/><U102/><E102/><V106/><F106/><W13/><G26/><T85/><D85/><U8/><E8/><V77/><F77/><W135/><G33/><T42/><D42/><U44/><E44/><V38/><F38/><W96/><REACH who="3" step="1"/><G135/><REACH who="3" ten="312,168,286,224" step="2"/><T119/><D119/><U47/><E116/><V39/><F39/><W24/><G24/><T69/><D36/><U31/><E121/><V57/><F27/><W99/><G99/><T111/><D37/><U80/><E120/><V62/><F25/><W6/><G6/><T63/><D111/><U86/><E34/><V46/><F29/><W32/><G32/><T3/><D3/><U45/><E28/><V108/><F108/><W131/><G131/><T65/><D0/><U117/><E31/><V124/><F124/><W105/><G105/><T12/><D63/><U30/><E30/><V123/><F123/><W129/><G129/><T55/><D61/><RYUUKYOKU ba="1,1" sc="312,-10,168,-10,286,-10,224,30" hai3="13,14,15,17,19,51,54,76,82,87,89,93,96" /><INIT seed="3,2,1,2,2,35" ten="302,158,276,254" oya="3" hai0="53,12,115,60,56,135,33,5,59,43,78,99,73" hai1="17,36,127,80,68,25,8,47,42,67,104,51,114" hai2="52,58,83,82,41,79,7,18,62,46,87,22,63" hai3="37,32,96,92,70,74,23,106,26,134,19,55,49"/><W117/><G74/><T2/><D33/><U40/><E114/><V44/><F7/><W122/><G37/><T81/><D115/><U29/><E104/><V132/><F132/><W14/><G134/><T0/><D135/><U24/><E127/><V129/><F129/><W84/><G122/><T107/><D43/><U98/><E98/><V21/><F21/><W93/><G70/><T125/><D125/><U54/><E42/><V111/><F111/><W120/><G120/><T91/><D59/><U66/><E80/><V71/><F71/><W1/><G1/><T48/><D48/><U86/><E86/><N who="2" m="48479" /><F63/><W13/><G117/><T15/><D15/><U118/><E118/><V128/><F41/><W77/><G106/><T30/><D30/><U11/><E67/><V102/><F102/><N who="3" m="60679" /><G32/><T109/><D109/><U97/><E97/><V103/><F103/><W38/><G38/><T119/><D119/><U121/><E121/><V94/><F94/><W105/><G105/><T6/><D6/><U4/><E8/><V64/><F64/><W126/><G126/><T133/><D133/><U85/><E85/><V100/><F100/><W116/><G116/><T76/><D76/><U34/><E17/><V65/><F65/><W101/><G77/><T131/><D131/><U10/><E25/><N who="2" m="14551" /><F128/><W3/><G3/><T113/><D113/><U39/><E39/><V123/><F123/><W61/><G61/><T88/><D107/><U50/><E50/><V112/><F112/><W130/><G130/><T72/><D72/><U16/><E68/><V90/><AGARI ba="2,1" hai="44,46,52,58,62,83,87,90" m="14551,48479" machi="90" ten="30,2000,0" yaku="8,1,54,1" doraHai="35" who="2" fromWho="2" sc="302,-7,158,-7,276,36,254,-12" owari="295,10.0,151,-35.0,312,41.0,242,-16.0" /></mjloggm>