<mjloggm ver="2.3"><GO type="97" lobby="0"/><UN n0="%36%4E%39" n1="%E3%82%A6%E3%83%AB%E3%83%88%E3%83%A9%E7%AB%8B%E7%9B%B4" n2="%E3%82%89%E3%81%B3%E2%99%AA" n3="%E9%81%8A%E3%81%B3%E4%BA%BA%E3%81%AC%E3%81%93" dan="14,15,14,14" rate="1919.91,1972.15,1991.50,1940.33" sx="M,M,M,M"/><TAIKYOKU oya="0"/><INIT seed="0,0,0,4,2,59" ten="250,250,250,250" oya="0" hai0="130,31,77,14,88,37,105,83,6,34,18,32,104" hai1="79,61,30,66,27,106,75,3,53,82,49,115,133" hai2="13,78,119,15,89,73,107,11,41,23,121,44,86" hai3="114,5,125,64,100,87,35,96,63,29,101,8,16"/><T74/><D37/><U25/><E3/><V67/><F121/><W20/><G114/><T111/><D6/><U12/><E106/><V92/><F107/><W122/><G125/><T43/><D43/><U93/><E115/><V99/><F119/><W102/><G122/><T120/><D120/><U38/><E38/><V132/><F132/><W42/><G42/><T117/><D117/><U2/><E2/><V36/><F67/><W97/><G35/><T45/><D45/><U123/><E123/><V112/><F112/><W80/><G29/><T46/><D46/><U21/><E133/><V26/><F73/><W85/><G5/><T19/><D31/><U7/><E93/><V108/><F108/><W127/><G8/><T51/><D51/><U50/><E53/><V103/><F78/><W33/><G33/><T55/><D55/><U109/><E109/><V40/><F40/><W0/><G0/><T4/><D4/><U124/><E124/><V113/><F113/><W72/><G72/><T17/><D83/><U52/><E27/><V57/><F57/><N who="3" m="36975" /><G127/><T56/><D56/><U24/><E24/><V22/><F11/><W9/><G9/><T69/><D69/><U135/><E135/><V70/><F70/><W47/><G47/><T91/><D104/><U129/><E7/><V84/><F44/><W90/><G85/><T131/><D111/><U81/><E12/><AGARI ba="0,0" hai="12,16,20,80,87,90,96,97,100,101,102" m="36975" machi="12" ten="30,3900,0" yaku="8,1,52,1,54,1" doraHai="59" who="3" fromWho="1" sc="250,0,250,-39,250,0,250,39" /><INIT seed="1,0,0,0,4,127" ten="250,211,250,289" oya="1" hai0="3,96,42,67,73,106,121,30,118,52,65,7,112" hai1="32,61,35,92,5,120,15,69,64,50,54,74,10" hai2="108,102,119,27,1,13,115,36,82,56,94,44,80" hai3="107,130,29,17,48,72,85,110,86,60,45,113,40"/><U117/><E74/><V135/><F1/><W126/><G72/><T46/><D73/><U101/><E120/><V129/><F119/><W111/><G107/><T88/><D30/><U91/><E117/><V98/><F27/><W114/><G29/><T84/><D3/><U122/><E101/><V62/><F13/><W104/><G104/><T58/><D7/><U70/><E70/><V38/><F44/><W124/><G17/><T25/><D25/><U33/><E33/><V18/><F18/><W21/><G21/><T63/><D112/><N who="3" m="43113" /><G86/><T47/><D118/><U125/><E125/><N who="3" m="48234" /><G85/><T4/><D4/><U95/><E95/><V103/><F94/><W90/><G90/><T99/><D121/><U79/><E79/><V49/><F98/><N who="0" m="37418" /><D106/><U14/><E14/><V89/><F89/><W97/><G97/><T75/><D75/><U0/><E15/><V105/><F105/><W123/><G123/><T132/><D132/><U53/><E122/><V128/><F135/><W31/><G31/><T134/><D134/><U87/><REACH who="1" step="1"/><E54/><REACH who="1" ten="250,201,250,289" step="2"/><V34/><F34/><W100/><G100/><T6/><D6/><U39/><E39/><V22/><F36/><W20/><G20/><T51/><D46/><AGARI ba="0,1" hai="0,5,10,32,35,46,50,53,61,64,69,87,91,92" machi="46" ten="30,5800,0" yaku="1,1,7,1,53,1" doraHai="127" doraHaiUra="41" who="1" fromWho="0" sc="250,-58,201,68,250,0,289,0" /><INIT seed="1,1,0,2,1,41" ten="192,269,250,289" oya="1" hai0="56,128,116,74,11,15,87,135,14,109,27,119,1" hai1="105,18,39,115,129,120,61,43,102,57,0,98,5" hai2="130,55,24,111,48,40,21,132,33,72,95,114,7" hai3="100,9,78,28,45,4,67,50,64,53,93,79,123"/><U117/><E120/><V106/><F106/><W20/><G123/><T112/><D74/><U103/><E117/><N who="0" m="45129" /><D87/><U23/><E115/><V6/><F72/><W73/><G73/><T46/><D56/><U80/><E129/><V118/><F33/><W38/><G38/><T29/><D112/><U90/><E5/><V133/><F114/><W68/><G68/><T63/><D63/><U131/><E0/><V89/><F40/><W127/><G127/><T51/><D1/><U83/><E131/><V44/><F111/><W125/><G125/><T47/><D51/><U3/><E3/><V76/><F76/><W58/><G79/><T8/><D128/><U104/><E90/><V30/><F130/><W113/><G78/><T82/><D82/><U94/><E104/><V91/><F91/><W88/><G100/><T60/><D60/><U32/><E32/><V96/><REACH who="2" step="1"/><F118/><REACH who="2" ten="192,269,240,289" step="2"/><W34/><G113/><T65/><D109/><U81/><E105/><V124/><F124/><W97/><G34/><T84/><D135/><AGARI ba="1,1" hai="6,7,21,24,30,44,48,55,89,95,96,132,133,135" machi="135" ten="40,8000,1" yaku="1,1,20,1,52,1,53,1" doraHai="41" doraHaiUra="25" who="2" fromWho="0" sc="192,-83,269,0,240,93,289,0" /><INIT seed="2,0,0,3,0,92" ten="109,269,333,289" oya="2" hai0="104,69,63,119,0,18,44,87,82,23,47,118,30" hai1="125,109,67,25,99,101,49,126,43,13,51,70,80" hai2="76,36,21,111,24,103,6,124,127,9,110,58,16" hai3="11,100,14,48,7,53,106,1,46,10,83,129,86"/><V133/><F36/><W115/><G129/><T88/><D104/><U79/><E67/><V116/><F76/><W105/><G115/><T130/><D130/><U22/><E13/><V91/><F103/><W123/><G123/><T77/><D0/><U95/><E70/><V89/><F116/><N who="0" m="44586" /><D30/><U12/><E12/><N who="2" m="5175" /><F58/><W37/><G37/><T27/><D77/><U28/><E109/><N who="2" m="41483" /><F133/><W57/><G57/><T66/><AGARI ba="0,0" hai="18,23,27,44,47,63,66,69,82,87,88" m="44586" machi="66" ten="30,2000,0" yaku="12,1,54,1" doraHai="92" who="0" fromWho="0" sc="109,20,269,-5,333,-10,289,-5" /><INIT seed="3,0,0,0,5,85" ten="129,264,323,284" oya="3" hai0="48,16,80,61,112,38,77,100,31,96,83,52,24" hai1="123,124,76,94,1,62,125,53,114,102,41,105,5" hai2="129,126,79,34,65,101,18,11,117,27,91,20,107" hai3="104,115,135,82,128,130,86,89,46,57,103,32,33"/><W64/><G115/><T92/><D112/><U12/><E114/><V108/><F117/><W35/><G135/><T127/><D127/><N who="1" m="48715" /><E1/><V23/><F79/><W121/><G121/><T42/><D38/><U98/><E41/><V55/><F34/><W26/><G26/><T118/><D118/><U0/><E76/><V59/><F65/><W60/><REACH who="3" step="1"/><G46/><REACH who="3" ten="129,264,323,274" step="2"/><T90/><D77/><U88/><E123/><V122/><F122/><W51/><G51/><T78/><D78/><U113/><E113/><V67/><F126/><W2/><G2/><T6/><D6/><U93/><E0/><V44/><F44/><W40/><G40/><T106/><D42/><U81/><E12/><V111/><F27/><W25/><G25/><T66/><D66/><U120/><E5/><V134/><F134/><W132/><G132/><T7/><D7/><U36/><E36/><V69/><F67/><W116/><G116/><T29/><D61/><U50/><E62/><V73/><F108/><W19/><G19/><T109/><D109/><U45/><E120/><V63/><F111/><W74/><G74/><T47/><D31/><U49/><E49/><V15/><F73/><W17/><G17/><T14/><D29/><U10/><E10/><V4/><F4/><W71/><G71/><T28/><D28/><U58/><E45/><V37/><F69/><W87/><G87/><AGARI ba="0,1" hai="50,53,58,81,87,88,93,94,98,102,105" m="48715" machi="87" ten="30,3900,0" yaku="18,1,52,1,54,1" doraHai="85" who="1" fromWho="3" sc="129,0,264,49,323,0,274,-39" owari="129,-37.0,313,11.0,323,42.0,235,-16.0" /></mjloggm>