<mjloggm ver="2.3"><GO type="193" lobby="0"/><UN n0="%61%62%63%37%37" n1="%E5%B0%B1%E6%B4%BB%E7%94%9F%40%E5%B7%9D%E6%9D%91%E8%BB%8D%E5%9B%A3" n2="%64%79%74%69%62%75%6F%69" n3="%E3%82%8A%E3%81%93%E3%81%A3%E3%81%A1" dan="10,12,12,11" rate="1511.64,1876.98,1745.78,1595.79" sx="M,M,M,F"/><TAIKYOKU oya="0"/><INIT seed="0,0,0,0,4,11" ten="250,250,250,250" oya="0" hai0="134,92,97,22,107,51,122,66,74,1,48,76,21" hai1="133,55,8,108,63,64,68,132,100,127,98,58,89" hai2="129,32,19,131,4,50,77,128,35,101,20,78,91" hai3="65,56,79,62,72,38,39,116,14,30,52,0,54"/><T96/><D1/><U69/><E127/><V10/><F101/><W2/><G116/><T18/><D66/><U123/><E123/><V28/><F28/><W117/><G117/><T9/><D122/><U75/><E75/><V45/><F91/><W71/><G79/><T121/><D121/><U43/><E43/><V3/><F35/><W57/><G72/><T85/><D74/><U86/><E108/><V80/><F32/><W102/><G30/><T15/><D107/><U82/><E8/><V103/><F103/><W93/><G102/><T105/><D105/><U90/><E90/><V24/><F80/><W106/><G106/><T31/><D97/><U17/><E17/><V33/><F33/><W29/><G29/><T110/><D110/><U23/><E23/><V113/><F113/><W88/><G39/><T83/><D22/><U73/><E73/><V99/><F99/><W49/><G38/><T115/><D115/><U42/><E42/><AGARI ba="0,0" hai="3,4,10,19,20,24,42,45,50,77,78,128,129,131" machi="42" ten="40,1300,0" yaku="19,1" doraHai="11" who="2" fromWho="1" sc="250,0,250,-13,250,13,250,0" /><INIT seed="1,0,0,3,5,130" ten="250,237,263,250" oya="1" hai0="104,123,99,89,94,54,103,71,39,21,8,90,34" hai1="105,117,24,82,36,97,10,96,50,31,129,86,134" hai2="76,95,3,23,0,85,11,66,35,44,57,5,83" hai3="53,80,46,1,118,84,124,20,121,12,27,79,15"/><U51/><E36/><V113/><F35/><W2/><G118/><T110/><D71/><U22/><E117/><V135/><F113/><W115/><G121/><T109/><D34/><U29/><E129/><V98/><F23/><W133/><G115/><T64/><D39/><U56/><E134/><V128/><F135/><W32/><G32/><T41/><D64/><U112/><E112/><V91/><F44/><W60/><G133/><T93/><D41/><U65/><E31/><V19/><F19/><W127/><G2/><T63/><D8/><U45/><E105/><V107/><F128/><W132/><G1/><T33/><D33/><U6/><E51/><V73/><F66/><W119/><G119/><T106/><D21/><U74/><E74/><V26/><F26/><W114/><G114/><T48/><D123/><U40/><E56/><V101/><F57/><W78/><G132/><T92/><D63/><U122/><E65/><V111/><F0/><W59/><G46/><T120/><D120/><U25/><E25/><V4/><F5/><W72/><G72/><T131/><D131/><U43/><E43/><V7/><F7/><W87/><G127/><T9/><D9/><U42/><E42/><V49/><F49/><W58/><G124/><T14/><D14/><N who="1" m="5463" /><E122/><V108/><AGARI ba="0,0" hai="3,4,11,73,76,83,85,91,95,98,101,107,108,111" machi="108" ten="30,4000,0" yaku="0,1,24,2" doraHai="130" who="2" fromWho="2" sc="250,-10,237,-20,263,40,250,-10" /><INIT seed="2,0,0,1,4,126" ten="240,217,303,240" oya="2" hai0="48,29,69,51,77,13,36,5,82,123,92,132,23" hai1="20,27,34,32,83,10,43,120,121,22,41,25,35" hai2="46,4,52,33,68,65,122,50,61,18,78,134,98" hai3="112,19,97,44,114,84,108,39,94,1,3,102,117"/><V7/><F122/><W9/><G117/><T42/><D123/><N who="1" m="47179" /><E83/><V14/><F33/><N who="1" m="8449" /><U55/><DORA hai="26" /><E55/><V12/><F78/><W90/><G108/><T24/><D69/><U115/><E115/><N who="3" m="44074" /><G39/><T119/><D92/><U11/><E43/><V71/><F14/><N who="3" m="7631" /><G44/><T124/><D124/><U73/><E41/><V103/><F134/><W67/><G67/><T88/><D119/><U64/><E64/><V60/><F61/><W93/><AGARI ba="0,0" hai="1,3,84,90,93,94,97,102" m="7631,44074" machi="93" ten="30,1100,0" yaku="11,1" doraHai="126,26" who="3" fromWho="3" sc="240,-3,217,-3,303,-5,240,11" /><INIT seed="3,0,0,0,5,115" ten="237,214,298,251" oya="3" hai0="135,100,116,17,34,47,88,109,4,12,36,90,95" hai1="98,114,124,25,73,23,57,69,39,38,89,99,45" hai2="105,87,32,112,49,42,102,53,122,40,67,81,5" hai3="30,110,128,86,91,64,7,85,117,74,20,129,76"/><W79/><G117/><T108/><D34/><U111/><E69/><V97/><F112/><W70/><G70/><T68/><D68/><U54/><E114/><V52/><F67/><W14/><G64/><T94/><D36/><U22/><E111/><N who="0" m="42569" /><D135/><U107/><E124/><V18/><F32/><W78/><G110/><T1/><D100/><U101/><E73/><V104/><F53/><W113/><G113/><T119/><D47/><U16/><E45/><V9/><F18/><W29/><G74/><T72/><D1/><U126/><E126/><V3/><F105/><W123/><G123/><T58/><D58/><U15/><E98/><V2/><F122/><W133/><G133/><T118/><D4/><U96/><E89/><N who="0" m="34409" /><D72/><U80/><E99/><V37/><F3/><W134/><G134/><T33/><D33/><U26/><E80/><V66/><F66/><W84/><G91/><T11/><AGARI ba="0,0" hai="11,12,17,94,95,116,118,119" m="34409,42569" machi="11" ten="40,8000,1" yaku="14,1,52,3,54,1" doraHai="115" who="0" fromWho="0" sc="237,80,214,-20,298,-20,251,-40" owari="317,42.0,194,-31.0,278,8.0,211,-19.0" /></mjloggm>