<mjloggm ver="2.3"><GO type="41" lobby="0"/><UN n0="%E3%82%AC%E3%82%B8%E3%82%AC%E3%82%B8" n1="%4A%41%43%4B%44%41%57" n2="%E5%B0%B1%E6%B4%BB%E7%94%9F%40%E5%B7%9D%E6%9D%91%E8%BB%8D%E5%9B%A3" n3="%E6%A3%AE%E5%AE%AE%E8%92%BC%E4%B9%83" dan="16,14,15,14" rate="2091.17,2028.81,2055.96,1922.74" sx="M,M,M,F"/><TAIKYOKU oya="0"/><INIT seed="0,0,0,4,3,98" ten="250,250,250,250" oya="0" hai0="113,8,48,103,2,62,111,65,44,78,53,86,15" hai1="119,49,122,68,51,16,108,42,118,79,123,14,71" hai2="34,13,41,82,54,132,115,33,97,112,11,72,114" hai3="73,133,89,135,94,7,80,57,43,52,20,61,90"/><T10/><D113/><U39/><E79/><V40/><F132/><N who="3" m="50763" /><G43/><T92/><D111/><U84/><E84/><V50/><F72/><W38/><G38/><T60/><D2/><U107/><E107/><V125/><F125/><W19/><G7/><T124/><D124/><U134/><E134/><V126/><F126/><W109/><G109/><T104/><D104/><U88/><E108/><V91/><F34/><W23/><G23/><T1/><D1/><U18/><E42/><V63/><F33/><W129/><G129/><T29/><D29/><U24/><E14/><V6/><F63/><N who="0" m="24106" /><D65/><U74/><E24/><V31/><F31/><W102/><G102/><T116/><D116/><U27/><E27/><V55/><F55/><W46/><G46/><T66/><D66/><U35/><E39/><V70/><F70/><W121/><G121/><T99/><D15/><U127/><E127/><V9/><F9/><W117/><G117/><T12/><D12/><U83/><E35/><V56/><F40/><W28/><G28/><T110/><D110/><U120/><E120/><V25/><F41/><W67/><G67/><T69/><D69/><U75/><E83/><AGARI ba="0,0" hai="8,10,44,48,53,78,83,86,92,99,103" m="24106" machi="83" ten="30,2900,0" yaku="8,1,52,1" doraHai="98" who="0" fromWho="1" sc="250,29,250,-29,250,0,250,0" /><INIT seed="0,1,0,2,1,40" ten="279,221,250,250" oya="0" hai0="18,47,113,62,42,7,77,3,82,16,115,5,129" hai1="27,133,60,135,67,103,20,117,53,2,73,107,50" hai2="79,90,70,33,26,15,89,1,121,71,48,111,21" hai3="122,131,110,78,37,119,84,30,81,76,109,28,25"/><T29/><D129/><U13/><E117/><V51/><F1/><W8/><G37/><N who="0" m="21967" /><D29/><U39/><E2/><V31/><F121/><W36/><G36/><T44/><D62/><U64/><E39/><V14/><F79/><W59/><G119/><T56/><D56/><U105/><E73/><V74/><F74/><W63/><G122/><T35/><D7/><U134/><E103/><V0/><F0/><W102/><G131/><T9/><D35/><U61/><E13/><V34/><F31/><W101/><G78/><T92/><D92/><U128/><E128/><V124/><F21/><W93/><G8/><T32/><D44/><N who="1" m="27847" /><E20/><V22/><F22/><N who="3" m="15415" /><G30/><T10/><D10/><U38/><E27/><V98/><F26/><W19/><G19/><N who="0" m="7211" /><D32/><U52/><E38/><V57/><F57/><W108/><G93/><T83/><D83/><U55/><E61/><V95/><F95/><W45/><G63/><T54/><D54/><N who="1" m="20523" /><E67/><V97/><F70/><AGARI ba="1,0" hai="60,64,70,105,107,133,134,135" m="20523,27847" machi="70" ten="30,3900,0" yaku="20,1,52,1,54,1" doraHai="40" who="1" fromWho="2" sc="279,0,221,42,250,-42,250,0" /><INIT seed="1,0,0,3,5,7" ten="279,263,208,250" oya="1" hai0="20,64,90,41,113,31,35,105,85,67,125,14,69" hai1="48,77,89,57,118,25,15,100,102,3,72,1,61" hai2="13,111,39,94,62,93,2,110,63,24,104,44,71" hai3="91,103,59,5,106,134,75,29,109,46,43,97,54"/><U18/><E118/><V68/><F2/><W55/><G75/><T47/><D105/><U8/><E72/><V45/><F104/><W131/><G109/><N who="2" m="41481" /><F24/><W129/><G134/><T99/><D113/><U82/><E25/><V73/><F73/><W101/><G5/><T17/><D69/><N who="2" m="26698" /><F13/><W37/><G29/><T65/><D125/><U49/><E89/><V9/><F9/><W6/><G6/><T34/><D99/><U87/><E3/><V58/><F58/><W4/><G4/><T23/><D23/><U22/><E22/><V122/><F122/><W32/><G32/><T92/><D31/><U53/><REACH who="1" step="1"/><E1/><REACH who="1" ten="279,253,208,250" step="2"/><V135/><F135/><W51/><G91/><T12/><D14/><U42/><E42/><N who="2" m="22623" /><F45/><W86/><G101/><AGARI ba="0,1" hai="8,15,18,48,49,53,57,61,77,82,87,100,101,102" machi="101" ten="40,12000,1" yaku="1,1,8,1,52,1,53,1" doraHai="7" doraHaiUra="78" who="1" fromWho="3" sc="279,0,253,130,208,0,250,-120" /><INIT seed="1,1,0,4,4,23" ten="279,383,208,130" oya="1" hai0="8,123,113,117,47,26,36,87,65,76,61,2,0" hai1="72,85,128,11,105,131,38,116,48,52,14,134,5" hai2="54,84,59,15,103,22,58,104,7,64,33,56,81" hai3="77,115,127,80,62,30,91,45,88,121,90,44,71"/><U9/><E105/><V89/><F33/><W68/><G121/><T102/><D113/><U18/><E116/><V110/><F110/><W69/><G115/><T60/><D117/><U35/><E72/><V112/><F112/><W4/><G127/><T10/><D102/><U63/><E38/><V16/><F7/><W46/><G4/><T43/><D61/><U111/><E63/><V83/><F64/><W12/><G12/><T119/><D119/><U99/><E99/><V24/><F104/><W42/><G62/><T20/><D123/><U78/><E134/><V82/><F103/><W129/><G30/><T50/><D36/><U17/><E111/><V94/><REACH who="2" step="1"/><F15/><REACH who="2" ten="279,383,198,130" step="2"/><W106/><G106/><T34/><D34/><U125/><E5/><V132/><F132/><W66/><G66/><T73/><D0/><U133/><E14/><V31/><F31/><W49/><G129/><T39/><D2/><U92/><E35/><V55/><AGARI ba="1,1" hai="16,22,24,54,55,56,58,59,81,82,83,84,89,94" machi="55" ten="40,8000,1" yaku="1,1,0,1,8,1,52,1,54,1,53,0" doraHai="23" doraHaiUra="1" who="2" fromWho="2" sc="279,-21,383,-41,198,93,130,-21" /><INIT seed="2,0,0,3,4,34" ten="258,342,291,109" oya="2" hai0="28,45,38,16,77,17,40,53,64,129,43,10,104" hai1="117,71,113,74,111,4,50,106,42,131,75,7,122" hai2="98,48,132,72,90,59,61,110,78,80,119,79,128" hai3="56,83,82,62,54,67,94,91,60,100,92,2,130"/><V66/><F119/><W46/><G130/><T65/><D104/><U107/><E131/><V97/><F128/><W18/><G2/><T33/><D129/><U52/><E117/><V1/><F1/><W39/><G39/><T58/><D43/><U85/><E113/><V32/><F32/><W86/><G46/><T6/><D77/><U76/><E71/><V88/><F132/><W27/><G100/><T37/><D37/><U49/><E42/><V87/><F110/><W103/><G103/><T57/><D28/><U120/><E76/><V102/><F97/><W118/><G118/><T51/><D33/><U11/><E11/><V20/><F20/><W135/><G135/><T15/><REACH who="0" step="1"/><D58/><REACH who="0" ten="248,342,291,109" step="2"/><U96/><E111/><V124/><F78/><W125/><G125/><T127/><D127/><U26/><E106/><V70/><F124/><W73/><G73/><T23/><D23/><U84/><E107/><V114/><F114/><W81/><G27/><T44/><D44/><U36/><E26/><V13/><F72/><W14/><G67/><AGARI ba="0,1" hai="6,10,15,16,17,38,40,45,51,53,57,64,65,67" machi="67" ten="40,2600,0" yaku="1,1,54,1,53,0" doraHai="34" doraHaiUra="99" who="0" fromWho="3" sc="248,36,342,0,291,0,109,-26" /><INIT seed="3,0,0,1,1,69" ten="284,342,291,83" oya="3" hai0="120,33,36,18,37,71,9,130,127,29,96,125,14" hai1="87,118,97,73,115,48,6,102,114,59,42,63,19" hai2="16,81,72,91,99,108,46,82,132,38,126,92,15" hai3="53,49,123,100,122,28,135,34,23,32,104,107,26"/><W83/><G135/><T51/><D120/><U103/><E118/><V67/><F108/><W0/><G0/><T45/><D71/><U54/><E73/><V84/><F126/><N who="0" m="48138" /><D130/><U2/><E2/><V111/><F132/><W75/><G75/><T105/><D33/><U86/><E6/><V43/><F111/><W56/><G83/><T55/><D29/><U116/><E116/><V61/><F72/><W85/><G85/><T8/><D9/><U94/><E102/><AGARI ba="0,0" hai="8,14,18,36,37,45,51,55,96,102,105" m="48138" machi="102" ten="30,3900,0" yaku="18,1,52,2" doraHai="69" who="0" fromWho="1" sc="284,39,342,-39,291,0,83,0" /><INIT seed="4,0,0,0,5,21" ten="323,303,291,83" oya="0" hai0="126,112,129,7,85,132,9,106,111,122,123,65,88" hai1="125,103,54,84,128,52,40,49,105,67,82,27,45" hai2="24,83,107,57,109,20,133,114,74,117,113,15,68" hai3="90,97,6,58,50,5,124,87,110,116,59,72,14"/><T98/><D65/><U16/><E125/><V0/><F68/><W102/><G110/><T1/><D126/><U25/><E128/><V63/><F0/><W32/><G32/><T48/><D111/><U8/><E105/><V104/><F109/><W28/><G72/><T43/><D129/><U26/><E103/><V75/><F15/><W121/><G124/><T95/><D112/><N who="2" m="43114" /><F133/><W60/><G116/><T100/><REACH who="0" step="1"/><D132/><REACH who="0" ten="313,303,291,83" step="2"/><U37/><E37/><V3/><F117/><W119/><G119/><T13/><D13/><N who="1" m="7207" /><E67/><N who="2" m="39407" /><F3/><W94/><G121/><T56/><D56/><U99/><E99/><V80/><F75/><W11/><G58/><T46/><AGARI ba="0,1" hai="1,7,9,43,46,48,85,88,95,98,100,106,122,123" machi="46" ten="30,11700,0" yaku="1,1,0,1,54,1,53,1" doraHai="21" doraHaiUra="96" who="0" fromWho="0" sc="313,127,303,-39,291,-39,83,-39" /><INIT seed="4,1,0,3,3,45" ten="440,264,252,44" oya="0" hai0="84,115,105,72,126,10,95,30,41,23,4,38,51" hai1="12,76,80,103,57,59,22,135,108,125,40,77,21" hai2="32,122,8,68,31,15,121,62,33,109,127,74,0" hai3="52,5,64,50,53,116,56,18,58,124,36,98,37"/><T28/><D105/><U3/><E108/><V13/><F74/><W67/><G116/><T86/><D72/><U114/><E3/><V35/><F68/><W119/><G119/><T9/><D38/><N who="3" m="14953" /><G5/><T90/><D115/><U19/><E125/><V128/><F62/><N who="3" m="36111" /><G18/><T88/><D126/><U102/><E135/><V106/><F106/><W54/><G98/><T82/><D4/><U133/><E114/><V49/><F127/><W71/><G124/><T43/><D23/><U131/><E133/><V92/><F92/><W113/><G113/><T63/><D63/><U65/><E131/><V14/><F128/><W46/><G71/><T55/><D10/><U16/><E80/><V26/><F109/><W81/><G81/><T120/><D9/><U89/><E89/><V27/><F49/><AGARI ba="1,0" hai="46,49,50,52,54,58,64,67" m="36111,14953" machi="49" ten="30,16000,3" yaku="35,5,52,2,54,1" doraHai="45" who="3" fromWho="2" sc="440,0,264,0,252,-163,44,163" /><INIT seed="5,0,0,5,2,131" ten="440,264,89,207" oya="1" hai0="105,37,34,21,127,83,41,46,28,133,35,98,51" hai1="70,63,109,20,6,122,13,99,50,8,88,126,120" hai2="17,47,0,121,56,23,16,97,80,11,49,118,3" hai3="89,106,124,110,64,115,93,92,52,104,53,12,30"/><U114/><E109/><V75/><F118/><W111/><G115/><T84/><D127/><U38/><E114/><V68/><F121/><W48/><G124/><T40/><D21/><U81/><E126/><V19/><F68/><W43/><G64/><T117/><D117/><U129/><E38/><V69/><F69/><W71/><G71/><T18/><D18/><U108/><E129/><V15/><F56/><W2/><G2/><T1/><D1/><U22/><E108/><V77/><F97/><W25/><G12/><T24/><D35/><U10/><E120/><V134/><F134/><W9/><G9/><T130/><D133/><U5/><E122/><V107/><F107/><W62/><G43/><T27/><D27/><U44/><E70/><V79/><F79/><W76/><G76/><T26/><D26/><U31/><E63/><V90/><F90/><W58/><G106/><T100/><D130/><U33/><E33/><V66/><F66/><W112/><G104/><T128/><D128/><U42/><E31/><V39/><F39/><W82/><G112/><T74/><D74/><U94/><REACH who="1" step="1"/><E81/><REACH who="1" ten="440,254,89,207" step="2"/><V87/><F75/><W65/><G111/><T61/><D61/><U95/><E95/><V72/><F72/><W54/><G82/><T96/><D37/><U36/><E36/><V4/><REACH who="2" step="1"/><F23/><REACH who="2" ten="440,254,79,207" step="2"/><N who="3" m="15679" /><G110/><T45/><D34/><U123/><E123/><V67/><F67/><W60/><G65/><T116/><D116/><U32/><E32/><V91/><F91/><W59/><G89/><T103/><D83/><U29/><E29/><V78/><F78/><W85/><G62/><RYUUKYOKU ba="0,2" sc="440,-15,254,15,79,15,207,-15" hai1="5,6,8,10,13,20,22,42,44,50,88,94,99" hai2="0,3,4,11,15,16,17,19,47,49,77,80,87" /><INIT seed="5,1,2,3,2,82" ten="425,269,94,192" oya="1" hai0="105,67,102,57,99,103,88,6,11,106,104,56,14" hai1="117,30,64,112,52,63,76,115,28,32,79,37,19" hai2="113,123,8,25,35,5,80,97,4,42,109,10,114" hai3="84,20,74,1,53,77,135,60,7,125,124,31,62"/><U107/><E117/><V108/><F42/><W45/><G74/><T111/><D111/><N who="2" m="42570" /><F97/><W126/><G135/><T24/><D24/><U36/><E107/><V39/><F39/><N who="1" m="14921" /><E19/><V128/><F80/><N who="3" m="47119" /><G1/><T69/><D103/><U130/><E130/><V101/><F101/><W72/><G72/><T75/><D75/><U2/><E2/><N who="2" m="23" /><F128/><W41/><G7/><T58/><D88/><U133/><E133/><V87/><F87/><W134/><G134/><T121/><D121/><U22/><E64/><V100/><F100/><W95/><G95/><T83/><D83/><U44/><E76/><V129/><F129/><W81/><G81/><T9/><D9/><U94/><E94/><V26/><F123/><W70/><G70/><T46/><D46/><U34/><E79/><V131/><F131/><W96/><G96/><T78/><D78/><U18/><E63/><V86/><F86/><W91/><G91/><T43/><D106/><U71/><E71/><V73/><F73/><W16/><G31/><N who="1" m="11818" /><E44/><V29/><F25/><N who="3" m="14471" /><G41/><T13/><D43/><U110/><E110/><V38/><F38/><W90/><G90/><T68/><D105/><U92/><E92/><V33/><F33/><W59/><G45/><T122/><D122/><U120/><E120/><V17/><F17/><W49/><AGARI ba="1,2" hai="49,53,59,60,62,124,125,126" m="14471,47119" machi="49" ten="30,4000,0" yaku="18,1,52,1,54,1" doraHai="82" who="3" fromWho="3" sc="425,-11,269,-21,94,-11,192,63" /><INIT seed="6,0,0,3,4,123" ten="414,248,83,255" oya="2" hai0="36,100,127,80,37,77,84,66,76,57,63,64,121" hai1="43,130,78,11,9,98,51,90,31,32,87,52,53" hai2="122,79,101,105,41,8,18,3,59,113,40,69,34" hai3="83,109,23,48,92,115,30,26,25,50,17,60,21"/><V73/><F122/><W72/><G109/><T55/><D121/><U19/><E130/><V118/><F118/><W46/><G115/><T1/><D1/><U82/><E32/><V39/><F113/><W70/><G92/><T5/><D5/><U117/><E31/><V134/><F134/><W38/><G38/><T128/><D128/><U29/><E29/><V58/><F34/><W7/><G7/><T14/><D14/><U108/><E108/><V35/><F35/><W120/><G120/><T47/><D77/><U96/><E117/><V116/><F116/><W111/><G111/><T0/><D0/><U124/><E124/><V12/><F69/><W81/><G72/><T16/><D16/><U22/><E43/><V10/><F3/><W27/><G27/><T44/><D100/><U42/><E53/><V65/><F39/><W85/><G85/><T88/><D127/><U102/><E42/><N who="2" m="16491" /><F73/><W133/><G133/><T20/><D37/><U99/><E102/><V94/><F105/><W103/><G103/><T114/><D114/><U56/><E78/><V74/><F74/><W4/><G4/><T91/><D36/><U62/><E51/><N who="3" m="19498" /><G46/><N who="0" m="17451" /><D20/><U97/><E97/><N who="2" m="59575" /><F79/><W86/><G70/><T71/><D71/><U126/><E126/><V112/><F112/><W135/><G135/><T2/><D2/><U33/><E33/><V49/><F49/><W89/><G60/><T104/><D104/><U61/><E61/><N who="2" m="38071" /><F59/><W132/><G132/><T45/><D45/><U125/><E125/><V75/><F75/><W107/><G107/><T24/><D76/><U15/><AGARI ba="0,0" hai="9,11,15,19,22,52,56,62,82,87,90,96,98,99" machi="15" ten="30,7900,0" yaku="5,1,0,1,8,1,54,1" doraHai="123" who="1" fromWho="1" sc="414,-20,248,79,83,-39,255,-20" /><INIT seed="7,0,0,4,0,127" ten="394,327,44,235" oya="3" hai0="71,26,118,79,27,52,57,29,105,126,112,68,81" hai1="95,41,78,77,42,44,22,132,66,17,109,5,83" hai2="84,74,13,14,90,3,106,110,123,100,89,130,63" hai3="70,46,54,111,56,99,33,31,0,96,34,97,12"/><W117/><G117/><T60/><D105/><U122/><E122/><V116/><F63/><W49/><G70/><T67/><D118/><U9/><E109/><V10/><F14/><W62/><G111/><T102/><D126/><U92/><E132/><V114/><F13/><W45/><G0/><T115/><D102/><U23/><E66/><V21/><F10/><W75/><G75/><N who="0" m="43263" /><D26/><U94/><E23/><V82/><F21/><W121/><G121/><T30/><D30/><U69/><E69/><N who="0" m="26697" /><D27/><U15/><E83/><V37/><F37/><W2/><G2/><T19/><D19/><U107/><E107/><V128/><F3/><W135/><G135/><T101/><D101/><U28/><E28/><V59/><F59/><W113/><G113/><N who="0" m="43595" /><D29/><U24/><REACH who="1" step="1"/><E44/><REACH who="1" ten="394,317,44,235" step="2"/><V72/><F114/><W120/><G120/><T50/><D50/><U124/><E124/><V65/><F65/><AGARI ba="0,1" hai="52,57,60,65,67" m="43595,26697,43263" machi="65" ten="30,3900,0" yaku="15,1,11,1,54,1" doraHai="127" who="0" fromWho="2" sc="394,49,317,0,44,-39,235,0" owari="443,53.0,317,12.0,5,-49.0,235,-16.0" /></mjloggm>