<mjloggm ver="2.3"><GO type="193" lobby="0"/><UN n0="%2E%E5%9C%92%E5%9F%8E%E5%AF%BA%E6%80%9C" n1="%6B%74%6B%73%65%69%6B%75" n2="%6E%75%6C%6C%70%6F" n3="%E5%B0%B1%E6%B4%BB%E7%94%9F%40%E5%B7%9D%E6%9D%91%E8%BB%8D%E5%9B%A3" dan="10,12,12,10" rate="1718.82,1775.48,1918.83,1829.24" sx="F,M,M,M"/><TAIKYOKU oya="0"/><INIT seed="0,0,0,5,5,37" ten="250,250,250,250" oya="0" hai0="61,49,54,0,35,6,58,12,21,134,80,31,115" hai1="5,45,116,38,27,34,89,68,67,74,42,85,133" hai2="62,46,79,71,41,65,124,97,57,39,81,69,100" hai3="122,23,15,59,50,55,98,28,48,84,104,77,53"/><T93/><D115/><U83/><E116/><V118/><F118/><W22/><G122/><T107/><D107/><U106/><E133/><V7/><F124/><W87/><G104/><T78/><D134/><U131/><E131/><V64/><F7/><W76/><G98/><T75/><D0/><U99/><E5/><V3/><F3/><W94/><G28/><T36/><D36/><U132/><E132/><V1/><F1/><W105/><G105/><T73/><D35/><U101/><E68/><V113/><F113/><W119/><G119/><T63/><D75/><U86/><E67/><V114/><F65/><W29/><G29/><T120/><D120/><U126/><E126/><V14/><F14/><W117/><G117/><T112/><D112/><U125/><E86/><N who="3" m="32810" /><G94/><T24/><REACH who="0" step="1"/><D93/><REACH who="0" ten="240,250,250,250" step="2"/><U90/><E125/><V128/><F114/><W32/><G32/><T9/><AGARI ba="0,1" hai="6,9,12,21,24,31,49,54,58,61,63,73,78,80" machi="9" ten="30,6000,0" yaku="1,1,2,1,0,1,53,0" doraHai="37" doraHaiUra="111" who="0" fromWho="0" sc="240,70,250,-20,250,-20,250,-20" /><INIT seed="0,1,0,4,4,124" ten="310,230,230,230" oya="0" hai0="133,126,32,40,96,18,15,28,123,54,34,11,97" hai1="77,105,94,82,30,74,87,90,76,70,93,72,100" hai2="106,33,53,81,60,68,19,56,73,99,130,21,4" hai3="104,24,129,2,127,63,111,71,23,3,47,64,46"/><T12/><D123/><U20/><E70/><V55/><F33/><W89/><G104/><T6/><D126/><U65/><E30/><V98/><F4/><W10/><G111/><T69/><D133/><U45/><E65/><V107/><F68/><W14/><G127/><T78/><D69/><U109/><E45/><V9/><F9/><W101/><G101/><T59/><D40/><U0/><E20/><V5/><F5/><W29/><G129/><T102/><D78/><N who="1" m="30315" /><E0/><V83/><F73/><N who="1" m="28265" /><E109/><V58/><F21/><W118/><G118/><T132/><D28/><U116/><E116/><V17/><REACH who="2" step="1"/><F60/><REACH who="2" ten="310,230,220,230" step="2"/><W7/><G2/><T85/><D32/><U22/><E22/><V48/><F48/><W62/><G62/><N who="0" m="36215" /><D34/><U88/><E90/><V36/><F36/><W135/><G135/><T67/><D132/><U122/><E122/><V121/><F121/><W35/><G89/><T75/><D6/><U1/><E1/><V44/><F44/><W84/><G35/><T42/><D11/><U86/><E86/><V113/><F113/><W43/><G84/><T125/><D85/><U112/><E112/><V27/><F27/><W131/><G46/><T38/><D75/><U52/><E52/><V13/><F13/><W120/><G120/><T37/><D12/><U108/><E108/><V134/><F134/><W25/><G25/><T26/><D15/><U50/><E50/><V110/><F110/><W51/><G3/><T66/><D26/><U41/><E41/><V39/><F39/><W61/><G61/><T79/><D42/><U49/><E49/><V92/><F92/><RYUUKYOKU ba="1,1" sc="310,-30,230,10,220,10,230,10" hai1="82,87,88,93,94,100,105" hai2="17,19,53,55,56,58,81,83,98,99,106,107,130" hai3="7,10,14,23,24,29,43,47,51,63,64,71,131" /><INIT seed="1,2,1,4,2,87" ten="280,240,230,240" oya="1" hai0="118,116,50,123,60,55,38,6,37,93,100,68,94" hai1="92,69,46,41,9,27,7,115,56,83,122,114,102" hai2="57,36,8,54,40,12,111,28,117,19,135,98,18" hai3="0,77,14,42,89,113,23,75,3,86,109,32,82"/><U131/><E122/><V26/><F117/><N who="0" m="45162" /><D6/><U81/><E69/><V134/><F135/><W104/><G32/><T65/><D100/><U51/><E131/><V79/><F134/><W44/><G104/><T72/><D93/><U99/><E115/><V67/><F111/><W107/><G107/><T58/><D94/><U24/><E114/><V85/><F98/><W1/><G113/><T126/><D72/><U31/><E27/><V21/><F67/><W52/><G109/><T43/><D123/><U29/><E56/><V11/><F36/><N who="0" m="13930" /><D43/><U62/><E62/><N who="2" m="36151" /><F40/><W48/><G42/><T59/><D126/><U33/><REACH who="1" step="1"/><E31/><REACH who="1" ten="280,230,230,240" step="2"/><V101/><F101/><W112/><G112/><T106/><D106/><U105/><E105/><V49/><F49/><W78/><G75/><T63/><D63/><U74/><E74/><V66/><F66/><W133/><G133/><T35/><D35/><U71/><E71/><AGARI ba="2,2" hai="50,55,58,59,60,65,68,71" m="13930,45162" machi="71" ten="30,2000,0" yaku="34,2" doraHai="87" who="0" fromWho="1" sc="280,46,230,-26,230,0,240,0" /><INIT seed="2,0,0,5,4,9" ten="326,204,230,240" oya="2" hai0="10,134,54,24,88,13,83,135,49,113,63,34,117" hai1="111,57,93,71,38,122,67,22,4,75,65,17,40" hai2="31,104,112,8,41,133,7,32,21,1,18,119,132" hai3="98,64,3,95,25,82,15,106,89,97,53,92,96"/><V29/><F41/><W84/><G3/><T74/><D113/><U102/><E75/><V35/><F104/><W78/><G106/><T76/><D117/><U123/><E111/><V105/><F105/><W58/><G64/><T27/><D63/><U39/><E4/><V61/><F61/><W86/><G25/><T45/><D88/><U42/><E102/><V107/><F107/><W46/><G46/><T128/><D128/><U12/><E93/><V100/><F100/><N who="3" m="60423" /><G15/><T101/><D101/><U99/><E99/><V43/><F43/><N who="1" m="16425" /><E12/><N who="2" m="9415" /><F112/><W120/><G120/><N who="1" m="46122" /><E17/><V28/><F119/><W11/><G11/><T125/><D125/><U6/><E22/><V81/><F81/><W103/><G103/><T94/><D94/><U110/><E6/><V73/><F73/><W69/><G69/><T116/><D116/><U44/><E110/><V130/><F130/><W109/><G109/><T70/><D34/><AGARI ba="0,0" hai="1,7,8,28,29,31,32,34,35,132,133" m="9415" machi="34" ten="30,5800,0" yaku="34,2,52,1" doraHai="9" who="2" fromWho="0" sc="326,-58,204,0,230,58,240,0" /><INIT seed="2,1,0,1,5,15" ten="268,204,288,240" oya="2" hai0="124,28,131,96,132,114,49,104,111,128,66,90,86" hai1="64,3,118,88,112,85,102,115,100,11,72,39,50" hai2="109,56,58,82,125,92,53,135,55,65,62,20,75" hai3="61,99,35,105,40,69,18,29,16,108,19,44,95"/><V129/><F129/><N who="0" m="49738" /><D66/><U74/><E39/><V43/><F135/><W126/><G105/><T81/><D28/><U67/><E118/><V52/><F125/><W13/><G126/><T134/><D49/><U113/><E3/><V133/><F133/><N who="0" m="51306" /><D124/><U110/><E11/><V54/><F109/><W83/><G108/><T45/><D45/><U27/><E110/><V71/><F75/><N who="1" m="28713" /><E27/><V12/><F82/><W34/><G13/><T33/><D33/><U76/><E50/><V9/><F92/><W120/><G120/><T94/><D111/><U84/><E64/><V87/><F87/><W2/><G2/><T68/><D68/><U79/><E67/><V37/><F20/><W48/><G29/><T51/><D51/><U5/><E5/><V8/><F8/><W78/><G61/><T6/><D6/><U4/><E4/><V106/><F106/><W26/><G69/><T121/><D104/><U21/><E21/><V70/><F12/><W1/><G1/><T122/><D114/><N who="1" m="29187" /><U22/><DORA hai="73" /><E22/><V30/><F9/><W17/><G26/><T31/><D31/><U93/><E79/><AGARI ba="1,0" hai="79,81,86,90,94,96,121,122" m="51306,49738" machi="79" ten="30,8000,1" yaku="19,1,20,1,34,2,52,1" doraHai="15,73" who="0" fromWho="1" sc="268,83,204,-83,288,0,240,0" /><INIT seed="3,0,0,1,1,28" ten="351,121,288,240" oya="3" hai0="24,127,93,84,85,59,7,112,107,104,116,41,64" hai1="117,45,115,30,32,78,125,135,63,79,49,119,16" hai2="86,18,31,52,98,17,8,118,44,106,87,47,43" hai3="105,55,95,89,53,19,131,0,46,39,37,65,114"/><W6/><G105/><T88/><D116/><N who="1" m="44619" /><E115/><V77/><F118/><W76/><G114/><T9/><D127/><U102/><E102/><V26/><F106/><W91/><G131/><T11/><D112/><U50/><E125/><V96/><F8/><W126/><G126/><T54/><D41/><U67/><E135/><V12/><F43/><W66/><G76/><T120/><D120/><U73/><E73/><V81/><F86/><W13/><G6/><T23/><D64/><U124/><E124/><V122/><F122/><W97/><G0/><T3/><D11/><U36/><E36/><V101/><F47/><W70/><G70/><T40/><D84/><U110/><E79/><V121/><F121/><W20/><G39/><T99/><D40/><U35/><E78/><V33/><F101/><W130/><G130/><T5/><D85/><U111/><E30/><V38/><F38/><W42/><G66/><T21/><D7/><U108/><E16/><V82/><F82/><W132/><G65/><T90/><D90/><U71/><E50/><V94/><F94/><W68/><G68/><T133/><D133/><U128/><E128/><V48/><REACH who="2" step="1"/><F12/><REACH who="2" ten="351,121,278,240" step="2"/><W123/><G123/><T10/><D10/><U62/><E62/><V113/><F113/><W74/><G74/><T27/><D104/><U29/><E29/><V103/><F103/><W15/><G132/><T58/><D107/><U129/><E129/><V2/><F2/><W34/><G42/><AGARI ba="0,1" hai="32,35,42,45,49,63,67,71,108,110,111" m="44619" machi="42" ten="40,8000,1" yaku="14,1,12,1,52,2" doraHai="28" who="1" fromWho="3" sc="351,0,121,90,278,0,240,-80" owari="351,45.0,211,-19.0,278,8.0,160,-34.0" /></mjloggm>