<mjloggm ver="2.3"><GO type="97" lobby="0"/><UN n0="%73%61%6D%6D%65%74" n1="%E3%82%A6%E3%83%AB%E3%83%88%E3%83%A9%E7%AB%8B%E7%9B%B4" n2="%4C%4A" n3="%50%69%72%6F%72%69%4E%6F" dan="13,14,14,13" rate="1820.28,1934.50,1932.13,1886.24" sx="M,M,M,M"/><TAIKYOKU oya="0"/><INIT seed="0,0,0,3,0,1" ten="250,250,250,250" oya="0" hai0="60,134,77,127,90,13,114,68,4,111,21,94,26" hai1="87,83,110,66,47,71,19,43,116,39,75,45,70" hai2="16,101,40,107,108,65,46,7,129,55,2,79,130" hai3="18,15,86,56,25,115,24,81,64,92,6,98,30"/><T131/><D114/><U124/><E116/><V125/><F65/><W121/><G115/><T84/><D131/><N who="2" m="50186" /><F79/><W41/><G121/><T9/><D127/><U29/><E124/><V22/><F125/><W117/><G117/><T126/><D126/><U88/><E110/><V103/><F108/><W80/><G41/><T36/><D111/><U122/><E122/><V42/><F107/><W123/><G123/><T28/><D134/><U78/><E29/><V35/><F35/><W52/><G64/><T82/><D36/><U120/><E120/><V14/><F55/><W58/><G56/><T0/><D68/><U106/><E106/><V62/><F62/><W61/><G30/><T11/><D60/><U17/><E47/><V74/><F74/><W109/><G81/><T32/><D9/><U37/><E37/><N who="2" m="21775" /><F42/><W33/><G33/><T38/><D38/><U59/><E59/><V67/><F67/><W76/><G109/><T23/><REACH who="0" step="1"/><D0/><REACH who="0" ten="240,250,250,250" step="2"/><U50/><E39/><V118/><F118/><W97/><G61/><T57/><D57/><U132/><E132/><V44/><F44/><W20/><G58/><T93/><D93/><U54/><E70/><V51/><F51/><W73/><G92/><T105/><D105/><U135/><E135/><V91/><F91/><W69/><G69/><T119/><D119/><U8/><E71/><V99/><F99/><AGARI ba="0,1" hai="4,11,13,21,23,26,28,32,77,82,84,90,94,99" machi="99" ten="30,5800,0" yaku="1,1,7,1,52,1,53,0" doraHai="1" doraHaiUra="133" who="0" fromWho="2" sc="240,68,250,0,250,-58,250,0" /><INIT seed="0,1,0,4,5,93" ten="308,250,192,250" oya="0" hai0="119,110,112,2,51,71,34,74,90,15,102,101,111" hai1="126,129,48,116,127,45,58,61,42,3,118,117,70" hai2="33,17,5,81,55,12,109,29,36,75,9,40,44" hai3="106,105,85,84,120,72,25,26,78,77,57,128,83"/><T4/><D119/><U30/><E30/><V121/><F121/><W97/><G120/><T16/><D112/><U123/><E3/><V108/><F55/><W0/><G0/><T88/><D34/><U113/><E123/><V73/><F17/><W21/><G57/><T133/><D133/><U98/><E98/><V104/><F104/><W94/><G26/><T64/><D74/><U6/><E6/><V86/><F29/><W69/><G69/><T76/><D76/><U89/><E89/><N who="0" m="34409" /><D2/><U27/><E27/><V63/><F33/><W28/><G128/><T7/><D71/><U79/><E79/><N who="2" m="46399" /><F63/><W130/><G130/><T13/><D64/><N who="1" m="41231" /><E129/><V46/><F46/><W80/><G72/><T92/><D51/><U11/><E11/><V66/><F66/><W82/><REACH who="3" step="1"/><G82/><REACH who="3" ten="308,250,192,240" step="2"/><T131/><D131/><U122/><E122/><V35/><F35/><W135/><G135/><T18/><D15/><U95/><E113/><V87/><F109/><W47/><G47/><T37/><D13/><U1/><E1/><V24/><F108/><W10/><G10/><T22/><D111/><U125/><E58/><V39/><F75/><W91/><AGARI ba="1,1" hai="21,25,28,77,78,80,83,84,85,91,94,97,105,106" machi="91" ten="20,8000,1" yaku="1,1,0,1,7,1,9,1,52,1,53,0" doraHai="93" doraHaiUra="107" who="3" fromWho="3" sc="308,-41,250,-21,192,-21,240,93" /><INIT seed="1,0,0,3,5,37" ten="267,229,171,333" oya="1" hai0="99,39,123,125,124,98,106,24,33,86,130,16,34" hai1="133,1,110,19,84,17,43,62,61,22,85,64,109" hai2="77,53,14,69,95,55,70,7,41,111,12,112,45" hai3="60,120,10,2,122,89,72,107,58,51,23,28,66"/><U11/><E133/><V118/><F77/><W63/><G72/><T102/><D130/><U6/><E85/><V114/><F7/><W135/><G107/><T46/><D123/><U65/><E84/><V78/><F78/><W121/><G135/><T90/><D98/><U119/><E119/><V71/><F118/><W105/><G105/><T74/><D74/><U30/><E30/><V103/><F103/><W104/><G104/><T48/><D39/><U115/><E115/><N who="2" m="44075" /><F95/><W5/><G51/><T132/><D132/><U3/><E22/><V52/><F111/><W131/><G131/><T79/><D79/><U127/><E127/><N who="0" m="48713" /><D46/><U76/><E76/><V42/><F45/><W21/><G89/><T113/><D48/><U126/><E126/><V94/><F94/><W87/><G87/><T18/><D113/><U56/><E6/><V82/><F82/><W101/><G101/><T128/><D128/><U35/><E35/><N who="0" m="13321" /><D24/><U134/><E134/><V117/><F117/><W54/><REACH who="3" step="1"/><G28/><REACH who="3" ten="267,229,171,323" step="2"/><T29/><D29/><U26/><E109/><V67/><F67/><W83/><G83/><AGARI ba="0,1" hai="16,18,83,86,90,99,102,106" m="13321,48713" machi="83" ten="30,2000,0" yaku="18,1,54,1" doraHai="37" who="0" fromWho="3" sc="267,30,229,0,171,0,323,-20" /><INIT seed="2,0,0,3,0,100" ten="297,229,171,303" oya="2" hai0="103,62,85,96,65,26,6,1,19,16,69,41,135" hai1="124,128,21,23,31,104,127,118,110,47,44,134,15" hai2="92,90,102,20,55,133,108,24,84,40,12,97,2" hai3="48,80,56,66,129,76,17,105,78,117,67,49,99"/><V71/><F2/><W130/><G117/><T11/><D135/><U5/><E118/><V88/><F71/><W109/><G17/><T58/><D41/><U79/><E79/><N who="3" m="30250" /><G80/><T64/><D85/><U123/><E123/><V29/><F133/><W14/><G14/><T126/><D126/><N who="1" m="48171" /><E134/><V81/><F108/><W115/><G115/><T4/><D4/><U52/><E110/><V120/><F120/><W82/><G82/><T73/><BYE who="3" /><D73/><U57/><E128/><V46/><F12/><W74/><G74/><T33/><D65/><U36/><E36/><V111/><F111/><W35/><G35/><T59/><D59/><U132/><E132/><V86/><F55/><W34/><G34/><T125/><D125/><U98/><E31/><V106/><REACH who="2" step="1"/><F46/><REACH who="2" ten="297,229,161,303" step="2"/><W94/><G94/><T38/><D69/><U131/><E47/><V22/><F22/><W13/><G13/><T121/><D121/><U77/><E44/><V54/><F54/><W114/><G114/><T32/><D32/><U113/><E113/><V83/><F83/><W39/><G39/><T25/><D38/><U116/><E116/><V45/><F45/><W10/><G10/><T107/><D33/><U112/><E112/><V87/><F87/><W75/><G75/><T28/><D26/><U122/><E122/><V95/><F95/><W3/><G3/><T43/><D43/><AGARI ba="0,1" hai="20,24,29,40,43,81,84,86,88,90,92,97,102,106" machi="43" ten="40,7700,0" yaku="1,1,52,1,54,1,53,0" doraHai="100" doraHaiUra="72" who="2" fromWho="0" sc="297,-77,229,0,161,87,303,0" /><INIT seed="2,1,0,1,2,109" ten="220,229,248,303" oya="2" hai0="78,118,124,45,81,37,119,64,115,74,57,29,79" hai1="110,105,8,53,32,100,59,83,85,48,35,108,2" hai2="36,125,121,116,122,70,15,72,13,112,41,34,86" hai3="77,99,61,114,16,130,50,104,123,23,4,75,20"/><V66/><F86/><W46/><G46/><T56/><D124/><U82/><E100/><V129/><F15/><UN n3="%50%69%72%6F%72%69%4E%6F" /><W9/><G123/><T12/><D79/><U25/><E105/><V62/><F13/><W38/><G38/><T126/><D126/><U60/><E83/><V107/><F125/><W0/><G130/><T26/><D12/><U6/><E48/><V51/><F51/><W84/><G75/><T52/><D57/><U73/><E73/><V27/><F129/><W58/><G50/><N who="0" m="30743" /><D64/><U24/><E25/><V68/><F116/><N who="0" m="44586" /><D37/><U128/><E128/><V90/><F90/><W127/><G127/><T63/><D63/><U44/><E44/><N who="2" m="23591" /><F70/><W135/><G61/><T97/><D97/><U95/><E95/><V3/><F3/><W94/><G58/><T101/><D45/><U96/><E96/><V131/><F131/><W111/><G99/><T133/><D101/><U19/><E19/><V93/><F93/><W132/><G94/><T117/><D133/><U47/><E47/><V7/><F7/><W88/><G104/><T43/><D43/><U1/><E1/><V40/><F40/><W39/><G77/><T31/><D117/><U14/><E2/><V134/><F107/><W113/><G39/><T5/><D5/><U103/><E103/><V65/><F134/><W71/><G71/><T102/><D102/><U30/><REACH who="1" step="1"/><E32/><REACH who="1" ten="220,219,248,303" step="2"/><V49/><F34/><W42/><G135/><T120/><D120/><U67/><E67/><N who="2" m="41079" /><F122/><W106/><G106/><T76/><D76/><AGARI ba="1,1" hai="6,8,14,24,30,35,53,59,60,76,82,85,108,110" machi="76" ten="40,2600,0" yaku="1,1,53,1" doraHai="109" doraHaiUra="10" who="1" fromWho="0" sc="220,-29,219,39,248,0,303,0" /><INIT seed="3,0,0,0,2,57" ten="191,258,248,303" oya="3" hai0="7,19,134,65,131,110,59,101,91,79,124,85,53" hai1="68,25,24,100,55,73,93,103,96,82,72,114,128" hai2="120,23,48,14,12,89,90,67,36,97,62,77,74" hai3="54,46,127,0,51,126,15,27,95,11,87,31,102"/><W88/><G0/><T56/><D110/><U49/><E114/><V109/><F36/><W29/><G102/><T117/><D117/><U63/><E128/><V111/><F120/><W112/><G112/><T113/><D113/><U133/><E133/><V20/><F74/><W129/><G129/><T17/><D131/><U135/><E135/><V108/><F77/><W130/><G130/><T13/><D134/><U35/><E35/><V125/><F125/><N who="3" m="47627" /><G27/><T76/><D124/><U61/><E68/><N who="2" m="42103" /><F48/><W104/><G104/><T115/><D101/><U1/><E1/><V8/><F97/><W80/><G80/><N who="0" m="49575" /><D65/><U9/><E72/><V47/><F47/><W41/><G41/><T84/><D115/><U105/><E105/><V32/><F32/><W45/><G45/><T81/><D76/><U28/><E73/><V38/><F38/><W94/><G94/><T123/><D123/><U22/><E103/><V43/><F43/><W60/><G60/><N who="1" m="23114" /><E82/><V37/><F37/><W21/><G21/><N who="2" m="8265" /><F14/><W52/><G54/><T44/><D44/><N who="1" m="28071" /><E25/><V83/><F83/><W116/><G116/><T66/><D66/><U4/><E9/><V107/><F107/><W10/><G10/><N who="0" m="4319" /><D53/><U118/><E118/><V75/><F75/><W78/><G78/><T39/><D39/><U40/><E40/><V58/><F58/><AGARI ba="0,0" hai="17,19,56,58,59,79,81,84" m="4319,49575" machi="58" ten="30,1000,0" yaku="8,1" doraHai="57" who="0" fromWho="2" sc="191,10,258,0,248,-10,303,0" owari="201,-30.0,258,6.0,238,-16.0,303,40.0" /></mjloggm>