<mjloggm ver="2.3"><GO type="169" lobby="0"/><UN n0="%E3%82%A6%E3%83%AB%E3%83%88%E3%83%A9%E7%AB%8B%E7%9B%B4" n1="%7A%65%72%6F%52%58" n2="%40%6B%6B%6B%6B" n3="%4B%E3%80%82" dan="17,18,16,16" rate="2141.71,2229.51,2059.57,2097.85" sx="M,M,M,M"/><TAIKYOKU oya="0"/><INIT seed="0,0,0,5,0,21" ten="250,250,250,250" oya="0" hai0="91,61,64,98,8,36,84,42,108,78,90,15,106" hai1="96,29,116,9,73,119,23,129,1,3,57,26,58" hai2="128,5,105,46,79,6,17,122,10,94,118,77,13" hai3="117,89,34,76,120,56,83,97,135,18,31,100,48"/><T35/><D35/><U22/><E73/><V67/><F105/><W133/><G117/><T44/><D108/><U88/><E129/><V70/><F122/><W93/><G120/><T114/><D114/><U14/><E1/><V71/><F128/><W111/><G111/><T75/><D75/><U125/><E125/><V107/><F107/><W72/><G18/><T0/><D0/><U104/><E3/><V131/><F118/><W25/><G48/><T112/><D112/><U24/><E119/><V134/><F6/><W33/><G33/><T124/><D124/><U95/><E104/><V20/><F134/><W110/><G110/><T27/><D27/><U121/><E121/><V66/><F71/><W103/><REACH who="3" step="1"/><G56/><REACH who="3" ten="250,250,250,240" step="2"/><T52/><D36/><U51/><E51/><V109/><F17/><W62/><G62/><T53/><D42/><U49/><E49/><V28/><F109/><W50/><G50/><T54/><D44/><U7/><E116/><V19/><F46/><W113/><G113/><T123/><D123/><U132/><E132/><AGARI ba="0,1" hai="25,31,34,72,76,83,89,93,97,100,103,132,133,135" machi="132" ten="40,5200,0" yaku="1,1,20,1,52,1,53,0" doraHai="21" doraHaiUra="43" who="3" fromWho="1" sc="250,0,250,-52,250,0,240,62" /><INIT seed="1,0,0,3,0,130" ten="250,198,250,302" oya="1" hai0="99,34,27,16,125,132,40,110,84,66,41,36,83" hai1="24,1,53,15,126,64,30,45,42,131,23,70,77" hai2="31,79,91,29,55,47,76,74,120,87,127,107,43" hai3="119,49,112,61,22,39,58,82,25,62,115,98,113"/><U116/><E116/><V68/><F68/><W75/><G39/><T73/><D73/><U26/><E1/><V133/><F107/><W9/><G119/><T48/><D34/><U92/><E131/><V114/><F120/><W67/><G9/><T65/><D36/><U32/><E15/><V100/><F100/><W35/><G35/><T93/><D110/><U80/><E53/><V78/><F74/><W13/><G98/><T96/><D96/><U121/><E121/><V108/><F108/><W81/><G13/><T21/><D125/><U54/><E54/><V123/><F127/><W7/><G7/><T88/><D132/><U134/><E126/><V85/><F114/><W2/><G2/><T18/><D18/><U106/><E106/><V50/><F133/><W44/><G62/><T56/><D56/><U122/><E122/><V57/><F123/><W94/><G94/><T12/><D12/><U59/><E70/><V3/><F3/><W124/><G75/><T6/><D6/><U86/><E92/><V63/><REACH who="2" step="1"/><F85/><REACH who="2" ten="250,198,240,302" step="2"/><W69/><G124/><T51/><D41/><U104/><E104/><V8/><F8/><W118/><G118/><T129/><D129/><U89/><E134/><V128/><F128/><W38/><G69/><T46/><REACH who="0" step="1"/><D51/><REACH who="0" ten="240,198,240,302" step="2"/><U105/><E42/><V17/><F17/><N who="3" m="12495" /><G38/><T117/><D117/><U0/><E0/><V90/><F90/><AGARI ba="0,2" hai="16,21,27,40,46,48,65,66,83,84,88,90,93,99" machi="90" ten="30,8000,1" yaku="1,1,7,1,8,1,54,2,53,0" doraHai="130" doraHaiUra="103" who="0" fromWho="2" sc="240,100,198,0,240,-80,302,0" /><INIT seed="2,0,0,3,0,9" ten="340,198,160,302" oya="2" hai0="16,111,13,132,92,106,103,23,46,31,125,57,41" hai1="33,77,124,134,83,67,128,38,79,26,130,109,22" hai2="59,131,51,115,61,56,117,110,127,55,30,4,119" hai3="24,15,76,97,37,73,11,21,54,34,90,44,95"/><V52/><F30/><W105/><G34/><T2/><D106/><U3/><E38/><V122/><F122/><W74/><G105/><T114/><D2/><U19/><E3/><V68/><F4/><W60/><G76/><T1/><D1/><U8/><E109/><V12/><F115/><W101/><G101/><T45/><D111/><U78/><E124/><V17/><F110/><W112/><G112/><T81/><D132/><U133/><E67/><V65/><F131/><N who="1" m="50217" /><E8/><V53/><F127/><W107/><G107/><T39/><D125/><U129/><N who="1" m="50225" /><U58/><DORA hai="123" /><E58/><V118/><REACH who="2" step="1"/><F56/><REACH who="2" ten="340,198,150,302" step="2"/><N who="3" m="34839" /><G44/><T20/><D46/><U72/><E33/><V75/><F75/><W94/><G73/><T6/><D45/><U43/><E43/><V27/><F27/><W66/><G74/><T120/><D41/><U25/><E26/><V121/><F121/><W42/><G42/><T96/><D57/><U28/><E28/><V50/><F50/><W47/><G24/><T0/><D120/><U71/><E71/><V14/><F14/><W18/><G47/><T64/><D31/><U100/><E100/><V87/><F87/><W62/><G15/><T85/><D13/><U36/><E36/><V126/><F126/><W35/><G35/><T32/><D32/><U86/><E72/><V91/><F91/><AGARI ba="0,1" hai="19,22,25,77,78,79,83,86,91,133,134" m="50225" machi="91" ten="50,1600,0" yaku="19,1" doraHai="9,123" who="1" fromWho="2" sc="340,0,198,26,150,-16,302,0" /><INIT seed="3,0,0,3,3,36" ten="340,224,134,302" oya="3" hai0="127,14,103,87,124,74,101,125,4,129,1,59,55" hai1="134,58,130,108,114,0,56,51,89,90,46,21,126" hai2="86,120,31,39,73,78,65,38,92,23,75,17,63" hai3="12,41,96,117,102,5,7,131,69,135,112,57,115"/><W98/><G69/><T111/><D74/><U76/><E0/><V32/><F120/><W123/><G117/><T107/><D1/><U72/><E114/><V20/><F32/><W116/><G116/><T16/><D4/><U82/><E108/><V67/><F31/><W35/><G123/><T106/><D111/><U68/><E68/><V15/><F78/><W109/><G35/><T85/><D129/><U80/><E126/><V128/><F92/><W91/><G109/><T113/><D113/><U71/><E71/><V118/><F15/><W81/><G131/><T40/><D40/><U18/><E134/><V10/><F118/><W95/><G135/><T61/><D103/><U43/><E130/><V2/><F128/><W28/><G28/><T49/><D61/><U48/><E82/><V11/><F2/><W9/><G7/><T70/><D70/><U104/><E104/><N who="0" m="39977" /><D101/><U62/><E51/><V8/><F63/><W93/><G81/><T42/><D42/><U13/><REACH who="1" step="1"/><E58/><REACH who="1" ten="340,214,134,302" step="2"/><V105/><F39/><W121/><G121/><T30/><D59/><U64/><AGARI ba="0,1" hai="13,18,21,43,46,48,56,62,64,72,76,80,89,90" machi="64" ten="20,12000,2" yaku="1,1,2,1,0,1,7,1,52,1,53,1" doraHai="36" doraHaiUra="53" who="1" fromWho="1" sc="340,-30,214,130,134,-30,302,-60" /><INIT seed="4,0,0,1,3,51" ten="310,344,104,242" oya="0" hai0="131,74,110,102,23,98,84,97,80,95,53,127,52" hai1="113,58,39,4,5,17,26,60,43,134,35,27,109" hai2="91,87,54,61,31,71,49,96,73,24,29,21,76" hai3="100,126,125,37,0,106,64,13,47,120,38,81,57"/><T69/><D69/><U112/><E109/><V68/><F73/><W92/><G0/><T104/><D110/><U122/><E122/><V119/><F119/><W55/><G120/><T90/><D127/><U124/><E124/><V82/><F31/><W67/><G106/><T114/><D114/><N who="1" m="44139" /><E134/><V59/><F76/><W18/><G38/><T72/><D131/><U66/><E35/><V62/><F96/><W32/><G32/><T50/><D23/><N who="1" m="13679" /><E27/><V103/><F103/><W3/><G3/><T6/><D6/><U56/><E56/><V115/><F115/><W128/><G128/><T93/><D104/><U88/><E88/><V85/><F85/><W45/><G81/><T70/><D70/><U2/><E2/><V12/><F12/><W1/><G1/><T41/><D74/><U19/><E19/><V8/><F8/><W30/><G30/><T10/><D10/><U123/><E123/><V7/><F7/><W129/><G129/><T133/><D72/><U94/><E94/><V44/><REACH who="2" step="1"/><F62/><REACH who="2" ten="310,344,94,242" step="2"/><N who="3" m="36159" /><G126/><T34/><D34/><U79/><E79/><V33/><F33/><W46/><G125/><T36/><D133/><U135/><E135/><V42/><AGARI ba="0,1" hai="21,24,29,42,44,49,54,59,61,68,71,82,87,91" machi="42" ten="20,5200,0" yaku="1,1,0,1,7,1,52,1,53,0" doraHai="51" doraHaiUra="101" who="2" fromWho="2" sc="310,-26,344,-13,94,62,242,-13" /><INIT seed="5,0,0,3,3,94" ten="284,331,156,229" oya="1" hai0="74,132,71,119,77,87,97,39,46,91,120,24,43" hai1="21,67,5,115,111,100,9,11,102,18,3,29,88" hai2="130,32,26,54,50,83,92,101,105,20,12,106,55" hai3="45,121,116,61,59,129,14,127,33,96,135,17,70"/><U7/><E115/><V95/><F130/><W48/><G121/><T128/><D119/><U79/><E29/><V112/><F32/><W103/><G33/><T30/><D71/><U51/><E67/><V114/><F12/><W1/><G1/><T125/><D128/><U40/><E79/><V62/><F62/><W15/><G129/><T58/><D74/><U49/><E111/><V34/><F83/><W123/><G123/><T52/><D77/><U0/><E51/><V37/><F37/><W28/><G28/><T56/><D125/><U86/><E49/><V31/><F55/><W113/><G113/><N who="2" m="43625" /><F34/><W63/><G70/><T117/><D58/><U47/><E47/><N who="2" m="27999" /><F92/><N who="3" m="58759" /><G127/><T81/><D120/><U131/><E40/><V134/><F134/><W90/><G135/><T38/><D132/><U82/><E131/><V118/><F118/><W93/><G116/><T66/><D117/><U2/><E0/><V41/><F41/><N who="3" m="24623" /><G14/><AGARI ba="0,0" hai="2,3,5,7,9,11,14,18,21,82,86,88,100,102" machi="14" ten="30,5800,0" yaku="7,1,9,1,54,1" doraHai="94" who="1" fromWho="3" sc="284,0,331,58,156,0,229,-58" /><INIT seed="5,1,0,2,3,32" ten="284,389,156,171" oya="1" hai0="75,76,109,67,64,73,28,56,25,18,85,71,14" hai1="128,1,78,127,96,122,38,3,130,81,8,46,26" hai2="72,40,59,87,37,54,53,7,44,31,48,50,113" hai3="119,0,111,90,65,121,5,123,62,55,134,13,49"/><U74/><E122/><V52/><F72/><W115/><G111/><T114/><D71/><U116/><E116/><V92/><F31/><W82/><G0/><N who="1" m="74" /><E8/><V93/><F7/><W63/><G134/><T22/><D109/><U103/><E26/><V98/><F113/><W88/><G115/><T19/><D19/><U83/><E83/><V107/><F107/><W117/><G13/><T69/><D69/><U125/><E46/><V61/><F87/><N who="3" m="50295" /><G90/><T58/><D114/><U70/><E38/><V21/><F21/><W2/><G5/><T20/><D75/><U106/><E70/><V36/><F93/><W97/><G2/><T45/><D73/><U30/><E30/><V16/><F16/><W24/><G24/><T68/><D68/><U41/><E41/><V129/><F129/><AGARI ba="1,0" hai="74,78,81,96,103,106,125,127,128,129,130" m="74" machi="129" ten="30,12000,1" yaku="19,1,23,1,52,3" doraHai="32" who="1" fromWho="2" sc="284,0,389,123,156,-123,171,0" /><INIT seed="5,2,0,2,5,19" ten="284,512,33,171" oya="1" hai0="107,22,26,90,73,20,109,92,128,47,123,67,105" hai1="56,48,80,27,54,113,106,135,23,77,11,69,120" hai2="53,0,122,70,21,16,115,121,74,110,25,41,6" hai3="71,82,59,65,57,127,75,81,132,44,86,68,83"/><U124/><E106/><V72/><F70/><W34/><G34/><T104/><D73/><U5/><E69/><V15/><F110/><W8/><G75/><T40/><D109/><U37/><E37/><V49/><F74/><W4/><G127/><T119/><D119/><U43/><E113/><V78/><F41/><W97/><G132/><T28/><D67/><U89/><E89/><V101/><F101/><W52/><G97/><T33/><D128/><U66/><E43/><V102/><F102/><W112/><G112/><T94/><D123/><U32/><E32/><V93/><F93/><W84/><G71/><T134/><D134/><U131/><E66/><V9/><F115/><W3/><G44/><T62/><D62/><U10/><E124/><V39/><F39/><W111/><G111/><T64/><D64/><U58/><E10/><V125/><F125/><W38/><G38/><T13/><D13/><U76/><E11/><V98/><F98/><W108/><G108/><T29/><D29/><U60/><E5/><V1/><F78/><W63/><REACH who="3" step="1"/><G68/><REACH who="3" ten="284,512,33,161" step="2"/><T91/><D47/><U17/><E135/><V46/><REACH who="2" step="1"/><F72/><REACH who="2" ten="284,512,23,161" step="2"/><W61/><AGARI ba="2,2" hai="3,4,8,52,57,59,61,63,65,81,82,83,84,86" machi="61" ten="30,8000,1" yaku="1,1,2,1,0,1,54,1,53,1" doraHai="19" doraHaiUra="51" who="3" fromWho="3" sc="284,-22,512,-42,23,-22,161,106" /><INIT seed="6,0,0,0,0,86" ten="262,470,1,267" oya="2" hai0="20,35,63,61,82,62,54,47,21,56,83,49,18" hai1="131,94,51,68,122,70,60,85,30,124,26,121,29" hai2="58,22,107,7,5,19,69,57,50,127,72,25,114" hai3="79,55,11,92,14,75,73,46,132,91,39,115,110"/><V135/><F69/><W119/><G110/><T117/><D35/><U120/><E131/><V133/><F107/><W109/><G109/><T77/><D117/><U97/><E124/><V48/><F72/><W95/><G119/><T52/><D21/><N who="1" m="15567" /><E85/><V96/><F127/><W12/><G115/><T32/><D32/><U44/><E60/><N who="0" m="23145" /><D77/><U27/><E27/><AGARI ba="0,0" hai="18,20,27,47,49,52,54,56,63,82,83" m="23145" machi="27" ten="30,2000,0" yaku="8,1,54,1" doraHai="86" who="0" fromWho="1" sc="262,20,470,-20,1,0,267,0" /><INIT seed="7,0,0,3,4,116" ten="282,450,1,267" oya="3" hai0="49,62,44,90,4,17,14,97,63,81,45,30,32" hai1="117,130,69,57,126,3,103,104,88,37,77,26,92" hai2="109,24,102,106,121,128,135,48,98,133,31,107,115" hai3="42,50,60,38,9,55,94,125,1,127,70,119,123"/><W35/><G119/><T22/><D32/><U75/><E69/><V33/><F48/><W41/><G35/><T39/><D39/><U36/><E3/><V40/><F40/><W100/><G123/><T124/><D124/><N who="3" m="47689" /><G38/><T73/><D73/><U18/><E117/><V79/><F107/><W71/><G100/><T112/><D112/><U46/><E126/><V59/><F115/><W99/><G99/><T53/><D30/><U87/><E46/><N who="0" m="18025" /><D4/><U7/><E7/><V43/><F33/><W54/><G94/><N who="0" m="56535" /><D81/><N who="1" m="45247" /><E57/><AGARI ba="0,0" hai="14,17,22,49,53,57,62,63" m="56535,18025" machi="57" ten="30,1000,0" yaku="8,1" doraHai="116" who="0" fromWho="1" sc="282,10,450,-10,1,0,267,0" owari="292,9.0,440,54.0,1,-50.0,267,-13.0" /></mjloggm>