<mjloggm ver="2.3"><GO type="97" lobby="0"/><UN n0="%E3%81%BE%E3%83%BC%E3%82%84%E3%80%82" n1="%E7%87%95%E5%85%90" n2="%E3%81%94%E3%82%8A%E3%82%93" n3="%E3%82%A6%E3%83%AB%E3%83%88%E3%83%A9%E7%AB%8B%E7%9B%B4" dan="13,15,14,14" rate="1810.94,1984.86,1883.81,1950.18" sx="F,M,M,M"/><TAIKYOKU oya="0"/><INIT seed="0,0,0,1,0,64" ten="250,250,250,250" oya="0" hai0="71,15,97,41,21,53,75,126,95,69,89,0,6" hai1="51,103,57,120,133,16,8,76,54,2,62,125,49" hai2="106,130,11,30,12,116,40,9,119,87,29,45,36" hai3="100,78,83,23,46,105,113,26,88,86,27,25,58"/><T129/><D75/><U56/><E120/><V60/><F106/><W85/><G113/><T48/><D0/><U134/><E2/><V14/><F130/><W35/><G35/><T22/><D41/><U115/><E115/><V65/><F87/><W28/><G100/><T32/><D32/><U43/><E103/><V3/><F3/><W102/><G102/><T24/><D129/><U73/><E76/><V84/><F84/><W112/><G105/><T131/><D131/><U17/><E73/><V99/><F99/><W50/><G58/><T92/><D126/><U52/><E125/><V59/><F11/><W5/><G5/><T66/><D66/><U33/><E33/><V121/><F121/><W74/><G74/><T10/><D95/><U19/><E8/><V80/><F80/><N who="3" m="49191" /><G112/><T135/><D135/><N who="1" m="51723" /><E43/><AGARI ba="0,0" hai="23,25,26,27,28,43,46,50,78,83,86" m="49191" machi="43" ten="30,2000,0" yaku="8,1,54,1" doraHai="64" who="3" fromWho="1" sc="250,0,250,-20,250,0,250,20" /><INIT seed="1,0,0,4,4,70" ten="250,230,250,270" oya="1" hai0="77,15,41,64,14,47,49,21,94,108,126,88,100" hai1="129,71,25,19,73,1,134,89,40,58,130,44,8" hai2="115,29,84,74,119,112,109,76,83,3,91,17,10" hai3="107,101,48,18,135,33,93,55,31,104,106,116,7"/><U133/><E71/><V43/><F29/><W0/><G135/><N who="1" m="51722" /><E73/><V52/><F119/><W34/><G116/><T51/><D108/><U82/><E58/><V11/><F109/><W127/><G127/><T63/><D126/><U97/><E25/><V124/><F124/><W131/><G131/><N who="1" m="50186" /><E97/><V79/><F79/><W85/><G31/><T65/><D77/><U103/><E103/><V9/><F3/><W6/><G0/><T24/><D100/><U68/><E68/><V98/><F98/><W110/><G101/><T121/><D121/><U46/><E40/><V36/><F17/><W37/><G18/><T132/><D132/><U120/><E120/><V72/><F72/><W54/><G106/><T92/><D41/><U122/><E122/><V12/><F12/><W67/><G107/><T95/><D24/><U45/><E82/><V102/><F102/><W23/><G104/><T111/><D111/><U75/><E75/><V60/><F74/><W78/><G110/><T2/><D2/><U27/><E89/><V61/><F91/><W105/><G105/><T32/><D88/><U22/><E1/><V16/><F76/><W117/><G78/><T39/><D47/><N who="1" m="12035" /><U50/><DORA hai="128" /><E8/><V118/><F83/><W30/><G117/><T86/><D94/><U114/><E114/><V42/><F118/><W38/><G93/><T99/><D95/><U53/><E53/><V28/><F112/><W81/><G55/><T80/><D92/><U13/><E27/><V5/><F115/><W96/><G54/><T20/><D20/><N who="1" m="11375" /><E50/><V59/><F10/><W69/><G48/><RYUUKYOKU ba="0,0" sc="250,-10,230,30,250,-10,270,-10" hai1="22" /><INIT seed="1,1,0,3,0,64" ten="240,260,240,260" oya="1" hai0="51,11,117,101,118,66,8,96,115,2,53,105,47" hai1="121,71,135,119,70,79,63,68,102,129,84,125,17" hai2="122,39,130,33,60,43,116,34,40,59,16,73,83" hai3="91,52,23,45,111,26,127,124,133,113,80,104,69"/><U76/><E121/><V29/><F116/><W3/><G104/><T100/><D115/><U114/><E114/><V94/><F122/><W10/><G113/><T20/><D20/><U5/><E119/><V95/><F130/><W24/><G133/><T9/><D2/><U97/><E5/><V93/><F39/><W13/><G3/><T87/><D87/><U37/><E37/><V57/><F29/><W134/><G134/><T12/><D100/><U58/><E135/><V4/><F4/><W22/><G111/><T56/><REACH who="0" step="1"/><D12/><REACH who="0" ten="230,260,240,260" step="2"/><U92/><E129/><V28/><F33/><W35/><G35/><T123/><D123/><U0/><E0/><V126/><F34/><W32/><G32/><T85/><D85/><U1/><E1/><V50/><F73/><W7/><G23/><T15/><D15/><U38/><E125/><V49/><F126/><W55/><G124/><T90/><D90/><U77/><E38/><V132/><F132/><W46/><G127/><T99/><D99/><U108/><E108/><V19/><F83/><W78/><G91/><T44/><D44/><N who="3" m="17001" /><G80/><T103/><D103/><U74/><E74/><V48/><F28/><W86/><G86/><T75/><D75/><U21/><E84/><V62/><F93/><W25/><G78/><T110/><D110/><U42/><E79/><V112/><F112/><W41/><G22/><T27/><D27/><U98/><E97/><V81/><F81/><W72/><G72/><T109/><D109/><U18/><E21/><V54/><F94/><W88/><G26/><T89/><D89/><U36/><E77/><RYUUKYOKU ba="1,1" sc="230,30,260,-10,240,-10,260,-10" hai0="8,9,11,47,51,53,56,66,96,101,105,117,118" /><INIT seed="2,2,1,4,2,135" ten="260,250,230,250" oya="2" hai0="102,95,109,66,33,112,67,121,2,49,59,104,78" hai1="12,65,11,46,6,41,45,120,130,131,69,97,44" hai2="114,36,37,122,60,72,30,58,119,86,89,77,29" hai3="101,47,40,15,1,34,93,73,63,132,71,55,125"/><V99/><F119/><W129/><G1/><T127/><D127/><U68/><E120/><V75/><F122/><W3/><G3/><T51/><D109/><U133/><E133/><V70/><F114/><W85/><G73/><T110/><D110/><U17/><E97/><V57/><F70/><N who="1" m="27241" /><E65/><V35/><F35/><W92/><G34/><T79/><D33/><U25/><E25/><V91/><F99/><W111/><G111/><T100/><D2/><U53/><E53/><V8/><F8/><W28/><G132/><T31/><D31/><U81/><E81/><V116/><F60/><W38/><G129/><N who="1" m="49162" /><E17/><V26/><F116/><W123/><G123/><T87/><D112/><U10/><E10/><V54/><F26/><W115/><G115/><T117/><D117/><U23/><E23/><V43/><F54/><W107/><G55/><T20/><D121/><U82/><E82/><V103/><F29/><W126/><G63/><T124/><D104/><U48/><AGARI ba="2,1" hai="6,11,12,41,44,45,46,48" m="49162,27241" machi="48" ten="30,1100,0" yaku="19,1" doraHai="135" who="1" fromWho="1" sc="260,-5,250,27,230,-7,250,-5" /><INIT seed="3,0,0,1,5,120" ten="255,277,223,245" oya="3" hai0="88,43,21,99,106,41,115,132,71,82,103,110,118" hai1="64,37,100,72,129,113,28,5,92,90,19,34,46" hai2="15,69,101,22,47,102,60,58,86,33,119,127,77" hai3="111,123,87,81,112,27,85,48,108,11,8,53,54"/><W36/><G123/><T70/><D115/><U114/><E72/><V24/><F33/><W79/><G36/><T78/><D118/><U42/><E100/><V29/><F69/><W83/><G27/><T62/><D132/><U61/><E129/><V14/><F119/><W6/><G112/><T25/><D62/><U40/><E5/><V59/><F127/><W91/><G6/><T96/><D71/><U7/><E19/><V66/><F58/><W4/><G4/><T117/><D117/><U74/><E74/><V134/><F134/><W0/><G0/><T80/><D70/><U131/><E131/><V124/><F47/><W13/><G13/><N who="2" m="4617" /><F124/><W68/><G68/><T107/><D80/><AGARI ba="0,0" hai="22,24,29,59,60,66,77,80,86,101,102" m="4617" machi="80" ten="30,1000,0" yaku="8,1" doraHai="120" who="2" fromWho="0" sc="255,-10,277,0,223,10,245,0" /><INIT seed="4,0,0,2,1,96" ten="245,277,233,245" oya="0" hai0="29,64,90,83,105,74,129,44,117,40,118,32,55" hai1="113,56,84,120,72,15,81,89,115,112,52,106,23" hai2="85,73,66,78,111,67,95,82,126,25,36,127,39" hai3="4,9,59,91,100,2,8,14,41,88,101,97,87"/><T37/><D129/><U119/><E119/><V93/><F25/><W71/><G71/><T21/><D64/><N who="2" m="24618" /><F111/><W45/><G59/><T22/><D105/><U28/><E120/><V6/><F6/><W11/><G2/><T33/><D55/><U92/><E106/><V63/><F63/><W76/><G76/><T12/><D22/><U65/><E65/><V132/><F132/><W5/><G97/><T58/><D58/><U108/><E108/><V43/><F43/><W121/><G121/><T60/><D60/><N who="1" m="35847" /><E72/><V104/><F104/><W133/><G133/><T35/><D74/><U27/><E15/><V19/><F19/><W42/><G14/><T69/><D69/><U1/><E1/><V62/><F62/><W57/><G57/><T38/><D38/><N who="2" m="14378" /><F73/><W77/><G77/><T98/><D12/><U86/><E86/><V116/><F116/><W34/><G34/><T54/><D98/><U20/><E20/><V16/><F16/><W128/><G87/><N who="0" m="50559" /><D54/><U10/><E10/><V51/><F51/><W30/><G11/><T109/><D109/><U79/><E79/><V68/><F68/><W102/><G9/><T61/><D61/><U18/><E18/><V114/><F114/><N who="1" m="29185" /><U75/><DORA hai="47" /><E75/><V31/><F31/><W26/><G8/><T13/><D29/><U122/><E122/><V103/><F103/><W130/><G101/><T3/><D3/><U48/><E48/><V49/><F49/><W123/><G30/><T99/><D99/><U46/><E81/><V0/><F0/><W94/><G123/><T53/><D53/><U110/><E110/><RYUUKYOKU ba="0,0" sc="245,10,277,10,233,10,245,-30" hai0="13,21,32,33,35,37,40,44,117,118" hai1="23,27,28,46,84,89,92" hai2="78,82,85,93,95,126,127" /><INIT seed="4,1,0,4,3,9" ten="255,287,243,215" oya="0" hai0="83,91,111,92,56,74,51,36,8,110,135,70,88" hai1="132,96,104,49,18,48,21,87,1,85,108,84,54" hai2="12,133,63,33,35,103,113,107,90,127,34,47,30" hai3="24,105,82,131,64,100,86,76,125,61,73,17,67"/><T62/><D135/><U106/><E1/><V3/><F3/><W93/><G125/><T10/><D70/><U134/><E108/><N who="0" m="41513" /><D36/><U122/><E122/><V2/><F2/><W81/><G131/><T5/><D51/><N who="1" m="19531" /><E96/><V101/><F113/><W14/><G24/><T68/><D68/><U53/><E18/><V57/><F133/><N who="1" m="51305" /><E21/><V15/><F47/><W78/><G105/><AGARI ba="1,0" hai="53,54,84,85,87,104,105,106" m="51305,19531" machi="105" ten="40,5200,0" yaku="28,2,20,1" doraHai="9" who="1" fromWho="3" sc="255,0,287,55,243,0,215,-55" owari="255,6.0,342,44.0,243,-16.0,160,-34.0" /></mjloggm>