<mjloggm ver="2.3"><GO type="97" lobby="0"/><UN n0="%E3%82%A6%E3%83%AB%E3%83%88%E3%83%A9%E7%AB%8B%E7%9B%B4" n1="%E3%83%9C%E3%83%BC%E3%82%A4%E5%90%9B" n2="%E2%98%85%50%69%7A%61%72%72%6F" n3="%54%65%61%37%37%37" dan="13,14,13,15" rate="1896.78,2042.59,1855.08,1960.83" sx="M,M,M,M"/><TAIKYOKU oya="0"/><INIT seed="0,0,0,1,5,4" ten="250,250,250,250" oya="0" hai0="34,118,133,135,69,33,32,89,104,44,113,29,132" hai1="18,105,124,85,80,129,5,107,8,92,56,96,2" hai2="17,90,88,120,125,43,108,41,84,79,35,27,98" hai3="14,23,39,75,94,114,36,103,13,11,97,66,12"/><T131/><D104/><U67/><E129/><V48/><F120/><W86/><G75/><T100/><D100/><U130/><E124/><V64/><F125/><W45/><G114/><T58/><D69/><U81/><E130/><V51/><F108/><W31/><G66/><T106/><D106/><U52/><E67/><V16/><F64/><W30/><G86/><T128/><D58/><U109/><E109/><V37/><F37/><W83/><G83/><T72/><D72/><U74/><E74/><V42/><F35/><W26/><G31/><T134/><N who="0" m="33792" /><DORA hai="123" /><T53/><D113/><U0/><E0/><V6/><F6/><W10/><REACH who="3" step="1"/><G45/><REACH who="3" ten="250,250,250,240" step="2"/><T102/><D128/><U21/><E81/><V59/><F84/><W95/><G95/><T60/><D131/><U116/><E116/><V25/><F98/><W82/><G82/><T87/><D118/><U15/><E92/><V7/><F79/><W110/><G110/><T50/><D29/><U1/><E96/><V122/><F122/><W20/><G20/><T24/><D34/><U119/><E119/><V57/><F43/><W121/><G121/><T61/><D32/><U71/><E71/><V68/><F7/><W112/><G112/><T38/><D33/><U111/><E111/><V63/><F68/><W99/><G99/><T73/><D73/><U70/><E70/><V126/><F126/><W117/><G117/><T22/><D87/><U78/><REACH who="1" step="1"/><E1/><REACH who="1" ten="250,240,250,240" step="2"/><V65/><F65/><W77/><G77/><T91/><D53/><U115/><E115/><V76/><F76/><W3/><G3/><T93/><D93/><RYUUKYOKU ba="0,2" sc="250,-30,240,10,250,10,240,10" hai1="2,5,8,15,18,21,52,56,78,80,85,105,107" hai2="16,17,25,27,41,42,48,51,57,59,63,88,90" hai3="10,11,12,13,14,23,26,30,36,39,94,97,103" /><INIT seed="1,1,2,3,5,86" ten="220,250,260,250" oya="1" hai0="98,69,44,6,109,127,5,115,97,66,135,0,101" hai1="92,13,100,113,107,103,104,1,42,126,12,60,17" hai2="35,31,14,8,10,22,26,83,120,33,36,40,84" hai3="62,54,28,105,80,4,57,79,59,9,34,64,61"/><U130/><E113/><V133/><F120/><W89/><G105/><T117/><D98/><U108/><E1/><V20/><F133/><W25/><G79/><T123/><D6/><U87/><E42/><V129/><F129/><W94/><G80/><T102/><D102/><U41/><E41/><V72/><F72/><W118/><G118/><T65/><D65/><U128/><E60/><V32/><F40/><W24/><G28/><T119/><D44/><U47/><E47/><V71/><F71/><W106/><G106/><N who="1" m="40490" /><E17/><V131/><F131/><N who="1" m="50217" /><E12/><V122/><F122/><W116/><G34/><T19/><D19/><U38/><E13/><V76/><F36/><W111/><G111/><T85/><D109/><U11/><E11/><V99/><F10/><W77/><G77/><T63/><D63/><U78/><E38/><V30/><F14/><N who="3" m="5415" /><G116/><T49/><D119/><U50/><E108/><V2/><F8/><W110/><G110/><T95/><D117/><U15/><E15/><V45/><F2/><W112/><G112/><T88/><D115/><U3/><E3/><V67/><F32/><W21/><G21/><T39/><D39/><U70/><E70/><V91/><F33/><W121/><G121/><T124/><D123/><U75/><E50/><V53/><F35/><W96/><AGARI ba="1,2" hai="24,25,54,57,59,61,62,64,89,94,96" m="5415" machi="96" ten="30,2000,0" yaku="8,1,52,1" doraHai="86" who="3" fromWho="3" sc="220,-6,250,-11,260,-6,250,43" /><INIT seed="2,0,0,2,3,40" ten="214,239,254,293" oya="2" hai0="62,134,76,2,25,109,71,77,11,124,14,126,12" hai1="82,36,96,19,119,130,9,120,21,80,31,74,16" hai2="112,103,48,88,133,89,28,113,127,85,45,46,7" hai3="59,41,43,86,93,50,49,13,37,67,78,64,115"/><V92/><F127/><N who="0" m="48682" /><D76/><U8/><E119/><V121/><F121/><W128/><G78/><T65/><D77/><U98/><E120/><V0/><F28/><W70/><G13/><T66/><D2/><U105/><E36/><V18/><F133/><W75/><G75/><T129/><D25/><N who="1" m="16815" /><E105/><V118/><F118/><W101/><G86/><T5/><D14/><N who="1" m="7239" /><E130/><V56/><F113/><W110/><G93/><T60/><D109/><U104/><E104/><V63/><F112/><W125/><G101/><T91/><D91/><U20/><E9/><V135/><F135/><W15/><G125/><T106/><D106/><U3/><E3/><V57/><F103/><W4/><G115/><T83/><D83/><N who="1" m="31787" /><E74/><V114/><F114/><W99/><G128/><T69/><D134/><U35/><E35/><V58/><F0/><W122/><G110/><T22/><D22/><U53/><E53/><N who="2" m="31783" /><F7/><W32/><G4/><T52/><D129/><U100/><E100/><V55/><F18/><W73/><G122/><T117/><D117/><U123/><E123/><V90/><F58/><W17/><G59/><T72/><D72/><U10/><E10/><V111/><F111/><W42/><G73/><T27/><D27/><AGARI ba="0,0" hai="19,20,27,96,98" m="31787,7239,16815" machi="27" ten="30,2000,0" yaku="8,1,54,1" doraHai="40" who="1" fromWho="0" sc="214,-20,239,20,254,0,293,0" /><INIT seed="3,0,0,5,1,71" ten="194,259,254,293" oya="3" hai0="42,41,67,96,69,118,23,16,12,19,110,90,17" hai1="88,121,72,101,34,49,89,84,55,130,73,129,7" hai2="117,11,36,109,9,59,62,30,0,133,27,65,66" hai3="15,21,26,58,87,24,126,100,3,31,48,113,5"/><W94/><G113/><T56/><D118/><U86/><E34/><V44/><F117/><W22/><G3/><T92/><D69/><U85/><E7/><V120/><F120/><W57/><G126/><T68/><D68/><U28/><E28/><V47/><F109/><W20/><G48/><T78/><D110/><U39/><E49/><V2/><F133/><W60/><G58/><T4/><D78/><U8/><E8/><V103/><F103/><W124/><G124/><T131/><D131/><N who="1" m="50187" /><E55/><V6/><F66/><N who="3" m="39183" /><G26/><T114/><D114/><U97/><E39/><V75/><F75/><N who="1" m="28745" /><E121/><V123/><F123/><W53/><G53/><T108/><D108/><U1/><E1/><V134/><F134/><W52/><G52/><T32/><D32/><U107/><AGARI ba="0,0" hai="84,85,86,88,89,97,101,107" m="28745,50187" machi="107" ten="40,8000,1" yaku="19,1,34,2,54,1" doraHai="71" who="1" fromWho="1" sc="194,-20,259,80,254,-20,293,-40" owari="174,-33.0,339,45.0,234,-17.0,253,5.0" /></mjloggm>