<mjloggm ver="2.3"><GO type="41" lobby="0"/><UN n0="%E3%82%A6%E3%83%AB%E3%83%88%E3%83%A9%E7%AB%8B%E7%9B%B4" n1="%E2%80%A0%52%69%63%68%74%65%72" n2="%73%69%67%65%31%31%31%39" n3="%E3%83%A1%E3%83%A9%E3%82%BE%E4%B8%80%E3%83%9E" dan="15,14,14,15" rate="2010.42,1906.86,1956.51,1911.76" sx="M,M,M,M"/><TAIKYOKU oya="0"/><INIT seed="0,0,0,3,4,98" ten="250,250,250,250" oya="0" hai0="83,20,111,75,37,33,135,10,60,44,45,12,121" hai1="27,109,4,116,49,103,9,73,19,84,36,40,77" hai2="99,76,3,124,120,122,59,58,133,78,108,8,26" hai3="102,11,130,38,25,6,51,55,17,118,7,64,106"/><T53/><D33/><U95/><E116/><V90/><F133/><W134/><G38/><T105/><D121/><U114/><E114/><V72/><F72/><W57/><G57/><N who="2" m="21513" /><F3/><W101/><G101/><T39/><D105/><U97/><E109/><V68/><F68/><W48/><G118/><T126/><D39/><U69/><E69/><V89/><F108/><W80/><G134/><T65/><D111/><U18/><E73/><V87/><F122/><W31/><G130/><T82/><D135/><U128/><E128/><V5/><F120/><W63/><G80/><T14/><D126/><U16/><E36/><V22/><F124/><W74/><G74/><T70/><D20/><U23/><E40/><V117/><F117/><W96/><G17/><T88/><D14/><N who="1" m="5415" /><E49/><V13/><F99/><W32/><G55/><T85/><D53/><U113/><E113/><V43/><F43/><W131/><G131/><T24/><D24/><U81/><AGARI ba="0,0" hai="16,18,19,23,27,77,81,84,95,97,103" m="5415" machi="81" ten="30,4000,0" yaku="8,1,52,1,54,1" doraHai="98" who="1" fromWho="1" sc="250,-20,250,40,250,-10,250,-10" /><INIT seed="1,0,0,3,0,69" ten="230,290,240,240" oya="1" hai0="32,54,99,15,53,66,134,59,110,44,43,65,126" hai1="57,93,29,125,116,92,127,84,51,104,0,131,105" hai2="95,78,81,33,75,63,21,121,130,56,128,114,64" hai3="27,107,18,10,73,94,103,109,72,16,132,71,124"/><U17/><E0/><V39/><F33/><W120/><G120/><T133/><D32/><U83/><E29/><V119/><F121/><W77/><G71/><T62/><D15/><U12/><E116/><V102/><F119/><W47/><G107/><T67/><D99/><U96/><E131/><N who="2" m="50219" /><F114/><W14/><G109/><T61/><D110/><U113/><E113/><V7/><F7/><W98/><G132/><N who="0" m="50795" /><D126/><N who="1" m="48139" /><E51/><V8/><F8/><W70/><G124/><T38/><D54/><U50/><E50/><AGARI ba="0,0" hai="38,43,44,50,53,59,61,62,65,66,67" m="50795" machi="50" ten="30,7700,0" yaku="20,1,34,2,52,1" doraHai="69" who="0" fromWho="1" sc="230,77,290,-77,240,0,240,0" /><INIT seed="2,0,0,2,5,61" ten="307,213,240,240" oya="2" hai0="59,122,99,133,81,39,6,58,132,4,106,73,64" hai1="70,71,90,55,19,12,18,9,36,84,102,113,121" hai2="78,93,80,112,115,119,88,44,83,28,2,14,108" hai3="91,27,60,125,130,38,47,126,134,87,120,104,86"/><V8/><F2/><W128/><G104/><T129/><D39/><U42/><E113/><V135/><F119/><W124/><G120/><T53/><D122/><U16/><E121/><V95/><F115/><W1/><G1/><T116/><D116/><U29/><E29/><V7/><F112/><W67/><G27/><T15/><D129/><N who="3" m="49769" /><G47/><T22/><D99/><U76/><E102/><V110/><F135/><N who="0" m="51786" /><D106/><U131/><E131/><V103/><F28/><W32/><G38/><T101/><D101/><U49/><E36/><V96/><F44/><W118/><G118/><T94/><D94/><U65/><E42/><V75/><REACH who="2" step="1"/><F83/><REACH who="2" ten="307,213,230,240" step="2"/><N who="3" m="49631" /><G134/><T11/><D81/><U48/><E12/><V24/><F24/><W66/><G124/><T56/><D15/><U41/><E9/><V40/><F40/><W123/><G125/><T10/><D6/><U52/><E41/><V3/><F3/><W45/><G126/><T43/><D4/><U109/><E19/><V100/><F100/><W82/><G123/><T98/><D10/><U13/><E13/><V62/><F62/><W117/><G117/><T5/><D11/><U79/><E18/><V92/><F92/><W30/><G30/><T33/><D5/><U37/><E16/><V114/><F114/><W25/><G25/><T111/><D33/><U89/><E37/><V107/><F107/><W20/><G60/><T26/><D43/><U69/><E48/><V17/><F17/><W0/><G0/><T50/><D26/><U77/><E49/><V57/><F57/><W34/><G45/><T31/><D58/><U54/><E71/><RYUUKYOKU ba="0,1" sc="307,-10,213,-10,230,30,240,-10" hai2="7,8,14,75,78,80,88,93,95,96,103,108,110" /><INIT seed="2,1,1,5,5,112" ten="297,203,260,230" oya="2" hai0="113,106,109,16,118,127,91,25,50,46,36,61,26" hai1="54,24,19,20,67,97,34,93,27,8,92,125,65" hai2="39,90,59,31,83,124,0,62,42,2,38,130,43" hai3="77,111,41,132,40,66,35,28,133,52,86,49,23"/><V79/><F130/><W135/><G66/><T11/><D106/><U102/><E125/><V134/><F124/><W13/><G111/><T116/><D36/><U60/><E8/><V74/><F134/><W7/><G35/><T114/><D127/><U99/><E34/><V88/><F39/><W30/><G77/><T105/><D105/><U33/><E33/><V9/><F43/><N who="3" m="16459" /><G86/><T29/><D109/><U107/><E107/><V63/><F63/><W131/><G131/><T76/><D76/><U45/><E27/><V51/><F31/><W110/><G110/><T129/><D129/><U58/><REACH who="1" step="1"/><E45/><REACH who="1" ten="297,193,260,230" step="2"/><N who="2" m="23767" /><F2/><W100/><G23/><N who="0" m="13543" /><D11/><U47/><E47/><V94/><F51/><W89/><G135/><T10/><D10/><U71/><E71/><V121/><F121/><W103/><G133/><T82/><D61/><U37/><E37/><V21/><F21/><W64/><G132/><T1/><D1/><U70/><E70/><V3/><F3/><W108/><G108/><T69/><D69/><U126/><E126/><V122/><F122/><W68/><G68/><T123/><D123/><U17/><E17/><V56/><F56/><W117/><G117/><N who="0" m="45163" /><D50/><U75/><E75/><V115/><F115/><W5/><G49/><T98/><D46/><U4/><E4/><N who="2" m="1159" /><F94/><W22/><G5/><T48/><D48/><U44/><E44/><V6/><F6/><W119/><G7/><T81/><D114/><U14/><E14/><V12/><F12/><W104/><G13/><T32/><D113/><U18/><E18/><V15/><F15/><W87/><G119/><T73/><D73/><RYUUKYOKU ba="1,2" sc="297,10,193,10,260,10,230,-30" hai0="26,29,32,81,82,91,98" hai1="19,20,24,54,58,60,65,67,92,93,97,99,102" hai2="59,62,74,79,83,88,90" /><INIT seed="2,2,2,2,1,67" ten="307,203,270,200" oya="2" hai0="106,114,34,82,84,100,43,50,63,9,76,69,85" hai1="58,5,92,135,41,130,54,12,32,72,28,96,110" hai2="35,68,7,62,119,4,93,86,26,60,123,120,125" hai3="20,17,2,112,21,56,23,18,105,51,90,127,124"/><V36/><F36/><W71/><G71/><T30/><D114/><U94/><E72/><V101/><F119/><W29/><G2/><T55/><D43/><U61/><E110/><V13/><F60/><W24/><G105/><T1/><D85/><U3/><E3/><V57/><F123/><W16/><G112/><T53/><D9/><U73/><E73/><V88/><F120/><W42/><G90/><T87/><D87/><U98/><E41/><V134/><F134/><W65/><G65/><N who="0" m="41151" /><D50/><U40/><E40/><V31/><F68/><W8/><G8/><T52/><D53/><U70/><E135/><V33/><F33/><W10/><G10/><T15/><D15/><U6/><E70/><V122/><F122/><W133/><G133/><T132/><D1/><U78/><E78/><V64/><F125/><N who="3" m="48203" /><G56/><T109/><D109/><U113/><E113/><V25/><F13/><W111/><G111/><T83/><D83/><U128/><E12/><V116/><F116/><W108/><G108/><T126/><D126/><U39/><E39/><V117/><F117/><W48/><G42/><T45/><D45/><U66/><E32/><AGARI ba="2,2" hai="16,17,18,20,21,23,24,29,32,48,51" m="48203" machi="32" ten="40,2600,0" yaku="18,1,54,1" doraHai="67" who="3" fromWho="1" sc="307,0,203,-32,270,0,200,52" /><INIT seed="3,0,0,1,3,91" ten="307,171,270,252" oya="3" hai0="44,99,116,95,11,50,89,19,124,33,20,105,102" hai1="79,43,59,93,54,78,100,2,85,49,104,82,112" hai2="14,130,18,109,81,7,131,58,64,30,97,72,83" hai3="127,134,129,17,45,40,36,5,74,87,62,70,86"/><W9/><G74/><T133/><D33/><U121/><E112/><V48/><F72/><W38/><G38/><T77/><D116/><U101/><E121/><V55/><F109/><W52/><G134/><T63/><D124/><U24/><E2/><V128/><F7/><W117/><G117/><T80/><D63/><U35/><E104/><V42/><F42/><W61/><G129/><N who="2" m="33025" /><V84/><DORA hai="92" /><F30/><W107/><G107/><T23/><D133/><U113/><E113/><V76/><F64/><W15/><G127/><T94/><D11/><U71/><E71/><V22/><F83/><W135/><G135/><T53/><D105/><U37/><E35/><V67/><F67/><W1/><G70/><T16/><D23/><U125/><E125/><V96/><AGARI ba="0,0" hai="14,18,22,48,55,58,76,81,84,96,97" m="33025" machi="96" ten="40,5200,0" yaku="19,1,52,2" doraHai="91,92" who="2" fromWho="2" sc="307,-13,171,-13,270,52,252,-26" /><INIT seed="4,0,0,3,2,129" ten="294,158,322,226" oya="0" hai0="37,23,90,116,119,2,110,86,47,93,71,13,78" hai1="133,123,53,11,131,50,28,38,30,80,27,24,9" hai2="98,51,58,66,106,134,113,109,94,101,62,5,70" hai3="112,73,96,48,117,81,88,100,39,46,43,108,7"/><T49/><D71/><U56/><E38/><V15/><F109/><W107/><G108/><T120/><D2/><U3/><E123/><V83/><F113/><W33/><G112/><T61/><D37/><U68/><E68/><V111/><F111/><W26/><G117/><T20/><D120/><U76/><E131/><V29/><F106/><W64/><G64/><T35/><D35/><U36/><E36/><V104/><F104/><W54/><G7/><T89/><D78/><U126/><E126/><V72/><F29/><W34/><G26/><T60/><D110/><U77/><E3/><V125/><F125/><W69/><G69/><T40/><D116/><U12/><E12/><V124/><F124/><W25/><G25/><T1/><D1/><U55/><E50/><V74/><F74/><W4/><G4/><T45/><D45/><U132/><E56/><V63/><F51/><W122/><G122/><T85/><D119/><U84/><E84/><V14/><F5/><W79/><G88/><T67/><D67/><U75/><REACH who="1" step="1"/><E80/><REACH who="1" ten="294,148,322,226" step="2"/><V91/><F70/><W135/><G135/><T16/><D23/><U10/><E10/><V22/><F83/><AGARI ba="0,1" hai="13,16,20,40,47,49,60,61,83,85,86,89,90,93" machi="83" ten="30,5800,0" yaku="7,1,8,1,54,1" doraHai="129" who="0" fromWho="2" sc="294,68,148,0,322,-58,226,0" /><INIT seed="4,1,0,2,2,125" ten="362,148,264,226" oya="0" hai0="35,77,1,16,9,117,25,86,67,31,75,36,110" hai1="82,51,78,127,106,131,28,93,103,85,79,113,45" hai2="81,38,34,33,14,7,2,8,53,76,12,54,120" hai3="39,104,62,107,109,135,37,29,71,119,129,99,32"/><T52/><D117/><U102/><E28/><V3/><F38/><W115/><RYUUKYOKU type="yao9" ba="1,0" sc="362,0,148,0,264,0,226,0" hai3="29,32,37,39,62,71,99,104,107,109,115,119,129,135" /><INIT seed="4,2,0,5,2,12" ten="362,148,264,226" oya="0" hai0="97,44,46,126,101,98,120,106,95,117,11,59,134" hai1="121,22,62,61,90,54,107,56,40,7,8,0,93" hai2="74,51,73,50,89,68,105,13,125,116,49,77,86" hai3="66,70,85,122,84,25,76,103,114,31,28,72,38"/><T75/><D75/><U6/><E121/><V132/><F68/><W133/><G114/><T78/><D78/><U43/><E107/><V96/><F105/><W81/><G122/><T91/><D120/><U67/><E7/><V21/><F132/><W135/><G103/><T9/><D117/><U108/><E108/><V55/><F74/><W19/><G38/><T130/><D134/><N who="3" m="51209" /><G66/><T129/><D59/><U87/><E22/><V39/><F39/><W10/><G70/><AGARI ba="2,0" hai="0,6,8,40,43,54,56,61,62,67,70,87,90,93" machi="70" ten="30,1000,0" yaku="7,1" doraHai="12" who="1" fromWho="3" sc="362,0,148,16,264,0,226,-16" /><INIT seed="5,0,0,4,5,63" ten="362,164,264,210" oya="1" hai0="81,19,76,58,62,104,16,115,123,131,0,105,40" hai1="41,22,124,101,31,12,18,129,50,65,118,75,95" hai2="7,98,132,116,80,126,29,59,72,77,39,100,23" hai3="49,108,128,2,127,53,27,6,45,5,91,26,74"/><U52/><E118/><V48/><F116/><W83/><G108/><T67/><D0/><U14/><E75/><V114/><F132/><W87/><G128/><T120/><D40/><U47/><E129/><V71/><F71/><W73/><G127/><T24/><D131/><U43/><E124/><V54/><F39/><W66/><G66/><T9/><D115/><U88/><E65/><V133/><F126/><W13/><G2/><T122/><D9/><U70/><E70/><V32/><F32/><W78/><G74/><N who="0" m="43159" /><D24/><U106/><E106/><AGARI ba="0,0" hai="16,19,58,62,67,104,105,106,120,122,123" m="43159" machi="106" ten="40,5200,0" yaku="13,1,52,1,54,1" doraHai="63" who="0" fromWho="1" sc="362,52,164,-52,264,0,210,0" /><INIT seed="6,0,0,5,2,38" ten="414,112,264,210" oya="2" hai0="73,72,42,52,65,111,0,131,50,20,57,102,66" hai1="83,84,116,86,106,109,29,12,14,104,68,90,62" hai2="53,45,51,118,40,129,91,114,97,101,19,10,47" hai3="26,80,105,81,7,44,121,55,60,43,87,2,63"/><V130/><F118/><W13/><G105/><T64/><D0/><U70/><E116/><V89/><F114/><W5/><G2/><T4/><D4/><U77/><E29/><V128/><F19/><W93/><G26/><T100/><D111/><U75/><E109/><V110/><F10/><W17/><G93/><T56/><D73/><U35/><E35/><V120/><F120/><W134/><G134/><T108/><D72/><U124/><E124/><V71/><F71/><W98/><G98/><T96/><D108/><U36/><E36/><N who="2" m="21639" /><F110/><W16/><G17/><T61/><D131/><N who="2" m="33538" /><V123/><DORA hai="78" /><F123/><W74/><G74/><T94/><D102/><U132/><E132/><V125/><F125/><W11/><G121/><T22/><D42/><U135/><E135/><V23/><F23/><AGARI ba="0,0" hai="20,22,23,50,52,56,57,61,64,65,66,94,96,100" machi="23" ten="40,2600,0" yaku="8,1,54,1" doraHai="38,78" who="0" fromWho="2" sc="414,26,112,0,264,-26,210,0" /><INIT seed="7,0,0,1,0,107" ten="440,112,238,210" oya="3" hai0="110,31,97,53,33,125,58,54,87,84,14,46,6" hai1="26,52,30,81,122,72,101,41,21,10,105,42,43" hai2="12,2,79,76,62,88,11,5,1,129,37,120,23" hai3="25,126,56,61,35,73,130,18,127,45,92,111,22"/><W15/><G73/><T115/><D110/><U74/><E122/><V20/><F120/><W90/><G111/><T63/><D33/><U124/><E10/><V47/><F129/><W70/><G70/><T99/><D31/><U60/><E81/><V135/><F135/><W106/><G106/><T71/><D71/><U17/><E124/><N who="3" m="47658" /><G45/><T49/><D125/><U77/><E77/><N who="2" m="29771" /><F37/><W40/><G40/><T86/><D115/><U68/><E68/><V67/><F2/><W113/><G113/><T64/><D64/><U19/><E105/><V13/><F1/><W3/><G3/><T50/><D63/><U55/><E101/><V109/><F109/><W128/><G35/><T85/><N who="0" m="22016" /><DORA hai="104" /><T83/><D83/><U7/><E7/><N who="2" m="3199" /><F47/><W38/><G38/><T100/><D100/><U89/><E89/><V80/><F5/><W44/><G44/><T98/><D6/><U57/><REACH who="1" step="1"/><E55/><REACH who="1" ten="440,102,238,210" step="2"/><V117/><F88/><W75/><G75/><AGARI ba="0,1" hai="17,19,21,26,30,41,42,43,52,57,60,72,74,75" machi="75" ten="40,16000,3" yaku="1,1,2,1,52,6,54,1,53,0" doraHai="107,104" doraHaiUra="69,96" who="1" fromWho="3" sc="440,0,102,170,238,0,210,-160" owari="440,54.0,272,7.0,238,-16.0,50,-45.0" /></mjloggm>