<mjloggm ver="2.3"><GO type="169" lobby="0"/><UN n0="%E3%83%95%E3%82%A7%E3%83%AB%E3%83%8A%E3%83%B3%E3%83%89" n1="%6F%6E%65%73%74%61%72" n2="%E3%82%A6%E3%83%AB%E3%83%88%E3%83%A9%E7%AB%8B%E7%9B%B4" n3="%E3%82%BF%E3%83%8A%E3%82%AE" dan="17,16,17,18" rate="2110.09,2166.45,2135.60,2212.29" sx="M,M,M,M"/><TAIKYOKU oya="0"/><INIT seed="0,0,0,2,2,117" ten="250,250,250,250" oya="0" hai0="70,64,63,27,128,58,106,93,77,35,102,73,52" hai1="76,54,37,2,109,101,16,97,127,9,38,36,67" hai2="61,110,88,133,5,71,111,99,49,34,55,7,0" hai3="41,132,62,74,11,72,14,78,18,113,112,20,22"/><T53/><D128/><U90/><E109/><N who="2" m="41483" /><F34/><W28/><G41/><T51/><D73/><U30/><E30/><V92/><F0/><W4/><G62/><T15/><D77/><U116/><E116/><V60/><F133/><W75/><G78/><T122/><D93/><U13/><E127/><V25/><F25/><W108/><G108/><T19/><D53/><U89/><E67/><N who="2" m="41447" /><F61/><W1/><G132/><T82/><D82/><U91/><E76/><V10/><F10/><W83/><G83/><T6/><D6/><U39/><N who="1" m="9216" /><DORA hai="129" /><U21/><E54/><V107/><F107/><W81/><G81/><T86/><D86/><U56/><E56/><AGARI ba="0,0" hai="5,7,49,55,56,88,92,99" m="41447,41483" machi="56" ten="30,2000,0" yaku="14,1,54,1" doraHai="117,129" who="2" fromWho="1" sc="250,0,250,-20,250,20,250,0" /><INIT seed="1,0,0,5,2,76" ten="250,230,270,250" oya="1" hai0="32,85,80,66,106,11,18,52,102,30,86,111,74" hai1="1,90,65,62,58,27,22,96,68,40,81,26,29" hai2="53,56,13,129,89,115,59,110,133,93,42,7,99" hai3="124,101,37,34,135,51,97,25,87,83,39,79,94"/><U70/><E1/><V8/><F115/><W72/><G135/><T63/><D111/><U43/><E68/><V12/><F129/><W107/><G124/><T125/><D125/><U50/><E27/><V118/><F110/><W21/><G34/><T35/><D74/><U77/><E90/><V134/><F118/><W45/><G107/><T105/><D86/><U121/><E96/><V20/><F42/><W109/><G109/><T119/><D119/><U92/><E92/><V5/><F56/><W14/><G14/><T123/><D123/><U100/><E100/><V91/><F91/><W67/><G67/><T116/><D116/><U114/><E114/><V82/><F82/><W75/><G75/><T4/><D30/><U36/><E36/><V2/><F2/><W17/><REACH who="3" step="1"/><G72/><REACH who="3" ten="250,230,270,240" step="2"/><T98/><D106/><U33/><E33/><V127/><F127/><W61/><G61/><T19/><D35/><U131/><E121/><V126/><F126/><W73/><G73/><T57/><D66/><U28/><E131/><V117/><F117/><W69/><G69/><T31/><D32/><U10/><E62/><V48/><F20/><W47/><G47/><T3/><REACH who="0" step="1"/><D31/><REACH who="0" ten="240,230,270,240" step="2"/><U55/><E28/><V128/><F128/><W132/><G132/><T120/><D120/><U71/><E65/><V88/><F134/><W23/><G23/><T60/><D60/><U78/><E29/><V38/><F133/><W54/><AGARI ba="0,2" hai="17,21,25,37,39,45,51,54,79,83,87,94,97,101" machi="54" ten="20,8000,1" yaku="1,1,0,1,7,1,52,1,53,1" doraHai="76" doraHaiUra="49" who="3" fromWho="3" sc="240,-20,230,-40,270,-20,240,100" /><INIT seed="2,0,0,2,0,91" ten="220,190,250,340" oya="2" hai0="105,87,108,36,12,35,121,88,66,29,75,51,99" hai1="20,31,123,10,90,129,126,15,82,45,89,2,47" hai2="39,73,42,107,16,46,102,83,81,11,1,84,44" hai3="22,65,7,49,38,25,111,135,27,116,37,95,32"/><V74/><F107/><W94/><G116/><T125/><D36/><U33/><E129/><V124/><F124/><W92/><G32/><T17/><D75/><U113/><E113/><V54/><F102/><W52/><G111/><T23/><D121/><U76/><E126/><V60/><F83/><W97/><G65/><T50/><D125/><U53/><E33/><V4/><F16/><W0/><G135/><T80/><D108/><U112/><E112/><V78/><F60/><W69/><G69/><T128/><D128/><U68/><E68/><V6/><F6/><W109/><G109/><T57/><D35/><U101/><E101/><V8/><F8/><W72/><G72/><T30/><D105/><U48/><E123/><V118/><F118/><W40/><G97/><T70/><D99/><U100/><E100/><V130/><F130/><W79/><G79/><T56/><D70/><U63/><E63/><V71/><F71/><W67/><G67/><T14/><D14/><U18/><E47/><V55/><F84/><W5/><G0/><T134/><D134/><U104/><E104/><V9/><F9/><W61/><G61/><N who="0" m="38183" /><D57/><U85/><E2/><V62/><F62/><W13/><G37/><T58/><D58/><U41/><E41/><N who="2" m="22591" /><F73/><W114/><G114/><T131/><D131/><U64/><E64/><V3/><F3/><W119/><G38/><AGARI ba="0,0" hai="1,4,11,38,42,46,54,55,74,78,81" m="22591" machi="38" ten="30,1500,0" yaku="25,1" doraHai="91" who="2" fromWho="3" sc="220,0,190,0,250,15,340,-15" /><INIT seed="2,1,0,3,1,103" ten="220,190,265,325" oya="2" hai0="88,23,40,37,83,87,122,67,130,30,81,12,135" hai1="60,5,112,120,90,123,131,4,75,96,73,35,129" hai2="108,82,95,6,84,119,99,29,89,79,17,94,80" hai3="47,93,76,59,1,16,20,58,57,14,33,106,68"/><V110/><F29/><W70/><G1/><T2/><D2/><U21/><E35/><V19/><F6/><N who="1" m="2665" /><E60/><V8/><F8/><W134/><G33/><T55/><D122/><N who="1" m="46635" /><E21/><V77/><F17/><W100/><G134/><T102/><D135/><U66/><E66/><V124/><F19/><W125/><G125/><T52/><D130/><N who="1" m="49675" /><E112/><V114/><F114/><W41/><G76/><N who="2" m="29257" /><F124/><W115/><G115/><T133/><D133/><U24/><E24/><V109/><F119/><W9/><G20/><T132/><D132/><U0/><E0/><V50/><F50/><W78/><G78/><T38/><D30/><U56/><E56/><V3/><F3/><W32/><G32/><T117/><D117/><U13/><E13/><V25/><F25/><W27/><G27/><T34/><D34/><U64/><E64/><V71/><F71/><W111/><G70/><T91/><D67/><U61/><E61/><V54/><F54/><W28/><G68/><T45/><D23/><U26/><E26/><V44/><F44/><W92/><G47/><T49/><D12/><U105/><E90/><AGARI ba="1,0" hai="80,82,84,89,90,94,95,99,108,109,110" m="29257" machi="90" ten="40,12000,1" yaku="14,1,10,1,34,2" doraHai="103" who="2" fromWho="1" sc="220,0,190,-123,265,123,325,0" /><INIT seed="2,2,0,5,2,65" ten="220,67,388,325" oya="2" hai0="53,111,27,46,56,64,28,88,78,92,116,12,106" hai1="75,37,80,10,30,34,104,2,95,96,29,20,107" hai2="81,61,62,23,79,59,11,87,99,132,109,90,8" hai3="45,134,118,68,93,5,122,22,57,102,126,52,131"/><V128/><F128/><W9/><G118/><T108/><D106/><U123/><E37/><V7/><F132/><W6/><G122/><T24/><D116/><U51/><E123/><V25/><F109/><N who="0" m="42058" /><D78/><U72/><E34/><V135/><F135/><W14/><G131/><T0/><D0/><U112/><E112/><V105/><F105/><W43/><G134/><T18/><D46/><U101/><E51/><V47/><F47/><W36/><G126/><T85/><D28/><U73/><E29/><V35/><F35/><W15/><G68/><T21/><D64/><U48/><E48/><AGARI ba="2,0" hai="12,18,21,24,27,48,53,56,85,88,92" m="42058" machi="48" ten="30,3900,0" yaku="25,1,14,1,54,1" doraHai="65" who="0" fromWho="1" sc="220,45,67,-45,388,0,325,0" /><INIT seed="3,0,0,2,2,2" ten="265,22,388,325" oya="3" hai0="103,124,46,34,14,47,9,135,79,52,82,10,109" hai1="127,119,126,57,33,19,73,112,26,4,45,64,40" hai2="25,118,59,42,18,122,131,125,81,35,108,76,105" hai3="99,92,102,89,30,71,8,21,16,74,63,114,78"/><W53/><G114/><T58/><D34/><U101/><E73/><V128/><F105/><W104/><G30/><T80/><D109/><U48/><E101/><V77/><F118/><W23/><G53/><T75/><D124/><U61/><E112/><V117/><F117/><W70/><G63/><T120/><D120/><U132/><E119/><V29/><F108/><W55/><G55/><T87/><D135/><U32/><E132/><V98/><F125/><N who="1" m="47625" /><E4/><V123/><F98/><W12/><G23/><AGARI ba="0,0" hai="19,23,26,32,33,40,45,48,57,61,64" m="47625" machi="23" ten="30,1000,0" yaku="18,1" doraHai="2" who="1" fromWho="3" sc="265,0,22,10,388,0,325,-10" /><INIT seed="4,0,0,1,4,26" ten="265,32,388,315" oya="0" hai0="15,75,124,11,86,133,84,44,45,95,12,85,22" hai1="54,76,28,53,21,51,106,4,111,36,102,68,20" hai2="135,74,129,134,43,114,122,81,116,47,115,99,16" hai3="90,119,89,34,61,82,103,25,127,120,126,63,67"/><T19/><D75/><U56/><E68/><V91/><F122/><W79/><G119/><T6/><D124/><N who="3" m="47657" /><G103/><T108/><D133/><N who="2" m="50698" /><F129/><W2/><G2/><T92/><REACH who="0" step="1"/><D108/><REACH who="0" ten="255,32,388,315" step="2"/><U62/><E111/><V131/><F131/><W117/><G117/><T72/><D72/><U123/><E123/><V32/><F116/><W66/><G120/><T110/><D110/><U93/><E106/><V10/><F74/><N who="3" m="43383" /><G67/><T5/><D5/><U69/><E69/><V78/><F115/><W55/><G55/><T96/><D96/><U104/><E4/><V1/><F99/><W52/><G52/><T14/><D14/><U83/><E104/><V94/><F114/><W128/><G128/><T17/><D17/><U33/><E53/><V87/><F16/><W97/><G97/><T49/><D49/><U57/><E54/><V98/><F1/><W100/><G100/><T9/><D9/><U59/><E51/><N who="2" m="27135" /><F10/><W130/><G130/><T3/><D3/><U46/><E102/><V39/><F39/><W132/><G132/><T18/><D18/><U118/><E118/><V64/><F64/><W73/><G73/><T7/><D7/><U109/><E36/><V42/><F42/><W65/><G65/><T13/><D13/><U29/><E109/><V121/><F121/><W77/><G66/><T101/><D101/><U37/><E37/><V107/><F107/><W41/><G41/><T27/><D27/><U80/><E62/><V105/><F105/><W0/><G0/><T88/><D88/><N who="3" m="33897" /><G77/><T58/><D58/><U40/><E57/><V31/><F78/><W50/><G50/><RYUUKYOKU ba="0,1" sc="255,15,32,-15,388,-15,315,15" hai0="6,11,12,15,19,22,44,45,84,85,86,92,95" hai3="25,34,61,63" /><INIT seed="4,1,1,4,3,29" ten="270,17,373,330" oya="0" hai0="94,113,37,44,133,102,112,93,131,25,36,111,54" hai1="24,26,114,100,50,11,122,108,43,39,71,97,2" hai2="32,83,42,15,20,89,96,30,81,38,12,19,45" hai3="60,14,118,10,68,13,125,67,128,98,121,48,70"/><T18/><D131/><U61/><E122/><V52/><F30/><W106/><G118/><T69/><D69/><U65/><E114/><N who="0" m="44137" /><D133/><U57/><E108/><V49/><F32/><W6/><G128/><T46/><D111/><U59/><E2/><V78/><F78/><W33/><G121/><T129/><D129/><U127/><E11/><V79/><F79/><W85/><G70/><T135/><D135/><U41/><E127/><V21/><F96/><W0/><G125/><T107/><D107/><U103/><E39/><N who="0" m="14921" /><D102/><U74/><E74/><V99/><F99/><W95/><G106/><T27/><D54/><U63/><E71/><V77/><F77/><W58/><G85/><T62/><D62/><U92/><E103/><V35/><F89/><W115/><G115/><T3/><D3/><U101/><E101/><V51/><F38/><W9/><G0/><T73/><D73/><U23/><E50/><V17/><F35/><W64/><G48/><T76/><D76/><U80/><E80/><V31/><F31/><W87/><G87/><T109/><D109/><U47/><E47/><AGARI ba="1,1" hai="12,15,17,19,20,21,42,45,47,49,51,52,81,83" machi="47" ten="30,7700,0" yaku="7,1,9,1,8,1,54,1" doraHai="29" who="2" fromWho="1" sc="270,0,17,-80,373,90,330,0" owari="270,-13.0,-63,-56.0,463,56.0,330,13.0" /></mjloggm>