<mjloggm ver="2.3"><GO type="193" lobby="0"/><UN n0="%6D%69%79%61%68%6F%6E" n1="%73%74%68%6F" n2="%6E%61%69%74%6F%6B%65%6E" n3="%E5%B0%B1%E6%B4%BB%E7%94%9F%40%E5%B7%9D%E6%9D%91%E8%BB%8D%E5%9B%A3" dan="12,13,11,11" rate="1685.63,1737.19,1552.44,1717.86" sx="M,M,M,M"/><TAIKYOKU oya="0"/><INIT seed="0,0,0,1,3,124" ten="250,250,250,250" oya="0" hai0="79,127,132,91,101,83,26,28,21,71,98,125,61" hai1="133,112,122,56,53,77,81,73,8,12,54,30,57" hai2="23,89,74,78,17,119,134,46,113,96,64,35,6" hai3="109,16,3,111,131,31,117,129,82,33,90,59,22"/><T0/><D0/><U5/><E122/><V7/><F35/><W58/><G117/><T128/><D91/><U75/><E133/><V103/><F113/><W40/><G3/><T60/><D71/><U45/><E112/><V126/><F119/><W118/><G118/><T95/><D132/><U32/><E75/><V88/><F134/><W110/><G40/><T97/><D128/><N who="3" m="49225" /><G31/><T1/><D1/><U15/><E15/><V72/><F64/><W62/><G33/><T44/><D44/><U48/><E30/><V135/><F135/><W11/><G11/><T86/><REACH who="0" step="1"/><D98/><REACH who="0" ten="240,250,250,250" step="2"/><U51/><E32/><V85/><F46/><AGARI ba="0,1" hai="5,8,12,45,46,48,51,53,54,56,57,73,77,81" machi="46" ten="30,2000,0" yaku="7,1,9,1" doraHai="124" who="1" fromWho="2" sc="240,0,250,30,250,-20,250,0" /><INIT seed="1,0,0,0,2,49" ten="240,280,230,250" oya="1" hai0="124,30,56,122,115,77,78,38,74,27,6,3,58" hai1="117,21,105,102,9,39,62,67,37,73,99,92,101" hai2="133,33,121,29,54,125,98,17,68,95,79,36,50" hai3="84,94,86,19,52,53,13,118,34,120,110,7,85"/><U42/><E117/><V61/><F36/><W57/><G110/><T32/><D115/><U127/><E73/><V26/><F121/><W31/><G120/><T70/><D70/><U64/><E127/><V88/><F125/><W90/><G118/><T126/><D38/><U82/><E82/><V134/><F79/><N who="0" m="30218" /><D74/><U96/><E42/><V109/><F109/><W89/><G7/><T129/><D32/><U132/><E132/><V83/><F83/><N who="3" m="49311" /><G34/><T87/><D3/><U104/><E9/><V14/><F68/><W47/><G31/><T114/><D114/><U108/><E108/><V60/><F133/><W116/><G116/><T55/><D129/><U71/><E64/><V45/><REACH who="2" step="1"/><F134/><REACH who="2" ten="240,280,220,250" step="2"/><W81/><G47/><T97/><D122/><U0/><E39/><V66/><F66/><W63/><G57/><T8/><D124/><U106/><E37/><V25/><F25/><W48/><G48/><T35/><D126/><U40/><E71/><V135/><F135/><W18/><G63/><T103/><D27/><U113/><E62/><V10/><AGARI ba="0,1" hai="10,14,17,26,29,33,45,50,54,60,61,88,95,98" machi="10" ten="20,12000,2" yaku="1,1,0,1,7,1,52,1,54,1,53,1" doraHai="49" doraHaiUra="11" who="2" fromWho="2" sc="240,-30,280,-60,220,130,250,-30" /><INIT seed="2,0,0,3,1,6" ten="210,220,350,220" oya="2" hai0="28,21,23,52,63,115,18,132,97,1,2,14,86" hai1="40,72,45,10,20,103,104,101,84,93,135,125,57" hai2="37,30,106,82,133,11,111,122,118,34,12,27,67" hai3="41,26,36,71,75,24,35,0,50,39,80,38,96"/><V131/><F37/><W76/><G71/><T51/><D115/><U130/><E72/><V123/><F106/><W22/><G0/><T73/><D73/><U92/><E104/><V114/><F67/><W88/><G35/><T9/><D132/><U43/><E135/><V99/><F99/><W5/><G5/><T79/><D63/><U48/><E130/><V117/><F82/><W15/><G15/><T4/><D2/><U112/><E112/><V42/><F42/><W61/><G61/><T66/><D1/><U127/><E10/><V78/><F78/><W81/><G22/><N who="0" m="8203" /><D28/><U46/><E20/><V102/><F102/><W3/><G3/><T121/><D121/><N who="2" m="46090" /><F133/><W7/><G7/><T105/><D105/><U94/><E57/><V70/><F70/><W89/><G89/><T108/><D108/><U60/><E60/><V69/><F69/><W77/><G77/><T53/><D66/><U32/><E32/><V116/><F114/><W124/><G124/><N who="1" m="47690" /><E84/><V109/><F131/><W58/><G80/><N who="0" m="47391" /><D97/><U68/><E68/><V62/><F62/><W85/><G75/><T74/><D74/><U120/><E120/><V107/><F107/><W8/><G96/><T49/><D49/><AGARI ba="0,0" hai="40,43,45,46,48,49,92,93,94,101,103" m="47690" machi="49" ten="30,1000,0" yaku="18,1" doraHai="6" who="1" fromWho="0" sc="210,-10,220,10,350,0,220,0" /><INIT seed="3,0,0,4,0,48" ten="200,230,350,220" oya="3" hai0="44,107,40,91,23,120,28,36,3,50,61,32,130" hai1="115,103,85,111,5,93,135,0,87,76,112,14,86" hai2="33,109,35,45,15,16,39,64,132,75,67,96,98" hai3="133,52,26,17,22,25,82,113,105,18,62,73,70"/><W117/><G105/><T47/><D32/><U88/><E0/><V46/><F75/><W31/><G113/><T30/><D107/><U90/><E14/><V24/><F39/><W80/><G117/><T71/><D120/><U29/><E5/><V65/><F24/><W122/><G122/><T49/><D3/><U42/><E29/><V108/><F132/><W11/><G133/><T126/><D36/><U63/><E42/><V84/><F84/><W56/><G70/><T58/><D71/><U79/><E63/><V6/><F6/><W59/><G73/><T118/><D118/><U77/><E135/><V106/><F106/><W72/><G72/><T99/><D130/><U54/><E54/><V100/><F100/><W83/><G11/><T8/><D126/><U127/><E127/><V55/><F55/><N who="3" m="34079" /><G26/><N who="0" m="16479" /><D30/><U19/><E19/><V125/><F125/><W124/><G124/><T129/><D129/><U69/><E69/><V74/><F74/><W102/><G102/><T53/><D8/><U116/><E116/><V95/><F95/><W21/><G21/><T20/><D20/><U101/><E87/><V13/><F65/><W94/><G94/><N who="0" m="56799" /><D61/><AGARI ba="0,0" hai="17,18,22,25,31,52,59,61,80,82,83" m="34079" machi="61" ten="30,11600,0" yaku="8,1,52,2,54,1" doraHai="48" who="3" fromWho="0" sc="200,-116,230,0,350,0,220,116" /><INIT seed="3,1,0,1,2,94" ten="84,230,350,336" oya="3" hai0="79,95,49,7,81,112,55,80,74,45,114,72,65" hai1="96,44,115,131,11,133,3,37,34,32,84,99,82" hai2="13,77,24,18,17,28,60,50,36,6,116,51,54" hai3="27,41,100,127,52,93,101,1,92,75,107,14,83"/><W30/><G1/><T104/><D104/><U109/><E115/><N who="0" m="44073" /><D65/><U61/><E61/><V70/><F36/><W121/><G121/><T91/><D7/><U120/><E120/><V110/><F70/><W102/><G127/><T108/><D108/><U86/><E109/><V78/><F110/><W88/><G107/><T2/><D2/><U63/><E63/><V48/><F116/><W76/><G41/><T35/><D35/><U98/><E34/><V33/><F60/><W97/><G14/><T57/><D80/><U123/><E32/><V90/><F90/><W46/><G46/><T113/><N who="0" m="44081" /><T126/><DORA hai="10" /><D126/><U68/><E123/><V128/><F6/><W134/><G134/><T53/><D79/><U69/><E133/><V59/><F18/><W132/><G132/><T39/><D81/><U62/><E82/><V15/><F128/><W40/><G40/><T105/><D105/><U9/><E131/><V58/><F17/><W56/><G27/><T89/><D39/><U135/><E135/><V129/><F129/><W106/><G30/><T118/><D118/><U125/><E125/><V25/><F25/><W124/><G124/><T85/><D91/><U47/><E37/><V29/><F29/><W38/><G38/><T21/><D21/><U12/><E3/><V23/><F33/><W20/><G20/><T26/><D26/><U122/><E122/><V5/><F5/><W16/><G16/><T31/><D31/><U43/><E68/><V87/><F87/><N who="3" m="52255" /><G93/><T22/><D22/><U64/><E69/><V66/><F23/><W4/><G4/><RYUUKYOKU ba="1,0" sc="84,15,230,-15,350,-15,336,15" hai0="45,49,53,55,57,72,74,85,89,95" hai3="52,56,75,76,83,97,100,101,102,106" owari="99,-40.0,215,-18.0,335,14.0,351,44.0" /></mjloggm>