<mjloggm ver="2.3"><GO type="169" lobby="0"/><UN n0="%6B%61%64%75%6B%69%69" n1="%E6%9C%88%E5%8D%83%E4%B8%80%E5%A4%9C" n2="%E3%83%87%E3%82%B8%E3%82%BF%E3%83%AB%E4%BB%99%E4%BA%BA" n3="%E3%82%A6%E3%83%AB%E3%83%88%E3%83%A9%E7%AB%8B%E7%9B%B4" dan="16,16,17,16" rate="2094.29,2122.79,2141.70,2127.92" sx="M,F,F,M"/><TAIKYOKU oya="0"/><INIT seed="0,0,0,1,0,59" ten="250,250,250,250" oya="0" hai0="39,28,70,112,19,36,73,109,133,50,53,91,128" hai1="21,38,126,56,97,77,102,40,132,67,27,63,8" hai2="4,13,88,24,31,78,32,17,107,15,104,5,115" hai3="58,26,122,61,108,74,14,52,124,123,46,90,43"/><T87/><D112/><U51/><E126/><V35/><F78/><W135/><G74/><T54/><D128/><U116/><E116/><V130/><F115/><W11/><G124/><T114/><D73/><U0/><E132/><V64/><F130/><W7/><G135/><T2/><D2/><U10/><E77/><V119/><F119/><W76/><G76/><T44/><D70/><U113/><E113/><V92/><F35/><W29/><G90/><T121/><D121/><U129/><E129/><V98/><F64/><W18/><G7/><T37/><D28/><U120/><E38/><V71/><F71/><W79/><G79/><T3/><D3/><U100/><E120/><V41/><F41/><W94/><G94/><T49/><D114/><U16/><E0/><V48/><F48/><W89/><G89/><T105/><D105/><U117/><E117/><V30/><F30/><W20/><REACH who="3" step="1"/><G108/><REACH who="3" ten="250,250,250,240" step="2"/><T84/><D133/><U55/><E40/><V47/><F4/><W33/><G33/><T42/><D109/><U25/><E25/><V118/><F118/><W106/><G106/><T83/><D87/><U81/><E81/><V75/><F75/><W111/><G111/><T82/><D82/><U99/><E99/><V62/><F107/><W96/><G96/><T6/><D6/><U72/><E72/><V69/><F104/><W34/><G34/><T103/><D103/><N who="1" m="39467" /><E97/><V68/><F98/><W80/><G80/><T85/><D85/><U45/><AGARI ba="0,1" hai="8,10,16,21,27,45,51,55,56,63,67" m="39467" machi="45" ten="30,4000,0" yaku="8,1,52,1,54,1" doraHai="59" who="1" fromWho="1" sc="250,-20,250,50,250,-10,240,-10" /><INIT seed="1,0,0,4,1,30" ten="230,300,240,230" oya="1" hai0="0,94,36,83,84,44,126,4,130,127,100,113,16" hai1="49,114,86,10,40,57,29,58,56,124,26,14,51" hai2="64,90,70,62,61,122,15,74,107,9,80,7,25" hai3="72,41,59,67,96,37,81,77,78,93,88,27,98"/><U65/><E114/><V33/><F122/><W71/><G71/><T87/><D113/><U85/><E124/><V120/><F120/><W125/><G41/><T82/><D130/><U132/><E132/><V46/><F62/><W45/><G45/><T55/><D4/><U23/><E65/><V60/><F60/><W13/><G37/><T91/><D0/><U38/><E38/><V20/><F107/><W2/><G2/><T104/><D36/><U121/><E121/><V103/><F103/><W123/><G59/><T75/><D16/><N who="1" m="8279" /><E40/><V115/><F46/><W109/><G13/><T47/><D55/><U102/><E102/><V53/><F53/><W1/><G27/><T99/><D47/><U31/><E31/><V11/><F11/><W135/><G1/><T92/><D44/><U39/><E39/><V18/><F115/><W52/><G52/><T66/><D66/><U119/><E119/><V134/><F134/><W79/><G67/><T12/><D12/><U24/><E26/><V22/><F74/><W76/><G123/><T97/><D83/><U131/><E131/><V42/><F42/><W48/><G135/><T133/><D133/><U111/><E111/><V73/><F73/><W54/><G54/><T21/><D21/><U50/><AGARI ba="0,0" hai="23,24,29,49,50,51,56,57,58,85,86" m="8279" machi="50" ten="30,3000,0" yaku="8,1,54,1" doraHai="30" who="1" fromWho="1" sc="230,-10,300,30,240,-10,230,-10" /><INIT seed="1,1,0,0,0,65" ten="220,330,230,220" oya="1" hai0="15,130,33,86,21,81,89,116,94,29,38,10,132" hai1="84,49,99,6,20,34,78,82,41,102,119,73,127" hai2="47,23,77,66,55,17,112,103,3,35,120,126,48" hai3="69,54,70,13,26,32,133,93,58,95,74,128,12"/><U14/><E119/><V27/><F120/><W100/><G74/><T83/><D38/><U106/><E34/><V117/><F117/><W115/><G115/><T24/><D130/><U104/><E127/><V45/><F126/><W125/><G125/><T68/><D132/><U1/><E1/><V8/><F112/><W61/><G128/><T114/><D114/><U80/><E104/><V113/><F113/><W123/><G123/><T109/><D109/><U62/><E62/><V88/><F103/><W9/><G133/><T60/><D33/><U67/><E67/><V28/><F77/><W51/><G13/><T76/><D116/><U53/><E41/><V11/><F66/><W7/><G51/><T19/><D60/><U39/><E39/><V42/><F3/><W96/><REACH who="3" step="1"/><G95/><REACH who="3" ten="220,330,230,210" step="2"/><T22/><D83/><N who="1" m="47223" /><E73/><V43/><F43/><W107/><G107/><T110/><D110/><U90/><E106/><V111/><F111/><W85/><G85/><T91/><D68/><U71/><E71/><V105/><F105/><W121/><G121/><T72/><D29/><AGARI ba="1,1" hai="7,9,12,26,29,32,54,58,61,69,70,93,96,100" machi="29" ten="40,8000,1" yaku="1,1,52,2,53,1" doraHai="65" doraHaiUra="2" who="3" fromWho="0" sc="220,-83,330,0,230,0,210,93" /><INIT seed="2,0,0,3,4,71" ten="137,330,230,303" oya="2" hai0="53,106,15,78,93,88,124,45,32,114,56,128,72" hai1="38,5,23,80,104,79,66,55,4,19,83,8,129" hai2="134,44,25,86,103,27,102,33,82,42,36,3,46" hai3="92,29,13,112,10,130,125,70,135,9,50,40,89"/><V90/><F134/><W37/><G70/><T117/><D32/><U67/><E129/><V2/><F46/><W39/><G29/><T98/><D114/><U84/><E104/><V126/><F126/><W59/><G130/><T118/><D128/><U60/><E38/><V127/><F127/><W24/><G24/><T123/><D123/><U77/><E55/><V48/><F48/><W107/><G107/><T11/><D45/><U116/><E116/><N who="0" m="44649" /><D106/><U12/><E60/><V87/><F87/><W31/><G31/><T81/><D124/><U119/><E119/><V62/><F62/><W113/><G125/><T94/><D94/><U7/><REACH who="1" step="1"/><E8/><REACH who="1" ten="137,320,230,303" step="2"/><V28/><REACH who="2" step="1"/><F27/><REACH who="2" ten="137,320,220,303" step="2"/><W75/><G113/><T69/><D69/><U61/><E61/><V109/><F109/><W57/><G112/><T14/><D11/><U30/><E30/><V133/><F133/><W22/><G135/><T99/><D98/><U34/><E34/><V74/><F74/><AGARI ba="0,2" hai="4,5,7,12,19,23,66,67,74,77,79,80,83,84" machi="74" ten="40,1300,0" yaku="1,1,53,0" doraHai="71" doraHaiUra="115" who="1" fromWho="2" sc="137,0,320,33,220,-13,303,0" /><INIT seed="3,0,0,2,4,72" ten="137,353,207,303" oya="3" hai0="78,134,57,94,22,58,37,0,65,50,101,127,118" hai1="34,45,82,4,40,54,107,69,27,80,14,38,10" hai2="84,8,19,123,114,99,124,132,48,28,11,17,47" hai3="102,49,76,111,63,2,73,39,74,70,60,6,83"/><W128/><G128/><T61/><D0/><U62/><E107/><V86/><F114/><W32/><G32/><T95/><D37/><U52/><E69/><V33/><F123/><W109/><G39/><T5/><D118/><U21/><E34/><V96/><F132/><W98/><G6/><T104/><D104/><U105/><E105/><V67/><F124/><W9/><G9/><T116/><D116/><U126/><E126/><V100/><F67/><W64/><G2/><T42/><D5/><U135/><E135/><V15/><F28/><W88/><G60/><T115/><D134/><U97/><E97/><V30/><F30/><W18/><G18/><T112/><D127/><U75/><E62/><V1/><F33/><W91/><G49/><T66/><D22/><U120/><E120/><V36/><F36/><W122/><G74/><T20/><D20/><U53/><REACH who="1" step="1"/><E75/><REACH who="1" ten="137,343,207,303" step="2"/><V110/><F96/><W106/><G122/><T25/><D115/><U29/><AGARI ba="0,1" hai="4,10,14,21,27,29,38,40,45,52,53,54,80,82" machi="29" ten="30,7900,0" yaku="1,1,2,1,0,1,54,1,53,0" doraHai="72" doraHaiUra="81" who="1" fromWho="1" sc="137,-20,343,89,207,-20,303,-39" /><INIT seed="4,0,0,3,4,17" ten="117,432,187,264" oya="0" hai0="78,55,132,127,46,117,42,71,3,39,129,7,114" hai1="11,90,49,31,1,68,93,32,95,25,22,135,112" hai2="59,2,24,83,62,38,8,91,43,82,97,73,63" hai3="110,5,60,58,120,109,33,116,47,130,51,65,50"/><T30/><D117/><U4/><E68/><V100/><F38/><W74/><G33/><T107/><D107/><U54/><E135/><V13/><F43/><W103/><G74/><T121/><D121/><U23/><E112/><V28/><F2/><W18/><G5/><T48/><D7/><U70/><E70/><V34/><F73/><W94/><G130/><T75/><D3/><U52/><E93/><V67/><F63/><W102/><G50/><T53/><D78/><U15/><E1/><V44/><F91/><W133/><G133/><T123/><D75/><U104/><E104/><V21/><F44/><W9/><G116/><T76/><D76/><U36/><E36/><V128/><F34/><W45/><G45/><T98/><D123/><U16/><E4/><V119/><F128/><W81/><G81/><T80/><D129/><U105/><E105/><V131/><F131/><W40/><G110/><T101/><D132/><U56/><E54/><V84/><F84/><AGARI ba="0,0" hai="11,15,16,22,23,25,31,32,49,52,56,84,90,95" machi="84" ten="30,8000,1" yaku="7,1,52,2,54,2" doraHai="17" who="1" fromWho="2" sc="117,0,432,80,187,-80,264,0" /><INIT seed="5,0,0,4,0,71" ten="117,512,107,264" oya="1" hai0="91,87,0,134,12,73,62,8,70,40,83,94,31" hai1="19,111,101,119,24,103,9,4,57,53,127,25,135" hai2="116,33,132,107,128,34,129,14,63,20,67,7,108" hai3="77,22,133,60,79,98,130,13,86,89,32,65,126"/><U43/><E119/><V90/><F116/><W112/><G32/><T110/><D134/><U35/><E135/><V30/><F108/><W23/><G133/><T16/><D110/><U59/><E111/><V78/><F107/><W117/><G126/><T85/><D0/><U114/><E114/><V99/><F132/><W6/><G112/><T36/><D73/><U82/><E127/><V105/><F78/><W28/><G130/><N who="2" m="50281" /><F7/><W84/><G98/><T97/><D31/><U69/><E69/><N who="2" m="42239" /><F90/><W124/><G124/><T125/><D125/><U81/><E43/><V120/><F120/><W39/><G89/><T74/><D74/><U66/><E66/><V46/><F46/><W41/><G65/><T29/><D29/><U2/><E35/><V72/><F72/><W15/><G6/><T118/><D118/><U45/><E45/><V52/><F52/><W48/><G41/><T115/><D115/><U123/><E53/><V80/><F80/><W92/><G28/><T44/><D70/><U56/><E81/><V61/><F61/><W75/><G60/><T96/><D62/><U1/><E82/><V76/><F76/><AGARI ba="0,0" hai="8,12,16,36,40,44,76,83,85,87,91,94,96,97" machi="76" ten="30,3900,0" yaku="7,1,52,1,54,1" doraHai="71" who="0" fromWho="2" sc="117,39,512,0,107,-39,264,0" /><INIT seed="6,0,0,4,3,87" ten="156,512,68,264" oya="2" hai0="132,13,3,108,77,36,121,35,14,74,53,42,111" hai1="51,43,113,25,93,97,106,54,110,98,19,17,47" hai2="15,68,60,91,82,85,23,46,89,21,70,52,71" hai3="109,120,50,133,41,64,22,112,7,94,62,135,128"/><V16/><F23/><W12/><G109/><T61/><D35/><U5/><E110/><V76/><REACH who="2" step="1"/><F60/><REACH who="2" ten="156,512,58,264" step="2"/><W105/><G22/><T38/><D108/><U125/><E113/><V58/><F58/><W26/><G62/><T48/><D111/><U30/><E125/><V88/><F88/><W126/><G126/><T67/><D121/><U86/><E25/><V2/><F2/><W59/><G26/><T114/><D3/><U102/><E30/><V119/><F119/><W124/><G59/><T73/><D61/><U32/><E32/><V81/><F81/><W75/><G124/><T129/><D114/><U127/><E127/><V107/><F107/><W49/><G105/><T84/><D129/><U20/><E20/><V134/><F134/><W11/><G128/><T37/><D132/><U18/><E106/><V100/><F100/><W55/><G112/><T28/><D28/><U66/><E102/><V116/><F116/><W99/><G135/><T130/><D130/><U92/><E93/><V80/><F80/><W78/><G133/><T90/><D90/><U101/><E92/><V117/><F117/><W57/><G57/><T27/><D77/><U69/><E101/><V24/><F24/><W31/><G94/><T8/><D27/><U10/><E10/><V122/><F122/><W29/><G78/><T45/><D8/><U72/><E69/><V33/><F33/><W1/><G11/><T95/><D95/><U65/><E97/><V0/><F0/><W4/><G1/><T56/><D56/><U115/><E98/><V79/><F79/><W118/><G118/><RYUUKYOKU ba="0,1" sc="156,-10,512,-10,58,30,264,-10" hai2="15,16,21,46,52,68,70,71,76,82,85,89,91" /><INIT seed="6,1,1,1,5,1" ten="146,502,88,254" oya="2" hai0="2,123,86,130,42,10,48,33,9,77,24,14,16" hai1="44,94,6,119,82,70,52,13,47,59,113,7,60" hai2="63,93,22,115,97,104,120,49,51,64,65,110,116" hai3="29,58,39,101,75,4,68,102,56,81,92,36,106"/><V122/><F116/><W0/><G92/><T99/><D123/><U38/><E119/><V98/><F115/><W21/><G21/><T72/><D72/><U80/><E113/><V134/><F104/><W111/><G29/><T109/><D109/><U69/><E38/><V83/><F110/><W53/><G53/><T132/><D130/><U25/><E25/><V17/><F134/><W88/><G81/><N who="1" m="31338" /><E70/><V12/><F122/><W124/><G0/><T41/><D132/><U20/><E69/><V35/><F35/><W26/><G26/><T135/><D135/><U100/><E20/><V57/><F120/><W3/><G3/><T67/><D67/><U45/><E13/><V76/><F65/><W15/><G15/><N who="0" m="7279" /><D2/><U107/><E107/><V125/><F125/><W23/><G68/><T18/><D33/><U91/><E100/><V32/><F32/><W30/><G102/><T54/><D99/><AGARI ba="1,1" hai="6,7,44,45,47,52,59,60,91,94,99" m="31338" machi="99" ten="30,7700,0" yaku="8,1,52,2,54,1" doraHai="1" who="1" fromWho="0" sc="146,-80,502,90,88,0,254,0" /><INIT seed="7,0,0,0,0,35" ten="66,592,88,254" oya="3" hai0="38,18,21,45,111,40,1,17,123,126,75,63,120" hai1="52,82,116,115,34,66,112,118,113,20,87,61,7" hai2="72,50,13,104,57,108,26,44,124,8,127,28,48" hai3="122,19,128,53,41,135,42,85,36,56,33,90,83"/><W89/><G33/><T131/><D111/><U76/><E34/><V31/><F104/><W114/><G122/><T88/><D75/><U110/><E110/><V58/><F72/><W91/><G128/><T11/><D131/><U27/><E7/><N who="2" m="3231" /><F108/><W86/><G135/><T96/><D126/><N who="2" m="48170" /><F50/><W98/><G114/><T105/><D63/><U68/><E52/><N who="2" m="29703" /><F31/><AGARI ba="0,0" hai="20,27,31,61,66,68,76,82,87,112,113,115,116,118" machi="31" ten="40,1300,0" yaku="15,1" doraHai="35" who="1" fromWho="2" sc="66,0,592,13,88,-13,254,0" owari="66,-43.0,605,70.0,75,-32.0,254,5.0" /></mjloggm>