<mjloggm ver="2.3"><GO type="41" lobby="0"/><UN n0="%E3%81%93%E3%81%B3%E3%81%A8%42%41%52" n1="%E5%BC%B1%E8%99%AB" n2="%E3%82%A6%E3%83%AB%E3%83%88%E3%83%A9%E7%AB%8B%E7%9B%B4" n3="%74%6B%35%39%34%36%73%6F" dan="13,15,15,14" rate="1889.38,1976.40,2002.76,1879.01" sx="M,M,M,M"/><TAIKYOKU oya="0"/><INIT seed="0,0,0,3,1,106" ten="250,250,250,250" oya="0" hai0="12,33,90,51,75,13,67,111,23,76,89,91,65" hai1="56,103,116,114,98,31,32,54,125,133,104,16,100" hai2="92,0,97,34,134,135,4,15,77,3,123,38,45" hai3="118,96,27,26,72,101,9,40,21,122,68,82,108"/><T6/><D33/><U117/><E133/><N who="2" m="50699" /><F34/><W95/><G68/><T43/><D111/><U93/><E125/><V115/><F115/><W60/><G108/><T8/><D76/><U61/><E114/><V44/><F77/><W29/><G60/><T99/><D75/><U53/><E54/><V86/><F86/><W37/><G118/><T19/><D99/><U63/><E63/><V128/><F128/><W49/><G37/><T102/><D102/><U80/><E80/><V42/><F45/><AGARI ba="0,0" hai="6,8,12,13,19,23,43,45,51,65,67,89,90,91" machi="45" ten="40,2000,0" yaku="8,1" doraHai="106" who="0" fromWho="2" sc="250,20,250,0,250,-20,250,0" /><INIT seed="0,1,0,3,5,127" ten="270,250,230,250" oya="0" hai0="134,118,42,30,116,121,73,84,52,4,10,74,93" hai1="95,96,33,71,132,23,60,115,104,103,109,32,59" hai2="124,20,11,87,131,70,80,107,14,105,94,135,63" hai3="128,102,1,64,28,9,111,49,2,90,99,126,7"/><T65/><D42/><U82/><E71/><V130/><F20/><W0/><G126/><T34/><D65/><U29/><E109/><V18/><F124/><W75/><G75/><T16/><D121/><U86/><E132/><V101/><F135/><W56/><G111/><T47/><D134/><U66/><E115/><V113/><F113/><W112/><G112/><T26/><D118/><U19/><E104/><V41/><F41/><W27/><G90/><T61/><D116/><U48/><E48/><V114/><F114/><W119/><G119/><T88/><D74/><U78/><REACH who="1" step="1"/><E29/><REACH who="1" ten="270,240,230,250" step="2"/><V54/><F105/><W129/><G49/><T46/><D73/><U98/><E98/><V125/><F107/><W51/><G51/><T58/><D16/><U83/><E83/><V62/><F125/><W81/><G81/><T122/><REACH who="0" step="1"/><D122/><REACH who="0" ten="260,240,230,250" step="2"/><U25/><AGARI ba="1,2" hai="19,23,25,32,33,59,60,66,78,82,86,95,96,103" machi="25" ten="20,5200,0" yaku="1,1,0,1,7,1,53,1" doraHai="127" doraHaiUra="15" who="1" fromWho="1" sc="260,-27,240,75,230,-14,250,-14" /><INIT seed="1,0,0,1,4,86" ten="233,315,216,236" oya="1" hai0="58,6,19,55,66,47,94,52,44,106,91,21,0" hai1="65,28,131,119,98,62,37,100,122,76,3,31,85" hai2="63,90,78,35,16,51,79,108,102,129,7,70,4" hai3="115,134,24,10,126,18,61,121,107,14,133,130,22"/><U103/><E122/><V96/><F35/><W71/><G107/><T11/><D106/><U109/><E119/><V110/><F63/><W8/><G71/><T68/><D66/><U73/><E73/><V69/><F51/><W111/><G61/><T105/><D68/><U80/><E3/><V57/><F57/><W101/><G101/><T2/><D105/><U15/><E37/><V5/><F102/><W54/><G54/><T123/><D2/><U1/><E1/><V128/><F16/><N who="3" m="12359" /><G121/><T93/><D123/><U29/><E131/><N who="2" m="50251" /><F69/><W64/><G64/><T12/><D94/><U34/><E34/><V72/><F70/><W104/><G104/><T81/><D81/><U49/><E109/><N who="2" m="42091" /><F72/><W127/><G115/><T89/><D55/><U88/><E49/><V112/><F112/><W39/><G39/><T75/><D75/><U120/><E120/><V27/><F27/><W74/><G74/><T38/><D38/><U116/><E116/><V9/><F9/><N who="3" m="6479" /><G111/><T132/><D132/><N who="3" m="50793" /><G130/><T13/><D0/><U83/><E62/><V46/><F46/><N who="0" m="17450" /><D93/><AGARI ba="0,0" hai="4,5,7,78,79,90,93,96" m="42091,50251" machi="93" ten="40,5200,0" yaku="19,1,14,1,52,1" doraHai="86" who="2" fromWho="0" sc="233,-52,315,0,216,52,236,0" /><INIT seed="2,0,0,5,3,4" ten="181,315,268,236" oya="2" hai0="6,116,48,40,69,62,57,9,26,11,103,30,110" hai1="92,67,54,42,129,96,41,130,8,29,28,20,15" hai2="94,66,1,100,111,21,75,72,14,74,115,80,50" hai3="124,109,126,22,101,45,93,134,77,38,125,46,79"/><V13/><F115/><W82/><G109/><T37/><D69/><U131/><E67/><V128/><F1/><W117/><G117/><T73/><D37/><U84/><E84/><V19/><F111/><W127/><G134/><T90/><D73/><U3/><E3/><V98/><F128/><W105/><G38/><T17/><D110/><U122/><E54/><V120/><F120/><W44/><G105/><T97/><D116/><U113/><E113/><V106/><F66/><W95/><G101/><T86/><D6/><N who="1" m="3479" /><E122/><V5/><F50/><W56/><G56/><T16/><D40/><N who="1" m="15467" /><E20/><V34/><F34/><W23/><N who="3" m="32256" /><DORA hai="60" /><W36/><G36/><T52/><D48/><U91/><AGARI ba="0,0" hai="28,29,91,92,96,129,130,131" m="15467,3479" machi="91" ten="40,2700,0" yaku="19,1,52,1" doraHai="4,60" who="1" fromWho="1" sc="181,-7,315,27,268,-13,236,-7" /><INIT seed="3,0,0,2,4,129" ten="174,342,255,229" oya="3" hai0="21,90,66,75,128,14,113,37,120,65,44,16,92" hai1="45,52,127,132,61,99,89,15,86,19,108,69,42" hai2="28,64,38,11,51,22,106,96,71,87,102,126,49" hai3="50,81,6,110,33,29,47,24,53,58,10,12,32"/><W18/><G110/><T63/><D120/><U30/><E132/><V114/><F38/><W101/><G101/><T130/><D75/><U131/><E108/><V107/><F107/><W116/><G116/><T111/><D111/><U133/><E133/><V8/><F114/><W91/><G33/><T70/><D66/><U105/><E30/><V97/><F97/><W122/><G122/><T0/><D113/><U35/><E35/><V119/><F119/><W78/><G91/><T48/><D37/><U88/><E127/><V115/><F115/><W100/><G100/><T76/><D76/><U40/><E131/><V7/><F87/><W109/><G109/><T95/><D95/><U59/><E69/><V5/><F22/><W20/><G81/><T103/><D103/><U23/><E105/><V36/><F36/><W13/><G78/><T57/><D70/><U94/><E45/><V17/><F17/><W117/><G117/><T9/><D0/><U56/><E59/><V4/><F126/><W134/><G134/><T72/><D72/><U121/><E121/><V31/><F64/><W135/><G135/><T73/><D73/><U83/><AGARI ba="0,0" hai="15,19,23,40,42,52,56,61,83,86,88,89,94,99" machi="83" ten="20,8000,1" yaku="0,1,7,1,8,1,54,2" doraHai="129" who="1" fromWho="1" sc="174,-20,342,80,255,-20,229,-40" /><INIT seed="4,0,0,1,1,69" ten="154,422,235,189" oya="0" hai0="109,117,105,83,26,73,57,68,133,38,55,53,29" hai1="17,82,107,120,48,84,62,74,63,108,58,77,25" hai2="92,129,18,54,5,93,87,46,72,8,20,115,122" hai3="4,76,78,2,59,66,49,35,56,44,96,104,39"/><T24/><D117/><U71/><E108/><V79/><F115/><W126/><G35/><T101/><D109/><U60/><E107/><V47/><F129/><W33/><G33/><T42/><D68/><U14/><E120/><V99/><F72/><W106/><G78/><T1/><D1/><U12/><E71/><V30/><F30/><W52/><G96/><T116/><D116/><U91/><E25/><V111/><F111/><W86/><G126/><T131/><D131/><U31/><E31/><V3/><F54/><W10/><G66/><T95/><D105/><U94/><E48/><V80/><F92/><W135/><G135/><T103/><D133/><U40/><E40/><V65/><F65/><W7/><G7/><T70/><D70/><U27/><E58/><V34/><F34/><W124/><G59/><T88/><D73/><U0/><E0/><V85/><F85/><W98/><G98/><N who="0" m="57703" /><D83/><U102/><E102/><N who="0" m="38921" /><D38/><U89/><E89/><V51/><F122/><W37/><G124/><T50/><D42/><U64/><E64/><V134/><F134/><W13/><G2/><T113/><D113/><U9/><E74/><V28/><F28/><W32/><G32/><T19/><D29/><U90/><E94/><V75/><F75/><W118/><G118/><T110/><D110/><U41/><E77/><V45/><F93/><W15/><G106/><T36/><D36/><U67/><E82/><V114/><F114/><W125/><G104/><T112/><D112/><U23/><E84/><V123/><F123/><W16/><G125/><T121/><D121/><U43/><E43/><RYUUKYOKU ba="0,0" sc="154,0,422,0,235,0,189,0" /><INIT seed="5,1,0,1,1,52" ten="154,422,235,189" oya="1" hai0="48,81,68,27,12,31,53,123,58,113,106,39,130" hai1="87,127,15,18,70,111,38,19,76,99,104,44,26" hai2="64,96,88,41,72,67,45,129,21,133,97,36,100" hai3="135,84,56,120,126,3,63,110,30,50,124,105,132"/><U5/><E70/><V78/><F129/><W66/><G105/><T114/><D106/><U35/><E5/><V28/><F133/><N who="3" m="51275" /><G84/><T4/><D68/><U20/><E35/><V54/><F78/><W42/><G30/><T6/><D39/><U17/><E38/><V59/><F72/><W119/><G3/><T0/><D130/><U108/><E44/><V37/><F37/><W95/><G95/><T22/><D123/><U69/><E69/><V71/><F71/><W134/><N who="3" m="51283" /><W91/><DORA hai="83" /><G91/><T61/><D0/><U117/><E87/><V118/><F118/><W109/><G119/><T29/><D29/><U75/><E76/><V115/><F115/><W131/><G131/><T85/><D12/><U82/><E15/><V7/><F97/><W43/><G120/><T47/><D114/><U125/><E75/><V74/><F74/><W62/><G62/><T80/><D80/><U90/><E82/><V86/><F96/><W25/><G25/><T23/><D23/><U89/><E99/><V32/><F100/><W79/><G79/><N who="0" m="46271" /><D113/><U2/><E117/><V34/><F21/><W57/><G110/><T46/><D46/><U98/><E98/><V128/><F128/><W102/><G102/><T116/><D116/><U49/><E104/><V16/><F28/><W107/><G107/><T112/><D112/><U1/><E20/><V103/><F34/><W14/><G14/><T60/><D60/><U121/><E1/><V94/><F32/><W73/><G73/><T122/><D122/><U101/><E2/><V11/><F45/><W77/><G109/><RYUUKYOKU ba="1,0" sc="154,30,422,-10,235,-10,189,-10" hai0="4,6,22,27,31,47,48,53,58,61" /><INIT seed="6,2,0,4,1,13" ten="184,412,225,179" oya="2" hai0="135,116,30,128,4,108,64,71,87,132,124,78,51" hai1="80,14,103,98,86,131,79,21,42,2,5,7,68" hai2="66,58,44,89,57,3,39,93,26,24,43,117,29" hai3="36,92,33,95,102,53,119,61,134,112,41,83,23"/><V133/><F3/><W40/><G36/><T25/><D71/><U126/><E68/><V100/><F117/><W70/><G33/><T63/><D51/><U8/><E131/><V99/><F133/><N who="0" m="51274" /><D108/><U115/><E115/><V62/><F57/><N who="3" m="34991" /><G70/><T88/><D63/><U127/><E42/><N who="3" m="16490" /><G119/><T129/><D64/><U19/><REACH who="1" step="1"/><E5/><REACH who="1" ten="184,402,225,179" step="2"/><V38/><F38/><W114/><G134/><T113/><D4/><U6/><E6/><V104/><F29/><W97/><G83/><N who="0" m="49279" /><D113/><N who="3" m="43625" /><G23/><N who="0" m="15679" /><D116/><U16/><E16/><V55/><F66/><W48/><G48/><T90/><D78/><U72/><E72/><V35/><F35/><W28/><G28/><T32/><D32/><U109/><E109/><V31/><F31/><W75/><G75/><T81/><D81/><U123/><E123/><V27/><F39/><W77/><G77/><T56/><D56/><U94/><AGARI ba="2,1" hai="2,7,8,14,19,21,79,80,86,94,98,103,126,127" machi="94" ten="30,7900,0" yaku="1,1,0,1,52,1,53,1" doraHai="13" doraHaiUra="9" who="1" fromWho="1" sc="184,-22,402,95,225,-41,179,-22" /><INIT seed="7,0,0,2,4,54" ten="162,497,184,157" oya="3" hai0="67,95,8,119,19,31,127,52,84,102,81,9,42" hai1="120,132,25,50,51,0,23,114,99,5,111,20,92" hai2="121,72,75,70,80,106,83,77,73,37,60,115,22" hai3="64,134,125,44,118,88,39,21,76,3,35,122,16"/><W48/><G35/><T103/><D119/><U110/><E92/><V43/><F22/><W107/><G39/><T58/><D67/><U47/><E99/><V79/><F115/><W49/><G3/><T87/><D42/><U93/><E93/><V55/><F55/><N who="3" m="30087" /><G107/><T28/><D19/><U86/><E86/><V32/><F73/><W65/><G76/><N who="0" m="46119" /><D87/><U66/><E47/><N who="2" m="24047" /><F121/><W46/><G122/><T98/><D103/><U135/><E5/><V2/><F2/><W34/><G34/><T129/><D129/><U40/><E66/><N who="3" m="25706" /><G118/><T14/><D127/><U59/><E120/><V7/><F32/><W57/><G125/><T26/><D26/><U117/><E25/><V97/><F70/><W109/><G134/><T33/><D33/><U123/><E123/><V131/><F131/><W100/><G100/><T4/><D9/><U112/><E0/><V63/><F7/><W41/><G109/><T6/><D4/><U96/><E117/><V78/><F78/><W130/><G130/><T45/><D45/><U17/><E111/><V30/><F30/><W133/><G133/><T56/><D56/><U90/><E59/><V27/><F27/><N who="3" m="14759" /><G57/><T13/><D13/><U104/><E110/><V1/><F1/><W82/><G82/><T38/><D38/><U105/><E105/><V36/><F36/><W61/><G61/><AGARI ba="0,0" hai="6,8,14,28,31,52,58,61,95,98,102" m="46119" machi="61" ten="30,3900,0" yaku="8,1,52,1,54,1" doraHai="54" who="0" fromWho="3" sc="162,39,497,0,184,0,157,-39" owari="201,0.0,497,60.0,184,-22.0,118,-38.0" /></mjloggm>