<mjloggm ver="2.3"><GO type="193" lobby="0"/><UN n0="%E5%B0%B1%E6%B4%BB%E7%94%9F%40%E5%B7%9D%E6%9D%91%E8%BB%8D%E5%9B%A3" n1="%43%6C%4F%78" n2="%42%72%61%68%6D%73" n3="%E6%9D%BF%E6%A9%8B%47%59%41%4E%47" dan="12,11,13,11" rate="1860.91,1713.75,1724.09,1726.80" sx="M,M,M,M"/><TAIKYOKU oya="0"/><INIT seed="0,0,0,2,3,30" ten="250,250,250,250" oya="0" hai0="124,79,37,46,0,99,39,106,17,57,43,6,93" hai1="116,82,90,60,56,44,113,21,100,22,104,87,120" hai2="65,126,85,34,72,131,50,112,19,107,95,80,135" hai3="67,102,133,16,70,114,117,28,47,36,63,77,89"/><T59/><D106/><U7/><E116/><V74/><F112/><W54/><G117/><T5/><D124/><U81/><E120/><V27/><F126/><W61/><G114/><T134/><D134/><U35/><E113/><V129/><F107/><W111/><G111/><T108/><D108/><U18/><E104/><V45/><F135/><W32/><G133/><T69/><D69/><U91/><E100/><V38/><F65/><W83/><G89/><T15/><D39/><U58/><E44/><V109/><F38/><W121/><G121/><T33/><D33/><U24/><E7/><V127/><F109/><W115/><G115/><T29/><D29/><U86/><E35/><V94/><F127/><W66/><G102/><T1/><D79/><U9/><E9/><V14/><F27/><W42/><G54/><T98/><D98/><U96/><E96/><V105/><F34/><W53/><G53/><T73/><D73/><N who="2" m="28266" /><F105/><W2/><G28/><T52/><D57/><U64/><REACH who="1" step="1"/><E21/><REACH who="1" ten="250,240,250,250" step="2"/><N who="2" m="11511" /><F45/><W130/><G32/><T13/><D5/><U97/><E97/><V4/><F4/><W132/><G132/><T3/><D6/><U55/><E55/><V8/><F8/><W101/><G101/><T88/><REACH who="0" step="1"/><D17/><REACH who="0" ten="240,240,250,250" step="2"/><U49/><E49/><AGARI ba="0,2" hai="0,1,3,13,15,37,43,46,49,52,59,88,93,99" machi="49" ten="40,12000,1" yaku="1,1,2,1,54,2,53,1" doraHai="30" doraHaiUra="84" who="0" fromWho="1" sc="240,140,240,-120,250,0,250,0" /><INIT seed="0,1,0,0,2,65" ten="380,120,250,250" oya="0" hai0="76,49,134,40,70,48,130,43,9,24,27,131,66" hai1="18,23,72,133,99,1,14,44,46,93,28,32,112" hai2="121,38,5,82,33,124,58,103,29,0,31,122,107" hai3="56,16,6,59,95,87,84,116,67,17,85,78,132"/><T108/><D76/><U19/><E112/><V22/><F38/><W123/><G116/><T126/><D126/><U42/><E133/><V20/><F124/><W86/><G132/><T118/><D118/><U41/><E72/><V83/><F107/><W97/><G123/><N who="2" m="47113" /><F103/><W98/><G6/><T51/><D134/><U81/><E81/><N who="2" m="30731" /><F58/><N who="3" m="22059" /><G67/><T30/><D9/><U8/><E1/><V34/><F5/><W101/><G78/><T12/><D12/><U100/><E32/><N who="2" m="12395" /><F0/><W102/><N who="3" m="22016" /><DORA hai="60" /><W54/><G54/><T75/><D75/><U80/><E80/><V2/><F2/><W63/><G63/><N who="0" m="40287" /><D108/><U89/><E100/><N who="3" m="38506" /><G95/><T26/><D30/><AGARI ba="1,0" hai="20,22,29,30,31" m="12395,30731,47113" machi="30" ten="40,2600,0" yaku="28,2" doraHai="65,60" who="2" fromWho="0" sc="380,-29,120,0,250,29,250,0" /><INIT seed="1,0,0,5,0,18" ten="351,120,279,250" oya="1" hai0="84,85,59,83,120,6,0,70,96,90,34,75,104" hai1="57,22,129,53,105,124,102,130,48,26,87,80,2" hai2="78,101,19,76,61,108,98,7,103,16,38,46,69" hai3="40,113,52,131,81,23,1,100,8,58,4,71,77"/><U121/><E121/><V106/><F108/><W44/><G113/><T62/><D70/><U39/><E39/><V122/><F122/><W64/><G131/><N who="1" m="50186" /><E124/><V73/><F103/><W30/><G100/><T42/><D75/><U95/><E2/><V126/><F126/><W21/><G30/><T45/><D34/><U12/><E12/><V79/><F73/><W27/><G27/><T128/><D120/><U33/><E33/><V116/><F116/><W55/><G55/><T9/><D128/><U123/><E123/><V35/><F35/><W17/><G17/><T49/><D85/><U37/><E37/><V68/><F7/><W60/><G64/><T15/><D96/><N who="1" m="59679" /><E105/><V32/><F32/><W109/><G71/><T133/><D133/><U47/><E87/><V25/><F61/><W94/><G94/><T89/><D104/><U135/><E135/><V118/><F118/><W28/><G28/><T11/><D11/><U107/><E107/><V36/><F36/><N who="3" m="21511" /><G109/><T111/><D111/><U91/><E80/><V112/><F112/><W20/><G20/><T117/><D117/><U65/><E91/><V134/><F134/><W99/><G99/><T82/><D0/><U92/><E92/><V43/><F19/><W63/><G60/><T110/><D110/><U5/><E5/><V41/><F41/><W93/><G93/><N who="0" m="54439" /><D90/><U66/><E47/><V13/><F25/><W72/><AGARI ba="0,0" hai="1,4,8,21,23,52,58,63,72,77,81" m="21511" machi="72" ten="30,7900,0" yaku="25,1,52,2,54,1" doraHai="18" who="3" fromWho="3" sc="351,-20,120,-39,279,-20,250,79" /><INIT seed="2,0,0,2,2,96" ten="331,81,259,329" oya="2" hai0="20,15,37,61,114,53,25,38,51,41,19,27,45" hai1="83,131,17,33,3,82,26,14,88,102,18,65,93" hai2="113,94,6,84,52,134,69,47,0,72,9,122,29" hai3="107,42,32,128,92,105,133,44,55,48,56,135,60"/><V58/><F122/><W132/><G32/><T74/><D114/><U28/><E131/><V4/><F72/><W116/><G116/><T50/><D74/><U103/><E3/><V2/><F113/><W79/><G79/><T78/><D78/><U62/><E65/><V63/><F134/><W24/><G24/><T99/><D99/><U85/><E62/><V97/><F29/><W12/><G12/><T118/><D118/><U77/><E77/><V110/><F110/><W71/><G92/><T1/><D1/><U57/><E57/><V46/><F69/><W49/><G128/><T68/><D50/><U54/><E54/><V130/><F84/><W86/><G86/><T121/><D121/><U75/><E75/><V59/><F59/><W13/><G13/><T80/><D80/><U98/><E98/><V39/><F39/><W101/><G101/><T106/><D106/><U126/><E126/><V120/><F120/><W127/><G127/><T108/><D108/><U112/><E112/><V40/><F130/><W31/><G31/><T30/><D27/><U76/><E17/><V119/><F40/><W81/><G81/><T100/><D100/><U8/><REACH who="1" step="1"/><E82/><REACH who="1" ten="331,71,259,329" step="2"/><V21/><F119/><W123/><G123/><T7/><D7/><U34/><E34/><V5/><F5/><W73/><G73/><T36/><D53/><U22/><E22/><V90/><REACH who="2" step="1"/><F21/><REACH who="2" ten="331,71,249,329" step="2"/><W70/><G70/><T89/><D68/><U23/><E23/><V124/><F124/><W125/><G125/><T10/><D61/><U111/><E111/><V104/><F104/><W117/><G117/><RYUUKYOKU ba="0,2" sc="331,0,71,0,249,0,329,0" hai0="10,15,19,20,25,30,36,37,38,41,45,51,89" hai1="8,14,18,26,28,33,76,83,85,88,93,102,103" hai2="0,2,4,6,9,46,47,52,58,63,90,94,97" hai3="42,44,48,49,55,56,60,71,105,107,132,133,135" /><INIT seed="2,1,2,0,5,118" ten="331,71,249,329" oya="2" hai0="24,32,5,129,94,68,49,1,43,50,63,91,78" hai1="4,58,66,10,119,67,23,55,40,48,88,81,59" hai2="36,0,77,86,16,83,73,106,133,44,79,35,112" hai3="107,124,60,37,14,34,27,65,74,29,101,45,51"/><V117/><F35/><W130/><G37/><T53/><D129/><U97/><E119/><V104/><F112/><W56/><G124/><T54/><D1/><U84/><E97/><V125/><F117/><W85/><G74/><T6/><D43/><U105/><E105/><V80/><F0/><W28/><G28/><T22/><D32/><U123/><E23/><V111/><F125/><W21/><G130/><T19/><D78/><U135/><E135/><V121/><F121/><W134/><G134/><T132/><D132/><U75/><E75/><V52/><F133/><W8/><G85/><N who="0" m="52591" /><D63/><U39/><E123/><V120/><F120/><W100/><G34/><T9/><D9/><U127/><E127/><V17/><F111/><W20/><G20/><T115/><D68/><U46/><E59/><V92/><F92/><W99/><G100/><T12/><D12/><U89/><REACH who="1" step="1"/><E89/><REACH who="1" ten="331,61,249,329" step="2"/><V3/><F3/><AGARI ba="1,3" hai="3,4,10,39,40,46,48,55,58,66,67,81,84,88" machi="3" ten="30,7700,0" yaku="1,1,2,1,7,1,54,1,53,0" doraHai="118" doraHaiUra="108" who="1" fromWho="2" sc="331,0,61,110,249,-80,329,0" /><INIT seed="3,0,0,4,3,21" ten="331,171,169,329" oya="3" hai0="84,61,129,112,12,83,96,59,90,35,33,133,1" hai1="54,89,92,49,70,110,24,98,87,80,79,55,82" hai2="135,93,91,109,116,45,40,23,127,30,37,94,124" hai3="77,105,26,81,107,2,118,106,57,99,108,18,86"/><W103/><G2/><T42/><D1/><U71/><E110/><V104/><F104/><W132/><G118/><T10/><D112/><U60/><E71/><V36/><F109/><W43/><G132/><T100/><D129/><U41/><E70/><V62/><F116/><W13/><G108/><T72/><D72/><U8/><E60/><V50/><F135/><W5/><G5/><T34/><D133/><U6/><E41/><V25/><F62/><W3/><G3/><T117/><D42/><U95/><E24/><V52/><F40/><W66/><G26/><T68/><D117/><U38/><E38/><V128/><F128/><W130/><G130/><T14/><D68/><U20/><E20/><V32/><F32/><W131/><G131/><T9/><D9/><U58/><E54/><V75/><F75/><W0/><G0/><T122/><D122/><U53/><E55/><V11/><F11/><W78/><G78/><T19/><D12/><U85/><E98/><N who="2" m="57663" /><F94/><W102/><G102/><T48/><D48/><U97/><E97/><V39/><F39/><W44/><G57/><T67/><D35/><U74/><E74/><V65/><F65/><W73/><G66/><T46/><D46/><U56/><E56/><V28/><F28/><W17/><G17/><T120/><D120/><U115/><E115/><V113/><F113/><W111/><G111/><T88/><D90/><U51/><E51/><V69/><F69/><W16/><G18/><T31/><D31/><U123/><E123/><V47/><F47/><W76/><G73/><T29/><D29/><U119/><E119/><RYUUKYOKU ba="0,0" sc="331,10,171,10,169,10,329,-30" hai0="10,14,19,33,34,59,61,67,83,84,88,96,100" hai1="6,8,49,53,58,79,80,82,85,87,89,92,95" hai2="23,25,30,36,37,45,50,52,124,127" owari="341,44.0,181,-22.0,179,-32.0,299,10.0" /></mjloggm>