<mjloggm ver="2.3"><GO type="97" lobby="0"/><UN n0="%73%61%76%69%6F%72" n1="%E3%82%A6%E3%83%AB%E3%83%88%E3%83%A9%E7%AB%8B%E7%9B%B4" n2="%E3%83%9D%E3%83%AA%37%6B%6F" n3="%74%6F%72%69%6E%65%6B%6F" dan="14,14,13,13" rate="1885.46,1971.52,1850.46,1843.51" sx="M,M,F,M"/><TAIKYOKU oya="0"/><INIT seed="0,0,0,5,0,92" ten="250,250,250,250" oya="0" hai0="44,108,39,16,57,111,38,22,40,115,54,94,18" hai1="19,119,8,53,64,135,6,90,109,97,122,10,73" hai2="130,133,101,107,68,118,17,110,113,78,71,23,124" hai3="56,11,96,26,32,105,55,41,83,14,63,2,121"/><T31/><D115/><U13/><E73/><V47/><F101/><W123/><G41/><T36/><D31/><U28/><E119/><V66/><F78/><W1/><G83/><T21/><D94/><N who="1" m="56535" /><E109/><N who="0" m="42057" /><D22/><N who="1" m="11631" /><E135/><V37/><F66/><W46/><G46/><T134/><D134/><U51/><E122/><N who="3" m="46602" /><G26/><N who="0" m="14631" /><D18/><U88/><E64/><V100/><F110/><W30/><G30/><T45/><D40/><U76/><E76/><V20/><F133/><W65/><G32/><T7/><D7/><U50/><E28/><V72/><F72/><W112/><G112/><T95/><D95/><U131/><E51/><AGARI ba="0,0" hai="36,38,39,44,45,51,54,57" m="14631,42057" machi="51" ten="40,7700,0" yaku="14,1,10,1,54,1" doraHai="92" who="0" fromWho="1" sc="250,77,250,-77,250,0,250,0" /><INIT seed="0,1,0,4,0,115" ten="327,173,250,250" oya="0" hai0="32,87,55,9,4,49,43,65,84,126,112,100,1" hai1="98,5,125,113,64,63,97,61,59,135,110,13,131" hai2="128,124,37,0,94,28,88,101,40,105,120,29,48" hai3="22,47,25,34,44,71,122,130,75,23,50,38,46"/><T17/><D112/><U90/><E113/><V82/><F0/><W83/><G71/><T92/><D126/><U53/><E125/><V73/><F37/><W107/><G107/><T42/><D32/><U52/><E110/><V133/><F133/><W58/><G130/><T33/><D33/><U18/><E131/><V35/><F35/><W99/><G38/><T72/><D72/><U20/><E135/><V118/><F73/><W60/><G122/><T27/><D65/><U67/><E5/><V11/><F118/><W30/><G75/><T69/><D69/><U96/><REACH who="1" step="1"/><E90/><REACH who="1" ten="327,163,250,250" step="2"/><V14/><F124/><W36/><G36/><T19/><D4/><U106/><E106/><V79/><F128/><W8/><G8/><T111/><D9/><U80/><E80/><V7/><F11/><W77/><G83/><T10/><D10/><U57/><AGARI ba="1,1" hai="13,18,20,52,53,57,59,61,63,64,67,96,97,98" machi="57" ten="30,8000,1" yaku="1,1,0,1,9,1,8,1,54,1,53,0" doraHai="115" doraHaiUra="78" who="1" fromWho="1" sc="327,-41,163,93,250,-21,250,-21" /><INIT seed="1,0,0,2,3,21" ten="286,256,229,229" oya="1" hai0="30,132,82,8,123,11,58,67,14,28,16,47,120" hai1="133,55,79,76,130,84,71,31,109,34,53,92,65" hai2="57,83,63,12,17,94,13,93,60,102,129,10,119" hai3="24,23,59,6,9,19,127,37,88,39,15,135,81"/><U4/><E71/><V105/><F119/><W1/><G135/><T3/><D132/><U91/><E34/><V111/><F129/><W45/><G127/><T43/><D82/><U75/><E75/><V113/><F83/><W103/><G103/><T89/><D89/><U90/><E133/><V122/><F102/><W27/><G45/><T73/><D73/><U117/><E117/><V110/><F105/><W52/><G39/><N who="0" m="22015" /><D3/><U22/><E130/><V66/><F113/><W61/><REACH who="3" step="1"/><G37/><REACH who="3" ten="286,256,229,219" step="2"/><T134/><D134/><U104/><E104/><V26/><F122/><W97/><G97/><T54/><D123/><U106/><E106/><V108/><F63/><W2/><G2/><T0/><D0/><U69/><E109/><V125/><F125/><W126/><G126/><T96/><D96/><U18/><E69/><V74/><F74/><W124/><G124/><T36/><D36/><U38/><E38/><V107/><F107/><W112/><G112/><T51/><D120/><U87/><E79/><V70/><F70/><W99/><G99/><T62/><D62/><U20/><E76/><V68/><F68/><W80/><G80/><T98/><D98/><U42/><E84/><AGARI ba="0,1" hai="1,6,9,15,19,23,24,27,52,59,61,81,84,88" machi="84" ten="40,12000,2" yaku="1,1,52,2,54,2,53,1" doraHai="21" doraHaiUra="50" who="3" fromWho="1" sc="286,0,256,-120,229,0,219,130" /><INIT seed="2,0,0,3,4,74" ten="286,136,229,349" oya="2" hai0="91,55,68,129,104,75,3,133,14,0,82,45,102" hai1="15,35,34,101,117,4,64,7,93,32,9,126,116" hai2="121,88,62,110,26,20,27,60,81,85,39,79,122" hai3="11,53,98,51,123,40,21,42,135,8,125,49,28"/><V23/><F110/><W103/><G123/><T22/><D68/><U17/><E93/><V73/><F39/><W10/><G135/><T30/><D133/><U72/><E101/><V114/><F114/><W71/><G71/><T132/><D132/><U38/><E64/><V120/><F26/><W50/><G125/><T130/><D102/><U92/><E92/><V134/><F23/><W99/><G53/><T61/><D104/><U24/><E72/><V66/><F66/><W52/><G52/><T31/><D91/><U108/><E38/><V46/><F46/><W94/><G99/><T44/><D82/><U124/><E108/><V128/><F134/><W77/><G77/><T106/><D106/><U84/><E84/><V6/><F6/><W80/><G80/><T12/><D75/><U48/><E48/><V89/><F73/><W19/><REACH who="3" step="1"/><G28/><REACH who="3" ten="286,136,229,339" step="2"/><T90/><D31/><U65/><E65/><V57/><F122/><W59/><G59/><T58/><D30/><U76/><E76/><V100/><F57/><W29/><G29/><T113/><D58/><U18/><E24/><AGARI ba="0,1" hai="8,10,11,19,21,24,40,42,49,50,51,94,98,103" machi="24" ten="40,2600,0" yaku="1,1,8,1,53,0" doraHai="74" doraHaiUra="69" who="3" fromWho="1" sc="286,0,136,-26,229,0,339,36" /><INIT seed="3,0,0,1,1,111" ten="286,110,229,375" oya="3" hai0="22,9,32,72,65,63,4,115,113,40,93,134,95" hai1="96,39,112,23,67,14,6,71,73,34,33,21,125" hai2="75,28,123,116,24,124,120,60,78,79,77,86,35" hai3="54,66,122,101,76,88,30,130,0,46,7,56,132"/><W2/><G122/><T103/><D32/><U55/><E67/><V61/><F116/><W69/><G76/><T121/><D121/><U87/><E96/><V99/><F75/><W52/><G101/><T37/><D72/><U26/><E87/><V45/><F99/><W114/><G30/><T53/><D134/><U135/><E73/><V91/><F45/><W109/><G109/><T98/><D53/><U70/><E14/><V80/><REACH who="2" step="1"/><F124/><REACH who="2" ten="286,110,219,375" step="2"/><W3/><G46/><T68/><D98/><U58/><E58/><V29/><F29/><W19/><G56/><T18/><D103/><U110/><E110/><V131/><F131/><W89/><G69/><T1/><D40/><U90/><E125/><V36/><F36/><W15/><G130/><T82/><D37/><U31/><E39/><V94/><F94/><W59/><G59/><T126/><D126/><U10/><E55/><V74/><F74/><W129/><G129/><T12/><REACH who="0" step="1"/><D82/><REACH who="0" ten="276,110,219,375" step="2"/><U119/><E135/><V107/><F107/><W104/><G132/><T17/><D17/><U48/><E31/><V97/><F97/><W81/><G52/><T13/><D13/><U127/><E127/><V57/><F57/><W102/><G54/><T84/><D84/><U108/><E108/><V50/><F50/><W42/><G19/><T16/><D16/><U83/><E71/><V64/><F64/><W100/><G15/><T92/><AGARI ba="0,2" hai="1,4,9,12,18,22,63,65,68,92,93,95,113,115" machi="92" ten="30,8000,1" yaku="1,1,0,1,52,2,53,1" doraHai="111" doraHaiUra="5" who="0" fromWho="0" sc="276,100,110,-20,219,-20,375,-40" owari="376,47.0,90,-41.0,199,-20.0,335,14.0" /></mjloggm>