<mjloggm ver="2.3"><GO type="169" lobby="0"/><UN n0="%E3%81%8A%E3%81%98%E3%81%95%E3%82%93" n1="%6E%61%6B%61%6A%75%75%6E" n2="%E3%82%A6%E3%83%AB%E3%83%88%E3%83%A9%E7%AB%8B%E7%9B%B4" n3="%E3%81%8B%E3%81%AB%E3%83%9E%E3%82%B8%E3%83%B3" dan="16,18,16,18" rate="2121.89,2289.71,2130.75,2263.55" sx="M,M,M,M"/><TAIKYOKU oya="0"/><INIT seed="0,0,0,1,2,46" ten="250,250,250,250" oya="0" hai0="77,79,78,131,1,8,92,69,134,45,30,3,85" hai1="101,93,21,51,25,98,96,111,53,15,36,34,120" hai2="42,60,102,0,67,66,99,40,62,55,91,26,116" hai3="20,65,118,64,84,129,119,95,54,17,70,72,50"/><T73/><D73/><U33/><E36/><V105/><F0/><W18/><G72/><T2/><D69/><U135/><E120/><V113/><F113/><W88/><G129/><T74/><D74/><U59/><E135/><V114/><F114/><W12/><G70/><T104/><D104/><U6/><E111/><V106/><F91/><W110/><G110/><T27/><D131/><U63/><E98/><V48/><F106/><W125/><G125/><T128/><D128/><U52/><E15/><V24/><F62/><W32/><G32/><T97/><D134/><U58/><REACH who="1" step="1"/><E6/><REACH who="1" ten="250,240,250,250" step="2"/><V126/><F99/><W81/><G119/><T108/><D108/><U44/><E44/><V124/><F116/><W14/><G118/><T100/><D45/><U49/><E49/><V47/><F48/><W56/><G81/><T71/><D71/><U68/><E68/><V115/><F47/><W10/><AGARI ba="0,1" hai="10,12,14,17,18,20,50,54,56,64,65,84,88,95" machi="10" ten="20,12000,2" yaku="0,1,7,1,25,2,8,1,52,1,54,1" doraHai="46" who="3" fromWho="3" sc="250,-60,240,-30,250,-30,250,130" /><INIT seed="1,0,0,2,1,108" ten="190,210,220,380" oya="1" hai0="17,33,70,135,125,1,27,63,114,35,81,76,45" hai1="10,129,32,30,85,106,65,6,126,110,73,95,3" hai2="21,115,105,131,109,28,97,62,87,77,18,117,93" hai3="113,104,88,49,36,53,12,102,54,55,84,101,52"/><U0/><E106/><V120/><F117/><W119/><G36/><T47/><D1/><U72/><E110/><V118/><F118/><W4/><G119/><T14/><D125/><U42/><E126/><V7/><F28/><W20/><G113/><T39/><D114/><U64/><E129/><V59/><F7/><W68/><G68/><T24/><D135/><U75/><E0/><V48/><F48/><W78/><G78/><T96/><D35/><U46/><E32/><V41/><F41/><W86/><G86/><T92/><D33/><U112/><E30/><V107/><F109/><W31/><G104/><T13/><D63/><U51/><REACH who="1" step="1"/><E112/><REACH who="1" ten="190,200,220,380" step="2"/><V67/><F115/><W71/><G31/><T16/><D39/><U5/><E5/><V66/><F131/><W2/><G2/><T74/><D17/><U116/><E116/><V15/><F107/><W111/><G111/><T133/><D16/><U100/><E100/><V40/><F105/><W80/><G4/><T8/><D133/><U127/><E127/><V121/><F121/><W91/><G102/><T11/><D11/><U132/><E132/><V26/><F120/><W37/><G101/><T43/><D8/><U61/><E61/><V99/><F18/><W57/><G20/><T83/><D27/><U29/><E29/><V34/><F26/><W128/><G128/><T134/><D24/><U130/><E130/><V25/><F25/><W23/><G23/><T44/><D134/><U69/><E69/><V38/><F21/><W122/><G71/><T123/><D70/><U9/><E9/><V79/><F34/><RYUUKYOKU ba="0,1" sc="190,-10,200,30,220,-10,380,-10" hai1="3,6,10,42,46,51,64,65,72,73,75,85,95" /><INIT seed="1,1,1,3,2,53" ten="180,230,210,370" oya="1" hai0="130,119,0,44,76,32,36,19,41,4,90,83,56" hai1="92,9,67,65,103,7,55,74,73,29,10,114,42" hai2="126,8,97,91,111,68,17,52,123,106,93,46,66" hai3="18,117,48,120,96,87,70,116,107,49,109,51,122"/><U59/><E42/><V50/><F111/><W115/><G70/><T30/><D119/><N who="3" m="45641" /><G87/><T3/><D130/><U34/><E114/><V45/><F126/><W85/><G85/><T77/><D90/><U37/><E37/><V69/><F106/><W11/><G109/><T108/><D108/><U121/><E121/><V131/><F131/><W72/><G72/><T98/><D98/><N who="1" m="59847" /><E74/><V20/><F8/><N who="1" m="3177" /><E34/><V35/><F35/><W6/><G18/><T60/><D19/><U84/><E73/><V58/><F123/><W13/><G115/><T64/><D4/><U61/><E29/><V118/><F118/><W79/><G79/><T80/><D77/><U5/><E84/><V124/><F124/><W128/><G128/><T94/><D94/><U62/><E67/><V75/><F75/><W31/><G31/><T15/><D76/><U14/><E14/><V40/><F66/><W22/><G22/><T26/><REACH who="0" step="1"/><D15/><REACH who="0" ten="170,230,210,370" step="2"/><U33/><E33/><V88/><F91/><W125/><G125/><T132/><D132/><U23/><E23/><V71/><REACH who="2" step="1"/><F40/><REACH who="2" ten="170,230,200,370" step="2"/><W38/><G120/><T89/><D89/><U135/><E135/><V99/><F99/><W127/><G122/><T104/><D104/><U100/><E100/><V81/><F81/><AGARI ba="1,3" hai="0,3,26,30,32,36,41,44,56,60,64,80,81,83" machi="81" ten="40,2600,0" yaku="1,1,52,1,53,0" doraHai="53" doraHaiUra="95" who="0" fromWho="2" sc="170,59,230,0,200,-29,370,0" /><INIT seed="2,0,0,1,1,52" ten="229,230,171,370" oya="2" hai0="21,40,87,127,42,120,123,41,135,18,10,109,7" hai1="113,84,43,20,69,4,80,58,60,100,105,47,57" hai2="19,14,118,71,32,129,61,0,31,9,56,79,73" hai3="74,3,114,16,27,99,83,88,128,108,90,104,133"/><V89/><F79/><W25/><G3/><T6/><D109/><U112/><E105/><V68/><F73/><W12/><G108/><T24/><D127/><U51/><E100/><V96/><F118/><W63/><G128/><T97/><D135/><U122/><E4/><V15/><F0/><W115/><G133/><T76/><D6/><U95/><E95/><V34/><F129/><W48/><G48/><T35/><D35/><U103/><E103/><V1/><F1/><W5/><G5/><T82/><REACH who="0" step="1"/><D97/><REACH who="0" ten="219,230,171,370" step="2"/><U110/><E110/><V49/><F34/><W26/><G99/><T8/><D8/><U102/><E122/><V98/><F98/><W46/><G115/><T130/><D130/><U125/><E125/><V78/><F96/><W107/><G114/><T37/><D37/><U91/><E102/><V75/><F32/><W106/><G106/><T28/><D28/><U81/><E112/><V85/><F31/><W38/><G104/><T55/><D55/><U132/><E113/><V54/><F9/><W30/><G38/><T67/><D67/><U66/><E132/><V29/><F29/><W62/><G30/><T94/><D94/><U23/><REACH who="1" step="1"/><E80/><REACH who="1" ten="219,220,171,370" step="2"/><V70/><F19/><W44/><G83/><T111/><D111/><U39/><E39/><V119/><F119/><W36/><G36/><T92/><D92/><U59/><AGARI ba="0,2" hai="20,23,43,47,51,57,58,59,60,66,69,81,84,91" machi="59" ten="30,12000,2" yaku="1,1,0,1,52,3,53,1" doraHai="52" doraHaiUra="64" who="1" fromWho="1" sc="219,-30,220,140,171,-60,370,-30" /><INIT seed="3,0,0,5,5,134" ten="189,360,111,340" oya="3" hai0="81,119,102,109,50,66,22,101,112,55,123,120,100" hai1="26,42,133,76,23,61,30,111,62,64,52,125,106" hai2="86,118,40,12,8,93,108,74,128,1,135,90,83" hai3="41,59,18,97,131,14,113,129,37,130,69,34,77"/><W114/><G69/><T27/><D119/><U95/><E106/><V49/><F1/><W122/><G122/><T103/><D109/><U99/><E111/><V117/><F128/><W127/><G34/><T53/><D112/><N who="3" m="43113" /><G77/><T57/><D66/><U80/><E133/><V60/><F108/><W33/><G33/><T105/><D105/><U115/><E42/><V44/><F135/><W56/><G97/><T2/><D2/><U13/><E115/><V25/><F25/><W11/><G127/><T82/><N who="0" m="25600" /><DORA hai="126" /><T29/><REACH who="0" step="1"/><D55/><REACH who="0" ten="179,360,111,340" step="2"/><U92/><E52/><V67/><F118/><W116/><G116/><T9/><D9/><U75/><E64/><V24/><F117/><W70/><G70/><T48/><D48/><U15/><E62/><V89/><F60/><W72/><G72/><T85/><D85/><U43/><E61/><V36/><F67/><W124/><G124/><T65/><D65/><U121/><E125/><V21/><F74/><W91/><G91/><T35/><D35/><U38/><E121/><AGARI ba="0,1" hai="22,27,29,50,53,57,81,82,120,121,123" m="25600" machi="121" ten="50,1600,0" yaku="1,1,53,0" doraHai="134,126" doraHaiUra="132,87" who="0" fromWho="1" sc="179,26,360,-16,111,0,340,0" /><INIT seed="4,0,0,0,0,6" ten="205,344,111,340" oya="0" hai0="1,15,33,129,98,55,82,80,27,10,50,4,72" hai1="7,108,24,61,116,60,76,118,89,21,81,32,85" hai2="107,132,47,13,84,120,68,28,113,25,57,83,94" hai3="134,100,31,104,37,101,78,99,39,18,70,42,64"/><T69/><D129/><U5/><E32/><V49/><F68/><W41/><G134/><T40/><D69/><U102/><E108/><V17/><F107/><W126/><G78/><T75/><D40/><U131/><E131/><V14/><F14/><W34/><G18/><T87/><D82/><U8/><E102/><V124/><F113/><W128/><G101/><T135/><D135/><U51/><E7/><V3/><F124/><W117/><G117/><T95/><D1/><U133/><E133/><V53/><F3/><W91/><G91/><T73/><D33/><U22/><E22/><V71/><F94/><W63/><G126/><T93/><D27/><U115/><E115/><V96/><F96/><W30/><G30/><T92/><D98/><U16/><E51/><V110/><F71/><W112/><G112/><T58/><REACH who="0" step="1"/><D95/><REACH who="0" ten="195,344,111,340" step="2"/><U127/><E127/><V88/><F132/><W0/><G0/><T105/><D105/><U119/><REACH who="1" step="1"/><E76/><AGARI ba="0,1" hai="4,10,15,50,55,58,72,73,75,76,80,87,92,93" machi="76" ten="40,3900,0" yaku="1,1,52,1,53,0" doraHai="6" doraHaiUra="19" who="0" fromWho="1" sc="195,49,344,-39,111,0,340,0" /><INIT seed="4,1,0,4,5,59" ten="244,305,111,340" oya="0" hai0="82,38,121,78,135,7,95,61,131,39,21,103,108" hai1="110,101,36,109,13,66,47,115,112,114,12,113,28" hai2="37,65,84,24,81,119,49,99,8,85,29,31,64" hai3="122,67,23,1,52,97,16,22,17,55,125,18,126"/><T20/><D121/><U117/><N who="1" m="28672" /><DORA hai="44" /><U93/><E28/><V43/><F37/><W104/><G1/><T34/><D34/><U53/><E66/><V83/><F99/><W46/><G67/><T118/><D118/><U42/><E117/><V71/><F8/><W56/><G122/><T41/><D108/><N who="1" m="41579" /><E53/><V120/><F120/><W90/><G46/><T10/><D131/><U11/><E11/><V102/><F102/><W51/><G55/><T2/><D135/><U127/><E127/><N who="3" m="48650" /><G90/><T91/><D103/><AGARI ba="1,0" hai="16,17,18,22,23,51,52,56,97,103,104" m="48650" machi="103" ten="30,7700,0" yaku="18,1,52,1,54,2" doraHai="59,44" who="3" fromWho="0" sc="244,-80,305,0,111,0,340,80" /><INIT seed="5,0,0,3,4,82" ten="164,305,111,420" oya="1" hai0="19,73,88,99,121,12,116,28,78,132,89,24,134" hai1="127,63,106,11,128,17,131,65,87,48,44,23,102" hai2="10,93,103,69,42,122,53,37,45,133,112,43,115" hai3="7,129,75,126,118,33,66,135,72,101,59,70,27"/><U108/><E127/><V29/><F29/><W76/><G126/><T20/><D116/><U57/><E108/><V124/><F124/><W32/><G59/><T4/><D121/><U5/><E106/><V95/><F69/><W119/><G7/><T8/><D99/><U54/><E102/><V111/><F111/><W39/><G135/><N who="0" m="51755" /><D78/><U77/><E77/><V1/><F133/><W55/><G55/><T107/><D107/><U125/><E125/><V104/><F122/><W6/><G6/><T51/><D73/><U18/><E87/><V50/><F43/><W71/><G39/><T60/><D51/><U67/><E67/><V36/><F36/><W92/><G27/><N who="0" m="14751" /><D60/><U96/><E96/><V38/><F38/><W68/><G76/><T47/><D47/><U40/><E65/><V80/><F103/><W84/><G66/><T22/><AGARI ba="0,0" hai="4,8,12,22,24,28,88,89" m="14751,51755" machi="22" ten="30,2000,0" yaku="20,1,54,1" doraHai="82" who="0" fromWho="0" sc="164,20,305,-10,111,-5,420,-5" /><INIT seed="6,0,0,1,1,80" ten="184,295,106,415" oya="2" hai0="77,129,32,1,82,51,73,46,83,114,81,98,34" hai1="78,99,66,91,53,90,64,23,29,28,123,12,19" hai2="96,120,8,71,39,95,24,84,49,112,128,47,131" hai3="18,40,115,0,37,108,116,121,14,4,45,117,60"/><V124/><F71/><W5/><G108/><T31/><D1/><U17/><E78/><V107/><F39/><W33/><G33/><T109/><D109/><U125/><E125/><V76/><F120/><W89/><G121/><T36/><D36/><U44/><E123/><V119/><F119/><W106/><G106/><T102/><D129/><N who="2" m="49738" /><F124/><W69/><G115/><T93/><D114/><U2/><E2/><V130/><N who="2" m="49746" /><V101/><DORA hai="59" /><F112/><W9/><G89/><N who="1" m="33802" /><E99/><V48/><F107/><W62/><G5/><T10/><D10/><N who="1" m="6295" /><E53/><V26/><F8/><W94/><G94/><T111/><D111/><U86/><E44/><V56/><F56/><W65/><G62/><T104/><D104/><U38/><E38/><V15/><F15/><W133/><G133/><T67/><D67/><N who="1" m="25643" /><E86/><V100/><F100/><W70/><G70/><T127/><D127/><U6/><E6/><V22/><F47/><W20/><AGARI ba="0,0" hai="0,4,9,14,18,20,37,40,45,60,65,69,116,117" machi="20" ten="20,2700,0" yaku="0,1,7,1,52,1" doraHai="80,59" who="3" fromWho="3" sc="184,-7,295,-7,106,-13,415,27" /><INIT seed="7,0,0,5,0,135" ten="177,288,93,442" oya="3" hai0="119,3,72,110,124,12,53,77,101,33,132,117,88" hai1="51,21,97,40,130,100,6,122,116,106,44,113,47" hai2="23,48,87,4,126,65,60,43,82,8,90,52,121" hai3="107,66,115,46,39,5,17,24,70,134,111,26,129"/><W61/><G134/><T73/><D3/><U91/><E113/><V79/><F121/><W98/><G5/><T15/><D132/><U41/><E116/><V118/><F118/><W13/><G129/><T22/><D33/><U19/><E130/><V96/><F23/><W27/><G111/><T0/><D0/><U109/><E6/><V133/><F133/><W45/><G115/><T74/><D110/><U81/><E109/><V80/><F43/><W75/><G75/><T18/><D101/><U92/><E122/><V30/><F30/><W35/><G35/><T55/><D77/><U63/><E63/><V128/><F128/><W28/><G28/><T69/><D69/><U86/><E106/><V83/><F126/><W14/><G14/><T112/><D112/><U64/><E64/><V11/><F96/><W104/><G39/><T31/><D31/><U78/><E21/><V34/><F34/><W94/><G45/><T127/><D12/><U32/><E32/><V102/><F102/><W58/><G46/><T38/><D38/><U2/><E2/><V62/><F4/><W108/><G70/><T54/><D88/><U93/><E19/><V20/><F20/><W76/><G108/><T57/><D57/><U1/><E1/><V95/><F79/><W84/><G76/><T99/><D99/><U123/><E123/><V71/><REACH who="2" step="1"/><F62/><REACH who="2" ten="177,288,83,442" step="2"/><W36/><G61/><T120/><D120/><U103/><E93/><V42/><F42/><W67/><G94/><T29/><D29/><U7/><E7/><V56/><AGARI ba="0,1" hai="8,11,48,52,56,60,65,71,80,82,83,87,90,95" machi="56" ten="30,4000,0" yaku="1,1,0,1,54,1,53,0" doraHai="135" doraHaiUra="125" who="2" fromWho="2" sc="177,-10,288,-10,83,50,442,-20" owari="167,-23.0,278,8.0,133,-37.0,422,52.0" /></mjloggm>