<mjloggm ver="2.3"><GO type="169" lobby="0"/><UN n0="%E3%82%A6%E3%83%AB%E3%83%88%E3%83%A9%E7%AB%8B%E7%9B%B4" n1="%E6%96%B0%E4%B8%96%E7%95%8C%E3%81%AE%E7%B4%99" n2="%E3%82%8C%E3%81%A3%E3%81%A6%E3%82%8B" n3="%30%30%73%61%69" dan="16,16,16,16" rate="2090.86,2131.33,2063.95,2054.91" sx="M,M,M,M"/><TAIKYOKU oya="0"/><INIT seed="0,0,0,4,3,29" ten="250,250,250,250" oya="0" hai0="3,51,100,123,12,66,65,6,46,22,72,75,27" hai1="26,98,125,18,118,87,0,119,47,63,1,8,57" hai2="128,89,131,34,74,11,52,114,64,129,25,80,28" hai3="39,71,111,69,126,60,16,133,56,121,21,85,86"/><T113/><D123/><U42/><E125/><V92/><F114/><W20/><G39/><T77/><D113/><U9/><E87/><V120/><F120/><W110/><G121/><T117/><D117/><U41/><E98/><V36/><F64/><W135/><G126/><T68/><D3/><U17/><E57/><V33/><F36/><W48/><G48/><T83/><D72/><U122/><E122/><V44/><F11/><W59/><REACH who="3" step="1"/><G16/><REACH who="3" ten="250,250,250,240" step="2"/><T82/><D51/><U108/><E18/><V112/><F112/><W38/><G38/><T55/><D68/><U62/><E17/><V94/><F128/><W124/><G124/><T79/><D46/><U14/><E47/><V99/><F129/><W43/><G43/><T35/><D6/><U2/><E9/><V45/><F131/><W102/><G102/><T84/><D100/><U54/><E8/><V96/><F44/><W88/><G88/><T4/><D4/><U130/><E130/><V127/><F89/><W107/><G107/><T134/><D79/><U61/><E118/><V32/><F45/><W90/><G90/><T103/><D77/><U50/><E119/><V91/><F91/><W95/><G95/><T40/><D103/><U5/><E5/><V19/><F19/><W70/><G70/><T67/><D40/><U15/><E42/><V73/><F92/><W101/><G101/><T105/><D105/><U104/><E41/><V76/><F94/><W53/><G53/><T58/><D55/><U106/><E54/><V30/><F52/><W115/><G115/><T10/><D58/><U132/><E104/><RYUUKYOKU ba="0,1" sc="250,-10,250,-10,250,-10,240,30" hai3="20,21,56,59,60,69,71,85,86,110,111,133,135" /><INIT seed="1,1,1,3,3,126" ten="240,240,240,270" oya="1" hai0="55,79,12,125,123,37,71,87,129,118,30,110,17" hai1="23,81,108,68,113,45,29,32,52,69,107,61,102" hai2="53,83,25,105,41,106,90,2,88,85,112,65,40" hai3="27,33,22,26,15,133,96,50,89,57,73,66,99"/><U5/><E113/><V94/><F65/><W62/><G73/><T44/><D71/><U20/><E5/><V6/><F112/><W127/><G33/><T39/><D30/><U122/><E122/><V59/><F25/><W121/><G127/><T92/><D118/><U19/><E69/><V101/><F101/><W74/><G74/><T43/><D55/><U42/><E108/><V109/><F109/><W80/><G133/><T36/><D125/><U60/><E81/><V64/><F64/><W115/><G50/><T130/><D123/><U97/><E68/><V117/><F117/><W0/><G0/><T11/><D110/><U103/><E32/><V4/><F106/><W119/><G119/><T63/><D63/><U91/><E102/><V49/><F105/><W98/><G115/><T31/><D31/><U72/><E72/><V38/><F38/><W134/><G134/><T14/><D14/><N who="1" m="9335" /><E91/><V70/><F70/><W35/><G35/><T13/><D13/><U120/><E52/><V9/><F6/><W116/><G116/><T82/><D92/><N who="1" m="58791" /><E120/><V56/><F56/><W124/><G124/><T84/><D84/><AGARI ba="1,1" hai="2,4,9,40,41,49,53,59,83,84,85,88,90,94" machi="84" ten="30,2000,0" yaku="7,1,54,1" doraHai="126" who="2" fromWho="0" sc="240,-23,240,0,240,33,270,0" /><INIT seed="2,0,0,1,5,78" ten="217,240,273,270" oya="2" hai0="108,99,69,127,34,35,28,55,89,64,67,52,23" hai1="39,97,126,71,38,113,48,81,21,134,4,68,50" hai2="31,95,133,129,128,29,104,17,101,45,66,36,117" hai3="86,2,12,1,30,56,46,100,116,24,47,120,106"/><V119/><F66/><W114/><G106/><T87/><D35/><U8/><E113/><V121/><F36/><W54/><G100/><T61/><D34/><U63/><E126/><V60/><F60/><W19/><G1/><T7/><D127/><U131/><E134/><V79/><F45/><W57/><G2/><T41/><D108/><U125/><E125/><V32/><F17/><W22/><G120/><T132/><D132/><U3/><E131/><N who="2" m="50251" /><F31/><W58/><G116/><T107/><D7/><U91/><E68/><V76/><F133/><W51/><G114/><T102/><D67/><U11/><E11/><V10/><F10/><W98/><G98/><T14/><D41/><U62/><E71/><V40/><F40/><W27/><G47/><T70/><D70/><U16/><E62/><V75/><F121/><W88/><G30/><T84/><D84/><U111/><E63/><V42/><F42/><W74/><G74/><T73/><D73/><U15/><E111/><V25/><F104/><W44/><G46/><T122/><D122/><U20/><E20/><V82/><F79/><W109/><G109/><T110/><D110/><U105/><E39/><V96/><AGARI ba="0,0" hai="25,29,32,75,76,82,95,96,101,117,119" m="50251" machi="96" ten="30,3000,0" yaku="19,1,52,1" doraHai="78" who="2" fromWho="2" sc="217,-10,240,-10,273,30,270,-10" /><INIT seed="2,1,0,4,4,63" ten="207,230,303,260" oya="2" hai0="85,57,70,43,50,53,107,37,104,74,114,30,98" hai1="0,100,108,127,112,73,131,9,4,133,80,47,103" hai2="118,3,8,95,20,84,23,119,10,79,83,78,41" hai3="29,115,39,106,21,93,5,67,48,81,134,62,132"/><V59/><F41/><W24/><G39/><T92/><D74/><U16/><E112/><V99/><F78/><W117/><G106/><T7/><D114/><U40/><E108/><V66/><F118/><W13/><G117/><T72/><D72/><U105/><E127/><V18/><F3/><W52/><G81/><T97/><D97/><U102/><E133/><N who="3" m="51306" /><G93/><T121/><D85/><U28/><E28/><V65/><F119/><W31/><G31/><T87/><D87/><U42/><E42/><V129/><F129/><W111/><G111/><T64/><D30/><U122/><E122/><V88/><F59/><N who="3" m="33159" /><G115/><T58/><D107/><U76/><E131/><V125/><F125/><W19/><G5/><T101/><D7/><U54/><E16/><V109/><F109/><W38/><G38/><T124/><D104/><U33/><E33/><V135/><F135/><W35/><G62/><T60/><D124/><U36/><E105/><V17/><F18/><W61/><G61/><T130/><D130/><U75/><E75/><V34/><F34/><W123/><G123/><T120/><D58/><U6/><E4/><V86/><F17/><W113/><G113/><T11/><D11/><N who="2" m="4138" /><F99/><W14/><G14/><T44/><AGARI ba="1,0" hai="37,43,44,50,53,57,60,64,70,92,98,101,120,121" machi="44" ten="30,7900,0" yaku="0,1,24,2,52,1" doraHai="63" who="0" fromWho="0" sc="207,82,230,-21,303,-40,260,-21" /><INIT seed="3,0,0,0,0,45" ten="289,209,263,239" oya="3" hai0="94,127,90,64,8,88,33,26,69,134,86,58,113" hai1="11,82,20,78,123,131,2,52,67,59,120,51,73" hai2="100,44,132,12,133,108,106,22,17,126,5,103,110" hai3="38,75,49,47,0,124,10,96,85,87,34,125,53"/><W4/><G75/><T65/><D69/><U32/><E32/><V27/><F126/><N who="3" m="48747" /><G34/><T39/><D39/><U56/><E131/><V62/><F62/><W18/><G96/><T63/><D134/><N who="2" m="51818" /><F44/><N who="3" m="27815" /><G18/><T114/><D127/><U70/><E70/><V14/><F106/><W28/><G28/><T101/><D101/><N who="2" m="38986" /><F5/><W97/><G97/><T118/><D118/><U115/><E115/><V55/><F55/><W80/><G80/><T43/><D43/><AGARI ba="0,0" hai="0,4,10,38,43,47,85,87" m="27815,48747" machi="43" ten="30,2900,0" yaku="18,1,52,1" doraHai="45" who="3" fromWho="0" sc="289,-29,209,0,263,0,239,29" /><INIT seed="3,1,0,1,3,20" ten="260,209,263,268" oya="3" hai0="47,30,103,66,27,12,28,122,77,123,78,29,129" hai1="115,10,131,96,22,67,25,80,31,94,38,73,109" hai2="86,93,55,40,13,114,79,52,18,116,11,85,71" hai3="125,57,49,8,65,50,110,75,58,7,21,54,26"/><W16/><G75/><T105/><D129/><U130/><E115/><V9/><F116/><W53/><G125/><T34/><D66/><U121/><E121/><V19/><F71/><W41/><G110/><T135/><D47/><U74/><E38/><V118/><F118/><W17/><G65/><T101/><D12/><U112/><E112/><V120/><F120/><W82/><G82/><T32/><D30/><U45/><E109/><V132/><F40/><W15/><G41/><T4/><D4/><AGARI ba="1,0" hai="4,7,8,15,16,17,21,26,49,50,53,54,57,58" machi="4" ten="40,12000,1" yaku="9,1,8,1,52,1,54,1" doraHai="20" who="3" fromWho="0" sc="260,-123,209,0,263,0,268,123" /><INIT seed="3,2,0,4,3,123" ten="137,209,263,391" oya="3" hai0="129,127,17,134,66,64,63,50,41,37,31,88,29" hai1="12,98,52,40,76,70,132,9,7,125,8,84,80" hai2="21,69,47,100,95,14,44,124,121,71,61,60,11" hai3="15,74,115,79,81,16,97,72,65,114,126,128,57"/><W116/><G116/><T25/><D37/><U24/><E125/><V102/><F21/><W6/><G74/><T23/><D127/><U87/><E70/><V86/><F86/><W108/><G128/><T92/><D134/><U35/><E132/><V48/><F95/><W39/><G39/><T51/><D129/><U32/><E40/><V26/><F26/><W83/><G6/><T104/><D104/><U27/><E98/><V5/><F69/><W117/><G117/><T67/><D63/><U89/><E32/><V78/><F78/><W4/><G4/><T119/><D119/><U33/><E33/><V36/><F71/><W30/><G30/><T85/><REACH who="0" step="1"/><D41/><REACH who="0" ten="127,209,263,391" step="2"/><U42/><E42/><V106/><F124/><W91/><G126/><T93/><D93/><N who="1" m="54439" /><E35/><V2/><F106/><W13/><G83/><T53/><D53/><U28/><E28/><AGARI ba="2,1" hai="17,23,25,28,29,31,50,51,64,66,67,85,88,92" machi="28" ten="40,5200,0" yaku="1,1,8,1,54,1,53,0" doraHai="123" doraHaiUra="75" who="0" fromWho="1" sc="127,68,209,-58,263,0,391,0" /><INIT seed="4,0,0,4,5,73" ten="195,151,263,391" oya="0" hai0="111,114,5,116,121,14,85,76,108,95,10,12,20" hai1="117,24,96,34,3,44,19,128,67,60,82,77,104" hai2="125,58,118,38,84,18,25,132,86,115,26,126,127" hai3="75,65,87,106,4,46,22,33,98,23,64,2,122"/><T31/><D121/><U101/><E117/><V110/><F118/><W50/><G33/><T63/><D116/><U66/><E128/><V89/><F110/><N who="0" m="42026" /><D63/><U52/><E3/><V123/><F123/><W15/><G64/><T131/><D131/><U88/><E88/><V129/><F115/><W90/><G65/><T43/><D43/><U78/><E67/><V92/><F132/><W130/><G50/><T30/><D95/><U134/><E134/><V61/><F38/><W103/><G46/><T99/><D99/><U28/><E19/><V32/><F18/><W16/><G122/><T93/><D114/><U27/><E27/><N who="2" m="10251" /><F129/><W135/><G135/><T62/><D62/><U72/><E82/><V56/><F32/><W40/><G98/><T91/><D76/><U81/><E77/><V71/><F71/><W1/><G40/><T107/><D107/><U124/><E124/><V0/><F0/><W35/><G106/><T97/><D97/><U17/><E44/><V51/><F61/><W8/><G130/><T53/><D53/><U68/><E17/><AGARI ba="0,0" hai="5,10,12,14,17,20,30,31,85,91,93" m="42026" machi="17" ten="30,1500,0" yaku="10,1" doraHai="73" who="0" fromWho="1" sc="195,15,151,-15,263,0,391,0" /><INIT seed="4,1,0,0,3,100" ten="210,136,263,391" oya="0" hai0="34,6,63,121,27,43,54,82,5,14,101,94,81" hai1="134,122,120,1,38,107,113,109,22,114,135,25,91" hai2="73,2,88,45,90,33,84,131,111,119,57,98,13" hai3="16,133,15,44,118,127,123,49,51,53,106,61,83"/><T31/><D121/><N who="1" m="46699" /><E38/><V12/><F73/><W64/><G106/><T86/><D43/><U125/><E91/><V116/><F2/><W28/><G118/><T104/><D82/><U71/><E71/><V58/><F111/><W52/><G127/><T77/><D14/><N who="2" m="5738" /><F33/><W3/><G3/><T35/><D35/><U62/><E62/><V17/><F17/><W65/><G28/><T95/><D95/><U59/><E59/><V21/><F21/><W42/><G133/><N who="1" m="50698" /><E109/><V9/><F45/><W130/><G130/><T99/><D94/><U30/><E107/><V68/><F68/><W11/><G123/><T108/><D108/><U10/><E125/><V85/><F57/><N who="3" m="34991" /><G83/><T124/><D124/><U69/><E69/><V132/><F58/><AGARI ba="1,0" hai="11,15,16,42,44,49,51,52,58,64,65" m="34991" machi="58" ten="30,3900,0" yaku="8,1,54,2" doraHai="100" who="3" fromWho="2" sc="210,0,136,0,263,-42,391,42" /><INIT seed="5,0,0,3,4,123" ten="210,136,221,433" oya="1" hai0="65,80,47,53,135,81,41,55,115,66,21,76,104" hai1="11,106,75,23,48,125,70,52,116,38,134,107,71" hai2="94,39,90,57,19,78,86,6,122,14,1,40,50" hai3="59,27,7,102,133,25,120,96,34,98,4,88,42"/><U46/><E116/><V99/><F122/><W60/><G42/><T3/><D104/><U101/><E75/><V26/><F1/><W51/><G51/><T43/><D3/><U95/><E125/><V119/><F119/><W69/><G69/><T12/><D115/><U44/><E134/><V30/><F6/><W89/><G102/><T16/><D135/><U54/><E11/><V131/><F131/><W77/><G77/><T64/><D80/><U108/><E95/><V58/><F39/><W24/><G34/><T33/><D33/><U8/><E8/><N who="2" m="6599" /><F78/><W83/><G7/><T109/><D109/><U118/><E118/><V28/><F86/><W126/><G4/><T32/><D32/><U92/><E92/><V110/><F110/><W68/><G68/><T37/><REACH who="0" step="1"/><D43/><REACH who="0" ten="200,136,221,433" step="2"/><N who="1" m="22647" /><E106/><V117/><F117/><W132/><G133/><T5/><D5/><U18/><E107/><V130/><F130/><W112/><G132/><T74/><AGARI ba="0,1" hai="12,16,21,37,41,47,53,55,64,65,66,74,76,81" machi="74" ten="30,8000,1" yaku="1,1,0,1,54,1,53,2" doraHai="123" doraHaiUra="49" who="0" fromWho="0" sc="200,90,136,-40,221,-20,433,-20" /><INIT seed="6,0,0,5,5,118" ten="290,96,201,413" oya="2" hai0="11,57,115,109,17,46,48,80,120,26,34,19,6" hai1="36,103,61,50,72,49,79,56,62,87,85,101,117" hai2="112,9,39,59,105,63,82,111,73,55,60,16,89" hai3="12,76,130,42,88,44,45,14,81,107,102,58,29"/><V91/><F105/><W33/><G33/><T32/><D57/><U38/><E72/><V133/><F39/><W21/><G107/><T106/><D106/><U66/><E117/><V104/><F104/><W5/><G102/><T121/><D80/><U27/><E79/><V52/><F112/><W125/><G125/><T86/><D86/><U2/><E2/><V4/><F133/><W116/><G58/><T47/><D48/><U98/><E27/><V8/><F111/><W67/><G67/><T40/><D40/><U97/><REACH who="1" step="1"/><E56/><REACH who="1" ten="290,86,201,413" step="2"/><N who="2" m="34823" /><F73/><W28/><G76/><T78/><D78/><U0/><E0/><V119/><F119/><W131/><G116/><T108/><D26/><U71/><E71/><V84/><F4/><W114/><G5/><T51/><D6/><U113/><E113/><V110/><F110/><W77/><G114/><T126/><D115/><U135/><E135/><V64/><F91/><W83/><G88/><T25/><D25/><U128/><E128/><V132/><F132/><W75/><G77/><T31/><D109/><U3/><E3/><V53/><F8/><W20/><G75/><T30/><D11/><U41/><E41/><AGARI ba="0,1" hai="12,14,20,21,28,29,41,42,44,45,81,83,130,131" machi="41" ten="25,1600,0" yaku="22,2" doraHai="118" who="3" fromWho="1" sc="290,0,86,-16,201,0,413,26" /><INIT seed="7,0,0,2,1,58" ten="290,70,201,439" oya="3" hai0="97,33,72,17,84,26,68,61,27,118,39,28,70" hai1="8,30,77,128,46,80,88,115,44,41,99,96,94" hai2="43,106,78,117,86,107,47,103,40,12,22,66,21" hai3="18,55,45,6,108,122,102,73,63,53,79,71,129"/><W120/><G102/><T19/><D72/><U36/><E115/><V123/><F66/><W62/><G6/><T13/><D39/><U14/><E128/><V119/><F78/><W135/><G79/><T130/><D130/><U20/><E96/><V9/><F86/><W90/><G73/><T87/><D118/><U32/><E32/><V109/><F9/><W35/><G35/><T114/><D114/><U125/><E125/><V37/><F109/><W91/><G135/><T38/><D38/><U121/><E121/><V60/><F60/><W133/><G133/><T111/><D111/><U104/><E104/><V67/><F67/><W95/><G95/><T42/><D42/><U134/><E134/><V5/><F12/><W93/><G93/><T15/><D97/><U85/><E36/><V0/><F47/><W75/><G45/><T29/><D33/><U126/><E126/><V10/><F37/><W24/><G75/><T100/><D100/><U92/><E92/><V69/><F106/><W2/><G108/><T131/><D131/><U105/><E105/><V64/><F107/><W76/><G129/><T4/><D4/><U101/><E101/><V112/><F103/><W34/><G34/><T11/><D11/><U48/><E44/><V51/><F112/><W49/><G120/><T50/><D50/><U23/><REACH who="1" step="1"/><E30/><REACH who="1" ten="290,60,201,439" step="2"/><V81/><F123/><W83/><G122/><T110/><D110/><U74/><E74/><V59/><F117/><W57/><G83/><T116/><D116/><U98/><E98/><V7/><F81/><W1/><G1/><T16/><D29/><RYUUKYOKU ba="0,1" sc="290,-10,60,30,201,-10,439,-10" hai1="8,14,20,23,41,46,48,77,80,85,88,94,99" owari="280,8.0,90,-41.0,191,-21.0,439,54.0" /></mjloggm>