<mjloggm ver="2.3"><GO type="97" lobby="0"/><UN n0="%E3%82%AA%E3%82%AF%E3%83%A9%E3%82%B2%E3%83%AD%E6%98%9F%E4%BA%BA" n1="%E9%9B%80%E8%8D%98%E3%81%8B%E3%81%82" n2="%E3%83%AD%E3%83%B3%2A%EF%BF%A3%E3%80%82%EF%BF%A3%29%E3%83%8E" n3="%E5%B0%B1%E6%B4%BB%E7%94%9F%40%E5%B7%9D%E6%9D%91%E8%BB%8D%E5%9B%A3" dan="14,13,13,15" rate="1946.88,1848.65,1832.92,1999.31" sx="M,M,M,M"/><TAIKYOKU oya="0"/><INIT seed="0,0,0,1,4,9" ten="250,250,250,250" oya="0" hai0="57,132,40,79,116,81,111,59,39,95,72,62,85" hai1="65,63,42,70,117,113,32,126,5,108,134,26,8" hai2="122,48,71,104,47,16,115,103,92,37,53,129,100" hai3="93,109,21,0,76,1,130,80,91,30,128,123,101"/><T106/><D106/><U24/><E117/><V12/><F115/><W34/><G123/><T107/><D107/><U89/><E113/><V3/><F3/><W55/><G34/><T11/><D116/><U98/><E108/><V2/><F2/><W31/><G109/><T82/><D132/><U28/><E134/><V127/><F104/><W25/><G101/><T20/><D111/><U90/><E26/><V96/><F71/><W87/><G31/><T23/><D39/><U58/><E42/><V49/><F122/><W77/><G77/><T60/><D40/><U124/><E98/><V46/><F37/><W33/><G33/><T83/><D95/><U131/><E131/><N who="3" m="50218" /><G55/><N who="0" m="33855" /><D11/><U66/><E66/><V15/><F15/><W19/><G19/><T114/><D114/><U29/><E29/><V27/><F27/><W125/><G125/><N who="1" m="48234" /><E70/><V121/><F121/><W7/><G7/><T44/><D44/><U88/><E89/><N who="2" m="55311" /><F129/><W78/><G78/><T112/><D112/><U133/><E133/><V120/><F120/><W35/><G35/><T38/><D38/><U14/><AGARI ba="0,0" hai="5,8,14,24,28,32,58,63,65,88,90" m="48234" machi="14" ten="30,4000,0" yaku="18,1,52,1,54,1" doraHai="9" who="1" fromWho="1" sc="250,-20,250,40,250,-10,250,-10" /><INIT seed="1,0,0,5,0,82" ten="230,290,240,240" oya="1" hai0="39,76,51,77,47,12,60,57,36,41,59,0,24" hai1="38,16,87,15,40,18,48,32,135,93,45,4,104" hai2="126,78,111,90,44,31,65,109,110,107,25,75,34" hai3="113,112,64,116,3,105,128,50,5,10,53,123,7"/><U58/><E104/><V81/><F90/><W26/><G105/><T127/><D0/><U120/><E32/><V131/><F131/><W1/><G123/><T54/><D127/><U114/><E114/><V129/><F129/><W20/><G116/><T67/><D36/><U37/><E120/><V83/><F65/><W68/><G128/><T72/><D72/><U106/><E106/><V108/><F44/><W69/><G7/><T86/><D24/><U62/><E4/><V89/><F126/><W27/><G3/><T98/><D98/><U133/><E87/><N who="2" m="50415" /><F111/><W14/><G27/><T8/><REACH who="0" step="1"/><D86/><REACH who="0" ten="220,290,240,240" step="2"/><U122/><E122/><V100/><F107/><W13/><G112/><T80/><D80/><U35/><E38/><V28/><F28/><W30/><G113/><T74/><D74/><U88/><E37/><V96/><F100/><W70/><REACH who="3" step="1"/><G64/><REACH who="3" ten="220,290,240,230" step="2"/><T91/><D91/><U2/><E2/><V79/><F110/><W134/><G134/><N who="1" m="51210" /><E15/><V33/><F109/><W97/><G97/><T71/><D71/><U55/><E55/><V84/><F108/><W118/><G118/><T61/><D61/><U85/><E35/><V102/><F96/><W121/><G121/><T21/><D21/><U115/><E115/><V95/><F34/><W125/><G125/><T130/><D130/><U29/><E40/><V43/><F33/><W52/><G52/><T42/><D42/><U46/><E85/><N who="2" m="48375" /><F43/><W119/><G119/><T9/><D9/><U56/><E62/><V124/><F124/><W19/><G19/><AGARI ba="0,2" hai="8,12,19,39,41,47,51,54,57,59,60,67,76,77" machi="19" ten="30,2000,0" yaku="1,1,7,1,53,0" doraHai="82" doraHaiUra="94" who="0" fromWho="3" sc="220,40,290,0,240,0,230,-20" /><INIT seed="2,0,0,1,5,23" ten="260,290,240,210" oya="2" hai0="29,112,39,118,90,98,67,127,123,74,20,114,17" hai1="82,111,56,63,115,5,129,91,4,113,121,130,133" hai2="7,109,10,119,128,28,61,110,93,45,87,51,103" hai3="120,9,75,32,131,26,13,134,3,66,124,97,71"/><V22/><F119/><W52/><G120/><T65/><D118/><U24/><E121/><V55/><F61/><W78/><G124/><T125/><D39/><U102/><E102/><V34/><F34/><W88/><G131/><N who="1" m="50186" /><E111/><N who="2" m="42507" /><F128/><W6/><G134/><T15/><D123/><U1/><E1/><N who="2" m="367" /><F103/><W94/><G3/><T77/><D77/><U85/><E133/><V79/><F93/><W106/><G106/><T105/><D74/><U132/><E132/><V70/><F70/><W68/><G66/><T11/><D105/><U14/><E14/><V76/><F87/><W41/><G41/><T126/><D98/><U50/><E50/><V31/><F22/><W40/><G40/><T19/><D29/><AGARI ba="0,0" hai="28,29,31,45,51,55,76,79" m="367,42507" machi="29" ten="30,2900,0" yaku="14,1,10,1" doraHai="23" who="2" fromWho="0" sc="260,-29,290,0,240,29,210,0" /><INIT seed="2,1,0,2,4,45" ten="231,290,269,210" oya="2" hai0="97,22,95,65,117,25,66,89,74,80,64,106,8" hai1="24,5,113,61,0,23,27,79,57,126,128,44,21" hai2="116,90,52,78,67,121,107,41,82,26,40,49,119" hai3="54,15,94,62,123,10,58,55,132,48,100,134,29"/><V93/><F121/><W11/><G123/><T91/><D117/><U39/><E113/><V42/><F107/><W81/><G29/><T75/><D106/><U46/><E128/><V17/><F119/><W99/><G81/><T2/><D8/><U12/><E0/><V103/><F103/><W85/><G85/><T102/><D2/><U96/><E61/><V14/><F26/><W6/><REACH who="3" step="1"/><G11/><REACH who="3" ten="231,290,269,200" step="2"/><T13/><D80/><U73/><E73/><V53/><F116/><W131/><G131/><T7/><D75/><U77/><E126/><V19/><F82/><W56/><AGARI ba="1,1" hai="6,10,15,48,54,55,56,58,62,94,99,100,132,134" machi="56" ten="30,4000,0" yaku="1,1,0,1,52,1,53,0" doraHai="45" doraHaiUra="120" who="3" fromWho="3" sc="231,-11,290,-11,269,-21,200,53" /><INIT seed="3,0,0,5,3,60" ten="220,279,248,253" oya="3" hai0="77,64,79,115,91,101,110,20,5,119,87,135,48" hai1="121,71,97,73,59,51,111,34,28,56,117,22,83" hai2="26,4,89,130,30,127,128,80,50,35,76,126,7" hai3="55,131,25,54,116,40,61,102,133,19,57,78,8"/><W17/><G116/><T132/><D119/><U129/><E111/><V11/><F89/><W105/><G131/><N who="2" m="50217" /><F50/><W10/><G133/><N who="0" m="51275" /><D101/><U29/><E117/><V86/><F11/><N who="3" m="4139" /><G105/><T107/><D5/><AGARI ba="0,0" hai="4,5,7,26,30,35,76,80,86,126,127" m="50217" machi="5" ten="30,1000,0" yaku="19,1" doraHai="60" who="2" fromWho="0" sc="220,-10,279,0,248,10,253,0" /><INIT seed="4,0,0,5,4,119" ten="210,279,258,253" oya="0" hai0="126,0,9,72,5,53,57,97,125,60,109,104,101" hai1="18,45,34,117,79,12,55,92,15,112,66,116,16" hai2="121,29,120,70,52,76,87,93,96,21,22,65,37" hai3="110,129,31,100,56,85,17,78,99,123,51,82,40"/><T19/><D72/><U83/><E34/><V41/><F65/><W63/><G110/><T89/><D109/><U35/><E35/><V80/><F70/><W61/><G129/><T13/><REACH who="0" step="1"/><D89/><REACH who="0" ten="200,279,258,253" step="2"/><U115/><E117/><V68/><F68/><W118/><G118/><T32/><D32/><U130/><E116/><V39/><F29/><W7/><G123/><T134/><D134/><U10/><E130/><V27/><F121/><W102/><G102/><T111/><D111/><U107/><E107/><V69/><F69/><W11/><G31/><T135/><D135/><U8/><E92/><V91/><F120/><W131/><G17/><T36/><D36/><U14/><E14/><V133/><F133/><W48/><G131/><T84/><D84/><U38/><E38/><V75/><F75/><W25/><G25/><T132/><D132/><U54/><E16/><V46/><F39/><W1/><G40/><T2/><D2/><U67/><E18/><V124/><F27/><W4/><G4/><T64/><D64/><U113/><E15/><V81/><F124/><W49/><REACH who="3" step="1"/><G56/><REACH who="3" ten="200,279,258,243" step="2"/><T59/><D59/><U6/><E45/><V62/><F46/><W106/><AGARI ba="0,2" hai="1,7,11,48,49,51,61,63,78,82,85,99,100,106" machi="106" ten="30,4000,0" yaku="1,1,2,1,0,1,53,0" doraHai="119" doraHaiUra="50" who="3" fromWho="3" sc="200,-20,279,-10,258,-10,243,60" owari="180,-32.0,269,7.0,248,-15.0,303,40.0" /></mjloggm>