<mjloggm ver="2.3"><GO type="97" lobby="0"/><UN n0="%E3%82%8C%E3%81%8A%E3%81%97%E3%82%87%E3%81%86" n1="%E3%82%A6%E3%83%AB%E3%83%88%E3%83%A9%E7%AB%8B%E7%9B%B4" n2="%6D%66%64" n3="%E3%82%B1%E3%83%B3%E3%82%B7%E3%83%AD%E3%82%A5%E8%A1%9B%E9%96%80" dan="14,14,14,13" rate="1960.65,1959.40,1909.31,1854.58" sx="M,M,M,M"/><TAIKYOKU oya="0"/><INIT seed="0,0,0,0,1,91" ten="250,250,250,250" oya="0" hai0="85,133,43,42,124,80,53,35,29,20,8,108,70" hai1="67,114,96,95,113,58,74,36,12,104,19,32,119" hai2="73,22,60,126,28,50,10,110,82,115,40,57,64" hai3="52,117,45,59,92,116,21,51,6,17,7,105,98"/><T62/><D124/><U1/><E1/><V97/><F110/><W24/><G105/><T71/><D133/><U31/><E74/><V78/><F126/><W111/><G111/><T55/><D108/><U109/><E36/><V26/><F10/><W41/><G117/><T93/><D35/><U37/><E37/><V5/><F5/><W84/><G84/><T54/><D8/><U130/><E104/><V118/><F115/><N who="1" m="44041" /><E119/><V128/><F128/><W0/><G0/><T75/><D75/><U9/><E130/><V76/><F76/><W11/><G11/><T65/><D70/><U122/><E122/><V49/><F40/><W83/><G83/><T94/><D29/><U77/><E77/><V123/><F123/><W102/><G116/><T18/><D43/><U129/><E129/><V23/><F23/><W3/><REACH who="3" step="1"/><G3/><REACH who="3" ten="250,250,250,240" step="2"/><T127/><D127/><U81/><E81/><V121/><F118/><W88/><G88/><T120/><D120/><U89/><E109/><V33/><F121/><W131/><G131/><T61/><D42/><U63/><E89/><V90/><F90/><W99/><G99/><T34/><D34/><U46/><E96/><V44/><F97/><W112/><G112/><T101/><D101/><U27/><E95/><N who="0" m="36361" /><D65/><U4/><E32/><V79/><F33/><W56/><G56/><T103/><D71/><U47/><E4/><V106/><F64/><W72/><G72/><T39/><D103/><U100/><E100/><V14/><F106/><W107/><G107/><T48/><D85/><U25/><E31/><V16/><F28/><W2/><G2/><RYUUKYOKU ba="0,1" sc="250,-15,250,15,250,-15,240,15" hai1="9,12,19,25,27,46,47,58,63,67" hai3="6,7,17,21,24,41,45,51,52,59,92,98,102" /><INIT seed="1,1,1,5,1,8" ten="235,265,235,255" oya="1" hai0="130,61,55,5,133,0,124,84,54,125,91,119,30" hai1="135,108,89,131,10,62,11,80,44,7,118,4,87" hai2="74,21,71,120,69,47,13,27,28,6,9,104,52" hai3="18,3,16,40,32,35,103,114,17,48,100,34,12"/><U23/><E118/><V53/><F104/><W83/><G114/><T106/><D119/><U29/><E131/><V85/><F74/><W79/><G3/><T98/><D130/><U102/><E135/><V115/><F120/><W112/><G112/><T132/><D30/><U22/><E108/><V90/><F115/><W111/><G111/><T66/><D5/><U117/><E117/><V43/><F69/><W77/><G48/><T24/><D0/><U25/><E102/><V113/><F71/><W94/><G40/><T134/><D24/><U56/><E44/><V121/><F113/><W101/><G94/><N who="0" m="54631" /><D98/><U39/><E39/><V127/><F127/><N who="0" m="48714" /><D106/><U38/><E38/><V92/><REACH who="2" step="1"/><F121/><REACH who="2" ten="235,265,225,255" step="2"/><W109/><G109/><T65/><D65/><U19/><E7/><V97/><F97/><W68/><G68/><AGARI ba="1,2" hai="54,55,61,66,68,132,133,134" m="48714,54631" machi="68" ten="40,2600,0" yaku="20,1,18,1" doraHai="8" who="0" fromWho="3" sc="235,49,265,0,225,0,255,-29" /><INIT seed="2,0,0,5,0,90" ten="284,265,225,226" oya="2" hai0="62,129,59,75,64,27,74,104,98,79,3,16,108" hai1="87,105,68,126,67,71,96,17,12,8,21,116,94" hai2="11,128,70,115,100,78,112,10,50,65,33,84,36" hai3="85,61,13,49,28,32,6,22,63,118,25,66,45"/><V35/><F36/><W14/><G118/><T69/><D3/><U48/><E116/><V43/><F100/><W83/><G32/><T132/><D132/><U34/><E34/><V123/><F123/><W41/><G63/><T110/><D129/><U117/><E117/><V60/><F128/><W46/><G45/><T125/><D125/><U97/><E126/><V53/><F43/><W103/><G103/><T122/><D122/><U109/><E71/><V56/><F33/><W40/><G41/><T4/><D4/><U107/><E67/><V111/><F111/><N who="0" m="42538" /><D69/><U127/><E68/><V30/><F30/><W133/><G6/><T73/><D79/><U86/><E107/><V121/><F35/><W54/><G40/><T15/><D27/><U18/><E105/><V38/><F121/><W23/><G23/><N who="0" m="11679" /><D74/><U76/><E127/><V26/><F38/><W29/><G29/><T102/><AGARI ba="0,0" hai="59,62,64,73,75,98,102,104" m="11679,42538" machi="102" ten="30,2000,0" yaku="14,1,54,1" doraHai="90" who="0" fromWho="0" sc="284,20,265,-5,225,-10,226,-5" /><INIT seed="3,0,0,2,5,66" ten="304,260,215,221" oya="3" hai0="43,119,91,10,69,83,87,30,78,3,2,59,19" hai1="135,121,27,67,57,113,6,7,82,108,22,133,112" hai2="46,18,52,5,9,124,64,96,24,13,103,65,48" hai3="61,84,122,77,74,51,95,106,127,17,99,25,50"/><W81/><G122/><T79/><D119/><U85/><E57/><V20/><REACH who="2" step="1"/><F124/><REACH who="2" ten="304,260,205,221" step="2"/><W34/><G127/><T60/><D43/><U71/><E121/><V93/><AGARI ba="0,1" hai="5,9,13,18,20,24,46,48,52,64,65,93,96,103" machi="93" ten="20,16000,3" yaku="21,2,2,1,0,1,7,1,8,1,54,1,53,1" doraHai="66" doraHaiUra="11" who="2" fromWho="2" sc="304,-40,260,-40,205,170,221,-80" owari="264,6.0,220,-18.0,375,48.0,141,-36.0" /></mjloggm>