<mjloggm ver="2.3"><GO type="169" lobby="0"/><UN n0="%E3%82%A6%E3%83%AB%E3%83%88%E3%83%A9%E7%AB%8B%E7%9B%B4" n1="%EF%BD%9E%E9%9A%BC%EF%BD%9E" n2="%2A%E3%81%B6%E3%81%A3%E3%81%A1%2A" n3="%E3%83%95%E3%83%AA%E3%83%86%E3%83%B3" dan="17,16,16,17" rate="2177.44,2070.42,2110.52,2187.56" sx="M,M,M,M"/><TAIKYOKU oya="0"/><INIT seed="0,0,0,1,3,72" ten="250,250,250,250" oya="0" hai0="32,88,74,102,22,57,24,56,110,4,38,29,122" hai1="96,11,105,63,36,52,67,20,17,127,106,58,108" hai2="92,26,99,89,91,55,112,30,77,120,50,86,82" hai3="65,19,53,3,133,40,23,101,15,6,31,33,128"/><T12/><D38/><U16/><E36/><V83/><F112/><W81/><G133/><T80/><D122/><U79/><E127/><V14/><F14/><W121/><G121/><T90/><D110/><U37/><E37/><V44/><F120/><W64/><G40/><T125/><D125/><U54/><E108/><V93/><REACH who="2" step="1"/><F77/><REACH who="2" ten="250,250,240,250" step="2"/><W126/><G126/><T78/><D102/><U109/><E79/><V51/><F51/><W7/><G15/><T68/><D68/><U34/><E109/><V115/><F115/><W60/><G101/><T28/><D4/><U84/><E105/><V13/><F13/><W119/><G7/><T45/><D12/><U70/><E11/><V5/><F5/><W123/><G6/><T69/><D69/><U130/><E70/><V129/><F129/><W114/><G128/><T118/><D118/><U18/><E130/><V104/><F104/><W10/><G114/><T66/><D78/><U2/><E2/><V21/><AGARI ba="0,1" hai="21,26,30,44,50,55,82,83,86,89,91,92,93,99" machi="21" ten="20,5200,0" yaku="1,1,0,1,7,1,8,1,53,0" doraHai="72" doraHaiUra="97" who="2" fromWho="2" sc="250,-26,250,-13,240,62,250,-13" /><INIT seed="1,0,0,3,1,84" ten="224,237,302,237" oya="1" hai0="1,46,20,63,49,62,60,119,65,12,13,14,50" hai1="91,87,112,114,15,96,106,3,34,120,55,16,73" hai2="36,69,59,129,38,22,61,41,25,108,32,107,75" hai3="78,7,99,130,33,116,72,64,35,39,134,40,29"/><U115/><E73/><V92/><F107/><W11/><G64/><T77/><D1/><U71/><E120/><V31/><F69/><W135/><G130/><T98/><D119/><U126/><E3/><V105/><F105/><W131/><G131/><T28/><D77/><U23/><E126/><V79/><F129/><W104/><G116/><T67/><D98/><U102/><E71/><V74/><F108/><W2/><G29/><T128/><D128/><U117/><E117/><V76/><F32/><W45/><G99/><T5/><D5/><U18/><E34/><N who="3" m="12810" /><G104/><T101/><D101/><U9/><E55/><V110/><F110/><W90/><G90/><T54/><REACH who="0" step="1"/><D50/><REACH who="0" ten="214,237,302,237" step="2"/><U125/><E125/><V0/><F0/><W43/><G78/><T127/><D127/><U57/><E57/><V51/><F76/><W27/><G72/><T95/><D95/><U48/><E48/><V111/><F79/><W113/><G2/><T17/><D17/><U83/><REACH who="1" step="1"/><E115/><REACH who="1" ten="214,227,302,237" step="2"/><V37/><F51/><W124/><G113/><T118/><D118/><U86/><E86/><V121/><F74/><W88/><G124/><T47/><D47/><U82/><E82/><V8/><F75/><W109/><G45/><T24/><AGARI ba="0,2" hai="12,13,14,20,24,28,46,49,54,60,62,63,65,67" machi="24" ten="40,5200,0" yaku="1,1,0,1,8,1,53,0" doraHai="84" doraHaiUra="80" who="0" fromWho="0" sc="214,72,227,-26,302,-13,237,-13" /><INIT seed="2,0,0,5,0,16" ten="286,201,289,224" oya="2" hai0="34,20,46,43,70,104,86,92,6,93,2,67,38" hai1="98,15,22,117,57,13,61,60,42,110,99,62,72" hai2="49,134,63,94,96,8,41,129,74,17,69,3,116" hai3="128,26,123,48,87,66,84,135,109,56,52,18,45"/><V28/><F116/><W19/><G123/><T5/><D34/><U115/><E72/><V64/><F74/><W9/><G109/><T0/><D104/><U75/><E75/><V133/><F129/><W126/><G135/><N who="2" m="51721" /><F28/><W78/><G126/><T102/><D67/><U95/><E115/><V33/><F33/><W68/><G68/><T51/><D70/><U112/><E112/><V32/><F32/><W14/><G128/><T47/><D102/><U7/><E110/><V58/><F3/><W124/><G124/><T73/><D86/><N who="3" m="32809" /><G78/><T53/><D73/><U27/><E42/><V90/><F8/><W106/><G106/><T111/><D111/><U1/><E1/><V132/><F132/><W97/><G97/><T31/><D2/><U36/><E36/><V113/><F113/><W103/><G103/><T89/><D0/><U39/><E39/><V100/><F17/><W121/><G121/><T91/><D5/><U79/><E79/><V120/><F120/><W65/><G45/><T30/><D6/><U81/><E99/><V127/><F127/><W71/><G71/><T108/><D108/><U125/><E81/><V119/><F119/><W55/><G19/><T77/><D77/><U80/><E80/><V40/><F100/><W10/><G10/><T50/><D38/><U88/><E125/><V59/><F69/><W23/><G9/><T29/><D29/><N who="1" m="17655" /><E117/><V35/><F35/><W21/><G55/><AGARI ba="0,0" hai="40,41,49,55,58,59,63,64,90,94,96" m="51721" machi="55" ten="30,1500,0" yaku="20,1" doraHai="16" who="2" fromWho="3" sc="286,0,201,0,289,15,224,-15" /><INIT seed="2,1,0,3,0,72" ten="286,201,304,209" oya="2" hai0="133,124,76,116,12,84,20,16,115,90,53,122,105" hai1="83,2,88,102,0,22,126,92,45,68,80,7,26" hai2="55,4,41,109,103,8,31,96,34,13,82,28,9" hai3="86,42,40,107,95,23,106,54,50,119,118,85,19"/><V61/><F109/><W77/><G106/><T46/><D105/><U30/><E68/><V98/><F41/><W35/><G107/><T104/><D104/><U17/><E126/><V25/><F31/><W66/><G35/><T94/><D122/><U58/><E102/><V18/><F103/><W100/><G66/><T38/><D115/><U123/><E123/><V114/><F114/><W78/><G119/><T131/><D124/><U24/><E0/><V3/><REACH who="2" step="1"/><F82/><REACH who="2" ten="286,201,294,209" step="2"/><W120/><G100/><T70/><D116/><U110/><E110/><V47/><F47/><N who="3" m="27999" /><G118/><T27/><D38/><U10/><E45/><V99/><F99/><W69/><G120/><T49/><D131/><U33/><REACH who="1" step="1"/><E58/><AGARI ba="1,1" hai="3,4,8,9,13,18,25,28,34,55,58,61,96,98" machi="58" ten="40,2000,0" yaku="1,1,53,0" doraHai="72" doraHaiUra="121" who="2" fromWho="1" sc="286,0,201,-23,294,33,209,0" /><INIT seed="2,2,0,1,4,33" ten="286,178,327,209" oya="2" hai0="35,89,50,59,70,26,75,95,57,36,124,39,120" hai1="58,40,125,45,4,44,56,73,38,105,99,132,20" hai2="43,121,13,83,1,103,52,14,49,129,130,104,42" hai3="108,128,8,126,55,94,48,51,60,10,72,9,112"/><V34/><F121/><W54/><G72/><T93/><D75/><U109/><E73/><V5/><F34/><W74/><G74/><T37/><D120/><U78/><E125/><V92/><F104/><W82/><G126/><T28/><D124/><U22/><E78/><V63/><F63/><W3/><G82/><T6/><D70/><U115/><E115/><V119/><F83/><W19/><G112/><T118/><D118/><U113/><E113/><V96/><F119/><W117/><G3/><T134/><D134/><U122/><E122/><V90/><F103/><W21/><G108/><T41/><D6/><U31/><E109/><V85/><F96/><W67/><G128/><N who="2" m="49257" /><F1/><W66/><G94/><T61/><D89/><U91/><E132/><V16/><F5/><W79/><G79/><T32/><D32/><U29/><E4/><V47/><F14/><N who="3" m="9463" /><G60/><T100/><D100/><U18/><E105/><V107/><F107/><W2/><G2/><T133/><D133/><U81/><E99/><V69/><F69/><W123/><G117/><T88/><D95/><U131/><E131/><V77/><F77/><W116/><G123/><T106/><D106/><U114/><E114/><V135/><F135/><W76/><G76/><T102/><D102/><U15/><E81/><V87/><F87/><W80/><G80/><T127/><D127/><U97/><E97/><V46/><F46/><N who="3" m="27927" /><G116/><T11/><D61/><U12/><E91/><V24/><F24/><W68/><G68/><T25/><D25/><U86/><E86/><V62/><F62/><W30/><G30/><T23/><D26/><RYUUKYOKU ba="2,0" sc="286,-15,178,-15,327,15,209,15" hai2="13,16,42,43,47,49,52,85,90,92" hai3="8,9,10,51,55,66,67" /><INIT seed="2,3,0,1,5,1" ten="271,163,342,224" oya="2" hai0="71,94,57,96,2,18,17,11,100,125,126,82,131" hai1="23,20,29,68,36,84,118,21,83,104,54,12,97" hai2="105,135,19,91,119,99,80,87,15,49,95,14,128" hai3="76,124,64,86,107,79,61,47,13,16,31,134,73"/><V4/><F119/><W120/><G73/><T58/><D71/><U10/><E118/><V121/><F121/><W44/><G107/><T106/><D106/><U101/><E68/><V115/><F115/><W53/><G120/><T41/><D131/><U102/><E36/><V130/><F105/><W3/><G3/><T48/><D82/><U110/><E110/><V88/><F135/><W6/><G31/><T70/><D70/><U133/><E101/><V113/><F113/><W30/><G30/><T114/><D114/><U35/><E133/><V0/><F0/><W39/><G124/><N who="0" m="47723" /><D41/><U28/><E54/><V75/><F75/><W62/><G64/><T66/><D66/><U111/><E111/><V37/><F37/><W40/><G76/><T25/><D25/><U9/><E9/><V98/><F98/><W92/><G79/><T7/><D48/><U108/><E35/><V72/><F72/><W43/><G43/><T63/><D63/><N who="3" m="24073" /><G40/><T122/><D122/><U123/><E123/><V85/><F99/><W26/><G53/><T8/><D8/><U34/><E34/><V50/><F128/><W27/><G27/><T81/><D81/><U52/><E52/><V24/><F24/><W109/><G39/><T103/><D103/><U132/><E132/><V45/><F130/><W117/><G109/><T51/><D51/><U38/><E38/><V93/><F80/><W74/><G134/><T32/><D32/><U60/><E108/><V112/><F112/><W89/><G74/><T5/><D5/><N who="1" m="3151" /><E60/><V65/><F65/><W77/><G117/><T78/><D78/><AGARI ba="3,0" hai="20,21,23,28,29,78,83,84,97,102,104" m="3151" machi="78" ten="30,2000,0" yaku="6,1,52,1" doraHai="1" who="1" fromWho="0" sc="271,-29,163,29,342,0,224,0" /><INIT seed="3,0,0,2,4,116" ten="242,192,342,224" oya="3" hai0="27,100,126,115,87,102,70,83,13,80,77,25,39" hai1="20,119,106,122,99,30,90,72,42,76,41,7,59" hai2="49,128,109,86,21,26,12,75,14,85,69,28,48" hai3="37,52,89,120,4,81,134,10,71,18,2,107,101"/><W98/><G71/><T1/><D39/><U131/><E119/><V35/><F75/><W117/><G117/><T135/><D1/><U111/><E111/><V105/><F105/><W63/><G37/><T133/><D70/><U121/><E7/><V32/><F69/><W47/><G134/><N who="0" m="51211" /><D126/><U127/><E127/><V51/><F109/><W0/><G18/><T58/><D115/><U44/><E42/><V92/><F128/><W54/><G2/><T123/><D13/><N who="2" m="5226" /><F92/><W53/><G120/><T46/><D46/><U50/><E131/><V103/><F103/><N who="0" m="39466" /><D123/><U5/><E106/><V130/><F130/><W33/><G33/><T114/><D114/><U110/><E110/><V84/><AGARI ba="0,0" hai="21,26,28,32,35,48,49,51,84,85,86" m="5226" machi="84" ten="40,2700,0" yaku="26,2" doraHai="116" who="2" fromWho="2" sc="242,-7,192,-7,342,27,224,-13" /><INIT seed="4,0,0,1,4,119" ten="235,185,369,211" oya="0" hai0="77,42,88,3,61,125,126,98,78,62,83,89,22" hai1="68,130,60,23,64,43,76,102,59,9,5,113,12" hai2="75,118,47,71,70,103,57,72,35,99,122,46,10" hai3="51,80,29,90,96,73,117,91,123,28,52,24,53"/><T131/><D3/><U48/><E130/><V87/><F87/><W66/><G117/><T95/><D131/><U100/><E113/><V84/><F84/><W58/><G66/><T92/><D42/><U16/><E76/><V44/><F118/><W124/><G124/><N who="0" m="47723" /><D22/><U33/><E33/><V56/><F35/><W13/><G29/><T120/><D120/><U85/><E85/><V21/><F21/><W34/><G123/><T8/><D8/><U26/><REACH who="1" step="1"/><E68/><REACH who="1" ten="235,175,369,211" step="2"/><V67/><F70/><W25/><G34/><T107/><D107/><U27/><E27/><V101/><F71/><W50/><G25/><T104/><D104/><U2/><E2/><V37/><F72/><W82/><G73/><N who="0" m="43439" /><D78/><U0/><E0/><V106/><F75/><W127/><G127/><T108/><D108/><U112/><E112/><V121/><F106/><W69/><G24/><T31/><D31/><U93/><E93/><V17/><F99/><AGARI ba="0,1" hai="61,62,88,89,92,95,98,99" m="43439,47723" machi="99" ten="30,2900,0" yaku="18,1,54,1" doraHai="119" who="0" fromWho="2" sc="235,39,175,0,369,-29,211,0" /><INIT seed="4,1,0,5,2,129" ten="274,175,340,211" oya="0" hai0="103,27,69,1,9,110,29,8,119,55,70,89,0" hai1="101,87,80,81,14,23,40,106,128,104,25,62,112" hai2="120,39,17,33,113,28,36,45,4,90,96,12,66" hai3="83,98,116,85,2,22,16,68,75,5,54,47,114"/><T134/><D119/><U38/><E128/><V65/><F120/><W105/><G68/><T11/><D103/><U97/><E112/><V50/><F4/><W21/><G75/><T122/><D122/><U100/><E14/><V124/><F28/><W131/><G114/><T34/><D70/><U92/><E101/><V77/><F77/><W109/><G109/><T111/><D69/><U15/><E15/><V72/><F33/><W59/><G47/><T78/><D78/><U102/><E102/><V86/><F96/><W46/><G46/><T76/><D76/><U19/><E81/><V95/><F72/><W44/><G44/><T118/><D55/><U32/><E40/><V51/><F113/><W126/><G98/><T61/><D61/><U79/><E38/><V127/><F36/><W58/><G105/><T24/><D89/><U42/><E42/><N who="2" m="24887" /><F51/><W67/><G131/><T49/><D49/><U43/><E43/><V48/><F48/><W132/><G5/><T53/><D53/><U37/><E37/><V94/><F94/><W3/><G54/><T31/><D118/><U60/><REACH who="1" step="1"/><E32/><REACH who="1" ten="274,165,340,211" step="2"/><V10/><F39/><W135/><G116/><T91/><D34/><U133/><E133/><V125/><AGARI ba="1,1" hai="10,12,17,65,66,86,90,95,124,125,127" m="24887" machi="125" ten="30,1100,0" yaku="18,1" doraHai="129" who="2" fromWho="2" sc="274,-6,165,-4,340,24,211,-4" /><INIT seed="5,0,0,0,2,114" ten="268,161,364,207" oya="1" hai0="64,11,38,61,72,74,15,39,116,21,77,13,134" hai1="8,51,85,27,19,67,0,2,56,103,94,22,126" hai2="54,50,31,16,115,59,32,99,65,89,76,37,88" hai3="33,119,41,133,121,91,129,58,35,1,5,80,92"/><U68/><E126/><V30/><F37/><W6/><G121/><T69/><D116/><U109/><E109/><V44/><F32/><W42/><G80/><T24/><D134/><U113/><E113/><V28/><F76/><W36/><G1/><T107/><D107/><U123/><E123/><V43/><F65/><W47/><G42/><T20/><D77/><U111/><E111/><V25/><F99/><W132/><G129/><T18/><D39/><U128/><E128/><V101/><F101/><W127/><G58/><T7/><REACH who="0" step="1"/><D38/><REACH who="0" ten="258,161,364,207" step="2"/><U87/><E68/><V34/><F115/><W79/><G79/><T117/><D117/><U4/><E0/><V131/><F131/><W49/><G36/><T46/><D46/><U120/><E120/><V9/><F34/><N who="3" m="12811" /><G119/><T104/><D104/><U71/><E71/><V135/><F135/><N who="3" m="51787" /><G127/><T130/><D130/><U40/><E2/><V26/><F44/><W83/><G47/><T17/><AGARI ba="0,1" hai="7,11,13,15,17,18,20,21,24,61,64,69,72,74" machi="17" ten="20,5200,0" yaku="1,1,0,1,7,1,53,1" doraHai="114" doraHaiUra="23" who="0" fromWho="0" sc="258,62,161,-26,364,-13,207,-13" /><INIT seed="6,0,0,2,0,0" ten="320,135,351,194" oya="2" hai0="95,132,26,54,55,53,127,28,81,40,94,61,102" hai1="10,37,20,107,32,22,98,21,3,60,23,49,77" hai2="64,18,24,116,103,80,29,14,122,91,73,133,119" hai3="25,58,89,125,128,33,84,6,34,112,51,13,46"/><V130/><F122/><W100/><G100/><T101/><D132/><U38/><E32/><V92/><F103/><W88/><G25/><T56/><D127/><U70/><E107/><V126/><F126/><W62/><G88/><T1/><D1/><U16/><E98/><V99/><F64/><W113/><G128/><T35/><D40/><U135/><E135/><V69/><F69/><W106/><G106/><T36/><D36/><U108/><E108/><V129/><F133/><W114/><G125/><T105/><D105/><U118/><E118/><V59/><F59/><W71/><G71/><T15/><D15/><U90/><E90/><V86/><F73/><W115/><G115/><T93/><D81/><U39/><E77/><V8/><F130/><W120/><G120/><T31/><D31/><U104/><E104/><V82/><F82/><N who="3" m="49303" /><G13/><T117/><D117/><U131/><E131/><V5/><F129/><W96/><G96/><T7/><D101/><U78/><E78/><V30/><F116/><W124/><G124/><T97/><D97/><U65/><E49/><V44/><F119/><W75/><G51/><T43/><D102/><U52/><E52/><V45/><F45/><W72/><G46/><T63/><D43/><U66/><E66/><V47/><F47/><W50/><G112/><T76/><D76/><U110/><E110/><V2/><F44/><W12/><G113/><T17/><D55/><U19/><N who="1" m="5120" /><DORA hai="4" /><U134/><REACH who="1" step="1"/><E134/><REACH who="1" ten="320,125,351,194" step="2"/><V41/><F99/><W123/><G114/><T67/><D54/><U79/><E79/><V111/><F91/><W74/><G74/><RYUUKYOKU ba="0,1" sc="320,-10,125,30,351,-10,194,-10" hai1="3,10,16,19,37,38,39,60,65,70" /><INIT seed="7,1,1,2,0,0" ten="310,155,341,184" oya="3" hai0="118,93,75,117,80,34,83,46,47,99,134,104,21" hai1="29,31,63,121,94,69,109,35,81,105,127,42,119" hai2="92,91,40,113,39,128,112,41,123,62,18,111,96" hai3="129,66,103,106,56,102,2,28,3,49,77,86,74"/><W133/><G74/><T72/><D34/><U114/><E121/><V27/><F123/><W100/><G106/><T25/><D47/><U9/><E109/><V38/><F111/><W51/><G28/><T17/><D104/><U57/><E105/><V8/><F62/><W79/><G66/><T33/><D33/><U4/><E69/><V43/><F128/><W132/><G86/><T64/><D134/><N who="3" m="51817" /><G56/><T11/><D64/><N who="1" m="39023" /><E127/><V58/><F58/><W87/><G87/><T7/><D46/><U1/><E1/><N who="3" m="10" /><G129/><T76/><D75/><U54/><E35/><V59/><F59/><W95/><G95/><T110/><D110/><U36/><E36/><V78/><F78/><AGARI ba="1,1" hai="49,51,77,78,79,100,102,103" m="10,51817" machi="78" ten="40,7700,0" yaku="28,2,20,1" doraHai="0" who="3" fromWho="2" sc="310,0,155,0,341,-80,184,90" /><INIT seed="7,2,0,0,4,122" ten="310,155,261,274" oya="3" hai0="64,100,1,43,129,105,115,108,77,73,57,37,84" hai1="121,97,47,118,133,101,30,87,89,76,128,104,68" hai2="63,40,51,83,54,38,33,4,42,2,127,92,119" hai3="134,24,26,123,32,85,72,27,106,93,109,78,7"/><W135/><G123/><T132/><D108/><U86/><E68/><V3/><F119/><W62/><G109/><T13/><D1/><U15/><E30/><V19/><F38/><W126/><G106/><T70/><D70/><U11/><E121/><V116/><F33/><W50/><G72/><T35/><D73/><U65/><E65/><V124/><F63/><W6/><G32/><T112/><D35/><U53/><E118/><V96/><F83/><N who="3" m="47351" /><G126/><N who="2" m="48169" /><F19/><W10/><G10/><T21/><D129/><U131/><E133/><N who="3" m="50698" /><G62/><N who="0" m="37967" /><D132/><U113/><E113/><N who="0" m="43593" /><D100/><U114/><E114/><V44/><F116/><W22/><G22/><T52/><D105/><U75/><E128/><V88/><F4/><W25/><G25/><T56/><D21/><U95/><E131/><V39/><F42/><W49/><G93/><T125/><D13/><U14/><E11/><V16/><F16/><W36/><G36/><T67/><D125/><U46/><E87/><V5/><F5/><AGARI ba="2,0" hai="5,6,7,24,26,27,49,50" m="50698,47351" machi="5" ten="30,1500,0" yaku="20,1" doraHai="122" who="3" fromWho="2" sc="310,0,155,0,261,-21,274,21" /><INIT seed="7,3,0,4,0,70" ten="310,155,240,295" oya="3" hai0="81,19,99,85,43,110,22,133,132,82,107,8,30" hai1="49,122,69,64,105,62,42,58,124,95,47,131,7" hai2="13,55,121,88,65,20,134,15,1,41,89,25,32" hai3="9,94,21,103,76,118,53,112,106,119,117,10,67"/><W115/><G106/><T80/><D110/><U129/><E105/><V102/><F1/><W97/><G67/><T86/><D30/><U0/><E0/><V37/><F32/><W38/><G38/><T23/><D43/><U46/><E7/><V40/><F65/><W73/><G21/><T87/><D8/><U27/><E27/><V74/><F74/><W135/><G135/><N who="0" m="51787" /><D19/><U54/><E95/><V77/><F134/><W72/><G53/><T113/><D113/><N who="3" m="43593" /><G73/><T109/><D109/><U11/><E11/><V84/><F41/><W83/><AGARI ba="3,0" hai="9,10,72,76,83,94,97,103,117,118,119" m="43593" machi="83" ten="40,2100,0" yaku="15,1" doraHai="70" who="3" fromWho="3" sc="310,-10,155,-10,240,-10,295,30" owari="300,10.0,145,-35.0,230,-17.0,325,42.0" /></mjloggm>