<mjloggm ver="2.3"><GO type="97" lobby="0"/><UN n0="%E3%82%A6%E3%83%AB%E3%83%88%E3%83%A9%E7%AB%8B%E7%9B%B4" n1="%73%79%75%6A%79%61%63%6B" n2="%E9%87%91%E3%81%AE%E7%B3%B8%E9%8A%80%E3%81%AE%E7%B3%B8" n3="%E8%BC%AA%E3%82%A2%E3%83%AB%E3%83%84" dan="14,15,14,14" rate="1914.31,1951.52,1928.10,1927.54" sx="M,M,M,M"/><TAIKYOKU oya="0"/><INIT seed="0,0,0,1,2,26" ten="250,250,250,250" oya="0" hai0="53,98,125,44,74,84,119,128,62,117,52,31,132" hai1="22,97,2,108,14,122,127,109,103,92,82,1,57" hai2="55,21,124,100,43,20,120,107,89,17,16,63,40" hai3="121,58,126,56,102,110,39,133,0,79,29,19,130"/><T75/><D84/><U34/><E34/><V7/><F107/><W131/><G39/><T116/><D98/><U61/><E122/><V59/><F100/><W112/><G0/><T28/><D62/><U36/><E36/><V135/><F120/><W72/><G102/><T64/><D44/><U25/><E14/><V48/><F7/><W106/><G79/><T54/><D64/><U70/><E82/><V104/><F104/><W45/><G106/><T71/><D71/><U42/><E42/><V113/><F113/><W123/><G45/><T49/><D49/><U9/><E70/><V96/><F124/><W11/><G72/><N who="0" m="27691" /><D125/><U83/><E127/><V81/><F135/><W27/><G126/><T30/><D128/><U85/><E83/><V4/><F4/><W78/><G130/><T10/><D10/><U114/><E85/><V18/><F81/><W93/><G11/><T86/><D86/><U118/><E114/><V5/><F5/><W94/><G112/><T35/><D35/><U134/><E134/><AGARI ba="0,0" hai="28,30,31,52,53,54,116,117,119,132,134" m="27691" machi="134" ten="50,24000,3" yaku="29,2,28,2,52,3,54,1" doraHai="26" who="0" fromWho="1" sc="250,240,250,-240,250,0,250,0" /><INIT seed="0,1,0,3,2,63" ten="490,10,250,250" oya="0" hai0="95,14,120,96,124,132,1,53,62,74,17,24,38" hai1="8,129,94,36,72,75,77,106,86,98,43,110,119" hai2="23,130,109,26,105,118,125,33,91,114,34,111,49" hai3="121,83,18,12,92,50,117,22,46,100,59,29,16"/><T107/><D1/><U115/><E36/><V135/><F114/><W89/><G117/><T73/><D38/><U52/><E43/><V47/><F105/><W35/><G121/><T108/><D107/><U28/><E119/><V41/><F118/><W87/><G35/><T71/><D120/><U88/><E110/><N who="2" m="41995" /><F125/><W84/><G59/><T81/><D108/><U123/><E115/><V61/><F130/><W127/><G127/><T126/><D74/><U67/><E129/><V82/><F135/><W85/><G100/><T55/><D132/><U45/><E28/><V78/><F91/><N who="3" m="51615" /><G29/><T134/><D134/><U116/><E116/><V104/><F61/><W11/><G87/><T68/><D73/><U57/><E123/><V10/><F10/><W7/><G22/><T2/><D2/><U51/><E8/><V13/><F13/><W20/><G20/><T48/><D71/><U60/><REACH who="1" step="1"/><E77/><REACH who="1" ten="490,0,250,250" step="2"/><V102/><F34/><W58/><G58/><T66/><D126/><U97/><E97/><V27/><F33/><W30/><G30/><T64/><D124/><U128/><E128/><V4/><F23/><W37/><G37/><T65/><D96/><U69/><E69/><V5/><F27/><W3/><G3/><T39/><D24/><U42/><E42/><AGARI ba="1,1" hai="7,11,12,16,18,42,46,50,85,89,92" m="51615" machi="42" ten="30,2000,0" yaku="8,1,54,1" doraHai="63" who="3" fromWho="1" sc="490,0,0,-23,250,0,250,33" owari="490,59.0,-23,-52.0,250,-15.0,283,8.0" /></mjloggm>