<mjloggm ver="2.3"><GO type="97" lobby="0"/><UN n0="%E3%81%B2%E3%81%9F%E3%81%99%E3%82%89%E9%98%B2%E5%BE%A1" n1="%E3%83%86%E3%83%A9%E5%B0%8F%E7%89%A9%EF%BD%97" n2="%E3%82%A6%E3%83%AB%E3%83%88%E3%83%A9%E7%AB%8B%E7%9B%B4" n3="%E3%82%B0%E3%83%BC%E3%82%A4" dan="13,14,15,14" rate="1891.72,1951.35,1963.90,1904.46" sx="F,M,M,M"/><TAIKYOKU oya="0"/><INIT seed="0,0,0,0,5,112" ten="250,250,250,250" oya="0" hai0="60,20,108,44,63,76,37,73,23,114,91,14,64" hai1="85,128,22,0,12,72,102,15,70,62,25,21,32" hai2="36,31,7,5,24,10,58,54,49,27,40,3,56" hai3="53,84,119,68,135,33,113,19,109,65,29,78,94"/><T51/><D114/><U66/><E72/><V17/><F7/><W69/><G113/><T71/><D73/><U123/><E123/><V93/><F40/><W133/><G53/><T129/><D76/><U100/><E128/><V18/><F36/><W43/><G43/><T134/><D129/><U126/><E0/><V55/><F93/><W47/><G47/><T117/><D37/><U46/><E46/><V59/><F59/><W41/><G41/><T127/><D117/><U34/><E126/><V110/><F110/><W1/><G1/><T9/><D127/><U131/><E131/><V61/><F27/><N who="3" m="18623" /><G19/><T30/><D108/><U2/><E2/><V26/><F26/><W116/><G109/><T42/><D42/><U124/><E124/><V35/><AGARI ba="0,0" hai="3,5,10,17,18,24,31,35,49,54,55,56,58,61" machi="35" ten="20,1500,0" yaku="0,1,7,1" doraHai="112" who="2" fromWho="2" sc="250,-7,250,-4,250,15,250,-4" /><INIT seed="1,0,0,3,5,58" ten="243,246,265,246" oya="1" hai0="25,87,75,86,29,23,36,114,7,109,91,28,49" hai1="63,134,14,90,55,117,42,107,68,81,4,100,72" hai2="27,73,47,22,18,130,12,126,118,10,59,113,35" hai3="135,21,127,76,78,92,44,82,111,116,16,110,102"/><U66/><E117/><V64/><F73/><W26/><G116/><T20/><D114/><U71/><E134/><V50/><F35/><W17/><G135/><T39/><D75/><U15/><E71/><V96/><F126/><W56/><G127/><T129/><D7/><U133/><E133/><V74/><F74/><W79/><G44/><T83/><D109/><N who="3" m="41481" /><G82/><T41/><D129/><U69/><E69/><V33/><F33/><W61/><G92/><T40/><D40/><U80/><E42/><V13/><F130/><W98/><G98/><T19/><D41/><U45/><E81/><V125/><F125/><W65/><G102/><T30/><D49/><U124/><E124/><V128/><F128/><W1/><G1/><T51/><D23/><U37/><E4/><V95/><F10/><W6/><G6/><T3/><D51/><U123/><E123/><V132/><F132/><W53/><G65/><T0/><REACH who="0" step="1"/><D87/><REACH who="0" ten="233,246,265,246" step="2"/><N who="1" m="50535" /><E72/><V106/><F113/><W103/><G103/><T38/><AGARI ba="0,1" hai="0,3,19,20,25,28,29,30,36,38,39,83,86,91" machi="38" ten="40,2700,0" yaku="1,1,0,1,53,0" doraHai="58" doraHaiUra="5" who="0" fromWho="0" sc="233,37,246,-13,265,-7,246,-7" /><INIT seed="2,0,0,1,4,9" ten="270,233,258,239" oya="2" hai0="74,101,80,112,45,26,68,51,127,92,56,82,32" hai1="129,73,37,19,30,133,93,124,88,40,107,16,50" hai2="27,118,12,64,87,33,91,122,131,90,39,34,17" hai3="0,1,66,94,117,85,48,89,41,63,78,99,53"/><V120/><F39/><W100/><G117/><T23/><D112/><U60/><E107/><V46/><F118/><W54/><G78/><T3/><D3/><U31/><E73/><V98/><F131/><W67/><G41/><N who="0" m="25007" /><D68/><U77/><E129/><V114/><F114/><W134/><G134/><T119/><D32/><U52/><E133/><V69/><F64/><W21/><G67/><T126/><D119/><U57/><E77/><V110/><F69/><W55/><G48/><T43/><D74/><U128/><E124/><N who="0" m="47657" /><D43/><U104/><E104/><V97/><F33/><W28/><G1/><T49/><D49/><U79/><E79/><V18/><F46/><W132/><G0/><T42/><D42/><U102/><E128/><V123/><F110/><W115/><G115/><T6/><D6/><U86/><E37/><V38/><F38/><W14/><G132/><T15/><D56/><N who="1" m="32791" /><E40/><V10/><F34/><W108/><G66/><T29/><D101/><U22/><E102/><V7/><F7/><W76/><G108/><T96/><D96/><U59/><E59/><V62/><F62/><W72/><G63/><T58/><D58/><U81/><E81/><N who="0" m="31337" /><D92/><U71/><E71/><V13/><F98/><W70/><G72/><T95/><D95/><U8/><E8/><N who="2" m="6279" /><F97/><W47/><G70/><T75/><D75/><U2/><E2/><V109/><F109/><W36/><G99/><T125/><D125/><U111/><E111/><V44/><F44/><W103/><G100/><T11/><D11/><U65/><E31/><V83/><F91/><W5/><G103/><T121/><D121/><RYUUKYOKU ba="0,0" sc="270,10,233,10,258,10,239,-30" hai0="15,23,26,29" hai1="16,19,22,30,57,60,65,86,88,93" hai2="10,13,18,27,83,87,90,120,122,123" /><INIT seed="2,1,0,5,1,69" ten="280,243,268,209" oya="2" hai0="38,24,120,71,12,33,15,122,108,93,125,78,22" hai1="16,127,116,14,39,97,61,99,81,115,92,58,47" hai2="82,79,65,109,25,80,49,35,94,5,66,103,91" hai3="131,75,27,9,85,96,74,129,48,132,87,72,89"/><V60/><F103/><W53/><G132/><T70/><D33/><U64/><E115/><V57/><F109/><W104/><G27/><T106/><D106/><U59/><E127/><V128/><F128/><N who="3" m="49227" /><G9/><T32/><D32/><U50/><E116/><V86/><F5/><W110/><G110/><T23/><D108/><U119/><E119/><V34/><F82/><W117/><G117/><T114/><D125/><U95/><E81/><V56/><F25/><W124/><G124/><T134/><D114/><U54/><E39/><V0/><F0/><W30/><G30/><T45/><D134/><U118/><E118/><V6/><F6/><W62/><G62/><T67/><D78/><U18/><E18/><V111/><F111/><W19/><G19/><T43/><D120/><U63/><E95/><V10/><F10/><W4/><G4/><T68/><D122/><U100/><E99/><V36/><F36/><W1/><G1/><T44/><D44/><U121/><E121/><V26/><F26/><W126/><G126/><T41/><D41/><U76/><E76/><V133/><F133/><W11/><G11/><T28/><D23/><N who="1" m="11671" /><E64/><V7/><F7/><W42/><G42/><T31/><D67/><U123/><E123/><V102/><F35/><W113/><G113/><T73/><D73/><U55/><E47/><V46/><F34/><W90/><G53/><T20/><REACH who="0" step="1"/><D93/><REACH who="0" ten="270,243,268,209" step="2"/><U21/><E21/><V2/><F94/><N who="3" m="56399" /><G104/><T107/><D107/><U101/><E50/><V13/><F49/><W51/><G90/><AGARI ba="1,1" hai="54,55,58,59,61,63,90,92,97,100,101" m="11671" machi="90" ten="30,2000,0" yaku="8,1,54,1" doraHai="69" who="1" fromWho="3" sc="270,0,243,33,268,0,209,-23" /><INIT seed="3,0,0,4,4,128" ten="270,276,268,186" oya="3" hai0="53,104,46,28,42,131,72,107,18,110,95,112,2" hai1="92,38,54,32,51,97,20,75,9,34,79,76,48" hai2="93,116,6,29,12,87,33,83,41,4,13,7,65" hai3="123,50,26,17,47,133,108,115,126,45,35,37,119"/><W98/><G115/><T135/><D112/><U89/><E38/><V0/><F41/><W55/><G119/><T109/><D72/><U88/><E75/><V49/><F65/><W124/><G123/><T10/><D131/><U82/><E34/><V19/><F49/><N who="3" m="29103" /><G37/><T71/><D71/><U8/><E32/><V114/><F93/><W125/><G98/><T44/><D28/><U14/><E20/><N who="2" m="11367" /><F83/><W52/><G108/><N who="0" m="41579" /><D95/><N who="1" m="56551" /><E82/><V59/><F87/><W40/><G40/><T134/><D53/><U73/><E73/><V80/><F59/><W39/><G39/><N who="0" m="21599" /><D46/><N who="1" m="27927" /><E51/><V15/><F80/><W31/><G17/><T78/><D78/><N who="1" m="29739" /><E14/><N who="2" m="5131" /><F114/><W69/><G69/><T117/><D117/><U68/><E68/><V99/><F99/><AGARI ba="0,0" hai="8,9,89,92,99" m="29739,27927,56551" machi="99" ten="30,2000,0" yaku="8,1,54,1" doraHai="128" who="1" fromWho="2" sc="270,0,276,20,268,-20,186,0" /><INIT seed="4,0,0,2,4,43" ten="270,296,248,186" oya="0" hai0="120,64,92,49,128,99,85,20,3,81,89,24,48" hai1="107,97,16,115,13,76,18,86,104,1,82,112,91" hai2="51,34,79,131,124,72,23,15,70,22,53,17,46" hai3="63,132,77,100,90,50,126,41,78,69,26,133,29"/><T40/><D120/><U59/><E1/><V110/><F34/><W122/><G122/><T56/><D3/><U21/><E59/><V114/><F70/><W4/><G100/><T130/><D40/><U42/><E42/><V55/><F110/><W106/><G106/><T52/><D49/><U98/><E18/><V2/><F2/><W123/><G123/><T73/><D64/><U58/><E58/><V121/><F121/><W125/><G4/><T134/><D73/><U12/><E12/><V117/><F124/><N who="3" m="47723" /><G90/><N who="0" m="55703" /><D134/><N who="3" m="51817" /><G63/><T6/><D130/><U31/><E31/><V80/><F131/><W118/><G69/><T33/><D128/><U66/><E66/><V9/><F117/><W25/><G118/><T119/><D33/><U95/><E98/><V60/><F114/><AGARI ba="0,0" hai="13,16,21,76,82,86,91,95,97,104,107,112,114,115" machi="114" ten="40,5200,0" yaku="15,1,11,1,54,1" doraHai="43" who="1" fromWho="2" sc="270,0,296,52,248,-52,186,0" owari="270,7.0,348,44.0,196,-20.0,186,-31.0" /></mjloggm>