<mjloggm ver="2.3"><GO type="97" lobby="0"/><UN n0="%E6%9D%B1%E9%A2%A8" n1="%E3%82%A6%E3%83%AB%E3%83%88%E3%83%A9%E7%AB%8B%E7%9B%B4" n2="%E3%80%93%E6%B1%9F%E5%8F%A3%E3%80%93" n3="%E3%83%96%E3%83%B3%E3%82%AC%E3%82%AF" dan="14,14,14,13" rate="1938.23,1962.53,2129.28,1839.77" sx="F,M,M,M"/><TAIKYOKU oya="0"/><INIT seed="0,0,0,2,0,33" ten="250,250,250,250" oya="0" hai0="13,114,104,121,124,49,24,129,32,29,41,103,84" hai1="50,22,83,54,44,111,70,42,97,93,108,74,40" hai2="53,2,87,133,48,61,17,78,117,37,38,130,12" hai3="86,18,67,39,92,116,115,100,135,110,109,66,63"/><T131/><D124/><U55/><E70/><V99/><F133/><W72/><G115/><T52/><D121/><U80/><E22/><V101/><F130/><N who="0" m="49674" /><D114/><U30/><E30/><V28/><F28/><W126/><G116/><T58/><D84/><U96/><E93/><V132/><F132/><W94/><G135/><T1/><D13/><U98/><E74/><V0/><F117/><W89/><G126/><T102/><D104/><U16/><E16/><V7/><F61/><W85/><G39/><T25/><D25/><U113/><E113/><V14/><F14/><W60/><G72/><T62/><D1/><U127/><E127/><V106/><F7/><W112/><G112/><T75/><D75/><U6/><E6/><V95/><F37/><W20/><G100/><N who="0" m="38443" /><D41/><U36/><E83/><V68/><F68/><W59/><G20/><T91/><D91/><U56/><E80/><V57/><F38/><W119/><G119/><T10/><D10/><U31/><E31/><V11/><REACH who="2" step="1"/><F95/><REACH who="2" ten="250,250,240,250" step="2"/><W26/><G26/><T77/><D62/><N who="1" m="36119" /><E36/><V88/><F88/><N who="3" m="53263" /><G60/><T4/><D4/><U120/><E120/><V73/><F73/><W71/><G18/><T27/><D24/><U51/><E51/><V69/><F69/><W76/><G71/><T3/><D77/><U15/><E15/><V8/><F8/><W21/><G21/><T107/><D107/><U23/><E23/><V64/><F64/><W45/><G67/><T134/><D134/><U43/><E50/><V19/><F19/><W118/><G118/><T122/><D122/><U34/><E34/><V128/><F128/><RYUUKYOKU ba="0,1" sc="250,10,250,10,240,10,250,-30" hai0="3,27,29,32,49,52,58" hai1="40,42,43,44,55,96,97,98,108,111" hai2="0,2,11,12,17,48,53,57,78,87,99,101,106" /><INIT seed="0,1,1,4,2,27" ten="260,260,250,220" oya="0" hai0="123,101,34,86,49,117,95,88,7,35,68,118,24" hai1="59,81,69,10,91,94,100,39,115,72,56,113,51" hai2="12,48,131,47,53,21,104,99,67,30,63,108,96" hai3="84,120,79,61,41,64,11,121,6,25,50,129,9"/><T42/><D123/><N who="3" m="47177" /><G129/><T65/><D7/><U85/><E39/><V44/><F131/><W83/><G41/><T4/><D4/><U82/><E69/><V13/><F108/><W127/><G50/><T130/><D130/><U71/><E71/><V98/><F104/><W78/><G127/><T66/><D101/><U36/><E36/><V16/><F30/><W124/><G124/><T73/><D73/><U33/><E33/><V125/><F125/><W5/><G78/><T23/><D35/><U54/><E10/><N who="3" m="3594" /><G25/><T19/><D34/><U40/><E40/><V45/><REACH who="2" step="1"/><F13/><REACH who="2" ten="260,260,240,220" step="2"/><W0/><G0/><T20/><D117/><U109/><E109/><V105/><F105/><W3/><G3/><T114/><D118/><U60/><E115/><V93/><F93/><W8/><G8/><T133/><D114/><U17/><E113/><V111/><F111/><W128/><G128/><T97/><D95/><U28/><E28/><V2/><F2/><W80/><G80/><T134/><D24/><U119/><E119/><V122/><F122/><W14/><G14/><T135/><D135/><U116/><E116/><V55/><F55/><W112/><G112/><T1/><D133/><U70/><E82/><V132/><F132/><W29/><G29/><T26/><D134/><U90/><E17/><V32/><F32/><W74/><G74/><T92/><D1/><U57/><E72/><V37/><F37/><W76/><G76/><T38/><D38/><U52/><E81/><V89/><F89/><W43/><G43/><T62/><D88/><U87/><E90/><V18/><F18/><RYUUKYOKU ba="1,2" sc="260,-15,260,-15,240,15,220,15" hai2="12,16,21,44,45,47,48,53,63,67,96,98,99" hai3="5,6,61,64,79,83,84" /><INIT seed="1,2,2,4,3,122" ten="245,245,255,235" oya="1" hai0="92,15,129,70,7,60,50,27,125,22,127,89,66" hai1="114,94,77,55,102,124,39,69,51,29,44,117,78" hai2="11,8,134,12,32,23,54,63,10,91,43,28,97" hai3="88,79,112,5,96,73,37,36,64,19,75,121,18"/><U14/><E117/><V83/><F134/><W100/><G121/><T128/><D50/><U86/><E114/><V33/><F43/><W90/><G112/><T46/><D46/><U4/><E69/><V56/><F33/><W130/><G64/><T93/><D15/><U107/><E107/><V110/><F32/><W31/><G31/><T119/><D7/><U45/><E124/><N who="0" m="47689" /><D119/><U74/><E74/><V52/><F110/><W71/><G5/><T35/><D35/><U111/><E111/><V1/><F1/><W131/><G71/><T61/><D61/><U68/><E68/><V59/><F83/><W6/><G6/><T76/><D76/><N who="1" m="29291" /><E39/><N who="3" m="14922" /><G79/><T133/><D89/><N who="3" m="34409" /><G96/><T21/><D21/><U95/><E29/><V80/><F97/><W85/><G100/><T84/><D84/><U104/><E104/><V82/><F91/><W38/><G85/><T103/><D103/><U3/><E3/><V113/><F113/><W67/><G67/><T49/><D93/><N who="1" m="35339" /><E86/><V57/><F28/><W62/><G62/><T0/><D92/><U25/><E102/><V42/><F63/><W132/><G38/><T81/><D0/><U108/><E108/><V34/><F34/><W105/><G132/><T99/><D133/><U13/><E45/><V9/><N who="2" m="2560" /><DORA hai="41" /><V48/><F42/><W26/><G105/><T123/><D99/><U47/><E4/><V30/><F30/><W135/><G135/><T106/><D123/><U120/><E120/><V101/><F101/><W115/><G115/><T72/><D106/><U118/><E118/><V53/><F48/><W87/><G87/><RYUUKYOKU ba="2,2" sc="245,-10,245,-10,255,30,235,-10" hai2="12,23,52,53,54,56,57,59,80,82" /><INIT seed="2,3,2,2,5,34" ten="235,235,285,225" oya="2" hai0="2,92,130,105,0,55,51,115,16,36,41,91,38" hai1="64,134,45,66,111,114,15,23,72,87,7,28,21" hai2="75,26,61,32,68,96,70,56,83,25,135,80,27" hai3="8,113,50,108,106,4,33,43,131,12,103,86,118"/><V125/><F32/><W101/><G118/><T78/><D115/><U58/><E72/><V116/><F116/><W85/><G33/><T59/><D105/><U31/><E111/><V52/><F135/><W73/><G73/><T74/><D130/><U35/><E35/><V67/><F125/><W48/><G106/><T98/><D38/><U62/><E134/><V42/><F42/><W124/><G108/><T93/><D93/><U95/><E114/><V3/><F3/><W6/><G113/><T88/><D91/><N who="1" m="53759" /><E45/><V1/><F1/><W37/><G37/><T89/><D89/><U107/><E107/><V110/><F110/><W5/><G131/><T99/><D99/><U123/><E123/><V127/><F127/><W102/><G124/><T122/><D122/><U53/><E7/><N who="3" m="2634" /><G43/><T47/><REACH who="0" step="1"/><D16/><REACH who="0" ten="225,235,285,225" step="2"/><N who="1" m="10399" /><E28/><V71/><F96/><W18/><G18/><T49/><D49/><AGARI ba="3,3" hai="6,8,12,48,49,50,85,86,101,102,103" m="2634" machi="49" ten="30,1000,0" yaku="8,1" doraHai="34" who="3" fromWho="0" sc="225,-19,235,0,285,0,225,49" /><INIT seed="3,0,0,0,4,62" ten="206,235,285,274" oya="3" hai0="134,41,123,93,27,82,53,40,34,51,20,38,7" hai1="104,115,67,78,4,46,69,135,121,89,110,133,64" hai2="92,95,21,76,57,127,24,56,14,75,68,102,59" hai3="90,103,83,108,71,16,29,17,0,74,30,129,25"/><W37/><G37/><T113/><D123/><U47/><E104/><V33/><F127/><W5/><G71/><T70/><D34/><U22/><E121/><V10/><F33/><W44/><G74/><T124/><D38/><U85/><E115/><V12/><F68/><W60/><G0/><T66/><D7/><U31/><E78/><V36/><F36/><W72/><G72/><T28/><D124/><U122/><E122/><V45/><F45/><N who="1" m="16905" /><E69/><V2/><F2/><W43/><G5/><T19/><D113/><U128/><E4/><V91/><F75/><W112/><G112/><T63/><D82/><N who="1" m="49335" /><E110/><V106/><F76/><W8/><G129/><T6/><D6/><U13/><E128/><V39/><F39/><W94/><G108/><T26/><D134/><N who="1" m="51211" /><E31/><N who="3" m="11786" /><G103/><T48/><D93/><U49/><E49/><V107/><F107/><W130/><G130/><T88/><D51/><U97/><E97/><N who="2" m="59687" /><F106/><W111/><G83/><T132/><D132/><U87/><E87/><N who="2" m="52735" /><F10/><W55/><G43/><T52/><D41/><U61/><E61/><V96/><F96/><N who="3" m="57431" /><G111/><T105/><D105/><U109/><E109/><V98/><F98/><W79/><G79/><T58/><D70/><U101/><E101/><V73/><F73/><W42/><G60/><T1/><D88/><U35/><E35/><V119/><F119/><W131/><G131/><T77/><D77/><U86/><E86/><V3/><F3/><W50/><G42/><T23/><D1/><U11/><E11/><V32/><F32/><W99/><G8/><T125/><D125/><U54/><E22/><V100/><F100/><RYUUKYOKU ba="0,0" sc="206,15,235,-15,285,15,274,-15" hai0="19,20,23,26,27,28,40,48,52,53,58,63,66" hai2="12,14,21,24,56,57,59" owari="221,-18.0,220,-28.0,300,40.0,259,6.0" /></mjloggm>