<mjloggm ver="2.3"><GO type="97" lobby="0"/><UN n0="%E3%82%88%E3%83%BC%E3%81%90%E3%82%8B%E3%81%A8" n1="%E3%82%A6%E3%83%AB%E3%83%88%E3%83%A9%E7%AB%8B%E7%9B%B4" n2="%47%79%61%6E" n3="%49%6E%66%74%79" dan="13,14,14,15" rate="1946.94,1975.70,2037.08,1980.47" sx="M,M,M,F"/><TAIKYOKU oya="0"/><INIT seed="0,0,0,3,4,59" ten="250,250,250,250" oya="0" hai0="115,20,127,13,103,47,56,55,99,126,45,82,133" hai1="6,12,118,51,122,73,41,54,92,90,2,130,77" hai2="95,86,53,62,75,79,74,17,117,61,91,69,125" hai3="57,85,50,52,88,113,23,97,10,21,68,49,31"/><T40/><D115/><U11/><E122/><V102/><F125/><N who="0" m="47626" /><D133/><U26/><E118/><V108/><F108/><W67/><G113/><T121/><D121/><U104/><E104/><V25/><F117/><W18/><G68/><T119/><D119/><U36/><E130/><V42/><F42/><W124/><G67/><T72/><D72/><U98/><E26/><V83/><F102/><W101/><G124/><T3/><D3/><U70/><E70/><V64/><F75/><W33/><G33/><T65/><D82/><U60/><E12/><V131/><F131/><W129/><G31/><T14/><D65/><U44/><E51/><V7/><F7/><W5/><G49/><N who="0" m="26791" /><D47/><U110/><E110/><V105/><F105/><W28/><G28/><T81/><D81/><N who="1" m="45231" /><E54/><V111/><F111/><W29/><G29/><T27/><D27/><U58/><E58/><V112/><F112/><W48/><G48/><N who="0" m="30823" /><D20/><U114/><E114/><V123/><F123/><W4/><G129/><T120/><D120/><U93/><E93/><AGARI ba="0,0" hai="13,14,93,99,103" m="30823,26791,47626" machi="93" ten="30,1500,0" yaku="18,1" doraHai="59" who="0" fromWho="1" sc="250,15,250,-15,250,0,250,0" /><INIT seed="0,1,0,2,1,26" ten="265,235,250,250" oya="0" hai0="23,2,135,24,57,12,100,31,113,51,42,71,0" hai1="97,94,59,28,76,14,33,79,129,128,132,22,39" hai2="30,34,117,29,62,53,70,96,49,36,61,116,110" hai3="72,55,21,99,74,50,85,127,63,66,123,131,111"/><T37/><D71/><U69/><E39/><V106/><F36/><W134/><G111/><T25/><D113/><U27/><E69/><V78/><F110/><W40/><G127/><T35/><D100/><U112/><E112/><V75/><F34/><W18/><G131/><N who="1" m="50250" /><E132/><V88/><F75/><W105/><G134/><T89/><D135/><U119/><E119/><N who="2" m="45643" /><F78/><N who="1" m="29737" /><E59/><V124/><F124/><W54/><G123/><T17/><D37/><U102/><E14/><V104/><F70/><W114/><G40/><T10/><D89/><U90/><E90/><V126/><F126/><W8/><G72/><T81/><D81/><U16/><E33/><V52/><F88/><W67/><G74/><T45/><REACH who="0" step="1"/><D57/><REACH who="0" ten="255,235,250,250" step="2"/><U5/><E5/><AGARI ba="1,1" hai="0,2,5,10,12,17,23,24,25,31,35,42,45,51" machi="5" ten="30,12000,1" yaku="1,1,2,1,7,1,52,1,53,1" doraHai="26" doraHaiUra="46" who="0" fromWho="1" sc="255,133,235,-123,250,0,250,0" /><INIT seed="0,2,0,5,4,8" ten="388,112,250,250" oya="0" hai0="85,132,11,21,24,15,103,44,100,19,104,131,86" hai1="63,98,76,81,0,25,109,107,30,115,75,91,59" hai2="46,6,129,20,134,133,105,17,62,101,37,84,111" hai3="35,16,95,53,61,68,55,67,23,118,99,41,123"/><T60/><D132/><N who="2" m="50794" /><F111/><W77/><G118/><T112/><D112/><U7/><E115/><V4/><F129/><W126/><G35/><T113/><D113/><U56/><E109/><V58/><F105/><W57/><G126/><T18/><D131/><U26/><E7/><V102/><F37/><W72/><G123/><T71/><D104/><U33/><E0/><V34/><F46/><W64/><G41/><T92/><D71/><U93/><E26/><V69/><F69/><W114/><G114/><T90/><D60/><U12/><E63/><V31/><F31/><W40/><G40/><T82/><D44/><U79/><E79/><AGARI ba="2,0" hai="11,15,18,19,21,24,79,82,85,86,90,92,100,103" machi="79" ten="30,5800,0" yaku="7,1,8,1,52,1" doraHai="8" who="0" fromWho="1" sc="388,64,112,-64,250,0,250,0" /><INIT seed="0,3,0,5,2,105" ten="452,48,250,250" oya="0" hai0="91,98,132,88,107,70,22,63,34,108,48,95,9" hai1="74,106,32,44,121,73,66,79,47,101,118,46,104" hai2="60,72,50,84,10,4,37,102,20,97,33,127,110" hai3="16,13,71,90,27,112,92,40,122,94,2,55,67"/><T12/><D34/><U15/><E32/><V29/><F37/><W75/><G112/><T41/><D107/><N who="1" m="41003" /><E79/><V125/><F33/><W109/><G2/><T56/><D132/><U11/><E66/><V87/><F29/><W89/><G75/><N who="1" m="28682" /><E15/><V78/><F72/><W115/><G115/><T64/><D70/><U120/><E11/><V130/><F20/><W39/><G109/><T59/><D108/><U69/><E69/><V3/><F110/><W26/><G122/><N who="1" m="47210" /><E101/><V96/><F10/><W65/><G71/><T8/><D22/><U128/><E128/><V119/><F130/><W131/><G131/><T30/><D30/><U68/><E68/><V18/><F78/><W54/><G67/><T0/><D9/><U100/><E100/><V58/><F102/><W57/><G65/><T62/><D48/><U17/><E17/><V36/><F18/><W52/><G57/><T14/><D14/><U124/><E124/><V24/><F50/><W1/><G90/><T51/><D91/><U99/><E99/><V117/><F58/><W114/><G114/><T103/><D103/><U133/><E133/><V7/><F97/><W53/><G89/><T129/><D129/><U31/><E31/><V76/><F96/><W5/><G55/><T6/><D12/><U83/><E83/><V134/><F76/><W35/><G35/><T49/><D41/><U126/><E126/><V38/><F134/><W111/><G40/><T19/><D19/><U21/><E21/><V80/><F80/><W135/><G135/><T28/><D28/><U43/><E118/><V25/><F60/><RYUUKYOKU ba="3,0" sc="452,10,48,10,250,10,250,-30" hai0="0,6,8,49,51,56,59,62,63,64,88,95,98" hai1="43,44,46,47" hai2="3,4,7,24,25,36,38,84,87,117,119,125,127" /><INIT seed="0,4,0,0,5,49" ten="462,58,260,220" oya="0" hai0="65,85,47,70,134,131,68,90,72,1,11,93,53" hai1="94,128,107,31,3,135,103,9,26,84,50,129,96" hai2="62,21,113,10,108,122,48,23,115,118,119,64,120" hai3="114,75,45,112,19,133,25,12,37,77,63,40,29"/><T42/><D72/><U32/><E135/><V124/><F10/><W66/><G133/><T130/><D134/><U6/><E84/><V54/><F124/><W7/><G7/><N who="0" m="1519" /><D65/><U67/><E94/><V58/><F23/><W81/><G19/><T8/><D8/><U69/><REACH who="1" step="1"/><E50/><REACH who="1" ten="462,48,260,220" step="2"/><V109/><F48/><W71/><REACH who="3" step="1"/><G12/><REACH who="3" ten="462,48,260,210" step="2"/><T110/><D93/><U30/><E30/><V20/><F20/><AGARI ba="4,2" hai="20,25,29,37,40,45,63,66,71,75,77,81,112,114" machi="20" ten="30,3900,0" yaku="1,1,2,1,7,1,53,0" doraHai="49" doraHaiUra="2" who="3" fromWho="2" sc="462,0,48,0,260,-51,210,71" /><INIT seed="1,0,0,0,2,129" ten="462,48,209,281" oya="1" hai0="66,120,96,22,64,84,110,63,51,91,8,113,122" hai1="125,135,102,24,38,106,6,61,29,41,82,4,103" hai2="26,68,130,43,77,133,116,30,69,17,57,86,11" hai3="42,12,67,98,50,3,7,44,79,49,23,31,73"/><U124/><E41/><V83/><F130/><W40/><G3/><T2/><D113/><U55/><E38/><V118/><F116/><W65/><G73/><T74/><D74/><U1/><E55/><V53/><F118/><W128/><G79/><T56/><D96/><N who="1" m="61767" /><E61/><V39/><F133/><W104/><G128/><T18/><D110/><U88/><E103/><V14/><F43/><W85/><G85/><T28/><D28/><U54/><E54/><V52/><F39/><W131/><G131/><T62/><D51/><U92/><E82/><V34/><REACH who="2" step="1"/><F53/><REACH who="2" ten="462,48,199,281" step="2"/><W123/><G42/><T5/><D120/><U115/><E115/><V19/><F19/><W10/><G40/><T60/><D122/><U112/><E112/><V89/><F89/><W134/><G123/><T105/><D66/><U90/><E90/><V107/><F107/><W97/><G134/><T58/><D105/><U37/><E37/><V36/><F36/><W72/><G104/><T94/><D64/><U101/><E101/><V15/><F15/><W25/><G67/><T127/><D127/><N who="1" m="48715" /><E1/><V16/><F16/><W114/><G65/><T45/><D18/><U119/><E119/><V71/><F71/><W108/><G114/><T9/><D2/><U117/><E117/><V75/><F75/><W76/><G72/><T70/><D91/><U109/><E109/><V132/><F132/><W33/><G108/><T87/><D70/><U35/><E135/><V21/><F21/><W95/><G23/><T32/><D22/><U27/><E27/><V46/><F46/><W13/><G25/><T111/><D45/><RYUUKYOKU ba="0,1" sc="462,-15,48,15,199,15,281,-15" hai1="4,6,24,29,35,88,92" hai2="11,14,17,26,30,34,52,57,68,69,77,83,86" /><INIT seed="1,1,1,3,3,91" ten="447,63,214,266" oya="1" hai0="49,7,27,93,41,37,59,48,66,107,80,2,50" hai1="67,127,121,76,108,101,22,35,71,12,55,19,132" hai2="53,90,10,28,8,5,70,119,17,33,120,13,4" hai3="24,115,30,94,31,25,116,32,64,102,106,128,65"/><U44/><E121/><V131/><F120/><W0/><G115/><T45/><D107/><U110/><E35/><V63/><F119/><W6/><G128/><T60/><D80/><U46/><E76/><V109/><F131/><W124/><G124/><T133/><D133/><U84/><E67/><V11/><F109/><N who="1" m="42089" /><E71/><V112/><F112/><W114/><G106/><T61/><D27/><U1/><E1/><V123/><F123/><W82/><G82/><T18/><D18/><U58/><E127/><V129/><F129/><W79/><G79/><T118/><D118/><U15/><E132/><V40/><F40/><W43/><G43/><T3/><D7/><U122/><E122/><V62/><F70/><W54/><G116/><T39/><D93/><U34/><E34/><V126/><F126/><W47/><G6/><T21/><D21/><U56/><E58/><V99/><F33/><W26/><G0/><T36/><D3/><U23/><E84/><V100/><F28/><W87/><G32/><T105/><D2/><U78/><E78/><V14/><F90/><W85/><G31/><T77/><D77/><U74/><E74/><V89/><F89/><W125/><G30/><T52/><D105/><U134/><E134/><V117/><F117/><W86/><G125/><T111/><D111/><U98/><E23/><V81/><F81/><W83/><G83/><T29/><D29/><U20/><E20/><V73/><F73/><W113/><G114/><T72/><D72/><U16/><E19/><V97/><F17/><W103/><G113/><T135/><D135/><U9/><E16/><RYUUKYOKU ba="1,1" sc="447,30,63,-10,214,-10,266,-10" hai0="36,37,39,41,45,48,49,50,52,59,60,61,66" /><INIT seed="2,2,1,5,4,10" ten="477,53,204,256" oya="2" hai0="78,73,85,120,61,92,31,90,70,124,94,111,48" hai1="104,23,133,49,131,30,9,101,11,19,32,74,41" hai2="50,106,15,77,69,55,16,22,2,42,83,38,95" hai3="116,89,57,24,47,122,36,99,96,119,75,71,109"/><V3/><F106/><W43/><G122/><T66/><D120/><U79/><E49/><V44/><F69/><W4/><G109/><T114/><D114/><U107/><E41/><V67/><F67/><W37/><G71/><T60/><D31/><U112/><E79/><V108/><F108/><W128/><G128/><T129/><D111/><U105/><E101/><V0/><F95/><W26/><G75/><T88/><D129/><U5/><E74/><V21/><F21/><W54/><G37/><T64/><D124/><U46/><E46/><V125/><F125/><W123/><G123/><T113/><D113/><U63/><E63/><V56/><REACH who="2" step="1"/><F3/><REACH who="2" ten="477,53,194,256" step="2"/><W8/><G116/><T121/><D121/><U91/><E112/><V45/><F45/><W98/><G119/><T97/><D66/><U72/><E107/><V7/><F7/><W14/><REACH who="3" step="1"/><G89/><REACH who="3" ten="477,53,194,246" step="2"/><T35/><D88/><U82/><E91/><V84/><AGARI ba="2,3" hai="0,2,15,16,22,38,42,44,50,55,56,77,83,84" machi="84" ten="20,18000,2" yaku="1,1,0,1,7,1,52,1,54,1,53,1" doraHai="10" doraHaiUra="40" who="2" fromWho="2" sc="477,-62,53,-62,194,216,246,-62" owari="415,52.0,-9,-51.0,410,21.0,184,-22.0" /></mjloggm>