<mjloggm ver="2.3"><GO type="169" lobby="0"/><UN n0="%E3%82%A6%E3%83%AB%E3%83%88%E3%83%A9%E7%AB%8B%E7%9B%B4" n1="%E5%AE%8C%E5%85%A8%E6%84%9F%E8%A6%9A%44" n2="%E5%A7%89%E5%B1%9E%E6%80%A7%E3%80%82" n3="%4A%75%6E%37%37%37" dan="17,16,16,16" rate="2176.40,2051.15,2077.52,2030.37" sx="M,M,F,M"/><TAIKYOKU oya="0"/><INIT seed="0,0,0,5,2,55" ten="250,250,250,250" oya="0" hai0="102,31,61,79,98,62,28,110,4,97,124,53,1" hai1="21,29,118,125,3,5,69,132,65,78,16,129,47" hai2="52,67,66,83,126,37,74,114,101,111,13,135,92" hai3="35,123,70,44,77,75,117,32,71,25,108,122,104"/><T14/><D1/><U87/><E118/><V109/><F114/><W63/><G117/><T41/><D124/><U103/><E125/><V81/><F37/><W23/><G104/><T100/><D41/><U120/><E120/><V134/><F126/><W88/><G108/><N who="2" m="41545" /><F13/><W119/><G119/><T58/><D79/><U54/><E29/><V80/><F74/><W73/><G44/><T45/><D45/><U15/><E132/><N who="2" m="50731" /><F52/><W96/><G77/><T51/><D110/><U99/><E54/><V72/><F72/><W85/><G96/><AGARI ba="0,0" hai="66,67,80,81,83,92,96,101" m="50731,41545" machi="96" ten="40,2600,0" yaku="14,1,20,1" doraHai="55" who="2" fromWho="3" sc="250,0,250,0,250,26,250,-26" /><INIT seed="1,0,0,2,2,80" ten="250,250,276,224" oya="1" hai0="10,58,95,69,126,61,79,32,130,59,38,20,109" hai1="19,131,47,35,65,133,28,104,124,27,37,129,64" hai2="56,113,102,119,66,36,123,50,24,3,55,78,54" hai3="82,30,106,91,89,93,116,40,18,44,22,42,98"/><U114/><E114/><V25/><F3/><W83/><G106/><T16/><D32/><U115/><E115/><V111/><F119/><W60/><G116/><T74/><D38/><U71/><E124/><V127/><F123/><W97/><G30/><T135/><D126/><U63/><E133/><V73/><F36/><W70/><G70/><T21/><D135/><U134/><E134/><V23/><F113/><W31/><G31/><T13/><D109/><U96/><E19/><V6/><F6/><W92/><G60/><T2/><D130/><N who="1" m="49675" /><E65/><V90/><F102/><W8/><G8/><T53/><D2/><U33/><E33/><V88/><F111/><W117/><G117/><T9/><D69/><U75/><E75/><V62/><F127/><W15/><REACH who="3" step="1"/><G42/><REACH who="3" ten="250,250,276,214" step="2"/><T107/><D107/><U94/><E104/><V105/><F105/><W112/><G112/><T128/><D128/><U51/><E71/><V99/><F62/><W34/><G34/><T5/><D10/><U85/><E63/><V29/><F29/><W108/><G108/><T45/><D9/><U11/><E11/><V1/><F1/><W68/><G68/><T17/><D61/><U86/><E35/><V132/><F132/><W72/><G72/><T103/><D74/><U46/><E28/><V125/><F73/><W39/><AGARI ba="0,1" hai="15,18,22,39,40,44,82,83,89,91,92,93,97,98" machi="39" ten="20,5200,0" yaku="1,1,0,1,7,1,9,1,53,0" doraHai="80" doraHaiUra="118" who="3" fromWho="3" sc="250,-13,250,-26,276,-13,214,62" /><INIT seed="2,0,0,2,4,53" ten="237,224,263,276" oya="2" hai0="54,2,41,45,101,13,125,114,77,1,69,36,59" hai1="27,37,23,52,57,84,56,22,9,42,50,134,118" hai2="17,133,62,12,18,51,46,76,30,119,58,121,26" hai3="81,43,123,16,97,116,72,99,32,14,124,91,4"/><V92/><F119/><W40/><G32/><T7/><D114/><U35/><E118/><V86/><F121/><W31/><G116/><T93/><D125/><U47/><E134/><V127/><F127/><W39/><G31/><T120/><D120/><U130/><E130/><V113/><F113/><W111/><G111/><T3/><D69/><U6/><E84/><V29/><F133/><W122/><G124/><T126/><D126/><U34/><E57/><V109/><F109/><W20/><G4/><T48/><D77/><U117/><E117/><V70/><F70/><W60/><G99/><T33/><D33/><U44/><E44/><V110/><F110/><W104/><G39/><T83/><D83/><U10/><E23/><N who="2" m="13687" /><F76/><W108/><G108/><T11/><D101/><U132/><E132/><V85/><F92/><W28/><G28/><N who="2" m="10857" /><F17/><W106/><G106/><T131/><D93/><U79/><E79/><V15/><F15/><W100/><G122/><T66/><D131/><U94/><E94/><V21/><F21/><W67/><G123/><T49/><REACH who="0" step="1"/><D66/><REACH who="0" ten="227,224,263,276" step="2"/><U112/><E112/><V74/><F74/><W82/><G72/><T95/><D95/><U105/><E105/><V78/><F78/><W65/><G67/><T103/><D103/><U89/><E89/><V68/><F68/><W87/><G82/><T38/><AGARI ba="0,1" hai="1,2,3,7,11,13,36,38,41,45,48,49,54,59" machi="38" ten="40,8000,1" yaku="1,1,0,1,52,1,53,2" doraHai="53" doraHaiUra="71" who="0" fromWho="0" sc="227,90,224,-20,263,-40,276,-20" /><INIT seed="3,0,0,1,5,29" ten="317,204,223,256" oya="3" hai0="39,86,73,124,115,106,78,97,110,66,127,13,103" hai1="79,18,43,17,7,89,126,19,116,54,63,62,83" hai2="118,88,91,81,123,52,112,120,6,34,14,11,102" hai3="24,85,82,58,109,44,27,75,47,42,68,122,10"/><W67/><G68/><T93/><D39/><U46/><E126/><N who="0" m="48169" /><D66/><U57/><E116/><V21/><F118/><W3/><G75/><T40/><D40/><U35/><E35/><V59/><F112/><W113/><G122/><N who="2" m="46633" /><F102/><W100/><G100/><T64/><D13/><U33/><E33/><V70/><F70/><W101/><G101/><T98/><D64/><U56/><E7/><V114/><F114/><W22/><G113/><T16/><D16/><U5/><E5/><V125/><F125/><W49/><G3/><T0/><D0/><U107/><E107/><V105/><F105/><W99/><G10/><T9/><D9/><U15/><E89/><N who="2" m="34379" /><F34/><W117/><G117/><T12/><D98/><U50/><E15/><V121/><F121/><W30/><G99/><T96/><D12/><U61/><REACH who="1" step="1"/><E43/><REACH who="1" ten="317,194,223,256" step="2"/><V53/><F21/><W135/><G42/><T134/><D106/><U80/><E80/><V90/><F90/><W20/><G82/><T28/><D115/><U60/><N who="1" m="15360" /><DORA hai="129" /><U95/><E95/><V71/><F81/><W92/><G92/><T128/><D93/><U87/><AGARI ba="0,1" hai="17,18,19,46,50,54,56,57,79,83,87" m="15360" machi="87" ten="50,8000,1" yaku="1,1,0,1,8,1,53,1" doraHai="29,129" doraHaiUra="37,76" who="1" fromWho="1" sc="317,-20,194,90,223,-20,256,-40" /><INIT seed="4,0,0,3,0,112" ten="297,284,203,216" oya="0" hai0="29,43,95,103,97,4,60,113,86,130,68,46,105" hai1="111,20,33,87,78,27,66,50,126,48,127,11,108" hai2="34,79,38,122,12,115,107,22,44,101,42,83,94" hai3="24,77,96,88,56,123,26,37,35,31,80,132,67"/><T62/><D130/><U13/><E33/><V91/><F115/><W128/><G37/><T47/><D113/><U114/><E66/><V32/><F122/><W0/><G0/><T59/><D4/><N who="1" m="3303" /><E114/><V40/><F40/><W6/><G6/><T65/><D43/><U9/><E9/><V110/><F110/><N who="1" m="42025" /><E87/><V1/><F1/><W92/><G123/><T57/><D68/><U16/><E78/><V121/><F121/><W21/><G128/><T15/><D15/><N who="1" m="9247" /><E48/><V84/><F22/><W125/><G132/><T99/><D86/><U25/><E50/><V106/><F12/><W124/><G56/><T117/><D29/><U51/><E51/><V118/><F118/><W53/><G53/><T100/><REACH who="0" step="1"/><D117/><REACH who="0" ten="287,284,203,216" step="2"/><U109/><E109/><V5/><F5/><W8/><G31/><T134/><D134/><U36/><E36/><V52/><F38/><W18/><G26/><AGARI ba="0,1" hai="25,26,27,126,127" m="9247,42025,3303" machi="26" ten="30,3900,0" yaku="34,2,54,1" doraHai="112" who="1" fromWho="3" sc="287,0,284,49,203,0,216,-39" /><INIT seed="5,0,0,3,2,88" ten="287,333,203,177" oya="1" hai0="71,67,89,10,66,38,118,76,86,31,46,7,36" hai1="77,93,30,47,69,4,32,112,60,11,110,80,91" hai2="29,73,82,119,126,22,54,99,19,0,2,85,94" hai3="117,33,48,116,13,40,127,97,81,14,26,87,105"/><U12/><E112/><V115/><F119/><N who="3" m="45643" /><G127/><T27/><D76/><U52/><E110/><V5/><F126/><W45/><G33/><T25/><D118/><U92/><E32/><V8/><F115/><W104/><G26/><T23/><D71/><U1/><E30/><V43/><F29/><W101/><G105/><T53/><D27/><U9/><E69/><V79/><F43/><W49/><G49/><T55/><D38/><U131/><E131/><V95/><F73/><W75/><G75/><T39/><D39/><U61/><E60/><V84/><F0/><W100/><G100/><T3/><D36/><U120/><E120/><V122/><F122/><W128/><G128/><T134/><D134/><U121/><E121/><V78/><F99/><W21/><G21/><T103/><D103/><U68/><E68/><V108/><F54/><W102/><G102/><T125/><D125/><U17/><E91/><AGARI ba="0,0" hai="13,14,40,45,48,81,87,91,97,101,104" m="45643" machi="91" ten="30,1000,0" yaku="12,1" doraHai="88" who="3" fromWho="1" sc="287,0,333,-10,203,0,177,10" /><INIT seed="6,0,0,0,4,83" ten="287,323,203,187" oya="2" hai0="130,87,115,44,13,120,25,16,2,22,36,85,100" hai1="50,119,61,17,37,5,41,129,69,11,4,10,109" hai2="28,74,34,116,123,125,104,80,23,30,106,35,82" hai3="33,51,133,45,32,101,1,121,12,21,91,18,124"/><V3/><F123/><W68/><G121/><T46/><D2/><U108/><E119/><V24/><F3/><W64/><G68/><T43/><D120/><U111/><E129/><V15/><F116/><W27/><G64/><T14/><D130/><U98/><E37/><V84/><F125/><W105/><G1/><T134/><D134/><U57/><E69/><V70/><F70/><W19/><G124/><T6/><D115/><U72/><E72/><V73/><F15/><W58/><G58/><T39/><D100/><U113/><E113/><V97/><F97/><W90/><G101/><T132/><D132/><U77/><E77/><V66/><F66/><W7/><G105/><T9/><D25/><U52/><E98/><V60/><F60/><W65/><G65/><T127/><D127/><U128/><E128/><V48/><F48/><W78/><G78/><T114/><D114/><U126/><E126/><V49/><F49/><W31/><G7/><T54/><D54/><U107/><E107/><V103/><F103/><W94/><G19/><T26/><D26/><U56/><E17/><V20/><REACH who="2" step="1"/><F24/><REACH who="2" ten="287,323,193,187" step="2"/><W55/><G133/><T0/><D0/><N who="1" m="263" /><E108/><V93/><F93/><W79/><G33/><T75/><D75/><U81/><E81/><V62/><F62/><W59/><G32/><T118/><D118/><U76/><E111/><V47/><F47/><W117/><G45/><T67/><D67/><N who="1" m="39335" /><E109/><V96/><F96/><W88/><G117/><T102/><D102/><U95/><E95/><V135/><F135/><W122/><G122/><T99/><D99/><U40/><E50/><RYUUKYOKU ba="0,1" sc="287,15,323,-15,193,15,187,-15" hai0="6,9,13,14,16,22,36,39,43,44,46,85,87" hai2="20,23,28,30,34,35,73,74,80,82,84,104,106" /><INIT seed="6,1,1,0,5,104" ten="302,308,208,172" oya="2" hai0="126,44,43,85,27,131,90,42,105,51,124,38,109" hai1="13,97,79,121,58,65,64,15,111,100,55,93,75" hai2="81,110,99,88,26,71,61,130,95,50,129,32,106" hai3="119,49,76,31,22,74,98,116,135,14,115,125,24"/><V83/><F110/><W28/><G125/><N who="0" m="48235" /><D105/><U72/><E111/><V23/><F32/><W66/><G66/><T134/><D109/><U46/><E121/><V40/><F106/><W39/><G39/><T103/><D103/><U18/><E46/><N who="2" m="25927" /><F71/><W30/><G135/><T2/><D2/><U54/><E15/><V35/><F35/><W127/><G127/><T6/><D6/><U102/><E100/><V108/><F108/><W19/><G98/><T37/><D131/><N who="2" m="50186" /><F61/><W34/><G49/><T67/><D134/><U107/><E107/><V113/><F113/><W89/><G89/><T17/><D42/><U3/><E3/><V73/><F73/><W122/><G122/><T86/><D90/><U59/><E79/><V80/><F80/><W1/><G74/><T0/><D0/><U41/><E75/><V69/><F69/><W91/><G76/><T56/><D38/><U123/><E72/><V52/><F52/><N who="1" m="20009" /><E123/><V20/><F20/><W53/><G91/><T77/><D77/><U10/><E41/><V84/><F99/><W114/><G53/><N who="0" m="31807" /><D86/><U21/><E21/><V63/><F63/><W45/><G45/><T16/><D85/><U48/><E48/><V25/><F25/><W62/><G62/><T68/><D27/><U12/><E13/><V101/><F101/><W8/><G1/><T29/><D29/><AGARI ba="1,1" hai="23,26,29,81,83,84,88,95" m="50186,25927" machi="29" ten="30,2900,0" yaku="19,1,54,1" doraHai="104" who="2" fromWho="0" sc="302,-32,308,0,208,42,172,0" /><INIT seed="6,2,0,2,1,101" ten="270,308,250,172" oya="2" hai0="132,134,35,28,91,113,117,107,61,111,86,108,1" hai1="64,112,102,21,2,44,39,109,23,15,30,76,11" hai2="5,33,94,53,63,31,22,97,90,25,126,47,87" hai3="128,20,96,16,100,85,6,89,38,26,124,84,69"/><V40/><F126/><W18/><G69/><T120/><D1/><U123/><E109/><V42/><F5/><W92/><G38/><T81/><D120/><U57/><E2/><V17/><F63/><W73/><G128/><T32/><D117/><U43/><E76/><V36/><F42/><W7/><G73/><T62/><D113/><U135/><E112/><V10/><F10/><W99/><G124/><T95/><D95/><U4/><E123/><V115/><F115/><W103/><G85/><T83/><D28/><U45/><E135/><V37/><F53/><W78/><G78/><T79/><D79/><U14/><E102/><V34/><F37/><W127/><G127/><T67/><D67/><U75/><E75/><V74/><F74/><W52/><G18/><T104/><D86/><U49/><E30/><V72/><F72/><W27/><G27/><T29/><D29/><U24/><E15/><V55/><F55/><W66/><G66/><T80/><D80/><U56/><E64/><V105/><REACH who="2" step="1"/><F31/><REACH who="2" ten="270,308,240,172" step="2"/><W13/><G7/><T59/><D59/><U125/><E125/><V122/><F122/><W65/><G65/><T9/><D9/><U71/><E71/><V19/><F19/><W77/><G6/><T110/><D110/><U48/><E39/><V50/><F50/><W130/><G52/><T46/><D46/><U121/><E121/><V0/><F0/><W93/><G130/><T133/><D134/><U129/><E129/><V106/><F106/><N who="3" m="63751" /><G26/><T118/><D118/><U119/><E119/><V68/><F68/><W88/><G77/><T60/><D60/><RYUUKYOKU ba="2,1" sc="270,10,308,-30,240,10,172,10" hai0="32,35,61,62,81,83,91,104,107,108,111,132,133" hai2="17,22,25,33,34,36,40,47,87,90,94,97,105" hai3="13,16,20,84,88,89,92,93,99,103" /><INIT seed="6,3,1,3,2,134" ten="280,278,250,182" oya="2" hai0="122,9,86,32,48,100,44,4,38,63,5,41,97" hai1="85,107,110,20,90,123,129,71,8,103,23,70,42" hai2="72,133,130,21,30,17,15,58,64,73,34,116,1" hai3="94,65,47,119,18,46,91,2,31,121,83,12,14"/><V135/><F116/><W106/><G2/><T22/><D32/><U87/><E110/><V81/><F1/><W89/><G106/><T6/><D122/><U132/><E132/><N who="2" m="50763" /><F81/><W61/><G119/><T75/><D75/><U128/><E123/><V68/><F68/><N who="1" m="26153" /><E42/><V66/><F130/><N who="1" m="50281" /><E8/><V54/><F30/><W88/><G31/><T118/><D38/><U80/><E87/><V124/><F34/><W125/><G83/><T76/><D22/><U62/><E62/><V26/><F72/><W92/><G121/><T77/><D63/><U95/><E107/><V120/><F73/><W69/><G14/><T93/><D118/><U59/><E59/><V28/><F120/><W33/><G33/><T98/><D98/><AGARI ba="3,1" hai="20,23,80,85,90,95,98,103" m="50281,26153" machi="98" ten="30,1000,0" yaku="19,1" doraHai="134" who="1" fromWho="0" sc="280,-19,278,29,250,0,182,0" /><INIT seed="7,0,0,5,5,22" ten="261,307,250,182" oya="3" hai0="132,15,23,87,55,112,27,13,31,76,19,32,118" hai1="49,92,68,38,12,24,97,45,67,56,59,17,37" hai2="65,50,1,100,88,53,94,89,117,101,7,8,75" hai3="2,99,33,125,36,25,86,60,131,42,28,54,82"/><W126/><G2/><T105/><D105/><U63/><E24/><V122/><F117/><W9/><G9/><T109/><D109/><U0/><E0/><V6/><F75/><W46/><G131/><T58/><D118/><U123/><E123/><V40/><F122/><W124/><G99/><T114/><D132/><U14/><E56/><V107/><F107/><W128/><G128/><T102/><D102/><N who="2" m="39530" /><F65/><W134/><G134/><T34/><D34/><U64/><E64/><V18/><F40/><W4/><G4/><T108/><D108/><U29/><E29/><V135/><F1/><W90/><G60/><T74/><D74/><U78/><E78/><V66/><F66/><W77/><REACH who="3" step="1"/><G54/><REACH who="3" ten="261,307,250,172" step="2"/><T120/><D120/><U80/><E97/><N who="2" m="57543" /><F135/><W116/><G116/><T3/><D3/><U43/><E63/><V110/><F6/><W84/><G84/><T95/><D55/><U20/><E67/><V98/><F7/><W48/><G48/><T61/><D61/><U16/><E49/><V21/><F8/><W30/><G30/><T47/><D31/><U41/><E38/><V5/><F5/><W52/><G52/><T85/><D85/><U130/><E37/><V79/><F50/><W83/><G83/><T127/><D87/><U113/><E80/><V11/><F53/><W69/><G69/><T26/><D58/><U121/><E59/><V44/><F11/><W115/><G115/><T51/><D114/><U119/><E113/><V104/><F98/><W72/><G72/><T103/><D112/><U35/><E130/><V71/><F71/><W91/><AGARI ba="0,1" hai="25,28,33,36,42,46,77,82,86,90,91,124,125,126" machi="91" ten="40,18000,2" yaku="1,1,5,1,0,1,18,1,52,1,53,1" doraHai="22" doraHaiUra="39" who="3" fromWho="3" sc="261,-60,307,-60,250,-60,172,190" owari="201,-20.0,247,5.0,190,-31.0,362,46.0" /></mjloggm>