<mjloggm ver="2.3"><GO type="65" lobby="0"/><UN n0="%E5%B0%B1%E6%B4%BB%E7%94%9F%40%E5%B7%9D%E6%9D%91%E8%BB%8D%E5%9B%A3" n1="%43%61%69%6E%31%32%31%38" n2="%E3%83%AA%E3%83%BC%E3%83%81%32%38%E5%8F%B7" n3="%41%EF%BC%8A%EF%BC%AB" dan="8,5,11,1" rate="1593.12,1537.63,1516.22,1490.13" sx="M,M,M,M"/><TAIKYOKU oya="0"/><INIT seed="0,0,0,0,2,59" ten="250,250,250,250" oya="0" hai0="131,61,27,94,57,99,44,24,110,100,103,41,6" hai1="114,53,47,80,66,65,75,18,19,23,15,92,35" hai2="28,29,67,122,46,107,48,104,112,25,7,117,43" hai3="135,87,125,96,33,11,76,38,42,40,60,115,73"/><T50/><D131/><U1/><E114/><V120/><F112/><W0/><G115/><T51/><D110/><U69/><E92/><V37/><F7/><W13/><G135/><T8/><D51/><N who="1" m="28927" /><E69/><V64/><F25/><W32/><G33/><T12/><REACH who="0" step="1"/><D103/><REACH who="0" ten="240,250,250,250" step="2"/><U113/><E113/><V105/><F117/><W68/><G125/><T77/><D77/><U9/><E1/><V20/><F48/><W55/><G73/><T121/><D121/><U56/><E35/><V26/><REACH who="2" step="1"/><F29/><REACH who="2" ten="240,250,240,250" step="2"/><W81/><G32/><T49/><D49/><U31/><E75/><V72/><F72/><W39/><G38/><T128/><D128/><U86/><E31/><V108/><F108/><W52/><G39/><T45/><D45/><U90/><E56/><V109/><F109/><W30/><G30/><T119/><D119/><U91/><E91/><V71/><F71/><W22/><G68/><T84/><D84/><U126/><E126/><V74/><F74/><W4/><G0/><T95/><D95/><U88/><E90/><V16/><F16/><N who="1" m="6185" /><E23/><V101/><F101/><W62/><G22/><T34/><D34/><U123/><E123/><AGARI ba="0,2" hai="20,26,28,37,43,46,64,67,104,105,107,120,122,123" machi="123" ten="50,1600,0" yaku="1,1,53,0" doraHai="59" doraHaiUra="3" who="2" fromWho="1" sc="240,0,250,-16,240,36,250,0" /><INIT seed="1,0,0,1,4,93" ten="240,234,276,250" oya="1" hai0="108,133,4,22,0,5,24,102,70,59,130,3,117" hai1="122,101,82,40,75,84,99,46,42,74,71,89,125" hai2="123,61,85,18,124,95,118,79,112,37,72,88,1" hai3="11,97,90,63,116,132,48,55,28,14,44,106,98"/><U110/><E71/><V92/><F1/><N who="0" m="586" /><D70/><U114/><E75/><V2/><F123/><W87/><G116/><T86/><D102/><U10/><E74/><V100/><F124/><W115/><G106/><T21/><D59/><U127/><E122/><V131/><F2/><W94/><G115/><T50/><D50/><U49/><E110/><V17/><F37/><W113/><G132/><T52/><D52/><N who="1" m="29751" /><E114/><V23/><F131/><W36/><G113/><T105/><D86/><U54/><E54/><V120/><F118/><W77/><G36/><T12/><D105/><N who="1" m="63679" /><E10/><V64/><F120/><W78/><G63/><T107/><D107/><U39/><E39/><V30/><F112/><W69/><G69/><T41/><D41/><U76/><E76/><N who="3" m="29290" /><G28/><N who="0" m="17423" /><D117/><U32/><E32/><V83/><F92/><W38/><G38/><T66/><D66/><U13/><E13/><V29/><F17/><AGARI ba="0,0" hai="11,14,17,44,48,55,87,90,94,97,98" m="29290" machi="17" ten="30,3900,0" yaku="8,1,52,2" doraHai="93" who="3" fromWho="2" sc="240,0,234,0,276,-39,250,39" /><INIT seed="2,0,0,5,0,105" ten="240,234,237,289" oya="2" hai0="132,21,20,124,90,55,107,25,97,70,3,123,38" hai1="10,43,19,50,92,113,116,111,51,100,2,126,12" hai2="72,58,99,63,95,78,61,46,115,23,91,11,108" hai3="47,68,88,65,73,133,119,28,17,83,135,42,110"/><V44/><F108/><W120/><G119/><T85/><D70/><U82/><E111/><V87/><F115/><W122/><G110/><T60/><D38/><U4/><E113/><V64/><F11/><W67/><G28/><T96/><D3/><U57/><E116/><V16/><F63/><W98/><G17/><T66/><D123/><N who="3" m="47145" /><G68/><T121/><D124/><U130/><E126/><V9/><F9/><W94/><G42/><T69/><D132/><N who="3" m="50761" /><G47/><T49/><D107/><U76/><E130/><V31/><F31/><W39/><G39/><T131/><D131/><U103/><E2/><V15/><REACH who="2" step="1"/><F99/><REACH who="2" ten="240,234,227,289" step="2"/><W36/><G36/><T89/><D121/><U22/><E51/><V128/><F128/><W34/><G34/><T62/><D97/><N who="1" m="59431" /><E103/><V74/><F74/><W6/><G6/><T18/><D96/><U106/><E106/><V86/><F86/><W129/><G129/><T101/><D101/><U7/><E10/><V77/><F77/><AGARI ba="0,1" hai="65,67,73,77,83,88,94,98" m="50761,47145" machi="77" ten="30,3900,0" yaku="20,1,52,1,54,1" doraHai="105" who="3" fromWho="2" sc="240,0,234,0,227,-39,289,49" /><INIT seed="3,0,0,3,2,99" ten="240,234,188,338" oya="3" hai0="83,41,131,13,71,19,75,29,127,93,60,0,56" hai1="62,91,46,128,51,117,81,49,120,5,73,70,78" hai2="36,85,24,23,118,129,104,88,119,21,54,68,86" hai3="48,132,26,112,30,53,89,135,126,43,32,35,122"/><W58/><G122/><T115/><D71/><U69/><E91/><V6/><F36/><W101/><G112/><T110/><D127/><U67/><E51/><V105/><F68/><N who="1" m="26217" /><E49/><V44/><F6/><W52/><G43/><T134/><D0/><U39/><E67/><V38/><F38/><W59/><G35/><T98/><D41/><N who="1" m="22847" /><E62/><V37/><F37/><W90/><G126/><T1/><D1/><U40/><E120/><V130/><F44/><W34/><G34/><T20/><D115/><U103/><E40/><V8/><F24/><W3/><G101/><T65/><D131/><N who="2" m="50186" /><F8/><W25/><G3/><T87/><D134/><N who="3" m="51241" /><G26/><T63/><D75/><N who="1" m="43231" /><E5/><V79/><F54/><W123/><G123/><T17/><D110/><U102/><E128/><V80/><F23/><W18/><G18/><T72/><D72/><U133/><E133/><V76/><F21/><W107/><G107/><N who="2" m="41033" /><F79/><W109/><G109/><T28/><D63/><AGARI ba="0,0" hai="25,30,32,48,52,53,58,59,63,89,90" m="51241" machi="63" ten="30,2900,0" yaku="20,1,54,1" doraHai="99" who="3" fromWho="0" sc="240,-29,234,0,188,0,338,29" owari="211,-19.0,234,3.0,188,-31.0,367,47.0" /></mjloggm>