<mjloggm ver="2.3"><GO type="41" lobby="0"/><UN n0="%E5%81%B6%E6%98%AF%E8%B7%AF%E4%BA%BA" n1="%E3%82%A6%E3%83%AB%E3%83%88%E3%83%A9%E7%AB%8B%E7%9B%B4" n2="%E9%BB%92%E6%9C%A8%E8%B1%B9%E4%BB%8B" n3="%6C%6F%6F%6F%6B" dan="14,15,13,13" rate="1998.95,2030.65,1899.24,1878.08" sx="M,M,M,M"/><TAIKYOKU oya="0"/><INIT seed="0,0,0,2,0,120" ten="250,250,250,250" oya="0" hai0="77,127,29,100,53,28,39,15,82,131,123,104,56" hai1="67,23,68,96,132,58,93,98,79,107,91,2,40" hai2="45,114,52,66,12,43,130,103,0,62,81,89,25" hai3="69,109,18,78,80,9,61,49,21,60,85,112,20"/><T116/><D123/><U111/><E68/><V24/><F0/><W94/><G112/><T32/><D116/><U110/><E2/><V14/><F114/><W84/><G69/><T133/><D39/><U31/><E40/><V101/><F130/><W106/><G106/><T22/><D131/><U51/><E51/><N who="2" m="28783" /><F66/><W13/><G109/><N who="1" m="41482" /><E132/><V122/><F122/><W90/><REACH who="3" step="1"/><G49/><REACH who="3" ten="250,250,250,240" step="2"/><N who="0" m="30767" /><D133/><U135/><E135/><V71/><F71/><W5/><G5/><T42/><D127/><U126/><E126/><V35/><F62/><AGARI ba="0,1" hai="9,13,18,20,21,60,61,62,78,80,84,85,90,94" machi="62" ten="40,8000,1" yaku="1,1,8,1,53,2" doraHai="120" doraHaiUra="17" who="3" fromWho="2" sc="250,0,250,0,250,-80,240,90" /><INIT seed="1,0,0,1,3,91" ten="250,250,170,330" oya="1" hai0="62,118,59,74,11,3,124,32,66,2,104,108,135" hai1="78,38,45,7,103,83,60,71,30,94,92,89,133" hai2="61,58,41,18,86,87,49,15,35,48,4,14,128" hai3="8,134,80,57,123,96,113,70,31,47,107,54,125"/><U42/><E133/><V36/><F35/><W99/><G123/><T115/><RYUUKYOKU type="yao9" ba="0,0" sc="250,0,250,0,170,0,330,0" hai0="2,3,11,32,59,62,66,74,104,108,115,118,124,135" /><INIT seed="1,1,0,2,3,91" ten="250,250,170,330" oya="1" hai0="19,24,127,99,62,4,106,94,116,64,9,135,98" hai1="37,122,76,47,52,65,83,31,30,89,54,5,3" hai2="10,58,126,57,118,110,66,101,69,61,67,27,44" hai3="56,1,23,84,49,93,80,97,34,108,129,12,117"/><U133/><E122/><V119/><F101/><W21/><G117/><T107/><D116/><U72/><E133/><V22/><F10/><W28/><G108/><T128/><D135/><U88/><E65/><V59/><F22/><W130/><G1/><T0/><D128/><U112/><E112/><V111/><F27/><W124/><G124/><T17/><D127/><U16/><E16/><V36/><F126/><W96/><G34/><T29/><D99/><N who="3" m="37961" /><G93/><T6/><D6/><U120/><E120/><V14/><F14/><W103/><G103/><T8/><D8/><N who="1" m="2111" /><E30/><V134/><F134/><W39/><G39/><T82/><D82/><U113/><E31/><V25/><F25/><N who="3" m="16431" /><G12/><T48/><D106/><U26/><E26/><V60/><F119/><W131/><G23/><T43/><D107/><U15/><E15/><V13/><F13/><W68/><G68/><T74/><D74/><U41/><E113/><V46/><F118/><W71/><G71/><T53/><D43/><U11/><E11/><V115/><F115/><W40/><G40/><T63/><D24/><U73/><E73/><V79/><F79/><N who="3" m="46111" /><G49/><T33/><D33/><U132/><E132/><V55/><F36/><W123/><G56/><N who="2" m="21609" /><F67/><W104/><G104/><T95/><D29/><U75/><E75/><V78/><F78/><W35/><G35/><T86/><D48/><U125/><E125/><V20/><F20/><W51/><G51/><T90/><D64/><U87/><E89/><V109/><AGARI ba="1,0" hai="44,46,55,59,60,61,66,69,109,110,111" m="21609" machi="109" ten="40,5200,0" yaku="14,1,34,2" doraHai="91" who="2" fromWho="2" sc="250,-14,250,-27,170,55,330,-14" /><INIT seed="2,0,0,2,2,10" ten="236,223,225,316" oya="2" hai0="24,94,42,73,47,15,58,99,18,53,88,36,102" hai1="113,19,3,83,22,25,107,35,79,43,71,90,106" hai2="39,135,128,92,123,87,49,127,48,2,9,45,56" hai3="85,80,6,76,108,116,29,60,111,119,21,57,62"/><V72/><F123/><W110/><G6/><T4/><D73/><U109/><E71/><V55/><F72/><W27/><REACH who="3" step="1"/><G62/><REACH who="3" ten="236,223,225,306" step="2"/><T122/><D4/><U89/><E109/><V34/><F34/><W26/><G26/><T41/><D24/><U66/><E25/><V16/><F2/><W64/><AGARI ba="0,1" hai="21,27,29,57,60,64,76,80,85,108,110,111,116,119" machi="64" ten="30,4000,0" yaku="1,1,0,1,14,1,53,0" doraHai="10" doraHaiUra="93" who="3" fromWho="3" sc="236,-10,223,-10,225,-20,306,50" /><INIT seed="3,0,0,2,1,46" ten="226,213,205,356" oya="3" hai0="15,34,61,33,36,80,0,10,21,26,76,96,122" hai1="68,91,73,72,57,53,99,110,37,83,93,130,7" hai2="105,59,71,19,2,98,6,135,85,12,95,22,54" hai3="69,74,30,92,20,132,24,70,35,60,31,120,101"/><W116/><G120/><T48/><D36/><U52/><E68/><V11/><F71/><W25/><G116/><T27/><D122/><U14/><E37/><V90/><F135/><W28/><G74/><T81/><D61/><U17/><E110/><V112/><F112/><W13/><G30/><T104/><D0/><U18/><E130/><V44/><F44/><W97/><G132/><T65/><D65/><U126/><E126/><V47/><F47/><W39/><G39/><T123/><D123/><U102/><E73/><V75/><F75/><W128/><G128/><T50/><D76/><U94/><E53/><V84/><F105/><W117/><G117/><T41/><D41/><U131/><E131/><V38/><F38/><W23/><REACH who="3" step="1"/><G60/><AGARI ba="0,0" hai="2,6,11,12,19,22,54,59,60,84,85,90,95,98" machi="60" ten="30,1000,0" yaku="7,1" doraHai="46" who="2" fromWho="3" sc="226,0,213,0,205,10,356,-10" /><INIT seed="4,0,0,4,1,128" ten="226,213,215,346" oya="0" hai0="82,51,37,131,33,7,69,42,70,95,89,36,35" hai1="81,72,117,107,30,1,114,126,67,80,18,110,45" hai2="97,129,68,39,2,29,121,0,59,4,124,40,79" hai3="120,130,102,12,135,25,55,16,103,63,48,127,87"/><T61/><D131/><U27/><E67/><V66/><F121/><W98/><G120/><T83/><D7/><U93/><E45/><V65/><F129/><W123/><G123/><T118/><D118/><U32/><E18/><V20/><F124/><W14/><G130/><T46/><D37/><U134/><E1/><V38/><F79/><W24/><G127/><T43/><D43/><U8/><E8/><V113/><F113/><W101/><G135/><T91/><D91/><U105/><E110/><V119/><F119/><W84/><G63/><T115/><D115/><U133/><E114/><V71/><F97/><W49/><G98/><T132/><D132/><N who="1" m="50795" /><E126/><V125/><F125/><W78/><G78/><T19/><D19/><U13/><E13/><V9/><F29/><W64/><G64/><T75/><D69/><U56/><E117/><V99/><F99/><W5/><G14/><T50/><D70/><U111/><E111/><V100/><F100/><W28/><G5/><T109/><D109/><U86/><E56/><V23/><F4/><W77/><G28/><T88/><D46/><U122/><E122/><V10/><F59/><N who="3" m="33255" /><G12/><T53/><D36/><U11/><E11/><V47/><F47/><W116/><G16/><T3/><D3/><U34/><E34/><V6/><F6/><W73/><G116/><T17/><D17/><U62/><E62/><V54/><F54/><W92/><G49/><T44/><D61/><U58/><E58/><V22/><F22/><W85/><G92/><T96/><D35/><U90/><E72/><V31/><F31/><W26/><G73/><RYUUKYOKU ba="0,0" sc="226,-30,213,10,215,10,346,10" hai1="27,30,32,80,81,86,90,93,105,107" hai2="0,2,9,10,20,23,38,39,40,65,66,68,71" hai3="24,25,26,77,84,85,87,101,102,103" /><INIT seed="5,1,0,2,5,6" ten="196,223,225,356" oya="1" hai0="22,49,20,128,107,100,3,44,10,103,35,57,91" hai1="17,130,18,21,50,75,73,63,51,26,133,33,48" hai2="118,19,43,93,30,45,82,58,36,113,46,115,119" hai3="125,70,74,41,64,25,110,40,96,84,94,55,7"/><U98/><E33/><V87/><F93/><W69/><G110/><T92/><D35/><U13/><E130/><V76/><F30/><W2/><G2/><T77/><D128/><U52/><E133/><V8/><F58/><W66/><G74/><T89/><D77/><U117/><E117/><V134/><F134/><W83/><G125/><T122/><D122/><U108/><E108/><V95/><F95/><W105/><G105/><T61/><D107/><U34/><E34/><V16/><F46/><W31/><G70/><T99/><D100/><U47/><E98/><V104/><F104/><W29/><G69/><T62/><D62/><U123/><E123/><V5/><F119/><W126/><G126/><T72/><D72/><U4/><E4/><V109/><F118/><W39/><G39/><T78/><D78/><U14/><E26/><V121/><F109/><W116/><G7/><T9/><D3/><U23/><E63/><V28/><F28/><N who="3" m="10827" /><G55/><N who="0" m="30119" /><D91/><U0/><E0/><N who="2" m="39" /><F121/><W135/><G25/><T88/><D89/><U106/><E106/><V132/><F132/><W1/><G1/><T53/><D103/><U42/><E51/><V111/><F111/><W11/><G116/><T32/><D32/><U24/><E24/><V112/><AGARI ba="1,0" hai="16,19,36,43,45,76,82,87,112,113,115" m="39" machi="112" ten="30,7900,0" yaku="15,1,11,1,52,1,54,1" doraHai="6" who="2" fromWho="2" sc="196,-21,223,-40,225,82,356,-21" /><INIT seed="6,0,0,2,1,87" ten="175,183,307,335" oya="2" hai0="117,132,127,131,12,16,41,56,97,74,98,109,89" hai1="17,93,28,104,44,65,4,91,46,128,82,25,11" hai2="114,79,106,42,30,112,73,96,27,115,49,23,94" hai3="77,66,113,133,36,48,85,80,105,78,53,90,58"/><V100/><F73/><W64/><G113/><N who="2" m="28929" /><V21/><DORA hai="70" /><F79/><W72/><G133/><T60/><D109/><U24/><E104/><V86/><F21/><W14/><G105/><T19/><D74/><U111/><E111/><V59/><F59/><W92/><G77/><T38/><D132/><U101/><E101/><V57/><F57/><W121/><G36/><T15/><D127/><U61/><E82/><V34/><F34/><W76/><G76/><T88/><D131/><U81/><E81/><V125/><F125/><W51/><G121/><T9/><D117/><U116/><E128/><V50/><F42/><W95/><G95/><T55/><D38/><U110/><E110/><V69/><F69/><W83/><G92/><T6/><D41/><U35/><E116/><V108/><F108/><W31/><G31/><T103/><D103/><U118/><E118/><V8/><F8/><W126/><G126/><T71/><D71/><U33/><E61/><V29/><F29/><W124/><G124/><T54/><D6/><U129/><E65/><V45/><F45/><W63/><REACH who="3" step="1"/><G14/><REACH who="3" ten="175,183,307,325" step="2"/><T130/><D130/><U135/><E129/><V22/><F22/><W32/><G32/><T119/><D119/><U18/><E135/><V1/><F1/><W20/><G20/><N who="0" m="11271" /><D55/><U13/><E35/><V102/><F102/><W7/><G7/><T62/><D62/><U52/><E52/><V99/><F99/><AGARI ba="0,1" hai="9,15,19,54,56,60,88,89,97,98,99" m="11271" machi="99" ten="30,8000,1" yaku="8,1,52,2,54,2" doraHai="87,70" who="0" fromWho="2" sc="175,90,183,0,307,-80,325,0" /><INIT seed="7,0,0,5,1,18" ten="265,183,227,325" oya="3" hai0="26,35,82,99,104,101,61,1,71,19,60,134,3" hai1="133,84,52,114,122,42,126,16,121,41,62,107,27" hai2="22,83,36,25,79,129,127,96,5,28,11,40,87" hai3="64,32,132,48,33,77,135,63,110,58,50,123,12"/><W8/><G123/><T55/><D134/><N who="3" m="51241" /><G110/><T17/><D82/><U6/><E107/><V89/><F129/><W111/><G111/><T92/><D19/><U21/><E133/><V65/><F127/><W4/><G77/><T119/><D119/><U13/><E126/><V131/><F131/><W45/><G45/><T51/><D104/><U108/><E108/><V117/><F117/><W80/><G80/><T10/><D61/><U29/><E121/><V30/><F30/><W34/><AGARI ba="0,0" hai="4,8,12,32,33,34,48,50,58,63,64" m="51241" machi="34" ten="40,2100,0" yaku="20,1" doraHai="18" who="3" fromWho="3" sc="265,-7,183,-7,227,-7,325,21" owari="258,6.0,176,-32.0,220,-18.0,346,44.0" /></mjloggm>