<mjloggm ver="2.3"><GO type="169" lobby="0"/><UN n0="%E6%B0%B7%E6%B2%B3%E9%A2%A8" n1="%E3%82%A6%E3%83%AB%E3%83%88%E3%83%A9%E7%AB%8B%E7%9B%B4" n2="%E3%82%B1%E3%82%A4%EF%BC%91%EF%BC%93" n3="%77%61%64%6F%70%72%6F" dan="18,17,16,16" rate="2242.14,2180.90,2096.29,2108.31" sx="M,M,M,M"/><TAIKYOKU oya="0"/><INIT seed="0,0,0,5,2,121" ten="250,250,250,250" oya="0" hai0="73,127,53,128,14,21,116,131,99,123,22,67,43" hai1="98,122,1,66,94,42,3,96,97,54,100,92,25" hai2="82,16,5,60,78,65,34,45,27,90,114,104,72" hai3="17,8,87,12,111,57,50,35,126,46,24,81,26"/><T106/><D116/><U15/><E122/><V118/><F118/><W77/><G126/><T107/><D123/><U40/><E66/><V49/><F104/><W117/><G117/><T89/><D73/><U69/><E69/><V9/><F34/><W76/><G35/><T56/><D127/><U55/><E96/><V19/><F27/><W32/><G32/><T30/><D67/><U112/><E25/><V62/><F90/><W13/><G77/><T11/><D43/><U36/><E15/><V134/><F62/><W105/><G105/><T135/><D135/><U47/><E112/><V52/><F134/><W80/><G80/><T129/><D30/><U124/><E124/><V44/><F44/><W39/><G39/><T61/><D106/><U120/><E120/><V64/><F64/><W0/><G0/><T29/><D29/><U6/><E6/><V71/><F114/><W28/><G28/><T101/><REACH who="0" step="1"/><D89/><REACH who="0" ten="240,250,250,250" step="2"/><U23/><E42/><V93/><F93/><W48/><G76/><T85/><D85/><U37/><E40/><V51/><F49/><W95/><G87/><T133/><D133/><U86/><E86/><V75/><F72/><W103/><G50/><T68/><D68/><U4/><E37/><V109/><F109/><W130/><G48/><T58/><D58/><U70/><E36/><V113/><F113/><W59/><G111/><T84/><D84/><U20/><E70/><V88/><F88/><W132/><G132/><T110/><D110/><U63/><E47/><V2/><AGARI ba="0,1" hai="2,5,9,16,19,45,51,52,60,65,71,75,78,82" machi="2" ten="20,5200,0" yaku="0,1,7,1,54,2" doraHai="121" who="2" fromWho="2" sc="240,-26,250,-13,250,62,250,-13" /><INIT seed="1,0,0,5,0,118" ten="214,237,312,237" oya="1" hai0="101,40,36,111,6,81,65,112,17,0,79,58,7" hai1="33,50,85,119,100,102,70,116,12,106,32,127,8" hai2="103,123,63,61,59,62,105,75,38,54,129,19,134" hai3="45,114,41,28,117,131,95,78,44,21,91,126,39"/><U20/><E70/><V69/><F123/><W42/><G117/><T90/><D112/><U23/><E127/><V74/><F38/><W133/><G114/><T88/><D101/><U56/><E8/><V22/><F103/><W34/><G126/><T60/><D111/><U97/><E85/><V84/><F105/><W99/><G133/><T35/><D35/><U124/><E124/><V82/><F129/><W68/><G68/><T128/><D128/><U49/><E12/><V46/><F46/><W25/><G131/><T94/><D17/><U13/><E13/><V92/><F92/><W30/><G78/><T120/><D120/><U47/><E56/><V31/><F31/><W77/><G77/><T67/><D67/><U57/><E57/><V51/><F69/><W15/><G15/><T121/><D121/><U11/><E11/><V52/><F54/><W80/><G80/><T37/><D40/><U96/><REACH who="1" step="1"/><E106/><REACH who="1" ten="214,227,312,237" step="2"/><V9/><F9/><W3/><G3/><T93/><D0/><U87/><E87/><V76/><F134/><W5/><G5/><T71/><D71/><U24/><E24/><N who="2" m="14431" /><F75/><W72/><G72/><T115/><D115/><U135/><E135/><V83/><F74/><W48/><G34/><T43/><D6/><U2/><E2/><V107/><F107/><W27/><G27/><T14/><D7/><U73/><E73/><V130/><F130/><W53/><G53/><T10/><D10/><U104/><E104/><V125/><F125/><W66/><G66/><T86/><D65/><U4/><E4/><V108/><F82/><W64/><G64/><RYUUKYOKU ba="0,1" sc="214,-30,227,10,312,10,237,10" hai1="20,23,32,33,47,49,50,96,97,100,102,116,119" hai2="51,52,59,61,62,63,76,83,84,108" hai3="21,25,28,30,39,41,42,44,45,48,91,95,99" /><INIT seed="1,1,1,0,0,104" ten="184,237,322,247" oya="1" hai0="27,112,132,5,117,88,127,56,2,8,77,31,57" hai1="94,111,116,13,38,133,113,106,20,134,17,63,67" hai2="41,80,48,128,91,101,35,65,98,28,19,37,44" hai3="30,107,15,33,39,34,32,105,75,16,95,82,129"/><U51/><E106/><V135/><F101/><W102/><G129/><T36/><D112/><U54/><E38/><V71/><F98/><W6/><G6/><T97/><D117/><U40/><E40/><V25/><F128/><W58/><G39/><T4/><D36/><U76/><E116/><V130/><F130/><W43/><G43/><T74/><D5/><U53/><E113/><V66/><F71/><W42/><G42/><T22/><D132/><N who="1" m="50795" /><E111/><V90/><F37/><W26/><G95/><T73/><D127/><U96/><E76/><V110/><F110/><W59/><G102/><T120/><D120/><U114/><E51/><V85/><F135/><W118/><G105/><T52/><D57/><N who="1" m="37359" /><E114/><V21/><F91/><AGARI ba="1,1" hai="13,17,20,53,54,91,94,96" m="37359,50795" machi="91" ten="30,1500,0" yaku="20,1" doraHai="104" who="1" fromWho="2" sc="184,0,237,28,322,-18,247,0" /><INIT seed="1,2,0,1,0,9" ten="184,265,304,247" oya="1" hai0="59,36,77,48,71,108,1,67,19,4,21,125,6" hai1="27,109,93,105,62,66,61,104,122,2,20,60,102" hai2="128,18,118,89,25,47,49,17,86,3,55,115,13" hai3="15,114,63,132,31,127,85,8,90,126,124,41,103"/><U72/><E2/><V82/><F3/><W133/><G114/><T83/><D36/><U87/><E72/><V120/><F115/><W135/><G41/><T50/><D108/><U57/><E122/><V69/><F128/><W10/><G103/><T130/><D130/><U134/><E134/><V95/><F69/><W112/><G112/><T98/><D71/><U14/><E109/><V92/><F118/><W0/><G31/><T12/><D125/><U29/><E104/><V91/><F120/><W51/><G51/><T28/><D98/><N who="1" m="59727" /><E105/><V37/><F37/><W43/><G43/><T116/><D116/><U33/><E33/><V100/><F100/><W123/><G123/><T131/><D131/><U70/><E70/><V78/><F89/><W99/><G99/><T117/><D28/><U68/><E68/><V26/><F18/><N who="3" m="8551" /><G63/><N who="1" m="24138" /><E87/><V84/><REACH who="2" step="1"/><F92/><REACH who="2" ten="184,265,294,247" step="2"/><N who="3" m="54351" /><G0/><T79/><D117/><U111/><E111/><V32/><F32/><W7/><G126/><T11/><D1/><U45/><E29/><V75/><F75/><W24/><G127/><T96/><D4/><U113/><E113/><V38/><F38/><W54/><G124/><T42/><D6/><U101/><E101/><V34/><F34/><W52/><G132/><T35/><D35/><U44/><E27/><V121/><F121/><W56/><G133/><T74/><D74/><U22/><E20/><AGARI ba="2,1" hai="13,17,20,25,26,47,49,55,78,82,84,86,91,95" machi="20" ten="30,12000,2" yaku="1,1,7,1,8,1,52,1,53,2" doraHai="9" doraHaiUra="81" who="2" fromWho="1" sc="184,0,265,-126,294,136,247,0" /><INIT seed="2,0,0,4,0,112" ten="184,139,430,247" oya="2" hai0="9,74,120,41,114,103,134,61,89,94,18,31,131" hai1="1,83,22,21,15,76,132,129,8,48,80,58,27" hai2="4,98,32,13,111,59,49,126,28,55,82,12,113" hai3="0,84,47,45,34,56,121,66,86,99,81,17,54"/><V51/><F113/><W90/><G121/><T119/><D120/><U23/><E1/><V50/><F126/><W77/><G34/><T91/><D74/><U39/><E39/><V11/><F82/><N who="1" m="31273" /><E76/><V127/><F127/><W100/><G0/><T36/><D36/><U42/><E129/><V72/><F72/><W65/><G86/><T108/><D41/><U10/><E132/><V14/><F111/><W122/><G122/><T78/><D78/><U104/><E104/><V101/><F28/><W60/><G77/><T125/><D31/><N who="1" m="17903" /><E10/><V25/><F25/><W44/><REACH who="3" step="1"/><G17/><REACH who="3" ten="184,139,430,237" step="2"/><T35/><D18/><N who="1" m="8551" /><E58/><V107/><REACH who="2" step="1"/><F32/><REACH who="2" ten="184,139,420,237" step="2"/><W46/><N who="3" m="11264" /><DORA hai="116" /><W26/><G26/><T63/><D35/><U69/><E42/><V7/><F7/><W124/><G124/><T115/><D125/><U87/><E87/><V43/><F43/><W19/><G19/><T20/><D115/><U62/><E22/><V24/><F24/><W68/><G68/><T106/><D114/><U3/><E23/><V71/><F71/><W95/><AGARI ba="0,2" hai="54,56,60,65,66,81,84,90,95,99,100" m="11264" machi="95" ten="40,8000,1" yaku="1,1,0,1,8,1,53,1" doraHai="112,116" doraHaiUra="92,5" who="3" fromWho="3" sc="184,-20,139,-20,420,-40,237,100" /><INIT seed="3,0,0,2,2,41" ten="164,119,380,337" oya="3" hai0="82,120,98,102,104,20,81,65,69,105,121,12,3" hai1="62,7,63,55,56,2,43,29,71,47,16,93,64" hai2="28,58,116,92,75,5,4,0,48,8,103,14,59" hai3="124,26,35,112,37,99,52,101,67,109,113,133,53"/><W85/><G37/><T126/><D3/><U83/><E29/><V80/><F116/><W76/><G133/><T66/><D105/><U87/><E93/><V39/><F39/><W130/><G124/><T134/><D134/><U19/><E7/><V10/><F28/><W34/><G67/><T11/><D126/><U24/><E2/><V72/><F48/><W60/><G130/><T127/><D20/><U42/><E24/><V123/><F123/><W79/><G85/><T119/><D119/><U27/><E27/><V78/><F72/><W95/><G109/><T131/><D131/><U94/><E94/><V44/><F44/><W13/><G13/><T107/><D107/><U6/><E6/><V108/><F108/><W132/><G132/><T18/><D127/><U36/><REACH who="1" step="1"/><E43/><REACH who="1" ten="164,109,380,337" step="2"/><V86/><REACH who="2" step="1"/><F86/><REACH who="2" ten="164,109,370,337" step="2"/><W97/><G35/><T57/><D120/><U40/><E40/><V32/><F32/><W129/><G34/><T1/><D121/><U73/><E73/><V30/><F30/><W106/><G129/><T84/><D84/><U128/><E128/><V33/><F33/><W17/><G99/><AGARI ba="0,2" hai="0,4,5,8,10,14,58,59,75,78,80,92,99,103" machi="99" ten="40,1300,0" yaku="1,1,53,0" doraHai="41" doraHaiUra="125" who="2" fromWho="3" sc="164,0,109,0,370,33,337,-13" /><INIT seed="4,0,0,2,3,45" ten="164,109,403,324" oya="0" hai0="103,38,84,32,82,102,98,10,100,112,113,26,116" hai1="121,33,105,126,52,71,39,123,66,108,7,40,90" hai2="42,47,51,30,89,97,111,68,55,128,91,19,49" hai3="106,119,21,18,9,25,115,124,67,57,17,110,76"/><T6/><D38/><U59/><E105/><V130/><F68/><W61/><G106/><T14/><D116/><U129/><E33/><V5/><F97/><W43/><G119/><T95/><D32/><U4/><E90/><V109/><F30/><W132/><G110/><T23/><D113/><U44/><E7/><V92/><F89/><W11/><G115/><T29/><REACH who="0" step="1"/><D112/><REACH who="0" ten="154,109,403,324" step="2"/><U133/><E108/><V34/><F34/><W101/><G124/><T54/><D54/><U8/><E126/><V125/><F125/><W70/><G132/><T134/><D134/><U72/><E133/><V93/><F111/><W83/><G43/><T88/><AGARI ba="0,1" hai="6,10,14,23,26,29,82,84,88,95,98,100,102,103" machi="88" ten="20,18000,2" yaku="1,1,0,1,7,1,8,1,54,1,53,1" doraHai="45" doraHaiUra="79" who="0" fromWho="0" sc="154,190,109,-60,403,-60,324,-60" /><INIT seed="4,1,0,3,2,16" ten="344,49,343,264" oya="0" hai0="15,98,110,94,96,28,53,91,22,108,111,122,36" hai1="115,50,112,89,25,82,100,70,106,55,123,38,62" hai2="6,113,26,47,118,114,65,71,41,81,37,45,58" hai3="35,23,117,102,29,56,18,101,128,14,92,79,95"/><T63/><D122/><U116/><E38/><V132/><F118/><W66/><G117/><T119/><D119/><U60/><E116/><V127/><F71/><W74/><G128/><T120/><D36/><U135/><E123/><V87/><F45/><W30/><G74/><T52/><D120/><U1/><E1/><V51/><F6/><W67/><G79/><T10/><D96/><N who="1" m="61703" /><E70/><V77/><F132/><W40/><G40/><T64/><D28/><N who="3" m="10857" /><G35/><T99/><D99/><U83/><E25/><V11/><F26/><W4/><G4/><N who="0" m="3527" /><D22/><U33/><E33/><V86/><F127/><W131/><G131/><T21/><D21/><U31/><E31/><V90/><F11/><W48/><G48/><T72/><D72/><U93/><E60/><V85/><F90/><W19/><G19/><T134/><D134/><U43/><E62/><N who="2" m="38103" /><F37/><W68/><G68/><AGARI ba="1,0" hai="52,53,63,64,68,91,94,98,108,110,111" m="3527" machi="68" ten="30,2900,0" yaku="10,1,54,1" doraHai="16" who="0" fromWho="3" sc="344,32,49,0,343,0,264,-32" /><INIT seed="4,2,0,1,0,95" ten="376,49,343,232" oya="0" hai0="24,101,111,28,39,37,89,88,48,42,103,120,119" hai1="69,114,53,40,16,4,1,70,129,126,135,6,76" hai2="21,36,23,30,65,90,35,130,56,78,108,57,82" hai3="121,94,87,26,63,55,134,15,14,17,123,93,47"/><T96/><D119/><U83/><E4/><V127/><F36/><W131/><G134/><T105/><D120/><N who="3" m="46153" /><G131/><T50/><D111/><U49/><E6/><V32/><F130/><W12/><G87/><T20/><D103/><U102/><E1/><V31/><F90/><W113/><G113/><T66/><D66/><U99/><E40/><V74/><F127/><W59/><G47/><T68/><D68/><U81/><E81/><V25/><F108/><W104/><G104/><T125/><D125/><U58/><E114/><V19/><F65/><W86/><G86/><T10/><D10/><U62/><E129/><V132/><F132/><W43/><G43/><T80/><D80/><U73/><E135/><V110/><F110/><W100/><G100/><T54/><D48/><U77/><E77/><V97/><F97/><W71/><G71/><T18/><D28/><U52/><E126/><V0/><F0/><W79/><G79/><T34/><D34/><U45/><REACH who="1" step="1"/><E16/><REACH who="1" ten="376,39,343,232" step="2"/><V38/><F19/><W115/><G115/><T107/><D42/><U22/><E22/><AGARI ba="2,1" hai="12,14,15,17,22,26,55,59,63,93,94" m="46153" machi="22" ten="30,1000,0" yaku="13,1" doraHai="95" who="3" fromWho="1" sc="376,0,39,-16,343,0,232,26" /><INIT seed="5,0,0,3,4,75" ten="376,23,343,258" oya="1" hai0="101,121,130,78,112,39,96,49,19,10,20,79,38" hai1="81,23,82,68,36,29,47,118,91,122,5,100,107" hai2="12,88,35,134,72,113,13,11,30,84,127,106,116" hai3="54,105,32,40,3,2,16,133,0,65,6,92,52"/><U128/><E68/><V31/><F106/><W85/><G105/><T56/><D39/><U61/><E122/><V125/><F116/><W7/><G32/><T90/><D38/><U102/><E118/><V21/><F72/><W131/><G40/><T63/><D121/><U59/><E107/><V62/><F35/><W111/><G65/><T97/><D112/><U48/><E36/><V9/><F62/><W132/><G111/><T129/><D49/><U8/><E128/><N who="0" m="49257" /><D10/><U41/><E23/><V83/><F134/><W80/><G92/><N who="0" m="56343" /><D97/><U76/><E29/><V103/><F103/><W114/><G114/><T27/><D101/><U119/><E119/><V42/><F42/><W117/><G117/><T135/><D135/><U120/><E120/><V123/><F113/><W33/><G131/><T4/><D4/><U67/><E91/><V71/><F71/><W74/><G6/><T25/><D27/><U115/><E82/><V28/><F21/><W110/><G7/><T99/><D99/><U53/><E115/><V37/><F37/><W26/><G26/><T45/><D45/><U95/><E95/><V109/><F109/><W89/><G133/><T66/><AGARI ba="0,0" hai="19,20,25,56,63,66,78,79" m="56343,49257" machi="66" ten="30,4000,0" yaku="19,1,52,2" doraHai="75" who="0" fromWho="0" sc="376,40,23,-20,343,-10,258,-10" /><INIT seed="6,0,0,4,4,0" ten="416,3,333,248" oya="2" hai0="10,32,96,64,112,127,85,126,15,111,6,24,7" hai1="119,70,14,71,109,30,102,19,54,3,57,60,103" hai2="21,5,4,132,41,29,42,52,34,84,86,79,80" hai3="131,113,76,117,65,33,63,123,9,45,49,1,128"/><V118/><F34/><W121/><G33/><T31/><D111/><U44/><E14/><V106/><F106/><W22/><G117/><T51/><D112/><U92/><E19/><V97/><F132/><W67/><G113/><T55/><D64/><U37/><E37/><V78/><F97/><W36/><G76/><N who="2" m="29225" /><F118/><W58/><G36/><T18/><D96/><U88/><E30/><V95/><F95/><W81/><G81/><T27/><D85/><N who="2" m="32874" /><F80/><W48/><G67/><T56/><REACH who="0" step="1"/><D27/><REACH who="0" ten="406,3,333,248" step="2"/><U26/><E54/><V134/><F134/><W99/><G99/><T83/><D83/><U116/><E119/><V90/><F90/><W100/><G100/><T135/><D135/><U69/><E88/><V108/><F108/><W89/><G89/><T133/><D133/><U110/><E116/><V87/><F87/><W122/><G122/><T47/><D47/><U77/><E44/><V129/><F129/><W2/><G123/><T93/><D93/><U82/><E26/><N who="2" m="16591" /><F52/><W46/><G121/><T20/><D20/><U115/><E92/><V35/><F35/><W72/><G131/><T107/><D107/><U101/><E115/><V124/><F124/><AGARI ba="0,1" hai="6,7,10,15,18,24,31,32,51,55,56,124,126,127" machi="124" ten="40,8000,1" yaku="1,1,18,1,52,2,53,0" doraHai="0" doraHaiUra="43" who="0" fromWho="2" sc="406,90,3,0,333,-80,248,0" /><INIT seed="7,0,0,3,0,131" ten="496,3,253,248" oya="3" hai0="28,79,103,24,104,43,52,123,73,21,91,22,135" hai1="37,119,19,54,33,86,114,23,0,115,59,100,118" hai2="71,99,51,44,27,107,42,4,40,68,106,87,90" hai3="48,89,35,50,36,25,60,5,75,128,96,3,112"/><W110/><G36/><T58/><D135/><U26/><E86/><V12/><F42/><W88/><G75/><T66/><D123/><U46/><E100/><V121/><F121/><W57/><G128/><T29/><D66/><U10/><E54/><V49/><F49/><W95/><G112/><T126/><D126/><U61/><E59/><V2/><F2/><W31/><G110/><T97/><D43/><U111/><E61/><V32/><F99/><W134/><G134/><T74/><D91/><U83/><E46/><V6/><F6/><W82/><G3/><T76/><D76/><U62/><E62/><V80/><F4/><W14/><G5/><T85/><D85/><U20/><E83/><V15/><F27/><W84/><G14/><T53/><D79/><U105/><E105/><N who="2" m="39947" /><F32/><W101/><G89/><T125/><D125/><U63/><E63/><V77/><F90/><W8/><G8/><T11/><D11/><U132/><E37/><V67/><F71/><W70/><G70/><T116/><D116/><U133/><E0/><V34/><F34/><W7/><G7/><T130/><D130/><U16/><E33/><V38/><F38/><W69/><G69/><T129/><D129/><U117/><E10/><V65/><F68/><W78/><G78/><T13/><D13/><U92/><E92/><V72/><F72/><W113/><G113/><T108/><D108/><U122/><E118/><V102/><F102/><W64/><AGARI ba="0,0" hai="25,31,35,48,50,57,60,64,82,84,88,95,96,101" machi="64" ten="20,3900,0" yaku="0,1,7,1,54,1" doraHai="131" who="3" fromWho="3" sc="496,-13,3,-13,253,-13,248,39" owari="483,58.0,-10,-51.0,240,-16.0,287,9.0" /></mjloggm>