<mjloggm ver="2.3"><GO type="41" lobby="0"/><UN n0="%E5%B0%B1%E6%B4%BB%E7%94%9F%40%E5%B7%9D%E6%9D%91%E8%BB%8D%E5%9B%A3" n1="%53%54%31%32%30%31%30%39" n2="%E3%83%9F%E3%83%AA%E3%83%BC%E3%83%88" n3="%E5%BE%A1%E6%99%AF%E3%82%86%E3%81%9A%E3%81%8D" dan="15,13,14,14" rate="2001.21,1845.45,2000.82,2048.15" sx="M,M,M,F"/><TAIKYOKU oya="0"/><INIT seed="0,0,0,2,4,10" ten="250,250,250,250" oya="0" hai0="65,27,116,107,108,50,72,82,4,48,17,133,51" hai1="20,56,126,0,129,70,106,69,34,31,131,7,58" hai2="74,104,46,71,53,40,103,19,38,110,32,105,63" hai3="28,111,49,120,33,121,66,128,78,37,13,1,100"/><T30/><D116/><U14/><E106/><V118/><F32/><W2/><G37/><T21/><D107/><U98/><E126/><V23/><F118/><W44/><G111/><T8/><D133/><U60/><E98/><V12/><F74/><W83/><G128/><T134/><D108/><U36/><E36/><V43/><F43/><W25/><G100/><T130/><D134/><U93/><E93/><V114/><F114/><W132/><G66/><T18/><D130/><N who="1" m="49675" /><E0/><V73/><F73/><N who="3" m="43471" /><G13/><T47/><D65/><N who="1" m="39047" /><E58/><V35/><F35/><W59/><G59/><T52/><D72/><U62/><E62/><V109/><F103/><W127/><G127/><T42/><D82/><U91/><E91/><V3/><F3/><W86/><G86/><T29/><D29/><U11/><E20/><V22/><F109/><W80/><G80/><T57/><D50/><U67/><E67/><V81/><F81/><W76/><G76/><T135/><REACH who="0" step="1"/><D135/><REACH who="0" ten="240,250,250,250" step="2"/><U54/><E31/><V117/><F117/><W41/><G132/><T64/><D64/><U6/><E34/><V16/><F110/><W61/><G61/><T87/><D87/><U112/><E112/><V85/><F85/><W5/><G121/><T55/><D55/><U24/><E54/><V68/><F53/><W92/><G120/><T96/><D96/><U94/><E94/><V99/><F99/><W122/><G122/><T89/><D89/><U88/><E88/><V15/><F63/><W45/><G92/><T115/><D115/><U84/><E84/><V123/><F123/><W97/><G97/><T75/><D75/><RYUUKYOKU ba="0,1" sc="240,15,250,-15,250,15,250,-15" hai0="4,8,17,18,21,27,30,42,47,48,51,52,57" hai2="12,15,16,19,22,23,38,40,46,68,71,104,105" /><INIT seed="0,1,1,5,2,123" ten="255,235,265,235" oya="0" hai0="101,82,7,111,83,81,30,25,115,3,86,46,65" hai1="79,85,90,10,24,27,64,120,92,128,102,106,91" hai2="58,75,129,45,11,87,98,108,42,29,130,117,26" hai3="50,53,40,35,14,116,34,77,36,76,54,18,2"/><T17/><D115/><U133/><E120/><V41/><F117/><W99/><G2/><T110/><D17/><U49/><E64/><V74/><F58/><W56/><G116/><T94/><D7/><U1/><E133/><V95/><F11/><W134/><G134/><T44/><D3/><U100/><E128/><N who="2" m="49259" /><F87/><W38/><G38/><T31/><D65/><U15/><E1/><V62/><F62/><W32/><G40/><N who="2" m="15465" /><F45/><W5/><G36/><T59/><D59/><U63/><E79/><V109/><F75/><W20/><G5/><T37/><D30/><U60/><E49/><V61/><F61/><N who="1" m="23625" /><E106/><V28/><F74/><W126/><G54/><T113/><D113/><U6/><E91/><N who="2" m="55679" /><F29/><W43/><G43/><T71/><D71/><U70/><E70/><V67/><F67/><W51/><G51/><T124/><D37/><U114/><E114/><V55/><F55/><W69/><G69/><T9/><D9/><U89/><E89/><V78/><F78/><W80/><G76/><T23/><D124/><U131/><E131/><V8/><F8/><W119/><G126/><T122/><D122/><U125/><E125/><V97/><F97/><W48/><G48/><T16/><D31/><U66/><E66/><V72/><F72/><N who="3" m="43047" /><G99/><N who="0" m="59639" /><D86/><U19/><E6/><V112/><F112/><W73/><G73/><T33/><D33/><AGARI ba="1,1" hai="26,28,33,108,109" m="55679,15465,49259" machi="33" ten="30,3900,0" yaku="19,1,52,2" doraHai="123" who="2" fromWho="0" sc="255,-42,235,0,265,52,235,0" /><INIT seed="1,0,0,2,0,110" ten="213,235,317,235" oya="1" hai0="46,123,44,81,11,131,88,24,25,80,70,111,72" hai1="23,21,7,127,58,32,128,22,105,90,120,34,38" hai2="60,114,115,77,102,112,0,78,135,125,55,47,65" hai3="63,48,67,12,19,96,103,16,15,134,92,132,64"/><U2/><E120/><V93/><F125/><W85/><G48/><T37/><D111/><U104/><E38/><V56/><F135/><N who="3" m="51755" /><G85/><T99/><D123/><U94/><E127/><V41/><F0/><W86/><G86/><T39/><D70/><U30/><E128/><V83/><F65/><W31/><G31/><T106/><D131/><U119/><E119/><V84/><F78/><W133/><N who="3" m="51763" /><W69/><DORA hai="51" /><G64/><T61/><D72/><U43/><E43/><V109/><F109/><W82/><G82/><T27/><D11/><U14/><E2/><V3/><F3/><W57/><G69/><T91/><D61/><U74/><E74/><V101/><F93/><W40/><G40/><T116/><D116/><U36/><E36/><AGARI ba="0,0" hai="36,41,47,55,56,60,77,83,84,101,102,112,114,115" machi="36" ten="40,8000,1" yaku="11,1,52,4" doraHai="110,51" who="2" fromWho="1" sc="213,0,235,-80,317,80,235,0" /><INIT seed="2,0,0,5,3,23" ten="213,155,397,235" oya="2" hai0="107,72,123,9,83,32,125,24,128,30,10,80,29" hai1="17,53,119,7,73,3,106,2,122,87,40,78,28" hai2="129,38,4,43,133,102,96,126,71,26,79,97,35" hai3="109,120,118,68,0,116,124,93,41,103,75,115,86"/><V98/><F71/><W21/><G68/><T108/><D123/><U14/><E119/><V57/><F126/><W76/><G0/><T50/><D107/><U60/><E106/><V90/><F133/><W6/><G6/><T22/><D125/><U49/><E73/><V95/><F129/><W85/><G41/><T61/><D128/><U111/><E111/><V36/><F79/><W127/><G21/><T5/><D108/><U91/><E122/><V77/><F77/><W47/><G47/><T13/><D72/><U66/><E40/><V39/><F57/><W112/><G109/><T81/><D29/><U48/><E78/><V99/><F43/><W94/><G76/><T45/><D61/><U37/><E37/><V131/><F4/><W121/><G75/><T18/><REACH who="0" step="1"/><D5/><REACH who="0" ten="203,155,397,235" step="2"/><U92/><E7/><V132/><F131/><W56/><G56/><T44/><D44/><U69/><E28/><V12/><F132/><W54/><G54/><AGARI ba="0,1" hai="9,10,13,18,22,24,30,32,45,50,54,80,81,83" machi="54" ten="40,2600,0" yaku="1,1,52,1,53,0" doraHai="23" doraHaiUra="134" who="0" fromWho="3" sc="203,36,155,0,397,0,235,-26" /><INIT seed="3,0,0,3,4,29" ten="239,155,397,209" oya="3" hai0="5,123,53,88,94,69,104,98,55,78,50,36,79" hai1="91,10,130,83,25,73,62,126,110,106,76,42,54" hai2="67,14,82,92,46,103,122,2,11,127,133,121,117" hai3="12,47,99,28,84,108,21,32,34,43,66,115,111"/><W97/><G115/><T93/><D36/><U119/><E106/><V0/><F117/><W22/><G66/><T63/><D104/><U9/><E42/><V6/><F127/><W113/><G113/><T81/><D123/><N who="2" m="47114" /><F133/><W77/><G21/><T31/><D31/><U56/><E119/><V120/><F120/><W61/><G61/><T1/><D1/><N who="2" m="618" /><F67/><W24/><G77/><T45/><D5/><U33/><E126/><V86/><F46/><W59/><G59/><N who="0" m="35311" /><D81/><U114/><E114/><V41/><F41/><W112/><G84/><N who="0" m="52359" /><D69/><U96/><E110/><N who="3" m="42026" /><G112/><T38/><D38/><U87/><E130/><V13/><F13/><W20/><G20/><T134/><D134/><U124/><E124/><V95/><F103/><AGARI ba="0,0" hai="45,50,55,78,79,94,98,103" m="52359,35311" machi="103" ten="30,2000,0" yaku="8,1,54,1" doraHai="29" who="0" fromWho="2" sc="239,20,155,0,397,-20,209,0" /><INIT seed="4,0,0,5,4,3" ten="259,155,377,209" oya="0" hai0="106,96,31,49,129,41,103,82,34,100,126,52,57" hai1="68,12,123,14,74,44,86,83,61,134,111,53,115" hai2="47,25,135,9,122,54,116,109,58,132,37,8,48" hai3="20,32,70,75,79,104,125,21,117,46,77,69,5"/><T128/><D103/><U119/><E111/><V91/><F109/><W120/><G46/><T93/><D126/><U64/><E123/><V118/><F122/><W76/><G32/><T87/><D106/><U124/><E119/><N who="2" m="45611" /><F25/><W113/><G117/><T72/><D72/><U42/><E124/><V94/><F37/><W133/><G120/><T26/><REACH who="0" step="1"/><D41/><REACH who="0" ten="249,155,377,209" step="2"/><U97/><E74/><V17/><F135/><W81/><G125/><T78/><AGARI ba="0,1" hai="26,31,34,49,52,57,78,82,87,93,96,100,128,129" machi="78" ten="30,12000,1" yaku="1,1,2,1,0,1,54,1,53,1" doraHai="3" doraHaiUra="28" who="0" fromWho="0" sc="249,130,155,-40,377,-40,209,-40" /><INIT seed="4,1,0,1,2,49" ten="379,115,337,169" oya="0" hai0="133,119,46,80,53,108,0,4,64,130,134,3,115" hai1="12,7,23,33,44,59,96,76,85,103,131,63,121" hai2="26,34,75,47,113,83,122,5,123,6,120,135,129" hai3="1,92,39,22,78,18,56,29,21,57,94,54,81"/><T48/><D119/><U20/><E121/><V65/><F113/><W60/><G1/><T8/><D115/><U66/><E33/><V98/><F98/><W104/><G104/><T102/><D130/><U42/><E131/><V118/><F129/><W41/><G41/><T19/><D108/><U126/><E126/><V55/><F118/><W73/><G39/><T9/><D102/><U62/><E76/><V58/><F135/><N who="0" m="51722" /><D64/><U24/><E24/><V37/><F65/><W50/><G29/><T69/><D69/><U106/><E85/><V90/><F34/><W125/><G125/><T128/><D128/><U110/><E110/><V77/><F26/><W30/><G30/><T100/><D100/><U97/><E96/><V72/><F90/><W116/><G116/><T88/><D19/><U14/><E14/><V105/><F105/><W101/><G101/><T111/><D111/><U132/><E132/><V16/><F16/><W74/><G74/><T109/><D109/><U51/><E12/><V114/><F75/><W68/><G68/><T40/><D40/><U95/><E7/><V93/><F114/><W52/><G21/><T43/><D43/><U36/><E106/><V17/><F120/><W117/><G117/><T31/><D31/><U89/><E103/><V25/><F122/><W11/><G11/><N who="0" m="4171" /><D4/><U35/><E35/><V67/><F6/><W28/><G28/><T32/><D32/><U27/><E27/><AGARI ba="1,0" hai="18,22,27,50,52,54,56,57,60,73,78,81,92,94" machi="27" ten="30,7700,0" yaku="7,1,52,2,54,1" doraHai="49" who="3" fromWho="1" sc="379,0,115,-80,337,0,169,80" /><INIT seed="5,0,0,5,4,125" ten="379,35,337,249" oya="1" hai0="79,50,41,84,131,95,78,85,12,104,98,30,58" hai1="4,40,64,105,9,96,29,15,32,11,27,60,120" hai2="121,35,53,0,59,23,24,2,69,42,45,111,39" hai3="101,112,55,48,38,47,81,51,34,8,123,28,3"/><U25/><E120/><V16/><F69/><W37/><G123/><T99/><D131/><U73/><E73/><V75/><F121/><W77/><G112/><T135/><D135/><U118/><E118/><V100/><F75/><W126/><G126/><T6/><D104/><U68/><E40/><V114/><F111/><W89/><G101/><T82/><D30/><U54/><E25/><V22/><F114/><W86/><G28/><T130/><D130/><U76/><E76/><V26/><F100/><W49/><G34/><T65/><D65/><U66/><E64/><V117/><F35/><W90/><G37/><T115/><D115/><U5/><E54/><V43/><F43/><W33/><G33/><T17/><D6/><U10/><E5/><V132/><F132/><W87/><G38/><T129/><D129/><U63/><E63/><V83/><F83/><W14/><G3/><T70/><D70/><U113/><E113/><V1/><F117/><W13/><G13/><T7/><D7/><U134/><E134/><V56/><REACH who="2" step="1"/><F53/><REACH who="2" ten="379,35,327,249" step="2"/><W106/><G106/><T57/><D41/><U46/><E46/><V19/><AGARI ba="0,1" hai="0,1,2,16,19,22,23,24,26,39,42,45,56,59" machi="19" ten="30,8000,1" yaku="1,1,2,1,0,1,9,1,54,1,53,0" doraHai="125" doraHaiUra="116" who="2" fromWho="2" sc="379,-20,35,-40,327,90,249,-20" owari="359,16.0,-5,-51.0,417,52.0,229,-17.0" /></mjloggm>