<mjloggm ver="2.3"><GO type="97" lobby="0"/><UN n0="%E7%B4%94%E3%81%95%E3%82%93" n1="%E3%83%88%E3%83%8B%E3%83%BC%E2%99%AA%E2%99%AA" n2="%E3%82%A6%E3%83%AB%E3%83%88%E3%83%A9%E7%AB%8B%E7%9B%B4" n3="%6D%61%6A%6F%72%69%74%79" dan="14,14,15,14" rate="1906.54,1894.10,1983.06,1905.79" sx="M,M,M,M"/><TAIKYOKU oya="0"/><INIT seed="0,0,0,3,2,125" ten="250,250,250,250" oya="0" hai0="114,89,131,128,29,112,19,54,68,5,66,132,32" hai1="55,16,59,65,50,123,103,94,76,47,49,62,119" hai2="34,98,74,127,105,100,133,60,126,28,120,1,69" hai3="91,48,53,88,122,130,52,17,40,31,9,77,129"/><T61/><D132/><U97/><E123/><V39/><F60/><W11/><G122/><T80/><D5/><U93/><E119/><V63/><F28/><W25/><G77/><T57/><D19/><U78/><E93/><V118/><F63/><W3/><G40/><T45/><D45/><U21/><REACH who="1" step="1"/><E50/><REACH who="1" ten="250,240,250,250" step="2"/><V106/><F98/><W23/><G53/><T20/><D32/><U36/><E36/><V8/><F106/><W58/><G11/><T101/><D112/><U95/><E95/><V15/><F8/><W109/><G109/><T90/><D114/><U7/><E7/><V75/><F100/><W86/><G3/><T64/><D101/><U2/><E2/><V113/><F126/><W46/><G46/><T108/><D108/><U22/><E22/><V14/><F14/><AGARI ba="0,1" hai="14,16,21,47,49,55,59,62,65,76,78,94,97,103" machi="14" ten="30,8000,1" yaku="1,1,7,1,8,1,54,1,53,1" doraHai="125" doraHaiUra="10" who="1" fromWho="2" sc="250,0,240,90,250,-80,250,0" /><INIT seed="1,0,0,3,4,73" ten="250,330,170,250" oya="1" hai0="93,22,86,124,9,134,24,79,95,45,18,2,58" hai1="40,66,118,63,39,61,74,55,69,43,37,19,10" hai2="84,34,98,133,64,127,47,78,67,81,51,17,108" hai3="97,91,46,129,35,27,94,90,54,88,130,3,33"/><U123/><E74/><V0/><F0/><W104/><G3/><T71/><D71/><U135/><E10/><V87/><F34/><W62/><G104/><T7/><D124/><U32/><E19/><V114/><F108/><W122/><G122/><T16/><D134/><U80/><E32/><N who="3" m="12362" /><G27/><T83/><D18/><U109/><E80/><V52/><F133/><W106/><G106/><T48/><REACH who="0" step="1"/><D58/><REACH who="0" ten="240,330,170,250" step="2"/><N who="1" m="35039" /><E135/><V105/><F127/><W68/><G68/><T4/><D4/><U101/><E123/><V21/><F114/><W116/><G116/><T57/><D57/><U120/><E120/><V112/><F112/><W76/><G130/><T56/><D56/><U85/><E118/><V5/><F5/><W121/><G129/><T107/><D107/><U44/><E109/><V60/><F60/><W31/><G62/><T113/><D113/><U131/><E131/><V119/><F119/><W12/><G121/><T117/><D117/><U70/><E70/><V110/><F110/><W126/><G126/><T82/><D82/><U49/><E69/><V41/><F105/><W115/><G115/><T20/><D20/><U65/><E63/><V8/><F8/><W11/><G11/><T72/><D72/><U6/><E6/><V26/><F98/><W92/><G97/><T28/><D28/><U15/><E85/><V23/><F87/><W128/><G128/><T1/><D1/><U42/><E66/><N who="2" m="25131" /><F23/><W132/><G132/><T29/><D29/><U14/><E65/><V13/><F26/><W53/><G31/><T30/><D30/><U102/><E15/><V111/><F111/><RYUUKYOKU ba="0,1" sc="240,15,330,-15,170,15,250,-15" hai0="2,7,9,16,22,24,45,48,79,83,86,93,95" hai2="13,17,21,41,47,51,52,78,81,84" /><INIT seed="2,1,1,4,4,123" ten="255,315,185,235" oya="2" hai0="23,111,91,1,131,44,122,106,22,81,77,26,72" hai1="105,110,109,14,126,10,30,49,17,114,42,50,29" hai2="41,45,120,25,28,71,127,90,128,55,56,100,74" hai3="119,108,116,52,9,85,75,4,61,37,62,132,118"/><V58/><F120/><W36/><G75/><T115/><D122/><U16/><E114/><V0/><F0/><W82/><G132/><T73/><D115/><U129/><E105/><V67/><F74/><W68/><G68/><T70/><D1/><U96/><E129/><V7/><F7/><W33/><G33/><T5/><D5/><U98/><E126/><V103/><F128/><W8/><G8/><T38/><D70/><U40/><E14/><V104/><F127/><W51/><G108/><T24/><D111/><U66/><E66/><V76/><F76/><W84/><G84/><T112/><D131/><U101/><E10/><V130/><F130/><W3/><G37/><T83/><D38/><U27/><E101/><V64/><F71/><W99/><G99/><T13/><D77/><U31/><E31/><V124/><F124/><W135/><G36/><T2/><D2/><U97/><E97/><V117/><F117/><W48/><G135/><T15/><D106/><U102/><E102/><N who="2" m="38955" /><F104/><W87/><G51/><T12/><D44/><U39/><E39/><V53/><F90/><W47/><REACH who="3" step="1"/><G87/><REACH who="3" ten="255,315,185,225" step="2"/><T107/><D73/><U93/><E98/><V69/><F69/><W57/><G57/><N who="2" m="22121" /><F41/><W18/><G18/><T121/><D72/><U134/><E42/><V92/><F92/><W125/><G125/><T59/><D121/><U80/><E40/><V21/><F45/><W113/><G113/><T63/><D59/><U65/><E134/><V34/><F34/><W94/><G94/><T78/><D112/><U32/><E93/><V35/><F35/><W46/><G46/><RYUUKYOKU ba="1,2" sc="255,-15,315,-15,185,15,225,15" hai2="21,25,28,53,55,64,67" hai3="3,4,9,47,48,52,61,62,82,85,116,118,119" /><INIT seed="2,2,2,0,3,47" ten="240,300,200,240" oya="2" hai0="4,88,58,126,66,101,52,112,39,111,96,5,82" hai1="61,124,59,109,130,13,99,28,75,74,134,37,19" hai2="80,6,135,133,54,12,84,25,125,33,94,90,113" hai3="30,78,48,65,7,51,131,127,45,70,102,3,14"/><V117/><F125/><W53/><G3/><T2/><D126/><U34/><E37/><V15/><F117/><W98/><G127/><T73/><D39/><U36/><E36/><V71/><F71/><W57/><G131/><T106/><D112/><U44/><E124/><V50/><F113/><W85/><G30/><T38/><D38/><U91/><E44/><V123/><F123/><W110/><G110/><T93/><D66/><U32/><E32/><V72/><F6/><W16/><G7/><T40/><D40/><U42/><E42/><V56/><F25/><W22/><G70/><T100/><D100/><U128/><E109/><V107/><F107/><W87/><G65/><T95/><D2/><U114/><E28/><V68/><F68/><W129/><G129/><T122/><D95/><U29/><E29/><V83/><F33/><W115/><G78/><N who="0" m="44367" /><D122/><U35/><E34/><V0/><F0/><W62/><G115/><T97/><D97/><U92/><E35/><V46/><F46/><W119/><G119/><T17/><D17/><U1/><E114/><V11/><F72/><N who="1" m="27689" /><E1/><V60/><F60/><W49/><REACH who="3" step="1"/><G45/><REACH who="3" ten="240,300,200,230" step="2"/><T104/><D111/><U21/><E130/><V23/><F135/><W77/><G77/><T63/><D4/><U103/><E134/><V132/><F133/><W64/><G64/><T120/><D5/><U31/><E128/><V18/><F132/><W55/><G55/><T108/><D108/><U116/><E116/><V76/><F76/><W105/><AGARI ba="2,3" hai="14,16,22,48,49,51,53,57,62,85,87,98,102,105" machi="105" ten="30,12000,2" yaku="1,1,0,1,52,3,54,1,53,0" doraHai="47" doraHaiUra="26" who="3" fromWho="3" sc="240,-32,300,-32,200,-62,230,156" /><INIT seed="3,0,0,5,1,125" ten="208,268,138,386" oya="3" hai0="76,12,105,123,84,93,40,62,13,102,10,107,38" hai1="35,67,112,15,118,37,129,53,99,63,98,1,36" hai2="134,61,127,55,113,131,94,80,34,71,33,87,56" hai3="133,106,95,70,66,132,41,96,135,110,116,103,8"/><W2/><G116/><T21/><D123/><U50/><E1/><V81/><F113/><W77/><G110/><T72/><D38/><U16/><E35/><N who="2" m="13323" /><F71/><W109/><G109/><T58/><D40/><U27/><E118/><V79/><F127/><W101/><G77/><T26/><D72/><U20/><E99/><V17/><F17/><W22/><G41/><T111/><D111/><U51/><E51/><V60/><F134/><W121/><G121/><T114/><D114/><U23/><E98/><V5/><F5/><N who="3" m="1079" /><G22/><T88/><D105/><U90/><E23/><V108/><F108/><W89/><G106/><T69/><D69/><U11/><E90/><N who="2" m="53599" /><F61/><AGARI ba="0,0" hai="61,66,70,89,95,96,101,103,132,133,135" m="1079" machi="61" ten="30,1500,0" yaku="20,1" doraHai="125" who="3" fromWho="2" sc="208,0,268,0,138,-15,386,15" owari="208,-19.0,268,7.0,123,-38.0,401,50.0" /></mjloggm>