<mjloggm ver="2.3"><GO type="97" lobby="0"/><UN n0="%E3%83%81%E3%83%AD%E3%83%AD%E8%BB%8D%E6%9B%B9" n1="%E5%B0%B1%E6%B4%BB%E7%94%9F%40%E5%B7%9D%E6%9D%91%E8%BB%8D%E5%9B%A3" n2="%E3%82%AA%E3%82%AF%E3%83%A9%E3%82%B2%E3%83%AD%E6%98%9F%E4%BA%BA" n3="%6D%75%6B%65%6D%69%6E%67" dan="15,13,13,15" rate="2057.14,1880.51,1875.40,1951.41" sx="F,M,M,M"/><TAIKYOKU oya="0"/><INIT seed="0,0,0,0,1,135" ten="250,250,250,250" oya="0" hai0="53,10,121,131,30,120,117,84,96,109,71,123,114" hai1="88,6,106,44,65,23,92,19,24,72,14,48,100" hai2="104,34,62,89,21,2,80,55,86,115,27,32,73" hai3="94,51,98,50,7,15,81,69,99,112,132,57,40"/><T91/><D71/><U85/><E72/><V25/><F115/><W4/><G69/><T49/><D30/><U11/><E65/><V9/><F104/><W119/><G119/><T61/><D114/><U41/><E106/><V58/><F73/><W133/><G112/><T93/><D117/><U70/><E70/><V76/><F76/><W129/><G129/><T59/><D131/><U101/><AGARI ba="0,0" hai="6,11,14,19,23,24,41,44,48,85,88,92,100,101" machi="101" ten="30,4000,0" yaku="0,1,8,1,54,1" doraHai="135" who="1" fromWho="1" sc="250,-20,250,40,250,-10,250,-10" /><INIT seed="1,0,0,3,4,0" ten="230,290,240,240" oya="1" hai0="99,74,7,90,112,128,83,28,133,100,36,60,33" hai1="103,129,71,126,6,125,102,54,101,88,96,113,50" hai2="110,1,72,55,40,114,21,16,86,87,58,51,78" hai3="134,42,122,45,121,12,127,98,20,49,70,115,93"/><U66/><E113/><V105/><F114/><W124/><G70/><T53/><D36/><U43/><E129/><V107/><F1/><W63/><G115/><T37/><D37/><U104/><E43/><V8/><F8/><W106/><G106/><T111/><D112/><U120/><E120/><V119/><F119/><W108/><G108/><T9/><D111/><U10/><E71/><V85/><F110/><W26/><G134/><T73/><D128/><U39/><E66/><V57/><F40/><W29/><G12/><T109/><D133/><U47/><E39/><V59/><F72/><W3/><G3/><T44/><D109/><U17/><E17/><V64/><F78/><W62/><G122/><T52/><D28/><U13/><REACH who="1" step="1"/><E88/><REACH who="1" ten="230,280,240,240" step="2"/><V65/><F107/><W79/><G121/><T2/><D90/><U41/><E41/><V135/><F105/><W34/><G79/><T31/><D31/><U77/><E77/><V15/><F135/><W22/><G34/><T94/><D33/><U48/><E48/><V19/><F19/><W80/><G22/><T23/><D23/><U131/><E131/><V14/><REACH who="2" step="1"/><F15/><REACH who="2" ten="230,280,230,240" step="2"/><W67/><G127/><AGARI ba="0,2" hai="6,10,13,47,50,54,96,101,102,103,104,125,126,127" machi="127" ten="40,7700,0" yaku="1,1,18,1,52,1,53,0" doraHai="0" doraHaiUra="123" who="1" fromWho="3" sc="230,0,280,97,230,0,240,-77" /><INIT seed="1,1,0,2,1,58" ten="230,377,230,163" oya="1" hai0="82,12,59,117,52,61,118,134,44,99,90,67,7" hai1="28,46,2,128,4,119,94,42,79,14,126,41,101" hai2="3,37,27,87,26,102,124,40,1,15,89,54,18" hai3="115,85,57,10,129,120,88,111,75,50,98,86,106"/><U100/><E119/><V95/><F124/><W77/><G120/><T122/><D134/><U97/><E2/><V62/><F37/><W16/><G115/><T13/><D122/><U127/><E128/><V5/><F40/><W0/><G75/><T34/><D34/><U63/><E79/><V33/><F102/><W83/><G0/><T114/><D114/><U72/><E72/><V6/><F3/><W76/><G129/><T23/><D117/><U110/><E110/><V80/><F1/><W84/><G111/><T96/><D118/><U29/><E101/><V68/><F68/><W25/><G106/><T133/><D133/><U47/><E47/><V48/><F62/><W69/><G69/><T123/><D123/><U125/><E42/><V91/><F33/><W70/><G70/><T38/><D38/><U65/><E4/><V39/><F39/><W103/><G103/><T121/><D121/><U8/><E46/><N who="2" m="27927" /><F6/><W135/><G135/><T31/><D7/><N who="1" m="3359" /><E41/><V55/><F55/><N who="3" m="31991" /><G98/><N who="0" m="37419" /><D44/><U78/><E78/><N who="3" m="30314" /><G10/><T24/><D67/><U21/><E21/><AGARI ba="1,0" hai="16,21,25,83,84,85,86,88" m="30314,31991" machi="21" ten="30,3900,0" yaku="8,1,54,2" doraHai="58" who="3" fromWho="1" sc="230,0,377,-42,230,0,163,42" /><INIT seed="2,0,0,2,5,87" ten="230,335,230,205" oya="2" hai0="17,52,78,28,82,1,60,88,43,112,129,68,110" hai1="6,42,14,48,72,38,76,135,35,0,39,83,131" hai2="125,96,37,3,105,103,26,133,40,27,47,108,16" hai3="59,49,75,4,18,25,54,46,132,79,62,102,101"/><V126/><F3/><W84/><G75/><T90/><D1/><U73/><E131/><V119/><F119/><W99/><G132/><T63/><D112/><U64/><E0/><V13/><F133/><W120/><G120/><T91/><D110/><U93/><E35/><V98/><F98/><W12/><G4/><T97/><D129/><U113/><E73/><V100/><F100/><W11/><G99/><T51/><D28/><U65/><E135/><V50/><F37/><W67/><G25/><T74/><D43/><U9/><E113/><V94/><F105/><W45/><G45/><N who="0" m="27759" /><D68/><U31/><E31/><V61/><F61/><N who="0" m="23626" /><D74/><U10/><E10/><V44/><F44/><W15/><G15/><T85/><D17/><U29/><E29/><V55/><F40/><W58/><G58/><T122/><D122/><U36/><E48/><V115/><F115/><W134/><G134/><T111/><D111/><U121/><E42/><V57/><F47/><W70/><G70/><T69/><D69/><U107/><E107/><V106/><F106/><W128/><G128/><T92/><AGARI ba="0,0" hai="78,82,85,88,90,91,92,97" m="23626,27759" machi="92" ten="30,12000,2" yaku="8,1,52,3,54,2" doraHai="87" who="0" fromWho="0" sc="230,120,335,-30,230,-60,205,-30" /><INIT seed="3,0,0,4,4,122" ten="350,305,170,175" oya="3" hai0="1,8,34,46,25,2,40,58,83,89,67,26,47" hai1="126,110,72,17,92,39,82,112,94,95,66,91,97" hai2="68,104,12,77,41,3,57,75,65,107,62,132,6" hai3="81,84,18,63,56,49,73,30,0,86,36,105,131"/><W16/><G73/><T119/><D119/><U88/><E39/><V43/><F132/><W80/><G36/><T48/><D34/><U106/><E66/><V55/><F3/><W85/><G0/><T69/><D69/><U14/><E112/><V59/><F68/><W38/><G38/><T120/><D120/><U52/><E126/><V135/><F135/><W133/><G105/><T127/><D127/><U9/><E110/><V103/><F75/><W13/><G133/><T37/><D2/><U71/><E71/><V42/><F77/><W101/><G131/><T108/><D1/><U115/><E115/><V121/><F121/><W61/><G30/><T100/><D100/><U134/><E134/><V102/><F107/><W7/><G101/><T128/><D128/><U23/><E106/><V113/><F104/><W50/><G63/><N who="0" m="38391" /><D37/><U29/><E72/><V33/><F33/><W93/><G93/><T118/><D118/><U32/><E32/><V79/><F79/><W11/><G80/><T109/><D8/><U45/><E29/><V74/><F74/><W21/><G81/><T15/><D15/><U78/><E23/><V19/><F6/><W27/><G7/><T54/><D47/><U31/><E31/><V4/><F4/><W64/><AGARI ba="0,0" hai="11,13,16,18,21,27,49,50,56,61,64,84,85,86" machi="64" ten="30,6000,0" yaku="0,1,8,1,54,1" doraHai="122" who="3" fromWho="3" sc="350,-20,305,-20,170,-20,175,60" /><INIT seed="3,1,0,5,5,32" ten="330,285,150,235" oya="3" hai0="71,72,54,86,12,8,69,113,83,5,25,63,96" hai1="110,46,44,38,129,94,100,92,76,6,3,115,45" hai2="112,17,80,74,42,73,88,89,85,36,15,125,19" hai3="117,99,1,67,26,14,39,104,47,66,135,123,55"/><W62/><G123/><T121/><D72/><U102/><E115/><V10/><F112/><W84/><G117/><T2/><D121/><U97/><E129/><V130/><F130/><W56/><G1/><T16/><D113/><U23/><E110/><V132/><F132/><W49/><G135/><T77/><D96/><U30/><E76/><V131/><F131/><W48/><G104/><T41/><D41/><U29/><E38/><V11/><F125/><W33/><G33/><T59/><D25/><U78/><E78/><V119/><F119/><W124/><G124/><T27/><D27/><U24/><E30/><V108/><F108/><W82/><G99/><T35/><D35/><U116/><E116/><V0/><F89/><N who="3" m="51351" /><G39/><T79/><D77/><U22/><E22/><AGARI ba="1,0" hai="2,5,8,12,16,22,54,59,63,69,71,79,83,86" machi="22" ten="30,3900,0" yaku="7,1,52,1,54,1" doraHai="32" who="0" fromWho="1" sc="330,42,285,-42,150,0,235,0" owari="372,47.0,243,4.0,150,-35.0,235,-16.0" /></mjloggm>