<mjloggm ver="2.3"><GO type="193" lobby="0"/><UN n0="%E7%A5%9E%E4%BB%8F" n1="%E5%B0%B1%E6%B4%BB%E7%94%9F%40%E5%B7%9D%E6%9D%91%E8%BB%8D%E5%9B%A3" n2="%6B%6F%75%74%61%31%36%33" n3="%E9%9D%A2%E8%88%B5%E4%B8%80%E6%9D%AF%EF%BC%81" dan="12,12,10,10" rate="1678.74,1808.81,1525.36,1475.71" sx="M,M,M,M"/><TAIKYOKU oya="0"/><INIT seed="0,0,0,0,0,128" ten="250,250,250,250" oya="0" hai0="117,77,49,120,11,14,71,33,63,18,125,96,6" hai1="1,76,54,123,57,100,87,12,27,74,32,95,36" hai2="129,20,31,130,67,79,40,66,47,109,104,62,23" hai3="98,51,121,56,64,86,115,99,37,89,43,92,102"/><T122/><D117/><U52/><E1/><V16/><F104/><W19/><G115/><T107/><D33/><U0/><E0/><V55/><F109/><W24/><G121/><T118/><D118/><U46/><E123/><V50/><F79/><W61/><G37/><T10/><D125/><U29/><E74/><V5/><F5/><W42/><G51/><T105/><D77/><U44/><E36/><V28/><F23/><W131/><G131/><N who="2" m="50185" /><F62/><W35/><G99/><T4/><D4/><U101/><E12/><N who="2" m="9223" /><F55/><W127/><G127/><T8/><D49/><U81/><E54/><V17/><F17/><W53/><G53/><T113/><D113/><U26/><E26/><V65/><AGARI ba="0,0" hai="28,31,40,47,50,65,66,67" m="9223,50185" machi="65" ten="30,2000,0" yaku="19,1,54,1" doraHai="128" who="2" fromWho="2" sc="250,-10,250,-5,250,20,250,-5" /><INIT seed="1,0,0,2,0,122" ten="240,245,270,245" oya="1" hai0="109,11,34,81,97,59,115,36,58,22,129,127,95" hai1="50,43,29,1,107,24,47,104,69,67,61,126,102" hai2="79,76,6,25,32,18,99,68,10,108,89,110,31" hai3="45,82,119,87,75,117,23,20,65,14,132,39,134"/><U113/><E126/><V7/><F68/><W90/><G65/><T2/><D36/><U17/><E113/><V16/><F99/><W123/><G123/><T12/><D34/><U98/><E17/><N who="2" m="6763" /><F89/><W28/><G75/><T112/><D127/><U9/><E9/><V124/><F124/><W51/><G39/><T100/><D81/><U8/><E8/><V38/><F38/><W74/><G74/><T135/><D2/><U60/><E60/><V120/><F120/><W21/><G28/><T62/><D22/><U84/><E84/><V33/><F33/><W15/><G45/><T73/><D73/><U41/><E1/><V40/><F40/><W85/><G51/><T54/><D59/><U101/><E101/><V94/><F94/><W86/><G90/><T103/><D103/><U53/><REACH who="1" step="1"/><E107/><REACH who="1" ten="240,235,270,245" step="2"/><V13/><F7/><W55/><G82/><T35/><D100/><U121/><E121/><V48/><F48/><W125/><G125/><T133/><D62/><U83/><E83/><V5/><F5/><W26/><G55/><T91/><D11/><U96/><E96/><V56/><F56/><W93/><G26/><T42/><D54/><U77/><E77/><V64/><F64/><W63/><G63/><T3/><D58/><U72/><E72/><V70/><F70/><W4/><G4/><T118/><D97/><U88/><E88/><V66/><F66/><W78/><G78/><T71/><D91/><U130/><E130/><V131/><F131/><W106/><G106/><T128/><D129/><U52/><E52/><V27/><F27/><W111/><G111/><AGARI ba="0,1" hai="6,10,13,25,31,32,76,79,108,110,111" m="6763" machi="111" ten="30,12000,2" yaku="6,1,14,1,52,3,54,1" doraHai="122" who="2" fromWho="3" sc="240,0,235,0,270,130,245,-120" /><INIT seed="2,0,0,4,0,115" ten="240,235,400,125" oya="2" hai0="111,118,49,129,110,54,85,29,89,107,37,38,77" hai1="23,43,119,13,126,5,90,11,40,16,73,39,82" hai2="116,127,91,63,31,3,122,69,52,19,93,135,121" hai3="41,72,133,20,21,92,105,10,80,1,108,14,106"/><V2/><F135/><W117/><G1/><T112/><D107/><U99/><E126/><V74/><F127/><W44/><G108/><N who="0" m="41515" /><D112/><U124/><E124/><V87/><F74/><W123/><G133/><T55/><D129/><U50/><E39/><N who="0" m="14857" /><D77/><U97/><E119/><V60/><F116/><W42/><G123/><T32/><D32/><U78/><E50/><V83/><F31/><W113/><G113/><T131/><D131/><U86/><E97/><V62/><F69/><W75/><G92/><N who="0" m="54319" /><D29/><U65/><E65/><V98/><F19/><W70/><G70/><T76/><D76/><U114/><E114/><V100/><REACH who="2" step="1"/><F52/><REACH who="2" ten="240,235,390,125" step="2"/><N who="0" m="20010" /><D49/><U71/><E71/><V68/><F68/><W51/><G75/><T132/><D132/><U26/><REACH who="1" step="1"/><E99/><REACH who="1" ten="240,225,390,125" step="2"/><V30/><F30/><W6/><G72/><T61/><D61/><U88/><E88/><V130/><F130/><W94/><G117/><AGARI ba="0,2" hai="117,118" m="20010,54319,14857,41515" machi="117" ten="40,8000,1" yaku="14,1,52,2,54,1" doraHai="115" who="0" fromWho="3" sc="240,100,225,0,390,0,125,-80" /><INIT seed="3,0,0,3,3,112" ten="340,225,390,45" oya="3" hai0="79,94,69,45,9,97,118,120,99,92,19,119,52" hai1="93,74,104,20,57,126,90,50,18,107,2,85,60" hai2="80,98,106,17,40,114,1,100,51,46,83,26,38" hai3="109,121,67,82,24,125,30,81,11,135,105,14,6"/><W86/><G121/><T77/><D120/><U68/><E74/><V62/><F114/><W3/><G105/><T110/><D69/><U73/><E73/><V117/><F1/><W36/><G36/><T56/><D45/><U34/><E34/><V96/><F117/><W23/><G135/><T29/><D29/><U108/><E2/><V25/><F25/><W123/><G123/><T65/><D65/><U35/><E35/><V61/><F96/><W128/><G128/><T31/><D31/><U130/><E126/><V54/><F61/><W103/><G125/><T55/><D110/><U101/><E108/><V71/><F71/><W33/><G109/><T8/><D56/><U22/><E130/><V131/><F131/><W89/><G67/><T59/><D59/><U37/><E37/><V132/><F132/><W113/><G113/><T78/><D78/><U43/><E22/><V88/><F62/><W127/><G127/><T111/><D111/><U72/><E72/><V4/><F4/><W42/><G42/><T58/><D58/><U95/><E68/><V21/><F88/><W41/><G41/><T129/><D129/><U124/><E124/><V134/><F134/><W76/><G103/><T5/><D19/><U53/><E43/><V13/><F26/><W64/><G64/><T44/><D44/><AGARI ba="0,0" hai="13,17,21,38,40,44,46,51,54,80,83,98,100,106" machi="44" ten="30,1000,0" yaku="7,1" doraHai="112" who="2" fromWho="0" sc="340,-10,225,0,390,10,45,0" owari="330,13.0,225,-17.0,400,49.0,45,-45.0" /></mjloggm>