<mjloggm ver="2.3"><GO type="97" lobby="0"/><UN n0="%4B%79%43%72%6F%73%73" n1="%E3%81%99%E3%81%B1%EF%BC%94" n2="%E5%B0%B1%E6%B4%BB%E7%94%9F%40%E5%B7%9D%E6%9D%91%E8%BB%8D%E5%9B%A3" n3="%6A%65%6C%61%72%64" dan="14,13,13,13" rate="1948.52,1820.65,1910.00,1898.14" sx="M,M,M,M"/><TAIKYOKU oya="0"/><INIT seed="0,0,0,3,2,56" ten="250,250,250,250" oya="0" hai0="44,78,130,91,5,35,25,41,70,101,42,16,104" hai1="100,22,50,30,49,114,24,124,79,58,32,9,54" hai2="14,94,84,108,74,45,2,116,112,102,88,110,97" hai3="27,33,75,23,57,21,87,131,82,12,98,40,19"/><T106/><D70/><U125/><E79/><V92/><F2/><W68/><G75/><T6/><D130/><U93/><E114/><V120/><F112/><W67/><G68/><T86/><D78/><U118/><E118/><V39/><F116/><W105/><G33/><T133/><D133/><U73/><E73/><V113/><F113/><W15/><G131/><T37/><D42/><U64/><E64/><V61/><F120/><W4/><G40/><T72/><D72/><U122/><E122/><V126/><F74/><W69/><G69/><T135/><D135/><U20/><E9/><V60/><F126/><N who="1" m="48745" /><E50/><V31/><F31/><W46/><G46/><T52/><D35/><U83/><E83/><V29/><F29/><W53/><G67/><T8/><D101/><U34/><E34/><V121/><F121/><W11/><G98/><AGARI ba="0,0" hai="20,22,24,30,32,49,54,58,93,98,100" m="48745" machi="98" ten="30,1000,0" yaku="18,1" doraHai="56" who="1" fromWho="3" sc="250,0,250,10,250,0,250,-10" /><INIT seed="1,0,0,3,4,107" ten="250,260,250,240" oya="1" hai0="98,16,120,89,124,128,130,126,77,5,38,39,30" hai1="66,81,46,62,85,8,53,4,21,48,65,113,7" hai2="112,97,105,83,23,69,13,116,12,80,74,119,132" hai3="72,129,96,76,9,42,1,20,71,104,36,102,14"/><U41/><E113/><V122/><F69/><W55/><G55/><T40/><D5/><U60/><E21/><V15/><F122/><W32/><G20/><T115/><D30/><U24/><E24/><V26/><F132/><W70/><G14/><T6/><D6/><U34/><E34/><V118/><F112/><W117/><G117/><T22/><D120/><U135/><E135/><V10/><F10/><W134/><G134/><T54/><D54/><U33/><E33/><V59/><F59/><W82/><G129/><N who="0" m="49771" /><D77/><N who="1" m="46255" /><E7/><V27/><F74/><W25/><G25/><N who="0" m="14535" /><D40/><U79/><E79/><V110/><F27/><W101/><G101/><T114/><D89/><U52/><E53/><V91/><F110/><W88/><G32/><T19/><D19/><U64/><E41/><V133/><F133/><W95/><G9/><T109/><D109/><U94/><E94/><V90/><F105/><W87/><G1/><T68/><D68/><U43/><E43/><V31/><F97/><W75/><G75/><T2/><D2/><U131/><E131/><V28/><F28/><W18/><G18/><T93/><D93/><U35/><E35/><V47/><F31/><W58/><REACH who="3" step="1"/><G58/><REACH who="3" ten="250,260,250,230" step="2"/><T3/><D3/><U100/><E100/><V86/><F23/><W56/><G56/><T108/><D108/><U51/><E51/><V106/><F26/><W61/><G61/><T57/><D57/><U11/><E8/><V50/><F116/><W92/><G92/><T127/><D114/><U49/><E48/><V45/><F118/><W84/><G84/><T121/><D115/><U37/><E37/><RYUUKYOKU ba="0,1" sc="250,-15,260,15,250,-15,230,15" hai1="4,11,46,49,52,60,62,64,65,66" hai3="36,42,70,71,72,76,82,87,88,95,96,102,104" /><INIT seed="1,1,1,1,5,8" ten="235,275,235,245" oya="1" hai0="21,126,54,41,92,16,48,69,46,87,68,83,18" hai1="110,15,28,125,101,26,52,78,123,105,71,75,39" hai2="122,43,36,42,0,40,127,97,70,24,85,93,116" hai3="120,35,98,73,64,84,53,58,10,37,27,33,76"/><U90/><E123/><V117/><F36/><W63/><G37/><T51/><D126/><U59/><E71/><V4/><F70/><W81/><G120/><T62/><D92/><U50/><E39/><V118/><F122/><W113/><G113/><T131/><D131/><U49/><E125/><V124/><F24/><W86/><G98/><T60/><D68/><U79/><E110/><V80/><F0/><W128/><G128/><T88/><D69/><U9/><E90/><V135/><F4/><W7/><G27/><N who="0" m="14759" /><D18/><U111/><E111/><V29/><F29/><W56/><G84/><T112/><D112/><U6/><E75/><V32/><F32/><W65/><G73/><T132/><D132/><U1/><E1/><V109/><F109/><W61/><REACH who="3" step="1"/><G53/><REACH who="3" ten="235,275,235,235" step="2"/><T2/><D2/><AGARI ba="1,2" hai="2,7,10,33,35,56,58,61,63,64,65,76,81,86" machi="2" ten="30,7700,0" yaku="1,1,2,1,7,1,9,1,53,0" doraHai="8" doraHaiUra="94" who="3" fromWho="0" sc="235,-80,275,0,235,0,235,100" /><INIT seed="2,0,0,4,1,129" ten="155,275,235,335" oya="2" hai0="123,18,10,47,105,92,76,8,12,130,132,2,29" hai1="112,43,1,94,69,79,89,114,52,13,72,131,103" hai2="128,19,73,36,95,86,133,90,97,7,119,120,125" hai3="24,91,37,81,115,75,65,74,3,116,30,56,70"/><V64/><F120/><W62/><G116/><T17/><D123/><U5/><E1/><V99/><F73/><W126/><G115/><T61/><D105/><U83/><E69/><V88/><F119/><W59/><G126/><T25/><D130/><U9/><E131/><V134/><F128/><W39/><G59/><T32/><D76/><U117/><E43/><V26/><F125/><W124/><G56/><T121/><D121/><U77/><E77/><V0/><F36/><N who="3" m="13899" /><G91/><T84/><D47/><U42/><E42/><V48/><F64/><W122/><G81/><T6/><D92/><U38/><E38/><V33/><F48/><W41/><G41/><T66/><D84/><U96/><E117/><V93/><F86/><W67/><G67/><T111/><D111/><U60/><E60/><V45/><F45/><W23/><G23/><T127/><D127/><U21/><E21/><V15/><F0/><W50/><G50/><T98/><D98/><U135/><E52/><V31/><F7/><W4/><G124/><T87/><D87/><U28/><E28/><V85/><F85/><W63/><G63/><T35/><D61/><U40/><E40/><V108/><F108/><W71/><G71/><T20/><D66/><U118/><E118/><V109/><F109/><W11/><G122/><T68/><D68/><U49/><E49/><V16/><F19/><N who="0" m="7178" /><D132/><U46/><E135/><V113/><F113/><N who="1" m="43625" /><E46/><V34/><REACH who="2" step="1"/><F34/><REACH who="2" ten="155,275,225,335" step="2"/><W27/><G65/><T104/><D104/><U102/><E72/><V14/><F14/><W106/><G70/><T51/><D51/><U101/><E79/><RYUUKYOKU ba="0,1" sc="155,10,275,10,225,10,335,-30" hai0="2,6,8,10,12,20,25,29,32,35" hai1="5,9,13,83,89,94,96,101,102,103" hai2="15,16,26,31,33,88,90,93,95,97,99,133,134" /><INIT seed="2,1,1,4,3,119" ten="165,285,235,305" oya="2" hai0="6,28,128,57,25,7,39,68,74,59,121,43,85" hai1="71,88,53,131,15,116,11,133,67,87,66,16,37" hai2="61,114,22,91,84,80,31,51,65,127,89,64,21" hai3="98,4,102,14,33,99,126,8,73,20,77,118,5"/><V76/><F114/><W54/><G118/><T117/><D117/><U40/><E116/><V105/><F105/><W122/><G33/><T110/><D74/><U79/><E79/><V97/><F127/><W55/><G126/><T69/><D128/><U45/><E131/><V26/><F64/><W58/><G5/><T19/><D19/><U17/><E133/><V44/><F22/><W124/><G124/><T120/><D85/><U135/><E135/><V46/><F97/><W30/><G77/><T70/><D25/><U0/><E0/><V47/><REACH who="2" step="1"/><F51/><REACH who="2" ten="165,285,225,305" step="2"/><W109/><G99/><T104/><D104/><U82/><E71/><AGARI ba="1,2" hai="21,26,31,44,46,47,61,65,71,76,80,84,89,91" machi="71" ten="40,7700,0" yaku="1,1,2,1,53,1" doraHai="119" doraHaiUra="23" who="2" fromWho="1" sc="165,0,285,-80,225,100,305,0" /><INIT seed="2,2,0,1,3,88" ten="165,205,325,305" oya="2" hai0="133,27,108,121,93,98,23,58,123,91,29,104,109" hai1="118,2,39,44,54,50,102,34,65,61,131,72,51" hai2="76,126,67,17,134,56,36,127,12,111,49,28,120" hai3="7,112,55,47,59,53,124,106,86,110,87,46,0"/><V97/><F36/><W74/><G106/><T84/><D133/><U32/><E72/><V103/><F120/><W66/><G74/><T119/><D104/><U8/><E118/><V75/><F134/><W42/><G7/><T19/><D119/><U105/><E131/><V9/><F28/><W1/><G1/><T6/><D6/><U62/><E39/><V45/><F76/><W69/><G0/><T95/><D58/><U35/><E51/><V115/><F75/><W83/><G87/><T21/><D123/><U113/><E113/><V48/><F115/><W70/><G86/><T41/><D41/><U13/><E2/><V96/><F111/><W3/><G83/><T25/><REACH who="0" step="1"/><D121/><REACH who="0" ten="155,205,325,305" step="2"/><U77/><E105/><V4/><F4/><W116/><G112/><T43/><D43/><U128/><E128/><V20/><F56/><W94/><G116/><T80/><D80/><U107/><E107/><V125/><F45/><W81/><G81/><T11/><D11/><U100/><E77/><V5/><F67/><W33/><G59/><T14/><D14/><U40/><E65/><V73/><F12/><W114/><G66/><T38/><D38/><U18/><E40/><V37/><F9/><W52/><G70/><T79/><D79/><U92/><E8/><V85/><F37/><W130/><G69/><T90/><AGARI ba="2,1" hai="19,21,23,25,27,29,84,90,91,93,95,98,108,109" machi="90" ten="30,7900,0" yaku="1,1,0,1,52,2,53,0" doraHai="88" doraHaiUra="10" who="0" fromWho="0" sc="155,95,205,-22,325,-41,305,-22" /><INIT seed="3,0,0,5,4,110" ten="250,183,284,283" oya="3" hai0="106,126,96,99,108,9,28,122,77,10,15,94,68" hai1="124,32,7,46,48,0,131,128,22,87,104,24,135" hai2="26,29,90,71,76,30,127,20,125,42,51,66,3" hai3="16,111,134,57,5,13,119,109,56,118,12,64,78"/><W60/><G134/><T31/><D122/><U121/><E104/><V14/><F3/><W89/><G78/><T98/><D108/><N who="3" m="41545" /><G57/><T116/><D116/><N who="3" m="44585" /><G89/><T19/><D68/><U50/><E121/><V112/><F76/><W23/><G5/><T117/><D117/><U92/><E50/><V73/><F73/><W82/><G82/><T70/><D70/><U34/><E135/><V53/><F112/><W91/><G91/><T79/><D126/><N who="2" m="48138" /><F42/><W1/><G1/><T52/><D106/><U107/><E107/><V88/><F66/><W47/><G47/><T103/><D52/><N who="1" m="29719" /><E124/><V115/><F71/><W58/><G58/><T39/><D39/><U21/><E0/><V97/><F115/><W63/><G63/><T65/><D65/><U25/><E7/><V123/><F123/><W93/><G93/><T36/><D36/><U80/><E92/><V120/><F120/><W43/><G43/><T33/><D94/><U105/><E105/><V74/><F74/><W84/><G84/><T11/><D103/><U54/><E54/><V132/><F97/><W61/><G61/><T37/><D37/><U133/><E133/><V45/><F132/><W8/><G8/><T101/><D101/><U49/><E49/><V72/><F72/><W62/><G62/><T2/><D2/><U67/><E67/><V85/><F90/><W59/><G59/><T102/><D102/><U75/><E75/><V17/><F85/><W100/><G100/><T81/><D9/><U129/><E22/><N who="2" m="11575" /><F88/><W55/><G64/><T18/><D79/><N who="1" m="46495" /><E21/><V114/><F114/><W83/><G83/><RYUUKYOKU ba="0,0" sc="250,-30,183,10,284,10,283,10" hai1="24,25,32,34,128,129,131" hai2="20,26,29,30,45,51,53" hai3="12,13,16,23,55,56,60" /><INIT seed="3,1,0,4,2,7" ten="220,193,294,293" oya="3" hai0="43,91,1,76,106,19,34,24,63,130,87,9,12" hai1="59,62,92,71,90,33,23,113,39,61,65,135,100" hai2="2,81,60,31,8,114,18,86,15,111,131,28,56" hai3="132,133,51,45,84,122,104,120,73,123,116,52,53"/><W11/><G73/><T66/><D130/><U119/><E33/><V102/><F114/><W10/><G104/><T96/><D76/><U35/><E35/><V49/><F131/><W50/><G116/><T124/><D124/><U134/><E113/><V129/><F129/><W6/><G84/><T16/><D43/><U37/><E100/><V3/><F111/><W83/><G83/><T117/><D117/><U80/><E80/><V30/><F102/><W58/><G10/><T118/><D118/><U75/><E75/><V44/><F3/><W55/><REACH who="3" step="1"/><G55/><REACH who="3" ten="220,193,294,283" step="2"/><T14/><D87/><N who="1" m="52319" /><E119/><V126/><F126/><W25/><G25/><T46/><D106/><U36/><E23/><V105/><F105/><W29/><G29/><T48/><D24/><U20/><E20/><V40/><F2/><AGARI ba="1,1" hai="2,6,11,45,50,51,52,53,58,120,122,123,132,133" machi="2" ten="40,7700,0" yaku="1,1,52,1,54,1,53,0" doraHai="7" doraHaiUra="127" who="3" fromWho="2" sc="220,0,193,0,294,-80,283,90" owari="220,2.0,193,-31.0,214,-19.0,373,48.0" /></mjloggm>