<mjloggm ver="2.3"><GO type="97" lobby="0"/><UN n0="%E3%82%A6%E3%83%AB%E3%83%88%E3%83%A9%E7%AB%8B%E7%9B%B4" n1="%E3%83%9F%E3%82%BF%E3%83%A2%E3%83%B3" n2="%E6%B9%8A%E3%83%9F%E3%82%B5%E3%82%AD" n3="%E3%83%80%E3%83%9E%E3%81%AE%E9%BE%8D" dan="14,14,16,14" rate="1930.44,1927.15,1999.77,1942.04" sx="M,M,F,M"/><TAIKYOKU oya="0"/><INIT seed="0,0,0,3,0,126" ten="250,250,250,250" oya="0" hai0="11,112,73,44,78,18,103,94,4,70,122,120,74" hai1="76,10,21,129,64,117,14,38,97,105,15,56,82" hai2="1,80,42,81,111,101,91,113,60,2,27,88,30" hai3="124,68,31,45,46,32,110,125,9,95,59,37,134"/><T135/><D70/><U5/><E117/><V69/><F113/><W102/><G68/><T50/><D112/><U115/><E38/><V92/><F111/><W72/><G110/><T57/><D135/><U34/><E115/><V8/><F42/><W89/><G72/><T99/><D74/><U58/><E34/><V128/><F128/><W133/><G102/><T13/><D78/><U48/><E76/><V47/><F47/><W36/><G59/><T17/><D73/><U104/><E82/><V35/><F101/><W3/><G32/><T71/><D71/><U106/><E97/><V79/><F69/><W19/><G31/><T16/><REACH who="0" step="1"/><D57/><REACH who="0" ten="240,250,250,250" step="2"/><U108/><E58/><V54/><F79/><W118/><G118/><T7/><D7/><U29/><E5/><V100/><F1/><W49/><G3/><T40/><AGARI ba="0,1" hai="4,11,13,16,17,18,40,44,50,94,99,103,120,122" machi="40" ten="30,6000,0" yaku="1,1,0,1,54,1,53,0" doraHai="126" doraHaiUra="52" who="0" fromWho="0" sc="240,70,250,-20,250,-20,250,-20" /><INIT seed="0,1,0,1,4,48" ten="310,230,230,230" oya="0" hai0="4,99,34,9,117,65,81,124,129,8,63,104,71" hai1="68,106,61,122,22,114,20,77,101,27,98,131,89" hai2="49,55,105,93,21,85,116,60,14,46,132,0,83" hai3="127,118,47,110,28,67,13,53,58,135,103,32,96"/><T40/><D117/><U86/><E122/><V100/><F116/><W75/><G118/><T70/><D124/><U36/><E36/><V133/><F0/><W10/><G75/><T43/><D129/><U59/><E131/><V17/><F105/><W3/><G3/><T26/><D71/><U15/><E114/><V109/><F109/><W123/><G127/><T52/><D81/><U97/><E97/><V66/><F100/><W79/><G79/><T6/><D6/><U16/><E77/><V130/><F93/><W108/><G123/><T112/><D112/><U134/><E134/><V19/><F19/><W35/><G67/><T11/><D4/><U18/><E68/><V121/><F121/><W82/><G82/><T2/><D2/><U95/><E61/><V102/><F102/><W76/><G76/><T126/><D126/><U107/><REACH who="1" step="1"/><E59/><REACH who="1" ten="310,220,230,230" step="2"/><N who="2" m="37151" /><F130/><W91/><G135/><T111/><D111/><U45/><E45/><V37/><F37/><W125/><G47/><T33/><D99/><U73/><E73/><V72/><F72/><W57/><G125/><T128/><D104/><AGARI ba="1,1" hai="15,16,18,20,22,27,86,89,95,98,101,104,106,107" machi="104" ten="30,3900,0" yaku="1,1,7,1,54,1,53,0" doraHai="48" doraHaiUra="69" who="1" fromWho="0" sc="310,-42,220,52,230,0,230,0" /><INIT seed="1,0,0,2,2,46" ten="268,272,230,230" oya="1" hai0="72,67,53,62,76,103,123,3,43,86,30,34,89" hai1="91,5,24,110,87,80,37,99,98,117,118,73,127" hai2="38,0,125,51,84,106,25,113,44,116,64,90,59" hai3="71,96,48,13,63,100,15,114,12,69,94,119,31"/><U92/><E5/><V21/><F116/><N who="1" m="44649" /><E24/><V88/><F0/><W126/><G119/><T58/><D3/><U57/><E57/><V28/><F125/><W121/><G114/><T10/><D123/><U29/><E29/><V79/><F113/><W104/><G121/><T130/><D130/><U133/><E37/><V22/><F106/><W129/><G126/><T42/><D30/><U81/><E127/><V101/><F101/><W55/><G129/><T6/><D34/><U7/><E7/><V108/><F108/><W26/><G104/><T66/><D103/><U109/><E133/><V122/><F122/><W132/><G132/><T41/><D76/><N who="1" m="46471" /><E73/><V131/><F131/><W17/><G71/><T61/><D72/><U32/><E32/><V14/><F38/><W68/><G69/><T33/><D33/><U112/><E81/><N who="2" m="47167" /><F14/><W40/><G40/><T49/><D10/><U27/><E27/><V2/><F2/><W105/><G68/><T135/><D6/><U54/><E54/><N who="2" m="30055" /><F22/><N who="3" m="15831" /><G63/><AGARI ba="0,0" hai="21,25,28,59,63,64,88,90" m="30055,47167" machi="63" ten="30,3900,0" yaku="8,1,52,1,54,1" doraHai="46" who="2" fromWho="3" sc="268,0,272,0,230,39,230,-39" /><INIT seed="2,0,0,5,2,77" ten="268,272,269,191" oya="2" hai0="81,9,109,130,33,7,44,82,121,65,84,36,24" hai1="79,132,127,134,122,53,68,87,128,94,133,88,106" hai2="73,93,52,91,67,2,45,123,66,47,63,76,108" hai3="96,107,111,100,14,80,104,54,118,30,120,16,19"/><V20/><F123/><W3/><G3/><T46/><D121/><U71/><E122/><V34/><F2/><W125/><G120/><T5/><D36/><U69/><E128/><V102/><F34/><W86/><G118/><T23/><D33/><U50/><E127/><V11/><F108/><W59/><G111/><T10/><D109/><U56/><E79/><V58/><F102/><W57/><G125/><T41/><D65/><N who="2" m="24586" /><F73/><W101/><G30/><N who="0" m="17695" /><D130/><U116/><REACH who="1" step="1"/><E106/><REACH who="1" ten="268,262,269,191" step="2"/><V74/><F76/><W99/><G14/><T17/><D41/><U1/><E1/><V95/><F11/><W6/><G6/><T85/><D7/><U135/><N who="1" m="34304" /><DORA hai="43" /><U75/><E75/><V29/><F74/><W61/><G59/><T25/><D5/><U72/><E72/><V114/><F114/><W103/><G103/><T98/><D10/><U12/><E12/><V35/><F35/><W83/><G83/><N who="0" m="31755" /><D9/><U22/><E22/><V38/><F93/><W48/><G61/><T15/><D15/><U8/><E8/><V55/><F95/><W92/><G92/><T39/><D25/><U131/><E131/><V124/><F124/><W89/><AGARI ba="0,1" hai="16,19,48,54,57,80,86,89,96,99,100,101,104,107" machi="89" ten="20,8000,1" yaku="0,1,7,1,9,1,52,1,54,1" doraHai="77,43" who="3" fromWho="3" sc="268,-20,262,-20,269,-40,191,90" /><INIT seed="3,0,0,1,4,19" ten="248,242,229,281" oya="3" hai0="78,47,74,100,133,117,51,26,97,5,127,3,73" hai1="131,80,62,126,9,11,130,40,54,45,66,67,7" hai2="103,46,48,12,125,71,70,18,55,25,90,84,102" hai3="28,63,31,32,33,91,79,39,122,77,6,65,96"/><W111/><G122/><T13/><D3/><U107/><E107/><V82/><F125/><W23/><G39/><T119/><D127/><U38/><E126/><V89/><F25/><W57/><G6/><T68/><D68/><U61/><E80/><V53/><F71/><W59/><G111/><T2/><D2/><U14/><E9/><V98/><F70/><W110/><G110/><T128/><D128/><U83/><E83/><V64/><F64/><W22/><G96/><T1/><D1/><U95/><E95/><N who="2" m="56695" /><F55/><W29/><G91/><T123/><D123/><U10/><E10/><AGARI ba="0,0" hai="10,12,18,46,48,53,82,84,89,102,103" m="56695" machi="10" ten="30,2000,0" yaku="25,1,8,1" doraHai="19" who="2" fromWho="1" sc="248,0,242,-20,229,20,281,0" /><INIT seed="4,0,0,4,5,34" ten="248,222,249,281" oya="0" hai0="22,103,59,15,45,19,79,115,27,61,8,99,32" hai1="35,87,55,69,74,72,134,9,125,77,97,117,82" hai2="86,68,123,38,44,118,96,83,120,62,39,12,119" hai3="65,57,48,108,67,52,129,124,102,114,40,132,21"/><T33/><D115/><U81/><E117/><N who="2" m="44555" /><F96/><W20/><G108/><T92/><D79/><U107/><E69/><V112/><F112/><W14/><G114/><T76/><D76/><U16/><E35/><V100/><F100/><W73/><G73/><T91/><D45/><U53/><E107/><V131/><F131/><W70/><G129/><T110/><D110/><U30/><E30/><V71/><F12/><W24/><G132/><T63/><D63/><U28/><E28/><V5/><F5/><W47/><G124/><T89/><D33/><U26/><E97/><V54/><F86/><W94/><G70/><N who="2" m="26665" /><F83/><W3/><G3/><T56/><D32/><U37/><E134/><V80/><F80/><W121/><G121/><N who="2" m="46665" /><F62/><N who="3" m="36135" /><G14/><T130/><D130/><U109/><E125/><V93/><F93/><W17/><G20/><T6/><REACH who="0" step="1"/><D59/><REACH who="0" ten="238,222,249,281" step="2"/><U113/><E113/><V128/><F128/><W116/><G116/><T29/><D29/><U127/><E74/><V31/><F31/><W60/><G60/><T64/><AGARI ba="0,1" hai="6,8,15,19,22,27,56,61,64,89,91,92,99,103" machi="64" ten="20,7800,0" yaku="1,1,0,1,7,1,8,1,53,0" doraHai="34" doraHaiUra="101" who="0" fromWho="0" sc="238,88,222,-26,249,-26,281,-26" owari="326,42.0,196,-30.0,223,-18.0,255,6.0" /></mjloggm>