<mjloggm ver="2.3"><GO type="97" lobby="0"/><UN n0="%E3%81%8A%E3%81%91%E3%81%84%E3%81%AF%E3%82%93" n1="%E8%B1%86%E7%89%B9%E3%81%BD%E3%81%A3%E3%81%8F%E3%82%93" n2="%E3%82%A6%E3%83%AB%E3%83%88%E3%83%A9%E7%AB%8B%E7%9B%B4" n3="%E5%90%89%E5%8E%9F%E9%AB%98%E7%B4%9A%E5%BA%97" dan="15,15,14,15" rate="2010.04,2097.15,1973.03,1986.57" sx="M,M,M,M"/><TAIKYOKU oya="0"/><INIT seed="0,0,0,0,5,126" ten="250,250,250,250" oya="0" hai0="90,114,103,66,101,27,58,85,60,33,36,18,112" hai1="115,77,131,7,45,71,119,14,86,127,29,52,84" hai2="121,128,11,132,92,4,24,110,22,133,109,104,1" hai3="75,122,124,44,34,88,8,0,5,20,65,129,25"/><T13/><D36/><U47/><E119/><V12/><F92/><W68/><G75/><T51/><D51/><U63/><E127/><V74/><F74/><W41/><G124/><T76/><D76/><U91/><E115/><V50/><F50/><W6/><G122/><T79/><D79/><U23/><E71/><V89/><F89/><W39/><G129/><T82/><D114/><U94/><E131/><V37/><F37/><W9/><G34/><T130/><D112/><U59/><E29/><N who="2" m="17559" /><F104/><W48/><G65/><T72/><D130/><U62/><E62/><V108/><F128/><W49/><G68/><T83/><D83/><N who="1" m="47215" /><E7/><N who="2" m="1519" /><F121/><W69/><G69/><T61/><D72/><U17/><AGARI ba="0,0" hai="14,17,23,45,47,52,59,63,86,91,94" m="47215" machi="17" ten="30,2000,0" yaku="8,1,54,1" doraHai="126" who="1" fromWho="1" sc="250,-10,250,20,250,-5,250,-5" /><INIT seed="1,0,0,5,0,74" ten="240,270,245,245" oya="1" hai0="26,85,38,20,14,48,107,12,24,71,111,72,123" hai1="33,90,120,75,97,129,10,37,5,104,66,23,47" hai2="6,29,77,82,43,116,94,87,8,105,25,103,114" hai3="42,88,59,127,54,92,99,3,89,49,1,109,112"/><U60/><E33/><V65/><F116/><W95/><G112/><T108/><D72/><U21/><E120/><V35/><F114/><W46/><G109/><N who="0" m="42059" /><D38/><U100/><E75/><V84/><F65/><W113/><G127/><T67/><D123/><U7/><E129/><V15/><F105/><W81/><G81/><T73/><D73/><U27/><E90/><V128/><F128/><W135/><G135/><T133/><D133/><U50/><E37/><V16/><F43/><W30/><G30/><T91/><D107/><U22/><E10/><V64/><F64/><W76/><G76/><T28/><D48/><U132/><E132/><V18/><REACH who="2" step="1"/><F87/><REACH who="2" ten="240,270,235,245" step="2"/><W78/><G113/><T102/><D67/><U117/><E117/><V134/><F134/><W41/><G41/><T55/><D71/><U115/><E115/><V101/><F101/><W56/><G78/><T19/><D102/><U70/><REACH who="1" step="1"/><E27/><REACH who="1" ten="240,260,235,245" step="2"/><V39/><F39/><W130/><G130/><T45/><D26/><U68/><E68/><V9/><F9/><W79/><G79/><T63/><D24/><U119/><E119/><V118/><F118/><W32/><G32/><T53/><D91/><U4/><E4/><V52/><F52/><AGARI ba="0,2" hai="5,7,21,22,23,47,50,52,60,66,70,97,100,104" machi="52" ten="40,12000,1" yaku="1,1,54,1,53,2" doraHai="74" doraHaiUra="0" who="1" fromWho="2" sc="240,0,260,140,235,-120,245,0" /><INIT seed="1,1,0,0,1,89" ten="240,400,115,245" oya="1" hai0="50,118,92,131,67,129,69,32,99,31,55,60,70" hai1="112,40,107,46,83,9,5,85,11,8,21,124,45" hai2="93,119,79,0,53,128,30,90,20,59,3,114,49" hai3="6,62,12,13,54,75,116,28,115,34,71,10,91"/><U26/><E112/><V134/><F119/><W27/><G115/><T51/><D118/><U18/><E107/><V24/><F114/><W7/><G116/><T103/><D70/><U64/><E124/><V76/><F128/><W111/><G111/><T41/><D31/><U72/><E72/><V68/><F68/><W121/><G121/><T17/><D32/><U96/><E96/><V110/><F110/><W29/><G75/><T120/><D120/><U57/><E64/><V122/><F122/><W100/><G100/><T4/><D4/><U44/><E57/><V56/><F134/><W102/><G102/><T39/><D17/><U63/><E63/><V108/><F108/><W65/><G29/><T127/><D127/><U80/><E80/><V22/><F0/><W86/><G54/><T105/><D105/><U94/><E94/><V82/><F3/><W16/><REACH who="3" step="1"/><G13/><REACH who="3" ten="240,400,115,235" step="2"/><T123/><D123/><U33/><E33/><V81/><F76/><W74/><G74/><T135/><D135/><U36/><E40/><V66/><F79/><W42/><G42/><T126/><D126/><U95/><E36/><V43/><F43/><W35/><G35/><T61/><D41/><U2/><E45/><V104/><F104/><W133/><G133/><T58/><D39/><U52/><E44/><V113/><F113/><W47/><G47/><T125/><D125/><U88/><E46/><V77/><F77/><W98/><G98/><T19/><D19/><U15/><E18/><V101/><F101/><W117/><G117/><T73/><D73/><U109/><E109/><V1/><F53/><RYUUKYOKU ba="1,1" sc="240,15,400,-15,115,-15,235,15" hai0="50,51,55,58,60,61,67,69,92,99,103,129,131" hai3="6,7,10,12,16,27,28,34,62,65,71,86,91" /><INIT seed="2,2,1,3,4,2" ten="255,385,100,250" oya="2" hai0="39,132,5,42,97,112,65,73,116,117,34,45,95" hai1="93,91,36,131,85,88,58,29,110,118,77,56,6" hai2="121,125,62,54,25,68,76,114,100,123,122,12,92" hai3="51,23,83,10,119,66,69,133,102,81,31,53,13"/><V28/><F114/><W16/><G119/><N who="0" m="45643" /><D112/><U115/><E115/><V60/><F125/><W14/><G133/><T47/><D132/><U30/><E110/><V37/><F37/><W15/><G102/><T52/><D34/><U4/><E36/><V41/><F41/><W79/><G31/><N who="1" m="11786" /><E131/><V3/><F3/><W103/><G103/><T0/><D73/><U109/><E109/><V127/><F127/><W38/><G38/><T84/><D84/><N who="1" m="52359" /><E77/><V126/><F126/><W74/><G66/><T11/><D65/><U101/><E101/><V104/><F104/><W59/><G69/><T20/><D20/><U48/><E118/><V22/><F76/><W135/><G135/><T82/><D82/><N who="1" m="49591" /><E48/><V94/><F68/><W134/><G134/><T1/><D1/><U67/><E58/><V71/><F71/><W113/><G113/><T7/><D11/><U18/><E18/><V96/><F92/><W63/><G83/><T19/><D19/><U78/><E78/><V128/><F128/><W111/><G111/><T24/><D0/><U72/><E72/><V106/><F106/><W108/><G108/><T130/><D130/><U40/><E40/><V8/><REACH who="2" step="1"/><F54/><REACH who="2" ten="255,385,90,250" step="2"/><W87/><G74/><T89/><D42/><U105/><E105/><V32/><F32/><W80/><G81/><T49/><D39/><U86/><E86/><V120/><N who="2" m="31232" /><DORA hai="33" /><V64/><F64/><W44/><G53/><T90/><D52/><U129/><E129/><V124/><F124/><W107/><G107/><T55/><D55/><U43/><E43/><V75/><F75/><W46/><G87/><RYUUKYOKU ba="2,2" sc="255,-15,385,15,90,15,250,-15" hai1="4,6,56,67" hai2="8,12,22,25,28,60,62,94,96,100" /><INIT seed="2,3,2,1,4,54" ten="240,400,105,235" oya="2" hai0="68,4,52,125,113,121,43,79,87,69,109,5,3" hai1="85,61,76,135,74,12,59,22,107,122,58,7,39" hai2="65,106,46,53,120,40,17,15,128,77,88,25,71" hai3="116,127,130,62,93,89,32,23,48,41,82,105,44"/><V132/><F106/><W51/><G116/><T124/><D113/><U56/><E39/><V34/><F120/><W72/><G32/><T31/><D121/><U86/><E107/><V14/><F77/><W57/><G105/><T78/><D109/><U0/><E0/><V26/><F128/><W21/><G130/><T66/><D31/><U70/><E70/><V28/><F132/><W30/><G127/><N who="0" m="48715" /><D43/><U24/><E135/><V97/><F65/><W2/><G2/><T60/><D69/><U16/><E122/><V99/><F71/><W42/><G72/><T33/><D33/><U49/><E49/><V117/><F117/><W91/><G82/><N who="0" m="47575" /><D79/><U96/><E96/><V67/><F67/><N who="3" m="39375" /><G30/><T29/><D29/><N who="1" m="17559" /><E7/><V37/><F53/><W11/><G11/><T9/><D5/><U102/><E102/><V104/><F104/><W134/><G134/><T80/><D80/><N who="1" m="47239" /><E86/><V75/><F75/><W101/><BYE who="2" /><G101/><T6/><D6/><U13/><E74/><V111/><F111/><W50/><G89/><T103/><D103/><U81/><E81/><V110/><F110/><W133/><G133/><T118/><D118/><UN n2="%E3%82%A6%E3%83%AB%E3%83%88%E3%83%A9%E7%AB%8B%E7%9B%B4" /><U100/><E100/><V8/><F26/><W10/><G10/><T1/><D1/><U129/><E129/><V126/><F126/><W98/><G44/><T45/><D45/><U73/><E73/><V114/><F114/><W55/><G55/><AGARI ba="3,2" hai="3,4,9,52,55,60,66,68" m="47575,48715" machi="55" ten="30,2000,0" yaku="18,1,54,1" doraHai="54" who="0" fromWho="3" sc="240,49,400,0,105,0,235,-29" /><INIT seed="3,0,0,1,2,113" ten="289,400,105,206" oya="3" hai0="27,90,92,46,62,102,23,75,56,14,21,13,41" hai1="83,101,19,103,70,135,36,93,64,98,18,107,26" hai2="15,16,42,61,131,25,5,10,73,31,122,39,104" hai3="35,117,116,79,57,118,124,3,127,132,1,94,133"/><W9/><G35/><T40/><D75/><U78/><E36/><V72/><F104/><W86/><G57/><T91/><D102/><U2/><E2/><N who="3" m="522" /><G9/><T68/><D68/><U130/><E103/><V37/><F131/><W49/><G49/><N who="0" m="26823" /><D41/><U48/><E130/><V58/><F122/><W47/><G47/><T7/><D7/><U50/><E135/><N who="3" m="51786" /><G79/><T32/><D32/><U80/><E50/><V77/><F5/><W100/><G86/><N who="0" m="52311" /><D91/><U29/><E48/><V115/><F115/><W17/><G17/><N who="0" m="12719" /><D23/><U123/><E18/><V89/><F89/><W128/><G128/><T95/><D95/><U44/><E93/><V55/><F77/><W76/><G76/><T125/><D125/><N who="3" m="48201" /><G94/><T30/><D30/><U34/><E19/><V38/><REACH who="2" step="1"/><F42/><REACH who="2" ten="289,400,95,206" step="2"/><W69/><G100/><T60/><D60/><U82/><E123/><V45/><F45/><W28/><G69/><T120/><D120/><U108/><E44/><V59/><F59/><W134/><G134/><T51/><D51/><U88/><E78/><V4/><F4/><W99/><G99/><T33/><D33/><U105/><E34/><V119/><F119/><W106/><G106/><T20/><D20/><U110/><E105/><V52/><F52/><AGARI ba="0,1" hai="13,14,52,56,62" m="12719,52311,26823" machi="52" ten="30,2000,0" yaku="8,1,54,1" doraHai="113" who="0" fromWho="2" sc="289,30,400,0,95,-20,206,0" owari="319,12.0,400,49.0,75,-42.0,206,-19.0" /></mjloggm>