<mjloggm ver="2.3"><GO type="193" lobby="0"/><UN n0="%E5%B0%B1%E6%B4%BB%E7%94%9F%40%E5%B7%9D%E6%9D%91%E8%BB%8D%E5%9B%A3" n1="%54%6F%6E%73%61%6E" n2="%E3%81%B5%E3%82%8A%E3%81%8B%E3%81%91" n3="%E3%83%9E%E3%82%B5%E3%82%A4%E3%83%A4%E3%82%BD" dan="12,12,10,11" rate="1801.40,1722.83,1615.65,1775.67" sx="M,M,M,M"/><TAIKYOKU oya="0"/><INIT seed="0,0,0,2,5,36" ten="250,250,250,250" oya="0" hai0="91,125,130,37,94,4,48,35,21,114,78,66,42" hai1="3,68,65,64,50,131,32,116,135,127,128,102,87" hai2="58,38,126,29,14,74,83,111,57,15,86,5,113" hai3="119,80,101,72,112,19,77,133,104,108,117,31,23"/><T103/><D35/><U99/><E116/><V71/><F113/><W22/><G112/><T118/><D118/><U107/><E32/><V44/><F126/><W95/><G104/><T84/><D114/><U121/><E3/><V81/><F74/><W2/><G2/><T52/><D125/><U13/><E121/><V123/><F123/><W30/><G133/><T12/><D130/><U53/><E135/><V16/><F71/><W63/><G108/><T61/><D78/><U46/><E127/><V6/><F111/><W39/><G39/><T134/><D134/><U129/><E68/><V132/><F44/><W62/><G101/><T106/><D106/><U79/><E13/><V67/><F38/><W49/><G95/><T40/><D103/><U1/><E1/><V56/><F132/><W73/><G49/><T110/><D37/><U75/><E75/><V70/><F70/><W120/><G120/><T17/><D4/><N who="2" m="1642" /><F29/><W7/><G7/><T28/><D28/><U92/><E107/><V9/><F67/><W10/><G10/><T34/><D110/><U69/><E69/><V124/><F124/><W20/><G19/><T47/><REACH who="0" step="1"/><D34/><REACH who="0" ten="240,250,250,250" step="2"/><U76/><E76/><N who="2" m="46375" /><F83/><AGARI ba="0,1" hai="46,50,53,64,65,79,83,87,92,99,102,128,129,131" machi="83" ten="40,1300,0" yaku="19,1" doraHai="36" who="1" fromWho="2" sc="240,0,250,23,250,-13,250,0" /><INIT seed="1,0,0,3,4,17" ten="240,273,237,250" oya="1" hai0="47,45,27,36,112,133,120,71,131,65,16,130,101" hai1="75,58,122,119,96,37,12,128,10,24,48,73,95" hai2="29,62,104,103,39,86,44,53,5,113,102,3,0" hai3="125,18,72,19,117,63,56,105,23,88,123,79,97"/><U106/><E106/><V118/><F113/><W107/><G123/><T89/><D101/><U40/><E122/><V81/><F118/><W13/><G117/><T92/><D112/><U50/><E119/><V51/><F29/><W25/><G125/><T22/><D120/><U11/><E37/><V74/><F39/><W85/><G72/><T33/><D33/><U41/><E24/><V91/><F74/><W8/><G79/><T94/><D133/><U30/><E30/><V67/><F3/><W127/><G97/><T60/><D92/><U35/><E35/><V61/><F104/><W66/><REACH who="3" step="1"/><G127/><REACH who="3" ten="240,273,237,240" step="2"/><T42/><REACH who="0" step="1"/><D45/><REACH who="0" ten="230,273,237,240" step="2"/><N who="1" m="25639" /><E75/><V110/><F103/><W6/><G6/><T54/><D54/><N who="1" m="32087" /><E73/><V83/><F102/><W100/><G100/><T76/><D76/><U121/><E121/><V7/><F83/><AGARI ba="0,2" hai="8,13,18,19,23,25,56,63,66,83,85,88,105,107" machi="83" ten="30,8000,1" yaku="1,1,7,1,52,1,54,1,53,1" doraHai="17" doraHaiUra="20" who="3" fromWho="2" sc="230,0,273,0,237,-80,240,100" /><INIT seed="2,0,0,4,1,69" ten="230,273,157,340" oya="2" hai0="31,83,131,103,44,110,55,56,59,77,129,134,102" hai1="20,13,84,2,87,71,45,104,78,62,50,122,72" hai2="61,12,3,36,5,93,14,73,6,30,90,97,34" hai3="128,17,107,124,21,29,106,54,8,28,133,91,115"/><V10/><F73/><W4/><G115/><T9/><D31/><U49/><E2/><V26/><F36/><W35/><G133/><T109/><D134/><U113/><E113/><V114/><F61/><W64/><G128/><N who="0" m="49227" /><D9/><U38/><E122/><V43/><F43/><W67/><G124/><T66/><D66/><U121/><E104/><V126/><F126/><W0/><G106/><T101/><D44/><U89/><E121/><V92/><F92/><W25/><G107/><T118/><D118/><U94/><E72/><V105/><F105/><W120/><G120/><T88/><D88/><N who="1" m="53511" /><E38/><V23/><F114/><W119/><G119/><T82/><D82/><N who="1" m="49399" /><E71/><V135/><F135/><W48/><G29/><T16/><D16/><N who="1" m="10255" /><E78/><V52/><F34/><W70/><G70/><T47/><D83/><U60/><E49/><V46/><REACH who="2" step="1"/><F6/><REACH who="2" ten="230,273,147,340" step="2"/><W1/><G4/><T76/><D102/><U51/><E51/><AGARI ba="0,1" hai="3,5,10,12,14,23,26,30,46,51,52,90,93,97" machi="51" ten="40,7700,0" yaku="1,1,2,1,54,1,53,0" doraHai="69" doraHaiUra="130" who="2" fromWho="1" sc="230,0,273,-77,147,87,340,0" /><INIT seed="2,1,0,1,3,116" ten="230,196,234,340" oya="2" hai0="4,53,48,133,37,18,96,52,42,41,76,54,51" hai1="81,111,16,17,107,63,5,46,64,91,49,112,1" hai2="11,34,38,9,70,101,28,71,14,124,93,84,22" hai3="65,7,117,109,56,130,6,121,98,30,55,113,60"/><V129/><F124/><W100/><G130/><T127/><D127/><U125/><E112/><V35/><F38/><W69/><G109/><T29/><D133/><U43/><E111/><V36/><F129/><W105/><G113/><T126/><D126/><U80/><E125/><V90/><F36/><W104/><G117/><T114/><D114/><U115/><E107/><V102/><F22/><W44/><G105/><T39/><D76/><U110/><E115/><V24/><F35/><W27/><G121/><T62/><D96/><U119/><E110/><V20/><F20/><W134/><G44/><T85/><D29/><U131/><E119/><V123/><F123/><W120/><G134/><T99/><D99/><U103/><E103/><V25/><F25/><W74/><G74/><T58/><D4/><U45/><E131/><V118/><F118/><W68/><G68/><T3/><D3/><U73/><E1/><V82/><F82/><W97/><G97/><T15/><D85/><U57/><E5/><V21/><F34/><W94/><G94/><T108/><D108/><U50/><E73/><V89/><F89/><W72/><G72/><T86/><D86/><U106/><E106/><V128/><F128/><W32/><G120/><T83/><D83/><U19/><REACH who="1" step="1"/><E91/><REACH who="1" ten="230,186,234,340" step="2"/><V47/><F90/><W78/><G78/><T0/><D0/><U87/><E87/><V26/><F102/><W61/><AGARI ba="1,1" hai="6,7,27,30,32,55,56,60,61,65,69,98,100,104" machi="61" ten="20,5200,0" yaku="0,1,7,1,25,2" doraHai="116" who="3" fromWho="3" sc="230,-14,186,-14,234,-27,340,65" /><INIT seed="3,0,0,1,3,85" ten="216,172,207,405" oya="3" hai0="7,113,32,93,109,133,45,111,94,88,50,20,104" hai1="126,52,97,5,63,48,108,2,0,89,61,106,83" hai2="92,117,25,102,26,16,71,101,4,3,100,43,121" hai3="58,34,41,76,134,69,130,15,51,127,118,37,57"/><W36/><G118/><T65/><D104/><U47/><E108/><N who="0" m="41545" /><D32/><U129/><E126/><V135/><F117/><W12/><G69/><T18/><D113/><U35/><E129/><V124/><F135/><W38/><G127/><T59/><D133/><U39/><E35/><V91/><F124/><W107/><G107/><T81/><D7/><U9/><E2/><V54/><F71/><W21/><G34/><T110/><D110/><U17/><E39/><V114/><F114/><W64/><G130/><T44/><D81/><U115/><E115/><V122/><F4/><W33/><G134/><T42/><D94/><U66/><E106/><V1/><F43/><W23/><G33/><T119/><D119/><U31/><E31/><V90/><F54/><W22/><G76/><T67/><D59/><N who="1" m="37183" /><E0/><N who="2" m="75" /><F92/><W29/><G29/><T79/><D45/><U27/><E5/><V86/><F86/><W19/><G64/><T98/><D79/><U120/><E120/><N who="2" m="46187" /><F16/><W8/><G41/><T11/><D11/><U96/><E63/><V55/><F55/><W132/><G132/><T62/><D62/><U13/><E27/><AGARI ba="0,0" hai="25,26,27,90,91,100,101,102" m="46187,75" machi="27" ten="40,8000,1" yaku="28,2,13,1,52,2" doraHai="85" who="2" fromWho="1" sc="216,0,172,-80,207,80,405,0" /><AGARI ba="0,0" hai="18,20,27,42,44,50,65,67,88,93,98" m="41545" machi="27" ten="30,3900,0" yaku="14,1,52,1,54,1" doraHai="85" who="0" fromWho="1" sc="216,39,92,-39,287,0,405,0" owari="255,-14.0,53,-45.0,287,9.0,405,50.0" /></mjloggm>