<mjloggm ver="2.3"><GO type="97" lobby="0"/><UN n0="%E3%82%A6%E3%83%AB%E3%83%88%E3%83%A9%E7%AB%8B%E7%9B%B4" n1="%E8%8D%92%E6%B5%AA%E5%92%8C%E6%B2%99" n2="%E3%81%AD%E3%81%BF%E3%81%9E%E3%81%86" n3="%E7%9B%B4%E6%B1%9F%E5%B1%B1%E5%9F%8E%E5%AE%88%E5%85%BC%E7%B6%9A" dan="14,13,15,14" rate="1945.48,1823.28,1938.26,1827.73" sx="M,F,M,M"/><TAIKYOKU oya="0"/><INIT seed="0,0,0,1,5,32" ten="250,250,250,250" oya="0" hai0="61,40,97,120,67,109,10,49,126,74,116,5,110" hai1="43,52,90,86,55,16,66,133,134,24,58,59,105" hai2="87,62,131,69,50,53,2,130,80,9,22,64,98" hai3="76,84,101,68,85,54,77,45,0,70,129,31,4"/><T6/><D74/><U83/><E105/><V117/><F117/><W82/><G31/><T79/><D116/><U20/><E43/><V15/><F98/><W72/><G129/><T25/><D120/><U102/><E102/><V65/><F65/><W91/><G101/><T114/><D114/><U28/><E28/><V125/><F22/><W118/><G118/><T111/><D79/><U57/><REACH who="1" step="1"/><E66/><REACH who="1" ten="250,240,250,250" step="2"/><V112/><F112/><W104/><G104/><T63/><D67/><U75/><E75/><V94/><F131/><W39/><G72/><T1/><D40/><U14/><E14/><V37/><F130/><W21/><G68/><T99/><D25/><U17/><E17/><V13/><F37/><W26/><G39/><T23/><D126/><U78/><E78/><V106/><F106/><W19/><G70/><T113/><D113/><U51/><E51/><V89/><F125/><W123/><G76/><T122/><D49/><U132/><AGARI ba="0,1" hai="16,20,24,52,55,57,58,59,83,86,90,132,133,134" machi="132" ten="40,8000,1" yaku="1,1,0,1,20,1,54,2,53,0" doraHai="32" doraHaiUra="135" who="1" fromWho="1" sc="250,-40,240,90,250,-20,250,-20" /><INIT seed="1,0,0,2,2,103" ten="210,330,230,230" oya="1" hai0="31,112,36,9,26,42,71,117,120,62,79,14,6" hai1="125,95,63,131,49,33,38,105,10,51,12,65,39" hai2="57,116,22,121,37,48,56,21,115,96,23,108,128" hai3="111,75,94,52,90,118,64,25,132,35,74,134,47"/><U106/><E33/><V92/><F37/><W50/><G118/><T82/><D112/><U97/><E125/><V110/><F121/><W18/><G64/><T113/><D113/><U102/><E131/><V4/><F116/><W76/><G76/><T129/><D117/><U8/><E8/><V93/><F115/><W16/><G111/><T61/><D120/><U29/><E29/><V72/><F72/><W83/><G83/><T122/><D122/><U80/><E39/><V59/><F4/><W104/><G104/><T73/><D129/><U91/><E38/><V89/><F128/><W86/><G35/><T13/><D71/><U114/><E114/><V119/><F119/><W58/><G47/><T68/><D68/><U46/><E46/><V11/><F11/><W44/><G44/><T88/><D42/><U66/><E66/><V101/><F48/><W17/><REACH who="3" step="1"/><G25/><REACH who="3" ten="210,330,230,220" step="2"/><T1/><D36/><U107/><E80/><V27/><F27/><W126/><G126/><T123/><D123/><U41/><E102/><V45/><F45/><W77/><G77/><T55/><D55/><U98/><E41/><V69/><F69/><W135/><AGARI ba="0,1" hai="16,17,18,50,52,58,74,75,86,90,94,132,134,135" machi="135" ten="40,8000,1" yaku="1,1,0,1,20,1,54,2,53,0" doraHai="103" doraHaiUra="133" who="3" fromWho="3" sc="210,-20,330,-40,230,-20,220,90" /><INIT seed="2,0,0,3,5,129" ten="190,290,210,310" oya="2" hai0="12,35,95,55,68,15,133,112,127,31,6,25,117" hai1="2,111,21,11,105,114,69,86,16,57,93,87,82" hai2="52,20,1,120,74,92,13,32,84,46,80,10,81" hai3="72,30,17,99,62,61,47,44,22,70,34,27,107"/><V59/><F32/><W41/><G72/><T58/><D68/><U128/><E105/><V110/><F1/><W121/><G121/><T28/><D112/><U77/><E128/><V132/><F120/><W102/><G44/><T50/><D117/><U90/><E111/><V38/><F20/><W79/><G79/><T94/><D127/><U18/><E69/><V113/><F113/><W54/><G54/><T73/><D73/><U14/><E114/><V119/><F119/><W51/><G70/><T76/><D76/><U49/><E2/><V63/><F74/><W108/><G108/><T89/><D133/><U135/><E135/><V37/><F132/><W65/><G65/><T7/><D31/><U126/><E126/><V42/><F110/><W0/><G0/><T122/><D122/><U101/><E101/><V131/><F131/><W130/><G130/><T53/><D15/><AGARI ba="0,0" hai="15,17,22,27,30,34,41,47,51,61,62,99,102,107" machi="15" ten="30,1000,0" yaku="7,1" doraHai="129" who="3" fromWho="0" sc="190,-10,290,0,210,0,310,10" /><INIT seed="3,0,0,1,3,12" ten="180,290,210,320" oya="3" hai0="45,126,84,34,53,92,105,32,125,129,79,127,124" hai1="121,82,104,119,8,67,123,122,23,0,131,62,55" hai2="60,91,118,88,116,103,133,111,6,114,29,38,57" hai3="18,83,86,46,87,78,58,43,71,132,76,59,39"/><W25/><G71/><T81/><N who="0" m="32256" /><DORA hai="107" /><T52/><D105/><U94/><E104/><V73/><F38/><W50/><G132/><T115/><D115/><U117/><E131/><V2/><F114/><W14/><G25/><T98/><D129/><U3/><E8/><V70/><F103/><W30/><G30/><T110/><D110/><U10/><E10/><V102/><F102/><W24/><G24/><T11/><D11/><U21/><E82/><V40/><F40/><W27/><G27/><T99/><D45/><U16/><E23/><V108/><F70/><W20/><G39/><T93/><D93/><U33/><E33/><N who="0" m="12905" /><D99/><U42/><E55/><V19/><F29/><W68/><G68/><T100/><AGARI ba="0,0" hai="52,53,79,81,84,92,98,100" m="12905,32256" machi="100" ten="60,4000,0" yaku="18,1,54,1" doraHai="12,107" who="0" fromWho="0" sc="180,40,290,-10,210,-10,320,-20" owari="220,-18.0,280,8.0,200,-30.0,300,40.0" /></mjloggm>