<mjloggm ver="2.3"><GO type="97" lobby="0"/><UN n0="%E5%B0%B1%E6%B4%BB%E7%94%9F%40%E5%B7%9D%E6%9D%91%E8%BB%8D%E5%9B%A3" n1="%E8%B6%A3%E6%97%A8%E3%83%BB%E8%A6%8F%E7%AF%84" n2="%EF%BC%A0%E5%92%B2" n3="%E6%A5%BD%E5%8B%9D%EF%BC%81" dan="13,14,14,15" rate="1877.43,1940.24,1937.23,1966.71" sx="M,M,F,M"/><TAIKYOKU oya="0"/><INIT seed="0,0,0,4,2,24" ten="250,250,250,250" oya="0" hai0="117,13,102,35,66,105,33,135,91,125,73,9,49" hai1="106,97,6,52,1,74,63,121,31,7,134,124,77" hai2="44,4,118,67,72,10,132,25,113,32,96,3,51" hai3="16,78,128,42,45,82,60,38,108,95,90,79,109"/><T87/><D73/><U131/><E121/><V110/><F72/><W85/><G128/><T46/><D117/><U11/><E131/><V61/><F113/><W41/><G41/><T39/><D39/><U22/><E6/><V130/><F130/><W68/><G68/><T21/><D125/><U50/><E63/><V65/><F118/><W27/><G60/><T126/><D135/><U23/><E77/><V81/><F132/><W20/><REACH who="3" step="1"/><G79/><REACH who="3" ten="250,250,250,240" step="2"/><T36/><D36/><U80/><E134/><V112/><F61/><W5/><G5/><T122/><D122/><U0/><E124/><V15/><F4/><W98/><AGARI ba="0,1" hai="16,20,27,38,42,45,78,82,85,90,95,98,108,109" machi="98" ten="30,7900,0" yaku="1,1,0,1,54,1,53,1" doraHai="24" doraHaiUra="92" who="3" fromWho="3" sc="250,-39,250,-20,250,-20,240,89" /><INIT seed="1,0,0,2,0,41" ten="211,230,230,329" oya="1" hai0="37,71,4,24,50,58,103,7,9,79,56,84,113" hai1="38,73,35,92,17,19,63,77,75,119,102,115,131" hai2="52,135,88,76,111,5,36,65,62,60,112,127,80" hai3="83,97,53,0,134,21,128,23,48,59,61,49,124"/><U126/><E115/><V105/><F36/><W104/><G0/><T68/><D113/><U54/><E35/><V26/><F112/><W27/><G124/><T107/><D37/><U90/><E119/><V132/><F105/><W40/><G128/><T55/><D7/><U57/><E131/><V96/><F127/><W72/><G134/><N who="2" m="51241" /><F111/><W3/><G3/><T86/><D24/><U14/><E126/><V93/><F5/><W99/><G104/><T114/><D114/><U42/><E102/><V129/><F129/><W16/><G23/><T101/><D107/><U110/><E110/><V22/><F65/><W91/><G72/><T122/><D122/><U123/><E123/><V34/><F34/><W95/><G83/><T43/><D43/><U1/><E1/><V85/><F52/><N who="3" m="34023" /><G40/><T106/><D106/><U51/><E38/><V11/><F11/><W46/><G49/><T44/><D68/><U33/><E33/><V10/><F10/><W89/><G89/><T121/><D121/><U81/><E73/><V20/><F20/><W2/><G2/><T70/><D70/><U30/><E30/><AGARI ba="0,0" hai="22,26,30,60,62,76,80,85,88,93,96" m="51241" machi="30" ten="30,2000,0" yaku="20,1,54,1" doraHai="41" who="2" fromWho="1" sc="211,0,230,-20,230,20,329,0" /><INIT seed="2,0,0,4,1,44" ten="211,210,250,329" oya="2" hai0="48,57,85,122,6,65,36,102,21,100,86,73,13" hai1="53,104,133,30,47,91,35,126,16,130,5,82,74" hai2="8,95,17,46,83,38,84,87,45,12,55,70,24" hai3="50,29,75,112,110,25,54,134,59,20,41,90,67"/><V19/><F70/><W43/><G75/><T71/><D36/><U42/><E104/><V78/><F38/><W76/><G110/><T103/><D73/><U94/><E5/><V98/><F84/><W69/><G112/><T37/><D37/><U14/><E130/><V34/><F34/><W60/><G134/><T10/><D71/><U15/><E133/><V4/><F4/><W61/><G76/><T52/><D122/><U92/><E126/><V63/><F63/><W113/><G113/><T26/><REACH who="0" step="1"/><D65/><REACH who="0" ten="201,210,250,329" step="2"/><U108/><E74/><V18/><F24/><W111/><G111/><T125/><D125/><U2/><E108/><V9/><F12/><W3/><G3/><T77/><D77/><U114/><E2/><V97/><F78/><W93/><REACH who="3" step="1"/><G61/><REACH who="3" ten="201,210,250,319" step="2"/><T131/><D131/><U79/><E114/><V88/><F8/><W23/><G23/><T80/><D80/><U1/><E1/><V11/><F9/><W66/><G66/><T121/><D121/><U109/><E79/><V56/><F11/><W119/><G119/><T72/><D72/><U120/><E109/><V22/><F22/><W28/><G28/><AGARI ba="0,2" hai="6,10,13,21,26,28,48,52,57,85,86,100,102,103" machi="28" ten="40,8000,1" yaku="1,1,8,1,52,1,54,1,53,0" doraHai="44" doraHaiUra="106" who="0" fromWho="3" sc="201,100,210,0,250,0,319,-80" /><INIT seed="3,0,0,0,0,53" ten="301,210,250,239" oya="3" hai0="27,67,46,42,49,84,112,36,121,61,38,9,4" hai1="111,75,52,15,114,80,2,117,81,19,78,109,39" hai2="79,118,72,99,86,65,70,116,71,16,122,23,31" hai3="34,51,89,24,123,57,11,91,110,74,25,134,47"/><W60/><G123/><T135/><D112/><U45/><E2/><V55/><F72/><W95/><G74/><T26/><D135/><U100/><E114/><V82/><F122/><W102/><G134/><T58/><D121/><U22/><E117/><V41/><F41/><N who="3" m="25071" /><G34/><T128/><D128/><U88/><E100/><V68/><F31/><W62/><G110/><T130/><D130/><U59/><E39/><V132/><F132/><W54/><G11/><T64/><D64/><U124/><E45/><V98/><F65/><W93/><G102/><T20/><D84/><U7/><E7/><V83/><F83/><W14/><G14/><T43/><D43/><U96/><E124/><V125/><F125/><W6/><G6/><T48/><D36/><U104/><E104/><V50/><F116/><W108/><G108/><N who="1" m="41546" /><E75/><V63/><F63/><W131/><G131/><T94/><D26/><N who="3" m="10345" /><G62/><T30/><D94/><AGARI ba="0,0" hai="54,57,60,89,91,93,94,95" m="10345,25071" machi="94" ten="30,2900,0" yaku="8,1,52,1" doraHai="53" who="3" fromWho="0" sc="301,-29,210,0,250,0,239,29" /><INIT seed="3,1,0,4,5,48" ten="272,210,250,268" oya="3" hai0="92,10,134,112,77,58,118,113,19,85,82,99,80" hai1="114,123,7,49,63,25,59,35,120,116,111,51,2" hai2="5,31,6,70,98,39,133,43,42,84,13,93,4" hai3="32,108,22,91,130,54,33,65,90,64,126,72,23"/><W131/><G72/><N who="0" m="43047" /><D118/><U60/><E114/><N who="0" m="44137" /><D58/><U28/><E116/><V79/><F70/><W55/><G126/><T0/><D19/><U8/><E111/><AGARI ba="1,0" hai="22,23,32,33,54,55,64,65,90,91,108,111,130,131" machi="111" ten="25,9600,0" yaku="22,2,52,2" doraHai="48" who="3" fromWho="1" sc="272,0,210,-99,250,0,268,99" owari="272,7.0,111,-39.0,250,-15.0,367,47.0" /></mjloggm>