<mjloggm ver="2.3"><GO type="41" lobby="0"/><UN n0="%E5%B0%B1%E6%B4%BB%E7%94%9F%40%E5%B7%9D%E6%9D%91%E8%BB%8D%E5%9B%A3" n1="%E3%83%9C%E3%83%BC%E3%83%80%E3%83%BC%E3%82%B3%E3%83%AA%E3%83%BC%E9%AD%82" n2="%63%68%61%72%68%69%6D%65" n3="%72%65%64%6E%6F%61" dan="15,14,15,13" rate="2004.87,1929.38,1996.93,1887.97" sx="M,M,F,M"/><TAIKYOKU oya="0"/><INIT seed="0,0,0,0,2,64" ten="250,250,250,250" oya="0" hai0="121,46,74,62,119,50,101,1,66,47,109,38,84" hai1="31,126,102,0,16,22,86,92,21,34,12,124,65" hai2="97,96,45,128,94,43,99,87,15,107,25,70,103" hai3="48,32,83,80,11,95,79,91,24,115,112,13,17"/><T30/><D1/><U117/><E117/><V68/><F128/><W57/><G112/><T100/><D74/><U85/><E0/><V61/><F61/><W81/><G115/><T14/><D119/><U88/><E65/><V114/><F114/><W111/><G111/><T77/><D121/><U130/><E130/><V33/><F87/><W113/><G113/><T75/><D75/><U42/><E42/><V135/><F99/><W108/><G108/><T4/><D38/><U110/><E110/><V76/><F76/><W67/><G24/><T18/><D47/><U41/><E41/><V60/><F60/><W36/><G36/><T49/><D50/><U26/><E34/><V27/><F15/><W28/><G32/><T78/><D30/><U3/><E3/><V122/><F122/><W105/><G28/><T90/><D109/><U123/><E102/><V106/><F27/><W58/><G67/><T98/><D4/><U7/><E7/><V131/><F131/><W63/><G63/><T82/><D98/><U23/><E123/><V51/><F135/><W44/><G105/><T120/><D101/><U72/><E72/><V8/><F8/><W2/><G79/><T52/><D100/><U10/><REACH who="1" step="1"/><E86/><REACH who="1" ten="250,240,250,250" step="2"/><V104/><F97/><N who="3" m="57599" /><G2/><T29/><D120/><U73/><E73/><V125/><F33/><W93/><G93/><T55/><D55/><AGARI ba="0,1" hai="11,13,17,44,48,55,57,58,80,81,83" m="57599" machi="55" ten="30,1000,0" yaku="8,1" doraHai="64" who="3" fromWho="0" sc="250,-10,240,0,250,0,250,20" /><INIT seed="1,0,0,2,3,40" ten="240,240,250,270" oya="1" hai0="80,17,93,35,67,56,29,14,114,52,109,127,125" hai1="44,63,50,61,0,53,22,31,27,19,66,68,115" hai2="8,21,97,55,74,98,107,118,135,89,88,2,3" hai3="41,11,69,120,70,119,42,59,54,117,99,100,13"/><U78/><E0/><V38/><F118/><N who="3" m="45067" /><G100/><T133/><D114/><U77/><E115/><V36/><F74/><W121/><G99/><T122/><D67/><U51/><E63/><V79/><F79/><W84/><G84/><T104/><D104/><U94/><E94/><V111/><F135/><W101/><G101/><T28/><D133/><U82/><E82/><V96/><F107/><W73/><G13/><T129/><D35/><U6/><E6/><V45/><F2/><W48/><G11/><T105/><D105/><U47/><REACH who="1" step="1"/><E31/><REACH who="1" ten="240,230,250,270" step="2"/><N who="0" m="11849" /><D122/><N who="3" m="47209" /><G73/><T37/><D93/><U62/><E62/><V108/><F3/><W103/><G103/><T5/><D80/><U58/><E58/><V134/><F134/><W132/><G132/><T128/><D5/><U24/><E24/><V123/><F123/><W85/><G85/><T112/><D112/><U131/><E131/><N who="0" m="50249" /><D109/><U76/><E76/><V92/><F111/><W64/><G70/><T10/><D37/><U18/><E18/><V83/><F38/><W1/><G1/><T102/><D102/><U106/><E106/><V110/><F36/><W113/><G113/><T95/><D95/><U81/><E81/><V43/><F110/><W4/><G4/><T15/><D15/><U34/><E34/><V57/><F92/><W91/><G91/><T7/><D7/><U72/><E72/><V49/><F83/><W75/><G75/><T16/><D17/><U90/><E90/><V32/><F108/><W60/><AGARI ba="0,1" hai="41,42,48,54,59,60,64,69" m="47209,45067" machi="60" ten="40,5200,0" yaku="12,1,34,2" doraHai="40" who="3" fromWho="3" sc="240,-13,230,-26,250,-13,270,62" /><INIT seed="2,0,0,3,3,6" ten="227,204,237,332" oya="2" hai0="59,105,89,8,38,94,131,35,18,114,27,124,133" hai1="110,120,30,95,88,91,70,65,93,97,81,20,82" hai2="31,76,56,132,100,17,103,99,0,39,62,129,69" hai3="49,43,15,12,109,68,37,16,60,36,119,122,4"/><V118/><F118/><W117/><G122/><T32/><D105/><U64/><E120/><V98/><F39/><W86/><G109/><T46/><D114/><U48/><E110/><V92/><F69/><W135/><G135/><T19/><D133/><U130/><E130/><V53/><F132/><W106/><G106/><T63/><D124/><U128/><E128/><V33/><F76/><W3/><G3/><T111/><D131/><U40/><E70/><V77/><F77/><W51/><G43/><T73/><D73/><U83/><E40/><V29/><F33/><W7/><G60/><T125/><D111/><U84/><E48/><V58/><F0/><W127/><G68/><T47/><D125/><U14/><E30/><V54/><F17/><AGARI ba="0,0" hai="14,17,20,64,65,81,82,83,84,88,91,93,95,97" machi="17" ten="40,2600,0" yaku="8,1,54,1" doraHai="6" who="1" fromWho="2" sc="227,0,204,26,237,-26,332,0" /><INIT seed="3,0,0,3,4,67" ten="227,230,211,332" oya="3" hai0="45,0,35,135,57,2,84,16,54,9,10,70,103" hai1="114,42,5,134,14,85,87,12,55,90,22,52,58" hai2="78,23,104,46,111,88,4,115,100,37,26,68,122" hai3="93,50,44,86,18,41,15,30,105,62,118,131,133"/><W34/><G105/><T40/><D35/><U98/><E114/><V17/><F115/><W38/><G118/><T36/><D135/><U24/><E42/><V77/><F111/><W127/><G131/><T27/><D70/><U28/><E55/><V11/><F68/><W8/><G127/><T112/><D112/><U63/><E134/><V91/><F122/><W74/><G74/><T60/><D103/><U43/><E43/><V83/><F77/><W51/><G133/><T56/><D9/><N who="1" m="4143" /><E14/><V82/><F82/><W126/><G126/><T73/><D73/><U92/><AGARI ba="0,0" hai="22,24,28,52,58,63,85,87,90,92,98" m="4143" machi="92" ten="30,2000,0" yaku="8,1,54,1" doraHai="67" who="1" fromWho="1" sc="227,-5,230,20,211,-5,332,-10" /><INIT seed="4,0,0,5,2,17" ten="222,250,206,322" oya="0" hai0="89,22,78,54,52,127,28,65,100,102,46,64,84" hai1="40,19,43,39,131,45,37,94,82,99,25,72,47" hai2="129,81,14,97,130,18,71,101,77,95,38,6,0" hai3="68,31,85,80,15,88,12,11,42,113,44,63,69"/><T60/><D127/><U134/><E131/><V66/><F38/><W109/><G109/><T26/><D78/><U10/><E134/><V29/><F29/><W96/><G113/><T133/><D133/><U108/><E108/><V115/><F115/><W135/><G135/><T74/><D74/><U76/><E10/><V1/><F66/><N who="0" m="25706" /><D60/><U21/><E99/><V48/><F71/><W118/><G118/><T79/><D79/><U93/><AGARI ba="0,0" hai="19,21,25,37,39,40,43,45,47,72,76,82,93,94" machi="93" ten="30,4000,0" yaku="0,1,9,1,52,1" doraHai="17" who="1" fromWho="1" sc="222,-20,250,40,206,-10,322,-10" /><INIT seed="5,0,0,0,1,62" ten="202,290,196,312" oya="1" hai0="86,121,32,11,135,63,91,52,112,35,22,120,7" hai1="92,117,43,15,98,55,3,74,97,48,60,2,133" hai2="115,99,6,29,77,127,64,28,50,69,59,106,66" hai3="18,118,102,27,134,89,58,76,53,72,79,54,21"/><U130/><E74/><V111/><F111/><W100/><G118/><T0/><D22/><U126/><E117/><V67/><F69/><W82/><G134/><T24/><D135/><U129/><E133/><V70/><F70/><W125/><G125/><T16/><D112/><U73/><E73/><V124/><F77/><W65/><G79/><T116/><D116/><U114/><E98/><V78/><F78/><W40/><G40/><T47/><D24/><U105/><E105/><V61/><F50/><W39/><G39/><T42/><D42/><U104/><E104/><V85/><F85/><W108/><G108/><T94/><D16/><U1/><E126/><N who="2" m="48171" /><F6/><W17/><G17/><T87/><D87/><U93/><E114/><V88/><F115/><W30/><G89/><T57/><REACH who="0" step="1"/><D47/><REACH who="0" ten="192,290,196,312" step="2"/><U80/><E43/><V101/><F88/><W14/><G27/><T33/><AGARI ba="0,1" hai="0,7,11,32,33,35,52,57,63,86,91,94,120,121" machi="33" ten="40,12000,2" yaku="1,1,2,1,0,1,54,1,53,2" doraHai="62" doraHaiUra="119" who="0" fromWho="0" sc="192,130,290,-60,196,-30,312,-30" /><INIT seed="6,0,0,2,4,103" ten="322,230,166,282" oya="2" hai0="78,106,24,67,12,56,2,49,4,94,5,59,91" hai1="58,124,104,16,109,40,63,79,77,57,37,30,112" hai2="123,17,115,31,75,62,98,8,134,132,36,70,69" hai3="61,60,120,119,122,111,20,85,126,6,71,121,3"/><V33/><F123/><W82/><G119/><T65/><D2/><U53/><E109/><V41/><F75/><W42/><G111/><T68/><D106/><U99/><E30/><V100/><F115/><W47/><G126/><T83/><D24/><U131/><E131/><V80/><F80/><W95/><G71/><T7/><D12/><U35/><E35/><V29/><F17/><W86/><G6/><T102/><D102/><U54/><E40/><V13/><F8/><W43/><G20/><T22/><D22/><U28/><E28/><N who="2" m="10827" /><F62/><W88/><G3/><T89/><D68/><U23/><E37/><V32/><F13/><W135/><G43/><T114/><D114/><U45/><E45/><N who="2" m="23719" /><F69/><W48/><REACH who="3" step="1"/><G135/><REACH who="3" ten="322,230,166,272" step="2"/><N who="2" m="51753" /><F70/><W108/><G108/><T50/><D4/><U76/><E112/><V74/><F74/><W130/><G130/><T55/><D5/><U73/><E73/><V116/><F116/><W18/><G18/><T44/><D7/><U66/><E16/><V26/><F26/><W101/><G101/><T84/><D89/><AGARI ba="0,1" hai="42,47,48,60,61,82,85,86,88,89,95,120,121,122" machi="89" ten="40,2600,0" yaku="1,1,54,1,53,0" doraHai="103" doraHaiUra="128" who="3" fromWho="0" sc="322,-26,230,0,166,0,272,36" /><INIT seed="7,0,0,2,2,59" ten="296,230,166,308" oya="3" hai0="1,127,75,81,83,123,114,0,99,132,72,11,25" hai1="76,24,87,6,95,32,8,120,62,92,64,67,17" hai2="109,42,35,124,129,10,113,102,38,112,119,77,94" hai3="107,82,118,60,61,110,20,33,105,54,15,56,7"/><W52/><G118/><T78/><D123/><U101/><E120/><V23/><F38/><W89/><G33/><T125/><D99/><U21/><E32/><V30/><F42/><W13/><G110/><T14/><D132/><U22/><E67/><V108/><F77/><W126/><G126/><N who="0" m="48139" /><D114/><N who="2" m="44138" /><F124/><W12/><G107/><T100/><D25/><U74/><E74/><N who="0" m="28201" /><D100/><U93/><E22/><V91/><F102/><W80/><G105/><T88/><D88/><U63/><E64/><V131/><F35/><W26/><G89/><T117/><D117/><U68/><E68/><V40/><F40/><W97/><G97/><T121/><D121/><U16/><E6/><V66/><F66/><W69/><G69/><T79/><D79/><U19/><E101/><V36/><F36/><W85/><G7/><N who="0" m="3455" /><D78/><U70/><E70/><V98/><F10/><W84/><G82/><AGARI ba="0,0" hai="0,1,81,82,83" m="3455,28201,48139" machi="82" ten="30,1000,0" yaku="18,1" doraHai="59" who="0" fromWho="3" sc="296,10,230,0,166,0,308,-10" owari="306,40.0,230,-17.0,166,-33.0,298,10.0" /></mjloggm>