<mjloggm ver="2.3"><GO type="169" lobby="0"/><UN n0="%41%4D%4B%52" n1="%E6%B9%8A%E3%81%AE%E9%87%A3%E5%B8%AB" n2="%E3%82%A6%E3%83%AB%E3%83%88%E3%83%A9%E7%AB%8B%E7%9B%B4" n3="%E7%86%8A%E7%8C%AB%E5%8C%96%E9%9B%AA" dan="16,16,17,16" rate="2004.11,2060.77,2197.41,2065.38" sx="M,M,M,M"/><TAIKYOKU oya="0"/><INIT seed="0,0,0,2,4,21" ten="250,250,250,250" oya="0" hai0="8,104,13,55,45,57,89,121,63,4,25,7,70" hai1="40,22,1,113,64,93,118,116,48,23,49,79,24" hai2="114,101,88,32,35,17,62,53,124,11,52,15,30" hai3="112,103,65,91,128,130,87,110,71,68,122,102,46"/><T51/><D121/><U38/><E1/><V109/><F114/><W29/><G112/><T58/><D104/><U14/><E64/><V61/><F101/><W75/><G75/><T78/><D78/><U125/><E113/><V92/><F124/><W111/><G122/><T50/><D70/><U84/><E125/><V44/><F109/><N who="3" m="41483" /><G46/><T28/><D89/><U5/><E38/><V16/><F17/><W82/><G29/><T12/><D12/><U123/><E123/><V131/><F131/><N who="3" m="50219" /><G65/><N who="0" m="39151" /><D4/><U126/><E126/><V42/><F30/><W47/><G47/><T95/><D95/><U2/><E5/><V127/><F127/><W6/><G6/><T41/><D28/><U73/><E73/><V96/><F35/><W19/><G19/><T3/><D3/><U83/><E2/><V60/><REACH who="2" step="1"/><F32/><REACH who="2" ten="250,250,240,250" step="2"/><W132/><G132/><T0/><D7/><U18/><E118/><V37/><AGARI ba="0,1" hai="11,15,16,37,42,44,52,53,60,61,62,88,92,96" machi="37" ten="30,12000,2" yaku="1,1,2,1,0,1,54,3,53,0" doraHai="21" doraHaiUra="81" who="2" fromWho="2" sc="250,-60,250,-30,240,130,250,-30" /><INIT seed="1,0,0,3,4,65" ten="190,220,370,220" oya="1" hai0="41,59,4,71,55,101,96,86,2,7,132,43,77" hai1="40,46,115,5,70,39,30,24,15,118,47,57,119" hai2="134,51,26,21,75,100,54,42,87,81,45,79,28" hai3="128,85,25,72,133,29,48,18,32,117,52,6,34"/><U38/><E115/><V23/><F134/><W67/><G72/><T9/><D132/><U99/><E57/><V129/><F129/><W53/><G133/><T116/><D116/><U17/><E5/><V92/><F75/><W20/><G128/><T98/><D71/><U97/><E70/><V74/><F74/><W19/><G117/><T0/><D7/><U107/><E99/><N who="2" m="59495" /><F21/><W105/><G105/><T10/><D10/><U64/><E64/><V31/><F54/><W95/><G67/><T130/><D2/><U91/><E15/><V135/><F135/><W123/><G123/><T8/><D8/><U106/><E17/><AGARI ba="0,0" hai="17,23,26,28,31,42,45,51,79,81,87" m="59495" machi="17" ten="30,1000,0" yaku="8,1" doraHai="65" who="2" fromWho="1" sc="190,0,220,-10,370,10,220,0" /><INIT seed="2,0,0,5,0,60" ten="190,210,380,220" oya="2" hai0="23,47,31,13,58,20,44,38,29,116,14,77,18" hai1="106,24,112,74,52,3,54,117,114,100,10,66,81" hai2="102,68,79,50,131,40,17,61,26,46,93,27,43" hai3="82,6,62,49,34,9,89,35,111,129,53,119,36"/><V121/><F121/><W65/><G36/><T76/><D116/><U110/><E117/><V134/><F131/><W73/><G129/><T4/><D38/><U124/><E24/><V83/><F134/><W69/><G111/><T41/><D41/><U92/><E106/><V8/><F43/><W105/><G105/><T25/><D58/><U101/><E110/><V85/><F68/><W91/><G119/><T88/><D18/><U64/><E124/><V28/><F61/><W133/><G133/><T48/><D48/><U5/><E112/><V90/><F102/><W99/><G73/><T103/><D103/><U59/><E114/><V67/><F67/><W97/><G89/><T55/><D25/><U113/><E113/><V37/><F37/><W63/><G62/><T22/><D55/><U118/><E54/><V72/><F28/><N who="0" m="10826" /><D88/><U120/><E120/><V109/><F109/><W0/><G97/><T104/><D104/><U1/><E1/><V94/><F94/><W122/><G122/><T33/><D33/><U15/><E3/><V80/><F80/><W19/><G82/><T115/><D115/><U132/><E132/><V42/><F42/><W45/><G34/><T56/><D56/><U84/><E74/><V30/><F30/><W98/><G35/><T7/><D7/><U39/><E39/><V126/><F126/><W128/><G128/><T78/><D4/><U86/><E118/><V125/><F125/><W130/><G130/><T21/><N who="0" m="5120" /><DORA hai="70" /><T87/><D87/><N who="1" m="33323" /><E81/><V16/><F17/><W127/><G127/><T51/><D51/><N who="1" m="31135" /><E101/><V107/><F107/><RYUUKYOKU ba="0,0" sc="190,10,210,10,380,10,220,-30" hai0="13,14,44,47,76,77,78" hai1="5,10,15,64,66,92,100" hai2="8,16,26,27,40,46,50,72,79,83,85,90,93" /><INIT seed="2,1,0,0,1,127" ten="200,220,390,190" oya="2" hai0="81,2,40,33,56,67,66,0,75,110,52,84,92" hai1="107,9,79,53,14,62,74,125,98,65,124,103,106" hai2="41,30,64,38,28,97,77,55,122,76,19,104,118" hai3="1,20,46,37,42,133,34,7,36,32,35,135,18"/><V54/><F122/><W119/><G119/><T100/><D33/><U17/><E106/><V5/><F5/><W69/><G69/><T123/><D123/><U68/><E79/><V117/><F64/><W83/><G83/><T116/><D75/><U21/><E74/><V12/><F41/><W94/><G94/><T80/><D40/><U13/><REACH who="1" step="1"/><E53/><REACH who="1" ten="200,210,390,190" step="2"/><V86/><F55/><W48/><G48/><BYE who="3" /><UN n3="%E7%86%8A%E7%8C%AB%E5%8C%96%E9%9B%AA" /><T105/><D105/><U57/><E57/><V31/><F54/><W93/><G37/><T134/><D52/><U91/><E91/><V99/><F38/><W44/><G36/><T60/><D56/><U121/><E121/><V73/><F73/><W112/><G135/><T120/><D134/><U29/><E29/><V131/><F31/><W72/><G133/><T78/><D78/><U49/><E49/><V61/><F30/><W96/><G72/><T25/><D120/><U15/><E15/><V101/><F28/><W114/><G114/><T87/><D116/><U130/><E130/><V82/><F131/><W47/><G112/><T129/><D129/><U108/><E108/><V22/><F118/><W126/><G42/><T6/><D0/><U39/><E39/><V24/><F117/><W95/><G1/><T51/><D2/><U26/><E26/><V16/><F77/><W128/><G128/><T89/><D25/><U63/><E63/><V11/><F61/><W58/><G58/><T27/><D60/><U85/><E85/><V50/><F50/><W10/><G34/><T3/><D3/><U43/><E43/><V8/><F97/><W70/><G96/><RYUUKYOKU ba="1,1" sc="200,-15,210,15,390,15,190,-15" hai1="9,13,14,17,21,62,65,68,98,103,107,124,125" hai2="8,11,12,16,19,22,24,76,82,86,99,101,104" /><INIT seed="2,2,1,4,1,7" ten="185,225,405,175" oya="2" hai0="78,117,73,43,80,98,40,79,27,132,55,45,67" hai1="58,29,92,112,75,93,8,31,109,129,32,77,88" hai2="126,90,123,62,127,68,28,134,15,54,3,81,86" hai3="107,121,84,85,115,101,116,37,108,53,13,72,113"/><V48/><F3/><W52/><G121/><T14/><D67/><U99/><E112/><N who="3" m="43082" /><G116/><T133/><D78/><U38/><E38/><V95/><F123/><W70/><G70/><T74/><D74/><U23/><E109/><V111/><F111/><W71/><G71/><T91/><D117/><U46/><E46/><V83/><F28/><W100/><G72/><T35/><D14/><U102/><E129/><V125/><F134/><N who="0" m="51818" /><D35/><U87/><E32/><V51/><F15/><W33/><G108/><T18/><D27/><U104/><E93/><V103/><F103/><W12/><G33/><T89/><D18/><U25/><E58/><N who="2" m="35159" /><F127/><W34/><G34/><T60/><D60/><U10/><E31/><V42/><F68/><W11/><G13/><T135/><D135/><U106/><E106/><V96/><F42/><N who="0" m="15914" /><D98/><U105/><E105/><V20/><F96/><N who="3" m="61831" /><G37/><T17/><D17/><U57/><REACH who="1" step="1"/><E57/><REACH who="1" ten="185,215,405,175" step="2"/><V59/><F59/><W119/><G119/><T94/><D94/><U124/><E124/><V65/><F126/><W66/><G101/><T39/><D39/><U19/><E19/><V24/><F125/><W2/><G2/><T128/><D128/><U50/><E50/><AGARI ba="2,2" hai="45,50,55,73,79,80,89,91" m="15914,51818" machi="50" ten="30,1000,0" yaku="20,1" doraHai="7" who="0" fromWho="1" sc="185,36,215,-16,405,0,175,0" /><INIT seed="3,0,0,2,5,97" ten="221,199,405,175" oya="3" hai0="115,128,118,126,9,117,84,38,74,127,1,41,87" hai1="79,10,75,76,121,16,40,43,113,36,24,59,130" hai2="53,56,22,30,103,67,14,44,51,42,99,131,133" hai3="106,48,134,102,124,8,71,72,101,93,57,5,11"/><W120/><G71/><T0/><D87/><U33/><E121/><V88/><F131/><W98/><G120/><T2/><D84/><U114/><E130/><V94/><F133/><W62/><G134/><T77/><D128/><U58/><E33/><V54/><F67/><W86/><G72/><T91/><D91/><U31/><E31/><V26/><F14/><W47/><G124/><N who="0" m="47659" /><D115/><U107/><E107/><V125/><F125/><W89/><G5/><T81/><D9/><U82/><E10/><N who="3" m="3626" /><G86/><T50/><D50/><U66/><E36/><V109/><F109/><W39/><G39/><T4/><D4/><U116/><E75/><V108/><F108/><W61/><G106/><T52/><D52/><N who="2" m="20074" /><F56/><W70/><G70/><T110/><D110/><U46/><E66/><V21/><F21/><W7/><G7/><T92/><D92/><U129/><E129/><V122/><F122/><W119/><G119/><T27/><D27/><U111/><E111/><V60/><F60/><N who="3" m="23147" /><G57/><T12/><D12/><U35/><E116/><V95/><F95/><W112/><G112/><T20/><D20/><U55/><E114/><V25/><F25/><W104/><G104/><T100/><D118/><U3/><E113/><V80/><F80/><W132/><G132/><T32/><D117/><U90/><E82/><V17/><F30/><W68/><G68/><T29/><D29/><U69/><E69/><V45/><F45/><W64/><G64/><T96/><D38/><U37/><E37/><V23/><F23/><W28/><G28/><T135/><D135/><U63/><E46/><V123/><F123/><RYUUKYOKU ba="0,0" sc="221,-15,199,-15,405,15,175,15" hai2="17,22,26,42,44,51,88,94,99,103" hai3="47,48,89,93,98,101,102" /><INIT seed="3,1,0,0,3,112" ten="206,184,420,190" oya="3" hai0="87,17,81,131,66,26,123,62,7,93,24,29,10" hai1="99,45,3,109,63,125,37,16,105,74,100,39,71" hai2="21,92,121,119,120,133,2,33,106,83,75,36,40" hai3="116,102,97,84,47,6,88,79,104,30,20,0,55"/><W114/><G114/><T80/><D123/><U82/><E109/><V72/><F106/><W103/><G116/><T69/><D131/><U19/><E125/><V27/><F33/><W42/><G103/><T94/><D17/><U59/><E71/><V124/><F2/><W101/><G101/><T64/><D64/><U52/><E3/><V51/><F36/><W86/><G55/><T130/><D130/><U113/><E113/><V5/><F5/><W96/><G79/><T46/><D46/><U122/><E122/><N who="2" m="47211" /><F119/><W85/><G0/><T89/><D7/><U41/><REACH who="1" step="1"/><E39/><REACH who="1" ten="206,174,420,190" step="2"/><V126/><F124/><W12/><G6/><T135/><D69/><U18/><E18/><V32/><F126/><W95/><G30/><T1/><D29/><U14/><E14/><V50/><F133/><W44/><REACH who="3" step="1"/><G42/><REACH who="3" ten="206,174,420,180" step="2"/><T134/><D1/><U58/><E58/><V48/><F40/><W38/><G38/><T15/><D134/><U8/><E8/><V110/><F75/><W54/><G54/><T65/><D10/><U49/><E49/><V23/><F51/><W61/><G61/><T4/><D62/><U22/><E22/><V25/><F50/><W73/><G73/><T70/><D4/><U76/><AGARI ba="1,2" hai="16,19,37,41,45,52,59,63,74,76,82,99,100,105" machi="76" ten="30,7900,0" yaku="1,1,0,1,54,2,53,0" doraHai="112" doraHaiUra="91" who="1" fromWho="1" sc="206,-21,174,102,420,-21,180,-40" /><INIT seed="4,0,0,5,0,113" ten="185,276,399,140" oya="0" hai0="62,105,94,73,97,18,80,121,120,90,99,17,129" hai1="101,104,3,6,123,107,92,116,1,5,108,2,83" hai2="65,115,133,15,75,55,13,81,119,124,28,39,56" hai3="102,89,35,69,48,10,126,36,79,37,58,16,132"/><T52/><D129/><U109/><E123/><V135/><F39/><W34/><G69/><T84/><D121/><U117/><E83/><V54/><F115/><W0/><G126/><T70/><D120/><U14/><E92/><V93/><F124/><W114/><G114/><T24/><D73/><U85/><E85/><V12/><F119/><N who="1" m="45641" /><E101/><V134/><F28/><W118/><G79/><T31/><D70/><U53/><E53/><V22/><F22/><W41/><G102/><T91/><D105/><N who="1" m="40523" /><E14/><V131/><F131/><W40/><G118/><T9/><D99/><U74/><E74/><V127/><F127/><W72/><G72/><T88/><D91/><U8/><E8/><V25/><F93/><W110/><G89/><T32/><REACH who="0" step="1"/><D9/><REACH who="0" ten="175,276,399,140" step="2"/><U125/><E125/><V76/><F75/><W106/><G106/><T57/><AGARI ba="0,1" hai="17,18,24,31,32,52,57,62,80,84,88,90,94,97" machi="57" ten="30,12000,1" yaku="1,1,2,1,0,1,54,2,53,0" doraHai="113" doraHaiUra="98" who="0" fromWho="0" sc="175,130,276,-40,399,-40,140,-40" /><INIT seed="4,1,0,2,3,27" ten="305,236,359,100" oya="0" hai0="77,51,18,90,105,24,34,120,98,17,30,61,10" hai1="33,91,106,135,126,75,111,68,37,101,102,116,9" hai2="25,84,118,115,99,76,14,53,127,83,114,134,46" hai3="40,8,38,56,117,3,58,87,21,28,29,82,49"/><T16/><D120/><U1/><RYUUKYOKU type="yao9" ba="1,0" sc="305,0,236,0,359,0,100,0" hai1="1,9,33,37,68,75,91,101,102,106,111,116,126,135" /><INIT seed="4,2,0,4,2,42" ten="305,236,359,100" oya="0" hai0="94,3,17,13,1,55,47,131,98,86,111,87,31" hai1="119,61,112,29,68,101,73,25,26,96,106,90,121" hai2="4,83,49,40,35,15,114,77,130,60,81,63,32" hai3="33,85,52,99,21,95,16,53,88,109,115,66,6"/><T107/><D107/><U37/><E119/><V50/><F114/><W70/><G109/><T10/><D1/><U65/><E26/><V123/><F123/><W67/><G33/><T132/><D3/><U113/><E121/><V18/><F4/><W51/><G115/><N who="1" m="44106" /><E90/><V125/><F125/><W58/><G6/><T93/><D111/><U133/><E37/><V36/><F36/><W72/><G72/><T82/><D31/><U122/><E122/><V103/><F103/><W75/><G75/><T128/><D132/><U78/><E78/><V24/><F24/><W12/><G70/><T135/><D135/><U22/><E73/><V97/><F97/><W11/><G11/><T2/><D2/><U126/><E133/><V54/><F35/><W91/><G53/><T20/><D10/><U34/><E22/><V117/><F32/><W76/><G76/><N who="0" m="46407" /><D87/><U28/><E29/><V110/><F110/><W118/><G118/><T9/><D9/><U124/><AGARI ba="2,0" hai="25,28,34,61,65,68,96,101,106,124,126" m="44106" machi="124" ten="30,7900,0" yaku="25,1,15,1,11,1,23,1" doraHai="42" who="1" fromWho="1" sc="305,-41,236,85,359,-22,100,-22" /><INIT seed="5,0,0,4,3,59" ten="264,321,337,78" oya="1" hai0="127,12,126,81,125,105,68,47,124,20,73,37,51" hai1="18,101,13,112,79,16,106,60,116,88,118,33,36" hai2="76,135,6,98,42,75,92,10,89,94,87,58,44" hai3="69,5,97,108,111,39,122,54,28,0,31,7,121"/><U40/><E33/><V32/><F32/><W55/><G97/><T82/><D105/><U48/><E36/><V107/><F107/><W120/><G39/><T134/><D37/><U113/><E79/><V21/><F135/><W71/><G0/><T93/><D134/><U96/><E88/><V74/><F21/><W110/><G54/><T99/><D68/><U129/><E129/><V67/><F67/><W30/><REACH who="3" step="1"/><G55/><REACH who="3" ten="264,321,337,68" step="2"/><T29/><D124/><U11/><E118/><V17/><F98/><W70/><AGARI ba="0,1" hai="5,7,28,30,31,69,70,71,108,110,111,120,121,122" machi="70" ten="50,32000,5" yakuman="40" doraHai="59" doraHaiUra="57" who="3" fromWho="3" sc="264,-80,321,-160,337,-80,68,330" /><INIT seed="6,0,0,4,4,81" ten="184,161,257,398" oya="2" hai0="22,55,56,63,125,127,58,123,27,52,62,47,93" hai1="86,41,91,26,36,94,38,45,102,97,42,103,49" hai2="67,64,1,115,82,75,77,132,16,95,96,79,68" hai3="134,6,39,34,92,74,59,25,35,4,60,128,118"/><V106/><F1/><W37/><G118/><T3/><D3/><U109/><E109/><V84/><F132/><W130/><G74/><T83/><D123/><U87/><E36/><V121/><F121/><W71/><G71/><T11/><D47/><U9/><E9/><V117/><F117/><W101/><G134/><T119/><D119/><U69/><E69/><V44/><F115/><W122/><G122/><T54/><D11/><U0/><E0/><V120/><F120/><W24/><G101/><N who="1" m="38410" /><E38/><V30/><F30/><W89/><G39/><T2/><D2/><U108/><E108/><V46/><F106/><W76/><G37/><T114/><D114/><U31/><E41/><V51/><F79/><W7/><G76/><T126/><D83/><U40/><E40/><N who="2" m="24967" /><F75/><W15/><G35/><T33/><D33/><U129/><E129/><N who="3" m="49770" /><G15/><T19/><REACH who="0" step="1"/><D93/><REACH who="0" ten="174,161,257,398" step="2"/><U88/><E91/><N who="2" m="55423" /><F46/><W12/><G34/><T21/><D21/><U29/><E29/><V66/><F68/><W32/><G32/><T104/><D104/><U100/><E100/><V113/><F113/><W10/><G89/><T53/><AGARI ba="0,1" hai="19,22,27,52,53,54,55,56,58,62,63,125,126,127" machi="53" ten="40,8000,1" yaku="1,1,0,1,9,1,18,1,54,1,53,0" doraHai="81" doraHaiUra="61" who="0" fromWho="0" sc="174,90,161,-20,257,-40,398,-20" /><INIT seed="7,0,0,5,3,50" ten="264,141,217,378" oya="3" hai0="19,132,105,112,116,99,38,121,67,4,102,118,43" hai1="35,68,86,32,91,27,25,85,93,78,63,61,76" hai2="119,65,77,117,111,48,16,73,45,81,9,133,23" hai3="42,115,20,71,87,8,6,72,66,59,36,131,55"/><W5/><G72/><T57/><D4/><U37/><E37/><V10/><F111/><W2/><G6/><T53/><D67/><U127/><E127/><V44/><F133/><W24/><G115/><T106/><D106/><U82/><E68/><V54/><F65/><W1/><G1/><T123/><D132/><U88/><E93/><V122/><F122/><W21/><G131/><T135/><D135/><U104/><E104/><V84/><F73/><W79/><G24/><T130/><D130/><U11/><E11/><V33/><F33/><W3/><G3/><T89/><D112/><U39/><E39/><V83/><F83/><W60/><G79/><T46/><D121/><U17/><E17/><V107/><F107/><W70/><G71/><T128/><D128/><U129/><E129/><V22/><F23/><W47/><G87/><T14/><D89/><U124/><E124/><V7/><F7/><W56/><G70/><T80/><D80/><U29/><E82/><V40/><F117/><W96/><G96/><T101/><D101/><U18/><E18/><V34/><F34/><W75/><G75/><T28/><D28/><U110/><E29/><V64/><F64/><W30/><G30/><T51/><REACH who="0" step="1"/><D123/><REACH who="0" ten="254,141,217,378" step="2"/><U109/><AGARI ba="0,1" hai="25,27,32,35,61,63,76,78,85,86,88,91,109,110" machi="109" ten="25,6400,0" yaku="0,1,22,2,54,1" doraHai="50" who="1" fromWho="1" sc="254,-16,141,74,217,-16,378,-32" owari="238,4.0,215,-18.0,201,-30.0,346,44.0" /></mjloggm>