<mjloggm ver="2.3"><GO type="97" lobby="0"/><UN n0="%E3%82%A6%E3%83%AB%E3%83%88%E3%83%A9%E7%AB%8B%E7%9B%B4" n1="%4B%69%72%61%72%69%53" n2="%73%6D%61%72%74%61%72%74" n3="%6D%6F%6C%62%61%6C%6C" dan="15,13,14,13" rate="2056.47,1818.09,1935.50,1903.12" sx="M,M,F,M"/><TAIKYOKU oya="0"/><INIT seed="0,0,0,0,5,74" ten="250,250,250,250" oya="0" hai0="130,127,87,131,9,123,25,66,92,51,15,3,72" hai1="42,94,128,16,93,80,44,20,37,11,107,90,12" hai2="62,5,108,124,115,47,60,135,106,61,104,132,78" hai3="67,99,133,17,63,71,118,101,85,129,76,59,105"/><T22/><D72/><U50/><E128/><N who="0" m="49193" /><D3/><U18/><E107/><V31/><F115/><W33/><G118/><T2/><D2/><U45/><E80/><V110/><F5/><W13/><G129/><T117/><D117/><U21/><E11/><V125/><F31/><W26/><G133/><N who="2" m="51273" /><F78/><W96/><G59/><T8/><D123/><U69/><E69/><V7/><F7/><W109/><G109/><N who="2" m="42089" /><F47/><W34/><G96/><T55/><D66/><U114/><E114/><V6/><F6/><W0/><G0/><T36/><D36/><U112/><E112/><V65/><F65/><W49/><G49/><T100/><D127/><AGARI ba="0,0" hai="60,61,62,104,106,124,125,127" m="42089,51273" machi="127" ten="40,8000,1" yaku="28,2,18,1,20,1,14,1" doraHai="74" who="2" fromWho="0" sc="250,-80,250,0,250,80,250,0" /><INIT seed="1,0,0,5,4,120" ten="170,250,330,250" oya="1" hai0="20,62,26,39,130,6,71,56,74,69,98,90,73" hai1="60,78,114,113,131,14,15,18,84,76,121,125,94" hai2="17,93,117,7,35,101,127,87,107,80,111,122,55" hai3="110,64,118,54,72,68,52,134,41,1,109,79,31"/><U13/><E121/><V16/><F122/><W66/><G1/><T33/><D39/><U8/><E131/><V104/><F35/><W44/><G31/><T135/><D33/><U63/><E125/><V106/><F117/><W82/><G118/><T70/><D130/><U96/><E113/><V53/><F7/><W25/><G25/><T46/><D46/><U75/><E114/><V123/><F123/><W112/><G112/><T95/><D6/><U91/><E75/><V30/><F30/><W100/><G100/><T19/><REACH who="0" step="1"/><D135/><REACH who="0" ten="160,250,330,250" step="2"/><U22/><E96/><V51/><F127/><W36/><G134/><T99/><D99/><U49/><E49/><V124/><F51/><W47/><G47/><T61/><D61/><N who="1" m="23627" /><E14/><V133/><F124/><W42/><G42/><T37/><D37/><U11/><E11/><V116/><F133/><W67/><G68/><T83/><D83/><U77/><E77/><V57/><F80/><W27/><REACH who="3" step="1"/><G27/><REACH who="3" ten="160,250,330,240" step="2"/><T9/><D9/><U108/><E108/><AGARI ba="0,2" hai="36,41,44,52,54,64,66,67,72,79,82,108,109,110" machi="108" ten="40,12000,2" yaku="1,1,2,1,14,1,52,3,54,1,53,0" doraHai="120" doraHaiUra="32" who="3" fromWho="1" sc="160,0,250,-120,330,0,240,140" /><INIT seed="2,0,0,5,4,123" ten="160,130,330,380" oya="2" hai0="35,114,117,132,55,80,44,129,2,27,93,73,14" hai1="76,26,24,15,126,61,115,92,58,87,20,22,105" hai2="29,47,31,30,21,125,18,116,128,25,70,74,43" hai3="69,57,86,67,38,62,88,134,12,23,100,34,99"/><V8/><F74/><W50/><G34/><T83/><D55/><U119/><E115/><V28/><F70/><W81/><G38/><T78/><D44/><U82/><E119/><V108/><F116/><W1/><G1/><T71/><D14/><U19/><E105/><V37/><F128/><W124/><G124/><T94/><D27/><U106/><E106/><V42/><F125/><W102/><G134/><T63/><D63/><U127/><E126/><V98/><F98/><W109/><G109/><T77/><D35/><U56/><E127/><V72/><F72/><W54/><G99/><T130/><D2/><U104/><E104/><V101/><F101/><W112/><G112/><T7/><D7/><U32/><E92/><N who="0" m="35433" /><D71/><U68/><E32/><V13/><REACH who="2" step="1"/><F42/><REACH who="2" ten="160,130,320,380" step="2"/><W3/><G69/><T91/><D117/><U60/><E68/><V59/><F59/><W53/><G102/><T66/><D114/><U49/><E58/><V95/><F95/><W6/><G100/><T39/><D73/><U5/><E56/><V133/><F133/><W11/><G57/><T90/><D132/><U111/><E111/><AGARI ba="0,1" hai="8,13,18,21,25,28,29,30,31,37,43,47,108,111" machi="111" ten="40,7700,0" yaku="1,1,52,2,53,0" doraHai="123" doraHaiUra="85" who="2" fromWho="1" sc="160,0,130,-77,320,87,380,0" /><INIT seed="2,1,0,5,1,50" ten="160,53,407,380" oya="2" hai0="131,100,119,54,28,92,71,29,24,84,103,72,94" hai1="97,121,10,104,116,31,48,33,125,93,87,38,118" hai2="110,66,14,122,22,3,30,62,60,58,79,83,61" hai3="130,7,52,39,85,36,9,128,101,57,112,37,5"/><V65/><F122/><W56/><G101/><T73/><D24/><U25/><E121/><V90/><F3/><W12/><G112/><T8/><D8/><U117/><E38/><V1/><F1/><W95/><G5/><T102/><D84/><U105/><E125/><V0/><F0/><W53/><G85/><T26/><D26/><U13/><E87/><N who="2" m="48639" /><F30/><W40/><G95/><T63/><D63/><N who="2" m="24138" /><F90/><W46/><G46/><T20/><D20/><U86/><E86/><V135/><F135/><W114/><G114/><T123/><D123/><U4/><E48/><V115/><F115/><W75/><G75/><T96/><D96/><U124/><E124/><V82/><F82/><W81/><G81/><T89/><D89/><U47/><E47/><V15/><F110/><W134/><G134/><T98/><D98/><U44/><E44/><V88/><F66/><W77/><G77/><T76/><D76/><U42/><E42/><V127/><F127/><W109/><G109/><T45/><D45/><U106/><E93/><V74/><F74/><W55/><REACH who="3" step="1"/><G40/><REACH who="3" ten="160,53,407,370" step="2"/><T67/><D73/><U17/><E97/><V133/><F133/><W68/><G68/><T132/><D72/><U49/><E49/><V21/><F88/><W11/><G11/><T108/><D71/><U91/><E91/><V111/><F111/><W16/><G16/><T34/><D108/><U27/><E27/><V51/><F51/><W69/><G69/><T23/><D103/><U32/><E32/><V35/><F35/><W78/><G78/><T70/><D34/><U41/><E41/><V6/><F6/><AGARI ba="1,1" hai="4,6,10,13,17,25,31,33,104,105,106,116,117,118" machi="6" ten="50,1600,0" yaku="6,1" doraHai="50" who="1" fromWho="2" sc="160,0,53,29,407,-19,370,0" /><INIT seed="3,0,0,1,4,77" ten="160,82,388,370" oya="3" hai0="50,86,129,128,100,131,67,4,115,49,11,130,2" hai1="39,59,12,29,5,19,35,32,80,108,105,48,72" hai2="23,34,28,76,92,102,6,62,60,111,13,25,70" hai3="54,95,88,0,122,93,8,98,91,116,41,22,112"/><W82/><G116/><T87/><D115/><U55/><E39/><V75/><F111/><W96/><G112/><T83/><D100/><U104/><E5/><V89/><F102/><W37/><G122/><T69/><D69/><U31/><E108/><V18/><F70/><W52/><G37/><T110/><N who="0" m="33280" /><DORA hai="16" /><T30/><D30/><U1/><E1/><V90/><F89/><W57/><G41/><T63/><D110/><U78/><E104/><V94/><F92/><W124/><G124/><T97/><D97/><U40/><E105/><V38/><F38/><W56/><G82/><T74/><D74/><U84/><E72/><V68/><F68/><W133/><G133/><T120/><D120/><U127/><E127/><V24/><F76/><W14/><G0/><T106/><D106/><U85/><E40/><V36/><F36/><W64/><G64/><T114/><D114/><U9/><E32/><V21/><F75/><W51/><G22/><T46/><D87/><U47/><E35/><V132/><F132/><W99/><G99/><T71/><D46/><U45/><REACH who="1" step="1"/><E85/><REACH who="1" ten="160,72,388,370" step="2"/><N who="2" m="52559" /><F34/><W26/><G26/><T118/><D118/><U101/><E101/><V10/><AGARI ba="0,1" hai="6,10,13,18,21,23,24,25,28,60,62" m="52559" machi="10" ten="30,4000,0" yaku="8,1,52,2" doraHai="77,16" who="2" fromWho="2" sc="160,-10,72,-10,388,50,370,-20" owari="150,-25.0,62,-44.0,438,54.0,350,15.0" /></mjloggm>