<mjloggm ver="2.3"><GO type="169" lobby="0"/><UN n0="%E3%82%A6%E3%83%AB%E3%83%88%E3%83%A9%E7%AB%8B%E7%9B%B4" n1="%41%73%61%32%34" n2="%68%65%61%72%74%73%40" n3="%E5%AE%89%E7%9C%A0%E3%83%9E%E3%82%AF%E3%83%A9" dan="17,16,17,17" rate="2130.07,2089.26,2122.81,2167.93" sx="M,M,M,F"/><TAIKYOKU oya="0"/><INIT seed="0,0,0,3,4,130" ten="250,250,250,250" oya="0" hai0="71,125,7,112,15,73,24,115,38,78,13,52,30" hai1="17,43,65,60,18,72,56,106,20,131,117,100,33" hai2="29,54,64,123,41,95,107,4,126,75,28,5,49" hai3="87,63,16,88,101,82,3,97,50,119,111,31,10"/><T135/><D71/><U40/><E72/><V69/><F107/><W120/><G119/><T14/><D38/><U99/><E117/><V128/><F75/><W80/><G111/><T116/><D116/><U6/><E131/><V70/><F123/><W103/><G120/><T68/><D68/><U110/><E33/><V96/><F41/><W85/><G31/><N who="2" m="11849" /><F69/><W114/><G114/><N who="0" m="43563" /><D52/><U104/><E104/><V9/><F9/><W46/><G63/><T124/><D78/><U134/><E110/><V90/><F70/><W129/><G129/><T8/><D73/><U12/><E6/><N who="2" m="2667" /><F126/><N who="0" m="48746" /><D135/><U19/><E134/><V35/><F35/><AGARI ba="0,0" hai="7,8,13,14,15,24,30,35" m="48746,43563" machi="35" ten="30,5800,0" yaku="18,1,34,2" doraHai="130" who="0" fromWho="2" sc="250,58,250,0,250,-58,250,0" /><INIT seed="0,1,0,4,1,105" ten="308,250,192,250" oya="0" hai0="89,75,7,65,11,123,4,97,61,99,63,96,124" hai1="17,116,129,35,111,70,14,58,98,20,103,77,85" hai2="130,73,26,0,37,46,41,39,30,100,102,12,16" hai3="117,3,74,31,38,91,115,78,122,113,24,23,15"/><T67/><D123/><U94/><E70/><V32/><F0/><W131/><G117/><T52/><D75/><U86/><E129/><V72/><F37/><W125/><G3/><T128/><D128/><U133/><E133/><V54/><F130/><W132/><G131/><T13/><D124/><U50/><E35/><V53/><F102/><W48/><G38/><T18/><D89/><U88/><E116/><V83/><F100/><W112/><G132/><T29/><D29/><U21/><E111/><V127/><F127/><W64/><G125/><T6/><REACH who="0" step="1"/><D52/><REACH who="0" ten="298,250,192,250" step="2"/><N who="1" m="32023" /><E77/><V22/><REACH who="2" step="1"/><F83/><REACH who="2" ten="298,250,182,250" step="2"/><N who="3" m="45527" /><G113/><T104/><D104/><U118/><E118/><V55/><AGARI ba="1,2" hai="12,16,22,26,30,32,39,41,46,53,54,55,72,73" machi="55" ten="30,8000,1" yaku="1,1,0,1,52,2,54,1,53,0" doraHai="105" doraHaiUra="120" who="2" fromWho="2" sc="298,-41,250,-21,182,103,250,-21" /><INIT seed="1,0,0,3,1,82" ten="257,229,285,229" oya="1" hai0="24,49,106,43,34,47,74,85,2,79,56,17,46" hai1="90,114,84,58,16,63,48,80,98,110,53,133,27" hai2="76,126,41,28,66,50,130,32,108,75,119,94,62" hai3="0,127,86,18,26,10,69,7,6,116,92,21,101"/><U135/><E114/><V36/><F119/><W104/><G127/><T52/><D2/><U93/><E110/><V99/><F36/><W19/><G116/><T25/><D106/><U68/><E68/><V97/><F126/><W100/><G69/><T39/><D74/><U33/><E48/><V105/><F105/><W129/><G129/><T122/><D122/><U103/><REACH who="1" step="1"/><E33/><REACH who="1" ten="257,219,285,229" step="2"/><V55/><F50/><W71/><G71/><T123/><D34/><U70/><E70/><V31/><F32/><W81/><G104/><T78/><D123/><U118/><E118/><V59/><F108/><W72/><G7/><T8/><D39/><U113/><E113/><V4/><F4/><W20/><G72/><T73/><D73/><U15/><E15/><V67/><F75/><W54/><G6/><T109/><D109/><U45/><E45/><V95/><F130/><W132/><G0/><T83/><D46/><U1/><E1/><V61/><F61/><W5/><G5/><T14/><D47/><U102/><E102/><V29/><F62/><W91/><G101/><T3/><D3/><U51/><E51/><V128/><F128/><W11/><G100/><T30/><D43/><U42/><E42/><V57/><F41/><W40/><G40/><T77/><D25/><U22/><AGARI ba="0,1" hai="16,22,27,53,58,63,80,84,90,93,98,103,133,135" machi="22" ten="30,11700,0" yaku="1,1,0,1,52,1,54,1,53,0" doraHai="82" doraHaiUra="64" who="1" fromWho="1" sc="257,-39,219,127,285,-39,229,-39" /><INIT seed="1,1,0,0,4,45" ten="218,346,246,190" oya="1" hai0="4,7,35,36,78,40,110,89,53,3,22,46,119" hai1="27,83,115,19,96,47,66,72,91,24,109,85,108" hai2="101,28,122,114,52,44,99,64,34,20,6,116,13" hai3="125,21,5,60,113,74,126,61,26,17,107,128,131"/><U84/><E115/><V130/><F122/><W65/><G107/><T90/><D35/><U111/><E72/><V77/><F116/><W14/><G74/><T8/><D119/><U93/><E66/><V63/><F34/><W11/><G113/><T88/><D110/><U71/><E71/><V118/><F118/><W102/><G102/><T127/><D127/><N who="3" m="48649" /><G61/><T51/><D7/><U124/><E124/><V0/><F0/><N who="3" m="423" /><G60/><T70/><D70/><U58/><E58/><V29/><F63/><W117/><G65/><T86/><D22/><U33/><E33/><V135/><F64/><W76/><G76/><T23/><D23/><U132/><E132/><V30/><F77/><W68/><G68/><T32/><D32/><U62/><E62/><V79/><F79/><W120/><G117/><T49/><REACH who="0" step="1"/><D53/><REACH who="0" ten="208,346,246,190" step="2"/><U56/><E111/><V129/><F52/><W81/><G120/><T43/><D43/><U106/><E109/><V112/><F112/><W57/><G21/><T123/><D123/><U15/><E108/><V105/><F114/><W67/><G67/><T38/><D38/><U42/><E42/><V18/><F135/><W87/><G131/><T73/><D73/><U103/><E27/><V31/><F130/><W41/><G128/><T94/><D94/><U59/><E24/><N who="2" m="16391" /><F129/><W25/><G41/><T92/><D92/><U12/><E93/><V48/><F6/><W37/><G37/><T134/><D134/><U54/><E54/><N who="2" m="29959" /><F30/><W55/><G26/><T39/><D39/><U2/><E106/><V80/><F80/><AGARI ba="1,1" hai="3,4,8,36,40,46,49,51,78,80,86,88,89,90" machi="80" ten="40,8000,1" yaku="1,1,52,2,54,1,53,0" doraHai="45" doraHaiUra="133" who="0" fromWho="2" sc="208,93,346,0,246,-83,190,0" /><INIT seed="2,0,0,5,5,103" ten="301,346,163,190" oya="2" hai0="115,52,128,51,121,122,53,132,86,9,94,100,70" hai1="108,127,76,59,126,1,7,11,101,92,32,43,93" hai2="26,106,90,44,85,29,117,12,39,120,6,113,57" hai3="23,68,13,10,102,112,135,119,3,78,22,40,62"/><V74/><F74/><W50/><G119/><T72/><D72/><U18/><E101/><V24/><F120/><W28/><G3/><T77/><D70/><U79/><E32/><V118/><F117/><W31/><G135/><T124/><D115/><U110/><E43/><V55/><F113/><W116/><G116/><T67/><D67/><U30/><E30/><V133/><F133/><W87/><G112/><T46/><D132/><U33/><E33/><V45/><F118/><W34/><G102/><T60/><D128/><U49/><E18/><V75/><F75/><W66/><G34/><T114/><D114/><U83/><E49/><N who="2" m="30959" /><F106/><W48/><G78/><N who="1" m="29738" /><E83/><N who="2" m="49471" /><F39/><W4/><G87/><T0/><D0/><U111/><E59/><V98/><F98/><W107/><G107/><T65/><D122/><U81/><E81/><V91/><F91/><W47/><REACH who="3" step="1"/><G50/><REACH who="3" ten="301,346,163,180" step="2"/><T96/><D51/><U25/><E111/><V123/><F123/><W129/><G129/><T130/><D130/><U125/><E110/><V61/><F44/><W82/><G82/><T27/><D46/><U14/><E108/><V35/><F45/><W19/><G19/><T95/><D77/><U8/><E1/><V38/><F38/><W80/><G80/><T16/><D121/><U63/><E127/><V109/><F109/><W20/><AGARI ba="0,1" hai="4,10,13,20,22,23,28,31,40,47,48,62,66,68" machi="20" ten="30,4000,0" yaku="1,1,0,1,53,1" doraHai="103" doraHaiUra="37" who="3" fromWho="3" sc="301,-10,346,-10,163,-20,180,50" /><INIT seed="3,0,0,4,4,41" ten="291,336,143,230" oya="3" hai0="2,25,119,115,59,131,65,34,31,28,24,63,85" hai1="37,56,35,88,82,100,78,97,113,39,103,21,15" hai2="1,104,22,70,94,121,69,66,44,3,118,111,124" hai3="36,123,38,74,49,13,112,48,80,108,128,132,40"/><W17/><G112/><T7/><D115/><U12/><E35/><V75/><F118/><W60/><G123/><T72/><D72/><U50/><E113/><V101/><F104/><W127/><G127/><T125/><D119/><U73/><E100/><V52/><F75/><W61/><G132/><T53/><D125/><U43/><E88/><V120/><F124/><W32/><G32/><T95/><D131/><U0/><E0/><N who="2" m="75" /><F22/><W16/><G128/><T84/><D7/><U96/><E96/><N who="2" m="59543" /><F66/><W8/><G108/><T105/><D105/><U20/><E39/><V18/><F18/><W47/><G17/><T90/><D2/><U29/><E37/><V102/><F102/><W130/><G130/><T68/><D84/><U45/><E56/><V86/><F86/><W57/><G38/><T33/><D53/><U62/><E62/><V76/><F76/><W51/><REACH who="3" step="1"/><G57/><AGARI ba="0,0" hai="24,25,28,31,33,34,57,59,63,65,68,85,90,95" machi="57" ten="40,1300,0" yaku="9,1" doraHai="41" who="0" fromWho="3" sc="291,13,336,0,143,0,230,-13" /><INIT seed="4,0,0,2,3,87" ten="304,336,143,217" oya="0" hai0="11,76,13,101,122,41,18,16,17,109,63,83,50" hai1="98,95,96,60,46,100,104,49,1,79,67,37,78" hai2="102,94,6,82,5,36,0,2,80,89,110,118,99" hai3="129,112,123,9,70,51,116,12,135,119,35,25,73"/><T47/><D122/><U106/><E1/><V65/><F110/><W66/><G51/><T91/><D109/><U105/><E37/><V26/><F118/><W62/><G112/><T28/><D101/><U111/><E111/><V20/><F36/><W133/><G73/><T88/><D28/><U71/><REACH who="1" step="1"/><E98/><REACH who="1" ten="304,326,143,217" step="2"/><V86/><F0/><W113/><G119/><T90/><REACH who="0" step="1"/><D63/><REACH who="0" ten="294,326,143,217" step="2"/><U31/><E31/><N who="2" m="17863" /><F2/><W92/><G62/><T44/><D44/><U3/><E3/><V81/><F65/><W14/><G66/><T108/><D108/><U64/><E64/><V127/><F127/><W121/><G116/><T42/><D42/><AGARI ba="0,2" hai="42,46,49,60,67,71,78,79,95,96,100,104,105,106" machi="42" ten="40,5200,0" yaku="1,1,53,2" doraHai="87" doraHaiUra="72" who="1" fromWho="0" sc="294,-52,326,72,143,0,217,0" /><INIT seed="5,0,0,0,4,5" ten="242,398,143,217" oya="1" hai0="76,113,116,105,80,92,122,72,64,3,86,81,73" hai1="8,22,19,94,110,31,24,111,65,25,112,29,95" hai2="125,27,10,51,66,71,39,104,85,87,70,63,101" hai3="119,23,129,20,14,83,44,47,56,21,123,1,121"/><U102/><E65/><V6/><F125/><W7/><G1/><T62/><D3/><U34/><E102/><V79/><F39/><W103/><G129/><T38/><D38/><U109/><E112/><V93/><F71/><W48/><G119/><T52/><D105/><U0/><E95/><V40/><F104/><W88/><G103/><T16/><D116/><U130/><E94/><V135/><F135/><W50/><G123/><T98/><D113/><U77/><E77/><V67/><F67/><W45/><G121/><T42/><D42/><U117/><E117/><V108/><F108/><W131/><G131/><T90/><D122/><U60/><E60/><V17/><F79/><W59/><G7/><T128/><D128/><U61/><E61/><V13/><F40/><W69/><G14/><T35/><D35/><U100/><E100/><V11/><F51/><N who="3" m="19499" /><G69/><T12/><D81/><U91/><E91/><V97/><REACH who="2" step="1"/><F27/><REACH who="2" ten="242,398,133,217" step="2"/><W126/><G126/><T120/><D64/><U43/><E43/><V133/><F133/><W114/><G114/><T106/><D120/><U132/><E132/><V4/><F4/><W124/><G124/><T58/><D106/><U99/><E130/><V78/><F78/><W74/><G74/><T33/><D33/><U2/><E110/><V26/><F26/><W115/><G115/><T49/><D49/><U28/><E111/><V84/><F84/><AGARI ba="0,1" hai="20,21,23,44,45,47,56,59,83,84,88" m="19499" machi="84" ten="40,2600,0" yaku="8,1,54,1" doraHai="5" who="3" fromWho="2" sc="242,0,398,0,133,-26,217,36" /><INIT seed="6,0,0,2,5,9" ten="242,398,107,253" oya="2" hai0="21,23,105,29,19,34,103,98,40,113,20,65,70" hai1="100,82,14,66,124,8,96,133,72,111,93,45,85" hai2="41,125,35,57,77,64,1,63,116,0,95,91,18" hai3="106,123,92,2,89,48,130,16,17,39,73,58,27"/><V25/><F116/><W94/><G106/><T59/><D113/><U37/><E72/><V102/><F125/><W46/><G123/><T80/><D40/><U118/><E118/><V55/><F102/><W5/><G73/><T75/><D59/><U36/><E124/><V15/><F41/><W31/><G39/><T60/><D80/><U3/><E3/><V78/><F0/><W87/><G58/><T13/><D75/><U71/><E45/><V43/><F43/><N who="3" m="24671" /><G5/><T49/><D49/><U86/><E133/><V53/><F1/><W115/><G2/><T54/><D54/><N who="2" m="20490" /><F25/><AGARI ba="0,0" hai="13,19,20,21,23,25,29,34,60,65,70,98,103,105" machi="25" ten="40,5200,0" yaku="25,2,52,1" doraHai="9" who="0" fromWho="2" sc="242,52,398,0,107,-52,253,0" /><INIT seed="7,0,0,1,3,110" ten="294,398,55,253" oya="3" hai0="48,74,23,3,112,91,75,127,128,42,34,21,125" hai1="41,130,120,44,6,11,27,22,10,64,132,20,39" hai2="76,122,118,124,73,49,26,92,103,29,51,134,65" hai3="100,55,4,61,106,135,90,123,104,62,80,45,102"/><W24/><G123/><T30/><D3/><U0/><E120/><V69/><F76/><W94/><G135/><T12/><D34/><U28/><E132/><V85/><F85/><W7/><G80/><T105/><D105/><U40/><E130/><V57/><F51/><W78/><G78/><T109/><D109/><U97/><E41/><V87/><F87/><W9/><G24/><T5/><D91/><U16/><E97/><V54/><F122/><W19/><G19/><T38/><D38/><U72/><E72/><V99/><F118/><W13/><G7/><T47/><D128/><U33/><E64/><V14/><F134/><W60/><G104/><T2/><D2/><U89/><E89/><V81/><F124/><N who="0" m="47690" /><D5/><U25/><E11/><V35/><F14/><W63/><G106/><T111/><D111/><U121/><E121/><V93/><F81/><W17/><G4/><T126/><N who="0" m="47698" /><T98/><DORA hai="96" /><D98/><U71/><E71/><V83/><F83/><W43/><G43/><T8/><D8/><U32/><AGARI ba="0,0" hai="0,6,10,16,20,22,25,27,28,32,33,39,40,44" machi="32" ten="30,2000,0" yaku="0,1,54,1" doraHai="110,96" who="1" fromWho="1" sc="294,-5,398,20,55,-5,253,-10" owari="289,9.0,418,52.0,50,-45.0,243,-16.0" /></mjloggm>