<mjloggm ver="2.3"><GO type="97" lobby="0"/><UN n0="%EF%BC%AD%EF%BC%A6%E3%83%99%E3%83%83%E3%82%AB%E3%83%A0" n1="%52%75%79" n2="%E5%A4%A7%E5%B0%86%E9%BB%84%E7%8C%BF" n3="%E3%82%A6%E3%83%AB%E3%83%88%E3%83%A9%E7%AB%8B%E7%9B%B4" dan="14,14,15,14" rate="1939.77,1934.37,1946.13,1950.59" sx="F,M,M,M"/><TAIKYOKU oya="0"/><INIT seed="0,0,0,0,0,64" ten="250,250,250,250" oya="0" hai0="83,5,119,134,27,24,74,23,57,71,15,93,39" hai1="48,11,116,26,123,20,52,128,80,56,33,91,41" hai2="127,3,114,89,129,124,63,19,75,88,18,0,106" hai3="102,81,8,69,130,111,133,45,115,76,42,51,61"/><T1/><D71/><U90/><E123/><V53/><F114/><W112/><G111/><T104/><D104/><U122/><E33/><V21/><F106/><W103/><G130/><T6/><D39/><U110/><E116/><V79/><F129/><W37/><G133/><T47/><D119/><U2/><E128/><V9/><F75/><W66/><G103/><T120/><D120/><U68/><E68/><V65/><F79/><W28/><G102/><T16/><D134/><U50/><E122/><V113/><F53/><W105/><G105/><T17/><D47/><U72/><E110/><V7/><F3/><W55/><G28/><T101/><D57/><U32/><E32/><V70/><F113/><W58/><G8/><T34/><D83/><U14/><E2/><V38/><F38/><W78/><G78/><T82/><D82/><U44/><E80/><V118/><F118/><W109/><REACH who="3" step="1"/><G109/><REACH who="3" ten="250,250,250,240" step="2"/><T59/><D101/><U108/><E108/><V25/><REACH who="2" step="1"/><F19/><REACH who="2" ten="250,250,240,240" step="2"/><W95/><G95/><T94/><D93/><U99/><E72/><AGARI ba="0,2" hai="37,42,45,51,55,58,61,66,69,72,76,81,112,115" machi="72" ten="30,8000,1" yaku="1,1,7,1,24,2,52,1,53,0" doraHai="64" doraHaiUra="135" who="3" fromWho="1" sc="250,0,250,-80,240,0,240,100" /><INIT seed="1,0,0,1,2,19" ten="250,170,240,340" oya="1" hai0="80,116,10,59,46,51,132,124,17,65,118,49,83" hai1="105,14,40,66,3,77,35,6,1,28,97,11,91" hai2="106,121,115,42,101,82,30,133,73,126,119,122,62" hai3="7,4,95,108,64,60,86,25,12,21,13,93,31"/><U74/><E91/><V98/><F119/><W55/><G108/><T85/><D124/><U69/><E14/><N who="3" m="5738" /><G64/><T8/><D132/><U94/><E94/><N who="3" m="35850" /><G86/><T18/><D116/><U127/><E127/><V128/><F126/><W134/><G134/><T87/><D118/><U120/><E120/><V57/><F42/><W70/><G70/><T63/><D51/><U117/><E117/><V37/><F37/><W113/><G113/><T96/><D96/><U38/><E11/><V29/><F133/><W123/><G123/><T47/><D47/><N who="1" m="23959" /><E6/><V24/><F115/><W104/><G104/><T84/><D8/><U32/><E66/><V61/><F30/><W5/><G5/><T103/><D103/><N who="1" m="62703" /><E69/><V78/><F62/><W81/><G81/><N who="0" m="31307" /><D10/><U53/><E53/><AGARI ba="0,0" hai="17,18,46,49,53,59,63,65,84,85,87" m="31307" machi="53" ten="30,1000,0" yaku="8,1" doraHai="19" who="0" fromWho="1" sc="250,10,170,-10,240,0,340,0" /><INIT seed="2,0,0,4,2,36" ten="260,160,240,340" oya="2" hai0="128,93,24,100,98,88,42,77,52,37,43,44,115" hai1="112,84,120,95,39,75,11,5,82,79,85,23,4" hai2="65,130,110,99,126,96,105,89,33,72,45,9,69" hai3="61,119,8,133,66,6,3,0,116,47,123,40,22"/><V80/><F33/><W20/><G123/><T76/><D128/><U108/><E112/><V32/><F32/><W18/><G0/><T17/><D115/><U92/><E120/><V104/><F130/><W35/><G35/><T70/><D70/><U97/><E108/><V63/><F110/><W87/><G87/><T21/><D100/><U7/><E23/><V94/><F126/><W15/><G22/><T135/><D135/><U111/><E111/><V27/><F99/><W38/><G133/><T19/><D43/><U68/><E68/><AGARI ba="0,0" hai="3,6,8,15,18,20,38,40,47,61,66,68,116,119" machi="68" ten="30,2000,0" yaku="7,1,52,1" doraHai="36" who="3" fromWho="1" sc="260,0,160,-20,240,0,340,20" /><INIT seed="3,0,0,5,3,128" ten="260,140,240,360" oya="3" hai0="89,22,8,75,3,65,135,41,84,98,28,18,64" hai1="90,56,130,134,15,93,129,113,34,133,66,87,102" hai2="39,108,11,91,14,77,36,86,5,12,92,101,119" hai3="6,9,74,104,40,116,35,95,85,107,57,25,21"/><W46/><G35/><T111/><D75/><U68/><E34/><V38/><F119/><W20/><G74/><T82/><D111/><U42/><E68/><V73/><F108/><W0/><G116/><T60/><D64/><U61/><E42/><V19/><F73/><W58/><G107/><T62/><D62/><U125/><E113/><V94/><F77/><W97/><G85/><T131/><D131/><N who="1" m="50187" /><E15/><V33/><F33/><W45/><G104/><T83/><D28/><U44/><E44/><V32/><F32/><W117/><G117/><T123/><D123/><U37/><E37/><V105/><F105/><W132/><G45/><T51/><D98/><U126/><E102/><V63/><F63/><W2/><G2/><T103/><D103/><U23/><E23/><V31/><F31/><W112/><G21/><T88/><D51/><U69/><E69/><V122/><F122/><W127/><G20/><T27/><D41/><U109/><E109/><V53/><F53/><W26/><G46/><T99/><D99/><U48/><E48/><V1/><F101/><W78/><G40/><T4/><D82/><U120/><E120/><V7/><F7/><W72/><G6/><T114/><D114/><U110/><E110/><V76/><F76/><W118/><G0/><T81/><D81/><U124/><AGARI ba="0,0" hai="56,61,66,87,90,93,124,125,126,133,134" m="50187" machi="124" ten="40,12000,2" yaku="30,2,18,1,19,1,52,2" doraHai="128" who="1" fromWho="1" sc="260,-30,140,120,240,-30,360,-60" owari="230,-17.0,260,6.0,210,-29.0,300,40.0" /></mjloggm>