<mjloggm ver="2.3"><GO type="97" lobby="0"/><UN n0="%E3%83%9E%E3%82%AD%E3%82%B7%E3%83%9E%E3%83%A0" n1="%E3%82%A6%E3%83%AB%E3%83%88%E3%83%A9%E7%AB%8B%E7%9B%B4" n2="%E2%86%91%E3%81%84%E3%81%A3%E3%81%9F%E3%82%93%E2%86%93" n3="%70%6F%6E%74%61%6D%6F" dan="14,15,14,14" rate="1920.09,2030.14,1975.58,1911.49" sx="M,M,M,M"/><TAIKYOKU oya="0"/><INIT seed="0,0,0,5,0,60" ten="250,250,250,250" oya="0" hai0="69,54,58,95,10,18,48,40,122,26,56,66,22" hai1="36,16,14,55,121,41,2,111,116,11,112,34,70" hai2="57,113,28,115,62,64,104,5,12,81,89,17,59" hai3="108,73,90,53,102,101,49,135,25,124,128,93,15"/><T98/><D122/><U32/><E41/><V29/><F104/><W118/><G73/><T84/><D69/><U114/><E36/><V7/><F115/><N who="1" m="44073" /><E70/><V123/><F123/><W126/><G118/><T96/><D40/><U129/><E55/><V106/><F106/><W19/><G108/><T109/><D109/><U51/><E51/><V9/><F113/><W76/><G128/><T13/><D84/><U85/><E85/><N who="2" m="50351" /><F59/><W61/><G135/><T75/><D75/><U83/><E83/><V94/><F94/><W33/><G76/><T0/><D0/><U71/><E71/><V97/><F97/><W37/><G37/><T50/><D95/><U3/><E121/><V65/><F65/><W88/><G61/><N who="0" m="38183" /><D48/><U38/><E38/><V79/><F79/><W130/><G130/><T72/><D72/><U78/><E78/><V20/><F7/><AGARI ba="0,0" hai="7,10,13,18,22,26,50,54,58,96,98" m="38183" machi="7" ten="30,2900,0" yaku="8,1,52,1" doraHai="60" who="0" fromWho="2" sc="250,29,250,0,250,-29,250,0" /><INIT seed="0,1,0,0,1,74" ten="279,250,221,250" oya="0" hai0="18,32,30,132,105,95,78,69,15,104,65,129,127" hai1="77,116,50,26,115,41,24,59,122,100,11,42,101" hai2="98,9,46,62,34,107,111,82,22,79,57,114,4" hai3="51,40,49,52,21,56,76,64,39,14,83,85,2"/><T102/><D127/><U43/><E115/><V68/><F34/><W72/><G2/><T117/><D117/><U70/><E70/><V16/><F114/><W91/><G39/><T53/><D132/><U47/><E122/><V71/><F111/><W10/><G40/><N who="1" m="15466" /><E116/><V19/><F46/><W35/><G35/><T125/><D129/><U45/><E45/><V17/><F22/><W0/><G64/><T48/><D125/><U92/><E59/><V27/><F27/><N who="1" m="10281" /><E11/><V109/><F109/><W80/><G0/><T84/><D30/><U93/><E77/><V38/><F38/><W103/><G103/><AGARI ba="1,0" hai="43,47,50,92,93,100,101,103" m="10281,15466" machi="103" ten="30,1000,0" yaku="8,1" doraHai="74" who="1" fromWho="3" sc="279,0,250,13,221,0,250,-13" /><INIT seed="1,0,0,5,1,40" ten="279,263,221,237" oya="1" hai0="120,27,36,21,16,17,116,39,60,52,41,66,31" hai1="68,53,59,69,54,13,12,55,29,1,74,14,93" hai2="106,92,38,103,131,70,81,90,2,8,9,67,75" hai3="33,51,0,5,73,132,10,76,113,121,127,79,111"/><U84/><E74/><V6/><F131/><W88/><G33/><T65/><D116/><U112/><E1/><V48/><F38/><W89/><G73/><T115/><D115/><U37/><E37/><V99/><F9/><W107/><G51/><T117/><D117/><U83/><E112/><V77/><F48/><W71/><G10/><T43/><D120/><U119/><E119/><V123/><F123/><W20/><G20/><T3/><D3/><U129/><E129/><V57/><F57/><W110/><G5/><T49/><D39/><U130/><E130/><V101/><REACH who="2" step="1"/><F106/><REACH who="2" ten="279,263,211,237" step="2"/><W32/><G107/><T64/><D36/><U18/><E59/><V122/><F122/><W82/><G113/><T25/><D60/><AGARI ba="0,1" hai="2,6,8,60,67,70,75,77,81,90,92,99,101,103" machi="60" ten="40,1300,0" yaku="1,1,53,0" doraHai="40" doraHaiUra="135" who="2" fromWho="0" sc="279,-13,263,0,211,23,237,0" /><INIT seed="2,0,0,1,0,24" ten="266,263,234,237" oya="2" hai0="31,50,40,28,44,15,7,20,3,2,35,21,52" hai1="81,95,90,86,112,5,49,38,59,64,105,110,114" hai2="96,78,69,74,1,106,9,113,63,18,109,128,99" hai3="132,102,67,92,84,123,12,111,130,129,82,0,43"/><V6/><F113/><W29/><G0/><T131/><D131/><U93/><E38/><V101/><F128/><N who="3" m="49259" /><G123/><T127/><D127/><U87/><E5/><V39/><F39/><W122/><G122/><T98/><D35/><U89/><E64/><V54/><F109/><W19/><G67/><T62/><D98/><U107/><E59/><V23/><F99/><N who="3" m="59751" /><G43/><T104/><D104/><U42/><E49/><V22/><F69/><W11/><G132/><T57/><D2/><U126/><E42/><V56/><REACH who="2" step="1"/><F18/><REACH who="2" ten="266,263,224,237" step="2"/><N who="3" m="8479" /><G111/><T55/><D3/><U17/><E17/><V72/><F72/><W27/><G19/><T66/><D7/><U91/><E110/><V94/><F94/><W118/><G118/><T68/><D15/><U53/><E114/><V37/><F37/><W25/><G84/><T120/><D120/><U80/><E112/><V14/><F14/><W85/><G82/><AGARI ba="0,1" hai="1,6,9,22,23,54,56,63,74,78,82,96,101,106" machi="82" ten="40,2000,0" yaku="1,1,53,0" doraHai="24" doraHaiUra="124" who="2" fromWho="3" sc="266,0,263,0,224,30,237,-20" /><INIT seed="2,1,0,1,1,44" ten="266,263,254,217" oya="2" hai0="109,128,72,53,52,33,11,35,100,104,103,87,77" hai1="31,22,16,0,76,81,56,49,24,82,18,134,34" hai2="37,86,114,55,111,7,10,63,36,41,75,54,115" hai3="45,107,47,96,30,42,27,21,23,29,129,70,126"/><V74/><F111/><W48/><G70/><T113/><D72/><U135/><E0/><V40/><F86/><W62/><G126/><T69/><D113/><U122/><E122/><V66/><F7/><W51/><G129/><T57/><D69/><U133/><E34/><V58/><F10/><W112/><G112/><N who="2" m="43049" /><F75/><W101/><G62/><T123/><D128/><U132/><N who="1" m="34304" /><DORA hai="88" /><U94/><E94/><V17/><F17/><N who="1" m="6761" /><E76/><V13/><F13/><W97/><G97/><T98/><D103/><U64/><E64/><V43/><F74/><W99/><G99/><T83/><D123/><U105/><E105/><V5/><F5/><W9/><G9/><T92/><D109/><U91/><E91/><V131/><F131/><W4/><G4/><T119/><D119/><U78/><E78/><V71/><F55/><AGARI ba="1,0" hai="22,24,31,49,55,56,81,82" m="6761,34304" machi="55" ten="60,7700,0" yaku="20,1,52,1,54,1" doraHai="44,88" who="1" fromWho="2" sc="266,0,263,80,254,-80,217,0" /><INIT seed="3,0,0,1,4,32" ten="266,343,174,217" oya="3" hai0="78,9,120,133,135,53,115,118,49,103,85,107,33" hai1="102,122,74,2,30,112,96,81,60,19,35,36,70" hai2="131,4,48,66,20,65,128,39,109,89,69,110,76" hai3="62,22,28,73,17,72,119,105,75,58,95,54,94"/><W129/><G105/><T46/><D33/><U5/><E19/><V111/><F76/><W77/><G119/><T71/><D71/><U114/><E36/><V42/><F89/><W134/><G129/><N who="2" m="49737" /><F20/><W43/><G134/><N who="0" m="51211" /><D118/><U44/><E44/><N who="2" m="23647" /><F4/><W88/><G28/><T61/><D120/><U56/><E56/><V97/><F97/><W11/><G11/><T1/><D115/><U24/><E122/><V126/><F126/><W34/><G34/><T80/><D107/><N who="1" m="63943" /><E81/><V16/><F16/><W3/><G3/><T106/><D106/><U68/><E74/><V63/><F66/><W8/><G8/><T67/><D103/><U108/><E5/><V51/><AGARI ba="0,0" hai="48,51,63,65,69,109,110,111" m="23647,49737" machi="51" ten="40,8000,1" yaku="14,1,19,1,34,2" doraHai="32" who="2" fromWho="2" sc="266,-20,343,-20,174,80,217,-40" owari="246,-15.0,323,42.0,254,5.0,177,-32.0" /></mjloggm>