<mjloggm ver="2.3"><GO type="97" lobby="0"/><UN n0="%4D%72%2E%6C%6F%6E%67" n1="%E8%BF%BD%E3%81%84%E3%81%A4%E3%82%81%E3%82%89%E3%82%8C%E3%81%9F%E4%BF%BA" n2="%70%6F%6D%65%6B%6F" n3="%E3%82%A6%E3%83%AB%E3%83%88%E3%83%A9%E7%AB%8B%E7%9B%B4" dan="13,14,13,15" rate="1816.45,1927.14,1864.35,2076.49" sx="M,M,F,M"/><TAIKYOKU oya="0"/><INIT seed="0,0,0,0,2,44" ten="250,250,250,250" oya="0" hai0="101,126,70,72,111,102,125,62,82,110,57,34,131" hai1="45,22,119,83,132,113,59,64,38,80,13,123,121" hai2="18,112,94,27,90,41,127,93,52,60,105,81,76" hai3="12,118,88,10,86,1,109,74,116,42,21,5,28"/><T103/><D70/><U79/><E119/><V7/><F112/><W23/><G74/><T39/><D34/><U26/><E132/><V56/><F105/><W48/><G109/><N who="0" m="41483" /><D39/><U6/><E113/><V130/><F127/><N who="0" m="48650" /><D131/><U73/><E83/><V61/><F130/><W11/><G116/><T37/><D37/><U20/><E38/><V97/><F41/><W106/><G106/><T32/><D32/><U124/><E124/><V36/><F36/><W30/><G118/><T96/><D72/><U67/><E73/><V95/><F7/><W16/><G30/><T15/><D15/><U69/><E13/><V134/><F61/><W120/><G28/><T92/><D82/><U65/><E80/><V40/><F40/><W104/><G104/><T2/><D2/><U53/><E69/><V66/><F66/><AGARI ba="0,0" hai="57,62,66,92,96,101,102,103" m="48650,41483" machi="66" ten="30,5800,0" yaku="14,1,10,1,18,1" doraHai="44" who="0" fromWho="2" sc="250,58,250,0,250,-58,250,0" /><INIT seed="0,1,0,5,3,7" ten="308,250,192,250" oya="0" hai0="85,122,47,101,133,3,124,27,22,72,44,132,135" hai1="127,65,41,36,37,6,4,107,19,46,87,130,93" hai2="11,90,2,57,40,12,88,84,131,70,112,86,125" hai3="102,75,68,5,13,62,51,54,48,35,126,91,100"/><T31/><D72/><U29/><E107/><V111/><F112/><W56/><G35/><T33/><D3/><U123/><E123/><V30/><F70/><W119/><G119/><T74/><D74/><U114/><E114/><V106/><F2/><W50/><G75/><T134/><D122/><U66/><E127/><V34/><F106/><W71/><G126/><T49/><D135/><U52/><E36/><V94/><F125/><W17/><G5/><T23/><D124/><U105/><E105/><V77/><F77/><W0/><G0/><T59/><D101/><U39/><E29/><V67/><F40/><W64/><G71/><T55/><REACH who="0" step="1"/><D85/><REACH who="0" ten="298,250,192,250" step="2"/><U121/><E87/><V129/><F129/><W82/><G102/><T28/><D28/><U18/><E121/><V26/><F131/><W110/><G100/><T20/><AGARI ba="1,1" hai="20,22,23,27,31,33,44,47,49,55,59,132,133,134" machi="20" ten="40,7800,0" yaku="1,1,0,1,20,1,53,0" doraHai="7" doraHaiUra="76" who="0" fromWho="0" sc="298,91,250,-27,192,-27,250,-27" /><INIT seed="0,2,0,2,0,129" ten="389,223,165,223" oya="0" hai0="11,87,117,103,68,56,23,98,8,90,134,66,62" hai1="69,13,10,50,71,27,57,82,60,26,85,76,105" hai2="22,93,39,41,9,18,79,33,12,45,49,43,6" hai3="99,112,118,108,122,100,133,94,130,95,7,86,83"/><T52/><D117/><U30/><E105/><V89/><F33/><W78/><G7/><T54/><D134/><U46/><E69/><V121/><F121/><W34/><G34/><T40/><D40/><U106/><E106/><V84/><F79/><W111/><G118/><T2/><D23/><U14/><E71/><V80/><F39/><W59/><G59/><T125/><D125/><U75/><E75/><V119/><F119/><W91/><G112/><T124/><D124/><U58/><E58/><V109/><F109/><N who="3" m="42059" /><G130/><T32/><D32/><U88/><E76/><V110/><F110/><W1/><G1/><T102/><D2/><U61/><E30/><V135/><F135/><W19/><G19/><T120/><D120/><U81/><E81/><V36/><F36/><W17/><G17/><T51/><D54/><N who="1" m="30039" /><E60/><V104/><F104/><W63/><G63/><T65/><D66/><N who="1" m="39215" /><E14/><N who="2" m="5431" /><F41/><W116/><G116/><T132/><D132/><U55/><E55/><V16/><F18/><AGARI ba="2,0" hai="10,13,18,26,27,82,85,88" m="39215,30039" machi="18" ten="30,3900,0" yaku="25,1,8,1,54,1" doraHai="129" who="1" fromWho="2" sc="389,0,223,45,165,-45,223,0" /><INIT seed="1,0,0,3,1,31" ten="389,268,120,223" oya="1" hai0="102,123,99,114,40,36,0,10,101,3,20,124,112" hai1="98,1,121,48,103,80,30,26,69,58,28,109,68" hai2="97,96,46,43,32,107,122,134,129,6,126,130,11" hai3="127,17,42,18,57,89,72,51,35,91,90,75,8"/><U7/><E121/><V108/><F122/><W44/><G127/><T62/><D123/><U15/><E30/><V88/><F126/><W60/><G35/><T110/><D124/><U76/><E109/><V92/><F108/><W95/><G75/><T83/><D110/><U61/><E1/><N who="0" m="585" /><D20/><U19/><E48/><N who="2" m="26719" /><F134/><W79/><G79/><T104/><D10/><U67/><E7/><V64/><F64/><W113/><G72/><T24/><D101/><U115/><E115/><V111/><F111/><W131/><G131/><N who="2" m="50185" /><F107/><W33/><G33/><T135/><D24/><U119/><E119/><V86/><F32/><W56/><G113/><T120/><D135/><U118/><E118/><V84/><F97/><W133/><G133/><T14/><D120/><U116/><E116/><V117/><F117/><W94/><G8/><T12/><D99/><U85/><E19/><V87/><F96/><W125/><G125/><T2/><D104/><U63/><E15/><AGARI ba="0,0" hai="6,11,15,84,86,87,88,92" m="50185,26719" machi="15" ten="30,2000,0" yaku="19,1,54,1" doraHai="31" who="2" fromWho="1" sc="389,0,268,-20,120,20,223,0" /><INIT seed="2,0,0,3,0,60" ten="389,248,140,223" oya="2" hai0="15,102,127,70,2,14,46,94,89,108,8,17,68" hai1="43,48,57,45,58,37,67,90,34,5,100,77,6" hai2="95,53,132,109,85,16,78,41,128,1,81,121,13" hai3="31,49,98,114,52,39,97,38,30,54,120,63,118"/><V112/><F112/><W105/><G63/><T56/><D2/><U91/><E34/><V111/><F121/><W66/><G49/><T103/><D108/><N who="2" m="41546" /><F128/><W84/><G84/><T131/><D131/><U10/><E77/><V92/><F132/><W22/><G22/><T125/><D46/><U123/><E123/><V122/><F122/><W119/><G120/><T93/><D56/><U47/><E100/><V28/><F28/><W117/><G117/><T88/><D8/><U82/><E82/><V135/><F135/><W62/><G62/><T50/><D50/><U9/><E48/><V0/><F41/><W79/><G79/><T55/><D17/><U129/><E129/><V83/><F53/><AGARI ba="0,0" hai="14,15,53,55,68,70,88,89,93,94,102,103,125,127" machi="53" ten="25,3200,0" yaku="22,2,54,1" doraHai="60" who="0" fromWho="2" sc="389,32,248,0,140,-32,223,0" /><INIT seed="3,0,0,1,0,70" ten="421,248,108,223" oya="3" hai0="50,100,129,22,68,81,97,96,48,99,19,46,12" hai1="111,40,58,88,16,108,34,61,117,87,69,98,2" hai2="54,1,133,71,59,78,120,115,26,17,119,0,80" hai3="103,127,56,92,72,66,114,105,91,85,7,39,23"/><W41/><G114/><T47/><D68/><U128/><E34/><V63/><F115/><W13/><G72/><T102/><D81/><U113/><E113/><V5/><F119/><W4/><G127/><T76/><D76/><U84/><E117/><V30/><F120/><W121/><G121/><T9/><D129/><U135/><E128/><V112/><F112/><W107/><G107/><T89/><D89/><U44/><E69/><V79/><F133/><W94/><G105/><T118/><D118/><U33/><E2/><V11/><F71/><W124/><G39/><T60/><D60/><U101/><E33/><V52/><F54/><W123/><G41/><N who="0" m="24655" /><D9/><U42/><E16/><V51/><F1/><W37/><G37/><T25/><D25/><U65/><E135/><V38/><F17/><N who="3" m="10671" /><G124/><T55/><AGARI ba="0,0" hai="12,19,22,47,50,55,96,97,99,100,102" m="24655" machi="55" ten="30,1100,0" yaku="8,1" doraHai="70" who="0" fromWho="0" sc="421,11,248,-3,108,-3,223,-5" owari="432,52.0,245,5.0,105,-39.0,218,-18.0" /></mjloggm>