<mjloggm ver="2.3"><GO type="41" lobby="0"/><UN n0="%E3%82%A6%E3%83%AB%E3%83%88%E3%83%A9%E7%AB%8B%E7%9B%B4" n1="%73%70%69%72%69%74%73%37" n2="%73%6F%68%6B%61%74%6F%68" n3="%E3%82%AB%E3%82%AB%E3%82%AA%E3%83%90%E3%83%AA%E3%83%BC" dan="15,13,15,14" rate="2029.96,1886.49,1995.75,1977.54" sx="M,M,M,M"/><TAIKYOKU oya="0"/><INIT seed="0,0,0,1,5,94" ten="250,250,250,250" oya="0" hai0="100,76,84,54,125,2,107,6,56,129,7,83,105" hai1="118,115,61,117,67,57,27,0,103,45,13,131,133" hai2="121,41,10,53,19,99,64,112,72,43,73,21,87" hai3="96,34,95,70,55,66,124,59,30,18,78,104,79"/><T89/><D125/><U98/><E0/><V114/><F121/><W119/><G119/><T26/><D129/><U81/><E115/><V51/><F10/><W91/><G124/><T46/><D46/><U50/><E131/><V106/><F64/><W8/><G104/><T101/><D2/><U122/><E122/><V39/><F87/><W82/><G66/><T74/><D26/><U123/><E123/><V109/><F109/><W68/><G78/><T128/><D128/><U90/><E133/><V85/><F85/><W58/><G59/><T130/><D130/><U25/><E13/><V17/><F39/><W127/><G127/><T44/><D44/><U88/><E118/><V97/><F21/><W48/><G30/><T23/><D23/><U134/><E134/><V132/><F132/><W92/><G34/><T116/><D116/><U71/><E71/><V24/><F51/><W93/><G70/><T126/><D126/><U120/><E120/><V3/><F3/><W69/><G69/><T15/><D107/><U52/><E117/><V86/><F86/><N who="3" m="48479" /><G68/><T28/><D28/><U75/><E90/><V22/><F22/><W62/><G48/><T32/><D32/><U63/><E61/><V20/><F20/><W102/><G102/><N who="0" m="39531" /><D105/><U11/><E11/><V36/><F106/><W110/><G110/><T14/><D76/><U111/><E111/><V9/><F9/><W35/><G35/><T1/><D74/><U42/><E67/><V4/><F36/><W65/><G65/><T31/><D1/><U49/><E75/><V12/><F73/><W29/><G29/><RYUUKYOKU ba="0,0" sc="250,-10,250,-10,250,-10,250,30" hai3="8,18,55,58,62,91,92,93,95,96" /><INIT seed="1,1,0,5,2,66" ten="240,240,240,280" oya="1" hai0="19,53,63,109,71,98,93,3,31,78,52,120,89" hai1="76,43,135,90,82,5,22,124,10,81,57,15,91" hai2="123,62,74,126,21,55,27,14,60,30,29,33,39" hai3="95,67,129,4,11,69,38,86,68,85,61,70,101"/><U110/><E43/><V116/><F123/><W115/><G115/><T83/><D3/><U118/><E118/><V127/><F116/><W16/><G38/><T104/><D120/><U13/><E135/><V49/><F39/><W24/><G129/><T6/><D6/><U51/><E124/><N who="2" m="47659" /><F74/><W40/><G40/><T113/><D113/><U9/><E22/><V8/><F30/><W2/><G101/><T108/><D104/><U44/><E57/><N who="2" m="33007" /><F33/><W64/><G64/><N who="0" m="41375" /><D19/><AGARI ba="1,0" hai="8,14,19,21,27,29,60,62" m="33007,47659" machi="19" ten="30,1000,0" yaku="18,1" doraHai="66" who="2" fromWho="0" sc="240,-13,240,0,240,13,280,0" /><INIT seed="2,0,0,2,1,80" ten="227,240,253,280" oya="2" hai0="21,68,134,33,135,118,120,85,30,45,115,60,18" hai1="48,14,105,110,96,55,106,27,79,69,57,89,42" hai2="86,13,20,16,63,122,40,74,22,98,32,38,87" hai3="93,2,117,102,121,101,116,31,34,99,71,53,37"/><V7/><F122/><W127/><G121/><T52/><D115/><U51/><E69/><V114/><F114/><W125/><G71/><T123/><D120/><U29/><E79/><V132/><F74/><W9/><G37/><T67/><D123/><U10/><E110/><V113/><F113/><W124/><G102/><T26/><D118/><U100/><E42/><V66/><F32/><W92/><G93/><T25/><D45/><U84/><E105/><V50/><F38/><W36/><G36/><T70/><D70/><U126/><E126/><V64/><F132/><W3/><G53/><T41/><D41/><U44/><E44/><N who="2" m="25863" /><F7/><N who="3" m="1271" /><G3/><T59/><REACH who="0" step="1"/><D85/><REACH who="0" ten="217,240,253,280" step="2"/><N who="2" m="32266" /><F98/><W46/><G46/><T35/><D35/><U15/><E96/><V17/><F63/><AGARI ba="0,1" hai="18,21,25,26,30,33,52,59,60,63,67,68,134,135" machi="63" ten="40,2600,0" yaku="1,1,54,1,53,0" doraHai="80" doraHaiUra="91" who="0" fromWho="2" sc="217,36,240,0,253,-26,280,0" /><INIT seed="3,0,0,1,3,76" ten="253,240,227,280" oya="3" hai0="66,72,42,102,69,104,103,2,31,55,99,50,14" hai1="1,116,65,114,5,10,59,35,85,38,80,91,87" hai2="56,108,81,26,74,30,64,92,124,12,98,71,89" hai3="33,77,3,130,41,84,67,25,36,57,6,79,29"/><W20/><G130/><T43/><D2/><U97/><E38/><V32/><F124/><W53/><G67/><T52/><D72/><U73/><E114/><V134/><F108/><W40/><G33/><T27/><D103/><U16/><E35/><V22/><F134/><W18/><G29/><T122/><D14/><U37/><E37/><V60/><F12/><W86/><G6/><T106/><D106/><U7/><E5/><V46/><F32/><W107/><G107/><T129/><D129/><U61/><E116/><V78/><REACH who="2" step="1"/><F46/><REACH who="2" ten="253,240,217,280" step="2"/><W110/><G3/><T135/><D135/><U19/><E1/><V54/><F54/><W58/><G110/><T125/><D55/><U117/><E117/><V11/><F11/><W126/><G126/><T23/><D125/><U47/><E47/><V93/><F93/><W8/><G8/><T28/><D43/><U105/><E10/><V111/><F111/><W39/><G41/><T96/><D42/><U118/><E118/><V109/><F109/><W119/><G119/><T34/><D34/><U15/><E105/><V70/><AGARI ba="0,1" hai="22,26,30,56,60,64,70,71,74,78,81,89,92,98" machi="70" ten="30,4000,0" yaku="1,1,0,1,52,1,53,0" doraHai="76" doraHaiUra="44" who="2" fromWho="2" sc="253,-10,240,-10,217,50,280,-20" /><INIT seed="4,0,0,4,2,37" ten="243,230,267,260" oya="0" hai0="72,132,128,121,60,55,53,100,9,117,20,114,102" hai1="91,74,43,80,67,41,76,18,125,96,135,51,3" hai2="0,123,33,12,126,78,108,92,97,93,90,44,88" hai3="122,66,101,26,45,22,84,130,83,120,71,112,34"/><T8/><D72/><U85/><E3/><V54/><F108/><W36/><G34/><T25/><D121/><U65/><E125/><V13/><F123/><N who="3" m="47147" /><G101/><N who="0" m="39019" /><D117/><U7/><E7/><V6/><F33/><W105/><G105/><T4/><D114/><U115/><E115/><V109/><F126/><W106/><G106/><T52/><D128/><U15/><E135/><V79/><F109/><W30/><G112/><T58/><D132/><U63/><E51/><N who="2" m="29031" /><F0/><W27/><G27/><T23/><D4/><U69/><E65/><V98/><F13/><W95/><G95/><T28/><D20/><U133/><E133/><V70/><F70/><W5/><G5/><T50/><D50/><U89/><E96/><V40/><F40/><N who="3" m="22663" /><G71/><T127/><D127/><U116/><E116/><V104/><F104/><W82/><G130/><T17/><D28/><U62/><E69/><V29/><F29/><W14/><G66/><AGARI ba="0,0" hai="8,9,17,23,25,52,53,55,58,60,66" m="39019" machi="66" ten="30,2900,0" yaku="8,1,54,1" doraHai="37" who="0" fromWho="3" sc="243,29,230,0,267,0,260,-29" /><INIT seed="4,1,0,3,2,81" ten="272,230,267,231" oya="0" hai0="52,72,114,5,129,40,45,99,44,64,9,132,71" hai1="125,3,55,85,41,28,4,13,53,25,31,93,111" hai2="115,26,57,123,17,63,2,65,60,20,116,27,15" hai3="42,74,35,128,91,10,110,88,18,1,90,37,23"/><T89/><D72/><U76/><E111/><V107/><F123/><W78/><G110/><T92/><D114/><U51/><E3/><V113/><F107/><W100/><G128/><T48/><D129/><U127/><E28/><V104/><F104/><W86/><G35/><T122/><D122/><U98/><E4/><V75/><F75/><W0/><G100/><T34/><D34/><U47/><E13/><V50/><F2/><W102/><G102/><T22/><D132/><U109/><E109/><V87/><F50/><W69/><G69/><T70/><D22/><U12/><E12/><V61/><F116/><W73/><G74/><T126/><D126/><N who="1" m="48139" /><E76/><V6/><F115/><W118/><G118/><T7/><D64/><U84/><E53/><V112/><F112/><W79/><G73/><T21/><D21/><N who="1" m="15791" /><E41/><V68/><F113/><W135/><G135/><T77/><D77/><U124/><N who="1" m="48147" /><U134/><DORA hai="101" /><E134/><V82/><F6/><W32/><G78/><T83/><D7/><U59/><E47/><V8/><F8/><W58/><G32/><T133/><D133/><U24/><E24/><N who="2" m="9259" /><F68/><W33/><G33/><T29/><D29/><U130/><E130/><V131/><F131/><W117/><G117/><T46/><D71/><U94/><E94/><V49/><F49/><W16/><G37/><T103/><D70/><U80/><E80/><V62/><F62/><W121/><G121/><T66/><D40/><U95/><E95/><V106/><F106/><W39/><G42/><T105/><D105/><U97/><E93/><V36/><F36/><W38/><G39/><RYUUKYOKU ba="1,0" sc="272,-15,230,15,267,15,231,-15" hai1="51,55,59,84,85,97,98" hai2="15,17,20,57,60,61,63,65,82,87" /><INIT seed="5,2,0,0,4,51" ten="257,245,282,216" oya="1" hai0="77,4,22,132,113,107,74,14,81,58,79,117,91" hai1="38,127,54,10,104,12,8,100,42,13,7,85,52" hai2="48,36,16,111,109,31,32,9,60,120,92,20,55" hai3="115,3,1,82,114,95,130,131,70,37,49,64,21"/><U87/><E127/><V126/><F120/><W39/><G82/><T5/><D107/><U133/><E38/><N who="3" m="14346" /><G95/><T123/><D117/><U17/><E42/><V45/><F126/><W0/><G49/><T110/><D110/><U75/><E75/><V27/><F36/><W86/><G86/><T59/><D113/><N who="3" m="43017" /><G21/><T103/><D103/><U25/><E25/><V26/><F9/><W80/><G80/><T11/><D22/><U112/><E112/><V68/><REACH who="2" step="1"/><F92/><REACH who="2" ten="257,245,272,216" step="2"/><W72/><G72/><T78/><D74/><U96/><REACH who="1" step="1"/><E133/><REACH who="1" ten="257,235,272,216" step="2"/><V19/><F19/><W67/><G70/><T44/><D132/><U88/><E88/><V90/><F90/><W33/><G33/><T73/><D91/><U94/><E94/><V23/><F23/><W46/><G46/><T99/><D73/><U65/><E65/><AGARI ba="2,2" hai="16,20,26,27,31,32,45,48,55,60,65,68,109,111" machi="65" ten="40,8000,1" yaku="1,1,52,1,54,1,53,2" doraHai="51" doraHaiUra="121" who="2" fromWho="1" sc="257,0,235,-86,272,106,216,0" /><AGARI ba="2,0" hai="0,1,3,64,65,67,130,131" m="43017,14346" machi="65" ten="40,5200,0" yaku="28,2,15,1" doraHai="51" who="3" fromWho="1" sc="257,0,149,-52,378,0,216,52" /><INIT seed="6,0,0,0,2,35" ten="257,97,378,268" oya="2" hai0="135,42,94,0,69,1,3,88,71,100,127,128,57" hai1="43,114,2,36,51,46,34,19,126,52,23,123,91" hai2="32,61,117,58,84,120,28,60,106,110,11,29,93" hai3="66,101,47,12,56,105,63,21,9,33,97,96,89"/><V81/><F120/><W112/><G33/><T72/><D72/><U77/><E123/><V118/><F106/><W78/><G78/><T124/><D100/><U87/><E34/><V102/><F32/><W48/><G21/><T79/><D79/><U38/><E114/><V26/><F110/><W37/><G37/><T111/><D111/><U75/><E126/><N who="0" m="48169" /><D128/><U116/><E116/><V129/><F129/><W103/><G89/><T59/><D42/><U6/><E38/><V62/><F58/><N who="0" m="22026" /><D135/><U5/><E5/><V82/><F11/><W16/><G112/><T13/><D13/><U80/><E19/><V41/><F41/><W113/><G113/><T55/><D55/><U10/><E23/><N who="2" m="15455" /><F118/><W76/><G76/><T39/><D39/><U99/><E99/><AGARI ba="0,0" hai="0,1,3,69,71,88,94,99" m="22026,48169" machi="99" ten="40,8000,1" yaku="18,1,52,3,54,1" doraHai="35" who="0" fromWho="1" sc="257,80,97,-80,378,0,268,0" /><INIT seed="7,0,0,1,3,8" ten="337,17,378,268" oya="3" hai0="33,3,113,15,55,107,28,94,30,86,6,35,111" hai1="41,134,24,26,13,20,115,27,10,63,53,29,45" hai2="80,84,105,42,7,2,75,131,120,83,62,79,64" hai3="0,5,23,1,95,67,34,109,44,70,11,135,21"/><W19/><G135/><T77/><D107/><U9/><E63/><V76/><F131/><W25/><G109/><T91/><D111/><U87/><E134/><V58/><F105/><W92/><G67/><T46/><D3/><U96/><E96/><V16/><F120/><W132/><G70/><T119/><D119/><U128/><E128/><V43/><F2/><W104/><G104/><T116/><D116/><U100/><E100/><V38/><F7/><W81/><G132/><T90/><D77/><U122/><E122/><V36/><REACH who="2" step="1"/><F16/><REACH who="2" ten="337,17,368,268" step="2"/><W74/><G1/><T118/><D118/><U47/><E115/><V125/><F125/><W49/><G34/><T14/><D113/><U106/><E106/><V82/><F82/><W4/><G5/><T78/><D78/><U126/><E126/><V102/><F102/><W69/><G69/><T114/><D114/><U56/><E87/><V59/><F59/><W52/><REACH who="3" step="1"/><G23/><REACH who="3" ten="337,17,368,258" step="2"/><T68/><D68/><U54/><E41/><AGARI ba="0,2" hai="36,38,41,42,43,58,62,64,75,76,79,80,83,84" machi="41" ten="40,1300,0" yaku="1,1,53,0" doraHai="8" doraHaiUra="130" who="2" fromWho="1" sc="337,0,17,-13,368,33,258,0" owari="337,14.0,4,-50.0,401,50.0,258,-14.0" /></mjloggm>