<mjloggm ver="2.3"><GO type="97" lobby="0"/><UN n0="%E5%B0%B1%E6%B4%BB%E7%94%9F%40%E5%B7%9D%E6%9D%91%E8%BB%8D%E5%9B%A3" n1="%41%49%4E%45" n2="%EF%BC%A5%EF%BC%AC%EF%BC%AD%EF%BC%AF" n3="%E3%82%82%E3%81%90%EF%BD%92%EF%BD%92%EF%BD%92%EF%BD%92%EF%BD%92" dan="14,14,14,15" rate="1959.49,2052.73,1967.73,2090.93" sx="M,F,M,M"/><TAIKYOKU oya="0"/><INIT seed="0,0,0,3,2,84" ten="250,250,250,250" oya="0" hai0="18,118,10,38,87,70,14,82,16,117,75,93,68" hai1="112,76,97,100,44,88,52,124,40,33,77,29,51" hai2="42,7,106,92,83,17,85,73,35,98,126,30,21" hai3="79,114,36,90,61,99,43,74,26,45,22,67,2"/><T8/><D38/><U11/><E112/><V46/><F126/><W69/><G2/><T110/><D75/><U94/><E124/><V121/><F121/><W20/><G114/><T128/><D128/><U132/><E132/><V12/><F106/><W101/><G74/><T95/><D14/><U135/><E135/><V80/><F73/><W4/><G4/><T133/><D87/><U23/><E33/><V65/><F65/><W37/><G79/><N who="1" m="30282" /><E11/><V91/><F7/><W66/><G66/><T131/><D82/><U120/><E120/><V96/><F35/><W113/><G113/><T116/><D133/><U55/><E100/><V0/><F0/><W62/><G62/><T25/><D25/><AGARI ba="0,0" hai="23,25,29,40,44,51,52,55,88,94,97" m="30282" machi="25" ten="30,7700,0" yaku="8,1,52,1,54,2" doraHai="84" who="1" fromWho="0" sc="250,-77,250,77,250,0,250,0" /><INIT seed="1,0,0,4,5,2" ten="173,327,250,250" oya="1" hai0="81,19,6,30,130,113,21,72,62,117,86,61,24" hai1="98,129,106,74,104,8,25,102,101,64,45,3,11" hai2="12,77,69,7,79,49,29,105,53,9,92,31,83" hai3="63,89,66,17,99,112,133,23,57,60,126,121,26"/><U51/><E74/><V97/><F105/><W22/><G112/><T13/><D72/><U88/><E129/><V59/><F69/><W38/><G38/><T50/><D113/><U73/><E73/><V48/><F48/><W76/><G121/><T67/><D117/><U78/><E78/><V115/><F115/><W114/><G114/><T131/><D50/><U108/><E108/><V127/><F127/><W37/><G37/><T15/><D15/><U56/><E3/><V41/><F41/><W34/><G126/><T100/><D100/><N who="1" m="38507" /><E25/><V27/><F83/><W107/><G76/><N who="2" m="29257" /><F27/><W65/><G133/><T80/><D86/><U94/><E104/><V28/><F28/><W118/><G118/><T116/><D116/><U18/><E106/><V120/><F120/><W47/><G47/><T87/><D87/><U110/><E110/><V82/><F82/><W42/><G42/><T4/><D81/><U14/><E64/><V95/><F95/><N who="3" m="56815" /><G107/><T90/><D90/><AGARI ba="0,0" hai="7,9,12,29,31,49,53,59,90,92,97" m="29257" machi="90" ten="30,2000,0" yaku="8,1,52,1" doraHai="2" who="2" fromWho="0" sc="173,-20,327,0,250,20,250,0" /><INIT seed="2,0,0,3,4,47" ten="153,327,270,250" oya="2" hai0="110,120,95,57,45,130,98,129,126,111,50,128,71" hai1="113,53,68,39,42,61,121,10,1,86,17,115,58" hai2="125,131,64,90,3,35,11,46,96,118,51,25,12" hai3="48,100,102,55,65,76,31,21,5,78,32,4,72"/><V116/><F3/><W105/><G32/><T84/><D71/><U97/><E121/><V14/><F64/><W23/><G105/><T59/><D120/><U49/><E97/><V107/><F131/><N who="0" m="33538" /><T34/><DORA hai="52" /><D34/><U127/><E86/><V104/><F12/><W80/><G65/><T106/><D106/><U36/><E17/><V40/><F125/><W81/><G31/><T18/><D84/><U62/><E10/><V33/><F25/><W117/><G117/><T109/><D18/><U22/><E22/><N who="3" m="8202" /><G72/><T103/><D126/><U67/><E1/><V54/><F107/><W56/><G80/><T77/><D77/><N who="3" m="29801" /><G81/><T112/><D112/><N who="1" m="43083" /><E127/><V88/><F33/><W43/><G43/><AGARI ba="0,0" hai="43,45,50,57,59,95,98,103,109,110,111" m="33538" machi="43" ten="50,8000,1" yaku="14,1,19,1,52,3" doraHai="47,52" who="0" fromWho="3" sc="153,80,327,0,270,0,250,-80" /><INIT seed="3,0,0,0,0,65" ten="233,327,270,170" oya="3" hai0="34,115,124,60,41,38,67,84,133,81,129,35,120" hai1="108,13,42,22,69,18,20,98,130,31,39,47,125" hai2="122,94,64,7,23,48,78,51,110,112,66,101,127" hai3="114,87,28,50,83,95,40,19,104,105,55,128,71"/><W53/><G114/><T5/><D120/><U57/><E130/><V107/><F112/><W80/><G128/><T17/><D115/><U118/><E118/><V21/><F110/><W117/><G117/><T58/><D124/><U106/><E125/><V11/><F127/><W100/><G28/><T109/><D133/><U10/><E69/><V0/><F107/><W92/><G40/><T44/><D129/><U45/><E108/><V56/><F122/><W37/><G37/><T30/><D109/><U85/><E47/><V121/><F78/><W113/><G113/><T8/><D17/><U132/><E132/><V77/><F77/><W96/><G105/><T126/><D30/><U9/><E85/><V59/><F121/><W46/><G71/><T26/><D26/><U99/><E57/><V116/><F116/><W74/><G74/><T111/><D111/><U6/><E106/><V82/><F82/><N who="3" m="31275" /><G104/><T33/><D126/><U4/><E31/><V103/><F0/><W70/><G70/><T29/><D29/><U93/><E99/><V61/><F7/><W12/><G55/><T97/><D97/><U102/><E22/><V134/><F11/><N who="3" m="6559" /><G95/><T14/><REACH who="0" step="1"/><D35/><REACH who="0" ten="223,327,270,170" step="2"/><U2/><E2/><V91/><F134/><W90/><G87/><T76/><AGARI ba="0,1" hai="5,8,14,33,34,38,41,44,58,60,67,76,81,84" machi="76" ten="20,5200,0" yaku="1,1,2,1,0,1,7,1,53,0" doraHai="65" doraHaiUra="15" who="0" fromWho="0" sc="223,62,327,-13,270,-13,170,-26" owari="285,9.0,314,41.0,257,-14.0,144,-36.0" /></mjloggm>