<mjloggm ver="2.3"><GO type="97" lobby="0"/><UN n0="%E3%83%8D%E3%82%AA%E3%83%A9%E3%83%B4%E3%82%A3%E3%83%B3" n1="%E3%81%88%E3%81%99" n2="%E3%82%A6%E3%83%AB%E3%83%88%E3%83%A9%E7%AB%8B%E7%9B%B4" n3="%E4%B8%8A%E6%9D%89%E8%AC%99%E7%8F%8D" dan="15,14,14,13" rate="1937.66,1880.35,1956.63,1872.32" sx="M,M,M,M"/><TAIKYOKU oya="0"/><INIT seed="0,0,0,3,4,100" ten="250,250,250,250" oya="0" hai0="17,29,78,107,85,118,5,84,121,108,39,102,104" hai1="54,16,127,66,22,8,25,94,36,126,18,103,37" hai2="77,35,132,79,48,86,89,130,119,90,80,11,81" hai3="41,51,2,4,63,124,0,69,99,74,68,28,38"/><T32/><D121/><U24/><E66/><V96/><F35/><W26/><G124/><N who="1" m="47658" /><E54/><V75/><F119/><W34/><G51/><T93/><D118/><U87/><E87/><V57/><F130/><W62/><G62/><T50/><D108/><U13/><E24/><V76/><F132/><W123/><G123/><T120/><D39/><U97/><AGARI ba="0,0" hai="8,13,16,18,22,25,36,37,94,97,103" m="47658" machi="97" ten="30,2000,0" yaku="18,1,54,1" doraHai="100" who="1" fromWho="1" sc="250,-10,250,20,250,-5,250,-5" /><INIT seed="1,0,0,2,5,22" ten="240,270,245,245" oya="1" hai0="128,66,3,132,30,8,13,59,15,0,52,44,90" hai1="61,50,118,24,47,116,124,84,99,60,101,53,74" hai2="97,26,134,92,106,16,80,76,98,126,93,100,64" hai3="133,120,115,21,129,20,38,78,70,87,57,5,72"/><U4/><E74/><V113/><F113/><W39/><G115/><T75/><D132/><U58/><E124/><V11/><F126/><W91/><G120/><T108/><D128/><U96/><E4/><V33/><F134/><W1/><G70/><T63/><D108/><U86/><E60/><V69/><F64/><W43/><G133/><T127/><D75/><U110/><E110/><V130/><F69/><W82/><G129/><T18/><D127/><U111/><E111/><V114/><F114/><W73/><G38/><T41/><D30/><U109/><E109/><V55/><F130/><W119/><G72/><T103/><D103/><U36/><E36/><V67/><F67/><W29/><G57/><T17/><D90/><U122/><E122/><V89/><F55/><W46/><G29/><T94/><D94/><U123/><E123/><V56/><F56/><W79/><G79/><T19/><D66/><U81/><E86/><N who="2" m="48391" /><F33/><W95/><REACH who="3" step="1"/><G119/><REACH who="3" ten="240,270,245,235" step="2"/><T49/><REACH who="0" step="1"/><D19/><REACH who="0" ten="230,270,245,235" step="2"/><U104/><E116/><V88/><F106/><W37/><G37/><T25/><D25/><U125/><E24/><V6/><F26/><W83/><G83/><T31/><D31/><U14/><E81/><V121/><F121/><W27/><G27/><T135/><D135/><U54/><E118/><V7/><F100/><W77/><G77/><T42/><D42/><U35/><E125/><V71/><F71/><W85/><G85/><T131/><D131/><U62/><E84/><V23/><F16/><W51/><G51/><T65/><D65/><U112/><E50/><V40/><F40/><W10/><AGARI ba="0,2" hai="1,5,10,20,21,39,43,46,73,78,82,87,91,95" machi="10" ten="30,8000,1" yaku="1,1,5,1,0,1,25,2,53,0" doraHai="22" doraHaiUra="48" who="3" fromWho="3" sc="230,-20,270,-40,245,-20,235,100" /><INIT seed="2,0,0,1,5,66" ten="210,230,225,335" oya="2" hai0="36,17,91,132,92,73,128,89,35,52,8,78,4" hai1="107,126,45,27,54,111,13,3,110,108,98,114,115" hai2="72,1,122,6,59,74,82,90,94,123,9,19,112" hai3="99,83,68,64,28,7,2,93,32,87,84,134,65"/><V23/><F112/><W105/><G134/><T88/><D132/><U10/><E126/><V121/><F59/><W14/><G2/><T46/><D128/><U25/><E3/><V118/><F118/><W60/><G65/><T22/><D35/><U50/><E98/><V15/><REACH who="2" step="1"/><F82/><REACH who="2" ten="210,230,215,335" step="2"/><W77/><G83/><T48/><D36/><U71/><E114/><V20/><F20/><W109/><G32/><T43/><D73/><U21/><E115/><V96/><AGARI ba="0,1" hai="1,6,9,15,19,23,72,74,90,94,96,121,122,123" machi="96" ten="30,11700,0" yaku="1,1,0,1,53,2" doraHai="66" doraHaiUra="104" who="2" fromWho="2" sc="210,-39,230,-39,215,127,335,-39" /><INIT seed="2,1,0,0,0,41" ten="171,191,342,296" oya="2" hai0="72,118,97,120,125,127,135,134,49,130,68,81,71" hai1="28,126,94,98,18,122,43,0,14,107,1,132,128" hai2="52,79,64,54,100,3,22,116,111,17,59,89,13" hai3="2,50,35,9,33,114,133,24,53,37,90,80,77"/><V65/><F3/><W75/><G133/><N who="0" m="50699" /><D120/><U60/><E132/><V40/><F116/><W6/><G114/><T110/><D49/><U29/><E107/><V38/><F111/><W30/><G37/><T57/><D57/><U105/><E105/><V45/><F100/><W84/><G75/><T46/><D46/><U95/><E122/><V112/><F112/><W67/><G67/><T19/><D19/><U115/><E115/><V36/><F36/><W23/><REACH who="3" step="1"/><G77/><REACH who="3" ten="171,191,342,286" step="2"/><N who="0" m="44199" /><D118/><U93/><E126/><N who="0" m="48137" /><D110/><U34/><E128/><V31/><F65/><W85/><G85/><T131/><D97/><U123/><E98/><V121/><F64/><W92/><G92/><T63/><D63/><U69/><E93/><V15/><F121/><W124/><G124/><T83/><D83/><U51/><E94/><V73/><F38/><W82/><G82/><T48/><D48/><U16/><E95/><V39/><F39/><W56/><AGARI ba="1,1" hai="2,6,9,23,24,30,33,35,50,53,56,80,84,90" machi="56" ten="20,2700,0" yaku="1,1,0,1,7,1,53,0" doraHai="41" doraHaiUra="62" who="3" fromWho="3" sc="171,-8,191,-8,342,-14,286,40" /><INIT seed="3,0,0,3,1,14" ten="163,183,328,326" oya="3" hai0="40,92,50,110,131,53,132,86,64,56,17,71,59" hai1="42,32,91,18,62,90,55,22,135,7,118,98,3" hai2="58,109,120,97,66,117,12,134,16,8,47,65,122" hai3="67,43,108,127,133,79,15,126,104,125,74,119,31"/><W57/><G119/><T6/><D132/><U83/><E32/><V0/><F117/><W101/><G133/><T107/><D107/><U76/><E118/><V129/><F134/><W44/><G108/><T115/><D131/><U94/><E135/><V82/><F0/><W103/><G31/><T19/><D110/><U106/><E106/><V75/><F109/><W72/><G15/><T38/><D115/><U9/><E42/><V46/><F129/><W34/><G34/><T68/><D6/><U93/><E55/><V61/><F97/><N who="3" m="61487" /><G103/><T33/><D33/><U128/><E62/><V30/><F30/><W70/><G70/><T78/><D59/><U26/><E128/><V124/><F124/><W69/><G69/><T63/><D71/><U123/><E123/><N who="2" m="47147" /><F66/><W11/><G79/><AGARI ba="0,0" hai="8,12,16,46,47,58,61,65,75,79,82" m="47147" machi="79" ten="30,3900,0" yaku="13,1,52,1,54,1" doraHai="14" who="2" fromWho="3" sc="163,0,183,0,328,39,326,-39" owari="163,-34.0,183,-22.0,367,47.0,287,9.0" /></mjloggm>