<mjloggm ver="2.3"><GO type="169" lobby="0"/><UN n0="%E5%A4%A7%E9%B3%A5%E7%8D%85%E5%AD%90%E5%90%BC" n1="%E3%82%A6%E3%83%AB%E3%83%88%E3%83%A9%E7%AB%8B%E7%9B%B4" n2="%E5%96%AB%E7%85%99%E8%80%85" n3="%E3%81%AB%E3%82%85%E3%83%BC%53" dan="16,17,17,16" rate="2142.77,2162.49,2169.81,2032.76" sx="M,M,F,M"/><TAIKYOKU oya="0"/><INIT seed="0,0,0,5,1,79" ten="250,250,250,250" oya="0" hai0="27,14,131,41,74,39,82,24,85,58,33,119,95" hai1="124,3,47,6,87,99,31,80,96,34,35,125,55" hai2="132,60,21,98,133,61,128,72,0,1,65,111,64" hai3="67,101,19,46,93,5,22,77,45,129,97,134,78"/><T116/><D131/><U56/><E6/><V115/><F115/><W37/><G129/><T29/><D14/><U110/><E3/><V81/><F128/><W83/><G5/><T86/><D74/><U57/><E47/><V50/><F50/><W49/><G134/><N who="2" m="51817" /><F111/><W36/><G67/><N who="2" m="25673" /><F98/><N who="1" m="37417" /><E31/><V11/><F11/><W135/><G135/><T18/><D41/><U7/><E7/><V13/><F13/><W32/><G32/><N who="1" m="12330" /><E55/><V12/><F12/><W68/><G45/><T75/><D39/><U73/><E73/><V92/><F92/><W94/><G37/><T40/><D75/><U123/><E123/><V48/><F21/><W118/><G118/><T104/><D40/><U114/><E114/><V16/><F48/><W20/><G36/><T112/><D112/><U117/><E117/><V91/><F72/><W43/><G22/><T25/><D116/><U105/><E105/><V113/><F113/><W51/><G93/><T100/><D104/><U130/><E130/><V66/><F66/><W2/><G2/><N who="2" m="1129" /><F16/><W84/><G51/><T10/><D119/><U52/><E52/><V53/><F53/><W63/><G19/><T8/><D18/><U15/><E15/><V121/><F121/><W109/><G20/><T106/><D106/><U90/><E110/><V9/><F9/><N who="0" m="3690" /><D29/><U62/><E62/><V23/><F23/><W120/><G109/><T38/><D38/><U127/><AGARI ba="0,0" hai="56,57,80,87,90,124,125,127" m="12330,37417" machi="127" ten="40,2700,0" yaku="18,1,52,1" doraHai="79" who="1" fromWho="1" sc="250,-13,250,27,250,-7,250,-7" /><INIT seed="1,0,0,1,3,58" ten="237,277,243,243" oya="1" hai0="7,89,128,6,80,133,101,95,65,77,132,53,78" hai1="30,57,113,134,118,60,47,131,73,125,115,21,1" hai2="103,42,98,100,14,69,123,67,44,64,72,114,129" hai3="85,70,104,112,135,121,74,32,39,93,96,29,27"/><U79/><E1/><V107/><F123/><W24/><G121/><T28/><D65/><U126/><E118/><V102/><F72/><W87/><G112/><T48/><D128/><U127/><E131/><V35/><F129/><W38/><G70/><T10/><D101/><U90/><E134/><N who="0" m="51817" /><D28/><U15/><E79/><N who="0" m="30217" /><D80/><U46/><E73/><V83/><F64/><W54/><G135/><T59/><D10/><U91/><E30/><V50/><F83/><W0/><G74/><T17/><D17/><N who="1" m="10431" /><E113/><V97/><F114/><W5/><G104/><T99/><AGARI ba="0,0" hai="6,7,48,53,59,89,95,99" m="30217,51817" machi="99" ten="30,1100,0" yaku="20,1" doraHai="58" who="0" fromWho="0" sc="237,11,277,-5,243,-3,243,-3" /><INIT seed="2,0,0,0,1,41" ten="248,272,240,240" oya="2" hai0="32,70,42,81,57,1,104,131,105,34,2,110,123" hai1="54,17,9,24,109,28,18,61,84,83,58,93,3" hai2="10,133,134,16,79,45,74,67,119,113,112,49,5" hai3="56,63,118,73,78,102,39,47,126,35,59,23,115"/><V82/><F119/><W25/><G35/><N who="0" m="13355" /><D57/><U14/><E109/><V107/><F107/><N who="0" m="41034" /><D123/><U98/><E3/><N who="0" m="1033" /><D81/><U40/><E40/><N who="2" m="24743" /><F5/><W0/><G118/><T36/><D110/><U95/><E28/><V48/><F67/><W129/><G0/><T27/><D27/><U135/><E135/><N who="2" m="51723" /><F48/><W69/><G59/><T127/><D127/><U103/><E93/><V114/><F114/><W51/><G115/><T20/><D20/><U132/><E132/><V99/><F99/><W46/><G126/><T21/><D21/><U33/><E33/><V43/><F43/><W130/><G102/><T52/><D52/><U38/><E24/><V13/><AGARI ba="0,0" hai="10,13,16,74,79,82,112,113" m="51723,24743" machi="13" ten="30,6000,0" yaku="20,1,52,1,54,1" doraHai="41" who="2" fromWho="2" sc="248,-20,272,-20,240,60,240,-20" /><INIT seed="2,1,0,3,0,71" ten="228,252,300,220" oya="2" hai0="28,103,121,5,112,55,131,102,92,30,36,44,60" hai1="22,124,111,50,21,27,51,86,106,135,43,79,101" hai2="63,87,105,38,110,26,53,35,97,129,88,78,123" hai3="49,89,109,29,16,126,57,13,75,117,70,91,62"/><V54/><F123/><W39/><G117/><T72/><D72/><U65/><E101/><V8/><F78/><W76/><G70/><T45/><D121/><U18/><E106/><V19/><F129/><W67/><G126/><T33/><D112/><U47/><E124/><V107/><F38/><W7/><G7/><T85/><D131/><U96/><E135/><V98/><F107/><W77/><G29/><N who="0" m="11371" /><D36/><U119/><E119/><V95/><F35/><W114/><G39/><T42/><D5/><U93/><E111/><V6/><F110/><W130/><G109/><T69/><D69/><U80/><E65/><V20/><F105/><W41/><G130/><T3/><D3/><U133/><E133/><V56/><REACH who="2" step="1"/><F54/><REACH who="2" ten="228,252,290,220" step="2"/><W32/><G32/><T94/><D33/><U14/><E93/><V127/><F127/><W104/><G104/><T58/><D94/><U48/><E96/><V23/><F23/><N who="3" m="11663" /><G114/><T84/><D42/><U116/><E116/><V108/><F108/><W61/><G75/><T82/><D92/><U59/><E22/><V99/><F99/><W0/><G77/><N who="0" m="46159" /><D85/><U73/><E73/><V1/><AGARI ba="1,1" hai="1,6,8,19,20,26,53,56,63,87,88,95,97,98" machi="1" ten="20,7800,0" yaku="1,1,0,1,7,1,54,1,53,0" doraHai="71" doraHaiUra="118" who="2" fromWho="2" sc="228,-27,252,-27,290,91,220,-27" /><INIT seed="2,2,0,3,2,27" ten="201,225,381,193" oya="2" hai0="0,85,51,134,2,39,11,10,112,106,100,121,7" hai1="72,63,108,96,13,65,126,50,110,74,5,43,83" hai2="92,118,44,3,57,34,123,91,32,75,24,62,90" hai3="22,98,113,95,97,42,127,20,76,119,23,67,41"/><V9/><F118/><W84/><G119/><T52/><D39/><U128/><E126/><V46/><F123/><W40/><G127/><T102/><D121/><U124/><E124/><V8/><F75/><W6/><G6/><T105/><D112/><U77/><E128/><V69/><F69/><W114/><G67/><T35/><D35/><U135/><E135/><V26/><F3/><W58/><G58/><T16/><D134/><U37/><E37/><V78/><F57/><W129/><G129/><T55/><D85/><U103/><E74/><V132/><F132/><W29/><G29/><T133/><D133/><U47/><E13/><V56/><F56/><W54/><G54/><T89/><D89/><U125/><E5/><V30/><F92/><W115/><G95/><T38/><D38/><U122/><E122/><V31/><F78/><W4/><G4/><T101/><D2/><U33/><E33/><V48/><F48/><W17/><G17/><T111/><D111/><U15/><E15/><V28/><REACH who="2" step="1"/><F30/><REACH who="2" ten="201,225,371,193" step="2"/><W87/><REACH who="3" step="1"/><G76/><REACH who="3" ten="201,225,371,183" step="2"/><T104/><D104/><N who="1" m="63591" /><E125/><V25/><F25/><W49/><G49/><T117/><D117/><U59/><E110/><V18/><F18/><W79/><G79/><T94/><D94/><U61/><E108/><V66/><F66/><W88/><G88/><T107/><D51/><U1/><E1/><V82/><F82/><W64/><G64/><T12/><AGARI ba="2,2" hai="0,7,10,11,12,16,52,55,100,101,102,105,106,107" machi="12" ten="40,5200,0" yaku="0,1,54,2" doraHai="27" who="0" fromWho="0" sc="201,78,225,-15,371,-28,183,-15" /><INIT seed="3,0,0,5,0,8" ten="279,210,343,168" oya="3" hai0="101,124,63,133,24,34,14,26,40,57,61,121,12" hai1="7,105,32,135,79,134,113,75,22,42,71,1,98" hai2="87,123,97,122,129,128,93,100,78,117,106,103,68" hai3="60,16,37,84,28,9,36,102,10,90,65,15,25"/><W83/><G102/><T127/><D121/><N who="2" m="46090" /><F68/><W21/><REACH who="3" step="1"/><G9/><REACH who="3" ten="279,210,343,158" step="2"/><T86/><D101/><U19/><E113/><V130/><F103/><W126/><G126/><T6/><D127/><U58/><E134/><V52/><F106/><W4/><G4/><T11/><D133/><U116/><E7/><V30/><F100/><W77/><G77/><T96/><D124/><U43/><E79/><V17/><F78/><W80/><G80/><T56/><D11/><U132/><E105/><V64/><F129/><W13/><G13/><T59/><D6/><U74/><E135/><V76/><F76/><W44/><G44/><T62/><D14/><U111/><E132/><V66/><F128/><W92/><G92/><T54/><D12/><U0/><E75/><V125/><F93/><W45/><G45/><T50/><D24/><U31/><E74/><V131/><F131/><W118/><G118/><T81/><D26/><U89/><E116/><V104/><F117/><W38/><G38/><T51/><D81/><U120/><E120/><V47/><F104/><W53/><G53/><T119/><D54/><U107/><E107/><V115/><F52/><W99/><G99/><T85/><D96/><U82/><E98/><V48/><F97/><W108/><G108/><T41/><D119/><U109/><E111/><V72/><F72/><W112/><G112/><T5/><D5/><U18/><E109/><V70/><F115/><W95/><G95/><T23/><D85/><U73/><E73/><V69/><F87/><W49/><G49/><T20/><D86/><U88/><E82/><V27/><F125/><RYUUKYOKU ba="0,1" sc="279,-10,210,-10,343,-10,158,30" hai3="10,15,16,21,25,28,36,37,60,65,83,84,90" /><INIT seed="3,1,1,0,1,93" ten="269,200,333,188" oya="3" hai0="79,38,132,16,69,83,41,108,114,35,117,81,109" hai1="133,116,71,26,42,21,47,5,82,43,128,51,8" hai2="10,90,118,57,13,92,84,131,55,119,110,111,60" hai3="75,98,121,100,73,50,53,107,1,97,15,66,70"/><W18/><G121/><T102/><D69/><U89/><E71/><V17/><REACH who="2" step="1"/><F131/><REACH who="2" ten="269,200,323,188" step="2"/><W120/><G120/><T105/><D109/><AGARI ba="1,2" hai="10,13,17,55,57,60,84,90,92,109,110,111,118,119" machi="109" ten="40,8000,1" yaku="21,2,2,1,14,1,53,0" doraHai="93" doraHaiUra="126" who="2" fromWho="0" sc="269,-83,200,0,323,103,188,0" /><INIT seed="4,0,0,5,2,14" ten="186,200,426,188" oya="0" hai0="64,82,36,12,30,53,18,31,79,51,128,15,9" hai1="32,92,94,123,58,61,102,76,77,63,23,126,117" hai2="67,2,113,129,44,56,114,22,73,66,81,88,62" hai3="111,7,6,95,84,93,118,46,0,96,48,100,89"/><T47/><D128/><U39/><E32/><V87/><F2/><W132/><G118/><T49/><D36/><U109/><E39/><V75/><F129/><W26/><G132/><T115/><D115/><N who="2" m="44042" /><F66/><W99/><G111/><T10/><D51/><U20/><E123/><V91/><F44/><W71/><G71/><T4/><REACH who="0" step="1"/><D64/><REACH who="0" ten="176,200,426,188" step="2"/><U33/><E117/><V43/><F67/><W107/><G0/><T135/><D135/><U116/><E116/><V13/><F62/><W16/><G48/><T103/><D103/><U78/><E102/><V86/><F43/><W85/><G100/><T8/><D8/><U70/><E63/><V122/><F122/><W55/><G55/><T80/><D80/><U57/><E61/><V60/><F60/><W25/><G107/><T41/><D41/><U17/><E109/><V3/><F81/><W124/><G95/><T40/><D40/><U110/><E94/><V68/><F68/><W120/><G93/><T27/><D27/><U37/><E92/><V112/><F112/><W65/><G26/><T34/><D34/><U101/><E70/><V69/><F69/><W74/><G65/><T42/><D42/><U50/><E110/><V24/><F24/><W119/><G25/><T35/><D35/><U127/><E33/><V5/><F22/><W98/><G120/><T1/><D1/><U19/><E37/><V90/><F3/><W121/><G121/><T131/><D131/><U104/><E50/><V72/><F56/><N who="1" m="21609" /><E101/><V130/><F130/><W38/><G119/><T29/><D29/><U105/><E23/><V108/><F108/><RYUUKYOKU ba="0,1" sc="176,15,200,-15,426,15,188,-15" hai0="4,9,10,12,15,18,30,31,47,49,53,79,82" hai2="5,13,72,73,75,86,87,88,90,91" /><INIT seed="4,1,1,4,3,84" ten="191,185,441,173" oya="0" hai0="51,41,124,48,26,135,30,102,7,5,6,53,116" hai1="69,97,122,3,24,11,35,120,43,22,67,75,134" hai2="95,60,68,108,107,18,36,129,99,80,71,50,15" hai3="37,0,131,123,126,112,89,66,25,10,34,55,78"/><T130/><D116/><U111/><E43/><V45/><F108/><W16/><G123/><T40/><D135/><U23/><E23/><V73/><F107/><W62/><G112/><T128/><D124/><U14/><E14/><V21/><F36/><W125/><G126/><T47/><D102/><U49/><E22/><V1/><F1/><W64/><G125/><T13/><D13/><U79/><E49/><V104/><F104/><W59/><G37/><T96/><D96/><U39/><E39/><V42/><F129/><W132/><G132/><T54/><D54/><U32/><E97/><V113/><F113/><W88/><G78/><T28/><D28/><N who="1" m="19463" /><E35/><V31/><F31/><W121/><G121/><T100/><D100/><U38/><E111/><V103/><F60/><W46/><G131/><N who="0" m="50219" /><D51/><U117/><E38/><V90/><F103/><W19/><G34/><AGARI ba="1,1" hai="5,6,7,26,30,34,40,41,47,48,53" m="50219" machi="34" ten="30,1500,0" yaku="19,1" doraHai="84" who="0" fromWho="3" sc="191,28,185,0,441,0,173,-18" /><INIT seed="4,2,0,1,5,49" ten="219,185,441,155" oya="0" hai0="28,87,50,40,113,5,33,55,27,14,30,132,58" hai1="16,118,46,17,64,48,22,37,134,116,110,47,13" hai2="45,74,95,108,88,104,98,109,36,19,66,80,105" hai3="119,124,100,11,68,69,60,2,112,93,62,3,72"/><T123/><D123/><U107/><E107/><N who="2" m="41035" /><F45/><W59/><G119/><T73/><D73/><U94/><E64/><V78/><F66/><W83/><G72/><T90/><D113/><U10/><E37/><V130/><F19/><W57/><G112/><T115/><D115/><U35/><E35/><V89/><F36/><W85/><G124/><T131/><D131/><U82/><E47/><V121/><F121/><W126/><G126/><T129/><D129/><U70/><E70/><V135/><F130/><W53/><G2/><T84/><D84/><U32/><E32/><V42/><F42/><W15/><G3/><T106/><D106/><U76/><E94/><N who="2" m="56647" /><F135/><W26/><G93/><T1/><D132/><U122/><E134/><V52/><F52/><N who="3" m="33831" /><G69/><T79/><D40/><U61/><E122/><V6/><F6/><N who="3" m="3575" /><G68/><T117/><D1/><U24/><E116/><V127/><F127/><W25/><G100/><T51/><D117/><U7/><E118/><V101/><F101/><W38/><G38/><T18/><D33/><U77/><E7/><V12/><F12/><W21/><G21/><T86/><D5/><U8/><E8/><V23/><F23/><W20/><G20/><N who="0" m="13719" /><D14/><U99/><E13/><V29/><F29/><W41/><G41/><T9/><D9/><U63/><E10/><V103/><F103/><W111/><G111/><T97/><D30/><U114/><E110/><V0/><F0/><W54/><G54/><T39/><D39/><U44/><E22/><V96/><AGARI ba="2,0" hai="74,78,80,89,95,96,108,109" m="56647,41035" machi="96" ten="30,4000,0" yaku="34,2,54,1" doraHai="49" who="2" fromWho="2" sc="219,-22,185,-12,441,46,155,-12" /><INIT seed="5,0,0,2,4,64" ten="197,173,487,143" oya="1" hai0="27,101,122,23,114,84,52,66,38,0,58,134,73" hai1="41,29,118,46,115,125,26,79,130,36,96,103,99" hai2="81,105,7,48,71,86,35,32,100,8,106,69,110" hai3="74,10,15,39,20,59,131,90,88,91,94,49,45"/><U98/><E118/><V11/><F110/><W47/><G74/><T108/><D73/><U126/><E115/><V85/><F48/><W4/><G131/><T67/><D0/><U17/><E130/><V43/><F7/><W25/><G39/><T112/><D38/><U80/><E17/><V31/><F31/><N who="3" m="17831" /><G94/><T70/><D108/><U1/><E1/><V127/><F100/><W75/><G75/><T92/><D134/><U51/><E36/><V34/><F34/><W42/><G47/><T135/><D135/><U2/><E2/><V19/><F19/><W63/><G90/><N who="0" m="53319" /><D70/><U129/><E129/><V21/><F21/><W18/><G4/><T37/><D101/><U12/><E12/><V133/><F133/><W30/><G30/><N who="0" m="17791" /><D122/><U13/><E13/><V107/><F43/><W9/><G9/><T104/><D104/><U40/><E40/><V97/><F106/><W83/><G83/><T109/><D37/><U61/><E103/><V111/><F111/><W16/><G18/><T93/><D93/><U123/><E123/><V124/><F81/><W55/><AGARI ba="0,0" hai="10,15,16,42,45,49,55,59,63,88,91" m="17831" machi="55" ten="30,4000,0" yaku="8,1,54,2" doraHai="64" who="3" fromWho="3" sc="197,-10,173,-20,487,-10,143,40" /><INIT seed="6,0,0,2,0,89" ten="187,153,477,183" oya="2" hai0="107,5,38,1,110,62,85,57,128,48,50,97,129" hai1="34,39,76,60,74,19,135,96,84,72,98,121,66" hai2="49,106,20,21,80,68,8,77,104,92,93,115,78" hai3="36,100,111,95,79,31,9,18,109,4,22,73,122"/><V27/><F68/><W30/><G122/><T86/><D38/><U2/><E2/><V103/><F115/><W69/><G69/><T13/><D1/><U11/><E39/><V105/><F8/><W65/><G36/><T23/><D110/><U132/><E34/><V94/><F103/><W126/><G65/><N who="0" m="39119" /><D50/><U75/><E121/><V15/><F49/><W130/><G130/><N who="0" m="50283" /><D48/><U37/><E37/><V24/><F15/><W114/><G126/><T117/><D117/><U112/><E60/><V70/><F70/><W53/><G114/><T118/><D118/><U91/><E66/><V25/><F80/><W35/><G53/><T125/><D125/><U119/><E119/><V90/><F90/><W108/><G35/><T54/><D54/><U83/><E112/><V127/><F127/><W41/><G41/><T12/><D23/><AGARI ba="0,0" hai="20,21,23,24,25,27,77,78,92,93,94,104,105,106" machi="23" ten="50,18000,2" yaku="29,2,28,2,52,3" doraHai="89" who="2" fromWho="0" sc="187,-180,153,0,477,180,183,0" /><INIT seed="6,1,0,2,4,72" ten="7,153,657,183" oya="2" hai0="90,117,129,12,54,46,69,14,100,64,58,20,62" hai1="4,125,27,56,6,88,81,36,134,115,89,45,123" hai2="21,38,109,17,80,35,82,43,30,15,71,98,26" hai3="13,101,107,133,22,113,114,103,75,29,79,83,18"/><V66/><F109/><W102/><G133/><T48/><D100/><U68/><E68/><V94/><F43/><W121/><G121/><T19/><D129/><U73/><E123/><V95/><F38/><W65/><G65/><T42/><D117/><U67/><E134/><V112/><F112/><N who="3" m="43115" /><G29/><T25/><D90/><U116/><E116/><V127/><F127/><W120/><G120/><T77/><D77/><U11/><E6/><V78/><F82/><W32/><G32/><T104/><D104/><AGARI ba="1,0" hai="13,18,22,75,79,83,101,102,103,104,107" m="43115" machi="104" ten="30,3900,0" yaku="15,1,11,1,52,1" doraHai="72" who="3" fromWho="0" sc="7,-42,153,0,657,0,183,42" owari="-35,-54.0,153,-25.0,657,76.0,225,3.0" /></mjloggm>