<mjloggm ver="2.3"><GO type="97" lobby="0"/><UN n0="%E3%82%A6%E3%83%AB%E3%83%88%E3%83%A9%E7%AB%8B%E7%9B%B4" n1="%E3%83%96%E3%83%A9%E3%82%B8%E3%83%AB%E3%81%9F%E3%81%8F%E3%81%A8" n2="%E7%9C%9F%E9%BE%8D%E2%80%A6" n3="%6D%6E%64%6E" dan="13,14,15,13" rate="1886.96,2028.04,2051.98,1870.87" sx="M,M,M,M"/><TAIKYOKU oya="0"/><INIT seed="0,0,0,4,2,71" ten="250,250,250,250" oya="0" hai0="63,75,45,129,8,105,99,83,111,18,58,53,110" hai1="2,16,65,118,127,13,15,80,34,7,57,82,94" hai2="135,32,14,130,109,51,95,120,29,12,42,131,10" hai3="116,113,103,50,48,5,0,11,101,33,1,96,93"/><T56/><D129/><N who="2" m="49162" /><F120/><W122/><G113/><T4/><D18/><U27/><E34/><V97/><F109/><N who="0" m="41482" /><D99/><U84/><E127/><V52/><F42/><W55/><G116/><T107/><D58/><U70/><E70/><V68/><F68/><W41/><G122/><T19/><D19/><U133/><E133/><V49/><F135/><W104/><G33/><T44/><D83/><U26/><E2/><V39/><F49/><W30/><G30/><T62/><D75/><U59/><E82/><V102/><F10/><W73/><G73/><T74/><D74/><U100/><E15/><N who="2" m="5675" /><F29/><W121/><G121/><T47/><D63/><N who="1" m="38127" /><E7/><V128/><F32/><W78/><G78/><T72/><D72/><U31/><E59/><N who="2" m="33183" /><F128/><W124/><G0/><AGARI ba="0,0" hai="0,4,8,44,45,47,53,56,62,105,107" m="41482" machi="0" ten="30,2900,0" yaku="14,1,10,1" doraHai="71" who="0" fromWho="3" sc="250,29,250,0,250,0,250,-29" /><INIT seed="0,1,0,0,5,56" ten="279,250,250,221" oya="0" hai0="80,97,84,49,127,57,41,126,109,99,102,31,107" hai1="18,116,51,4,68,95,74,23,44,24,81,13,70" hai2="45,87,124,17,77,130,133,62,5,92,30,111,96" hai3="25,71,8,22,52,90,78,101,61,20,36,3,35"/><T132/><D31/><U119/><E116/><V16/><F111/><W113/><G36/><T91/><D41/><U88/><E119/><V43/><F124/><N who="0" m="47658" /><D49/><U28/><E4/><V89/><F133/><W98/><G90/><N who="0" m="51463" /><D57/><U134/><E134/><V85/><F130/><W34/><G113/><T29/><D29/><U129/><E129/><V76/><F30/><W55/><G78/><N who="2" m="30313" /><F5/><W7/><G22/><T106/><D132/><U105/><E81/><V19/><F43/><W0/><G0/><T123/><D123/><U100/><E105/><V39/><F39/><W15/><G3/><T93/><D109/><U1/><E100/><V48/><F45/><W120/><G120/><T14/><D14/><U26/><E74/><V66/><F48/><W115/><G115/><T112/><D107/><U114/><E1/><V82/><F82/><W86/><G86/><N who="2" m="32777" /><F66/><W108/><G108/><T121/><D121/><U64/><E114/><AGARI ba="1,0" hai="91,93,97,99,102,106,112,114" m="51463,47658" machi="114" ten="30,5800,0" yaku="18,1,34,2" doraHai="56" who="0" fromWho="1" sc="279,61,250,-61,250,0,221,0" /><INIT seed="0,2,0,5,4,41" ten="340,189,250,221" oya="0" hai0="13,95,38,74,60,99,130,106,82,33,75,125,112" hai1="43,31,127,42,78,94,73,101,2,79,47,29,6" hai2="103,113,15,86,93,55,24,85,105,21,66,28,92" hai3="121,88,53,14,87,119,4,57,5,110,120,18,61"/><T3/><D3/><U7/><E127/><V104/><F113/><W67/><G110/><T9/><D112/><U50/><E43/><V96/><F66/><W108/><G108/><T83/><D106/><U11/><E6/><V107/><F93/><W34/><G34/><T0/><D0/><U1/><E1/><V80/><F15/><W51/><G119/><T25/><D38/><U46/><E73/><V70/><F70/><W129/><G129/><T44/><D74/><U16/><E2/><V36/><F36/><W8/><G121/><T122/><D75/><U40/><E7/><V97/><F97/><W131/><G131/><T89/><D122/><U126/><E126/><V114/><F114/><W135/><G135/><T98/><D98/><N who="1" m="59607" /><E79/><V68/><F68/><W115/><G115/><T65/><D125/><U12/><E78/><V56/><REACH who="2" step="1"/><F80/><REACH who="2" ten="340,189,240,221" step="2"/><W102/><G120/><T20/><D83/><U71/><E71/><V116/><F116/><W84/><G102/><T48/><D82/><U49/><AGARI ba="2,1" hai="11,12,16,29,31,40,42,46,47,49,50" m="59607" machi="49" ten="30,7900,0" yaku="8,1,52,2,54,1" doraHai="41" who="1" fromWho="1" sc="340,-41,189,95,240,-22,221,-22" /><INIT seed="1,0,0,0,2,69" ten="299,284,218,199" oya="1" hai0="101,6,70,92,103,131,94,130,50,135,22,13,93" hai1="15,78,28,97,37,5,63,36,59,83,1,48,21" hai2="95,33,106,44,16,99,27,105,119,77,87,38,81" hai3="124,90,133,67,55,24,4,39,126,127,32,19,7"/><U74/><E1/><V64/><F119/><W8/><G67/><T49/><D70/><U73/><E73/><V47/><F64/><W20/><G55/><T18/><D6/><N who="3" m="2089" /><G90/><T91/><D91/><U58/><E97/><V34/><F47/><W40/><G40/><T128/><REACH who="0" step="1"/><D135/><REACH who="0" ten="289,284,218,199" step="2"/><U121/><E121/><V111/><F111/><W104/><G104/><T71/><D71/><U29/><E5/><V98/><F106/><W30/><G133/><T14/><D14/><U122/><E122/><V114/><F105/><W52/><G52/><T88/><D88/><U129/><E129/><V65/><F114/><W26/><G39/><T66/><D66/><U79/><E79/><V75/><F65/><W100/><G100/><AGARI ba="0,1" hai="13,18,22,49,50,92,93,94,100,101,103,128,130,131" machi="100" ten="50,3200,0" yaku="1,1,19,1,53,0" doraHai="69" doraHaiUra="61" who="0" fromWho="3" sc="289,42,284,0,218,0,199,-32" /><INIT seed="2,0,0,1,1,10" ten="331,284,218,167" oya="2" hai0="59,38,60,123,84,124,122,96,62,27,63,18,31" hai1="52,55,99,109,115,20,46,69,75,5,45,65,0" hai2="94,68,41,80,133,6,113,106,61,43,93,82,28" hai3="79,81,87,34,29,120,128,7,50,119,26,107,4"/><V74/><F113/><W36/><G119/><T9/><D38/><U98/><E75/><V40/><F106/><W86/><G120/><T126/><D84/><U44/><E115/><V102/><F133/><W42/><G128/><T47/><D47/><U97/><E109/><V22/><F74/><W88/><G107/><T15/><D96/><U57/><E69/><V67/><F6/><W114/><G114/><T83/><D83/><U19/><E5/><V73/><F73/><W71/><G71/><T95/><D95/><U51/><E0/><V89/><F102/><W17/><G36/><T108/><D59/><U131/><E131/><V2/><F2/><W125/><G125/><N who="0" m="48235" /><D108/><U101/><E65/><V116/><F116/><W70/><G70/><T3/><D3/><U49/><REACH who="1" step="1"/><E101/><REACH who="1" ten="331,274,218,167" step="2"/><V90/><F67/><W37/><G37/><T92/><D123/><U48/><E48/><V53/><F68/><W76/><G76/><T1/><D1/><U14/><AGARI ba="0,1" hai="14,19,20,44,45,46,49,51,52,55,57,97,98,99" machi="14" ten="30,8000,1" yaku="1,1,0,1,8,1,52,1,54,1,53,0" doraHai="10" doraHaiUra="33" who="1" fromWho="1" sc="331,-20,274,90,218,-40,167,-20" /><INIT seed="3,0,0,2,2,114" ten="311,364,178,147" oya="3" hai0="1,47,120,100,111,17,86,88,33,43,24,2,76" hai1="134,107,35,16,85,132,5,97,130,64,104,37,67" hai2="126,32,21,12,115,99,110,41,112,101,50,54,103" hai3="65,87,82,60,62,84,89,81,102,69,90,127,79"/><W109/><G127/><T29/><D111/><U31/><E37/><V117/><F110/><W133/><G109/><T53/><D120/><U34/><E5/><V92/><F32/><W23/><G133/><N who="1" m="51306" /><E130/><V44/><F126/><W75/><G102/><T13/><D76/><U116/><E116/><V52/><F117/><W106/><G106/><N who="1" m="40490" /><E97/><V61/><F103/><W124/><G124/><T119/><D119/><U135/><E135/><V22/><F112/><W18/><G62/><T131/><D131/><U36/><E36/><V9/><F115/><W77/><REACH who="3" step="1"/><G75/><REACH who="3" ten="311,364,178,137" step="2"/><T7/><D100/><U96/><E96/><V26/><F61/><W27/><AGARI ba="0,1" hai="18,23,27,60,65,69,77,79,81,82,84,87,89,90" machi="27" ten="20,18000,2" yaku="1,1,2,1,0,1,7,1,9,1,53,1" doraHai="114" doraHaiUra="15" who="3" fromWho="3" sc="311,-60,364,-60,178,-60,137,190" owari="251,-15.0,304,10.0,118,-38.0,327,43.0" /></mjloggm>