<mjloggm ver="2.3"><GO type="97" lobby="0"/><UN n0="%E3%81%98%E3%81%BE%E3%81%AE%E3%82%8A" n1="%E3%83%97%E3%83%AA%E3%83%B3%E3%82%B9" n2="%47%E3%83%A8%E9%BE%8D%E9%96%80" n3="%E3%82%A6%E3%83%AB%E3%83%88%E3%83%A9%E7%AB%8B%E7%9B%B4" dan="14,14,14,13" rate="1950.11,1923.05,1889.45,1819.87" sx="M,M,M,M"/><TAIKYOKU oya="0"/><INIT seed="0,0,0,0,3,108" ten="250,250,250,250" oya="0" hai0="4,124,87,107,100,63,36,72,73,113,127,17,128" hai1="9,44,109,40,30,60,31,92,54,19,81,126,43" hai2="78,111,75,16,25,64,90,85,129,74,5,66,71" hai3="65,23,1,35,93,105,58,131,104,101,67,2,10"/><T117/><D117/><U42/><E109/><V50/><F111/><W11/><G35/><T15/><D4/><U56/><E126/><N who="0" m="48169" /><D36/><U132/><E132/><V120/><F5/><W46/><G46/><T47/><D47/><U61/><E81/><V48/><F120/><W6/><G131/><T39/><D39/><U80/><E80/><V99/><F129/><W83/><G83/><T133/><D128/><U32/><E32/><V13/><F99/><W121/><G121/><T115/><D133/><U98/><E61/><V7/><F25/><W69/><G69/><T22/><D87/><U45/><E19/><V76/><F85/><W125/><G6/><T33/><D33/><U57/><E9/><V86/><F86/><W34/><G34/><T102/><D63/><N who="1" m="36247" /><E45/><V53/><F7/><W134/><G134/><T59/><D59/><U38/><E38/><V77/><F71/><W88/><G58/><T130/><D130/><U52/><E44/><V41/><F74/><N who="0" m="28778" /><D107/><U0/><E0/><V122/><F75/><W70/><G125/><T112/><AGARI ba="0,0" hai="15,17,22,100,102,112,113,115" m="28778,48169" machi="112" ten="40,12000,1" yaku="18,1,52,3" doraHai="108" who="0" fromWho="0" sc="250,120,250,-40,250,-40,250,-40" /><INIT seed="0,1,0,0,1,56" ten="370,210,210,210" oya="0" hai0="117,47,120,88,53,86,14,44,91,15,69,52,16" hai1="90,106,49,79,108,59,68,83,18,46,128,45,119" hai2="111,3,11,63,123,8,113,54,81,50,82,99,131" hai3="31,104,40,0,71,4,38,110,75,17,73,43,20"/><T78/><D120/><U28/><E108/><V35/><F111/><W96/><G110/><T29/><D117/><U84/><E119/><V9/><F123/><W132/><G132/><T134/><D134/><U23/><E68/><V30/><F113/><W65/><G17/><T42/><D69/><U39/><E128/><V22/><F131/><W57/><G20/><N who="0" m="11287" /><D29/><U93/><E106/><V41/><F35/><W133/><G57/><T76/><D15/><U36/><E59/><N who="2" m="35319" /><F3/><W32/><G43/><T127/><D127/><U62/><E62/><V103/><F103/><N who="3" m="62567" /><G133/><T97/><D97/><U58/><E58/><V64/><F99/><W107/><G107/><T105/><D105/><U129/><E129/><V19/><F64/><W24/><G40/><T48/><D44/><U89/><E28/><V12/><F30/><W92/><G38/><T118/><D118/><U101/><E101/><V85/><F85/><W51/><G51/><T130/><D130/><U100/><E100/><V60/><F60/><N who="3" m="40359" /><G92/><N who="0" m="54295" /><D91/><U115/><E115/><V109/><F109/><W80/><G80/><T5/><D5/><U87/><E89/><V102/><F102/><W66/><G66/><T13/><D13/><N who="1" m="9679" /><E46/><AGARI ba="1,0" hai="8,9,11,12,19,22,41,46,50,81,82" m="35319" machi="46" ten="30,2000,0" yaku="8,1,52,1" doraHai="56" who="2" fromWho="1" sc="370,0,210,-23,210,23,210,0" /><INIT seed="1,0,0,4,2,66" ten="370,187,233,210" oya="1" hai0="108,134,73,110,70,47,14,65,3,4,50,107,88" hai1="31,96,54,68,86,44,67,99,124,74,58,61,22" hai2="30,27,35,90,131,104,115,71,24,33,39,123,121" hai3="109,11,72,41,122,18,125,52,48,112,82,16,36"/><U21/><E74/><V57/><F71/><W38/><G122/><T28/><D3/><U103/><E124/><V132/><F132/><W5/><G125/><T102/><D134/><U119/><E119/><V25/><F131/><W0/><G112/><T106/><D73/><U32/><E44/><V89/><F115/><W15/><G109/><N who="0" m="42091" /><D102/><U49/><E86/><V91/><F104/><W135/><G135/><T129/><D28/><U12/><E12/><V97/><F39/><W64/><G64/><T1/><D14/><U42/><E42/><V17/><F97/><W101/><G101/><T56/><D56/><U94/><REACH who="1" step="1"/><E99/><REACH who="1" ten="370,177,233,210" step="2"/><V130/><F130/><W8/><G41/><T13/><D129/><U6/><E6/><V62/><F30/><W98/><G98/><T23/><D1/><U76/><E76/><V29/><F29/><W26/><G72/><T81/><D4/><U95/><E95/><V69/><F121/><W84/><G84/><N who="0" m="50191" /><D13/><U10/><E10/><V114/><F123/><W59/><G82/><T127/><D127/><U111/><E111/><V83/><F83/><W126/><G126/><T2/><D2/><U78/><E78/><V46/><F114/><W87/><G87/><T40/><D23/><U20/><E20/><V117/><F117/><W51/><G5/><T63/><AGARI ba="0,1" hai="40,47,50,63,65,70,106,107" m="50191,42091" machi="63" ten="30,4000,0" yaku="14,1,52,1,54,1" doraHai="66" who="0" fromWho="0" sc="370,50,177,-20,233,-10,210,-10" /><INIT seed="2,0,0,3,4,111" ten="420,157,223,200" oya="2" hai0="124,57,131,49,21,117,83,107,97,22,126,58,90" hai1="70,68,71,121,95,13,54,34,66,24,41,96,35" hai2="114,75,51,87,74,6,23,32,5,43,46,78,39" hai3="132,31,17,7,18,59,3,134,122,108,42,8,19"/><V50/><F114/><W11/><G42/><T118/><D131/><U52/><E121/><V98/><F32/><W119/><G59/><N who="0" m="22539" /><D49/><U44/><E66/><V47/><F98/><W106/><G106/><T110/><D83/><U15/><E34/><V27/><F87/><W55/><G55/><T88/><D107/><U86/><E86/><V61/><F61/><W45/><G45/><T133/><D97/><U63/><E35/><V25/><F39/><W103/><G103/><T135/><D110/><U127/><E127/><N who="0" m="48681" /><D22/><U89/><E63/><V85/><F85/><W67/><G67/><T80/><D21/><U65/><E65/><V125/><F125/><W77/><G108/><T37/><D37/><U102/><E24/><V76/><REACH who="2" step="1"/><F23/><REACH who="2" ten="420,157,213,200" step="2"/><W72/><G122/><T48/><D80/><U4/><E96/><V115/><F115/><W116/><G72/><T16/><D48/><U33/><E33/><V112/><F112/><W9/><G77/><T123/><D123/><U14/><E71/><V79/><F79/><W38/><G38/><T2/><D118/><U28/><E70/><V99/><F99/><W91/><G116/><T10/><D117/><U81/><E68/><V12/><F12/><W62/><G119/><T60/><D60/><U105/><E15/><V129/><F129/><W113/><G62/><T104/><D2/><U128/><E14/><V26/><F26/><W120/><G120/><T29/><D104/><U36/><E13/><V93/><F93/><W40/><G3/><T56/><D10/><U92/><E128/><V73/><F73/><W100/><G9/><RYUUKYOKU ba="0,1" sc="420,-10,157,-10,213,30,200,-10" hai2="5,6,25,27,43,46,47,50,51,74,75,76,78" /><INIT seed="2,1,1,4,5,123" ten="410,147,243,190" oya="2" hai0="61,90,17,45,53,63,108,121,37,86,122,111,10" hai1="92,118,97,59,56,16,43,62,29,22,32,11,96" hai2="47,30,0,26,117,41,99,65,88,81,70,120,100" hai3="114,20,51,42,19,14,109,60,98,131,64,74,9"/><V93/><F120/><W69/><G74/><T24/><D37/><U33/><E118/><V102/><F0/><W5/><G114/><T133/><D133/><U79/><E79/><V7/><F117/><W132/><G132/><T21/><D10/><U25/><E43/><V112/><F7/><W125/><G125/><T46/><D121/><U116/><E116/><V58/><F70/><W106/><G131/><T95/><D122/><U127/><E127/><V82/><F112/><W39/><G39/><T76/><D76/><U31/><E97/><V134/><F134/><W83/><G83/><N who="2" m="31753" /><F41/><W115/><G115/><T66/><D53/><U80/><E80/><V28/><F47/><N who="0" m="17930" /><D66/><U89/><E31/><N who="2" m="11819" /><F26/><W57/><G42/><T2/><D2/><U49/><E49/><V1/><F1/><W44/><G44/><T105/><D105/><U104/><E104/><V101/><F58/><W135/><G135/><T48/><D48/><U110/><E59/><V6/><F6/><W119/><G119/><T38/><D38/><U78/><E78/><V130/><F130/><W129/><G129/><T72/><D72/><U77/><E77/><V84/><F65/><W36/><G36/><T55/><D55/><U94/><E33/><V40/><F40/><W4/><G4/><T107/><D107/><U3/><E92/><V103/><N who="2" m="25600" /><DORA hai="50" /><V68/><F68/><W67/><G69/><T27/><D27/><N who="1" m="14791" /><E3/><V35/><F35/><W113/><G113/><T85/><D85/><AGARI ba="1,1" hai="84,85,88,93,99" m="25600,11819,31753" machi="85" ten="50,4800,0" yaku="8,1,54,1" doraHai="123,50" who="2" fromWho="0" sc="410,-51,147,0,243,61,190,0" /><INIT seed="2,2,0,3,5,14" ten="359,147,304,190" oya="2" hai0="92,75,34,29,80,25,56,66,64,101,96,111,41" hai1="0,33,52,122,99,70,57,5,67,31,43,85,9" hai2="35,118,100,68,102,11,78,37,24,45,125,97,77" hai3="91,88,30,83,44,28,4,135,49,132,71,103,21"/><V54/><F118/><W121/><G71/><T62/><D111/><U98/><E122/><V3/><F125/><W51/><G121/><T133/><D133/><N who="3" m="51273" /><G103/><T22/><D41/><U114/><E114/><V10/><F68/><W60/><G60/><T6/><D6/><U19/><E43/><V48/><F37/><W127/><G127/><T116/><D116/><U115/><E115/><V87/><F3/><W113/><G113/><T112/><D112/><U2/><E2/><V119/><F119/><W81/><G4/><T89/><D64/><U17/><E70/><V74/><F74/><W129/><G129/><T20/><D75/><U110/><E110/><V105/><F100/><W76/><G51/><T94/><D80/><N who="3" m="30793" /><G76/><T63/><D63/><U47/><E67/><V38/><F38/><W72/><G72/><T39/><D39/><U55/><E85/><AGARI ba="2,0" hai="20,22,25,29,34,56,62,66,85,89,92,94,96,101" machi="85" ten="30,1000,0" yaku="7,1" doraHai="14" who="0" fromWho="1" sc="359,16,147,-16,304,0,190,0" /><INIT seed="3,0,0,4,5,27" ten="375,131,304,190" oya="3" hai0="30,132,87,124,56,43,26,3,9,5,33,1,112" hai1="67,65,114,8,113,13,22,96,49,58,85,18,80" hai2="131,37,116,59,98,23,16,35,47,25,69,97,34" hai3="119,103,70,105,120,84,83,110,115,40,51,6,39"/><W29/><G39/><T71/><D71/><U50/><E113/><V92/><F69/><W57/><G115/><T109/><D112/><U76/><E114/><V127/><F116/><W86/><G70/><T4/><D43/><U81/><E96/><V111/><F111/><W44/><G120/><T15/><D56/><U126/><E126/><V53/><F127/><W17/><G119/><T64/><D64/><U20/><E20/><V90/><F131/><W36/><G110/><T46/><D46/><U10/><E10/><V107/><F98/><W100/><G84/><T74/><D74/><U102/><E102/><V135/><F107/><W93/><G17/><N who="0" m="8431" /><D87/><U118/><E118/><V123/><F135/><W125/><G100/><T94/><D94/><U24/><E50/><V77/><F77/><W130/><G6/><N who="0" m="2667" /><D109/><U133/><E133/><V122/><F47/><W106/><G93/><T129/><D124/><U32/><E32/><V2/><F2/><N who="0" m="522" /><D132/><U61/><E49/><V88/><F90/><W104/><G51/><T41/><D41/><U62/><E81/><V0/><F0/><W66/><G83/><T99/><D99/><U72/><E72/><V117/><F117/><W38/><G38/><T42/><D42/><U101/><E101/><V68/><F68/><W28/><G36/><T89/><D89/><U14/><REACH who="1" step="1"/><E8/><REACH who="1" ten="375,121,304,190" step="2"/><V60/><F37/><W79/><G103/><T48/><D48/><U45/><E45/><V63/><F63/><W12/><G125/><T75/><D75/><U128/><E128/><AGARI ba="0,1" hai="26,30,33,128,129" m="522,2667,8431" machi="128" ten="30,3900,0" yaku="34,2,52,1" doraHai="27" who="0" fromWho="1" sc="375,49,121,-39,304,0,190,0" owari="424,53.0,82,-42.0,304,10.0,190,-21.0" /></mjloggm>