<mjloggm ver="2.3"><GO type="41" lobby="0"/><UN n0="%E6%AF%94%E5%98%89%E7%A7%80%E4%BB%81" n1="%70%65%74%72%6F%6C%7A" n2="%E5%B0%B1%E6%B4%BB%E7%94%9F%40%E5%B7%9D%E6%9D%91%E8%BB%8D%E5%9B%A3" n3="%64%79%73%70%72%6F" dan="15,13,15,13" rate="2013.16,1839.17,2020.49,1828.47" sx="M,M,M,M"/><TAIKYOKU oya="0"/><INIT seed="0,0,0,2,4,99" ten="250,250,250,250" oya="0" hai0="23,85,73,70,118,127,110,130,78,44,15,91,56" hai1="84,116,13,5,26,12,129,40,21,81,87,114,64" hai2="52,128,71,102,42,62,31,24,104,74,50,33,6" hai3="32,103,8,2,4,28,121,38,30,22,46,111,115"/><T58/><D118/><U45/><E116/><V131/><F74/><W100/><G115/><T108/><D70/><U113/><E129/><N who="2" m="49739" /><F6/><W134/><G111/><N who="0" m="42539" /><D130/><U122/><E122/><V83/><F42/><W88/><G121/><T112/><D112/><N who="1" m="43115" /><E64/><N who="2" m="41367" /><F83/><W41/><G134/><T51/><D78/><N who="1" m="46135" /><E5/><V79/><F79/><W7/><G32/><T55/><D73/><U20/><E87/><V66/><F66/><W48/><G7/><T76/><D76/><U3/><E3/><V92/><F92/><W80/><G38/><T133/><D133/><U65/><E65/><V53/><F50/><W59/><G59/><T14/><D127/><U43/><E43/><V25/><F25/><W119/><G119/><T49/><D49/><N who="1" m="26791" /><E21/><V67/><F67/><W54/><G41/><T105/><D58/><U126/><E126/><V94/><F94/><W17/><G80/><N who="0" m="49575" /><D105/><U95/><E95/><V39/><F39/><W69/><G69/><T101/><D56/><U29/><AGARI ba="0,0" hai="12,13,20,26,29" m="26791,46135,43115" machi="29" ten="30,1100,0" yaku="11,1" doraHai="99" who="1" fromWho="1" sc="250,-5,250,11,250,-3,250,-3" /><INIT seed="1,0,0,1,2,129" ten="245,261,247,247" oya="1" hai0="15,131,47,124,22,58,102,97,108,134,70,61,40" hai1="36,54,27,92,9,85,57,121,125,75,80,0,6" hai2="64,74,93,87,46,65,114,33,100,7,88,79,53" hai3="34,99,59,2,37,91,48,118,127,126,72,112,115"/><U50/><E121/><V98/><F114/><N who="3" m="43563" /><G37/><T68/><D131/><U41/><E125/><N who="3" m="47626" /><G2/><T111/><D124/><U86/><E75/><V28/><F7/><W24/><G118/><T109/><D134/><U110/><E27/><V96/><F96/><W51/><G72/><T52/><D22/><U76/><E110/><V56/><F46/><W29/><G59/><T89/><D89/><U122/><E122/><V116/><F116/><W1/><G1/><T60/><D15/><U23/><E23/><V3/><F3/><W63/><G63/><T42/><D61/><U13/><E13/><V123/><F123/><W103/><G91/><T67/><D67/><U4/><E4/><V16/><F28/><W38/><G38/><N who="0" m="21911" /><D42/><U11/><E11/><V18/><F33/><W82/><G82/><T8/><D8/><U10/><E10/><V73/><F65/><W84/><G84/><T94/><AGARI ba="0,0" hai="52,58,60,68,70,94,97,102,108,109,111" m="21911" machi="94" ten="30,2000,0" yaku="14,1,54,1" doraHai="129" who="0" fromWho="0" sc="245,20,261,-10,247,-5,247,-5" /><INIT seed="2,0,0,0,2,75" ten="265,251,242,242" oya="2" hai0="123,16,57,83,95,128,104,92,118,93,130,11,135" hai1="67,96,19,8,27,13,69,22,43,81,108,97,6" hai2="90,131,23,106,133,38,86,12,56,51,49,41,88" hai3="18,37,116,10,122,24,68,129,98,70,72,64,62"/><V3/><F3/><W79/><G116/><T53/><D135/><U48/><E69/><V44/><F106/><W94/><G122/><T26/><D104/><U77/><E67/><V45/><F133/><W30/><G37/><T42/><D123/><U99/><E108/><V65/><F131/><N who="0" m="50218" /><D42/><U21/><E43/><V101/><F101/><W31/><G129/><T71/><D71/><U7/><E48/><V112/><F112/><W35/><G70/><T63/><D118/><U102/><E102/><V103/><F103/><W25/><G10/><T59/><D59/><U17/><REACH who="1" step="1"/><E21/><REACH who="1" ten="265,241,242,242" step="2"/><V1/><F38/><W117/><G117/><T74/><D11/><U4/><E4/><V9/><F65/><W29/><G35/><T121/><D121/><U32/><E32/><V15/><F56/><W0/><G0/><T109/><D109/><U58/><E58/><V73/><F23/><W107/><G107/><T84/><D57/><U47/><E47/><V82/><F1/><W119/><G119/><T87/><D63/><U46/><E46/><V105/><F105/><W114/><G114/><T14/><D53/><U52/><E52/><V100/><F100/><W39/><G39/><T113/><D113/><U54/><E54/><V5/><F45/><W91/><REACH who="3" step="1"/><G18/><REACH who="3" ten="265,241,242,232" step="2"/><T125/><D16/><U28/><E28/><V61/><F5/><W127/><G127/><T120/><D125/><U33/><E33/><V40/><F9/><W66/><G66/><T78/><D120/><U124/><E124/><V76/><F41/><W20/><G20/><T126/><D126/><U60/><E60/><RYUUKYOKU ba="0,2" sc="265,-15,241,15,242,-15,232,15" hai1="6,7,8,13,17,19,22,27,77,81,96,97,99" hai3="24,25,29,30,31,62,64,68,72,79,91,94,98" /><INIT seed="3,1,2,0,2,115" ten="250,256,227,247" oya="3" hai0="44,21,128,43,72,13,63,51,103,59,37,96,4" hai1="79,121,36,127,64,54,112,116,28,35,68,74,93" hai2="101,48,86,66,82,99,117,1,62,91,111,80,20" hai3="2,5,98,81,107,7,9,19,6,14,94,77,71"/><W30/><G107/><T106/><D72/><U130/><RYUUKYOKU type="yao9" ba="1,2" sc="250,0,256,0,227,0,247,0" hai1="28,35,36,54,64,68,74,79,93,112,116,121,127,130" /><INIT seed="3,2,2,1,0,81" ten="250,256,227,247" oya="3" hai0="15,44,49,11,43,58,106,19,5,134,125,84,30" hai1="108,126,94,42,45,4,110,14,97,105,100,78,33" hai2="63,114,91,66,95,26,65,92,57,71,23,122,37" hai3="8,101,135,55,133,53,88,34,70,116,90,51,85"/><W10/><G116/><T99/><D134/><N who="3" m="51209" /><G70/><T72/><D125/><U111/><E33/><V118/><F114/><W83/><G34/><T47/><D72/><U130/><E126/><V38/><F118/><W96/><G90/><T0/><D30/><U69/><E69/><V73/><F73/><W17/><G17/><T52/><D106/><U80/><E130/><V9/><F71/><W50/><G50/><T12/><D99/><N who="1" m="61599" /><E4/><V131/><F131/><W36/><G36/><T28/><D28/><U112/><E14/><V82/><F38/><W107/><G55/><T39/><D19/><U124/><E124/><V6/><F37/><W13/><G13/><T74/><D74/><N who="1" m="43095" /><E112/><V35/><F35/><W121/><G121/><T68/><D68/><U127/><E127/><V104/><F104/><W132/><G132/><T120/><D120/><U64/><E64/><V102/><F122/><W77/><G77/><T113/><D113/><U123/><E123/><V109/><F66/><W129/><G129/><T41/><D15/><U31/><E31/><V56/><F65/><W21/><G21/><T24/><D24/><U79/><E79/><V20/><F26/><W22/><G22/><T59/><D0/><U119/><E119/><V29/><F23/><W48/><G48/><T40/><D40/><U25/><E25/><V87/><F20/><W117/><G117/><T98/><D43/><U27/><E27/><V16/><F29/><W76/><G76/><T128/><D128/><U103/><E42/><V32/><F32/><W46/><AGARI ba="2,2" hai="8,10,46,51,53,83,85,88,96,101,107" m="51209" machi="46" ten="30,6000,0" yaku="20,1,52,1,54,1" doraHai="81" who="3" fromWho="3" sc="250,-22,256,-22,227,-22,247,86" /><INIT seed="3,3,0,2,5,72" ten="228,234,205,333" oya="3" hai0="82,49,21,98,60,111,132,131,33,18,90,9,43" hai1="37,68,54,70,116,17,97,91,86,39,19,48,62" hai2="124,123,113,101,99,64,84,59,44,122,66,50,94" hai3="4,15,25,58,2,89,57,14,56,112,79,103,135"/><W1/><G112/><T85/><D111/><U127/><E127/><V93/><F124/><W87/><G135/><T129/><D132/><U73/><E116/><V61/><F113/><W35/><G103/><T28/><D33/><U36/><E73/><V0/><F0/><W77/><G35/><T38/><D38/><U88/><E97/><V133/><F133/><W69/><G69/><T109/><D60/><U27/><E91/><V119/><F119/><W23/><G1/><T76/><D109/><U118/><E118/><V6/><F6/><W115/><G2/><T107/><D28/><U80/><E62/><V71/><F71/><W52/><G115/><T31/><D31/><U75/><E19/><V100/><F66/><W128/><G128/><N who="0" m="49227" /><D9/><U134/><E134/><V47/><F47/><W29/><G52/><T53/><D43/><U92/><E17/><V120/><F84/><W12/><REACH who="3" step="1"/><G4/><REACH who="3" ten="228,234,205,323" step="2"/><T26/><D107/><U114/><E114/><V34/><F34/><W7/><G7/><T46/><D98/><U126/><E126/><V24/><F101/><W95/><AGARI ba="3,1" hai="12,14,15,23,25,29,56,57,58,77,79,87,89,95" machi="95" ten="30,12000,1" yaku="1,1,0,1,8,1,52,2,53,0" doraHai="72" doraHaiUra="121" who="3" fromWho="3" sc="228,-43,234,-43,205,-43,323,139" /><INIT seed="3,4,0,2,2,17" ten="185,191,162,462" oya="3" hai0="118,125,103,130,60,24,23,48,110,55,109,64,98" hai1="97,104,10,72,61,22,14,1,115,52,4,20,92" hai2="9,133,19,2,135,81,107,68,37,101,105,132,112" hai3="122,40,39,57,129,33,53,12,11,87,5,123,100"/><W3/><G33/><T30/><D130/><U70/><E115/><V34/><F68/><W94/><G129/><T120/><D118/><U131/><E131/><V50/><F37/><W27/><G27/><T58/><D125/><U8/><E72/><V69/><F69/><W59/><G39/><T35/><D120/><U15/><E104/><V32/><F112/><W78/><G40/><T6/><D6/><U116/><E116/><V65/><F65/><W77/><G59/><T119/><D119/><U126/><E126/><V43/><F81/><W86/><G3/><T46/><REACH who="0" step="1"/><D35/><REACH who="0" ten="175,191,162,462" step="2"/><U102/><E1/><V89/><F34/><W79/><G123/><T56/><D56/><N who="1" m="34951" /><E70/><V83/><F32/><W21/><G122/><T124/><D124/><U106/><E106/><AGARI ba="4,1" hai="23,24,30,46,48,55,58,60,64,98,103,106,109,110" machi="106" ten="40,2600,0" yaku="1,1,52,1,53,0" doraHai="17" doraHaiUra="108" who="0" fromWho="1" sc="175,48,191,-38,162,0,462,0" /><INIT seed="4,0,0,1,2,20" ten="223,153,162,462" oya="0" hai0="72,19,133,77,82,131,83,18,17,1,123,104,68" hai1="3,102,105,10,116,101,53,98,4,118,14,134,124" hai2="5,114,117,21,73,30,112,8,32,39,36,125,119" hai3="50,64,106,110,97,47,43,75,122,88,33,38,127"/><T48/><D123/><U90/><E134/><V87/><F73/><W57/><G75/><T62/><D133/><U16/><E124/><V66/><F66/><W71/><G110/><T55/><D104/><U96/><E90/><V52/><F125/><W6/><G33/><T26/><D1/><U25/><E53/><V100/><F100/><W49/><G6/><T95/><D83/><U44/><E44/><V34/><F87/><W91/><G122/><T60/><D95/><U74/><E74/><V94/><F94/><W2/><G2/><T86/><D72/><U63/><E63/><N who="0" m="24105" /><D68/><U54/><E54/><V11/><F52/><N who="3" m="31887" /><G50/><T27/><D131/><U22/><REACH who="1" step="1"/><E3/><REACH who="1" ten="223,143,162,462" step="2"/><V29/><F5/><W129/><G88/><T120/><D120/><U41/><E41/><V108/><REACH who="2" step="1"/><F21/><REACH who="2" ten="223,143,152,462" step="2"/><W0/><G127/><T128/><D128/><U93/><AGARI ba="0,2" hai="4,10,14,16,22,25,93,96,98,101,102,105,116,118" machi="93" ten="20,12000,2" yaku="1,1,0,1,7,1,52,1,54,1,53,1" doraHai="20" doraHaiUra="15" who="1" fromWho="1" sc="223,-60,143,140,152,-30,462,-30" /><INIT seed="5,0,0,3,4,99" ten="163,283,122,432" oya="1" hai0="94,71,135,82,17,128,122,114,3,42,112,15,131" hai1="127,70,58,35,11,43,13,16,109,6,85,79,73" hai2="41,54,49,92,106,101,91,27,44,2,108,100,93" hai3="67,5,89,76,83,125,14,4,107,120,69,103,126"/><U29/><E73/><V105/><F2/><W47/><G120/><T115/><D71/><U116/><E116/><V90/><F108/><W32/><G32/><T24/><D42/><U53/><E70/><V50/><F27/><W22/><G89/><N who="2" m="33801" /><F106/><W117/><G117/><T134/><D82/><U10/><E109/><V28/><F28/><W40/><G69/><T102/><D102/><N who="2" m="39530" /><F105/><W81/><G67/><T98/><D98/><U7/><E43/><V74/><F74/><W21/><G107/><T23/><D94/><U45/><E45/><AGARI ba="0,0" hai="41,44,45,49,50,54,92,93" m="39530,33801" machi="45" ten="30,7700,0" yaku="8,1,52,3" doraHai="99" who="2" fromWho="1" sc="163,0,283,-77,122,77,432,0" /><INIT seed="6,0,0,1,4,12" ten="163,206,199,432" oya="2" hai0="66,74,25,40,71,29,80,106,111,17,72,37,64" hai1="122,130,28,5,0,68,31,26,50,92,4,87,16" hai2="113,35,56,69,116,127,109,67,6,78,46,21,49" hai3="132,38,131,52,43,19,34,18,32,9,58,112,105"/><V13/><F35/><W94/><G105/><T98/><D111/><U15/><E68/><V60/><F109/><W30/><G132/><T114/><D114/><U119/><E119/><V65/><F113/><W48/><G131/><T99/><D40/><U129/><E50/><V90/><F116/><W27/><G34/><T77/><D37/><U75/><E75/><V101/><F127/><W3/><G94/><T108/><D108/><U85/><E92/><V124/><F124/><W128/><G128/><N who="1" m="49258" /><E85/><V76/><F69/><W96/><G96/><T63/><D66/><U20/><E87/><V22/><F101/><W61/><G38/><T55/><D74/><U11/><E122/><V95/><F65/><W62/><G112/><T24/><D106/><U102/><E102/><V41/><F21/><W120/><G120/><T91/><D55/><U7/><E0/><V125/><F125/><W107/><G107/><T36/><D36/><U89/><E89/><V51/><F51/><W83/><G83/><T79/><D79/><U135/><E135/><V103/><F103/><W39/><G39/><T82/><D82/><U8/><E8/><N who="2" m="4247" /><F22/><W110/><G110/><T54/><D91/><U1/><E1/><V88/><F90/><W97/><G97/><AGARI ba="0,0" hai="41,46,49,56,60,67,76,78,88,95,97" m="4247" machi="97" ten="30,2900,0" yaku="8,1,54,1" doraHai="12" who="2" fromWho="3" sc="163,0,206,0,199,29,432,-29" /><INIT seed="6,1,0,5,1,67" ten="163,206,228,403" oya="2" hai0="5,39,55,131,100,41,57,130,71,68,123,75,96" hai1="97,105,59,26,54,16,40,73,115,132,133,2,29" hai2="126,113,31,77,56,51,36,47,53,17,114,23,86" hai3="95,107,79,106,15,74,93,91,14,60,90,98,62"/><V88/><F77/><W112/><G112/><N who="2" m="43113" /><F126/><W7/><G7/><T32/><D75/><U104/><E115/><V122/><F122/><W20/><G20/><T82/><D32/><U9/><E73/><V25/><F36/><W45/><G74/><T121/><D82/><U42/><E97/><V19/><F47/><W52/><G79/><T76/><D76/><U63/><E105/><V128/><F128/><N who="0" m="49194" /><D5/><U0/><E104/><V12/><F12/><W103/><G45/><N who="0" m="23743" /><D96/><U111/><E111/><V89/><F89/><W102/><G98/><T35/><D100/><U22/><E0/><V58/><F58/><W24/><G24/><T11/><D11/><U65/><E2/><V119/><F119/><W87/><G87/><T99/><D35/><U109/><E109/><V116/><F116/><W37/><G37/><T3/><D3/><U81/><E81/><AGARI ba="1,0" hai="17,19,23,25,31,51,53,56,81,86,88" m="43113" machi="81" ten="30,2900,0" yaku="15,1,54,1" doraHai="67" who="2" fromWho="1" sc="163,0,206,-32,228,32,403,0" /><INIT seed="6,2,0,4,3,65" ten="163,174,260,403" oya="2" hai0="101,56,49,2,42,104,0,86,39,47,92,103,1" hai1="125,67,80,15,33,95,32,96,19,50,70,82,23" hai2="76,68,38,111,87,34,97,91,12,60,132,16,30" hai3="81,54,5,90,109,69,129,8,79,115,123,9,88"/><V36/><F132/><W84/><G109/><T83/><D104/><U44/><E70/><V78/><F111/><W77/><G123/><T74/><D74/><U55/><E67/><V17/><F97/><W133/><G133/><T122/><D122/><U102/><REACH who="1" step="1"/><E125/><REACH who="1" ten="163,164,260,403" step="2"/><V27/><F68/><W128/><G69/><T57/><D39/><U127/><E127/><V41/><F38/><W24/><G129/><T20/><D20/><U118/><E118/><V13/><F36/><W52/><G128/><T35/><D35/><AGARI ba="2,1" hai="15,19,23,32,33,35,44,50,55,80,82,95,96,102" machi="35" ten="40,1300,0" yaku="1,1,53,0" doraHai="65" doraHaiUra="7" who="1" fromWho="0" sc="163,-19,164,29,260,0,403,0" /><INIT seed="7,0,0,5,2,2" ten="144,193,260,403" oya="3" hai0="46,63,97,82,14,134,55,53,40,15,13,73,37" hai1="99,94,81,101,132,67,114,85,100,56,57,66,122" hai2="93,12,133,113,42,36,19,98,88,115,129,59,123" hai3="44,24,90,69,28,16,41,11,84,4,10,80,61"/><W45/><G69/><T109/><D134/><U120/><E114/><N who="2" m="43531" /><F123/><W89/><G61/><T65/><D109/><U39/><E39/><V25/><F133/><W9/><G16/><T92/><D73/><U112/><E112/><V7/><F129/><W30/><G4/><T102/><REACH who="0" step="1"/><D82/><REACH who="0" ten="134,193,260,403" step="2"/><U6/><E120/><V47/><F25/><W31/><G80/><T43/><D43/><U118/><E122/><V78/><F78/><W51/><G24/><T74/><D74/><U130/><E132/><V34/><F34/><W135/><G135/><T21/><D21/><U71/><E130/><V75/><F75/><W79/><G41/><T96/><D96/><U119/><E119/><V48/><F42/><W106/><G79/><T60/><D60/><U124/><E118/><V62/><F98/><W107/><G51/><T91/><D91/><N who="3" m="34825" /><G84/><T121/><D121/><U33/><E33/><V58/><F88/><W29/><N who="3" m="7680" /><DORA hai="32" /><W103/><G103/><T0/><D0/><U38/><E38/><V1/><F62/><W23/><G23/><T54/><D54/><U17/><E81/><V35/><F1/><W27/><G27/><T8/><D8/><U116/><E116/><V76/><F35/><W128/><G128/><T5/><D5/><U126/><E85/><V49/><F76/><W3/><G3/><T87/><D87/><U104/><E6/><V77/><F7/><W52/><G52/><T70/><AGARI ba="0,1" hai="13,14,15,37,40,46,53,55,63,65,70,92,97,102" machi="70" ten="30,4000,0" yaku="1,1,0,1,53,1" doraHai="2,32" doraHaiUra="68,22" who="0" fromWho="0" sc="134,50,193,-10,260,-10,403,-20" owari="184,-22.0,183,-32.0,250,5.0,383,49.0" /></mjloggm>