<mjloggm ver="2.3"><GO type="41" lobby="0"/><UN n0="%E3%81%98%E3%82%83%E3%81%AB%E3%81%95%E3%82%93%E3%80%82" n1="%E5%B0%8F%E6%9C%A8%E9%AB%98%E5%B6%BA" n2="%E5%B0%B1%E6%B4%BB%E7%94%9F%40%E5%B7%9D%E6%9D%91%E8%BB%8D%E5%9B%A3" n3="%E3%81%97%E3%82%83%E3%81%8A%E3%81%8B%E3%81%8A" dan="15,15,15,14" rate="1886.34,2007.24,2011.72,1953.76" sx="M,M,M,M"/><TAIKYOKU oya="0"/><INIT seed="0,0,0,0,2,0" ten="250,250,250,250" oya="0" hai0="132,24,58,26,79,55,102,23,10,51,67,90,129" hai1="57,71,115,112,128,133,120,52,94,65,124,5,60" hai2="97,84,104,45,35,77,34,72,89,78,117,74,14" hai3="111,31,7,25,118,29,61,37,8,121,44,82,56"/><T3/><D132/><U125/><E94/><V108/><F117/><W113/><G82/><T92/><D129/><U63/><E120/><V42/><F108/><W66/><G118/><T80/><D102/><U87/><E87/><V13/><F104/><W127/><G113/><N who="1" m="43594" /><E5/><V134/><F134/><W32/><G121/><T95/><D67/><U85/><E85/><V135/><F135/><W39/><G111/><T86/><D92/><U73/><E133/><V126/><F97/><W43/><G127/><N who="1" m="48714" /><E73/><V15/><F126/><W36/><REACH who="3" step="1"/><G31/><REACH who="3" ten="250,250,250,240" step="2"/><T88/><D79/><U27/><E27/><V101/><F74/><W28/><G28/><T46/><D26/><U2/><E2/><AGARI ba="0,1" hai="2,7,8,25,29,32,36,37,39,43,44,56,61,66" machi="2" ten="30,7700,0" yaku="1,1,7,1,52,1,53,1" doraHai="0" doraHaiUra="30" who="3" fromWho="1" sc="250,0,250,-77,250,0,240,87" /><INIT seed="1,0,0,4,1,105" ten="250,173,250,327" oya="1" hai0="14,37,76,21,62,72,12,67,38,101,104,103,110" hai1="49,24,11,8,85,81,45,1,96,46,2,73,60" hai2="112,75,99,109,92,120,134,33,93,18,88,54,97" hai3="94,111,27,79,64,115,83,121,90,89,100,36,30"/><U91/><E60/><V29/><F120/><W86/><G36/><T31/><D110/><U28/><E46/><V130/><F109/><W19/><G111/><T127/><D127/><U34/><E96/><V22/><F112/><W13/><G115/><T40/><D40/><U133/><E133/><V113/><F134/><W43/><G43/><T35/><D35/><U17/><E2/><V61/><F130/><W77/><G121/><T78/><D21/><U50/><E8/><V70/><F113/><W55/><G100/><T84/><D31/><U5/><E17/><V10/><F33/><W23/><G64/><T51/><D84/><U119/><E119/><V39/><F39/><W56/><G89/><T3/><D51/><U122/><E122/><V63/><F29/><W74/><G79/><T132/><D62/><U123/><E123/><V128/><F128/><W58/><REACH who="3" step="1"/><G55/><REACH who="3" ten="250,173,250,317" step="2"/><T4/><D67/><U47/><REACH who="1" step="1"/><E73/><REACH who="1" ten="250,163,250,317" step="2"/><V15/><F75/><W126/><G126/><T118/><D72/><U80/><E80/><V102/><F70/><W131/><G131/><T0/><D132/><U41/><E41/><V71/><F71/><W114/><G114/><T82/><D82/><U69/><E69/><V53/><F53/><W59/><G59/><T87/><D38/><U98/><E98/><V26/><F54/><W52/><G52/><T106/><D37/><U108/><E108/><V129/><F129/><W16/><G16/><T44/><D44/><U32/><E32/><AGARI ba="0,2" hai="13,19,23,27,30,32,56,58,74,77,83,86,90,94" machi="32" ten="30,7700,0" yaku="1,1,7,1,52,1,53,1" doraHai="105" doraHaiUra="9" who="3" fromWho="1" sc="250,0,163,-77,250,0,317,97" /><INIT seed="2,0,0,2,4,125" ten="250,86,250,414" oya="2" hai0="44,33,77,37,51,54,128,0,64,23,26,21,55" hai1="127,105,24,14,109,60,11,90,84,40,46,101,119" hai2="126,61,89,71,117,8,95,73,118,76,30,15,92" hai3="35,19,122,104,83,4,48,69,120,133,123,88,115"/><V7/><F126/><W96/><G69/><T16/><D0/><U58/><E119/><V107/><F107/><W131/><G35/><T135/><D33/><U22/><E127/><V36/><F36/><W29/><G29/><T91/><D135/><U45/><E109/><V2/><F30/><W80/><G4/><T31/><D64/><U97/><E40/><V94/><F89/><W93/><G19/><T27/><D37/><U65/><E11/><V32/><F32/><W52/><G133/><T28/><D77/><U12/><E46/><V49/><F2/><W17/><G115/><T116/><D116/><U50/><E84/><V132/><F132/><W129/><G17/><T82/><D31/><U47/><E90/><V74/><F74/><W130/><G104/><T25/><D25/><U66/><E66/><V72/><F73/><W87/><G96/><T108/><D108/><U103/><E103/><V110/><F72/><W63/><G63/><T3/><D3/><U85/><E85/><V67/><F76/><W56/><AGARI ba="0,0" hai="48,52,56,80,83,87,88,93,120,122,123,129,130,131" machi="56" ten="40,12000,2" yaku="0,1,19,1,52,3,54,2" doraHai="125" who="3" fromWho="3" sc="250,-30,86,-30,250,-60,414,120" /><INIT seed="3,0,0,4,1,33" ten="220,56,190,534" oya="3" hai0="52,76,10,103,38,46,77,107,9,108,94,91,42" hai1="78,44,5,68,129,113,15,92,37,121,124,8,100" hai2="116,63,58,54,48,40,90,55,72,83,26,62,36" hai3="17,119,13,105,45,4,56,34,28,64,32,70,71"/><W24/><G105/><T43/><D108/><U11/><E121/><V29/><F116/><W89/><G119/><T123/><D123/><U102/><E113/><V82/><F36/><W20/><G34/><T57/><D43/><U49/><E129/><V98/><F72/><W3/><G45/><T80/><D77/><U101/><E37/><V6/><F6/><W25/><G25/><T2/><D103/><U27/><E124/><V53/><F53/><W39/><G39/><T128/><D107/><U14/><E68/><V23/><F40/><W109/><G109/><T22/><D22/><U21/><E78/><V50/><F63/><N who="3" m="37991" /><G89/><T35/><D2/><U104/><E104/><V117/><F117/><W16/><G17/><T114/><D35/><U88/><E14/><V133/><F133/><W66/><G66/><T96/><D114/><U127/><E8/><AGARI ba="0,0" hai="3,4,8,13,16,20,24,28,32,70,71" m="37991" machi="8" ten="30,5800,0" yaku="24,1,52,1,54,1" doraHai="33" who="3" fromWho="1" sc="220,0,56,-58,190,0,534,58" owari="220,2.0,-2,-50.0,190,-21.0,592,69.0" /></mjloggm>