<mjloggm ver="2.3"><GO type="97" lobby="0"/><UN n0="%4E%61%72%69%62%6F%6F" n1="%EF%BD%9E%E3%81%8B%E3%81%9A%E3%81%AA%E3%82%8A%E3%81%8F%E3%82%93%EF%BD%9E" n2="%34%38%34%38" n3="%E3%82%A6%E3%83%AB%E3%83%88%E3%83%A9%E7%AB%8B%E7%9B%B4" dan="15,14,15,15" rate="1934.93,2019.34,1960.98,1976.76" sx="M,M,M,M"/><TAIKYOKU oya="0"/><INIT seed="0,0,0,1,3,62" ten="250,250,250,250" oya="0" hai0="131,21,47,102,79,10,24,91,95,29,63,0,85" hai1="26,87,80,101,31,34,98,11,17,99,115,83,118" hai2="133,96,132,135,8,46,107,2,51,126,30,130,89" hai3="3,88,84,59,134,6,128,25,111,13,45,35,39"/><T71/><D131/><U121/><E118/><V65/><F130/><W61/><G134/><T106/><D79/><U129/><E121/><V94/><F30/><W33/><G111/><T37/><D37/><U114/><E129/><V48/><F126/><W92/><G128/><T109/><D47/><U127/><E127/><V40/><F107/><W116/><G3/><T117/><D117/><U16/><E98/><V108/><F108/><W18/><G116/><T113/><D113/><N who="1" m="43019" /><E11/><V49/><F65/><W122/><G6/><AGARI ba="0,0" hai="2,6,8,40,46,48,49,51,89,94,96,132,133,135" machi="6" ten="40,1300,0" yaku="20,1" doraHai="62" who="2" fromWho="3" sc="250,0,250,0,250,13,250,-13" /><INIT seed="1,0,0,0,5,13" ten="250,250,263,237" oya="1" hai0="46,1,97,47,22,131,94,106,108,62,100,80,96" hai1="122,15,93,64,38,133,37,31,73,34,49,74,102" hai2="82,77,18,124,87,16,20,117,104,107,27,17,85" hai3="56,2,84,30,58,7,42,119,68,121,14,70,99"/><U29/><E122/><V91/><F117/><W33/><G14/><T116/><D1/><U88/><E133/><V5/><F5/><W57/><G84/><T126/><D116/><U24/><E102/><V36/><F36/><W75/><G99/><T45/><D131/><U60/><E49/><V111/><F111/><W69/><G42/><T125/><D108/><U98/><E31/><V81/><REACH who="2" step="1"/><F124/><REACH who="2" ten="250,250,253,237" step="2"/><W113/><G119/><T105/><D126/><U76/><E38/><V83/><F83/><W132/><G121/><T51/><D80/><U109/><E37/><V66/><F66/><W8/><G132/><T89/><D125/><U120/><E109/><V11/><F11/><W129/><G129/><T6/><D106/><AGARI ba="0,1" hai="16,17,18,20,27,77,81,82,85,87,91,104,106,107" machi="106" ten="40,8000,1" yaku="1,1,52,3,54,1,53,0" doraHai="13" doraHaiUra="54" who="2" fromWho="0" sc="250,-80,250,0,253,90,237,0" /><INIT seed="2,0,0,1,2,56" ten="170,250,343,237" oya="2" hai0="22,126,42,35,133,26,49,71,67,13,100,1,50" hai1="82,91,95,113,14,101,51,69,74,9,57,11,39" hai2="33,21,55,44,108,135,112,125,104,81,122,53,83" hai3="88,28,128,84,41,78,77,123,36,61,72,8,120"/><V80/><F122/><W52/><G128/><T58/><D1/><U73/><E69/><V130/><F112/><W19/><G72/><T32/><D71/><U134/><E39/><V70/><F33/><W94/><G36/><T47/><D133/><U65/><E113/><V45/><F130/><W124/><G124/><T68/><D126/><U115/><E115/><V121/><F70/><W38/><G38/><T90/><D68/><U92/><E134/><V60/><F135/><W110/><G110/><T76/><D76/><N who="3" m="29289" /><G120/><T102/><D35/><U66/><E101/><V99/><F121/><W97/><G123/><T3/><D3/><U7/><E82/><V2/><F2/><W127/><G127/><T64/><D32/><U116/><E116/><V34/><F34/><W17/><G41/><T85/><D67/><U43/><E95/><V105/><F108/><W75/><G75/><T114/><D114/><U79/><E79/><V132/><F132/><W87/><G28/><T89/><D89/><U25/><E74/><V117/><F105/><W23/><G8/><T46/><D46/><N who="1" m="26079" /><E9/><V86/><F117/><W63/><G19/><N who="0" m="10607" /><D26/><U129/><E73/><V93/><F104/><W98/><G87/><T48/><D48/><U30/><E129/><V37/><F37/><W118/><G118/><T24/><D24/><U54/><E25/><V12/><F125/><W10/><G10/><T29/><D29/><U40/><E30/><V4/><F86/><W16/><G17/><T27/><D27/><U107/><E107/><V106/><F106/><W18/><G18/><T5/><D5/><RYUUKYOKU ba="0,0" sc="170,0,250,0,343,0,237,0" /><INIT seed="3,1,0,0,0,64" ten="170,250,343,237" oya="3" hai0="70,115,89,50,125,118,72,62,124,20,31,92,91" hai1="82,36,37,28,78,107,103,123,99,51,17,97,95" hai2="122,15,57,52,16,40,9,8,58,55,41,79,5" hai3="24,22,35,105,110,6,19,14,93,61,102,67,98"/><W81/><G110/><T130/><D118/><U2/><E123/><V84/><F122/><W83/><G105/><T66/><D72/><U132/><E2/><V133/><F133/><W65/><G65/><T7/><D115/><U45/><E28/><V94/><F57/><W113/><G113/><T39/><D39/><U85/><E17/><V106/><F106/><W38/><G38/><T127/><D7/><U117/><E132/><V13/><F55/><W43/><G43/><T27/><D130/><U119/><E51/><N who="2" m="31007" /><F79/><W75/><G75/><T71/><D50/><U88/><REACH who="1" step="1"/><E45/><REACH who="1" ten="170,240,343,237" step="2"/><V10/><F9/><W90/><G6/><T80/><D80/><U56/><E56/><V23/><F10/><W29/><G102/><T59/><REACH who="0" step="1"/><D91/><AGARI ba="1,1" hai="5,8,13,15,16,23,40,41,84,91,94" m="31007" machi="91" ten="30,7700,0" yaku="25,1,8,1,54,2" doraHai="64" who="2" fromWho="0" sc="170,-80,240,0,343,90,237,0" owari="90,-41.0,240,4.0,433,53.0,237,-16.0" /></mjloggm>