<mjloggm ver="2.3"><GO type="169" lobby="0"/><UN n0="%E7%B6%BE%E5%BC%A5%E4%B8%80%E6%9D%A1" n1="%43%52%41%5A%59%42%45%45" n2="%E3%82%A6%E3%83%AB%E3%83%88%E3%83%A9%E7%AB%8B%E7%9B%B4" n3="%31%30%30%27%73" dan="17,17,16,16" rate="2135.45,2141.10,2120.92,2145.84" sx="M,M,M,M"/><TAIKYOKU oya="0"/><INIT seed="0,0,0,1,2,63" ten="250,250,250,250" oya="0" hai0="73,84,109,83,87,85,106,16,104,51,21,82,54" hai1="125,70,119,13,15,41,38,117,53,96,77,3,120" hai2="6,33,122,133,39,75,22,123,55,111,44,124,116" hai3="80,50,99,126,78,43,61,65,66,62,27,95,68"/><T9/><D109/><U114/><E120/><V20/><F75/><W31/><G126/><T64/><D9/><U42/><E3/><V134/><F55/><W89/><G43/><T25/><D64/><U46/><E70/><V0/><F44/><W90/><G50/><T112/><D112/><U94/><E125/><V35/><F39/><W107/><G90/><T26/><D26/><U17/><E42/><V56/><F56/><W129/><G107/><T28/><D28/><U30/><E30/><V14/><F124/><W45/><G45/><T52/><D54/><U67/><E67/><V11/><F111/><W98/><G129/><T2/><D2/><U91/><E114/><V18/><F22/><W71/><G80/><T32/><D32/><N who="2" m="12362" /><F116/><W58/><G58/><T110/><D110/><U60/><E53/><V5/><F5/><W76/><G99/><T72/><D72/><U19/><E60/><V34/><N who="2" m="12370" /><AGARI ba="0,0" hai="27,31,34,61,62,65,66,68,71,76,78,89,95,98" machi="34" ten="30,8000,1" yaku="3,1,7,1,9,1,52,2" doraHai="63" who="3" fromWho="2" sc="250,0,250,0,250,-80,250,80" /><INIT seed="1,0,0,3,2,127" ten="250,250,170,330" oya="1" hai0="53,84,44,75,131,29,31,51,55,54,111,78,125" hai1="124,98,121,37,17,49,99,69,67,123,3,43,38" hai2="59,42,128,60,36,117,28,18,94,80,66,107,62" hai3="48,9,19,129,95,57,11,12,119,0,35,106,102"/><U15/><E3/><V6/><F107/><W115/><G35/><T1/><D131/><U61/><E124/><V85/><F117/><W22/><G115/><T93/><D125/><U20/><E49/><V109/><F6/><W32/><G32/><T83/><D1/><U76/><E76/><V39/><F28/><N who="0" m="10826" /><D75/><U24/><E24/><V86/><F109/><W114/><G106/><T46/><D111/><U96/><REACH who="1" step="1"/><E43/><REACH who="1" ten="250,240,170,330" step="2"/><V81/><F42/><W105/><G48/><T97/><D51/><U79/><E79/><V112/><F39/><AGARI ba="0,1" hai="15,17,20,37,38,39,61,67,69,96,98,99,121,123" machi="39" ten="40,2000,0" yaku="1,1,53,0" doraHai="127" doraHaiUra="122" who="1" fromWho="2" sc="250,0,240,30,170,-20,330,0" /><INIT seed="1,1,0,4,1,20" ten="250,270,150,330" oya="1" hai0="130,27,75,113,11,13,76,124,131,29,10,69,51" hai1="83,56,24,17,22,4,34,65,40,45,60,80,82" hai2="38,105,114,91,87,43,3,2,109,12,71,48,132" hai3="67,15,128,42,77,41,19,88,32,129,39,110,119"/><U37/><REACH who="1" step="1"/><E4/><REACH who="1" ten="250,260,150,330" step="2"/><V123/><F123/><W9/><G119/><T36/><D131/><U115/><E115/><V81/><F114/><W97/><G128/><T53/><D130/><U116/><E116/><V5/><F5/><W50/><G129/><T78/><D113/><U62/><E62/><V117/><F117/><W8/><G110/><T6/><D6/><U46/><E46/><V47/><F47/><W135/><G135/><T25/><D124/><U104/><E104/><V101/><F105/><W93/><G39/><T59/><D36/><U74/><E74/><V0/><F38/><W72/><G72/><T89/><D75/><U94/><E94/><V58/><F132/><W61/><G93/><T127/><D127/><U125/><E125/><V98/><F109/><W79/><G42/><T121/><D121/><U1/><E1/><V84/><F43/><W85/><G41/><T54/><D51/><U106/><E106/><V68/><F3/><W96/><G50/><T21/><D69/><U103/><E103/><V57/><F2/><W52/><G61/><T73/><D73/><U63/><E63/><V26/><F0/><W33/><G67/><T99/><D54/><U18/><E18/><V134/><F101/><W133/><G19/><T66/><D66/><U44/><E44/><V90/><F134/><W107/><G52/><T102/><D53/><U111/><E111/><V86/><F71/><W95/><G133/><T126/><D126/><U49/><E49/><V23/><F48/><W31/><G107/><T120/><D120/><U118/><E118/><V70/><F70/><RYUUKYOKU ba="1,1" sc="250,-10,260,30,150,-10,330,-10" hai1="17,22,24,34,37,40,45,56,60,65,80,82,83" /><INIT seed="1,2,1,2,4,60" ten="240,290,140,320" oya="1" hai0="62,106,110,20,112,14,82,70,97,59,91,72,58" hai1="34,73,50,123,48,108,19,71,127,103,22,5,86" hai2="120,12,54,56,39,126,10,115,117,53,107,11,63" hai3="40,125,105,66,81,41,7,64,47,76,128,69,122"/><U95/><E123/><V133/><F107/><W96/><G122/><T94/><D112/><U42/><E73/><V67/><F120/><W32/><G32/><T29/><D110/><U119/><E119/><V80/><F39/><W74/><G69/><T0/><D0/><U61/><E34/><V3/><F117/><W21/><G128/><T2/><D2/><U100/><E127/><V15/><F3/><W92/><G105/><T13/><D106/><U111/><E5/><V90/><F133/><W132/><G7/><T38/><D38/><U23/><E86/><N who="2" m="50503" /><F126/><W30/><G132/><T25/><D70/><U121/><E121/><V44/><F44/><W93/><G93/><T37/><D58/><U57/><E71/><V8/><F115/><W78/><G78/><T101/><D37/><U83/><E83/><V49/><F49/><N who="1" m="19049" /><E42/><V68/><F68/><W87/><G74/><T51/><D51/><U33/><E33/><V36/><F36/><W6/><G6/><T104/><D72/><U28/><E111/><V116/><F116/><W77/><G125/><T130/><D130/><U16/><E108/><V52/><AGARI ba="2,1" hai="8,10,11,12,15,52,53,54,56,63,67" m="50503" machi="52" ten="30,4000,0" yaku="8,1,52,1,54,1" doraHai="60" who="2" fromWho="2" sc="240,-12,290,-22,140,56,320,-12" /><INIT seed="2,0,0,5,0,65" ten="228,268,196,308" oya="2" hai0="133,31,9,60,101,90,16,42,11,130,41,126,104" hai1="113,131,22,14,6,32,78,120,39,53,61,73,106" hai2="85,99,121,0,108,132,7,21,23,127,62,26,12" hai3="100,107,118,50,25,56,19,68,84,8,81,57,125"/><V91/><F121/><W92/><G107/><T66/><D31/><U112/><E32/><V37/><F37/><W47/><G118/><T20/><D133/><U40/><E106/><V54/><F0/><W76/><G68/><T33/><D33/><U75/><E120/><V43/><F43/><W128/><G128/><T70/><D130/><U96/><E131/><V51/><F127/><W38/><G38/><T35/><D35/><U116/><E75/><V134/><F62/><W59/><G125/><T98/><D90/><U30/><E112/><V122/><F99/><N who="3" m="59495" /><G25/><T86/><D86/><U28/><E73/><V67/><F67/><W64/><G64/><T94/><D104/><U49/><E113/><V95/><F122/><W105/><G105/><T15/><REACH who="0" step="1"/><D126/><REACH who="0" ten="218,268,196,308" step="2"/><U114/><E114/><V58/><F108/><W17/><G8/><AGARI ba="0,1" hai="8,9,11,15,16,20,41,42,60,66,70,94,98,101" machi="8" ten="40,8000,1" yaku="1,1,2,1,52,1,54,1,53,1" doraHai="65" doraHaiUra="63" who="0" fromWho="3" sc="218,90,268,0,196,0,308,-80" /><INIT seed="3,0,0,4,1,89" ten="308,268,196,228" oya="3" hai0="19,49,131,121,37,118,10,24,42,66,98,20,65" hai1="22,87,59,21,61,38,56,135,107,0,125,46,33" hai2="84,119,51,99,15,88,110,83,16,117,106,50,69" hai3="93,82,9,123,122,32,74,81,128,2,54,70,17"/><W48/><G70/><T109/><D118/><U105/><E33/><V44/><F69/><W115/><G32/><T12/><D121/><U80/><E0/><V95/><F106/><W67/><G115/><T25/><D37/><U79/><E135/><V124/><F124/><W90/><G67/><T104/><D109/><U130/><E125/><V103/><F110/><W116/><G116/><T86/><D131/><U133/><E133/><V30/><F30/><W52/><G128/><T27/><D86/><U71/><E71/><V78/><F51/><W91/><G2/><T7/><D104/><U29/><E130/><V132/><F132/><W43/><G74/><T97/><D66/><U26/><E22/><V53/><F78/><W28/><G28/><T5/><D65/><U34/><E34/><V1/><F1/><W45/><G122/><T77/><D77/><U39/><E39/><V68/><F68/><W11/><G123/><T101/><D101/><U75/><E75/><V100/><F100/><W55/><G91/><T94/><D20/><AGARI ba="0,0" hai="15,16,20,44,50,53,83,84,88,95,99,103,117,119" machi="20" ten="30,7700,0" yaku="7,1,52,1,54,2" doraHai="89" who="2" fromWho="0" sc="308,-77,268,0,196,77,228,0" /><INIT seed="4,0,0,1,1,42" ten="231,268,273,228" oya="0" hai0="50,81,126,88,52,91,67,73,39,118,120,75,55" hai1="65,46,27,51,21,4,0,44,109,15,116,20,94" hai2="121,24,6,61,41,124,14,79,32,119,64,29,26" hai3="113,9,8,58,11,122,104,54,117,17,31,110,105"/><T45/><D118/><U19/><E116/><V89/><F119/><W101/><G117/><RYUUKYOKU type="kaze4" ba="0,0" sc="231,0,268,0,273,0,228,0" /><INIT seed="4,1,0,4,5,109" ten="231,268,273,228" oya="0" hai0="16,15,52,11,98,51,128,36,54,19,0,7,81" hai1="83,92,24,80,125,108,114,64,115,112,124,95,82" hai2="18,79,22,63,47,123,90,68,99,10,103,31,96" hai3="73,26,101,3,38,67,110,119,59,134,4,78,66"/><T129/><D36/><U107/><E108/><V87/><F123/><W40/><G119/><T97/><D81/><U6/><E107/><V21/><F79/><W70/><G70/><T42/><D42/><U17/><E6/><V55/><F31/><W105/><G26/><T12/><D0/><U45/><E64/><V37/><F37/><W39/><G39/><T71/><D71/><U135/><E45/><V53/><F68/><W69/><G59/><T94/><D7/><U50/><E50/><V132/><F55/><W27/><G27/><T61/><D61/><U46/><E46/><V86/><F86/><W41/><G41/><T23/><D54/><U44/><E44/><V35/><F35/><W93/><G105/><T120/><D120/><U89/><E135/><V127/><F127/><N who="1" m="48713" /><E89/><V62/><F132/><W9/><G69/><T60/><D60/><U122/><E122/><V104/><F62/><W102/><G110/><T72/><D72/><U58/><E58/><V118/><F63/><W20/><G134/><T133/><D133/><U56/><E56/><V8/><F104/><W5/><G5/><T65/><D65/><U126/><N who="1" m="48721" /><U131/><DORA hai="14" /><E131/><N who="0" m="50249" /><D94/><U43/><E43/><V29/><F53/><W121/><G121/><T57/><AGARI ba="1,0" hai="11,12,15,16,19,23,51,52,57,97,98" m="50249" machi="57" ten="30,12000,1" yaku="19,1,52,2,54,2" doraHai="109,14" who="0" fromWho="0" sc="231,123,268,-41,273,-41,228,-41" /><INIT seed="4,2,0,1,5,2" ten="354,227,232,187" oya="0" hai0="73,109,113,15,14,11,93,130,33,97,43,91,41" hai1="116,18,75,7,133,48,34,119,24,65,58,1,71" hai2="72,45,6,35,9,37,117,102,129,107,20,53,134" hai3="19,49,127,135,92,55,105,78,79,25,67,94,106"/><T132/><D33/><U56/><E75/><V89/><F35/><W82/><G106/><T62/><D73/><U57/><E133/><V90/><F102/><W40/><G105/><T95/><D132/><U28/><E65/><V122/><F107/><W80/><G40/><T85/><D113/><U101/><E71/><V50/><F134/><W21/><G127/><T103/><D130/><U10/><E101/><V3/><F122/><W86/><G67/><T87/><D109/><U8/><E8/><V96/><F96/><W88/><G135/><T124/><D124/><U70/><E70/><V4/><F37/><W128/><G128/><T27/><D27/><U54/><REACH who="1" step="1"/><E18/><REACH who="1" ten="354,217,232,187" step="2"/><V63/><F72/><W115/><G115/><T74/><D74/><U36/><E36/><V39/><F39/><W77/><REACH who="3" step="1"/><G94/><REACH who="3" ten="354,217,232,177" step="2"/><T112/><D112/><U120/><E120/><V61/><F129/><W52/><G52/><T64/><D95/><U42/><E42/><V121/><F53/><W46/><AGARI ba="2,2" hai="19,21,25,46,49,55,77,78,79,80,82,86,88,92" machi="46" ten="30,7900,0" yaku="1,1,0,1,8,1,54,1,53,0" doraHai="2" doraHaiUra="123" who="3" fromWho="3" sc="354,-41,217,-22,232,-22,177,105" /><INIT seed="5,0,0,2,4,89" ten="313,195,210,282" oya="1" hai0="57,34,9,102,14,46,131,82,108,98,85,15,135" hai1="113,60,4,103,74,101,132,114,45,110,48,77,39" hai2="87,3,75,95,76,83,50,12,53,71,51,10,56" hai3="129,130,79,133,41,54,35,36,106,65,8,58,116"/><U127/><E39/><V121/><F71/><W31/><G106/><T73/><D73/><U119/><E119/><V30/><F3/><W134/><G79/><T21/><D34/><U68/><E132/><N who="3" m="50794" /><G8/><T120/><D135/><U2/><E127/><V111/><F111/><W55/><G31/><T17/><D108/><U78/><E110/><V26/><F121/><W67/><G35/><T91/><D131/><N who="3" m="50185" /><G116/><T97/><D120/><U40/><E78/><V62/><F75/><W112/><G112/><N who="1" m="43114" /><E77/><V22/><REACH who="2" step="1"/><F95/><REACH who="2" ten="313,195,200,282" step="2"/><W117/><G117/><T37/><D82/><U81/><E81/><V52/><F52/><W64/><G54/><T80/><D80/><U49/><E74/><V59/><F59/><W13/><G55/><T11/><D57/><U86/><E2/><V94/><F94/><W99/><G58/><T43/><D43/><U23/><E40/><V72/><F72/><W33/><G41/><T29/><D46/><U63/><E45/><V88/><F88/><W0/><G0/><T92/><D91/><U126/><E68/><V109/><F109/><W5/><G65/><T107/><D92/><U118/><E118/><V105/><F105/><W66/><G66/><T96/><D107/><U6/><E103/><V122/><F122/><W90/><G67/><T7/><D102/><U84/><E101/><V18/><AGARI ba="0,1" hai="10,12,18,22,26,30,50,51,53,56,62,76,83,87" machi="18" ten="20,5200,0" yaku="1,1,0,1,7,1,8,1,53,0" doraHai="89" doraHaiUra="93" who="2" fromWho="2" sc="313,-13,195,-26,200,62,282,-13" /><INIT seed="6,0,0,2,5,7" ten="300,169,262,269" oya="2" hai0="86,54,68,66,39,75,73,104,2,28,27,124,88" hai1="58,80,19,130,32,31,105,60,14,65,43,135,10" hai2="103,122,11,79,102,132,116,18,109,110,101,44,126" hai3="55,6,49,97,72,0,87,69,30,22,115,117,112"/><V76/><F122/><W128/><G72/><T92/><D2/><U5/><E105/><V119/><F44/><W20/><G69/><T29/><D39/><U129/><E135/><V91/><F11/><N who="3" m="2503" /><G117/><N who="2" m="45129" /><F18/><W108/><G108/><N who="2" m="41577" /><F132/><W12/><G30/><T9/><D9/><U93/><E43/><V25/><F25/><W95/><G87/><T45/><D86/><U4/><E80/><V106/><F126/><W36/><G36/><T23/><D29/><U99/><E31/><V113/><F113/><W94/><G12/><T85/><D124/><U1/><E32/><V26/><F26/><W90/><G112/><T121/><D27/><U77/><E77/><N who="2" m="29771" /><F91/><W3/><G3/><T84/><D88/><N who="1" m="55719" /><E1/><V13/><F13/><W89/><G115/><T98/><D28/><U52/><E65/><V53/><F53/><W131/><G22/><T41/><D23/><U50/><E50/><V40/><F40/><W118/><G20/><T48/><D54/><U35/><E35/><V127/><F127/><W15/><G15/><T16/><D48/><U62/><E62/><V17/><F17/><W57/><G118/><T71/><D16/><U61/><E60/><V96/><AGARI ba="0,0" hai="96,101,102,103,106" m="29771,41577,45129" machi="96" ten="40,7800,0" yaku="10,1,34,2" doraHai="7" who="2" fromWho="2" sc="300,-26,169,-26,262,78,269,-26" /><INIT seed="6,1,0,4,1,72" ten="274,143,340,243" oya="2" hai0="133,110,79,87,71,37,107,34,81,126,5,29,4" hai1="60,45,82,23,13,68,49,48,76,56,64,31,40" hai2="18,57,131,20,99,86,73,59,118,44,67,84,65" hai3="123,62,108,42,106,77,96,128,11,12,104,66,94"/><V52/><F73/><W105/><G108/><T95/><D110/><U103/><E103/><V35/><F35/><W97/><G123/><T78/><D107/><U115/><E115/><V61/><F131/><W111/><G111/><T112/><D71/><U54/><E31/><V70/><F70/><W85/><G42/><T92/><D37/><U51/><E23/><V21/><F21/><W38/><G38/><T98/><D112/><U130/><E13/><V90/><F44/><W101/><G128/><T32/><D133/><U53/><E130/><V120/><F120/><W125/><G125/><T25/><D126/><U17/><E17/><V83/><F86/><W132/><G132/><T116/><D116/><U19/><E19/><V8/><F8/><W47/><G47/><T80/><D34/><U30/><E30/><V119/><F67/><W50/><G11/><T122/><D122/><U134/><E134/><V63/><F99/><W129/><G97/><T15/><D15/><AGARI ba="1,0" hai="15,18,20,52,57,59,61,63,65,83,84,90,118,119" machi="15" ten="30,2900,0" yaku="7,1,54,1" doraHai="72" who="2" fromWho="0" sc="274,-32,143,0,340,32,243,0" /><INIT seed="6,2,0,3,2,71" ten="242,143,372,243" oya="2" hai0="113,129,19,135,98,31,22,100,95,102,10,32,90" hai1="68,76,99,56,26,116,126,21,79,132,3,104,7" hai2="15,86,17,130,64,105,97,29,16,44,2,1,89" hai3="84,134,12,35,5,82,69,46,34,115,30,49,83"/><V119/><F29/><W80/><G69/><T107/><D113/><U57/><E116/><V25/><F64/><W94/><G115/><T60/><D135/><U36/><E68/><V101/><F130/><W88/><G134/><T125/><D129/><U42/><E132/><V9/><F44/><W58/><G58/><T54/><D125/><U123/><E126/><V103/><F103/><N who="0" m="39466" /><D32/><U92/><E104/><V124/><F124/><W109/><G109/><T65/><D107/><U23/><E123/><V117/><F1/><W50/><G30/><T14/><D65/><U127/><E127/><V67/><F67/><W59/><G59/><N who="0" m="34935" /><D31/><U91/><E56/><V66/><F2/><W111/><G111/><T8/><AGARI ba="2,0" hai="8,10,14,19,22,90,95,98" m="34935,39466" machi="8" ten="30,1100,0" yaku="8,1" doraHai="71" who="0" fromWho="0" sc="242,17,143,-5,372,-7,243,-5" /><INIT seed="7,0,0,1,3,4" ten="259,138,365,238" oya="3" hai0="84,99,7,10,67,105,97,93,27,58,103,75,125" hai1="124,2,130,1,36,118,49,74,8,94,60,102,117" hai2="46,106,71,21,20,91,19,77,0,62,57,26,51" hai3="11,55,54,29,9,101,3,100,14,24,52,33,126"/><W47/><G126/><T68/><D75/><U135/><E36/><V53/><F0/><W89/><G47/><T78/><D68/><U65/><E74/><V120/><F106/><W121/><G121/><T40/><D40/><U79/><E79/><V38/><F77/><W39/><G39/><T98/><D125/><U88/><E124/><V104/><F104/><W59/><G59/><T83/><D27/><U30/><E102/><V50/><F50/><W131/><G131/><T111/><D111/><U85/><E130/><V122/><F21/><W72/><G72/><T108/><D108/><U123/><E123/><V92/><F71/><W134/><G134/><T129/><D129/><U5/><E135/><V90/><F90/><W25/><G25/><T63/><D105/><U12/><E30/><V133/><F38/><W18/><REACH who="3" step="1"/><G89/><REACH who="3" ten="259,138,365,228" step="2"/><T17/><D58/><U61/><E49/><V109/><F133/><W41/><G41/><T76/><D76/><U34/><E34/><V64/><F109/><W127/><G127/><T16/><D78/><U107/><E61/><V42/><F64/><W86/><G86/><T22/><D67/><U112/><E112/><V87/><AGARI ba="0,1" hai="19,20,26,42,46,51,53,57,62,87,91,92,120,122" machi="87" ten="30,1100,0" yaku="0,1" doraHai="4" who="2" fromWho="2" sc="259,-3,138,-3,365,21,228,-5" owari="256,6.0,135,-36.0,386,48.0,223,-18.0" /></mjloggm>