<mjloggm ver="2.3"><GO type="97" lobby="0"/><UN n0="%62%61%6A%69%2D%6E%61" n1="%E4%BA%BA%E5%92%8C" n2="%E6%B5%B7%E5%BA%95%E3%81%AE%E3%83%88%E3%82%B7" n3="%E5%B0%B1%E6%B4%BB%E7%94%9F%40%E5%B7%9D%E6%9D%91%E8%BB%8D%E5%9B%A3" dan="14,15,13,14" rate="1970.10,1950.72,1827.51,1943.22" sx="M,M,M,M"/><TAIKYOKU oya="0"/><INIT seed="0,0,0,1,0,68" ten="250,250,250,250" oya="0" hai0="135,80,72,122,94,104,95,76,101,36,79,57,32" hai1="86,109,40,14,54,21,65,1,105,20,58,97,50" hai2="106,38,0,19,99,100,73,44,77,85,83,121,82" hai3="4,9,107,110,34,116,33,103,112,115,27,119,129"/><T90/><D36/><U45/><E109/><V10/><F121/><W18/><G107/><T124/><D32/><N who="3" m="12393" /><G103/><T125/><D57/><U113/><E1/><V17/><F0/><N who="3" m="135" /><G110/><T23/><D23/><U63/><E113/><N who="3" m="43594" /><G129/><T25/><D25/><U37/><E14/><V133/><F10/><W117/><G27/><T126/><D122/><U118/><E118/><N who="3" m="30210" /><W87/><DORA hai="88" /><G87/><N who="0" m="52575" /><D135/><U2/><E2/><V46/><F38/><W53/><G53/><T60/><D60/><U67/><E65/><V7/><F106/><W43/><G43/><T70/><D70/><N who="1" m="42367" /><E86/><V78/><F100/><AGARI ba="0,0" hai="20,21,37,40,45,50,54,58,97,100,105" m="42367" machi="100" ten="30,2000,0" yaku="24,1,52,1" doraHai="68,88" who="1" fromWho="2" sc="250,0,250,20,250,-20,250,0" /><INIT seed="1,0,0,2,5,69" ten="250,270,230,250" oya="1" hai0="111,97,83,53,56,40,82,118,23,128,76,119,78" hai1="113,45,25,68,108,135,28,86,4,121,27,104,110" hai2="3,33,90,91,62,17,95,89,43,11,65,9,129" hai3="5,61,41,34,127,112,63,29,66,24,72,106,14"/><U77/><E113/><V31/><F129/><W67/><G106/><T84/><D128/><U73/><E121/><V10/><F3/><W59/><G72/><T58/><D111/><N who="1" m="42539" /><E104/><V105/><F105/><W92/><G112/><T50/><D40/><U52/><E68/><V81/><F81/><W120/><G120/><T134/><D134/><U80/><E4/><V18/><F43/><W60/><G127/><T71/><D71/><U87/><E135/><V101/><F33/><W85/><G41/><T26/><D97/><U55/><E45/><V70/><F31/><W96/><G85/><N who="1" m="32266" /><E25/><V8/><N who="2" m="2560" /><DORA hai="49" /><V123/><REACH who="2" step="1"/><F123/><REACH who="2" ten="250,270,220,250" step="2"/><W54/><G5/><T117/><D58/><U93/><E93/><V44/><F44/><W47/><G14/><T130/><D130/><U46/><E46/><V35/><F35/><AGARI ba="0,1" hai="27,28,35,52,55,73,77,80" m="32266,42539" machi="35" ten="30,12000,1" yaku="14,1,10,1,52,2,54,1" doraHai="69,49" who="1" fromWho="2" sc="250,0,270,130,220,-120,250,0" /><INIT seed="1,1,0,5,1,9" ten="250,400,100,250" oya="1" hai0="49,52,8,70,23,22,68,113,116,31,62,89,75" hai1="118,57,110,74,1,36,45,106,53,61,77,126,46" hai2="50,94,18,82,120,115,92,105,44,40,90,66,95" hai3="35,97,79,12,104,58,93,48,98,63,10,135,81"/><U101/><E118/><V43/><F105/><W123/><G123/><T121/><D116/><U71/><E126/><V28/><F28/><W73/><G135/><T38/><D38/><U111/><E1/><V3/><F3/><W15/><G35/><T7/><D113/><U54/><E71/><V64/><F120/><W80/><G104/><T117/><D117/><U127/><E127/><V99/><F115/><W0/><G48/><T86/><D75/><U33/><E33/><V102/><F82/><W96/><G80/><T133/><D133/><U119/><E119/><V24/><F43/><W108/><G108/><N who="1" m="41514" /><E36/><V47/><F47/><N who="1" m="17929" /><E77/><V91/><F24/><W72/><G72/><T19/><D121/><U25/><E25/><V124/><F124/><W134/><G134/><T100/><D100/><U30/><E30/><V59/><F18/><W129/><G129/><T6/><D31/><U132/><E74/><V56/><F102/><W16/><G0/><T13/><D7/><U26/><E26/><V67/><REACH who="2" step="1"/><F99/><REACH who="2" ten="250,400,90,250" step="2"/><W122/><G122/><T42/><D42/><U109/><E109/><V84/><F84/><N who="3" m="48191" /><G15/><T29/><D29/><U131/><E132/><V65/><N who="2" m="16896" /><DORA hai="14" /><V34/><F34/><W37/><G73/><T32/><D32/><U2/><E2/><V69/><F69/><W88/><G37/><T17/><D70/><U125/><E125/><V85/><F85/><W27/><G27/><T60/><D68/><U78/><E131/><V128/><F128/><W21/><G10/><T112/><D112/><U76/><E54/><AGARI ba="1,1" hai="12,16,21,54,58,63,88,93,96,97,98" m="48191" machi="54" ten="30,8000,1" yaku="8,1,52,2,54,2" doraHai="9,14" who="3" fromWho="1" sc="250,0,400,-83,90,0,250,93" /><INIT seed="2,0,0,3,2,9" ten="250,317,90,343" oya="2" hai0="81,25,63,112,94,78,134,98,1,121,34,59,11" hai1="68,17,23,24,77,133,118,12,20,106,44,120,10" hai2="93,46,105,101,33,15,21,90,57,80,3,135,66" hai3="125,74,67,100,87,60,129,6,28,115,32,113,107"/><V109/><F33/><W51/><G74/><T82/><D121/><U5/><E120/><V104/><F3/><W54/><G125/><T36/><D36/><U41/><E118/><V117/><F117/><W45/><G129/><T86/><D112/><N who="3" m="43081" /><G6/><T47/><D134/><U84/><E106/><V49/><F135/><W0/><G0/><T110/><D110/><U111/><E68/><V38/><F38/><W31/><G32/><T52/><D47/><U92/><E111/><V62/><F109/><W29/><G87/><T122/><D122/><U8/><E133/><V61/><F101/><W70/><G100/><T19/><D82/><N who="1" m="47183" /><E10/><V123/><F80/><W116/><G116/><T18/><D1/><U130/><E130/><V37/><F37/><W96/><G96/><T53/><D34/><U69/><E69/><V88/><F123/><W128/><G128/><T22/><D53/><U42/><E23/><V56/><F90/><W75/><G75/><T103/><REACH who="0" step="1"/><D11/><REACH who="0" ten="240,317,90,343" step="2"/><U95/><E44/><V89/><F105/><AGARI ba="0,1" hai="28,29,31,45,51,54,60,67,70,105,107" m="43081" machi="105" ten="30,1000,0" yaku="11,1" doraHai="9" who="3" fromWho="2" sc="240,0,317,0,90,-10,343,20" /><INIT seed="3,0,0,4,5,66" ten="240,317,80,363" oya="3" hai0="29,9,111,88,59,131,89,113,122,97,109,39,130" hai1="101,64,82,3,11,129,81,126,121,112,20,90,124" hai2="85,84,41,7,102,55,16,120,117,105,83,118,63" hai3="67,56,76,43,45,10,54,4,8,74,19,77,125"/><W116/><G116/><T37/><D122/><U104/><E121/><V86/><F120/><W53/><G125/><N who="1" m="48234" /><E3/><V92/><F41/><W22/><G67/><T31/><D9/><U50/><E11/><N who="3" m="4138" /><G74/><T98/><REACH who="0" step="1"/><D59/><REACH who="0" ten="230,317,80,363" step="2"/><U5/><E112/><AGARI ba="0,1" hai="29,31,37,39,88,89,97,98,109,111,112,113,130,131" machi="112" ten="25,12000,2" yaku="1,1,2,1,22,2,54,1,53,2" doraHai="66" doraHaiUra="93" who="0" fromWho="1" sc="230,130,317,-120,80,0,363,0" owari="360,16.0,197,-20.0,80,-42.0,363,46.0" /></mjloggm>