<mjloggm ver="2.3"><GO type="41" lobby="0"/><UN n0="%E5%B0%B1%E6%B4%BB%E7%94%9F%40%E5%B7%9D%E6%9D%91%E8%BB%8D%E5%9B%A3" n1="%E3%81%95%E3%82%93%E3%81%94%E3%81%8F" n2="%E3%81%B9%E3%81%9F%E3%81%8A%E3%82%8A%E3%81%8F%E3%82%93" n3="%73%69%6E%31%31%32%35" dan="13,15,14,13" rate="1880.48,2014.26,1956.64,1902.24" sx="M,M,M,M"/><TAIKYOKU oya="0"/><INIT seed="0,0,0,1,2,74" ten="250,250,250,250" oya="0" hai0="6,73,9,41,84,10,15,60,30,78,117,83,113" hai1="76,130,133,107,51,102,96,131,47,5,112,128,135" hai2="94,42,97,46,129,65,70,100,123,110,36,105,120" hai3="20,111,2,22,58,63,92,61,95,71,18,39,93"/><T125/><D113/><U25/><E5/><V88/><F129/><W29/><G39/><T23/><D117/><U81/><E25/><V72/><F110/><W91/><G111/><T7/><D125/><U116/><E51/><V109/><F109/><W26/><G2/><T99/><D41/><U115/><E47/><V35/><F35/><W86/><G71/><T90/><D99/><U48/><E48/><V54/><F72/><W134/><G134/><N who="1" m="51210" /><E116/><V124/><F124/><W24/><REACH who="3" step="1"/><G63/><REACH who="3" ten="250,250,250,240" step="2"/><T4/><D60/><U21/><E21/><V118/><F118/><W3/><G3/><T50/><D50/><U98/><E98/><V108/><F108/><W103/><G103/><T17/><REACH who="0" step="1"/><D30/><REACH who="0" ten="240,250,250,240" step="2"/><U31/><E31/><V13/><F97/><W64/><AGARI ba="0,2" hai="18,20,22,24,26,29,58,61,64,86,91,92,93,95" machi="64" ten="20,5200,0" yaku="1,1,0,1,7,1,8,1,53,0" doraHai="74" doraHaiUra="101" who="3" fromWho="3" sc="240,-26,250,-13,250,-13,240,72" /><INIT seed="1,0,0,2,5,105" ten="214,237,237,312" oya="1" hai0="104,62,25,110,89,97,17,135,113,94,16,75,4" hai1="45,65,112,31,109,66,42,115,8,129,56,131,64" hai2="27,5,19,130,13,82,21,117,15,128,72,57,18" hai3="47,9,85,51,52,0,95,2,55,60,77,53,125"/><U67/><E31/><V34/><F117/><W90/><G125/><T14/><D113/><U23/><E23/><V101/><F101/><W26/><G26/><T122/><D122/><U120/><E120/><V83/><F83/><W91/><G77/><T61/><D135/><U92/><E8/><V134/><F134/><W80/><G2/><T108/><D75/><U71/><E71/><V132/><F132/><W88/><G0/><T98/><D25/><U11/><E11/><V73/><F34/><W123/><G123/><T41/><D41/><U111/><E92/><V74/><F82/><W81/><G9/><T93/><D104/><U6/><E56/><V68/><F68/><W87/><G60/><T133/><D133/><U76/><E76/><V43/><F43/><W127/><G127/><T12/><REACH who="0" step="1"/><D89/><REACH who="0" ten="204,237,237,312" step="2"/><U22/><E115/><V70/><F70/><W58/><REACH who="3" step="1"/><G47/><REACH who="3" ten="204,237,237,302" step="2"/><T32/><D32/><U30/><E112/><V121/><F121/><W54/><G54/><T1/><D1/><U100/><E67/><V46/><F46/><W96/><AGARI ba="0,2" hai="51,52,53,55,58,80,81,85,87,88,90,91,95,96" machi="96" ten="20,16000,3" yaku="1,1,0,1,7,1,9,1,8,1,54,2,53,3" doraHai="105" doraHaiUra="84" who="3" fromWho="3" sc="204,-40,237,-80,237,-40,302,180" /><INIT seed="2,0,0,4,0,21" ten="164,157,197,482" oya="2" hai0="118,15,116,9,124,121,18,133,57,5,115,102,79" hai1="37,23,34,8,52,61,69,72,45,3,76,60,64" hai2="20,11,101,87,122,99,42,58,83,24,104,114,123" hai3="27,74,0,128,2,30,131,91,129,68,55,39,65"/><V117/><F117/><W19/><G55/><T56/><D115/><U40/><E34/><V109/><F114/><W119/><G91/><T125/><D79/><U90/><E90/><V132/><F132/><W53/><G53/><T88/><D102/><U62/><E23/><V13/><F109/><W110/><G119/><N who="0" m="45611" /><D121/><U78/><E78/><V70/><F70/><W67/><G67/><T54/><D133/><U47/><E47/><V46/><F58/><W120/><G120/><T97/><D5/><N who="1" m="1087" /><E52/><V113/><F113/><W134/><G19/><T35/><D35/><U111/><E111/><V92/><F104/><W130/><G134/><T135/><D135/><U14/><E14/><V105/><F105/><W10/><G110/><T17/><D17/><U82/><AGARI ba="0,0" hai="37,40,45,60,61,62,64,69,72,76,82" m="1087" machi="82" ten="30,1100,0" yaku="25,1" doraHai="21" who="1" fromWho="1" sc="164,-3,157,11,197,-5,482,-3" /><INIT seed="3,0,0,0,5,83" ten="161,168,192,479" oya="3" hai0="51,27,88,53,75,97,114,84,91,123,20,134,85" hai1="38,46,104,60,122,93,90,24,113,62,64,99,78" hai2="19,74,63,131,47,36,69,35,133,56,120,32,135" hai3="54,34,132,41,3,101,108,129,89,21,45,130,111"/><W118/><G3/><T2/><D2/><U125/><E122/><V49/><F120/><W77/><G34/><T26/><D134/><U12/><E113/><V86/><F74/><W28/><G118/><T43/><D123/><U0/><E0/><V82/><F131/><N who="3" m="50187" /><G132/><T121/><D121/><U18/><E24/><V7/><F7/><W10/><G77/><T65/><D75/><U22/><E78/><V39/><F39/><W124/><G101/><T11/><D114/><U102/><E64/><V55/><F19/><W119/><G119/><T16/><D65/><U31/><E125/><V81/><F81/><W128/><G124/><T25/><D43/><U76/><E31/><V6/><F6/><W66/><G66/><T67/><D67/><U72/><E38/><V14/><F69/><W17/><G28/><T5/><D97/><U58/><E46/><V92/><F36/><N who="3" m="21671" /><G54/><T73/><D73/><U52/><E76/><V4/><F133/><W96/><G10/><T106/><D106/><U95/><E104/><V98/><F135/><W107/><G107/><T105/><D105/><U80/><E80/><V68/><F68/><W30/><G30/><T100/><D100/><U61/><E72/><V71/><F71/><W117/><G117/><T48/><D11/><U109/><E109/><N who="3" m="42058" /><G96/><AGARI ba="0,0" hai="12,18,22,52,58,60,61,62,90,93,95,96,99,102" machi="96" ten="30,3900,0" yaku="7,1,8,1,54,1" doraHai="83" who="1" fromWho="3" sc="161,0,168,39,192,0,479,-39" /><INIT seed="4,0,0,3,1,122" ten="161,207,192,440" oya="0" hai0="64,113,44,58,87,119,53,83,127,134,62,55,3" hai1="66,7,116,96,67,106,46,59,72,105,9,20,93" hai2="99,73,49,38,108,74,112,117,26,13,1,30,84" hai3="0,28,88,41,123,60,8,18,107,22,118,57,21"/><T25/><D119/><U110/><E72/><V114/><F38/><W126/><G107/><T6/><D113/><U78/><E78/><V109/><F1/><W35/><G123/><T77/><D127/><U34/><E34/><V4/><F117/><W131/><G118/><T97/><D134/><U129/><E116/><V19/><F4/><W32/><G126/><T100/><D25/><U120/><E46/><V90/><F99/><W85/><G41/><T133/><D133/><U31/><E67/><V91/><F49/><W68/><G68/><T82/><D82/><U101/><E120/><V17/><F13/><W103/><G103/><T16/><D6/><U65/><E65/><V10/><F10/><W92/><G0/><T40/><D3/><U11/><E11/><V76/><F76/><W98/><G28/><T75/><D75/><N who="2" m="28682" /><F84/><W39/><G39/><T12/><D44/><U51/><E51/><V121/><F121/><W70/><G70/><T102/><D40/><U54/><E106/><V14/><F14/><W81/><G32/><T130/><D130/><U45/><E105/><V71/><F71/><W42/><G42/><T37/><D37/><U111/><E129/><V95/><F95/><W52/><G35/><T86/><D86/><U27/><E45/><V47/><F47/><W115/><G115/><N who="2" m="44073" /><F26/><W104/><G104/><T50/><D50/><U69/><E69/><V43/><F43/><W2/><G131/><T63/><D97/><U5/><E5/><V89/><F30/><W29/><G29/><T79/><D79/><U132/><E31/><V135/><F135/><RYUUKYOKU ba="0,0" sc="161,-10,207,-10,192,30,440,-10" hai2="17,19,89,90,91,108,109" /><INIT seed="5,1,0,2,0,92" ten="151,197,222,430" oya="1" hai0="22,31,132,44,88,27,60,78,16,93,58,79,18" hai1="5,76,102,67,23,10,75,87,89,125,106,82,42" hai2="54,40,100,2,55,129,81,103,94,38,11,135,8" hai3="1,50,73,59,114,107,134,20,130,30,68,77,83"/><U46/><E125/><V7/><F135/><W13/><G68/><T28/><D132/><U109/><E67/><V69/><F69/><W128/><G1/><T86/><D44/><U53/><E53/><V48/><F129/><N who="3" m="49771" /><G134/><T12/><D18/><U97/><E23/><V51/><F38/><W118/><G118/><T37/><D37/><U4/><E109/><V49/><F40/><W21/><G50/><T43/><D43/><U122/><E10/><V120/><F120/><W34/><G59/><T96/><D86/><U80/><E122/><V29/><F29/><N who="0" m="11338" /><D12/><U32/><REACH who="1" step="1"/><E32/><REACH who="1" ten="151,187,222,430" step="2"/><V66/><F66/><AGARI ba="1,1" hai="16,22,27,58,60,66,78,79,88,93,96" m="11338" machi="66" ten="30,7700,0" yaku="8,1,52,1,54,2" doraHai="92" who="0" fromWho="2" sc="151,90,187,0,222,-80,430,0" /><INIT seed="6,0,0,4,4,30" ten="241,187,142,430" oya="2" hai0="0,125,133,126,20,52,42,26,23,91,28,98,64" hai1="119,134,10,95,55,103,123,87,56,83,47,73,102" hai2="7,48,130,65,35,132,99,105,89,80,38,70,4" hai3="88,77,27,79,117,44,93,112,96,21,106,39,5"/><V94/><F38/><W81/><G117/><T11/><D42/><U36/><E119/><V8/><F132/><W18/><G5/><N who="0" m="1447" /><D64/><U24/><E134/><V121/><F121/><W76/><G112/><T62/><D133/><U12/><E123/><V111/><F111/><W2/><G2/><T82/><D82/><U46/><E73/><V43/><F7/><W104/><G39/><T60/><D23/><U50/><E95/><V58/><F35/><W127/><G127/><N who="0" m="48651" /><D52/><U49/><E24/><V107/><F130/><W9/><G44/><T131/><D131/><U31/><E31/><V101/><F80/><W54/><G54/><T67/><D67/><U66/><E66/><V71/><F105/><W129/><G129/><T13/><D13/><U22/><E22/><V122/><F122/><W29/><G106/><T45/><D45/><U109/><E36/><V110/><F110/><W97/><G104/><T51/><D51/><U57/><E109/><V92/><F107/><W63/><G63/><T68/><D68/><U113/><E113/><V53/><F43/><W15/><REACH who="3" step="1"/><G97/><REACH who="3" ten="241,187,142,420" step="2"/><T34/><D62/><U100/><E47/><V120/><F120/><W17/><G17/><T61/><D60/><U6/><REACH who="1" step="1"/><E50/><REACH who="1" ten="241,177,142,420" step="2"/><V90/><F65/><W85/><AGARI ba="0,2" hai="9,15,18,21,27,29,76,77,79,81,85,88,93,96" machi="85" ten="20,8000,1" yaku="1,1,0,1,7,1,8,1,54,1,53,0" doraHai="30" doraHaiUra="135" who="3" fromWho="3" sc="241,-20,177,-20,142,-40,420,100" /><INIT seed="7,0,0,2,0,70" ten="221,157,102,520" oya="3" hai0="42,26,38,36,97,103,41,58,74,56,102,123,111" hai1="21,130,126,35,62,14,9,67,105,122,69,28,114" hai2="24,65,54,129,4,31,5,30,107,66,61,117,63" hai3="22,113,15,25,64,20,46,92,68,1,89,85,2"/><W8/><G22/><T57/><D74/><U34/><E122/><V79/><F117/><W124/><G113/><T18/><D123/><U27/><E114/><V47/><F129/><W77/><G77/><T73/><D73/><U109/><E109/><V55/><F107/><W135/><G124/><T132/><D132/><U23/><E35/><V110/><F110/><W96/><G68/><T86/><D111/><U29/><E29/><V71/><F79/><W106/><G64/><T94/><D102/><U37/><E126/><V101/><F71/><W81/><G106/><T83/><D38/><U115/><E115/><V91/><F47/><W87/><G87/><T112/><D36/><U127/><E127/><V3/><F3/><W120/><G46/><T82/><D82/><U0/><E0/><V134/><F134/><W84/><G84/><T50/><D50/><U12/><E37/><V44/><F44/><W53/><G53/><T75/><D75/><U116/><E130/><V131/><F131/><W43/><G43/><T125/><D125/><U118/><E9/><V11/><F11/><W99/><G99/><T33/><D112/><U39/><E39/><V51/><F24/><W78/><G120/><T121/><D121/><U95/><E95/><V59/><F91/><W10/><G10/><T88/><D33/><U60/><E105/><V128/><F128/><W108/><G108/><T98/><D98/><U49/><E118/><V13/><F13/><W72/><G135/><T104/><D104/><U7/><E116/><V6/><F6/><N who="3" m="3479" /><G72/><T45/><D45/><U133/><E69/><RYUUKYOKU ba="0,0" sc="221,15,157,-15,102,-15,520,15" hai0="18,26,41,42,56,57,58,83,86,88,94,97,103" hai3="1,2,20,25,78,81,85,89,92,96" owari="236,4.0,142,-26.0,87,-41.0,535,63.0" /></mjloggm>