<mjloggm ver="2.3"><GO type="97" lobby="0"/><UN n0="%4D%53%2D%30%36%52" n1="%E3%82%A6%E3%83%AB%E3%83%88%E3%83%A9%E7%AB%8B%E7%9B%B4" n2="%74%6F%6D%75%74%6F%6D%69" n3="%E3%81%AF%E3%81%A8%40%E6%9D%B1%E9%A2%A8" dan="13,13,14,14" rate="1853.60,1895.98,1969.97,1954.55" sx="M,M,M,M"/><TAIKYOKU oya="0"/><INIT seed="0,0,0,0,3,29" ten="250,250,250,250" oya="0" hai0="83,111,6,128,38,118,88,94,116,56,50,14,77" hai1="53,87,98,41,60,85,39,20,86,120,73,23,16" hai2="30,112,63,93,95,127,82,47,107,96,7,24,102" hai3="117,21,40,22,81,48,76,35,15,34,65,0,133"/><T97/><D38/><U92/><E73/><V114/><F127/><W26/><G117/><T131/><D111/><U54/><E120/><V10/><F82/><W69/><G0/><T33/><D33/><U52/><E41/><V70/><F47/><W5/><G69/><T27/><D27/><N who="1" m="14727" /><E39/><V32/><F95/><W122/><G122/><T80/><D6/><U134/><E23/><V135/><F93/><W11/><G65/><T57/><D14/><U121/><E134/><V64/><REACH who="2" step="1"/><F135/><REACH who="2" ten="250,250,240,250" step="2"/><W19/><G133/><T90/><D80/><U66/><E121/><V36/><F36/><W42/><G42/><T28/><D83/><U51/><E92/><V13/><AGARI ba="0,1" hai="7,10,13,24,30,32,63,64,70,96,102,107,112,114" machi="13" ten="20,12000,2" yaku="1,1,0,1,7,1,25,2,52,1,53,0" doraHai="29" doraHaiUra="130" who="2" fromWho="2" sc="250,-60,250,-30,240,130,250,-30" /><INIT seed="1,0,0,2,5,93" ten="190,220,370,220" oya="1" hai0="84,51,23,106,58,43,110,45,89,85,38,44,99" hai1="79,123,19,69,94,104,134,77,15,102,75,47,7" hai2="67,98,28,12,86,29,62,116,6,13,88,135,83" hai3="120,126,122,125,4,72,54,24,39,107,37,96,70"/><U91/><E69/><V71/><F116/><W59/><G70/><T114/><D114/><U40/><E7/><V119/><F119/><W124/><G72/><T66/><D110/><U3/><E3/><V5/><F135/><W52/><G4/><T33/><D33/><U10/><E123/><N who="3" m="47146" /><G24/><T82/><D23/><U109/><E109/><V41/><F41/><W103/><G54/><T80/><D66/><U64/><E64/><V68/><F68/><W87/><G87/><T30/><D30/><U21/><E75/><V115/><F115/><W26/><G26/><T108/><D108/><U34/><E34/><V20/><F29/><W112/><G112/><T49/><D58/><U25/><E134/><V130/><F130/><W0/><G0/><T32/><D32/><U48/><E102/><V8/><F28/><W118/><G118/><T11/><D11/><U117/><E104/><V90/><F20/><W65/><G65/><T46/><D38/><U42/><E42/><V105/><F105/><W73/><G73/><T36/><D36/><U74/><E74/><V76/><F98/><W17/><G17/><T63/><D106/><U61/><E61/><AGARI ba="0,0" hai="37,39,52,59,61,96,103,107,124,125,126" m="47146" machi="61" ten="40,5200,0" yaku="18,1,52,1,54,1" doraHai="93" who="3" fromWho="1" sc="190,0,220,-52,370,0,220,52" /><INIT seed="2,0,0,3,5,88" ten="190,168,370,272" oya="2" hai0="120,101,73,56,54,107,2,132,43,126,35,119,12" hai1="91,28,10,4,9,95,61,6,14,113,79,3,20" hai2="98,103,78,115,75,81,30,82,53,87,70,67,48" hai3="32,112,116,31,118,22,86,71,23,55,39,5,64"/><V49/><F115/><W40/><G112/><T0/><D120/><U13/><E113/><V8/><F30/><W124/><G124/><T110/><D73/><U130/><E130/><V134/><F134/><W37/><G5/><T44/><D35/><U58/><E79/><V83/><F8/><W41/><G32/><T50/><D126/><U93/><E91/><V62/><F49/><W99/><G31/><T117/><D132/><U72/><E72/><V77/><F78/><W84/><G99/><T129/><D129/><U17/><REACH who="1" step="1"/><E28/><REACH who="1" ten="190,158,370,272" step="2"/><V68/><F75/><W125/><G125/><T69/><D119/><U111/><E111/><V123/><F123/><W16/><G118/><T18/><D110/><U59/><E59/><V114/><F70/><W106/><G116/><T94/><D117/><U52/><AGARI ba="0,1" hai="3,4,6,9,10,13,14,17,20,52,58,61,93,95" machi="52" ten="20,12000,2" yaku="1,1,0,1,7,1,52,2,54,1,53,0" doraHai="88" doraHaiUra="104" who="1" fromWho="1" sc="190,-30,158,130,370,-60,272,-30" /><INIT seed="3,0,0,3,1,0" ten="160,288,310,242" oya="3" hai0="23,49,133,72,46,40,131,33,118,107,126,4,105" hai1="94,100,88,53,47,7,28,54,63,19,84,41,123" hai2="26,34,5,65,73,52,20,83,44,8,129,93,89" hai3="135,48,119,18,6,42,103,22,99,124,91,59,117"/><W56/><G124/><T81/><D33/><U14/><E123/><V1/><F129/><W95/><G135/><T85/><D72/><U51/><E28/><V55/><F65/><W74/><G74/><T132/><D118/><U17/><E100/><V37/><F34/><W16/><G6/><T27/><D131/><U80/><E94/><V15/><F15/><W30/><G119/><T68/><D68/><U38/><E38/><V24/><F24/><N who="3" m="16663" /><G117/><T121/><D121/><U75/><E75/><V111/><F111/><W120/><G120/><T67/><D67/><U69/><E69/><V35/><F35/><W96/><G42/><T79/><D126/><U61/><E53/><V113/><F113/><W122/><G122/><T31/><REACH who="0" step="1"/><D4/><REACH who="0" ten="150,288,310,242" step="2"/><U43/><E7/><V90/><F73/><W45/><G45/><T29/><D29/><U110/><E19/><N who="3" m="7210" /><G48/><T57/><D57/><N who="3" m="22089" /><G103/><T82/><D82/><U70/><E70/><V12/><F44/><W101/><G101/><T3/><D3/><U11/><E110/><V76/><F83/><W66/><G66/><T2/><D2/><U102/><E102/><V128/><F1/><W114/><G114/><T32/><D32/><U25/><E47/><V125/><F128/><W21/><G21/><T62/><D62/><U127/><E61/><V60/><F60/><W77/><G77/><T104/><AGARI ba="0,1" hai="23,27,31,40,46,49,79,81,85,104,105,107,132,133" machi="104" ten="40,2700,0" yaku="1,1,0,1,53,0" doraHai="0" doraHaiUra="10" who="0" fromWho="0" sc="150,37,288,-7,310,-7,242,-13" owari="187,-31.0,281,8.0,303,40.0,229,-17.0" /></mjloggm>