<mjloggm ver="2.3"><GO type="169" lobby="0"/><UN n0="%E3%81%82%E3%83%BC%E3%81%BF%E3%82%93%E2%98%86" n1="%E3%83%AC%E3%83%87%E3%82%B9%E3%83%9E" n2="%E3%81%8B%E3%81%AB%E3%83%9E%E3%82%B8%E3%83%B3" n3="%E3%82%A6%E3%83%AB%E3%83%88%E3%83%A9%E7%AB%8B%E7%9B%B4" dan="18,16,18,16" rate="2209.87,2057.32,2275.00,2072.81" sx="F,M,M,M"/><TAIKYOKU oya="0"/><INIT seed="0,0,0,2,1,96" ten="250,250,250,250" oya="0" hai0="6,23,63,91,132,104,134,24,47,97,53,37,67" hai1="22,29,81,105,58,65,80,42,25,118,2,94,52" hai2="93,99,72,125,77,135,86,133,41,66,92,82,113" hai3="122,95,32,39,123,21,20,126,98,64,12,112,62"/><T31/><D6/><U8/><E105/><V34/><F34/><W79/><G39/><T106/><D91/><U54/><E118/><V0/><F66/><W30/><G112/><T69/><D53/><U114/><E114/><V102/><F41/><W17/><G79/><T10/><D10/><U45/><E94/><V84/><F0/><W129/><G129/><T70/><D70/><U35/><E35/><V73/><F113/><W116/><G126/><T4/><D4/><U103/><E65/><V56/><F56/><W60/><G60/><T117/><D117/><U74/><E103/><V27/><F27/><W16/><G32/><T75/><D75/><N who="2" m="28746" /><F125/><W87/><G87/><T130/><D130/><U131/><E131/><V33/><F33/><W100/><G116/><T40/><REACH who="0" step="1"/><D97/><REACH who="0" ten="240,250,250,250" step="2"/><U127/><E74/><V88/><AGARI ba="0,1" hai="77,82,84,86,88,92,93,99,102,133,135" m="28746" machi="88" ten="30,7900,0" yaku="34,2,52,1,54,1" doraHai="96" who="2" fromWho="2" sc="240,-39,250,-20,250,89,250,-20" /><INIT seed="1,0,0,1,3,2" ten="201,230,339,230" oya="1" hai0="3,32,132,28,26,34,106,21,22,82,113,108,1" hai1="17,85,120,131,43,104,56,76,65,127,135,118,48" hai2="15,31,20,4,18,110,90,60,109,105,130,44,119" hai3="74,107,72,62,37,64,99,46,101,133,69,96,128"/><U47/><E118/><V100/><F119/><W13/><G128/><T14/><D106/><U51/><E120/><V134/><F130/><W0/><G133/><T91/><D82/><U61/><E131/><V77/><F134/><W41/><G13/><T70/><D70/><U33/><E135/><V45/><F77/><W112/><G112/><T5/><D91/><U63/><E104/><V55/><F90/><W114/><G114/><T73/><D73/><U89/><E76/><V83/><F83/><W49/><G99/><T23/><D108/><U39/><E33/><N who="0" m="12905" /><D132/><U50/><E127/><V94/><F31/><W102/><G102/><T121/><D121/><U57/><E17/><V67/><F105/><W93/><G93/><T10/><D113/><U16/><E16/><V115/><F55/><W8/><G49/><T68/><D68/><U95/><REACH who="1" step="1"/><E39/><REACH who="1" ten="201,220,339,230" step="2"/><V42/><F18/><W129/><G129/><T75/><D75/><U30/><E30/><V27/><F115/><W38/><G38/><T59/><D59/><U9/><E9/><V71/><F110/><W58/><G58/><T126/><D126/><U66/><AGARI ba="0,1" hai="43,47,48,50,51,56,57,61,63,65,66,85,89,95" machi="66" ten="20,12000,1" yaku="1,1,0,1,7,1,9,1,8,1,53,0" doraHai="2" doraHaiUra="92" who="1" fromWho="1" sc="201,-40,220,130,339,-40,230,-40" /><INIT seed="1,1,0,3,4,74" ten="161,350,299,190" oya="1" hai0="46,32,122,93,30,26,37,132,31,39,129,5,6" hai1="116,2,15,58,66,19,96,8,91,61,110,12,20" hai2="52,23,62,72,17,95,80,109,130,41,56,54,3" hai3="79,119,126,50,84,71,27,47,89,14,134,63,60"/><U34/><E116/><V113/><F3/><W49/><G119/><T102/><D132/><U10/><E34/><V45/><F109/><W59/><G126/><T18/><D129/><U87/><E110/><V128/><F113/><W21/><G134/><T131/><D131/><N who="2" m="50218" /><F95/><W121/><G121/><T114/><D31/><U11/><E96/><V90/><F90/><W29/><G71/><T82/><D122/><U48/><E2/><V120/><F120/><W44/><G14/><T108/><D108/><U36/><E36/><N who="2" m="21671" /><F80/><W68/><G68/><T42/><D37/><U106/><E106/><V55/><F72/><W43/><G59/><T35/><D35/><U103/><E103/><V97/><F97/><W51/><G49/><T33/><D33/><U64/><E48/><V70/><F70/><W105/><G105/><T88/><D102/><U57/><E57/><V78/><F78/><W112/><G112/><T38/><D38/><U75/><E75/><V133/><F133/><W127/><G127/><T0/><D0/><U104/><E104/><V111/><F111/><W77/><G89/><T53/><D114/><U22/><E66/><V28/><F28/><W40/><G84/><T86/><D82/><N who="1" m="49655" /><E22/><V123/><F123/><W118/><G118/><T92/><D92/><U99/><E99/><V67/><F67/><W7/><G7/><AGARI ba="1,0" hai="7,8,10,11,12,15,19,20,58,61,64" m="49655" machi="7" ten="30,1500,0" yaku="8,1" doraHai="74" who="1" fromWho="3" sc="161,0,350,18,299,0,190,-18" /><INIT seed="1,2,0,5,2,39" ten="161,368,299,172" oya="1" hai0="1,99,83,127,80,64,125,40,8,22,29,54,31" hai1="28,104,65,47,71,112,77,131,118,37,38,85,41" hai2="129,111,73,110,87,24,50,27,81,55,100,108,23" hai3="48,78,7,51,101,34,86,68,95,52,16,126,10"/><U36/><E104/><V11/><F73/><W103/><G34/><T133/><D64/><U96/><E28/><V107/><F129/><W67/><G126/><T70/><D70/><U120/><E96/><N who="2" m="61831" /><F11/><W32/><G32/><T79/><D133/><U117/><E85/><V3/><F23/><W74/><G74/><T17/><D99/><U98/><E98/><V97/><F3/><W75/><G75/><T21/><D54/><U0/><E77/><N who="2" m="46511" /><F97/><W25/><G51/><T76/><D17/><U62/><E0/><V66/><F66/><W60/><G78/><T130/><D1/><U105/><E105/><V135/><F135/><W56/><G95/><T13/><D13/><U109/><E120/><V44/><AGARI ba="2,0" hai="24,27,44,50,55,108,110,111" m="46511,61831" machi="44" ten="30,1100,0" yaku="14,1" doraHai="39" who="2" fromWho="2" sc="161,-5,368,-7,299,17,172,-5" /><INIT seed="2,0,0,0,2,66" ten="156,361,316,167" oya="2" hai0="99,11,135,9,89,115,87,56,42,32,82,111,91" hai1="123,19,93,68,80,74,58,50,117,77,98,57,94" hai2="86,6,128,101,65,21,96,100,63,69,119,48,102" hai3="8,110,124,114,71,127,38,12,132,4,120,22,105"/><V108/><F119/><W125/><G105/><T52/><D32/><U90/><E117/><V23/><F128/><W31/><G38/><T2/><D2/><U10/><E123/><V14/><F108/><W47/><G47/><T79/><D135/><U55/><E68/><V16/><F86/><W61/><G61/><T54/><D42/><U25/><E93/><V83/><F83/><W121/><G71/><T18/><D115/><U95/><E95/><V60/><F60/><W17/><G110/><T5/><D5/><U26/><E58/><V39/><F39/><W84/><G84/><T103/><D54/><U106/><E106/><V15/><F48/><W41/><G41/><T24/><D111/><U13/><AGARI ba="0,0" hai="10,13,19,25,26,50,55,57,74,77,80,90,94,98" machi="13" ten="30,1100,0" yaku="0,1" doraHai="66" who="1" fromWho="1" sc="156,-3,361,11,316,-5,167,-3" /><INIT seed="3,0,0,0,3,93" ten="153,372,311,164" oya="3" hai0="10,17,51,58,35,16,3,47,24,109,85,89,102" hai1="113,68,14,131,92,20,13,103,67,98,134,105,127" hai2="83,33,123,40,49,7,6,34,52,1,8,120,129" hai3="27,112,48,114,125,19,76,118,117,99,12,37,11"/><W59/><G37/><T82/><D102/><U74/><E113/><V66/><F129/><W4/><G76/><T96/><D109/><U87/><E131/><V41/><F66/><W22/><G59/><T108/><D108/><U101/><E74/><V81/><F6/><W18/><G48/><T70/><D70/><U104/><E134/><V110/><F110/><W9/><G99/><T106/><D106/><U107/><E127/><V88/><F40/><W62/><G62/><T30/><D58/><U63/><E87/><N who="2" m="50303" /><F81/><W132/><G132/><T31/><D31/><U133/><E133/><V21/><F21/><W78/><G78/><T44/><D44/><U26/><REACH who="1" step="1"/><E103/><REACH who="1" ten="153,362,311,164" step="2"/><V50/><F123/><W119/><G125/><T5/><REACH who="0" step="1"/><D96/><REACH who="0" ten="143,362,311,164" step="2"/><U75/><E75/><V15/><F120/><W65/><G65/><T54/><AGARI ba="0,2" hai="3,5,10,16,17,24,30,35,47,51,54,82,85,89" machi="54" ten="20,8000,1" yaku="1,1,2,1,0,1,7,1,54,1,53,0" doraHai="93" doraHaiUra="115" who="0" fromWho="0" sc="143,100,362,-20,311,-20,164,-40" /><INIT seed="4,0,0,1,2,98" ten="243,342,291,124" oya="0" hai0="115,32,74,80,55,45,130,66,82,100,5,53,26" hai1="10,34,42,96,41,12,16,3,118,28,4,124,86" hai2="111,114,94,49,15,46,79,31,33,92,8,69,113" hai3="83,120,134,39,101,25,72,17,121,78,93,1,104"/><T50/><D115/><N who="2" m="44042" /><F111/><W58/><G1/><T65/><D5/><U63/><E118/><V51/><F69/><W106/><G39/><T127/><D130/><U48/><E124/><V61/><F61/><W89/><G58/><T97/><D127/><U54/><E63/><V126/><F126/><W14/><G25/><T122/><D74/><U88/><E96/><V21/><F33/><W22/><G134/><T99/><D32/><U0/><E28/><V73/><F79/><W84/><G106/><T43/><D122/><U129/><E34/><V107/><F107/><W81/><G81/><T13/><D26/><U62/><E62/><V56/><F73/><W103/><REACH who="3" step="1"/><G104/><REACH who="3" ten="243,342,291,114" step="2"/><T112/><D80/><U87/><E3/><V125/><F56/><W123/><AGARI ba="0,1" hai="14,17,22,72,78,83,84,89,93,101,103,120,121,123" machi="123" ten="30,12000,2" yaku="1,1,2,1,0,1,13,1,52,2,53,0" doraHai="98" doraHaiUra="47" who="3" fromWho="3" sc="243,-60,342,-30,291,-30,114,130" /><INIT seed="5,0,0,0,2,11" ten="183,312,261,244" oya="1" hai0="94,133,108,15,89,42,40,56,36,84,59,82,37" hai1="49,25,14,110,30,57,69,111,101,88,104,16,78" hai2="50,103,9,27,23,34,47,8,1,31,55,120,100" hai3="61,29,24,53,71,115,125,93,114,81,119,76,43"/><U116/><E69/><V70/><F70/><W3/><G3/><T64/><D133/><U65/><E78/><V20/><F120/><W131/><G125/><T80/><D108/><N who="1" m="41515" /><E116/><V132/><F132/><W62/><G131/><T83/><D64/><U105/><E101/><N who="2" m="38987" /><F1/><W19/><G43/><T35/><D35/><N who="1" m="20943" /><E88/><V21/><F34/><W134/><G93/><T26/><D37/><U73/><E73/><V86/><F86/><W48/><G134/><T129/><D36/><U41/><E65/><V17/><F21/><W33/><G119/><T90/><D90/><U68/><E68/><V2/><F2/><W79/><G79/><T7/><D129/><U123/><E123/><V46/><F47/><W45/><G76/><T135/><D135/><U126/><E126/><V63/><F63/><W118/><G81/><T38/><D38/><U72/><E72/><V44/><F44/><W97/><G118/><T13/><D59/><U91/><E91/><V75/><F75/><W106/><G106/><T52/><D80/><U22/><E57/><V128/><F128/><W74/><G97/><T130/><D130/><U109/><N who="1" m="41523" /><U113/><DORA hai="28" /><E113/><N who="3" m="43018" /><G74/><T117/><D83/><U77/><E77/><V122/><F122/><W102/><G102/><T54/><D82/><U66/><E66/><V39/><F39/><W99/><G99/><T98/><D98/><U96/><E96/><V6/><F6/><W107/><G107/><T4/><D117/><U127/><E127/><V92/><F92/><W124/><G124/><T121/><D94/><U95/><E95/><V51/><F51/><RYUUKYOKU ba="0,0" sc="183,-15,312,15,261,15,244,-15" hai1="14,16,22,41,49,104,105" hai2="8,9,17,20,23,27,31,46,50,55" /><INIT seed="5,1,0,1,3,46" ten="168,327,276,229" oya="1" hai0="68,135,55,27,129,78,104,119,22,5,43,97,10" hai1="74,13,35,71,54,76,18,92,113,17,31,123,39" hai2="106,130,79,65,24,60,96,26,62,53,50,98,90" hai3="109,58,51,127,0,77,88,69,85,64,44,117,99"/><U20/><E123/><V47/><F130/><W81/><G0/><T95/><D68/><U89/><E71/><V112/><F112/><W61/><G109/><T94/><D119/><U38/><E113/><V93/><F79/><W33/><G33/><T105/><D135/><U108/><E31/><V12/><F12/><W120/><G120/><T32/><D32/><U80/><E35/><V16/><F16/><W121/><G121/><T87/><D43/><U2/><E2/><V63/><F106/><W34/><G34/><T41/><D41/><U25/><E54/><V28/><F98/><W128/><G128/><T23/><D23/><U45/><E45/><V67/><REACH who="2" step="1"/><F28/><REACH who="2" ten="168,327,266,229" step="2"/><W6/><G117/><T122/><D129/><U107/><E107/><V83/><F83/><W134/><G6/><T59/><D105/><U126/><E108/><V125/><F125/><W84/><G127/><T40/><D104/><U111/><E126/><V114/><F114/><W116/><G116/><T100/><D122/><U115/><E115/><V91/><F91/><W7/><G7/><T48/><D78/><U86/><E111/><V37/><F37/><W73/><G99/><T102/><D5/><U11/><AGARI ba="1,1" hai="11,13,17,18,20,25,38,39,74,76,80,86,89,92" machi="11" ten="20,2100,0" yaku="0,1,7,1" doraHai="46" who="1" fromWho="1" sc="168,-8,327,34,266,-8,229,-8" /><INIT seed="5,2,0,2,4,6" ten="160,361,258,221" oya="1" hai0="60,69,34,71,92,104,63,115,36,46,113,53,43" hai1="72,121,26,50,30,16,61,14,68,39,47,78,67" hai2="66,17,18,49,23,114,45,135,88,48,3,100,105" hai3="112,56,124,111,106,133,97,95,41,20,117,73,5"/><U79/><E121/><V59/><F3/><W12/><G73/><T7/><D104/><U94/><E39/><V74/><F135/><W96/><G112/><N who="0" m="43083" /><D34/><U4/><E4/><V0/><F0/><W11/><G111/><T28/><D28/><U54/><E94/><V10/><F114/><W58/><G124/><T42/><D92/><U22/><REACH who="1" step="1"/><E72/><REACH who="1" ten="160,351,258,221" step="2"/><V116/><F74/><W31/><G95/><T15/><D7/><U77/><E77/><V21/><F105/><W132/><G106/><T76/><D76/><U80/><E80/><V65/><F116/><W19/><G117/><T70/><D15/><U85/><E85/><V24/><F100/><W89/><G89/><T44/><D53/><U102/><E102/><V98/><F88/><W108/><G132/><T99/><D99/><U93/><E93/><V13/><F98/><W84/><G133/><T32/><D32/><AGARI ba="2,1" hai="14,16,22,26,30,32,47,50,54,61,67,68,78,79" machi="32" ten="30,5800,0" yaku="1,1,7,1,54,1,53,0" doraHai="6" doraHaiUra="118" who="1" fromWho="0" sc="160,-64,351,74,258,0,221,0" /><INIT seed="5,3,0,2,3,115" ten="96,425,258,221" oya="1" hai0="5,70,12,74,45,49,15,124,24,129,106,125,0" hai1="71,108,29,33,17,25,102,122,6,22,131,28,63" hai2="41,77,112,113,9,86,26,44,42,95,92,3,116" hai3="132,111,103,79,81,127,130,87,80,135,4,100,46"/><U119/><E102/><V20/><F3/><W118/><G4/><T83/><D70/><U8/><E71/><V38/><F9/><W23/><G23/><T85/><D106/><U2/><E63/><V109/><F109/><W27/><G27/><T126/><D74/><U31/><E108/><V53/><F41/><W120/><G46/><T110/><D110/><U58/><E58/><V56/><F116/><W72/><G111/><T62/><D62/><U19/><E122/><V107/><F107/><W54/><G54/><T40/><D129/><U90/><E90/><V123/><F123/><W11/><G11/><T21/><D0/><U47/><E47/><V69/><F69/><W96/><G120/><T105/><D105/><U133/><E131/><V16/><F77/><N who="3" m="44199" /><G127/><T18/><REACH who="0" step="1"/><D5/><REACH who="0" ten="86,425,258,221" step="2"/><U61/><E61/><V55/><F113/><W39/><G130/><T10/><D10/><U68/><E68/><V67/><F112/><W48/><G48/><T64/><D64/><U52/><E6/><V75/><F67/><W91/><G39/><T34/><D34/><U99/><E33/><V88/><F75/><W59/><G135/><T104/><D104/><U66/><E133/><V1/><F1/><W89/><G132/><T30/><D30/><U93/><E66/><V60/><F55/><W37/><G37/><T101/><D101/><N who="1" m="60655" /><E52/><V78/><F78/><AGARI ba="3,1" hai="12,15,18,21,24,40,45,49,78,83,85,124,125,126" machi="78" ten="40,2600,0" yaku="1,1,18,1,53,0" doraHai="115" doraHaiUra="117" who="0" fromWho="2" sc="86,45,425,0,258,-35,221,0" /><INIT seed="6,0,0,2,1,53" ten="131,425,223,221" oya="2" hai0="111,56,133,29,131,10,37,0,74,12,5,63,85" hai1="118,48,107,46,106,15,20,24,39,35,43,31,30" hai2="101,94,51,14,83,109,3,22,2,41,89,25,110" hai3="129,19,87,52,134,135,96,47,65,17,99,18,121"/><V59/><F101/><W132/><G121/><T9/><D74/><U125/><E118/><V100/><F100/><W11/><G129/><T113/><D37/><U16/><E125/><V108/><F83/><W95/><G11/><T21/><D111/><U1/><E31/><V70/><F70/><W26/><G26/><T36/><D36/><U33/><E1/><V64/><F14/><W124/><G65/><T92/><D113/><U8/><REACH who="1" step="1"/><E39/><REACH who="1" ten="131,415,223,221" step="2"/><V40/><F2/><W98/><G124/><T38/><D38/><U4/><E4/><V114/><F3/><W68/><G68/><T27/><D131/><U80/><E80/><V54/><F114/><W28/><G28/><T82/><D133/><U67/><E67/><V79/><F64/><W75/><G75/><T61/><D0/><U115/><E115/><V76/><F79/><W126/><G126/><T49/><D92/><U90/><E90/><V130/><F76/><W88/><G19/><T93/><D93/><U81/><E81/><V50/><F130/><W60/><G17/><T7/><D7/><U55/><E55/><N who="2" m="32255" /><F89/><W42/><G18/><T58/><D10/><U102/><E102/><V77/><F77/><W128/><G128/><T122/><D122/><U119/><E119/><V44/><F94/><W62/><G42/><T13/><D82/><U123/><E123/><V34/><F34/><AGARI ba="0,1" hai="8,15,16,20,24,30,33,34,35,43,46,48,106,107" machi="34" ten="40,2600,0" yaku="1,1,54,1,53,0" doraHai="53" doraHaiUra="97" who="1" fromWho="2" sc="131,0,415,36,223,-26,221,0" /><INIT seed="7,0,0,3,1,60" ten="131,451,197,221" oya="3" hai0="96,62,84,116,28,58,103,131,50,19,89,26,100" hai1="125,14,2,39,122,25,76,65,22,87,123,66,48" hai2="4,31,79,114,35,18,111,81,112,90,29,104,43" hai3="117,30,99,17,8,24,53,36,101,129,20,88,73"/><W74/><G36/><T32/><D131/><U37/><E2/><V56/><F111/><W47/><G117/><T69/><D116/><U63/><E14/><V33/><F104/><W59/><G47/><T98/><D69/><U7/><E7/><V106/><F106/><W110/><G110/><T78/><D78/><U97/><E97/><V80/><F4/><W6/><G30/><N who="2" m="11273" /><F43/><W51/><G129/><T57/><D19/><U0/><E0/><V21/><F56/><W52/><G53/><T3/><D3/><U27/><E48/><V45/><F45/><W86/><G99/><T75/><D75/><U93/><E125/><V105/><F105/><W94/><G101/><T23/><D32/><N who="2" m="12362" /><F90/><W55/><G55/><T15/><D15/><AGARI ba="0,0" hai="6,8,15,17,20,24,51,52,59,73,74,86,88,94" machi="15" ten="30,5800,0" yaku="7,1,54,2" doraHai="60" who="3" fromWho="0" sc="131,-58,451,0,197,0,221,58" /><INIT seed="7,1,0,1,5,128" ten="73,451,197,279" oya="3" hai0="106,49,94,126,46,131,127,60,9,74,84,116,112" hai1="37,134,43,120,25,90,12,61,109,130,48,59,129" hai2="47,58,31,54,10,3,81,0,63,104,118,71,99" hai3="85,13,75,39,132,41,11,114,83,65,95,88,30"/><W32/><G65/><T51/><D106/><U44/><E120/><V73/><F118/><W80/><G41/><T82/><D74/><U56/><E109/><V17/><F71/><W42/><G42/><T115/><D116/><U50/><E25/><V19/><F31/><W23/><G39/><T7/><D94/><U135/><E90/><V107/><F47/><W101/><G23/><T103/><D103/><U1/><E1/><V93/><F104/><W6/><G30/><T55/><D131/><N who="1" m="50187" /><E12/><V64/><F107/><W87/><G32/><T123/><D123/><U111/><E111/><V108/><F64/><W27/><G27/><T15/><D60/><U5/><E5/><V14/><F19/><W35/><G35/><T57/><D57/><N who="1" m="22091" /><E61/><V36/><F36/><W89/><G114/><T72/><D51/><AGARI ba="1,0" hai="37,43,44,48,50,51,134,135" m="22091,50187" machi="51" ten="30,8000,1" yaku="19,1,34,2,52,2" doraHai="128" who="1" fromWho="0" sc="73,-83,451,83,197,0,279,0" owari="-10,-51.0,534,63.0,197,-20.0,279,8.0" /></mjloggm>