<mjloggm ver="2.3"><GO type="169" lobby="0"/><UN n0="%E6%A3%AE%E3%82%AB%E3%83%95%E3%82%A7%EF%BC%88%E6%B0%B4%E8%89%B2%EF%BC%89" n1="%E3%81%AA%E3%81%AA%E2%98%86%E3%81%A0%E3%81%BE%EF%BC%A2" n2="%E3%82%A6%E3%83%AB%E3%83%88%E3%83%A9%E7%AB%8B%E7%9B%B4" n3="%E3%81%BE%E3%83%BC%E3%81%95%EF%BC%A0%EF%BC%92%EF%BC%91" dan="17,17,16,18" rate="2121.37,2183.15,2065.27,2216.64" sx="F,M,M,M"/><TAIKYOKU oya="0"/><INIT seed="0,0,0,2,0,40" ten="250,250,250,250" oya="0" hai0="128,0,1,135,42,36,51,4,32,117,85,113,120" hai1="76,82,20,18,38,106,130,104,14,96,16,34,58" hai2="66,124,26,50,65,22,132,119,74,55,107,8,93" hai3="46,23,115,125,53,81,47,123,89,105,39,84,54"/><T102/><D51/><U131/><E34/><V6/><F107/><W70/><G115/><T127/><D85/><U94/><E38/><V116/><F74/><W11/><G70/><T90/><D90/><U97/><E58/><V129/><F124/><W108/><G125/><T80/><D80/><U67/><E67/><V61/><F129/><N who="1" m="49161" /><E18/><V35/><F35/><W13/><G105/><N who="1" m="40554" /><E94/><V19/><F93/><W112/><G112/><T69/><D36/><U37/><E37/><V17/><F17/><N who="3" m="8383" /><G39/><T118/><D32/><U62/><E62/><V101/><F66/><W126/><G126/><T44/><D127/><U88/><E88/><V10/><F61/><W114/><G114/><T64/><D113/><U21/><E21/><V9/><F65/><W24/><G123/><T33/><D120/><U73/><AGARI ba="0,0" hai="14,16,20,73,76,82,96,97" m="40554,49161" machi="73" ten="30,2000,0" yaku="19,1,54,1" doraHai="40" who="1" fromWho="1" sc="250,-10,250,20,250,-5,250,-5" /><INIT seed="1,0,0,5,4,125" ten="240,270,245,245" oya="1" hai0="21,4,106,105,65,87,38,92,117,79,133,130,3" hai1="56,111,63,67,22,115,98,89,88,15,35,18,26" hai2="50,45,61,14,43,108,64,104,114,36,8,128,34" hai3="90,69,83,73,76,5,53,20,48,52,6,33,100"/><U75/><E115/><V46/><F104/><W31/><G33/><T103/><D38/><U9/><E75/><V116/><F34/><W28/><G69/><T27/><D117/><U30/><E111/><V12/><F12/><W57/><G100/><T110/><D65/><U17/><REACH who="1" step="1"/><E98/><REACH who="1" ten="240,260,245,245" step="2"/><V123/><F108/><W23/><G73/><T7/><D110/><U84/><E84/><V80/><F114/><W95/><G31/><T47/><D87/><U93/><E93/><V32/><F116/><W127/><G28/><T74/><D92/><U119/><E119/><V66/><F80/><W19/><G83/><T42/><D74/><U109/><E109/><V13/><F123/><W135/><G95/><T86/><D86/><U41/><E41/><V39/><F43/><W54/><G127/><T85/><D85/><U10/><E10/><V113/><F8/><W44/><G76/><T129/><D79/><U112/><E112/><V37/><F113/><W134/><G134/><T11/><D133/><U96/><E96/><V60/><F37/><W58/><G135/><T99/><D106/><U49/><E49/><V62/><F50/><W118/><G48/><T97/><D99/><U25/><AGARI ba="0,1" hai="9,15,17,18,22,25,26,30,35,56,63,67,88,89" machi="25" ten="20,7800,0" yaku="1,1,0,1,7,1,54,1,53,0" doraHai="125" doraHaiUra="72" who="1" fromWho="1" sc="240,-26,260,88,245,-26,245,-26" /><INIT seed="1,1,0,2,3,107" ten="214,348,219,219" oya="1" hai0="0,28,41,60,132,68,54,40,64,13,120,124,131" hai1="23,18,15,36,1,73,90,57,113,94,81,61,32" hai2="9,37,126,21,69,116,102,42,77,125,39,63,80" hai3="78,101,75,123,38,84,26,44,93,85,72,52,22"/><U134/><E113/><V55/><F116/><W105/><G123/><T58/><D0/><U5/><E36/><V129/><F102/><W16/><G105/><T122/><D28/><U59/><E32/><V46/><F21/><W99/><G38/><T104/><D104/><U103/><E134/><V20/><F20/><W133/><G133/><T112/><D132/><U95/><E1/><V127/><F9/><W74/><REACH who="3" step="1"/><G78/><REACH who="3" ten="214,348,219,209" step="2"/><T14/><D122/><U17/><E5/><V97/><F39/><W7/><G7/><T100/><D120/><U119/><E119/><V89/><F37/><W108/><G108/><T48/><D112/><U34/><E34/><V27/><F77/><W111/><G111/><T76/><D76/><U71/><E103/><V43/><F126/><W62/><G62/><T3/><D60/><U4/><E4/><V35/><F63/><W6/><G6/><T130/><D124/><U66/><E61/><V8/><F125/><W2/><G2/><T49/><D3/><U135/><E135/><V82/><F127/><W53/><G53/><T96/><D54/><U106/><E106/><V92/><F35/><W87/><G87/><T115/><D115/><U88/><E66/><V30/><F55/><W45/><G45/><T65/><D100/><U50/><E71/><V91/><F46/><W70/><G70/><T114/><D68/><U33/><E33/><V24/><F69/><W12/><G12/><T128/><D114/><U79/><E15/><V67/><F67/><N who="0" m="25674" /><D13/><U121/><E121/><V118/><F118/><W31/><G31/><T109/><D14/><RYUUKYOKU ba="1,1" sc="214,-10,348,-10,219,-10,209,30" hai3="16,22,26,44,52,72,74,75,84,85,93,99,101" /><INIT seed="2,2,1,1,2,46" ten="204,338,209,239" oya="2" hai0="56,55,30,23,131,118,92,109,52,82,80,57,61" hai1="54,129,66,2,112,116,47,78,122,7,49,37,27" hai2="120,11,51,115,127,71,69,124,42,17,20,97,58" hai3="50,87,84,83,13,33,90,26,34,18,111,40,5"/><V85/><F120/><W81/><G111/><T96/><D109/><U1/><E112/><V62/><F115/><W95/><G26/><N who="0" m="16735" /><D131/><U133/><E116/><V108/><F11/><W45/><G5/><T74/><D74/><U123/><E129/><V22/><F108/><W63/><G63/><N who="0" m="36231" /><D118/><U93/><E133/><V77/><F97/><W36/><G95/><T103/><AGARI ba="2,1" hai="55,57,61,80,82,92,96,103" m="36231,16735" machi="103" ten="30,2000,0" yaku="8,1,54,1" doraHai="46" who="0" fromWho="0" sc="204,36,338,-7,209,-12,239,-7" /><INIT seed="3,0,0,3,1,25" ten="240,331,197,232" oya="3" hai0="29,63,1,2,82,52,123,117,0,14,97,100,64" hai1="13,39,114,128,58,116,80,81,4,84,92,71,47" hai2="103,113,109,40,121,5,90,48,75,57,98,94,37" hai3="93,129,8,120,17,60,78,23,10,18,26,19,61"/><W56/><G120/><T99/><D123/><U20/><E71/><V22/><F113/><W11/><G129/><T101/><D82/><U83/><E114/><V6/><F75/><W95/><G78/><T105/><D14/><U132/><E128/><V127/><F127/><W85/><G85/><T69/><D117/><U31/><E116/><V46/><F109/><W55/><REACH who="3" step="1"/><G61/><REACH who="3" ten="240,331,197,222" step="2"/><T135/><D63/><U36/><E84/><V96/><F121/><W133/><G133/><T50/><D135/><U134/><E132/><V119/><F119/><W76/><G76/><T15/><D99/><U118/><E134/><V131/><F131/><W73/><G73/><T30/><D97/><U104/><E118/><V125/><F98/><W106/><G106/><T59/><D105/><U53/><E104/><V89/><F125/><W7/><G7/><T111/><D111/><U66/><E4/><V54/><F6/><W77/><G77/><T108/><D108/><U3/><E83/><V107/><F5/><W122/><G122/><T72/><D72/><U112/><E81/><V67/><F107/><W49/><G49/><T34/><D50/><U91/><E80/><V126/><F126/><W41/><G41/><T65/><D0/><U33/><E3/><V21/><F90/><W16/><AGARI ba="0,1" hai="8,10,11,16,17,18,19,23,26,55,56,60,93,95" machi="16" ten="30,11700,0" yaku="1,1,0,1,8,1,54,1,53,0" doraHai="25" doraHaiUra="35" who="3" fromWho="3" sc="240,-39,331,-39,197,-39,222,127" /><INIT seed="3,1,0,0,0,108" ten="201,292,158,349" oya="3" hai0="23,130,75,96,122,59,106,31,40,91,90,97,94" hai1="134,10,113,102,48,13,123,37,49,111,92,109,66" hai2="135,107,33,7,43,51,0,101,4,57,26,38,80" hai3="104,53,24,39,110,125,133,78,32,42,2,82,25"/><W131/><G104/><T58/><D122/><U98/><E123/><V115/><F51/><W6/><G110/><N who="1" m="41994" /><E37/><V1/><F57/><W65/><G65/><T68/><D130/><U41/><E134/><V119/><F80/><W62/><G133/><T87/><D75/><U19/><E113/><V12/><F101/><W81/><G131/><T21/><D31/><U16/><E66/><V45/><F107/><W28/><G125/><T71/><D106/><U85/><E41/><V128/><F128/><W84/><G25/><T100/><D40/><U8/><E85/><V61/><F61/><W114/><G114/><T11/><D11/><N who="1" m="4139" /><E19/><V55/><F55/><W120/><G84/><T27/><D87/><U95/><E92/><V112/><F135/><W15/><G42/><T9/><D9/><AGARI ba="1,0" hai="9,13,16,48,49,95,98,102" m="4139,41994" machi="9" ten="30,2000,0" yaku="14,1,54,1" doraHai="108" who="1" fromWho="0" sc="201,-23,292,23,158,0,349,0" /><INIT seed="4,0,0,3,2,68" ten="178,315,158,349" oya="0" hai0="72,111,65,31,18,3,115,100,62,134,128,101,110" hai1="75,19,116,130,119,52,77,9,22,0,113,11,57" hai2="76,24,7,71,70,78,44,83,74,89,34,10,81" hai3="36,88,30,98,17,80,121,94,127,50,86,69,6"/><T131/><D72/><U29/><E29/><V87/><F89/><W13/><G69/><N who="0" m="42167" /><D3/><U39/><E39/><V67/><F67/><W84/><G36/><T35/><D115/><U135/><E113/><V46/><F46/><W60/><G121/><T91/><D134/><U99/><E135/><V12/><F34/><W8/><G60/><T92/><D18/><U5/><E11/><V37/><REACH who="2" step="1"/><F24/><REACH who="2" ten="178,315,148,349" step="2"/><W125/><G88/><T16/><D35/><U28/><E116/><V21/><F21/><W14/><G127/><T56/><D31/><U40/><E28/><V95/><F95/><W25/><G94/><T43/><D91/><U102/><E22/><V109/><F109/><W32/><G125/><T1/><D92/><U64/><E64/><V85/><F85/><W41/><G86/><T61/><D111/><U90/><E90/><V93/><F93/><W106/><G84/><T45/><D45/><U112/><E119/><V48/><F48/><W117/><G25/><T73/><D110/><U96/><E112/><V123/><F123/><W27/><G27/><T59/><D101/><U54/><E102/><V82/><F82/><W38/><G80/><T58/><D100/><U105/><E105/><V114/><F114/><W103/><G106/><T124/><D124/><U107/><E107/><V66/><F66/><W4/><G117/><T79/><D61/><U97/><E99/><V20/><F20/><W15/><G103/><T55/><D73/><U129/><E97/><V122/><F122/><W49/><G98/><T126/><D126/><U132/><E96/><V108/><F108/><RYUUKYOKU ba="0,1" sc="178,-10,315,-10,148,30,349,-10" hai2="7,10,12,37,44,70,71,74,76,78,81,83,87" /><INIT seed="5,1,1,4,2,59" ten="168,305,178,339" oya="1" hai0="89,135,83,132,31,19,133,13,57,95,28,115,97" hai1="87,0,27,111,100,78,93,65,128,113,16,86,58" hai2="51,15,101,34,5,44,7,26,105,84,11,39,18" hai3="77,66,4,116,124,130,23,104,63,81,55,2,99"/><U68/><E68/><V118/><F39/><W12/><G2/><T122/><D115/><U73/><E0/><V32/><F118/><W17/><G116/><T112/><D112/><U96/><E113/><V14/><F101/><W67/><G130/><T106/><D106/><U131/><E111/><V119/><F105/><W94/><G104/><T134/><D134/><U110/><E110/><V30/><F119/><W102/><G124/><T103/><D122/><U64/><E73/><V69/><F69/><W70/><G4/><N who="2" m="1609" /><F51/><W50/><G63/><T41/><D41/><U60/><E65/><V6/><F44/><W61/><G61/><T75/><D57/><U3/><E3/><V74/><F84/><N who="3" m="48175" /><G70/><T91/><D103/><U52/><E64/><V62/><F62/><W72/><G72/><T24/><D75/><U47/><E47/><AGARI ba="1,1" hai="12,17,23,47,50,55,66,67,94,99,102" m="48175" machi="47" ten="30,1000,0" yaku="8,1" doraHai="59" who="3" fromWho="1" sc="168,0,305,-13,178,0,339,23" /><INIT seed="6,0,0,3,3,89" ten="168,292,178,362" oya="2" hai0="37,129,25,64,101,109,130,3,84,45,85,0,27" hai1="123,132,11,125,30,9,107,104,60,46,23,95,100" hai2="1,18,19,61,108,113,55,112,133,15,47,128,36" hai3="59,43,22,10,135,34,124,92,4,56,41,5,12"/><V115/><F1/><N who="0" m="586" /><D109/><U118/><E118/><V31/><F128/><N who="0" m="49258" /><D64/><U106/><E125/><V20/><F133/><W77/><G34/><T66/><D66/><U7/><E132/><V26/><F108/><W68/><G124/><T8/><D8/><U62/><E11/><V57/><F15/><W38/><G12/><T72/><D72/><U74/><E74/><V24/><F24/><N who="0" m="9290" /><D101/><U52/><E100/><V50/><REACH who="2" step="1"/><F36/><REACH who="2" ten="168,292,168,362" step="2"/><W71/><G38/><T28/><D28/><U103/><E30/><V70/><F70/><W134/><G71/><T116/><D116/><U65/><E9/><V126/><F126/><W122/><G68/><T53/><D37/><U76/><E123/><V73/><F73/><W42/><G122/><T90/><D90/><U78/><E76/><V21/><F21/><W39/><G22/><T87/><D45/><U117/><E46/><V63/><F63/><W86/><G39/><T54/><AGARI ba="0,1" hai="53,54,84,85,87" m="9290,49258,586" machi="54" ten="40,5200,0" yaku="28,2,19,1" doraHai="89" who="0" fromWho="0" sc="168,62,292,-13,168,-26,362,-13" /><INIT seed="7,0,0,3,5,50" ten="230,279,142,349" oya="3" hai0="19,14,45,13,55,80,109,97,8,53,103,102,135" hai1="1,89,107,73,16,7,6,24,38,87,39,81,59" hai2="76,31,35,129,20,66,69,83,93,5,54,49,41" hai3="134,27,85,130,72,132,25,101,48,68,98,34,61"/><W106/><G72/><T3/><D109/><U120/><E120/><V115/><F35/><W15/><G130/><T71/><D3/><U28/><E107/><V0/><F129/><W105/><G105/><T63/><D135/><N who="3" m="51753" /><G34/><T111/><D111/><U91/><E73/><V104/><F115/><W128/><G128/><T51/><D80/><U11/><E7/><V114/><F104/><W44/><G15/><T88/><D71/><U78/><E16/><V100/><F114/><W90/><G61/><T123/><D14/><U112/><E112/><V26/><F41/><N who="3" m="24591" /><G68/><T42/><D123/><U58/><E89/><V57/><F5/><W33/><G33/><T94/><D63/><U9/><E9/><V99/><F0/><W64/><G64/><T70/><D70/><U65/><E91/><V67/><REACH who="2" step="1"/><F69/><REACH who="2" ten="230,279,132,349" step="2"/><W82/><AGARI ba="0,1" hai="25,27,82,85,90,98,101,106" m="24591,51753" machi="82" ten="30,1500,0" yaku="20,1" doraHai="50" who="3" fromWho="3" sc="230,-5,279,-5,132,-5,349,25" owari="225,-17.0,274,7.0,127,-37.0,374,47.0" /></mjloggm>