<mjloggm ver="2.3"><GO type="41" lobby="0"/><UN n0="%E8%8C%85%E6%A3%AE" n1="%E5%B0%B1%E6%B4%BB%E7%94%9F%40%E5%B7%9D%E6%9D%91%E8%BB%8D%E5%9B%A3" n2="%E3%81%A8%E3%81%86%E3%82%81%E3%81%84" n3="%E8%BB%8D%E5%B8%AB" dan="15,15,13,15" rate="2078.38,1977.20,1828.87,1952.03" sx="F,M,M,M"/><TAIKYOKU oya="0"/><INIT seed="0,0,0,3,0,1" ten="250,250,250,250" oya="0" hai0="119,85,41,18,28,125,88,79,70,54,58,105,135" hai1="21,3,67,4,52,86,49,60,2,123,34,117,104" hai2="6,63,29,59,55,44,40,39,47,16,42,78,133" hai3="83,22,43,121,98,80,68,92,51,24,95,124,114"/><T53/><D119/><U75/><E34/><V15/><F133/><W38/><G68/><T0/><D135/><U17/><E75/><V118/><F118/><W87/><G38/><T69/><D105/><U103/><E117/><V56/><F78/><W30/><G114/><T84/><D125/><U100/><E123/><V73/><F29/><W82/><G124/><T74/><D74/><U27/><E86/><V128/><F73/><W71/><G71/><T107/><D107/><U116/><E116/><V115/><F128/><W5/><G121/><T13/><D0/><U99/><E100/><V130/><F130/><W25/><G25/><T113/><D28/><U61/><E61/><V131/><F131/><W10/><G87/><T65/><D41/><U57/><REACH who="1" step="1"/><E4/><REACH who="1" ten="250,240,250,250" step="2"/><V9/><F115/><W81/><G98/><T126/><D113/><U45/><AGARI ba="0,1" hai="2,3,17,21,27,45,49,52,57,60,67,99,103,104" machi="45" ten="20,8000,1" yaku="1,1,2,1,0,1,7,1,54,1,53,0" doraHai="1" doraHaiUra="91" who="1" fromWho="1" sc="250,-40,240,90,250,-20,250,-20" /><INIT seed="1,0,0,3,0,105" ten="210,330,230,230" oya="1" hai0="104,95,131,43,47,21,129,9,93,41,23,101,113" hai1="32,45,48,123,89,52,107,42,127,7,69,97,125" hai2="2,120,72,115,55,31,60,50,71,103,19,36,0" hai3="15,59,76,49,78,67,11,34,132,121,53,109,40"/><U37/><E32/><V99/><F120/><W83/><G34/><T126/><D113/><U17/><E123/><V5/><F36/><W27/><G121/><T110/><D104/><U57/><E7/><V51/><F115/><W82/><G132/><T39/><D110/><U92/><E69/><V135/><F31/><W25/><G109/><T63/><D126/><U80/><E107/><V68/><F72/><W75/><G67/><T6/><D43/><U130/><E130/><N who="0" m="49673" /><D63/><U18/><REACH who="1" step="1"/><E80/><REACH who="1" ten="210,320,230,230" step="2"/><V91/><F71/><W87/><G40/><T8/><D6/><AGARI ba="0,1" hai="6,11,15,25,27,49,53,59,75,76,78,82,83,87" machi="6" ten="30,2000,0" yaku="7,1,52,1" doraHai="105" who="3" fromWho="0" sc="210,-20,320,0,230,0,230,30" /><INIT seed="2,0,0,0,0,57" ten="190,320,230,260" oya="2" hai0="1,125,124,130,59,46,119,102,40,106,69,100,85" hai1="36,127,37,77,83,26,44,121,52,10,90,60,98" hai2="38,73,135,92,84,120,109,50,72,129,31,113,114" hai3="30,78,112,86,25,58,122,28,89,95,66,105,117"/><V65/><F38/><W0/><G105/><T27/><D69/><U93/><E121/><V80/><F120/><W53/><G0/><T87/><D119/><U14/><E127/><N who="0" m="48713" /><D130/><U126/><E26/><V75/><F31/><W20/><G117/><T49/><D1/><U55/><E126/><V71/><F129/><W91/><G112/><N who="2" m="43113" /><F71/><W61/><G122/><T94/><D106/><U24/><E24/><V70/><F70/><W15/><G78/><T63/><D27/><U39/><E44/><V56/><F50/><W2/><G2/><T104/><D104/><U47/><E47/><V8/><F8/><W13/><G30/><T96/><D102/><U22/><E22/><V108/><F135/><W33/><G33/><T123/><D123/><U18/><REACH who="1" step="1"/><E60/><REACH who="1" ten="190,310,230,260" step="2"/><N who="2" m="38023" /><F72/><AGARI ba="0,1" hai="10,14,18,36,37,39,52,55,72,77,83,90,93,98" machi="72" ten="40,2600,0" yaku="1,1,54,1,53,0" doraHai="57" doraHaiUra="23" who="1" fromWho="2" sc="190,0,310,36,230,-26,260,0" /><INIT seed="3,0,0,5,1,95" ten="190,346,204,260" oya="3" hai0="62,132,84,16,58,42,79,5,50,28,126,39,120" hai1="11,52,47,66,92,94,13,115,22,44,53,128,109" hai2="54,98,63,124,75,60,72,111,40,133,91,32,15" hai3="31,134,74,65,78,101,69,96,41,29,108,118,80"/><W57/><G118/><T46/><D120/><U68/><E115/><V130/><F32/><W93/><G69/><T113/><D113/><U61/><E109/><V8/><F111/><W89/><G108/><T33/><D126/><U104/><E128/><V36/><F130/><W7/><G134/><T90/><D5/><U56/><E104/><V100/><F133/><W35/><G35/><T26/><D132/><U119/><E22/><V70/><F124/><W27/><G27/><T73/><D73/><U129/><E129/><V114/><F114/><W67/><G41/><T121/><D79/><U82/><E82/><V55/><F70/><W18/><G7/><T45/><D121/><U123/><E123/><V43/><F36/><W4/><G4/><T12/><D39/><U81/><E81/><V127/><F127/><W110/><G18/><T17/><D46/><N who="1" m="17451" /><E68/><V87/><F75/><W10/><G10/><T135/><D135/><U64/><E119/><V107/><F72/><W85/><G110/><T0/><D0/><U122/><E122/><V112/><F112/><W117/><G117/><T105/><D105/><U34/><E34/><V131/><F131/><W71/><G71/><T51/><D51/><U21/><E21/><V125/><F125/><W20/><G20/><T6/><D62/><U3/><E3/><V116/><F116/><W77/><G77/><T38/><D38/><U49/><E13/><V37/><F37/><W1/><G1/><T106/><D106/><U9/><E9/><V25/><F63/><N who="3" m="38127" /><G67/><N who="1" m="25642" /><E11/><V76/><F8/><W99/><G74/><T23/><D33/><RYUUKYOKU ba="0,0" sc="190,-15,346,15,204,-15,260,15" hai1="49,52,53,56,61,92,94" hai3="29,31,78,80,85,89,93,96,99,101" /><INIT seed="3,1,0,1,0,9" ten="175,361,189,275" oya="3" hai0="110,135,56,95,26,82,92,60,58,28,10,54,50" hai1="72,44,73,41,46,65,105,81,61,42,74,8,79" hai2="17,67,130,6,62,11,51,132,89,114,84,118,7" hai3="104,21,98,3,115,69,1,85,97,124,47,19,52"/><W116/><G69/><T87/><D110/><U34/><E105/><V29/><F114/><W100/><G115/><T76/><D135/><U103/><E34/><V22/><F118/><W119/><G124/><T101/><D101/><U78/><E103/><V111/><F132/><W45/><G85/><T126/><D126/><U59/><E8/><V27/><F111/><W123/><G123/><T83/><D83/><U68/><E59/><N who="2" m="37343" /><F130/><W107/><G100/><T13/><D26/><U48/><E78/><V2/><F2/><W36/><G19/><T23/><D23/><U0/><REACH who="1" step="1"/><E0/><REACH who="1" ten="175,351,189,275" step="2"/><V71/><F11/><W121/><G121/><T112/><D112/><U128/><E128/><V31/><F7/><W16/><G1/><T120/><D120/><U122/><E122/><V80/><F6/><W127/><G3/><T70/><D70/><U94/><E94/><V75/><F75/><W18/><G127/><T33/><D33/><U30/><E30/><V91/><F29/><W12/><G21/><T96/><D28/><U129/><E129/><V43/><F31/><W99/><G104/><T93/><D96/><U37/><AGARI ba="1,1" hai="37,41,42,44,46,48,61,65,68,72,73,74,79,81" machi="37" ten="20,8000,1" yaku="1,1,0,1,7,1,53,2" doraHai="9" doraHaiUra="39" who="1" fromWho="1" sc="175,-21,351,93,189,-21,275,-41" /><INIT seed="4,0,0,5,2,46" ten="154,444,168,234" oya="0" hai0="103,40,69,9,38,34,110,85,87,3,76,88,0" hai1="132,125,27,104,94,122,91,70,16,114,7,121,97" hai2="98,39,49,86,127,124,131,67,123,115,31,80,99" hai3="68,13,58,11,129,117,6,51,48,95,92,35,93"/><T28/><D69/><U134/><E70/><V89/><F39/><W45/><G68/><T81/><D110/><U118/><E7/><V21/><F123/><N who="1" m="47113" /><E118/><V78/><F115/><W55/><G35/><T83/><D103/><U41/><E41/><V23/><F131/><W10/><G129/><T128/><D128/><U32/><E104/><V75/><F67/><W47/><G117/><T14/><D38/><U63/><E63/><V105/><F49/><W96/><G11/><T57/><D40/><U71/><E71/><V126/><F31/><W50/><G96/><N who="2" m="36905" /><F105/><W112/><G112/><T25/><REACH who="0" step="1"/><D57/><REACH who="0" ten="144,444,168,234" step="2"/><U133/><E114/><V62/><F127/><W74/><G74/><T66/><D66/><U90/><E125/><V26/><F126/><W54/><G54/><T106/><D106/><U15/><E134/><V113/><F124/><W60/><AGARI ba="0,1" hai="6,10,13,45,47,48,50,51,55,58,60,92,93,95" machi="60" ten="30,8000,1" yaku="0,1,8,1,52,3" doraHai="46" who="3" fromWho="3" sc="144,-40,444,-20,168,-20,234,90" /><INIT seed="5,0,0,5,1,126" ten="104,424,148,324" oya="1" hai0="91,49,102,98,114,7,21,64,57,51,56,25,88" hai1="122,134,113,110,87,120,127,46,41,108,124,67,23" hai2="61,22,119,68,130,83,85,109,0,103,105,27,14" hai3="71,78,8,90,131,92,89,38,123,37,45,65,1"/><U129/><E23/><V81/><F0/><W15/><G123/><N who="1" m="47146" /><E87/><V12/><F119/><W20/><G1/><T54/><D114/><U125/><E67/><V70/><F109/><N who="1" m="42089" /><E113/><V86/><F105/><W74/><G20/><T9/><D64/><U118/><E118/><V117/><F117/><W76/><G74/><T128/><D57/><U47/><E47/><V50/><F103/><W6/><G45/><T112/><D112/><U106/><E106/><V132/><F132/><W94/><G65/><T52/><D54/><U133/><E129/><V13/><F50/><AGARI ba="0,0" hai="41,46,50,124,125,127,133,134" m="42089,47146" machi="50" ten="40,12000,1" yaku="18,1,10,1,34,2" doraHai="126" who="1" fromWho="2" sc="104,0,424,120,148,-120,324,0" /><INIT seed="5,1,0,1,0,18" ten="104,544,28,324" oya="1" hai0="69,42,53,65,21,79,126,102,111,13,22,19,113" hai1="9,87,48,114,57,20,103,108,128,121,100,64,36" hai2="26,70,5,115,38,23,0,76,117,72,15,29,43" hai3="61,10,134,67,59,6,124,99,39,86,3,49,107"/><U101/><E36/><V46/><F117/><W80/><G39/><T127/><D111/><U66/><E108/><V119/><F119/><W71/><G124/><N who="0" m="47659" /><D113/><U75/><E121/><V97/><F70/><W55/><G134/><T31/><D42/><U60/><E75/><V54/><F115/><W132/><G132/><T94/><D79/><U88/><E114/><V34/><F54/><W84/><G107/><T93/><D53/><U28/><E9/><V109/><F109/><W85/><REACH who="3" step="1"/><G99/><REACH who="3" ten="104,544,28,314" step="2"/><T27/><D102/><U105/><E103/><V1/><F97/><W40/><G40/><T133/><D133/><U17/><E101/><V45/><F45/><W32/><G32/><T90/><D90/><AGARI ba="1,1" hai="3,6,10,49,55,59,61,67,71,80,84,85,86,90" machi="90" ten="30,2000,0" yaku="1,1,7,1,53,0" doraHai="18" doraHaiUra="41" who="3" fromWho="0" sc="104,-23,544,0,28,0,314,33" /><INIT seed="6,0,0,0,3,26" ten="81,544,28,347" oya="2" hai0="54,43,0,82,123,126,60,33,39,122,69,27,133" hai1="56,21,29,109,130,93,61,113,18,17,59,120,66" hai2="48,101,97,76,100,35,127,99,74,4,116,75,83" hai3="128,15,31,103,37,108,106,67,55,63,50,12,11"/><V87/><F35/><W112/><G37/><T40/><D0/><U92/><E109/><V114/><F4/><W34/><G108/><T121/><D126/><U107/><E120/><V73/><F48/><W24/><G11/><T70/><D133/><U131/><E107/><N who="2" m="63887" /><F116/><W78/><G78/><T77/><D54/><U25/><E59/><V86/><F127/><W71/><G128/><N who="1" m="49194" /><E113/><V135/><F114/><W3/><G3/><T47/><D43/><U10/><E10/><V2/><F2/><W49/><G49/><T52/><D52/><U124/><E124/><V90/><F135/><W44/><G112/><T51/><D51/><U98/><E92/><N who="2" m="58599" /><F87/><W72/><G72/><N who="0" m="43303" /><D60/><U30/><E18/><V88/><AGARI ba="0,0" hai="73,74,75,76,83,86,88,90" m="58599,63887" machi="88" ten="40,18000,2" yaku="35,5,54,1" doraHai="26" who="2" fromWho="2" sc="81,-60,544,-60,28,180,347,-60" /><INIT seed="6,1,0,3,2,87" ten="21,484,208,287" oya="2" hai0="117,77,79,60,13,58,17,56,7,100,47,36,43" hai1="68,73,34,103,118,93,122,44,10,62,24,115,135" hai2="70,128,52,98,133,112,130,81,25,29,11,4,124" hai3="119,80,38,12,53,6,71,102,67,40,42,39,16"/><V46/><F70/><W23/><G119/><T120/><D120/><U57/><E73/><V18/><F112/><W8/><G102/><T2/><D117/><U35/><E68/><V84/><F133/><W131/><G131/><N who="2" m="50217" /><F124/><W28/><G28/><T26/><D100/><U113/><E122/><V72/><F72/><W15/><G53/><T125/><D125/><U9/><E118/><V22/><F98/><W63/><REACH who="3" step="1"/><G80/><REACH who="3" ten="21,484,208,277" step="2"/><T3/><D3/><U50/><E103/><V123/><F123/><W121/><G121/><T129/><D2/><U85/><E115/><V32/><F52/><W127/><G127/><T126/><D129/><U92/><E113/><V96/><F81/><W97/><G97/><T76/><D126/><U66/><E135/><V114/><F96/><W55/><G55/><T86/><D7/><U48/><E92/><V95/><F114/><W54/><G54/><T83/><D26/><U14/><E93/><V64/><F95/><W94/><G94/><T90/><REACH who="0" step="1"/><D60/><REACH who="0" ten="11,484,208,277" step="2"/><U49/><E24/><V1/><F25/><W101/><G101/><T106/><D106/><U31/><E62/><V75/><F4/><W45/><G45/><T0/><D0/><U82/><E44/><V108/><F46/><W132/><G132/><T27/><D27/><U134/><E134/><V111/><F1/><W5/><G5/><T61/><D61/><U19/><E35/><V109/><F32/><W105/><G105/><T41/><D41/><AGARI ba="1,2" hai="6,8,12,15,16,23,38,39,40,41,42,63,67,71" machi="41" ten="40,2600,0" yaku="1,1,54,1,53,0" doraHai="87" doraHaiUra="110" who="3" fromWho="0" sc="11,-29,484,0,208,0,277,49" owari="-18,-52.0,484,58.0,208,-19.0,326,13.0" /></mjloggm>