<mjloggm ver="2.3"><GO type="193" lobby="0"/><UN n0="%6E%6F%73%68%69%40" n1="%E8%97%A4%E4%BA%95%E5%85%AB%E9%9B%B2" n2="%E5%B0%B1%E6%B4%BB%E7%94%9F%40%E5%B7%9D%E6%9D%91%E8%BB%8D%E5%9B%A3" n3="%74%75%2D%6E%6F" dan="12,12,12,12" rate="1677.58,1685.65,1767.85,1699.53" sx="M,F,M,M"/><TAIKYOKU oya="0"/><INIT seed="0,0,0,1,5,10" ten="250,250,250,250" oya="0" hai0="104,88,47,93,55,60,2,74,52,87,94,53,78" hai1="54,114,31,82,76,86,71,26,16,119,40,95,117" hai2="79,46,108,116,12,22,68,48,134,107,75,15,41" hai3="1,84,23,66,0,5,118,45,135,106,51,102,18"/><T96/><D2/><U59/><E71/><V13/><F68/><W4/><G118/><T81/><D94/><U33/><E114/><V115/><F115/><W73/><G73/><T63/><D47/><U85/><E40/><V6/><F116/><W11/><G135/><T67/><D67/><U30/><E30/><V129/><F107/><W121/><G121/><T124/><D124/><U91/><REACH who="1" step="1"/><E16/><REACH who="1" ten="250,240,250,250" step="2"/><V103/><F134/><W36/><G4/><T7/><REACH who="0" step="1"/><D7/><REACH who="0" ten="240,240,250,250" step="2"/><U110/><E110/><V17/><F108/><W109/><G5/><T61/><D61/><AGARI ba="0,2" hai="26,31,33,54,59,61,76,82,85,86,91,95,117,119" machi="61" ten="30,2000,0" yaku="1,1,7,1,53,0" doraHai="10" doraHaiUra="105" who="1" fromWho="0" sc="240,-20,240,40,250,0,250,0" /><INIT seed="1,0,0,5,5,10" ten="220,280,250,250" oya="1" hai0="111,65,24,3,67,8,122,47,51,31,132,25,56" hai1="81,86,101,77,116,113,28,98,17,75,63,69,9" hai2="129,45,15,83,97,85,124,104,33,100,30,88,20" hai3="119,123,12,21,26,14,36,11,134,112,110,55,58"/><U80/><E28/><V73/><F124/><W99/><G36/><T60/><D111/><U54/><E116/><V87/><F129/><W84/><G119/><T107/><D107/><U105/><E113/><V70/><F70/><W41/><G123/><T115/><D115/><U82/><E69/><V18/><F73/><W92/><G112/><T44/><D122/><U78/><E63/><V37/><F85/><W89/><G110/><T95/><D25/><U1/><E54/><V117/><F117/><W5/><G134/><T29/><D132/><U48/><E48/><V2/><F2/><W128/><G128/><T32/><D31/><U34/><E1/><V39/><REACH who="2" step="1"/><F45/><REACH who="2" ten="220,280,240,250" step="2"/><W64/><G84/><T19/><D44/><U27/><E82/><V79/><F79/><W62/><G99/><T46/><D3/><U93/><E34/><V114/><F114/><W61/><G58/><T71/><D46/><U109/><E109/><V50/><F50/><W42/><G41/><T57/><D71/><U120/><E120/><V108/><F108/><W90/><G42/><T135/><D135/><U131/><E131/><V13/><F13/><W125/><G125/><T96/><D56/><U40/><E40/><V53/><F53/><W74/><G74/><T94/><D65/><U43/><E43/><V121/><F121/><W0/><G0/><T52/><D96/><U23/><E9/><V72/><F72/><W4/><G14/><T130/><REACH who="0" step="1"/><D130/><REACH who="0" ten="210,280,240,250" step="2"/><U49/><REACH who="1" step="1"/><E49/><REACH who="1" ten="210,270,240,250" step="2"/><V106/><F106/><AGARI ba="0,3" hai="17,23,27,75,77,78,80,81,86,93,98,101,105,106" machi="106" ten="40,3900,0" yaku="1,1,2,1,53,0" doraHai="10" doraHaiUra="66" who="1" fromWho="2" sc="210,0,270,69,240,-39,250,0" /><INIT seed="1,1,0,5,1,67" ten="210,339,201,250" oya="1" hai0="58,65,10,4,66,50,129,74,132,100,23,75,105" hai1="68,111,83,110,26,62,28,2,94,64,106,131,53" hai2="0,87,31,59,14,108,9,123,42,128,30,15,43" hai3="6,44,47,130,98,61,104,119,101,33,55,34,90"/><U70/><E2/><V78/><F123/><W93/><G119/><T86/><D66/><U27/><E106/><V5/><F128/><W46/><G130/><T121/><D121/><U122/><E131/><V117/><F117/><W17/><G6/><T113/><D129/><U20/><E122/><V107/><F107/><W41/><G17/><T25/><D113/><U56/><E83/><N who="2" m="47607" /><F0/><W120/><G120/><T73/><D86/><U49/><E94/><V35/><F35/><W109/><G109/><N who="1" m="41482" /><E27/><V7/><F108/><W82/><G104/><T37/><D37/><U114/><E114/><V115/><F115/><W112/><G112/><T18/><D132/><U79/><E79/><V40/><F59/><AGARI ba="1,0" hai="20,26,28,49,53,56,59,62,64,68,70" m="41482" machi="59" ten="30,11600,0" yaku="14,1,10,1,52,2" doraHai="67" who="1" fromWho="2" sc="210,0,339,119,201,-119,250,0" /><INIT seed="1,2,0,3,1,4" ten="210,458,82,250" oya="1" hai0="90,8,54,135,76,22,36,37,87,134,17,81,21" hai1="46,58,30,26,40,52,28,16,73,0,9,32,45" hai2="133,107,20,132,97,110,5,6,98,11,117,29,59" hai3="35,64,102,10,38,106,71,121,70,72,60,112,108"/><U80/><E73/><V24/><F117/><W47/><G35/><T77/><D54/><U55/><E80/><V69/><F69/><W74/><G71/><T109/><D109/><U128/><E128/><V19/><F110/><W50/><G108/><T83/><D87/><U33/><E0/><V18/><F59/><W75/><G121/><T103/><D103/><U62/><E55/><V1/><F107/><W91/><G112/><T51/><D51/><U126/><E126/><V25/><F98/><W63/><G63/><T7/><D7/><U99/><E99/><V65/><F65/><W100/><G38/><T89/><D17/><N who="2" m="6154" /><F97/><W120/><G120/><T93/><D93/><U27/><REACH who="1" step="1"/><E40/><REACH who="1" ten="210,448,82,250" step="2"/><V48/><F133/><W49/><G72/><T43/><REACH who="0" step="1"/><D43/><REACH who="0" ten="200,448,82,250" step="2"/><U85/><E85/><V68/><F132/><W23/><G74/><T115/><D115/><U67/><E67/><V13/><F48/><W57/><G50/><T119/><D119/><U130/><E130/><V118/><F118/><W84/><G75/><T92/><D92/><U56/><E56/><V2/><F68/><W42/><G70/><T34/><D34/><U14/><AGARI ba="2,2" hai="9,14,16,26,27,28,30,32,33,45,46,52,58,62" machi="14" ten="30,18000,2" yaku="1,1,0,1,9,1,52,1,54,2,53,0" doraHai="4" doraHaiUra="122" who="1" fromWho="1" sc="200,-62,448,206,82,-62,250,-62" /><INIT seed="1,3,0,3,0,8" ten="138,654,20,188" oya="1" hai0="84,77,13,26,134,83,130,63,113,41,47,86,116" hai1="125,3,93,104,23,28,124,129,91,20,115,103,80" hai2="99,43,51,96,114,112,94,75,60,100,118,57,31" hai3="37,54,132,108,2,85,14,35,45,30,65,82,42"/><U64/><E115/><N who="2" m="44075" /><F75/><W95/><G2/><T88/><D113/><U66/><E3/><V62/><F118/><W17/><G108/><T67/><D116/><U56/><E129/><V40/><F31/><W9/><G132/><T7/><D134/><U79/><E28/><V6/><F6/><W32/><G65/><N who="1" m="25194" /><E56/><V46/><F40/><W49/><G95/><T24/><D130/><U71/><E71/><V102/><F57/><W135/><G30/><T109/><D109/><U117/><E117/><V105/><AGARI ba="3,0" hai="43,46,51,60,62,94,96,99,100,102,105" m="44075" machi="105" ten="30,1100,0" yaku="11,1" doraHai="8" who="2" fromWho="2" sc="138,-6,654,-8,20,20,188,-6" /><INIT seed="2,0,0,5,3,17" ten="132,646,40,182" oya="2" hai0="127,101,71,22,63,62,85,27,38,110,106,35,122" hai1="32,96,125,24,78,124,19,58,129,117,88,126,43" hai2="30,49,74,51,98,54,130,87,104,40,9,123,111" hai3="29,18,5,94,8,44,15,28,37,16,48,1,39"/><V2/><F74/><W93/><G18/><T79/><D122/><U26/><E78/><V100/><F123/><W131/><G131/><T64/><D38/><U68/><E129/><V11/><F130/><W3/><G39/><T70/><D127/><U59/><E68/><V10/><F111/><W25/><G37/><T66/><D110/><U61/><E43/><V77/><F2/><W84/><G84/><T107/><D35/><U21/><E117/><V83/><F30/><W41/><G29/><T109/><D101/><U90/><E61/><V102/><F102/><W114/><G114/><T99/><D99/><U91/><E96/><V86/><F40/><W52/><G41/><T132/><D132/><U12/><E32/><V80/><REACH who="2" step="1"/><F54/><REACH who="2" ten="132,646,30,182" step="2"/><W120/><G120/><T73/><D109/><U103/><E103/><V118/><F118/><W45/><G3/><T14/><D73/><U135/><E135/><V113/><F113/><W69/><G69/><T42/><D42/><U13/><E13/><V76/><AGARI ba="0,1" hai="9,10,11,49,51,76,77,80,83,86,87,98,100,104" machi="76" ten="30,6000,0" yaku="1,1,0,1,9,1,53,0" doraHai="17" doraHaiUra="0" who="2" fromWho="2" sc="132,-20,646,-20,30,70,182,-20" /><INIT seed="2,1,0,4,4,42" ten="112,626,100,162" oya="2" hai0="21,15,81,110,51,123,56,57,26,50,48,95,109" hai1="88,9,7,120,5,119,53,131,58,101,87,82,71" hai2="99,121,24,79,10,11,128,59,80,76,45,18,106" hai3="46,89,74,28,32,90,17,0,6,13,126,116,60"/><V64/><F121/><W93/><G74/><T4/><D123/><U34/><E120/><V85/><F128/><W27/><G116/><T115/><D115/><U25/><E119/><V63/><F79/><W97/><G126/><T130/><D130/><U33/><E131/><V103/><F18/><W31/><G31/><T12/><D81/><U40/><E71/><V44/><F24/><W91/><G6/><T94/><D4/><U8/><E101/><V135/><F135/><W112/><G112/><T39/><D21/><U124/><E124/><V133/><REACH who="2" step="1"/><F133/><REACH who="2" ten="112,626,90,162" step="2"/><W114/><G114/><T122/><D26/><U19/><E40/><V66/><F66/><W132/><G132/><T62/><D122/><U61/><E25/><V23/><F23/><W16/><G0/><T30/><D30/><U38/><E38/><V14/><F14/><W2/><G2/><T75/><D39/><U104/><E104/><V35/><F35/><W49/><G60/><T36/><D36/><U3/><E19/><V83/><F83/><W55/><G17/><T86/><D62/><U54/><E53/><V118/><F118/><W96/><G96/><T52/><D52/><U134/><E134/><V68/><F68/><W72/><G72/><T73/><D73/><U29/><E29/><V129/><F129/><W20/><AGARI ba="1,1" hai="13,16,20,27,28,32,46,49,55,89,90,91,93,97" machi="20" ten="20,5200,0" yaku="0,1,7,1,52,1,54,1" doraHai="42" who="3" fromWho="3" sc="112,-14,626,-14,90,-27,162,65" /><INIT seed="3,0,0,3,0,14" ten="98,612,63,227" oya="3" hai0="113,128,72,70,48,40,79,58,67,63,122,11,3" hai1="44,24,51,25,56,54,74,42,86,90,35,92,53" hai2="31,110,132,106,134,78,13,0,27,41,82,69,36" hai3="34,19,81,29,125,12,103,121,39,105,80,119,38"/><W111/><G121/><T108/><D48/><U102/><E74/><V21/><F110/><W129/><G111/><T88/><D108/><U83/><E35/><V30/><F106/><W115/><G115/><T120/><D113/><U55/><REACH who="1" step="1"/><E56/><REACH who="1" ten="98,602,63,227" step="2"/><V73/><F69/><W71/><G71/><T94/><D58/><U127/><E127/><V107/><F107/><W131/><G119/><T101/><D72/><U26/><E26/><V7/><F31/><W10/><G125/><T100/><D70/><U97/><AGARI ba="0,1" hai="24,25,42,44,51,53,54,55,83,86,90,92,97,102" machi="97" ten="30,4000,0" yaku="1,1,0,1,8,1,53,0" doraHai="14" doraHaiUra="59" who="1" fromWho="1" sc="98,-10,602,50,63,-10,227,-20" owari="88,-31.0,652,75.0,53,-45.0,207,1.0" /></mjloggm>