<mjloggm ver="2.3"><GO type="97" lobby="0"/><UN n0="%E5%B0%B1%E6%B4%BB%E7%94%9F%40%E5%B7%9D%E6%9D%91%E8%BB%8D%E5%9B%A3" n1="%E5%8B%95%E7%94%BB%E7%9B%AE%E7%9A%84%EF%BC%9F" n2="%E5%AE%B6%E8%B3%83" n3="%E3%83%AC%E3%83%AD%E3%83%88%E3%83%A9%E3%83%BC" dan="13,14,14,14" rate="1910.63,1920.62,2025.47,1903.10" sx="M,M,M,M"/><TAIKYOKU oya="0"/><INIT seed="0,0,0,4,2,42" ten="250,250,250,250" oya="0" hai0="4,39,114,96,130,127,55,113,25,16,71,108,38" hai1="3,123,68,51,69,34,100,122,61,94,45,64,27" hai2="6,59,112,67,8,117,20,52,134,109,15,88,118" hai3="66,97,11,2,125,72,0,21,132,40,53,18,9"/><T81/><D71/><U135/><E3/><V115/><F109/><W116/><G72/><T60/><D4/><U70/><E135/><V98/><F134/><W126/><G132/><T75/><D127/><N who="3" m="48649" /><G97/><T14/><D130/><U7/><E7/><V17/><F67/><W32/><G66/><T62/><D108/><U95/><E27/><V50/><F115/><W124/><N who="3" m="48657" /><W79/><DORA hai="1" /><G79/><T5/><D39/><U91/><E34/><V47/><F112/><W49/><G40/><T83/><D38/><U13/><E13/><V84/><F98/><W74/><G74/><T129/><D129/><U76/><E76/><V103/><F103/><W54/><G32/><T105/><D75/><U10/><E10/><N who="3" m="3594" /><G116/><T31/><D5/><U56/><E100/><V119/><F59/><N who="3" m="33199" /><G54/><T36/><D36/><U35/><E35/><V92/><F20/><W44/><G44/><T19/><D113/><U101/><E101/><V28/><F28/><W128/><G128/><T30/><D114/><U89/><E95/><V77/><F77/><W65/><G65/><T93/><D105/><U120/><REACH who="1" step="1"/><E94/><REACH who="1" ten="250,240,250,250" step="2"/><V102/><F102/><W104/><G104/><T58/><D93/><U133/><E133/><V99/><F99/><W107/><G107/><T26/><D96/><U12/><E12/><AGARI ba="0,1" hai="0,2,12,18,21" m="33199,3594,48657" machi="12" ten="40,1300,0" yaku="18,1" doraHai="42,1" who="3" fromWho="1" sc="250,0,240,-13,250,0,250,23" /><INIT seed="1,0,0,5,3,62" ten="250,227,250,273" oya="1" hai0="77,32,95,11,70,5,51,16,84,124,57,85,68" hai1="106,80,22,120,127,115,26,49,71,119,34,21,88" hai2="20,40,111,79,37,56,18,113,53,59,12,100,15" hai3="44,45,61,38,101,108,130,46,41,86,102,66,60"/><U116/><E120/><V109/><F113/><W54/><G86/><T42/><D32/><U69/><E106/><V112/><F112/><W131/><G102/><T81/><D124/><U67/><E127/><V107/><F79/><W19/><G19/><T1/><D84/><U64/><E115/><V103/><F40/><W0/><G0/><T132/><D132/><U2/><E2/><V78/><F37/><W89/><G89/><T28/><D28/><U14/><E49/><V82/><F107/><W39/><G101/><T94/><D68/><U105/><E105/><V36/><F36/><N who="3" m="13867" /><G41/><T99/><D70/><U91/><E26/><V135/><F135/><W17/><G17/><T24/><D99/><U27/><E27/><V90/><F90/><W4/><G4/><T96/><D96/><U133/><E133/><V29/><F29/><W74/><G74/><T92/><D57/><U13/><E80/><V55/><F82/><W87/><G87/><T23/><D42/><U48/><E48/><V30/><F30/><W52/><G108/><T110/><D51/><U114/><REACH who="1" step="1"/><E114/><REACH who="1" ten="250,217,250,273" step="2"/><V3/><F3/><W31/><G31/><T10/><D110/><U123/><E123/><V65/><F111/><W58/><G61/><T98/><D98/><U83/><E83/><V134/><F109/><W75/><G75/><T8/><AGARI ba="0,1" hai="1,5,8,10,11,16,23,24,77,81,85,92,94,95" machi="8" ten="30,2000,0" yaku="0,1,54,1" doraHai="62" who="0" fromWho="0" sc="250,30,217,-10,250,-5,273,-5" /><INIT seed="2,0,0,0,0,117" ten="280,207,245,268" oya="2" hai0="81,80,43,1,126,32,103,93,59,63,27,94,120" hai1="46,3,125,40,123,19,106,42,61,87,47,70,85" hai2="112,64,101,22,109,131,66,74,95,13,88,79,96" hai3="127,38,60,54,24,0,21,68,39,110,17,134,89"/><V108/><F112/><W12/><G0/><T90/><D1/><U77/><E123/><V49/><F131/><W18/><G127/><T97/><D126/><U114/><E125/><V26/><F13/><W65/><G134/><T135/><D135/><U2/><E106/><V73/><F79/><W45/><G110/><N who="2" m="42601" /><F49/><W105/><G105/><T98/><D120/><U100/><E114/><V129/><F129/><W133/><G133/><T84/><D43/><U23/><E100/><V48/><F48/><W6/><G6/><T118/><D118/><U44/><E3/><V16/><F101/><W132/><G132/><T51/><D51/><U67/><E2/><V57/><F57/><W91/><G39/><T86/><D27/><U113/><E113/><V37/><F37/><W83/><G83/><N who="0" m="31819" /><D32/><U75/><E75/><AGARI ba="0,0" hai="16,22,26,64,66,73,74,75,88,95,96" m="42601" machi="75" ten="30,11600,0" yaku="14,1,10,1,54,2" doraHai="117" who="2" fromWho="1" sc="280,0,207,-116,245,116,268,0" /><INIT seed="2,1,0,0,3,40" ten="280,91,361,268" oya="2" hai0="116,89,46,42,100,43,78,0,107,33,128,104,127" hai1="35,71,29,70,67,69,23,85,110,54,51,74,81" hai2="96,130,30,125,19,48,36,62,27,39,111,115,132" hai3="79,50,112,109,17,49,6,61,114,102,20,97,1"/><V13/><F115/><N who="3" m="44075" /><G79/><T11/><D116/><U91/><E110/><V22/><F111/><W4/><G109/><T92/><D127/><U82/><E35/><V8/><F132/><W12/><G61/><T73/><D128/><U105/><E105/><V135/><F135/><W76/><G76/><T25/><D43/><U129/><E129/><V2/><F130/><W106/><G1/><T134/><D100/><U133/><E133/><V9/><F125/><W75/><G75/><T77/><D77/><U118/><E118/><V28/><F62/><W56/><G56/><T90/><D90/><U47/><E23/><V83/><F83/><W103/><G103/><T95/><D95/><U120/><E120/><V101/><F28/><W60/><G60/><T59/><D59/><U55/><E29/><V32/><F9/><N who="3" m="4135" /><G6/><N who="0" m="1479" /><D89/><U53/><E74/><V16/><F48/><W65/><G65/><T126/><D92/><U64/><REACH who="1" step="1"/><E82/><REACH who="1" ten="280,81,361,268" step="2"/><V41/><F32/><W63/><G106/><T58/><D134/><U52/><AGARI ba="1,1" hai="47,51,52,53,54,55,64,67,69,70,71,81,85,91" machi="52" ten="40,8000,1" yaku="1,1,2,1,0,1,52,1,54,1,53,0" doraHai="40" doraHaiUra="121" who="1" fromWho="1" sc="280,-21,81,93,361,-41,268,-21" /><INIT seed="3,0,0,1,5,111" ten="259,174,320,247" oya="3" hai0="121,135,3,16,56,88,123,115,27,125,110,36,45" hai1="22,41,53,95,114,67,20,35,64,87,124,59,117" hai2="103,30,37,26,78,122,40,13,71,98,116,77,108" hai3="96,106,47,132,113,12,128,97,24,43,82,25,9"/><W38/><G132/><T85/><D3/><U90/><E117/><V17/><F71/><W8/><G128/><T14/><D110/><U15/><E124/><V120/><F116/><W133/><G133/><T28/><D135/><U129/><E129/><V118/><F118/><W44/><G113/><T31/><D125/><U83/><E35/><V61/><F108/><W68/><G68/><T70/><D70/><U19/><E41/><V105/><F61/><W33/><G82/><T51/><D115/><U2/><E2/><V39/><F40/><W104/><G43/><T5/><D36/><N who="2" m="13898" /><F26/><W76/><G12/><T62/><D5/><U84/><E114/><V74/><F30/><W112/><G112/><T60/><D121/><N who="2" m="46698" /><F74/><W66/><G66/><T6/><D6/><U102/><E22/><AGARI ba="0,0" hai="13,17,22,77,78,98,103,105" m="46698,13898" machi="22" ten="30,1000,0" yaku="13,1" doraHai="111" who="2" fromWho="1" sc="259,0,174,-10,320,10,247,0" owari="259,6.0,164,-34.0,330,43.0,247,-15.0" /></mjloggm>