<mjloggm ver="2.3"><GO type="41" lobby="0"/><UN n0="%E3%82%A6%E3%83%AB%E3%83%88%E3%83%A9%E7%AB%8B%E7%9B%B4" n1="%E3%83%8F%E3%83%B3%E3%81%A1%E3%82%83%E3%82%93" n2="%68%6F%72%69%30%39%30%31" n3="%E3%82%91%E3%81%B1%E3%82%93" dan="15,13,14,13" rate="2010.09,1840.22,1834.72,1840.25" sx="M,M,M,F"/><TAIKYOKU oya="0"/><INIT seed="0,0,0,3,3,66" ten="250,250,250,250" oya="0" hai0="92,111,27,52,105,108,9,114,106,25,99,11,2" hai1="69,101,45,107,104,121,76,4,55,53,10,12,3" hai2="14,97,13,80,43,122,135,41,125,124,88,112,113" hai3="20,100,65,8,90,132,15,19,126,70,89,62,42"/><T57/><D114/><U110/><E121/><V30/><F30/><W18/><G132/><T31/><D106/><U71/><E110/><N who="0" m="42025" /><D105/><U91/><E76/><V64/><F122/><W24/><G126/><N who="2" m="48745" /><F135/><W60/><G100/><N who="0" m="60519" /><D2/><U54/><E45/><V6/><F64/><W83/><G60/><N who="0" m="35879" /><D27/><U86/><E3/><V73/><F113/><W103/><G103/><T75/><D75/><U23/><E23/><AGARI ba="0,0" hai="9,11,23,25,31" m="35879,60519,42025" machi="23" ten="30,5800,0" yaku="14,1,10,1,54,1" doraHai="66" who="0" fromWho="1" sc="250,58,250,-58,250,0,250,0" /><INIT seed="0,1,0,1,1,104" ten="308,192,250,250" oya="0" hai0="16,118,25,33,13,29,110,41,129,37,105,124,113" hai1="4,40,28,60,98,0,21,117,106,59,70,100,20" hai2="10,87,80,67,108,17,53,36,65,101,15,68,54" hai3="115,22,32,1,120,12,95,38,46,81,23,24,49"/><T27/><D105/><U128/><E117/><V130/><F36/><W126/><G120/><T63/><D37/><U64/><E128/><V92/><F130/><W90/><G115/><T66/><D129/><U97/><E40/><V11/><F68/><W109/><G109/><T122/><D122/><U18/><E18/><V116/><F108/><W77/><G126/><T69/><D110/><U50/><E97/><N who="2" m="59559" /><F116/><W86/><G38/><T112/><D118/><U56/><E4/><V51/><F10/><W58/><G1/><T102/><D102/><U7/><E7/><V73/><F73/><W72/><G58/><T61/><D124/><U30/><E0/><V26/><F26/><W91/><G91/><T48/><D27/><U39/><E39/><V119/><F119/><W76/><G76/><T44/><REACH who="0" step="1"/><D63/><REACH who="0" ten="298,192,250,250" step="2"/><U42/><E50/><V45/><F87/><W52/><REACH who="3" step="1"/><G12/><REACH who="3" ten="298,192,250,240" step="2"/><T3/><D3/><U96/><E100/><V132/><F51/><W5/><G5/><T94/><D94/><U121/><E121/><V6/><F6/><W14/><G14/><T83/><D83/><U123/><E123/><V57/><F80/><W34/><G34/><T2/><D2/><U89/><E89/><V131/><F131/><W47/><G47/><T62/><D62/><U8/><E60/><V107/><F45/><W35/><G35/><T55/><D55/><U88/><E88/><V133/><F54/><W93/><G93/><T114/><D114/><U75/><E106/><V71/><F107/><W134/><G134/><T127/><D127/><U78/><E78/><V99/><F133/><RYUUKYOKU ba="1,2" sc="298,15,192,-15,250,-15,240,15" hai0="13,16,25,29,33,41,44,48,61,66,69,112,113" hai3="22,23,24,32,46,49,52,72,77,81,86,90,95" /><INIT seed="0,2,2,0,2,98" ten="313,177,235,255" oya="0" hai0="12,73,87,25,80,71,82,104,4,102,60,99,109" hai1="107,130,74,64,77,62,29,56,44,21,112,103,0" hai2="114,51,46,129,66,23,28,85,31,128,19,5,134" hai3="47,115,27,53,48,125,37,123,11,110,124,61,95"/><T90/><D109/><U59/><E130/><N who="2" m="50283" /><F5/><W79/><G110/><T36/><D36/><U127/><E112/><V20/><F114/><W2/><G115/><T68/><D25/><U89/><E127/><N who="3" m="48714" /><G123/><T65/><D71/><U119/><E0/><V45/><F134/><W135/><G135/><T83/><REACH who="0" step="1"/><D73/><REACH who="0" ten="303,177,235,255" step="2"/><U15/><E119/><V70/><F70/><W49/><G27/><T105/><D105/><U24/><E74/><V10/><F66/><W121/><G121/><T118/><D118/><U34/><E34/><V106/><F106/><W17/><G37/><T58/><D58/><U126/><E59/><V52/><F45/><W16/><G47/><T133/><D133/><U76/><E44/><V122/><F122/><W88/><G61/><T13/><D13/><U14/><E126/><V41/><F31/><W97/><G79/><N who="1" m="30282" /><E107/><V9/><F28/><W92/><G2/><T131/><D131/><U26/><E26/><V132/><F132/><W75/><G75/><T93/><D93/><U7/><E7/><V38/><F19/><N who="3" m="7243" /><G95/><T72/><D72/><U30/><E30/><V63/><F63/><W113/><G113/><T55/><D55/><U100/><E14/><V96/><F38/><W108/><G108/><T1/><D1/><U91/><E15/><V32/><F41/><W40/><G40/><T81/><D81/><U78/><E78/><V43/><F43/><W54/><G53/><T117/><D117/><U101/><AGARI ba="2,3" hai="21,24,29,56,62,64,89,91,100,101,103" m="30282" machi="101" ten="30,7900,0" yaku="8,1,52,3" doraHai="98" who="1" fromWho="1" sc="303,-41,177,115,235,-22,255,-22" /><INIT seed="1,0,0,4,1,30" ten="262,292,213,233" oya="1" hai0="131,110,61,118,125,48,92,124,103,102,88,35,42" hai1="101,77,25,123,15,21,76,109,66,90,19,95,62" hai2="69,23,129,43,37,8,127,59,64,0,13,113,26" hai3="47,85,114,70,116,89,112,63,52,97,29,79,122"/><U34/><E123/><V49/><F113/><W134/><G122/><T87/><D118/><U22/><E109/><V71/><F0/><W82/><G116/><T4/><D4/><U44/><E101/><N who="0" m="38409" /><D61/><U83/><E83/><V72/><F72/><W107/><G134/><T16/><D42/><U96/><E44/><V104/><F104/><W58/><G29/><T32/><D48/><U18/><E34/><V5/><F37/><W33/><G33/><N who="0" m="12875" /><D16/><U115/><REACH who="1" step="1"/><E115/><REACH who="1" ten="262,282,213,233" step="2"/><V132/><F132/><W80/><G47/><T46/><D46/><U126/><E126/><N who="0" m="48745" /><D131/><U106/><E106/><V99/><F127/><W1/><G114/><T54/><D54/><U133/><E133/><V128/><F129/><W78/><G112/><T60/><D60/><U31/><E31/><V12/><F128/><W117/><G117/><T67/><D67/><U45/><E45/><V121/><F43/><W2/><G70/><AGARI ba="0,1" hai="15,18,19,21,22,25,62,66,70,76,77,90,95,96" machi="70" ten="30,5800,0" yaku="1,1,7,1,53,1" doraHai="30" doraHaiUra="20" who="1" fromWho="3" sc="262,0,282,68,213,0,233,-58" /><INIT seed="1,1,0,1,3,39" ten="262,350,213,175" oya="1" hai0="81,56,23,12,131,108,113,114,71,26,75,59,96" hai1="119,133,99,42,11,122,83,76,61,0,50,66,2" hai2="95,109,80,28,129,130,79,43,57,102,93,116,101" hai3="117,37,132,45,1,24,134,34,126,120,118,55,86"/><U125/><E122/><V100/><F28/><N who="3" m="19719" /><G86/><T84/><D75/><U7/><E119/><N who="3" m="45578" /><G55/><T72/><D72/><U128/><E133/><N who="3" m="51306" /><G1/><T32/><D96/><U65/><E128/><V107/><F57/><W88/><G88/><T121/><D131/><N who="2" m="50186" /><F116/><W103/><G103/><T3/><D84/><U92/><E125/><V60/><F60/><W51/><G51/><T5/><D59/><U4/><E0/><V33/><F33/><W46/><G46/><T98/><D56/><U18/><E7/><V67/><F67/><W31/><G31/><T89/><D89/><U20/><E61/><V106/><F107/><W41/><G126/><T22/><D81/><U105/><E105/><V21/><F106/><W15/><G15/><T58/><D58/><U54/><E83/><V73/><F95/><W30/><G30/><T97/><D12/><U110/><E76/><V127/><F93/><W14/><G14/><T82/><D82/><U78/><E78/><V25/><F127/><W44/><G44/><T104/><D104/><U52/><E92/><V112/><F102/><W77/><G77/><T68/><D3/><U48/><E99/><V13/><F13/><W17/><G17/><T124/><D98/><U16/><E18/><V36/><F101/><W90/><G90/><T111/><D97/><U63/><E66/><V38/><F100/><W8/><G8/><T62/><D124/><U19/><E19/><V6/><F79/><W64/><G64/><T49/><D49/><U94/><E50/><V27/><F80/><W115/><G120/><T74/><D121/><U9/><E65/><RYUUKYOKU ba="1,0" sc="262,-10,350,-10,213,-10,175,30" hai3="37,41,45,115" /><INIT seed="2,2,0,4,4,126" ten="252,340,203,205" oya="2" hai0="37,88,54,112,52,6,0,89,61,64,2,86,97" hai1="105,12,103,36,123,8,68,74,106,45,119,18,66" hai2="80,53,101,40,16,121,13,5,95,67,17,117,91" hai3="50,11,39,94,104,65,30,29,90,102,72,92,56"/><V47/><F117/><W85/><G39/><T125/><D37/><U135/><E119/><V26/><F121/><W60/><G72/><T107/><D112/><U32/><E123/><V4/><F67/><W7/><G104/><T58/><D125/><U93/><E135/><V78/><F101/><W63/><G50/><T51/><D6/><U69/><E32/><V108/><F53/><W84/><G63/><T73/><D73/><U14/><E74/><V96/><F26/><W55/><G65/><T42/><D42/><U127/><E127/><V28/><F28/><W46/><G46/><T31/><D31/><U43/><E66/><V132/><F132/><W114/><G114/><T83/><D54/><U70/><REACH who="1" step="1"/><E14/><REACH who="1" ten="252,330,203,205" step="2"/><V98/><F108/><W129/><G129/><T110/><D110/><U76/><E76/><V15/><F98/><AGARI ba="2,1" hai="8,12,18,36,43,45,68,69,70,93,98,103,105,106" machi="98" ten="40,1300,0" yaku="1,1,53,0" doraHai="126" doraHaiUra="87" who="1" fromWho="2" sc="252,0,330,29,203,-19,205,0" /><INIT seed="3,0,0,5,1,8" ten="252,359,184,205" oya="3" hai0="4,38,86,66,117,74,16,106,102,6,46,60,35" hai1="56,61,31,55,111,80,78,28,90,43,25,40,76" hai2="41,122,24,87,68,134,104,9,77,11,115,99,89" hai3="49,50,84,62,101,114,14,44,131,129,21,75,110"/><W126/><G114/><T133/><D74/><U72/><E111/><V32/><F41/><W48/><G75/><T0/><D117/><U34/><E31/><V88/><F87/><W26/><G110/><T73/><D73/><U112/><E112/><V7/><F7/><W33/><G33/><T12/><D35/><U124/><E124/><V13/><F32/><W18/><G126/><T105/><D133/><U95/><REACH who="1" step="1"/><E78/><REACH who="1" ten="252,349,184,205" step="2"/><V100/><F115/><W39/><G39/><T59/><D38/><U20/><E20/><V3/><F77/><W45/><G101/><T69/><D69/><U64/><E64/><V19/><F68/><W121/><G121/><T81/><D0/><U96/><AGARI ba="0,1" hai="25,28,34,40,43,55,56,61,72,76,80,90,95,96" machi="96" ten="20,5200,0" yaku="1,1,0,1,7,1,53,1" doraHai="8" doraHaiUra="85" who="1" fromWho="1" sc="252,-13,349,62,184,-13,205,-26" /><INIT seed="4,0,0,1,3,93" ten="239,411,171,179" oya="0" hai0="43,128,37,80,16,88,1,118,34,5,78,72,21" hai1="23,26,135,60,3,91,89,129,114,83,8,102,74" hai2="65,50,55,36,111,69,54,64,39,109,134,71,112" hai3="28,116,125,18,101,98,120,20,25,119,117,44,127"/><T51/><D118/><U103/><E114/><V67/><F112/><W110/><G110/><T17/><D34/><U84/><E135/><V2/><F2/><W22/><G44/><T126/><D126/><U35/><E129/><V73/><F73/><W9/><G120/><T41/><D128/><U59/><E35/><V75/><F75/><W82/><G82/><T115/><D115/><U113/><E74/><V107/><F107/><W10/><G101/><T12/><D37/><U100/><E113/><V6/><F6/><W79/><G98/><T31/><D31/><U68/><E68/><V30/><F30/><W63/><G63/><T66/><D66/><U40/><E40/><V56/><F134/><W99/><G99/><T77/><D77/><N who="1" m="46191" /><E8/><V108/><REACH who="2" step="1"/><F55/><REACH who="2" ten="239,411,161,179" step="2"/><W38/><G38/><AGARI ba="0,1" hai="36,38,39,50,54,56,64,65,67,69,71,108,109,111" machi="38" ten="50,12000,2" yaku="1,1,2,1,34,3,53,1" doraHai="93" doraHaiUra="45" who="2" fromWho="3" sc="239,0,411,0,161,130,179,-120" /><INIT seed="5,0,0,2,1,68" ten="239,411,291,59" oya="1" hai0="104,105,79,98,43,17,131,114,118,14,130,89,119" hai1="86,38,102,44,107,62,106,23,94,16,4,87,63" hai2="90,103,48,101,70,81,41,93,82,133,31,115,92" hai3="100,29,88,10,49,47,24,34,77,8,84,66,132"/><U39/><E4/><V32/><F70/><W75/><G132/><T35/><D35/><U71/><E44/><V109/><F109/><W126/><G126/><T116/><D17/><U2/><E2/><V56/><F32/><W121/><G121/><T127/><D127/><U36/><E71/><V52/><F31/><W21/><G34/><T85/><D14/><U80/><E87/><V135/><F115/><W12/><G8/><T22/><D22/><U57/><E63/><V95/><F133/><W134/><G134/><T111/><D43/><U11/><E11/><V110/><F110/><W50/><G75/><T60/><D60/><U117/><E117/><V51/><F135/><W64/><G50/><T55/><D55/><U26/><E102/><V13/><F13/><W122/><G100/><N who="2" m="38473" /><F90/><W6/><G122/><T9/><D9/><U59/><E94/><N who="2" m="24067" /><V78/><DORA hai="112" /><F78/><W129/><G129/><N who="0" m="49163" /><D111/><U124/><E124/><V7/><F7/><W53/><G77/><T5/><D5/><U25/><E25/><V1/><F1/><W27/><G27/><T123/><D123/><U128/><E128/><V113/><F113/><W61/><REACH who="3" step="1"/><G61/><REACH who="3" ten="239,411,291,49" step="2"/><T15/><D114/><U19/><E19/><V18/><F18/><W28/><G28/><T108/><D108/><U0/><E0/><V120/><F120/><W33/><G33/><T58/><D119/><U65/><REACH who="1" step="1"/><E59/><REACH who="1" ten="239,401,291,49" step="2"/><V99/><F99/><W97/><G97/><T96/><D96/><U42/><E42/><V3/><F3/><W45/><G45/><AGARI ba="0,2" hai="41,45,48,51,52,56,81,82" m="24067,38473" machi="45" ten="40,2600,0" yaku="8,1,54,1" doraHai="68,112" who="2" fromWho="3" sc="239,0,401,0,291,46,49,-26" /><INIT seed="6,0,0,0,2,15" ten="239,401,337,23" oya="2" hai0="128,65,8,130,12,52,35,116,119,32,72,76,7" hai1="132,102,29,39,38,107,108,94,54,83,6,50,21" hai2="84,30,48,113,103,117,134,4,99,57,69,49,70" hai3="17,27,120,133,2,56,126,23,124,67,92,114,1"/><V34/><F117/><N who="0" m="45130" /><D76/><U28/><E132/><V66/><F4/><W36/><G36/><T10/><D65/><U33/><E33/><V63/><F134/><W105/><G105/><T101/><D101/><U106/><E108/><V127/><F127/><N who="3" m="48683" /><G92/><T89/><D89/><U74/><E6/><V18/><F84/><W96/><G96/><T104/><D104/><U81/><E107/><V98/><F103/><W31/><G56/><T123/><D52/><U24/><E106/><V11/><F99/><W25/><G67/><T86/><D86/><U58/><E29/><V91/><F98/><W121/><G133/><T122/><D72/><U20/><E20/><V13/><F91/><W73/><G73/><T45/><D45/><U59/><E58/><V22/><F49/><W40/><G40/><T88/><D88/><U71/><E71/><V125/><F125/><W55/><G55/><T75/><D75/><U97/><REACH who="1" step="1"/><E83/><REACH who="1" ten="239,391,337,23" step="2"/><V14/><F70/><W42/><G114/><T79/><D10/><U43/><E43/><V62/><F113/><W109/><G109/><T61/><D61/><U110/><E110/><V16/><F34/><N who="0" m="12842" /><D79/><AGARI ba="0,1" hai="21,24,28,38,39,50,54,59,74,79,81,94,97,102" machi="79" ten="40,1300,0" yaku="1,1,53,0" doraHai="15" doraHaiUra="37" who="1" fromWho="0" sc="239,-13,391,23,337,0,23,0" /><INIT seed="7,0,0,3,0,61" ten="226,414,337,23" oya="3" hai0="74,53,34,102,25,69,65,122,29,127,17,119,110" hai1="94,40,10,105,130,98,89,101,32,128,52,33,16" hai2="118,95,38,112,87,47,3,92,108,120,125,23,1" hai3="31,26,5,8,124,39,12,57,42,76,111,78,41"/><W27/><G111/><T54/><D54/><U15/><E40/><V116/><F38/><W106/><G124/><T46/><D53/><U11/><E11/><V19/><F47/><W7/><G106/><T81/><D17/><U35/><E52/><V13/><F87/><W126/><G126/><T90/><D90/><U86/><AGARI ba="0,0" hai="10,15,16,32,33,35,86,89,94,98,101,105,128,130" machi="86" ten="40,2700,0" yaku="0,1,54,1" doraHai="61" who="1" fromWho="1" sc="226,-7,414,27,337,-7,23,-13" owari="219,-18.0,441,54.0,330,13.0,10,-49.0" /></mjloggm>