<mjloggm ver="2.3"><GO type="169" lobby="0"/><UN n0="%53%50%49%43%41%40%58" n1="%E3%83%88%E3%82%B5%E3%81%91%E3%82%93" n2="%E3%83%8E%E3%83%B3%E3%83%A9%E3%82%B9%E6%89%93%E6%B3%95" n3="%E3%82%A6%E3%83%AB%E3%83%88%E3%83%A9%E7%AB%8B%E7%9B%B4" dan="18,18,17,17" rate="2172.27,2264.28,2094.10,2190.84" sx="M,M,M,M"/><TAIKYOKU oya="0"/><INIT seed="0,0,0,3,2,26" ten="250,250,250,250" oya="0" hai0="42,16,132,124,129,134,79,71,11,35,122,106,113" hai1="24,135,105,40,88,67,118,114,70,18,59,14,109" hai2="90,25,52,61,12,45,128,48,81,84,5,63,19" hai3="103,43,77,131,133,93,32,75,96,69,30,46,68"/><T97/><D113/><U130/><E118/><V31/><F128/><W107/><G93/><T64/><D122/><U34/><E109/><V47/><F47/><W74/><G131/><T89/><D129/><U39/><E130/><V102/><F5/><W112/><G133/><N who="0" m="51307" /><D79/><U65/><E114/><V23/><REACH who="2" step="1"/><F102/><REACH who="2" ten="250,250,240,250" step="2"/><W20/><G112/><T125/><D42/><U8/><E105/><V121/><F121/><W82/><G74/><T50/><D106/><U41/><E135/><V60/><F60/><W78/><G78/><T10/><D50/><U99/><E39/><V117/><F117/><W127/><G127/><T101/><D101/><U9/><E41/><V120/><F120/><W51/><G51/><T100/><D100/><U62/><E40/><V86/><F86/><W13/><G46/><T98/><D124/><U36/><E36/><V3/><F3/><W108/><G43/><T83/><D125/><U92/><E70/><V126/><F126/><W115/><G115/><T33/><D98/><U85/><E85/><V73/><F73/><W1/><G1/><T94/><D71/><U58/><E58/><V21/><AGARI ba="0,1" hai="12,19,21,23,25,31,45,48,52,61,63,81,84,90" machi="21" ten="20,12000,2" yaku="1,1,0,1,7,1,8,1,52,1,54,1,53,0" doraHai="26" doraHaiUra="55" who="2" fromWho="2" sc="250,-60,250,-30,240,130,250,-30" /><INIT seed="1,0,0,4,4,13" ten="190,220,370,220" oya="1" hai0="9,19,58,79,27,61,88,118,109,12,106,32,126" hai1="0,82,25,114,70,97,100,47,92,60,20,35,129" hai2="96,87,17,93,111,57,99,62,74,26,66,76,95" hai3="104,75,135,15,45,1,11,46,48,72,8,50,2"/><U121/><E121/><V10/><F111/><W107/><REACH who="3" step="1"/><G15/><REACH who="3" ten="190,220,370,210" step="2"/><T31/><D109/><U23/><E0/><V54/><F74/><W128/><G128/><T40/><D126/><U83/><E129/><V51/><F76/><W30/><G30/><T98/><D118/><U7/><E114/><V102/><F87/><W33/><G33/><T112/><D79/><U5/><E35/><V90/><F10/><W117/><G117/><T68/><D112/><U43/><E70/><V77/><F77/><W94/><G94/><T86/><D68/><U34/><E34/><V131/><F131/><W64/><G64/><T133/><D133/><AGARI ba="0,1" hai="1,2,8,11,45,46,48,50,72,75,104,107,133,135" machi="133" ten="25,6400,0" yaku="21,2,22,2,53,0" doraHai="13" doraHaiUra="110" who="3" fromWho="0" sc="190,-64,220,0,370,0,210,74" /><INIT seed="2,0,0,1,4,63" ten="126,220,370,284" oya="2" hai0="10,27,124,54,130,67,64,74,127,119,83,44,39" hai1="41,25,58,57,12,98,84,95,34,50,6,72,106" hai2="68,109,117,37,76,91,99,19,71,78,2,118,112" hai3="5,33,26,69,73,103,121,111,14,45,93,61,18"/><V28/><F2/><W47/><G73/><T65/><D130/><U36/><E36/><V135/><F112/><W116/><G116/><T126/><D119/><U20/><E72/><V56/><F37/><W101/><G121/><T1/><D27/><U15/><E34/><V100/><F28/><W123/><G123/><T97/><D97/><U70/><E70/><V13/><F91/><W132/><G132/><T53/><D39/><U128/><E128/><V131/><F131/><W4/><G111/><T104/><D104/><U77/><E106/><V110/><F56/><N who="1" m="21609" /><E6/><V23/><F135/><W60/><G26/><T75/><D44/><N who="3" m="16969" /><G33/><T3/><D75/><U32/><E50/><V80/><F117/><W133/><G69/><N who="2" m="26697" /><F80/><W0/><G0/><N who="0" m="75" /><D10/><U108/><E108/><N who="2" m="41579" /><F118/><W35/><G35/><T82/><D74/><U87/><E41/><V113/><F113/><W16/><G133/><T62/><D62/><U49/><E49/><V79/><F79/><W30/><G61/><T81/><AGARI ba="0,0" hai="53,54,64,65,67,81,82,83,124,126,127" m="75" machi="81" ten="50,16000,3" yaku="29,2,28,2,18,1,52,3" doraHai="63" who="0" fromWho="0" sc="126,160,220,-40,370,-80,284,-40" /><INIT seed="3,0,0,5,1,119" ten="286,180,290,244" oya="3" hai0="90,49,123,110,46,122,102,38,104,34,9,23,35" hai1="127,4,25,61,135,22,100,121,51,67,52,112,96" hai2="44,89,45,105,53,77,50,6,31,116,98,103,2" hai3="106,55,8,65,33,109,93,54,85,114,84,88,132"/><W40/><G33/><T66/><D38/><U47/><E112/><V92/><F116/><W28/><G106/><T111/><D66/><U107/><E127/><V20/><F77/><W80/><G114/><T113/><D113/><U41/><E135/><V124/><F124/><W86/><G132/><T0/><D23/><U15/><E121/><N who="0" m="46089" /><D90/><U101/><E101/><V78/><F78/><W76/><G109/><N who="0" m="41483" /><D102/><U95/><E107/><V21/><F20/><W27/><G65/><T64/><D64/><U129/><E129/><V73/><F21/><N who="3" m="15471" /><G40/><N who="0" m="24775" /><D104/><U131/><E131/><V3/><F89/><N who="3" m="53431" /><G8/><T43/><D43/><U130/><E130/><V19/><F103/><W99/><G99/><T26/><D26/><U48/><E25/><V56/><F98/><W83/><AGARI ba="0,0" hai="54,55,76,80,83,84,85,88" m="53431,15471" machi="83" ten="30,3000,0" yaku="8,1,54,1" doraHai="119" who="3" fromWho="3" sc="286,-10,180,-10,290,-10,244,30" /><INIT seed="3,1,0,1,0,48" ten="276,170,280,274" oya="3" hai0="83,27,20,59,118,74,108,87,60,34,49,46,128" hai1="125,44,119,16,55,10,89,57,3,22,88,81,7" hai2="43,52,61,14,105,58,84,101,9,80,129,91,109" hai3="69,28,107,65,106,54,71,116,24,32,19,73,70"/><W67/><G73/><T17/><D118/><U96/><E125/><V47/><F109/><W36/><G36/><T113/><D108/><U1/><E119/><V63/><F129/><W76/><G76/><T132/><D128/><U103/><E1/><V78/><F105/><W122/><G122/><T111/><D132/><U51/><E81/><V30/><F30/><W117/><G19/><T126/><D111/><U100/><E44/><V23/><F23/><W97/><G116/><T135/><D135/><U0/><E0/><V72/><F101/><W134/><G117/><T25/><D74/><U26/><REACH who="1" step="1"/><E103/><REACH who="1" ten="276,160,280,274" step="2"/><V99/><F72/><W5/><G134/><T12/><D126/><U13/><E13/><V127/><F127/><W110/><G110/><T90/><D113/><U131/><E131/><V38/><F47/><W86/><G5/><T120/><D120/><U18/><E18/><N who="2" m="8527" /><F43/><W39/><G39/><T102/><D102/><U15/><E15/><V66/><F38/><W123/><G123/><T62/><D46/><U68/><E68/><V64/><F78/><W31/><G70/><T75/><D75/><U40/><E40/><V11/><F80/><W79/><G71/><T42/><D42/><U8/><E8/><V41/><F11/><W56/><G69/><T112/><D112/><U6/><E6/><V104/><F41/><W121/><G121/><T98/><D12/><U4/><E4/><V133/><F133/><W130/><G130/><T50/><D83/><U33/><E33/><V82/><F82/><W29/><G32/><T93/><D34/><U124/><E124/><RYUUKYOKU ba="1,1" sc="276,-10,160,30,280,-10,274,-10" hai1="3,7,10,16,22,26,51,55,57,88,89,96,100" /><INIT seed="4,2,1,0,3,82" ten="266,190,270,264" oya="0" hai0="3,46,109,135,28,73,59,23,132,2,57,120,124" hai1="64,5,128,97,91,87,29,58,21,106,110,19,12" hai2="36,27,0,1,129,9,118,89,134,42,96,37,104" hai3="13,76,67,71,107,32,69,90,117,48,49,123,4"/><T103/><D120/><U94/><E110/><V86/><F129/><W81/><G107/><T111/><D73/><U31/><E128/><V50/><F27/><W66/><G32/><T38/><D103/><U40/><E40/><V78/><F78/><W43/><G123/><T85/><D28/><U33/><E33/><V22/><F22/><W95/><G117/><T39/><D23/><U44/><E44/><V62/><F62/><W35/><G35/><T8/><D8/><U126/><E126/><V74/><F74/><W20/><G71/><T60/><D46/><U30/><E5/><V125/><F125/><W92/><G69/><T51/><D51/><U112/><E112/><V114/><F114/><W47/><G92/><T105/><D124/><U75/><E75/><V65/><F65/><W15/><G49/><T80/><D80/><U16/><E19/><V11/><F0/><W127/><G127/><T55/><D60/><N who="1" m="37911" /><E106/><V100/><F1/><W54/><G54/><T41/><D55/><U88/><E91/><V93/><F118/><W99/><G15/><T72/><D72/><U77/><E77/><V116/><F116/><W68/><G68/><T63/><D63/><U18/><E18/><V130/><F130/><W133/><G133/><T7/><D105/><U25/><E25/><V108/><F134/><W24/><G13/><T34/><D34/><U115/><E115/><V83/><F104/><W79/><G4/><T102/><D7/><U122/><E122/><V101/><F36/><W84/><G76/><T45/><D39/><U121/><E121/><V131/><F131/><RYUUKYOKU ba="2,1" sc="266,-15,190,15,270,-15,264,15" hai1="12,16,21,29,30,31,87,88,94,97" hai3="20,24,43,47,48,66,67,79,81,84,90,95,99" /><INIT seed="5,3,1,3,0,24" ten="251,205,255,279" oya="1" hai0="17,12,135,96,82,86,123,90,3,89,1,10,101" hai1="79,36,132,81,23,40,29,99,30,91,42,106,124" hai2="77,60,20,22,71,110,19,66,87,2,38,47,126" hai3="31,7,28,63,112,120,67,119,108,5,33,121,11"/><U16/><E124/><V72/><F110/><W128/><G108/><T95/><D135/><U48/><E132/><V61/><F2/><W18/><G33/><T131/><D131/><U97/><E36/><V58/><F72/><W56/><G128/><T4/><D123/><U70/><E70/><V100/><F100/><W73/><G73/><T15/><REACH who="0" step="1"/><D101/><REACH who="0" ten="241,205,255,279" step="2"/><U104/><E104/><V92/><F126/><W45/><G121/><T37/><D37/><U25/><E106/><V80/><F38/><W59/><G120/><T83/><D83/><U117/><E117/><V50/><F80/><W127/><G119/><T14/><D14/><U130/><E130/><V52/><F92/><W35/><G127/><T76/><D76/><U115/><E115/><V133/><F77/><W74/><G112/><T54/><D54/><U49/><E40/><V21/><F133/><W69/><G67/><T41/><D41/><U85/><E42/><V114/><F114/><W107/><G107/><T46/><D46/><U103/><E103/><V39/><F39/><W34/><G45/><T129/><D129/><U64/><E64/><V51/><F47/><W8/><G74/><T134/><D134/><U88/><E79/><V27/><F66/><W44/><G44/><T109/><D109/><U6/><E6/><V125/><F125/><W55/><G55/><T78/><D78/><U113/><E113/><V118/><F118/><W26/><G7/><T68/><D68/><U57/><E57/><V94/><F71/><W93/><G59/><T65/><D65/><U75/><E75/><V84/><F52/><RYUUKYOKU ba="3,2" sc="241,30,205,-10,255,-10,279,-10" hai0="1,3,4,10,12,15,17,82,86,89,90,95,96" /><INIT seed="6,4,2,3,0,119" ten="271,195,245,269" oya="2" hai0="32,115,104,17,25,121,24,71,95,13,18,21,94" hai1="129,15,135,63,105,93,28,125,123,108,42,82,106" hai2="132,107,96,113,74,66,19,9,133,69,77,6,61" hai3="84,100,48,33,118,98,38,78,65,70,30,131,112"/><V52/><F113/><W34/><G38/><T64/><D115/><U53/><E108/><V47/><F19/><W46/><G112/><T50/><D50/><U109/><E109/><V110/><F110/><W86/><G78/><T85/><D85/><U68/><E135/><V76/><F47/><W120/><G34/><T67/><D104/><N who="1" m="40043" /><E129/><V127/><F52/><W23/><G23/><T89/><D21/><U128/><E128/><V75/><F127/><W29/><G29/><T8/><D8/><U26/><E42/><V58/><F58/><W92/><G131/><T36/><D13/><U130/><E130/><V40/><F40/><W37/><G37/><T0/><D36/><U91/><E82/><N who="2" m="45335" /><F77/><W73/><G48/><T97/><D71/><U72/><E72/><V22/><F22/><W90/><G73/><T14/><D14/><U7/><E125/><V83/><F83/><W35/><G46/><T126/><D126/><U122/><E15/><V27/><F27/><W45/><G45/><T111/><D111/><U81/><E81/><V43/><F43/><W88/><G30/><T59/><D59/><N who="1" m="35311" /><E68/><V55/><F55/><W101/><G70/><T57/><D57/><U4/><E28/><V62/><F62/><W124/><G124/><T117/><D32/><U1/><E26/><V102/><F75/><W3/><G35/><T114/><D24/><U41/><E41/><V103/><F103/><W49/><G101/><T79/><D25/><U134/><E134/><V44/><F44/><W80/><G100/><T31/><D114/><U56/><E56/><V11/><F11/><RYUUKYOKU ba="4,2" sc="271,-10,195,-10,245,30,269,-10" hai2="6,9,61,66,69,96,102,107,132,133" /><INIT seed="6,5,2,3,1,107" ten="261,185,275,259" oya="2" hai0="121,22,8,21,51,4,49,18,11,133,44,39,16" hai1="27,108,3,113,132,68,93,41,117,75,120,20,66" hai2="135,94,112,98,103,36,79,81,71,65,58,56,127" hai3="12,52,54,86,109,105,53,128,72,29,87,90,104"/><V14/><F36/><W100/><G109/><T111/><D111/><U34/><RYUUKYOKU type="yao9" ba="5,2" sc="261,0,185,0,275,0,259,0" hai1="3,20,27,34,41,66,68,75,93,108,113,117,120,132" /><INIT seed="6,6,2,4,5,51" ten="261,185,275,259" oya="2" hai0="32,9,82,28,99,6,133,33,81,41,39,14,34" hai1="50,72,36,64,97,129,25,106,27,8,4,60,94" hai2="55,24,26,100,56,102,87,95,114,16,101,75,63" hai3="61,10,91,35,128,98,62,86,65,112,115,116,17"/><V123/><F75/><W79/><G35/><T107/><D28/><U92/><E36/><V121/><F114/><N who="3" m="43563" /><G116/><T1/><D133/><U84/><E72/><V78/><F121/><W2/><G128/><T103/><D1/><U47/><E129/><V45/><F123/><W57/><G79/><T110/><D110/><U126/><E126/><V66/><F78/><W30/><G30/><T131/><D131/><U104/><E104/><V18/><F87/><W125/><G98/><T93/><D107/><U49/><E106/><V85/><F85/><W42/><G42/><T70/><D70/><U127/><E127/><V134/><F134/><W52/><G125/><T118/><D118/><U117/><E117/><V68/><F95/><N who="1" m="36393" /><E84/><V11/><F68/><N who="3" m="42031" /><G91/><T31/><D31/><U90/><E90/><V20/><F11/><W74/><G86/><T105/><D105/><U111/><E111/><V22/><F45/><W21/><G74/><T76/><D76/><U44/><E97/><V96/><F96/><W122/><G122/><T124/><D124/><U71/><E44/><V54/><AGARI ba="6,2" hai="16,18,20,22,24,26,54,55,56,63,66,100,101,102" machi="54" ten="30,18000,2" yaku="0,1,9,1,8,1,52,2,54,1" doraHai="51" who="2" fromWho="2" sc="261,-66,185,-66,275,218,259,-66" /><INIT seed="6,7,0,0,4,92" ten="195,119,493,193" oya="2" hai0="118,117,44,91,29,122,101,30,113,109,13,96,88" hai1="129,97,31,130,0,131,25,60,48,89,39,6,34" hai2="121,108,50,42,22,55,85,72,100,49,26,116,46" hai3="135,104,83,132,47,45,37,36,111,3,15,74,17"/><V105/><F72/><W32/><G3/><T87/><D122/><U124/><E39/><V66/><F121/><W98/><G32/><T71/><D109/><U69/><E124/><V133/><F116/><N who="0" m="44650" /><D71/><U52/><E6/><V59/><F133/><N who="3" m="51275" /><G111/><T40/><D13/><U81/><E0/><V112/><F112/><W84/><G83/><N who="0" m="49279" /><D91/><U75/><E75/><V64/><F85/><W12/><G84/><T68/><D68/><U93/><E81/><V95/><F105/><W102/><G74/><T7/><D7/><U53/><E48/><V24/><F108/><W134/><N who="3" m="51283" /><W20/><DORA hai="33" /><G12/><T41/><D113/><U99/><E99/><N who="2" m="59519" /><F24/><W77/><G77/><T106/><D41/><U67/><AGARI ba="7,0" hai="25,31,34,52,53,60,67,69,89,93,97,129,130,131" machi="67" ten="40,8000,1" yaku="0,1,19,1,52,1,54,1" doraHai="92,33" who="1" fromWho="1" sc="195,-27,119,101,493,-47,193,-27" /><INIT seed="7,0,0,0,3,42" ten="168,220,446,166" oya="3" hai0="79,84,57,103,96,45,120,39,121,31,22,65,119" hai1="12,134,97,76,113,13,27,36,122,107,72,60,47" hai2="55,67,28,99,102,89,59,111,37,133,68,18,110" hai3="53,77,64,0,62,131,101,95,5,21,71,115,34"/><W83/><G34/><T46/><D119/><U11/><E12/><V81/><F37/><W4/><G131/><T33/><D39/><U125/><E60/><V49/><F28/><W124/><G124/><T109/><D109/><U17/><E27/><V56/><F68/><W20/><G115/><T63/><D33/><U7/><E17/><V40/><F40/><W104/><G104/><T9/><D9/><U10/><E10/><V98/><F133/><W50/><G0/><T35/><D35/><U88/><E113/><V66/><F18/><W25/><G95/><N who="0" m="58783" /><D79/><U106/><E122/><N who="0" m="47209" /><D84/><U51/><E134/><V93/><F81/><W128/><G101/><T52/><D52/><N who="1" m="29823" /><E36/><V32/><F32/><W24/><G128/><T1/><D1/><U69/><E69/><V44/><F67/><W73/><G21/><T75/><D75/><U26/><E26/><AGARI ba="0,0" hai="22,26,31,45,46,57,63,65" m="47209,58783" machi="26" ten="30,3900,0" yaku="25,1,52,2" doraHai="42" who="0" fromWho="1" sc="168,39,220,-39,446,0,166,0" owari="207,1.0,181,-22.0,446,54.0,166,-33.0" /></mjloggm>