<mjloggm ver="2.3"><GO type="97" lobby="0"/><UN n0="%E3%82%A6%E3%83%AB%E3%83%88%E3%83%A9%E7%AB%8B%E7%9B%B4" n1="%E3%81%AE%E3%81%B2%E3%81%BE%E3%82%8A" n2="%52%69%6E%67%79%69" n3="%E5%85%A8%E8%87%AA%E5%8B%95%E5%8D%93%E3%81%AE%E4%B8%AD%E3%81%AE%E4%BA%BA" dan="14,13,13,15" rate="1963.58,1843.51,1885.47,2045.88" sx="M,F,F,M"/><TAIKYOKU oya="0"/><INIT seed="0,0,0,4,3,98" ten="250,250,250,250" oya="0" hai0="81,6,0,20,83,126,49,34,93,92,56,16,80" hai1="103,122,1,42,133,85,18,130,15,28,76,109,99" hai2="31,50,26,37,75,113,101,106,132,100,64,44,72" hai3="87,61,102,69,107,88,8,124,91,58,60,105,45"/><T112/><D34/><U115/><E122/><V54/><F113/><W86/><G124/><T57/><D112/><U7/><E42/><V10/><F132/><W79/><G79/><T128/><D128/><U51/><E115/><V97/><F37/><W29/><G29/><T14/><D126/><U123/><E123/><V3/><F64/><W84/><G69/><T68/><D68/><U9/><E130/><V46/><F46/><W134/><G134/><T17/><D0/><U4/><E133/><V11/><F11/><W38/><G8/><N who="0" m="6215" /><D6/><U13/><E109/><V27/><F27/><W94/><G61/><T41/><D41/><U108/><E108/><V70/><F70/><W89/><G45/><T32/><D32/><U90/><E51/><V62/><F62/><W40/><G40/><T73/><D73/><U127/><E28/><V125/><F125/><W59/><G38/><T74/><D74/><U66/><E66/><V121/><F121/><W111/><G111/><T30/><D30/><U110/><E110/><V22/><F3/><W131/><G131/><T129/><D129/><U33/><E33/><V5/><F5/><W118/><G118/><T36/><D36/><U55/><E127/><V52/><F10/><W71/><G71/><T96/><D96/><U135/><E1/><V116/><F116/><W48/><G48/><T2/><D2/><U114/><E135/><V21/><F21/><W47/><G47/><T78/><D78/><U53/><E114/><V24/><F24/><W19/><G60/><T25/><D49/><U43/><E43/><N who="2" m="24863" /><F101/><W12/><G102/><RYUUKYOKU ba="0,0" sc="250,15,250,-15,250,15,250,-15" hai0="17,20,25,56,57,80,81,83,92,93" hai2="22,26,31,52,54,72,75,97,100,106" /><INIT seed="0,1,0,1,5,10" ten="265,235,265,235" oya="0" hai0="67,33,84,23,77,52,70,69,50,86,37,78,53" hai1="117,21,127,48,47,63,3,83,60,89,97,98,81" hai2="82,109,65,16,15,124,79,4,20,19,17,123,43" hai3="2,6,80,7,1,68,30,0,93,96,115,22,128"/><T55/><D33/><U105/><E117/><V113/><F123/><W61/><G115/><T28/><D37/><U100/><E3/><V34/><F113/><W103/><G128/><T119/><D119/><U26/><E127/><V95/><F109/><W73/><G73/><T85/><D67/><U74/><E83/><V5/><F124/><W27/><G80/><T107/><D107/><U12/><E74/><V104/><F104/><W54/><REACH who="3" step="1"/><G54/><REACH who="3" ten="265,235,265,225" step="2"/><T132/><D132/><U75/><E75/><V38/><F34/><W130/><G130/><T118/><D118/><U121/><E81/><V8/><F65/><AGARI ba="1,1" hai="0,1,2,6,7,22,27,30,61,65,68,93,96,103" machi="65" ten="40,2600,0" yaku="1,1,53,1" doraHai="10" doraHaiUra="58" who="3" fromWho="2" sc="265,0,235,0,265,-29,225,39" /><INIT seed="1,0,0,3,2,50" ten="265,235,236,264" oya="1" hai0="124,9,120,26,78,132,18,75,40,3,114,131,122" hai1="17,53,16,111,76,36,92,47,34,25,15,104,103" hai2="29,64,101,19,46,123,86,127,66,63,59,115,28" hai3="23,67,112,33,109,38,97,14,72,45,121,89,98"/><U126/><E126/><V52/><F123/><W85/><G33/><T41/><D114/><U42/><E104/><V93/><F127/><W61/><G72/><T22/><D124/><U91/><E111/><V80/><F115/><W32/><G112/><T27/><D27/><U134/><E76/><V56/><F19/><W99/><G32/><T8/><D131/><U90/><E134/><V96/><F46/><W54/><G121/><N who="0" m="46699" /><D132/><U51/><E34/><V68/><F68/><W113/><G109/><T79/><D79/><U105/><E105/><V10/><F10/><N who="0" m="4202" /><D3/><U39/><E39/><V102/><F66/><W5/><G5/><T106/><D106/><U69/><E69/><V48/><F102/><W73/><G73/><T65/><D65/><U12/><E25/><V11/><REACH who="2" step="1"/><F11/><REACH who="2" ten="265,235,226,264" step="2"/><W37/><G45/><T74/><D74/><U24/><E24/><V83/><F83/><AGARI ba="0,1" hai="18,22,26,40,41,75,78,83" m="4202,46699" machi="83" ten="30,1000,0" yaku="13,1" doraHai="50" who="0" fromWho="2" sc="265,20,235,0,226,-10,264,0" /><INIT seed="2,0,0,5,2,44" ten="285,235,216,264" oya="2" hai0="100,95,30,133,135,122,66,51,28,104,25,87,61" hai1="47,34,96,13,19,0,11,84,57,38,128,134,74" hai2="58,23,131,88,9,6,98,105,32,132,56,118,113" hai3="16,27,70,114,10,76,101,69,3,63,42,15,81"/><V64/><F131/><W65/><G114/><T18/><D122/><U89/><E74/><V85/><F118/><W1/><G69/><T107/><D18/><U50/><E134/><N who="0" m="51209" /><D30/><U75/><E75/><V78/><F132/><W55/><G42/><T17/><D17/><U108/><E128/><V68/><F32/><W103/><G1/><T109/><D109/><U62/><E34/><V119/><F113/><W102/><G3/><T36/><D36/><U106/><E0/><V67/><F119/><W123/><G123/><T97/><D87/><U60/><E108/><V45/><F68/><W48/><G27/><T41/><D41/><N who="1" m="24943" /><E38/><V92/><F23/><W43/><G43/><T2/><D2/><U31/><E106/><V127/><F127/><W115/><G115/><T112/><D112/><U86/><E31/><V83/><F45/><W20/><G20/><N who="0" m="15399" /><D51/><U26/><E26/><V90/><F90/><W39/><G39/><T129/><D129/><U8/><E8/><V21/><F21/><W80/><REACH who="3" step="1"/><G76/><REACH who="3" ten="285,235,216,254" step="2"/><T117/><D117/><U126/><E126/><V71/><F71/><AGARI ba="0,1" hai="61,66,71,95,97,100,104,107" m="15399,51209" machi="71" ten="30,1000,0" yaku="20,1" doraHai="44" who="0" fromWho="2" sc="285,20,235,0,216,-10,254,0" /><INIT seed="3,0,0,0,2,75" ten="305,235,206,254" oya="3" hai0="4,69,73,99,131,108,24,124,7,125,13,33,32" hai1="5,61,63,64,56,110,66,116,51,2,19,91,104" hai2="129,35,62,71,98,42,121,48,82,95,135,46,55" hai3="28,20,67,6,107,90,84,15,40,27,47,127,10"/><W1/><G127/><N who="0" m="48715" /><D73/><U112/><E104/><V36/><F121/><W122/><G122/><T41/><D69/><U37/><E112/><V23/><F129/><W30/><G107/><T58/><D131/><U3/><E5/><N who="0" m="2121" /><D108/><U120/><E120/><V16/><F35/><W8/><G8/><T111/><D111/><U102/><E102/><V49/><F135/><W72/><G72/><T119/><D119/><U101/><E101/><V68/><F82/><W123/><G123/><T132/><D132/><U18/><E110/><V94/><F94/><W100/><G100/><T11/><D99/><U86/><E37/><V52/><F62/><N who="1" m="23561" /><E3/><V106/><F106/><W97/><G97/><T133/><D133/><U44/><E2/><V54/><F68/><W77/><G1/><T134/><D134/><U14/><E56/><V39/><F71/><W21/><G67/><N who="1" m="25642" /><E14/><V85/><F85/><W105/><G105/><T17/><D58/><U0/><E0/><V93/><F93/><W92/><G92/><T12/><D12/><U83/><E116/><V43/><F39/><W109/><G109/><T113/><D113/><U128/><E128/><V57/><F36/><W59/><G84/><T80/><D80/><U76/><E91/><N who="2" m="55679" /><F43/><AGARI ba="0,0" hai="18,19,43,44,51,76,83,86" m="25642,23561" machi="43" ten="30,2000,0" yaku="8,1,52,1" doraHai="75" who="1" fromWho="2" sc="305,0,235,20,206,-20,254,0" owari="305,40.0,255,6.0,186,-31.0,254,-15.0" /></mjloggm>