<mjloggm ver="2.3"><GO type="97" lobby="0"/><UN n0="%E3%82%A6%E3%83%AB%E3%83%88%E3%83%A9%E7%AB%8B%E7%9B%B4" n1="%70%65%70%65%2E" n2="%E7%84%A1%E7%B3%96%E8%8C%B6" n3="%E3%82%86%E3%81%A3%E3%81%8D%E3%82%85%E3%82%93" dan="15,14,13,16" rate="1944.22,1892.50,1877.07,2066.98" sx="M,M,M,F"/><TAIKYOKU oya="0"/><INIT seed="0,0,0,0,2,47" ten="250,250,250,250" oya="0" hai0="104,59,92,69,37,116,84,123,8,52,16,48,64" hai1="3,36,81,99,113,49,0,121,112,133,75,85,106" hai2="93,50,51,86,41,83,26,4,40,122,18,97,58" hai3="14,79,94,11,72,135,103,87,100,70,25,31,126"/><T63/><D104/><U20/><E121/><V17/><F122/><W10/><G70/><T91/><D123/><U111/><E75/><V131/><F131/><W88/><G126/><T53/><D37/><U7/><E36/><V95/><F4/><W124/><G124/><T78/><D78/><U82/><E133/><V108/><F108/><W32/><G135/><T67/><D116/><U132/><E132/><V115/><F115/><N who="1" m="44105" /><E111/><V74/><F74/><W119/><G119/><T5/><D69/><U110/><E20/><N who="2" m="13583" /><F18/><W46/><G72/><T34/><D34/><U90/><E110/><V13/><F13/><W6/><G79/><T101/><D101/><N who="1" m="62783" /><E82/><V134/><F134/><W66/><G66/><T45/><REACH who="0" step="1"/><D16/><REACH who="0" ten="240,250,250,250" step="2"/><U98/><E7/><V27/><F27/><W96/><G11/><T102/><D102/><U65/><E0/><AGARI ba="0,1" hai="0,5,8,45,48,52,53,59,63,64,67,84,91,92" machi="0" ten="30,11600,0" yaku="1,1,7,1,52,1,54,1,53,0" doraHai="47" doraHaiUra="117" who="0" fromWho="1" sc="240,126,250,-116,250,0,250,0" /><INIT seed="0,1,0,1,1,59" ten="366,134,250,250" oya="0" hai0="35,134,53,17,133,10,12,130,75,91,119,120,127" hai1="14,89,24,19,8,99,126,49,88,13,66,108,15" hai2="98,54,135,69,81,18,116,82,68,23,36,85,73" hai3="86,90,77,20,16,26,11,131,46,65,63,31,87"/><T29/><D75/><U3/><E126/><V117/><F135/><N who="0" m="51722" /><D119/><U76/><E108/><V25/><F36/><W72/><G131/><T114/><D114/><U106/><E76/><V34/><F73/><W45/><G72/><T61/><D120/><U28/><E66/><V95/><F34/><W30/><G77/><T38/><D38/><U2/><E49/><V42/><F42/><W123/><G123/><T112/><D112/><U109/><E109/><V129/><F129/><W40/><G11/><T125/><D91/><U74/><E74/><V113/><F113/><W115/><G115/><T122/><D122/><U124/><E124/><N who="0" m="47689" /><D130/><U78/><E78/><V1/><F117/><W111/><G111/><T101/><D101/><U94/><E106/><V48/><F116/><W71/><G40/><T56/><D29/><U83/><E83/><V60/><F82/><W41/><G86/><T105/><D35/><U79/><E79/><V67/><F85/><W9/><G41/><T57/><D57/><U70/><E89/><V62/><F81/><W32/><G32/><T100/><D100/><U107/><E107/><AGARI ba="1,0" hai="10,12,17,53,56,61,105,107" m="47689,51722" machi="107" ten="30,5800,0" yaku="20,1,18,1,52,1" doraHai="59" who="0" fromWho="1" sc="366,61,134,-61,250,0,250,0" /><INIT seed="0,2,0,1,2,11" ten="427,73,250,250" oya="0" hai0="73,42,79,52,57,67,102,124,126,135,55,130,68" hai1="24,88,37,32,66,4,71,80,0,131,8,22,86" hai2="84,111,89,122,16,63,43,15,29,36,70,19,82" hai3="121,87,58,78,74,56,50,21,6,40,3,101,117"/><T38/><D102/><U134/><E37/><V114/><F122/><W110/><G117/><T64/><D79/><U17/><E134/><V53/><F114/><W48/><G110/><T18/><D18/><U30/><E131/><V116/><F111/><W112/><G112/><T104/><D104/><U125/><E125/><N who="0" m="48233" /><D73/><U83/><E66/><V94/><F116/><W25/><G121/><T51/><D130/><U46/><E46/><V13/><F36/><W123/><G74/><T65/><D135/><U118/><E118/><V108/><F108/><W7/><G101/><T93/><D93/><U33/><E71/><V39/><F39/><W69/><G69/><T120/><D120/><U97/><E97/><N who="2" m="57551" /><F70/><W98/><G98/><T61/><D55/><U27/><E33/><V12/><F43/><W45/><G123/><T41/><D41/><U75/><E75/><V10/><F29/><W2/><G25/><T133/><D133/><U72/><E72/><V119/><F119/><W96/><G96/><T62/><D68/><U26/><E27/><V91/><F19/><W106/><G106/><T47/><AGARI ba="2,0" hai="38,42,47,51,52,57,61,62,64,65,67" m="48233" machi="47" ten="40,12000,1" yaku="18,1,34,2,54,1" doraHai="11" who="0" fromWho="0" sc="427,126,73,-42,250,-42,250,-42" /><INIT seed="0,3,0,1,5,88" ten="553,31,208,208" oya="0" hai0="6,41,115,107,50,20,124,29,134,33,72,109,82" hai1="39,17,34,28,79,101,105,38,123,69,58,46,43" hai2="37,98,126,85,95,130,111,51,100,92,14,129,131" hai3="132,24,118,84,32,66,8,48,13,25,74,67,44"/><T23/><D107/><U81/><E123/><V40/><F111/><W128/><G74/><T78/><D72/><U120/><E69/><V21/><F126/><W12/><G118/><T60/><D33/><U103/><E120/><V30/><F37/><W90/><G128/><T47/><D115/><U36/><E58/><V10/><F40/><W5/><G132/><T96/><D134/><U68/><E68/><V108/><F108/><W11/><G25/><T31/><D109/><U7/><E7/><N who="2" m="3423" /><F51/><W59/><G59/><T22/><D6/><U62/><E62/><V27/><F85/><W56/><G56/><T102/><D124/><U89/><E89/><V135/><F135/><W64/><G24/><T15/><D15/><U114/><E114/><V57/><F57/><W61/><G61/><T112/><D112/><U122/><E17/><V76/><F76/><W83/><G32/><T125/><D125/><U91/><E122/><V55/><F55/><W2/><G2/><T70/><D70/><U49/><E91/><V93/><AGARI ba="3,0" hai="21,27,30,92,93,95,98,100,129,130,131" m="3423" machi="93" ten="40,8000,1" yaku="19,1,52,3" doraHai="88" who="2" fromWho="2" sc="553,-43,31,-23,208,89,208,-23" /><INIT seed="1,0,0,3,4,12" ten="510,8,297,185" oya="1" hai0="80,25,113,93,60,124,46,0,86,79,78,44,5" hai1="102,88,53,115,21,68,42,89,43,29,94,111,34" hai2="23,9,15,58,95,81,48,14,127,121,22,30,24" hai3="38,109,70,56,134,65,101,55,50,13,66,32,99"/><U83/><E115/><V106/><F106/><W76/><G32/><T52/><D113/><U16/><E68/><V98/><F121/><W114/><G114/><T96/><D124/><U19/><E34/><V71/><F71/><W131/><G131/><T97/><D5/><U110/><E53/><N who="2" m="32039" /><F127/><W61/><G109/><N who="1" m="41482" /><E83/><V49/><F49/><W108/><G108/><T59/><D0/><U63/><E63/><V18/><F81/><W91/><G134/><T75/><D75/><U123/><E123/><V33/><F33/><W103/><G76/><T92/><D79/><U35/><E35/><V37/><F37/><W100/><G65/><T77/><D77/><U8/><E8/><V72/><F72/><W116/><G116/><T128/><D128/><U36/><E36/><V119/><F119/><W45/><G91/><N who="1" m="34890" /><E94/><V122/><F122/><W130/><G130/><T125/><D125/><U6/><E6/><N who="2" m="3383" /><F95/><W126/><G126/><T105/><D93/><U2/><E2/><V17/><F98/><W3/><G3/><T129/><D92/><U7/><E7/><V67/><F67/><W118/><G118/><T57/><D97/><U39/><E102/><V117/><F117/><W51/><G99/><T90/><D129/><U85/><E85/><V11/><F11/><W1/><G1/><T54/><D96/><U4/><E4/><V10/><F10/><W104/><G104/><T73/><D86/><U87/><E87/><V41/><F41/><N who="1" m="15369" /><E39/><V47/><F47/><W107/><G107/><T135/><D60/><U31/><E31/><AGARI ba="0,0" hai="15,17,18,22,23,24,30,31" m="3383,32039" machi="31" ten="30,3900,0" yaku="8,1,52,2" doraHai="12" who="2" fromWho="1" sc="510,0,8,-39,297,39,185,0" owari="510,60.0,-31,-53.0,336,14.0,185,-21.0" /></mjloggm>