<mjloggm ver="2.3"><GO type="97" lobby="0"/><UN n0="%73%68%69%6B%61%74%61" n1="%E5%B0%B1%E6%B4%BB%E7%94%9F%40%E5%B7%9D%E6%9D%91%E8%BB%8D%E5%9B%A3" n2="%E3%82%BF%E3%83%BC%E3%83%A4" n3="%E3%83%92%E3%83%87%E3%82%B3" dan="15,14,15,13" rate="2015.28,1944.96,2011.08,1882.04" sx="M,M,M,M"/><TAIKYOKU oya="0"/><INIT seed="0,0,0,5,2,91" ten="250,250,250,250" oya="0" hai0="117,85,116,84,130,35,44,34,13,16,75,46,53" hai1="15,97,121,114,62,96,14,49,113,78,72,36,112" hai2="86,94,48,7,63,71,1,42,68,8,76,2,107" hai3="67,105,0,29,128,109,21,57,39,32,4,70,79"/><T127/><D75/><U43/><E121/><V27/><F107/><W73/><G109/><T61/><D130/><U3/><E3/><V26/><F2/><W122/><G128/><T47/><D127/><U24/><E36/><V106/><F106/><W129/><G122/><T95/><D61/><U80/><E24/><V131/><F131/><W9/><G129/><T126/><D126/><U25/><E25/><V45/><F68/><W38/><G105/><T19/><D53/><U111/><E111/><V101/><F76/><W51/><G21/><T123/><D123/><U120/><E120/><V124/><F124/><W5/><G5/><T119/><D95/><U92/><E62/><V28/><F26/><N who="3" m="18487" /><G51/><T54/><D54/><U23/><E97/><V115/><F115/><W103/><G57/><T65/><D65/><U60/><E60/><V93/><F86/><N who="0" m="33386" /><D13/><U134/><E134/><V12/><F101/><W83/><G103/><T64/><D64/><U41/><E49/><V37/><F37/><W118/><G118/><T17/><AGARI ba="0,0" hai="16,17,19,34,35,44,46,47,116,117,119" m="33386" machi="17" ten="40,12000,1" yaku="29,2,28,2,54,1" doraHai="91" who="0" fromWho="0" sc="250,120,250,-40,250,-40,250,-40" /><INIT seed="0,1,0,3,2,112" ten="370,210,210,210" oya="0" hai0="68,87,36,107,70,113,4,132,21,99,125,118,0" hai1="8,127,92,54,53,10,91,89,78,1,6,7,44" hai2="130,58,18,23,117,57,30,35,32,105,96,74,29" hai3="9,38,98,14,51,66,67,122,116,82,95,93,56"/><T41/><D113/><U69/><E127/><V64/><F74/><W119/><G122/><T71/><D21/><U83/><E69/><V28/><F130/><W37/><G82/><T103/><D87/><U20/><E20/><V2/><F2/><W85/><G85/><T86/><D86/><U133/><E133/><V135/><F135/><W3/><G3/><T45/><D132/><U104/><E104/><V48/><F117/><W19/><G67/><T108/><D125/><U73/><E44/><V40/><F40/><W31/><G31/><T12/><D12/><U115/><E115/><V75/><F75/><W97/><G51/><T26/><D26/><U131/><E131/><V39/><F39/><W84/><G84/><T62/><D62/><U128/><E128/><V126/><F126/><W114/><G114/><T121/><D121/><U42/><E42/><V17/><F96/><W134/><G134/><T100/><D100/><U34/><E34/><V25/><F105/><W94/><G66/><T79/><D79/><U49/><E49/><V50/><F29/><W47/><G56/><T76/><D76/><U72/><E72/><V111/><F64/><W59/><G59/><T16/><D16/><U101/><E101/><V43/><F43/><W129/><G129/><T81/><D81/><U88/><REACH who="1" step="1"/><E92/><REACH who="1" ten="370,200,210,210" step="2"/><V90/><F23/><W52/><G38/><T106/><D107/><U102/><E102/><V80/><F80/><W46/><G37/><T110/><D118/><U15/><AGARI ba="1,1" hai="1,6,7,8,10,15,53,54,73,78,83,88,89,91" machi="15" ten="30,4000,0" yaku="1,1,0,1,54,1,53,0" doraHai="112" doraHaiUra="120" who="1" fromWho="1" sc="370,-21,200,53,210,-11,210,-11" /><INIT seed="1,0,0,3,3,58" ten="349,253,199,199" oya="1" hai0="86,21,37,102,73,128,68,91,20,34,96,116,90" hai1="135,117,19,49,77,78,107,62,30,15,130,1,7" hai2="11,134,24,93,125,114,105,124,100,48,64,110,29" hai3="95,23,38,12,112,32,133,17,94,122,81,55,39"/><U31/><E117/><V47/><F105/><W57/><G122/><T6/><D116/><U45/><E107/><V129/><F110/><W92/><G112/><T83/><D37/><U132/><E130/><V42/><F100/><W5/><G32/><T63/><D128/><U120/><E120/><V67/><F114/><W0/><G133/><N who="1" m="51274" /><E7/><V2/><F134/><W35/><G35/><T3/><D73/><U71/><E1/><V25/><F93/><W40/><G40/><T56/><D34/><U69/><E78/><V98/><F98/><W108/><G108/><T36/><D36/><U82/><E82/><V8/><F129/><W22/><G81/><T75/><D68/><N who="1" m="26187" /><E77/><V87/><F87/><W111/><G23/><T16/><D75/><U119/><E119/><V44/><F48/><W14/><G111/><T66/><D3/><U131/><E131/><V52/><F2/><W59/><G0/><T70/><D6/><U43/><E62/><V97/><F97/><W74/><G74/><T118/><D118/><U53/><E43/><V27/><F27/><W18/><G5/><T104/><D70/><U103/><E103/><V126/><F126/><W76/><G76/><T4/><D4/><U127/><E127/><V65/><F65/><W113/><G113/><T33/><D33/><U106/><E106/><V54/><F42/><W50/><G59/><T115/><D115/><U123/><E123/><V99/><F99/><W28/><G28/><AGARI ba="0,0" hai="8,11,24,25,28,29,44,47,52,54,64,67,124,125" machi="28" ten="25,3200,0" yaku="22,2,54,1" doraHai="58" who="2" fromWho="3" sc="349,0,253,0,199,32,199,-32" /><INIT seed="2,0,0,0,2,123" ten="349,253,231,167" oya="2" hai0="35,24,121,29,19,109,97,76,103,84,5,132,127" hai1="115,72,53,43,83,47,100,119,99,66,120,124,48" hai2="101,81,131,14,90,59,38,78,135,42,102,106,118" hai3="86,36,65,60,27,12,55,104,62,44,96,64,93"/><V23/><F118/><W91/><G27/><T52/><D121/><U77/><E120/><V117/><F117/><W74/><G74/><T21/><D132/><U108/><E119/><V116/><F116/><W125/><G125/><T87/><D127/><U80/><E124/><V9/><F131/><W110/><G110/><T61/><D5/><U6/><E115/><V32/><F32/><W95/><G104/><T63/><D109/><U39/><E80/><V50/><F135/><W45/><G36/><T3/><D3/><U126/><E126/><V67/><F38/><W69/><G12/><T107/><D76/><U4/><E66/><V40/><F23/><W122/><G55/><T70/><D70/><U75/><E75/><V134/><F134/><W111/><G111/><T22/><D35/><U37/><E108/><V26/><F26/><W79/><G79/><T51/><D63/><U130/><E130/><V85/><F78/><W31/><G31/><T2/><D61/><U28/><E28/><V58/><F106/><W71/><REACH who="3" step="1"/><G122/><REACH who="3" ten="349,253,231,157" step="2"/><T98/><D2/><U68/><E39/><V54/><F67/><W7/><G7/><T114/><D114/><U8/><E4/><N who="2" m="3367" /><F58/><W13/><G13/><T20/><D107/><N who="1" m="63903" /><E53/><V18/><F18/><W89/><AGARI ba="0,1" hai="44,45,60,62,64,65,69,71,86,89,91,93,95,96" machi="89" ten="20,5200,0" yaku="1,1,0,1,7,1,9,1,53,0" doraHai="123" doraHaiUra="105" who="3" fromWho="3" sc="349,-13,253,-13,231,-26,157,62" /><INIT seed="3,0,0,3,2,97" ten="336,240,205,219" oya="3" hai0="39,114,118,89,38,87,51,93,12,102,41,42,36" hai1="83,103,105,54,9,100,56,76,43,123,81,57,29" hai2="14,50,125,19,98,90,132,134,130,60,121,111,67" hai3="11,75,127,129,53,23,116,1,120,126,6,17,124"/><W47/><G120/><T79/><D118/><U13/><E123/><V122/><F111/><W64/><G75/><T61/><D114/><U0/><E0/><V18/><F125/><W7/><G116/><T24/><D24/><U16/><E105/><V52/><F130/><W26/><G64/><T45/><D12/><U49/><E29/><V33/><F33/><W69/><G69/><T99/><D61/><U4/><E43/><V78/><F78/><W68/><G68/><T55/><REACH who="0" step="1"/><D79/><REACH who="0" ten="326,240,205,219" step="2"/><U63/><E4/><V25/><F121/><W35/><G7/><T115/><D115/><U5/><E5/><V108/><F122/><W70/><G129/><T112/><D112/><U37/><E37/><V91/><F108/><W117/><G117/><T59/><D59/><U107/><E107/><AGARI ba="0,1" hai="36,38,39,41,42,45,51,55,87,89,93,99,102,107" machi="107" ten="40,2600,0" yaku="1,1,52,1,53,0" doraHai="97" doraHaiUra="30" who="0" fromWho="1" sc="326,36,240,-26,205,0,219,0" owari="362,46.0,214,-19.0,205,-29.0,219,2.0" /></mjloggm>