<mjloggm ver="2.3"><GO type="41" lobby="0"/><UN n0="%E3%83%92%E3%83%AB%E3%83%99%E3%83%AB%E3%83%88" n1="%E3%82%A6%E3%83%AB%E3%83%88%E3%83%A9%E7%AB%8B%E7%9B%B4" n2="%6E%6F%62%75%30%30%34%34" n3="%E5%B0%BE%E5%BC%B5%E4%B8%80" dan="15,15,14,15" rate="2015.13,2048.57,1931.80,1987.06" sx="M,M,M,M"/><TAIKYOKU oya="0"/><INIT seed="0,0,0,1,0,3" ten="250,250,250,250" oya="0" hai0="77,48,13,16,125,106,87,88,93,71,75,94,10" hai1="54,72,85,135,117,101,28,30,38,44,99,103,68" hai2="104,80,34,60,45,91,37,35,131,108,134,83,128" hai3="47,64,98,96,15,118,105,6,22,27,73,81,127"/><T46/><D125/><U74/><E68/><V53/><F104/><W32/><G32/><T40/><D106/><U26/><E117/><V107/><F107/><W115/><G115/><T119/><D119/><U69/><E69/><V92/><F134/><W114/><G114/><T20/><D71/><U56/><E44/><V9/><F108/><W122/><G64/><T11/><D75/><U14/><E38/><V39/><F9/><N who="3" m="4535" /><G73/><T29/><D77/><U89/><E99/><V8/><F8/><W61/><G61/><T133/><D133/><U70/><E70/><V2/><F2/><W49/><G105/><T102/><D29/><U7/><E74/><V1/><F1/><W50/><G50/><T57/><D57/><U86/><E86/><V110/><F110/><W97/><G127/><T5/><D5/><U116/><E116/><V42/><F37/><W82/><G122/><T79/><D79/><U19/><E72/><V132/><F132/><W63/><G63/><T4/><D4/><U130/><E7/><V126/><F126/><W21/><G118/><T51/><D48/><N who="1" m="30791" /><E130/><N who="2" m="49707" /><F34/><W95/><G95/><T111/><REACH who="0" step="1"/><D111/><REACH who="0" ten="240,250,250,250" step="2"/><U24/><E135/><V78/><F78/><W17/><G22/><T129/><D129/><U58/><E58/><N who="2" m="34895" /><F35/><W84/><G49/><T113/><D113/><U55/><E30/><V36/><F36/><W18/><G47/><T66/><D66/><U43/><E28/><V112/><F112/><W12/><G21/><T31/><D31/><U0/><E0/><V124/><F124/><W109/><G109/><T120/><D120/><U65/><E65/><RYUUKYOKU ba="0,1" sc="240,15,250,-15,250,15,250,-15" hai0="10,11,13,16,20,40,46,51,87,88,93,94,102" hai2="39,42,45,80,83,91,92" /><INIT seed="0,1,1,4,2,114" ten="255,235,265,235" oya="0" hai0="27,71,6,53,61,11,49,77,55,124,128,103,82" hai1="0,130,125,21,81,45,42,66,88,56,95,116,23" hai2="85,38,12,79,97,120,87,101,64,18,89,99,58" hai3="29,46,60,62,35,93,113,127,96,107,110,54,74"/><T100/><D124/><U131/><E0/><V26/><F120/><W94/><G107/><T7/><D128/><N who="1" m="49195" /><E81/><V68/><F68/><W24/><G74/><T75/><D27/><U13/><E13/><V28/><F38/><W57/><G113/><T118/><D6/><U111/><E111/><V10/><F79/><W73/><G73/><T22/><D22/><U51/><E125/><V37/><F37/><W80/><G110/><T36/><D36/><U8/><E8/><V25/><F64/><W48/><G80/><T32/><D32/><U47/><E47/><V5/><F58/><W86/><G127/><T31/><D31/><U33/><E33/><V14/><F28/><W43/><G86/><T72/><D75/><U3/><E3/><V122/><F122/><W84/><G84/><T133/><D133/><U1/><E1/><V126/><F87/><W4/><G4/><T15/><D118/><U112/><E112/><V91/><F126/><W105/><REACH who="3" step="1"/><G62/><REACH who="3" ten="255,235,265,225" step="2"/><T129/><D129/><U135/><E135/><V83/><F99/><W109/><G109/><T70/><D61/><N who="1" m="38183" /><E116/><V121/><F121/><W41/><G41/><T108/><D108/><U52/><E42/><V92/><REACH who="2" step="1"/><F101/><AGARI ba="1,2" hai="24,29,35,43,46,48,54,57,60,93,94,96,101,105" machi="101" ten="40,2600,0" yaku="1,1,53,1" doraHai="114" doraHaiUra="98" who="3" fromWho="2" sc="255,0,235,0,265,-29,225,49" /><INIT seed="1,0,0,2,0,16" ten="255,235,236,274" oya="1" hai0="99,71,40,47,42,29,31,26,98,30,12,24,117" hai1="52,2,78,103,36,120,97,114,75,17,23,39,122" hai2="134,66,126,59,113,104,51,81,10,15,3,64,67" hai3="101,27,46,119,62,94,18,131,60,25,93,89,63"/><U115/><E2/><V77/><F3/><W44/><G131/><T130/><D71/><U108/><E78/><V86/><F126/><W7/><G7/><T82/><D117/><U106/><E75/><V83/><F134/><W69/><G69/><T57/><D130/><U90/><E90/><V91/><F104/><W72/><G72/><T41/><D47/><U34/><E34/><V56/><F113/><W1/><G1/><T85/><D12/><U125/><E125/><V21/><F51/><W58/><G58/><T124/><D57/><U110/><E52/><V49/><F49/><W87/><G27/><T50/><D50/><U128/><E128/><V102/><F102/><W38/><G38/><N who="1" m="14378" /><E23/><V43/><F43/><W54/><G54/><T65/><D65/><U109/><E17/><V35/><F35/><W48/><G48/><T112/><D112/><AGARI ba="0,0" hai="97,103,106,108,109,110,112,114,115,120,122" m="14378" machi="112" ten="40,7700,0" yaku="14,1,10,1,23,1" doraHai="16" who="1" fromWho="0" sc="255,-77,235,77,236,0,274,0" /><INIT seed="1,1,0,0,4,134" ten="178,312,236,274" oya="1" hai0="101,51,88,95,57,0,3,90,12,113,47,133,124" hai1="11,43,64,103,20,61,131,72,37,46,2,28,117" hai2="29,66,98,96,49,65,33,127,128,55,86,40,56" hai3="100,5,17,126,36,115,122,42,99,94,60,80,13"/><U24/><E131/><V58/><F128/><W119/><G122/><T111/><D113/><U112/><E112/><V92/><F40/><W14/><G115/><T8/><D133/><U27/><E117/><V135/><F135/><W21/><G119/><T16/><D111/><U63/><E72/><V76/><F33/><W85/><G60/><T118/><D118/><U67/><E103/><V41/><F29/><W132/><G132/><T23/><D3/><U1/><E11/><V71/><F71/><W34/><G34/><T59/><D124/><U22/><E63/><V105/><F127/><W38/><G42/><T108/><D108/><U18/><REACH who="1" step="1"/><E67/><REACH who="1" ten="178,302,236,274" step="2"/><V123/><F66/><W50/><G100/><T89/><D8/><U91/><E91/><V74/><F65/><W15/><G5/><T125/><D125/><U70/><AGARI ba="1,1" hai="1,2,18,20,22,24,27,28,37,43,46,61,64,70" machi="70" ten="20,3900,0" yaku="1,1,0,1,7,1,53,0" doraHai="134" doraHaiUra="54" who="1" fromWho="1" sc="178,-14,302,52,236,-14,274,-14" /><INIT seed="1,2,0,5,4,75" ten="164,354,222,260" oya="1" hai0="18,30,128,2,3,10,38,7,28,60,123,34,36" hai1="6,100,77,42,98,25,133,88,35,49,16,22,12" hai2="33,109,78,57,85,5,105,43,91,53,26,104,130" hai3="120,129,86,39,66,127,69,96,44,68,61,103,79"/><U67/><E133/><V21/><F33/><W107/><G120/><T65/><D123/><U119/><E119/><V76/><F109/><W82/><G127/><T64/><D128/><U58/><E35/><V8/><F105/><W47/><G129/><T117/><D117/><U45/><E77/><N who="2" m="29803" /><F104/><W59/><G59/><T40/><D34/><U48/><E100/><V51/><F130/><W54/><G39/><T126/><D40/><U121/><E121/><V27/><F43/><W84/><G84/><T114/><D18/><U11/><E67/><V83/><F21/><W102/><G102/><T74/><D74/><U4/><E58/><V37/><F37/><W50/><G69/><T110/><D110/><U46/><E46/><V118/><F118/><W56/><AGARI ba="2,0" hai="44,47,50,54,56,61,66,68,79,82,86,96,103,107" machi="56" ten="20,2700,0" yaku="0,1,7,1,52,1" doraHai="75" who="3" fromWho="3" sc="164,-9,354,-15,222,-9,260,33" /><INIT seed="2,0,0,4,0,105" ten="155,339,213,293" oya="2" hai0="121,1,29,130,123,103,89,31,9,24,99,67,22" hai1="57,112,120,118,6,62,39,27,14,126,10,83,117" hai2="109,72,4,64,135,108,11,36,19,88,49,127,17" hai3="110,95,55,77,3,44,35,71,129,116,86,60,26"/><V119/><F119/><W13/><G116/><T82/><D130/><U15/><E39/><V40/><F36/><W122/><G3/><T16/><D67/><U81/><E112/><V90/><F127/><W28/><G122/><T115/><D115/><U93/><E120/><V23/><F23/><W76/><G129/><T32/><D29/><U0/><E0/><V53/><F40/><W113/><G110/><N who="2" m="42601" /><F64/><W128/><G128/><T73/><D89/><N who="2" m="34410" /><F72/><W61/><G113/><T75/><D82/><U2/><E83/><V114/><F135/><W74/><G74/><N who="0" m="28171" /><D99/><U63/><E126/><V84/><F84/><W102/><G86/><T58/><D103/><U12/><E81/><V59/><F114/><W52/><G102/><T20/><D20/><U111/><E111/><V48/><F49/><W18/><G77/><T7/><D58/><U80/><E57/><V101/><F101/><W38/><G38/><T133/><D133/><U92/><E80/><V91/><N who="2" m="34418" /><V85/><DORA hai="106" /><F85/><W125/><G125/><T104/><D104/><U97/><E118/><V50/><F50/><W21/><G76/><T56/><D56/><U98/><E117/><V87/><F87/><W134/><G134/><T107/><D107/><U42/><E98/><V54/><F54/><W94/><G55/><T5/><D5/><U45/><E97/><V65/><F65/><W66/><G52/><T8/><D8/><U68/><E10/><V46/><F59/><N who="3" m="37151" /><G44/><T100/><D100/><U41/><E45/><V33/><F33/><W70/><G61/><T25/><D123/><U47/><E47/><RYUUKYOKU ba="0,0" sc="155,10,339,-30,213,10,293,10" hai0="1,7,9,16,22,24,25,31,32,121" hai2="4,11,17,19,46,48,53" hai3="13,18,21,26,28,35,70,71,94,95" /><INIT seed="2,1,0,3,0,14" ten="165,309,223,303" oya="2" hai0="116,75,104,101,92,31,78,42,115,8,17,90,112" hai1="43,107,124,29,118,16,18,9,76,108,106,32,26" hai2="11,25,47,40,66,48,130,5,46,134,10,125,34" hai3="68,91,44,2,111,69,63,52,21,79,126,53,55"/><V110/><F125/><W93/><G126/><T82/><D31/><U73/><E124/><V86/><F130/><W94/><G2/><T95/><D42/><U28/><E118/><V97/><F97/><W1/><G1/><T72/><D8/><U109/><E76/><V50/><F134/><W70/><G79/><N who="0" m="44391" /><D17/><N who="1" m="6763" /><E73/><V27/><F34/><W129/><G21/><T80/><D116/><U7/><E43/><V22/><F110/><N who="1" m="42601" /><E29/><V127/><F127/><W36/><G111/><T15/><D15/><AGARI ba="1,0" hai="7,9,15,26,28,32,106,107" m="42601,6763" machi="15" ten="30,8000,1" yaku="14,1,52,3,54,1" doraHai="14" who="1" fromWho="0" sc="165,-83,309,83,223,0,303,0" /><INIT seed="3,0,0,3,2,95" ten="82,392,223,303" oya="3" hai0="66,40,87,64,106,34,50,0,25,115,19,108,49" hai1="72,48,110,121,97,98,129,84,24,58,99,29,13" hai2="123,78,12,118,30,130,22,109,116,124,76,131,17" hai3="100,65,133,2,44,1,38,42,4,67,114,21,105"/><W61/><G114/><T68/><D106/><U71/><E72/><V56/><F56/><W15/><G67/><T36/><D0/><U6/><E71/><V32/><F78/><W69/><G133/><T132/><D108/><U117/><E117/><N who="2" m="45163" /><F76/><W75/><G75/><T73/><D19/><U37/><E37/><V45/><F45/><W126/><G126/><T59/><D25/><U127/><E127/><V5/><F124/><W70/><G70/><T86/><D34/><U93/><E110/><V51/><F51/><N who="0" m="19466" /><D86/><U33/><E129/><N who="2" m="49163" /><F109/><W83/><G83/><T80/><D87/><U7/><E121/><V102/><F102/><W39/><G39/><T96/><D96/><U23/><E33/><V92/><F92/><W90/><G90/><T91/><D91/><N who="1" m="53479" /><E13/><V135/><F123/><W122/><G122/><T18/><D80/><U94/><E94/><V134/><F5/><W3/><G4/><T89/><D89/><U62/><E48/><V57/><F57/><W77/><G77/><T103/><D103/><U46/><E46/><V88/><F88/><W27/><G15/><T20/><D73/><U120/><E120/><V14/><F12/><W8/><G105/><T112/><D68/><U128/><E128/><V111/><F111/><W107/><G107/><T125/><D125/><U53/><AGARI ba="0,0" hai="6,7,23,24,29,53,58,62,97,98,99" m="53479" machi="53" ten="30,7900,0" yaku="8,1,52,3" doraHai="95" who="1" fromWho="1" sc="82,-20,392,79,223,-20,303,-39" /><INIT seed="4,0,0,3,2,48" ten="62,471,203,264" oya="0" hai0="56,80,2,22,11,78,17,123,14,116,121,76,124" hai1="129,86,23,87,71,15,6,38,63,122,131,85,97" hai2="133,103,37,7,120,88,70,33,41,35,107,100,12" hai3="21,113,109,59,74,46,50,125,32,60,84,36,26"/><T13/><D2/><U42/><E122/><V19/><F120/><W108/><G74/><T82/><D116/><U24/><E97/><V4/><F133/><W34/><G36/><T106/><D106/><U89/><E42/><V27/><F70/><W66/><G32/><T94/><D124/><U79/><E79/><V65/><F65/><W54/><G34/><T119/><D119/><U115/><E38/><V101/><F107/><W40/><G113/><T67/><D94/><U53/><E15/><V130/><F130/><N who="1" m="49673" /><E6/><V0/><F0/><W52/><G125/><T55/><D67/><N who="1" m="41471" /><E53/><V99/><F41/><W117/><G117/><T68/><D68/><U57/><E57/><V77/><F37/><W10/><G10/><T126/><D126/><U28/><E115/><V104/><F77/><N who="0" m="29802" /><D123/><U95/><AGARI ba="0,0" hai="23,24,28,85,86,87,89,95" m="41471,49673" machi="95" ten="30,1100,0" yaku="19,1" doraHai="48" who="1" fromWho="1" sc="62,-5,471,11,203,-3,264,-3" /><INIT seed="5,0,0,4,5,115" ten="57,482,200,261" oya="1" hai0="126,40,32,45,4,95,17,128,121,11,133,12,99" hai1="0,111,89,96,120,86,112,118,80,68,106,6,76" hai2="134,71,60,27,38,69,125,116,81,49,107,102,58" hai3="48,91,9,119,44,61,25,3,75,54,39,50,47"/><U114/><E68/><V77/><F38/><W55/><G39/><T79/><D128/><U16/><E6/><V131/><F125/><W109/><G75/><T31/><D126/><U35/><E35/><V135/><F131/><W33/><G109/><T59/><D133/><N who="2" m="50698" /><F116/><W20/><G33/><T62/><D121/><U10/><E0/><V67/><F27/><W42/><G91/><T98/><D79/><U23/><E10/><V129/><F129/><W84/><G84/><T88/><D99/><U83/><E120/><V63/><F49/><W70/><G3/><T87/><D32/><U94/><E111/><V46/><F46/><W73/><G9/><T132/><D132/><U113/><E118/><V41/><F41/><W97/><G73/><T22/><D31/><U66/><E66/><V110/><F110/><W82/><G82/><T78/><D78/><U36/><E36/><V104/><F102/><W127/><G127/><T56/><D98/><U122/><E122/><V72/><F71/><W51/><G97/><T103/><D103/><N who="1" m="62823" /><E76/><V65/><AGARI ba="0,0" hai="58,60,63,65,67,69,72,77,81,104,107" m="50698" machi="65" ten="30,1100,0" yaku="20,1" doraHai="115" who="2" fromWho="2" sc="57,-3,482,-5,200,11,261,-3" /><INIT seed="6,0,0,0,1,43" ten="54,477,211,258" oya="2" hai0="115,26,107,121,126,116,1,84,4,23,79,41,71" hai1="42,46,92,5,66,2,70,57,100,17,40,33,7" hai2="55,111,78,29,48,83,93,108,13,114,77,88,25" hai3="68,73,21,62,102,82,34,132,122,91,11,56,6"/><V64/><F114/><W103/><G34/><T9/><D71/><U63/><E33/><V123/><F123/><W96/><G68/><T110/><D115/><U101/><E2/><V16/><F64/><W32/><G32/><T75/><D116/><U59/><E70/><V12/><F12/><W81/><G122/><T37/><D121/><U69/><E69/><V20/><F111/><W135/><G73/><T131/><D131/><U125/><E125/><V90/><F108/><W67/><G21/><T36/><D126/><U45/><E17/><V38/><F38/><W30/><G30/><T112/><D112/><U14/><E92/><V99/><F90/><W120/><G120/><T18/><D110/><U61/><E14/><V94/><F94/><N who="3" m="56415" /><G102/><T128/><D128/><U80/><E80/><V104/><F104/><W129/><G103/><T51/><D107/><U50/><E50/><V27/><F29/><W127/><G127/><T98/><D98/><U54/><E54/><V58/><REACH who="2" step="1"/><F78/><REACH who="2" ten="54,477,201,258" step="2"/><W24/><G129/><T130/><D130/><U97/><E97/><V133/><F133/><W113/><G113/><T53/><D37/><U65/><AGARI ba="0,1" hai="5,7,40,42,45,46,57,59,61,63,65,66,100,101" machi="65" ten="25,12000,2" yaku="0,1,22,2,8,1,52,2" doraHai="43" who="1" fromWho="1" sc="54,-30,477,130,201,-60,258,-30" /><INIT seed="7,0,0,2,3,34" ten="24,607,141,228" oya="3" hai0="118,4,45,52,39,115,102,90,87,38,100,19,71" hai1="47,27,112,64,21,3,131,15,109,101,79,63,44" hai2="94,114,12,134,18,10,108,6,98,23,42,32,65" hai3="20,99,37,86,14,103,123,93,69,61,24,9,128"/><W51/><G37/><T88/><D4/><U1/><E1/><V11/><F108/><W5/><G123/><T73/><D87/><U122/><E3/><V80/><F32/><W58/><G69/><T30/><D71/><U77/><E15/><V76/><F134/><W33/><G33/><T89/><D73/><U8/><E101/><V75/><F114/><W74/><G74/><T129/><D30/><U0/><E0/><V25/><F65/><W126/><G128/><T72/><D72/><U91/><E63/><V110/><F110/><W82/><G126/><T70/><D70/><U127/><E91/><V78/><F76/><W135/><G51/><T55/><D118/><U17/><E47/><V125/><F42/><W85/><G82/><T97/><D97/><U29/><E21/><V111/><F125/><W60/><G60/><T22/><D129/><U104/><E8/><V130/><F111/><W68/><G135/><T113/><D45/><U26/><E17/><V7/><F130/><W117/><G68/><T53/><D19/><U62/><E26/><V66/><F66/><W56/><G56/><T105/><D22/><U2/><E127/><V48/><F48/><W83/><G58/><T106/><D102/><U92/><E122/><V59/><F59/><W124/><G103/><T120/><D100/><U28/><E131/><V132/><F132/><W35/><G35/><T84/><D84/><U121/><E109/><V95/><F98/><W119/><G99/><T36/><D120/><U116/><E121/><V43/><F43/><W49/><G124/><T54/><D54/><RYUUKYOKU ba="0,0" sc="24,15,607,-15,141,15,228,-15" hai0="36,38,39,52,53,55,88,89,90,105,106,113,115" hai2="6,7,10,11,12,18,23,25,75,78,80,94,95" owari="39,-46.0,592,69.0,156,-24.0,213,1.0" /></mjloggm>