<mjloggm ver="2.3"><GO type="169" lobby="0"/><UN n0="%E3%81%8B%E3%82%89%E3%83%BC%E3%81%9C" n1="%E8%B5%A4%E6%9C%A8%E3%81%97%E3%81%92%E3%82%8C" n2="%4D%72%2E%E3%82%B3%E3%83%90%E3%83%81" n3="%E3%82%A6%E3%83%AB%E3%83%88%E3%83%A9%E7%AB%8B%E7%9B%B4" dan="17,16,16,17" rate="2186.79,2068.21,2065.35,2162.75" sx="M,M,M,M"/><TAIKYOKU oya="0"/><INIT seed="0,0,0,5,1,51" ten="250,250,250,250" oya="0" hai0="93,42,134,127,99,94,52,113,121,74,0,72,107" hai1="26,43,75,63,103,101,117,114,65,9,54,58,66" hai2="68,122,70,49,15,59,92,108,130,97,129,22,33" hai3="62,118,24,131,12,80,78,116,85,8,125,133,3"/><T32/><D32/><U35/><E117/><V135/><F33/><W95/><G3/><T18/><D0/><U91/><E75/><V11/><F108/><W34/><G125/><T46/><D113/><U120/><E120/><V28/><F122/><W124/><G124/><T38/><D121/><U7/><E43/><V5/><F135/><W6/><G133/><T48/><D127/><U21/><E35/><V23/><F49/><W64/><G131/><N who="2" m="50185" /><F59/><W31/><REACH who="3" step="1"/><G95/><REACH who="3" ten="250,250,250,240" step="2"/><T71/><D134/><U17/><E114/><V77/><F77/><W16/><G16/><T55/><D93/><U83/><E7/><V88/><F28/><W13/><G13/><T14/><D107/><U41/><E17/><N who="2" m="10559" /><F23/><W25/><G25/><T45/><D14/><AGARI ba="0,1" hai="5,11,14,68,70,88,92,97" m="10559,50185" machi="14" ten="30,2000,0" yaku="19,1,54,1" doraHai="51" who="2" fromWho="0" sc="250,-20,250,0,250,30,240,0" /><INIT seed="1,0,0,3,4,43" ten="230,250,280,240" oya="1" hai0="56,110,96,45,129,28,22,4,75,34,63,0,59" hai1="87,133,70,94,99,58,83,32,17,40,24,130,86" hai2="89,62,81,10,91,82,84,111,50,107,54,21,13" hai3="39,101,64,37,109,113,78,127,67,51,131,68,97"/><U100/><E70/><V5/><F107/><W125/><G78/><T3/><D110/><U118/><E118/><V2/><F111/><W128/><G97/><T7/><D129/><N who="3" m="49737" /><G101/><T49/><D75/><U27/><E130/><V1/><F62/><N who="3" m="39959" /><G109/><T57/><D34/><U79/><E133/><V90/><F21/><W132/><G113/><T112/><D112/><U61/><E40/><V55/><F55/><W126/><G67/><T52/><D63/><U31/><E24/><V135/><F135/><W71/><G71/><T93/><D0/><U104/><E17/><V20/><F20/><W105/><G105/><T119/><D3/><U76/><E104/><V25/><F25/><W23/><G23/><T88/><D119/><U116/><E116/><V124/><F124/><W48/><G132/><T35/><D35/><U19/><E19/><V134/><F134/><W73/><G73/><T115/><D115/><U74/><E79/><V123/><F123/><W80/><G80/><T85/><D96/><U69/><E69/><V16/><F5/><W6/><G6/><T36/><D36/><AGARI ba="0,0" hai="36,37,39,48,51,125,126,127" m="39959,49737" machi="36" ten="40,8000,1" yaku="18,1,19,1,34,2" doraHai="43" who="3" fromWho="0" sc="230,-80,250,0,280,0,240,80" /><INIT seed="2,0,0,4,1,73" ten="150,250,280,320" oya="2" hai0="71,119,50,31,43,23,107,124,88,1,68,29,123" hai1="89,131,53,64,41,120,12,27,100,66,126,116,5" hai2="87,58,13,30,109,8,60,35,77,47,10,49,69" hai3="36,86,80,130,15,39,117,114,9,28,133,105,19"/><V85/><F69/><W113/><G105/><T11/><D123/><U46/><E116/><V110/><F30/><W128/><G117/><T125/><D119/><U42/><E100/><V129/><F35/><W52/><G28/><N who="0" m="10827" /><D107/><U45/><E131/><N who="3" m="50218" /><G52/><T122/><D122/><U90/><E126/><N who="0" m="48745" /><D23/><U4/><E27/><V67/><F129/><W115/><G133/><T22/><D22/><U112/><E120/><V61/><F61/><W26/><G26/><T92/><D11/><U127/><E127/><V59/><F59/><W97/><G97/><N who="0" m="57479" /><D1/><U37/><E53/><V132/><F132/><W63/><G63/><T55/><D43/><U91/><E112/><V24/><F24/><W81/><G81/><T94/><D94/><U18/><E5/><V82/><F87/><W72/><G72/><T0/><D0/><U103/><E4/><V3/><F3/><W98/><G98/><T65/><D65/><U34/><E34/><V40/><REACH who="2" step="1"/><F8/><REACH who="2" ten="150,250,270,320" step="2"/><W104/><G104/><T102/><D102/><U118/><E103/><V20/><F20/><W17/><G17/><AGARI ba="0,1" hai="10,13,17,40,47,49,58,60,67,77,82,85,109,110" machi="17" ten="40,7700,0" yaku="1,1,52,1,53,1" doraHai="73" doraHaiUra="57" who="2" fromWho="3" sc="150,0,250,0,270,87,320,-77" /><INIT seed="2,1,0,5,3,51" ten="150,250,357,243" oya="2" hai0="86,56,47,3,118,105,48,90,8,131,16,81,133" hai1="6,43,126,76,14,35,66,93,10,99,104,110,19" hai2="55,24,58,40,82,5,95,122,135,132,46,22,77" hai3="52,62,36,28,91,88,45,84,30,33,109,74,12"/><V85/><F122/><W121/><G74/><T113/><D113/><U80/><E104/><V29/><F5/><W4/><G33/><T128/><D133/><U97/><E35/><V87/><F95/><W21/><G121/><T72/><D105/><U103/><E110/><V54/><F87/><W70/><G109/><T27/><D72/><U116/><E116/><V98/><F98/><W108/><G108/><T71/><D71/><U134/><E134/><N who="2" m="51243" /><F58/><N who="3" m="35143" /><G36/><AGARI ba="1,0" hai="22,24,29,36,40,46,54,55,77,82,85" m="51243" machi="36" ten="30,5800,0" yaku="20,1,52,2" doraHai="51" who="2" fromWho="3" sc="150,0,250,0,357,61,243,-61" /><INIT seed="2,2,0,4,4,85" ten="150,250,418,182" oya="2" hai0="22,33,87,43,38,50,49,4,40,75,5,104,59" hai1="118,3,113,27,67,114,134,98,101,103,102,46,18" hai2="73,17,90,9,120,36,25,126,39,109,112,83,61" hai3="86,89,30,82,55,60,11,79,70,127,15,106,133"/><V20/><F120/><W110/><G106/><T121/><D121/><U129/><E3/><V63/><F112/><W130/><G127/><T24/><D75/><U74/><E74/><V1/><F126/><W8/><G130/><T128/><D33/><U81/><E118/><V116/><F116/><W44/><G133/><T48/><D104/><U69/><E81/><V2/><F109/><W131/><G110/><T66/><D128/><U97/><E129/><V68/><F73/><W12/><G131/><T96/><D96/><U111/><E111/><V71/><F61/><W37/><G30/><N who="0" m="17687" /><D38/><U16/><E134/><V21/><F21/><W7/><G37/><T29/><D29/><U122/><E122/><V32/><F32/><W95/><G70/><T56/><D87/><U93/><E46/><V124/><F124/><W54/><G60/><N who="0" m="38151" /><D59/><U132/><E132/><V105/><F105/><W115/><G44/><T52/><D52/><U64/><E69/><V13/><F68/><W76/><G115/><T92/><D92/><N who="1" m="58535" /><E103/><V77/><F39/><W99/><REACH who="3" step="1"/><G79/><REACH who="3" ten="150,250,418,172" step="2"/><T0/><D0/><U42/><E114/><V23/><F36/><W80/><G80/><T78/><D78/><U31/><E113/><V62/><F77/><W123/><G123/><T57/><D57/><U14/><E31/><N who="2" m="17831" /><F71/><W53/><G53/><T19/><D40/><U100/><E42/><V125/><F125/><W108/><G108/><T107/><D43/><U28/><E28/><V88/><F1/><W51/><G51/><T91/><D107/><U10/><E67/><V117/><F2/><W26/><G26/><RYUUKYOKU ba="2,1" sc="150,-10,250,-10,418,-10,172,30" hai3="7,8,11,12,15,54,55,76,82,86,89,95,99" /><INIT seed="3,3,1,0,0,75" ten="140,240,408,202" oya="3" hai0="114,92,117,42,67,86,74,61,105,64,121,113,35" hai1="108,51,72,36,28,22,94,80,27,11,97,26,82" hai2="85,18,100,53,103,116,77,93,44,107,131,17,62" hai3="69,132,30,135,39,124,38,104,88,8,49,34,109"/><W76/><G69/><T134/><D117/><U31/><E36/><V79/><F107/><W43/><G104/><T89/><D121/><U3/><E51/><N who="2" m="28903" /><F131/><W20/><G34/><T23/><D35/><U32/><E108/><V25/><F62/><W37/><G109/><T122/><D122/><U47/><E47/><V52/><F52/><W133/><G124/><T55/><D105/><U9/><E3/><V101/><F116/><W123/><G123/><T73/><D42/><U78/><REACH who="1" step="1"/><E82/><REACH who="1" ten="140,230,408,202" step="2"/><V46/><F46/><W65/><G49/><T87/><D113/><U10/><E10/><V106/><F106/><W110/><G110/><T127/><D114/><U95/><E95/><V68/><F68/><W112/><G112/><T56/><D92/><U7/><E7/><V102/><F93/><W98/><G8/><T129/><D129/><U33/><E33/><V66/><F100/><AGARI ba="3,2" hai="9,11,22,26,27,28,31,32,72,78,80,94,97,100" machi="100" ten="30,3900,0" yaku="1,1,7,1,52,1,53,0" doraHai="75" doraHaiUra="119" who="1" fromWho="2" sc="140,0,230,68,408,-48,202,0" /><INIT seed="4,0,0,3,4,79" ten="140,298,360,202" oya="0" hai0="97,102,61,2,49,54,88,8,66,132,95,9,16" hai1="60,67,51,92,126,3,108,74,129,13,78,19,109" hai2="114,37,80,52,42,127,103,70,32,87,35,122,55" hai3="43,135,27,28,23,50,77,116,12,24,36,82,4"/><T115/><D115/><U76/><E3/><V75/><F122/><W72/><G116/><T91/><D132/><U64/><E129/><V11/><F75/><W46/><G135/><T6/><D8/><U20/><E126/><V123/><F123/><W40/><G40/><T38/><D38/><U41/><E92/><V134/><F70/><W101/><G101/><T107/><D16/><U133/><E133/><V98/><F134/><W45/><G45/><T120/><D120/><U112/><E112/><V59/><F114/><W106/><G106/><T22/><D22/><U33/><E33/><V71/><F71/><W34/><G12/><T63/><D66/><U58/><E67/><V26/><F127/><W86/><G4/><T128/><D128/><U29/><E29/><V111/><F11/><W99/><G99/><T62/><REACH who="0" step="1"/><D107/><REACH who="0" ten="130,298,360,202" step="2"/><U25/><E19/><V44/><F35/><W1/><G1/><T57/><AGARI ba="0,1" hai="2,6,9,49,54,57,61,62,63,88,91,95,97,102" machi="57" ten="30,11700,0" yaku="1,1,2,1,0,1,54,1,53,0" doraHai="79" doraHaiUra="121" who="0" fromWho="0" sc="130,127,298,-39,360,-39,202,-39" /><INIT seed="4,1,0,2,4,41" ten="257,259,321,163" oya="0" hai0="8,35,53,21,132,87,135,58,131,123,63,26,29" hai1="95,133,32,122,14,44,17,100,129,20,38,72,74" hai2="71,60,83,7,88,31,28,110,50,103,116,1,9" hai3="24,121,75,81,134,6,85,115,40,46,2,101,54"/><T25/><D123/><U130/><E122/><V127/><F110/><W62/><G115/><T126/><D126/><U4/><E32/><V10/><F127/><W22/><G121/><T19/><D131/><N who="1" m="50187" /><E4/><V93/><F116/><W45/><G134/><T99/><D87/><U112/><E133/><V57/><F71/><W111/><G75/><T97/><D97/><N who="1" m="59455" /><E112/><V64/><F10/><W113/><G113/><T114/><D114/><U89/><E89/><V78/><F103/><W70/><G101/><T66/><D8/><U128/><E128/><V91/><F50/><W3/><G111/><T36/><D36/><U33/><E33/><V27/><F93/><W18/><G6/><T120/><D120/><U61/><E61/><V86/><REACH who="2" step="1"/><F31/><REACH who="2" ten="257,259,311,163" step="2"/><W80/><G2/><T48/><REACH who="0" step="1"/><D99/><REACH who="0" ten="247,259,311,163" step="2"/><U15/><E38/><V117/><F117/><W90/><G3/><T69/><AGARI ba="1,2" hai="19,21,25,26,29,35,48,53,58,63,66,69,132,135" machi="69" ten="30,6000,0" yaku="1,1,2,1,0,1,53,0" doraHai="41" doraHaiUra="92" who="0" fromWho="0" sc="247,83,259,-21,311,-21,163,-21" /><INIT seed="4,2,0,4,2,116" ten="330,238,290,142" oya="0" hai0="39,108,45,69,12,121,49,16,31,101,27,130,68" hai1="122,89,72,81,111,10,38,107,43,88,119,127,118" hai2="87,114,48,32,24,42,36,104,66,110,94,51,53" hai3="83,58,23,86,1,50,126,56,60,13,103,74,55"/><T75/><D121/><U62/><E62/><V46/><F104/><W123/><G1/><T61/><D75/><U80/><E43/><V133/><F110/><W52/><G74/><T92/><D39/><U125/><E10/><V77/><F114/><W11/><G126/><N who="1" m="48138" /><E38/><V22/><F32/><W59/><G123/><T120/><D120/><U63/><E63/><V21/><F133/><W35/><G35/><T29/><D130/><U44/><E44/><V129/><F129/><W18/><G103/><T41/><D108/><U117/><E122/><V102/><F66/><W115/><G115/><T7/><D7/><U4/><E4/><V105/><F105/><W15/><G15/><T71/><D61/><U96/><E111/><V34/><F34/><W28/><G28/><T73/><D27/><U47/><E47/><N who="2" m="27903" /><F36/><W97/><G97/><T26/><D26/><U5/><E5/><V78/><F102/><W6/><G6/><T132/><D132/><U64/><E64/><V40/><F40/><W20/><REACH who="3" step="1"/><G59/><REACH who="3" ten="330,238,290,132" step="2"/><T82/><D101/><N who="1" m="62887" /><E72/><V79/><F24/><W85/><G85/><T98/><D73/><U67/><E67/><V113/><F113/><W76/><AGARI ba="2,1" hai="11,13,18,20,23,50,52,55,56,58,60,76,83,86" machi="76" ten="20,8000,1" yaku="1,1,0,1,7,1,8,1,54,1,53,0" doraHai="116" doraHaiUra="100" who="3" fromWho="3" sc="330,-42,238,-22,290,-22,132,96" /><INIT seed="5,0,0,2,4,51" ten="288,216,268,228" oya="1" hai0="78,32,41,1,128,59,54,16,0,104,15,7,17" hai1="58,126,61,57,70,14,68,29,24,114,42,135,133" hai2="119,98,11,121,86,81,36,38,85,134,67,60,123" hai3="19,33,79,77,34,28,117,31,30,40,10,64,131"/><U132/><E114/><V72/><F119/><W80/><G117/><T20/><D104/><U69/><E126/><V125/><F125/><W124/><G124/><T56/><D32/><U65/><E14/><V111/><F111/><W9/><G131/><T12/><D128/><U93/><E93/><V55/><F134/><W97/><G64/><T18/><D41/><U82/><E82/><V109/><F109/><W75/><G40/><T26/><D78/><U91/><E91/><V22/><F55/><W112/><G112/><T74/><D74/><U39/><E24/><V100/><F11/><W89/><G77/><T6/><D17/><U46/><E29/><V103/><F22/><W107/><G19/><T96/><D96/><U76/><E76/><N who="2" m="44167" /><F85/><W63/><G63/><T5/><D5/><U102/><E102/><V92/><F86/><W2/><G2/><T45/><D45/><U84/><E84/><V101/><F101/><W90/><G10/><T120/><D120/><U13/><E13/><V25/><F103/><N who="3" m="62959" /><G9/><T108/><D108/><U115/><E115/><V43/><F123/><W127/><G127/><T105/><D20/><U27/><E27/><V3/><F121/><W21/><G21/><T71/><D26/><U94/><E94/><V95/><F3/><W113/><G113/><T110/><D110/><U52/><E57/><N who="2" m="37263" /><F25/><W62/><G34/><T53/><D105/><U47/><E47/><N who="2" m="24039" /><F92/><W116/><G33/><T50/><D0/><U4/><E4/><V73/><F73/><W99/><G116/><T23/><D1/><U129/><E129/><V35/><F35/><RYUUKYOKU ba="0,0" sc="288,-15,216,15,268,15,228,-15" hai1="39,42,46,52,58,61,65,68,69,70,132,133,135" hai2="38,95,98,100" /><INIT seed="5,1,0,3,5,21" ten="273,231,283,213" oya="1" hai0="104,89,71,42,97,34,129,65,40,95,1,106,131" hai1="49,126,29,19,102,112,83,24,85,38,134,132,72" hai2="74,18,26,20,46,28,63,32,94,88,91,6,82" hai3="16,70,99,67,0,130,2,133,56,12,10,120,75"/><U14/><E38/><V45/><F6/><W110/><G75/><T105/><D1/><U64/><E112/><V25/><F63/><W17/><G70/><T48/><D34/><U78/><E126/><V117/><F117/><W87/><G120/><T77/><D77/><U73/><E102/><V124/><F124/><W60/><G110/><T4/><D4/><U61/><E49/><V53/><F53/><W113/><G130/><N who="0" m="49675" /><D48/><U39/><E39/><V41/><F41/><N who="0" m="15978" /><D65/><U51/><E51/><V80/><F91/><W125/><G133/><N who="1" m="51306" /><E19/><V119/><F119/><W103/><G113/><T50/><D50/><U57/><E14/><V121/><F121/><W123/><G123/><T66/><D66/><U58/><E58/><V31/><F18/><W59/><G59/><T84/><D71/><U15/><E15/><V96/><F74/><W55/><G67/><T62/><D62/><U114/><E114/><V108/><F108/><W44/><G17/><T76/><D76/><U35/><AGARI ba="1,0" hai="24,29,35,57,61,64,72,73,78,83,85" m="51306" machi="35" ten="30,3000,0" yaku="20,1,52,1" doraHai="21" who="1" fromWho="1" sc="273,-11,231,33,283,-11,213,-11" /><INIT seed="5,2,0,2,3,118" ten="262,264,272,202" oya="1" hai0="34,55,84,135,30,13,108,36,127,60,97,23,47" hai1="104,89,45,75,57,40,4,123,126,69,3,52,33" hai2="115,44,73,70,64,39,59,122,71,72,82,132,63" hai3="120,48,99,2,77,38,50,18,35,19,7,1,114"/><U56/><E69/><N who="2" m="26123" /><F82/><W16/><G38/><T27/><D108/><U6/><E33/><V41/><F72/><W24/><G77/><T11/><D127/><U121/><E104/><V111/><F73/><W10/><G99/><T112/><D112/><U25/><E75/><V81/><F81/><W62/><G62/><T83/><D135/><U98/><E25/><V20/><F20/><N who="3" m="13335" /><G48/><N who="0" m="29087" /><D36/><U21/><E21/><V93/><F93/><W116/><G50/><T78/><D34/><U86/><E98/><V68/><F111/><W107/><G114/><T88/><D60/><U74/><E74/><V133/><F115/><W5/><G107/><T102/><D102/><U85/><E126/><V51/><F122/><W134/><G116/><T31/><D31/><U125/><E125/><V119/><F119/><W46/><G134/><N who="2" m="51817" /><F39/><W95/><G95/><N who="0" m="56551" /><D13/><U79/><E3/><V101/><F101/><W61/><G35/><T17/><D11/><U8/><E8/><V54/><N who="2" m="26131" /><V49/><DORA hai="100" /><F49/><W80/><G10/><T87/><D87/><U26/><E85/><V76/><F76/><W124/><G2/><T131/><D30/><U12/><E79/><V53/><AGARI ba="2,0" hai="41,44,51,53,54,59,63,64" m="51817,26131" machi="53" ten="50,6400,0" yaku="20,1,34,2" doraHai="118,100" who="2" fromWho="2" sc="262,-18,264,-34,272,70,202,-18" /><INIT seed="6,0,0,0,2,133" ten="244,230,342,184" oya="2" hai0="24,82,31,105,26,10,34,134,111,77,18,42,131" hai1="80,73,14,33,8,86,53,64,48,93,98,118,103" hai2="60,44,95,55,22,101,29,127,70,84,1,57,119" hai3="56,104,2,35,122,66,52,41,45,72,125,126,92"/><V71/><F119/><W83/><G104/><T25/><D111/><U100/><E33/><V116/><F116/><W67/><G35/><T109/><D109/><U129/><E129/><V63/><F1/><W124/><G2/><T74/><D134/><U19/><E118/><V81/><F44/><W50/><G122/><T110/><D110/><U46/><E73/><V115/><F115/><W59/><G59/><T96/><D131/><U36/><E36/><V90/><F63/><N who="3" m="36231" /><G92/><T27/><D42/><U54/><E64/><N who="3" m="24618" /><G83/><T79/><D82/><U43/><REACH who="1" step="1"/><E103/><REACH who="1" ten="244,220,342,184" step="2"/><V65/><F101/><W17/><G17/><T30/><D18/><U114/><E114/><V4/><F71/><W15/><G15/><T112/><D34/><U106/><E106/><V108/><F70/><W97/><G97/><T3/><D112/><U28/><E28/><V123/><F29/><W38/><G72/><T107/><D96/><U11/><E11/><V62/><F108/><W61/><G61/><T32/><D74/><U117/><E117/><V87/><F62/><W69/><G69/><T121/><D31/><U49/><E49/><AGARI ba="0,1" hai="38,41,45,49,50,124,125,126" m="24618,36231" machi="49" ten="40,12000,2" yaku="18,1,34,2,52,3,54,1" doraHai="133" who="3" fromWho="1" sc="244,0,220,-120,342,0,184,130" /><INIT seed="7,0,0,3,3,94" ten="244,100,342,314" oya="3" hai0="83,53,0,52,49,113,115,59,17,130,77,50,103" hai1="128,36,33,62,105,135,104,98,56,79,21,31,120" hai2="91,116,20,32,101,24,70,85,72,67,127,109,46" hai3="84,132,30,124,15,51,5,129,47,9,26,27,11"/><W44/><G129/><T78/><D0/><U39/><E120/><V76/><F109/><W133/><G124/><T58/><D130/><U95/><E33/><V71/><F32/><W108/><G108/><T7/><D7/><U42/><E128/><V65/><F116/><W125/><G125/><T45/><D103/><U87/><E135/><N who="3" m="51786" /><G30/><T89/><D17/><U55/><E36/><V86/><F70/><W16/><G84/><N who="0" m="50335" /><D45/><N who="3" m="17481" /><G51/><T102/><D102/><U73/><E73/><V1/><F71/><W25/><G25/><T35/><D35/><U90/><E42/><V112/><F24/><W10/><G10/><T40/><D40/><U75/><E39/><V18/><F86/><W57/><G57/><T119/><D119/><U60/><E60/><V4/><F85/><W99/><G99/><T110/><D110/><U69/><E69/><V92/><F72/><W106/><G106/><T82/><D82/><U13/><E75/><V12/><F127/><W81/><G81/><T29/><D29/><U63/><E63/><V23/><F46/><W68/><G68/><T123/><D123/><U131/><E131/><V107/><F107/><W22/><G22/><T121/><D121/><U111/><E111/><V38/><F38/><W37/><G37/><T54/><D54/><U41/><E41/><V48/><F23/><W118/><G118/><T126/><D126/><U80/><E31/><V88/><F20/><W134/><G134/><T61/><D61/><U93/><E93/><V100/><F92/><W14/><AGARI ba="0,0" hai="5,9,11,14,15,16,26,27" m="17481,51786" machi="14" ten="30,3000,0" yaku="20,1,54,1" doraHai="94" who="3" fromWho="3" sc="244,-10,100,-10,342,-10,314,30" owari="234,-17.0,90,-41.0,332,13.0,344,45.0" /></mjloggm>