<mjloggm ver="2.3"><GO type="41" lobby="0"/><UN n0="%44%45%4E%31%30%30%37" n1="%6E%65%6E%65%31%38%36%38" n2="%E5%B0%B1%E6%B4%BB%E7%94%9F%40%E5%B7%9D%E6%9D%91%E8%BB%8D%E5%9B%A3" n3="%E5%A6%82%E6%9C%88%E3%82%AB%E3%83%AB%E3%83%8A" dan="13,14,15,14" rate="1816.24,1898.58,2010.60,1959.22" sx="M,M,M,M"/><TAIKYOKU oya="0"/><INIT seed="0,0,0,5,3,6" ten="250,250,250,250" oya="0" hai0="42,121,104,32,63,45,91,123,78,101,21,110,127" hai1="51,41,16,113,58,64,68,131,106,97,40,77,73" hai2="25,50,115,17,92,94,135,19,130,61,102,85,83" hai3="22,129,98,54,55,125,107,49,29,8,114,100,120"/><T103/><D32/><U7/><E131/><V53/><F115/><W119/><G129/><T35/><D35/><U86/><E113/><V37/><F130/><W71/><G114/><T89/><D63/><U59/><E7/><V26/><F37/><W109/><G125/><T5/><D21/><U28/><E28/><V116/><F116/><W82/><G71/><T43/><D43/><U117/><E73/><V72/><F72/><W90/><G119/><T39/><D127/><U118/><E68/><V15/><F135/><W46/><G109/><T33/><D33/><U38/><E38/><V1/><F1/><W3/><G29/><T70/><D70/><U88/><E106/><V74/><F74/><W84/><G22/><T93/><D110/><U34/><E34/><V9/><F61/><W108/><G108/><T31/><D31/><U133/><E133/><V134/><F134/><W12/><G3/><T57/><D57/><U60/><E97/><N who="2" m="59687" /><F94/><N who="3" m="58455" /><G120/><T69/><D69/><U18/><E77/><N who="2" m="46319" /><F19/><N who="1" m="7209" /><E118/><V105/><F105/><W52/><G107/><T122/><D104/><U48/><E117/><V44/><AGARI ba="0,0" hai="9,15,17,25,26,44,50,53" m="46319,59687" machi="44" ten="30,2000,0" yaku="8,1,52,1" doraHai="6" who="2" fromWho="2" sc="250,-10,250,-5,250,20,250,-5" /><INIT seed="1,0,0,3,3,93" ten="240,245,270,245" oya="1" hai0="74,130,59,21,10,63,58,68,87,27,113,90,88" hai1="38,2,112,85,129,92,75,47,67,12,55,97,15" hai2="84,94,82,125,71,117,115,73,25,79,105,95,108" hai3="43,128,122,18,54,116,35,31,119,99,11,9,44"/><U49/><E2/><V124/><F71/><W132/><G122/><T6/><D74/><U101/><E75/><V39/><F39/><W100/><G54/><T56/><D113/><U30/><E112/><V102/><F25/><N who="3" m="18927" /><G18/><T107/><D107/><U7/><E129/><V86/><F115/><W77/><G77/><T111/><D111/><U19/><E38/><V37/><F37/><N who="3" m="21615" /><G128/><T80/><D130/><U72/><E72/><V57/><F57/><W23/><G23/><T24/><D68/><U70/><E30/><V8/><F8/><W127/><G127/><N who="2" m="48713" /><F117/><N who="3" m="45131" /><G132/><T40/><D40/><U46/><E85/><N who="2" m="32875" /><F108/><W81/><G81/><T78/><D63/><U0/><E0/><V123/><F123/><W76/><G76/><T41/><D41/><U62/><E7/><V66/><F66/><W98/><G100/><T33/><D33/><U20/><REACH who="1" step="1"/><E15/><REACH who="1" ten="240,235,270,245" step="2"/><V91/><F91/><W131/><G131/><T103/><D103/><U1/><E1/><V135/><F135/><W126/><G126/><T26/><REACH who="0" step="1"/><D21/><REACH who="0" ten="230,235,270,245" step="2"/><U96/><E96/><AGARI ba="0,2" hai="73,79,82,94,95,96,102,105" m="32875,48713" machi="96" ten="30,7700,0" yaku="18,1,34,2,52,1" doraHai="93" who="2" fromWho="1" sc="230,0,235,-77,270,97,245,0" /><AGARI ba="0,0" hai="9,11,96,98,99" m="45131,21615,18927" machi="96" ten="30,7700,0" yaku="12,1,52,3" doraHai="93" who="3" fromWho="1" sc="230,0,158,-77,367,0,245,77" /><INIT seed="2,0,0,5,4,6" ten="230,81,367,322" oya="2" hai0="85,19,69,121,135,55,40,18,1,98,5,101,27" hai1="118,11,42,120,71,116,126,64,46,104,28,70,88" hai2="43,84,14,107,113,106,12,3,25,80,93,91,124" hai3="127,49,0,32,48,82,96,67,17,56,51,41,114"/><V52/><F3/><W54/><G0/><T109/><D121/><U30/><E104/><V75/><F113/><W33/><G114/><T57/><D69/><U59/><E126/><V9/><F124/><W119/><G119/><T99/><D135/><U102/><E102/><V94/><F43/><W62/><G41/><T39/><D109/><U23/><E120/><V111/><F111/><W131/><G131/><T74/><D74/><U76/><E76/><V110/><F110/><W20/><G127/><T86/><D39/><U130/><E130/><V87/><F75/><W81/><G67/><T79/><D40/><U100/><E100/><V63/><F25/><W24/><G32/><T73/><D73/><U29/><E71/><V8/><F106/><W58/><G33/><T22/><D18/><U72/><E72/><V132/><F107/><W78/><G58/><T53/><D53/><U125/><E70/><V16/><F132/><W50/><G78/><T90/><D79/><U38/><E125/><V21/><F87/><W89/><N who="3" m="12800" /><DORA hai="115" /><W4/><REACH who="3" step="1"/><G4/><REACH who="3" ten="230,81,367,312" step="2"/><T66/><D66/><U13/><E23/><V122/><F122/><W92/><AGARI ba="0,1" hai="17,20,24,54,56,62,81,82,89,92,96" m="12800" machi="92" ten="40,12000,2" yaku="1,1,2,1,0,1,25,2,8,1,53,1" doraHai="6,115" doraHaiUra="15,128" who="3" fromWho="3" sc="230,-30,81,-30,367,-60,312,130" /><INIT seed="3,0,0,5,4,95" ten="200,51,307,442" oya="3" hai0="4,113,91,96,67,125,42,89,103,61,50,60,86" hai1="100,101,41,44,134,70,109,51,9,36,19,33,87" hai2="124,22,64,78,47,62,17,3,56,90,76,27,133" hai3="28,55,6,97,38,83,129,81,79,108,15,5,58"/><W37/><G28/><T80/><D125/><U107/><E109/><V24/><F3/><W77/><G108/><T21/><D113/><U25/><E134/><V12/><F124/><W135/><G135/><T72/><D72/><U99/><E70/><V32/><F133/><W43/><G129/><T94/><D4/><U18/><E36/><V23/><F32/><W49/><G43/><T30/><D61/><U85/><E101/><V104/><F104/><W131/><G131/><T112/><D112/><U48/><E48/><V8/><F90/><W122/><G122/><T0/><D0/><U45/><E45/><V117/><F117/><W11/><G5/><T46/><D91/><U130/><E130/><V114/><F47/><W111/><G111/><T2/><D2/><U68/><E68/><V13/><F114/><W39/><REACH who="3" step="1"/><G97/><REACH who="3" ten="200,51,307,432" step="2"/><T127/><D127/><U57/><E57/><V102/><F56/><W119/><G119/><T88/><D30/><U7/><E19/><V118/><F17/><W73/><G73/><T54/><D42/><U20/><REACH who="1" step="1"/><E33/><REACH who="1" ten="200,41,307,432" step="2"/><V132/><F132/><W10/><G10/><T40/><D40/><U16/><E16/><V106/><F8/><W126/><G126/><T123/><D123/><U115/><E115/><V34/><F34/><W31/><G31/><T71/><D21/><U116/><E116/><V98/><F118/><W75/><G75/><T29/><D29/><U1/><AGARI ba="0,2" hai="1,7,9,18,20,25,41,44,51,85,87,99,100,107" machi="1" ten="20,5200,0" yaku="1,1,0,1,7,1,52,1,53,0" doraHai="95" doraHaiUra="65" who="1" fromWho="1" sc="200,-13,41,72,307,-13,432,-26" /><INIT seed="4,0,0,4,0,43" ten="187,113,294,406" oya="0" hai0="27,133,49,88,39,89,59,15,54,94,102,113,134" hai1="51,116,34,45,52,13,104,78,112,2,10,121,26" hai2="126,119,92,108,8,87,22,70,131,71,50,120,31" hai3="48,128,68,6,81,125,16,77,76,114,36,91,75"/><T53/><D39/><U105/><E116/><V130/><F108/><W96/><G36/><T41/><D113/><U132/><E121/><V122/><F119/><W14/><G125/><T124/><D124/><U110/><E110/><V28/><F8/><W57/><G128/><N who="2" m="49193" /><F126/><W83/><G68/><N who="2" m="26153" /><F50/><W65/><G6/><T79/><D79/><U63/><E2/><V4/><F4/><W98/><G91/><T129/><D129/><U42/><E132/><N who="0" m="50793" /><D27/><U80/><E112/><V1/><F1/><W60/><G48/><N who="0" m="31143" /><D41/><U74/><E34/><V23/><F92/><W12/><G12/><T73/><D73/><U103/><E26/><V90/><F90/><W115/><G115/><T107/><D15/><U127/><E103/><V58/><F87/><W19/><G114/><T40/><D40/><U32/><E32/><V44/><F58/><W135/><G135/><T24/><D107/><U55/><E127/><V5/><F5/><W25/><G25/><T95/><D24/><U66/><E105/><V100/><F100/><W62/><G14/><T97/><D95/><U38/><E104/><V56/><F56/><AGARI ba="0,0" hai="49,54,56,88,89,94,97,102" m="31143,50793" machi="56" ten="30,2900,0" yaku="20,1,54,1" doraHai="43" who="0" fromWho="2" sc="187,29,113,0,294,-29,406,0" /><INIT seed="4,1,0,5,3,83" ten="216,113,265,406" oya="0" hai0="41,94,118,12,57,72,125,28,71,113,84,122,68" hai1="109,17,51,50,93,25,53,66,45,20,26,69,79" hai2="30,74,80,130,27,107,3,99,88,43,67,62,60" hai3="8,102,24,1,47,35,90,129,0,44,56,101,48"/><T120/><D72/><U124/><E109/><V36/><F3/><W91/><G56/><T131/><D118/><U55/><E124/><V2/><F2/><W70/><G70/><T61/><D125/><U103/><E79/><V132/><F130/><W92/><G35/><T128/><D28/><U89/><E103/><V78/><F132/><W58/><G24/><T10/><D41/><U116/><E116/><V49/><F36/><W110/><G58/><T73/><D73/><U76/><E76/><V63/><F43/><W18/><G110/><T77/><D113/><U29/><E69/><V23/><F49/><W115/><G115/><T6/><D122/><U111/><E66/><V133/><F133/><W42/><G129/><N who="0" m="49739" /><D120/><U37/><E37/><V59/><F107/><W13/><G0/><T123/><D123/><U22/><E111/><V134/><F134/><W114/><G1/><T85/><D77/><U105/><E105/><V100/><F100/><W104/><G104/><T135/><D135/><U31/><E17/><V86/><F99/><W65/><G114/><T40/><D40/><U127/><E127/><V97/><F97/><W15/><G42/><T11/><D11/><U39/><E39/><V7/><F7/><W98/><G102/><T81/><D81/><AGARI ba="1,0" hai="23,27,30,59,60,62,63,67,74,78,80,81,86,88" machi="81" ten="30,3900,0" yaku="7,1,52,1,54,1" doraHai="83" who="2" fromWho="0" sc="216,-42,113,0,265,42,406,0" /><INIT seed="5,0,0,4,2,102" ten="174,113,307,406" oya="1" hai0="56,5,25,108,4,84,20,127,132,104,111,114,134" hai1="82,52,87,55,37,70,7,99,41,120,34,40,1" hai2="3,64,44,65,49,135,79,85,125,48,19,80,88" hai3="54,39,38,126,113,61,66,68,123,97,124,36,16"/><U122/><E70/><V73/><F3/><W11/><G123/><T131/><D56/><U129/><E34/><V74/><F135/><N who="0" m="51754" /><D84/><U91/><E129/><V33/><F125/><N who="3" m="48235" /><G113/><T9/><D127/><U71/><E71/><V8/><F33/><W30/><G30/><N who="0" m="17703" /><D104/><U78/><E37/><V133/><F133/><W94/><G54/><T121/><D121/><U47/><E122/><V62/><F48/><W83/><G83/><T23/><D131/><U112/><E120/><V31/><F31/><W110/><G110/><N who="0" m="42027" /><D114/><U75/><E112/><V57/><F65/><W50/><G50/><T89/><D89/><U18/><E55/><N who="2" m="30119" /><F79/><W14/><G36/><T28/><D9/><U106/><E1/><V42/><F42/><W103/><AGARI ba="0,0" hai="11,14,16,38,39,61,66,68,94,97,103" m="48235" machi="103" ten="30,2000,0" yaku="18,1,54,1" doraHai="102" who="3" fromWho="3" sc="174,-5,113,-10,307,-5,406,20" /><INIT seed="6,0,0,1,5,22" ten="169,103,302,426" oya="2" hai0="133,41,90,17,102,33,43,80,26,19,116,88,123" hai1="87,119,21,124,55,31,66,127,132,93,48,58,36" hai2="73,44,91,38,96,79,1,34,78,67,121,107,29" hai3="68,129,75,84,135,77,70,46,74,24,122,56,81"/><V23/><F121/><W125/><G122/><T6/><D123/><U4/><E119/><V14/><F34/><W3/><G3/><T97/><D133/><U112/><E36/><V28/><F1/><W64/><G129/><T12/><D116/><U13/><E132/><V49/><F38/><W8/><G8/><T42/><D6/><U40/><E112/><V39/><F39/><W128/><G128/><T94/><D19/><U113/><E113/><V111/><F111/><W10/><G10/><T120/><D120/><U118/><E118/><V32/><F32/><W71/><G46/><T83/><D33/><U7/><E40/><V76/><F67/><W63/><G135/><T117/><D117/><U0/><E66/><V20/><F73/><W50/><G50/><T115/><D115/><U61/><E0/><V27/><F14/><W69/><G125/><T89/><REACH who="0" step="1"/><D12/><REACH who="0" ten="159,103,302,426" step="2"/><U104/><E4/><V85/><F28/><W2/><G2/><T59/><D59/><U5/><E7/><V100/><F23/><AGARI ba="0,1" hai="17,23,26,41,42,43,80,83,88,89,90,94,97,102" machi="23" ten="40,8000,1" yaku="1,1,8,1,52,1,54,1,53,0" doraHai="22" doraHaiUra="47" who="0" fromWho="2" sc="159,90,103,0,302,-80,426,0" /><INIT seed="7,0,0,0,1,38" ten="249,103,222,426" oya="3" hai0="34,117,106,100,16,82,45,112,65,25,18,85,42" hai1="81,52,78,135,69,87,49,47,73,56,53,129,0" hai2="41,24,17,72,128,48,67,66,10,105,99,39,35" hai3="91,96,28,30,68,32,50,92,70,110,86,61,84"/><W122/><G122/><T127/><D117/><U125/><E125/><V90/><F72/><W21/><G32/><T37/><D127/><U111/><E111/><V6/><F128/><W60/><G110/><T54/><D112/><U13/><E129/><V59/><F39/><W102/><G70/><T2/><D2/><U44/><E0/><V8/><F35/><W36/><G36/><T55/><D65/><U123/><E135/><V89/><F105/><W40/><G68/><T126/><D126/><U20/><E123/><V43/><F6/><W19/><G60/><T74/><D74/><U83/><E69/><V104/><F104/><W71/><G61/><T27/><D34/><U11/><E20/><N who="2" m="13327" /><F48/><W94/><G84/><T26/><D106/><U124/><E124/><V107/><F107/><W88/><G102/><T98/><D98/><U76/><REACH who="1" step="1"/><E53/><REACH who="1" ten="249,93,222,426" step="2"/><V134/><F134/><W46/><G71/><T4/><D55/><U23/><E23/><V33/><F33/><W14/><AGARI ba="0,1" hai="14,19,21,28,30,40,46,50,86,88,91,92,94,96" machi="14" ten="20,12000,1" yaku="0,1,7,1,8,1,52,1,54,1" doraHai="38" who="3" fromWho="3" sc="249,-40,93,-40,222,-40,426,130" owari="209,1.0,53,-45.0,182,-22.0,556,66.0" /></mjloggm>