<mjloggm ver="2.3"><GO type="41" lobby="0"/><UN n0="%E3%81%AA%E3%81%99%E3%81%B3%EF%BC%94" n1="%41%6B%6B%69%79" n2="%E5%B0%B1%E6%B4%BB%E7%94%9F%40%E5%B7%9D%E6%9D%91%E8%BB%8D%E5%9B%A3" n3="%7A%65%6C%64%69%6E%61" dan="14,15,14,15" rate="1935.80,2048.42,1953.01,2024.49" sx="M,M,M,M"/><TAIKYOKU oya="0"/><INIT seed="0,0,0,5,1,134" ten="250,250,250,250" oya="0" hai0="80,31,77,9,120,87,0,89,44,124,57,113,49" hai1="39,133,125,83,53,99,62,111,23,135,130,117,19" hai2="52,104,97,18,101,45,88,100,30,35,48,43,84" hai3="70,38,123,33,106,4,132,3,82,8,40,118,5"/><T61/><D113/><U27/><E39/><V37/><F100/><W14/><G82/><T56/><D120/><U121/><E121/><V54/><F18/><N who="3" m="8519" /><G70/><T116/><D116/><U85/><E117/><V95/><F54/><W71/><G71/><T22/><D124/><U34/><E34/><V75/><F75/><W47/><G106/><T29/><D0/><U58/><E99/><V16/><F35/><W112/><G47/><T46/><D9/><U72/><E72/><V86/><F30/><W127/><G40/><T26/><D31/><U6/><E6/><N who="3" m="2666" /><G38/><T20/><D20/><U131/><E111/><V119/><F119/><W129/><G33/><T76/><D46/><U28/><E28/><V17/><F84/><W15/><G3/><T60/><D56/><AGARI ba="0,0" hai="16,17,37,43,45,48,52,56,86,88,95,97,101,104" machi="56" ten="30,7700,0" yaku="7,1,54,3" doraHai="134" who="2" fromWho="0" sc="250,-77,250,0,250,77,250,0" /><INIT seed="1,0,0,2,3,11" ten="173,250,327,250" oya="1" hai0="7,125,60,88,61,109,91,10,95,33,77,14,94" hai1="9,132,51,106,16,31,42,38,101,127,121,84,44" hai2="24,97,111,112,53,79,82,74,126,0,12,96,4" hai3="120,89,122,128,129,104,1,81,50,36,73,43,17"/><U90/><E121/><V105/><F111/><W69/><G69/><T62/><D109/><U103/><E132/><V102/><F112/><W37/><G104/><T114/><D114/><U8/><E106/><V65/><F126/><W72/><G17/><T107/><D107/><U130/><E31/><V83/><F0/><W64/><G64/><T15/><D33/><U68/><E68/><V55/><F96/><W35/><G35/><T71/><D71/><U54/><E130/><N who="3" m="50282" /><G1/><T76/><D125/><U30/><E30/><V131/><F131/><W117/><G117/><T34/><D34/><U45/><E8/><V67/><F24/><W29/><G29/><T124/><D124/><U110/><E110/><V80/><F74/><N who="3" m="28779" /><G50/><T123/><D123/><N who="3" m="47145" /><G43/><T93/><D15/><N who="1" m="7279" /><E127/><V32/><F67/><W2/><G2/><T133/><D133/><U86/><E86/><AGARI ba="0,0" hai="36,37,81,86,89" m="47145,28779,50282" machi="86" ten="40,1300,0" yaku="19,1" doraHai="11" who="3" fromWho="1" sc="173,0,250,-13,327,0,250,13" /><INIT seed="2,0,0,1,0,51" ten="173,237,327,263" oya="2" hai0="86,64,131,58,87,85,33,104,72,122,66,11,126" hai1="24,112,34,82,121,70,124,68,59,38,80,84,5" hai2="54,98,8,20,83,109,100,45,78,30,113,62,23" hai3="1,41,74,39,110,19,61,14,21,60,102,44,75"/><V35/><F113/><W130/><G130/><T43/><D104/><U123/><E38/><V133/><F133/><W18/><G110/><T16/><D33/><U79/><E112/><V65/><F109/><W42/><G42/><T115/><D72/><U15/><E124/><V90/><F8/><W55/><G102/><T12/><D115/><U128/><E128/><V40/><F90/><W114/><G114/><T56/><D122/><N who="1" m="46603" /><E82/><V77/><F35/><W47/><G1/><T6/><D126/><U135/><E135/><V118/><F118/><W73/><REACH who="3" step="1"/><G19/><REACH who="3" ten="173,237,327,253" step="2"/><T81/><D131/><U63/><E5/><V53/><F100/><W103/><G103/><T99/><D43/><U134/><E134/><V89/><F40/><W132/><G132/><T105/><D105/><U46/><E15/><V52/><F45/><W32/><G32/><T129/><D129/><U117/><E46/><V7/><F7/><W120/><G120/><T96/><D6/><U27/><E117/><V67/><F62/><W22/><G22/><N who="2" m="8233" /><F30/><W36/><G36/><T91/><D81/><U95/><E95/><N who="2" m="56687" /><F83/><W29/><G29/><T119/><D119/><U108/><E108/><V116/><F116/><W13/><G13/><T2/><D2/><U49/><E34/><V127/><F127/><W4/><G4/><T25/><D16/><U0/><E0/><V106/><F106/><W107/><G107/><T3/><D3/><U9/><E9/><V26/><F26/><N who="1" m="9769" /><E63/><V88/><F88/><W57/><G57/><T28/><D91/><U76/><E76/><AGARI ba="0,1" hai="52,53,54,65,67,76,77,78" m="56687,8233" machi="76" ten="30,12000,1" yaku="8,1,52,3,54,1" doraHai="51" who="2" fromWho="1" sc="173,0,237,-120,327,130,253,0" /><INIT seed="2,1,0,0,2,104" ten="173,117,457,253" oya="2" hai0="17,61,112,25,20,16,33,81,121,68,60,64,132" hai1="122,31,80,123,35,23,127,54,125,47,78,56,94" hai2="49,28,124,21,38,96,79,48,108,62,69,37,131" hai3="87,51,126,30,107,111,11,98,130,84,116,55,67"/><V82/><F124/><N who="1" m="47689" /><E35/><V74/><F131/><W44/><G116/><T53/><D112/><U8/><E8/><V71/><F108/><W65/><G111/><T103/><D121/><N who="1" m="46091" /><E47/><V45/><F96/><W5/><G30/><T1/><D132/><U14/><E94/><V133/><F133/><W75/><G75/><T77/><D103/><U100/><E100/><V83/><F28/><W92/><G130/><T12/><D1/><U70/><E70/><V134/><F134/><W13/><G107/><T7/><D7/><U85/><E14/><V22/><F45/><W18/><G5/><T19/><D33/><U117/><E117/><V135/><F135/><W63/><G126/><T105/><D105/><U6/><E6/><V88/><F79/><W15/><G15/><T40/><D40/><U59/><E54/><V57/><F88/><N who="3" m="55559" /><G63/><T32/><D32/><U93/><E93/><V42/><F62/><W76/><G76/><T10/><D61/><U89/><E89/><V46/><F46/><W128/><G128/><T106/><D106/><U9/><E9/><V129/><F129/><W3/><G3/><T90/><D90/><U110/><E110/><V43/><F57/><W52/><G55/><T99/><D99/><U115/><E115/><V50/><F50/><W29/><G29/><T66/><D66/><AGARI ba="1,0" hai="11,13,18,44,51,52,65,66,67,84,87" m="55559" machi="66" ten="30,3900,0" yaku="8,1,54,2" doraHai="104" who="3" fromWho="0" sc="173,-42,117,0,457,0,253,42" /><INIT seed="3,0,0,4,4,108" ten="131,117,457,295" oya="3" hai0="87,93,134,100,43,75,55,99,77,83,45,13,6" hai1="3,129,91,23,81,70,121,119,7,132,112,116,1" hai2="96,113,21,46,26,9,95,114,123,61,110,80,12" hai3="17,54,98,0,35,92,88,130,2,76,73,36,52"/><W64/><G130/><T29/><D134/><U27/><E70/><V19/><F110/><W131/><G131/><T60/><D29/><U89/><E129/><V90/><F123/><W53/><G35/><T48/><D75/><U78/><E121/><V10/><F10/><W128/><G128/><T18/><D6/><U101/><E101/><V56/><F46/><W22/><G36/><T103/><D60/><U109/><E109/><V47/><F47/><W44/><G44/><T126/><D126/><U102/><E102/><V4/><F80/><W105/><G105/><T127/><D127/><U50/><E50/><V40/><REACH who="2" step="1"/><F40/><REACH who="2" ten="131,117,447,295" step="2"/><W72/><G73/><T24/><D43/><U41/><E41/><V135/><F135/><W42/><G42/><T71/><D45/><U49/><E132/><V58/><F58/><W106/><G106/><T122/><D83/><U8/><E3/><V38/><F38/><W15/><G0/><T85/><D71/><U63/><E116/><V66/><AGARI ba="0,1" hai="4,9,12,19,21,26,56,61,66,90,95,96,113,114" machi="66" ten="20,8000,1" yaku="1,1,0,1,7,1,52,2,53,0" doraHai="108" doraHaiUra="104" who="2" fromWho="2" sc="131,-20,117,-20,447,90,295,-40" /><INIT seed="4,0,0,4,1,75" ten="111,97,537,255" oya="0" hai0="70,118,108,85,57,77,117,61,82,73,93,45,76" hai1="91,16,84,46,47,30,102,119,88,38,72,33,1" hai2="113,69,2,19,132,28,4,51,78,89,134,133,56" hai3="120,130,17,35,63,14,50,5,115,39,59,40,87"/><T7/><D70/><U8/><E72/><V10/><F113/><W64/><G35/><T125/><D125/><U124/><E124/><V11/><F69/><W105/><G105/><T49/><D108/><U55/><E102/><V106/><F106/><W67/><G130/><T96/><D7/><U116/><E91/><V31/><F89/><W129/><G129/><T90/><D73/><U48/><E1/><V98/><F98/><W74/><G74/><T58/><D76/><U23/><E33/><V27/><F78/><W122/><G115/><T29/><D29/><U60/><E30/><V97/><F97/><W22/><G5/><T41/><REACH who="0" step="1"/><D57/><REACH who="0" ten="101,97,537,255" step="2"/><U111/><E111/><V100/><F4/><W44/><G122/><T107/><D107/><U9/><E116/><V104/><F104/><W109/><G120/><T86/><D86/><U94/><E119/><V83/><F133/><W53/><G109/><T101/><D101/><U43/><REACH who="1" step="1"/><E60/><REACH who="1" ten="101,87,537,255" step="2"/><V112/><F134/><W24/><G63/><T135/><D135/><U128/><E128/><V20/><F132/><W79/><G87/><T15/><D15/><AGARI ba="0,2" hai="8,9,15,16,23,38,43,46,47,48,55,84,88,94" machi="15" ten="30,7700,0" yaku="1,1,7,1,54,2,53,0" doraHai="75" doraHaiUra="121" who="1" fromWho="0" sc="101,-77,87,97,537,0,255,0" /><INIT seed="5,0,0,3,5,12" ten="24,184,537,255" oya="1" hai0="22,106,14,72,89,43,50,135,8,84,115,17,16" hai1="82,9,93,15,126,1,79,54,0,83,56,24,133" hai2="19,66,123,132,77,25,27,5,36,75,109,97,87" hai3="47,116,122,23,38,4,80,31,60,32,18,73,65"/><U34/><E126/><V96/><F75/><W101/><G101/><T63/><D72/><U3/><E133/><V112/><F36/><W68/><G122/><T64/><D106/><U33/><E24/><V118/><F118/><W69/><G116/><T91/><D135/><U30/><E30/><V20/><F123/><W128/><G128/><T94/><D115/><U2/><E83/><V37/><F37/><W102/><G102/><T98/><D43/><U100/><E100/><V76/><F112/><W104/><G104/><T7/><D50/><U11/><E11/><V105/><F5/><W134/><G134/><T61/><D64/><U78/><E93/><V35/><F87/><W28/><G32/><T107/><D107/><U44/><E44/><V114/><F66/><W49/><G38/><T129/><D129/><U108/><E108/><V99/><F109/><W131/><G131/><T124/><D124/><U120/><E79/><V103/><F114/><W111/><G111/><T130/><D130/><U13/><E13/><V6/><F132/><W86/><G73/><T127/><D127/><U52/><E54/><V55/><F55/><W110/><G110/><T51/><D51/><N who="1" m="30751" /><E3/><V85/><F76/><W29/><G4/><T42/><D42/><U81/><E120/><V58/><F77/><W119/><G119/><T113/><D113/><U88/><E88/><V67/><F103/><W21/><G86/><T41/><D41/><U40/><E40/><V45/><F85/><W26/><G80/><N who="1" m="30826" /><E78/><V59/><F105/><W53/><G69/><T121/><D121/><U125/><E125/><RYUUKYOKU ba="0,0" sc="24,-15,184,15,537,-15,255,15" hai1="0,1,2,9,15,33,34" hai3="18,21,23,26,28,29,31,47,49,53,60,65,68" /><INIT seed="5,1,0,2,3,26" ten="9,199,522,270" oya="1" hai0="47,49,78,22,132,36,97,63,92,105,59,44,50" hai1="70,72,113,29,45,52,109,69,84,98,41,100,46" hai2="122,75,39,96,79,73,28,58,77,80,32,25,68" hai3="101,83,61,135,65,9,121,93,130,95,10,35,6"/><U13/><E72/><V108/><F122/><W16/><G35/><T12/><D105/><U40/><E113/><V90/><F108/><W20/><G135/><T110/><D110/><U131/><E131/><V115/><F115/><W51/><G130/><T37/><D132/><U33/><E109/><V119/><F119/><W99/><G121/><T88/><D78/><U74/><E74/><V18/><F68/><W27/><G51/><N who="0" m="19467" /><D37/><N who="1" m="21647" /><E52/><V71/><F71/><W111/><G111/><T125/><D36/><N who="1" m="21799" /><E13/><V38/><F58/><N who="3" m="37047" /><G6/><T118/><D118/><U57/><E57/><V102/><F18/><W85/><G95/><T7/><D125/><U43/><E43/><V55/><F55/><W2/><G2/><T128/><D128/><U31/><E31/><V1/><F90/><AGARI ba="1,0" hai="9,10,16,20,27,83,85,90,93,99,101" m="37047" machi="90" ten="30,2000,0" yaku="8,1,54,1" doraHai="26" who="3" fromWho="2" sc="9,0,199,0,522,-23,270,23" /><INIT seed="6,0,0,5,2,18" ten="9,199,499,293" oya="2" hai0="25,16,102,106,41,111,23,120,30,113,60,8,5" hai1="66,130,65,31,53,88,134,21,87,54,98,121,39" hai2="132,70,82,40,15,126,22,42,9,73,28,114,56" hai3="59,128,51,72,48,109,64,11,108,85,6,127,0"/><V75/><F70/><W14/><G72/><T118/><D120/><U110/><E39/><V13/><F126/><W107/><G107/><T69/><D111/><U63/><E134/><V135/><F56/><W124/><G128/><T105/><D113/><U52/><E130/><V99/><F99/><W19/><G85/><T92/><D118/><U91/><E110/><N who="3" m="42602" /><G59/><T47/><D69/><U104/><E121/><V95/><F95/><W43/><G64/><T71/><D71/><U76/><E104/><V67/><F67/><N who="1" m="25609" /><E98/><V26/><F114/><W2/><G43/><T27/><D60/><U112/><E63/><V55/><F55/><W122/><G122/><T131/><D131/><U100/><E100/><V96/><F96/><W93/><G93/><T97/><D5/><U4/><E4/><V61/><F61/><W78/><G78/><T123/><D123/><U116/><E116/><V37/><F37/><W115/><G115/><T36/><D8/><U84/><E112/><V3/><F82/><W119/><G119/><T10/><D10/><U79/><E87/><V50/><F75/><W129/><G129/><T34/><AGARI ba="0,0" hai="16,23,25,27,30,34,36,41,47,92,97,102,105,106" machi="34" ten="20,5200,0" yaku="0,1,7,1,52,1,54,1" doraHai="18" who="0" fromWho="0" sc="9,52,199,-13,499,-26,293,-13" /><INIT seed="7,0,0,4,4,81" ten="61,186,473,280" oya="3" hai0="16,28,26,14,0,113,60,70,3,37,125,127,133" hai1="110,80,124,83,122,39,47,29,104,49,96,123,42" hai2="120,4,67,82,119,38,132,30,5,73,51,78,95" hai3="99,102,13,19,62,43,35,74,106,33,87,111,8"/><W116/><G74/><T20/><D37/><U115/><E110/><V90/><F38/><W91/><G116/><T61/><D70/><U93/><E124/><V52/><F119/><W57/><G111/><T24/><D61/><U7/><E104/><V59/><F120/><W11/><G43/><T117/><D60/><U22/><E115/><V88/><F132/><W18/><G57/><T31/><D117/><U41/><E41/><V131/><F131/><W27/><G62/><T79/><D79/><U34/><E34/><V54/><F67/><W10/><G27/><T108/><D108/><U135/><E135/><V17/><F30/><W68/><G68/><T71/><D71/><U130/><E39/><V46/><F17/><W40/><G40/><T77/><D77/><U53/><E42/><V44/><F90/><W126/><G126/><T6/><D133/><U9/><E130/><V1/><F1/><N who="0" m="586" /><D113/><U100/><E122/><V97/><F46/><W98/><G98/><T21/><D127/><U69/><E69/><V64/><F64/><W103/><G103/><T48/><D48/><AGARI ba="0,0" hai="4,5,44,48,51,52,54,59,73,78,82,88,95,97" machi="48" ten="30,3900,0" yaku="7,1,54,2" doraHai="81" who="2" fromWho="0" sc="61,-39,186,0,473,39,280,0" owari="22,-48.0,186,-21.0,512,61.0,280,8.0" /></mjloggm>