<mjloggm ver="2.3"><GO type="41" lobby="0"/><UN n0="%77%6F%6C%66%33" n1="%6E%61%67%30%38" n2="%E5%B0%B1%E6%B4%BB%E7%94%9F%40%E5%B7%9D%E6%9D%91%E8%BB%8D%E5%9B%A3" n3="%6F%72%61%6E%67%65%33%33" dan="14,13,15,15" rate="1970.80,1872.14,2004.81,2039.18" sx="M,M,M,M"/><TAIKYOKU oya="0"/><INIT seed="0,0,0,1,1,116" ten="250,250,250,250" oya="0" hai0="132,25,91,51,135,40,9,0,64,122,95,94,88" hai1="74,125,84,76,105,103,5,29,123,10,85,2,63" hai2="60,58,110,121,54,7,55,34,66,12,47,106,71" hai3="44,93,78,100,46,6,19,124,18,23,39,65,126"/><T50/><D64/><U101/><E125/><N who="3" m="48234" /><G6/><T107/><D107/><U53/><E29/><V77/><F34/><W114/><G114/><T32/><D40/><U1/><E1/><V73/><F106/><W22/><G78/><T128/><D128/><U117/><E117/><V67/><F77/><W127/><G65/><T112/><D112/><U3/><E3/><V45/><F73/><W129/><G129/><T90/><D122/><U56/><E123/><V104/><F104/><W109/><G109/><T89/><D0/><U30/><E105/><V108/><F7/><W98/><G39/><T21/><D9/><U59/><E30/><V96/><F96/><W24/><N who="3" m="48242" /><W28/><DORA hai="82" /><G28/><T70/><D70/><U133/><E133/><N who="0" m="51273" /><D32/><U20/><E20/><V92/><F12/><AGARI ba="0,0" hai="12,18,19,22,23,24,44,46,93,98,100" m="48242" machi="12" ten="40,1300,0" yaku="18,1" doraHai="116,82" who="3" fromWho="2" sc="250,0,250,0,250,-13,250,13" /><INIT seed="1,0,0,5,1,80" ten="250,250,237,263" oya="1" hai0="29,63,131,126,128,101,31,52,65,13,44,87,21" hai1="54,3,62,91,125,47,57,71,18,120,105,14,83" hai2="0,122,24,130,28,5,9,68,61,75,45,50,76" hai3="22,82,77,73,17,58,124,56,123,51,84,107,111"/><U100/><E120/><V55/><F122/><W116/><G107/><T48/><D101/><U74/><E3/><V49/><F130/><N who="0" m="49706" /><D126/><U134/><E134/><V88/><F75/><W16/><G123/><T41/><D13/><U79/><E125/><V4/><F76/><W112/><G112/><T11/><D11/><U64/><E91/><V1/><F50/><W59/><G111/><T10/><D10/><U132/><E132/><V121/><F121/><W38/><G38/><T119/><D119/><U92/><E105/><V104/><F104/><W23/><G124/><T89/><D21/><N who="3" m="7689" /><G73/><T25/><D25/><U39/><E39/><V66/><F5/><W115/><G115/><T40/><D29/><U81/><E81/><V103/><F103/><W53/><G116/><T135/><D31/><U6/><E6/><V72/><F72/><W108/><G108/><T7/><D7/><U42/><E100/><V15/><REACH who="2" step="1"/><F88/><REACH who="2" ten="250,250,227,263" step="2"/><W114/><G114/><T95/><D135/><U60/><E92/><V2/><F2/><W94/><G94/><T85/><D85/><U43/><E47/><AGARI ba="0,1" hai="16,17,47,51,53,56,58,59,77,82,84" m="7689" machi="47" ten="30,3900,0" yaku="8,1,52,1,54,1" doraHai="80" who="3" fromWho="1" sc="250,0,250,-39,227,0,263,49" /><INIT seed="2,0,0,2,3,121" ten="250,211,227,312" oya="2" hai0="129,44,71,83,24,120,101,99,3,17,27,124,125" hai1="41,104,123,117,111,119,96,98,12,34,114,40,82" hai2="28,38,2,132,103,31,90,5,105,126,16,84,73" hai3="55,13,85,30,11,127,94,122,100,10,86,39,6"/><V76/><F38/><W108/><G39/><T50/><D120/><U20/><E34/><V77/><F126/><W22/><G122/><T66/><D3/><U135/><E123/><V0/><F132/><W110/><G127/><N who="0" m="48715" /><D129/><U14/><E135/><V53/><F105/><W102/><G55/><T134/><D134/><U87/><E114/><V7/><F103/><N who="3" m="39467" /><G94/><T74/><D66/><U19/><E104/><V32/><F32/><W56/><G56/><T26/><D71/><U118/><E14/><V35/><F35/><W113/><G113/><T64/><D64/><U92/><E98/><V133/><F133/><W89/><G89/><T131/><D131/><U80/><E80/><V63/><F73/><W48/><G48/><T8/><D83/><U79/><REACH who="1" step="1"/><E111/><REACH who="1" ten="250,201,227,312" step="2"/><N who="3" m="42538" /><G10/><T1/><D8/><U18/><E18/><V81/><F16/><W128/><G128/><T69/><D17/><U65/><E65/><V45/><F5/><W46/><G46/><T21/><D44/><U70/><E70/><V59/><F7/><W51/><G6/><T54/><D69/><U33/><E33/><V43/><F2/><W52/><G13/><T78/><D1/><U67/><E67/><V72/><F0/><W61/><G30/><N who="2" m="11305" /><F72/><W75/><G11/><T106/><D74/><U25/><E25/><V58/><F58/><W4/><G75/><T130/><D130/><U88/><AGARI ba="0,1" hai="12,19,20,40,41,79,82,87,88,92,96,117,118,119" machi="88" ten="30,4000,0" yaku="1,1,0,1,54,1,53,0" doraHai="121" doraHaiUra="97" who="1" fromWho="1" sc="250,-10,201,50,227,-20,312,-10" /><INIT seed="3,0,0,1,4,56" ten="240,251,207,302" oya="3" hai0="45,79,4,100,48,31,3,118,95,66,55,87,57" hai1="116,22,14,112,90,104,16,96,21,77,29,35,10" hai2="59,133,53,8,36,42,106,119,129,101,13,91,105" hai3="44,99,19,37,74,52,86,40,17,1,50,61,72"/><W134/><G134/><T24/><D118/><U93/><E112/><V103/><F119/><W124/><G1/><T88/><D3/><U28/><E116/><V97/><F129/><W117/><G117/><T114/><D114/><U122/><E122/><V76/><F133/><W33/><G33/><T18/><D4/><U127/><E127/><V49/><F76/><W73/><G124/><T0/><D0/><U27/><E104/><V30/><F30/><W121/><G121/><T65/><D79/><U39/><E39/><V46/><F91/><W5/><G5/><T20/><D100/><U115/><E115/><V15/><F15/><W47/><G86/><T92/><D92/><U32/><E77/><V70/><F70/><W64/><REACH who="3" step="1"/><G99/><REACH who="3" ten="240,251,207,292" step="2"/><T128/><D128/><U69/><REACH who="1" step="1"/><E69/><AGARI ba="0,1" hai="17,19,37,40,44,47,50,52,61,64,69,72,73,74" machi="69" ten="40,12000,1" yaku="1,1,2,1,52,1,54,1,53,0" doraHai="56" doraHaiUra="9" who="3" fromWho="1" sc="240,0,251,-120,207,0,292,130" /><INIT seed="3,1,0,0,5,106" ten="240,131,207,422" oya="3" hai0="26,98,15,91,35,34,23,93,4,71,65,13,122" hai1="7,89,102,0,1,101,100,63,49,58,82,124,52" hai2="121,30,94,27,69,54,64,99,133,41,97,11,96" hai3="33,44,50,110,109,129,72,90,56,105,46,12,120"/><W115/><G120/><T68/><D122/><U83/><E124/><V38/><F121/><W79/><G115/><T85/><D68/><U131/><E131/><V53/><F133/><W111/><G33/><T87/><D71/><U29/><E29/><V66/><F94/><W32/><G32/><T16/><D65/><U2/><E7/><V47/><F11/><W92/><G105/><T37/><D37/><U116/><E116/><V135/><F135/><W9/><G56/><T60/><D60/><U80/><REACH who="1" step="1"/><E63/><REACH who="1" ten="240,121,207,422" step="2"/><V74/><F74/><W57/><G129/><T103/><D4/><U88/><AGARI ba="1,1" hai="0,1,2,49,52,58,80,82,83,88,89,100,101,102" machi="88" ten="40,12000,2" yaku="1,1,2,1,0,1,29,2,54,2,53,0" doraHai="106" doraHaiUra="17" who="1" fromWho="1" sc="240,-31,121,133,207,-31,422,-61" /><INIT seed="4,0,0,3,1,48" ten="209,254,176,361" oya="0" hai0="64,95,34,37,41,39,59,88,31,18,46,130,6" hai1="51,82,124,10,105,92,131,112,5,62,42,80,12" hai2="123,116,47,81,90,101,32,20,119,27,44,15,133" hai3="98,52,70,110,68,16,60,45,58,83,113,19,28"/><T69/><D6/><U57/><E105/><V13/><F123/><W1/><G1/><T11/><D69/><U4/><E131/><V7/><F32/><W114/><G110/><T97/><D130/><U128/><E128/><V2/><F2/><W72/><G28/><T35/><D37/><U93/><E124/><V122/><F122/><W50/><G98/><T40/><D40/><U89/><E93/><V25/><F133/><W73/><G70/><T54/><D64/><U9/><E112/><N who="3" m="43114" /><G68/><T134/><D31/><U24/><E24/><V127/><F101/><W125/><G125/><T75/><D75/><N who="3" m="28745" /><G83/><T56/><D59/><U106/><E106/><V26/><F127/><W117/><G117/><N who="2" m="45129" /><F20/><W103/><G103/><T49/><REACH who="0" step="1"/><D134/><REACH who="0" ten="199,254,176,361" step="2"/><U115/><E115/><V71/><F71/><W107/><G107/><T21/><D21/><U86/><E42/><AGARI ba="0,1" hai="16,19,42,45,50,52,58,60" m="28745,43114" machi="42" ten="30,7700,0" yaku="15,1,52,1,54,2" doraHai="48" who="3" fromWho="1" sc="199,0,254,-77,176,0,361,87" /><INIT seed="5,0,0,5,1,89" ten="199,177,176,448" oya="1" hai0="79,81,37,57,95,34,94,60,98,66,45,14,27" hai1="104,116,77,28,1,61,68,48,47,93,88,5,121" hai2="102,126,63,80,18,117,70,10,53,134,25,7,78" hai3="2,69,4,85,73,133,32,62,39,119,110,30,24"/><U91/><E121/><V103/><F117/><W58/><G110/><T41/><D14/><U131/><E116/><V3/><F126/><W132/><G69/><T11/><D11/><U76/><E104/><V96/><F134/><N who="3" m="51819" /><G73/><T46/><D46/><U71/><E131/><V107/><F103/><W127/><G119/><T111/><D111/><U75/><E28/><V113/><F113/><W125/><G85/><T90/><D27/><U123/><E123/><V19/><F25/><W6/><G39/><T36/><D34/><U0/><E91/><V38/><F38/><W56/><G2/><T16/><D37/><U124/><E124/><N who="3" m="47690" /><G58/><T22/><D36/><U13/><E71/><V101/><F101/><W118/><G118/><T114/><D114/><U33/><E33/><V21/><F21/><W105/><G105/><T43/><D45/><U99/><E75/><V50/><F63/><W72/><G72/><T49/><D22/><U130/><E1/><V129/><F70/><W128/><G128/><T20/><D20/><U31/><E130/><V40/><F40/><W84/><G84/><N who="0" m="48191" /><D41/><U106/><E106/><V115/><F115/><W8/><G8/><T51/><D43/><N who="1" m="24703" /><E0/><V83/><F129/><W109/><G109/><T35/><D35/><U86/><E31/><V15/><F3/><W9/><G9/><T122/><D122/><U87/><E68/><V108/><F108/><W112/><G112/><T17/><D57/><U74/><E74/><N who="2" m="43095" /><F83/><W64/><AGARI ba="0,0" hai="4,6,24,30,32,56,62,64" m="47690,51819" machi="64" ten="30,2000,0" yaku="20,1,18,1" doraHai="89" who="3" fromWho="3" sc="199,-5,177,-10,176,-5,448,20" /><INIT seed="6,0,0,0,3,45" ten="194,167,171,468" oya="2" hai0="65,90,59,129,112,13,40,88,31,72,124,20,89" hai1="108,104,130,0,11,71,57,75,79,41,37,116,80" hai2="123,81,68,36,51,8,32,78,35,74,96,94,91" hai3="61,53,67,64,21,33,95,109,111,15,12,87,5"/><V27/><F123/><W56/><G33/><T52/><D72/><U132/><RYUUKYOKU type="yao9" ba="0,0" sc="194,0,167,0,171,0,468,0" hai1="0,11,37,41,57,71,75,79,80,104,108,116,130,132" /><INIT seed="6,1,0,0,0,72" ten="194,167,171,468" oya="2" hai0="73,133,6,51,13,62,38,78,104,42,33,47,16" hai1="93,14,71,36,55,114,43,123,66,37,102,39,35" hai2="84,103,7,30,1,22,10,111,53,24,23,75,19" hai3="74,28,4,82,95,50,122,8,70,21,101,110,31"/><V3/><F75/><W105/><G105/><T121/><D121/><U26/><E123/><V126/><F103/><W128/><G70/><T124/><D104/><U135/><E135/><V77/><F126/><W85/><G74/><T56/><D33/><U129/><E14/><V61/><F111/><W60/><G110/><T15/><D133/><U125/><E102/><V106/><F106/><W112/><G128/><T64/><D124/><U27/><E93/><V44/><F3/><W69/><G112/><T131/><D131/><U63/><E125/><V58/><F44/><W87/><G50/><T94/><D6/><U134/><E27/><V81/><REACH who="2" step="1"/><F19/><REACH who="2" ten="194,167,161,468" step="2"/><W130/><G101/><T79/><D73/><U57/><E134/><V97/><F97/><W76/><G122/><T132/><D132/><U9/><E129/><V18/><F18/><W116/><G130/><T120/><D120/><U91/><E114/><V12/><F12/><W67/><G116/><T89/><D13/><U68/><E26/><V54/><F54/><W99/><G99/><T5/><D5/><U49/><E35/><AGARI ba="1,1" hai="1,7,10,22,23,24,30,35,53,58,61,77,81,84" machi="35" ten="30,5800,0" yaku="1,1,7,1,52,1,53,0" doraHai="72" doraHaiUra="46" who="2" fromWho="1" sc="194,0,167,-61,161,71,468,0" /><INIT seed="6,2,0,2,4,51" ten="194,106,232,468" oya="2" hai0="14,75,114,77,105,33,52,125,122,44,124,109,45" hai1="101,133,71,126,119,85,1,60,22,37,32,19,6" hai2="92,90,84,16,4,48,39,106,29,95,118,86,104" hai3="134,87,112,113,27,88,123,135,49,2,11,43,108"/><V73/><F118/><W89/><G123/><T110/><D122/><U81/><E119/><V28/><F39/><W41/><G108/><T9/><D105/><U72/><E32/><V78/><F4/><N who="3" m="1431" /><G27/><T10/><D33/><U107/><E37/><V111/><F111/><W128/><G128/><T115/><D14/><U12/><E72/><V130/><F130/><W24/><G24/><T56/><D77/><U46/><E133/><N who="3" m="50698" /><G49/><T121/><D75/><U13/><E126/><N who="0" m="48745" /><D121/><U40/><E1/><V127/><F127/><W25/><G25/><T83/><D83/><U117/><E117/><V42/><F73/><W57/><G57/><T18/><D18/><U132/><E132/><V59/><F104/><W93/><G89/><T103/><D103/><U0/><E0/><V98/><F106/><W26/><G26/><T55/><D56/><U116/><E116/><V63/><F48/><W58/><G58/><T66/><D66/><U74/><E74/><V62/><F42/><AGARI ba="2,0" hai="41,42,43,87,88,93,112,113" m="50698,1431" machi="42" ten="30,2000,0" yaku="20,1,54,1" doraHai="51" who="3" fromWho="2" sc="194,0,106,0,232,-26,468,26" /><INIT seed="7,0,0,3,2,39" ten="194,106,206,494" oya="3" hai0="91,41,75,59,113,98,36,33,28,30,101,0,9" hai1="102,40,48,95,122,56,135,52,32,84,69,132,107" hai2="50,65,80,25,7,73,86,128,106,35,115,96,67" hai3="53,43,10,92,117,21,123,118,133,14,100,37,18"/><W103/><G123/><T112/><D75/><U49/><E32/><V26/><F73/><W60/><G133/><N who="1" m="51274" /><E69/><V15/><F115/><N who="0" m="44106" /><D33/><U131/><E122/><V82/><F35/><W24/><G53/><T90/><D59/><U88/><E131/><V125/><F125/><W8/><G60/><T44/><D9/><U94/><E107/><V45/><F128/><W57/><G57/><T19/><D19/><U68/><E68/><V63/><F106/><W85/><G8/><T20/><D0/><U34/><E102/><V99/><F82/><W120/><G103/><T61/><D61/><U16/><E34/><V29/><F29/><N who="0" m="11370" /><D20/><U109/><E109/><V87/><F87/><W38/><G21/><T74/><D74/><U6/><E6/><V11/><F26/><W51/><G24/><T124/><D124/><U72/><E72/><V5/><F25/><W66/><G120/><T77/><D77/><U116/><E116/><V127/><F7/><W46/><G118/><T58/><D58/><U64/><E64/><N who="2" m="24651" /><F63/><W4/><G66/><T2/><D2/><U97/><E97/><V104/><F104/><AGARI ba="0,0" hai="36,41,44,90,91,98,101,104" m="11370,44106" machi="104" ten="30,3900,0" yaku="15,1,11,1,52,1" doraHai="39" who="0" fromWho="2" sc="194,39,106,0,206,-39,494,0" owari="233,3.0,106,-39.0,167,-23.0,494,59.0" /></mjloggm>