<mjloggm ver="2.3"><GO type="97" lobby="0"/><UN n0="%6C%75%76%44%65%6C%69%63" n1="%73%69%6E%6F%72%61%6E" n2="%79%6B%73%6D%6D%73%6B%79" n3="%E3%82%A6%E3%83%AB%E3%83%88%E3%83%A9%E7%AB%8B%E7%9B%B4" dan="14,13,13,15" rate="1966.34,1938.06,1894.65,2056.71" sx="M,M,M,M"/><TAIKYOKU oya="0"/><INIT seed="0,0,0,4,3,100" ten="250,250,250,250" oya="0" hai0="108,134,53,28,84,24,46,1,0,97,128,5,116" hai1="25,129,125,77,18,133,72,37,49,10,76,41,32" hai2="106,39,14,113,71,123,102,29,8,96,4,92,2" hai3="119,126,11,104,50,64,98,63,30,44,13,61,62"/><T20/><D116/><U16/><E37/><V89/><F113/><W86/><G126/><T127/><D127/><U66/><E125/><V69/><F39/><W107/><G119/><T79/><D134/><U60/><E133/><V68/><F29/><W21/><G64/><T56/><D128/><U31/><E129/><V9/><F123/><W51/><G98/><T36/><D108/><U33/><E10/><V83/><F83/><W59/><G59/><T7/><D97/><U58/><E33/><V27/><F27/><W38/><G38/><T35/><D35/><U115/><E115/><V43/><F43/><W88/><G21/><T117/><D117/><U73/><E77/><V22/><F22/><W70/><G30/><T91/><D79/><U75/><REACH who="1" step="1"/><E76/><REACH who="1" ten="250,240,250,250" step="2"/><V40/><F40/><W42/><G70/><T23/><D0/><U74/><N who="1" m="18944" /><DORA hai="87" /><U101/><E101/><V34/><F34/><W19/><REACH who="3" step="1"/><G51/><REACH who="3" ten="250,240,250,240" step="2"/><N who="0" m="28919" /><D36/><U26/><E26/><V81/><F71/><W94/><AGARI ba="0,2" hai="11,13,19,42,44,50,61,62,63,86,88,94,104,107" machi="94" ten="30,12000,2" yaku="1,1,0,1,52,3,54,1,53,0" doraHai="100,87" doraHaiUra="99,121" who="3" fromWho="3" sc="250,-60,240,-30,250,-30,240,140" /><INIT seed="1,0,0,5,1,89" ten="190,210,220,380" oya="1" hai0="7,55,11,62,47,52,76,48,12,59,8,0,2" hai1="39,84,79,17,131,77,91,34,96,128,26,58,44" hai2="19,65,4,83,70,69,1,40,25,13,95,14,73" hai3="90,99,82,21,94,123,117,116,22,30,118,86,49"/><U108/><E108/><V71/><F65/><W28/><G49/><T75/><REACH who="0" step="1"/><D11/><REACH who="0" ten="180,210,220,380" step="2"/><U112/><E112/><V97/><F40/><W45/><G123/><T111/><D111/><U29/><E58/><V110/><F110/><W98/><G45/><T67/><D67/><U38/><E44/><V114/><F114/><W101/><G22/><T135/><D135/><U109/><E109/><V9/><F71/><W106/><G21/><T5/><D5/><U3/><E3/><V60/><F70/><W100/><AGARI ba="0,1" hai="28,30,82,86,90,94,98,99,100,101,106,116,117,118" machi="100" ten="40,5200,0" yaku="0,1,12,1,52,1" doraHai="89" who="3" fromWho="3" sc="180,-13,210,-26,220,-13,380,62" /><INIT seed="2,0,0,0,2,100" ten="167,184,207,442" oya="2" hai0="76,88,19,113,5,40,53,128,38,81,44,30,129" hai1="126,130,27,17,18,7,68,31,50,52,9,86,41" hai2="8,13,33,28,92,72,119,98,105,45,21,66,49" hai3="108,95,37,23,97,93,115,79,94,62,56,55,131"/><V77/><F119/><W20/><G37/><T114/><D30/><U103/><E103/><V58/><F33/><W59/><G108/><T73/><D5/><U32/><E68/><V2/><F72/><W3/><G3/><T6/><D6/><U70/><E70/><V123/><F123/><W109/><G109/><T60/><D19/><U35/><E41/><V15/><F77/><W122/><G122/><T48/><D60/><U89/><E35/><V71/><F2/><W69/><G69/><T16/><D128/><U106/><E130/><V133/><F71/><W101/><G131/><T11/><D129/><U107/><E126/><V12/><F133/><W22/><G115/><T10/><D10/><U65/><E65/><V39/><F39/><W87/><G59/><T57/><REACH who="0" step="1"/><D88/><REACH who="0" ten="157,184,207,442" step="2"/><U125/><E125/><V91/><F8/><W99/><G99/><T118/><D118/><U64/><E64/><V34/><F34/><W135/><G135/><T132/><D132/><U80/><E7/><V84/><F66/><W117/><G117/><T83/><D83/><AGARI ba="0,1" hai="20,22,23,55,56,62,79,83,87,93,94,95,97,101" machi="83" ten="40,1300,0" yaku="8,1" doraHai="100" who="3" fromWho="0" sc="157,-13,184,0,207,0,442,23" /><INIT seed="3,0,0,0,1,47" ten="144,184,207,465" oya="3" hai0="58,73,127,12,85,14,2,66,8,34,33,78,49" hai1="36,109,53,106,113,19,70,129,119,130,101,6,4" hai2="35,125,10,26,9,93,5,32,52,132,7,51,98" hai3="94,87,30,1,20,95,22,90,134,59,46,39,88"/><W91/><G1/><T54/><D73/><U40/><E113/><V61/><F61/><W81/><G134/><T77/><D127/><U124/><E70/><V23/><F132/><W0/><G0/><T89/><D34/><U50/><E124/><V27/><F125/><W102/><G39/><T96/><D33/><U86/><E119/><V38/><F38/><W65/><G46/><T99/><D2/><U21/><E40/><V123/><F123/><W118/><G118/><T71/><D71/><U120/><E120/><V62/><F62/><N who="3" m="38111" /><G30/><T67/><D14/><U3/><E36/><V69/><F69/><W115/><G115/><T75/><D75/><U56/><E109/><V44/><F35/><W128/><G128/><N who="1" m="49258" /><E86/><V43/><F43/><W64/><G64/><T103/><D99/><N who="1" m="61759" /><E3/><V63/><F63/><W74/><G74/><T133/><D133/><U122/><E122/><V107/><F32/><W57/><G57/><T37/><D37/><U82/><E82/><V79/><F107/><W28/><G28/><T117/><D117/><U121/><E121/><V80/><F80/><W105/><G105/><T55/><D96/><U126/><E126/><V60/><F60/><W92/><G102/><T17/><D103/><U15/><AGARI ba="0,0" hai="4,6,15,19,21,50,53,56" m="61759,49258" machi="15" ten="30,2000,0" yaku="19,1,52,1" doraHai="47" who="1" fromWho="1" sc="144,-5,184,20,207,-5,465,-10" owari="139,-36.0,204,0.0,202,-20.0,455,56.0" /></mjloggm>