<mjloggm ver="2.3"><GO type="169" lobby="0"/><UN n0="%E3%81%91%E3%82%93%31%39%37%30" n1="%E3%82%A6%E3%83%AB%E3%83%88%E3%83%A9%E7%AB%8B%E7%9B%B4" n2="%E3%83%87%E3%82%B8%E3%82%BF%E3%83%AB%E4%BB%99%E4%BA%BA" n3="%E3%83%8D%E3%83%BC%E3%83%A0%E3%83%AC%E3%82%B9%EF%BC%97" dan="17,16,17,17" rate="2147.77,2107.00,2126.66,2167.91" sx="M,M,F,M"/><TAIKYOKU oya="0"/><INIT seed="0,0,0,3,0,89" ten="250,250,250,250" oya="0" hai0="100,135,68,55,79,117,10,80,97,122,11,101,87" hai1="91,88,130,51,132,16,60,0,5,41,29,129,43" hai2="85,50,44,14,72,48,2,12,61,114,112,7,30" hai3="92,67,96,116,63,58,54,40,26,118,94,78,127"/><T39/><D117/><U33/><E29/><V124/><F72/><W76/><G127/><T19/><D122/><U49/><E33/><V120/><F120/><W125/><G125/><T22/><D68/><U71/><E5/><V64/><F124/><W133/><G133/><T4/><D39/><U25/><E0/><V37/><F30/><W1/><G1/><T42/><D42/><U18/><E60/><V24/><F24/><W104/><G104/><T103/><D135/><U28/><E28/><V102/><F2/><W15/><G40/><T126/><D126/><U36/><E71/><V98/><F85/><W108/><G108/><T9/><D55/><U62/><E62/><V134/><F37/><W32/><G32/><T57/><D57/><U77/><E77/><N who="3" m="29802" /><G26/><T6/><REACH who="0" step="1"/><D97/><REACH who="0" ten="240,250,250,250" step="2"/><U110/><E36/><V107/><F134/><W27/><G118/><T82/><D82/><U69/><E132/><V84/><F98/><W109/><G116/><T106/><D106/><U31/><E69/><V75/><F107/><W74/><G96/><T17/><D17/><U34/><E43/><V13/><F64/><W128/><G67/><T47/><D47/><U46/><E46/><V111/><F44/><W83/><G54/><T93/><D93/><U52/><E52/><V119/><F119/><W113/><G94/><T123/><D123/><U20/><E41/><V8/><F114/><W70/><G92/><T131/><D131/><U66/><E130/><V65/><F65/><W73/><G128/><T99/><D99/><U105/><E129/><V56/><F112/><W23/><G113/><RYUUKYOKU ba="0,1" sc="240,30,250,-10,250,-10,250,-10" hai0="4,6,9,10,11,19,22,79,80,87,100,101,103" /><INIT seed="0,1,1,2,2,43" ten="270,240,240,240" oya="0" hai0="8,83,78,30,52,131,68,5,14,32,60,63,23" hai1="107,47,19,86,116,61,57,17,7,88,46,45,109" hai2="71,9,3,34,33,24,1,67,53,91,75,89,85" hai3="133,122,95,49,120,12,103,125,112,105,127,21,79"/><T96/><D131/><U44/><E107/><V29/><F75/><W15/><G112/><T22/><D32/><U26/><E116/><V84/><F34/><W81/><G105/><T128/><D128/><U72/><E72/><V74/><F74/><W58/><G133/><T28/><D96/><U80/><E109/><V123/><F123/><N who="3" m="47147" /><G103/><T0/><D0/><U27/><N who="1" m="11264" /><DORA hai="82" /><U4/><E19/><V41/><F53/><N who="3" m="32047" /><G95/><T65/><D28/><U124/><E124/><N who="3" m="47690" /><G21/><T114/><D114/><U121/><E121/><V6/><F41/><W117/><G117/><T113/><D30/><U119/><E119/><V25/><F25/><N who="1" m="9225" /><E17/><V134/><F134/><W126/><N who="3" m="47698" /><W129/><DORA hai="135" /><G129/><T76/><D113/><U93/><E93/><V64/><F33/><W90/><G90/><T110/><D78/><U97/><E97/><V70/><F91/><W118/><G118/><T99/><D99/><U40/><E40/><V56/><F89/><W115/><G115/><T111/><D76/><U102/><E102/><V16/><F29/><W100/><G100/><T36/><D83/><U50/><E88/><V42/><F42/><W20/><G20/><T92/><D92/><U59/><E80/><V106/><F106/><W108/><G108/><N who="0" m="41515" /><D23/><U69/><E86/><AGARI ba="1,1" hai="12,15,79,81,86" m="47698,32047,47147" machi="86" ten="40,12000,2" yaku="13,1,18,1,52,5" doraHai="43,82,135" who="3" fromWho="1" sc="270,0,240,-123,240,0,240,133" /><INIT seed="1,0,0,0,1,95" ten="270,117,240,373" oya="1" hai0="71,22,96,106,4,50,33,88,114,83,112,93,115" hai1="43,24,105,126,40,121,113,80,90,73,117,47,116" hai2="64,85,6,131,38,26,46,108,99,92,60,89,37" hai3="2,51,34,0,133,128,14,16,45,119,124,20,19"/><U52/><E105/><V123/><F123/><W41/><G34/><T5/><D33/><U57/><E121/><V7/><F131/><W59/><G128/><T30/><D71/><U110/><E113/><V29/><F108/><W132/><G124/><T102/><D83/><U65/><E110/><V82/><F46/><W3/><G119/><T23/><D50/><U36/><E126/><V97/><F38/><W84/><G84/><T107/><D30/><U135/><E65/><V63/><F37/><W66/><G66/><T134/><D134/><U127/><E43/><V72/><F72/><W21/><REACH who="3" step="1"/><G59/><REACH who="3" ten="270,117,240,363" step="2"/><T58/><D58/><U12/><E127/><V54/><F64/><W94/><G94/><T98/><REACH who="0" step="1"/><D107/><REACH who="0" ten="260,117,240,363" step="2"/><U32/><E135/><V79/><F82/><W48/><G48/><T125/><D125/><U68/><E68/><V10/><F92/><W55/><G55/><T18/><D18/><U86/><E52/><V70/><F54/><W129/><G129/><T101/><D101/><U9/><E57/><V17/><F70/><W31/><G31/><T111/><D111/><U118/><E73/><V109/><F17/><W69/><G69/><T100/><D100/><U75/><E75/><V28/><F29/><W25/><AGARI ba="0,2" hai="0,2,3,14,16,19,20,21,25,41,45,51,132,133" machi="25" ten="40,5200,0" yaku="1,1,0,1,54,1,53,0" doraHai="95" doraHaiUra="1" who="3" fromWho="3" sc="260,-13,117,-26,240,-13,363,72" /><INIT seed="2,0,0,2,2,61" ten="247,91,227,435" oya="2" hai0="132,46,25,105,41,0,24,109,121,44,76,69,91" hai1="12,62,89,1,86,2,94,55,68,104,29,9,32" hai2="116,126,6,39,4,117,49,131,21,11,37,67,102" hai3="70,101,47,134,115,78,38,66,82,7,57,64,123"/><V84/><F131/><W98/><G123/><T14/><D121/><U106/><E106/><V54/><F126/><W111/><G70/><T18/><D0/><U5/><E104/><V50/><F102/><W97/><G111/><T83/><D105/><U87/><E29/><V133/><F21/><W36/><G134/><T130/><D132/><U22/><E32/><V110/><F133/><W10/><G115/><T122/><D109/><U58/><E68/><V59/><F110/><W113/><G113/><T119/><D130/><U33/><E33/><V127/><F127/><W120/><G120/><T135/><D91/><U13/><E13/><V95/><F39/><W114/><G114/><T3/><D3/><U23/><E2/><V65/><F37/><W71/><G71/><T60/><D46/><U93/><E1/><V128/><F128/><W15/><G57/><T35/><D119/><U53/><E53/><N who="2" m="32175" /><F117/><W40/><G38/><T20/><D35/><U75/><E75/><V100/><F116/><W88/><G101/><T124/><D124/><U125/><E125/><V72/><F72/><W96/><REACH who="3" step="1"/><G88/><AGARI ba="0,0" hai="5,9,12,22,23,55,58,62,86,87,88,89,93,94" machi="88" ten="40,5200,0" yaku="9,1,8,1,54,1" doraHai="61" who="1" fromWho="3" sc="247,0,91,52,227,0,435,-52" /><INIT seed="3,0,0,4,0,90" ten="247,143,227,383" oya="3" hai0="117,129,47,67,115,64,61,128,99,50,27,76,96" hai1="109,100,105,81,119,5,82,103,127,54,24,59,116" hai2="91,92,26,97,79,73,41,113,114,104,20,58,23" hai3="40,60,12,10,21,111,31,18,44,4,42,124,30"/><W34/><G34/><T107/><D117/><N who="1" m="45131" /><E5/><V77/><F104/><W120/><G120/><T38/><D76/><U63/><E109/><V71/><F71/><W93/><G124/><T72/><D72/><U86/><E127/><V36/><F114/><W35/><G111/><T135/><D38/><U74/><E105/><V131/><F131/><W110/><G110/><T7/><D7/><U130/><E130/><N who="0" m="50281" /><D107/><U66/><E74/><V85/><F73/><W57/><G35/><T32/><D135/><U118/><N who="1" m="45139" /><U43/><DORA hai="121" /><E43/><V19/><F113/><W17/><G17/><T89/><D99/><U95/><E24/><V16/><F97/><W49/><G42/><N who="0" m="24951" /><D61/><U39/><E39/><V101/><F101/><N who="1" m="38985" /><E66/><V65/><F41/><W126/><G126/><T3/><D3/><U48/><E63/><N who="2" m="38135" /><F36/><W132/><G132/><T88/><D115/><U125/><E125/><V75/><F75/><W29/><G29/><N who="0" m="19519" /><D89/><AGARI ba="0,0" hai="48,54,59,81,82,86,89,95" m="38985,45139" machi="89" ten="40,2600,0" yaku="12,1,52,1" doraHai="90,121" who="1" fromWho="0" sc="247,-26,143,26,227,0,383,0" /><INIT seed="4,0,0,0,4,116" ten="221,169,227,383" oya="0" hai0="1,51,66,56,43,35,100,79,83,87,40,41,15" hai1="133,135,11,22,129,130,90,60,3,6,62,98,48" hai2="131,73,2,26,65,75,37,42,55,124,46,126,103" hai3="70,64,21,44,72,45,118,67,123,84,112,30,47"/><T88/><D1/><U20/><E90/><V107/><F2/><W19/><G72/><T7/><D35/><U61/><E98/><V69/><F131/><N who="1" m="50185" /><E48/><V39/><F55/><W76/><G118/><T18/><D7/><U113/><E113/><V132/><F39/><W52/><G30/><T8/><D100/><U63/><N who="1" m="15360" /><DORA hai="125" /><U111/><E111/><V16/><F65/><W25/><G70/><T33/><D33/><U94/><E94/><V9/><F69/><W78/><G112/><T91/><D66/><U128/><N who="1" m="50193" /><U106/><DORA hai="28" /><E106/><V59/><F126/><W117/><G117/><T96/><REACH who="0" step="1"/><D96/><REACH who="0" ten="211,169,227,383" step="2"/><U14/><E3/><V23/><F103/><W32/><G67/><T81/><D81/><U12/><E12/><V4/><F124/><W74/><G64/><T24/><D24/><U121/><E121/><V71/><F26/><W27/><G25/><T122/><D122/><U58/><E58/><V92/><F92/><W101/><G27/><T102/><D102/><U105/><E105/><V68/><F59/><W119/><G101/><T109/><D109/><U49/><E49/><V53/><F107/><W115/><G123/><T29/><D29/><U36/><E36/><V13/><F37/><W86/><G119/><T97/><D97/><U120/><E120/><V93/><F93/><W34/><G115/><T134/><D134/><AGARI ba="0,1" hai="6,11,14,20,22,133,134,135" m="15360,50193" machi="134" ten="60,12000,2" yaku="20,1,19,1,52,4" doraHai="116,125,28" who="1" fromWho="0" sc="211,-120,169,130,227,0,383,0" /><INIT seed="5,0,0,0,5,16" ten="91,299,227,383" oya="1" hai0="6,121,8,69,124,75,52,97,92,14,4,10,15" hai1="114,65,118,70,22,33,110,78,25,20,31,109,119" hai2="116,117,49,42,129,89,19,96,35,73,71,84,101" hai3="68,85,34,51,123,88,135,76,59,50,58,131,38"/><U111/><E70/><V103/><F71/><W0/><G123/><T62/><D124/><U2/><E65/><V106/><F35/><W87/><G68/><T7/><D75/><U132/><E78/><V45/><F129/><W122/><G122/><T23/><D121/><U126/><E126/><V90/><F73/><W86/><G38/><T120/><D120/><U113/><E2/><V55/><F103/><W13/><G0/><T26/><D69/><U104/><E104/><V3/><F3/><W77/><G34/><T54/><D62/><U82/><E82/><V9/><F42/><W127/><G127/><T12/><D12/><U5/><E5/><V27/><F89/><W39/><G39/><T1/><D7/><U74/><E74/><V18/><F18/><W66/><G131/><T64/><D64/><U43/><E43/><V46/><F46/><W81/><G135/><T11/><D11/><U130/><E132/><V72/><F72/><W56/><G66/><T40/><D40/><U100/><E100/><V57/><F57/><W125/><G125/><T37/><D37/><U133/><E133/><V93/><F9/><W115/><G115/><N who="1" m="44042" /><E130/><V30/><F30/><W80/><G13/><T28/><D1/><U44/><E44/><V41/><F41/><W112/><G112/><T36/><D36/><U107/><E107/><V108/><F117/><AGARI ba="0,0" hai="20,22,25,31,33,109,110,111,117,118,119" m="44042" machi="117" ten="40,18000,2" yaku="10,1,15,1,34,2,52,2" doraHai="16" who="1" fromWho="2" sc="91,0,299,180,227,-180,383,0" /><INIT seed="5,1,0,0,3,100" ten="91,479,47,383" oya="1" hai0="67,26,130,49,96,10,34,28,81,112,42,6,43" hai1="0,33,56,120,59,36,111,47,72,31,119,98,2" hai2="95,44,135,69,87,110,103,86,64,19,14,5,134" hai3="108,57,124,102,115,84,73,8,40,76,129,122,15"/><U123/><E72/><V132/><F110/><W39/><G108/><T62/><D112/><U22/><E33/><V106/><F5/><W89/><G122/><T9/><D130/><U23/><E98/><N who="2" m="61815" /><F44/><W7/><G115/><T60/><D81/><U93/><E47/><V92/><F64/><W66/><G129/><T1/><D10/><U21/><E36/><V118/><F69/><W121/><G121/><T131/><D131/><U99/><E31/><V27/><F27/><W17/><G124/><T116/><D116/><U13/><E13/><V53/><F53/><W133/><G133/><N who="2" m="34049" /><V94/><DORA hai="45" /><F118/><W20/><G102/><T83/><D62/><U63/><E63/><V109/><F109/><W12/><G39/><T3/><D3/><U88/><E119/><V85/><F14/><W4/><G40/><T126/><D126/><U51/><E111/><V18/><AGARI ba="1,0" hai="18,19,85,86,87,92,94,95" m="34049,61815" machi="18" ten="50,3200,0" yaku="20,1,52,1" doraHai="100,45" who="2" fromWho="2" sc="91,-9,479,-17,47,35,383,-9" /><INIT seed="6,0,0,4,1,53" ten="82,462,82,374" oya="2" hai0="119,77,21,41,13,26,4,88,44,67,42,111,95" hai1="104,50,118,123,96,33,124,106,94,40,52,10,107" hai2="132,15,81,128,62,112,97,126,71,98,45,5,93" hai3="2,70,60,36,64,92,116,61,46,0,130,51,57"/><V69/><F112/><W100/><G116/><T122/><D111/><U127/><E33/><V54/><F132/><W25/><G130/><T121/><D77/><U59/><E118/><V80/><F128/><W14/><G36/><T39/><D42/><U18/><E40/><V79/><F126/><N who="1" m="48169" /><E123/><V31/><F31/><W6/><G25/><T66/><D119/><U129/><E129/><V68/><F5/><W23/><G100/><T131/><D131/><U56/><E56/><V135/><F135/><W109/><G109/><T32/><D32/><U35/><E35/><V133/><F133/><W65/><G92/><T37/><D37/><U89/><E18/><V113/><F15/><W16/><REACH who="3" step="1"/><G6/><REACH who="3" ten="82,462,82,364" step="2"/><T72/><D122/><U102/><E102/><V29/><F113/><W19/><G19/><T103/><D103/><U73/><E106/><V76/><F29/><W28/><G28/><T101/><D101/><U83/><E104/><V1/><F93/><W134/><G134/><T9/><D121/><U22/><E107/><V87/><F1/><W47/><G47/><T117/><D117/><U82/><E94/><V7/><F7/><W108/><G108/><T78/><D26/><U3/><E3/><V85/><F45/><W27/><G27/><T125/><D125/><U48/><E96/><V12/><F12/><W115/><G115/><T63/><D44/><U110/><E110/><V34/><F34/><W91/><G91/><T17/><D88/><U120/><E89/><V84/><F84/><W11/><G11/><T30/><D9/><U38/><E10/><V8/><F8/><RYUUKYOKU ba="0,1" sc="82,-15,462,-15,82,15,364,15" hai2="54,62,68,69,71,76,79,80,81,85,87,97,98" hai3="0,2,14,16,23,46,51,57,60,61,64,65,70" /><INIT seed="6,1,1,2,0,107" ten="67,447,97,379" oya="2" hai0="20,11,102,115,123,48,92,119,83,127,74,78,94" hai1="133,7,8,39,36,100,10,49,114,57,105,1,69" hai2="40,58,45,117,120,0,16,71,82,129,9,13,62" hai3="2,52,60,24,64,104,93,55,73,87,81,67,29"/><V23/><F120/><W51/><G104/><T131/><D123/><U46/><E69/><V85/><F117/><W86/><G2/><T34/><D34/><U96/><E114/><V21/><F71/><W122/><G122/><T6/><D115/><U76/><E57/><V32/><F32/><W75/><G93/><T59/><D119/><U99/><E76/><V18/><F0/><W41/><G41/><T79/><D127/><U47/><E47/><V65/><F18/><W54/><G51/><T106/><D131/><U89/><E10/><V3/><F3/><W113/><G113/><T125/><D125/><U91/><E91/><V31/><F31/><W95/><G95/><T97/><D20/><U42/><E133/><V30/><F30/><W111/><G111/><T27/><D27/><U53/><E42/><V103/><F103/><W72/><G81/><T56/><D79/><U68/><E68/><V130/><F130/><W134/><G134/><T22/><D22/><U15/><E1/><V37/><REACH who="2" step="1"/><F129/><REACH who="2" ten="67,447,87,379" step="2"/><W63/><G29/><T101/><D101/><U110/><E110/><V135/><F135/><W61/><G24/><T26/><D26/><U44/><E100/><V43/><F43/><W116/><G116/><T80/><D102/><U70/><E70/><V108/><F108/><W28/><G28/><T14/><D14/><U109/><E109/><V17/><F17/><W12/><G12/><T35/><D35/><U118/><E118/><V19/><F19/><W112/><G112/><T126/><D126/><U50/><E15/><V98/><F98/><W5/><G5/><RYUUKYOKU ba="1,2" sc="67,-15,447,-15,87,15,379,15" hai2="9,13,16,21,23,37,40,45,58,62,65,82,85" hai3="52,54,55,60,61,63,64,67,72,73,75,86,87" /><INIT seed="6,2,2,1,2,41" ten="52,432,102,394" oya="2" hai0="84,1,91,133,34,62,77,57,35,100,26,39,97" hai1="87,18,13,83,82,33,73,122,131,25,56,128,134" hai2="53,27,36,121,81,45,105,37,69,106,49,119,15" hai3="94,59,9,112,7,75,38,0,68,40,104,93,89"/><V2/><F2/><W50/><G68/><T74/><D39/><U43/><E73/><V99/><F119/><W51/><G104/><T90/><D1/><U23/><E134/><V4/><F121/><W66/><G75/><T3/><D3/><U46/><E56/><V116/><F116/><W125/><G38/><T42/><D42/><U76/><E83/><V30/><F69/><W58/><G125/><T71/><D133/><U16/><E122/><V129/><F81/><W102/><G112/><T21/><D71/><U96/><E96/><V124/><F124/><W65/><G102/><T95/><D91/><U110/><E110/><V8/><F129/><N who="1" m="49737" /><E33/><V107/><REACH who="2" step="1"/><F99/><REACH who="2" ten="52,432,92,394" step="2"/><W60/><G0/><T103/><D103/><U98/><E98/><V6/><F6/><W130/><G130/><T12/><D100/><U11/><E82/><V117/><F117/><W86/><G7/><T67/><D97/><U118/><E118/><V92/><F92/><W17/><G94/><T109/><D109/><U14/><E87/><V44/><F44/><W5/><G93/><T101/><D101/><U52/><E46/><V24/><F24/><W126/><G5/><T88/><D74/><U114/><E25/><V79/><F79/><W115/><G126/><T120/><D77/><U32/><E76/><V47/><F47/><W48/><G86/><T85/><D12/><U20/><E14/><V28/><F28/><W63/><G115/><T113/><D113/><U31/><E114/><V135/><F135/><W54/><G89/><T61/><D90/><U64/><E31/><V132/><F132/><RYUUKYOKU ba="2,3" sc="52,-10,432,-10,92,30,394,-10" hai2="4,8,15,27,30,36,37,45,49,53,105,106,107" /><INIT seed="6,3,3,5,3,117" ten="42,422,122,384" oya="2" hai0="14,104,12,42,53,107,32,119,49,62,89,55,113" hai1="106,54,66,46,63,61,74,71,134,23,102,3,91" hai2="28,114,65,115,79,73,59,100,25,22,10,52,127" hai3="60,47,132,135,105,44,75,0,57,85,69,76,95"/><V80/><F127/><W21/><G105/><T29/><D119/><U116/><E3/><V94/><F10/><W56/><G69/><T16/><D113/><N who="2" m="43018" /><F65/><W31/><G0/><T83/><D42/><U58/><E74/><V112/><F112/><W121/><G75/><T11/><D29/><U108/><E102/><V2/><F2/><W82/><G121/><T4/><D32/><U78/><E106/><V45/><F45/><W8/><G57/><T126/><D126/><U99/><E78/><V20/><F94/><W122/><G122/><T128/><D62/><U43/><E61/><N who="2" m="36071" /><F100/><W6/><G6/><T129/><D55/><U37/><E46/><V19/><F19/><W34/><G8/><T51/><D51/><U87/><E66/><V131/><F131/><W48/><G47/><T133/><D133/><U77/><E134/><V123/><F123/><W36/><G36/><T7/><D7/><U109/><E37/><V26/><F26/><N who="3" m="16847" /><G95/><T1/><D1/><U70/><E116/><V92/><F92/><W81/><G135/><T15/><D104/><U9/><E9/><V118/><F118/><W67/><G132/><T50/><D107/><U72/><E71/><V90/><F90/><W68/><G68/><T35/><D49/><U33/><E70/><V13/><F13/><N who="0" m="5226" /><D4/><U110/><E110/><V5/><F5/><W97/><G48/><T103/><D103/><U120/><E109/><V130/><F130/><W40/><G44/><N who="0" m="27847" /><D35/><AGARI ba="3,3" hai="20,22,25,28,35,73,79,80" m="36071,43018" machi="35" ten="30,2900,0" yaku="15,1,54,1" doraHai="117" who="2" fromWho="0" sc="42,-38,422,0,122,68,384,0" /><INIT seed="6,4,0,5,4,33" ten="4,422,190,384" oya="2" hai0="11,48,92,79,31,106,108,42,7,132,109,41,74" hai1="99,119,122,134,91,125,57,24,60,39,30,50,23" hai2="53,77,80,127,117,56,19,54,102,13,105,32,96" hai3="25,78,35,100,37,123,3,107,29,89,110,49,85"/><V20/><F117/><W113/><G110/><T135/><D106/><U98/><E39/><V69/><F127/><W4/><G123/><T26/><D74/><U124/><E119/><V88/><F69/><W90/><G37/><T75/><D75/><U55/><E122/><V45/><F32/><W2/><G113/><T34/><D79/><U16/><E134/><V14/><F88/><W82/><G4/><T81/><D81/><U120/><E120/><V10/><F45/><W111/><G111/><N who="0" m="42571" /><D92/><U83/><E83/><V126/><F126/><N who="1" m="48745" /><E91/><V66/><F66/><W103/><G90/><T8/><D48/><U104/><E104/><V47/><F47/><W97/><G103/><T72/><D42/><U58/><E30/><V63/><F54/><AGARI ba="4,0" hai="16,23,24,50,54,55,57,58,60,98,99" m="48745" machi="54" ten="30,2000,0" yaku="18,1,54,1" doraHai="33" who="1" fromWho="2" sc="4,0,422,32,190,-32,384,0" /><INIT seed="7,0,0,1,1,32" ten="4,454,158,384" oya="3" hai0="122,93,118,28,62,10,24,5,30,112,39,50,48" hai1="99,37,33,76,114,126,105,38,107,89,57,127,21" hai2="60,128,119,130,91,129,49,7,116,52,4,77,124" hai3="1,56,23,101,66,20,111,103,27,88,59,58,110"/><W47/><G66/><T25/><D39/><U16/><E33/><V14/><F124/><N who="1" m="47657" /><E76/><V79/><F60/><W36/><G1/><T74/><D74/><U12/><E114/><V97/><F97/><W109/><G36/><N who="1" m="13930" /><E57/><N who="2" m="32911" /><F91/><W135/><G135/><T72/><D72/><U133/><E133/><V106/><F106/><W53/><G47/><T92/><D122/><U90/><E90/><V80/><F79/><W121/><G121/><T120/><D120/><U134/><E134/><V6/><F14/><W2/><G2/><T45/><D118/><U115/><E115/><V84/><AGARI ba="0,0" hai="4,6,7,77,80,84,116,119,128,129,130" m="32911" machi="84" ten="40,2700,0" yaku="19,1,54,1" doraHai="32" who="2" fromWho="2" sc="4,-7,454,-7,158,27,384,-13" owari="-3,-50.0,447,54.0,185,-21.0,371,17.0" /></mjloggm>