<mjloggm ver="2.3"><GO type="169" lobby="0"/><UN n0="%E5%A4%A7%E8%83%86%E3%81%AB%E3%83%80%E3%82%A4%E3%82%BF" n1="%E9%BB%92%E6%B2%A2%E7%A5%90%E4%B8%80" n2="%E3%82%A6%E3%83%AB%E3%83%88%E3%83%A9%E7%AB%8B%E7%9B%B4" n3="%6D%65%24%6F" dan="16,17,16,17" rate="2088.82,2098.91,2122.97,2139.42" sx="M,M,M,M"/><TAIKYOKU oya="0"/><INIT seed="0,0,0,1,2,75" ten="250,250,250,250" oya="0" hai0="66,15,51,100,23,124,76,77,134,24,19,5,132" hai1="53,13,103,50,131,39,130,12,25,126,99,78,86" hai2="32,118,56,90,6,129,42,43,8,102,88,108,84" hai3="112,93,0,33,20,14,11,40,71,68,61,72,45"/><T26/><D124/><U59/><E39/><V81/><F32/><W57/><G33/><T4/><D100/><U104/><E126/><V98/><F118/><W62/><G112/><T80/><D66/><U83/><REACH who="1" step="1"/><E25/><REACH who="1" ten="250,240,250,250" step="2"/><V101/><F129/><AGARI ba="0,1" hai="12,13,50,53,59,78,83,86,99,103,104,129,130,131" machi="129" ten="40,8000,1" yaku="1,1,2,1,19,1,52,1,53,0" doraHai="75" doraHaiUra="122" who="1" fromWho="2" sc="250,0,240,90,250,-80,250,0" /><INIT seed="1,0,0,0,5,42" ten="250,330,170,250" oya="1" hai0="83,8,2,108,94,5,95,40,65,59,60,117,30" hai1="76,118,43,23,68,62,102,132,29,109,107,74,12" hai2="22,127,67,84,55,57,18,7,38,11,4,13,97" hai3="6,26,27,134,82,72,128,0,135,35,113,91,71"/><U100/><E118/><V1/><F127/><W112/><G71/><T36/><D117/><U93/><E107/><V87/><F67/><W17/><G91/><T69/><D108/><U119/><E119/><V53/><F38/><W37/><G37/><T73/><D30/><U47/><E74/><V111/><F111/><W10/><G82/><T46/><REACH who="0" step="1"/><D69/><REACH who="0" ten="240,330,170,250" step="2"/><U56/><E68/><V81/><F81/><W92/><G113/><T66/><D66/><U103/><E109/><V99/><F1/><W126/><G112/><T24/><D24/><U121/><E29/><V104/><F13/><W21/><G27/><T63/><D63/><U88/><E62/><V44/><F104/><W31/><G31/><T50/><D50/><U79/><E12/><V89/><F57/><W58/><G58/><T54/><D54/><U14/><E56/><V129/><F55/><W45/><G26/><T123/><D123/><U122/><E122/><V115/><F53/><W19/><G0/><T125/><D125/><U114/><E114/><V51/><F115/><W130/><G126/><T20/><D20/><U77/><E121/><V78/><F22/><W131/><G21/><T101/><D101/><U28/><E28/><V116/><F51/><W96/><G131/><T34/><D34/><U90/><E14/><V80/><F129/><W16/><G35/><T61/><D61/><U133/><E23/><V124/><F124/><W105/><G130/><T25/><D25/><U41/><E102/><V3/><F116/><W32/><G128/><T9/><D9/><U49/><E103/><V33/><F33/><RYUUKYOKU ba="0,1" sc="240,30,330,-10,170,-10,250,-10" hai0="2,5,8,36,40,46,59,60,65,73,83,94,95" /><INIT seed="2,1,1,0,3,40" ten="270,320,160,240" oya="2" hai0="65,81,98,66,19,7,90,118,18,91,10,51,53" hai1="30,67,106,79,13,86,93,111,89,97,15,95,62" hai2="24,27,75,135,57,117,72,63,9,31,34,119,125" hai3="108,99,87,58,44,84,133,120,124,127,17,132,129"/><V104/><F104/><W29/><G120/><T100/><D118/><U3/><E3/><V0/><F75/><W115/><G29/><T76/><D18/><U88/><E111/><V21/><F72/><W74/><G108/><T73/><D19/><U22/><E106/><V8/><F57/><W123/><G74/><T78/><D78/><U112/><E79/><V128/><F63/><W52/><G123/><T54/><D65/><U33/><E33/><V32/><F125/><N who="3" m="48203" /><G115/><T37/><D37/><U14/><E112/><V60/><F60/><N who="3" m="35911" /><G99/><T69/><D66/><U1/><E1/><V82/><F82/><W122/><G122/><T39/><D69/><U109/><E109/><V20/><F0/><W126/><G126/><T94/><D39/><U26/><REACH who="1" step="1"/><E13/><REACH who="1" ten="270,310,160,240" step="2"/><V121/><F121/><W80/><G132/><T2/><REACH who="0" step="1"/><D54/><REACH who="0" ten="260,310,160,240" step="2"/><U28/><E28/><V23/><F135/><W83/><G133/><T11/><D11/><N who="2" m="4170" /><F128/><W103/><G129/><T64/><D64/><U134/><E134/><V102/><F119/><W45/><G17/><T42/><D42/><U4/><E4/><V96/><F117/><W59/><G59/><AGARI ba="1,3" hai="2,7,10,51,53,59,73,76,81,90,91,94,98,100" machi="59" ten="30,2000,0" yaku="1,1,7,1,53,0" doraHai="40" doraHaiUra="38" who="0" fromWho="3" sc="260,53,310,0,160,0,240,-23" /><AGARI ba="1,0" hai="14,15,22,26,30,59,62,67,86,88,89,93,95,97" machi="59" ten="30,7700,0" yaku="1,1,7,1,8,1,54,1,53,0" doraHai="40" doraHaiUra="38" who="1" fromWho="3" sc="313,0,310,77,160,0,217,-77" /><INIT seed="3,0,0,3,5,32" ten="313,387,160,140" oya="3" hai0="93,33,44,74,123,25,43,103,50,89,67,106,86" hai1="58,51,52,84,116,14,35,91,36,60,73,29,70" hai2="26,7,72,42,78,11,9,34,96,37,124,4,134" hai3="59,132,3,27,112,81,28,31,49,113,61,24,53"/><W98/><G132/><T108/><D123/><U15/><E73/><V102/><F124/><W54/><G98/><T1/><D1/><U88/><E36/><V18/><F18/><W40/><G40/><T2/><D2/><U75/><E75/><V30/><F134/><W76/><G3/><T38/><D74/><U109/><E109/><V65/><F11/><W46/><G24/><T13/><D67/><U87/><E35/><V20/><F20/><W77/><G28/><T92/><D38/><U99/><E116/><V57/><F7/><W80/><G80/><T131/><D131/><U21/><E70/><V12/><F57/><W115/><REACH who="3" step="1"/><G81/><REACH who="3" ten="313,387,160,130" step="2"/><T122/><D25/><N who="1" m="16559" /><E99/><V62/><F42/><W100/><G100/><T64/><D103/><U114/><E14/><V16/><F96/><W8/><G8/><T111/><D13/><U117/><E15/><V45/><F102/><W55/><G55/><T83/><D83/><U71/><E117/><V120/><F26/><W39/><G39/><T119/><D119/><U56/><E52/><V118/><F30/><W94/><G94/><T85/><D93/><U22/><E87/><V19/><F72/><W127/><G127/><T110/><D85/><U79/><E84/><V47/><F118/><W121/><G121/><T41/><D41/><U135/><E135/><V6/><F120/><W128/><G128/><T10/><D122/><U69/><E91/><V101/><F101/><W97/><G97/><T105/><D10/><U104/><E88/><V133/><F133/><W17/><G17/><T107/><D33/><AGARI ba="0,1" hai="27,31,33,46,49,53,54,59,61,76,77,112,113,115" machi="33" ten="40,2000,0" yaku="1,1,53,0" doraHai="32" doraHaiUra="126" who="3" fromWho="0" sc="313,-20,387,0,160,0,130,30" /><INIT seed="3,1,0,0,0,107" ten="293,387,160,160" oya="3" hai0="43,135,57,87,29,60,128,49,76,19,20,111,18" hai1="3,12,6,71,85,112,134,50,54,56,66,31,11" hai2="129,98,83,8,61,47,94,74,45,109,113,38,59" hai3="96,105,114,93,22,40,106,37,115,125,80,79,92"/><W91/><G37/><T52/><D128/><U77/><E112/><N who="3" m="43050" /><G40/><T117/><D117/><U28/><E134/><V75/><F113/><W72/><G22/><T95/><D135/><U90/><E77/><V133/><F129/><W110/><G125/><T48/><D111/><U41/><E3/><V126/><F109/><W101/><G110/><T51/><D43/><U55/><E41/><V122/><F122/><W88/><G91/><N who="0" m="53759" /><D76/><U14/><E14/><V63/><F133/><W32/><G32/><T131/><D131/><U0/><E0/><V67/><F126/><W89/><G89/><T121/><D121/><U70/><E70/><V69/><F38/><W130/><G130/><T120/><D120/><U21/><E21/><V15/><F47/><W108/><G108/><T78/><D78/><U13/><E13/><V102/><F45/><W97/><AGARI ba="1,0" hai="72,79,80,88,92,93,96,97,101,105,106" m="43050" machi="97" ten="30,11700,0" yaku="34,2,52,1,54,1" doraHai="107" who="3" fromWho="3" sc="293,-40,387,-40,160,-40,160,120" /><INIT seed="3,2,0,0,1,17" ten="253,347,120,280" oya="3" hai0="57,94,68,59,27,97,129,46,47,31,5,79,91" hai1="103,16,126,62,131,12,82,23,63,43,96,30,69" hai2="99,33,87,128,70,37,132,84,115,25,53,15,6" hai3="24,65,38,83,7,104,21,108,28,98,78,106,112"/><W40/><G112/><T4/><D68/><U81/><E126/><V120/><F87/><W133/><G133/><T66/><D79/><U49/><E131/><V90/><F99/><W86/><G7/><T10/><D129/><U88/><E30/><V19/><F37/><W44/><G108/><T71/><D71/><U102/><E69/><V1/><F70/><W74/><G65/><T107/><D107/><U35/><E35/><V119/><F53/><W60/><G60/><N who="1" m="23082" /><E43/><V85/><F85/><W101/><G74/><T64/><D66/><U11/><E11/><V72/><F72/><W123/><G123/><T127/><D64/><U122/><E49/><V105/><F105/><AGARI ba="2,0" hai="21,24,28,38,40,44,78,83,86,98,101,104,105,106" machi="105" ten="30,2900,0" yaku="7,1,52,1" doraHai="17" who="3" fromWho="2" sc="253,0,347,0,120,-35,280,35" /><INIT seed="3,3,0,0,4,114" ten="253,347,85,315" oya="3" hai0="128,27,15,90,121,18,0,29,135,48,12,33,100" hai1="75,73,127,39,126,52,79,36,82,112,68,119,98" hai2="58,111,30,93,44,123,50,2,61,42,77,110,31" hai3="102,86,69,96,89,9,8,87,63,11,53,122,14"/><W76/><G122/><T78/><D121/><U24/><E112/><V132/><F2/><W21/><G76/><T99/><D0/><U116/><E68/><V54/><F123/><W66/><G53/><T32/><D32/><U19/><E73/><V91/><F132/><W59/><G69/><T115/><D135/><U129/><E129/><V94/><F77/><W55/><G66/><T84/><D78/><U134/><E134/><V46/><F94/><N who="3" m="56399" /><G102/><T97/><D128/><U16/><E98/><V22/><F46/><W17/><AGARI ba="3,0" hai="8,9,11,14,17,21,55,59,63,86,87" m="56399" machi="17" ten="30,1500,0" yaku="8,1" doraHai="114" who="3" fromWho="3" sc="253,-8,347,-8,85,-8,315,24" /><INIT seed="3,4,0,2,5,3" ten="245,339,77,339" oya="3" hai0="4,50,105,40,62,69,71,0,13,38,57,102,132" hai1="24,92,23,94,108,89,118,129,31,17,12,124,35" hai2="56,43,16,109,117,2,110,127,95,7,51,30,9" hai3="133,104,107,11,112,83,73,5,72,65,97,125,25"/><W111/><G112/><T18/><D132/><U49/><E108/><N who="2" m="41579" /><F117/><W29/><G111/><T28/><D28/><U26/><E118/><V91/><F30/><W75/><G133/><T88/><D102/><U52/><E124/><V78/><F78/><W106/><G125/><T121/><D105/><U134/><E134/><V70/><F70/><W22/><G65/><T37/><D37/><U81/><E129/><V63/><F127/><W39/><G39/><T58/><D38/><U76/><E24/><V80/><F80/><W33/><G22/><T45/><D121/><U21/><E35/><V86/><F51/><W36/><G36/><T135/><D135/><U85/><REACH who="1" step="1"/><E76/><REACH who="1" ten="245,329,77,339" step="2"/><V54/><F43/><W114/><G114/><T113/><D113/><U87/><E87/><V82/><F82/><W126/><G126/><T74/><D74/><U131/><E131/><V6/><F2/><N who="3" m="439" /><G83/><T14/><D0/><U19/><E19/><V90/><F90/><W34/><G34/><T41/><D88/><U61/><E61/><V60/><F60/><W48/><G73/><T44/><D62/><U32/><E32/><V42/><F42/><W96/><G75/><T66/><D41/><U47/><AGARI ba="4,1" hai="12,17,21,23,26,31,47,49,52,81,85,89,92,94" machi="47" ten="20,12000,2" yaku="1,1,0,1,7,1,8,1,54,1,53,1" doraHai="3" doraHaiUra="84" who="1" fromWho="1" sc="245,-34,329,142,77,-34,339,-64" /><INIT seed="4,0,0,1,4,98" ten="211,471,43,275" oya="0" hai0="22,30,7,75,23,125,67,20,6,112,2,78,19" hai1="68,45,15,29,102,129,50,37,17,36,122,88,46" hai2="39,44,81,40,109,13,74,1,71,134,31,41,35" hai3="9,95,120,105,107,83,87,53,90,69,131,32,130"/><T28/><D78/><U116/><E68/><V4/><F41/><W108/><G108/><T92/><D75/><U115/><E116/><V101/><F13/><W82/><G32/><T96/><D67/><U48/><E29/><N who="0" m="11369" /><D2/><U24/><E24/><V38/><F38/><W97/><G69/><T11/><D125/><U61/><E61/><V49/><F49/><W27/><G27/><T5/><D112/><U93/><E122/><V0/><F109/><W18/><G53/><T86/><D86/><U56/><E129/><N who="3" m="49162" /><G120/><T114/><D114/><U12/><E115/><V43/><F43/><W84/><G18/><T8/><D92/><U100/><E56/><V104/><F71/><W127/><G9/><N who="0" m="3659" /><D96/><N who="1" m="57383" /><E36/><V59/><F4/><W117/><G117/><T63/><D63/><U132/><E37/><V55/><F1/><W16/><G16/><AGARI ba="0,0" hai="5,6,7,16,19,20,22,23" m="3659,11369" machi="16" ten="40,24000,3" yaku="28,2,8,1,35,5,54,1" doraHai="98" who="0" fromWho="3" sc="211,240,471,0,43,0,275,-240" /><INIT seed="4,1,0,0,1,72" ten="451,471,43,35" oya="0" hai0="6,30,116,26,45,70,40,104,124,78,7,94,123" hai1="58,79,63,117,55,71,16,5,67,121,76,43,87" hai2="131,99,1,38,56,119,82,125,54,77,19,44,88" hai3="75,49,135,17,0,51,34,93,39,84,29,128,33"/><T21/><D116/><U8/><E121/><V31/><F1/><W126/><G39/><T46/><D104/><U11/><E117/><V20/><F31/><W61/><G75/><T92/><D123/><U113/><E113/><V83/><F125/><W47/><G0/><T95/><D70/><U65/><E43/><V134/><F131/><W27/><G128/><T118/><D124/><U73/><E73/><V60/><F134/><W74/><G126/><T86/><D118/><U37/><E37/><V112/><F112/><W127/><G74/><T41/><D41/><U24/><E87/><V14/><F119/><W110/><G110/><T52/><D40/><U132/><E132/><V122/><F122/><W109/><G109/><T120/><D120/><U57/><E71/><V114/><F114/><W85/><G127/><T101/><D101/><U10/><E5/><N who="0" m="1545" /><D52/><U89/><E89/><V68/><F68/><W13/><G135/><T90/><D78/><N who="1" m="29739" /><E57/><V111/><F111/><W80/><G33/><T105/><D105/><U133/><E133/><V97/><F38/><W4/><G34/><T12/><D46/><U66/><E24/><V15/><F44/><W81/><G47/><T103/><D45/><U50/><E50/><V28/><F88/><N who="3" m="53391" /><G49/><T102/><D12/><AGARI ba="1,0" hai="8,10,11,12,16,55,58,63,65,66,67" m="29739" machi="12" ten="30,8000,1" yaku="8,1,52,3,54,1" doraHai="72" who="1" fromWho="0" sc="451,-83,471,83,43,0,35,0" /><INIT seed="5,0,0,0,0,125" ten="368,554,43,35" oya="1" hai0="24,117,107,9,48,31,91,0,15,47,49,32,113" hai1="27,21,84,57,106,96,34,67,37,61,120,35,38" hai2="121,53,39,4,8,88,112,16,128,97,94,18,36" hai3="73,46,86,51,59,78,82,13,40,135,58,105,74"/><U70/><E120/><V19/><F121/><W63/><G105/><T26/><D107/><U100/><E57/><V28/><F112/><W54/><G135/><T103/><D103/><U116/><E116/><V109/><F109/><W93/><G13/><T110/><D0/><U101/><E101/><V17/><N who="2" m="4096" /><DORA hai="42" /><V83/><F128/><W126/><G126/><T33/><D117/><U108/><E21/><V45/><F28/><W133/><G133/><T65/><D65/><U95/><E34/><V90/><F83/><W114/><G114/><T132/><D113/><U66/><E66/><V55/><F90/><W7/><G7/><T124/><D110/><U119/><E119/><V68/><F68/><W98/><REACH who="3" step="1"/><G59/><REACH who="3" ten="368,554,43,25" step="2"/><T115/><D115/><U80/><E108/><V81/><F81/><W104/><G104/><T89/><D132/><U22/><E106/><V1/><REACH who="2" step="1"/><F45/><REACH who="2" ten="368,554,33,25" step="2"/><W10/><G10/><T130/><D9/><U75/><E80/><V5/><F5/><W122/><G122/><T64/><D47/><U41/><E70/><V62/><F62/><W111/><G111/><T99/><D124/><U44/><E61/><V87/><F87/><W52/><G52/><AGARI ba="0,2" hai="1,4,8,36,39,52,53,55,88,94,97" m="4096" machi="52" ten="50,8000,1" yaku="1,1,54,3,53,0" doraHai="125,42" doraHaiUra="60,131" who="2" fromWho="3" sc="368,0,554,0,33,100,25,-80" owari="368,17.0,554,66.0,133,-27.0,-55,-56.0" /></mjloggm>