<mjloggm ver="2.3"><GO type="97" lobby="0"/><UN n0="%61%6B%61%7A%65%6B%69" n1="%E3%82%A6%E3%83%AB%E3%83%88%E3%83%A9%E7%AB%8B%E7%9B%B4" n2="%74%61%6B%6B%79%31%31" n3="%E3%81%9F%E3%81%93%E3%82%84%E3%81%8D%EF%BC%98%E3%81%A1%E3%82%83%E3%82%93" dan="15,14,15,14" rate="2036.34,1919.61,2072.72,1978.75" sx="M,M,M,M"/><TAIKYOKU oya="0"/><INIT seed="0,0,0,1,1,107" ten="250,250,250,250" oya="0" hai0="87,68,63,134,40,10,111,20,0,117,17,118,116" hai1="66,22,91,67,115,79,133,108,37,90,58,85,132" hai2="69,73,78,120,7,98,57,28,127,45,95,11,75" hai3="60,81,3,124,19,30,1,12,26,44,99,25,21"/><T46/><BYE who="1" /><D134/><U51/><E51/><V61/><F78/><W49/><G124/><T16/><D111/><U5/><E5/><V50/><F69/><W18/><G60/><T105/><D105/><U43/><E43/><V80/><F80/><W53/><G99/><UN n1="%E3%82%A6%E3%83%AB%E3%83%88%E3%83%A9%E7%AB%8B%E7%9B%B4" /><T112/><D112/><U101/><E101/><V74/><F28/><W122/><G122/><T27/><D87/><U31/><E37/><V83/><F83/><W72/><G72/><T125/><D125/><U96/><E108/><V106/><F106/><W6/><G81/><T52/><D68/><U89/><E115/><V104/><F104/><W64/><G64/><N who="1" m="24618" /><E58/><V71/><F71/><W8/><G8/><T15/><D0/><U23/><E79/><V126/><F120/><W82/><G82/><T77/><D77/><U54/><E54/><V36/><F36/><W128/><G128/><T39/><REACH who="0" step="1"/><D118/><REACH who="0" ten="240,250,250,250" step="2"/><U135/><E85/><V48/><F127/><W84/><G84/><T102/><D102/><U47/><E96/><V33/><F126/><W86/><G86/><T113/><D113/><U13/><E90/><V62/><F98/><W129/><G129/><T4/><D4/><U109/><E91/><V42/><F95/><W97/><G3/><T103/><D103/><U88/><E109/><V130/><F130/><W70/><G1/><T9/><D9/><U114/><E114/><V56/><F75/><W2/><G6/><T38/><D38/><U14/><E88/><V131/><F74/><W35/><G2/><T55/><D55/><U119/><E89/><V121/><F131/><W65/><G53/><RYUUKYOKU ba="0,1" sc="240,30,250,-10,250,-10,250,-10" hai0="10,15,16,17,20,27,39,40,46,52,63,116,117" /><INIT seed="0,1,1,4,2,78" ten="270,240,240,240" oya="0" hai0="50,113,132,25,30,124,16,33,110,69,65,15,37" hai1="131,7,100,90,62,3,122,59,66,19,99,48,44" hai2="112,67,82,45,95,13,87,92,123,68,88,1,39" hai3="94,108,106,47,89,115,64,71,75,133,24,84,27"/><T72/><D37/><U56/><E122/><V35/><F123/><W118/><G115/><T125/><D113/><U22/><E131/><V52/><F112/><W134/><G118/><T8/><D132/><N who="3" m="50793" /><G106/><T36/><D36/><U60/><E90/><V97/><F1/><W96/><G108/><T76/><D110/><U40/><E7/><V104/><F35/><W129/><G129/><T98/><D50/><U54/><E3/><V4/><F104/><W26/><G75/><T38/><D38/><U101/><REACH who="1" step="1"/><E99/><REACH who="1" ten="270,230,240,240" step="2"/><V73/><F4/><W31/><G96/><T121/><D98/><U74/><E74/><V14/><F73/><W57/><G89/><T111/><D121/><U46/><E46/><V42/><F97/><W117/><G47/><T32/><D111/><U109/><E109/><V23/><F68/><W130/><G117/><T77/><D72/><U86/><E86/><V85/><F85/><W114/><G84/><T6/><D6/><U10/><E10/><V120/><F120/><W128/><G71/><T41/><D69/><U83/><E83/><V53/><F67/><W2/><G2/><T135/><D65/><U18/><E18/><V28/><F28/><W58/><G64/><T51/><D135/><U5/><E5/><V107/><F107/><W63/><G31/><T0/><D30/><U103/><E103/><V127/><F87/><W29/><G114/><T126/><D0/><U20/><E20/><V70/><F23/><W43/><G130/><T91/><D8/><U21/><E21/><V79/><F45/><W105/><G128/><T55/><D91/><RYUUKYOKU ba="1,2" sc="270,-10,230,30,240,-10,240,-10" hai1="19,22,40,44,48,54,56,59,60,62,66,100,101" /><INIT seed="1,2,2,1,2,75" ten="260,260,230,230" oya="1" hai0="73,16,59,51,31,60,76,13,81,122,1,101,55" hai1="128,113,85,78,46,103,50,112,19,96,64,119,15" hai2="74,105,65,24,127,10,110,114,32,93,129,26,79" hai3="9,118,35,49,102,41,5,52,132,54,0,62,111"/><U107/><E119/><V20/><F105/><W70/><G118/><T47/><D122/><U92/><E128/><V100/><F129/><W28/><G132/><T67/><D1/><U124/><E124/><V3/><F127/><W40/><G111/><T18/><D101/><U11/><E64/><V45/><F110/><W27/><G102/><T98/><D98/><U29/><E29/><V72/><F114/><W115/><G115/><T71/><D31/><U42/><E112/><V86/><F65/><W2/><G2/><T7/><REACH who="0" step="1"/><D71/><REACH who="0" ten="250,260,230,230" step="2"/><U22/><E113/><V89/><F100/><W69/><G70/><T133/><D133/><U131/><E131/><V66/><F3/><W94/><G69/><T88/><D88/><U117/><E117/><V17/><F66/><W106/><G106/><T23/><D23/><U91/><E22/><V130/><F130/><W37/><G0/><T44/><D44/><U53/><E107/><V63/><F45/><W34/><G28/><T97/><D97/><U116/><E116/><V83/><F10/><AGARI ba="2,3" hai="7,10,13,16,18,47,51,55,59,60,67,73,76,81" machi="10" ten="40,5200,0" yaku="1,1,52,1,54,1,53,0" doraHai="75" doraHaiUra="25" who="0" fromWho="2" sc="250,88,260,0,230,-58,230,0" /><INIT seed="2,0,0,2,5,92" ten="338,260,172,230" oya="2" hai0="118,113,110,10,82,4,42,74,84,50,88,62,80" hai1="7,111,117,119,35,79,86,105,127,69,131,70,65" hai2="1,33,45,129,93,32,52,135,87,116,30,18,5" hai3="125,47,73,103,55,64,51,75,19,60,95,22,28"/><V97/><F116/><W76/><G125/><T130/><D118/><U67/><E105/><V120/><F120/><W6/><G6/><T132/><D113/><U102/><E102/><V124/><F124/><W34/><G76/><T71/><D110/><U133/><E127/><V81/><F135/><W96/><G34/><T49/><D130/><U8/><E35/><V108/><F129/><W112/><G112/><T37/><D132/><U89/><E79/><V54/><F108/><W39/><G39/><T94/><D37/><U43/><E43/><V29/><F1/><W100/><G103/><T123/><D123/><U13/><E131/><V0/><F0/><W2/><G2/><T44/><D74/><U58/><E133/><V56/><F5/><W40/><G40/><T104/><D104/><U25/><E111/><V106/><F106/><W57/><REACH who="3" step="1"/><G28/><REACH who="3" ten="338,260,172,220" step="2"/><N who="2" m="10857" /><F18/><W98/><G98/><T48/><D4/><U9/><E119/><V77/><F32/><W63/><G63/><T17/><D62/><U3/><E117/><V115/><F33/><W72/><G72/><T36/><D42/><U14/><E3/><V66/><F115/><W59/><G59/><T38/><D38/><U128/><E128/><V15/><F45/><W90/><G90/><T122/><D88/><U101/><E58/><V53/><F66/><W27/><AGARI ba="0,1" hai="19,22,27,47,51,55,57,60,64,73,75,95,96,100" machi="27" ten="20,5200,0" yaku="1,1,0,1,7,1,52,1,53,0" doraHai="92" doraHaiUra="11" who="3" fromWho="3" sc="338,-13,260,-13,172,-26,220,62" /><INIT seed="3,0,0,3,0,79" ten="325,247,146,282" oya="3" hai0="110,7,37,26,129,88,62,100,60,99,3,13,51" hai1="117,36,82,22,20,43,84,64,35,101,106,8,113" hai2="131,47,68,91,29,33,56,94,49,86,61,121,89" hai3="114,111,96,65,120,124,128,16,25,126,14,57,123"/><W109/><G114/><T125/><D37/><U24/><E113/><V81/><F121/><N who="3" m="46667" /><G96/><T15/><D3/><U45/><E117/><V118/><F118/><W41/><G41/><T70/><D26/><U44/><E64/><V97/><F131/><W75/><G75/><T72/><D51/><U87/><E35/><V53/><F68/><W11/><G128/><T40/><D40/><U0/><E45/><V63/><F33/><W132/><G132/><T74/><D99/><U127/><E127/><N who="3" m="48682" /><G25/><T104/><D72/><U90/><E87/><V23/><F29/><W5/><G5/><T119/><D7/><U59/><E101/><V4/><F4/><W85/><G85/><T95/><D100/><U135/><E106/><V108/><F108/><N who="3" m="41547" /><G57/><T48/><D74/><U38/><E135/><V6/><F6/><W42/><G42/><T115/><D110/><U112/><E59/><V103/><F23/><N who="1" m="8745" /><E24/><V28/><F28/><W133/><G133/><T66/><D129/><U130/><E130/><V80/><REACH who="2" step="1"/><F56/><REACH who="2" ten="325,247,136,282" step="2"/><W39/><G39/><T18/><D125/><U27/><E38/><V19/><F19/><W31/><G31/><T76/><D18/><U105/><E36/><V134/><F134/><W54/><G54/><T93/><D119/><U73/><E43/><V107/><F107/><W50/><G65/><T34/><D66/><U116/><E105/><V98/><F98/><W58/><G58/><T102/><D104/><U1/><E116/><V52/><F52/><W32/><G32/><T10/><D34/><U78/><E0/><V69/><F69/><W2/><G2/><RYUUKYOKU ba="0,1" sc="325,-15,247,-15,136,15,282,15" hai2="47,49,53,61,63,80,81,86,89,91,94,97,103" hai3="11,14,16,50" /><INIT seed="3,1,1,2,4,29" ten="310,232,151,297" oya="3" hai0="96,125,53,86,54,39,112,12,41,62,1,88,34" hai1="87,23,126,84,69,63,114,18,83,21,102,109,32" hai2="35,72,97,65,0,91,27,110,99,33,46,76,103" hai3="44,75,25,2,67,115,89,14,16,74,130,111,3"/><W45/><G115/><T95/><D1/><U123/><E123/><V10/><F110/><W107/><G107/><T28/><D112/><U9/><E114/><V30/><F72/><N who="3" m="27691" /><G25/><T129/><D125/><U64/><E109/><V101/><F76/><W92/><G67/><T31/><D12/><U108/><E108/><V73/><F73/><W60/><G60/><T128/><D41/><U47/><E126/><V119/><F119/><W134/><G111/><T5/><D5/><U117/><E117/><V26/><F91/><W59/><G59/><N who="0" m="35183" /><D39/><U122/><E122/><V81/><F81/><W22/><G134/><T51/><D34/><U71/><E102/><V48/><F65/><W116/><G116/><T37/><D37/><U98/><E98/><V132/><F132/><W78/><G78/><T8/><D8/><U66/><E47/><N who="3" m="17994" /><G130/><N who="0" m="50283" /><D96/><U61/><E9/><V24/><F0/><W118/><G118/><T127/><D127/><U36/><E36/><V106/><F10/><W93/><G3/><T104/><D104/><U7/><E7/><V133/><F133/><W20/><G2/><T124/><D124/><U121/><E121/><V43/><REACH who="2" step="1"/><F35/><REACH who="2" ten="310,232,141,297" step="2"/><W82/><G22/><T90/><D90/><U77/><E32/><V57/><F57/><AGARI ba="1,2" hai="28,31,51,54,57,86,88,95" m="50283,35183" machi="57" ten="30,2000,0" yaku="19,1,54,1" doraHai="29" who="0" fromWho="2" sc="310,43,232,0,141,-23,297,0" owari="353,45.0,232,-17.0,118,-38.0,297,10.0" /></mjloggm>