<mjloggm ver="2.3"><GO type="193" lobby="0"/><UN n0="%EF%BC%A3%EF%BC%B6%E3%83%BB%E5%A4%A9%E6%B1%9F%E8%A1%A3" n1="%4D%69%59%61%62%69" n2="%E6%99%BA%E5%B0%86%30%33%31%30%6D%6F" n3="%E5%B0%B1%E6%B4%BB%E7%94%9F%40%E5%B7%9D%E6%9D%91%E8%BB%8D%E5%9B%A3" dan="13,11,13,12" rate="1772.06,1671.17,1727.50,1884.68" sx="M,M,M,M"/><TAIKYOKU oya="0"/><INIT seed="0,0,0,0,1,84" ten="250,250,250,250" oya="0" hai0="23,132,120,25,110,8,100,61,90,89,60,21,46" hai1="95,122,88,73,119,72,133,68,128,48,107,52,64" hai2="33,40,97,49,71,75,16,39,118,91,69,34,50" hai3="77,47,10,2,29,4,58,5,106,42,36,86,74"/><T55/><D120/><U28/><E122/><V35/><F75/><W62/><G5/><T125/><D100/><U44/><E119/><V11/><F118/><W30/><G106/><T43/><D125/><U82/><E107/><V87/><F39/><W98/><G98/><T85/><D132/><U19/><E133/><V45/><F50/><W102/><G102/><T66/><D110/><U109/><E109/><V92/><F97/><W115/><G86/><T67/><D85/><U20/><E82/><V130/><F130/><W99/><G99/><T9/><D43/><U14/><E128/><V96/><F96/><W37/><G37/><T65/><D46/><U6/><E68/><V116/><F116/><W17/><G17/><N who="0" m="12463" /><D23/><U113/><E64/><N who="0" m="16385" /><T117/><DORA hai="80" /><D117/><U31/><E113/><V79/><REACH who="2" step="1"/><F79/><REACH who="2" ten="250,250,240,250" step="2"/><W127/><G77/><T59/><D61/><U134/><E134/><V27/><F27/><W70/><G36/><T83/><D83/><U38/><E38/><V111/><F111/><W13/><G74/><T101/><D101/><U129/><E129/><V41/><F41/><W104/><G42/><T126/><D126/><U53/><E72/><V26/><F26/><W123/><G123/><T63/><D60/><U121/><E73/><V94/><F94/><W114/><G62/><T135/><D135/><U12/><E121/><V57/><F57/><W105/><G58/><T124/><D124/><U93/><E53/><V56/><F56/><W1/><G127/><T108/><D108/><U54/><E54/><V24/><F24/><W22/><G115/><T32/><D32/><RYUUKYOKU ba="0,1" sc="250,15,250,-15,240,15,250,-15" hai0="8,9,55,59,63,89,90" hai2="11,16,33,34,35,40,45,49,69,71,87,91,92" /><INIT seed="0,1,1,2,3,70" ten="265,235,255,235" oya="0" hai0="65,85,38,89,22,126,120,67,132,92,63,57,133" hai1="58,30,83,59,125,19,88,77,98,74,96,1,31" hai2="62,8,52,115,104,15,76,101,0,113,53,17,79" hai3="114,71,130,61,84,111,90,41,32,27,117,109,93"/><T134/><D120/><U68/><E1/><V28/><F0/><W14/><G114/><T39/><D126/><U34/><E34/><V49/><F28/><W44/><G117/><T33/><D33/><U37/><E125/><V21/><F8/><W87/><G130/><T82/><D65/><U99/><E68/><V103/><F104/><W25/><G71/><T40/><D40/><U64/><E37/><N who="0" m="13833" /><D22/><U5/><E5/><V107/><F107/><W24/><G32/><T94/><AGARI ba="1,1" hai="57,63,67,82,85,89,92,94,132,133,134" m="13833" machi="94" ten="40,12000,1" yaku="20,1,52,3" doraHai="70" who="0" fromWho="0" sc="265,133,235,-41,255,-41,235,-41" /><INIT seed="0,2,0,3,3,124" ten="398,194,214,194" oya="0" hai0="47,94,19,107,12,96,7,126,15,84,51,64,60" hai1="108,17,22,88,28,26,41,38,71,35,98,43,72" hai2="100,74,80,82,18,117,70,40,32,57,16,113,132" hai3="93,87,25,115,31,36,90,129,63,92,111,79,135"/><T5/><D107/><U133/><E38/><V77/><F32/><W130/><G36/><T56/><D126/><U86/><E72/><V8/><F113/><W59/><G115/><T109/><D84/><U65/><E108/><V10/><F132/><W20/><G111/><T131/><D109/><U23/><E133/><V33/><F117/><W50/><G135/><T78/><D78/><U21/><E71/><V99/><F33/><W49/><G79/><T81/><D81/><U34/><E65/><V6/><F80/><W0/><G0/><T69/><D69/><U3/><E3/><V52/><F70/><W54/><REACH who="3" step="1"/><G92/><REACH who="3" ten="398,194,214,184" step="2"/><T68/><D68/><U112/><E112/><V4/><F77/><W128/><AGARI ba="2,1" hai="20,25,31,49,50,54,59,63,87,90,93,128,129,130" machi="128" ten="30,16000,3" yaku="1,1,2,1,0,1,19,1,52,3,53,1" doraHai="124" doraHaiUra="58" who="3" fromWho="3" sc="398,-82,194,-42,214,-42,184,176" /><INIT seed="1,0,0,1,0,124" ten="316,152,172,360" oya="1" hai0="108,42,47,38,81,13,117,128,112,1,65,22,49" hai1="15,39,82,41,48,62,66,96,86,120,71,133,63" hai2="6,73,53,131,23,113,72,4,116,77,132,90,58" hai3="19,127,32,134,102,54,9,56,94,70,60,130,109"/><U34/><E120/><V35/><F116/><W33/><G109/><T103/><D1/><U93/><E34/><V95/><F35/><W37/><G127/><T114/><D103/><U68/><E133/><V76/><F132/><W30/><G134/><T40/><D81/><U25/><E25/><V8/><F113/><W11/><G70/><T80/><D80/><U3/><E3/><V87/><F23/><W31/><G37/><T16/><D117/><U44/><E39/><V50/><F6/><W83/><G83/><T126/><D108/><U84/><E82/><V98/><F131/><W17/><G94/><T26/><D126/><U0/><E15/><V61/><F50/><W78/><G130/><T10/><D65/><U111/><E0/><V74/><REACH who="2" step="1"/><F87/><REACH who="2" ten="316,152,162,360" step="2"/><W92/><G33/><T14/><D128/><U100/><REACH who="1" step="1"/><E111/><REACH who="1" ten="316,142,162,360" step="2"/><V24/><F24/><W12/><G32/><T115/><D38/><U20/><E20/><V27/><F27/><W64/><G31/><T106/><D10/><U129/><E129/><V28/><F28/><W88/><G30/><T43/><REACH who="0" step="1"/><D106/><REACH who="0" ten="306,142,162,360" step="2"/><U21/><E21/><V59/><F59/><W89/><G56/><T97/><D97/><U67/><AGARI ba="0,3" hai="41,44,48,62,63,66,67,68,71,84,86,93,96,100" machi="67" ten="30,11700,0" yaku="1,1,0,1,9,1,53,1" doraHai="124" doraHaiUra="36" who="1" fromWho="1" sc="306,-39,142,147,162,-39,360,-39" /><INIT seed="1,1,0,4,4,128" ten="267,289,123,321" oya="1" hai0="20,37,108,121,5,56,110,112,85,59,48,24,118" hai1="25,43,123,89,42,11,18,77,125,23,109,52,105" hai2="135,68,117,72,75,94,15,76,40,34,124,131,53" hai3="111,30,1,38,6,80,100,134,0,54,69,127,97"/><U31/><E123/><V73/><F117/><W39/><G69/><T78/><D121/><U49/><E105/><V115/><F68/><W41/><G127/><T106/><D118/><U87/><E125/><V14/><F124/><W133/><G111/><T60/><D106/><U9/><E109/><N who="0" m="42089" /><D112/><U50/><E77/><V92/><F34/><W113/><G113/><T86/><D37/><N who="3" m="13833" /><G54/><N who="0" m="31815" /><D5/><U116/><E116/><V129/><F115/><W63/><G41/><N who="1" m="15370" /><E50/><V13/><F40/><W91/><G30/><N who="0" m="17671" /><D78/><U107/><E107/><V81/><F53/><AGARI ba="1,0" hai="53,59,60,85,86" m="17671,31815,42089" machi="53" ten="30,1000,0" yaku="14,1" doraHai="128" who="0" fromWho="2" sc="267,13,289,0,123,-13,321,0" /><INIT seed="2,0,0,2,3,29" ten="280,289,110,321" oya="2" hai0="118,33,88,12,34,111,93,40,104,52,45,68,83" hai1="85,121,123,122,4,130,72,7,64,97,0,135,19" hai2="61,113,128,14,95,62,114,20,10,133,105,124,87" hai3="30,36,58,101,119,74,102,84,134,90,26,39,18"/><V57/><F105/><W129/><G74/><T44/><D104/><U6/><E0/><V99/><F124/><W107/><G119/><T76/><D68/><U75/><E135/><V94/><F128/><W8/><G134/><T96/><D118/><U69/><E19/><V53/><F133/><W17/><G129/><T37/><D12/><U103/><E130/><V108/><F20/><W98/><G102/><T3/><D3/><U13/><E85/><V11/><F11/><W73/><G73/><T109/><D83/><U2/><E2/><V24/><F24/><W1/><G58/><T28/><D76/><U25/><E13/><V67/><F108/><N who="0" m="41546" /><D28/><U5/><E25/><V46/><F87/><W79/><G79/><T126/><D126/><U22/><E22/><V48/><F94/><W100/><G100/><T54/><D44/><U21/><E21/><V117/><F61/><W63/><G63/><T59/><D54/><U60/><N who="1" m="1536" /><DORA hai="82" /><U70/><REACH who="1" step="1"/><E70/><REACH who="1" ten="280,279,110,321" step="2"/><V38/><F117/><W91/><G84/><T86/><D96/><U49/><E49/><AGARI ba="0,1" hai="33,34,37,40,45,49,52,59,86,88,93" m="41546" machi="49" ten="30,12000,2" yaku="14,1,52,3,54,2" doraHai="29,82" who="0" fromWho="1" sc="280,130,279,-120,110,0,321,0" /><INIT seed="3,0,0,0,5,71" ten="410,159,110,321" oya="3" hai0="49,35,106,19,9,112,42,70,107,76,126,34,41" hai1="84,115,0,129,47,85,52,82,59,98,62,64,91" hai2="117,3,97,123,13,33,74,80,125,57,56,86,116" hai3="27,72,73,44,20,118,67,54,79,37,66,75,77"/><W31/><G118/><T122/><D76/><U111/><E115/><V30/><F74/><W96/><G96/><T25/><D122/><U134/><E0/><V92/><F3/><W32/><G32/><T133/><D9/><U124/><E111/><V6/><F123/><W102/><G102/><T15/><D19/><U89/><E124/><V14/><F125/><W81/><G54/><T51/><D25/><U68/><E134/><V29/><F33/><N who="0" m="12298" /><D15/><U95/><E129/><V78/><F117/><W120/><G120/><T63/><D70/><U103/><E68/><V1/><F116/><W38/><G44/><T21/><D63/><U46/><REACH who="1" step="1"/><E64/><REACH who="1" ten="410,149,110,321" step="2"/><V127/><F127/><W24/><G67/><T26/><D133/><U93/><AGARI ba="0,1" hai="46,47,52,59,62,82,84,85,89,91,93,95,98,103" machi="93" ten="20,12000,2" yaku="1,1,2,1,0,1,7,1,8,1,54,1,53,0" doraHai="71" doraHaiUra="2" who="1" fromWho="1" sc="410,-30,149,130,110,-30,321,-60" owari="380,48.0,279,8.0,80,-42.0,261,-14.0" /></mjloggm>