<mjloggm ver="2.3"><GO type="1" lobby="0"/><UN n0="%E7%9F%A2%E9%B4%A8%E6%B5%A9%E4%BA%8C" n1="%E5%B0%B1%E6%B4%BB%E7%94%9F%40%E5%B7%9D%E6%9D%91%E8%BB%8D%E5%9B%A3" n2="%65%6C%6C%65%32%32%32%32" n3="%6E%6F%6E%31%32%33" dan="11,6,9,0" rate="1824.21,1663.15,1525.01,1500.00" sx="M,M,M,M"/><TAIKYOKU oya="0"/><INIT seed="0,0,0,0,4,30" ten="250,250,250,250" oya="0" hai0="57,125,3,10,107,84,60,134,122,114,65,37,116" hai1="46,35,123,111,58,52,34,24,115,56,17,95,103" hai2="72,127,63,133,105,47,38,109,97,53,78,83,5" hai3="92,45,75,1,70,118,14,85,104,43,71,6,81"/><T55/><D114/><U102/><E123/><V94/><F5/><W121/><G121/><T110/><D122/><U36/><E115/><V74/><F63/><W4/><G118/><T44/><D116/><U91/><E111/><V112/><F112/><W12/><G75/><T40/><D107/><U119/><E119/><V0/><F0/><W98/><G104/><T61/><D110/><U32/><E24/><V117/><F117/><W90/><G1/><T48/><D125/><U88/><E17/><V59/><F38/><W50/><G71/><T96/><D134/><U69/><E69/><V25/><F109/><W39/><G70/><T41/><D96/><U33/><E91/><V128/><F127/><W22/><G39/><T51/><D41/><U2/><E2/><V86/><F105/><W130/><G130/><T42/><D42/><U100/><N who="1" m="8704" /><DORA hai="120" /><U87/><REACH who="1" step="1"/><E36/><REACH who="1" ten="250,240,250,250" step="2"/><V62/><F25/><W9/><G22/><T49/><D37/><U26/><E26/><V93/><F133/><W135/><G135/><T29/><D3/><U31/><E31/><V11/><F128/><W76/><REACH who="3" step="1"/><G6/><REACH who="3" ten="250,240,250,240" step="2"/><T80/><D29/><U131/><E131/><V132/><F132/><W28/><G28/><T106/><D40/><U18/><E18/><V79/><F74/><W54/><G54/><T82/><D55/><U73/><E73/><V113/><F72/><W16/><G16/><T20/><D65/><U64/><E64/><V126/><F113/><W99/><G99/><T23/><D44/><U129/><E129/><V27/><F53/><W7/><G7/><T21/><D84/><RYUUKYOKU ba="0,2" sc="250,-15,240,15,250,-15,240,15" hai1="46,52,56,58,87,88,95,100,102,103" hai3="4,9,12,14,43,45,50,76,81,85,90,92,98" /><INIT seed="1,1,2,5,5,84" ten="235,255,235,255" oya="1" hai0="128,108,75,41,111,118,24,123,52,32,55,94,4" hai1="104,97,74,91,27,100,53,46,130,29,133,36,25" hai2="60,5,51,92,19,116,68,132,103,18,86,8,15" hai3="126,127,72,65,34,9,71,40,10,120,122,14,117"/><U16/><E74/><V135/><F116/><W98/><G72/><T69/><D118/><U17/><E130/><V81/><F103/><W56/><G34/><T88/><D128/><U45/><E133/><N who="2" m="51275" /><F92/><W95/><G117/><T48/><D75/><U35/><E27/><V134/><F51/><W31/><G71/><T78/><D78/><U93/><E46/><V20/><N who="2" m="51283" /><V21/><DORA hai="79" /><F68/><W101/><G40/><T30/><D69/><U7/><E7/><V99/><F99/><W125/><G122/><T57/><D123/><U22/><E35/><V47/><F47/><W64/><G120/><T70/><D70/><U129/><E129/><V39/><F39/><W112/><G112/><T61/><D41/><U50/><REACH who="1" step="1"/><E36/><REACH who="1" ten="235,245,235,255" step="2"/><V62/><F21/><W42/><G42/><T59/><REACH who="0" step="1"/><D4/><REACH who="0" ten="225,245,235,255" step="2"/><U114/><E114/><V12/><F19/><W54/><G31/><T82/><D82/><U43/><E43/><V49/><F49/><W33/><G33/><T13/><D13/><U83/><E83/><V119/><F119/><W58/><G14/><T102/><D102/><U80/><E80/><V26/><F26/><W37/><G37/><T107/><D107/><U63/><E63/><V1/><F1/><W131/><G131/><T105/><D105/><U115/><E115/><V11/><F11/><W2/><G2/><T90/><D90/><AGARI ba="1,4" hai="5,8,12,15,18,20,60,62,81,86,90" m="51283" machi="90" ten="40,5200,0" yaku="20,1,52,2" doraHai="84,79" who="2" fromWho="0" sc="225,-55,245,0,235,95,255,0" /><INIT seed="2,0,0,4,1,86" ten="170,245,330,255" oya="2" hai0="49,28,83,18,113,56,44,2,30,21,69,33,11" hai1="63,5,96,20,82,95,73,40,128,126,51,108,114" hai2="25,60,39,3,47,116,68,32,62,19,35,75,132" hai3="26,58,97,77,98,107,125,42,78,72,64,43,76"/><V92/><F116/><W65/><G72/><T106/><D113/><U27/><E108/><V1/><F75/><W53/><G107/><T87/><D69/><U38/><E114/><V135/><F39/><W91/><G125/><T118/><D118/><U0/><E128/><V105/><F105/><W99/><G26/><T122/><D122/><U22/><E126/><V101/><F47/><W119/><G119/><T79/><D33/><U103/><E38/><V133/><F101/><W110/><G110/><T50/><D106/><U52/><E0/><N who="2" m="75" /><F92/><W57/><G53/><T115/><D115/><U93/><E5/><V34/><F19/><W84/><G91/><T104/><D104/><U41/><E63/><V102/><F102/><W67/><REACH who="3" step="1"/><G84/><REACH who="3" ten="170,245,330,245" step="2"/><T31/><D87/><U130/><E130/><V17/><F25/><W74/><G74/><T129/><D129/><U24/><E73/><V127/><F127/><W134/><G134/><T29/><D29/><N who="1" m="17543" /><E82/><V61/><F68/><W89/><G89/><T131/><D31/><N who="1" m="17911" /><E93/><V23/><F23/><W123/><G123/><T109/><D28/><U13/><E13/><V71/><F71/><W88/><G88/><T8/><D21/><U59/><AGARI ba="0,1" hai="40,41,51,52,59,95,96,103" m="17911,17543" machi="59" ten="30,2000,0" yaku="8,1,54,1" doraHai="86" who="1" fromWho="1" sc="170,-5,245,30,330,-10,245,-5" /><INIT seed="3,0,0,4,1,89" ten="165,275,320,240" oya="3" hai0="52,33,43,101,78,131,49,25,132,2,30,37,124" hai1="70,7,51,39,125,8,121,1,100,0,53,84,31" hai2="36,99,44,66,67,122,80,10,73,35,38,29,92" hai3="93,17,90,26,126,115,32,118,13,114,86,24,55"/><W3/><G118/><T57/><D2/><U63/><E39/><V91/><F122/><W28/><G3/><T135/><D124/><U11/><E121/><V16/><F35/><W56/><G126/><T81/><D131/><U127/><E31/><V41/><F29/><W21/><G24/><T47/><REACH who="0" step="1"/><D101/><REACH who="0" ten="155,275,320,240" step="2"/><U105/><E125/><V19/><F38/><W62/><AGARI ba="0,1" hai="13,17,21,26,28,32,55,56,62,86,90,93,114,115" machi="62" ten="20,3900,0" yaku="0,1,7,1,52,1" doraHai="89" who="3" fromWho="3" sc="155,-13,275,-13,320,-13,240,49" /><INIT seed="3,1,0,5,4,94" ten="142,262,307,289" oya="3" hai0="31,106,10,4,36,120,25,100,134,77,18,88,67" hai1="113,57,7,53,112,66,33,41,109,54,71,48,14" hai2="76,55,128,26,117,28,101,111,118,96,124,75,108" hai3="62,29,23,126,74,105,73,102,110,1,103,68,51"/><W16/><G1/><T8/><D120/><U46/><E33/><V127/><F75/><W65/><G126/><N who="2" m="48169" /><F76/><W32/><G51/><T97/><D36/><N who="1" m="21799" /><E7/><V115/><F115/><W61/><G103/><T3/><D134/><U85/><E85/><V39/><F39/><W87/><G87/><T30/><D77/><U12/><E12/><V47/><F47/><W50/><G50/><T27/><D67/><U43/><E14/><V64/><F64/><W49/><G49/><T114/><D114/><U52/><E109/><N who="2" m="42059" /><F55/><N who="1" m="21065" /><E43/><V24/><F128/><W133/><G110/><T37/><D37/><U59/><E59/><V60/><F60/><AGARI ba="1,0" hai="48,54,57,60,66,71,112,113" m="21065,21799" machi="60" ten="30,7700,0" yaku="24,1,34,2,54,1" doraHai="94" who="1" fromWho="2" sc="142,0,262,80,307,-80,289,0" owari="142,-36.0,342,44.0,227,-17.0,289,9.0" /></mjloggm>