<mjloggm ver="2.3"><GO type="41" lobby="0"/><UN n0="%79%6F%73%68%6F%69%72%69" n1="%E5%B0%B1%E6%B4%BB%E7%94%9F%40%E5%B7%9D%E6%9D%91%E8%BB%8D%E5%9B%A3" n2="%47%4F%21" n3="%E3%82%BC%E3%83%B3%E3%83%84%E3%82%A2%E3%83%BC%E3%83%9E%E3%82%B9%E3%82%AF" dan="14,15,13,15" rate="1937.30,1979.92,1840.18,1992.09" sx="M,M,M,F"/><TAIKYOKU oya="0"/><INIT seed="0,0,0,2,0,101" ten="250,250,250,250" oya="0" hai0="24,55,3,88,120,132,115,105,85,44,11,72,90" hai1="118,9,113,83,8,81,114,31,38,109,39,56,62" hai2="0,14,12,64,127,124,66,69,30,73,89,79,50" hai3="97,13,84,21,126,93,87,15,17,47,77,95,76"/><T98/><D120/><U112/><E118/><V52/><F0/><W71/><G71/><T108/><D115/><U133/><E109/><V117/><F117/><W18/><G126/><N who="2" m="48169" /><F30/><W59/><G47/><T82/><D72/><U63/><E31/><V122/><F73/><W42/><G59/><T128/><D108/><U27/><E27/><V130/><F79/><W99/><REACH who="3" step="1"/><G21/><REACH who="3" ten="250,250,250,240" step="2"/><T86/><D128/><U100/><E56/><N who="2" m="32791" /><F130/><W26/><G26/><T107/><D132/><U106/><E133/><V68/><F122/><W65/><G65/><N who="2" m="25193" /><F89/><W41/><AGARI ba="0,1" hai="13,15,17,18,41,42,76,77,84,87,93,95,97,99" machi="41" ten="25,8000,1" yaku="1,1,0,1,22,2,8,1,53,0" doraHai="101" doraHaiUra="6" who="3" fromWho="3" sc="250,-40,250,-20,250,-20,240,90" /><INIT seed="1,0,0,0,3,4" ten="210,230,230,330" oya="1" hai0="21,58,33,67,130,70,124,132,11,117,20,109,13" hai1="106,127,55,59,114,83,112,53,36,3,81,50,96" hai2="75,134,64,8,56,5,35,102,123,60,26,10,90" hai3="88,111,126,104,133,79,85,2,57,68,40,105,42"/><U80/><E36/><V41/><F75/><W51/><G68/><T34/><D70/><U101/><E3/><V98/><F123/><W69/><G69/><T103/><D117/><U25/><E127/><V38/><F134/><W65/><G2/><T12/><D103/><U110/><E110/><V14/><F35/><W120/><G120/><T97/><D97/><U23/><REACH who="1" step="1"/><E55/><REACH who="1" ten="210,220,230,330" step="2"/><V43/><F38/><W28/><G111/><T91/><D109/><U118/><E118/><V94/><F102/><W128/><G126/><T115/><D124/><U9/><E9/><N who="2" m="4399" /><F26/><W86/><G133/><T37/><D37/><U116/><E116/><V27/><F27/><W29/><G128/><T77/><D130/><U49/><E49/><V93/><F43/><W82/><G51/><T108/><D108/><U63/><E63/><V72/><F41/><W31/><G42/><T19/><D132/><U32/><E32/><V44/><F44/><W45/><G45/><T52/><D115/><U125/><E125/><V39/><F39/><W54/><G40/><T24/><D67/><U95/><E95/><V18/><F94/><N who="3" m="54543" /><G105/><T119/><D119/><U76/><E76/><V1/><F1/><W46/><G104/><T89/><D77/><U30/><AGARI ba="0,1" hai="23,25,30,50,53,59,80,81,83,96,101,106,112,114" machi="30" ten="30,6000,0" yaku="1,1,0,1,53,1" doraHai="4" doraHaiUra="92" who="1" fromWho="1" sc="210,-20,220,70,230,-20,330,-20" /><INIT seed="1,1,0,0,4,55" ten="190,290,210,310" oya="1" hai0="97,83,68,51,124,54,89,42,1,65,18,63,115" hai1="49,116,58,14,75,113,94,37,127,110,70,78,103" hai2="11,98,62,100,27,7,135,132,99,43,92,48,8" hai3="26,15,36,20,45,106,104,3,50,23,33,12,120"/><U130/><E37/><V39/><F39/><W126/><G36/><T44/><D1/><U52/><E70/><V29/><F62/><W17/><G3/><T31/><D31/><U16/><E116/><V102/><F48/><W108/><G120/><T4/><D4/><U56/><E113/><V79/><F43/><W71/><G71/><T123/><D115/><U74/><E127/><V57/><F79/><W40/><G108/><T5/><D5/><U46/><E130/><V41/><F41/><W96/><G126/><T91/><D123/><U121/><E121/><V73/><F73/><W81/><G33/><T35/><D35/><U82/><E110/><V9/><F7/><W134/><G134/><T133/><D133/><N who="2" m="51274" /><F57/><W67/><G67/><T80/><D124/><U38/><E75/><V117/><F117/><W114/><G114/><T85/><D18/><U131/><E38/><V129/><F129/><W32/><G32/><T59/><D83/><U87/><E131/><V101/><F92/><W122/><G81/><T88/><REACH who="0" step="1"/><D97/><REACH who="0" ten="180,290,210,310" step="2"/><N who="1" m="59831" /><E74/><V109/><F109/><W93/><G122/><T72/><D72/><U84/><E84/><V22/><AGARI ba="1,1" hai="8,9,11,22,27,29,98,99,100,101,102" m="51274" machi="22" ten="40,1500,0" yaku="20,1" doraHai="55" who="2" fromWho="2" sc="180,-5,290,-8,210,28,310,-5" /><INIT seed="2,0,0,0,4,36" ten="175,282,238,305" oya="2" hai0="94,16,83,130,61,39,128,132,6,109,62,51,80" hai1="33,78,92,105,116,70,53,102,115,56,82,125,3" hai2="38,79,76,13,48,37,77,52,28,1,119,87,10" hai3="108,11,35,58,85,60,18,75,88,91,25,124,17"/><V64/><F119/><W8/><G75/><T34/><D39/><U133/><E105/><V55/><F1/><W63/><G108/><T71/><D34/><U54/><E70/><V40/><F64/><W5/><G124/><T42/><D6/><U86/><E3/><V95/><F28/><W68/><G68/><T22/><D109/><U14/><E33/><V41/><F38/><W23/><G35/><T104/><D104/><U118/><E115/><V26/><F26/><W2/><G63/><T101/><D132/><U131/><E125/><V134/><F37/><W74/><G74/><T110/><D110/><U29/><E133/><V117/><F134/><W99/><G99/><T89/><D101/><U81/><E81/><V129/><F129/><W67/><REACH who="3" step="1"/><G85/><REACH who="3" ten="175,282,238,295" step="2"/><T120/><D71/><U46/><E86/><V106/><F117/><W57/><G57/><T93/><D120/><U72/><E56/><V65/><F106/><W103/><G103/><T45/><D62/><U20/><E118/><V15/><F65/><W121/><G121/><T123/><D61/><U30/><E72/><V32/><F32/><W97/><G97/><T114/><D123/><U24/><E116/><V73/><F73/><W12/><AGARI ba="0,1" hai="2,5,8,11,12,17,18,23,25,58,60,67,88,91" machi="12" ten="30,4000,0" yaku="1,1,0,1,54,1,53,0" doraHai="36" doraHaiUra="90" who="3" fromWho="3" sc="175,-10,282,-10,238,-20,295,50" /><INIT seed="3,0,0,4,1,115" ten="165,272,218,345" oya="3" hai0="34,59,90,79,119,105,91,49,69,74,95,65,57" hai1="68,126,76,1,24,132,123,125,14,134,84,19,38" hai2="21,55,62,28,98,99,52,39,100,117,113,114,73" hai3="30,116,118,2,85,82,86,135,42,17,93,101,54"/><W83/><G2/><T102/><D34/><U64/><E38/><V45/><F73/><W72/><G30/><T96/><D69/><U32/><E68/><V78/><F78/><N who="3" m="44487" /><G54/><T20/><D119/><N who="3" m="45609" /><G17/><T108/><D108/><U37/><E84/><N who="3" m="32362" /><G42/><T11/><D11/><N who="1" m="6623" /><E123/><V87/><F117/><W5/><G5/><T60/><D20/><U43/><E76/><V7/><F39/><W56/><G56/><T16/><D16/><U35/><E64/><V61/><F7/><W77/><G135/><N who="1" m="51754" /><E1/><V44/><F28/><W130/><G130/><T15/><D15/><U103/><E103/><V127/><F100/><W71/><G71/><T9/><D9/><U122/><E122/><V66/><F66/><W124/><G124/><N who="1" m="47722" /><E24/><V89/><F127/><W121/><G121/><T97/><D57/><U8/><E8/><V112/><F21/><W33/><G33/><T51/><D51/><U18/><E18/><V129/><F114/><W0/><G0/><T106/><D49/><U92/><E43/><V6/><F6/><W81/><G77/><T29/><D29/><U22/><E22/><V70/><F70/><W58/><G58/><T104/><D79/><U25/><E25/><V3/><F3/><W46/><G46/><T10/><D10/><U120/><E37/><V12/><F12/><W63/><G63/><T111/><D59/><U75/><E120/><V128/><F87/><W110/><G110/><T80/><D111/><U47/><E47/><V31/><F31/><W23/><G23/><T53/><D65/><U133/><N who="1" m="51762" /><U41/><DORA hai="4" /><E35/><V94/><F94/><RYUUKYOKU ba="0,0" sc="165,-15,272,-15,218,15,345,15" hai2="44,45,52,55,61,62,89,98,99,112,113,128,129" hai3="81,82,93,101" /><INIT seed="3,1,0,2,3,54" ten="150,257,233,360" oya="3" hai0="60,98,73,20,117,131,71,30,99,31,23,40,102" hai1="58,16,25,118,9,127,22,134,19,111,76,5,96" hai2="105,135,106,113,32,133,119,123,53,86,0,82,8" hai3="109,42,59,17,114,104,50,15,26,97,62,41,89"/><W74/><G114/><T7/><D73/><U10/><E118/><V21/><F113/><W37/><G37/><T126/><D117/><U120/><E120/><V24/><F119/><W55/><G74/><T78/><D126/><U11/><E111/><V94/><F123/><W110/><G26/><T108/><D108/><N who="3" m="41577" /><G62/><T132/><D78/><U79/><E134/><N who="2" m="51211" /><F94/><N who="3" m="56527" /><G104/><N who="2" m="40041" /><F32/><W130/><G130/><T49/><D7/><U29/><E127/><V93/><F93/><W128/><G128/><T35/><D35/><U65/><E5/><V43/><F43/><W129/><G129/><T83/><D83/><U122/><E96/><V48/><F0/><W70/><G70/><T107/><D132/><U91/><E91/><V87/><F8/><AGARI ba="1,0" hai="8,15,17,41,42,50,55,59" m="56527,41577" machi="8" ten="30,5800,0" yaku="14,1,10,1,52,1" doraHai="54" who="3" fromWho="2" sc="150,0,257,0,233,-61,360,61" /><INIT seed="3,2,0,5,0,17" ten="150,257,172,421" oya="3" hai0="135,115,23,59,93,19,114,112,65,133,38,77,82" hai1="29,70,121,91,98,6,116,87,61,128,54,0,20" hai2="25,104,84,5,41,13,79,74,15,32,45,78,102" hai3="122,64,55,43,134,34,125,35,100,68,117,123,94"/><W92/><G43/><T124/><D38/><U126/><E121/><V18/><F104/><W26/><G117/><T36/><D36/><U44/><E116/><V129/><F74/><W2/><G2/><T39/><D39/><U96/><E126/><V131/><F102/><W49/><G125/><T16/><D124/><U85/><E128/><N who="2" m="49227" /><F41/><W88/><G134/><N who="0" m="51211" /><D93/><N who="1" m="54511" /><E70/><V24/><F45/><W12/><G68/><T83/><D19/><U30/><E0/><V28/><F84/><W1/><G64/><T109/><D109/><U73/><E73/><V66/><F66/><W7/><G1/><T42/><D42/><U89/><E6/><V53/><F53/><W11/><G100/><T60/><D77/><N who="2" m="29194" /><F5/><W52/><G92/><T4/><D4/><U130/><E130/><V76/><N who="2" m="29202" /><V95/><DORA hai="58" /><F95/><W101/><G101/><T27/><AGARI ba="2,0" hai="16,23,27,59,60,65,82,83,112,114,115" m="51211" machi="27" ten="40,8000,1" yaku="11,1,20,1,52,2,54,1" doraHai="17,58" who="0" fromWho="0" sc="150,86,257,-22,172,-22,421,-42" /><INIT seed="4,0,0,5,4,20" ten="236,235,150,379" oya="0" hai0="5,66,14,97,83,77,81,106,119,115,39,49,104" hai1="100,103,117,73,121,48,45,85,9,89,130,40,6" hai2="3,22,32,53,59,82,46,91,124,126,108,132,107" hai3="11,101,57,118,116,54,109,60,114,71,4,33,98"/><T23/><D39/><U15/><E73/><V12/><F3/><W105/><G109/><T113/><D119/><U55/><E121/><V69/><F107/><W75/><G75/><T65/><D97/><U87/><E117/><V125/><F69/><W78/><G78/><T56/><D83/><U86/><E130/><V30/><F108/><W17/><G33/><T41/><D66/><U29/><E89/><V133/><F46/><W35/><G35/><T79/><D79/><U99/><E29/><V128/><F82/><W34/><G34/><T25/><D65/><U129/><E129/><V92/><F32/><W70/><G114/><N who="0" m="43531" /><D56/><U127/><E127/><V8/><F30/><W18/><G71/><T88/><D88/><U68/><E68/><V10/><F22/><W122/><G70/><T96/><D96/><U37/><REACH who="1" step="1"/><E99/><REACH who="1" ten="236,225,150,379" step="2"/><V21/><F128/><W63/><G122/><T135/><D135/><U2/><E2/><V16/><F133/><W19/><G118/><T43/><D106/><U62/><E62/><N who="2" m="36207" /><F132/><W1/><G116/><T102/><D104/><U51/><E51/><V90/><F90/><W0/><G0/><T76/><D102/><U42/><E42/><V50/><F50/><W80/><G60/><T95/><D49/><U120/><E120/><V44/><F44/><AGARI ba="0,1" hai="6,9,15,37,40,44,45,48,55,85,86,87,100,103" machi="44" ten="40,1300,0" yaku="1,1,53,0" doraHai="20" doraHaiUra="28" who="1" fromWho="2" sc="236,0,225,23,150,-13,379,0" /><INIT seed="5,0,0,0,2,63" ten="236,248,137,379" oya="1" hai0="22,119,44,65,102,85,33,129,52,17,93,45,76" hai1="117,16,131,72,89,86,115,42,123,43,55,75,94" hai2="124,110,98,97,66,80,79,113,90,130,111,109,135" hai3="13,118,126,1,116,58,28,11,53,64,114,15,121"/><U12/><E117/><N who="3" m="45162" /><G114/><T105/><D33/><U61/><E123/><V67/><F113/><W91/><G121/><T35/><D35/><U128/><E115/><V31/><F31/><W59/><G28/><T49/><D119/><U62/><E72/><V27/><F27/><W24/><G24/><T103/><D105/><U71/><E75/><V57/><F57/><W23/><G23/><T81/><D129/><N who="1" m="49739" /><E55/><V133/><F130/><W14/><G91/><T20/><D65/><N who="2" m="24586" /><F124/><W127/><G64/><T30/><D30/><U77/><E77/><V9/><F9/><W125/><G1/><T46/><D22/><N who="1" m="11527" /><E71/><V19/><F19/><N who="3" m="8639" /><G58/><N who="0" m="33039" /><D93/><U38/><E38/><V88/><F80/><W60/><AGARI ba="0,0" hai="14,15,53,59,60,125,126,127" m="8639,45162" machi="60" ten="40,2700,0" yaku="18,1,12,1" doraHai="63" who="3" fromWho="3" sc="236,-7,248,-13,137,-7,379,27" /><INIT seed="6,0,0,5,5,49" ten="229,235,130,406" oya="2" hai0="44,129,107,123,24,27,76,22,51,59,112,62,70" hai1="29,83,85,14,36,106,88,28,103,104,93,18,11" hai2="97,73,117,100,133,3,63,12,80,81,127,69,110" hai3="43,84,60,78,20,115,46,116,40,39,6,23,74"/><V0/><F117/><W54/><G74/><T67/><D123/><U37/><E104/><V66/><F12/><W41/><G116/><T95/><D107/><U50/><E106/><N who="2" m="63759" /><F110/><W89/><G78/><T114/><D129/><U64/><E64/><V87/><F87/><W15/><G115/><N who="0" m="44075" /><D76/><U121/><E121/><V61/><F81/><N who="3" m="49295" /><G39/><T33/><D33/><U25/><E50/><V10/><F133/><W7/><G46/><T58/><D95/><U52/><E28/><V38/><F63/><W4/><G15/><T8/><D8/><U45/><E36/><V82/><F80/><W42/><N who="3" m="10240" /><DORA hai="48" /><W122/><G122/><T109/><D109/><U108/><E108/><V16/><F16/><W86/><G86/><T94/><D94/><U96/><E37/><V111/><F111/><W32/><G32/><T2/><D2/><N who="2" m="554" /><F10/><W126/><G126/><T9/><D9/><U92/><E45/><V17/><F17/><W53/><G60/><T120/><D120/><U75/><E75/><V131/><F38/><W128/><G128/><T68/><D58/><U47/><E47/><V91/><F91/><W26/><G23/><T31/><D27/><U5/><E5/><V71/><F131/><W13/><G13/><T1/><D1/><U102/><E83/><V135/><F135/><W79/><G79/><T119/><D119/><U65/><E65/><V90/><F90/><W19/><AGARI ba="0,0" hai="4,6,7,19,20,26,53,54" m="10240,49295" machi="19" ten="50,8000,1" yaku="8,1,52,4" doraHai="49,48" who="3" fromWho="3" sc="229,-20,235,-20,130,-40,406,80" /><INIT seed="7,0,0,0,0,27" ten="209,215,90,486" oya="3" hai0="44,59,46,80,113,36,66,82,48,9,83,7,65" hai1="17,86,67,56,22,0,26,34,122,5,18,91,130" hai2="75,89,6,116,133,57,92,23,123,94,114,118,10" hai3="115,81,127,85,106,87,129,109,120,96,102,72,88"/><W14/><G14/><N who="0" m="5439" /><D36/><U2/><E122/><V117/><F75/><W73/><G115/><T63/><D113/><U78/><E130/><V76/><F114/><W4/><G4/><T107/><D107/><U97/><E34/><V84/><F123/><W108/><G127/><T39/><D39/><U16/><E2/><V29/><F133/><W40/><G40/><N who="0" m="24583" /><D46/><U62/><E0/><V52/><F29/><W51/><G51/><T100/><D100/><U121/><E5/><V101/><F23/><W124/><G124/><T74/><D74/><N who="3" m="28777" /><G120/><T64/><AGARI ba="0,0" hai="59,63,64,65,66,80,82,83" m="24583,5439" machi="64" ten="30,1100,0" yaku="8,1" doraHai="27" who="0" fromWho="0" sc="209,11,215,-3,90,-3,486,-5" owari="220,2.0,212,-19.0,87,-41.0,481,58.0" /></mjloggm>