<mjloggm ver="2.3"><GO type="33" lobby="0"/><UN n0="%E3%81%B2%E3%81%90%E3%82%89%E3%81%97%E7%B5%86" n1="%74%65%74%73%75%6D%6A" n2="%E5%B0%B1%E6%B4%BB%E7%94%9F%40%E5%B7%9D%E6%9D%91%E8%BB%8D%E5%9B%A3" n3="%E3%81%AD%E3%82%80%E3%82%8A%E3%82%93" dan="17,14,14,13" rate="2175.63,1932.26,1953.34,1918.13" sx="M,M,M,F"/><TAIKYOKU oya="0"/><INIT seed="0,0,0,3,3,82" ten="250,250,250,250" oya="0" hai0="42,103,73,24,76,106,2,80,126,95,5,51,104" hai1="85,109,33,81,84,17,7,1,93,6,49,120,98" hai2="92,8,101,64,79,100,102,36,123,40,60,15,111" hai3="75,128,88,67,41,97,107,50,133,121,13,116,12"/><T127/><D24/><U132/><E120/><V129/><F123/><W34/><G116/><T69/><D69/><U10/><E33/><V83/><F129/><W108/><G121/><T3/><D95/><U55/><E109/><V70/><F111/><W30/><G108/><T68/><D68/><U113/><E132/><V11/><F92/><W25/><G75/><T61/><D61/><U89/><E113/><V29/><F29/><W44/><G133/><T117/><D117/><U86/><E81/><V54/><F54/><W32/><G32/><T87/><D73/><U134/><E134/><V56/><F70/><W71/><G128/><T124/><D5/><U19/><REACH who="1" step="1"/><E6/><REACH who="1" ten="250,240,250,250" step="2"/><V130/><F130/><W119/><G119/><T46/><REACH who="0" step="1"/><D103/><REACH who="0" ten="240,240,250,250" step="2"/><U96/><E96/><V9/><F101/><N who="3" m="62895" /><G88/><T66/><D66/><U114/><E114/><V52/><F102/><W14/><G14/><T58/><D58/><AGARI ba="0,2" hai="1,7,10,17,19,49,55,58,84,85,86,89,93,98" machi="58" ten="40,8000,1" yaku="1,1,52,3,53,1" doraHai="82" doraHaiUra="91" who="1" fromWho="0" sc="240,-80,240,100,250,0,250,0" /><INIT seed="1,0,0,0,2,131" ten="160,340,250,250" oya="1" hai0="94,62,53,111,0,80,40,129,3,102,92,100,105" hai1="76,33,46,14,23,115,19,60,54,134,118,21,51" hai2="84,31,95,106,15,97,65,27,88,44,58,20,114" hai3="125,75,37,70,71,110,59,39,30,123,6,128,93"/><U72/><E118/><V119/><F114/><W124/><G123/><T73/><D129/><U98/><E115/><V78/><F119/><W121/><G121/><T48/><D111/><U25/><E33/><V108/><F108/><W77/><G128/><T74/><D62/><U103/><E134/><V63/><F44/><W85/><G110/><T34/><D40/><U96/><E60/><V38/><F38/><W16/><G30/><T91/><D34/><U99/><E72/><V69/><F15/><W126/><G6/><T83/><D91/><U86/><E86/><V117/><F117/><W36/><G59/><T56/><D56/><U67/><E76/><V57/><F78/><W26/><G75/><T116/><D116/><U45/><E67/><V120/><F120/><W10/><G77/><T90/><D90/><U109/><E109/><V104/><F84/><W9/><G9/><T24/><D24/><U82/><E82/><V42/><F42/><W11/><G11/><T112/><D112/><U87/><E87/><V107/><AGARI ba="0,0" hai="20,27,31,57,58,63,65,69,88,95,97,104,106,107" machi="107" ten="30,2000,0" yaku="0,1,54,1" doraHai="131" who="2" fromWho="2" sc="160,-5,340,-10,250,20,250,-5" /><INIT seed="2,0,0,3,2,73" ten="155,330,270,245" oya="2" hai0="75,94,39,53,18,93,133,49,105,65,12,25,29" hai1="86,66,13,59,36,123,132,80,54,43,108,38,74" hai2="30,122,10,119,28,23,52,61,87,67,60,24,107" hai3="8,68,40,64,82,27,121,47,46,16,7,2,35"/><V78/><F119/><W72/><G121/><T56/><D39/><U34/><E108/><V118/><F122/><W41/><G68/><T81/><D105/><U131/><E34/><V90/><F107/><W5/><G64/><T51/><D133/><U95/><E66/><V57/><F118/><W11/><G72/><T26/><D65/><U96/><E74/><V69/><F10/><W104/><G104/><T128/><D128/><U1/><E1/><V50/><F78/><W14/><G82/><T99/><D51/><U32/><E32/><V102/><F102/><W112/><G112/><T124/><D124/><U63/><E131/><V88/><F90/><W98/><G98/><T6/><D6/><U117/><E117/><V106/><F106/><W17/><G35/><T113/><D113/><U130/><E130/><V37/><F37/><W44/><REACH who="3" step="1"/><G27/><REACH who="3" ten="155,330,270,235" step="2"/><T42/><D99/><U62/><E123/><V20/><F69/><W115/><G115/><T21/><D26/><U116/><E96/><V76/><F67/><W70/><G70/><T84/><D75/><U22/><E80/><N who="2" m="49255" /><F76/><W3/><G3/><T109/><D109/><U103/><E116/><V134/><F134/><W100/><G100/><T89/><REACH who="0" step="1"/><D42/><AGARI ba="0,1" hai="2,5,7,8,11,14,16,17,40,41,42,44,46,47" machi="42" ten="40,2600,0" yaku="1,1,54,1,53,0" doraHai="73" doraHaiUra="111" who="3" fromWho="0" sc="155,-26,330,0,270,0,235,36" /><INIT seed="3,0,0,1,1,111" ten="129,330,270,271" oya="3" hai0="6,89,123,53,2,19,37,15,46,128,43,63,109" hai1="112,4,29,76,96,97,39,117,47,68,99,28,61" hai2="49,134,92,105,130,50,73,11,100,86,125,20,33" hai3="87,9,3,90,59,13,55,60,64,48,58,98,17"/><W52/><G3/><T65/><D123/><U57/><E112/><V122/><F33/><W21/><G98/><T81/><D109/><U36/><E68/><V34/><F73/><W77/><G77/><T115/><D128/><U25/><E76/><V132/><F34/><W14/><G64/><T113/><D2/><U51/><E4/><V27/><F122/><W121/><G121/><T75/><D6/><U10/><E117/><V129/><F105/><W62/><G48/><N who="2" m="18537" /><F11/><W8/><G13/><T12/><D53/><U101/><E10/><V44/><F44/><W40/><G40/><T38/><D38/><U94/><E36/><V24/><F125/><W126/><G126/><T5/><D5/><U108/><E108/><V16/><F27/><W7/><G7/><T22/><D75/><U1/><E1/><V70/><F70/><W69/><G69/><N who="0" m="42175" /><D89/><U71/><E71/><V54/><F54/><W78/><G78/><T32/><D32/><U72/><E72/><V31/><F31/><W110/><G110/><T95/><D95/><AGARI ba="0,0" hai="8,9,14,17,21,52,55,58,59,60,62,87,90,95" machi="95" ten="30,11600,0" yaku="7,1,9,1,8,1,54,1" doraHai="111" who="3" fromWho="0" sc="129,-116,330,0,270,0,271,116" owari="13,-49.0,330,13.0,270,-13.0,387,49.0" /></mjloggm>