<mjloggm ver="2.3"><GO type="97" lobby="0"/><UN n0="%42%65%63%6B%65%74%74" n1="%E3%82%A6%E3%83%AB%E3%83%88%E3%83%A9%E7%AB%8B%E7%9B%B4" n2="%56%61%6E%64%79" n3="%E8%B5%B7%E7%9B%AE%E7%B2%92" dan="13,15,13,14" rate="1946.98,2000.21,1802.26,1896.11" sx="M,M,M,M"/><TAIKYOKU oya="0"/><INIT seed="0,0,0,4,2,68" ten="250,250,250,250" oya="0" hai0="15,128,75,41,50,62,40,20,70,5,52,117,30" hai1="2,55,61,29,63,51,79,47,10,135,4,133,110" hai2="26,108,84,59,77,97,28,18,0,127,56,125,130" hai3="101,124,86,53,38,69,87,42,118,57,72,48,103"/><T16/><D75/><U134/><E110/><V94/><F0/><W21/><G72/><T12/><D117/><U66/><E79/><V3/><F108/><W112/><G118/><T96/><D30/><U54/><E29/><V93/><F3/><W19/><G112/><T121/><D121/><U106/><E106/><V13/><F130/><W114/><G69/><T132/><D128/><U65/><E10/><V131/><F131/><W73/><G73/><T102/><D70/><N who="1" m="42287" /><E4/><V83/><F93/><W92/><G114/><T85/><D62/><U37/><E2/><V74/><F74/><W33/><G33/><T98/><D85/><U31/><E31/><V60/><F60/><N who="3" m="35887" /><G38/><T43/><D132/><U32/><E32/><V34/><F125/><W116/><G124/><T49/><D49/><U71/><E55/><V25/><F25/><N who="3" m="14527" /><G116/><T109/><D102/><N who="3" m="38921" /><G92/><T64/><D64/><U8/><E8/><V81/><F127/><W88/><G88/><T46/><D109/><U82/><E82/><V1/><F81/><W23/><G23/><T27/><D5/><U76/><E76/><V115/><F115/><W126/><G126/><T17/><D27/><U11/><E11/><AGARI ba="0,0" hai="11,12,15,16,17,20,40,41,43,46,50,52,96,98" machi="11" ten="40,7700,0" yaku="8,1,54,2" doraHai="68" who="0" fromWho="1" sc="250,77,250,-77,250,0,250,0" /><INIT seed="0,1,0,5,5,12" ten="327,173,250,250" oya="0" hai0="124,97,30,43,107,83,85,91,79,69,112,133,25" hai1="98,106,2,102,129,55,111,1,18,105,70,22,108" hai2="131,71,123,92,132,49,110,48,113,75,119,63,104" hai3="16,90,8,86,53,122,77,117,114,26,57,4,82"/><T73/><D112/><U101/><E70/><V3/><F92/><W5/><G114/><T0/><D0/><U109/><E55/><V100/><F100/><W44/><G44/><T93/><D69/><U121/><E121/><V7/><F63/><N who="3" m="36271" /><G122/><T126/><D43/><U11/><E129/><V81/><F81/><N who="3" m="49487" /><G117/><T17/><D133/><U56/><E56/><V60/><F60/><W10/><G82/><T34/><D17/><U28/><E28/><V37/><F49/><W127/><G77/><T6/><D6/><N who="3" m="2665" /><G127/><T19/><REACH who="0" step="1"/><D19/><REACH who="0" ten="317,173,250,250" step="2"/><U40/><E40/><V35/><F7/><W125/><G125/><T130/><D130/><U33/><E2/><V67/><F67/><W76/><G76/><T94/><D94/><U29/><E109/><V72/><F48/><W41/><G41/><T13/><D13/><U64/><E1/><V96/><F96/><W80/><G80/><T99/><D99/><U38/><E98/><V31/><F31/><W78/><G78/><T135/><D135/><U42/><E29/><V116/><F116/><W21/><AGARI ba="1,1" hai="8,10,16,21,26" m="2665,49487,36271" machi="21" ten="30,4000,0" yaku="8,1,52,1,54,1" doraHai="12" who="3" fromWho="3" sc="317,-21,173,-11,250,-11,250,53" /><INIT seed="1,0,0,4,3,42" ten="296,162,239,303" oya="1" hai0="91,44,58,94,18,16,101,1,67,83,116,15,56" hai1="38,118,131,4,65,27,97,37,70,52,120,66,53" hai2="19,32,110,30,28,103,33,124,80,76,100,5,17" hai3="105,13,81,47,123,85,84,24,90,126,104,0,54"/><U6/><E97/><V3/><F110/><W111/><G0/><T14/><D1/><U48/><E27/><V73/><F124/><W51/><G111/><T8/><D101/><U72/><E72/><V9/><F100/><W107/><G123/><T127/><D83/><U121/><E131/><V60/><F60/><W22/><G13/><T75/><D75/><U55/><E6/><V39/><F39/><N who="1" m="14857" /><E4/><V10/><F103/><W31/><G126/><T95/><D127/><U64/><E118/><V25/><REACH who="2" step="1"/><F10/><REACH who="2" ten="296,162,229,303" step="2"/><W35/><G107/><T40/><D116/><U109/><E109/><V34/><F34/><W78/><G35/><T130/><D130/><U82/><E82/><AGARI ba="0,1" hai="22,24,31,47,51,54,78,81,82,84,85,90,104,105" machi="82" ten="30,2000,0" yaku="7,1,52,1" doraHai="42" who="3" fromWho="1" sc="296,0,162,-20,229,0,303,30" /><INIT seed="2,0,0,1,5,23" ten="296,142,229,333" oya="2" hai0="117,57,118,69,59,0,50,119,53,63,95,24,2" hai1="94,98,86,120,12,87,132,18,101,122,21,19,5" hai2="123,114,112,61,32,51,104,54,44,111,92,125,46" hai3="89,15,130,36,97,55,106,60,129,84,90,134,121"/><V74/><F104/><W80/><G36/><T128/><D69/><U100/><E132/><V124/><F74/><W96/><G121/><T43/><D43/><U33/><E33/><V40/><F32/><W38/><G38/><T76/><D76/><U4/><E120/><V3/><F3/><W13/><G134/><T67/><D95/><U37/><E122/><V79/><F79/><W126/><G126/><N who="2" m="48745" /><F92/><N who="3" m="56335" /><G97/><T7/><D128/><N who="3" m="49257" /><G106/><T116/><N who="0" m="30208" /><DORA hai="41" /><T9/><REACH who="0" step="1"/><D24/><REACH who="0" ten="286,142,229,333" step="2"/><U133/><E133/><V10/><F123/><W72/><G72/><T102/><D102/><U131/><E101/><V42/><F42/><W14/><G80/><T45/><D45/><U25/><E131/><V11/><F46/><W110/><G90/><T71/><D71/><U75/><E75/><V73/><F111/><W109/><G110/><T30/><D30/><U88/><E37/><V99/><F73/><W6/><G109/><T105/><D105/><U26/><E26/><V93/><F112/><W70/><G70/><T68/><D68/><U64/><E64/><V56/><F114/><W49/><G55/><T81/><D81/><N who="1" m="49231" /><E87/><V34/><F34/><W91/><G84/><T29/><D29/><U78/><E78/><V52/><F54/><W82/><G91/><AGARI ba="0,1" hai="10,11,40,44,51,52,56,61,91,93,99" m="48745" machi="91" ten="30,5800,0" yaku="18,1,52,1,54,1" doraHai="23,41" who="2" fromWho="3" sc="286,0,142,0,229,68,333,-58" /><INIT seed="2,1,0,2,3,45" ten="286,142,297,275" oya="2" hai0="118,0,96,36,55,117,120,41,32,40,27,37,122" hai1="111,5,132,131,129,102,72,69,7,92,109,65,3" hai2="60,23,88,24,48,29,66,134,21,87,121,71,8" hai3="68,16,19,54,51,22,130,104,56,103,74,18,50"/><V116/><F121/><N who="0" m="46698" /><D55/><U10/><E92/><V42/><F116/><N who="0" m="44650" /><D96/><U67/><E102/><V125/><F125/><W2/><G2/><T119/><N who="0" m="44658" /><T11/><DORA hai="123" /><D11/><N who="1" m="2495" /><E72/><V47/><F8/><W124/><G74/><T90/><D90/><U20/><E20/><V26/><F134/><W107/><G68/><T108/><D0/><N who="1" m="359" /><E132/><V81/><REACH who="2" step="1"/><F26/><REACH who="2" ten="286,142,287,275" step="2"/><W64/><G124/><T61/><D27/><U1/><E1/><V126/><F126/><W31/><G31/><T99/><D99/><U76/><E76/><V15/><F15/><W86/><G86/><T94/><D94/><U57/><E69/><V95/><F95/><W93/><G93/><T14/><D14/><U115/><E115/><V135/><F135/><W89/><G107/><T110/><D32/><AGARI ba="1,1" hai="21,23,24,29,32,42,47,48,60,66,71,81,87,88" machi="32" ten="30,12000,1" yaku="1,1,7,1,52,1,54,1,53,1" doraHai="45,123" doraHaiUra="53,63" who="2" fromWho="0" sc="286,-123,142,0,287,133,275,0" /><INIT seed="2,2,0,3,2,96" ten="163,142,420,275" oya="2" hai0="103,1,19,10,68,38,130,57,84,117,133,78,76" hai1="35,36,102,15,25,95,97,72,67,21,134,109,115" hai2="121,114,39,107,77,90,66,55,34,135,31,54,12" hai3="60,9,120,0,28,91,32,24,122,89,64,56,92"/><V93/><F107/><W65/><G65/><T44/><D68/><U63/><E36/><V128/><F39/><W61/><G61/><T49/><D117/><U53/><E72/><V42/><F42/><W113/><G113/><T33/><D38/><U45/><E115/><V116/><F77/><W118/><G118/><T99/><D33/><U59/><E134/><V123/><F116/><W83/><G83/><T129/><D133/><U127/><E127/><V43/><F43/><W29/><G28/><T101/><D57/><U88/><E109/><V87/><F66/><W108/><G108/><T86/><D99/><U26/><E35/><V85/><F114/><W94/><G9/><T7/><D19/><N who="1" m="10495" /><E45/><V98/><F55/><W100/><G0/><T74/><D86/><N who="1" m="52631" /><E53/><V51/><F135/><W110/><G110/><T27/><D84/><U71/><E71/><V40/><F40/><W37/><G37/><T20/><D76/><U58/><E58/><V48/><F54/><W13/><G122/><T4/><D78/><U41/><E41/><V22/><F34/><W47/><G120/><T132/><D74/><U79/><E79/><V50/><F121/><W69/><G47/><T73/><D7/><U82/><E82/><V62/><F123/><W17/><G69/><T2/><D2/><U5/><E5/><V16/><F31/><W75/><G75/><T112/><D73/><U46/><E46/><V23/><F62/><W104/><G104/><T3/><D132/><U124/><E124/><V81/><F85/><W70/><G70/><T14/><D112/><U11/><E11/><RYUUKYOKU ba="2,0" sc="163,-10,142,30,420,-10,275,-10" hai1="25,26,59,63,67,97,102" /><INIT seed="3,3,0,5,4,124" ten="153,172,410,265" oya="3" hai0="97,72,77,63,11,71,106,64,38,32,29,49,58" hai1="16,123,65,3,90,27,4,125,134,55,112,80,88" hai2="20,81,51,47,68,122,105,86,17,39,83,128,26" hai3="9,79,6,13,93,15,135,45,59,5,69,120,50"/><W98/><G69/><T114/><D38/><U35/><E123/><V24/><F68/><W113/><G135/><T21/><D32/><U67/><E35/><V101/><F105/><W84/><G120/><T22/><D114/><U56/><E3/><V108/><F108/><W18/><G59/><T82/><D11/><U87/><E112/><V40/><F122/><W25/><G25/><T0/><D0/><U107/><E107/><V96/><F128/><W78/><G84/><T31/><D106/><U111/><E4/><N who="3" m="1642" /><G13/><T75/><D97/><U2/><E2/><V92/><F39/><W91/><G113/><T19/><D75/><U100/><E100/><V99/><F99/><W133/><G133/><T103/><D103/><U30/><E111/><V53/><F40/><AGARI ba="3,0" hai="9,15,18,40,45,50,78,79,91,93,98" m="1642" machi="40" ten="30,1500,0" yaku="8,1" doraHai="124" who="3" fromWho="2" sc="153,0,172,0,410,-24,265,24" /><INIT seed="3,4,0,5,3,76" ten="153,172,386,289" oya="3" hai0="19,95,111,92,119,8,31,82,128,93,69,90,4" hai1="1,121,63,21,79,40,114,131,33,39,118,45,41" hai2="2,6,20,54,38,46,86,97,55,81,3,87,117" hai3="100,0,75,65,61,50,99,106,10,77,53,22,9"/><W103/><G100/><T126/><D31/><U27/><E121/><V105/><F117/><W15/><G0/><T64/><D119/><U135/><E118/><V68/><F6/><W88/><G75/><T18/><D128/><U73/><E114/><V71/><F20/><W35/><G77/><T85/><D126/><U124/><E124/><V84/><F81/><W37/><G37/><T127/><D127/><U74/><E41/><V101/><F54/><W57/><G35/><T59/><D69/><U52/><E33/><V80/><F80/><W120/><G120/><T72/><D111/><U23/><E1/><V51/><F38/><W108/><G108/><T89/><D90/><U13/><E131/><V34/><F34/><W12/><G88/><T17/><D72/><U102/><E102/><V110/><F110/><W29/><G15/><N who="0" m="5511" /><D59/><N who="1" m="35303" /><E79/><V47/><F68/><W14/><G14/><T32/><D32/><U70/><E70/><V11/><F71/><W36/><G36/><T112/><D112/><U107/><E107/><V78/><F78/><W16/><REACH who="3" step="1"/><G29/><REACH who="3" ten="153,172,386,279" step="2"/><T130/><D130/><U25/><E74/><V58/><F3/><W60/><G60/><T42/><D42/><U66/><E73/><V109/><F109/><W49/><G49/><T28/><D28/><U133/><E40/><V48/><F48/><W104/><G104/><T122/><D122/><U96/><E39/><V24/><F24/><W123/><G123/><T67/><AGARI ba="4,1" hai="17,18,19,64,67,82,85,89,92,93,95" m="5511" machi="67" ten="40,2700,0" yaku="8,1,52,1" doraHai="76" who="0" fromWho="0" sc="153,49,172,-11,386,-11,279,-17" owari="202,-20.0,161,-34.0,375,48.0,262,6.0" /></mjloggm>