<mjloggm ver="2.3"><GO type="169" lobby="0"/><UN n0="%E3%82%A6%E3%83%AB%E3%83%88%E3%83%A9%E7%AB%8B%E7%9B%B4" n1="%73%68%6F%6F%74%33%39" n2="%E6%9E%9D%E8%B1%86%E3%82%AB%E3%83%AC%E3%83%BC%E7%94%98%E5%8F%A3" n3="%E3%81%B4%E3%82%88%E3%81%88%E3%82%82%E3%82%93" dan="17,19,16,16" rate="2215.20,2257.92,2158.93,2085.44" sx="M,M,F,M"/><TAIKYOKU oya="0"/><INIT seed="0,0,0,0,3,14" ten="250,250,250,250" oya="0" hai0="3,83,74,72,126,36,78,113,107,31,84,114,53" hai1="49,82,52,16,39,27,7,50,30,28,8,20,119" hai2="5,32,132,18,75,17,22,112,24,94,70,100,66" hai3="91,115,56,76,55,87,12,99,80,121,102,116,48"/><T51/><D36/><U0/><E39/><V110/><F112/><W130/><G115/><T103/><D3/><U35/><E119/><V111/><F75/><W40/><G116/><T60/><D126/><U2/><E2/><V67/><F32/><W77/><G121/><T85/><D60/><U123/><E123/><V37/><F37/><W117/><G117/><T15/><D74/><U6/><E6/><V23/><F5/><W105/><G130/><T124/><D124/><U19/><E50/><V133/><F100/><W47/><REACH who="3" step="1"/><G12/><REACH who="3" ten="250,250,250,240" step="2"/><T64/><D113/><U33/><E82/><V41/><F70/><W34/><G34/><T96/><D114/><U11/><E35/><V44/><F94/><W45/><G45/><T65/><D15/><U54/><E11/><V38/><F132/><W90/><G90/><T97/><D103/><U63/><E33/><V92/><F92/><W128/><G128/><T59/><D107/><U58/><E30/><V86/><F133/><W106/><G106/><T4/><D31/><U127/><E127/><V73/><F73/><W108/><G108/><N who="2" m="41513" /><F86/><W120/><G120/><T43/><D84/><U104/><E104/><V101/><F101/><W68/><G68/><T62/><D72/><U81/><REACH who="1" step="1"/><E81/><REACH who="1" ten="250,240,250,240" step="2"/><V118/><F118/><W9/><G9/><T26/><D83/><U95/><E95/><V61/><F61/><AGARI ba="0,2" hai="40,47,48,55,56,61,76,77,80,87,91,99,102,105" machi="61" ten="30,3900,0" yaku="1,1,7,1,53,1" doraHai="14" doraHaiUra="42" who="3" fromWho="2" sc="250,0,240,0,250,-39,240,59" /><INIT seed="1,0,0,3,4,72" ten="250,240,211,299" oya="1" hai0="46,10,128,86,119,98,53,121,82,67,135,104,85" hai1="54,106,64,43,91,23,69,107,76,45,0,19,21" hai2="34,116,11,108,100,115,109,18,55,40,95,62,90" hai3="87,48,3,73,103,110,60,129,122,5,49,99,88"/><U30/><E0/><V28/><F116/><W15/><G122/><T20/><D119/><U13/><E69/><V132/><F132/><W29/><G73/><T71/><D121/><U38/><E64/><V9/><F115/><W78/><G3/><T42/><D135/><U84/><E76/><V8/><F100/><W114/><G114/><T59/><D128/><U97/><E97/><V63/><F40/><W6/><G29/><T50/><D10/><U2/><E2/><V105/><F105/><W65/><G110/><N who="2" m="42601" /><F55/><W89/><G129/><T101/><D20/><U70/><E70/><V58/><F58/><N who="3" m="37015" /><G103/><T125/><D125/><U32/><E32/><V37/><F37/><W79/><G99/><T96/><D96/><U57/><E23/><V4/><F4/><N who="3" m="1643" /><G15/><T52/><D86/><U134/><E30/><V94/><F18/><W123/><G123/><T25/><D71/><U68/><E68/><V126/><F126/><W117/><G117/><T66/><D25/><U92/><REACH who="1" step="1"/><E134/><REACH who="1" ten="250,230,211,299" step="2"/><V118/><F118/><W131/><G131/><T133/><D133/><U47/><E47/><V83/><F28/><W120/><G120/><T56/><D66/><U17/><E17/><V51/><F34/><W81/><G89/><T75/><D67/><U35/><E35/><V31/><F31/><W12/><G12/><T80/><D56/><U16/><E16/><V1/><F1/><W24/><G24/><T22/><D59/><U36/><E36/><V26/><F26/><W130/><G130/><T41/><D46/><U74/><E74/><V102/><F90/><W61/><G88/><RYUUKYOKU ba="0,1" sc="250,-10,230,30,211,-10,299,-10" hai1="13,19,21,38,43,45,54,57,84,91,92,106,107" /><INIT seed="1,1,1,5,2,115" ten="240,260,201,289" oya="1" hai0="91,3,67,108,84,48,49,57,117,88,135,107,85" hai1="44,32,127,128,52,43,95,12,25,51,90,124,17" hai2="30,55,100,21,40,27,119,76,18,26,102,99,13" hai3="104,72,70,122,14,132,110,34,45,131,29,23,15"/><U31/><E128/><V66/><F119/><W69/><G45/><T54/><D107/><U83/><E43/><V89/><F76/><W8/><G29/><T103/><D3/><U130/><E130/><V65/><F40/><W112/><G23/><T24/><D103/><U86/><REACH who="1" step="1"/><E95/><REACH who="1" ten="240,250,201,289" step="2"/><V58/><F102/><W33/><G131/><T92/><D135/><U4/><E4/><V80/><F100/><W63/><G132/><T125/><D92/><U16/><E16/><V116/><F116/><W75/><G104/><T46/><D117/><U106/><E106/><V56/><F30/><W111/><G112/><T19/><D19/><U53/><E53/><V134/><F134/><W73/><G111/><T35/><D54/><U60/><E60/><N who="2" m="38023" /><F66/><W114/><G110/><T22/><D67/><U81/><E81/><V39/><F39/><W74/><G114/><T123/><D108/><U87/><E87/><N who="2" m="50407" /><F99/><W78/><G74/><T77/><D85/><U59/><E59/><V98/><F98/><W68/><G73/><T5/><D84/><U105/><E105/><V10/><F10/><AGARI ba="1,2" hai="10,12,17,25,31,32,44,51,52,83,86,90,124,127" machi="10" ten="40,12000,1" yaku="1,1,25,2,54,1,53,0" doraHai="115" doraHaiUra="97" who="1" fromWho="2" sc="240,0,250,143,201,-123,289,0" /><INIT seed="1,2,0,0,1,60" ten="240,393,78,289" oya="1" hai0="44,114,89,70,105,4,11,112,107,3,42,72,118" hai1="76,91,133,61,21,27,25,75,71,110,104,50,97" hai2="123,35,9,53,127,56,54,22,134,83,10,96,81" hai3="23,77,65,93,73,45,66,5,129,115,69,49,132"/><U29/><E133/><V32/><F123/><W1/><G115/><T131/><D89/><U59/><E110/><V6/><F134/><W7/><G132/><T31/><D31/><U80/><E71/><V24/><F127/><W19/><G69/><T68/><D72/><U64/><E50/><V55/><F56/><W8/><G129/><T46/><D131/><U39/><E39/><V94/><F6/><W51/><G7/><T82/><D82/><U111/><E111/><V99/><F94/><W130/><G130/><T12/><D12/><U63/><E63/><V2/><F2/><W33/><G33/><T117/><D4/><U109/><E109/><V36/><F36/><W58/><G93/><T120/><D42/><U106/><E91/><V119/><F119/><W18/><G58/><T90/><D90/><U95/><E97/><V17/><F35/><W86/><G73/><T47/><D47/><U20/><REACH who="1" step="1"/><E95/><REACH who="1" ten="240,383,78,289" step="2"/><V28/><F96/><W108/><G51/><T15/><D70/><U78/><E78/><V102/><F99/><W116/><G108/><T30/><D68/><U26/><E26/><V48/><F102/><W38/><G38/><T126/><D114/><U13/><E13/><V14/><F48/><W57/><G49/><T100/><D15/><U62/><E62/><V41/><F41/><W37/><G37/><T34/><D112/><U113/><E113/><V79/><F79/><W124/><G77/><T121/><D100/><U52/><E52/><V88/><F88/><W128/><G128/><T16/><D118/><U0/><E0/><V43/><F43/><RYUUKYOKU ba="2,1" sc="240,-15,383,15,78,15,289,-15" hai1="20,21,25,27,29,59,61,64,75,76,80,104,106" hai2="9,10,14,17,22,24,28,32,53,54,55,81,83" /><INIT seed="1,3,1,5,2,50" ten="225,398,93,274" oya="1" hai0="121,122,35,60,108,92,90,16,125,44,70,53,98" hai1="65,127,134,83,104,131,91,85,9,130,57,78,96" hai2="128,41,11,86,13,31,106,129,113,76,81,7,38" hai3="69,61,45,109,111,67,2,15,0,110,58,77,8"/><U48/><E9/><V84/><F106/><W47/><G77/><T82/><D35/><U28/><E28/><V74/><F113/><W99/><G99/><T17/><D70/><U25/><E25/><V32/><F31/><W34/><G34/><T114/><D114/><U63/><E134/><V124/><F32/><W97/><G97/><T102/><D125/><U118/><E118/><V29/><F29/><W4/><G69/><T37/><D37/><U79/><E127/><V66/><F66/><W72/><G72/><T119/><D119/><U135/><E135/><V80/><F124/><W40/><REACH who="3" step="1"/><G45/><REACH who="3" ten="225,398,93,264" step="2"/><T23/><D44/><U43/><E96/><V42/><F74/><W126/><G126/><T27/><D122/><U123/><E123/><V62/><F38/><AGARI ba="3,2" hai="0,2,4,8,15,38,40,47,58,61,67,109,110,111" machi="38" ten="40,8000,1" yaku="1,1,14,1,53,2" doraHai="50" doraHaiUra="33" who="3" fromWho="2" sc="225,0,398,0,93,-89,264,109" /><INIT seed="2,0,0,0,5,130" ten="225,398,4,373" oya="2" hai0="56,36,85,44,8,9,31,104,100,62,122,108,124" hai1="0,52,70,132,89,118,73,14,42,28,114,91,77" hai2="48,106,61,59,127,95,1,131,57,11,98,60,116" hai3="102,64,39,79,107,129,128,40,15,94,12,33,50"/><V123/><F106/><W117/><G117/><T111/><D122/><U92/><E0/><V66/><F123/><W63/><G107/><T43/><D31/><U35/><E70/><V54/><F116/><W23/><G33/><T6/><D85/><U19/><E118/><V16/><F131/><N who="3" m="50251" /><G39/><T18/><D124/><U87/><E42/><V22/><F127/><W75/><G75/><T34/><D34/><U81/><E114/><V103/><F1/><W113/><G79/><T4/><D100/><U53/><E132/><V27/><F11/><N who="0" m="4170" /><D18/><U134/><E134/><V69/><F69/><N who="3" m="42143" /><G113/><T55/><D104/><U46/><E46/><V32/><F32/><W78/><G78/><T5/><D36/><U26/><E91/><V88/><F48/><W82/><G82/><T72/><D72/><U83/><E83/><V68/><F68/><W99/><G23/><AGARI ba="0,0" hai="14,19,23,26,28,35,52,53,73,77,81,87,89,92" machi="23" ten="30,2000,0" yaku="7,1,54,1" doraHai="130" who="1" fromWho="3" sc="225,0,398,20,4,0,373,-20" /><INIT seed="3,0,0,5,3,126" ten="225,418,4,353" oya="3" hai0="1,57,68,60,18,38,119,122,124,114,39,5,74" hai1="111,43,49,88,56,85,91,25,103,89,63,130,7" hai2="87,97,33,37,104,24,118,112,84,73,14,109,135" hai3="50,67,0,127,125,46,115,98,29,86,128,120,79"/><W3/><G120/><T23/><D74/><U123/><E123/><V30/><F118/><W108/><G115/><T129/><D119/><U27/><E111/><V11/><F109/><W65/><G108/><T35/><D68/><U71/><E71/><V41/><F112/><W8/><G29/><T36/><D35/><U78/><E103/><V102/><F73/><W69/><G98/><T106/><D106/><U101/><E101/><V59/><F135/><W4/><G0/><T44/><D122/><U54/><E7/><V22/><F33/><W99/><G99/><T134/><D134/><U90/><E78/><V77/><F77/><W75/><G75/><T64/><D114/><U93/><E130/><V105/><F105/><W61/><G65/><T113/><D113/><U52/><E43/><V80/><F80/><W81/><REACH who="3" step="1"/><G128/><REACH who="3" ten="225,418,4,343" step="2"/><T40/><D129/><U17/><E17/><V72/><F72/><W2/><G2/><T110/><D110/><U132/><E132/><V121/><F121/><W133/><G133/><T28/><D124/><U116/><E116/><V95/><F104/><W10/><G10/><T53/><D28/><U117/><E117/><V13/><F37/><W94/><G94/><T96/><D96/><U20/><E20/><V66/><F41/><AGARI ba="0,1" hai="3,4,8,41,46,50,61,67,69,79,81,86,125,127" machi="41" ten="40,3900,0" yaku="1,1,53,1" doraHai="126" doraHaiUra="83" who="3" fromWho="2" sc="225,0,418,0,4,-39,343,49" owari="225,-17.0,418,52.0,-35,-54.0,392,19.0" /></mjloggm>