<mjloggm ver="2.3"><GO type="169" lobby="0"/><UN n0="%74%61%6E%61%4B%61%E8%8A%8B%E5%AD%90" n1="%E3%82%AB%E3%83%9D%E3%83%8D%E5%9B%A3%E3%81%AE%E5%85%84%E8%B2%B4" n2="%E3%82%A6%E3%83%AB%E3%83%88%E3%83%A9%E7%AB%8B%E7%9B%B4" n3="%E3%81%9F%E3%81%91%E3%81%AB%E3%81%8D" dan="17,18,17,16" rate="2064.24,2230.10,2163.02,2051.12" sx="F,M,M,M"/><TAIKYOKU oya="0"/><INIT seed="0,0,0,5,0,86" ten="250,250,250,250" oya="0" hai0="122,66,50,3,97,16,42,126,18,44,56,80,33" hai1="128,35,59,132,5,88,14,70,84,27,34,124,114" hai2="57,12,118,45,61,110,95,13,101,58,77,79,0" hai3="94,103,125,15,20,17,53,104,72,22,55,29,133"/><T28/><D122/><U74/><E70/><V135/><F0/><W129/><G104/><T25/><D126/><U89/><E74/><V54/><F118/><W63/><G125/><T121/><D121/><U106/><E124/><V116/><F135/><W26/><G72/><T23/><D3/><U37/><E106/><V7/><F110/><W91/><G133/><T99/><D80/><U90/><E132/><V105/><F105/><W10/><G103/><T81/><D81/><U2/><E2/><V93/><F45/><W83/><G83/><T115/><D115/><U62/><E37/><V46/><F46/><W71/><G129/><T100/><D33/><U111/><E111/><V41/><F41/><W67/><REACH who="3" step="1"/><G22/><REACH who="3" ten="250,250,250,240" step="2"/><T39/><D99/><AGARI ba="0,1" hai="10,15,17,20,26,29,53,55,63,67,71,91,94,99" machi="99" ten="30,7700,0" yaku="1,1,2,1,7,1,52,1,53,0" doraHai="86" doraHaiUra="38" who="3" fromWho="0" sc="250,-77,250,0,250,0,240,87" /><INIT seed="1,0,0,2,1,17" ten="173,250,250,327" oya="1" hai0="13,86,130,68,124,58,133,111,89,81,63,48,67" hai1="65,78,41,93,51,42,119,53,49,106,132,43,120" hai2="107,40,116,44,77,23,5,70,1,45,31,20,92" hai3="121,4,112,103,131,54,26,99,19,30,113,50,73"/><U114/><E106/><V122/><F107/><W3/><G121/><T76/><D111/><U14/><E120/><V64/><F122/><W128/><G73/><T35/><D130/><N who="3" m="49705" /><G19/><T72/><D133/><U10/><E132/><V34/><F116/><W100/><G4/><T69/><D35/><U66/><E119/><V52/><F64/><N who="1" m="24681" /><E78/><V87/><F70/><W108/><G3/><T110/><D110/><U123/><E123/><V127/><F127/><W109/><G109/><T135/><D124/><U134/><E114/><V32/><F32/><N who="3" m="20567" /><G108/><T125/><D125/><U18/><E134/><V129/><F34/><W0/><G0/><T24/><D135/><U80/><E80/><V47/><F129/><W96/><G96/><T8/><D24/><U38/><E38/><V9/><F31/><W11/><G11/><T98/><D98/><U62/><E93/><V97/><F87/><W37/><G37/><T33/><D33/><U71/><E71/><V117/><F117/><W27/><G27/><T36/><D36/><U75/><E75/><V115/><F77/><W21/><G99/><T39/><D39/><U29/><E29/><V74/><F74/><W104/><G104/><T95/><D68/><U90/><E90/><N who="2" m="55447" /><F115/><W55/><G113/><T79/><D69/><U88/><E88/><V7/><F1/><W59/><G112/><T61/><D76/><U12/><E12/><V56/><F40/><W15/><G54/><N who="0" m="32071" /><D67/><U57/><AGARI ba="0,0" hai="10,14,18,41,42,43,49,51,53,57,62" m="24681" machi="57" ten="30,1500,0" yaku="8,1" doraHai="17" who="1" fromWho="1" sc="173,-5,250,15,250,-5,327,-5" /><INIT seed="1,1,0,1,5,128" ten="168,265,245,322" oya="1" hai0="57,17,88,23,6,99,35,132,135,130,8,129,36" hai1="77,116,3,115,113,87,70,105,122,32,4,54,100" hai2="92,104,112,90,30,61,117,34,5,19,120,38,16" hai3="94,118,127,11,73,98,108,9,78,14,22,63,44"/><U102/><E32/><V53/><F104/><W62/><G108/><T46/><D35/><U24/><E116/><V68/><F38/><W43/><G118/><T86/><D99/><U96/><E102/><V119/><F120/><W37/><G127/><T28/><D28/><U15/><E3/><V101/><F101/><W47/><G47/><T69/><D69/><U97/><E97/><V13/><F112/><W81/><G22/><T40/><D57/><U124/><E70/><V2/><F2/><W93/><G9/><T49/><D36/><U66/><E66/><V80/><F5/><W76/><G76/><T110/><D110/><U111/><E122/><V126/><F126/><W45/><G45/><T56/><D56/><U109/><E54/><V71/><F71/><W125/><G93/><N who="0" m="54423" /><D6/><U0/><E124/><V79/><F68/><W39/><G39/><T83/><D83/><N who="1" m="47599" /><E0/><V114/><F114/><W50/><G37/><T52/><D40/><U103/><E103/><V75/><F53/><W26/><G125/><T67/><D67/><U18/><E109/><V29/><F119/><W48/><G98/><T85/><D85/><U7/><E111/><V95/><F117/><W131/><G73/><T74/><D74/><U20/><E7/><V51/><F34/><W31/><G43/><T27/><D8/><N who="1" m="4487" /><E113/><V106/><F75/><W10/><G10/><T121/><D121/><U82/><E82/><V58/><F80/><W133/><G81/><T64/><D64/><U123/><E123/><V25/><F106/><W107/><G107/><T89/><D89/><U1/><E115/><RYUUKYOKU ba="1,0" sc="168,15,265,15,245,-15,322,-15" hai0="17,23,27,46,49,52,129,130,132,135" hai1="1,18,20,24,96,100,105" /><INIT seed="1,2,0,3,3,24" ten="183,280,230,307" oya="1" hai0="106,81,30,21,14,128,77,25,45,59,50,111,69" hai1="65,41,121,38,52,87,126,58,56,27,1,119,122" hai2="78,135,70,28,133,98,112,102,103,114,90,43,125" hai3="31,57,68,73,104,108,26,120,84,63,29,13,100"/><U15/><E1/><V131/><F70/><W99/><G120/><T60/><D106/><U89/><E119/><V46/><F78/><W23/><G73/><T129/><D69/><U118/><E118/><V115/><F125/><W82/><G68/><T71/><D71/><U10/><E126/><V96/><F46/><W64/><G108/><T49/><D14/><U61/><E27/><V80/><F43/><W34/><G13/><T5/><D5/><U130/><E130/><N who="0" m="50281" /><D50/><U6/><E41/><V83/><F28/><W3/><G3/><T88/><D49/><U97/><E97/><N who="2" m="37483" /><F131/><W9/><G9/><T33/><D45/><U62/><REACH who="1" step="1"/><E38/><REACH who="1" ten="183,270,230,307" step="2"/><V79/><F135/><W107/><G26/><T55/><D33/><U86/><E86/><N who="2" m="50527" /><F133/><W94/><G34/><T127/><D127/><U123/><E123/><V132/><F132/><W109/><G109/><T19/><D111/><U32/><E32/><V101/><F101/><W37/><G37/><T11/><D77/><U8/><E8/><V124/><F124/><W110/><G110/><T40/><D11/><U35/><E35/><V42/><F42/><W39/><G39/><T74/><D40/><U66/><E66/><V85/><AGARI ba="2,1" hai="79,80,85,102,103,112,114,115" m="50527,37483" machi="85" ten="40,5200,0" yaku="11,1,34,2" doraHai="24" who="2" fromWho="2" sc="183,-15,270,-28,230,68,307,-15" /><INIT seed="2,0,0,5,4,133" ten="168,242,298,292" oya="2" hai0="5,111,69,102,55,74,110,132,124,121,95,83,62" hai1="123,80,70,34,126,48,50,21,37,57,4,38,63" hai2="134,91,116,29,18,30,27,118,49,87,65,64,14" hai3="72,125,36,58,129,92,115,41,26,45,12,113,19"/><V76/><F76/><W68/><G68/><T96/><D124/><U6/><E34/><V66/><F134/><W135/><G125/><T86/><D132/><U108/><E126/><V54/><F118/><W11/><G135/><T8/><D74/><U81/><E21/><V13/><F116/><W107/><G107/><T44/><D121/><U106/><E57/><V24/><F27/><W9/><G129/><T3/><D69/><U79/><E70/><V100/><F100/><W56/><G72/><T17/><D17/><U71/><E71/><V99/><F99/><W15/><G92/><T10/><D10/><U93/><E93/><N who="2" m="54527" /><F24/><W112/><REACH who="3" step="1"/><G26/><REACH who="3" ten="168,242,298,282" step="2"/><T77/><D110/><U67/><E106/><V128/><F128/><W101/><G101/><T73/><D111/><U2/><E108/><V25/><F25/><W117/><G117/><T97/><D73/><U78/><E123/><V7/><F29/><W90/><G90/><T114/><D114/><U127/><E127/><V16/><F30/><W98/><G98/><T84/><D97/><U122/><E122/><V28/><F28/><W31/><G31/><T0/><D86/><U120/><E120/><V131/><F131/><W42/><G42/><T43/><D43/><U75/><E75/><V22/><F14/><W1/><G1/><T85/><D0/><U82/><E2/><V104/><F104/><W59/><G59/><N who="0" m="35199" /><D85/><U39/><E78/><V109/><F13/><W103/><G103/><T53/><D44/><U52/><E79/><V23/><F109/><W46/><G46/><T40/><D40/><U88/><E88/><RYUUKYOKU ba="0,1" sc="168,15,242,-15,298,-15,282,15" hai0="3,5,8,53,77,83,84,95,96,102" hai3="9,11,12,15,19,36,41,45,56,58,112,113,115" /><INIT seed="3,1,1,4,0,128" ten="183,227,283,297" oya="3" hai0="126,85,44,70,60,90,113,8,42,122,72,59,69" hai1="21,58,82,101,67,103,135,84,35,118,100,107,36" hai2="131,73,41,105,2,56,17,80,117,16,13,39,99" hai3="109,62,124,86,22,95,92,49,18,1,28,123,55"/><W48/><G123/><T108/><D122/><U125/><E35/><V68/><F2/><W77/><G1/><T112/><D72/><U133/><E36/><V98/><F68/><W6/><G6/><T114/><D8/><U37/><E37/><V106/><F117/><W65/><G28/><T127/><D108/><U94/><E125/><N who="0" m="47625" /><D90/><U71/><E71/><V3/><F3/><W46/><G124/><T31/><D31/><U33/><E33/><V50/><F39/><W129/><G129/><T83/><D83/><U111/><E111/><V63/><F73/><W93/><G109/><T102/><D85/><U54/><E67/><V11/><F80/><N who="3" m="47375" /><G65/><N who="0" m="39071" /><D102/><U38/><E38/><AGARI ba="1,1" hai="38,42,44,69,70,112,113,114" m="39071,47625" machi="38" ten="40,8000,1" yaku="11,1,18,1,34,2" doraHai="128" who="0" fromWho="1" sc="183,93,227,-83,283,0,297,0" /><INIT seed="4,0,0,5,0,101" ten="276,144,283,297" oya="0" hai0="74,25,90,39,14,82,117,97,33,41,107,135,128" hai1="46,5,11,120,12,105,78,4,9,18,36,32,85" hai2="16,51,70,62,24,48,75,113,27,130,37,6,66" hai3="129,118,134,58,94,17,49,98,102,99,109,26,2"/><T29/><D117/><U40/><E120/><V68/><F75/><W104/><G118/><T19/><D128/><U53/><E32/><V43/><F6/><W55/><G109/><T112/><D112/><U45/><E78/><V131/><F27/><W65/><G2/><T3/><D3/><U127/><E127/><V69/><F24/><W116/><G116/><T84/><D74/><U57/><E45/><N who="2" m="23791" /><F16/><W60/><G134/><T67/><D135/><U31/><E31/><V1/><F1/><W110/><G110/><T28/><D28/><U124/><E124/><V8/><F8/><W50/><G129/><N who="2" m="49161" /><F113/><W54/><G17/><T108/><D19/><U13/><E85/><V20/><F20/><W115/><G26/><T114/><D14/><U100/><E18/><V93/><F93/><W44/><G115/><T30/><D114/><U38/><E38/><V10/><F10/><W87/><G87/><T121/><D121/><U89/><E89/><V23/><F23/><W91/><REACH who="3" step="1"/><G49/><AGARI ba="0,0" hai="48,49,51,62,66,68,69,70" m="49161,23791" machi="49" ten="30,3900,0" yaku="19,1,34,2" doraHai="101" who="2" fromWho="3" sc="276,0,144,0,283,39,297,-39" /><INIT seed="5,0,0,0,4,69" ten="276,144,322,258" oya="1" hai0="54,7,57,74,81,0,18,118,38,71,26,48,76" hai1="125,99,47,91,64,104,88,55,116,100,56,121,30" hai2="89,42,37,98,58,70,101,62,113,27,94,43,63" hai3="68,127,77,108,86,40,6,5,1,32,92,20,51"/><U135/><E121/><V128/><F128/><W97/><G108/><T129/><D118/><U33/><E116/><V45/><F113/><W21/><G32/><T52/><D129/><U4/><E125/><V80/><F43/><W87/><G68/><T122/><D71/><U130/><E135/><V123/><F123/><W29/><G1/><T124/><D124/><U49/><E130/><V95/><F80/><N who="3" m="47375" /><G87/><T119/><D119/><U120/><E120/><V46/><F46/><N who="3" m="26055" /><G127/><T110/><D110/><U117/><E4/><N who="3" m="1642" /><G29/><T134/><D122/><U65/><E117/><V22/><F58/><W103/><AGARI ba="0,0" hai="20,21,92,97,103" m="1642,26055,47375" machi="103" ten="30,1100,0" yaku="8,1" doraHai="69" who="3" fromWho="3" sc="276,-3,144,-5,322,-3,258,11" /><INIT seed="6,0,0,4,5,68" ten="273,139,319,269" oya="2" hai0="104,70,96,28,6,69,76,16,9,10,117,31,126" hai1="108,73,18,106,82,5,80,95,92,17,45,0,40" hai2="75,19,124,122,34,132,74,3,35,84,50,105,13" hai3="135,41,66,44,23,59,43,128,1,4,87,29,86"/><V2/><F105/><W21/><G135/><T112/><D117/><U47/><E106/><V20/><F84/><W57/><G128/><T127/><D112/><U97/><E108/><V83/><F50/><N who="3" m="26895" /><G1/><T81/><D96/><U78/><E80/><V7/><F83/><W54/><G4/><T58/><D104/><U11/><E45/><V48/><F48/><N who="3" m="30919" /><G43/><T14/><D58/><U130/><E130/><V101/><F101/><W129/><G129/><T22/><D70/><U51/><E92/><V30/><F75/><W116/><G116/><T25/><D69/><U39/><REACH who="1" step="1"/><E51/><REACH who="1" ten="273,129,319,269" step="2"/><V94/><F94/><W15/><G29/><N who="0" m="17591" /><D81/><U120/><E120/><V38/><F30/><N who="0" m="11306" /><D76/><U67/><E67/><V60/><F122/><W133/><G66/><T63/><D63/><U79/><E79/><V12/><F60/><W61/><G61/><T53/><D53/><U49/><E49/><V85/><F74/><W62/><G62/><T37/><D37/><U33/><E33/><V8/><F35/><W64/><G64/><T114/><D114/><U115/><E115/><V119/><F34/><W98/><G133/><T90/><D90/><AGARI ba="0,1" hai="0,5,11,17,18,39,40,47,73,78,82,90,95,97" machi="90" ten="30,8000,1" yaku="1,1,7,1,25,2,52,1,53,0" doraHai="68" doraHaiUra="56" who="1" fromWho="0" sc="273,-80,129,90,319,0,269,0" /><INIT seed="7,0,0,3,4,119" ten="193,219,319,269" oya="3" hai0="26,38,131,31,51,13,49,44,80,85,68,11,94" hai1="129,91,2,110,82,56,128,84,133,106,43,17,19" hai2="29,16,46,126,105,121,124,90,14,5,132,108,27" hai3="92,39,15,69,100,54,66,52,134,75,6,122,135"/><W22/><G75/><T60/><D131/><N who="1" m="50251" /><E110/><V117/><F105/><W53/><G39/><T111/><D111/><U83/><E133/><N who="3" m="50698" /><G69/><T30/><D94/><N who="1" m="54631" /><E106/><V35/><F108/><W41/><G41/><N who="0" m="24719" /><D68/><U107/><E107/><V79/><F117/><W12/><G66/><T112/><D38/><U113/><E113/><V123/><F132/><W95/><G100/><T23/><D112/><U114/><E114/><V0/><F126/><W28/><G122/><T93/><D93/><N who="3" m="35913" /><G6/><N who="0" m="3319" /><D60/><U98/><E2/><V20/><F124/><W25/><AGARI ba="0,0" hai="12,15,22,25,28,52,53,54" m="35913,50698" machi="25" ten="40,3900,0" yaku="20,1,54,1" doraHai="119" who="3" fromWho="3" sc="193,-13,219,-13,319,-13,269,39" owari="180,-32.0,206,-19.0,306,11.0,308,40.0" /></mjloggm>