<mjloggm ver="2.3"><GO type="97" lobby="0"/><UN n0="%E7%81%BC%E3%81%A1%E3%82%83%E3%82%93%E3%81%8D%E3%82%83%E3%82%8F%E3%82%8F" n1="%6E%61%6E%6F%64%61" n2="%E5%B0%B1%E6%B4%BB%E7%94%9F%40%E5%B7%9D%E6%9D%91%E8%BB%8D%E5%9B%A3" n3="%E6%B8%85%E6%B0%B4%E8%B0%B7%E7%AB%9C%E8%8F%AF%E3%81%A1%E3%82%83%E3%82%93" dan="14,14,15,13" rate="1968.92,1924.55,2002.24,1829.25" sx="M,M,M,M"/><TAIKYOKU oya="0"/><INIT seed="0,0,0,2,3,37" ten="250,250,250,250" oya="0" hai0="127,112,18,99,79,12,128,46,14,28,60,24,119" hai1="85,73,105,23,34,48,78,32,40,20,74,53,70" hai2="63,115,93,19,91,0,132,97,11,39,21,67,123" hai3="43,13,9,71,129,76,57,55,41,95,92,6,49"/><T102/><D119/><U36/><E105/><V130/><F123/><W118/><G118/><T44/><D112/><U59/><E70/><V66/><F115/><W15/><G71/><T5/><D79/><U50/><E36/><V4/><F39/><W26/><G129/><T77/><D128/><U22/><E34/><V51/><F130/><W58/><G15/><T88/><D77/><U86/><E32/><V113/><F113/><W56/><G76/><T80/><D127/><U75/><E78/><V33/><F33/><W90/><G26/><T84/><D60/><U111/><E111/><V1/><F132/><W61/><G61/><T29/><D14/><U31/><E31/><V94/><F1/><W131/><G131/><T27/><D5/><U2/><E2/><V122/><F122/><W42/><G92/><N who="0" m="58727" /><D27/><U30/><E30/><N who="0" m="11881" /><D24/><U65/><E65/><V133/><F133/><W8/><G9/><AGARI ba="0,0" hai="9,12,18,44,46,80,84,88" m="11881,58727" machi="9" ten="30,2900,0" yaku="8,1,54,1" doraHai="37" who="0" fromWho="3" sc="250,29,250,0,250,0,250,-29" /><INIT seed="0,1,0,2,5,50" ten="279,250,250,221" oya="0" hai0="117,15,103,132,62,23,17,37,89,102,83,115,86" hai1="20,14,85,21,125,2,6,114,73,3,80,87,134" hai2="57,10,19,45,123,113,13,93,16,58,36,46,109" hai3="9,81,118,48,120,104,129,121,72,68,98,60,100"/><T1/><D117/><U67/><E134/><V95/><F113/><W38/><G38/><T7/><D132/><U44/><E114/><V94/><F123/><N who="3" m="47179" /><G118/><T11/><D115/><U54/><E125/><V105/><F105/><W32/><G32/><T124/><D124/><U122/><E122/><V74/><F74/><W4/><G129/><T77/><D37/><U18/><E67/><V99/><F109/><W51/><G81/><T0/><D0/><U90/><E73/><V24/><F99/><W56/><G68/><T110/><D110/><U130/><E130/><V69/><F69/><W82/><G82/><T34/><D34/><U64/><E64/><V30/><F19/><W106/><G106/><T66/><D77/><U119/><E85/><V52/><F36/><W126/><G126/><T112/><D112/><U107/><E107/><V131/><F131/><W39/><G72/><T49/><D49/><U135/><E135/><V75/><F75/><W96/><G98/><T91/><D91/><U65/><E65/><V31/><F58/><AGARI ba="1,0" hai="1,7,11,15,17,23,58,62,66,83,86,89,102,103" machi="58" ten="30,1500,0" yaku="7,1" doraHai="50" who="0" fromWho="2" sc="279,18,250,0,250,-18,221,0" /><INIT seed="0,2,0,2,1,128" ten="297,250,232,221" oya="0" hai0="80,41,52,42,92,35,71,126,18,90,109,25,72" hai1="116,56,54,61,118,104,134,60,32,6,76,130,20" hai2="58,47,14,111,93,99,51,85,70,94,110,46,3" hai3="1,120,96,82,75,69,12,78,31,33,36,102,83"/><T119/><D119/><U9/><E104/><V45/><F3/><W19/><G36/><T50/><D71/><U49/><E130/><V84/><F70/><W37/><G37/><T86/><D126/><U15/><E32/><V113/><F113/><W127/><G127/><T117/><D117/><U89/><E61/><V81/><F85/><W8/><G69/><T59/><D109/><N who="2" m="41482" /><F14/><W13/><G1/><T68/><D68/><U57/><E76/><N who="2" m="46119" /><F58/><W133/><G120/><T38/><D38/><U74/><E74/><V77/><F77/><W79/><G13/><T29/><D72/><U55/><E89/><N who="2" m="55727" /><F94/><W22/><G33/><T107/><D107/><U64/><E64/><V5/><F5/><W114/><G114/><T112/><D112/><U17/><E118/><V4/><F4/><W101/><G31/><T106/><D106/><U73/><E116/><V10/><F10/><W95/><G8/><T44/><D18/><U62/><E73/><V21/><F21/><W123/><G123/><T27/><D25/><U34/><E34/><V103/><F103/><W122/><G102/><T131/><D131/><U115/><E115/><V135/><F135/><W124/><G122/><T67/><D92/><U43/><E134/><V88/><F88/><W108/><G108/><T39/><D39/><U24/><E6/><V0/><F0/><W132/><REACH who="3" step="1"/><G124/><REACH who="3" ten="297,250,232,211" step="2"/><T26/><D29/><U125/><E125/><V91/><F91/><W97/><G97/><T48/><D35/><U2/><E2/><V11/><F11/><W30/><G30/><T66/><D90/><U28/><E9/><RYUUKYOKU ba="2,1" sc="297,-15,250,-15,232,15,211,15" hai2="45,46,47,51" hai3="12,19,22,75,78,79,82,83,95,96,101,132,133" /><INIT seed="1,3,1,3,3,7" ten="282,235,247,226" oya="1" hai0="43,116,76,40,33,44,38,134,22,60,100,98,65" hai1="34,135,86,3,63,75,104,87,5,41,9,78,68" hai2="92,15,19,96,126,39,112,117,53,42,70,108,31" hai3="56,28,30,124,32,79,27,109,91,82,29,46,37"/><U73/><E104/><V97/><F117/><W128/><G124/><T101/><D116/><U14/><E34/><V21/><F112/><W89/><G56/><T69/><D134/><U125/><E125/><V110/><F70/><W20/><G128/><T80/><D40/><U115/><E115/><V59/><F126/><W131/><G131/><T16/><D33/><U119/><E135/><V95/><F31/><W93/><G109/><N who="2" m="42089" /><F42/><W48/><G37/><T13/><D98/><N who="2" m="37994" /><F39/><W45/><G32/><T62/><D60/><AGARI ba="3,1" hai="15,19,21,53,59,60,92,95" m="37994,42089" machi="60" ten="30,1000,0" yaku="14,1" doraHai="7" who="2" fromWho="0" sc="282,-19,235,0,247,29,226,0" /><INIT seed="2,0,0,3,5,118" ten="263,235,276,226" oya="2" hai0="1,122,2,78,69,68,18,33,42,106,97,91,120" hai1="135,13,57,82,85,105,62,100,64,47,94,21,88" hai2="34,53,45,126,22,113,114,72,129,48,49,79,71" hai3="112,27,83,116,6,125,132,130,60,36,133,46,92"/><V43/><F34/><W44/><G116/><T119/><D91/><U14/><E135/><V31/><F72/><W17/><G6/><T28/><D18/><U76/><E47/><N who="2" m="27807" /><F79/><W4/><G4/><T104/><D42/><U30/><E105/><N who="0" m="40553" /><D97/><N who="1" m="59447" /><E76/><V80/><F80/><W109/><G83/><T35/><D28/><U99/><E99/><V9/><F9/><W37/><G36/><T11/><D11/><U102/><E102/><V16/><F31/><W65/><G37/><T134/><D134/><U90/><E90/><V52/><F22/><W95/><G132/><T77/><D78/><U86/><E86/><V87/><F16/><W84/><G17/><T73/><D77/><U131/><E131/><V40/><F87/><W66/><G130/><T74/><D119/><U3/><E3/><N who="0" m="1033" /><D120/><U93/><E82/><V124/><F71/><N who="0" m="27210" /><D122/><U121/><E121/><V127/><F129/><W38/><G133/><T54/><D54/><U0/><E0/><V61/><F61/><W110/><G60/><T8/><D8/><U29/><E29/><V111/><F111/><W59/><G109/><T32/><AGARI ba="0,0" hai="32,33,35,73,74" m="27210,1033,40553" machi="32" ten="50,32000,5" yakuman="44" doraHai="118" who="0" fromWho="0" sc="263,320,235,-80,276,-160,226,-80" /><INIT seed="3,0,0,4,0,13" ten="583,155,116,146" oya="3" hai0="61,71,27,101,40,25,72,115,66,132,48,74,122" hai1="63,24,125,19,58,62,126,49,70,21,130,69,80" hai2="113,31,8,106,43,128,88,86,79,57,9,95,123" hai3="28,85,121,102,127,5,129,131,134,11,52,104,2"/><W110/><G121/><T75/><D122/><U87/><E130/><N who="3" m="49674" /><G134/><T16/><D132/><U37/><E37/><V112/><F106/><W67/><G67/><T54/><D115/><U98/><E98/><V42/><F123/><W55/><G127/><N who="1" m="48650" /><E49/><V56/><F128/><W94/><G28/><T109/><D40/><N who="2" m="15402" /><F31/><W45/><G45/><T4/><D4/><U1/><E1/><V60/><F113/><W118/><G118/><T82/><D109/><U117/><E117/><V103/><F112/><W34/><G34/><T120/><D101/><U14/><E24/><V38/><F38/><W29/><G29/><T76/><D120/><U73/><E73/><V53/><F103/><W107/><G110/><T116/><D116/><U51/><E51/><N who="2" m="30783" /><F79/><W50/><G102/><T7/><D7/><U111/><E111/><V20/><F20/><W96/><G85/><T39/><D39/><U0/><E0/><V23/><F23/><W84/><G84/><T91/><D91/><N who="1" m="51687" /><E63/><V133/><F133/><W81/><G104/><T89/><D89/><U92/><E92/><V119/><F119/><W44/><G107/><T47/><D75/><U68/><E70/><V22/><F22/><W33/><G33/><T124/><D74/><U35/><E35/><V114/><F114/><W30/><G30/><T105/><D105/><U90/><E90/><V17/><F17/><W26/><G26/><T18/><D124/><U15/><E15/><V108/><F108/><W93/><G81/><T100/><D100/><U77/><E77/><V3/><F3/><W32/><G32/><T83/><D83/><RYUUKYOKU ba="0,0" sc="583,10,155,10,116,10,146,-30" hai0="16,18,25,27,47,48,54,61,66,71,72,76,82" hai1="14,19,21,58,62,68,69" hai2="8,9,57,60,86,88,95" owari="593,68.0,165,-3.0,126,-27.0,116,-38.0" /></mjloggm>