<mjloggm ver="2.3"><GO type="169" lobby="0"/><UN n0="%E3%82%80%E3%81%A3%E3%81%8D%E3%83%BC" n1="%E3%81%82%E3%83%BC%E3%81%BF%E3%82%93%E2%98%86" n2="%E3%82%A6%E3%83%AB%E3%83%88%E3%83%A9%E7%AB%8B%E7%9B%B4" n3="%3A%44%75%63%61%3A" dan="17,17,17,16" rate="2182.40,2144.30,2163.38,2137.53" sx="F,F,M,M"/><TAIKYOKU oya="0"/><INIT seed="0,0,0,1,3,82" ten="250,250,250,250" oya="0" hai0="15,43,111,22,95,20,130,41,24,58,101,29,50" hai1="125,76,96,16,97,3,85,64,63,46,108,12,124" hai2="93,88,54,92,52,103,21,110,23,34,116,71,1" hai3="105,131,129,56,74,2,40,55,36,114,11,60,61"/><T87/><D130/><N who="3" m="49673" /><G105/><T33/><D33/><U132/><E3/><V72/><F1/><W119/><G74/><T100/><D111/><U17/><E46/><V121/><F34/><W18/><G119/><T113/><D113/><U118/><E118/><V127/><F71/><W107/><G107/><T91/><D43/><U90/><E76/><V94/><F72/><W73/><G73/><T66/><D41/><U51/><E51/><V77/><F77/><W30/><G30/><T99/><D99/><U44/><E44/><V39/><F39/><W75/><G75/><T5/><D5/><U123/><E132/><V35/><F35/><W31/><G31/><T26/><D26/><U19/><E12/><V65/><F103/><W62/><G114/><T115/><D115/><U69/><E123/><V109/><F121/><W83/><G2/><T134/><D134/><U80/><REACH who="1" step="1"/><E108/><REACH who="1" ten="250,240,250,250" step="2"/><V84/><F116/><W89/><G36/><T117/><D117/><U8/><E8/><V135/><F135/><W98/><G40/><T7/><D15/><U59/><E59/><V28/><F110/><W25/><G11/><T81/><D50/><U32/><E32/><V128/><F109/><W10/><G10/><T42/><D42/><U57/><E57/><V67/><F128/><W14/><G14/><T49/><D49/><U37/><E37/><V13/><F13/><W78/><G78/><T68/><D58/><U102/><E102/><V6/><F6/><W79/><G79/><T70/><D7/><U112/><E112/><V45/><F45/><W9/><G9/><T38/><D38/><RYUUKYOKU ba="0,1" sc="250,-10,240,30,250,-10,250,-10" hai1="16,17,19,63,64,69,80,85,90,96,97,124,125" /><INIT seed="1,1,1,0,4,53" ten="240,270,240,240" oya="1" hai0="84,32,99,30,49,100,98,83,40,116,60,113,134" hai1="69,10,68,65,17,54,79,8,67,0,37,71,73" hai2="70,25,6,13,120,23,43,112,96,20,92,52,4" hai3="124,57,19,72,59,94,107,122,9,78,45,90,127"/><U3/><E37/><V88/><F120/><W7/><G107/><T36/><D116/><U1/><E54/><V131/><F70/><W29/><G122/><T11/><D113/><U22/><E79/><V85/><F131/><W101/><G101/><T87/><D36/><U102/><E102/><V39/><F112/><W91/><G29/><T93/><D134/><U47/><E47/><V123/><F123/><W18/><G45/><T105/><D30/><U51/><E51/><V80/><F43/><W125/><G78/><T31/><D31/><U77/><E77/><N who="2" m="46223" /><F39/><W132/><G72/><T46/><D32/><U12/><REACH who="1" step="1"/><E73/><REACH who="1" ten="240,260,240,240" step="2"/><V58/><F25/><W75/><G75/><T81/><D46/><U16/><E16/><N who="3" m="6186" /><G132/><T109/><D49/><U64/><AGARI ba="1,2" hai="0,1,3,8,10,12,17,22,64,65,67,68,69,71" machi="64" ten="50,12000,1" yaku="1,1,0,1,29,2,53,0" doraHai="53" doraHaiUra="103" who="1" fromWho="1" sc="240,-41,260,143,240,-41,240,-41" /><INIT seed="1,2,0,3,1,124" ten="199,403,199,199" oya="1" hai0="8,121,118,100,92,39,20,134,69,23,126,110,107" hai1="51,13,9,91,66,25,76,131,45,26,32,21,18" hai2="63,85,50,46,47,70,40,61,60,99,4,17,10" hai3="125,0,89,53,71,129,19,12,112,44,122,56,128"/><U35/><E76/><V30/><F30/><W73/><G71/><T106/><D92/><U103/><E103/><V132/><F132/><W108/><G73/><T113/><D100/><U102/><E66/><V79/><F70/><W37/><G0/><T116/><D8/><U55/><E102/><V15/><F99/><W111/><G122/><T75/><D20/><U72/><E72/><V133/><F133/><W16/><G112/><T24/><D23/><U96/><E26/><V57/><F47/><W1/><G1/><T49/><D24/><U54/><E54/><V77/><F17/><N who="3" m="6731" /><G12/><T80/><D49/><U43/><E43/><V115/><F115/><W68/><G89/><T83/><D83/><U114/><E114/><V65/><F77/><W81/><G81/><AGARI ba="2,0" hai="4,10,15,40,46,50,57,60,61,63,65,79,81,85" machi="81" ten="40,5200,0" yaku="25,2,8,1" doraHai="124" who="2" fromWho="3" sc="199,0,403,0,199,58,199,-58" /><INIT seed="2,0,0,0,2,89" ten="199,403,257,141" oya="2" hai0="24,52,18,48,133,16,68,125,57,130,95,23,99" hai1="46,25,70,116,83,36,81,72,58,17,73,60,30" hai2="10,14,115,35,131,100,22,8,40,27,102,69,121" hai3="71,97,91,98,26,129,28,9,113,32,79,119,34"/><V54/><F69/><W93/><G71/><T64/><D133/><U3/><E70/><V65/><F35/><W5/><G119/><T78/><D130/><U51/><E36/><V66/><F121/><W50/><G129/><T38/><D125/><U63/><E3/><V134/><F115/><W120/><G120/><T19/><D38/><U87/><E17/><V94/><F40/><W96/><G113/><T77/><D68/><U107/><E107/><V41/><F41/><W44/><G79/><N who="0" m="30219" /><D64/><N who="2" m="24682" /><F134/><W85/><G34/><T4/><D4/><U13/><E73/><V76/><F76/><W135/><G135/><T112/><D112/><U7/><E72/><V128/><F128/><W62/><G62/><T90/><AGARI ba="0,0" hai="16,18,19,23,24,48,52,57,90,95,99" m="30219" machi="90" ten="30,7900,0" yaku="8,1,52,1,54,2" doraHai="89" who="0" fromWho="0" sc="199,79,403,-20,257,-39,141,-20" /><INIT seed="3,0,0,3,5,100" ten="278,383,218,121" oya="3" hai0="106,114,3,15,25,19,128,111,68,132,9,112,30" hai1="120,103,107,12,0,22,37,49,81,129,134,104,83" hai2="84,94,123,125,74,71,79,130,35,17,105,51,5" hai3="97,23,119,88,121,118,53,14,34,57,8,131,11"/><W55/><G121/><T89/><D68/><U62/><E37/><V21/><F17/><W32/><G34/><T77/><D77/><U10/><E0/><V7/><F21/><W59/><G32/><T63/><D111/><U52/><E120/><V116/><F51/><W113/><G113/><N who="0" m="43627" /><D63/><U80/><E134/><V61/><F7/><W135/><G135/><T86/><D132/><U73/><E73/><V18/><F5/><W43/><G43/><T33/><D128/><U46/><E103/><V117/><F18/><W91/><G131/><T90/><D3/><U110/><E110/><V4/><F61/><W28/><G28/><T27/><D27/><U127/><E127/><V44/><F4/><W24/><G24/><T48/><D106/><U101/><E101/><V45/><F105/><W39/><G97/><T20/><D48/><U40/><E22/><V38/><F35/><W122/><G122/><T6/><D86/><U124/><E124/><V85/><F125/><W60/><G39/><T102/><D102/><U42/><E129/><V36/><F130/><W70/><G60/><T66/><D66/><U126/><E126/><V98/><F36/><W65/><G65/><T67/><D67/><U2/><E2/><V13/><F38/><W72/><G72/><T64/><D64/><U47/><E62/><V92/><F123/><W96/><G96/><T78/><D33/><U82/><N who="1" m="20480" /><DORA hai="16" /><U75/><E75/><V29/><F74/><W50/><G70/><T99/><D78/><U58/><E104/><V109/><F71/><W108/><G108/><T1/><D99/><RYUUKYOKU ba="0,0" sc="278,30,383,-10,218,-10,121,-10" hai0="1,6,9,15,19,20,25,30,89,90" /><INIT seed="4,1,0,5,1,112" ten="308,373,208,111" oya="0" hai0="99,110,93,109,131,85,52,17,40,120,68,50,80" hai1="116,55,29,30,134,63,82,2,71,34,43,105,27" hai2="38,11,130,62,106,9,97,3,7,48,78,88,74" hai3="42,61,96,125,95,44,24,13,6,100,47,86,92"/><T56/><D120/><U16/><E2/><V67/><F130/><W15/><G125/><T84/><D131/><U89/><E30/><V1/><F38/><W32/><G61/><T117/><D68/><U102/><E43/><V115/><F115/><W59/><G59/><T41/><D117/><U121/><E134/><V114/><F114/><W118/><G118/><T53/><D53/><U107/><E102/><V31/><F31/><W19/><G47/><T64/><D64/><U45/><E121/><V111/><F48/><W83/><G92/><T4/><D4/><U72/><E72/><V5/><F111/><N who="0" m="42506" /><D17/><U0/><E16/><V66/><F66/><W124/><G124/><T54/><D54/><U37/><E55/><V57/><F106/><W8/><G32/><T20/><D20/><U133/><E107/><V77/><F74/><W90/><G24/><T69/><D69/><U39/><E27/><V91/><F97/><W113/><G113/><T103/><D85/><U122/><E122/><V70/><F70/><W51/><REACH who="3" step="1"/><G19/><REACH who="3" ten="308,373,208,101" step="2"/><T76/><AGARI ba="1,1" hai="40,41,50,52,56,76,80,84,93,99,103" m="42506" machi="76" ten="30,3000,0" yaku="10,1,54,1" doraHai="112" who="0" fromWho="0" sc="308,43,373,-11,208,-11,101,-11" /><INIT seed="4,2,0,4,5,99" ten="351,362,197,90" oya="0" hai0="113,58,7,6,64,34,126,20,25,11,109,24,129" hai1="121,88,72,117,83,67,38,14,70,114,13,15,116" hai2="42,111,87,41,65,54,86,71,44,33,0,62,18" hai3="127,94,106,52,120,59,95,61,130,89,119,63,104"/><T81/><D113/><U29/><E38/><V100/><F0/><W60/><G119/><T84/><D129/><U2/><E2/><V122/><F33/><W26/><G130/><T92/><D126/><U102/><E121/><V128/><F122/><W101/><G127/><T93/><D109/><U75/><E114/><V74/><F74/><W12/><G120/><T31/><D64/><U30/><E102/><V69/><F128/><W28/><G12/><T48/><D58/><U79/><E72/><V16/><F111/><W51/><G101/><T78/><D48/><U123/><E123/><V96/><F71/><W9/><G9/><T53/><D53/><U85/><E67/><V39/><F42/><W73/><G73/><T50/><D50/><U124/><E70/><V107/><F54/><W17/><G17/><T82/><D82/><U21/><E124/><V49/><F49/><W3/><G3/><T23/><D34/><U35/><E35/><V98/><F98/><W118/><G118/><T68/><D68/><U27/><REACH who="1" step="1"/><E30/><REACH who="1" ten="351,352,197,90" step="2"/><V133/><F133/><W105/><G106/><T56/><D31/><U112/><E112/><V66/><F66/><W134/><G104/><T57/><D11/><U45/><E45/><V36/><F39/><W22/><G134/><T10/><D10/><U32/><E32/><V43/><F44/><W132/><G132/><T37/><D37/><U8/><E8/><V4/><F36/><W80/><G105/><T97/><D57/><U46/><E46/><V40/><F4/><N who="0" m="1578" /><D56/><U125/><E125/><V131/><F131/><W55/><G55/><RYUUKYOKU ba="2,1" sc="351,-30,352,10,197,10,90,10" hai1="13,14,15,21,27,29,75,79,83,85,88,116,117" hai2="16,18,40,41,43,62,65,69,86,87,96,100,107" hai3="22,26,28,51,52,59,60,61,63,80,89,94,95" /><INIT seed="5,3,1,4,2,67" ten="321,362,207,100" oya="1" hai0="34,103,125,117,44,30,93,89,74,82,115,130,80" hai1="102,86,59,39,15,88,134,95,24,60,121,101,94" hai2="29,132,7,23,57,6,54,32,2,3,26,73,77" hai3="68,58,51,11,127,85,109,90,79,111,42,41,104"/><U25/><E39/><V10/><F77/><W92/><G68/><T45/><D117/><U48/><E134/><V22/><F73/><W50/><G104/><T16/><D130/><U114/><E114/><V46/><F46/><W113/><G113/><T124/><D115/><U62/><E121/><V56/><F56/><W123/><G123/><T33/><D103/><N who="1" m="39435" /><E95/><V13/><F54/><W0/><G79/><T8/><D74/><U99/><E86/><V40/><F57/><W14/><G0/><N who="2" m="41" /><F40/><W9/><G127/><T20/><D8/><U55/><E15/><N who="2" m="5599" /><F132/><W78/><G78/><T75/><D75/><U72/><E72/><V112/><F112/><W31/><G109/><T81/><D30/><U110/><E110/><V52/><F52/><N who="3" m="32023" /><G31/><T1/><D1/><U100/><E100/><V5/><F32/><W35/><G35/><T36/><D33/><U119/><E119/><V17/><AGARI ba="3,1" hai="5,6,13,17,22,23,26,29" m="5599,41" machi="17" ten="30,8000,1" yaku="35,5" doraHai="67" who="2" fromWho="2" sc="321,-23,362,-43,207,99,100,-23" /><INIT seed="6,0,0,1,0,116" ten="298,319,306,77" oya="2" hai0="7,86,54,110,99,0,114,20,34,29,113,88,26" hai1="61,85,27,127,115,76,103,106,75,50,49,130,66" hai2="11,14,51,2,70,59,31,109,9,118,67,28,24" hai3="10,40,6,55,128,73,3,107,105,87,131,68,45"/><V48/><F118/><W56/><G73/><T18/><D110/><U33/><E75/><V93/><F109/><W125/><G68/><T100/><D54/><U72/><E72/><V44/><F70/><W121/><G87/><T30/><D0/><U21/><E115/><N who="0" m="44041" /><D7/><U65/><E65/><V135/><F135/><W123/><G125/><T101/><D99/><U120/><E130/><N who="3" m="49706" /><G55/><T38/><D38/><U52/><E33/><V108/><F108/><W32/><G56/><T124/><D124/><U81/><E52/><N who="2" m="32159" /><F67/><W42/><G40/><T129/><D129/><U23/><E66/><V64/><F2/><W58/><G58/><T134/><D134/><U41/><E41/><V53/><F64/><W19/><G19/><T43/><D43/><U98/><E127/><V60/><F60/><W89/><G89/><T102/><D34/><U79/><E61/><V77/><F77/><W1/><G1/><T80/><AGARI ba="0,0" hai="18,20,26,29,30,80,86,88,100,101,102" m="44041" machi="80" ten="30,2000,0" yaku="15,1,54,1" doraHai="116" who="0" fromWho="0" sc="298,20,319,-5,306,-10,77,-5" /><INIT seed="7,0,0,1,3,78" ten="318,314,296,72" oya="3" hai0="81,48,49,55,29,119,83,65,91,30,20,69,134" hai1="58,122,22,14,89,117,84,42,3,63,31,36,25" hai2="120,7,1,4,88,82,40,87,75,99,96,102,34" hai3="68,9,24,130,5,38,76,80,2,123,124,128,59"/><W118/><G68/><T56/><D119/><U19/><E3/><V61/><F34/><W12/><G118/><T101/><D134/><U132/><E122/><V115/><F120/><W94/><G123/><T27/><D101/><U60/><E132/><V111/><F111/><W41/><G124/><T32/><D32/><U106/><E106/><V53/><F75/><N who="3" m="43039" /><G12/><T104/><D104/><U45/><E58/><N who="2" m="35023" /><F1/><W135/><G135/><T113/><D113/><U121/><E121/><V28/><F115/><W72/><G72/><T18/><D91/><U108/><E108/><V10/><F10/><W112/><G112/><T0/><D0/><U127/><E127/><V67/><F40/><W129/><G59/><N who="0" m="33255" /><D69/><U6/><E6/><N who="2" m="2091" /><F67/><W13/><G13/><T90/><D90/><U71/><E71/><V16/><F28/><N who="0" m="10858" /><D49/><U15/><E15/><V23/><F102/><W105/><G24/><AGARI ba="0,0" hai="16,23,24,82,87,88,96,99" m="2091,35023" machi="24" ten="30,7700,0" yaku="8,1,52,1,54,2" doraHai="78" who="2" fromWho="3" sc="318,0,314,0,296,77,72,-77" owari="318,12.0,314,-9.0,373,48.0,-5,-51.0" /></mjloggm>