<mjloggm ver="2.3"><GO type="97" lobby="0"/><UN n0="%E3%82%A6%E3%83%AB%E3%83%88%E3%83%A9%E7%AB%8B%E7%9B%B4" n1="%E3%81%84%E3%81%84%E3%83%84%E3%83%A2%E6%9D%A5%E3%81%84" n2="%E3%83%90%E3%83%88%E3%83%AB%E3%83%92%E3%83%BC%E3%83%AD%E3%83%BC" n3="%E3%81%94%E3%81%BF%E7%AE%B1%51%55%45%45%4E" dan="15,14,14,13" rate="2029.76,1883.01,2009.56,1856.17" sx="M,M,M,F"/><TAIKYOKU oya="0"/><INIT seed="0,0,0,1,1,27" ten="250,250,250,250" oya="0" hai0="50,86,31,8,6,40,79,3,93,109,38,82,91" hai1="36,110,34,99,41,17,48,101,45,42,112,1,35" hai2="90,28,25,129,134,68,4,121,76,120,5,130,21" hai3="30,23,47,97,46,61,18,80,87,64,81,128,12"/><T127/><D127/><U32/><E1/><V94/><F68/><W98/><G128/><N who="2" m="49257" /><F76/><W58/><G81/><T124/><D124/><U104/><E112/><V105/><F105/><W9/><G47/><T10/><D109/><U14/><E110/><V54/><F54/><W0/><G46/><T56/><D10/><U89/><E89/><V11/><F134/><W59/><G59/><T116/><D116/><U111/><E111/><V26/><F94/><W113/><G113/><T24/><D56/><U70/><E70/><V108/><F90/><N who="3" m="51559" /><G0/><T125/><D50/><U52/><REACH who="1" step="1"/><E36/><REACH who="1" ten="250,240,250,250" step="2"/><V133/><F108/><W22/><G9/><AGARI ba="0,1" hai="9,14,17,32,34,35,41,42,45,48,52,99,101,104" machi="9" ten="40,8000,1" yaku="1,1,2,1,54,1,53,1" doraHai="27" doraHaiUra="15" who="1" fromWho="3" sc="250,0,240,90,250,0,250,-80" /><INIT seed="1,0,0,4,5,112" ten="250,330,250,170" oya="1" hai0="59,116,97,113,22,83,56,106,33,6,12,72,23" hai1="121,52,105,64,70,62,63,98,53,31,37,30,111" hai2="124,89,15,133,75,130,28,78,87,92,109,79,39" hai3="125,93,34,43,58,29,25,84,120,86,126,40,7"/><U16/><E121/><V95/><F133/><W51/><G120/><T57/><D33/><U11/><E37/><V24/><F39/><W35/><G7/><T68/><D68/><U26/><E111/><V17/><F130/><W119/><G35/><T3/><D3/><U21/><E63/><V88/><F124/><N who="3" m="47723" /><G58/><T127/><D127/><U32/><E31/><V67/><F109/><W115/><G115/><T5/><D12/><U101/><E11/><V46/><F46/><N who="3" m="26055" /><G43/><T81/><D72/><U61/><E62/><V13/><F75/><W76/><G76/><N who="2" m="29225" /><F67/><W77/><G77/><T36/><D36/><U123/><E123/><V69/><F69/><W9/><G9/><T103/><D113/><U48/><E48/><V2/><F2/><W102/><G102/><T108/><D108/><U49/><E49/><V27/><F28/><W38/><G38/><T85/><D5/><U20/><E20/><N who="2" m="11311" /><F15/><AGARI ba="0,0" hai="15,16,21,26,30,32,52,53,61,64,70,98,101,105" machi="15" ten="30,12000,1" yaku="7,1,25,2,54,2" doraHai="112" who="1" fromWho="2" sc="250,0,330,120,250,-120,170,0" /><INIT seed="1,1,0,1,2,123" ten="250,450,130,170" oya="1" hai0="130,72,5,97,44,67,33,27,80,54,86,120,19" hai1="56,85,92,88,94,2,43,106,131,50,113,107,114" hai2="108,68,100,12,109,122,45,115,105,128,71,28,15" hai3="73,93,40,69,38,87,79,3,46,23,82,102,98"/><U66/><E2/><V35/><F45/><W18/><G69/><N who="2" m="26697" /><F122/><W52/><G3/><T81/><D67/><U22/><E22/><V65/><F65/><W61/><G73/><T48/><D5/><U118/><E118/><V70/><N who="2" m="26705" /><V89/><DORA hai="31" /><F89/><W126/><G126/><T129/><D120/><U26/><E26/><N who="2" m="18839" /><F115/><W49/><G61/><T133/><D97/><U96/><E131/><V55/><F55/><W116/><G116/><T13/><D72/><U29/><E29/><V51/><F51/><W0/><G0/><T64/><D64/><U41/><E66/><V34/><F128/><W8/><G8/><T117/><D81/><U4/><E4/><V125/><F125/><W9/><G9/><T121/><D117/><U16/><E16/><V10/><F10/><W24/><REACH who="3" step="1"/><G38/><REACH who="3" ten="250,450,130,160" step="2"/><T83/><D129/><U1/><E1/><V75/><F75/><W6/><G6/><T95/><D130/><U39/><E39/><V135/><F135/><W30/><G30/><T132/><D121/><U119/><E119/><V21/><F21/><W42/><AGARI ba="1,1" hai="18,23,24,40,42,46,49,52,79,82,87,93,98,102" machi="42" ten="30,7900,0" yaku="1,1,0,1,8,1,54,1,53,0" doraHai="123,31" doraHaiUra="112,111" who="3" fromWho="3" sc="250,-21,450,-40,130,-21,160,92" /><INIT seed="2,0,0,4,4,44" ten="229,410,109,252" oya="2" hai0="1,47,68,60,10,14,133,99,97,69,18,50,66" hai1="64,89,86,6,129,27,24,49,132,80,54,4,67" hai2="12,76,53,26,65,29,83,35,52,119,15,100,34" hai3="114,81,101,78,126,90,48,7,95,39,22,28,127"/><V33/><F119/><W91/><G114/><T123/><D123/><U20/><E132/><V40/><F40/><W59/><G39/><T106/><D133/><U79/><E129/><V115/><F115/><W130/><G130/><T63/><D1/><U9/><E79/><V74/><F100/><W88/><G7/><N who="1" m="2602" /><E9/><V55/><REACH who="2" step="1"/><F65/><REACH who="2" ten="229,410,99,252" step="2"/><W103/><G127/><T125/><D125/><U110/><E67/><V37/><F37/><W38/><G38/><T107/><D107/><U75/><E64/><V85/><F85/><N who="3" m="48311" /><G126/><T98/><D106/><U36/><E86/><V113/><F113/><W94/><G103/><T84/><D68/><U11/><E36/><V93/><F93/><W46/><G101/><T120/><D69/><U135/><E75/><V72/><F72/><W87/><G95/><T41/><D66/><U61/><E135/><V21/><AGARI ba="0,1" hai="12,15,21,26,29,33,34,35,52,53,55,74,76,83" machi="21" ten="40,7800,0" yaku="1,1,0,1,54,1,53,0" doraHai="44" doraHaiUra="62" who="2" fromWho="2" sc="229,-26,410,-26,99,88,252,-26" /><INIT seed="2,1,0,0,2,30" ten="203,384,187,226" oya="2" hai0="101,5,113,66,100,94,117,121,58,35,119,82,44" hai1="109,23,29,26,61,128,46,22,28,57,34,52,54" hai2="115,110,104,9,120,73,86,39,116,69,55,4,132" hai3="83,112,123,85,63,45,78,114,71,124,126,2,18"/><V89/><RYUUKYOKU type="yao9" ba="1,0" sc="203,0,384,0,187,0,226,0" hai2="4,9,39,55,69,73,86,89,104,110,115,116,120,132" /><INIT seed="2,2,0,2,4,106" ten="203,384,187,226" oya="2" hai0="42,5,23,8,28,31,115,119,60,88,50,14,54" hai1="2,98,94,127,62,17,118,3,84,97,66,86,132" hai2="29,89,7,20,65,51,73,44,107,61,59,90,57" hai3="15,100,55,1,34,92,43,113,68,46,99,11,58"/><V6/><F107/><W93/><G113/><T129/><D115/><U69/><E118/><V40/><F73/><W91/><G68/><T9/><D129/><U21/><E127/><V53/><F29/><W87/><G1/><T75/><D119/><U111/><E111/><V24/><F24/><W13/><G34/><T76/><D42/><U4/><E132/><V67/><F20/><W48/><REACH who="3" step="1"/><G11/><REACH who="3" ten="203,384,187,216" step="2"/><T63/><D9/><U38/><E2/><V27/><F27/><W22/><G22/><T78/><D23/><U82/><E21/><V18/><F18/><W130/><G130/><T125/><D31/><U81/><E3/><V135/><F135/><W105/><G105/><T109/><D28/><U102/><E69/><V12/><F65/><W96/><G96/><T128/><D128/><U122/><E66/><V117/><F117/><W37/><AGARI ba="2,1" hai="13,15,37,43,46,48,55,58,87,91,92,93,99,100" machi="37" ten="20,2700,0" yaku="1,1,0,1,7,1,53,0" doraHai="106" doraHaiUra="77" who="3" fromWho="3" sc="203,-9,384,-9,187,-15,216,43" /><INIT seed="3,0,0,3,3,120" ten="194,375,172,259" oya="3" hai0="81,69,113,57,68,104,88,18,41,25,30,89,97" hai1="105,22,40,90,91,29,33,3,1,70,102,71,116" hai2="72,52,8,127,84,24,128,16,48,121,76,14,28" hai3="38,39,117,125,53,11,92,63,62,93,35,54,74"/><W61/><G117/><T56/><D113/><U36/><E22/><N who="2" m="15383" /><F72/><W95/><G35/><T23/><D69/><N who="1" m="26123" /><E91/><N who="0" m="34889" /><D68/><U20/><E20/><V77/><F121/><W4/><G74/><T50/><D104/><U73/><E90/><V115/><F115/><W9/><G125/><T83/><D97/><N who="1" m="61647" /><E73/><V132/><F132/><W96/><G96/><T112/><D112/><U44/><E116/><V47/><F128/><W126/><G126/><T130/><D130/><U7/><E7/><V111/><F111/><W123/><G123/><T21/><D41/><U118/><E118/><V129/><F129/><W131/><G131/><T119/><D119/><U100/><E100/><V65/><F127/><W103/><G103/><T108/><D108/><U99/><E99/><V6/><F65/><W94/><N who="3" m="24064" /><DORA hai="87" /><W0/><REACH who="3" step="1"/><G11/><REACH who="3" ten="194,375,172,249" step="2"/><T60/><D23/><U43/><E33/><V64/><F64/><W110/><G110/><T80/><D30/><U79/><E36/><AGARI ba="0,1" hai="0,4,9,36,38,39,53,54,61,62,63" m="24064" machi="36" ten="60,2900,0" yaku="1,1,53,0" doraHai="120,87" doraHaiUra="26,98" who="3" fromWho="1" sc="194,0,375,-29,172,0,249,39" /><INIT seed="3,1,0,2,5,33" ten="194,346,172,288" oya="3" hai0="49,41,61,116,48,32,82,110,89,87,81,47,115" hai1="100,91,69,118,22,111,97,85,77,17,71,92,29" hai2="13,56,127,5,34,121,39,120,37,119,11,43,36" hai3="108,76,103,132,86,26,104,44,42,105,38,30,88"/><W25/><G132/><T73/><D32/><U23/><E111/><V18/><F34/><W54/><G108/><T53/><D116/><U102/><E118/><V112/><F119/><W46/><G76/><T95/><D110/><U78/><E71/><V75/><F75/><W0/><G0/><T99/><D115/><U40/><E69/><V131/><F112/><W67/><G67/><T130/><D130/><U96/><E40/><V126/><F43/><W123/><G123/><N who="2" m="47177" /><F56/><W35/><G103/><N who="1" m="39466" /><E29/><V28/><F28/><W129/><G129/><T15/><D73/><U7/><E7/><V59/><F59/><W21/><G54/><T125/><D125/><N who="2" m="47626" /><F131/><W1/><G46/><N who="0" m="27799" /><D61/><U117/><E117/><V107/><F107/><W14/><G14/><T83/><D15/><N who="1" m="9535" /><E23/><V19/><AGARI ba="1,0" hai="5,11,13,18,19,36,37,39" m="47626,47177" machi="19" ten="40,2700,0" yaku="13,1,18,1" doraHai="33" who="2" fromWho="2" sc="194,-8,346,-8,172,30,288,-14" owari="186,-31.0,338,44.0,202,-20.0,274,7.0" /></mjloggm>