<mjloggm ver="2.3"><GO type="169" lobby="0"/><UN n0="%61%74%79%61%6E" n1="%70%67%61%69%6E" n2="%E3%82%A6%E3%83%AB%E3%83%88%E3%83%A9%E7%AB%8B%E7%9B%B4" n3="%E8%BF%91%E3%82%AA%E3%83%AA%E5%85%9A" dan="18,16,17,16" rate="2234.53,2088.63,2114.00,2136.00" sx="M,M,M,M"/><TAIKYOKU oya="0"/><INIT seed="0,0,0,4,4,30" ten="250,250,250,250" oya="0" hai0="19,56,15,1,33,48,80,93,107,59,69,14,45" hai1="108,28,127,122,125,51,31,42,95,101,130,106,83" hai2="8,112,52,54,71,20,2,62,66,17,94,102,18" hai3="44,75,16,22,91,60,76,55,50,92,38,128,40"/><T32/><D107/><U9/><E108/><V64/><F112/><W5/><G128/><T41/><D1/><U123/><E106/><V87/><F66/><W74/><G76/><T39/><D69/><U86/><E130/><V133/><F133/><W135/><G5/><T131/><D131/><U23/><E9/><V98/><F87/><W113/><G135/><T84/><D93/><U96/><E42/><V53/><REACH who="2" step="1"/><F20/><REACH who="2" ten="250,250,240,250" step="2"/><W132/><G132/><T25/><D84/><U109/><E23/><V58/><F58/><W37/><G113/><T7/><D56/><U78/><E109/><V82/><F82/><W104/><G75/><T43/><D80/><U85/><E85/><V81/><F81/><W3/><G74/><T0/><D59/><U100/><E123/><V105/><F105/><W73/><G104/><T124/><D33/><U119/><E122/><V70/><F70/><W67/><G73/><T129/><D32/><U27/><E86/><V121/><F121/><W49/><G67/><T134/><D134/><U11/><E83/><V117/><F117/><W63/><G92/><T4/><D129/><U65/><E119/><V72/><F72/><W12/><G22/><T114/><D114/><U36/><E65/><V111/><F111/><W61/><G91/><T89/><D89/><U88/><E88/><V68/><F68/><W57/><G57/><T120/><D120/><U118/><E95/><V34/><F34/><W35/><G35/><T90/><D90/><U103/><E118/><V110/><F110/><W24/><G44/><T97/><D45/><U47/><E47/><RYUUKYOKU ba="0,1" sc="250,-10,250,-10,240,30,250,-10" hai2="2,8,17,18,52,53,54,62,64,71,94,98,102" /><INIT seed="1,1,1,3,2,104" ten="240,240,270,240" oya="1" hai0="20,96,22,124,12,43,83,32,105,79,63,65,31" hai1="58,21,30,77,23,92,119,9,3,2,39,66,51" hai2="75,34,40,115,88,49,42,112,90,123,122,117,24" hai3="14,68,4,102,73,55,114,134,87,111,64,1,99"/><U135/><E119/><V48/><F24/><W86/><G114/><N who="2" m="43561" /><F34/><W127/><G1/><T72/><D124/><U81/><E135/><V126/><F126/><W46/><G127/><T28/><D43/><N who="2" m="16426" /><F75/><W0/><G134/><T60/><D60/><U130/><E39/><V69/><F69/><W33/><G0/><T44/><D44/><U133/><E133/><V93/><F93/><W17/><G33/><T53/><D53/><U71/><E92/><V108/><F108/><W45/><G111/><T76/><D32/><U107/><E107/><V109/><F109/><W116/><G73/><T80/><D31/><U128/><E71/><V38/><F38/><W8/><G68/><T100/><D28/><U26/><E3/><V54/><F117/><W70/><G70/><T131/><D12/><U6/><E23/><V52/><F52/><W82/><G55/><T125/><D125/><U27/><E27/><V7/><F7/><W56/><G4/><T25/><D25/><U19/><E30/><V13/><F13/><W10/><G116/><T110/><D110/><U62/><REACH who="1" step="1"/><E51/><REACH who="1" ten="240,230,270,240" step="2"/><V5/><F49/><W78/><G14/><T11/><D20/><U106/><E106/><V85/><F48/><W18/><G10/><T91/><D22/><U16/><E16/><V29/><F29/><W120/><G18/><T101/><D11/><U129/><E129/><V67/><F123/><W50/><G120/><T74/><D131/><U103/><E103/><V121/><F121/><W84/><G17/><T95/><D105/><U35/><E35/><V36/><F122/><W97/><G8/><RYUUKYOKU ba="1,2" sc="240,15,230,15,270,-15,240,-15" hai0="63,65,72,74,76,79,80,83,91,95,96,100,101" hai1="2,6,9,19,21,26,58,62,66,77,81,128,130" /><INIT seed="1,2,2,4,5,5" ten="255,245,255,225" oya="1" hai0="28,93,56,42,106,60,13,75,119,78,86,20,52" hai1="74,46,0,63,95,23,121,82,44,64,128,81,114" hai2="72,16,36,11,83,27,122,76,65,10,51,84,108" hai3="133,2,58,17,71,129,40,48,18,109,85,96,134"/><U30/><E114/><V6/><F36/><W34/><G71/><T125/><D106/><U103/><E121/><V89/><F122/><W35/><G129/><T26/><D119/><U115/><E115/><V73/><F108/><W79/><G96/><T43/><D125/><U88/><E128/><V3/><F65/><W12/><G17/><T49/><D75/><U7/><E103/><V97/><F51/><W53/><G2/><T101/><D101/><U25/><E0/><V118/><F118/><W105/><G40/><N who="0" m="15403" /><D13/><U92/><E7/><V120/><F120/><W67/><G67/><T107/><D107/><U87/><E95/><V99/><F73/><W50/><G50/><T29/><D60/><U15/><E15/><V117/><F117/><W41/><G41/><T8/><D8/><U31/><E31/><V112/><F112/><W123/><G105/><T61/><D61/><U94/><E94/><V39/><F39/><W59/><G123/><T45/><D56/><N who="1" m="36967" /><E74/><V21/><REACH who="2" step="1"/><F11/><REACH who="2" ten="255,245,245,225" step="2"/><W70/><G109/><T33/><D49/><U91/><E82/><AGARI ba="2,3" hai="3,6,10,16,21,27,72,76,82,83,84,89,97,99" machi="82" ten="30,8000,1" yaku="1,1,2,1,7,1,52,1,54,1,53,0" doraHai="5" doraHaiUra="116" who="2" fromWho="1" sc="255,0,245,-86,245,116,225,0" /><INIT seed="2,0,0,2,5,43" ten="255,159,361,225" oya="2" hai0="42,80,74,94,41,98,106,27,51,1,45,110,28" hai1="50,59,135,92,20,121,38,47,119,113,14,24,78" hai2="101,73,58,76,91,70,12,40,90,118,34,71,48" hai3="10,7,108,11,81,132,22,33,49,123,46,55,130"/><V103/><F34/><W65/><G123/><T21/><D110/><U97/><E113/><V107/><F118/><W115/><G33/><T26/><D1/><U19/><E119/><V5/><F76/><W32/><G108/><T0/><D0/><U79/><E135/><V105/><F73/><W9/><G32/><T99/><D27/><U15/><E121/><V75/><F75/><W13/><G115/><T117/><D117/><U83/><E38/><V64/><F5/><W93/><G132/><T63/><D106/><U39/><E39/><V128/><F58/><W68/><G130/><T18/><D18/><U53/><E59/><V122/><F40/><W133/><G81/><T25/><D25/><U104/><E104/><V95/><F95/><W100/><G22/><T85/><D63/><U77/><REACH who="1" step="1"/><E83/><REACH who="1" ten="255,149,361,225" step="2"/><V16/><F107/><W109/><G133/><T127/><D80/><U96/><E96/><V62/><F105/><W72/><G109/><T134/><D134/><U89/><AGARI ba="0,1" hai="14,15,19,20,24,47,50,53,77,78,79,89,92,97" machi="89" ten="30,7900,0" yaku="1,1,0,1,8,1,52,1,53,0" doraHai="43" doraHaiUra="126" who="1" fromWho="1" sc="255,-20,149,89,361,-39,225,-20" /><INIT seed="3,0,0,4,0,39" ten="235,238,322,205" oya="3" hai0="128,63,83,47,103,116,5,37,51,40,101,68,135" hai1="1,117,43,96,61,111,17,125,45,81,87,119,29" hai2="64,104,122,6,85,55,113,56,2,20,48,60,102" hai3="105,82,132,59,107,133,8,93,26,18,76,78,65"/><W25/><G93/><T57/><D116/><N who="1" m="44619" /><E111/><V94/><F113/><W110/><G110/><T127/><D127/><U23/><E125/><V72/><F72/><W67/><G8/><T123/><D123/><U10/><E61/><V35/><F35/><W52/><G76/><T70/><D128/><U121/><E121/><V69/><F6/><W74/><G26/><T27/><D135/><N who="3" m="51785" /><G18/><T15/><D37/><N who="1" m="21743" /><E96/><V11/><F11/><W44/><G44/><T106/><D106/><N who="3" m="40457" /><G25/><T28/><D83/><U41/><E17/><V12/><F104/><W53/><G53/><T49/><D5/><U62/><E10/><V42/><F94/><W34/><G34/><T115/><D15/><U54/><E54/><V99/><F55/><W13/><G13/><T124/><D124/><U36/><E81/><V98/><F12/><W84/><G74/><T120/><D120/><U118/><E118/><V129/><F122/><W77/><G77/><T108/><D108/><U90/><E23/><V24/><F20/><W112/><G112/><T33/><D115/><U46/><E29/><V4/><F24/><W38/><G38/><T73/><D73/><U130/><E46/><V3/><F4/><W97/><G97/><T31/><D31/><U91/><E36/><V71/><F99/><W126/><G126/><T16/><D16/><U109/><E109/><V88/><F98/><W58/><G58/><T0/><D28/><U79/><E79/><V114/><F56/><W19/><G19/><T95/><D27/><U75/><E75/><V134/><F114/><W92/><G92/><T100/><D95/><RYUUKYOKU ba="0,0" sc="235,-10,238,-10,322,-10,205,30" hai3="52,59,65,67,78,82,84" /><INIT seed="3,1,0,1,5,110" ten="225,228,312,235" oya="3" hai0="73,11,48,7,81,9,55,121,80,74,47,115,8" hai1="101,122,23,129,89,98,10,105,116,54,133,17,77" hai2="84,37,0,65,29,72,62,127,4,95,103,123,43" hai3="63,85,67,86,94,61,21,39,111,35,88,107,51"/><W83/><G35/><T58/><D121/><U108/><E108/><V128/><F72/><W131/><G39/><T57/><D7/><U104/><E122/><V50/><F37/><W41/><G111/><T79/><REACH who="0" step="1"/><D115/><REACH who="0" ten="215,228,312,235" step="2"/><U97/><E116/><V66/><F4/><W92/><G131/><T40/><D40/><U49/><E129/><V32/><F43/><W117/><G117/><T1/><D1/><U45/><E133/><V82/><F0/><W42/><G107/><T75/><D75/><U96/><E105/><V2/><F2/><W19/><G42/><T87/><D87/><U70/><E104/><V64/><F84/><W16/><G19/><T22/><D22/><U125/><E23/><V36/><F123/><W106/><G106/><T71/><D71/><U91/><E70/><V132/><F132/><W38/><G38/><T27/><D27/><U59/><E17/><V52/><F36/><W135/><G135/><T100/><D100/><U109/><E101/><V33/><F103/><W15/><G67/><T5/><D5/><U34/><E109/><V76/><F66/><W134/><G134/><T99/><D99/><U56/><E98/><V30/><F65/><W26/><G26/><T119/><D119/><U124/><E97/><V126/><F64/><W13/><G13/><T3/><D3/><U18/><E96/><V28/><F128/><W68/><G68/><T14/><D14/><U46/><E18/><V12/><F12/><W31/><G31/><T69/><D69/><U60/><E34/><V53/><F32/><W78/><G94/><T112/><D112/><RYUUKYOKU ba="1,1" sc="215,15,228,-15,312,-15,235,15" hai0="8,9,11,47,48,55,57,58,73,74,79,80,81" hai3="15,16,21,41,51,61,63,78,83,85,86,88,92" /><INIT seed="3,2,1,1,2,99" ten="230,213,297,250" oya="3" hai0="23,64,68,52,129,46,42,111,29,55,122,101,70" hai1="128,81,74,134,102,32,105,7,62,69,28,45,54" hai2="123,56,35,0,16,4,57,39,63,9,37,6,73" hai3="67,80,112,110,86,1,118,50,91,116,31,12,92"/><W79/><G1/><T126/><D122/><U14/><E134/><V103/><F35/><W76/><G112/><T71/><D29/><U59/><E128/><V115/><F73/><W22/><G110/><T21/><D111/><U36/><E7/><V48/><F6/><W8/><G79/><T117/><D117/><U94/><E94/><V66/><F115/><W5/><G67/><T15/><D129/><U60/><E14/><V106/><F123/><W89/><G89/><T127/><D64/><N who="1" m="41111" /><E81/><V53/><REACH who="2" step="1"/><F16/><REACH who="2" ten="230,213,287,250" step="2"/><W13/><G50/><N who="0" m="26967" /><D23/><U90/><E74/><V87/><F87/><W132/><G132/><T88/><D21/><U104/><E32/><V19/><F19/><W77/><G118/><T65/><D15/><U100/><E28/><V108/><F108/><W98/><G116/><T135/><D135/><U78/><E36/><V20/><F20/><W97/><G13/><T38/><D38/><U40/><E60/><V24/><F24/><W96/><G77/><T10/><D10/><U58/><E78/><V93/><F93/><W25/><AGARI ba="2,2" hai="5,8,12,22,25,31,76,80,86,91,92,96,97,98" machi="25" ten="30,3000,0" yaku="0,1,8,1" doraHai="99" who="3" fromWho="3" sc="230,-12,213,-12,287,-12,250,56" /><INIT seed="3,3,0,5,5,79" ten="218,201,275,306" oya="3" hai0="108,100,91,134,121,15,84,72,14,90,112,48,113" hai1="126,129,36,76,83,55,20,123,115,103,32,87,77" hai2="135,25,89,27,10,101,128,58,9,5,30,6,119" hai3="118,67,31,109,81,65,132,74,125,4,102,17,62"/><W88/><G118/><T73/><D121/><U111/><E111/><V40/><F101/><W110/><G102/><T130/><D48/><U49/><E123/><V29/><F40/><W57/><G31/><T42/><D42/><U54/><E115/><N who="0" m="44105" /><D15/><U8/><E32/><V106/><F89/><N who="0" m="33802" /><D14/><U59/><E49/><V105/><F58/><W34/><G34/><T1/><D1/><U44/><E59/><V96/><F96/><W98/><G4/><T2/><D2/><U97/><E97/><V133/><REACH who="2" step="1"/><F119/><REACH who="2" ten="218,201,265,306" step="2"/><W41/><G41/><T28/><D100/><U16/><E103/><V3/><F3/><W60/><G98/><T52/><D52/><U114/><E55/><V92/><F92/><W18/><G125/><T82/><D108/><N who="3" m="41577" /><G132/><T56/><D134/><U124/><E124/><V47/><F47/><W24/><G24/><T85/><D56/><U53/><E44/><V94/><F94/><W7/><G57/><T71/><D71/><U37/><E114/><V35/><F35/><W107/><G107/><T46/><D46/><U0/><E126/><V68/><F68/><W33/><G33/><T95/><D95/><U93/><E93/><V86/><F86/><N who="3" m="50255" /><G74/><T45/><D73/><U61/><E87/><V51/><F51/><W127/><G127/><T75/><D84/><U117/><E117/><V38/><F38/><W21/><G67/><T26/><D75/><U80/><E37/><V22/><F22/><W64/><G64/><T69/><D26/><U50/><E36/><V43/><F43/><W63/><G65/><T78/><D69/><U19/><E50/><RYUUKYOKU ba="3,1" sc="218,-10,201,-10,265,30,306,-10" hai2="5,6,9,10,25,27,29,30,105,106,128,133,135" /><INIT seed="4,4,1,2,3,34" ten="208,191,295,296" oya="0" hai0="13,32,40,35,115,39,109,92,128,15,22,82,101" hai1="14,64,5,75,50,17,3,72,113,1,114,121,77" hai2="54,108,21,24,6,38,53,118,96,10,83,31,28" hai3="116,37,89,58,49,60,29,95,61,81,41,104,62"/><T52/><D115/><N who="1" m="44043" /><E121/><V11/><F38/><W129/><G104/><T117/><D117/><U84/><E64/><V67/><F108/><W12/><G116/><T26/><D109/><U45/><E5/><V98/><F67/><W7/><G129/><T131/><D40/><N who="1" m="24871" /><E84/><V125/><F118/><W94/><G37/><T130/><D39/><U18/><E18/><V78/><F125/><W8/><G29/><N who="0" m="17623" /><D52/><N who="2" m="20074" /><F31/><W56/><G81/><T80/><D80/><N who="1" m="45095" /><E75/><V122/><F122/><W2/><G12/><N who="0" m="4683" /><D82/><U42/><E42/><V69/><F69/><W111/><G111/><T76/><D76/><U4/><E4/><V103/><F6/><W126/><G126/><T112/><D112/><U55/><E55/><V120/><F120/><W0/><G7/><T30/><D30/><U36/><E36/><V90/><F78/><W102/><G8/><AGARI ba="4,1" hai="1,3,8,14,17" m="45095,24871,44043" machi="8" ten="30,7700,0" yaku="15,1,11,1,52,2" doraHai="34" who="1" fromWho="3" sc="208,0,191,99,295,0,296,-89" /><INIT seed="5,0,0,3,3,122" ten="208,290,295,207" oya="1" hai0="14,15,78,8,96,6,97,69,9,87,132,27,45" hai1="106,53,100,32,7,120,46,61,121,41,57,4,5" hai2="117,34,11,76,70,28,77,135,64,58,119,23,12" hai3="52,114,2,35,21,13,67,88,103,65,128,73,127"/><U74/><E74/><V17/><F70/><W84/><G73/><T99/><D69/><U108/><E32/><V130/><F76/><W124/><G35/><T54/><D132/><U94/><E106/><V19/><F64/><W85/><G2/><T31/><D45/><U81/><E81/><V24/><F58/><W40/><G114/><T112/><D112/><U33/><E33/><V36/><F77/><W79/><G40/><T26/><D31/><U62/><E62/><V18/><F36/><W63/><G103/><T90/><D54/><U110/><E94/><V51/><F51/><W50/><G128/><T3/><D78/><U129/><E100/><V42/><F42/><W72/><G72/><T102/><D102/><U125/><E125/><N who="3" m="48202" /><G84/><T82/><REACH who="0" step="1"/><D3/><REACH who="0" ten="198,290,295,207" step="2"/><U44/><E44/><V56/><F56/><N who="3" m="32791" /><G79/><T92/><D92/><U10/><E129/><V134/><F130/><W115/><G115/><T107/><D107/><U109/><E10/><V39/><F135/><W131/><G131/><T105/><D105/><U38/><AGARI ba="0,1" hai="4,5,7,38,41,46,53,57,61,108,109,110,120,121" machi="38" ten="40,12000,1" yaku="0,1,10,1,52,3" doraHai="122" who="1" fromWho="1" sc="198,-40,290,130,295,-40,207,-40" /><INIT seed="5,1,0,0,1,49" ten="158,420,255,167" oya="1" hai0="132,120,105,48,62,33,73,84,22,50,0,11,89" hai1="119,40,98,104,8,118,37,24,47,13,94,64,30" hai2="26,27,92,77,75,101,44,14,15,106,85,39,67" hai3="31,58,52,9,122,87,7,2,69,86,42,78,91"/><U19/><E104/><V54/><F106/><W36/><G69/><T45/><D33/><U71/><E64/><V43/><F75/><W96/><G122/><T117/><D73/><U51/><E37/><V6/><F67/><W115/><G115/><T125/><D117/><U23/><E71/><V114/><F15/><W65/><G65/><T55/><D125/><U127/><E127/><V76/><F76/><W53/><G31/><T102/><D132/><U95/><E95/><V4/><F4/><W32/><G32/><T72/><D72/><U57/><E57/><V126/><F126/><W25/><G25/><T17/><D120/><U121/><E121/><V109/><F109/><W63/><G78/><T80/><D11/><U128/><E128/><V123/><F26/><W90/><G96/><T112/><D0/><U93/><E93/><V129/><F27/><W56/><G42/><T134/><D112/><U16/><REACH who="1" step="1"/><E30/><REACH who="1" ten="158,410,255,167" step="2"/><V124/><F124/><W68/><G36/><T88/><D105/><U110/><E110/><V74/><F39/><W10/><G68/><T46/><D134/><U5/><E5/><V100/><F6/><W83/><G7/><T28/><D28/><U59/><E59/><V131/><F131/><W41/><G2/><T111/><D111/><U66/><E66/><V35/><F129/><W135/><G135/><T3/><D3/><U21/><E21/><V82/><F123/><W18/><G18/><T133/><D133/><U103/><AGARI ba="1,1" hai="8,13,16,19,23,24,40,47,51,94,98,103,118,119" machi="103" ten="20,7800,0" yaku="1,1,0,1,7,1,54,1,53,0" doraHai="49" doraHaiUra="108" who="1" fromWho="1" sc="158,-27,410,91,255,-27,167,-27" /><INIT seed="5,2,0,0,2,86" ten="131,501,228,140" oya="1" hai0="16,69,56,4,20,70,18,34,79,57,101,73,130" hai1="28,121,25,45,123,21,35,128,6,94,127,26,64" hai2="40,92,71,32,37,12,98,88,49,106,50,91,77" hai3="62,103,44,9,46,61,11,55,95,78,24,93,112"/><U51/><E64/><V13/><F32/><W100/><G24/><T133/><D34/><U82/><E82/><V119/><F106/><W27/><G27/><T116/><D4/><U10/><E51/><N who="2" m="19467" /><F37/><W38/><G38/><T67/><D67/><U108/><E45/><V113/><F71/><W134/><G55/><T42/><D101/><U54/><E54/><V7/><F119/><W63/><G78/><T75/><D20/><U81/><E81/><V30/><F30/><W84/><G84/><T85/><D85/><U53/><E53/><V115/><F77/><W83/><G83/><T87/><D87/><U17/><E94/><N who="3" m="35850" /><G134/><T105/><D79/><U102/><E108/><V114/><F40/><W72/><G72/><T2/><D133/><U43/><E43/><V15/><F7/><W120/><G112/><T8/><D42/><U0/><E28/><V118/><F118/><W109/><G120/><T5/><D116/><U14/><E123/><V135/><F135/><W33/><G33/><T29/><D29/><U65/><E121/><V132/><F132/><W58/><G58/><T36/><D36/><U19/><E35/><V76/><F76/><W99/><G109/><T52/><D52/><U117/><E65/><V122/><F122/><W131/><G131/><T80/><D130/><U3/><E128/><V59/><F59/><N who="0" m="22602" /><D80/><U31/><E117/><V39/><F39/><W126/><G126/><T97/><D75/><U129/><E129/><V111/><F111/><W107/><G103/><AGARI ba="2,0" hai="12,13,15,88,91,92,98,103,113,114,115" m="19467" machi="103" ten="40,8000,1" yaku="15,1,11,1,52,2,54,1" doraHai="86" who="2" fromWho="3" sc="131,0,501,0,228,86,140,-86" /><INIT seed="6,0,0,0,2,95" ten="131,501,314,54" oya="2" hai0="27,110,55,50,82,47,79,59,75,13,122,123,2" hai1="64,87,124,66,109,119,6,130,100,17,22,103,81" hai2="121,15,125,90,19,48,24,94,73,49,62,12,45" hai3="36,76,61,108,78,85,74,118,99,98,135,67,120"/><V117/><F73/><W25/><G36/><T56/><D2/><U84/><E109/><V105/><F105/><W16/><G108/><T41/><D110/><U3/><E119/><V1/><F1/><W97/><G118/><T54/><D13/><U5/><E130/><V72/><F72/><W4/><G120/><T101/><D27/><N who="1" m="14799" /><E3/><V104/><F104/><W126/><G74/><T129/><D101/><N who="1" m="38987" /><E124/><V116/><F121/><W132/><G4/><N who="1" m="1642" /><E87/><V86/><F125/><W96/><G85/><T46/><D129/><U39/><E39/><V8/><F15/><W128/><G126/><T11/><D11/><U127/><E127/><V133/><F133/><N who="3" m="51275" /><G128/><T134/><D134/><U43/><E43/><V71/><F24/><W114/><N who="3" m="24576" /><DORA hai="63" /><W113/><G113/><T83/><D83/><U34/><E34/><V57/><F86/><W20/><G114/><T23/><D54/><U102/><E102/><V80/><F117/><W40/><G40/><T52/><D59/><AGARI ba="0,0" hai="16,20,25,59,61,67,76,78" m="24576,51275" machi="59" ten="40,12000,2" yaku="20,1,52,5,54,1" doraHai="95,63" who="3" fromWho="0" sc="131,-120,501,0,314,0,54,120" /><INIT seed="7,0,0,1,1,104" ten="11,501,314,174" oya="3" hai0="28,79,99,12,55,73,92,98,53,16,82,31,127" hai1="78,38,11,112,10,117,121,51,84,52,65,94,74" hai2="39,15,120,123,100,24,1,42,102,34,49,114,23" hai3="5,20,86,2,129,36,135,8,66,44,45,131,60"/><W76/><G135/><T37/><D37/><U64/><E38/><V35/><F1/><W9/><G20/><T75/><D127/><U46/><E121/><N who="2" m="46667" /><F39/><W130/><G9/><T26/><D98/><U58/><E52/><V30/><F114/><W95/><G36/><T18/><D55/><U59/><E59/><V105/><F15/><W62/><G62/><T107/><D107/><U113/><E84/><V119/><F119/><W4/><G4/><T70/><D70/><U14/><E94/><V47/><F105/><W67/><G67/><T25/><D53/><U115/><E78/><V106/><F106/><W32/><G32/><AGARI ba="0,0" hai="23,24,30,32,34,35,42,47,49,100,102" m="46667" machi="32" ten="30,1000,0" yaku="13,1" doraHai="104" who="2" fromWho="3" sc="11,0,501,0,314,10,174,-10" owari="11,-49.0,501,61.0,324,12.0,164,-24.0" /></mjloggm>