<mjloggm ver="2.3"><GO type="97" lobby="0"/><UN n0="%73%61%72%61%6B" n1="%E3%82%A6%E3%83%AB%E3%83%88%E3%83%A9%E7%AB%8B%E7%9B%B4" n2="%E3%83%81%E3%83%A3%E3%83%83%E3%82%AF" n3="%E3%81%BB%E3%81%AE%E3%83%91%E3%83%91" dan="15,14,14,14" rate="1984.46,1940.91,1904.23,1954.14" sx="M,M,M,M"/><TAIKYOKU oya="0"/><INIT seed="0,0,0,1,1,23" ten="250,250,250,250" oya="0" hai0="67,61,134,121,110,132,9,65,17,90,87,7,32" hai1="123,76,113,126,105,129,86,133,4,2,19,15,50" hai2="11,68,124,5,91,104,108,49,10,69,102,75,63" hai3="78,43,64,27,88,54,25,131,92,94,128,46,107"/><T71/><D121/><U66/><E66/><V53/><F75/><W3/><G3/><T36/><D36/><U101/><E86/><V81/><F124/><W1/><G107/><T117/><D117/><U93/><E93/><V30/><F30/><W16/><G1/><T55/><D32/><U29/><E76/><V33/><F33/><W95/><G78/><T73/><D73/><U18/><E50/><V62/><F108/><W57/><G64/><T39/><D39/><U24/><E101/><V47/><F69/><W125/><G125/><T8/><D110/><U111/><E105/><V115/><F115/><W77/><G77/><T40/><D40/><U120/><E111/><V48/><F68/><W97/><G46/><T109/><D109/><U34/><E126/><V38/><F38/><W56/><G43/><T85/><D67/><U70/><E70/><V114/><F114/><W118/><G118/><T42/><D42/><U28/><E113/><V31/><F31/><W52/><G16/><N who="1" m="6186" /><E129/><N who="3" m="49738" /><G56/><T60/><D87/><U21/><E133/><N who="0" m="51305" /><D65/><U96/><E96/><V6/><F104/><W99/><G94/><N who="0" m="54607" /><D55/><N who="3" m="21033" /><G57/><T14/><D71/><U59/><E59/><V26/><F102/><AGARI ba="0,0" hai="25,27,88,92,95,97,99,102" m="21033,49738" machi="102" ten="30,8000,1" yaku="19,1,52,2,54,2" doraHai="23" who="3" fromWho="2" sc="250,0,250,0,250,-80,250,80" /><INIT seed="1,0,0,1,4,41" ten="250,250,170,330" oya="1" hai0="25,15,2,63,135,17,70,87,13,114,89,43,47" hai1="129,107,111,104,92,14,26,98,125,62,119,102,8" hai2="79,133,100,9,97,57,58,112,118,74,65,95,94" hai3="44,60,72,123,124,6,24,48,12,105,21,121,66"/><U69/><E119/><V134/><F118/><W22/><G105/><T64/><D2/><U108/><E26/><V11/><F65/><W1/><G72/><T81/><D135/><U115/><E115/><V88/><F58/><W68/><G1/><T106/><D106/><U109/><E125/><V19/><F57/><W75/><G75/><T91/><D114/><U84/><E129/><V131/><F112/><W61/><G124/><T53/><D53/><U117/><E117/><V18/><F11/><W71/><G6/><T10/><D15/><U96/><E84/><N who="2" m="52487" /><F9/><W38/><G38/><T20/><D91/><U49/><E98/><V50/><F50/><W113/><G113/><T103/><D103/><U5/><REACH who="1" step="1"/><E49/><REACH who="1" ten="250,240,170,330" step="2"/><V30/><F30/><W28/><G28/><T120/><D120/><U99/><E99/><V39/><F39/><W23/><G24/><T127/><D127/><U78/><E78/><V16/><F131/><W130/><G130/><T128/><D128/><U29/><E29/><V122/><F122/><W37/><G48/><T132/><D132/><N who="2" m="50794" /><F79/><W59/><G123/><T116/><D116/><U27/><E27/><V34/><F34/><W45/><G121/><T73/><D73/><AGARI ba="0,1" hai="16,18,19,73,74,95,97,100" m="50794,52487" machi="73" ten="30,3900,0" yaku="20,1,54,2" doraHai="41" who="2" fromWho="0" sc="250,-39,240,0,170,49,330,0" /><INIT seed="2,0,0,0,2,132" ten="211,240,219,330" oya="2" hai0="116,68,51,37,57,31,102,118,5,111,23,52,46" hai1="94,69,125,105,92,40,78,22,17,117,124,55,26" hai2="70,12,84,66,86,93,43,126,32,62,27,33,83" hai3="56,45,60,36,98,41,127,9,95,54,74,90,109"/><V129/><F129/><W104/><G127/><N who="1" m="48714" /><E105/><V81/><F126/><W85/><G109/><T53/><D111/><U59/><E69/><V91/><F43/><W133/><G133/><T120/><D120/><U61/><E117/><N who="0" m="45161" /><D102/><U73/><E40/><V65/><F65/><W15/><G74/><T134/><D134/><U14/><E73/><V49/><F93/><N who="1" m="35945" /><E78/><V77/><F49/><W123/><G123/><T18/><D68/><U44/><E44/><V0/><F0/><W72/><G72/><T79/><D79/><U67/><E67/><V50/><F50/><W64/><G104/><T128/><D128/><U3/><E3/><V6/><REACH who="2" step="1"/><F27/><AGARI ba="0,0" hai="14,17,22,26,27,55,59,61" m="35945,48714" machi="27" ten="30,7700,0" yaku="18,1,52,3" doraHai="132" who="1" fromWho="2" sc="211,0,240,77,219,-77,330,0" /><INIT seed="3,0,0,0,5,122" ten="211,317,142,330" oya="3" hai0="134,29,27,22,32,50,24,103,98,65,45,88,46" hai1="58,20,54,26,16,118,72,38,37,112,113,132,7" hai2="99,44,39,51,94,93,69,21,91,127,60,80,85" hai3="18,121,109,5,64,59,34,77,53,42,82,10,15"/><W6/><G121/><T61/><D134/><U8/><E72/><V62/><F39/><W48/><G34/><T63/><D63/><U89/><E118/><V128/><F69/><W100/><G100/><T119/><D119/><U52/><E132/><V70/><F70/><W35/><G35/><T2/><D2/><U41/><E38/><V111/><F111/><W92/><G109/><T108/><D108/><U75/><E75/><V67/><F67/><W73/><G64/><T81/><D50/><U28/><E54/><V74/><F128/><W57/><G57/><N who="0" m="37039" /><D27/><U124/><E124/><V79/><F127/><W40/><G92/><N who="0" m="58823" /><D32/><U102/><E102/><V17/><F74/><W1/><G6/><T96/><D96/><U49/><E41/><V97/><F93/><W36/><G36/><T115/><D115/><U43/><E43/><V90/><F99/><W107/><G107/><T23/><D23/><AGARI ba="0,0" hai="1,5,10,15,18,23,40,42,48,53,59,73,77,82" machi="23" ten="30,1500,0" yaku="7,1" doraHai="122" who="3" fromWho="0" sc="211,-15,317,0,142,0,330,15" owari="196,-20.0,317,12.0,142,-36.0,345,44.0" /></mjloggm>