<mjloggm ver="2.3"><GO type="97" lobby="0"/><UN n0="%5A%49%4F%4E%3D%53%48%55" n1="%E3%83%8F%E3%83%A2%E5%B8%AB%E5%8C%A0" n2="%E3%82%A6%E3%83%AB%E3%83%88%E3%83%A9%E7%AB%8B%E7%9B%B4" n3="%E3%82%B9%E3%83%86%E3%83%B3%E3%83%AC%E3%82%B9%E3%83%A2%E3%83%A2" dan="14,15,14,13" rate="1946.28,2032.33,1843.21,1878.24" sx="M,M,M,F"/><TAIKYOKU oya="0"/><INIT seed="0,0,0,3,1,90" ten="250,250,250,250" oya="0" hai0="63,37,115,5,29,67,49,127,121,96,116,34,1" hai1="4,87,6,94,60,27,11,20,54,33,40,76,92" hai2="131,45,28,84,7,77,124,74,72,112,114,125,32" hai3="119,107,55,24,50,53,123,102,10,59,120,109,36"/><T130/><D121/><N who="3" m="46665" /><G119/><T23/><D116/><U133/><E33/><V70/><F28/><W106/><G109/><T88/><D115/><U78/><E133/><V104/><F7/><N who="1" m="2601" /><E11/><V65/><F45/><W58/><G36/><T3/><D37/><U105/><E105/><V43/><F43/><W35/><G102/><T118/><D118/><U57/><E40/><V71/><F84/><W69/><G69/><T39/><D39/><U126/><E126/><V100/><F100/><W80/><G80/><T38/><D38/><U30/><E87/><V91/><F91/><W86/><G86/><T51/><D127/><U56/><E56/><V64/><F77/><AGARI ba="0,0" hai="20,27,30,54,57,60,76,77,78,92,94" m="2601" machi="77" ten="30,3900,0" yaku="8,1,52,2" doraHai="90" who="1" fromWho="2" sc="250,0,250,39,250,-39,250,0" /><INIT seed="1,0,0,2,0,35" ten="250,289,211,250" oya="1" hai0="96,92,7,73,48,12,112,66,64,17,36,49,90" hai1="10,60,31,125,70,135,89,4,133,42,25,57,126" hai2="68,99,104,9,52,51,13,5,39,117,98,20,72" hai3="46,47,124,43,114,103,21,37,115,82,22,108,84"/><U122/><E70/><V111/><F117/><W59/><G124/><N who="1" m="47722" /><E42/><V113/><F39/><W53/><G108/><T121/><D73/><U41/><E41/><V45/><F111/><W1/><G1/><T19/><D112/><U29/><E89/><V95/><F113/><W50/><G103/><T3/><D3/><N who="1" m="287" /><E122/><V33/><F33/><W94/><G94/><T61/><D36/><U100/><E100/><V80/><F68/><W58/><G21/><T69/><D121/><U81/><E81/><V76/><F104/><W129/><G129/><T55/><D66/><U54/><E25/><V26/><REACH who="2" step="1"/><F95/><REACH who="2" ten="250,289,201,250" step="2"/><W88/><G115/><T0/><D0/><U134/><AGARI ba="0,1" hai="29,31,54,57,60,133,134,135" m="287,47722" machi="134" ten="40,7800,0" yaku="20,1,18,1,52,1" doraHai="35" who="1" fromWho="1" sc="250,-26,289,88,201,-26,250,-26" /><INIT seed="1,1,0,5,4,2" ten="224,377,175,224" oya="1" hai0="108,93,44,25,56,111,47,38,113,30,69,110,124" hai1="100,21,18,43,102,68,90,4,20,127,112,46,72" hai2="121,74,106,3,16,130,14,51,63,71,86,8,24" hai3="84,81,80,64,83,48,135,26,75,97,78,49,79"/><U109/><E68/><V41/><F121/><W95/><G135/><T27/><D113/><U88/><E112/><V39/><F74/><W7/><G64/><T73/><D73/><U5/><E72/><V53/><F130/><W61/><G61/><T34/><D69/><U89/><E127/><V122/><F122/><W19/><G81/><T31/><D124/><U55/><E109/><N who="0" m="27905" /><T98/><DORA hai="40" /><D56/><U28/><E28/><N who="0" m="10793" /><D38/><U29/><E43/><V132/><F132/><W6/><G26/><N who="0" m="9739" /><D34/><U87/><E29/><V0/><F24/><W133/><G133/><T17/><D17/><U85/><E18/><V60/><F60/><W118/><G19/><T134/><D134/><U96/><E102/><AGARI ba="1,0" hai="44,47,93,98,102" m="9739,10793,27905" machi="102" ten="40,5200,0" yaku="14,1,52,2" doraHai="2,40" who="0" fromWho="1" sc="224,55,377,-55,175,0,224,0" /><INIT seed="2,0,0,3,4,54" ten="279,322,175,224" oya="2" hai0="95,110,45,22,27,35,132,75,17,8,67,51,77" hai1="73,87,18,3,135,63,11,53,62,100,10,7,37" hai2="48,20,92,97,57,9,124,16,43,28,64,23,29" hai3="56,115,128,32,85,59,123,129,114,131,134,96,102"/><V118/><F124/><W112/><G32/><T38/><D110/><U121/><E37/><V39/><F39/><W46/><G134/><T116/><D132/><U44/><E73/><V4/><F118/><W15/><G123/><T86/><D116/><U58/><E121/><V30/><F43/><W26/><G26/><T25/><D38/><U84/><E100/><V82/><F82/><W50/><G85/><T5/><D67/><U98/><E98/><V69/><F69/><W111/><G15/><T61/><D61/><U126/><E126/><V94/><F94/><N who="3" m="58647" /><G111/><T66/><D66/><U88/><E87/><V133/><F133/><W71/><G71/><T79/><D75/><U42/><E135/><V117/><F117/><W40/><AGARI ba="0,0" hai="40,46,50,56,59,112,114,115,128,129,131" m="58647" machi="40" ten="40,8000,1" yaku="11,1,19,1,52,2" doraHai="54" who="3" fromWho="3" sc="279,-20,322,-20,175,-40,224,80" /><INIT seed="3,0,0,5,3,133" ten="259,302,135,304" oya="3" hai0="109,79,81,107,48,57,26,41,47,77,73,106,132" hai1="131,74,82,98,124,93,7,66,97,6,67,39,112" hai2="4,29,116,68,85,87,110,86,14,76,117,95,3" hai3="21,88,2,103,30,61,119,16,15,31,64,0,72"/><W111/><G119/><N who="2" m="45641" /><F14/><W27/><G111/><T102/><D132/><U125/><E112/><V46/><F46/><W13/><G72/><T25/><D109/><U114/><E114/><V18/><F18/><N who="3" m="10447" /><G64/><T130/><D130/><U122/><E122/><V36/><F4/><W9/><G61/><T63/><D79/><U40/><E131/><V53/><F53/><W12/><G88/><T70/><D70/><U80/><E93/><V32/><F29/><N who="3" m="10763" /><G103/><T38/><D38/><U58/><E58/><V129/><F32/><W60/><G60/><T50/><D50/><U43/><E74/><V45/><F3/><N who="3" m="1067" /><G15/><T123/><D123/><U28/><E39/><V52/><F68/><W120/><G120/><T78/><D78/><U11/><E28/><V34/><F34/><W128/><G128/><T37/><D37/><U134/><E134/><V92/><F129/><W91/><G91/><T51/><D51/><U35/><E11/><V105/><F105/><W126/><G27/><T42/><D42/><U8/><E8/><V10/><F10/><W62/><G62/><T90/><D90/><U121/><E121/><V69/><F69/><W59/><G59/><T54/><REACH who="0" step="1"/><D106/><REACH who="0" ten="249,302,135,304" step="2"/><U17/><E35/><V101/><F110/><W96/><G96/><AGARI ba="0,1" hai="25,26,41,47,48,54,57,63,73,77,81,96,102,107" machi="96" ten="40,2600,0" yaku="1,1,2,1,53,0" doraHai="133" doraHaiUra="108" who="0" fromWho="3" sc="249,36,302,0,135,0,304,-26" owari="285,9.0,302,39.0,135,-36.0,278,-12.0" /></mjloggm>