<mjloggm ver="2.3"><GO type="169" lobby="0"/><UN n0="%E9%A3%9B%E3%81%B9%E3%81%AA%E3%81%84%E9%AD%9A%EF%BC%93" n1="%E3%83%8D%E3%83%BC%E3%83%A0%E3%83%AC%E3%82%B9%EF%BC%97" n2="%E3%82%A6%E3%83%AB%E3%83%88%E3%83%A9%E7%AB%8B%E7%9B%B4" n3="%28%E3%82%86%C2%B4%CF%89%EF%BD%80%E3%82%86%29" dan="16,17,17,16" rate="2140.24,2160.90,2107.07,2074.73" sx="M,M,M,M"/><TAIKYOKU oya="0"/><INIT seed="0,0,0,0,5,99" ten="250,250,250,250" oya="0" hai0="128,79,10,82,68,92,110,5,129,67,17,11,127" hai1="107,90,42,38,25,34,9,63,31,41,8,48,13" hai2="32,96,98,22,43,81,45,117,103,54,44,49,2" hai3="0,125,126,40,65,7,36,72,61,89,106,121,102"/><T88/><D127/><N who="3" m="48649" /><G89/><T1/><D110/><U56/><E38/><V74/><F32/><W105/><G72/><T85/><D67/><U113/><E107/><V37/><F2/><W122/><G40/><T33/><D33/><U70/><E70/><V111/><F111/><W6/><G36/><T21/><D11/><U71/><E71/><V87/><F74/><W20/><G20/><T115/><D68/><U118/><E8/><V116/><F22/><W39/><G39/><T59/><D59/><U124/><E118/><V35/><F35/><W23/><G23/><T30/><D30/><U62/><E124/><V50/><F37/><W66/><G0/><T76/><D115/><U52/><E113/><V3/><F3/><W29/><G29/><T135/><D135/><U58/><E90/><V51/><F98/><N who="3" m="61655" /><G106/><T77/><REACH who="0" step="1"/><D82/><REACH who="0" ten="240,250,250,250" step="2"/><U75/><E58/><V73/><F117/><W86/><G66/><T19/><D19/><U18/><E63/><V15/><F116/><W53/><G65/><T93/><D93/><U120/><E62/><V80/><F80/><W55/><G61/><T4/><D4/><U14/><E34/><V109/><F81/><W16/><G16/><T130/><D130/><U119/><E31/><V123/><F109/><W84/><G6/><T95/><D95/><U133/><E119/><V26/><F45/><W78/><G7/><T108/><D108/><U69/><E69/><V12/><F44/><W47/><G47/><T131/><D131/><U101/><E133/><V97/><F123/><N who="3" m="47115" /><G78/><T83/><D83/><U104/><E120/><V57/><F57/><RYUUKYOKU ba="0,1" sc="240,15,250,-15,250,-15,250,15" hai0="1,5,10,17,21,76,77,79,85,88,92,128,129" hai3="53,55,84,86" /><INIT seed="0,1,1,1,3,18" ten="255,235,235,265" oya="0" hai0="92,45,79,43,94,31,134,71,65,60,35,118,126" hai1="130,68,33,93,67,10,91,57,101,89,20,133,112" hai2="114,108,54,50,28,1,37,61,113,2,62,49,47" hai3="125,21,83,4,107,123,117,121,102,40,66,74,8"/><T16/><D118/><U128/><E33/><V116/><F28/><W69/><G117/><T42/><D134/><U82/><E68/><V56/><F116/><W63/><G125/><T22/><D126/><U90/><E133/><V81/><F81/><W44/><G102/><T87/><D35/><U13/><E112/><V104/><F104/><W122/><G107/><T115/><D31/><U127/><E127/><V84/><F84/><W97/><G97/><T109/><D115/><N who="2" m="44042" /><F2/><W7/><G8/><T41/><D109/><U95/><E82/><V53/><F1/><W129/><G129/><T36/><D79/><U103/><E20/><V76/><F76/><N who="3" m="44439" /><G21/><T34/><D34/><U88/><E91/><V11/><F11/><W78/><G78/><T17/><D17/><N who="1" m="8375" /><E130/><V119/><F119/><W98/><G98/><T72/><D72/><U3/><E3/><V86/><F86/><W24/><G24/><T0/><D0/><U135/><E135/><V52/><F108/><W70/><G70/><T19/><D19/><U55/><E128/><V38/><F54/><W32/><G32/><T120/><D120/><N who="3" m="30721" /><W46/><DORA hai="132" /><G46/><T51/><D36/><AGARI ba="1,1" hai="36,37,38,47,49,50,52,53,56,61,62" m="44042" machi="36" ten="30,3900,0" yaku="34,2,54,1" doraHai="18,132" who="2" fromWho="0" sc="255,-42,235,0,235,52,265,0" /><AGARI ba="1,0" hai="4,7,36,40,44,63,66,69" m="30721,44439" machi="36" ten="40,1300,0" yaku="13,1" doraHai="18,132" who="3" fromWho="0" sc="213,-13,235,0,287,0,265,13" /><INIT seed="1,0,0,2,2,87" ten="200,235,287,278" oya="1" hai0="69,65,9,100,74,132,122,33,70,40,62,102,66" hai1="118,31,0,14,113,135,89,131,67,51,92,123,27" hai2="121,42,5,61,54,60,96,130,101,110,90,108,125" hai3="18,16,77,22,78,68,20,105,120,53,133,124,41"/><U59/><E0/><V111/><F121/><W63/><G120/><T48/><D122/><U134/><E113/><V4/><F42/><W45/><G105/><T95/><D132/><U49/><E123/><V57/><F125/><W76/><G124/><T80/><D33/><N who="1" m="20735" /><E118/><V98/><F130/><W126/><G126/><T11/><D74/><U115/><E115/><V6/><F61/><W10/><G133/><N who="1" m="50698" /><E131/><V29/><F29/><W47/><G10/><T64/><D80/><U46/><E14/><V97/><F101/><W104/><G104/><T44/><D102/><U99/><E46/><N who="3" m="17418" /><G68/><T107/><D107/><U21/><E21/><N who="3" m="8298" /><G41/><T24/><D70/><U103/><E103/><V32/><F32/><W30/><G30/><T43/><D100/><U19/><E19/><N who="3" m="7210" /><G63/><AGARI ba="0,0" hai="49,51,59,63,67,89,92,99" m="50698,20735" machi="63" ten="30,2900,0" yaku="20,1,52,1" doraHai="87" who="1" fromWho="3" sc="200,0,235,29,287,0,278,-29" /><INIT seed="1,1,0,0,4,52" ten="200,264,287,249" oya="1" hai0="28,130,125,128,8,87,69,129,74,12,135,62,29" hai1="33,34,96,7,68,50,0,2,41,43,15,46,49" hai2="108,48,104,95,65,131,5,111,102,47,98,73,114" hai3="54,25,60,134,6,106,27,18,123,37,76,119,113"/><U127/><E68/><V79/><F65/><W101/><G113/><T126/><D74/><U20/><E127/><N who="0" m="48649" /><D87/><U14/><E96/><V100/><F5/><W84/><G123/><T110/><D62/><U66/><E66/><V120/><F120/><W16/><G37/><T1/><D69/><U9/><E20/><V121/><F121/><W55/><G134/><T31/><D1/><U133/><E133/><V3/><F3/><W103/><G6/><N who="0" m="3095" /><D110/><N who="2" m="42026" /><F131/><W92/><G119/><T56/><D56/><U10/><REACH who="1" step="1"/><E7/><REACH who="1" ten="200,254,287,249" step="2"/><V51/><F114/><W19/><G103/><T23/><D135/><U39/><E39/><V107/><F102/><W67/><G67/><T91/><BYE who="3" /><D91/><UN n3="%28%E3%82%86%C2%B4%CF%89%EF%BD%80%E3%82%86%29" /><U112/><E112/><V22/><F22/><AGARI ba="1,1" hai="22,23,28,29,31,128,129,130" m="3095,48649" machi="22" ten="40,8000,1" yaku="19,1,18,1,34,2" doraHai="52" who="0" fromWho="2" sc="200,93,254,0,287,-83,249,0" /><INIT seed="2,0,0,5,3,7" ten="293,254,204,249" oya="2" hai0="53,129,13,108,103,73,134,87,78,40,71,18,64" hai1="8,110,56,9,72,5,39,102,27,117,52,75,21" hai2="16,104,92,91,35,22,60,119,54,43,34,63,49" hai3="29,17,4,105,20,132,122,57,80,114,55,30,121"/><V58/><F104/><W47/><G132/><T0/><D108/><U101/><E39/><V24/><F119/><W89/><G105/><T118/><D134/><U62/><E117/><V96/><F43/><W6/><G47/><T107/><D129/><U45/><E75/><V28/><F35/><W51/><G114/><T112/><D73/><U135/><E72/><V100/><F100/><N who="1" m="38505" /><E5/><N who="3" m="2154" /><G122/><T70/><D0/><U23/><E110/><V76/><F76/><W130/><G130/><T65/><D78/><U48/><E135/><V31/><F31/><W94/><G80/><T15/><D107/><U11/><E27/><AGARI ba="0,0" hai="16,22,24,27,28,34,49,54,58,60,63,91,92,96" machi="27" ten="30,2900,0" yaku="7,1,54,1" doraHai="7" who="2" fromWho="1" sc="293,0,254,-29,204,29,249,0" /><INIT seed="2,1,0,4,3,53" ten="293,225,233,249" oya="2" hai0="73,125,93,6,83,120,94,122,65,115,70,7,31" hai1="28,44,97,32,92,46,77,20,19,119,100,101,30" hai2="124,2,42,52,22,1,54,12,51,135,68,110,39" hai3="48,33,109,5,114,117,129,131,78,9,26,50,69"/><V134/><F68/><W88/><G69/><T123/><D31/><U82/><E119/><V132/><F124/><W121/><G117/><T111/><D125/><U106/><E32/><V8/><F110/><W64/><G121/><T36/><D36/><U10/><E10/><V133/><N who="2" m="33792" /><DORA hai="21" /><V43/><F22/><W62/><G78/><T116/><D111/><U112/><E101/><V16/><F54/><W99/><G109/><T37/><D37/><U72/><E106/><V34/><F34/><W40/><G114/><T63/><D115/><U57/><E112/><V89/><F89/><W45/><G50/><T4/><D116/><U49/><E57/><N who="2" m="32927" /><F39/><W98/><G64/><T81/><REACH who="0" step="1"/><D73/><REACH who="0" ten="283,225,233,249" step="2"/><U47/><REACH who="1" step="1"/><E49/><REACH who="1" ten="283,215,233,249" step="2"/><V118/><F118/><W130/><G48/><T85/><D85/><U91/><E91/><V25/><F43/><W128/><G88/><T23/><D23/><U67/><E67/><V71/><F42/><W56/><G130/><T87/><D87/><U86/><E86/><V0/><F71/><W11/><G131/><T38/><D38/><U58/><E58/><V104/><F104/><W24/><G56/><T102/><D102/><U27/><AGARI ba="1,2" hai="19,20,27,28,30,44,46,47,72,77,82,92,97,100" machi="27" ten="30,8000,1" yaku="1,1,0,1,52,1,53,2" doraHai="53,21" doraHaiUra="13,105" who="1" fromWho="1" sc="283,-21,215,103,233,-41,249,-21" /><INIT seed="3,0,0,2,5,41" ten="262,318,192,228" oya="3" hai0="85,19,105,17,58,117,111,22,55,75,29,90,61" hai1="66,65,120,70,10,118,72,42,69,91,24,30,88" hai2="87,107,13,21,132,89,51,27,100,59,0,45,114" hai3="96,74,56,68,28,39,6,83,33,77,112,20,43"/><W81/><G68/><T121/><D121/><U4/><E72/><V32/><F0/><W122/><G112/><T23/><D117/><U38/><E120/><V128/><F114/><W37/><G122/><T34/><D111/><U98/><E66/><V92/><F128/><W52/><G33/><T79/><D105/><U127/><E65/><V76/><F132/><W48/><G6/><T82/><D34/><U116/><E127/><V110/><F110/><W113/><G113/><T35/><D35/><N who="1" m="20935" /><E98/><V47/><F32/><W78/><G96/><T54/><D54/><U71/><E42/><V99/><F76/><W115/><G115/><T108/><D108/><U60/><E60/><V31/><F13/><W126/><G126/><T46/><D46/><N who="2" m="17418" /><F107/><W95/><G43/><T26/><D23/><U57/><E57/><V63/><F51/><W131/><G95/><AGARI ba="0,0" hai="17,19,22,26,29,55,58,61,75,79,82,85,90,95" machi="95" ten="30,1000,0" yaku="7,1" doraHai="41" who="0" fromWho="3" sc="262,10,318,0,192,0,228,-10" /><INIT seed="4,0,0,2,1,30" ten="272,318,192,218" oya="0" hai0="55,10,129,65,124,125,47,46,43,101,58,105,71" hai1="107,20,88,85,109,41,117,62,19,100,94,110,122" hai2="127,51,82,54,90,4,70,38,97,89,68,104,87" hai3="133,112,134,22,130,67,73,92,113,45,99,66,12"/><T63/><D10/><U32/><E32/><V59/><F38/><W132/><G73/><T80/><D80/><U74/><E117/><V86/><F127/><N who="0" m="48714" /><D101/><U75/><E122/><V128/><F128/><W24/><G130/><T72/><D105/><U7/><E7/><V5/><F70/><W116/><G45/><N who="0" m="16907" /><D72/><U60/><E41/><V81/><F68/><W114/><G116/><T91/><D91/><U93/><E107/><V25/><F104/><W84/><G84/><T96/><D96/><N who="1" m="59415" /><E75/><V26/><F97/><W119/><G119/><T52/><D129/><U126/><E126/><V131/><F131/><W27/><G12/><T17/><D17/><U77/><E74/><V106/><F106/><W16/><REACH who="3" step="1"/><G27/><AGARI ba="0,0" hai="4,5,25,26,27,51,54,59,81,82,86,87,89,90" machi="27" ten="40,2600,0" yaku="9,1,8,1" doraHai="30" who="2" fromWho="3" sc="272,0,318,0,192,26,218,-26" /><INIT seed="5,0,0,4,3,127" ten="272,318,218,192" oya="1" hai0="48,40,108,31,30,12,116,28,114,124,123,39,134" hai1="63,43,21,95,96,133,135,90,5,77,27,26,76" hai2="130,92,115,7,64,46,45,18,100,101,105,54,44" hai3="83,22,132,122,52,109,87,118,102,61,111,17,59"/><U33/><E5/><V24/><F105/><W14/><G122/><T117/><D108/><U106/><E106/><V91/><F7/><W66/><G132/><T6/><D134/><N who="1" m="51211" /><E43/><V11/><F64/><W84/><G118/><T58/><D124/><U99/><E99/><V80/><F80/><W25/><G102/><T72/><D114/><U128/><E33/><V98/><F130/><W32/><G66/><T93/><D72/><U8/><E8/><V1/><F1/><W20/><G32/><T16/><D6/><U104/><E104/><V94/><F115/><W69/><G69/><T3/><D3/><U70/><E27/><V113/><F113/><W10/><G22/><T78/><D123/><U53/><E128/><V110/><F110/><W50/><G61/><T129/><D129/><U56/><E70/><V13/><F24/><W35/><G35/><T62/><D39/><U37/><E37/><V86/><REACH who="2" step="1"/><F101/><REACH who="2" ten="272,318,208,192" step="2"/><W85/><REACH who="3" step="1"/><G83/><REACH who="3" ten="272,318,208,182" step="2"/><T51/><D117/><U42/><E42/><V74/><F74/><W131/><G131/><T2/><D40/><U75/><E75/><V112/><F112/><W125/><G125/><T82/><D116/><U9/><E9/><V126/><F126/><W36/><G36/><T57/><D82/><U73/><E73/><V15/><F15/><W97/><G97/><T68/><D12/><U88/><E96/><V34/><F34/><W89/><G89/><T67/><D67/><U81/><E81/><V103/><F103/><W65/><G65/><T120/><D120/><U55/><E90/><V49/><AGARI ba="0,2" hai="11,13,18,44,45,46,49,54,86,91,92,94,98,100" machi="49" ten="30,4000,0" yaku="1,1,0,1,8,1,53,0" doraHai="127" doraHaiUra="71" who="2" fromWho="2" sc="272,-10,318,-20,208,60,182,-10" /><INIT seed="6,0,0,0,1,114" ten="262,298,268,172" oya="2" hai0="123,45,60,50,37,127,119,75,0,122,103,19,61" hai1="29,96,99,128,42,33,129,83,111,4,84,112,28" hai2="109,64,82,40,21,22,56,105,78,53,2,52,124" hai3="125,68,70,25,41,69,101,39,9,118,104,102,135"/><V113/><F2/><W132/><G9/><T126/><D75/><U134/><E111/><V35/><F35/><W63/><G25/><T36/><D0/><U10/><E112/><V121/><F105/><W90/><G90/><T55/><D103/><U26/><E29/><V17/><F121/><N who="0" m="46090" /><D19/><U32/><E32/><V59/><F124/><N who="0" m="47658" /><D119/><U43/><E134/><N who="3" m="51242" /><G125/><T14/><D14/><N who="1" m="5447" /><E99/><V57/><F113/><W1/><G1/><T133/><D133/><U49/><E49/><V34/><F34/><W15/><G15/><T71/><D71/><U27/><E96/><V66/><F109/><W46/><G104/><T47/><D47/><U110/><E27/><V91/><F17/><W38/><G102/><T88/><D88/><N who="1" m="51231" /><E110/><V58/><F91/><W30/><G101/><T20/><D20/><U100/><E100/><V77/><F22/><W7/><G7/><T12/><D12/><U92/><E92/><V48/><F21/><W106/><G106/><T65/><D65/><N who="2" m="25194" /><F78/><W23/><G23/><T107/><D107/><U67/><E67/><V117/><F117/><W13/><G13/><T98/><D98/><U130/><AGARI ba="0,0" hai="26,28,33,42,43,128,129,130" m="51231,5447" machi="130" ten="30,2000,0" yaku="19,1,54,1" doraHai="114" who="1" fromWho="1" sc="262,-5,298,20,268,-10,172,-5" /><INIT seed="7,0,0,0,0,96" ten="257,318,258,167" oya="3" hai0="73,4,88,35,123,2,53,89,9,95,7,49,74" hai1="37,11,51,97,17,44,93,121,125,23,105,39,113" hai2="106,71,80,86,116,117,81,91,109,72,48,38,26" hai3="29,101,68,126,108,21,130,18,110,99,16,82,129"/><W70/><G126/><T111/><D111/><N who="3" m="42537" /><G82/><T94/><D123/><U124/><E105/><V120/><F38/><W61/><G29/><T132/><D132/><U90/><E11/><V54/><F81/><W62/><G62/><T114/><D114/><U47/><E113/><V58/><F80/><W118/><G118/><T85/><D35/><U30/><E30/><V32/><F72/><W77/><G77/><T127/><D7/><U13/><E47/><V119/><F32/><W65/><G68/><T112/><D112/><U20/><E20/><V42/><F71/><W133/><G133/><T135/><D127/><N who="1" m="48715" /><E121/><V12/><F120/><W19/><G21/><T6/><D6/><U115/><E115/><V63/><F109/><W43/><G43/><AGARI ba="0,0" hai="13,17,23,37,39,43,44,51,90,93,97" m="48715" machi="43" ten="30,1000,0" yaku="18,1" doraHai="96" who="1" fromWho="3" sc="257,0,318,10,258,0,167,-10" owari="257,-14.0,328,42.0,258,6.0,157,-34.0" /></mjloggm>