<mjloggm ver="2.3"><GO type="97" lobby="0"/><UN n0="%E5%AE%87%E5%AE%99%E9%9B%86%E4%BC%9A" n1="%E3%82%AB%E3%82%AF%E3%83%98%E3%83%B3%E5%BE%85%E3%81%A1" n2="%E3%81%B5%E3%82%8A%E3%81%BE%E3%81%99" n3="%E3%82%A6%E3%83%AB%E3%83%88%E3%83%A9%E7%AB%8B%E7%9B%B4" dan="15,14,15,14" rate="1975.71,1904.03,1944.65,1842.43" sx="F,M,M,M"/><TAIKYOKU oya="0"/><INIT seed="0,0,0,1,5,90" ten="250,250,250,250" oya="0" hai0="35,116,99,20,14,122,109,21,2,110,46,61,135" hai1="81,101,100,58,66,32,103,111,15,129,23,47,88" hai2="83,45,11,24,53,7,49,117,77,63,12,78,86" hai3="102,85,131,93,118,26,91,44,5,92,132,82,18"/><T62/><D122/><U107/><E107/><V22/><F117/><W134/><G118/><T105/><D116/><U71/><E32/><V97/><F97/><W64/><G131/><T94/><D35/><U123/><E71/><V108/><F108/><N who="0" m="41578" /><D2/><U128/><E111/><V67/><F67/><W79/><G5/><T70/><D105/><U75/><E123/><V68/><F68/><W48/><G64/><N who="0" m="41231" /><D62/><N who="1" m="38231" /><E47/><V41/><F63/><W113/><G113/><T3/><D3/><U52/><E75/><V65/><F65/><W27/><G134/><T127/><D135/><U29/><E129/><V114/><F114/><W104/><G132/><T17/><D46/><U130/><E130/><V121/><F121/><W38/><G104/><T4/><D4/><U13/><E128/><V16/><REACH who="2" step="1"/><F77/><REACH who="2" ten="250,250,240,250" step="2"/><W76/><G76/><T9/><D127/><U36/><E36/><V6/><F6/><W69/><G38/><T133/><D133/><U74/><E74/><V87/><F87/><W51/><G69/><T56/><D56/><U73/><E73/><V95/><F95/><N who="3" m="36427" /><G79/><T72/><D72/><U30/><E29/><V60/><F60/><W40/><G51/><T0/><D0/><U19/><E30/><V31/><F31/><W126/><G126/><T112/><D112/><U43/><E13/><V119/><F119/><W84/><G84/><T80/><D80/><U106/><E81/><V55/><AGARI ba="0,1" hai="7,11,12,16,22,24,41,45,49,53,55,78,83,86" machi="55" ten="30,12000,2" yaku="1,1,0,1,25,2,8,1,54,1,53,1" doraHai="90" doraHaiUra="1" who="2" fromWho="2" sc="250,-60,250,-30,240,130,250,-30" /><INIT seed="1,0,0,5,5,37" ten="190,220,370,220" oya="1" hai0="82,117,27,2,110,51,21,15,124,90,115,109,72" hai1="5,96,107,63,47,12,13,34,105,71,9,91,40" hai2="73,80,44,68,23,134,135,93,101,43,106,132,32" hai3="102,22,52,19,100,97,94,64,112,62,79,116,126"/><U28/><E34/><V14/><F68/><W18/><G112/><T58/><D117/><U85/><E28/><V60/><F32/><W26/><G126/><T56/><D115/><U92/><E13/><V125/><F125/><W104/><G116/><T98/><D124/><U11/><E11/><V53/><F106/><W89/><G79/><T36/><D36/><U46/><E46/><V49/><F73/><W1/><G1/><T54/><D2/><U84/><E105/><V122/><F80/><W7/><G7/><T65/><D15/><U3/><E107/><V87/><F122/><W29/><G52/><T17/><D72/><U114/><E3/><V88/><F101/><W30/><G30/><T86/><REACH who="0" step="1"/><D98/><REACH who="0" ten="180,220,370,220" step="2"/><U4/><E114/><V131/><F131/><W108/><G108/><T130/><D130/><U39/><REACH who="1" step="1"/><E4/><REACH who="1" ten="180,210,370,220" step="2"/><V8/><F134/><W103/><REACH who="3" step="1"/><G104/><REACH who="3" ten="180,210,370,210" step="2"/><T35/><D35/><U57/><E57/><AGARI ba="0,3" hai="18,19,22,26,29,57,62,64,89,94,97,100,102,103" machi="57" ten="40,5200,0" yaku="1,1,2,1,8,1,53,0" doraHai="37" doraHaiUra="120" who="3" fromWho="1" sc="180,0,210,-52,370,0,210,82" /><INIT seed="2,0,0,1,1,84" ten="180,158,370,292" oya="2" hai0="25,16,132,68,17,54,123,31,21,133,51,116,112" hai1="43,115,124,96,59,87,0,128,20,55,42,27,65" hai2="58,22,47,41,38,74,44,52,32,37,104,119,30" hai3="108,120,11,46,24,131,48,111,23,75,50,60,1"/><V45/><F119/><W8/><G75/><T78/><D123/><U70/><E115/><V92/><F104/><W97/><G120/><T110/><D112/><U6/><E0/><V91/><F74/><W64/><G97/><T10/><D116/><U101/><E70/><V86/><F32/><W56/><G131/><T83/><D68/><U35/><E128/><V127/><F127/><W29/><G50/><T100/><D100/><U62/><E124/><V98/><F37/><W72/><G72/><T102/><D102/><U3/><E35/><V109/><F109/><N who="3" m="42059" /><G1/><T103/><D103/><U13/><E65/><V129/><F129/><W26/><G26/><T122/><D122/><U67/><E3/><V81/><F22/><W15/><G15/><T66/><D66/><U9/><E67/><V53/><F30/><W85/><G85/><T57/><D110/><U95/><REACH who="1" step="1"/><E87/><REACH who="1" ten="180,148,370,292" step="2"/><V33/><F33/><W107/><G107/><T73/><REACH who="0" step="1"/><D10/><REACH who="0" ten="170,148,370,292" step="2"/><U134/><E134/><AGARI ba="0,2" hai="16,17,21,25,31,51,54,57,73,78,83,132,133,134" machi="134" ten="40,8000,1" yaku="1,1,2,1,20,1,54,1,53,0" doraHai="84" doraHaiUra="69" who="0" fromWho="1" sc="170,100,148,-80,370,0,292,0" /><INIT seed="3,0,0,2,1,61" ten="270,68,370,292" oya="3" hai0="56,33,39,93,124,49,65,74,106,20,43,112,110" hai1="15,55,116,50,82,84,5,60,78,100,7,57,96" hai2="42,94,133,58,17,76,115,98,125,111,19,69,117" hai3="135,73,81,71,130,79,88,108,10,52,36,16,63"/><W122/><BYE who="1" /><G122/><T21/><D112/><U1/><E1/><V119/><F115/><W83/><G130/><T0/><D33/><U23/><E23/><V46/><F69/><W32/><G32/><T91/><D74/><U24/><E24/><V70/><F70/><W118/><G118/><T11/><D106/><U77/><E77/><V99/><F111/><W59/><G108/><T48/><D110/><U90/><E90/><V34/><F125/><W35/><G35/><T68/><D124/><U8/><E8/><V72/><F133/><W113/><G135/><T92/><D0/><U30/><E30/><V14/><F34/><W129/><G113/><T4/><D68/><U28/><E28/><V128/><F98/><W127/><G127/><T131/><D39/><U97/><E97/><V75/><F19/><W25/><G129/><T45/><D131/><U13/><E13/><V126/><F128/><W37/><G71/><T102/><D49/><U104/><E104/><V6/><F58/><W87/><REACH who="3" step="1"/><G10/><REACH who="3" ten="270,68,370,282" step="2"/><T47/><D11/><U64/><E64/><V80/><F126/><W62/><G62/><T44/><D65/><U66/><E66/><V41/><F117/><W40/><G40/><T3/><D43/><U105/><E105/><V2/><F119/><W85/><G85/><T109/><D109/><U95/><E95/><V114/><F114/><W38/><G38/><T101/><D93/><U67/><E67/><V86/><F42/><W54/><G54/><T27/><D92/><U26/><E26/><V120/><F120/><W123/><G123/><T51/><D51/><RYUUKYOKU ba="0,1" sc="270,-10,68,-10,370,-10,282,30" hai3="16,25,36,37,52,59,63,73,79,81,83,87,88" /><INIT seed="3,1,1,0,4,21" ten="260,58,360,312" oya="3" hai0="47,83,4,53,46,23,42,38,89,60,57,81,8" hai1="32,74,9,105,115,76,94,72,113,62,68,114,11" hai2="98,43,1,92,3,50,132,69,13,120,70,77,107" hai3="63,39,64,86,101,20,61,36,16,116,56,14,17"/><W24/><G116/><T59/><D47/><U119/><E119/><V78/><F107/><W34/><G101/><T22/><D59/><U71/><E71/><V5/><F132/><W41/><G41/><T106/><D106/><U95/><E95/><V58/><F120/><W27/><G86/><T51/><D38/><U102/><E102/><V28/><F70/><W124/><G124/><T65/><D65/><U129/><E129/><V117/><F69/><W121/><G121/><T79/><D89/><U10/><E10/><N who="2" m="4303" /><F1/><W134/><G134/><T54/><D54/><U2/><E2/><V45/><F3/><W15/><G63/><T122/><D122/><U90/><E90/><N who="2" m="55575" /><F117/><W91/><G91/><T126/><D126/><U108/><E108/><V35/><F35/><W7/><G7/><T130/><D130/><U48/><E48/><N who="2" m="26687" /><F28/><W49/><G49/><T127/><D127/><U97/><E97/><V110/><F110/><W44/><G34/><T82/><REACH who="0" step="1"/><D79/><REACH who="0" ten="250,58,360,312" step="2"/><N who="2" m="30218" /><F58/><W100/><G100/><T111/><D111/><U109/><E109/><V52/><F50/><W26/><REACH who="3" step="1"/><G44/><REACH who="3" ten="250,58,360,302" step="2"/><T104/><D104/><U99/><E99/><V118/><F118/><W67/><G67/><T75/><D75/><U29/><E29/><V123/><F123/><W31/><G31/><T30/><D30/><U125/><E125/><V93/><F52/><W80/><G80/><T84/><D84/><U37/><E37/><V12/><F93/><W133/><G133/><T128/><D128/><U73/><E73/><V19/><F19/><W87/><G87/><T88/><D88/><U25/><E25/><RYUUKYOKU ba="1,3" sc="250,10,58,-30,360,10,302,10" hai0="4,8,22,23,42,46,51,53,57,60,81,82,83" hai2="12" hai3="14,15,16,17,20,24,26,27,36,39,56,61,64" /><INIT seed="3,2,3,5,3,4" ten="260,28,370,312" oya="3" hai0="54,6,114,100,109,88,72,28,105,132,92,118,121" hai1="106,131,60,39,119,53,128,115,125,78,69,113,79" hai2="116,87,82,62,58,22,110,0,129,34,74,31,73" hai3="81,103,61,7,90,38,112,26,41,8,130,42,5"/><W127/><G112/><T17/><D121/><U80/><E80/><V16/><F110/><W85/><G127/><T10/><D114/><U64/><E64/><V37/><F37/><W63/><G130/><T99/><D118/><U91/><E91/><V76/><F0/><W12/><G103/><T75/><D132/><U95/><E95/><V124/><F116/><W43/><G38/><T55/><D109/><U83/><E83/><V57/><F129/><W68/><G68/><T59/><D28/><U20/><E20/><V93/><F124/><W19/><G26/><T29/><D29/><U32/><E32/><V11/><F11/><W97/><G97/><T50/><D17/><U13/><E13/><V98/><F34/><W44/><G44/><T30/><D30/><U133/><E133/><V120/><F31/><W27/><G27/><T66/><D55/><U107/><E107/><V94/><F57/><W1/><G1/><T52/><D66/><U40/><E40/><V71/><F71/><W48/><G48/><T102/><D54/><U104/><E104/><V56/><F58/><W33/><G33/><T86/><REACH who="0" step="1"/><D102/><REACH who="0" ten="250,28,370,312" step="2"/><U35/><E35/><V51/><F120/><W77/><G77/><T18/><D18/><U45/><E45/><V47/><F16/><W111/><G111/><T23/><D23/><U67/><E67/><N who="2" m="39367" /><F22/><W70/><G70/><T36/><D36/><U24/><E24/><V108/><F108/><W84/><G19/><T9/><D9/><U101/><E101/><V21/><F21/><W96/><G8/><T65/><D65/><U89/><E89/><RYUUKYOKU ba="2,4" sc="250,30,28,-10,370,-10,312,-10" hai0="6,10,50,52,59,72,75,86,88,92,99,100,105" owari="280,-12.0,18,-48.0,400,50.0,302,10.0" /></mjloggm>