<mjloggm ver="2.3"><GO type="97" lobby="0"/><UN n0="%6B%65%6E%74%30%38%32%36" n1="%E3%82%A6%E3%83%AB%E3%83%88%E3%83%A9%E7%AB%8B%E7%9B%B4" n2="%E3%82%82%E3%82%81%E3%82%93%E7%94%9F%E7%94%9F" n3="%E3%83%89%E3%83%A9%EF%BC%91%EF%BC%92%EF%BC%90%EF%BC%85" dan="13,14,15,13" rate="1867.96,1957.82,1980.09,1895.49" sx="M,M,M,M"/><TAIKYOKU oya="0"/><INIT seed="0,0,0,2,3,75" ten="250,250,250,250" oya="0" hai0="96,36,25,70,19,6,89,122,124,100,27,131,121" hai1="63,55,13,119,112,125,32,99,45,90,135,20,9" hai2="110,5,52,39,98,108,42,18,23,102,127,133,80" hai3="72,69,22,34,0,106,7,3,31,95,73,82,14"/><T8/><D36/><U57/><E119/><V51/><F133/><W60/><G106/><T74/><D70/><U49/><E32/><V62/><F127/><W92/><G34/><T17/><D124/><U101/><E125/><V97/><F5/><W126/><G126/><T33/><D74/><U105/><E135/><V103/><F62/><W67/><G7/><T78/><D78/><U94/><E112/><V61/><F61/><W21/><G21/><T115/><D89/><U46/><E20/><V59/><F39/><W24/><G14/><N who="0" m="5399" /><D96/><N who="2" m="36970" /><F80/><W11/><G11/><T118/><D100/><U109/><E109/><N who="2" m="42091" /><F42/><W48/><G48/><T68/><D68/><U58/><E105/><V81/><F81/><W107/><G107/><T88/><D88/><U129/><E129/><V54/><F54/><W37/><G37/><T128/><D118/><U26/><E26/><AGARI ba="0,0" hai="18,23,26,51,52,59,102,103" m="42091,36970" machi="26" ten="30,2000,0" yaku="14,1,54,1" doraHai="75" who="2" fromWho="1" sc="250,0,250,-20,250,20,250,0" /><INIT seed="1,0,0,2,4,88" ten="250,230,270,250" oya="1" hai0="0,132,21,23,75,13,33,85,67,72,98,49,8" hai1="119,37,35,83,20,108,124,53,79,130,128,111,19" hai2="48,112,105,86,93,28,78,103,42,16,91,24,61" hai3="40,115,81,3,27,58,131,56,25,129,134,1,46"/><U30/><E53/><V51/><F112/><W64/><G115/><T73/><D33/><U94/><E37/><V4/><F4/><W69/><G134/><T110/><D0/><N who="3" m="73" /><G81/><T116/><D116/><U107/><E119/><V55/><F42/><W65/><G69/><T82/><D132/><U109/><E107/><V60/><F78/><W22/><G40/><T71/><D110/><N who="1" m="28163" /><U120/><DORA hai="92" /><E120/><V133/><F133/><W117/><G46/><T96/><D71/><U57/><E57/><N who="3" m="22122" /><G117/><T104/><D67/><N who="3" m="25673" /><G22/><T80/><D104/><U29/><E124/><V87/><F105/><W90/><G90/><T38/><D38/><U66/><E66/><V59/><F103/><W63/><G63/><T5/><D49/><U15/><E35/><V68/><F68/><W118/><G118/><T113/><D113/><U36/><E36/><V47/><F60/><W99/><G99/><T50/><D50/><U84/><E94/><V10/><F47/><W6/><G6/><T43/><D43/><U127/><E127/><V12/><REACH who="2" step="1"/><F86/><REACH who="2" ten="250,230,260,250" step="2"/><W41/><G41/><T31/><D85/><U121/><E121/><V18/><F18/><W97/><G97/><T114/><D114/><U2/><E2/><V76/><F76/><W26/><AGARI ba="0,1" hai="25,26,27,129,131" m="25673,22122,73" machi="26" ten="40,2700,0" yaku="28,2" doraHai="88,92" who="3" fromWho="3" sc="250,-7,230,-13,260,-7,250,37" /><INIT seed="2,0,0,4,5,89" ten="243,217,253,287" oya="2" hai0="94,108,86,4,80,48,24,95,72,1,36,134,59" hai1="127,55,37,40,112,123,84,88,121,122,128,129,110" hai2="26,91,10,57,76,13,27,74,49,18,60,67,119" hai3="53,43,41,45,130,117,47,17,111,109,125,71,30"/><V34/><F119/><W5/><G30/><T101/><D36/><U135/><E40/><N who="3" m="15434" /><G5/><T8/><D72/><U15/><E37/><V16/><F76/><W46/><G17/><T65/><D134/><U99/><E135/><V39/><F74/><W50/><G117/><T90/><D108/><N who="3" m="41545" /><G130/><N who="1" m="50282" /><E110/><V93/><F39/><W20/><G20/><T96/><D24/><N who="2" m="9258" /><F34/><W131/><G131/><T83/><REACH who="0" step="1"/><D48/><REACH who="0" ten="233,217,253,287" step="2"/><U114/><E55/><V0/><F49/><W126/><G71/><T132/><D132/><U31/><E31/><V54/><F54/><W79/><G79/><T105/><D105/><U133/><E133/><V32/><F32/><W85/><G85/><T70/><D70/><U100/><E15/><V6/><F0/><W12/><G12/><T14/><D14/><U97/><E127/><AGARI ba="0,1" hai="45,46,47,50,53,125,126,127" m="41545,15434" machi="127" ten="30,7700,0" yaku="18,1,14,1,34,2" doraHai="89" who="3" fromWho="1" sc="233,0,217,-77,253,0,287,87" /><INIT seed="3,0,0,2,1,47" ten="233,140,253,374" oya="3" hai0="74,71,37,31,94,85,16,92,66,78,35,132,128" hai1="29,121,81,131,115,30,10,135,15,21,3,104,64" hai2="14,95,110,91,88,32,12,134,43,73,49,19,58" hai3="33,84,41,28,38,77,70,75,124,133,111,11,45"/><W36/><G84/><T8/><D37/><U65/><E104/><V18/><F32/><W50/><G50/><T20/><D132/><U54/><E121/><V13/><F73/><W89/><G89/><T102/><D128/><U119/><E115/><V103/><F110/><W27/><G38/><T82/><D71/><U5/><E119/><V6/><F134/><W101/><G101/><T105/><D66/><U109/><E131/><V126/><F6/><W120/><G124/><T117/><D117/><U63/><E109/><V68/><F68/><W125/><G125/><T98/><D35/><U26/><E135/><V129/><F126/><W72/><G11/><T114/><D31/><U123/><E123/><V130/><F129/><W7/><G7/><T86/><D114/><U4/><E4/><V52/><F43/><W97/><G41/><T55/><D8/><U113/><E113/><V34/><F34/><W116/><G33/><T93/><REACH who="0" step="1"/><D55/><REACH who="0" ten="223,140,253,374" step="2"/><U87/><E3/><V42/><F130/><W80/><G116/><T0/><D0/><U17/><E30/><V44/><F103/><W24/><G28/><T23/><D23/><U39/><E39/><V56/><F91/><W51/><G36/><T127/><D127/><U69/><E29/><V57/><F52/><W46/><G133/><T53/><D53/><U60/><E69/><V96/><AGARI ba="0,1" hai="12,13,14,18,19,42,44,49,56,57,58,88,95,96" machi="96" ten="30,7900,0" yaku="0,1,8,1,52,1,54,1" doraHai="47" who="2" fromWho="2" sc="223,-20,140,-20,253,89,374,-39" owari="203,-20.0,120,-38.0,342,44.0,335,14.0" /></mjloggm>