<mjloggm ver="2.3"><GO type="97" lobby="0"/><UN n0="%E3%82%A6%E3%83%AB%E3%83%88%E3%83%A9%E7%AB%8B%E7%9B%B4" n1="%73%61%6E%6D%61%74%73%75" n2="%E9%AD%94%E7%95%8C" n3="%E2%98%86%E3%82%A2%E3%82%B9%E3%83%88%E3%83%AC%E3%82%A2%E2%98%86" dan="14,13,14,15" rate="1972.08,1915.06,1871.50,1968.63" sx="M,M,M,F"/><TAIKYOKU oya="0"/><INIT seed="0,0,0,5,1,114" ten="250,250,250,250" oya="0" hai0="2,127,95,132,61,116,112,83,55,117,69,23,100" hai1="9,35,52,121,133,29,96,66,72,48,46,40,93" hai2="70,42,89,22,88,76,21,24,103,102,28,0,65" hai3="120,67,20,129,41,33,101,86,81,17,73,5,94"/><T27/><D2/><U6/><E121/><V43/><F0/><W131/><G33/><T105/><D112/><U122/><E122/><V115/><F115/><W19/><G120/><T71/><D105/><U54/><E133/><V109/><F76/><W51/><G5/><T49/><D132/><U130/><E72/><V47/><F70/><W82/><G67/><T134/><D134/><U1/><E130/><N who="3" m="49674" /><G73/><T80/><D127/><U119/><E66/><V123/><F123/><W98/><G86/><T64/><D71/><U108/><E119/><V135/><F135/><W50/><G41/><T18/><D95/><U106/><E106/><V30/><F65/><W128/><N who="3" m="49682" /><W113/><DORA hai="12" /><G113/><T75/><D100/><U58/><E108/><V44/><F109/><W85/><G20/><T60/><D60/><U111/><E111/><V31/><REACH who="2" step="1"/><F31/><REACH who="2" ten="250,250,240,250" step="2"/><W107/><G107/><T26/><D75/><U10/><E29/><V125/><F125/><W57/><G57/><T90/><D117/><U104/><E58/><V39/><F39/><W14/><G14/><T78/><D116/><U97/><E1/><V7/><F7/><W16/><G82/><T110/><D110/><U3/><E6/><V99/><F99/><W77/><AGARI ba="0,1" hai="16,17,19,50,51,77,81,85,94,98,101" m="49682" machi="77" ten="50,8000,1" yaku="19,1,52,3,54,1" doraHai="114,12" who="3" fromWho="3" sc="250,-40,250,-20,240,-20,250,90" /><INIT seed="1,0,0,1,1,1" ten="210,230,220,340" oya="1" hai0="115,25,58,112,73,6,36,8,22,40,114,5,83" hai1="35,19,60,42,108,75,63,72,20,44,98,105,125" hai2="134,122,86,0,9,45,127,51,117,38,101,103,79" hai3="14,92,99,48,104,88,61,94,128,107,111,57,64"/><U54/><E35/><V85/><F117/><W119/><G119/><T11/><D40/><U106/><E125/><V7/><F127/><W78/><G78/><T56/><D36/><U32/><E32/><V53/><F122/><W41/><G111/><T121/><D83/><U67/><E54/><V4/><F38/><W116/><G116/><T90/><D90/><U69/><E63/><V113/><F113/><W68/><G128/><T34/><D73/><U21/><E21/><V43/><F134/><W59/><G59/><T27/><D121/><U62/><E62/><V3/><F43/><W46/><G68/><T33/><D114/><U50/><E108/><V31/><F31/><W96/><REACH who="3" step="1"/><G14/><REACH who="3" ten="210,230,220,330" step="2"/><T126/><D22/><U2/><E2/><V55/><F79/><W97/><G97/><T52/><D126/><U130/><E130/><V17/><F3/><W118/><G118/><T129/><D129/><U66/><E98/><V10/><F0/><W109/><G109/><T93/><D58/><U110/><E110/><V135/><F135/><W15/><G15/><T87/><D56/><U26/><REACH who="1" step="1"/><E67/><REACH who="1" ten="210,220,220,330" step="2"/><V132/><F132/><W23/><G23/><T82/><D33/><U71/><E71/><V91/><F45/><W81/><G81/><T37/><D34/><U65/><E65/><V76/><F76/><W131/><G131/><T89/><D82/><U133/><E133/><V102/><F51/><W100/><AGARI ba="0,2" hai="41,46,48,57,61,64,88,92,94,96,99,100,104,107" machi="100" ten="20,5200,0" yaku="1,1,0,1,7,1,54,1,53,0" doraHai="1" doraHaiUra="16" who="3" fromWho="3" sc="210,-13,220,-26,220,-13,330,72" /><INIT seed="2,0,0,3,2,68" ten="197,194,207,402" oya="2" hai0="95,79,4,97,82,125,117,19,61,122,40,104,7" hai1="9,55,72,88,102,54,105,87,73,96,12,66,69" hai2="37,3,28,8,108,48,80,43,99,121,131,34,84" hai3="111,118,35,107,60,110,78,32,115,30,65,46,56"/><V89/><F121/><W17/><G107/><T41/><D104/><U81/><E69/><V101/><F131/><W11/><G118/><T120/><D120/><U51/><E66/><V50/><F108/><N who="3" m="41515" /><G115/><T83/><D122/><U114/><E114/><V0/><F3/><W39/><G78/><T103/><D125/><U44/><REACH who="1" step="1"/><E55/><REACH who="1" ten="197,184,207,402" step="2"/><V106/><F0/><W126/><G126/><T109/><D109/><U5/><AGARI ba="0,1" hai="5,9,12,44,51,54,72,73,81,87,88,96,102,105" machi="5" ten="20,8000,1" yaku="1,1,2,1,0,1,7,1,54,1,53,0" doraHai="68" doraHaiUra="27" who="1" fromWho="1" sc="197,-20,184,90,207,-40,402,-20" /><INIT seed="3,0,0,1,5,36" ten="177,274,167,382" oya="3" hai0="25,102,20,83,10,93,55,85,124,122,59,89,56" hai1="115,101,71,43,37,7,3,21,54,110,69,41,49" hai2="127,112,128,23,2,12,97,14,87,106,129,64,1" hai3="98,131,60,133,79,44,96,91,28,121,94,68,116"/><W80/><G116/><T13/><D124/><U123/><E123/><V118/><F118/><W95/><G121/><T82/><D122/><U67/><E115/><V61/><F112/><W6/><G133/><T105/><D105/><U78/><E110/><V9/><F87/><W109/><G109/><T132/><D132/><U114/><E114/><V75/><F75/><W88/><G131/><T32/><D32/><U15/><E3/><V135/><F135/><W77/><G28/><N who="0" m="17447" /><D102/><U50/><E37/><V53/><F53/><W66/><G6/><N who="0" m="3287" /><D56/><U72/><E101/><V103/><F127/><W51/><G80/><T73/><D73/><U70/><E67/><V39/><F39/><W0/><G0/><T26/><D26/><U27/><E72/><V57/><F2/><W74/><G74/><T62/><AGARI ba="0,0" hai="55,59,62,82,83,85,89,93" m="3287,17447" machi="62" ten="30,1100,0" yaku="8,1" doraHai="36" who="0" fromWho="0" sc="177,11,274,-3,167,-3,382,-5" owari="188,-21.0,271,7.0,164,-34.0,377,48.0" /></mjloggm>