<mjloggm ver="2.3"><GO type="97" lobby="0"/><UN n0="%79%61%6D%61%77%61%6B%69" n1="%E3%82%A6%E3%83%AB%E3%83%88%E3%83%A9%E7%AB%8B%E7%9B%B4" n2="%E7%A5%9E%E4%BB%A3%E5%B0%8F%E8%92%94%E2%98%85" n3="%E9%A6%99%E8%B2%AB%E5%8F%B0" dan="13,14,15,14" rate="1821.46,1920.90,2013.37,1956.60" sx="M,M,F,M"/><TAIKYOKU oya="0"/><INIT seed="0,0,0,2,2,28" ten="250,250,250,250" oya="0" hai0="91,74,29,55,80,76,94,127,87,125,77,35,3" hai1="47,85,117,13,48,34,75,26,12,64,32,54,103" hai2="82,7,112,73,134,24,52,62,66,49,11,63,51" hai3="135,15,113,128,43,45,83,18,105,84,27,97,53"/><T111/><D3/><U115/><E75/><V109/><F112/><W71/><G113/><T59/><D111/><U60/><E115/><V2/><F134/><W0/><G0/><T41/><D41/><U90/><E103/><V102/><F102/><W20/><G71/><T124/><D77/><U99/><E99/><V106/><F106/><W14/><G128/><T16/><D16/><U67/><E117/><V116/><F109/><W107/><G135/><T110/><D110/><U131/><E131/><V37/><F37/><W46/><G107/><T1/><D1/><U118/><E118/><V6/><F6/><W22/><G97/><T98/><D98/><U81/><E26/><V121/><F121/><W36/><G105/><T114/><D114/><U132/><E132/><V33/><F116/><W129/><G129/><T31/><REACH who="0" step="1"/><D35/><REACH who="0" ten="240,250,250,250" step="2"/><U92/><E34/><V104/><F33/><W30/><G43/><T72/><D72/><U95/><E32/><V57/><F24/><W78/><G36/><T96/><D96/><U122/><E12/><V50/><F104/><W69/><G14/><T38/><D38/><U8/><E122/><V86/><F73/><W19/><G19/><T133/><D133/><U17/><REACH who="1" step="1"/><E67/><REACH who="1" ten="240,240,250,250" step="2"/><V40/><F40/><W10/><G10/><T58/><D58/><AGARI ba="0,2" hai="8,13,17,47,48,54,58,60,64,81,85,90,92,95" machi="58" ten="30,12000,2" yaku="1,1,2,1,7,1,25,2,8,1,53,1" doraHai="28" doraHaiUra="79" who="1" fromWho="0" sc="240,-120,240,140,250,0,250,0" /><INIT seed="1,0,0,5,0,117" ten="120,380,250,250" oya="1" hai0="13,39,28,99,133,53,5,50,109,85,71,60,33" hai1="6,78,16,65,104,2,27,11,82,94,74,100,40" hai2="26,21,96,120,29,9,129,51,113,107,19,106,92" hai3="72,103,3,38,127,56,48,81,4,122,121,0,34"/><U55/><E104/><V88/><F113/><W18/><G34/><T32/><D109/><U83/><E65/><V1/><F129/><W36/><G127/><T47/><D133/><U37/><E55/><V131/><F131/><W17/><G103/><T86/><D28/><U8/><E83/><V44/><F120/><N who="3" m="46187" /><G56/><T124/><D124/><U73/><E73/><V93/><F92/><W128/><G128/><T118/><D118/><U67/><E94/><V54/><F1/><N who="3" m="587" /><G4/><T119/><D119/><U7/><E67/><V105/><REACH who="2" step="1"/><F9/><REACH who="2" ten="120,380,240,250" step="2"/><W97/><G81/><T95/><D95/><U45/><E100/><V76/><F76/><W59/><G72/><T66/><D99/><U84/><E84/><V35/><F35/><W24/><G97/><T111/><D33/><U75/><E75/><V31/><AGARI ba="0,1" hai="19,21,26,29,31,44,51,54,88,93,96,105,106,107" machi="31" ten="40,5200,0" yaku="1,1,0,1,54,1,53,0" doraHai="117" doraHaiUra="52" who="2" fromWho="2" sc="120,-13,380,-26,240,62,250,-13" /><INIT seed="2,0,0,5,5,3" ten="107,354,302,237" oya="2" hai0="66,123,122,0,74,21,112,63,78,102,133,72,29" hai1="59,24,27,93,43,64,13,131,82,53,23,114,44" hai2="17,120,83,126,99,127,69,11,46,50,30,67,116" hai3="35,111,62,68,103,55,79,1,91,121,58,16,7"/><V104/><F120/><W51/><G121/><T56/><D102/><U6/><E64/><V15/><F116/><W115/><G111/><T33/><D0/><U81/><E93/><V38/><F38/><W109/><G109/><T45/><D33/><U95/><E95/><V97/><F30/><W36/><G103/><T107/><D107/><U75/><E75/><V119/><F119/><W71/><G79/><T117/><D45/><U73/><E73/><V87/><F104/><W49/><G115/><T61/><D66/><U84/><E131/><V20/><F69/><W39/><G35/><T129/><D29/><U90/><E82/><V89/><F67/><W70/><G91/><T19/><D78/><U128/><E128/><V26/><F126/><W80/><G80/><T132/><D56/><U130/><E130/><V108/><F127/><W85/><G85/><T77/><D77/><U94/><E81/><V52/><REACH who="2" step="1"/><F108/><REACH who="2" ten="107,354,292,237" step="2"/><W28/><G28/><T113/><D129/><U37/><E114/><V10/><F10/><W9/><G71/><T96/><D117/><U34/><E34/><V76/><F76/><W42/><G70/><T54/><D113/><U110/><E110/><V124/><F124/><W125/><G125/><T98/><D112/><U86/><E23/><V88/><F88/><W106/><G68/><T31/><D21/><U101/><E90/><V2/><F2/><W100/><G106/><T135/><D31/><U8/><E101/><V41/><F41/><W92/><G42/><T105/><D135/><U65/><E65/><V22/><F22/><W134/><G134/><RYUUKYOKU ba="0,1" sc="107,-10,354,-10,292,30,237,-10" hai2="11,15,17,20,26,46,50,52,83,87,89,97,99" /><INIT seed="2,1,1,2,5,25" ten="97,344,322,227" oya="2" hai0="116,105,31,20,113,60,132,55,47,66,1,135,109" hai1="52,9,85,30,99,7,81,77,104,103,65,118,53" hai2="91,3,5,112,10,17,64,92,54,101,106,34,67" hai3="90,75,50,108,125,29,19,35,6,16,61,111,33"/><V69/><F112/><W21/><G75/><T117/><D105/><U134/><E118/><N who="0" m="45673" /><D1/><U57/><E134/><N who="0" m="51241" /><D20/><U129/><E129/><V87/><F69/><W126/><G61/><T27/><D27/><U94/><E30/><V97/><F34/><N who="3" m="12811" /><G50/><N who="0" m="29151" /><D31/><U22/><E22/><V100/><F101/><W88/><G6/><T130/><D130/><U133/><E133/><V96/><F97/><W51/><G51/><T115/><D109/><N who="3" m="42057" /><G29/><T102/><D102/><U28/><E28/><V43/><F17/><N who="3" m="6731" /><G21/><T84/><D84/><U37/><E104/><V89/><F43/><W49/><G49/><T42/><D42/><U59/><E103/><V98/><REACH who="2" step="1"/><F54/><REACH who="2" ten="97,344,312,227" step="2"/><W0/><G0/><T39/><D39/><U62/><E37/><V32/><F32/><W93/><G93/><AGARI ba="1,2" hai="3,5,10,64,67,87,89,91,92,93,96,98,100,106" machi="93" ten="30,2900,0" yaku="1,1,7,1,53,0" doraHai="25" doraHaiUra="122" who="2" fromWho="3" sc="97,0,344,0,312,52,227,-32" /><INIT seed="2,2,0,0,5,111" ten="97,344,364,195" oya="2" hai0="23,58,103,73,82,49,102,48,40,56,43,13,25" hai1="9,88,24,26,124,64,86,10,90,36,67,21,1" hai2="115,116,68,110,131,130,70,105,29,81,77,118,108" hai3="75,8,101,91,0,47,128,132,120,129,19,12,74"/><V114/><F29/><W61/><G120/><T97/><D13/><U85/><E36/><V98/><F98/><W87/><G132/><T11/><D11/><U113/><E124/><V104/><F81/><W41/><G0/><T122/><D82/><U94/><E113/><N who="2" m="43019" /><F77/><W71/><G101/><T55/><D73/><U80/><E1/><V53/><F53/><W99/><G99/><T125/><D122/><U106/><E106/><N who="2" m="41067" /><F70/><W33/><G33/><T107/><D125/><U7/><E7/><V84/><F84/><W59/><G71/><T51/><D102/><U65/><REACH who="1" step="1"/><E26/><REACH who="1" ten="97,334,364,195" step="2"/><V44/><F68/><W22/><G75/><T76/><D25/><U135/><E135/><V52/><F44/><W15/><G74/><T30/><D49/><U117/><E117/><N who="2" m="45163" /><F52/><W34/><G34/><T133/><D55/><U63/><E63/><V31/><F31/><AGARI ba="2,1" hai="9,10,21,24,31,64,65,67,80,85,86,88,90,94" machi="31" ten="40,8000,1" yaku="1,1,8,1,54,1,53,2" doraHai="111" doraHaiUra="6" who="1" fromWho="2" sc="97,0,334,96,364,-86,195,0" /><INIT seed="3,0,0,3,4,32" ten="97,430,278,195" oya="3" hai0="111,77,95,119,69,110,131,15,12,58,117,97,90" hai1="88,92,46,55,126,101,91,29,44,82,109,26,125" hai2="14,123,13,68,56,87,86,65,80,3,113,118,124" hai3="36,67,5,84,4,104,78,53,122,85,59,45,134"/><W70/><G104/><T63/><D69/><U128/><E109/><V21/><F3/><W0/><G122/><T11/><D77/><U100/><E128/><V41/><F68/><W116/><G116/><T106/><D11/><U76/><E100/><V43/><F118/><W50/><G134/><T37/><D106/><U98/><E76/><V72/><F123/><W71/><G71/><T48/><D37/><U19/><E19/><V115/><F72/><W57/><G70/><T135/><D48/><N who="1" m="29079" /><E44/><V33/><F33/><W42/><G0/><T121/><D63/><U6/><E6/><N who="3" m="2666" /><G36/><T16/><D58/><N who="3" m="22025" /><G67/><T52/><D121/><U103/><E82/><V38/><F56/><W99/><G78/><T66/><D135/><U89/><E125/><V62/><F38/><W35/><G35/><T39/><D119/><U47/><E126/><V93/><F62/><W22/><G42/><T18/><D117/><U9/><E47/><V40/><F124/><W130/><G130/><T7/><D66/><U114/><E114/><V64/><F43/><W133/><G133/><T60/><D131/><U75/><E75/><V10/><F115/><W73/><G73/><T132/><D132/><U83/><E83/><V74/><F113/><W49/><G49/><T96/><D39/><U27/><E92/><V17/><F93/><W120/><G120/><T81/><D111/><U24/><E98/><V25/><F80/><W2/><G2/><T51/><D110/><U1/><E29/><V105/><F65/><W31/><G99/><T61/><D97/><U34/><E34/><V102/><F64/><RYUUKYOKU ba="0,0" sc="97,-15,430,15,278,-15,195,15" hai1="1,9,24,26,27,88,89,91,101,103" hai3="22,31,45,50,53,84,85" /><INIT seed="3,1,0,3,0,66" ten="82,445,263,210" oya="3" hai0="11,72,108,50,26,54,82,44,127,48,37,122,115" hai1="133,18,80,128,75,70,85,21,53,114,30,110,47" hai2="91,43,131,88,46,19,25,4,118,64,14,62,119" hai3="71,73,117,113,126,78,116,129,40,5,93,34,29"/><W31/><G113/><T101/><D115/><U134/><E75/><V112/><F131/><W32/><G5/><T104/><D122/><U58/><E70/><V67/><F112/><W111/><G129/><T49/><D127/><U55/><E110/><V0/><F0/><W65/><G126/><T15/><D108/><U74/><E74/><V52/><F4/><W99/><G111/><T23/><D37/><U69/><E69/><V84/><F25/><W120/><G120/><T41/><D104/><U7/><E7/><V97/><F97/><W8/><G8/><T17/><D101/><U60/><E30/><N who="3" m="11274" /><G40/><T36/><D72/><U56/><E128/><V13/><F43/><W130/><G130/><T107/><D107/><U1/><E1/><V79/><F79/><W92/><G99/><T100/><D36/><U81/><E114/><V94/><F94/><N who="3" m="36459" /><G78/><T39/><D100/><U103/><E103/><V10/><F10/><W76/><G76/><T35/><D39/><U22/><E60/><V132/><F132/><W24/><G24/><T124/><D35/><N who="3" m="13353" /><G73/><T89/><D124/><U109/><E109/><V105/><F105/><W61/><G61/><T106/><D106/><U123/><E123/><V59/><F62/><W86/><G86/><T16/><REACH who="0" step="1"/><D41/><REACH who="0" ten="72,445,263,210" step="2"/><U90/><E85/><AGARI ba="1,1" hai="11,15,16,17,23,26,44,48,49,50,54,82,85,89" machi="85" ten="40,12000,2" yaku="1,1,2,1,25,2,8,1,54,1,53,1" doraHai="66" doraHaiUra="9" who="0" fromWho="1" sc="72,133,445,-123,263,0,210,0" owari="205,-29.0,322,42.0,263,6.0,210,-19.0" /></mjloggm>