<mjloggm ver="2.3"><GO type="97" lobby="0"/><UN n0="%5E%6F%5E%40%48%4C%4E" n1="%E3%82%A6%E3%83%AB%E3%83%88%E3%83%A9%E7%AB%8B%E7%9B%B4" n2="%6B%61%6E%74%75%75" n3="%E3%81%8F%E3%82%8D%E3%82%A2%E3%82%B3" dan="14,14,15,13" rate="1908.48,1919.69,2035.62,1848.42" sx="M,M,M,M"/><TAIKYOKU oya="0"/><INIT seed="0,0,0,5,4,0" ten="250,250,250,250" oya="0" hai0="43,48,105,1,132,6,5,83,60,84,58,118,14" hai1="117,112,104,80,89,13,101,4,44,24,92,72,77" hai2="7,37,16,64,42,29,134,131,2,3,108,39,94" hai3="40,57,18,69,76,68,36,47,88,34,91,96,133"/><T66/><D118/><U33/><E117/><V86/><F134/><W128/><G133/><T100/><D1/><U49/><E112/><V130/><F108/><W124/><G128/><N who="2" m="49193" /><F64/><W109/><G109/><T123/><D123/><U81/><E81/><V62/><F62/><W15/><G124/><T65/><D132/><U90/><E24/><V38/><F29/><W121/><G34/><T93/><D105/><U21/><E33/><V59/><F59/><W52/><G121/><T41/><D65/><U35/><E35/><V106/><F106/><W71/><G76/><N who="0" m="46183" /><D14/><U56/><E56/><V20/><F42/><N who="0" m="15882" /><D48/><U67/><E49/><V126/><F126/><W113/><G113/><T45/><D45/><U103/><E44/><V120/><F120/><W26/><G26/><T53/><D66/><U19/><E67/><V73/><F73/><W17/><G96/><AGARI ba="0,0" hai="5,6,53,58,60,93,96,100" m="15882,46183" machi="96" ten="30,5800,0" yaku="8,1,52,2" doraHai="0" who="0" fromWho="3" sc="250,58,250,0,250,0,250,-58" /><INIT seed="0,1,0,5,1,11" ten="308,250,250,192" oya="0" hai0="30,28,79,6,91,64,105,99,95,52,78,87,76" hai1="110,26,122,45,16,37,80,42,60,57,59,49,93" hai2="10,100,109,120,82,13,65,55,48,84,107,47,54" hai3="25,115,121,46,61,97,58,130,33,38,32,20,101"/><T51/><D64/><U73/><E122/><V94/><F120/><W133/><G115/><T19/><D6/><U0/><E0/><V29/><F107/><W14/><G133/><T128/><D128/><U114/><E110/><V71/><F109/><W125/><G125/><T116/><D116/><U77/><E114/><V69/><F29/><W62/><G130/><T124/><D124/><U50/><E93/><V3/><F3/><W34/><G121/><T83/><D19/><U12/><E26/><V5/><F55/><W127/><G127/><T132/><D105/><U23/><E59/><V24/><F24/><W15/><G38/><T88/><D132/><U86/><E86/><V4/><BYE who="1" /><F4/><W106/><G46/><AGARI ba="1,0" hai="28,30,46,51,52,76,78,79,83,87,88,91,95,99" machi="46" ten="40,7700,0" yaku="8,1,54,2" doraHai="11" who="0" fromWho="3" sc="308,80,250,0,250,0,192,-80" /><UN n1="%E3%82%A6%E3%83%AB%E3%83%88%E3%83%A9%E7%AB%8B%E7%9B%B4" /><INIT seed="0,2,0,0,3,29" ten="388,250,250,112" oya="0" hai0="79,115,64,20,4,110,113,52,55,70,122,5,31" hai1="73,2,121,25,134,19,132,13,57,12,23,24,18" hai2="99,128,34,10,56,37,98,114,59,130,133,16,26" hai3="94,40,100,8,125,68,14,126,7,107,111,127,109"/><T75/><D122/><U0/><E73/><V108/><F37/><W47/><G68/><T17/><D70/><U42/><E57/><N who="2" m="22091" /><F114/><W48/><G107/><T66/><D110/><N who="3" m="41993" /><G94/><T119/><D31/><U89/><E42/><V38/><F38/><W27/><G27/><T124/><D75/><U78/><E89/><V76/><F76/><W41/><G100/><T58/><D79/><U3/><E78/><V53/><F53/><AGARI ba="2,0" hai="7,8,14,40,41,47,48,53,125,126,127" m="41993" machi="53" ten="40,2600,0" yaku="18,1,14,1" doraHai="29" who="3" fromWho="2" sc="388,0,250,0,250,-32,112,32" /><INIT seed="1,0,0,5,2,122" ten="388,250,218,144" oya="1" hai0="59,127,75,24,111,51,58,43,133,42,84,123,124" hai1="131,38,68,70,98,76,72,69,125,121,35,48,132" hai2="112,55,21,93,73,105,67,47,26,108,129,28,71" hai3="83,110,114,9,81,96,13,120,32,82,66,54,61"/><U79/><E121/><V88/><F112/><W128/><G120/><T10/><D75/><U25/><E48/><V119/><F119/><W52/><G114/><T64/><D133/><U118/><E118/><V89/><F73/><W40/><G32/><T134/><D134/><U86/><E132/><V99/><F129/><W97/><G128/><T101/><D101/><U87/><E131/><V90/><F105/><W23/><G110/><T20/><D111/><U85/><E38/><V130/><F130/><W53/><G23/><T0/><D59/><U14/><E125/><V80/><F108/><W8/><G40/><T3/><D123/><U78/><E98/><N who="3" m="37994" /><G13/><T50/><D0/><U115/><E115/><V15/><F15/><W45/><G45/><T60/><D3/><U36/><E36/><V102/><F67/><W22/><G22/><T4/><D43/><U104/><E14/><V1/><F1/><W106/><G106/><T37/><D37/><U92/><E104/><V103/><F71/><W18/><G18/><T5/><D42/><U117/><E117/><V57/><F47/><W6/><G6/><T39/><D39/><U94/><E72/><V100/><REACH who="2" step="1"/><F80/><REACH who="2" ten="388,250,208,144" step="2"/><N who="3" m="20483" /><W46/><DORA hai="34" /><G46/><T65/><D127/><U63/><E25/><V2/><F2/><W44/><G44/><T107/><D124/><U16/><E70/><V95/><F95/><W41/><G41/><T116/><D107/><U27/><E69/><V30/><F30/><W11/><G66/><T56/><D116/><U12/><E92/><V135/><F135/><W49/><G49/><AGARI ba="0,1" hai="21,26,28,49,55,57,88,89,90,93,99,100,102,103" machi="49" ten="40,8000,1" yaku="1,1,8,1,54,1,53,1" doraHai="122,34" doraHaiUra="109,91" who="2" fromWho="3" sc="388,0,250,0,208,90,144,-80" /><INIT seed="2,0,0,1,0,90" ten="388,250,298,64" oya="2" hai0="33,58,86,11,108,52,89,102,34,51,127,5,27" hai1="15,12,6,122,2,99,131,66,63,117,70,94,133" hai2="10,91,31,100,97,17,59,113,78,114,105,80,38" hai3="39,67,29,132,84,1,32,135,47,126,119,50,37"/><V54/><F38/><W107/><G1/><T81/><D127/><U30/><E117/><V121/><F121/><W62/><G119/><T55/><D108/><U60/><E122/><V43/><F43/><W76/><G107/><T125/><D125/><U68/><E131/><V92/><F31/><W106/><G106/><T82/><D102/><U69/><E133/><N who="3" m="51274" /><G32/><T8/><D11/><U87/><E2/><V79/><F79/><W104/><G104/><T48/><D27/><U130/><E130/><V7/><F17/><W98/><G98/><T116/><D116/><U96/><E30/><V103/><F103/><W16/><G29/><T14/><D82/><U28/><E28/><V112/><F100/><W4/><G4/><T111/><D111/><U42/><E70/><V13/><F105/><W134/><N who="3" m="51282" /><W85/><DORA hai="41" /><G76/><T129/><D129/><U56/><E6/><V9/><F9/><W64/><G126/><T115/><D115/><U45/><E99/><V36/><F36/><N who="3" m="13899" /><G16/><T61/><D33/><U101/><E87/><N who="3" m="33354" /><G62/><T93/><D34/><U88/><E101/><V23/><F114/><W123/><G123/><T18/><D61/><U95/><E63/><N who="2" m="36343" /><F113/><W21/><G21/><N who="0" m="11479" /><D81/><U118/><E118/><V72/><F23/><W120/><G120/><T35/><D35/><U73/><E68/><V25/><F112/><W46/><G50/><T49/><D8/><U57/><E69/><V124/><F124/><W75/><G75/><T26/><D5/><U53/><E73/><V128/><F128/><W24/><G24/><T74/><D26/><U20/><E20/><RYUUKYOKU ba="0,0" sc="388,-15,250,-15,298,15,64,15" hai2="7,10,13,25,72,78,80,91,92,97" hai3="46,47,64,67" /><INIT seed="2,1,0,0,2,53" ten="373,235,313,79" oya="2" hai0="131,0,85,35,121,28,43,32,112,55,11,69,91" hai1="67,15,90,81,135,10,29,83,106,2,122,89,71" hai2="118,117,51,120,124,76,31,48,108,104,101,1,111" hai3="65,110,26,36,130,100,95,94,4,17,60,33,56"/><V37/><F120/><W38/><G110/><N who="2" m="42025" /><F37/><W74/><G130/><T68/><D121/><U127/><E2/><V72/><F124/><W132/><G74/><T109/><D109/><U45/><E122/><V59/><F1/><W103/><G132/><T62/><D112/><U126/><E106/><V34/><F34/><W84/><G4/><T13/><D131/><U107/><E107/><V19/><F31/><W47/><G47/><T12/><D43/><U119/><E119/><V58/><F19/><W113/><G113/><T87/><D0/><U25/><E135/><V88/><F88/><W3/><G3/><T133/><D133/><U129/><E129/><V52/><F76/><W6/><G6/><T46/><D28/><U44/><E90/><V97/><F72/><W24/><G33/><T96/><D96/><U114/><E114/><V82/><F82/><W75/><G75/><T8/><D91/><U80/><E89/><V41/><F41/><W98/><G17/><T20/><D35/><U66/><E126/><V27/><F27/><W39/><REACH who="3" step="1"/><G84/><REACH who="3" ten="373,235,313,69" step="2"/><T73/><D32/><U128/><E127/><V102/><F118/><W23/><G23/><T54/><D20/><N who="1" m="15527" /><E128/><V61/><F117/><W42/><G42/><T93/><D73/><U92/><E44/><V125/><F125/><W22/><G22/><T7/><D46/><U21/><E45/><V86/><F86/><W79/><G79/><T70/><D7/><U30/><E21/><V77/><F77/><W64/><G64/><N who="1" m="24618" /><E30/><V9/><F9/><W57/><G57/><T5/><D11/><U105/><E10/><RYUUKYOKU ba="1,1" sc="373,-10,235,-10,313,-10,69,30" hai3="24,26,36,38,39,56,60,65,94,95,98,100,103" /><INIT seed="3,2,1,2,4,93" ten="363,225,303,99" oya="3" hai0="44,67,64,36,26,35,107,66,46,52,133,17,78" hai1="85,105,45,113,38,88,120,23,59,71,43,82,83" hai2="50,54,126,15,131,130,101,68,115,39,24,117,99" hai3="61,31,51,14,16,11,80,27,112,75,10,55,60"/><W110/><G112/><T73/><D107/><U102/><E113/><V134/><F117/><W124/><G124/><T30/><D133/><U84/><E120/><V22/><F115/><W76/><G110/><T90/><D90/><U32/><E32/><V121/><F121/><W48/><G11/><T128/><D128/><N who="2" m="49194" /><F68/><W94/><G94/><T9/><D44/><U125/><E125/><V33/><F33/><W118/><G118/><T57/><D64/><U127/><E127/><V116/><F39/><W89/><G89/><T62/><D17/><U129/><E129/><V96/><F126/><W109/><G109/><T91/><D9/><U77/><E71/><V18/><F116/><W119/><G119/><T100/><D100/><U28/><E59/><N who="2" m="33239" /><F134/><W70/><G70/><T74/><D36/><U92/><E105/><V25/><F101/><W42/><G42/><T135/><D135/><U1/><E1/><V58/><F58/><W87/><G75/><T20/><D73/><U8/><E8/><V13/><F13/><W56/><REACH who="3" step="1"/><G51/><REACH who="3" ten="363,225,303,89" step="2"/><N who="0" m="28791" /><D74/><U0/><E0/><V79/><F79/><W29/><G29/><T95/><D78/><U104/><E104/><V47/><F47/><W69/><G69/><T5/><D30/><U2/><E2/><V103/><F103/><W53/><G53/><T37/><D66/><U97/><REACH who="1" step="1"/><E28/><REACH who="1" ten="363,215,303,89" step="2"/><V6/><F6/><W3/><G3/><T63/><D67/><U65/><E65/><V12/><F12/><W49/><G49/><T7/><D37/><U21/><AGARI ba="2,3" hai="21,23,38,43,45,77,82,83,84,85,88,92,97,102" machi="21" ten="30,7900,0" yaku="1,1,0,1,52,1,54,1,53,0" doraHai="93" doraHaiUra="108" who="1" fromWho="1" sc="363,-22,215,115,303,-22,89,-41" owari="341,44.0,330,13.0,281,-12.0,48,-45.0" /></mjloggm>