<mjloggm ver="2.3"><GO type="169" lobby="0"/><UN n0="%E3%82%AC%E3%83%B3%E3%82%B8%E3%83%BC" n1="%E3%82%A6%E3%83%AB%E3%83%88%E3%83%A9%E7%AB%8B%E7%9B%B4" n2="%74%61%72%6F%6F" n3="%E7%A2%BA%E8%AA%8D%E4%BA%8B%E9%A0%85" dan="16,17,18,17" rate="2139.06,2215.03,2235.41,2080.76" sx="M,M,M,M"/><TAIKYOKU oya="0"/><INIT seed="0,0,0,2,2,62" ten="250,250,250,250" oya="0" hai0="74,66,21,80,83,134,89,94,45,26,118,10,81" hai1="114,124,88,71,77,28,29,116,35,56,97,63,92" hai2="30,42,8,52,119,105,131,20,16,112,87,47,111" hai3="64,103,0,11,9,108,69,3,46,32,115,76,75"/><T126/><D118/><U61/><E116/><V120/><F112/><W53/><G115/><T38/><D74/><U109/><E114/><V41/><F120/><W12/><G108/><T31/><D134/><U117/><E117/><V68/><F105/><W73/><G32/><T99/><D126/><U70/><E109/><V72/><F72/><W7/><G103/><T127/><D127/><U122/><E122/><V25/><F68/><W123/><G123/><T86/><D10/><U51/><E124/><V101/><F101/><W129/><G129/><T59/><D38/><U65/><E77/><V17/><F131/><W82/><G75/><T13/><D45/><U102/><E35/><V33/><F111/><W39/><G11/><T58/><D13/><U27/><E27/><V128/><F128/><W106/><G106/><T67/><REACH who="0" step="1"/><D99/><REACH who="0" ten="240,250,250,250" step="2"/><U36/><E36/><V18/><F119/><W93/><G39/><T19/><D19/><U91/><E28/><V40/><F8/><W96/><G46/><T100/><D100/><U55/><E29/><V107/><F87/><W44/><G3/><T34/><D34/><U2/><E2/><V50/><REACH who="2" step="1"/><F107/><REACH who="2" ten="240,250,240,250" step="2"/><W110/><G110/><T98/><D98/><U22/><E22/><AGARI ba="0,2" hai="16,17,18,20,22,25,30,33,40,41,42,47,50,52" machi="22" ten="40,8000,1" yaku="1,1,2,1,54,2,53,0" doraHai="62" doraHaiUra="54" who="2" fromWho="1" sc="240,0,250,-80,240,100,250,0" /><INIT seed="1,0,0,0,0,112" ten="240,170,340,250" oya="1" hai0="123,53,116,129,58,46,99,82,72,15,125,90,88" hai1="12,111,114,42,1,41,91,47,135,120,127,7,10" hai2="18,23,80,14,8,113,13,33,31,61,77,43,0" hai3="50,63,11,134,29,103,100,57,35,87,121,93,60"/><U30/><E120/><V25/><F113/><W115/><G115/><T130/><D125/><U3/><E114/><V106/><F106/><W128/><G121/><T4/><D46/><U16/><E127/><V67/><F43/><W73/><G73/><T24/><D123/><U54/><E111/><V55/><F55/><W64/><G128/><N who="0" m="49259" /><D24/><U94/><E135/><V48/><F48/><W36/><G36/><T104/><D4/><U28/><E54/><V126/><F126/><W76/><G11/><T96/><D15/><U69/><E69/><V102/><F102/><W70/><G50/><N who="0" m="31031" /><D116/><U105/><E105/><V9/><F0/><W20/><G35/><T32/><D32/><U92/><E92/><V65/><F61/><W133/><G93/><T44/><D44/><U78/><E78/><V122/><F33/><W5/><G5/><T37/><D37/><U51/><E42/><V22/><F122/><W118/><G118/><T131/><N who="0" m="49267" /><T108/><DORA hai="26" /><D108/><U101/><E101/><V81/><F81/><N who="3" m="47527" /><G133/><T17/><D17/><U66/><E66/><N who="2" m="25099" /><F14/><W71/><G134/><T98/><D104/><U132/><E132/><V19/><F19/><W68/><G60/><T56/><D56/><U110/><E110/><V79/><F80/><W52/><G64/><T107/><D107/><U39/><E39/><V95/><F95/><W40/><G40/><T59/><D59/><U86/><E3/><V89/><F13/><W119/><G119/><T38/><D38/><U97/><E97/><N who="0" m="24833" /><T75/><DORA hai="109" /><D75/><U84/><E84/><V117/><F117/><W34/><G34/><RYUUKYOKU ba="0,0" sc="240,10,170,10,340,-30,250,10" hai0="72,82,88,90" hai1="1,7,10,12,16,28,30,41,47,51,86,91,94" hai3="20,29,52,57,63,68,70,71,100,103" /><INIT seed="1,1,0,1,2,75" ten="250,180,310,260" oya="1" hai0="92,21,93,90,53,20,81,30,70,97,45,69,129" hai1="47,49,17,112,116,71,107,131,121,85,89,37,108" hai2="115,67,134,39,118,26,80,130,104,95,16,61,87" hai3="7,23,59,19,127,34,105,12,68,94,73,9,72"/><U110/><E107/><V14/><F104/><W62/><G105/><T86/><D129/><U76/><E121/><V65/><F39/><W125/><G68/><T126/><D126/><N who="3" m="48137" /><G94/><T10/><D69/><U22/><E116/><V0/><F0/><N who="3" m="231" /><G34/><T119/><D70/><U88/><E112/><V74/><F118/><W25/><G25/><T109/><D119/><U56/><E71/><V40/><F26/><W15/><G15/><T60/><D92/><U28/><E28/><V35/><F95/><W132/><G132/><T32/><D30/><U24/><E131/><V77/><F35/><W55/><AGARI ba="1,0" hai="12,19,23,55,59,62,72,73" m="231,48137" machi="55" ten="30,1100,0" yaku="18,1" doraHai="75" who="3" fromWho="3" sc="250,-4,180,-6,310,-4,260,14" /><INIT seed="2,0,0,4,4,43" ten="246,174,306,274" oya="2" hai0="71,48,47,26,95,17,11,120,7,107,10,54,101" hai1="6,14,127,102,90,60,66,33,89,110,132,4,12" hai2="0,118,130,97,88,65,124,13,58,131,114,16,70" hai3="50,112,79,91,23,73,49,83,42,67,62,37,81"/><V63/><F118/><W116/><G116/><T68/><D107/><U128/><E33/><V78/><F0/><W129/><G129/><N who="2" m="49161" /><F114/><W8/><G112/><T57/><D120/><U119/><E119/><V34/><F34/><W61/><G23/><T46/><D71/><U53/><E128/><V117/><F117/><W41/><G8/><N who="0" m="3115" /><D68/><U109/><E102/><V9/><F78/><W44/><G42/><T52/><D7/><U104/><E104/><V29/><F29/><W30/><G30/><T100/><D54/><U85/><E53/><V56/><F124/><W80/><G62/><T64/><D64/><U82/><E127/><V22/><F9/><W1/><G1/><T87/><D101/><U94/><E132/><V55/><F55/><W20/><G20/><N who="0" m="13583" /><D87/><U86/><E6/><V113/><F113/><W51/><REACH who="3" step="1"/><G91/><REACH who="3" ten="246,174,306,264" step="2"/><T135/><D135/><U15/><REACH who="1" step="1"/><E4/><REACH who="1" ten="246,164,306,264" step="2"/><V69/><F69/><AGARI ba="0,2" hai="37,41,44,49,50,51,61,67,69,73,79,80,81,83" machi="69" ten="40,12000,2" yaku="1,1,2,1,52,1,53,3" doraHai="43" doraHaiUra="76" who="3" fromWho="2" sc="246,0,164,0,306,-120,264,140" /><AGARI ba="0,0" hai="12,14,15,60,66,69,82,85,86,89,90,94,109,110" machi="69" ten="40,5200,0" yaku="1,1,2,1,53,1" doraHai="43" doraHaiUra="76" who="1" fromWho="2" sc="246,0,164,52,186,-52,404,0" /><INIT seed="3,0,0,4,0,123" ten="246,216,134,404" oya="3" hai0="1,63,119,58,116,19,40,130,107,77,52,62,5" hai1="102,73,98,18,94,4,132,115,45,82,76,56,100" hai2="8,35,9,27,90,64,71,125,32,51,78,31,91" hai3="28,29,47,0,79,59,112,49,129,44,10,12,22"/><W84/><G112/><T48/><D107/><U65/><E115/><V113/><F113/><W25/><G0/><T134/><D77/><U85/><E132/><V50/><F78/><W114/><G114/><T66/><D19/><U67/><E4/><V6/><F125/><W46/><G129/><T21/><D21/><U54/><E73/><V126/><F126/><W38/><G38/><T101/><D101/><U120/><E120/><V80/><F32/><W131/><G131/><T86/><D130/><U60/><E45/><V104/><F104/><W20/><G79/><T127/><D127/><U93/><E18/><V117/><F117/><N who="0" m="45130" /><D86/><U70/><E70/><V75/><F75/><W74/><G74/><T92/><D5/><U68/><E68/><V133/><F133/><W23/><G84/><T111/><D92/><U88/><E76/><V99/><F80/><W43/><G29/><T36/><D1/><U87/><E87/><V37/><F37/><W122/><G122/><T17/><D17/><U108/><E108/><V109/><F109/><W39/><G59/><N who="0" m="37247" /><D134/><U26/><E26/><V42/><F99/><AGARI ba="0,0" hai="54,56,60,65,67,82,85,88,93,94,98,99,100,102" machi="99" ten="40,5200,0" yaku="9,1,8,1,54,1" doraHai="123" who="1" fromWho="2" sc="246,0,216,52,134,-52,404,0" /><INIT seed="4,0,0,0,4,31" ten="246,268,82,404" oya="0" hai0="112,48,129,46,73,79,77,84,98,52,111,90,10" hai1="61,18,131,67,62,105,42,5,71,87,32,123,85" hai2="68,128,116,106,57,130,115,20,34,15,76,1,60" hai3="65,21,7,55,114,113,11,0,133,119,47,13,101"/><T91/><D112/><N who="3" m="43113" /><G119/><T96/><D129/><U88/><E131/><V56/><F106/><W95/><G65/><T58/><D111/><U23/><E87/><V64/><F115/><W107/><G107/><T51/><D73/><U27/><E105/><V44/><F1/><W14/><G21/><T122/><D122/><U4/><E123/><V135/><F116/><W74/><G74/><T50/><D10/><U40/><E61/><V83/><F135/><W66/><G66/><T127/><D127/><U35/><E42/><V110/><F110/><W78/><G78/><N who="0" m="29707" /><D91/><U54/><E54/><V8/><F44/><W108/><G133/><T109/><D109/><U41/><E41/><V89/><F89/><W120/><G120/><T124/><D124/><U104/><E40/><V45/><F45/><W25/><G25/><T30/><D30/><U49/><E49/><N who="0" m="19049" /><D46/><U126/><E104/><V86/><F20/><W36/><G108/><T102/><D102/><U12/><E126/><V43/><F43/><N who="3" m="23015" /><G55/><T2/><D2/><U39/><E39/><V134/><F134/><W59/><G59/><T6/><D6/><U33/><REACH who="1" step="1"/><E27/><REACH who="1" ten="246,258,82,404" step="2"/><V92/><F130/><W97/><AGARI ba="0,1" hai="0,7,11,13,14,95,97,101" m="23015,43113" machi="97" ten="30,1100,0" yaku="15,1" doraHai="31" who="3" fromWho="3" sc="246,-5,258,-3,82,-3,404,21" /><INIT seed="5,0,0,3,3,18" ten="241,255,79,425" oya="1" hai0="43,114,91,19,116,51,25,48,117,10,102,94,16" hai1="74,31,88,121,100,73,80,22,79,71,29,33,56" hai2="32,124,1,115,2,103,84,50,98,26,62,92,85" hai3="9,13,15,21,130,58,96,69,111,125,28,93,134"/><U87/><E71/><V39/><F39/><W89/><G69/><T38/><D38/><U67/><E121/><V83/><F124/><W35/><G35/><T108/><D108/><U66/><E33/><V78/><F115/><W14/><G125/><T106/><D106/><U113/><E74/><V40/><F62/><W99/><G111/><T127/><D127/><U64/><E113/><V12/><F12/><W34/><G34/><T55/><D102/><U105/><E56/><V112/><F112/><W128/><G134/><T44/><D114/><U63/><E63/><V119/><F119/><W36/><G36/><T126/><D126/><U90/><E90/><V42/><F42/><W3/><G58/><T20/><D10/><U107/><E107/><V37/><F37/><W104/><G3/><T52/><D19/><U53/><E53/><V60/><F60/><W110/><G110/><T68/><D68/><U133/><E133/><V8/><F8/><W4/><G104/><T118/><REACH who="0" step="1"/><D51/><REACH who="0" ten="231,255,79,425" step="2"/><U7/><E7/><V135/><F135/><W41/><G4/><T97/><AGARI ba="0,1" hai="16,20,25,43,44,48,52,55,91,94,97,116,117,118" machi="97" ten="30,12000,2" yaku="1,1,2,1,0,1,52,1,54,2,53,0" doraHai="18" doraHaiUra="24" who="0" fromWho="0" sc="231,130,255,-60,79,-30,425,-30" /><INIT seed="6,0,0,0,2,22" ten="361,195,49,395" oya="2" hai0="95,58,10,111,61,131,109,118,35,36,60,70,121" hai1="18,6,23,20,51,7,113,25,85,129,38,79,99" hai2="41,8,47,122,59,125,56,15,94,39,13,106,45" hai3="16,65,21,5,91,76,62,53,26,19,96,12,132"/><V73/><F106/><W77/><G132/><T29/><D121/><U98/><E38/><V124/><F122/><W27/><G5/><N who="1" m="1546" /><E129/><V3/><F73/><W80/><G53/><T75/><D75/><U49/><E113/><V1/><F94/><N who="3" m="56415" /><G19/><T32/><D36/><U102/><E23/><V54/><F39/><W50/><G50/><N who="1" m="18954" /><E102/><V37/><F37/><W127/><G127/><T72/><D72/><U2/><E2/><V101/><F101/><W42/><G42/><T83/><D32/><U89/><E89/><V81/><F81/><AGARI ba="0,0" hai="18,20,25,79,81,85,98,99" m="18954,1546" machi="81" ten="30,2000,0" yaku="8,1,52,1" doraHai="22" who="1" fromWho="2" sc="361,0,195,20,49,-20,395,0" /><INIT seed="7,0,0,2,5,133" ten="361,215,29,395" oya="3" hai0="107,30,10,52,89,95,94,33,126,128,41,40,127" hai1="72,35,83,75,57,16,96,56,122,65,48,109,115" hai2="134,87,55,125,54,34,68,101,84,20,64,118,135" hai3="111,38,12,45,39,59,114,105,1,36,132,44,120"/><W103/><G1/><T108/><D108/><U17/><E35/><V19/><F34/><W117/><G117/><T88/><D107/><U78/><E109/><V85/><F118/><W61/><G111/><T6/><D128/><U67/><E122/><V5/><F5/><W70/><G70/><T7/><D33/><U13/><E96/><V49/><F101/><W69/><G69/><T86/><D30/><U81/><E48/><V23/><F68/><W82/><G120/><T60/><D60/><U2/><E13/><V26/><F64/><W91/><G114/><T121/><D121/><U22/><E22/><V131/><F131/><W46/><G132/><T3/><D6/><U97/><E97/><V76/><F85/><W9/><G103/><T62/><D62/><U21/><E21/><V63/><F63/><W8/><G105/><T71/><D71/><U0/><E78/><V50/><F19/><W113/><G113/><AGARI ba="0,0" hai="0,2,16,17,56,57,65,67,72,75,81,83,113,115" machi="113" ten="25,3200,0" yaku="22,2,54,1" doraHai="133" who="1" fromWho="3" sc="361,0,215,32,29,0,395,-32" owari="361,16.0,247,-15.0,29,-47.0,363,46.0" /></mjloggm>