<mjloggm ver="2.3"><GO type="41" lobby="0"/><UN n0="%E3%82%A6%E3%83%AB%E3%83%88%E3%83%A9%E7%AB%8B%E7%9B%B4" n1="%4F%5A%4B%59" n2="%63%68%61%72%73%69" n3="%E3%82%82%E3%81%90%E3%81%8A" dan="15,14,14,13" rate="2013.39,1934.84,1913.32,1832.21" sx="M,M,M,M"/><TAIKYOKU oya="0"/><INIT seed="0,0,0,2,5,6" ten="250,250,250,250" oya="0" hai0="12,107,1,13,7,106,90,99,43,123,116,25,70" hai1="34,126,81,60,14,36,61,125,93,127,122,95,76" hai2="80,129,91,69,42,41,9,128,16,5,22,62,102" hai3="75,26,35,37,58,92,88,135,105,86,114,117,47"/><T44/><D123/><U87/><E122/><V79/><F102/><W89/><G114/><T48/><D116/><U119/><E34/><V109/><F109/><W68/><G117/><T0/><D70/><U46/><E119/><V110/><F110/><W53/><G135/><T49/><D25/><U21/><E36/><V39/><F91/><W8/><G105/><T67/><D67/><U31/><E46/><V120/><F120/><W124/><G124/><T54/><D107/><U84/><E84/><V121/><F121/><W3/><G75/><T17/><D7/><U131/><E131/><N who="2" m="50251" /><F39/><W132/><G132/><T45/><D13/><U2/><E2/><N who="2" m="183" /><F62/><N who="1" m="24169" /><E31/><V27/><F69/><W33/><G68/><T98/><D99/><U78/><E78/><V101/><F101/><W10/><G3/><T97/><D97/><U103/><E103/><V73/><AGARI ba="0,0" hai="16,22,27,41,42,73,79,80" m="183,50251" machi="73" ten="30,4000,0" yaku="19,1,52,1,54,1" doraHai="6" who="2" fromWho="2" sc="250,-20,250,-10,250,40,250,-10" /><INIT seed="1,0,0,1,2,52" ten="230,240,290,240" oya="1" hai0="12,34,90,123,17,40,118,49,43,104,78,8,42" hai1="57,25,92,55,30,16,91,32,28,111,134,110,129" hai2="29,35,50,121,26,69,41,73,4,71,23,83,132" hai3="2,59,96,80,54,94,70,22,125,7,15,135,11"/><U116/><E116/><V84/><F121/><W24/><G70/><T85/><D104/><U37/><E37/><V39/><F132/><W1/><G135/><T130/><D34/><U97/><E134/><V77/><F4/><W21/><G80/><T27/><D118/><U72/><E72/><V20/><F39/><W81/><G81/><T89/><D130/><U44/><E129/><V61/><F61/><W47/><G47/><T10/><D123/><U19/><E44/><V51/><F51/><W119/><G119/><T100/><D100/><U79/><E79/><V128/><F128/><W115/><G115/><T114/><D114/><U112/><E28/><V0/><F0/><W87/><G87/><T131/><D131/><U95/><E95/><V65/><F65/><W124/><G1/><T48/><D27/><U108/><E112/><V117/><F117/><W13/><G13/><N who="0" m="7335" /><D78/><U107/><E107/><V101/><F101/><W53/><G53/><T74/><D74/><U9/><E9/><V126/><F71/><W14/><G14/><T86/><D86/><U33/><E33/><V127/><F69/><W31/><G22/><T64/><D64/><U6/><E6/><V75/><F73/><W113/><G113/><T102/><D102/><U122/><E122/><V63/><F75/><W5/><G5/><N who="0" m="3151" /><D89/><U76/><E76/><V58/><F77/><W60/><REACH who="3" step="1"/><G2/><REACH who="3" ten="230,240,290,230" step="2"/><T46/><D46/><U103/><E103/><AGARI ba="0,1" hai="7,11,15,21,24,31,54,59,60,94,96,103,124,125" machi="103" ten="40,8000,1" yaku="1,1,2,1,52,1,53,1" doraHai="52" doraHaiUra="88" who="3" fromWho="1" sc="230,0,240,-80,290,0,230,90" /><INIT seed="2,0,0,4,4,4" ten="230,160,290,320" oya="2" hai0="3,122,101,112,44,123,85,58,116,109,135,92,130" hai1="94,110,106,36,24,62,23,87,42,16,70,22,11" hai2="69,100,30,90,9,43,105,53,29,8,54,49,76" hai3="37,63,34,19,39,82,66,103,118,61,17,91,96"/><V97/><F69/><W50/><G118/><T132/><D58/><U59/><E106/><V27/><F76/><W28/><G50/><T65/><D65/><U52/><E70/><V6/><F30/><W89/><G34/><T104/><D44/><U84/><E110/><V126/><F126/><W5/><G28/><T71/><D85/><U13/><E94/><V134/><F134/><W26/><G5/><T120/><D92/><U111/><E111/><V93/><F43/><W125/><G125/><T107/><D101/><U133/><E133/><V40/><F40/><W33/><G33/><T15/><D15/><N who="1" m="9503" /><E36/><V0/><F49/><W129/><G129/><T48/><D48/><U45/><E45/><V51/><F51/><W99/><G26/><T60/><D60/><U86/><E42/><V114/><F114/><W121/><G121/><T7/><D7/><N who="1" m="3327" /><E87/><V12/><F100/><W128/><G103/><T56/><D56/><U25/><E25/><V32/><F105/><W77/><G128/><T131/><D122/><U81/><E81/><V31/><F31/><AGARI ba="0,0" hai="23,24,31,52,59,62,84,86" m="3327,9503" machi="31" ten="30,7700,0" yaku="8,1,52,1,54,2" doraHai="4" who="1" fromWho="2" sc="230,0,160,77,290,-77,320,0" /><INIT seed="3,0,0,2,2,116" ten="230,237,213,320" oya="3" hai0="85,34,94,27,5,62,131,92,114,18,57,133,58" hai1="68,97,130,123,112,41,52,2,70,109,24,110,55" hai2="115,61,71,29,95,14,26,64,99,103,121,35,100" hai3="4,111,36,20,59,11,65,72,83,37,56,38,10"/><W32/><G32/><T102/><D131/><U82/><E112/><V12/><F115/><W75/><G111/><N who="1" m="42506" /><E123/><V42/><F42/><W89/><G20/><T106/><D133/><U132/><E2/><V54/><F54/><N who="1" m="20521" /><E132/><V84/><F84/><W79/><BYE who="0" /><G89/><T22/><D22/><U17/><E130/><V39/><F39/><W3/><G10/><T91/><D91/><U117/><E117/><V47/><F47/><UN n0="%E3%82%A6%E3%83%AB%E3%83%88%E3%83%A9%E7%AB%8B%E7%9B%B4" /><W98/><G98/><T69/><D18/><U51/><E82/><V48/><F48/><W6/><G6/><T67/><D85/><U101/><E51/><V31/><F31/><W16/><G75/><T125/><D5/><U28/><E41/><V96/><REACH who="2" step="1"/><F121/><REACH who="2" ten="230,237,203,320" step="2"/><W76/><G79/><T13/><D114/><U77/><E28/><V50/><F50/><W80/><G76/><T40/><D40/><U90/><E77/><V66/><F66/><W81/><G72/><T124/><D67/><U25/><E97/><V113/><F113/><W21/><REACH who="3" step="1"/><G65/><REACH who="3" ten="230,237,203,310" step="2"/><T43/><D34/><U118/><E118/><V120/><F120/><W46/><G46/><T87/><D87/><U126/><E70/><V63/><F63/><W127/><G127/><T30/><D62/><U128/><E68/><V0/><F0/><W74/><G74/><T108/><D69/><U119/><E126/><V1/><F1/><W105/><G105/><AGARI ba="0,2" hai="12,14,26,29,35,61,64,71,95,96,99,100,103,105" machi="105" ten="30,7700,0" yaku="1,1,7,1,25,2,53,0" doraHai="116" doraHaiUra="33" who="2" fromWho="3" sc="230,0,237,0,203,97,310,-77" /><INIT seed="4,0,0,2,4,13" ten="230,237,300,233" oya="0" hai0="90,45,41,24,21,110,72,42,53,117,83,102,120" hai1="48,12,98,47,25,85,108,35,82,97,105,66,132" hai2="118,15,3,61,6,62,131,17,86,71,46,37,7" hai3="9,116,49,81,79,84,1,92,88,57,94,127,124"/><T122/><D117/><U60/><E108/><V126/><F118/><W38/><G38/><T73/><D110/><U14/><E132/><V69/><F126/><W43/><G116/><T68/><D68/><U109/><E109/><V75/><F75/><W114/><G114/><T10/><D42/><U101/><E98/><V70/><F131/><W91/><G1/><T93/><D102/><U104/><E104/><V28/><F28/><W34/><G34/><T29/><D53/><U36/><E36/><V23/><F86/><W27/><G27/><T129/><D129/><U33/><E33/><V30/><F30/><W55/><G9/><T106/><D106/><U39/><E39/><V18/><F3/><W22/><G22/><T119/><D119/><U112/><E112/><V2/><F2/><W44/><G91/><T113/><D113/><U77/><E25/><V59/><F62/><W133/><G133/><T95/><D10/><U64/><E35/><V100/><F100/><W121/><G121/><T20/><D20/><U40/><REACH who="1" step="1"/><E66/><REACH who="1" ten="230,227,300,233" step="2"/><V16/><F37/><W32/><G32/><T65/><D65/><U63/><E63/><V96/><F96/><W99/><REACH who="3" step="1"/><G94/><REACH who="3" ten="230,227,300,223" step="2"/><T19/><D95/><U80/><E80/><V5/><REACH who="2" step="1"/><F46/><REACH who="2" ten="230,227,290,223" step="2"/><W115/><G115/><T4/><D120/><U11/><E11/><V123/><F123/><W54/><G54/><AGARI ba="0,3" hai="5,6,7,15,16,17,18,23,54,59,61,69,70,71" machi="54" ten="50,12000,2" yaku="1,1,52,3,54,1,53,1" doraHai="13" doraHaiUra="56" who="2" fromWho="3" sc="230,0,227,0,290,150,223,-120" /><INIT seed="5,0,0,4,3,11" ten="230,227,440,103" oya="1" hai0="99,25,71,84,83,21,22,126,66,122,53,65,59" hai1="47,7,78,80,33,39,17,97,38,20,0,18,114" hai2="15,62,24,76,41,42,51,86,57,92,36,26,68" hai3="100,75,73,94,5,55,74,13,29,127,64,58,28"/><U124/><E33/><V125/><F125/><W30/><G127/><T72/><D72/><U104/><E124/><V103/><F36/><W121/><G121/><T34/><D34/><U69/><E114/><V19/><F68/><W1/><G1/><T85/><D71/><U90/><E69/><V87/><F76/><W23/><G64/><T45/><D45/><U106/><E18/><V31/><F31/><W50/><G30/><T113/><D113/><U112/><E112/><V115/><F115/><W109/><G109/><T37/><D37/><U118/><E118/><V89/><F103/><W43/><G43/><N who="2" m="16393" /><F51/><W61/><G61/><T110/><D110/><U63/><E47/><V96/><F26/><W2/><G2/><T134/><D134/><U82/><E63/><V131/><F24/><W117/><G117/><T133/><D133/><U107/><E7/><V27/><F27/><W12/><G5/><T16/><D126/><U44/><E44/><V35/><F131/><W8/><G8/><T14/><D99/><U46/><E46/><V91/><F35/><W6/><G6/><T3/><D3/><U116/><E0/><V40/><F91/><W105/><G105/><T48/><D122/><U79/><E116/><V77/><F40/><W129/><G129/><T88/><D84/><U81/><E90/><V67/><F77/><N who="1" m="29193" /><E97/><V32/><F32/><W130/><G130/><T119/><D119/><U49/><E49/><V108/><F108/><W9/><G9/><AGARI ba="0,0" hai="9,15,19,57,62,67,86,87,89,92,96" m="16393" machi="9" ten="30,2000,0" yaku="8,1,52,1" doraHai="11" who="2" fromWho="3" sc="230,0,227,0,440,20,103,-20" /><INIT seed="6,0,0,0,1,57" ten="230,227,460,83" oya="2" hai0="37,68,113,125,2,81,50,122,132,110,44,73,17" hai1="114,4,111,91,131,8,74,29,35,117,55,70,1" hai2="95,65,104,66,10,80,82,130,25,88,15,124,23" hai3="86,26,19,89,38,30,42,33,105,121,96,101,32"/><V85/><F104/><W3/><G121/><T12/><D81/><U63/><E74/><V103/><F130/><W39/><G3/><T92/><D92/><U84/><E111/><V18/><F124/><W31/><G19/><T69/><D50/><U134/><E131/><V133/><F133/><W108/><G108/><T47/><D17/><U64/><E117/><V78/><F103/><W120/><G120/><T107/><D12/><U11/><E134/><V109/><F109/><W99/><G99/><T62/><D62/><U100/><E114/><V90/><F82/><W40/><G39/><T126/><D47/><U75/><E75/><V22/><F22/><W118/><G38/><T28/><D28/><U123/><E123/><V13/><F13/><W20/><G20/><T54/><D54/><U36/><E36/><V76/><F90/><W6/><G118/><T51/><D51/><U41/><E41/><V77/><REACH who="2" step="1"/><F80/><REACH who="2" ten="230,227,450,83" step="2"/><W98/><G96/><T60/><D126/><U0/><E100/><V116/><F116/><W5/><G6/><AGARI ba="0,1" hai="6,10,15,18,23,25,65,66,76,77,78,85,88,95" machi="6" ten="40,7700,0" yaku="1,1,8,1,54,1,53,0" doraHai="57" doraHaiUra="97" who="2" fromWho="3" sc="230,0,227,0,450,87,83,-77" /><INIT seed="6,1,0,2,4,96" ten="230,227,537,6" oya="2" hai0="91,35,17,125,37,124,97,31,116,55,71,114,80" hai1="131,83,53,84,52,121,94,3,33,109,127,16,85" hai2="126,65,54,92,26,105,11,14,81,36,132,74,75" hai3="43,22,2,4,61,44,5,12,15,108,79,117,0"/><V42/><F65/><W30/><G117/><T62/><D37/><U41/><E109/><V25/><F105/><W21/><G79/><T100/><D114/><U23/><E33/><V58/><F126/><N who="0" m="48746" /><D116/><U120/><E3/><V24/><F132/><W122/><G61/><T112/><D112/><U73/><E127/><V70/><F70/><W64/><G64/><N who="0" m="41367" /><D55/><N who="1" m="21067" /><E131/><V88/><F81/><W69/><G69/><T77/><D91/><U133/><E41/><V95/><F42/><W27/><G43/><T46/><D46/><U87/><E133/><V113/><F36/><W32/><G44/><T68/><D68/><U20/><E94/><V63/><F95/><W50/><G50/><T67/><D67/><U102/><E73/><V48/><F113/><W40/><G40/><T89/><D89/><U101/><E83/><V1/><F48/><W110/><G122/><N who="1" m="47210" /><E23/><V9/><F75/><W93/><G93/><N who="0" m="58415" /><D17/><U29/><E29/><V66/><F74/><W56/><G56/><T34/><D31/><U13/><AGARI ba="1,0" hai="13,16,20,84,85,87,101,102" m="47210,21067" machi="13" ten="40,8000,1" yaku="13,1,52,2,54,2" doraHai="96" who="1" fromWho="1" sc="230,-21,227,83,537,-41,6,-21" owari="209,-19.0,310,11.0,496,60.0,-15,-52.0" /></mjloggm>