<mjloggm ver="2.3"><GO type="41" lobby="0"/><UN n0="%79%6F%74%31%32%33" n1="%6D%53" n2="%E9%A7%84%E5%A6%B9" n3="%E5%B0%B1%E6%B4%BB%E7%94%9F%40%E5%B7%9D%E6%9D%91%E8%BB%8D%E5%9B%A3" dan="15,14,15,15" rate="2013.69,1932.23,1996.02,2000.77" sx="M,M,F,M"/><TAIKYOKU oya="0"/><INIT seed="0,0,0,2,4,58" ten="250,250,250,250" oya="0" hai0="119,129,35,4,76,49,2,72,77,26,88,33,131" hai1="23,25,130,17,125,120,19,45,83,5,117,53,97" hai2="122,96,86,94,65,18,108,111,9,38,7,93,22" hai3="6,74,67,36,0,104,103,54,82,30,135,12,63"/><T60/><D119/><U41/><E117/><V87/><F122/><W16/><G36/><T105/><D105/><U123/><E125/><V66/><F38/><W112/><G112/><T20/><D49/><U37/><E130/><N who="0" m="49673" /><D4/><U110/><E110/><N who="2" m="42027" /><F18/><W62/><G135/><T56/><D2/><U50/><E5/><V29/><F22/><W126/><G126/><T107/><D107/><U3/><E3/><N who="2" m="255" /><F29/><W81/><G30/><T59/><D59/><U55/><E123/><V1/><F1/><W47/><G0/><T84/><D72/><U24/><E120/><V11/><F11/><W106/><G6/><T90/><D90/><U80/><E97/><V48/><F48/><W85/><G74/><T115/><D115/><U102/><E102/><V127/><F127/><W116/><G116/><T92/><D35/><U109/><E109/><V124/><F124/><W121/><G121/><T40/><D40/><U42/><E42/><V10/><F96/><W39/><G39/><T14/><D33/><U70/><E70/><V99/><F99/><W21/><G81/><N who="1" m="31306" /><E37/><V27/><F94/><W78/><G103/><T79/><D14/><U15/><E25/><V8/><F27/><W95/><G95/><T44/><D44/><U98/><E98/><V34/><F93/><W61/><REACH who="3" step="1"/><G67/><REACH who="3" ten="250,250,250,240" step="2"/><N who="0" m="39303" /><D76/><U68/><E68/><V101/><F101/><W51/><AGARI ba="0,1" hai="12,16,21,47,51,54,61,62,63,78,82,85,104,106" machi="51" ten="30,12000,2" yaku="1,1,0,1,52,3,54,1,53,0" doraHai="58" doraHaiUra="133" who="3" fromWho="3" sc="250,-60,250,-30,250,-30,240,130" /><INIT seed="1,0,0,0,1,131" ten="190,220,220,370" oya="1" hai0="124,102,105,115,18,29,52,61,36,45,38,114,82" hai1="122,4,135,58,88,5,116,67,92,63,16,25,3" hai2="112,129,108,26,59,48,109,103,49,11,130,40,53" hai3="56,90,128,132,37,96,35,33,41,50,133,85,62"/><U95/><E122/><V97/><F112/><W118/><G128/><N who="2" m="49257" /><F11/><W19/><G118/><T106/><D29/><U57/><E116/><V127/><F26/><W30/><G37/><T104/><D102/><U75/><E75/><V14/><F14/><W46/><G96/><T39/><D124/><U54/><E95/><V100/><F127/><W101/><G101/><T79/><D18/><U0/><E0/><V89/><F89/><W24/><G19/><T21/><D21/><N who="1" m="13479" /><E3/><V7/><F7/><W134/><G35/><T119/><D119/><U12/><E12/><V28/><F28/><W86/><G90/><T121/><D121/><U55/><E135/><V23/><F23/><W6/><G6/><N who="1" m="2666" /><E57/><V17/><F17/><W125/><G125/><T74/><D114/><U84/><AGARI ba="0,0" hai="54,55,58,63,67,84,88,92" m="2666,13479" machi="84" ten="30,6000,0" yaku="8,1,54,2" doraHai="131" who="1" fromWho="1" sc="190,-20,220,60,220,-20,370,-20" /><INIT seed="1,1,0,2,1,55" ten="170,280,200,350" oya="1" hai0="19,21,5,104,39,126,24,112,88,2,34,129,98" hai1="33,6,11,56,38,58,3,18,77,37,41,106,90" hai2="62,67,0,108,48,59,4,52,40,54,127,83,68" hai3="131,70,102,64,17,103,23,76,47,91,96,30,61"/><U31/><E106/><V72/><F108/><W42/><G131/><T82/><D112/><U125/><E125/><V121/><F121/><W22/><G76/><T7/><D39/><U109/><E109/><V118/><F118/><W44/><G44/><T25/><D126/><U26/><E90/><V120/><F120/><W45/><G45/><T110/><D129/><U107/><E107/><V79/><F127/><W51/><G30/><T71/><D71/><U89/><E89/><V69/><F40/><W60/><G60/><T78/><D2/><U85/><E41/><V20/><F20/><W115/><G115/><T92/><D104/><U15/><E37/><V27/><F27/><W135/><G135/><T43/><D43/><U75/><E75/><V32/><F32/><W53/><G22/><T117/><D117/><U73/><E73/><V10/><F54/><W128/><G128/><T81/><D81/><N who="1" m="47279" /><E38/><V87/><F72/><W116/><G116/><T57/><D110/><U130/><E130/><V50/><F50/><W133/><G133/><T134/><D134/><U46/><E46/><AGARI ba="1,0" hai="0,4,10,46,48,52,59,62,67,68,69,79,83,87" machi="46" ten="30,3900,0" yaku="7,1,52,1,54,1" doraHai="55" who="2" fromWho="1" sc="170,0,280,-42,200,42,350,0" /><INIT seed="2,0,0,5,5,70" ten="170,238,242,350" oya="2" hai0="93,56,120,85,111,1,129,92,23,75,54,33,79" hai1="41,18,109,51,24,40,28,9,25,122,15,76,38" hai2="90,12,13,27,78,82,57,3,44,63,94,8,107" hai3="14,21,2,42,114,99,64,47,95,83,7,10,104"/><V5/><F107/><W100/><G114/><T35/><D120/><U126/><E122/><V127/><F127/><W86/><G64/><T11/><D75/><U22/><E126/><V123/><F123/><W36/><G21/><T69/><D69/><U6/><E109/><V119/><F119/><W115/><G115/><T108/><D129/><U43/><E38/><V4/><F27/><W58/><G58/><T118/><D118/><U124/><E124/><V71/><F71/><W50/><G104/><T66/><D66/><U80/><E25/><V102/><F102/><W125/><G125/><T133/><D133/><U121/><E121/><V65/><F44/><W130/><G130/><T48/><D23/><U72/><REACH who="1" step="1"/><E51/><REACH who="1" ten="170,228,242,350" step="2"/><V32/><F32/><W55/><G36/><T62/><D35/><U61/><E61/><V101/><F101/><W19/><G2/><T46/><D33/><U112/><E112/><V81/><F3/><W31/><G31/><AGARI ba="0,1" hai="6,9,15,18,22,24,28,31,40,41,43,72,76,80" machi="31" ten="40,1300,0" yaku="1,1,53,0" doraHai="70" doraHaiUra="87" who="1" fromWho="3" sc="170,0,228,23,242,0,350,-13" /><INIT seed="3,0,0,0,5,33" ten="170,251,242,337" oya="3" hai0="80,13,17,6,122,71,67,90,62,39,78,50,14" hai1="48,61,109,20,66,84,51,53,79,3,30,11,34" hai2="38,82,15,19,44,63,123,94,91,7,127,47,100" hai3="118,28,58,106,74,77,52,113,46,16,130,69,98"/><W112/><G118/><T22/><D39/><U55/><E34/><V1/><F127/><W128/><G69/><T0/><D122/><U95/><E109/><V65/><F123/><W23/><G28/><T24/><D90/><U110/><E110/><V49/><F38/><W35/><G35/><T57/><D71/><U108/><E108/><V73/><F100/><N who="3" m="62743" /><G46/><T27/><D50/><U129/><E129/><N who="3" m="49770" /><G77/><T81/><D0/><U119/><E3/><V12/><F73/><W60/><G74/><T134/><D134/><U114/><E119/><V89/><F82/><N who="0" m="31850" /><D78/><U96/><E79/><V2/><F47/><W56/><G56/><T68/><D68/><U97/><E30/><V102/><F44/><W83/><G83/><T133/><D133/><U85/><E20/><V107/><F107/><W135/><G135/><T75/><D75/><U124/><E11/><AGARI ba="0,0" hai="6,11,13,14,17,22,24,27,57,62,67" m="31850" machi="11" ten="30,1000,0" yaku="8,1" doraHai="33" who="0" fromWho="1" sc="170,10,251,-10,242,0,337,0" /><INIT seed="4,0,0,3,1,70" ten="180,241,242,337" oya="0" hai0="113,132,78,17,7,45,112,62,13,54,91,40,61" hai1="104,85,8,116,30,36,19,80,128,63,14,26,57" hai2="20,16,5,135,93,130,28,47,64,11,27,60,126" hai3="56,84,12,88,23,90,81,72,53,58,94,52,38"/><T74/><D7/><U73/><E73/><V131/><F126/><W31/><G38/><N who="0" m="21655" /><D91/><U59/><E104/><V76/><F135/><W37/><G37/><T33/><D33/><U22/><E128/><N who="2" m="49195" /><F76/><W79/><G90/><T32/><D32/><U98/><E98/><V108/><F108/><W3/><G3/><T34/><D34/><U75/><E75/><V43/><F93/><W111/><G111/><T65/><D132/><U121/><E116/><V92/><F92/><W24/><G12/><T46/><D65/><U127/><E127/><V124/><F124/><W25/><G25/><T41/><D54/><U114/><E121/><V123/><F123/><W107/><G107/><T42/><D78/><U0/><E114/><N who="0" m="44137" /><D74/><U117/><E36/><N who="2" m="21991" /><F5/><W101/><G101/><T122/><D42/><U86/><E117/><V96/><F96/><N who="3" m="57415" /><G72/><T68/><D68/><U2/><E59/><AGARI ba="0,0" hai="23,24,31,52,53,56,58,59,79,81,84" m="57415" machi="59" ten="30,3900,0" yaku="8,1,54,2" doraHai="70" who="3" fromWho="1" sc="180,0,241,-39,242,0,337,39" /><INIT seed="5,0,0,2,2,23" ten="180,202,242,376" oya="1" hai0="54,87,12,33,116,3,72,88,85,94,103,27,120" hai1="98,5,91,92,41,131,35,127,130,128,73,77,81" hai2="47,114,107,117,90,34,18,48,129,11,122,134,102" hai3="21,49,74,125,22,104,106,75,39,64,56,89,84"/><U65/><E35/><V52/><F117/><W126/><G39/><T42/><D72/><N who="3" m="27689" /><G64/><T57/><D3/><U97/><E65/><V45/><F122/><W121/><G56/><T15/><D116/><U124/><E5/><V66/><F66/><W123/><G49/><T111/><D103/><U108/><E41/><V8/><F134/><W44/><G44/><T10/><D111/><U99/><REACH who="1" step="1"/><E108/><REACH who="1" ten="180,192,242,376" step="2"/><V28/><F34/><W70/><G70/><T25/><D42/><U0/><E0/><V1/><F1/><W105/><G21/><T101/><D33/><U100/><E100/><V63/><F102/><W119/><G22/><T53/><D101/><U36/><E36/><V76/><F11/><W32/><G32/><T110/><D110/><U109/><E109/><V60/><F8/><W2/><G2/><T78/><D54/><U30/><E30/><V115/><F28/><W50/><G119/><T46/><D10/><U69/><E69/><V9/><F9/><W29/><G29/><T19/><D46/><U17/><E17/><V118/><F18/><W55/><G123/><T13/><D19/><U68/><E68/><V38/><F118/><W58/><G121/><T43/><D43/><U62/><E62/><V80/><F38/><W16/><G16/><T24/><D120/><U113/><E113/><V95/><F47/><W20/><G20/><T7/><D7/><U61/><E61/><N who="2" m="23627" /><F114/><W79/><G106/><T93/><D53/><U82/><E82/><V112/><F115/><W132/><G105/><T71/><D71/><U135/><E135/><V4/><F112/><RYUUKYOKU ba="0,1" sc="180,-10,192,30,242,-10,376,-10" hai1="73,77,81,91,92,97,98,99,124,127,128,130,131" /><INIT seed="5,1,1,4,3,116" ten="170,222,232,366" oya="1" hai0="90,70,43,106,100,81,2,103,8,75,35,7,111" hai1="56,118,107,21,22,23,105,84,42,127,16,6,132" hai2="46,48,32,64,52,79,49,91,5,71,10,33,114" hai3="122,115,44,57,73,129,40,63,89,41,96,36,74"/><U11/><E118/><V80/><F114/><W87/><G41/><T134/><D111/><U123/><E123/><V88/><F64/><W38/><G115/><T109/><D109/><U0/><E127/><V29/><F71/><W37/><G129/><T94/><D134/><U121/><E121/><V77/><F77/><W125/><G122/><T25/><D70/><U24/><E132/><V61/><F61/><W69/><G125/><T119/><D119/><U135/><E135/><V55/><F29/><W93/><G69/><T12/><D12/><U110/><E110/><V104/><F104/><W130/><G130/><T68/><D68/><U9/><E42/><V72/><F32/><W30/><G30/><T60/><D60/><U54/><E84/><V14/><REACH who="2" step="1"/><F33/><REACH who="2" ten="170,222,222,366" step="2"/><W95/><G73/><T26/><D106/><U101/><E107/><V18/><F18/><W1/><G74/><T117/><D35/><U50/><REACH who="1" step="1"/><E11/><REACH who="1" ten="170,212,222,366" step="2"/><V98/><F98/><AGARI ba="1,3" hai="0,6,9,16,21,22,23,24,50,54,56,98,101,105" machi="98" ten="40,7700,0" yaku="1,1,2,1,54,1,53,0" doraHai="116" doraHaiUra="58" who="1" fromWho="2" sc="170,0,212,110,222,-80,366,0" /><INIT seed="5,2,0,5,5,101" ten="170,322,142,366" oya="1" hai0="127,130,86,124,79,36,34,125,8,67,135,26,74" hai1="90,122,120,99,128,53,113,51,4,129,6,116,59" hai2="77,102,3,66,70,94,18,85,46,47,112,71,40" hai3="43,106,126,15,93,27,98,37,119,103,57,91,89"/><U21/><E116/><V11/><F112/><W62/><G119/><T1/><D36/><U7/><E113/><V42/><F66/><W78/><G126/><T17/><D74/><U54/><E21/><V134/><F134/><W123/><G123/><T76/><D67/><U110/><E110/><V121/><F121/><N who="1" m="46697" /><E59/><V133/><F133/><W75/><G27/><T38/><D38/><U111/><E51/><V80/><F71/><W87/><G91/><T23/><D130/><N who="1" m="50283" /><E111/><V49/><F70/><W61/><G15/><T24/><D135/><U58/><E58/><V41/><F3/><W55/><G37/><T44/><D44/><U108/><E108/><V56/><F56/><W52/><G43/><T25/><D34/><U63/><E63/><N who="3" m="24074" /><G57/><T82/><D8/><U50/><E50/><V109/><F109/><W117/><G117/><T73/><D1/><U107/><E90/><V19/><F47/><W12/><G12/><T45/><D45/><U100/><AGARI ba="2,0" hai="4,6,7,53,54,99,100,107" m="50283,46697" machi="100" ten="40,3900,0" yaku="19,1,52,1" doraHai="101" who="1" fromWho="1" sc="170,-15,322,45,142,-15,366,-15" /><INIT seed="5,3,0,0,3,36" ten="155,367,127,351" oya="1" hai0="45,110,40,29,79,56,111,67,28,120,46,21,22" hai1="60,62,116,125,0,98,129,50,37,9,11,38,93" hai2="8,84,54,17,105,68,123,122,41,6,20,113,131" hai3="124,10,64,100,16,88,66,32,115,61,58,31,75"/><U99/><E125/><V85/><F105/><W23/><G75/><T5/><D5/><U86/><E129/><V81/><F68/><W65/><G115/><T52/><D67/><U127/><E127/><V69/><F69/><W53/><G124/><T74/><D120/><U39/><E50/><V132/><F131/><W78/><G78/><T109/><D74/><U95/><E0/><V4/><F113/><W70/><G100/><T3/><D79/><U33/><E33/><V55/><F132/><W119/><G119/><T24/><D3/><U7/><E86/><V103/><F103/><W2/><G70/><T133/><D133/><U12/><E116/><V134/><F134/><W90/><G32/><T92/><D92/><N who="1" m="35403" /><E12/><V15/><F122/><W96/><G96/><N who="1" m="36906" /><E7/><V71/><F123/><W106/><G106/><T27/><REACH who="0" step="1"/><D40/><REACH who="0" ten="145,367,127,351" step="2"/><U44/><E44/><V135/><F135/><W130/><G130/><T47/><D47/><U63/><AGARI ba="3,1" hai="9,11,37,38,39,60,62,63" m="36906,35403" machi="63" ten="40,3900,0" yaku="28,2" doraHai="36" who="1" fromWho="1" sc="145,-16,367,58,127,-16,351,-16" /><INIT seed="5,4,0,2,3,99" ten="129,425,111,335" oya="1" hai0="69,123,25,24,130,131,72,29,58,128,41,95,77" hai1="36,76,66,59,16,62,11,2,92,56,14,80,6" hai2="108,79,60,23,63,90,10,78,32,53,17,133,105" hai3="33,85,42,67,127,121,7,26,34,135,12,126,27"/><U120/><E36/><V46/><F108/><W3/><G42/><T114/><D69/><U113/><E120/><V89/><F32/><N who="3" m="12395" /><G85/><T50/><D114/><U54/><E113/><V129/><F105/><W1/><G67/><T8/><D8/><U100/><E2/><N who="3" m="522" /><G121/><T115/><D115/><U18/><E92/><V28/><F129/><W4/><G12/><T98/><D123/><U15/><E100/><V70/><F133/><W20/><G20/><T122/><D122/><U40/><E40/><V37/><F37/><W43/><G43/><T51/><D77/><N who="2" m="29194" /><F70/><W109/><G109/><T106/><D106/><U117/><E117/><V96/><F96/><W73/><G73/><T57/><D72/><U107/><E107/><V44/><F89/><W116/><G116/><T22/><D25/><N who="3" m="9225" /><G135/><T5/><D41/><U9/><E76/><V19/><F90/><W111/><G111/><T94/><D94/><U71/><E80/><V48/><F46/><W119/><G119/><T104/><D104/><U13/><E13/><N who="2" m="7351" /><F28/><W97/><G97/><T74/><D74/><U84/><E84/><V88/><F88/><W0/><G0/><T61/><D58/><U30/><E71/><V31/><F31/><W102/><G102/><N who="0" m="60767" /><D57/><U75/><E30/><V110/><F110/><W65/><G65/><T118/><D118/><U91/><E75/><V86/><F86/><W112/><G112/><T82/><D82/><U93/><E91/><V39/><F39/><W52/><G52/><T38/><D38/><U134/><E134/><V49/><F49/><N who="0" m="18442" /><D61/><N who="2" m="23626" /><F23/><W55/><G55/><T83/><D83/><RYUUKYOKU ba="4,0" sc="129,10,425,-30,111,10,335,10" hai0="5,22,24,29,128,130,131" hai2="19,44,48,53" hai3="4,7,126,127" /><INIT seed="6,5,0,3,3,9" ten="139,395,121,345" oya="2" hai0="27,109,103,7,41,14,65,23,101,105,32,49,96" hai1="135,84,42,3,48,67,119,113,121,44,4,128,46" hai2="106,60,47,116,98,108,68,82,35,17,66,75,5" hai3="56,115,50,129,93,51,20,123,89,79,83,100,18"/><V36/><F116/><W107/><G123/><T111/><D32/><U97/><E119/><V134/><F5/><W52/><G115/><T125/><D65/><U62/><E113/><V92/><F106/><W110/><G110/><T72/><D72/><U124/><E121/><V78/><F108/><W69/><G129/><T10/><D125/><U2/><E124/><V70/><F134/><W117/><G69/><T127/><D103/><U122/><E128/><V22/><F35/><W12/><G117/><T86/><D127/><U99/><E135/><V6/><F6/><W1/><G1/><T55/><D41/><U31/><E122/><V94/><F70/><W104/><G100/><T118/><D86/><U57/><E31/><V87/><F75/><N who="3" m="43519" /><G51/><T73/><D73/><U112/><E112/><V19/><F98/><W25/><G25/><T130/><D130/><U28/><E28/><V133/><F133/><W29/><G29/><T80/><D80/><U131/><E131/><V40/><REACH who="2" step="1"/><F19/><REACH who="2" ten="139,395,111,345" step="2"/><W43/><G107/><T34/><D34/><U16/><E16/><V26/><AGARI ba="5,1" hai="17,22,26,36,40,47,60,66,68,78,82,87,92,94" machi="26" ten="20,12000,1" yaku="1,1,2,1,0,1,7,1,53,1" doraHai="9" doraHaiUra="38" who="2" fromWho="2" sc="139,-45,395,-45,111,145,345,-45" /><INIT seed="6,6,0,0,2,63" ten="94,350,256,300" oya="2" hai0="103,46,95,36,53,61,60,99,14,13,31,18,29" hai1="123,75,69,64,73,81,86,112,58,23,127,59,105" hai2="4,90,101,119,17,10,85,5,25,48,9,87,109" hai3="1,77,11,125,71,21,111,44,28,54,120,40,47"/><V79/><F119/><W91/><G71/><T49/><D36/><U128/><E105/><V82/><F109/><W94/><G111/><T107/><D107/><U52/><E123/><V130/><F130/><W104/><G120/><T35/><D35/><U133/><E128/><V83/><F101/><W34/><G104/><T41/><D14/><U110/><E110/><V129/><F129/><W19/><G34/><T62/><D41/><U96/><E112/><V57/><F25/><W93/><G77/><T45/><REACH who="0" step="1"/><D46/><REACH who="0" ten="84,350,256,300" step="2"/><U30/><E133/><V89/><F79/><W98/><G47/><T51/><D51/><U24/><E73/><V70/><F70/><W0/><G40/><T37/><D37/><U132/><E69/><V38/><F38/><W3/><G44/><T134/><D134/><U27/><E75/><V50/><F57/><W39/><G39/><T78/><D78/><N who="1" m="46391" /><E132/><V42/><F42/><W32/><G32/><T2/><D2/><U97/><E27/><V124/><F124/><W116/><G125/><T68/><D68/><U108/><E108/><V92/><F50/><W76/><G1/><T106/><D106/><U67/><E127/><V43/><F48/><W126/><G3/><T26/><D26/><U12/><E12/><N who="2" m="7311" /><F43/><W72/><G0/><T16/><D16/><U6/><E6/><V66/><F5/><W7/><G126/><T118/><D118/><U135/><E135/><V121/><F4/><W20/><G19/><T65/><D65/><N who="1" m="25163" /><E59/><V55/><F121/><W84/><G7/><T80/><D80/><U113/><E113/><V15/><F82/><RYUUKYOKU ba="6,1" sc="84,15,350,15,256,-15,300,-15" hai0="13,18,29,31,45,49,53,60,61,62,95,99,103" hai1="23,24,30,52,58,96,97" /><INIT seed="7,7,1,5,5,109" ten="99,365,241,285" oya="3" hai0="91,41,68,108,17,126,83,125,33,45,38,124,58" hai1="77,63,69,29,54,65,123,114,99,35,82,101,88" hai2="90,87,25,4,20,19,46,134,0,66,110,96,105" hai3="102,64,31,10,32,127,76,26,84,8,81,130,111"/><W15/><G127/><T47/><D33/><U122/><E114/><V117/><F110/><W98/><G111/><T119/><D108/><U37/><E37/><V73/><F117/><W27/><G130/><T118/><D17/><U52/><E88/><V80/><F134/><W107/><G15/><T112/><D83/><U13/><E13/><V132/><F132/><W53/><G53/><T24/><D24/><N who="1" m="18855" /><E123/><V14/><F66/><W57/><G27/><T61/><D91/><U28/><E28/><V115/><F115/><W40/><G40/><T6/><D6/><U94/><E94/><V97/><F73/><W133/><G133/><T100/><D68/><U70/><E69/><V78/><F0/><W67/><G67/><N who="0" m="39351" /><D47/><U43/><E43/><V9/><F105/><W50/><REACH who="3" step="1"/><G64/><REACH who="3" ten="99,365,241,275" step="2"/><T75/><D75/><N who="1" m="43327" /><E122/><V12/><F12/><W60/><G60/><T85/><D85/><U44/><E44/><V56/><F46/><W89/><G89/><T116/><D100/><U55/><E55/><V34/><F56/><W18/><G18/><T7/><D7/><U62/><E63/><V93/><F34/><W11/><G11/><T120/><D120/><U16/><E16/><V79/><F79/><W49/><G49/><T121/><D121/><U30/><E30/><V3/><F14/><W1/><G1/><T48/><D48/><U74/><E74/><V5/><F5/><W135/><G135/><T129/><D129/><U95/><E54/><V113/><F113/><AGARI ba="7,2" hai="38,41,45,112,113,116,118,119,124,125,126" m="39351" machi="113" ten="50,8000,1" yaku="18,1,34,2,52,2" doraHai="109" who="0" fromWho="2" sc="99,121,365,0,241,-101,275,0" owari="220,-18.0,365,46.0,140,-36.0,275,8.0" /></mjloggm>