<mjloggm ver="2.3"><GO type="97" lobby="0"/><UN n0="%E7%89%9B%E9%AD%94%E7%8E%8B" n1="%E2%80%BB%34%33%33%E2%80%BB" n2="%E5%B0%B1%E6%B4%BB%E7%94%9F%40%E5%B7%9D%E6%9D%91%E8%BB%8D%E5%9B%A3" n3="%E3%83%9D%E3%83%B3%E3%82%BB%E3%81%8F%E3%82%93" dan="13,14,14,14" rate="2009.08,1901.20,1963.72,1944.54" sx="M,M,M,M"/><TAIKYOKU oya="0"/><INIT seed="0,0,0,2,0,109" ten="250,250,250,250" oya="0" hai0="56,60,118,74,113,79,67,68,49,100,115,129,128" hai1="63,111,59,8,16,83,135,66,12,97,19,34,29" hai2="69,61,6,102,110,106,91,21,7,33,43,108,99" hai3="22,1,25,98,121,125,114,78,122,132,58,73,32"/><T71/><D100/><U9/><E111/><N who="2" m="42539" /><F33/><W116/><G116/><T64/><D118/><U134/><E97/><V88/><F43/><W92/><G32/><T130/><D79/><U82/><E34/><V35/><F35/><W39/><G1/><T4/><D74/><U13/><REACH who="1" step="1"/><E29/><REACH who="1" ten="250,240,250,250" step="2"/><V86/><F21/><W47/><G22/><T75/><D75/><U45/><E45/><V123/><F123/><W36/><G47/><T11/><D11/><U44/><E44/><V94/><F91/><W65/><G98/><T55/><D4/><U54/><E54/><V51/><F6/><W26/><G122/><T126/><D126/><U101/><E101/><V84/><F7/><W53/><G73/><T104/><D104/><U117/><E117/><V41/><F86/><W46/><G46/><T107/><D107/><U24/><E24/><V28/><F28/><W10/><G26/><T112/><D130/><U76/><E76/><V70/><F41/><W93/><G25/><T81/><D81/><AGARI ba="0,1" hai="8,9,12,13,16,19,59,63,66,81,82,83,134,135" machi="81" ten="40,5200,0" yaku="1,1,9,1,54,1,53,0" doraHai="109" doraHaiUra="38" who="1" fromWho="0" sc="250,-52,240,62,250,0,250,0" /><INIT seed="1,0,0,0,2,92" ten="198,302,250,250" oya="1" hai0="77,89,48,6,8,85,10,62,56,51,104,102,132" hai1="25,121,126,23,86,135,74,95,96,29,103,99,1" hai2="47,12,52,93,72,43,68,42,105,111,19,64,84" hai3="45,28,70,78,128,122,119,27,98,83,69,18,53"/><U57/><E74/><V34/><F105/><W9/><G122/><T14/><D132/><U41/><E1/><V108/><F72/><W55/><G119/><T5/><D77/><U50/><E121/><V63/><F34/><W38/><G128/><T4/><D102/><U101/><E126/><V91/><F108/><W123/><G123/><T31/><D31/><U61/><E86/><V11/><REACH who="2" step="1"/><F111/><REACH who="2" ten="198,302,240,250" step="2"/><W15/><G70/><T59/><D104/><U109/><E109/><V80/><F80/><W129/><G69/><T94/><D4/><U110/><E110/><V0/><F0/><W60/><G83/><T81/><D81/><U79/><E79/><V134/><F134/><W133/><G78/><T75/><D75/><U17/><E135/><V46/><F46/><W65/><G45/><T40/><D59/><U24/><E57/><V118/><F118/><W49/><G133/><T3/><REACH who="0" step="1"/><D40/><REACH who="0" ten="188,302,240,250" step="2"/><U116/><E41/><V113/><F113/><W88/><G129/><T58/><D58/><U112/><E112/><V66/><F66/><AGARI ba="0,2" hai="3,5,6,8,10,14,48,51,56,62,66,85,89,94" machi="66" ten="30,2000,0" yaku="1,1,7,1,53,0" doraHai="92" doraHaiUra="125" who="0" fromWho="2" sc="188,40,302,0,240,-20,250,0" /><INIT seed="2,0,0,1,2,42" ten="228,302,220,250" oya="2" hai0="56,12,4,94,87,73,31,36,34,93,79,130,133" hai1="13,129,82,131,58,86,26,102,75,51,91,128,8" hai2="77,109,25,85,62,44,52,107,115,14,105,122,101" hai3="70,29,64,7,27,96,24,113,68,33,72,76,54"/><V61/><F122/><W28/><G113/><T59/><D34/><U134/><E75/><V106/><F115/><W126/><G7/><T23/><D73/><U112/><E112/><V9/><F109/><W17/><G17/><T57/><D36/><U111/><E111/><V66/><F101/><W63/><G126/><T3/><D3/><U22/><E134/><V69/><F25/><W53/><G96/><T71/><D71/><U88/><E102/><V132/><F132/><W19/><G19/><T104/><D104/><U32/><E32/><V117/><F117/><W90/><G90/><T99/><D133/><U43/><E58/><V83/><F62/><W108/><G108/><T81/><D130/><U92/><E43/><V89/><F77/><W124/><G124/><T35/><D35/><U95/><E51/><N who="2" m="28775" /><F106/><W48/><G48/><T37/><D37/><U20/><E26/><V47/><F47/><W60/><G76/><T116/><D116/><U74/><E74/><V30/><F30/><W67/><G72/><T97/><D31/><U18/><E91/><V15/><F15/><W78/><G78/><T114/><D114/><U38/><E38/><V125/><F125/><W5/><G5/><T16/><D4/><U118/><E118/><V98/><F98/><AGARI ba="0,0" hai="12,16,23,56,57,59,79,81,87,93,94,97,98,99" machi="98" ten="40,2600,0" yaku="8,1,54,1" doraHai="42" who="0" fromWho="2" sc="228,26,302,0,220,-26,250,0" /><INIT seed="3,0,0,1,0,46" ten="254,302,194,250" oya="3" hai0="100,27,134,31,15,124,61,39,120,87,1,122,45" hai1="119,91,53,43,131,57,64,98,111,2,99,115,128" hai2="54,123,48,75,55,13,41,21,67,69,11,94,133" hai3="106,37,20,90,116,70,121,17,79,97,51,65,103"/><W42/><G37/><T95/><D1/><U59/><E2/><V56/><F75/><W50/><G116/><T80/><D124/><U18/><E119/><V71/><F123/><W107/><G121/><T58/><D15/><U63/><E115/><V130/><F130/><N who="1" m="49705" /><E111/><V72/><F72/><W4/><G42/><T34/><D134/><U9/><E43/><V5/><F133/><W101/><G4/><T8/><D8/><U66/><E91/><V26/><F67/><N who="1" m="25641" /><E57/><V38/><F94/><W16/><G90/><T35/><D35/><U6/><E6/><V7/><F7/><W68/><G79/><T93/><D93/><U102/><E102/><V109/><F109/><W110/><G110/><T77/><D95/><U52/><E52/><V25/><F25/><W132/><G65/><T30/><D100/><U129/><E129/><V49/><F38/><W117/><G117/><T74/><D39/><U82/><E82/><V36/><F36/><W127/><G132/><T112/><D112/><U113/><E113/><V114/><F41/><W23/><G97/><T84/><D122/><U3/><E3/><V62/><F114/><W47/><G47/><T73/><D45/><U28/><E28/><V24/><F24/><W105/><G105/><T104/><D104/><U32/><E32/><V126/><F126/><AGARI ba="0,0" hai="16,17,20,23,50,51,68,70,101,103,106,107,126,127" machi="126" ten="25,12000,1" yaku="22,2,52,2,54,1" doraHai="46" who="3" fromWho="2" sc="254,0,302,0,194,-120,250,120" owari="254,-15.0,302,10.0,74,-43.0,370,48.0" /></mjloggm>