<mjloggm ver="2.3"><GO type="41" lobby="0"/><UN n0="%68%6F%72%69%30%39%30%31" n1="%E5%B3%B6%E8%99%8E" n2="%E3%82%A6%E3%83%AB%E3%83%88%E3%83%A9%E7%AB%8B%E7%9B%B4" n3="%E7%AB%B9%E4%BA%95%5F%E4%B9%85" dan="14,14,15,14" rate="1831.63,1967.75,2046.55,1932.89" sx="M,M,M,F"/><TAIKYOKU oya="0"/><INIT seed="0,0,0,1,2,23" ten="250,250,250,250" oya="0" hai0="6,57,63,27,8,89,9,75,132,134,20,52,118" hai1="60,56,38,74,48,99,26,66,129,131,70,64,77" hai2="121,68,34,53,33,46,92,2,11,86,29,49,10" hai3="59,39,54,17,101,31,36,110,126,13,45,122,82"/><T42/><D75/><U80/><E38/><V40/><F68/><W133/><G126/><T87/><D118/><U14/><E14/><V90/><F121/><W114/><G114/><T95/><D42/><U85/><E99/><V84/><F2/><W24/><G101/><T19/><D132/><U111/><E111/><V107/><F107/><W124/><G124/><T83/><D134/><U113/><E113/><V18/><F33/><W61/><G133/><T103/><D6/><U22/><E74/><V21/><F29/><W108/><G45/><T35/><D35/><U47/><E70/><V58/><F84/><W32/><G82/><T76/><REACH who="0" step="1"/><D103/><REACH who="0" ten="240,250,250,250" step="2"/><U117/><E117/><V50/><REACH who="2" step="1"/><F34/><REACH who="2" ten="240,250,240,250" step="2"/><W93/><G122/><T16/><D16/><N who="1" m="12615" /><E131/><V5/><F5/><W98/><G110/><T69/><D69/><U41/><E129/><V106/><F106/><W62/><G108/><T43/><D43/><U0/><E0/><V128/><F128/><W97/><G32/><T120/><D120/><U94/><E94/><V79/><F79/><W30/><G93/><T109/><D109/><U55/><AGARI ba="0,2" hai="41,47,48,55,56,60,64,66,77,80,85" m="12615" machi="55" ten="30,4000,0" yaku="8,1,52,1,54,1" doraHai="23" who="1" fromWho="1" sc="240,-20,250,60,240,-10,250,-10" /><INIT seed="1,0,0,4,5,122" ten="220,310,230,240" oya="1" hai0="14,100,55,89,47,4,95,78,21,129,113,120,79" hai1="121,16,27,106,115,108,119,66,72,85,101,81,46" hai2="88,104,128,24,22,107,111,5,82,17,26,64,118" hai3="98,114,29,87,97,58,73,33,62,117,77,90,124"/><U48/><E121/><V61/><F118/><W105/><G114/><T37/><D120/><U15/><E119/><V45/><F128/><W116/><G117/><T63/><D113/><U94/><E115/><V36/><F5/><W135/><G116/><T65/><D100/><U50/><E72/><V84/><F111/><W110/><G77/><T42/><D55/><U83/><E106/><V3/><F3/><W125/><G73/><T32/><D32/><U19/><E66/><V34/><F34/><W53/><G135/><T52/><D129/><U74/><E74/><V60/><F60/><W126/><G29/><T18/><D4/><U103/><E108/><V86/><F26/><W56/><G33/><T70/><D95/><U9/><E50/><V7/><F7/><W68/><G68/><T133/><D89/><N who="1" m="51391" /><E81/><V76/><F45/><W40/><G40/><T112/><D112/><U13/><E27/><V1/><F1/><W41/><G41/><T54/><D54/><N who="1" m="29975" /><E94/><V43/><F43/><W59/><G105/><T69/><D69/><U127/><E127/><V102/><F36/><W109/><G98/><T11/><D133/><U25/><E25/><V130/><F130/><W10/><G97/><T23/><D52/><U134/><E134/><V96/><F107/><W75/><G75/><T6/><D79/><U8/><AGARI ba="0,0" hai="8,9,13,15,16,19,101,103" m="29975,51391" machi="8" ten="30,6000,0" yaku="25,1,8,1,54,1" doraHai="122" who="1" fromWho="1" sc="220,-20,310,60,230,-20,240,-20" /><INIT seed="1,1,0,2,4,18" ten="200,370,210,220" oya="1" hai0="33,98,103,132,86,126,53,105,51,66,41,68,1" hai1="116,17,100,130,28,6,42,107,120,11,2,71,112" hai2="113,36,35,101,31,20,44,13,12,131,58,125,5" hai3="135,39,64,8,26,88,127,89,22,40,96,67,124"/><U118/><E120/><V38/><F38/><W52/><G39/><T73/><D86/><U77/><E112/><V108/><F36/><W61/><G40/><T128/><D53/><U90/><E130/><V32/><F44/><W104/><G8/><T102/><D51/><U19/><E71/><V106/><F101/><W114/><G114/><T117/><D41/><U45/><E28/><V15/><F106/><W23/><G26/><T24/><D102/><U65/><E65/><N who="3" m="25162" /><G104/><T87/><D87/><U95/><E100/><V119/><F58/><N who="3" m="35015" /><G135/><T123/><D132/><U99/><E107/><V14/><F113/><W129/><G129/><T16/><D128/><U134/><E134/><V69/><F69/><W97/><G127/><T76/><D126/><U110/><E110/><V49/><F49/><W63/><G63/><T37/><D37/><U27/><E77/><V9/><F125/><W62/><G62/><N who="0" m="40023" /><D117/><U93/><E93/><V85/><F85/><W60/><G60/><T50/><D50/><U29/><E118/><V133/><F119/><W84/><G124/><T3/><D123/><U4/><E4/><N who="2" m="3111" /><F133/><W82/><G89/><T81/><D16/><U94/><E94/><V34/><F131/><W7/><G7/><T30/><AGARI ba="1,0" hai="1,3,24,30,33,73,76,81,98,103,105" m="40023" machi="30" ten="30,4000,0" yaku="25,1,33,2" doraHai="18" who="0" fromWho="0" sc="200,43,370,-21,210,-11,220,-11" /><INIT seed="2,0,0,5,4,61" ten="243,349,199,209" oya="2" hai0="51,114,108,54,47,106,6,18,112,110,14,129,62" hai1="96,113,31,105,56,15,37,58,83,36,79,91,39" hai2="118,116,97,95,8,22,40,73,128,103,0,81,133" hai3="45,38,12,66,125,9,28,107,63,82,43,132,20"/><V99/><F40/><W34/><G125/><T100/><D6/><U117/><E113/><V109/><F0/><W10/><G132/><T5/><D5/><U16/><E117/><V33/><F33/><W41/><G41/><T74/><D74/><U94/><E105/><V126/><F8/><W92/><G92/><T69/><D18/><U3/><E3/><V131/><F22/><W104/><G20/><T111/><D100/><U44/><E31/><V25/><F25/><W120/><G9/><T93/><D14/><U78/><E44/><V53/><F53/><W1/><G12/><T98/><D93/><U119/><E119/><N who="2" m="45611" /><F133/><W24/><G82/><T70/><D98/><U27/><E27/><V72/><F126/><W134/><G120/><T135/><D106/><U68/><E68/><N who="0" m="26217" /><D135/><U52/><E58/><V4/><F4/><N who="3" m="1295" /><G134/><T65/><D129/><N who="2" m="49738" /><F99/><W59/><G59/><AGARI ba="0,0" hai="47,51,54,59,62,65,108,110,111,112,114" m="26217" machi="59" ten="40,8000,1" yaku="14,1,34,2,52,1" doraHai="61" who="0" fromWho="3" sc="243,80,349,0,199,0,209,-80" /><INIT seed="3,0,0,0,1,79" ten="323,349,199,129" oya="3" hai0="57,90,132,4,120,78,23,77,81,30,13,89,84" hai1="51,95,14,82,62,110,68,47,2,119,44,97,118" hai2="114,83,99,60,64,45,15,50,39,3,54,29,61" hai3="75,106,41,124,103,56,121,113,65,9,125,46,96"/><W127/><G121/><T25/><D120/><U122/><E122/><V16/><F3/><W1/><G56/><T10/><D132/><U7/><E2/><V36/><F114/><W129/><G65/><T42/><D77/><U8/><E110/><V112/><F112/><W87/><G113/><T18/><D57/><U126/><E126/><V71/><F29/><W5/><G87/><T17/><D17/><U98/><E68/><V70/><F99/><W20/><G20/><T74/><D74/><U94/><E62/><V109/><F109/><W27/><G27/><T107/><D107/><U130/><E130/><V11/><F83/><W85/><G85/><T88/><D90/><U31/><E31/><V115/><F115/><W6/><G6/><T40/><D40/><U49/><E7/><V91/><F91/><W34/><G34/><T63/><D63/><U52/><E14/><V105/><F105/><W35/><G35/><T100/><D100/><U92/><E8/><V66/><AGARI ba="0,0" hai="11,15,16,36,39,45,50,54,60,61,64,66,70,71" machi="66" ten="30,4000,0" yaku="0,1,9,1,54,1" doraHai="79" who="2" fromWho="2" sc="323,-10,349,-10,199,40,129,-20" /><INIT seed="4,0,0,3,2,20" ten="313,339,239,109" oya="0" hai0="17,43,13,130,19,131,83,49,134,87,16,105,67" hai1="46,26,24,11,118,77,12,127,35,21,5,126,76" hai2="14,100,85,48,92,82,80,116,33,119,57,120,68" hai3="110,133,60,1,101,121,71,34,8,114,69,79,72"/><T97/><D67/><U81/><E118/><N who="2" m="45099" /><F68/><W95/><G95/><T94/><D105/><U44/><E35/><V62/><F33/><W29/><G101/><T32/><D32/><U117/><E117/><V108/><F108/><W91/><G91/><T58/><D134/><U93/><E93/><V65/><F120/><W52/><G114/><T90/><D131/><U0/><E0/><V22/><F48/><W132/><G110/><T128/><D130/><U38/><E21/><V98/><F85/><W9/><G79/><N who="1" m="30282" /><E81/><V36/><F36/><W37/><G37/><T129/><D129/><U56/><E56/><V28/><F14/><W109/><G109/><T102/><D128/><U103/><E103/><V96/><F96/><W125/><G72/><T66/><D66/><U25/><E38/><V61/><F61/><W63/><G125/><AGARI ba="0,0" hai="5,11,12,24,25,26,44,46,125,126,127" m="30282" machi="125" ten="30,7700,0" yaku="18,1,52,3" doraHai="20" who="1" fromWho="3" sc="313,0,339,77,239,0,109,-77" /><INIT seed="5,0,0,3,3,129" ten="313,416,239,32" oya="1" hai0="134,108,114,61,59,22,44,92,102,6,86,90,10" hai1="58,73,72,106,7,1,101,117,63,14,36,60,110" hai2="47,2,111,109,95,41,37,85,69,131,49,96,79" hai3="75,40,135,128,120,130,12,104,66,107,55,119,15"/><U84/><E117/><V97/><F2/><W11/><G55/><T127/><D114/><U45/><E1/><V133/><F96/><W94/><G66/><T54/><D108/><U26/><E110/><V89/><F69/><W32/><G94/><T87/><D127/><U83/><E106/><V78/><F131/><W80/><G40/><T8/><D102/><U77/><E101/><V48/><F37/><W29/><G80/><T56/><D44/><U28/><E36/><V20/><F109/><W123/><G29/><T30/><D8/><U71/><E71/><V24/><F111/><W31/><G31/><T39/><D39/><U113/><E113/><V34/><F34/><W46/><G46/><T93/><D30/><U23/><E45/><V132/><F49/><W27/><G27/><T70/><D70/><U65/><E63/><V35/><F35/><W17/><G32/><T68/><D22/><U50/><E50/><V105/><F105/><W115/><G75/><T19/><D19/><U112/><E112/><V21/><F85/><W5/><G115/><T38/><D38/><U118/><E118/><V18/><F21/><W116/><G17/><T25/><D25/><U52/><REACH who="1" step="1"/><E65/><REACH who="1" ten="313,406,239,32" step="2"/><V88/><REACH who="2" step="1"/><F89/><REACH who="2" ten="313,406,229,32" step="2"/><W122/><G120/><T4/><D68/><U91/><E91/><V76/><AGARI ba="0,2" hai="18,20,24,41,47,48,76,78,79,88,95,97,132,133" machi="76" ten="30,12000,2" yaku="1,1,2,1,0,1,52,2,54,1,53,1" doraHai="129" doraHaiUra="16" who="2" fromWho="2" sc="313,-30,406,-60,229,140,32,-30" /><INIT seed="6,0,0,3,2,126" ten="283,346,369,2" oya="2" hai0="107,88,68,5,20,38,24,82,128,35,37,16,14" hai1="46,94,7,78,89,41,66,31,123,34,105,133,48" hai2="67,32,15,117,134,69,61,50,112,12,121,36,53" hai3="42,11,132,103,96,3,81,130,28,77,58,70,85"/><V17/><F32/><W73/><G70/><T95/><D68/><U57/><E123/><V100/><F121/><W4/><G58/><T62/><D107/><U0/><E105/><V49/><F36/><W80/><G28/><T2/><D82/><U127/><E127/><V30/><F30/><W90/><G132/><T120/><D120/><U23/><E34/><V19/><F117/><W21/><G21/><T44/><D44/><U114/><E114/><V131/><F100/><W27/><G27/><T18/><D18/><U102/><E133/><V116/><F116/><W91/><G90/><T93/><D93/><U111/><E111/><V84/><F84/><W108/><G108/><T98/><D35/><U122/><E122/><V29/><F29/><W33/><G33/><T40/><D40/><U64/><E0/><V135/><F112/><W8/><G8/><T22/><D5/><U51/><E7/><V75/><F75/><W118/><G118/><T87/><D2/><U52/><E78/><V101/><F101/><W54/><G54/><T56/><D87/><N who="1" m="52543" /><E102/><V25/><F25/><AGARI ba="0,0" hai="23,25,31,41,46,48,51,52,57,64,66" m="52543" machi="25" ten="30,2000,0" yaku="8,1,54,1" doraHai="126" who="1" fromWho="2" sc="283,0,346,20,369,-20,2,0" /><INIT seed="7,0,0,4,2,31" ten="283,366,349,2" oya="3" hai0="10,63,100,81,132,95,90,68,116,69,42,70,61" hai1="85,38,47,96,84,131,51,75,127,113,126,57,104" hai2="119,53,24,135,79,37,91,89,7,48,71,8,108" hai3="129,16,23,35,83,93,86,49,6,124,97,21,44"/><W65/><G6/><T62/><D116/><U4/><E75/><V66/><F37/><W34/><G129/><T109/><D109/><U0/><E38/><V88/><F108/><W46/><G65/><T110/><D110/><U15/><E0/><V98/><F119/><W78/><G124/><N who="1" m="47658" /><E113/><V64/><F135/><W41/><G44/><T117/><D117/><U12/><E131/><V106/><F79/><W33/><G16/><T22/><D132/><U32/><E32/><V73/><F73/><W94/><G94/><T134/><D134/><U58/><E104/><V80/><F80/><W59/><G59/><N who="1" m="22538" /><E96/><V115/><F115/><W40/><G40/><T103/><D42/><N who="1" m="25079" /><E4/><V105/><F105/><W130/><G130/><T101/><D81/><U122/><E122/><V114/><F114/><W19/><G19/><T14/><D90/><U77/><E77/><V74/><F74/><W67/><G67/><N who="2" m="25641" /><F71/><W5/><G5/><T120/><D95/><U99/><E99/><V1/><F98/><W72/><G72/><T36/><D120/><U76/><E76/><V87/><F106/><W45/><G45/><T39/><REACH who="0" step="1"/><D22/><REACH who="0" ten="273,366,349,2" step="2"/><U133/><E133/><V60/><F91/><W13/><G13/><AGARI ba="0,1" hai="12,13,15,84,85" m="25079,22538,47658" machi="13" ten="30,1000,0" yaku="18,1" doraHai="31" who="1" fromWho="3" sc="273,0,366,20,349,0,2,-10" owari="273,-13.0,386,49.0,349,15.0,-8,-51.0" /></mjloggm>