<mjloggm ver="2.3"><GO type="41" lobby="0"/><UN n0="%E3%82%A6%E3%83%AB%E3%83%88%E3%83%A9%E7%AB%8B%E7%9B%B4" n1="%E3%82%82%E3%83%BC%E3%81%9F%E3%83%BC" n2="%E6%A1%83%E3%82%84%E3%82%93" n3="%6B%6F%6B%75%73%69%31%33" dan="15,14,14,14" rate="2043.21,1947.01,1990.72,1975.52" sx="M,M,M,F"/><TAIKYOKU oya="0"/><INIT seed="0,0,0,2,4,8" ten="250,250,250,250" oya="0" hai0="13,0,44,71,127,128,119,1,108,115,116,110,62" hai1="53,85,24,76,49,114,74,23,98,38,121,94,123" hai2="51,129,126,83,131,20,3,54,35,101,22,102,100" hai3="60,96,82,55,106,77,81,59,37,6,43,135,27"/><T73/><D73/><U21/><E38/><V15/><F35/><W78/><G135/><T48/><D115/><U99/><E74/><V65/><F3/><W89/><G37/><T93/><D93/><U95/><E114/><V16/><F65/><W122/><G43/><T28/><D28/><U52/><E76/><V69/><F69/><W26/><G6/><T117/><D1/><U80/><E80/><V91/><F126/><W33/><G33/><T132/><D0/><U113/><E85/><V12/><F91/><W31/><G31/><T105/><D105/><U50/><E113/><V68/><F83/><W2/><G2/><T17/><D127/><U70/><E24/><V118/><F68/><AGARI ba="0,0" hai="21,23,49,50,52,53,68,70,94,95,98,99,121,123" machi="68" ten="25,3200,0" yaku="22,2,54,1" doraHai="8" who="1" fromWho="2" sc="250,0,250,32,250,-32,250,0" /><INIT seed="1,0,0,1,0,46" ten="250,282,218,250" oya="1" hai0="96,37,6,70,77,91,39,64,45,105,29,119,4" hai1="49,121,55,61,100,90,131,9,111,67,50,22,103" hai2="27,57,82,2,47,71,5,58,115,8,7,110,98" hai3="48,75,80,1,10,113,0,88,124,52,15,36,21"/><U108/><E22/><V123/><F71/><W38/><G113/><T68/><D119/><U114/><E121/><V117/><F123/><W74/><G124/><T109/><D109/><N who="1" m="42059" /><E114/><V95/><F110/><W53/><G21/><T41/><D6/><U16/><E90/><V42/><F117/><W99/><G1/><T85/><D4/><U62/><E131/><V107/><F107/><W35/><G35/><T83/><D64/><U65/><E55/><V14/><F115/><W102/><G53/><T12/><D12/><N who="1" m="7183" /><E65/><V118/><F118/><W51/><G0/><T28/><D28/><U63/><E67/><V132/><F132/><W101/><G38/><T127/><D29/><U78/><E78/><V60/><F27/><W30/><G36/><T81/><D37/><U24/><E24/><V94/><F82/><W120/><G30/><T79/><D127/><U18/><E18/><V128/><F2/><W116/><G120/><T59/><D91/><U73/><E73/><V13/><F128/><W66/><G66/><T129/><D129/><U87/><E87/><V20/><F20/><W43/><G74/><T92/><D85/><U97/><E103/><V130/><F130/><W17/><G75/><T19/><D79/><U122/><E122/><V126/><F126/><W112/><G112/><T32/><D77/><U54/><E54/><V125/><F125/><W69/><G101/><T133/><D19/><U3/><E3/><V33/><F33/><W34/><G102/><T72/><D32/><U93/><AGARI ba="0,0" hai="49,50,61,62,63,93,97,100" m="7183,42059" machi="93" ten="30,12000,1" yaku="14,1,10,1,52,2,54,1" doraHai="46" who="1" fromWho="1" sc="250,-40,282,120,218,-40,250,-40" /><INIT seed="1,1,0,0,5,120" ten="210,402,178,210" oya="1" hai0="119,56,89,52,44,64,0,79,72,104,1,95,61" hai1="73,38,62,85,109,47,31,83,122,57,24,102,107" hai2="4,36,97,134,55,19,21,34,80,5,105,125,9" hai3="76,99,51,20,116,111,133,106,53,103,45,10,66"/><U121/><E73/><V15/><F36/><W18/><G133/><T92/><D104/><U17/><E102/><V114/><F134/><W3/><G76/><T29/><D119/><U78/><E107/><V81/><F114/><W117/><G66/><T87/><D79/><U27/><E47/><V113/><F125/><W90/><G90/><T58/><D72/><U69/><E38/><V54/><F113/><W37/><G37/><T94/><D29/><U77/><E77/><V28/><F5/><W115/><G115/><T128/><D128/><U98/><E98/><V46/><F97/><W40/><G111/><T86/><D44/><U93/><E93/><V22/><F22/><W112/><G112/><T2/><REACH who="0" step="1"/><D89/><REACH who="0" ten="200,402,178,210" step="2"/><U101/><E101/><V130/><F105/><W75/><G75/><T49/><AGARI ba="1,1" hai="0,1,2,49,52,56,58,61,64,86,87,92,94,95" machi="49" ten="40,8000,1" yaku="1,1,2,1,0,1,54,1,53,0" doraHai="120" doraHaiUra="8" who="0" fromWho="0" sc="200,93,402,-41,178,-21,210,-21" /><INIT seed="2,0,0,1,0,124" ten="293,361,157,189" oya="2" hai0="86,39,89,81,132,78,121,26,94,29,48,113,88" hai1="105,97,16,12,9,20,77,0,3,72,41,79,96" hai2="34,2,135,62,68,55,49,18,31,37,104,87,33" hai3="109,24,106,5,45,1,30,50,90,38,95,84,134"/><V83/><F37/><W60/><G38/><T130/><D121/><U100/><E41/><V14/><F2/><W75/><G75/><T59/><D113/><U107/><E3/><V101/><F135/><W76/><G106/><T4/><D132/><U118/><E118/><V6/><F6/><W63/><G109/><T115/><D115/><U13/><E0/><V7/><F7/><W57/><G76/><T73/><D4/><U125/><E125/><V23/><F104/><W8/><G57/><T71/><D71/><U21/><E72/><V117/><F101/><W17/><G17/><T54/><D39/><U65/><E65/><V69/><F117/><W112/><G112/><T32/><D89/><U99/><E9/><V131/><F131/><W52/><REACH who="3" step="1"/><G134/><REACH who="3" ten="293,361,157,179" step="2"/><T64/><D64/><U91/><E91/><V98/><F69/><W47/><G47/><T42/><D73/><U27/><E12/><V70/><F70/><W22/><AGARI ba="0,1" hai="1,5,8,22,24,30,45,50,52,60,63,84,90,95" machi="22" ten="20,5200,0" yaku="1,1,0,1,7,1,54,1,53,0" doraHai="124" doraHaiUra="127" who="3" fromWho="3" sc="293,-13,361,-13,157,-26,179,62" /><INIT seed="3,0,0,1,2,82" ten="280,348,131,241" oya="3" hai0="20,119,132,77,46,111,14,97,48,115,86,105,15" hai1="25,17,4,90,32,70,23,13,57,22,100,12,110" hai2="103,93,37,40,92,30,9,38,83,50,66,7,112" hai3="87,69,104,133,78,0,88,96,123,1,62,59,94"/><W61/><G123/><T21/><D119/><U116/><E70/><V118/><F118/><W24/><G133/><T80/><D111/><U51/><E116/><V54/><F112/><W102/><G69/><T2/><D2/><U84/><E100/><V125/><F40/><W49/><G49/><T18/><D132/><U44/><E32/><V129/><F66/><W101/><G101/><T74/><D115/><U33/><E33/><V68/><F68/><W47/><G47/><T135/><D135/><U63/><E4/><V8/><F30/><W27/><G0/><T5/><D105/><U95/><E23/><V31/><F31/><W89/><G1/><T131/><D131/><U73/><E73/><V60/><F60/><W41/><G41/><T36/><D36/><U43/><REACH who="1" step="1"/><E110/><REACH who="1" ten="280,338,131,241" step="2"/><V128/><F7/><W11/><G11/><T34/><D34/><U39/><E39/><V6/><F103/><W126/><G126/><T35/><D35/><U42/><E42/><V65/><F6/><W106/><G104/><T76/><D74/><U75/><E75/><V113/><F125/><W85/><G78/><T67/><D77/><U117/><E117/><V58/><F113/><W127/><G127/><T53/><D5/><U26/><E26/><V55/><F37/><W29/><G27/><T79/><D79/><U19/><E19/><V109/><F38/><W120/><G120/><T99/><D21/><U10/><E10/><V122/><F109/><W114/><G114/><T28/><D15/><U107/><E107/><V98/><F122/><W56/><G24/><T108/><D108/><RYUUKYOKU ba="0,1" sc="280,-10,338,30,131,-10,241,-10" hai1="12,13,17,22,25,43,44,51,57,63,84,90,95" /><INIT seed="4,1,1,0,5,94" ten="270,368,121,231" oya="0" hai0="59,97,14,107,13,86,63,45,99,5,36,9,19" hai1="33,11,23,50,2,16,31,34,61,128,38,121,60" hai2="110,15,68,127,116,72,95,105,24,4,52,78,91" hai3="51,84,0,130,111,93,53,42,108,131,82,73,71"/><T10/><D107/><U96/><E38/><V65/><F110/><W32/><G0/><T28/><D28/><U102/><E50/><V70/><F105/><W30/><G42/><T67/><D36/><U47/><E47/><V109/><F109/><W85/><G71/><T27/><D27/><N who="1" m="18687" /><E34/><V21/><F116/><W41/><G41/><T80/><REACH who="0" step="1"/><D45/><REACH who="0" ten="260,368,121,231" step="2"/><U104/><E121/><V89/><F24/><W83/><G30/><T123/><D123/><U8/><E128/><V134/><F134/><W103/><G108/><T122/><D122/><U37/><E37/><V77/><F127/><W25/><G111/><T35/><D35/><U81/><E81/><V98/><F70/><W135/><G25/><T75/><D75/><U132/><E132/><V43/><F72/><W44/><G32/><T62/><D62/><U48/><E48/><V22/><F68/><W88/><G135/><T6/><D6/><N who="1" m="1111" /><E11/><V106/><F106/><W17/><G73/><T90/><AGARI ba="1,2" hai="5,9,10,13,14,19,59,63,67,80,86,90,97,99" machi="90" ten="20,18000,2" yaku="1,1,0,1,7,1,8,1,52,2,53,0" doraHai="94" doraHaiUra="115" who="0" fromWho="0" sc="260,203,368,-61,121,-61,231,-61" /><INIT seed="4,2,0,5,2,80" ten="463,307,60,170" oya="0" hai0="37,107,75,79,49,22,117,30,3,59,71,19,124" hai1="23,34,111,61,88,98,9,18,134,95,84,58,86" hai2="112,116,21,66,110,42,106,55,54,26,83,39,45" hai3="17,70,72,129,90,133,13,73,4,85,128,94,15"/><T77/><D3/><U121/><E34/><V68/><F110/><W81/><G70/><T87/><D107/><U38/><E38/><V67/><F106/><W14/><G133/><T113/><D75/><U12/><E111/><V63/><F112/><W62/><G62/><T135/><D37/><U132/><E134/><V48/><F116/><W97/><G4/><T104/><D71/><U32/><E32/><V131/><F131/><N who="3" m="50251" /><G17/><T41/><D104/><U82/><E82/><V123/><F123/><W6/><G6/><T28/><D113/><U10/><E132/><V74/><F74/><W127/><G127/><T57/><D124/><U64/><E121/><V92/><F92/><W89/><AGARI ba="2,0" hai="13,14,15,72,73,81,85,89,90,94,97" m="50251" machi="89" ten="30,2000,0" yaku="19,1,52,1" doraHai="80" who="3" fromWho="3" sc="463,-12,307,-7,60,-7,170,26" /><INIT seed="5,0,0,4,3,98" ten="451,300,53,196" oya="1" hai0="89,35,87,124,24,70,49,82,107,16,75,119,64" hai1="101,84,20,123,97,112,108,102,46,125,103,109,18" hai2="0,52,133,38,63,77,47,114,134,118,7,43,68" hai3="33,4,117,122,42,27,120,115,5,105,8,110,85"/><U94/><E46/><V58/><F77/><W12/><G42/><T51/><D75/><U44/><E123/><N who="3" m="47146" /><G105/><T66/><D107/><U78/><E44/><V23/><F23/><W39/><G85/><T10/><D119/><U69/><E69/><V48/><F7/><N who="3" m="3103" /><G39/><T73/><D73/><U28/><E28/><V65/><F0/><W129/><G117/><T60/><D124/><U61/><E61/><V95/><F95/><W130/><G110/><N who="1" m="42602" /><E125/><V40/><F118/><W88/><G88/><T32/><D66/><U9/><E9/><V111/><F111/><W53/><G53/><T31/><D51/><U72/><E72/><V59/><F43/><W121/><G115/><T29/><D49/><U96/><E112/><V54/><F114/><W127/><G127/><T79/><D60/><AGARI ba="0,0" hai="38,40,47,48,52,54,58,59,60,63,65,68,133,134" machi="60" ten="40,12000,2" yaku="24,2,34,3,54,1" doraHai="98" who="2" fromWho="0" sc="451,-120,300,0,53,120,196,0" /><INIT seed="6,0,0,4,1,57" ten="331,300,173,196" oya="2" hai0="93,30,73,48,75,32,122,67,29,80,58,121,15" hai1="101,51,74,128,81,100,77,83,69,46,28,79,131" hai2="39,14,5,129,16,109,117,87,120,90,4,127,62" hai3="50,115,24,1,59,53,63,41,26,64,82,10,85"/><V103/><F120/><W99/><G99/><T76/><D73/><U61/><E28/><V97/><F117/><W12/><G1/><T126/><D126/><U95/><E51/><V42/><F129/><N who="1" m="49737" /><E46/><V40/><F127/><W104/><G104/><T56/><D30/><U113/><E113/><V21/><F109/><W9/><G41/><N who="2" m="15977" /><F103/><N who="1" m="39497" /><E61/><V112/><F97/><W60/><G115/><T36/><D29/><U7/><E69/><V45/><F45/><W70/><G50/><T98/><D36/><U108/><E7/><V47/><F47/><W43/><G43/><T102/><D15/><U20/><E20/><V135/><F135/><W84/><G84/><T31/><D31/><U92/><E74/><V38/><F38/><W8/><REACH who="3" step="1"/><G12/><REACH who="3" ten="331,300,173,186" step="2"/><T17/><D48/><U44/><E108/><V11/><F112/><W130/><G130/><T0/><D0/><U132/><E44/><V33/><F39/><W27/><G27/><T18/><D75/><U114/><E114/><V118/><F118/><W110/><G110/><T133/><D122/><U35/><E35/><V78/><F33/><W89/><AGARI ba="0,1" hai="8,9,10,24,26,53,59,60,63,64,70,82,85,89" machi="89" ten="30,12000,2" yaku="1,1,0,1,52,2,53,2" doraHai="57" doraHaiUra="23" who="3" fromWho="3" sc="331,-30,300,-30,173,-60,186,130" /><INIT seed="7,0,0,3,5,68" ten="301,270,113,316" oya="3" hai0="82,0,83,33,12,69,110,93,70,125,40,76,58" hai1="16,38,47,131,106,57,63,81,132,124,98,128,100" hai2="11,2,111,60,10,3,120,20,26,117,34,6,29" hai3="55,73,75,127,64,56,135,107,66,23,102,99,116"/><W122/><G116/><T61/><D0/><U44/><E81/><V1/><F60/><W5/><G122/><T104/><D104/><U35/><E35/><V53/><F53/><W54/><G127/><T13/><D33/><U109/><E124/><V114/><F111/><W62/><G135/><T31/><D125/><U89/><E89/><V67/><F67/><W28/><G5/><T27/><D110/><U45/><E109/><V80/><F80/><W91/><G73/><T65/><D27/><U49/><E49/><V78/><F78/><W39/><G39/><T134/><D31/><U96/><E96/><V123/><F117/><W8/><G75/><T119/><D119/><U46/><E132/><V88/><F88/><W121/><G121/><T41/><D134/><U19/><E38/><V115/><F20/><W95/><G8/><T9/><D70/><U92/><N who="1" m="11776" /><DORA hai="17" /><U71/><E106/><V32/><F32/><W84/><G66/><T86/><D69/><U74/><E74/><V50/><F50/><W113/><G113/><T126/><D126/><U101/><E71/><V85/><F85/><W87/><G84/><N who="0" m="48199" /><D93/><U24/><E101/><V59/><F59/><W130/><G130/><N who="1" m="49706" /><E24/><V4/><F1/><W21/><G28/><T79/><D13/><U133/><E133/><V72/><F72/><W22/><AGARI ba="0,0" hai="21,22,23,54,55,56,62,64,87,91,95,99,102,107" machi="22" ten="30,11700,0" yaku="0,1,52,3" doraHai="68,17" who="3" fromWho="3" sc="301,-39,270,-39,113,-39,316,117" owari="262,6.0,231,-17.0,74,-43.0,433,54.0" /></mjloggm>