<mjloggm ver="2.3"><GO type="97" lobby="0"/><UN n0="%E3%83%81%E3%83%A3%E3%82%AA%E5%B8%AB%E5%8C%A0" n1="%4C%6C%6F%79%64" n2="%E9%81%8A%E3%81%B3%E4%BA%BA%E3%81%AC%E3%81%93" n3="%E3%82%A6%E3%83%AB%E3%83%88%E3%83%A9%E7%AB%8B%E7%9B%B4" dan="13,14,13,15" rate="1911.27,1944.54,1930.79,1993.77" sx="M,M,M,M"/><TAIKYOKU oya="0"/><INIT seed="0,0,0,4,4,65" ten="250,250,250,250" oya="0" hai0="28,107,52,44,121,74,72,109,49,116,106,7,56" hai1="33,79,103,94,89,24,31,131,96,90,70,20,83" hai2="69,118,25,113,22,11,85,71,100,81,36,104,0" hai3="50,124,1,37,26,87,9,18,114,14,43,132,58"/><T86/><D116/><U73/><E131/><V115/><F118/><W13/><G114/><T34/><D121/><U10/><E33/><V93/><F104/><W6/><G1/><T129/><D7/><U105/><E10/><V80/><F36/><W41/><G37/><T122/><D122/><U29/><E29/><V133/><F133/><W54/><G124/><T123/><D123/><U5/><E5/><V27/><F0/><W112/><G132/><T82/><D129/><U110/><E110/><V59/><F11/><W46/><G26/><N who="2" m="9737" /><F59/><W15/><G112/><N who="2" m="43081" /><F85/><W39/><G43/><T91/><D109/><U19/><E19/><V119/><F119/><W68/><G6/><T8/><D8/><U108/><E108/><V130/><F130/><W61/><G87/><T32/><D28/><U57/><E57/><V3/><F3/><W4/><G4/><T98/><D106/><U117/><E117/><V48/><F48/><W99/><G99/><T77/><D74/><U30/><E30/><V135/><F135/><W12/><G12/><T84/><D84/><N who="1" m="52519" /><E90/><V17/><F17/><W134/><G134/><T102/><REACH who="0" step="1"/><D56/><REACH who="0" ten="240,250,250,250" step="2"/><U75/><E75/><V76/><F22/><W88/><G9/><T60/><D60/><U40/><E40/><V95/><F76/><W78/><G78/><T35/><D35/><U38/><E38/><V120/><F120/><W2/><G2/><T97/><D97/><U21/><E21/><V51/><F100/><W53/><G18/><T64/><D64/><U47/><E47/><V63/><F63/><W67/><G54/><T45/><D45/><RYUUKYOKU ba="0,1" sc="240,10,250,10,250,-30,250,10" hai0="32,34,44,49,52,72,77,82,86,91,98,102,107" hai1="20,24,31,70,73,79,83,96,103,105" hai3="13,14,15,39,41,46,50,53,58,61,67,68,88" /><INIT seed="0,1,1,1,0,71" ten="250,260,220,260" oya="0" hai0="17,33,60,14,42,68,35,76,9,99,74,106,86" hai1="54,122,70,27,78,126,58,123,118,13,134,100,41" hai2="65,130,109,82,4,23,26,89,81,67,48,121,110" hai3="113,132,112,96,44,5,127,10,24,25,101,40,62"/><T119/><D119/><U56/><E118/><V92/><F121/><W87/><G127/><T7/><D74/><U133/><E70/><V46/><F130/><W15/><G132/><N who="1" m="50794" /><E100/><V38/><F4/><W90/><G112/><T85/><D42/><U31/><E78/><V20/><F38/><W108/><G108/><N who="2" m="41577" /><F92/><W125/><G125/><T135/><D135/><U50/><E126/><V11/><F11/><W104/><G62/><T61/><D61/><U111/><E111/><V53/><F20/><W73/><G73/><T114/><D114/><U39/><E13/><V117/><F117/><W1/><G1/><T63/><D63/><U12/><E12/><V75/><F89/><W84/><G113/><T128/><D128/><U45/><E58/><V28/><F75/><W29/><G90/><T131/><D131/><U91/><E91/><V98/><F98/><W49/><G25/><T97/><D97/><U18/><E18/><V36/><F36/><W22/><AGARI ba="1,1" hai="5,10,15,22,24,29,40,44,49,84,87,96,101,104" machi="22" ten="20,1500,0" yaku="0,1,7,1" doraHai="71" who="3" fromWho="3" sc="250,-8,260,-5,220,-5,260,28" /><INIT seed="1,0,0,1,2,58" ten="242,255,215,288" oya="1" hai0="54,19,74,82,56,133,11,14,110,106,118,113,27" hai1="135,39,29,7,67,117,71,31,18,46,72,59,107" hai2="34,84,104,108,16,38,99,8,51,6,93,101,9" hai3="116,130,42,60,88,40,49,115,134,109,73,100,83"/><U63/><E107/><V62/><F108/><W122/><G73/><T131/><D118/><U86/><E72/><V111/><F111/><W127/><G115/><T43/><D113/><U65/><E117/><V26/><F38/><W13/><G122/><T64/><D110/><U95/><E135/><V61/><F51/><W33/><G33/><T1/><D133/><U105/><E7/><V76/><F34/><W10/><G100/><T32/><D106/><U35/><E105/><V22/><F104/><W57/><G134/><T50/><D131/><U125/><E35/><V85/><F85/><N who="3" m="50239" /><G130/><T96/><D96/><U92/><E125/><V70/><F70/><W87/><G127/><T121/><D121/><U120/><E120/><V25/><F25/><W45/><G87/><T0/><D43/><U53/><E71/><V124/><F124/><W24/><G24/><T4/><D4/><U5/><E5/><V17/><F17/><N who="3" m="8375" /><G109/><T80/><D27/><U36/><E39/><V28/><F28/><N who="1" m="10825" /><E36/><V30/><F30/><W128/><G128/><T68/><D32/><U12/><E86/><V129/><F129/><W119/><G119/><T75/><D74/><U37/><E37/><V20/><F20/><W15/><G116/><T44/><D68/><U55/><E92/><V97/><F97/><W112/><G112/><T114/><D114/><U98/><E95/><V78/><F78/><W48/><G15/><T126/><D126/><U123/><E98/><V3/><REACH who="2" step="1"/><F8/><REACH who="2" ten="242,255,205,288" step="2"/><W2/><G48/><T132/><D132/><U69/><E123/><V90/><F90/><W23/><G49/><RYUUKYOKU ba="0,1" sc="242,-10,255,-10,205,30,288,-10" hai2="3,6,9,16,22,26,61,62,76,84,93,99,101" /><INIT seed="2,1,1,2,4,83" ten="232,245,235,278" oya="2" hai0="106,122,114,105,74,123,3,56,67,16,34,61,58" hai1="113,91,69,130,70,66,13,63,5,39,50,53,115" hai2="64,45,126,132,2,9,59,86,112,79,77,111,62" hai3="20,12,36,94,82,41,102,27,103,125,88,25,35"/><V44/><F112/><N who="1" m="43081" /><E91/><V7/><F126/><W89/><G36/><T104/><D114/><U84/><E13/><V10/><F111/><W117/><G35/><T6/><D74/><U26/><E84/><V23/><F132/><W90/><G41/><T54/><D34/><U99/><E99/><V65/><F65/><W33/><G125/><T101/><D101/><N who="3" m="38409" /><G33/><T100/><D100/><U4/><E26/><N who="3" m="9738" /><G82/><T73/><D73/><U48/><E5/><V71/><F71/><N who="1" m="27145" /><E4/><V116/><F116/><W131/><G131/><T107/><N who="0" m="26624" /><DORA hai="110" /><T40/><D40/><U96/><E96/><V118/><F118/><W21/><G117/><T97/><D97/><U80/><E80/><V135/><F135/><W29/><G29/><T1/><D16/><U95/><E95/><V72/><F72/><W51/><G12/><T30/><D30/><U37/><E130/><V92/><F23/><N who="3" m="8779" /><G94/><T55/><D6/><U38/><E66/><V108/><F108/><W133/><G133/><T60/><D67/><U43/><E43/><V47/><REACH who="2" step="1"/><F9/><REACH who="2" ten="232,245,225,278" step="2"/><W98/><G98/><T109/><D109/><U8/><E8/><V93/><F93/><W121/><G90/><AGARI ba="1,2" hai="2,7,10,44,45,47,59,62,64,77,79,86,90,92" machi="90" ten="40,7700,0" yaku="1,1,52,1,53,1" doraHai="83,110" doraHaiUra="49,57" who="2" fromWho="3" sc="232,0,245,0,225,100,278,-80" /><INIT seed="2,2,0,1,0,5" ten="232,245,325,198" oya="2" hai0="37,130,134,64,93,63,67,68,79,16,46,56,7" hai1="40,29,86,122,49,85,41,83,127,48,96,115,57" hai2="69,34,97,123,77,74,65,21,30,98,119,27,72" hai3="10,11,2,75,42,109,105,129,31,94,121,4,76"/><V133/><F119/><W113/><G121/><T51/><D130/><U18/><E122/><V120/><F123/><W81/><G105/><T28/><D134/><U47/><E115/><V59/><F120/><W125/><G113/><T104/><D104/><U20/><E127/><V44/><F133/><W17/><G125/><T91/><D28/><U6/><E29/><V23/><F59/><W54/><G129/><T80/><D7/><U118/><E118/><V87/><F44/><W45/><G109/><T106/><D106/><U95/><E6/><V135/><F135/><W102/><G31/><T13/><D37/><U58/><E86/><V35/><F87/><W62/><G62/><T38/><D38/><U114/><E114/><V26/><F30/><W84/><G54/><N who="0" m="30071" /><D68/><U25/><E48/><V9/><F77/><W103/><G84/><N who="0" m="48159" /><D93/><U111/><E41/><V128/><F128/><W22/><G94/><T117/><D91/><N who="1" m="51647" /><E111/><V78/><F78/><W66/><G66/><N who="0" m="39271" /><D117/><U36/><E36/><V52/><F52/><W131/><G131/><T89/><D89/><AGARI ba="2,0" hai="18,20,25,40,47,49,57,58,89,95,96" m="51647" machi="89" ten="30,1000,0" yaku="8,1" doraHai="5" who="1" fromWho="0" sc="232,-16,245,16,325,0,198,0" /><INIT seed="3,0,0,2,0,59" ten="216,261,325,198" oya="3" hai0="134,54,8,130,10,65,32,50,62,19,127,85,30" hai1="60,49,17,64,7,77,15,112,116,126,51,95,79" hai2="56,81,89,111,1,80,117,121,58,93,83,20,67" hai3="5,120,12,11,16,118,132,36,34,23,123,9,125"/><W69/><G69/><T103/><D130/><U68/><E112/><V25/><F117/><W37/><G36/><T55/><D134/><U101/><E116/><V96/><F111/><W53/><G53/><T38/><D38/><U119/><E119/><V133/><F133/><W124/><G37/><T61/><D127/><N who="3" m="48713" /><G118/><T70/><D103/><U105/><E105/><V14/><F121/><N who="3" m="46667" /><G132/><T91/><D30/><U73/><E73/><V102/><F1/><N who="3" m="175" /><G34/><T2/><D32/><U129/><E126/><V135/><F135/><W28/><G28/><T115/><D115/><U27/><E129/><V131/><F131/><W0/><G0/><T82/><D2/><U13/><E51/><V122/><F122/><W3/><G3/><T72/><D72/><U46/><E49/><V88/><F14/><W84/><G84/><T40/><D19/><U52/><E15/><V98/><F67/><W31/><G31/><T106/><D40/><U4/><E13/><V76/><F76/><W24/><G24/><T48/><D48/><N who="1" m="28695" /><E17/><N who="2" m="12431" /><F96/><W110/><G110/><T22/><D22/><AGARI ba="0,0" hai="11,12,16,22,23" m="175,46667,48713" machi="22" ten="30,11600,0" yaku="18,1,34,2,54,1" doraHai="59" who="3" fromWho="0" sc="216,-116,261,0,325,0,198,116" /><INIT seed="3,1,0,3,4,18" ten="100,261,325,314" oya="3" hai0="6,38,71,34,97,50,125,127,89,27,130,59,135" hai1="110,55,63,43,104,22,80,81,48,42,10,116,15" hai2="14,29,32,99,56,5,9,75,12,76,45,20,106" hai3="61,33,28,109,17,62,2,44,26,24,53,123,118"/><W41/><G2/><T82/><D71/><U114/><E116/><V78/><F75/><W73/><G73/><T31/><D38/><U60/><E104/><V37/><F32/><W131/><G123/><T58/><D130/><U103/><E103/><V126/><F126/><W40/><G118/><T95/><D135/><U112/><E110/><V115/><F115/><W113/><G113/><T4/><D125/><U67/><E112/><V72/><F72/><W0/><G0/><T129/><D127/><U68/><E63/><V47/><F106/><W120/><G120/><T49/><D129/><U102/><E102/><V86/><F37/><W132/><G131/><T83/><D59/><U85/><E81/><N who="2" m="47399" /><F78/><W128/><G128/><T107/><D107/><U121/><E121/><V13/><F99/><W30/><G132/><T92/><D92/><U119/><E119/><V8/><F56/><W1/><G1/><T84/><D82/><U98/><E98/><V79/><F79/><W19/><G109/><T134/><D134/><U91/><E114/><V65/><F65/><W90/><G90/><T77/><D58/><U101/><E101/><V96/><F96/><W57/><G62/><T35/><D35/><U3/><E3/><V93/><F93/><W39/><G41/><T88/><D77/><U108/><E108/><V111/><F111/><W69/><G69/><T133/><D133/><U117/><E117/><V11/><F5/><W74/><G74/><T23/><D34/><AGARI ba="1,0" hai="17,19,24,26,28,30,33,34,39,40,44,53,57,61" machi="34" ten="30,2900,0" yaku="7,1,9,1" doraHai="18" who="3" fromWho="0" sc="100,-32,261,0,325,0,314,32" owari="68,-43.0,261,-14.0,325,13.0,346,44.0" /></mjloggm>