<mjloggm ver="2.3"><GO type="193" lobby="0"/><UN n0="%68%61%6E%61%6D%61%72%6F" n1="%E3%81%8D%E3%81%84%E3%81%84%E3%81%84" n2="%73%68%69%2D%74%61" n3="%E5%B0%B1%E6%B4%BB%E7%94%9F%40%E5%B7%9D%E6%9D%91%E8%BB%8D%E5%9B%A3" dan="10,11,11,12" rate="1592.17,1616.62,1720.83,1805.20" sx="F,M,M,M"/><TAIKYOKU oya="0"/><INIT seed="0,0,0,5,2,109" ten="250,250,250,250" oya="0" hai0="74,126,65,94,31,18,100,75,118,14,120,86,3" hai1="125,54,33,115,21,51,59,34,17,38,102,9,105" hai2="87,73,56,127,68,55,121,50,47,25,35,72,93" hai3="66,99,80,90,98,23,43,53,77,19,124,32,40"/><T36/><D3/><U129/><E38/><V131/><F121/><W5/><G32/><T45/><D120/><U111/><E9/><V97/><F68/><W78/><G124/><T119/><D118/><U22/><E111/><V8/><F127/><W79/><G5/><T88/><D119/><U81/><E125/><V123/><F123/><W0/><G0/><T49/><D36/><U6/><E6/><V107/><F107/><W29/><G29/><T26/><D65/><U96/><E22/><V24/><F131/><W83/><G66/><T63/><D63/><U106/><E129/><V60/><F8/><W135/><G135/><T7/><D7/><U1/><E1/><V64/><F87/><W82/><G53/><T52/><D100/><U92/><E115/><V91/><REACH who="2" step="1"/><F35/><REACH who="2" ten="250,250,240,250" step="2"/><W39/><G39/><T2/><D126/><U27/><E34/><V46/><F46/><W104/><G104/><T112/><D112/><U42/><E33/><V37/><F37/><W113/><G113/><T128/><D128/><U117/><E117/><V130/><F130/><W58/><G58/><T110/><D110/><U44/><REACH who="1" step="1"/><E81/><REACH who="1" ten="250,240,240,250" step="2"/><V4/><F4/><W108/><G108/><T61/><D2/><U95/><E95/><V13/><F13/><W103/><G82/><T101/><D94/><U30/><E30/><V16/><F16/><W116/><G83/><T114/><D18/><U15/><E15/><V57/><F57/><W71/><G80/><T89/><D31/><U76/><E76/><V11/><F11/><W69/><G78/><T12/><D114/><U10/><E10/><RYUUKYOKU ba="0,2" sc="250,-15,240,15,240,15,250,-15" hai1="17,21,27,42,44,51,54,59,92,96,102,105,106" hai2="24,25,47,50,55,56,60,64,72,73,91,93,97" /><INIT seed="1,1,2,3,2,85" ten="235,255,255,235" oya="1" hai0="42,113,75,66,70,71,106,60,80,6,46,115,19" hai1="130,0,45,43,131,68,88,82,40,47,64,62,9" hai2="65,69,73,34,5,2,37,100,101,27,13,22,53" hai3="103,23,91,31,125,74,44,35,7,86,108,15,26"/><U120/><E120/><V135/><F73/><W110/><G108/><T32/><D19/><U59/><E68/><V92/><F37/><W38/><G125/><T54/><D54/><U33/><E33/><V127/><F127/><W61/><G74/><T16/><D16/><U123/><E123/><V18/><F135/><W121/><G121/><T25/><D70/><U109/><E109/><V49/><F92/><W102/><G110/><T93/><D93/><U17/><E0/><V57/><F69/><W29/><G61/><T83/><D6/><U24/><E24/><V111/><F111/><W134/><G134/><T133/><D106/><U119/><E119/><V97/><F97/><W1/><G31/><N who="0" m="19567" /><D133/><U8/><E43/><V56/><F65/><W41/><G1/><T128/><D80/><U99/><E45/><V124/><F57/><W104/><G104/><T39/><D128/><U76/><E76/><BYE who="1" /><AGARI ba="1,2" hai="39,42,46,60,66,71,75,76,83,113,115" m="19567" machi="76" ten="30,1000,0" yaku="23,1" doraHai="85" who="0" fromWho="1" sc="235,33,255,-13,255,0,235,0" /><UN n1="%E3%81%8D%E3%81%84%E3%81%84%E3%81%84" /><INIT seed="2,0,0,5,1,53" ten="268,242,255,235" oya="2" hai0="111,23,107,105,36,43,75,124,40,6,17,110,113" hai1="88,7,114,60,58,25,123,103,130,104,59,33,93" hai2="15,77,8,121,47,9,92,3,73,133,52,65,57" hai3="118,126,100,18,106,48,29,79,70,32,71,74,46"/><V119/><F121/><W96/><G118/><T26/><D113/><U30/><E30/><V56/><BYE who="1" /><F119/><UN n1="%E3%81%8D%E3%81%84%E3%81%84%E3%81%84" /><W127/><G29/><T131/><D75/><U21/><E114/><V19/><F133/><W98/><G32/><T14/><D131/><U0/><E123/><V91/><F3/><W72/><G96/><T2/><D2/><U112/><E33/><V24/><F73/><W129/><G129/><T108/><D124/><N who="3" m="47657" /><G18/><N who="0" m="12663" /><D6/><U38/><E112/><V67/><F77/><W87/><G87/><T35/><D35/><U31/><E38/><V135/><F135/><W12/><G12/><T42/><D36/><U86/><E86/><BYE who="1" /><N who="2" m="52343" /><F24/><UN n1="%E3%81%8D%E3%81%84%E3%81%84%E3%81%84" /><W55/><G74/><T4/><D4/><U50/><E130/><V95/><F95/><W84/><G72/><T10/><AGARI ba="0,0" hai="10,14,17,40,42,43,105,107,108,110,111" m="12663" machi="10" ten="40,1500,0" yaku="14,1" doraHai="53" who="0" fromWho="0" sc="268,15,242,-4,255,-7,235,-4" /><INIT seed="3,0,0,5,4,124" ten="283,238,248,231" oya="3" hai0="63,111,43,118,106,18,77,112,21,4,125,132,57" hai1="120,71,92,32,58,26,65,7,22,89,114,29,69" hai2="64,24,88,130,129,93,133,99,116,94,87,25,11" hai3="104,97,80,62,121,131,52,72,50,119,47,0,30"/><W79/><BYE who="1" /><G121/><T66/><D106/><U53/><E53/><V27/><F116/><W91/><G119/><T70/><D118/><U20/><E20/><V17/><F133/><W85/><G0/><T134/><D125/><U75/><E75/><V86/><F64/><W3/><G3/><T16/><D4/><U49/><E49/><V98/><F11/><W110/><G110/><T100/><D100/><U108/><E108/><V41/><F17/><W95/><G30/><T9/><D111/><U67/><E67/><V2/><F2/><W127/><G127/><T31/><D77/><U14/><E14/><V56/><F41/><W45/><G62/><N who="0" m="40279" /><D43/><U39/><E39/><V33/><F33/><W96/><G131/><N who="2" m="50185" /><F56/><W117/><G117/><T51/><D9/><U60/><E60/><V68/><F68/><W101/><G96/><T19/><D51/><U135/><E135/><N who="0" m="51753" /><D31/><U6/><E6/><V12/><F12/><W15/><G15/><N who="0" m="9375" /><D112/><U13/><E13/><V105/><F105/><W54/><G54/><AGARI ba="0,0" hai="18,19,54,57,63" m="9375,51753,40279" machi="54" ten="30,2000,0" yaku="20,1,54,1" doraHai="124" who="0" fromWho="3" sc="283,20,238,0,248,0,231,-20" owari="303,40.0,238,-16.0,248,5.0,211,-29.0" /></mjloggm>