<mjloggm ver="2.3"><GO type="97" lobby="0"/><UN n0="%E3%82%A6%E3%83%AB%E3%83%88%E3%83%A9%E7%AB%8B%E7%9B%B4" n1="%E3%83%96%E3%83%B3%E3%82%AC%E3%82%AF" n2="%E3%81%B0%E3%81%98%E3%82%8B%EF%BC%A0%E6%9D%B1%E9%A2%A8" n3="%70%65%61%63%65%36%39" dan="14,14,13,14" rate="1946.81,1971.76,1938.24,1860.87" sx="M,M,M,M"/><TAIKYOKU oya="0"/><INIT seed="0,0,0,3,2,19" ten="250,250,250,250" oya="0" hai0="1,37,21,121,54,94,69,112,131,125,36,46,45" hai1="82,99,93,88,97,107,110,90,101,80,51,78,25" hai2="115,103,20,42,38,111,79,22,13,2,62,60,118" hai3="32,40,134,68,49,77,89,61,81,43,41,119,10"/><T85/><D1/><U91/><E25/><V67/><F115/><W24/><G119/><T102/><D69/><U127/><E51/><V55/><F118/><W76/><G134/><T18/><D112/><U27/><E27/><V114/><F114/><W75/><G10/><T96/><D121/><U59/><E59/><V15/><F111/><W92/><G77/><T73/><D73/><N who="1" m="43087" /><E110/><V74/><F2/><W72/><G72/><T133/><D133/><U7/><E7/><V98/><F74/><W33/><G24/><T44/><D125/><U16/><E16/><N who="2" m="10255" /><F79/><W122/><G49/><T117/><D117/><U66/><E66/><V87/><F38/><W17/><G17/><T132/><D132/><U104/><E127/><V3/><F42/><W8/><G8/><T135/><D135/><U126/><E126/><V58/><F3/><W6/><G6/><T70/><D70/><U100/><E82/><V52/><F62/><W29/><G122/><T30/><D37/><U130/><E130/><V106/><F15/><W71/><G61/><T108/><D36/><U35/><E35/><V26/><F26/><W47/><G33/><T86/><D108/><U34/><E34/><V23/><F67/><W113/><G113/><T5/><D131/><U120/><E120/><V39/><F39/><W50/><G68/><T12/><D5/><U83/><E83/><V84/><F55/><W9/><G71/><T129/><D129/><U65/><E65/><V11/><F11/><W53/><G9/><N who="0" m="6415" /><D54/><U105/><AGARI ba="0,0" hai="88,90,91,93,97,99,100,101,104,105,107" m="43087" machi="105" ten="30,12000,2" yaku="35,5,54,1" doraHai="19" who="1" fromWho="1" sc="250,-60,250,120,250,-30,250,-30" /><INIT seed="1,0,0,2,1,24" ten="190,370,220,220" oya="1" hai0="14,130,46,96,107,4,59,116,11,102,2,80,38" hai1="135,82,40,50,20,42,68,117,70,33,21,94,93" hai2="131,57,122,6,114,49,111,115,5,81,36,13,127" hai3="129,23,32,84,120,9,98,79,3,67,7,31,17"/><U48/><E117/><V118/><F111/><W108/><G120/><T91/><D116/><U100/><E82/><V56/><F118/><W134/><G134/><T39/><D130/><U26/><E26/><V87/><F122/><W92/><G129/><T55/><D2/><U110/><E110/><V89/><F131/><W58/><G108/><T75/><D46/><U103/><REACH who="1" step="1"/><E33/><REACH who="1" ten="190,360,220,220" step="2"/><V53/><F115/><W124/><G32/><T125/><D125/><U66/><E66/><V60/><F114/><W45/><G124/><T113/><D113/><U105/><E105/><V119/><F127/><W25/><G67/><T29/><D80/><U101/><E101/><V106/><F119/><W123/><G123/><T47/><D107/><U44/><E44/><V0/><F106/><W30/><G45/><T88/><D102/><U128/><E128/><V43/><F81/><W86/><G58/><T34/><D34/><U15/><E15/><V72/><F13/><N who="3" m="5311" /><G79/><T73/><D47/><U121/><E121/><V16/><F57/><W54/><G3/><T52/><D59/><U8/><E8/><V126/><F0/><W63/><G63/><T61/><D61/><U83/><E83/><N who="2" m="49407" /><F126/><W99/><G54/><T41/><D52/><U12/><E12/><V109/><F109/><W62/><G62/><T10/><D55/><U85/><E85/><N who="3" m="32874" /><G99/><T65/><D96/><U35/><E35/><V78/><F60/><W133/><G133/><AGARI ba="0,1" hai="20,21,40,42,48,50,68,70,93,94,100,103,133,135" machi="133" ten="25,12000,1" yaku="1,1,22,2,53,2" doraHai="24" doraHaiUra="90" who="1" fromWho="3" sc="190,0,360,130,220,0,220,-120" /><INIT seed="1,1,0,2,0,55" ten="190,490,220,100" oya="1" hai0="107,74,35,98,94,91,30,0,112,26,67,18,118" hai1="59,52,120,117,36,87,28,1,123,45,135,42,17" hai2="19,2,105,22,32,63,39,113,57,121,68,103,65" hai3="41,85,82,7,40,21,16,97,109,4,46,93,58"/><U77/><E117/><V64/><F121/><W72/><G72/><T44/><D112/><U128/><E1/><V127/><F127/><W78/><G109/><T111/><D118/><U126/><E28/><V129/><F129/><W8/><G4/><T3/><D111/><U13/><E128/><V49/><F39/><W6/><G7/><T88/><D74/><U50/><E135/><V95/><F113/><W38/><G41/><T133/><D133/><U102/><E102/><V125/><F125/><W81/><G82/><T48/><D107/><U99/><E99/><N who="2" m="59903" /><F68/><W47/><G47/><T130/><D130/><U56/><E56/><N who="2" m="36967" /><F32/><W83/><G83/><T37/><D37/><U31/><E31/><V20/><F105/><W84/><G84/><T119/><D119/><U90/><E77/><V134/><F2/><W108/><G108/><T92/><D67/><U110/><E110/><V106/><F106/><W54/><G6/><T86/><REACH who="0" step="1"/><D18/><REACH who="0" ten="180,490,220,100" step="2"/><U80/><E126/><V5/><F134/><W104/><G104/><T76/><D76/><U53/><E53/><AGARI ba="1,1" hai="0,3,26,30,35,44,48,53,86,88,91,92,94,98" machi="53" ten="30,3900,0" yaku="1,1,7,1,54,1,53,0" doraHai="55" doraHaiUra="66" who="0" fromWho="1" sc="180,52,490,-42,220,0,100,0" /><INIT seed="2,0,0,1,3,29" ten="232,448,220,100" oya="2" hai0="64,21,27,42,79,58,103,118,123,48,77,130,12" hai1="68,112,5,83,61,73,67,10,44,90,13,93,110" hai2="131,24,115,8,108,78,38,11,102,23,121,28,101" hai3="107,128,16,60,91,97,116,37,82,71,25,89,30"/><V65/><F115/><W62/><G37/><T74/><D74/><U133/><E110/><V113/><F113/><W124/><G116/><T18/><D123/><U47/><E133/><V50/><F121/><W36/><G36/><T80/><D118/><U20/><E112/><V85/><F131/><W17/><G71/><T9/><D130/><U86/><REACH who="1" step="1"/><E20/><REACH who="1" ten="232,438,220,100" step="2"/><V22/><F108/><W122/><G128/><T53/><D103/><U52/><E52/><V88/><F23/><W99/><G122/><T127/><D127/><U4/><E4/><V109/><F109/><W45/><G124/><T125/><D125/><U41/><E41/><V3/><F102/><W84/><G107/><T51/><D64/><U46/><E46/><V55/><F101/><W26/><G45/><N who="0" m="25655" /><D80/><U39/><E39/><V66/><F38/><W35/><G26/><T1/><D1/><U126/><E126/><V40/><F40/><W94/><REACH who="3" step="1"/><G99/><REACH who="3" ten="232,438,220,90" step="2"/><T33/><D33/><U119/><E119/><V34/><F34/><W31/><G31/><AGARI ba="0,2" hai="9,12,18,21,27,31,51,53,58,77,79" m="25655" machi="31" ten="30,1000,0" yaku="8,1" doraHai="29" who="0" fromWho="3" sc="232,30,438,0,220,0,90,-10" /><INIT seed="3,0,0,4,1,112" ten="262,438,220,80" oya="3" hai0="71,132,12,35,103,101,49,57,31,96,4,8,21" hai1="14,19,73,94,16,117,93,78,17,106,130,82,13" hai2="126,109,69,79,66,98,110,134,2,1,60,20,30" hai3="56,124,64,99,26,18,58,68,116,54,125,3,46"/><W87/><G3/><N who="2" m="1033" /><F126/><N who="3" m="48747" /><G116/><T44/><D71/><U70/><E70/><V85/><F134/><W76/><G99/><T118/><D35/><U95/><E106/><V59/><F98/><W42/><G68/><T63/><D132/><U80/><E130/><V84/><F79/><W127/><N who="3" m="48755" /><W10/><DORA hai="47" /><G87/><T53/><D118/><U92/><E117/><V7/><F7/><W15/><G26/><N who="0" m="16847" /><D96/><U123/><E123/><V91/><F91/><W100/><G100/><T108/><D108/><N who="2" m="41578" /><F69/><W62/><G76/><T25/><D25/><AGARI ba="0,0" hai="20,25,30,59,60,66,84,85" m="41578,1033" machi="25" ten="30,1000,0" yaku="14,1" doraHai="112,47" who="2" fromWho="0" sc="262,-10,438,0,220,10,80,0" owari="252,5.0,438,54.0,230,-17.0,80,-42.0" /></mjloggm>