<mjloggm ver="2.3"><GO type="97" lobby="0"/><UN n0="%E3%82%A6%E3%83%AB%E3%83%88%E3%83%A9%E7%AB%8B%E7%9B%B4" n1="%E5%8D%83%E5%B9%B4%E5%B9%BB%E6%83%B3%E5%8D%BF" n2="%E3%83%8D%E3%82%AA%E3%83%A9%E3%83%B4%E3%82%A3%E3%83%B3" n3="%62%72%65%61%64%2D" dan="15,13,14,16" rate="2028.03,1871.69,1962.34,2029.99" sx="M,M,M,M"/><TAIKYOKU oya="0"/><INIT seed="0,0,0,1,5,130" ten="250,250,250,250" oya="0" hai0="59,20,36,99,126,115,134,27,37,22,4,98,29" hai1="25,33,73,108,60,109,103,1,61,64,51,58,81" hai2="116,100,131,10,90,68,97,119,93,12,44,70,24" hai3="128,75,17,7,117,38,46,23,79,92,26,14,13"/><T39/><D115/><U21/><E1/><V3/><F131/><W135/><G117/><N who="2" m="45129" /><F3/><W78/><G128/><T15/><D126/><U62/><E33/><V41/><F24/><W127/><G127/><T2/><D2/><U88/><E103/><V110/><F110/><N who="1" m="42601" /><E51/><N who="2" m="27023" /><F100/><W5/><G75/><T30/><D134/><U86/><E73/><V31/><F31/><AGARI ba="0,0" hai="21,25,31,58,60,61,62,64,81,86,88" m="42601" machi="31" ten="30,2000,0" yaku="14,1,54,1" doraHai="130" who="1" fromWho="2" sc="250,0,250,20,250,-20,250,0" /><INIT seed="1,0,0,2,5,22" ten="250,270,230,250" oya="1" hai0="25,15,134,0,32,103,34,80,114,30,108,107,115" hai1="43,26,74,44,92,28,27,98,66,16,59,124,116" hai2="112,36,96,79,17,113,106,78,37,35,73,6,65" hai3="94,128,61,104,69,46,84,41,13,29,18,60,10"/><U100/><E116/><V101/><F17/><W102/><G128/><T97/><D134/><U109/><E124/><V58/><F79/><W1/><G104/><T130/><D130/><U4/><E74/><V42/><F58/><W133/><G133/><T129/><D129/><U24/><E4/><V75/><F6/><W19/><G69/><T110/><D15/><U20/><E109/><N who="0" m="42089" /><D0/><U53/><E66/><V62/><F42/><W95/><G1/><T90/><D34/><U132/><E28/><V23/><F23/><W70/><G70/><T38/><D38/><N who="2" m="14954" /><F35/><W14/><G29/><T81/><D90/><U54/><E132/><V12/><F12/><W33/><G33/><T72/><D81/><U83/><E83/><N who="2" m="45519" /><F75/><W99/><G84/><T47/><D47/><U127/><E127/><V118/><F118/><W87/><G87/><T111/><N who="0" m="42097" /><T51/><DORA hai="50" /><D51/><N who="1" m="28903" /><E43/><V2/><F2/><W91/><G41/><T125/><D125/><U135/><E135/><V126/><F126/><W48/><G46/><T56/><D56/><U40/><E40/><V49/><F49/><AGARI ba="0,0" hai="16,20,24,26,27,49,54,59,92,98,100" m="28903" machi="49" ten="30,18000,2" yaku="8,1,52,5,54,1" doraHai="22,50" who="1" fromWho="2" sc="250,0,270,180,230,-180,250,0" /><INIT seed="1,1,0,2,0,104" ten="250,450,50,250" oya="1" hai0="117,86,106,20,118,57,120,87,2,29,75,18,28" hai1="37,133,12,126,98,8,103,93,27,59,30,69,9" hai2="48,116,135,32,50,96,54,88,62,74,17,31,43" hai3="0,119,39,100,23,130,83,99,44,72,64,58,112"/><U132/><E69/><V11/><F116/><W80/><G119/><T7/><D106/><U68/><E68/><V22/><F135/><N who="1" m="51785" /><E37/><V128/><F128/><W121/><G112/><T40/><D75/><U63/><E126/><V15/><F32/><W131/><G121/><T66/><D86/><U26/><E12/><V55/><F62/><N who="3" m="37975" /><G0/><T79/><D66/><N who="1" m="39295" /><E27/><V89/><F43/><W52/><G39/><T46/><D57/><U94/><E94/><V5/><F31/><W109/><G109/><T36/><D29/><U81/><E81/><V122/><F96/><W84/><G72/><T3/><D28/><U21/><AGARI ba="1,0" hai="8,9,21,26,30,93,98,103" m="39295,51785" machi="21" ten="30,3000,0" yaku="25,1,20,1" doraHai="104" who="1" fromWho="1" sc="250,-11,450,33,50,-11,250,-11" /><INIT seed="1,2,0,2,3,12" ten="239,483,39,239" oya="1" hai0="85,57,103,95,100,40,104,41,73,59,38,32,43" hai1="107,135,105,130,8,87,113,58,99,42,51,5,128" hai2="102,13,70,20,45,16,118,83,121,116,132,39,79" hai3="119,127,112,72,35,68,111,0,81,7,115,54,67"/><U11/><E113/><V125/><F132/><W101/><G54/><T61/><D73/><U91/><E135/><V10/><F125/><W47/><G47/><T114/><D32/><U77/><E99/><V34/><F121/><W28/><G28/><T86/><D104/><U18/><E77/><V88/><F34/><W80/><G67/><T14/><D38/><U53/><E42/><V65/><F102/><W75/><G101/><N who="0" m="38987" /><D114/><U36/><E36/><V31/><F79/><W50/><G35/><T64/><D95/><U97/><E130/><V44/><F44/><W96/><G96/><T6/><D59/><U2/><E128/><V52/><F39/><W69/><G0/><T108/><D108/><U29/><E29/><V90/><F90/><W1/><G1/><T22/><D6/><U56/><E97/><V76/><F76/><W124/><G7/><T110/><D110/><U26/><E58/><V27/><F65/><W93/><G111/><T49/><D49/><U109/><E109/><V23/><F23/><W71/><G93/><T106/><D106/><U25/><E107/><V74/><F70/><W33/><G33/><T46/><D46/><U98/><E98/><V60/><F74/><W92/><G69/><T3/><D3/><U131/><E131/><V126/><F126/><W19/><G92/><T15/><D22/><U48/><E105/><V4/><F4/><W66/><G66/><T21/><D21/><U133/><E51/><N who="2" m="28783" /><F60/><W94/><G94/><T78/><D78/><U24/><E133/><V37/><F37/><W62/><G124/><T117/><D117/><RYUUKYOKU ba="2,0" sc="239,15,483,-15,39,15,239,-15" hai0="14,15,40,41,43,57,61,64,85,86" hai2="10,13,16,20,27,31,83,88,116,118" /><INIT seed="2,3,0,5,1,41" ten="254,468,54,224" oya="2" hai0="70,87,27,2,114,120,45,105,135,32,101,90,68" hai1="23,53,21,57,125,113,28,129,11,112,94,89,118" hai2="133,65,85,33,29,81,9,19,6,30,37,74,20" hai3="54,48,117,107,34,3,31,84,104,55,26,14,134"/><V71/><F133/><W132/><G117/><T128/><D90/><U46/><E118/><V24/><F74/><W62/><G3/><T103/><D87/><U42/><E129/><V102/><F37/><W61/><G84/><T75/><D103/><U69/><E69/><V66/><F102/><W58/><G14/><T0/><D27/><U97/><E125/><V88/><F71/><W50/><G107/><T22/><D45/><U83/><E11/><V67/><REACH who="2" step="1"/><F33/><REACH who="2" ten="254,468,44,224" step="2"/><W72/><G104/><T17/><D101/><U80/><E112/><V35/><F35/><W98/><G72/><T47/><D70/><U79/><E113/><V15/><AGARI ba="3,1" hai="6,9,15,19,20,24,29,30,65,66,67,81,85,88" machi="15" ten="30,11700,0" yaku="1,1,0,1,8,1,54,1,53,0" doraHai="41" doraHaiUra="64" who="2" fromWho="2" sc="254,-42,468,-42,44,136,224,-42" /><INIT seed="2,4,0,5,4,80" ten="212,426,180,182" oya="2" hai0="79,8,6,91,132,83,32,115,96,122,73,85,123" hai1="89,56,67,31,7,54,9,19,62,34,60,33,57" hai2="114,127,28,58,43,110,117,30,125,124,70,105,84" hai3="29,74,63,101,103,72,111,51,119,27,121,109,98"/><V88/><F117/><W66/><G119/><T92/><D32/><U11/><E31/><N who="2" m="11819" /><F70/><N who="3" m="42335" /><G51/><T95/><D115/><U100/><E100/><V112/><F105/><N who="3" m="63671" /><G103/><T1/><D132/><U113/><E113/><N who="2" m="43627" /><F110/><N who="3" m="41995" /><G121/><T135/><D135/><U128/><E33/><AGARI ba="4,0" hai="27,29,33,72,74" m="41995,63671,42335" machi="33" ten="30,3900,0" yaku="25,1,14,1,23,1" doraHai="80" who="3" fromWho="1" sc="212,0,426,-51,180,0,182,51" /><INIT seed="3,0,0,0,1,81" ten="212,375,180,233" oya="3" hai0="133,71,92,35,57,64,55,23,89,6,50,91,124" hai1="106,33,135,18,111,94,120,68,61,39,128,101,10" hai2="49,70,98,45,59,13,36,63,86,97,7,108,29" hai3="103,83,58,2,73,105,72,42,16,41,78,66,9"/><W60/><G73/><T116/><D35/><U118/><E18/><V127/><F108/><W11/><G2/><T134/><D116/><U90/><E94/><V100/><F127/><W24/><G105/><T130/><D6/><U62/><E90/><V8/><F70/><W88/><G103/><T132/><D124/><U53/><E53/><V15/><F36/><W52/><G66/><T28/><D71/><U129/><E61/><V65/><F29/><W0/><G0/><T123/><D64/><U110/><E62/><V122/><F122/><W34/><G34/><T4/><D4/><U25/><E10/><N who="3" m="3594" /><G72/><T107/><D107/><U3/><E25/><V87/><F15/><W99/><G78/><T75/><D75/><U1/><E101/><V17/><F7/><W112/><G112/><T76/><D76/><U37/><E110/><V44/><F44/><W74/><G74/><T26/><D123/><U104/><E1/><V95/><F98/><W67/><G67/><T51/><D130/><U43/><E104/><V131/><F131/><W125/><G125/><T48/><D91/><U117/><E117/><V113/><F113/><W93/><G83/><T84/><AGARI ba="0,0" hai="23,26,28,48,50,51,55,57,84,89,92,132,133,134" machi="84" ten="30,4000,0" yaku="0,1,20,1,52,1" doraHai="81" who="0" fromWho="0" sc="212,40,375,-10,180,-10,233,-20" owari="252,5.0,365,47.0,170,-33.0,213,-19.0" /></mjloggm>