<mjloggm ver="2.3"><GO type="169" lobby="0"/><UN n0="%E3%83%94%E3%82%AB%E5%90%BE%E9%83%8E" n1="%E3%81%AA%E3%81%AA%E2%98%86%E3%81%A0%E3%81%BE%EF%BC%A2" n2="%E3%82%A6%E3%83%AB%E3%83%88%E3%83%A9%E7%AB%8B%E7%9B%B4" n3="%E3%82%AB%E3%83%9D%E3%83%8D%E5%9B%A3%E3%81%AE%E5%85%84%E8%B2%B4" dan="17,17,17,17" rate="2213.96,2169.59,2115.92,2220.32" sx="M,M,M,M"/><TAIKYOKU oya="0"/><INIT seed="0,0,0,4,0,7" ten="250,250,250,250" oya="0" hai0="76,18,10,121,85,61,72,8,51,27,86,106,3" hai1="15,67,47,117,2,133,45,87,70,24,123,59,127" hai2="74,100,114,122,35,29,53,90,62,38,1,97,78" hai3="108,115,120,44,82,46,125,98,69,42,11,112,4"/><T65/><D106/><U96/><E70/><V102/><F53/><W50/><G108/><T64/><D121/><U9/><E2/><V66/><F38/><W94/><G69/><T48/><D72/><U103/><E117/><V110/><F100/><W95/><G95/><T17/><D3/><U71/><E71/><V21/><F90/><W37/><G82/><T135/><D27/><U12/><E123/><V118/><F1/><W41/><G125/><T32/><D61/><N who="1" m="38335" /><E15/><V105/><F21/><W55/><G55/><T0/><D0/><U39/><E39/><V81/><F110/><W40/><G40/><T23/><D23/><U20/><E87/><V80/><F80/><W92/><G92/><T6/><D6/><N who="1" m="3127" /><E133/><V33/><F122/><W107/><G107/><T134/><REACH who="0" step="1"/><D76/><REACH who="0" ten="240,250,250,250" step="2"/><U101/><E127/><V128/><F118/><W13/><REACH who="3" step="1"/><G120/><REACH who="3" ten="240,250,250,240" step="2"/><T116/><D116/><U26/><E26/><V91/><F105/><W22/><G22/><T113/><D113/><U25/><E25/><V19/><F114/><W84/><G84/><T56/><D56/><U68/><E68/><V52/><F35/><AGARI ba="0,2" hai="8,10,17,18,32,35,48,51,64,65,85,86,134,135" machi="35" ten="25,12000,1" yaku="1,1,22,2,52,2,53,0" doraHai="7" doraHaiUra="57" who="0" fromWho="2" sc="240,140,250,0,250,-120,240,0" /><INIT seed="0,1,0,4,4,33" ten="380,250,130,240" oya="0" hai0="89,107,84,93,123,38,54,41,30,110,104,80,95" hai1="15,62,53,56,88,68,28,108,0,92,7,118,83" hai2="114,129,82,113,77,13,112,109,78,25,64,105,49" hai3="50,34,24,72,128,101,111,22,3,121,32,40,23"/><T125/><D30/><U116/><E118/><V66/><F105/><W126/><G72/><T127/><D41/><U29/><E116/><V46/><F109/><W97/><G111/><T36/><D110/><U94/><E0/><V20/><F13/><W98/><G3/><T1/><D1/><U134/><E68/><V69/><F129/><W10/><G10/><T58/><D93/><N who="1" m="35947" /><E134/><V18/><F77/><W135/><G50/><N who="0" m="31063" /><D123/><U81/><E108/><V27/><F27/><W119/><G40/><T21/><D21/><U55/><E55/><V37/><F37/><N who="0" m="14442" /><D95/><U79/><E79/><V51/><F69/><W65/><G24/><T115/><D115/><U19/><E7/><V124/><F51/><W131/><G119/><T12/><D12/><U4/><E4/><V26/><F26/><W8/><G8/><T76/><D76/><U100/><E100/><V106/><F106/><W85/><G101/><T130/><D130/><U75/><E75/><V35/><F35/><W103/><G103/><T74/><D74/><U31/><E88/><V122/><F122/><W132/><G121/><T42/><D42/><U61/><E61/><V57/><F113/><W2/><G2/><T17/><D107/><U9/><AGARI ba="1,0" hai="9,15,19,28,29,31,53,56,62,81,83" m="35947" machi="9" ten="30,1100,0" yaku="8,1" doraHai="33" who="1" fromWho="1" sc="380,-6,250,14,130,-4,240,-4" /><INIT seed="1,0,0,0,5,100" ten="374,264,126,236" oya="1" hai0="0,13,101,87,126,27,96,107,31,124,42,68,2" hai1="110,11,9,123,135,86,113,90,35,84,37,128,92" hai2="32,83,131,53,133,108,106,30,54,58,80,71,81" hai3="88,69,22,10,103,89,120,72,39,57,8,61,50"/><U121/><E35/><V1/><F71/><W76/><G39/><T70/><D42/><U122/><E37/><V17/><F1/><N who="0" m="618" /><D87/><N who="1" m="52319" /><E11/><V64/><F108/><W74/><G103/><T98/><D96/><U118/><E9/><V132/><F131/><W24/><G50/><T46/><D46/><U4/><E4/><V56/><F30/><W97/><G69/><N who="0" m="26731" /><D13/><U85/><E113/><V38/><F17/><W52/><G120/><T105/><D107/><U40/><E40/><V67/><F38/><W29/><G89/><T127/><D27/><U79/><E121/><V109/><F109/><W25/><G25/><T104/><D105/><U45/><E122/><V62/><F32/><W94/><G76/><T117/><D31/><U66/><E45/><V129/><F106/><W41/><G41/><T55/><D55/><U115/><E123/><V91/><F91/><W20/><G20/><T18/><D18/><U51/><E79/><V59/><F129/><W12/><REACH who="3" step="1"/><G10/><REACH who="3" ten="374,264,126,226" step="2"/><T48/><D48/><U28/><E51/><V82/><N who="2" m="20480" /><DORA hai="6" /><V125/><F62/><W15/><G15/><T95/><D104/><U65/><E128/><V119/><F125/><W3/><G3/><T78/><D78/><U47/><E47/><V63/><F63/><W7/><AGARI ba="0,1" hai="7,8,12,22,24,29,52,57,61,72,74,88,94,97" machi="7" ten="20,12000,2" yaku="1,1,0,1,7,1,52,1,54,2,53,0" doraHai="100,6" doraHaiUra="75,73" who="3" fromWho="3" sc="374,-30,264,-60,126,-30,226,130" /><INIT seed="2,0,0,4,1,9" ten="344,204,96,356" oya="2" hai0="19,14,107,116,91,5,101,55,96,2,106,22,63" hai1="89,30,115,50,35,79,31,45,27,18,38,84,4" hai2="17,102,133,57,44,52,88,64,59,93,21,87,128" hai3="62,6,86,98,122,51,70,121,120,60,74,1,112"/><V104/><F128/><W73/><G6/><T75/><D75/><U127/><E38/><V80/><F133/><W42/><G1/><T0/><D106/><U56/><E115/><V83/><F64/><W105/><G86/><T68/><D116/><U40/><E127/><V72/><F72/><N who="3" m="27755" /><G51/><T37/><D37/><U124/><E124/><V118/><F118/><W117/><G42/><T65/><D5/><U126/><E126/><V125/><F125/><W28/><G28/><T92/><REACH who="0" step="1"/><D55/><REACH who="0" ten="334,204,96,356" step="2"/><U49/><E4/><V11/><F104/><W130/><G117/><T77/><D77/><U39/><E79/><V69/><F52/><W132/><G105/><T109/><D109/><U33/><E39/><V110/><F110/><W53/><G53/><T48/><D48/><U26/><E50/><V58/><F44/><W7/><G7/><T108/><D108/><U54/><E54/><V36/><F36/><W90/><G62/><T41/><D41/><U13/><E40/><V16/><F69/><W71/><G60/><T119/><D119/><U8/><E49/><V99/><F59/><W46/><G46/><T78/><D78/><U12/><E45/><V113/><F113/><W25/><G112/><T66/><D66/><U114/><E56/><V32/><F58/><W67/><G67/><T134/><D134/><U82/><E114/><V29/><F57/><W111/><G132/><T81/><D81/><U94/><E82/><V23/><F80/><W100/><G111/><T123/><D123/><U131/><E131/><V61/><F83/><W47/><G121/><T85/><AGARI ba="0,1" hai="0,2,14,19,22,63,65,68,85,91,92,96,101,107" machi="85" ten="20,8000,1" yaku="1,1,5,1,0,1,7,1,52,1,53,0" doraHai="9" doraHaiUra="129" who="0" fromWho="0" sc="334,90,204,-20,96,-40,356,-20" /><INIT seed="3,0,0,3,4,72" ten="424,184,56,336" oya="3" hai0="130,15,27,103,116,36,120,17,71,88,110,133,20" hai1="129,108,48,13,65,132,21,90,113,24,32,19,64" hai2="118,109,106,127,96,31,73,62,100,55,16,54,11" hai3="134,126,83,97,50,23,25,76,52,66,56,114,122"/><W0/><G0/><T86/><D36/><U59/><E113/><V39/><F39/><W46/><G114/><T6/><D71/><U61/><E108/><V42/><F118/><W47/><G122/><T99/><D110/><U87/><E129/><V93/><F42/><W69/><G134/><T49/><D130/><U101/><E132/><V44/><F109/><W63/><G97/><T128/><D128/><U43/><E101/><V67/><F127/><W89/><G89/><T34/><D133/><U124/><E124/><V8/><F73/><W85/><REACH who="3" step="1"/><G126/><REACH who="3" ten="424,184,56,326" step="2"/><T60/><D99/><U68/><E90/><V115/><F115/><W75/><G75/><T79/><D120/><U58/><E87/><V80/><F96/><W111/><G111/><T84/><D84/><U92/><E92/><V26/><F93/><W53/><G53/><T33/><D88/><U35/><E65/><V7/><F55/><W78/><G78/><T131/><D79/><U107/><E107/><V121/><F54/><W57/><G57/><T12/><D86/><U70/><E59/><V1/><F67/><W4/><G4/><T30/><D6/><U74/><E74/><V18/><F7/><W125/><G125/><T94/><D131/><U5/><E5/><V95/><F1/><W2/><G2/><T41/><D94/><U105/><E105/><V3/><F95/><W22/><G22/><T45/><D20/><U135/><E135/><V38/><F3/><W112/><G112/><T82/><D34/><N who="1" m="12843" /><E58/><V117/><F121/><W119/><G119/><T81/><D116/><U10/><E64/><RYUUKYOKU ba="0,1" sc="424,-10,184,-10,56,-10,326,30" hai3="23,25,46,47,50,52,56,63,66,69,76,83,85" /><INIT seed="3,1,1,0,2,96" ten="414,174,46,356" oya="3" hai0="70,46,135,91,16,1,120,14,47,74,2,18,4" hai1="66,39,53,97,84,48,11,63,56,58,73,42,123" hai2="88,124,72,35,105,20,134,55,113,111,106,40,0" hai3="44,103,83,125,60,78,17,41,31,115,90,69,99"/><W77/><G115/><T127/><D70/><U24/><E73/><V128/><F55/><W29/><G125/><T112/><D74/><U119/><E123/><V28/><F88/><W117/><G117/><T9/><D120/><U89/><E119/><V102/><F20/><W52/><G90/><T110/><D127/><U107/><E11/><V79/><F40/><W49/><G17/><T98/><D135/><U32/><E32/><V15/><F15/><W65/><G41/><T71/><D71/><U45/><E24/><V82/><F28/><W114/><G114/><T10/><D112/><U67/><E58/><V132/><F102/><W92/><G78/><T85/><D98/><U101/><REACH who="1" step="1"/><E63/><REACH who="1" ten="414,164,46,356" step="2"/><V22/><F35/><W33/><G33/><T81/><D10/><U129/><E129/><V133/><F22/><W30/><G30/><T7/><D9/><U118/><E118/><V5/><F113/><W121/><G121/><T21/><D21/><U51/><E51/><V12/><F124/><W126/><G126/><T59/><D59/><U87/><E87/><AGARI ba="1,2" hai="29,31,44,49,52,60,65,69,77,83,87,92,99,103" machi="87" ten="30,5800,0" yaku="7,1,52,1,54,1" doraHai="96" who="3" fromWho="1" sc="414,0,164,-61,46,0,356,81" /><INIT seed="3,2,0,4,5,68" ten="414,103,46,437" oya="3" hai0="105,16,30,98,108,38,123,65,69,41,90,78,119" hai1="46,28,24,21,10,126,52,26,55,2,45,94,101" hai2="47,111,15,116,57,124,114,122,118,92,127,104,23" hai3="66,58,120,113,77,4,27,12,110,60,80,81,29"/><W1/><G120/><T84/><D119/><U62/><E126/><V19/><F104/><W67/><G1/><T64/><D123/><U20/><E2/><V93/><F122/><W133/><G113/><T70/><D78/><U83/><E83/><V3/><F57/><W18/><G4/><T39/><D41/><U97/><E10/><V109/><F47/><N who="1" m="17929" /><E62/><V33/><F93/><W82/><G133/><T50/><D30/><AGARI ba="2,0" hai="20,21,24,26,28,30,52,55,94,97,101" m="17929" machi="30" ten="30,2000,0" yaku="8,1,54,1" doraHai="68" who="1" fromWho="0" sc="414,-26,103,26,46,0,437,0" /><INIT seed="4,0,0,2,2,48" ten="388,129,46,437" oya="0" hai0="24,9,88,132,105,56,120,129,52,15,70,78,37" hai1="97,26,42,41,89,114,38,46,21,47,29,65,10" hai2="103,87,58,92,133,115,27,18,125,131,36,98,135" hai3="53,33,39,75,22,95,67,69,5,59,82,100,40"/><T106/><D70/><U20/><E114/><V107/><F36/><W76/><G33/><T64/><D37/><U17/><E65/><V13/><F27/><W45/><G22/><T60/><D120/><U117/><E117/><V93/><F18/><W90/><G100/><T127/><D24/><U31/><E10/><V83/><F13/><W55/><G69/><T124/><D78/><U101/><E89/><N who="2" m="51455" /><F58/><W14/><G67/><T1/><D1/><U91/><E91/><V28/><F28/><W3/><G59/><T109/><D64/><U62/><E62/><V134/><F115/><W111/><G14/><T35/><D35/><U113/><E113/><V85/><F125/><N who="0" m="48202" /><D132/><N who="2" m="33794" /><V104/><DORA hai="32" /><F131/><W12/><G12/><T34/><D129/><U99/><E31/><V126/><F126/><W66/><G66/><T86/><D34/><U23/><E17/><V72/><F72/><W16/><G16/><N who="0" m="8303" /><D109/><U102/><E26/><V50/><F50/><W74/><G74/><T6/><D6/><U130/><E130/><V80/><F107/><W43/><G111/><T116/><D116/><U61/><E29/><V121/><F121/><W7/><G7/><T77/><D77/><AGARI ba="0,0" hai="77,80,85,92,93,98,103,104" m="33794,51455" machi="77" ten="40,5200,0" yaku="20,1,34,2" doraHai="48,32" who="2" fromWho="0" sc="388,-52,129,0,46,52,437,0" /><INIT seed="5,0,0,4,3,62" ten="336,129,98,437" oya="1" hai0="65,117,71,33,82,109,116,67,57,3,27,89,130" hai1="91,24,21,54,111,95,22,106,44,31,14,49,129" hai2="121,114,36,61,43,19,29,9,115,10,45,105,66" hai3="78,8,58,84,42,41,35,1,50,120,70,124,40"/><U134/><E106/><V23/><F105/><W30/><G70/><T6/><D71/><U16/><E129/><V125/><F29/><W13/><G1/><T15/><D3/><U108/><REACH who="1" step="1"/><E134/><REACH who="1" ten="336,119,98,437" step="2"/><V25/><F121/><W48/><G120/><T2/><D130/><U90/><E90/><V39/><F125/><W68/><G124/><T86/><D116/><U101/><E101/><V126/><F126/><W87/><G78/><T69/><D117/><U99/><AGARI ba="0,1" hai="14,16,21,22,24,31,44,49,54,91,95,99,108,111" machi="99" ten="30,6000,0" yaku="1,1,0,1,54,1,53,0" doraHai="62" doraHaiUra="0" who="1" fromWho="1" sc="336,-20,119,70,98,-20,437,-20" /><INIT seed="5,1,0,3,0,44" ten="316,189,78,417" oya="1" hai0="1,93,15,64,134,28,127,43,45,21,119,70,51" hai1="41,49,24,115,126,59,29,75,60,22,104,125,79" hai2="12,7,33,55,26,102,46,67,50,78,11,98,94" hai3="92,47,39,16,25,114,30,108,82,54,85,88,40"/><U76/><E104/><V83/><F67/><W2/><G2/><T42/><D1/><U123/><E123/><V56/><F33/><W84/><G114/><T19/><D119/><U95/><E115/><V36/><F36/><W132/><G132/><T117/><D117/><U80/><E79/><V97/><F26/><W14/><G54/><T90/><D127/><N who="1" m="48651" /><E95/><V32/><F32/><W113/><G113/><T57/><D70/><U68/><E68/><V69/><F69/><W118/><G108/><T6/><D6/><U38/><E38/><V48/><F98/><W91/><G25/><T116/><D28/><U18/><E29/><V34/><F34/><W109/><G30/><T66/><D134/><U17/><E17/><V0/><F0/><W20/><G118/><T62/><D116/><U111/><E111/><V58/><REACH who="2" step="1"/><F50/><REACH who="2" ten="316,189,68,417" step="2"/><W121/><G109/><T96/><D66/><N who="1" m="39199" /><E49/><V110/><F110/><W106/><G121/><T37/><REACH who="0" step="1"/><D37/><REACH who="0" ten="306,189,68,417" step="2"/><U65/><E18/><V72/><AGARI ba="1,2" hai="7,11,12,46,48,55,56,58,72,78,83,94,97,102" machi="72" ten="20,5200,0" yaku="1,1,0,1,7,1,52,1,53,0" doraHai="44" doraHaiUra="135" who="2" fromWho="2" sc="306,-14,189,-27,68,75,417,-14" /><INIT seed="6,0,0,3,4,79" ten="292,162,143,403" oya="2" hai0="75,73,117,19,112,61,50,42,32,7,67,54,14" hai1="20,16,10,88,85,44,33,65,18,53,1,52,59" hai2="94,134,120,77,84,34,132,89,125,111,127,129,116" hai3="2,86,41,5,130,107,90,37,106,21,87,131,122"/><V56/><F34/><W51/><G37/><T133/><D42/><U96/><E33/><V3/><F3/><W93/><G122/><T23/><D32/><U71/><E71/><V78/><F120/><W24/><G5/><T103/><D112/><U46/><E1/><V70/><F70/><W47/><G86/><T113/><D113/><U36/><E36/><V83/><F116/><W105/><G2/><T97/><D7/><U13/><E96/><N who="2" m="57423" /><F56/><W48/><G48/><T28/><D28/><U95/><E65/><V25/><F25/><W135/><G135/><N who="2" m="51753" /><F111/><W4/><G4/><T15/><D15/><N who="1" m="9247" /><E53/><V126/><F78/><W76/><G76/><T109/><D109/><U74/><E74/><V91/><F77/><W9/><G9/><T102/><D117/><U57/><E57/><V69/><F69/><W55/><G21/><T104/><D103/><U17/><E18/><V68/><F68/><W121/><G24/><T31/><D31/><U82/><E95/><V64/><F64/><W6/><G6/><T119/><D119/><U63/><AGARI ba="0,0" hai="10,13,17,44,46,52,59,63,82,85,88" m="9247" machi="63" ten="30,8000,1" yaku="8,1,52,1,54,3" doraHai="79" who="1" fromWho="1" sc="292,-20,162,80,143,-40,403,-20" /><INIT seed="7,0,0,3,3,132" ten="272,242,103,383" oya="3" hai0="80,21,120,99,63,9,103,0,45,13,32,78,28" hai1="49,106,36,35,5,115,134,40,91,41,107,20,68" hai2="24,31,2,66,119,108,10,116,39,43,58,135,69" hai3="93,18,86,114,90,27,52,55,111,25,94,60,100"/><W53/><G114/><T130/><D32/><U124/><E35/><V15/><F58/><N who="3" m="34887" /><G111/><T96/><D130/><U29/><E36/><V44/><F15/><W92/><G100/><T74/><D120/><U7/><E68/><V83/><F108/><W123/><G123/><T110/><D110/><U89/><E49/><V23/><F135/><W61/><G18/><T109/><D0/><U59/><E134/><V62/><F23/><W42/><G42/><T17/><D45/><U16/><E29/><V30/><F30/><W105/><G105/><T129/><D103/><U47/><E59/><V101/><F101/><W26/><G61/><T64/><D129/><U12/><E12/><V82/><F82/><AGARI ba="0,0" hai="25,26,27,53,55,82,86,90,92,93,94" m="34887" machi="82" ten="30,2900,0" yaku="8,1,54,1" doraHai="132" who="3" fromWho="2" sc="272,0,242,0,103,-29,383,29" owari="272,7.0,242,-16.0,74,-43.0,412,52.0" /></mjloggm>