<mjloggm ver="2.3"><GO type="97" lobby="0"/><UN n0="%75%6E%61%67%69%38%38%38" n1="%E3%82%A6%E3%83%AB%E3%83%88%E3%83%A9%E7%AB%8B%E7%9B%B4" n2="%53%3E%48%50%6D%61%74%73" n3="%E3%81%A7%E3%82%93%E5%85%AD%E5%8A%A9" dan="14,13,15,15" rate="1960.93,1863.34,2012.46,2011.73" sx="M,M,M,M"/><TAIKYOKU oya="0"/><INIT seed="0,0,0,5,5,1" ten="250,250,250,250" oya="0" hai0="116,21,134,19,39,110,131,85,45,11,8,113,74" hai1="54,30,16,73,46,78,35,36,3,26,94,114,123" hai2="118,67,95,77,37,59,112,129,125,117,38,109,127" hai3="108,65,28,52,64,132,31,104,17,2,14,105,76"/><T40/><D113/><U121/><E114/><V9/><F9/><W47/><G2/><T102/><D116/><N who="2" m="44650" /><F95/><W80/><G105/><T81/><D74/><U133/><E133/><V122/><F77/><W89/><G89/><T68/><D68/><U44/><E78/><V92/><F92/><W61/><G104/><T0/><D134/><U23/><E73/><V128/><F112/><W126/><G108/><T6/><D131/><N who="2" m="50250" /><F109/><W56/><G126/><N who="2" m="48137" /><F122/><W55/><G132/><T50/><D102/><U33/><E94/><V49/><F49/><N who="3" m="29119" /><G76/><T107/><D107/><U20/><E123/><V135/><F135/><W34/><G80/><T25/><D110/><U101/><E121/><V60/><AGARI ba="0,0" hai="37,38,59,60,67" m="48137,50250,44650" machi="60" ten="40,8000,1" yaku="12,1,19,1,18,1,34,2" doraHai="1" who="2" fromWho="2" sc="250,-40,250,-20,250,80,250,-20" /><INIT seed="1,0,0,5,5,32" ten="210,230,330,230" oya="1" hai0="64,15,40,24,123,55,21,134,88,77,101,72,14" hai1="31,51,80,90,75,19,50,96,130,42,18,60,73" hai2="95,58,30,47,135,28,74,10,62,92,49,120,26" hai3="68,4,69,11,5,38,23,127,112,132,27,36,9"/><U53/><E130/><V37/><F135/><W16/><G132/><T41/><D134/><U43/><E31/><V125/><F120/><W66/><G127/><T45/><D123/><U54/><E60/><V126/><F74/><W114/><G66/><T91/><D101/><U67/><E67/><V102/><F37/><W76/><G76/><T39/><D41/><U105/><E105/><V7/><F30/><W63/><G63/><T13/><D64/><U99/><E80/><V1/><F102/><W70/><G38/><T34/><D34/><U78/><E90/><V48/><F48/><W115/><REACH who="3" step="1"/><G36/><REACH who="3" ten="210,230,330,220" step="2"/><T46/><D77/><AGARI ba="0,1" hai="18,19,42,43,50,51,53,54,73,75,77,78,96,99" machi="77" ten="25,2400,0" yaku="22,2" doraHai="32" who="1" fromWho="0" sc="210,-24,230,34,330,0,220,0" /><INIT seed="1,1,0,3,5,35" ten="186,264,330,220" oya="1" hai0="105,55,46,24,130,11,37,44,97,41,39,86,76" hai1="26,3,87,27,16,38,132,32,47,127,135,80,50" hai2="43,66,95,73,40,5,29,69,106,121,100,28,133" hai3="122,53,91,7,93,84,126,23,33,65,31,10,52"/><U74/><E74/><V111/><F121/><W17/><G122/><T77/><D130/><U13/><E38/><V99/><F73/><W30/><G126/><T88/><D24/><U94/><E94/><V36/><F106/><W125/><G125/><T103/><D11/><N who="1" m="6207" /><E3/><V4/><F4/><W82/><G93/><T25/><D25/><U89/><E127/><V134/><F5/><W64/><G33/><T120/><D120/><U72/><E72/><V75/><F111/><W8/><G10/><T58/><D46/><U21/><E32/><V49/><F36/><W85/><G84/><T119/><D39/><U115/><E115/><V92/><F92/><W1/><G31/><T22/><D22/><U18/><E27/><V90/><F75/><W128/><G30/><T2/><D2/><U81/><E81/><V68/><F68/><W51/><G128/><T78/><D119/><U57/><E57/><V70/><F70/><W109/><G109/><T15/><D15/><U48/><E48/><V96/><F49/><W60/><G51/><T118/><D118/><U45/><E45/><V101/><F101/><W63/><G60/><T14/><D14/><U104/><E104/><N who="2" m="63495" /><F28/><W67/><REACH who="3" step="1"/><G63/><REACH who="3" ten="186,264,330,210" step="2"/><T108/><D108/><U123/><E123/><V19/><F29/><W12/><AGARI ba="1,1" hai="1,7,8,12,17,23,52,53,64,65,67,82,85,91" machi="12" ten="30,8000,1" yaku="1,1,2,1,0,1,52,1,54,1,53,0" doraHai="35" doraHaiUra="116" who="3" fromWho="3" sc="186,-21,264,-41,330,-21,210,93" /><INIT seed="2,0,0,2,2,4" ten="165,223,309,303" oya="2" hai0="2,58,9,63,87,116,8,42,120,81,49,3,29" hai1="124,57,91,88,79,45,103,130,35,74,31,50,75" hai2="102,68,86,16,15,82,10,54,0,135,114,92,78" hai3="128,94,112,41,69,64,65,37,20,76,5,32,93"/><V14/><F114/><W70/><G32/><T61/><D120/><U108/><E31/><V125/><F135/><W126/><G76/><T19/><D116/><U85/><E35/><V95/><F125/><W55/><G5/><T132/><D132/><U71/><E57/><V46/><F68/><W21/><G55/><T13/><D29/><U119/><E50/><N who="2" m="29015" /><F0/><W123/><G123/><T44/><D63/><U131/><E45/><V83/><F102/><W26/><G21/><T80/><D80/><N who="1" m="47263" /><E71/><V122/><F122/><W113/><G126/><T77/><REACH who="0" step="1"/><D9/><REACH who="0" ten="155,223,309,303" step="2"/><U38/><E124/><V22/><F83/><W24/><G113/><T129/><D129/><U98/><E119/><V121/><F121/><W52/><G128/><N who="1" m="49194" /><E108/><V89/><F78/><W72/><G112/><T118/><D118/><U17/><E17/><AGARI ba="0,1" hai="10,14,15,16,17,22,82,86,89,92,95" m="29015" machi="17" ten="30,11600,0" yaku="25,1,8,1,52,1,54,1" doraHai="4" who="2" fromWho="1" sc="155,0,223,-116,309,126,303,0" /><INIT seed="2,1,0,3,2,97" ten="155,107,435,303" oya="2" hai0="84,96,69,78,44,63,21,106,132,17,41,57,129" hai1="68,113,89,128,90,48,56,86,125,1,130,62,114" hai2="39,98,88,14,27,47,109,5,131,111,115,99,3" hai3="73,6,16,52,127,19,70,82,53,122,58,76,2"/><V24/><F115/><N who="1" m="44041" /><E1/><V67/><F3/><W26/><G122/><T20/><D69/><U42/><E86/><V93/><F131/><N who="1" m="50217" /><E90/><V91/><F67/><W134/><G70/><T119/><D129/><U110/><E89/><V33/><F33/><W116/><G116/><T45/><D132/><U40/><E110/><N who="2" m="41995" /><F47/><W54/><G134/><T102/><D119/><U121/><E121/><V81/><F39/><W135/><G127/><T79/><D84/><U10/><E10/><N who="2" m="4431" /><F81/><W31/><G135/><T13/><D21/><U72/><E72/><V65/><F65/><W28/><G28/><T107/><D107/><U51/><E125/><V12/><F12/><W75/><G75/><T59/><D44/><U34/><E34/><V133/><F133/><W35/><REACH who="3" step="1"/><G58/><REACH who="3" ten="155,107,435,293" step="2"/><T126/><D126/><U30/><E30/><V64/><F64/><W4/><G4/><T120/><D120/><U117/><E117/><V71/><F71/><W29/><G29/><T43/><D59/><U50/><E68/><V25/><F99/><W55/><N who="3" m="13312" /><DORA hai="95" /><W80/><G80/><T104/><D96/><U37/><E37/><V11/><F11/><AGARI ba="1,1" hai="2,6,11,16,19,26,31,35,73,76,82" m="13312" machi="11" ten="50,8000,1" yaku="1,1,54,2,53,1" doraHai="97,95" doraHaiUra="85,77" who="3" fromWho="2" sc="155,0,107,0,435,-83,293,93" /><INIT seed="3,0,0,4,2,11" ten="155,107,352,386" oya="3" hai0="83,90,123,30,61,57,34,70,25,22,87,98,0" hai1="24,10,2,111,82,84,28,19,46,80,66,122,116" hai2="97,73,135,13,91,96,63,95,51,130,48,50,117" hai3="76,52,45,75,40,115,78,110,109,8,106,26,65"/><W12/><G115/><T129/><D123/><U39/><E122/><V23/><F117/><W93/><G106/><T113/><D113/><U14/><E116/><V127/><F73/><W132/><G132/><T4/><D70/><U69/><E111/><N who="3" m="42506" /><G65/><T124/><D129/><U89/><E2/><V128/><F135/><W68/><G68/><T58/><D124/><U102/><E102/><V104/><F127/><W1/><G1/><T29/><D0/><U56/><E69/><V71/><F71/><W105/><G105/><T60/><D4/><U88/><E46/><V126/><F126/><W20/><G52/><N who="0" m="33831" /><D34/><U9/><E39/><V42/><F42/><W64/><G93/><T79/><D98/><U31/><E10/><V101/><REACH who="2" step="1"/><F63/><REACH who="2" ten="155,107,342,386" step="2"/><W49/><G75/><T67/><D30/><U107/><E107/><V53/><F53/><W33/><G64/><T15/><D15/><U55/><E66/><V54/><F54/><W133/><G133/><T27/><D27/><U100/><E100/><V108/><F108/><W44/><G33/><T21/><D61/><N who="1" m="35999" /><E24/><V119/><F119/><W35/><G35/><T72/><D25/><U77/><E77/><V74/><F74/><W81/><G78/><T32/><D79/><U103/><E103/><V36/><F36/><W3/><G76/><T41/><D32/><U86/><AGARI ba="0,1" hai="9,14,19,28,31,80,82,84,86,88,89" m="35999" machi="86" ten="30,4000,0" yaku="8,1,52,1,54,1" doraHai="11" who="1" fromWho="1" sc="155,-10,107,50,342,-10,386,-20" owari="145,-35.0,157,-24.0,332,13.0,366,46.0" /></mjloggm>