<mjloggm ver="2.3"><GO type="97" lobby="0"/><UN n0="%E3%82%A6%E3%83%AB%E3%83%88%E3%83%A9%E7%AB%8B%E7%9B%B4" n1="%54%55%53%41%35%30%30" n2="%74%61%6B%65%63%63%63" n3="%E9%A7%84%E5%A6%B9" dan="14,15,15,15" rate="1923.39,1929.76,1952.39,2027.53" sx="M,M,M,M"/><TAIKYOKU oya="0"/><INIT seed="0,0,0,5,1,73" ten="250,250,250,250" oya="0" hai0="101,67,47,70,107,28,119,26,39,10,116,108,113" hai1="25,5,61,27,17,68,115,80,0,92,94,64,79" hai2="35,12,41,121,1,109,58,72,103,104,19,15,29" hai3="114,34,14,91,123,135,48,31,97,36,13,120,111"/><T63/><D113/><U6/><E115/><V100/><F1/><W83/><G36/><T22/><D108/><U59/><E68/><V86/><F72/><W4/><G111/><T7/><D47/><U129/><E129/><V124/><F104/><W87/><G135/><T56/><D39/><U30/><E30/><V51/><F15/><W49/><G114/><T98/><D56/><U8/><E6/><V46/><F58/><W53/><G31/><T66/><D66/><U50/><E50/><V95/><F121/><N who="3" m="46667" /><G34/><T16/><REACH who="0" step="1"/><D28/><REACH who="0" ten="240,250,250,250" step="2"/><U132/><E132/><V69/><F109/><W77/><G4/><T84/><D84/><U9/><E27/><V82/><F29/><W74/><G49/><T23/><D23/><U134/><E134/><V88/><F35/><W62/><G62/><T102/><D102/><U65/><E65/><V78/><F69/><W57/><G97/><T24/><D24/><U54/><E64/><V81/><F103/><W105/><G105/><T37/><D37/><U38/><E38/><V99/><F100/><W130/><G130/><T90/><D90/><U43/><E25/><V110/><F99/><W60/><G60/><T133/><D133/><U42/><E42/><V18/><F41/><W21/><G21/><T125/><D125/><U127/><E127/><V3/><F124/><W131/><G131/><T33/><D33/><U44/><E43/><V93/><F110/><W40/><G40/><T52/><D52/><U117/><E117/><V118/><F118/><W96/><G96/><T126/><D126/><U122/><E122/><V2/><F46/><RYUUKYOKU ba="0,1" sc="240,15,250,-15,250,-15,250,15" hai0="7,10,16,22,26,63,67,70,98,101,107,116,119" hai3="13,14,48,53,57,74,77,83,87,91" /><INIT seed="0,1,1,5,5,105" ten="255,235,235,265" oya="0" hai0="82,46,84,6,14,101,117,11,116,37,135,132,32" hai1="1,81,121,34,30,13,97,53,73,22,9,94,115" hai2="113,38,93,78,83,71,33,45,129,133,104,130,25" hai3="120,96,47,74,86,21,79,72,10,76,87,16,126"/><T134/><D32/><U40/><E121/><V52/><F71/><W103/><G120/><T98/><D37/><U131/><E131/><V99/><F104/><W63/><G10/><T95/><REACH who="0" step="1"/><D46/><REACH who="0" ten="245,235,235,265" step="2"/><U8/><E115/><V51/><F38/><W7/><G47/><T18/><D18/><U118/><E118/><V122/><F113/><W75/><G126/><T109/><D109/><U59/><E34/><V54/><F122/><W67/><G7/><T61/><D61/><U17/><E40/><V5/><F5/><W128/><G128/><T114/><D114/><U108/><E30/><V124/><F124/><W90/><G16/><T100/><D100/><U48/><E108/><V65/><F130/><W102/><G63/><T44/><D44/><U49/><E49/><V20/><F33/><W80/><G21/><T57/><D57/><U39/><E39/><V42/><F129/><W110/><G110/><T58/><D58/><U36/><E36/><V12/><F45/><W119/><G119/><T55/><D55/><U64/><E1/><V107/><F42/><W77/><G67/><T43/><D43/><U127/><E127/><V111/><F65/><W19/><G19/><T89/><AGARI ba="1,2" hai="6,11,14,82,84,89,95,98,101,116,117,132,134,135" machi="89" ten="30,6000,0" yaku="1,1,0,1,20,1,53,0" doraHai="105" doraHaiUra="56" who="0" fromWho="0" sc="245,83,235,-21,235,-21,265,-21" /><INIT seed="0,2,0,2,0,104" ten="328,214,214,244" oya="0" hai0="122,119,55,72,30,6,46,41,91,124,57,87,17" hai1="7,20,61,4,76,26,43,113,133,39,10,58,115" hai2="83,52,111,21,66,107,11,36,123,2,45,53,47" hai3="8,13,16,51,19,37,85,35,29,84,27,135,82"/><T56/><D122/><U23/><E133/><V120/><F107/><W110/><G135/><T64/><D119/><U74/><E39/><V129/><F66/><W86/><G37/><T69/><D72/><U96/><E96/><V3/><F36/><W54/><G110/><T108/><D69/><U103/><E103/><V98/><F111/><W97/><G97/><T71/><D71/><U33/><E43/><V125/><F98/><W70/><G70/><T14/><D6/><U130/><E130/><V132/><F129/><W93/><G93/><T114/><D114/><N who="1" m="43531" /><E33/><V99/><F99/><W60/><G60/><N who="0" m="37895" /><D108/><U65/><E10/><V77/><F21/><N who="1" m="8265" /><E26/><V131/><F131/><W68/><G68/><T100/><D100/><U117/><E117/><V126/><F11/><W49/><G49/><N who="0" m="30959" /><D46/><U5/><E76/><V89/><F77/><W62/><G62/><T31/><D41/><U81/><E81/><V24/><F83/><W22/><G35/><T102/><D102/><U134/><E134/><V106/><F132/><W121/><G121/><T95/><D124/><U73/><AGARI ba="2,0" hai="4,5,7,58,61,65,73,74" m="8265,43531" machi="73" ten="40,5200,0" yaku="11,1,52,2" doraHai="104" who="1" fromWho="1" sc="328,-28,214,58,214,-15,244,-15" /><INIT seed="1,0,0,4,0,71" ten="300,272,199,229" oya="1" hai0="69,89,129,18,25,36,84,44,34,27,59,63,10" hai1="130,9,116,131,60,106,101,81,79,68,76,1,119" hai2="85,31,55,109,16,122,132,75,11,64,4,72,82" hai3="112,118,117,26,77,114,38,6,43,37,78,41,99"/><U91/><E1/><V123/><F64/><W22/><G99/><T30/><D69/><U95/><E9/><V134/><F31/><W49/><G6/><T56/><D129/><N who="1" m="49163" /><E60/><V61/><F109/><W21/><G49/><T126/><D126/><U46/><E46/><V33/><F33/><W113/><G113/><T98/><D98/><N who="1" m="61751" /><E68/><V24/><F61/><W29/><G29/><T51/><D36/><U96/><E79/><V39/><F123/><W3/><G26/><T14/><D25/><U62/><E62/><V87/><F122/><W88/><REACH who="3" step="1"/><G3/><REACH who="3" ten="300,272,199,219" step="2"/><T54/><D63/><U57/><E57/><V42/><F24/><W53/><G53/><T92/><AGARI ba="0,1" hai="10,14,18,27,30,34,44,51,54,56,59,84,89,92" machi="92" ten="20,1500,0" yaku="0,1,7,1" doraHai="71" who="0" fromWho="0" sc="300,25,272,-7,199,-4,219,-4" /><INIT seed="2,0,0,5,2,92" ten="325,265,195,215" oya="2" hai0="62,9,10,23,52,106,82,97,101,36,134,87,133" hai1="67,15,71,25,100,57,3,33,58,81,55,117,60" hai2="46,22,56,122,96,112,80,54,30,61,131,94,50" hai3="88,14,78,45,4,35,28,17,91,84,132,73,74"/><V64/><F131/><W98/><G132/><N who="0" m="50795" /><D23/><U125/><E117/><V120/><F80/><W39/><G4/><T114/><D36/><U53/><E3/><V40/><F112/><W51/><G39/><T34/><D34/><U128/><E125/><V11/><F11/><W75/><G28/><T126/><D126/><U102/><E128/><V103/><REACH who="2" step="1"/><F40/><REACH who="2" ten="325,265,185,215" step="2"/><W121/><G121/><T104/><D114/><U89/><E81/><V7/><F7/><W76/><G35/><T107/><D9/><U2/><E33/><V0/><F0/><W110/><G76/><N who="0" m="46535" /><D10/><U19/><E2/><V124/><F124/><W119/><G78/><T116/><D116/><U43/><E43/><V123/><F123/><W32/><G119/><T63/><D63/><U16/><E60/><V44/><F44/><W66/><G32/><T93/><D62/><U111/><E71/><V31/><F31/><W13/><G45/><T79/><D79/><U115/><E115/><V118/><F118/><W38/><G75/><T95/><D52/><U69/><E69/><V24/><AGARI ba="0,1" hai="22,24,30,46,50,54,56,61,64,94,96,103,120,122" machi="24" ten="30,18000,2" yaku="1,1,0,1,25,2,52,1,53,1" doraHai="92" doraHaiUra="48" who="2" fromWho="2" sc="325,-60,265,-60,185,190,215,-60" /><INIT seed="2,1,0,3,0,86" ten="265,205,375,155" oya="2" hai0="29,7,10,3,11,40,23,104,39,84,94,22,129" hai1="60,116,109,13,111,133,97,31,48,41,101,4,12" hai2="19,106,120,67,131,87,90,52,127,93,103,134,102" hai3="89,63,92,125,135,110,56,53,64,6,27,32,18"/><V68/><F120/><W5/><G110/><N who="1" m="41994" /><E116/><V112/><F134/><W121/><G121/><T21/><D104/><N who="1" m="63535" /><E133/><V0/><F0/><W95/><G135/><T55/><D40/><U2/><E31/><V26/><F106/><W130/><G130/><T99/><D39/><U25/><E25/><V44/><F131/><W35/><G125/><T62/><D129/><U33/><E33/><V74/><F127/><W83/><G35/><T128/><D128/><U36/><E36/><V107/><F74/><W49/><G83/><T114/><D114/><U123/><E123/><V45/><F107/><W8/><G32/><T88/><D11/><N who="1" m="2455" /><E60/><V117/><F112/><W54/><G54/><T65/><D55/><U91/><E91/><V100/><F117/><W98/><G92/><T78/><D29/><U50/><E41/><V15/><F26/><W70/><REACH who="3" step="1"/><G27/><REACH who="3" ten="265,205,375,145" step="2"/><T57/><D78/><U34/><E34/><V77/><F77/><W122/><G122/><T20/><N who="0" m="5632" /><DORA hai="76" /><T73/><D73/><U96/><E96/><V28/><F28/><W126/><G126/><T80/><D94/><U66/><E66/><V85/><F52/><W75/><G75/><T81/><D99/><U124/><E124/><V72/><F72/><W105/><G105/><T47/><D81/><U115/><E115/><V43/><F67/><W59/><G59/><T46/><AGARI ba="1,1" hai="3,7,10,46,47,57,62,65,80,84,88" m="5632" machi="46" ten="40,8000,1" yaku="0,1,52,2,54,1" doraHai="86,76" who="0" fromWho="0" sc="265,93,205,-21,375,-41,145,-21" /><INIT seed="3,0,0,1,2,122" ten="358,184,334,124" oya="3" hai0="33,56,75,97,76,126,103,34,110,86,4,128,59" hai1="45,105,120,117,116,21,133,68,46,121,58,36,0" hai2="100,54,132,32,129,77,108,87,88,26,89,42,70" hai3="47,130,20,118,28,78,83,23,119,85,14,1,113"/><W31/><G113/><T131/><D110/><U112/><E0/><V123/><F70/><W60/><G1/><T66/><D75/><U30/><E105/><V63/><F123/><N who="1" m="47177" /><E133/><V52/><F132/><W24/><G130/><N who="0" m="49707" /><D126/><U74/><E74/><V17/><F108/><W64/><G47/><T114/><D114/><U73/><E73/><V57/><F32/><N who="0" m="12394" /><D4/><U61/><E112/><V79/><F42/><W96/><G96/><T90/><D76/><N who="2" m="29258" /><F129/><W6/><G6/><T43/><D43/><N who="1" m="22759" /><E21/><N who="2" m="13615" /><F100/><W48/><G48/><T127/><D127/><U10/><E10/><V80/><F89/><W5/><G5/><T135/><D135/><U101/><E101/><V49/><F49/><W134/><G134/><T50/><D50/><U44/><E30/><V53/><AGARI ba="0,0" hai="52,53,54,57,63,80,87,88" m="13615,29258" machi="53" ten="30,4000,0" yaku="8,1,54,2" doraHai="122" who="2" fromWho="2" sc="358,-10,184,-10,334,40,124,-20" owari="348,15.0,174,-23.0,374,48.0,104,-40.0" /></mjloggm>