<mjloggm ver="2.3"><GO type="193" lobby="0"/><UN n0="%E3%81%8F%E3%81%86%E3%81%8D%E3%82%88%E3%82%81" n1="%40%6D%69%6E%61%6D%69" n2="%64%6F%62%75%6C%6F%6B%75" n3="%E5%B0%B1%E6%B4%BB%E7%94%9F%40%E5%B7%9D%E6%9D%91%E8%BB%8D%E5%9B%A3" dan="12,11,11,12" rate="1797.48,1574.96,1599.37,1783.83" sx="M,M,M,M"/><TAIKYOKU oya="0"/><INIT seed="0,0,0,2,5,101" ten="250,250,250,250" oya="0" hai0="53,27,23,64,124,37,61,80,115,95,33,111,58" hai1="65,134,128,104,29,39,42,91,55,11,36,96,54" hai2="31,84,16,41,62,135,102,30,9,74,87,34,82" hai3="90,106,26,21,85,17,46,103,133,88,25,8,32"/><T73/><D115/><U4/><E29/><V120/><F120/><W117/><G117/><T2/><D124/><U94/><E128/><V1/><F135/><W108/><G108/><T114/><D37/><U116/><E116/><V70/><F34/><W43/><G133/><T98/><D2/><U130/><E65/><V40/><F31/><W97/><G8/><T68/><D114/><U28/><E28/><V19/><F74/><W75/><G75/><T121/><D121/><U77/><E130/><V79/><F19/><W72/><G72/><T18/><D111/><U81/><E134/><V22/><F87/><W59/><G59/><T71/><D33/><U125/><E125/><V56/><F70/><W89/><G32/><T105/><D105/><U110/><E110/><V107/><F30/><W60/><G60/><T76/><D64/><U63/><E63/><V7/><F107/><W51/><REACH who="3" step="1"/><G26/><REACH who="3" ten="250,250,250,240" step="2"/><T47/><REACH who="0" step="1"/><D47/><REACH who="0" ten="240,250,250,240" step="2"/><U119/><E119/><V0/><F0/><W5/><G5/><T83/><D83/><AGARI ba="0,2" hai="17,21,25,43,46,51,83,85,88,89,90,97,103,106" machi="83" ten="30,8000,1" yaku="1,1,7,1,52,1,54,1,53,1" doraHai="101" doraHaiUra="20" who="3" fromWho="0" sc="240,-80,250,0,250,0,240,100" /><INIT seed="1,0,0,3,2,61" ten="160,250,250,340" oya="1" hai0="18,79,17,122,78,88,114,63,19,57,120,86,2" hai1="65,104,60,3,132,0,24,103,30,54,87,106,58" hai2="14,49,48,33,67,126,76,52,129,97,124,32,123" hai3="128,43,84,82,47,118,39,20,92,27,59,111,4"/><U135/><E103/><V133/><F123/><N who="0" m="47146" /><D2/><U85/><E104/><V75/><F67/><W100/><G118/><T55/><D114/><U121/><E106/><V94/><F48/><W21/><G128/><T7/><D7/><U23/><E121/><V130/><F75/><W44/><G111/><T46/><D46/><U113/><E54/><V110/><F76/><W131/><G131/><N who="2" m="50185" /><F110/><W70/><G70/><T90/><D90/><U64/><E113/><V10/><F32/><W50/><G4/><T74/><D74/><U125/><E125/><N who="2" m="48235" /><F33/><W51/><G59/><T112/><D112/><U37/><E37/><V26/><F26/><W102/><G39/><T134/><D134/><N who="1" m="51243" /><E58/><N who="2" m="33039" /><F133/><W1/><G50/><T56/><D56/><U96/><E96/><V11/><F14/><W15/><G15/><T101/><D101/><AGARI ba="0,0" hai="10,11,94,97,101" m="33039,48235,50185" machi="101" ten="30,3900,0" yaku="19,1,18,1,54,1" doraHai="61" who="2" fromWho="0" sc="160,-39,250,0,250,39,340,0" /><INIT seed="2,0,0,1,3,93" ten="121,250,289,340" oya="2" hai0="8,99,80,20,92,87,25,15,17,27,94,14,46" hai1="45,38,98,104,132,74,68,96,22,35,89,116,111" hai2="97,58,82,102,7,73,100,47,13,23,57,33,128" hai3="91,67,115,37,107,129,42,86,131,124,71,6,120"/><V30/><F33/><W106/><G120/><T24/><D46/><U18/><E22/><V66/><F128/><N who="3" m="49227" /><G124/><T65/><D65/><U64/><E18/><V28/><F102/><W118/><G118/><T95/><D80/><U2/><E64/><V135/><F135/><W11/><G115/><T52/><D52/><U126/><E45/><V123/><F123/><W44/><G67/><T81/><D14/><U48/><E48/><V29/><F66/><W31/><G31/><T76/><REACH who="0" step="1"/><D8/><REACH who="0" ten="111,250,289,340" step="2"/><U50/><E50/><V69/><F47/><W90/><G71/><T114/><D114/><U121/><E89/><AGARI ba="0,1" hai="15,17,20,24,25,27,76,81,87,89,92,94,95,99" machi="89" ten="40,5200,0" yaku="1,1,8,1,52,1,53,0" doraHai="93" doraHaiUra="127" who="0" fromWho="1" sc="111,62,250,-52,289,0,340,0" /><INIT seed="3,0,0,3,4,128" ten="173,198,289,340" oya="3" hai0="120,130,62,29,61,9,2,5,121,68,22,56,41" hai1="3,65,134,10,116,119,125,122,13,98,45,44,117" hai2="48,33,27,51,78,129,59,18,15,93,132,19,31" hai3="66,111,126,4,35,8,64,46,69,42,97,26,79"/><W49/><G126/><T14/><D41/><U28/><E122/><V108/><F129/><W77/><G111/><T43/><D130/><U135/><E3/><V101/><F108/><W103/><G35/><T39/><D39/><U115/><E115/><V106/><F106/><W20/><G69/><T57/><D43/><U7/><E125/><V60/><F19/><W92/><G77/><T112/><D112/><U17/><E65/><V85/><F78/><W53/><G79/><T90/><D90/><U84/><E28/><V95/><F95/><W114/><G114/><T131/><D68/><U80/><E98/><V113/><F113/><W109/><G109/><T38/><D38/><U110/><E110/><V100/><F100/><W1/><G53/><T6/><D6/><U40/><E40/><V89/><F101/><W21/><G21/><T86/><D86/><U118/><N who="1" m="30208" /><DORA hai="32" /><U102/><E102/><V88/><F89/><W104/><G104/><T55/><D131/><U74/><E74/><V123/><F123/><W107/><G107/><T50/><D50/><U124/><E124/><V70/><F70/><W72/><G72/><T24/><D14/><U25/><E25/><V73/><F73/><W91/><G103/><T52/><AGARI ba="0,0" hai="2,5,9,22,24,29,52,55,56,57,61,62,120,121" machi="52" ten="20,8000,1" yaku="0,1,7,1,9,1,52,1,54,1" doraHai="128,32" who="0" fromWho="0" sc="173,80,198,-20,289,-20,340,-40" owari="253,-15.0,178,-32.0,269,7.0,300,40.0" /></mjloggm>