<mjloggm ver="2.3"><GO type="169" lobby="0"/><UN n0="%E4%BC%8F%E8%99%8E" n1="%E6%97%A5%E5%A5%88%E6%A3%AE%E3%81%82%E3%82%80" n2="%E3%82%AA%E3%82%AB%E3%83%AB%E3%83%88%E3%81%97%E3%82%93%E3%81%A0%EF%BC%9F" n3="%E3%82%A6%E3%83%AB%E3%83%88%E3%83%A9%E7%AB%8B%E7%9B%B4" dan="17,17,16,17" rate="2204.34,2189.37,2126.04,2127.19" sx="M,F,M,M"/><TAIKYOKU oya="0"/><INIT seed="0,0,0,3,2,77" ten="250,250,250,250" oya="0" hai0="54,35,40,75,88,5,18,121,43,85,6,80,76" hai1="36,16,66,92,0,10,135,39,14,20,107,31,127" hai2="122,70,90,65,64,7,45,1,125,28,126,57,23" hai3="84,61,116,22,55,114,24,98,15,132,42,48,129"/><T37/><D121/><U27/><E107/><V73/><F122/><W128/><G116/><T41/><D37/><U91/><E127/><N who="2" m="48651" /><F73/><W69/><G114/><T113/><D113/><U63/><E0/><V93/><F70/><W109/><G109/><T67/><D35/><U56/><REACH who="1" step="1"/><E135/><REACH who="1" ten="250,240,250,250" step="2"/><V130/><F1/><W81/><G132/><T124/><D124/><U134/><E134/><V78/><F130/><W110/><G129/><T96/><D67/><U119/><E119/><V117/><F64/><W87/><G128/><T44/><D18/><U62/><E62/><V33/><F65/><W47/><G61/><T38/><D38/><U103/><E103/><V12/><F117/><W49/><G110/><T52/><D96/><AGARI ba="0,1" hai="10,14,16,20,27,31,36,39,56,63,66,91,92,96" machi="96" ten="30,7700,0" yaku="1,1,7,1,54,1,53,1" doraHai="77" doraHaiUra="95" who="1" fromWho="0" sc="250,-77,240,87,250,0,250,0" /><INIT seed="1,0,0,1,0,130" ten="173,327,250,250" oya="1" hai0="107,66,59,127,15,89,41,69,65,81,129,26,112" hai1="19,101,11,116,73,132,55,125,43,8,53,32,90" hai2="23,45,13,118,52,42,99,22,50,10,97,128,60" hai3="27,61,3,58,88,70,117,6,92,51,93,14,103"/><U114/><E114/><V18/><F128/><W122/><G3/><T83/><D112/><U2/><E116/><V38/><F118/><W71/><G122/><T124/><D107/><U79/><E32/><V111/><F111/><W62/><G117/><T76/><D129/><U30/><E30/><V47/><F60/><W1/><G1/><T84/><D41/><U133/><E125/><N who="0" m="48201" /><D69/><U9/><E101/><V110/><F110/><W48/><G27/><T123/><D123/><U17/><E2/><V36/><F36/><W7/><G103/><T40/><D40/><U56/><E43/><V44/><F44/><W102/><G102/><T72/><D59/><U28/><E28/><V64/><F64/><W4/><G58/><T105/><D105/><U78/><E90/><V135/><F135/><N who="1" m="51785" /><E53/><V86/><REACH who="2" step="1"/><F86/><REACH who="2" ten="173,327,240,250" step="2"/><W35/><G35/><T63/><D66/><U24/><E73/><V67/><F67/><W57/><G71/><T54/><D65/><U109/><E109/><V94/><F94/><W119/><G70/><T131/><D131/><U95/><E95/><V80/><F80/><W77/><G93/><T108/><D108/><U33/><E33/><V85/><F85/><W12/><G119/><T91/><D83/><U120/><E120/><V75/><F75/><W25/><G92/><T104/><D72/><U115/><E115/><V31/><F31/><W74/><G74/><T82/><D82/><U87/><E87/><V0/><F0/><W16/><G61/><T46/><D104/><U34/><E34/><V5/><F5/><W113/><G4/><T49/><D81/><RYUUKYOKU ba="0,1" sc="173,-10,327,-10,240,30,250,-10" hai2="10,13,18,22,23,38,42,45,47,50,52,97,99" /><INIT seed="2,1,1,2,1,43" ten="163,317,270,240" oya="2" hai0="104,99,78,95,129,45,106,2,24,96,1,7,26" hai1="97,51,0,100,47,101,72,20,57,113,115,126,18" hai2="23,25,54,81,109,34,123,107,58,19,103,52,132" hai3="56,67,94,13,15,60,116,86,127,69,9,76,105"/><V63/><F123/><W110/><G105/><T38/><D78/><U10/><E72/><V31/><F109/><W117/><G110/><T118/><D118/><U134/><E134/><V36/><F36/><W91/><G127/><T12/><D12/><U74/><E74/><V32/><F132/><W89/><G76/><T65/><D65/><U119/><E119/><V6/><F6/><W111/><G111/><T85/><D85/><U128/><E128/><V88/><F107/><W125/><G125/><T108/><D108/><U41/><E126/><V17/><F103/><W16/><G69/><T22/><D129/><U11/><E100/><V40/><F40/><W135/><G135/><T14/><D14/><U28/><E28/><V79/><F32/><W70/><G70/><T114/><D114/><U37/><E57/><N who="2" m="35239" /><F34/><W133/><G133/><T42/><D26/><U61/><E37/><V68/><F79/><W120/><G120/><T90/><D99/><U83/><E0/><V49/><F68/><W46/><G91/><T3/><REACH who="0" step="1"/><D7/><REACH who="0" ten="153,317,270,240" step="2"/><U64/><E113/><V98/><F98/><W4/><G117/><T59/><D59/><U33/><E97/><V131/><F131/><W39/><G116/><T21/><D21/><U130/><E33/><V80/><F80/><W75/><G75/><T50/><D50/><U124/><E83/><V55/><F81/><W71/><G71/><T29/><AGARI ba="1,2" hai="1,2,3,22,24,29,38,42,45,90,95,96,104,106" machi="29" ten="30,12000,2" yaku="1,1,0,1,52,1,53,3" doraHai="43" doraHaiUra="35" who="0" fromWho="0" sc="153,143,317,-31,270,-61,240,-31" /><INIT seed="3,0,0,3,3,115" ten="296,286,209,209" oya="3" hai0="10,47,76,81,75,116,70,102,88,26,97,54,18" hai1="13,45,5,72,109,133,8,3,37,101,117,2,87" hai2="35,9,38,114,127,1,121,40,118,108,6,84,46" hai3="131,29,48,95,77,19,0,22,82,119,129,135,7"/><W24/><G95/><T63/><D70/><U90/><E72/><V39/><F114/><W15/><G48/><T80/><D102/><U68/><E68/><V120/><F108/><W107/><G107/><T134/><D134/><U126/><E109/><V73/><F73/><W78/><G78/><T100/><D100/><U50/><E133/><V53/><F35/><N who="3" m="20903" /><G135/><T51/><D63/><U65/><E37/><V132/><F132/><W79/><G79/><T59/><D59/><U74/><E65/><V123/><F39/><W91/><G91/><T32/><D32/><U55/><E101/><V23/><F53/><W85/><G119/><T104/><D104/><U122/><E74/><V33/><F84/><W36/><G36/><T66/><D66/><U61/><E61/><V98/><F98/><W110/><G110/><T89/><D89/><U25/><E117/><V21/><F33/><W86/><G86/><N who="0" m="50255" /><D26/><U125/><E25/><V43/><F43/><W42/><G42/><T4/><D4/><U17/><E5/><V93/><F93/><W27/><G27/><T41/><D41/><U111/><E111/><V69/><F69/><W83/><G83/><T71/><D71/><U128/><E90/><V44/><F118/><W14/><G14/><N who="0" m="7511" /><D116/><U60/><E60/><V67/><F67/><W130/><G7/><T11/><D97/><U106/><E106/><V103/><F103/><W20/><G0/><T112/><D11/><AGARI ba="0,0" hai="11,15,19,20,22,77,82,85,129,130,131" m="20903" machi="11" ten="30,1500,0" yaku="19,1" doraHai="115" who="3" fromWho="0" sc="296,-15,286,0,209,0,209,15" /><INIT seed="3,1,0,5,5,67" ten="281,286,209,224" oya="3" hai0="89,39,129,20,30,116,97,7,87,22,9,98,53" hai1="84,115,71,126,60,114,107,62,28,59,82,49,35" hai2="86,64,4,104,111,135,34,130,103,93,77,56,13" hai3="5,1,121,113,37,66,63,17,83,85,55,94,79"/><W2/><G37/><T91/><D39/><U128/><E107/><V95/><F34/><W108/><G113/><T131/><D116/><U106/><E106/><V81/><F111/><W29/><G121/><T21/><D30/><U99/><E126/><V6/><F135/><W65/><G108/><T31/><D31/><U15/><E128/><N who="0" m="49225" /><D53/><U3/><E3/><V102/><F130/><W50/><G29/><T76/><D76/><U70/><E99/><N who="0" m="37897" /><D87/><U133/><E133/><V109/><F109/><W16/><G65/><T96/><N who="0" m="37905" /><T118/><DORA hai="100" /><D118/><U88/><E28/><V112/><F104/><W12/><G94/><N who="2" m="35849" /><F112/><W124/><G124/><T105/><D105/><U52/><E35/><V68/><F68/><W134/><G134/><T26/><D26/><U132/><E132/><V51/><F64/><W78/><G78/><T127/><D127/><U10/><E114/><V57/><F103/><W8/><G2/><AGARI ba="1,0" hai="2,7,9,20,21,22,89,91" m="37905,49225" machi="2" ten="40,1300,0" yaku="19,1" doraHai="67,100" who="0" fromWho="3" sc="281,16,286,0,209,0,224,-16" /><INIT seed="4,0,0,0,1,117" ten="297,286,209,208" oya="0" hai0="55,47,113,10,129,126,92,22,26,52,87,66,57" hai1="90,74,127,6,39,49,33,16,114,37,67,36,116" hai2="132,28,73,84,86,71,4,27,30,134,104,21,82" hai3="19,31,46,93,99,121,76,131,48,11,53,133,105"/><T130/><D113/><U70/><E116/><V96/><F71/><W5/><G105/><T51/><D126/><U17/><E74/><V79/><F4/><W75/><G31/><T94/><D66/><U103/><E33/><V24/><F96/><W40/><G131/><N who="0" m="50187" /><D10/><U32/><E32/><V108/><F104/><W100/><G133/><N who="2" m="51305" /><F108/><W34/><G34/><AGARI ba="0,0" hai="21,24,27,28,30,34,73,79,82,84,86" m="51305" machi="34" ten="30,1000,0" yaku="20,1" doraHai="117" who="2" fromWho="3" sc="297,0,286,0,209,10,208,-10" /><INIT seed="5,0,0,3,1,38" ten="297,286,219,198" oya="1" hai0="127,22,95,69,114,124,122,81,68,71,24,72,60" hai1="7,40,19,2,37,36,107,78,56,42,104,25,113" hai2="32,27,105,65,80,93,75,49,0,74,82,89,16" hai3="116,12,97,85,83,59,62,125,79,131,50,70,35"/><U41/><E113/><V4/><F105/><W55/><G35/><T102/><D114/><U11/><E78/><V112/><F65/><W99/><G125/><T134/><D134/><U123/><E123/><V126/><F112/><W39/><G131/><T44/><D122/><U29/><E19/><V51/><F126/><N who="0" m="48170" /><D44/><U58/><E107/><V14/><F0/><W8/><G116/><T92/><D102/><U64/><E104/><V118/><F118/><W91/><G39/><T73/><D60/><U18/><E18/><V128/><F128/><W5/><G70/><T31/><D81/><N who="2" m="31338" /><F32/><W100/><G100/><T88/><D95/><U17/><E17/><V61/><F61/><W20/><G91/><T108/><D108/><U30/><E30/><V53/><F74/><W43/><G20/><T34/><D34/><U26/><E26/><V23/><F75/><W15/><G15/><T110/><D110/><U67/><E67/><V28/><F53/><W86/><G86/><AGARI ba="0,0" hai="22,24,31,68,69,71,72,73,86,88,92" m="48170" machi="86" ten="40,2600,0" yaku="18,1,54,1" doraHai="38" who="0" fromWho="3" sc="297,26,286,0,219,0,198,-26" /><INIT seed="6,0,0,3,5,69" ten="323,286,219,172" oya="2" hai0="8,30,77,128,48,14,72,98,10,130,3,124,60" hai1="73,78,26,93,24,17,104,116,122,92,32,133,25" hai2="80,58,88,37,34,64,61,33,41,74,108,62,22" hai3="81,63,96,112,66,5,36,50,35,75,54,6,115"/><V52/><F108/><W129/><G35/><T126/><D30/><U114/><E116/><V4/><F4/><W85/><G75/><T49/><D60/><U95/><E114/><N who="3" m="43562" /><G96/><T132/><D98/><U23/><E104/><V51/><F61/><W0/><G0/><T87/><D72/><U39/><E133/><V42/><F22/><W135/><G135/><T120/><D132/><U28/><E122/><V21/><F21/><W89/><G129/><N who="0" m="49771" /><D120/><U67/><E67/><V109/><F109/><W16/><G16/><N who="0" m="8263" /><D77/><U47/><E78/><V94/><F74/><W1/><G1/><T19/><D87/><U45/><E73/><V117/><F117/><W18/><G18/><T53/><D48/><U13/><E32/><V84/><F80/><W31/><G31/><T15/><D3/><U43/><E28/><V103/><F103/><W38/><G5/><T125/><D125/><U44/><AGARI ba="0,0" hai="13,17,23,24,25,26,39,43,44,45,47,92,93,95" machi="44" ten="40,2700,0" yaku="0,1,52,1" doraHai="69" who="1" fromWho="1" sc="323,-7,286,27,219,-13,172,-7" /><INIT seed="7,0,0,1,0,40" ten="316,313,206,165" oya="3" hai0="83,98,1,47,79,78,69,56,105,38,123,61,118" hai1="57,71,31,126,20,21,76,86,68,33,49,132,35" hai2="73,67,48,18,60,17,115,121,130,51,11,100,16" hai3="19,25,122,85,107,90,44,3,87,53,133,134,27"/><W113/><G107/><T102/><D118/><U8/><E8/><V28/><F73/><W120/><G3/><T81/><D69/><U15/><E15/><V106/><F115/><W14/><G113/><T26/><D123/><U116/><E86/><N who="3" m="32778" /><G90/><T64/><D1/><U50/><E57/><N who="2" m="37263" /><F106/><W23/><G122/><T2/><D2/><U109/><E116/><V34/><F34/><W99/><G99/><T42/><REACH who="0" step="1"/><D26/><REACH who="0" ten="306,313,206,165" step="2"/><U4/><E109/><V97/><F121/><W54/><G120/><T95/><D95/><U24/><E24/><V125/><F11/><W72/><G72/><T41/><D41/><U55/><E76/><AGARI ba="0,1" hai="38,42,47,56,61,64,76,78,79,81,83,98,102,105" machi="76" ten="40,2600,0" yaku="1,1,52,1,53,0" doraHai="40" doraHaiUra="22" who="0" fromWho="1" sc="306,36,313,-26,206,0,165,0" owari="342,43.0,287,9.0,206,-19.0,165,-33.0" /></mjloggm>