<mjloggm ver="2.3"><GO type="169" lobby="0"/><UN n0="%6B%69%79%6F%64%61%69" n1="%72%30%33%31%30" n2="%E3%82%A6%E3%83%AB%E3%83%88%E3%83%A9%E7%AB%8B%E7%9B%B4" n3="%E3%83%A1%E3%83%A9%E3%82%BE%E4%B8%80%E3%83%9E" dan="16,17,17,16" rate="2127.60,2108.72,2125.61,2107.44" sx="M,M,M,M"/><TAIKYOKU oya="0"/><INIT seed="0,0,0,0,5,61" ten="250,250,250,250" oya="0" hai0="21,133,75,30,39,62,12,31,132,0,44,18,4" hai1="129,110,107,79,7,80,66,25,127,13,113,65,117" hai2="83,92,102,135,3,54,46,111,56,122,105,109,112" hai3="59,70,53,67,36,78,73,91,93,101,20,85,124"/><T47/><D75/><U64/><E117/><V15/><F3/><W118/><G118/><T131/><D62/><U84/><E107/><V126/><F15/><W34/><G36/><T43/><D131/><U33/><E129/><V69/><F83/><W27/><G34/><T134/><REACH who="0" step="1"/><D44/><REACH who="0" ten="240,250,250,250" step="2"/><U119/><E119/><V68/><F46/><W2/><G73/><T14/><D14/><U98/><E127/><V116/><F116/><W87/><G124/><T89/><D89/><U76/><E113/><V22/><F126/><W26/><G91/><T94/><D94/><U121/><E121/><V103/><F122/><W42/><G93/><T28/><D28/><U123/><E123/><V128/><F128/><W23/><G78/><T29/><D29/><U10/><E79/><V35/><F92/><W106/><G106/><T37/><D37/><U49/><E49/><V60/><F112/><W90/><G90/><T51/><D51/><U104/><E110/><V38/><F38/><W48/><G48/><T95/><D95/><U114/><E114/><V97/><F111/><W17/><G101/><T115/><D115/><U41/><E104/><V6/><F103/><W81/><G81/><T72/><D72/><U19/><E80/><V130/><F130/><W88/><G88/><T16/><D16/><U32/><E19/><V63/><F102/><W52/><G26/><T108/><D108/><U1/><E25/><V96/><F105/><W8/><G27/><T45/><D45/><U57/><E76/><V58/><F109/><W100/><G100/><T71/><D71/><U86/><E13/><RYUUKYOKU ba="0,1" sc="240,30,250,-10,250,-10,250,-10" hai0="0,4,12,18,21,30,31,39,43,47,132,133,134" /><INIT seed="0,1,1,4,1,82" ten="270,240,240,240" oya="0" hai0="53,31,27,56,2,8,65,33,97,59,32,112,119" hai1="109,107,1,43,0,49,60,13,125,123,113,4,35" hai2="74,42,117,106,3,38,81,36,129,57,104,98,26" hai3="71,39,7,63,62,50,40,87,25,91,122,92,14"/><T48/><D112/><U19/><E107/><V20/><F3/><W45/><G122/><T41/><D119/><U46/><E123/><V34/><F34/><W21/><G39/><T80/><D41/><U54/><E109/><V94/><F129/><W29/><REACH who="3" step="1"/><G71/><REACH who="3" ten="270,240,240,230" step="2"/><T61/><D33/><U37/><E35/><V28/><F38/><W102/><G102/><T127/><D127/><U79/><E125/><V100/><F117/><W30/><G30/><T124/><D124/><U44/><E113/><V64/><F36/><W114/><G114/><T75/><D32/><U5/><E0/><V51/><F100/><W110/><G110/><T18/><D31/><U86/><E1/><V96/><F28/><W126/><G126/><T115/><D2/><U12/><E37/><V24/><F106/><W135/><G135/><T10/><D115/><U95/><E13/><V90/><F104/><W99/><G99/><T22/><D97/><U23/><E12/><V66/><F98/><W67/><G67/><T132/><D132/><U69/><E69/><V72/><F66/><W93/><G93/><T58/><D10/><AGARI ba="1,2" hai="7,10,14,21,25,29,40,45,50,62,63,87,91,92" machi="10" ten="40,5200,0" yaku="1,1,8,1,52,1,53,0" doraHai="82" doraHaiUra="78" who="3" fromWho="0" sc="270,-55,240,0,240,0,230,75" /><INIT seed="1,0,0,5,5,118" ten="215,240,240,305" oya="1" hai0="24,43,33,66,61,94,130,41,20,117,119,5,17" hai1="36,84,123,55,10,99,14,135,132,50,90,114,12" hai2="51,34,16,69,42,92,82,77,126,74,31,127,26" hai3="65,70,88,75,6,13,22,106,86,100,80,3,125"/><U97/><E36/><V89/><F69/><W71/><G125/><N who="2" m="47625" /><F16/><W124/><G124/><T76/><D130/><U133/><E123/><V52/><F42/><W53/><G53/><T27/><D5/><U72/><E72/><V40/><F40/><W134/><G134/><T87/><D43/><U131/><E114/><V4/><F4/><W104/><G75/><T44/><D33/><U18/><E131/><V56/><F92/><W103/><G3/><T1/><D1/><U78/><E14/><V15/><F89/><W67/><G70/><T37/><D27/><U39/><E39/><V59/><F15/><W47/><G47/><AGARI ba="0,0" hai="26,31,34,47,51,52,56,59,74,77,82" m="47625" machi="47" ten="30,2000,0" yaku="18,1,54,1" doraHai="118" who="2" fromWho="3" sc="215,0,240,0,240,20,305,-20" /><INIT seed="2,0,0,5,3,71" ten="215,240,260,285" oya="2" hai0="129,130,45,61,21,56,28,111,4,92,54,23,48" hai1="59,46,18,106,25,102,60,51,99,49,78,90,98" hai2="62,135,91,8,66,103,47,9,126,29,36,119,24" hai3="118,125,96,63,109,26,15,81,117,27,69,41,67"/><V33/><F119/><W38/><G109/><T100/><D111/><U80/><E46/><V94/><F126/><W40/><G125/><T11/><D100/><U122/><E122/><V34/><F34/><W68/><G81/><T6/><D92/><U77/><E78/><V20/><F33/><W115/><G115/><T42/><D6/><U75/><E25/><V31/><F31/><W10/><G96/><T17/><D28/><U113/><E113/><V35/><F35/><W101/><G101/><T108/><D108/><U124/><E124/><V16/><F29/><W50/><G41/><T105/><D105/><U64/><E18/><V107/><F135/><W30/><G50/><T88/><D88/><U12/><E12/><V55/><F103/><W84/><G84/><T112/><D112/><U76/><E76/><V57/><F107/><W58/><G26/><T52/><D54/><U82/><E82/><V104/><F104/><W14/><G14/><T133/><D133/><U123/><E123/><V2/><F2/><W65/><G118/><T32/><D32/><U43/><E43/><N who="2" m="23015" /><F66/><W79/><G67/><T89/><D89/><U86/><E99/><AGARI ba="0,0" hai="8,9,16,20,24,55,57,62,91,94,99" m="23015" machi="99" ten="30,5800,0" yaku="25,1,52,1,54,1" doraHai="71" who="2" fromWho="1" sc="215,0,240,-58,260,58,285,0" /><INIT seed="2,1,0,3,0,73" ten="215,182,318,285" oya="2" hai0="15,27,105,60,125,76,92,89,48,6,117,101,56" hai1="37,114,90,68,49,32,13,18,47,116,21,98,123" hai2="36,78,131,122,118,12,120,50,81,69,133,57,11" hai3="31,88,95,65,17,25,14,71,34,54,30,44,112"/><V96/><F69/><W62/><G112/><T94/><D125/><U107/><E37/><V41/><F118/><W104/><G104/><T115/><D105/><U64/><E116/><V42/><F36/><W10/><G30/><T134/><D134/><U19/><E114/><V108/><F133/><W58/><G44/><T26/><D48/><U84/><E32/><V124/><F124/><W99/><REACH who="3" step="1"/><G54/><REACH who="3" ten="215,182,318,275" step="2"/><T128/><D115/><U91/><E107/><V110/><F122/><W61/><G61/><T70/><D70/><AGARI ba="1,1" hai="10,14,17,25,31,34,58,62,65,70,71,88,95,99" machi="70" ten="40,2600,0" yaku="1,1,54,1,53,0" doraHai="73" doraHaiUra="100" who="3" fromWho="0" sc="215,-29,182,0,318,0,275,39" /><INIT seed="3,0,0,3,4,53" ten="186,182,318,314" oya="3" hai0="88,84,107,37,92,126,131,134,74,89,86,128,133" hai1="67,130,69,25,27,7,72,109,50,79,95,93,85" hai2="8,15,123,64,32,28,46,125,103,57,36,101,119" hai3="33,80,118,10,12,60,135,13,26,52,73,45,23"/><W42/><G118/><T99/><D37/><U59/><E109/><V63/><F119/><W40/><G33/><T39/><D39/><U68/><E130/><N who="0" m="49705" /><D74/><U5/><E72/><V19/><F125/><W100/><G100/><N who="0" m="62879" /><D126/><U16/><E69/><V105/><F123/><W115/><G115/><T90/><D90/><U35/><E68/><V51/><F105/><W20/><G135/><T0/><D0/><U111/><E111/><V4/><F28/><N who="3" m="17479" /><G80/><AGARI ba="0,0" hai="80,84,86,88,89,92,133,134" m="62879,49705" machi="80" ten="30,7700,0" yaku="19,1,34,2,54,1" doraHai="53" who="0" fromWho="3" sc="186,77,182,0,318,0,314,-77" /><INIT seed="4,0,0,1,4,53" ten="263,182,318,237" oya="0" hai0="45,28,76,91,74,66,102,18,56,43,118,0,100" hai1="99,55,24,77,73,104,134,72,68,46,84,101,42" hai2="67,135,126,25,109,39,93,8,7,12,128,124,96" hai3="85,111,47,11,120,83,80,86,38,19,103,87,127"/><T65/><D0/><U20/><E134/><V58/><F39/><W110/><G127/><N who="2" m="48681" /><F109/><W108/><G120/><T121/><D118/><U15/><E68/><V57/><F67/><W5/><G19/><T27/><D121/><U117/><E117/><V123/><F123/><W89/><G103/><T130/><D130/><U9/><E55/><V107/><F107/><W4/><G85/><T36/><D18/><U33/><E33/><V81/><F135/><W105/><G105/><T29/><D29/><U125/><E125/><V69/><F69/><W115/><G115/><T32/><D66/><U1/><E1/><V49/><F49/><W78/><G11/><T88/><D102/><U26/><E26/><V129/><F81/><W31/><G31/><T52/><D65/><U13/><E13/><V40/><F40/><W114/><G114/><T54/><D100/><U112/><E112/><V92/><F25/><W3/><G3/><T90/><REACH who="0" step="1"/><D56/><REACH who="0" ten="253,182,318,237" step="2"/><N who="2" m="21610" /><F96/><W61/><G111/><T119/><D119/><U70/><E99/><V6/><F6/><W60/><G4/><T17/><D17/><U71/><E104/><V75/><F75/><W97/><G5/><T30/><D30/><U59/><E73/><V95/><AGARI ba="0,1" hai="7,8,12,92,93,95,128,129" m="21610,48681" machi="95" ten="40,8000,1" yaku="18,1,52,3" doraHai="53" who="2" fromWho="2" sc="253,-40,182,-20,318,90,237,-20" /><INIT seed="5,0,0,2,4,32" ten="213,162,408,217" oya="1" hai0="112,39,82,123,40,94,30,114,120,135,10,81,92" hai1="43,77,27,131,104,7,125,18,38,99,13,29,126" hai2="134,70,105,69,103,80,78,110,111,93,85,24,59" hai3="118,130,2,34,31,44,22,62,97,79,16,65,45"/><U133/><E77/><V56/><F56/><W122/><G122/><N who="0" m="46635" /><D30/><U37/><E131/><V101/><F59/><W26/><G97/><T60/><D60/><U102/><E133/><V1/><F1/><W48/><G79/><T88/><D135/><U46/><E7/><V55/><F55/><W108/><G2/><T95/><D10/><U74/><E74/><V109/><F24/><W87/><G108/><T107/><D107/><U0/><E0/><V20/><F20/><W21/><G34/><T8/><D8/><U49/><E13/><V61/><F61/><W116/><G130/><T129/><D129/><U132/><E18/><V14/><F14/><N who="3" m="9367" /><G87/><N who="0" m="50287" /><D82/><U35/><REACH who="1" step="1"/><E132/><REACH who="1" ten="213,152,408,217" step="2"/><V51/><F134/><W71/><G116/><T63/><D63/><U33/><E33/><V19/><F19/><W128/><G62/><T67/><D67/><U12/><E12/><V64/><F64/><W83/><G65/><T84/><D84/><U96/><E96/><V89/><F110/><W23/><G118/><T4/><D4/><U15/><E15/><V6/><F6/><W9/><G128/><T75/><D75/><U47/><E47/><AGARI ba="0,1" hai="39,40,47,92,94,95,112,114" m="50287,46635" machi="47" ten="40,2600,0" yaku="13,1,54,1" doraHai="32" who="0" fromWho="1" sc="213,36,152,-26,408,0,217,0" /><INIT seed="6,0,0,0,0,26" ten="249,126,408,217" oya="2" hai0="110,100,129,78,94,123,91,3,117,2,31,79,11" hai1="24,70,8,62,84,74,1,35,41,106,96,98,50" hai2="51,45,13,130,27,55,126,71,28,89,47,82,54" hai3="97,12,135,93,18,75,20,52,32,38,37,40,133"/><V125/><F71/><W29/><G75/><T116/><D110/><U108/><E108/><V10/><F130/><W111/><G111/><T63/><D129/><U118/><E118/><N who="0" m="45673" /><D100/><U90/><E74/><V114/><F114/><W124/><G124/><T81/><D123/><U6/><E106/><V48/><F89/><W83/><G83/><T99/><D31/><U109/><E109/><V85/><F85/><W9/><G32/><T36/><D36/><U77/><E77/><N who="0" m="29193" /><D81/><U73/><E73/><V86/><F86/><W101/><G40/><T128/><D128/><U132/><E132/><N who="3" m="50762" /><G52/><T68/><D11/><U120/><E120/><V69/><F82/><W64/><G64/><AGARI ba="0,0" hai="2,3,63,64,68,91,94,99" m="29193,45673" machi="64" ten="30,1000,0" yaku="12,1" doraHai="26" who="0" fromWho="3" sc="249,10,126,0,408,0,217,-10" /><INIT seed="7,0,0,2,1,127" ten="259,126,408,207" oya="3" hai0="38,45,83,87,92,95,13,1,70,51,128,35,78" hai1="49,132,60,61,76,133,48,119,114,71,98,29,17" hai2="24,81,22,124,14,82,25,117,15,122,90,23,46" hai3="102,134,59,112,58,97,105,69,64,99,116,34,12"/><W125/><G116/><T120/><D128/><U94/><E76/><V44/><F90/><W80/><G112/><T100/><D1/><U75/><E75/><V40/><F124/><W57/><G125/><T131/><D131/><U9/><E114/><V67/><F67/><W26/><G12/><T33/><D38/><U66/><E119/><V28/><F122/><W96/><G80/><T103/><D70/><U54/><E29/><V8/><F117/><W3/><G3/><T77/><D77/><U73/><E73/><V65/><F65/><W72/><G134/><T129/><D129/><U36/><E60/><V118/><F118/><W4/><G4/><T52/><D35/><U74/><E74/><V123/><F15/><W42/><G42/><T50/><D33/><U55/><E9/><V18/><F123/><W20/><G20/><T108/><D108/><U63/><E17/><V56/><F56/><W93/><G93/><N who="0" m="35915" /><D120/><U47/><E63/><V7/><F44/><W107/><G107/><T88/><D78/><U39/><E94/><V101/><F101/><W126/><G126/><T91/><D91/><U110/><E98/><V135/><F135/><W109/><G72/><T32/><D32/><U104/><E104/><V115/><F115/><W19/><G19/><T30/><D30/><U62/><E110/><V85/><F85/><W68/><G68/><T27/><D27/><U2/><E2/><V79/><F79/><W0/><G26/><T111/><D111/><U43/><E43/><V121/><F121/><W5/><G109/><T6/><D51/><AGARI ba="0,0" hai="7,8,14,18,22,23,24,25,28,40,46,51,81,82" machi="51" ten="30,2000,0" yaku="7,1,8,1" doraHai="127" who="2" fromWho="0" sc="259,-20,126,0,408,20,207,0" owari="239,4.0,126,-37.0,428,52.0,207,-19.0" /></mjloggm>