<mjloggm ver="2.3"><GO type="97" lobby="0"/><UN n0="%43%68%69%6B%61%70%79" n1="%6B%61%66%75%6A%69" n2="%E3%82%A6%E3%83%AB%E3%83%88%E3%83%A9%E7%AB%8B%E7%9B%B4" n3="%E9%80%A3%E5%8B%9D%E3%81%8A%E3%81%AA%E3%81%8B" dan="14,13,14,13" rate="1898.52,1870.32,1943.97,1899.08" sx="M,M,M,F"/><TAIKYOKU oya="0"/><INIT seed="0,0,0,3,2,105" ten="250,250,250,250" oya="0" hai0="91,11,97,83,40,130,127,87,1,33,44,23,29" hai1="72,103,112,32,92,85,98,16,19,6,101,75,48" hai2="80,53,104,111,54,12,132,77,60,34,8,28,64" hai3="131,90,121,128,63,27,78,56,124,61,81,15,4"/><T17/><D130/><N who="3" m="49705" /><G121/><T57/><D127/><U109/><E32/><V116/><F104/><W106/><G106/><T134/><D134/><U20/><E6/><V99/><F116/><W38/><G38/><T125/><D125/><U14/><E109/><V73/><F111/><W122/><G124/><T3/><D97/><U96/><E112/><V9/><F132/><W30/><G122/><T69/><D69/><U126/><E85/><V94/><F28/><W100/><G100/><T58/><D3/><U115/><E115/><V37/><F34/><N who="3" m="20831" /><G90/><T13/><D44/><U71/><E71/><V0/><F37/><W88/><G88/><T51/><D51/><U21/><E48/><V52/><F0/><W82/><G63/><T7/><REACH who="0" step="1"/><D40/><REACH who="0" ten="240,250,250,250" step="2"/><U65/><E126/><V55/><N who="2" m="13824" /><DORA hai="62" /><V84/><F60/><W108/><G61/><T86/><D86/><U68/><E68/><V50/><F50/><W76/><G56/><T25/><AGARI ba="0,1" hai="1,7,11,13,17,23,25,29,33,57,58,83,87,91" machi="25" ten="30,11700,0" yaku="1,1,0,1,24,2,53,0" doraHai="105,62" doraHaiUra="135,113" who="0" fromWho="0" sc="240,127,250,-39,250,-39,250,-39" /><INIT seed="0,1,0,4,2,131" ten="367,211,211,211" oya="0" hai0="54,30,116,8,101,106,72,51,3,92,70,60,5" hai1="15,61,25,107,66,38,117,50,109,71,42,124,69" hai2="100,2,132,56,14,112,11,49,133,121,102,98,114" hai3="68,83,128,105,80,7,81,39,122,95,82,29,28"/><T88/><D116/><U24/><E117/><V93/><F2/><W111/><G105/><T43/><D72/><U74/><E109/><V65/><F121/><W126/><G68/><T62/><D30/><U113/><E71/><V97/><F65/><W87/><G39/><T52/><D70/><U23/><E124/><V134/><F49/><W46/><G126/><T67/><D106/><U0/><E0/><V58/><F58/><W18/><G128/><T10/><D101/><U84/><E74/><V120/><F56/><W94/><G111/><T90/><D67/><U79/><E107/><N who="2" m="63887" /><F120/><W6/><G122/><T127/><D127/><U27/><E38/><V32/><F32/><W19/><G46/><T119/><D119/><U64/><E64/><V125/><F125/><W96/><G87/><T36/><D36/><U1/><E1/><V135/><N who="2" m="34304" /><DORA hai="103" /><V45/><F45/><W85/><G85/><T77/><D3/><U44/><E66/><V129/><F129/><W104/><G104/><T37/><D51/><U118/><E50/><V55/><F55/><W31/><N who="3" m="20480" /><DORA hai="123" /><W63/><G63/><T16/><D37/><U89/><E61/><V91/><F102/><W86/><G86/><T21/><D62/><U53/><E44/><V22/><F22/><W47/><G47/><T17/><D60/><U73/><E53/><V12/><F12/><W108/><G108/><T59/><D21/><U35/><E15/><V110/><F110/><W40/><G40/><T76/><D59/><U9/><E69/><V130/><F130/><W99/><G99/><T75/><D43/><RYUUKYOKU ba="1,0" sc="367,-10,211,-10,211,30,211,-10" hai2="11,14,91,93,98,112,114" /><INIT seed="1,2,0,4,3,81" ten="357,201,241,201" oya="1" hai0="118,15,125,64,75,48,103,95,83,35,91,108,46" hai1="124,19,84,85,37,131,45,69,42,39,100,50,90" hai2="8,127,97,88,102,135,11,40,133,89,26,30,38" hai3="66,104,70,7,54,80,60,105,114,57,71,24,16"/><U87/><E131/><V61/><F127/><W43/><G114/><T82/><D35/><U53/><E124/><V29/><F61/><W128/><G128/><T121/><D125/><U63/><E100/><V47/><F8/><W51/><G7/><T41/><D118/><U5/><E5/><V49/><F11/><W116/><G116/><T25/><D121/><U55/><E19/><V9/><F9/><W113/><G113/><T65/><D75/><U58/><E39/><V96/><F38/><W4/><G4/><T22/><D103/><U62/><E62/><V77/><F77/><W117/><G117/><T123/><D123/><U31/><E31/><N who="2" m="11787" /><F26/><W68/><G80/><T93/><D15/><U130/><E130/><V56/><F56/><W86/><G86/><T12/><D12/><U79/><E79/><V28/><N who="2" m="11795" /><V134/><DORA hai="13" /><F97/><W2/><G2/><T72/><D72/><U107/><E107/><AGARI ba="2,0" hai="40,47,49,88,89,96,102,107,133,134,135" m="11795" machi="107" ten="40,2600,0" yaku="20,1,54,1" doraHai="81,13" who="2" fromWho="1" sc="357,0,201,-32,241,32,201,0" /><INIT seed="2,0,0,1,1,11" ten="357,169,273,201" oya="2" hai0="96,99,125,101,112,74,58,49,59,62,115,20,117" hai1="42,12,128,113,15,61,69,30,25,107,6,29,47" hai2="50,80,124,53,9,120,130,3,38,7,78,35,111" hai3="18,75,114,104,89,65,60,66,87,131,102,67,51"/><V81/><F120/><W44/><G75/><T4/><D125/><U73/><E113/><V54/><F38/><W27/><G131/><T90/><D74/><U126/><E128/><V33/><F130/><W92/><G114/><T118/><D101/><U133/><E126/><V106/><F106/><W57/><G104/><T135/><D4/><U22/><E107/><V97/><F124/><W119/><G119/><T23/><D49/><U2/><E73/><V70/><F70/><W32/><G102/><T46/><D46/><U88/><E133/><V68/><F68/><W121/><G121/><T45/><D45/><U129/><E129/><V85/><F111/><W21/><REACH who="3" step="1"/><G32/><REACH who="3" ten="357,169,273,191" step="2"/><T109/><D115/><U26/><E2/><V94/><F35/><W79/><G79/><T36/><D112/><U41/><E6/><V116/><F33/><W93/><G93/><T123/><D118/><U122/><E122/><V17/><F116/><W76/><G76/><T43/><D123/><U31/><E31/><V0/><F0/><W84/><G84/><T19/><D117/><U34/><E42/><AGARI ba="0,1" hai="18,21,27,42,44,51,57,60,65,66,67,87,89,92" machi="42" ten="30,3900,0" yaku="1,1,7,1,8,1,53,0" doraHai="11" doraHaiUra="1" who="3" fromWho="1" sc="357,0,169,-39,273,0,191,49" /><INIT seed="3,0,0,1,4,17" ten="357,130,273,240" oya="3" hai0="72,104,58,46,92,123,62,48,99,122,116,47,16" hai1="94,29,5,95,25,129,80,132,100,35,34,32,10" hai2="54,86,22,42,89,127,93,134,6,18,19,115,88" hai3="101,74,77,87,126,64,108,85,70,11,12,39,50"/><W121/><G121/><T20/><D116/><U40/><E40/><V41/><F115/><W65/><G39/><T102/><D72/><U31/><E80/><N who="2" m="49223" /><F127/><W96/><G126/><T2/><D2/><U131/><E100/><V66/><F66/><W125/><G125/><T110/><D110/><U28/><E95/><V33/><F33/><N who="1" m="8449" /><U8/><DORA hai="24" /><E94/><V56/><F6/><W4/><G108/><T120/><D48/><U107/><E107/><V135/><F19/><W1/><G1/><T130/><D130/><N who="1" m="49675" /><E132/><V52/><F134/><W119/><G119/><T78/><D78/><U76/><E76/><V60/><F54/><W38/><G38/><T81/><D81/><U109/><E109/><V15/><F135/><W91/><G70/><T67/><REACH who="0" step="1"/><D104/><REACH who="0" ten="347,130,273,240" step="2"/><U113/><E113/><V53/><F53/><W82/><G87/><AGARI ba="0,1" hai="15,18,22,41,42,52,56,60,87,89,93" m="49223" machi="87" ten="30,7700,0" yaku="8,1,52,1,54,2" doraHai="17,24" who="2" fromWho="3" sc="347,0,130,0,273,87,240,-77" owari="347,15.0,130,-37.0,360,46.0,163,-24.0" /></mjloggm>