<mjloggm ver="2.3"><GO type="97" lobby="0"/><UN n0="%E3%82%A2%E3%83%AA%E3%82%A2%E7%A4%BE%E9%95%B7" n1="%E3%82%A6%E3%83%AB%E3%83%88%E3%83%A9%E7%AB%8B%E7%9B%B4" n2="%E7%A5%9E%E5%B4%8E%E3%83%BB%EF%BC%A8%E3%83%BB%E3%82%A2%E3%83%AA%E3%82%A2" n3="%6D%61%72%75%63%6F%72%6F" dan="13,13,13,15" rate="1811.44,1890.03,1856.28,1955.31" sx="M,M,M,M"/><TAIKYOKU oya="0"/><INIT seed="0,0,0,0,5,108" ten="250,250,250,250" oya="0" hai0="37,82,68,73,52,90,27,115,28,101,58,89,54" hai1="1,121,93,83,96,38,21,55,97,132,6,31,60" hai2="39,76,94,61,124,30,9,77,117,98,10,99,65" hai3="45,0,105,13,59,15,81,24,29,74,43,80,23"/><T100/><D68/><U85/><E38/><V8/><F117/><W71/><G0/><T64/><D37/><U19/><E121/><V86/><F124/><W11/><G105/><T2/><D2/><U134/><E31/><V47/><F39/><W20/><G71/><T56/><D115/><U131/><E6/><V7/><F47/><W135/><G135/><N who="1" m="51754" /><E1/><V109/><F7/><W33/><G59/><N who="0" m="22571" /><D64/><U14/><E131/><V116/><F30/><W133/><G133/><T87/><D73/><U17/><E60/><V41/><F109/><W46/><G46/><T78/><D27/><N who="1" m="14767" /><E55/><N who="0" m="21033" /><D28/><U67/><E67/><V16/><F116/><W72/><G72/><T104/><D104/><U111/><E111/><V113/><F61/><W120/><G120/><T102/><AGARI ba="0,0" hai="78,82,87,89,90,100,101,102" m="21033,22571" machi="102" ten="30,3000,0" yaku="8,1,54,1" doraHai="108" who="0" fromWho="0" sc="250,30,250,-10,250,-10,250,-10" /><INIT seed="0,1,0,5,4,126" ten="280,240,240,240" oya="0" hai0="10,87,89,15,2,22,11,18,79,25,45,94,64" hai1="127,13,86,62,6,73,84,12,112,110,23,128,118" hai2="77,41,72,99,85,107,101,47,90,129,0,100,98" hai3="68,103,65,124,49,61,83,57,39,115,7,71,42"/><T75/><D2/><U26/><E73/><V92/><F0/><W48/><G103/><T96/><D75/><U51/><E118/><V119/><F119/><W37/><G115/><T125/><D125/><U54/><E127/><V88/><F41/><W16/><G7/><T78/><D64/><U69/><E110/><V70/><F47/><W81/><G81/><T4/><D45/><U131/><E62/><V134/><F70/><W5/><G5/><T133/><D133/><U44/><E69/><N who="3" m="26698" /><G16/><T43/><D43/><U33/><E33/><V132/><F129/><N who="1" m="49737" /><E112/><V109/><F109/><W35/><G83/><T60/><D60/><U80/><E6/><V63/><F63/><W123/><G35/><T36/><D36/><N who="3" m="13897" /><G123/><T114/><D114/><U135/><E135/><V58/><F58/><W31/><G31/><T55/><D55/><U91/><E86/><V97/><F134/><W34/><G34/><T30/><REACH who="0" step="1"/><D87/><REACH who="0" ten="270,240,240,240" step="2"/><U113/><E113/><V56/><F132/><W17/><G124/><T121/><D121/><U3/><E3/><V38/><F38/><W116/><G116/><T130/><D130/><U95/><E80/><N who="2" m="45095" /><F56/><W8/><G42/><T29/><D29/><AGARI ba="1,1" hai="12,13,23,26,29,44,51,54,84,91,95" m="49737" machi="29" ten="30,7700,0" yaku="19,1,52,3" doraHai="126" who="1" fromWho="0" sc="270,-80,240,90,240,0,240,0" /><INIT seed="1,0,0,5,5,50" ten="190,330,240,240" oya="1" hai0="42,129,87,40,7,14,72,111,123,101,79,73,118" hai1="84,102,60,32,128,30,11,23,43,28,95,56,61" hai2="24,74,131,110,53,67,78,27,58,0,51,93,134" hai3="19,108,66,122,52,91,49,96,119,37,117,94,70"/><U82/><E32/><V48/><F134/><W100/><G122/><T114/><D118/><N who="3" m="45065" /><G37/><T88/><D123/><U135/><E135/><V4/><F131/><W64/><G108/><T62/><D114/><U120/><E120/><V34/><F110/><W10/><G70/><T41/><D129/><U83/><E128/><V106/><F106/><W2/><G100/><T44/><D111/><U86/><E43/><V126/><F126/><W59/><G2/><T116/><D116/><U46/><E46/><V92/><F34/><W5/><G5/><T47/><D101/><U21/><E11/><V36/><F36/><W85/><G96/><T115/><D115/><U130/><E130/><V16/><F74/><W26/><G10/><T75/><D62/><U81/><E102/><V25/><F78/><W69/><G69/><T65/><D65/><U125/><E125/><V89/><F67/><W3/><G3/><T57/><D79/><U17/><E61/><V15/><F4/><W113/><G113/><T99/><D99/><U80/><E86/><V1/><F1/><W29/><G19/><T35/><D35/><AGARI ba="0,0" hai="26,29,35,49,52,59,64,66,85,91,94" m="45065" machi="35" ten="30,3900,0" yaku="12,1,52,1,54,1" doraHai="50" who="3" fromWho="0" sc="190,-39,330,0,240,0,240,39" /><INIT seed="2,0,0,2,5,68" ten="151,330,240,279" oya="2" hai0="21,12,70,20,53,30,1,114,72,14,27,122,45" hai1="62,55,99,41,46,32,129,6,90,47,128,135,7" hai2="49,123,34,24,9,66,82,112,65,118,115,102,110" hai3="76,130,13,43,39,74,132,64,17,71,126,94,133"/><V106/><F123/><W5/><G126/><T92/><D70/><U35/><E135/><V69/><F118/><W83/><G130/><N who="1" m="50282" /><E62/><V51/><F110/><W113/><G113/><T111/><D114/><U31/><E55/><V103/><F106/><W100/><G5/><T19/><D72/><U11/><E47/><V37/><F34/><W33/><G33/><T18/><D122/><U26/><E35/><V78/><F69/><W48/><G71/><T101/><D1/><U85/><E99/><V61/><F61/><W57/><G64/><T50/><D111/><U91/><E85/><V119/><F119/><W28/><G28/><T75/><D75/><U95/><E95/><V108/><F108/><W81/><G81/><T10/><D92/><U67/><E67/><V38/><F82/><W36/><G100/><T42/><REACH who="0" step="1"/><D101/><REACH who="0" ten="141,330,240,279" step="2"/><U84/><E84/><V127/><F127/><W93/><G93/><T97/><D97/><U54/><E6/><V16/><F115/><W4/><G94/><T121/><D121/><U25/><E7/><V131/><F112/><W109/><G4/><T89/><D89/><U107/><E90/><V29/><F131/><W134/><G109/><T3/><D3/><U2/><E91/><V63/><F78/><W116/><G116/><T52/><AGARI ba="0,1" hai="10,12,14,18,19,20,21,27,30,42,45,50,52,53" machi="52" ten="30,7900,0" yaku="1,1,0,1,8,1,54,1,53,0" doraHai="68" doraHaiUra="56" who="0" fromWho="0" sc="141,89,330,-20,240,-39,279,-20" /><INIT seed="3,0,0,1,3,90" ten="230,310,201,259" oya="3" hai0="26,87,42,128,5,43,86,65,83,122,1,37,32" hai1="89,72,71,3,78,111,46,16,104,123,97,63,47" hai2="6,103,55,41,107,15,20,68,80,91,73,7,29" hai3="64,114,62,23,124,60,116,10,36,34,102,126,61"/><W92/><G34/><T95/><D128/><U77/><E3/><V38/><F73/><W121/><G36/><T118/><D122/><U96/><E123/><V49/><F68/><W51/><G121/><T105/><D118/><U131/><E111/><V120/><F120/><W44/><G116/><T112/><D105/><U14/><E63/><V59/><F107/><W79/><G79/><T129/><D112/><U94/><E71/><V8/><F103/><W24/><G114/><T109/><D129/><U28/><E28/><V18/><F41/><W54/><G10/><T40/><D109/><U66/><E66/><V84/><REACH who="2" step="1"/><F38/><REACH who="2" ten="230,310,191,259" step="2"/><W19/><G64/><T35/><D37/><U48/><E72/><V22/><F22/><W56/><G56/><T115/><D40/><U27/><E131/><V100/><F100/><W58/><G58/><T45/><D43/><U99/><E47/><V31/><F31/><W101/><G101/><T135/><D42/><U4/><E46/><V30/><F30/><W133/><G133/><T117/><D135/><U81/><E104/><V130/><F130/><W125/><G102/><T69/><D65/><U93/><E48/><V13/><F13/><W70/><G70/><T25/><D69/><U39/><E14/><V113/><F113/><W127/><G127/><T119/><D115/><U75/><E39/><V21/><F21/><W85/><G126/><T67/><D119/><U53/><E75/><V110/><F110/><W11/><G11/><T0/><D117/><U2/><E2/><V76/><F76/><W17/><G17/><T106/><D0/><RYUUKYOKU ba="0,1" sc="230,-15,310,-15,191,15,259,15" hai2="6,7,8,15,18,20,29,49,55,59,80,84,91" hai3="19,23,24,44,51,54,60,61,62,85,92,124,125" /><INIT seed="3,1,1,4,1,47" ten="215,295,206,274" oya="3" hai0="76,119,20,92,39,105,43,54,62,56,91,106,40" hai1="2,107,84,45,111,21,133,135,32,103,24,96,114" hai2="115,51,25,34,58,129,90,82,88,60,3,52,87" hai3="109,89,98,9,33,86,132,117,99,122,68,79,10"/><W72/><G68/><T110/><D119/><U102/><E32/><V130/><F115/><W23/><G33/><T57/><D110/><U113/><E2/><V29/><F3/><W93/><G122/><T128/><D128/><N who="2" m="49258" /><F60/><W41/><G109/><T118/><D118/><U121/><E121/><V18/><F18/><W48/><G117/><T66/><D76/><AGARI ba="1,1" hai="25,29,34,51,52,58,76,82,87,88,90" m="49258" machi="76" ten="30,7700,0" yaku="19,1,52,1,54,2" doraHai="47" who="2" fromWho="0" sc="215,-80,295,0,206,90,274,0" /><INIT seed="4,0,0,1,2,6" ten="135,295,296,274" oya="0" hai0="61,19,55,85,27,130,105,84,69,21,120,58,29" hai1="122,43,40,129,11,24,75,53,56,135,128,51,87" hai2="3,118,91,68,46,20,73,60,82,103,13,5,71" hai3="101,89,33,99,94,117,52,31,32,123,102,54,104"/><T50/><D105/><U121/><E75/><V77/><F118/><W86/><G117/><T107/><D107/><U70/><E70/><V81/><F103/><W28/><G123/><N who="1" m="47114" /><E11/><V22/><F3/><W79/><G102/><T35/><D120/><U18/><E87/><V98/><F46/><W97/><G33/><T41/><D130/><N who="1" m="50283" /><E135/><V57/><F22/><AGARI ba="0,0" hai="18,22,24,40,43,51,53,56" m="50283,47114" machi="22" ten="30,1000,0" yaku="19,1" doraHai="6" who="1" fromWho="2" sc="135,0,295,10,296,-10,274,0" owari="135,-36.0,305,40.0,286,9.0,274,-13.0" /></mjloggm>