<mjloggm ver="2.3"><GO type="41" lobby="0"/><UN n0="%E3%82%A6%E3%83%AB%E3%83%88%E3%83%A9%E7%AB%8B%E7%9B%B4" n1="%69%64%67%6F%72%75%66%75" n2="%E5%AF%B8%E3%81%A1%E3%82%83%E3%82%93" n3="%E3%81%B3%E3%81%99%E3%81%BE%E3%82%8B%E3%81%8F" dan="15,14,17,14" rate="1961.51,1947.34,2082.10,1942.52" sx="M,M,M,M"/><TAIKYOKU oya="0"/><INIT seed="0,0,0,4,5,60" ten="250,250,250,250" oya="0" hai0="62,39,102,23,127,131,81,32,61,38,0,22,56" hai1="16,104,40,41,51,120,93,77,83,101,111,28,106" hai2="37,90,57,20,43,12,7,10,26,35,19,31,55" hai3="82,133,48,98,3,21,126,72,75,118,64,36,24"/><T69/><D32/><U2/><E120/><V74/><F74/><W18/><G118/><T103/><D0/><U108/><E2/><V109/><F109/><N who="1" m="42057" /><E28/><V110/><F110/><W97/><G3/><T94/><D127/><U30/><E30/><V13/><F43/><N who="1" m="16457" /><E51/><V46/><F46/><W100/><G126/><T27/><D131/><U96/><E16/><V114/><F114/><W14/><G36/><T130/><D130/><U92/><E106/><V42/><F42/><W116/><G116/><T95/><D27/><U4/><E4/><V52/><F37/><W9/><G48/><T66/><D81/><U44/><E44/><V73/><F73/><AGARI ba="0,0" hai="73,77,83,92,93,96,101,104" m="16457,42057" machi="73" ten="30,1000,0" yaku="14,1" doraHai="60" who="1" fromWho="2" sc="250,0,250,10,250,-10,250,0" /><INIT seed="1,0,0,5,2,82" ten="250,260,240,250" oya="1" hai0="88,111,94,3,39,124,72,32,81,108,75,25,68" hai1="17,97,26,60,77,120,79,22,101,6,9,103,37" hai2="43,85,110,106,53,133,31,100,95,83,119,107,8" hai3="116,92,58,45,46,51,36,20,129,11,62,73,29"/><U35/><E120/><V121/><F31/><W69/><G73/><T28/><D68/><U38/><E35/><V30/><F30/><W86/><G129/><T40/><D3/><U109/><E109/><N who="0" m="42057" /><D124/><U1/><E103/><V66/><F66/><W132/><G132/><T47/><D81/><U80/><E60/><V78/><F43/><W7/><G116/><T13/><D13/><U42/><E42/><V19/><F110/><W15/><G69/><T50/><D50/><U104/><REACH who="1" step="1"/><E79/><REACH who="1" ten="250,250,240,250" step="2"/><V127/><F121/><W134/><G62/><T122/><D122/><U0/><E0/><V33/><F33/><W135/><G134/><T10/><D10/><U112/><E112/><V84/><F133/><W126/><G135/><T70/><D70/><U90/><E90/><V114/><F114/><W87/><G126/><T23/><D32/><U24/><E24/><V41/><F41/><W89/><G36/><T49/><D39/><U61/><E61/><V52/><F127/><W65/><G65/><T48/><D48/><U118/><E118/><V102/><F119/><W21/><G51/><T98/><AGARI ba="0,1" hai="23,25,28,40,47,49,72,75,88,94,98" m="42057" machi="98" ten="30,2000,0" yaku="14,1,54,1" doraHai="82" who="0" fromWho="0" sc="250,30,250,-10,240,-5,250,-5" /><INIT seed="2,0,0,1,4,96" ten="280,240,235,245" oya="2" hai0="71,91,120,101,39,3,6,113,22,38,57,40,11" hai1="10,92,108,111,102,51,90,67,82,53,104,77,72" hai2="5,7,118,69,84,130,132,80,109,107,100,35,46" hai3="63,8,25,52,49,88,28,2,65,54,126,85,115"/><V119/><F69/><W9/><G126/><T16/><D71/><U19/><E67/><V23/><F35/><W116/><G116/><T76/><D120/><U121/><E121/><V45/><F109/><N who="1" m="42057" /><E19/><V18/><F130/><W55/><G115/><T131/><D113/><U48/><E10/><V105/><F132/><W4/><G9/><T59/><D131/><U98/><E53/><V122/><F122/><W125/><G125/><T31/><D31/><U110/><N who="1" m="42065" /><U41/><DORA hai="86" /><E41/><V17/><F84/><AGARI ba="0,0" hai="48,51,72,77,82,84,90,92,98,102,104" m="42065" machi="84" ten="40,8000,1" yaku="24,1,14,1,52,2" doraHai="96,86" who="1" fromWho="2" sc="280,0,240,80,235,-80,245,0" /><INIT seed="3,0,0,2,5,99" ten="280,320,155,245" oya="3" hai0="36,53,37,122,33,81,135,109,7,86,70,71,42" hai1="56,113,16,22,85,114,23,54,67,34,13,100,133" hai2="8,125,6,104,75,60,132,126,32,92,119,0,52" hai3="95,24,82,41,124,134,50,84,74,26,89,25,129"/><W98/><G129/><T116/><D33/><U46/><E34/><V111/><F104/><W90/><G134/><T83/><D7/><U12/><E133/><V96/><F75/><W73/><G124/><T105/><D105/><U30/><E46/><V62/><F32/><W9/><G41/><T77/><D86/><U19/><E30/><V68/><F132/><W91/><G50/><T1/><D77/><U45/><E67/><V78/><F78/><W15/><REACH who="3" step="1"/><G91/><REACH who="3" ten="280,320,155,235" step="2"/><T80/><D42/><U117/><E117/><V39/><F119/><W108/><G108/><T47/><D116/><U128/><E128/><V120/><F111/><W35/><G35/><T103/><D109/><U112/><E45/><V63/><F39/><W130/><G130/><T69/><D47/><U57/><E54/><V106/><F120/><W110/><G110/><T43/><D53/><U18/><E85/><V131/><F131/><W55/><G55/><T21/><D43/><U4/><E4/><AGARI ba="0,1" hai="4,9,15,24,25,26,73,74,82,84,89,90,95,98" machi="4" ten="40,3900,0" yaku="1,1,53,1" doraHai="99" doraHaiUra="3" who="3" fromWho="1" sc="280,0,320,-39,155,0,235,49" /><INIT seed="3,1,0,5,5,104" ten="280,281,155,284" oya="3" hai0="91,86,107,98,1,48,132,135,84,17,131,128,69" hai1="123,28,9,14,8,5,42,103,46,108,116,33,37" hai2="39,0,38,80,20,73,112,32,125,130,126,6,79" hai3="56,29,85,15,40,117,50,71,93,36,97,45,53"/><W119/><G29/><T7/><D69/><U102/><E123/><V75/><F20/><W54/><G85/><N who="0" m="32875" /><D7/><U65/><E116/><V106/><F106/><W99/><G71/><T105/><D1/><U82/><E108/><V87/><F32/><W44/><G15/><T63/><D63/><U127/><E127/><N who="2" m="48651" /><F112/><W90/><REACH who="3" step="1"/><G99/><REACH who="3" ten="280,281,155,274" step="2"/><T95/><D17/><U61/><E28/><V129/><F0/><W51/><AGARI ba="1,1" hai="36,40,44,45,50,51,53,54,56,90,93,97,117,119" machi="51" ten="20,7800,0" yaku="1,1,2,1,0,1,7,1,53,0" doraHai="104" doraHaiUra="67" who="3" fromWho="3" sc="280,-27,281,-27,155,-27,274,91" /><INIT seed="3,2,0,3,0,96" ten="253,254,128,365" oya="3" hai0="102,127,24,133,79,68,7,45,75,95,26,19,12" hai1="120,94,81,52,93,108,115,83,0,132,117,114,129" hai2="135,80,122,113,34,100,56,124,3,72,123,4,16" hai3="38,33,49,84,110,51,71,35,125,31,73,106,54"/><W58/><G73/><T21/><D68/><U91/><E0/><V53/><F34/><W32/><G38/><T9/><D127/><U121/><E52/><V131/><F113/><N who="1" m="43017" /><E132/><V74/><F124/><W82/><G125/><T10/><D133/><U11/><E11/><V103/><F135/><W118/><G71/><T2/><D79/><U111/><E129/><V6/><F131/><W22/><G118/><T42/><D75/><U50/><E50/><V27/><F72/><W105/><G110/><N who="1" m="42026" /><E91/><V88/><F74/><W61/><G22/><T25/><D45/><U48/><E48/><N who="2" m="30759" /><F3/><W119/><G119/><T99/><REACH who="0" step="1"/><D42/><REACH who="0" ten="243,254,128,365" step="2"/><U37/><E37/><V78/><F78/><W130/><G130/><T90/><D90/><U89/><E117/><V92/><F123/><N who="1" m="47177" /><E89/><V14/><F122/><W116/><G116/><T20/><AGARI ba="2,1" hai="2,7,9,10,12,19,20,21,24,25,26,95,99,102" machi="20" ten="30,7900,0" yaku="1,1,0,1,52,1,53,1" doraHai="96" doraHaiUra="8" who="0" fromWho="0" sc="243,95,254,-22,128,-22,365,-41" /><INIT seed="4,0,0,3,3,55" ten="338,232,106,324" oya="0" hai0="33,71,123,5,18,49,60,65,16,119,20,89,8" hai1="48,9,88,125,63,107,32,27,31,111,101,13,51" hai2="17,52,25,74,95,124,83,81,127,59,128,135,44" hai3="118,122,46,78,40,53,42,62,72,84,129,90,70"/><T0/><D33/><U121/><E111/><V14/><F128/><W76/><G118/><T130/><D123/><U64/><E121/><V29/><F135/><W43/><G122/><T61/><D119/><U6/><E88/><V112/><F112/><W117/><G117/><T66/><D130/><U56/><E125/><N who="2" m="48203" /><F74/><W131/><G72/><T38/><D38/><U15/><REACH who="1" step="1"/><E13/><REACH who="1" ten="338,222,106,324" step="2"/><V34/><F95/><W41/><G129/><T134/><D134/><U110/><E110/><V12/><F12/><W105/><G131/><T104/><D89/><U7/><E7/><V73/><F73/><W36/><G105/><T10/><D104/><U114/><E114/><V68/><F68/><W22/><G76/><T94/><D94/><U30/><E30/><V120/><F120/><W82/><G78/><T24/><D5/><U3/><E3/><V2/><F2/><W57/><G70/><T86/><D0/><U108/><E108/><V11/><F44/><W80/><REACH who="3" step="1"/><G22/><REACH who="3" ten="338,222,106,314" step="2"/><T93/><D71/><U96/><AGARI ba="0,2" hai="6,9,15,27,31,32,48,51,56,63,64,96,101,107" machi="96" ten="30,8000,1" yaku="1,1,0,1,52,1,53,2" doraHai="55" doraHaiUra="47" who="1" fromWho="1" sc="338,-40,222,100,106,-20,314,-20" /><INIT seed="5,0,0,0,3,25" ten="298,322,86,294" oya="1" hai0="48,77,32,67,21,95,46,99,102,64,108,101,112" hai1="29,116,15,3,37,41,60,106,61,70,105,109,6" hai2="33,117,75,72,90,11,84,35,132,68,54,107,81" hai3="0,97,118,36,55,34,13,10,124,16,18,20,8"/><U85/><E116/><V44/><F68/><W4/><G36/><T57/><D32/><U100/><E109/><V51/><F107/><W22/><G97/><T126/><D126/><U110/><E110/><V103/><F117/><W133/><G118/><T23/><D112/><U7/><E85/><V52/><F132/><W38/><G38/><T135/><D135/><U91/><E91/><V82/><F103/><W66/><G133/><T80/><D108/><U45/><E15/><V89/><F11/><N who="3" m="2439" /><G66/><T30/><D102/><U121/><E121/><V17/><F17/><W31/><G55/><T49/><D49/><U2/><E6/><V78/><F72/><W26/><G124/><T131/><D131/><U79/><E60/><V111/><F111/><W104/><G104/><N who="1" m="40042" /><E100/><V42/><F90/><W40/><G40/><T119/><D119/><U24/><E7/><V73/><F73/><W83/><G83/><T69/><D69/><U98/><E98/><V1/><F1/><W115/><G115/><T12/><D57/><U19/><E19/><V87/><F75/><W74/><G74/><T71/><D71/><U93/><E93/><V92/><F92/><W27/><AGARI ba="0,0" hai="8,10,13,16,18,20,22,26,27,31,34" m="2439" machi="27" ten="30,16000,3" yaku="24,1,35,5,52,1,54,1" doraHai="25" who="3" fromWho="3" sc="298,-40,322,-80,86,-40,294,160" /><INIT seed="6,0,0,4,2,126" ten="258,242,46,454" oya="2" hai0="97,94,124,78,68,84,26,86,120,39,45,35,111" hai1="129,100,93,105,64,5,49,36,61,14,59,69,27" hai2="91,131,85,42,34,16,117,96,51,28,72,133,118" hai3="98,48,15,50,60,29,6,53,81,130,73,52,135"/><V108/><F72/><W13/><G29/><T87/><D68/><U33/><E129/><V67/><F108/><W22/><G130/><T38/><D111/><U31/><E93/><V8/><F67/><W103/><G135/><T3/><D3/><U18/><E5/><V115/><F131/><W43/><G43/><T20/><D35/><U47/><E36/><V116/><F133/><W9/><G60/><T101/><D120/><U1/><E1/><V75/><F75/><W113/><G113/><T58/><D124/><U109/><E109/><V70/><F70/><W92/><G73/><T107/><D107/><U99/><E59/><V17/><F96/><W46/><G81/><T132/><D132/><U122/><E122/><V25/><F115/><W112/><G112/><T32/><D32/><U7/><E7/><V128/><F128/><W4/><G4/><T63/><D45/><U19/><E14/><V123/><F123/><W102/><G22/><T66/><REACH who="0" step="1"/><D78/><REACH who="0" ten="248,242,46,454" step="2"/><U106/><REACH who="1" step="1"/><E105/><REACH who="1" ten="248,232,46,454" step="2"/><V89/><F8/><W12/><G9/><T44/><D44/><U24/><E24/><V37/><F37/><W90/><G46/><T41/><D41/><AGARI ba="0,2" hai="18,19,27,31,33,41,47,49,61,64,69,99,100,106" machi="41" ten="30,7700,0" yaku="1,1,7,1,25,2,53,0" doraHai="126" doraHaiUra="0" who="1" fromWho="0" sc="248,-77,232,97,46,0,454,0" /><INIT seed="7,0,0,5,5,113" ten="171,329,46,454" oya="3" hai0="88,70,57,32,78,91,0,79,46,23,110,97,29" hai1="103,45,16,66,28,50,9,58,44,2,114,24,129" hai2="122,119,87,62,96,38,82,61,94,83,26,10,15" hai3="104,126,117,14,127,51,76,65,35,19,118,22,98"/><W121/><G121/><T100/><D0/><U125/><E114/><V108/><F38/><W106/><G35/><T54/><D70/><U18/><E129/><V85/><F122/><W109/><G109/><T27/><D32/><U75/><E125/><N who="3" m="47626" /><G76/><T116/><D116/><N who="3" m="44649" /><G98/><T77/><D46/><U13/><E75/><V120/><F119/><W111/><G111/><T72/><D72/><U43/><E2/><V133/><F120/><W89/><G89/><T4/><D4/><U60/><E44/><V33/><F108/><W3/><G3/><T7/><D7/><U80/><E103/><V55/><F133/><W90/><G90/><T25/><D25/><U132/><E132/><V71/><F71/><W49/><G65/><T53/><D53/><U11/><E80/><V99/><F33/><W64/><G64/><T59/><D59/><U124/><E124/><V101/><F26/><W135/><G135/><T31/><D31/><U93/><E93/><V95/><F55/><W20/><G20/><T37/><D37/><U130/><E130/><V107/><F107/><AGARI ba="0,0" hai="14,19,22,49,51,104,106,107" m="44649,47626" machi="107" ten="40,12000,1" yaku="18,1,52,3" doraHai="113" who="3" fromWho="2" sc="171,0,329,0,46,-120,454,120" owari="171,-23.0,329,13.0,-74,-57.0,574,67.0" /></mjloggm>