<mjloggm ver="2.3"><GO type="97" lobby="0"/><UN n0="%E3%81%A6%E3%82%8B%E3%81%A6%E3%82%8B" n1="%E3%82%A6%E3%83%AB%E3%83%88%E3%83%A9%E7%AB%8B%E7%9B%B4" n2="%E3%81%98%E3%81%BE%E3%81%AE%E3%82%8A" n3="%E3%82%86%E3%81%86%E5%A0%95%E5%A4%A9%E4%BD%BF" dan="13,15,14,15" rate="1883.29,1975.72,1863.69,2051.30" sx="M,M,M,F"/><TAIKYOKU oya="0"/><INIT seed="0,0,0,3,4,58" ten="250,250,250,250" oya="0" hai0="135,48,102,2,10,66,86,80,12,3,9,62,51" hai1="87,98,0,122,113,97,75,15,16,71,131,101,109" hai2="36,52,68,26,104,92,57,44,39,13,29,91,115" hai3="112,27,79,125,33,126,78,32,67,59,106,105,50"/><T42/><D135/><U61/><E75/><V37/><F115/><W23/><G112/><T83/><D102/><U117/><E0/><V60/><F104/><N who="3" m="40043" /><G50/><T41/><D12/><U5/><E71/><V130/><F130/><W76/><G59/><T47/><D66/><U100/><E131/><V127/><F127/><N who="3" m="48651" /><G67/><T43/><D86/><U20/><E5/><V55/><F68/><W116/><G116/><T95/><D95/><U8/><E8/><V119/><F13/><W54/><G54/><T65/><D65/><U14/><E113/><V11/><F11/><W120/><G120/><T128/><D128/><U73/><E122/><V19/><F19/><AGARI ba="0,0" hai="19,23,27,32,33,76,78,79" m="48651,40043" machi="19" ten="40,1300,0" yaku="18,1" doraHai="58" who="3" fromWho="2" sc="250,0,250,0,250,-13,250,13" /><INIT seed="1,0,0,3,2,19" ten="250,250,237,263" oya="1" hai0="13,105,25,117,73,44,120,62,103,119,76,100,11" hai1="20,3,96,37,58,115,110,7,46,21,6,123,131" hai2="108,22,60,77,59,39,9,29,124,4,134,30,69" hai3="101,75,111,91,89,49,97,5,99,112,66,107,40"/><U104/><E123/><V0/><F39/><W12/><G112/><T133/><D120/><U130/><E115/><V48/><F77/><W86/><G75/><T51/><D133/><U36/><E58/><V38/><F38/><N who="1" m="14953" /><E46/><V61/><F69/><W34/><G34/><T17/><D73/><U135/><E135/><V23/><F134/><W82/><G66/><T8/><D76/><U122/><E122/><V54/><F108/><W70/><G111/><T129/><D105/><U116/><E116/><V92/><F92/><W41/><G70/><T42/><D119/><U125/><E110/><V28/><REACH who="2" step="1"/><F124/><REACH who="2" ten="250,250,227,263" step="2"/><W27/><G107/><T32/><D117/><U113/><E113/><V95/><F95/><W84/><G101/><T114/><D114/><U106/><E125/><V56/><F56/><W72/><G72/><T52/><D103/><U68/><E68/><V50/><F50/><W45/><G49/><T18/><D100/><U81/><E106/><V2/><F2/><W55/><G45/><T33/><D129/><N who="1" m="49163" /><E81/><V85/><F85/><W118/><G84/><T80/><D80/><U94/><E104/><V43/><F43/><W88/><G118/><T63/><D42/><U35/><E96/><N who="3" m="36938" /><G40/><T109/><D109/><U31/><E94/><V93/><F93/><W79/><G41/><T64/><D44/><U127/><E127/><V102/><F102/><W71/><G71/><T90/><D51/><U126/><E126/><V98/><F98/><W47/><G47/><T87/><D64/><U26/><E3/><V78/><F78/><W132/><G132/><T83/><D63/><AGARI ba="0,1" hai="0,4,9,22,23,28,29,30,48,54,59,60,61,63" machi="63" ten="40,12000,2" yaku="1,1,6,1,52,2,53,3" doraHai="19" doraHaiUra="57" who="2" fromWho="0" sc="250,-120,250,0,227,130,263,0" /><INIT seed="2,0,0,5,5,102" ten="130,250,357,263" oya="2" hai0="79,97,38,133,31,80,22,21,29,33,30,103,47" hai1="130,67,131,105,43,59,15,88,24,75,69,124,62" hai2="132,99,20,53,71,95,76,49,5,90,0,9,10" hai3="116,27,86,25,128,98,56,58,117,61,52,81,7"/><V28/><F132/><W19/><G7/><T123/><D133/><U12/><E75/><V14/><F71/><W6/><G6/><T26/><D123/><U39/><E24/><V68/><F68/><W18/><G128/><N who="1" m="49194" /><E124/><V94/><F76/><W109/><G109/><T91/><D38/><U73/><E73/><V122/><F122/><W78/><G98/><T82/><D47/><N who="1" m="24063" /><E59/><V101/><F28/><W106/><G106/><T66/><D66/><U63/><E63/><V125/><F125/><W16/><REACH who="3" step="1"/><G56/><REACH who="3" ten="130,250,357,253" step="2"/><T85/><D33/><U23/><E105/><V34/><F5/><W118/><AGARI ba="0,1" hai="16,18,19,25,27,52,58,61,78,81,86,116,117,118" machi="118" ten="40,8000,1" yaku="1,1,2,1,0,1,54,2,53,0" doraHai="102" doraHaiUra="96" who="3" fromWho="3" sc="130,-20,250,-20,357,-40,253,90" /><INIT seed="3,0,0,3,3,60" ten="110,230,317,343" oya="3" hai0="87,76,21,44,89,13,50,92,111,106,108,40,19" hai1="34,104,25,51,69,45,116,24,132,41,57,65,131" hai2="95,42,23,129,130,53,103,6,101,88,72,28,59" hai3="85,97,11,123,33,14,64,20,114,1,118,62,117"/><W27/><G123/><T128/><D106/><U81/><E131/><N who="2" m="50187" /><F72/><W48/><G114/><T39/><D128/><U10/><E132/><V36/><F6/><W38/><G48/><T77/><REACH who="0" step="1"/><D39/><REACH who="0" ten="100,230,317,343" step="2"/><U125/><E104/><V79/><F36/><W49/><G38/><T84/><D84/><U122/><E122/><V52/><F42/><W133/><G85/><T55/><D55/><N who="2" m="21066" /><F59/><W82/><G117/><T94/><D94/><U90/><E57/><V107/><F107/><W7/><G118/><T98/><D98/><U113/><E116/><V124/><F124/><W109/><G97/><T83/><D83/><U127/><E125/><V0/><F79/><AGARI ba="0,1" hai="13,19,21,40,44,50,76,77,79,87,89,92,108,111" machi="79" ten="40,1300,0" yaku="1,1,53,0" doraHai="60" doraHaiUra="31" who="0" fromWho="2" sc="100,23,230,0,317,-13,343,0" owari="123,-38.0,230,-17.0,304,10.0,343,45.0" /></mjloggm>