<mjloggm ver="2.3"><GO type="97" lobby="0"/><UN n0="%69%34%34%30%33" n1="%E3%82%B3%E3%83%BC%E3%83%B3%E3%83%9D%E3%82%BF%E3%83%BC%E3%82%B8%E3%83%A5" n2="%E3%82%84%E3%81%99%2D%59%61%73%75%2D" n3="%E3%82%A6%E3%83%AB%E3%83%88%E3%83%A9%E7%AB%8B%E7%9B%B4" dan="14,15,14,15" rate="1890.82,1986.32,1925.23,1994.55" sx="M,M,M,M"/><TAIKYOKU oya="0"/><INIT seed="0,0,0,5,4,107" ten="250,250,250,250" oya="0" hai0="53,101,6,79,35,41,7,133,48,11,65,4,94" hai1="20,96,121,86,67,98,25,102,76,3,83,135,49" hai2="15,112,82,32,108,21,19,129,123,72,42,80,61" hai3="0,5,118,88,13,134,116,89,66,120,59,22,58"/><T77/><D133/><U75/><E135/><V30/><F112/><W31/><G66/><T43/><D35/><U37/><E37/><V131/><F123/><W110/><G13/><T73/><D65/><U57/><E121/><V39/><F108/><W17/><G22/><T71/><D71/><U24/><E3/><V33/><F61/><W132/><G5/><T28/><D28/><U87/><E98/><V47/><F30/><W122/><G31/><T62/><D62/><U126/><E126/><V46/><F46/><W113/><G17/><T26/><D26/><U14/><E14/><V119/><F119/><W40/><G40/><N who="0" m="15435" /><D11/><U68/><E68/><V92/><F92/><W100/><G0/><T50/><D73/><U44/><E25/><V130/><F82/><W69/><G69/><T99/><D53/><U10/><E10/><V12/><F12/><W18/><G113/><T23/><D23/><U127/><E127/><V45/><F45/><W104/><G104/><T8/><D8/><U29/><E67/><V111/><F111/><W95/><G110/><T109/><D109/><U51/><E57/><V60/><F60/><W1/><G1/><T114/><D114/><U103/><E44/><V85/><F72/><W36/><G36/><T9/><D9/><U117/><E117/><V27/><F27/><W84/><G18/><T56/><D56/><U34/><E34/><V97/><F97/><W63/><G63/><T105/><D105/><U74/><E75/><V106/><F106/><W16/><G122/><T70/><D70/><U93/><E49/><AGARI ba="0,0" hai="4,6,7,48,49,50,77,79,94,99,101" m="15435" machi="49" ten="30,1500,0" yaku="8,1" doraHai="107" who="0" fromWho="1" sc="250,15,250,-15,250,0,250,0" /><INIT seed="0,1,0,0,1,52" ten="265,235,250,250" oya="0" hai0="26,120,19,51,57,87,59,62,86,43,132,89,74" hai1="35,15,98,32,31,21,55,135,4,123,17,63,131" hai2="113,109,99,129,84,127,72,91,107,65,5,102,11" hai3="36,47,110,70,90,2,27,121,69,6,115,100,1"/><T133/><D120/><U124/><E123/><V117/><F72/><W58/><G115/><T105/><D105/><U24/><E98/><V30/><F113/><W67/><G121/><T42/><D74/><U34/><E55/><V128/><F117/><W33/><G2/><T20/><D87/><U38/><E38/><V39/><F39/><W88/><G6/><T25/><D25/><N who="1" m="16815" /><E63/><V76/><F76/><W114/><G1/><T16/><D19/><U134/><E124/><V97/><F127/><W122/><G122/><T104/><D104/><U64/><E64/><V73/><F73/><W85/><G100/><T112/><D112/><U46/><E46/><V118/><F118/><W130/><G70/><T108/><D108/><U48/><E48/><V60/><F99/><W37/><G69/><T101/><D101/><U8/><E131/><N who="2" m="50251" /><F109/><W54/><G37/><T68/><D68/><U13/><E24/><V116/><F116/><W95/><G130/><T79/><D79/><U7/><E7/><V83/><F30/><W18/><G110/><T111/><D111/><U78/><E78/><V126/><F126/><W22/><G36/><T119/><D119/><U0/><E0/><N who="2" m="423" /><F60/><N who="3" m="38295" /><G114/><T66/><D43/><U61/><E61/><V53/><F65/><W103/><G33/><T82/><REACH who="0" step="1"/><D57/><REACH who="0" ten="255,235,250,250" step="2"/><U45/><E45/><AGARI ba="1,1" hai="16,20,26,42,45,51,59,62,66,82,86,89,132,133" machi="45" ten="40,12000,1" yaku="1,1,2,1,52,1,54,1,53,0" doraHai="52" doraHaiUra="28" who="0" fromWho="1" sc="255,133,235,-123,250,0,250,0" /><INIT seed="0,2,0,4,2,68" ten="388,112,250,250" oya="0" hai0="34,40,105,43,3,70,8,64,93,74,130,84,83" hai1="39,94,117,101,6,124,60,69,4,31,121,22,76" hai2="132,107,27,106,133,72,62,5,71,58,1,86,95" hai3="128,23,37,88,12,7,54,0,57,15,29,9,99"/><T81/><D105/><U123/><E117/><V33/><F72/><W111/><G111/><T50/><D74/><U125/><E39/><V119/><F71/><W134/><G134/><N who="2" m="51817" /><F119/><W102/><G128/><T75/><D75/><U41/><E41/><V53/><F1/><W92/><G37/><T21/><D34/><U38/><E76/><V49/><F5/><N who="1" m="2153" /><E38/><V100/><F49/><W46/><G46/><T47/><D3/><U80/><E80/><V19/><F19/><W11/><G0/><T56/><D130/><U63/><E22/><V103/><F86/><W18/><G29/><T45/><D8/><U10/><E10/><V126/><F126/><N who="1" m="48745" /><E31/><N who="2" m="19711" /><F95/><W26/><G11/><T129/><D93/><U25/><E25/><V87/><F87/><W28/><G28/><T13/><D84/><U55/><E69/><V61/><F61/><N who="1" m="23625" /><E55/><V115/><F115/><W24/><G102/><AGARI ba="2,0" hai="53,58,62,100,102,103,106,107" m="19711,51817" machi="102" ten="30,1000,0" yaku="20,1" doraHai="68" who="2" fromWho="3" sc="388,0,112,0,250,16,250,-16" /><INIT seed="1,0,0,3,1,121" ten="388,112,266,234" oya="1" hai0="97,54,122,78,101,85,10,125,73,120,104,35,36" hai1="127,55,41,0,58,107,108,38,110,19,83,95,26" hai2="15,67,22,32,46,33,21,20,6,116,76,39,3" hai3="49,92,82,87,72,31,109,96,98,75,14,13,113"/><U64/><E107/><V91/><F116/><W50/><G31/><T5/><D35/><U102/><E0/><V79/><F67/><W114/><G92/><T68/><D125/><U84/><E127/><V130/><F91/><W17/><G87/><T94/><D68/><U53/><E64/><V86/><F86/><W27/><G27/><T103/><D54/><U90/><E41/><V62/><F62/><W129/><G17/><T69/><D69/><U81/><E38/><V29/><F130/><W77/><G77/><T57/><D57/><U111/><E102/><V123/><F123/><N who="0" m="47146" /><D36/><U7/><E7/><V9/><F46/><W119/><G82/><N who="1" m="31242" /><E58/><V70/><F70/><W118/><REACH who="3" step="1"/><G129/><REACH who="3" ten="388,112,266,224" step="2"/><T126/><D73/><U43/><E43/><V133/><F79/><W71/><G71/><T105/><D78/><U100/><E100/><V40/><F76/><W23/><G23/><AGARI ba="0,1" hai="19,23,26,53,55,84,90,95,108,110,111" m="31242" machi="23" ten="40,12000,1" yaku="14,1,10,1,52,3" doraHai="121" who="1" fromWho="3" sc="388,0,112,130,266,0,224,-120" /><INIT seed="1,1,0,5,1,22" ten="388,242,266,104" oya="1" hai0="30,78,84,57,113,128,117,38,112,71,65,129,134" hai1="25,52,18,54,80,105,48,87,5,91,74,28,133" hai2="132,119,15,114,75,73,63,4,70,130,6,67,122" hai3="0,111,17,11,126,86,35,60,7,53,39,95,66"/><U55/><E133/><V2/><F132/><W85/><G39/><T124/><D134/><U19/><E105/><V26/><F119/><W50/><G126/><T108/><D117/><U49/><E74/><V33/><F122/><W41/><G111/><T79/><D124/><U127/><E127/><V16/><F130/><N who="0" m="50282" /><D38/><U47/><E5/><V62/><F62/><W27/><G41/><T97/><D108/><U68/><E68/><V9/><F114/><N who="0" m="44138" /><D71/><U69/><E69/><V107/><F107/><W77/><G60/><N who="0" m="38031" /><D84/><U90/><E90/><V118/><F118/><W106/><G66/><T3/><D3/><U121/><E121/><V89/><F6/><W58/><G106/><T13/><D13/><U14/><E14/><V125/><F125/><W36/><G36/><T10/><D10/><U116/><E116/><V34/><F34/><W72/><G72/><T104/><D30/><U92/><E80/><V131/><F131/><W120/><G120/><T83/><D83/><U76/><E76/><V103/><F89/><W61/><G86/><T93/><D104/><U43/><REACH who="1" step="1"/><E48/><REACH who="1" ten="388,232,266,104" step="2"/><V64/><F15/><W135/><G135/><T56/><D79/><U102/><E102/><V59/><F103/><W109/><G109/><T45/><D78/><U94/><E94/><V51/><F70/><W110/><G110/><T40/><D93/><U24/><E24/><V98/><F26/><W88/><G77/><T29/><D29/><U31/><E31/><V21/><F51/><W44/><G50/><T42/><D40/><U20/><AGARI ba="1,1" hai="18,19,20,25,28,43,47,49,52,54,55,87,91,92" machi="20" ten="30,12000,1" yaku="1,1,0,1,8,1,52,1,54,1,53,0" doraHai="22" doraHaiUra="101" who="1" fromWho="1" sc="388,-41,232,133,266,-41,104,-41" /><INIT seed="1,2,0,3,1,97" ten="347,365,225,63" oya="1" hai0="57,134,80,79,15,125,30,43,63,87,6,59,69" hai1="31,64,116,21,93,130,81,90,53,0,107,135,75" hai2="72,12,50,101,122,102,82,19,41,112,103,86,60" hai3="26,118,98,105,8,38,35,124,117,78,61,34,54"/><U68/><E116/><V20/><F122/><W113/><G38/><T51/><D134/><U96/><E0/><V55/><F72/><W39/><G39/><T11/><D125/><U89/><E135/><V99/><F112/><W132/><G113/><T62/><D30/><U109/><E107/><V115/><F115/><W129/><G132/><T4/><D4/><U18/><E130/><V70/><F41/><W114/><G124/><T7/><D7/><U49/><E31/><V42/><F42/><W23/><G114/><T9/><D9/><U47/><E109/><V24/><F99/><W27/><G129/><T45/><D69/><U16/><E75/><V29/><F70/><W119/><G35/><T17/><D17/><U76/><E76/><V25/><F60/><AGARI ba="2,0" hai="6,11,15,43,45,51,57,59,60,62,63,79,80,87" machi="60" ten="40,5200,0" yaku="25,2,8,1" doraHai="97" who="0" fromWho="2" sc="347,58,365,0,225,-58,63,0" /><INIT seed="2,0,0,4,4,47" ten="405,365,167,63" oya="2" hai0="5,114,85,104,95,60,128,57,40,49,19,97,98" hai1="26,90,16,34,79,78,59,80,11,51,118,3,50" hai2="125,131,45,132,53,117,129,109,20,35,25,15,121" hai3="39,87,0,10,28,81,56,68,12,83,93,18,54"/><V135/><F117/><W112/><G68/><T120/><D114/><U126/><E118/><V42/><F121/><W8/><G39/><T73/><D73/><U17/><E126/><V36/><F109/><W7/><G112/><T14/><D5/><U63/><E90/><V106/><F106/><W89/><G28/><T88/><D128/><N who="2" m="49226" /><F35/><W43/><G43/><T2/><D2/><U108/><E108/><V134/><F53/><W64/><G64/><N who="0" m="38927" /><D104/><U69/><E69/><V99/><F99/><W133/><G133/><T84/><D120/><U113/><E113/><V58/><F58/><W22/><REACH who="3" step="1"/><G8/><REACH who="3" ten="405,365,167,53" step="2"/><N who="0" m="6599" /><D98/><U24/><E11/><V52/><F125/><W86/><G86/><N who="0" m="33387" /><D40/><U13/><E78/><V46/><F135/><W37/><G37/><T55/><D55/><U71/><E71/><V119/><F119/><W103/><G103/><T66/><D66/><U30/><E79/><V44/><F52/><W111/><G111/><T21/><D21/><U77/><E77/><V82/><F134/><W123/><G123/><T6/><D6/><U102/><E102/><V23/><F132/><W116/><G116/><T27/><D27/><U96/><E26/><V61/><F36/><W130/><G130/><T105/><D105/><U41/><E41/><V75/><F42/><W33/><G33/><T127/><D127/><U115/><E115/><V32/><F25/><W9/><G9/><T62/><D62/><U94/><E63/><V70/><F32/><W67/><G67/><T91/><D91/><U122/><E24/><V100/><F70/><W107/><G107/><T124/><D124/><RYUUKYOKU ba="0,1" sc="405,15,365,-15,167,-15,53,15" hai0="49,88,95,97" hai3="0,7,10,12,18,22,54,56,81,83,87,89,93" /><INIT seed="3,1,1,2,5,34" ten="420,350,152,68" oya="3" hai0="38,98,130,77,3,79,63,15,96,1,37,112,8" hai1="88,32,131,69,124,51,107,7,68,99,72,22,129" hai2="57,134,23,75,13,113,121,74,97,2,20,110,100" hai3="135,21,81,5,18,66,24,94,119,52,104,65,95"/><W58/><G104/><T127/><D112/><U44/><E32/><V76/><F113/><W4/><G81/><T41/><D127/><U101/><E124/><V111/><F121/><W40/><G40/><T39/><D130/><U46/><E72/><V27/><F76/><W92/><G119/><T45/><D63/><U87/><E87/><V31/><F2/><W56/><G135/><T48/><D79/><U106/><E7/><V118/><F118/><W61/><REACH who="3" step="1"/><G66/><REACH who="3" ten="420,350,152,58" step="2"/><T0/><REACH who="0" step="1"/><D77/><REACH who="0" ten="410,350,152,58" step="2"/><U93/><E131/><V29/><F134/><W47/><G47/><T25/><D25/><U125/><E129/><V117/><F27/><W123/><G123/><T86/><D86/><U71/><E46/><V67/><F67/><W26/><G26/><T78/><D78/><U82/><E125/><V43/><F43/><W35/><G35/><T91/><D91/><U84/><REACH who="1" step="1"/><E22/><REACH who="1" ten="410,340,152,58" step="2"/><V14/><F23/><W10/><G10/><T109/><D109/><U6/><E6/><AGARI ba="1,4" hai="0,1,3,6,8,15,37,38,39,41,45,48,96,98" machi="6" ten="50,8000,1" yaku="1,1,52,3,53,0" doraHai="34" doraHaiUra="80" who="0" fromWho="1" sc="410,123,340,-83,152,0,58,0" owari="533,63.0,257,6.0,152,-25.0,58,-44.0" /></mjloggm>