<mjloggm ver="2.3"><GO type="97" lobby="0"/><UN n0="%E3%82%A6%E3%83%AB%E3%83%88%E3%83%A9%E7%AB%8B%E7%9B%B4" n1="%E3%81%AF%E3%82%93%E3%81%BE%30%30%30" n2="%74%74%6F%68%6F%6B%75" n3="%E9%BB%99%E3%82%8C%E3%82%AA%E3%83%AC%E3%83%B3%E3%82%B8%EF%BC%81" dan="15,15,14,16" rate="2046.41,2000.89,1957.04,2101.17" sx="M,M,M,M"/><TAIKYOKU oya="0"/><INIT seed="0,0,0,2,3,45" ten="250,250,250,250" oya="0" hai0="109,117,128,39,3,83,112,30,87,77,91,70,73" hai1="108,44,113,1,7,111,135,4,29,19,13,33,122" hai2="55,72,32,132,86,80,103,8,9,92,102,28,12" hai3="42,62,36,53,68,47,104,82,6,15,35,133,25"/><T21/><D3/><U2/><E44/><V41/><F41/><W17/><G133/><T5/><D70/><U24/><E122/><V26/><F72/><W121/><G104/><T107/><D39/><U119/><E119/><V101/><F132/><W78/><G121/><T34/><D34/><U60/><E60/><V23/><F32/><W20/><G53/><T16/><D5/><N who="1" m="2123" /><E113/><V89/><F12/><W11/><G62/><T69/><D30/><U94/><E94/><V114/><F114/><W22/><G68/><T50/><D69/><U48/><E48/><V85/><REACH who="2" step="1"/><F55/><REACH who="2" ten="250,250,240,250" step="2"/><W58/><G35/><T61/><D112/><U76/><E135/><V97/><F97/><W52/><G25/><T63/><D117/><U124/><E124/><V98/><F98/><W106/><G106/><T75/><D75/><U51/><E1/><V125/><F125/><W27/><G27/><T84/><D107/><U99/><E2/><V123/><F123/><W95/><G95/><N who="0" m="54759" /><D73/><U46/><E99/><V57/><F57/><W116/><G116/><T96/><D96/><U56/><E56/><V93/><F93/><W131/><G131/><T49/><D128/><U130/><E130/><V10/><F10/><W71/><G71/><T88/><D109/><U65/><E65/><V79/><AGARI ba="0,1" hai="8,9,23,26,28,79,80,85,86,89,92,101,102,103" machi="79" ten="30,4000,0" yaku="1,1,0,1,8,1,53,0" doraHai="45" doraHaiUra="14" who="2" fromWho="2" sc="250,-20,250,-10,240,50,250,-10" /><INIT seed="1,0,0,4,1,71" ten="230,240,290,240" oya="1" hai0="124,70,34,44,75,116,88,130,102,28,29,129,82" hai1="125,112,13,103,17,80,132,84,39,30,86,11,21" hai2="126,10,133,62,108,79,52,47,0,63,81,31,56" hai3="72,19,98,16,128,4,7,119,101,14,46,114,118"/><U96/><E112/><V23/><F126/><W64/><G114/><T94/><D70/><U59/><E125/><V115/><F115/><W131/><G72/><T111/><D116/><N who="3" m="44585" /><G64/><T77/><D124/><U95/><E132/><V32/><F32/><W22/><G46/><T83/><D34/><U97/><E39/><V51/><F133/><W105/><G19/><T122/><D44/><U48/><E97/><V40/><F108/><W8/><G8/><T26/><D26/><N who="1" m="16719" /><E80/><V33/><F33/><W89/><G89/><T106/><D111/><U36/><E36/><V121/><F121/><W3/><G3/><T69/><D69/><U93/><E93/><V113/><F113/><W92/><G105/><T66/><D82/><U27/><E27/><V110/><F110/><W107/><G107/><T67/><D122/><U43/><E43/><V127/><F127/><W42/><G42/><T120/><D120/><U25/><E25/><V78/><F78/><W6/><AGARI ba="0,0" hai="4,6,7,14,16,22,92,98,101,128,131" m="44585" machi="6" ten="40,2700,0" yaku="12,1,54,1" doraHai="71" who="3" fromWho="3" sc="230,-7,240,-13,290,-7,240,27" /><INIT seed="2,0,0,3,4,55" ten="223,227,283,267" oya="2" hai0="51,23,40,70,63,114,94,88,37,42,36,105,102" hai1="6,68,120,34,134,13,46,43,5,117,130,9,33" hai2="82,80,26,86,72,65,129,131,73,133,58,96,98" hai3="16,15,18,27,97,49,11,123,38,93,67,41,132"/><V19/><F133/><W135/><G38/><T1/><D1/><U79/><E117/><V57/><F65/><W54/><G123/><T20/><D102/><U66/><E134/><N who="3" m="51242" /><G41/><T69/><D105/><U62/><E120/><V112/><F112/><W89/><G67/><T108/><D94/><U14/><E130/><N who="2" m="49675" /><F82/><W8/><G27/><T52/><D63/><U87/><E14/><V113/><F113/><W12/><G54/><T74/><D51/><AGARI ba="0,0" hai="8,11,12,15,16,18,49,51,89,93,97" m="51242" machi="51" ten="30,2000,0" yaku="20,1,54,1" doraHai="55" who="3" fromWho="0" sc="223,-20,227,0,283,0,267,20" /><INIT seed="3,0,0,0,3,63" ten="203,227,283,287" oya="3" hai0="89,8,111,86,16,12,117,1,23,105,92,130,25" hai1="48,96,109,72,24,134,6,113,75,43,59,131,83" hai2="14,71,70,19,62,11,74,5,107,22,102,66,64" hai3="112,35,45,37,41,30,28,97,120,94,42,79,34"/><W84/><G120/><T4/><D105/><U82/><E113/><V53/><F74/><W49/><G112/><T104/><D104/><U3/><E109/><V60/><F102/><N who="3" m="60727" /><G34/><T85/><D117/><U115/><E115/><V67/><F107/><W38/><G38/><T122/><D122/><U121/><E121/><V46/><F46/><N who="3" m="25807" /><G37/><T27/><D111/><U127/><E127/><V91/><F91/><W69/><G69/><T128/><REACH who="0" step="1"/><D86/><REACH who="0" ten="193,227,283,287" step="2"/><U0/><E75/><V57/><F71/><W77/><G35/><T39/><D39/><U126/><E72/><V119/><F119/><W68/><G68/><T31/><D31/><N who="3" m="11817" /><G84/><T56/><D56/><U133/><E59/><V29/><F29/><W10/><G10/><T81/><D81/><U80/><E83/><V95/><F95/><W114/><G114/><T132/><D132/><U18/><E82/><V47/><F47/><W116/><G116/><T101/><D101/><U7/><E80/><V50/><F50/><W55/><G42/><T99/><D99/><U21/><E43/><V58/><F70/><W129/><G129/><AGARI ba="0,1" hai="1,4,8,12,16,23,25,27,85,89,92,128,129,130" machi="129" ten="40,5200,0" yaku="1,1,19,1,54,1,53,0" doraHai="63" doraHaiUra="40" who="0" fromWho="3" sc="193,62,227,0,283,0,287,-52" /><INIT seed="4,0,0,5,4,101" ten="255,227,283,235" oya="0" hai0="19,115,34,109,89,57,20,51,32,76,94,28,53" hai1="55,108,18,6,36,113,58,50,100,45,112,52,116" hai2="62,1,88,87,132,72,5,73,79,91,128,125,82" hai3="21,96,24,15,123,8,74,10,106,114,95,38,126"/><T120/><D120/><U85/><E108/><V12/><F1/><W30/><G74/><N who="2" m="28777" /><F62/><W121/><G38/><T130/><D109/><U39/><E116/><V23/><F5/><W99/><G114/><N who="1" m="44138" /><E100/><V2/><F2/><W83/><G126/><T43/><D130/><U102/><E102/><V124/><F128/><W13/><G83/><T63/><D76/><U117/><E117/><V69/><F69/><W81/><G81/><T49/><D34/><U16/><E6/><V14/><F132/><W77/><G77/><T22/><D32/><U59/><E85/><V60/><F60/><W103/><G10/><T17/><D22/><U11/><E11/><V0/><F0/><W68/><G68/><T129/><D129/><U3/><E3/><V56/><F56/><N who="1" m="21545" /><E55/><V37/><F37/><AGARI ba="0,0" hai="16,18,36,37,39,45,50,52" m="21545,44138" machi="37" ten="30,7700,0" yaku="15,1,11,1,54,2" doraHai="101" who="1" fromWho="2" sc="255,0,227,77,283,-77,235,0" owari="255,6.0,304,39.0,206,-29.0,235,-16.0" /></mjloggm>