<mjloggm ver="2.3"><GO type="193" lobby="0"/><UN n0="%6E%61%6E%6E%64%65%6E%6E" n1="%4D%72%2E%54%44%55" n2="%E5%B0%B1%E6%B4%BB%E7%94%9F%40%E5%B7%9D%E6%9D%91%E8%BB%8D%E5%9B%A3" n3="%4B%75%4B%75%4B%75" dan="12,12,12,12" rate="1710.11,1755.28,1762.28,1855.07" sx="M,M,M,M"/><TAIKYOKU oya="0"/><INIT seed="0,0,0,5,3,45" ten="250,250,250,250" oya="0" hai0="49,48,109,12,42,105,81,92,46,54,15,108,64" hai1="62,69,86,124,123,41,71,9,90,120,80,114,38" hai2="50,93,132,129,118,106,56,99,61,17,113,27,25" hai3="0,70,98,100,110,7,43,95,52,134,36,10,104"/><T2/><D2/><U24/><E124/><V47/><F106/><W101/><G134/><T128/><D105/><U91/><E114/><V116/><F113/><W57/><G110/><N who="0" m="42603" /><D128/><U33/><E9/><V18/><F129/><W6/><G70/><T40/><D40/><U20/><E33/><V31/><F132/><W35/><G35/><T11/><D64/><U79/><E90/><V66/><F116/><W126/><G126/><T117/><D117/><U125/><E125/><V67/><F67/><W55/><G7/><T37/><D81/><U60/><E41/><V94/><F94/><W127/><G127/><T87/><D87/><U39/><E38/><V130/><F130/><W14/><G0/><T73/><D73/><U19/><E39/><V26/><F118/><W131/><G131/><T78/><D78/><U88/><E91/><N who="2" m="55743" /><F31/><W53/><G43/><AGARI ba="0,0" hai="17,18,25,26,27,43,47,50,56,61,66" m="55743" machi="43" ten="30,2000,0" yaku="8,1,52,1" doraHai="45" who="2" fromWho="3" sc="250,0,250,0,250,20,250,-20" /><INIT seed="1,0,0,2,5,128" ten="250,250,270,230" oya="1" hai0="96,95,35,133,45,22,57,37,118,121,8,119,125" hai1="102,4,85,78,26,114,51,116,106,79,127,49,98" hai2="117,60,50,88,12,97,93,1,25,10,100,15,76" hai3="73,124,17,92,62,120,132,104,111,48,39,28,13"/><U23/><E114/><V33/><F117/><W5/><G120/><T61/><D121/><U34/><E116/><V64/><F76/><W126/><G111/><T94/><D125/><N who="3" m="48233" /><G104/><T90/><D35/><U113/><E127/><V54/><F33/><W42/><G73/><T82/><D119/><U41/><E113/><V11/><F25/><W77/><G77/><T83/><D118/><U43/><E34/><V71/><F100/><W72/><G72/><T131/><D131/><U103/><E4/><V84/><F97/><W101/><G28/><T108/><D108/><U74/><E74/><V21/><F1/><W6/><G62/><T130/><D130/><U59/><E102/><V2/><F2/><W80/><G80/><T31/><D8/><U9/><E9/><V68/><F68/><W81/><G81/><T134/><D37/><U99/><E99/><V3/><F3/><W112/><G112/><T122/><D45/><U75/><E75/><V86/><F86/><W32/><G32/><T47/><D47/><U46/><E79/><V24/><F10/><N who="3" m="6327" /><G39/><T29/><D122/><U66/><E78/><V70/><F70/><W110/><G110/><T52/><D95/><U105/><E85/><V36/><F36/><W107/><G107/><T129/><D129/><U123/><E123/><V63/><F11/><W65/><G65/><T16/><D83/><U0/><E106/><V67/><F67/><W27/><G27/><N who="0" m="14791" /><D82/><U19/><E66/><V55/><F63/><W135/><G92/><T53/><D53/><U14/><E59/><N who="2" m="33239" /><F55/><W20/><G20/><T7/><D7/><RYUUKYOKU ba="0,0" sc="250,15,250,-15,270,15,230,-15" hai0="29,31,52,57,61,90,94,96,133,134" hai2="12,15,21,24,60,64,71,84,88,93" /><INIT seed="2,1,0,2,5,71" ten="265,235,285,215" oya="2" hai0="48,111,47,8,124,27,55,6,64,65,66,68,133" hai1="37,12,61,84,16,17,25,26,119,0,76,45,31" hai2="100,93,75,4,126,108,117,60,44,105,106,21,118" hai3="42,85,3,90,19,49,113,1,96,10,99,51,13"/><V129/><F75/><W80/><G113/><T7/><D111/><U52/><E119/><V110/><F4/><W28/><G28/><T81/><D133/><U23/><E0/><V9/><F9/><W92/><G99/><T29/><D68/><U134/><E134/><V79/><F79/><W15/><G15/><T87/><D124/><U38/><E76/><V107/><F21/><W77/><REACH who="3" step="1"/><G42/><REACH who="3" ten="265,235,285,205" step="2"/><T63/><D63/><U24/><E84/><V130/><F118/><W74/><G74/><T116/><D116/><U53/><E12/><V131/><F117/><W122/><G122/><T91/><REACH who="0" step="1"/><D8/><REACH who="0" ten="255,235,285,205" step="2"/><U115/><E115/><V14/><F60/><W94/><G94/><T95/><D95/><U97/><E61/><V109/><F126/><W32/><G32/><AGARI ba="1,2" hai="6,7,27,29,32,47,48,55,64,65,66,81,87,91" machi="32" ten="40,1300,0" yaku="1,1,53,0" doraHai="71" doraHaiUra="120" who="0" fromWho="3" sc="255,36,235,0,285,0,205,-16" /><INIT seed="3,0,0,0,0,32" ten="291,235,285,189" oya="3" hai0="6,25,86,120,65,99,18,126,113,55,30,14,26" hai1="69,107,40,104,39,48,127,20,135,96,77,76,0" hai2="91,82,1,67,60,97,54,102,88,28,9,23,133" hai3="11,83,85,95,21,34,10,75,109,13,122,4,44"/><W132/><G122/><T46/><D120/><U129/><E39/><V57/><F133/><W90/><G132/><T134/><D134/><U87/><E135/><V119/><F119/><W105/><G105/><T58/><D126/><U29/><E69/><V92/><F54/><W98/><G34/><T42/><D113/><U74/><E127/><V125/><F125/><W41/><G75/><T50/><D65/><U16/><E74/><V121/><F121/><W27/><G109/><T72/><D72/><U2/><E129/><V37/><F37/><W64/><G64/><T89/><D99/><U84/><E29/><V68/><F68/><W124/><G124/><T51/><D6/><U79/><E96/><V128/><F82/><W131/><G131/><T22/><D30/><U8/><E8/><V66/><F66/><W70/><G70/><T53/><D42/><U5/><E5/><N who="2" m="1199" /><F128/><W15/><G44/><T31/><D31/><U17/><E40/><V106/><F106/><N who="1" m="40489" /><E48/><V61/><F61/><W110/><G110/><T111/><D111/><U81/><E20/><V52/><F52/><W108/><G108/><T116/><D116/><U24/><E24/><AGARI ba="0,0" hai="23,24,28,57,60,67,88,91,92,97,102" m="1199" machi="24" ten="30,3900,0" yaku="25,1,52,1,54,1" doraHai="32" who="2" fromWho="1" sc="291,0,235,-39,285,39,189,0" owari="291,9.0,196,-20.0,324,42.0,189,-31.0" /></mjloggm>