<mjloggm ver="2.3"><GO type="169" lobby="0"/><UN n0="%E3%81%A9%E3%81%B0%E3%81%A8%E3%81%A1%E3%82%83%E3%82%93" n1="%74%6F%72%69%30%36%31%32" n2="%E8%B5%A4%E8%A3%8F%E3%83%9B%E3%82%B7%E3%83%BC%E3%83%8E" n3="%E3%82%A6%E3%83%AB%E3%83%88%E3%83%A9%E7%AB%8B%E7%9B%B4" dan="16,18,16,17" rate="2108.75,2143.57,2145.77,2183.86" sx="F,M,M,M"/><TAIKYOKU oya="0"/><INIT seed="0,0,0,0,5,89" ten="250,250,250,250" oya="0" hai0="66,122,91,38,16,103,57,20,124,14,113,108,59" hai1="29,58,116,32,25,63,79,3,97,9,123,37,6" hai2="96,133,100,78,35,86,10,109,106,44,129,40,121" hai3="72,4,94,51,110,82,56,134,128,24,111,83,23"/><T33/><D113/><U81/><E123/><V64/><F10/><W0/><G128/><T99/><D122/><U42/><E116/><V68/><F64/><W1/><G134/><T34/><D124/><U31/><E31/><V77/><F121/><W112/><G112/><T39/><D91/><U53/><E97/><V135/><F44/><W76/><G83/><T130/><D130/><U93/><E93/><V92/><F40/><W28/><G4/><T62/><D108/><N who="3" m="41513" /><G94/><T41/><D59/><U126/><E126/><V49/><F35/><W21/><G21/><T36/><REACH who="0" step="1"/><D41/><REACH who="0" ten="240,250,250,250" step="2"/><U8/><E42/><V132/><F132/><W75/><G56/><T2/><D2/><U22/><E3/><V73/><F135/><W30/><G0/><T90/><D90/><U84/><E58/><V120/><F109/><W47/><G1/><T55/><D55/><U69/><E53/><V45/><F129/><W50/><G76/><T125/><D125/><U131/><E79/><V27/><F78/><W12/><G82/><T17/><D17/><U70/><E81/><V115/><F77/><W95/><G30/><T105/><AGARI ba="0,1" hai="14,16,20,33,34,36,38,39,57,62,66,99,103,105" machi="105" ten="30,18000,2" yaku="1,1,0,1,54,1,53,3" doraHai="89" doraHaiUra="71" who="0" fromWho="0" sc="240,190,250,-60,250,-60,250,-60" /><INIT seed="0,1,0,5,1,42" ten="430,190,190,190" oya="0" hai0="131,18,49,71,86,99,11,5,56,95,135,43,15" hai1="75,68,58,13,61,8,67,109,111,93,50,98,25" hai2="60,41,106,39,74,121,123,120,45,21,44,12,85" hai3="77,4,87,97,28,16,78,92,26,29,70,89,84"/><T9/><D71/><U27/><E75/><V62/><F74/><W17/><G70/><T54/><D131/><U52/><E111/><V69/><F106/><W33/><G4/><T47/><D135/><U80/><E80/><V101/><F101/><W1/><G1/><T30/><D86/><U100/><E109/><V118/><F85/><W53/><G29/><T64/><D30/><U128/><E128/><V7/><F7/><AGARI ba="1,0" hai="7,8,13,25,27,50,52,58,61,67,68,93,98,100" machi="7" ten="30,2000,0" yaku="7,1,54,1" doraHai="42" who="1" fromWho="2" sc="430,0,190,23,190,-23,190,0" /><INIT seed="1,0,0,3,3,68" ten="430,213,167,190" oya="1" hai0="15,61,101,39,116,55,19,83,90,40,69,53,105" hai1="72,41,23,110,36,67,54,79,64,104,106,133,114" hai2="30,122,84,95,51,25,97,115,121,21,131,62,46" hai3="48,34,126,89,59,43,10,93,58,103,26,108,102"/><U135/><E114/><V28/><F131/><W60/><G108/><T73/><D116/><U94/><E110/><V128/><F115/><W27/><G126/><T107/><D101/><U88/><E54/><V2/><F2/><W71/><G71/><T70/><D73/><U52/><E23/><V24/><F128/><W112/><G112/><T18/><D83/><U66/><E79/><V63/><F84/><W78/><G78/><T33/><D90/><U29/><E29/><V113/><F113/><W45/><G10/><T75/><D75/><U56/><E72/><V14/><F14/><W80/><G80/><T81/><D81/><U82/><E82/><V3/><F3/><W42/><G42/><T12/><D40/><U91/><E91/><V85/><F85/><N who="3" m="52399" /><G34/><T4/><D4/><U44/><E106/><V77/><F77/><W16/><G59/><T76/><D76/><U74/><E104/><V50/><F46/><W20/><G27/><T17/><D17/><U47/><E47/><V96/><F21/><W38/><G38/><T132/><D39/><U35/><E35/><V0/><F0/><W13/><G13/><T9/><D9/><U22/><E22/><V123/><F123/><W5/><G5/><T119/><D33/><U120/><E74/><V37/><F95/><W118/><G118/><T92/><D119/><U127/><E120/><V109/><F109/><W65/><AGARI ba="0,0" hai="16,20,26,43,45,48,58,60,65,102,103" m="52399" machi="65" ten="30,2000,0" yaku="8,1,54,1" doraHai="68" who="3" fromWho="3" sc="430,-5,213,-10,167,-5,190,20" /><INIT seed="2,0,0,0,0,131" ten="425,203,162,210" oya="2" hai0="60,124,100,77,98,14,68,133,70,59,42,117,94" hai1="2,25,49,30,71,115,127,135,118,27,43,13,45" hai2="121,41,126,103,122,37,113,54,107,75,79,109,50" hai3="18,28,19,111,36,112,101,76,116,63,125,108,12"/><V56/><F107/><W96/><G36/><T72/><D42/><U38/><E2/><V29/><F103/><W69/><G116/><T87/><D72/><U52/><E118/><V92/><F79/><W74/><G125/><T31/><D31/><U6/><E115/><V51/><F92/><W97/><G112/><T66/><D117/><U9/><E71/><V67/><F75/><W73/><G28/><T88/><D77/><U44/><E127/><V62/><F113/><W53/><G76/><T132/><D14/><U48/><E135/><N who="0" m="51785" /><D124/><U1/><E1/><V24/><F126/><W110/><G12/><T10/><D10/><U39/><E27/><V99/><F99/><W91/><G74/><T120/><D120/><U82/><E82/><AGARI ba="0,0" hai="59,60,66,68,70,82,87,88,94,98,100" m="51785" machi="82" ten="30,8000,1" yaku="20,1,52,3,54,1" doraHai="131" who="0" fromWho="1" sc="425,80,203,-80,162,0,210,0" /><INIT seed="3,0,0,3,1,8" ten="505,123,162,210" oya="3" hai0="87,5,19,37,84,113,116,55,0,21,72,122,47" hai1="29,30,57,134,51,105,106,53,50,127,28,96,54" hai2="94,101,115,24,13,32,132,133,108,63,36,20,121" hai3="3,49,123,1,131,100,4,35,95,126,26,120,88"/><W112/><G112/><T111/><D116/><U22/><E127/><V107/><F115/><W69/><G69/><T39/><D72/><U89/><E134/><V9/><F36/><W83/><G126/><T80/><D122/><U92/><REACH who="1" step="1"/><E22/><REACH who="1" ten="505,113,162,210" step="2"/><V62/><F121/><W40/><G123/><T59/><D21/><U99/><E99/><V67/><F133/><W93/><G120/><T119/><D113/><U43/><E43/><V41/><F41/><W14/><G35/><T52/><D111/><U58/><AGARI ba="0,1" hai="28,29,30,50,51,53,54,57,58,89,92,96,105,106" machi="58" ten="30,8000,1" yaku="1,1,0,1,9,1,53,2" doraHai="8" doraHaiUra="44" who="1" fromWho="1" sc="505,-20,113,90,162,-20,210,-40" /><INIT seed="4,0,0,5,3,124" ten="485,203,142,170" oya="0" hai0="51,52,24,80,27,0,130,86,84,25,94,98,103" hai1="100,132,15,46,5,1,125,56,8,22,117,83,20" hai2="112,90,62,2,99,30,127,119,72,48,76,63,121" hai3="67,34,28,109,71,43,74,18,122,17,102,118,16"/><T57/><D0/><U93/><E125/><V45/><F30/><W3/><G74/><T107/><D130/><U55/><E132/><V37/><F2/><W85/><G3/><T73/><D107/><U40/><E117/><V47/><F90/><W31/><G118/><T59/><D73/><U69/><E69/><V44/><F99/><W89/><G122/><T35/><D35/><U79/><E93/><V23/><F23/><W91/><G109/><T87/><REACH who="0" step="1"/><D57/><REACH who="0" ten="475,203,142,170" step="2"/><U6/><E1/><V126/><F72/><W14/><G34/><T77/><AGARI ba="0,1" hai="24,25,27,51,52,59,77,80,84,86,87,94,98,103" machi="77" ten="30,18000,2" yaku="1,1,2,1,0,1,8,1,54,1,53,1" doraHai="124" doraHaiUra="53" who="0" fromWho="0" sc="475,190,203,-60,142,-60,170,-60" /><INIT seed="4,1,0,5,1,88" ten="665,143,82,110" oya="0" hai0="59,93,65,117,101,25,89,37,26,5,48,51,96" hai1="73,50,112,21,57,87,100,2,105,91,127,71,34" hai2="27,67,110,33,132,22,108,120,98,13,32,104,56" hai3="15,114,0,62,123,107,124,97,1,45,69,76,70"/><T10/><D37/><U12/><E34/><V133/><F67/><W18/><G124/><T66/><D117/><U81/><E71/><V85/><F56/><W111/><G111/><N who="2" m="42537" /><F85/><W23/><G114/><T41/><D25/><U52/><E2/><V125/><F98/><W19/><G123/><T38/><D26/><U14/><E127/><V36/><F104/><W3/><G76/><T9/><D9/><U60/><E112/><V31/><F36/><W84/><G84/><T7/><D7/><U92/><E105/><V126/><F120/><W29/><G62/><T11/><D11/><U86/><E73/><V83/><F83/><W55/><G55/><T121/><D38/><U24/><E50/><V39/><F39/><W58/><G58/><T79/><D79/><N who="1" m="46399" /><E100/><V78/><F78/><W130/><G45/><T28/><D101/><U129/><E129/><V43/><F43/><W128/><G70/><T68/><D41/><U6/><E6/><V80/><F80/><W44/><G69/><T61/><D68/><U115/><E115/><V77/><F77/><W75/><G75/><T8/><D5/><U20/><E20/><V47/><F47/><W53/><G44/><T116/><D121/><U134/><E134/><N who="2" m="51819" /><F33/><W131/><G131/><T54/><D51/><U17/><AGARI ba="1,0" hai="12,14,17,21,24,52,57,60,87,91,92" m="46399" machi="17" ten="30,4000,0" yaku="8,1,52,1,54,1" doraHai="88" who="1" fromWho="1" sc="665,-21,143,43,82,-11,110,-11" /><INIT seed="5,0,0,5,0,4" ten="644,186,71,99" oya="1" hai0="110,16,104,22,50,94,18,81,113,68,15,27,37" hai1="114,135,96,118,28,80,76,19,52,10,89,41,40" hai2="53,57,47,24,1,92,75,46,133,85,121,39,60" hai3="71,45,43,34,123,106,30,78,62,5,23,59,32"/><U36/><E118/><V63/><F121/><W35/><G106/><T25/><D37/><U9/><E135/><V95/><F1/><W126/><G78/><T79/><D104/><U134/><E134/><V129/><F75/><W56/><G123/><T84/><D110/><U13/><E28/><V8/><F133/><W111/><G111/><T0/><D0/><U44/><E114/><V93/><F129/><W69/><G126/><T82/><D68/><U49/><E10/><V112/><F112/><W128/><G128/><T42/><D81/><U101/><E89/><V83/><F39/><W55/><G5/><T124/><D124/><U97/><E101/><V74/><F74/><W6/><G6/><T116/><D94/><U17/><E17/><V70/><F8/><W61/><G45/><N who="0" m="25911" /><D116/><U51/><E36/><V14/><F14/><W103/><G43/><T87/><D87/><N who="1" m="48519" /><E40/><V125/><F125/><W29/><G103/><T115/><D115/><U33/><E33/><V38/><F24/><W120/><G120/><T90/><D113/><U11/><E11/><V127/><F38/><W48/><G69/><T73/><D73/><U132/><E132/><V21/><F21/><W109/><G109/><T91/><D27/><U54/><E41/><V77/><F127/><W108/><G108/><T66/><D90/><U2/><E2/><V117/><F117/><W102/><G102/><T99/><D91/><U88/><E88/><V31/><F31/><W58/><G23/><T65/><D18/><U67/><E67/><N who="0" m="25609" /><D25/><U105/><E105/><V131/><F131/><W122/><G122/><RYUUKYOKU ba="0,0" sc="644,10,186,10,71,10,99,-30" hai0="15,16,22,79,82,84,99" hai1="9,13,19,44,49,51,52,54,96,97" hai2="46,47,53,57,60,63,70,77,83,85,92,93,95" /><INIT seed="5,1,0,1,5,71" ten="654,196,81,69" oya="1" hai0="66,77,46,101,45,23,97,36,58,6,17,72,47" hai1="57,76,95,74,51,82,99,32,14,20,38,89,19" hai2="9,42,64,135,25,55,34,18,91,87,98,94,24" hai3="61,112,62,22,117,102,16,40,79,60,118,53,67"/><U73/><E32/><V2/><F135/><W5/><G112/><T65/><D72/><U125/><E125/><V70/><F42/><W84/><G5/><T48/><D36/><U96/><E38/><V128/><F128/><W63/><G102/><T109/><D77/><U105/><E74/><V10/><F70/><W131/><G40/><T92/><D6/><U27/><E105/><V41/><F41/><W31/><G31/><T111/><D111/><U15/><E99/><V104/><F64/><N who="0" m="24682" /><D58/><U93/><E93/><V54/><F2/><W59/><G131/><T7/><D7/><U29/><E29/><V108/><F108/><W11/><G11/><T56/><D56/><U30/><E30/><V110/><F110/><W33/><G33/><T129/><D109/><U132/><E132/><V115/><F115/><W50/><N who="3" m="15360" /><DORA hai="28" /><W123/><G67/><T133/><D133/><U49/><E57/><V114/><F114/><W130/><G130/><T12/><D129/><U100/><E100/><V113/><F113/><W39/><G39/><T26/><D26/><N who="2" m="10346" /><F34/><W81/><REACH who="3" step="1"/><G123/><REACH who="3" ten="654,196,81,59" step="2"/><T3/><D3/><U52/><E49/><AGARI ba="1,1" hai="12,17,23,45,46,47,48,49,92,97,101" m="24682" machi="49" ten="30,1000,0" yaku="8,1" doraHai="71,28" who="0" fromWho="1" sc="654,23,196,-13,81,0,59,0" /><INIT seed="6,0,0,2,5,106" ten="677,183,81,59" oya="2" hai0="71,35,27,89,80,33,30,54,38,82,42,130,119" hai1="10,31,13,104,32,70,22,134,88,49,85,76,110" hai2="2,103,63,131,57,117,12,53,102,41,98,62,72" hai3="34,37,113,65,81,79,125,97,66,47,74,78,109"/><V45/><F2/><W28/><G109/><T56/><D71/><U39/><E104/><V69/><F117/><W36/><G125/><T67/><D67/><U59/><E70/><V52/><F131/><W115/><G28/><T19/><D82/><U132/><E39/><N who="3" m="14922" /><G47/><T87/><D130/><U86/><E32/><V16/><F72/><N who="3" m="43207" /><G97/><T122/><D122/><U24/><E110/><V90/><F90/><W48/><G48/><T116/><D19/><U121/><E121/><V96/><F69/><W23/><G23/><T128/><D128/><U114/><E76/><V95/><F41/><W18/><G18/><T29/><D38/><U73/><E73/><V3/><F3/><W55/><G55/><T51/><D42/><U127/><E127/><V7/><F7/><W58/><G34/><T50/><D50/><U93/><E85/><V94/><F45/><W84/><G84/><T60/><D60/><N who="2" m="23082" /><F57/><W11/><G11/><AGARI ba="0,0" hai="11,12,16,52,53,94,95,96,98,102,103" m="23082" machi="11" ten="30,5800,0" yaku="8,1,54,2" doraHai="106" who="2" fromWho="3" sc="677,0,183,0,81,58,59,-58" /><INIT seed="6,1,0,5,1,42" ten="677,183,139,1" oya="2" hai0="98,128,39,131,22,38,118,26,86,123,130,16,34" hai1="66,77,54,78,25,95,127,79,5,33,92,31,80" hai2="47,65,97,68,94,73,10,69,93,59,124,81,24" hai3="17,96,40,82,134,71,67,117,76,30,103,102,113"/><V51/><F124/><W85/><G117/><T111/><D111/><U8/><E127/><V14/><F24/><W100/><G71/><T70/><D123/><U23/><E33/><V53/><F73/><W108/><G67/><T106/><D118/><U72/><E72/><V75/><F75/><W62/><G30/><N who="0" m="19799" /><D70/><U21/><E80/><V115/><F115/><W41/><G108/><T43/><D86/><U87/><E87/><V1/><F1/><W114/><G62/><T135/><D135/><U119/><E66/><V27/><F27/><W4/><G4/><T83/><D83/><U61/><E23/><V2/><F2/><W36/><G134/><T126/><D126/><U7/><E119/><V122/><F122/><W109/><G109/><T35/><D43/><N who="3" m="16457" /><G36/><T37/><D35/><U12/><E7/><V121/><F121/><W45/><G17/><T90/><D90/><U101/><E101/><V57/><F69/><W18/><G18/><T133/><D133/><U107/><E107/><V88/><F68/><W29/><G29/><T63/><D63/><U20/><E20/><V105/><F105/><W129/><G129/><T120/><D120/><U112/><E112/><N who="3" m="43114" /><G45/><T56/><D106/><AGARI ba="1,0" hai="76,82,85,96,100,102,103,106" m="43114,16457" machi="106" ten="30,2000,0" yaku="15,1,11,1" doraHai="42" who="3" fromWho="0" sc="677,-23,183,0,139,0,1,23" /><INIT seed="7,0,0,0,4,62" ten="654,183,139,24" oya="3" hai0="103,36,39,41,59,17,91,130,66,126,117,1,46" hai1="5,78,49,7,40,96,29,3,81,44,61,67,135" hai2="55,72,129,18,76,134,57,110,105,13,38,97,53" hai3="83,52,37,127,128,68,16,90,100,87,23,116,25"/><W79/><G116/><T88/><D117/><U93/><E135/><V89/><F134/><W19/><G127/><T131/><D1/><U119/><E29/><V12/><F38/><W22/><G128/><T45/><D103/><U121/><E121/><V109/><F129/><W77/><G37/><T28/><D28/><U43/><E43/><V14/><F76/><W113/><G113/><T94/><D17/><U123/><E123/><V60/><F72/><W6/><G68/><T20/><D20/><U95/><E3/><V111/><F55/><W54/><G6/><T132/><D94/><U58/><E95/><V108/><N who="2" m="27648" /><DORA hai="112" /><V35/><F35/><W56/><G100/><T101/><D101/><N who="1" m="60559" /><E119/><V4/><F4/><W80/><G56/><T65/><D59/><U125/><E125/><V115/><F115/><W64/><G64/><T114/><D114/><U122/><E122/><V124/><F124/><W84/><G90/><T82/><D126/><U2/><E2/><V107/><F89/><W33/><G33/><T26/><D26/><AGARI ba="0,0" hai="16,19,22,23,25,26,52,54,77,79,80,83,84,87" machi="26" ten="30,18000,2" yaku="7,1,32,3,8,1,54,2" doraHai="62,112" who="3" fromWho="0" sc="654,-180,183,0,139,0,24,180" /><INIT seed="7,1,0,3,0,26" ten="474,183,139,204" oya="3" hai0="10,88,68,37,112,82,27,54,83,125,80,131,66" hai1="95,120,48,8,43,31,134,100,5,33,75,97,69" hai2="39,109,35,70,76,110,18,127,81,132,67,60,23" hai3="135,96,3,74,30,21,34,46,85,55,0,115,16"/><W29/><G74/><T111/><D111/><U128/><E120/><V11/><F35/><W73/><G73/><T6/><D37/><U62/><E75/><V53/><F39/><W86/><G34/><T14/><D125/><U50/><E134/><V57/><F132/><W47/><G135/><T104/><D104/><U93/><E128/><V15/><F127/><W49/><G3/><T114/><D27/><N who="1" m="18687" /><E48/><V91/><F91/><W90/><G0/><T61/><D54/><U42/><E50/><V116/><F116/><W119/><G119/><T126/><D131/><U105/><E43/><V65/><F65/><W12/><G115/><N who="0" m="44075" /><D126/><U36/><E42/><V7/><F70/><W133/><G133/><T1/><D1/><N who="1" m="47" /><E36/><V13/><REACH who="2" step="1"/><F67/><AGARI ba="1,0" hai="62,67,69,93,95,97,100,105" m="47,18687" machi="67" ten="30,2000,0" yaku="25,1,52,1" doraHai="26" who="1" fromWho="2" sc="474,0,183,23,139,-23,204,0" owari="474,57.0,206,1.0,116,-38.0,204,-20.0" /></mjloggm>