<mjloggm ver="2.3"><GO type="169" lobby="0"/><UN n0="%28%E3%82%86%C2%B4%CF%89%EF%BD%80%E3%82%86%29" n1="%E3%82%A6%E3%83%AB%E3%83%88%E3%83%A9%E7%AB%8B%E7%9B%B4" n2="%E9%BB%92%E6%B2%A2%E7%A5%90%E4%B8%80" n3="%E3%82%86%E3%81%A3%E3%81%8D%E3%82%85%E3%82%93" dan="16,17,16,16" rate="2065.82,2112.86,2117.00,2106.03" sx="M,M,M,F"/><TAIKYOKU oya="0"/><INIT seed="0,0,0,3,2,26" ten="250,250,250,250" oya="0" hai0="94,86,53,65,67,33,61,40,102,22,88,83,113" hai1="76,75,119,55,107,57,104,114,54,9,120,69,46" hai2="14,128,3,17,44,73,96,77,101,10,37,121,35" hai3="78,130,50,60,126,13,23,12,31,6,133,118,19"/><T25/><D33/><U110/><E76/><V131/><F121/><W43/><G118/><T135/><D135/><U21/><E75/><V85/><F3/><W56/><G133/><T0/><D0/><U63/><E9/><V20/><F73/><W87/><G130/><N who="2" m="49705" /><F35/><W64/><G126/><T39/><D113/><U90/><E21/><V28/><F37/><W36/><G36/><T42/><D53/><U47/><E90/><V2/><F44/><N who="3" m="25887" /><G31/><N who="0" m="17847" /><D39/><U27/><E107/><V82/><F28/><W16/><G6/><T93/><D93/><U11/><E104/><N who="2" m="63527" /><F2/><W127/><G127/><T92/><D92/><U109/><E120/><V79/><F77/><W5/><G5/><T122/><D122/><U70/><E119/><V80/><F80/><N who="3" m="47511" /><G19/><T15/><D15/><AGARI ba="0,0" hai="12,13,15,16,23,56,60,64" m="47511,25887" machi="15" ten="30,2000,0" yaku="8,1,54,1" doraHai="26" who="3" fromWho="0" sc="250,-20,250,0,250,0,250,20" /><INIT seed="1,0,0,0,2,18" ten="230,250,250,270" oya="1" hai0="77,135,54,83,132,9,101,22,117,14,63,27,3" hai1="1,100,123,30,33,107,80,60,73,48,90,44,0" hai2="120,65,66,95,99,111,74,67,127,81,133,104,110" hai3="126,121,112,124,116,75,39,17,130,72,56,129,89"/><U76/><E123/><V61/><F120/><W119/><G39/><T62/><D3/><U40/><E30/><V25/><F104/><W32/><G32/><T47/><D101/><U92/><E33/><V31/><F127/><N who="3" m="48683" /><G56/><T45/><D117/><N who="3" m="45129" /><G17/><T86/><D135/><U16/><E16/><V122/><F122/><W88/><G121/><T69/><D132/><U52/><E60/><N who="0" m="23081" /><D54/><U8/><E8/><V26/><F133/><W42/><G42/><T118/><D69/><U46/><E100/><V11/><F66/><W28/><G28/><N who="0" m="17527" /><D118/><U49/><REACH who="1" step="1"/><E107/><REACH who="1" ten="230,240,250,270" step="2"/><V96/><F31/><W35/><G35/><T68/><D68/><U57/><E57/><V36/><F67/><W38/><G112/><T106/><D106/><U82/><E82/><V115/><F81/><W10/><G10/><T103/><D103/><U51/><E51/><V128/><F115/><W37/><G37/><T108/><D108/><U134/><E134/><V12/><F36/><W114/><G38/><T34/><D34/><U19/><E19/><AGARI ba="0,1" hai="9,14,19,45,47,77,83,86" m="17527,23081" machi="19" ten="30,2000,0" yaku="8,1,52,1" doraHai="18" who="0" fromWho="1" sc="230,30,240,-20,250,0,270,0" /><INIT seed="2,0,0,1,5,2" ten="260,220,250,270" oya="2" hai0="100,96,82,112,90,110,62,130,39,52,30,77,88" hai1="85,34,135,57,74,73,68,107,86,84,10,116,11" hai2="19,0,40,97,8,113,124,49,13,55,125,71,115" hai3="27,36,122,48,92,94,7,120,63,17,47,119,1"/><V131/><F71/><W79/><G119/><T53/><D112/><U43/><E68/><V9/><F40/><W37/><G37/><T35/><D39/><U128/><E34/><V50/><F97/><W83/><G36/><T25/><D110/><U24/><E107/><V46/><F50/><W4/><G1/><T89/><D130/><U133/><E43/><V20/><F131/><W81/><G120/><T22/><D35/><U65/><E128/><V111/><F111/><W16/><G63/><T44/><D44/><U95/><E95/><N who="3" m="36394" /><G122/><T78/><D62/><U60/><E24/><V64/><F64/><W15/><G27/><T75/><REACH who="0" step="1"/><D78/><REACH who="0" ten="250,220,250,270" step="2"/><U33/><E33/><V69/><F115/><W61/><G61/><T12/><D12/><U114/><E114/><V117/><F113/><W32/><G32/><T51/><D51/><U98/><E116/><V103/><F0/><W105/><G105/><AGARI ba="0,1" hai="22,25,30,52,53,75,77,82,88,89,90,96,100,105" machi="105" ten="40,5200,0" yaku="1,1,54,2,53,0" doraHai="2" doraHaiUra="54" who="0" fromWho="3" sc="250,62,220,0,250,0,270,-52" /><INIT seed="3,0,0,1,3,117" ten="312,220,250,218" oya="3" hai0="4,9,80,95,31,69,48,36,85,21,78,118,94" hai1="89,59,92,60,103,39,125,112,96,18,40,110,47" hai2="32,72,44,43,91,108,2,55,131,7,61,15,23" hai3="133,8,114,127,122,73,111,20,90,51,1,16,116"/><W30/><G116/><T126/><D36/><U67/><E112/><V45/><F32/><W13/><G114/><T98/><D69/><U34/><E34/><V82/><F2/><W76/><G122/><T99/><D118/><U88/><E125/><V62/><F108/><W129/><G127/><T93/><D126/><U64/><E110/><V66/><F131/><W54/><G111/><T27/><REACH who="0" step="1"/><D48/><REACH who="0" ten="302,220,250,218" step="2"/><U97/><E67/><V42/><F66/><W33/><G129/><T50/><D50/><U128/><E128/><V63/><F63/><W121/><G121/><T77/><D77/><U71/><E71/><V19/><F62/><W10/><G133/><T75/><D75/><U113/><E113/><V56/><F72/><W107/><G73/><T130/><D130/><U0/><E0/><AGARI ba="0,1" hai="0,4,9,21,27,31,78,80,85,93,94,95,98,99" machi="0" ten="40,2600,0" yaku="1,1,53,1" doraHai="117" doraHaiUra="74" who="0" fromWho="1" sc="302,36,220,-26,250,0,218,0" /><INIT seed="4,0,0,4,1,124" ten="338,194,250,218" oya="0" hai0="85,94,23,39,76,48,122,35,3,26,72,81,58" hai1="86,79,37,127,63,119,69,108,118,13,99,92,56" hai2="96,77,109,131,43,49,111,52,8,1,0,22,51" hai3="38,65,36,129,32,28,64,17,104,42,130,110,112"/><T59/><D39/><N who="3" m="14889" /><G110/><T128/><D35/><U100/><E69/><V55/><F77/><W6/><G42/><T117/><D117/><U98/><E37/><V90/><F43/><W113/><G6/><T11/><D122/><U123/><E123/><V31/><F96/><W40/><G40/><T97/><D72/><U135/><E108/><V9/><F90/><W87/><G17/><T53/><D3/><U89/><E127/><V115/><F22/><W91/><G104/><T47/><D11/><U101/><E135/><V25/><F25/><N who="3" m="18447" /><G64/><T16/><REACH who="0" step="1"/><D128/><REACH who="0" ten="328,194,250,218" step="2"/><N who="3" m="49257" /><G65/><T73/><D73/><U46/><E119/><V41/><F131/><W30/><G30/><T82/><D82/><AGARI ba="0,1" hai="82,87,91,112,113" m="49257,18447,14889" machi="82" ten="30,7700,0" yaku="19,1,52,3" doraHai="124" who="3" fromWho="0" sc="328,-77,194,0,250,0,218,87" /><INIT seed="5,0,0,1,1,105" ten="251,194,250,305" oya="1" hai0="8,119,111,22,25,57,114,116,79,56,23,37,46" hai1="82,68,121,61,72,41,26,4,71,31,118,50,52" hai2="62,81,70,30,35,40,94,18,28,13,95,93,51" hai3="129,110,47,38,65,88,91,131,66,102,87,78,53"/><U80/><E121/><V39/><F39/><W122/><G122/><T64/><D111/><U21/><E118/><V12/><F35/><W126/><G110/><T7/><D114/><U125/><E125/><V89/><F70/><W36/><G126/><T135/><D135/><U42/><E71/><V133/><F133/><W43/><G102/><T33/><D33/><U113/><E113/><V86/><F62/><W90/><G53/><T1/><D79/><U48/><E48/><V99/><F99/><W63/><G38/><T14/><D1/><U76/><E4/><V17/><F12/><W15/><G15/><T134/><D23/><U117/><E82/><V3/><F3/><W132/><G132/><T67/><D134/><U73/><E73/><V107/><F107/><W24/><G24/><T106/><D106/><U83/><E83/><V5/><F5/><W32/><G32/><T34/><D34/><U112/><E112/><V58/><F58/><W123/><G123/><T96/><D37/><U45/><REACH who="1" step="1"/><E117/><REACH who="1" ten="251,184,250,305" step="2"/><V85/><F51/><W100/><G63/><N who="0" m="37991" /><D119/><U27/><E27/><V124/><F124/><W109/><G109/><T108/><D116/><U84/><E84/><V74/><F74/><W128/><G87/><T92/><D108/><U115/><E115/><V59/><F85/><W127/><G127/><T49/><D49/><U69/><E69/><V103/><F81/><W20/><G36/><T98/><D25/><U75/><E75/><V60/><F86/><W54/><G129/><T6/><D7/><U11/><E11/><V16/><F60/><W10/><G128/><RYUUKYOKU ba="0,1" sc="251,-10,184,30,250,-10,305,-10" hai1="21,26,31,41,42,45,50,52,61,68,72,76,80" /><INIT seed="5,1,1,1,0,69" ten="241,214,240,295" oya="1" hai0="46,50,18,72,90,114,82,84,94,51,70,89,80" hai1="8,105,124,15,67,135,12,74,34,29,110,54,37" hai2="23,121,125,113,122,77,98,128,57,9,5,119,26" hai3="11,106,118,17,61,4,47,132,55,81,101,108,111"/><U44/><E105/><V38/><F77/><W62/><G106/><T91/><D70/><U22/><E74/><V60/><F119/><W56/><G118/><T45/><D114/><U95/><E34/><V2/><F113/><W100/><G132/><T66/><D66/><U112/><E112/><V93/><F125/><W79/><G108/><T14/><D72/><U115/><E115/><V39/><F128/><W36/><G17/><T49/><D94/><U31/><E67/><V71/><F71/><W129/><G62/><T25/><D25/><U83/><E83/><N who="0" m="31785" /><D84/><U103/><E37/><V30/><F121/><W126/><G126/><T0/><D0/><U88/><E103/><V75/><F75/><N who="3" m="43263" /><G111/><T53/><D53/><U96/><E135/><V63/><F122/><W134/><G129/><T58/><D58/><U87/><E87/><V131/><F131/><W130/><G134/><T42/><D42/><U92/><E92/><V27/><F27/><W86/><G86/><T73/><D73/><U21/><E124/><V107/><F107/><W99/><G99/><T133/><D133/><U68/><E68/><V1/><F63/><W76/><G76/><T24/><D24/><N who="1" m="16527" /><E110/><V20/><F98/><W78/><G78/><T28/><D28/><U59/><E44/><V52/><F93/><W35/><G35/><T41/><D46/><U7/><E31/><N who="2" m="17863" /><F1/><N who="3" m="399" /><G130/><T85/><D85/><U6/><E6/><V10/><F2/><W127/><G127/><T16/><D18/><N who="1" m="10591" /><E59/><V19/><F30/><W32/><G32/><T40/><D40/><AGARI ba="1,1" hai="36,40,47,55,56,61,100,101" m="399,43263" machi="40" ten="30,2000,0" yaku="25,1,52,1" doraHai="69" who="3" fromWho="0" sc="241,-23,214,0,240,0,295,33" /><INIT seed="6,0,0,3,0,69" ten="218,214,240,328" oya="2" hai0="59,10,98,78,130,49,96,88,101,55,72,132,61" hai1="66,51,107,127,104,108,123,4,42,19,34,15,29" hai2="54,75,103,33,40,83,46,125,39,117,26,45,53" hai3="47,67,82,89,111,56,94,85,27,102,95,80,131"/><V20/><F117/><W135/><G111/><T93/><D132/><U128/><E108/><V58/><F33/><W119/><G119/><T86/><D130/><U11/><E128/><V6/><F125/><W100/><G131/><T52/><D10/><U36/><E127/><V17/><F103/><N who="3" m="39467" /><G135/><T70/><D70/><U37/><E123/><V1/><F46/><W23/><G94/><N who="0" m="58583" /><D72/><U106/><E66/><V84/><F58/><W124/><G47/><N who="0" m="28095" /><D78/><U5/><E51/><V129/><F129/><W122/><G122/><T38/><D38/><U21/><E42/><V35/><F35/><W99/><G124/><T120/><D120/><U7/><REACH who="1" step="1"/><E34/><REACH who="1" ten="218,204,240,328" step="2"/><V48/><F48/><W63/><G99/><AGARI ba="0,1" hai="52,59,61,86,88,93,96,99" m="28095,58583" machi="99" ten="30,3900,0" yaku="8,1,54,2" doraHai="69" who="0" fromWho="3" sc="218,49,204,0,240,0,328,-39" /><INIT seed="7,0,0,0,1,72" ten="267,204,240,289" oya="3" hai0="74,56,21,122,107,0,43,91,76,97,2,33,7" hai1="113,20,73,102,8,38,19,62,95,116,48,51,92" hai2="58,47,49,60,132,71,131,29,135,100,30,112,13" hai3="68,133,83,54,3,120,57,32,119,1,129,106,90"/><W4/><G119/><T80/><D33/><U121/><E38/><V103/><F71/><W34/><G120/><T127/><D122/><U55/><E121/><V16/><F112/><W28/><G106/><T82/><D127/><U126/><E126/><V79/><F131/><W117/><G117/><T40/><D21/><U125/><E125/><V77/><F132/><W26/><G68/><T27/><D27/><U22/><E113/><V17/><F135/><W123/><G123/><T93/><D107/><U99/><E116/><V130/><F130/><W115/><G115/><T104/><D104/><U45/><E73/><V81/><F17/><W35/><G133/><T65/><D82/><U59/><E51/><V23/><F103/><W118/><G118/><T46/><D43/><U101/><E101/><V64/><F100/><W44/><G129/><T50/><REACH who="0" step="1"/><D7/><REACH who="0" ten="257,204,240,289" step="2"/><U134/><E134/><V11/><F81/><W14/><G32/><T36/><D36/><U39/><E39/><V124/><F124/><W98/><G34/><T78/><D78/><N who="2" m="29706" /><F23/><W61/><G35/><T69/><D69/><U114/><E114/><V63/><F63/><AGARI ba="0,1" hai="0,2,40,46,50,56,63,65,74,76,80,91,93,97" machi="63" ten="40,2600,0" yaku="1,1,52,1,53,0" doraHai="72" doraHaiUra="110" who="0" fromWho="2" sc="257,36,204,0,240,-26,289,0" /><INIT seed="8,0,0,4,5,7" ten="293,204,214,289" oya="0" hai0="109,0,130,96,102,47,78,75,132,62,45,108,63" hai1="107,69,113,42,40,9,53,60,14,2,49,92,133" hai2="88,71,134,17,93,15,128,105,55,19,131,104,22" hai3="36,35,110,21,46,28,98,26,117,70,34,115,41"/><T120/><D120/><U116/><E107/><V11/><F71/><W6/><G110/><N who="0" m="42603" /><D0/><U29/><E133/><V106/><F55/><W50/><G115/><T126/><D126/><U111/><E111/><V44/><F44/><N who="0" m="16970" /><D130/><N who="2" m="49706" /><F134/><W90/><G70/><T87/><D75/><U91/><E113/><V129/><N who="2" m="49714" /><V124/><DORA hai="114" /><F124/><W125/><G125/><T99/><D132/><U97/><E116/><V74/><F74/><W4/><G117/><T24/><D24/><U48/><E2/><V95/><F88/><W121/><G36/><T43/><D43/><N who="1" m="16427" /><E69/><V89/><F89/><W72/><G72/><T64/><D64/><U127/><E127/><V27/><AGARI ba="0,0" hai="11,15,17,19,22,27,93,95,104,105,106" m="49714" machi="27" ten="50,3200,0" yaku="19,1,52,1" doraHai="7,114" who="2" fromWho="2" sc="293,-16,204,-8,214,32,289,-8" /><INIT seed="9,0,0,0,4,123" ten="277,196,246,281" oya="1" hai0="114,53,92,16,82,22,37,28,12,107,57,117,134" hai1="67,76,96,38,121,43,48,50,135,34,5,33,54" hai2="101,20,95,9,23,63,51,19,85,71,83,39,72" hai3="35,108,124,68,26,32,7,45,90,2,60,105,84"/><U102/><E121/><V24/><F39/><W78/><G105/><T81/><D107/><U62/><E135/><V73/><F9/><W47/><G78/><T126/><D114/><U129/><E129/><V14/><F51/><W116/><G7/><T29/><D37/><U115/><E115/><V131/><F131/><W88/><G2/><T30/><D134/><U4/><E38/><V118/><F118/><W119/><G108/><T52/><D117/><N who="3" m="45129" /><G124/><T56/><D126/><U66/><E34/><N who="3" m="12842" /><G26/><T21/><D92/><N who="1" m="58631" /><E33/><V46/><F46/><N who="3" m="17419" /><G84/><T125/><D125/><U0/><E0/><V113/><F113/><W65/><AGARI ba="0,0" hai="60,65,68,88,90" m="17419,12842,45129" machi="65" ten="40,5200,0" yaku="16,1,12,1,54,1" doraHai="123" who="3" fromWho="3" sc="277,-13,196,-26,246,-13,281,52" owari="264,6.0,170,-33.0,233,-17.0,333,44.0" /></mjloggm>