<mjloggm ver="2.3"><GO type="97" lobby="0"/><UN n0="%48%65%72%69%6F%73" n1="%79%75%79%61%70%61%70%61" n2="%E4%BF%AE%E6%A5%AD%E4%B8%AD" n3="%E3%82%A6%E3%83%AB%E3%83%88%E3%83%A9%E7%AB%8B%E7%9B%B4" dan="14,15,14,14" rate="1927.71,2053.65,1914.31,1925.22" sx="M,M,M,M"/><TAIKYOKU oya="0"/><INIT seed="0,0,0,5,1,35" ten="250,250,250,250" oya="0" hai0="93,43,41,9,68,99,63,23,21,67,71,7,83" hai1="62,103,37,96,128,98,69,74,76,110,117,60,95" hai2="120,31,106,114,56,91,127,64,28,130,5,135,92" hai3="45,50,53,86,39,65,8,129,4,51,100,113,17"/><T85/><D71/><U19/><E117/><V48/><F106/><W104/><G113/><T97/><D23/><U25/><E37/><V14/><F120/><W16/><G129/><T81/><D99/><U33/><E128/><V84/><F114/><W42/><G65/><T133/><D133/><U94/><E74/><V79/><F127/><W78/><G39/><T90/><D21/><U24/><E76/><V102/><F135/><W29/><G29/><T10/><D10/><U87/><E87/><V32/><F32/><W80/><G100/><T115/><D81/><U3/><E3/><V109/><F109/><W20/><G20/><T123/><D123/><U22/><E110/><V124/><F124/><W73/><G104/><T125/><D125/><U111/><E111/><V134/><F134/><W47/><G73/><T57/><D68/><U118/><E118/><V40/><F130/><W13/><AGARI ba="0,0" hai="4,8,13,16,17,42,45,47,50,51,53,78,80,86" machi="13" ten="20,12000,2" yaku="0,1,7,1,25,2,8,1,54,1" doraHai="35" who="3" fromWho="3" sc="250,-60,250,-30,250,-30,250,120" /><INIT seed="1,0,0,2,4,47" ten="190,220,220,370" oya="1" hai0="99,118,64,0,74,55,10,1,51,75,23,95,19" hai1="121,25,18,73,133,111,38,127,48,120,12,107,113" hai2="131,43,89,68,110,62,58,114,90,85,49,50,15" hai3="112,76,117,63,132,24,5,98,72,4,122,31,40"/><U46/><E38/><V26/><F68/><W29/><G72/><T115/><D64/><U128/><E113/><V100/><F114/><W32/><G76/><T6/><D0/><U22/><E73/><V67/><F131/><W135/><G112/><T54/><D54/><U87/><E107/><V30/><F110/><W53/><G40/><T130/><D130/><U77/><E128/><V2/><F2/><W36/><G36/><T105/><D105/><U66/><E66/><V86/><F100/><W78/><G78/><T94/><D94/><U126/><E111/><V82/><F15/><W119/><G122/><T11/><D11/><U59/><E59/><V101/><F101/><W35/><G98/><T27/><D118/><N who="3" m="45065" /><G53/><T134/><D134/><N who="3" m="51241" /><G63/><T16/><D19/><U33/><E133/><V123/><F43/><W97/><G97/><T84/><D84/><U104/><E104/><V106/><F106/><W124/><G124/><N who="1" m="47658" /><E87/><V3/><F3/><W70/><G70/><T103/><REACH who="0" step="1"/><D115/><REACH who="0" ten="180,220,220,370" step="2"/><U71/><E71/><V96/><F96/><W88/><G88/><T60/><D60/><U80/><E77/><V28/><F28/><W7/><G24/><T20/><D20/><N who="1" m="11335" /><E33/><AGARI ba="0,1" hai="4,5,7,29,31,32,33,35" m="51241,45065" machi="33" ten="40,12000,2" yaku="28,2,12,1,20,1,34,2" doraHai="47" who="3" fromWho="1" sc="180,0,220,-120,220,0,370,130" /><INIT seed="2,0,0,3,0,25" ten="180,100,220,500" oya="2" hai0="18,130,38,19,68,50,87,23,132,128,59,95,48" hai1="39,40,103,41,10,62,102,36,13,86,127,8,27" hai2="64,76,75,82,26,37,92,112,6,90,107,29,70" hai3="3,133,60,105,121,67,63,123,20,65,119,104,15"/><V77/><F37/><W78/><G3/><T118/><D38/><U2/><E127/><V66/><F107/><W71/><G119/><T110/><D68/><U113/><E113/><V44/><F77/><W57/><G78/><T33/><D33/><U91/><E2/><V116/><F116/><W49/><G15/><T56/><D118/><U108/><E108/><V85/><F112/><W58/><G20/><T30/><D110/><U0/><E0/><V117/><F117/><W7/><G7/><T52/><D132/><U55/><E39/><V72/><F72/><W9/><G9/><T124/><D124/><U42/><E36/><V84/><F70/><W22/><G22/><T98/><D87/><U79/><E79/><V11/><F44/><W120/><G133/><T34/><D34/><U80/><E27/><V129/><F75/><W89/><G89/><T54/><D130/><U35/><E35/><V46/><F46/><W94/><G94/><T114/><D128/><U125/><E10/><V134/><F129/><W12/><G12/><T96/><D114/><U21/><E21/><N who="2" m="15567" /><F134/><W109/><G109/><T17/><D95/><U61/><E125/><V131/><F131/><W45/><G71/><T69/><D69/><U111/><E111/><V106/><F106/><W93/><G93/><T100/><D100/><U51/><E103/><V126/><F126/><W1/><G1/><T74/><D74/><U115/><E102/><V47/><F47/><W101/><G101/><T28/><D23/><U5/><E115/><V4/><F4/><W135/><G135/><T31/><AGARI ba="0,0" hai="17,18,19,28,30,31,48,50,52,54,56,59,96,98" machi="31" ten="30,16000,3" yaku="5,1,0,1,9,1,8,1,52,3,54,1" doraHai="25" who="0" fromWho="0" sc="180,160,100,-40,220,-80,500,-40" /><INIT seed="3,0,0,3,5,33" ten="340,60,140,460" oya="3" hai0="79,65,23,43,90,51,89,55,129,31,122,94,40" hai1="11,135,102,116,26,32,112,20,126,46,19,13,44" hai2="64,35,41,76,86,98,68,125,3,2,14,72,18" hai3="127,84,70,99,56,29,113,7,69,53,81,91,103"/><W62/><G113/><T50/><D65/><U42/><E112/><V75/><F35/><W115/><G115/><T134/><D122/><U121/><E121/><V48/><F125/><W54/><G127/><T60/><D79/><U118/><E126/><V132/><F132/><W82/><G7/><T24/><D134/><U133/><E102/><V96/><F68/><W120/><G120/><T28/><D129/><U66/><E66/><V34/><F64/><W88/><G29/><T57/><D31/><N who="1" m="19575" /><E46/><V95/><F34/><W45/><G45/><T111/><D111/><U21/><E44/><V47/><F72/><W25/><G25/><T128/><D128/><U123/><E42/><V108/><F75/><W38/><G38/><T36/><D36/><U49/><E49/><N who="0" m="18441" /><D89/><U37/><E37/><V15/><F108/><W16/><G54/><T58/><D58/><U10/><E123/><V100/><F96/><AGARI ba="0,0" hai="23,24,28,40,43,55,57,60,90,94,96" m="18441" machi="96" ten="30,1000,0" yaku="8,1" doraHai="33" who="0" fromWho="2" sc="340,10,60,0,140,-10,460,0" owari="350,15.0,60,-44.0,130,-27.0,460,56.0" /></mjloggm>