<mjloggm ver="2.3"><GO type="97" lobby="0"/><UN n0="%E3%82%A6%E3%83%AB%E3%83%88%E3%83%A9%E7%AB%8B%E7%9B%B4" n1="%EF%BC%88%C2%B4%EF%BC%9B%CF%89%EF%BC%9B%EF%BD%80%EF%BC%89" n2="%E3%82%B7%E3%83%BC%E3%83%9E%31%38%36%36" n3="%E9%9B%A2%E5%A9%9A%E6%99%82%E4%BB%A3" dan="15,15,14,14" rate="2029.83,1944.83,1887.51,1926.64" sx="M,M,M,M"/><TAIKYOKU oya="0"/><INIT seed="0,0,0,1,3,22" ten="250,250,250,250" oya="0" hai0="28,44,70,65,19,64,86,119,108,9,49,21,91" hai1="96,85,32,105,39,52,57,135,66,2,82,120,123" hai2="58,31,84,5,6,1,131,99,0,133,67,23,113" hai3="45,104,27,40,3,17,83,24,4,48,75,74,68"/><T88/><D70/><U80/><E2/><V51/><F113/><W35/><G104/><T98/><D119/><U111/><E32/><V107/><F131/><W76/><G68/><T128/><D128/><U87/><E39/><V81/><F133/><W97/><G97/><T92/><D28/><U77/><E135/><V118/><F118/><W20/><G4/><T50/><D9/><U61/><E111/><V18/><F31/><W134/><G3/><T93/><D108/><U43/><E43/><V15/><F1/><W116/><G134/><T7/><D7/><U127/><E127/><V126/><F0/><W16/><G116/><T60/><D60/><U117/><E117/><V112/><F112/><W63/><G63/><T109/><D109/><U59/><E96/><V71/><F71/><W25/><G35/><T29/><D29/><U79/><REACH who="1" step="1"/><E105/><REACH who="1" ten="250,240,250,250" step="2"/><V106/><F126/><W94/><G94/><T124/><D124/><U114/><E114/><V90/><F107/><W33/><G33/><T42/><D50/><AGARI ba="0,1" hai="50,52,57,59,61,66,77,79,80,82,85,87,120,123" machi="50" ten="30,7700,0" yaku="1,1,7,1,9,1,54,1,53,0" doraHai="22" doraHaiUra="132" who="1" fromWho="0" sc="250,-77,240,87,250,0,250,0" /><INIT seed="1,0,0,3,3,64" ten="173,327,250,250" oya="1" hai0="59,10,58,65,104,36,100,57,116,96,55,63,24" hai1="52,123,70,21,5,56,22,66,32,35,97,26,106" hai2="37,39,11,117,120,45,67,110,101,23,119,121,108" hai3="28,95,87,111,6,46,127,68,89,71,47,131,126"/><U130/><E130/><V112/><F101/><W103/><G6/><T80/><D36/><N who="2" m="13898" /><F11/><W30/><G131/><T18/><D116/><N who="2" m="44618" /><F23/><W79/><G79/><T73/><D73/><U90/><E123/><N who="2" m="47179" /><F45/><N who="3" m="16907" /><G103/><T114/><D114/><U74/><E74/><V82/><F67/><W61/><G61/><T133/><D133/><U13/><E106/><V44/><F82/><W60/><G60/><T7/><D80/><U4/><E66/><V31/><F31/><N who="3" m="11819" /><G111/><N who="2" m="42537" /><F44/><W107/><G107/><T54/><D18/><U42/><E32/><V51/><F51/><W27/><G27/><T92/><D24/><U38/><E35/><V20/><F20/><W118/><G118/><T105/><D105/><U81/><E81/><V48/><F48/><W34/><G34/><T8/><D104/><U14/><E14/><V134/><F134/><W43/><G43/><T69/><REACH who="0" step="1"/><D10/><REACH who="0" ten="163,327,250,250" step="2"/><U16/><E16/><V135/><F135/><W41/><G41/><T77/><D77/><U115/><E42/><V132/><F132/><W12/><G12/><AGARI ba="0,1" hai="7,8,12,54,55,57,58,59,63,65,69,92,96,100" machi="12" ten="40,2600,0" yaku="1,1,52,1,53,0" doraHai="64" doraHaiUra="72" who="0" fromWho="3" sc="163,36,327,0,250,0,250,-26" /><INIT seed="2,0,0,2,5,5" ten="199,327,250,224" oya="2" hai0="13,29,40,70,45,52,82,10,109,65,7,3,27" hai1="106,57,79,39,68,95,96,87,101,59,111,0,44" hai2="73,89,131,100,36,127,43,124,35,134,99,108,1" hai3="26,19,118,104,110,21,16,77,72,81,50,32,94"/><V107/><F35/><W38/><G38/><T115/><D115/><U31/><E68/><V92/><F1/><W25/><G104/><T64/><D109/><U93/><E0/><V24/><F24/><W76/><G110/><T51/><D70/><U22/><E111/><V120/><F36/><W98/><G118/><T63/><D3/><U91/><E79/><V75/><F43/><W30/><G77/><T8/><D82/><U88/><E39/><V135/><F108/><W55/><G19/><T66/><D10/><U60/><E44/><V23/><F23/><W12/><G30/><T83/><D83/><U128/><E128/><V103/><F120/><W97/><G97/><T112/><D112/><U2/><E60/><V49/><F49/><W129/><G32/><T11/><D11/><U121/><E2/><V37/><F37/><W122/><G122/><T17/><D7/><U20/><E121/><V18/><F18/><W48/><G48/><T62/><REACH who="0" step="1"/><D40/><REACH who="0" ten="189,327,250,224" step="2"/><U102/><E106/><V71/><F71/><W74/><G129/><T132/><D132/><N who="2" m="50730" /><F131/><W85/><G72/><N who="2" m="27721" /><F107/><W116/><G74/><T28/><D28/><U78/><E31/><V9/><F9/><W41/><G41/><T123/><D123/><U61/><E20/><AGARI ba="0,1" hai="8,13,17,20,27,29,45,51,52,62,63,64,65,66" machi="20" ten="40,8000,1" yaku="1,1,8,1,52,1,54,1,53,0" doraHai="5" doraHaiUra="90" who="0" fromWho="1" sc="189,90,327,-80,250,0,224,0" /><INIT seed="3,0,0,3,0,134" ten="279,247,250,224" oya="3" hai0="85,114,29,101,36,95,107,37,74,92,78,89,76" hai1="132,125,98,81,115,23,123,26,82,91,118,104,16" hai2="27,58,34,62,15,96,99,83,90,50,131,79,57" hai3="110,60,100,63,77,19,40,30,61,130,2,59,97"/><W13/><G2/><T80/><D29/><U109/><E123/><V54/><F131/><W4/><G130/><T103/><D37/><U45/><E115/><V25/><F34/><W113/><G113/><T39/><D39/><U86/><E109/><V10/><F90/><W52/><G110/><T21/><D21/><U3/><E132/><V14/><F96/><W65/><G30/><T120/><D36/><U106/><E3/><V75/><F99/><W1/><G40/><T87/><D120/><U64/><E118/><V33/><F33/><W5/><G1/><T17/><D17/><U47/><E125/><V124/><F124/><W127/><G77/><N who="0" m="46223" /><D114/><U53/><E64/><V88/><F88/><W135/><G135/><T42/><D42/><U68/><E68/><V71/><F71/><W72/><G72/><T35/><D35/><U66/><E66/><V102/><F102/><N who="0" m="38922" /><D107/><U128/><E128/><V38/><F38/><W9/><G127/><T129/><D129/><U44/><E106/><V22/><F27/><W70/><REACH who="3" step="1"/><G61/><REACH who="3" ten="279,247,250,214" step="2"/><T126/><D126/><U41/><E104/><AGARI ba="0,1" hai="4,5,9,13,19,52,59,60,63,65,70,97,100,104" machi="104" ten="30,11600,0" yaku="1,1,2,1,7,1,54,1,53,0" doraHai="134" doraHaiUra="43" who="3" fromWho="1" sc="279,0,247,-116,250,0,214,126" owari="279,8.0,131,-37.0,250,-15.0,340,44.0" /></mjloggm>