<mjloggm ver="2.3"><GO type="97" lobby="0"/><UN n0="%E3%82%A6%E3%83%AB%E3%83%88%E3%83%A9%E7%AB%8B%E7%9B%B4" n1="%E3%83%89%E3%82%A4%E3%83%84%E3%81%AE%E6%96%A5%E5%80%99" n2="%E3%83%9F%E3%82%BF%E3%83%A2%E3%83%B3" n3="%46%2D%47" dan="14,14,14,14" rate="1956.05,1930.56,1962.14,1973.88" sx="M,M,M,M"/><TAIKYOKU oya="0"/><INIT seed="0,0,0,4,3,46" ten="250,250,250,250" oya="0" hai0="69,16,129,135,110,101,132,84,50,108,75,67,80" hai1="99,73,118,40,90,61,115,123,47,5,65,109,72" hai2="39,28,88,54,44,79,82,60,49,112,53,121,111" hai3="83,104,18,33,95,107,125,1,68,133,113,92,97"/><T64/><D101/><U27/><E123/><V124/><F112/><W105/><G1/><T116/><D75/><U102/><E118/><V86/><F121/><W120/><G33/><T96/><D96/><U91/><E115/><V15/><F28/><W71/><G113/><T127/><D116/><U26/><E5/><V35/><F35/><W89/><G120/><T9/><D127/><U119/><E109/><N who="0" m="42089" /><D129/><U38/><E119/><V36/><F111/><W85/><G125/><T126/><D126/><U93/><E73/><V130/><F130/><W94/><G18/><T117/><D117/><U14/><E72/><V122/><F122/><W12/><G12/><N who="0" m="7183" /><D50/><U66/><E14/><V42/><F124/><W19/><G19/><T21/><D21/><U2/><E2/><V6/><F39/><W74/><G133/><N who="0" m="51275" /><D69/><U48/><E38/><V25/><F36/><W10/><G10/><T58/><D58/><N who="1" m="37047" /><E66/><V30/><F79/><AGARI ba="0,0" hai="64,67,79,80,84" m="51275,7183,42089" machi="79" ten="30,11600,0" yaku="14,1,10,1,20,1,54,1" doraHai="46" who="0" fromWho="2" sc="250,116,250,0,250,-116,250,0" /><INIT seed="0,1,0,2,1,0" ten="366,250,134,250" oya="0" hai0="66,11,56,9,88,23,42,93,29,72,27,105,128" hai1="96,134,64,131,79,26,10,83,110,86,85,113,32" hai2="31,59,6,119,54,102,95,82,94,1,51,36,62" hai3="126,91,100,130,129,44,49,4,127,22,103,20,114"/><T90/><D105/><U117/><E117/><V19/><F36/><W47/><G114/><T84/><D72/><U2/><E113/><V40/><F119/><W14/><G91/><T35/><D128/><N who="3" m="49257" /><G49/><T132/><D132/><U43/><E131/><V39/><F31/><W17/><G4/><T50/><D35/><U60/><E43/><V5/><F1/><W92/><G92/><T24/><D24/><U120/><E120/><V63/><F95/><W8/><G8/><T58/><D58/><U115/><E115/><V116/><F116/><W41/><G41/><T98/><D42/><U12/><E2/><V97/><F82/><W38/><G38/><T75/><D75/><U125/><E125/><N who="3" m="47626" /><G20/><T70/><D50/><U87/><E96/><V135/><F39/><W45/><AGARI ba="1,0" hai="14,17,22,44,45,47,100,103" m="47626,49257" machi="45" ten="40,2700,0" yaku="19,1,18,1" doraHai="0" who="3" fromWho="3" sc="366,-14,250,-8,134,-8,250,30" /><INIT seed="1,0,0,3,1,99" ten="352,242,126,280" oya="1" hai0="33,103,110,62,51,2,65,107,94,68,111,5,22" hai1="10,63,95,86,118,23,6,12,113,18,124,74,46" hai2="116,55,72,101,115,89,79,52,41,67,30,16,114" hai3="88,4,104,102,13,82,45,123,127,50,26,117,71"/><U17/><E113/><V97/><F116/><W121/><G71/><T31/><D5/><U70/><E74/><V91/><F30/><W35/><G117/><T0/><D33/><U21/><E118/><V25/><F25/><W133/><G127/><T47/><D107/><U69/><E124/><V96/><F41/><W130/><G133/><T53/><D103/><U29/><E46/><V90/><F67/><W48/><G130/><T129/><D94/><U28/><E69/><V7/><F7/><W106/><G48/><T81/><D81/><U34/><E34/><V98/><F79/><W108/><G108/><N who="0" m="41515" /><D129/><U126/><E126/><V36/><F36/><W14/><G26/><AGARI ba="0,0" hai="0,2,22,26,31,47,51,53,62,65,68" m="41515" machi="26" ten="30,1000,0" yaku="14,1" doraHai="99" who="0" fromWho="3" sc="352,10,242,0,126,0,280,-10" /><INIT seed="2,0,0,3,2,63" ten="362,242,126,270" oya="2" hai0="89,44,126,107,123,110,91,34,56,9,71,2,102" hai1="132,87,7,52,57,96,31,131,88,6,37,43,65" hai2="113,95,3,120,13,0,104,28,84,128,105,17,59" hai3="1,35,33,15,42,19,51,129,10,122,36,81,127"/><V134/><F120/><W118/><G122/><T67/><D91/><U93/><E131/><V97/><F113/><W94/><G36/><T32/><D89/><U116/><E116/><V45/><F28/><W58/><G129/><T66/><D56/><U85/><E132/><V24/><F128/><W78/><G118/><T117/><D44/><U83/><E31/><V77/><F134/><W11/><G127/><T103/><D123/><U72/><E72/><V62/><F45/><W86/><G94/><T111/><D117/><U109/><E109/><N who="0" m="41481" /><D71/><U20/><E43/><V4/><F105/><W46/><G58/><T60/><D60/><N who="1" m="38031" /><E37/><V49/><F49/><W64/><G64/><N who="0" m="24619" /><D126/><U124/><E124/><V39/><F39/><W70/><G70/><T30/><D30/><U82/><E88/><V47/><F104/><W100/><G100/><N who="0" m="38443" /><D107/><U106/><E106/><V26/><F47/><W25/><G25/><T115/><D115/><U114/><E114/><V121/><F121/><W12/><REACH who="3" step="1"/><G1/><REACH who="3" ten="362,242,126,260" step="2"/><T76/><D2/><U21/><E93/><V108/><F108/><W125/><G125/><T18/><D76/><U130/><E130/><V23/><F3/><W8/><G8/><T27/><D27/><U74/><E96/><V75/><F0/><W38/><G38/><T61/><D61/><U50/><E50/><V5/><F75/><W101/><G101/><T73/><D73/><U112/><E74/><V54/><F26/><W29/><G29/><T53/><D9/><U79/><E112/><V16/><F24/><W98/><G98/><T80/><D32/><U41/><E87/><RYUUKYOKU ba="0,1" sc="362,-10,242,-10,126,-10,260,30" hai3="10,11,12,15,19,33,35,42,46,51,78,81,86" /><INIT seed="3,1,1,1,0,78" ten="352,232,116,290" oya="3" hai0="115,117,40,49,100,17,85,64,74,3,130,123,14" hai1="69,87,77,68,109,39,29,89,71,41,119,122,32" hai2="50,72,125,7,110,59,90,97,134,116,6,57,43" hai3="58,60,45,133,47,118,66,112,19,15,132,25,104"/><W91/><G104/><T96/><D74/><U62/><E122/><V128/><F116/><W2/><G112/><T114/><D3/><U129/><E119/><V24/><F72/><W35/><G118/><T126/><D117/><U38/><E109/><V65/><F110/><W48/><G2/><T20/><D123/><U121/><E121/><V0/><F125/><W42/><G47/><N who="0" m="25831" /><D85/><U55/><E77/><V30/><F134/><N who="3" m="51819" /><G91/><T9/><D64/><U52/><E29/><V26/><F65/><W131/><G131/><T124/><D20/><U105/><E105/><V103/><F0/><W36/><G36/><T54/><D54/><U56/><E32/><V37/><F37/><W81/><G81/><T106/><D130/><U16/><E55/><V21/><F128/><W88/><G88/><T83/><D83/><U27/><E41/><V13/><F90/><W135/><N who="3" m="51827" /><W86/><DORA hai="34" /><G86/><T82/><D82/><U73/><E73/><V99/><F13/><W28/><G15/><T120/><D120/><U108/><E129/><V4/><F26/><W92/><G92/><T102/><D102/><U98/><E108/><V23/><F23/><W18/><AGARI ba="1,1" hai="18,19,25,28,35,42,45,48,58,60,66" m="51827" machi="18" ten="40,2100,0" yaku="20,1" doraHai="78,34" who="3" fromWho="3" sc="352,-8,232,-8,116,-8,290,34" /><INIT seed="3,2,0,3,3,118" ten="344,224,108,324" oya="3" hai0="80,96,114,81,34,13,106,125,42,24,85,8,45" hai1="113,75,115,19,16,23,20,116,79,59,36,111,11" hai2="52,35,131,127,44,78,95,66,87,101,50,73,107" hai3="15,2,43,71,98,54,33,102,56,68,18,110,21"/><W97/><G110/><T60/><D125/><U40/><E116/><V1/><F127/><W74/><G74/><T25/><D114/><U76/><E111/><V82/><F131/><W135/><G2/><T65/><D34/><U26/><E11/><V126/><F126/><W7/><G7/><T92/><D106/><U121/><E121/><V6/><F35/><W41/><G135/><T67/><D45/><U39/><E59/><V99/><F66/><N who="0" m="25098" /><D60/><U49/><E49/><V14/><F6/><W5/><G5/><N who="0" m="3215" /><D42/><U48/><E48/><V9/><F1/><W134/><G134/><T86/><D86/><U70/><E26/><N who="0" m="10345" /><D85/><U47/><E47/><V58/><F44/><W90/><G33/><T122/><D122/><U84/><E84/><V10/><F14/><W91/><G68/><T64/><D64/><U132/><E132/><V61/><F61/><W51/><G71/><T3/><D3/><U117/><E117/><V89/><F89/><AGARI ba="2,0" hai="80,81,89,92,96" m="10345,3215,25098" machi="89" ten="30,1000,0" yaku="8,1" doraHai="118" who="0" fromWho="2" sc="344,16,224,0,108,-16,324,0" owari="360,47.0,224,-18.0,92,-41.0,324,12.0" /></mjloggm>