<mjloggm ver="2.3"><GO type="97" lobby="0"/><UN n0="%37%39%30%30%63%32%34" n1="%6D%61%73%68%30%39%36%36" n2="%E3%81%8F%E3%83%BC%E3%82%84" n3="%E3%82%A6%E3%83%AB%E3%83%88%E3%83%A9%E7%AB%8B%E7%9B%B4" dan="13,13,15,15" rate="1857.01,1836.46,2045.75,1958.12" sx="F,M,M,M"/><TAIKYOKU oya="0"/><INIT seed="0,0,0,3,5,19" ten="250,250,250,250" oya="0" hai0="14,0,45,56,129,104,97,20,118,127,103,66,82" hai1="34,3,101,135,37,71,120,1,96,39,111,2,52" hai2="25,17,12,36,46,100,112,28,68,124,31,42,74" hai3="92,84,51,22,122,35,69,61,79,125,114,73,116"/><T43/><D0/><U105/><E120/><V75/><F112/><W119/><G35/><T57/><D118/><U9/><E135/><V95/><F68/><W117/><G114/><T76/><D127/><U44/><E111/><V27/><F124/><W63/><G125/><T81/><D129/><U13/><E71/><V93/><F27/><W65/><G122/><T53/><D66/><U123/><E34/><V47/><F47/><W33/><G33/><T110/><D110/><U8/><E123/><V70/><F70/><W107/><G107/><T48/><D76/><U5/><REACH who="1" step="1"/><E8/><REACH who="1" ten="250,240,250,250" step="2"/><V99/><F31/><W88/><G69/><T18/><REACH who="0" step="1"/><D57/><REACH who="0" ten="240,240,250,250" step="2"/><U49/><AGARI ba="0,2" hai="1,2,3,5,9,13,37,39,44,49,52,96,101,105" machi="49" ten="40,8000,1" yaku="1,1,2,1,0,1,54,1,53,0" doraHai="19" doraHaiUra="115" who="1" fromWho="1" sc="240,-40,240,100,250,-20,250,-20" /><INIT seed="1,0,0,0,1,98" ten="200,340,230,230" oya="1" hai0="65,2,123,126,79,87,39,17,122,94,90,31,97" hai1="38,121,61,10,84,100,133,64,3,14,117,135,54" hai2="76,109,130,6,114,18,37,101,22,11,71,15,27" hai3="72,12,57,0,124,47,120,73,103,53,127,48,36"/><U5/><E117/><V112/><F71/><W99/><G0/><T9/><D31/><U88/><E121/><N who="0" m="46089" /><D39/><U118/><E118/><V35/><F37/><W113/><G113/><N who="2" m="43625" /><F76/><W74/><G12/><N who="0" m="7311" /><D2/><U16/><E38/><V78/><F78/><W116/><G116/><T42/><D42/><U95/><E54/><V102/><F130/><W77/><G77/><T26/><D65/><U105/><E105/><V70/><F70/><W41/><REACH who="3" step="1"/><G120/><REACH who="3" ten="200,340,230,220" step="2"/><T30/><D126/><U7/><E3/><N who="2" m="479" /><F109/><W108/><G108/><T34/><D79/><U44/><E135/><V107/><F107/><AGARI ba="0,1" hai="36,41,47,48,53,57,72,73,74,99,103,107,124,127" machi="107" ten="40,2600,0" yaku="1,1,52,1,53,0" doraHai="98" doraHaiUra="23" who="3" fromWho="2" sc="200,0,340,0,230,-26,220,36" /><INIT seed="2,0,0,4,2,57" ten="200,340,204,256" oya="2" hai0="45,71,73,47,123,113,63,115,11,74,114,12,4" hai1="94,86,6,39,30,121,1,51,134,62,36,101,59" hai2="78,15,14,77,131,106,40,41,75,17,130,124,34" hai3="65,43,49,92,84,20,61,8,76,19,126,50,87"/><V97/><F34/><W81/><G126/><T21/><D123/><U2/><E121/><V24/><F124/><W64/><G8/><T119/><D119/><U32/><E134/><V46/><F24/><W44/><G50/><T53/><D21/><U112/><E112/><V56/><F106/><W90/><G61/><T100/><D100/><U132/><E132/><V80/><F97/><W48/><REACH who="3" step="1"/><G48/><REACH who="3" ten="200,340,204,246" step="2"/><T68/><D71/><U58/><E51/><V117/><F117/><W69/><G69/><T3/><D3/><U10/><E1/><V105/><F105/><W79/><G79/><T54/><D53/><U104/><E104/><V107/><F107/><W38/><G38/><T83/><D68/><U82/><E39/><V22/><F78/><W7/><G7/><T23/><D63/><U93/><E36/><V35/><F46/><W110/><G110/><T0/><D54/><U99/><E62/><V18/><F56/><W67/><G67/><T70/><D47/><U42/><E59/><V91/><F35/><W128/><G128/><N who="2" m="49193" /><F91/><W27/><AGARI ba="0,1" hai="19,20,27,43,44,49,64,65,76,81,84,87,90,92" machi="27" ten="20,5200,0" yaku="1,1,0,1,7,1,8,1,53,0" doraHai="57" doraHaiUra="133" who="3" fromWho="3" sc="200,-13,340,-13,204,-26,246,62" /><INIT seed="3,0,0,2,2,33" ten="187,327,178,308" oya="3" hai0="114,95,82,54,83,72,42,21,48,61,85,66,134" hai1="101,65,109,1,14,132,94,30,81,53,117,74,64" hai2="51,67,130,88,97,112,26,0,32,77,92,16,55" hai3="59,8,2,29,99,126,4,41,76,3,127,131,103"/><W113/><G113/><T116/><D114/><U5/><E30/><V111/><F112/><W19/><G29/><T49/><D72/><U25/><E132/><V22/><F32/><W35/><G35/><T110/><D116/><U40/><E25/><V17/><F130/><W18/><G3/><T34/><D34/><U43/><E117/><V37/><F37/><W108/><G76/><T47/><D110/><U115/><E115/><V91/><F0/><W84/><G84/><T93/><D134/><U15/><E109/><V45/><F111/><W62/><G41/><T46/><D21/><U107/><E107/><V27/><F67/><N who="1" m="25673" /><E1/><V90/><F77/><W79/><G79/><T28/><D82/><U104/><E74/><V58/><F45/><W80/><G80/><T39/><D28/><U10/><E104/><V75/><F75/><W73/><G73/><T13/><D39/><U86/><E15/><V50/><F50/><W71/><G71/><T6/><D83/><U69/><E69/><V98/><F98/><W70/><G70/><T20/><D85/><U78/><E53/><V24/><F17/><N who="3" m="6155" /><G108/><T128/><D128/><U124/><E124/><N who="3" m="47658" /><G131/><T11/><D20/><U102/><E94/><V125/><F125/><W100/><G99/><T119/><D119/><U123/><E123/><V56/><F56/><AGARI ba="0,0" hai="6,11,13,42,46,47,48,49,54,56,61,66,93,95" machi="56" ten="30,2000,0" yaku="7,1,8,1" doraHai="33" who="0" fromWho="2" sc="187,20,327,0,178,-20,308,0" owari="207,-19.0,327,42.0,158,-34.0,308,11.0" /></mjloggm>