<mjloggm ver="2.3"><GO type="97" lobby="0"/><UN n0="%E3%82%AB%E3%83%BC%E3%83%AD%E3%82%B9%E3%83%AA%E3%83%99%E3%83%A9" n1="%E3%82%A6%E3%83%AB%E3%83%88%E3%83%A9%E7%AB%8B%E7%9B%B4" n2="%E5%A4%A7%E5%85%A5%E9%81%93%E3%81%8F%E3%82%93" n3="%E3%81%9F%E3%81%A0%E3%81%AE%E8%97%81%E4%BA%BA%E5%BD%A2" dan="14,15,15,15" rate="1901.12,2066.42,1990.00,1987.26" sx="M,M,M,M"/><TAIKYOKU oya="0"/><INIT seed="0,0,0,5,1,38" ten="250,250,250,250" oya="0" hai0="2,118,121,97,131,110,17,48,68,60,93,134,113" hai1="49,81,13,66,11,122,59,35,31,125,41,22,96" hai2="89,120,6,101,20,104,10,72,40,44,98,7,123" hai3="26,71,34,112,64,23,128,53,124,5,47,106,83"/><T14/><D48/><U116/><E35/><V107/><F107/><W19/><G112/><T127/><D60/><U15/><E122/><V105/><F105/><W1/><G128/><T39/><D93/><U77/><E116/><V99/><F7/><W29/><G124/><T82/><D82/><U58/><E125/><V54/><F72/><W16/><G106/><T88/><D14/><U12/><E96/><V3/><F54/><W8/><G83/><T33/><D17/><U70/><E70/><V85/><F99/><W45/><G19/><T75/><D88/><U102/><E102/><V130/><F20/><W55/><G71/><T42/><D42/><U52/><E41/><V67/><F67/><W37/><G64/><T80/><D80/><U86/><E22/><V56/><F56/><W100/><G100/><T109/><D97/><U76/><E31/><V43/><F43/><N who="3" m="22767" /><G47/><T30/><D30/><U114/><E114/><V135/><F130/><W84/><G84/><T129/><D129/><U78/><E11/><V133/><F123/><W119/><G119/><T63/><D63/><AGARI ba="0,0" hai="12,13,15,49,52,58,59,63,66,76,77,78,81,86" machi="63" ten="40,2600,0" yaku="8,1,54,1" doraHai="38" who="1" fromWho="0" sc="250,-26,250,26,250,0,250,0" /><INIT seed="1,0,0,1,0,41" ten="224,276,250,250" oya="1" hai0="76,115,106,58,126,117,29,122,69,19,134,75,10" hai1="104,77,78,12,131,116,25,93,89,6,23,85,5" hai2="39,0,80,47,35,56,133,128,88,54,97,8,73" hai3="34,30,59,132,95,49,84,112,72,20,101,86,87"/><U55/><E104/><V96/><F35/><W83/><G34/><T51/><D29/><U94/><E131/><V28/><F28/><W15/><G112/><T70/><D76/><U36/><E36/><V119/><F119/><W62/><G62/><T102/><D102/><U18/><E116/><V108/><F128/><W123/><G132/><T92/><D92/><U3/><E3/><V120/><F133/><W67/><G67/><T121/><D58/><U42/><E42/><V45/><F120/><W33/><G33/><T100/><D100/><U90/><E55/><V17/><F39/><W21/><G123/><T110/><D51/><U37/><E37/><V48/><F108/><W82/><G72/><T129/><D19/><U125/><E125/><V103/><F73/><W118/><G59/><T109/><D10/><N who="1" m="4175" /><E6/><V68/><F68/><W130/><G130/><T53/><D53/><U66/><E66/><V24/><F0/><W38/><G38/><T81/><D81/><N who="3" m="30729" /><G49/><T26/><D26/><U91/><E90/><V111/><F111/><W135/><G135/><T105/><D105/><U113/><E113/><V50/><F56/><W40/><G40/><T27/><D27/><U31/><E31/><V99/><F24/><N who="3" m="16647" /><G118/><T46/><D46/><N who="2" m="17418" /><F54/><W124/><G124/><T9/><D122/><U22/><E78/><V11/><F103/><W16/><G101/><T2/><D109/><U32/><E77/><V52/><F52/><W79/><G79/><T114/><D114/><U64/><E32/><V14/><F8/><W98/><G95/><T7/><D115/><U74/><E94/><RYUUKYOKU ba="0,0" sc="224,-15,276,-15,250,15,250,15" hai2="11,14,17,48,50,80,88,96,97,99" hai3="15,16,21,84,86,87,98" /><INIT seed="2,1,0,3,5,58" ten="209,261,265,265" oya="2" hai0="124,52,135,10,22,108,111,84,24,20,113,29,118" hai1="79,120,77,69,63,115,74,11,116,5,1,93,127" hai2="131,114,55,70,6,104,2,21,134,53,105,67,8" hai3="78,37,46,0,45,122,121,73,32,54,71,23,64"/><V95/><F114/><W35/><G23/><T44/><D113/><U80/><E115/><V129/><F134/><W39/><G54/><T34/><D135/><U133/><E133/><V72/><F72/><W90/><G90/><T28/><D118/><U15/><E116/><V130/><F21/><W30/><G46/><T103/><D103/><U112/><E112/><V86/><F86/><W107/><G107/><N who="2" m="41033" /><F95/><W62/><G30/><T18/><D124/><U48/><E127/><V68/><F68/><W123/><G0/><T97/><D97/><U13/><E120/><V91/><F91/><W50/><G50/><T49/><D84/><U75/><E93/><V16/><F16/><W26/><G26/><T51/><D51/><U31/><E31/><V76/><F76/><W100/><G100/><T59/><D44/><U12/><E48/><V126/><F126/><W65/><G65/><T101/><D101/><U9/><E9/><V128/><F128/><W94/><G94/><T109/><REACH who="0" step="1"/><D28/><REACH who="0" ten="199,261,265,265" step="2"/><U36/><E75/><V4/><F4/><W38/><G38/><T7/><D7/><U89/><E36/><N who="3" m="13898" /><G45/><T119/><D119/><U40/><E40/><V17/><F17/><W92/><G92/><T83/><D83/><AGARI ba="1,1" hai="32,35,62,64,71,73,78,83,121,122,123" m="13898" machi="83" ten="40,2600,0" yaku="23,1,52,1" doraHai="58" who="3" fromWho="0" sc="199,-29,261,0,265,0,265,39" /><INIT seed="3,0,0,5,1,55" ten="170,261,265,304" oya="3" hai0="61,112,70,121,68,88,58,44,69,120,62,80,25" hai1="109,89,13,29,45,51,14,59,16,7,71,118,127" hai2="72,84,83,22,54,73,66,49,96,60,100,52,115" hai3="57,116,31,90,95,77,26,64,41,106,117,11,5"/><W98/><G106/><T15/><D25/><U37/><E71/><N who="0" m="18177" /><T107/><DORA hai="135" /><D107/><U74/><E74/><V30/><F115/><W47/><G77/><T78/><D15/><U104/><E104/><V79/><F54/><W28/><G28/><T122/><D88/><U76/><E37/><V38/><F38/><W101/><G90/><T20/><D20/><U132/><E132/><V43/><F43/><W36/><G64/><N who="0" m="38967" /><D78/><U0/><E0/><V2/><F2/><W124/><G11/><T97/><D97/><U48/><E76/><V123/><F123/><N who="0" m="31490" /><T12/><DORA hai="131" /><D12/><U94/><E14/><V65/><F73/><W87/><G5/><T75/><D80/><U4/><E29/><V85/><F72/><W27/><G26/><T108/><D75/><U86/><E7/><V8/><F8/><W40/><G27/><T102/><D102/><U67/><E4/><V126/><F84/><W35/><G31/><T24/><D24/><U81/><E81/><V111/><F22/><W105/><G87/><T18/><D18/><U93/><E16/><V133/><F30/><W130/><G105/><T10/><D10/><U82/><E82/><V46/><F83/><W134/><G101/><T92/><D92/><U32/><E93/><V23/><F100/><W9/><G95/><T119/><D112/><U1/><E94/><V3/><F79/><W34/><G98/><T99/><D99/><U63/><E86/><V19/><F85/><W103/><G103/><T110/><D119/><U113/><E118/><V91/><F96/><W128/><G116/><T21/><D21/><RYUUKYOKU ba="0,0" sc="170,0,261,0,265,0,304,0" owari="170,-33.0,261,-14.0,265,7.0,304,40.0" /></mjloggm>