<mjloggm ver="2.3"><GO type="97" lobby="0"/><UN n0="%E3%82%A6%E3%83%AB%E3%83%88%E3%83%A9%E7%AB%8B%E7%9B%B4" n1="%77%6F%6E%69%6B%75" n2="%E3%81%A6%E3%81%A8%E3%81%A1%E3%81%A6" n3="%E9%9B%80%E9%AC%BC%E8%94%B5%E6%88%B8" dan="15,13,14,14" rate="1972.99,1863.92,1922.73,1962.57" sx="M,M,M,M"/><TAIKYOKU oya="0"/><INIT seed="0,0,0,3,5,25" ten="250,250,250,250" oya="0" hai0="117,128,70,77,119,90,37,56,42,6,118,43,130" hai1="106,71,101,73,93,124,35,126,127,55,36,45,49" hai2="92,98,57,60,26,16,14,61,94,84,46,12,40" hai3="68,104,59,13,19,1,3,9,28,10,86,5,135"/><T79/><D70/><U108/><E73/><V2/><F2/><W88/><G68/><T129/><D6/><U111/><E71/><V81/><F94/><W65/><G104/><T97/><D97/><N who="1" m="61743" /><E36/><V33/><F60/><W103/><G103/><T27/><D90/><U48/><E35/><V96/><F96/><W105/><G105/><T100/><D100/><U112/><E93/><V83/><F46/><W109/><G109/><N who="1" m="42058" /><E49/><V47/><F47/><W29/><G135/><T74/><D56/><U7/><E7/><V75/><F75/><W115/><G1/><T125/><D125/><N who="1" m="32003" /><U52/><DORA hai="20" /><E112/><V85/><F33/><W131/><G115/><T22/><D74/><U44/><E44/><V31/><F92/><W87/><G65/><T51/><D51/><U58/><E58/><V78/><F57/><W132/><G59/><T76/><D37/><U72/><E72/><V107/><F107/><W4/><G4/><T114/><REACH who="0" step="1"/><D114/><REACH who="0" ten="240,250,250,250" step="2"/><U122/><E122/><V133/><F133/><W99/><G5/><T64/><D64/><U8/><E8/><V21/><F78/><W134/><G10/><T62/><D62/><U50/><E50/><V34/><F61/><W116/><G9/><T89/><D89/><U0/><E0/><V69/><F69/><W18/><G88/><T113/><D113/><U23/><E23/><V110/><F21/><W95/><G3/><T54/><D54/><AGARI ba="0,1" hai="45,48,52,54,55" m="32003,42058,61743" machi="54" ten="50,6400,0" yaku="14,1,18,1,54,1" doraHai="25,20" who="1" fromWho="0" sc="240,-64,250,74,250,0,250,0" /><INIT seed="1,0,0,4,4,110" ten="176,324,250,250" oya="1" hai0="83,28,134,126,23,106,117,130,70,55,46,47,108" hai1="90,13,99,96,73,88,45,39,30,65,29,48,36" hai2="131,8,32,93,113,112,22,0,52,60,57,118,9" hai3="115,100,120,75,61,27,71,6,42,49,121,19,122"/><U128/><E73/><V105/><F105/><W69/><G75/><T31/><D70/><U114/><E114/><N who="2" m="44139" /><F32/><W87/><G115/><T79/><D108/><U41/><E128/><V7/><F118/><W40/><G6/><T81/><D23/><U16/><E65/><V44/><F131/><W50/><G61/><T135/><D79/><U67/><E67/><V21/><F9/><W95/><G71/><T72/><D130/><U94/><E36/><V74/><F74/><W3/><G69/><T64/><D72/><U54/><E39/><V38/><F93/><W133/><G95/><T68/><D68/><U33/><E33/><V77/><F77/><W76/><G76/><T10/><D64/><U2/><E2/><V62/><F62/><W123/><G3/><T132/><D10/><U43/><E30/><N who="0" m="11305" /><D106/><U20/><E29/><V78/><F78/><W124/><G123/><T35/><D35/><U34/><E34/><V116/><F116/><W26/><G122/><T127/><D117/><U37/><E37/><V98/><F98/><W5/><G100/><T4/><D4/><U111/><E111/><V51/><F38/><W125/><G5/><T11/><D11/><U85/><E99/><V129/><F129/><W25/><G121/><T109/><D109/><U18/><E18/><V24/><F24/><W91/><G27/><T82/><D55/><AGARI ba="0,0" hai="0,7,8,21,22,44,51,52,55,57,60" m="44139" machi="55" ten="30,8000,1" yaku="11,1,52,3,54,1" doraHai="110" who="2" fromWho="0" sc="176,-80,324,0,250,80,250,0" /><INIT seed="2,0,0,4,4,38" ten="96,324,330,250" oya="2" hai0="124,82,2,53,78,17,117,66,72,51,118,26,84" hai1="123,7,94,40,81,59,45,106,107,36,80,28,43" hai2="121,87,4,134,89,93,0,24,41,11,114,29,97" hai3="27,98,102,10,42,52,104,73,16,88,115,54,37"/><V33/><F114/><W132/><G73/><T61/><D2/><U32/><E123/><V103/><F121/><W126/><G115/><T62/><D124/><U55/><E7/><V133/><REACH who="2" step="1"/><F41/><REACH who="2" ten="96,324,320,250" step="2"/><W19/><G42/><T83/><D117/><U57/><E43/><V85/><F85/><W8/><G132/><T23/><D118/><U116/><E116/><V110/><F110/><W91/><G126/><T76/><REACH who="0" step="1"/><D66/><REACH who="0" ten="86,324,320,250" step="2"/><U31/><E32/><V119/><F119/><W75/><G54/><T68/><D68/><U35/><E35/><V112/><F112/><W12/><G52/><T9/><D9/><U56/><E55/><V108/><F108/><W64/><G64/><T101/><D101/><U3/><E3/><V21/><F21/><W86/><G98/><T77/><D77/><U60/><E60/><V67/><F67/><W63/><G10/><T20/><D20/><U131/><E131/><V6/><F6/><W71/><G8/><T95/><D95/><AGARI ba="0,2" hai="0,4,11,24,29,33,87,89,93,95,97,103,133,134" machi="95" ten="40,2000,0" yaku="1,1,53,0" doraHai="38" doraHaiUra="13" who="2" fromWho="0" sc="86,-20,324,0,320,40,250,0" /><INIT seed="2,1,0,3,1,97" ten="66,324,360,250" oya="2" hai0="47,93,29,123,2,7,130,16,59,37,25,87,40" hai1="36,74,57,54,80,0,134,83,119,10,94,21,32" hai2="108,76,19,48,81,26,101,35,82,90,34,78,62" hai3="89,112,44,49,73,3,107,17,67,11,92,55,53"/><V102/><F35/><W6/><G107/><T77/><D123/><U52/><E119/><V70/><F70/><W75/><G112/><T127/><D130/><U56/><E36/><V31/><F62/><W124/><G124/><T109/><D109/><U20/><E32/><V114/><F114/><W120/><G120/><T72/><D127/><U43/><E43/><V46/><F90/><W125/><G125/><T122/><D122/><U117/><E117/><V30/><F19/><W64/><G17/><T95/><D59/><U27/><E134/><V63/><F63/><W110/><G110/><T68/><D87/><U103/><E0/><V41/><F31/><W88/><G89/><T84/><D84/><U131/><E10/><V116/><F116/><W23/><G23/><T85/><D85/><U71/><E71/><V129/><F108/><W22/><G22/><T115/><D115/><U106/><E106/><V91/><F91/><W98/><REACH who="3" step="1"/><G55/><REACH who="3" ten="66,324,360,240" step="2"/><T96/><D96/><U126/><E126/><V61/><F129/><W9/><G9/><T66/><D16/><U4/><E4/><V14/><F78/><W24/><G24/><T111/><D111/><U33/><E27/><V5/><F76/><W50/><G50/><T128/><D128/><U79/><E131/><V45/><F5/><W132/><G132/><T86/><D29/><U60/><E33/><V15/><F48/><W69/><G69/><T100/><D25/><U8/><E8/><V118/><F34/><W113/><G113/><T121/><D7/><U12/><E12/><V42/><F26/><W18/><G18/><RYUUKYOKU ba="1,1" sc="66,-10,324,-10,360,-10,240,30" hai3="3,6,11,44,49,53,64,67,73,75,88,92,98" /><INIT seed="3,2,1,2,2,101" ten="56,314,350,270" oya="3" hai0="7,44,24,83,45,55,15,64,14,38,21,46,6" hai1="75,117,112,37,104,32,106,120,17,58,121,80,61" hai2="0,31,116,87,114,12,9,132,118,126,77,134,56" hai3="98,60,105,53,89,23,28,27,100,63,40,71,72"/><W79/><G40/><T111/><D64/><U88/><E37/><V39/><F114/><W68/><G63/><T22/><D38/><U25/><E112/><V131/><F39/><W13/><G72/><T76/><D111/><U91/><E117/><V62/><F131/><W97/><G79/><T124/><D124/><U96/><E32/><V65/><F126/><W99/><G89/><T8/><D24/><U4/><E4/><N who="2" m="3111" /><F31/><W125/><G125/><T67/><D67/><U127/><E127/><V110/><F110/><W85/><G85/><T20/><D55/><U92/><E25/><V74/><F74/><W36/><G36/><T70/><D70/><U1/><E17/><V51/><F51/><W35/><G68/><T43/><D43/><U2/><E1/><V82/><F0/><W128/><G128/><T123/><D123/><U93/><E2/><V18/><F18/><N who="3" m="10703" /><G53/><T69/><D69/><U86/><E58/><V84/><F87/><W50/><G50/><T102/><D102/><N who="1" m="60679" /><E61/><V3/><F3/><W130/><G130/><T57/><D57/><U78/><E91/><V11/><F11/><W135/><G135/><AGARI ba="2,1" hai="56,62,65,77,82,84,116,118,132,134,135" m="3111" machi="135" ten="30,1000,0" yaku="20,1" doraHai="101" who="2" fromWho="3" sc="56,0,314,0,350,26,270,-16" owari="56,-44.0,314,11.0,376,48.0,254,-15.0" /></mjloggm>