<mjloggm ver="2.3"><GO type="105" lobby="0"/><UN n0="%64%61%6E%6E%63%68%69" n1="%E7%B5%82%E9%9B%BB" n2="%E3%81%93%E3%81%AC%E3%81%8B" n3="%E5%B0%B1%E6%B4%BB%E7%94%9F%40%E5%B7%9D%E6%9D%91%E8%BB%8D%E5%9B%A3" dan="15,15,13,15" rate="2021.00,1941.63,1807.38,1989.08" sx="M,F,M,M"/><TAIKYOKU oya="0"/><INIT seed="0,0,0,4,1,61" ten="250,250,250,250" oya="0" hai0="130,89,129,22,36,126,128,1,39,16,72,118,94" hai1="32,2,8,125,70,69,25,41,63,11,49,84,18" hai2="133,73,67,57,23,58,88,76,68,9,77,90,62" hai3="78,51,65,14,116,45,92,3,38,4,106,71,103"/><T60/><D118/><U13/><E125/><V115/><F115/><W12/><G116/><T47/><D1/><U15/><E2/><V19/><F133/><W120/><G38/><T95/><D72/><U110/><E110/><V28/><F28/><W10/><G106/><T50/><D126/><U37/><E37/><N who="0" m="14409" /><D60/><U31/><E63/><V101/><F9/><W109/><G78/><T99/><D95/><U81/><E49/><V20/><F101/><W114/><G109/><T54/><D22/><U91/><REACH who="1" step="1"/><E41/><REACH who="1" ten="250,240,250,250" step="2"/><V132/><F132/><W79/><G51/><T74/><D74/><U123/><E123/><V127/><F73/><W105/><G3/><T121/><D121/><U6/><AGARI ba="0,1" hai="6,8,11,13,15,18,25,31,32,69,70,81,84,91" machi="6" ten="20,8000,1" yaku="1,1,0,1,7,1,53,2" doraHai="61" doraHaiUra="66" who="1" fromWho="1" sc="250,-40,240,90,250,-20,250,-20" /><INIT seed="1,0,0,4,0,25" ten="210,330,230,230" oya="1" hai0="20,96,57,4,120,32,50,24,124,31,6,97,29" hai1="107,84,118,115,49,95,82,76,58,52,17,103,126" hai2="62,16,41,85,121,72,106,133,100,131,98,64,14" hai3="122,77,39,87,130,99,36,43,48,34,61,127,119"/><U5/><E118/><V69/><F121/><W10/><G34/><T65/><D124/><U135/><E115/><V105/><F131/><W113/><G99/><N who="0" m="37963" /><D32/><U3/><E126/><V112/><F133/><W111/><G10/><T117/><D117/><U2/><E135/><V28/><F112/><W78/><G87/><T13/><D120/><U88/><E5/><N who="0" m="2153" /><D13/><U90/><E90/><V15/><F72/><W55/><G78/><T67/><D50/><U9/><E107/><V71/><F41/><W37/><G77/><T79/><D79/><U70/><E70/><V94/><F71/><W81/><G81/><T86/><D86/><U63/><E103/><V46/><F46/><W123/><G119/><T59/><D31/><U108/><E108/><V51/><F28/><W110/><G113/><T12/><D12/><U80/><E80/><V114/><F14/><W18/><G18/><T75/><D75/><U42/><E42/><V11/><F51/><W129/><G127/><T91/><D91/><U19/><E2/><V109/><F114/><W44/><G61/><T101/><D101/><U54/><E3/><V73/><F109/><N who="3" m="41483" /><G43/><T56/><AGARI ba="0,0" hai="20,24,29,56,57,59,65,67" m="2153,37963" machi="56" ten="30,2000,0" yaku="8,1,52,1" doraHai="25" who="0" fromWho="0" sc="210,20,330,-10,230,-5,230,-5" /><INIT seed="2,0,0,0,3,32" ten="230,320,225,225" oya="2" hai0="107,64,55,53,113,25,46,91,66,62,22,131,43" hai1="101,48,122,120,124,70,63,81,52,75,96,19,65" hai2="5,85,9,72,57,121,6,129,118,127,100,79,35" hai3="67,83,38,114,99,98,23,78,26,11,51,132,31"/><V15/><F121/><N who="1" m="46697" /><E124/><V44/><F127/><W111/><G38/><T87/><D107/><U71/><E71/><V58/><F118/><W89/><G114/><T17/><D131/><U77/><E19/><V110/><F129/><W92/><G132/><T135/><D113/><U47/><E96/><V61/><F110/><W4/><G111/><T59/><D135/><U103/><AGARI ba="0,0" hai="47,48,52,63,65,70,75,77,81,101,103" m="46697" machi="103" ten="30,2000,0" yaku="13,1,54,1" doraHai="32" who="1" fromWho="1" sc="230,-5,320,20,225,-10,225,-5" /><INIT seed="3,0,0,2,1,117" ten="225,340,215,220" oya="3" hai0="126,62,76,58,28,70,83,7,37,86,16,45,97" hai1="75,12,55,3,94,124,134,91,0,73,56,109,118" hai2="8,132,68,26,105,112,102,116,42,38,129,30,125" hai3="36,71,20,5,78,101,80,108,6,50,54,82,35"/><W24/><G36/><T2/><D70/><U66/><E109/><V98/><F8/><W43/><G35/><T18/><D28/><U49/><E134/><V89/><F89/><W40/><G71/><T33/><D33/><U10/><E124/><V104/><F26/><W77/><G108/><T79/><D126/><U122/><E122/><V127/><F30/><W4/><G101/><T96/><D79/><N who="3" m="30217" /><G20/><T106/><D7/><U133/><E133/><V130/><F42/><N who="3" m="15915" /><G24/><T25/><D2/><U32/><E32/><V74/><F98/><N who="0" m="37994" /><D37/><U87/><E118/><V11/><F102/><W27/><G27/><T135/><D106/><U120/><E120/><V29/><F11/><W1/><G1/><T48/><D135/><U84/><E0/><V85/><F29/><W131/><G131/><T107/><D107/><U63/><E3/><V119/><F68/><W23/><G23/><T67/><D25/><U41/><E41/><AGARI ba="0,0" hai="16,18,41,45,48,58,62,67,76,83,86" m="37994" machi="41" ten="30,2000,0" yaku="8,1,54,1" doraHai="117" who="0" fromWho="1" sc="225,20,340,-20,215,0,220,0" /><INIT seed="4,0,0,4,5,90" ten="245,320,215,220" oya="0" hai0="111,63,9,2,32,130,119,75,103,93,73,113,25" hai1="10,101,29,40,108,128,94,50,134,121,42,26,62" hai2="31,96,17,13,83,0,86,120,82,80,45,11,14" hai3="33,135,81,114,104,66,56,98,84,117,27,110,116"/><T107/><D107/><U60/><E108/><V58/><F120/><W21/><G110/><T20/><D119/><U34/><E121/><V19/><F0/><W65/><G114/><T16/><D32/><U102/><E134/><V22/><F45/><W92/><G135/><T61/><D111/><U53/><E128/><V71/><F71/><W12/><G104/><T99/><D113/><U39/><E10/><V49/><F49/><W43/><G33/><T112/><D130/><U48/><E48/><V126/><F58/><W46/><G12/><T8/><D112/><U123/><E123/><V7/><F126/><W115/><G115/><T97/><D97/><U129/><E129/><V89/><F31/><W5/><G5/><T44/><D44/><U6/><E6/><V67/><F67/><W41/><G116/><T51/><D51/><U122/><E122/><V4/><F96/><W30/><G117/><T57/><D61/><U133/><E133/><V77/><F77/><N who="3" m="46127" /><G46/><T47/><D47/><U36/><E60/><V3/><F3/><W69/><G69/><T127/><D127/><U18/><E62/><V118/><F118/><W88/><G56/><T74/><REACH who="0" step="1"/><D2/><REACH who="0" ten="235,320,215,220" step="2"/><U70/><E50/><V54/><F54/><AGARI ba="0,1" hai="8,9,16,20,25,54,57,63,73,74,75,93,99,103" machi="54" ten="40,12000,1" yaku="1,1,2,1,52,1,54,1,53,0" doraHai="90" doraHaiUra="125" who="0" fromWho="2" sc="235,130,320,0,215,-120,220,0" /><INIT seed="4,1,0,0,1,129" ten="365,320,95,220" oya="0" hai0="132,126,32,47,4,96,92,34,54,44,100,109,101" hai1="33,83,2,63,56,115,15,22,58,91,37,10,117" hai2="26,134,111,0,90,64,11,46,73,28,131,30,86" hai3="123,5,89,74,51,84,72,12,35,36,114,106,69"/><T79/><D126/><U94/><E117/><V113/><F111/><W27/><G36/><T8/><D109/><U85/><E33/><V112/><F113/><W80/><G106/><T102/><D79/><U99/><E37/><V124/><F112/><W87/><G69/><T70/><D70/><U82/><E115/><V105/><F124/><W127/><G114/><T7/><D7/><U120/><E120/><V97/><F131/><W107/><G107/><T23/><D23/><U6/><E2/><V125/><F73/><W21/><G35/><T68/><D68/><U122/><E122/><V38/><F125/><W19/><G127/><T42/><D54/><U39/><E39/><V49/><F38/><W50/><G123/><T62/><D62/><U40/><E40/><V53/><F0/><W67/><G67/><T93/><D44/><U95/><E22/><V133/><F105/><W77/><G72/><T55/><D55/><N who="1" m="34207" /><E58/><V14/><F64/><W52/><G51/><T25/><D93/><U116/><E116/><V48/><F97/><W65/><G65/><T76/><D76/><U59/><E59/><V103/><F103/><AGARI ba="1,0" hai="6,10,15,82,83,85,91,94,95,99,103" m="34207" machi="103" ten="30,1000,0" yaku="8,1" doraHai="129" who="1" fromWho="2" sc="365,0,320,13,95,-13,220,0" /><INIT seed="5,0,0,4,4,37" ten="365,333,82,220" oya="1" hai0="31,13,26,114,115,107,40,34,98,61,79,93,118" hai1="128,16,58,3,50,72,135,29,82,60,101,71,89" hai2="53,120,75,8,15,68,55,132,33,32,48,47,39" hai3="38,94,9,95,121,110,30,77,112,28,0,4,51"/><U81/><E3/><V73/><F120/><W84/><G110/><T127/><D107/><U27/><E71/><V20/><F132/><W35/><G121/><T56/><D118/><U42/><E135/><V18/><F68/><W97/><G112/><N who="0" m="43051" /><D79/><U14/><E128/><V123/><F123/><W122/><G122/><T54/><D13/><U117/><E117/><V74/><F39/><W116/><G116/><T91/><D40/><U59/><E101/><V41/><REACH who="2" step="1"/><F20/><REACH who="2" ten="365,333,72,220" step="2"/><W67/><G38/><T105/><D127/><U103/><E72/><V7/><F7/><W2/><G35/><AGARI ba="0,1" hai="8,15,18,32,33,35,41,47,48,53,55,73,74,75" machi="35" ten="50,3200,0" yaku="1,1,52,1,53,0" doraHai="37" doraHaiUra="86" who="2" fromWho="3" sc="365,0,333,0,72,42,220,-32" /><INIT seed="6,0,0,2,1,124" ten="365,333,114,188" oya="2" hai0="13,108,120,78,130,133,126,17,93,121,31,129,59" hai1="41,68,98,7,11,2,70,45,55,86,8,95,117" hai2="21,84,119,128,90,42,106,122,131,1,56,9,51" hai3="40,23,74,24,25,30,49,35,44,37,10,62,87"/><V15/><F122/><N who="0" m="47210" /><D78/><U88/><E117/><V4/><F119/><W5/><G74/><T64/><D93/><U58/><E11/><V112/><F106/><W101/><G101/><T39/><D39/><U134/><E134/><V73/><F112/><W109/><G109/><T46/><D46/><U132/><E132/><V38/><F73/><W116/><G116/><T85/><D85/><U118/><E118/><V53/><F38/><W27/><G35/><T76/><D76/><U29/><E29/><V96/><F96/><W61/><G37/><T99/><D99/><U94/><E45/><V14/><F42/><W28/><G87/><T34/><D64/><U123/><E41/><V135/><F135/><W103/><G103/><T125/><D59/><U3/><E123/><V66/><F66/><W33/><G27/><N who="0" m="18815" /><D108/><U81/><E3/><AGARI ba="0,0" hai="3,5,10,23,24,25,28,30,33,40,44,49,61,62" machi="3" ten="30,1000,0" yaku="7,1" doraHai="124" who="3" fromWho="1" sc="365,0,333,-10,114,0,188,10" /><INIT seed="7,0,0,0,3,53" ten="365,323,114,198" oya="3" hai0="94,118,109,81,128,112,87,21,29,76,93,45,123" hai1="86,2,69,84,111,54,39,100,27,22,82,108,65" hai2="99,50,30,77,20,62,58,110,19,125,12,15,101" hai3="96,95,66,72,52,48,11,7,71,34,0,134,122"/><W107/><G122/><T104/><D104/><U14/><E2/><V119/><F110/><W37/><G72/><T8/><D118/><U32/><E39/><V57/><F125/><W26/><G37/><T41/><D109/><U6/><E100/><V68/><F119/><W60/><G134/><T105/><D105/><U13/><E32/><V1/><F1/><W38/><G38/><T78/><D123/><U97/><E97/><V59/><F77/><N who="0" m="29802" /><D8/><U5/><E69/><V61/><F68/><W17/><G107/><T135/><D112/><U10/><E65/><V89/><F101/><W44/><G34/><T46/><D135/><U70/><E70/><V35/><F50/><W18/><REACH who="3" step="1"/><G26/><REACH who="3" ten="365,323,114,188" step="2"/><N who="0" m="16591" /><D128/><U131/><E131/><V102/><F102/><AGARI ba="0,1" hai="0,7,11,17,18,44,48,52,60,66,71,95,96,102" machi="102" ten="30,11600,0" yaku="1,1,7,1,54,1,53,1" doraHai="53" doraHaiUra="33" who="3" fromWho="2" sc="365,0,323,0,114,-116,188,126" owari="365,47.0,323,12.0,-2,-50.0,314,-9.0" /></mjloggm>