<mjloggm ver="2.3"><GO type="97" lobby="0"/><UN n0="%E3%82%A6%E3%83%AB%E3%83%88%E3%83%A9%E7%AB%8B%E7%9B%B4" n1="%E5%AE%87%E5%AE%99%E9%9B%86%E4%BC%9A" n2="%E9%A3%9B%E6%9C%AB%E6%AD%A6%E5%BF%97" n3="%E3%81%8A%E3%81%AB%E3%81%8E%E3%82%8A%E5%A8%98" dan="15,15,14,13" rate="1973.79,1981.59,1946.79,1856.39" sx="M,F,M,M"/><TAIKYOKU oya="0"/><INIT seed="0,0,0,3,5,87" ten="250,250,250,250" oya="0" hai0="99,101,22,36,83,115,32,84,4,119,46,14,120" hai1="3,113,66,134,54,93,70,15,95,50,7,97,108" hai2="96,124,107,88,26,38,128,21,37,27,114,24,39" hai3="10,19,11,49,17,90,53,74,104,23,102,57,63"/><T86/><D32/><U25/><E108/><V81/><F114/><W105/><G74/><T45/><D115/><U76/><E113/><V18/><F128/><W135/><G135/><T5/><D119/><U16/><E134/><V94/><F124/><W89/><G102/><T42/><D120/><U116/><E116/><V131/><F131/><W28/><G105/><T75/><D75/><U123/><E123/><V56/><F107/><W117/><G104/><T127/><D127/><U9/><E76/><V121/><F121/><W130/><G117/><T91/><D46/><U109/><E109/><V29/><F81/><W58/><G130/><T55/><D86/><U106/><E25/><V20/><F56/><W68/><G68/><T132/><D55/><U79/><E79/><V98/><F98/><W125/><G125/><T73/><D73/><U47/><E106/><V133/><REACH who="2" step="1"/><F26/><REACH who="2" ten="250,250,240,250" step="2"/><W85/><G58/><T103/><D132/><AGARI ba="0,1" hai="18,20,21,24,27,29,37,38,39,88,94,96,132,133" machi="132" ten="50,8000,1" yaku="1,1,2,1,52,1,54,1,53,0" doraHai="87" doraHaiUra="31" who="2" fromWho="0" sc="250,-80,250,0,240,90,250,0" /><INIT seed="1,0,0,2,0,57" ten="170,250,330,250" oya="1" hai0="124,25,17,44,11,82,80,69,70,114,18,45,28" hai1="121,120,66,135,111,49,10,74,88,3,129,33,75" hai2="6,16,128,34,27,19,130,122,29,15,12,93,76" hai3="106,98,63,127,4,112,92,87,65,0,71,5,99"/><U100/><E33/><V24/><F76/><W104/><G112/><T126/><D11/><U110/><E100/><V134/><F93/><W14/><G127/><T89/><D28/><U35/><E35/><V50/><F50/><W47/><G0/><T30/><D30/><U133/><E129/><N who="2" m="49771" /><F122/><N who="1" m="47209" /><E66/><V107/><F107/><W22/><G106/><T9/><D9/><U8/><E49/><V31/><F134/><N who="1" m="51209" /><E88/><V86/><F86/><W77/><G47/><T21/><D89/><U41/><E41/><V117/><F117/><W72/><G72/><N who="1" m="27690" /><E3/><V59/><F59/><W115/><G115/><T54/><D114/><U26/><E26/><N who="2" m="9771" /><F34/><W13/><G104/><T1/><D25/><U64/><E64/><V84/><F84/><W113/><G113/><T95/><D1/><U23/><E23/><N who="2" m="11655" /><F6/><W7/><G22/><AGARI ba="0,0" hai="15,19,22,29,31" m="11655,9771,49771" machi="22" ten="30,7700,0" yaku="19,1,34,2,54,1" doraHai="57" who="2" fromWho="3" sc="170,0,250,0,330,77,250,-77" /><INIT seed="2,0,0,1,4,109" ten="170,250,407,173" oya="2" hai0="10,72,15,98,58,121,79,115,63,40,46,86,78" hai1="11,32,12,24,81,60,52,104,6,91,119,120,34" hai2="108,130,97,49,127,18,41,28,68,17,53,37,122" hai3="132,128,88,102,83,14,3,62,113,73,31,89,67"/><V92/><F122/><W135/><G3/><T118/><D72/><U64/><E120/><V82/><F108/><W51/><G31/><T2/><D2/><U20/><E104/><V107/><F107/><W134/><G102/><T30/><D121/><U124/><E119/><V55/><F68/><N who="3" m="42103" /><G128/><T105/><D118/><U111/><E111/><V56/><F127/><W9/><G51/><T66/><D30/><U99/><E124/><V93/><F130/><W54/><G54/><T133/><D133/><U36/><E36/><V80/><F37/><W116/><G116/><T4/><D105/><U95/><E81/><N who="2" m="31339" /><F28/><W101/><G101/><T94/><D86/><U123/><E123/><V19/><F41/><W26/><G26/><T74/><D74/><U76/><E76/><V77/><F77/><N who="3" m="44463" /><G113/><T39/><REACH who="0" step="1"/><D115/><REACH who="0" ten="160,250,407,173" step="2"/><U7/><E99/><V106/><F106/><W50/><G50/><T110/><D110/><U112/><E112/><V29/><F29/><W44/><G44/><T47/><D47/><U59/><E34/><V8/><F97/><W90/><G90/><AGARI ba="0,1" hai="4,10,15,39,40,46,58,63,66,78,79,90,94,98" machi="90" ten="30,2000,0" yaku="1,1,7,1,53,0" doraHai="109" doraHaiUra="117" who="0" fromWho="3" sc="160,30,250,0,407,0,173,-20" /><INIT seed="3,0,0,1,5,63" ten="190,250,407,153" oya="3" hai0="122,43,94,4,38,2,68,103,12,105,77,7,72" hai1="99,102,82,73,111,123,3,71,61,129,80,132,121" hai2="92,6,108,119,36,128,9,48,87,115,59,88,125" hai3="131,89,90,44,91,23,20,62,96,107,35,47,116"/><W17/><G116/><T114/><D94/><U124/><E3/><V50/><F108/><W65/><G35/><T110/><D12/><U46/><E111/><V106/><F119/><W93/><G107/><T11/><D7/><U98/><E73/><V127/><F36/><W130/><G17/><T54/><D54/><U66/><E46/><N who="3" m="17450" /><G96/><T126/><D43/><U112/><E112/><V42/><F115/><W117/><G93/><T67/><D103/><U19/><E19/><V53/><F106/><W33/><G33/><T74/><D77/><U133/><E99/><V97/><F128/><N who="3" m="49195" /><G117/><T31/><D31/><U120/><E129/><V78/><F42/><W5/><G5/><T100/><D114/><U8/><E8/><V24/><F24/><W113/><G113/><T57/><D110/><U75/><E75/><N who="0" m="28713" /><D57/><AGARI ba="0,0" hai="20,23,57,62,65,89,90,91" m="49195,17450" machi="57" ten="30,2900,0" yaku="19,1,52,1" doraHai="63" who="3" fromWho="0" sc="190,-29,250,0,407,0,153,29" /><INIT seed="3,1,0,5,5,120" ten="161,250,407,182" oya="3" hai0="86,45,28,62,38,53,87,74,60,78,55,70,34" hai1="16,27,80,15,101,121,105,72,54,90,84,7,82" hai2="33,93,124,114,30,99,40,65,63,131,91,119,92" hai3="122,135,25,10,130,104,12,94,61,110,77,2,22"/><W118/><G122/><T44/><D28/><U42/><E121/><V21/><F131/><W13/><G118/><T75/><D78/><U58/><E105/><V4/><F124/><W134/><G104/><T112/><D112/><U1/><E72/><V133/><F133/><N who="3" m="50699" /><G77/><T26/><D26/><U20/><E101/><V46/><F119/><W129/><G61/><T18/><D18/><U49/><E42/><V52/><F114/><W117/><G117/><T126/><D38/><U123/><E123/><V132/><F33/><W56/><G56/><T8/><D8/><N who="1" m="4511" /><E1/><V29/><F4/><N who="3" m="1303" /><G94/><AGARI ba="1,0" hai="16,20,27,49,54,58,80,82,84,90,94" m="4511" machi="94" ten="30,2000,0" yaku="8,1,54,1" doraHai="120" who="1" fromWho="3" sc="161,0,250,23,407,0,182,-23" owari="161,-24.0,273,7.0,407,51.0,159,-34.0" /></mjloggm>