<mjloggm ver="2.3"><GO type="169" lobby="0"/><UN n0="%E3%82%A6%E3%83%AB%E3%83%88%E3%83%A9%E7%AB%8B%E7%9B%B4" n1="%E3%81%BE%E3%83%BC%E3%81%A1%E3%82%83%E3%82%80" n2="%E9%AD%94%E7%8E%8B%E3%81%93%E3%81%A3%E3%81%BA%E3%81%B1%E3%82%93" n3="%6D%65%24%6F" dan="17,16,17,16" rate="2102.49,2088.90,2116.14,2071.90" sx="M,F,M,M"/><TAIKYOKU oya="0"/><INIT seed="0,0,0,1,3,55" ten="250,250,250,250" oya="0" hai0="135,51,85,46,49,44,57,113,39,105,52,25,3" hai1="75,134,23,107,53,112,54,36,78,16,102,13,106" hai2="66,118,56,80,81,111,38,115,4,128,27,91,95" hai3="47,73,76,127,108,28,70,7,62,96,67,60,20"/><T82/><D105/><U31/><E36/><V119/><F38/><W124/><G108/><T123/><D123/><U116/><E134/><V64/><F115/><W61/><G7/><T30/><D113/><U24/><E116/><N who="2" m="44587" /><F111/><W129/><G129/><T12/><D3/><U0/><E0/><V26/><F4/><W45/><G73/><T41/><D135/><U50/><E112/><V59/><F128/><W1/><G76/><T98/><D98/><U42/><E75/><V14/><F14/><W117/><G1/><T90/><D12/><U15/><E78/><V32/><F32/><W109/><G109/><T114/><D114/><U83/><E83/><N who="2" m="31819" /><F27/><N who="3" m="16487" /><G117/><T40/><D25/><U33/><E13/><V18/><F26/><W84/><G84/><T131/><D131/><U74/><E74/><V68/><F18/><W86/><G86/><T103/><REACH who="0" step="1"/><D30/><REACH who="0" ten="240,250,250,250" step="2"/><U63/><E107/><V58/><F68/><N who="3" m="42087" /><G96/><AGARI ba="0,1" hai="56,58,59,64,66,91,95,96" m="31819,44587" machi="96" ten="30,7700,0" yaku="12,1,52,3" doraHai="55" who="2" fromWho="3" sc="240,0,250,0,250,87,250,-77" /><INIT seed="1,0,0,0,4,36" ten="240,250,337,173" oya="1" hai0="44,117,0,1,97,75,96,3,48,125,122,23,111" hai1="35,53,13,87,20,46,56,73,86,50,51,104,19" hai2="57,100,120,9,26,81,6,91,88,105,92,119,40" hai3="58,116,130,12,101,131,114,103,124,5,133,118,8"/><U7/><E73/><V89/><F105/><W24/><G114/><T45/><D75/><U14/><E104/><V39/><F119/><N who="3" m="45611" /><G58/><T63/><D117/><U15/><E35/><V94/><F120/><W128/><G101/><T22/><D122/><U70/><E70/><V102/><F81/><W33/><G103/><N who="2" m="39465" /><F39/><W135/><G124/><T30/><D125/><U65/><E65/><V110/><F110/><W52/><G52/><T121/><D121/><U61/><E61/><V84/><F26/><W74/><G74/><T41/><D111/><U93/><E7/><V38/><F38/><W85/><G85/><T83/><D63/><U80/><E87/><N who="2" m="52255" /><F89/><W109/><G109/><T72/><D83/><U113/><E113/><V43/><F57/><W78/><G78/><T47/><D72/><U106/><E106/><V21/><F21/><W60/><G60/><T82/><D82/><U69/><E69/><V18/><F6/><W59/><G59/><T64/><D23/><U11/><E11/><V29/><F29/><AGARI ba="0,0" hai="5,8,12,24,29,33,128,130,131,133,135" m="45611" machi="29" ten="40,8000,1" yaku="19,1,12,1,34,2" doraHai="36" who="3" fromWho="2" sc="240,0,250,0,337,-80,173,80" /><INIT seed="2,0,0,1,1,78" ten="240,250,257,253" oya="2" hai0="49,53,92,43,5,2,68,27,44,41,71,112,48" hai1="6,126,29,85,22,16,56,114,21,81,26,79,60" hai2="87,91,106,97,75,64,76,28,19,57,113,31,47" hai3="72,54,116,127,33,123,104,98,128,52,103,62,38"/><V45/><F113/><W63/><G123/><T23/><D112/><U11/><E114/><V84/><F75/><W40/><G116/><T107/><D107/><U93/><E126/><V37/><F37/><W110/><G127/><T133/><D133/><U134/><E93/><N who="2" m="56511" /><F106/><W61/><G110/><T42/><D5/><U130/><E130/><V51/><F19/><W18/><G128/><T17/><D2/><U66/><E134/><V73/><F73/><W20/><G33/><T125/><D125/><U88/><E79/><V10/><F10/><W59/><G72/><T25/><D92/><U99/><E99/><V65/><F47/><W39/><G40/><T124/><D124/><U96/><E96/><V58/><F58/><W90/><G90/><T100/><D100/><U111/><E111/><V9/><F9/><W118/><G118/><T105/><D105/><U1/><E22/><V95/><F95/><W77/><G77/><T94/><D94/><U120/><REACH who="1" step="1"/><E29/><REACH who="1" ten="240,240,257,253" step="2"/><V80/><F31/><W121/><G121/><AGARI ba="0,1" hai="1,6,11,16,21,26,56,60,66,81,85,88,120,121" machi="121" ten="40,8000,1" yaku="1,1,2,1,52,1,54,2,53,0" doraHai="78" doraHaiUra="135" who="1" fromWho="3" sc="240,0,240,90,257,0,253,-80" /><INIT seed="3,0,0,0,1,39" ten="240,330,257,173" oya="3" hai0="27,68,74,88,130,115,124,42,2,6,104,57,67" hai1="100,122,73,16,134,17,96,34,83,22,76,4,24" hai2="45,81,101,55,123,60,26,32,84,62,93,102,113" hai3="9,20,131,128,0,78,118,95,79,56,87,91,108"/><W94/><G118/><T75/><D68/><U12/><E134/><V59/><F123/><W125/><G125/><T133/><D104/><U127/><E122/><V7/><F113/><W70/><G70/><T51/><D115/><U89/><E127/><V72/><F72/><W106/><G106/><T50/><D124/><U1/><E1/><V110/><F110/><W28/><G56/><T85/><D133/><U11/><E89/><V80/><F7/><W38/><G38/><T18/><D130/><N who="3" m="49705" /><G95/><T35/><D6/><U8/><E34/><V25/><F32/><W90/><G90/><T52/><D2/><U112/><E112/><V44/><F93/><W3/><G108/><T14/><D67/><U65/><E65/><V61/><F59/><W135/><G135/><T49/><D35/><U47/><E47/><N who="2" m="17995" /><F55/><W64/><G64/><T13/><D75/><U36/><E36/><V43/><F43/><W40/><G40/><T66/><D74/><U109/><E109/><V71/><F71/><W69/><G69/><T15/><D66/><U37/><E37/><V48/><F48/><W132/><G132/><T103/><D103/><N who="2" m="39434" /><F81/><W116/><G116/><T58/><D42/><U92/><REACH who="1" step="1"/><E11/><REACH who="1" ten="240,320,257,173" step="2"/><V105/><F105/><W82/><G9/><T54/><D58/><U114/><E114/><V111/><F111/><W99/><G79/><AGARI ba="0,1" hai="25,26,60,61,62,79,80,84" m="39434,17995" machi="79" ten="30,1000,0" yaku="8,1" doraHai="39" who="2" fromWho="3" sc="240,0,320,0,257,20,173,-10" /><INIT seed="4,0,0,0,0,52" ten="240,320,277,163" oya="0" hai0="27,121,11,90,57,130,32,25,59,15,134,0,91" hai1="2,67,24,34,80,18,92,46,39,69,58,103,102" hai2="99,20,30,116,86,7,114,96,131,62,108,111,85" hai3="9,38,133,50,89,82,124,120,64,100,19,126,123"/><T79/><D121/><N who="3" m="46665" /><G38/><T49/><D0/><U56/><E2/><V105/><F7/><W84/><G64/><T72/><D32/><U77/><E69/><V21/><F116/><W119/><G119/><T14/><D72/><U26/><E67/><V28/><F62/><W33/><G33/><T97/><D130/><U122/><E122/><V74/><F74/><W63/><G63/><T112/><D112/><U53/><E34/><V6/><F6/><W78/><G50/><T42/><D79/><U106/><E106/><V109/><F114/><W37/><G37/><T23/><D134/><U8/><E39/><V76/><F76/><W55/><G55/><T132/><D132/><U73/><E8/><V135/><F135/><W41/><G41/><T60/><D60/><U75/><E75/><V36/><F36/><W98/><G133/><T51/><D11/><U65/><E46/><V93/><F111/><W16/><G78/><T31/><D42/><U94/><E65/><V13/><F13/><N who="0" m="4618" /><D27/><U12/><E12/><V47/><F47/><W110/><G110/><T87/><D51/><U118/><E73/><V70/><F70/><W61/><G61/><T115/><D115/><U125/><E77/><V95/><F131/><W127/><G9/><T68/><D68/><U22/><E26/><V113/><F113/><W44/><G44/><T107/><D49/><U5/><E118/><V129/><F129/><W3/><G3/><T54/><D54/><U1/><E53/><V45/><F45/><W4/><G4/><T117/><D117/><U10/><E1/><V40/><F40/><RYUUKYOKU ba="0,0" sc="240,-15,320,-15,277,15,163,15" hai2="20,21,28,30,85,86,93,95,96,99,105,108,109" hai3="16,19,82,84,89,98,100,124,126,127" /><INIT seed="5,1,0,1,5,13" ten="225,305,292,178" oya="1" hai0="63,12,65,0,4,7,105,110,79,69,119,70,34" hai1="31,104,55,99,118,5,87,39,14,46,16,121,62" hai2="38,44,40,85,61,49,67,132,17,30,42,91,98" hai3="102,50,59,68,8,120,41,28,25,89,71,103,52"/><U83/><E121/><V81/><F132/><W88/><G120/><T53/><D34/><U20/><E118/><V60/><F30/><W23/><G68/><T11/><D119/><U93/><E104/><V107/><F38/><W64/><G71/><T123/><D70/><U134/><E134/><V29/><F29/><W101/><G64/><T133/><D133/><U131/><E131/><V124/><F124/><W82/><G41/><T33/><D33/><U108/><E108/><V100/><F42/><W95/><G95/><T97/><D110/><U66/><E31/><V19/><REACH who="2" step="1"/><F61/><REACH who="2" ten="225,305,282,178" step="2"/><W22/><G22/><T54/><D123/><U37/><E5/><V21/><F21/><W75/><REACH who="3" step="1"/><G8/><REACH who="3" ten="225,305,282,168" step="2"/><T116/><D116/><U73/><E39/><V112/><F112/><W109/><G109/><T128/><D11/><U74/><E37/><V122/><F122/><W45/><G45/><T129/><D129/><U57/><E46/><V2/><F2/><W92/><G92/><T36/><D128/><U117/><E117/><V15/><F15/><W72/><G72/><T56/><D12/><U94/><E93/><V127/><F127/><W18/><G18/><T126/><D126/><U113/><E113/><V90/><F90/><W111/><G111/><T48/><D0/><U1/><E1/><V115/><F115/><W78/><AGARI ba="1,2" hai="23,25,28,50,52,59,75,78,82,88,89,101,102,103" machi="78" ten="30,7900,0" yaku="1,1,0,1,54,2,53,0" doraHai="13" doraHaiUra="80" who="3" fromWho="3" sc="225,-21,305,-40,282,-21,168,102" /><INIT seed="6,0,0,5,1,22" ten="204,265,261,270" oya="2" hai0="0,18,20,13,114,116,28,34,119,24,61,39,124" hai1="111,67,83,94,125,100,128,38,16,21,33,70,107" hai2="108,96,29,60,122,51,72,54,3,112,78,101,103" hai3="15,102,44,32,131,91,68,45,132,121,90,7,17"/><V134/><F3/><W118/><G118/><N who="0" m="45099" /><D39/><U55/><E111/><V5/><F122/><W2/><G121/><T126/><D61/><U65/><E33/><V56/><F5/><W48/><G68/><T105/><D105/><U79/><E38/><V113/><F108/><W41/><G32/><T63/><D63/><U8/><E128/><V53/><F134/><W117/><G102/><T58/><D58/><U50/><E8/><V85/><F72/><W42/><G132/><T135/><D135/><U106/><E125/><N who="0" m="48233" /><D0/><U97/><E106/><V57/><F96/><W87/><G131/><T89/><D89/><U35/><E107/><V92/><F92/><W59/><G59/><T127/><N who="0" m="48241" /><T86/><DORA hai="52" /><D86/><U46/><E70/><V31/><F103/><W93/><G91/><T25/><D114/><N who="2" m="44138" /><F101/><W40/><G117/><T75/><D75/><U62/><E62/><V6/><F6/><W84/><G7/><T110/><D110/><U77/><E77/><V104/><F104/><W26/><G2/><T74/><D74/><U10/><E79/><V23/><F23/><N who="3" m="11711" /><G84/><T36/><D36/><U76/><E35/><V14/><F85/><W109/><G109/><T115/><D115/><U123/><E123/><V1/><F78/><W71/><G71/><T27/><AGARI ba="0,0" hai="13,18,20,24,25,27,28,34" m="48241,45099" machi="27" ten="50,12000,2" yaku="12,1,18,1,34,2,52,3" doraHai="22,52" who="0" fromWho="0" sc="204,120,265,-30,261,-60,270,-30" /><INIT seed="7,0,0,0,2,20" ten="324,235,201,240" oya="3" hai0="132,47,114,4,97,36,82,34,62,112,29,30,69" hai1="72,60,131,104,31,26,134,40,50,75,127,3,67" hai2="19,45,129,7,46,107,110,125,28,16,76,74,8" hai3="27,14,61,118,79,98,21,111,119,78,10,1,115"/><W57/><G115/><N who="0" m="44075" /><D132/><U93/><E134/><V121/><F110/><W87/><G1/><T56/><D69/><U51/><E3/><V77/><F107/><W100/><G111/><T13/><D34/><U58/><E104/><V105/><F105/><W99/><G118/><T54/><D97/><U43/><E131/><V38/><F121/><W94/><G119/><T9/><D82/><U22/><E127/><V86/><F125/><W128/><G98/><T81/><D81/><U126/><E126/><V106/><F106/><W35/><G35/><T90/><D90/><U6/><E6/><V133/><F129/><W68/><G68/><T42/><AGARI ba="0,0" hai="4,9,13,29,30,36,42,47,54,56,62" m="44075" machi="42" ten="30,2000,0" yaku="15,1,11,1" doraHai="20" who="0" fromWho="0" sc="324,20,235,-5,201,-5,240,-10" owari="344,44.0,230,3.0,196,-30.0,230,-17.0" /></mjloggm>