<mjloggm ver="2.3"><GO type="41" lobby="0"/><UN n0="%E3%83%8D%E3%82%AA%E3%83%9C%E3%82%B9" n1="%E3%82%A6%E3%83%AB%E3%83%88%E3%83%A9%E7%AB%8B%E7%9B%B4" n2="%E7%B4%85%E3%81%AE%E8%87%AA%E8%AD%A6%E9%9A%8A" n3="%4D%61%72%69%63%65" dan="13,15,15,15" rate="1803.63,2009.67,2017.43,2041.79" sx="M,M,F,M"/><TAIKYOKU oya="0"/><INIT seed="0,0,0,5,0,65" ten="250,250,250,250" oya="0" hai0="66,130,117,44,111,14,11,19,41,77,127,8,89" hai1="47,110,73,28,132,51,55,1,125,126,75,93,62" hai2="83,124,4,69,59,52,116,43,84,40,135,101,87" hai3="118,63,22,16,23,97,120,109,105,102,114,25,76"/><T74/><D117/><U34/><E1/><V64/><F124/><N who="1" m="47721" /><E28/><V119/><F101/><W113/><G118/><T5/><D130/><U106/><E106/><V27/><F4/><W67/><G120/><T134/><D134/><U81/><E34/><V107/><F107/><W96/><G76/><T36/><D111/><U50/><E81/><V131/><F131/><W100/><G109/><T33/><D33/><U29/><E29/><V104/><F104/><W17/><G97/><T53/><D127/><U128/><E128/><V94/><F135/><W82/><G82/><T95/><D66/><U71/><E132/><V35/><F83/><W60/><G102/><T88/><D53/><N who="1" m="29919" /><E93/><V24/><F94/><W86/><G86/><T123/><D123/><U99/><E99/><V31/><F84/><W78/><G78/><T13/><D74/><U92/><E92/><V121/><F87/><W68/><G63/><T7/><D77/><U6/><E6/><V98/><F98/><W37/><G37/><T15/><REACH who="0" step="1"/><D95/><REACH who="0" ten="240,250,250,250" step="2"/><U9/><E110/><V32/><F121/><W91/><G91/><T80/><D80/><U79/><E79/><V112/><F32/><W72/><G72/><T2/><D2/><U42/><E75/><V70/><F35/><W56/><G114/><T3/><D3/><U45/><E73/><V61/><F112/><W85/><G113/><T18/><D18/><U57/><E9/><AGARI ba="0,1" hai="5,7,8,9,11,13,14,15,19,36,41,44,88,89" machi="9" ten="30,11600,0" yaku="1,1,7,1,9,1,54,1,53,0" doraHai="65" doraHaiUra="90" who="0" fromWho="1" sc="240,126,250,-116,250,0,250,0" /><INIT seed="0,1,0,1,0,42" ten="366,134,250,250" oya="0" hai0="94,71,11,33,130,122,29,133,62,63,20,27,19" hai1="89,40,74,102,98,97,99,117,36,101,0,15,110" hai2="4,103,65,124,79,134,28,44,3,21,32,121,109" hai3="90,86,87,1,16,66,85,88,132,56,82,112,113"/><T12/><D122/><U83/><E0/><V25/><F121/><W46/><G1/><T68/><D133/><U17/><E117/><V60/><F134/><W76/><G132/><T119/><D119/><U39/><E110/><V41/><F124/><W7/><G7/><T5/><D130/><U118/><E118/><V6/><F109/><W80/><G76/><T47/><D47/><U52/><E39/><V34/><F79/><W26/><G87/><T105/><D105/><U81/><E40/><V64/><F103/><W22/><G46/><T128/><D128/><U54/><E36/><V38/><F65/><W67/><REACH who="3" step="1"/><G56/><REACH who="3" ten="366,134,250,240" step="2"/><T96/><D71/><U23/><E74/><V35/><F3/><W120/><G120/><T125/><D68/><U18/><E89/><V129/><F129/><W115/><AGARI ba="1,1" hai="16,22,26,66,67,80,82,85,86,88,90,112,113,115" machi="115" ten="30,8000,1" yaku="1,1,0,1,9,1,54,2,53,0" doraHai="42" doraHaiUra="58" who="3" fromWho="3" sc="366,-41,134,-21,250,-21,240,93" /><INIT seed="1,0,0,3,3,112" ten="325,113,229,333" oya="1" hai0="100,76,129,25,102,14,88,105,109,86,15,11,27" hai1="46,29,80,98,119,125,66,90,63,2,82,10,49" hai2="18,60,108,68,85,99,24,91,43,44,61,114,84" hai3="19,87,83,121,111,58,132,32,122,79,17,110,35"/><U12/><E2/><V74/><F74/><W37/><G37/><T69/><D69/><U117/><E125/><V92/><F108/><W36/><G36/><T67/><D109/><U65/><E29/><V104/><F114/><W124/><G124/><T55/><D67/><U126/><E126/><V9/><F104/><W33/><G132/><T71/><D71/><U50/><E98/><V94/><F68/><W64/><G110/><T6/><D129/><U128/><E128/><V73/><F73/><W101/><G111/><T38/><D38/><U118/><E90/><V116/><F116/><W135/><G135/><T42/><D42/><U115/><E115/><V59/><F92/><W21/><G101/><T41/><D41/><U97/><E97/><V54/><F60/><W106/><G106/><T3/><D76/><U31/><E31/><V16/><F9/><W30/><G30/><T131/><D131/><U39/><E39/><N who="2" m="21631" /><F18/><W96/><G96/><T45/><D105/><U47/><E10/><V7/><F7/><W40/><G17/><T48/><D15/><U89/><E12/><V78/><F78/><W103/><G79/><T107/><D107/><U113/><E113/><V28/><F28/><W26/><G19/><T75/><D3/><U23/><E23/><AGARI ba="0,0" hai="16,23,24,54,59,61,84,85,91,94,99" m="21631" machi="23" ten="30,2000,0" yaku="25,1,54,1" doraHai="112" who="2" fromWho="1" sc="325,0,113,-20,229,20,333,0" /><INIT seed="2,0,0,5,0,37" ten="325,93,249,333" oya="2" hai0="19,51,84,39,81,103,117,47,83,32,62,40,63" hai1="3,5,98,12,126,115,15,10,124,53,49,93,17" hai2="88,133,79,74,25,56,102,72,21,82,112,43,118" hai3="70,92,9,52,122,105,2,18,22,134,95,99,96"/><V121/><F133/><W45/><G122/><T101/><D117/><U119/><E115/><V106/><F118/><W73/><G73/><T31/><D31/><U77/><E77/><V14/><F121/><W13/><G105/><T41/><D32/><U24/><E119/><V109/><F72/><W50/><G134/><T71/><D71/><U29/><E53/><V60/><F14/><W20/><G70/><T94/><D39/><U67/><E67/><V36/><F102/><N who="0" m="38922" /><D19/><U6/><E49/><V35/><F106/><W68/><G68/><T66/><D66/><U44/><E44/><V7/><F7/><W26/><G2/><T85/><D94/><N who="3" m="35881" /><G22/><T120/><D120/><U87/><E87/><N who="0" m="33353" /><D40/><U107/><E107/><V58/><F35/><W114/><G114/><T132/><D132/><U54/><E93/><V65/><F43/><W80/><G80/><AGARI ba="0,0" hai="41,47,51,62,63,80,81,83" m="33353,38922" machi="80" ten="30,2000,0" yaku="8,1,52,1" doraHai="37" who="0" fromWho="3" sc="325,20,93,0,249,0,333,-20" /><INIT seed="3,0,0,5,3,21" ten="345,93,249,313" oya="3" hai0="64,105,68,113,87,50,72,25,116,79,132,52,53" hai1="29,2,134,27,54,94,121,76,38,14,16,107,7" hai2="70,49,110,60,82,46,122,32,130,6,106,13,84" hai3="96,40,36,101,86,81,73,92,93,88,35,112,95"/><W4/><G35/><T99/><D116/><U131/><E107/><V30/><F122/><W17/><G112/><T98/><D113/><U75/><E121/><V39/><F106/><W9/><G73/><T126/><D72/><U41/><E134/><V28/><F39/><W10/><G36/><T118/><D118/><U135/><E135/><V0/><F0/><W24/><G40/><T63/><D132/><U85/><E131/><V100/><F100/><W59/><G59/><T89/><D79/><U57/><E41/><V58/><F70/><W97/><G4/><T114/><D53/><U104/><E104/><V133/><F130/><W31/><G31/><T91/><D126/><U5/><E38/><V128/><F128/><W3/><G3/><T43/><D43/><U69/><E69/><V56/><F56/><W124/><G124/><T125/><D125/><U129/><E129/><V90/><F32/><W123/><G123/><T48/><D48/><U77/><E75/><V80/><F133/><W117/><G117/><T8/><D8/><N who="3" m="3177" /><G101/><T74/><D74/><U61/><E2/><V103/><F103/><W115/><G115/><T127/><D114/><U47/><E47/><V23/><F6/><N who="1" m="2057" /><E14/><V109/><F46/><W19/><G19/><T55/><D55/><U37/><E29/><V66/><F28/><W11/><N who="3" m="3185" /><W65/><DORA hai="108" /><G65/><T44/><D127/><U26/><E37/><V42/><F30/><W120/><G120/><T83/><D105/><U119/><E119/><V111/><F111/><W22/><AGARI ba="0,0" hai="17,22,24,81,86,88,92,93,95,96,97" m="3185" machi="22" ten="40,7800,0" yaku="8,1,52,1,54,1" doraHai="21,108" who="3" fromWho="3" sc="345,-26,93,-26,249,-26,313,78" /><INIT seed="3,1,0,0,5,57" ten="319,67,223,391" oya="3" hai0="46,69,20,126,90,22,40,118,45,91,47,102,1" hai1="106,107,109,86,42,77,43,52,61,123,81,49,15" hai2="18,7,38,66,8,122,72,93,51,53,127,96,128" hai3="75,129,60,87,110,39,58,88,98,134,94,12,29"/><W113/><G113/><T108/><D108/><U115/><E123/><V64/><F72/><W27/><G75/><T112/><D1/><U83/><E115/><V35/><F35/><W70/><G110/><T41/><D126/><U79/><E109/><V11/><F127/><W100/><G39/><T36/><D69/><U54/><E15/><V111/><F38/><W119/><G119/><T59/><D118/><U6/><E6/><V131/><F122/><W85/><G70/><T114/><D102/><U68/><E68/><V23/><F111/><W17/><G134/><T67/><D46/><U56/><E107/><V89/><F128/><W37/><G129/><T125/><D125/><U84/><E106/><V71/><F71/><W4/><G4/><T10/><D10/><U121/><REACH who="1" step="1"/><E121/><REACH who="1" ten="319,57,223,391" step="2"/><V9/><F7/><W73/><G12/><T116/><D116/><U133/><E133/><V62/><F131/><W21/><G37/><T14/><D14/><U5/><E5/><V80/><F11/><W120/><G120/><T103/><D114/><U124/><E124/><V99/><F8/><W30/><G73/><T3/><D112/><U105/><E105/><V76/><F9/><W74/><G74/><T0/><D3/><U44/><AGARI ba="1,1" hai="42,43,44,49,52,54,56,61,77,79,81,83,84,86" machi="44" ten="20,12000,2" yaku="1,1,0,1,7,1,9,1,8,1,52,1,54,1,53,0" doraHai="57" doraHaiUra="34" who="1" fromWho="1" sc="319,-31,57,133,223,-31,391,-61" /><INIT seed="4,0,0,1,2,131" ten="288,190,192,330" oya="0" hai0="16,41,7,23,47,1,103,49,46,62,40,57,121" hai1="60,109,54,74,22,11,126,122,45,21,105,114,132" hai2="4,56,100,6,36,93,48,18,34,81,25,38,26" hai3="123,79,98,133,17,116,118,92,3,15,27,24,61"/><T102/><D121/><U119/><E54/><V101/><F81/><W44/><G3/><T19/><D1/><U94/><E60/><V134/><F134/><W99/><G123/><T104/><D7/><U28/><E94/><V75/><F75/><W113/><G113/><T115/><D115/><U2/><E45/><V65/><F34/><W29/><G79/><T0/><D0/><U112/><E2/><V128/><F128/><W14/><G133/><T50/><D104/><U43/><E43/><V97/><F100/><W85/><G118/><T89/><D89/><U72/><E105/><V31/><F38/><W120/><G120/><T9/><D9/><U10/><E122/><V84/><F84/><W83/><G116/><T95/><D95/><U63/><E63/><N who="2" m="38119" /><F36/><W125/><G125/><T69/><D69/><U68/><E68/><V96/><F96/><W5/><G99/><T111/><D111/><U8/><E119/><V86/><F86/><W90/><G98/><T13/><D19/><U91/><E91/><V110/><F110/><W135/><G135/><T80/><D80/><U58/><E10/><V20/><F6/><W117/><G5/><T108/><D108/><U32/><E109/><V59/><F4/><W51/><G83/><T76/><D76/><U30/><E32/><V33/><F59/><W129/><G117/><T55/><AGARI ba="0,0" hai="13,16,23,40,41,46,47,49,50,55,57,62,102,103" machi="55" ten="20,12000,1" yaku="0,1,7,1,9,1,8,1,54,1" doraHai="131" who="0" fromWho="0" sc="288,120,190,-40,192,-40,330,-40" /><INIT seed="4,1,0,3,1,36" ten="408,150,152,290" oya="0" hai0="132,43,16,78,71,40,110,80,119,118,116,30,97" hai1="59,2,133,129,102,115,68,107,105,81,60,15,58" hai2="117,47,76,6,72,25,69,90,103,1,127,67,93" hai3="22,123,100,82,106,74,34,131,4,11,124,46,45"/><T63/><D132/><U75/><E2/><V89/><F117/><W122/><G34/><T48/><D30/><U44/><E105/><V114/><F25/><W56/><G106/><T61/><D97/><U31/><E102/><V10/><F127/><W42/><G100/><T94/><D94/><U37/><E81/><V49/><F103/><W84/><G124/><T0/><D0/><U7/><E75/><V134/><F134/><W130/><G74/><T28/><D28/><U104/><E15/><V21/><F21/><W32/><G32/><T92/><D92/><U19/><E19/><V27/><F27/><W111/><G111/><T95/><D95/><U77/><E77/><V112/><F93/><W55/><G22/><T51/><D71/><U79/><E7/><V38/><F67/><W70/><G70/><T109/><D16/><U18/><E18/><V99/><F69/><W121/><G11/><T9/><D9/><U128/><E31/><V29/><F29/><W5/><G82/><T13/><D13/><U87/><E107/><V20/><F20/><W91/><G91/><T39/><D39/><U64/><E104/><V50/><F99/><W126/><G126/><T33/><D33/><U14/><E14/><V52/><F90/><W23/><G23/><T3/><D3/><U54/><E133/><V86/><F38/><N who="3" m="21719" /><G84/><T53/><D80/><N who="1" m="47519" /><E115/><N who="2" m="44075" /><F76/><W73/><G73/><T88/><D88/><U57/><E37/><V26/><F72/><W62/><G5/><T24/><D24/><U35/><E35/><V17/><F26/><W66/><G4/><T113/><D78/><RYUUKYOKU ba="1,0" sc="408,-15,150,15,152,-15,290,15" hai1="44,54,57,58,59,60,64,68,128,129" hai3="46,55,56,62,66,121,122,123,130,131" /><INIT seed="5,2,0,3,3,87" ten="393,165,137,305" oya="1" hai0="93,18,10,58,100,105,23,134,86,123,22,83,80" hai1="0,37,36,5,61,55,15,90,133,24,38,115,132" hai2="120,97,48,106,30,12,113,28,84,57,31,99,71" hai3="108,129,102,117,112,60,85,62,1,79,81,67,127"/><U13/><E0/><V69/><F120/><W103/><G1/><T92/><D134/><N who="1" m="51819" /><E24/><V78/><F106/><W29/><G108/><T95/><D123/><U66/><E115/><V131/><F113/><W49/><G112/><T40/><D40/><U107/><E107/><V44/><F57/><W65/><G29/><T101/><D105/><U110/><E110/><V39/><F39/><N who="1" m="9985" /><U21/><DORA hai="4" /><E21/><V56/><F56/><W26/><G127/><T43/><D43/><U7/><E55/><V54/><F131/><W14/><G129/><T91/><D58/><N who="1" m="37175" /><E13/><V59/><F12/><W116/><G26/><T68/><D68/><U41/><E41/><V126/><F126/><W45/><G14/><N who="0" m="7511" /><D83/><U3/><E3/><V122/><F122/><W125/><G125/><T98/><D98/><U128/><E128/><V77/><F69/><W88/><G67/><T46/><D46/><U35/><E35/><V135/><F71/><W50/><G65/><T73/><D73/><U19/><E19/><V2/><F2/><W89/><G103/><AGARI ba="2,0" hai="22,23,80,86,91,92,93,95,100,101,103" m="7511" machi="103" ten="30,3900,0" yaku="8,1,52,2" doraHai="87,4" who="0" fromWho="3" sc="393,45,165,0,137,0,305,-45" /><INIT seed="6,0,0,2,0,9" ten="438,165,137,260" oya="2" hai0="41,102,48,67,60,72,108,26,125,118,63,80,70" hai1="121,126,13,18,12,122,106,20,42,98,7,47,116" hai2="84,110,61,5,93,86,111,90,64,87,55,65,38" hai3="4,6,88,75,92,46,117,33,56,28,101,10,36"/><V129/><F38/><W30/><G117/><T52/><D108/><N who="2" m="41514" /><F5/><W34/><G75/><T128/><D128/><U81/><E81/><V68/><F129/><W45/><G36/><T43/><D125/><U69/><E69/><V44/><F44/><W19/><G101/><T3/><D3/><U22/><E116/><V89/><F65/><W23/><G34/><T71/><D118/><U114/><E114/><V27/><F27/><W133/><G33/><T8/><D8/><N who="1" m="4127" /><E98/><N who="2" m="57647" /><F55/><W15/><G133/><T104/><D26/><U29/><E106/><V31/><F31/><N who="3" m="11819" /><G56/><T51/><D102/><U119/><E47/><N who="3" m="17930" /><G10/><T91/><D104/><U123/><E42/><V97/><F97/><AGARI ba="0,0" hai="4,6,15,19,23,88,92,97" m="17930,11819" machi="97" ten="30,3900,0" yaku="8,1,52,1,54,1" doraHai="9" who="3" fromWho="2" sc="438,0,165,0,137,-39,260,39" /><INIT seed="7,0,0,0,0,53" ten="438,165,98,299" oya="3" hai0="30,62,47,39,78,122,65,50,72,34,120,106,21" hai1="22,29,118,19,126,64,75,73,13,58,77,82,38" hai2="80,95,102,31,98,130,87,59,63,18,89,117,67" hai3="28,90,35,76,41,48,43,51,68,132,45,100,10"/><W7/><G68/><T26/><D39/><U16/><E38/><V9/><F117/><W113/><G132/><T129/><D129/><U85/><E126/><V91/><F130/><W71/><G71/><T103/><D78/><U88/><E118/><V57/><F31/><W11/><G113/><T20/><D72/><U4/><E4/><V2/><F2/><W70/><G70/><T55/><D21/><U27/><E19/><V81/><F81/><W6/><G35/><T49/><D49/><U37/><E37/><V66/><F9/><W44/><G28/><T69/><D20/><U0/><E0/><V96/><F18/><W17/><G17/><T128/><D128/><U135/><E135/><V3/><F3/><W84/><G100/><T105/><D105/><U60/><REACH who="1" step="1"/><E77/><REACH who="1" ten="438,155,98,299" step="2"/><V74/><F74/><W94/><G76/><T23/><D23/><AGARI ba="0,1" hai="13,16,22,23,27,29,58,60,64,73,75,82,85,88" machi="23" ten="30,16000,3" yaku="1,1,2,1,7,1,52,1,54,2,53,2" doraHai="53" doraHaiUra="107" who="1" fromWho="0" sc="438,-160,155,170,98,0,299,0" owari="278,-12.0,325,42.0,98,-40.0,299,10.0" /></mjloggm>