<mjloggm ver="2.3"><GO type="97" lobby="0"/><UN n0="%E6%98%A5%E5%9F%BC%E7%BE%8E%E7%A9%BA" n1="%E3%82%A6%E3%83%AB%E3%83%88%E3%83%A9%E7%AB%8B%E7%9B%B4" n2="%42%47%39%E2%86%92%47%45%38" n3="%79%6F%74%74%69%73" dan="14,14,14,13" rate="1927.82,1950.47,1934.46,1867.22" sx="F,M,M,M"/><TAIKYOKU oya="0"/><INIT seed="0,0,0,3,3,51" ten="250,250,250,250" oya="0" hai0="67,127,85,110,44,71,34,92,26,69,65,66,107" hai1="98,132,88,47,108,25,82,117,28,0,103,48,54" hai2="31,129,5,74,57,60,80,120,20,104,45,4,99" hai3="33,14,106,46,53,115,113,81,126,36,42,86,9"/><T95/><D107/><U121/><E0/><V114/><F129/><W12/><G106/><T109/><D127/><U35/><E121/><V16/><F120/><W68/><G126/><T63/><D44/><U8/><E117/><V83/><F31/><W27/><G68/><N who="0" m="26187" /><D63/><U125/><E125/><V124/><F124/><W78/><G14/><T59/><D59/><U64/><E64/><V38/><F114/><W15/><G15/><T112/><D112/><U52/><E132/><V84/><F74/><W29/><REACH who="3" step="1"/><G53/><REACH who="3" ten="250,250,250,240" step="2"/><T102/><D109/><U21/><E108/><V55/><F104/><W2/><G2/><T111/><D111/><U58/><E8/><V50/><F5/><AGARI ba="0,1" hai="5,9,12,27,29,33,36,42,46,78,81,86,113,115" machi="5" ten="30,3900,0" yaku="1,1,7,1,53,1" doraHai="51" doraHaiUra="11" who="3" fromWho="2" sc="250,0,250,0,250,-39,240,49" /><INIT seed="1,0,0,2,5,132" ten="250,250,211,289" oya="1" hai0="40,3,61,4,53,55,87,115,60,21,31,62,111" hai1="123,72,68,1,82,19,114,108,104,59,46,121,117" hai2="47,106,85,5,96,97,10,6,45,124,11,90,81" hai3="69,133,98,49,42,2,80,58,107,32,39,102,76"/><U28/><E82/><V83/><F106/><W128/><G2/><T92/><D115/><U126/><E59/><V26/><F26/><W13/><G32/><T66/><D111/><U57/><E57/><V7/><F124/><W63/><G133/><T8/><D40/><U44/><E28/><V91/><F6/><W99/><G128/><T131/><D131/><U103/><E103/><V105/><F105/><W94/><G69/><T89/><REACH who="0" step="1"/><D66/><REACH who="0" ten="240,250,211,289" step="2"/><U130/><E44/><V67/><F85/><W75/><G39/><T101/><D101/><U30/><E46/><V33/><F33/><W86/><G42/><T134/><D134/><U9/><E123/><V100/><F100/><W29/><G29/><T38/><D38/><U125/><E30/><V35/><F35/><W17/><G49/><T65/><D65/><AGARI ba="0,1" hai="5,7,10,11,45,47,65,67,81,83,90,91,96,97" machi="65" ten="25,3200,0" yaku="22,2,8,1" doraHai="132" who="2" fromWho="0" sc="240,-32,250,0,211,42,289,0" /><INIT seed="2,0,0,3,2,14" ten="208,250,253,289" oya="2" hai0="134,127,61,75,116,48,9,128,120,102,40,22,79" hai1="80,83,64,110,108,118,126,95,49,17,99,10,12" hai2="100,3,50,43,73,16,25,59,6,8,5,96,34" hai3="123,4,7,36,74,113,85,90,93,107,98,122,56"/><V88/><F73/><W71/><G36/><T41/><D120/><U111/><E118/><V62/><F6/><W28/><G71/><T33/><D33/><U52/><E64/><V24/><F34/><W44/><G28/><T54/><D116/><U53/><E126/><V87/><F43/><W101/><G44/><T45/><D127/><U131/><E131/><V112/><F50/><W117/><G117/><T91/><D128/><U60/><E60/><V20/><F112/><W82/><G56/><T13/><D102/><N who="1" m="60799" /><E53/><V89/><F87/><W15/><G113/><T67/><D91/><U21/><E21/><V58/><F25/><W2/><G2/><T70/><D134/><U125/><E125/><V32/><F32/><W27/><G27/><T0/><D79/><U121/><E121/><V51/><F51/><W78/><REACH who="3" step="1"/><G15/><REACH who="3" ten="208,250,253,279" step="2"/><T11/><D75/><U124/><E124/><V94/><F59/><AGARI ba="0,1" hai="10,12,17,49,52,59,80,83,108,110,111" m="60799" machi="59" ten="30,3900,0" yaku="14,1,52,1,54,1" doraHai="14" who="1" fromWho="2" sc="208,0,250,49,253,-39,279,0" /><INIT seed="3,0,0,4,0,54" ten="208,299,214,279" oya="3" hai0="18,68,105,113,111,73,82,69,40,8,128,1,129" hai1="100,130,133,112,109,30,123,99,78,28,88,77,21" hai2="29,93,5,126,119,49,4,17,114,26,44,62,20" hai3="118,115,94,43,53,32,80,76,55,134,63,27,75"/><W31/><G118/><T91/><D105/><U67/><E123/><V13/><F119/><W66/><G115/><T81/><D113/><U60/><E112/><V131/><F114/><W37/><G134/><T14/><D111/><U22/><E109/><V6/><F131/><N who="0" m="50250" /><D1/><U104/><E130/><V107/><F107/><W95/><G95/><T110/><D110/><U12/><E133/><V103/><F126/><W19/><G43/><T7/><D40/><U9/><E100/><V117/><F117/><W89/><G37/><T58/><D7/><U98/><E104/><V106/><F106/><W50/><G19/><T46/><D46/><U83/><E9/><V52/><F62/><W42/><G42/><T0/><D0/><U3/><E3/><V72/><F72/><W116/><G50/><T122/><D122/><U56/><E12/><V45/><F45/><W35/><G35/><T96/><D58/><U102/><E102/><V124/><F124/><W87/><G116/><T70/><D73/><U92/><E99/><N who="2" m="59887" /><F29/><N who="1" m="11369" /><E83/><V86/><F86/><W74/><REACH who="3" step="1"/><G74/><REACH who="3" ten="208,299,214,269" step="2"/><T36/><D36/><U90/><E90/><V24/><AGARI ba="0,1" hai="4,5,6,13,17,20,24,26,44,49,52" m="59887" machi="24" ten="30,2000,0" yaku="8,1,54,1" doraHai="54" who="2" fromWho="2" sc="208,-5,299,-5,214,30,269,-10" /><INIT seed="4,0,0,0,4,40" ten="203,294,244,259" oya="0" hai0="55,32,87,118,11,29,131,122,50,109,125,12,26" hai1="120,83,107,7,70,14,108,106,52,126,61,33,91" hai2="58,128,0,27,132,74,60,77,130,22,85,93,30" hai3="111,10,82,101,123,6,135,84,121,112,15,79,23"/><T116/><D122/><N who="3" m="46601" /><G111/><T4/><D109/><U95/><E108/><V89/><F0/><W73/><G112/><T51/><D131/><U62/><E120/><V110/><F110/><W80/><G135/><T38/><D125/><U8/><E126/><V21/><F132/><W133/><G133/><T96/><D38/><U47/><E33/><V9/><F9/><W46/><G46/><T16/><D96/><N who="1" m="57471" /><E70/><V17/><F77/><N who="3" m="46095" /><G23/><T57/><D87/><U53/><E106/><V65/><REACH who="2" step="1"/><F74/><REACH who="2" ten="203,294,234,259" step="2"/><W59/><G59/><T5/><REACH who="0" step="1"/><D51/><REACH who="0" ten="193,294,234,259" step="2"/><N who="1" m="28799" /><E107/><V36/><F36/><W114/><G114/><T75/><D75/><U42/><E83/><V92/><F92/><W86/><G101/><T41/><D41/><U98/><E42/><V134/><F134/><W94/><G94/><T78/><D78/><U20/><E98/><V127/><F127/><W25/><G25/><AGARI ba="0,2" hai="17,21,22,25,27,30,58,60,65,85,89,93,128,130" machi="25" ten="40,1300,0" yaku="1,1,53,0" doraHai="40" doraHaiUra="68" who="2" fromWho="3" sc="193,0,294,0,234,33,259,-13" /><INIT seed="5,0,0,4,3,34" ten="193,294,267,246" oya="1" hai0="58,13,60,98,9,10,107,12,114,35,5,110,66" hai1="49,95,19,75,130,57,37,105,116,31,14,46,72" hai2="85,121,0,91,43,115,69,63,123,134,99,112,84" hai3="61,78,4,42,79,52,47,45,11,132,32,82,29"/><U135/><E105/><V27/><F43/><W28/><G132/><T90/><D114/><N who="2" m="43562" /><F134/><W113/><G113/><T40/><D110/><U77/><E135/><V17/><F99/><W2/><G32/><T7/><D35/><U6/><E116/><V103/><F103/><W53/><G79/><T68/><D40/><U122/><E122/><V25/><F85/><W26/><G26/><N who="2" m="9737" /><F17/><W120/><G120/><T56/><REACH who="0" step="1"/><D90/><REACH who="0" ten="183,294,267,246" step="2"/><U100/><E37/><V73/><F123/><W8/><G8/><T74/><D74/><U126/><E75/><V51/><F73/><N who="3" m="43343" /><G61/><T81/><D81/><U16/><E72/><V71/><F121/><W93/><G93/><T70/><D70/><U54/><E95/><V101/><F71/><W39/><G47/><T128/><D128/><U96/><E130/><V108/><F108/><W20/><G20/><T36/><D36/><U23/><E46/><V92/><F92/><W117/><G117/><T129/><D129/><U30/><E23/><V89/><F91/><W44/><G44/><T118/><D118/><U104/><E77/><V67/><F89/><W109/><G109/><T80/><D80/><U65/><E104/><V38/><F38/><W24/><G24/><T87/><D87/><U33/><E33/><V3/><F84/><W59/><G59/><T76/><D76/><U131/><E131/><V41/><F101/><AGARI ba="0,1" hai="5,7,9,10,12,13,56,58,60,66,68,98,101,107" machi="101" ten="40,2600,0" yaku="1,1,9,1,53,0" doraHai="34" doraHaiUra="119" who="0" fromWho="2" sc="183,36,294,0,267,-26,246,0" /><INIT seed="6,0,0,2,5,43" ten="219,294,241,246" oya="2" hai0="20,73,123,96,5,129,11,72,102,44,15,66,56" hai1="64,2,133,91,88,37,71,25,34,110,58,111,86" hai2="121,95,27,109,17,9,18,63,119,84,39,47,108" hai3="21,132,80,77,126,115,118,36,62,127,33,94,128"/><V67/><F121/><W19/><G118/><T65/><D123/><U31/><E2/><V60/><F119/><W14/><G33/><T6/><D129/><U68/><E37/><V29/><F67/><W112/><G36/><T81/><D6/><U106/><E71/><V22/><F39/><W53/><G94/><T42/><D20/><U1/><E1/><V89/><F47/><W124/><G128/><T52/><D73/><U76/><E76/><V48/><F48/><W10/><G132/><T114/><D114/><N who="3" m="43561" /><G62/><N who="0" m="36103" /><D81/><U0/><E0/><V100/><F100/><W93/><G93/><N who="0" m="58639" /><D72/><U101/><E58/><V49/><F49/><AGARI ba="0,0" hai="5,11,15,42,44,49,65,66" m="58639,36103" machi="49" ten="30,3900,0" yaku="8,1,52,1,54,1" doraHai="43" who="0" fromWho="2" sc="219,39,294,0,241,-39,246,0" /><INIT seed="7,0,0,4,0,79" ten="258,294,202,246" oya="3" hai0="17,108,126,115,123,19,12,49,34,132,63,119,52" hai1="61,107,112,67,80,130,86,62,22,45,88,93,101" hai2="55,41,83,99,65,81,51,103,57,105,70,110,85" hai3="127,71,76,26,125,72,43,48,75,92,44,66,58"/><W135/><G135/><T37/><D34/><U84/><E112/><V18/><F110/><W68/><G26/><T82/><D37/><U96/><E130/><V56/><F70/><N who="3" m="26667" /><G92/><T114/><D82/><N who="1" m="49175" /><E107/><V77/><F41/><W122/><G76/><T38/><D38/><U87/><E67/><V53/><F65/><W39/><G75/><T131/><D63/><N who="1" m="24075" /><E80/><V27/><F83/><W60/><G72/><T20/><D19/><U47/><E22/><V7/><F7/><W36/><G122/><T9/><D123/><U133/><E133/><V124/><F124/><AGARI ba="0,0" hai="36,39,43,44,48,58,60,66,124,125,127" m="26667" machi="124" ten="30,5800,0" yaku="18,1,34,2" doraHai="79" who="3" fromWho="2" sc="258,0,294,0,202,-58,246,58" owari="258,-14.0,294,9.0,144,-36.0,304,41.0" /></mjloggm>