<mjloggm ver="2.3"><GO type="97" lobby="0"/><UN n0="%31%33%36%30" n1="%6B%61%73%68%65%6C%6C%79" n2="%EF%BC%A1%EF%BC%AB%EF%BC%B2%33%2E%37" n3="%E3%82%A6%E3%83%AB%E3%83%88%E3%83%A9%E7%AB%8B%E7%9B%B4" dan="13,15,14,14" rate="1938.85,1983.17,1922.50,1975.87" sx="M,M,M,M"/><TAIKYOKU oya="0"/><INIT seed="0,0,0,4,0,131" ten="250,250,250,250" oya="0" hai0="124,125,123,127,130,107,29,119,86,25,58,129,133" hai1="16,1,126,14,70,63,31,8,120,101,82,113,92" hai2="44,81,2,72,18,20,135,36,110,5,106,117,80" hai3="41,21,34,94,51,52,102,83,87,112,48,46,3"/><T100/><D58/><U99/><E120/><V115/><F115/><W56/><G34/><N who="0" m="20783" /><D86/><U37/><E113/><V42/><F106/><W88/><G3/><T26/><D123/><U122/><E122/><V73/><F117/><W32/><G32/><T49/><D49/><U10/><E126/><V90/><F90/><W54/><G112/><T89/><D89/><U28/><E37/><V55/><F55/><W17/><G41/><T50/><D50/><U75/><E1/><V7/><F7/><W53/><G53/><T134/><D119/><U79/><REACH who="1" step="1"/><E8/><REACH who="1" ten="250,240,250,250" step="2"/><V30/><F2/><W132/><G132/><N who="0" m="50795" /><D26/><U96/><E96/><AGARI ba="0,1" hai="96,100,107,124,125,127,129,130" m="50795,20783" machi="96" ten="40,24000,3" yaku="30,2,18,1,20,1,23,1,52,3" doraHai="131" who="0" fromWho="1" sc="250,250,240,-240,250,0,250,0" /><INIT seed="0,1,0,4,4,124" ten="500,0,250,250" oya="0" hai0="23,8,36,92,117,5,94,2,110,99,35,25,41" hai1="103,15,34,56,66,73,57,75,134,43,62,40,132" hai2="39,33,1,12,122,98,44,58,6,102,4,106,9" hai3="118,131,105,27,116,80,125,21,88,49,53,65,111"/><T107/><D117/><U52/><E34/><V91/><F122/><W133/><G105/><T130/><D35/><U20/><E103/><V14/><F33/><W123/><G65/><T72/><D110/><U113/><E113/><V100/><F91/><W74/><G111/><T0/><D0/><U17/><E75/><V101/><F58/><W127/><G123/><T7/><D7/><U70/><E73/><V97/><F102/><W86/><G74/><T135/><D135/><N who="1" m="51755" /><E70/><V128/><F44/><N who="3" m="27815" /><G133/><T82/><D99/><U54/><E66/><V13/><F39/><W64/><G64/><T26/><D107/><U60/><AGARI ba="1,0" hai="15,17,20,40,43,52,54,56,57,60,62" m="51755" machi="60" ten="30,2000,0" yaku="20,1,54,1" doraHai="124" who="1" fromWho="1" sc="500,-11,0,23,250,-6,250,-6" /><INIT seed="1,0,0,4,0,3" ten="489,23,244,244" oya="1" hai0="19,129,51,21,119,114,67,109,134,80,78,24,37" hai1="64,79,40,44,125,71,36,32,56,42,48,122,85" hai2="110,13,62,10,127,70,130,65,68,105,33,69,35" hai3="124,86,15,27,88,23,128,102,96,26,5,104,38"/><U31/><E31/><V95/><F105/><W108/><G38/><T103/><D119/><U87/><E32/><V47/><F127/><W94/><G108/><T59/><D114/><U98/><E98/><V29/><F110/><W76/><G124/><T120/><D51/><U100/><E100/><V52/><F130/><W93/><G128/><T92/><D37/><N who="1" m="21519" /><E87/><V135/><F135/><W106/><G27/><T91/><D129/><U123/><E85/><V43/><F95/><W53/><G76/><T14/><D109/><U55/><E79/><V82/><F82/><W89/><G53/><T16/><D120/><U25/><E25/><V17/><F29/><W1/><G1/><T117/><D134/><U99/><E99/><V12/><F12/><W7/><G15/><T45/><D103/><U83/><E83/><V126/><F126/><W2/><G2/><T77/><D80/><U30/><E30/><V41/><F41/><W75/><G75/><T66/><D117/><U84/><E84/><V101/><F101/><W131/><G131/><T34/><D34/><U28/><E28/><V49/><F43/><W97/><G106/><T90/><D90/><U39/><E125/><V81/><F81/><W58/><G58/><T8/><D91/><U57/><E57/><V118/><F118/><W9/><G9/><T50/><D92/><U22/><E22/><V115/><F35/><W107/><G107/><T111/><D59/><U121/><E42/><V18/><F33/><W6/><G23/><T54/><D111/><U73/><E73/><V132/><F18/><W63/><G26/><RYUUKYOKU ba="0,0" sc="489,10,23,10,244,-30,244,10" hai0="8,14,16,19,21,24,45,50,54,66,67,77,78" hai1="36,39,48,55,56,64,71,121,122,123" hai3="5,6,7,63,86,88,89,93,94,96,97,102,104" /><INIT seed="1,1,0,2,2,30" ten="499,33,214,254" oya="1" hai0="37,32,15,72,60,80,8,67,134,104,110,48,85" hai1="130,20,65,6,63,23,97,114,87,73,58,28,9" hai2="125,117,36,88,82,46,76,77,10,21,3,98,75" hai3="121,135,17,126,52,96,54,120,4,133,47,109,116"/><U38/><E73/><V70/><F70/><W99/><G4/><T119/><D104/><U1/><E114/><V31/><F117/><W93/><G116/><T11/><D72/><U35/><E38/><V78/><F125/><W56/><G109/><T127/><D37/><U118/><E118/><V68/><F68/><W69/><G69/><T84/><D32/><U18/><E87/><V2/><F21/><W34/><G34/><T27/><D110/><U107/><E130/><V5/><F31/><W71/><G71/><T108/><D134/><N who="3" m="51209" /><G17/><T91/><D127/><U22/><E97/><V103/><F2/><W122/><G126/><T115/><D108/><U66/><E107/><V41/><F88/><N who="3" m="55335" /><G99/><T50/><D115/><U90/><E90/><V100/><REACH who="2" step="1"/><F100/><REACH who="2" ten="499,33,204,254" step="2"/><W43/><G56/><T86/><D119/><U42/><E42/><V14/><F14/><W105/><G105/><AGARI ba="1,1" hai="3,5,10,36,41,46,75,76,77,78,82,98,103,105" machi="105" ten="30,7700,0" yaku="1,1,7,1,25,2,53,0" doraHai="30" doraHaiUra="57" who="2" fromWho="3" sc="499,0,33,0,204,90,254,-80" /><INIT seed="2,0,0,3,2,71" ten="499,33,294,174" oya="2" hai0="31,77,43,106,62,83,28,103,105,102,91,118,63" hai1="16,121,42,27,48,46,35,5,14,111,104,30,116" hai2="53,99,11,88,44,12,89,126,81,97,92,72,96" hai3="82,98,24,94,21,131,76,54,127,66,50,124,110"/><V9/><F126/><N who="3" m="48171" /><G66/><T115/><D115/><U128/><E116/><V19/><F72/><N who="3" m="43271" /><G110/><T108/><D108/><U95/><E111/><V55/><F9/><W7/><G7/><T22/><D118/><U69/><E104/><V132/><F132/><W80/><G80/><T65/><D106/><U36/><E69/><V78/><F44/><W20/><G131/><T112/><D105/><U114/><E114/><V52/><REACH who="2" step="1"/><F89/><REACH who="2" ten="499,33,284,174" step="2"/><N who="3" m="55631" /><G24/><T17/><D91/><U29/><E128/><V6/><F6/><W130/><G130/><T18/><D112/><U107/><E5/><V125/><F125/><W56/><AGARI ba="0,1" hai="20,21,50,54,56" m="55631,43271,48171" machi="56" ten="30,1100,0" yaku="18,1" doraHai="71" who="3" fromWho="3" sc="499,-3,33,-3,284,-5,174,21" /><INIT seed="3,0,0,1,1,30" ten="496,30,279,195" oya="3" hai0="119,10,26,25,62,97,93,91,85,124,120,98,122" hai1="128,123,106,24,129,32,126,50,67,76,116,69,13" hai2="131,11,18,75,71,58,84,110,102,113,37,125,21" hai3="57,82,36,41,103,107,77,42,0,132,43,4,38"/><W29/><G132/><T100/><D119/><U27/><E76/><V134/><F75/><W96/><G57/><T87/><D62/><U1/><E50/><V94/><F71/><W12/><G12/><T52/><D52/><U109/><E67/><V55/><F37/><W70/><G70/><T44/><D44/><U33/><E106/><V45/><F113/><W135/><G135/><T40/><D10/><U79/><E79/><V28/><F134/><W86/><G4/><T114/><D40/><U78/><E78/><V6/><F125/><W51/><G0/><T15/><D25/><N who="1" m="9803" /><E69/><V54/><F28/><W73/><G51/><T80/><D26/><U130/><E1/><V22/><F131/><N who="1" m="33537" /><U88/><DORA hai="65" /><E88/><N who="2" m="53511" /><F102/><W72/><G29/><T68/><D15/><U34/><E126/><V17/><F110/><W63/><G63/><T83/><D124/><U31/><E109/><V2/><F45/><W61/><REACH who="3" step="1"/><G61/><REACH who="3" ten="496,30,279,185" step="2"/><T81/><D68/><U7/><E31/><V133/><F133/><W117/><G117/><T108/><D108/><U112/><E116/><V95/><F58/><W35/><G35/><N who="1" m="8962" /><U48/><DORA hai="19" /><E48/><V104/><F55/><W5/><G5/><T47/><D47/><U16/><E112/><V115/><F54/><W90/><G90/><T14/><D14/><U64/><E64/><V99/><F2/><W66/><G66/><T118/><D114/><U105/><E105/><V127/><F104/><W60/><G60/><T3/><D3/><U39/><E39/><AGARI ba="0,1" hai="36,38,39,41,42,43,72,73,77,82,86,96,103,107" machi="39" ten="40,3900,0" yaku="1,1,53,1" doraHai="30,65,19" doraHaiUra="56,111,74" who="3" fromWho="1" sc="496,0,30,-39,279,0,185,49" owari="496,60.0,-9,-51.0,279,8.0,234,-17.0" /></mjloggm>