<mjloggm ver="2.3"><GO type="97" lobby="0"/><UN n0="%E3%83%AD%E3%83%99%E3%82%AB%E3%83%AB" n1="%74%68%69%73%69%73%69%74" n2="%E3%82%A6%E3%83%AB%E3%83%88%E3%83%A9%E7%AB%8B%E7%9B%B4" n3="%E3%83%AD%E3%82%AF%E3%82%B7%E3%82%A2%E3%83%BC%E3%83%8C%E3%82%AF" dan="14,14,14,13" rate="1830.21,1986.54,1927.38,1831.10" sx="M,M,M,M"/><TAIKYOKU oya="0"/><INIT seed="0,0,0,2,1,23" ten="250,250,250,250" oya="0" hai0="120,101,9,104,113,106,73,83,95,68,24,14,80" hai1="126,18,131,2,119,65,47,135,32,130,77,115,48" hai2="21,134,34,114,8,124,3,98,55,109,75,49,37" hai3="43,96,123,51,16,90,117,4,1,66,59,125,105"/><T133/><D120/><U81/><E135/><V92/><F34/><W6/><G1/><T118/><D113/><U94/><E126/><V36/><F75/><W111/><G117/><T70/><D118/><U38/><E119/><V86/><F114/><W132/><G123/><T29/><D133/><U85/><E115/><V116/><F116/><W15/><G132/><T58/><D58/><U103/><E32/><V129/><F134/><W102/><G111/><T41/><D41/><U39/><E2/><V88/><F109/><W93/><G66/><T84/><D73/><U11/><E65/><V20/><F124/><W5/><G125/><T82/><D106/><U112/><E112/><V57/><F129/><N who="1" m="49161" /><E103/><V7/><F20/><N who="3" m="11295" /><G105/><T28/><D28/><U62/><E62/><V53/><F53/><N who="3" m="32191" /><G43/><T10/><D104/><U108/><E108/><V56/><F56/><W67/><G67/><T60/><D10/><U30/><E30/><V107/><F107/><W40/><G40/><T42/><D42/><N who="1" m="24695" /><E94/><V46/><F46/><W33/><G33/><T44/><D44/><U17/><E11/><V22/><F36/><AGARI ba="0,0" hai="17,18,36,38,39,77,81,85" m="24695,49161" machi="36" ten="30,1000,0" yaku="19,1" doraHai="23" who="1" fromWho="2" sc="250,0,250,10,250,-10,250,0" /><INIT seed="1,0,0,2,4,110" ten="250,260,240,250" oya="1" hai0="42,2,133,100,74,127,123,56,35,41,76,9,106" hai1="13,0,120,38,92,31,45,63,58,95,64,18,96" hai2="73,43,39,59,10,30,85,131,44,103,114,89,84" hai3="22,3,107,91,112,75,81,70,12,53,52,71,93"/><U55/><E120/><V51/><F73/><W82/><G3/><T121/><D123/><U6/><E31/><V68/><F103/><W134/><G107/><T37/><D41/><U7/><E0/><V23/><F10/><W47/><G134/><T115/><D56/><U57/><E38/><V116/><F116/><W119/><G119/><T32/><D121/><U40/><E40/><V24/><F131/><W117/><G117/><T99/><D127/><U77/><E45/><V113/><F68/><W33/><G33/><T97/><D97/><U69/><E77/><V21/><F21/><W65/><G65/><T94/><D94/><N who="1" m="35883" /><E96/><V8/><F8/><W105/><G105/><T15/><D15/><U108/><E108/><V111/><F111/><W28/><G75/><T50/><D50/><N who="1" m="30967" /><E69/><V132/><F132/><W67/><G71/><T122/><D122/><U19/><E13/><V60/><F39/><W90/><G12/><T14/><D14/><U80/><E80/><V72/><F72/><W48/><G70/><T98/><D98/><U17/><AGARI ba="0,0" hai="6,7,17,18,19,58,63,64" m="30967,35883" machi="17" ten="30,1500,0" yaku="8,1" doraHai="110" who="1" fromWho="1" sc="250,-5,260,15,240,-5,250,-5" /><INIT seed="1,1,0,3,3,39" ten="245,275,235,245" oya="1" hai0="17,14,78,30,46,61,114,38,77,131,67,95,107" hai1="25,22,91,99,123,47,7,76,133,23,20,115,108" hai2="56,12,135,53,113,122,98,18,90,27,34,116,96" hai3="50,9,52,59,26,71,60,105,79,32,13,11,24"/><U102/><E108/><V100/><F122/><W82/><G105/><T45/><D114/><U41/><E133/><V85/><F116/><W15/><G32/><T97/><D107/><U119/><E123/><V121/><F121/><W2/><G2/><T42/><D131/><U130/><E119/><V57/><F135/><W94/><G71/><T58/><D46/><U43/><E130/><V111/><F111/><W75/><G94/><T81/><D30/><U106/><E115/><V120/><F120/><W21/><G21/><T28/><D28/><U4/><E76/><V109/><F109/><W70/><G70/><T44/><D44/><U29/><E91/><V134/><F113/><W40/><G15/><T89/><REACH who="0" step="1"/><D81/><REACH who="0" ten="235,275,235,245" step="2"/><U93/><E106/><V87/><F134/><W5/><G11/><AGARI ba="1,1" hai="11,14,17,38,42,45,58,61,67,77,78,89,95,97" machi="11" ten="30,8000,1" yaku="1,1,2,1,7,1,52,1,53,1" doraHai="39" doraHaiUra="88" who="0" fromWho="3" sc="235,93,275,0,235,0,245,-83" /><INIT seed="2,0,0,0,2,103" ten="328,275,235,162" oya="2" hai0="130,34,107,6,93,72,28,43,49,18,86,60,90" hai1="102,25,33,35,16,97,75,113,38,14,22,76,55" hai2="2,82,111,67,40,96,105,74,73,19,110,122,100" hai3="108,101,53,37,48,126,121,1,15,26,79,0,62"/><V39/><F122/><W30/><G26/><T119/><D72/><U129/><E129/><V54/><F54/><W20/><G121/><T66/><D130/><U133/><E133/><V23/><F67/><W5/><G37/><T11/><D119/><U56/><E113/><V80/><F2/><W51/><G30/><T63/><D18/><U81/><E38/><V114/><F114/><W10/><G79/><T98/><D63/><U118/><E118/><V13/><F40/><W31/><G31/><T87/><D86/><U91/><E91/><V83/><F39/><W42/><G20/><T24/><D49/><U116/><E116/><V135/><F135/><W8/><G42/><T123/><D43/><U132/><E132/><V52/><F52/><W44/><G62/><T95/><D123/><U85/><E75/><V117/><F117/><W47/><G47/><T64/><D64/><U46/><E46/><V45/><F45/><W12/><G51/><T61/><D66/><U27/><E35/><V68/><F68/><W84/><G44/><T89/><D107/><U125/><E33/><V134/><F134/><W78/><G48/><T120/><D120/><U3/><E3/><AGARI ba="0,0" hai="3,6,11,24,28,34,60,61,87,89,90,93,95,98" machi="3" ten="30,1000,0" yaku="7,1" doraHai="103" who="0" fromWho="1" sc="328,10,275,-10,235,0,162,0" /><INIT seed="3,0,0,0,4,1" ten="338,265,235,162" oya="3" hai0="68,128,64,32,95,52,75,53,79,35,103,13,82" hai1="72,39,54,21,92,10,42,130,127,98,40,133,6" hai2="25,16,118,77,112,22,126,3,2,115,4,15,63" hai3="93,65,87,70,120,62,81,106,18,107,124,83,111"/><W129/><G120/><T20/><D128/><U14/><E133/><V123/><F63/><W105/><G129/><T0/><D0/><N who="2" m="42" /><F77/><W51/><G124/><T89/><D103/><U88/><E127/><V119/><F126/><W76/><G111/><T134/><D134/><U26/><E130/><V56/><F56/><W12/><G51/><T45/><D53/><U61/><E72/><V132/><F132/><W101/><G83/><T58/><D68/><U113/><E39/><V33/><F123/><W47/><G47/><T131/><D131/><U66/><E113/><N who="2" m="43595" /><F33/><W11/><REACH who="3" step="1"/><G93/><REACH who="3" ten="338,265,235,152" step="2"/><T69/><D45/><U108/><E108/><V104/><F104/><W34/><G34/><T19/><D35/><U97/><E97/><AGARI ba="0,1" hai="11,12,18,62,65,70,76,81,87,97,101,105,106,107" machi="97" ten="40,2000,0" yaku="1,1,53,0" doraHai="1" doraHaiUra="116" who="3" fromWho="1" sc="338,0,265,-20,235,0,152,30" /><INIT seed="3,1,0,3,5,48" ten="338,245,235,182" oya="3" hai0="39,102,19,93,132,98,107,50,26,77,103,120,12" hai1="91,69,133,17,36,34,105,51,20,94,64,15,63" hai2="119,135,46,86,65,82,72,56,6,47,113,112,85" hai3="114,71,3,28,125,129,21,109,128,134,122,43,106"/><W9/><RYUUKYOKU type="yao9" ba="1,0" sc="338,0,245,0,235,0,182,0" hai3="3,9,21,28,43,71,106,109,114,122,125,128,129,134" /><INIT seed="3,2,0,1,0,40" ten="338,245,235,182" oya="3" hai0="103,121,69,14,12,99,71,45,65,70,25,98,100" hai1="13,79,77,15,39,1,42,21,81,82,5,129,32" hai2="44,27,89,48,87,9,2,112,7,59,92,51,52" hai3="67,63,0,22,50,123,58,108,62,128,76,36,3"/><W28/><G123/><T101/><D121/><U73/><E129/><V46/><F112/><W111/><G36/><T113/><D113/><U102/><E32/><V4/><F4/><W86/><G63/><T33/><D45/><N who="1" m="23775" /><E102/><V120/><F120/><W114/><G128/><T124/><D124/><U85/><E21/><V30/><F51/><W6/><G114/><T34/><D25/><U109/><E109/><N who="3" m="42058" /><G6/><T88/><D88/><U57/><E57/><V31/><F31/><W80/><G50/><T17/><D17/><U131/><E131/><V54/><F54/><W107/><G107/><T35/><D65/><U84/><E84/><V127/><F127/><W78/><G78/><T125/><D125/><U37/><E37/><V90/><F90/><W95/><G95/><T126/><D126/><U105/><E105/><V118/><F118/><W75/><G75/><T91/><D91/><U53/><E53/><V20/><AGARI ba="2,0" hai="2,7,9,20,27,30,44,46,48,52,59,87,89,92" machi="20" ten="20,8000,1" yaku="0,1,7,1,52,2,54,1" doraHai="40" who="2" fromWho="2" sc="338,-22,245,-22,235,86,182,-42" owari="316,12.0,223,-18.0,321,42.0,140,-36.0" /></mjloggm>