<mjloggm ver="2.3"><GO type="97" lobby="0"/><UN n0="%E6%9D%89%E5%B4%8E%E6%9E%97%E6%AA%8E" n1="%E5%8F%8C%E5%AD%90%E3%81%AE%E3%83%AC%E3%83%B3" n2="%6F%2D%6A%75%6E%67%6C%65" n3="%E3%82%A6%E3%83%AB%E3%83%88%E3%83%A9%E7%AB%8B%E7%9B%B4" dan="14,14,14,14" rate="1921.53,1939.95,1935.63,1958.95" sx="F,M,M,M"/><TAIKYOKU oya="0"/><INIT seed="0,0,0,0,5,19" ten="250,250,250,250" oya="0" hai0="133,71,96,64,73,97,28,9,76,122,100,24,11" hai1="48,37,49,5,111,57,32,54,50,26,131,40,51" hai2="66,7,35,120,116,0,128,117,34,52,115,75,23" hai3="102,33,92,109,81,42,46,123,132,21,107,130,113"/><T14/><D122/><U60/><E131/><V103/><F120/><W95/><G123/><T44/><D44/><N who="1" m="23567" /><E5/><V58/><F75/><W62/><G33/><T91/><D76/><U118/><E32/><V126/><F115/><W72/><G113/><T12/><D73/><U13/><E13/><V31/><F66/><W3/><G107/><T74/><D74/><U10/><E26/><N who="2" m="16863" /><F103/><W18/><G3/><T83/><D133/><U8/><E10/><N who="2" m="2407" /><F128/><W43/><G130/><T68/><D64/><N who="1" m="38927" /><E8/><V16/><F126/><W17/><G132/><T110/><D83/><U55/><E118/><N who="2" m="45675" /><F16/><W104/><G17/><T114/><D114/><U25/><E25/><V125/><F125/><W85/><G18/><T93/><D24/><U6/><E6/><V108/><F108/><W15/><G109/><T70/><D110/><U20/><E111/><V87/><F87/><W98/><G72/><T80/><D80/><U94/><E94/><V61/><AGARI ba="0,0" hai="34,35,52,58,61" m="45675,2407,16863" machi="61" ten="30,4000,0" yaku="12,1,52,1,54,1" doraHai="19" who="2" fromWho="2" sc="250,-20,250,-10,250,40,250,-10" /><INIT seed="1,0,0,0,2,54" ten="230,240,290,240" oya="1" hai0="75,88,90,31,35,101,132,97,100,78,57,102,133" hai1="30,61,49,60,23,115,12,37,117,1,85,47,58" hai2="84,44,104,114,110,99,34,40,2,48,42,109,18" hai3="33,94,130,27,108,82,29,8,76,6,116,65,89"/><U107/><E117/><V11/><F34/><W7/><G108/><N who="2" m="41577" /><F84/><W45/><G130/><T119/><D35/><U106/><E1/><V135/><F135/><N who="0" m="51786" /><D119/><U25/><E115/><V70/><F114/><W79/><G116/><T43/><D43/><U129/><E37/><V68/><F40/><W121/><G121/><T131/><D31/><U38/><E129/><V124/><F124/><W46/><G65/><T98/><D131/><U5/><E38/><V73/><F73/><W17/><G17/><T53/><D78/><U126/><E85/><V51/><F48/><W120/><G120/><T64/><D64/><U52/><E126/><V39/><F51/><W24/><G29/><T59/><D53/><U74/><E74/><V91/><F91/><N who="0" m="34858" /><D75/><U55/><REACH who="1" step="1"/><E61/><REACH who="1" ten="230,230,290,240" step="2"/><V22/><F2/><W72/><G72/><T96/><AGARI ba="0,1" hai="57,59,96,97,98,100,101,102" m="34858,51786" machi="96" ten="40,12000,2" yaku="28,2,20,1,52,2,54,1" doraHai="54" who="0" fromWho="0" sc="230,130,230,-60,290,-30,240,-30" /><INIT seed="2,0,0,4,5,48" ten="360,170,260,210" oya="2" hai0="131,99,5,39,35,50,36,114,97,94,89,53,62" hai1="117,129,111,58,63,81,66,91,49,56,31,16,25" hai2="24,52,19,96,77,112,115,133,102,13,87,134,116" hai3="10,26,127,121,57,34,1,43,104,14,110,98,103"/><V105/><F24/><W40/><G1/><T108/><D114/><U118/><E129/><V46/><F87/><W73/><G73/><T12/><D35/><U128/><E128/><V44/><F77/><W119/><G119/><T79/><D131/><U23/><E111/><V20/><F44/><W132/><G110/><T47/><D79/><U61/><E49/><N who="2" m="28727" /><F116/><W125/><G121/><T67/><D99/><U55/><E117/><V78/><F78/><W70/><G70/><T3/><D3/><U28/><E118/><V54/><F54/><W76/><G76/><T80/><D80/><U101/><E101/><V90/><F90/><W51/><G132/><AGARI ba="0,0" hai="13,19,20,96,102,105,112,115,132,133,134" m="28727" machi="132" ten="30,5800,0" yaku="20,1,52,1,54,1" doraHai="48" who="2" fromWho="3" sc="360,0,170,0,260,58,210,-58" /><INIT seed="2,1,0,5,4,18" ten="360,170,318,152" oya="2" hai0="38,39,116,22,75,29,67,131,95,60,90,134,59" hai1="71,86,57,12,78,10,89,45,129,4,23,85,64" hai2="109,103,34,65,15,58,133,61,54,7,82,80,19" hai3="31,97,124,27,6,94,128,46,118,99,53,113,74"/><V107/><F34/><W47/><G74/><T73/><D134/><U122/><E71/><V70/><F7/><W2/><G118/><T26/><D131/><U40/><E129/><V28/><F28/><W14/><G2/><T76/><D116/><U98/><E122/><V37/><F133/><W20/><G113/><T1/><D1/><U92/><E78/><V24/><F24/><W8/><G128/><T108/><D108/><U66/><E66/><V36/><F109/><W132/><G132/><T121/><D121/><U50/><E64/><V91/><F107/><W43/><G124/><T55/><D75/><U83/><E57/><V100/><F36/><W9/><G9/><T62/><D76/><N who="1" m="46311" /><E98/><V42/><F100/><W123/><G123/><T63/><D73/><U135/><E135/><V77/><F103/><W72/><G72/><T69/><D63/><U51/><E50/><N who="2" m="31063" /><F91/><W33/><G33/><T49/><D49/><U88/><E89/><V16/><F77/><W0/><G0/><T126/><D126/><U17/><E4/><V79/><F79/><W52/><G97/><AGARI ba="1,0" hai="22,26,29,38,39,55,59,60,62,67,69,90,95,97" machi="97" ten="30,2000,0" yaku="7,1,52,1" doraHai="18" who="0" fromWho="3" sc="360,23,170,0,318,0,152,-23" /><INIT seed="3,0,0,4,0,4" ten="383,170,318,129" oya="3" hai0="78,91,23,85,94,52,83,49,110,80,3,115,88" hai1="117,9,101,106,135,68,63,125,95,99,104,33,45" hai2="113,59,129,39,124,133,35,41,28,93,120,57,75" hai3="73,86,8,134,17,24,5,127,19,76,13,51,92"/><W60/><G73/><T25/><D3/><U119/><E135/><V121/><F113/><W53/><G134/><T74/><D110/><U132/><E132/><V96/><F39/><W67/><G127/><T54/><D115/><U43/><E125/><V37/><F133/><W130/><G130/><T46/><D74/><U79/><E33/><V128/><F124/><W55/><G55/><N who="0" m="30135" /><D80/><U90/><E79/><V62/><F75/><W81/><G92/><T20/><D78/><U16/><E68/><V44/><F28/><W108/><G108/><T1/><D1/><U58/><E101/><V0/><F35/><W56/><REACH who="3" step="1"/><G24/><REACH who="3" ten="383,170,318,119" step="2"/><T12/><D54/><U107/><E117/><V26/><F26/><W82/><G82/><T70/><D52/><N who="1" m="34247" /><E119/><V48/><F129/><W112/><G112/><T38/><D38/><U7/><E107/><V50/><F128/><W116/><G116/><T32/><D70/><AGARI ba="0,1" hai="5,8,13,17,19,51,53,56,60,67,70,76,81,86" machi="70" ten="30,5800,0" yaku="1,1,7,1,52,1,53,0" doraHai="4" doraHaiUra="31" who="3" fromWho="0" sc="383,-58,170,0,318,0,119,68" /><INIT seed="3,1,0,1,1,26" ten="325,170,318,187" oya="3" hai0="109,75,80,106,110,71,9,112,48,96,18,22,21" hai1="10,92,11,67,131,52,62,111,73,13,107,47,83" hai2="93,23,129,74,120,43,79,20,100,98,7,36,39" hai3="115,69,45,86,72,15,82,133,94,54,51,27,6"/><W95/><G69/><T35/><D112/><U29/><E107/><V126/><F120/><W60/><G115/><T101/><D71/><U85/><E131/><V76/><F129/><W55/><G72/><T104/><D35/><U1/><E111/><N who="0" m="42505" /><D104/><U66/><E1/><V130/><F130/><W78/><G133/><T19/><D9/><N who="1" m="3083" /><E73/><V46/><F39/><W108/><G108/><T4/><D4/><U2/><E2/><V33/><F33/><W28/><G15/><T103/><D101/><U57/><E47/><V135/><F135/><W17/><G17/><N who="0" m="6155" /><D48/><U118/><E118/><V134/><F134/><W68/><G6/><T123/><D123/><U38/><E38/><V128/><F128/><W122/><G122/><T3/><D3/><U14/><E29/><V88/><F126/><W124/><G124/><T70/><D70/><U125/><E125/><V40/><F7/><W24/><G24/><T56/><D56/><U32/><E32/><V25/><F43/><W8/><G8/><T114/><D114/><U41/><E41/><V77/><F74/><W105/><G105/><T5/><D5/><U81/><E92/><V89/><REACH who="2" step="1"/><F23/><REACH who="2" ten="325,170,308,187" step="2"/><N who="3" m="15487" /><G68/><T97/><D75/><U127/><E127/><V34/><F34/><W64/><G64/><N who="1" m="24618" /><E83/><V12/><F12/><W99/><G99/><N who="0" m="61823" /><D80/><U102/><E102/><V65/><F65/><W90/><G95/><T44/><D22/><U30/><E30/><AGARI ba="1,1" hai="20,25,30,36,40,46,76,77,79,88,89,93,98,100" machi="30" ten="40,5200,0" yaku="1,1,52,1,54,1,53,0" doraHai="26" doraHaiUra="58" who="2" fromWho="1" sc="325,0,170,-55,308,65,187,0" owari="325,13.0,115,-38.0,373,46.0,187,-21.0" /></mjloggm>