<mjloggm ver="2.3"><GO type="97" lobby="0"/><UN n0="%6E%69%74%6D%69%63" n1="%46%43" n2="%E5%B0%B1%E6%B4%BB%E7%94%9F%40%E5%B7%9D%E6%9D%91%E8%BB%8D%E5%9B%A3" n3="%E3%82%BB%E3%82%A4%E3%83%A8%E3%82%A6%E3%83%AA%E3%83%B3%E3%82%B4" dan="15,13,13,15" rate="2015.38,1862.81,1907.70,2003.15" sx="M,M,M,M"/><TAIKYOKU oya="0"/><INIT seed="0,0,0,4,3,74" ten="250,250,250,250" oya="0" hai0="125,11,9,15,99,93,117,21,63,108,53,71,124" hai1="119,55,24,20,36,6,26,18,72,133,115,84,40" hai2="62,43,32,60,33,56,57,8,92,69,46,76,107" hai3="42,66,25,132,1,94,47,129,116,22,85,34,75"/><T118/><D108/><U82/><E119/><N who="0" m="45577" /><D21/><U50/><E133/><V41/><F107/><W7/><G116/><T68/><D15/><U113/><E115/><V96/><F69/><N who="0" m="26698" /><D53/><U17/><E72/><V70/><F70/><W127/><G132/><T90/><D63/><U77/><E113/><V10/><F46/><W134/><G66/><T19/><D19/><U12/><E6/><V29/><F29/><W35/><G134/><T61/><D61/><U16/><E36/><V105/><F105/><W97/><G85/><T65/><D65/><U27/><E40/><V64/><F76/><W2/><G22/><T48/><D48/><U131/><E131/><V31/><F31/><W112/><G129/><T89/><D99/><U51/><E51/><V81/><F81/><W135/><G97/><T38/><D38/><U100/><E100/><V4/><F43/><W91/><G94/><T83/><D83/><U23/><E12/><V30/><F41/><W86/><G2/><T73/><D73/><U103/><E103/><V106/><F30/><W37/><G1/><T45/><D45/><AGARI ba="0,0" hai="16,17,18,20,23,24,26,27,45,50,55,77,82,84" machi="45" ten="40,5200,0" yaku="8,1,52,1,54,1" doraHai="74" who="1" fromWho="0" sc="250,-52,250,52,250,0,250,0" /><INIT seed="1,0,0,2,2,107" ten="198,302,250,250" oya="1" hai0="42,12,93,69,60,134,63,24,84,58,86,65,14" hai1="85,52,89,64,130,57,43,44,114,91,129,34,49" hai2="27,68,56,16,0,100,38,32,95,40,111,74,67" hai3="117,99,75,115,13,127,55,31,23,26,29,87,103"/><U88/><E114/><V97/><F0/><W11/><G75/><T101/><D134/><U132/><E34/><V18/><F111/><W77/><G115/><T62/><D42/><U96/><E132/><V120/><F120/><W30/><G127/><T80/><D24/><U53/><E96/><V10/><F68/><W122/><G122/><T66/><D62/><U124/><E124/><V123/><F123/><W51/><G87/><T81/><D93/><U121/><E121/><V79/><F38/><W20/><G77/><T133/><D101/><U47/><E85/><V83/><F40/><W4/><G23/><T3/><D3/><U116/><E116/><V92/><F92/><N who="3" m="58855" /><G117/><T1/><D1/><U41/><E64/><V54/><F67/><W112/><G112/><T104/><D133/><U135/><E135/><V50/><REACH who="2" step="1"/><F10/><REACH who="2" ten="198,302,240,250" step="2"/><W70/><G70/><T73/><D104/><U59/><E91/><V105/><F105/><W19/><G31/><AGARI ba="0,1" hai="16,18,27,31,32,50,54,56,74,79,83,95,97,100" machi="31" ten="40,8000,1" yaku="1,1,52,1,54,1,53,1" doraHai="107" doraHaiUra="46" who="2" fromWho="3" sc="198,0,302,0,240,90,250,-80" /><INIT seed="2,0,0,4,2,82" ten="198,302,330,170" oya="2" hai0="97,70,62,128,45,60,74,99,40,123,2,8,63" hai1="61,132,7,43,39,54,15,73,117,113,87,80,88" hai2="66,114,24,78,22,81,34,91,85,19,28,71,27" hai3="112,11,29,126,12,59,21,84,134,25,23,98,42"/><V130/><F114/><W67/><G112/><T56/><D123/><U16/><E117/><V129/><F71/><W110/><G110/><T44/><D74/><U118/><E113/><V14/><F66/><W72/><G134/><T41/><D70/><U109/><E118/><V17/><REACH who="2" step="1"/><F78/><REACH who="2" ten="198,302,320,170" step="2"/><W94/><G126/><T57/><D128/><U55/><E132/><V95/><F95/><W79/><G94/><T107/><D107/><U4/><E109/><V1/><F1/><W76/><G67/><T105/><D105/><U121/><E121/><V49/><F49/><W53/><G72/><T119/><D119/><U46/><E61/><V75/><F75/><W26/><G76/><T32/><D2/><U68/><E73/><V108/><F108/><W104/><G104/><T30/><D62/><U116/><E68/><V120/><F120/><W90/><G79/><T135/><D135/><U37/><E116/><V100/><F100/><W125/><G125/><T18/><D60/><U122/><E122/><V33/><F33/><W35/><G35/><T69/><D63/><U124/><E124/><V20/><AGARI ba="0,1" hai="14,17,19,20,22,24,27,28,34,81,85,91,129,130" machi="20" ten="30,6000,0" yaku="1,1,0,1,52,1,53,0" doraHai="82" doraHaiUra="102" who="2" fromWho="2" sc="198,-20,302,-20,320,70,170,-20" /><INIT seed="2,1,0,5,5,47" ten="178,282,390,150" oya="2" hai0="130,81,132,50,33,53,89,24,123,7,114,121,44" hai1="43,107,64,105,76,20,87,106,70,82,108,59,73" hai2="37,79,135,109,127,90,57,11,34,67,30,66,100" hai3="120,84,71,115,5,113,85,65,46,56,94,48,61"/><V17/><F37/><W19/><G120/><T129/><D114/><N who="3" m="43529" /><G5/><T16/><D132/><U92/><E20/><V4/><F100/><W31/><G31/><N who="0" m="19687" /><D7/><U1/><E59/><V118/><F79/><W122/><G122/><T96/><D16/><U103/><E43/><V111/><F118/><W69/><G19/><T9/><D9/><U133/><E1/><V95/><F127/><W101/><G101/><T86/><D96/><N who="1" m="61671" /><E64/><V10/><F135/><W14/><G14/><T38/><D38/><U128/><E70/><N who="3" m="26634" /><G94/><T126/><D126/><U131/><E133/><V93/><F34/><W35/><G35/><T23/><D23/><U55/><E108/><N who="2" m="41547" /><F30/><W112/><G112/><T41/><D121/><U97/><E55/><AGARI ba="1,0" hai="46,48,55,56,61,65,84,85" m="26634,43529" machi="55" ten="30,2000,0" yaku="11,1,52,1" doraHai="47" who="3" fromWho="1" sc="178,0,282,-23,390,0,150,23" /><INIT seed="3,0,0,1,5,40" ten="178,259,390,173" oya="3" hai0="36,93,83,58,87,116,131,4,48,128,43,81,109" hai1="112,57,53,1,7,105,69,120,65,2,129,22,68" hai2="17,127,12,94,123,73,64,92,78,33,110,134,21" hai3="97,118,96,100,106,111,71,115,98,6,47,60,18"/><W108/><G115/><T34/><D109/><N who="3" m="42057" /><G118/><T55/><D116/><U70/><E120/><V27/><F110/><W39/><G6/><T99/><D34/><U59/><E112/><V49/><F123/><W0/><G0/><T11/><D43/><U30/><E105/><V91/><F127/><W95/><G18/><T35/><D36/><U19/><E129/><N who="0" m="49737" /><D87/><U107/><E107/><V41/><F73/><W61/><G71/><T79/><D79/><U119/><E119/><V20/><F78/><W29/><G29/><T38/><D38/><U126/><E126/><V130/><F33/><W82/><G82/><T125/><D35/><U16/><E65/><V52/><F134/><W23/><G23/><T114/><D114/><U117/><E117/><V5/><F130/><W133/><G133/><T72/><D72/><U85/><E85/><V56/><F5/><W121/><G121/><T25/><D125/><U54/><E7/><V42/><F92/><W122/><G122/><T76/><D76/><U24/><E30/><N who="2" m="17767" /><F64/><W77/><G77/><T37/><D37/><U103/><E103/><V28/><F28/><W104/><G104/><T62/><D25/><U132/><E132/><V102/><F102/><N who="3" m="60703" /><G97/><AGARI ba="0,0" hai="12,17,21,41,42,49,52,56,91,94,97" m="17767" machi="97" ten="30,2000,0" yaku="8,1,54,1" doraHai="40" who="2" fromWho="3" sc="178,0,259,0,390,20,173,-20" owari="178,-22.0,259,6.0,410,51.0,153,-35.0" /></mjloggm>