<mjloggm ver="2.3"><GO type="41" lobby="0"/><UN n0="%E3%82%BB%E3%82%A4%E3%83%90%EF%BD%9E" n1="%E5%B0%B1%E6%B4%BB%E7%94%9F%40%E5%B7%9D%E6%9D%91%E8%BB%8D%E5%9B%A3" n2="%73%61%74%6F%72%75%53%50" n3="%E3%83%9E%E3%83%BC%E3%82%AF%EF%BC%92%42%41%4E" dan="14,13,14,15" rate="1938.76,1883.37,1979.43,1981.66" sx="M,M,M,M"/><TAIKYOKU oya="0"/><INIT seed="0,0,0,1,2,101" ten="250,250,250,250" oya="0" hai0="41,135,3,129,131,55,124,34,19,73,90,47,59" hai1="48,4,23,33,22,134,106,69,9,46,125,99,111" hai2="81,84,31,100,88,25,110,63,83,78,128,49,20" hai3="123,75,102,17,11,7,76,42,126,72,122,62,94"/><T32/><D73/><U50/><E33/><V82/><F110/><W79/><G126/><T8/><D90/><U119/><E125/><V58/><F128/><N who="0" m="49226" /><D124/><U115/><E119/><V65/><F49/><W77/><G42/><T86/><D135/><U114/><E134/><V96/><REACH who="2" step="1"/><F78/><REACH who="2" ten="250,250,240,250" step="2"/><W121/><G62/><N who="0" m="36223" /><D86/><U98/><E50/><V52/><F52/><W5/><G75/><T39/><D19/><U61/><E111/><V60/><F60/><W103/><G72/><T14/><D14/><U133/><E61/><V24/><F24/><W40/><G40/><T6/><AGARI ba="0,1" hai="3,6,8,32,34,39,41,47" m="36223,49226" machi="6" ten="30,1500,0" yaku="19,1" doraHai="101" who="0" fromWho="0" sc="250,25,250,-5,240,-5,250,-5" /><INIT seed="0,1,0,0,5,96" ten="275,245,235,245" oya="0" hai0="95,85,45,97,8,87,37,75,102,11,7,14,0" hai1="57,89,50,112,82,36,4,134,86,132,120,109,2" hai2="26,80,67,116,33,55,71,28,72,42,78,118,76" hai3="84,54,46,125,17,123,90,70,111,74,81,104,73"/><T35/><D35/><U129/><E36/><V10/><F42/><W66/><G123/><T77/><D11/><U20/><E120/><V22/><F78/><W9/><G125/><T12/><D87/><U25/><E112/><V121/><F121/><W108/><G70/><T38/><D85/><U122/><E122/><V43/><F43/><W13/><G66/><T64/><D64/><U52/><E129/><V103/><F55/><W99/><G46/><T79/><D79/><U48/><E109/><N who="3" m="42058" /><G54/><T47/><D47/><U98/><E4/><V126/><F126/><W59/><G59/><T128/><D128/><U133/><E98/><V24/><F10/><W16/><G17/><T83/><REACH who="0" step="1"/><D38/><REACH who="0" ten="265,245,235,245" step="2"/><U135/><E2/><V124/><F124/><W44/><G44/><T119/><D119/><U68/><E68/><V31/><F118/><W130/><G130/><T88/><D88/><U62/><N who="1" m="34304" /><DORA hai="131" /><U32/><REACH who="1" step="1"/><E32/><REACH who="1" ten="265,235,235,245" step="2"/><V60/><F116/><W39/><G39/><T91/><D91/><U21/><E21/><V93/><F33/><W18/><G99/><T27/><D27/><U100/><E100/><V6/><F22/><W58/><G90/><T114/><D114/><U41/><E41/><AGARI ba="1,2" hai="0,7,8,12,14,37,41,45,75,77,83,95,97,102" machi="41" ten="40,12000,1" yaku="1,1,25,2,52,1,53,0" doraHai="96,131" doraHaiUra="61,113" who="0" fromWho="1" sc="265,143,235,-123,235,0,245,0" /><INIT seed="0,2,0,5,1,67" ten="408,112,235,245" oya="0" hai0="12,112,135,63,14,0,130,102,27,54,52,15,116" hai1="20,6,95,132,13,110,114,35,81,34,37,78,107" hai2="74,128,48,26,24,5,96,125,85,82,115,129,80" hai3="18,3,86,53,43,72,22,100,134,87,94,98,119"/><T62/><D116/><U32/><E107/><V9/><F115/><W44/><G3/><T28/><D112/><U77/><E37/><V103/><F125/><W127/><G72/><T50/><D130/><N who="2" m="50282" /><F48/><W2/><G127/><T17/><D135/><U90/><E114/><V111/><F111/><W66/><G2/><T30/><D0/><U21/><E110/><V83/><F74/><W106/><G134/><T75/><D75/><U124/><E124/><V122/><F85/><W8/><G8/><T76/><D76/><U91/><E132/><V10/><F122/><W99/><G53/><T84/><D84/><U1/><E1/><N who="2" m="175" /><F10/><W4/><G4/><T58/><D102/><U133/><E133/><V89/><F89/><W93/><G119/><T121/><D121/><U108/><E108/><V33/><F33/><W120/><G120/><T25/><D17/><U49/><E49/><V31/><F31/><W19/><G19/><T61/><REACH who="0" step="1"/><D54/><REACH who="0" ten="398,112,235,245" step="2"/><U16/><E6/><V105/><AGARI ba="2,1" hai="24,26,80,82,83,96,103,105" m="175,50282" machi="105" ten="30,1100,0" yaku="19,1" doraHai="67" who="2" fromWho="2" sc="398,-7,112,-5,235,27,245,-5" /><INIT seed="1,0,0,5,5,21" ten="391,107,262,240" oya="1" hai0="92,5,121,1,63,3,65,38,95,14,133,11,103" hai1="115,100,4,88,116,120,47,125,70,105,61,44,109" hai2="130,123,77,99,102,94,46,18,113,107,43,58,124" hai3="28,62,122,80,33,12,8,53,85,15,59,54,50"/><U131/><E116/><V0/><F123/><W36/><G122/><T34/><D121/><U129/><E120/><V39/><F113/><W135/><G36/><T2/><D38/><U49/><E115/><V83/><F124/><W127/><G127/><T25/><D133/><U22/><E125/><V93/><F130/><N who="1" m="49673" /><E4/><V27/><F0/><W42/><G135/><T9/><D9/><U134/><E134/><V97/><F58/><W67/><G42/><T31/><REACH who="0" step="1"/><D103/><REACH who="0" ten="381,107,262,240" step="2"/><U30/><E100/><V104/><F102/><W75/><G8/><T56/><AGARI ba="0,1" hai="1,2,3,5,11,14,25,31,34,56,63,65,92,95" machi="56" ten="30,7900,0" yaku="1,1,2,1,0,1,52,1,53,0" doraHai="21" doraHaiUra="119" who="0" fromWho="0" sc="381,89,107,-39,262,-20,240,-20" /><INIT seed="2,0,0,2,0,30" ten="470,68,242,220" oya="2" hai0="68,104,58,85,123,69,70,81,128,50,93,20,32" hai1="44,109,33,113,9,2,117,101,15,124,91,60,26" hai2="29,14,99,127,61,21,13,105,78,74,77,59,5" hai3="48,126,28,64,16,56,17,96,3,10,121,118,119"/><V97/><F127/><W103/><G121/><T79/><D123/><U22/><E109/><V53/><F105/><W1/><G28/><T51/><D104/><U27/><E117/><V25/><F74/><W6/><G126/><T92/><D128/><U45/><E113/><V129/><F129/><W90/><G3/><T111/><D111/><U19/><E124/><V134/><F134/><W24/><G90/><T43/><D43/><U41/><E101/><V87/><F5/><W72/><G72/><T52/><D51/><U116/><E116/><V38/><F38/><W71/><G71/><T95/><REACH who="0" step="1"/><D20/><REACH who="0" ten="460,68,242,220" step="2"/><U49/><E44/><V102/><F102/><W7/><G119/><T107/><D107/><U110/><E110/><V67/><F67/><W37/><G37/><T11/><D11/><U125/><E125/><V34/><F34/><AGARI ba="0,1" hai="32,34,50,52,58,68,69,70,79,81,85,92,93,95" machi="34" ten="50,8000,1" yaku="1,1,52,2,54,1,53,0" doraHai="30" doraHaiUra="63" who="0" fromWho="2" sc="460,90,68,0,242,-80,220,0" /><INIT seed="3,0,0,4,2,95" ten="550,68,162,220" oya="3" hai0="10,108,88,99,46,30,78,1,58,91,21,72,33" hai1="102,103,121,44,8,79,37,120,51,126,3,36,55" hai2="23,81,48,0,92,134,14,70,89,71,53,19,64" hai3="43,82,31,133,105,49,11,86,74,76,85,61,67"/><W12/><G133/><T13/><D108/><U34/><E126/><V32/><F134/><W132/><G132/><T107/><D72/><U66/><E34/><V4/><F32/><W29/><G105/><T60/><D78/><U47/><E79/><V90/><F0/><W75/><G86/><T124/><D124/><U35/><E35/><V94/><F4/><W80/><G75/><T131/><D131/><U7/><E66/><V22/><F81/><W114/><G114/><T83/><D83/><U117/><E117/><V115/><F115/><W45/><G74/><T129/><D129/><U119/><E119/><V63/><F70/><W2/><G2/><T28/><D28/><U96/><E103/><V123/><F123/><W87/><G87/><T54/><D107/><U50/><E37/><V116/><F116/><W112/><G82/><T125/><D125/><U98/><E36/><V104/><F104/><W135/><G112/><T24/><D46/><U130/><E130/><V9/><F90/><W65/><G135/><T77/><D77/><U27/><E27/><V73/><F94/><W110/><G110/><T52/><D54/><U127/><E127/><V62/><F63/><W69/><REACH who="3" step="1"/><G67/><REACH who="3" ten="550,68,162,210" step="2"/><T15/><D1/><U128/><E128/><V97/><REACH who="2" step="1"/><F73/><REACH who="2" ten="550,68,152,210" step="2"/><W56/><G56/><AGARI ba="0,2" hai="9,14,19,22,23,48,53,56,62,64,71,89,92,97" machi="56" ten="30,7700,0" yaku="1,1,2,1,7,1,52,1,53,0" doraHai="95" doraHaiUra="25" who="2" fromWho="3" sc="550,0,68,0,152,97,210,-77" /><INIT seed="4,0,0,3,5,98" ten="550,68,249,133" oya="0" hai0="104,48,62,51,118,89,86,55,14,27,67,100,13" hai1="44,76,58,128,64,101,81,109,17,26,0,40,19" hai2="36,4,130,69,41,9,59,123,22,82,2,1,24" hai3="18,87,53,110,7,77,43,50,39,131,68,49,45"/><T125/><D118/><U70/><E0/><V103/><F69/><W25/><G68/><T6/><D6/><U119/><E70/><V135/><F123/><W88/><G110/><T34/><D51/><U116/><E109/><V107/><F130/><W33/><G7/><T99/><D125/><U115/><E115/><V37/><F135/><W35/><G77/><T129/><D129/><U75/><E128/><V15/><F82/><W84/><G84/><T47/><D89/><U72/><E72/><V57/><F37/><W83/><G131/><T12/><D86/><U85/><E75/><V121/><F121/><W122/><G39/><T78/><D78/><U120/><E120/><V111/><F111/><W94/><G122/><T90/><D90/><U11/><E19/><V5/><F36/><W93/><G35/><T52/><D55/><U108/><E108/><V16/><F41/><W54/><G33/><T61/><REACH who="0" step="1"/><D67/><REACH who="0" ten="540,68,249,133" step="2"/><U30/><E64/><V38/><F4/><W127/><G127/><T28/><AGARI ba="0,1" hai="12,13,14,27,28,34,47,48,52,61,62,99,100,104" machi="28" ten="30,12000,1" yaku="1,1,2,1,0,1,52,1,54,1,53,0" doraHai="98" doraHaiUra="73" who="0" fromWho="0" sc="540,130,68,-40,249,-40,133,-40" /><INIT seed="4,1,0,0,2,69" ten="670,28,209,93" oya="0" hai0="71,106,89,24,118,41,56,110,15,101,122,39,78" hai1="94,25,19,128,90,77,0,16,104,121,115,85,42" hai2="12,130,87,91,135,1,102,53,95,76,73,10,46" hai3="131,6,59,8,75,132,86,7,99,33,27,13,70"/><T98/><D118/><U50/><E121/><V109/><F130/><W44/><G131/><T5/><D122/><U17/><E128/><V30/><F135/><W114/><G75/><T68/><D110/><U126/><E104/><V112/><F109/><W72/><G132/><T36/><D56/><U18/><E126/><V123/><F112/><W63/><G72/><T119/><D119/><U79/><E115/><V11/><F123/><W127/><G127/><T96/><D78/><U84/><E0/><V40/><F30/><W21/><G70/><T116/><D116/><U37/><E37/><V82/><F1/><W31/><G7/><T26/><D41/><U129/><E129/><V52/><F102/><W62/><G99/><T2/><D2/><U38/><E38/><V61/><F61/><W125/><G125/><T3/><D3/><U20/><REACH who="1" step="1"/><E85/><REACH who="1" ten="670,18,209,93" step="2"/><V9/><REACH who="2" step="1"/><F12/><REACH who="2" ten="670,18,199,93" step="2"/><W64/><G114/><T111/><D111/><U43/><E43/><V14/><F14/><W97/><G86/><T58/><D15/><U48/><E48/><AGARI ba="1,2" hai="9,10,11,40,46,48,52,53,73,76,82,87,91,95" machi="48" ten="40,2600,0" yaku="1,1,54,1,53,0" doraHai="69" doraHaiUra="22" who="2" fromWho="1" sc="670,0,18,-29,199,49,93,0" owari="670,77.0,-11,-51.0,248,5.0,93,-31.0" /></mjloggm>