<mjloggm ver="2.3"><GO type="41" lobby="0"/><UN n0="%E6%B5%81%E8%A1%8C%E9%81%8E%E5%A4%9A" n1="%E5%B0%B1%E6%B4%BB%E7%94%9F%40%E5%B7%9D%E6%9D%91%E8%BB%8D%E5%9B%A3" n2="%50%2D%4F%4B%41" n3="%E7%94%A8%E5%8A%9B%2E%2E%2E%E5%A5%BD%E8%88%92%E6%9C%8D" dan="14,15,13,13" rate="1925.73,1964.45,1888.24,1847.80" sx="M,M,M,M"/><TAIKYOKU oya="0"/><INIT seed="0,0,0,4,1,55" ten="250,250,250,250" oya="0" hai0="95,49,26,123,103,132,98,54,39,53,121,81,3" hai1="58,100,71,57,18,34,61,4,16,40,7,23,86" hai2="108,73,22,8,42,131,20,126,129,101,67,17,111" hai3="78,118,87,133,107,116,2,105,124,24,11,79,91"/><T50/><D39/><U122/><E34/><V104/><F73/><W76/><G24/><T0/><D26/><N who="1" m="14695" /><E122/><V45/><F126/><W35/><G35/><T1/><D81/><U106/><E71/><V130/><F67/><W128/><G11/><T12/><D12/><U89/><E106/><N who="3" m="40458" /><G2/><T113/><D113/><U28/><E28/><V114/><F114/><W64/><G64/><T38/><D38/><U62/><E100/><V94/><F104/><W119/><G124/><T66/><D66/><N who="1" m="39215" /><E18/><V110/><F8/><W90/><G128/><T93/><D132/><U25/><E25/><V44/><F45/><W109/><G109/><T84/><D84/><U29/><E29/><V19/><F17/><W52/><G52/><T51/><D123/><U135/><E40/><V59/><F19/><W9/><G9/><T31/><D121/><U60/><E135/><V63/><F101/><W96/><G96/><T80/><D31/><U75/><E75/><V69/><F94/><N who="3" m="54623" /><G91/><T120/><D120/><U134/><E134/><AGARI ba="0,0" hai="76,78,79,116,118,119,133,134" m="54623,40458" machi="134" ten="40,2600,0" yaku="34,2" doraHai="55" who="3" fromWho="1" sc="250,0,250,-26,250,0,250,26" /><INIT seed="1,0,0,2,1,73" ten="250,224,250,276" oya="1" hai0="71,83,5,103,54,15,85,39,74,59,67,95,125" hai1="10,70,29,50,107,57,110,58,36,133,132,66,96" hai2="89,56,49,30,28,81,93,41,109,53,129,112,37" hai3="1,82,32,86,33,22,120,118,61,124,127,48,62"/><U75/><E75/><V72/><F109/><W63/><G120/><T51/><D39/><U108/><E29/><V23/><F129/><W9/><G118/><T43/><D74/><U100/><E36/><V65/><F112/><W27/><G48/><T60/><D125/><N who="3" m="48201" /><G9/><T128/><D128/><U104/><E10/><V121/><F121/><W31/><G1/><T80/><D43/><U26/><E26/><V40/><F37/><W44/><G44/><T19/><D5/><U101/><E50/><V64/><F65/><W94/><G94/><T102/><D83/><U88/><E70/><V7/><F7/><W84/><G84/><T21/><REACH who="0" step="1"/><D95/><REACH who="0" ten="240,224,250,276" step="2"/><N who="1" m="56423" /><E66/><V14/><F81/><W78/><AGARI ba="0,1" hai="22,27,31,32,33,61,62,63,78,82,86" m="48201" machi="78" ten="30,2000,0" yaku="18,1,52,1" doraHai="73" who="3" fromWho="3" sc="240,-5,224,-10,250,-5,276,30" /><INIT seed="2,0,0,0,0,73" ten="235,214,245,306" oya="2" hai0="31,121,95,106,116,115,14,26,46,114,76,69,4" hai1="127,124,85,102,35,96,37,67,34,100,32,19,13" hai2="128,58,41,78,49,45,5,52,82,24,74,130,122" hai3="99,17,36,101,94,71,33,110,42,111,117,66,28"/><V89/><F122/><W68/><G117/><T6/><D121/><U104/><E37/><V90/><F24/><N who="3" m="18567" /><G17/><T59/><D69/><U134/><E134/><V79/><F5/><W105/><G94/><T54/><D106/><U107/><E67/><V131/><REACH who="2" step="1"/><F79/><REACH who="2" ten="235,214,235,306" step="2"/><W11/><G111/><T29/><D115/><U44/><E44/><V98/><F98/><W7/><G110/><T47/><D114/><U62/><E85/><V10/><F10/><W8/><G7/><T87/><D116/><U30/><E30/><V119/><F119/><W88/><G8/><T97/><D29/><U81/><E124/><V61/><AGARI ba="0,1" hai="41,45,49,52,58,61,74,78,82,89,90,128,130,131" machi="61" ten="30,12000,1" yaku="1,1,0,1,19,1,52,1,54,1,53,0" doraHai="73" doraHaiUra="83" who="2" fromWho="2" sc="235,-40,214,-40,235,130,306,-40" /><INIT seed="2,1,0,5,2,115" ten="195,174,365,266" oya="2" hai0="34,127,72,108,9,65,54,120,123,75,118,116,111" hai1="36,64,80,104,96,71,117,124,6,134,45,28,62" hai2="47,37,20,131,89,40,1,11,76,27,58,83,24" hai3="46,135,16,94,66,38,73,39,26,68,43,93,110"/><V60/><F131/><W69/><G73/><N who="0" m="28235" /><D34/><U4/><E80/><V57/><F89/><W128/><G110/><N who="0" m="42027" /><D65/><U0/><E124/><V119/><F119/><N who="0" m="45610" /><D127/><U44/><E134/><V23/><F58/><W74/><G74/><T70/><D70/><U33/><E44/><V133/><F83/><W88/><G69/><T114/><D54/><U86/><E86/><V13/><F76/><W42/><G68/><T106/><D106/><U21/><E21/><V41/><F1/><W101/><G66/><T105/><D105/><U8/><E4/><V59/><F40/><W31/><G43/><T129/><D9/><U22/><E22/><V97/><F23/><W51/><G42/><T100/><D100/><N who="1" m="62471" /><E117/><V67/><F20/><W17/><G101/><T49/><D49/><U98/><E98/><V15/><F11/><W78/><G51/><T14/><D14/><U130/><E130/><V12/><F13/><W5/><G128/><T122/><D129/><U18/><E18/><V107/><F15/><W82/><G16/><T55/><D55/><U84/><E64/><V3/><F12/><W121/><G17/><T35/><D35/><U112/><E71/><V56/><F3/><W32/><G32/><T50/><D50/><U103/><E8/><V95/><F67/><W30/><G39/><T81/><D81/><U7/><E103/><V87/><F107/><W91/><G82/><T2/><D2/><U10/><E0/><V79/><F37/><W99/><G38/><T92/><D92/><U126/><E36/><V132/><F95/><W25/><G94/><T113/><AGARI ba="1,0" hai="113,114,120,122,123" m="45610,42027,28235" machi="113" ten="50,32000,5" yakuman="50" doraHai="115" who="0" fromWho="0" sc="195,323,174,-81,365,-161,266,-81" /><INIT seed="3,0,0,3,5,26" ten="518,93,204,185" oya="3" hai0="11,36,119,103,81,38,101,110,87,71,131,60,34" hai1="39,62,57,129,77,18,78,2,127,100,133,98,14" hai2="15,114,41,46,79,21,10,53,12,113,56,93,99" hai3="23,58,115,75,109,112,97,31,76,134,54,55,73"/><W40/><G109/><T88/><D119/><U52/><E2/><V45/><F79/><W80/><G134/><T22/><D34/><U123/><E39/><V63/><F45/><W125/><G125/><T86/><D110/><U0/><E0/><V85/><F85/><W135/><G135/><T124/><D124/><U50/><E123/><V19/><F46/><W61/><G40/><T126/><D126/><U92/><E127/><V3/><F3/><W17/><G75/><T91/><D131/><U5/><E133/><V132/><F132/><W89/><G55/><T32/><D32/><U104/><E129/><V37/><F37/><W8/><G8/><T117/><D117/><U13/><E104/><V9/><F41/><W29/><G115/><T27/><D38/><U47/><E5/><V122/><F122/><W70/><G112/><T120/><D120/><U84/><E84/><V69/><F69/><W4/><G4/><T59/><D71/><U64/><REACH who="1" step="1"/><E14/><REACH who="1" ten="518,83,204,185" step="2"/><V7/><F114/><W102/><G70/><T108/><D36/><U128/><E128/><V90/><F113/><W28/><G89/><T121/><D121/><U72/><E72/><V111/><F111/><W82/><G82/><N who="0" m="49239" /><D108/><U68/><E68/><V130/><F130/><W48/><G48/><T95/><D11/><AGARI ba="0,1" hai="11,13,18,47,50,52,57,62,64,77,78,92,98,100" machi="11" ten="30,7700,0" yaku="1,1,7,1,8,1,54,1,53,0" doraHai="26" doraHaiUra="118" who="1" fromWho="0" sc="518,-77,83,87,204,0,185,0" /><AGARI ba="0,0" hai="7,9,10,11,12,15,19,21,53,56,63,90,93,99" machi="11" ten="40,1300,0" yaku="8,1" doraHai="26" who="2" fromWho="0" sc="441,-13,170,0,204,13,185,0" /><INIT seed="4,0,0,2,4,88" ten="428,170,217,185" oya="0" hai0="20,107,33,83,62,2,57,119,122,40,79,9,16" hai1="31,6,4,27,77,10,85,19,111,39,93,87,81" hai2="58,86,129,78,48,56,26,17,99,1,47,66,29" hai3="97,112,70,12,23,21,102,96,46,73,104,0,125"/><T63/><D119/><U133/><E39/><V28/><F129/><W3/><G70/><T103/><D122/><U131/><E131/><V55/><F1/><W25/><G112/><T64/><D33/><U92/><E133/><V116/><F116/><W44/><G73/><T15/><D40/><U95/><E111/><V30/><F99/><W89/><G89/><T100/><D107/><U67/><E67/><V72/><F72/><W108/><G108/><T37/><D37/><U14/><REACH who="1" step="1"/><E87/><REACH who="1" ten="428,160,217,185" step="2"/><V126/><F66/><W98/><G102/><T11/><D2/><U52/><E52/><V59/><F126/><W32/><G0/><T42/><D42/><U24/><E24/><V61/><F61/><W5/><G25/><T36/><D36/><U132/><E132/><V120/><F120/><W121/><G3/><T71/><D63/><U90/><E90/><V127/><F127/><W114/><G125/><T50/><D71/><U106/><E106/><V118/><F118/><W130/><G104/><T117/><D117/><U41/><E41/><V110/><F86/><W69/><G130/><T113/><D113/><U135/><E135/><V134/><F110/><W109/><G114/><T18/><D103/><U68/><E68/><V124/><F124/><W60/><G69/><T123/><D100/><U80/><E80/><V82/><F82/><W34/><G121/><T43/><D123/><U8/><E8/><V35/><F134/><W91/><G109/><T22/><D9/><U76/><E76/><V115/><F78/><W45/><G91/><T13/><D11/><U94/><E94/><RYUUKYOKU ba="0,1" sc="428,-10,160,30,217,-10,185,-10" hai1="4,6,10,14,19,27,31,77,81,85,92,93,95" /><INIT seed="5,1,1,3,0,100" ten="418,190,207,175" oya="1" hai0="110,96,22,85,98,109,91,79,45,133,134,30,4" hai1="97,68,129,73,32,72,124,112,49,75,93,50,102" hai2="61,81,62,101,21,54,95,5,84,120,128,63,115" hai3="43,87,55,125,64,57,118,59,114,88,11,89,127"/><U28/><E68/><V18/><F120/><W135/><G114/><T106/><D4/><U17/><E112/><V0/><F115/><W104/><G118/><T25/><D45/><U56/><E124/><N who="3" m="47690" /><G135/><N who="0" m="51723" /><D79/><U12/><E129/><V117/><F128/><W123/><G123/><T35/><D35/><U90/><E56/><V47/><BYE who="3" /><F47/><W10/><G10/><T15/><D15/><U40/><E40/><V130/><F117/><W132/><G132/><T6/><D6/><U8/><REACH who="1" step="1"/><E102/><REACH who="1" ten="418,180,207,175" step="2"/><UN n3="%E7%94%A8%E5%8A%9B%2E%2E%2E%E5%A5%BD%E8%88%92%E6%9C%8D" /><V23/><F130/><W121/><G43/><T78/><D110/><U77/><E77/><V31/><F101/><W44/><G121/><T41/><D109/><U92/><E92/><V66/><F95/><W82/><G59/><T24/><D41/><U70/><E70/><V34/><F66/><W29/><G64/><T37/><D78/><U46/><E46/><V58/><F58/><W52/><G52/><T33/><BYE who="3" /><D37/><U67/><E67/><V27/><F54/><UN n3="%E7%94%A8%E5%8A%9B%2E%2E%2E%E5%A5%BD%E8%88%92%E6%9C%8D" /><W42/><G55/><T20/><D106/><U76/><E76/><V2/><F81/><W39/><G104/><T19/><D33/><U111/><E111/><V71/><F34/><W103/><G57/><T131/><D131/><U38/><E38/><V48/><F71/><W60/><G103/><T83/><AGARI ba="1,2" hai="19,20,22,24,25,30,83,85,91,96,98" m="51723" machi="83" ten="30,1100,0" yaku="20,1" doraHai="100" who="0" fromWho="0" sc="418,34,180,-6,207,-4,175,-4" /><INIT seed="6,0,0,2,0,89" ten="452,174,203,171" oya="2" hai0="82,57,90,46,54,109,111,99,35,78,53,6,59" hai1="102,40,15,8,37,69,30,93,70,48,11,27,38" hai2="96,58,1,130,100,31,2,91,110,63,33,12,36" hai3="32,25,14,127,132,119,49,80,83,135,92,104,88"/><V56/><F36/><W81/><G104/><T86/><D35/><U41/><E69/><V108/><F130/><W43/><G119/><T64/><D111/><N who="2" m="42538" /><F91/><W55/><G127/><T7/><D109/><U101/><E70/><V52/><F56/><N who="0" m="21578" /><D64/><U9/><E15/><V65/><F65/><W114/><G114/><T39/><D39/><U17/><E17/><V95/><F12/><W47/><G14/><T29/><D29/><U74/><E74/><V87/><F87/><W24/><G32/><T67/><D67/><U117/><E117/><V124/><F124/><W84/><G43/><T79/><D99/><U16/><E38/><V94/><F94/><W18/><G18/><T51/><D54/><U125/><E125/><V129/><F129/><W75/><G75/><T0/><D0/><U3/><E3/><V123/><F123/><W134/><AGARI ba="0,0" hai="24,25,47,49,55,80,81,83,84,88,92,132,134,135" machi="134" ten="40,8000,1" yaku="0,1,20,1,52,1,54,1" doraHai="89" who="3" fromWho="3" sc="452,-20,174,-20,203,-40,171,80" /><INIT seed="7,0,0,1,3,24" ten="432,154,163,251" oya="3" hai0="101,128,86,36,121,65,119,124,103,26,27,53,90" hai1="91,1,42,133,63,4,87,7,60,39,35,11,16" hai2="123,21,69,31,113,3,46,29,92,30,49,14,8" hai3="17,12,38,109,94,95,81,55,114,102,28,112,106"/><W61/><G38/><T68/><D119/><U73/><E133/><V72/><F69/><W43/><G43/><T129/><D121/><U78/><E35/><V83/><F113/><N who="3" m="43627" /><G109/><T48/><D36/><U104/><E104/><V82/><F72/><W34/><G81/><N who="2" m="30729" /><F3/><W9/><G106/><T77/><D77/><U99/><E73/><V70/><F70/><W32/><G102/><N who="0" m="38923" /><D68/><U88/><E39/><V59/><F59/><N who="3" m="35071" /><G34/><T118/><D65/><U54/><E78/><V108/><F92/><W33/><G33/><T64/><D64/><U105/><E105/><V79/><F79/><W10/><G10/><T23/><D118/><U100/><E42/><N who="2" m="24791" /><F123/><W116/><G116/><T67/><D67/><U107/><E4/><N who="2" m="3335" /><F108/><W37/><G37/><T75/><D75/><U0/><E0/><V80/><N who="2" m="30737" /><V117/><DORA hai="66" /><F117/><W125/><G125/><T76/><D76/><U20/><E87/><V5/><F5/><W84/><G84/><T135/><D27/><AGARI ba="0,0" hai="21,27,29,30,31" m="3335,24791,30737" machi="27" ten="30,7700,0" yaku="8,1,52,3" doraHai="24,66" who="2" fromWho="0" sc="432,-77,154,0,163,77,251,0" /><AGARI ba="0,0" hai="9,12,17,27,28,32,94,95" m="35071,43627" machi="27" ten="30,2900,0" yaku="15,1,52,1" doraHai="24,66" who="3" fromWho="0" sc="355,-29,154,0,240,0,251,29" /><INIT seed="7,1,0,5,2,53" ten="326,154,240,280" oya="3" hai0="86,60,113,22,3,42,107,117,4,125,36,103,43" hai1="62,85,123,105,129,13,78,118,17,39,31,73,11" hai2="2,128,28,25,26,104,68,130,126,6,131,80,122" hai3="75,71,20,98,96,12,45,102,84,66,18,120,90"/><W74/><G120/><T95/><D117/><U50/><E105/><V7/><F68/><W132/><G132/><T92/><D107/><U34/><E39/><V58/><F104/><W134/><G134/><T70/><D36/><U108/><E108/><V106/><F106/><W23/><G102/><T35/><D35/><U47/><E73/><V99/><F99/><W61/><G74/><T40/><D125/><U112/><E112/><V124/><F80/><W69/><G75/><T56/><D70/><U119/><E123/><V19/><F19/><W10/><G71/><T9/><D113/><U49/><E129/><V93/><F93/><W41/><G23/><T32/><D32/><U1/><E1/><V64/><F122/><W114/><G20/><T16/><D86/><U109/><E109/><V51/><F51/><W97/><G114/><T8/><D103/><U5/><E62/><N who="2" m="37975" /><F2/><W89/><REACH who="3" step="1"/><G84/><REACH who="3" ten="326,154,240,270" step="2"/><T76/><D76/><U135/><E135/><V116/><F116/><W54/><G54/><N who="0" m="33815" /><D3/><U94/><E119/><V72/><F72/><W55/><G55/><T21/><D21/><U100/><E118/><V133/><F133/><W87/><G87/><T24/><D4/><N who="2" m="1578" /><F26/><W44/><G44/><T46/><D46/><U91/><E47/><V14/><F14/><W29/><G29/><T81/><D81/><U101/><E101/><V15/><F15/><W57/><G57/><T38/><D38/><AGARI ba="1,1" hai="10,12,18,38,41,45,61,66,69,89,90,96,97,98" machi="38" ten="40,2000,0" yaku="1,1,53,0" doraHai="53" doraHaiUra="83" who="3" fromWho="0" sc="326,-23,154,0,240,0,270,33" /><INIT seed="7,2,0,3,0,109" ten="303,154,240,303" oya="3" hai0="134,1,81,126,98,96,34,104,20,43,14,46,28" hai1="64,90,0,58,9,12,31,68,116,83,125,133,50" hai2="37,114,4,18,91,75,47,6,27,42,55,59,26" hai3="110,54,52,120,123,48,97,95,25,84,87,56,106"/><W80/><G106/><T32/><D1/><U49/><E116/><V73/><F26/><W69/><G69/><T2/><D2/><U77/><E0/><V82/><F75/><W71/><G71/><T39/><D104/><U57/><E125/><V127/><F127/><W70/><G70/><T105/><D105/><U101/><E133/><V61/><F114/><W13/><G13/><T16/><BYE who="3" /><D126/><U7/><E68/><V131/><F131/><W8/><G8/><T122/><D122/><U121/><E121/><V45/><F45/><W113/><G113/><T3/><D3/><U41/><E101/><V129/><F129/><W24/><G24/><T94/><D134/><U100/><E100/><V53/><F55/><W112/><G112/><T130/><D130/><U23/><E90/><V67/><F73/><W108/><G108/><T66/><D66/><U117/><E117/><V74/><F67/><W65/><G65/><T135/><D135/><U30/><E64/><V76/><F91/><W89/><G89/><T17/><D28/><U103/><E103/><V132/><F132/><UN n3="%E7%94%A8%E5%8A%9B%2E%2E%2E%E5%A5%BD%E8%88%92%E6%9C%8D" /><W124/><G124/><T63/><D63/><U78/><E78/><V99/><F99/><N who="0" m="37930" /><D94/><U93/><E93/><V119/><F119/><W51/><G110/><T10/><D81/><U11/><E11/><V40/><F40/><W102/><G25/><T36/><D36/><U118/><E118/><V72/><F72/><W128/><G128/><T92/><D92/><U21/><E41/><V38/><REACH who="2" step="1"/><F38/><REACH who="2" ten="303,154,230,303" step="2"/><W62/><G54/><T29/><D29/><N who="1" m="10763" /><E57/><V88/><F88/><N who="3" m="51207" /><G87/><T79/><D79/><RYUUKYOKU ba="2,1" sc="303,10,154,-30,230,10,303,10" hai0="10,14,16,17,20,32,34,39,43,46" hai2="4,6,18,27,37,42,47,53,59,61,74,76,82" hai3="48,51,52,56,62,95,97,102,120,123" /><INIT seed="7,3,1,0,3,57" ten="313,124,240,313" oya="3" hai0="62,131,50,24,115,53,114,97,68,86,15,70,8" hai1="130,18,33,5,118,54,105,2,95,112,103,46,90" hai2="79,55,100,3,65,14,123,0,63,49,93,121,26" hai3="72,29,51,74,6,96,84,127,87,56,94,48,16"/><W116/><G116/><T75/><D75/><U45/><E112/><N who="0" m="43049" /><D131/><U7/><E118/><V52/><F79/><W91/><G6/><N who="0" m="3479" /><D62/><U108/><E130/><V43/><F43/><W66/><G127/><T58/><D86/><N who="3" m="32809" /><G74/><T73/><D73/><U32/><E108/><V28/><F14/><W109/><G72/><T129/><D129/><U44/><E105/><V110/><F110/><W101/><G109/><T39/><D39/><U125/><E125/><V122/><F100/><W124/><G124/><T89/><D24/><U78/><E78/><V37/><F93/><AGARI ba="3,1" hai="50,53,58,68,70,89,93,97" m="3479,43049" machi="93" ten="30,2000,0" yaku="15,1,11,1" doraHai="57" who="0" fromWho="2" sc="313,39,124,0,240,-29,313,0" owari="352,46.0,124,-38.0,211,-19.0,313,11.0" /></mjloggm>