<mjloggm ver="2.3"><GO type="97" lobby="0"/><UN n0="%E3%82%A6%E3%83%AB%E3%83%88%E3%83%A9%E7%AB%8B%E7%9B%B4" n1="%40%E6%9D%BE%E5%AE%9F%E7%8E%84" n2="%77%61%64%61" n3="%E3%83%8D%E3%82%AA%E3%83%A9%E3%83%B4%E3%82%A3%E3%83%B3" dan="15,13,13,14" rate="2029.19,1860.76,1885.42,1951.40" sx="M,M,M,M"/><TAIKYOKU oya="0"/><INIT seed="0,0,0,3,2,20" ten="250,250,250,250" oya="0" hai0="128,42,102,98,87,94,114,131,48,85,30,12,15" hai1="130,44,125,95,46,97,3,34,99,132,53,39,89" hai2="91,50,88,51,16,4,67,14,74,59,56,104,134" hai3="24,78,35,8,82,2,133,38,58,127,79,76,23"/><T37/><D37/><U119/><E3/><V81/><F104/><W31/><G133/><T27/><D114/><U13/><E34/><V43/><F74/><W96/><G127/><T19/><D42/><U1/><E119/><V86/><F134/><W52/><G35/><T112/><D112/><U83/><E1/><V10/><F4/><W40/><G96/><T123/><D123/><U21/><E125/><V100/><F100/><W45/><G8/><T70/><D70/><U84/><E132/><V61/><F43/><W126/><G2/><T57/><D15/><U28/><E130/><N who="0" m="49705" /><D48/><N who="1" m="28807" /><E39/><V121/><F121/><W110/><G110/><T75/><D57/><U115/><E46/><V60/><REACH who="2" step="1"/><F91/><REACH who="2" ten="250,250,240,250" step="2"/><W92/><G126/><T68/><D75/><U113/><E115/><V71/><F71/><W135/><G135/><T118/><D68/><U109/><E113/><V29/><F29/><W108/><G108/><T25/><D118/><U103/><E109/><V6/><F6/><W17/><G31/><T122/><D122/><U41/><E41/><V26/><F26/><N who="0" m="9738" /><D30/><U11/><E28/><V93/><F93/><W73/><G92/><T32/><D32/><U62/><E95/><V129/><F129/><W0/><G0/><T117/><D117/><U7/><E7/><V120/><F120/><W54/><G58/><T66/><D66/><AGARI ba="0,1" hai="10,14,16,50,51,56,59,60,61,66,67,81,86,88" machi="66" ten="30,12000,2" yaku="1,1,7,1,9,1,8,1,54,2,53,0" doraHai="20" doraHaiUra="33" who="2" fromWho="0" sc="250,-120,250,0,240,130,250,0" /><INIT seed="1,0,0,2,3,124" ten="130,250,370,250" oya="1" hai0="83,93,55,116,12,90,89,74,28,33,52,108,67" hai1="114,100,19,79,53,127,59,128,43,96,87,99,129" hai2="66,35,0,46,25,47,117,121,109,94,54,48,98" hai3="10,27,69,71,68,23,56,126,135,36,82,122,132"/><U97/><E43/><V41/><F121/><W4/><G126/><T9/><D116/><U113/><E19/><V13/><F117/><W63/><G122/><T107/><D107/><U60/><E127/><V44/><F109/><W2/><G36/><T123/><D123/><U120/><E120/><V20/><F0/><W78/><G56/><T134/><D134/><N who="3" m="51241" /><G23/><T51/><D108/><U131/><E100/><V133/><F35/><W7/><G27/><T65/><D28/><U95/><E95/><V115/><F115/><W15/><G7/><T30/><D30/><U101/><E101/><V64/><F133/><W80/><G80/><AGARI ba="0,0" hai="53,59,60,79,80,87,96,97,99,113,114,128,129,131" machi="80" ten="50,12000,1" yaku="19,1,52,3" doraHai="124" who="1" fromWho="3" sc="130,0,250,120,370,0,250,-120" /><INIT seed="1,1,0,4,0,35" ten="130,370,370,130" oya="1" hai0="25,46,79,85,107,120,75,10,3,33,68,133,21" hai1="96,34,135,54,57,90,0,122,77,74,18,40,60" hai2="37,71,6,99,45,80,55,92,44,8,86,113,118" hai3="88,100,2,125,65,24,51,48,104,15,82,66,47"/><U119/><E122/><V129/><F118/><W26/><G125/><T130/><D85/><U4/><E119/><V97/><F129/><W1/><G51/><T67/><D21/><U36/><E135/><V23/><F113/><W127/><G127/><T64/><D64/><U43/><E36/><V29/><F71/><W11/><G66/><T16/><D16/><U106/><E34/><V30/><F37/><W108/><G65/><T111/><D46/><U123/><E123/><V19/><F8/><W59/><G59/><T87/><D87/><U56/><E18/><V124/><F6/><W38/><G108/><T81/><D25/><U50/><E4/><V39/><F124/><W115/><G38/><T49/><D49/><U102/><E90/><V121/><F121/><W109/><G115/><T128/><D67/><U27/><E27/><V98/><F92/><W70/><G70/><T17/><D17/><U72/><E77/><V28/><F39/><W41/><G109/><T78/><D78/><U117/><E117/><V110/><F110/><W101/><G26/><T63/><D33/><U116/><E0/><N who="3" m="106" /><G24/><T112/><D112/><U69/><E116/><V20/><F55/><N who="3" m="30111" /><G104/><T114/><D107/><U83/><E69/><V94/><F94/><W89/><G41/><T14/><D114/><U5/><E43/><V103/><F103/><N who="3" m="39499" /><G82/><T62/><D111/><U13/><E83/><V32/><F32/><W53/><G53/><T12/><D120/><U131/><E40/><V105/><F105/><W9/><G15/><N who="0" m="5675" /><D81/><U73/><E57/><V58/><F58/><W76/><G76/><RYUUKYOKU ba="1,0" sc="130,-10,370,-10,370,-10,130,30" hai3="9,11,88,89" /><INIT seed="2,2,0,4,3,16" ten="120,360,360,160" oya="2" hai0="12,56,48,66,118,0,73,108,114,124,21,65,88" hai1="133,24,51,97,99,40,119,84,8,59,91,61,15" hai2="121,77,39,129,36,81,34,20,17,135,132,54,71" hai3="50,82,46,1,70,26,79,116,3,53,2,9,33"/><V127/><F121/><W45/><G70/><T74/><D0/><U86/><E133/><N who="2" m="51275" /><F34/><W107/><G116/><T6/><D114/><U112/><E119/><V19/><F129/><W131/><G131/><T102/><D118/><U35/><E112/><V110/><F127/><W28/><G107/><T90/><D74/><U38/><E38/><N who="2" m="14379" /><F71/><W55/><G9/><N who="0" m="4151" /><D73/><U31/><E40/><V69/><F69/><W87/><G3/><T43/><D102/><U14/><E51/><AGARI ba="2,0" hai="1,2,26,28,33,45,46,50,51,53,55,79,82,87" machi="51" ten="40,1300,0" yaku="9,1" doraHai="16" who="3" fromWho="1" sc="120,0,360,-19,360,0,160,19" /><INIT seed="3,0,0,1,1,9" ten="120,341,360,179" oya="3" hai0="1,68,58,33,76,29,100,36,35,56,60,131,5" hai1="57,114,82,99,134,122,101,59,92,86,6,4,55" hai2="87,94,123,17,69,102,42,25,40,71,0,26,27" hai3="107,28,120,12,47,93,32,98,63,66,95,10,124"/><W121/><G124/><T88/><D131/><U118/><E122/><V97/><F0/><W80/><G47/><T39/><D100/><U81/><E118/><V83/><F123/><W65/><G65/><T38/><D76/><U7/><E114/><V130/><F130/><W70/><G80/><T54/><D68/><U46/><E134/><V61/><F71/><W74/><G74/><T30/><D5/><N who="1" m="1283" /><U106/><DORA hai="108" /><E106/><V110/><F110/><W50/><G50/><T128/><D1/><U84/><E46/><V18/><F69/><W49/><G49/><T62/><D128/><U111/><E111/><V14/><F61/><W19/><G121/><T90/><D39/><U37/><E37/><V91/><F18/><W117/><G117/><T31/><D31/><U23/><E23/><AGARI ba="0,0" hai="14,17,23,25,26,27,40,42,83,87,91,94,97,102" machi="23" ten="40,2600,0" yaku="8,1,52,1" doraHai="9,108" who="2" fromWho="1" sc="120,0,341,-26,360,26,179,0" owari="120,-38.0,315,12.0,386,48.0,179,-22.0" /></mjloggm>