<mjloggm ver="2.3"><GO type="169" lobby="0"/><UN n0="%E2%97%87%E5%86%AC%E3%81%AE%E9%99%BD%E7%82%8E%E2%97%87" n1="%E3%82%A6%E3%83%AB%E3%83%88%E3%83%A9%E7%AB%8B%E7%9B%B4" n2="%61%74%79%61%6E" n3="%E4%B8%AD%E6%9D%91%E8%B1%AA" dan="16,17,18,16" rate="2025.68,2178.06,2197.95,2190.63" sx="M,M,M,M"/><TAIKYOKU oya="0"/><INIT seed="0,0,0,0,5,28" ten="250,250,250,250" oya="0" hai0="134,96,126,23,116,122,132,75,94,29,20,7,54" hai1="59,109,5,124,41,115,79,57,30,82,35,64,24" hai2="11,93,56,118,34,22,66,47,120,127,68,101,74" hai3="55,89,25,98,84,14,70,37,12,58,39,91,8"/><T85/><D75/><U92/><E124/><V26/><F120/><W3/><G70/><T43/><D43/><U72/><E109/><V52/><F74/><W86/><G98/><T87/><D116/><U128/><E128/><V69/><F118/><W18/><G3/><T6/><D122/><U44/><E115/><V88/><F34/><W62/><G14/><T106/><D54/><U48/><E64/><V46/><F101/><W111/><G111/><T2/><D126/><U60/><E60/><N who="2" m="35847" /><F127/><W36/><REACH who="3" step="1"/><G25/><REACH who="3" ten="250,250,250,240" step="2"/><N who="0" m="16551" /><D2/><U50/><E5/><V104/><F68/><W102/><G102/><T83/><D7/><U1/><E1/><V13/><F69/><W123/><G123/><T38/><D6/><U135/><E135/><V45/><F104/><W108/><G108/><T32/><D106/><U77/><E79/><V71/><F71/><W42/><G42/><T19/><D96/><U63/><E63/><V119/><F119/><W99/><G99/><T90/><D132/><U49/><REACH who="1" step="1"/><E92/><REACH who="1" ten="250,240,250,240" step="2"/><V113/><F93/><W51/><G51/><AGARI ba="0,2" hai="24,30,35,41,44,48,49,50,51,57,59,72,77,82" machi="51" ten="40,8000,1" yaku="1,1,2,1,52,1,53,1" doraHai="28" doraHaiUra="73" who="1" fromWho="3" sc="250,0,240,100,250,0,240,-80" /><INIT seed="1,0,0,5,5,78" ten="250,340,250,160" oya="1" hai0="92,97,125,63,116,17,49,79,127,128,113,90,26" hai1="61,66,52,94,77,55,33,15,106,84,87,48,41" hai2="119,123,134,23,8,1,22,103,126,59,76,109,74" hai3="19,29,6,16,9,85,54,12,104,107,0,14,38"/><U130/><E33/><V27/><F103/><W135/><G38/><T124/><D116/><U114/><E106/><V133/><F76/><W28/><G135/><T70/><D113/><U57/><E114/><V21/><F74/><W112/><G112/><T108/><D49/><U10/><E130/><V131/><F59/><W35/><G54/><T67/><D128/><U100/><E100/><V64/><F64/><W13/><G85/><T47/><D47/><N who="1" m="25711" /><E87/><V82/><F131/><W91/><G91/><T24/><D108/><U89/><E77/><V121/><F82/><W36/><G36/><T60/><D79/><U3/><E3/><V20/><F109/><W111/><G111/><T11/><D63/><U51/><E51/><V43/><F43/><W62/><G62/><T86/><D97/><U32/><E32/><V73/><F73/><W39/><G39/><T115/><D115/><U80/><E94/><V118/><F133/><W50/><G50/><T7/><REACH who="0" step="1"/><D17/><AGARI ba="0,0" hai="10,15,17,52,55,57,61,66,80,84,89" m="25711" machi="17" ten="30,5800,0" yaku="8,1,52,1,54,1" doraHai="78" who="1" fromWho="0" sc="250,-58,340,58,250,0,160,0" /><INIT seed="1,1,0,4,3,52" ten="192,398,250,160" oya="1" hai0="61,4,18,117,109,68,28,76,129,110,42,91,47" hai1="31,7,120,24,130,9,62,27,104,126,78,74,115" hai2="15,94,77,122,53,45,131,107,38,89,79,85,1" hai3="101,97,58,49,65,86,113,64,26,108,51,135,55"/><U67/><E104/><V8/><F1/><W60/><G113/><T22/><D76/><U103/><E115/><V41/><F122/><W35/><G108/><T111/><D4/><U72/><E120/><V119/><F119/><W3/><G3/><T40/><D117/><U70/><E103/><V36/><F107/><W132/><G86/><T19/><D129/><U114/><E114/><V128/><F38/><W59/><G35/><T123/><D123/><U34/><E130/><N who="2" m="49707" /><F53/><N who="3" m="32191" /><G26/><N who="0" m="16471" /><D91/><U112/><E112/><V39/><F39/><W87/><G87/><T88/><D88/><U54/><E27/><V125/><F125/><W20/><G20/><T133/><D133/><N who="3" m="51273" /><G49/><N who="0" m="26855" /><D42/><U92/><E126/><V106/><F106/><AGARI ba="1,0" hai="55,58,60,64,65,97,101,106" m="51273,32191" machi="106" ten="30,3900,0" yaku="20,1,52,2" doraHai="52" who="3" fromWho="2" sc="192,0,398,0,250,-42,160,42" /><INIT seed="2,0,0,4,3,10" ten="192,398,208,202" oya="2" hai0="122,129,90,5,135,124,83,134,104,20,9,12,110" hai1="49,2,52,58,106,54,78,4,23,48,61,125,11" hai2="88,66,35,102,42,30,81,16,92,91,71,123,53" hai3="21,98,15,1,14,74,97,67,7,109,27,96,6"/><V89/><F123/><W80/><G109/><T0/><D104/><U85/><E106/><V22/><F42/><W39/><G39/><T82/><D122/><U8/><E125/><V63/><F35/><W37/><G37/><T75/><D110/><U64/><E23/><V115/><F115/><W29/><G67/><T76/><D124/><U73/><E73/><V43/><F43/><W100/><G100/><T87/><D129/><U120/><E120/><V79/><F30/><W70/><G70/><T24/><REACH who="0" step="1"/><D0/><REACH who="0" ten="182,398,208,202" step="2"/><U126/><E126/><V31/><F31/><AGARI ba="0,1" hai="5,9,12,20,24,31,75,76,82,83,87,90,134,135" machi="31" ten="40,5200,0" yaku="1,1,2,1,52,1,53,0" doraHai="10" doraHaiUra="51" who="0" fromWho="2" sc="182,62,398,0,208,-52,202,0" /><INIT seed="3,0,0,1,1,80" ten="244,398,156,202" oya="3" hai0="100,29,55,107,109,40,103,37,116,3,78,84,58" hai1="27,75,101,104,92,2,124,10,15,9,89,68,28" hai2="74,135,130,41,47,42,36,105,81,66,79,121,54" hai3="88,87,65,32,23,35,50,20,67,16,59,17,128"/><W82/><G128/><T93/><D3/><U69/><E75/><V7/><F130/><W5/><G5/><T24/><D116/><U39/><E39/><V77/><F135/><W43/><G35/><T133/><D107/><U98/><E124/><V83/><F121/><W52/><G32/><T57/><D133/><U94/><E2/><V102/><F66/><N who="3" m="25099" /><G43/><T31/><D40/><U1/><E1/><V46/><F7/><W71/><G71/><T76/><D37/><U44/><E44/><V53/><F105/><W73/><G73/><T125/><D125/><U86/><E10/><V61/><F102/><N who="0" m="38954" /><D24/><U8/><E104/><V6/><F6/><W120/><G120/><T34/><D34/><U112/><E112/><V25/><F61/><W62/><G62/><N who="0" m="36159" /><D58/><U13/><E69/><V30/><F25/><W33/><G33/><T56/><D56/><U115/><E68/><V45/><F30/><N who="0" m="11274" /><D109/><U72/><E72/><V117/><F117/><W51/><G51/><T129/><D129/><U14/><E115/><V122/><F122/><W48/><G48/><T49/><D49/><U70/><E70/><V99/><F36/><W113/><G113/><T4/><D4/><U114/><E114/><V123/><F123/><W11/><G11/><T126/><D126/><U127/><E127/><V106/><F42/><W108/><G108/><T22/><D22/><AGARI ba="0,0" hai="8,9,13,14,15,22,27,28,86,89,92,94,98,101" machi="22" ten="40,2600,0" yaku="8,1,52,1" doraHai="80" who="1" fromWho="0" sc="244,-26,398,26,156,0,202,0" /><AGARI ba="0,0" hai="16,17,20,22,23,50,52,59,82,87,88" m="25099" machi="22" ten="30,12000,1" yaku="8,1,52,1,54,3" doraHai="80" who="3" fromWho="0" sc="218,-120,424,0,156,0,202,120" /><INIT seed="3,1,0,3,3,36" ten="98,424,156,322" oya="3" hai0="112,123,132,99,81,126,74,38,101,68,25,73,3" hai1="30,32,119,14,8,0,125,11,94,4,60,90,98" hai2="131,111,45,129,40,63,15,115,71,78,64,54,87" hai3="114,128,113,104,105,39,106,34,62,102,23,69,84"/><W47/><G34/><T120/><D25/><U6/><E119/><V91/><F78/><W56/><G128/><N who="2" m="49225" /><F111/><W35/><G35/><T72/><D68/><U44/><E125/><V43/><F115/><W86/><G69/><T85/><D3/><U100/><E30/><V66/><F66/><W130/><G130/><T27/><D27/><U103/><E32/><V7/><F45/><W20/><G102/><T117/><D38/><U65/><REACH who="1" step="1"/><E44/><REACH who="1" ten="98,414,156,322" step="2"/><V26/><F71/><AGARI ba="1,1" hai="0,4,6,8,11,14,60,65,71,90,94,98,100,103" machi="71" ten="30,7700,0" yaku="1,1,2,1,7,1,53,1" doraHai="36" doraHaiUra="95" who="1" fromWho="2" sc="98,0,414,90,156,-80,322,0" /><INIT seed="4,0,0,3,3,92" ten="98,504,76,322" oya="0" hai0="129,1,113,65,59,17,31,46,82,128,41,104,4" hai1="95,8,26,103,105,133,108,61,38,125,12,25,115" hai2="18,134,67,20,37,40,35,60,52,100,70,84,13" hai3="32,114,90,63,23,124,24,126,53,42,71,6,109"/><T69/><D31/><U120/><E38/><V121/><F121/><W0/><G32/><T93/><D104/><U7/><E105/><V39/><F134/><W49/><G109/><T88/><D69/><U2/><E120/><V106/><F35/><W28/><G114/><T48/><D113/><U14/><E2/><V72/><F72/><W9/><G42/><T55/><D65/><U75/><E75/><V29/><F29/><W54/><G90/><T102/><D17/><U22/><E108/><V131/><F131/><N who="0" m="50250" /><D82/><U21/><E133/><V57/><F40/><W80/><G80/><T127/><D102/><U119/><E119/><V5/><F5/><W83/><G83/><T73/><D73/><U11/><E103/><V123/><F123/><W51/><G71/><T87/><D127/><N who="3" m="48681" /><G63/><N who="0" m="36351" /><D4/><U76/><E7/><V43/><F43/><W135/><G135/><T64/><D64/><U15/><E115/><V36/><F84/><W118/><G118/><T30/><D30/><U94/><E61/><V78/><F78/><W132/><G132/><T91/><D91/><U33/><E76/><V110/><F110/><W66/><G66/><T122/><D1/><U77/><E77/><V44/><F70/><W45/><G51/><T99/><D122/><U111/><E111/><V68/><F68/><W101/><G101/><T62/><D62/><U27/><E125/><V56/><F100/><W47/><G49/><T98/><AGARI ba="0,0" hai="41,46,48,87,88,93,98,99" m="36351,50250" machi="98" ten="30,11700,0" yaku="19,1,52,2,54,1" doraHai="92" who="0" fromWho="0" sc="98,117,504,-39,76,-39,322,-39" /><INIT seed="4,1,0,3,1,125" ten="215,465,37,283" oya="0" hai0="122,126,66,58,15,98,27,12,83,4,61,92,33" hai1="29,97,54,19,21,118,89,95,128,62,67,73,60" hai2="24,131,59,7,40,57,48,132,100,30,68,76,6" hai3="107,51,11,111,55,22,71,53,108,130,117,10,113"/><T3/><D3/><U74/><E29/><V64/><F68/><W78/><G107/><T44/><D122/><U38/><E38/><V17/><F132/><W106/><G106/><T25/><D126/><U80/><E80/><V81/><F100/><W14/><G71/><T129/><D83/><U37/><E37/><V110/><F110/><W90/><G78/><T87/><D87/><U112/><E112/><V114/><F114/><W101/><G101/><T84/><D84/><U119/><E128/><V70/><F70/><W16/><G113/><T5/><D129/><U127/><E127/><V56/><F64/><W41/><G117/><T42/><D33/><U18/><E18/><V43/><F17/><W52/><G130/><T134/><D134/><U69/><E74/><V104/><F104/><W50/><G90/><T124/><D124/><U26/><E73/><V123/><F123/><W8/><REACH who="3" step="1"/><G41/><REACH who="3" ten="215,465,37,273" step="2"/><T9/><D42/><U46/><E89/><V0/><F43/><W121/><G121/><T2/><D44/><U85/><E46/><V109/><F40/><W1/><G1/><T65/><D2/><U135/><E135/><V93/><F0/><W31/><G31/><T23/><D65/><U86/><E119/><V99/><F131/><W94/><G94/><T36/><D36/><U102/><E118/><V39/><F39/><W45/><G45/><T133/><D133/><U77/><E77/><V32/><F93/><W75/><G75/><T103/><D4/><U115/><E115/><V105/><F7/><W49/><AGARI ba="1,1" hai="8,10,11,14,16,22,49,50,51,52,53,55,108,111" machi="49" ten="40,12000,2" yaku="1,1,0,1,29,2,54,2,53,0" doraHai="125" doraHaiUra="82" who="3" fromWho="3" sc="215,-61,465,-31,37,-31,273,133" /><INIT seed="5,0,0,3,2,0" ten="154,434,6,406" oya="1" hai0="22,110,49,86,45,48,68,111,25,87,73,62,31" hai1="8,30,85,80,56,72,15,51,92,47,123,112,40" hai2="69,5,96,70,78,84,114,109,46,39,57,2,97" hai3="52,88,76,98,32,91,116,19,131,94,79,64,122"/><U83/><E123/><V1/><F109/><W18/><G32/><T118/><D73/><U107/><E107/><V77/><F57/><W103/><G122/><T121/><D121/><U29/><E112/><V21/><F21/><W59/><G131/><T20/><D118/><U54/><E92/><V127/><F114/><W124/><G64/><T37/><D37/><U128/><E72/><V102/><F127/><W38/><G38/><T133/><D133/><U108/><E108/><V17/><F17/><N who="3" m="6155" /><G124/><T119/><D119/><U135/><E135/><V12/><F12/><W89/><G116/><T27/><D62/><AGARI ba="0,0" hai="52,59,62,76,79,88,89,91,94,98,103" m="6155" machi="62" ten="30,3900,0" yaku="8,1,54,2" doraHai="0" who="3" fromWho="0" sc="154,-39,434,0,6,0,406,39" /><INIT seed="6,0,0,5,5,117" ten="115,434,6,445" oya="2" hai0="79,111,94,48,84,37,23,55,73,10,127,39,99" hai1="135,65,1,70,22,20,35,19,118,63,71,42,88" hai2="125,21,17,31,130,15,57,92,108,34,24,52,50" hai3="67,114,122,102,116,97,12,81,45,120,16,5,8"/><V44/><F125/><W87/><G116/><T86/><D111/><U107/><E35/><V9/><F130/><W13/><G67/><T124/><D73/><U47/><E107/><V128/><F128/><W60/><G60/><T28/><D10/><U82/><E118/><V61/><F108/><W56/><G56/><T59/><D28/><U78/><E1/><V90/><F34/><W132/><G45/><T30/><D39/><U98/><E135/><V104/><F104/><W103/><G114/><T27/><D37/><U0/><E0/><V89/><F92/><W121/><G97/><T100/><D79/><U123/><E123/><V4/><F31/><W36/><G36/><T43/><D43/><AGARI ba="0,0" hai="4,9,15,17,21,24,43,44,50,52,57,61,89,90" machi="43" ten="30,5800,0" yaku="7,1,8,1,54,1" doraHai="117" who="2" fromWho="0" sc="115,-58,434,0,6,58,445,0" /><INIT seed="6,1,0,2,1,59" ten="57,434,64,445" oya="2" hai0="26,129,125,14,100,86,2,82,13,10,63,52,69" hai1="127,92,37,118,101,11,40,119,4,120,87,111,117" hai2="38,31,33,17,133,104,44,110,126,21,64,54,135" hai3="84,68,32,29,130,81,23,47,43,116,39,53,115"/><V97/><F126/><W58/><G116/><T5/><D125/><U79/><E127/><V114/><F114/><W76/><G130/><T106/><D129/><U46/><E111/><V85/><F110/><W73/><G68/><T12/><D26/><U109/><E109/><V30/><F33/><W56/><G32/><T3/><D3/><U19/><E120/><V121/><F121/><W18/><G29/><T98/><D69/><U49/><E19/><V112/><F112/><W6/><G6/><T74/><D74/><U7/><E37/><V62/><F85/><W128/><G128/><T75/><D75/><U134/><E134/><N who="2" m="51211" /><F97/><W99/><G99/><T123/><D123/><U41/><E79/><V51/><F104/><W0/><G0/><T27/><D27/><U24/><E24/><N who="2" m="14383" /><F38/><W95/><G115/><T65/><D65/><U108/><E108/><V124/><F124/><W105/><G105/><T66/><D66/><U28/><E28/><V103/><F103/><W45/><G95/><N who="0" m="58463" /><D2/><U71/><E101/><V122/><F122/><W83/><G73/><T89/><D106/><U16/><E92/><V61/><F61/><W70/><G81/><T42/><D42/><N who="1" m="24791" /><E87/><V107/><F107/><W93/><G93/><T78/><D78/><U1/><E41/><V131/><F131/><W72/><G72/><T36/><D36/><U35/><E40/><V22/><F22/><W88/><G76/><T91/><D91/><U15/><E35/><V113/><F113/><W55/><G43/><T48/><D63/><U94/><E118/><V77/><F77/><W90/><G39/><RYUUKYOKU ba="1,0" sc="57,15,434,-15,64,15,445,-15" hai0="5,10,12,13,14,48,52,82,86,89" hai2="30,31,44,51,54,62,64" /><INIT seed="6,2,0,1,5,28" ten="72,419,79,430" oya="2" hai0="56,108,8,19,20,97,3,24,135,66,103,4,92" hai1="59,71,40,11,86,82,132,53,10,32,84,109,83" hai2="46,60,115,44,120,101,106,65,43,87,110,128,26" hai3="98,112,35,45,72,90,131,49,34,5,37,7,127"/><V39/><F120/><W126/><G72/><T69/><D108/><U62/><E32/><N who="3" m="12330" /><G37/><T107/><D69/><U129/><E71/><V23/><F110/><W57/><G57/><T14/><D135/><U21/><E132/><V95/><F106/><W22/><G22/><T80/><D80/><N who="1" m="30763" /><E109/><V116/><F116/><W78/><G78/><T29/><D107/><U42/><E21/><V13/><F46/><W130/><G112/><T89/><D3/><U133/><E133/><V79/><F13/><W48/><G98/><T33/><D33/><U31/><E31/><V99/><F115/><W76/><G90/><T51/><D89/><U25/><E25/><V122/><F122/><W134/><G76/><T113/><D113/><U1/><E1/><V81/><F23/><W88/><G88/><T9/><D9/><N who="1" m="3083" /><E129/><N who="3" m="49162" /><G134/><T15/><D15/><U74/><E74/><V125/><F128/><W61/><G61/><N who="0" m="38183" /><D51/><N who="3" m="19529" /><G45/><T91/><D91/><U67/><E67/><V100/><F26/><W52/><G52/><T70/><D70/><U17/><E17/><AGARI ba="2,0" hai="4,8,14,17,19,20,24,29,92,97,103" m="38183" machi="17" ten="30,2000,0" yaku="25,1,8,1" doraHai="28" who="0" fromWho="1" sc="72,26,419,-26,79,0,430,0" /><INIT seed="7,0,0,1,5,97" ten="98,393,79,430" oya="3" hai0="92,33,42,67,105,6,14,118,52,122,119,81,93" hai1="107,124,103,12,13,87,43,120,16,44,15,25,85" hai2="109,23,26,104,98,80,110,10,48,89,82,88,46" hai3="9,114,127,27,1,129,47,7,41,24,74,59,64"/><W77/><G114/><T62/><D33/><U111/><E124/><V126/><F126/><W102/><G129/><T113/><D105/><U50/><E111/><V8/><F109/><W61/><G127/><T116/><D122/><U101/><E120/><V56/><F104/><W125/><G125/><T115/><D42/><U40/><E40/><N who="2" m="24647" /><F110/><W66/><G66/><T53/><D81/><N who="2" m="31338" /><F56/><W70/><G102/><N who="1" m="38922" /><E107/><V54/><F54/><W39/><G59/><N who="0" m="37343" /><D52/><U68/><E68/><V30/><F98/><W123/><G123/><T18/><D53/><U57/><E57/><V3/><F3/><W106/><G106/><T45/><D45/><U132/><E132/><V51/><F51/><W94/><G94/><T75/><D75/><U29/><E29/><V36/><F36/><W90/><G90/><AGARI ba="0,0" hai="8,10,23,26,30,88,89,90" m="31338,24647" machi="90" ten="30,2000,0" yaku="8,1,54,1" doraHai="97" who="2" fromWho="3" sc="98,0,393,0,79,20,430,-20" owari="98,-40.0,393,19.0,99,-30.0,410,51.0" /></mjloggm>