<mjloggm ver="2.3"><GO type="169" lobby="0"/><UN n0="%E3%82%A6%E3%83%AB%E3%83%88%E3%83%A9%E7%AB%8B%E7%9B%B4" n1="%E5%BC%B1%E8%99%AB" n2="%E3%82%AA%E3%82%AB%E3%83%AB%E3%83%88%E4%B8%80%E8%89%B2" n3="%E3%82%8F%E3%81%A3%E3%81%93%E3%83%BC%E3%83%BB%EF%BC%A1%E3%83%BB%E3%83%8E" dan="17,16,16,16" rate="2170.31,2055.20,2056.21,2054.54" sx="M,M,M,M"/><TAIKYOKU oya="0"/><INIT seed="0,0,0,4,5,54" ten="250,250,250,250" oya="0" hai0="91,42,89,134,3,27,32,69,33,66,24,70,99" hai1="123,83,52,125,19,68,96,130,35,56,44,118,116" hai2="74,13,78,120,77,108,30,65,40,45,113,90,104" hai3="38,12,67,46,11,29,8,111,58,51,109,37,110"/><T102/><D3/><U21/><E123/><V64/><F113/><W107/><G107/><T75/><D75/><U100/><E68/><V88/><F120/><W121/><G29/><T1/><D1/><U41/><E35/><V18/><F104/><W59/><G121/><T72/><D72/><U85/><E130/><V53/><F108/><W98/><G98/><T82/><D134/><U79/><E125/><V124/><F124/><W103/><G103/><T9/><D9/><N who="3" m="3657" /><G12/><T112/><D42/><U47/><E118/><V14/><F30/><W0/><G0/><T114/><D99/><U63/><E41/><V106/><F106/><W81/><G81/><T128/><D82/><U126/><E116/><V129/><F129/><W4/><G4/><T105/><D105/><U36/><E36/><N who="3" m="13930" /><G67/><N who="2" m="25673" /><F74/><W6/><G6/><T28/><D66/><U10/><E10/><N who="2" m="6455" /><F14/><W43/><AGARI ba="0,0" hai="43,46,51,58,59,109,110,111" m="13930,3657" machi="43" ten="40,5200,0" yaku="14,1,52,2" doraHai="54" who="3" fromWho="3" sc="250,-26,250,-13,250,-13,250,52" /><INIT seed="1,0,0,3,0,121" ten="224,237,237,302" oya="1" hai0="129,13,1,24,94,91,111,65,12,3,110,132,41" hai1="51,95,46,133,25,49,7,103,22,58,18,60,82" hai2="130,36,125,131,83,92,108,74,30,63,27,122,79" hai3="40,113,15,31,76,57,124,38,10,96,68,17,61"/><U4/><E133/><V20/><F122/><W21/><G113/><T90/><D132/><U93/><E82/><V23/><F36/><W67/><G124/><T98/><D41/><U99/><E95/><V34/><F108/><N who="0" m="41514" /><D129/><N who="2" m="49162" /><F125/><W73/><G96/><T39/><D39/><U84/><E84/><V16/><F63/><W112/><G112/><T55/><D65/><U26/><E26/><N who="2" m="14599" /><F92/><W85/><G73/><T37/><D37/><U97/><E97/><V53/><F53/><W89/><G40/><T54/><D24/><U45/><E51/><V114/><F114/><W19/><G38/><T52/><D90/><U72/><E72/><V106/><F106/><W87/><G89/><T105/><D105/><U107/><E107/><V2/><F2/><AGARI ba="0,0" hai="1,2,3,12,13,52,54,55,91,94,98" m="41514" machi="2" ten="40,8000,1" yaku="14,1,52,3,54,1" doraHai="121" who="0" fromWho="2" sc="224,80,237,0,237,-80,302,0" /><INIT seed="2,0,0,3,0,65" ten="304,237,157,302" oya="2" hai0="85,94,119,123,8,95,51,131,104,81,30,37,76" hai1="73,62,116,82,33,124,79,72,111,68,67,47,125" hai2="89,15,130,96,120,14,45,101,39,112,9,22,103" hai3="133,27,40,83,4,97,86,53,20,107,87,24,56"/><V50/><F112/><W109/><G109/><T106/><D37/><U35/><E116/><V0/><F120/><W17/><G133/><T115/><D30/><U118/><E118/><V16/><F130/><W88/><G40/><T12/><D119/><U128/><E111/><V134/><F0/><W11/><G107/><T3/><D3/><U7/><E128/><V34/><F34/><W126/><G97/><T74/><D131/><U110/><E110/><V93/><F39/><W132/><G126/><N who="1" m="48746" /><E72/><V91/><F91/><W99/><G99/><T63/><D115/><U42/><E7/><N who="2" m="3391" /><F134/><W32/><G86/><T13/><D74/><U77/><E77/><V1/><F1/><W80/><G132/><T58/><D106/><U69/><E69/><V29/><F29/><W21/><G32/><T46/><D104/><U38/><AGARI ba="0,0" hai="33,35,38,42,47,62,67,68,73,79,82" m="48746" machi="38" ten="30,4000,0" yaku="18,1,23,1,52,1" doraHai="65" who="1" fromWho="1" sc="304,-10,237,40,157,-20,302,-10" /><INIT seed="3,0,0,3,0,84" ten="294,277,137,292" oya="3" hai0="32,67,2,50,118,70,37,123,85,74,27,81,21" hai1="97,91,89,30,12,124,115,76,64,92,1,65,62" hai2="78,128,103,25,88,90,94,112,66,54,114,106,46" hai3="126,69,101,95,116,56,14,9,6,79,5,51,35"/><W53/><G69/><T48/><D32/><U83/><E1/><V72/><F66/><W77/><G116/><T63/><D74/><U47/><E115/><N who="2" m="44075" /><F54/><W100/><G35/><T26/><D123/><U131/><E124/><V49/><F49/><W52/><G126/><T58/><D37/><U107/><E131/><V10/><F46/><N who="3" m="27767" /><G5/><T24/><D2/><U41/><E107/><V134/><F10/><W8/><G8/><T110/><D110/><U98/><E30/><V117/><F25/><N who="0" m="9834" /><D70/><U109/><E109/><V75/><F117/><W40/><G40/><T34/><D34/><U44/><E12/><V7/><F7/><W121/><G121/><T19/><D118/><U17/><E17/><V55/><F55/><W73/><G73/><N who="2" m="28233" /><F128/><W111/><G111/><T108/><D108/><U15/><E15/><V13/><F13/><W87/><G53/><T22/><D22/><U57/><E65/><V96/><F134/><W133/><G56/><T20/><D20/><U43/><E43/><V86/><F78/><AGARI ba="0,0" hai="19,21,27,48,50,58,63,67,78,81,85" m="9834" machi="78" ten="30,1000,0" yaku="8,1" doraHai="84" who="0" fromWho="2" sc="294,10,277,0,137,-10,292,0" /><INIT seed="4,0,0,1,4,80" ten="304,277,127,292" oya="0" hai0="91,116,23,2,40,117,101,46,135,6,70,26,30" hai1="112,29,108,13,20,39,43,99,9,60,78,3,81" hai2="131,49,83,132,74,77,115,42,4,55,19,103,21" hai3="100,50,118,64,44,16,68,52,113,124,31,66,0"/><T89/><D70/><U71/><E108/><V123/><F123/><W33/><G118/><T59/><D135/><U128/><E128/><V96/><F132/><W11/><G113/><T94/><D101/><U53/><E112/><V97/><F115/><W84/><G124/><T109/><D109/><U47/><E99/><V25/><F131/><W133/><G133/><T34/><D34/><U126/><E126/><V27/><F4/><W86/><G100/><T56/><D6/><U129/><E129/><V1/><F1/><W61/><G66/><T98/><D2/><U48/><E3/><V90/><F42/><W28/><G0/><T119/><REACH who="0" step="1"/><D91/><REACH who="0" ten="294,277,127,292" step="2"/><U62/><E71/><V87/><F103/><W73/><G33/><T7/><D7/><U57/><E78/><V58/><REACH who="2" step="1"/><F27/><REACH who="2" ten="294,277,117,292" step="2"/><W14/><REACH who="3" step="1"/><G73/><REACH who="3" ten="294,277,117,282" step="2"/><T10/><D10/><U82/><E9/><V51/><F51/><AGARI ba="0,3" hai="23,26,30,40,46,51,56,59,89,94,98,116,117,119" machi="51" ten="40,2000,0" yaku="1,1,53,0" doraHai="80" doraHaiUra="110" who="0" fromWho="2" sc="294,50,277,0,117,-20,282,0" /><INIT seed="4,1,0,5,4,32" ten="344,277,97,282" oya="0" hai0="78,58,115,45,12,15,102,7,129,8,94,127,96" hai1="9,27,114,36,18,4,59,92,79,124,17,108,19" hai2="20,60,116,38,16,117,74,87,28,34,24,35,14" hai3="50,120,6,123,53,130,73,41,70,43,111,71,48"/><T121/><D121/><N who="3" m="46665" /><G6/><T104/><D127/><U66/><E36/><V119/><F74/><W132/><G73/><T89/><D129/><U106/><E106/><V64/><F38/><W37/><G130/><T83/><D115/><U100/><E108/><V44/><F44/><N who="3" m="23599" /><G111/><T47/><D58/><U13/><E124/><V134/><F134/><W135/><G43/><T90/><D12/><U23/><E79/><V109/><F109/><W86/><G86/><T128/><D128/><U82/><E82/><V3/><F87/><W49/><G53/><T55/><D55/><U1/><E114/><V30/><F3/><W72/><G72/><T29/><D78/><U26/><E26/><V11/><REACH who="2" step="1"/><F30/><REACH who="2" ten="344,277,87,282" step="2"/><W85/><G85/><T93/><D29/><U10/><E1/><V101/><F101/><W122/><G122/><T103/><D83/><U2/><E2/><V110/><F110/><W118/><G118/><T61/><D103/><U40/><E100/><V126/><F126/><W77/><G77/><T67/><D102/><U91/><E91/><V98/><F98/><W131/><G131/><T69/><D104/><U105/><E105/><V65/><F65/><W25/><G135/><T21/><D90/><U52/><E66/><V99/><F99/><W42/><G132/><T22/><D93/><U31/><E92/><V75/><F75/><W125/><G125/><T46/><AGARI ba="1,1" hai="7,8,15,21,22,45,46,47,61,67,69,89,94,96" machi="46" ten="30,1500,0" yaku="0,1" doraHai="32" who="0" fromWho="0" sc="344,28,277,-6,87,-6,282,-6" /><INIT seed="4,2,0,1,4,46" ten="372,271,81,276" oya="0" hai0="9,88,27,35,38,1,113,45,95,108,23,37,5" hai1="18,7,111,26,120,25,84,14,127,36,68,129,125" hai2="58,21,12,132,82,33,19,81,74,105,101,86,97" hai3="55,102,133,104,93,65,107,32,10,57,66,117,118"/><T30/><D113/><U44/><E68/><V42/><F132/><W41/><G32/><T17/><D108/><U59/><E111/><V90/><F33/><W49/><G133/><T60/><D60/><U69/><E69/><V29/><F29/><W116/><G41/><T47/><D47/><U64/><E120/><V110/><F110/><W109/><G109/><T77/><D77/><U85/><E7/><V78/><F42/><W96/><REACH who="3" step="1"/><G10/><REACH who="3" ten="372,271,81,266" step="2"/><T91/><D35/><U34/><E34/><V28/><F28/><W112/><G112/><T122/><D30/><U131/><E127/><V22/><REACH who="2" step="1"/><F58/><REACH who="2" ten="372,271,71,266" step="2"/><W39/><G39/><T123/><D38/><U53/><E59/><V103/><F103/><W63/><G63/><T24/><D37/><U94/><E36/><V11/><AGARI ba="2,2" hai="11,12,19,21,22,74,78,81,82,86,90,97,101,105" machi="11" ten="20,2700,0" yaku="1,1,0,1,7,1,53,0" doraHai="46" doraHaiUra="130" who="2" fromWho="2" sc="372,-15,271,-9,71,53,266,-9" /><INIT seed="5,0,0,0,3,3" ten="357,262,124,257" oya="1" hai0="114,103,17,65,88,42,49,20,4,16,56,93,106" hai1="19,41,25,80,9,120,107,134,26,44,99,68,104" hai2="27,108,24,115,77,67,97,90,92,94,70,109,30" hai3="117,105,7,130,59,91,124,35,47,129,29,57,32"/><U78/><E120/><V52/><F77/><W87/><G105/><T55/><D114/><U128/><E68/><V95/><F115/><W96/><G96/><T14/><D65/><U10/><E134/><V123/><F123/><W132/><G132/><T125/><D125/><U2/><E128/><N who="3" m="49258" /><G124/><T43/><D106/><U69/><E69/><V51/><F67/><W1/><G47/><T89/><D103/><U6/><E99/><V111/><F70/><W74/><G74/><T83/><D17/><U116/><E116/><V85/><F97/><W135/><G135/><T36/><D36/><N who="1" m="21543" /><E26/><V122/><F122/><W113/><G113/><T71/><D71/><U64/><E64/><V126/><F126/><W13/><G1/><T133/><D133/><U31/><E19/><V46/><REACH who="2" step="1"/><F27/><REACH who="2" ten="357,262,114,257" step="2"/><W15/><G117/><T98/><D98/><U58/><E78/><V0/><F0/><W110/><G110/><T112/><D112/><U5/><E25/><V101/><F101/><W18/><G87/><T34/><D89/><U127/><E2/><V81/><F81/><W21/><G91/><T8/><D83/><U22/><E80/><V37/><F37/><W28/><G15/><T86/><D34/><AGARI ba="0,1" hai="24,30,34,46,51,52,85,90,92,94,95,108,109,111" machi="34" ten="40,2600,0" yaku="1,1,54,1,53,0" doraHai="3" doraHaiUra="79" who="2" fromWho="0" sc="357,-26,262,0,114,36,257,0" /><INIT seed="6,0,0,3,1,24" ten="331,262,150,257" oya="2" hai0="80,29,72,10,4,112,28,36,77,68,62,110,89" hai1="8,15,102,107,125,9,6,51,66,70,96,97,32" hai2="46,132,95,116,117,30,45,115,127,18,25,2,42" hai3="53,113,41,111,120,86,22,93,60,122,90,81,55"/><V118/><F2/><W34/><G34/><T37/><D110/><U31/><E125/><V52/><F127/><W94/><G111/><T104/><D104/><U49/><E97/><V73/><F73/><W82/><G41/><T91/><D91/><U84/><E84/><V26/><F115/><W133/><G133/><T61/><D89/><U0/><E9/><V126/><F126/><W134/><G134/><T106/><D106/><U121/><E0/><V54/><F132/><W88/><G113/><T101/><D101/><U74/><E74/><V50/><F95/><W124/><G124/><T11/><D68/><U79/><E79/><V27/><F18/><W92/><G120/><T135/><D135/><U47/><E121/><V130/><F130/><W108/><G108/><T75/><D77/><U69/><E69/><V21/><REACH who="2" step="1"/><F54/><REACH who="2" ten="331,262,140,257" step="2"/><W58/><G122/><T67/><D112/><U40/><E107/><V76/><F76/><W35/><G55/><T1/><D1/><U64/><E6/><V57/><F57/><W3/><G3/><T71/><D71/><U17/><E17/><V12/><F12/><W16/><G93/><T13/><D13/><U33/><E15/><V87/><F87/><W48/><G94/><T63/><D72/><U85/><E85/><V114/><F114/><W119/><G92/><T98/><D75/><U103/><E70/><V128/><F128/><W109/><G109/><T59/><D59/><U56/><E56/><V78/><F78/><W129/><G129/><T5/><D5/><U23/><E103/><V14/><F14/><W65/><G86/><RYUUKYOKU ba="0,1" sc="331,-10,262,-10,140,30,257,-10" hai2="21,25,26,27,30,42,45,46,50,52,116,117,118" /><INIT seed="6,1,1,0,0,74" ten="321,252,170,247" oya="2" hai0="4,98,0,7,69,15,33,17,49,121,47,14,32" hai1="5,62,34,1,128,40,116,125,89,72,81,67,79" hai2="75,24,76,64,124,21,3,59,105,26,18,133,51" hai3="88,68,53,82,66,108,96,122,45,11,131,114,37"/><V73/><F105/><W83/><G108/><T109/><D69/><U38/><E116/><V28/><F3/><W16/><G122/><T132/><D109/><U30/><E128/><V95/><F124/><W12/><G131/><T6/><D121/><U57/><E125/><V71/><F71/><W103/><G114/><T10/><D98/><U23/><E34/><N who="0" m="13417" /><D49/><U35/><E35/><V48/><F133/><W9/><G9/><N who="0" m="2183" /><D47/><N who="1" m="23959" /><E23/><N who="2" m="15455" /><F73/><W25/><G25/><T42/><D42/><U58/><E30/><V22/><F75/><W117/><G117/><T118/><D118/><U20/><E20/><N who="2" m="13335" /><F76/><W36/><G36/><T13/><D132/><U111/><E111/><V94/><F51/><W2/><G37/><T104/><D104/><U41/><E41/><V84/><F94/><W97/><G68/><T135/><D135/><U123/><E123/><V100/><F84/><W130/><G130/><T91/><D91/><U87/><E89/><V115/><F115/><W127/><G88/><T27/><D27/><U101/><E87/><V90/><F100/><W63/><G127/><T113/><D113/><U50/><E101/><V119/><F119/><W120/><G120/><T78/><D78/><U93/><E93/><V65/><F65/><W129/><G129/><T106/><D106/><U29/><E50/><V77/><F77/><W85/><G85/><T8/><D6/><U92/><E92/><V99/><F48/><N who="3" m="28815" /><G103/><T54/><D54/><U126/><E126/><V39/><F39/><W52/><G66/><T43/><D43/><U110/><E110/><V46/><F46/><W86/><G86/><RYUUKYOKU ba="1,1" sc="321,15,252,-15,170,15,247,-15" hai0="7,8,10,13,14,15,17" hai2="21,22,59,64,90,95,99" /><INIT seed="6,2,1,2,4,75" ten="336,237,185,232" oya="2" hai0="92,73,97,23,104,30,42,27,71,17,45,32,135" hai1="111,102,120,28,5,124,62,16,76,54,67,85,31" hai2="100,53,20,121,48,131,91,14,72,132,26,101,133" hai3="84,56,18,99,13,128,4,38,103,39,60,126,109"/><V127/><F121/><W77/><G109/><T70/><D73/><U58/><E111/><V98/><F127/><W134/><G126/><T7/><D7/><U2/><E124/><V119/><F131/><W1/><G4/><T79/><D79/><U122/><E102/><V125/><F125/><W15/><G1/><T112/><D104/><U68/><E5/><V64/><F119/><W52/><G128/><T130/><D130/><U94/><E2/><V66/><F72/><W59/><G134/><N who="2" m="51817" /><F14/><W21/><G13/><T57/><D57/><U82/><E94/><N who="2" m="56671" /><F100/><W78/><G84/><T88/><D112/><U74/><E74/><V19/><F101/><W86/><G86/><T93/><D93/><U46/><E122/><V35/><F35/><W106/><REACH who="3" step="1"/><G59/><AGARI ba="2,1" hai="19,20,26,48,53,59,64,66" m="56671,51817" machi="59" ten="30,1500,0" yaku="20,1" doraHai="75" who="2" fromWho="3" sc="336,0,237,0,185,31,232,-21" /><INIT seed="6,3,0,2,2,5" ten="336,237,216,211" oya="2" hai0="7,13,22,71,42,1,26,44,77,86,123,134,45" hai1="66,114,105,6,3,9,122,132,85,126,49,46,8" hai2="80,67,100,104,72,11,17,98,53,14,31,30,90" hai3="40,128,95,92,76,0,52,50,51,112,74,97,82"/><V116/><F116/><W58/><G128/><T29/><D71/><U121/><E105/><V113/><F113/><W115/><G0/><T99/><D123/><N who="1" m="47115" /><E132/><V63/><F53/><W101/><REACH who="3" step="1"/><G95/><REACH who="3" ten="336,237,216,201" step="2"/><T65/><D1/><U57/><E3/><V103/><F103/><W16/><G16/><T91/><D134/><U55/><E55/><V47/><F47/><AGARI ba="3,1" hai="40,47,50,51,52,58,74,76,82,92,97,101,112,115" machi="47" ten="40,2600,0" yaku="1,1,54,1,53,0" doraHai="5" doraHaiUra="27" who="3" fromWho="2" sc="336,0,237,0,216,-35,201,45" /><INIT seed="7,0,0,5,4,43" ten="336,237,181,246" oya="3" hai0="129,98,113,118,109,103,133,115,3,14,83,39,40" hai1="77,116,50,73,24,34,58,127,112,134,23,120,72" hai2="74,60,63,78,66,132,89,41,110,12,111,84,18" hai3="130,96,71,61,107,32,55,123,122,28,86,29,95"/><W85/><G130/><T36/><D3/><U38/><E38/><V82/><F132/><W4/><G4/><T5/><D118/><U94/><E120/><V97/><F97/><W20/><G20/><T93/><D109/><U87/><E34/><V21/><F63/><W15/><G15/><T104/><D129/><U56/><E134/><V1/><F1/><W25/><G29/><T16/><D5/><U22/><E112/><N who="0" m="43081" /><D40/><U70/><E70/><V114/><F114/><W45/><G107/><T35/><D35/><U102/><E127/><V135/><F135/><W125/><G125/><T99/><D83/><N who="1" m="47599" /><E73/><V37/><F37/><W9/><G9/><N who="0" m="6223" /><D133/><U88/><E72/><V11/><F11/><W76/><G71/><T47/><D47/><U81/><E81/><V117/><F117/><W30/><G30/><T46/><D46/><U48/><E116/><V124/><F124/><W33/><G33/><T105/><D105/><U90/><E22/><V64/><F64/><W6/><G6/><T121/><D121/><U69/><E69/><V26/><F26/><W51/><G61/><T91/><AGARI ba="0,0" hai="36,39,91,93,98,99,103,104" m="6223,43081" machi="91" ten="30,4000,0" yaku="15,1,11,1,54,1" doraHai="43" who="0" fromWho="0" sc="336,40,237,-10,181,-10,246,-20" owari="376,47.0,227,3.0,171,-33.0,226,-17.0" /></mjloggm>