<mjloggm ver="2.3"><GO type="97" lobby="0"/><UN n0="%E3%81%A8%E3%81%82%E3%82%8B%E3%83%8B%E3%83%A5%E3%83%BC%E9%80%9F%E6%B0%91" n1="%E3%83%81%E3%83%A3%E3%83%83%E3%82%AF" n2="%E3%82%A6%E3%83%AB%E3%83%88%E3%83%A9%E7%AB%8B%E7%9B%B4" n3="%E7%8C%AB%E4%BD%BF%E3%81%84" dan="13,13,14,13" rate="1829.33,1886.11,1946.88,1885.30" sx="M,M,M,F"/><TAIKYOKU oya="0"/><INIT seed="0,0,0,0,2,1" ten="250,250,250,250" oya="0" hai0="38,105,7,75,89,9,117,83,68,76,37,29,91" hai1="66,95,114,61,101,2,111,97,127,53,96,107,18" hai2="102,84,42,48,98,28,126,25,43,47,116,128,71" hai3="56,59,103,10,99,46,86,88,14,125,27,123,94"/><T35/><D117/><U39/><E39/><V19/><F71/><W20/><G125/><T133/><D133/><U92/><E127/><V118/><F126/><W52/><G123/><T124/><D105/><U55/><E114/><V132/><F132/><W110/><G110/><T134/><D124/><U135/><E111/><V26/><F128/><W82/><G27/><T3/><D134/><U8/><E135/><V31/><F84/><W12/><G20/><T104/><D91/><U122/><E122/><V54/><F19/><W73/><G73/><T74/><D89/><U24/><E24/><V108/><F108/><W106/><G106/><T100/><D75/><U80/><E80/><V21/><F116/><W17/><G14/><T65/><D29/><U36/><E36/><V34/><F118/><W0/><G0/><T79/><D79/><U115/><E115/><V30/><F30/><W120/><G120/><T63/><D35/><U45/><E45/><V49/><F49/><AGARI ba="0,0" hai="10,12,17,46,49,52,56,59,82,86,88,94,99,103" machi="49" ten="40,8000,1" yaku="25,2,8,1,54,2" doraHai="1" who="3" fromWho="2" sc="250,0,250,0,250,-80,250,80" /><INIT seed="1,0,0,3,4,18" ten="250,250,170,330" oya="1" hai0="46,0,43,22,66,106,70,24,27,97,65,110,99" hai1="34,60,67,81,88,52,107,83,42,33,28,58,49" hai2="100,73,126,50,62,45,64,10,61,98,19,84,20" hai3="13,5,57,78,104,17,14,15,76,90,131,40,103"/><U16/><E107/><V86/><F73/><W79/><G131/><T120/><D110/><U38/><E28/><V114/><F10/><W55/><G40/><T115/><D120/><U101/><E101/><V91/><F126/><W102/><G5/><T118/><D115/><U37/><E37/><V75/><F75/><W25/><G90/><T134/><D134/><U77/><E83/><V56/><F62/><N who="3" m="36159" /><G104/><T23/><D118/><U30/><E30/><V128/><F128/><W95/><G95/><T6/><D0/><U72/><E42/><V111/><F111/><W119/><G119/><T117/><D117/><U87/><E38/><V36/><F36/><W135/><G135/><T93/><D106/><U41/><E41/><V127/><F127/><W39/><G39/><T48/><D70/><U108/><E108/><V4/><F4/><W47/><G47/><T132/><D132/><U35/><E35/><V26/><F114/><W82/><G82/><T53/><D6/><U122/><E122/><V121/><F121/><W69/><G69/><T112/><D112/><U80/><REACH who="1" step="1"/><E16/><REACH who="1" ten="250,240,170,330" step="2"/><V44/><F100/><N who="3" m="38443" /><G25/><N who="0" m="9803" /><D43/><U123/><E123/><V1/><F19/><AGARI ba="0,1" hai="13,14,15,17,19,76,78,79" m="38443,36159" machi="19" ten="40,1300,0" yaku="8,1" doraHai="18" who="3" fromWho="2" sc="250,0,240,0,170,-13,330,23" /><INIT seed="2,0,0,2,2,41" ten="250,240,157,353" oya="2" hai0="117,118,31,134,119,20,37,115,9,61,113,92,69" hai1="57,62,56,132,1,26,96,55,103,130,65,13,114" hai2="125,19,63,46,82,79,90,95,127,18,11,10,89" hai3="39,121,123,14,48,60,80,68,88,59,122,74,28"/><V107/><F107/><W100/><G68/><T5/><D37/><U71/><E114/><V12/><F63/><W4/><G39/><T45/><D69/><U111/><E1/><V70/><F70/><W112/><G100/><T8/><D61/><U53/><E132/><V86/><F46/><W101/><G101/><T120/><D92/><U36/><E26/><V129/><F129/><W23/><G48/><T78/><D78/><U64/><E13/><V128/><F128/><W25/><G112/><N who="0" m="43083" /><D45/><U34/><E34/><V73/><F90/><W77/><G88/><T133/><D120/><U104/><E130/><V38/><F38/><W97/><G97/><T102/><D102/><U30/><E30/><V54/><F54/><W44/><G14/><AGARI ba="0,0" hai="10,11,12,14,18,19,73,79,82,86,89,95,125,127" machi="14" ten="40,2000,0" yaku="9,1" doraHai="41" who="2" fromWho="3" sc="250,0,240,0,157,20,353,-20" /><INIT seed="2,1,0,3,1,72" ten="250,240,177,333" oya="2" hai0="118,102,33,57,90,78,52,35,12,50,80,21,107" hai1="26,49,99,91,54,105,123,96,112,29,124,36,76" hai2="30,18,70,106,125,20,89,114,39,84,59,115,10" hai3="11,17,79,55,77,131,14,69,82,43,61,56,104"/><V74/><F70/><W5/><G104/><T13/><D118/><U92/><E112/><V32/><F106/><W71/><G131/><T40/><D107/><U64/><E36/><V126/><F39/><W134/><G134/><T62/><D102/><U51/><E64/><V8/><F74/><W83/><G43/><T119/><D119/><U42/><E42/><V45/><F45/><W25/><G71/><T41/><D13/><U108/><E123/><V81/><F59/><W110/><G110/><T22/><D35/><U101/><E51/><V120/><F30/><W9/><G69/><T97/><D33/><U66/><E66/><V111/><F32/><W46/><G46/><T68/><D68/><U31/><E108/><V28/><F28/><W16/><G25/><T116/><D116/><U15/><E15/><N who="2" m="9311" /><F120/><W87/><G11/><N who="2" m="4137" /><F111/><W86/><AGARI ba="1,0" hai="5,9,14,16,17,55,56,61,77,79,82,83,86,87" machi="86" ten="20,12000,2" yaku="0,1,7,1,9,1,8,1,52,2,54,1" doraHai="72" who="3" fromWho="3" sc="250,-31,240,-31,177,-61,333,123" /><INIT seed="3,0,0,4,0,122" ten="219,209,116,456" oya="3" hai0="31,11,98,121,123,118,44,37,91,113,96,106,87" hai1="73,1,38,16,17,94,22,42,115,90,124,97,26" hai2="126,104,76,112,86,4,48,14,88,108,32,82,128" hai3="100,33,7,66,64,9,59,105,135,93,6,125,117"/><W81/><G93/><T12/><D118/><U34/><E115/><V62/><F32/><W28/><G59/><T24/><D113/><U85/><E34/><V103/><F112/><W68/><G7/><T120/><D37/><U36/><E73/><V53/><F126/><W107/><G66/><T99/><D44/><U46/><E1/><V47/><F128/><W45/><G45/><T30/><D106/><U95/><E124/><V75/><F62/><W40/><G40/><T27/><D91/><U60/><E60/><V71/><F71/><W131/><G9/><T74/><D74/><U52/><E38/><V110/><F4/><W29/><G6/><T3/><D3/><U132/><E132/><V129/><F14/><W84/><G84/><T72/><D72/><U119/><E119/><V133/><F133/><W25/><G29/><T70/><D70/><U50/><E36/><V55/><F55/><W2/><G81/><T83/><D11/><U0/><E0/><V92/><F129/><W57/><G57/><T116/><D116/><U61/><E61/><V101/><F101/><W127/><G117/><T111/><D12/><U20/><E42/><V54/><F54/><W49/><G127/><T5/><D5/><U58/><E46/><V13/><F13/><W79/><G125/><T43/><D43/><U18/><E22/><V51/><F51/><W89/><G33/><T15/><D15/><U21/><E21/><V78/><F78/><W10/><G79/><T19/><D19/><U56/><E56/><V109/><F103/><AGARI ba="0,0" hai="16,17,18,20,26,50,52,58,85,90,94,95,97,103" machi="103" ten="30,7700,0" yaku="7,1,8,1,54,2" doraHai="122" who="1" fromWho="2" sc="219,0,209,77,116,-77,456,0" owari="219,-18.0,286,9.0,39,-46.0,456,55.0" /></mjloggm>