<mjloggm ver="2.3"><GO type="97" lobby="0"/><UN n0="%48%47%53%54" n1="%E9%81%8B%E3%81%A0%E3%81%91%E9%BA%BB%E9%9B%80" n2="%E3%82%A6%E3%83%AB%E3%83%88%E3%83%A9%E7%AB%8B%E7%9B%B4" n3="%E3%81%9F%E3%81%A0%E3%81%AE%E8%97%81%E4%BA%BA%E5%BD%A2" dan="14,13,14,14" rate="1999.58,1931.18,1908.61,1939.15" sx="M,F,M,M"/><TAIKYOKU oya="0"/><INIT seed="0,0,0,1,1,115" ten="250,250,250,250" oya="0" hai0="100,106,5,32,60,37,34,111,30,23,125,128,85" hai1="112,108,29,102,33,26,8,76,55,19,98,52,3" hai2="79,67,14,104,118,130,13,96,110,126,133,1,17" hai3="4,40,39,95,123,91,73,81,11,6,129,7,36"/><T83/><D37/><U44/><E112/><V16/><F1/><W71/><G123/><T18/><D5/><U82/><E44/><V132/><F67/><W86/><G129/><T90/><D128/><U0/><E108/><V49/><F130/><W93/><G71/><T47/><D125/><U105/><E19/><N who="2" m="7243" /><F79/><W77/><G95/><T25/><D111/><U87/><REACH who="1" step="1"/><E8/><REACH who="1" ten="250,240,250,250" step="2"/><V68/><F126/><W92/><G39/><T51/><D18/><U15/><E15/><N who="2" m="5643" /><F68/><W135/><G135/><N who="2" m="51785" /><F110/><W64/><G36/><T54/><D47/><U99/><E99/><V113/><F113/><W31/><G11/><T109/><D109/><U66/><E66/><V20/><F96/><W24/><G64/><T127/><D127/><U57/><E57/><V58/><F104/><W41/><G77/><T59/><D106/><U124/><E124/><V45/><F58/><W35/><G73/><T121/><D59/><U28/><E28/><V50/><F20/><W94/><AGARI ba="0,1" hai="4,6,7,24,31,35,40,41,81,86,91,92,93,94" machi="94" ten="30,1100,0" yaku="0,1" doraHai="115" who="3" fromWho="3" sc="250,-5,240,-3,250,-3,250,21" /><INIT seed="1,0,0,4,0,39" ten="245,237,247,271" oya="1" hai0="87,60,75,8,19,34,134,54,70,58,96,50,101" hai1="73,118,26,38,9,33,127,16,48,72,63,107,111" hai2="102,25,95,123,97,110,124,35,82,120,56,37,43" hai3="40,77,89,119,6,92,32,128,94,52,109,81,23"/><U5/><E118/><V135/><F135/><W86/><G119/><T132/><D75/><U79/><E38/><V85/><F124/><W68/><G32/><T80/><D34/><U18/><E107/><V78/><F110/><W44/><G68/><T64/><D19/><U100/><E100/><V114/><F114/><W116/><G116/><T91/><REACH who="0" step="1"/><D8/><REACH who="0" ten="235,237,247,271" step="2"/><U108/><E127/><V28/><F123/><W59/><G128/><T45/><D45/><U129/><E129/><V31/><F120/><W98/><G109/><N who="1" m="42058" /><E18/><V0/><F31/><W22/><G6/><T46/><D46/><U103/><E33/><V7/><F35/><W17/><G17/><T3/><D3/><N who="1" m="191" /><E72/><V74/><F28/><W49/><G92/><AGARI ba="0,1" hai="50,54,58,60,64,70,80,87,91,92,96,101,132,134" machi="92" ten="40,1300,0" yaku="1,1,53,0" doraHai="39" doraHaiUra="29" who="0" fromWho="3" sc="235,23,237,0,247,0,271,-13" /><INIT seed="2,0,0,0,3,88" ten="258,237,247,258" oya="2" hai0="1,73,92,93,63,3,43,8,59,85,97,25,48" hai1="129,61,127,36,21,13,33,50,84,118,81,28,56" hai2="66,15,55,70,82,78,19,49,38,30,52,102,104" hai3="83,14,135,7,69,116,114,53,76,65,99,79,37"/><V94/><F38/><W67/><G116/><T71/><D73/><U95/><E36/><V107/><F30/><W51/><G114/><T35/><D71/><U131/><E118/><V98/><F66/><N who="3" m="25099" /><G69/><T86/><D35/><U87/><E81/><V68/><F68/><W134/><G37/><T5/><D25/><N who="1" m="18575" /><E50/><V75/><F70/><W126/><G126/><T62/><D3/><U103/><E13/><V26/><F26/><W115/><G115/><T133/><D133/><N who="3" m="50697" /><G99/><T20/><D20/><U130/><E21/><V60/><F60/><W132/><G83/><T123/><D123/><U119/><E119/><V122/><F122/><W22/><N who="3" m="50705" /><W4/><DORA hai="101" /><G4/><T46/><D97/><N who="1" m="59839" /><E127/><V72/><F72/><W96/><G96/><T2/><D2/><U89/><E89/><V108/><F108/><W10/><G22/><T47/><D1/><U27/><E27/><V58/><F55/><AGARI ba="0,0" hai="55,56,61,84,87,129,130,131" m="59839,18575" machi="55" ten="30,2000,0" yaku="19,1,52,1" doraHai="88,101" who="1" fromWho="2" sc="258,0,237,20,247,-20,258,0" /><INIT seed="3,0,0,1,5,120" ten="258,257,227,258" oya="3" hai0="3,43,129,82,105,66,72,110,109,15,1,48,27" hai1="79,95,118,111,45,54,18,123,51,29,125,70,65" hai2="8,78,68,22,88,99,135,87,16,10,97,86,28" hai3="130,92,96,121,112,100,38,69,20,5,122,126,116"/><W71/><G116/><T115/><D115/><U106/><E118/><V101/><F68/><W91/><G112/><T76/><D129/><U104/><E123/><V34/><F135/><W53/><G130/><T31/><D105/><U89/><E79/><V55/><F28/><W124/><G38/><T14/><D66/><U84/><E125/><N who="3" m="48234" /><G5/><T0/><D48/><U113/><E29/><V59/><F34/><W83/><G20/><N who="0" m="15847" /><D43/><U81/><E111/><AGARI ba="0,0" hai="0,1,3,14,15,72,76,82,109,110,111" m="15847" machi="111" ten="40,8000,1" yaku="14,1,52,3" doraHai="120" who="0" fromWho="1" sc="258,80,257,-80,227,0,258,0" owari="338,43.0,177,-32.0,227,-17.0,258,6.0" /></mjloggm>