<mjloggm ver="2.3"><GO type="97" lobby="0"/><UN n0="%E3%81%AC%E3%81%98" n1="%E9%9B%80%E8%8D%98%E3%82%AA%E3%83%BC%E3%83%8A%E3%83%BC" n2="%73%79%75%68%65%31" n3="%E5%B0%B1%E6%B4%BB%E7%94%9F%40%E5%B7%9D%E6%9D%91%E8%BB%8D%E5%9B%A3" dan="15,13,15,13" rate="1963.32,1890.81,1985.53,1870.95" sx="M,M,M,M"/><TAIKYOKU oya="0"/><INIT seed="0,0,0,0,4,127" ten="250,250,250,250" oya="0" hai0="76,39,90,45,7,59,62,54,106,73,119,110,68" hai1="19,88,33,66,132,82,57,35,79,99,36,16,51" hai2="23,78,24,70,15,67,95,111,131,30,63,113,0" hai3="74,4,120,58,10,55,91,1,72,25,84,71,28"/><T108/><D119/><U61/><E36/><V12/><F113/><W32/><G71/><T77/><D106/><U41/><E132/><V80/><F111/><N who="0" m="42538" /><D7/><U100/><E35/><V83/><F0/><W117/><G117/><T50/><D73/><U123/><E33/><V128/><F95/><W26/><G120/><T125/><D125/><U65/><E123/><V27/><F27/><W81/><REACH who="3" step="1"/><G26/><REACH who="3" ten="250,250,250,240" step="2"/><T14/><D14/><U98/><E41/><V89/><F12/><W116/><G116/><T75/><D68/><U3/><E3/><V44/><F15/><W104/><G104/><T87/><D75/><U18/><E79/><V92/><F78/><W135/><G135/><T31/><D31/><U85/><E100/><V43/><F43/><W134/><G134/><T103/><D39/><U38/><E38/><V112/><F112/><W21/><G21/><T69/><D103/><U115/><E115/><V56/><F70/><W94/><G94/><N who="0" m="54623" /><D69/><U126/><E126/><V46/><F80/><W114/><G114/><T122/><D122/><U109/><E109/><V86/><REACH who="2" step="1"/><F92/><REACH who="2" ten="250,250,240,240" step="2"/><W5/><G5/><T118/><D118/><U64/><REACH who="1" step="1"/><E51/><AGARI ba="0,2" hai="1,4,10,25,28,32,51,55,58,72,74,81,84,91" machi="51" ten="30,2000,0" yaku="1,1,7,1,53,0" doraHai="127" doraHaiUra="93" who="3" fromWho="1" sc="250,0,250,-20,240,0,240,40" /><INIT seed="1,0,0,2,2,13" ten="250,230,240,280" oya="1" hai0="43,37,44,131,53,0,51,50,86,60,33,25,73" hai1="132,67,46,69,14,55,122,111,87,68,95,61,70" hai2="58,12,63,41,79,21,105,16,35,121,5,108,42" hai3="78,34,116,39,83,65,107,4,89,72,130,101,103"/><U76/><E122/><V96/><F121/><W84/><G39/><T75/><D73/><U97/><E132/><V90/><F108/><W48/><G34/><T92/><D0/><U82/><E111/><V128/><F35/><W49/><G116/><T135/><D75/><U56/><E46/><V106/><F128/><W124/><G124/><T112/><D25/><U17/><E55/><V102/><F106/><W9/><G130/><T2/><D2/><U88/><REACH who="1" step="1"/><E70/><REACH who="1" ten="250,220,240,280" step="2"/><V71/><F71/><W27/><G65/><T6/><D44/><U110/><E110/><V119/><F119/><W26/><G49/><T123/><D51/><U134/><E134/><V29/><F41/><W62/><G48/><T32/><D50/><U129/><E129/><V66/><F42/><W18/><G62/><T19/><D135/><U23/><AGARI ba="0,1" hai="14,17,23,56,61,67,68,69,76,82,87,88,95,97" machi="23" ten="20,12000,1" yaku="1,1,0,1,7,1,52,1,54,1,53,0" doraHai="13" doraHaiUra="126" who="1" fromWho="1" sc="250,-40,220,130,240,-40,280,-40" /><INIT seed="1,1,0,4,2,38" ten="210,350,200,240" oya="1" hai0="3,132,91,128,99,80,64,20,78,10,27,22,31" hai1="133,57,130,15,25,16,4,119,48,65,55,120,45" hai2="0,26,86,127,8,116,32,6,124,126,70,117,44" hai3="35,111,33,37,83,85,47,18,122,121,76,30,82"/><U54/><E120/><V110/><F86/><W29/><G111/><T1/><D132/><U114/><E119/><V2/><F44/><W68/><G68/><T93/><D128/><U100/><E114/><V84/><F84/><W69/><G69/><T134/><D134/><U19/><E130/><V115/><F70/><W67/><G67/><T62/><D10/><U129/><E133/><V11/><F110/><W41/><G18/><T46/><D22/><U95/><E129/><V101/><F101/><W60/><G60/><T36/><D36/><U63/><E4/><N who="2" m="1031" /><F115/><W23/><G23/><T92/><D93/><U118/><E118/><N who="2" m="45675" /><F26/><W56/><G56/><T104/><D104/><U98/><E25/><V72/><F72/><W52/><G52/><T43/><D62/><U24/><E24/><V71/><F71/><W113/><G113/><T42/><D64/><U50/><REACH who="1" step="1"/><E15/><REACH who="1" ten="210,340,200,240" step="2"/><V74/><F74/><W13/><G121/><T28/><D3/><U106/><E106/><V34/><AGARI ba="1,1" hai="2,6,11,32,34,124,126,127" m="45675,1031" machi="34" ten="40,8000,1" yaku="18,1,23,1,34,2" doraHai="38" who="2" fromWho="2" sc="210,-21,340,-41,200,93,240,-21" /><INIT seed="2,0,0,0,0,77" ten="189,299,293,219" oya="2" hai0="30,106,32,89,101,47,49,82,107,87,9,135,108" hai1="65,5,53,60,59,102,117,123,134,126,110,121,86" hai2="105,74,73,68,52,118,80,92,85,69,54,109,125" hai3="26,44,91,111,88,84,79,8,96,15,127,27,128"/><V115/><F118/><W40/><G127/><T43/><D135/><U13/><E117/><V14/><F105/><W98/><G128/><T1/><D108/><U133/><E126/><V29/><F125/><W0/><G0/><T37/><D30/><U122/><E110/><V28/><F115/><W72/><G111/><T4/><D32/><U25/><E102/><V94/><F109/><W95/><G72/><N who="2" m="27753" /><F14/><W42/><G79/><T90/><D101/><U51/><E25/><N who="3" m="9226" /><G44/><T10/><D9/><N who="1" m="4271" /><E86/><V21/><F21/><W20/><G20/><T57/><D57/><AGARI ba="0,0" hai="51,53,57,59,60,65,121,122,123,133,134" m="4271" machi="57" ten="30,1000,0" yaku="13,1" doraHai="77" who="1" fromWho="0" sc="189,-10,299,10,293,0,219,0" /><INIT seed="3,0,0,1,4,16" ten="179,309,293,219" oya="3" hai0="100,18,61,129,21,1,38,24,7,96,14,94,22" hai1="55,112,13,95,29,33,42,67,91,65,3,23,115" hai2="134,46,41,105,81,76,20,5,9,85,114,104,83" hai3="59,35,102,62,12,88,66,127,135,56,26,108,4"/><W72/><G72/><T44/><D129/><U131/><E33/><V79/><F134/><W48/><G102/><T31/><D1/><U113/><E3/><V34/><F34/><W87/><G135/><T39/><D7/><U36/><E36/><V125/><F125/><W90/><G127/><T124/><D124/><U110/><E131/><V68/><F68/><W43/><G108/><T53/><REACH who="0" step="1"/><D61/><REACH who="0" ten="169,309,293,219" step="2"/><U74/><E115/><V57/><F114/><W132/><G132/><T118/><D118/><U30/><E113/><V98/><F104/><W69/><G35/><T80/><D80/><U92/><E112/><V15/><F105/><W119/><G119/><T117/><D117/><U78/><E110/><V0/><F0/><W2/><G2/><T17/><D17/><N who="1" m="10671" /><E95/><V73/><F98/><W27/><G69/><T11/><D11/><U58/><E92/><V111/><F111/><W121/><G121/><T32/><D32/><U70/><E70/><V123/><F20/><W49/><G62/><T37/><D37/><U86/><E30/><V10/><F123/><W25/><G4/><T40/><D40/><U89/><E29/><V47/><F10/><W6/><G43/><T63/><D63/><N who="1" m="36319" /><E42/><V52/><F41/><W8/><G66/><N who="1" m="25098" /><E74/><V93/><F93/><N who="3" m="54431" /><G90/><T45/><D45/><U128/><E128/><V133/><F133/><W64/><G64/><T82/><D82/><AGARI ba="0,1" hai="78,82,86,89,91" m="25098,36319,10671" machi="82" ten="30,2000,0" yaku="8,1,52,1" doraHai="16" who="1" fromWho="0" sc="169,-20,309,30,293,0,219,0" owari="149,-35.0,339,44.0,293,9.0,219,-18.0" /></mjloggm>