<mjloggm ver="2.3"><GO type="41" lobby="0"/><UN n0="%E3%82%82%E3%82%81%E3%82%93%E3%81%AA%E3%81%A1%E3%82%83%E3%81%84" n1="%E5%B0%B1%E6%B4%BB%E7%94%9F%40%E5%B7%9D%E6%9D%91%E8%BB%8D%E5%9B%A3" n2="%73%7A%6B%73%68%6F%33" n3="%61%72%6F%65%35%2E" dan="15,14,13,16" rate="2003.82,1989.70,1851.72,2061.21" sx="F,M,M,M"/><TAIKYOKU oya="0"/><INIT seed="0,0,0,2,1,99" ten="250,250,250,250" oya="0" hai0="79,72,52,3,109,67,87,46,15,78,17,106,59" hai1="2,50,134,44,133,12,86,97,28,43,64,5,49" hai2="102,83,0,132,32,29,7,91,71,56,16,4,111" hai3="88,9,96,14,68,38,100,6,61,95,90,93,101"/><T128/><D128/><U98/><E2/><V110/><F71/><W129/><G38/><T41/><D67/><U92/><E28/><V57/><F32/><W131/><G68/><T58/><D3/><U62/><E50/><V82/><F29/><W80/><G61/><T36/><D106/><U45/><E45/><V23/><F132/><N who="1" m="50793" /><E86/><V89/><F0/><W55/><G55/><T127/><D127/><U18/><E92/><V108/><F102/><W119/><G119/><T66/><D66/><U35/><E5/><N who="2" m="2123" /><F23/><W1/><G80/><N who="2" m="30761" /><F16/><W37/><G37/><T113/><D72/><U33/><E33/><V117/><F117/><W75/><G75/><T121/><D121/><U116/><E35/><V112/><F112/><W122/><G122/><T103/><D113/><U76/><E76/><V104/><F104/><W53/><G53/><T42/><D42/><U27/><E27/><V22/><F22/><W20/><G20/><T39/><D39/><U19/><E116/><V11/><F11/><W24/><G24/><T74/><D74/><U70/><E19/><V114/><F114/><W115/><G115/><T31/><D31/><U8/><AGARI ba="0,0" hai="8,12,18,43,44,49,62,64,70,97,98" m="50793" machi="8" ten="30,1100,0" yaku="20,1" doraHai="99" who="1" fromWho="1" sc="250,-5,250,11,250,-3,250,-3" /><INIT seed="1,0,0,2,4,44" ten="245,261,247,247" oya="1" hai0="88,77,41,92,98,38,30,5,65,51,113,102,47" hai1="112,133,132,61,26,130,89,94,71,37,127,19,134" hai2="59,17,135,78,28,107,6,125,100,80,60,39,66" hai3="85,22,4,93,69,27,95,15,104,120,34,49,10"/><U122/><E37/><V40/><F135/><W48/><G120/><T111/><D113/><U83/><E112/><V3/><F125/><W87/><G69/><T54/><D111/><U105/><E105/><V86/><F28/><W99/><G34/><T18/><D77/><U101/><E122/><V74/><F17/><N who="3" m="12751" /><G104/><T67/><D5/><U121/><E121/><V96/><F3/><W12/><G15/><T53/><D30/><U91/><E127/><V24/><F24/><W81/><G95/><N who="0" m="58719" /><D38/><U14/><E26/><V9/><F9/><W33/><G33/><T90/><D90/><U31/><E31/><V58/><F6/><W103/><G87/><N who="0" m="52255" /><D18/><U45/><E83/><V42/><F39/><W106/><G106/><T72/><D72/><U70/><E101/><V29/><F29/><W68/><G68/><T25/><D25/><U62/><E91/><AGARI ba="0,0" hai="4,10,12,48,49,81,85,91,93,99,103" m="12751" machi="91" ten="30,3900,0" yaku="8,1,52,2" doraHai="44" who="3" fromWho="1" sc="245,0,261,-39,247,0,247,39" /><INIT seed="2,0,0,5,1,88" ten="245,222,247,286" oya="2" hai0="8,9,50,91,68,80,131,102,89,129,38,104,52" hai1="107,49,63,71,109,11,20,69,100,127,79,21,84" hai2="2,10,61,73,116,77,115,98,41,62,95,86,34" hai3="135,113,44,29,105,0,85,37,22,28,125,15,99"/><V60/><F116/><W42/><G0/><T75/><D68/><U53/><E127/><V87/><F115/><W40/><G125/><T14/><D38/><U130/><E130/><N who="0" m="49673" /><D104/><U24/><E109/><V124/><F34/><W108/><G113/><T106/><D106/><U39/><E39/><V32/><F32/><W47/><G108/><T7/><D102/><U54/><E11/><V13/><F2/><W132/><G85/><T65/><D65/><U112/><E112/><V64/><F124/><W119/><G119/><T67/><D67/><U31/><E107/><V111/><F111/><W110/><G110/><T122/><D122/><U25/><E100/><V56/><F73/><W45/><G45/><N who="0" m="27727" /><D9/><U43/><E43/><V17/><F41/><W35/><G105/><T58/><D58/><U128/><E128/><V78/><F86/><W103/><G40/><T1/><D1/><U23/><E69/><V93/><F77/><AGARI ba="0,0" hai="7,8,14,75,77,80,89,91" m="27727,49673" machi="77" ten="30,2000,0" yaku="19,1,54,1" doraHai="88" who="0" fromWho="2" sc="245,20,222,0,247,-20,286,0" /><INIT seed="3,0,0,5,4,36" ten="265,222,227,286" oya="3" hai0="94,30,99,115,96,97,104,129,61,135,65,41,102" hai1="78,120,125,98,90,110,91,117,133,4,107,126,132" hai2="26,42,59,101,47,34,37,14,121,103,15,68,108" hai3="38,73,89,85,77,74,52,19,81,66,46,35,51"/><W127/><G35/><T118/><D118/><U92/><E4/><V54/><F108/><W87/><G127/><N who="1" m="48650" /><E117/><V28/><F121/><W1/><G1/><T29/><D135/><N who="1" m="51787" /><E120/><V80/><F68/><W40/><G66/><T23/><D99/><U105/><E110/><V8/><F80/><W56/><REACH who="3" step="1"/><G19/><REACH who="3" ten="265,222,227,276" step="2"/><T71/><D65/><U18/><E18/><V86/><F86/><W7/><G7/><T95/><D97/><N who="1" m="57495" /><E78/><V130/><F130/><W93/><AGARI ba="0,1" hai="38,40,46,51,52,56,73,74,77,81,85,87,89,93" machi="93" ten="20,18000,2" yaku="1,1,0,1,7,1,52,1,54,1,53,1" doraHai="36" doraHaiUra="44" who="3" fromWho="3" sc="265,-60,222,-60,227,-60,276,190" /><INIT seed="3,1,0,5,4,4" ten="205,162,167,466" oya="3" hai0="95,123,8,68,19,39,23,77,37,71,105,116,67" hai1="48,128,84,33,88,82,102,92,30,52,53,25,32" hai2="129,43,13,29,11,34,59,93,130,131,111,12,63" hai3="96,5,125,64,126,45,69,101,31,94,65,60,115"/><W7/><G115/><T118/><D105/><U46/><E128/><V38/><F111/><W40/><G64/><T119/><D123/><U15/><E33/><V61/><F38/><W21/><G31/><T0/><D77/><U54/><E102/><V44/><F93/><W51/><REACH who="3" step="1"/><G21/><REACH who="3" ten="205,162,167,456" step="2"/><T42/><D67/><U58/><E58/><V75/><F29/><W83/><G83/><T14/><D23/><U57/><E57/><V41/><F34/><W91/><G91/><T66/><D66/><U97/><E97/><V24/><F131/><W9/><G9/><T110/><D119/><U114/><E114/><V72/><F44/><W90/><G90/><T28/><D28/><U17/><E92/><V98/><F98/><W56/><G56/><T103/><D95/><U100/><E100/><V104/><F59/><W79/><G79/><T108/><D103/><U89/><E89/><V22/><F22/><AGARI ba="1,1" hai="15,17,22,25,30,32,46,48,52,53,54,82,84,88" machi="22" ten="30,3900,0" yaku="7,1,54,2" doraHai="4" who="1" fromWho="2" sc="205,0,162,52,167,-42,456,0" /><INIT seed="4,0,0,1,1,89" ten="205,214,125,456" oya="0" hai0="106,90,100,93,73,117,34,125,9,68,96,63,30" hai1="80,44,95,128,130,33,77,72,75,78,23,52,38" hai2="76,56,82,18,0,11,133,27,132,105,65,7,135" hai3="2,45,28,104,71,134,85,16,92,43,37,20,8"/><T13/><D117/><U121/><E33/><V50/><F105/><W19/><G104/><T57/><D73/><U32/><E32/><V99/><F99/><W87/><G71/><T110/><D125/><U102/><E38/><V84/><F65/><W66/><G66/><T41/><D41/><U120/><E23/><V124/><F124/><W79/><G134/><T10/><D68/><U21/><E21/><V53/><F27/><W74/><G74/><T113/><D113/><U127/><E44/><V62/><REACH who="2" step="1"/><F18/><REACH who="2" ten="205,214,115,456" step="2"/><W40/><G16/><T12/><D106/><U103/><E127/><V126/><F126/><W69/><G19/><T122/><D96/><U101/><E121/><V116/><F116/><W26/><G26/><T6/><D122/><U107/><E120/><V86/><F86/><W5/><G85/><T129/><D129/><U88/><E107/><V22/><F22/><W123/><G87/><T47/><D110/><U4/><E75/><V91/><F91/><W109/><G20/><T60/><D90/><U131/><E77/><V54/><F54/><W98/><G79/><T115/><D34/><U111/><E111/><V81/><F81/><W31/><G109/><T58/><D115/><U46/><E52/><V3/><F3/><W35/><G35/><T36/><D100/><U24/><E24/><V118/><F118/><W97/><G123/><T55/><D55/><U83/><E83/><V14/><F14/><W108/><G108/><T59/><D13/><U17/><E17/><V94/><F94/><W51/><G92/><T64/><D12/><U61/><E130/><RYUUKYOKU ba="0,1" sc="205,-10,214,-10,115,30,456,-10" hai2="0,7,11,50,53,56,62,76,82,84,132,133,135" /><INIT seed="5,1,1,1,4,131" ten="195,204,145,446" oya="1" hai0="108,5,106,112,133,119,78,52,74,82,46,84,32" hai1="63,128,62,39,85,115,125,51,28,55,81,22,0" hai2="88,103,9,31,109,105,12,118,107,38,110,56,72" hai3="37,77,59,86,48,30,34,99,20,104,117,98,68"/><U19/><E128/><V121/><F121/><W35/><G37/><T58/><D108/><U90/><E39/><V57/><F118/><W132/><G68/><T135/><D119/><U91/><E115/><V4/><F38/><W71/><G71/><T79/><D112/><U80/><E125/><V44/><F72/><W87/><G59/><T54/><D106/><U49/><E0/><V26/><F44/><W134/><G117/><T67/><D32/><U33/><E33/><V61/><F103/><N who="3" m="62583" /><G48/><N who="0" m="28951" /><D67/><U16/><E28/><V114/><F114/><W2/><G2/><T50/><D5/><U1/><E1/><V75/><F75/><W100/><G20/><T122/><D122/><U11/><E11/><V40/><F40/><W116/><G116/><T25/><D25/><U94/><E19/><V53/><F109/><W13/><G13/><T93/><D93/><U101/><E101/><V14/><F14/><W18/><G18/><T96/><D96/><N who="1" m="57431" /><E80/><V42/><F42/><W69/><G69/><T64/><D64/><U120/><E120/><V27/><F110/><W66/><G66/><T97/><D97/><U60/><E55/><V6/><F6/><W3/><G3/><T123/><D123/><U65/><E65/><V95/><F56/><W43/><G43/><T130/><D130/><U36/><E36/><V21/><REACH who="2" step="1"/><F27/><AGARI ba="1,1" hai="16,22,27,49,51,60,62,63,81,85,91" m="57431" machi="27" ten="30,2900,0" yaku="8,1,54,1" doraHai="131" who="1" fromWho="2" sc="195,0,204,42,145,-32,446,0" /><INIT seed="5,2,0,1,1,130" ten="195,246,113,446" oya="1" hai0="23,16,82,67,69,84,107,10,72,12,45,14,4" hai1="3,36,58,65,125,49,40,56,100,101,121,29,88" hai2="42,66,34,62,128,60,114,120,118,20,50,57,70" hai3="86,53,96,97,78,26,93,47,17,133,79,113,38"/><U51/><E3/><V95/><F34/><W111/><G111/><T64/><D107/><U99/><E121/><V32/><F32/><W126/><G126/><T18/><D72/><U41/><E125/><V11/><F11/><W129/><G129/><T1/><D69/><U13/><E36/><V71/><F20/><N who="3" m="13583" /><G38/><T24/><D45/><U55/><E29/><V75/><F75/><W124/><G113/><T77/><REACH who="0" step="1"/><D1/><REACH who="0" ten="185,246,113,446" step="2"/><U22/><E41/><V109/><F128/><W76/><G47/><T5/><D5/><U43/><E43/><V30/><F109/><W89/><G124/><T92/><D92/><N who="1" m="56711" /><E40/><V94/><F120/><W104/><G104/><T68/><D68/><U112/><E112/><V19/><F114/><W52/><G93/><T9/><AGARI ba="2,1" hai="4,9,10,12,14,16,18,23,24,64,67,77,82,84" machi="9" ten="20,8000,1" yaku="1,1,0,1,7,1,8,1,54,1,53,0" doraHai="130" doraHaiUra="44" who="0" fromWho="0" sc="185,96,246,-42,113,-22,446,-22" /><INIT seed="6,0,0,0,1,124" ten="281,204,91,424" oya="2" hai0="50,18,92,89,7,52,16,31,99,6,102,38,34" hai1="84,32,24,116,59,9,17,87,54,90,103,76,19" hai2="125,8,135,68,117,104,91,21,71,23,78,25,110" hai3="37,61,120,27,42,35,2,123,64,81,46,15,127"/><V41/><F117/><W108/><G108/><T43/><D38/><U5/><E116/><V131/><F125/><W48/><G2/><T97/><D43/><U22/><E103/><V13/><F110/><W63/><G127/><T74/><D74/><U53/><E32/><V55/><F104/><W57/><G81/><T4/><D31/><U133/><E133/><V70/><F135/><W95/><G37/><T51/><D51/><U100/><E100/><V77/><F41/><W122/><G95/><N who="0" m="58687" /><D34/><U33/><E33/><V29/><F131/><W98/><G98/><T1/><D1/><U85/><E76/><V106/><F106/><W80/><G80/><T111/><D111/><U112/><E112/><V39/><F39/><W93/><G93/><T20/><D20/><U129/><E129/><V118/><F118/><W56/><G15/><T58/><AGARI ba="0,0" hai="4,6,7,16,18,50,52,58,89,92,99" m="58687" machi="58" ten="30,4000,0" yaku="8,1,54,2" doraHai="124" who="0" fromWho="0" sc="281,40,204,-10,91,-20,424,-10" /><INIT seed="7,0,0,4,0,96" ten="321,194,71,414" oya="3" hai0="132,4,25,69,22,30,47,28,78,134,2,52,118" hai1="107,125,46,128,108,100,42,87,63,80,11,3,116" hai2="117,91,74,123,105,65,27,39,67,31,43,86,10" hai3="95,29,81,56,60,126,23,111,115,55,133,127,129"/><W59/><G133/><T44/><D118/><U18/><E116/><V38/><F74/><W106/><G106/><T61/><D78/><U119/><E108/><V104/><F117/><W53/><G111/><T68/><D2/><U98/><E128/><V88/><F123/><W121/><G121/><T12/><D30/><U83/><E83/><V35/><F10/><W19/><G129/><T114/><D114/><U58/><E119/><V130/><F130/><W70/><G115/><T76/><D76/><U89/><E125/><N who="3" m="47626" /><G29/><T124/><D124/><U32/><E32/><V54/><F54/><N who="3" m="20491" /><G81/><T7/><D61/><U41/><E46/><V21/><F35/><W85/><G85/><T66/><D66/><U90/><E90/><V93/><F91/><W84/><G84/><T122/><D122/><U57/><E57/><V120/><F120/><W45/><G45/><T33/><D47/><U9/><E87/><V75/><F75/><W48/><G48/><T13/><D33/><U73/><E89/><V14/><F14/><N who="3" m="9719" /><G95/><T17/><D68/><U97/><E80/><V6/><F6/><W102/><G102/><T109/><D69/><U82/><E82/><V131/><F131/><W16/><G16/><T34/><D109/><U79/><E73/><V20/><F20/><W62/><G62/><T50/><REACH who="0" step="1"/><D13/><REACH who="0" ten="311,194,71,414" step="2"/><U24/><E79/><V37/><F43/><W51/><G70/><T15/><D15/><U26/><E41/><V112/><F112/><W40/><G60/><T113/><D113/><U72/><E42/><V94/><F94/><W135/><G40/><T0/><D0/><RYUUKYOKU ba="0,1" sc="311,15,194,-15,71,15,414,-15" hai0="4,7,12,17,22,25,28,34,44,50,52,132,134" hai2="21,27,31,37,38,39,65,67,86,88,93,104,105" owari="326,13.0,179,-22.0,86,-41.0,409,50.0" /></mjloggm>