<mjloggm ver="2.3"><GO type="97" lobby="0"/><UN n0="%E3%82%AF%E3%82%AA%E3%83%AA%E3%83%86%E3%82%A3%E3%82%BF%E3%82%B3%E3%82%B9" n1="%E3%82%A6%E3%83%AB%E3%83%88%E3%83%A9%E7%AB%8B%E7%9B%B4" n2="%E3%82%BD%E3%83%A9%EF%BC%A0%E6%8C%AF%E8%BE%BC%E5%B8%AB" n3="%E3%81%8A%E3%82%84%E3%82%93%E3%81%9F" dan="15,14,14,13" rate="2003.14,1975.12,1941.89,1882.35" sx="M,M,M,M"/><TAIKYOKU oya="0"/><INIT seed="0,0,0,0,4,86" ten="250,250,250,250" oya="0" hai0="2,78,111,24,102,121,101,28,7,130,63,129,10" hai1="52,103,131,57,106,18,95,120,6,70,62,49,69" hai2="3,80,85,56,133,132,104,71,65,123,94,109,116" hai3="72,15,128,41,53,19,47,90,46,0,66,36,112"/><T26/><D121/><U107/><E6/><V124/><F3/><W38/><G0/><T75/><D111/><U88/><E120/><V108/><F104/><W5/><G72/><T34/><D26/><U40/><E131/><N who="0" m="50185" /><D63/><U43/><E103/><N who="0" m="39433" /><D78/><U97/><E106/><V127/><F94/><W81/><G5/><T96/><D96/><U91/><E107/><V11/><F11/><W92/><G128/><T89/><D75/><U99/><E18/><V83/><F71/><W110/><G110/><N who="2" m="42601" /><F85/><W84/><G112/><T119/><D119/><U93/><E70/><V67/><F56/><W79/><G66/><AGARI ba="0,0" hai="40,43,49,52,57,62,66,69,88,91,93,95,97,99" machi="66" ten="40,8000,1" yaku="9,1,52,2,54,2" doraHai="86" who="1" fromWho="3" sc="250,0,250,80,250,0,250,-80" /><INIT seed="1,0,0,0,0,94" ten="250,330,250,170" oya="1" hai0="13,56,28,118,20,104,135,88,64,79,109,107,84" hai1="119,42,0,33,11,130,40,86,31,39,122,77,7" hai2="83,120,65,32,110,17,49,35,90,25,23,134,95" hai3="121,12,112,15,29,58,69,105,21,41,45,61,22"/><U24/><E42/><V85/><F120/><W66/><G121/><T76/><D118/><U91/><E122/><V101/><F134/><W55/><G112/><T54/><D109/><U2/><E119/><V100/><F110/><W123/><G123/><T132/><D64/><U133/><E133/><N who="0" m="51273" /><D13/><U99/><E130/><V52/><F65/><W59/><G105/><N who="0" m="40523" /><D20/><U4/><E40/><V126/><F126/><W6/><G29/><T125/><D28/><U38/><E77/><N who="2" m="46319" /><F32/><W71/><G6/><T78/><D125/><U74/><E74/><V14/><F35/><W10/><G10/><T51/><D78/><U117/><E117/><V3/><F3/><W98/><G69/><T30/><D30/><U72/><E72/><V16/><F17/><W89/><G22/><T92/><AGARI ba="0,0" hai="51,54,56,76,79,84,88,92" m="40523,51273" machi="92" ten="30,2000,0" yaku="20,1,54,1" doraHai="94" who="0" fromWho="0" sc="250,20,330,-10,250,-5,170,-5" /><INIT seed="2,0,0,3,4,83" ten="270,320,245,165" oya="2" hai0="24,22,123,37,56,64,18,126,66,65,53,70,1" hai1="58,16,98,43,3,80,101,31,120,27,49,125,96" hai2="23,102,112,60,128,68,30,45,107,25,111,106,44" hai3="21,63,40,94,11,39,74,8,5,122,108,13,105"/><V52/><F112/><W104/><G122/><T72/><D123/><U67/><E3/><V118/><F118/><W51/><G108/><T114/><D114/><U28/><E125/><V6/><F128/><W113/><G113/><T91/><D72/><U78/><E120/><V129/><F129/><W38/><G74/><T90/><D37/><U87/><E98/><V33/><F111/><W79/><G79/><T12/><D1/><U57/><E43/><V7/><F106/><W89/><G63/><N who="0" m="36239" /><D70/><U124/><E124/><V17/><F7/><W110/><G110/><T61/><D126/><U97/><E97/><V119/><F119/><W9/><G39/><T41/><D41/><U46/><E46/><V86/><F6/><W2/><G38/><T117/><D117/><U76/><E76/><V34/><F34/><W116/><G116/><T36/><D36/><U130/><E57/><V32/><F32/><W71/><G71/><T99/><D61/><N who="1" m="38327" /><E49/><V19/><F33/><W135/><G105/><T54/><D54/><U50/><E50/><V85/><F68/><W73/><G73/><T20/><D99/><U62/><E62/><V103/><F107/><W109/><G104/><T131/><D131/><U26/><E96/><V132/><F132/><W134/><G109/><T100/><D100/><N who="2" m="38442" /><F44/><W95/><G21/><T10/><D22/><N who="1" m="13639" /><E101/><V59/><F45/><N who="3" m="26023" /><G2/><T93/><D93/><N who="3" m="35337" /><G89/><T127/><D127/><U77/><E130/><V69/><F69/><W75/><G75/><T88/><D90/><U4/><E78/><V82/><F82/><W92/><N who="3" m="35345" /><W55/><DORA hai="15" /><G55/><RYUUKYOKU ba="0,0" sc="270,10,320,-30,245,10,165,10" hai0="10,12,18,20,24,64,65,66,88,91" hai2="17,19,23,25,30,52,59,60,85,86" hai3="5,8,9,11,13,134,135" /><INIT seed="2,1,0,4,2,41" ten="280,290,255,175" oya="2" hai0="91,95,12,77,113,106,101,32,93,2,79,45,61" hai1="130,54,49,1,118,42,120,18,114,51,6,102,131" hai2="37,36,25,38,68,78,11,66,97,0,105,50,15" hai3="55,58,13,7,22,108,24,119,19,127,62,9,69"/><V129/><F0/><W10/><G119/><T72/><D2/><U100/><E118/><V94/><F129/><N who="1" m="49161" /><E114/><V31/><F78/><W16/><G127/><T14/><D32/><U26/><E120/><V124/><F124/><W96/><G108/><T88/><D106/><U3/><E3/><V103/><F50/><W121/><G121/><T90/><D72/><U29/><E18/><V125/><F125/><W82/><G69/><T33/><D33/><U57/><E6/><V52/><F52/><W71/><G71/><T4/><D61/><U115/><E1/><V67/><F94/><N who="0" m="35850" /><D101/><U5/><E5/><V73/><F73/><W117/><G117/><T98/><D98/><U104/><E104/><V47/><F47/><W85/><G96/><T74/><D74/><U35/><E115/><V92/><F92/><W123/><G123/><T134/><D45/><AGARI ba="1,0" hai="26,29,35,42,45,49,51,54,57,100,102" m="49161" machi="45" ten="30,2000,0" yaku="19,1,52,1" doraHai="41" who="1" fromWho="0" sc="280,-23,290,23,255,0,175,0" /><INIT seed="3,0,0,0,3,132" ten="257,313,255,175" oya="3" hai0="128,10,56,100,93,105,92,54,0,111,87,49,134" hai1="120,61,74,76,101,52,81,88,42,82,130,79,19" hai2="86,62,22,44,51,71,110,129,59,123,7,104,115" hai3="30,35,50,113,89,58,117,60,45,37,90,83,85"/><W39/><G117/><T97/><D134/><U25/><E42/><V84/><F104/><W40/><G113/><T1/><D111/><U48/><E101/><V118/><F71/><W2/><G2/><T91/><D128/><U69/><E120/><V21/><F123/><W18/><G90/><T3/><REACH who="0" step="1"/><D10/><REACH who="0" ten="247,313,255,175" step="2"/><U16/><E130/><V46/><F110/><W72/><G72/><T23/><D23/><N who="2" m="8714" /><F129/><W32/><G30/><T53/><D53/><U27/><E74/><V15/><F118/><W70/><G18/><T67/><D67/><U95/><E16/><V98/><F115/><W63/><G39/><T103/><D103/><U78/><E19/><V24/><F98/><W36/><G36/><T80/><AGARI ba="0,1" hai="0,1,3,49,54,56,80,87,91,92,93,97,100,105" machi="80" ten="30,2000,0" yaku="1,1,0,1,53,0" doraHai="132" doraHaiUra="126" who="0" fromWho="0" sc="247,30,313,-5,255,-5,175,-10" owari="277,8.0,308,40.0,250,-15.0,165,-33.0" /></mjloggm>