<mjloggm ver="2.3"><GO type="97" lobby="0"/><UN n0="%E5%B0%B1%E6%B4%BB%E7%94%9F%40%E5%B7%9D%E6%9D%91%E8%BB%8D%E5%9B%A3" n1="%E7%9F%A5%E3%82%89%E3%82%93%E3%81%97" n2="%4C%55%43%4B%59%3F" n3="%E6%BA%80%E8%B2%AB%E3%83%9F%E3%83%83%E3%83%89%E3%83%8A%E3%82%A4%E3%83%88" dan="13,14,16,13" rate="1849.57,1850.49,1998.63,1848.81" sx="M,F,M,M"/><TAIKYOKU oya="0"/><INIT seed="0,0,0,0,2,128" ten="250,250,250,250" oya="0" hai0="83,23,99,7,53,89,57,35,134,82,65,55,86" hai1="102,4,50,60,21,112,87,85,84,115,45,0,114" hai2="20,93,41,94,116,3,8,76,110,6,66,135,103" hai3="108,26,80,111,131,28,2,32,105,132,109,52,104"/><T130/><D134/><U75/><E75/><V117/><F41/><W74/><G131/><T56/><D35/><U91/><E102/><V9/><F76/><N who="3" m="44055" /><G2/><T71/><D130/><U119/><E119/><V44/><F44/><W127/><G127/><T39/><D39/><U118/><E118/><N who="2" m="45675" /><F66/><W69/><G69/><T18/><D71/><U17/><E60/><V77/><F77/><W101/><G101/><T95/><D7/><U62/><E62/><V37/><F37/><W54/><G132/><T38/><D38/><U14/><E91/><V13/><F103/><W58/><G58/><N who="0" m="22635" /><D65/><U125/><E125/><V133/><F110/><N who="3" m="28163" /><W51/><DORA hai="1" /><G51/><T78/><D83/><U100/><E100/><V30/><F94/><W31/><G28/><T67/><D67/><U27/><E0/><V36/><F93/><W19/><G19/><T120/><D120/><U122/><E122/><V42/><F42/><W64/><G64/><T88/><D78/><U81/><E81/><V107/><F107/><AGARI ba="0,0" hai="26,31,32,52,54,104,105,107" m="28163,44055" machi="107" ten="40,2600,0" yaku="14,1,54,1" doraHai="128,1" who="3" fromWho="2" sc="250,0,250,0,250,-26,250,26" /><INIT seed="1,0,0,4,0,42" ten="250,250,224,276" oya="1" hai0="36,25,93,62,96,119,97,68,0,130,14,86,10" hai1="110,128,105,98,77,114,112,94,111,117,131,127,81" hai2="89,115,99,44,49,45,40,3,27,71,103,90,50" hai3="79,8,52,124,80,88,85,41,109,63,13,43,34"/><U100/><E127/><V67/><F3/><W54/><G34/><T16/><D36/><U38/><E117/><V91/><F115/><N who="1" m="44073" /><E38/><V113/><F113/><W123/><G109/><N who="1" m="41482" /><E94/><V29/><F71/><W64/><G123/><T108/><D119/><U11/><E11/><V83/><F67/><W102/><G102/><T74/><D74/><AGARI ba="0,0" hai="74,77,81,98,100,105,128,131" m="41482,44073" machi="74" ten="30,12000,1" yaku="14,1,10,1,23,1,34,2" doraHai="42" who="1" fromWho="0" sc="250,-120,250,120,224,0,276,0" /><INIT seed="1,1,0,1,3,123" ten="130,370,224,276" oya="1" hai0="33,78,61,60,75,58,1,39,4,109,83,44,103" hai1="114,89,21,98,110,66,81,47,106,102,15,65,32" hai2="68,14,45,54,82,118,107,42,113,26,93,104,112" hai3="5,79,53,64,69,115,46,97,36,43,101,86,29"/><U22/><E114/><V91/><F68/><W108/><G115/><N who="2" m="44105" /><F118/><W2/><G53/><T62/><D33/><U135/><E32/><V74/><F54/><W52/><G52/><T3/><D103/><U87/><E47/><V31/><F14/><W121/><G121/><T105/><D105/><U12/><E135/><V18/><F18/><W50/><G50/><T19/><D19/><U20/><E15/><V63/><F63/><W132/><G29/><T99/><D99/><U120/><E12/><V134/><F134/><W9/><G132/><T28/><D28/><U30/><E120/><V7/><F7/><W40/><G40/><T95/><D95/><U0/><E0/><V125/><F125/><W11/><G11/><T67/><D3/><U57/><E30/><V85/><F82/><W131/><G131/><T51/><D51/><U100/><E102/><V80/><F93/><W35/><G35/><T119/><D119/><U24/><E24/><V90/><F74/><W70/><G64/><T34/><D34/><U73/><E73/><V111/><F91/><W27/><G27/><T59/><D59/><U117/><E117/><V124/><F124/><W38/><G38/><T56/><D56/><U128/><E128/><V49/><F107/><N who="3" m="63919" /><G69/><T88/><D88/><U23/><E66/><V17/><F104/><W55/><G70/><T94/><D94/><U130/><E130/><V116/><F116/><W122/><G55/><T25/><D25/><U10/><E10/><V77/><F17/><W96/><G96/><T8/><D109/><U126/><E126/><V48/><F31/><RYUUKYOKU ba="1,0" sc="130,30,370,-10,224,-10,276,-10" hai0="1,4,8,39,44,58,60,61,62,67,75,78,83" /><INIT seed="2,2,0,2,3,32" ten="160,360,214,266" oya="2" hai0="19,66,97,72,61,53,131,31,20,3,127,14,86" hai1="62,2,21,115,34,37,44,90,7,39,84,38,18" hai2="67,12,87,9,6,75,48,8,133,73,125,49,102" hai3="108,128,109,74,107,93,56,103,5,59,78,51,40"/><V79/><F102/><W82/><G107/><T98/><D72/><U69/><E115/><V29/><F133/><W26/><G5/><T122/><D122/><U15/><E34/><V11/><F125/><W92/><G128/><T4/><D131/><U45/><E69/><V70/><F29/><W134/><G26/><T10/><D127/><U25/><E25/><V81/><F75/><W24/><G24/><T43/><D43/><U36/><E62/><V130/><F73/><W60/><G134/><T110/><D110/><N who="3" m="42601" /><G103/><T52/><D31/><U27/><E27/><V112/><F112/><W65/><G56/><T42/><D42/><U76/><E76/><V106/><F106/><W30/><G30/><T1/><D1/><U0/><E7/><V119/><F119/><W54/><G40/><T77/><D97/><U22/><E22/><V80/><F130/><W64/><G60/><T105/><D98/><U123/><E123/><V89/><F67/><AGARI ba="2,0" hai="51,54,59,64,65,67,74,78,82,92,93" m="42601" machi="67" ten="30,1000,0" yaku="14,1" doraHai="32" who="3" fromWho="2" sc="160,0,360,0,214,-16,266,16" /><INIT seed="3,0,0,1,5,0" ten="160,360,198,282" oya="3" hai0="121,59,103,22,108,125,66,20,89,1,64,57,65" hai1="120,16,82,83,112,68,41,62,98,8,91,31,95" hai2="90,132,111,39,54,24,118,72,29,40,50,44,21" hai3="36,104,55,49,110,32,80,71,14,114,53,79,28"/><W48/><G104/><T117/><D1/><U127/><E120/><V135/><F72/><W13/><G36/><T73/><D117/><U12/><E112/><V78/><F78/><W86/><G71/><T60/><D73/><U25/><E127/><V7/><F118/><W134/><G114/><T115/><D115/><U85/><E68/><V77/><F77/><W51/><G134/><T34/><D121/><U58/><E41/><V30/><F111/><W92/><G110/><T37/><D37/><U3/><E85/><V56/><F90/><W124/><G124/><T102/><D34/><U75/><E3/><V61/><F30/><W45/><G32/><T33/><D33/><U46/><E46/><V17/><F29/><W123/><G123/><T43/><D43/><U69/><E69/><V52/><REACH who="2" step="1"/><F7/><REACH who="2" ten="160,360,188,282" step="2"/><W27/><G28/><T93/><D108/><U94/><E75/><V101/><F101/><N who="0" m="38410" /><D125/><U116/><E116/><V119/><F119/><W74/><G74/><T23/><D89/><U84/><E91/><V106/><F106/><W9/><G79/><T76/><D76/><U2/><E31/><V109/><F109/><W10/><G80/><T38/><D38/><U133/><E83/><V129/><F129/><W70/><G86/><T96/><D96/><U107/><E84/><V63/><F63/><W99/><G99/><T26/><D60/><U126/><E98/><V113/><F113/><W5/><G92/><T131/><D131/><U67/><E95/><V11/><F11/><W100/><G10/><T128/><D128/><U4/><E126/><V47/><AGARI ba="0,1" hai="17,21,24,39,40,44,47,50,52,54,56,61,132,135" machi="47" ten="30,8000,1" yaku="1,1,5,1,0,1,54,1,53,1" doraHai="0" doraHaiUra="15" who="2" fromWho="2" sc="160,-20,360,-20,188,90,282,-40" owari="140,-36.0,340,44.0,278,8.0,242,-16.0" /></mjloggm>