<mjloggm ver="2.3"><GO type="169" lobby="0"/><UN n0="%6A%75%6D%70%2D%75%70" n1="%E3%82%A6%E3%83%AB%E3%83%88%E3%83%A9%E7%AB%8B%E7%9B%B4" n2="%E3%83%A9%E3%83%A0%E3%83%80%E3%81%95%E3%82%93" n3="%E3%83%A1%E3%82%AC%E3%83%8D%E9%83%A8%E9%95%B7" dan="16,17,17,16" rate="2051.89,2165.18,2190.12,2123.91" sx="M,M,M,M"/><TAIKYOKU oya="0"/><INIT seed="0,0,0,1,5,64" ten="250,250,250,250" oya="0" hai0="87,110,21,37,46,12,103,102,134,127,10,109,11" hai1="98,76,100,30,124,53,93,91,48,18,69,13,73" hai2="45,6,85,125,89,49,108,94,9,51,43,111,122" hai3="42,17,54,77,36,39,16,23,80,86,112,2,130"/><T123/><BYE who="3" /><D123/><UN n3="%E3%83%A1%E3%82%AC%E3%83%8D%E9%83%A8%E9%95%B7" /><U107/><E124/><V121/><F122/><W61/><G112/><T99/><D127/><U28/><E69/><V50/><F121/><W3/><G130/><T78/><D134/><U74/><E74/><V29/><F125/><W59/><G17/><N who="0" m="10407" /><D78/><U131/><E131/><V7/><F29/><W96/><G96/><T106/><D87/><U88/><E76/><V71/><F71/><W24/><REACH who="3" step="1"/><G42/><REACH who="3" ten="250,250,250,240" step="2"/><N who="0" m="22863" /><D102/><U126/><E126/><V132/><F132/><W95/><G95/><T62/><D62/><U105/><E105/><V117/><F117/><W57/><G57/><T14/><D14/><U79/><E107/><V82/><F108/><AGARI ba="0,1" hai="10,11,99,103,106,108,109,110" m="22863,10407" machi="108" ten="30,2900,0" yaku="14,1,10,1" doraHai="64" who="0" fromWho="2" sc="250,39,250,0,250,-29,240,0" /><INIT seed="0,1,0,3,5,123" ten="289,250,221,240" oya="0" hai0="68,1,70,53,41,97,96,72,131,57,113,135,129" hai1="87,34,76,33,3,10,90,91,130,29,11,26,89" hai2="66,32,19,17,15,56,13,111,55,58,27,93,36" hai3="99,103,48,71,23,67,43,106,74,109,9,45,75"/><T69/><D1/><U83/><E130/><N who="0" m="49673" /><D72/><U4/><REACH who="1" step="1"/><E11/><REACH who="1" ten="289,240,221,240" step="2"/><V98/><F36/><W61/><G9/><T24/><D113/><U37/><E37/><V40/><F111/><W94/><G109/><T133/><D41/><U126/><E126/><V25/><F40/><W115/><G115/><T5/><D5/><U47/><E47/><V62/><F32/><AGARI ba="1,1" hai="3,4,10,26,29,32,33,34,76,83,87,89,90,91" machi="32" ten="40,1300,0" yaku="1,1,53,0" doraHai="123" doraHaiUra="52" who="1" fromWho="2" sc="289,0,240,26,221,-16,240,0" /><INIT seed="1,0,0,5,3,11" ten="289,266,205,240" oya="1" hai0="5,93,121,20,97,60,69,64,12,111,61,32,117" hai1="131,44,89,78,123,71,91,25,49,19,80,14,42" hai2="0,33,122,113,90,119,70,6,28,86,102,38,58" hai3="17,21,74,126,43,88,24,35,132,48,116,67,54"/><U18/><E71/><V9/><F122/><W127/><G74/><T104/><D32/><U72/><E123/><V4/><F119/><W50/><G116/><T68/><D104/><U30/><E131/><V63/><F38/><W125/><G67/><T13/><D111/><U95/><E95/><V105/><F70/><W103/><G103/><T107/><D107/><U106/><E106/><V99/><F113/><W57/><G132/><T84/><D84/><U51/><E51/><V10/><F28/><W29/><G43/><T23/><D5/><U47/><E47/><V31/><F31/><W110/><G110/><T34/><D34/><U118/><E118/><V27/><F27/><W76/><G76/><T129/><D129/><U59/><E59/><V66/><F33/><W75/><G75/><T7/><D7/><U73/><E73/><V41/><F41/><W26/><G50/><T133/><D133/><U94/><E94/><V130/><F130/><W79/><G79/><T134/><D134/><U39/><E39/><V37/><F37/><W92/><REACH who="3" step="1"/><G127/><REACH who="3" ten="289,266,205,230" step="2"/><T124/><D117/><U87/><E72/><V46/><F46/><W77/><G77/><T98/><D124/><U114/><E49/><V53/><F66/><W135/><G135/><T65/><D121/><U55/><E44/><V96/><F102/><W36/><G36/><T3/><D3/><U22/><E42/><V62/><F62/><W56/><G56/><T115/><D115/><U128/><E114/><V100/><F100/><W40/><G40/><T112/><D112/><U81/><E128/><V109/><F109/><RYUUKYOKU ba="0,1" sc="289,15,266,-15,205,-15,230,15" hai0="12,13,20,23,60,61,64,65,68,69,93,97,98" hai3="17,21,24,26,29,35,48,54,57,88,92,125,126" /><INIT seed="2,1,1,0,5,27" ten="304,251,190,245" oya="2" hai0="0,7,72,5,98,75,107,106,102,49,97,96,57" hai1="110,129,67,114,120,48,69,56,92,33,64,62,84" hai2="66,127,16,93,119,44,122,61,42,34,6,134,47" hai3="51,59,79,24,91,101,53,23,123,17,118,124,90"/><V63/><F122/><W121/><G118/><T18/><D0/><U35/><E114/><V65/><F119/><W4/><G124/><T52/><D18/><U41/><E120/><V10/><F34/><W88/><G101/><T130/><D130/><U89/><E110/><V99/><F127/><W32/><G32/><T30/><D30/><U50/><E129/><V31/><F134/><W40/><G79/><T74/><REACH who="0" step="1"/><D102/><REACH who="0" ten="294,251,190,245" step="2"/><U128/><E128/><V131/><F131/><W55/><G4/><AGARI ba="1,2" hai="4,5,7,49,52,57,72,74,75,96,97,98,106,107" machi="4" ten="50,6400,0" yaku="1,1,2,1,54,1,53,0" doraHai="27" doraHaiUra="22" who="0" fromWho="3" sc="294,87,251,0,190,0,245,-67" /><INIT seed="3,0,0,4,2,89" ten="381,251,190,178" oya="3" hai0="50,132,87,94,20,19,133,17,129,86,38,65,115" hai1="57,96,0,120,109,32,41,67,61,130,79,2,74" hai2="10,134,93,100,55,106,12,84,114,53,83,23,46" hai3="131,111,70,35,124,62,98,91,4,51,92,76,105"/><W49/><G35/><T15/><D129/><U11/><E32/><V103/><F114/><W113/><G131/><T5/><D5/><U108/><E120/><V8/><F106/><W59/><G113/><T118/><D38/><U107/><E130/><V26/><F134/><W52/><G124/><T48/><D65/><U9/><E41/><V128/><F128/><W85/><G111/><N who="1" m="42570" /><E79/><V54/><F46/><W104/><G4/><T72/><D72/><U119/><E74/><V71/><F71/><W3/><G3/><N who="1" m="1066" /><E119/><V95/><F103/><AGARI ba="0,0" hai="9,11,57,61,67,96,103,107" m="1066,42570" machi="103" ten="30,1000,0" yaku="14,1" doraHai="89" who="1" fromWho="2" sc="381,0,251,10,190,-10,178,0" /><INIT seed="4,0,0,5,4,76" ten="381,261,180,178" oya="0" hai0="2,33,45,16,55,78,30,112,117,50,127,22,57" hai1="62,7,81,108,86,91,38,87,64,23,54,89,69" hai2="93,123,41,100,9,128,59,66,37,116,105,28,20" hai3="74,18,101,110,63,125,47,58,120,77,104,133,39"/><T131/><D131/><U84/><E38/><V11/><F123/><W8/><G120/><T42/><D2/><U126/><E126/><V10/><F105/><W109/><G125/><T114/><D127/><U103/><E108/><V130/><F116/><W99/><G133/><T21/><D21/><U40/><E40/><V98/><F41/><W129/><G39/><T60/><D117/><U68/><E68/><V43/><F43/><W70/><G47/><T49/><D78/><U34/><E34/><V94/><F37/><W80/><G70/><T124/><D124/><U53/><E103/><V1/><F94/><W61/><G129/><T85/><D85/><U88/><E7/><V25/><REACH who="2" step="1"/><F1/><REACH who="2" ten="381,261,170,178" step="2"/><W72/><G110/><T134/><D42/><U102/><E102/><V31/><F31/><W90/><G109/><T95/><D95/><U92/><E23/><V32/><F32/><W122/><G122/><T73/><D30/><U97/><E97/><V26/><F26/><W35/><G35/><T51/><D33/><U29/><E29/><V82/><F82/><AGARI ba="0,1" hai="53,54,62,64,69,81,82,84,86,87,88,89,91,92" machi="82" ten="30,8000,1" yaku="7,1,9,1,52,2,54,1" doraHai="76" who="1" fromWho="2" sc="381,0,261,90,170,-80,178,0" /><INIT seed="5,0,0,3,0,58" ten="381,351,90,178" oya="1" hai0="97,118,12,44,0,37,42,36,28,106,73,123,70" hai1="65,10,15,47,124,80,112,119,67,105,111,86,26" hai2="25,102,129,87,13,66,88,24,128,113,110,22,77" hai3="2,92,122,16,45,4,114,81,56,8,59,38,135"/><U101/><E105/><V116/><F110/><W130/><G122/><T99/><D123/><U17/><E119/><V1/><F116/><W121/><G121/><T14/><D0/><U35/><E111/><V109/><F109/><W5/><G114/><T134/><D36/><U53/><E101/><V34/><F1/><W30/><G30/><T62/><D73/><U29/><E124/><V64/><F77/><W103/><G135/><T71/><D134/><U11/><E11/><V21/><F102/><W55/><G130/><T94/><D28/><U117/><E112/><V69/><F113/><W63/><G81/><T79/><D71/><U107/><E107/><V126/><F126/><W83/><G83/><T98/><D106/><U84/><E84/><V48/><F34/><W27/><G59/><T40/><D40/><U95/><E95/><V104/><F104/><W91/><G103/><T61/><D70/><U18/><E18/><V68/><F48/><W78/><G78/><T43/><D43/><U7/><E7/><V100/><F100/><W131/><G131/><T50/><D37/><U96/><E96/><N who="0" m="36969" /><D79/><U52/><E117/><V31/><F31/><W125/><G125/><T127/><D127/><U115/><E115/><V6/><F6/><W41/><G5/><T60/><D118/><U72/><E72/><V82/><F82/><W19/><G27/><T89/><AGARI ba="0,0" hai="12,14,42,44,50,60,61,62,89,94,99" m="36969" machi="89" ten="30,7900,0" yaku="8,1,52,3" doraHai="58" who="0" fromWho="0" sc="381,79,351,-39,90,-20,178,-20" /><INIT seed="6,0,0,0,1,6" ten="460,312,70,158" oya="2" hai0="74,63,129,27,43,128,90,26,59,94,57,44,4" hai1="79,107,38,124,18,84,53,110,71,130,20,67,125" hai2="78,36,55,132,32,72,7,65,106,24,51,105,127" hai3="97,115,37,112,46,102,9,61,96,22,52,40,42"/><V76/><F36/><W99/><G40/><T80/><D80/><U86/><E107/><V82/><F132/><W31/><G102/><T101/><D4/><U98/><E110/><V34/><F127/><W88/><G22/><T15/><D15/><U48/><E38/><V104/><F65/><W29/><G31/><T64/><D59/><U60/><E98/><V100/><F100/><W120/><G29/><T13/><D13/><U103/><E103/><V75/><F7/><W10/><G88/><T77/><D77/><U12/><E130/><N who="0" m="50281" /><D74/><U93/><E79/><V95/><F95/><W73/><G120/><T5/><D5/><U122/><E122/><V68/><F68/><W3/><G73/><T28/><D28/><U11/><E20/><V91/><F91/><W109/><G109/><T56/><D56/><U89/><REACH who="1" step="1"/><E84/><REACH who="1" ten="460,302,70,158" step="2"/><V33/><F24/><W17/><G99/><N who="0" m="57815" /><D101/><U8/><E8/><V116/><F116/><W126/><G97/><T19/><D19/><U66/><E66/><V62/><F62/><W133/><G96/><T16/><D16/><U118/><E118/><V23/><F23/><W14/><G17/><T30/><D30/><U119/><E119/><V131/><F131/><W134/><G9/><T85/><D85/><U108/><E108/><V87/><REACH who="2" step="1"/><F76/><REACH who="2" ten="460,302,60,158" step="2"/><W117/><G117/><T1/><D27/><U0/><E0/><V69/><F69/><W70/><G3/><T39/><D1/><U50/><E50/><V123/><F123/><W35/><G70/><T114/><D26/><U21/><E21/><V41/><F41/><W113/><G42/><RYUUKYOKU ba="0,2" sc="460,10,302,10,60,10,158,-30" hai0="39,43,44,57,63,64,114" hai1="11,12,18,48,53,60,67,71,86,89,93,124,125" hai2="32,33,34,51,55,72,75,78,82,87,104,105,106" /><INIT seed="6,1,2,4,5,82" ten="470,312,70,128" oya="2" hai0="90,11,92,131,87,74,29,95,70,134,129,113,38" hai1="55,19,37,17,5,61,121,51,85,48,80,23,3" hai2="104,8,6,76,72,135,59,52,130,57,30,75,96" hai3="71,43,108,1,53,120,91,110,66,112,12,109,2"/><V117/><F117/><W40/><G120/><T49/><D74/><U41/><E37/><V42/><F130/><W101/><G101/><T81/><D38/><U47/><E5/><V83/><F135/><W46/><G112/><T4/><D70/><U68/><E3/><V107/><F75/><W127/><G127/><T32/><D113/><U132/><E132/><V22/><F42/><W63/><G12/><T115/><D115/><U56/><E68/><V128/><F128/><N who="0" m="49226" /><D134/><U84/><E80/><V31/><F59/><W97/><G53/><T25/><D49/><U99/><E99/><V15/><F96/><W16/><G16/><N who="1" m="6218" /><E121/><V106/><REACH who="2" step="1"/><F22/><REACH who="2" ten="470,312,60,128" step="2"/><W62/><G43/><T105/><D105/><U0/><E23/><V50/><AGARI ba="1,3" hai="6,8,15,30,31,50,52,57,72,76,83,104,106,107" machi="50" ten="30,11700,0" yaku="1,1,2,1,0,1,54,1,53,0" doraHai="82" doraHaiUra="35" who="2" fromWho="2" sc="470,-40,312,-40,60,150,128,-40" /><INIT seed="6,2,0,2,4,123" ten="430,272,210,88" oya="2" hai0="94,119,43,122,112,28,63,77,101,132,48,89,105" hai1="14,124,133,3,39,87,100,110,16,41,21,107,1" hai2="7,115,72,91,36,126,104,23,54,69,90,118,84" hai3="12,78,125,98,68,95,55,20,47,61,56,18,121"/><V44/><F118/><W10/><G125/><T117/><D122/><U102/><E41/><V38/><F72/><W97/><G121/><T86/><D112/><U58/><E39/><V34/><F34/><W42/><G68/><T8/><D132/><U9/><E102/><V93/><F69/><W96/><G78/><T59/><D77/><U109/><E100/><V17/><F104/><W134/><G134/><T29/><D101/><U32/><E87/><V70/><F70/><W13/><G42/><T99/><D8/><U88/><E88/><V67/><F67/><W60/><G47/><N who="0" m="25727" /><D99/><U33/><E58/><V66/><F66/><W73/><G73/><T108/><D108/><N who="1" m="41579" /><E107/><V85/><F126/><W81/><G81/><T106/><D106/><U71/><E71/><V37/><F115/><W6/><REACH who="3" step="1"/><G61/><REACH who="3" ten="430,272,210,78" step="2"/><T49/><D63/><U103/><E124/><V22/><F7/><W27/><G27/><T82/><D82/><U24/><E133/><V4/><F4/><W128/><G128/><T45/><D45/><U30/><E103/><AGARI ba="2,1" hai="6,10,12,13,18,20,55,56,60,95,96,97,98,103" machi="103" ten="30,3900,0" yaku="1,1,7,1,8,1,53,0" doraHai="123" doraHaiUra="64" who="3" fromWho="1" sc="430,0,272,-45,210,0,78,55" /><INIT seed="7,0,0,1,4,110" ten="430,227,210,133" oya="3" hai0="131,28,39,2,60,68,77,65,15,53,71,94,13" hai1="67,0,80,98,14,64,59,45,23,62,43,115,121" hai2="124,76,26,66,83,112,118,125,116,11,55,32,73" hai3="109,82,18,12,75,114,104,42,134,70,117,105,119"/><W35/><G70/><T8/><D39/><U69/><E0/><V126/><F66/><W57/><G109/><T54/><D68/><U33/><E33/><V129/><F129/><W135/><G35/><T91/><D2/><U101/><E121/><V3/><F112/><W81/><G42/><T85/><D28/><U108/><E115/><V127/><F127/><W16/><G57/><T6/><D6/><U63/><E80/><N who="3" m="30826" /><G114/><T74/><D131/><U52/><E108/><V41/><F41/><W40/><G40/><T37/><D37/><U90/><E67/><V96/><F55/><W61/><G61/><T120/><D120/><U44/><E43/><V50/><F50/><W46/><G46/><T99/><D74/><U106/><E90/><V49/><F49/><W79/><G79/><T9/><D77/><U130/><E130/><V58/><F58/><W31/><G31/><T47/><D47/><U21/><E23/><V95/><F32/><W78/><G78/><T89/><D54/><U51/><E63/><V10/><F26/><W111/><G111/><T30/><D30/><U93/><E14/><N who="0" m="5129" /><D53/><U84/><E21/><V100/><F3/><W113/><G12/><T97/><D60/><U128/><E128/><V102/><F102/><W4/><G4/><T122/><D65/><U92/><E106/><N who="3" m="41066" /><G113/><T1/><D71/><U24/><E24/><V38/><F38/><W5/><G5/><T88/><D1/><U86/><E69/><V7/><F7/><W103/><G75/><T34/><D34/><U133/><E45/><V36/><F36/><W22/><G117/><AGARI ba="0,0" hai="10,11,73,76,83,95,96,100,116,117,118,124,125,126" machi="117" ten="50,3200,0" yaku="6,1,18,1" doraHai="110" who="2" fromWho="3" sc="430,0,227,0,210,32,133,-32" owari="430,53.0,227,-17.0,242,4.0,101,-40.0" /></mjloggm>