<mjloggm ver="2.3"><GO type="105" lobby="0"/><UN n0="%E5%B0%B1%E6%B4%BB%E7%94%9F%40%E5%B7%9D%E6%9D%91%E8%BB%8D%E5%9B%A3" n1="%44%45%4E%31%30%30%37" n2="%6D%61%6E%6E%62%6F%72%6F" n3="%74%61%6E%6F%73%65%6E" dan="14,13,13,15" rate="1947.12,1862.08,1930.97,1974.25" sx="M,M,M,F"/><TAIKYOKU oya="0"/><INIT seed="0,0,0,0,1,32" ten="250,250,250,250" oya="0" hai0="47,105,23,92,132,25,83,97,95,6,57,86,61" hai1="102,115,82,75,87,42,80,100,67,68,21,64,71" hai2="84,38,10,133,43,103,60,37,89,19,119,79,24" hai3="107,78,85,55,108,5,101,117,36,62,18,106,66"/><T7/><D105/><U16/><E75/><V59/><F133/><W134/><G117/><T40/><D132/><U131/><E131/><V123/><F123/><W126/><G134/><T121/><D121/><U58/><E115/><V28/><F119/><W3/><G36/><T88/><D95/><U73/><E73/><V113/><F113/><W99/><G107/><T1/><D1/><U56/><E42/><V125/><F79/><W77/><G108/><T4/><D47/><U112/><E112/><V34/><F103/><W91/><G126/><T30/><D40/><U128/><E128/><V53/><F125/><W72/><G55/><T2/><D2/><U13/><E71/><V22/><F10/><W116/><G18/><T49/><D49/><U12/><E68/><V15/><REACH who="2" step="1"/><F43/><REACH who="2" ten="250,250,240,250" step="2"/><W70/><G116/><T35/><D35/><U46/><E80/><AGARI ba="0,1" hai="15,19,22,24,28,34,37,38,53,59,60,80,84,89" machi="80" ten="30,7700,0" yaku="1,1,2,1,7,1,53,1" doraHai="32" doraHaiUra="51" who="2" fromWho="1" sc="250,0,250,-77,240,87,250,0" /><INIT seed="1,0,0,1,2,50" ten="250,173,327,250" oya="1" hai0="90,126,110,2,6,101,128,37,5,43,56,26,29" hai1="39,86,114,0,23,54,68,92,35,34,67,59,84" hai2="79,32,44,106,22,57,62,47,95,1,83,82,134" hai3="45,24,130,74,65,125,109,122,12,123,17,107,20"/><U80/><E39/><V48/><F106/><W18/><G74/><T64/><D126/><U131/><E0/><V76/><F1/><W119/><G107/><T115/><D128/><U49/><E114/><V4/><F32/><W94/><G130/><T100/><D115/><U87/><E131/><V127/><F127/><W63/><G125/><T70/><D110/><U69/><E23/><V27/><F134/><W135/><G109/><T91/><D70/><U25/><E92/><V118/><F4/><W46/><G135/><T108/><D108/><U66/><E80/><N who="2" m="30763" /><F118/><W33/><G33/><T38/><D43/><U121/><E121/><V73/><F73/><W9/><G119/><T30/><D2/><U102/><E102/><V58/><F95/><W96/><G122/><T51/><D51/><U71/><REACH who="1" step="1"/><E35/><REACH who="1" ten="250,163,327,250" step="2"/><V55/><F79/><W53/><G123/><T16/><D100/><U93/><E93/><V36/><F76/><W117/><G117/><T105/><D101/><U8/><E8/><V133/><F36/><W72/><G94/><T10/><D105/><U104/><E104/><V78/><F78/><W60/><G9/><T103/><D38/><U132/><E132/><V120/><F120/><W14/><G20/><T3/><D37/><U124/><E124/><V75/><F133/><W111/><G96/><T15/><D103/><U77/><E77/><V113/><F113/><W31/><G111/><T13/><D91/><U52/><E52/><N who="2" m="34087" /><F75/><W89/><G72/><T11/><D90/><U97/><E97/><V21/><F21/><W19/><G89/><T7/><D3/><RYUUKYOKU ba="0,1" sc="250,-15,163,15,327,15,250,-15" hai1="25,34,49,54,59,66,67,68,69,71,84,86,87" hai2="22,27,44,47,48,55,58" /><INIT seed="1,1,1,2,3,73" ten="235,178,342,235" oya="1" hai0="5,84,74,114,66,14,108,69,26,12,15,129,135" hai1="36,97,44,20,70,121,33,106,13,0,64,4,21" hai2="46,89,61,29,71,96,130,93,28,67,102,98,49" hai3="51,99,87,55,10,7,60,128,119,112,109,40,88"/><U23/><E121/><V6/><F6/><W37/><G112/><T107/><D74/><U77/><E33/><V43/><F130/><W120/><G128/><T76/><D114/><U56/><E0/><V78/><F78/><W50/><G120/><T30/><D107/><AGARI ba="1,1" hai="28,29,43,46,49,61,67,71,89,93,96,98,102,107" machi="107" ten="30,1000,0" yaku="7,1" doraHai="73" who="2" fromWho="0" sc="235,-13,178,0,342,23,235,0" /><INIT seed="2,0,0,2,3,13" ten="222,178,365,235" oya="2" hai0="3,54,14,60,135,83,34,89,112,44,6,104,7" hai1="8,86,21,0,57,33,115,79,65,96,132,23,127" hai2="125,95,1,25,90,120,91,10,5,114,117,78,77" hai3="50,11,27,75,66,87,116,84,41,118,107,106,39"/><V22/><F114/><W58/><G75/><T97/><D3/><U20/><E33/><V45/><F117/><W131/><G39/><T2/><D2/><U85/><E115/><V28/><F120/><W9/><G27/><T56/><D34/><U67/><E132/><V12/><F125/><W52/><G66/><T94/><D112/><U101/><E127/><V17/><F45/><W100/><G41/><T105/><D135/><U51/><E0/><V76/><REACH who="2" step="1"/><F95/><REACH who="2" ten="222,178,355,235" step="2"/><W46/><G46/><T119/><D119/><U133/><E133/><V124/><F124/><W48/><G118/><T129/><D105/><U108/><E108/><V121/><F121/><W88/><G107/><T16/><D104/><U42/><E79/><V81/><F81/><W64/><G106/><T63/><D129/><U80/><E80/><V38/><F38/><W59/><G131/><T72/><D44/><U36/><E36/><V71/><F71/><W53/><G116/><T26/><D83/><U29/><E29/><V126/><F126/><W82/><G82/><T92/><D94/><U49/><E42/><V69/><F69/><W123/><G123/><T109/><D92/><U30/><E30/><V99/><F99/><W103/><G64/><N who="1" m="24650" /><E96/><V73/><F73/><W55/><G55/><T31/><D97/><U62/><E101/><V18/><F18/><W37/><G37/><T35/><D54/><N who="1" m="34103" /><E51/><V4/><F4/><W61/><G61/><T110/><D72/><U122/><E122/><V24/><F24/><W102/><G102/><T15/><D6/><U47/><E47/><V68/><F68/><RYUUKYOKU ba="0,1" sc="222,-15,178,-15,355,15,235,15" hai2="1,5,10,12,17,22,25,28,76,77,78,90,91" hai3="9,11,48,50,52,53,58,59,84,87,88,100,103" /><INIT seed="2,1,1,0,5,104" ten="207,163,370,250" oya="2" hai0="101,116,129,60,75,133,8,120,39,31,66,37,14" hai1="45,114,124,19,29,15,126,25,42,111,27,106,2" hai2="55,0,4,69,78,32,20,46,76,89,102,103,38" hai3="83,33,82,132,128,131,110,73,40,61,12,93,70"/><V65/><F32/><W84/><G33/><T5/><D120/><U51/><E106/><V56/><F89/><W91/><G40/><T18/><D116/><U134/><E114/><V36/><F36/><W123/><G70/><T74/><D129/><U30/><E2/><V1/><F1/><W41/><G41/><T135/><D31/><U90/><E111/><V44/><F44/><W48/><G48/><T118/><D101/><U34/><E134/><N who="0" m="51209" /><D18/><U7/><E7/><V47/><F47/><W3/><G3/><T97/><D97/><U79/><E79/><V105/><F103/><W17/><G132/><T54/><D54/><U64/><E64/><V57/><F69/><W81/><G110/><T59/><D118/><U13/><E90/><V24/><F65/><W121/><G61/><T10/><D10/><U67/><E67/><V112/><F112/><W9/><REACH who="3" step="1"/><G73/><AGARI ba="1,1" hai="5,8,14,37,39,59,60,66,73,74,75" m="51209" machi="73" ten="30,7700,0" yaku="20,1,52,3" doraHai="104" who="0" fromWho="3" sc="207,90,163,0,370,0,250,-80" /><INIT seed="3,0,0,5,5,63" ten="297,163,370,170" oya="3" hai0="46,11,15,127,106,105,53,27,82,40,112,20,30" hai1="49,120,116,91,110,84,64,101,93,132,68,36,107" hai2="35,79,14,103,6,21,83,89,66,13,88,98,67" hai3="71,134,9,48,118,60,108,59,65,111,18,124,78"/><W119/><G124/><T32/><D112/><U121/><E36/><V58/><F35/><W41/><G78/><T25/><D127/><U86/><E49/><V26/><F58/><W37/><G9/><T131/><D131/><U104/><E68/><V77/><F6/><W56/><G18/><T0/><D82/><U76/><E64/><N who="2" m="24619" /><F103/><W96/><G96/><T38/><D53/><U135/><E110/><N who="3" m="42026" /><G134/><N who="1" m="51242" /><E116/><N who="3" m="44586" /><G37/><T50/><D38/><U57/><E57/><V126/><F126/><W31/><G31/><T69/><D69/><U90/><E76/><N who="2" m="29259" /><F98/><W42/><G42/><T54/><D40/><U123/><E101/><V130/><F130/><W128/><G128/><T100/><D100/><U52/><E52/><V47/><F83/><AGARI ba="0,0" hai="83,84,86,90,91,93,104,107,120,121,123" m="51242" machi="83" ten="40,5200,0" yaku="20,1,34,2" doraHai="63" who="1" fromWho="2" sc="297,0,163,52,370,-52,170,0" /><INIT seed="4,0,0,4,5,64" ten="297,215,318,170" oya="0" hai0="129,13,127,130,123,33,55,16,20,41,32,87,18" hai1="76,24,25,58,6,48,70,73,75,131,63,90,50" hai2="120,111,124,30,109,35,40,60,49,3,112,44,10" hai3="28,119,100,97,82,95,116,22,19,98,128,126,105"/><T102/><D41/><U88/><E6/><V135/><F120/><W93/><G28/><T91/><D102/><U51/><E131/><N who="0" m="50185" /><D123/><U56/><E76/><V94/><F112/><W8/><G128/><T54/><D127/><U36/><E36/><V1/><F124/><W74/><G126/><T67/><D67/><U106/><E106/><V43/><F135/><W59/><G8/><T57/><D18/><U78/><E78/><V14/><F43/><W108/><G108/><T61/><D55/><U80/><E80/><AGARI ba="0,0" hai="13,16,20,32,33,54,57,61,80,87,91" m="50185" machi="80" ten="30,2900,0" yaku="19,1,54,1" doraHai="64" who="0" fromWho="1" sc="297,29,215,-29,318,0,170,0" /><INIT seed="4,1,0,3,0,0" ten="326,186,318,170" oya="0" hai0="85,60,102,47,14,110,1,64,7,113,116,15,78" hai1="27,16,73,42,90,129,52,2,120,5,103,89,26" hai2="11,82,57,71,98,105,114,108,131,104,96,122,4" hai3="53,77,97,121,106,43,39,58,13,81,10,44,109"/><T94/><D116/><U70/><E70/><V20/><F108/><W76/><G109/><T68/><D113/><U49/><E120/><V28/><F122/><W80/><G121/><T84/><D110/><U48/><E73/><V40/><F71/><W3/><G3/><T29/><D29/><U55/><E129/><V91/><F131/><W65/><G65/><T125/><D125/><U31/><E103/><V87/><F40/><W107/><G97/><T12/><D78/><U127/><E127/><V62/><F114/><W92/><G92/><T124/><D124/><U100/><E100/><V101/><F96/><W46/><G46/><T35/><D35/><U22/><E42/><V135/><F135/><W88/><G88/><N who="1" m="33898" /><E2/><V18/><F28/><W134/><G134/><T72/><D72/><U75/><E75/><V25/><F98/><W67/><G67/><T118/><D118/><U30/><E5/><V119/><F101/><W126/><G126/><T32/><D32/><U61/><E61/><V24/><F24/><N who="1" m="9257" /><E22/><V17/><F119/><W21/><G21/><T38/><D102/><U19/><E31/><V79/><F79/><W111/><G111/><T51/><D94/><U54/><E30/><V6/><F105/><W41/><G39/><T133/><D38/><U130/><E130/><V99/><F104/><W23/><G107/><T132/><D132/><U123/><E123/><V128/><F128/><W50/><G106/><T9/><REACH who="0" step="1"/><D133/><REACH who="0" ten="316,186,318,170" step="2"/><U33/><E33/><V115/><F115/><W37/><G76/><T56/><D56/><U36/><E36/><V66/><F99/><RYUUKYOKU ba="1,1" sc="316,10,186,10,318,10,170,-30" hai0="1,7,9,12,14,15,47,51,60,64,68,84,85" hai1="16,19,48,49,52,54,55" hai2="4,6,11,17,18,20,25,57,62,66,82,87,91" /><INIT seed="4,2,1,2,3,125" ten="326,196,328,140" oya="0" hai0="56,39,135,58,128,105,63,10,100,49,3,117,74" hai1="102,88,2,24,17,13,53,106,67,19,131,97,0" hai2="35,99,59,43,122,9,18,34,126,36,132,78,83" hai3="101,14,21,33,66,77,120,42,37,41,116,69,60"/><T32/><D39/><U68/><E53/><V109/><F109/><W72/><G116/><T40/><D32/><U22/><E68/><V26/><F122/><W55/><G33/><T92/><D74/><U110/><E110/><V5/><F126/><W11/><G120/><T134/><D117/><U15/><E67/><V133/><F99/><W113/><G113/><T48/><D105/><U112/><E112/><V119/><F119/><W65/><G65/><T95/><D3/><U130/><E24/><V64/><F64/><W52/><G101/><T29/><D29/><U114/><E114/><V61/><F18/><W103/><G103/><T89/><D10/><U111/><E111/><V1/><F26/><W82/><G21/><T84/><D40/><U76/><E76/><V28/><F28/><W12/><G42/><T4/><D4/><U57/><E57/><V16/><F16/><W27/><G27/><T115/><D115/><U79/><E79/><V81/><F43/><W127/><G14/><T93/><D58/><U38/><E38/><V8/><F8/><W104/><G104/><T20/><D20/><N who="1" m="11311" /><E88/><V7/><F36/><W91/><G91/><T80/><D100/><U129/><AGARI ba="2,1" hai="0,2,15,19,22,97,102,106,129,130,131" m="11311" machi="129" ten="30,7900,0" yaku="19,1,52,3" doraHai="125" who="1" fromWho="1" sc="326,-41,196,95,328,-22,140,-22" /><INIT seed="5,0,0,3,5,117" ten="285,291,306,118" oya="1" hai0="96,109,103,54,130,9,123,129,125,4,78,87,2" hai1="64,128,75,66,124,86,38,73,17,6,115,93,43" hai2="76,48,60,10,89,101,112,65,16,31,77,44,61" hai3="52,118,18,51,63,33,84,92,56,39,14,21,74"/><U107/><E107/><V71/><F101/><W23/><G74/><T59/><D109/><U72/><E115/><V58/><F112/><W11/><G39/><T90/><D78/><U133/><E133/><V25/><F89/><W97/><G33/><T100/><D125/><U126/><E128/><N who="0" m="49257" /><D96/><U70/><E6/><V91/><F91/><W99/><G118/><T1/><D1/><U88/><E17/><V19/><F10/><W127/><G127/><N who="1" m="48682" /><E70/><V82/><F77/><W95/><G84/><T119/><D119/><U67/><E43/><V26/><F26/><W15/><G23/><T7/><D7/><U28/><E28/><V114/><F114/><W134/><G134/><T13/><D123/><U113/><E113/><V122/><F122/><W0/><G0/><T5/><D5/><U49/><E49/><V53/><F31/><W81/><G81/><N who="0" m="49519" /><D13/><U120/><E38/><V80/><F25/><W116/><G116/><T121/><D121/><AGARI ba="0,0" hai="64,66,67,72,73,75,86,88,93,120,121" m="48682" machi="121" ten="40,12000,1" yaku="18,1,52,2,54,1" doraHai="117" who="1" fromWho="0" sc="285,-120,291,120,306,0,118,0" /><INIT seed="5,1,0,1,0,134" ten="165,411,306,118" oya="1" hai0="44,13,51,32,86,71,124,122,103,119,8,10,16" hai1="96,104,53,39,88,130,56,111,83,43,46,22,1" hai2="74,66,59,116,115,91,79,125,47,113,57,52,33" hai3="133,75,68,42,80,99,98,108,101,50,58,67,41"/><U123/><E1/><V54/><F116/><W2/><G133/><T105/><D119/><U9/><E123/><V35/><F91/><W36/><G108/><T100/><D32/><N who="2" m="12362" /><F79/><W128/><G128/><T55/><D71/><U121/><E121/><V48/><F74/><W65/><G2/><T23/><D122/><U87/><E130/><V24/><F24/><W18/><G36/><T78/><D124/><U11/><E111/><V109/><F109/><W14/><G68/><T17/><D105/><U120/><E120/><V5/><F5/><W112/><G112/><N who="2" m="43081" /><F125/><W94/><G99/><T21/><D100/><U85/><E22/><V31/><F31/><W0/><G0/><T69/><D69/><U45/><E45/><N who="2" m="27663" /><F66/><W6/><G6/><T62/><D103/><U64/><E64/><V61/><F59/><W7/><G7/><T3/><D3/><U40/><E40/><V90/><F90/><W118/><G118/><T38/><D38/><U129/><E129/><V63/><F47/><W29/><G29/><T49/><D44/><U60/><REACH who="1" step="1"/><E87/><REACH who="1" ten="165,401,306,118" step="2"/><V95/><F95/><W132/><G67/><T117/><D86/><U92/><E92/><V135/><F135/><W34/><G132/><T93/><D117/><U28/><E28/><V73/><F73/><W131/><G65/><T25/><D93/><U27/><E27/><V89/><F89/><W102/><G131/><T12/><D78/><U127/><E127/><V81/><F81/><W97/><G75/><T19/><D23/><U72/><E72/><V77/><F77/><W30/><G80/><T82/><D82/><RYUUKYOKU ba="1,1" sc="165,10,401,10,306,10,118,-30" hai0="8,10,12,13,16,17,19,21,25,49,51,55,62" hai1="9,11,39,43,46,53,56,60,83,85,88,96,104" hai2="54,57,61,63" /><INIT seed="5,2,1,3,2,0" ten="175,411,316,88" oya="1" hai0="121,53,62,74,135,25,112,21,35,58,76,50,105" hai1="22,77,72,14,131,108,44,123,73,68,95,122,120" hai2="104,102,103,111,67,1,23,8,113,61,110,94,64" hai3="16,26,70,116,38,69,88,60,37,107,2,114,92"/><U86/><E68/><V15/><F104/><W33/><G107/><T20/><D105/><U99/><E44/><V84/><F67/><W6/><G116/><T47/><D121/><U18/><E131/><V117/><F117/><W57/><G114/><T39/><D112/><U11/><E108/><V46/><F113/><W97/><G70/><T124/><D135/><U87/><E77/><V40/><F1/><W125/><G125/><T78/><D124/><U65/><E65/><V45/><F23/><W55/><G69/><T127/><D127/><U75/><REACH who="1" step="1"/><E22/><REACH who="1" ten="175,401,316,88" step="2"/><V17/><F111/><W31/><REACH who="3" step="1"/><G16/><REACH who="3" ten="175,401,316,78" step="2"/><T90/><D21/><U28/><E28/><V79/><F110/><W51/><G51/><T3/><D50/><U56/><E56/><V85/><F17/><W128/><G128/><T36/><D58/><U24/><E24/><V9/><F9/><AGARI ba="2,3" hai="2,6,9,26,31,33,37,38,55,57,60,88,92,97" machi="9" ten="40,8000,1" yaku="1,1,52,1,54,1,53,1" doraHai="0" doraHaiUra="48" who="3" fromWho="2" sc="175,0,401,0,316,-86,78,116" /><INIT seed="6,0,0,3,0,96" ten="175,401,230,194" oya="2" hai0="59,71,113,68,73,2,18,100,12,32,133,49,44" hai1="48,87,117,90,38,128,104,26,27,106,1,22,64" hai2="11,47,42,72,37,124,116,102,13,126,60,55,57" hai3="70,77,43,82,36,114,130,105,29,89,80,25,50"/><V83/><F116/><W34/><G105/><T41/><D2/><U65/><E1/><V61/><F61/><W63/><G36/><T20/><D73/><U51/><E38/><V93/><F72/><W28/><G130/><T99/><D32/><U84/><E117/><V6/><F83/><W98/><G29/><T5/><D113/><U85/><E128/><V127/><F93/><W0/><G0/><T95/><D133/><U101/><E90/><V125/><N who="2" m="32256" /><DORA hai="108" /><V7/><REACH who="2" step="1"/><F102/><REACH who="2" ten="175,401,220,194" step="2"/><W3/><G82/><T14/><D59/><U9/><E106/><V88/><F88/><W39/><G89/><T23/><D5/><AGARI ba="0,1" hai="5,6,7,11,13,37,42,47,55,57,60" m="32256" machi="5" ten="70,6800,0" yaku="1,1,18,1,53,0" doraHai="96,108" doraHaiUra="112,107" who="2" fromWho="0" sc="175,-68,401,0,220,78,194,0" /><INIT seed="6,1,0,0,3,27" ten="107,401,298,194" oya="2" hai0="59,40,58,35,3,32,6,82,98,113,8,107,66" hai1="17,111,26,29,2,21,105,60,84,4,43,74,34" hai2="86,48,80,120,122,57,115,5,64,76,135,45,110" hai3="97,131,24,78,62,133,28,109,0,37,16,96,44"/><V134/><F115/><W88/><G109/><T99/><D113/><U100/><E74/><V104/><F110/><W129/><G0/><T70/><D58/><U13/><E111/><V7/><F104/><W69/><G78/><T124/><D59/><U117/><E117/><V46/><F64/><W119/><G119/><T79/><D124/><U93/><E43/><V77/><F57/><W123/><G123/><T89/><D89/><U132/><E132/><N who="2" m="50731" /><F77/><W31/><G133/><T61/><D40/><U114/><E114/><V81/><F81/><W121/><G121/><N who="2" m="46697" /><F46/><W10/><G44/><T1/><D99/><U68/><E84/><V51/><F51/><W39/><G69/><T102/><REACH who="0" step="1"/><D1/><REACH who="0" ten="97,401,298,194" step="2"/><U56/><E68/><V91/><F91/><W52/><G97/><T108/><D108/><U47/><E47/><V9/><F9/><W85/><G96/><T33/><D33/><U106/><E2/><V25/><F25/><W12/><G24/><T67/><D67/><U90/><E100/><V53/><AGARI ba="1,1" hai="5,7,45,48,53,76,80,86" m="46697,50731" machi="53" ten="30,1500,0" yaku="20,1" doraHai="27" who="2" fromWho="2" sc="97,-6,401,-6,298,28,194,-6" /><INIT seed="6,2,0,3,1,12" ten="91,395,326,188" oya="2" hai0="94,66,122,80,124,101,110,65,38,60,117,79,43" hai1="19,112,78,17,21,52,18,29,2,119,91,103,57" hai2="59,93,72,47,85,131,106,16,114,128,76,62,14" hai3="82,30,100,133,50,88,92,116,83,111,89,49,130"/><V40/><F106/><W105/><G111/><T22/><D117/><U118/><E2/><V70/><F70/><W81/><G116/><T39/><D122/><U75/><E112/><V107/><F107/><W109/><G109/><T71/><D110/><U20/><E119/><V13/><F114/><W45/><G30/><T7/><D124/><U6/><E118/><V37/><F14/><W1/><G1/><T77/><D7/><U27/><E6/><V96/><F72/><W63/><G63/><T33/><D33/><U123/><E123/><V46/><F46/><W31/><G31/><T73/><D79/><U54/><E75/><V3/><F3/><W11/><G11/><T36/><D66/><U56/><E78/><V55/><F85/><W64/><G64/><T48/><D48/><N who="1" m="30727" /><E103/><V23/><REACH who="2" step="1"/><F76/><REACH who="2" ten="91,395,316,188" step="2"/><W41/><G105/><T115/><D115/><U10/><E10/><V98/><F98/><W86/><G86/><T15/><D43/><U99/><E99/><V108/><F108/><W135/><G41/><T87/><D101/><AGARI ba="2,1" hai="13,16,23,37,40,47,55,59,62,93,96,101,128,131" machi="101" ten="40,12000,1" yaku="1,1,52,1,54,1,53,1" doraHai="12" doraHaiUra="42" who="2" fromWho="0" sc="91,-126,395,0,316,136,188,0" owari="-35,-54.0,395,20.0,452,55.0,188,-21.0" /></mjloggm>