<mjloggm ver="2.3"><GO type="97" lobby="0"/><UN n0="%E3%82%A6%E3%83%AB%E3%83%88%E3%83%A9%E7%AB%8B%E7%9B%B4" n1="%75%6A%75%6C" n2="%E6%9C%A8%E5%86%AC%E3%81%AE%E5%A5%B3%E6%9C%AA" n3="%4A%75%73%74%69%63%65%54" dan="14,13,14,15" rate="1939.59,1826.80,1897.27,1991.36" sx="M,M,M,M"/><TAIKYOKU oya="0"/><INIT seed="0,0,0,1,4,125" ten="250,250,250,250" oya="0" hai0="55,39,8,36,4,128,87,71,119,79,27,18,133" hai1="93,43,69,117,19,118,0,48,122,75,2,17,123" hai2="45,81,46,34,84,95,40,15,111,37,20,83,134" hai3="70,90,131,3,126,102,105,92,68,97,13,49,1"/><T110/><D71/><U25/><E75/><V88/><F34/><W91/><G131/><T130/><D119/><N who="1" m="45579" /><E69/><V10/><F111/><W74/><G74/><T21/><D55/><U35/><E43/><V60/><F134/><W44/><G126/><T47/><D110/><U32/><E48/><V9/><F60/><W112/><G112/><T66/><D66/><U58/><E58/><V54/><F20/><W62/><G13/><N who="0" m="5255" /><D47/><U86/><E86/><V67/><F67/><W129/><G129/><N who="0" m="49771" /><D133/><U121/><E93/><V33/><F33/><N who="1" m="12873" /><E25/><V107/><F107/><W78/><G70/><T12/><D27/><U23/><E23/><V135/><F135/><W59/><G68/><T96/><D96/><U29/><E29/><V30/><F54/><W94/><G97/><T82/><AGARI ba="0,0" hai="12,18,21,36,39,79,82,87" m="49771,5255" machi="82" ten="30,11700,0" yaku="19,1,52,3" doraHai="125" who="0" fromWho="0" sc="250,117,250,-39,250,-39,250,-39" /><INIT seed="0,1,0,0,5,19" ten="367,211,211,211" oya="0" hai0="115,24,4,101,39,74,23,114,8,103,108,80,96" hai1="60,11,18,73,16,66,34,49,0,76,57,32,126" hai2="10,6,30,102,111,94,77,85,70,51,83,129,97" hai3="118,81,130,21,27,50,124,33,95,131,5,43,9"/><T82/><D39/><U133/><E73/><V109/><F70/><W35/><G118/><T59/><D108/><N who="2" m="41546" /><F51/><W120/><G120/><T123/><D123/><U3/><E76/><V48/><F48/><W91/><G124/><T22/><D74/><U121/><E121/><V44/><F44/><W42/><G81/><N who="0" m="31339" /><D114/><U86/><E126/><V67/><F30/><W69/><G69/><T14/><D115/><U113/><E113/><V106/><F67/><W99/><G50/><T72/><D72/><U26/><E49/><V100/><F129/><N who="3" m="49163" /><G43/><T20/><D59/><U107/><E86/><V128/><F128/><W71/><G42/><T38/><D38/><U117/><E117/><V56/><F56/><W61/><G61/><T87/><D87/><U25/><E107/><V36/><F36/><W68/><G71/><T13/><D13/><U119/><E119/><V127/><F127/><W15/><G68/><T104/><D104/><U93/><E66/><V64/><F64/><W40/><G40/><T105/><D105/><U63/><E57/><V88/><F106/><W84/><G84/><T52/><D52/><U1/><E93/><V75/><F75/><W134/><G134/><T41/><D41/><U54/><E54/><V28/><F28/><AGARI ba="1,0" hai="5,9,15,21,27,28,33,35,91,95,99" m="49163" machi="28" ten="30,2000,0" yaku="19,1,52,1" doraHai="19" who="3" fromWho="2" sc="367,0,211,0,211,-23,211,23" /><INIT seed="1,0,0,4,4,27" ten="367,211,188,234" oya="1" hai0="69,6,123,131,53,26,23,47,37,100,132,59,33" hai1="54,49,114,118,125,103,82,3,116,41,31,52,74" hai2="40,84,94,106,124,30,80,10,56,61,119,2,58" hai3="76,113,93,81,107,5,75,87,95,110,36,12,85"/><U73/><E3/><V16/><F106/><W14/><G36/><T15/><D33/><U35/><E114/><V104/><F104/><W102/><G113/><T68/><D69/><U91/><E103/><V71/><F124/><W11/><G110/><T48/><D68/><U7/><E7/><V111/><F111/><W72/><G107/><T25/><D123/><U133/><E41/><V130/><F130/><W96/><G14/><T46/><D131/><U1/><E1/><V105/><F105/><W19/><G5/><T39/><D39/><U88/><E35/><V17/><F40/><W112/><G112/><T92/><D132/><U129/><E129/><V32/><F94/><W122/><G122/><T99/><D37/><U97/><E97/><V79/><F119/><W18/><G18/><T89/><D100/><U120/><E120/><V117/><F58/><W55/><G93/><T109/><D109/><U38/><E38/><V64/><F71/><W60/><G87/><T126/><D126/><U9/><E125/><V128/><F117/><W57/><AGARI ba="0,0" hai="11,12,19,55,57,60,72,75,76,81,85,95,96,102" machi="57" ten="30,1100,0" yaku="0,1" doraHai="27" who="3" fromWho="3" sc="367,-3,211,-5,188,-3,234,11" /><INIT seed="2,0,0,4,1,74" ten="364,206,185,245" oya="2" hai0="102,40,125,20,87,61,46,99,134,11,68,14,35" hai1="93,100,60,2,54,82,103,71,10,84,81,121,39" hai2="77,126,123,111,27,97,86,75,37,17,5,76,41" hai3="50,98,70,95,44,108,53,90,36,0,109,69,43"/><V124/><F123/><W133/><G0/><T127/><D35/><U25/><E39/><V13/><F111/><N who="3" m="42571" /><G133/><T24/><D87/><U115/><E121/><V113/><F113/><W34/><G34/><T18/><D134/><U122/><E122/><V67/><F75/><W104/><G104/><T31/><D61/><U83/><E115/><V85/><F97/><W15/><G15/><T131/><D68/><U135/><E135/><V21/><F67/><W6/><G6/><T66/><D66/><U28/><E71/><N who="3" m="27146" /><G53/><T48/><REACH who="0" step="1"/><D131/><REACH who="0" ten="354,206,185,245" step="2"/><U51/><E60/><V91/><F86/><W55/><G55/><T52/><D52/><U9/><E2/><V94/><F41/><W110/><G110/><T119/><D119/><U19/><E84/><V32/><F37/><AGARI ba="0,1" hai="36,37,43,44,50,90,95,98" m="27146,42571" machi="37" ten="30,1000,0" yaku="14,1" doraHai="74" who="3" fromWho="2" sc="354,0,206,0,185,-10,245,20" /><INIT seed="3,0,0,2,0,103" ten="354,206,175,265" oya="3" hai0="16,14,69,19,118,12,67,25,114,20,39,107,110" hai1="76,101,78,42,100,129,119,36,66,54,23,108,72" hai2="99,49,24,98,15,124,51,81,84,68,130,131,102" hai3="13,92,123,125,33,70,47,126,27,2,6,120,80"/><W82/><G70/><T5/><D39/><U38/><E66/><V8/><F68/><W75/><G92/><T0/><D69/><U57/><E23/><V88/><F124/><N who="3" m="47723" /><G47/><T104/><D107/><U7/><E7/><V127/><F24/><W9/><G75/><T86/><D104/><U21/><E21/><V112/><F127/><W74/><G80/><T113/><D118/><U48/><E119/><V94/><F112/><N who="0" m="43114" /><D110/><U71/><E108/><V83/><F99/><W60/><G60/><T46/><D67/><U10/><E10/><V135/><F135/><W43/><G43/><T41/><D86/><U37/><E71/><V105/><F83/><W89/><G89/><T93/><D93/><U34/><E34/><V63/><F63/><W35/><G13/><T91/><D91/><U55/><E42/><V61/><F61/><W85/><G85/><T133/><D133/><U4/><E4/><V65/><F65/><W50/><G50/><N who="0" m="26959" /><D14/><U132/><E132/><V117/><F81/><W96/><G96/><T40/><D40/><U30/><E30/><V79/><F79/><N who="3" m="44407" /><G27/><T31/><D0/><U58/><E72/><V116/><F116/><W56/><G56/><T134/><D134/><U28/><E28/><V1/><F1/><W109/><G109/><T32/><D5/><U115/><E115/><V122/><F117/><W121/><AGARI ba="0,0" hai="2,6,9,33,35,120,121,123" m="44407,47723" machi="121" ten="40,3900,0" yaku="18,1,23,1" doraHai="103" who="3" fromWho="3" sc="354,-13,206,-13,175,-13,265,39" /><INIT seed="3,1,0,5,3,73" ten="341,193,162,304" oya="3" hai0="55,119,86,84,80,3,128,38,53,39,122,52,37" hai1="47,64,19,25,118,133,110,27,102,12,105,21,96" hai2="70,94,11,7,125,56,23,129,15,88,24,127,62" hai3="58,26,121,5,82,83,57,89,108,14,43,93,111"/><W113/><G113/><T123/><D3/><U59/><E118/><V101/><F129/><W35/><G121/><T51/><D51/><U106/><E110/><N who="3" m="42026" /><G43/><T72/><D128/><U8/><E133/><V2/><F70/><W48/><G14/><T66/><D66/><U98/><E47/><V109/><F101/><W71/><G5/><T13/><D13/><U42/><E42/><V20/><F109/><W75/><G71/><T90/><D119/><U97/><E106/><V78/><F78/><N who="3" m="44383" /><G83/><T40/><D40/><U126/><E126/><V74/><F74/><W1/><G1/><T4/><D4/><U114/><E114/><V34/><F2/><W69/><G69/><T50/><D50/><U28/><E25/><V67/><F34/><W16/><G48/><T65/><D72/><U76/><E76/><V30/><REACH who="2" step="1"/><F23/><REACH who="2" ten="341,193,152,304" step="2"/><N who="3" m="13671" /><G35/><T6/><D6/><U68/><E68/><V77/><F77/><W79/><G79/><T36/><D122/><U0/><E0/><V131/><F131/><W120/><G120/><T115/><D123/><U44/><E44/><V112/><F112/><W54/><G54/><T116/><D115/><U117/><E117/><V10/><F10/><W104/><G104/><T124/><D116/><U135/><E135/><V100/><F100/><W17/><G17/><T9/><D52/><U95/><REACH who="1" step="1"/><E105/><REACH who="1" ten="341,183,152,304" step="2"/><V99/><AGARI ba="1,2" hai="7,11,15,20,24,30,56,62,67,88,94,99,125,127" machi="99" ten="30,4000,0" yaku="1,1,0,1,54,1,53,0" doraHai="73" doraHaiUra="103" who="2" fromWho="2" sc="341,-11,183,-11,152,63,304,-21" owari="330,43.0,172,-33.0,215,-18.0,283,8.0" /></mjloggm>