<mjloggm ver="2.3"><GO type="169" lobby="0"/><UN n0="%E3%82%A6%E3%83%AB%E3%83%88%E3%83%A9%E7%AB%8B%E7%9B%B4" n1="%E3%81%91%E3%82%93%31%39%37%30" n2="%6D%65%24%6F" n3="%E3%83%8D%E3%83%BC%E3%83%A0%E3%83%AC%E3%82%B9%EF%BC%97" dan="17,16,16,17" rate="2106.56,2184.57,2071.15,2165.31" sx="M,M,M,M"/><TAIKYOKU oya="0"/><INIT seed="0,0,0,2,5,101" ten="250,250,250,250" oya="0" hai0="130,30,52,83,40,102,17,8,35,132,65,77,60" hai1="10,89,54,46,113,78,18,121,32,116,19,4,118" hai2="37,20,29,82,47,6,26,131,36,128,88,49,119" hai3="99,80,95,86,2,92,5,57,25,98,85,112,62"/><T28/><D130/><N who="2" m="49706" /><F6/><W68/><G68/><T111/><D132/><U39/><E121/><V127/><F127/><W11/><G112/><T53/><D111/><U51/><E32/><V59/><F59/><W108/><G25/><T14/><D102/><U87/><E113/><V38/><F119/><W106/><G106/><T16/><D40/><U31/><E31/><N who="0" m="11817" /><D35/><U125/><E125/><V24/><F24/><W120/><G120/><T81/><D17/><U90/><E78/><V84/><F38/><W66/><G108/><T117/><D117/><U74/><E74/><V22/><F20/><W41/><G41/><AGARI ba="0,0" hai="22,26,29,36,37,41,47,49,82,84,88" m="49706" machi="41" ten="30,2000,0" yaku="19,1,54,1" doraHai="101" who="2" fromWho="3" sc="250,0,250,0,250,20,250,-20" /><INIT seed="1,0,0,3,1,57" ten="250,250,270,230" oya="1" hai0="92,116,36,95,56,65,103,30,117,43,62,20,87" hai1="28,97,4,82,123,125,13,1,111,121,133,134,132" hai2="18,34,49,74,118,55,52,47,90,66,25,76,101" hai3="127,104,106,50,84,108,24,93,27,105,70,102,0"/><U9/><E82/><V64/><F118/><W35/><G0/><T33/><D33/><U63/><E97/><V81/><F101/><W71/><G35/><T39/><D39/><U17/><E28/><V107/><F107/><W80/><G108/><T94/><D87/><U15/><E125/><V12/><F90/><W8/><G127/><T124/><D124/><U77/><E77/><V78/><F78/><W2/><G2/><T96/><D94/><U61/><E111/><V115/><F115/><W100/><G8/><T6/><D92/><U113/><E113/><V23/><F34/><W41/><G93/><T44/><REACH who="0" step="1"/><D6/><REACH who="0" ten="240,250,270,230" step="2"/><U131/><E131/><V110/><F110/><W128/><G105/><T98/><D98/><U114/><E114/><V59/><REACH who="2" step="1"/><F25/><AGARI ba="0,1" hai="20,25,30,36,43,44,56,62,65,95,96,103,116,117" machi="25" ten="40,8000,1" yaku="1,1,25,2,52,1,53,0" doraHai="57" doraHaiUra="51" who="0" fromWho="2" sc="240,90,250,0,270,-80,230,0" /><INIT seed="2,0,0,2,5,132" ten="330,250,190,230" oya="2" hai0="58,92,111,122,123,4,119,70,27,56,69,76,45" hai1="59,67,68,114,48,102,79,88,41,75,2,47,110" hai2="81,99,17,6,95,115,3,0,53,87,107,11,77" hai3="14,124,42,31,63,131,52,46,135,8,78,128,86"/><V25/><F115/><W50/><G31/><T91/><D76/><U85/><E114/><V130/><F130/><W62/><G135/><T54/><D4/><U73/><E2/><V109/><F107/><W23/><G23/><T113/><D113/><U112/><E112/><V16/><F109/><W126/><G86/><T116/><D27/><U89/><E102/><V98/><F0/><W29/><G29/><T61/><D91/><U57/><E89/><V30/><F53/><W66/><G78/><T24/><D92/><U71/><E71/><N who="0" m="27145" /><D24/><U9/><E110/><V104/><F104/><W83/><G83/><T36/><D111/><U103/><E103/><V18/><REACH who="2" step="1"/><F95/><REACH who="2" ten="330,250,180,230" step="2"/><W39/><G131/><T7/><D123/><U72/><E67/><V38/><F38/><W118/><G128/><T127/><D122/><U40/><E40/><V44/><F44/><N who="3" m="27719" /><G118/><T28/><D45/><U90/><E47/><V121/><F121/><W12/><G66/><T84/><D36/><U108/><E108/><V19/><N who="2" m="4096" /><DORA hai="80" /><V105/><F105/><W74/><G46/><T97/><D54/><U55/><E55/><V37/><F37/><W26/><G39/><T134/><D119/><U125/><E41/><V101/><F101/><W5/><G42/><T21/><D116/><U32/><E9/><V60/><F60/><W65/><G65/><T106/><D61/><N who="3" m="23049" /><G14/><T35/><D134/><U49/><E48/><V10/><F10/><W1/><G1/><T129/><D129/><U15/><E49/><V82/><F82/><W94/><G94/><T93/><D93/><U20/><E15/><RYUUKYOKU ba="0,1" sc="330,-10,250,-10,180,30,230,-10" hai2="3,6,11,25,30,77,81,87,98,99" /><INIT seed="2,1,1,4,4,59" ten="320,240,210,220" oya="2" hai0="126,117,39,79,89,65,66,31,22,50,0,30,13" hai1="4,130,11,29,127,49,61,132,102,82,131,12,26" hai2="52,1,106,98,47,70,80,35,19,14,108,20,78" hai3="99,2,64,121,88,116,33,135,85,18,37,109,112"/><V15/><F1/><W8/><G33/><T60/><D39/><U73/><E102/><V5/><F70/><W63/><G37/><T81/><D0/><U55/><E127/><V75/><F35/><W118/><G121/><T16/><D126/><U110/><E110/><V115/><F115/><W10/><G99/><T53/><D89/><U43/><E43/><V95/><F106/><W97/><G97/><T56/><D66/><U45/><E132/><V94/><F108/><W28/><G28/><T42/><D42/><U83/><E73/><V32/><F32/><W7/><G109/><T134/><D134/><U87/><E26/><V6/><F14/><W91/><G135/><T128/><D128/><U74/><E29/><V104/><F104/><W58/><G112/><T123/><D123/><U25/><E25/><V129/><F129/><N who="1" m="49161" /><E74/><V96/><F96/><W34/><G34/><T92/><D92/><U27/><E27/><V125/><F125/><W133/><G133/><T57/><D117/><U24/><E24/><V9/><F9/><W113/><G113/><T23/><D23/><U48/><E48/><V72/><F72/><AGARI ba="1,1" hai="13,16,22,30,31,50,53,56,57,60,65,72,79,81" machi="72" ten="30,3900,0" yaku="7,1,52,1,54,1" doraHai="59" who="0" fromWho="2" sc="320,52,240,0,210,-42,220,0" /><INIT seed="3,0,0,1,4,6" ten="372,240,168,220" oya="3" hai0="28,76,70,60,31,21,46,52,54,67,128,34,125" hai1="77,62,13,42,18,88,44,106,79,104,91,110,73" hai2="64,63,19,32,134,78,96,97,11,98,108,93,58" hai3="20,132,117,116,131,56,87,133,49,15,43,38,135"/><W4/><G38/><T1/><D1/><U40/><E110/><V51/><F108/><W120/><G120/><T22/><D34/><U94/><E91/><V23/><F32/><W3/><G131/><T48/><D128/><U25/><E25/><V57/><F134/><W9/><G87/><T53/><D125/><U103/><E62/><V107/><F107/><W80/><G80/><T121/><D121/><U45/><E45/><V74/><F74/><W37/><G37/><T2/><D2/><U29/><E29/><V84/><F78/><W0/><G56/><N who="0" m="37255" /><D76/><U95/><E73/><V100/><F84/><W27/><G49/><T123/><D70/><U102/><E44/><V92/><F92/><W17/><G43/><N who="0" m="24671" /><D123/><U115/><E115/><V82/><F82/><W35/><G0/><T72/><D72/><U127/><E127/><V112/><F112/><W24/><G24/><T114/><D114/><U85/><E104/><V130/><F130/><W124/><G124/><T16/><D22/><N who="1" m="11599" /><E106/><V111/><F111/><W129/><G129/><T66/><D66/><U7/><E103/><V99/><F23/><W33/><G33/><T75/><D75/><U90/><E102/><V71/><REACH who="2" step="1"/><F51/><REACH who="2" ten="372,240,158,220" step="2"/><W26/><G26/><AGARI ba="0,1" hai="16,21,26,28,31,52,53,54" m="24671,37255" machi="26" ten="30,3900,0" yaku="8,1,54,2" doraHai="6" who="0" fromWho="3" sc="372,49,240,0,158,0,220,-39" /><INIT seed="4,0,0,2,3,41" ten="421,240,158,181" oya="0" hai0="84,30,68,3,134,127,122,109,94,57,55,26,77" hai1="132,123,45,29,88,1,7,60,35,53,27,103,99" hai2="114,105,28,37,80,48,70,73,79,130,34,91,11" hai3="93,107,52,33,125,98,32,38,8,72,119,117,61"/><T47/><D68/><U36/><E123/><V4/><F48/><W9/><G72/><T56/><D3/><U65/><E132/><V23/><F23/><W76/><G38/><T124/><D122/><U24/><E7/><V100/><F91/><W118/><G107/><T111/><D134/><U116/><E1/><N who="2" m="399" /><F114/><W16/><G76/><T43/><D94/><U78/><E78/><V106/><F130/><W50/><G61/><T66/><D84/><U19/><E116/><V63/><F37/><W46/><G125/><N who="0" m="48203" /><D77/><U21/><E36/><V14/><F14/><W15/><REACH who="3" step="1"/><G8/><REACH who="3" ten="421,240,158,171" step="2"/><T112/><D112/><U120/><E120/><V71/><F63/><W25/><G25/><T104/><D104/><N who="2" m="40042" /><F100/><AGARI ba="0,1" hai="9,15,16,32,33,46,50,52,93,98,100,117,118,119" machi="100" ten="40,8000,1" yaku="1,1,52,1,54,2,53,0" doraHai="41" doraHaiUra="75" who="3" fromWho="2" sc="421,0,240,0,158,-80,171,90" /><INIT seed="5,0,0,4,2,123" ten="421,240,78,261" oya="1" hai0="30,115,16,44,54,72,9,58,2,35,34,6,67" hai1="129,131,38,55,106,126,8,96,77,93,107,84,13" hai2="49,29,56,128,134,130,26,5,51,74,24,114,83" hai3="70,120,109,113,37,104,133,90,135,118,79,76,36"/><U117/><E38/><V25/><F134/><W33/><RYUUKYOKU type="yao9" ba="0,0" sc="421,0,240,0,78,0,261,0" hai3="33,36,37,70,76,79,90,104,109,113,118,120,133,135" /><INIT seed="5,1,0,1,3,80" ten="421,240,78,261" oya="1" hai0="54,124,21,104,30,65,105,28,90,91,78,84,9" hai1="45,62,43,98,50,19,128,123,118,126,74,99,8" hai2="55,34,103,89,114,125,131,0,63,22,68,18,12" hai3="122,39,69,75,46,109,106,83,53,133,119,76,120"/><U32/><E118/><V42/><F125/><W101/><G53/><T47/><D65/><U132/><E123/><V135/><F135/><W127/><G109/><T25/><D105/><U73/><E32/><V97/><F131/><W33/><G33/><T116/><D104/><U93/><E128/><V20/><F34/><W11/><G11/><T24/><D124/><U3/><E126/><V26/><F0/><W44/><G44/><T100/><D100/><U82/><E98/><V66/><F42/><N who="3" m="22879" /><G127/><T4/><D54/><U15/><E3/><V77/><F77/><W1/><G1/><T96/><D96/><U130/><E132/><V121/><F121/><N who="3" m="46699" /><G133/><T31/><D47/><U61/><E130/><V70/><F55/><W87/><G87/><T35/><D31/><U110/><E110/><V71/><F89/><W37/><G37/><T6/><D6/><U5/><E5/><V134/><F134/><W17/><G17/><T95/><D116/><U57/><E82/><V86/><F86/><W85/><G85/><T56/><D91/><U38/><E38/><V14/><F14/><W51/><G51/><T94/><D78/><U115/><E62/><V59/><F97/><N who="3" m="61743" /><G119/><T48/><D95/><U92/><E92/><V13/><F103/><W41/><G41/><T7/><D9/><U49/><E49/><V113/><REACH who="2" step="1"/><F12/><REACH who="2" ten="421,240,68,261" step="2"/><W108/><G108/><T23/><D35/><U58/><E99/><V60/><F60/><W102/><G102/><T10/><D84/><U16/><E61/><V64/><F64/><W129/><G129/><T52/><D52/><U111/><E15/><RYUUKYOKU ba="1,1" sc="421,-15,240,-15,68,15,261,15" hai2="13,18,20,22,26,59,63,66,68,70,71,113,114" hai3="69,75,76,83" /><INIT seed="6,2,1,5,5,120" ten="406,225,83,276" oya="2" hai0="113,23,65,5,71,69,14,11,131,123,40,48,62" hai1="24,53,106,85,127,34,26,56,66,18,129,58,3" hai2="75,125,31,68,22,124,54,94,117,76,39,52,90" hai3="91,80,93,27,130,9,135,104,47,102,0,17,55"/><V95/><F117/><W99/><G135/><T81/><D131/><U126/><E3/><V41/><F68/><W89/><G130/><T122/><D71/><U114/><E129/><V29/><F75/><W88/><G80/><T7/><D113/><U46/><E106/><V2/><F2/><W25/><G104/><T1/><D7/><U78/><E114/><V8/><F8/><W121/><G121/><T20/><D20/><U103/><E103/><V74/><F74/><W79/><G79/><T36/><D48/><U61/><E46/><N who="2" m="23871" /><F76/><W45/><G0/><T128/><D14/><U92/><E34/><V51/><F22/><N who="3" m="13519" /><G27/><T50/><D23/><U64/><E18/><V35/><F35/><W87/><G9/><T105/><D128/><U84/><E78/><V38/><F38/><W19/><G19/><T116/><D116/><U30/><E30/><N who="2" m="11275" /><F90/><W43/><G43/><T112/><D40/><U132/><E132/><V33/><F33/><W57/><G87/><T107/><D11/><U119/><E119/><V110/><F110/><W83/><G83/><T133/><D1/><U82/><E82/><V13/><F13/><W77/><G77/><T12/><D81/><U49/><E85/><V21/><F21/><W67/><G67/><T73/><D73/><U15/><E15/><V70/><F70/><W97/><G97/><T4/><D133/><U115/><E115/><V42/><F42/><W16/><G16/><T28/><D112/><U37/><E37/><V72/><F72/><W100/><G100/><T44/><D36/><U10/><E10/><V6/><F6/><RYUUKYOKU ba="2,1" sc="406,-10,225,-10,83,-10,276,30" hai3="45,47,55,57,88,89,91,93,99,102" /><INIT seed="7,3,1,3,4,15" ten="396,215,73,306" oya="3" hai0="2,9,22,85,70,104,127,36,90,80,107,126,51" hai1="83,118,91,5,56,120,30,78,96,27,84,41,38" hai2="28,108,79,59,105,50,67,115,99,64,89,20,77" hai3="66,11,58,132,49,87,60,121,65,103,35,76,81"/><W119/><G119/><T42/><D70/><U4/><E120/><V53/><F108/><W94/><G121/><T3/><D36/><U92/><E118/><V46/><F115/><W8/><G35/><T133/><D22/><U18/><E30/><V73/><F73/><W13/><G132/><T117/><D117/><U47/><E56/><V10/><F105/><N who="0" m="40522" /><D9/><N who="3" m="3657" /><G13/><T75/><D75/><U61/><E61/><V33/><F33/><W14/><G14/><T52/><D42/><U100/><E100/><V124/><F124/><N who="0" m="47658" /><D133/><U123/><E123/><V44/><F10/><W12/><G12/><T32/><D32/><U134/><E134/><V114/><F114/><W19/><G19/><T23/><D23/><N who="1" m="13815" /><E38/><V24/><F46/><AGARI ba="3,1" hai="2,3,46,51,52,80,85,90" m="47658,40522" machi="46" ten="30,2000,0" yaku="18,1,54,1" doraHai="15" who="0" fromWho="2" sc="396,39,215,0,73,-29,306,0" owari="435,53.0,215,-18.0,44,-46.0,306,11.0" /></mjloggm>