<mjloggm ver="2.3"><GO type="97" lobby="0"/><UN n0="%41%6D%6F%6B%39%38" n1="%E3%82%B0%E3%83%AA%E3%83%95%E3%82%A3%E3%82%B9" n2="%E3%82%A6%E3%83%AB%E3%83%88%E3%83%A9%E7%AB%8B%E7%9B%B4" n3="%E7%8C%AB%E4%BD%BF%E3%81%84" dan="14,15,14,14" rate="1896.10,2012.62,1977.87,1863.62" sx="M,M,M,F"/><TAIKYOKU oya="0"/><INIT seed="0,0,0,2,0,118" ten="250,250,250,250" oya="0" hai0="76,40,72,93,31,44,134,58,110,100,112,91,128" hai1="75,111,9,51,125,73,14,69,8,116,6,119,67" hai2="38,109,121,25,5,15,57,88,80,84,37,39,59" hai3="56,26,23,104,83,65,36,19,108,3,43,45,60"/><T77/><D112/><U28/><E125/><V17/><F109/><W132/><G108/><T27/><D110/><U48/><E111/><V135/><F135/><W99/><G132/><T68/><D134/><U130/><E28/><V4/><F121/><W114/><G114/><T131/><D68/><U107/><E69/><V47/><F47/><W70/><G3/><T85/><D58/><U33/><E67/><V63/><F25/><W66/><G83/><T89/><D100/><U64/><E64/><V123/><F123/><W97/><G104/><T42/><D91/><U32/><E14/><V133/><F133/><W98/><G70/><T55/><D55/><U12/><E12/><V7/><REACH who="2" step="1"/><F63/><REACH who="2" ten="250,250,240,250" step="2"/><W62/><G62/><T29/><D44/><U86/><E119/><V24/><F24/><W87/><G66/><T49/><D27/><U92/><E116/><V74/><F74/><W41/><G41/><N who="0" m="15979" /><D72/><U16/><E75/><V61/><F61/><W105/><G105/><T35/><D35/><U127/><E73/><V22/><AGARI ba="0,1" hai="4,5,7,15,17,22,37,38,39,57,59,80,84,88" machi="22" ten="40,5200,0" yaku="1,1,0,1,54,1,53,0" doraHai="118" doraHaiUra="21" who="2" fromWho="2" sc="250,-26,250,-13,240,62,250,-13" /><INIT seed="1,0,0,1,1,77" ten="224,237,302,237" oya="1" hai0="13,45,94,52,132,20,58,53,24,50,86,55,88" hai1="80,11,109,75,89,56,118,4,99,42,117,108,107" hai2="105,125,3,34,27,59,124,127,7,49,65,123,54" hai3="73,87,40,120,135,78,85,72,69,30,121,29,134"/><U130/><E42/><V98/><F123/><W44/><G69/><T112/><D112/><U82/><E75/><V9/><F65/><W36/><G30/><T96/><D132/><N who="3" m="50729" /><G29/><T106/><D106/><U113/><E113/><V93/><F105/><W66/><G66/><T18/><D24/><U21/><E21/><V129/><F129/><W79/><G73/><T61/><D96/><U32/><E32/><V90/><F27/><W111/><G111/><N who="1" m="42570" /><E130/><V5/><F5/><W116/><G116/><N who="1" m="44650" /><E56/><V68/><F68/><W35/><G35/><AGARI ba="0,0" hai="3,7,9,34,35,49,54,59,90,93,98,124,125,127" machi="35" ten="40,1300,0" yaku="18,1" doraHai="77" who="2" fromWho="3" sc="224,0,237,0,302,13,237,-13" /><INIT seed="2,0,0,5,5,117" ten="224,237,315,224" oya="2" hai0="97,65,37,13,110,127,50,91,99,100,106,8,31" hai1="42,108,88,47,115,120,83,107,64,29,96,30,104" hai2="59,116,113,27,25,52,5,49,81,33,66,40,21" hai3="87,16,70,15,61,14,80,45,18,20,129,12,90"/><V93/><F116/><W89/><G129/><T67/><D37/><U63/><E115/><V2/><F113/><W69/><G61/><T43/><D110/><U9/><E108/><V1/><F33/><W131/><G131/><T101/><D127/><U135/><E135/><V62/><F40/><W133/><G133/><T72/><D72/><U132/><E132/><V92/><F2/><W6/><G6/><T58/><D91/><U94/><E83/><V4/><F81/><W54/><G90/><T112/><D31/><U17/><E30/><V109/><F109/><W98/><G98/><T39/><D39/><U3/><E29/><V24/><F21/><W118/><G118/><T10/><D112/><U105/><E120/><V35/><F35/><W75/><G75/><T19/><D8/><U48/><E3/><V7/><REACH who="2" step="1"/><F1/><REACH who="2" ten="224,237,305,224" step="2"/><W124/><G124/><T73/><D43/><U74/><E74/><V84/><F84/><W103/><G103/><T36/><D73/><U78/><E78/><V76/><F76/><W128/><G128/><T22/><D22/><U26/><E26/><V122/><F122/><W32/><G32/><T38/><D101/><U119/><E119/><V95/><F95/><W55/><G15/><T34/><D34/><U125/><E125/><V114/><F114/><W44/><G87/><T134/><D134/><U0/><E0/><V51/><F51/><W56/><G80/><T60/><D50/><U46/><E48/><V130/><F130/><W126/><G20/><T102/><D102/><U123/><E123/><V111/><F111/><W85/><G126/><RYUUKYOKU ba="0,1" sc="224,-10,237,-10,305,30,224,-10" hai2="4,5,7,24,25,27,49,52,59,62,66,92,93" /><INIT seed="2,1,1,1,2,53" ten="214,227,335,214" oya="2" hai0="10,98,133,95,38,26,88,9,73,12,20,89,105" hai1="2,82,13,106,72,14,104,52,87,42,113,102,28" hai2="86,83,19,22,116,5,101,41,107,115,25,94,21" hai3="30,71,126,99,59,44,108,61,66,103,54,75,63"/><V50/><F107/><W119/><G75/><T120/><D120/><U1/><E72/><V39/><F39/><W134/><G119/><T85/><D73/><U100/><E42/><V68/><F68/><W17/><G108/><T51/><D38/><U58/><E113/><V132/><F132/><W24/><G134/><T78/><D133/><U60/><E28/><N who="2" m="17455" /><F5/><W74/><G74/><T123/><D123/><U76/><E106/><V40/><F116/><W124/><G17/><N who="0" m="12559" /><D78/><U67/><E67/><V130/><F130/><W47/><G126/><T121/><D105/><U33/><E33/><V57/><F115/><W64/><G124/><T69/><D69/><U45/><E45/><V84/><F57/><W111/><G111/><T109/><D109/><U127/><E127/><V0/><F50/><W46/><G103/><T31/><D121/><U18/><E14/><V90/><F0/><W128/><G128/><T93/><D31/><U131/><E131/><V23/><F23/><W80/><G99/><T96/><D96/><U97/><E102/><V37/><F37/><W48/><REACH who="3" step="1"/><G80/><REACH who="3" ten="214,227,335,204" step="2"/><T91/><D98/><U79/><E79/><N who="2" m="46207" /><F101/><W125/><G125/><T117/><D117/><U8/><AGARI ba="1,2" hai="1,2,8,13,18,52,58,60,76,82,87,97,100,104" machi="8" ten="20,5200,0" yaku="0,1,7,1,52,1,54,1" doraHai="53" who="1" fromWho="1" sc="214,-14,227,75,335,-27,204,-14" /><INIT seed="3,0,0,5,0,96" ten="200,302,308,190" oya="3" hai0="87,102,119,69,120,3,93,9,27,46,106,1,51" hai1="91,41,99,95,77,36,88,34,2,38,85,47,37" hai2="20,23,94,50,11,125,126,12,117,39,13,90,26" hai3="40,109,5,111,29,7,45,121,75,115,107,81,97"/><W135/><G121/><T16/><D120/><U52/><E2/><V116/><F39/><N who="3" m="21663" /><G115/><T118/><D106/><U130/><E34/><V62/><F62/><W112/><G112/><T124/><D69/><U33/><E33/><V66/><F50/><W25/><G7/><T71/><D71/><U14/><E77/><V132/><F66/><W59/><G135/><T53/><D124/><N who="2" m="47722" /><F132/><W48/><G5/><T100/><D1/><U133/><E133/><V128/><F128/><W60/><G48/><T129/><D3/><U82/><E130/><V42/><F42/><W17/><G17/><T113/><D129/><U131/><E131/><V108/><F108/><N who="3" m="41547" /><G81/><T10/><D113/><U64/><E64/><V6/><F13/><W103/><G75/><T19/><D119/><N who="2" m="45642" /><F26/><W49/><G49/><T110/><D118/><U61/><REACH who="1" step="1"/><E14/><REACH who="1" ten="200,292,308,190" step="2"/><V58/><F58/><AGARI ba="0,1" hai="36,37,38,41,47,52,58,61,82,85,88,91,95,99" machi="58" ten="40,8000,1" yaku="1,1,2,1,54,2,53,1" doraHai="96" doraHaiUra="83" who="1" fromWho="2" sc="200,0,292,90,308,-80,190,0" owari="200,-20.0,382,48.0,228,3.0,190,-31.0" /></mjloggm>