<mjloggm ver="2.3"><GO type="97" lobby="0"/><UN n0="%35%31%32%31%39%35%31%35" n1="%E3%82%A6%E3%83%AB%E3%83%88%E3%83%A9%E7%AB%8B%E7%9B%B4" n2="%6D%6F%6B%6F%63%68%69%6E" n3="%E3%82%BB%E3%83%AB%E3%82%B8%E3%83%A5" dan="15,13,13,15" rate="1951.56,1832.73,1843.64,1957.33" sx="M,M,F,M"/><TAIKYOKU oya="0"/><INIT seed="0,0,0,1,0,120" ten="250,250,250,250" oya="0" hai0="133,11,26,98,59,41,127,10,57,121,113,45,53" hai1="125,108,101,47,39,114,122,132,87,79,66,92,21" hai2="12,64,117,119,84,48,34,38,0,129,30,42,115" hai3="131,97,52,134,67,16,76,106,128,100,14,90,78"/><T56/><D121/><U19/><E122/><V109/><F12/><W86/><G134/><T77/><D133/><U91/><E132/><V37/><F30/><W107/><G107/><T31/><D113/><U82/><E114/><V55/><F84/><W99/><G99/><T46/><D127/><U7/><E125/><V20/><F20/><N who="3" m="11287" /><G67/><T49/><D77/><U13/><E66/><V68/><F34/><W71/><G71/><T2/><D2/><U111/><E101/><V4/><F4/><W35/><G35/><T73/><D73/><U85/><E7/><V58/><F0/><W15/><G15/><T27/><D98/><U105/><REACH who="1" step="1"/><E105/><REACH who="1" ten="250,240,250,250" step="2"/><V62/><F115/><W88/><G106/><T110/><D31/><U89/><E89/><V24/><F129/><W72/><G100/><T93/><D93/><U3/><E3/><V80/><F80/><W25/><G128/><T63/><D63/><U22/><E22/><V95/><F95/><W102/><G102/><T60/><D11/><U69/><E69/><V74/><F68/><W9/><G9/><T51/><D10/><U44/><E44/><V65/><F62/><W6/><G6/><T75/><D75/><U5/><E5/><V104/><F74/><W50/><G72/><T1/><D1/><U94/><E94/><V118/><F104/><W33/><G131/><T8/><D8/><U135/><E135/><V43/><F119/><W28/><G90/><T36/><D36/><U116/><E116/><V70/><F118/><W124/><G124/><T123/><D123/><U83/><E83/><V130/><F117/><RYUUKYOKU ba="0,1" sc="250,-10,240,30,250,-10,250,-10" hai1="13,19,21,39,47,79,82,85,87,91,92,108,111" /><INIT seed="1,1,1,3,4,13" ten="240,270,240,240" oya="1" hai0="91,39,50,22,109,48,74,129,101,58,27,67,70" hai1="123,66,37,83,54,98,118,72,126,5,19,71,60" hai2="81,87,115,100,42,8,134,92,14,105,31,33,135" hai3="43,86,16,20,62,84,15,49,52,120,11,96,130"/><U78/><E123/><V127/><F105/><W65/><G120/><T85/><D74/><U61/><E118/><V34/><F127/><W2/><G130/><T63/><D39/><U3/><E37/><V82/><F115/><W116/><G116/><T51/><D109/><U17/><E126/><V89/><F42/><W90/><G43/><T122/><D129/><U125/><E125/><V124/><F124/><W47/><G2/><T59/><D101/><U79/><E79/><V114/><F114/><W80/><G96/><T113/><D113/><U99/><E99/><V107/><F31/><W77/><G20/><T121/><D121/><U9/><E98/><V24/><F24/><W112/><G112/><T108/><D108/><U32/><E32/><V28/><F28/><W30/><G30/><N who="0" m="17783" /><D122/><U40/><E40/><V76/><F82/><N who="3" m="49431" /><G62/><N who="0" m="38359" /><D70/><U35/><E35/><V26/><F26/><W131/><G131/><T69/><D69/><U104/><E104/><V10/><F10/><W0/><G0/><T106/><D106/><U132/><E132/><N who="2" m="50731" /><F100/><W110/><G110/><T7/><D7/><U88/><E5/><N who="2" m="3343" /><F107/><W73/><G65/><N who="0" m="39167" /><D51/><U1/><E9/><V103/><F103/><W75/><AGARI ba="1,1" hai="11,15,16,47,49,52,73,75,77,80,86" m="49431" machi="75" ten="30,7900,0" yaku="25,1,52,1,54,2" doraHai="13" who="3" fromWho="3" sc="240,-21,270,-40,240,-21,240,92" /><INIT seed="2,0,0,4,3,97" ten="219,230,219,332" oya="2" hai0="24,13,23,52,130,63,132,8,81,59,116,123,40" hai1="105,125,43,85,112,86,72,25,27,109,124,18,34" hai2="79,80,26,117,118,37,48,0,61,100,44,70,35" hai3="92,67,47,14,36,3,126,90,101,120,65,12,106"/><V11/><F37/><W91/><G120/><T135/><D123/><U17/><E105/><V54/><F0/><W5/><G106/><T119/><D40/><U51/><E72/><V30/><F11/><W39/><G126/><N who="1" m="48746" /><E112/><V84/><REACH who="2" step="1"/><F100/><REACH who="2" ten="219,230,209,332" step="2"/><W77/><G101/><T57/><D130/><U82/><E109/><V28/><F28/><W76/><G39/><T4/><D81/><U108/><E108/><V41/><F41/><W75/><G36/><T31/><REACH who="0" step="1"/><D59/><REACH who="0" ten="209,230,209,332" step="2"/><U114/><E43/><V20/><F20/><W60/><G3/><T68/><D68/><U134/><E82/><V62/><F62/><W1/><G60/><T121/><D121/><U33/><E33/><V10/><F10/><W128/><G1/><T42/><D42/><U19/><E34/><V129/><F129/><W21/><G128/><T88/><D88/><U32/><E32/><V107/><F107/><W73/><G90/><T83/><D83/><U6/><E114/><V38/><F38/><W29/><G91/><T104/><D104/><U74/><E51/><V111/><F111/><W94/><G21/><T55/><D55/><U103/><E103/><V87/><F87/><W22/><G22/><T131/><D131/><U110/><E110/><V78/><F78/><W66/><G76/><T53/><D53/><U56/><E56/><V133/><F133/><AGARI ba="0,2" hai="4,8,13,23,24,31,52,57,63,116,119,132,133,135" machi="133" ten="40,8000,1" yaku="1,1,20,1,54,1,53,2" doraHai="97" doraHaiUra="113" who="0" fromWho="2" sc="209,100,230,0,209,-80,332,0" /><INIT seed="3,0,0,1,2,15" ten="309,230,129,332" oya="3" hai0="3,115,123,30,83,9,7,4,95,126,63,133,21" hai1="99,24,120,78,38,50,61,31,36,65,11,82,91" hai2="29,22,55,85,43,64,13,106,129,62,101,70,122" hai3="16,17,100,6,37,102,10,45,81,86,51,118,14"/><W113/><G118/><T0/><D123/><U135/><E135/><V18/><F129/><W49/><G37/><T34/><D133/><U53/><E120/><V73/><F122/><W60/><G60/><T66/><D95/><U41/><E11/><V27/><F73/><W104/><G104/><T134/><D134/><U111/><E111/><V75/><F75/><W39/><G39/><T23/><D83/><U2/><E2/><V124/><F124/><W119/><G113/><T84/><D84/><U103/><E91/><V92/><F43/><N who="3" m="24767" /><G51/><T33/><D63/><U96/><E96/><V44/><F44/><W88/><G119/><T42/><D42/><U114/><E114/><V20/><F55/><W68/><G68/><T32/><D66/><U79/><E53/><V128/><F128/><W87/><G86/><T98/><D98/><U35/><E50/><V74/><F74/><W110/><G110/><T71/><D71/><N who="1" m="42415" /><E41/><V56/><F70/><W72/><G72/><T58/><D58/><U127/><E127/><V90/><F106/><W25/><G25/><T94/><D23/><U121/><E121/><V8/><F8/><W28/><G28/><T59/><D59/><U76/><E38/><V54/><F54/><W1/><G1/><N who="0" m="143" /><D126/><U19/><E36/><V97/><F90/><W67/><G67/><T112/><D115/><U52/><E79/><V12/><REACH who="2" step="1"/><F85/><REACH who="2" ten="309,230,119,332" step="2"/><W47/><G47/><T109/><D112/><U69/><E69/><V108/><F108/><W116/><G116/><T80/><D109/><U132/><E132/><V40/><F40/><W48/><G87/><RYUUKYOKU ba="0,1" sc="309,-10,230,-10,119,30,332,-10" hai2="12,13,18,20,22,27,29,56,62,64,92,97,101" owari="299,10.0,220,-18.0,149,-35.0,332,43.0" /></mjloggm>