<mjloggm ver="2.3"><GO type="41" lobby="0"/><UN n0="%E5%B0%B1%E6%B4%BB%E7%94%9F%40%E5%B7%9D%E6%9D%91%E8%BB%8D%E5%9B%A3" n1="%E5%85%83%E3%81%84%E3%81%A1%E3%81%94%E7%A4%BE%E5%93%A1" n2="%E3%83%91%E3%83%B3%E3%82%B1%E3%83%83%E3%83%8B%E3%83%A7" n3="%E6%94%BE%E9%80%81%E3%81%AA%E3%81%85" dan="15,15,13,13" rate="1971.27,1980.58,1858.20,1931.43" sx="M,M,M,M"/><TAIKYOKU oya="0"/><INIT seed="0,0,0,1,5,110" ten="250,250,250,250" oya="0" hai0="3,91,105,109,97,128,6,81,70,38,9,72,34" hai1="102,130,46,54,116,124,66,90,63,13,111,26,134" hai2="24,58,69,104,33,78,73,126,41,35,31,87,118" hai3="68,15,65,113,131,61,77,40,93,39,80,5,89"/><T22/><D128/><U117/><E102/><V115/><F69/><W74/><G131/><T11/><D109/><U14/><E130/><V0/><F0/><W19/><G5/><T2/><D34/><U120/><E120/><V30/><F104/><W18/><G113/><T129/><D129/><U52/><E111/><V44/><F73/><W135/><G135/><T133/><D133/><U47/><E134/><V49/><F118/><W119/><G119/><T21/><D70/><U85/><E26/><V106/><F106/><W42/><G39/><T27/><D38/><U50/><E124/><V123/><F123/><W83/><G83/><T112/><D112/><U103/><E103/><V122/><F122/><W16/><REACH who="3" step="1"/><G15/><REACH who="3" ten="250,250,250,240" step="2"/><T7/><D105/><U94/><E117/><V96/><F126/><W125/><G125/><T98/><D72/><U99/><E116/><V108/><F108/><W29/><G29/><T48/><D81/><U17/><E14/><V57/><F115/><W84/><AGARI ba="0,1" hai="16,18,19,40,42,61,65,68,74,77,80,84,89,93" machi="84" ten="30,4000,0" yaku="1,1,0,1,54,1,53,0" doraHai="110" doraHaiUra="114" who="3" fromWho="3" sc="250,-20,250,-10,250,-10,240,50" /><INIT seed="1,0,0,4,2,24" ten="230,240,240,290" oya="1" hai0="10,5,88,93,99,62,18,53,51,25,82,1,34" hai1="79,87,77,115,30,84,36,23,37,20,13,21,49" hai2="70,68,16,3,100,119,43,95,52,54,66,130,104" hai3="26,75,117,56,123,72,126,89,35,80,58,39,132"/><U50/><E13/><V124/><F119/><W83/><G123/><T12/><D62/><U125/><E115/><V19/><F3/><W2/><G2/><T44/><D34/><U40/><E125/><V6/><F6/><W91/><G39/><N who="1" m="14922" /><E40/><V22/><F104/><W120/><G120/><T107/><D107/><U118/><E118/><V86/><F43/><W129/><G117/><T106/><D106/><U47/><E47/><V7/><F7/><W134/><G26/><T33/><D33/><U109/><E30/><V73/><F73/><W122/><G35/><T0/><D25/><U128/><E128/><V8/><F124/><W71/><G122/><T76/><REACH who="0" step="1"/><D5/><REACH who="0" ten="220,240,240,290" step="2"/><U114/><E114/><V9/><F130/><W59/><G129/><T63/><D63/><U121/><E121/><V45/><F22/><W11/><G126/><T64/><D64/><U60/><E60/><V101/><F66/><W42/><G71/><T103/><D103/><U113/><E113/><V92/><F45/><W27/><G27/><T135/><D135/><N who="3" m="51753" /><G11/><T38/><D38/><U46/><E21/><V111/><REACH who="2" step="1"/><F86/><AGARI ba="0,1" hai="0,1,10,12,18,44,51,53,76,82,86,88,93,99" machi="86" ten="30,7700,0" yaku="1,1,7,1,54,1,53,1" doraHai="24" doraHaiUra="74" who="0" fromWho="2" sc="220,87,240,0,240,-77,290,0" /><INIT seed="2,0,0,3,5,44" ten="307,240,163,290" oya="2" hai0="78,17,19,123,74,124,100,31,73,27,90,96,21" hai1="97,126,105,129,14,47,111,87,32,71,1,11,98" hai2="112,82,57,113,52,94,63,30,80,67,23,76,84" hai3="9,56,108,16,43,118,119,12,88,54,104,35,13"/><V83/><F112/><W61/><G35/><T10/><D123/><U49/><E71/><V22/><F113/><W2/><G2/><T42/><D124/><U92/><E1/><V131/><F131/><W0/><G0/><T132/><D132/><U7/><E32/><V114/><F114/><W6/><G104/><T4/><D90/><U41/><E129/><V102/><F22/><W69/><G108/><T62/><D42/><U40/><E111/><V117/><F117/><W107/><G107/><T18/><D78/><U120/><E120/><V127/><F127/><W58/><G69/><T72/><D62/><U135/><E135/><V20/><F20/><W91/><G43/><T66/><D66/><U24/><E24/><N who="2" m="16671" /><F67/><W29/><G29/><T125/><D125/><U89/><E126/><V55/><F55/><N who="3" m="33951" /><G119/><T65/><D65/><U38/><E105/><V128/><F128/><W95/><G95/><T68/><D68/><U116/><E116/><V99/><AGARI ba="0,0" hai="52,57,63,76,80,82,83,84,94,99,102" m="16671" machi="99" ten="30,3000,0" yaku="8,1,54,1" doraHai="44" who="2" fromWho="2" sc="307,-10,240,-10,163,30,290,-10" /><INIT seed="2,1,0,0,1,91" ten="297,230,193,280" oya="2" hai0="26,65,123,83,15,55,41,43,110,93,44,21,117" hai1="85,135,127,29,39,46,64,27,86,126,49,104,48" hai2="66,131,38,36,112,32,51,53,107,122,70,88,115" hai3="82,72,68,87,16,14,57,9,90,89,23,56,20"/><V31/><F122/><W47/><G68/><T118/><D110/><U84/><E104/><V19/><F107/><W129/><G129/><T133/><D123/><U94/><E64/><V120/><F120/><W125/><G125/><N who="1" m="47626" /><E135/><V95/><F131/><W111/><G111/><T109/><D133/><U134/><E134/><V59/><F38/><W97/><G72/><T74/><D109/><U77/><E77/><V113/><F36/><W2/><G47/><T80/><D65/><U40/><E94/><V25/><F19/><W124/><G124/><T102/><D15/><U73/><E73/><V69/><REACH who="2" step="1"/><F66/><REACH who="2" ten="297,230,183,280" step="2"/><W17/><G9/><T8/><D117/><U116/><E116/><V10/><F10/><W52/><G2/><T4/><D118/><U96/><E29/><V45/><F45/><W103/><G56/><T62/><D8/><U99/><E39/><V76/><F76/><W114/><G114/><T1/><D4/><U24/><E46/><V105/><F105/><W30/><G30/><T71/><D44/><U128/><E128/><V6/><F6/><W75/><G17/><T108/><D108/><U12/><E40/><V58/><F58/><W81/><G57/><T3/><D43/><U101/><E48/><V67/><F67/><W61/><G52/><T34/><D41/><U50/><E49/><V63/><F63/><W121/><G61/><T37/><D55/><U106/><E50/><V7/><F7/><W79/><G121/><T33/><D62/><U130/><E106/><V42/><F42/><W11/><G79/><T78/><D78/><U13/><E130/><RYUUKYOKU ba="1,1" sc="297,-10,230,-10,183,30,280,-10" hai2="25,31,32,51,53,59,69,70,88,95,112,113,115" /><INIT seed="2,2,1,4,2,106" ten="287,220,213,270" oya="2" hai0="95,86,5,11,35,22,88,13,104,116,25,56,100" hai1="61,58,99,64,73,102,52,18,134,4,93,75,74" hai2="89,20,130,57,50,91,26,79,128,80,8,115,17" hai3="76,19,132,3,114,90,24,83,97,87,48,59,45"/><V38/><F38/><W23/><G132/><T44/><D35/><U94/><E134/><V51/><F115/><W53/><G114/><T85/><D116/><U113/><E113/><V126/><F126/><W32/><G3/><T29/><D104/><U66/><E4/><V31/><F51/><W7/><G7/><T71/><D71/><U109/><E109/><V117/><F117/><W96/><G32/><T42/><D56/><U1/><E1/><V63/><F50/><W103/><G90/><T54/><D54/><BYE who="0" /><UN n0="%E5%B0%B1%E6%B4%BB%E7%94%9F%40%E5%B7%9D%E6%9D%91%E8%BB%8D%E5%9B%A3" /><U69/><E18/><V101/><F101/><W125/><G125/><T112/><D112/><U0/><E0/><V10/><F31/><W36/><G36/><T40/><D100/><U84/><REACH who="1" step="1"/><E69/><REACH who="1" ten="287,210,213,270" step="2"/><V119/><F119/><W33/><G45/><T122/><D122/><U124/><E124/><V127/><F127/><W120/><G120/><T43/><REACH who="0" step="1"/><D85/><REACH who="0" ten="277,210,213,270" step="2"/><U49/><E49/><AGARI ba="2,3" hai="5,11,13,22,25,29,40,42,43,44,49,86,88,95" machi="49" ten="30,12000,2" yaku="1,1,2,1,7,1,8,1,54,1,53,1" doraHai="106" doraHaiUra="81" who="0" fromWho="1" sc="277,156,210,-126,213,0,270,0" /><INIT seed="3,0,0,3,3,110" ten="433,84,213,270" oya="3" hai0="4,126,64,34,7,55,47,57,71,23,36,103,67" hai1="91,16,131,101,8,18,25,70,111,74,72,10,63" hai2="13,80,129,60,5,21,123,38,85,19,53,135,106" hai3="0,30,107,102,68,122,92,100,49,134,37,130,109"/><W108/><G37/><T78/><D34/><U114/><E111/><N who="3" m="42570" /><G122/><T87/><D126/><U22/><E101/><V79/><F106/><W133/><G0/><T97/><D71/><U40/><E131/><V118/><F38/><W96/><G68/><T124/><D124/><U116/><E40/><V121/><F118/><W27/><G49/><T28/><D36/><U31/><E116/><V89/><F129/><W76/><G130/><T94/><D47/><U132/><E132/><N who="3" m="50794" /><G27/><N who="0" m="16511" /><D87/><U81/><E63/><V6/><F135/><W120/><G30/><T84/><D84/><N who="1" m="50575" /><E74/><V56/><REACH who="2" step="1"/><F79/><REACH who="2" ten="433,84,203,270" step="2"/><W105/><G120/><AGARI ba="0,1" hai="5,6,13,19,21,53,56,60,80,85,89,120,121,123" machi="120" ten="40,5200,0" yaku="1,1,2,1,13,1,53,0" doraHai="110" doraHaiUra="98" who="2" fromWho="3" sc="433,0,84,0,203,62,270,-52" /><INIT seed="4,0,0,5,4,62" ten="433,84,265,218" oya="0" hai0="121,22,95,10,53,61,31,98,75,93,13,115,85" hai1="59,104,86,18,30,105,131,134,14,126,133,110,45" hai2="101,83,107,80,100,106,109,1,19,71,129,41,118" hai3="9,57,70,120,72,113,29,38,26,123,28,108,78"/><T5/><D75/><U15/><E110/><V97/><F1/><W96/><G108/><T50/><D121/><U122/><E122/><N who="3" m="46634" /><G70/><T39/><D115/><U24/><E45/><V128/><F109/><W20/><G113/><T90/><D39/><U48/><E86/><V117/><F41/><W16/><G38/><T111/><D111/><U4/><E48/><V6/><F6/><W73/><G96/><T76/><D61/><U3/><E59/><V82/><F71/><W25/><G57/><T36/><D36/><U103/><E103/><V42/><F19/><W27/><G78/><T34/><D34/><N who="1" m="20807" /><E104/><N who="2" m="39979" /><F42/><W55/><G55/><T125/><D125/><U94/><E94/><N who="2" m="58423" /><F101/><W51/><G51/><T58/><D76/><U119/><E105/><V79/><F79/><W21/><G73/><T74/><D74/><U33/><E33/><V23/><F23/><N who="3" m="8779" /><G72/><T91/><D22/><U65/><E65/><V8/><F8/><W49/><G49/><T92/><D92/><U68/><E68/><V32/><F32/><W44/><G44/><T46/><D31/><U67/><E67/><V37/><F37/><W135/><G135/><T2/><D2/><U56/><E3/><V130/><AGARI ba="0,0" hai="80,82,83,117,118,128,129,130" m="58423,39979" machi="130" ten="40,5200,0" yaku="19,1,34,2" doraHai="62" who="2" fromWho="2" sc="433,-26,84,-13,265,52,218,-13" /><INIT seed="5,0,0,3,3,37" ten="407,71,317,205" oya="1" hai0="114,106,92,86,52,98,54,88,109,101,28,22,40" hai1="34,3,84,120,118,5,29,129,7,124,107,42,1" hai2="110,102,71,128,35,16,78,79,56,13,31,11,62" hai3="87,45,24,113,30,125,8,130,122,2,127,112,41"/><U75/><E84/><V121/><F121/><W95/><G87/><T14/><D109/><U66/><E66/><V85/><F110/><W70/><G95/><N who="0" m="54679" /><D114/><N who="3" m="44137" /><G70/><T69/><D106/><U93/><E93/><V33/><F71/><W80/><G80/><T135/><D69/><U123/><E75/><V103/><F128/><W60/><G60/><T23/><D135/><U99/><E99/><V132/><F132/><W108/><G108/><T25/><D40/><U91/><E42/><V58/><F58/><W94/><G94/><T15/><D23/><U105/><E91/><V17/><F35/><N who="3" m="20935" /><G122/><N who="1" m="46634" /><E107/><V119/><F85/><W82/><G82/><T63/><D54/><U27/><E105/><V64/><F102/><W133/><G133/><T46/><D46/><U68/><E68/><V117/><F103/><W115/><G115/><T96/><D96/><U36/><E36/><V90/><F79/><W32/><G130/><T18/><D28/><U126/><E129/><V48/><F31/><W100/><G100/><T89/><D101/><U50/><E50/><V61/><F78/><W59/><G59/><AGARI ba="0,0" hai="14,15,18,22,25,52,59,63,89,92,98" m="54679" machi="59" ten="30,7700,0" yaku="25,1,8,1,54,2" doraHai="37" who="0" fromWho="3" sc="407,77,71,0,317,0,205,-77" /><INIT seed="6,0,0,3,4,4" ten="484,71,317,128" oya="2" hai0="59,74,75,53,87,85,12,14,111,13,79,83,64" hai1="22,52,84,55,20,106,28,80,25,44,125,1,2" hai2="29,36,130,100,45,110,17,50,63,124,49,8,24" hai3="133,123,41,35,121,81,3,54,131,88,105,90,19"/><V7/><F130/><W91/><G131/><T103/><D111/><U89/><E106/><V135/><F110/><W128/><G133/><T43/><D64/><U117/><E125/><V119/><F119/><W33/><G128/><T77/><D103/><U112/><E112/><V129/><F129/><W30/><G105/><T58/><D43/><U26/><E117/><V98/><F135/><W95/><G3/><T62/><D59/><U46/><E2/><V67/><F124/><W10/><G41/><T9/><D9/><U65/><E1/><V120/><F120/><W32/><G30/><T68/><D68/><U61/><E46/><V73/><F17/><W102/><G54/><T42/><D42/><U99/><E99/><V6/><F73/><W0/><G81/><AGARI ba="0,0" hai="12,13,14,53,58,62,74,75,77,79,81,83,85,87" machi="81" ten="40,1300,0" yaku="9,1" doraHai="4" who="0" fromWho="3" sc="484,13,71,0,317,0,128,-13" /><INIT seed="7,0,0,2,2,56" ten="497,71,317,115" oya="3" hai0="26,5,113,118,135,129,101,40,126,19,42,112,51" hai1="25,1,23,117,108,15,53,9,122,38,92,123,12" hai2="13,85,32,99,90,18,11,41,91,17,81,75,79" hai3="21,6,62,93,65,52,59,116,94,70,115,104,109"/><W76/><G116/><T131/><D5/><U44/><E108/><V95/><F32/><W8/><G109/><T132/><D101/><U45/><E38/><V128/><F41/><N who="0" m="15978" /><D118/><U43/><E43/><V10/><F128/><N who="0" m="49226" /><D126/><U124/><E124/><V74/><F91/><W4/><G115/><N who="0" m="44107" /><D51/><U77/><E77/><V7/><F7/><W80/><G104/><T0/><D0/><U58/><E117/><V55/><F55/><W110/><G6/><T106/><D106/><U22/><E122/><V36/><F36/><W57/><G21/><AGARI ba="0,0" hai="19,21,26,132,135" m="44107,49226,15978" machi="21" ten="40,5200,0" yaku="19,1,15,1,11,1" doraHai="56" who="0" fromWho="3" sc="497,52,71,0,317,0,115,-52" owari="549,65.0,71,-33.0,317,12.0,63,-44.0" /></mjloggm>