<mjloggm ver="2.3"><GO type="97" lobby="0"/><UN n0="%64%65%63%5F%73%6F%72%64" n1="%E3%82%A6%E3%83%AB%E3%83%88%E3%83%A9%E7%AB%8B%E7%9B%B4" n2="%E3%82%B7%E3%83%BC%E3%83%8A" n3="%6D%6F%72%6F%6E%69%65%36" dan="15,15,14,13" rate="2035.52,1971.87,1930.95,1850.25" sx="M,M,M,M"/><TAIKYOKU oya="0"/><INIT seed="0,0,0,5,2,133" ten="250,250,250,250" oya="0" hai0="14,38,74,114,35,5,42,103,57,110,68,113,100" hai1="90,39,96,105,53,125,66,85,99,23,135,65,49" hai2="132,50,101,58,55,51,115,54,116,122,20,91,127" hai3="17,81,4,37,119,83,80,82,93,88,12,62,78"/><T33/><D68/><U29/><E39/><V63/><F132/><W46/><G119/><T129/><D74/><U130/><E130/><V28/><F127/><W124/><G62/><T0/><D57/><U26/><E135/><V47/><F116/><W60/><G60/><T67/><D14/><U131/><E131/><V24/><F122/><W118/><G118/><T25/><D67/><U77/><E77/><V40/><F115/><W121/><G121/><T112/><D129/><U32/><E32/><N who="0" m="12361" /><D25/><U41/><E41/><V13/><F13/><W70/><G70/><T48/><D48/><U87/><E125/><V56/><F91/><W9/><G124/><T1/><D5/><U21/><E21/><V76/><F76/><W43/><G4/><T73/><D73/><U92/><E105/><V34/><REACH who="2" step="1"/><F34/><REACH who="2" ten="250,250,240,250" step="2"/><W75/><REACH who="3" step="1"/><G83/><REACH who="3" ten="250,250,240,240" step="2"/><T45/><D112/><U31/><E65/><V3/><F3/><W61/><G61/><T104/><D114/><U6/><E66/><V71/><F71/><W59/><G59/><T107/><D1/><U95/><E6/><V109/><F109/><W69/><G69/><T108/><D0/><U97/><E31/><V134/><F134/><W84/><AGARI ba="0,2" hai="9,12,17,37,43,46,75,78,80,81,82,84,88,93" machi="84" ten="20,5200,0" yaku="1,1,0,1,7,1,54,1,53,0" doraHai="133" doraHaiUra="52" who="3" fromWho="3" sc="250,-26,250,-13,240,-13,240,72" /><INIT seed="1,0,0,1,1,117" ten="224,237,227,312" oya="1" hai0="111,134,40,109,105,59,127,99,42,45,128,90,107" hai1="65,74,32,110,73,43,102,115,79,82,123,132,96" hai2="9,84,135,15,119,113,75,16,120,53,91,1,116" hai3="100,24,8,41,118,133,78,98,89,57,63,7,52"/><U30/><E43/><N who="0" m="16425" /><D45/><U101/><E65/><V21/><F75/><W83/><G118/><T56/><D127/><U47/><E47/><V72/><F72/><N who="1" m="27753" /><E30/><V66/><F66/><W86/><G41/><T14/><D14/><U121/><E32/><V10/><F113/><W77/><G133/><T54/><D54/><U58/><E58/><N who="0" m="22057" /><D134/><U35/><E35/><V23/><F53/><W97/><G24/><T112/><D112/><U18/><E18/><V60/><F135/><W13/><G98/><T0/><D0/><U129/><E132/><V69/><F1/><W64/><REACH who="3" step="1"/><G64/><REACH who="3" ten="224,237,227,302" step="2"/><T4/><D99/><U36/><E115/><V49/><F116/><W62/><G62/><T67/><D67/><U50/><E36/><V2/><F60/><W88/><G88/><T44/><D90/><U106/><E50/><V27/><F49/><W87/><G87/><T122/><D122/><N who="1" m="46603" /><E102/><V108/><F119/><W31/><G31/><T124/><D124/><U130/><E110/><V70/><F108/><W20/><G20/><T12/><D111/><U114/><E114/><V95/><F120/><W5/><G5/><T131/><D109/><U29/><E29/><V33/><F33/><W126/><G126/><T103/><D4/><U17/><E17/><V6/><F23/><W46/><G46/><T22/><D44/><U94/><E106/><AGARI ba="0,1" hai="7,8,13,52,57,63,77,78,83,86,89,97,100,106" machi="106" ten="30,7700,0" yaku="1,1,7,1,54,1,53,1" doraHai="117" doraHaiUra="55" who="3" fromWho="1" sc="224,0,237,-77,227,0,302,87" /><INIT seed="2,0,0,3,0,67" ten="224,160,227,389" oya="2" hai0="130,132,6,54,124,14,59,126,57,3,128,104,45" hai1="114,108,20,61,71,72,77,99,66,112,79,127,60" hai2="129,90,22,98,41,74,122,25,93,118,119,7,76" hai3="38,86,134,42,64,9,133,95,62,21,105,44,26"/><V29/><F122/><W53/><G105/><T30/><D104/><U52/><E127/><N who="0" m="48681" /><D3/><U69/><E108/><V32/><F129/><N who="0" m="49770" /><D30/><U39/><E99/><V34/><F7/><W24/><G9/><N who="0" m="4407" /><D45/><U58/><E39/><V17/><F41/><W121/><G121/><T131/><N who="0" m="49778" /><T125/><N who="0" m="48689" /><DORA hai="78" /><T40/><DORA hai="63" /><D40/><U33/><E33/><V23/><F23/><W28/><G53/><T91/><D91/><U82/><E77/><V50/><F50/><W47/><G44/><T84/><D84/><U15/><REACH who="1" step="1"/><E71/><REACH who="1" ten="224,150,227,389" step="2"/><V123/><F123/><W48/><G38/><T107/><D107/><U0/><E0/><V35/><REACH who="2" step="1"/><F29/><REACH who="2" ten="224,150,217,389" step="2"/><W12/><G28/><T51/><D59/><U18/><AGARI ba="0,2" hai="15,18,20,52,58,60,61,66,69,72,79,82,112,114" machi="18" ten="30,16000,3" yaku="1,1,0,1,52,3,54,1,53,4" doraHai="67,78,63" doraHaiUra="109,19,106" who="1" fromWho="1" sc="224,-40,150,180,217,-80,389,-40" /><INIT seed="3,0,0,5,1,51" ten="184,330,137,349" oya="3" hai0="122,34,127,28,15,1,22,97,95,29,131,56,52" hai1="85,125,81,109,103,129,69,14,68,5,101,118,73" hai2="113,67,20,74,132,114,50,100,19,7,45,62,110" hai3="40,71,121,64,91,133,66,104,27,21,99,65,31"/><W24/><G121/><T57/><D122/><U117/><E73/><V102/><F110/><W30/><G40/><T35/><D1/><U53/><E109/><V47/><F74/><W130/><G130/><T48/><D127/><U93/><E14/><V82/><F132/><W106/><G133/><T46/><D131/><U23/><E23/><V120/><F120/><W108/><G108/><T9/><D35/><U58/><E5/><V90/><F7/><W86/><G71/><N who="1" m="27210" /><E93/><V123/><F123/><W92/><REACH who="3" step="1"/><G99/><REACH who="3" ten="184,330,137,339" step="2"/><T128/><D128/><U107/><E129/><V60/><F113/><W38/><G38/><T32/><D32/><AGARI ba="0,1" hai="21,24,27,30,31,32,64,65,66,86,91,92,104,106" machi="32" ten="40,2000,0" yaku="1,1,53,0" doraHai="51" doraHaiUra="94" who="3" fromWho="0" sc="184,-20,330,0,137,0,339,30" owari="164,-24.0,330,13.0,137,-36.0,369,47.0" /></mjloggm>