<mjloggm ver="2.3"><GO type="41" lobby="0"/><UN n0="%E6%9F%90%E5%90%9B" n1="%E3%82%A6%E3%83%AB%E3%83%88%E3%83%A9%E7%AB%8B%E7%9B%B4" n2="%63%68%6F%6E%6A%69" n3="%E2%98%86%57%48%49%54%45%E2%98%86" dan="15,15,15,14" rate="2122.04,1993.55,2033.10,1898.91" sx="M,M,M,M"/><TAIKYOKU oya="0"/><INIT seed="0,0,0,4,5,10" ten="250,250,250,250" oya="0" hai0="61,125,108,14,76,79,47,20,26,123,111,118,92" hai1="17,8,42,72,60,45,78,28,53,73,48,41,104" hai2="65,88,90,89,34,112,66,51,18,100,39,77,30" hai3="64,115,44,24,43,15,12,2,106,52,63,50,120"/><T105/><BYE who="1" /><D105/><UN n1="%E3%82%A6%E3%83%AB%E3%83%88%E3%83%A9%E7%AB%8B%E7%9B%B4" /><U91/><E104/><V129/><F112/><W85/><G106/><T87/><D123/><U9/><E73/><V109/><F39/><W58/><G2/><T133/><D118/><U19/><E78/><V135/><F100/><W5/><G115/><T37/><D133/><U126/><E72/><V102/><F135/><W29/><G5/><T84/><D61/><U35/><E28/><V27/><F102/><W57/><G120/><T0/><D0/><U82/><E35/><V94/><F77/><W4/><G4/><T67/><D67/><U74/><E74/><V33/><F129/><W46/><G85/><T101/><D125/><U132/><E132/><V36/><F36/><W13/><REACH who="3" step="1"/><G43/><REACH who="3" ten="250,250,250,240" step="2"/><N who="0" m="23023" /><D87/><U117/><E117/><V71/><F71/><W54/><G54/><T3/><D3/><U103/><E42/><V23/><F66/><W75/><G75/><T7/><D84/><U121/><E121/><V99/><F65/><W131/><G131/><T21/><D79/><U127/><E127/><V11/><F34/><AGARI ba="0,1" hai="12,13,15,24,29,34,44,46,50,52,57,58,63,64" machi="34" ten="40,12000,2" yaku="1,1,52,3,54,1,53,2" doraHai="10" doraHaiUra="55" who="3" fromWho="2" sc="250,0,250,0,250,-120,240,130" /><INIT seed="1,0,0,5,4,14" ten="250,250,130,370" oya="1" hai0="104,115,100,60,55,26,119,8,50,19,122,134,46" hai1="15,90,89,36,96,91,41,112,30,130,93,20,11" hai2="56,1,106,117,17,48,111,13,31,102,114,61,0" hai3="18,103,62,75,35,7,12,84,29,74,33,109,79"/><U39/><E112/><V67/><F117/><W127/><G127/><T81/><D115/><U25/><E130/><V108/><F114/><W68/><G109/><N who="2" m="42057" /><F31/><W121/><G121/><T133/><D119/><U21/><E21/><N who="2" m="11439" /><F48/><W44/><G103/><T63/><D122/><U132/><E132/><N who="0" m="50793" /><D81/><U113/><E113/><V78/><F78/><W101/><G101/><T43/><D43/><U3/><E3/><N who="2" m="1099" /><F102/><W5/><G75/><T23/><D8/><U38/><REACH who="1" step="1"/><E41/><REACH who="1" ten="250,240,130,370" step="2"/><V71/><F106/><W65/><G35/><T42/><D42/><U125/><E125/><V105/><F105/><W107/><G33/><T66/><D66/><U82/><E82/><V92/><F92/><W73/><G107/><T131/><D131/><U123/><E123/><V83/><F83/><W51/><G65/><T126/><D126/><U58/><E58/><AGARI ba="0,1" hai="56,58,61,67,71" m="1099,11439,42057" machi="58" ten="30,2000,0" yaku="14,1,52,1" doraHai="14" who="2" fromWho="1" sc="250,0,240,-20,130,30,370,0" /><INIT seed="2,0,0,2,5,62" ten="250,220,160,370" oya="2" hai0="18,35,86,53,55,46,40,11,133,59,79,113,32" hai1="27,135,45,109,61,115,114,119,111,134,90,26,58" hai2="5,43,36,108,100,4,95,7,69,16,129,89,130" hai3="127,77,104,97,17,106,51,39,42,92,54,96,21"/><V128/><F100/><W57/><G127/><T103/><D113/><U94/><E90/><V28/><F28/><W83/><G42/><T118/><D118/><U75/><E94/><V38/><F69/><W41/><G41/><T116/><D116/><U10/><E75/><V88/><F108/><N who="1" m="41545" /><E119/><V14/><F43/><W3/><G3/><T66/><D133/><N who="1" m="50699" /><E45/><V15/><F15/><W126/><G126/><T131/><D131/><U91/><E91/><N who="2" m="34891" /><F95/><W49/><G39/><T47/><D103/><U80/><E80/><V24/><F24/><N who="1" m="9257" /><E10/><AGARI ba="0,0" hai="4,5,7,10,14,16,36,38,128,129,130" m="34891" machi="10" ten="40,7700,0" yaku="19,1,54,2" doraHai="62" who="2" fromWho="1" sc="250,0,220,-77,160,77,370,0" /><INIT seed="2,1,0,3,1,90" ten="250,143,237,370" oya="2" hai0="56,48,32,117,82,135,127,23,70,16,52,35,105" hai1="120,83,128,80,124,74,110,29,20,0,112,118,42" hai2="53,28,17,18,58,86,3,116,5,126,130,39,65" hai3="4,96,12,69,134,101,64,113,27,133,132,59,95"/><V67/><F116/><W10/><G113/><T93/><D117/><U30/><E20/><V78/><F39/><W76/><G76/><T7/><D105/><U88/><E42/><V87/><F130/><W9/><G9/><T47/><D135/><U103/><E103/><V122/><F122/><W44/><G44/><T66/><D127/><U97/><E0/><V38/><F126/><W43/><G43/><T33/><D70/><U104/><E124/><V37/><F28/><W94/><G27/><T131/><D131/><U40/><E40/><V125/><F125/><W102/><G69/><T14/><D82/><U106/><E128/><V81/><F3/><W24/><G24/><T121/><D121/><U61/><E120/><V55/><F81/><W1/><G1/><T19/><D19/><U109/><E118/><V98/><F98/><N who="3" m="59607" /><G59/><T51/><D7/><U79/><E97/><V34/><F58/><W91/><G64/><T85/><D66/><U8/><E8/><V114/><F114/><W123/><G123/><T77/><D77/><U75/><E112/><V60/><F78/><W115/><G115/><T54/><REACH who="0" step="1"/><D33/><REACH who="0" ten="240,143,237,370" step="2"/><U68/><E79/><V36/><F5/><W129/><G129/><T71/><D71/><U13/><E68/><V41/><F34/><W111/><G111/><T92/><D92/><U46/><E110/><V84/><F41/><W100/><AGARI ba="1,1" hai="4,10,12,91,95,96,100,102,132,133,134" m="59607" machi="100" ten="40,5200,0" yaku="20,1,52,2" doraHai="90" who="3" fromWho="3" sc="240,-14,143,-14,237,-27,370,65" /><INIT seed="3,0,0,1,2,81" ten="226,129,210,435" oya="3" hai0="124,7,54,35,110,3,61,103,96,14,105,132,84" hai1="109,19,42,99,57,128,70,50,44,123,55,85,117" hai2="98,45,75,60,29,21,58,131,27,12,130,90,113" hai3="36,78,134,83,71,47,100,108,92,122,59,82,65"/><W129/><G122/><T66/><D54/><U64/><E123/><V15/><F113/><W4/><G71/><T25/><D14/><U106/><E106/><V74/><F74/><W97/><G108/><T43/><D110/><U34/><E34/><V5/><F75/><W120/><G120/><T20/><D20/><U94/><E109/><V2/><F2/><W93/><G129/><N who="2" m="49161" /><F45/><W49/><G134/><T28/><D43/><U41/><E128/><V135/><F5/><W63/><G36/><T121/><D121/><U86/><E117/><V67/><F135/><W17/><G4/><T39/><D132/><U13/><E70/><V125/><F125/><W115/><G115/><T126/><D84/><N who="1" m="32363" /><E64/><V102/><F90/><W68/><G68/><N who="0" m="42063" /><D39/><U127/><E127/><N who="0" m="48681" /><D7/><U10/><E44/><V62/><F60/><W104/><G82/><T116/><D116/><U52/><E55/><V0/><F0/><AGARI ba="0,0" hai="0,3,25,28,35,96,103,105" m="48681,42063" machi="0" ten="30,3900,0" yaku="25,1,18,1,23,1" doraHai="81" who="0" fromWho="2" sc="226,39,129,0,210,-39,435,0" /><INIT seed="4,0,0,1,0,37" ten="265,129,171,435" oya="0" hai0="115,105,60,53,90,87,10,1,92,82,46,107,31" hai1="112,18,44,131,17,5,86,27,65,34,81,91,0" hai2="24,40,99,6,12,73,88,51,14,110,68,25,109" hai3="72,89,78,123,4,135,129,38,119,128,29,41,79"/><T55/><D31/><U96/><E131/><N who="3" m="50250" /><G119/><T21/><D115/><U57/><E5/><V93/><F68/><W67/><G67/><T54/><D21/><U15/><E0/><V70/><F70/><W36/><G29/><T111/><D111/><U64/><E112/><V133/><F73/><W98/><G4/><T42/><D10/><U56/><E34/><V16/><F6/><W127/><G123/><T117/><D117/><U30/><E30/><V59/><F133/><W121/><G135/><T22/><D22/><U28/><E28/><V75/><F75/><W48/><G121/><T124/><D1/><U35/><E35/><V52/><F40/><W19/><G19/><T104/><D124/><U39/><E27/><V2/><F2/><W102/><G89/><T134/><D134/><U71/><E71/><V106/><F106/><N who="3" m="63831" /><G127/><T47/><D47/><U3/><E3/><V74/><F74/><W11/><G11/><T8/><D8/><U113/><E18/><V23/><F14/><W103/><G103/><T83/><REACH who="0" step="1"/><D60/><REACH who="0" ten="255,129,171,435" step="2"/><U97/><E113/><V7/><REACH who="2" step="1"/><F7/><REACH who="2" ten="255,129,161,435" step="2"/><W69/><G72/><T132/><D132/><U122/><E122/><V43/><F43/><W62/><G41/><T26/><D26/><AGARI ba="0,2" hai="12,16,23,24,25,26,51,52,59,88,93,99,109,110" machi="26" ten="40,8000,1" yaku="1,1,54,3,53,1" doraHai="37" doraHaiUra="95" who="2" fromWho="0" sc="255,-80,129,0,161,100,435,0" /><INIT seed="5,0,0,3,3,120" ten="175,129,261,435" oya="1" hai0="111,42,34,92,110,30,96,124,24,135,69,73,84" hai1="27,40,100,86,20,87,39,9,89,47,32,129,103" hai2="61,19,53,101,122,118,44,119,109,8,83,106,65" hai3="1,68,12,99,38,88,63,15,121,60,62,78,52"/><U56/><E129/><V123/><F83/><W14/><G1/><T115/><D73/><U85/><E32/><V114/><F101/><W59/><G38/><T37/><D69/><U3/><E89/><V18/><F106/><W48/><G121/><N who="2" m="46089" /><F8/><W128/><G128/><T98/><D135/><U77/><E77/><V70/><F19/><W35/><G35/><T105/><D124/><U23/><E20/><V43/><F18/><W66/><G78/><T72/><D72/><U81/><E81/><V25/><F25/><W80/><REACH who="3" step="1"/><G99/><REACH who="3" ten="175,129,261,425" step="2"/><T117/><D117/><N who="2" m="44554" /><F114/><W26/><G26/><T71/><D115/><U41/><E3/><V5/><F5/><W133/><G133/><T91/><D71/><U76/><E39/><N who="2" m="21631" /><F53/><W64/><G64/><T94/><D105/><U21/><E76/><V97/><F97/><W107/><G107/><T51/><D98/><U55/><E86/><AGARI ba="0,1" hai="12,14,15,48,52,59,60,62,63,66,68,80,86,88" machi="86" ten="40,5200,0" yaku="1,1,54,2,53,0" doraHai="120" doraHaiUra="130" who="3" fromWho="1" sc="175,0,129,-52,261,0,425,62" /><INIT seed="6,0,0,1,3,101" ten="175,77,261,487" oya="2" hai0="25,50,44,79,115,89,65,36,124,97,107,59,26" hai1="23,80,39,84,29,93,113,21,133,130,15,105,14" hai2="11,71,30,0,33,27,98,55,57,82,123,77,54" hai3="132,69,129,121,3,104,76,75,116,64,17,43,126"/><V10/><F123/><W61/><G17/><T120/><D120/><U134/><E39/><V7/><F71/><W86/><G43/><T72/><D36/><U83/><E93/><V85/><F11/><W102/><G86/><T24/><D124/><U87/><E29/><V37/><F37/><W9/><G9/><T127/><D127/><U34/><E113/><V74/><F85/><W118/><G126/><T106/><D115/><U16/><E16/><V51/><F55/><W128/><G121/><T28/><D28/><U41/><E41/><V122/><F122/><W114/><G114/><T38/><D38/><U6/><E6/><V13/><REACH who="2" step="1"/><F98/><REACH who="2" ten="175,77,251,487" step="2"/><N who="3" m="61527" /><G116/><T81/><D65/><U42/><E42/><V78/><F78/><W109/><G118/><T20/><D59/><U111/><E111/><V94/><F94/><W125/><G109/><T32/><D32/><U119/><E119/><V1/><AGARI ba="0,1" hai="0,1,7,10,13,27,30,33,51,54,57,74,77,82" machi="1" ten="30,6000,0" yaku="1,1,0,1,53,1" doraHai="101" doraHaiUra="47" who="2" fromWho="2" sc="175,-20,77,-20,251,70,487,-20" /><INIT seed="6,1,0,1,5,25" ten="155,57,321,467" oya="2" hai0="79,90,42,46,24,111,65,127,73,102,91,12,89" hai1="64,112,27,4,116,84,135,37,2,72,93,105,32" hai2="118,103,40,75,59,41,98,19,48,109,114,23,130" hai3="77,113,20,66,95,86,106,80,81,0,97,33,16"/><V6/><F114/><W120/><G0/><T52/><D111/><U62/><E84/><V21/><F118/><W126/><G120/><T7/><D127/><U121/><E93/><V17/><F75/><W68/><G33/><T123/><D123/><U11/><E62/><V55/><F6/><W88/><G66/><T35/><D102/><U96/><E72/><V18/><F130/><W15/><G68/><T43/><D65/><U44/><E64/><V76/><F76/><W54/><G126/><T10/><D79/><U125/><E96/><V1/><F1/><W22/><G113/><T3/><D73/><U119/><E44/><V100/><F109/><W69/><G69/><T115/><D12/><U67/><E67/><V8/><F8/><W108/><G108/><T50/><REACH who="0" step="1"/><D115/><REACH who="0" ten="145,57,321,467" step="2"/><U30/><E105/><V47/><F103/><W14/><G106/><T94/><D94/><U29/><E37/><V60/><REACH who="2" step="1"/><F41/><REACH who="2" ten="145,57,311,467" step="2"/><W99/><G77/><T85/><D85/><U117/><E112/><V124/><F124/><W110/><G110/><T134/><D134/><U28/><E125/><V45/><F45/><W63/><G99/><T36/><D36/><U38/><E38/><V57/><F57/><W51/><G97/><T39/><D39/><U101/><E101/><V53/><F53/><W9/><G54/><T26/><D26/><U13/><E121/><V87/><F87/><W5/><G86/><T58/><D58/><U133/><E2/><V49/><F49/><W78/><G51/><T82/><D82/><U61/><E61/><V31/><F31/><AGARI ba="1,2" hai="3,7,10,24,31,35,42,43,46,50,52,89,90,91" machi="31" ten="40,5200,0" yaku="1,1,52,1,54,1,53,0" doraHai="25" doraHaiUra="83" who="0" fromWho="2" sc="145,75,57,0,311,-55,467,0" /><AGARI ba="1,0" hai="4,11,13,27,28,29,30,31,32,116,117,119,133,135" machi="31" ten="50,12000,2" yaku="34,3,52,4" doraHai="25" who="1" fromWho="2" sc="220,0,57,120,256,-120,467,0" /><INIT seed="7,0,0,0,3,42" ten="220,177,136,467" oya="3" hai0="119,0,60,98,65,133,9,74,100,85,69,112,49" hai1="3,48,110,93,81,104,43,71,126,52,30,37,53" hai2="23,55,108,94,120,13,18,131,114,28,59,68,61" hai3="78,118,130,103,125,54,80,34,24,1,38,134,115"/><W86/><G1/><T73/><D85/><U128/><E104/><V39/><F108/><W77/><G118/><T41/><D119/><U26/><E3/><V45/><F120/><W96/><G38/><T89/><D89/><U21/><E71/><V129/><F68/><W70/><G70/><T16/><D133/><U76/><E110/><V19/><F19/><W33/><G134/><T91/><D91/><U12/><E126/><V44/><F39/><W111/><G111/><T46/><D112/><U83/><E128/><N who="2" m="49227" /><F114/><W101/><G130/><T90/><D90/><U92/><E37/><V47/><F94/><N who="1" m="36457" /><E12/><V10/><F10/><W51/><G115/><T50/><D50/><U113/><E113/><V95/><F95/><W5/><G5/><T11/><D11/><U32/><E32/><V79/><F79/><W135/><G135/><T97/><D97/><U107/><E107/><V127/><F127/><W62/><G96/><T58/><D69/><U88/><E76/><V123/><F123/><W82/><G34/><T122/><D122/><U22/><E22/><V124/><F124/><W20/><G33/><T25/><D0/><U121/><E121/><V35/><F35/><W56/><G125/><T67/><D74/><U116/><E116/><V29/><AGARI ba="0,0" hai="13,18,23,28,29,44,45,47,55,59,61" m="49227" machi="29" ten="40,8000,1" yaku="19,1,52,3" doraHai="42" who="2" fromWho="2" sc="220,-20,177,-20,136,80,467,-40" owari="200,-20.0,157,-34.0,216,2.0,427,52.0" /></mjloggm>