<mjloggm ver="2.3"><GO type="41" lobby="0"/><UN n0="%4C%69%6C%69%61%6E%65" n1="%E5%B0%B1%E6%B4%BB%E7%94%9F%40%E5%B7%9D%E6%9D%91%E8%BB%8D%E5%9B%A3" n2="%61%6E%61%72%61%73%61" n3="%E3%83%9B%E3%83%AD%E3%83%83%E3%82%AF" dan="14,14,14,14" rate="1928.21,1953.14,1956.89,1957.02" sx="M,M,M,M"/><TAIKYOKU oya="0"/><INIT seed="0,0,0,5,0,8" ten="250,250,250,250" oya="0" hai0="103,115,119,102,107,32,105,117,123,34,130,62,87" hai1="88,40,5,31,112,76,95,77,21,23,4,2,75" hai2="85,100,27,29,57,22,67,114,12,70,61,78,81" hai3="91,69,37,48,89,131,96,20,94,44,121,59,53"/><T36/><D123/><U80/><E112/><V68/><F114/><W39/><G121/><T1/><D115/><U127/><E127/><V65/><F100/><W58/><G131/><T43/><D130/><U74/><E40/><V120/><F120/><W124/><G124/><T134/><D1/><U128/><E128/><V72/><F67/><W52/><G69/><T66/><D134/><U108/><E108/><V79/><F79/><W132/><G132/><T104/><D87/><U35/><E35/><V26/><F26/><W33/><G33/><T106/><D34/><U55/><E55/><V82/><F82/><W86/><G20/><T109/><D109/><U9/><E4/><V14/><REACH who="2" step="1"/><F72/><REACH who="2" ten="250,250,240,250" step="2"/><W54/><G39/><T46/><D103/><U28/><E76/><V47/><F47/><W15/><G37/><T6/><D32/><U3/><E75/><V84/><F84/><W10/><G86/><T56/><D6/><U7/><E31/><V49/><F49/><W42/><G91/><T118/><N who="0" m="27136" /><DORA hai="60" /><T24/><D102/><U38/><E38/><V0/><F0/><W133/><G133/><T11/><D24/><U126/><E28/><V93/><F93/><W97/><G97/><T101/><D101/><U25/><E25/><V111/><F111/><W13/><G10/><T110/><D110/><U30/><E30/><V41/><F41/><W135/><G135/><T50/><D50/><U90/><E126/><V71/><AGARI ba="0,1" hai="12,14,22,27,29,57,61,65,68,70,71,78,81,85" machi="71" ten="30,12000,2" yaku="1,1,0,1,52,3,53,1" doraHai="8,60" doraHaiUra="63,92" who="2" fromWho="2" sc="250,-60,250,-30,240,130,250,-30" /><INIT seed="1,0,0,5,2,131" ten="190,220,370,220" oya="1" hai0="30,65,134,43,69,38,55,113,24,3,28,54,9" hai1="99,25,122,78,85,109,95,34,124,37,17,100,1" hai2="84,36,96,74,60,40,88,4,133,57,127,51,101" hai3="6,116,126,46,67,64,71,56,18,58,112,45,0"/><U75/><E37/><V117/><F74/><W83/><G116/><T49/><D134/><U15/><E1/><V104/><F36/><W31/><G31/><T77/><D113/><U14/><E122/><V33/><F33/><W119/><G119/><T66/><D77/><U48/><E124/><V87/><F87/><W61/><G83/><T7/><D30/><U27/><E109/><V42/><F117/><W108/><G6/><T44/><D55/><U32/><E75/><V118/><F118/><W13/><G0/><T129/><D129/><U10/><E32/><V86/><F86/><W107/><G107/><T39/><D39/><U97/><E34/><V8/><F51/><W62/><G126/><T26/><D28/><U70/><E70/><V20/><F20/><W72/><G72/><T68/><D68/><U128/><E128/><V79/><F79/><W16/><G71/><T90/><D90/><U41/><E99/><V121/><F121/><W47/><G112/><T73/><D73/><U22/><E48/><V111/><F127/><W110/><G13/><T50/><D50/><U23/><E41/><V2/><F111/><AGARI ba="0,0" hai="16,18,45,46,47,56,58,61,62,64,67,108,110,111" machi="111" ten="40,5200,0" yaku="9,1,14,1,54,1" doraHai="131" who="3" fromWho="2" sc="190,0,220,0,370,-52,220,52" /><INIT seed="2,0,0,0,2,61" ten="190,220,318,272" oya="2" hai0="107,80,73,58,17,95,108,35,3,48,126,120,70" hai1="31,4,39,32,97,124,42,67,11,89,2,15,10" hai2="118,5,129,25,102,23,130,98,65,38,16,128,125" hai3="14,47,50,122,103,26,84,59,123,88,13,75,27"/><V100/><F38/><W90/><G75/><T69/><D120/><U34/><E124/><V43/><F43/><W87/><G103/><T0/><D107/><U41/><E39/><V76/><F76/><W33/><G59/><T115/><D115/><U29/><E97/><V111/><F118/><W57/><G57/><T109/><D126/><U113/><E89/><V9/><F125/><W78/><G78/><T20/><D35/><U60/><E113/><V28/><F28/><W12/><G33/><T62/><D95/><U132/><E132/><V21/><F21/><W117/><G117/><T7/><D48/><U40/><E32/><V104/><F100/><W72/><G72/><T94/><D94/><U91/><E91/><V53/><F53/><W99/><G99/><T52/><D80/><U30/><E34/><V19/><F19/><W46/><G14/><T22/><D73/><U101/><E101/><V116/><F116/><W44/><G44/><T6/><D7/><U131/><E131/><V77/><F77/><W93/><G93/><T64/><D6/><U49/><E49/><AGARI ba="0,0" hai="12,13,26,27,46,47,49,50,84,87,88,90,122,123" machi="49" ten="25,3200,0" yaku="22,2,54,1" doraHai="61" who="3" fromWho="1" sc="190,0,220,-32,318,0,272,32" /><INIT seed="3,0,0,2,5,41" ten="190,188,318,304" oya="3" hai0="115,88,95,73,98,50,106,124,52,108,63,60,104" hai1="53,39,46,122,48,78,116,37,125,24,9,14,71" hai2="30,80,59,97,29,83,34,135,120,55,32,110,21" hai3="19,114,90,91,36,49,92,77,4,126,8,131,26"/><W96/><G36/><T11/><D115/><U118/><E122/><V79/><F34/><W134/><G114/><T16/><D73/><U51/><E71/><V12/><F32/><W44/><G134/><T129/><D129/><U10/><E78/><V47/><F30/><W133/><G133/><T23/><D124/><U68/><E125/><V17/><F29/><W70/><G70/><T1/><D108/><U109/><E109/><V27/><F27/><W94/><G126/><T35/><D35/><U127/><E127/><V113/><F113/><W2/><G77/><T64/><D11/><U107/><E107/><V87/><F83/><W69/><G69/><T82/><D1/><U103/><E68/><V18/><F18/><W111/><G111/><T85/><D63/><U81/><E24/><V62/><F135/><W123/><G123/><T5/><D5/><U15/><E103/><V93/><F120/><W102/><G131/><T66/><D106/><U112/><E81/><V130/><F130/><W7/><G7/><T54/><D104/><U119/><E112/><V57/><F110/><W40/><REACH who="3" step="1"/><G94/><REACH who="3" ten="190,188,318,294" step="2"/><T89/><D60/><U45/><E119/><V105/><F93/><W31/><G31/><T99/><D99/><U100/><E100/><V22/><F97/><W6/><G6/><T3/><D3/><U74/><E74/><V76/><F105/><W132/><G132/><T43/><D66/><U13/><E116/><V20/><F79/><W28/><G28/><T56/><D64/><U75/><E118/><V84/><F76/><W117/><G117/><T72/><D72/><RYUUKYOKU ba="0,1" sc="190,-10,188,-10,318,-10,294,30" hai3="2,4,8,19,26,40,44,49,90,91,92,96,102" /><INIT seed="3,1,1,2,0,40" ten="180,178,308,324" oya="3" hai0="101,100,81,77,114,27,38,88,94,84,36,12,86" hai1="85,18,42,30,56,135,102,55,23,35,41,124,66" hai2="87,8,92,34,52,48,9,111,54,70,65,60,51" hai3="19,110,26,67,63,74,83,90,122,93,123,13,79"/><W126/><G126/><T21/><D114/><U118/><E118/><V45/><F34/><W62/><G26/><T112/><D112/><U116/><E116/><V37/><F37/><W15/><G15/><T49/><D49/><U115/><E115/><V75/><F75/><W1/><G1/><T127/><D127/><U50/><E35/><V2/><F2/><W113/><G113/><T11/><D38/><U132/><E30/><V24/><F24/><W72/><G72/><T120/><D36/><U119/><E119/><V121/><F121/><W71/><G63/><T32/><D32/><U31/><E31/><V130/><F130/><W125/><G125/><T64/><D64/><U20/><E124/><V117/><F117/><W3/><G3/><T46/><D46/><U97/><E85/><V107/><F107/><W78/><G78/><T14/><D120/><U106/><E66/><V7/><F7/><W134/><G123/><T109/><D109/><U80/><E80/><V43/><F43/><W29/><G122/><T16/><REACH who="0" step="1"/><D14/><REACH who="0" ten="170,178,308,324" step="2"/><U47/><E18/><AGARI ba="1,2" hai="11,12,16,18,21,27,77,81,84,86,88,94,100,101" machi="18" ten="30,12000,2" yaku="1,1,2,1,7,1,8,1,54,2,53,0" doraHai="40" doraHaiUra="59" who="0" fromWho="1" sc="170,143,178,-123,308,0,324,0" /><INIT seed="4,0,0,2,5,34" ten="313,55,308,324" oya="0" hai0="122,132,8,49,135,125,59,65,76,91,2,13,128" hai1="104,100,120,95,39,89,119,85,40,18,72,5,75" hai2="27,117,28,4,62,129,92,1,16,84,106,26,105" hai3="113,50,35,109,61,102,87,110,78,56,24,12,127"/><T57/><D122/><U37/><E119/><V41/><F41/><W19/><G102/><T69/><D125/><U36/><E120/><V10/><F62/><W58/><G127/><T82/><D69/><U38/><E40/><V66/><F66/><W121/><G121/><T54/><D128/><U126/><E126/><V52/><F52/><W86/><G86/><T79/><D91/><U25/><E5/><V101/><F129/><W94/><G24/><T90/><D90/><U97/><N who="1" m="9728" /><DORA hai="111" /><U21/><AGARI ba="0,0" hai="18,21,25,72,75,85,89,95,97,100,104" m="9728" machi="21" ten="60,4000,0" yaku="4,1,0,1" doraHai="34,111" who="1" fromWho="1" sc="313,-20,55,40,308,-10,324,-10" /><INIT seed="5,0,0,3,0,133" ten="293,95,298,314" oya="1" hai0="26,14,105,119,124,5,78,37,103,65,32,4,94" hai1="90,49,91,122,109,121,20,47,18,53,82,112,77" hai2="62,95,42,34,23,104,68,87,59,117,125,6,107" hai3="2,100,57,1,72,63,81,111,89,129,45,61,13"/><U40/><E109/><V76/><F34/><W74/><G111/><T128/><D119/><U21/><E112/><V27/><F68/><W92/><G100/><T118/><D118/><U25/><E121/><V108/><F108/><W3/><G45/><T19/><D37/><U17/><E122/><V54/><F117/><W93/><G81/><T85/><D128/><U102/><E102/><V131/><F42/><W22/><G129/><T10/><D124/><U115/><E115/><V28/><F131/><W135/><G135/><T83/><D65/><U66/><E66/><V123/><F123/><W15/><G22/><T52/><D105/><U101/><E101/><V84/><F84/><W35/><G57/><T29/><D103/><U9/><E9/><V31/><F31/><W8/><G35/><T120/><D120/><U96/><E96/><V127/><F6/><W33/><G33/><T58/><REACH who="0" step="1"/><D94/><REACH who="0" ten="283,95,298,314" step="2"/><U55/><E90/><N who="2" m="53727" /><F76/><W71/><G71/><T36/><D36/><U130/><E130/><V116/><F116/><W41/><G89/><T97/><D97/><U48/><E91/><V132/><F132/><W113/><G113/><T30/><D30/><U60/><E60/><AGARI ba="0,1" hai="4,5,10,14,19,26,29,32,52,58,60,78,83,85" machi="60" ten="30,3900,0" yaku="1,1,7,1,54,1,53,0" doraHai="133" doraHaiUra="38" who="0" fromWho="1" sc="283,49,95,-39,298,0,314,0" /><INIT seed="6,0,0,1,2,26" ten="332,56,298,314" oya="2" hai0="24,78,61,42,96,33,71,134,105,17,125,3,39" hai1="23,90,22,4,18,86,67,117,93,104,124,99,9" hai2="19,58,73,53,20,59,44,64,84,31,80,111,108" hai3="129,113,10,127,8,54,115,5,66,57,97,91,46"/><V79/><F44/><W12/><G129/><T95/><D134/><U69/><E117/><V56/><F64/><W83/><G127/><T62/><D125/><U110/><E124/><V13/><F84/><N who="3" m="50591" /><G66/><T101/><D3/><U36/><E110/><N who="2" m="42027" /><F31/><W37/><G97/><T130/><D130/><U60/><E36/><V75/><F75/><W72/><G72/><T55/><D78/><U132/><E132/><V0/><F0/><W47/><G10/><T119/><D119/><U28/><E28/><V2/><F2/><W40/><G40/><T122/><D122/><U50/><E50/><AGARI ba="0,0" hai="13,19,20,50,53,56,58,59,73,79,80" m="42027" machi="50" ten="30,1500,0" yaku="10,1" doraHai="26" who="2" fromWho="1" sc="332,0,56,-15,298,15,314,0" /><INIT seed="6,1,0,3,2,52" ten="332,41,313,314" oya="2" hai0="81,44,91,50,131,86,83,54,104,124,29,68,43" hai1="30,75,17,23,98,28,55,69,93,107,85,1,13" hai2="113,84,115,8,11,49,19,32,65,57,99,53,45" hai3="106,129,72,59,74,7,35,134,71,48,41,105,97"/><V67/><F32/><W5/><G59/><T77/><D131/><U25/><E75/><V66/><F19/><W76/><G48/><T126/><D104/><U31/><E1/><V132/><F132/><W120/><G7/><T130/><D68/><U70/><E70/><V37/><F37/><W73/><G120/><T80/><D130/><U15/><E107/><V111/><F111/><W109/><G129/><T42/><D29/><U133/><E133/><V62/><F84/><W21/><G21/><T122/><D122/><U100/><E69/><V94/><F113/><W114/><G109/><T110/><D110/><U89/><REACH who="1" step="1"/><E55/><REACH who="1" ten="332,31,313,314" step="2"/><N who="2" m="30127" /><F115/><W96/><G114/><T64/><D64/><U58/><E58/><V61/><F61/><W4/><G71/><T112/><D112/><U119/><E119/><V102/><AGARI ba="1,1" hai="8,11,53,57,62,65,66,67,94,99,102" m="30127" machi="102" ten="30,3000,0" yaku="8,1,52,1" doraHai="52" who="2" fromWho="2" sc="332,-11,31,-11,313,43,314,-11" /><INIT seed="6,2,0,4,3,4" ten="321,20,356,303" oya="2" hai0="90,105,20,56,3,72,14,86,15,92,119,1,2" hai1="96,30,100,69,25,59,133,99,135,48,101,64,104" hai2="125,121,61,19,115,55,13,5,54,37,41,114,107" hai3="11,123,23,44,60,106,67,45,36,27,35,130,131"/><V127/><F107/><W74/><G74/><T122/><D105/><U21/><E48/><V33/><F33/><W8/><G106/><T134/><D122/><U113/><E113/><N who="2" m="43019" /><F5/><W76/><G76/><T112/><D112/><U49/><E49/><V22/><F121/><W124/><G35/><T87/><D119/><U7/><E7/><V111/><F111/><W88/><G123/><T117/><D117/><U73/><E73/><V52/><F41/><N who="3" m="22567" /><G45/><T83/><D134/><U102/><E69/><V80/><F80/><W85/><G124/><N who="2" m="47689" /><F37/><W9/><G23/><T62/><D72/><U28/><E101/><V39/><F39/><W6/><G27/><T95/><D95/><U70/><E70/><V42/><F42/><W43/><G43/><T118/><D118/><U91/><E91/><V77/><F77/><W38/><G38/><T110/><D110/><U10/><E10/><V46/><F46/><W26/><G26/><T57/><D56/><AGARI ba="2,0" hai="13,19,22,52,54,55,56,61" m="47689,43019" machi="56" ten="30,5800,0" yaku="15,1,18,1,54,1" doraHai="4" who="2" fromWho="0" sc="321,-64,20,0,356,64,303,0" /><INIT seed="6,3,0,3,5,13" ten="257,20,420,303" oya="2" hai0="96,76,109,85,133,89,113,80,19,130,131,121,58" hai1="54,31,48,95,57,2,115,75,39,14,79,38,74" hai2="47,120,16,5,114,129,11,116,83,10,91,34,90" hai3="110,21,124,67,52,62,1,72,108,36,46,77,60"/><V23/><F34/><W51/><G1/><T84/><D58/><U50/><E2/><V101/><F116/><W35/><G35/><T119/><D121/><U41/><E115/><V24/><F120/><W45/><G77/><T117/><D113/><U12/><E31/><V107/><F107/><W53/><G72/><N who="0" m="43015" /><D19/><U127/><E127/><V26/><F101/><W59/><G124/><T33/><D33/><U55/><E41/><V99/><F99/><W93/><G21/><T43/><D43/><U135/><E135/><V28/><F26/><W98/><G98/><T6/><D6/><U105/><E79/><V63/><F28/><W87/><G87/><N who="0" m="33355" /><D133/><U81/><E81/><V61/><F11/><W30/><G30/><T125/><D125/><U111/><E111/><V7/><F7/><W65/><G93/><N who="0" m="56367" /><D109/><U15/><E95/><V4/><F4/><W25/><G25/><T66/><D66/><U29/><E105/><V126/><F10/><W64/><REACH who="3" step="1"/><G60/><REACH who="3" ten="257,20,420,293" step="2"/><T112/><D112/><U71/><E29/><V94/><F63/><W9/><G9/><T17/><D17/><U78/><E78/><V123/><F61/><W70/><G70/><T106/><D106/><U73/><REACH who="1" step="1"/><E71/><REACH who="1" ten="257,10,420,293" step="2"/><V132/><F114/><W82/><G82/><T22/><D22/><U103/><E103/><V3/><F83/><W42/><AGARI ba="3,2" hai="36,42,45,46,51,52,53,59,62,64,65,67,108,110" machi="42" ten="30,12000,2" yaku="1,1,0,1,34,3,54,1,53,1" doraHai="13" doraHaiUra="44" who="3" fromWho="3" sc="257,-33,10,-33,420,-63,293,149" owari="224,-18.0,-23,-52.0,357,16.0,442,54.0" /></mjloggm>