<mjloggm ver="2.3"><GO type="97" lobby="0"/><UN n0="%E3%82%A6%E3%83%AB%E3%83%88%E3%83%A9%E7%AB%8B%E7%9B%B4" n1="%6D%61%73%61%63" n2="%E9%B3%B4%E3%81%8D%E3%81%AE%E7%AB%9C" n3="%E3%82%AA%E3%83%AC%E3%83%A0%E3%83%97" dan="15,14,14,15" rate="2034.91,2000.67,1950.05,1991.43" sx="M,M,M,M"/><TAIKYOKU oya="0"/><INIT seed="0,0,0,5,3,51" ten="250,250,250,250" oya="0" hai0="111,40,123,119,94,8,13,63,35,135,82,134,106" hai1="84,16,88,44,15,74,17,112,42,103,108,93,58" hai2="110,36,38,66,23,132,104,39,26,52,115,114,130" hai3="129,6,25,117,76,33,2,72,92,29,69,3,46"/><T20/><D35/><U45/><E74/><V50/><F104/><W122/><G117/><T80/><D106/><U90/><E112/><N who="2" m="43051" /><F23/><W19/><G122/><T11/><D123/><U99/><E108/><V91/><F91/><W27/><G69/><T73/><D119/><U81/><E17/><V75/><F75/><W55/><G92/><T49/><D63/><U61/><E90/><V107/><F107/><W77/><G72/><T60/><D60/><U118/><E118/><V54/><F26/><W87/><G77/><T85/><D111/><U62/><E42/><V37/><N who="2" m="9728" /><DORA hai="109" /><V22/><F22/><W97/><G97/><T53/><D40/><U102/><E102/><V30/><F30/><W48/><G6/><T10/><D94/><U65/><E62/><V98/><F98/><W4/><G4/><T101/><D101/><U100/><E100/><V79/><F79/><W68/><G87/><T120/><D120/><U70/><E70/><V47/><F110/><W12/><G68/><T7/><D73/><U67/><E67/><V89/><F89/><W96/><G76/><N who="0" m="46215" /><D82/><U125/><E125/><V5/><F5/><W126/><G126/><T21/><D7/><U133/><E133/><N who="0" m="50697" /><D13/><U1/><E1/><V32/><F32/><W31/><G3/><T113/><D113/><U43/><E43/><N who="2" m="24959" /><F132/><W128/><G2/><T56/><AGARI ba="0,0" hai="8,10,11,20,21,49,53,56" m="50697,46215" machi="56" ten="30,3000,0" yaku="20,1,52,1" doraHai="51,109" who="0" fromWho="0" sc="250,30,250,-10,250,-10,250,-10" /><INIT seed="0,1,0,0,1,59" ten="280,240,240,240" oya="0" hai0="5,107,104,73,27,111,41,23,134,71,82,72,88" hai1="96,28,32,99,75,45,9,97,13,118,124,65,128" hai2="74,25,135,130,22,79,40,92,49,68,30,54,123" hai3="39,36,24,19,133,21,12,14,115,117,103,127,18"/><T53/><D71/><U101/><E118/><V129/><F123/><W78/><G117/><T87/><D41/><U80/><E32/><V132/><F68/><W33/><G115/><T16/><D134/><N who="2" m="51242" /><F40/><W44/><G133/><T125/><D125/><U64/><E28/><V38/><F38/><W91/><G103/><T11/><D111/><U114/><E124/><V98/><F79/><W60/><G78/><T42/><D42/><U63/><E75/><V85/><F85/><W67/><G44/><T62/><D73/><U81/><E114/><V0/><F0/><W102/><G102/><T83/><D72/><U31/><E31/><V95/><F74/><W106/><G106/><T34/><D34/><U112/><E112/><V37/><F37/><W119/><G119/><T122/><D122/><U116/><E116/><V26/><F26/><W50/><G50/><T6/><D104/><U20/><E101/><N who="2" m="60615" /><F95/><W2/><G2/><T66/><D107/><U93/><E93/><V109/><F109/><W121/><G121/><T47/><D82/><U7/><E81/><V3/><F3/><W89/><G127/><T4/><D6/><U8/><E80/><V46/><AGARI ba="1,0" hai="22,25,30,46,49,54,129,130" m="60615,51242" machi="46" ten="30,1100,0" yaku="20,1" doraHai="59" who="2" fromWho="2" sc="280,-6,240,-4,240,14,240,-4" /><INIT seed="1,0,0,1,2,88" ten="274,236,254,236" oya="1" hai0="128,67,91,132,75,93,125,70,118,12,10,25,31" hai1="68,26,36,84,2,69,37,134,105,4,9,79,52" hai2="85,32,54,119,99,135,50,64,55,66,51,100,17" hai3="1,129,121,111,97,18,122,101,83,38,127,7,40"/><U58/><E105/><V107/><F119/><W46/><G127/><T86/><D75/><U8/><E26/><V92/><F135/><W19/><G129/><T34/><D118/><U47/><E134/><V11/><F32/><W15/><G111/><T44/><D132/><U42/><E37/><V96/><F85/><W16/><G15/><T116/><D116/><U131/><E131/><V48/><F99/><W87/><G7/><T6/><D128/><U24/><E24/><V81/><F81/><W60/><G1/><T56/><D125/><U109/><E109/><V23/><F11/><W45/><G45/><T74/><D74/><U20/><E20/><V102/><F102/><W5/><G5/><T22/><D70/><U35/><E35/><V115/><F107/><W76/><REACH who="3" step="1"/><G60/><REACH who="3" ten="274,236,254,226" step="2"/><T28/><D44/><U21/><E9/><V49/><F115/><W61/><G61/><N who="0" m="38311" /><D34/><U73/><E21/><V0/><F0/><W78/><G78/><T72/><D22/><U71/><E71/><V103/><F103/><W59/><G59/><T113/><D113/><U120/><E120/><V117/><F117/><W106/><AGARI ba="0,1" hai="16,18,19,38,40,46,76,83,87,97,101,106,121,122" machi="106" ten="30,4000,0" yaku="1,1,0,1,54,1,53,0" doraHai="88" doraHaiUra="110" who="3" fromWho="3" sc="274,-10,236,-20,254,-10,226,50" /><INIT seed="2,0,0,2,3,107" ten="264,216,244,276" oya="2" hai0="88,36,7,125,64,55,74,46,130,82,76,96,123" hai1="84,103,69,56,22,35,100,66,26,75,32,81,60" hai2="54,106,5,126,1,119,42,24,65,13,92,108,118" hai3="41,111,98,115,112,51,134,104,72,113,121,45,43"/><V59/><F106/><W4/><G121/><T10/><D123/><U8/><E35/><V127/><F1/><W21/><G134/><T94/><D64/><U131/><E32/><V29/><F65/><W30/><G4/><T28/><D28/><U77/><E131/><V11/><F42/><W9/><G9/><T47/><D125/><N who="2" m="47626" /><F92/><W70/><G70/><T33/><D33/><U114/><E114/><V89/><F89/><W116/><G116/><T78/><D78/><U109/><E109/><V120/><F120/><W97/><G111/><T50/><D130/><U6/><E69/><V15/><F108/><W27/><G104/><T12/><D36/><U67/><E67/><V34/><F15/><W44/><G72/><T38/><D38/><AGARI ba="0,0" hai="21,27,30,38,41,43,44,45,51,97,98,112,113,115" machi="38" ten="40,1300,0" yaku="11,1" doraHai="107" who="3" fromWho="0" sc="264,-13,216,0,244,0,276,13" /><INIT seed="3,0,0,1,4,81" ten="251,216,244,289" oya="3" hai0="98,47,0,86,74,62,131,123,19,71,16,73,120" hai1="10,21,42,112,78,108,20,63,95,102,11,15,126" hai2="70,125,119,129,61,25,66,4,76,85,8,46,23" hai3="118,97,22,133,44,29,60,53,88,94,34,80,69"/><W51/><G118/><T111/><D0/><U32/><E112/><V96/><F119/><W49/><G133/><T132/><D98/><U39/><E32/><V52/><F129/><W105/><G105/><T38/><D71/><U103/><E39/><V57/><F125/><W55/><G34/><T114/><D38/><U54/><E126/><V26/><F46/><N who="3" m="27831" /><G69/><T128/><D47/><U1/><E1/><V5/><F96/><W40/><G80/><T116/><D62/><U33/><E33/><V31/><F26/><N who="3" m="16599" /><G60/><T99/><D99/><U35/><E35/><V17/><F31/><W64/><G64/><T124/><D124/><U24/><E108/><V50/><REACH who="2" step="1"/><F8/><REACH who="2" ten="251,216,234,289" step="2"/><W13/><G40/><T117/><D111/><U83/><E42/><V93/><F93/><W9/><G9/><T115/><D132/><U75/><E11/><V12/><F12/><AGARI ba="0,1" hai="12,13,44,51,55,88,94,97" m="16599,27831" machi="12" ten="30,2900,0" yaku="8,1,54,1" doraHai="81" who="3" fromWho="2" sc="251,0,216,0,234,-29,289,39" owari="251,5.0,216,-18.0,205,-29.0,328,42.0" /></mjloggm>