<mjloggm ver="2.3"><GO type="97" lobby="0"/><UN n0="%E2%98%86%E3%82%B1%E3%83%AD%E3%83%AD%E8%BB%8D%E6%9B%B9%E2%98%86" n1="%E3%82%A6%E3%83%AB%E3%83%88%E3%83%A9%E7%AB%8B%E7%9B%B4" n2="%E5%91%B3%E6%B7%8B" n3="%E6%98%AD%E5%92%8C%E3%81%AE%E3%81%98%E3%82%83%E3%82%93%E3%81%97" dan="13,14,14,13" rate="1882.32,1972.85,1914.32,1852.94" sx="M,M,M,M"/><TAIKYOKU oya="0"/><INIT seed="0,0,0,2,5,96" ten="250,250,250,250" oya="0" hai0="98,48,132,37,31,3,77,24,106,115,93,121,85" hai1="43,109,83,22,119,55,40,28,75,16,68,17,70" hai2="23,105,71,122,92,1,120,42,67,113,51,2,65" hai3="102,27,107,21,10,59,18,101,112,11,127,91,46"/><T54/><D121/><U14/><E119/><V131/><F113/><W133/><G112/><T69/><D115/><U124/><E28/><V19/><F105/><W86/><G107/><T110/><D37/><U26/><E109/><V50/><F131/><W41/><G133/><T117/><D117/><U6/><E6/><V128/><F128/><W126/><G59/><T94/><D3/><U47/><E124/><N who="3" m="47658" /><G11/><T52/><D69/><U29/><E17/><V13/><F71/><W114/><G10/><T66/><D106/><U9/><E43/><V33/><F33/><W134/><G134/><T53/><D132/><U89/><E55/><V95/><F42/><W84/><G114/><T111/><D66/><U0/><E0/><V90/><F13/><W57/><G57/><T79/><D48/><U123/><E123/><V8/><F8/><W78/><G78/><N who="0" m="29707" /><D85/><N who="3" m="32873" /><G91/><T97/><D98/><U62/><E62/><V72/><F122/><W108/><G108/><N who="0" m="41515" /><D97/><U63/><E63/><V74/><F120/><W103/><G41/><T64/><D64/><U130/><E130/><V104/><F104/><W135/><G135/><T25/><D31/><U80/><E70/><V61/><F67/><W87/><N who="3" m="32881" /><W81/><DORA hai="4" /><G46/><T73/><D73/><U44/><E68/><V99/><F65/><W45/><G45/><N who="1" m="17482" /><E75/><V88/><F72/><W12/><G81/><N who="1" m="31306" /><E40/><V82/><F74/><W129/><G129/><T32/><D32/><U60/><E60/><V49/><F61/><W34/><G34/><T58/><D58/><U36/><E36/><V125/><F125/><W100/><G100/><RYUUKYOKU ba="0,0" sc="250,10,250,10,250,-30,250,10" hai0="24,25,52,53,54,93,94" hai1="9,14,16,22,26,29,89" hai3="12,18,21,27,101,102,103" /><INIT seed="0,1,0,0,4,100" ten="260,260,220,260" oya="0" hai0="102,86,97,61,132,74,68,133,8,41,96,53,72" hai1="51,34,5,49,52,82,11,98,50,63,12,47,57" hai2="119,55,58,128,135,48,121,95,26,113,90,76,35" hai3="36,89,93,73,9,16,83,88,32,126,103,39,7"/><T45/><D86/><U69/><E34/><V59/><F113/><W120/><G120/><T2/><D97/><U117/><E69/><V114/><F121/><W46/><G32/><T0/><D53/><U78/><E98/><V99/><F114/><W109/><G126/><T33/><D33/><U14/><E117/><V19/><F119/><W67/><G67/><N who="0" m="41071" /><D8/><U44/><REACH who="1" step="1"/><E12/><REACH who="1" ten="260,250,220,260" step="2"/><V122/><F35/><W28/><G109/><T13/><D13/><U65/><E65/><V70/><F99/><W24/><G39/><N who="0" m="21695" /><D2/><U129/><E129/><V3/><F128/><W101/><G36/><T84/><D0/><U10/><E10/><V54/><F3/><W92/><G9/><T106/><D84/><AGARI ba="1,1" hai="5,11,14,44,47,49,50,51,52,57,63,78,82,84" machi="84" ten="40,5200,0" yaku="1,1,8,1,54,1,53,0" doraHai="100" doraHaiUra="29" who="1" fromWho="0" sc="260,-55,250,65,220,0,260,0" /><INIT seed="1,0,0,4,5,28" ten="205,315,220,260" oya="1" hai0="123,11,56,24,10,0,25,30,53,3,80,64,59" hai1="130,7,117,116,63,73,45,103,124,134,114,110,119" hai2="58,14,55,61,133,89,99,33,128,101,31,54,96" hai3="36,90,16,79,91,47,8,83,86,100,62,115,49"/><U57/><E7/><V125/><F125/><W104/><G115/><T39/><D39/><U78/><E78/><V93/><F133/><W95/><G62/><T42/><D123/><U1/><E103/><V71/><F128/><W20/><G36/><T38/><D64/><U127/><E73/><V21/><F71/><W94/><G104/><T126/><D38/><U76/><E76/><V29/><F55/><W48/><G8/><T9/><D42/><U44/><E1/><N who="0" m="585" /><D53/><N who="1" m="34223" /><E114/><V85/><F96/><N who="3" m="59415" /><G95/><T15/><D80/><U17/><E17/><N who="2" m="10423" /><F33/><W112/><G112/><T97/><D97/><U107/><E107/><V12/><F12/><N who="3" m="9223" /><G48/><T74/><D74/><U40/><E130/><V18/><F18/><W77/><G77/><T22/><D126/><N who="1" m="48171" /><E134/><V118/><F118/><W135/><G135/><T60/><D60/><U66/><E66/><V37/><F37/><W131/><G131/><T34/><D59/><U23/><E23/><V43/><F43/><AGARI ba="0,0" hai="43,47,49,79,83,86,90,91" m="9223,59415" machi="43" ten="30,2000,0" yaku="8,1,54,1" doraHai="28" who="3" fromWho="2" sc="205,0,315,0,220,-20,260,20" /><INIT seed="2,0,0,4,0,2" ten="205,315,200,280" oya="2" hai0="115,72,81,89,97,30,34,64,71,14,135,127,33" hai1="53,31,4,38,118,45,0,56,129,107,102,41,120" hai2="5,24,10,100,52,94,87,18,123,91,84,85,116" hai3="69,62,122,88,83,86,66,134,126,37,43,114,111"/><V57/><F116/><W92/><G122/><T110/><D115/><U93/><E118/><V1/><F123/><W35/><G35/><T39/><D14/><U55/><E107/><V68/><F68/><W132/><G111/><T108/><D127/><U9/><E129/><V112/><F100/><W19/><G114/><T78/><D135/><N who="3" m="51753" /><G126/><T113/><D113/><U95/><E120/><V54/><F112/><W25/><G83/><T73/><D89/><U6/><E31/><V106/><F106/><W16/><G25/><T82/><D97/><U48/><E102/><V70/><F70/><W29/><G29/><T36/><D64/><U8/><E55/><V12/><F24/><W51/><G37/><T119/><D71/><U130/><E130/><V49/><REACH who="2" step="1"/><F54/><REACH who="2" ten="205,315,190,280" step="2"/><W21/><G21/><AGARI ba="0,1" hai="1,5,10,12,18,21,49,52,57,84,85,87,91,94" machi="21" ten="30,18000,2" yaku="1,1,2,1,7,1,25,2,52,1,54,1,53,0" doraHai="2" doraHaiUra="96" who="2" fromWho="3" sc="205,0,315,0,190,190,280,-180" /><INIT seed="2,1,0,1,5,10" ten="205,315,380,100" oya="2" hai0="16,89,121,82,8,123,51,95,41,79,69,26,96" hai1="32,25,110,73,9,125,71,29,38,98,44,91,72" hai2="28,88,114,68,34,31,126,115,36,101,129,23,104" hai3="87,53,113,7,124,83,24,86,42,3,60,111,75"/><V39/><F68/><W63/><G113/><T131/><D69/><U43/><E110/><V21/><F129/><W18/><G111/><T12/><D131/><U5/><E125/><V122/><F122/><W2/><G124/><T97/><D26/><U109/><E109/><V54/><F126/><W14/><G42/><T107/><D41/><U99/><E99/><V132/><F132/><W127/><G75/><T112/><D112/><U93/><REACH who="1" step="1"/><E71/><REACH who="1" ten="205,305,380,100" step="2"/><V65/><F114/><W62/><G127/><T116/><D116/><U80/><E80/><V22/><F115/><W81/><G53/><T100/><REACH who="0" step="1"/><D51/><REACH who="0" ten="195,305,380,100" step="2"/><U6/><E6/><V58/><F54/><W15/><G3/><AGARI ba="1,2" hai="3,5,9,25,29,32,38,43,44,72,73,91,93,98" machi="3" ten="30,3900,0" yaku="1,1,7,1,53,1" doraHai="10" doraHaiUra="30" who="1" fromWho="3" sc="195,0,305,62,380,0,100,-42" /><INIT seed="3,0,0,5,3,11" ten="195,367,380,58" oya="3" hai0="69,119,23,75,74,120,103,106,22,76,108,24,48" hai1="29,110,90,43,35,47,134,30,71,59,36,127,51" hai2="129,10,100,52,125,41,73,128,44,28,102,3,26" hai3="0,6,12,86,1,113,14,82,42,123,19,18,34"/><W61/><G61/><T45/><D48/><U2/><E2/><N who="3" m="1130" /><G42/><T21/><D45/><U37/><E110/><V112/><F112/><W94/><G82/><T20/><D24/><U54/><E127/><V114/><F125/><W16/><G86/><T97/><N who="0" m="5120" /><DORA hai="126" /><T72/><D108/><U79/><E134/><V9/><F114/><W8/><G94/><T117/><D120/><U99/><E71/><V50/><F73/><W93/><G93/><T4/><D4/><U131/><E79/><V49/><F3/><N who="3" m="95" /><G123/><T85/><REACH who="0" step="1"/><D69/><REACH who="0" ten="185,367,380,58" step="2"/><U105/><E51/><V98/><F49/><W104/><G113/><T63/><D63/><U81/><E47/><V40/><F50/><W77/><G104/><T13/><D13/><N who="3" m="5225" /><G77/><T115/><D115/><U88/><E105/><V15/><F44/><W53/><G53/><T80/><AGARI ba="0,1" hai="72,74,75,76,80,85,97,103,106,117,119" m="5120" machi="80" ten="50,3200,0" yaku="1,1,0,1,53,0" doraHai="11,126" doraHaiUra="132,33" who="0" fromWho="0" sc="185,42,367,-8,380,-8,58,-16" owari="227,-17.0,359,16.0,372,47.0,42,-46.0" /></mjloggm>