<mjloggm ver="2.3"><GO type="97" lobby="0"/><UN n0="%E7%99%BD%E7%81%AB" n1="%E3%83%A8%E3%83%BC%E3%82%BC%E3%83%95" n2="%E3%82%A6%E3%83%AB%E3%83%88%E3%83%A9%E7%AB%8B%E7%9B%B4" n3="%49%57%31%31%32%32" dan="15,14,14,13" rate="1949.50,1971.16,1961.36,1928.13" sx="M,M,M,M"/><TAIKYOKU oya="0"/><INIT seed="0,0,0,5,4,115" ten="250,250,250,250" oya="0" hai0="111,119,66,63,134,103,0,77,98,37,54,88,125" hai1="49,16,45,87,46,33,55,14,133,85,42,118,81" hai2="23,113,1,56,12,31,50,124,20,104,129,10,128" hai3="51,108,32,65,132,7,19,36,95,53,94,18,106"/><T5/><D119/><U30/><E133/><V97/><F97/><W21/><G106/><T116/><D134/><U72/><E118/><V102/><F50/><W39/><G132/><T4/><D37/><U86/><E30/><V13/><F56/><W82/><G32/><T123/><D123/><U57/><E33/><V110/><F102/><W61/><G108/><T90/><D116/><U9/><E72/><V83/><F83/><W17/><G7/><T75/><D111/><U91/><REACH who="1" step="1"/><E46/><REACH who="1" ten="250,240,250,250" step="2"/><V67/><F31/><W105/><G105/><T8/><D5/><U34/><E34/><V99/><F104/><W43/><G39/><AGARI ba="0,1" hai="9,14,16,39,42,45,49,55,57,81,85,86,87,91" machi="39" ten="30,3900,0" yaku="1,1,7,1,54,1,53,0" doraHai="115" doraHaiUra="126" who="1" fromWho="3" sc="250,0,240,49,250,0,250,-39" /><INIT seed="1,0,0,5,4,130" ten="250,289,250,211" oya="1" hai0="9,112,86,124,64,87,77,46,133,40,58,78,66" hai1="103,62,104,102,56,116,110,28,122,16,73,38,92" hai2="126,63,100,106,22,123,101,67,41,13,55,108,31" hai3="114,134,2,5,17,115,47,36,60,59,23,125,107"/><U27/><E122/><V119/><F13/><W75/><G107/><T29/><D112/><U45/><E104/><V43/><F22/><W71/><G125/><T61/><D124/><U19/><E73/><V48/><F31/><W21/><G71/><T118/><D118/><U96/><E116/><V10/><F10/><W65/><G75/><T72/><D133/><U8/><E103/><V105/><F126/><W4/><G134/><T26/><D9/><U94/><E94/><V89/><F89/><W85/><G85/><N who="0" m="32267" /><D66/><U81/><E81/><V39/><F101/><W80/><G80/><T111/><D111/><U120/><E120/><V35/><F100/><W7/><G2/><T88/><D88/><U49/><E38/><V98/><F35/><W79/><G79/><T42/><D72/><U117/><E8/><V127/><F98/><W52/><G23/><N who="0" m="15583" /><D46/><U121/><E117/><V90/><F119/><W97/><G97/><T20/><D20/><N who="1" m="15463" /><E110/><V12/><F108/><W99/><G99/><T95/><D95/><U91/><E91/><V74/><F90/><W109/><G109/><T33/><D33/><U6/><E6/><V57/><F74/><W53/><G36/><T44/><D44/><U69/><E69/><N who="2" m="42239" /><F127/><W25/><REACH who="3" step="1"/><G47/><REACH who="3" ten="250,289,250,201" step="2"/><T70/><D70/><U18/><E121/><V50/><F123/><W128/><G128/><T76/><AGARI ba="0,1" hai="40,42,58,61,64,76,77,78" m="15583,32267" machi="76" ten="30,1100,0" yaku="8,1" doraHai="130" who="0" fromWho="0" sc="250,21,289,-5,250,-3,201,-3" /><INIT seed="2,0,0,4,1,73" ten="271,284,247,198" oya="2" hai0="60,69,105,17,14,42,3,77,120,40,4,133,101" hai1="134,50,125,28,72,78,56,23,30,124,52,16,107" hai2="22,18,44,41,132,1,38,115,7,6,51,111,97" hai3="95,45,106,131,58,53,82,0,121,104,75,113,57"/><V36/><F115/><W112/><G121/><T81/><D120/><U93/><E107/><V88/><F132/><W32/><G131/><T54/><D4/><U21/><E134/><V85/><F111/><W66/><G32/><T34/><D3/><U109/><E109/><V26/><F1/><W129/><G0/><T83/><D83/><N who="1" m="45511" /><E93/><V71/><F71/><W31/><G31/><T100/><D34/><U119/><E119/><V5/><REACH who="2" step="1"/><F97/><REACH who="2" ten="271,284,237,198" step="2"/><W43/><G129/><T87/><D133/><U94/><E94/><AGARI ba="0,1" hai="5,6,7,18,22,26,36,38,41,44,51,85,88,94" machi="94" ten="40,12000,1" yaku="1,1,2,1,54,1,53,1" doraHai="73" doraHaiUra="90" who="2" fromWho="1" sc="271,0,284,-120,237,130,198,0" /><INIT seed="2,1,0,0,4,111" ten="271,164,367,198" oya="2" hai0="70,98,59,82,126,123,79,115,48,50,56,133,71" hai1="121,5,118,78,0,55,17,7,43,33,94,12,93" hai2="122,113,125,91,14,120,101,51,85,38,88,11,73" hai3="58,26,114,131,67,22,54,35,10,30,64,76,80"/><V72/><F38/><W68/><G131/><T20/><D115/><U100/><E33/><V60/><F60/><W107/><G107/><T83/><D123/><U47/><E121/><V74/><F51/><W16/><G68/><T77/><D133/><U40/><E118/><V42/><F42/><W34/><G34/><T61/><D98/><U45/><E0/><V65/><F65/><W21/><G114/><T81/><D20/><U2/><E2/><V9/><F14/><W3/><G22/><T41/><D126/><U31/><E31/><V103/><F125/><W108/><G108/><T63/><D83/><U128/><E78/><V28/><F28/><W69/><G69/><T27/><REACH who="0" step="1"/><D41/><REACH who="0" ten="261,164,367,198" step="2"/><U29/><E128/><V44/><F113/><W62/><G10/><T52/><D52/><U25/><E55/><V19/><F9/><W57/><G3/><T1/><D1/><U109/><E109/><V110/><F110/><W53/><G80/><T96/><D96/><N who="1" m="59407" /><E29/><V92/><F122/><W15/><REACH who="3" step="1"/><G76/><REACH who="3" ten="261,164,367,188" step="2"/><T23/><D23/><U135/><E135/><V134/><F134/><W87/><G87/><T24/><AGARI ba="1,2" hai="24,27,48,50,56,59,61,63,70,71,77,79,81,82" machi="24" ten="25,6400,0" yaku="1,1,0,1,22,2,53,0" doraHai="111" doraHaiUra="89" who="0" fromWho="0" sc="261,87,164,-17,367,-33,188,-17" /><INIT seed="3,0,0,5,4,25" ten="348,147,334,171" oya="3" hai0="24,34,58,110,38,41,117,66,59,2,102,31,131" hai1="81,126,26,105,80,19,61,27,75,108,90,15,36" hai2="79,40,96,69,98,124,111,50,48,107,11,135,127" hai3="89,32,56,52,103,51,130,9,95,22,82,16,45"/><W120/><G120/><T13/><D110/><U44/><E105/><V54/><F69/><W37/><G130/><T3/><D117/><U21/><E108/><V88/><F111/><W73/><G32/><T99/><D13/><U47/><E126/><N who="2" m="48171" /><F79/><W1/><G1/><T122/><D131/><U132/><E132/><V104/><F40/><W72/><G9/><T35/><D35/><U119/><E119/><V83/><F11/><W20/><G103/><T91/><D91/><U106/><E106/><N who="2" m="40491" /><F135/><W60/><G37/><T46/><D122/><U129/><E129/><V64/><F64/><W0/><G0/><T85/><D66/><U123/><E123/><V68/><F68/><W87/><G22/><T133/><D133/><U115/><E115/><V17/><F17/><W116/><G116/><T76/><D2/><U42/><E47/><N who="2" m="27935" /><F50/><W100/><G100/><T49/><D3/><U65/><E81/><V18/><F18/><W71/><G71/><T30/><D38/><U63/><E63/><V23/><F23/><W134/><G134/><T8/><D8/><U121/><E121/><V84/><AGARI ba="0,0" hai="83,84,88,96,98" m="27935,40491,48171" machi="84" ten="40,2700,0" yaku="18,1,54,1" doraHai="25" who="2" fromWho="2" sc="348,-7,147,-7,334,27,171,-13" owari="341,14.0,140,-36.0,361,46.0,158,-24.0" /></mjloggm>