<mjloggm ver="2.3"><GO type="169" lobby="0"/><UN n0="%73%65%69%69%67%61%33" n1="%41%73%61%32%34" n2="%E3%82%A6%E3%83%AB%E3%83%88%E3%83%A9%E7%AB%8B%E7%9B%B4" n3="%E3%81%B4%E3%82%88%E3%81%88%E3%82%82%E3%82%93" dan="16,16,17,16" rate="2126.77,2104.16,2207.62,2084.57" sx="M,M,M,M"/><TAIKYOKU oya="0"/><INIT seed="0,0,0,2,3,31" ten="250,250,250,250" oya="0" hai0="3,29,47,92,27,80,101,1,11,72,117,123,30" hai1="109,96,20,36,98,58,56,62,55,108,38,65,17" hai2="73,26,102,115,87,24,120,116,21,7,126,90,52" hai3="40,10,28,57,13,94,132,110,81,86,100,15,127"/><T114/><D114/><U67/><E98/><V135/><F73/><W74/><G110/><N who="1" m="42602" /><E96/><V107/><F120/><W88/><G127/><T95/><D123/><U99/><E99/><V6/><F115/><W16/><G132/><T9/><D117/><U128/><E128/><V46/><F126/><W105/><G28/><T104/><D104/><U35/><E35/><V41/><F135/><W44/><G105/><T103/><D27/><N who="1" m="14735" /><E67/><V106/><F26/><W129/><G100/><T48/><D48/><AGARI ba="0,0" hai="36,38,48,55,56,58,62,65" m="14735,42602" machi="48" ten="30,1000,0" yaku="14,1" doraHai="31" who="1" fromWho="0" sc="250,-10,250,10,250,0,250,0" /><INIT seed="1,0,0,5,4,121" ten="240,260,250,250" oya="1" hai0="4,35,20,23,68,14,31,49,39,100,41,17,63" hai1="122,117,70,33,96,128,9,78,66,110,42,43,131" hai2="120,97,52,76,57,135,37,93,109,61,82,129,7" hai3="45,16,92,123,34,50,13,111,69,113,19,59,26"/><U83/><E122/><V51/><F37/><W101/><G123/><T126/><D39/><U8/><E117/><V114/><F120/><W116/><G69/><T12/><D41/><U67/><E33/><V65/><F129/><N who="1" m="49737" /><E96/><V80/><F135/><W99/><G113/><T6/><D49/><U108/><E42/><V1/><F109/><N who="1" m="42089" /><E43/><V25/><F114/><W0/><G111/><T85/><D100/><U115/><E115/><V84/><F7/><W103/><G116/><T107/><D4/><U21/><E21/><V88/><F1/><W77/><G0/><T118/><D6/><U22/><E22/><V119/><F119/><W98/><G34/><T79/><D35/><U58/><E70/><V11/><F11/><N who="1" m="4169" /><E58/><V28/><F97/><W40/><G59/><T125/><D68/><U91/><E91/><V3/><F3/><W75/><G99/><T53/><D23/><U87/><AGARI ba="0,0" hai="66,67,78,83,87" m="4169,42089,49737" machi="87" ten="40,18000,2" yaku="19,1,14,1,10,1,52,3" doraHai="121" who="1" fromWho="1" sc="240,-60,260,180,250,-60,250,-60" /><INIT seed="1,1,0,3,1,33" ten="180,440,190,190" oya="1" hai0="80,27,47,101,30,114,34,123,83,8,31,97,19" hai1="15,5,93,4,78,36,122,84,73,119,58,6,88" hai2="110,29,26,115,109,79,111,95,130,100,1,118,134" hai3="126,104,72,81,117,125,12,94,22,116,82,23,32"/><U132/><E122/><V60/><F118/><N who="3" m="45675" /><G104/><T21/><D114/><U54/><E36/><V112/><F79/><W127/><G32/><T90/><D123/><U120/><E132/><V99/><F134/><W10/><G94/><N who="0" m="58551" /><D34/><U85/><E73/><V64/><F130/><W41/><G41/><T18/><D47/><U46/><E46/><V52/><F1/><W43/><G43/><T103/><D103/><U96/><E120/><V9/><F9/><W45/><G45/><T48/><D48/><U62/><E119/><V105/><F105/><W63/><G63/><T67/><D67/><U44/><E44/><V131/><F131/><W49/><G49/><T38/><D38/><U28/><E78/><V61/><F61/><W107/><G107/><T42/><D42/><U92/><E28/><N who="0" m="10793" /><D90/><U53/><E53/><V20/><REACH who="2" step="1"/><F52/><REACH who="2" ten="180,440,180,190" step="2"/><W128/><G128/><T70/><D70/><AGARI ba="1,1" hai="20,26,29,60,64,70,95,99,100,109,110,111,112,115" machi="70" ten="40,5200,0" yaku="1,1,2,1,14,1,53,0" doraHai="33" doraHaiUra="77" who="2" fromWho="0" sc="180,-55,440,0,180,65,190,0" /><INIT seed="2,0,0,0,2,120" ten="125,440,245,190" oya="2" hai0="72,13,16,37,115,15,80,18,32,99,34,61,113" hai1="77,118,49,68,23,128,130,89,88,54,91,53,65" hai2="119,55,84,1,47,63,93,8,101,2,110,71,82" hai3="24,62,22,98,105,67,117,124,44,106,4,116,60"/><V112/><F119/><W21/><G124/><T30/><D37/><U6/><E118/><V97/><F112/><N who="0" m="43082" /><D61/><N who="1" m="39983" /><E49/><V104/><F104/><W0/><G44/><T28/><D99/><U103/><E103/><V109/><F8/><W51/><G51/><T70/><D80/><U64/><E6/><V123/><F123/><W33/><G33/><N who="0" m="12907" /><D72/><U92/><E92/><V125/><F125/><W31/><G98/><T46/><D46/><U48/><E64/><V41/><F2/><W42/><G67/><T129/><D70/><U27/><E77/><V90/><F1/><W57/><G0/><T26/><D129/><N who="1" m="49771" /><E48/><V35/><F35/><W127/><G117/><T95/><D95/><U5/><E5/><V102/><F102/><W66/><G116/><T134/><D134/><U76/><E76/><V11/><F11/><W83/><G106/><T52/><D26/><U86/><E86/><V94/><F94/><W73/><G24/><T78/><D78/><U7/><E27/><V69/><F69/><W131/><G105/><T12/><D52/><U56/><E54/><V85/><F85/><W59/><G131/><T38/><D38/><U114/><E53/><V36/><REACH who="2" step="1"/><F71/><REACH who="2" ten="125,440,235,190" step="2"/><W3/><G127/><T25/><D18/><U100/><E100/><V50/><F50/><W39/><G39/><T122/><D122/><U20/><E114/><V79/><F79/><W14/><G73/><T133/><D133/><U111/><E91/><V45/><F45/><W19/><G19/><T96/><D96/><U58/><E88/><V74/><F74/><W17/><G17/><T135/><D135/><RYUUKYOKU ba="0,1" sc="125,15,440,-15,235,15,190,-15" hai0="12,13,15,16,25,28,30" hai2="36,41,47,55,63,82,84,90,93,97,101,109,110" /><INIT seed="2,1,1,2,2,95" ten="140,425,250,175" oya="2" hai0="29,106,43,30,113,118,38,115,87,134,78,112,72" hai1="90,128,108,24,54,1,26,116,114,96,53,73,80" hai2="71,83,77,19,98,11,32,88,84,41,61,94,107" hai3="133,121,46,111,44,36,132,126,76,49,100,25,74"/><V104/><F32/><W119/><G100/><T86/><D43/><U37/><E116/><V3/><F41/><W47/><G74/><T123/><D38/><U21/><E114/><V22/><F11/><W40/><G76/><T16/><D123/><U9/><E37/><V63/><F3/><W8/><G121/><T81/><D106/><U67/><E67/><V85/><F85/><W5/><G119/><T33/><D118/><U109/><E128/><V15/><REACH who="2" step="1"/><F63/><REACH who="2" ten="140,425,240,175" step="2"/><W110/><G40/><T42/><D42/><U131/><E1/><V55/><F55/><W75/><G8/><T4/><D33/><U39/><E9/><V101/><F101/><W125/><G75/><T12/><D86/><U130/><E73/><V59/><F59/><W0/><G0/><T82/><D87/><N who="1" m="50535" /><E39/><V103/><F103/><W23/><G36/><T48/><D113/><U14/><E54/><V18/><F18/><W6/><G49/><T129/><D16/><N who="1" m="10391" /><E53/><V28/><F28/><W20/><G47/><T13/><D30/><U27/><E131/><V52/><F52/><W58/><G58/><T10/><D29/><U102/><E130/><V51/><F51/><W35/><G35/><T91/><D48/><U92/><E109/><V124/><F124/><W57/><G57/><T2/><D129/><U99/><E108/><V135/><F135/><W68/><G111/><T62/><D134/><U105/><E105/><V93/><F93/><W97/><G110/><T31/><D62/><U7/><E7/><N who="3" m="2570" /><G133/><T69/><D112/><U34/><E34/><V64/><AGARI ba="1,2" hai="15,19,22,61,64,71,77,83,84,88,94,98,104,107" machi="64" ten="30,12000,1" yaku="1,1,0,1,52,1,54,1,53,1" doraHai="95" doraHaiUra="79" who="2" fromWho="2" sc="140,-41,425,-41,240,143,175,-41" /><INIT seed="2,2,0,4,1,37" ten="99,384,383,134" oya="2" hai0="7,69,103,127,109,11,21,40,135,32,34,70,6" hai1="27,108,118,47,91,59,58,14,111,41,48,98,26" hai2="88,123,24,52,49,73,113,85,31,95,22,92,87" hai3="18,35,99,44,105,5,114,119,55,100,56,122,8"/><V131/><F73/><W38/><G122/><T51/><D103/><U0/><E118/><V82/><F123/><W4/><G119/><T83/><D109/><N who="1" m="42059" /><E0/><V80/><F113/><W84/><G114/><T62/><D135/><U36/><E14/><V64/><F64/><W68/><G68/><T106/><D106/><U133/><E133/><V75/><F75/><W13/><G35/><T54/><D34/><U33/><E36/><V65/><F65/><W46/><G84/><T115/><D32/><U50/><E50/><V9/><F9/><W130/><G130/><T110/><D127/><U74/><E74/><V112/><F131/><W117/><G117/><T28/><D11/><U107/><E91/><N who="2" m="51639" /><F112/><W81/><G81/><T66/><D115/><U67/><E67/><V63/><F63/><W57/><G57/><AGARI ba="2,0" hai="22,24,31,49,52,57,80,87,88,92,95" m="51639" machi="57" ten="30,5800,0" yaku="8,1,54,2" doraHai="37" who="2" fromWho="3" sc="99,0,384,0,383,64,134,-64" /><INIT seed="2,3,0,2,2,2" ten="99,384,447,70" oya="2" hai0="80,41,66,7,123,122,97,94,81,46,118,67,129" hai1="30,42,39,79,43,116,101,104,76,125,92,8,115" hai2="74,99,21,75,119,128,34,22,15,12,45,25,106" hai3="59,124,47,72,1,95,82,64,28,50,73,3,16"/><V121/><F121/><W65/><G124/><T102/><D129/><U107/><E30/><V54/><F119/><W29/><G95/><T4/><D118/><U49/><E39/><V14/><F128/><W103/><G103/><T88/><D123/><U48/><E8/><V52/><F34/><W33/><G33/><T38/><D122/><U126/><E92/><V96/><F106/><W61/><G1/><T113/><D113/><U112/><REACH who="1" step="1"/><E101/><REACH who="1" ten="99,374,447,70" step="2"/><V44/><F12/><W5/><G28/><T10/><D10/><U9/><E9/><V26/><AGARI ba="3,1" hai="14,15,21,22,25,26,44,45,52,54,74,75,96,99" machi="26" ten="25,9600,0" yaku="0,1,22,2,54,1" doraHai="2" who="2" fromWho="2" sc="99,-35,374,-35,447,115,70,-35" /><INIT seed="2,4,0,1,0,0" ten="64,339,562,35" oya="2" hai0="7,119,73,10,87,44,88,72,79,130,43,114,103" hai1="113,83,124,42,126,94,99,48,30,110,31,29,55" hai2="122,106,117,1,80,64,68,9,49,16,17,81,82" hai3="104,97,41,54,51,77,74,133,59,24,60,134,135"/><V26/><F106/><W8/><G24/><T67/><D114/><U38/><E83/><V115/><F115/><W118/><G118/><T56/><D103/><U111/><E38/><V15/><F122/><W22/><G22/><T75/><D119/><U2/><E42/><V33/><F117/><W19/><G74/><T45/><D79/><U14/><E2/><V66/><F1/><W39/><G77/><T102/><D102/><U32/><E32/><V129/><F129/><W123/><G123/><T71/><D71/><U57/><E14/><V4/><F68/><W35/><G35/><T127/><D130/><U3/><E3/><V108/><F108/><N who="1" m="41513" /><E113/><V84/><F33/><W40/><G39/><T37/><D127/><U63/><E63/><V61/><F61/><W93/><G104/><T50/><D67/><N who="2" m="25642" /><F49/><W125/><G125/><T52/><D43/><U107/><E107/><V132/><F132/><W100/><G51/><T47/><D37/><U13/><E13/><AGARI ba="4,0" hai="8,13,19,40,41,54,59,60,93,97,100,133,134,135" machi="13" ten="40,1300,0" yaku="20,1" doraHai="0" who="3" fromWho="1" sc="64,0,339,-25,562,0,35,25" /><INIT seed="3,0,0,3,0,129" ten="64,314,562,60" oya="3" hai0="94,124,61,36,93,110,35,44,12,64,31,66,47" hai1="78,55,3,56,23,54,95,100,85,10,48,26,118" hai2="133,91,102,15,43,13,37,127,30,45,128,5,6" hai3="97,41,89,29,16,106,125,53,113,104,27,99,65"/><W123/><G123/><T105/><D105/><U18/><E118/><V2/><F102/><W96/><G113/><T51/><D35/><U92/><E3/><V84/><F128/><W14/><G125/><T122/><D122/><U24/><E10/><V68/><F68/><W79/><G65/><T50/><D31/><U86/><E78/><V33/><F30/><W114/><G114/><T62/><D36/><U131/><E131/><V19/><F33/><W112/><G112/><T39/><D39/><U103/><E95/><V74/><F74/><W59/><G79/><T108/><REACH who="0" step="1"/><D12/><REACH who="0" ten="54,314,562,60" step="2"/><U87/><E92/><V77/><F15/><W132/><G106/><T0/><D0/><U32/><E32/><V126/><F13/><W58/><G104/><T115/><D115/><U11/><E24/><V119/><F37/><W73/><G27/><T21/><D21/><U88/><E26/><V134/><F2/><W25/><G25/><T81/><D81/><U130/><E23/><V1/><F1/><W82/><G29/><T121/><D121/><U63/><E130/><V72/><F126/><AGARI ba="0,1" hai="44,47,50,51,61,62,64,66,93,94,108,110,124,126" machi="126" ten="25,8000,1" yaku="1,1,22,2,53,2" doraHai="129" doraHaiUra="120" who="0" fromWho="2" sc="54,90,314,0,562,-80,60,0" /><INIT seed="4,0,0,3,3,129" ten="144,314,482,60" oya="0" hai0="103,47,32,30,6,39,8,28,26,9,134,80,98" hai1="111,126,89,122,21,117,50,105,60,70,22,64,72" hai2="104,56,66,110,34,10,96,69,36,31,112,124,83" hai3="132,68,133,17,1,7,59,121,58,23,97,93,78"/><T37/><D30/><U100/><E122/><V52/><F36/><N who="0" m="13898" /><D47/><U74/><E89/><V116/><F110/><W94/><G68/><T33/><D9/><U48/><E111/><V109/><F10/><N who="3" m="2415" /><G78/><T86/><D86/><U79/><E117/><V106/><F106/><W67/><G121/><T95/><D80/><U19/><E19/><V119/><F83/><W53/><G67/><T99/><D95/><U91/><E79/><V45/><F45/><W4/><G4/><T101/><D99/><U84/><E84/><V15/><F96/><W29/><G29/><T12/><D103/><U24/><E100/><V65/><F31/><W13/><G97/><T81/><D81/><U128/><E91/><V5/><F109/><W76/><G76/><T75/><D12/><U46/><E46/><V63/><F15/><W131/><G131/><T118/><D118/><U113/><E128/><V125/><F116/><W123/><G123/><T51/><D75/><U57/><E74/><V90/><F90/><W40/><G40/><T16/><D6/><U87/><E72/><V27/><F5/><W49/><G59/><T62/><D98/><U82/><E57/><V61/><F119/><W3/><G3/><T107/><D107/><U71/><E105/><V38/><F104/><W114/><G114/><T73/><D101/><U85/><E113/><V92/><F112/><W35/><G35/><T55/><D33/><U108/><E108/><V11/><F34/><W54/><G54/><T14/><D73/><U120/><E120/><V25/><F56/><W77/><G77/><T130/><D130/><RYUUKYOKU ba="0,0" sc="144,-10,314,-10,482,-10,60,30" hai3="13,17,23,49,53,58,93,94,132,133" /><INIT seed="5,1,0,4,1,90" ten="134,304,472,90" oya="1" hai0="121,109,56,44,77,122,68,89,83,37,8,52,135" hai1="103,124,29,113,67,53,36,1,130,94,97,54,38" hai2="60,104,80,0,65,120,93,22,105,134,107,23,116" hai3="84,115,76,75,19,32,133,88,18,82,85,30,74"/><U131/><E1/><V41/><F0/><W49/><G74/><T50/><D109/><U9/><E9/><V28/><F120/><N who="0" m="46186" /><D68/><U69/><E29/><V26/><F116/><W39/><G39/><T43/><D135/><U66/><E113/><V16/><F134/><W95/><G133/><T73/><D89/><U110/><E110/><V10/><F80/><W117/><G115/><T51/><D8/><U6/><E6/><V78/><F78/><W45/><G117/><T48/><AGARI ba="1,0" hai="37,43,44,48,50,51,52,56,73,77,83" m="46186" machi="48" ten="30,2000,0" yaku="13,1,54,1" doraHai="90" who="0" fromWho="0" sc="134,23,304,-11,472,-6,90,-6" /><INIT seed="6,0,0,0,2,23" ten="157,293,466,84" oya="2" hai0="112,121,29,55,15,37,5,89,43,47,62,39,130" hai1="64,102,135,105,1,24,31,94,76,74,41,0,16" hai2="13,45,75,83,109,100,99,8,63,116,85,106,18" hai3="3,108,77,101,73,87,6,35,92,36,124,17,104"/><V54/><F75/><W51/><G108/><T90/><D121/><U32/><E135/><V25/><F116/><W69/><G36/><T93/><D39/><U59/><E41/><V58/><F45/><W4/><G69/><T46/><D112/><U96/><E74/><V30/><F109/><W52/><G124/><T126/><D130/><U119/><E76/><V103/><F99/><W7/><G35/><T117/><D126/><U20/><E119/><V118/><F106/><W33/><G33/><T79/><D79/><U82/><E82/><V38/><F38/><W42/><G3/><T65/><D117/><U113/><E113/><V61/><F61/><W44/><G104/><T21/><D47/><U125/><E125/><V107/><F107/><W86/><G42/><T27/><D55/><U134/><E134/><V11/><F11/><W127/><G127/><T95/><D5/><U133/><E133/><V114/><F114/><W71/><G71/><T88/><REACH who="0" step="1"/><D15/><REACH who="0" ten="147,293,466,84" step="2"/><U53/><E64/><V84/><F118/><W70/><G73/><T9/><D9/><U10/><E10/><V128/><F128/><W129/><G129/><T110/><D110/><U66/><E66/><V91/><F85/><W132/><G132/><T123/><D123/><U19/><E1/><V67/><F67/><W49/><G87/><T57/><AGARI ba="0,1" hai="21,27,29,37,43,46,57,62,65,88,89,90,93,95" machi="57" ten="30,7900,0" yaku="1,1,0,1,52,1,54,1,53,0" doraHai="23" doraHaiUra="115" who="0" fromWho="0" sc="147,89,293,-20,466,-39,84,-20" /><INIT seed="7,0,0,4,1,57" ten="236,273,427,64" oya="3" hai0="112,29,77,16,3,24,101,28,38,106,39,58,133" hai1="0,46,8,68,85,108,90,135,125,115,51,95,132" hai2="4,65,42,63,122,32,19,134,66,119,54,50,129" hai3="49,121,84,120,22,116,9,109,113,12,31,78,48"/><W86/><G116/><T62/><D3/><U107/><E107/><V83/><F54/><W14/><G109/><T41/><D133/><N who="1" m="51275" /><E68/><V102/><F65/><W30/><G113/><T96/><D112/><U52/><E108/><V71/><F66/><W128/><G22/><T76/><D76/><U70/><E70/><V111/><F50/><W72/><G72/><T74/><D77/><U110/><E110/><V105/><F71/><W88/><G78/><T114/><D114/><U13/><E125/><V55/><F105/><W11/><REACH who="3" step="1"/><G128/><REACH who="3" ten="236,273,427,54" step="2"/><T26/><D74/><U25/><E115/><V33/><F129/><W69/><G69/><T20/><D29/><U81/><E25/><V92/><F111/><W40/><G40/><T34/><D41/><U7/><E13/><V118/><F42/><W97/><G97/><T59/><D26/><U5/><E5/><V1/><F4/><W80/><G80/><AGARI ba="0,1" hai="0,7,8,46,51,52,80,81,85,90,95" m="51275" machi="80" ten="30,2000,0" yaku="20,1,54,1" doraHai="57" who="1" fromWho="3" sc="236,0,273,30,427,0,54,-20" owari="236,-16.0,303,10.0,427,53.0,34,-47.0" /></mjloggm>