<mjloggm ver="2.3"><GO type="97" lobby="0"/><UN n0="%E3%82%A6%E3%83%AB%E3%83%88%E3%83%A9%E7%AB%8B%E7%9B%B4" n1="%E8%BF%91%E9%BA%BB%E5%85%9A" n2="%38%32%31%73%68%69%6E" n3="%E3%82%B9%E3%82%AB%E3%82%A4%E3%82%A6%E3%82%A9%E3%83%BC%E3%82%AB%E3%83%BC" dan="15,14,15,16" rate="2073.72,1918.04,1979.48,2051.74" sx="M,M,M,M"/><TAIKYOKU oya="0"/><INIT seed="0,0,0,2,1,60" ten="250,250,250,250" oya="0" hai0="84,59,99,86,109,125,77,100,53,122,91,55,44" hai1="102,67,87,41,69,26,72,29,83,132,119,21,114" hai2="34,19,35,40,131,133,113,52,82,134,27,105,0" hai3="115,70,51,16,50,79,108,135,111,48,121,75,10"/><T32/><D32/><U81/><E119/><V58/><F113/><W80/><G115/><T63/><D122/><U4/><E132/><N who="2" m="50795" /><F105/><W61/><G135/><T14/><D125/><U78/><E114/><V73/><F0/><W5/><G121/><T103/><D109/><U110/><E110/><V127/><F40/><W90/><G90/><T106/><D77/><U54/><E102/><V9/><F127/><W15/><REACH who="3" step="1"/><G5/><REACH who="3" ten="250,250,250,240" step="2"/><T37/><D91/><U65/><E4/><V123/><F123/><W128/><G128/><T45/><D103/><U43/><E54/><V11/><F131/><W98/><G98/><T18/><D53/><U6/><E6/><V117/><F117/><W116/><G116/><T24/><D99/><U88/><REACH who="1" step="1"/><E69/><REACH who="1" ten="250,240,250,240" step="2"/><V42/><F42/><AGARI ba="0,2" hai="21,26,29,41,42,43,65,67,72,78,81,83,87,88" machi="42" ten="40,8000,1" yaku="1,1,2,1,52,2,54,1,53,0" doraHai="60" doraHaiUra="47" who="1" fromWho="2" sc="250,0,240,100,250,-80,240,0" /><INIT seed="1,0,0,4,1,24" ten="250,340,170,240" oya="1" hai0="91,109,18,37,31,63,13,11,99,131,82,74,25" hai1="48,73,23,128,62,92,46,72,6,70,5,95,97" hai2="104,15,9,120,27,90,108,45,55,3,77,16,89" hai3="96,118,39,83,33,69,29,22,86,66,12,57,64"/><U38/><E128/><V132/><F120/><W135/><G69/><T19/><D37/><U20/><E38/><V102/><F132/><W10/><G33/><T17/><D109/><U28/><E73/><V116/><F108/><W94/><G39/><T87/><D74/><U36/><E36/><V124/><F116/><W54/><G135/><T67/><D99/><U80/><E72/><V34/><F124/><W41/><G41/><T60/><D131/><U126/><E80/><V56/><F77/><W114/><G114/><T52/><D52/><N who="1" m="29719" /><E70/><V49/><F3/><W14/><G14/><T42/><D42/><U75/><E95/><V123/><F123/><W0/><G0/><T2/><D2/><U84/><E84/><V85/><F85/><W71/><G71/><T111/><D111/><U1/><E1/><V121/><F121/><W113/><G113/><T30/><D25/><N who="1" m="16423" /><E75/><V44/><F44/><W4/><G86/><T106/><D106/><U21/><E62/><N who="0" m="23593" /><D67/><U81/><E81/><V26/><F45/><W122/><G83/><T115/><D115/><U35/><E35/><V7/><F27/><N who="3" m="16631" /><G118/><T68/><D68/><U43/><E43/><V107/><F104/><W117/><G117/><T105/><D105/><U133/><E126/><V88/><F107/><W112/><G112/><T130/><D130/><U98/><E98/><V100/><F34/><W93/><G122/><T78/><D78/><U119/><E133/><V129/><F129/><W8/><G96/><T53/><D53/><U79/><E79/><V59/><F59/><W125/><G125/><T40/><D40/><RYUUKYOKU ba="0,0" sc="250,15,340,-15,170,15,240,-15" hai0="11,13,17,18,19,30,31,82,87,91" hai2="7,9,15,16,26,49,55,56,88,89,90,100,102" /><INIT seed="2,1,0,2,1,93" ten="265,325,185,225" oya="2" hai0="25,130,108,68,40,107,91,8,52,66,11,49,127" hai1="79,102,42,17,87,65,13,63,98,60,83,23,61" hai2="76,114,74,46,20,37,19,95,119,89,53,78,64" hai3="26,131,125,96,4,106,29,71,45,1,44,62,30"/><V43/><F119/><W72/><G72/><T75/><D75/><U48/><E42/><V47/><F114/><W5/><G125/><T34/><D127/><U7/><E48/><V123/><F123/><W0/><G131/><T51/><D130/><U88/><E7/><V18/><F64/><W116/><G116/><T67/><D107/><U99/><E99/><V3/><F3/><W113/><G113/><T128/><D108/><U21/><E79/><V57/><F47/><W90/><G62/><T132/><D128/><U70/><E23/><V134/><F134/><W84/><G71/><T28/><D132/><U115/><REACH who="1" step="1"/><E115/><REACH who="1" ten="265,315,185,225" step="2"/><V109/><F109/><W121/><G5/><T56/><D49/><U118/><E118/><V24/><F74/><W129/><G4/><T33/><D40/><U27/><E27/><V73/><F73/><W10/><G26/><T58/><D25/><U126/><E126/><V133/><F133/><W50/><G96/><T59/><D51/><U103/><E103/><V117/><F117/><W41/><G50/><T36/><D58/><U80/><E80/><V94/><F18/><W110/><G41/><T92/><D59/><U85/><E85/><V82/><F82/><W32/><G84/><T112/><D56/><U14/><E14/><V100/><F100/><W69/><G121/><T6/><D6/><U111/><E111/><V101/><F101/><W86/><G86/><T16/><D16/><U97/><E97/><N who="2" m="57551" /><F95/><AGARI ba="1,1" hai="13,17,21,60,61,63,65,70,83,87,88,95,98,102" machi="95" ten="30,7700,0" yaku="1,1,7,1,52,1,54,1,53,0" doraHai="93" doraHaiUra="105" who="1" fromWho="2" sc="265,0,315,90,185,-80,225,0" /><INIT seed="3,0,0,0,4,71" ten="265,405,105,225" oya="3" hai0="23,93,11,131,112,1,13,29,118,16,121,133,0" hai1="87,22,50,123,105,109,126,114,49,28,12,7,99" hai2="27,45,69,4,44,24,85,103,48,57,31,77,19" hai3="58,26,65,86,37,55,127,108,82,36,72,51,135"/><W8/><G72/><T47/><D93/><U106/><E114/><V92/><F69/><W61/><G135/><T110/><D47/><U38/><E38/><V18/><F4/><W32/><G127/><T76/><D76/><U88/><E123/><V63/><F77/><W74/><G74/><T35/><D121/><U116/><E126/><V64/><F27/><W10/><G10/><T90/><D90/><U43/><E116/><V119/><F119/><W89/><G8/><T102/><D102/><U75/><E75/><V70/><F70/><W54/><G54/><T78/><D78/><U81/><E109/><V40/><F44/><W122/><G122/><T14/><D118/><U46/><E50/><V128/><F128/><W5/><G5/><T59/><D59/><U100/><E7/><V96/><REACH who="2" step="1"/><F85/><REACH who="2" ten="265,405,95,225" step="2"/><W67/><G108/><T66/><D110/><U124/><E124/><V34/><AGARI ba="0,1" hai="18,19,24,31,34,40,45,48,57,63,64,92,96,103" machi="34" ten="20,5200,0" yaku="1,1,2,1,0,1,7,1,53,0" doraHai="71" doraHaiUra="84" who="2" fromWho="2" sc="265,-13,405,-13,95,62,225,-26" owari="252,5.0,392,49.0,157,-34.0,199,-20.0" /></mjloggm>