<mjloggm ver="2.3"><GO type="169" lobby="0"/><UN n0="%6B%6C%62%73%74%38%38" n1="%E3%82%A6%E3%83%AB%E3%83%88%E3%83%A9%E7%AB%8B%E7%9B%B4" n2="%E5%89%8D%E6%88%AF%33%30%E5%88%86" n3="%EF%BC%88%EF%BC%BE%D0%94%EF%BC%BE%EF%BC%89" dan="17,17,16,16" rate="2083.26,2180.23,2092.28,2093.07" sx="M,M,M,M"/><TAIKYOKU oya="0"/><INIT seed="0,0,0,2,0,76" ten="250,250,250,250" oya="0" hai0="124,54,90,81,10,47,113,127,72,108,58,21,67" hai1="107,64,28,63,3,16,125,70,106,25,49,114,119" hai2="35,93,85,83,128,43,60,135,42,96,102,95,17" hai3="132,12,98,68,27,123,82,19,91,5,92,79,75"/><T22/><D113/><U122/><E119/><V23/><F35/><W57/><G68/><T40/><D67/><U111/><E122/><V2/><F2/><W121/><G132/><T41/><D10/><U6/><E125/><N who="0" m="48201" /><D108/><U55/><E111/><V13/><F128/><W115/><G115/><T117/><D117/><U129/><E129/><V65/><F95/><W110/><G110/><T100/><D100/><U39/><E6/><V131/><F131/><W44/><G5/><T61/><D40/><U74/><E3/><V36/><F36/><W56/><G27/><T112/><D112/><U71/><E39/><V109/><F135/><W97/><G44/><T33/><D33/><U32/><E71/><V48/><F48/><W11/><REACH who="3" step="1"/><G98/><REACH who="3" ten="250,250,250,240" step="2"/><T101/><D101/><U34/><E114/><V30/><F109/><W45/><G45/><T66/><D66/><U69/><E64/><V7/><F7/><W26/><G26/><T88/><D47/><U59/><E25/><V89/><REACH who="2" step="1"/><F30/><REACH who="2" ten="250,250,240,240" step="2"/><W51/><G51/><T87/><D41/><U38/><E49/><V1/><F1/><W14/><G14/><T9/><D61/><U29/><E63/><V116/><F116/><W18/><G18/><T37/><D37/><U73/><E38/><V78/><F78/><W20/><G20/><T134/><D134/><U133/><E133/><V46/><F46/><W126/><G126/><T8/><D22/><U120/><E16/><V53/><F53/><W0/><G0/><T4/><D21/><U118/><E55/><V99/><F99/><W94/><G94/><T103/><D4/><RYUUKYOKU ba="0,2" sc="250,-15,250,-15,240,15,240,15" hai2="13,17,23,42,43,60,65,83,85,89,93,96,102" hai3="11,12,19,56,57,75,79,82,91,92,97,121,123" /><INIT seed="1,1,2,4,4,90" ten="235,235,255,255" oya="1" hai0="121,104,15,105,58,52,38,30,28,116,26,82,40" hai1="44,25,106,1,79,41,60,97,9,113,84,34,99" hai2="22,118,78,86,87,0,115,61,65,29,49,27,37" hai3="128,4,42,39,120,95,112,101,11,66,119,107,21"/><U48/><E113/><V81/><F37/><W23/><G112/><T130/><D116/><U100/><E34/><V46/><F115/><W110/><G107/><T122/><D40/><U16/><E99/><V70/><F0/><W19/><G120/><N who="0" m="46187" /><D38/><U5/><E60/><V111/><F111/><W56/><G119/><T77/><D15/><U68/><E68/><V131/><F131/><W72/><G72/><N who="0" m="43303" /><D130/><U63/><E63/><V98/><F98/><N who="3" m="59615" /><G39/><T57/><D57/><U8/><E84/><V134/><F134/><W85/><G42/><T36/><D36/><U2/><E79/><V55/><REACH who="2" step="1"/><F118/><REACH who="2" ten="235,235,245,255" step="2"/><W59/><G128/><T6/><D6/><U74/><E1/><V73/><AGARI ba="1,3" hai="22,27,29,46,49,55,61,65,70,73,78,81,86,87" machi="73" ten="20,5200,0" yaku="1,1,2,1,0,1,7,1,53,0" doraHai="90" doraHaiUra="103" who="2" fromWho="2" sc="235,-14,235,-27,245,85,255,-14" /><INIT seed="2,0,0,5,4,135" ten="221,208,330,241" oya="2" hai0="30,105,82,3,76,60,32,47,18,93,106,69,132" hai1="15,23,72,35,130,54,49,126,84,74,77,20,94" hai2="71,124,19,65,61,81,92,12,34,101,118,56,25" hai3="48,10,5,24,128,68,1,129,75,37,22,120,86"/><V29/><F118/><W119/><G37/><T4/><D18/><U26/><E130/><N who="3" m="50282" /><G75/><T116/><D93/><U97/><E35/><V67/><F81/><W2/><G68/><T38/><D132/><U16/><E126/><V14/><F14/><N who="3" m="5455" /><G119/><T111/><D111/><U109/><E109/><V63/><F101/><W127/><G127/><T89/><D89/><U39/><E39/><V41/><F41/><W100/><G120/><T91/><D91/><U73/><E84/><V131/><F131/><W42/><G100/><T52/><D38/><U57/><E77/><V110/><F110/><W58/><G86/><T87/><D69/><U108/><E108/><V88/><F124/><W28/><G58/><T11/><D116/><U113/><E113/><V123/><F123/><W55/><G55/><T50/><REACH who="0" step="1"/><D60/><REACH who="0" ten="211,208,330,241" step="2"/><U33/><E94/><V115/><F115/><W45/><AGARI ba="0,1" hai="1,2,22,24,28,42,45,48" m="5455,50282" machi="45" ten="30,1100,0" yaku="19,1" doraHai="135" who="3" fromWho="3" sc="211,-3,208,-3,330,-5,241,21" /><INIT seed="3,0,0,4,5,131" ten="208,205,325,262" oya="3" hai0="49,33,35,127,134,13,135,60,123,102,82,20,18" hai1="53,10,56,61,78,129,77,62,69,92,67,113,2" hai2="103,95,29,119,8,32,106,80,121,1,83,37,124" hai3="14,3,31,133,7,74,25,84,6,39,125,91,128"/><W71/><G74/><T36/><D36/><U59/><E129/><V4/><F119/><W66/><G3/><T81/><D123/><U24/><E113/><V5/><F106/><W45/><G128/><T30/><D127/><U64/><E24/><V94/><F37/><W108/><G125/><T73/><D102/><U22/><E22/><V107/><F107/><W115/><G115/><T132/><D30/><U72/><E72/><V110/><F29/><W11/><G71/><T28/><D28/><U50/><E2/><V70/><F32/><N who="0" m="12362" /><D73/><U15/><E92/><V16/><F70/><W100/><G66/><T98/><D98/><U51/><E51/><V97/><F5/><AGARI ba="0,0" hai="5,10,15,50,53,56,59,61,62,64,67,69,77,78" machi="5" ten="30,1000,0" yaku="7,1" doraHai="131" who="1" fromWho="2" sc="208,0,205,10,325,-10,262,0" /><INIT seed="4,0,0,5,0,31" ten="208,215,315,262" oya="0" hai0="89,54,81,102,58,0,15,76,71,96,131,75,124" hai1="38,84,123,52,12,101,95,108,134,67,35,129,45" hai2="115,18,112,69,53,93,82,40,120,79,107,41,87" hai3="20,98,48,59,60,110,3,17,91,5,16,106,23"/><T133/><D71/><U83/><E108/><V6/><F107/><W122/><G110/><T19/><D0/><U46/><E123/><V49/><F69/><W119/><G119/><T68/><D68/><U29/><E67/><V74/><F6/><W25/><G122/><T90/><D124/><U42/><E129/><V51/><F51/><W100/><G91/><T66/><D66/><U14/><E134/><V118/><F120/><W55/><G5/><T78/><D78/><U117/><E117/><V109/><F109/><W4/><G4/><T126/><D131/><U28/><E95/><V21/><F118/><W121/><G3/><T47/><D47/><U61/><E101/><V63/><F63/><W72/><G72/><T26/><D26/><U44/><E44/><N who="2" m="27815" /><F93/><W9/><G9/><T105/><D126/><U128/><E128/><V73/><F41/><W70/><G121/><T22/><REACH who="0" step="1"/><D133/><REACH who="0" ten="198,215,315,262" step="2"/><U135/><E135/><V94/><F79/><W2/><G2/><T43/><D43/><U36/><E46/><V80/><F40/><W132/><G132/><T33/><D33/><U97/><E35/><V64/><F64/><W10/><G70/><T77/><D77/><N who="1" m="46191" /><E42/><V130/><F130/><W1/><G1/><T57/><D57/><N who="1" m="34983" /><E45/><V99/><F73/><W32/><G32/><T88/><D88/><U85/><E14/><V104/><F74/><W34/><G34/><T27/><D27/><U127/><E12/><V62/><F115/><W30/><G25/><T56/><D56/><U39/><E127/><V86/><F112/><W7/><G59/><T11/><D11/><RYUUKYOKU ba="0,1" sc="198,30,215,-10,315,-10,262,-10" hai0="15,19,22,54,58,75,76,81,89,90,96,102,105" /><INIT seed="4,1,1,2,1,81" ten="228,205,305,252" oya="0" hai0="89,112,24,48,116,39,43,4,101,31,65,104,38" hai1="42,127,71,30,1,111,114,52,76,6,5,40,115" hai2="73,51,105,93,67,80,18,16,54,133,47,22,32" hai3="88,26,86,92,135,128,97,129,15,103,98,84,61"/><T56/><D116/><U21/><E71/><V124/><F105/><W82/><G135/><T126/><D4/><N who="1" m="1643" /><E1/><V41/><F32/><W59/><G15/><T2/><D2/><U74/><E111/><V119/><F133/><W45/><G45/><T95/><D126/><U28/><E74/><V64/><F124/><W118/><G26/><T108/><D108/><U34/><E34/><V66/><F119/><W53/><G118/><T70/><D70/><U3/><E76/><V69/><F69/><W63/><G63/><T131/><D131/><N who="3" m="50249" /><G82/><T68/><D68/><U11/><E11/><V130/><F93/><AGARI ba="1,1" hai="53,59,61,84,86,88,92,93,97,98,103" m="50249" machi="93" ten="30,7700,0" yaku="19,1,52,2,54,1" doraHai="81" who="3" fromWho="2" sc="228,0,205,0,305,-80,252,90" /><INIT seed="5,0,0,5,4,123" ten="228,205,225,342" oya="1" hai0="119,86,65,121,79,1,129,115,96,67,68,60,101" hai1="108,41,58,26,42,0,40,107,76,82,64,112,124" hai2="70,69,117,93,126,125,25,39,45,102,48,35,19" hai3="8,55,95,80,20,11,53,7,113,54,4,128,104"/><U12/><E107/><V50/><F117/><W6/><G104/><T24/><D119/><U38/><E0/><V103/><F39/><W57/><G113/><T32/><D115/><U10/><E112/><V94/><F45/><W16/><G57/><T89/><D79/><U30/><E124/><V106/><F106/><W27/><G128/><T133/><D67/><U34/><E38/><V61/><F61/><W49/><G49/><T17/><D1/><U63/><E108/><V88/><F25/><W62/><G62/><T127/><D133/><U18/><REACH who="1" step="1"/><E42/><REACH who="1" ten="228,195,225,342" step="2"/><V29/><F125/><W131/><G131/><T43/><D43/><U21/><E21/><V28/><F126/><W31/><G11/><T87/><D129/><U81/><E81/><V13/><F35/><W77/><G95/><T118/><D127/><U109/><E109/><V84/><F94/><W5/><G8/><T134/><D118/><U130/><E130/><V71/><F103/><W100/><G100/><T111/><D111/><U22/><E22/><N who="2" m="11631" /><F102/><W15/><G20/><N who="0" m="13327" /><D32/><U85/><AGARI ba="0,1" hai="10,12,18,26,30,34,40,41,58,63,64,76,82,85" machi="85" ten="20,3900,0" yaku="1,1,0,1,7,1,53,0" doraHai="123" doraHaiUra="33" who="1" fromWho="1" sc="228,-13,195,49,225,-13,342,-13" /><INIT seed="5,1,0,1,5,21" ten="215,244,212,329" oya="1" hai0="46,48,104,60,133,34,97,36,135,52,10,111,93" hai1="127,13,125,112,54,51,8,71,92,99,16,80,131" hai2="29,50,117,81,66,115,95,25,128,85,110,15,17" hai3="90,129,109,119,76,32,68,72,5,31,132,63,106"/><U39/><E39/><V78/><F117/><W30/><G109/><T96/><D111/><U83/><E71/><V1/><F110/><W49/><G119/><T61/><D34/><U20/><E112/><V58/><F1/><W120/><G120/><T79/><D79/><U47/><E131/><V22/><F128/><W9/><G106/><T74/><D74/><U87/><E87/><V26/><F115/><W130/><G132/><N who="0" m="50763" /><D36/><U123/><E123/><V101/><F29/><W62/><G31/><T77/><D77/><U108/><E108/><V121/><F121/><W23/><G62/><T38/><D38/><U27/><E125/><V100/><F100/><W3/><G23/><T41/><D41/><U118/><E127/><V28/><F28/><W56/><G49/><T84/><D84/><U114/><E114/><V2/><F2/><W12/><G12/><T69/><D69/><U64/><E64/><V102/><F102/><W82/><G90/><N who="0" m="55351" /><D10/><U7/><E118/><V44/><F58/><W86/><G56/><T14/><D14/><U18/><E7/><V88/><F66/><N who="3" m="41055" /><G86/><T55/><D55/><U89/><AGARI ba="1,0" hai="8,13,16,18,20,27,47,51,54,80,83,89,92,99" machi="89" ten="20,12000,1" yaku="0,1,7,1,8,1,52,1,54,1" doraHai="21" who="1" fromWho="1" sc="215,-41,244,123,212,-41,329,-41" /><INIT seed="5,2,0,1,0,109" ten="174,367,171,288" oya="1" hai0="116,39,135,87,13,100,15,101,129,81,31,118,12" hai1="8,61,44,3,53,49,120,99,117,130,68,106,75" hai2="6,48,107,115,28,41,16,2,46,126,121,125,37" hai3="36,43,45,56,67,112,32,19,97,71,42,30,47"/><U20/><E75/><V123/><F107/><W1/><G1/><T23/><D39/><U119/><E120/><V78/><F78/><W79/><G79/><T70/><D70/><U74/><E74/><V105/><F105/><W84/><G32/><T128/><D31/><U96/><E96/><V76/><F76/><W89/><G30/><T34/><D34/><U62/><E20/><V131/><F28/><W22/><G71/><T94/><D23/><U14/><E3/><V95/><F95/><W7/><G7/><T35/><D35/><U51/><E130/><N who="0" m="50281" /><D135/><U113/><E99/><V85/><F85/><W21/><G89/><N who="0" m="53567" /><D81/><U98/><E14/><N who="0" m="3585" /><T11/><DORA hai="24" /><D11/><U26/><E8/><N who="2" m="2135" /><F16/><W91/><G19/><T0/><D0/><U110/><E26/><V38/><F131/><W114/><G97/><T33/><D33/><U17/><E17/><V40/><F121/><W25/><G25/><T10/><D10/><U69/><E69/><V9/><F9/><W127/><G21/><T102/><AGARI ba="2,0" hai="100,101,102,116,118" m="3585,53567,50281" machi="102" ten="40,1500,0" yaku="19,1" doraHai="109,24" who="0" fromWho="0" sc="174,21,367,-9,171,-6,288,-6" /><INIT seed="6,0,0,3,5,89" ten="195,358,165,282" oya="2" hai0="40,84,45,60,25,131,52,115,88,6,34,72,78" hai1="74,37,3,38,49,99,5,68,42,77,75,114,87" hai2="127,2,26,67,71,51,46,50,70,73,120,56,63" hai3="43,95,118,9,13,90,133,103,12,39,129,109,82"/><V20/><F73/><W27/><G118/><T28/><D115/><U7/><E87/><V98/><F120/><W130/><G109/><T91/><D131/><U18/><E49/><V83/><F2/><W57/><G133/><T76/><D72/><U32/><E18/><V8/><F8/><W108/><G108/><T1/><D91/><U126/><E42/><V132/><F127/><W19/><G103/><T97/><D97/><U54/><E77/><V55/><F132/><W31/><G82/><T4/><D4/><U124/><E54/><V10/><F10/><W121/><G121/><T128/><D128/><U65/><E99/><V33/><F33/><W101/><G101/><T15/><D15/><U11/><E11/><V85/><F98/><W100/><G100/><T111/><D1/><U69/><E3/><V104/><F50/><W112/><G13/><T66/><D6/><U29/><E114/><V62/><F104/><W94/><G112/><T21/><D34/><U59/><E32/><V122/><F63/><W105/><G105/><T44/><D111/><U64/><E29/><V117/><F117/><W93/><G90/><T24/><D24/><U41/><E41/><V14/><F14/><W106/><G106/><T123/><D123/><U119/><E119/><V53/><F67/><W0/><G0/><T23/><D23/><U80/><E80/><V86/><F122/><W135/><G135/><T134/><D134/><U36/><E36/><V81/><F81/><W125/><G129/><T110/><D66/><U47/><E47/><N who="0" m="17993" /><D40/><U61/><E61/><V58/><F83/><RYUUKYOKU ba="0,0" sc="195,-10,358,30,165,-10,282,-10" hai1="5,7,37,38,59,64,65,68,69,74,75,124,126" /><INIT seed="7,1,0,4,5,21" ten="185,388,155,272" oya="3" hai0="120,34,114,111,69,106,64,65,14,100,90,88,18" hai1="58,28,36,48,9,72,43,130,26,68,131,105,59" hai2="89,73,25,62,99,92,110,0,67,61,87,75,8" hai3="77,15,93,17,33,96,84,27,51,30,103,40,10"/><W60/><G60/><T53/><D34/><U125/><E36/><V6/><F110/><W2/><G2/><T121/><D111/><U108/><E68/><V39/><F39/><W66/><G66/><T35/><D35/><U38/><E38/><V116/><F116/><W22/><G33/><T102/><D18/><U76/><E108/><V124/><F124/><W47/><G84/><T133/><D14/><U54/><E43/><V82/><F61/><W12/><G12/><T16/><D16/><U79/><E125/><V41/><F41/><W31/><REACH who="3" step="1"/><G77/><REACH who="3" ten="185,388,155,262" step="2"/><T1/><D1/><U45/><E79/><V57/><REACH who="2" step="1"/><F25/><REACH who="2" ten="185,388,145,262" step="2"/><W97/><G97/><T29/><D69/><U118/><E76/><AGARI ba="1,2" hai="0,6,8,57,62,67,73,75,76,82,87,89,92,99" machi="76" ten="30,3900,0" yaku="1,1,2,1,7,1,53,0" doraHai="21" doraHaiUra="37" who="2" fromWho="1" sc="185,0,388,-42,145,62,262,0" owari="185,-31.0,346,44.0,207,-19.0,262,6.0" /></mjloggm>