<mjloggm ver="2.3"><GO type="97" lobby="0"/><UN n0="%72%69%6B%75%32%37%31" n1="%E3%82%A6%E3%83%AB%E3%83%88%E3%83%A9%E7%AB%8B%E7%9B%B4" n2="%4E%6F%EF%BC%AE%61%6D%65" n3="%E3%83%81%E3%83%A3%E3%83%83%E3%82%AD%E3%83%BC%E3%82%B8%E3%82%A7%E3%83%B3" dan="13,14,16,14" rate="1897.83,1968.31,2028.94,1890.85" sx="M,M,M,M"/><TAIKYOKU oya="0"/><INIT seed="0,0,0,3,3,116" ten="250,250,250,250" oya="0" hai0="98,112,93,104,111,100,79,1,31,72,97,10,42" hai1="78,16,6,120,74,80,102,32,17,46,110,67,118" hai2="57,39,26,99,58,86,105,60,47,29,71,133,73" hai3="40,103,59,117,54,55,127,50,82,69,8,0,126"/><T76/><D112/><U131/><E118/><V121/><F73/><W68/><G40/><T115/><D115/><U113/><E113/><V92/><F71/><W44/><G117/><T51/><D31/><U7/><E32/><V129/><F129/><W91/><G103/><T9/><D111/><U130/><E67/><V52/><F133/><W85/><G0/><T83/><D1/><U20/><E102/><V109/><F105/><W77/><G77/><T107/><D51/><U89/><E89/><V41/><F109/><W53/><G53/><T134/><D42/><U96/><E96/><V3/><F86/><W48/><G8/><T108/><D108/><U61/><E61/><V18/><F3/><W38/><G38/><T14/><D134/><U135/><E135/><V81/><F81/><W119/><G119/><T28/><D28/><U45/><E110/><V90/><F58/><W22/><G22/><T12/><D79/><U21/><E78/><V87/><F87/><W106/><G106/><T123/><D123/><U24/><E80/><V63/><F63/><W11/><G11/><T94/><D104/><U125/><E125/><AGARI ba="0,0" hai="44,48,50,54,55,59,68,69,82,85,91,125,126,127" machi="125" ten="40,1300,0" yaku="18,1" doraHai="116" who="3" fromWho="1" sc="250,0,250,-13,250,0,250,13" /><INIT seed="1,0,0,3,1,69" ten="250,237,250,263" oya="1" hai0="24,40,54,8,9,25,102,38,133,20,28,82,98" hai1="4,122,89,27,61,31,109,93,39,21,99,29,18" hai2="123,111,66,105,96,42,85,15,34,83,30,113,130" hai3="65,12,63,17,14,11,112,79,49,108,94,36,26"/><U92/><E122/><V97/><F42/><W51/><G112/><T68/><D133/><U59/><E109/><V2/><F2/><W110/><G79/><T126/><D126/><U106/><E106/><V72/><F66/><W67/><G26/><T7/><D68/><U127/><E127/><V131/><F34/><W117/><G117/><T128/><D128/><N who="2" m="49194" /><F30/><W43/><G94/><T74/><D25/><U103/><E39/><V58/><F58/><W48/><G14/><T45/><D54/><N who="1" m="34039" /><E4/><V119/><F15/><W33/><G33/><T95/><D7/><U64/><E64/><V16/><F16/><W132/><G132/><T37/><D37/><U120/><E120/><V114/><F123/><W86/><G36/><T60/><D60/><U44/><E44/><V76/><F119/><W62/><G43/><T135/><REACH who="0" step="1"/><D135/><REACH who="0" ten="240,237,250,263" step="2"/><U1/><E1/><V107/><F111/><N who="3" m="42539" /><G63/><T19/><D19/><U52/><E52/><V81/><F113/><W118/><G118/><T101/><D101/><U5/><E5/><V3/><F114/><W104/><G62/><T53/><D53/><U50/><E50/><V55/><F55/><W124/><G124/><T13/><D13/><U71/><E71/><V32/><F3/><W57/><G65/><T47/><D47/><U84/><AGARI ba="0,1" hai="18,21,27,29,31,84,89,92,93,99,103" m="34039" machi="84" ten="30,1500,0" yaku="8,1" doraHai="69" who="1" fromWho="1" sc="240,-5,237,25,250,-5,263,-5" /><INIT seed="1,1,0,0,0,90" ten="235,262,245,258" oya="1" hai0="134,106,128,78,52,119,0,5,109,7,132,31,131" hai1="37,104,92,77,62,61,51,100,116,125,63,72,89" hai2="30,129,108,96,107,41,27,83,25,60,48,39,20" hai3="24,4,18,114,58,47,64,13,11,50,112,111,35"/><U38/><E116/><V33/><F39/><W55/><G111/><T10/><D106/><U123/><E123/><V42/><F108/><W121/><G121/><T75/><D109/><U15/><E125/><V86/><F129/><N who="0" m="49738" /><D78/><U73/><E51/><V97/><F107/><W67/><G35/><T9/><D75/><U126/><E126/><V23/><F60/><W68/><G68/><T57/><D57/><U115/><E115/><V135/><F135/><N who="0" m="51754" /><D52/><U22/><E77/><N who="2" m="46447" /><F33/><W127/><G127/><T76/><D76/><U103/><E73/><V44/><F42/><W34/><G58/><T84/><D84/><N who="1" m="52263" /><E72/><V46/><F44/><W8/><G112/><T110/><D110/><U32/><E104/><V93/><F93/><W101/><G101/><N who="1" m="38986" /><E38/><V70/><F70/><W80/><G80/><T71/><D71/><U14/><E37/><V19/><AGARI ba="1,0" hai="19,20,23,25,27,30,41,46,48,96,97" m="46447" machi="19" ten="30,1100,0" yaku="8,1" doraHai="90" who="2" fromWho="2" sc="235,-4,262,-6,245,14,258,-4" /><INIT seed="2,0,0,2,4,116" ten="231,256,259,254" oya="2" hai0="20,127,78,16,98,6,30,101,87,10,8,97,27" hai1="2,34,15,112,92,106,28,134,48,105,1,26,125" hai2="85,118,89,3,43,0,80,109,119,36,124,69,108" hai3="55,64,18,103,42,49,72,93,54,7,53,121,82"/><V111/><F69/><W39/><G64/><T40/><D127/><U35/><E112/><V99/><F124/><W71/><G71/><T79/><D10/><U32/><E106/><V123/><F123/><W110/><G121/><T76/><D97/><U58/><E105/><V44/><REACH who="2" step="1"/><F99/><REACH who="2" ten="231,256,249,254" step="2"/><W50/><G103/><T132/><D101/><U25/><E125/><V75/><F75/><W52/><G72/><T115/><D98/><U96/><E96/><V128/><F128/><W24/><G110/><T23/><D115/><U63/><E92/><V129/><F129/><W100/><G93/><T107/><D107/><U9/><E134/><V104/><F104/><W4/><G100/><T29/><D132/><U122/><E122/><V45/><F45/><W68/><G68/><T102/><D102/><U51/><E58/><V130/><F130/><W56/><G82/><T46/><D87/><U62/><E34/><V38/><F38/><W117/><G39/><T31/><D46/><U37/><E37/><V95/><F95/><W88/><G117/><AGARI ba="0,1" hai="0,3,36,43,44,80,85,89,108,109,111,117,118,119" machi="117" ten="50,12000,1" yaku="1,1,14,1,10,1,53,1" doraHai="116" doraHaiUra="83" who="2" fromWho="3" sc="231,0,256,0,249,130,254,-120" /><INIT seed="2,1,0,4,0,57" ten="231,256,379,134" oya="2" hai0="64,110,20,27,59,65,103,66,51,104,2,111,119" hai1="73,76,7,25,68,118,117,107,87,29,1,46,39" hai2="98,23,80,69,63,53,74,109,16,122,131,120,52" hai3="38,56,82,99,85,86,12,28,106,26,32,81,84"/><V41/><F41/><W43/><G12/><T115/><D115/><U8/><E87/><V96/><F131/><W114/><G114/><T135/><D2/><U3/><E3/><V5/><F5/><W128/><G128/><T105/><D135/><U94/><E94/><V70/><F109/><N who="0" m="41482" /><D119/><U95/><E95/><V83/><F23/><W132/><G132/><T36/><D36/><U19/><E19/><V13/><F13/><W92/><G106/><N who="0" m="41067" /><D103/><U0/><E0/><V40/><F40/><W91/><REACH who="3" step="1"/><G56/><REACH who="3" ten="231,256,379,124" step="2"/><T93/><D59/><U49/><E107/><V58/><F58/><W33/><G33/><T90/><D51/><U102/><E118/><V34/><F34/><W79/><G79/><T125/><D125/><U42/><E117/><V89/><F69/><W116/><G116/><T11/><D11/><U9/><E9/><V50/><F70/><W18/><G18/><N who="0" m="12695" /><D66/><U113/><E113/><V75/><F16/><W22/><G22/><T24/><D24/><U97/><E68/><V47/><F122/><W130/><G130/><T61/><D61/><U10/><E10/><V54/><F120/><W101/><G101/><T55/><D55/><U100/><E100/><V121/><F53/><W112/><G112/><T15/><D15/><U124/><E124/><V37/><F54/><W4/><G4/><T35/><D35/><N who="1" m="20911" /><E49/><V134/><F50/><W123/><G123/><T133/><D133/><U60/><E60/><V14/><F134/><W6/><G6/><T129/><D129/><U31/><E76/><V45/><F63/><W88/><G88/><T48/><D48/><RYUUKYOKU ba="1,1" sc="231,15,256,-15,379,-15,124,15" hai0="64,65,90,93" hai3="26,28,32,38,43,81,82,84,85,86,91,92,99" /><INIT seed="3,2,1,4,0,73" ten="246,241,364,139" oya="3" hai0="130,80,114,86,121,21,135,23,4,126,33,100,99" hai1="37,27,122,68,98,36,41,2,3,50,91,92,47" hai2="14,19,12,82,79,94,77,106,70,71,66,64,25" hai3="59,113,81,107,84,75,76,5,103,49,119,29,129"/><W51/><G113/><T89/><D121/><U28/><E68/><V125/><F106/><W95/><G119/><T127/><D114/><U108/><E122/><V120/><F120/><W26/><G5/><T46/><D33/><U116/><E116/><V11/><F125/><N who="0" m="47626" /><D130/><U96/><E108/><V32/><F82/><W62/><G129/><T87/><D135/><U56/><E3/><V134/><F134/><W63/><G63/><T115/><D115/><U38/><E2/><V53/><F32/><W67/><G107/><N who="0" m="63903" /><D4/><U60/><E98/><V117/><F25/><W69/><G75/><T58/><D46/><U55/><E37/><V78/><F117/><W39/><G39/><T85/><D58/><U15/><E15/><V24/><F24/><W90/><G69/><T61/><D61/><U52/><E55/><V43/><F43/><W20/><REACH who="3" step="1"/><G90/><REACH who="3" ten="246,241,364,129" step="2"/><N who="0" m="51495" /><D21/><AGARI ba="2,2" hai="21,27,28,36,38,41,47,50,52,56,60,91,92,96" machi="21" ten="30,2000,0" yaku="7,1,54,1" doraHai="73" who="1" fromWho="0" sc="246,-26,241,46,364,0,129,0" owari="220,-18.0,287,9.0,364,46.0,129,-37.0" /></mjloggm>