<mjloggm ver="2.3"><GO type="97" lobby="0"/><UN n0="%E8%8C%A8%E3%81%AE%E5%90%9B" n1="%E3%81%92%E3%82%93%E3%81%9F%E3%82%8D%E3%81%8A" n2="%E3%82%A6%E3%83%AB%E3%83%88%E3%83%A9%E7%AB%8B%E7%9B%B4" n3="%E5%A4%A9%E6%89%8D%E3%82%A4%E3%83%99%E3%83%AA%E3%82%B3%E8%B1%9A" dan="15,13,14,15" rate="1946.20,1887.34,1960.74,2023.20" sx="M,M,M,F"/><TAIKYOKU oya="0"/><INIT seed="0,0,0,1,5,24" ten="250,250,250,250" oya="0" hai0="85,63,131,72,21,69,94,10,58,90,64,84,13" hai1="57,47,116,126,122,80,46,33,8,50,83,71,51" hai2="15,106,27,120,95,128,73,25,28,59,55,35,62" hai3="14,121,132,115,113,133,0,11,18,49,40,123,41"/><T44/><D72/><U99/><E122/><N who="3" m="46602" /><G49/><T124/><D124/><U111/><E116/><V129/><F106/><W135/><G0/><T54/><D131/><N who="2" m="50250" /><F73/><W12/><G41/><T91/><D21/><U114/><E126/><V103/><F120/><W92/><G40/><T7/><D44/><U29/><E111/><V17/><F27/><W43/><G43/><T77/><D77/><U96/><E8/><N who="2" m="6375" /><F95/><W53/><G53/><T74/><D74/><U67/><E57/><V38/><F103/><W97/><G12/><T1/><D1/><U109/><E109/><V104/><F104/><W22/><G11/><T88/><REACH who="0" step="1"/><D94/><REACH who="0" ten="240,250,250,250" step="2"/><U39/><E46/><V119/><F119/><W60/><G92/><T4/><D4/><U45/><E47/><V32/><F38/><W105/><G105/><T26/><D26/><U68/><E45/><V112/><F112/><W2/><G2/><T31/><D31/><U36/><E39/><V125/><F125/><W87/><G115/><T52/><D52/><U102/><E36/><V130/><N who="2" m="50258" /><V3/><DORA hai="76" /><F3/><W9/><G113/><T82/><D82/><U23/><E80/><V6/><F6/><W5/><G5/><T100/><D100/><U79/><E83/><V34/><AGARI ba="0,1" hai="25,28,32,34,35,55,59,62" m="6375,50258" machi="34" ten="40,2700,0" yaku="19,1,52,1" doraHai="24,76" who="2" fromWho="2" sc="240,-13,250,-7,250,37,250,-7" /><INIT seed="1,0,0,3,1,41" ten="227,243,287,243" oya="1" hai0="14,65,0,35,67,1,112,56,126,5,102,31,32" hai1="59,68,77,119,127,86,108,118,66,13,131,27,85" hai2="132,26,109,46,73,64,39,130,62,23,30,74,78" hai3="29,79,87,84,133,44,37,38,11,33,10,16,60"/><U103/><E68/><N who="2" m="42007" /><F78/><W70/><G133/><T106/><D112/><U71/><E71/><V117/><F117/><W17/><G70/><T75/><D75/><U8/><E131/><V47/><F39/><W92/><G60/><T45/><D102/><U2/><E2/><V107/><F107/><W95/><G29/><T69/><D106/><U6/><E127/><V121/><F121/><W53/><G79/><T89/><D31/><U116/><E103/><V19/><F19/><W15/><G53/><T40/><D5/><U123/><E123/><V12/><F12/><W94/><G33/><T99/><D14/><U101/><E101/><V90/><F90/><W43/><G38/><T49/><D89/><U115/><E115/><V61/><F61/><W55/><G55/><T124/><D69/><U52/><E108/><V42/><F42/><W58/><G58/><T98/><D40/><U57/><E27/><V96/><F96/><W111/><G111/><T48/><REACH who="0" step="1"/><D56/><REACH who="0" ten="217,243,287,243" step="2"/><U129/><E129/><V100/><F109/><W82/><G15/><T22/><D22/><U51/><E77/><V93/><F130/><W34/><G34/><T104/><D104/><U105/><E105/><V18/><F30/><W83/><G11/><T54/><D54/><U114/><E114/><V24/><F24/><W9/><G9/><T7/><D7/><U3/><E3/><V28/><F28/><W128/><G128/><T76/><D76/><U81/><E81/><N who="3" m="30730" /><G10/><T122/><D122/><U25/><E25/><V91/><F26/><W120/><G120/><T4/><D4/><U50/><E66/><RYUUKYOKU ba="0,1" sc="217,10,243,10,287,-30,243,10" hai0="0,1,32,35,45,48,49,65,67,98,99,124,126" hai1="6,8,13,50,51,52,57,59,85,86,116,118,119" hai3="16,17,37,43,44,84,87,92,94,95" /><INIT seed="1,1,1,2,0,52" ten="227,253,257,253" oya="1" hai0="50,105,127,4,96,40,1,34,53,92,37,57,88" hai1="98,68,75,73,15,8,134,126,60,122,30,71,58" hai2="115,83,11,90,107,12,21,110,132,95,9,114,36" hai3="76,135,55,54,89,16,103,91,44,62,93,26,63"/><U0/><E122/><V23/><F107/><W117/><G135/><T111/><D34/><U29/><E134/><V7/><F36/><W28/><G117/><T131/><D111/><U69/><E0/><N who="2" m="231" /><F83/><W10/><G76/><T130/><D127/><U20/><E126/><V27/><F132/><W97/><G28/><T99/><D4/><U120/><E120/><V80/><F80/><W43/><G91/><T19/><D1/><U14/><E98/><N who="2" m="57719" /><F27/><W6/><G103/><T124/><D124/><U49/><E49/><V45/><F45/><W123/><G123/><T74/><D74/><U32/><E32/><V77/><F77/><W84/><G97/><T18/><D37/><U81/><E81/><V61/><F61/><W112/><G112/><N who="2" m="43049" /><F110/><W86/><G62/><T121/><D40/><U85/><E60/><V129/><F129/><N who="0" m="49162" /><D121/><U79/><E79/><V39/><F39/><W59/><G43/><T2/><D2/><U72/><E69/><V64/><F64/><W106/><G54/><T22/><D22/><U133/><E71/><V25/><F25/><W118/><G44/><T65/><D65/><U41/><E68/><V13/><F13/><N who="3" m="5335" /><G106/><T113/><D113/><U116/><E14/><V78/><F78/><W94/><G118/><T5/><D5/><AGARI ba="1,1" hai="5,11,12,21,23" m="43049,57719,231" machi="5" ten="30,1000,0" yaku="11,1" doraHai="52" who="2" fromWho="0" sc="227,-13,253,0,257,23,253,0" /><INIT seed="2,0,0,5,1,99" ten="214,253,280,253" oya="2" hai0="72,90,52,34,65,4,87,10,59,135,40,82,21" hai1="80,84,1,71,26,63,37,11,113,32,102,28,9" hai2="36,39,100,30,98,27,117,120,118,45,60,53,17" hai3="115,111,105,48,23,134,56,68,44,124,41,3,107"/><V103/><F120/><W31/><G3/><T74/><D34/><U109/><E109/><V93/><F39/><W125/><G68/><T76/><D135/><U50/><E37/><V110/><F110/><W78/><G111/><T0/><D65/><U25/><E25/><V127/><F127/><N who="3" m="48715" /><G134/><T69/><D69/><U133/><E133/><V8/><F36/><W67/><G78/><T131/><D131/><U96/><E113/><V73/><F73/><W85/><G85/><T86/><D21/><U20/><E32/><V79/><F79/><W70/><G70/><T7/><D7/><U62/><E50/><N who="2" m="28879" /><F60/><N who="1" m="23081" /><E1/><V104/><F104/><N who="3" m="40011" /><G67/><T119/><D40/><U121/><E71/><V16/><F118/><W58/><G115/><T2/><D2/><U38/><E38/><V129/><F129/><W97/><G97/><T122/><D122/><U57/><E121/><V126/><F117/><W108/><G108/><T22/><D22/><U128/><E128/><V14/><F126/><W24/><AGARI ba="0,0" hai="23,24,31,41,44,48,56,58" m="40011,48715" machi="24" ten="40,1500,0" yaku="18,1" doraHai="99" who="3" fromWho="3" sc="214,-4,253,-4,280,-7,253,15" /><INIT seed="3,0,0,2,1,59" ten="210,249,273,268" oya="3" hai0="87,49,120,105,20,29,129,55,27,134,18,101,3" hai1="78,17,47,124,33,31,25,7,115,81,75,104,116" hai2="6,133,70,103,89,88,28,23,9,83,113,64,66" hai3="43,82,102,123,128,41,34,52,21,50,42,122,126"/><W14/><G34/><T127/><D120/><U80/><E115/><V58/><F70/><W112/><G112/><T19/><D3/><U92/><E81/><V62/><F113/><W16/><G102/><T86/><D127/><U98/><E124/><V73/><F133/><W45/><G126/><T22/><D134/><U71/><E104/><V93/><F73/><W1/><G1/><T40/><D129/><U32/><E71/><V57/><F57/><W24/><G128/><T108/><D108/><U8/><E116/><V90/><F83/><W99/><G99/><T35/><D40/><U51/><E33/><V125/><F66/><W10/><REACH who="3" step="1"/><G82/><REACH who="3" ten="210,249,273,258" step="2"/><T84/><D35/><U60/><E98/><V67/><F125/><W132/><G132/><T94/><D105/><U37/><E80/><V63/><F103/><W96/><G96/><N who="0" m="59543" /><D22/><U121/><E32/><V107/><F107/><W91/><G91/><T54/><D54/><U0/><E0/><V135/><F135/><W56/><G56/><AGARI ba="0,1" hai="18,19,20,27,29,49,55,56,84,86,87" m="59543" machi="56" ten="30,1000,0" yaku="8,1" doraHai="59" who="0" fromWho="3" sc="210,20,249,0,273,0,258,-10" /><INIT seed="4,0,0,0,4,61" ten="230,249,273,248" oya="0" hai0="60,109,71,100,55,114,57,108,78,99,0,98,4" hai1="126,50,34,23,32,95,132,62,87,19,51,16,10" hai2="81,123,75,21,44,64,80,120,129,91,46,105,131" hai3="70,9,18,36,42,82,112,49,118,25,88,1,39"/><T127/><D127/><U17/><E126/><V33/><F21/><W89/><G118/><T134/><D134/><U24/><E132/><V5/><F5/><W68/><G112/><T110/><D78/><U133/><E133/><V94/><F105/><W28/><G39/><T69/><D114/><U66/><E10/><V124/><F33/><W121/><G36/><T53/><D4/><U102/><E34/><V130/><F124/><W8/><G121/><N who="2" m="46665" /><F46/><N who="3" m="25815" /><G68/><N who="0" m="26187" /><D0/><U128/><E32/><V52/><F75/><W12/><G70/><T38/><D38/><U15/><E128/><N who="2" m="32771" /><V86/><DORA hai="54" /><F64/><W92/><G1/><T97/><D55/><U117/><E117/><V73/><F73/><W45/><G45/><T20/><D20/><N who="1" m="11295" /><E19/><V83/><F52/><W103/><G9/><T11/><D11/><U35/><E35/><V125/><F44/><W14/><G14/><T107/><AGARI ba="0,0" hai="53,57,60,97,98,99,100,107,108,109,110" m="26187" machi="107" ten="40,3900,0" yaku="10,1,52,1" doraHai="61,54" who="0" fromWho="0" sc="230,39,249,-13,273,-13,248,-13" /><INIT seed="4,1,0,5,5,46" ten="269,236,260,235" oya="0" hai0="34,122,37,103,61,67,57,131,121,48,114,99,77" hai1="62,66,86,133,118,92,21,102,36,49,59,22,134" hai2="98,58,132,78,44,123,110,101,25,124,127,3,90" hai3="51,1,42,125,0,45,100,16,15,19,128,130,26"/><T87/><D37/><U88/><E118/><V115/><F3/><W83/><G125/><N who="2" m="48201" /><F123/><W93/><G83/><T5/><D34/><U18/><E102/><V96/><F110/><W28/><G100/><T56/><D114/><U4/><E36/><V8/><F8/><W10/><G19/><T54/><D131/><N who="3" m="50217" /><G93/><N who="0" m="58863" /><D121/><U60/><E4/><V73/><F25/><W69/><G69/><T50/><D122/><U74/><E74/><V41/><F115/><W24/><G24/><T119/><D119/><U43/><E60/><V107/><F58/><W7/><G7/><T55/><D5/><U68/><E68/><V129/><F129/><W120/><G120/><T65/><D61/><U64/><E64/><N who="0" m="24649" /><D87/><U9/><E9/><V80/><F132/><N who="1" m="50793" /><E18/><V20/><F20/><AGARI ba="1,0" hai="0,1,10,15,16,20,26,28,42,45,51" m="50217" machi="20" ten="30,3900,0" yaku="19,1,52,1,54,1" doraHai="46" who="3" fromWho="2" sc="269,0,236,0,260,-42,235,42" /><INIT seed="5,0,0,2,5,91" ten="269,236,218,277" oya="1" hai0="18,92,9,96,130,37,51,120,14,35,34,0,55" hai1="31,32,118,111,127,54,129,89,122,102,76,77,103" hai2="119,71,2,86,73,63,117,57,131,41,106,13,135" hai3="52,33,20,113,69,99,128,3,116,61,88,12,133"/><U72/><E118/><V83/><F2/><W112/><G3/><T22/><D37/><U64/><E122/><V42/><F71/><W24/><G33/><T6/><D130/><U17/><E129/><V87/><F131/><W46/><G128/><T48/><D48/><U5/><E127/><V79/><F106/><W30/><G12/><T109/><D109/><U126/><E126/><V36/><F135/><W11/><G11/><T75/><D75/><U97/><E111/><V1/><F1/><W125/><G125/><T85/><D85/><U115/><E115/><N who="3" m="44106" /><G133/><T105/><D105/><U4/><E64/><V134/><F134/><W8/><G8/><T67/><D67/><U81/><E76/><V101/><F36/><W74/><G74/><T98/><D98/><U59/><E17/><V50/><F73/><W132/><G132/><T121/><D120/><U62/><E89/><V124/><F124/><W16/><G116/><T58/><REACH who="0" step="1"/><D121/><REACH who="0" ten="259,236,218,277" step="2"/><U40/><E72/><V38/><F38/><W82/><G99/><T19/><D19/><U104/><E97/><V94/><F119/><W90/><G16/><T95/><D95/><U78/><E104/><V53/><F117/><W107/><G107/><T108/><D108/><U39/><E81/><V56/><F101/><AGARI ba="0,1" hai="0,6,9,14,18,22,34,35,51,55,58,92,96,101" machi="101" ten="30,7700,0" yaku="1,1,7,1,52,1,53,1" doraHai="91" doraHaiUra="49" who="0" fromWho="2" sc="259,87,236,0,218,-77,277,0" owari="346,44.0,236,-16.0,141,-36.0,277,8.0" /></mjloggm>