<mjloggm ver="2.3"><GO type="41" lobby="0"/><UN n0="%E6%B3%A5%E9%96%80%E5%B0%8F%E7%B4%85" n1="%E6%9C%88%E5%BD%A9" n2="%74%6D%67%74" n3="%E3%82%A6%E3%83%AB%E3%83%88%E3%83%A9%E7%AB%8B%E7%9B%B4" dan="15,13,13,15" rate="2083.13,1956.14,1859.22,1993.21" sx="M,M,M,M"/><TAIKYOKU oya="0"/><INIT seed="0,0,0,0,0,106" ten="250,250,250,250" oya="0" hai0="115,19,83,92,98,88,58,31,32,15,11,99,102" hai1="76,9,110,10,59,108,128,53,101,0,122,64,78" hai2="13,114,73,104,130,124,118,30,131,103,28,33,16" hai3="70,74,68,84,80,63,132,54,52,37,66,14,8"/><T95/><D115/><U135/><E122/><V121/><F103/><W22/><G70/><T29/><D32/><U119/><E119/><V49/><F49/><W60/><G37/><T51/><D83/><U75/><E101/><V65/><F65/><W1/><G132/><T48/><REACH who="0" step="1"/><D58/><REACH who="0" ten="240,250,250,250" step="2"/><U97/><E135/><V72/><F114/><W38/><G68/><T117/><D117/><U100/><E64/><V89/><F33/><W87/><G80/><T5/><D5/><U45/><E45/><V93/><F118/><W67/><G1/><T120/><D120/><U39/><E0/><V55/><F121/><W56/><G56/><T90/><D90/><U91/><E91/><V109/><F89/><W23/><G38/><T77/><D77/><U85/><E78/><V26/><F124/><W44/><G44/><T17/><D17/><U34/><E39/><V61/><F30/><AGARI ba="0,1" hai="11,15,19,29,30,31,48,51,88,92,95,98,99,102" machi="30" ten="40,7700,0" yaku="1,1,8,1,54,1,53,0" doraHai="106" doraHaiUra="116" who="0" fromWho="2" sc="240,87,250,0,250,-77,250,0" /><INIT seed="0,1,0,1,0,123" ten="327,250,173,250" oya="0" hai0="13,73,86,54,65,64,6,3,61,110,56,98,10" hai1="116,9,36,5,57,106,7,95,117,93,88,50,8" hai2="22,16,48,19,60,4,79,53,27,70,21,46,26" hai3="28,97,59,69,122,83,128,75,38,74,44,102,17"/><T71/><D73/><U84/><E106/><V72/><F4/><W125/><G69/><T77/><D110/><U40/><E36/><V67/><F72/><W31/><G17/><T119/><D119/><U118/><E40/><V34/><REACH who="2" step="1"/><F79/><REACH who="2" ten="327,250,163,250" step="2"/><W132/><G74/><T94/><D3/><U76/><E76/><V52/><F52/><W81/><G75/><T115/><D115/><U62/><E5/><V12/><F12/><W113/><G113/><T124/><D124/><U131/><E7/><V92/><F92/><W89/><G125/><T14/><D14/><U18/><E93/><V66/><F66/><W130/><G83/><N who="0" m="47471" /><D71/><U127/><E127/><V23/><F23/><W47/><G81/><T121/><D121/><U104/><E104/><V2/><F2/><W0/><G0/><T25/><D25/><U63/><E131/><V135/><F135/><W24/><G24/><T51/><D64/><U78/><E78/><V15/><F15/><W91/><G132/><T133/><D133/><U114/><E114/><V103/><F103/><W100/><G122/><T45/><D94/><U58/><E8/><V120/><F120/><W129/><G129/><T105/><D105/><U20/><E9/><V109/><F109/><W126/><G126/><T80/><D80/><U111/><E111/><V107/><F107/><W42/><G130/><T112/><D112/><U108/><E108/><V1/><F1/><W33/><G128/><T90/><D90/><U87/><E118/><V35/><AGARI ba="1,1" hai="16,19,21,22,26,27,34,35,46,48,53,60,67,70" machi="35" ten="30,8000,1" yaku="1,1,0,1,9,1,54,1,53,1" doraHai="123" doraHaiUra="49" who="2" fromWho="2" sc="327,-41,250,-21,163,93,250,-21" /><INIT seed="1,0,0,1,5,30" ten="286,229,256,229" oya="1" hai0="21,69,53,56,118,25,27,135,49,41,84,34,42" hai1="3,115,91,97,64,4,29,33,113,125,14,6,17" hai2="8,47,5,86,51,109,73,106,134,124,121,65,131" hai3="75,87,59,112,54,92,110,38,111,122,90,10,96"/><U78/><E78/><V61/><F73/><W102/><G38/><T100/><D118/><U7/><E64/><V43/><F106/><W98/><G122/><T66/><D135/><U77/><E77/><V93/><F134/><W12/><G75/><T40/><D100/><U119/><E97/><V70/><F121/><W44/><G112/><N who="1" m="43082" /><E91/><V68/><F131/><W0/><G0/><T133/><D133/><U57/><E57/><V99/><F86/><W74/><G74/><T20/><D84/><U80/><E80/><V36/><F124/><W13/><G44/><T117/><D117/><U127/><E119/><V94/><F70/><W104/><G98/><T105/><D105/><U58/><E58/><V67/><F67/><W2/><G2/><T81/><D81/><U82/><E82/><V129/><F129/><W11/><G54/><T48/><D48/><U23/><E3/><V88/><F94/><W79/><G59/><T9/><D66/><U55/><E55/><V116/><F116/><W62/><G62/><T85/><D85/><U46/><E46/><V107/><F107/><W18/><REACH who="3" step="1"/><G79/><REACH who="3" ten="286,229,256,219" step="2"/><T24/><D69/><U95/><E95/><V114/><F51/><W101/><G101/><T128/><D128/><U50/><E50/><V15/><F114/><W103/><G103/><T132/><D132/><U83/><E83/><V120/><F120/><W52/><G52/><T63/><D49/><U89/><E89/><V32/><F32/><W22/><G22/><N who="0" m="8811" /><D34/><U35/><E35/><V1/><F1/><W31/><G31/><T28/><D28/><U39/><E39/><RYUUKYOKU ba="0,1" sc="286,0,229,0,256,0,219,0" hai0="9,24,25,27,40,41,42,53,56,63" hai1="4,6,7,14,17,23,29,33,125,127" hai2="5,8,15,36,43,47,61,65,68,88,93,99,109" hai3="10,11,12,13,18,87,90,92,96,102,104,110,111" /><INIT seed="1,1,1,1,0,116" ten="286,229,256,219" oya="1" hai0="133,11,62,73,60,21,96,123,87,9,18,83,59" hai1="97,129,50,120,131,0,77,6,106,12,70,126,16" hai2="38,88,45,23,72,76,24,43,101,20,99,29,85" hai3="17,1,121,107,104,92,84,125,103,98,117,63,68"/><U90/><E70/><V8/><F72/><W31/><G1/><T26/><D133/><U33/><E77/><V42/><F42/><W53/><G117/><T25/><D73/><U118/><E118/><V49/><F8/><N who="0" m="3146" /><D123/><U34/><E6/><V39/><F76/><W14/><G125/><T54/><D96/><U115/><E115/><V105/><REACH who="2" step="1"/><F20/><REACH who="2" ten="286,229,246,219" step="2"/><W119/><G119/><T75/><D75/><U19/><E0/><V30/><F30/><W32/><G31/><T81/><D81/><AGARI ba="1,2" hai="23,24,29,38,39,43,45,49,81,85,88,99,101,105" machi="81" ten="30,3900,0" yaku="1,1,7,1,54,1,53,0" doraHai="116" doraHaiUra="128" who="2" fromWho="0" sc="286,-42,229,0,246,62,219,0" /><INIT seed="2,0,0,1,3,50" ten="244,229,308,219" oya="2" hai0="66,90,93,129,95,25,76,48,46,38,39,47,54" hai1="103,60,18,96,85,104,73,72,5,35,101,30,99" hai2="43,107,41,8,57,13,65,51,64,3,58,36,74" hai3="91,52,16,4,84,105,112,12,100,61,124,78,98"/><V45/><F3/><W29/><G124/><T134/><D129/><U127/><E127/><V56/><F74/><W102/><G112/><T23/><D134/><U88/><E5/><V28/><F107/><W17/><G29/><T126/><D126/><U26/><E18/><N who="3" m="7274" /><G105/><T24/><D66/><N who="2" m="25706" /><F28/><W113/><G113/><T130/><D130/><U117/><E117/><V15/><F8/><N who="3" m="4103" /><G78/><T33/><D76/><U121/><E121/><V108/><F13/><W1/><G98/><T86/><D33/><U63/><E63/><V19/><F19/><W135/><G135/><T116/><D116/><U114/><E114/><V21/><F21/><W49/><G61/><T34/><D34/><U67/><E96/><V7/><F7/><W40/><G40/><T0/><D0/><U32/><E103/><V31/><F31/><W83/><G1/><T44/><D23/><U131/><E35/><V10/><F10/><W125/><G125/><T79/><D79/><U119/><E119/><V87/><F15/><W6/><G6/><T2/><D38/><U128/><E128/><V22/><F22/><W71/><G71/><T123/><D39/><U94/><REACH who="1" step="1"/><E131/><REACH who="1" ten="244,219,308,219" step="2"/><V55/><F87/><W109/><G109/><T82/><D123/><U70/><AGARI ba="0,1" hai="26,30,32,60,67,70,72,73,85,88,94,99,101,104" machi="70" ten="20,12000,2" yaku="1,1,2,1,0,1,7,1,25,2,54,1,53,0" doraHai="50" doraHaiUra="118" who="1" fromWho="1" sc="244,-30,219,130,308,-60,219,-30" /><INIT seed="3,0,0,0,3,68" ten="214,349,248,189" oya="3" hai0="125,2,62,32,133,87,112,39,120,31,89,106,103" hai1="107,55,34,12,75,60,54,58,5,79,115,13,9" hai2="81,83,10,102,123,14,131,23,72,49,99,29,71" hai3="96,30,4,56,128,6,38,91,117,93,0,44,65"/><W20/><G117/><T47/><D120/><U104/><E34/><V59/><F71/><W35/><G35/><T69/><D125/><U25/><E115/><V108/><F123/><W42/><G128/><T122/><D122/><U52/><E25/><V113/><F113/><W21/><G0/><T15/><D112/><U57/><E75/><V46/><F59/><W17/><G30/><T8/><D133/><U121/><E121/><V53/><F72/><W33/><G33/><T84/><D2/><U7/><E79/><V66/><F66/><W109/><G109/><T88/><D84/><U130/><E130/><V92/><F108/><W27/><G65/><N who="0" m="41143" /><D87/><U116/><E116/><V80/><F131/><W82/><G82/><T78/><D78/><U28/><E28/><V114/><F114/><W77/><G77/><T100/><D100/><U16/><E5/><V61/><F29/><W26/><REACH who="3" step="1"/><G56/><REACH who="3" ten="214,349,248,179" step="2"/><T135/><D31/><U70/><E70/><V126/><F126/><W45/><G45/><T43/><D32/><U48/><E55/><V97/><F80/><W111/><G111/><T19/><D135/><U105/><E105/><V11/><F81/><W118/><G118/><T37/><D106/><U95/><E95/><V22/><F83/><W119/><G119/><T50/><D47/><U110/><E110/><V127/><F127/><W36/><G36/><T51/><D39/><U24/><E107/><V101/><F46/><W63/><G63/><T129/><D129/><U98/><E104/><V134/><F134/><W74/><G74/><T85/><D37/><U67/><E57/><RYUUKYOKU ba="0,1" sc="214,-10,349,-10,248,-10,179,30" hai3="4,6,17,20,21,26,27,38,42,44,91,93,96" /><INIT seed="3,1,1,1,4,88" ten="204,339,238,209" oya="3" hai0="73,90,36,38,65,59,14,51,26,17,93,40,114" hai1="54,86,2,104,127,102,6,131,103,119,12,63,122" hai2="99,61,130,10,20,34,30,100,108,94,57,43,124" hai3="46,1,107,32,9,22,77,83,47,115,64,111,53"/><W42/><G32/><T23/><D73/><U56/><E122/><V125/><F34/><W101/><G115/><T123/><D123/><U16/><E131/><V62/><F43/><W81/><G64/><T3/><D3/><U97/><E127/><V128/><F10/><W41/><G111/><T76/><D76/><U33/><E33/><V106/><F106/><W37/><G83/><T11/><D114/><U72/><E72/><V116/><F116/><W55/><G22/><T25/><D25/><U31/><E31/><V7/><F7/><W70/><G70/><T105/><D105/><U21/><E119/><V18/><F108/><W48/><G101/><T110/><D110/><U95/><E2/><V58/><F30/><W126/><G107/><T0/><D0/><U68/><E68/><V8/><F8/><W67/><G67/><T133/><D133/><U98/><E6/><V92/><F61/><W134/><G134/><T80/><D80/><U44/><E86/><V69/><F69/><W78/><G126/><N who="2" m="48745" /><F99/><W39/><G48/><T71/><D71/><U66/><REACH who="1" step="1"/><E44/><REACH who="1" ten="204,329,238,209" step="2"/><V112/><F112/><W120/><G120/><T74/><D74/><U132/><E132/><V96/><F57/><W19/><G77/><T60/><D59/><U117/><E117/><V5/><F5/><N who="3" m="1199" /><G19/><T113/><D113/><U35/><E35/><V89/><F128/><W15/><G15/><T129/><D129/><U79/><E79/><V75/><F75/><AGARI ba="1,2" hai="37,39,41,42,46,47,53,55,75,78,81" m="1199" machi="75" ten="30,1500,0" yaku="25,1" doraHai="88" who="3" fromWho="2" sc="204,0,329,0,238,-18,209,38" /><INIT seed="3,2,0,2,0,92" ten="204,329,220,247" oya="3" hai0="86,100,33,11,99,131,122,64,75,22,125,37,124" hai1="36,119,129,17,35,50,47,80,48,16,103,133,101" hai2="134,69,105,66,21,53,98,4,127,83,126,106,97" hai3="82,45,39,118,107,78,13,68,84,15,90,88,93"/><W87/><G68/><T49/><D33/><U89/><E35/><V23/><F4/><W104/><G118/><T5/><D37/><U91/><E133/><V114/><F83/><N who="3" m="47223" /><G39/><T20/><D75/><U27/><E129/><V77/><F134/><W2/><G2/><N who="0" m="439" /><D131/><U72/><E72/><V67/><F77/><N who="3" m="46543" /><G13/><T76/><D64/><U61/><E119/><V9/><F53/><W24/><G15/><T135/><D49/><U113/><E113/><V120/><F114/><W44/><G24/><T71/><D71/><U110/><E110/><V41/><F41/><W0/><G44/><T115/><D122/><U12/><E61/><V18/><F120/><W56/><G56/><T62/><D62/><U74/><E74/><V54/><F54/><W26/><G26/><T108/><D108/><U95/><E80/><V130/><F130/><W60/><G45/><T111/><D111/><U123/><E123/><V85/><F69/><W1/><G0/><T121/><D121/><U96/><E47/><V58/><F58/><W59/><G1/><T52/><D52/><U14/><E36/><V94/><F66/><N who="3" m="39199" /><G104/><N who="2" m="40041" /><F67/><W31/><G107/><N who="0" m="63903" /><D115/><U40/><E27/><V51/><F51/><W109/><G109/><T63/><D63/><U29/><E29/><V57/><F57/><W116/><G31/><T117/><D117/><U79/><E79/><V28/><F28/><W81/><G116/><T42/><D135/><U43/><E95/><V7/><F23/><N who="0" m="8746" /><D42/><U70/><E70/><V55/><F55/><W19/><G81/><T10/><D10/><U102/><E102/><V34/><F9/><RYUUKYOKU ba="2,0" sc="204,15,329,15,220,-15,247,-15" hai0="76,86,124,125" hai1="12,14,16,17,40,43,48,50,89,91,96,101,103" /><INIT seed="4,3,0,3,4,60" ten="219,344,205,232" oya="0" hai0="81,97,82,3,63,52,117,76,28,47,24,64,22" hai1="80,134,19,6,92,45,96,50,108,70,44,127,41" hai2="129,74,69,16,72,66,46,55,123,27,132,89,11" hai3="48,34,5,61,56,105,12,35,121,122,84,94,104"/><T91/><D117/><U111/><E70/><V88/><F123/><N who="3" m="47115" /><G48/><N who="0" m="28703" /><D3/><U2/><E134/><V95/><F89/><N who="3" m="53543" /><G12/><T20/><D76/><U131/><E131/><V85/><F132/><W100/><G5/><T31/><D97/><U17/><E127/><V57/><F129/><W4/><G4/><T13/><D91/><U54/><E80/><N who="0" m="30825" /><D13/><U53/><E6/><V59/><F69/><W79/><G79/><T102/><D102/><U26/><E2/><V7/><F46/><W71/><G71/><T33/><D33/><N who="3" m="12297" /><G100/><T103/><D103/><U114/><E114/><V99/><F72/><W10/><G10/><T40/><D40/><U113/><E113/><V9/><F74/><W30/><G30/><N who="0" m="11307" /><D24/><U32/><E32/><V86/><F7/><W25/><G25/><T116/><D116/><U120/><E120/><V37/><F37/><W90/><G90/><T58/><AGARI ba="3,0" hai="20,22,58,63,64" m="11307,30825,28703" machi="58" ten="30,6000,0" yaku="8,1,52,1,54,1" doraHai="60" who="0" fromWho="0" sc="219,69,344,-23,205,-23,232,-23" /><INIT seed="4,4,0,4,3,56" ten="288,321,182,209" oya="0" hai0="87,115,71,73,66,72,135,102,38,112,15,50,17" hai1="113,1,41,67,61,48,31,86,97,59,22,7,76" hai2="2,106,127,16,37,68,103,131,79,32,11,29,23" hai3="30,12,78,13,94,129,60,20,105,25,91,101,85"/><T21/><D38/><U128/><E1/><V114/><F79/><W46/><G129/><T93/><D135/><U44/><E128/><V119/><F103/><W43/><G78/><T104/><D104/><U130/><E130/><V120/><F29/><W39/><G101/><T54/><D66/><U70/><E113/><N who="0" m="43593" /><D71/><U57/><E57/><V118/><F11/><W69/><REACH who="3" step="1"/><G105/><REACH who="3" ten="288,321,182,199" step="2"/><T124/><D102/><U42/><E76/><V40/><F118/><W45/><G45/><N who="0" m="27983" /><D124/><U19/><E97/><V81/><F127/><W122/><G122/><T27/><D72/><U121/><E86/><V52/><F120/><W92/><G92/><T111/><D73/><U55/><E121/><V125/><F131/><W110/><G110/><T80/><D111/><U134/><E134/><V18/><F119/><W49/><G49/><T75/><D75/><U109/><E109/><V53/><F125/><W63/><G63/><T96/><D96/><U100/><E100/><V26/><F106/><W82/><G82/><T64/><D93/><U77/><E77/><V58/><F81/><W14/><G14/><T84/><D15/><U65/><E61/><V117/><F117/><W107/><G107/><T126/><D126/><U8/><E48/><V35/><F37/><W74/><G74/><T34/><D84/><U123/><E44/><V10/><F114/><W89/><G89/><T4/><D87/><U6/><E123/><V28/><F2/><W9/><G9/><T47/><D80/><U132/><E8/><V24/><F10/><W99/><G99/><T33/><D47/><U90/><E132/><RYUUKYOKU ba="4,1" sc="288,-10,321,-10,182,-10,199,30" hai3="12,13,20,25,30,39,43,46,60,69,85,91,94" /><INIT seed="5,5,1,4,4,16" ten="278,311,172,229" oya="1" hai0="59,23,106,26,94,47,73,4,113,49,64,2,45" hai1="18,105,53,81,66,133,132,125,29,114,40,55,61" hai2="7,109,92,127,30,54,31,21,51,27,123,12,36" hai3="107,32,86,120,8,77,83,15,1,82,90,104,126"/><U72/><E105/><V99/><F36/><W131/><G32/><T38/><D106/><U39/><E29/><V74/><F74/><W93/><G120/><T119/><D119/><U5/><E5/><V58/><F123/><W6/><G126/><T62/><D73/><U17/><E125/><V128/><F109/><W130/><G83/><T122/><D122/><U103/><E103/><V33/><F128/><N who="3" m="49195" /><G1/><T34/><D34/><U124/><E124/><V37/><F37/><W63/><G63/><T41/><D113/><U19/><E114/><V76/><F76/><W67/><G67/><T102/><D4/><U11/><E11/><V22/><F127/><W117/><G117/><T71/><D2/><U84/><E72/><AGARI ba="5,1" hai="6,8,15,72,77,82,86,90,93,104,107" m="49195" machi="72" ten="30,1000,0" yaku="19,1" doraHai="16" who="3" fromWho="1" sc="278,0,311,-25,172,0,229,35" /><INIT seed="6,0,0,4,0,1" ten="278,286,172,264" oya="2" hai0="16,18,92,48,131,86,19,78,135,8,21,27,69" hai1="124,45,117,5,134,54,52,41,130,105,123,111,23" hai2="113,4,77,36,73,33,51,7,71,37,11,110,3" hai3="98,129,114,30,132,57,20,64,107,53,67,2,88"/><V96/><F51/><W58/><G107/><T14/><D69/><U39/><E105/><V122/><F122/><W119/><G119/><T35/><D135/><U47/><E117/><V133/><F96/><W82/><G2/><T127/><D127/><U56/><E23/><V99/><F99/><W115/><G132/><T120/><D120/><U63/><E5/><V32/><F133/><W80/><G129/><T94/><D35/><N who="2" m="13386" /><F113/><N who="3" m="43019" /><G82/><N who="0" m="47447" /><D131/><U22/><E22/><V83/><F110/><W128/><G128/><T112/><D112/><U24/><E24/><V103/><F103/><W72/><G72/><T68/><D68/><U108/><E134/><V46/><F46/><W109/><G109/><N who="1" m="42058" /><E130/><V116/><F116/><W84/><G98/><T9/><D48/><N who="1" m="28687" /><E123/><V65/><F7/><W125/><G125/><AGARI ba="0,0" hai="39,41,47,54,56,63,124,125" m="28687,42058" machi="125" ten="30,3900,0" yaku="34,2,54,1" doraHai="1" who="1" fromWho="3" sc="278,0,286,39,172,0,264,-39" /><INIT seed="7,0,0,4,1,60" ten="278,325,172,225" oya="3" hai0="130,42,95,52,100,5,35,75,67,106,76,133,41" hai1="97,127,105,44,129,54,7,77,110,92,93,90,31" hai2="53,62,51,27,115,49,22,65,50,17,104,131,94" hai3="125,71,29,59,28,48,32,103,36,98,39,118,128"/><W37/><G118/><T79/><D106/><U86/><E110/><V73/><F104/><W66/><G125/><T46/><D35/><U21/><E7/><V63/><F73/><W2/><G2/><T33/><D33/><U113/><E113/><V122/><F115/><W96/><G128/><T20/><D130/><U61/><E129/><V102/><F131/><W11/><G11/><T120/><D120/><U57/><E127/><V14/><F122/><W68/><G32/><T30/><D75/><U18/><E31/><V126/><F126/><W116/><G116/><T78/><D5/><U26/><E105/><V0/><F0/><W12/><G12/><T91/><D67/><U16/><E44/><V81/><F81/><W117/><G29/><T4/><D100/><N who="1" m="60455" /><E77/><V38/><F38/><W72/><G96/><N who="0" m="57471" /><D4/><U85/><E86/><V45/><F14/><W84/><G28/><T87/><D87/><U8/><E18/><V82/><F82/><W13/><G84/><T58/><D46/><U114/><E114/><V135/><F135/><W23/><G72/><T24/><D133/><U25/><E8/><V119/><F119/><W132/><G132/><T34/><D34/><U15/><AGARI ba="0,0" hai="15,16,21,25,26,54,57,61,85,90,93" m="60455" machi="15" ten="30,2000,0" yaku="8,1,54,1" doraHai="60" who="1" fromWho="1" sc="278,-5,325,20,172,-5,225,-10" owari="273,7.0,345,44.0,167,-33.0,215,-18.0" /></mjloggm>