<mjloggm ver="2.3"><GO type="169" lobby="0"/><UN n0="%E3%83%A8%E3%82%B3%E3%83%A8%E3%82%B3" n1="%E3%83%8E%E3%83%B3%E3%83%A9%E3%82%B9%E6%89%93%E6%B3%95" n2="%E3%82%A6%E3%83%AB%E3%83%88%E3%83%A9%E7%AB%8B%E7%9B%B4" n3="%E3%82%B9%E3%82%B1%E3%83%AB%E3%83%88%E3%83%B3%54" dan="16,17,16,17" rate="2064.38,2177.74,2133.70,2191.99" sx="M,M,M,F"/><TAIKYOKU oya="0"/><INIT seed="0,0,0,3,1,128" ten="250,250,250,250" oya="0" hai0="50,39,91,38,86,65,135,48,36,37,111,26,112" hai1="119,0,53,46,57,124,63,19,115,10,81,121,98" hai2="100,60,75,6,130,92,103,40,117,27,73,64,33" hai3="89,105,90,96,2,133,88,51,84,126,95,23,16"/><T109/><N who="0" m="9216" /><DORA hai="47" /><T78/><D112/><U34/><E119/><V8/><F40/><W76/><G2/><T43/><D78/><U30/><E121/><V66/><F92/><W116/><G116/><T72/><D72/><U42/><E81/><V12/><F12/><W32/><G32/><T24/><D65/><U41/><E98/><V93/><F93/><W67/><G133/><T7/><D135/><U123/><E123/><V99/><F99/><W71/><G126/><T13/><D7/><U101/><E101/><V82/><F82/><N who="3" m="47175" /><G71/><T80/><D13/><U120/><E120/><V45/><F27/><N who="0" m="10282" /><D43/><U83/><E124/><V79/><F6/><W44/><G67/><T74/><D74/><U54/><E83/><V131/><F66/><W17/><G105/><T55/><D55/><U61/><E34/><V4/><F33/><W70/><G70/><T5/><D5/><U35/><E53/><V122/><F79/><W108/><G108/><AGARI ba="0,0" hai="48,50,80,86,91,108,109,111" m="10282,9216" machi="108" ten="60,12000,1" yaku="14,1,10,1,52,2" doraHai="128,47" who="0" fromWho="3" sc="250,120,250,0,250,0,250,-120" /><INIT seed="0,1,0,5,4,132" ten="370,250,250,130" oya="0" hai0="106,28,107,128,89,102,63,16,7,134,72,101,119" hai1="41,31,111,127,48,42,99,116,120,60,96,86,57" hai2="100,54,2,75,93,104,66,103,71,17,6,15,25" hai3="109,59,123,76,55,73,29,20,92,90,33,14,112"/><T126/><D134/><U10/><E116/><V87/><F75/><W115/><G109/><T23/><D119/><U114/><E120/><V34/><F66/><W135/><G135/><T9/><D128/><U36/><E36/><V5/><F71/><W11/><G33/><T26/><D72/><U61/><E31/><V64/><F64/><W13/><G123/><T97/><D126/><U85/><E10/><V56/><F6/><W68/><G68/><T117/><D117/><U70/><E111/><V12/><F12/><W82/><G29/><T51/><D63/><U69/><E57/><V130/><F104/><W45/><G45/><T0/><D51/><U8/><E8/><N who="2" m="4495" /><F34/><W1/><G1/><T110/><D110/><U50/><E114/><V83/><F93/><W39/><G39/><T32/><D89/><U52/><E52/><V113/><F2/><W98/><G20/><T53/><D53/><U43/><E43/><V21/><F130/><W81/><G81/><T77/><D77/><U30/><E30/><V94/><F94/><W40/><G40/><T133/><D133/><U47/><E47/><V62/><F113/><W91/><G91/><AGARI ba="1,0" hai="17,21,25,54,56,62,83,87,91,100,103" m="4495" machi="91" ten="30,1000,0" yaku="8,1" doraHai="132" who="2" fromWho="3" sc="370,0,250,0,250,13,130,-13" /><INIT seed="1,0,0,3,0,47" ten="370,250,263,117" oya="1" hai0="50,117,107,22,0,68,43,127,7,19,84,121,94" hai1="69,129,120,46,90,92,53,44,42,124,37,122,52" hai2="66,64,28,104,17,57,21,32,34,130,41,70,62" hai3="55,11,118,71,75,2,26,100,81,83,135,126,72"/><U25/><E69/><V74/><F74/><W116/><G71/><T96/><D68/><U103/><E103/><V45/><F130/><W128/><G128/><T3/><D117/><N who="3" m="45161" /><G100/><T38/><D127/><U63/><E129/><V59/><F104/><W40/><G126/><T109/><D107/><U5/><E5/><V110/><F110/><W73/><G135/><T65/><D38/><U85/><E25/><V106/><F28/><W112/><G112/><T33/><D33/><U95/><E95/><V132/><F132/><W24/><G40/><T67/><D109/><U30/><E30/><V61/><F70/><W8/><G55/><T56/><D121/><U12/><E12/><V125/><F125/><W87/><G2/><T18/><D0/><U13/><E13/><V16/><F106/><W79/><G83/><T35/><D35/><U49/><REACH who="1" step="1"/><E124/><REACH who="1" ten="370,240,263,117" step="2"/><V14/><REACH who="2" step="1"/><F17/><REACH who="2" ten="370,240,253,117" step="2"/><W108/><G108/><T101/><D18/><U77/><E77/><V88/><F88/><W4/><G4/><T119/><D7/><U131/><E131/><V36/><AGARI ba="0,2" hai="14,16,21,32,34,36,41,45,57,59,61,62,64,66" machi="36" ten="20,12000,2" yaku="1,1,0,1,7,1,9,1,54,1,53,1" doraHai="47" doraHaiUra="39" who="2" fromWho="2" sc="370,-30,240,-60,253,140,117,-30" /><INIT seed="2,0,0,4,4,42" ten="340,180,393,87" oya="2" hai0="99,134,35,50,112,38,41,100,101,108,94,84,81" hai1="88,40,9,119,121,10,18,116,54,63,61,58,115" hai2="33,53,52,86,66,36,106,17,77,19,73,8,82" hai3="7,98,75,60,3,13,48,92,95,37,107,31,78"/><V133/><F33/><W80/><G37/><T4/><D35/><U123/><E115/><V87/><F106/><W15/><G31/><T67/><D112/><U26/><E40/><V1/><F36/><W11/><G107/><T130/><D130/><U62/><E88/><V90/><F73/><W127/><G127/><T25/><D108/><U23/><E116/><V131/><F131/><W65/><G48/><T71/><D38/><U110/><E110/><V39/><F39/><W102/><REACH who="3" step="1"/><G92/><REACH who="3" ten="340,180,393,77" step="2"/><T109/><D94/><U132/><E119/><V0/><F133/><W2/><G2/><T83/><D50/><N who="1" m="31063" /><E132/><V114/><F114/><W113/><G113/><T59/><D134/><U97/><E121/><V22/><F1/><W111/><G111/><T24/><D109/><U125/><E123/><V32/><F0/><W104/><G104/><T28/><D28/><U27/><E125/><V76/><F32/><W20/><G20/><T85/><D81/><U44/><E23/><V49/><F22/><W46/><G46/><T72/><D83/><U122/><E44/><V103/><F49/><W16/><G16/><T43/><D4/><U129/><E18/><V120/><F82/><W34/><G34/><T68/><D41/><U30/><E122/><V29/><F120/><W124/><G124/><T126/><D43/><U6/><E30/><V135/><F29/><W5/><G5/><T93/><D126/><U57/><E6/><V51/><F135/><W118/><G118/><T12/><D93/><U70/><E129/><V79/><F19/><W74/><G74/><T64/><D72/><RYUUKYOKU ba="0,1" sc="340,-10,180,-10,393,-10,77,30" hai3="3,7,11,13,15,60,65,75,78,80,95,98,102" /><INIT seed="3,1,1,2,1,126" ten="330,170,383,107" oya="3" hai0="56,76,63,57,95,82,7,135,60,125,112,28,11" hai1="85,40,104,101,88,41,42,98,106,121,17,59,124" hai2="67,73,100,81,37,34,38,18,128,49,77,116,72" hai3="86,108,0,113,114,43,8,74,31,131,70,92,14"/><W61/><G74/><T111/><D125/><U47/><E124/><V120/><F34/><W32/><G0/><T62/><D111/><U30/><E121/><V20/><F100/><W5/><G43/><T90/><D135/><U109/><E109/><V26/><F116/><W33/><G108/><T110/><D110/><U123/><E123/><V69/><F72/><W15/><G70/><T46/><D112/><U84/><E84/><V36/><F120/><W9/><G61/><T45/><D28/><U19/><E106/><V99/><F99/><W115/><G31/><T91/><D76/><U133/><E133/><V50/><F67/><W129/><G92/><T97/><D82/><U127/><E127/><V13/><F69/><W29/><G86/><T65/><D90/><U1/><E1/><V54/><F26/><N who="3" m="18487" /><G33/><T23/><D23/><U89/><E89/><V10/><F50/><W51/><G51/><T44/><REACH who="0" step="1"/><D65/><REACH who="0" ten="320,170,383,107" step="2"/><U4/><E30/><V102/><F20/><W6/><AGARI ba="1,2" hai="5,6,8,9,14,15,113,114,115,129,131" m="18487" machi="6" ten="40,12000,1" yaku="34,2,52,2" doraHai="126" who="3" fromWho="3" sc="320,-41,170,-41,383,-41,107,143" /><INIT seed="3,2,0,5,2,75" ten="279,129,342,250" oya="3" hai0="5,62,20,59,134,102,78,64,60,116,31,19,17" hai1="71,45,130,27,43,51,58,114,37,48,73,106,23" hai2="57,61,16,7,8,96,127,120,129,81,85,40,29" hai3="30,18,70,126,39,22,33,101,86,4,55,98,77"/><W132/><G70/><T128/><D116/><U109/><E106/><V13/><F127/><W94/><G39/><T83/><D128/><U92/><E71/><V88/><F129/><W6/><G126/><T15/><D134/><U91/><E130/><V65/><F120/><W89/><G132/><T21/><D102/><U131/><E131/><V82/><F29/><W122/><G122/><T79/><D31/><U32/><E32/><V135/><F135/><W103/><G33/><T99/><D99/><U2/><E114/><V0/><F96/><W35/><G35/><T68/><D5/><N who="3" m="2153" /><G30/><T125/><D125/><U104/><E2/><V90/><F40/><W11/><G11/><T69/><D83/><U105/><E73/><V112/><F112/><W47/><G47/><T63/><D69/><U108/><E104/><V25/><F25/><N who="3" m="14551" /><G55/><T111/><D111/><N who="1" m="42571" /><E58/><V80/><REACH who="2" step="1"/><F90/><REACH who="2" ten="279,129,332,250" step="2"/><W84/><G98/><T67/><REACH who="0" step="1"/><D62/><REACH who="0" ten="269,129,332,250" step="2"/><U38/><E105/><V28/><F28/><W110/><G110/><T52/><D52/><U107/><E107/><V14/><F14/><AGARI ba="2,2" hai="14,15,17,19,20,21,59,60,63,64,67,68,78,79" machi="14" ten="30,12000,2" yaku="1,1,7,1,9,1,52,2,53,2" doraHai="75" doraHaiUra="72" who="0" fromWho="2" sc="269,146,129,0,332,-126,250,0" /><INIT seed="4,0,0,0,1,31" ten="415,129,206,250" oya="0" hai0="112,105,108,55,72,107,101,96,124,56,9,49,123" hai1="106,53,125,16,65,36,19,93,69,76,40,13,82" hai2="127,43,102,97,84,32,28,22,92,88,67,89,59" hai3="37,75,26,77,35,103,17,29,114,30,94,63,100"/><T6/><D112/><U27/><E106/><V38/><F127/><W61/><G37/><T2/><D124/><U87/><E125/><V118/><F118/><W64/><G114/><T44/><D123/><U50/><E36/><V113/><F113/><W104/><G104/><T51/><D72/><U8/><E40/><V119/><F119/><W126/><G126/><T135/><D108/><U0/><E0/><V131/><F131/><W130/><G130/><T79/><D135/><U120/><E120/><V117/><F43/><W110/><G110/><T46/><D79/><U78/><E93/><V47/><F47/><W74/><G77/><T68/><D68/><U95/><E95/><V86/><F38/><W111/><G111/><T98/><D49/><U10/><E76/><V57/><F32/><W62/><G64/><T12/><REACH who="0" step="1"/><D2/><REACH who="0" ten="405,129,206,250" step="2"/><U4/><E69/><V18/><F117/><W42/><G75/><T81/><D81/><U91/><E78/><V134/><F134/><W25/><G74/><T85/><D85/><U115/><E115/><V109/><F109/><W21/><G42/><T122/><D122/><U99/><E50/><V5/><F86/><W83/><G83/><T14/><D14/><U133/><E133/><V34/><F84/><W45/><G63/><T66/><D66/><U90/><E65/><V128/><F67/><W23/><G62/><T39/><D39/><U1/><E53/><V71/><F71/><W58/><G61/><T24/><D24/><U41/><E41/><V48/><F128/><W3/><G3/><T7/><D7/><N who="1" m="3295" /><E27/><N who="2" m="18719" /><F5/><W73/><G73/><RYUUKYOKU ba="0,1" sc="405,15,129,15,206,-15,250,-15" hai0="6,9,12,44,46,51,55,56,96,98,101,105,107" hai1="1,4,8,16,19,82,87,90,91,99" /><INIT seed="4,1,1,4,4,47" ten="420,144,191,235" oya="0" hai0="4,26,33,91,23,21,54,19,51,122,68,62,67" hai1="50,40,124,13,7,46,104,89,80,72,49,135,123" hai2="101,115,102,113,0,11,70,63,52,38,120,111,3" hai3="103,90,8,14,60,39,97,16,20,116,134,92,69"/><T42/><D122/><U55/><E123/><V108/><F38/><W133/><G116/><T76/><D33/><U131/><E104/><V45/><F70/><W64/><G39/><T86/><D4/><U65/><E124/><V119/><F120/><W43/><G43/><T114/><D114/><N who="2" m="43530" /><F119/><W59/><G69/><T56/><D76/><U29/><E131/><V81/><F81/><W66/><G66/><T121/><D121/><U83/><E135/><N who="3" m="51722" /><G8/><T95/><D21/><U74/><E65/><V132/><F132/><W36/><G36/><T109/><D42/><U77/><E29/><V96/><F11/><W58/><G58/><T130/><REACH who="0" step="1"/><D109/><REACH who="0" ten="410,144,191,235" step="2"/><U9/><E74/><V44/><F111/><W93/><G90/><T94/><D94/><AGARI ba="1,2" hai="14,16,20,59,60,64,92,93,94,97,103" m="51722" machi="94" ten="30,2000,0" yaku="20,1,54,1" doraHai="47" who="3" fromWho="0" sc="410,-23,144,0,191,0,235,43" /><INIT seed="5,0,0,4,4,86" ten="387,144,191,278" oya="1" hai0="81,33,15,129,2,112,119,16,121,35,74,0,97" hai1="48,8,90,78,114,10,108,42,52,55,107,125,47" hai2="13,99,3,84,36,82,67,76,93,75,94,59,46" hai3="120,40,103,45,43,113,79,22,9,41,134,50,54"/><U7/><E107/><V104/><F3/><W130/><G120/><T12/><D121/><U18/><E114/><V19/><F36/><W64/><G113/><T37/><D112/><U20/><E125/><V60/><F46/><W21/><G130/><T118/><D129/><U96/><E78/><V32/><F32/><W131/><G131/><T44/><D12/><U38/><E108/><V87/><F104/><W126/><G126/><T70/><D70/><U77/><E77/><V111/><F111/><W122/><G122/><T17/><D17/><U5/><E10/><V106/><F106/><W26/><G134/><T71/><D71/><U27/><E38/><V102/><F94/><W123/><G123/><T124/><D124/><U128/><E128/><V24/><F24/><W69/><G103/><T115/><D115/><U39/><E39/><V91/><F102/><W109/><G109/><T101/><D35/><U11/><E11/><AGARI ba="0,0" hai="11,13,19,59,60,67,75,76,82,84,87,91,93,99" machi="11" ten="30,2000,0" yaku="7,1,52,1" doraHai="86" who="2" fromWho="1" sc="387,0,144,-20,191,20,278,0" /><INIT seed="6,0,0,2,1,55" ten="387,124,211,278" oya="2" hai0="111,32,97,104,59,85,37,83,19,87,38,73,26" hai1="110,44,16,61,39,81,49,95,18,36,54,132,30" hai2="41,65,124,58,80,5,14,51,67,33,120,22,90" hai3="46,127,66,45,60,8,88,64,74,119,63,62,121"/><V7/><F33/><W125/><G74/><T93/><D104/><U47/><E110/><V91/><F124/><N who="3" m="47691" /><G8/><T42/><D73/><U131/><E131/><V134/><F134/><W86/><G119/><T130/><D130/><U9/><E132/><V13/><F120/><W53/><G121/><T103/><D111/><U105/><E105/><V128/><F128/><W112/><G112/><T52/><D42/><U71/><E30/><V69/><F69/><W76/><G76/><T35/><D35/><U23/><E81/><V96/><F41/><W133/><G133/><T94/><D93/><U29/><E29/><V2/><F2/><W43/><G53/><T27/><D32/><U108/><E108/><V114/><F114/><W25/><G25/><T100/><D100/><U48/><E95/><V21/><F80/><N who="3" m="49223" /><G46/><T6/><D26/><U118/><E118/><V129/><F129/><W0/><G0/><T77/><D6/><U109/><E109/><V28/><F28/><W115/><G115/><T3/><D3/><U123/><E123/><V101/><F101/><W68/><G68/><T70/><D70/><U20/><E9/><V11/><F11/><W98/><G98/><T78/><D27/><U135/><E135/><V56/><F96/><W31/><G31/><T75/><D75/><U102/><E102/><V84/><F84/><W92/><G92/><T10/><D85/><U113/><E113/><V72/><F72/><W12/><G12/><N who="0" m="7575" /><D78/><U15/><E71/><V107/><F107/><W24/><G24/><T122/><D122/><U1/><E1/><V50/><AGARI ba="0,0" hai="5,7,13,14,21,22,50,51,56,58,65,67,90,91" machi="50" ten="25,18000,2" yaku="5,1,0,1,22,2,8,1,52,2" doraHai="55" who="2" fromWho="2" sc="387,-60,124,-60,211,180,278,-60" /><INIT seed="6,1,0,2,1,97" ten="327,64,391,218" oya="2" hai0="86,111,123,16,19,9,56,119,98,74,25,67,30" hai1="60,53,125,46,117,63,100,52,6,75,77,45,44" hai2="124,28,20,101,22,38,88,42,134,113,10,36,14" hai3="15,1,41,76,21,58,81,66,43,96,8,126,61"/><V120/><F120/><W106/><G126/><T85/><D123/><U91/><E6/><V71/><F71/><W104/><G1/><T122/><D122/><U62/><E75/><V112/><F124/><W39/><G21/><T24/><D74/><U82/><E77/><V26/><F22/><W40/><G39/><T79/><D111/><U69/><E125/><V0/><F0/><W89/><G89/><T102/><D119/><U18/><E117/><V72/><F72/><W135/><G135/><T129/><D129/><U29/><E29/><V94/><F101/><W95/><G95/><N who="0" m="58719" /><D9/><U132/><E132/><V131/><F131/><W12/><G96/><T127/><D127/><U57/><E18/><N who="0" m="6697" /><D79/><U59/><E100/><V27/><F38/><W83/><G83/><T87/><D30/><U35/><E35/><V11/><F27/><W4/><REACH who="3" step="1"/><G12/><REACH who="3" ten="327,64,391,208" step="2"/><T121/><D121/><U55/><E91/><V68/><F14/><W64/><G64/><T5/><D67/><N who="1" m="41215" /><E82/><V49/><F36/><W103/><G103/><T23/><D23/><U93/><E93/><V92/><F92/><W32/><G32/><T78/><D78/><U33/><E33/><V48/><F94/><W116/><G116/><T105/><D105/><U51/><AGARI ba="1,1" hai="44,45,46,51,52,53,55,57,59,60,62" m="41215" machi="51" ten="30,12000,2" yaku="35,5,54,1" doraHai="97" who="1" fromWho="1" sc="327,-31,64,133,391,-61,208,-31" /><INIT seed="7,0,0,2,2,113" ten="296,197,330,177" oya="3" hai0="10,104,129,48,108,49,114,92,39,58,19,93,34" hai1="102,135,13,74,85,27,107,95,40,11,118,84,97" hai2="57,12,62,1,134,116,86,63,26,24,47,100,91" hai3="14,111,37,36,77,0,53,8,121,80,29,41,120"/><W76/><G0/><T15/><D108/><U59/><E74/><V125/><F116/><W109/><G29/><T131/><D114/><U55/><E118/><V45/><F1/><W38/><G41/><T96/><D39/><U68/><E68/><V32/><F32/><W6/><G53/><N who="0" m="32039" /><D34/><U22/><E107/><V106/><F106/><W128/><G128/><N who="0" m="49227" /><D49/><N who="1" m="31215" /><E135/><V60/><F134/><W61/><G61/><T81/><D81/><U72/><E72/><V112/><F112/><W4/><G4/><T73/><D73/><U3/><E3/><V21/><F57/><W110/><REACH who="3" step="1"/><G80/><REACH who="3" ten="296,197,330,167" step="2"/><T130/><D130/><U5/><E40/><V98/><F62/><W56/><G56/><T25/><D25/><U66/><E66/><V123/><F63/><W89/><G89/><T28/><D28/><AGARI ba="0,1" hai="5,11,13,22,27,28,84,85,95,97,102" m="31215" machi="28" ten="30,1000,0" yaku="8,1" doraHai="113" who="1" fromWho="0" sc="296,-10,197,20,330,0,167,0" owari="286,9.0,217,-18.0,330,42.0,167,-33.0" /></mjloggm>