<mjloggm ver="2.3"><GO type="97" lobby="0"/><UN n0="%7A%69%6D%61" n1="%6B%61%6E%74%75%75" n2="%E3%82%A6%E3%83%AB%E3%83%88%E3%83%A9%E7%AB%8B%E7%9B%B4" n3="%E5%B0%8F%E6%88%A6%E7%95%A5" dan="13,15,15,14" rate="1874.06,2010.69,1959.16,1900.04" sx="M,M,M,M"/><TAIKYOKU oya="0"/><INIT seed="0,0,0,4,5,1" ten="250,250,250,250" oya="0" hai0="45,47,70,102,55,12,57,73,106,63,86,11,93" hai1="22,114,126,135,24,46,56,87,105,74,49,50,31" hai2="99,13,65,39,84,90,36,95,32,112,89,128,108" hai3="82,30,59,125,98,68,97,72,4,40,81,41,44"/><T92/><D73/><U77/><E105/><V85/><F32/><W27/><G68/><T79/><D70/><U23/><E126/><V80/><F112/><W127/><G59/><T35/><D106/><U2/><E74/><V62/><F108/><W103/><G98/><T120/><D120/><U76/><E114/><V60/><F128/><W124/><G72/><T71/><D35/><U37/><E37/><V0/><F0/><W10/><G41/><T78/><D71/><U131/><E2/><V33/><F33/><N who="3" m="20703" /><G97/><T134/><D134/><U110/><E135/><V38/><F65/><W61/><G61/><T88/><D79/><U28/><E110/><V43/><F43/><W113/><G103/><T117/><D78/><U107/><E107/><V122/><F122/><W26/><G26/><T129/><D117/><U25/><E131/><V119/><F119/><W15/><G113/><T104/><D129/><U101/><E101/><V53/><F53/><W17/><G17/><T29/><D29/><U123/><E123/><V14/><F99/><W116/><G116/><T19/><D104/><U48/><E46/><N who="0" m="17417" /><D102/><U51/><E87/><V16/><REACH who="2" step="1"/><F13/><REACH who="2" ten="250,250,240,250" step="2"/><W8/><G8/><AGARI ba="0,1" hai="8,14,16,36,38,39,60,62,80,84,85,89,90,95" machi="8" ten="40,5200,0" yaku="1,1,2,1,54,1,53,0" doraHai="1" doraHaiUra="118" who="2" fromWho="3" sc="250,0,250,0,240,62,250,-52" /><INIT seed="1,0,0,1,0,111" ten="250,250,302,198" oya="1" hai0="69,67,115,11,121,52,49,55,17,119,117,59,116" hai1="48,120,114,110,135,34,65,47,22,101,89,37,92" hai2="129,21,133,25,13,102,83,5,75,88,36,66,53" hai3="81,97,127,7,44,31,76,100,26,24,126,98,51"/><U131/><E120/><V43/><F36/><W3/><G7/><T70/><D121/><U132/><E37/><V50/><F75/><W30/><G3/><T33/><D33/><U0/><E0/><V79/><F79/><W35/><G100/><T14/><D67/><U103/><E34/><V108/><F108/><W125/><G81/><T105/><D105/><U19/><E110/><V40/><F66/><W77/><G77/><T80/><D80/><U45/><E131/><V73/><F102/><N who="1" m="38921" /><E65/><V78/><F129/><W1/><G1/><T42/><D42/><U118/><E118/><V12/><F78/><W41/><REACH who="3" step="1"/><G76/><REACH who="3" ten="250,250,302,188" step="2"/><T38/><D38/><U16/><E135/><V84/><F133/><W95/><G95/><T112/><REACH who="0" step="1"/><D55/><REACH who="0" ten="240,250,302,188" step="2"/><U23/><E132/><V124/><F73/><W90/><G90/><T104/><D104/><U72/><E89/><V82/><F82/><W96/><G96/><T122/><D122/><U39/><E92/><V128/><F83/><W63/><G63/><T106/><D106/><U107/><E72/><V68/><F53/><W130/><G130/><T18/><D18/><U57/><E107/><V15/><F128/><W46/><G46/><T109/><D109/><U61/><E47/><V4/><F43/><W62/><G62/><T91/><D91/><U58/><E19/><V93/><F40/><W99/><G99/><T20/><D20/><AGARI ba="0,2" hai="20,24,26,30,31,35,41,44,51,97,98,125,126,127" machi="20" ten="40,2600,0" yaku="1,1,18,1,53,0" doraHai="111" doraHaiUra="87" who="3" fromWho="0" sc="240,-26,250,0,302,0,188,46" /><INIT seed="2,0,0,1,3,100" ten="214,250,302,234" oya="2" hai0="134,3,39,101,102,62,24,45,20,55,111,11,36" hai1="119,90,63,115,93,25,127,77,57,8,41,89,22" hai2="42,118,87,47,112,107,106,19,92,133,78,68,124" hai3="6,86,116,15,117,110,59,132,64,21,12,83,129"/><V44/><F68/><W108/><G132/><T27/><D134/><U53/><E119/><N who="3" m="45642" /><G59/><T121/><D121/><U28/><E115/><V122/><F112/><W18/><G64/><T131/><D111/><N who="3" m="42537" /><G83/><T104/><D131/><U38/><E127/><V16/><F118/><W5/><G86/><T30/><D27/><U54/><E41/><V74/><F122/><W52/><G52/><N who="1" m="20074" /><E38/><V135/><F74/><W33/><G33/><T88/><D88/><N who="1" m="33899" /><E8/><V99/><F87/><W26/><G129/><T60/><D102/><U70/><E70/><V130/><F130/><W97/><G97/><T73/><D73/><U58/><E77/><V37/><F78/><W113/><G113/><T114/><D114/><U10/><E10/><V32/><F32/><W103/><G103/><T120/><D120/><U125/><E125/><V94/><F124/><W7/><AGARI ba="0,0" hai="5,6,7,12,15,18,21,26" m="42537,45642" machi="7" ten="40,5200,0" yaku="14,1,34,2" doraHai="100" who="3" fromWho="3" sc="214,-13,250,-13,302,-26,234,52" /><INIT seed="3,0,0,2,2,2" ten="201,237,276,286" oya="3" hai0="116,46,78,38,51,47,100,53,127,82,105,107,85" hai1="97,56,102,64,50,12,94,77,30,55,23,110,125" hai2="131,49,52,18,8,0,122,74,98,10,28,22,75" hai3="48,104,79,89,39,17,117,13,14,115,61,70,4"/><W111/><G117/><T132/><D116/><U24/><E110/><V112/><F75/><W92/><G115/><T114/><D132/><U34/><E125/><V54/><F74/><W41/><G39/><T67/><D127/><U124/><E124/><V106/><F106/><W44/><G104/><T68/><D114/><U81/><E34/><V25/><F112/><W87/><G111/><T26/><D100/><U59/><E12/><N who="2" m="7431" /><F0/><W43/><G79/><T76/><D76/><U80/><E77/><V83/><F131/><W126/><G126/><T113/><D113/><U120/><E120/><V128/><F128/><W5/><G43/><T27/><D47/><U134/><REACH who="1" step="1"/><E134/><REACH who="1" ten="201,227,276,286" step="2"/><V99/><F122/><W63/><G70/><T119/><D119/><U58/><E58/><N who="2" m="33039" /><F10/><N who="3" m="6327" /><G14/><T69/><D69/><U73/><E73/><V96/><F83/><W95/><G95/><T6/><D107/><U72/><E72/><V29/><F54/><W71/><G71/><T40/><D105/><U135/><E135/><V45/><F45/><W20/><G20/><T123/><D123/><U21/><E21/><V103/><F103/><W91/><G91/><T133/><D133/><U19/><E19/><AGARI ba="0,1" hai="19,22,25,28,29,96,98,99" m="33039,7431" machi="19" ten="30,2000,0" yaku="8,1,54,1" doraHai="2" who="2" fromWho="1" sc="201,0,227,-20,276,30,286,0" owari="201,-30.0,207,-19.0,306,40.0,286,9.0" /></mjloggm>