<mjloggm ver="2.3"><GO type="169" lobby="0"/><UN n0="%E6%A5%BD%E5%8B%9D%EF%BC%81" n1="%4A%75%6E%37%37%37" n2="%E3%82%A6%E3%83%AB%E3%83%88%E3%83%A9%E7%AB%8B%E7%9B%B4" n3="%E7%AB%B9%E5%B2%A1%E9%89%B1%E5%B1%B1" dan="16,16,17,17" rate="2141.49,2036.01,2166.37,2196.77" sx="M,M,M,M"/><TAIKYOKU oya="0"/><INIT seed="0,0,0,0,1,57" ten="250,250,250,250" oya="0" hai0="62,19,36,107,127,45,134,73,56,85,43,6,39" hai1="131,48,117,34,40,26,13,132,55,88,96,63,3" hai2="8,76,2,28,32,135,108,78,21,23,66,91,94" hai3="93,90,70,112,84,80,105,115,126,65,53,116,101"/><T99/><D73/><U68/><E117/><V133/><F32/><W4/><G4/><T14/><D127/><U113/><E113/><N who="3" m="43594" /><G53/><T64/><D134/><N who="2" m="51210" /><F108/><W67/><G70/><T69/><D6/><U18/><E3/><V44/><F66/><W72/><G65/><T89/><D99/><U51/><E132/><V86/><F44/><W17/><G17/><T104/><D39/><U11/><E131/><V75/><F75/><W33/><G67/><T92/><REACH who="0" step="1"/><D69/><REACH who="0" ten="240,250,250,250" step="2"/><U50/><E68/><V46/><F2/><W95/><G126/><T61/><D61/><U49/><E40/><V111/><F111/><W60/><G72/><T42/><D42/><U47/><E63/><V29/><F29/><W15/><G60/><T123/><D123/><U100/><E100/><V77/><F28/><W124/><G101/><T82/><D82/><U10/><N who="1" m="12800" /><DORA hai="106" /><U121/><E121/><V130/><F130/><W37/><G80/><T24/><D24/><U12/><E47/><V103/><F46/><W20/><G37/><T129/><D129/><U122/><E122/><V59/><F103/><W35/><G124/><T118/><D118/><U71/><E71/><V74/><F74/><W41/><G41/><T58/><D58/><U87/><E96/><V81/><F59/><W22/><G116/><T102/><D102/><U79/><E26/><V16/><F81/><W109/><G109/><T52/><D52/><U25/><E55/><V31/><F31/><W98/><G98/><T120/><D120/><U83/><E25/><V1/><F1/><W114/><G114/><T128/><D128/><RYUUKYOKU ba="0,1" sc="240,15,250,-15,250,15,250,-15" hai0="14,19,36,43,45,56,62,64,85,89,92,104,107" hai2="8,16,21,23,76,77,78,86,91,94" /><INIT seed="0,1,1,5,0,121" ten="255,235,265,235" oya="0" hai0="120,25,96,107,30,133,68,12,31,105,33,62,113" hai1="10,75,82,103,44,1,51,35,34,65,131,135,9" hai2="8,45,58,67,83,27,42,116,29,60,21,128,73" hai3="81,129,123,115,78,64,109,114,20,101,80,13,48"/><T91/><D120/><U127/><E131/><V110/><F128/><W95/><G129/><T50/><D113/><U87/><E75/><V93/><F116/><W106/><G106/><T53/><D133/><U72/><E72/><V38/><F8/><W22/><G123/><T11/><D31/><U94/><E135/><V0/><F0/><W32/><G32/><T74/><D74/><U102/><E65/><V97/><F73/><W61/><G48/><T26/><D26/><U49/><E1/><V98/><F83/><W89/><G101/><T23/><D33/><U124/><E94/><V6/><F6/><W59/><G81/><T111/><D111/><U37/><E82/><V39/><F39/><W19/><G22/><T18/><D68/><U125/><E87/><V28/><F28/><W36/><G36/><T4/><D30/><U70/><E70/><V112/><F112/><W86/><REACH who="3" step="1"/><G109/><REACH who="3" ten="255,235,265,225" step="2"/><T47/><D62/><U41/><E51/><V92/><F110/><W55/><G55/><T77/><D77/><U56/><E35/><V66/><F66/><W5/><G5/><T100/><D91/><U15/><E34/><V16/><F93/><AGARI ba="1,2" hai="4,11,12,18,23,25,47,50,53,93,96,100,105,107" machi="93" ten="30,1500,0" yaku="7,1" doraHai="121" who="0" fromWho="2" sc="255,38,235,0,265,-18,225,0" /><INIT seed="0,2,0,0,2,25" ten="293,235,247,225" oya="0" hai0="101,132,30,16,103,75,94,120,63,100,44,79,26" hai1="55,93,31,133,113,86,64,57,82,135,4,73,53" hai2="65,115,43,58,45,134,92,83,74,70,11,122,42" hai3="123,1,84,0,87,51,59,54,18,41,10,46,80"/><T107/><D120/><U27/><E4/><V96/><F122/><W13/><G123/><T81/><D132/><N who="1" m="50763" /><E113/><V109/><F115/><W121/><G121/><T85/><D44/><U102/><E73/><V40/><F70/><W78/><REACH who="3" step="1"/><G87/><REACH who="3" ten="293,235,247,215" step="2"/><T12/><D85/><U14/><E86/><V38/><F134/><W117/><G117/><T119/><D119/><U111/><E82/><V9/><F83/><W8/><G8/><T37/><D81/><U127/><E127/><V62/><F74/><W61/><AGARI ba="2,1" hai="0,1,10,13,18,41,46,51,54,59,61,78,80,84" machi="61" ten="20,8000,1" yaku="1,1,0,1,7,1,53,2" doraHai="25" doraHaiUra="32" who="3" fromWho="3" sc="293,-42,235,-22,247,-22,215,96" /><INIT seed="1,0,0,1,4,126" ten="251,213,225,311" oya="1" hai0="23,73,78,71,47,44,95,105,6,29,37,34,113" hai1="36,127,46,124,101,99,87,48,86,18,108,21,40" hai2="97,30,19,77,0,74,9,31,94,103,130,35,64" hai3="15,91,81,119,109,122,10,69,61,45,102,79,89"/><U123/><E123/><V63/><F77/><W25/><G122/><T128/><D113/><U3/><E3/><V33/><F74/><W80/><G102/><T60/><D105/><U7/><E7/><V58/><F35/><W32/><G119/><T27/><D37/><U20/><E108/><V38/><F38/><W96/><G109/><T114/><D114/><U72/><E72/><V104/><F104/><W85/><G45/><T1/><D71/><U42/><E21/><V62/><F33/><W22/><G32/><T116/><D60/><U11/><E11/><V88/><F130/><W100/><G61/><T16/><D116/><U118/><E118/><V43/><F43/><W13/><G69/><T117/><D117/><U66/><E66/><V14/><F0/><W17/><G80/><T132/><D132/><U41/><E87/><V75/><F75/><W83/><G83/><T50/><D73/><U133/><E86/><V90/><REACH who="2" step="1"/><F63/><REACH who="2" ten="251,213,215,311" step="2"/><W49/><G49/><T65/><D78/><U98/><E133/><V70/><F70/><W131/><G131/><T55/><D128/><U125/><E36/><V120/><F120/><W53/><G79/><T92/><D50/><U76/><E76/><V5/><F5/><W107/><G107/><T135/><D6/><U67/><E67/><V129/><F129/><W59/><G53/><T84/><D55/><N who="1" m="30103" /><E101/><V82/><F82/><W112/><G81/><T26/><D65/><U24/><AGARI ba="0,1" hai="18,20,24,40,41,42,98,99,124,125,127" m="30103" machi="24" ten="40,2100,0" yaku="18,1" doraHai="126" who="1" fromWho="1" sc="251,-7,213,31,215,-7,311,-7" /><INIT seed="1,1,0,3,1,39" ten="244,244,208,304" oya="1" hai0="0,113,37,115,63,58,134,5,25,98,117,96,104" hai1="24,79,41,75,124,53,87,50,51,22,59,78,27" hai2="91,6,80,120,56,131,127,107,12,97,129,40,61" hai3="62,69,116,111,70,94,126,2,118,15,11,9,30"/><U26/><E124/><V99/><F120/><W47/><G126/><T19/><D117/><N who="3" m="45161" /><G111/><T95/><D37/><U8/><E75/><V114/><F127/><W121/><G121/><T52/><D134/><U65/><E8/><N who="3" m="3146" /><G2/><T14/><D5/><U92/><E65/><V88/><F114/><W49/><G15/><T89/><D14/><U60/><E60/><V44/><F12/><W7/><G7/><T84/><D0/><U103/><E22/><V125/><F6/><W13/><G13/><T18/><D18/><U73/><E73/><V122/><F122/><W67/><G94/><T54/><D54/><U42/><E51/><N who="2" m="27015" /><F125/><W55/><G30/><T29/><D19/><U46/><E46/><V81/><F107/><W74/><G74/><T23/><REACH who="0" step="1"/><D104/><REACH who="0" ten="234,244,208,304" step="2"/><U82/><E78/><V106/><F106/><W48/><G55/><T1/><D1/><U4/><E4/><V83/><F129/><W43/><G67/><T71/><D71/><U85/><E87/><V16/><F131/><W130/><G130/><T93/><D93/><U133/><E133/><V32/><F16/><W123/><G123/><T109/><D109/><U135/><E135/><V31/><F31/><W34/><G70/><T86/><D86/><U20/><E20/><V57/><F32/><W68/><G34/><T72/><D72/><U17/><E17/><V100/><F97/><AGARI ba="1,1" hai="23,25,29,52,58,63,84,89,95,96,97,98,113,115" machi="97" ten="40,2600,0" yaku="1,1,54,1,53,0" doraHai="39" doraHaiUra="28" who="0" fromWho="2" sc="234,39,244,0,208,-29,304,0" /><AGARI ba="1,0" hai="24,26,27,41,42,50,53,59,79,82,85,92,97,103" machi="97" ten="40,7700,0" yaku="8,1,52,2" doraHai="39" who="1" fromWho="2" sc="273,0,244,77,179,-77,304,0" /><INIT seed="1,2,0,4,0,1" ten="273,321,102,304" oya="1" hai0="58,86,80,101,39,119,9,122,65,78,45,20,47" hai1="43,115,92,100,2,74,22,105,63,108,116,114,34" hai2="0,118,55,71,26,125,50,98,16,76,8,107,56" hai3="102,67,94,88,72,95,104,57,120,23,30,11,6"/><U130/><E43/><V73/><F71/><W46/><G72/><T28/><D119/><U87/><E63/><V33/><F118/><W111/><G120/><T126/><D126/><U69/><E22/><V81/><F125/><W7/><G104/><T44/><D122/><U29/><E29/><V96/><F107/><W70/><G70/><T90/><D39/><U84/><E84/><V91/><F91/><W124/><G124/><T31/><D101/><U106/><E87/><V12/><REACH who="2" step="1"/><F0/><REACH who="2" ten="273,321,92,304" step="2"/><W97/><G88/><T24/><D90/><U18/><E106/><V129/><F129/><W117/><G117/><T134/><D134/><U79/><E105/><V110/><F110/><W112/><G111/><T61/><D9/><U38/><E69/><V121/><F121/><W52/><G11/><T93/><D93/><U40/><E108/><V4/><F4/><W113/><G95/><T32/><D32/><U21/><E116/><V14/><F14/><W35/><G94/><T17/><AGARI ba="2,1" hai="17,20,24,28,31,44,45,47,58,61,65,78,80,86" machi="17" ten="30,2000,0" yaku="0,1,8,1" doraHai="1" who="0" fromWho="0" sc="273,36,321,-12,92,-7,304,-7" /><INIT seed="2,0,0,4,5,36" ten="309,309,85,297" oya="2" hai0="124,7,62,72,129,1,11,37,22,116,135,81,107" hai1="6,90,29,106,35,5,52,28,10,13,49,86,105" hai2="113,115,87,100,85,68,103,12,132,16,50,131,110" hai3="134,91,57,76,66,34,120,2,63,71,126,109,8"/><V56/><F68/><W69/><G91/><T14/><D107/><U96/><E6/><V4/><F4/><N who="3" m="1047" /><G57/><T121/><D121/><U46/><E35/><V97/><F131/><W75/><G120/><T118/><D129/><U64/><E64/><V123/><F123/><W128/><G128/><T25/><D37/><U82/><E106/><V133/><F110/><W40/><G71/><T125/><D135/><N who="2" m="51786" /><F50/><W0/><G134/><T122/><D122/><U45/><E105/><N who="2" m="63631" /><F103/><W127/><G109/><T130/><D62/><U32/><E96/><V79/><F56/><W47/><G34/><T101/><D101/><U55/><E32/><V93/><F93/><W61/><G61/><T99/><D99/><U23/><E23/><N who="2" m="11655" /><F79/><W59/><G59/><T67/><D130/><U89/><E90/><V80/><F80/><N who="3" m="45087" /><G0/><T42/><D1/><U51/><AGARI ba="0,0" hai="5,10,13,28,29,45,46,49,51,52,55,82,86,89" machi="51" ten="30,7900,0" yaku="0,1,9,1,8,1,54,1" doraHai="36" who="1" fromWho="1" sc="309,-20,309,79,85,-39,297,-20" /><INIT seed="3,0,0,2,1,73" ten="289,388,46,277" oya="3" hai0="85,55,37,82,93,132,70,46,24,20,68,113,19" hai1="15,12,77,34,41,69,39,103,49,66,57,67,96" hai2="94,92,135,80,133,40,3,6,13,119,87,17,59" hai3="50,74,121,11,63,91,98,106,2,128,4,38,29"/><W109/><G38/><T44/><D132/><U27/><E69/><V75/><F75/><W1/><G121/><T120/><D120/><U102/><E39/><V124/><F119/><W86/><G74/><T31/><D113/><U79/><E34/><V114/><F114/><W115/><G115/><T125/><D125/><U23/><E67/><V134/><F124/><W36/><G36/><T95/><D55/><U22/><E22/><V99/><F40/><W81/><G128/><T108/><D108/><U53/><E66/><V116/><F116/><W97/><G109/><T16/><D68/><U83/><E41/><V32/><F32/><W30/><G1/><T129/><D70/><U112/><E112/><V0/><F59/><W100/><G97/><T89/><D129/><U118/><E118/><V78/><F6/><W104/><G63/><T35/><D37/><U65/><E65/><V127/><F127/><W8/><G104/><T107/><D107/><U51/><E51/><V9/><REACH who="2" step="1"/><F94/><REACH who="2" ten="289,388,36,277" step="2"/><N who="0" m="35850" /><D35/><U110/><E110/><V47/><F47/><AGARI ba="0,1" hai="16,19,20,24,31,44,46,47,82,85,89" m="35850" machi="47" ten="30,2000,0" yaku="8,1,54,1" doraHai="73" who="0" fromWho="2" sc="289,30,388,0,36,-20,277,0" /><INIT seed="4,0,0,5,5,87" ten="319,388,16,277" oya="0" hai0="106,54,118,119,89,72,5,51,129,111,20,70,53" hai1="46,96,66,50,2,71,112,1,117,4,81,133,32" hai2="37,41,91,82,9,13,135,44,67,101,120,60,110" hai3="61,49,134,86,127,17,43,38,84,122,47,7,125"/><T31/><D106/><U104/><E117/><V103/><F120/><W115/><G122/><T6/><D72/><U102/><E133/><V75/><F135/><W3/><G134/><T33/><D70/><U8/><E112/><V14/><F110/><W126/><G115/><T74/><D74/><U78/><E32/><V99/><F75/><W130/><G130/><T26/><D129/><U11/><E66/><V63/><F13/><W124/><N who="3" m="31744" /><DORA hai="19" /><W132/><G132/><T12/><D111/><U97/><E71/><V107/><F101/><W80/><G61/><T105/><D105/><U35/><E35/><V108/><F108/><W92/><G38/><T16/><D54/><U90/><E78/><V40/><F40/><W98/><G80/><T128/><D128/><U10/><E1/><V21/><F21/><W45/><G45/><T73/><D73/><U95/><REACH who="1" step="1"/><E81/><REACH who="1" ten="319,378,16,277" step="2"/><V57/><F82/><W29/><G3/><T100/><D119/><U25/><E25/><V83/><F83/><W123/><G123/><T65/><D118/><U34/><E34/><V22/><F63/><W24/><G24/><T64/><D65/><U39/><E39/><V48/><F37/><W68/><G68/><T56/><D64/><U114/><E114/><V88/><REACH who="2" step="1"/><F22/><REACH who="2" ten="319,378,6,277" step="2"/><W121/><G121/><T62/><D62/><U28/><E28/><V109/><F109/><W30/><G30/><T77/><D77/><U18/><E18/><AGARI ba="0,2" hai="9,14,18,41,44,48,57,60,67,88,91,99,103,107" machi="18" ten="30,12000,2" yaku="1,1,7,1,52,2,54,1,53,1" doraHai="87,19" doraHaiUra="69,15" who="2" fromWho="1" sc="319,0,378,-120,6,140,277,0" /><INIT seed="5,0,0,4,4,91" ten="319,258,146,277" oya="1" hai0="79,47,86,1,2,120,17,46,112,3,16,129,84" hai1="92,61,123,65,108,24,10,99,62,60,115,26,119" hai2="49,107,134,8,70,100,9,102,118,81,40,13,23" hai3="69,25,58,35,78,7,75,80,101,83,18,89,71"/><U39/><E39/><V37/><F37/><W106/><G7/><T5/><D5/><U85/><E108/><V72/><F70/><W131/><G131/><T124/><D129/><U122/><E115/><V52/><F118/><W77/><G89/><T66/><D79/><U88/><E119/><V57/><F134/><W104/><G58/><T31/><D31/><U28/><E10/><V42/><F23/><W53/><G53/><T127/><D112/><U11/><E11/><V116/><F116/><W109/><G109/><T114/><D114/><U19/><E19/><N who="0" m="7241" /><D66/><U29/><E123/><V33/><F33/><W45/><G18/><T44/><D120/><U55/><E122/><V90/><F107/><N who="3" m="41003" /><G101/><N who="2" m="39017" /><F72/><N who="3" m="43047" /><G45/><T74/><D74/><U59/><E29/><AGARI ba="0,0" hai="25,29,35,69,71,75,78,83" m="43047,41003" machi="29" ten="30,2000,0" yaku="33,2" doraHai="91" who="3" fromWho="1" sc="319,0,258,-20,146,0,277,20" /><INIT seed="6,0,0,1,3,5" ten="319,238,146,297" oya="2" hai0="130,11,90,18,46,3,42,76,82,89,67,10,78" hai1="30,61,25,63,105,19,71,85,122,15,93,134,44" hai2="9,12,35,132,133,41,129,114,117,92,109,49,22" hai3="112,73,80,27,4,88,75,100,62,21,83,33,55"/><V36/><F36/><W60/><G33/><T1/><D130/><U131/><E105/><V86/><F35/><W124/><G100/><T51/><D67/><U81/><E71/><V103/><F117/><W127/><G112/><T59/><D59/><U2/><E2/><V28/><F114/><W94/><G4/><T24/><D1/><U8/><E122/><V96/><F129/><W126/><G55/><T70/><D70/><U95/><E44/><V84/><F109/><W98/><G80/><T104/><D104/><U40/><E40/><V125/><F125/><W64/><G83/><T101/><D3/><U6/><E6/><V115/><F115/><W13/><G13/><T69/><D69/><U79/><E134/><V20/><F133/><W29/><G64/><T31/><D31/><U50/><E50/><V58/><F132/><W26/><G26/><T34/><D34/><U116/><E116/><V106/><F106/><W65/><G65/><T38/><D38/><U47/><E47/><N who="2" m="25839" /><F58/><W123/><REACH who="3" step="1"/><G123/><REACH who="3" ten="319,238,146,287" step="2"/><T118/><D101/><U7/><E131/><V72/><F72/><AGARI ba="0,1" hai="21,27,29,60,62,72,73,75,88,94,98,124,126,127" machi="72" ten="50,8000,1" yaku="1,1,2,1,18,1,54,1,53,0" doraHai="5" doraHaiUra="52" who="3" fromWho="2" sc="319,0,238,0,146,-80,287,90" /><INIT seed="7,0,0,2,2,24" ten="319,238,66,377" oya="3" hai0="31,16,61,78,64,116,74,85,70,112,33,77,82" hai1="71,96,84,133,3,6,132,122,125,23,117,69,131" hai2="128,34,95,103,135,98,118,87,114,0,91,115,107" hai3="93,36,25,59,60,7,26,100,101,21,5,44,40"/><W42/><G26/><T54/><D116/><U104/><E84/><V28/><F0/><W30/><G42/><T48/><D33/><U32/><E23/><V9/><F118/><W12/><G12/><T79/><D74/><U15/><E15/><V76/><F9/><W111/><G111/><T120/><D120/><U67/><E67/><V55/><F55/><W58/><G58/><T49/><D112/><U108/><E6/><V90/><F28/><W56/><G56/><T1/><D1/><U29/><E29/><V88/><F34/><W124/><G124/><T46/><D31/><U17/><E17/><V62/><F62/><W22/><G22/><T126/><D126/><U86/><E86/><V106/><F128/><W52/><G101/><T41/><D16/><U19/><E96/><V45/><F45/><AGARI ba="0,0" hai="41,45,46,48,49,54,61,64,70,77,78,79,82,85" machi="45" ten="30,1000,0" yaku="7,1" doraHai="24" who="0" fromWho="2" sc="319,10,238,0,66,-10,377,0" owari="329,13.0,238,-16.0,56,-44.0,377,47.0" /></mjloggm>