<mjloggm ver="2.3"><GO type="97" lobby="0"/><UN n0="%E3%82%82%E3%81%B5" n1="%E8%AA%B2%E9%95%B7%E8%A6%96%E9%87%8E%E7%8B%AD%E7%AA%84" n2="%6B%6F%75%6A%69%32%37" n3="%E3%82%A6%E3%83%AB%E3%83%88%E3%83%A9%E7%AB%8B%E7%9B%B4" dan="14,15,13,14" rate="1957.10,2013.33,1900.91,1960.54" sx="M,M,M,M"/><TAIKYOKU oya="0"/><INIT seed="0,0,0,0,5,109" ten="250,250,250,250" oya="0" hai0="58,62,61,75,1,24,87,31,40,105,3,124,132" hai1="107,69,110,131,26,113,130,78,14,22,11,88,42" hai2="114,67,133,36,39,80,16,4,13,116,6,34,111" hai3="50,46,128,100,121,112,55,30,134,106,53,8,104"/><T129/><D75/><U17/><E69/><V12/><F111/><W56/><G128/><N who="1" m="49194" /><E110/><V96/><F116/><W73/><G73/><T68/><D129/><U135/><E107/><V90/><F67/><W59/><G134/><T20/><D132/><U5/><E135/><V81/><F133/><W94/><G121/><T98/><D124/><U127/><E127/><V19/><F34/><W35/><G112/><T52/><D40/><U27/><E78/><V74/><F74/><W28/><G106/><T63/><D87/><U120/><E42/><V91/><REACH who="2" step="1"/><F96/><REACH who="2" ten="250,250,240,250" step="2"/><N who="3" m="59415" /><G35/><T71/><D71/><U86/><E120/><V66/><F66/><W54/><G104/><T29/><D68/><U85/><E86/><V102/><F102/><W70/><G70/><T77/><D98/><U60/><E85/><V49/><F49/><N who="3" m="28855" /><G8/><T10/><D10/><U84/><E60/><AGARI ba="0,1" hai="28,30,50,54,55,56,59,60" m="28855,59415" machi="60" ten="30,1000,0" yaku="8,1" doraHai="109" who="3" fromWho="1" sc="250,0,250,-10,240,0,250,20" /><INIT seed="1,0,0,1,4,116" ten="250,240,240,270" oya="1" hai0="77,61,76,18,64,75,9,39,113,29,4,8,86" hai1="40,0,132,101,60,92,11,32,52,79,117,54,112" hai2="94,111,121,56,93,107,51,114,25,34,43,19,80" hai3="118,33,2,71,66,46,103,127,102,15,63,14,108"/><U30/><E112/><V47/><F121/><W49/><G2/><T45/><D113/><U84/><E117/><V55/><F114/><W120/><G118/><T97/><D29/><U69/><E132/><V110/><F111/><W134/><G108/><T122/><D122/><U12/><E0/><V74/><F110/><W128/><G134/><T59/><D75/><U1/><E1/><V109/><F109/><W88/><G120/><T99/><D18/><U70/><E40/><V57/><F107/><W3/><G3/><T26/><D26/><U98/><E32/><V123/><F123/><W87/><G128/><T106/><D106/><U13/><E30/><V38/><F57/><N who="3" m="37231" /><G33/><T73/><D73/><U67/><E70/><V62/><F34/><W31/><G31/><T72/><D72/><U129/><E129/><V85/><F74/><W125/><G71/><T35/><D35/><U131/><E131/><V96/><F96/><W104/><G104/><T115/><D99/><U105/><E13/><N who="3" m="4618" /><G127/><T50/><D97/><U24/><E24/><V36/><F36/><W20/><G20/><T17/><D39/><U41/><E105/><V135/><F135/><W90/><G125/><T5/><D115/><U58/><E69/><V119/><F119/><W44/><G90/><T10/><D8/><U16/><E41/><V89/><F38/><W126/><G126/><T53/><D9/><U21/><E11/><V82/><F82/><AGARI ba="0,0" hai="12,16,21,52,54,58,60,67,79,82,84,92,98,101" machi="82" ten="40,7700,0" yaku="8,1,54,2" doraHai="116" who="1" fromWho="2" sc="250,0,240,77,240,-77,270,0" /><INIT seed="1,1,0,1,3,55" ten="250,317,163,270" oya="1" hai0="5,48,83,96,53,21,46,35,99,36,33,129,47" hai1="71,73,94,44,132,81,115,69,65,127,102,16,74" hai2="134,13,1,125,28,32,118,86,61,0,119,23,12" hai3="51,26,72,66,34,41,7,109,88,133,2,4,11"/><U10/><E115/><V54/><F86/><W20/><G72/><T111/><D111/><U89/><E102/><V17/><F54/><W27/><G133/><T126/><D126/><U79/><E74/><V98/><F98/><W100/><G100/><T107/><D129/><U40/><E127/><V108/><F61/><W3/><G109/><T116/><D116/><U85/><E132/><V123/><F134/><W70/><G70/><T8/><D21/><U31/><E65/><V45/><F125/><W90/><G66/><T131/><D83/><U117/><E31/><V113/><F108/><W78/><G78/><T50/><D36/><U68/><E117/><N who="2" m="44555" /><F45/><W105/><G105/><T18/><D18/><U112/><E112/><V63/><F63/><W87/><G34/><T82/><D131/><U9/><REACH who="1" step="1"/><E16/><REACH who="1" ten="250,307,163,270" step="2"/><N who="2" m="10631" /><F113/><W49/><G11/><T95/><D8/><U91/><E91/><V120/><F120/><W122/><G122/><T56/><D107/><U101/><E101/><V38/><F123/><W97/><G88/><T22/><D35/><U37/><AGARI ba="1,1" hai="9,10,37,40,44,68,69,71,73,79,81,85,89,94" machi="37" ten="30,12000,1" yaku="1,1,0,1,53,3" doraHai="55" doraHaiUra="67" who="1" fromWho="1" sc="250,-41,307,133,163,-41,270,-41" /><INIT seed="1,2,0,0,2,36" ten="209,440,122,229" oya="1" hai0="64,132,90,26,55,73,102,125,32,46,45,123,101" hai1="42,40,98,51,105,127,131,49,7,37,118,28,100" hai2="112,76,68,10,106,97,27,24,114,121,107,57,83" hai3="120,48,23,17,133,128,87,111,65,12,56,31,62"/><U22/><E118/><V3/><F121/><W63/><G120/><T4/><D73/><U66/><E127/><V53/><F68/><W116/><G111/><T99/><D123/><U13/><E131/><V89/><F3/><W72/><G72/><T38/><D125/><U20/><E37/><V119/><F119/><W93/><G128/><T110/><D110/><U5/><E66/><V108/><F10/><W80/><G133/><T70/><D132/><U0/><E0/><V33/><F108/><W30/><G116/><T58/><D4/><N who="1" m="1611" /><E105/><V122/><F122/><W117/><G117/><T9/><D9/><U34/><E34/><V16/><F27/><W94/><G63/><N who="0" m="40223" /><D102/><U88/><E100/><V115/><F33/><W96/><G48/><N who="1" m="18506" /><E28/><N who="3" m="10794" /><G96/><T47/><D90/><AGARI ba="2,0" hai="12,17,23,56,62,65,80,87,90,93,94" m="10794" machi="90" ten="30,1000,0" yaku="8,1" doraHai="36" who="3" fromWho="0" sc="209,-16,440,0,122,0,229,16" /><INIT seed="2,0,0,5,3,100" ten="193,440,122,245" oya="2" hai0="60,29,116,43,107,23,7,66,88,126,47,19,119" hai1="39,31,98,76,122,21,59,55,16,0,62,36,2" hai2="56,114,135,61,48,24,111,109,25,90,93,13,67" hai3="96,27,32,1,91,6,9,112,129,89,22,50,38"/><V79/><F114/><W54/><G38/><T12/><D107/><U131/><E39/><V35/><F79/><W124/><G32/><T117/><D126/><U10/><E36/><V34/><F135/><W106/><G124/><T104/><D104/><U77/><E131/><V53/><F13/><W118/><G118/><T75/><D75/><U120/><E31/><V46/><F24/><W20/><G129/><T17/><D29/><U80/><E98/><V133/><F133/><W128/><G112/><T69/><D7/><U92/><E92/><V30/><REACH who="2" step="1"/><F35/><REACH who="2" ten="193,440,112,245" step="2"/><W115/><G128/><T51/><D19/><U125/><E77/><V45/><F45/><W65/><G115/><T63/><D63/><U84/><E125/><V3/><F3/><W81/><G27/><T58/><D88/><U42/><E2/><V41/><F41/><W134/><G91/><T74/><D74/><U52/><E42/><V85/><AGARI ba="0,1" hai="25,30,34,46,48,53,56,61,67,85,90,93,109,111" machi="85" ten="30,3000,0" yaku="1,1,0,1,53,0" doraHai="100" doraHaiUra="103" who="2" fromWho="2" sc="193,-10,440,-10,112,40,245,-10" /><INIT seed="2,1,0,5,3,98" ten="183,430,152,235" oya="2" hai0="66,84,124,3,94,126,135,64,121,11,132,10,42" hai1="99,8,7,52,12,91,38,46,128,18,37,100,68" hai2="101,56,71,54,17,72,50,134,27,89,130,53,40" hai3="39,114,62,23,61,90,28,122,78,103,70,75,31"/><V104/><F72/><W131/><G122/><T63/><D121/><U4/><E68/><V74/><F74/><W44/><G131/><T20/><D42/><U69/><E128/><V26/><F130/><W73/><G114/><T110/><D20/><U106/><E69/><V120/><F120/><W76/><G90/><N who="0" m="53575" /><D110/><U112/><E112/><V81/><F71/><W113/><G70/><N who="0" m="42271" /><D66/><U60/><E91/><V36/><F134/><N who="0" m="51242" /><D3/><U33/><E33/><V58/><F36/><W127/><G23/><T14/><D14/><U41/><REACH who="1" step="1"/><E37/><REACH who="1" ten="183,420,152,235" step="2"/><V57/><F40/><W29/><G113/><T59/><D59/><AGARI ba="1,1" hai="4,7,8,12,18,38,41,46,52,59,60,99,100,106" machi="59" ten="40,8000,1" yaku="1,1,2,1,52,1,54,1,53,1" doraHai="98" doraHaiUra="5" who="1" fromWho="0" sc="183,-83,420,93,152,0,235,0" /><INIT seed="3,0,0,5,2,126" ten="100,513,152,235" oya="3" hai0="75,122,12,11,3,88,97,116,52,80,62,49,130" hai1="98,55,39,102,104,54,41,33,51,81,67,72,103" hai2="99,112,85,13,63,10,50,77,43,115,69,96,93" hai3="87,94,83,4,71,105,5,135,26,108,65,14,127"/><W6/><G105/><T89/><D116/><U16/><E33/><V114/><F69/><W106/><G106/><T68/><D3/><U46/><E67/><V95/><F63/><W110/><G71/><T132/><D122/><U35/><E35/><V27/><F27/><W36/><G36/><T38/><D38/><U58/><E103/><V129/><F77/><W117/><G65/><T32/><D32/><U121/><E121/><V133/><F85/><W1/><G117/><T74/><D132/><U56/><E72/><V118/><F43/><W22/><G94/><N who="0" m="56519" /><D62/><U123/><E123/><V111/><F50/><W128/><G87/><N who="0" m="50407" /><D68/><U31/><E31/><V131/><F118/><W134/><G83/><T120/><D120/><U61/><REACH who="1" step="1"/><E81/><REACH who="1" ten="100,503,152,235" step="2"/><V19/><F111/><N who="3" m="42539" /><G127/><T101/><D101/><U66/><E66/><V53/><F53/><W119/><G119/><T100/><D100/><U57/><E57/><V64/><F64/><W113/><G113/><T15/><D130/><N who="2" m="49674" /><F133/><N who="3" m="50699" /><G128/><T91/><D52/><U82/><E82/><V60/><F60/><W79/><G79/><T24/><D74/><U44/><E44/><V73/><F73/><W17/><G1/><T125/><D75/><U28/><E28/><V47/><F47/><W90/><G90/><T37/><D91/><U45/><E45/><V109/><F109/><W0/><G0/><T9/><D125/><U2/><E2/><V20/><F115/><W59/><G59/><T8/><D12/><AGARI ba="0,1" hai="4,5,6,12,14,17,22,26" m="50699,42539" machi="12" ten="40,12000,1" yaku="14,1,10,1,20,1,34,2" doraHai="126" who="3" fromWho="0" sc="100,-120,503,0,152,0,235,130" owari="-20,-52.0,503,60.0,152,-25.0,365,17.0" /></mjloggm>