<mjloggm ver="2.3"><GO type="41" lobby="0"/><UN n0="%E3%81%95%E3%81%A4%E3%81%8D%E3%81%82%E3%81%96%E3%81%BF" n1="%E5%B0%B1%E6%B4%BB%E7%94%9F%40%E5%B7%9D%E6%9D%91%E8%BB%8D%E5%9B%A3" n2="%7A%65%6B%6B%69%65" n3="%E6%A1%83%E8%8A%B1%E8%8C%B6" dan="13,15,13,13" rate="1921.50,2007.95,1896.66,1821.71" sx="M,M,M,F"/><TAIKYOKU oya="0"/><INIT seed="0,0,0,5,1,16" ten="250,250,250,250" oya="0" hai0="86,106,117,33,126,22,36,74,135,110,37,94,5" hai1="108,42,67,85,66,10,43,82,89,65,68,14,102" hai2="1,31,38,53,35,107,100,29,90,77,131,27,9" hai3="44,121,56,132,116,62,47,13,75,12,23,98,128"/><T25/><D33/><U26/><E68/><V60/><F131/><W32/><G116/><T92/><D106/><U59/><E108/><V71/><F38/><W58/><G128/><T64/><D74/><U114/><E114/><V91/><F77/><W79/><G32/><T109/><D117/><U133/><E133/><V3/><F31/><W72/><G121/><T24/><D135/><U73/><E73/><V111/><F111/><N who="0" m="42506" /><D126/><U57/><E102/><V18/><F1/><W30/><G132/><T103/><D64/><U54/><E26/><V81/><F81/><W129/><G129/><T15/><D86/><U125/><E125/><V115/><F115/><W87/><G98/><N who="0" m="59847" /><D94/><U6/><REACH who="1" step="1"/><E59/><REACH who="1" ten="250,240,250,250" step="2"/><V51/><F71/><W120/><G120/><T55/><D25/><U69/><E69/><V104/><F27/><N who="3" m="16767" /><G72/><T130/><D130/><U50/><AGARI ba="0,1" hai="6,10,14,42,43,50,54,57,65,66,67,82,85,89" machi="50" ten="30,12000,2" yaku="1,1,0,1,8,1,53,3" doraHai="16" doraHaiUra="61" who="1" fromWho="1" sc="250,-60,240,130,250,-30,250,-30" /><INIT seed="1,0,0,3,5,10" ten="190,370,220,220" oya="1" hai0="13,34,12,122,45,77,23,25,102,32,88,82,70" hai1="0,7,113,29,18,116,75,58,38,124,87,61,26" hai2="11,121,63,114,39,8,73,83,1,33,106,53,119" hai3="22,20,5,79,115,57,103,128,94,134,59,24,96"/><U55/><E38/><V68/><RYUUKYOKU type="yao9" ba="0,0" sc="190,0,370,0,220,0,220,0" hai2="1,8,11,33,39,53,63,68,73,83,106,114,119,121" /><INIT seed="1,1,0,4,2,90" ten="190,370,220,220" oya="1" hai0="134,91,95,129,1,21,67,68,120,92,94,122,7" hai1="53,66,10,24,77,34,6,19,59,130,36,26,126" hai2="127,88,15,0,123,112,4,87,41,61,20,89,84" hai3="52,97,65,74,49,106,31,33,86,118,55,12,13"/><U5/><E126/><V44/><F0/><W99/><G118/><T76/><D76/><U79/><E130/><V115/><F123/><N who="0" m="47146" /><D129/><U8/><E36/><V93/><F127/><W105/><G74/><T103/><D103/><U63/><E34/><V22/><F61/><W46/><G65/><T133/><D21/><U35/><E35/><V60/><F60/><W73/><G73/><T81/><D81/><U50/><E6/><V42/><F4/><W48/><G86/><T28/><D28/><U3/><E24/><V107/><F107/><W125/><G125/><T135/><D91/><U56/><E26/><V101/><F101/><W27/><G33/><T116/><D116/><U47/><E19/><N who="2" m="10367" /><F44/><W17/><G31/><T23/><D23/><U25/><E10/><V78/><F22/><W2/><G2/><T109/><D109/><U11/><E11/><V83/><F78/><W110/><G110/><T37/><D37/><U80/><E25/><V85/><F85/><W16/><G27/><T38/><D38/><U14/><E3/><V64/><F64/><W96/><REACH who="3" step="1"/><G96/><REACH who="3" ten="190,370,220,210" step="2"/><T58/><D68/><U29/><E29/><V71/><F71/><W43/><G43/><N who="2" m="16393" /><F112/><W72/><G72/><T128/><D128/><U114/><E114/><V119/><F115/><W82/><G82/><T18/><D135/><U30/><E30/><V69/><F69/><W9/><G9/><N who="0" m="2287" /><D18/><U102/><E80/><N who="2" m="49159" /><F119/><W113/><G113/><T45/><D45/><AGARI ba="1,1" hai="12,13,16,17,45,46,48,49,52,55,97,99,105,106" machi="45" ten="25,8000,1" yaku="1,1,22,2,54,2,53,0" doraHai="90" doraHaiUra="62" who="3" fromWho="0" sc="190,-83,370,0,220,0,210,93" /><INIT seed="2,0,0,0,5,83" ten="107,370,220,303" oya="2" hai0="46,112,40,122,45,17,67,51,88,9,13,76,5" hai1="15,91,74,63,96,33,41,10,113,61,92,93,108" hai2="129,54,20,94,27,84,79,134,28,14,131,71,1" hai3="25,4,30,29,132,128,85,16,60,26,65,99,62"/><V69/><F1/><W103/><G132/><T104/><D104/><U73/><E113/><V31/><F134/><W0/><G128/><N who="2" m="49225" /><F14/><W38/><G38/><T52/><D122/><U135/><E33/><V50/><F28/><W75/><G75/><T43/><D112/><U105/><E105/><V124/><F124/><W19/><G0/><T101/><D101/><U98/><E135/><V117/><F117/><W116/><G4/><T115/><D115/><U44/><E108/><V86/><F79/><W109/><G109/><T114/><D114/><U36/><E74/><V7/><F7/><W130/><G116/><T11/><D76/><U18/><REACH who="1" step="1"/><E73/><REACH who="1" ten="107,360,220,303" step="2"/><V97/><F71/><W121/><G130/><T102/><D102/><AGARI ba="0,1" hai="10,15,18,36,41,44,61,63,91,92,93,96,98,102" machi="102" ten="30,7700,0" yaku="1,1,2,1,7,1,53,1" doraHai="83" doraHaiUra="12" who="1" fromWho="0" sc="107,-77,360,87,220,0,303,0" /><INIT seed="3,0,0,3,5,55" ten="30,447,220,303" oya="3" hai0="48,39,123,117,96,133,12,41,28,93,121,128,66" hai1="5,89,49,51,103,91,107,58,71,134,35,111,61" hai2="86,15,98,97,56,7,80,0,81,79,11,90,54" hai3="101,105,4,31,108,130,40,65,88,29,32,42,22"/><W63/><G32/><T106/><D39/><U57/><E35/><V13/><F0/><W46/><G130/><T53/><D106/><U114/><E114/><V73/><REACH who="2" step="1"/><F15/><REACH who="2" ten="30,447,210,303" step="2"/><W25/><G108/><T38/><D117/><U92/><E111/><V70/><F70/><W1/><G1/><T8/><D133/><U10/><E71/><V17/><F17/><W131/><G131/><T94/><D66/><U43/><E134/><V34/><F34/><W75/><G4/><T16/><D28/><U26/><E26/><V113/><F113/><W72/><G31/><T112/><D112/><U95/><E5/><V135/><F135/><W84/><G72/><T116/><D116/><U47/><E10/><V18/><F18/><W127/><G75/><T33/><D33/><U3/><E3/><V30/><F30/><W44/><G127/><T125/><D125/><U120/><E120/><V122/><F122/><W67/><G67/><T24/><D24/><U118/><E118/><V129/><F129/><W64/><G64/><T2/><D2/><U45/><E61/><AGARI ba="0,1" hai="7,11,13,54,56,61,73,79,80,81,86,90,97,98" machi="61" ten="30,3900,0" yaku="1,1,7,1,52,1,53,0" doraHai="55" doraHaiUra="19" who="2" fromWho="1" sc="30,0,447,-39,210,49,303,0" /><INIT seed="4,0,0,4,1,47" ten="30,408,259,303" oya="0" hai0="2,105,117,116,14,45,18,71,107,35,28,60,109" hai1="69,0,113,130,84,111,133,76,95,122,63,65,118" hai2="16,91,66,104,52,49,58,44,85,43,124,53,62" hai3="6,32,103,21,74,61,25,110,55,68,27,100,86"/><T78/><D2/><U54/><E0/><V81/><F104/><W9/><G74/><T93/><D109/><U36/><E36/><V88/><F124/><W102/><G110/><T34/><D78/><U8/><E118/><V5/><F5/><W134/><G134/><T24/><D35/><U126/><E122/><V129/><F129/><W101/><N who="3" m="26112" /><DORA hai="20" /><W26/><G32/><T114/><D114/><U13/><E113/><V57/><F91/><W67/><G86/><T48/><D105/><U83/><E111/><V30/><F30/><W108/><G108/><T119/><D107/><U11/><E126/><V56/><REACH who="2" step="1"/><F16/><REACH who="2" ten="30,408,249,303" step="2"/><W70/><G70/><AGARI ba="0,1" hai="43,44,49,52,53,56,57,58,62,66,70,81,85,88" machi="70" ten="40,8000,1" yaku="1,1,2,1,52,1,54,2,53,0" doraHai="47,20" doraHaiUra="125,106" who="2" fromWho="3" sc="30,0,408,0,249,90,303,-80" /><INIT seed="5,0,0,0,3,26" ten="30,408,339,223" oya="1" hai0="95,112,99,120,24,63,14,28,25,80,97,77,0" hai1="54,111,117,122,94,85,114,135,70,98,62,89,76" hai2="127,43,45,58,83,11,103,16,69,86,106,48,42" hai3="49,129,46,50,60,10,68,124,96,56,20,23,15"/><U33/><E117/><V47/><F69/><W64/><G124/><T118/><D0/><U74/><E122/><V133/><F133/><W44/><G129/><T65/><D120/><U38/><E114/><V79/><F127/><W12/><G96/><T92/><D118/><U102/><E38/><V7/><F103/><W41/><G68/><T1/><D1/><U91/><E135/><V75/><F106/><W115/><G115/><T131/><D131/><U53/><E111/><V100/><F100/><W110/><G110/><T59/><D112/><U132/><E132/><V71/><F71/><W40/><REACH who="3" step="1"/><G15/><REACH who="3" ten="30,408,339,213" step="2"/><T82/><D14/><U29/><E70/><V81/><F42/><W72/><G72/><T116/><D116/><U9/><E74/><V107/><F43/><W35/><G35/><T22/><D24/><U128/><E98/><V90/><F75/><W3/><G3/><T105/><D105/><U125/><E33/><V18/><F86/><W66/><G66/><T113/><D113/><U73/><E85/><V31/><F107/><W61/><G61/><T101/><REACH who="0" step="1"/><D77/><REACH who="0" ten="20,408,339,213" step="2"/><U57/><E76/><V21/><F79/><W109/><G109/><T6/><D6/><AGARI ba="0,2" hai="6,10,12,20,23,40,41,44,46,49,50,56,60,64" machi="6" ten="30,7700,0" yaku="1,1,7,1,9,1,8,1,53,0" doraHai="26" doraHaiUra="34" who="3" fromWho="0" sc="20,-77,408,0,339,0,213,97" owari="-57,-56.0,408,51.0,339,14.0,310,-9.0" /></mjloggm>