<mjloggm ver="2.3"><GO type="97" lobby="0"/><UN n0="%73%69%67%72%6F" n1="%E3%81%86%E3%82%81%E3%82%A7" n2="%E3%83%8E%E3%83%B3%E3%83%8E" n3="%E3%82%A6%E3%83%AB%E3%83%88%E3%83%A9%E7%AB%8B%E7%9B%B4" dan="13,13,13,14" rate="1800.85,1854.97,1824.25,1940.59" sx="M,M,F,M"/><TAIKYOKU oya="0"/><INIT seed="0,0,0,4,5,43" ten="250,250,250,250" oya="0" hai0="27,57,75,8,26,40,98,129,61,55,48,110,47" hai1="31,36,52,23,10,116,120,111,9,80,18,37,92" hai2="86,114,108,41,65,7,11,33,123,135,113,68,82" hai3="53,102,77,71,60,101,100,131,63,76,28,89,78"/><T95/><D129/><U79/><E120/><V97/><F123/><W3/><G3/><T38/><D75/><U112/><E116/><V72/><F33/><W50/><G28/><T81/><D81/><U84/><E31/><V24/><F24/><W93/><G71/><T22/><D110/><U17/><E111/><V88/><F108/><W2/><G2/><T64/><D8/><U115/><E37/><V51/><F135/><W118/><G118/><T34/><D34/><U4/><E36/><V99/><F65/><W106/><G106/><T5/><D5/><U73/><E4/><V15/><F68/><W39/><G39/><T91/><REACH who="0" step="1"/><D22/><REACH who="0" ten="240,250,250,250" step="2"/><U1/><E23/><V125/><F114/><W87/><REACH who="3" step="1"/><G131/><REACH who="3" ten="240,250,250,240" step="2"/><T70/><AGARI ba="0,2" hai="26,27,38,40,47,48,55,57,61,64,70,91,95,98" machi="70" ten="20,24000,3" yaku="1,1,2,1,0,1,7,1,24,2,52,1,53,1" doraHai="43" doraHaiUra="62" who="0" fromWho="0" sc="240,260,250,-80,250,-80,240,-80" /><INIT seed="0,1,0,0,3,69" ten="500,170,170,160" oya="0" hai0="1,21,91,71,2,127,108,5,53,120,32,112,116" hai1="130,0,16,89,3,60,82,36,20,39,88,65,109" hai2="33,40,72,68,73,9,78,25,17,105,106,113,87" hai3="18,95,14,134,132,101,57,125,59,54,55,128,84"/><T7/><D91/><U98/><E3/><V42/><F113/><W66/><G66/><T63/><D53/><U52/><E0/><V10/><F68/><W28/><G28/><T79/><D79/><U85/><E109/><V29/><F72/><W48/><G125/><T31/><D63/><U75/><E130/><V100/><F106/><W126/><G126/><T24/><D71/><U47/><E65/><V41/><F73/><W104/><G104/><T96/><D96/><U111/><E111/><V83/><REACH who="2" step="1"/><F17/><REACH who="2" ten="500,170,160,160" step="2"/><W43/><G128/><T70/><D70/><U93/><E75/><V61/><F61/><W131/><G131/><T103/><D127/><U92/><E92/><V124/><F124/><W38/><G132/><T102/><D108/><U76/><E93/><V117/><F117/><W80/><G134/><T107/><D112/><U15/><E60/><V34/><F34/><W62/><G95/><T121/><D116/><U56/><E98/><AGARI ba="1,1" hai="9,10,25,29,33,40,41,42,78,83,87,98,100,105" machi="98" ten="40,1300,0" yaku="1,1,53,0" doraHai="69" doraHaiUra="11" who="2" fromWho="1" sc="500,0,170,-16,160,26,160,0" /><INIT seed="1,0,0,3,3,54" ten="500,154,186,160" oya="1" hai0="131,18,126,74,133,130,116,82,71,113,36,68,112" hai1="35,107,19,41,63,84,98,15,109,32,78,28,55" hai2="1,12,77,27,135,43,79,44,10,102,110,64,118" hai3="20,59,76,17,46,119,89,132,94,7,4,5,3"/><U120/><E120/><V50/><F118/><W127/><G119/><T86/><D18/><U61/><E41/><V80/><F135/><W40/><G127/><T33/><D86/><U124/><E107/><V81/><F110/><W31/><G132/><T16/><D16/><U97/><E124/><V85/><F1/><W121/><G121/><T29/><D29/><U115/><E115/><N who="0" m="44105" /><D126/><U70/><E70/><N who="0" m="26665" /><D133/><U37/><E109/><V42/><F64/><W99/><G31/><T67/><D116/><U103/><E35/><V104/><F104/><W73/><G76/><N who="0" m="44311" /><D33/><U134/><E32/><V52/><F102/><W75/><G75/><T47/><D67/><U101/><E28/><V25/><F25/><W122/><G73/><T21/><D21/><U30/><E30/><V129/><F27/><W14/><G122/><T22/><D22/><N who="1" m="11647" /><E134/><V13/><F13/><W93/><G3/><T96/><D96/><N who="1" m="36971" /><E78/><V48/><F48/><N who="3" m="26695" /><G93/><T53/><D53/><U60/><E84/><V91/><F91/><W57/><AGARI ba="0,0" hai="4,5,7,14,17,20,57,59,89,94,99" m="26695" machi="57" ten="30,4000,0" yaku="8,1,52,2" doraHai="54" who="3" fromWho="3" sc="500,-10,154,-20,186,-10,160,40" /><INIT seed="2,0,0,1,1,67" ten="490,134,176,200" oya="2" hai0="6,109,46,34,64,38,17,1,85,57,50,7,26" hai1="13,88,119,55,134,90,113,8,39,31,58,128,52" hai2="91,21,96,102,25,97,132,66,111,51,103,83,48" hai3="40,36,59,131,95,117,54,28,69,79,74,126,120"/><V2/><F2/><W82/><G120/><T41/><D109/><U65/><E119/><V108/><F132/><W86/><G117/><T112/><D112/><U12/><E113/><V11/><F11/><W73/><G126/><T37/><D7/><U106/><E106/><V53/><F66/><W71/><G131/><T18/><D18/><U56/><E39/><V93/><F83/><W133/><G133/><T104/><D104/><U5/><E134/><V3/><F3/><W116/><G116/><T68/><D85/><U123/><E128/><V122/><F122/><W75/><G28/><T94/><D94/><U130/><E130/><V105/><F103/><W125/><G125/><T19/><D1/><U33/><E33/><V135/><F135/><W72/><G40/><T118/><D6/><U49/><E31/><V14/><F14/><W32/><G32/><T10/><D10/><N who="1" m="4175" /><E65/><V29/><F53/><W15/><G36/><T107/><D107/><U43/><E43/><V101/><F91/><W77/><G15/><T44/><D118/><U60/><E123/><V24/><F24/><W30/><G30/><T42/><D34/><U92/><E92/><V100/><F100/><W80/><G95/><T70/><D26/><U63/><E49/><V35/><F35/><W99/><G99/><T121/><D121/><U22/><E22/><V16/><F29/><W4/><G4/><AGARI ba="0,0" hai="4,8,13,52,55,56,58,60,63,88,90" m="4175" machi="4" ten="30,3900,0" yaku="8,1,54,2" doraHai="67" who="1" fromWho="3" sc="490,0,134,39,176,0,200,-39" /><INIT seed="3,0,0,0,3,114" ten="490,173,176,161" oya="3" hai0="32,34,112,63,72,95,51,128,82,102,22,8,62" hai1="56,42,68,119,99,60,111,131,18,30,134,126,87" hai2="118,98,67,28,135,75,15,66,65,91,71,59,35" hai3="108,49,88,58,50,93,133,12,1,109,24,39,81"/><W127/><G39/><T64/><D72/><U3/><E68/><V5/><F75/><W6/><G1/><T52/><D82/><U106/><E119/><V73/><F135/><W2/><G2/><T61/><D8/><U132/><E111/><N who="3" m="42570" /><G133/><N who="1" m="51306" /><E3/><V121/><F121/><W4/><G127/><T70/><D112/><U104/><E126/><V37/><F37/><W107/><G107/><T54/><D22/><U36/><E131/><V94/><F73/><W78/><G24/><T130/><D102/><U69/><E69/><V113/><F113/><W20/><G20/><T27/><D95/><U85/><E30/><V80/><F71/><W10/><G4/><T41/><D27/><U86/><E99/><V44/><F44/><W57/><G81/><T38/><D34/><U103/><E103/><V120/><F120/><W116/><G78/><T45/><D32/><U55/><E18/><V40/><F40/><W11/><G11/><T48/><D130/><U31/><E31/><V129/><F129/><W17/><G6/><T16/><D16/><U101/><E101/><V53/><F28/><W122/><G122/><T9/><D9/><U0/><E0/><V74/><F35/><W29/><G29/><T89/><D89/><U79/><E79/><V77/><F67/><W7/><G7/><T21/><D21/><U105/><E36/><V25/><F25/><W33/><G33/><T115/><D128/><U47/><E106/><V46/><F46/><W123/><G123/><T124/><D115/><U125/><E125/><V90/><F90/><W83/><G116/><T13/><D124/><RYUUKYOKU ba="0,0" sc="490,-10,173,30,176,-10,161,-10" hai1="42,47,55,56,60,85,86,87,104,105" owari="480,58.0,203,0.0,166,-23.0,151,-35.0" /></mjloggm>