<mjloggm ver="2.3"><GO type="97" lobby="0"/><UN n0="%72%65%73%75%6C%74%30%34" n1="%E3%82%A6%E3%83%AB%E3%83%88%E3%83%A9%E7%AB%8B%E7%9B%B4" n2="%6B%61%7A%65%73%61%6E" n3="%59%4B%54" dan="14,13,13,14" rate="1881.21,1842.57,1827.86,1956.38" sx="M,M,M,M"/><TAIKYOKU oya="0"/><INIT seed="0,0,0,0,3,129" ten="250,250,250,250" oya="0" hai0="94,38,20,107,124,111,29,61,82,113,73,32,106" hai1="81,1,46,99,52,119,13,120,85,56,47,132,6" hai2="4,86,31,103,50,80,49,25,3,62,51,24,109" hai3="11,96,43,108,116,63,102,90,84,16,40,71,100"/><T101/><D113/><U131/><E120/><V35/><F109/><W39/><G39/><T127/><D111/><U74/><E74/><V18/><F103/><W48/><G116/><T23/><D38/><U37/><E1/><V87/><F62/><W30/><G30/><T134/><D61/><U8/><E131/><V105/><F105/><W69/><G69/><T89/><D32/><U75/><E75/><V110/><F110/><W133/><G133/><T27/><D20/><U118/><E132/><V9/><F80/><N who="3" m="49415" /><G71/><T93/><D134/><U45/><E37/><V117/><F117/><W123/><G123/><T2/><D2/><U72/><E72/><V7/><F7/><W22/><G63/><T115/><D115/><U130/><E130/><V41/><F41/><N who="3" m="15947" /><G11/><T66/><D66/><U54/><E118/><V83/><F83/><W0/><G0/><T104/><D101/><U126/><E119/><V95/><F95/><W77/><G77/><T65/><D65/><U92/><E126/><N who="0" m="48169" /><D73/><U135/><E135/><V14/><F24/><N who="3" m="14407" /><G108/><T28/><D28/><U67/><E67/><V42/><REACH who="2" step="1"/><F42/><REACH who="2" ten="250,250,240,250" step="2"/><W44/><G96/><N who="0" m="57391" /><D94/><U112/><E112/><V55/><F55/><AGARI ba="0,1" hai="44,48,55,100,102" m="14407,15947,49415" machi="55" ten="30,2000,0" yaku="8,1,54,1" doraHai="129" who="3" fromWho="2" sc="250,0,250,0,240,-20,250,30" /><INIT seed="1,0,0,2,4,56" ten="250,250,220,280" oya="1" hai0="63,17,132,10,91,3,135,126,70,103,54,96,88" hai1="86,71,115,93,57,49,18,107,95,45,19,13,48" hai2="26,34,105,36,87,67,123,92,0,7,9,113,89" hai3="129,122,102,27,133,82,21,38,130,72,73,79,118"/><U64/><E107/><V4/><F123/><W37/><G122/><T25/><D126/><U41/><E115/><V65/><F113/><W106/><G133/><N who="0" m="51275" /><D3/><U128/><E128/><N who="3" m="49258" /><G118/><T46/><D46/><U119/><E119/><V35/><F36/><N who="3" m="13931" /><G21/><N who="0" m="13487" /><D10/><U77/><E71/><V117/><F117/><W50/><G50/><T2/><D2/><U84/><E19/><V109/><F109/><W74/><G27/><T8/><D8/><U66/><E66/><V51/><F105/><W15/><G15/><T11/><D11/><U78/><E18/><V121/><F121/><W94/><G94/><N who="0" m="58775" /><D54/><U12/><E45/><V62/><F7/><W127/><G127/><T14/><D14/><U98/><E64/><AGARI ba="0,0" hai="63,64,70,88,91" m="58775,13487,51275" machi="64" ten="30,3900,0" yaku="20,1,52,1,54,1" doraHai="56" who="0" fromWho="1" sc="250,39,250,-39,220,0,280,0" /><INIT seed="2,0,0,0,0,12" ten="289,211,220,280" oya="2" hai0="44,33,25,127,103,108,79,75,1,89,48,5,114" hai1="92,86,43,47,133,34,107,37,105,19,22,80,50" hai2="116,45,81,6,129,106,74,122,66,76,125,13,82" hai3="88,57,132,54,131,111,35,55,29,123,56,112,73"/><V118/><F122/><W20/><G123/><T14/><D114/><U32/><E133/><V53/><F125/><W120/><G112/><T69/><D108/><U36/><E92/><V113/><F113/><W30/><G120/><T90/><D69/><U87/><E34/><V63/><F129/><W101/><G132/><T11/><D103/><U49/><E32/><V134/><F106/><W67/><G131/><T26/><D79/><U64/><E64/><V59/><F134/><W68/><G101/><T94/><D75/><U119/><E119/><V91/><F82/><W128/><G73/><T117/><D127/><U115/><E115/><V17/><F91/><W31/><G35/><T38/><D38/><U135/><E135/><V98/><F98/><W15/><G128/><T71/><D71/><U2/><E2/><V77/><F6/><W3/><G3/><T78/><D78/><U24/><E37/><V65/><F77/><W18/><G111/><T42/><D117/><U124/><E124/><V96/><F96/><W58/><REACH who="3" step="1"/><G88/><REACH who="3" ten="289,211,220,270" step="2"/><T46/><D89/><U62/><E87/><V83/><F83/><W110/><G110/><T8/><D33/><U16/><E86/><V40/><F116/><W72/><G72/><T0/><D0/><U39/><E80/><V51/><REACH who="2" step="1"/><F118/><REACH who="2" ten="289,211,210,270" step="2"/><W93/><G93/><T130/><D130/><U41/><E107/><V100/><F100/><W99/><G99/><T95/><D90/><U84/><E105/><V85/><F85/><W97/><G97/><T61/><D95/><U9/><E84/><V102/><F102/><W10/><G10/><AGARI ba="0,2" hai="10,13,17,40,45,51,53,59,63,65,66,74,76,81" machi="10" ten="30,12000,1" yaku="1,1,6,1,7,1,52,1,53,1" doraHai="12" doraHaiUra="4" who="2" fromWho="3" sc="289,0,211,0,210,140,270,-120" /><INIT seed="2,1,0,4,1,35" ten="289,211,350,150" oya="2" hai0="95,13,33,87,102,44,91,126,103,47,82,54,133" hai1="135,64,97,84,117,53,131,108,19,94,130,111,36" hai2="25,124,72,61,14,55,128,80,101,28,45,66,122" hai3="51,85,114,21,106,18,22,20,81,41,12,79,8"/><V67/><F122/><W115/><REACH who="3" step="1"/><G106/><REACH who="3" ten="289,211,350,140" step="2"/><T50/><D33/><U24/><E117/><V30/><F128/><W68/><G68/><T27/><D133/><U89/><E135/><V107/><F107/><W134/><G134/><T31/><D126/><U6/><E130/><V75/><F124/><W63/><G63/><T99/><D13/><U129/><E131/><V93/><F14/><W70/><G70/><T113/><D113/><U1/><E129/><V38/><F61/><W3/><G3/><T15/><D15/><U42/><E1/><V120/><F120/><W56/><G56/><T52/><D27/><U29/><E24/><V73/><F25/><W17/><G17/><T23/><D31/><U5/><E19/><V125/><F125/><W112/><G112/><T121/><D121/><U26/><E26/><V40/><F28/><W98/><G98/><T59/><D23/><U132/><E29/><V58/><F30/><W43/><G43/><T105/><D105/><U37/><E132/><V62/><REACH who="2" step="1"/><F80/><REACH who="2" ten="289,211,340,140" step="2"/><W46/><AGARI ba="1,2" hai="8,12,18,20,21,22,41,46,51,79,81,85,114,115" machi="46" ten="30,4000,0" yaku="21,2,0,1,53,0" doraHai="35" doraHaiUra="34" who="3" fromWho="3" sc="289,-11,211,-11,340,-21,140,63" /><INIT seed="3,0,0,5,5,15" ten="278,200,319,203" oya="3" hai0="89,80,131,98,102,25,108,18,101,121,54,94,37" hai1="134,78,75,87,113,49,23,81,106,99,26,34,120" hai2="52,13,1,90,68,77,50,95,100,5,4,27,88" hai3="92,84,60,12,20,14,74,125,115,35,21,123,10"/><W82/><G123/><T91/><D121/><U24/><E120/><V41/><F68/><W133/><G133/><T48/><D37/><U112/><E134/><V64/><F1/><W8/><G115/><T31/><D108/><U72/><E34/><V40/><F64/><W109/><G35/><T62/><D62/><U63/><E63/><V118/><F77/><N who="3" m="46159" /><G74/><N who="1" m="28202" /><E49/><V105/><F105/><W117/><G125/><T3/><D3/><U93/><E24/><V135/><F135/><W55/><G117/><T111/><D31/><U42/><E42/><N who="2" m="16491" /><F27/><W6/><G109/><T85/><D131/><U130/><E23/><N who="3" m="8778" /><G92/><T71/><D71/><U128/><E26/><V107/><F107/><W11/><G6/><N who="2" m="2665" /><F13/><W104/><G104/><T16/><D25/><U122/><E106/><V43/><F43/><W103/><G103/><N who="0" m="39435" /><D111/><U126/><E126/><V9/><F9/><W44/><G44/><AGARI ba="0,0" hai="16,18,44,48,54,80,85,89,91,94,98" m="39435" machi="44" ten="30,7700,0" yaku="8,1,52,2,54,1" doraHai="15" who="0" fromWho="3" sc="278,77,200,0,319,0,203,-77" owari="355,45.0,200,-20.0,319,12.0,126,-37.0" /></mjloggm>