<mjloggm ver="2.3"><GO type="97" lobby="0"/><UN n0="%65%6B%65%72%6F%6D%61" n1="%E3%81%BE%E3%81%95%E3%82%8B%E3%81%95%E3%82%93%E3%80%82%E3%80%82" n2="%54%4F%4B%55%4D%4F%2D%36" n3="%E5%B0%B1%E6%B4%BB%E7%94%9F%40%E5%B7%9D%E6%9D%91%E8%BB%8D%E5%9B%A3" dan="14,15,15,15" rate="1958.50,2003.32,1994.55,2002.59" sx="F,M,F,M"/><TAIKYOKU oya="0"/><INIT seed="0,0,0,1,3,48" ten="250,250,250,250" oya="0" hai0="100,115,94,44,52,127,132,17,101,65,5,113,102" hai1="121,130,87,71,105,93,34,104,74,133,112,109,83" hai2="32,107,119,90,24,36,97,38,84,11,29,91,22" hai3="62,95,82,66,28,80,42,13,122,2,7,45,110"/><T76/><D65/><U92/><RYUUKYOKU type="yao9" ba="0,0" sc="250,0,250,0,250,0,250,0" hai1="34,71,74,83,87,92,93,104,105,109,112,121,130,133" /><INIT seed="0,1,0,3,0,5" ten="250,250,250,250" oya="0" hai0="97,4,107,17,101,18,33,22,35,116,90,108,49" hai1="111,120,12,9,86,41,1,77,95,54,13,24,67" hai2="65,69,47,112,64,38,122,19,16,126,26,3,23" hai3="82,66,34,135,89,124,104,100,14,83,75,10,79"/><T119/><D4/><U113/><E1/><V118/><F122/><W25/><G124/><T129/><D90/><U134/><E113/><V62/><F3/><W96/><G135/><T40/><D18/><U29/><E134/><V56/><F112/><W103/><G66/><T39/><D39/><U52/><E120/><V84/><F126/><W20/><G34/><T31/><D31/><U102/><E67/><V128/><F128/><W42/><G42/><T7/><D7/><U106/><E106/><V93/><F118/><W99/><G89/><T88/><D88/><N who="1" m="53655" /><E111/><V133/><F133/><W46/><G46/><T60/><D60/><U30/><E41/><V50/><F38/><W11/><G14/><N who="1" m="5738" /><E77/><V51/><F69/><W92/><REACH who="3" step="1"/><G83/><REACH who="3" ten="250,250,250,240" step="2"/><T6/><D35/><U115/><E115/><V48/><F47/><W68/><G68/><T21/><D33/><U15/><E102/><V121/><F121/><W32/><G32/><T59/><D108/><U27/><E54/><V98/><F65/><W45/><G45/><T73/><D40/><U44/><E44/><V125/><F125/><W117/><G117/><T87/><D116/><U94/><E52/><V36/><F36/><W43/><G43/><T70/><D119/><U123/><E123/><V74/><F64/><W130/><G130/><T71/><D129/><U85/><E27/><V2/><F26/><W127/><G127/><T109/><D71/><U8/><E24/><V114/><F114/><W78/><G78/><T61/><D70/><U105/><E15/><V131/><F131/><W58/><G58/><T55/><D109/><RYUUKYOKU ba="1,1" sc="250,-10,250,-10,250,-10,240,30" hai3="10,11,20,25,75,79,82,92,96,99,100,103,104" /><INIT seed="1,2,1,1,0,105" ten="240,240,240,270" oya="1" hai0="16,43,130,39,73,8,45,108,98,18,82,129,104" hai1="23,30,83,70,5,56,92,3,19,55,32,11,107" hai2="64,101,71,69,94,13,37,119,109,102,86,46,14" hai3="78,0,25,24,47,96,27,135,34,4,132,68,111"/><U122/><E107/><V65/><F119/><W50/><G111/><T126/><D8/><U112/><E70/><V7/><F109/><W97/><G68/><T60/><D108/><U85/><E112/><V22/><F37/><W20/><G78/><N who="0" m="44367" /><D60/><U41/><E122/><V36/><F36/><W42/><G34/><T89/><D126/><U21/><E41/><V95/><F46/><W6/><G20/><T75/><D75/><U44/><E44/><V26/><F7/><N who="3" m="2603" /><G0/><T53/><D53/><U88/><E21/><V125/><F22/><W124/><G124/><T100/><D89/><U115/><E115/><V84/><F26/><W35/><G35/><T57/><D57/><U127/><E127/><AGARI ba="2,1" hai="13,14,64,65,69,71,84,86,94,95,101,102,125,127" machi="127" ten="25,1600,0" yaku="22,2" doraHai="105" who="2" fromWho="1" sc="240,0,240,-22,240,32,270,0" /><INIT seed="2,0,0,1,0,114" ten="240,218,272,270" oya="2" hai0="74,50,128,42,22,97,51,25,54,27,122,36,118" hai1="9,13,24,5,83,126,1,16,38,127,99,34,57" hai2="8,14,7,103,37,121,115,109,67,21,39,135,47" hai3="3,71,105,112,65,104,134,100,119,124,70,59,41"/><V43/><F121/><W113/><G3/><T35/><D122/><U4/><E38/><V93/><F115/><N who="3" m="44107" /><G134/><T75/><D36/><U91/><E57/><V33/><F33/><W81/><G124/><N who="1" m="47658" /><E99/><V120/><F120/><W102/><G41/><T32/><D128/><U94/><E83/><V129/><F129/><W19/><G19/><T72/><D97/><N who="1" m="57567" /><E1/><V23/><F135/><W131/><G131/><T17/><D42/><U130/><E130/><V108/><F39/><W44/><G44/><T6/><D6/><U56/><E56/><V79/><F79/><W18/><G81/><T15/><D51/><U96/><E96/><V52/><F67/><W11/><G59/><T98/><D98/><U62/><E62/><V111/><F103/><N who="3" m="39467" /><G105/><T84/><D84/><U28/><AGARI ba="0,0" hai="4,5,9,13,16,24,28,34" m="57567,47658" machi="28" ten="30,2000,0" yaku="18,1,54,1" doraHai="114" who="1" fromWho="1" sc="240,-5,218,20,272,-10,270,-5" /><INIT seed="3,0,0,1,0,125" ten="235,238,262,265" oya="3" hai0="88,59,40,62,78,109,104,124,102,61,120,32,24" hai1="132,97,6,46,130,100,68,91,95,55,73,50,111" hai2="20,123,131,54,98,9,42,92,33,29,21,30,4" hai3="108,82,72,41,83,85,116,39,25,79,119,31,107"/><W133/><G107/><T89/><D120/><U5/><E111/><V114/><F114/><W81/><G108/><T87/><D78/><U57/><E132/><V105/><F42/><W126/><G133/><T64/><D109/><U69/><E130/><V94/><F105/><W70/><G126/><T35/><D40/><N who="1" m="24903" /><E73/><V103/><F123/><W90/><G70/><T113/><D124/><U1/><E1/><V11/><F131/><W10/><G10/><T58/><D113/><U93/><E69/><V27/><F30/><W7/><G7/><T56/><D102/><U44/><E44/><V0/><F11/><W66/><G66/><T51/><D104/><U28/><E28/><V19/><F54/><W38/><G82/><T117/><D117/><U65/><E65/><V96/><REACH who="2" step="1"/><F19/><REACH who="2" ten="235,238,252,265" step="2"/><W101/><G41/><T12/><D35/><U2/><E55/><V36/><F36/><W18/><G39/><T71/><D32/><U115/><E115/><V60/><F60/><W8/><G38/><T80/><D62/><U122/><E122/><V84/><F84/><W52/><G8/><T129/><D129/><U37/><E37/><V26/><F26/><W47/><G18/><T16/><D24/><U134/><E134/><V23/><F23/><N who="3" m="15807" /><G116/><T77/><REACH who="0" step="1"/><D51/><REACH who="0" ten="225,238,252,265" step="2"/><U3/><E6/><V99/><F99/><W45/><G119/><T112/><D112/><U49/><E5/><V76/><F76/><W135/><G135/><T118/><D118/><U13/><E97/><V63/><F63/><W43/><G79/><T75/><D75/><U127/><E49/><V67/><F67/><RYUUKYOKU ba="0,2" sc="225,15,238,-15,252,15,265,-15" hai0="12,16,56,58,59,61,64,71,77,80,87,88,89" hai2="0,4,9,20,21,27,29,33,92,94,96,98,103" /><INIT seed="4,1,2,4,2,109" ten="240,223,267,250" oya="0" hai0="75,128,37,41,10,99,119,52,80,81,102,127,51" hai1="126,118,47,90,33,71,123,111,68,121,8,96,79" hai2="29,129,26,131,130,133,110,63,12,134,22,42,44" hai3="5,32,78,60,64,59,40,6,89,73,132,65,108"/><T35/><D119/><U43/><E118/><V101/><F101/><W31/><G108/><T117/><D117/><U16/><E111/><V54/><F110/><W56/><G132/><N who="2" m="50793" /><F12/><W104/><G104/><T30/><D41/><U21/><E68/><V45/><F42/><W50/><G73/><T20/><D37/><U88/><E71/><V9/><F9/><W70/><G78/><T57/><D35/><U120/><E33/><V83/><F83/><W103/><G103/><T106/><D127/><U25/><E126/><V13/><F13/><W19/><G19/><T125/><D125/><U95/><E79/><V55/><F55/><W97/><G32/><T76/><D128/><N who="2" m="32770" /><V34/><DORA hai="28" /><F22/><W135/><G135/><T92/><D10/><U17/><E8/><V7/><F7/><W11/><G11/><T24/><REACH who="0" step="1"/><D81/><REACH who="0" ten="230,223,267,250" step="2"/><U84/><E120/><V100/><F100/><W1/><G40/><T4/><D4/><U94/><E121/><V91/><F91/><W14/><G89/><T82/><D82/><U23/><E123/><V49/><F63/><W115/><G6/><T86/><D86/><U107/><E90/><V66/><F66/><W58/><G64/><T87/><D87/><U93/><E88/><V18/><F18/><W85/><G60/><T69/><D69/><U38/><E84/><V114/><F114/><W98/><G65/><T77/><D77/><U46/><E43/><V122/><F122/><W67/><G85/><T0/><D0/><U53/><E38/><V113/><F113/><W61/><G67/><T3/><D3/><U74/><E17/><RYUUKYOKU ba="1,3" sc="230,15,223,-15,267,15,250,-15" hai0="20,24,30,51,52,57,75,76,80,92,99,102,106" hai2="26,29,34,44,45,49,54" /><INIT seed="4,2,3,4,5,118" ten="245,208,282,235" oya="0" hai0="9,119,35,22,25,1,126,72,29,7,94,36,68" hai1="41,95,60,19,57,21,45,101,24,105,86,77,131" hai2="59,13,6,108,87,30,69,120,48,66,99,103,129" hai3="39,43,18,63,12,23,134,49,2,34,81,117,79"/><T31/><D119/><U112/><E131/><V123/><F69/><W106/><G117/><T102/><D72/><U135/><E112/><V98/><F30/><W38/><G106/><T111/><D68/><U33/><E135/><V37/><F37/><W113/><G34/><T130/><D36/><U52/><E105/><V91/><F129/><W70/><G2/><T67/><D67/><U127/><E127/><V3/><F3/><W58/><G113/><T10/><D130/><U96/><E33/><V17/><F6/><W85/><G134/><T4/><D126/><U27/><E77/><V5/><F5/><W93/><G70/><T53/><D53/><U50/><E86/><V88/><F108/><W8/><G23/><T73/><D73/><U64/><E27/><V16/><F66/><AGARI ba="2,3" hai="19,21,24,41,45,50,52,57,60,64,66,95,96,101" machi="66" ten="40,2600,0" yaku="8,1,54,1" doraHai="118" who="1" fromWho="2" sc="245,0,208,62,282,-32,235,0" /><INIT seed="5,0,0,2,2,48" ten="245,270,250,235" oya="1" hai0="2,128,88,118,81,45,66,61,44,59,101,58,83" hai1="57,33,16,38,132,3,95,62,91,113,122,1,114" hai2="127,76,71,21,131,19,133,120,56,29,18,23,34" hai3="8,112,105,75,28,4,74,110,63,30,124,9,103"/><U109/><E122/><V7/><F71/><W72/><G110/><T117/><D2/><U111/><E38/><V51/><F120/><W41/><G112/><N who="1" m="43114" /><E33/><V89/><F76/><W67/><G124/><T47/><D101/><U64/><E16/><V86/><F127/><W13/><G41/><T94/><D128/><U36/><E36/><V40/><F131/><W82/><G82/><T98/><REACH who="0" step="1"/><D59/><REACH who="0" ten="235,270,250,235" step="2"/><U87/><E132/><V116/><F133/><W80/><G103/><T52/><D52/><U102/><E102/><V84/><F116/><AGARI ba="0,1" hai="44,45,47,58,61,66,81,83,88,94,98,116,117,118" machi="116" ten="40,2600,0" yaku="1,1,54,1,53,0" doraHai="48" doraHaiUra="99" who="0" fromWho="2" sc="235,36,270,0,250,-26,235,0" /><INIT seed="6,0,0,5,2,3" ten="271,270,224,235" oya="2" hai0="84,61,53,120,118,41,113,99,20,111,127,109,91" hai1="40,17,132,76,45,7,54,114,35,133,80,22,126" hai2="11,129,15,122,0,31,97,55,13,60,9,89,70" hai3="110,26,63,10,135,25,66,128,74,33,50,28,119"/><V1/><F122/><W62/><G74/><T39/><D120/><U94/><E35/><V23/><F129/><W83/><G119/><T103/><D118/><U72/><E126/><V59/><F70/><W51/><G110/><T88/><D127/><U38/><E114/><V79/><F79/><W93/><G128/><T75/><D75/><U92/><E54/><V56/><F31/><W67/><G135/><N who="1" m="51786" /><E7/><V65/><F23/><W21/><G93/><T24/><D113/><U117/><E117/><V86/><F97/><W64/><G83/><T14/><D14/><AGARI ba="0,0" hai="14,17,22,38,40,45,72,76,80,92,94" m="51786" machi="14" ten="30,1000,0" yaku="20,1" doraHai="3" who="1" fromWho="0" sc="271,-10,270,10,224,0,235,0" /><INIT seed="7,0,0,3,5,80" ten="261,280,224,235" oya="3" hai0="129,99,42,97,18,50,88,37,128,41,21,116,85" hai1="16,53,112,46,48,95,11,82,70,91,87,13,101" hai2="120,33,81,6,5,125,105,79,28,26,63,34,8" hai3="36,127,56,113,114,59,73,58,119,10,117,102,27"/><W23/><G36/><T75/><D75/><U69/><E112/><N who="3" m="43114" /><G73/><T104/><D37/><U7/><E7/><V35/><F105/><W67/><G102/><N who="0" m="62543" /><D99/><AGARI ba="0,0" hai="11,13,16,46,48,53,69,70,82,87,91,95,99,101" machi="99" ten="40,8000,1" yaku="25,2,52,1,54,1" doraHai="80" who="1" fromWho="0" sc="261,-80,280,80,224,0,235,0" owari="181,-32.0,360,46.0,224,-18.0,235,4.0" /></mjloggm>