<mjloggm ver="2.3"><GO type="97" lobby="0"/><UN n0="%E3%82%A6%E3%83%AB%E3%83%88%E3%83%A9%E7%AB%8B%E7%9B%B4" n1="%E5%9C%9F%E7%94%B0%E6%B5%A9%E7%BF%94%E3%81%8F%E3%82%93" n2="%E5%AF%BA%E3%81%AE%E4%BA%95%E6%88%B8" n3="%74%65%72%6D%69%6E%61%74" dan="15,13,13,13" rate="1982.56,1804.64,1874.52,1818.99" sx="M,M,M,M"/><TAIKYOKU oya="0"/><INIT seed="0,0,0,5,3,117" ten="250,250,250,250" oya="0" hai0="67,63,86,115,74,131,69,18,64,100,6,123,68" hai1="122,57,92,130,112,5,12,9,47,52,91,132,88" hai2="37,124,3,42,66,17,113,107,53,84,96,111,85" hai3="119,61,2,49,34,11,134,59,50,83,27,35,32"/><T81/><D115/><U25/><E112/><V106/><F113/><W76/><G119/><T98/><D131/><U13/><E130/><V77/><F3/><W126/><G134/><T80/><D6/><U99/><E132/><V120/><F120/><W58/><G126/><T0/><D0/><U110/><E110/><V7/><F124/><W29/><G2/><T128/><D128/><U28/><E13/><V46/><F7/><W65/><G59/><T121/><D18/><U26/><E47/><V19/><F111/><W87/><REACH who="3" step="1"/><G11/><REACH who="3" ten="250,250,250,240" step="2"/><T70/><D70/><U105/><E122/><V36/><F36/><W108/><G108/><T90/><D68/><U60/><E105/><V16/><F107/><W114/><G114/><T31/><D67/><U55/><E91/><V62/><F66/><W54/><G54/><T4/><D4/><U78/><E78/><V102/><REACH who="2" step="1"/><F77/><REACH who="2" ten="250,250,240,240" step="2"/><W125/><G125/><T14/><D123/><U51/><REACH who="1" step="1"/><E28/><REACH who="1" ten="250,240,240,240" step="2"/><V45/><F45/><W24/><G24/><T101/><D31/><U82/><E82/><V103/><F103/><N who="0" m="39498" /><D81/><U97/><E97/><V21/><F21/><AGARI ba="0,3" hai="21,27,29,32,34,35,49,50,58,61,65,76,83,87" machi="21" ten="40,1300,0" yaku="1,1,53,0" doraHai="117" doraHaiUra="104" who="3" fromWho="2" sc="250,0,240,0,240,-13,240,43" /><INIT seed="1,0,0,1,1,120" ten="250,240,227,283" oya="1" hai0="99,46,4,58,54,22,79,84,2,117,34,100,134" hai1="15,67,113,115,72,6,32,3,108,76,37,98,26" hai2="70,19,33,51,25,91,125,68,27,97,111,102,129" hai3="12,73,45,105,81,69,107,123,0,135,38,52,74"/><U23/><E37/><V10/><F129/><W14/><G123/><T112/><D34/><U11/><E108/><V43/><F125/><W48/><G0/><T109/><D4/><U42/><E67/><V75/><F75/><W31/><G69/><T114/><D2/><U61/><E61/><V106/><F111/><W124/><G124/><T127/><D46/><U128/><E128/><V82/><F27/><W29/><G135/><T122/><D54/><U1/><E42/><V104/><F104/><W13/><G38/><T57/><D58/><U55/><E55/><V64/><F64/><W121/><G121/><T110/><D22/><U16/><E98/><V119/><F119/><W94/><G94/><N who="0" m="58487" /><D57/><U130/><E130/><V50/><F33/><W93/><G93/><T126/><D122/><U56/><E56/><V103/><F70/><W90/><G74/><T88/><D79/><U30/><E3/><V71/><F68/><W39/><G39/><T89/><D134/><U8/><E11/><V83/><F71/><W101/><G107/><T44/><D44/><U77/><E77/><V87/><F10/><W132/><G132/><T95/><D127/><U65/><E65/><V92/><F106/><W36/><G36/><T62/><D62/><U41/><E41/><V17/><F43/><W86/><REACH who="3" step="1"/><G73/><REACH who="3" ten="250,240,227,273" step="2"/><T7/><D126/><U40/><REACH who="1" step="1"/><E40/><REACH who="1" ten="250,230,227,273" step="2"/><V35/><F35/><W5/><G5/><T28/><D110/><U59/><E59/><V53/><F97/><AGARI ba="0,2" hai="12,13,14,29,31,45,48,52,81,86,90,97,101,105" machi="97" ten="40,2600,0" yaku="1,1,54,1,53,0" doraHai="120" doraHaiUra="131" who="3" fromWho="2" sc="250,0,230,0,227,-26,273,46" /><INIT seed="2,0,0,4,4,132" ten="250,230,201,319" oya="2" hai0="108,102,127,32,12,95,82,107,77,43,85,90,53" hai1="99,66,4,97,76,52,130,13,111,62,0,125,48" hai2="67,17,45,122,42,69,64,2,115,117,119,37,134" hai3="91,68,83,92,72,78,23,56,59,103,104,131,75"/><V54/><F2/><W123/><G68/><T24/><D43/><U30/><E0/><V36/><F17/><W126/><G123/><T16/><D53/><U15/><E111/><V6/><F6/><W5/><G5/><T96/><D108/><U120/><E120/><V112/><F122/><W118/><G118/><N who="2" m="45065" /><F134/><W41/><G41/><T93/><D127/><U22/><E76/><V14/><F14/><W9/><G9/><T8/><D32/><U65/><E125/><V70/><F54/><W51/><G51/><T47/><D47/><U7/><E7/><V29/><F29/><W129/><G72/><T58/><D58/><N who="3" m="22057" /><G23/><T34/><D34/><U61/><E15/><V124/><F124/><W88/><G126/><T86/><REACH who="0" step="1"/><D24/><REACH who="0" ten="240,230,201,319" step="2"/><U121/><E121/><V35/><F35/><W49/><G49/><T63/><D63/><U79/><E61/><N who="2" m="40079" /><F37/><W74/><G74/><T40/><D40/><U11/><E62/><AGARI ba="0,1" hai="36,42,45,62,67,70,112,115" m="40079,45065" machi="62" ten="30,5800,0" yaku="23,1,34,2" doraHai="132" who="2" fromWho="1" sc="240,0,230,-58,201,68,319,0" /><INIT seed="2,1,0,3,1,5" ten="240,172,269,319" oya="2" hai0="35,98,41,97,51,48,124,81,70,69,120,57,22" hai1="85,6,50,100,114,107,30,27,65,121,23,106,76" hai2="116,14,127,10,68,15,1,89,9,110,12,126,25" hai3="36,49,21,74,125,28,72,62,43,54,26,29,91"/><V58/><F116/><W131/><G125/><N who="2" m="47625" /><F68/><W34/><G131/><T20/><D124/><U39/><E39/><V133/><F133/><W47/><G62/><T102/><D35/><U46/><E114/><V71/><F71/><W86/><G29/><T90/><D120/><U37/><E37/><V109/><F1/><W108/><G34/><T112/><D112/><U18/><E100/><V87/><F58/><W104/><G104/><T92/><D69/><U101/><E65/><V53/><F53/><W117/><G117/><T59/><D70/><U83/><E121/><V94/><F25/><W8/><G8/><AGARI ba="1,0" hai="8,9,10,12,14,15,87,89,94,109,110" m="47625" machi="8" ten="40,12000,1" yaku="18,1,52,3" doraHai="5" who="2" fromWho="3" sc="240,0,172,0,269,123,319,-123" /><INIT seed="2,2,0,3,1,114" ten="240,172,392,196" oya="2" hai0="36,50,104,25,76,126,97,51,7,66,133,80,103" hai1="5,44,129,125,81,107,119,29,101,12,110,28,49" hai2="18,55,79,20,37,96,3,91,115,30,46,34,93" hai3="88,21,106,95,59,56,11,121,132,117,102,8,131"/><V9/><F34/><W86/><G121/><T73/><D36/><U122/><E122/><V47/><F30/><W43/><G132/><T124/><D7/><U123/><E123/><V92/><F115/><W98/><G131/><T70/><D133/><U120/><E120/><V33/><F33/><W16/><G43/><T53/><D51/><U6/><E129/><V72/><F72/><W99/><G117/><T71/><D25/><U84/><E110/><V118/><F79/><W13/><REACH who="3" step="1"/><G99/><REACH who="3" ten="240,172,392,186" step="2"/><T134/><D134/><U2/><E125/><N who="0" m="48233" /><D66/><U61/><E119/><V100/><F118/><W68/><G68/><T17/><D17/><U128/><E128/><V26/><F96/><W105/><G105/><T82/><D82/><U23/><E81/><V32/><F18/><W62/><G62/><T113/><D113/><U38/><E61/><V135/><F135/><W27/><G27/><T24/><D24/><U127/><E107/><V60/><F26/><W116/><G116/><T69/><D69/><U58/><E127/><V89/><F37/><W57/><AGARI ba="2,1" hai="8,11,13,16,21,56,57,59,86,88,95,98,102,106" machi="57" ten="30,8000,1" yaku="1,1,0,1,54,2,53,1" doraHai="114" doraHaiUra="14" who="3" fromWho="3" sc="240,-22,172,-22,392,-42,186,96" /><INIT seed="3,0,0,5,1,129" ten="218,150,350,282" oya="3" hai0="38,23,33,44,77,24,51,87,85,15,2,121,86" hai1="25,94,131,92,26,18,100,99,79,107,4,116,11" hai2="55,126,117,115,123,71,89,111,32,110,82,102,125" hai3="70,68,50,109,47,66,40,13,72,119,118,56,78"/><W3/><G3/><T42/><D121/><U10/><E116/><N who="3" m="44586" /><G13/><T108/><D108/><N who="2" m="41514" /><F117/><W1/><G109/><T34/><D2/><U133/><E79/><V95/><F71/><N who="3" m="27179" /><G1/><T120/><D120/><U130/><E133/><V43/><F123/><W54/><G78/><T80/><D38/><U57/><E57/><V49/><F43/><W60/><G72/><T45/><D45/><U104/><E18/><V76/><F115/><W28/><G28/><T81/><D81/><U53/><E53/><AGARI ba="0,0" hai="40,47,50,53,54,56,60,66" m="27179,44586" machi="53" ten="30,2900,0" yaku="34,2" doraHai="129" who="3" fromWho="1" sc="218,0,150,-29,350,0,282,29" /><INIT seed="3,1,0,4,5,88" ten="218,121,350,311" oya="3" hai0="42,29,50,78,20,74,46,34,133,41,63,64,103" hai1="71,65,102,106,93,44,123,16,130,113,43,23,125" hai2="7,27,51,108,37,14,62,17,89,104,105,115,69" hai3="32,110,82,95,77,87,85,28,120,86,45,8,67"/><W35/><G120/><T117/><D20/><U90/><E123/><V4/><F115/><W118/><G118/><T10/><D78/><U75/><E75/><V18/><F37/><W47/><G35/><T126/><D10/><U84/><E113/><V55/><F105/><W36/><G36/><T109/><D74/><U9/><E9/><N who="2" m="6351" /><F104/><W15/><G32/><T119/><D103/><U31/><E31/><V112/><F69/><W0/><G0/><T13/><D29/><U53/><E53/><V135/><F62/><W3/><G28/><T116/><D13/><U100/><E125/><V66/><F66/><W79/><G3/><T5/><D5/><U80/><E130/><V54/><F112/><W124/><G67/><T38/><D34/><U2/><E2/><V61/><F135/><W70/><G70/><T131/><D133/><U52/><E52/><V128/><F128/><W92/><G124/><T127/><D131/><U129/><E129/><V97/><F61/><W121/><G110/><T114/><D114/><U39/><E65/><V33/><F33/><W99/><G121/><T83/><D83/><U48/><E71/><V24/><F108/><W57/><G57/><T49/><D109/><U132/><E132/><V19/><F24/><W58/><G58/><T122/><D122/><U72/><E39/><V68/><F68/><W56/><G56/><N who="0" m="36967" /><D38/><U76/><REACH who="1" step="1"/><E106/><REACH who="1" ten="218,111,350,311" step="2"/><V98/><F55/><W91/><G47/><AGARI ba="1,1" hai="41,42,46,47,49,50,116,117,119,126,127" m="36967" machi="47" ten="40,2600,0" yaku="34,2" doraHai="88" who="0" fromWho="3" sc="218,39,111,0,350,0,311,-29" owari="257,-14.0,111,-39.0,350,45.0,282,8.0" /></mjloggm>