<mjloggm ver="2.3"><GO type="169" lobby="0"/><UN n0="%E6%93%AC%E4%BC%BC%E9%80%A3%E5%AE%9D%E7%87%88%E7%BE%8E" n1="%E3%82%A6%E3%83%AB%E3%83%88%E3%83%A9%E7%AB%8B%E7%9B%B4" n2="%E2%98%85%E9%9B%80%E9%AC%BC%E7%99%BE%E7%80%AC%E2%98%85" n3="%E5%A4%A9%E9%BC%93" dan="17,17,18,16" rate="2199.09,2117.20,2158.30,2059.11" sx="M,M,M,M"/><TAIKYOKU oya="0"/><INIT seed="0,0,0,0,4,20" ten="250,250,250,250" oya="0" hai0="13,30,78,126,87,94,85,48,103,29,60,112,24" hai1="101,33,17,114,127,8,105,0,37,104,6,97,83" hai2="52,1,91,99,7,131,55,132,70,89,39,111,46" hai3="84,124,116,98,18,72,53,108,14,118,49,59,125"/><T26/><D112/><U9/><E127/><N who="3" m="48714" /><G72/><T15/><D126/><U122/><E122/><V50/><F70/><W35/><G108/><T10/><D60/><U63/><E37/><V22/><F1/><W107/><G35/><T56/><D56/><U16/><E33/><V109/><F7/><W27/><G27/><N who="0" m="10283" /><D48/><U119/><E119/><V25/><F50/><W133/><G133/><T75/><D75/><U110/><E110/><V95/><F132/><W47/><G59/><T93/><D13/><U61/><E105/><V62/><F62/><W80/><G107/><T40/><D40/><U121/><E121/><V65/><F111/><W96/><G118/><T123/><D123/><U54/><E114/><V88/><F109/><W4/><G4/><N who="0" m="3527" /><D93/><U23/><E63/><V67/><F95/><W135/><G135/><T117/><D117/><U32/><E61/><V73/><F73/><W28/><G116/><T79/><D85/><U44/><E104/><V57/><F57/><W81/><G84/><T90/><D103/><U58/><E101/><V42/><F42/><W69/><G69/><T102/><D102/><U43/><E58/><V74/><F74/><W100/><G100/><T82/><D94/><U64/><E43/><V3/><F39/><W115/><G115/><T2/><D2/><U129/><E0/><V34/><F3/><W76/><G49/><T45/><D45/><U113/><E44/><V38/><F46/><W19/><G47/><T5/><D5/><U86/><E6/><V120/><F120/><W36/><G14/><T11/><D11/><U92/><E8/><RYUUKYOKU ba="0,0" sc="250,30,250,-10,250,-10,250,-10" hai0="29,30,78,79,82,87,90" /><INIT seed="0,1,0,2,5,134" ten="280,240,240,240" oya="0" hai0="132,70,60,11,107,54,24,30,7,89,90,17,124" hai1="74,116,123,127,42,25,125,108,22,31,3,88,28" hai2="32,76,10,118,14,41,39,94,49,78,62,45,101" hai3="27,114,83,75,56,20,130,111,65,66,121,50,110"/><T98/><D132/><U115/><E3/><V106/><F32/><W72/><G114/><T109/><D17/><U59/><E74/><V1/><F106/><W12/><G130/><T4/><D109/><N who="3" m="41481" /><G12/><T85/><D124/><N who="1" m="47691" /><E123/><V93/><F62/><W82/><G121/><T67/><D54/><U16/><E116/><V128/><F41/><W122/><G122/><T26/><D26/><U15/><E108/><V135/><F14/><W18/><G50/><T35/><D11/><N who="1" m="6271" /><E115/><V117/><F1/><W68/><G68/><T51/><D51/><U58/><E42/><V71/><F118/><W47/><G47/><T44/><D44/><U77/><E77/><V38/><F78/><N who="3" m="44359" /><G56/><N who="1" m="21546" /><E88/><N who="0" m="33897" /><D85/><U29/><AGARI ba="1,0" hai="22,25,28,29,31" m="21546,6271,47691" machi="29" ten="30,8000,1" yaku="18,1,52,3,54,1" doraHai="134" who="1" fromWho="1" sc="280,-41,240,83,240,-21,240,-21" /><INIT seed="1,0,0,3,3,13" ten="239,323,219,219" oya="1" hai0="105,86,102,23,19,78,130,18,14,32,58,41,67" hai1="80,71,128,112,85,106,87,120,9,7,123,61,95" hai2="74,59,16,62,52,93,30,49,4,50,51,24,34" hai3="69,90,3,22,12,134,98,79,10,17,76,66,124"/><U68/><E106/><V84/><F74/><W27/><G134/><T117/><D117/><U127/><E112/><V116/><F116/><W11/><G124/><T65/><D32/><U121/><E127/><V129/><F4/><W132/><G132/><T36/><D130/><U0/><E128/><V72/><F72/><W5/><G66/><T63/><D36/><U118/><E118/><V77/><F129/><W31/><G69/><T48/><D105/><U2/><E2/><V89/><F77/><W39/><G39/><T29/><D102/><U47/><E47/><V46/><REACH who="2" step="1"/><F16/><REACH who="2" ten="239,323,209,219" step="2"/><W107/><G90/><T45/><D18/><U83/><E7/><V92/><F92/><W55/><G79/><T125/><D125/><U100/><E95/><V60/><F60/><W133/><G76/><T1/><D1/><U8/><E61/><V33/><F33/><W126/><G126/><T37/><D29/><U57/><E0/><V28/><F28/><W88/><G133/><T119/><D119/><U53/><E121/><V40/><AGARI ba="0,1" hai="24,30,34,40,46,49,50,51,52,59,62,84,89,93" machi="40" ten="20,5200,0" yaku="1,1,0,1,7,1,54,1,53,0" doraHai="13" doraHaiUra="75" who="2" fromWho="2" sc="239,-13,323,-26,209,62,219,-13" /><INIT seed="2,0,0,2,4,107" ten="226,297,271,206" oya="2" hai0="78,35,130,44,86,90,82,83,9,132,55,70,28" hai1="68,97,79,4,3,22,77,59,88,11,48,46,133" hai2="108,39,57,41,115,126,72,91,117,51,31,69,56" hai3="98,49,64,96,127,121,125,75,67,134,29,81,25"/><V15/><F117/><W54/><G121/><T43/><D70/><U92/><E68/><V110/><F115/><W62/><G134/><T124/><D132/><U128/><E128/><V24/><F69/><W40/><G40/><T12/><D130/><U36/><E133/><V111/><F39/><W14/><G14/><T32/><D124/><N who="3" m="47689" /><G62/><T85/><D55/><U102/><E59/><N who="2" m="22603" /><F126/><W10/><G10/><T37/><REACH who="0" step="1"/><D28/><REACH who="0" ten="216,297,271,206" step="2"/><U66/><E66/><V73/><F31/><W50/><G67/><T63/><D63/><U53/><E36/><V131/><F131/><W16/><G64/><T114/><D114/><U87/><E22/><V123/><F123/><W122/><G29/><T13/><D13/><U7/><E7/><AGARI ba="0,1" hai="7,9,12,32,35,37,43,44,78,82,83,85,86,90" machi="7" ten="30,2000,0" yaku="1,1,7,1,53,0" doraHai="107" doraHaiUra="94" who="0" fromWho="1" sc="216,30,297,-20,271,0,206,0" /><INIT seed="3,0,0,0,1,16" ten="246,277,271,206" oya="3" hai0="4,30,125,109,116,105,84,32,45,131,102,31,27" hai1="68,104,132,127,24,114,98,52,10,51,42,43,19" hai2="113,7,26,77,69,11,39,18,119,107,129,48,87" hai3="101,83,23,71,78,3,13,55,17,75,89,36,88"/><W93/><G71/><T1/><D116/><U72/><E68/><V135/><F69/><W85/><G36/><T62/><D109/><U115/><E72/><V14/><F39/><W33/><G33/><T56/><D30/><U80/><E127/><V92/><F107/><W53/><G3/><T79/><D125/><U50/><E132/><V60/><F119/><W44/><G44/><T20/><D131/><U100/><E43/><V9/><F60/><W2/><G2/><T76/><D32/><U96/><E50/><V120/><F120/><W106/><G89/><T123/><D123/><U41/><E41/><V12/><F113/><W74/><REACH who="3" step="1"/><G75/><REACH who="3" ten="246,277,271,196" step="2"/><T63/><D45/><U134/><E115/><V58/><F135/><W47/><G47/><T112/><D112/><U57/><E114/><V29/><F129/><W21/><G21/><T111/><D20/><U117/><E134/><V46/><F46/><W49/><G49/><T61/><D1/><U90/><E42/><V28/><F48/><W95/><G95/><T91/><D91/><U103/><E117/><V86/><F92/><W67/><G67/><T0/><D0/><U133/><E133/><V22/><F58/><W5/><G5/><T99/><D4/><U108/><E90/><V94/><F94/><W8/><G8/><T65/><D56/><U124/><E10/><V128/><F128/><W35/><G35/><N who="0" m="20991" /><D65/><U6/><E6/><N who="2" m="3127" /><F77/><N who="0" m="29770" /><D111/><U97/><E108/><V40/><F40/><W126/><G126/><T70/><D70/><U118/><E124/><V15/><F7/><W130/><G130/><T66/><D66/><RYUUKYOKU ba="0,1" sc="246,15,277,-15,271,-15,196,15" hai0="61,62,63,84,99,102,105" hai3="13,17,23,53,55,74,78,83,85,88,93,101,106" /><INIT seed="3,1,1,1,3,84" ten="261,262,256,211" oya="3" hai0="19,62,71,2,1,87,60,41,16,100,40,120,130" hai1="98,49,18,78,109,21,50,3,99,32,31,63,17" hai2="47,26,97,108,30,110,104,23,57,15,53,4,115" hai3="112,119,80,65,38,0,10,48,96,68,92,116,45"/><W67/><G38/><T95/><D120/><U64/><E3/><V134/><F115/><W122/><G112/><T118/><D118/><U55/><E32/><V79/><F79/><W66/><G68/><T24/><D130/><U35/><E35/><V81/><F81/><W59/><G59/><T54/><D71/><U131/><E131/><V135/><F47/><W13/><G0/><T22/><D2/><U73/><E50/><V126/><F126/><W51/><G80/><T133/><D1/><U124/><E124/><V77/><F77/><W83/><G83/><T127/><D133/><N who="2" m="50698" /><F4/><W88/><G51/><T111/><D111/><U39/><E39/><V52/><F15/><W9/><G122/><T70/><D70/><U37/><E37/><V132/><F132/><W121/><G121/><T14/><D127/><U113/><E78/><V114/><F114/><W106/><G106/><T107/><D107/><U89/><E73/><V90/><F104/><W91/><G91/><N who="0" m="53759" /><D100/><U46/><E89/><V7/><F108/><W93/><G93/><T74/><D74/><U102/><E109/><V61/><F110/><W34/><G34/><T36/><D36/><U101/><E113/><V129/><F129/><W12/><G9/><N who="0" m="6223" /><D54/><U20/><E101/><V56/><F53/><W72/><G72/><T8/><D8/><U27/><E102/><V28/><F52/><N who="3" m="29711" /><G10/><T42/><AGARI ba="1,1" hai="19,22,24,40,41,42,60,62" m="6223,53759" machi="42" ten="30,4000,0" yaku="8,1,52,1,54,1" doraHai="84" who="0" fromWho="0" sc="261,53,262,-11,256,-11,211,-21" /><INIT seed="4,0,0,1,2,6" ten="314,251,245,190" oya="0" hai0="86,16,35,114,34,83,61,110,38,88,12,1,95" hai1="24,91,40,76,53,9,126,82,36,28,50,2,120" hai2="122,55,98,128,124,101,26,32,43,44,14,21,115" hai3="11,23,18,74,10,20,105,3,132,118,79,0,117"/><T125/><D1/><N who="3" m="585" /><G105/><T130/><D38/><U41/><E120/><V123/><F115/><W42/><G79/><T87/><D114/><U37/><E126/><V46/><F124/><W90/><G42/><T66/><D130/><U62/><E62/><V67/><F128/><W75/><G90/><T13/><D110/><U58/><E91/><V106/><F67/><W33/><G33/><T65/><D12/><U133/><E133/><V85/><F32/><W92/><G92/><T51/><D125/><U22/><E40/><V27/><F85/><W25/><G75/><T99/><D87/><U54/><E54/><V109/><F109/><W84/><G84/><T63/><D51/><U60/><E50/><V93/><F106/><W72/><G72/><T70/><D61/><U80/><E41/><V64/><F64/><W121/><G74/><T111/><D66/><U68/><E68/><V96/><F96/><W119/><G132/><T56/><D70/><U29/><E29/><V131/><F131/><W47/><G47/><N who="2" m="17961" /><F55/><W5/><G5/><T7/><D7/><N who="1" m="1271" /><E80/><V116/><F43/><W71/><G71/><T31/><D31/><U78/><E82/><V17/><F116/><W102/><G102/><T129/><D111/><U77/><E37/><V69/><F69/><W108/><G108/><T103/><D129/><U134/><E36/><V57/><F57/><W59/><G59/><T49/><D49/><U113/><E134/><V127/><F127/><W73/><G73/><T15/><D65/><U8/><E113/><V52/><F52/><W100/><G119/><T39/><D39/><RYUUKYOKU ba="0,0" sc="314,-15,251,15,245,15,190,-15" hai1="8,22,24,28,53,58,60,76,77,78" hai2="14,17,21,26,27,93,98,101,122,123" /><INIT seed="5,1,0,1,3,70" ten="299,266,260,175" oya="1" hai0="119,100,47,16,32,110,65,92,69,57,67,5,13" hai1="53,78,83,29,103,14,114,31,71,120,11,42,23" hai2="86,118,61,4,52,54,94,128,106,9,109,20,72" hai3="116,104,122,40,74,33,76,43,30,63,117,66,135"/><U112/><E71/><V84/><F72/><W81/><G122/><T24/><D110/><U101/><E120/><V7/><F106/><W124/><G104/><T6/><D69/><U133/><E42/><V68/><F118/><N who="3" m="45675" /><G124/><T113/><D119/><U95/><E53/><V90/><F128/><W26/><G135/><T87/><D113/><N who="1" m="43627" /><E133/><V107/><F107/><W50/><G50/><T105/><D105/><U89/><E89/><V59/><F68/><AGARI ba="1,0" hai="26,30,33,40,43,63,66,68,74,76,81" m="45675" machi="68" ten="30,1000,0" yaku="12,1" doraHai="70" who="3" fromWho="2" sc="299,0,266,0,260,-13,175,13" /><INIT seed="6,0,0,5,3,103" ten="299,266,247,188" oya="2" hai0="10,40,36,55,25,35,119,82,39,93,3,51,107" hai1="117,18,88,9,56,121,118,125,50,31,101,73,85" hai2="68,45,53,108,114,116,12,7,81,94,127,21,105" hai3="15,2,89,32,113,84,75,38,132,129,124,6,134"/><V28/><F68/><W92/><G2/><T131/><D107/><U19/><E73/><V104/><F116/><W86/><G75/><T46/><D119/><U59/><E101/><V97/><F114/><W62/><G38/><T44/><D131/><U126/><E31/><V23/><F127/><N who="1" m="48649" /><E121/><V130/><F130/><W91/><G129/><T69/><D69/><U52/><E59/><V41/><F53/><W98/><G32/><T20/><D35/><U102/><E102/><V115/><F115/><W22/><G124/><T123/><D123/><U49/><E49/><V48/><F23/><W106/><G113/><T78/><D93/><N who="1" m="54415" /><E19/><V30/><F30/><W34/><G34/><T74/><D36/><U5/><E18/><V47/><F28/><W83/><G106/><T14/><D39/><U43/><E43/><V24/><F41/><W33/><G33/><T26/><D40/><U96/><E96/><V110/><F104/><W17/><G6/><T109/><D44/><U90/><E90/><N who="2" m="55511" /><F45/><W63/><REACH who="3" step="1"/><G98/><REACH who="3" ten="299,266,247,178" step="2"/><T37/><D37/><U1/><AGARI ba="0,1" hai="1,5,9,50,52,56,117,118" m="54415,48649" machi="1" ten="30,4000,0" yaku="18,1,54,2" doraHai="103" who="1" fromWho="1" sc="299,-10,266,50,247,-20,178,-10" /><INIT seed="7,0,0,4,5,124" ten="289,316,227,168" oya="3" hai0="11,27,50,66,47,32,58,121,117,67,20,132,91" hai1="34,30,78,22,54,57,115,40,108,31,88,6,113" hai2="93,129,81,74,72,37,13,118,99,70,53,0,64" hai3="90,9,83,104,49,80,107,110,71,35,135,60,28"/><W128/><G135/><T62/><D32/><U39/><E78/><V17/><F0/><W36/><G36/><T1/><D117/><U45/><E6/><V116/><F37/><W69/><G110/><T61/><D121/><U112/><E34/><V52/><F70/><N who="3" m="26635" /><G60/><T15/><D1/><U26/><E88/><V102/><F64/><N who="0" m="24618" /><D58/><U119/><E119/><V5/><F74/><W109/><G109/><T133/><D91/><U84/><E84/><V106/><F116/><W97/><G28/><N who="0" m="17511" /><D133/><U85/><E85/><V111/><F118/><W41/><G35/><T7/><D132/><U87/><E87/><V33/><F33/><W79/><G9/><T98/><D98/><U95/><E95/><V29/><F111/><W51/><G79/><T2/><D2/><U123/><E123/><V24/><F17/><W18/><G18/><T122/><D122/><U68/><E68/><V82/><F53/><AGARI ba="0,0" hai="7,11,15,47,50,53,61,62" m="17511,24618" machi="53" ten="30,1000,0" yaku="8,1" doraHai="124" who="0" fromWho="2" sc="289,10,316,0,227,-10,168,0" owari="299,10.0,316,41.0,217,-18.0,168,-33.0" /></mjloggm>