<mjloggm ver="2.3"><GO type="41" lobby="0"/><UN n0="%E3%81%BD%E3%81%BA%E3%82%93%E3%81%B4%E3%82%93" n1="%54%48%45%43%41%52%53" n2="%E5%B0%B1%E6%B4%BB%E7%94%9F%40%E5%B7%9D%E6%9D%91%E8%BB%8D%E5%9B%A3" n3="%E6%B8%A9%E6%B3%89%E5%A4%AA%E9%83%8E" dan="14,15,13,13" rate="1953.57,2015.93,1908.04,1886.79" sx="M,M,M,M"/><TAIKYOKU oya="0"/><INIT seed="0,0,0,4,5,117" ten="250,250,250,250" oya="0" hai0="130,12,59,107,1,22,62,52,82,76,51,108,35" hai1="81,99,75,10,11,50,101,119,98,77,14,32,66" hai2="133,56,45,7,112,57,79,9,91,84,90,89,60" hai3="115,71,16,17,48,127,67,38,2,49,34,37,31"/><T128/><D1/><U21/><E32/><V69/><F112/><W30/><G2/><T25/><D107/><U33/><E33/><V0/><F133/><W94/><G34/><T126/><D35/><U88/><E119/><V40/><F69/><W39/><G94/><T97/><D12/><U23/><E66/><V86/><F79/><W70/><G67/><T68/><D126/><U6/><E98/><V65/><REACH who="2" step="1"/><F56/><REACH who="2" ten="250,250,240,250" step="2"/><W44/><G127/><T20/><D108/><U13/><E77/><V61/><F61/><W116/><G115/><T64/><D97/><U46/><E99/><V47/><F47/><W42/><G116/><T18/><REACH who="0" step="1"/><D22/><REACH who="0" ten="240,250,240,250" step="2"/><U5/><E23/><V73/><F73/><AGARI ba="0,2" hai="18,20,25,51,52,59,62,64,68,73,76,82,128,130" machi="73" ten="40,12000,1" yaku="1,1,2,1,54,1,53,1" doraHai="117" doraHaiUra="55" who="0" fromWho="2" sc="240,140,250,0,240,-120,250,0" /><INIT seed="0,1,0,4,1,41" ten="380,250,120,250" oya="0" hai0="8,49,113,134,87,51,34,128,42,58,18,20,105" hai1="130,43,4,79,67,26,124,11,81,12,97,0,108" hai2="96,99,63,71,38,50,60,65,23,102,89,73,35" hai3="75,125,15,66,25,37,33,82,126,44,88,93,16"/><T120/><D120/><U100/><E124/><N who="3" m="47722" /><G66/><T94/><D34/><U55/><E130/><V48/><F38/><W110/><G110/><T90/><D105/><U59/><E108/><V127/><F73/><W24/><G33/><T47/><D113/><U95/><E67/><V28/><F127/><W39/><G82/><T64/><D128/><U9/><E26/><N who="3" m="10346" /><G75/><T6/><D134/><U13/><E43/><V54/><F35/><W70/><G70/><T115/><D115/><U52/><E55/><V3/><F3/><W101/><G44/><T30/><D30/><U123/><E123/><V62/><F28/><W122/><G101/><T106/><D106/><U112/><E112/><V2/><F2/><W98/><G122/><T119/><D119/><U86/><REACH who="1" step="1"/><E11/><AGARI ba="1,0" hai="11,15,16,37,39,88,93,98" m="10346,47722" machi="11" ten="30,3900,0" yaku="18,1,54,2" doraHai="41" who="3" fromWho="1" sc="380,0,250,-42,120,0,250,42" /><INIT seed="1,0,0,4,2,57" ten="380,208,120,292" oya="1" hai0="58,116,123,85,47,118,14,79,70,52,25,119,77" hai1="82,134,97,102,51,90,40,128,108,5,98,127,26" hai2="6,34,46,3,132,7,71,41,31,112,1,81,56" hai3="100,42,15,115,60,83,13,32,76,105,126,99,114"/><U95/><E127/><V92/><F71/><W107/><G126/><T22/><D70/><U84/><E128/><V17/><F112/><W91/><G32/><T59/><D123/><U104/><E5/><V2/><F132/><W78/><G42/><T45/><D14/><U73/><E26/><V125/><F125/><W88/><G83/><T9/><D9/><U64/><E40/><V30/><F34/><W0/><G99/><T72/><D72/><U11/><E11/><V103/><F81/><W37/><G100/><T29/><D59/><U54/><E73/><V96/><F56/><W75/><G75/><T101/><D101/><U110/><E64/><V24/><F17/><W23/><G23/><T86/><D86/><U130/><E54/><V135/><F135/><W67/><G67/><T18/><D29/><U121/><E51/><V43/><F43/><W68/><G68/><T38/><D38/><U27/><E27/><V74/><F74/><W62/><G0/><T89/><D79/><N who="1" m="46175" /><E134/><V120/><F120/><W113/><G115/><T12/><D77/><U93/><E121/><V4/><REACH who="2" step="1"/><F24/><REACH who="2" ten="380,208,110,292" step="2"/><W10/><G37/><AGARI ba="0,1" hai="1,2,3,4,6,7,30,31,37,41,46,92,96,103" machi="37" ten="50,3200,0" yaku="1,1,2,1,53,0" doraHai="57" doraHaiUra="129" who="2" fromWho="3" sc="380,0,208,0,110,42,292,-32" /><INIT seed="2,0,0,3,3,64" ten="380,208,152,260" oya="2" hai0="17,128,38,127,28,91,9,97,96,21,81,62,22" hai1="110,50,93,52,14,107,131,134,112,23,71,92,109" hai2="94,30,121,77,66,101,124,0,82,12,46,44,130" hai3="80,126,2,3,84,114,119,78,129,1,120,33,7"/><V74/><F0/><W47/><G119/><T42/><D128/><U132/><E107/><V118/><F121/><W24/><G120/><T56/><D127/><U8/><E131/><V113/><F118/><W106/><G129/><T99/><D42/><U45/><E112/><V16/><F113/><W58/><G114/><T95/><D38/><U104/><E23/><V102/><F124/><W86/><G126/><T26/><D81/><U43/><E104/><V125/><F130/><W27/><G106/><T69/><D69/><U135/><E43/><V105/><F125/><W89/><G7/><T32/><D9/><U67/><E67/><V63/><F105/><W60/><G47/><T98/><D32/><U15/><E15/><V111/><F30/><W53/><REACH who="3" step="1"/><G33/><REACH who="3" ten="380,208,152,250" step="2"/><T37/><D37/><U70/><E93/><AGARI ba="0,1" hai="1,2,3,24,27,53,58,60,78,80,84,86,89,93" machi="93" ten="40,5200,0" yaku="1,1,2,1,53,1" doraHai="64" doraHaiUra="54" who="3" fromWho="1" sc="380,0,208,-52,152,0,250,62" /><INIT seed="3,0,0,3,4,127" ten="380,156,152,312" oya="3" hai0="51,53,124,101,7,86,100,17,65,72,106,110,57" hai1="23,8,119,97,125,107,34,37,33,82,109,128,18" hai2="81,67,66,61,1,38,41,22,69,25,36,89,76" hai3="29,62,2,129,46,73,40,111,108,35,19,16,112"/><W63/><G112/><T77/><D72/><U27/><E37/><V47/><F1/><W118/><G73/><T58/><D110/><N who="3" m="42025" /><G129/><T85/><D106/><U84/><E109/><V115/><F115/><W20/><G2/><T28/><D28/><U11/><E107/><V68/><F89/><W133/><G133/><T120/><D7/><U132/><E97/><V55/><F36/><N who="3" m="21767" /><G118/><T78/><D120/><U44/><E44/><V94/><F94/><W39/><G39/><T49/><D124/><U88/><E125/><V71/><F55/><W87/><G87/><N who="0" m="33291" /><D17/><N who="3" m="6729" /><G35/><T50/><D65/><U0/><E132/><V131/><F67/><W92/><G92/><T105/><D105/><U24/><E119/><V93/><F93/><W48/><G48/><T102/><D53/><U99/><E99/><V104/><F104/><W83/><G83/><T74/><D74/><U95/><E0/><V43/><F43/><W12/><G12/><T45/><D45/><U90/><E34/><V52/><F81/><W122/><G122/><T4/><D4/><U54/><E33/><V3/><F3/><W14/><G14/><T59/><AGARI ba="0,0" hai="49,50,51,57,58,59,77,78,100,101,102" m="33291" machi="59" ten="40,8000,1" yaku="29,2,28,2,8,1" doraHai="127" who="0" fromWho="0" sc="380,80,156,-20,152,-20,312,-40" /><INIT seed="4,0,0,0,3,73" ten="460,136,132,272" oya="0" hai0="66,71,118,110,28,43,90,29,15,10,92,123,56" hai1="112,75,44,8,64,132,53,65,115,80,67,11,14" hai2="41,62,1,102,79,130,96,54,85,87,133,69,36" hai3="106,45,39,2,52,40,3,24,88,125,7,107,126"/><T9/><D71/><U16/><E132/><V76/><F1/><W37/><G24/><T103/><D123/><U120/><E120/><V33/><F33/><W20/><G20/><T99/><D118/><U12/><E44/><V104/><F130/><W0/><G7/><T60/><D110/><U117/><E117/><V21/><F133/><W18/><G18/><T122/><D122/><U19/><E53/><V89/><F85/><W78/><G39/><T48/><D10/><N who="1" m="3627" /><E80/><V68/><F21/><W61/><G88/><T4/><D90/><U31/><E75/><V72/><F72/><W86/><G125/><T128/><D128/><U58/><E58/><V30/><F30/><W124/><G124/><T84/><D84/><U127/><E31/><V82/><F68/><W111/><G111/><T46/><AGARI ba="0,0" hai="4,9,15,28,29,43,46,48,56,60,66,92,99,103" machi="46" ten="30,3000,0" yaku="0,1,8,1" doraHai="73" who="0" fromWho="0" sc="460,30,136,-10,132,-10,272,-10" /><INIT seed="4,1,0,1,0,106" ten="490,126,122,262" oya="0" hai0="86,1,88,51,6,31,84,26,29,28,65,61,70" hai1="101,89,20,76,57,66,69,94,128,25,22,37,16" hai2="12,120,110,124,55,36,92,10,81,56,0,87,11" hai3="118,113,2,5,130,105,45,39,4,32,85,96,21"/><T75/><D75/><U3/><E37/><V38/><F120/><W54/><G113/><T91/><D51/><U77/><E3/><V34/><F34/><W79/><G118/><T74/><D74/><U103/><E69/><V104/><F104/><W80/><G32/><T71/><D71/><U43/><E43/><V121/><F121/><W131/><G21/><T129/><D129/><N who="3" m="49161" /><G2/><T73/><D73/><U13/><E128/><V64/><F64/><W126/><G126/><T30/><D6/><U114/><E114/><V82/><F124/><W42/><G54/><T78/><D1/><U8/><E22/><V133/><F133/><W122/><G122/><T127/><D127/><U107/><E107/><V52/><F110/><W18/><G18/><T35/><REACH who="0" step="1"/><D78/><REACH who="0" ten="480,126,122,262" step="2"/><U83/><E77/><V50/><F0/><W27/><G4/><T93/><D93/><U123/><E123/><V14/><F92/><W98/><G5/><T100/><D100/><U68/><E68/><V44/><F38/><W62/><G62/><T59/><D59/><U117/><E76/><V53/><F36/><W109/><G109/><T132/><D132/><U48/><E117/><V135/><F135/><W116/><G116/><T119/><D119/><U90/><E101/><V23/><F56/><W111/><G111/><T67/><D67/><U58/><E66/><V41/><F81/><W112/><G112/><T99/><D99/><N who="3" m="37929" /><G105/><T102/><D102/><U15/><E103/><V47/><F47/><W7/><G7/><T115/><D115/><U49/><E48/><V24/><F82/><W46/><G45/><RYUUKYOKU ba="1,1" sc="480,15,126,-15,122,-15,262,15" hai0="26,28,29,30,31,35,61,65,70,84,86,88,91" hai3="27,39,42,46,79,80,85" /><INIT seed="4,2,1,1,4,65" ten="495,111,107,277" oya="0" hai0="104,42,90,1,31,114,53,75,116,49,12,66,34" hai1="6,88,105,119,124,94,33,40,77,32,2,55,46" hai2="93,18,22,54,29,134,123,95,26,13,71,11,52" hai3="130,21,70,10,36,62,92,39,115,56,15,3,91"/><T50/><D1/><U63/><E105/><V61/><F123/><W35/><G130/><T72/><D104/><U85/><E119/><V80/><F134/><W74/><G74/><T60/><D116/><U121/><E121/><V73/><F73/><W107/><G35/><T58/><D114/><U131/><E131/><V25/><F80/><W24/><G107/><T83/><D31/><U108/><E108/><V45/><F26/><W16/><G70/><T117/><D34/><U84/><E124/><V69/><F54/><W27/><G3/><T100/><D100/><U68/><E2/><V23/><F23/><W127/><G27/><T96/><D117/><U9/><E9/><V5/><F93/><W120/><G115/><T110/><D110/><U78/><E6/><V135/><F135/><W37/><G37/><T125/><D125/><U17/><E17/><V79/><F79/><W126/><G126/><T82/><D12/><U112/><E112/><V14/><F95/><W133/><G120/><T87/><D96/><U38/><E55/><V51/><REACH who="2" step="1"/><F61/><REACH who="2" ten="495,111,97,277" step="2"/><W0/><G133/><T59/><D83/><U101/><E33/><V81/><F81/><W106/><G106/><T122/><D122/><U129/><E32/><V109/><F109/><W118/><G118/><T7/><D7/><U103/><E78/><V30/><F30/><W86/><G127/><T67/><D67/><U64/><E129/><V41/><F41/><W97/><G24/><T89/><D89/><U44/><E77/><V57/><F57/><W43/><G56/><T4/><D4/><U128/><E128/><RYUUKYOKU ba="2,2" sc="495,15,111,-15,97,15,277,-15" hai0="42,49,50,53,58,59,60,66,72,75,82,87,90" hai2="5,11,13,14,18,22,25,29,45,51,52,69,71" /><INIT seed="4,3,2,0,2,105" ten="510,96,112,262" oya="0" hai0="82,95,133,130,18,1,71,60,0,61,46,40,45" hai1="52,6,9,50,97,121,86,2,103,99,19,79,4" hai2="22,104,132,115,108,30,94,81,41,75,26,93,29" hai3="65,24,55,80,78,90,69,88,13,33,28,72,109"/><T12/><D133/><U63/><E63/><V126/><F104/><W127/><G109/><T98/><D130/><U58/><E121/><V35/><F132/><W62/><G127/><T36/><D45/><U11/><E19/><V110/><F115/><W42/><G42/><T114/><D114/><U107/><E99/><V101/><F126/><W25/><G55/><T7/><D82/><U44/><E86/><V27/><F41/><W10/><G25/><T37/><D37/><U124/><E124/><V14/><F14/><W112/><G112/><T119/><D119/><U129/><E129/><V74/><F81/><W134/><G134/><T39/><D39/><U83/><E83/><V66/><F66/><W70/><G70/><T5/><D71/><U91/><E91/><V96/><REACH who="2" step="1"/><F93/><REACH who="2" ten="510,96,102,262" step="2"/><W23/><REACH who="3" step="1"/><G33/><REACH who="3" ten="510,96,102,252" step="2"/><T21/><D0/><U49/><E79/><V131/><F131/><W77/><G77/><T31/><D1/><U120/><E120/><V125/><F125/><W113/><G113/><T48/><D36/><U89/><E2/><V38/><F38/><W47/><G47/><T16/><D40/><U85/><E44/><V20/><F20/><W84/><G84/><T54/><D21/><U51/><E11/><V73/><AGARI ba="3,4" hai="22,26,27,29,30,35,73,74,75,94,96,101,108,110" machi="73" ten="30,8000,1" yaku="1,1,0,1,52,3,53,0" doraHai="105" doraHaiUra="59" who="2" fromWho="2" sc="510,-43,96,-23,102,129,252,-23" /><INIT seed="5,0,0,5,3,83" ten="467,73,231,229" oya="1" hai0="65,124,105,30,45,52,28,80,98,23,62,39,7" hai1="48,72,119,75,115,27,44,122,22,81,55,61,74" hai2="135,107,113,93,36,59,20,17,1,10,110,14,5" hai3="111,57,97,60,63,131,6,117,9,12,134,73,49"/><U56/><E119/><V108/><F107/><W43/><G111/><T90/><D124/><U51/><E122/><V118/><F36/><W84/><G117/><T18/><D7/><U106/><E106/><V92/><F118/><W82/><G73/><T35/><D35/><U132/><E132/><V40/><F113/><W71/><G134/><T76/><D105/><U11/><E115/><V109/><F135/><W8/><G131/><T68/><D98/><U41/><E11/><V32/><F40/><W104/><G71/><T112/><D90/><U77/><REACH who="1" step="1"/><E51/><REACH who="1" ten="467,63,231,229" step="2"/><V3/><F3/><W114/><G114/><T25/><D112/><U54/><E54/><V21/><F32/><W26/><G9/><T15/><D39/><U125/><E125/><V99/><F21/><W116/><G116/><T66/><D66/><U126/><E126/><V94/><REACH who="2" step="1"/><F59/><REACH who="2" ten="467,63,221,229" step="2"/><W129/><G57/><T78/><D68/><U24/><E24/><V29/><F29/><AGARI ba="0,2" hai="22,27,29,41,44,48,55,56,61,72,74,75,77,81" machi="29" ten="30,2900,0" yaku="1,1,7,1,53,0" doraHai="83" doraHaiUra="101" who="1" fromWho="2" sc="467,0,63,49,221,-29,229,0" /><INIT seed="5,1,0,0,1,42" ten="467,112,192,229" oya="1" hai0="128,44,27,90,38,135,41,17,11,87,115,89,91" hai1="113,132,75,0,29,35,83,116,6,85,1,47,21" hai2="18,107,53,98,70,26,37,12,60,82,45,99,50" hai3="124,23,56,32,134,7,4,25,106,3,103,5,28"/><U14/><E116/><V67/><F26/><W57/><G124/><T43/><D115/><U31/><E75/><V81/><F37/><W97/><G134/><T100/><D100/><U119/><E119/><V110/><F110/><W93/><G3/><T123/><D128/><U24/><E132/><V95/><F107/><W126/><G126/><T76/><D135/><U79/><E113/><V2/><F2/><W49/><G32/><T114/><D114/><U48/><E31/><V64/><F64/><W34/><G34/><T122/><D43/><U74/><E74/><V133/><F133/><W33/><G33/><T112/><D76/><U51/><E51/><V120/><F120/><N who="0" m="46122" /><D112/><U19/><REACH who="1" step="1"/><E6/><REACH who="1" ten="467,102,192,229" step="2"/><V129/><F129/><W84/><G49/><T102/><D102/><U10/><E10/><V65/><F65/><W59/><G4/><T108/><D108/><U16/><E16/><V8/><REACH who="2" step="1"/><F99/><REACH who="2" ten="467,102,182,229" step="2"/><W80/><G106/><T40/><D17/><U15/><E15/><V96/><F96/><W46/><G5/><T131/><D131/><U20/><E20/><V30/><F30/><W62/><G7/><T101/><D11/><U61/><E61/><V39/><F39/><W111/><G62/><T92/><D27/><U125/><E125/><V55/><F55/><AGARI ba="1,2" hai="0,1,14,19,21,24,29,35,47,48,55,79,83,85" machi="55" ten="30,5800,0" yaku="1,1,7,1,52,1,53,0" doraHai="42" doraHaiUra="109" who="1" fromWho="2" sc="467,0,102,81,182,-61,229,0" /><INIT seed="5,2,0,3,1,108" ten="467,183,121,229" oya="1" hai0="66,97,19,10,28,23,12,133,20,90,98,89,35" hai1="52,72,93,50,17,57,55,132,5,4,113,115,29" hai2="80,54,106,77,119,53,82,33,46,44,32,129,117" hai3="1,69,51,36,125,61,121,96,70,38,86,112,123"/><U73/><E29/><V47/><F106/><W104/><G1/><T16/><D133/><U87/><E132/><V71/><F71/><W25/><G125/><T134/><D134/><U59/><E17/><N who="0" m="6729" /><D35/><U83/><E93/><V85/><F129/><W11/><G11/><T95/><D66/><U81/><E87/><V131/><F131/><W110/><G86/><T56/><D56/><U13/><E50/><V120/><F120/><W31/><G96/><N who="0" m="36971" /><D28/><U24/><E13/><V0/><F0/><W64/><G25/><AGARI ba="2,0" hai="4,5,24,25,52,55,57,59,72,73,81,83,113,115" machi="25" ten="25,12000,1" yaku="22,2,52,2,54,1" doraHai="108" who="1" fromWho="3" sc="467,0,183,126,121,0,229,-126" /><INIT seed="5,3,0,0,5,23" ten="467,309,121,103" oya="1" hai0="129,47,54,116,6,11,45,96,98,103,115,15,0" hai1="62,51,122,14,50,79,112,65,133,78,92,109,128" hai2="10,33,58,41,21,35,89,13,95,113,85,5,44" hai3="121,135,28,34,68,48,70,80,102,106,12,76,19"/><U37/><E37/><V99/><F113/><W134/><G121/><T30/><D116/><U39/><E39/><V82/><F58/><W22/><G102/><T110/><D110/><U32/><E32/><V130/><F21/><W97/><G48/><T86/><D129/><U61/><E122/><V60/><F60/><N who="1" m="23145" /><E65/><V7/><F7/><W91/><G106/><T4/><D30/><U114/><E128/><V88/><REACH who="2" step="1"/><F130/><REACH who="2" ten="467,309,111,103" step="2"/><W2/><G2/><T17/><D115/><N who="1" m="44075" /><E109/><V90/><F90/><W87/><G91/><T132/><D0/><U56/><E133/><N who="3" m="50698" /><G97/><T74/><D98/><U26/><E79/><V107/><F107/><W43/><G43/><T123/><D123/><U67/><E78/><V83/><F83/><W126/><G126/><T57/><D132/><U117/><E117/><V105/><F105/><W8/><G34/><T59/><D74/><U118/><E118/><V66/><F66/><W18/><G28/><T1/><D86/><U81/><E81/><V25/><F25/><AGARI ba="3,1" hai="8,12,18,19,22,25,68,70,76,80,87" m="50698" machi="25" ten="30,2000,0" yaku="20,1,52,1" doraHai="23" who="3" fromWho="2" sc="467,0,309,0,111,-29,103,39" /><INIT seed="6,0,0,1,3,18" ten="467,309,82,142" oya="2" hai0="76,87,82,78,123,28,117,77,46,26,65,15,132" hai1="135,114,19,2,1,72,109,81,70,124,118,113,30" hai2="121,111,22,35,115,10,13,84,63,131,66,86,17" hai3="103,39,97,55,20,24,3,128,25,96,105,21,41"/><V12/><F121/><W37/><G3/><T120/><D117/><U54/><E81/><V74/><F35/><W85/><G128/><T127/><D127/><U80/><E80/><V11/><F74/><W71/><G71/><T101/><D132/><U125/><E54/><V69/><F115/><N who="1" m="44041" /><E72/><V51/><F111/><W119/><G119/><T75/><D65/><U106/><E106/><V5/><F131/><W38/><G55/><T64/><D64/><U43/><E43/><V98/><F51/><W61/><G61/><T62/><D62/><U57/><E57/><V23/><F98/><W50/><G85/><T122/><D46/><U34/><E70/><V48/><F48/><W44/><REACH who="3" step="1"/><G97/><REACH who="3" ten="467,309,82,132" step="2"/><T93/><D75/><U0/><E118/><V7/><REACH who="2" step="1"/><F23/><AGARI ba="0,1" hai="20,21,23,24,25,37,38,39,41,44,50,96,103,105" machi="23" ten="40,8000,1" yaku="1,1,2,1,52,3,53,0" doraHai="18" doraHaiUra="104" who="3" fromWho="2" sc="467,0,309,0,82,-80,132,90" /><INIT seed="7,0,0,5,3,126" ten="467,309,2,222" oya="3" hai0="83,55,110,22,104,63,46,108,124,24,34,3,101" hai1="44,99,85,118,13,5,123,20,4,64,41,69,113" hai2="78,120,76,70,21,2,133,15,121,129,95,30,131" hai3="130,0,114,7,80,84,127,23,60,67,56,93,71"/><W35/><G127/><T100/><D3/><U122/><E69/><V9/><F70/><W134/><G35/><T115/><D34/><U62/><E118/><V66/><F66/><W16/><G114/><T59/><D83/><U19/><E122/><N who="2" m="47211" /><F95/><W72/><G134/><T89/><D115/><U135/><E123/><V132/><F78/><W18/><G71/><T1/><D1/><U11/><E113/><V32/><F76/><W102/><G72/><T94/><D124/><U53/><E135/><N who="2" m="51787" /><F32/><W57/><G130/><N who="2" m="49673" /><F2/><W112/><G112/><T39/><D104/><U54/><E64/><V98/><F98/><W42/><G67/><T31/><D110/><U47/><E99/><V92/><F92/><W28/><G93/><T48/><D108/><U79/><E62/><V45/><F45/><N who="1" m="17481" /><E41/><V81/><F81/><W10/><G42/><N who="0" m="24663" /><D39/><U74/><E74/><V107/><F107/><W75/><G102/><T116/><D116/><U61/><E61/><V65/><F65/><W87/><G75/><T40/><D40/><U25/><E85/><AGARI ba="0,0" hai="22,24,31,55,59,63,85,89,94,100,101" m="24663" machi="85" ten="30,1000,0" yaku="8,1" doraHai="126" who="0" fromWho="1" sc="467,10,309,-10,2,0,222,0" owari="477,58.0,299,10.0,2,-50.0,222,-18.0" /></mjloggm>