<mjloggm ver="2.3"><GO type="41" lobby="0"/><UN n0="%E3%82%A6%E3%83%AB%E3%83%88%E3%83%A9%E7%AB%8B%E7%9B%B4" n1="%E8%93%AE%E4%B9%9F" n2="%E7%9C%9F%E7%90%86%E5%AD%A6" n3="%73%75%6D%69%79%61" dan="15,15,15,14" rate="2007.95,1979.79,1996.94,1936.61" sx="M,M,M,M"/><TAIKYOKU oya="0"/><INIT seed="0,0,0,1,0,96" ten="250,250,250,250" oya="0" hai0="40,63,3,124,54,28,4,48,7,10,125,20,34" hai1="122,113,61,65,37,135,133,23,116,110,120,8,80" hai2="90,16,88,47,52,27,60,83,131,106,121,84,42" hai3="49,15,13,45,25,57,99,112,62,129,134,46,70"/><T87/><D40/><U2/><E80/><V43/><F121/><N who="1" m="46697" /><E23/><N who="2" m="13799" /><F106/><W67/><G112/><T127/><D63/><U77/><E77/><V115/><F115/><W126/><G134/><N who="1" m="51210" /><E8/><V66/><F66/><W29/><G129/><T73/><D73/><U103/><E2/><V128/><F90/><W55/><G126/><T101/><D34/><U95/><E113/><V51/><F60/><W0/><G0/><T17/><D28/><U21/><E21/><V123/><F123/><W58/><G70/><T118/><D87/><U9/><E9/><V35/><F35/><W107/><G13/><T11/><D118/><U24/><E24/><V12/><F12/><W71/><G15/><T109/><D20/><U130/><E116/><V64/><F64/><W114/><G114/><T6/><D17/><U18/><E18/><V22/><F22/><W36/><G36/><T98/><D109/><U44/><E110/><V132/><F132/><W14/><G14/><T69/><D69/><N who="1" m="42159" /><E130/><AGARI ba="0,0" hai="42,43,47,51,52,83,84,88,128,130,131" m="13799" machi="130" ten="30,7700,0" yaku="19,1,54,3" doraHai="96" who="2" fromWho="1" sc="250,0,250,-77,250,77,250,0" /><INIT seed="1,0,0,2,3,130" ten="250,173,327,250" oya="1" hai0="115,75,42,86,125,85,118,3,122,91,134,34,65" hai1="19,59,79,43,74,77,64,21,126,116,109,57,5" hai2="32,39,11,22,10,129,84,27,82,111,99,44,28" hai3="33,103,15,110,71,54,128,2,38,76,94,46,97"/><U112/><E116/><V92/><F129/><W50/><G110/><T1/><D65/><U40/><E112/><V89/><F111/><W98/><G2/><T108/><D42/><U49/><E109/><V114/><F114/><W107/><G71/><T93/><D91/><U88/><E126/><V51/><F39/><W60/><G76/><N who="1" m="29258" /><E74/><V102/><REACH who="2" step="1"/><F32/><REACH who="2" ten="250,173,317,250" step="2"/><W70/><G128/><T90/><D34/><U95/><E5/><V81/><F81/><W18/><G33/><T135/><D115/><U30/><E30/><V105/><F105/><W121/><G38/><T117/><D108/><U132/><E132/><N who="0" m="50729" /><D75/><U14/><E64/><V127/><F127/><W61/><G121/><T6/><D125/><U25/><E25/><V47/><F47/><W120/><G120/><T133/><D133/><U31/><E31/><V119/><F119/><N who="0" m="45578" /><D122/><U104/><E104/><V17/><F17/><W55/><G70/><T78/><D6/><U67/><E67/><V7/><F7/><W24/><G24/><T123/><D123/><U113/><E113/><V96/><F96/><W101/><G55/><AGARI ba="0,1" hai="10,11,22,27,28,44,51,55,82,84,89,92,99,102" machi="55" ten="30,3900,0" yaku="1,1,7,1,8,1,53,0" doraHai="130" doraHaiUra="63" who="2" fromWho="3" sc="250,0,173,0,317,49,250,-39" /><INIT seed="2,0,0,2,0,52" ten="250,173,366,211" oya="2" hai0="86,97,117,50,51,69,93,73,76,131,135,111,14" hai1="66,48,132,90,65,18,127,31,8,119,108,77,46" hai2="128,53,1,36,89,133,113,64,56,16,103,75,58" hai3="27,116,104,12,42,82,79,41,24,55,25,37,122"/><V102/><F75/><W85/><G122/><T19/><D69/><U78/><E119/><V0/><F36/><W9/><G116/><T107/><D111/><U130/><E108/><V13/><F113/><W126/><G104/><T74/><D74/><U80/><E132/><V110/><F110/><W62/><G126/><T21/><D131/><U7/><E130/><V83/><F128/><W15/><G12/><T101/><D135/><U105/><E105/><V45/><F45/><W96/><G96/><T94/><D94/><U98/><E127/><V91/><F133/><W2/><G2/><T71/><D71/><U47/><E31/><V129/><F129/><W11/><G11/><T29/><D29/><U28/><E28/><V63/><F1/><W70/><G70/><T109/><D109/><U38/><E38/><V87/><F89/><W100/><G100/><T114/><D114/><U32/><E32/><V115/><F0/><W30/><G30/><T112/><D112/><U3/><E18/><V68/><F68/><W99/><G99/><T44/><D44/><U84/><E46/><V4/><F4/><W67/><G67/><T88/><REACH who="0" step="1"/><D117/><REACH who="0" ten="240,173,366,211" step="2"/><U5/><E47/><V43/><F115/><W26/><G37/><T123/><D123/><U6/><E3/><V34/><F34/><W10/><G10/><T121/><D121/><U49/><E8/><N who="2" m="6183" /><F43/><W106/><G106/><T124/><D124/><U60/><E80/><AGARI ba="0,1" hai="14,19,21,50,51,73,76,80,86,88,93,97,101,107" machi="80" ten="40,8000,1" yaku="1,1,24,2,54,1,53,0" doraHai="52" doraHaiUra="33" who="0" fromWho="1" sc="240,90,173,-80,366,0,211,0" /><INIT seed="3,0,0,1,1,129" ten="330,93,366,211" oya="3" hai0="128,89,12,91,96,113,54,57,23,7,18,8,30" hai1="39,132,123,45,38,74,56,2,104,135,97,75,1" hai2="28,48,9,0,134,5,117,11,82,110,120,33,59" hai3="22,85,76,31,105,125,70,64,19,84,108,35,67"/><W111/><G125/><T121/><D128/><U95/><E56/><V92/><F117/><W25/><G105/><T90/><D121/><U94/><E45/><V119/><F119/><W42/><G42/><T21/><D113/><U116/><E116/><V99/><F120/><W55/><G55/><T80/><D30/><U37/><E123/><V102/><F110/><N who="3" m="42027" /><G70/><T14/><D23/><U98/><E39/><V71/><F71/><W44/><G44/><T68/><D68/><U109/><E109/><V46/><F59/><W50/><G50/><T58/><D58/><U77/><E77/><V118/><F48/><W29/><G31/><T36/><D36/><U65/><E65/><N who="3" m="25162" /><G76/><T43/><D43/><U52/><E52/><V112/><F28/><W114/><G114/><T72/><D54/><U32/><REACH who="1" step="1"/><E104/><REACH who="1" ten="330,83,366,211" step="2"/><V20/><F46/><W62/><G62/><T13/><D57/><U17/><E17/><V4/><F118/><W51/><G51/><T10/><D18/><U100/><E100/><V73/><F102/><W6/><G6/><T107/><D7/><U63/><E63/><V126/><F112/><W40/><G40/><T41/><D107/><U101/><E101/><V127/><F127/><W61/><G61/><T15/><D41/><U133/><E133/><V49/><F126/><W130/><G130/><T93/><D90/><U24/><E24/><AGARI ba="0,1" hai="19,22,24,25,29,35,84,85" m="25162,42027" machi="24" ten="30,2900,0" yaku="14,1,10,1" doraHai="129" who="3" fromWho="1" sc="330,0,83,-29,366,0,211,39" /><INIT seed="3,1,0,0,2,17" ten="330,54,366,250" oya="3" hai0="77,114,113,116,65,104,42,80,125,119,23,12,124" hai1="91,79,107,39,27,99,111,73,74,120,8,28,89" hai2="25,59,69,134,50,52,1,85,4,105,127,37,90" hai3="78,57,15,3,100,24,64,103,33,30,53,117,96"/><W98/><G117/><T14/><D65/><U110/><E39/><V43/><F105/><W20/><G3/><T13/><D42/><U83/><E8/><V35/><F69/><W123/><G123/><T132/><D104/><U94/><E120/><V58/><F127/><N who="0" m="48714" /><D80/><U47/><E47/><V66/><F134/><W81/><G64/><T75/><D75/><U86/><E27/><V84/><F1/><W45/><G45/><T32/><D77/><U68/><E28/><V118/><F118/><N who="0" m="45098" /><D32/><U87/><E68/><V44/><F35/><W109/><G109/><N who="1" m="41482" /><E107/><V135/><F135/><W22/><G15/><N who="0" m="5707" /><D132/><U48/><E48/><V62/><F66/><W10/><G100/><T93/><D93/><AGARI ba="1,0" hai="73,74,79,83,86,87,89,91,93,94,99" m="41482" machi="93" ten="30,3900,0" yaku="14,1,34,2" doraHai="17" who="1" fromWho="0" sc="330,-42,54,42,366,0,250,0" /><INIT seed="4,0,0,0,0,12" ten="288,96,366,250" oya="0" hai0="34,129,113,30,49,79,76,38,117,41,94,14,135" hai1="127,53,46,98,10,8,6,19,87,63,95,11,45" hai2="21,52,58,97,64,102,44,100,55,108,73,60,36" hai3="42,59,13,70,1,35,85,51,125,43,111,37,122"/><T4/><D117/><U88/><E127/><V112/><F73/><W2/><G35/><T106/><D106/><U15/><E6/><V68/><F108/><W123/><G111/><T92/><D38/><U74/><E74/><V93/><F112/><W16/><G70/><T81/><D34/><U3/><E3/><V103/><F68/><W80/><G37/><T18/><D30/><U132/><E132/><V0/><F0/><W72/><G72/><T104/><D104/><U99/><E45/><V50/><F36/><W20/><G125/><T121/><D121/><N who="3" m="46089" /><G42/><T47/><D129/><U67/><E67/><V33/><F33/><W61/><G51/><T27/><D135/><U77/><E77/><N who="0" m="29769" /><D81/><U107/><E107/><V114/><F114/><W110/><G43/><T115/><D115/><U133/><E133/><V130/><F130/><W119/><G119/><T29/><D29/><U65/><E65/><V90/><F21/><W89/><G110/><T105/><D105/><U17/><E15/><V118/><REACH who="2" step="1"/><F118/><REACH who="2" ten="288,96,356,250" step="2"/><W83/><G83/><T56/><D113/><U116/><E116/><V131/><F131/><W82/><G80/><T7/><D56/><N who="1" m="35215" /><E46/><V24/><F24/><W126/><G126/><T91/><D27/><U62/><E62/><V26/><F26/><W48/><G48/><T28/><D28/><U54/><E54/><AGARI ba="0,1" hai="44,50,52,54,55,58,60,64,90,93,97,100,102,103" machi="54" ten="40,5200,0" yaku="1,1,8,1,54,1,53,0" doraHai="12" doraHaiUra="120" who="2" fromWho="1" sc="288,0,96,-52,356,62,250,0" /><AGARI ba="0,0" hai="1,2,13,16,20,54,59,61,82,85,89" m="46089" machi="54" ten="30,3900,0" yaku="13,1,52,1,54,1" doraHai="12" who="3" fromWho="1" sc="288,0,44,-39,418,0,250,39" /><INIT seed="5,0,0,5,2,40" ten="288,5,418,289" oya="1" hai0="122,47,57,98,121,59,82,103,42,86,45,3,14" hai1="125,13,124,90,26,76,89,12,15,92,10,1,36" hai2="130,112,20,135,43,118,32,73,2,64,53,63,37" hai3="129,133,99,105,4,72,30,24,79,101,102,0,29"/><U116/><E36/><V11/><F73/><W38/><G133/><T27/><D3/><U117/><E76/><V110/><F110/><W106/><G30/><T31/><D14/><N who="1" m="3587" /><U75/><DORA hai="50" /><E75/><V96/><F32/><W67/><G129/><T21/><D59/><U56/><E1/><V132/><F118/><N who="1" m="45673" /><E92/><V93/><F130/><W61/><G102/><T51/><D57/><U52/><E26/><V97/><F20/><W127/><G127/><N who="1" m="48714" /><E10/><V134/><F93/><W35/><G106/><T126/><D126/><U109/><E109/><V65/><F11/><W19/><G79/><T34/><D34/><U131/><E131/><V5/><F2/><W87/><G72/><T18/><D31/><U62/><AGARI ba="0,0" hai="52,56,62,89,90" m="48714,45673,3587" machi="62" ten="40,7800,0" yaku="18,1,52,1,54,1" doraHai="40,50" who="1" fromWho="1" sc="288,-26,5,78,418,-26,289,-26" /><INIT seed="5,1,0,4,4,122" ten="262,83,392,263" oya="1" hai0="55,110,70,106,62,82,100,13,125,11,78,113,36" hai1="33,57,134,124,27,120,32,26,42,128,46,131,101" hai2="96,40,81,4,97,103,116,95,69,49,59,92,52" hai3="102,86,58,84,64,31,68,65,99,67,18,117,80"/><U43/><E120/><V56/><F69/><W75/><G68/><T53/><D36/><U79/><E79/><V127/><F116/><W85/><G75/><T21/><D100/><U118/><E118/><V111/><F111/><W30/><G117/><T89/><D106/><U77/><E77/><V123/><F123/><W28/><G18/><T10/><D89/><U91/><E101/><V60/><F127/><W1/><G1/><T16/><D110/><U45/><E124/><V51/><F81/><W109/><G109/><T112/><D125/><U44/><E57/><V2/><F2/><W61/><G80/><T94/><D94/><AGARI ba="1,0" hai="28,30,31,58,61,64,65,67,84,85,86,94,99,102" machi="94" ten="40,1300,0" yaku="8,1" doraHai="122" who="3" fromWho="0" sc="262,-16,83,0,392,0,263,16" /><INIT seed="6,0,0,2,3,1" ten="246,83,392,279" oya="2" hai0="6,108,14,38,112,40,124,58,18,100,130,66,46" hai1="113,77,98,131,47,43,50,119,20,111,65,63,9" hai2="8,10,79,106,53,115,51,93,132,116,82,39,3" hai3="74,7,102,87,0,11,59,114,88,101,28,55,45"/><V60/><F106/><W29/><G74/><T96/><D108/><U41/><E119/><V71/><F39/><W27/><G114/><T24/><D124/><U54/><E111/><V49/><F115/><W134/><G45/><T48/><D130/><U36/><E113/><V125/><F116/><W129/><G134/><T117/><D112/><U23/><E131/><V67/><F125/><W118/><G118/><T92/><D117/><U91/><E77/><V109/><F93/><W44/><G44/><T73/><D73/><U17/><E36/><V122/><F122/><W32/><G29/><T13/><D38/><U2/><E23/><V121/><F121/><W85/><G87/><T110/><D110/><U120/><E120/><V57/><F109/><W34/><G32/><T90/><D90/><U61/><E61/><V75/><F132/><W80/><REACH who="3" step="1"/><G129/><REACH who="3" ten="246,83,392,269" step="2"/><T99/><D99/><U89/><E98/><V16/><F75/><W105/><G105/><T21/><D58/><U123/><E41/><V133/><F57/><W4/><G4/><T83/><D83/><U70/><E43/><V135/><F82/><W64/><G64/><T5/><D66/><U84/><E123/><V107/><F133/><W25/><G25/><T31/><REACH who="0" step="1"/><D14/><REACH who="0" ten="236,83,392,269" step="2"/><U62/><E62/><AGARI ba="0,2" hai="0,7,11,27,28,34,55,59,62,80,85,88,101,102" machi="62" ten="30,7700,0" yaku="1,1,7,1,52,1,54,1,53,0" doraHai="1" doraHaiUra="42" who="3" fromWho="1" sc="236,0,83,-77,392,0,269,97" /><INIT seed="7,0,0,2,2,29" ten="236,6,392,366" oya="3" hai0="89,86,20,113,134,125,39,11,88,10,135,64,26" hai1="122,103,8,13,35,60,42,100,94,102,105,9,74" hai2="118,55,96,57,90,91,111,131,112,73,97,84,120" hai3="72,25,115,82,46,30,21,132,32,76,43,65,3"/><W117/><G3/><T128/><D39/><U0/><E42/><V119/><F111/><W126/><G117/><T121/><D121/><U98/><E74/><V31/><F31/><W38/><G115/><T101/><D101/><U40/><E40/><V85/><F73/><W69/><G21/><T61/><D125/><U50/><E122/><V49/><F120/><W22/><G22/><T63/><D128/><U51/><E105/><V116/><F112/><W104/><G132/><T106/><D20/><U93/><E60/><V28/><F28/><W110/><G110/><T123/><D123/><U77/><E77/><V17/><F131/><W15/><G15/><T34/><D86/><U99/><E0/><V33/><F33/><W79/><G76/><T114/><D64/><U58/><E58/><V53/><F17/><W37/><G37/><T80/><D80/><U12/><E35/><V19/><F19/><W109/><G109/><T75/><D75/><U68/><E68/><V14/><F14/><W127/><G104/><T78/><D78/><U87/><E87/><V47/><F47/><W129/><G129/><T48/><D48/><U41/><E41/><V4/><F4/><W92/><G92/><T107/><D26/><U1/><E1/><V71/><F71/><W7/><G7/><T66/><D66/><U6/><E103/><V108/><F108/><W18/><G18/><T36/><D36/><U62/><E62/><AGARI ba="0,0" hai="25,30,32,38,43,46,62,65,69,72,79,82,126,127" machi="62" ten="40,7700,0" yaku="23,2,52,1" doraHai="29" who="3" fromWho="1" sc="236,0,6,-77,392,0,366,77" owari="236,-16.0,-71,-57.0,392,19.0,443,54.0" /></mjloggm>