<mjloggm ver="2.3"><GO type="41" lobby="0"/><UN n0="%6A%69%61%6E%62%6F%75" n1="%E3%81%B2%E3%81%AA%E3%81%8B" n2="%E3%81%BD%E3%82%93%E3%81%BD%E3%81%93%E3%81%A1%E3%82%83%E3%82%93" n3="%E3%82%A6%E3%83%AB%E3%83%88%E3%83%A9%E7%AB%8B%E7%9B%B4" dan="14,14,14,15" rate="1833.54,1871.81,1926.09,1979.25" sx="M,M,M,M"/><TAIKYOKU oya="0"/><INIT seed="0,0,0,0,5,50" ten="250,250,250,250" oya="0" hai0="68,92,65,33,53,94,110,2,98,74,54,26,57" hai1="9,128,101,70,122,10,77,129,20,32,89,6,67" hai2="119,43,46,78,47,36,112,130,123,73,40,97,132" hai3="133,80,109,22,84,29,44,5,131,8,30,52,105"/><T51/><D2/><U28/><E122/><V4/><F123/><W79/><G105/><T114/><D74/><U125/><E125/><V15/><F112/><W103/><G109/><T66/><D114/><U69/><E32/><V93/><F119/><W85/><G131/><T124/><D68/><U55/><E89/><V42/><F130/><W27/><G103/><T17/><D124/><U81/><E101/><V45/><F78/><W95/><G133/><T117/><D117/><U11/><E67/><V111/><F73/><W25/><G95/><T63/><D110/><U91/><E91/><V126/><F126/><W72/><G27/><T13/><D33/><U127/><E127/><V102/><F132/><W7/><G30/><T64/><D26/><U83/><E83/><V48/><F111/><W3/><G7/><T19/><D19/><U39/><E39/><V96/><F96/><W38/><G84/><T115/><D115/><U75/><E6/><V56/><F4/><W113/><BYE who="0" /><G85/><T116/><D116/><U24/><E129/><V62/><F15/><W60/><G113/><T121/><D121/><U104/><E104/><UN n0="%6A%69%61%6E%62%6F%75" /><V99/><F99/><W41/><G60/><T107/><D107/><U71/><REACH who="1" step="1"/><E128/><REACH who="1" ten="250,240,250,250" step="2"/><V12/><F36/><W134/><G134/><T59/><REACH who="0" step="1"/><D98/><REACH who="0" ten="240,240,250,250" step="2"/><U118/><E118/><V135/><F135/><W100/><G72/><T82/><D82/><U0/><E0/><V37/><F37/><W49/><G80/><T31/><D31/><U120/><E120/><V14/><F97/><W23/><G29/><T34/><D34/><U88/><E88/><RYUUKYOKU ba="0,2" sc="240,15,240,15,250,-15,250,-15" hai0="13,17,51,53,54,57,59,63,64,65,66,92,94" hai1="9,10,11,20,24,28,55,69,70,71,75,77,81" /><INIT seed="0,1,2,0,0,57" ten="255,255,235,235" oya="0" hai0="109,23,98,18,5,104,117,62,78,40,35,111,26" hai1="70,86,22,3,91,83,1,61,48,41,118,37,53" hai2="103,125,119,92,108,14,45,110,29,68,120,65,43" hai3="115,121,34,133,128,74,30,66,0,76,4,102,97"/><T99/><D117/><U100/><E100/><V129/><F120/><W122/><G66/><T54/><D40/><U116/><E22/><V38/><F119/><W2/><G76/><T127/><D127/><U135/><E135/><V96/><F125/><W69/><G97/><T27/><D78/><U101/><E101/><V17/><F129/><W107/><G4/><T94/><D104/><U47/><E1/><V126/><F29/><W132/><G30/><T82/><D82/><U79/><E79/><V87/><F126/><W113/><G102/><T124/><D5/><U81/><E81/><V73/><F73/><W60/><G60/><T52/><D54/><U33/><E3/><V9/><REACH who="2" step="1"/><F87/><REACH who="2" ten="255,255,225,235" step="2"/><W39/><G132/><T7/><D124/><U25/><E118/><V21/><F21/><W59/><G133/><T58/><D35/><U36/><E116/><V49/><F49/><W12/><G34/><T19/><D7/><U11/><E37/><V72/><F72/><W32/><G39/><T55/><D99/><U77/><E33/><V114/><F114/><W42/><G32/><T134/><D134/><U64/><E11/><V80/><F80/><W106/><G74/><T93/><D98/><U8/><E8/><V20/><F20/><W56/><G122/><T15/><D27/><U112/><E25/><V67/><F67/><W130/><G121/><T84/><D84/><U85/><E85/><V63/><AGARI ba="1,3" hai="9,14,17,38,43,45,63,65,68,92,96,103,108,110" machi="63" ten="30,4000,0" yaku="1,1,0,1,52,1,53,0" doraHai="57" doraHaiUra="16" who="2" fromWho="2" sc="255,-21,255,-11,225,73,235,-11" /><INIT seed="1,0,0,1,0,32" ten="234,244,298,224" oya="1" hai0="76,42,100,124,55,40,103,16,24,110,107,74,3" hai1="125,50,18,49,60,96,127,39,26,31,86,111,113" hai2="0,77,47,57,119,61,130,27,63,46,101,126,118" hai3="30,64,122,135,12,38,19,109,34,90,14,8,95"/><U129/><E39/><V69/><F69/><W99/><G38/><T106/><D124/><U116/><E113/><V93/><F126/><W104/><G104/><T35/><D55/><U54/><E116/><V53/><F77/><W33/><G122/><T59/><D59/><U2/><E2/><V92/><F27/><W10/><G109/><T13/><D110/><U128/><E111/><V68/><F68/><W105/><G105/><T83/><D3/><U22/><E125/><V58/><F101/><W88/><G135/><T84/><D106/><U52/><E127/><V134/><F134/><W73/><G73/><T115/><D115/><U20/><E60/><V23/><F23/><W85/><G64/><T28/><D74/><U41/><E41/><V36/><F36/><W11/><G30/><T4/><D4/><U123/><E123/><V121/><F121/><W37/><G37/><T48/><D48/><U62/><E62/><V81/><F81/><W56/><G56/><T9/><REACH who="0" step="1"/><D107/><REACH who="0" ten="224,244,298,224" step="2"/><U91/><E50/><V94/><F0/><W21/><REACH who="3" step="1"/><G14/><REACH who="3" ten="224,244,298,214" step="2"/><T132/><D132/><U6/><E49/><V87/><F119/><W51/><G51/><T133/><D133/><U114/><E114/><V108/><F118/><W78/><G78/><T15/><D15/><U82/><E26/><V1/><F108/><W102/><G102/><AGARI ba="0,2" hai="9,13,16,24,28,35,40,42,76,83,84,100,102,103" machi="102" ten="40,2600,0" yaku="1,1,54,1,53,0" doraHai="32" doraHaiUra="66" who="0" fromWho="3" sc="224,46,244,0,298,0,214,-26" /><INIT seed="2,0,0,5,0,28" ten="270,244,298,188" oya="2" hai0="29,13,24,3,96,109,91,107,99,82,97,94,113" hai1="33,108,54,80,118,5,17,75,85,111,15,44,117" hai2="50,2,81,135,14,114,63,119,102,49,76,98,22" hai3="134,41,11,19,67,23,130,32,64,89,90,115,71"/><V56/><F114/><W52/><G115/><T30/><D3/><U68/><E68/><V53/><F2/><W78/><G134/><T83/><D113/><U127/><E75/><V8/><F119/><W121/><G130/><T40/><D107/><U124/><E5/><V73/><F135/><W125/><G125/><N who="1" m="48202" /><E44/><V123/><F22/><W132/><G132/><T87/><D109/><N who="1" m="42059" /><E54/><V103/><F123/><W0/><G78/><T37/><D37/><U6/><E6/><V57/><F98/><W69/><G41/><T106/><D40/><U129/><E129/><V58/><F58/><W70/><G121/><T122/><D122/><U128/><E128/><V9/><F9/><W72/><G72/><T112/><D112/><U25/><E85/><V104/><F104/><W86/><G11/><T101/><D13/><U120/><E80/><V7/><F49/><W100/><G0/><T93/><D30/><N who="1" m="19663" /><E120/><V110/><REACH who="2" step="1"/><F110/><REACH who="2" ten="270,244,288,188" step="2"/><W43/><G70/><T36/><D36/><U10/><AGARI ba="0,1" hai="10,15,17,117,118" m="19663,42059,48202" machi="10" ten="30,8000,1" yaku="18,1,14,1,34,2,52,1" doraHai="28" who="1" fromWho="1" sc="270,-20,244,90,288,-40,188,-20" /><INIT seed="3,0,0,5,1,73" ten="250,334,248,168" oya="3" hai0="29,43,65,56,14,108,118,82,66,11,35,26,84" hai1="55,90,135,16,7,53,94,64,77,67,27,50,89" hai2="63,85,49,125,59,62,127,33,19,69,72,134,44" hai3="6,117,15,24,97,61,60,12,107,128,121,39,25"/><W57/><G39/><T102/><D108/><U46/><E7/><V96/><F33/><W38/><G38/><T109/><D109/><U111/><E111/><V120/><F72/><W122/><G117/><T87/><D87/><U37/><E37/><V13/><F120/><W112/><G112/><T58/><D118/><U123/><E123/><V1/><F1/><W23/><G107/><T101/><D58/><U31/><E77/><V28/><F69/><W100/><G128/><T54/><D66/><U110/><E110/><V131/><F131/><W106/><G60/><T8/><D8/><U5/><E5/><V78/><F28/><W45/><G24/><T130/><D43/><U113/><E113/><V36/><F36/><W34/><G45/><T9/><D9/><U70/><E31/><V98/><F134/><W116/><G116/><T3/><D3/><U17/><E70/><V51/><F127/><W132/><G132/><T83/><D65/><U74/><E74/><V2/><F2/><W76/><G76/><T22/><D35/><U86/><E90/><V115/><F115/><W133/><G133/><T124/><D124/><U103/><E103/><V129/><F129/><W104/><G104/><T52/><D130/><U95/><E95/><V81/><F125/><W75/><G75/><T0/><D0/><U119/><E119/><V42/><F51/><W79/><G34/><T105/><D105/><U30/><E135/><V18/><F18/><N who="1" m="7273" /><E55/><V126/><F126/><W32/><G32/><T40/><D54/><U93/><E94/><V71/><F71/><W48/><G106/><RYUUKYOKU ba="0,0" sc="250,-10,334,30,248,-10,168,-10" hai1="27,30,46,50,53,64,67,86,89,93" /><INIT seed="4,1,0,2,4,9" ten="240,364,238,158" oya="0" hai0="94,12,26,18,68,2,17,107,16,55,50,109,45" hai1="32,122,25,101,73,86,60,0,33,103,20,19,110" hai2="70,47,52,53,49,64,51,75,98,87,83,22,93" hai3="81,67,46,111,24,63,11,1,82,115,74,4,89"/><T104/><D68/><U106/><E73/><V54/><F75/><W84/><G111/><T130/><D2/><U39/><E0/><V10/><F64/><W113/><G46/><T15/><D107/><U3/><E3/><V62/><F70/><W57/><G74/><T123/><D104/><U38/><E106/><V92/><F62/><W7/><G7/><T102/><D123/><U121/><E110/><V80/><F22/><W114/><REACH who="3" step="1"/><G24/><REACH who="3" ten="240,364,238,148" step="2"/><T21/><D109/><U90/><E122/><V88/><F47/><W95/><AGARI ba="1,1" hai="1,4,11,57,63,67,81,82,84,89,95,113,114,115" machi="95" ten="30,7900,0" yaku="1,1,2,1,0,1,15,1,53,0" doraHai="9" doraHaiUra="125" who="3" fromWho="3" sc="240,-40,364,-21,238,-21,148,92" /><INIT seed="5,0,0,4,4,100" ten="200,343,217,240" oya="1" hai0="15,35,69,109,124,16,70,106,60,44,99,42,10" hai1="0,86,22,123,120,67,80,127,54,119,76,113,105" hai2="41,77,74,14,13,4,45,91,88,20,121,50,75" hai3="34,48,47,56,114,90,55,30,53,85,49,95,27"/><U65/><E0/><V11/><F121/><W83/><REACH who="3" step="1"/><G114/><REACH who="3" ten="200,343,217,230" step="2"/><T93/><D109/><U3/><E113/><V133/><F133/><W130/><G130/><T37/><D124/><U25/><E127/><V29/><F75/><W32/><G32/><T39/><D35/><U2/><E123/><V82/><REACH who="2" step="1"/><F14/><REACH who="2" ten="200,343,207,230" step="2"/><W112/><G112/><T122/><D122/><U102/><E120/><V31/><F31/><W117/><G117/><T63/><D70/><U7/><E119/><V98/><F98/><W23/><G23/><T84/><D69/><U103/><E22/><V96/><F96/><W17/><G17/><T8/><D15/><U66/><E2/><V24/><AGARI ba="0,2" hai="4,11,13,20,24,29,41,45,50,74,77,82,88,91" machi="24" ten="30,4000,0" yaku="1,1,0,1,54,1,53,0" doraHai="100" doraHaiUra="134" who="2" fromWho="2" sc="200,-10,343,-20,207,60,230,-10" /><INIT seed="6,0,0,5,2,54" ten="190,323,267,220" oya="2" hai0="68,32,112,18,66,21,114,53,9,126,88,108,39" hai1="27,122,36,40,130,43,5,120,7,100,83,15,127" hai2="84,124,102,118,111,133,86,16,59,131,49,17,61" hai3="134,129,29,22,92,13,85,106,113,0,56,82,117"/><V79/><F118/><W30/><G106/><T90/><D108/><U123/><E130/><V26/><F124/><W37/><G0/><T42/><D32/><U70/><E70/><V45/><F131/><W11/><G37/><T107/><D107/><U77/><E127/><V105/><F111/><W96/><G117/><T35/><D35/><U135/><E135/><V115/><F105/><W14/><G134/><T132/><D132/><U63/><E63/><V62/><F102/><W25/><G30/><T3/><D126/><U51/><E100/><V52/><F115/><W47/><G47/><T69/><D39/><U12/><E27/><V78/><F133/><W10/><G113/><N who="0" m="43627" /><D42/><N who="1" m="15915" /><E51/><V94/><F62/><W58/><G129/><T28/><D28/><U80/><E36/><V65/><F26/><W89/><G13/><N who="1" m="5194" /><E77/><N who="2" m="29195" /><F94/><W6/><G11/><T19/><D66/><U2/><E2/><V38/><F38/><W34/><G34/><T95/><D3/><U97/><E97/><V73/><F73/><W109/><G109/><T71/><D9/><U76/><E76/><AGARI ba="0,0" hai="6,10,14,22,25,29,56,58,76,82,85,89,92,96" machi="76" ten="30,7700,0" yaku="7,1,8,1,52,2" doraHai="54" who="3" fromWho="1" sc="190,0,323,-77,267,0,220,77" /><INIT seed="7,0,0,5,3,45" ten="190,246,267,297" oya="3" hai0="90,59,122,127,47,16,31,71,117,114,19,78,92" hai1="28,58,9,85,52,40,131,70,108,74,34,73,57" hai2="37,106,110,97,83,18,86,7,39,116,129,55,23" hai3="79,3,80,64,0,48,62,5,72,61,133,113,88"/><W67/><G5/><T33/><D117/><U123/><E108/><V115/><F116/><W29/><G29/><T100/><D71/><U118/><E70/><V36/><F110/><W130/><G48/><T93/><D122/><U24/><E131/><V107/><F7/><W26/><G26/><T42/><D127/><U12/><E123/><V11/><F11/><W95/><G130/><T25/><D78/><U50/><E40/><V30/><F30/><W68/><G113/><T135/><D114/><U109/><E109/><V134/><F134/><W51/><G51/><T103/><D135/><U126/><E126/><V22/><F129/><W101/><G101/><T13/><D59/><U46/><E118/><V82/><F22/><W69/><G133/><T96/><D103/><U8/><E8/><V60/><F82/><W44/><G44/><T63/><D63/><U76/><E76/><V15/><F97/><AGARI ba="0,0" hai="0,3,61,62,64,67,68,69,72,79,80,88,95,97" machi="97" ten="30,5800,0" yaku="7,1,9,1,54,1" doraHai="45" who="3" fromWho="2" sc="190,0,246,0,267,-58,297,58" owari="190,-31.0,246,5.0,209,-19.0,355,45.0" /></mjloggm>