<mjloggm ver="2.3"><GO type="97" lobby="0"/><UN n0="%E3%81%B3%E3%82%8F%E3%82%B7%E3%83%A7%E3%83%9C" n1="%E3%82%B4%E3%82%AD%E3%83%96%E3%83%AA%E3%83%BC%E3%83%81" n2="%E4%B8%89%E8%A7%92" n3="%E3%82%A6%E3%83%AB%E3%83%88%E3%83%A9%E7%AB%8B%E7%9B%B4" dan="13,14,14,15" rate="1852.88,1915.74,1905.21,2032.35" sx="M,M,M,M"/><TAIKYOKU oya="0"/><INIT seed="0,0,0,3,1,5" ten="250,250,250,250" oya="0" hai0="18,83,6,65,73,35,8,21,47,15,107,113,0" hai1="120,125,87,58,97,95,1,26,123,88,60,57,124" hai2="54,46,44,27,64,92,16,37,52,33,29,80,118" hai3="135,96,119,41,128,51,17,127,42,121,84,20,38"/><T50/><D107/><U131/><E1/><V75/><F118/><W56/><G38/><T126/><D113/><U43/><E43/><V106/><F106/><W14/><G127/><N who="1" m="48714" /><E131/><V110/><F64/><W90/><G135/><T39/><D126/><U36/><E36/><V11/><F110/><W109/><G128/><T77/><D65/><U129/><E129/><V116/><F116/><W59/><G109/><T4/><D39/><U3/><E3/><V30/><F30/><W9/><G121/><N who="1" m="46666" /><E26/><V91/><F37/><W2/><G119/><T55/><D35/><U114/><E114/><V71/><F71/><W74/><G74/><T24/><REACH who="0" step="1"/><D0/><REACH who="0" ten="240,250,250,250" step="2"/><U94/><E60/><V93/><F75/><W82/><G2/><T133/><D133/><U32/><E32/><V100/><F33/><W40/><G51/><T122/><D122/><U48/><E48/><V89/><F44/><W108/><G108/><T70/><D70/><U69/><E69/><V63/><F46/><W28/><G59/><T103/><D103/><AGARI ba="0,1" hai="57,58,87,88,94,95,97,103" m="46666,48714" machi="103" ten="30,2000,0" yaku="18,1,54,1" doraHai="5" who="1" fromWho="0" sc="240,-20,250,30,250,0,250,0" /><INIT seed="1,0,0,5,3,123" ten="220,280,250,250" oya="1" hai0="53,58,0,105,124,119,112,102,62,122,130,68,23" hai1="3,51,89,13,86,25,18,24,76,81,19,60,94" hai2="55,114,49,10,45,82,132,93,35,72,50,79,133" hai3="84,47,57,83,127,1,87,56,106,107,71,121,4"/><U38/><E3/><V16/><F35/><W42/><G71/><T120/><D112/><U98/><E38/><V14/><F114/><W36/><G121/><N who="0" m="46699" /><D119/><U104/><E104/><V28/><F28/><W22/><G127/><T63/><D124/><U11/><E60/><V66/><F66/><W12/><G1/><T52/><D130/><U125/><E125/><V33/><F33/><W97/><G84/><T61/><D0/><U88/><E51/><V65/><F65/><W129/><G129/><T39/><D39/><U67/><E67/><V6/><F93/><W29/><G107/><T70/><D105/><U91/><E19/><V44/><REACH who="2" step="1"/><F6/><REACH who="2" ten="220,280,240,250" step="2"/><W2/><G29/><T15/><D102/><AGARI ba="0,1" hai="11,13,18,24,25,76,81,86,88,89,91,94,98,102" machi="102" ten="40,3900,0" yaku="8,1,54,1" doraHai="123" who="1" fromWho="0" sc="220,-39,280,49,240,0,250,0" /><INIT seed="1,1,0,0,0,123" ten="181,329,240,250" oya="1" hai0="90,37,16,18,46,69,127,100,24,30,113,28,97" hai1="26,27,13,116,12,25,130,87,103,47,20,40,111" hai2="101,83,98,57,91,56,2,112,29,84,135,75,66" hai3="105,82,109,129,58,3,65,72,96,86,52,132,122"/><U32/><E116/><V0/><F112/><W99/><G3/><T21/><D69/><U78/><E130/><V124/><F75/><W70/><G122/><T14/><D113/><U42/><E32/><V118/><F118/><W5/><G72/><T95/><D127/><U63/><E103/><V53/><F124/><W81/><G70/><T9/><D37/><U62/><E42/><V93/><F135/><W8/><G65/><T44/><D100/><U7/><E7/><V23/><F57/><W110/><G132/><T11/><REACH who="0" step="1"/><D28/><REACH who="0" ten="171,329,240,250" step="2"/><U104/><E104/><V55/><F2/><W114/><G105/><T4/><D4/><U6/><E6/><V125/><F0/><W88/><G114/><T48/><D48/><U120/><E120/><V31/><F29/><W60/><G129/><T117/><D117/><U17/><E13/><AGARI ba="1,1" hai="9,11,13,14,16,18,21,24,30,44,46,90,95,97" machi="13" ten="40,8000,1" yaku="1,1,9,1,8,1,54,1,53,0" doraHai="123" doraHaiUra="134" who="0" fromWho="1" sc="171,93,329,-83,240,0,250,0" /><INIT seed="2,0,0,0,2,124" ten="264,246,240,250" oya="2" hai0="70,135,20,74,65,110,114,122,27,107,81,105,60" hai1="40,101,42,37,112,49,35,76,16,80,90,51,19" hai2="130,9,48,111,2,4,3,85,118,106,119,115,61" hai3="67,38,21,116,93,123,43,99,45,109,57,12,46"/><V18/><F106/><W89/><G109/><T104/><D114/><U52/><E112/><V95/><F115/><W71/><G123/><T11/><D122/><U128/><E128/><V14/><F111/><W15/><G116/><T54/><D110/><U58/><E35/><V55/><F61/><W62/><G21/><T125/><D125/><U97/><E90/><V56/><F130/><W66/><G66/><T94/><D135/><U24/><E37/><V84/><F3/><W127/><G127/><T33/><D33/><U88/><E24/><V131/><F131/><W63/><G63/><T53/><D11/><U72/><E42/><V1/><F1/><W78/><G71/><T79/><REACH who="0" step="1"/><D94/><REACH who="0" ten="254,246,240,250" step="2"/><U30/><E30/><AGARI ba="0,1" hai="20,27,30,53,54,60,65,70,74,79,81,104,105,107" machi="30" ten="40,2600,0" yaku="1,1,2,1,53,0" doraHai="124" doraHaiUra="120" who="0" fromWho="1" sc="254,36,246,-26,240,0,250,0" /><INIT seed="3,0,0,4,5,41" ten="290,220,240,250" oya="3" hai0="30,119,130,120,56,133,37,104,10,97,93,88,100" hai1="13,69,117,90,65,71,109,26,51,83,92,127,95" hai2="128,101,46,50,4,3,61,5,7,113,8,43,129" hai3="31,124,68,12,64,70,91,98,0,84,118,49,79"/><W15/><G0/><T36/><D119/><U44/><E117/><V42/><F113/><W59/><G70/><T23/><D120/><U17/><E109/><V55/><F101/><W63/><G118/><T33/><D33/><U112/><E112/><V132/><F132/><W73/><G73/><T57/><D36/><U77/><E127/><V66/><F43/><W39/><G39/><T11/><D37/><U18/><E71/><V54/><F3/><W94/><G124/><T111/><D111/><U60/><E26/><V125/><F8/><N who="0" m="3114" /><D104/><U2/><E2/><V102/><F102/><W99/><G31/><T78/><D130/><N who="2" m="50282" /><F125/><W87/><G68/><AGARI ba="0,0" hai="4,5,7,42,46,50,54,55,61,66,68" m="50282" machi="68" ten="30,2000,0" yaku="19,1,52,1" doraHai="41" who="2" fromWho="3" sc="290,0,220,0,240,20,250,-20" /><INIT seed="4,0,0,5,2,58" ten="290,220,260,230" oya="0" hai0="57,10,67,112,122,15,102,20,59,115,22,18,0" hai1="31,37,121,72,38,1,33,75,8,48,64,45,86" hai2="26,13,46,47,71,114,130,95,110,98,63,80,41" hai3="116,123,29,36,69,90,88,19,78,32,127,51,131"/><T79/><D122/><U81/><E121/><V2/><F2/><W70/><G29/><T60/><D102/><U125/><E125/><V50/><F110/><W94/><G32/><T93/><D79/><N who="1" m="44263" /><E75/><V34/><F80/><W103/><G19/><T124/><D124/><U77/><E48/><V25/><F34/><W135/><G51/><T87/><D59/><U101/><E101/><V73/><F73/><W35/><G78/><T27/><D0/><U39/><E77/><V52/><F46/><W134/><G94/><T133/><D133/><N who="3" m="50697" /><G35/><T119/><D119/><U111/><E111/><V128/><F13/><W6/><G123/><T65/><D65/><U66/><E86/><V107/><F107/><W109/><G127/><T21/><REACH who="0" step="1"/><D27/><REACH who="0" ten="280,220,260,230" step="2"/><N who="1" m="18687" /><E66/><V11/><F25/><W74/><G103/><T44/><D44/><U7/><E64/><V120/><F26/><W42/><G109/><T3/><D3/><U62/><E62/><V76/><F63/><W99/><G74/><T9/><D9/><U106/><E45/><V118/><F47/><W49/><G49/><T96/><D96/><U126/><E126/><V100/><F50/><W117/><G99/><T113/><D113/><U24/><E24/><V17/><F114/><W84/><G69/><T55/><D55/><U40/><E40/><V53/><F53/><W132/><G70/><T83/><D83/><U16/><E16/><V30/><F17/><W4/><G132/><T108/><D108/><U92/><E92/><V68/><F95/><N who="3" m="54663" /><G42/><T12/><D12/><U54/><E54/><V5/><F41/><W82/><G82/><RYUUKYOKU ba="0,1" sc="280,15,220,15,260,-15,230,-15" hai0="10,15,18,20,21,22,57,60,67,87,93,112,115" hai1="1,7,8,37,38,39,106" /><INIT seed="4,1,1,5,4,22" ten="295,235,245,215" oya="0" hai0="40,75,123,58,126,43,110,29,62,27,48,86,95" hai1="0,91,107,61,19,117,128,65,92,129,133,72,46" hai2="108,77,131,15,76,135,83,52,51,39,102,119,49" hai3="38,9,23,66,63,8,130,113,121,73,5,80,115"/><T34/><D123/><U24/><E117/><V28/><F39/><W50/><G38/><T30/><D75/><U132/><E107/><V98/><F119/><W106/><G106/><T35/><D126/><U111/><E0/><V11/><F108/><W103/><G103/><T70/><D70/><N who="1" m="42287" /><E46/><V21/><F131/><N who="1" m="50249" /><E72/><V87/><F135/><W54/><G121/><T101/><D110/><U127/><E111/><V118/><F118/><W68/><G130/><T45/><D43/><U134/><E19/><V31/><F77/><W59/><G9/><T53/><D30/><U104/><E104/><V55/><F98/><W3/><G73/><T71/><D71/><U124/><E24/><N who="2" m="16399" /><F102/><W14/><G80/><T93/><D93/><U18/><E18/><N who="2" m="8575" /><F31/><W90/><G90/><T33/><REACH who="0" step="1"/><D86/><AGARI ba="1,1" hai="86,91,92,124,127,132,133,134" m="50249,42287" machi="86" ten="40,8000,1" yaku="30,2,20,1,19,1" doraHai="22" who="1" fromWho="0" sc="295,-83,235,93,245,0,215,0" owari="212,-29.0,328,42.0,245,5.0,215,-18.0" /></mjloggm>