<mjloggm ver="2.3"><GO type="97" lobby="0"/><UN n0="%6F%67%6E%75%73%39%39" n1="%E3%82%A6%E3%83%AB%E3%83%88%E3%83%A9%E7%AB%8B%E7%9B%B4" n2="%47%65%6E%74%6F%6F" n3="%E7%99%BD%E7%81%AB" dan="15,14,13,14" rate="2018.29,1930.39,1889.38,1918.49" sx="M,M,M,M"/><TAIKYOKU oya="0"/><INIT seed="0,0,0,3,1,17" ten="250,250,250,250" oya="0" hai0="122,63,82,91,9,104,116,61,54,59,125,46,12" hai1="111,69,117,47,88,10,52,81,100,133,108,62,58" hai2="99,49,33,11,74,97,114,106,45,130,32,119,0" hai3="135,132,31,103,14,128,8,40,77,56,43,66,71"/><T4/><D122/><U87/><E117/><V37/><F114/><W94/><G128/><T113/><D116/><U13/><E133/><N who="3" m="51274" /><G77/><T75/><D113/><U19/><E69/><V84/><F74/><W70/><G31/><T121/><D104/><U35/><E35/><V124/><F37/><W109/><G109/><T16/><D121/><U80/><E100/><V68/><F68/><N who="3" m="26155" /><G66/><T3/><D125/><U101/><E101/><V120/><F120/><W105/><G56/><T131/><D131/><U29/><E29/><V102/><F97/><N who="3" m="59831" /><G105/><T72/><D63/><U23/><E80/><V126/><F84/><W20/><G20/><T93/><D82/><U79/><E79/><V129/><F119/><W55/><G55/><T1/><D46/><U5/><REACH who="1" step="1"/><E47/><REACH who="1" ten="250,240,250,250" step="2"/><V30/><F130/><W42/><G42/><T92/><D1/><AGARI ba="0,1" hai="1,5,10,13,19,23,52,58,62,81,87,88,108,111" machi="1" ten="40,8000,1" yaku="1,1,2,1,52,1,54,2,53,0" doraHai="17" doraHaiUra="134" who="1" fromWho="0" sc="250,-80,240,90,250,0,250,0" /><INIT seed="1,0,0,5,0,17" ten="170,330,250,250" oya="1" hai0="38,105,118,109,134,127,46,71,37,11,12,20,132" hai1="30,26,113,74,108,3,1,48,88,124,44,90,22" hai2="93,65,9,16,5,64,115,79,84,62,35,39,47" hai3="63,55,57,21,100,82,6,54,29,8,72,7,135"/><U4/><E74/><V94/><F35/><W69/><G135/><N who="0" m="51755" /><D118/><U85/><E113/><V133/><F133/><W52/><G69/><T68/><D109/><U114/><E124/><V59/><F64/><W31/><G100/><T41/><D127/><U10/><E108/><V24/><F47/><W50/><G50/><N who="0" m="26959" /><D105/><U33/><E114/><V87/><F39/><N who="0" m="14858" /><D11/><U86/><E3/><V34/><F34/><W2/><G7/><T76/><D76/><U43/><E33/><V25/><F115/><W73/><G82/><T112/><D112/><U122/><E122/><V56/><F79/><W27/><REACH who="3" step="1"/><G31/><REACH who="3" ten="170,330,250,240" step="2"/><T19/><AGARI ba="0,1" hai="12,19,20,68,71" m="14858,26959,51755" machi="19" ten="40,2700,0" yaku="20,1,52,1" doraHai="17" who="0" fromWho="0" sc="170,37,330,-13,250,-7,240,-7" /><INIT seed="2,0,0,2,3,121" ten="207,317,243,233" oya="2" hai0="103,11,6,16,50,115,94,126,28,17,105,29,118" hai1="12,57,120,40,61,113,90,91,59,32,38,37,114" hai2="88,18,27,15,36,4,128,48,75,109,85,111,80" hai3="9,25,1,92,81,43,53,104,98,35,101,51,3"/><V131/><F36/><W87/><G43/><T33/><D115/><U42/><E32/><V119/><F119/><W62/><G62/><T56/><D118/><U54/><E12/><V45/><F75/><W122/><G104/><T135/><D105/><U123/><E61/><V89/><F27/><W22/><G9/><T71/><D71/><U5/><E54/><N who="2" m="29967" /><F4/><AGARI ba="0,0" hai="4,5,37,38,40,42,57,59,90,91,113,114,120,123" machi="4" ten="25,1600,0" yaku="22,2" doraHai="121" who="1" fromWho="2" sc="207,0,317,16,243,-16,233,0" /><INIT seed="3,0,0,3,4,87" ten="207,333,227,233" oya="3" hai0="92,129,72,112,111,130,51,64,45,56,131,76,84" hai1="21,70,0,74,18,95,88,96,17,13,114,52,117" hai2="35,28,24,80,10,119,4,14,3,77,27,31,41" hai3="99,78,30,91,8,69,97,29,115,128,44,107,55"/><W81/><G115/><T109/><D112/><U110/><E74/><V40/><F3/><W38/><G69/><T34/><D34/><U103/><E0/><V66/><F66/><W118/><G118/><T25/><D25/><N who="1" m="14511" /><E70/><V5/><F5/><W124/><G124/><T104/><D104/><U12/><E110/><N who="0" m="41993" /><D72/><U42/><E42/><V67/><F67/><W9/><G128/><N who="0" m="32771" /><T101/><DORA hai="127" /><D64/><U11/><E12/><V113/><F113/><W39/><G107/><T7/><D7/><U132/><E132/><V50/><F50/><W102/><G102/><T6/><D6/><U135/><E135/><V79/><F79/><W100/><G100/><T61/><D101/><U82/><E117/><V47/><F47/><W125/><G125/><T60/><D56/><U86/><E114/><V120/><F120/><W85/><G38/><T33/><D33/><U46/><E46/><V54/><F54/><AGARI ba="0,0" hai="11,13,18,52,54,82,86,88,95,96,103" m="14511" machi="54" ten="30,7700,0" yaku="8,1,52,1,54,2" doraHai="87,127" who="1" fromWho="2" sc="207,0,333,77,227,-77,233,0" owari="207,-19.0,410,51.0,150,-35.0,233,3.0" /></mjloggm>