<mjloggm ver="2.3"><GO type="97" lobby="0"/><UN n0="%72%69%76%65%72%6B" n1="%E5%B0%B1%E6%B4%BB%E7%94%9F%40%E5%B7%9D%E6%9D%91%E8%BB%8D%E5%9B%A3" n2="%59%61%69%74%6F%68" n3="%41%2E%4E%61%6B%61%6E%6F" dan="14,13,14,14" rate="1957.07,1857.97,1904.07,1907.52" sx="M,M,M,M"/><TAIKYOKU oya="0"/><INIT seed="0,0,0,2,1,40" ten="250,250,250,250" oya="0" hai0="23,31,95,51,3,112,58,127,86,71,16,134,135" hai1="96,129,116,118,83,22,42,10,52,37,64,124,73" hai2="74,109,100,8,78,18,14,20,101,126,89,4,62" hai3="108,33,53,0,80,130,87,12,57,84,114,36,98"/><T13/><D71/><U24/><E124/><V113/><F113/><W21/><G0/><T35/><D112/><U45/><E129/><V7/><F126/><W5/><G33/><T99/><D127/><U133/><E133/><N who="0" m="50697" /><D3/><U26/><E26/><V38/><F7/><W122/><G108/><T15/><D86/><U121/><E64/><V85/><F38/><W131/><G36/><T93/><D15/><U1/><E73/><V61/><F109/><W123/><G98/><T104/><D31/><U2/><E83/><N who="2" m="49343" /><F74/><W115/><G5/><T29/><D29/><U92/><E121/><N who="3" m="46090" /><G12/><T103/><D35/><U63/><E10/><V125/><F78/><N who="3" m="46103" /><G21/><T56/><D56/><N who="1" m="35207" /><E1/><V97/><F125/><W55/><G87/><T39/><D39/><U30/><E2/><V107/><F107/><W79/><G79/><T119/><D119/><U68/><E68/><V91/><F91/><W66/><G114/><T105/><D105/><U82/><E82/><V77/><F77/><W120/><G115/><T43/><D58/><U117/><E117/><V48/><F48/><W88/><G88/><T106/><D104/><U27/><E27/><N who="2" m="14743" /><F97/><W34/><G34/><T94/><D106/><U67/><E116/><V49/><F49/><W102/><G120/><T44/><AGARI ba="0,0" hai="13,16,23,43,44,51,93,94,95,99,103" m="50697" machi="44" ten="30,6000,0" yaku="20,1,52,1,54,1" doraHai="40" who="0" fromWho="0" sc="250,60,250,-20,250,-20,250,-20" /><INIT seed="0,1,0,3,0,5" ten="310,230,230,230" oya="0" hai0="24,4,41,102,43,93,49,134,100,120,116,25,90" hai1="87,30,107,8,23,38,9,28,112,7,106,70,55" hai2="61,84,73,12,64,80,63,95,71,62,15,31,110" hai3="66,3,36,1,127,105,39,37,14,59,131,34,57"/><T88/><D116/><U99/><E112/><V42/><F42/><W125/><G14/><T58/><D120/><U52/><E70/><V74/><F31/><W123/><G66/><T11/><D134/><U20/><E38/><V76/><F110/><W26/><G105/><T46/><D58/><N who="3" m="22025" /><G26/><T98/><D43/><U97/><REACH who="1" step="1"/><E7/><REACH who="1" ten="310,220,230,230" step="2"/><V113/><F113/><W124/><G123/><T67/><D67/><U78/><E78/><V50/><F71/><W83/><G83/><T65/><D65/><U135/><E135/><V111/><F64/><W48/><G48/><T91/><REACH who="0" step="1"/><D102/><REACH who="0" ten="300,220,230,230" step="2"/><U89/><E89/><V68/><F68/><W0/><G131/><T53/><D53/><U104/><E104/><V32/><F63/><W108/><G108/><T2/><AGARI ba="1,2" hai="2,4,11,24,25,41,46,49,88,90,91,93,98,100" machi="2" ten="30,11700,0" yaku="1,1,0,1,52,1,54,1,53,0" doraHai="5" doraHaiUra="13" who="0" fromWho="0" sc="300,140,220,-40,230,-40,230,-40" /><INIT seed="0,2,0,4,5,53" ten="440,180,190,190" oya="0" hai0="64,73,122,44,3,30,83,40,79,57,41,81,71" hai1="9,72,125,110,86,117,107,67,76,96,119,25,127" hai2="100,6,16,97,23,68,61,87,13,10,112,11,126" hai3="134,51,15,99,115,135,19,43,78,54,111,88,34"/><T116/><D116/><N who="1" m="44619" /><E67/><V39/><F112/><W7/><G115/><T94/><D122/><U62/><E62/><V85/><F39/><W90/><G34/><T14/><D71/><U95/><E25/><V93/><F126/><N who="1" m="48137" /><E9/><V37/><F37/><W104/><G78/><T74/><D30/><U0/><E0/><V33/><F33/><W102/><G43/><T80/><D14/><U56/><E56/><V55/><F11/><N who="3" m="6655" /><G7/><T20/><D3/><U8/><E8/><V52/><F68/><W98/><G98/><T113/><D20/><U42/><E42/><V91/><F61/><W120/><G111/><T18/><D57/><U108/><E107/><V1/><REACH who="2" step="1"/><F87/><REACH who="2" ten="440,180,180,190" step="2"/><W129/><G120/><T46/><D113/><U63/><E63/><V31/><F31/><W36/><G36/><T28/><D28/><U38/><E38/><V60/><F60/><W26/><G129/><T114/><D114/><U84/><E72/><V32/><F32/><W66/><G66/><T77/><D64/><U123/><E123/><V65/><F65/><W92/><G51/><T101/><D74/><U24/><E24/><V130/><F130/><W2/><G26/><T128/><D73/><U133/><E133/><N who="3" m="50698" /><G54/><T35/><D35/><U50/><E50/><V58/><F58/><W22/><G2/><T69/><D69/><U118/><E118/><V47/><F47/><W45/><G45/><T121/><D46/><U21/><E110/><V29/><F29/><W59/><G59/><T109/><D44/><U89/><E108/><V17/><F17/><W132/><N who="3" m="50706" /><W131/><DORA hai="5" /><G131/><RYUUKYOKU ba="2,1" sc="440,-10,180,-10,180,30,190,-10" hai2="1,6,10,13,16,23,52,55,85,91,93,97,100" /><INIT seed="1,3,1,4,3,134" ten="430,170,210,180" oya="1" hai0="83,2,130,49,39,117,40,98,51,127,10,116,30" hai1="88,70,29,57,126,90,110,109,11,78,52,31,54" hai2="6,16,44,22,111,81,124,79,74,77,84,114,25" hai3="118,12,71,69,63,37,5,131,86,129,103,107,123"/><U14/><E70/><V64/><F74/><W15/><G37/><T19/><D30/><N who="1" m="11275" /><E78/><V50/><F114/><W66/><G123/><T42/><D39/><U82/><E82/><V89/><F111/><N who="1" m="42505" /><E126/><V21/><F124/><W36/><G36/><T3/><D127/><U132/><E132/><V72/><F64/><W104/><G69/><T59/><D83/><U92/><E92/><V43/><F6/><W112/><G112/><T128/><D98/><U113/><E113/><V125/><F125/><W20/><G118/><T46/><D59/><U17/><E54/><V32/><F32/><W62/><G71/><T95/><D95/><U102/><E102/><V133/><F133/><W38/><G38/><T85/><D85/><U27/><E27/><N who="2" m="14759" /><F72/><W100/><G86/><T97/><D97/><U122/><E122/><V55/><F55/><W18/><G66/><T56/><D56/><U96/><E96/><V4/><F4/><W8/><G103/><T24/><D46/><U135/><E135/><V53/><F53/><W121/><G121/><T99/><D99/><U101/><E101/><V106/><F106/><N who="3" m="40491" /><G100/><T93/><D93/><U119/><E119/><V68/><F68/><W80/><G80/><T75/><D24/><U26/><E26/><V7/><F7/><W91/><G91/><T1/><D75/><U35/><E35/><V115/><F115/><W61/><G131/><N who="0" m="50219" /><D117/><U13/><E13/><V41/><F41/><N who="0" m="15978" /><D116/><U120/><E120/><V23/><F25/><N who="3" m="14487" /><G129/><T9/><D19/><U34/><E34/><V94/><F94/><W0/><G15/><T76/><D76/><AGARI ba="3,1" hai="22,23,43,44,50,76,77,79,81,84,89" m="14759" machi="76" ten="30,3900,0" yaku="6,1,8,1,54,1" doraHai="134" who="2" fromWho="0" sc="430,-48,170,0,210,58,180,0" /><INIT seed="2,0,0,3,1,5" ten="382,170,268,180" oya="2" hai0="49,67,34,15,65,60,87,13,30,7,37,131,25" hai1="95,11,126,128,90,96,2,120,82,35,53,84,119" hai2="123,18,9,28,85,52,110,122,44,80,114,86,105" hai3="20,12,57,103,109,116,8,129,64,70,31,89,104"/><V132/><F114/><W97/><G109/><T99/><D37/><U127/><E35/><V75/><F105/><W69/><G129/><T135/><D131/><U46/><E120/><V61/><F28/><W32/><G116/><T63/><D135/><U92/><E119/><V111/><F132/><W88/><G32/><T48/><D99/><U112/><E112/><V42/><F75/><W17/><G57/><T3/><D87/><U27/><E128/><V47/><F85/><W102/><G102/><T33/><D7/><N who="1" m="1527" /><E27/><V40/><F40/><W36/><G36/><T100/><D25/><U43/><E53/><V71/><F71/><W6/><G31/><T124/><D30/><U4/><E4/><V76/><F122/><W10/><G10/><T73/><D100/><U134/><E96/><V55/><F123/><W113/><G113/><T79/><D79/><U59/><E59/><N who="2" m="35047" /><F55/><W26/><REACH who="3" step="1"/><G64/><REACH who="3" ten="382,170,268,170" step="2"/><T94/><D73/><U117/><E117/><V125/><F110/><W50/><G50/><T130/><D130/><U54/><E134/><V0/><F111/><W115/><G115/><T1/><D124/><N who="1" m="47659" /><E54/><V78/><F125/><W58/><G58/><T118/><D118/><U21/><E21/><V77/><F0/><W106/><G106/><T68/><D68/><AGARI ba="0,1" hai="6,8,12,17,20,26,68,69,70,88,89,97,103,104" machi="68" ten="40,5200,0" yaku="1,1,52,1,54,1,53,0" doraHai="5" doraHaiUra="121" who="3" fromWho="0" sc="382,-52,170,0,268,0,170,62" /><INIT seed="3,0,0,0,4,123" ten="330,170,268,232" oya="3" hai0="64,62,72,33,31,86,107,125,27,56,133,7,42" hai1="113,124,20,104,111,127,75,100,102,69,79,8,59" hai2="94,101,26,47,18,61,40,25,76,28,51,3,92" hai3="58,103,52,121,128,84,129,95,39,19,82,10,50"/><W43/><G121/><T22/><D107/><U16/><E69/><V77/><F3/><W57/><G39/><T45/><D72/><U44/><E113/><V135/><F135/><W12/><G43/><T55/><D133/><U30/><E30/><V134/><F134/><W98/><REACH who="3" step="1"/><G57/><REACH who="3" ten="330,170,268,222" step="2"/><N who="0" m="36943" /><D125/><N who="1" m="48203" /><E59/><V65/><F28/><W83/><G83/><T112/><D112/><U11/><E44/><V109/><F47/><W74/><G74/><T48/><D33/><U99/><E102/><V91/><F101/><W15/><G15/><T131/><D131/><U24/><E11/><V118/><F40/><W130/><G130/><T114/><D114/><U36/><E8/><V89/><F118/><W96/><G96/><T71/><D71/><U38/><E38/><V70/><F70/><W60/><G60/><N who="0" m="35871" /><D7/><U66/><E36/><V21/><F61/><W34/><G34/><T6/><D6/><U67/><E67/><V49/><F65/><W126/><G126/><T116/><D116/><U80/><E66/><V110/><F21/><W13/><G13/><T35/><D35/><U90/><E90/><AGARI ba="0,1" hai="10,12,19,50,52,58,82,84,90,95,98,103,128,129" machi="90" ten="40,3900,0" yaku="1,1,54,1,53,0" doraHai="123" doraHaiUra="120" who="3" fromWho="1" sc="330,0,170,-39,268,0,222,49" /><INIT seed="3,1,0,2,3,70" ten="330,131,268,271" oya="3" hai0="2,81,110,43,61,121,1,69,54,71,117,120,73" hai1="19,82,59,8,31,102,26,105,127,113,64,52,89" hai2="114,14,75,94,57,85,68,9,25,132,95,103,45" hai3="51,17,76,36,16,53,131,83,126,49,40,72,122"/><W100/><G122/><T87/><D117/><U32/><E113/><V27/><F114/><W56/><G100/><T37/><D87/><U133/><E127/><V108/><F68/><N who="0" m="26186" /><D54/><U125/><E125/><V20/><F75/><W90/><G126/><T118/><D61/><U34/><E64/><V39/><F103/><W134/><G134/><T109/><D118/><U77/><E133/><V63/><F132/><W79/><G131/><T80/><D43/><U107/><E32/><V0/><F0/><N who="0" m="106" /><D37/><U116/><E116/><V119/><F119/><W98/><G79/><N who="0" m="44143" /><D81/><U6/><E19/><V5/><F85/><W10/><G10/><T99/><D99/><U24/><E24/><V4/><F25/><W21/><G51/><T55/><D55/><U106/><E89/><V28/><F5/><W65/><G65/><T91/><D91/><U38/><E102/><V78/><F78/><W123/><G123/><AGARI ba="1,0" hai="109,110,120,121,123" m="44143,106,26186" machi="123" ten="40,1300,0" yaku="23,1" doraHai="70" who="0" fromWho="3" sc="330,16,131,0,268,0,271,-16" owari="346,44.0,131,-37.0,268,7.0,255,-14.0" /></mjloggm>