<mjloggm ver="2.3"><GO type="41" lobby="0"/><UN n0="%54%4A%70%6C%75%73" n1="%E5%B0%B1%E6%B4%BB%E7%94%9F%40%E5%B7%9D%E6%9D%91%E8%BB%8D%E5%9B%A3" n2="%E3%81%B2%E3%81%A8%E3%81%B2%E3%82%89%EF%BC%A0%E5%B6%BA%E4%B8%8A" n3="%E3%83%84%E3%83%A2%E3%83%AA%E3%83%81%E3%82%B5%E3%83%88" dan="13,15,13,14" rate="1893.72,1992.34,1822.49,1901.62" sx="M,M,M,F"/><TAIKYOKU oya="0"/><INIT seed="0,0,0,4,0,122" ten="250,250,250,250" oya="0" hai0="64,85,74,33,67,51,53,101,72,84,2,87,50" hai1="62,135,73,3,82,63,61,55,88,92,37,97,28" hai2="132,90,123,58,24,116,70,27,119,12,89,96,98" hai3="10,124,66,134,30,94,32,78,71,34,4,22,111"/><T43/><D2/><U44/><E135/><V9/><F70/><W41/><G134/><T108/><D33/><U128/><E3/><V26/><F132/><W39/><G124/><T95/><D43/><U42/><E128/><V133/><F133/><W83/><G66/><T68/><D68/><U36/><E36/><V80/><F58/><W40/><G71/><T7/><D7/><U91/><E28/><V117/><F123/><W81/><G94/><T113/><D53/><U114/><E114/><V103/><F80/><W76/><G22/><T93/><D113/><U8/><E8/><V1/><F1/><W130/><G130/><T48/><D101/><U19/><E19/><N who="2" m="8591" /><F98/><W129/><G129/><T20/><D108/><U107/><E107/><AGARI ba="0,0" hai="24,26,27,89,90,96,103,107,116,117,119" m="8591" machi="107" ten="40,1300,0" yaku="12,1" doraHai="122" who="2" fromWho="1" sc="250,0,250,-13,250,13,250,0" /><INIT seed="1,0,0,3,1,120" ten="250,237,263,250" oya="1" hai0="103,55,88,36,18,16,128,85,48,68,53,104,109" hai1="86,37,127,15,6,52,111,30,33,71,26,79,38" hai2="84,21,43,131,54,106,1,125,121,123,12,41,100" hai3="13,2,97,132,99,44,110,11,17,35,63,92,135"/><U7/><E71/><V20/><F1/><W78/><G35/><T49/><D36/><U98/><E127/><V39/><F125/><W9/><G78/><T51/><D68/><U73/><E73/><V114/><F39/><W0/><G11/><T24/><D109/><U122/><E122/><V107/><F84/><W130/><G130/><T34/><D128/><U83/><E111/><V8/><F54/><W61/><G110/><T119/><D119/><U4/><E98/><N who="3" m="37386" /><G92/><T91/><D103/><U50/><REACH who="1" step="1"/><E15/><REACH who="1" ten="250,227,263,250" step="2"/><V14/><F131/><W133/><G13/><T32/><D104/><U94/><E94/><V25/><F107/><W58/><G2/><T80/><D91/><U19/><E19/><V69/><F69/><W46/><G17/><T90/><D90/><U28/><E28/><V62/><F106/><W27/><G0/><T115/><D115/><U75/><E75/><V108/><F114/><W60/><G135/><T23/><D18/><U81/><E81/><V67/><F108/><W45/><G133/><T82/><REACH who="0" step="1"/><D82/><REACH who="0" ten="240,227,263,250" step="2"/><U87/><E87/><V126/><F123/><W102/><G132/><T117/><D117/><U3/><E3/><V64/><F121/><W10/><G102/><T95/><D95/><U65/><E65/><V5/><F100/><W116/><G116/><T31/><D31/><U56/><AGARI ba="0,2" hai="4,6,7,26,30,33,37,38,50,52,56,79,83,86" machi="56" ten="30,6000,0" yaku="1,1,0,1,54,1,53,0" doraHai="120" doraHaiUra="129" who="1" fromWho="1" sc="240,-20,227,80,263,-20,250,-20" /><INIT seed="1,1,0,1,0,43" ten="220,307,243,230" oya="1" hai0="123,83,122,9,20,30,89,0,66,93,1,46,133" hai1="111,15,5,117,7,125,90,74,81,26,14,38,126" hai2="39,107,127,95,31,110,99,92,65,23,3,101,115" hai3="112,87,58,108,80,34,64,51,52,57,8,102,113"/><U86/><E38/><V67/><F39/><W60/><G34/><T36/><D133/><U94/><E117/><V22/><F3/><W85/><G108/><T12/><D66/><U21/><E111/><V106/><F110/><W68/><G102/><T40/><D83/><U120/><E120/><N who="0" m="46121" /><D30/><U28/><E74/><V25/><F127/><N who="1" m="48649" /><E81/><V100/><F115/><W119/><G119/><T16/><D20/><U114/><E114/><V29/><REACH who="2" step="1"/><F99/><AGARI ba="1,0" hai="0,1,9,12,16,36,40,46,89,93,99" m="46121" machi="99" ten="30,3900,0" yaku="13,1,52,1,54,1" doraHai="43" who="0" fromWho="2" sc="220,42,307,0,243,-42,230,0" /><INIT seed="2,0,0,5,2,79" ten="262,307,201,230" oya="2" hai0="81,115,107,35,135,59,134,70,100,111,55,63,17" hai1="18,50,12,75,89,46,121,45,77,7,118,2,51" hai2="113,132,131,94,11,122,102,110,21,92,84,130,86" hai3="82,5,56,88,49,3,13,20,133,68,4,48,16"/><V62/><F122/><W32/><G32/><T52/><D35/><U60/><E118/><V44/><F113/><W91/><G68/><T24/><D115/><U96/><E121/><V57/><F11/><W1/><G1/><T71/><D111/><U34/><E34/><V67/><F110/><W98/><G3/><T22/><D107/><U19/><E2/><V85/><F132/><N who="0" m="50730" /><D100/><U6/><E75/><V23/><F44/><W119/><G119/><T64/><D81/><U42/><E77/><V37/><F37/><W47/><G56/><T15/><D24/><U65/><E89/><V41/><F41/><N who="3" m="24687" /><G133/><T114/><D114/><U108/><E96/><V78/><F102/><W109/><G49/><T80/><D80/><U14/><E108/><V73/><F73/><W38/><G38/><T54/><AGARI ba="0,0" hai="15,17,22,52,54,55,59,63,64,70,71" m="50730" machi="54" ten="30,2000,0" yaku="20,1,54,1" doraHai="79" who="0" fromWho="0" sc="262,20,307,-5,201,-10,230,-5" /><INIT seed="3,0,0,2,5,94" ten="282,302,191,225" oya="3" hai0="86,19,79,118,8,46,48,119,100,20,114,112,73" hai1="67,18,101,106,93,15,11,123,75,84,21,32,3" hai2="61,37,58,7,133,88,78,62,69,91,45,131,121" hai3="92,47,122,102,98,12,51,59,49,96,39,22,129"/><W68/><G68/><T125/><D73/><U33/><E75/><V27/><F78/><W10/><G122/><T134/><D134/><U66/><E123/><V76/><F76/><W130/><G39/><T128/><D128/><N who="3" m="49257" /><G22/><T120/><D120/><U31/><E106/><V6/><F133/><W4/><G59/><T113/><D125/><U2/><E2/><V38/><F131/><W41/><G41/><N who="0" m="24655" /><D8/><U16/><E32/><V28/><F121/><W13/><G13/><N who="0" m="9327" /><D100/><U89/><E101/><V85/><F69/><W99/><G47/><T117/><D117/><U23/><E33/><V126/><F126/><W53/><G53/><T107/><D107/><U0/><E0/><V72/><F72/><W124/><G124/><T77/><D77/><U64/><E31/><V83/><F38/><W111/><G111/><T97/><D97/><AGARI ba="0,0" hai="4,10,12,49,51,92,96,97,98,99,102" m="49257" machi="97" ten="30,12000,1" yaku="19,1,52,4" doraHai="94" who="3" fromWho="0" sc="282,-120,302,0,191,0,225,120" /><INIT seed="3,1,0,5,2,55" ten="162,302,191,345" oya="3" hai0="95,32,57,78,110,3,5,38,26,20,49,113,69" hai1="126,65,67,74,30,135,124,75,2,52,23,73,41" hai2="123,62,59,109,115,7,12,105,81,47,131,48,50" hai3="117,92,127,43,13,31,33,39,118,80,36,122,102"/><W72/><G122/><T108/><D38/><U82/><E2/><V24/><F123/><W53/><G127/><N who="1" m="48682" /><E135/><V64/><F105/><W111/><G13/><T19/><D69/><U99/><E41/><V84/><F109/><W8/><G8/><T134/><D113/><U87/><E99/><V98/><F131/><W86/><G111/><T25/><D134/><U71/><E71/><V116/><F116/><W128/><G128/><T0/><D0/><U70/><E70/><V28/><F98/><W15/><G15/><T132/><D132/><U61/><E23/><N who="2" m="15391" /><F115/><W120/><G120/><T129/><D129/><U79/><E30/><V34/><F34/><W90/><G72/><T16/><D78/><U77/><E77/><N who="2" m="46127" /><F47/><W85/><G102/><T14/><D95/><U88/><E79/><V40/><F40/><W66/><G43/><T21/><D32/><U130/><E130/><V27/><F27/><W60/><G33/><T54/><REACH who="0" step="1"/><D3/><REACH who="0" ten="152,302,191,345" step="2"/><U9/><E75/><V37/><F37/><W119/><G39/><T76/><D76/><U91/><E74/><V6/><F6/><W121/><G36/><T45/><D45/><U104/><E73/><V58/><F58/><W68/><G121/><T35/><D35/><U97/><E104/><V106/><F106/><W114/><G114/><T10/><AGARI ba="1,1" hai="5,10,14,16,19,20,21,25,26,49,54,57,108,110" machi="10" ten="30,8000,1" yaku="1,1,0,1,9,1,52,1,54,1,53,0" doraHai="55" doraHaiUra="112" who="0" fromWho="0" sc="152,93,302,-21,191,-21,345,-41" /><INIT seed="4,0,0,5,2,120" ten="245,281,170,304" oya="0" hai0="64,96,48,10,72,113,52,19,109,32,97,92,7" hai1="50,118,93,12,115,45,56,75,47,127,76,88,66" hai2="110,33,69,28,57,85,124,100,6,80,101,22,9" hai3="89,117,105,35,43,131,53,60,71,36,62,42,39"/><T122/><D122/><U114/><E118/><V134/><F69/><W78/><G35/><T130/><D72/><U14/><E127/><V11/><F124/><W16/><G78/><T73/><D73/><U24/><E75/><V2/><F110/><W0/><G0/><T63/><D109/><U86/><E76/><V67/><F134/><W112/><G105/><T98/><D32/><U49/><E24/><V5/><F33/><W106/><G106/><T4/><D130/><U26/><E26/><V119/><F28/><W128/><G89/><T20/><D113/><N who="1" m="43019" /><E66/><V108/><F108/><W99/><G99/><T82/><D82/><U84/><E84/><V91/><F22/><W116/><G16/><T81/><D81/><U18/><E56/><V54/><F67/><N who="3" m="41447" /><G112/><T34/><D34/><U21/><E12/><V55/><F119/><N who="3" m="45643" /><G53/><T74/><D74/><U79/><E79/><V107/><F107/><W29/><G29/><T77/><D77/><U13/><E13/><V133/><F55/><W17/><G62/><T70/><D92/><U15/><E15/><V65/><F65/><W23/><G23/><T126/><D126/><U87/><E87/><V8/><F2/><W68/><G17/><T41/><D10/><U125/><E125/><V111/><F111/><W31/><G31/><T132/><D4/><U104/><E104/><V38/><F6/><W46/><G68/><T103/><D7/><U37/><E37/><V90/><F38/><W30/><G30/><T1/><D1/><U40/><E40/><V27/><F5/><W61/><G61/><T44/><D103/><RYUUKYOKU ba="0,0" sc="245,-15,281,15,170,-15,304,15" hai1="14,18,21,45,47,49,50,86,88,93" hai3="36,39,42,43,46,128,131" /><INIT seed="5,1,0,0,0,89" ten="230,296,155,319" oya="1" hai0="97,77,107,37,126,41,83,121,4,15,132,120,17" hai1="46,5,22,19,82,8,75,93,96,45,118,61,109" hai2="16,30,23,71,103,85,39,114,21,119,43,56,80" hai3="36,14,59,32,133,65,60,68,81,125,127,24,130"/><U131/><E118/><V72/><F71/><W122/><G122/><T1/><D132/><U104/><E104/><V117/><F72/><W0/><G0/><T13/><D126/><N who="3" m="48137" /><G36/><T74/><D15/><U33/><E33/><V134/><F134/><W66/><G130/><T31/><D31/><U113/><E113/><V123/><F123/><W11/><G81/><T3/><D3/><U99/><E109/><V18/><F30/><N who="3" m="19527" /><G68/><T105/><D17/><U73/><E131/><V86/><F103/><W95/><G95/><T6/><D6/><U29/><E29/><V124/><F124/><W47/><G47/><N who="0" m="23983" /><D13/><U76/><E73/><V88/><F39/><W101/><G101/><N who="0" m="62639" /><D107/><U52/><E99/><V25/><F80/><W38/><G38/><T87/><D87/><U58/><E5/><V57/><F25/><W54/><G133/><T42/><D42/><U94/><E8/><AGARI ba="1,0" hai="1,4,8,74,77,83,120,121" m="62639,23983" machi="8" ten="30,2000,0" yaku="25,1,23,1" doraHai="89" who="0" fromWho="1" sc="230,23,296,-23,155,0,319,0" /><INIT seed="6,0,0,0,5,96" ten="253,273,155,319" oya="2" hai0="62,103,48,53,85,81,70,71,110,51,84,125,88" hai1="55,50,118,91,92,86,132,0,97,7,25,57,29" hai2="46,68,101,93,133,34,24,120,130,114,54,60,28" hai3="90,105,111,104,6,27,107,119,3,5,30,52,56"/><V36/><F120/><W128/><G111/><T49/><D125/><U63/><E118/><V47/><F114/><W37/><G37/><T59/><D110/><U58/><E132/><V100/><F133/><W41/><G41/><T126/><D126/><U72/><E72/><V38/><F130/><W20/><G128/><T127/><D127/><U87/><E0/><V65/><F93/><W61/><G119/><T83/><REACH who="0" step="1"/><D103/><REACH who="0" ten="243,273,155,319" step="2"/><U4/><E86/><V73/><F73/><W35/><G3/><T10/><D10/><U135/><E87/><V94/><F38/><W11/><G11/><T8/><D8/><U44/><E135/><V102/><F36/><W79/><G6/><T19/><D19/><U117/><E117/><V2/><F2/><W23/><G5/><T131/><D131/><U16/><E16/><V122/><F122/><W21/><G30/><T66/><D66/><U95/><E95/><V116/><F116/><W22/><G107/><T13/><D13/><U32/><REACH who="1" step="1"/><E58/><REACH who="1" ten="243,263,155,319" step="2"/><V109/><F109/><W121/><G56/><T76/><AGARI ba="0,2" hai="48,49,51,53,59,62,70,71,76,81,83,84,85,88" machi="76" ten="30,4000,0" yaku="1,1,0,1,54,1,53,0" doraHai="96" doraHaiUra="115" who="0" fromWho="0" sc="243,60,263,-10,155,-20,319,-10" /><INIT seed="7,0,0,0,2,65" ten="303,253,135,309" oya="3" hai0="135,12,31,0,53,28,123,111,63,120,15,13,134" hai1="16,32,121,131,47,58,41,43,35,10,36,85,90" hai2="89,73,74,75,107,98,124,118,54,87,100,106,61" hai3="128,105,68,78,72,49,81,82,45,7,116,30,23"/><W64/><G116/><T21/><D0/><U130/><E121/><V133/><F54/><W52/><G105/><N who="2" m="39945" /><F61/><W6/><G82/><T117/><D117/><U71/><E71/><V102/><F118/><W2/><G2/><T101/><D101/><N who="2" m="39018" /><F133/><N who="0" m="50698" /><D111/><U114/><E114/><V34/><F34/><W119/><G128/><T95/><D95/><U3/><E43/><V132/><F132/><W83/><G83/><T11/><D11/><U67/><E131/><V24/><F24/><W115/><G115/><T94/><D94/><U127/><E127/><V70/><F124/><W109/><G109/><T5/><D5/><U29/><E29/><N who="0" m="11337" /><D21/><U20/><E130/><V77/><F70/><W80/><G80/><T1/><D1/><U60/><E10/><V51/><F51/><W26/><REACH who="3" step="1"/><G119/><REACH who="3" ten="303,253,135,299" step="2"/><T39/><D39/><U79/><E79/><V40/><F40/><W48/><G48/><T112/><D112/><U91/><E3/><V42/><F42/><W76/><G76/><T27/><D27/><U18/><E90/><V129/><F129/><W37/><G37/><T108/><D108/><U103/><E103/><V8/><F8/><W50/><G50/><T97/><D97/><U14/><E14/><V56/><F56/><AGARI ba="0,1" hai="12,13,15,53,56,63,120,123" m="11337,50698" machi="56" ten="40,1300,0" yaku="20,1" doraHai="65" who="0" fromWho="2" sc="303,23,253,0,135,-13,299,0" owari="326,43.0,253,-15.0,122,-38.0,299,10.0" /></mjloggm>