<mjloggm ver="2.3"><GO type="41" lobby="0"/><UN n0="%E8%B5%A4%E3%81%84%E6%80%AA%E7%8D%A3" n1="%E3%83%8F%E3%83%BC%E3%83%AC%E3%83%A0%E5%A4%A7%E5%9B%9E%E8%BB%A2" n2="%E5%85%83%E3%81%84%E3%81%A1%E3%81%94%E7%A4%BE%E5%93%A1" n3="%E5%B0%B1%E6%B4%BB%E7%94%9F%40%E5%B7%9D%E6%9D%91%E8%BB%8D%E5%9B%A3" dan="15,14,15,14" rate="1977.82,1993.52,1993.99,1965.43" sx="F,M,M,M"/><TAIKYOKU oya="0"/><INIT seed="0,0,0,5,1,62" ten="250,250,250,250" oya="0" hai0="61,118,77,90,98,6,26,131,23,130,105,58,106" hai1="113,103,36,51,132,123,99,18,13,127,25,124,85" hai2="31,83,121,101,82,76,55,35,63,115,120,79,47" hai3="15,97,74,24,116,37,133,129,33,95,49,66,53"/><T54/><D118/><U27/><E123/><V78/><F101/><W57/><G37/><T9/><D77/><U109/><E36/><V2/><F2/><W44/><G74/><T42/><D42/><U86/><E109/><V71/><F115/><W112/><G116/><T52/><D54/><U93/><E113/><V29/><F35/><W73/><G73/><T39/><D39/><U12/><E132/><V68/><F63/><W4/><G112/><T50/><D50/><U126/><E51/><V28/><F55/><W46/><G133/><T107/><D90/><U30/><E13/><V41/><F47/><W3/><G3/><T0/><REACH who="0" step="1"/><D98/><REACH who="0" ten="240,250,250,250" step="2"/><U38/><E38/><V96/><F96/><W75/><G97/><T65/><D65/><U128/><E128/><V122/><F41/><W119/><G66/><T10/><D10/><N who="1" m="6423" /><E30/><AGARI ba="0,1" hai="0,6,9,23,26,30,52,58,61,105,106,107,130,131" machi="30" ten="40,3900,0" yaku="1,1,54,1,53,0" doraHai="62" doraHaiUra="45" who="0" fromWho="1" sc="240,49,250,-39,250,0,250,0" /><INIT seed="0,1,0,1,0,23" ten="289,211,250,250" oya="0" hai0="93,60,6,28,94,43,8,125,51,118,104,46,56" hai1="1,113,76,9,101,85,75,15,103,65,17,40,19" hai2="16,121,10,64,29,80,96,12,32,126,122,119,41" hai3="135,95,105,49,35,81,115,14,66,78,132,77,38"/><T24/><D104/><U20/><E1/><V82/><F119/><W130/><G38/><T68/><D68/><U25/><E75/><V102/><F126/><W36/><G36/><T84/><D125/><U90/><E113/><V5/><F41/><W127/><G35/><T109/><D109/><U63/><E76/><V13/><F64/><W70/><G70/><T120/><D120/><U22/><E9/><V31/><F122/><W62/><G105/><T34/><D118/><U71/><E40/><V0/><F121/><W54/><G115/><T73/><D73/><U52/><E52/><V33/><F33/><W99/><G130/><T55/><REACH who="0" step="1"/><D84/><REACH who="0" ten="279,211,250,250" step="2"/><U44/><REACH who="1" step="1"/><E44/><REACH who="1" ten="279,201,250,250" step="2"/><V37/><F37/><W123/><G127/><T61/><D61/><U129/><E129/><V114/><F114/><W7/><G62/><T50/><D50/><U110/><E110/><V128/><F128/><W134/><G49/><T4/><D4/><U107/><E107/><V91/><F5/><W3/><G7/><T97/><D97/><U86/><E86/><V124/><F96/><W58/><G99/><T69/><D69/><U11/><E11/><V26/><F10/><W100/><G123/><T131/><D131/><U89/><E89/><V18/><F91/><W108/><G134/><T117/><D117/><U67/><E67/><V92/><F124/><W48/><G66/><T39/><D39/><U53/><E53/><V30/><F0/><AGARI ba="1,2" hai="0,6,8,24,28,34,43,46,51,55,56,60,93,94" machi="0" ten="30,5800,0" yaku="1,1,7,1,52,1,53,0" doraHai="23" doraHaiUra="111" who="0" fromWho="2" sc="279,81,201,0,250,-61,250,0" /><INIT seed="0,2,0,3,5,81" ten="360,201,189,250" oya="0" hai0="75,89,37,94,108,68,47,122,28,18,33,52,23" hai1="54,35,130,111,132,6,84,43,59,112,110,90,120" hai2="61,125,106,78,107,48,131,14,133,83,87,80,27" hai3="69,109,118,96,11,3,102,53,65,21,30,44,45"/><T24/><D68/><U100/><E120/><V57/><F133/><W31/><G118/><T77/><D108/><N who="1" m="41515" /><E35/><V13/><F131/><W62/><G109/><T101/><D101/><U99/><E130/><V63/><F125/><W93/><G53/><T46/><D122/><U10/><E132/><V39/><F39/><W91/><G3/><T0/><D0/><N who="1" m="327" /><E43/><V25/><F106/><W97/><G11/><T7/><D7/><U56/><E112/><V55/><F107/><W123/><G123/><T26/><D37/><U115/><E115/><V38/><F38/><W121/><G121/><T19/><D19/><U117/><E117/><V116/><F116/><W70/><G70/><T41/><D41/><U8/><E8/><V105/><F105/><W4/><G4/><T95/><D95/><N who="1" m="58495" /><E54/><V134/><F134/><W128/><G128/><T135/><D135/><U58/><E58/><V92/><F92/><AGARI ba="2,0" hai="56,59,84,90,92" m="58495,327,41515" machi="92" ten="30,2000,0" yaku="14,1,52,1" doraHai="81" who="1" fromWho="2" sc="360,0,201,26,189,-26,250,0" /><INIT seed="1,0,0,5,3,118" ten="360,227,163,250" oya="1" hai0="94,102,32,7,128,18,42,21,89,37,27,66,134" hai1="25,4,34,93,64,52,124,5,24,0,19,86,126" hai2="29,54,17,112,57,45,116,85,9,119,1,74,82" hai3="79,51,30,80,47,120,96,105,72,8,73,91,31"/><U125/><E64/><V49/><F74/><W58/><G73/><T90/><D128/><U68/><E68/><V111/><F112/><W100/><G120/><T121/><D66/><U16/><E93/><V133/><F133/><W77/><G77/><T28/><D121/><U114/><E114/><V41/><F111/><W127/><G127/><T2/><D134/><U130/><E130/><V26/><F1/><W70/><G70/><T36/><D102/><U53/><E86/><V122/><F17/><N who="1" m="6729" /><E0/><V99/><F9/><W46/><G46/><T107/><D107/><U87/><E87/><V103/><F122/><W20/><G20/><T60/><D60/><U63/><E63/><V43/><F43/><W123/><G123/><T97/><D90/><U6/><E34/><V61/><F99/><W15/><G58/><T131/><D131/><U106/><E106/><V67/><F103/><W101/><G101/><T62/><D62/><U129/><E129/><V113/><F113/><W22/><G22/><T117/><D117/><U83/><E83/><V132/><F67/><W71/><G71/><T109/><D42/><U50/><E50/><V69/><F132/><W65/><G65/><T35/><D35/><U38/><E38/><V81/><F69/><W14/><G91/><T104/><D104/><U84/><E84/><V44/><F82/><W48/><G48/><T59/><D37/><U11/><E11/><V56/><F119/><W110/><G110/><T135/><D36/><U10/><E10/><V108/><F116/><W33/><G33/><T13/><D109/><U12/><E12/><RYUUKYOKU ba="0,0" sc="360,-10,227,30,163,-10,250,-10" hai1="4,5,6,24,25,52,53,124,125,126" /><INIT seed="1,1,0,2,0,58" ten="350,257,153,240" oya="1" hai0="52,98,48,106,7,133,42,103,117,126,119,130,77" hai1="4,44,124,62,71,1,73,8,111,81,38,110,67" hai2="72,131,82,84,51,94,37,50,20,112,12,113,129" hai3="15,114,70,36,107,104,65,135,101,31,35,123,13"/><U55/><E124/><V105/><F37/><W90/><G123/><T60/><D133/><U83/><E73/><V11/><F20/><W128/><G135/><T86/><D130/><N who="2" m="49674" /><F94/><W109/><G109/><N who="1" m="41482" /><E55/><V3/><F3/><W17/><G13/><T21/><D126/><U41/><AGARI ba="1,0" hai="1,4,8,38,41,44,62,67,71,81,83" m="41482" machi="41" ten="30,6000,0" yaku="14,1,10,1,52,1" doraHai="58" who="1" fromWho="1" sc="350,-21,257,63,153,-21,240,-21" /><INIT seed="1,2,0,2,4,29" ten="329,320,132,219" oya="1" hai0="76,20,5,86,58,114,133,18,75,34,28,60,71" hai1="62,15,91,108,6,1,81,13,123,96,68,89,83" hai2="66,98,21,100,40,90,2,102,47,112,94,127,38" hai3="52,48,126,77,131,70,25,88,97,16,116,32,122"/><U69/><E123/><V121/><F2/><W103/><G70/><T9/><D75/><U107/><E108/><V105/><F112/><W74/><G126/><T79/><D71/><U59/><E1/><V55/><F127/><W46/><G131/><T72/><D72/><U93/><E107/><V23/><F121/><W124/><G124/><T39/><D39/><U7/><E69/><V67/><F55/><W92/><G122/><T24/><D114/><U26/><E26/><V4/><F4/><N who="1" m="1577" /><E68/><V57/><F102/><W104/><G116/><T134/><D86/><N who="1" m="50399" /><E81/><V111/><F111/><W17/><G77/><T45/><D133/><U106/><E106/><V19/><F57/><W63/><G63/><T43/><D134/><U42/><E42/><V109/><F109/><W85/><REACH who="3" step="1"/><G74/><REACH who="3" ten="329,320,132,209" step="2"/><T110/><D79/><U73/><E73/><V61/><F61/><W120/><G120/><T95/><D76/><U115/><E115/><V49/><F38/><W80/><G80/><T44/><D110/><U11/><E62/><V130/><F130/><W8/><G8/><T0/><D60/><U50/><E11/><V54/><F67/><W119/><G119/><T56/><D9/><U31/><E96/><V37/><F66/><W87/><G87/><T3/><D0/><U129/><E129/><V30/><F98/><W132/><G132/><T64/><D3/><U118/><E118/><V14/><F37/><W10/><G10/><T82/><D64/><U41/><E93/><V128/><F94/><W125/><G125/><T51/><D5/><U78/><E78/><V65/><F128/><RYUUKYOKU ba="2,1" sc="329,-10,320,-10,132,-10,209,30" hai3="16,17,25,32,46,48,52,85,88,92,97,103,104" /><INIT seed="2,3,1,1,0,94" ten="319,310,122,239" oya="2" hai0="112,14,48,118,10,7,119,135,45,24,104,66,97" hai1="73,93,128,9,105,62,102,1,26,133,123,28,81" hai2="132,75,91,12,65,5,122,82,117,107,89,120,36" hai3="130,33,106,18,72,8,51,129,74,21,95,111,92"/><V125/><F36/><W53/><G33/><T90/><D112/><U20/><E133/><V29/><F29/><W103/><G106/><T43/><D66/><U96/><E128/><N who="3" m="49258" /><G8/><T60/><D135/><U57/><E123/><V15/><F65/><W87/><G111/><T2/><D60/><U131/><E131/><V41/><F41/><W70/><G70/><T101/><D24/><U6/><E105/><V124/><F132/><W61/><G61/><T67/><D67/><N who="1" m="39375" /><E81/><V37/><F37/><W32/><G32/><T13/><REACH who="0" step="1"/><D90/><REACH who="0" ten="309,310,122,239" step="2"/><U134/><E134/><V80/><F117/><AGARI ba="3,2" hai="2,7,10,13,14,43,45,48,97,101,104,117,118,119" machi="117" ten="40,8000,1" yaku="1,1,2,1,12,1,52,1,53,1" doraHai="94" doraHaiUra="98" who="0" fromWho="2" sc="309,109,310,0,122,-89,239,0" /><INIT seed="3,0,0,4,2,45" ten="418,310,33,239" oya="3" hai0="126,5,103,98,70,135,60,125,61,93,85,106,31" hai1="114,74,118,30,102,134,29,96,64,99,66,123,51" hai2="81,67,20,83,49,108,32,71,50,47,132,73,72" hai3="133,94,8,7,38,54,0,69,68,35,9,109,52"/><W87/><G35/><T10/><D31/><N who="1" m="11787" /><E114/><V41/><F32/><W91/><G38/><T34/><D34/><U80/><E123/><V24/><F67/><N who="1" m="25641" /><E134/><V107/><F71/><W120/><G120/><T78/><D135/><U115/><E115/><V15/><F107/><W65/><G133/><T36/><D36/><U6/><E6/><V14/><F132/><W57/><G109/><T89/><D78/><U18/><E118/><V11/><F108/><W53/><REACH who="3" step="1"/><G9/><REACH who="3" ten="418,310,33,229" step="2"/><T130/><D70/><U75/><E102/><V92/><F11/><W39/><G39/><T128/><D10/><U21/><E74/><V17/><F73/><W111/><G111/><T86/><D103/><U55/><E75/><V100/><F72/><W28/><G28/><T105/><D125/><U2/><E21/><V62/><F20/><W129/><G129/><T56/><D126/><U1/><E1/><V112/><F112/><W48/><G48/><T26/><D128/><U131/><E131/><V16/><F62/><AGARI ba="0,1" hai="0,7,8,52,53,54,57,62,65,68,69,87,91,94" machi="62" ten="40,3900,0" yaku="1,1,54,1,53,0" doraHai="45" doraHaiUra="13" who="3" fromWho="2" sc="418,0,310,0,33,-39,229,49" owari="418,52.0,310,11.0,-6,-51.0,278,-12.0" /></mjloggm>