<mjloggm ver="2.3"><GO type="97" lobby="0"/><UN n0="%E9%AC%BC%E7%95%9C%E6%88%A6%E5%A3%AB" n1="%6B%61%6E%64%79" n2="%E3%83%87%E3%82%B8%E4%BB%99%E3%81%AE%E5%A8%98" n3="%E3%82%A6%E3%83%AB%E3%83%88%E3%83%A9%E7%AB%8B%E7%9B%B4" dan="15,13,15,15" rate="2069.23,1887.75,1974.83,1974.62" sx="M,M,M,M"/><TAIKYOKU oya="0"/><INIT seed="0,0,0,4,1,122" ten="250,250,250,250" oya="0" hai0="54,94,135,128,30,36,7,37,23,123,130,6,104" hai1="22,18,84,89,119,107,17,12,46,14,60,10,27" hai2="32,99,63,52,5,67,26,61,47,87,98,109,53" hai3="64,69,117,2,9,44,66,108,133,29,96,71,80"/><T115/><D104/><U90/><E107/><V70/><F5/><W50/><G96/><T129/><D123/><U59/><E119/><V134/><F134/><W11/><G80/><T79/><D115/><U56/><E46/><V92/><F87/><W73/><G29/><T42/><D135/><U85/><E27/><V34/><F99/><W57/><G73/><T82/><D94/><U49/><E49/><V120/><F120/><W124/><G2/><T43/><D54/><U28/><E28/><V78/><F78/><W101/><G101/><T127/><D127/><U75/><E75/><V114/><F114/><W72/><G72/><T74/><D42/><U21/><REACH who="1" step="1"/><E10/><REACH who="1" ten="250,240,250,250" step="2"/><V81/><F26/><W68/><G9/><T131/><N who="0" m="32768" /><DORA hai="111" /><T40/><D40/><U13/><E13/><V8/><F8/><W58/><G11/><T31/><D74/><U118/><E118/><V100/><F47/><W38/><G117/><T20/><D43/><U15/><E15/><V102/><F34/><W33/><G33/><T121/><D121/><U105/><E105/><V45/><F32/><W91/><G44/><T132/><D132/><U39/><E39/><V62/><F45/><W4/><G38/><T55/><D36/><U48/><E48/><V3/><F3/><W25/><G50/><T113/><D37/><U95/><E95/><V103/><F92/><W41/><G41/><T88/><D30/><U0/><E0/><V125/><F125/><W16/><G124/><T83/><D31/><U19/><E19/><V1/><F1/><W86/><G133/><T77/><D23/><RYUUKYOKU ba="0,1" sc="250,-10,240,30,250,-10,250,-10" hai1="12,14,17,18,21,22,56,59,60,84,85,89,90" /><INIT seed="1,1,1,0,1,73" ten="240,270,240,240" oya="1" hai0="27,55,83,40,101,80,60,85,112,10,86,9,96" hai1="43,50,22,61,45,71,94,33,0,47,34,19,127" hai2="133,131,36,134,1,68,99,98,5,89,31,91,97" hai3="65,6,82,105,26,111,53,59,58,30,75,76,49"/><U11/><E127/><V102/><F36/><W103/><G111/><T93/><D112/><U46/><E34/><V8/><F68/><W7/><G103/><T15/><D40/><U110/><E33/><V44/><F44/><W107/><G65/><T17/><D27/><U29/><E110/><V20/><F131/><W62/><G62/><T77/><D9/><U109/><E109/><V51/><F51/><W119/><G119/><T12/><D12/><U114/><E114/><V28/><F102/><W41/><G41/><T88/><D55/><U52/><E0/><V122/><F122/><W3/><G59/><T78/><D60/><U63/><E71/><V18/><F28/><W56/><G56/><T4/><D4/><U90/><E29/><V79/><F31/><W126/><G126/><T123/><REACH who="0" step="1"/><D101/><REACH who="0" ten="230,270,240,240" step="2"/><U35/><E11/><V42/><F42/><W95/><G7/><T117/><D117/><U115/><E115/><V116/><F116/><W125/><G125/><T13/><D13/><N who="1" m="9583" /><E35/><V39/><F39/><W2/><G6/><T14/><D14/><U37/><E37/><V24/><F8/><W124/><G124/><T67/><D67/><U135/><E135/><N who="2" m="51723" /><F5/><W100/><G3/><T23/><D23/><U84/><E43/><V129/><F1/><W87/><G2/><T113/><D113/><U57/><AGARI ba="1,2" hai="45,46,47,50,52,57,61,63,84,90,94" m="9583" machi="57" ten="30,6000,0" yaku="25,1,8,1,54,1" doraHai="73" who="1" fromWho="1" sc="230,-21,270,83,240,-21,240,-21" /><INIT seed="1,2,0,2,4,65" ten="209,353,219,219" oya="1" hai0="67,79,3,115,36,54,26,109,64,14,101,21,22" hai1="69,107,93,131,111,34,55,50,103,106,0,95,57" hai2="83,25,8,4,12,59,38,2,68,32,119,94,13" hai3="7,74,75,120,1,41,17,129,84,86,70,132,130"/><U88/><E34/><V126/><F126/><W20/><G120/><T81/><D36/><U51/><E0/><V58/><F38/><W24/><G41/><T61/><D3/><U80/><E131/><N who="3" m="50186" /><G132/><T134/><D115/><U117/><E117/><V82/><F119/><W113/><G113/><T6/><D109/><U63/><E111/><V49/><F94/><W89/><G84/><N who="0" m="48191" /><D134/><U105/><E80/><V108/><F108/><W102/><G102/><T29/><D101/><U125/><E125/><V92/><F92/><N who="3" m="54327" /><G70/><T45/><D6/><U27/><E27/><V85/><F83/><W28/><G28/><T110/><D110/><U71/><E103/><V96/><F96/><W122/><G122/><T40/><D40/><U127/><E127/><V98/><F98/><W104/><G104/><T52/><D45/><U72/><E72/><V18/><F68/><W16/><G17/><N who="0" m="10423" /><D61/><U78/><E78/><V100/><F100/><W53/><G53/><AGARI ba="2,0" hai="22,26,29,52,53,54,64,67" m="10423,48191" machi="53" ten="30,2000,0" yaku="8,1,54,1" doraHai="65" who="0" fromWho="3" sc="209,26,353,0,219,0,219,-26" /><INIT seed="2,0,0,1,1,11" ten="235,353,219,193" oya="2" hai0="102,42,93,55,107,47,63,119,82,7,88,131,68" hai1="59,133,65,50,128,1,35,38,73,41,28,12,18" hai2="87,83,45,67,123,100,116,48,29,74,75,22,16" hai3="79,120,129,15,109,26,117,9,30,92,77,127,36"/><V121/><F116/><W10/><G36/><T19/><D131/><U78/><E128/><V54/><F29/><W4/><G129/><T25/><D7/><U23/><E133/><V132/><F132/><W53/><G117/><T122/><D122/><U72/><E1/><V101/><F123/><W103/><G120/><T21/><D119/><U134/><E134/><V98/><F121/><W27/><G127/><T51/><D82/><U2/><E2/><V99/><F67/><W3/><G109/><T91/><D107/><U105/><E105/><V46/><F46/><W111/><G111/><T90/><D102/><N who="2" m="39530" /><F75/><W115/><G115/><T62/><D68/><U112/><E112/><V20/><F74/><W43/><G43/><T40/><D93/><U44/><E78/><N who="2" m="46583" /><F22/><W64/><G64/><T6/><D6/><U85/><E85/><V106/><F106/><W5/><G53/><T34/><D34/><U110/><E110/><V81/><F81/><W61/><G61/><AGARI ba="0,0" hai="19,21,25,40,42,47,51,55,61,62,63,88,90,91" machi="61" ten="40,2600,0" yaku="8,1,54,1" doraHai="11" who="0" fromWho="3" sc="235,26,353,0,219,0,193,-26" /><INIT seed="3,0,0,0,2,23" ten="261,353,219,167" oya="3" hai0="102,9,39,22,17,58,108,40,72,50,43,21,85" hai1="34,49,19,38,135,114,132,94,45,6,105,97,115" hai2="47,92,44,130,95,111,27,120,84,99,125,122,37" hai3="91,123,8,82,113,15,13,89,116,12,131,25,11"/><W109/><G123/><N who="2" m="47145" /><F111/><W134/><G116/><T118/><D72/><U46/><E34/><V79/><F125/><W73/><G113/><N who="1" m="43018" /><E6/><V69/><F69/><W71/><G71/><T106/><D39/><U133/><E105/><V35/><F37/><W30/><G109/><T41/><D85/><U93/><E19/><V64/><F64/><W65/><G65/><T76/><D22/><U70/><E70/><V112/><F112/><W36/><G36/><T61/><D9/><U101/><E38/><V5/><F5/><W78/><G131/><T88/><D50/><U104/><E46/><N who="2" m="17451" /><F130/><W98/><G134/><T83/><D102/><U63/><E63/><V60/><F60/><W20/><REACH who="3" step="1"/><G98/><REACH who="3" ten="261,353,219,157" step="2"/><T77/><D108/><U59/><E59/><V119/><F119/><W127/><G127/><T16/><D118/><U129/><E129/><V4/><F99/><W124/><G124/><T0/><D58/><U18/><E135/><V86/><F4/><W96/><G96/><T7/><D106/><U126/><E133/><V128/><F128/><W107/><G107/><T2/><D40/><U3/><E126/><V103/><F103/><W110/><G110/><T67/><D41/><U75/><E132/><V33/><F79/><W62/><G62/><T31/><D43/><U28/><E97/><V68/><F68/><W53/><G53/><T54/><D76/><U55/><E104/><V1/><F1/><W10/><AGARI ba="0,1" hai="8,10,11,12,13,15,20,25,30,73,78,82,89,91" machi="10" ten="30,6000,0" yaku="1,1,0,1,52,1,53,0" doraHai="23" doraHaiUra="52" who="3" fromWho="3" sc="261,-20,353,-20,219,-20,157,70" /><INIT seed="3,1,0,3,1,81" ten="241,333,199,227" oya="3" hai0="91,35,82,100,119,62,94,19,69,40,76,12,13" hai1="98,111,53,26,124,88,96,63,52,90,108,50,66" hai2="78,65,133,128,118,24,48,75,121,37,61,49,38" hai3="36,47,51,125,79,22,93,83,21,132,70,129,7"/><W84/><G70/><T41/><D119/><U114/><E114/><V55/><F24/><W56/><G125/><T43/><D35/><U72/><E72/><V42/><F78/><W92/><G129/><T103/><D69/><U2/><E2/><V44/><F75/><W122/><G132/><T64/><D64/><U87/><E124/><V30/><F30/><W54/><G122/><T25/><D62/><U23/><E98/><V85/><F85/><W28/><G7/><T5/><D25/><U113/><E96/><V34/><F34/><W77/><G77/><T16/><D5/><U57/><E113/><V10/><F10/><W120/><G120/><T116/><D116/><U107/><E90/><V59/><F59/><BYE who="2" /><W1/><G1/><T127/><D127/><U33/><E107/><V17/><F17/><N who="0" m="6730" /><D82/><U110/><E33/><V89/><F89/><W134/><G134/><T27/><D76/><U105/><E105/><V135/><F135/><W101/><G36/><T20/><D12/><U11/><E11/><V102/><F102/><W9/><G9/><T6/><D13/><U3/><E3/><V97/><F97/><N who="3" m="59559" /><G28/><N who="0" m="17511" /><D6/><U31/><E50/><UN n2="%E3%83%87%E3%82%B8%E4%BB%99%E3%81%AE%E5%A8%98" /><V109/><F121/><W68/><G68/><T29/><D29/><U123/><E123/><V32/><F118/><W58/><G93/><AGARI ba="1,0" hai="23,26,31,52,53,57,63,66,87,88,93,108,110,111" machi="93" ten="40,8000,1" yaku="14,1,52,1,54,2" doraHai="81" who="1" fromWho="3" sc="241,0,333,83,199,0,227,-83" owari="241,4.0,416,52.0,199,-20.0,144,-36.0" /></mjloggm>