<mjloggm ver="2.3"><GO type="97" lobby="0"/><UN n0="%E3%82%A6%E3%83%AB%E3%83%88%E3%83%A9%E7%AB%8B%E7%9B%B4" n1="%E6%96%AC%E7%8E%96" n2="%73%75%73%75%6D%75%2D%66" n3="%E5%8F%8B%E5%88%87" dan="13,14,13,13" rate="1833.46,2017.26,1833.16,1839.38" sx="M,M,M,M"/><TAIKYOKU oya="0"/><INIT seed="0,0,0,1,2,128" ten="250,250,250,250" oya="0" hai0="13,134,19,55,62,94,133,97,79,81,100,49,73" hai1="129,67,122,24,82,111,71,84,93,125,15,72,112" hai2="29,123,110,52,27,50,37,3,117,124,25,9,28" hai3="43,86,75,126,116,26,131,60,36,95,0,80,102"/><T34/><D62/><U44/><E15/><V118/><F123/><W91/><G131/><T115/><D34/><U11/><E24/><V54/><F37/><W56/><G116/><N who="2" m="44649" /><F110/><W7/><G126/><T132/><D115/><U119/><E11/><V38/><F38/><W98/><G26/><N who="2" m="9737" /><F124/><W107/><G43/><T135/><N who="0" m="33792" /><DORA hai="106" /><T48/><REACH who="0" step="1"/><D55/><REACH who="0" ten="240,250,250,250" step="2"/><N who="2" m="21034" /><F50/><W21/><G36/><T89/><D89/><N who="1" m="53415" /><E125/><V12/><F3/><W61/><G0/><T47/><D47/><U87/><E44/><V88/><F88/><W39/><G91/><T121/><D121/><U96/><E122/><V41/><F41/><W1/><G1/><T63/><D63/><N who="1" m="40447" /><E112/><V85/><F85/><W92/><G86/><T17/><D17/><AGARI ba="0,1" hai="9,12,17,28,29" m="21034,9737,44649" machi="17" ten="30,2000,0" yaku="12,1,54,1" doraHai="128,106" who="2" fromWho="0" sc="240,-20,250,0,250,30,250,0" /><INIT seed="1,0,0,3,4,130" ten="220,250,280,250" oya="1" hai0="1,62,115,109,52,23,108,74,91,128,132,42,78" hai1="64,29,26,39,5,134,67,37,28,73,101,8,124" hai2="22,46,49,25,77,36,54,65,55,72,16,117,92" hai3="104,59,0,98,71,95,120,18,88,63,86,60,70"/><U19/><E73/><V133/><F117/><W87/><G120/><T121/><D1/><U41/><E101/><V99/><F36/><W66/><G0/><T75/><D115/><U90/><E124/><V122/><F122/><W76/><G18/><T81/><D121/><U15/><E90/><V111/><F111/><N who="0" m="42570" /><D128/><U50/><E39/><V61/><F77/><W112/><G112/><T58/><D75/><U21/><E37/><V83/><F83/><W113/><G113/><T118/><D118/><U14/><E134/><V57/><F72/><W53/><G104/><T3/><D3/><U32/><E28/><V33/><F33/><W40/><G40/><T123/><D123/><U129/><E129/><V131/><F131/><W10/><G76/><T34/><D34/><U125/><E125/><V47/><F47/><W84/><REACH who="3" step="1"/><G10/><REACH who="3" ten="220,250,280,240" step="2"/><T100/><D42/><U82/><E41/><N who="2" m="24783" /><F133/><W51/><G51/><T35/><D132/><U13/><E50/><V43/><F43/><W102/><G102/><AGARI ba="0,1" hai="16,22,25,54,55,57,61,65,92,99,102" m="24783" machi="102" ten="30,2000,0" yaku="8,1,54,1" doraHai="130" who="2" fromWho="3" sc="220,0,250,0,280,30,240,-20" /><INIT seed="2,0,0,2,5,87" ten="220,250,310,220" oya="2" hai0="67,51,91,116,12,43,131,73,7,134,104,112,26" hai1="115,86,16,94,122,128,82,111,103,38,41,33,14" hai2="54,6,125,20,39,89,2,102,118,48,45,123,71" hai3="98,114,72,65,30,10,120,34,64,105,117,133,28"/><V74/><F118/><W107/><G117/><T126/><D116/><U57/><E115/><V44/><F123/><W129/><G120/><T17/><D112/><U81/><E33/><V113/><F113/><W58/><G114/><T50/><D104/><U99/><E122/><V108/><F125/><W93/><G72/><T124/><D73/><U127/><E127/><N who="0" m="48681" /><D131/><U37/><E128/><V5/><F71/><W80/><G129/><T52/><D134/><U69/><E69/><V79/><F102/><W70/><G133/><T36/><D67/><U106/><E81/><V46/><F108/><W0/><G80/><T62/><D26/><U13/><E111/><V31/><F39/><W75/><G75/><T4/><D91/><U95/><E57/><N who="2" m="32967" /><F74/><W8/><G70/><T130/><D130/><U101/><E38/><V42/><F79/><W78/><G78/><T61/><D43/><U11/><E103/><V84/><F2/><W92/><G58/><N who="0" m="35015" /><D62/><U90/><REACH who="1" step="1"/><E14/><REACH who="1" ten="220,240,310,220" step="2"/><V76/><F42/><W23/><G34/><T24/><D36/><U63/><E63/><V22/><F76/><W29/><G0/><T110/><D110/><U53/><E53/><V25/><F22/><W9/><G23/><N who="0" m="13423" /><D12/><U49/><E49/><AGARI ba="0,1" hai="4,7,49,50,51" m="13423,35015,48681" machi="49" ten="30,2000,0" yaku="18,1,54,1" doraHai="87" who="0" fromWho="1" sc="220,30,240,-20,310,0,220,0" /><INIT seed="3,0,0,4,3,40" ten="250,220,310,220" oya="3" hai0="2,0,100,133,22,99,18,108,87,21,71,129,64" hai1="104,134,13,119,7,123,118,29,68,127,126,81,10" hai2="132,24,6,113,50,19,8,69,37,36,114,97,109" hai3="14,106,131,23,116,117,42,20,60,78,122,34,4"/><W35/><G122/><T47/><D64/><U27/><E104/><V70/><F109/><W74/><G106/><T26/><D71/><U96/><E68/><V51/><F132/><W52/><G131/><T111/><D133/><U130/><E96/><V105/><F70/><W44/><G117/><N who="1" m="44554" /><E134/><V15/><F69/><W48/><G116/><T9/><D87/><U79/><E123/><V31/><F37/><W30/><G35/><T82/><D82/><U59/><E59/><V110/><F36/><W128/><G128/><T124/><D21/><N who="3" m="8265" /><G34/><T49/><D9/><U41/><E41/><V57/><F31/><W93/><G74/><T65/><D129/><U95/><E95/><V1/><F24/><W102/><G30/><T16/><D18/><U120/><E120/><V84/><F84/><W25/><G25/><T107/><D65/><U90/><E90/><V61/><F114/><W12/><G78/><T32/><D32/><N who="1" m="20543" /><E130/><V91/><F113/><W39/><G39/><T85/><D111/><U75/><AGARI ba="0,0" hai="7,10,13,75,79,81,126,127" m="20543,44554" machi="75" ten="30,1100,0" yaku="12,1" doraHai="40" who="1" fromWho="1" sc="250,-3,220,11,310,-3,220,-5" owari="247,5.0,231,-17.0,307,40.0,215,-28.0" /></mjloggm>