<mjloggm ver="2.3"><GO type="97" lobby="0"/><UN n0="%E3%82%A6%E3%83%AB%E3%83%88%E3%83%A9%E7%AB%8B%E7%9B%B4" n1="%6B%61%72%69%6D%65%6E" n2="%E3%83%87%E3%82%B8" n3="%E6%9A%97%E3%81%84%E7%AC%A6" dan="15,15,15,15" rate="1988.32,2039.65,1925.93,2021.62" sx="M,F,M,M"/><TAIKYOKU oya="0"/><INIT seed="0,0,0,2,5,35" ten="250,250,250,250" oya="0" hai0="54,57,89,61,44,63,34,85,7,21,51,26,23" hai1="86,115,119,126,122,78,25,18,69,16,91,93,92" hai2="135,111,9,41,48,20,59,84,107,14,124,132,112" hai3="45,29,134,83,125,74,31,36,98,27,81,56,80"/><T60/><D34/><U62/><E119/><V4/><F111/><W0/><G125/><T101/><D101/><U65/><E122/><V39/><F124/><W88/><G134/><N who="2" m="51241" /><F107/><W58/><G74/><T77/><D77/><U108/><E108/><V8/><F112/><W49/><G36/><T42/><D7/><U117/><E117/><V19/><F39/><W38/><G38/><T22/><REACH who="0" step="1"/><D26/><REACH who="0" ten="240,250,250,250" step="2"/><U2/><E126/><V46/><F4/><W114/><G114/><T52/><D52/><U96/><E78/><V113/><F113/><W10/><G27/><T17/><D17/><U24/><E115/><V1/><F19/><W105/><G105/><T90/><D90/><U68/><E24/><V28/><F28/><W128/><G29/><T5/><D5/><U102/><E25/><V66/><F41/><W130/><G31/><T110/><D110/><U76/><E76/><V99/><F66/><W6/><G130/><T104/><D104/><U55/><E18/><V50/><F59/><W75/><G128/><T3/><D3/><U116/><E2/><V47/><F1/><W94/><REACH who="3" step="1"/><G75/><REACH who="3" ten="240,250,250,240" step="2"/><T64/><D64/><U11/><E65/><V71/><F71/><W67/><G67/><T82/><AGARI ba="0,2" hai="21,22,23,42,44,51,54,57,60,61,63,82,85,89" machi="82" ten="30,6000,0" yaku="1,1,0,1,8,1,53,0" doraHai="35" doraHaiUra="30" who="0" fromWho="0" sc="240,80,250,-20,250,-20,240,-20" /><INIT seed="0,1,0,1,0,43" ten="320,230,230,220" oya="0" hai0="53,38,73,46,40,8,17,3,67,68,6,71,124" hai1="131,20,97,119,30,118,35,28,98,81,112,27,74" hai2="54,33,5,7,92,104,129,55,52,42,134,26,111" hai3="115,11,49,133,128,63,9,82,78,72,65,86,121"/><T125/><D73/><U83/><E131/><V57/><F104/><W109/><G115/><T39/><D39/><U132/><E132/><V116/><F111/><W10/><G109/><T16/><D53/><N who="2" m="20586" /><F134/><W50/><G133/><T88/><D88/><U64/><E64/><V120/><F129/><W123/><G128/><T62/><D71/><U80/><E112/><V122/><F33/><W126/><G72/><T103/><D103/><U23/><E74/><V100/><F42/><W75/><G75/><T89/><D89/><U41/><E41/><V32/><F32/><W96/><G96/><T87/><D87/><U15/><E35/><V110/><F110/><W70/><REACH who="3" step="1"/><G126/><AGARI ba="1,0" hai="3,6,8,16,17,38,40,46,62,67,68,124,125,126" machi="126" ten="40,7700,0" yaku="18,1,52,1,54,1" doraHai="43" who="0" fromWho="3" sc="320,80,230,0,230,0,220,-80" /><INIT seed="0,2,0,1,3,35" ten="400,230,230,140" oya="0" hai0="23,36,58,85,18,77,105,133,37,3,52,94,5" hai1="135,82,2,25,95,72,22,84,39,15,102,66,27" hai2="106,100,43,110,71,24,116,127,56,92,86,69,20" hai3="50,108,121,119,7,90,99,130,26,59,118,34,32"/><T93/><D105/><U114/><E39/><V126/><F110/><W14/><G50/><T88/><D77/><U63/><E72/><V132/><F116/><W111/><G59/><T57/><D57/><U80/><E2/><V97/><F43/><W13/><G99/><T40/><D40/><U0/><E0/><V38/><F132/><W31/><G90/><T33/><D33/><U115/><E135/><V89/><F56/><W68/><G68/><T124/><D124/><N who="2" m="47658" /><F38/><W67/><G67/><T42/><D42/><U29/><E15/><V47/><F47/><W12/><G130/><T19/><D19/><AGARI ba="2,0" hai="19,20,24,69,71,86,89,92,97,100,106" m="47658" machi="19" ten="30,1000,0" yaku="18,1" doraHai="35" who="2" fromWho="0" sc="400,-16,230,0,230,16,140,0" /><INIT seed="1,0,0,5,2,76" ten="384,230,246,140" oya="1" hai0="45,105,120,97,38,12,22,70,129,83,106,13,19" hai1="62,90,73,114,134,21,24,131,41,37,10,85,119" hai2="27,93,25,60,66,95,26,79,130,40,121,135,17" hai3="35,74,14,126,109,11,23,103,47,39,53,71,94"/><U86/><E119/><V56/><F135/><W112/><G74/><T84/><D70/><U2/><E114/><V63/><F130/><W101/><G35/><T44/><D129/><U88/><E73/><V111/><F111/><W8/><G71/><T58/><D105/><U118/><E118/><V30/><F121/><W15/><G112/><T33/><D33/><U6/><E134/><V65/><F40/><W55/><G39/><T87/><D106/><U78/><E131/><V52/><F79/><W122/><G109/><T5/><D38/><U75/><E75/><V43/><F43/><W51/><G122/><T31/><D31/><U92/><E78/><V48/><F30/><W46/><G126/><T72/><D72/><U28/><E62/><N who="2" m="23595" /><F17/><W67/><G23/><T16/><D5/><U64/><E64/><AGARI ba="0,0" hai="25,26,27,48,52,56,64,65,66,93,95" m="23595" machi="64" ten="30,2000,0" yaku="8,1,54,1" doraHai="76" who="2" fromWho="1" sc="384,0,230,-20,246,20,140,0" /><INIT seed="2,0,0,2,0,108" ten="384,210,266,140" oya="2" hai0="4,53,66,105,77,31,113,86,63,45,1,3,110" hai1="5,73,56,8,15,22,120,97,50,75,129,40,27" hai2="23,74,135,16,90,70,51,18,83,19,134,128,34" hai3="35,96,39,52,6,64,11,92,116,68,130,107,37"/><V13/><F70/><W125/><G35/><T28/><D113/><U71/><E71/><V9/><F74/><W103/><G116/><T60/><D105/><U115/><E120/><V102/><F102/><W117/><G117/><T104/><D104/><U114/><E129/><V67/><F67/><W44/><G130/><T121/><D86/><U58/><E75/><V33/><F51/><W87/><G125/><T101/><D4/><U132/><E73/><V26/><F83/><W69/><G69/><T46/><D53/><U133/><E97/><V122/><F90/><W43/><G87/><T72/><D72/><U65/><E40/><V124/><F122/><W98/><G11/><T106/><D106/><U95/><E95/><V25/><F124/><W32/><G6/><T111/><D77/><U38/><E38/><V127/><F127/><W57/><G32/><N who="2" m="12393" /><F26/><W10/><G39/><T118/><D66/><U42/><E42/><V59/><F59/><N who="1" m="22569" /><E50/><V20/><F128/><W79/><G79/><T55/><D101/><U93/><E93/><V47/><F47/><W89/><G64/><T61/><D61/><U109/><E109/><V100/><F100/><W48/><G68/><T21/><D55/><U123/><E65/><V29/><F135/><N who="1" m="51785" /><E123/><V126/><F126/><W62/><G37/><T7/><D121/><U119/><E119/><V99/><F99/><W82/><G82/><T54/><D118/><U78/><E78/><V131/><F131/><W80/><G80/><T85/><D54/><U12/><E12/><N who="2" m="9319" /><F134/><W41/><G41/><T36/><D85/><U91/><E91/><RYUUKYOKU ba="0,0" sc="384,-30,210,10,266,10,140,10" hai1="5,8,15,22,27,114,115" hai2="9,13,16,18,23,25,29" hai3="10,43,44,48,52,57,62,89,92,96,98,103,107" /><INIT seed="2,1,0,4,4,11" ten="354,220,276,150" oya="2" hai0="134,82,99,60,13,117,57,63,124,107,45,73,23" hai1="84,131,12,53,26,17,20,2,103,79,98,83,49" hai2="122,18,105,14,22,95,120,94,112,97,0,31,133" hai3="48,50,24,102,109,90,39,30,16,3,47,65,126"/><V121/><F0/><W59/><G3/><T44/><D73/><U87/><E131/><V72/><F112/><W106/><G39/><T116/><D107/><U123/><E2/><V89/><F72/><W85/><G106/><T125/><D99/><U132/><E132/><V1/><F1/><W15/><G102/><T28/><D82/><U100/><E123/><V46/><F133/><W118/><G118/><T92/><D92/><U7/><E87/><V129/><F129/><W32/><G126/><T5/><D28/><U108/><E108/><V62/><F105/><W74/><G74/><T67/><D134/><U77/><E77/><V119/><F119/><N who="0" m="45642" /><D63/><U61/><E61/><V56/><F46/><N who="0" m="18026" /><D23/><U128/><E128/><V35/><F95/><W6/><G109/><T64/><D13/><U135/><E98/><V37/><F37/><W91/><G6/><T41/><D5/><U55/><E135/><V81/><F81/><W54/><G65/><N who="0" m="39055" /><D41/><U127/><E127/><AGARI ba="1,0" hai="64,67,124,125,127" m="39055,18026,45642" machi="127" ten="30,7700,0" yaku="18,1,12,1,34,2" doraHai="11" who="0" fromWho="1" sc="354,80,220,-80,276,0,150,0" /><INIT seed="3,0,0,0,5,121" ten="434,140,276,150" oya="3" hai0="31,88,113,119,41,28,64,13,26,0,5,21,1" hai1="30,25,122,85,103,75,116,77,127,69,63,39,105" hai2="76,107,112,67,49,96,94,8,82,74,7,58,56" hai3="17,32,33,109,43,36,29,79,2,84,104,60,22"/><W132/><G104/><T135/><D119/><U87/><E122/><V72/><F107/><W51/><G36/><T52/><D41/><U20/><E116/><V71/><F71/><W118/><G118/><T11/><D64/><U134/><E39/><V133/><F133/><W108/><G2/><T40/><D40/><U46/><E134/><V114/><F74/><W111/><G132/><T125/><D125/><U27/><E46/><V24/><F24/><N who="3" m="16535" /><G60/><T9/><D135/><U14/><E14/><V83/><F83/><N who="3" m="47231" /><G17/><T34/><D113/><U15/><E15/><V4/><F4/><W70/><G70/><T19/><D52/><U128/><E128/><V89/><F67/><W90/><G90/><T47/><D47/><AGARI ba="0,0" hai="32,33,43,47,51,108,109,111" m="47231,16535" machi="47" ten="30,12000,1" yaku="14,1,10,1,52,3" doraHai="121" who="3" fromWho="0" sc="434,-120,140,0,276,0,150,120" /><INIT seed="3,1,0,2,4,79" ten="314,140,276,270" oya="3" hai0="109,100,130,108,47,44,3,53,92,105,28,20,118" hai1="11,68,115,128,87,134,119,51,42,63,54,133,98" hai2="93,33,96,120,45,6,5,84,86,57,41,13,65" hai3="111,73,29,25,101,12,19,127,104,36,2,43,46"/><W114/><G2/><T91/><D3/><U113/><E87/><V15/><F120/><W126/><G73/><T124/><D118/><U64/><E98/><V39/><F33/><W76/><G76/><T89/><D124/><N who="3" m="47657" /><G114/><T80/><D130/><U48/><E11/><V56/><F6/><W17/><G111/><N who="0" m="42571" /><D80/><U121/><E121/><V103/><F56/><W85/><G85/><N who="0" m="52271" /><D91/><U38/><E128/><V16/><F5/><W4/><G4/><T26/><D53/><U78/><E78/><V77/><F77/><W18/><G101/><T81/><D81/><U62/><E119/><V106/><F106/><W40/><G104/><T61/><D61/><U117/><E117/><V123/><F123/><W1/><G43/><T99/><AGARI ba="1,0" hai="20,26,28,44,47,99,100,105" m="52271,42571" machi="99" ten="30,1100,0" yaku="14,1" doraHai="79" who="0" fromWho="0" sc="314,14,140,-4,276,-4,270,-6" owari="328,43.0,136,-36.0,272,7.0,264,-14.0" /></mjloggm>