<mjloggm ver="2.3"><GO type="41" lobby="0"/><UN n0="%E5%B0%B1%E6%B4%BB%E7%94%9F%40%E5%B7%9D%E6%9D%91%E8%BB%8D%E5%9B%A3" n1="%6E%6F%33%33%30" n2="%E3%81%BF%E3%82%84%E3%81%AA%E3%81%8C%E3%81%95%E3%82%93%E3%81%A3%EF%BC%81" n3="%E3%82%B1%E3%83%B3%E3%83%89%E3%83%BC%E3%82%B3%E3%83%90%E3%83%A4%E3%82%B7" dan="15,14,14,14" rate="2013.15,1825.87,1976.87,1921.11" sx="M,M,F,M"/><TAIKYOKU oya="0"/><INIT seed="0,0,0,4,1,42" ten="250,250,250,250" oya="0" hai0="108,109,86,1,2,116,60,121,68,101,112,105,5" hai1="127,103,128,27,37,47,129,113,95,33,77,24,45" hai2="65,10,120,54,0,36,66,58,90,100,102,7,43" hai3="55,123,40,21,114,84,18,71,115,74,119,96,3"/><T41/><D116/><U94/><E77/><V6/><F120/><W61/><G74/><T20/><D121/><U64/><E113/><V125/><F125/><W31/><G3/><T4/><D112/><U35/><E127/><V133/><F133/><W13/><G119/><T30/><D105/><U38/><E64/><V14/><F7/><N who="0" m="2634" /><D101/><AGARI ba="0,0" hai="24,27,33,35,37,38,45,47,94,95,101,103,128,129" machi="101" ten="25,6400,0" yaku="22,2,52,2" doraHai="42" who="1" fromWho="0" sc="250,-64,250,64,250,0,250,0" /><INIT seed="1,0,0,5,2,121" ten="186,314,250,250" oya="1" hai0="28,20,115,128,112,26,31,10,58,68,60,40,47" hai1="1,32,126,122,37,102,24,107,34,64,111,42,18" hai2="129,103,88,92,99,61,36,27,35,73,55,3,78" hai3="72,130,69,5,131,16,54,29,85,19,50,6,93"/><U98/><E122/><V12/><F36/><W135/><G72/><T89/><D68/><U90/><E1/><V38/><F38/><W41/><G41/><T71/><D71/><U105/><E105/><V30/><F3/><W119/><G29/><T91/><D128/><N who="3" m="49193" /><G69/><T101/><D101/><U59/><E126/><V81/><F129/><W67/><G67/><T77/><D77/><U87/><E37/><V15/><F103/><W82/><G93/><T65/><D31/><U114/><E42/><V33/><F33/><W21/><G119/><T117/><D117/><U110/><E114/><V4/><REACH who="2" step="1"/><F4/><REACH who="2" ten="186,314,240,250" step="2"/><W7/><G135/><T86/><D115/><U2/><E2/><V66/><F66/><W100/><G100/><T76/><D112/><U48/><E34/><V22/><F22/><W133/><G21/><T75/><D75/><U57/><E32/><V79/><F79/><N who="3" m="46303" /><G133/><T74/><D74/><U23/><E64/><V118/><F118/><W95/><G95/><T53/><D76/><U11/><E11/><V80/><F80/><W56/><AGARI ba="0,1" hai="5,6,7,16,19,50,54,56" m="46303,49193" machi="56" ten="30,2000,0" yaku="19,1,54,1" doraHai="121" who="3" fromWho="3" sc="186,-5,314,-10,240,-5,250,30" /><INIT seed="2,0,0,3,0,47" ten="181,304,235,280" oya="2" hai0="124,127,58,18,81,91,49,61,116,51,60,87,2" hai1="59,120,92,130,98,44,15,89,19,105,38,26,126" hai2="112,57,40,39,84,118,56,9,100,14,23,108,55" hai3="82,70,132,135,101,71,128,45,8,75,86,72,52"/><V114/><F112/><W85/><G101/><T16/><D2/><U35/><E120/><V97/><F118/><W0/><G128/><T119/><D60/><U77/><E130/><V7/><F114/><W1/><G8/><T31/><D31/><U121/><E121/><V109/><F23/><W76/><G45/><T129/><D129/><U102/><E126/><N who="0" m="48169" /><D119/><U117/><E117/><V106/><F84/><N who="3" m="32363" /><G52/><N who="0" m="33991" /><D116/><U27/><E77/><V110/><F55/><W104/><G104/><T115/><D115/><U103/><E105/><V24/><F24/><W30/><G30/><T5/><D5/><U74/><E74/><N who="3" m="28202" /><G82/><T73/><D73/><U12/><E12/><V13/><F13/><W93/><G93/><T46/><D51/><U4/><E4/><V67/><REACH who="2" step="1"/><F67/><REACH who="2" ten="181,304,225,280" step="2"/><W50/><G0/><T37/><D37/><U53/><E26/><V29/><F29/><W88/><G1/><T36/><D36/><U99/><E15/><V94/><F94/><W78/><G76/><T41/><AGARI ba="0,1" hai="16,18,41,46,49,81,87,91" m="33991,48169" machi="41" ten="30,7900,0" yaku="18,1,52,1,54,2" doraHai="47" who="0" fromWho="0" sc="181,89,304,-20,225,-39,280,-20" /><INIT seed="3,0,0,0,0,9" ten="270,284,186,260" oya="3" hai0="3,47,18,6,39,61,57,107,53,13,40,109,44" hai1="41,65,90,75,55,63,2,73,62,67,64,10,12" hai2="17,100,131,113,78,23,135,8,132,82,74,54,122" hai3="33,93,112,101,52,42,124,96,79,127,21,110,29"/><W46/><G112/><T118/><D107/><U87/><E2/><V126/><F113/><W37/><G33/><T70/><D118/><U32/><E32/><V116/><F116/><W26/><G110/><T14/><D109/><U105/><E105/><V103/><F122/><W119/><G119/><T11/><D70/><U38/><E38/><V106/><F106/><W76/><REACH who="3" step="1"/><G52/><REACH who="3" ten="270,284,186,250" step="2"/><T102/><D47/><U58/><E41/><V115/><F115/><W22/><G22/><T134/><D134/><N who="2" m="51242" /><F126/><AGARI ba="0,1" hai="21,26,29,37,42,46,76,79,93,96,101,124,126,127" machi="126" ten="40,3900,0" yaku="1,1,18,1,53,0" doraHai="9" doraHaiUra="123" who="3" fromWho="2" sc="270,0,284,0,186,-39,250,49" /><INIT seed="3,1,0,0,4,57" ten="270,284,147,299" oya="3" hai0="52,69,72,105,91,36,102,51,58,78,46,24,85" hai1="29,80,108,86,71,65,53,130,88,92,35,112,16" hai2="55,121,117,18,98,110,84,40,48,26,3,131,126" hai3="104,61,59,33,96,89,111,44,134,7,12,5,27"/><W76/><G134/><T113/><D69/><U17/><E112/><V101/><F110/><W81/><G44/><T2/><D113/><U9/><E108/><V10/><F117/><W32/><G111/><T25/><D2/><U62/><E130/><V6/><F121/><W19/><G27/><T114/><D114/><U74/><E53/><V122/><F122/><W54/><G33/><T31/><D72/><U8/><E8/><V79/><F126/><W125/><G32/><T116/><D78/><U23/><E35/><V56/><F131/><W41/><G41/><T34/><D116/><U119/><E119/><V132/><F132/><W64/><G125/><T90/><D25/><U94/><E9/><V28/><F40/><W97/><G97/><T63/><D36/><U115/><E115/><V77/><F18/><W100/><G89/><T21/><D34/><U42/><E42/><V82/><F79/><W20/><REACH who="3" step="1"/><G64/><REACH who="3" ten="270,284,147,289" step="2"/><T49/><D102/><U120/><E120/><V127/><F127/><W107/><G107/><T106/><D90/><U103/><E103/><V13/><F3/><W87/><AGARI ba="1,1" hai="5,7,12,19,20,54,59,61,76,81,87,96,100,104" machi="87" ten="20,12000,1" yaku="1,1,0,1,7,1,52,1,53,1" doraHai="57" doraHaiUra="73" who="3" fromWho="3" sc="270,-41,284,-41,147,-41,289,133" /><INIT seed="3,2,0,3,3,80" ten="229,243,106,422" oya="3" hai0="39,123,93,116,126,98,94,105,36,90,33,27,42" hai1="1,75,100,66,38,107,30,109,127,106,83,19,135" hai2="115,0,17,3,49,28,12,14,72,124,59,78,5" hai3="68,86,62,11,71,64,7,32,52,97,20,121,2"/><W134/><G121/><T57/><D123/><U119/><E1/><V132/><F115/><W111/><G32/><T70/><D70/><U65/><E38/><V26/><F124/><W89/><G134/><T4/><D105/><U60/><E109/><V16/><F132/><W51/><G97/><T81/><D116/><U96/><E119/><V112/><F112/><W15/><G111/><T55/><D4/><U48/><E135/><V61/><F49/><W41/><G41/><T133/><D133/><U91/><E127/><V120/><F120/><W10/><G20/><T117/><D117/><U58/><E107/><V118/><F118/><W104/><G104/><T129/><D129/><U45/><E30/><V108/><F108/><W23/><G23/><T85/><D94/><U99/><E66/><V69/><F69/><W76/><G76/><T56/><D56/><U74/><E19/><V35/><F5/><W130/><G130/><T77/><D42/><U101/><E101/><V9/><F78/><W87/><G89/><T95/><D95/><U54/><REACH who="1" step="1"/><E96/><REACH who="1" ten="229,233,106,422" step="2"/><V79/><F79/><W92/><G68/><T40/><D126/><U84/><AGARI ba="2,1" hai="45,48,54,58,60,65,74,75,83,84,91,99,100,106" machi="84" ten="30,7900,0" yaku="1,1,2,1,0,1,52,1,53,0" doraHai="80" doraHaiUra="128" who="1" fromWho="1" sc="229,-22,233,95,106,-22,422,-41" /><INIT seed="4,0,0,5,0,75" ten="207,328,84,381" oya="0" hai0="68,123,6,60,128,88,41,23,12,81,0,32,3" hai1="76,21,54,5,96,99,52,113,127,122,115,104,22" hai2="95,29,91,28,94,97,119,43,10,62,26,51,53" hai3="33,87,105,27,46,17,134,42,15,39,48,133,30"/><T130/><D32/><U71/><E71/><V56/><F119/><W86/><G105/><T63/><D123/><U38/><E122/><V118/><F118/><W74/><G74/><T129/><D41/><U65/><E65/><V102/><F10/><W82/><G39/><T131/><N who="0" m="33280" /><DORA hai="44" /><T120/><D120/><U80/><E38/><V34/><F29/><W24/><G24/><T20/><D68/><U90/><E5/><V8/><F8/><W2/><G2/><N who="0" m="555" /><D6/><U126/><E90/><V125/><F125/><N who="1" m="47625" /><E104/><V37/><F37/><W13/><G86/><N who="0" m="50255" /><D12/><U19/><E21/><AGARI ba="0,0" hai="20,21,23,60,63" m="50255,555,33280" machi="21" ten="60,5800,0" yaku="19,1,54,1" doraHai="75,44" who="0" fromWho="1" sc="207,58,328,-58,84,0,381,0" /><INIT seed="4,1,0,2,2,80" ten="265,270,84,381" oya="0" hai0="84,15,96,112,86,31,83,33,75,7,119,132,72" hai1="101,110,127,125,60,69,59,64,63,73,1,12,27" hai2="88,39,116,111,95,51,131,28,23,9,32,52,46" hai3="89,20,41,92,120,113,56,134,58,97,128,5,0"/><T107/><D119/><U93/><E110/><V53/><F111/><W94/><G134/><T42/><D112/><U35/><E1/><V105/><F116/><W55/><G113/><T114/><D114/><U50/><E73/><V74/><F74/><W67/><G128/><T103/><D132/><U133/><E133/><V43/><F131/><W130/><G130/><T123/><D123/><U44/><E12/><V115/><F115/><W124/><G124/><N who="1" m="47690" /><E27/><V126/><F126/><W19/><G41/><T2/><D2/><U36/><E35/><V66/><F105/><W16/><G67/><T49/><D33/><U18/><E18/><V22/><F66/><W17/><G56/><T71/><D31/><U24/><E24/><V109/><F109/><W21/><G120/><T8/><D71/><U11/><E11/><V78/><F78/><W29/><G29/><T121/><D121/><U37/><E101/><V4/><F53/><W3/><G5/><T129/><D129/><U26/><E93/><V30/><F32/><W82/><G82/><T106/><D106/><U108/><E26/><V45/><F30/><W117/><G117/><T90/><REACH who="0" step="1"/><D86/><REACH who="0" ten="255,270,84,381" step="2"/><U91/><E108/><V135/><F135/><W100/><G3/><T48/><D48/><U70/><E70/><V68/><F68/><W10/><G0/><T57/><D57/><U61/><E69/><V76/><F28/><W38/><G38/><T77/><D77/><U14/><E37/><V6/><F76/><W65/><G58/><T118/><D118/><U25/><E36/><V104/><F104/><W99/><G99/><RYUUKYOKU ba="1,1" sc="255,30,270,-10,84,-10,381,-10" hai0="7,8,15,42,49,72,75,83,84,90,96,103,107" /><INIT seed="4,2,1,3,0,102" ten="285,260,74,371" oya="0" hai0="129,32,128,82,42,30,27,1,93,9,55,124,17" hai1="106,34,18,119,94,25,3,47,4,58,61,96,79" hai2="7,21,72,40,73,52,112,38,130,98,83,28,37" hai3="49,20,104,115,97,70,56,92,120,50,90,110,69"/><T84/><D42/><U31/><E119/><V33/><F33/><W121/><G110/><T80/><D124/><U88/><E79/><V41/><F112/><W60/><G115/><T10/><D93/><U75/><E75/><V113/><F113/><W0/><G0/><T86/><D55/><U67/><E47/><V122/><F122/><N who="3" m="47211" /><G20/><T15/><D1/><U43/><E43/><V118/><F130/><N who="0" m="50282" /><D10/><U132/><E132/><V45/><F118/><W51/><G104/><T101/><D101/><U87/><E3/><V26/><F7/><W133/><G133/><T105/><D105/><U19/><E4/><V16/><F28/><W68/><G68/><T100/><D100/><U109/><E109/><V76/><F73/><W66/><AGARI ba="2,1" hai="49,50,51,56,60,66,69,70,90,92,97" m="47211" machi="66" ten="30,1100,0" yaku="13,1" doraHai="102" who="3" fromWho="3" sc="285,-7,260,-5,74,-5,371,27" /><INIT seed="5,0,0,4,5,19" ten="278,255,69,398" oya="1" hai0="90,112,110,125,60,84,133,122,85,51,109,115,80" hai1="17,134,44,18,61,87,96,76,63,24,12,78,103" hai2="117,32,53,21,70,114,131,4,46,100,30,11,27" hai3="43,33,5,106,94,41,62,99,97,88,58,116,64"/><U75/><E75/><V23/><F117/><W10/><G33/><T14/><D60/><U7/><E134/><V69/><F131/><W15/><G116/><T121/><D51/><U83/><E7/><V92/><F114/><N who="0" m="43562" /><D14/><U39/><E76/><V26/><F23/><W28/><G28/><T130/><D130/><U6/><E6/><V124/><F124/><W127/><G127/><T129/><D129/><U16/><E24/><V111/><F111/><N who="0" m="42506" /><D125/><U55/><E12/><V135/><F135/><W22/><G22/><T8/><D8/><U35/><E35/><V0/><F46/><W72/><G72/><T98/><D133/><U128/><E128/><V45/><F45/><W86/><G106/><T101/><D85/><U67/><E67/><V2/><F2/><W82/><G99/><T29/><D29/><U9/><E9/><V20/><F32/><W113/><G113/><T47/><D47/><U93/><E39/><V36/><F36/><W68/><G68/><T132/><D132/><U34/><E34/><V48/><F100/><AGARI ba="0,0" hai="5,10,15,41,43,58,62,64,82,86,88,94,97,100" machi="100" ten="30,3900,0" yaku="7,1,8,1,54,1" doraHai="19" who="3" fromWho="2" sc="278,0,255,0,69,-39,398,39" /><INIT seed="6,0,0,1,1,130" ten="278,255,30,437" oya="2" hai0="102,52,8,93,98,26,37,86,18,132,65,96,40" hai1="76,44,72,2,35,114,128,126,25,63,32,107,41" hai2="104,97,66,17,42,95,79,109,110,38,127,80,10" hai3="113,119,82,46,68,54,129,1,56,36,30,116,60"/><V111/><F127/><W5/><G129/><T53/><D132/><U81/><E128/><V123/><F123/><W87/><G68/><T108/><D108/><U34/><E126/><V59/><F104/><W106/><G106/><T47/><D65/><U24/><E114/><V20/><F10/><W120/><G120/><T11/><D11/><U69/><E107/><V101/><F42/><W14/><G1/><T12/><D96/><U100/><E100/><V89/><F38/><W91/><G113/><T121/><D121/><U23/><E23/><V3/><F3/><W118/><G30/><T117/><D117/><U62/><E2/><V0/><F0/><W57/><G36/><T99/><D99/><U45/><E45/><V92/><F92/><W55/><G46/><T7/><D86/><U48/><REACH who="1" step="1"/><E63/><REACH who="1" ten="278,245,30,437" step="2"/><N who="2" m="38271" /><F101/><W115/><G115/><T61/><D61/><U122/><E122/><V33/><F33/><W31/><G116/><T51/><D37/><U135/><E135/><V85/><F20/><AGARI ba="0,1" hai="7,8,12,18,20,26,40,47,51,52,53,93,98,102" machi="20" ten="40,2600,0" yaku="8,1,54,1" doraHai="130" who="0" fromWho="2" sc="278,36,245,0,30,-26,437,0" /><INIT seed="7,0,0,2,3,32" ten="314,245,4,437" oya="3" hai0="58,116,17,23,6,108,18,85,55,15,30,52,11" hai1="106,63,10,42,74,107,94,81,73,95,54,40,4" hai2="39,132,8,98,33,102,119,46,16,135,34,20,48" hai3="53,38,59,9,29,47,2,62,134,87,49,56,67"/><W3/><G134/><N who="2" m="51241" /><F119/><W105/><G105/><T89/><D108/><U79/><E63/><V93/><F39/><W117/><G117/><T83/><D116/><U123/><E123/><V109/><F8/><W126/><G126/><T90/><D55/><U7/><E10/><V1/><F1/><W88/><G9/><T57/><D58/><U45/><E45/><V36/><F36/><W130/><G29/><T103/><D103/><U64/><E64/><V80/><F80/><W68/><G130/><T100/><D100/><U114/><E114/><V125/><F125/><W0/><REACH who="3" step="1"/><G38/><REACH who="3" ten="314,245,4,427" step="2"/><T101/><D30/><U28/><E28/><V14/><F109/><W44/><G44/><T97/><D23/><U111/><E111/><V75/><F75/><W128/><G128/><T110/><D110/><U66/><E66/><V133/><N who="2" m="51249" /><V24/><DORA hai="120" /><F14/><W113/><G113/><T99/><D15/><U25/><E25/><V35/><F35/><W22/><G22/><T50/><D11/><U96/><E54/><AGARI ba="0,1" hai="16,20,24,33,34,46,48,54,93,98,102" m="51249" machi="54" ten="40,2600,0" yaku="20,1,54,1" doraHai="32,120" who="2" fromWho="1" sc="314,0,245,-26,4,36,427,0" owari="314,11.0,219,-18.0,40,-46.0,427,53.0" /></mjloggm>