<mjloggm ver="2.3"><GO type="169" lobby="0"/><UN n0="%68%61%79%61%74%6F%E2%98%86" n1="%E3%82%A6%E3%83%AB%E3%83%88%E3%83%A9%E7%AB%8B%E7%9B%B4" n2="%E3%81%9F%E3%82%93%E3%81%AB%E3%82%83%E3%81%8A%EF%BC%81" n3="%E3%83%94%E3%82%AB%E5%90%BE%E9%83%8E" dan="17,17,16,16" rate="2293.87,2144.03,2150.34,2124.07" sx="M,M,M,M"/><TAIKYOKU oya="0"/><INIT seed="0,0,0,4,0,8" ten="250,250,250,250" oya="0" hai0="126,45,117,95,61,134,78,86,44,80,36,10,121" hai1="6,21,31,14,24,96,50,113,125,65,89,28,69" hai2="12,15,110,118,63,7,58,49,18,39,64,48,114" hai3="92,27,84,1,119,102,59,43,90,29,105,88,74"/><T112/><D121/><U93/><E125/><V16/><F114/><W82/><G1/><T23/><D112/><U25/><E113/><V123/><F123/><W13/><G119/><T128/><D117/><U26/><E69/><V75/><F39/><W127/><G127/><T17/><D126/><U109/><E109/><V83/><F118/><W68/><G68/><T103/><D36/><U67/><E50/><N who="2" m="19563" /><F110/><W54/><G43/><T132/><D10/><N who="1" m="4439" /><E21/><N who="2" m="11423" /><F75/><W101/><G105/><T60/><D128/><U116/><E116/><V85/><F7/><W52/><G74/><T41/><D41/><U57/><E57/><V120/><F120/><W38/><G59/><T32/><D32/><U20/><E20/><N who="2" m="11335" /><F85/><W104/><G104/><T3/><D3/><U53/><E28/><V56/><F56/><W131/><G29/><T9/><D9/><U99/><E31/><V107/><F107/><W70/><G70/><T94/><D86/><U115/><E115/><V62/><F62/><W135/><G131/><T87/><D60/><U73/><E73/><V133/><F133/><W130/><G135/><T47/><D61/><U79/><E25/><V5/><F5/><W100/><G27/><T2/><D2/><U51/><E24/><V55/><F83/><W129/><G38/><T71/><D71/><U11/><E26/><V108/><F108/><W124/><G124/><T42/><D132/><U19/><E51/><V111/><F111/><W122/><G122/><T0/><D0/><U98/><E11/><V66/><AGARI ba="0,0" hai="55,58,63,64,66" m="11335,11423,19563" machi="66" ten="30,7900,0" yaku="8,1,52,2,54,1" doraHai="8" who="2" fromWho="2" sc="250,-39,250,-20,250,79,250,-20" /><INIT seed="1,0,0,1,2,33" ten="211,230,329,230" oya="1" hai0="51,90,65,97,7,73,71,28,123,126,112,20,133" hai1="131,135,34,104,110,84,57,13,98,105,128,4,78" hai2="92,11,26,31,108,3,117,106,134,47,21,45,115" hai3="8,107,127,69,93,59,103,64,129,32,50,10,114"/><U94/><E34/><V58/><F106/><N who="1" m="41065" /><E57/><V61/><F117/><W55/><G107/><T48/><D73/><U62/><E13/><V77/><F108/><W81/><G32/><T76/><D76/><U83/><E62/><V130/><F130/><N who="1" m="49705" /><E4/><V79/><F134/><W27/><G129/><T91/><D28/><U24/><E24/><V42/><F115/><W116/><G27/><T63/><D20/><U111/><E135/><V119/><F119/><W37/><G10/><T74/><D7/><U15/><E15/><V85/><F3/><W109/><G114/><T0/><D0/><U86/><E86/><V89/><F11/><W38/><G8/><T132/><D63/><U54/><E54/><V36/><REACH who="2" step="1"/><F47/><REACH who="2" ten="211,230,319,230" step="2"/><W56/><G116/><T19/><D112/><U41/><E41/><V75/><F75/><W66/><G109/><T72/><D74/><U5/><E5/><V102/><F102/><AGARI ba="0,1" hai="78,83,84,94,98,102,110,111" m="49705,41065" machi="102" ten="40,7700,0" yaku="19,1,34,2" doraHai="33" who="1" fromWho="2" sc="211,0,230,87,319,-77,230,0" /><INIT seed="1,1,0,1,4,28" ten="211,317,242,230" oya="1" hai0="15,109,75,18,27,1,127,6,135,71,92,131,59" hai1="93,95,61,52,118,83,48,58,62,99,41,80,38" hai2="94,115,77,26,97,24,37,87,81,90,60,111,85" hai3="107,100,57,21,2,65,13,117,54,49,120,31,4"/><U45/><E118/><V55/><F37/><W40/><G2/><T104/><D104/><U17/><E17/><V35/><F115/><W78/><G78/><T133/><D71/><U112/><E112/><V123/><F123/><W124/><G107/><T132/><D75/><U102/><E93/><V105/><F111/><W0/><G0/><T25/><D92/><U98/><E98/><V96/><F105/><W50/><G100/><T108/><D59/><U9/><E9/><V122/><F122/><W39/><G39/><T116/><D116/><U66/><REACH who="1" step="1"/><E61/><REACH who="1" ten="211,307,242,230" step="2"/><V69/><F96/><W64/><G117/><T10/><D127/><U128/><E128/><V33/><F97/><W119/><G124/><T32/><D131/><U51/><E51/><V22/><F60/><W46/><G120/><T67/><D108/><U8/><E8/><V114/><F114/><W16/><G119/><T76/><D109/><U11/><E11/><V130/><F130/><W106/><G106/><T43/><D10/><U79/><E79/><V110/><F110/><W3/><G3/><T53/><D76/><U74/><E74/><V19/><F77/><W36/><G36/><T125/><D1/><U82/><E82/><V56/><F81/><W29/><G4/><T20/><D125/><U89/><E89/><V68/><F94/><W88/><G88/><T72/><D72/><U14/><E14/><V103/><F90/><W7/><G7/><T5/><D5/><U42/><E42/><V47/><F19/><W63/><G50/><T101/><D6/><U70/><AGARI ba="1,1" hai="38,41,45,48,52,58,62,66,70,80,83,95,99,102" machi="70" ten="20,18000,2" yaku="1,1,0,1,7,1,24,2,54,1,53,1" doraHai="28" doraHaiUra="44" who="1" fromWho="1" sc="211,-61,307,193,242,-61,230,-61" /><INIT seed="1,2,0,5,1,3" ten="150,500,181,169" oya="1" hai0="79,53,89,127,122,123,117,110,23,98,114,69,120" hai1="82,29,85,72,43,129,20,70,18,11,115,95,96" hai2="48,49,100,37,13,32,58,116,1,19,24,124,21" hai3="39,41,63,54,7,10,33,61,97,57,0,9,87"/><U45/><E70/><V133/><F37/><W80/><G33/><T118/><D69/><U55/><E72/><V126/><F116/><W66/><G97/><T64/><D64/><U40/><E29/><N who="2" m="19495" /><F133/><W93/><G93/><N who="0" m="56623" /><D53/><U84/><E84/><V8/><F100/><W109/><G109/><T101/><D23/><U81/><E11/><V106/><F106/><W31/><G31/><T50/><D50/><N who="2" m="19562" /><F58/><W125/><G10/><T131/><D101/><U86/><E55/><V121/><F121/><W36/><G41/><T17/><D17/><U22/><E18/><V42/><F42/><W15/><G0/><T77/><D110/><U108/><E95/><V12/><F12/><W90/><REACH who="3" step="1"/><G125/><REACH who="3" ten="150,500,181,159" step="2"/><T62/><D127/><U25/><E96/><V74/><F126/><W44/><G44/><T102/><D117/><U103/><E108/><V88/><F124/><W73/><G73/><T76/><D118/><U128/><E45/><V135/><F74/><W27/><G27/><T92/><D120/><U56/><E25/><V83/><F135/><W94/><G94/><T5/><D92/><U28/><E28/><V26/><F1/><W112/><G112/><T59/><D114/><U119/><E115/><V71/><F8/><W78/><G78/><T4/><D122/><U99/><E99/><V105/><F105/><W132/><G132/><T46/><D46/><U38/><E119/><V113/><F113/><W2/><G2/><T130/><D123/><U30/><E30/><V91/><F26/><W6/><G6/><N who="0" m="2667" /><D102/><U16/><E103/><V134/><F134/><W47/><G47/><RYUUKYOKU ba="2,1" sc="150,15,500,-15,181,-15,159,15" hai0="59,62,76,77,79,130,131" hai3="7,9,15,36,39,54,57,61,63,66,80,87,90" /><INIT seed="2,3,1,3,3,67" ten="165,485,166,174" oya="2" hai0="19,127,21,95,2,112,73,0,122,18,13,106,100" hai1="42,134,102,16,91,66,126,105,62,44,82,121,96" hai2="38,50,88,1,37,41,39,117,65,36,118,101,86" hai3="57,11,69,59,23,113,56,71,123,108,27,26,119"/><V125/><N who="2" m="9216" /><DORA hai="15" /><V99/><F1/><W31/><G119/><T53/><D106/><U76/><E91/><V78/><F125/><W130/><G123/><T6/><D122/><U58/><E16/><V35/><F35/><W84/><G108/><T75/><D112/><U128/><E44/><V111/><F111/><W132/><G132/><T48/><D127/><U89/><E89/><V63/><F78/><W34/><G130/><T98/><D2/><U68/><E58/><V114/><F114/><W133/><G133/><T83/><D83/><U10/><E42/><V81/><F50/><W74/><G74/><T22/><D6/><U3/><E128/><V54/><F54/><W72/><G72/><T8/><D0/><U29/><E29/><V9/><F9/><W115/><G11/><T60/><D60/><U107/><E107/><V90/><F90/><W5/><G5/><T131/><D131/><U47/><E47/><V120/><F120/><W52/><G52/><T129/><D129/><U24/><E10/><V64/><F41/><W109/><G109/><T55/><D55/><U79/><E79/><V4/><F4/><W77/><G113/><T20/><REACH who="0" step="1"/><D18/><REACH who="0" ten="155,485,166,174" step="2"/><U7/><E7/><V85/><F65/><W49/><G115/><T28/><D28/><U45/><E3/><V110/><F110/><W32/><G31/><T17/><D17/><U51/><E126/><V135/><F135/><W87/><G77/><T43/><D43/><N who="1" m="25023" /><E134/><V97/><F63/><W93/><G49/><T124/><D124/><U61/><E61/><V12/><F64/><W14/><G14/><RYUUKYOKU ba="3,2" sc="155,30,485,-10,166,-10,174,-10" hai0="8,13,19,20,21,22,48,53,73,75,95,98,100" /><INIT seed="3,4,2,0,5,115" ten="185,475,156,164" oya="3" hai0="21,116,22,68,44,126,134,10,108,121,131,67,80" hai1="15,112,133,89,109,97,90,95,36,26,130,117,14" hai2="93,13,60,30,129,63,45,106,32,83,75,74,86" hai3="27,5,62,79,40,120,34,78,23,127,64,123,56"/><W82/><G34/><T102/><D121/><U124/><E36/><V24/><F106/><W103/><G127/><T28/><D102/><U48/><E112/><V41/><F129/><W19/><G79/><T104/><D104/><U99/><E109/><V35/><F35/><W8/><G40/><T20/><D10/><U0/><E0/><V42/><F93/><W98/><G98/><T11/><D11/><U47/><E133/><V71/><F13/><W85/><REACH who="3" step="1"/><G103/><REACH who="3" ten="185,475,156,154" step="2"/><T81/><D126/><U135/><E124/><V88/><F42/><W122/><G122/><T107/><D134/><U29/><E135/><V113/><F113/><W12/><AGARI ba="4,3" hai="5,8,12,19,23,27,56,62,64,78,82,85,120,123" machi="12" ten="20,3900,0" yaku="1,1,0,1,7,1,53,0" doraHai="115" doraHaiUra="111" who="3" fromWho="3" sc="185,-17,475,-17,156,-17,154,81" /><INIT seed="3,5,0,4,0,110" ten="168,458,139,235" oya="3" hai0="70,14,126,89,101,55,96,49,65,107,135,62,66" hai1="3,23,117,127,48,1,118,124,33,17,58,82,36" hai2="18,15,42,106,111,87,2,131,37,95,30,133,43" hai3="120,25,99,22,28,132,9,29,71,69,91,75,60"/><W67/><G75/><T72/><D72/><U108/><E36/><V93/><F106/><W100/><G120/><T76/><D76/><U85/><E33/><V88/><F2/><N who="1" m="521" /><E108/><V35/><F111/><W10/><G71/><T40/><D66/><U84/><E48/><V115/><F131/><W112/><G132/><T83/><D135/><U53/><E53/><V121/><F133/><W134/><G134/><T114/><D40/><U0/><E58/><V50/><F37/><W52/><G29/><T77/><D14/><N who="1" m="9655" /><E84/><V116/><F116/><N who="1" m="44649" /><E0/><V123/><F95/><W7/><G7/><T109/><D49/><U105/><E105/><V32/><F43/><W130/><G130/><T122/><D55/><U59/><E59/><V41/><F41/><W16/><G52/><T24/><D107/><U79/><AGARI ba="5,0" hai="79,82,85,124,127" m="44649,9655,521" machi="79" ten="40,1500,0" yaku="12,1" doraHai="110" who="1" fromWho="1" sc="168,-9,458,30,139,-9,235,-12" /><INIT seed="4,0,0,1,0,106" ten="159,488,130,223" oya="0" hai0="74,30,115,108,25,11,80,47,134,128,20,85,24" hai1="41,69,50,31,36,132,100,122,0,89,94,32,55" hai2="34,53,76,111,135,10,91,103,5,51,66,35,104" hai3="27,130,101,90,123,15,43,84,58,9,129,116,48"/><T121/><D121/><U23/><E0/><V8/><F111/><W26/><G101/><T13/><D115/><U37/><E32/><V109/><F109/><W77/><G77/><T88/><D128/><N who="3" m="49257" /><G116/><T42/><D134/><U73/><E73/><V117/><F135/><W38/><G38/><T29/><D74/><U71/><E100/><V119/><F76/><W67/><G67/><T105/><D105/><U125/><E37/><V45/><F66/><W6/><G43/><T92/><D108/><U113/><E41/><V44/><F44/><W126/><G126/><T114/><D114/><U75/><E75/><V72/><F72/><W97/><G97/><T65/><D65/><U49/><E36/><V86/><F103/><W120/><G27/><T2/><D2/><U60/><E71/><V64/><F104/><W18/><G26/><T21/><D47/><U131/><E69/><V39/><F64/><W16/><G18/><N who="0" m="8511" /><D42/><U102/><E113/><V7/><F39/><W81/><G6/><N who="2" m="2057" /><F35/><W61/><G61/><T133/><D133/><U93/><E60/><V68/><F34/><W1/><G1/><T78/><D78/><U33/><E132/><V70/><F70/><W19/><G19/><T14/><D14/><U112/><E33/><V82/><F68/><W95/><G120/><T12/><D12/><U22/><E112/><V107/><F107/><W98/><G123/><T28/><D28/><U17/><E31/><V59/><F45/><W99/><G58/><T56/><D56/><N who="1" m="32879" /><E122/><V46/><F46/><W79/><G48/><T118/><D118/><AGARI ba="0,0" hai="8,10,51,53,59,82,86,91,117,118,119" m="2057" machi="118" ten="30,1000,0" yaku="12,1" doraHai="106" who="2" fromWho="0" sc="159,-10,488,0,130,10,223,0" /><INIT seed="5,0,0,1,3,95" ten="149,488,140,223" oya="1" hai0="106,54,112,12,122,68,130,34,43,116,40,45,49" hai1="79,46,91,38,126,3,51,134,58,100,115,48,52" hai2="117,62,101,6,56,61,36,73,47,19,81,118,85" hai3="125,71,20,86,96,75,72,16,123,55,78,108,99"/><U135/><E3/><V133/><F73/><W120/><G71/><T44/><D34/><U124/><E79/><V1/><F133/><N who="1" m="50697" /><E100/><V70/><F70/><W5/><G108/><T97/><D116/><U89/><E89/><V65/><F19/><W23/><G5/><T69/><D122/><U13/><E91/><V35/><F35/><W94/><G55/><T105/><D112/><U59/><E13/><V29/><F29/><W77/><G94/><T31/><D12/><U66/><E115/><V0/><F101/><W107/><G86/><T41/><D31/><U2/><E2/><V113/><F113/><W24/><G24/><T25/><D25/><U92/><E92/><V121/><F121/><W82/><G82/><T93/><D130/><U30/><E30/><V50/><F36/><W87/><G87/><T90/><D68/><U67/><E38/><V98/><F1/><W4/><G4/><T127/><D69/><U21/><E21/><V15/><F15/><W10/><G10/><T131/><D131/><U104/><E104/><V18/><F18/><W74/><G74/><T109/><D109/><U32/><E32/><V26/><F26/><W114/><G114/><T42/><REACH who="0" step="1"/><D127/><REACH who="0" ten="139,488,140,223" step="2"/><U83/><E124/><V111/><F111/><W57/><G125/><T102/><D102/><U14/><E14/><V88/><F0/><W63/><G120/><T80/><D80/><U28/><E83/><V53/><F6/><W119/><G123/><T27/><D27/><U64/><E28/><V60/><F98/><W7/><G99/><T17/><D17/><U22/><E126/><RYUUKYOKU ba="0,1" sc="139,15,488,-15,140,15,223,-15" hai0="40,41,42,43,44,45,49,54,90,93,97,105,106" hai2="47,50,53,56,60,61,62,65,81,85,88,117,118" /><INIT seed="6,1,1,1,1,75" ten="154,473,155,208" oya="2" hai0="34,68,20,97,121,35,78,17,124,108,52,30,64" hai1="112,131,10,55,81,89,109,61,113,49,50,28,106" hai2="24,118,104,33,86,119,134,83,117,36,57,102,128" hai3="2,110,67,111,132,98,105,135,90,26,126,74,96"/><V76/><F36/><W19/><G2/><T38/><D121/><U100/><E100/><V107/><F128/><W120/><G67/><T16/><D38/><U51/><E106/><V45/><F134/><N who="3" m="51243" /><G74/><T79/><D108/><U80/><E28/><V39/><F57/><W56/><G56/><T77/><D64/><U48/><E61/><V69/><F69/><W13/><G26/><T22/><D68/><U29/><E29/><V71/><F71/><W72/><G72/><T65/><D65/><U14/><E89/><V92/><F24/><W25/><G25/><T11/><D30/><U32/><E32/><N who="0" m="12329" /><D97/><U58/><E131/><V95/><F33/><W54/><G54/><T85/><D85/><U5/><E109/><V70/><F70/><W130/><G130/><T123/><D123/><U23/><E23/><N who="0" m="8745" /><D52/><U42/><E42/><V116/><N who="2" m="29696" /><DORA hai="3" /><V91/><F39/><W0/><G98/><T60/><D11/><U93/><E93/><N who="2" m="35915" /><F45/><W44/><G44/><T41/><D41/><U122/><E122/><V73/><F102/><N who="3" m="62663" /><G120/><T84/><D84/><U115/><AGARI ba="1,1" hai="5,10,14,48,49,50,51,55,58,80,81,112,113,115" machi="115" ten="40,5200,0" yaku="0,1,15,1,52,1" doraHai="75,3" who="1" fromWho="1" sc="154,-14,473,65,155,-27,208,-14" /><INIT seed="7,0,0,1,3,114" ten="140,538,128,194" oya="3" hai0="67,18,66,25,16,53,72,127,128,28,112,73,69" hai1="6,81,65,54,30,123,42,52,63,115,3,39,135" hai2="71,68,0,74,24,4,89,27,51,8,56,106,97" hai3="121,119,45,9,44,37,85,12,99,75,101,109,33"/><W133/><G75/><T48/><D112/><U41/><E30/><V23/><F74/><W46/><G33/><T1/><D1/><U7/><E42/><V107/><F27/><W108/><G133/><T5/><D5/><U104/><E52/><V87/><F51/><W11/><G121/><T15/><D69/><U36/><E7/><V83/><F56/><W43/><G85/><T100/><D100/><U126/><E81/><V118/><F118/><W2/><G2/><T82/><D72/><U110/><E54/><V132/><F132/><W124/><G11/><T111/><D111/><N who="3" m="42569" /><G124/><T90/><D127/><U92/><E3/><V26/><F26/><W94/><G119/><T13/><D73/><U125/><E125/><V117/><F117/><W84/><G84/><N who="0" m="50455" /><D28/><U96/><E126/><V80/><F80/><W95/><G94/><T60/><D60/><U91/><E63/><V77/><F107/><W38/><G38/><T57/><D128/><U93/><E135/><V64/><F64/><N who="0" m="24618" /><D18/><AGARI ba="0,0" hai="9,12,18,37,43,44,45,46,95,99,101" m="42569" machi="18" ten="30,1500,0" yaku="10,1" doraHai="114" who="3" fromWho="0" sc="140,-15,538,0,128,0,194,15" /><INIT seed="7,1,0,3,2,60" ten="125,538,128,209" oya="3" hai0="21,16,74,0,62,72,127,128,40,47,75,131,97" hai1="120,89,29,67,76,17,135,27,118,115,104,107,98" hai2="3,49,129,96,13,73,14,12,36,58,25,111,103" hai3="38,106,83,23,130,11,20,77,93,101,92,48,55"/><W2/><G38/><N who="0" m="21911" /><D0/><U30/><E115/><V124/><F111/><W110/><G106/><T87/><D97/><U132/><E67/><V65/><F73/><W28/><G130/><N who="0" m="49707" /><D127/><U33/><E30/><V126/><F129/><W82/><G28/><T112/><D112/><U56/><E56/><V53/><F36/><W22/><G83/><T45/><D45/><U88/><E88/><V44/><F3/><W109/><G11/><T121/><D121/><U95/><E118/><V81/><F81/><W102/><G93/><T57/><D87/><U70/><E70/><V122/><F25/><W80/><G80/><T51/><D51/><U105/><E76/><V35/><F35/><W78/><G78/><T59/><D62/><U19/><E120/><V54/><F122/><W69/><G92/><T85/><D85/><U6/><E6/><V26/><F26/><AGARI ba="1,0" hai="16,21,26,57,59,72,74,75" m="49707,21911" machi="26" ten="40,2600,0" yaku="19,1,54,1" doraHai="60" who="0" fromWho="2" sc="125,29,538,0,128,-29,209,0" owari="154,-25.0,538,64.0,99,-40.0,209,1.0" /></mjloggm>