<mjloggm ver="2.3"><GO type="97" lobby="0"/><UN n0="%E3%80%93%E6%9A%81%E7%B4%80%E3%80%93" n1="%E3%83%9F%E3%82%BF%E3%83%A2%E3%83%B3" n2="%E3%81%98%E3%82%83%E3%82%80%E2%99%AD" n3="%E3%82%A6%E3%83%AB%E3%83%88%E3%83%A9%E7%AB%8B%E7%9B%B4" dan="15,13,14,15" rate="1972.93,1870.65,1908.58,2063.25" sx="M,M,M,M"/><TAIKYOKU oya="0"/><INIT seed="0,0,0,3,1,41" ten="250,250,250,250" oya="0" hai0="0,11,53,95,62,51,104,128,81,107,57,49,48" hai1="89,71,85,24,94,133,73,113,129,18,52,3,5" hai2="37,21,131,33,93,13,30,121,134,2,63,82,58" hai3="79,101,118,31,45,46,70,83,91,78,88,125,123"/><T66/><D128/><U130/><E73/><V77/><F2/><W47/><G70/><T135/><D135/><U56/><E133/><V14/><F121/><W87/><G123/><T127/><D127/><U36/><E36/><V28/><F134/><W38/><G38/><T7/><D81/><U6/><E113/><V84/><F131/><N who="1" m="50185" /><E71/><V76/><F76/><N who="3" m="29227" /><G125/><T42/><D42/><U4/><E3/><V119/><F119/><W55/><G118/><T54/><REACH who="0" step="1"/><D95/><REACH who="0" ten="240,250,250,250" step="2"/><U64/><E94/><V1/><F93/><N who="3" m="54431" /><G31/><T126/><D126/><U35/><E4/><V32/><F28/><W115/><G115/><T96/><D96/><U111/><E5/><V99/><F30/><W106/><G106/><AGARI ba="0,1" hai="0,7,11,48,49,51,53,54,57,62,66,104,106,107" machi="106" ten="40,7700,0" yaku="1,1,53,2" doraHai="41" doraHaiUra="50" who="0" fromWho="3" sc="240,87,250,0,250,0,250,-77" /><INIT seed="0,1,0,0,5,1" ten="327,250,250,173" oya="0" hai0="21,43,81,116,34,128,78,29,65,15,68,26,90" hai1="60,133,109,32,39,77,94,127,69,0,79,92,12" hai2="113,75,40,3,57,71,36,31,17,129,62,33,42" hai3="72,52,13,106,20,58,130,8,48,100,16,80,108"/><T121/><D116/><U51/><E32/><V24/><F113/><W82/><G130/><T118/><D118/><U95/><E39/><V126/><F129/><W134/><G134/><T19/><D121/><U11/><E133/><V61/><F75/><W44/><G108/><T6/><D128/><U35/><E109/><V25/><F126/><W91/><G100/><T38/><D90/><U9/><E35/><V10/><F71/><W93/><G106/><T50/><D50/><U53/><E127/><V73/><F73/><W87/><G72/><T119/><D119/><U66/><E0/><V122/><F122/><W103/><G103/><T131/><D131/><U63/><E63/><V112/><F112/><W88/><G91/><T96/><D96/><U2/><E2/><V97/><F97/><W67/><G67/><T22/><D65/><U125/><E125/><V27/><F61/><N who="3" m="36039" /><G20/><T102/><D68/><U83/><E83/><V28/><F36/><W5/><G5/><T56/><D102/><U132/><E132/><V74/><F74/><W76/><G76/><T37/><D78/><U46/><E11/><V59/><F33/><W49/><G49/><T123/><D34/><U135/><E135/><V7/><F62/><W47/><G47/><T101/><D123/><U124/><E124/><V85/><F3/><W18/><G18/><T98/><D19/><U120/><E120/><V23/><F17/><W105/><G105/><T4/><D38/><U99/><E99/><V54/><F28/><W64/><G64/><T41/><D37/><U107/><E107/><V84/><F31/><RYUUKYOKU ba="1,0" sc="327,-15,250,15,250,-15,173,15" hai1="9,12,46,51,53,60,66,69,77,79,92,94,95" hai3="8,13,16,44,48,80,82,87,88,93" /><INIT seed="1,2,0,3,2,65" ten="312,265,235,188" oya="1" hai0="79,106,72,98,91,119,30,134,48,49,37,58,126" hai1="9,2,16,59,62,107,67,114,7,27,61,1,38" hai2="52,13,69,131,123,89,85,31,122,28,77,133,102" hai3="70,88,130,75,51,5,73,125,101,20,17,129,25"/><U82/><E107/><V93/><F131/><N who="3" m="50187" /><G101/><T29/><D119/><U44/><E114/><V18/><F133/><W132/><G5/><T108/><D108/><U32/><E38/><V96/><F77/><W128/><N who="3" m="50195" /><W109/><DORA hai="86" /><G109/><T55/><D134/><U39/><E39/><V81/><F69/><W90/><G132/><T40/><D126/><U135/><E135/><V26/><F52/><W3/><G3/><T56/><D79/><U42/><E1/><V57/><F57/><W80/><G125/><T21/><D72/><N who="3" m="27721" /><G80/><T103/><D37/><U78/><E62/><V36/><F36/><W15/><G70/><T110/><D110/><U94/><E78/><V83/><F83/><W76/><G76/><T60/><D40/><U8/><E82/><V22/><REACH who="2" step="1"/><F31/><REACH who="2" ten="312,265,225,188" step="2"/><N who="3" m="17831" /><G51/><T11/><D48/><U112/><E112/><V23/><AGARI ba="2,1" hai="13,18,22,23,26,28,81,85,89,93,96,102,122,123" machi="23" ten="20,8000,1" yaku="1,1,0,1,7,1,52,1,53,1" doraHai="65,86" doraHaiUra="121,92" who="2" fromWho="2" sc="312,-22,265,-42,225,96,188,-22" /><INIT seed="2,0,0,5,0,126" ten="290,223,321,166" oya="2" hai0="72,90,77,6,116,135,106,100,37,89,60,121,76" hai1="33,24,7,41,51,86,67,9,39,23,47,68,103" hai2="65,120,28,130,73,64,12,115,61,26,128,123,95" hai3="84,62,91,16,56,54,111,31,57,50,8,112,79"/><V53/><F115/><W15/><G111/><T29/><D121/><N who="2" m="46666" /><F73/><W81/><G112/><T18/><D106/><U114/><E114/><V131/><F12/><W5/><G31/><T38/><D37/><U92/><E33/><N who="2" m="20631" /><F95/><W49/><G49/><T13/><D38/><U129/><E68/><V21/><F21/><W4/><REACH who="3" step="1"/><G79/><REACH who="3" ten="290,223,321,156" step="2"/><N who="0" m="30283" /><D116/><U104/><E51/><V42/><F42/><W122/><G122/><T94/><D29/><U55/><E41/><V27/><F27/><W98/><G98/><T87/><D72/><U25/><E24/><V35/><F35/><W133/><G133/><T11/><D135/><U3/><E25/><V46/><F61/><W88/><G88/><N who="0" m="53535" /><D60/><U43/><E39/><V48/><AGARI ba="0,1" hai="46,48,53,64,65,128,130,131" m="20631,46666" machi="48" ten="40,12000,1" yaku="19,1,52,3" doraHai="126" who="2" fromWho="2" sc="290,-40,223,-40,321,130,156,-40" /><INIT seed="2,1,0,1,0,37" ten="250,183,451,116" oya="2" hai0="74,90,105,47,41,39,17,49,72,23,85,92,57" hai1="81,91,99,128,11,94,107,78,84,15,13,45,36" hai2="61,69,54,35,95,113,71,86,52,63,79,4,67" hai3="25,43,130,123,8,110,34,20,109,51,76,135,104"/><V27/><F113/><W6/><G104/><T114/><D105/><U124/><E124/><V116/><F116/><W19/><G123/><T75/><D114/><U70/><E70/><V14/><F35/><W125/><G125/><T56/><REACH who="0" step="1"/><D39/><REACH who="0" ten="240,183,451,116" step="2"/><U126/><E36/><V80/><F69/><W115/><G115/><T73/><N who="0" m="18432" /><DORA hai="96" /><T24/><AGARI ba="1,1" hai="17,23,24,41,47,49,56,57,85,90,92" m="18432" machi="24" ten="60,8000,1" yaku="1,1,4,1,0,1,52,1,53,1" doraHai="37,96" doraHaiUra="134,88" who="0" fromWho="0" sc="240,93,183,-21,451,-41,116,-21" /><INIT seed="3,0,0,1,3,28" ten="333,162,410,95" oya="3" hai0="113,86,68,61,124,63,73,38,89,107,117,81,26" hai1="123,40,76,132,15,70,67,104,29,114,75,6,45" hai2="51,79,120,115,64,93,60,21,30,108,39,99,83" hai3="65,105,112,25,50,121,27,103,12,95,57,49,110"/><W36/><G105/><T19/><D117/><U47/><E114/><V22/><F115/><W116/><G36/><T55/><D113/><U54/><E123/><V101/><F39/><W52/><G121/><T102/><D124/><U59/><E29/><V41/><F120/><W129/><G116/><T84/><D73/><U97/><E104/><V8/><F8/><W96/><G112/><T71/><D38/><U48/><E132/><V111/><F41/><W0/><G0/><T127/><D127/><U10/><E97/><V94/><F94/><W82/><G129/><T37/><D37/><U122/><E122/><V20/><F51/><W18/><G110/><N who="2" m="42025" /><F30/><W32/><G32/><T31/><D86/><U46/><E75/><N who="2" m="43519" /><F20/><W134/><G134/><T133/><D19/><U53/><E76/><V23/><F23/><W109/><G109/><T98/><D133/><U125/><E125/><V88/><F101/><W66/><G82/><T56/><REACH who="0" step="1"/><D61/><REACH who="0" ten="323,162,410,95" step="2"/><U80/><E6/><V44/><F44/><W5/><G5/><T42/><D42/><U13/><E40/><V58/><AGARI ba="0,1" hai="21,22,58,60,64,88,93,99" m="43519,42025" machi="58" ten="30,2000,0" yaku="14,1,54,1" doraHai="28" who="2" fromWho="2" sc="323,-5,162,-5,410,30,95,-10" owari="318,12.0,157,-24.0,440,53.0,85,-41.0" /></mjloggm>