<mjloggm ver="2.3"><GO type="97" lobby="0"/><UN n0="%41%71%61%62%61%21" n1="%E5%B0%B1%E6%B4%BB%E7%94%9F%40%E5%B7%9D%E6%9D%91%E8%BB%8D%E5%9B%A3" n2="%6E%61%64%61%72" n3="%E3%83%97%E3%83%AD%E3%83%96%E3%83%AD%E3%82%AC%E3%83%BC%EF%BC%A0%E9%B7%B9" dan="15,14,13,14" rate="2062.20,1966.70,1861.53,1962.66" sx="M,M,M,M"/><TAIKYOKU oya="0"/><INIT seed="0,0,0,2,3,40" ten="250,250,250,250" oya="0" hai0="126,77,104,42,127,27,50,18,75,44,123,29,97" hai1="112,39,82,47,85,99,60,94,109,80,106,17,26" hai2="100,90,54,134,24,52,132,36,16,5,45,69,59" hai3="93,13,14,9,88,108,70,86,68,66,62,63,38"/><T115/><D123/><U4/><E106/><V46/><F69/><W48/><G38/><T95/><D115/><U10/><E112/><V11/><F100/><W79/><G108/><T65/><D104/><U0/><E109/><V111/><F111/><W124/><G124/><T110/><D110/><U25/><E60/><V101/><F101/><W61/><G79/><T67/><D77/><U33/><E33/><V53/><F90/><W96/><G14/><T30/><D75/><U84/><E84/><V121/><F121/><W15/><G15/><T76/><D76/><U91/><E17/><V20/><F59/><W57/><G96/><T49/><D49/><U74/><E82/><V1/><F36/><W117/><G117/><T129/><D129/><U119/><E119/><V98/><F98/><W71/><REACH who="3" step="1"/><G48/><REACH who="3" ten="250,250,250,240" step="2"/><T89/><D18/><AGARI ba="0,1" hai="9,13,18,57,61,62,63,66,68,70,71,86,88,93" machi="18" ten="40,5200,0" yaku="1,1,2,1,54,1,53,0" doraHai="40" doraHaiUra="41" who="3" fromWho="0" sc="250,-52,250,0,250,0,240,62" /><INIT seed="1,0,0,1,0,92" ten="198,250,250,302" oya="1" hai0="30,65,27,4,112,106,5,23,63,126,16,77,97" hai1="113,1,61,53,6,80,75,116,40,74,34,39,102" hai2="134,119,51,3,20,111,0,135,81,29,88,58,90" hai3="70,123,62,43,10,64,110,95,17,44,41,32,50"/><U19/><E113/><V55/><F119/><W59/><G32/><T72/><D112/><U73/><E116/><V131/><F131/><W9/><G123/><T66/><D126/><U84/><E34/><V107/><F107/><W86/><G110/><T47/><D77/><U133/><E133/><N who="2" m="50699" /><F111/><W94/><G70/><T98/><D72/><U121/><E121/><V118/><F118/><W45/><G17/><T56/><D66/><U60/><E102/><V18/><F29/><W37/><G86/><T85/><D85/><U96/><E96/><N who="0" m="36969" /><D106/><U79/><E53/><V87/><F90/><W28/><G28/><T132/><D132/><U42/><E19/><V13/><AGARI ba="0,0" hai="0,3,13,18,20,51,55,58,81,87,88" m="50699" machi="13" ten="30,2000,0" yaku="20,1,54,1" doraHai="92" who="2" fromWho="2" sc="198,-5,250,-10,250,20,302,-5" /><INIT seed="2,0,0,3,3,50" ten="193,240,270,297" oya="2" hai0="83,121,110,13,124,51,96,127,66,42,24,99,0" hai1="28,31,54,78,21,123,43,47,100,6,75,18,10" hai2="111,80,29,19,114,109,61,81,7,27,37,1,67" hai3="73,102,71,92,4,84,93,134,108,129,15,35,85"/><V97/><F114/><W119/><G35/><T131/><D0/><U117/><E123/><V55/><F37/><W20/><G71/><T23/><D121/><U95/><E117/><V2/><F19/><W135/><G119/><T12/><D110/><N who="2" m="41994" /><F97/><W98/><G20/><T70/><D131/><U103/><E75/><V133/><F133/><W17/><G17/><T32/><D32/><U105/><E105/><V132/><F132/><W48/><G48/><T62/><D83/><N who="2" m="31818" /><F7/><W69/><G69/><T25/><D99/><U126/><E78/><V41/><F41/><W38/><G38/><T30/><D96/><U104/><E104/><V36/><F36/><W101/><G98/><T57/><D25/><U22/><E43/><V49/><F67/><W58/><G108/><T64/><D42/><U130/><E18/><V120/><F61/><W91/><G4/><T16/><D30/><U59/><E31/><V3/><F120/><W74/><G15/><T87/><D87/><U77/><E28/><V68/><F68/><W94/><G58/><T90/><D90/><U125/><E77/><V72/><F72/><W26/><G26/><T122/><D122/><U45/><E6/><V46/><F3/><W89/><G94/><T116/><D116/><U60/><E95/><V56/><F56/><W34/><G34/><AGARI ba="0,0" hai="1,2,27,29,34,46,49,55" m="31818,41994" machi="34" ten="30,5800,0" yaku="14,1,10,1,52,1" doraHai="50" who="2" fromWho="3" sc="193,0,240,0,270,58,297,-58" /><INIT seed="2,1,0,3,4,7" ten="193,240,328,239" oya="2" hai0="117,23,66,0,60,131,128,54,84,41,68,33,21" hai1="17,10,34,50,15,36,133,122,1,25,103,72,55" hai2="14,2,19,42,43,5,89,90,108,120,32,69,95" hai3="125,16,26,6,53,9,85,38,11,28,91,113,18"/><V79/><F120/><W35/><G38/><T99/><D33/><U111/><E36/><V45/><F69/><W57/><G125/><T59/><D0/><U67/><E122/><V88/><F32/><W70/><G70/><T124/><D124/><U94/><E72/><V106/><F106/><W92/><G113/><T52/><D99/><U98/><E133/><V74/><F108/><W44/><G44/><T64/><D84/><U83/><E111/><V51/><F2/><W123/><G123/><T29/><D29/><U121/><E121/><V118/><F5/><W46/><G46/><T78/><D78/><U40/><E40/><V4/><F4/><W101/><G101/><T126/><D126/><U12/><E1/><V71/><F71/><W109/><G109/><T115/><D115/><U110/><E110/><V134/><F118/><W62/><G11/><T58/><D41/><U82/><E67/><V48/><F134/><W8/><G8/><T39/><D68/><U63/><E63/><V86/><F51/><W114/><G114/><T37/><REACH who="0" step="1"/><D60/><REACH who="0" ten="183,240,328,239" step="2"/><U127/><E127/><V76/><F42/><W56/><REACH who="3" step="1"/><G57/><REACH who="3" ten="183,240,328,229" step="2"/><T116/><AGARI ba="1,2" hai="21,23,37,39,52,54,58,59,64,66,116,117,128,131" machi="116" ten="25,12000,2" yaku="1,1,2,1,0,1,22,2,54,1,53,0" doraHai="7" doraHaiUra="102" who="0" fromWho="0" sc="183,143,240,-31,328,-61,229,-31" /><INIT seed="3,0,0,3,3,113" ten="326,209,267,198" oya="3" hai0="43,112,116,26,6,105,123,126,118,90,130,81,122" hai1="132,0,50,117,107,39,34,100,114,79,58,52,92" hai2="18,30,48,86,46,23,75,73,22,64,36,80,7" hai3="95,101,53,44,87,49,135,103,54,67,17,27,68"/><W131/><G131/><T61/><D43/><U20/><E114/><V108/><F108/><W70/><G135/><T57/><D112/><U121/><E34/><V128/><F128/><W125/><G125/><T94/><D130/><U1/><E39/><V12/><F36/><W77/><G67/><T37/><D37/><U55/><E107/><V65/><F65/><W14/><G27/><T38/><D38/><U9/><E121/><V84/><F84/><W120/><G120/><T89/><D105/><U110/><E110/><V32/><F32/><W85/><G85/><T124/><D26/><U106/><E106/><V111/><F111/><W10/><G70/><T72/><D6/><U99/><E132/><V11/><F23/><W60/><G68/><T19/><D19/><U21/><E79/><V3/><F64/><W51/><G60/><T59/><D61/><U56/><E117/><V25/><F30/><W40/><G40/><T62/><D62/><U102/><E9/><V4/><F4/><W96/><G87/><T88/><D89/><U129/><E129/><V63/><F63/><W76/><REACH who="3" step="1"/><G103/><REACH who="3" ten="326,209,267,188" step="2"/><T98/><D123/><U127/><E127/><V71/><F71/><W109/><G109/><T93/><D122/><U5/><E102/><V133/><F133/><W47/><AGARI ba="0,1" hai="10,14,17,44,47,49,51,53,54,76,77,95,96,101" machi="47" ten="20,12000,1" yaku="1,1,0,1,7,1,9,1,8,1,53,0" doraHai="113" doraHaiUra="115" who="3" fromWho="3" sc="326,-40,209,-40,267,-40,188,130" owari="286,9.0,169,-33.0,227,-17.0,318,41.0" /></mjloggm>