<mjloggm ver="2.3"><GO type="97" lobby="0"/><UN n0="%74%77" n1="%E3%82%A6%E3%83%AB%E3%83%88%E3%83%A9%E7%AB%8B%E7%9B%B4" n2="%53%48%49%53%55%4B%45" n3="%E6%9D%B1%E4%BA%AC%E6%B5%AA%E6%BC%AB" dan="14,15,15,13" rate="1906.66,2041.30,2006.30,1926.48" sx="M,M,M,M"/><TAIKYOKU oya="0"/><INIT seed="0,0,0,4,2,10" ten="250,250,250,250" oya="0" hai0="115,131,108,130,43,97,29,48,98,19,94,14,92" hai1="55,112,26,118,36,39,126,105,129,70,11,81,123" hai2="103,84,63,58,35,78,69,53,111,56,114,116,120" hai3="18,30,133,135,5,33,38,82,54,88,31,102,21"/><T66/><D115/><U93/><E93/><V37/><F114/><W17/><G102/><T50/><D29/><U86/><E86/><V113/><F113/><W20/><G38/><T109/><D66/><U119/><E81/><V127/><F120/><W72/><G54/><T107/><D107/><U65/><E26/><V0/><F69/><W4/><G72/><T22/><D43/><U61/><E11/><V3/><F37/><W71/><G71/><T16/><D22/><N who="3" m="8809" /><G82/><T99/><D99/><U122/><E105/><V41/><F41/><W80/><G88/><T15/><AGARI ba="0,0" hai="14,15,16,19,48,50,92,94,97,98,108,109,130,131" machi="15" ten="25,18000,2" yaku="0,1,22,2,52,2,54,1" doraHai="10" who="0" fromWho="0" sc="250,180,250,-60,250,-60,250,-60" /><INIT seed="0,1,0,4,2,105" ten="430,190,190,190" oya="0" hai0="15,116,1,68,54,130,49,25,53,115,32,62,69" hai1="0,44,75,17,26,119,2,122,23,93,30,58,94" hai2="82,16,24,59,36,66,13,46,91,64,97,72,5" hai3="110,127,19,20,103,35,43,85,87,96,3,132,8"/><T135/><D1/><U101/><E122/><V88/><F36/><W65/><G110/><T27/><D116/><U33/><E119/><V81/><F46/><W90/><G35/><T42/><D115/><U70/><E70/><V83/><F72/><W60/><G127/><T14/><D42/><U57/><E44/><V50/><F24/><W56/><G132/><T92/><D135/><U117/><E117/><V118/><F5/><W39/><G43/><T121/><D121/><U22/><E101/><V7/><F7/><W129/><G39/><T99/><D130/><U134/><E134/><V84/><F97/><W108/><G108/><T111/><D111/><U86/><E86/><V107/><F107/><W124/><G124/><T6/><D6/><U67/><E67/><V63/><F66/><W34/><G34/><T133/><D133/><U21/><E17/><V12/><F12/><W98/><G129/><T9/><D9/><U11/><E11/><V48/><F118/><W112/><G8/><T4/><D4/><U113/><E113/><V77/><F77/><W52/><G3/><T89/><D32/><U123/><E123/><V47/><F47/><W126/><G126/><T95/><D89/><N who="2" m="34378" /><F84/><N who="3" m="32331" /><G103/><T120/><D120/><U114/><E75/><V79/><F79/><W109/><G109/><T40/><D40/><U80/><E80/><N who="2" m="20483" /><V71/><DORA hai="125" /><F71/><N who="3" m="42407" /><G90/><T102/><D102/><U31/><E114/><V41/><F41/><W128/><G112/><T38/><D38/><U55/><E0/><V78/><F78/><W51/><G128/><T104/><D104/><U73/><E2/><RYUUKYOKU ba="1,0" sc="430,-15,190,-15,190,15,190,15" hai2="13,16,48,50,59,63,64" hai3="19,20,51,52,56,96,98" /><INIT seed="1,2,0,3,4,16" ten="415,175,205,205" oya="1" hai0="92,27,84,20,132,110,22,7,112,45,73,86,38" hai1="129,19,96,4,9,118,31,11,49,94,21,79,43" hai2="69,23,97,52,102,46,90,127,93,1,15,101,126" hai3="111,128,87,42,76,24,82,122,77,5,61,135,83"/><U57/><E31/><V30/><F69/><W133/><G111/><T14/><D73/><U117/><E129/><V59/><F1/><W88/><G122/><T50/><D38/><U28/><E28/><V47/><F102/><W89/><G42/><T105/><D105/><U36/><E36/><V33/><F33/><W34/><G5/><T85/><D112/><U18/><E79/><N who="3" m="30282" /><G61/><T60/><D60/><U10/><E19/><V35/><F35/><W65/><G65/><T62/><D62/><U123/><E123/><V124/><F101/><W100/><G34/><T106/><D106/><U2/><E118/><V54/><F54/><W55/><G24/><T104/><D104/><U17/><E17/><N who="2" m="10687" /><F30/><W113/><G55/><N who="0" m="30159" /><D132/><N who="3" m="50761" /><G113/><T78/><D78/><U13/><E117/><V6/><F6/><W12/><G12/><T51/><D51/><AGARI ba="2,0" hai="46,47,51,52,59,90,93,97,124,126,127" m="10687" machi="51" ten="30,3900,0" yaku="18,1,52,1,54,1" doraHai="16" who="2" fromWho="0" sc="415,-45,175,0,205,45,205,0" /><INIT seed="2,0,0,0,0,2" ten="370,175,250,205" oya="2" hai0="18,47,49,126,64,31,128,5,55,99,60,77,17" hai1="109,70,42,51,127,79,56,25,71,84,53,91,48" hai2="134,118,122,38,105,76,1,11,37,0,32,97,28" hai3="50,102,3,22,90,74,43,85,27,123,13,15,69"/><V108/><F122/><W10/><G123/><T101/><D128/><U40/><E79/><V20/><F20/><W106/><G74/><T19/><D31/><U112/><E25/><V29/><F29/><W96/><G69/><N who="1" m="26122" /><E91/><V131/><F118/><W9/><G3/><T36/><D36/><U45/><E84/><V87/><F1/><W41/><G50/><N who="1" m="18986" /><E112/><V116/><F116/><W7/><G22/><T121/><D126/><U4/><E4/><N who="2" m="1415" /><F87/><W120/><G27/><T132/><D132/><U119/><E119/><V113/><F76/><W83/><G120/><T110/><D121/><U6/><E6/><AGARI ba="0,0" hai="6,7,9,10,13,15,41,43,83,85,90,96,102,106" machi="6" ten="30,7700,0" yaku="7,1,9,1,52,2" doraHai="2" who="3" fromWho="1" sc="370,0,175,-77,250,0,205,77" /><INIT seed="3,0,0,1,2,46" ten="370,98,250,282" oya="3" hai0="103,25,135,109,133,65,18,10,88,117,113,119,34" hai1="122,29,7,47,130,37,107,89,27,68,134,39,90" hai2="104,99,101,49,116,93,61,84,128,121,3,75,129" hai3="23,0,45,82,100,15,22,6,28,127,87,69,118"/><W74/><G118/><T21/><D103/><U112/><E27/><V51/><F116/><N who="0" m="44618" /><D65/><U67/><E29/><V70/><F3/><W38/><G69/><T76/><D76/><U50/><E7/><V83/><F121/><W98/><G127/><T4/><D34/><U111/><E107/><V36/><F36/><W52/><G38/><T132/><D109/><U123/><E67/><V120/><F120/><W57/><G0/><N who="0" m="263" /><D113/><U48/><E47/><V72/><F70/><W92/><G45/><T44/><D44/><U8/><E68/><V55/><F61/><N who="3" m="36007" /><G28/><T124/><D88/><U16/><E8/><V31/><F31/><W54/><G54/><T40/><D40/><U24/><E24/><V43/><F43/><W71/><G74/><N who="2" m="28201" /><F55/><W30/><G30/><T53/><D53/><U35/><E35/><V102/><F102/><W91/><G71/><T19/><D19/><U32/><E32/><V64/><F64/><W17/><G6/><T97/><D97/><U20/><E16/><V26/><F104/><W106/><G106/><T115/><D115/><U131/><E112/><V33/><F33/><W42/><G42/><T63/><D63/><U80/><E80/><V12/><F26/><W77/><G77/><T114/><D114/><U78/><E78/><N who="2" m="46199" /><F12/><W125/><G125/><AGARI ba="0,0" hai="18,21,25,124,125,132,133,135" m="263,44618" machi="125" ten="40,5200,0" yaku="20,1,34,2" doraHai="46" who="0" fromWho="3" sc="370,52,98,0,250,0,282,-52" owari="422,52.0,98,-40.0,250,5.0,230,-17.0" /></mjloggm>