<mjloggm ver="2.3"><GO type="97" lobby="0"/><UN n0="%E5%B0%B1%E6%B4%BB%E7%94%9F%40%E5%B7%9D%E6%9D%91%E8%BB%8D%E5%9B%A3" n1="%E5%B7%9D%E6%9D%91%E6%99%83%E8%A3%95%EF%BC%88%E4%B8%A1%E6%96%B9%EF%BC%89" n2="%E6%9E%95%E6%9C%A8%58" n3="%E8%84%B1%E8%90%BD%E8%80%85%40%51%4C%26%CE%B2" dan="13,14,14,13" rate="1915.51,1988.46,1954.82,1986.65" sx="M,M,M,M"/><TAIKYOKU oya="0"/><INIT seed="0,0,0,0,1,8" ten="250,250,250,250" oya="0" hai0="83,47,69,119,10,84,16,28,130,86,111,80,63" hai1="46,26,115,15,116,107,6,35,11,77,23,73,109" hai2="3,42,39,133,103,21,24,57,9,14,17,54,43" hai3="72,19,27,36,93,48,135,67,82,50,124,22,122"/><T41/><D119/><U125/><E107/><V129/><F133/><W37/><G135/><T51/><D130/><U81/><E109/><V123/><F123/><W0/><G0/><T91/><D111/><U34/><E116/><V30/><F129/><W94/><G67/><T33/><D33/><U25/><E125/><V7/><F39/><W128/><G124/><T49/><D28/><U118/><E118/><V121/><F103/><W87/><G72/><T120/><D120/><U112/><E46/><V58/><F58/><W38/><G128/><T88/><D69/><U132/><E132/><V52/><F54/><W134/><G134/><T45/><D63/><U105/><E105/><V4/><F4/><W12/><G27/><N who="1" m="10250" /><E23/><V13/><F121/><W90/><REACH who="3" step="1"/><G122/><REACH who="3" ten="250,250,250,240" step="2"/><T79/><D79/><U104/><E104/><V114/><F114/><AGARI ba="0,1" hai="6,11,15,34,35,73,77,81,112,114,115" m="10250" machi="114" ten="30,2000,0" yaku="11,1,52,1" doraHai="8" who="1" fromWho="2" sc="250,0,250,30,250,-20,240,0" /><INIT seed="1,0,0,5,0,18" ten="250,280,230,240" oya="1" hai0="94,43,9,105,129,67,5,25,132,112,0,131,21" hai1="87,113,52,84,90,38,1,32,20,24,54,19,2" hai2="106,45,117,31,33,88,4,126,98,16,48,134,42" hai3="99,89,119,27,7,100,116,29,135,6,17,72,82"/><U53/><E113/><V26/><F117/><N who="3" m="45131" /><G135/><T111/><D105/><U28/><E38/><V81/><F134/><W127/><G127/><T12/><D132/><U66/><E66/><V77/><F126/><W34/><G17/><N who="0" m="12463" /><D43/><U40/><E40/><V78/><F4/><W103/><G103/><T95/><D112/><U120/><E120/><V49/><F49/><W41/><G41/><T47/><D67/><U125/><E125/><V56/><F56/><W108/><G108/><T85/><D111/><U36/><E36/><V55/><F42/><W107/><G89/><T110/><D110/><U79/><E79/><AGARI ba="0,0" hai="6,7,27,29,34,72,79,82,99,100,107" m="45131" machi="79" ten="30,1000,0" yaku="12,1" doraHai="18" who="3" fromWho="1" sc="250,0,280,-10,230,0,240,10" /><INIT seed="2,0,0,3,0,23" ten="250,270,230,250" oya="2" hai0="35,6,34,53,36,127,123,39,29,61,130,122,103" hai1="88,66,132,55,79,76,94,110,83,49,21,2,109" hai2="100,128,99,126,134,96,85,28,92,73,84,27,74" hai3="133,13,60,111,40,62,70,17,80,10,69,4,104"/><V18/><F18/><W121/><G121/><T19/><D103/><U56/><E2/><V5/><F126/><W65/><G104/><T105/><D105/><U81/><E132/><V57/><F134/><W82/><G111/><N who="1" m="42506" /><E66/><V120/><F120/><W45/><G133/><T38/><D127/><U106/><E106/><V43/><F128/><W26/><G62/><T95/><D130/><U31/><E31/><V97/><F5/><W117/><G117/><T112/><D112/><U47/><E47/><V54/><F43/><W129/><G70/><T0/><D0/><U44/><E44/><V108/><F108/><W113/><G129/><T91/><D6/><U7/><E7/><V77/><F74/><W33/><G113/><T24/><D19/><U124/><E21/><N who="2" m="15471" /><F73/><W131/><G131/><T3/><D3/><U72/><E124/><V9/><F9/><W115/><G115/><T12/><D12/><U30/><E30/><V107/><F107/><W63/><G4/><T37/><D35/><U71/><E71/><V90/><F77/><N who="1" m="29769" /><E72/><V42/><F42/><W118/><G65/><T68/><N who="0" m="9728" /><DORA hai="58" /><T102/><D122/><U116/><E116/><V11/><F11/><W89/><G69/><T16/><D123/><U75/><E75/><V98/><F100/><W14/><G118/><T22/><D102/><U87/><AGARI ba="0,0" hai="49,55,56,81,83,87,88,94" m="29769,42506" machi="87" ten="30,2000,0" yaku="14,1,54,1" doraHai="23,58" who="1" fromWho="1" sc="250,-5,270,20,230,-10,250,-5" /><INIT seed="3,0,0,2,1,44" ten="245,290,220,245" oya="3" hai0="29,11,40,70,17,32,103,82,104,52,60,128,16" hai1="99,120,110,6,35,55,68,5,42,114,122,10,12" hai2="58,90,24,63,15,80,115,41,75,76,109,14,39" hai3="8,116,113,123,64,48,77,79,37,131,50,97,45"/><W43/><G113/><T93/><D128/><U7/><E68/><V119/><F115/><W25/><G116/><T134/><D104/><U94/><E114/><V100/><F119/><W13/><G123/><T67/><D134/><U111/><E35/><V34/><F109/><N who="1" m="41481" /><E42/><V125/><F100/><W72/><G131/><T2/><D40/><U23/><E55/><V107/><F125/><W49/><G64/><T36/><D36/><U51/><E23/><V54/><F107/><W31/><G97/><N who="0" m="59823" /><D32/><U28/><E51/><V118/><F118/><W0/><G0/><T78/><D2/><U66/><E28/><V57/><F90/><W133/><G133/><T61/><D70/><U135/><E66/><V95/><F95/><W91/><G91/><T96/><D96/><U1/><E135/><V4/><F58/><W38/><G38/><T92/><D29/><U69/><E69/><V30/><REACH who="2" step="1"/><F4/><REACH who="2" ten="245,290,210,245" step="2"/><N who="1" m="1641" /><E1/><V19/><F19/><N who="0" m="7242" /><D67/><U121/><E122/><V87/><F87/><W18/><REACH who="3" step="1"/><G72/><REACH who="3" ten="245,290,210,235" step="2"/><T20/><D78/><U84/><E84/><V85/><F85/><W130/><G130/><T59/><D82/><U33/><E121/><V21/><F21/><AGARI ba="0,2" hai="8,13,18,21,25,31,37,43,45,48,49,50,77,79" machi="21" ten="40,12000,1" yaku="1,1,52,3,53,0" doraHai="44" doraHaiUra="102" who="3" fromWho="2" sc="245,0,290,0,210,-120,235,140" owari="245,-15.0,290,9.0,90,-41.0,375,47.0" /></mjloggm>