<mjloggm ver="2.3"><GO type="41" lobby="0"/><UN n0="%E5%B0%B1%E6%B4%BB%E7%94%9F%40%E5%B7%9D%E6%9D%91%E8%BB%8D%E5%9B%A3" n1="%E3%83%8F%E3%82%A4%E3%83%9A%E3%83%AA%E3%82%AA%E3%83%B3" n2="%E3%82%B8%E3%82%AE%E3%82%BF%E3%83%AA%E3%82%B9" n3="%E5%A4%A7%E4%BB%8F%E3%83%91%E3%83%BC%E3%83%9E" dan="15,15,16,14" rate="1992.08,1942.14,2060.31,2021.70" sx="M,M,M,M"/><TAIKYOKU oya="0"/><INIT seed="0,0,0,4,1,23" ten="250,250,250,250" oya="0" hai0="104,46,31,65,109,64,116,32,76,74,38,8,89" hai1="97,119,43,83,62,75,11,112,106,22,79,120,7" hai2="110,50,29,100,105,85,1,27,28,20,123,24,129" hai3="131,90,93,12,68,17,133,82,81,98,126,49,67"/><T35/><D116/><U61/><E120/><V101/><F123/><W39/><G133/><T16/><D104/><U95/><E119/><V33/><F1/><W40/><G131/><T86/><D109/><U87/><E112/><V99/><F129/><W73/><G126/><T59/><D74/><U135/><E135/><V108/><F50/><W34/><G34/><T122/><D76/><U41/><E22/><V78/><REACH who="2" step="1"/><F101/><REACH who="2" ten="250,250,240,250" step="2"/><W0/><G0/><T63/><D122/><U121/><E121/><V128/><F128/><W18/><G39/><T88/><D38/><U72/><E62/><V10/><F10/><W118/><G118/><T107/><D107/><U15/><E61/><V66/><F66/><W91/><G67/><T57/><D65/><U48/><E106/><V80/><AGARI ba="0,1" hai="20,24,27,28,29,33,78,80,85,99,100,105,108,110" machi="80" ten="30,8000,1" yaku="1,1,0,1,52,2,53,1" doraHai="23" doraHaiUra="92" who="2" fromWho="2" sc="250,-40,250,-20,240,90,250,-20" /><INIT seed="1,0,0,4,4,107" ten="210,230,330,230" oya="1" hai0="108,134,127,48,94,24,98,132,131,96,10,61,6" hai1="72,13,109,100,60,116,97,101,89,133,31,130,23" hai2="92,69,12,122,19,85,113,135,63,52,79,91,36" hai3="111,9,78,29,118,86,16,41,67,125,104,103,57"/><U3/><E116/><V18/><F122/><W53/><G111/><T22/><D108/><U32/><E3/><V35/><F135/><W128/><G128/><T58/><D131/><U87/><E130/><V84/><F36/><W129/><G129/><T71/><D127/><U45/><E109/><V33/><F113/><W90/><G125/><T54/><D71/><U123/><E123/><V64/><F19/><W42/><G118/><T119/><D119/><U65/><E133/><N who="0" m="51305" /><D48/><U4/><E45/><V20/><F84/><W17/><G29/><N who="0" m="17559" /><D94/><U102/><E97/><V106/><F106/><W8/><G78/><T30/><D30/><U28/><E28/><V112/><F112/><W99/><G67/><T62/><D62/><U120/><E60/><V105/><F105/><W81/><G8/><T39/><D39/><U40/><E65/><V11/><F79/><W74/><G42/><T117/><D117/><U51/><E40/><V0/><REACH who="2" step="1"/><F52/><REACH who="2" ten="210,230,320,230" step="2"/><W21/><G41/><T25/><D25/><U68/><E120/><V14/><F14/><AGARI ba="0,1" hai="6,10,14,54,58,61,96,98" m="17559,51305" machi="14" ten="30,1000,0" yaku="20,1" doraHai="107" who="0" fromWho="2" sc="210,20,230,0,320,-10,230,0" /><INIT seed="2,0,0,2,4,97" ten="230,230,310,230" oya="2" hai0="65,99,0,132,81,103,135,115,64,130,121,82,109" hai1="125,26,87,3,20,96,86,70,47,38,32,41,68" hai2="31,101,92,63,24,74,60,85,35,51,19,13,76" hai3="78,50,69,49,29,10,62,71,48,55,33,43,37"/><V119/><F119/><W112/><G78/><T14/><D0/><U56/><E3/><V16/><F74/><W118/><G29/><T53/><D121/><U57/><E32/><V122/><F122/><W93/><G93/><N who="0" m="58863" /><D115/><U5/><E5/><V111/><F111/><W129/><G33/><T77/><D130/><U1/><E1/><V39/><F39/><W131/><G10/><T117/><D117/><U120/><E120/><V128/><F128/><N who="3" m="49227" /><G118/><T73/><D82/><U124/><E70/><N who="3" m="26634" /><G112/><T28/><D28/><U17/><E68/><V9/><F19/><W8/><G8/><T11/><D53/><U113/><E113/><V134/><F134/><N who="0" m="51242" /><D109/><U72/><E72/><V75/><F75/><W45/><G62/><T79/><D77/><U95/><E87/><V83/><REACH who="2" step="1"/><F51/><REACH who="2" ten="230,230,300,230" step="2"/><W90/><G90/><T59/><D59/><AGARI ba="0,1" hai="37,43,45,48,49,50,55,59" m="26634,49227" machi="59" ten="30,3900,0" yaku="19,1,34,2" doraHai="97" who="3" fromWho="0" sc="230,-39,230,0,300,0,230,49" /><INIT seed="3,0,0,2,2,20" ten="191,230,300,279" oya="3" hai0="2,41,85,25,47,12,121,129,31,110,83,125,102" hai1="113,133,8,11,93,40,44,105,97,80,87,71,120" hai2="26,51,118,35,62,17,45,77,130,58,106,119,122" hai3="21,95,30,3,13,6,103,124,24,59,96,99,23"/><W115/><G115/><T60/><D2/><U15/><E113/><V43/><F106/><W27/><G124/><T22/><D121/><U42/><E71/><V66/><F122/><W134/><G134/><T16/><D110/><U127/><E120/><V107/><F107/><W75/><G75/><T5/><D125/><U36/><E105/><V91/><F77/><W82/><G3/><T111/><D111/><U117/><E133/><V4/><F130/><W126/><G126/><T49/><D129/><U18/><E117/><V53/><F4/><W33/><G33/><T9/><D102/><U65/><E42/><V108/><F108/><W79/><G99/><T109/><D60/><U39/><E65/><V63/><F91/><W131/><G131/><T14/><D109/><U84/><E39/><V81/><F81/><W32/><G32/><T104/><D104/><U92/><E92/><V90/><F90/><W55/><G82/><T88/><D14/><U34/><E34/><V48/><F17/><AGARI ba="0,0" hai="5,9,12,16,17,22,25,31,41,47,49,83,85,88" machi="17" ten="40,8000,1" yaku="8,1,52,1,54,2" doraHai="20" who="0" fromWho="2" sc="191,80,230,0,300,-80,279,0" /><INIT seed="4,0,0,3,1,36" ten="271,230,220,279" oya="0" hai0="51,135,46,12,1,121,16,134,5,8,2,102,74" hai1="49,104,10,54,4,13,44,9,99,85,33,127,63" hai2="19,15,103,86,18,47,60,123,61,27,30,25,68" hai3="66,28,111,125,109,95,98,110,64,73,40,29,48"/><T3/><D74/><U65/><E33/><V45/><F123/><W37/><G37/><T58/><D121/><U107/><E127/><V105/><F25/><W128/><G73/><T129/><D129/><U35/><E35/><V26/><F26/><W113/><G113/><T72/><D72/><U106/><E10/><V52/><F86/><W57/><G128/><T90/><D102/><U89/><E99/><V117/><F117/><W50/><G125/><T87/><D58/><U62/><REACH who="1" step="1"/><E65/><REACH who="1" ten="271,220,220,279" step="2"/><V97/><F30/><W38/><G28/><T96/><D96/><U76/><E76/><V53/><F27/><W11/><G29/><T101/><D101/><U83/><AGARI ba="0,1" hai="4,9,13,44,49,54,62,63,83,85,89,104,106,107" machi="83" ten="30,2000,0" yaku="1,1,0,1,53,0" doraHai="36" doraHaiUra="118" who="1" fromWho="1" sc="271,-10,220,30,220,-5,279,-5" /><INIT seed="5,0,0,2,4,12" ten="261,250,215,274" oya="1" hai0="107,115,48,56,118,119,81,6,63,5,41,77,57" hai1="11,42,108,50,64,91,124,69,23,92,17,0,103" hai2="65,75,40,3,72,135,70,43,44,21,71,87,132" hai3="61,54,32,9,130,131,53,82,33,2,22,85,120"/><U46/><E124/><V121/><F3/><W133/><G133/><N who="2" m="51273" /><F121/><W4/><G22/><T101/><D115/><U39/><E108/><V38/><F87/><W52/><G61/><T127/><D127/><U49/><E103/><V37/><F21/><W84/><G120/><T102/><D107/><U105/><E105/><V128/><F128/><N who="3" m="49195" /><G85/><N who="0" m="48303" /><D119/><U96/><E64/><V98/><F98/><W109/><G109/><T112/><D112/><U125/><E69/><N who="2" m="26123" /><F65/><W16/><G16/><T114/><D114/><U62/><E125/><V111/><F111/><W26/><G26/><T83/><D83/><U123/><E123/><V74/><F44/><W93/><G93/><T95/><D118/><U106/><E106/><V25/><F25/><W18/><G18/><T51/><D95/><U8/><E0/><V78/><F78/><AGARI ba="0,0" hai="2,4,9,32,33,52,53,54,78,82,84" m="49195" machi="78" ten="30,2000,0" yaku="19,1,54,1" doraHai="12" who="3" fromWho="2" sc="261,0,250,0,215,-20,274,20" /><INIT seed="6,0,0,2,2,22" ten="261,250,195,294" oya="2" hai0="38,34,15,13,68,134,0,75,6,128,71,89,32" hai1="133,131,118,41,63,70,129,110,107,66,5,126,58" hai2="25,101,45,130,18,35,47,21,30,92,104,120,26" hai3="114,78,60,10,56,84,24,98,69,33,27,55,95"/><V64/><F120/><W4/><G33/><T122/><D38/><U125/><E107/><V8/><F130/><N who="1" m="49673" /><E5/><V91/><F64/><W88/><G69/><T40/><D128/><U79/><E79/><V119/><F119/><W50/><G114/><T1/><D75/><U62/><E118/><V16/><F104/><W81/><G60/><T19/><D6/><U3/><E3/><AGARI ba="0,0" hai="3,4,10,24,27,50,55,56,78,81,84,88,95,98" machi="3" ten="30,7700,0" yaku="7,1,52,2,54,1" doraHai="22" who="3" fromWho="1" sc="261,0,250,-77,195,0,294,77" /><INIT seed="7,0,0,1,3,85" ten="261,173,195,371" oya="3" hai0="25,15,59,26,124,130,106,79,48,90,95,110,87" hai1="27,116,66,19,70,127,119,4,131,135,17,99,71" hai2="129,107,18,12,103,134,57,9,11,102,7,100,54" hai3="82,88,50,43,22,55,120,31,5,60,32,80,21"/><W108/><G32/><T53/><D106/><U91/><E4/><V75/><F75/><W122/><G5/><T125/><D110/><U13/><E66/><V51/><F129/><W61/><G43/><T38/><D38/><U111/><E111/><V14/><REACH who="2" step="1"/><F134/><REACH who="2" ten="261,173,185,371" step="2"/><W34/><G120/><T92/><D130/><U49/><E131/><V64/><F64/><W121/><G122/><T126/><D79/><U45/><E135/><V8/><F8/><W113/><G121/><T123/><D123/><U20/><E127/><V28/><F28/><W10/><G108/><T23/><D92/><N who="1" m="56735" /><E19/><AGARI ba="0,1" hai="15,19,23,25,26,48,53,59,87,90,95,124,125,126" machi="19" ten="40,8000,1" yaku="25,2,18,1,52,1" doraHai="85" who="0" fromWho="1" sc="261,90,173,-80,185,0,371,0" owari="351,15.0,93,-41.0,185,-21.0,371,47.0" /></mjloggm>