<mjloggm ver="2.3"><GO type="169" lobby="0"/><UN n0="%E3%83%A1%E3%82%AC%E3%83%8D%E3%81%8F%E3%82%93" n1="%E3%82%A6%E3%83%AB%E3%83%88%E3%83%A9%E7%AB%8B%E7%9B%B4" n2="%E3%81%91%E3%82%93%31%39%37%30" n3="%E3%82%8C%E3%82%93%EF%BC%8D%4E%65%77" dan="17,17,16,16" rate="2168.04,2108.57,2189.16,2079.86" sx="M,M,M,M"/><TAIKYOKU oya="0"/><INIT seed="0,0,0,1,5,22" ten="250,250,250,250" oya="0" hai0="130,14,7,96,110,16,24,125,61,3,99,93,41" hai1="62,88,123,29,108,17,116,104,78,118,36,68,76" hai2="43,94,35,18,27,107,63,86,75,120,10,112,6" hai3="77,87,73,79,31,74,97,134,103,111,128,102,1"/><T51/><D130/><U33/><E62/><V47/><F75/><W8/><G31/><T129/><D129/><U58/><E58/><V122/><F107/><W70/><G70/><T113/><D113/><U49/><E49/><V92/><F112/><W48/><G48/><T64/><D125/><U59/><E59/><V39/><F63/><W50/><G50/><T32/><D110/><U124/><E17/><V119/><F119/><W55/><G111/><T45/><D3/><U106/><E29/><V82/><F120/><W56/><G56/><N who="0" m="36903" /><D32/><U132/><E33/><V25/><F122/><W126/><G55/><T15/><D7/><U30/><E36/><V69/><F69/><W133/><G126/><T54/><D54/><U38/><E38/><V53/><F53/><W117/><G1/><T98/><D93/><U127/><E68/><V34/><F34/><W19/><G128/><T100/><D100/><U85/><E123/><V20/><F35/><W101/><G101/><T2/><D2/><U26/><E118/><V52/><F52/><W40/><G103/><T42/><D42/><U83/><E116/><V23/><F6/><W84/><G40/><T71/><D71/><U46/><E108/><V0/><F0/><W81/><G117/><T60/><D60/><U95/><E127/><V115/><F115/><W89/><G73/><T11/><D14/><U91/><E124/><V4/><F4/><W57/><G74/><T72/><D72/><U105/><E46/><V114/><F114/><W44/><G44/><T12/><D12/><U80/><E106/><V9/><F47/><RYUUKYOKU ba="0,0" sc="250,30,250,-10,250,-10,250,-10" hai0="11,15,16,24,41,45,51,96,98,99" /><INIT seed="0,1,0,5,5,1" ten="280,240,240,240" oya="0" hai0="70,30,126,31,29,0,114,43,71,22,24,27,32" hai1="44,134,74,99,34,23,100,2,57,26,95,5,63" hai2="81,69,90,18,107,33,84,7,8,79,102,17,122" hai3="111,53,135,91,120,35,106,132,10,64,62,124,121"/><T25/><D43/><U108/><E74/><V3/><F122/><N who="3" m="47211" /><G35/><T86/><D86/><U15/><E34/><V12/><F69/><W133/><G106/><T101/><D101/><U36/><E108/><V65/><F65/><W47/><G111/><T83/><D83/><U51/><E36/><V85/><F33/><W48/><G10/><T45/><D45/><U52/><E2/><V49/><F3/><W128/><G91/><T39/><D39/><U67/><E134/><V38/><F38/><W98/><G98/><T125/><D114/><U66/><E15/><V97/><REACH who="2" step="1"/><F49/><REACH who="2" ten="280,240,230,240" step="2"/><W113/><G113/><T129/><D0/><U104/><E67/><V56/><F56/><N who="3" m="36935" /><G128/><T58/><D58/><U54/><E66/><V130/><F130/><W110/><G110/><T116/><D129/><U119/><E51/><V77/><F77/><W40/><G124/><N who="0" m="47723" /><D116/><U13/><E119/><V88/><F88/><W117/><G117/><T76/><D76/><U28/><E57/><V46/><F46/><W72/><G40/><T19/><D32/><U96/><E44/><V109/><F109/><W6/><G72/><T103/><D103/><U20/><E54/><V42/><F42/><W68/><G68/><AGARI ba="1,1" hai="19,22,24,25,27,29,30,31,68,70,71" m="47723" machi="68" ten="40,2000,0" yaku="18,1" doraHai="1" who="0" fromWho="3" sc="280,33,240,0,230,0,240,-23" /><INIT seed="0,2,0,0,1,120" ten="313,240,230,217" oya="0" hai0="30,94,95,43,44,127,79,131,98,115,133,32,4" hai1="84,47,82,81,122,13,55,42,107,49,100,65,57" hai2="60,26,129,88,1,40,52,93,34,33,53,76,71" hai3="73,91,66,113,83,41,27,48,18,126,36,77,102"/><T135/><D115/><U105/><E122/><V24/><F1/><W116/><G102/><T106/><D106/><U123/><E123/><V0/><F0/><W25/><G126/><T21/><D32/><U121/><E121/><V89/><F76/><W59/><G116/><T10/><D127/><U5/><E82/><V125/><F125/><W11/><G36/><T7/><D79/><U124/><E124/><V3/><F3/><W103/><G103/><T92/><D98/><U67/><E105/><V37/><F40/><W12/><G91/><T14/><D4/><U51/><E100/><V28/><F37/><W96/><G96/><T64/><D64/><U45/><E45/><V101/><F101/><W54/><G41/><T2/><D131/><U17/><E107/><V22/><F129/><W69/><G69/><T72/><D72/><U20/><REACH who="1" step="1"/><E5/><REACH who="1" ten="313,230,230,217" step="2"/><V70/><F93/><W38/><G83/><T132/><D92/><U111/><E111/><V62/><F22/><W29/><G113/><T6/><D6/><U9/><E9/><V61/><REACH who="2" step="1"/><F62/><REACH who="2" ten="313,230,220,217" step="2"/><W118/><G118/><T117/><D117/><U68/><E68/><V31/><AGARI ba="2,2" hai="24,26,28,31,33,34,52,53,60,61,70,71,88,89" machi="31" ten="25,12000,2" yaku="1,1,2,1,0,1,22,2,54,2,53,0" doraHai="120" doraHaiUra="119" who="2" fromWho="2" sc="313,-62,230,-32,220,146,217,-32" /><INIT seed="1,0,0,2,5,47" ten="251,198,366,185" oya="1" hai0="48,81,105,46,4,94,12,27,44,88,71,83,70" hai1="86,117,98,95,130,61,91,99,13,123,80,128,41" hai2="21,96,59,109,127,66,6,63,20,34,31,14,102" hai3="134,64,73,56,26,32,25,85,135,112,10,69,104"/><U36/><E41/><V30/><F109/><W28/><G69/><T58/><D105/><U33/><E36/><V97/><F127/><W107/><G73/><T113/><D113/><U53/><E33/><V106/><F97/><W126/><G126/><T111/><D111/><U42/><E42/><V119/><F119/><W2/><G85/><T121/><D71/><U67/><E117/><V8/><F34/><W89/><G89/><T29/><D70/><U79/><E123/><V57/><F57/><W43/><G43/><T7/><D58/><U9/><E67/><V23/><AGARI ba="0,0" hai="6,8,14,20,21,23,30,31,59,63,66,96,102,106" machi="23" ten="30,1100,0" yaku="0,1" doraHai="47" who="2" fromWho="2" sc="251,-3,198,-5,366,11,185,-3" /><INIT seed="2,0,0,0,5,59" ten="248,193,377,182" oya="2" hai0="52,100,13,124,105,14,48,129,81,118,22,111,112" hai1="20,57,110,31,92,24,42,4,16,73,50,64,114" hai2="109,131,11,95,83,121,40,94,9,61,78,51,69" hai3="132,38,65,58,44,3,85,6,17,36,62,127,47"/><V29/><F121/><W45/><G132/><T66/><D112/><U98/><E73/><V39/><F39/><W41/><G6/><T88/><D111/><U26/><E110/><V43/><F109/><W102/><G3/><T68/><D129/><U28/><E4/><V55/><F29/><W34/><G34/><T2/><D2/><U93/><E93/><V49/><F131/><W106/><G85/><T128/><D128/><U125/><E125/><V122/><F122/><W56/><G127/><T33/><D33/><U12/><E114/><V108/><F69/><W25/><G102/><T133/><D124/><U90/><E42/><N who="2" m="15915" /><F83/><W70/><G106/><T130/><D130/><U82/><E82/><V54/><F78/><W104/><G104/><T7/><D100/><U116/><E116/><V23/><F23/><W120/><G120/><T97/><D22/><U19/><E12/><V30/><F30/><W126/><G126/><T101/><D133/><U60/><E50/><N who="2" m="18955" /><F108/><W5/><G41/><T0/><D68/><U103/><E90/><V113/><F113/><W27/><G36/><T87/><D118/><U1/><E1/><V67/><F67/><W32/><G38/><T10/><REACH who="0" step="1"/><D66/><REACH who="0" ten="238,193,377,182" step="2"/><U91/><E103/><V96/><F11/><W71/><G71/><T107/><D107/><U119/><E119/><V46/><F9/><W79/><G70/><T86/><D86/><U21/><AGARI ba="0,1" hai="16,19,20,21,24,26,28,31,57,60,64,91,92,98" machi="21" ten="20,12000,2" yaku="0,1,7,1,9,1,8,1,52,1,54,1" doraHai="59" who="1" fromWho="1" sc="238,-30,193,130,377,-60,182,-30" /><INIT seed="3,0,0,2,5,16" ten="208,323,317,152" oya="3" hai0="31,49,102,111,133,37,82,34,87,57,50,10,18" hai1="126,99,20,122,55,15,96,7,5,78,46,35,124" hai2="83,68,85,129,54,70,97,114,81,11,40,22,52" hai3="71,74,23,80,120,84,51,65,86,121,103,27,25"/><W66/><G74/><T0/><D37/><U101/><E35/><V79/><F114/><W100/><G51/><T110/><D102/><U127/><E122/><V128/><F40/><W39/><G80/><T73/><D73/><U89/><E78/><V123/><F11/><W13/><G13/><N who="0" m="7479" /><D0/><U30/><E89/><V130/><F123/><W132/><G132/><T17/><D133/><U105/><E99/><V47/><F97/><W77/><G77/><T76/><D57/><U43/><E55/><N who="2" m="21035" /><F47/><W29/><G39/><T98/><D98/><U109/><E109/><N who="0" m="41481" /><D17/><N who="1" m="10303" /><E30/><V60/><F83/><W115/><G29/><T19/><D19/><U118/><E118/><V2/><F2/><W61/><G115/><T92/><D92/><U59/><E59/><V135/><F135/><W58/><G58/><T56/><D56/><U12/><E12/><V107/><F107/><W3/><G3/><T116/><D116/><U24/><E24/><AGARI ba="0,0" hai="24,31,34,49,50,76,82,87" m="41481,7479" machi="24" ten="30,1000,0" yaku="14,1" doraHai="16" who="0" fromWho="1" sc="208,10,323,-10,317,0,152,0" /><INIT seed="4,0,0,1,1,65" ten="218,313,317,152" oya="0" hai0="81,129,3,26,83,111,42,105,114,47,118,119,79" hai1="95,133,43,21,45,68,0,116,14,89,49,73,103" hai2="15,64,77,124,30,102,75,93,135,52,130,51,104" hai3="100,76,35,7,12,110,69,28,120,31,36,17,18"/><T107/><D3/><U92/><E0/><V132/><F30/><W131/><G110/><T53/><D111/><U19/><E73/><V80/><F104/><W66/><G36/><T58/><D114/><U63/><E116/><V127/><F15/><W56/><G12/><T59/><D129/><U121/><E121/><V97/><F64/><W8/><G8/><T23/><D107/><U108/><E108/><V16/><F16/><W94/><G66/><T32/><D105/><U25/><E68/><V20/><F20/><W84/><G84/><T88/><D32/><U29/><E63/><V50/><F50/><W67/><G67/><T87/><D53/><U1/><E1/><V90/><F52/><W78/><G94/><T113/><D113/><U85/><E133/><N who="2" m="51275" /><F51/><W134/><G134/><T125/><D118/><U112/><E112/><V117/><F117/><W27/><G131/><T22/><D119/><U38/><E38/><V13/><F13/><W57/><G27/><T106/><D106/><U98/><E14/><V37/><F37/><W9/><G9/><T82/><D22/><U40/><REACH who="1" step="1"/><E43/><REACH who="1" ten="218,303,317,152" step="2"/><V122/><F122/><W11/><G120/><T41/><D41/><U109/><E109/><V2/><F2/><W60/><G60/><T99/><D42/><U74/><E74/><V10/><F130/><W39/><G39/><T46/><D26/><U96/><E96/><V91/><F10/><W34/><G11/><T5/><D99/><U70/><E70/><V72/><F72/><W24/><G69/><T33/><D87/><U6/><E6/><V123/><F123/><RYUUKYOKU ba="0,1" sc="218,-15,303,15,317,15,152,-15" hai1="19,21,25,29,40,45,49,85,89,92,95,98,103" hai2="75,77,80,90,91,93,97,102,124,127" /><INIT seed="5,1,1,2,2,40" ten="203,318,332,137" oya="1" hai0="47,111,9,53,135,49,83,44,79,105,115,117,106" hai1="20,22,1,96,121,84,74,86,21,95,29,7,17" hai2="101,3,92,110,69,124,61,131,72,60,87,120,77" hai3="112,70,133,41,102,55,82,127,126,23,113,0,25"/><U26/><E74/><V46/><F110/><W107/><G41/><T122/><D117/><U75/><E75/><V67/><F120/><W36/><G36/><T98/><D111/><U4/><E121/><V116/><F116/><W39/><G39/><T65/><D122/><U45/><E1/><V14/><F3/><W132/><G0/><T42/><D65/><U12/><E21/><V10/><F124/><N who="3" m="47659" /><G82/><T18/><D115/><N who="3" m="44105" /><G70/><T11/><D135/><N who="3" m="51785" /><G55/><T91/><D106/><U54/><E4/><V38/><F69/><W68/><G68/><T104/><D104/><U32/><E7/><V62/><F38/><W89/><G89/><T123/><D123/><U57/><E32/><V90/><F90/><W50/><G50/><N who="0" m="28895" /><D105/><U27/><E54/><V88/><F101/><W81/><G81/><T76/><D98/><U48/><E96/><V78/><F78/><N who="0" m="29738" /><D18/><U99/><E17/><V130/><F77/><W37/><G37/><T15/><D15/><U35/><E12/><V31/><F72/><W71/><G71/><T134/><D134/><U59/><E48/><V58/><F14/><W24/><G23/><T30/><D91/><U93/><E22/><V119/><F88/><W2/><G2/><T103/><D83/><U85/><E20/><V56/><F119/><W64/><G64/><T109/><D103/><U13/><E85/><V43/><F87/><W6/><G6/><T125/><D125/><U52/><E86/><V28/><F67/><W5/><G5/><T129/><D49/><U73/><E84/><V34/><F34/><W100/><G107/><T33/><D42/><RYUUKYOKU ba="1,1" sc="203,-10,318,-10,332,-10,137,30" hai3="24,25,100,102" /><INIT seed="6,2,1,2,1,40" ten="193,308,322,167" oya="2" hai0="0,22,132,74,111,50,37,45,5,38,15,30,100" hai1="54,61,98,104,119,70,53,106,44,117,31,17,24" hai2="10,78,48,20,27,131,12,56,115,51,64,80,76" hai3="19,57,2,116,21,123,130,91,92,122,95,73,62"/><V59/><F115/><W18/><G116/><T103/><D111/><U68/><E17/><V105/><F105/><W81/><G2/><T14/><D74/><U39/><E104/><V72/><F131/><W69/><G69/><T1/><D132/><U108/><E108/><V135/><F135/><W93/><G130/><T52/><D37/><U101/><E68/><V112/><F112/><W55/><G19/><T114/><D114/><U33/><E54/><V89/><F78/><W121/><G81/><T99/><D38/><U96/><E96/><V63/><F59/><W82/><G82/><T85/><D0/><U28/><E28/><V3/><F3/><W9/><G9/><N who="0" m="4399" /><D1/><U110/><E110/><V32/><F32/><W34/><G34/><T79/><D99/><U97/><E97/><V43/><F89/><W127/><G73/><T8/><D85/><U26/><E26/><V107/><F43/><W49/><G91/><T41/><D41/><N who="1" m="22591" /><E53/><V47/><F107/><W36/><G36/><T109/><D109/><U42/><E42/><V65/><F65/><AGARI ba="2,1" hai="24,31,33,61,65,70,98,101,106,117,119" m="22591" machi="65" ten="30,3900,0" yaku="25,1,23,1,52,1" doraHai="40" who="1" fromWho="2" sc="193,0,308,55,322,-45,167,0" /><INIT seed="7,0,0,1,1,98" ten="193,363,277,167" oya="3" hai0="30,69,54,19,8,112,52,113,117,73,3,111,17" hai1="77,5,120,78,6,25,124,58,99,131,7,51,125" hai2="48,127,75,26,32,37,104,47,15,108,86,128,10" hai3="44,82,53,91,35,107,94,45,46,9,72,119,27"/><W129/><G107/><T0/><D111/><U71/><E71/><V14/><F108/><W1/><G119/><T20/><D69/><U67/><E120/><V103/><F75/><W134/><G134/><T126/><D117/><U123/><E131/><V115/><F37/><W92/><G129/><T100/><D100/><U13/><E123/><V101/><F104/><W79/><G91/><T118/><D118/><U65/><E13/><V102/><F128/><W31/><REACH who="3" step="1"/><G53/><REACH who="3" ten="193,363,277,157" step="2"/><T55/><D126/><U28/><E125/><V40/><F127/><W80/><G80/><T133/><D133/><U93/><E124/><V109/><F109/><W18/><G18/><N who="0" m="6667" /><D73/><U62/><E78/><V87/><F115/><N who="0" m="44106" /><D8/><U61/><E77/><V122/><F122/><W96/><G96/><T2/><D30/><U11/><E99/><V89/><F89/><W57/><G57/><T43/><D43/><U22/><E11/><V114/><F114/><W121/><G121/><T41/><D41/><U59/><E93/><V66/><F10/><W97/><G97/><T42/><D42/><U135/><E135/><V49/><F40/><W130/><G130/><T95/><D95/><U63/><E59/><V12/><F47/><W70/><G70/><T29/><D29/><U90/><E90/><V106/><F106/><W60/><G60/><T56/><D20/><U110/><E110/><V84/><F66/><W39/><G39/><T105/><D105/><U85/><E85/><V23/><F23/><W38/><G38/><T34/><D34/><U116/><E116/><V4/><F4/><AGARI ba="0,1" hai="1,4,9,27,31,35,44,45,46,72,79,82,92,94" machi="4" ten="40,2000,0" yaku="1,1,53,0" doraHai="98" doraHaiUra="81" who="3" fromWho="2" sc="193,0,363,0,277,-20,157,30" /><INIT seed="7,1,0,2,2,77" ten="193,363,257,187" oya="3" hai0="99,133,55,52,3,101,102,87,63,94,110,130,21" hai1="35,107,125,78,92,123,82,11,134,26,16,43,131" hai2="113,6,28,59,128,85,95,51,65,132,117,0,2" hai3="50,18,4,118,62,93,114,109,17,108,36,8,38"/><W22/><G62/><T1/><D110/><N who="3" m="42601" /><G114/><T88/><D133/><U122/><E16/><N who="3" m="6250" /><G22/><T104/><D130/><U34/><E26/><V53/><F128/><W14/><G93/><T67/><D21/><U90/><E43/><V49/><F132/><W79/><G118/><T119/><D119/><U24/><E11/><V10/><F117/><W29/><G29/><T54/><REACH who="0" step="1"/><D102/><REACH who="0" ten="183,363,257,187" step="2"/><U40/><E134/><V75/><F10/><W48/><G79/><T115/><D115/><U98/><E78/><V58/><F113/><W86/><G86/><T121/><D121/><U135/><E107/><V74/><F85/><W9/><G9/><T71/><AGARI ba="1,1" hai="1,3,52,54,55,63,67,71,87,88,94,99,101,104" machi="71" ten="30,7900,0" yaku="1,1,0,1,54,2,53,0" doraHai="77" doraHaiUra="106" who="0" fromWho="0" sc="183,92,363,-21,257,-21,187,-40" owari="275,8.0,342,43.0,236,-16.0,147,-35.0" /></mjloggm>