<mjloggm ver="2.3"><GO type="97" lobby="0"/><UN n0="%E3%82%86%E3%81%BF" n1="%E6%A8%BD%E3%82%BF%E3%83%AB%E9%98%B2%E8%A1%9B%E9%9A%8A" n2="%E3%82%A6%E3%83%AB%E3%83%88%E3%83%A9%E7%AB%8B%E7%9B%B4" n3="%E3%83%A8%E3%83%8D%E3%83%9E%E3%83%BC%E3%83%AB" dan="15,14,14,14" rate="1979.34,1981.81,1919.80,1957.49" sx="F,M,M,M"/><TAIKYOKU oya="0"/><INIT seed="0,0,0,5,0,0" ten="250,250,250,250" oya="0" hai0="44,59,60,129,38,35,73,8,98,42,64,27,105" hai1="122,43,79,78,125,4,46,112,49,21,116,29,34" hai2="41,87,25,19,107,134,74,76,103,88,110,9,11" hai3="92,24,102,33,123,61,1,22,32,90,69,91,84"/><T15/><D73/><U65/><E122/><V101/><F110/><W30/><G123/><T39/><D129/><U71/><E116/><V23/><F134/><W72/><G72/><T118/><D118/><U124/><E112/><V54/><F41/><W68/><G102/><N who="2" m="38921" /><F74/><W58/><G1/><T106/><D98/><U16/><E34/><V17/><F107/><W100/><G100/><T97/><D97/><U13/><E71/><V109/><F76/><W119/><G119/><T18/><D39/><U133/><E133/><V86/><F109/><W66/><G69/><T12/><D35/><U28/><E65/><V120/><F120/><W2/><G2/><T62/><D62/><U95/><E95/><N who="2" m="54679" /><F87/><W135/><G135/><T50/><D38/><U81/><E79/><V7/><F54/><W117/><G117/><T83/><D83/><U85/><REACH who="1" step="1"/><E4/><REACH who="1" ten="250,240,250,250" step="2"/><V45/><F7/><W48/><G68/><T127/><D127/><AGARI ba="0,1" hai="13,16,21,28,29,43,46,49,78,81,85,124,125,127" machi="127" ten="40,8000,1" yaku="1,1,2,1,18,1,54,1,53,0" doraHai="0" doraHaiUra="51" who="1" fromWho="0" sc="250,-80,240,90,250,0,250,0" /><INIT seed="1,0,0,2,4,6" ten="170,330,250,250" oya="1" hai0="84,124,57,15,62,132,87,121,1,36,72,113,118" hai1="134,71,8,11,117,92,131,77,5,98,30,35,88" hai2="53,90,85,21,9,47,61,17,10,76,66,125,54" hai3="27,119,91,93,13,44,96,49,105,104,38,89,51"/><U75/><E117/><V114/><F76/><W23/><G119/><T16/><D118/><U34/><E134/><V129/><F129/><W20/><G38/><T64/><D113/><U130/><E71/><V41/><F125/><W18/><G49/><T81/><D36/><U67/><E67/><V39/><F114/><W94/><G105/><T0/><D132/><U115/><E115/><V7/><F7/><W101/><G104/><T70/><D124/><U69/><E69/><V55/><F66/><W112/><G112/><T50/><D121/><U123/><E123/><V56/><F56/><W128/><G128/><N who="1" m="49194" /><E5/><V46/><F61/><W43/><G94/><T29/><D29/><AGARI ba="0,0" hai="13,18,20,23,27,29,43,44,51,89,91,93,96,101" machi="29" ten="30,2000,0" yaku="7,1,8,1" doraHai="6" who="3" fromWho="0" sc="170,-20,330,0,250,0,250,20" /><INIT seed="2,0,0,3,0,108" ten="150,330,250,270" oya="2" hai0="69,97,92,86,76,88,39,37,8,4,127,36,31" hai1="65,15,118,81,100,63,85,27,72,125,42,23,93" hai2="58,107,82,32,124,64,13,109,132,95,115,101,120" hai3="129,135,56,9,89,55,77,43,7,78,29,113,48"/><V84/><F32/><W14/><G135/><T104/><D69/><U59/><E118/><V134/><F120/><W3/><G129/><T47/><D31/><U99/><E125/><V51/><F107/><W67/><G29/><T94/><D127/><U96/><E72/><V21/><F124/><W66/><G3/><T10/><D104/><U11/><E42/><V103/><F109/><W79/><G43/><T49/><D76/><U111/><E111/><V87/><F13/><W116/><G116/><T83/><D97/><U53/><E99/><V25/><F115/><W12/><G12/><T18/><D10/><U54/><E15/><V62/><F51/><W16/><G7/><T123/><D123/><U46/><E46/><V60/><F60/><W90/><G113/><T75/><D75/><U52/><E11/><V2/><F2/><W5/><G5/><T121/><D121/><U117/><E117/><V105/><F105/><W35/><G35/><T1/><REACH who="0" step="1"/><D18/><REACH who="0" ten="140,330,250,270" step="2"/><U57/><E96/><V122/><F122/><W19/><G19/><T40/><AGARI ba="0,1" hai="1,4,8,36,37,39,40,47,49,83,86,88,92,94" machi="40" ten="30,7900,0" yaku="1,1,2,1,0,1,54,1,53,0" doraHai="108" doraHaiUra="20" who="0" fromWho="0" sc="140,89,330,-20,250,-39,270,-20" /><INIT seed="3,0,0,4,1,56" ten="229,310,211,250" oya="3" hai0="76,35,44,95,93,3,49,14,105,96,9,18,107" hai1="8,25,50,7,127,27,83,33,128,135,89,118,41" hai2="31,116,94,131,22,115,29,130,125,20,134,54,32" hai3="1,98,87,38,84,52,45,121,47,77,72,62,74"/><W57/><G1/><T102/><D35/><U80/><E135/><V53/><F134/><W75/><G121/><T111/><D111/><U59/><E128/><N who="2" m="49195" /><F116/><W40/><G98/><T66/><D107/><U97/><E127/><V19/><F125/><W17/><G77/><T0/><D76/><U48/><E118/><V55/><F115/><W68/><G68/><T85/><D66/><U46/><E33/><V81/><F32/><W21/><REACH who="3" step="1"/><G47/><REACH who="3" ten="229,310,211,240" step="2"/><T100/><D3/><U108/><E46/><V124/><F124/><W90/><G90/><T71/><D71/><U43/><E89/><V119/><F119/><W86/><G86/><T23/><D0/><U91/><E97/><V113/><F113/><W110/><G110/><T28/><D85/><U61/><E91/><V109/><F109/><W64/><G64/><T123/><D123/><U16/><E108/><V104/><F104/><W78/><G78/><T103/><D105/><U133/><E133/><V5/><F94/><W132/><G132/><T65/><D65/><U12/><E83/><V39/><F81/><W36/><G36/><T2/><D2/><U82/><E80/><V34/><F39/><W122/><G122/><T24/><D95/><U69/><E82/><V70/><F70/><W88/><G88/><T26/><D26/><AGARI ba="0,1" hai="17,21,26,38,40,45,52,57,62,72,74,75,84,87" machi="26" ten="40,7700,0" yaku="1,1,52,1,54,1,53,0" doraHai="56" doraHaiUra="129" who="3" fromWho="0" sc="229,-77,310,0,211,0,240,87" owari="152,-35.0,310,11.0,211,-19.0,327,43.0" /></mjloggm>