<mjloggm ver="2.3"><GO type="97" lobby="0"/><UN n0="%E3%82%AE%E3%83%AB%E4%BA%80" n1="%6B%6F%69%6E%6B%6F%69%6E" n2="%E3%82%A6%E3%83%AB%E3%83%88%E3%83%A9%E7%AB%8B%E7%9B%B4" n3="%4F%52%49%53" dan="13,13,15,15" rate="1877.49,1812.21,1959.55,2011.08" sx="M,M,M,M"/><TAIKYOKU oya="0"/><INIT seed="0,0,0,2,2,16" ten="250,250,250,250" oya="0" hai0="20,48,80,33,99,63,3,43,85,125,87,135,131" hai1="26,116,124,97,105,4,89,7,11,130,14,21,44" hai2="36,126,59,84,94,114,110,50,88,111,68,1,12" hai3="69,52,119,98,5,62,41,60,128,13,81,129,96"/><T82/><D33/><U104/><E124/><V132/><F1/><W58/><G119/><T45/><D125/><U72/><E130/><N who="3" m="50282" /><G41/><T65/><D131/><U107/><E116/><V2/><F2/><W93/><G81/><T6/><D3/><U32/><E72/><V40/><F68/><W53/><G53/><T61/><D6/><U123/><E32/><V0/><F0/><W42/><G42/><T70/><D135/><U122/><E123/><V22/><F126/><W47/><G47/><T79/><D99/><U133/><E122/><V35/><F35/><W55/><G55/><T102/><D102/><U121/><E133/><V29/><F132/><W73/><G73/><T46/><D46/><U49/><E121/><V127/><F127/><W117/><G117/><T30/><D63/><U71/><E71/><V37/><F37/><W86/><G86/><T91/><REACH who="0" step="1"/><D30/><REACH who="0" ten="240,250,250,250" step="2"/><U10/><E105/><V27/><F114/><W92/><G98/><T77/><D77/><U75/><E107/><V74/><F36/><W66/><G96/><T103/><D103/><U78/><E104/><V51/><F111/><W18/><G5/><T54/><D54/><U57/><E97/><V39/><F110/><W95/><G62/><T64/><D64/><U25/><E44/><V106/><F39/><W115/><G115/><T118/><D118/><U34/><E78/><V28/><F106/><W38/><G38/><T31/><D31/><U56/><E34/><V83/><F29/><W108/><G108/><T19/><D19/><U17/><E17/><V90/><F28/><W109/><G109/><RYUUKYOKU ba="0,1" sc="240,30,250,-10,250,-10,250,-10" hai0="20,43,45,48,61,65,70,79,80,82,85,87,91" /><INIT seed="0,1,1,5,4,72" ten="270,240,240,240" oya="0" hai0="24,39,117,1,56,131,66,83,100,11,51,30,78" hai1="7,48,38,88,12,98,101,116,87,44,23,63,37" hai2="17,4,55,27,57,112,26,47,61,105,119,16,35" hai3="65,122,93,2,135,5,125,110,74,82,34,67,95"/><T59/><D117/><U129/><E116/><V20/><F105/><W114/><G5/><T52/><D39/><U70/><E129/><V15/><BYE who="1" /><F119/><W8/><G8/><UN n1="%6B%6F%69%6E%6B%6F%69%6E" /><T85/><D131/><U86/><E70/><V58/><F112/><W108/><G34/><T128/><D128/><U127/><E63/><V46/><F4/><W123/><G2/><T104/><D104/><U118/><E118/><V41/><F35/><W75/><G114/><T94/><D1/><U107/><E127/><V21/><F41/><W113/><G113/><T68/><D11/><U121/><E121/><V76/><F15/><W54/><G54/><T18/><D18/><U97/><E97/><V130/><F130/><W33/><G33/><T120/><D120/><N who="3" m="46121" /><G125/><T91/><D100/><U42/><E87/><V103/><F103/><W0/><G0/><T45/><D66/><N who="3" m="25097" /><G135/><T133/><D133/><U80/><REACH who="1" step="1"/><E23/><REACH who="1" ten="270,230,240,240" step="2"/><V106/><F106/><W77/><G74/><T126/><D126/><U43/><E43/><V29/><F61/><W14/><G14/><T81/><D68/><U50/><E50/><V132/><F132/><W6/><G6/><T73/><REACH who="0" step="1"/><D83/><REACH who="0" ten="260,230,240,240" step="2"/><U109/><E109/><AGARI ba="1,3" hai="75,77,82,93,95,108,109,110" m="25097,46121" machi="109" ten="30,3900,0" yaku="14,1,13,1,52,1" doraHai="72" who="3" fromWho="1" sc="260,0,230,-42,240,0,240,72" /><INIT seed="1,0,0,2,3,18" ten="260,188,240,312" oya="1" hai0="127,125,23,11,78,5,89,7,100,73,122,1,3" hai1="117,37,35,101,98,81,66,72,124,71,42,64,96" hai2="56,106,107,109,132,13,36,87,123,14,65,120,0" hai3="29,102,8,118,97,20,93,113,58,59,62,80,70"/><U75/><E117/><V94/><F36/><W41/><G113/><T46/><D100/><U22/><E124/><N who="0" m="47689" /><D73/><U129/><E35/><V131/><F0/><N who="0" m="74" /><D78/><U121/><E129/><V69/><F56/><W51/><G118/><T79/><D79/><U68/><E121/><V16/><F65/><W10/><G80/><T60/><D60/><U45/><E81/><V52/><F87/><W135/><G135/><T74/><D74/><U90/><E90/><V2/><F94/><W61/><G70/><T82/><D46/><U115/><E115/><V27/><F69/><W130/><G130/><T99/><D99/><U24/><E98/><V33/><F107/><W112/><G62/><T53/><D53/><U119/><E119/><V83/><F52/><N who="3" m="32031" /><G41/><T91/><D82/><U34/><E34/><V111/><F83/><W44/><G44/><T77/><D77/><U57/><E64/><V32/><F106/><W133/><G133/><T15/><D91/><U134/><E134/><V31/><F132/><W6/><G6/><N who="0" m="3575" /><D89/><U48/><E37/><V9/><F131/><W108/><G112/><T39/><D39/><U67/><E66/><V126/><F126/><W104/><G104/><T76/><D76/><U84/><E71/><V105/><F105/><W128/><G128/><T30/><D122/><U85/><E68/><V114/><F123/><W86/><G86/><N who="1" m="33386" /><E57/><V92/><F120/><W55/><G108/><T116/><D116/><U54/><E67/><V21/><F114/><W50/><G61/><T25/><AGARI ba="0,0" hai="5,7,23,25,30" m="3575,74,47689" machi="25" ten="40,8000,1" yaku="18,1,34,2,52,1" doraHai="18" who="0" fromWho="0" sc="260,80,188,-40,240,-20,312,-20" /><INIT seed="2,0,0,5,4,2" ten="340,148,220,292" oya="2" hai0="77,67,1,9,41,98,4,102,63,87,38,20,0" hai1="72,62,81,35,76,105,60,39,93,134,69,13,59" hai2="3,61,30,78,55,71,120,113,37,70,49,47,123" hai3="73,126,129,117,64,19,124,29,115,16,25,40,97"/><V44/><F30/><W96/><G73/><T90/><D77/><U108/><E81/><V86/><F86/><W32/><G117/><T24/><D1/><U14/><E93/><V54/><F3/><W43/><BYE who="1" /><G64/><T57/><D41/><N who="3" m="15945" /><G129/><UN n1="%6B%6F%69%6E%6B%6F%69%6E" /><T52/><D38/><U91/><E59/><V131/><F78/><W48/><G48/><T84/><D90/><U50/><E50/><V12/><F12/><W107/><G115/><T94/><D67/><U34/><E91/><V118/><F49/><W127/><G96/><T88/><D102/><AGARI ba="0,0" hai="16,19,25,29,32,97,102,107,124,126,127" m="15945" machi="102" ten="40,2600,0" yaku="18,1,54,1" doraHai="2" who="3" fromWho="0" sc="340,-26,148,0,220,0,292,26" /><INIT seed="3,0,0,5,4,118" ten="314,148,220,318" oya="3" hai0="103,70,26,76,113,114,72,69,37,67,52,105,66" hai1="42,20,64,14,94,110,61,38,79,29,50,91,128" hai2="1,73,133,95,5,81,33,97,12,57,74,126,129" hai3="53,51,111,124,2,3,104,108,120,100,54,25,16"/><W102/><G120/><T96/><D37/><U0/><E110/><N who="3" m="42026" /><G124/><T119/><D119/><U122/><E128/><V34/><F57/><N who="3" m="32959" /><G104/><T107/><D107/><U78/><E38/><V115/><F12/><W32/><G54/><T11/><D26/><U56/><E0/><N who="3" m="42" /><G16/><T60/><D11/><U36/><E122/><V55/><F5/><W83/><G83/><N who="0" m="45447" /><D52/><U77/><E36/><V45/><F95/><W39/><G39/><T6/><D6/><U132/><E132/><V62/><F97/><W41/><G41/><T85/><D85/><U112/><E112/><N who="0" m="43113" /><D67/><U101/><E101/><V86/><F34/><W93/><G93/><T131/><D131/><U88/><E42/><V7/><F62/><W23/><G23/><T24/><D24/><U121/><E50/><V35/><F1/><W18/><G18/><T47/><D47/><U15/><E121/><V68/><F68/><AGARI ba="0,0" hai="60,66,68,69,70,96,103,105" m="43113,45447" machi="68" ten="30,2000,0" yaku="11,1,23,1" doraHai="118" who="0" fromWho="2" sc="314,20,148,0,220,-20,318,0" owari="334,43.0,148,-35.0,200,-20.0,318,12.0" /></mjloggm>