<mjloggm ver="2.3"><GO type="97" lobby="0"/><UN n0="%63%74%75%6B%6C%79%6C%69" n1="%42%65%6E%6E%79%4A%65%74" n2="%E4%B8%96%E3%82%92%E7%9B%B4%E3%81%99%E8%80%85" n3="%E5%B0%B1%E6%B4%BB%E7%94%9F%40%E5%B7%9D%E6%9D%91%E8%BB%8D%E5%9B%A3" dan="14,13,15,14" rate="1921.64,1837.97,1912.98,1978.65" sx="M,M,M,M"/><TAIKYOKU oya="0"/><INIT seed="0,0,0,5,1,119" ten="250,250,250,250" oya="0" hai0="71,18,104,76,78,31,30,129,105,77,112,80,21" hai1="56,15,51,69,111,0,83,115,66,100,9,36,44" hai2="95,135,72,45,107,116,81,54,94,132,127,2,39" hai3="7,61,121,62,10,4,101,98,3,63,118,131,33"/><T128/><D71/><U12/><E115/><V8/><F107/><W87/><G118/><T97/><D112/><U28/><E111/><V91/><F116/><W19/><G33/><T38/><D38/><U84/><E100/><V49/><F127/><W74/><G74/><T117/><D117/><U1/><E28/><N who="0" m="10793" /><D80/><U120/><E120/><V42/><F135/><W26/><G121/><T41/><D41/><U11/><E69/><V60/><F132/><W85/><G131/><N who="0" m="50251" /><D97/><U65/><E36/><V47/><F39/><W23/><REACH who="3" step="1"/><G7/><REACH who="3" ten="250,250,250,240" step="2"/><T106/><D106/><AGARI ba="0,1" hai="3,4,10,19,23,26,61,62,63,85,87,98,101,106" machi="106" ten="40,2600,0" yaku="1,1,2,1,53,0" doraHai="119" doraHaiUra="46" who="3" fromWho="0" sc="250,-26,250,0,250,0,240,36" /><INIT seed="1,0,0,3,1,75" ten="224,250,250,276" oya="1" hai0="123,46,2,127,129,84,74,48,20,32,3,42,34" hai1="13,43,69,50,51,104,31,64,101,36,95,15,66" hai2="135,27,87,7,131,78,38,119,112,105,117,106,96" hai3="11,21,1,63,108,14,28,114,107,103,8,124,18"/><U73/><E104/><N who="2" m="40043" /><F27/><W24/><G107/><T35/><D74/><U52/><E73/><V30/><F30/><W132/><G103/><T79/><D127/><U70/><E31/><V4/><F4/><N who="3" m="1039" /><G63/><T118/><D118/><N who="2" m="45066" /><F7/><N who="3" m="3455" /><G114/><T85/><D129/><U115/><E115/><V55/><F55/><W54/><G54/><T122/><D20/><U39/><E52/><V6/><F6/><W111/><G132/><T98/><D98/><U29/><E29/><V10/><F38/><W133/><G133/><T90/><D84/><U61/><E61/><V56/><F87/><W71/><G71/><T125/><D125/><U102/><REACH who="1" step="1"/><E43/><REACH who="1" ten="224,240,250,276" step="2"/><V130/><F112/><W68/><G68/><T121/><D90/><U76/><E76/><V94/><F78/><W88/><G124/><T80/><AGARI ba="0,1" hai="2,3,32,34,35,42,46,48,79,80,85,121,122,123" machi="80" ten="40,5200,0" yaku="0,1,13,1,52,1" doraHai="75" who="0" fromWho="0" sc="224,62,240,-26,250,-13,276,-13" /><INIT seed="2,0,0,4,1,14" ten="286,214,237,263" oya="2" hai0="52,70,124,43,11,110,41,29,131,95,50,30,112" hai1="135,104,73,53,107,55,89,56,17,36,84,13,80" hai2="24,49,63,12,83,8,134,120,86,2,90,97,66" hai3="61,31,60,102,69,40,92,5,16,105,106,38,6"/><V59/><F2/><W109/><G31/><N who="0" m="11787" /><D70/><U96/><E36/><V125/><F134/><W32/><G32/><T93/><D112/><U78/><E135/><V19/><F125/><W88/><G109/><T71/><D71/><U10/><E96/><V87/><F86/><W37/><G102/><T64/><D124/><U33/><E33/><V65/><F120/><W119/><G119/><T94/><D110/><U58/><E58/><V21/><F97/><W99/><G105/><T51/><D131/><U118/><E118/><V48/><REACH who="2" step="1"/><F66/><REACH who="2" ten="286,214,227,263" step="2"/><W129/><G106/><T26/><D64/><U25/><E55/><V85/><F85/><W9/><G129/><T121/><D121/><U98/><E98/><V72/><F72/><W108/><G108/><T47/><D41/><U127/><E127/><V7/><AGARI ba="0,1" hai="7,8,12,19,21,24,48,49,59,63,65,83,87,90" machi="7" ten="20,12000,1" yaku="1,1,0,1,7,1,8,1,52,1,53,0" doraHai="14" doraHaiUra="35" who="2" fromWho="2" sc="286,-40,214,-40,227,130,263,-40" /><INIT seed="2,1,0,4,4,12" ten="246,174,357,223" oya="2" hai0="129,10,105,35,98,55,51,1,85,20,127,88,46" hai1="75,125,22,38,79,15,114,122,117,16,78,70,27" hai2="43,7,4,86,120,107,121,112,9,54,30,93,48" hai3="34,83,99,31,110,67,68,104,59,91,133,41,90"/><V102/><F112/><W60/><G133/><T65/><D35/><U134/><E114/><V111/><F30/><W126/><G126/><T103/><D127/><U24/><E125/><V73/><F73/><W108/><G41/><T45/><D129/><U39/><E134/><V106/><F106/><W80/><G59/><T28/><D65/><U76/><E70/><V44/><F107/><W36/><G36/><T97/><D97/><U5/><E117/><V42/><F111/><N who="3" m="42539" /><G91/><T56/><D1/><U72/><E122/><V118/><F43/><W53/><G53/><T109/><D10/><U124/><E124/><V69/><F9/><W123/><G123/><T77/><D77/><U3/><E3/><V25/><F54/><W119/><G119/><T96/><D96/><U63/><E63/><V2/><F118/><W14/><G14/><T40/><D109/><U47/><E47/><V33/><F44/><W128/><G128/><T29/><D20/><U71/><E71/><V37/><F69/><W135/><G135/><T19/><D45/><U74/><REACH who="1" step="1"/><E5/><REACH who="1" ten="246,164,357,223" step="2"/><N who="2" m="2123" /><F2/><W32/><G60/><T52/><D46/><U26/><AGARI ba="1,1" hai="15,16,22,24,26,27,38,39,72,74,75,76,78,79" machi="26" ten="40,12000,2" yaku="1,1,0,1,29,2,52,1,54,1,53,0" doraHai="12" doraHaiUra="94" who="1" fromWho="1" sc="246,-31,164,133,357,-61,223,-31" /><INIT seed="3,0,0,2,4,106" ten="215,297,296,192" oya="3" hai0="124,34,104,95,108,24,80,99,129,60,39,13,87" hai1="14,59,17,125,54,66,110,76,15,115,82,44,46" hai2="65,1,27,71,61,16,113,56,134,37,69,0,33" hai3="58,26,30,101,23,31,9,3,130,29,93,120,109"/><W78/><G120/><T79/><D104/><U8/><E115/><V64/><F113/><W47/><G130/><T67/><D39/><U73/><E125/><V105/><F37/><W96/><G109/><T4/><D124/><U28/><E110/><V132/><F105/><W84/><G3/><N who="2" m="1097" /><F65/><W119/><G119/><T42/><D42/><U112/><E112/><V49/><F49/><W118/><G118/><T97/><D129/><U88/><E28/><N who="2" m="19615" /><F16/><N who="3" m="12647" /><G9/><T133/><D108/><U36/><E36/><V74/><F74/><W126/><G126/><T81/><D133/><AGARI ba="0,0" hai="56,61,64,69,71,132,133,134" m="19615,1097" machi="133" ten="30,1000,0" yaku="20,1" doraHai="106" who="2" fromWho="0" sc="215,-10,297,0,296,10,192,0" owari="205,-19.0,297,10.0,306,40.0,192,-31.0" /></mjloggm>