<mjloggm ver="2.3"><GO type="169" lobby="0"/><UN n0="%E6%B9%98%E5%8C%97%E2%91%AD%E4%B8%89%E4%BA%95%E5%AF%BF" n1="%E8%A1%A8%E8%A3%8F%E8%A3%8F" n2="%6A%75%6E%6E%2E%69" n3="%E3%82%A6%E3%83%AB%E3%83%88%E3%83%A9%E7%AB%8B%E7%9B%B4" dan="16,17,16,17" rate="2086.55,2156.37,2024.32,2168.60" sx="M,M,M,M"/><TAIKYOKU oya="0"/><INIT seed="0,0,0,3,1,109" ten="250,250,250,250" oya="0" hai0="39,32,77,5,70,97,59,6,82,1,74,130,2" hai1="110,88,25,111,10,42,63,84,103,131,31,87,124" hai2="81,89,128,24,11,60,83,41,76,121,48,36,133" hai3="125,26,135,13,22,19,90,108,85,79,33,94,55"/><T35/><BYE who="2" /><D70/><U53/><E103/><V21/><F21/><W122/><G108/><T8/><D130/><U3/><E42/><V68/><F68/><W123/><G125/><T30/><D30/><U102/><E102/><UN n2="%6A%75%6E%6E%2E%69" /><V12/><F24/><W126/><G126/><T118/><D118/><U105/><E105/><V64/><F36/><W67/><G135/><T104/><D59/><U115/><E25/><V127/><F76/><W37/><G37/><T47/><D97/><U80/><E31/><V49/><F133/><W112/><G67/><T78/><D78/><U62/><E124/><V69/><F128/><W66/><G66/><T17/><D17/><U44/><E80/><V51/><F41/><W113/><G79/><T4/><D104/><U106/><E106/><V14/><F121/><N who="3" m="46091" /><G55/><T129/><D129/><U86/><E53/><V132/><F132/><W93/><G94/><T119/><D119/><U57/><E131/><V43/><F43/><W52/><G52/><T65/><D65/><U92/><E57/><V99/><F127/><W38/><G38/><T73/><D73/><U100/><E92/><N who="2" m="56719" /><F69/><W91/><G91/><T18/><D18/><U120/><E120/><V96/><F96/><W75/><G75/><T116/><D116/><U72/><E72/><V16/><F64/><W27/><G27/><T114/><D39/><U34/><E110/><V40/><F40/><W46/><G46/><T23/><D47/><U54/><E54/><V134/><F134/><W9/><G33/><T28/><D74/><U29/><E111/><V20/><F60/><W107/><G107/><RYUUKYOKU ba="0,0" sc="250,-15,250,-15,250,15,250,15" hai2="11,12,14,16,20,48,49,51,81,83" hai3="9,13,19,22,26,85,90,93,112,113" /><INIT seed="1,1,0,1,4,115" ten="235,235,265,265" oya="1" hai0="109,36,72,30,83,126,48,70,125,102,34,21,110" hai1="75,54,15,108,129,7,57,100,60,86,112,22,79" hai2="41,133,104,111,106,18,118,49,81,37,19,43,28" hai3="52,124,82,120,71,32,101,9,14,4,132,107,53"/><U11/><E112/><V67/><F118/><W113/><G32/><T29/><D36/><U128/><E75/><V84/><F37/><W99/><G113/><T96/><D70/><U50/><E100/><V123/><F28/><W93/><G120/><T42/><D34/><U13/><E108/><N who="0" m="41577" /><D42/><N who="2" m="15882" /><F67/><W98/><G124/><N who="0" m="47723" /><D48/><U131/><E79/><V16/><F49/><W24/><G132/><T135/><D135/><U44/><E86/><V94/><F94/><W134/><G134/><T66/><D66/><N who="1" m="39183" /><E22/><V17/><F123/><W3/><G71/><T5/><D5/><U46/><E15/><V25/><F133/><W78/><G24/><T55/><D55/><U10/><E10/><V87/><F111/><W65/><G65/><T92/><D21/><U74/><E74/><V77/><F106/><W90/><REACH who="3" step="1"/><G14/><REACH who="3" ten="235,235,265,255" step="2"/><T105/><D105/><U76/><E13/><V85/><F104/><W0/><G0/><T80/><D72/><AGARI ba="1,1" hai="3,4,9,52,53,72,78,82,90,93,98,99,101,107" machi="72" ten="30,3900,0" yaku="1,1,7,1,54,1,53,0" doraHai="115" doraHaiUra="20" who="3" fromWho="0" sc="235,-42,235,0,265,0,255,52" /><INIT seed="2,0,0,0,1,84" ten="193,235,265,307" oya="2" hai0="99,12,59,128,67,64,124,93,34,0,54,132,116" hai1="20,126,41,49,109,79,74,45,100,94,11,97,6" hai2="33,115,68,44,52,80,14,40,130,46,104,91,82" hai3="36,56,110,66,62,17,89,13,90,105,76,73,30"/><V23/><F33/><W7/><G105/><T81/><D0/><U16/><E126/><V31/><F104/><W75/><G36/><T63/><D124/><U43/><E109/><V51/><F68/><W60/><G110/><T4/><D34/><U113/><E113/><V21/><F115/><W114/><G114/><T72/><D116/><U107/><E74/><V10/><F130/><W120/><G120/><T87/><D128/><U27/><E79/><V86/><F82/><W61/><G30/><T42/><D72/><U39/><E107/><V103/><F103/><W29/><G29/><T117/><D117/><U127/><E127/><V19/><F31/><W65/><G73/><T123/><D123/><U88/><E100/><V32/><F32/><W69/><G7/><T118/><D118/><U119/><E119/><V135/><F135/><W106/><G106/><T129/><D129/><U38/><E43/><V101/><F101/><W85/><G75/><T102/><D132/><U98/><E98/><V133/><F133/><W122/><G122/><T25/><D42/><U108/><E108/><V50/><AGARI ba="0,0" hai="10,14,19,21,23,40,44,46,50,51,52,80,86,91" machi="50" ten="20,18000,2" yaku="0,1,7,1,25,2,8,1,52,1,54,1" doraHai="84" who="2" fromWho="2" sc="193,-60,235,-60,265,180,307,-60" /><INIT seed="2,1,0,3,2,46" ten="133,175,445,247" oya="2" hai0="71,100,20,14,67,106,41,54,12,7,108,3,65" hai1="26,29,90,103,11,111,83,42,109,4,1,124,64" hai2="127,99,68,31,116,66,78,126,38,120,53,17,57" hai3="123,76,80,43,112,84,92,18,49,21,133,132,27"/><V113/><F38/><W69/><G123/><T130/><D130/><U114/><E114/><V47/><F31/><W19/><G69/><T134/><D41/><U36/><E124/><N who="2" m="47659" /><F78/><W45/><G112/><T8/><D134/><U5/><E64/><V16/><F47/><W60/><G60/><T75/><D75/><U61/><E61/><N who="2" m="40015" /><F113/><W86/><G92/><T15/><D71/><U125/><E125/><V118/><F99/><W121/><G121/><T34/><D34/><U52/><E36/><V72/><F72/><W37/><G86/><T81/><D108/><U63/><E42/><V93/><F93/><W88/><G76/><T55/><D81/><U32/><E83/><V107/><F107/><W79/><G79/><T24/><D67/><U95/><E95/><V87/><F87/><W25/><G37/><T2/><D65/><U51/><E109/><V96/><F96/><W33/><G33/><T110/><D110/><U89/><E111/><V28/><F28/><W117/><G117/><N who="2" m="45161" /><F120/><W128/><G128/><T13/><D100/><U97/><E97/><V85/><F85/><W58/><G58/><T129/><D106/><U102/><E103/><V74/><F74/><W56/><G56/><T115/><D129/><U40/><E102/><V62/><AGARI ba="1,0" hai="16,17,53,57,62" m="45161,40015,47659" machi="62" ten="30,3000,0" yaku="18,1,54,1" doraHai="46" who="2" fromWho="2" sc="133,-11,175,-11,445,33,247,-11" /><INIT seed="2,2,0,0,3,121" ten="122,164,478,236" oya="2" hai0="110,87,114,113,95,39,6,63,40,20,125,68,127" hai1="37,5,104,122,42,51,109,90,77,102,54,94,107" hai2="0,4,111,36,41,26,85,55,12,61,67,130,71" hai3="135,23,81,79,48,70,10,69,117,91,105,49,92"/><V88/><F130/><W11/><G105/><T2/><D6/><U65/><E122/><V96/><F0/><W73/><G117/><T57/><D2/><U8/><E77/><V112/><F112/><N who="0" m="43114" /><D20/><U106/><E65/><V25/><F96/><W80/><G23/><T7/><D7/><U118/><E118/><V133/><F36/><W89/><G92/><T9/><D9/><U131/><E37/><V132/><F41/><W128/><G79/><T52/><D95/><U124/><E42/><V29/><F55/><W58/><G58/><T78/><D87/><U119/><E131/><V97/><F97/><W98/><G98/><T56/><D78/><U76/><E76/><V108/><F4/><W99/><G99/><T21/><D21/><U86/><E102/><V50/><F12/><W38/><G128/><T64/><D110/><N who="2" m="42026" /><F50/><W84/><G38/><T14/><D14/><U19/><E109/><V101/><F101/><W53/><G10/><T45/><D57/><N who="1" m="32991" /><E5/><V62/><F62/><AGARI ba="2,0" hai="39,40,45,52,56,62,63,64,68,125,127" m="43114" machi="62" ten="30,3900,0" yaku="34,2,54,1" doraHai="121" who="0" fromWho="2" sc="122,45,164,0,478,-45,236,0" /><INIT seed="3,0,0,2,3,99" ten="167,164,433,236" oya="3" hai0="103,25,63,73,123,83,113,52,135,82,70,108,50" hai1="84,8,30,132,111,11,54,72,65,89,57,23,46" hai2="40,81,10,96,1,18,86,128,106,66,127,29,102" hai3="24,101,134,122,91,126,118,17,77,27,5,78,61"/><W105/><G122/><T12/><D123/><U42/><E72/><V75/><F75/><W88/><G118/><T93/><D108/><U49/><E132/><V67/><F29/><W31/><G134/><T51/><D135/><U33/><E33/><V0/><F40/><W87/><G5/><T95/><D113/><U22/><E111/><V94/><F106/><W4/><G4/><T28/><D70/><U34/><E34/><V79/><F128/><W131/><G131/><T133/><D133/><U117/><E65/><N who="2" m="24587" /><F1/><W55/><G126/><T56/><D73/><U119/><E119/><V62/><F0/><W112/><G112/><T90/><D12/><U47/><E47/><V38/><F38/><W41/><G41/><T58/><D83/><N who="1" m="49311" /><E117/><V107/><F107/><W53/><G105/><T64/><D82/><U44/><E44/><V92/><F92/><W60/><G31/><T114/><D114/><U16/><E30/><V45/><F45/><W2/><G2/><T69/><D69/><U125/><E23/><V19/><F127/><W36/><G36/><T80/><D51/><N who="1" m="27095" /><E125/><V115/><F115/><W98/><G98/><N who="0" m="59871" /><D80/><U68/><E68/><V100/><F62/><W39/><G39/><T6/><D6/><U37/><E37/><V43/><F43/><W20/><G20/><N who="0" m="15399" /><D93/><U85/><E85/><V9/><F10/><W130/><G130/><T13/><D13/><AGARI ba="0,0" hai="8,11,13,16,22,49,54,57" m="27095,49311" machi="13" ten="30,2000,0" yaku="8,1,54,1" doraHai="99" who="1" fromWho="0" sc="167,-20,164,20,433,0,236,0" /><INIT seed="4,0,0,5,3,107" ten="147,184,433,236" oya="0" hai0="18,29,2,83,78,75,122,56,129,49,110,24,53" hai1="46,93,30,7,91,12,4,57,61,31,94,47,126" hai2="60,106,89,44,108,63,50,73,72,41,66,36,117" hai3="54,20,22,19,135,0,43,8,27,123,34,15,17"/><T65/><D122/><U81/><E126/><V97/><F108/><W11/><G43/><T82/><D110/><U38/><E38/><V125/><F63/><W39/><G39/><T37/><D37/><U51/><E81/><V25/><F125/><W48/><G48/><T23/><D2/><U132/><E132/><V85/><F117/><W120/><G54/><T32/><D129/><U115/><E115/><V58/><F25/><W16/><G135/><T77/><D65/><N who="1" m="39087" /><E47/><V112/><F112/><W102/><G102/><T14/><D83/><U124/><E124/><V68/><F97/><W113/><G113/><T104/><D104/><U90/><E94/><N who="2" m="54575" /><F106/><W103/><G103/><T131/><D131/><U79/><E79/><V105/><F105/><W88/><G88/><N who="1" m="33834" /><E93/><V55/><AGARI ba="0,0" hai="36,41,44,50,55,58,60,66,68,72,73" m="54575" machi="55" ten="30,4000,0" yaku="24,1,52,2" doraHai="107" who="2" fromWho="2" sc="147,-20,184,-10,433,40,236,-10" /><INIT seed="5,0,0,5,4,36" ten="127,174,473,226" oya="1" hai0="31,87,58,5,40,74,107,50,66,125,41,13,8" hai1="78,94,62,118,96,23,21,25,64,75,1,99,119" hai2="51,97,105,124,86,92,0,117,52,100,70,95,63" hai3="93,115,49,48,104,28,15,16,47,56,53,18,131"/><U34/><E1/><V26/><F124/><W54/><G104/><T14/><D74/><U106/><E99/><V110/><F110/><W59/><G115/><T33/><D125/><U12/><E12/><V133/><F133/><W111/><G111/><T68/><D107/><U7/><E7/><V83/><F117/><W126/><G126/><T120/><D120/><U2/><E2/><V57/><F0/><W114/><G114/><T80/><D68/><N who="1" m="42007" /><E94/><V82/><F26/><W81/><G28/><T69/><D69/><U123/><E123/><V89/><F70/><W30/><G30/><T39/><D39/><U109/><E109/><V45/><REACH who="2" step="1"/><F105/><REACH who="2" ten="127,174,463,226" step="2"/><W77/><G15/><N who="0" m="5519" /><D33/><U127/><E25/><V122/><F122/><W6/><G93/><T24/><D24/><U90/><E34/><V128/><F128/><W101/><G131/><T98/><D31/><U61/><E106/><V27/><F27/><W22/><G22/><T19/><D14/><U35/><E21/><V9/><F9/><W85/><G6/><T29/><D29/><U60/><E23/><V10/><F10/><W121/><G121/><T132/><D132/><U55/><E35/><V88/><F88/><W91/><G91/><N who="0" m="51687" /><D98/><U71/><E127/><V130/><F130/><W108/><G108/><T102/><D102/><U67/><E119/><V44/><F44/><N who="3" m="27815" /><G101/><T135/><D135/><U38/><E118/><V11/><F11/><W79/><G79/><T84/><D13/><U46/><E96/><V32/><F32/><W72/><G77/><T37/><D19/><U112/><E78/><V103/><F103/><RYUUKYOKU ba="0,1" sc="127,-10,174,-10,463,30,226,-10" hai2="45,51,52,57,63,82,83,86,89,92,95,97,100" /><INIT seed="6,1,1,5,1,90" ten="117,164,493,216" oya="2" hai0="7,130,76,117,12,33,132,119,109,14,5,99,16" hai1="88,22,28,95,123,113,105,9,11,102,27,66,37" hai2="118,120,50,23,6,53,2,20,82,39,51,100,40" hai3="110,34,131,98,126,78,19,47,3,42,81,36,1"/><V68/><F68/><W62/><G110/><T46/><D109/><U114/><E37/><V129/><F129/><W101/><G131/><T124/><D76/><U70/><E123/><V104/><F104/><W108/><G108/><T134/><D130/><U18/><E105/><V44/><F44/><W96/><G126/><T75/><D75/><U64/><E102/><V72/><F72/><W69/><G19/><T121/><D121/><U43/><E43/><V97/><F97/><W125/><G96/><T54/><D124/><U13/><E9/><V21/><F21/><W128/><G34/><T115/><D115/><N who="1" m="44043" /><E70/><V86/><F86/><AGARI ba="1,1" hai="11,13,18,22,27,28,64,66,86,88,95" m="44043" machi="86" ten="30,3900,0" yaku="15,1,52,1,54,1" doraHai="90" who="1" fromWho="2" sc="117,0,164,52,493,-42,216,0" /><INIT seed="7,0,0,5,0,92" ten="117,216,451,216" oya="3" hai0="100,130,54,132,116,122,70,94,67,4,6,105,21" hai1="106,131,97,114,45,127,33,36,76,64,101,115,16" hai2="88,53,59,37,84,61,66,91,28,103,80,110,0" hai3="20,63,50,117,60,44,120,126,24,133,27,129,5"/><W121/><G117/><T9/><D122/><U62/><E131/><V87/><F37/><W89/><G5/><T82/><D116/><U86/><E127/><V85/><F85/><W135/><G89/><T74/><D130/><U41/><E16/><V35/><F0/><W39/><G39/><T113/><D132/><U38/><E38/><V26/><F103/><W19/><G126/><T2/><D113/><U25/><E86/><V71/><F110/><W112/><G112/><T81/><D6/><U77/><E77/><V34/><F34/><W104/><G104/><T51/><D74/><U42/><E42/><V49/><REACH who="2" step="1"/><F87/><REACH who="2" ten="117,216,441,216" step="2"/><W7/><G129/><T47/><D105/><U43/><E76/><AGARI ba="0,1" hai="26,28,35,49,53,59,61,66,71,76,80,84,88,91" machi="76" ten="30,8000,1" yaku="1,1,2,1,7,1,54,1,53,1" doraHai="92" doraHaiUra="22" who="2" fromWho="1" sc="117,0,216,-80,441,90,216,0" owari="117,-38.0,136,-26.0,531,62.0,216,2.0" /></mjloggm>