<mjloggm ver="2.3"><GO type="97" lobby="0"/><UN n0="%E3%81%82%E3%82%89%E5%8F%AF%E6%84%9B%E3%81%84%E3%80%82" n1="%E9%9F%B3%E5%A7%89%E3%83%BB%E6%9C%80%E9%AB%98%21%21" n2="%73%68%75%6B%61" n3="%E3%82%A6%E3%83%AB%E3%83%88%E3%83%A9%E7%AB%8B%E7%9B%B4" dan="13,15,14,14" rate="1854.54,2003.37,1930.20,1945.47" sx="M,F,M,M"/><TAIKYOKU oya="0"/><INIT seed="0,0,0,5,2,81" ten="250,250,250,250" oya="0" hai0="103,41,125,28,29,17,55,121,52,128,104,27,54" hai1="100,3,10,107,50,2,36,79,120,4,8,35,23" hai2="34,97,40,7,12,83,67,66,60,127,14,124,96" hai3="87,130,106,129,135,101,31,39,44,49,115,30,111"/><T70/><D121/><U25/><E36/><V86/><F34/><W64/><G39/><T0/><D0/><U68/><E68/><V32/><F32/><W37/><G37/><T75/><D75/><U84/><E120/><V98/><F40/><W92/><G106/><T116/><D70/><U33/><E50/><V19/><F7/><W109/><G64/><N who="2" m="24617" /><F60/><W133/><G101/><T13/><D116/><U21/><E84/><V56/><F56/><W62/><G62/><T122/><D122/><U6/><E79/><N who="2" m="46463" /><F19/><W43/><G115/><T93/><D104/><U11/><E100/><V16/><F16/><W105/><G105/><T95/><D125/><AGARI ba="0,0" hai="12,14,96,97,98,124,125,127" m="46463,24617" machi="125" ten="30,2000,0" yaku="18,1,52,1" doraHai="81" who="2" fromWho="0" sc="250,-20,250,0,250,20,250,0" /><INIT seed="1,0,0,0,1,11" ten="230,250,270,250" oya="1" hai0="126,114,131,106,31,27,132,71,123,67,5,80,108" hai1="36,18,107,34,124,14,66,75,134,90,64,49,37" hai2="128,86,63,95,38,16,115,88,94,61,74,1,125" hai3="100,85,120,122,118,97,105,15,89,33,53,55,58"/><U73/><E107/><V92/><F1/><W26/><G118/><T47/><D5/><U76/><E134/><V41/><F74/><W68/><G68/><T79/><D123/><U8/><E124/><V135/><F125/><W7/><G26/><T112/><D126/><U24/><E90/><V82/><F135/><W25/><G25/><T83/><D132/><U121/><E121/><V45/><F128/><W12/><G33/><T48/><D131/><U98/><E98/><V3/><F3/><W78/><G78/><T101/><D108/><U110/><E110/><V133/><F115/><W62/><G120/><T117/><D117/><U77/><E49/><N who="2" m="26799" /><F133/><W6/><G122/><T10/><D10/><U113/><E113/><V87/><F38/><W81/><REACH who="3" step="1"/><G55/><REACH who="3" ten="230,250,270,240" step="2"/><T29/><D71/><U57/><E24/><V56/><F82/><W103/><G103/><T2/><D83/><U99/><E34/><V28/><F88/><W65/><G65/><T43/><D27/><U60/><E66/><V42/><F28/><W35/><G35/><T44/><D67/><U32/><E32/><V59/><F42/><W39/><G39/><T127/><D127/><U111/><E111/><V84/><F59/><W21/><G21/><T22/><D114/><U50/><E37/><V130/><F130/><W40/><G40/><T52/><D43/><U46/><E36/><V0/><F56/><W93/><G93/><T4/><D112/><U96/><E76/><V116/><F116/><W119/><G119/><T30/><D79/><U69/><E69/><V9/><F0/><W13/><AGARI ba="0,1" hai="6,7,12,13,15,53,58,62,81,85,89,97,100,105" machi="13" ten="30,12000,2" yaku="1,1,5,1,0,1,52,3,53,0" doraHai="11" doraHaiUra="70" who="3" fromWho="3" sc="230,-30,250,-60,270,-30,240,130" /><INIT seed="2,0,0,2,0,23" ten="200,190,240,370" oya="2" hai0="110,129,93,133,51,111,26,106,83,103,10,86,108" hai1="104,78,87,40,112,99,66,36,79,27,84,65,61" hai2="42,98,96,97,95,131,15,102,70,116,53,43,67" hai3="12,85,82,135,91,92,21,38,52,88,11,117,80"/><V32/><F116/><W74/><G38/><T81/><D10/><U113/><E36/><V100/><F131/><W34/><G34/><T47/><D129/><U19/><E40/><V130/><F130/><W120/><G74/><T48/><D47/><U124/><E124/><V3/><F3/><W115/><G135/><T123/><D123/><U8/><E104/><V126/><F126/><W55/><G120/><T109/><D48/><U121/><E121/><V56/><F32/><W118/><G118/><T75/><D51/><U9/><E99/><N who="2" m="37963" /><F70/><W5/><G117/><T69/><D69/><U77/><E61/><N who="2" m="38311" /><F100/><W17/><G115/><N who="1" m="44106" /><E27/><V25/><F53/><N who="3" m="20555" /><G91/><N who="0" m="53495" /><D26/><AGARI ba="0,0" hai="5,11,12,17,21,26,80,82,85,88,92" m="20555" machi="26" ten="30,7700,0" yaku="8,1,52,1,54,2" doraHai="23" who="3" fromWho="0" sc="200,-77,190,0,240,0,370,77" /><INIT seed="3,0,0,3,4,62" ten="123,190,240,447" oya="3" hai0="105,8,47,115,22,79,112,57,125,113,82,101,76" hai1="100,70,102,42,6,29,28,10,30,69,14,103,44" hai2="36,80,67,45,135,75,2,34,72,110,25,134,23" hai3="0,117,52,126,16,83,18,3,78,19,12,27,5"/><W11/><G117/><T108/><D8/><U77/><REACH who="1" step="1"/><E77/><REACH who="1" ten="123,180,240,447" step="2"/><V24/><F134/><W7/><G78/><T20/><D125/><U119/><E119/><V84/><F135/><W104/><G83/><T111/><D47/><U99/><E99/><V81/><F110/><N who="0" m="42026" /><D57/><U94/><E94/><V33/><F2/><N who="3" m="555" /><G104/><T109/><N who="0" m="42034" /><T15/><DORA hai="127" /><D15/><U89/><E89/><V133/><F133/><W96/><G96/><T35/><D35/><U58/><E58/><V116/><F80/><W114/><G52/><T68/><D68/><U91/><E91/><V40/><F116/><W63/><G63/><T60/><D60/><U9/><E9/><V39/><F34/><W49/><G49/><AGARI ba="0,1" hai="6,10,14,28,29,30,42,44,49,69,70,100,102,103" machi="49" ten="40,2600,0" yaku="21,2,53,0" doraHai="62,127" doraHaiUra="17,92" who="1" fromWho="3" sc="123,0,180,36,240,0,447,-26" owari="123,-38.0,216,-18.0,240,4.0,421,52.0" /></mjloggm>