<mjloggm ver="2.3"><GO type="97" lobby="0"/><UN n0="%E3%82%A6%E3%83%AB%E3%83%88%E3%83%A9%E7%AB%8B%E7%9B%B4" n1="%52%75%79" n2="%63%68%69%62%61%61%6B%69" n3="%E3%82%A7" dan="14,14,13,14" rate="1956.56,1936.42,1836.91,1947.74" sx="M,M,M,M"/><TAIKYOKU oya="0"/><INIT seed="0,0,0,0,5,21" ten="250,250,250,250" oya="0" hai0="90,75,16,114,76,84,30,134,130,22,111,6,133" hai1="71,129,44,58,19,107,11,135,123,12,131,94,117" hai2="64,121,52,104,118,34,17,69,89,0,109,2,1" hai3="74,81,48,36,108,32,18,91,92,15,78,106,9"/><T25/><D114/><U103/><E123/><V113/><F34/><W85/><G108/><T59/><D111/><U98/><E71/><V27/><F104/><W77/><G32/><T73/><D6/><U65/><E117/><V14/><F121/><W50/><G36/><T128/><D59/><U49/><E135/><N who="0" m="51721" /><D30/><U40/><E58/><V10/><F118/><W7/><G7/><T62/><D62/><U105/><REACH who="1" step="1"/><E65/><REACH who="1" ten="250,240,250,250" step="2"/><V20/><F64/><W41/><G77/><T122/><D122/><U24/><E24/><V72/><F69/><W115/><G115/><T46/><D46/><U47/><E47/><V38/><F113/><W99/><REACH who="3" step="1"/><G41/><REACH who="3" ten="250,240,250,240" step="2"/><T53/><D76/><U88/><E88/><V116/><F89/><W29/><G29/><T95/><D53/><U63/><E63/><V86/><F52/><W31/><G31/><T67/><D67/><U119/><E119/><V54/><F116/><W80/><G80/><T42/><D42/><U60/><E60/><V4/><F54/><W93/><G93/><T127/><D127/><U35/><E35/><V8/><F109/><W79/><G79/><T100/><D100/><AGARI ba="0,2" hai="9,15,18,48,50,74,78,81,85,91,92,99,100,106" machi="100" ten="40,5200,0" yaku="1,1,24,2,53,0" doraHai="21" doraHaiUra="112" who="3" fromWho="0" sc="250,-52,240,0,250,0,240,72" /><INIT seed="1,0,0,1,3,8" ten="198,240,250,312" oya="1" hai0="2,70,17,91,76,28,93,48,95,14,103,35,52" hai1="129,27,46,64,120,128,79,34,68,123,15,20,3" hai2="75,108,40,96,105,84,86,4,10,23,43,37,47" hai3="6,126,30,114,67,5,50,134,13,97,57,133,100"/><U98/><E3/><V118/><F118/><W24/><G114/><T124/><D70/><U39/><E79/><V36/><F75/><W85/><G126/><T69/><D69/><U21/><E98/><V71/><F71/><W88/><G67/><T135/><D2/><U77/><E77/><V59/><F108/><W74/><G74/><T55/><D124/><U51/><E39/><V25/><F105/><W1/><G1/><T82/><D135/><N who="3" m="51721" /><G57/><N who="0" m="32903" /><D35/><U83/><E83/><V12/><F96/><W127/><G50/><T66/><D66/><U0/><E0/><V104/><F104/><N who="3" m="63503" /><G127/><T9/><D28/><N who="1" m="19743" /><E64/><V121/><F121/><W72/><G72/><T33/><D33/><U106/><E106/><V49/><F59/><W16/><G24/><T102/><D76/><U32/><E32/><V65/><F65/><W26/><G26/><T99/><D55/><N who="1" m="30199" /><E68/><V87/><REACH who="2" step="1"/><F43/><REACH who="2" ten="198,240,240,312" step="2"/><W11/><G30/><AGARI ba="0,1" hai="4,10,12,23,25,30,36,37,40,47,49,84,86,87" machi="30" ten="40,5200,0" yaku="1,1,2,1,52,1,53,0" doraHai="8" doraHaiUra="117" who="2" fromWho="3" sc="198,0,240,0,240,62,312,-52" /><INIT seed="2,0,0,1,4,118" ten="198,240,302,260" oya="2" hai0="3,6,119,100,66,112,106,77,57,83,10,130,67" hai1="128,71,124,84,127,78,27,97,104,109,101,26,38" hai2="28,13,45,9,72,98,18,134,95,80,54,16,58" hai3="123,40,126,122,76,135,133,70,131,5,0,14,17"/><V103/><F134/><N who="3" m="51211" /><G70/><T8/><D112/><U99/><E38/><V49/><F28/><W108/><G76/><T11/><D119/><U81/><E71/><V68/><F68/><W88/><G40/><T50/><D130/><U43/><E43/><V53/><F72/><W60/><G60/><T96/><D67/><U129/><E26/><V114/><F114/><W61/><G61/><T120/><D66/><U51/><E51/><N who="2" m="31039" /><F80/><W30/><G88/><T111/><D111/><U24/><E24/><V105/><F105/><W15/><G108/><T47/><D57/><U73/><E27/><V115/><F115/><W64/><G64/><T92/><D120/><N who="3" m="46121" /><G126/><N who="1" m="48170" /><E109/><V42/><F42/><W86/><G86/><T22/><D106/><N who="1" m="63791" /><E73/><V69/><F69/><W55/><G55/><T19/><D50/><U12/><E12/><V87/><F87/><W31/><G131/><N who="1" m="50250" /><E104/><V23/><F23/><N who="3" m="11703" /><G0/><T94/><D94/><U25/><E25/><V34/><F34/><W29/><G15/><T33/><D33/><U20/><E20/><V2/><F2/><W21/><G5/><AGARI ba="0,0" hai="5,9,13,16,18,45,49,54,95,98,103" m="31039" machi="5" ten="30,2900,0" yaku="8,1,54,1" doraHai="118" who="2" fromWho="3" sc="198,0,240,0,302,29,260,-29" /><INIT seed="2,1,0,3,4,80" ten="198,240,331,231" oya="2" hai0="7,2,30,32,124,34,122,5,21,78,128,31,69" hai1="98,117,62,36,110,52,86,89,10,6,61,119,88" hai2="13,127,105,96,74,91,12,45,18,24,9,132,70" hai3="67,65,120,63,125,129,76,134,97,133,107,19,108"/><V15/><F74/><W123/><G76/><T49/><D49/><U53/><E36/><V26/><F70/><W72/><G72/><T23/><D78/><U20/><E110/><V22/><F105/><W115/><G97/><T33/><D69/><U48/><E119/><V50/><F132/><N who="3" m="50795" /><G107/><T68/><D68/><U116/><E116/><V14/><F127/><W114/><G19/><T77/><D77/><U92/><E117/><V90/><F96/><W103/><G103/><T11/><D124/><U40/><E20/><N who="0" m="7753" /><D122/><N who="3" m="46633" /><G125/><T64/><D64/><N who="3" m="24649" /><G129/><T35/><N who="0" m="8704" /><DORA hai="109" /><T38/><D38/><U83/><E40/><N who="2" m="24871" /><F26/><W51/><G108/><T16/><D128/><U93/><E83/><V58/><F58/><W42/><G63/><T130/><D130/><U66/><E66/><V46/><F46/><AGARI ba="1,0" hai="42,46,51,114,115" m="24649,46633,50795" machi="46" ten="40,8000,1" yaku="20,1,34,2,52,2" doraHai="80,109" who="3" fromWho="2" sc="198,0,240,0,331,-83,231,83" /><INIT seed="3,0,0,4,0,112" ten="198,240,248,314" oya="3" hai0="89,85,57,66,70,86,123,95,56,129,102,132,114" hai1="113,91,39,32,115,131,51,99,79,38,116,34,74" hai2="22,11,62,78,10,108,41,12,58,8,42,121,76" hai3="53,127,130,100,13,63,48,128,77,30,35,20,94"/><W45/><G127/><T54/><D123/><U88/><E131/><N who="3" m="50218" /><G35/><T105/><D129/><U55/><E74/><V31/><F121/><W72/><G63/><T59/><D114/><U68/><E79/><V47/><F108/><W25/><G13/><T103/><D132/><U23/><E68/><V92/><F92/><W96/><G77/><T118/><D70/><U4/><E4/><V109/><F109/><W64/><G64/><T80/><D105/><U18/><E113/><V120/><F120/><W69/><G69/><T50/><D118/><U46/><E115/><V65/><F42/><W60/><G60/><T33/><D33/><U119/><E34/><V6/><F31/><W29/><G72/><T36/><D36/><N who="1" m="13867" /><E32/><V75/><F75/><W71/><G71/><T67/><D67/><U1/><E1/><V110/><F110/><W90/><G29/><T3/><D3/><U82/><E82/><V5/><F22/><W84/><G84/><T125/><D125/><U124/><E99/><V135/><F135/><W73/><G73/><T16/><D16/><U81/><E81/><V44/><F44/><W126/><G126/><T97/><D66/><U26/><E124/><V7/><REACH who="2" step="1"/><F12/><REACH who="2" ten="198,240,238,314" step="2"/><W122/><G122/><T14/><D14/><U17/><E119/><V28/><F28/><W40/><G40/><T37/><D37/><AGARI ba="0,1" hai="5,6,7,8,10,11,37,41,47,58,62,65,76,78" machi="37" ten="40,1300,0" yaku="1,1,53,0" doraHai="112" doraHaiUra="27" who="2" fromWho="0" sc="198,-13,240,0,238,23,314,0" owari="185,-31.0,240,-16.0,261,6.0,314,41.0" /></mjloggm>