<mjloggm ver="2.3"><GO type="97" lobby="0"/><UN n0="%E9%9B%9B%E8%A6%8B%E6%B2%A2%E7%97%87%E5%80%99%E7%BE%A4" n1="%E7%81%BC%E3%81%A1%E3%82%83%E3%82%93%E3%81%8D%E3%82%83%E3%82%8F%E3%82%8F" n2="%E3%82%A6%E3%83%92%E3%83%A7%E5%8A%A9" n3="%E5%B0%B1%E6%B4%BB%E7%94%9F%40%E5%B7%9D%E6%9D%91%E8%BB%8D%E5%9B%A3" dan="13,15,14,15" rate="1855.17,1979.24,1907.58,1986.46" sx="F,M,M,M"/><TAIKYOKU oya="0"/><INIT seed="0,0,0,3,3,47" ten="250,250,250,250" oya="0" hai0="59,41,123,50,125,46,89,110,73,4,77,66,1" hai1="82,24,48,62,70,124,27,36,42,11,105,116,23" hai2="72,74,131,8,63,133,108,9,25,94,101,93,118" hai3="132,53,55,13,40,102,97,75,135,83,80,33,56"/><T45/><D123/><U0/><E116/><V14/><F118/><W31/><G40/><T90/><D125/><U67/><E124/><V81/><F133/><N who="3" m="51275" /><G75/><T130/><D130/><U57/><E105/><V17/><F131/><W114/><G114/><T91/><D110/><U115/><E115/><V3/><F3/><W26/><G13/><T37/><D66/><U58/><E82/><N who="3" m="31274" /><G56/><T34/><D59/><U85/><E85/><V16/><F108/><W113/><G113/><T30/><D4/><U22/><E36/><V61/><F74/><W49/><G49/><T112/><D1/><U44/><E0/><V38/><F38/><W121/><G121/><T127/><D127/><U107/><E107/><AGARI ba="0,0" hai="26,31,33,53,55,97,102,107" m="31274,51275" machi="107" ten="30,1000,0" yaku="20,1" doraHai="47" who="3" fromWho="1" sc="250,0,250,-10,250,0,250,10" /><INIT seed="1,0,0,5,1,108" ten="250,240,250,260" oya="1" hai0="115,89,120,67,103,102,81,59,77,109,85,118,132" hai1="44,96,33,20,135,83,119,134,95,36,80,58,79" hai2="101,4,7,113,106,8,63,111,21,55,110,100,2" hai3="125,131,52,31,93,114,13,51,75,19,30,71,29"/><U12/><E119/><V39/><F39/><W88/><G75/><N who="0" m="43199" /><D67/><U45/><E33/><V78/><F78/><W121/><G121/><T64/><D59/><U87/><E83/><V25/><F7/><W91/><G71/><T123/><D64/><U37/><E58/><N who="2" m="35295" /><F106/><W40/><G40/><T122/><D118/><U62/><E62/><V5/><F5/><W18/><G131/><T104/><D109/><N who="2" m="41482" /><F113/><W35/><G125/><T116/><D116/><U6/><E37/><V129/><F129/><W56/><G35/><T61/><D61/><U124/><E124/><V70/><F70/><W73/><G73/><T57/><D57/><U3/><E3/><V54/><F54/><W17/><G114/><T65/><D65/><U127/><E127/><V23/><F23/><N who="3" m="11695" /><G91/><T22/><D22/><U107/><E107/><V82/><F82/><W48/><G48/><T14/><D115/><U60/><E60/><V27/><F27/><W84/><AGARI ba="0,0" hai="18,19,29,30,31,51,52,56,84,88,93" m="11695" machi="84" ten="30,7900,0" yaku="25,1,8,1,54,2" doraHai="108" who="3" fromWho="3" sc="250,-20,240,-39,250,-20,260,79" /><INIT seed="2,0,0,0,3,84" ten="230,201,230,339" oya="2" hai0="92,64,103,7,113,82,1,88,6,0,18,22,40" hai1="123,135,53,132,51,75,13,97,9,125,68,89,122" hai2="63,121,107,34,41,116,15,105,83,134,49,65,46" hai3="45,131,31,43,114,37,79,16,29,95,38,128,73"/><V5/><F121/><N who="1" m="46089" /><E75/><V93/><F116/><W42/><G114/><T117/><D113/><U47/><E68/><V112/><F134/><N who="1" m="51241" /><E125/><V24/><F112/><W39/><G73/><T96/><D117/><U130/><E130/><N who="3" m="49706" /><G79/><T56/><D40/><N who="3" m="15401" /><G45/><T32/><D32/><U19/><E97/><V72/><F93/><W124/><G124/><T26/><D1/><U28/><E28/><N who="3" m="10826" /><G95/><N who="0" m="58783" /><D82/><U133/><N who="1" m="51249" /><U85/><DORA hai="101" /><E85/><V67/><F67/><W59/><G59/><T60/><D0/><U81/><E81/><V86/><F72/><W50/><G50/><T2/><D2/><U104/><E89/><V48/><F48/><W57/><G57/><T58/><D58/><U118/><E118/><V99/><F86/><AGARI ba="0,0" hai="6,7,18,22,26,56,60,64,86,88,92" m="58783" machi="86" ten="30,3900,0" yaku="8,1,52,1,54,1" doraHai="84,101" who="0" fromWho="2" sc="230,39,201,0,230,-39,339,0" /><INIT seed="3,0,0,5,1,57" ten="269,201,191,339" oya="3" hai0="50,62,98,88,128,119,66,3,103,29,18,123,102" hai1="79,53,41,49,101,91,95,106,135,0,6,87,44" hai2="46,1,76,112,10,19,63,39,89,90,129,52,73" hai3="134,7,37,26,65,75,111,108,84,34,28,32,122"/><W115/><G37/><T22/><D119/><U96/><E135/><V13/><F1/><W11/><G75/><T117/><D3/><U130/><E130/><V69/><F112/><W133/><G65/><T131/><D117/><U14/><E0/><V93/><F129/><N who="0" m="49738" /><D29/><U25/><E25/><V120/><F120/><W94/><G94/><N who="0" m="56647" /><D50/><U54/><E6/><V12/><F12/><N who="3" m="5247" /><G84/><T4/><D4/><U77/><E14/><V23/><F10/><W74/><G74/><T72/><D72/><U110/><E110/><N who="3" m="42026" /><G122/><T40/><D40/><U71/><E71/><V125/><F125/><W78/><G78/><T124/><D124/><U56/><REACH who="1" step="1"/><E54/><REACH who="1" ten="269,191,191,339" step="2"/><V45/><F52/><W85/><G115/><T82/><D123/><U80/><E80/><V33/><F69/><W5/><G5/><T36/><D82/><U59/><E59/><V107/><F46/><W55/><G55/><T27/><D36/><AGARI ba="0,1" hai="36,41,44,49,53,56,77,79,87,91,95,96,101,106" machi="36" ten="30,2000,0" yaku="1,1,7,1,53,0" doraHai="57" doraHaiUra="121" who="1" fromWho="0" sc="269,-20,191,30,191,0,339,0" owari="249,5.0,221,-18.0,191,-31.0,339,44.0" /></mjloggm>