<mjloggm ver="2.3"><GO type="97" lobby="0"/><UN n0="%4D%74%2E%50%61%70%65%72" n1="%E3%82%BD%E3%83%BC%E3%83%8A%E3%83%B3%E3%82%B9" n2="%69%6A%69%67%65%6E" n3="%E3%82%A6%E3%83%AB%E3%83%88%E3%83%A9%E7%AB%8B%E7%9B%B4" dan="13,14,14,13" rate="1807.25,1936.90,1901.93,1884.36" sx="M,M,M,M"/><TAIKYOKU oya="0"/><INIT seed="0,0,0,4,0,25" ten="250,250,250,250" oya="0" hai0="93,1,9,77,125,116,103,44,79,19,32,98,91" hai1="59,68,126,31,84,47,7,88,55,92,110,132,29" hai2="60,121,87,38,108,65,41,56,105,46,131,13,23" hai3="89,101,75,49,123,94,69,134,53,119,73,18,0"/><T120/><D120/><U115/><E110/><V102/><F121/><W82/><G69/><T100/><D116/><U17/><E68/><V37/><F108/><W34/><G119/><T109/><D109/><U85/><E132/><V113/><F113/><W133/><G0/><T128/><D32/><U52/><E115/><V72/><F72/><W28/><G101/><T67/><D67/><U117/><E117/><V64/><F131/><W54/><G18/><T118/><D118/><U95/><E7/><V42/><F87/><W70/><G70/><T127/><D128/><U50/><E17/><V104/><F65/><W97/><G123/><T86/><D1/><U39/><E39/><V74/><F74/><W15/><G15/><T16/><D44/><U61/><E126/><N who="0" m="48137" /><D100/><U112/><E112/><V57/><F102/><W36/><G34/><T106/><D19/><U71/><E71/><V5/><F23/><W111/><G111/><T20/><D9/><U51/><E61/><V14/><F56/><W2/><G2/><T99/><D98/><U10/><E10/><V114/><F114/><W33/><G97/><T62/><D62/><U43/><E43/><V45/><REACH who="2" step="1"/><F5/><REACH who="2" ten="250,250,240,250" step="2"/><W48/><G33/><T58/><D58/><U35/><E35/><V129/><F129/><W90/><G134/><T27/><AGARI ba="0,1" hai="16,20,27,77,79,86,91,93,99,103,106" m="48137" machi="27" ten="30,3000,0" yaku="18,1,54,1" doraHai="25" who="0" fromWho="0" sc="250,40,250,-10,240,-10,250,-10" /><INIT seed="0,1,0,1,5,30" ten="290,240,230,240" oya="0" hai0="103,48,105,10,15,132,23,128,19,61,59,58,115" hai1="2,7,73,27,37,100,35,79,130,41,67,46,78" hai2="13,25,39,66,125,12,74,52,104,20,124,77,28" hai3="64,63,71,44,113,33,134,75,82,120,135,1,102"/><T45/><D115/><U60/><E130/><V53/><F104/><W3/><G113/><T65/><D128/><U96/><E79/><V40/><F66/><W4/><G102/><T38/><D132/><N who="3" m="50729" /><G120/><T86/><D38/><U69/><E78/><V80/><F39/><W36/><G4/><T17/><D105/><N who="1" m="63623" /><E73/><V107/><F40/><N who="3" m="22535" /><G33/><T110/><D103/><U93/><E93/><V72/><F74/><W8/><G8/><T126/><D126/><N who="2" m="48746" /><F107/><W0/><G0/><T84/><D58/><U54/><E54/><AGARI ba="1,0" hai="12,13,20,25,28,52,53,54,72,77,80" m="48746" machi="54" ten="30,2000,0" yaku="18,1,54,1" doraHai="30" who="2" fromWho="1" sc="290,0,240,-23,230,23,240,0" /><INIT seed="1,0,0,2,3,4" ten="290,217,253,240" oya="1" hai0="46,95,64,71,122,59,113,31,123,110,130,3,51" hai1="35,88,92,125,116,41,49,70,17,54,43,68,75" hai2="20,47,44,27,89,65,2,102,104,97,109,9,50" hai3="91,23,24,66,55,61,22,56,129,15,62,67,90"/><U114/><E116/><V112/><F112/><W117/><G129/><T87/><D113/><U133/><E75/><V25/><F109/><W0/><G0/><T132/><D110/><U40/><E114/><V12/><F2/><W5/><G117/><T81/><D3/><U34/><E35/><V19/><F65/><W101/><G101/><T118/><D118/><U45/><E34/><V73/><F73/><W105/><G105/><T82/><D130/><U10/><E133/><V39/><F39/><W124/><G124/><T32/><D132/><U94/><E125/><V1/><F1/><W135/><G135/><T29/><D71/><U11/><E70/><V6/><F89/><N who="3" m="33803" /><G61/><T16/><D95/><U78/><E78/><V83/><F83/><W21/><G24/><T53/><D87/><N who="1" m="52255" /><E68/><V93/><F104/><W52/><G55/><T108/><D108/><U74/><E74/><V42/><F44/><W79/><G79/><T85/><D64/><U115/><E115/><V127/><F127/><W57/><G57/><T86/><D32/><U69/><E69/><V98/><F27/><W120/><G120/><T63/><D122/><U106/><E106/><V33/><F33/><W28/><G28/><T80/><D123/><U38/><E38/><V107/><F107/><W48/><G62/><T14/><D31/><U37/><E37/><V13/><F25/><W8/><AGARI ba="0,0" hai="5,8,15,21,22,23,48,52,56,66,67" m="33803" machi="8" ten="30,4000,0" yaku="8,1,52,1,54,1" doraHai="4" who="3" fromWho="3" sc="290,-10,217,-20,253,-10,240,40" /><INIT seed="2,0,0,4,2,114" ten="280,197,243,280" oya="2" hai0="23,35,80,72,108,110,125,113,95,68,97,118,20" hai1="131,51,49,81,64,61,12,65,90,96,17,33,70" hai2="62,94,54,128,43,58,32,53,44,132,126,27,129" hai3="93,55,46,0,26,67,11,25,77,87,28,41,102"/><V135/><F32/><W48/><G67/><T122/><D23/><U29/><E131/><N who="2" m="50251" /><F27/><W5/><G26/><T85/><D122/><U34/><E33/><V42/><F94/><W104/><G104/><T83/><D118/><U69/><E34/><V106/><F106/><W63/><G102/><T75/><D113/><U52/><E29/><V45/><F126/><W100/><G100/><N who="0" m="60479" /><D35/><U79/><E70/><V47/><F53/><W16/><G28/><T13/><D68/><U73/><E65/><V133/><AGARI ba="0,0" hai="42,43,44,45,47,54,58,62,132,133,135" m="50251" machi="133" ten="40,12000,1" yaku="20,1,19,1,34,2" doraHai="114" who="2" fromWho="2" sc="280,-40,197,-40,243,120,280,-40" /><INIT seed="2,1,0,5,3,41" ten="240,157,363,240" oya="2" hai0="2,123,82,38,89,36,130,34,104,0,29,128,124" hai1="103,59,58,7,22,112,92,127,50,81,86,6,60" hai2="106,15,105,51,94,65,35,26,16,122,55,116,21" hai3="39,79,48,91,97,13,132,31,24,42,63,32,28"/><V30/><F116/><W23/><G132/><T12/><D89/><U11/><E112/><V27/><F122/><W47/><G79/><T19/><D82/><U10/><E127/><V88/><F27/><W84/><G97/><T49/><D49/><U56/><E22/><V3/><F3/><W72/><G72/><T101/><D123/><U62/><E92/><V108/><F65/><W57/><G13/><T54/><D54/><U66/><E103/><V120/><F108/><W68/><G68/><T75/><D75/><U37/><E37/><N who="0" m="14441" /><D19/><U87/><E50/><V20/><F20/><W121/><G121/><T99/><D12/><U17/><E17/><V125/><F125/><W76/><G76/><T64/><D64/><U85/><E81/><V74/><F74/><W119/><G119/><T111/><D111/><U131/><E131/><N who="0" m="50217" /><D124/><U4/><REACH who="1" step="1"/><E66/><REACH who="1" ten="240,147,363,240" step="2"/><V18/><F18/><N who="3" m="12407" /><G39/><T70/><D70/><U93/><E93/><V14/><F120/><W78/><G78/><T52/><D29/><U114/><E114/><V95/><F94/><N who="3" m="54631" /><G32/><T117/><D34/><U40/><E40/><V110/><F110/><W126/><G126/><T1/><D117/><U77/><E77/><V43/><F43/><W73/><G73/><T107/><D52/><AGARI ba="1,1" hai="28,31,42,47,48,52,57,63" m="54631,12407" machi="52" ten="30,3900,0" yaku="8,1,52,1,54,1" doraHai="41" who="3" fromWho="0" sc="240,-42,147,0,363,0,240,52" /><INIT seed="3,0,0,4,5,89" ten="198,147,363,292" oya="3" hai0="128,33,114,0,122,17,111,119,41,97,99,103,127" hai1="64,67,3,5,43,86,46,56,120,39,28,108,121" hai2="90,65,129,7,48,92,6,73,55,135,72,29,63" hai3="104,94,116,100,20,87,85,110,117,34,50,25,26"/><W9/><G104/><T133/><D17/><U32/><E108/><V96/><F135/><W8/><G34/><T130/><D41/><U71/><E56/><V118/><F118/><W10/><G110/><T106/><D97/><U134/><E86/><V115/><F115/><W45/><G117/><T101/><D103/><U74/><E64/><V31/><F129/><W109/><G109/><T124/><D128/><U80/><E134/><V24/><F31/><W70/><G70/><T68/><D101/><U16/><E16/><V113/><F113/><W126/><G126/><T14/><D99/><U125/><E125/><V59/><F72/><W38/><G38/><T52/><D14/><U76/><E28/><V23/><F73/><W107/><G107/><T58/><D52/><U30/><E30/><V19/><F29/><N who="3" m="17575" /><G116/><T84/><D84/><N who="3" m="32329" /><G26/><T93/><D93/><U57/><E57/><AGARI ba="0,0" hai="6,7,19,23,24,48,55,57,59,63,65,90,92,96" machi="57" ten="30,3900,0" yaku="7,1,8,1,52,1" doraHai="89" who="2" fromWho="1" sc="198,0,147,-39,363,39,292,0" owari="198,-20.0,108,-39.0,402,50.0,292,9.0" /></mjloggm>