<mjloggm ver="2.3"><GO type="41" lobby="0"/><UN n0="%6E%61%6D%65%6B%75%72%75" n1="%E7%94%98%E7%B2%95%E3%81%A4%E3%81%B0%E3%82%81" n2="%64%61%61%61%61%61%61%61" n3="%E5%B0%B1%E6%B4%BB%E7%94%9F%40%E5%B7%9D%E6%9D%91%E8%BB%8D%E5%9B%A3" dan="13,14,15,13" rate="1800.34,1920.67,2030.58,1868.43" sx="M,F,M,M"/><TAIKYOKU oya="0"/><INIT seed="0,0,0,0,0,128" ten="250,250,250,250" oya="0" hai0="64,35,66,94,40,134,113,50,83,38,2,135,19" hai1="28,99,77,14,18,81,15,90,60,124,80,1,13" hai2="86,122,133,69,112,118,23,95,93,97,20,53,103" hai3="43,26,55,87,117,110,16,75,42,71,121,33,41"/><T96/><D113/><U49/><E1/><V85/><F112/><W63/><G75/><T8/><D38/><U37/><E37/><V84/><F69/><W12/><G117/><T56/><D35/><U65/><E124/><V4/><F122/><W73/><G121/><T82/><D2/><U79/><E28/><V125/><F125/><W36/><G73/><T108/><D64/><U76/><E49/><V123/><F123/><W48/><G36/><T11/><D108/><U115/><E115/><V70/><F70/><W57/><G110/><T67/><D66/><U6/><E6/><V7/><F133/><N who="0" m="50698" /><D19/><U51/><E18/><V106/><F118/><W46/><G71/><T131/><D131/><U78/><E51/><V68/><F68/><W101/><G101/><N who="0" m="60567" /><D40/><U109/><E65/><V111/><F111/><W59/><G26/><T3/><D3/><U126/><E109/><V105/><F4/><W107/><G107/><T74/><D74/><U45/><E126/><V25/><F7/><W0/><G0/><T89/><D89/><U119/><E90/><V31/><F106/><W91/><G33/><T10/><D50/><U34/><E34/><V47/><F105/><W129/><G129/><T54/><D54/><U62/><E119/><V27/><F103/><W39/><G39/><T52/><D52/><U116/><E116/><V72/><F72/><W24/><G24/><T30/><D30/><U98/><E76/><V21/><F31/><W9/><REACH who="3" step="1"/><G63/><AGARI ba="0,0" hai="8,10,11,56,63,67,82,83" m="60567,50698" machi="63" ten="30,11600,0" yaku="20,1,52,3" doraHai="128" who="0" fromWho="3" sc="250,116,250,0,250,0,250,-116" /><INIT seed="0,1,0,2,5,107" ten="366,250,250,134" oya="0" hai0="5,85,22,129,110,82,92,132,12,23,125,61,32" hai1="127,41,47,51,57,96,2,116,102,37,27,38,33" hai2="128,75,133,73,112,100,25,106,35,68,98,13,72" hai3="79,103,105,95,56,62,78,55,54,45,94,120,64"/><T90/><D32/><U83/><E116/><V4/><F112/><W8/><G105/><T99/><D125/><U77/><E127/><V36/><F128/><W29/><G120/><T39/><D39/><U43/><E2/><V1/><F13/><W118/><G118/><T11/><D129/><U16/><E57/><V69/><F133/><W46/><G29/><T101/><D132/><U60/><E60/><V124/><F36/><W7/><G55/><T48/><D110/><U24/><E33/><V86/><F86/><W122/><G122/><T26/><D26/><U134/><E134/><V126/><F126/><W108/><G108/><T93/><D61/><U121/><E121/><V88/><F88/><W89/><G103/><T113/><D113/><U131/><E131/><V81/><F81/><W67/><G67/><T34/><D34/><U40/><E38/><V87/><F87/><W109/><G109/><T76/><REACH who="0" step="1"/><D48/><REACH who="0" ten="356,250,250,134" step="2"/><U44/><E51/><V21/><F124/><W28/><G28/><T115/><D115/><U6/><E37/><V114/><F114/><W65/><G65/><T63/><D63/><U97/><E27/><V58/><F35/><W0/><G64/><T18/><D18/><U71/><E16/><V117/><F117/><W111/><G111/><T80/><D80/><U59/><E83/><V19/><F4/><W119/><G119/><T15/><D15/><U50/><E6/><V3/><REACH who="2" step="1"/><F58/><REACH who="2" ten="356,250,240,134" step="2"/><W52/><G56/><T31/><D31/><U17/><E59/><V30/><F30/><W104/><G7/><T123/><D123/><U49/><E24/><RYUUKYOKU ba="1,2" sc="356,15,250,-15,240,15,134,-15" hai0="5,11,12,22,23,76,82,85,90,92,93,99,101" hai2="1,3,19,21,25,68,69,72,73,75,98,100,106" /><INIT seed="0,2,2,4,5,35" ten="371,235,255,119" oya="0" hai0="3,67,88,47,49,115,12,87,113,81,97,16,133" hai1="125,21,101,24,86,44,25,9,116,72,117,121,8" hai2="76,17,85,83,96,63,33,7,29,102,40,20,59" hai3="123,15,129,56,65,34,46,11,131,79,122,109,58"/><T119/><D119/><U14/><E72/><V107/><F40/><W114/><G34/><T77/><D113/><U68/><E68/><V55/><F7/><W62/><G79/><T82/><D115/><U69/><E69/><V78/><F29/><W120/><G114/><T80/><D3/><U94/><E44/><V130/><F33/><W60/><G15/><T111/><D133/><U52/><E52/><V4/><F4/><W84/><G84/><N who="0" m="48143" /><D111/><U64/><E64/><V106/><F130/><N who="3" m="49675" /><G11/><N who="0" m="6175" /><D67/><U128/><E128/><V19/><F107/><W57/><G109/><T6/><D6/><U110/><E110/><V91/><REACH who="2" step="1"/><F17/><REACH who="2" ten="371,235,245,119" step="2"/><W54/><G46/><T18/><D18/><U5/><E5/><V61/><F61/><N who="3" m="23659" /><G65/><T1/><D1/><U132/><E116/><V2/><F2/><W10/><G10/><T135/><D135/><U28/><E132/><V118/><F118/><W53/><AGARI ba="2,3" hai="53,54,56,57,58,120,122,123" m="23659,49675" machi="53" ten="50,12000,2" yaku="28,2,13,1,19,1,34,2" doraHai="35" who="3" fromWho="3" sc="371,-62,235,-32,245,-32,119,156" /><INIT seed="1,0,0,2,4,131" ten="309,203,213,275" oya="1" hai0="105,89,4,122,21,9,42,116,69,1,134,16,126" hai1="29,5,123,0,44,133,98,55,23,51,99,100,8" hai2="74,128,6,110,53,12,117,34,84,65,59,48,101" hai3="91,35,71,67,60,77,115,80,107,92,11,87,109"/><U94/><E123/><V104/><F74/><W20/><G109/><T3/><D116/><U66/><E66/><V40/><F117/><W79/><G115/><T88/><D69/><U78/><E78/><V50/><F34/><W102/><G35/><T132/><D105/><U64/><E64/><V119/><F119/><W76/><G11/><T70/><D70/><U97/><E29/><V125/><F110/><W46/><G46/><T120/><D126/><U24/><E133/><N who="0" m="51305" /><D3/><U54/><E54/><V26/><F53/><W72/><REACH who="3" step="1"/><G20/><REACH who="3" ten="309,203,213,265" step="2"/><T58/><D42/><U118/><E118/><V112/><F40/><W25/><G25/><N who="0" m="14503" /><D58/><U31/><AGARI ba="0,1" hai="0,5,8,23,24,31,44,51,55,94,97,98,99,100" machi="31" ten="20,2100,0" yaku="0,1,7,1" doraHai="131" who="1" fromWho="1" sc="309,-7,203,31,213,-7,265,-7" /><INIT seed="1,1,0,3,5,94" ten="302,234,206,258" oya="1" hai0="54,58,14,13,59,84,132,37,123,47,6,135,12" hai1="71,127,19,81,3,4,21,130,80,91,99,105,15" hai2="109,41,95,131,48,33,7,30,86,60,31,87,104" hai3="75,39,72,88,26,17,67,77,46,101,49,44,53"/><U42/><E130/><V61/><F104/><W70/><G101/><T98/><D123/><U11/><E127/><V118/><F118/><W69/><G39/><T1/><D37/><U111/><E71/><V83/><F109/><W102/><G102/><T57/><D47/><U50/><E111/><V126/><F126/><W85/><G46/><T89/><D1/><U113/><E113/><V16/><F7/><W2/><G2/><T97/><D6/><U112/><E112/><V79/><F131/><W76/><G75/><T96/><REACH who="0" step="1"/><D54/><REACH who="0" ten="292,234,206,258" step="2"/><U129/><E4/><V107/><F41/><W133/><G53/><T125/><D125/><U103/><E3/><V27/><F33/><W66/><G44/><T100/><D100/><U28/><E42/><V117/><F117/><W43/><G43/><T18/><D18/><U93/><E129/><V22/><F107/><W51/><G17/><T68/><D68/><U119/><E119/><V82/><F48/><W34/><G67/><T124/><D124/><U38/><E50/><V10/><F60/><W5/><G66/><T106/><D106/><U63/><E63/><V121/><F61/><W114/><G5/><T24/><D24/><N who="1" m="16399" /><E38/><V55/><F121/><W90/><G26/><T64/><D64/><U116/><E116/><V110/><F55/><W78/><G70/><T62/><D62/><U122/><E122/><V20/><F110/><W35/><G69/><T29/><D29/><U23/><E105/><V108/><F108/><W65/><G65/><T0/><D0/><U73/><E103/><V8/><F30/><W45/><G45/><RYUUKYOKU ba="1,1" sc="292,30,234,-10,206,-10,258,-10" hai0="12,13,14,57,58,59,84,89,96,97,98,132,135" /><INIT seed="2,2,1,4,1,35" ten="322,224,196,248" oya="2" hai0="54,7,55,85,130,14,135,118,53,106,78,115,20" hai1="84,15,104,107,122,127,87,79,21,57,33,91,11" hai2="6,56,117,62,19,47,101,75,128,69,90,52,66" hai3="46,43,105,73,58,92,102,113,17,28,109,59,40"/><V99/><F117/><W38/><G105/><T5/><D115/><U112/><E33/><V24/><F75/><W98/><G113/><T44/><D106/><U123/><E112/><V36/><F6/><N who="0" m="2058" /><D130/><U39/><E39/><V16/><F128/><W30/><G73/><T86/><D135/><U89/><E11/><V60/><F90/><W100/><G109/><T97/><D97/><U13/><E57/><V93/><REACH who="2" step="1"/><F24/><REACH who="2" ten="322,224,186,248" step="2"/><W2/><G102/><T0/><D118/><U103/><E89/><V120/><F120/><W68/><G100/><T132/><D132/><U121/><E103/><V88/><F88/><W129/><G129/><T124/><D78/><U71/><E79/><V77/><F77/><W65/><G98/><T9/><D0/><U114/><E114/><V10/><F10/><W95/><G95/><T1/><D1/><U76/><E76/><V25/><F25/><W37/><G2/><T61/><D124/><U23/><E127/><V133/><F133/><W126/><G92/><T34/><D34/><U22/><E91/><V67/><F67/><W42/><G126/><T3/><D3/><U45/><E122/><V81/><F81/><W26/><G65/><T48/><D20/><U49/><E22/><V51/><F51/><W50/><G50/><T8/><D8/><U96/><E49/><V134/><F134/><W82/><G26/><T116/><D116/><U4/><E4/><V108/><F108/><W32/><G38/><T27/><D27/><U125/><E125/><V110/><F110/><W72/><G37/><T70/><D9/><U131/><E131/><RYUUKYOKU ba="2,2" sc="322,-10,224,-10,186,30,248,-10" hai2="16,19,36,47,52,56,60,62,66,69,93,99,101" /><INIT seed="2,3,2,2,4,13" ten="312,214,216,238" oya="2" hai0="24,59,19,103,8,134,99,121,25,54,50,64,53" hai1="112,113,75,96,98,33,130,97,55,81,83,94,66" hai2="29,108,74,34,30,105,87,125,63,37,41,79,3" hai3="129,17,71,72,47,110,118,18,109,68,69,62,36"/><V88/><F105/><W102/><G72/><T9/><D121/><U56/><E33/><V86/><F3/><W135/><G118/><T80/><D134/><U85/><E66/><V122/><F122/><W22/><G135/><T101/><D64/><U106/><E56/><V21/><F34/><W38/><G129/><T42/><D42/><U27/><E55/><V107/><F107/><W65/><G102/><N who="0" m="38923" /><D99/><N who="1" m="37963" /><E27/><N who="0" m="10313" /><D80/><U7/><E7/><V58/><F74/><W46/><G22/><T31/><D31/><N who="2" m="11786" /><F37/><N who="3" m="14443" /><G62/><N who="0" m="36207" /><D19/><N who="3" m="7177" /><G65/><T127/><D127/><U11/><E130/><V20/><F125/><W4/><G4/><T57/><AGARI ba="3,2" hai="8,9,50,54,57" m="36207,10313,38923" machi="57" ten="30,1100,0" yaku="8,1" doraHai="13" who="0" fromWho="0" sc="312,40,214,-6,216,-8,238,-6" /><INIT seed="3,0,0,0,0,101" ten="352,208,208,232" oya="3" hai0="83,119,52,68,91,30,44,134,124,0,19,128,73" hai1="86,25,123,67,13,31,26,75,80,133,43,60,107" hai2="125,126,3,106,131,65,62,100,111,115,1,94,59" hai3="85,112,56,18,77,130,23,35,9,36,45,34,53"/><W116/><G112/><T87/><D119/><U37/><E75/><V5/><F111/><W4/><G116/><T15/><D0/><U50/><E123/><V132/><F115/><W114/><G114/><T7/><D68/><U81/><E133/><V84/><F132/><W57/><G130/><T93/><D134/><U17/><E37/><V120/><F131/><W51/><G35/><T135/><D128/><U127/><E127/><N who="2" m="48651" /><F120/><W70/><G34/><T32/><D124/><U121/><E121/><V11/><F1/><W28/><G70/><T58/><D135/><U55/><E43/><V98/><F84/><W76/><G28/><T105/><D105/><AGARI ba="0,0" hai="3,5,11,59,62,65,94,98,100,105,106" m="48651" machi="105" ten="30,3900,0" yaku="18,1,52,2" doraHai="101" who="2" fromWho="0" sc="352,-39,208,0,208,39,232,0" /><INIT seed="4,0,0,4,0,132" ten="313,208,247,232" oya="0" hai0="113,86,19,51,12,119,39,11,1,21,32,26,75" hai1="82,2,40,129,3,66,25,110,5,24,71,74,46" hai2="4,62,33,54,58,101,57,36,95,13,122,8,60" hai3="64,48,83,9,92,56,80,23,85,111,30,109,128"/><T65/><D119/><U49/><E110/><V135/><F33/><W70/><G70/><T96/><D39/><U18/><E129/><V42/><F122/><W53/><G128/><T124/><D75/><U103/><E103/><V84/><F135/><W88/><G64/><T45/><D113/><U108/><E108/><V107/><F107/><W105/><G105/><T35/><D96/><U61/><E5/><V120/><F120/><W44/><G111/><T41/><D65/><U87/><E74/><V43/><F36/><W10/><G109/><T0/><D86/><U59/><E71/><V118/><F118/><W130/><G130/><T68/><D68/><U14/><E2/><V112/><F112/><W16/><G30/><T90/><D90/><U7/><E3/><V28/><F28/><W73/><G44/><T72/><D72/><U34/><E34/><V116/><F116/><W81/><REACH who="3" step="1"/><G73/><REACH who="3" ten="313,208,247,222" step="2"/><T99/><D35/><U91/><REACH who="1" step="1"/><E7/><REACH who="1" ten="313,198,247,222" step="2"/><V121/><F121/><W104/><G104/><T27/><D32/><U15/><E15/><AGARI ba="0,2" hai="9,10,15,16,23,48,53,56,80,81,83,85,88,92" machi="15" ten="40,12000,2" yaku="1,1,25,2,8,1,54,2,53,0" doraHai="132" doraHaiUra="37" who="3" fromWho="1" sc="313,0,198,-120,247,0,222,140" /><INIT seed="5,0,0,4,1,40" ten="313,78,247,362" oya="1" hai0="42,4,92,68,27,133,81,39,58,113,41,5,57" hai1="124,14,69,19,11,23,95,104,94,61,21,46,80" hai2="2,28,12,74,91,89,26,30,123,50,36,129,38" hai3="51,75,131,101,125,54,59,70,22,96,112,52,7"/><U88/><E104/><V43/><F2/><W53/><G70/><T45/><D68/><U18/><E124/><V135/><F123/><W117/><G75/><T48/><D133/><U62/><E69/><V47/><F74/><W71/><G71/><T114/><D81/><U1/><E1/><V55/><F135/><W132/><G132/><T83/><D83/><U130/><E130/><V79/><F79/><W0/><G125/><T9/><D27/><U127/><E127/><V64/><F64/><W20/><G117/><T44/><D92/><U73/><E46/><V17/><F38/><W8/><G131/><T10/><D48/><U78/><E11/><V82/><F129/><W100/><G112/><T115/><D115/><U66/><E66/><V13/><F17/><W86/><G101/><T87/><D87/><U93/><REACH who="1" step="1"/><E88/><REACH who="1" ten="313,68,247,362" step="2"/><V34/><F89/><W99/><G99/><T126/><D126/><U105/><E105/><V25/><F91/><W35/><G96/><T121/><D121/><U98/><E98/><V56/><F82/><W6/><G100/><T15/><D39/><U32/><E32/><AGARI ba="0,1" hai="12,13,25,26,28,30,32,34,36,43,47,50,55,56" machi="32" ten="30,3900,0" yaku="7,1,9,1,52,1" doraHai="40" who="2" fromWho="1" sc="313,0,68,-39,247,49,362,0" /><INIT seed="6,0,0,3,0,6" ten="313,29,296,362" oya="2" hai0="106,105,29,126,93,20,19,125,38,18,55,84,62" hai1="41,14,74,66,115,83,130,42,120,87,135,119,17" hai2="75,92,97,27,61,46,51,65,116,35,81,26,79" hai3="32,30,131,102,96,90,45,104,54,71,80,111,67"/><V31/><F116/><W133/><G111/><T69/><D38/><U13/><E13/><V43/><F26/><N who="3" m="18519" /><G131/><T100/><D69/><U15/><E15/><V109/><F109/><W40/><G133/><T28/><D20/><U23/><E66/><V103/><REACH who="2" step="1"/><F61/><REACH who="2" ten="313,29,286,362" step="2"/><N who="3" m="40431" /><G54/><T78/><D55/><U5/><E119/><V3/><F3/><W58/><G58/><T117/><D62/><U82/><E120/><V7/><F7/><W25/><G25/><T99/><D117/><U110/><E5/><V60/><F60/><W64/><G64/><AGARI ba="0,1" hai="27,31,35,43,46,51,64,65,75,79,81,92,97,103" machi="64" ten="40,3900,0" yaku="1,1,53,1" doraHai="6" doraHaiUra="24" who="2" fromWho="3" sc="313,0,29,0,286,49,362,-39" /><INIT seed="6,1,0,3,5,8" ten="313,29,335,323" oya="2" hai0="20,42,16,64,59,69,130,129,33,85,60,65,5" hai1="77,132,108,62,66,127,39,7,61,67,104,74,94" hai2="1,75,56,91,76,71,133,93,110,83,99,24,26" hai3="100,88,81,117,44,70,131,35,80,4,14,116,125"/><V90/><F1/><W102/><G35/><T15/><D33/><U45/><E104/><V120/><F120/><W63/><G125/><T2/><D42/><U32/><E94/><V10/><F71/><W82/><G131/><N who="0" m="50187" /><D85/><U37/><E32/><V21/><F10/><W3/><G3/><T30/><D30/><U109/><E7/><V87/><F133/><W84/><G44/><T114/><D114/><U28/><E28/><V68/><F68/><W43/><G43/><T73/><D73/><U115/><E77/><V103/><F110/><W48/><G48/><T6/><D69/><U119/><E74/><V31/><F56/><W97/><G63/><N who="0" m="38015" /><D2/><U18/><E18/><V135/><F135/><W101/><G70/><N who="0" m="42279" /><D5/><U25/><E25/><V92/><F26/><W123/><G123/><T112/><D6/><U51/><E132/><V9/><F9/><W113/><G113/><T107/><D112/><U98/><E115/><V57/><F57/><W111/><G111/><T47/><D47/><U106/><E119/><V89/><AGARI ba="1,0" hai="21,24,31,75,76,83,87,89,90,91,92,93,99,103" machi="89" ten="30,1500,0" yaku="0,1" doraHai="8" who="2" fromWho="2" sc="313,-6,29,-6,335,18,323,-6" /><INIT seed="6,2,0,2,0,14" ten="307,23,353,317" oya="2" hai0="123,70,115,46,121,85,89,61,21,99,24,111,52" hai1="19,100,66,33,27,11,13,114,69,120,112,2,41" hai2="87,22,93,127,45,7,102,110,15,49,3,98,18" hai3="34,119,9,31,97,39,40,116,88,16,48,135,35"/><V58/><F127/><W64/><G39/><T132/><D111/><U0/><E100/><V1/><F110/><W63/><G135/><T44/><D123/><U28/><E41/><V92/><F7/><W30/><G35/><T26/><D121/><U77/><E69/><V122/><F122/><W128/><G128/><T74/><D132/><U59/><E120/><V107/><F58/><W50/><G34/><T55/><D74/><U79/><E59/><V90/><REACH who="2" step="1"/><F107/><REACH who="2" ten="307,23,343,317" step="2"/><W82/><G116/><T124/><D124/><U71/><E71/><V96/><F96/><W17/><G119/><T37/><D70/><U103/><E66/><V4/><F4/><W105/><G105/><T101/><D99/><U95/><E77/><V131/><F131/><W51/><G40/><AGARI ba="2,1" hai="1,3,15,18,22,40,45,49,87,90,92,93,98,102" machi="40" ten="30,5800,0" yaku="1,1,7,1,52,1,53,0" doraHai="14" doraHaiUra="133" who="2" fromWho="3" sc="307,0,23,0,343,74,317,-64" /><INIT seed="6,3,0,0,1,95" ten="307,23,417,253" oya="2" hai0="52,15,100,69,39,116,40,13,135,74,98,72,103" hai1="104,88,125,29,123,50,120,62,101,66,35,102,49" hai2="53,84,77,8,7,38,117,80,126,14,10,20,22" hai3="21,114,86,25,118,41,36,67,2,27,133,96,32"/><V87/><F117/><W12/><G118/><T1/><D69/><U70/><E125/><V129/><F126/><W128/><G2/><T60/><D116/><U105/><E88/><V90/><F38/><W26/><G114/><T106/><D1/><U130/><E130/><V3/><F129/><W79/><G128/><T99/><D135/><U134/><E134/><V18/><REACH who="2" step="1"/><F53/><REACH who="2" ten="307,23,407,253" step="2"/><W56/><G36/><T124/><D39/><U89/><E120/><V83/><AGARI ba="3,1" hai="3,7,8,10,14,18,20,22,77,80,83,84,87,90" machi="83" ten="20,18000,2" yaku="1,1,2,1,0,1,7,1,53,2" doraHai="95" doraHaiUra="81" who="2" fromWho="2" sc="307,-63,23,-63,407,199,253,-63" owari="244,4.0,-40,-54.0,606,71.0,190,-21.0" /></mjloggm>