<mjloggm ver="2.3"><GO type="97" lobby="0"/><UN n0="%E3%82%81%E3%82%93%E3%81%9F%E3%82%80" n1="%E5%AE%B6%E8%B3%83" n2="%57%61%66%66%6C%65" n3="%E3%82%A6%E3%83%AB%E3%83%88%E3%83%A9%E7%AB%8B%E7%9B%B4" dan="15,14,14,13" rate="1952.40,1991.16,1885.35,1883.48" sx="M,M,F,M"/><TAIKYOKU oya="0"/><INIT seed="0,0,0,5,2,81" ten="250,250,250,250" oya="0" hai0="56,6,88,48,89,104,134,112,103,124,0,47,2" hai1="102,132,75,130,101,27,60,22,100,53,19,116,65" hai2="105,17,50,14,25,18,57,43,123,39,16,10,125" hai3="92,11,133,111,33,51,71,36,122,5,135,28,38"/><T76/><D112/><U24/><E75/><V21/><F123/><W46/><G71/><T131/><D124/><U69/><E116/><V63/><F105/><W3/><G122/><T95/><D0/><U26/><E132/><N who="3" m="50762" /><G111/><T74/><D104/><U90/><E130/><V37/><F125/><W42/><G92/><T110/><D134/><U41/><E41/><V99/><F99/><W66/><G66/><T80/><D131/><U86/><REACH who="1" step="1"/><E53/><REACH who="1" ten="250,240,250,250" step="2"/><V115/><F115/><W91/><G42/><T52/><D110/><U29/><E29/><V83/><F39/><W118/><G38/><T107/><D107/><U109/><E109/><V13/><F37/><W113/><G36/><T97/><REACH who="0" step="1"/><D47/><REACH who="0" ten="240,240,250,250" step="2"/><U35/><E35/><V62/><F43/><W70/><G33/><T30/><D30/><U61/><E61/><V77/><F63/><W127/><G28/><T20/><D20/><U78/><E78/><V117/><F62/><W129/><G129/><T67/><D67/><U94/><AGARI ba="0,2" hai="19,22,24,26,27,60,65,69,86,90,94,100,101,102" machi="94" ten="30,4000,0" yaku="1,1,0,1,52,1,53,0" doraHai="81" doraHaiUra="73" who="1" fromWho="1" sc="240,-20,240,60,250,-10,250,-10" /><INIT seed="1,0,0,5,2,69" ten="220,300,240,240" oya="1" hai0="19,37,34,104,23,117,51,134,27,62,0,39,107" hai1="32,33,118,29,113,91,25,101,119,135,66,7,58" hai2="132,53,114,44,22,30,6,126,41,120,46,123,15" hai3="61,14,87,43,4,55,100,40,59,60,102,90,49"/><U72/><E101/><N who="3" m="39018" /><G14/><T88/><D117/><U125/><E72/><V57/><F132/><W50/><G4/><T48/><D0/><U99/><E113/><V92/><F126/><W89/><G90/><T82/><D134/><U116/><E135/><V110/><F110/><W3/><G3/><T74/><D34/><U106/><E32/><V103/><F114/><W13/><G13/><T80/><D62/><N who="3" m="24169" /><G50/><T121/><D121/><U10/><E66/><V73/><F73/><W42/><G42/><T16/><D74/><U85/><E58/><V75/><F75/><W70/><G70/><T86/><D80/><AGARI ba="0,0" hai="40,43,49,55,59,80,87,89" m="24169,39018" machi="80" ten="30,1000,0" yaku="8,1" doraHai="69" who="3" fromWho="0" sc="220,-10,300,0,240,0,240,10" /><INIT seed="2,0,0,4,0,134" ten="210,300,240,250" oya="2" hai0="114,2,66,38,14,24,132,98,78,107,30,86,5" hai1="17,95,135,115,105,4,49,44,55,117,13,33,46" hai2="103,82,90,9,22,12,31,53,50,20,89,48,130" hai3="91,120,92,47,68,84,6,18,73,26,64,8,104"/><V108/><F130/><W110/><G104/><T43/><D132/><U35/><E105/><V118/><F118/><W39/><G73/><T128/><D114/><U94/><E4/><V133/><F133/><W81/><G120/><T113/><D113/><U96/><E117/><V109/><F103/><W63/><G110/><N who="2" m="42601" /><F82/><W83/><G39/><T75/><D14/><U42/><E95/><V67/><F67/><W111/><G111/><T0/><D86/><U79/><E79/><V76/><F76/><W125/><G125/><T65/><D65/><U59/><E44/><N who="2" m="27783" /><F50/><W127/><G127/><T112/><D66/><U80/><E80/><V126/><F126/><W45/><G83/><N who="0" m="45535" /><D5/><U129/><E115/><V131/><F131/><W52/><G81/><T85/><D112/><U37/><E129/><V16/><F31/><W19/><G47/><N who="0" m="24055" /><D85/><U1/><E1/><V62/><F62/><W77/><G77/><T51/><D51/><U71/><E71/><V70/><F70/><W3/><G45/><T56/><D56/><U21/><E135/><V121/><F121/><W102/><G102/><AGARI ba="0,0" hai="13,17,21,33,35,37,42,46,49,55,59,94,96,102" machi="102" ten="30,1000,0" yaku="7,1" doraHai="134" who="1" fromWho="3" sc="210,0,300,10,240,0,250,-10" /><INIT seed="3,0,0,3,0,53" ten="210,310,240,240" oya="3" hai0="111,2,67,64,55,30,56,78,36,95,33,101,132" hai1="96,29,81,26,61,129,32,14,54,10,69,126,70" hai2="133,105,107,90,40,123,4,97,17,108,43,27,119" hai3="42,48,35,51,34,121,45,5,25,21,83,39,23"/><W71/><G71/><T47/><D2/><U93/><E129/><V117/><F119/><W19/><G121/><T128/><D111/><U38/><E38/><V80/><F117/><W118/><G118/><T88/><D128/><U91/><E126/><V66/><F108/><W84/><G5/><T50/><D132/><U62/><E62/><V87/><F133/><W37/><G37/><T110/><D110/><U86/><E54/><V16/><F123/><W76/><REACH who="3" step="1"/><G23/><REACH who="3" ten="210,310,240,230" step="2"/><T12/><D78/><U130/><E130/><V72/><F4/><W131/><G131/><T100/><D33/><AGARI ba="0,1" hai="19,21,25,33,34,35,39,42,45,48,51,76,83,84" machi="33" ten="40,3900,0" yaku="1,1,53,1" doraHai="53" doraHaiUra="74" who="3" fromWho="0" sc="210,-39,310,0,240,0,230,49" /><INIT seed="3,1,0,0,0,7" ten="171,310,240,279" oya="3" hai0="38,23,118,76,6,15,124,22,46,21,123,134,69" hai1="24,102,112,45,77,60,17,34,19,103,119,33,59" hai2="85,99,72,80,105,27,31,120,87,42,101,11,10" hai3="100,133,26,131,126,132,113,8,109,86,56,5,106"/><W91/><G113/><T29/><D118/><U58/><E112/><V129/><F120/><W35/><G100/><T92/><D123/><U62/><E77/><V84/><F129/><W117/><G117/><T114/><D69/><U73/><E119/><V36/><F36/><W0/><G106/><T115/><D76/><U94/><E94/><V41/><F72/><W18/><G131/><T130/><D130/><U63/><E45/><V30/><F80/><W14/><G56/><T51/><D38/><U83/><E83/><V16/><F16/><W71/><G71/><T121/><D121/><U125/><E24/><V128/><F128/><W79/><G79/><T74/><D74/><U65/><E63/><V97/><F97/><W53/><G53/><T3/><D3/><U4/><E73/><V2/><F2/><W98/><G98/><T135/><D92/><U12/><E12/><V57/><F57/><W40/><G40/><T108/><D51/><U90/><E90/><V67/><F67/><W96/><G96/><T54/><D54/><U48/><E48/><V88/><F88/><W32/><G126/><T82/><D46/><U9/><E4/><V64/><F64/><W13/><G109/><T61/><D82/><U43/><E43/><V81/><F81/><W52/><G52/><T66/><D108/><U93/><E93/><V20/><F31/><N who="3" m="19575" /><G35/><T39/><D124/><U1/><E1/><V47/><F42/><W110/><G110/><T116/><D29/><U37/><E37/><V95/><F105/><W122/><G122/><T111/><D111/><U89/><E125/><RYUUKYOKU ba="1,0" sc="171,-10,310,-10,240,30,279,-10" hai2="10,11,20,27,30,41,47,84,85,87,95,99,101" owari="161,-34.0,300,40.0,270,7.0,269,-13.0" /></mjloggm>