<mjloggm ver="2.3"><GO type="97" lobby="0"/><UN n0="%E3%82%A6%E3%83%AB%E3%83%88%E3%83%A9%E7%AB%8B%E7%9B%B4" n1="%E3%83%AD%E3%83%B3%E3%82%AE%E3%83%8C%E3%82%B9%E3%81%AE%E9%87%9D" n2="%74%61%75%72%61" n3="%E4%BB%A3%E6%89%93%E3%81%A1%E6%B5%A6%E9%83%A8" dan="13,13,15,13" rate="1898.42,1862.20,1983.26,1876.25" sx="M,M,M,M"/><TAIKYOKU oya="0"/><INIT seed="0,0,0,0,4,19" ten="250,250,250,250" oya="0" hai0="6,131,120,125,97,9,93,10,18,35,36,65,127" hai1="82,69,134,71,16,80,121,114,78,124,112,7,48" hai2="61,32,42,79,96,116,94,85,15,30,74,81,2" hai3="111,54,62,129,49,41,110,13,27,103,37,99,72"/><T91/><D36/><U33/><E121/><V106/><F2/><W102/><G129/><T28/><D120/><U118/><E118/><V104/><F116/><W47/><G72/><T83/><D131/><U101/><E7/><V108/><F108/><N who="3" m="41515" /><G62/><T23/><D65/><U89/><E134/><V11/><F42/><W87/><G87/><T67/><D67/><U132/><E132/><V109/><F109/><W115/><G115/><N who="1" m="44074" /><E124/><N who="0" m="47689" /><D6/><U68/><E33/><V133/><F133/><W98/><G13/><N who="0" m="9679" /><D83/><U29/><E29/><V44/><F61/><W51/><G27/><AGARI ba="0,0" hai="9,10,27,28,35,91,93,97" m="9679,47689" machi="27" ten="30,2900,0" yaku="18,1,52,1" doraHai="19" who="0" fromWho="3" sc="250,29,250,0,250,0,250,-29" /><INIT seed="0,1,0,1,5,109" ten="279,250,250,221" oya="0" hai0="1,15,55,94,65,106,84,117,111,19,5,112,73" hai1="121,113,28,39,12,58,43,134,102,54,35,42,48" hai2="132,26,17,99,24,108,127,63,86,85,118,125,11" hai3="120,129,8,45,18,105,103,14,115,101,124,4,51"/><T83/><D117/><U80/><E121/><V126/><F108/><W23/><G120/><T95/><D111/><U79/><E134/><V96/><F118/><W47/><G129/><T66/><D106/><U135/><E135/><V61/><F132/><W122/><G122/><T0/><D73/><U13/><E102/><V70/><F11/><W67/><G124/><T93/><D5/><U32/><E113/><V78/><F78/><W52/><G115/><T107/><D107/><U50/><E39/><V98/><F17/><W82/><G105/><T128/><D128/><U69/><E69/><V114/><F114/><W91/><G47/><T3/><D55/><N who="1" m="32103" /><E35/><V62/><REACH who="2" step="1"/><F70/><REACH who="2" ten="279,250,240,221" step="2"/><W6/><G8/><T20/><REACH who="0" step="1"/><D112/><REACH who="0" ten="269,250,240,221" step="2"/><U33/><E28/><V76/><F76/><AGARI ba="1,2" hai="0,1,3,15,19,20,65,66,76,83,84,93,94,95" machi="76" ten="50,4800,0" yaku="1,1,2,1,53,0" doraHai="109" doraHaiUra="110" who="0" fromWho="2" sc="269,71,250,0,240,-51,221,0" /><INIT seed="0,2,0,0,0,104" ten="340,250,189,221" oya="0" hai0="83,23,105,20,77,79,8,45,108,46,18,82,93" hai1="120,38,88,36,98,28,125,85,30,133,115,10,127" hai2="90,62,55,56,48,19,50,109,135,29,69,134,121" hai3="41,40,128,44,33,99,65,84,61,3,112,97,7"/><T52/><D105/><U5/><E120/><V22/><F29/><N who="1" m="11369" /><E133/><N who="2" m="50699" /><F90/><W75/><G33/><T17/><D93/><U9/><E98/><V117/><F19/><W91/><G75/><T12/><D108/><U103/><E103/><V53/><F22/><W70/><G112/><T114/><D114/><U26/><E26/><V111/><F121/><W89/><G128/><T63/><D63/><U51/><E51/><N who="2" m="19499" /><F117/><W31/><G31/><T67/><D67/><U59/><E59/><N who="2" m="35183" /><F69/><W92/><G44/><T132/><D132/><U118/><E118/><V54/><F56/><W1/><G99/><T86/><D45/><U42/><E10/><V34/><F34/><W113/><G113/><T101/><D101/><U74/><E74/><V37/><F37/><W24/><G24/><T64/><D18/><U47/><E38/><V123/><F123/><W129/><G129/><T15/><D23/><U25/><E115/><V122/><F122/><W107/><G107/><T126/><D20/><U39/><E39/><V66/><F66/><W27/><G27/><T35/><D64/><U100/><E25/><V102/><F102/><W116/><G116/><T32/><D32/><U94/><E100/><V119/><F119/><W71/><G71/><T13/><D35/><U73/><E73/><V78/><F78/><W57/><G70/><T16/><D8/><U110/><E9/><V0/><F0/><N who="3" m="75" /><G7/><T21/><D17/><U87/><E5/><V68/><F68/><W49/><G49/><N who="0" m="28727" /><D16/><U131/><E131/><V4/><F4/><W72/><G72/><N who="0" m="43303" /><D21/><U60/><E36/><V95/><F95/><AGARI ba="2,0" hai="40,41,57,61,65,84,89,91,92,95,97" m="75" machi="95" ten="30,1000,0" yaku="6,1" doraHai="104" who="3" fromWho="2" sc="340,0,250,0,189,-16,221,16" /><INIT seed="1,0,0,5,3,65" ten="340,250,173,237" oya="1" hai0="80,31,9,89,97,127,70,106,119,40,20,116,91" hai1="98,3,72,35,108,134,50,126,16,128,8,39,6" hai2="7,135,4,74,18,36,19,125,112,111,92,51,129" hai3="52,24,32,59,41,27,93,43,48,86,62,71,12"/><U132/><E39/><V101/><F36/><W118/><G118/><T25/><D70/><U133/><E72/><V22/><F74/><W81/><G93/><T84/><D127/><U85/><E126/><V54/><F125/><W37/><G32/><T69/><D69/><U124/><E124/><V28/><F28/><W46/><G12/><T45/><D9/><U17/><E98/><N who="2" m="59591" /><F111/><W68/><G43/><T103/><D91/><U77/><E35/><V105/><F105/><W99/><G99/><T53/><D53/><U107/><E107/><V83/><F135/><W15/><G15/><T122/><D122/><U13/><E128/><V79/><F129/><W44/><G44/><T55/><D55/><U90/><E3/><V56/><F112/><W88/><G71/><T29/><D29/><U96/><E96/><V61/><F61/><W82/><G82/><T10/><D10/><U102/><E102/><V130/><F130/><W73/><G73/><T115/><D115/><U63/><E63/><V2/><F2/><W14/><G14/><T34/><D34/><U58/><E77/><V67/><F67/><AGARI ba="0,0" hai="24,27,37,41,46,48,52,59,62,67,68,81,86,88" machi="67" ten="40,8000,1" yaku="24,2,52,1,54,2" doraHai="65" who="3" fromWho="2" sc="340,0,250,0,173,-80,237,80" /><INIT seed="2,0,0,4,2,45" ten="340,250,93,317" oya="2" hai0="133,70,58,112,82,39,119,91,97,101,50,74,93" hai1="19,108,18,48,35,121,60,129,2,87,123,109,3" hai2="31,98,17,118,67,68,126,135,128,38,107,30,105" hai3="62,16,42,41,110,125,96,78,12,23,8,20,0"/><V10/><F118/><W28/><G110/><N who="1" m="42602" /><E60/><V114/><F114/><W132/><G132/><T124/><D39/><U134/><E35/><V117/><F117/><W33/><G125/><T85/><D70/><U80/><E134/><V92/><F135/><W103/><G78/><T53/><D133/><U90/><E48/><V63/><F126/><W88/><G33/><T72/><D124/><U37/><E37/><V27/><F38/><W111/><G111/><T40/><D112/><U7/><E129/><V61/><F128/><W73/><G73/><T56/><D40/><N who="3" m="15465" /><G0/><N who="1" m="42" /><E7/><V4/><F63/><W79/><G79/><T106/><D119/><U69/><E69/><V122/><F122/><AGARI ba="0,0" hai="18,19,80,87,90,121,122,123" m="42,42602" machi="122" ten="40,2600,0" yaku="13,1,14,1" doraHai="45" who="1" fromWho="2" sc="340,0,250,26,93,-26,317,0" /><INIT seed="3,0,0,2,0,82" ten="340,276,67,317" oya="3" hai0="103,42,111,29,59,50,105,120,55,90,9,131,24" hai1="41,65,61,58,126,7,121,22,34,79,68,130,117" hai2="86,127,113,32,100,8,52,102,43,3,123,84,21" hai3="45,83,91,19,93,20,47,23,75,128,4,31,1"/><W134/><G134/><T36/><D120/><U40/><E34/><V64/><F32/><W81/><G128/><T51/><D105/><U17/><E121/><V107/><F107/><W135/><G135/><T0/><D103/><U54/><E130/><V98/><F123/><W74/><G74/><T85/><D131/><U28/><E126/><V60/><F127/><W6/><G75/><T109/><D9/><U15/><E117/><V12/><F3/><W14/><G1/><T101/><D101/><U16/><E28/><V30/><F43/><W63/><G63/><N who="0" m="36351" /><D42/><U25/><E79/><V18/><F113/><W106/><G106/><T129/><D36/><U114/><E114/><V95/><F102/><W44/><G31/><T94/><D0/><U108/><E108/><N who="0" m="41545" /><D129/><U125/><E7/><N who="3" m="2602" /><G23/><AGARI ba="0,0" hai="23,24,29,50,51,85,90,94" m="41545,36351" machi="23" ten="30,2000,0" yaku="14,1,52,1" doraHai="82" who="0" fromWho="3" sc="340,20,276,0,67,0,317,-20" owari="360,45.0,276,-12.0,67,-43.0,297,10.0" /></mjloggm>