<mjloggm ver="2.3"><GO type="97" lobby="0"/><UN n0="%E6%B0%B7%E8%8A%B1" n1="%79%6F%75%74%65%6E%67%6F" n2="%E3%82%A6%E3%83%AB%E3%83%88%E3%83%A9%E7%AB%8B%E7%9B%B4" n3="%28%E3%82%9C%EF%BF%A3%EF%BC%AF%EF%BF%A3%29%6F%EF%BC%AF" dan="14,13,14,15" rate="1941.43,1864.26,1942.72,2000.62" sx="M,M,M,M"/><TAIKYOKU oya="0"/><INIT seed="0,0,0,1,2,11" ten="250,250,250,250" oya="0" hai0="116,106,25,68,9,2,57,7,70,76,91,118,64" hai1="86,119,42,46,102,43,80,3,125,21,81,6,13" hai2="71,0,100,37,88,58,127,132,122,90,5,12,16" hai3="131,51,111,59,77,85,28,104,14,99,73,63,1"/><T8/><D106/><U32/><E119/><V84/><F71/><W123/><G1/><T39/><D39/><U40/><E32/><V26/><F37/><W135/><G73/><T48/><D70/><U50/><E125/><V27/><F122/><W44/><G111/><T112/><D112/><U31/><E102/><V36/><F36/><W78/><G131/><T101/><D68/><U133/><E133/><V83/><F127/><W22/><G135/><T95/><D101/><U49/><E3/><V74/><F74/><W17/><G28/><T72/><D25/><N who="2" m="9226" /><F0/><W89/><G99/><T114/><D114/><U126/><E126/><V87/><F132/><W67/><G104/><T69/><D69/><U109/><E109/><V65/><F100/><W15/><G15/><T103/><D9/><U61/><E61/><N who="2" m="38071" /><F5/><W94/><REACH who="3" step="1"/><G123/><REACH who="3" ten="250,250,250,240" step="2"/><T62/><D116/><U128/><E128/><V56/><F56/><W113/><G113/><T129/><D129/><U52/><E31/><V98/><F98/><W35/><G35/><T107/><D118/><U18/><E86/><N who="2" m="50271" /><F90/><W53/><AGARI ba="0,1" hai="14,17,22,44,51,53,59,63,67,77,78,85,89,94" machi="53" ten="20,12000,2" yaku="1,1,0,1,7,1,8,1,52,1,53,1" doraHai="11" doraHaiUra="82" who="3" fromWho="3" sc="250,-60,250,-30,250,-30,240,130" /><INIT seed="1,0,0,4,2,27" ten="190,220,220,370" oya="1" hai0="121,87,28,45,46,109,56,13,29,116,7,97,114" hai1="106,6,18,91,52,134,122,23,54,110,132,111,17" hai2="51,124,112,37,58,90,15,57,71,129,24,95,68" hai3="107,55,32,44,135,3,43,35,94,130,22,98,117"/><U16/><E122/><V48/><F15/><W12/><G3/><T60/><D114/><U26/><E106/><V96/><F37/><W77/><G107/><T64/><D116/><U31/><E6/><V118/><F118/><W101/><G117/><T1/><D1/><U120/><E91/><V21/><F112/><W76/><G130/><T115/><D115/><U70/><E70/><V72/><F72/><W75/><G135/><N who="1" m="51754" /><E120/><V20/><F129/><W108/><G108/><AGARI ba="0,0" hai="16,17,18,23,26,31,52,54,108,110,111" m="51754" machi="108" ten="40,18000,2" yaku="14,1,10,1,20,1,52,1,54,2" doraHai="27" who="1" fromWho="3" sc="190,0,220,180,220,0,370,-180" /><INIT seed="1,1,0,2,1,100" ten="190,400,220,190" oya="1" hai0="127,54,25,90,44,135,39,21,42,126,63,18,88" hai1="123,107,35,66,22,48,104,74,19,95,11,23,16" hai2="85,76,99,3,117,62,91,115,131,67,79,118,77" hai3="59,43,120,130,109,29,8,128,69,103,6,15,50"/><U92/><E74/><V1/><F115/><W116/><G69/><T97/><D135/><U20/><E123/><V89/><F3/><W125/><G116/><T105/><D63/><U111/><E35/><V101/><F1/><W82/><G120/><T84/><D54/><U37/><E37/><V26/><F26/><W53/><G109/><T108/><D108/><U7/><E111/><V61/><F67/><W124/><G29/><T0/><D0/><U70/><E48/><V122/><F62/><W57/><G82/><T30/><D18/><N who="1" m="6699" /><E66/><V56/><F56/><W65/><G103/><N who="0" m="62703" /><D84/><U68/><E7/><V114/><F61/><N who="3" m="38079" /><G43/><T71/><D71/><N who="1" m="27179" /><E11/><V41/><F114/><W58/><G58/><T51/><D39/><U12/><E12/><V14/><F14/><W112/><G112/><T106/><D106/><AGARI ba="1,0" hai="20,22,23,92,95,104,106,107" m="27179,6699" machi="106" ten="40,18000,2" yaku="28,2,52,3,54,1" doraHai="100" who="1" fromWho="0" sc="190,-183,400,183,220,0,190,0" /><INIT seed="1,2,0,1,0,83" ten="7,583,220,190" oya="1" hai0="90,69,117,70,13,130,42,127,77,112,64,43,84" hai1="106,30,126,131,91,81,125,75,100,120,52,5,32" hai2="104,54,72,14,102,85,45,98,103,107,67,21,57" hai3="89,110,71,118,111,65,49,8,56,66,41,18,1"/><U28/><E5/><V74/><F72/><W31/><G71/><T88/><D112/><U68/><E68/><V96/><F74/><W87/><G118/><T82/><D117/><U93/><E120/><V101/><F67/><W23/><G31/><T50/><D130/><U12/><E32/><V58/><F45/><W7/><G41/><N who="0" m="15371" /><D127/><N who="1" m="48651" /><E12/><V4/><F54/><W133/><G133/><T10/><D70/><U80/><E131/><V51/><F51/><W62/><G49/><T116/><D116/><U3/><E3/><V15/><F102/><W119/><G66/><T105/><D105/><U11/><E11/><V95/><F21/><W20/><G20/><T53/><D64/><U76/><E80/><V108/><F108/><W38/><G38/><T97/><D97/><N who="1" m="61711" /><E52/><V109/><F109/><W27/><REACH who="3" step="1"/><G119/><REACH who="3" ten="7,583,220,180" step="2"/><T24/><D69/><U16/><E30/><V37/><F37/><W132/><G132/><T48/><D24/><U123/><E28/><V86/><F4/><W63/><G63/><T79/><D79/><U25/><E123/><V0/><F0/><W2/><G2/><T40/><N who="0" m="15379" /><T46/><DORA hai="47" /><D48/><U113/><E25/><V26/><F26/><W34/><G34/><T59/><D46/><U73/><E113/><V78/><F78/><W134/><G134/><T33/><D33/><U44/><E44/><V60/><F60/><W92/><AGARI ba="2,1" hai="1,7,8,18,23,27,56,62,65,87,89,92,110,111" machi="92" ten="30,4000,0" yaku="1,1,0,1,52,1,53,0" doraHai="83,47" doraHaiUra="115,29" who="3" fromWho="3" sc="7,-12,583,-22,220,-12,180,56" owari="-5,-51.0,561,66.0,208,-19.0,236,4.0" /></mjloggm>