<mjloggm ver="2.3"><GO type="97" lobby="0"/><UN n0="%E3%82%A6%E3%83%AB%E3%83%88%E3%83%A9%E7%AB%8B%E7%9B%B4" n1="%E9%A6%99%E8%B2%AB%E5%8F%B0" n2="%E9%9D%92%E3%81%AE%E5%89%A3" n3="%E2%98%85%53%69%64" dan="14,14,14,13" rate="1947.44,1924.98,1960.64,1856.04" sx="M,M,M,M"/><TAIKYOKU oya="0"/><INIT seed="0,0,0,1,2,85" ten="250,250,250,250" oya="0" hai0="79,93,64,78,104,97,61,113,108,47,124,77,75" hai1="71,26,118,7,76,11,133,5,12,81,10,25,17" hai2="117,51,134,6,111,28,22,53,92,37,33,73,70" hai3="13,125,119,49,63,107,62,102,14,29,24,105,110"/><T46/><D104/><U88/><E71/><V15/><F70/><W52/><G119/><T2/><D2/><U132/><E118/><V82/><F37/><W120/><G110/><T90/><D113/><U65/><E65/><V35/><F117/><W106/><G125/><T42/><D124/><U43/><E43/><V38/><F111/><W45/><G120/><T59/><D108/><U126/><E126/><V67/><F38/><W54/><G102/><T55/><D75/><U83/><E76/><V36/><F36/><W99/><G99/><T91/><D42/><U80/><E88/><N who="0" m="33833" /><D64/><U128/><E128/><V41/><F67/><W56/><REACH who="3" step="1"/><G63/><REACH who="3" ten="250,250,250,240" step="2"/><T114/><D114/><U18/><REACH who="1" step="1"/><E83/><REACH who="1" ten="250,240,250,240" step="2"/><V30/><F82/><W135/><G135/><T0/><D0/><U127/><E127/><V95/><F134/><W98/><G98/><T34/><D34/><AGARI ba="0,2" hai="13,14,24,29,34,45,49,52,54,56,62,105,106,107" machi="34" ten="40,2600,0" yaku="1,1,54,1,53,0" doraHai="85" doraHaiUra="121" who="3" fromWho="0" sc="250,-26,240,0,250,0,240,46" /><INIT seed="1,0,0,4,1,98" ten="224,240,250,286" oya="1" hai0="33,28,23,13,135,9,80,14,73,11,134,72,91" hai1="84,129,59,12,101,4,87,126,32,100,74,60,56" hai2="30,41,68,112,62,22,107,24,3,53,20,96,89" hai3="123,127,88,97,51,2,35,54,37,115,130,45,25"/><U132/><E32/><V55/><F3/><W120/><G123/><T36/><D91/><U43/><E74/><V77/><F112/><W49/><G115/><T67/><D80/><U102/><E132/><N who="0" m="50729" /><D67/><U64/><E129/><V99/><F41/><W113/><G113/><T57/><D57/><N who="1" m="36879" /><E126/><V85/><F77/><W109/><G37/><T69/><D69/><U47/><E47/><V0/><F0/><W42/><G2/><T48/><D48/><U27/><E43/><V44/><F44/><W78/><G120/><T133/><N who="0" m="50737" /><T52/><DORA hai="17" /><D52/><U128/><E128/><V119/><F119/><W108/><G78/><T15/><D36/><U16/><E4/><V38/><F38/><W26/><G127/><T106/><D106/><U63/><E27/><V40/><F40/><W58/><G130/><T6/><D6/><U83/><E63/><V92/><F107/><W81/><G109/><T118/><D33/><U95/><E95/><V103/><F68/><W117/><G117/><T21/><D118/><U66/><E66/><V1/><F62/><W8/><G108/><T7/><D7/><U61/><E61/><V82/><F96/><W70/><G70/><T124/><D124/><U90/><E84/><V76/><F76/><W125/><G125/><T34/><D72/><U93/><E93/><V19/><F1/><W31/><G81/><T50/><D73/><U10/><AGARI ba="0,0" hai="10,12,16,56,59,83,87,90,100,101,102" m="36879" machi="10" ten="30,12000,1" yaku="8,1,52,3,54,1" doraHai="98,17" who="1" fromWho="1" sc="224,-40,240,120,250,-40,286,-40" /><INIT seed="1,1,0,1,1,1" ten="184,360,210,246" oya="1" hai0="84,96,88,20,53,64,8,30,6,50,23,11,83" hai1="42,44,116,73,43,15,62,77,59,34,75,63,82" hai2="13,98,39,79,109,67,69,131,101,129,76,40,46" hai3="66,125,14,55,123,5,65,93,130,90,113,114,51"/><U135/><E34/><V33/><F33/><W57/><G123/><T49/><D64/><U134/><E116/><V72/><F109/><W119/><G125/><T60/><D30/><U99/><E75/><V3/><F13/><W89/><G130/><N who="2" m="49673" /><F3/><W91/><G119/><T126/><D126/><U22/><E99/><V92/><F72/><W45/><G114/><T107/><D60/><AGARI ba="1,0" hai="39,40,46,60,67,69,76,79,92,98,101" m="49673" machi="60" ten="30,1000,0" yaku="19,1" doraHai="1" who="2" fromWho="0" sc="184,-13,360,0,210,13,246,0" /><INIT seed="2,0,0,0,1,123" ten="171,360,223,246" oya="2" hai0="19,68,56,127,74,73,71,39,106,32,117,6,90" hai1="94,119,115,4,84,77,57,13,78,99,41,45,116" hai2="131,86,126,121,40,67,89,58,112,53,31,101,63" hai3="47,134,75,69,129,79,85,70,12,104,60,113,48"/><V96/><F121/><W23/><G104/><T8/><D19/><U122/><E115/><V27/><F112/><W124/><G75/><N who="0" m="28683" /><D56/><U88/><E122/><V128/><F126/><W92/><G113/><T34/><D90/><U118/><E57/><V20/><F40/><W30/><G124/><T35/><D127/><U66/><E66/><V65/><F131/><W64/><G129/><T82/><D82/><U52/><E41/><V132/><F132/><W26/><G134/><T100/><D117/><U21/><E99/><V17/><F128/><W105/><G105/><T46/><D8/><U120/><E120/><V0/><F0/><W38/><G38/><T37/><D6/><U11/><REACH who="1" step="1"/><E21/><REACH who="1" ten="171,350,223,246" step="2"/><V16/><F67/><W125/><G125/><T29/><D29/><U81/><E81/><V55/><F65/><W43/><G70/><N who="0" m="26667" /><D46/><U9/><E9/><V102/><F55/><W62/><G64/><T114/><D114/><U87/><E87/><V83/><F96/><AGARI ba="0,1" hai="32,34,35,37,39,96,100,106" m="26667,28683" machi="96" ten="40,2600,0" yaku="33,2" doraHai="123" who="0" fromWho="2" sc="171,36,350,0,223,-26,246,0" /><INIT seed="3,0,0,4,0,6" ten="207,350,197,246" oya="3" hai0="25,103,130,113,122,81,127,93,31,98,10,50,35" hai1="42,87,45,86,80,97,133,74,82,3,89,61,129" hai2="15,88,125,59,18,62,34,72,56,13,106,71,44" hai3="14,57,76,51,108,126,118,38,22,79,100,85,112"/><W20/><G112/><T110/><D122/><U32/><E32/><V23/><F106/><W16/><G118/><T119/><D119/><U116/><E3/><V41/><F34/><W12/><G38/><T83/><D113/><U8/><E133/><V96/><F72/><W84/><G126/><T102/><D127/><U92/><E116/><V109/><F125/><W111/><G100/><T77/><D130/><U30/><E129/><V101/><F71/><W99/><G99/><T26/><D110/><N who="3" m="42025" /><G51/><T37/><D37/><U2/><E74/><V60/><F109/><W115/><G115/><T52/><D26/><U7/><E30/><V75/><F75/><W64/><G64/><T49/><D49/><U117/><E117/><V63/><F44/><W54/><G54/><T121/><D121/><U107/><E61/><V128/><F41/><W95/><G57/><T40/><D40/><U47/><E107/><V70/><F70/><W55/><G55/><T105/><D105/><U66/><E66/><V28/><F128/><W114/><G114/><T135/><D135/><U104/><E104/><V73/><F73/><W48/><G48/><T69/><D69/><U36/><E47/><V68/><F68/><W1/><G1/><T4/><D102/><U39/><E39/><V33/><F101/><W29/><G95/><T94/><D94/><U78/><E82/><V123/><F123/><W24/><G14/><N who="0" m="5447" /><D77/><AGARI ba="0,0" hai="12,16,20,22,24,29,76,77,79,84,85" m="42025" machi="77" ten="30,5800,0" yaku="14,1,10,1,54,1" doraHai="6" who="3" fromWho="0" sc="207,-58,350,0,197,0,246,58" /><INIT seed="3,1,0,4,4,21" ten="149,350,197,304" oya="3" hai0="104,0,28,2,112,79,126,103,95,14,77,96,16" hai1="76,64,114,53,36,3,108,33,34,106,90,50,25" hai2="71,105,120,47,59,23,4,121,58,118,6,109,89" hai3="134,66,81,110,92,128,44,75,74,67,133,22,17"/><W62/><G128/><T98/><D126/><U24/><E114/><V135/><F105/><W9/><G9/><T54/><D112/><U85/><E36/><V101/><F71/><W35/><G35/><T100/><D2/><U61/><E108/><V32/><F32/><W83/><G110/><T78/><D0/><U122/><E122/><V42/><F109/><W91/><G44/><T30/><REACH who="0" step="1"/><D54/><REACH who="0" ten="139,350,197,304" step="2"/><U124/><E3/><V5/><F121/><W45/><G45/><T37/><D37/><U39/><E39/><V20/><F120/><W31/><G31/><T94/><D94/><U60/><E124/><V82/><F118/><W49/><G92/><T107/><D107/><U13/><E106/><V73/><F82/><W119/><G119/><T72/><D72/><U41/><E33/><V12/><F73/><W123/><G123/><T115/><D115/><U38/><E34/><V29/><F29/><W26/><G83/><T68/><D68/><U10/><E38/><V52/><F52/><W84/><G75/><T113/><D113/><U102/><E53/><V80/><F80/><W87/><G74/><T27/><D27/><U97/><E25/><V88/><F12/><W11/><G26/><T127/><D127/><U48/><E24/><V7/><F42/><W132/><G132/><T57/><D57/><U1/><E41/><V18/><F59/><W116/><G116/><T46/><D46/><U125/><E1/><V130/><F58/><W55/><G134/><T86/><D86/><U69/><E125/><V93/><N who="2" m="1024" /><DORA hai="43" /><V111/><F135/><W8/><G133/><RYUUKYOKU ba="1,1" sc="139,30,350,-10,197,-10,304,-10" hai0="14,16,28,30,77,78,79,95,96,98,100,103,104" owari="169,-33.0,350,45.0,187,-21.0,294,9.0" /></mjloggm>