<mjloggm ver="2.3"><GO type="169" lobby="0"/><UN n0="%E3%82%A6%E3%83%AB%E3%83%88%E3%83%A9%E7%AB%8B%E7%9B%B4" n1="%E3%81%82%E3%83%BC%E3%81%BF%E3%82%93%E2%98%86" n2="%E3%83%A8%E3%82%B3%E3%83%A8%E3%82%B3" n3="%E9%9B%80%E9%81%94" dan="16,18,16,16" rate="2083.36,2211.06,2098.28,2095.74" sx="M,F,M,M"/><TAIKYOKU oya="0"/><INIT seed="0,0,0,2,4,71" ten="250,250,250,250" oya="0" hai0="58,67,27,132,133,54,104,64,14,108,50,43,72" hai1="4,87,88,107,114,55,7,92,33,70,29,46,34" hai2="3,119,130,26,0,15,16,42,59,122,38,12,98" hai3="30,76,113,123,36,81,103,18,39,68,48,89,47"/><T77/><D104/><U102/><E70/><V120/><F130/><W85/><G113/><T17/><D77/><U93/><E107/><V66/><F119/><W94/><G68/><T49/><D72/><U44/><E34/><V96/><F26/><W82/><G30/><T111/><D27/><U25/><E114/><V10/><F66/><N who="0" m="25130" /><D17/><U69/><E69/><V121/><F59/><W21/><G103/><T56/><D14/><U79/><E79/><V53/><F53/><W37/><G76/><T20/><D20/><U74/><E74/><V135/><F135/><N who="0" m="51786" /><D58/><U100/><E4/><V65/><F65/><W62/><G123/><T101/><D101/><U80/><E7/><V131/><F131/><W23/><G62/><T106/><D106/><U24/><E24/><V83/><F12/><W6/><G6/><T116/><D116/><U41/><E100/><V129/><F129/><W2/><G2/><T32/><D32/><U51/><REACH who="1" step="1"/><E102/><REACH who="1" ten="250,240,250,250" step="2"/><V60/><F121/><W9/><G21/><T11/><D11/><U52/><E52/><V115/><F122/><W105/><G9/><T125/><D125/><U99/><E99/><V31/><F98/><W61/><G105/><T75/><D75/><U95/><E95/><V117/><F96/><W28/><G94/><T40/><D40/><U124/><E124/><V112/><F42/><W86/><G23/><T78/><D78/><U45/><E45/><AGARI ba="0,1" hai="43,45,49,50,54,56,108,111" m="51786,25130" machi="45" ten="40,7700,0" yaku="20,1,34,2" doraHai="71" who="0" fromWho="1" sc="250,87,240,-77,250,0,250,0" /><INIT seed="0,1,0,0,5,44" ten="337,163,250,250" oya="0" hai0="29,20,8,100,68,33,13,57,51,70,121,56,133" hai1="23,9,117,31,110,119,43,123,88,50,131,0,93" hai2="112,85,87,24,73,27,95,60,111,63,18,71,113" hai3="4,130,128,25,76,79,47,17,10,41,40,92,86"/><T75/><D33/><U46/><E123/><V115/><F73/><W132/><G132/><T122/><D75/><U116/><E110/><V114/><F111/><W103/><G103/><T104/><D133/><U30/><E131/><N who="3" m="50218" /><G92/><T64/><D57/><U94/><E94/><V84/><N who="2" m="28672" /><DORA hai="58" /><V118/><F118/><W81/><G79/><T53/><D100/><U35/><E35/><V82/><F95/><W21/><G47/><T19/><D104/><U135/><E135/><V26/><F71/><W107/><G107/><T127/><D127/><U16/><E9/><V90/><F18/><W106/><G106/><T78/><D78/><U105/><E0/><AGARI ba="1,0" hai="0,4,10,17,21,25,40,41,76,81,86" m="50218" machi="0" ten="30,1000,0" yaku="19,1" doraHai="44,58" who="3" fromWho="1" sc="337,0,163,-13,250,0,250,13" /><INIT seed="1,0,0,2,3,1" ten="337,150,250,263" oya="1" hai0="125,19,101,34,92,30,113,7,116,17,71,121,104" hai1="5,44,96,51,112,47,81,37,85,38,105,42,119" hai2="23,103,126,58,120,70,60,20,106,45,100,18,29" hai3="73,128,134,35,55,114,57,40,36,24,74,21,122"/><U8/><E112/><V84/><F70/><W102/><G114/><T86/><D71/><U89/><E119/><V27/><F120/><W59/><G128/><T117/><D104/><U49/><E96/><V87/><F126/><W77/><G35/><T31/><D86/><N who="2" m="32810" /><F106/><W107/><G134/><T6/><D92/><U132/><E105/><V95/><F45/><W76/><G107/><T79/><D101/><U129/><E129/><V13/><F95/><W64/><G102/><T12/><D79/><U46/><E132/><V11/><F20/><W99/><G99/><T108/><D113/><U90/><E90/><V66/><AGARI ba="0,0" hai="11,13,18,23,27,29,58,60,66,100,103" m="32810" machi="66" ten="30,1100,0" yaku="8,1" doraHai="1" who="2" fromWho="2" sc="337,-3,150,-5,250,11,263,-3" /><INIT seed="2,0,0,3,2,38" ten="334,145,261,260" oya="2" hai0="65,26,14,87,61,57,59,92,8,33,131,63,5" hai1="29,125,54,30,95,49,13,20,78,76,74,75,6" hai2="89,111,69,60,135,102,106,31,109,77,42,132,98" hai3="82,88,18,128,43,94,122,15,55,110,4,67,117"/><V11/><F77/><W39/><G110/><N who="2" m="41993" /><F31/><W115/><G122/><T96/><D131/><U129/><E129/><V32/><F32/><W127/><G117/><T22/><D87/><U116/><E116/><V80/><F11/><W68/><G127/><T112/><D33/><U40/><E125/><V45/><F80/><W121/><G121/><T107/><D107/><U91/><E75/><V134/><F89/><W37/><G4/><T108/><D108/><U126/><E74/><V21/><F21/><W99/><G115/><T104/><D104/><U85/><E126/><V50/><F60/><W72/><G128/><T120/><D120/><U79/><E6/><V105/><F106/><W73/><G82/><T62/><D112/><U100/><E100/><V28/><F28/><W3/><G3/><T84/><D84/><U70/><E30/><V83/><F83/><W124/><G124/><T16/><D59/><U71/><E29/><V19/><F19/><W23/><G73/><T10/><REACH who="0" step="1"/><D8/><REACH who="0" ten="324,145,261,260" step="2"/><U58/><E71/><AGARI ba="0,1" hai="42,45,50,69,71,98,102,105,132,134,135" m="41993" machi="71" ten="40,12000,1" yaku="20,1,14,1,10,1,52,1" doraHai="38" who="2" fromWho="1" sc="324,0,145,-120,261,130,260,0" /><INIT seed="2,1,0,1,0,25" ten="324,25,391,260" oya="2" hai0="41,22,99,89,133,54,104,108,117,67,42,115,60" hai1="130,51,79,3,93,71,103,105,118,124,76,13,28" hai2="83,37,34,55,14,131,101,24,2,66,107,23,116" hai3="90,70,98,6,110,38,26,61,63,81,85,119,32"/><V114/><F2/><W68/><G38/><T122/><D115/><U86/><E3/><V31/><F114/><W134/><G119/><T56/><D122/><U7/><E71/><V65/><F116/><W35/><G110/><T1/><D1/><U19/><E105/><V9/><F37/><W91/><G6/><T10/><D108/><U128/><E118/><V45/><F131/><N who="1" m="50217" /><E7/><V127/><F127/><W88/><G134/><T21/><D133/><U75/><E75/><V36/><F34/><N who="3" m="12843" /><G98/><T106/><D106/><U15/><E124/><V95/><F107/><W43/><G26/><T4/><D117/><U44/><E13/><V53/><F36/><W120/><G120/><T40/><D10/><N who="1" m="6647" /><E28/><V112/><F112/><W47/><G47/><T121/><D4/><U48/><E48/><N who="2" m="28815" /><F55/><W77/><G43/><T113/><D113/><U74/><E74/><V12/><F12/><W123/><G123/><T126/><D126/><U96/><E86/><V97/><F83/><W100/><G85/><T102/><D121/><U11/><E11/><V69/><F69/><N who="3" m="26731" /><G81/><T0/><D0/><U5/><E5/><AGARI ba="1,0" hai="5,9,14,23,24,31,65,66,95,97,101" m="28815" machi="5" ten="30,2900,0" yaku="8,1,52,1" doraHai="25" who="2" fromWho="1" sc="324,0,25,-32,391,32,260,0" owari="324,12.0,-7,-51.0,423,53.0,260,-14.0" /></mjloggm>