<mjloggm ver="2.3"><GO type="97" lobby="0"/><UN n0="%E3%83%97%E3%83%AA%E3%83%B3%E3%82%B9" n1="%61%7A%61%77%6F" n2="%63%74%75%6B%6C%79%6C%69" n3="%E5%B0%B1%E6%B4%BB%E7%94%9F%40%E5%B7%9D%E6%9D%91%E8%BB%8D%E5%9B%A3" dan="14,13,14,13" rate="1939.94,1803.91,1934.19,1857.94" sx="M,M,M,M"/><TAIKYOKU oya="0"/><INIT seed="0,0,0,5,5,20" ten="250,250,250,250" oya="0" hai0="25,88,126,11,103,130,33,77,5,69,114,79,67" hai1="60,99,129,65,109,131,124,45,118,34,75,27,15" hai2="107,82,52,51,57,39,98,125,70,48,105,91,14" hai3="21,104,19,81,6,23,64,132,35,0,43,24,31"/><T112/><D126/><U102/><E118/><V63/><F70/><W101/><G132/><T29/><D130/><U68/><E75/><V58/><F39/><W108/><G108/><T44/><D103/><U111/><E124/><V49/><F125/><W41/><G64/><T87/><D67/><U120/><E15/><V135/><F135/><W127/><G127/><T71/><D69/><U122/><E45/><V16/><F105/><W117/><G117/><T121/><D121/><U32/><E32/><V76/><F107/><W59/><G59/><T113/><D71/><U72/><E72/><V86/><F98/><W38/><G38/><T9/><D44/><U106/><E122/><V84/><F84/><W94/><G104/><T13/><REACH who="0" step="1"/><D11/><REACH who="0" ten="240,250,250,250" step="2"/><U12/><E120/><V18/><F76/><W46/><G46/><T80/><AGARI ba="0,1" hai="5,9,13,25,29,33,77,79,80,87,88,112,113,114" machi="80" ten="30,12000,1" yaku="1,1,2,1,0,1,52,1,54,1,53,0" doraHai="20" doraHaiUra="115" who="0" fromWho="0" sc="240,130,250,-40,250,-40,250,-40" /><INIT seed="0,1,0,4,0,41" ten="370,210,210,210" oya="0" hai0="0,69,60,50,123,125,110,121,57,43,90,109,32" hai1="76,82,45,63,89,91,47,58,88,9,86,14,106" hai2="22,5,25,127,44,1,18,96,30,112,80,119,94" hai3="71,21,46,99,129,56,61,52,107,55,39,54,117"/><T42/><D32/><U15/><E106/><V24/><F112/><W98/><G117/><T93/><D0/><U66/><REACH who="1" step="1"/><E15/><REACH who="1" ten="370,200,210,210" step="2"/><V26/><F119/><W31/><G129/><T7/><D121/><U62/><E62/><V95/><F1/><W92/><G107/><T16/><D123/><U72/><E72/><V12/><F127/><W11/><G71/><T126/><D69/><U64/><E64/><V6/><F30/><W70/><G70/><T75/><D75/><U23/><E23/><V73/><F73/><W101/><G11/><T84/><D126/><U59/><E59/><V118/><F118/><W111/><G111/><T128/><D125/><U51/><E51/><V104/><F104/><W48/><G39/><T10/><D128/><U68/><E68/><V33/><F33/><W20/><G99/><T83/><D50/><U81/><E81/><V100/><F95/><W38/><G38/><T105/><D105/><U131/><E131/><V78/><F80/><W13/><G21/><T122/><D83/><U79/><E79/><V130/><F78/><W4/><G4/><AGARI ba="1,1" hai="4,9,14,45,47,58,63,66,76,82,86,88,89,91" machi="4" ten="40,8000,1" yaku="1,1,8,1,52,2,54,1,53,0" doraHai="41" doraHaiUra="49" who="1" fromWho="3" sc="370,0,200,93,210,0,210,-83" /><INIT seed="1,0,0,1,1,108" ten="370,293,210,127" oya="1" hai0="71,70,67,54,45,115,76,32,68,125,42,7,12" hai1="18,132,26,89,83,96,61,90,118,44,47,69,30" hai2="123,81,135,73,111,82,9,105,62,3,106,31,6" hai3="100,74,22,49,55,88,27,86,84,34,52,124,103"/><U114/><E118/><V39/><F123/><W127/><G74/><T17/><D32/><U126/><E132/><V93/><F135/><W130/><G34/><T87/><D125/><U57/><E69/><V101/><F62/><W92/><G130/><T112/><D7/><U25/><E126/><V65/><F65/><W110/><G110/><T97/><D67/><U1/><E1/><V78/><F111/><W40/><G127/><T91/><D76/><U0/><E0/><V29/><F82/><W113/><G124/><T128/><D54/><N who="3" m="20521" /><G113/><T119/><D97/><U77/><E114/><V37/><F37/><W63/><G63/><T16/><D119/><U129/><E129/><V28/><F101/><N who="3" m="38987" /><G49/><T75/><D75/><U20/><E96/><V38/><F38/><W43/><G86/><T122/><D128/><U102/><E102/><V48/><F93/><W133/><G133/><T53/><D122/><U72/><E90/><V19/><F48/><W51/><G51/><N who="0" m="28911" /><D42/><U35/><REACH who="1" step="1"/><E89/><REACH who="1" ten="370,283,210,127" step="2"/><V134/><F134/><W10/><G10/><T36/><D112/><U99/><E99/><V58/><F58/><W15/><G15/><T11/><D115/><U98/><E98/><V33/><F33/><W121/><G121/><T24/><D68/><U41/><E41/><V64/><F64/><AGARI ba="0,1" hai="18,20,25,26,30,35,44,47,57,61,64,72,77,83" machi="64" ten="30,5800,0" yaku="1,1,7,1,53,1" doraHai="108" doraHaiUra="104" who="1" fromWho="2" sc="370,0,283,68,210,-58,127,0" /><INIT seed="1,1,0,1,4,31" ten="370,351,152,127" oya="1" hai0="131,89,6,86,96,87,119,129,80,26,53,22,97" hai1="66,75,107,58,120,13,68,98,16,93,24,130,0" hai2="55,30,56,32,52,1,43,46,108,92,29,110,124" hai3="11,62,3,101,28,104,2,77,127,121,90,50,112"/><U47/><E120/><V23/><F1/><W82/><G121/><T83/><D119/><U51/><E0/><V100/><F124/><W95/><G112/><T63/><D6/><U106/><E75/><V9/><F9/><W73/><G127/><T85/><D63/><U115/><E68/><V34/><F23/><W79/><G79/><T10/><D10/><U84/><E84/><V71/><F71/><W27/><G62/><T12/><D12/><U7/><E7/><V103/><F92/><W99/><G11/><T109/><D109/><N who="2" m="42090" /><F55/><W67/><G67/><T122/><D122/><U48/><E130/><N who="0" m="49673" /><D53/><U132/><E115/><V74/><F74/><W5/><G50/><T21/><D21/><U45/><E132/><V69/><F69/><W42/><G42/><T40/><D40/><N who="1" m="24615" /><E106/><V88/><F88/><W20/><REACH who="3" step="1"/><G5/><REACH who="3" ten="370,351,152,117" step="2"/><T126/><D126/><U102/><E66/><V14/><F14/><W61/><G61/><T76/><D76/><U114/><E114/><V105/><F105/><W33/><G33/><N who="2" m="12905" /><F30/><W64/><G64/><T15/><D15/><U60/><E107/><V111/><N who="2" m="42098" /><V49/><DORA hai="117" /><F29/><W91/><G91/><T78/><D89/><U36/><E60/><AGARI ba="1,1" hai="43,46,49,52,56,60,100,103" m="12905,42098" machi="60" ten="40,8000,1" yaku="14,1,52,3,54,1" doraHai="31,117" who="2" fromWho="1" sc="370,0,351,-83,152,93,117,0" /><INIT seed="2,0,0,4,2,11" ten="370,268,245,117" oya="2" hai0="96,63,1,61,133,130,27,125,77,94,66,116,75" hai1="86,118,5,129,34,0,105,7,19,91,99,64,14" hai2="101,51,120,81,55,124,76,88,115,41,62,48,87" hai3="12,113,17,10,97,16,92,131,90,132,72,112,15"/><V103/><F120/><W102/><G72/><T29/><D133/><U135/><E34/><V24/><F115/><N who="3" m="44107" /><G132/><T4/><D125/><U60/><E118/><V114/><F114/><W45/><G131/><T82/><D130/><U36/><E36/><V98/><F124/><W33/><G33/><T110/><D110/><U121/><E129/><V123/><F123/><W56/><G56/><T53/><D116/><U95/><E0/><V22/><F41/><W23/><G45/><T71/><D1/><U9/><E135/><V50/><F76/><W26/><G26/><T70/><D4/><U52/><E121/><V21/><F98/><W109/><G109/><T46/><D46/><U35/><E35/><V104/><F104/><W79/><G79/><T47/><D47/><U85/><E105/><V73/><F73/><W126/><G126/><T127/><D127/><U108/><E64/><V31/><REACH who="2" step="1"/><F21/><REACH who="2" ten="370,268,235,117" step="2"/><W13/><G13/><T117/><D96/><U57/><E108/><V128/><F128/><W39/><G39/><T30/><D117/><U3/><E3/><V65/><F65/><W68/><G68/><T8/><D71/><U80/><REACH who="1" step="1"/><E86/><REACH who="1" ten="370,258,235,117" step="2"/><V58/><AGARI ba="0,2" hai="22,24,31,48,50,51,55,58,62,81,87,88,101,103" machi="58" ten="30,11700,0" yaku="1,1,0,1,8,1,54,1,53,0" doraHai="11" doraHaiUra="43" who="2" fromWho="2" sc="370,-39,258,-39,235,137,117,-39" /><INIT seed="2,1,0,0,3,57" ten="331,219,372,78" oya="2" hai0="24,11,55,50,3,21,100,78,15,45,43,76,69" hai1="96,120,41,64,14,131,98,128,81,22,40,93,116" hai2="124,101,31,44,62,49,89,18,6,129,103,67,9" hai3="91,114,1,38,32,13,88,95,133,70,10,8,121"/><V12/><F124/><W94/><G32/><T36/><D69/><U75/><E116/><V25/><F129/><W60/><G121/><T85/><D100/><U135/><E64/><V118/><F6/><W99/><G114/><T74/><D74/><U90/><E22/><V125/><F125/><W72/><G38/><T123/><D123/><U26/><E14/><V68/><F89/><W30/><G72/><T106/><D106/><U119/><E26/><V80/><F80/><W107/><G107/><T110/><D110/><U47/><E40/><V122/><F122/><W65/><G133/><T97/><D97/><U105/><E47/><V73/><F73/><W111/><G111/><T58/><D85/><N who="1" m="50479" /><E41/><V35/><REACH who="2" step="1"/><F118/><REACH who="2" ten="331,219,362,78" step="2"/><W4/><G30/><T7/><REACH who="0" step="1"/><D3/><REACH who="0" ten="321,219,362,78" step="2"/><U42/><E75/><V134/><F134/><W16/><REACH who="3" step="1"/><G95/><REACH who="3" ten="321,219,362,68" step="2"/><T48/><D48/><U33/><E93/><V20/><F20/><W34/><G34/><T86/><D86/><U63/><E135/><V27/><F27/><W132/><G132/><T53/><D53/><AGARI ba="1,3" hai="9,12,18,25,31,35,44,49,53,62,67,68,101,103" machi="53" ten="30,5800,0" yaku="1,1,7,1,52,1,53,0" doraHai="57" doraHaiUra="109" who="2" fromWho="0" sc="321,-61,219,0,362,91,68,0" /><INIT seed="2,2,0,1,3,121" ten="260,219,453,68" oya="2" hai0="10,131,101,18,27,103,67,55,82,97,37,21,96" hai1="107,57,122,13,50,20,95,133,114,43,33,30,12" hai2="8,62,1,4,69,36,100,25,71,19,108,6,5" hai3="117,98,2,105,99,92,129,135,134,73,58,31,110"/><V78/><F100/><N who="0" m="38474" /><D37/><U85/><E107/><V41/><F78/><W77/><G2/><T46/><D131/><U53/><E114/><V72/><F72/><W38/><G38/><T116/><D116/><U0/><E33/><V39/><F71/><W102/><G58/><T126/><D126/><U93/><E0/><V16/><F25/><W81/><G31/><N who="0" m="17903" /><D82/><U64/><E133/><N who="3" m="50698" /><G117/><T118/><D118/><U120/><E64/><V111/><F41/><W15/><G15/><N who="0" m="7543" /><D67/><U40/><E122/><V34/><F34/><W29/><G29/><T130/><D130/><U125/><E120/><V66/><F39/><W23/><G23/><T47/><D55/><U76/><E125/><V94/><F36/><W32/><G32/><T60/><D60/><U132/><E132/><V80/><F80/><W75/><G129/><T42/><D42/><N who="1" m="15915" /><E30/><V127/><F127/><W44/><G44/><AGARI ba="2,0" hai="44,46,47,96,97" m="7543,17903,38474" machi="44" ten="30,1000,0" yaku="8,1" doraHai="121" who="0" fromWho="3" sc="260,16,219,0,453,0,68,-16" /><INIT seed="3,0,0,0,5,128" ten="276,219,453,52" oya="3" hai0="48,28,13,107,6,57,75,68,54,77,80,25,43" hai1="123,56,131,44,102,134,24,76,53,63,67,95,99" hai2="135,79,121,129,120,58,37,87,38,100,45,4,111" hai3="96,84,113,31,119,16,36,127,60,18,116,130,78"/><W59/><G36/><T42/><D107/><U14/><E131/><V66/><F100/><W109/><G130/><T73/><D68/><U10/><E123/><V21/><F4/><W97/><G113/><T61/><D73/><U94/><E76/><V29/><F38/><W32/><G109/><T118/><D118/><U72/><E72/><V133/><F111/><W35/><G127/><T49/><D13/><U5/><E134/><N who="2" m="51211" /><F129/><W74/><G74/><T55/><D6/><U81/><E81/><N who="2" m="47551" /><F45/><W93/><G116/><T9/><D43/><U0/><E0/><V47/><F47/><W50/><G119/><T104/><D42/><U124/><E124/><V110/><F110/><W7/><G7/><T8/><D8/><U108/><E108/><V15/><F37/><W46/><G31/><T52/><D9/><U27/><E95/><V90/><F90/><N who="3" m="53447" /><G35/><T40/><D104/><U89/><E102/><V30/><F30/><W26/><G32/><T122/><D28/><U64/><E64/><V41/><F41/><N who="3" m="24911" /><G78/><T101/><D77/><U71/><E71/><V115/><F115/><W39/><G39/><T62/><D101/><U3/><E3/><V19/><F29/><W126/><G126/><T86/><D122/><U125/><E125/><V114/><F114/><W34/><G34/><T98/><D75/><U20/><E20/><V11/><F21/><N who="3" m="13607" /><G18/><T117/><D117/><U2/><E2/><V82/><F82/><W91/><G91/><T12/><D40/><U17/><E5/><V103/><F103/><W33/><G33/><T112/><D112/><U23/><E10/><RYUUKYOKU ba="0,0" sc="276,-30,219,10,453,10,52,10" hai1="14,17,23,24,27,44,53,56,63,67,89,94,99" hai2="11,15,19,58,66,120,121" hai3="59,60,96,97" /><INIT seed="3,1,0,2,3,122" ten="246,229,463,62" oya="3" hai0="75,70,74,99,119,10,33,89,11,12,26,20,68" hai1="45,85,54,15,94,130,105,35,21,29,44,61,6" hai2="8,124,88,50,108,71,58,17,97,112,31,4,42" hai3="67,23,87,101,22,34,32,27,30,91,77,93,49"/><W106/><G34/><T43/><D119/><U55/><E105/><V121/><F71/><W14/><G77/><T92/><D33/><U2/><E130/><V123/><F31/><W132/><G132/><T25/><D43/><U133/><E133/><V28/><F28/><W135/><G135/><T24/><D20/><U126/><E126/><V52/><F112/><W63/><G49/><T73/><REACH who="0" step="1"/><D10/><REACH who="0" ten="236,229,463,62" step="2"/><U109/><E35/><V39/><F8/><W53/><G53/><T5/><AGARI ba="1,1" hai="5,11,12,24,25,26,68,70,73,74,75,89,92,99" machi="5" ten="40,8000,1" yaku="1,1,2,1,0,1,53,1" doraHai="122" doraHaiUra="95" who="0" fromWho="0" sc="236,93,229,-21,463,-21,62,-41" owari="329,13.0,208,-19.0,442,54.0,21,-48.0" /></mjloggm>