<mjloggm ver="2.3"><GO type="169" lobby="0"/><UN n0="%E3%83%A8%E3%82%B3%E3%83%A8%E3%82%B3" n1="%E3%81%BE%E3%83%BC%E3%81%95%EF%BC%A0%EF%BC%92%EF%BC%91" n2="%E3%82%A6%E3%83%AB%E3%83%88%E3%83%A9%E7%AB%8B%E7%9B%B4" n3="%E9%B7%B9%E6%AD%A3%E3%81%AE%E5%80%85%EF%BC%9D%E5%AF%8C%E7%8C%AB" dan="16,18,16,16" rate="2132.98,2211.58,2098.53,2082.76" sx="M,M,M,M"/><TAIKYOKU oya="0"/><INIT seed="0,0,0,1,4,113" ten="250,250,250,250" oya="0" hai0="11,50,41,40,30,75,55,67,123,13,47,28,32" hai1="64,129,25,118,128,100,77,60,135,63,115,119,26" hai2="66,33,127,72,126,110,1,116,133,54,106,46,58" hai3="107,23,121,108,78,57,111,3,17,27,0,105,132"/><T22/><D123/><U120/><E115/><V19/><F19/><W52/><G121/><T43/><D75/><U85/><E120/><V29/><F29/><W7/><G78/><T88/><D32/><U109/><E109/><N who="3" m="42058" /><G132/><T71/><D22/><U81/><E100/><V90/><F90/><W103/><G103/><T61/><REACH who="0" step="1"/><D88/><REACH who="0" ten="240,250,250,250" step="2"/><U98/><E135/><V99/><F72/><W6/><G23/><T21/><D21/><U38/><E98/><V82/><F33/><W5/><G27/><T62/><D62/><U24/><E63/><V35/><F99/><W79/><G79/><T102/><D102/><U101/><E101/><V95/><F35/><W12/><G107/><T83/><D83/><U117/><REACH who="1" step="1"/><E38/><REACH who="1" ten="240,240,250,250" step="2"/><V69/><F110/><W94/><G105/><T2/><D2/><U34/><E34/><V48/><F1/><W70/><G3/><T125/><D125/><U68/><AGARI ba="0,2" hai="24,25,26,60,64,68,77,81,85,117,118,119,128,129" machi="68" ten="40,8000,1" yaku="1,1,0,1,52,3,53,0" doraHai="113" doraHaiUra="130" who="1" fromWho="1" sc="240,-40,240,100,250,-20,250,-20" /><INIT seed="1,0,0,3,1,61" ten="200,340,230,230" oya="1" hai0="69,25,8,121,56,4,64,16,14,113,12,101,51" hai1="131,130,50,13,57,91,37,87,114,36,24,7,88" hai2="17,20,132,127,102,125,11,19,104,109,96,105,66" hai3="9,49,10,35,67,118,29,26,53,23,1,72,2"/><U111/><E114/><V63/><F132/><W86/><G72/><T84/><D113/><U128/><E111/><V74/><F74/><W40/><G40/><T42/><D121/><U15/><E24/><V60/><F109/><W81/><G118/><T99/><D69/><U0/><E0/><V89/><F89/><N who="1" m="34377" /><E87/><V107/><F60/><W135/><G135/><T110/><D110/><U122/><E122/><V97/><F11/><W46/><G35/><T6/><D84/><U79/><E79/><V22/><F63/><W119/><G119/><T54/><D42/><U129/><E129/><V71/><F71/><W55/><G55/><T83/><D83/><U3/><E3/><V108/><F108/><W133/><G133/><T33/><D64/><U76/><E76/><V47/><F66/><W44/><G44/><T5/><D33/><U41/><E7/><V75/><F47/><W31/><G67/><T94/><REACH who="0" step="1"/><D25/><REACH who="0" ten="190,340,230,230" step="2"/><U80/><E80/><V28/><F75/><W68/><G86/><T82/><D82/><U116/><E116/><V124/><F124/><W134/><G81/><T77/><D77/><U100/><E41/><V62/><F125/><W106/><G134/><T59/><D59/><U45/><E57/><V48/><F127/><W58/><G58/><T90/><D90/><U52/><E100/><V27/><F102/><W43/><G43/><T30/><D30/><U98/><E98/><V34/><F97/><W73/><G29/><T85/><D85/><U115/><E115/><V21/><F96/><W38/><G73/><T93/><D93/><U95/><E95/><RYUUKYOKU ba="0,1" sc="190,15,340,15,230,-15,230,-15" hai0="4,5,6,8,12,14,16,51,54,56,94,99,101" hai1="13,15,36,37,45,50,52,128,130,131" /><INIT seed="1,1,1,1,3,47" ten="205,355,215,215" oya="1" hai0="51,59,71,89,43,54,6,62,65,76,2,125,132" hai1="0,82,7,61,118,112,31,114,83,22,113,20,108" hai2="78,70,53,28,1,122,98,24,105,15,94,75,23" hai3="100,86,72,123,56,21,16,129,93,95,117,121,99"/><U84/><E118/><V126/><F70/><W134/><G72/><T4/><D76/><U64/><E108/><V120/><F105/><W57/><G117/><T131/><D131/><U55/><E7/><V109/><F109/><W25/><G129/><T67/><D125/><U92/><E0/><V103/><F126/><W73/><G73/><T63/><D132/><U85/><E55/><V127/><F127/><W36/><G36/><T124/><D124/><U18/><E31/><V116/><F116/><W77/><G134/><T106/><D106/><U68/><E92/><V42/><F1/><W101/><G123/><T37/><D2/><U97/><E97/><V119/><F119/><W90/><G121/><T60/><D89/><U13/><REACH who="1" step="1"/><E22/><REACH who="1" ten="205,345,215,215" step="2"/><V46/><F53/><W58/><REACH who="3" step="1"/><G77/><REACH who="3" ten="205,345,215,205" step="2"/><T115/><D115/><U45/><E45/><V26/><F78/><W91/><AGARI ba="1,3" hai="16,21,25,56,57,58,86,90,91,93,95,99,100,101" machi="91" ten="30,8000,1" yaku="1,1,2,1,0,1,8,1,54,1,53,0" doraHai="47" doraHaiUra="44" who="3" fromWho="3" sc="205,-21,345,-41,215,-21,205,113" /><INIT seed="2,0,0,1,4,91" ten="184,304,194,318" oya="2" hai0="128,48,9,3,27,56,80,60,13,67,19,114,31" hai1="15,12,47,39,71,18,122,25,36,1,75,126,40" hai2="49,64,14,11,7,38,98,73,4,86,123,116,6" hai3="83,29,76,72,42,2,57,30,134,113,55,35,28"/><V106/><F38/><W10/><G134/><T34/><D114/><U102/><E1/><V21/><F73/><W44/><G113/><T74/><D128/><U82/><E71/><V99/><F123/><W63/><G35/><T90/><D48/><U112/><E112/><V45/><F116/><W104/><G104/><T95/><D74/><U120/><E102/><V93/><F64/><W118/><G118/><T109/><D109/><U121/><E126/><V65/><F65/><W66/><G66/><T115/><D115/><U77/><REACH who="1" step="1"/><E36/><REACH who="1" ten="184,294,194,318" step="2"/><V68/><F68/><W46/><G2/><T110/><D110/><U24/><E24/><V53/><F106/><W88/><G30/><T8/><D3/><U5/><E5/><V17/><F7/><W92/><G29/><T111/><D111/><U69/><E69/><V97/><F6/><W124/><G28/><T87/><REACH who="0" step="1"/><D80/><REACH who="0" ten="174,294,194,318" step="2"/><U84/><E84/><V51/><F86/><W23/><G83/><T33/><D33/><U96/><E96/><V22/><F51/><W117/><G117/><T89/><D89/><U70/><E70/><V100/><REACH who="2" step="1"/><F22/><AGARI ba="0,2" hai="8,9,13,19,22,27,31,34,56,60,67,87,90,95" machi="22" ten="30,3900,0" yaku="1,1,7,1,52,1,53,0" doraHai="91" doraHaiUra="78" who="0" fromWho="2" sc="174,59,294,0,194,-39,318,0" /><AGARI ba="0,0" hai="12,15,18,22,25,39,40,47,75,77,82,120,121,122" machi="22" ten="40,5200,0" yaku="1,1,13,1,53,1" doraHai="91" doraHaiUra="78" who="1" fromWho="2" sc="233,0,294,52,155,-52,318,0" /><INIT seed="3,0,0,5,5,47" ten="233,346,103,318" oya="3" hai0="4,122,57,19,66,107,103,88,83,20,110,80,18" hai1="40,108,129,91,49,72,64,21,3,102,106,11,24" hai2="36,48,46,75,39,8,92,6,96,13,85,58,81" hai3="68,16,37,121,90,7,120,50,97,52,98,114,56"/><W34/><G34/><T22/><D122/><U124/><E108/><V115/><F58/><W17/><G114/><T73/><D110/><U76/><E129/><V1/><F75/><W10/><G37/><T70/><D70/><U104/><E124/><V41/><F1/><W101/><G68/><T69/><D69/><U126/><E64/><V118/><F118/><W35/><G35/><T63/><D4/><U87/><E126/><V125/><F125/><W86/><G121/><T112/><D112/><U123/><E123/><V82/><F82/><W23/><G120/><T135/><D135/><U2/><E76/><V95/><F95/><N who="3" m="58591" /><G23/><T29/><D29/><U62/><E62/><V14/><F14/><N who="3" m="5471" /><G97/><T60/><D107/><U32/><E72/><V59/><F115/><W116/><G116/><T67/><D103/><U78/><E32/><V134/><F134/><W89/><G89/><T53/><D73/><U111/><E111/><V45/><F45/><W100/><G100/><T109/><D109/><U130/><E102/><V44/><F44/><W65/><G65/><T71/><D88/><U128/><E91/><V30/><F92/><AGARI ba="0,0" hai="16,17,50,52,56,86,90,92" m="5471,58591" machi="92" ten="30,11600,0" yaku="8,1,52,1,54,2" doraHai="47" who="3" fromWho="2" sc="233,0,346,0,103,-116,318,116" owari="233,-17.0,346,15.0,-13,-51.0,434,53.0" /></mjloggm>