<mjloggm ver="2.3"><GO type="97" lobby="0"/><UN n0="%E3%82%A6%E3%83%AB%E3%83%88%E3%83%A9%E7%AB%8B%E7%9B%B4" n1="%E6%84%9B%E5%A7%89%E5%A6%B9%EF%BC%92" n2="%E9%AD%94%E4%BA%BA%E3%81%B6%E3%83%BC" n3="%53%54%52%33%39%39" dan="15,14,13,14" rate="2026.87,1954.36,1881.12,1889.53" sx="M,M,M,M"/><TAIKYOKU oya="0"/><INIT seed="0,0,0,0,4,119" ten="250,250,250,250" oya="0" hai0="4,75,9,56,28,95,131,122,44,15,54,130,115" hai1="78,1,129,69,7,88,94,59,22,47,3,57,63" hai2="86,17,114,24,83,38,77,30,10,43,113,91,134" hai3="35,111,51,8,70,21,123,60,52,107,13,0,29"/><T46/><D75/><U27/><E129/><N who="0" m="49161" /><D115/><U19/><E78/><V110/><F110/><W79/><G107/><T128/><N who="0" m="49169" /><T85/><DORA hai="135" /><D28/><U121/><E121/><V127/><F134/><W41/><G35/><T82/><D95/><U109/><E109/><V74/><F38/><W73/><G123/><T132/><D132/><U49/><E7/><V71/><F71/><W14/><G29/><T26/><D26/><U2/><E69/><V45/><F17/><W5/><G79/><N who="0" m="46303" /><D122/><U84/><REACH who="1" step="1"/><E63/><AGARI ba="0,0" hai="4,9,15,44,46,54,56,63" m="46303,49169" machi="63" ten="40,2000,0" yaku="19,1" doraHai="119,135" who="0" fromWho="1" sc="250,20,250,-20,250,0,250,0" /><INIT seed="0,1,0,2,0,93" ten="270,230,250,250" oya="0" hai0="110,50,45,77,65,56,69,26,111,94,32,35,4" hai1="13,83,70,8,33,116,16,98,107,129,64,112,29" hai2="72,51,40,39,55,124,57,1,104,73,48,44,128" hai3="41,97,95,24,12,133,103,34,71,0,59,113,6"/><T11/><D69/><U9/><E116/><V88/><F104/><W108/><G113/><T49/><D77/><U53/><E129/><V96/><F128/><W92/><G71/><T120/><D120/><U67/><E112/><V54/><F1/><W102/><G0/><T91/><D56/><U21/><E70/><V36/><F124/><W82/><G41/><T3/><D65/><U126/><E126/><V118/><F118/><W23/><G34/><T38/><D38/><U19/><E33/><V130/><F130/><W121/><G133/><T63/><D63/><U25/><E83/><V66/><F66/><W74/><G108/><N who="0" m="41515" /><D26/><U5/><E53/><V84/><F36/><W79/><G121/><T61/><D61/><U76/><E76/><V117/><F117/><W134/><G134/><T123/><D123/><U27/><E27/><V106/><F39/><W78/><G78/><T17/><D17/><U105/><E105/><V58/><F40/><W81/><G81/><T115/><D49/><U62/><E62/><V7/><F7/><W122/><G59/><T125/><D125/><U10/><E29/><V114/><F44/><W100/><G122/><T2/><D2/><U18/><E18/><V90/><F114/><W75/><G75/><T99/><D115/><U86/><E86/><V30/><F30/><W135/><G135/><T85/><D85/><U46/><E46/><V60/><F60/><W132/><G132/><T47/><D47/><U109/><E109/><V89/><F84/><W68/><G68/><T31/><D31/><U87/><E87/><V101/><AGARI ba="1,0" hai="48,51,54,55,57,58,72,73,88,89,90,96,101,106" machi="101" ten="30,8000,1" yaku="5,1,0,1,9,1,52,1,54,1" doraHai="93" who="2" fromWho="2" sc="270,-41,230,-21,250,83,250,-21" /><INIT seed="1,0,0,1,4,102" ten="229,209,333,229" oya="1" hai0="119,71,35,30,134,103,18,75,28,84,27,15,74" hai1="60,133,111,19,45,72,36,49,2,20,68,83,32" hai2="52,98,109,73,86,80,57,79,91,77,64,122,44" hai3="26,22,6,65,88,132,9,63,130,11,56,70,96"/><U85/><E32/><V108/><F122/><W51/><G130/><T127/><D119/><U123/><E123/><V21/><F64/><W95/><G132/><T99/><D127/><U17/><E2/><V33/><F33/><W78/><G78/><T5/><D30/><U39/><E72/><V66/><F66/><W58/><G51/><T8/><D134/><U29/><E133/><V69/><F69/><W25/><G11/><T126/><D126/><U106/><E106/><V104/><F44/><W67/><G67/><T97/><D97/><U31/><E68/><V131/><F21/><W4/><G4/><T54/><D54/><U100/><E100/><N who="2" m="62487" /><F131/><W107/><G107/><T118/><D118/><U37/><E111/><N who="2" m="42571" /><F73/><W48/><G48/><AGARI ba="0,0" hai="48,52,57,77,79,80,86,91" m="42571,62487" machi="48" ten="30,3900,0" yaku="14,1,52,1,54,1" doraHai="102" who="2" fromWho="3" sc="229,0,209,0,333,39,229,-39" /><INIT seed="2,0,0,2,0,133" ten="229,209,372,190" oya="2" hai0="59,20,123,92,74,42,70,132,28,64,37,103,33" hai1="58,120,87,118,95,126,6,101,77,51,109,91,19" hai2="107,104,53,93,32,117,4,17,98,38,105,134,67" hai3="68,14,0,25,1,22,110,55,112,96,13,26,9"/><V115/><F32/><W119/><G68/><T80/><D33/><U48/><E118/><V24/><F38/><W49/><G112/><T111/><D70/><U79/><E109/><V129/><F115/><W76/><G110/><T102/><D102/><U15/><E120/><V99/><F4/><W122/><G122/><T18/><D74/><U83/><E126/><V100/><F67/><W27/><G119/><T66/><D132/><U135/><E135/><V88/><F117/><W5/><G76/><T47/><D28/><U57/><E6/><V29/><F17/><N who="3" m="10551" /><G96/><T44/><D44/><U30/><E30/><V7/><F7/><N who="3" m="3263" /><G55/><T35/><D35/><U84/><E101/><V65/><F53/><W94/><G94/><T40/><D103/><U21/><REACH who="1" step="1"/><E79/><REACH who="1" ten="229,199,372,190" step="2"/><V63/><F134/><W71/><G71/><T41/><D123/><U36/><E36/><V10/><F100/><W45/><G45/><T121/><D47/><U62/><E62/><V2/><F107/><W54/><G49/><AGARI ba="0,1" hai="15,19,21,48,49,51,57,58,77,83,84,87,91,95" machi="49" ten="40,2600,0" yaku="1,1,8,1,53,0" doraHai="133" doraHaiUra="31" who="1" fromWho="3" sc="229,0,199,36,372,0,190,-26" /><INIT seed="3,0,0,3,2,61" ten="229,235,372,164" oya="3" hai0="114,3,120,67,59,56,96,89,5,29,83,124,121" hai1="48,33,113,20,18,84,6,14,54,38,60,12,112" hai2="9,17,1,10,15,44,50,43,58,45,72,8,19" hai3="85,122,129,36,35,46,37,97,107,92,131,47,34"/><W118/><G122/><T117/><D117/><U94/><E38/><N who="3" m="14954" /><G92/><N who="0" m="56335" /><D3/><U91/><E33/><N who="3" m="12298" /><G85/><T80/><D121/><U57/><E60/><V90/><F72/><W115/><G97/><T123/><D120/><U71/><E71/><V109/><F1/><W55/><G55/><T135/><D123/><U25/><E14/><V132/><F132/><W100/><G100/><T49/><D135/><U63/><E48/><V27/><F45/><N who="3" m="16907" /><G115/><T11/><D114/><U2/><E2/><V88/><F109/><W51/><G51/><T39/><D39/><U79/><E79/><V74/><F74/><W99/><G99/><T81/><D81/><U68/><E68/><V119/><F119/><W24/><G118/><T16/><D83/><U126/><E113/><V53/><F27/><W108/><G107/><T13/><D80/><U22/><E112/><V95/><F95/><W102/><G102/><T42/><D59/><U106/><E106/><V116/><F116/><W7/><G7/><T105/><D105/><U41/><E6/><V32/><F32/><W40/><G40/><T78/><D42/><U87/><E41/><V69/><F69/><W0/><G0/><T86/><D5/><U130/><E87/><V30/><F43/><W65/><G108/><T52/><D86/><U31/><E130/><N who="3" m="49674" /><G24/><T101/><D101/><U73/><E73/><V4/><F4/><W134/><G134/><T127/><D78/><U82/><REACH who="1" step="1"/><E82/><REACH who="1" ten="229,225,372,164" step="2"/><V111/><F111/><W62/><G62/><N who="0" m="38343" /><D49/><U103/><E103/><V110/><F50/><W133/><G133/><T93/><D93/><U23/><E23/><RYUUKYOKU ba="0,1" sc="229,-15,225,15,372,-15,164,15" hai1="12,18,20,22,25,31,54,57,63,84,91,94,126" hai3="65" /><INIT seed="3,1,1,2,5,44" ten="214,240,357,179" oya="3" hai0="69,11,70,119,122,112,12,33,41,26,118,97,31" hai1="35,49,121,57,102,13,34,85,82,111,98,23,0" hai2="7,100,4,14,2,39,1,114,76,25,81,84,66" hai3="56,60,45,29,16,48,42,9,17,113,73,115,21"/><W110/><G73/><T43/><D43/><U64/><E121/><V86/><F39/><W36/><G110/><T125/><D69/><U103/><E0/><V46/><F66/><W47/><G29/><T128/><D70/><U79/><E111/><V51/><F100/><W77/><G77/><T67/><D67/><U75/><E75/><V131/><F131/><W68/><G9/><T94/><D122/><U132/><E132/><V27/><F114/><W130/><G130/><T10/><D112/><U107/><E103/><V37/><F37/><W40/><G68/><T63/><D63/><U59/><E59/><V99/><F99/><W78/><G78/><T55/><D41/><U117/><E117/><V24/><F86/><W89/><G89/><T72/><D72/><U83/><E83/><V74/><F74/><W5/><G5/><T124/><D55/><U32/><E64/><V101/><F101/><W52/><G17/><N who="0" m="8343" /><D128/><U108/><E108/><V88/><F88/><W18/><G18/><T129/><D129/><U109/><E109/><V62/><F62/><W3/><G3/><T116/><D94/><U65/><E65/><V106/><F106/><W61/><G60/><T71/><D97/><U91/><E79/><V126/><F126/><N who="0" m="48746" /><D71/><U8/><E23/><V104/><F104/><W19/><G19/><T28/><D28/><U127/><E127/><V90/><F90/><W95/><G95/><T53/><D53/><N who="1" m="31919" /><E35/><V96/><F96/><W135/><G135/><T6/><D119/><U30/><E30/><V120/><F120/><W20/><G20/><T134/><D134/><RYUUKYOKU ba="1,1" sc="214,10,240,10,357,-30,179,10" hai0="6,11,26,31,33,116,118" hai1="8,13,32,34,82,85,91,98,102,107" hai3="16,21,36,40,42,45,47,48,52,56,61,113,115" /><INIT seed="3,2,1,3,3,74" ten="224,250,327,189" oya="3" hai0="118,5,111,45,87,78,70,33,126,67,113,42,105" hai1="81,27,132,34,64,49,11,18,13,134,93,40,66" hai2="68,85,35,116,41,83,131,110,90,128,103,61,39" hai3="21,29,50,37,26,23,80,56,4,62,91,100,57"/><W106/><G37/><T19/><D19/><U0/><E93/><V101/><F35/><W31/><G4/><T25/><D87/><U71/><E81/><V95/><F39/><W107/><G100/><T84/><D84/><U1/><E71/><V51/><F116/><W10/><G10/><T55/><D55/><U96/><E96/><V123/><F123/><W2/><G2/><N who="1" m="1130" /><E40/><V24/><F24/><W32/><G50/><T15/><D15/><U72/><E49/><V86/><F110/><W135/><G57/><T9/><D9/><U7/><E72/><V92/><F51/><W60/><G60/><N who="0" m="40295" /><D5/><U104/><E104/><V130/><F41/><W17/><G135/><N who="1" m="51754" /><E66/><N who="2" m="41039" /><F95/><W133/><G133/><T65/><D65/><U6/><E64/><V58/><F58/><W54/><G31/><AGARI ba="2,1" hai="6,7,11,13,18,27,31,34" m="51754,1130" machi="31" ten="30,3900,0" yaku="20,1,34,2" doraHai="74" who="1" fromWho="3" sc="224,0,250,55,327,0,189,-45" owari="224,-18.0,305,11.0,327,43.0,144,-36.0" /></mjloggm>