<mjloggm ver="2.3"><GO type="41" lobby="0"/><UN n0="%E3%82%B8%E3%82%AE%E3%82%BF%E3%83%AA%E3%82%B9" n1="%E5%B0%B1%E6%B4%BB%E7%94%9F%40%E5%B7%9D%E6%9D%91%E8%BB%8D%E5%9B%A3" n2="%E7%95%AA%E7%8A%AC%E5%90%9B" n3="%E3%82%AF%E3%83%AA%E3%83%AA%E3%83%B3%E7%9A%84%E3%81%AB%E3%81%AF" dan="15,15,15,14" rate="2029.29,1994.14,1974.81,2064.27" sx="M,M,M,M"/><TAIKYOKU oya="0"/><INIT seed="0,0,0,1,1,57" ten="250,250,250,250" oya="0" hai0="88,50,46,67,31,23,39,62,37,86,123,120,54" hai1="70,75,116,132,115,2,91,81,66,41,76,36,51" hai2="38,124,10,34,113,95,17,4,101,105,122,93,83" hai3="63,30,96,74,133,79,82,15,100,117,9,111,128"/><T28/><D123/><U84/><E116/><V48/><F38/><W35/><G117/><T104/><D104/><U60/><E115/><V7/><F122/><W87/><G111/><T33/><D33/><U107/><E107/><V106/><F113/><W29/><G133/><T40/><D120/><U68/><E132/><V32/><F83/><W11/><G128/><T16/><D40/><U21/><E2/><V49/><F17/><W45/><G74/><T12/><D39/><U90/><E36/><V119/><F10/><W99/><G11/><T71/><D37/><U110/><E110/><V53/><F53/><W19/><G35/><T85/><D85/><U131/><E131/><V109/><F109/><W25/><G25/><T114/><D114/><U130/><E130/><V94/><F119/><W92/><G99/><T127/><D127/><U14/><E70/><V5/><F124/><W65/><REACH who="3" step="1"/><G45/><REACH who="3" ten="250,250,250,240" step="2"/><T126/><REACH who="0" step="1"/><D126/><REACH who="0" ten="240,250,250,240" step="2"/><U77/><E75/><V121/><F32/><W103/><G103/><T97/><D97/><U42/><E84/><V22/><F34/><W1/><G1/><T80/><AGARI ba="0,2" hai="12,16,23,28,31,46,50,54,62,67,71,80,86,88" machi="80" ten="20,18000,2" yaku="1,1,0,1,7,1,52,1,54,2,53,0" doraHai="57" doraHaiUra="72" who="0" fromWho="0" sc="240,200,250,-60,250,-60,240,-60" /><INIT seed="0,1,0,0,1,85" ten="440,190,190,180" oya="0" hai0="64,132,48,133,0,7,45,55,79,72,114,58,76" hai1="60,81,36,32,118,126,31,30,4,75,9,67,54" hai2="19,29,112,98,128,49,119,124,25,10,5,53,61" hai3="37,51,103,56,101,122,43,18,123,84,44,63,134"/><T100/><D114/><U96/><E118/><V24/><F112/><W99/><G134/><N who="0" m="51819" /><D100/><U131/><E126/><V47/><F124/><W70/><G70/><T46/><D72/><U106/><E131/><V116/><F128/><W40/><G40/><T26/><D26/><U52/><E36/><V105/><F19/><W6/><G6/><T38/><D64/><U86/><E75/><V65/><F98/><W62/><G37/><T33/><D33/><U21/><E106/><V104/><F105/><W41/><G43/><N who="0" m="22775" /><D46/><U23/><E96/><V88/><F104/><W12/><G84/><T3/><D7/><U90/><E32/><V111/><F111/><W1/><G1/><AGARI ba="1,0" hai="0,1,3,48,55,58,76,79" m="22775,51819" machi="1" ten="30,1500,0" yaku="20,1" doraHai="85" who="0" fromWho="3" sc="440,18,190,0,190,0,180,-18" /><INIT seed="0,2,0,3,4,40" ten="458,190,190,162" oya="0" hai0="52,5,48,101,35,117,104,26,73,36,98,85,120" hai1="8,43,55,127,18,88,1,17,111,126,100,95,34" hai2="128,54,42,59,123,20,80,83,110,70,133,60,109" hai3="37,4,135,28,25,33,76,115,21,116,66,32,12"/><T62/><D117/><U92/><E34/><N who="3" m="13418" /><G66/><T91/><D120/><U44/><E111/><N who="2" m="42507" /><F123/><W89/><G89/><T58/><D73/><U114/><E114/><V46/><F133/><W0/><G76/><T108/><D36/><U63/><E100/><V31/><F128/><W99/><G99/><T72/><D72/><U38/><E95/><V75/><F75/><W118/><G37/><T105/><D105/><U61/><E1/><V45/><F70/><W106/><G106/><T24/><D108/><U71/><E71/><V69/><F69/><W119/><G115/><T30/><D24/><U57/><E63/><V19/><F31/><W9/><G135/><T50/><REACH who="0" step="1"/><D5/><REACH who="0" ten="448,190,190,162" step="2"/><U10/><E126/><V129/><F129/><W79/><G79/><T121/><D121/><U51/><E127/><V82/><F42/><W78/><G78/><T112/><D112/><U16/><E38/><V22/><F22/><W86/><G86/><AGARI ba="2,1" hai="8,10,16,17,18,43,44,51,55,57,61,86,88,92" machi="86" ten="40,8000,1" yaku="8,1,52,1,54,2" doraHai="40" who="1" fromWho="3" sc="448,0,190,96,190,0,162,-86" /><INIT seed="1,0,0,5,3,33" ten="448,286,190,76" oya="1" hai0="111,82,123,55,63,50,8,116,95,79,97,75,127" hai1="86,52,31,24,98,44,119,35,120,10,20,118,59" hai2="14,117,134,45,107,57,11,90,122,101,60,87,25" hai3="65,74,66,80,26,19,21,13,100,12,39,1,6"/><U34/><E120/><V103/><F122/><W125/><G39/><T27/><D123/><U38/><E118/><V133/><F117/><W47/><G125/><T113/><D116/><U89/><E119/><V29/><F45/><W58/><G100/><T96/><D113/><U62/><E98/><V72/><F72/><W5/><G47/><T51/><D127/><U69/><E69/><V88/><F90/><W70/><G70/><T37/><D37/><U48/><E10/><V91/><F91/><W2/><G58/><T83/><D83/><U32/><E38/><V23/><F107/><W77/><G66/><T54/><D111/><U3/><E3/><N who="3" m="1034" /><G65/><T49/><D63/><U102/><E102/><V0/><F0/><W15/><G80/><T84/><D75/><U40/><E35/><V41/><F41/><W112/><G77/><T67/><D67/><U130/><E130/><V81/><F103/><W109/><G74/><T126/><D126/><U18/><E31/><V108/><F101/><W46/><G46/><T93/><D97/><U17/><E18/><V68/><F68/><W105/><G105/><T106/><D96/><U76/><E76/><V4/><REACH who="2" step="1"/><F108/><REACH who="2" ten="448,286,180,76" step="2"/><W132/><G109/><T124/><D106/><U128/><E128/><V61/><F61/><W22/><G112/><T135/><D124/><U104/><E104/><V92/><F92/><AGARI ba="0,1" hai="17,20,24,32,34,40,44,48,52,59,62,86,89,92" machi="92" ten="30,2900,0" yaku="7,1,54,1" doraHai="33" who="1" fromWho="2" sc="448,0,286,39,180,-29,76,0" /><INIT seed="1,1,0,3,3,77" ten="448,325,151,76" oya="1" hai0="45,37,115,100,58,66,124,46,65,127,5,84,26" hai1="50,79,78,38,25,129,44,118,106,34,36,134,120" hai2="117,61,132,19,95,3,119,111,35,85,88,42,70" hai3="15,103,7,12,76,105,87,31,29,48,4,43,86"/><U125/><E106/><V32/><F3/><W56/><G105/><T109/><D5/><U24/><E120/><V13/><F42/><W91/><G103/><T83/><D115/><U39/><E118/><V30/><F111/><W123/><G123/><T57/><D100/><U104/><E104/><V71/><F132/><W2/><G2/><T63/><D26/><U67/><E134/><V47/><F47/><N who="0" m="17930" /><D37/><U102/><E102/><V126/><F126/><N who="0" m="48170" /><D109/><U53/><E125/><V64/><F70/><W94/><G43/><T113/><D113/><U49/><E67/><N who="0" m="25609" /><D63/><U112/><E112/><V121/><F121/><W73/><G4/><T107/><D107/><U23/><E25/><V21/><REACH who="2" step="1"/><F30/><REACH who="2" ten="448,325,141,76" step="2"/><W74/><G31/><T51/><D51/><U17/><E49/><V98/><F98/><W89/><G29/><T27/><D27/><U90/><E50/><V131/><F131/><W62/><G48/><T8/><D8/><U81/><E129/><V11/><F11/><W20/><G62/><T16/><D16/><U80/><E39/><V101/><F101/><W0/><G0/><T114/><D114/><U55/><E17/><V69/><F69/><W9/><G9/><T40/><D40/><U54/><E24/><V52/><F52/><W75/><G7/><T110/><D110/><U14/><E38/><V10/><F10/><W135/><G135/><T96/><D57/><U68/><E36/><V82/><F82/><W116/><G56/><T6/><D58/><U133/><E81/><V18/><F18/><W99/><G99/><T122/><D83/><U93/><E133/><RYUUKYOKU ba="1,1" sc="448,-10,325,-10,141,30,76,-10" hai2="13,19,21,32,35,61,64,71,85,88,95,117,119" /><INIT seed="2,2,1,1,0,58" ten="438,315,171,66" oya="2" hai0="103,42,78,12,1,18,84,11,33,98,19,101,3" hai1="69,134,130,29,122,70,94,79,87,5,133,0,91" hai2="71,20,40,104,126,2,65,119,41,110,26,7,9" hai3="132,116,97,52,129,72,74,124,95,21,44,61,108"/><V82/><F119/><W127/><G108/><T66/><D33/><U28/><E122/><V15/><F104/><W46/><G116/><T105/><D42/><U16/><E130/><V92/><F126/><N who="3" m="48171" /><G129/><T43/><D43/><U106/><E106/><V68/><F110/><W121/><G121/><T49/><D101/><U81/><E0/><V112/><F112/><W54/><G21/><T36/><D36/><U30/><E5/><V51/><F2/><W75/><G132/><N who="1" m="50794" /><E16/><V45/><F82/><W83/><G83/><T85/><D18/><U27/><E27/><V113/><F113/><W123/><G123/><T131/><D78/><U37/><E37/><V24/><F92/><W22/><G22/><T107/><D66/><U60/><E60/><V56/><F40/><W135/><G135/><T62/><D49/><U115/><E115/><V8/><F8/><W128/><G128/><T67/><D107/><U39/><E39/><V35/><F35/><W14/><G14/><T55/><D55/><N who="3" m="21033" /><G61/><T17/><D131/><U88/><E91/><AGARI ba="2,1" hai="44,46,72,74,75,91,95,97" m="21033,48171" machi="91" ten="40,2600,0" yaku="18,1,54,1" doraHai="58" who="3" fromWho="1" sc="438,0,315,-32,171,0,66,42" /><INIT seed="3,0,0,3,0,91" ten="438,283,171,108" oya="3" hai0="71,108,80,64,114,118,1,63,75,22,103,4,76" hai1="21,30,10,55,107,119,51,0,87,60,34,82,3" hai2="8,45,131,23,58,126,98,52,42,20,128,99,2" hai3="100,124,88,122,84,31,68,69,62,134,77,24,94"/><W16/><G122/><T90/><D118/><U33/><E107/><V14/><F126/><W83/><G124/><T116/><D116/><U40/><E119/><V65/><F65/><W112/><G112/><T121/><D121/><U19/><E40/><V53/><F2/><W6/><G134/><T127/><D114/><U27/><E60/><V67/><F67/><W133/><G133/><T104/><D108/><U129/><E129/><N who="2" m="49739" /><F58/><W93/><G6/><T130/><D130/><U50/><E50/><N who="2" m="26935" /><F20/><W73/><G62/><T132/><D80/><U17/><E33/><V15/><F23/><W123/><G123/><T106/><D4/><U95/><E10/><V125/><F125/><W11/><G11/><T57/><D90/><U115/><E115/><V70/><F70/><W109/><G109/><T35/><D103/><U85/><E19/><N who="2" m="8647" /><F15/><W74/><G74/><T47/><D76/><U61/><E61/><V79/><F79/><W36/><G36/><T39/><D106/><U117/><E117/><V18/><F18/><W9/><G9/><T97/><D97/><AGARI ba="0,0" hai="52,53,97,98,99" m="8647,26935,49739" machi="97" ten="30,2000,0" yaku="19,1,54,1" doraHai="91" who="2" fromWho="0" sc="438,-20,283,0,171,20,108,0" /><INIT seed="4,0,0,4,3,74" ten="418,283,191,108" oya="0" hai0="10,131,106,68,116,80,22,8,16,52,53,99,9" hai1="97,30,125,12,54,40,110,92,69,29,11,89,98" hai2="122,115,83,123,45,117,63,87,70,78,0,108,119" hai3="14,46,61,39,5,13,77,43,121,50,118,112,88"/><T82/><D68/><U95/><E110/><V128/><F0/><W33/><G33/><T7/><D116/><N who="2" m="44618" /><F128/><W34/><G34/><T15/><D131/><U109/><E109/><V32/><F32/><W111/><G111/><T129/><D129/><U2/><E125/><V18/><F108/><W1/><G118/><T96/><D7/><U127/><E2/><V113/><F18/><W35/><G35/><T6/><D6/><U56/><E69/><V28/><F28/><W38/><G112/><N who="2" m="43081" /><F45/><W66/><G121/><N who="2" m="46089" /><F63/><W101/><G1/><T20/><D106/><U132/><E127/><V24/><F24/><W64/><G5/><T76/><D20/><U84/><E132/><V48/><F70/><W49/><G14/><T36/><D36/><U58/><E40/><V27/><F27/><W21/><G13/><T60/><D60/><U86/><E56/><V79/><F48/><W25/><G50/><T130/><D130/><U91/><E29/><V75/><F75/><W126/><G61/><T93/><D99/><U59/><E30/><V17/><F17/><W51/><G49/><T26/><D26/><U31/><E31/><V62/><F62/><W104/><G25/><T71/><D71/><U85/><E54/><V124/><F124/><W73/><G126/><T90/><REACH who="0" step="1"/><D82/><REACH who="0" ten="408,283,191,108" step="2"/><U114/><E114/><V3/><F3/><W37/><G39/><T135/><D135/><U134/><E134/><V67/><F67/><W42/><G64/><T57/><D57/><U81/><E81/><V65/><F65/><W72/><G66/><T23/><D23/><U107/><E107/><RYUUKYOKU ba="0,1" sc="408,10,283,10,191,10,108,-30" hai0="8,9,10,15,16,22,52,53,76,80,90,93,96" hai1="11,12,58,59,84,85,86,89,91,92,95,97,98" hai2="78,79,83,87" /><INIT seed="4,1,1,0,0,39" ten="418,293,201,78" oya="0" hai0="50,4,48,3,28,98,70,36,8,82,11,86,56" hai1="129,67,88,101,93,60,111,116,100,92,83,115,35" hai2="27,127,53,47,64,133,23,131,61,75,90,46,120" hai3="68,121,1,69,57,123,54,135,95,6,40,80,78"/><T117/><D70/><U126/><E35/><V94/><F120/><N who="3" m="46155" /><G6/><T106/><D117/><U9/><E116/><V104/><F104/><W29/><G1/><T49/><D36/><U58/><E111/><V79/><F131/><W12/><G29/><T34/><D11/><U24/><E129/><V107/><F107/><W2/><G2/><T0/><D0/><U10/><E126/><V113/><F127/><W52/><G135/><T84/><D34/><U18/><E115/><V130/><F130/><W17/><G95/><N who="1" m="36426" /><E10/><V91/><F133/><W99/><G99/><T22/><D82/><U66/><E66/><V41/><F113/><W15/><G40/><T102/><D28/><U122/><E122/><V105/><F105/><W26/><G26/><T119/><D119/><U25/><E9/><V124/><F53/><N who="3" m="20587" /><G57/><T114/><D56/><U128/><E128/><V55/><F55/><W97/><G97/><T108/><D114/><U21/><E25/><V134/><F47/><W30/><G30/><T42/><D108/><U5/><E5/><V16/><F124/><W77/><G17/><T14/><D3/><U38/><E38/><N who="2" m="21815" /><F134/><W87/><G78/><T112/><D112/><U45/><E45/><V37/><F37/><W96/><G96/><T13/><REACH who="0" step="1"/><D42/><REACH who="0" ten="408,293,201,78" step="2"/><U65/><E65/><V118/><F64/><W20/><G20/><T59/><D59/><U125/><E125/><V19/><F118/><W110/><G110/><T44/><D44/><U32/><E32/><V76/><F61/><W31/><G31/><T85/><D85/><AGARI ba="1,2" hai="18,21,24,58,60,67,83,85,88,100,101" m="36426" machi="85" ten="30,2000,0" yaku="8,1,54,1" doraHai="39" who="1" fromWho="0" sc="408,-23,293,43,201,0,78,0" /><INIT seed="5,0,0,4,5,48" ten="385,336,201,78" oya="1" hai0="107,36,47,53,4,27,44,60,92,17,18,43,54" hai1="109,117,32,98,132,89,129,74,11,110,123,37,79" hai2="95,13,87,15,114,28,126,51,9,105,5,59,69" hai3="120,2,0,33,39,57,116,80,128,113,83,29,75"/><U58/><E37/><V49/><F69/><W19/><G39/><T86/><D107/><U101/><E32/><V119/><F119/><W99/><G120/><T21/><D4/><U56/><E117/><V38/><F38/><W66/><G116/><T25/><D44/><U115/><E123/><V93/><F105/><W6/><G128/><T104/><D104/><U70/><E70/><V1/><F126/><W84/><G75/><T134/><D134/><U26/><E115/><V63/><F114/><W102/><G83/><T16/><D60/><U40/><E40/><V46/><F28/><W96/><G33/><T78/><D92/><U133/><E26/><V127/><F127/><W88/><G29/><T97/><D97/><U55/><E11/><V50/><F46/><W91/><G113/><T131/><D131/><U73/><E58/><V121/><F121/><W52/><G66/><T106/><D106/><N who="1" m="63799" /><E89/><V10/><F87/><W130/><G91/><T34/><D34/><U112/><E112/><V71/><F71/><W35/><G35/><T118/><D118/><U67/><E67/><N who="2" m="39423" /><F1/><W45/><G130/><T62/><D62/><N who="1" m="36127" /><E129/><V7/><AGARI ba="0,0" hai="5,7,9,10,13,15,49,50,51,93,95" m="39423" machi="7" ten="30,1100,0" yaku="8,1" doraHai="48" who="2" fromWho="2" sc="385,-3,336,-5,201,11,78,-3" /><INIT seed="6,0,0,3,5,15" ten="382,331,212,75" oya="2" hai0="52,73,13,17,98,36,37,94,58,54,96,40,103" hai1="43,60,72,3,100,74,49,78,83,69,35,67,92" hai2="5,121,20,116,122,75,114,85,86,30,62,1,9" hai3="64,26,81,111,79,84,68,31,129,123,59,48,89"/><V19/><F116/><W38/><G123/><T14/><D73/><U44/><E35/><V56/><F75/><W105/><G111/><T12/><D54/><U90/><E3/><V82/><F114/><W7/><G129/><T18/><D98/><U10/><E100/><V57/><F30/><W55/><G7/><T25/><D25/><U4/><E74/><V127/><F127/><W23/><G38/><T128/><D128/><U91/><E91/><V33/><F33/><W117/><G117/><T125/><D125/><U106/><E106/><V11/><F11/><W41/><G105/><T0/><D0/><U80/><E80/><V61/><F61/><W16/><G41/><T107/><D107/><U51/><E10/><V39/><F39/><W133/><G133/><T77/><D36/><U97/><E4/><V76/><F86/><W104/><G104/><T112/><D77/><U65/><E65/><V109/><F109/><W88/><REACH who="3" step="1"/><G31/><REACH who="3" ten="382,331,212,65" step="2"/><T124/><D112/><U28/><E28/><V8/><F121/><W63/><AGARI ba="0,1" hai="16,23,26,48,55,59,63,64,68,79,81,84,88,89" machi="63" ten="30,12000,2" yaku="1,1,2,1,0,1,52,1,54,2,53,0" doraHai="15" doraHaiUra="95" who="3" fromWho="3" sc="382,-30,331,-30,212,-60,65,130" /><INIT seed="7,0,0,3,4,76" ten="352,301,152,195" oya="3" hai0="134,13,88,61,40,125,74,133,31,62,58,68,96" hai1="59,46,50,73,79,87,123,71,122,113,95,124,10" hai2="72,93,8,89,41,130,33,119,27,17,98,97,45" hai3="55,135,69,52,128,39,24,100,29,121,19,82,78"/><W112/><G121/><T108/><D108/><U21/><E71/><V35/><F119/><W2/><G2/><T3/><D3/><U101/><E113/><V65/><F72/><W25/><G112/><T110/><D110/><U47/><E124/><V103/><F130/><W116/><G116/><T66/><D74/><U77/><E73/><V56/><F65/><W43/><G69/><T64/><D125/><U42/><E122/><V129/><F129/><W49/><G128/><T38/><D31/><U12/><E123/><V126/><F126/><W107/><G135/><T53/><D13/><U85/><E21/><V86/><F98/><W94/><G107/><T14/><D14/><U18/><E47/><V105/><F56/><W131/><G131/><T4/><D4/><U34/><E34/><V70/><F70/><W104/><G104/><T84/><D96/><N who="1" m="59551" /><E59/><V67/><F67/><W106/><G106/><T54/><D40/><U117/><E117/><V15/><F27/><N who="3" m="10315" /><G39/><T26/><D38/><U63/><E63/><V115/><F115/><W114/><G29/><T111/><D26/><U127/><E127/><V102/><F102/><W7/><G7/><T60/><D111/><U91/><E87/><V30/><F30/><W75/><G19/><T11/><D61/><U22/><E22/><V37/><REACH who="2" step="1"/><F105/><REACH who="2" ten="352,301,142,195" step="2"/><W132/><G114/><T16/><D134/><U20/><E20/><V5/><F5/><W57/><G75/><T120/><D133/><U23/><E23/><V44/><F44/><N who="3" m="25759" /><G132/><T32/><D120/><U81/><AGARI ba="0,1" hai="10,12,18,42,46,50,77,79,81,85,91" m="59551" machi="81" ten="30,2000,0" yaku="8,1,52,1" doraHai="76" who="1" fromWho="1" sc="352,-5,301,30,142,-5,195,-10" owari="347,44.0,331,13.0,137,-36.0,185,-21.0" /></mjloggm>