<mjloggm ver="2.3"><GO type="97" lobby="0"/><UN n0="%E5%B0%B1%E6%B4%BB%E7%94%9F%40%E5%B7%9D%E6%9D%91%E8%BB%8D%E5%9B%A3" n1="%E3%82%8B%E3%81%AA%E3%81%A1%E3%83%BC" n2="%EF%BC%88%EF%BC%9E%EF%BC%9C%EF%BC%9B%EF%BC%89" n3="%54%4B%40%31%39" dan="13,15,14,15" rate="1829.67,1932.11,1923.87,2008.23" sx="M,M,F,M"/><TAIKYOKU oya="0"/><INIT seed="0,0,0,5,3,42" ten="250,250,250,250" oya="0" hai0="76,48,107,105,124,110,132,69,53,16,84,89,66" hai1="19,73,78,23,33,101,2,24,47,61,20,52,115" hai2="58,131,15,117,91,128,96,127,106,11,74,14,113" hai3="29,0,108,88,118,90,70,27,67,62,87,122,126"/><T125/><D76/><U43/><E2/><V49/><F113/><W10/><G118/><T82/><D69/><U133/><E33/><V109/><F74/><W46/><G108/><T22/><D66/><U26/><E115/><V54/><F109/><W37/><G122/><T57/><D110/><U51/><E133/><V79/><F79/><W36/><G126/><T68/><D68/><U135/><E135/><V59/><F127/><N who="0" m="48714" /><D132/><U60/><E101/><V63/><F117/><W56/><G90/><T39/><D39/><U45/><E73/><V64/><F11/><W95/><G70/><T38/><D38/><U102/><E102/><N who="2" m="62791" /><F91/><W99/><G99/><T81/><D81/><U40/><E78/><V34/><F34/><W86/><G86/><T18/><D18/><N who="1" m="12311" /><E40/><V103/><F103/><W80/><G80/><T9/><D9/><U21/><E21/><V28/><F28/><W121/><G121/><T129/><D129/><AGARI ba="0,0" hai="14,15,49,54,58,59,63,64,128,129,131" m="62791" machi="129" ten="30,1000,0" yaku="19,1" doraHai="42" who="2" fromWho="0" sc="250,-10,250,0,250,10,250,0" /><INIT seed="1,0,0,2,1,110" ten="240,250,260,250" oya="1" hai0="122,38,41,35,21,101,12,28,39,0,74,61,119" hai1="75,93,42,23,27,125,56,63,121,133,34,130,135" hai2="32,70,82,96,118,62,1,20,83,104,18,2,50" hai3="66,30,16,11,77,36,127,59,126,88,112,53,37"/><U79/><E34/><V58/><F118/><W26/><G77/><T107/><D119/><U80/><E121/><V49/><F32/><W97/><G112/><T69/><D122/><U48/><E125/><N who="3" m="47626" /><G66/><N who="0" m="41167" /><D0/><U91/><E130/><V10/><F10/><W5/><G16/><N who="0" m="10375" /><D74/><U78/><E78/><V33/><F33/><N who="3" m="20695" /><G97/><N who="0" m="61871" /><D41/><U43/><E48/><V92/><F49/><N who="3" m="31151" /><G88/><T106/><D106/><U13/><E13/><AGARI ba="0,0" hai="5,11,13,36,37" m="31151,20695,47626" machi="13" ten="30,1000,0" yaku="18,1" doraHai="110" who="3" fromWho="1" sc="240,0,250,-10,260,0,250,10" /><INIT seed="2,0,0,0,4,46" ten="240,240,260,260" oya="2" hai0="134,135,59,8,106,45,100,10,51,63,87,20,117" hai1="93,91,95,42,65,24,23,22,81,73,85,78,3" hai2="92,32,107,35,33,79,90,80,112,124,96,94,58" hai3="105,98,102,13,77,29,18,101,4,37,129,88,60"/><V128/><F112/><W17/><G37/><T72/><D117/><U89/><E3/><V66/><F124/><W6/><G129/><T84/><D72/><U14/><E65/><V1/><F1/><W115/><G115/><T5/><D106/><U110/><E110/><V119/><F119/><W39/><G39/><T62/><D100/><U121/><E121/><V69/><F107/><W28/><G77/><T40/><D62/><U122/><E122/><V130/><F69/><W76/><G76/><T54/><D20/><U44/><E14/><V26/><F26/><W75/><G75/><T48/><D63/><U31/><E22/><V55/><F66/><W113/><G113/><T133/><REACH who="0" step="1"/><D10/><REACH who="0" ten="230,240,260,260" step="2"/><U2/><E73/><N who="2" m="43119" /><F35/><W50/><G105/><T16/><D16/><U52/><E23/><V114/><F33/><W36/><G18/><T57/><D57/><U61/><E61/><V116/><F32/><W12/><G60/><T43/><D43/><U86/><E42/><V25/><F116/><W15/><G17/><T47/><D47/><U109/><E44/><V99/><F114/><W30/><G102/><T83/><D83/><U132/><E81/><V49/><F25/><W56/><G101/><T111/><D111/><U126/><E24/><V123/><F123/><W21/><G56/><T118/><D118/><U0/><E126/><V71/><F71/><W131/><G21/><T108/><D108/><U41/><E109/><V125/><F125/><W7/><G131/><T53/><D53/><U97/><E41/><V103/><F103/><W68/><G68/><T67/><D67/><RYUUKYOKU ba="0,1" sc="230,15,240,-15,260,15,260,-15" hai0="5,8,40,45,48,51,54,59,84,87,133,134,135" hai2="49,55,58,90,92,94,96,99,128,130" /><INIT seed="2,1,1,2,3,50" ten="245,225,275,245" oya="2" hai0="16,38,53,126,79,81,49,124,3,84,23,92,120" hai1="91,76,106,83,48,135,43,125,114,63,7,34,39" hai2="45,74,32,95,109,42,117,116,115,97,108,78,37" hai3="96,35,121,55,99,88,21,127,93,52,77,10,103"/><V86/><F115/><W4/><G35/><T119/><D38/><U62/><E114/><V110/><F74/><W104/><G121/><T17/><D3/><U82/><E39/><V24/><F78/><W131/><G127/><N who="0" m="48683" /><D120/><U113/><E113/><V60/><F86/><W36/><G36/><T75/><D119/><U66/><E106/><V15/><F15/><W100/><G100/><T46/><D23/><U130/><E34/><V1/><F1/><W102/><G102/><T90/><AGARI ba="1,1" hai="16,17,46,49,53,75,79,81,84,90,92" m="48683" machi="90" ten="30,4000,0" yaku="18,1,52,1,54,1" doraHai="50" who="0" fromWho="0" sc="245,53,225,-11,275,-21,245,-11" /><INIT seed="3,0,0,4,2,127" ten="298,214,254,234" oya="3" hai0="15,11,88,37,105,57,51,104,42,20,69,117,72" hai1="17,107,16,29,0,5,119,131,98,95,34,132,50" hai2="4,33,130,39,62,40,13,68,36,45,79,22,44" hai3="35,135,12,63,134,7,6,47,80,25,110,84,103"/><W70/><G47/><N who="0" m="26103" /><D72/><U128/><E107/><V32/><F79/><W133/><G103/><T27/><D69/><U96/><E119/><V90/><F90/><N who="3" m="51463" /><G110/><T18/><D37/><U120/><E120/><V56/><F68/><W43/><G43/><T1/><D1/><U121/><E121/><V8/><F22/><W113/><G113/><T115/><D105/><U87/><E132/><V124/><F124/><W66/><G12/><T48/><D104/><U19/><E87/><V54/><F130/><N who="1" m="49705" /><E50/><V102/><F102/><W60/><G60/><T82/><D117/><U2/><E5/><V92/><F92/><W74/><G74/><T108/><D108/><U116/><E116/><V31/><F31/><AGARI ba="0,0" hai="6,7,25,31,35,63,66,70,133,134,135" m="51463" machi="31" ten="30,1500,0" yaku="20,1" doraHai="127" who="3" fromWho="2" sc="298,0,214,0,254,-15,234,15" /><INIT seed="3,1,0,1,1,106" ten="298,214,239,249" oya="3" hai0="90,26,72,75,17,76,12,110,81,119,134,42,131" hai1="39,13,21,70,22,56,116,24,65,47,129,32,127" hai2="0,85,115,84,55,112,11,83,25,101,36,44,8" hai3="40,103,63,79,19,108,2,28,34,69,3,105,37"/><W104/><G19/><T107/><D119/><U43/><E116/><V46/><F101/><W124/><G103/><T125/><D107/><N who="3" m="41033" /><G124/><T53/><D125/><U27/><E127/><V64/><F25/><N who="3" m="18703" /><G79/><T59/><D131/><U7/><E32/><V71/><F71/><W123/><G123/><T18/><D134/><U58/><E129/><V10/><F0/><W132/><G132/><T52/><D110/><U80/><E70/><V82/><F64/><N who="3" m="41119" /><G108/><T67/><D42/><U35/><E35/><V86/><F55/><W66/><G66/><T60/><D90/><U87/><E65/><V92/><F92/><W126/><G126/><T102/><D102/><U15/><E7/><V111/><F111/><W93/><G93/><T96/><D96/><U120/><E120/><V89/><F89/><W135/><G135/><T122/><D122/><U128/><E128/><V88/><F88/><W6/><G6/><T100/><D100/><U61/><E22/><V97/><F97/><W23/><G23/><T109/><D109/><U78/><E27/><V1/><F11/><W62/><G62/><T16/><D26/><U74/><E87/><V48/><F10/><W41/><G41/><T50/><D12/><N who="1" m="4683" /><E61/><V30/><F8/><W49/><G49/><T57/><D53/><U14/><N who="1" m="4691" /><U38/><DORA hai="99" /><E38/><V118/><F36/><W4/><G4/><T29/><REACH who="0" step="1"/><D29/><REACH who="0" ten="288,214,239,249" step="2"/><U68/><E68/><V45/><F30/><W133/><G133/><T98/><D98/><U91/><E91/><V95/><F118/><W33/><G40/><T9/><D9/><U51/><E51/><RYUUKYOKU ba="1,1" sc="288,15,214,15,239,-15,249,-15" hai0="16,17,18,50,52,57,59,60,67,72,75,76,81" hai1="21,24,39,43,47,56,58,74,78,80" owari="313,42.0,229,-17.0,224,-28.0,234,3.0" /></mjloggm>