<mjloggm ver="2.3"><GO type="41" lobby="0"/><UN n0="%50%2D%4D%41%4B%45%52" n1="%4F%74%65%6E%74%65%6E" n2="%EF%BC%A0%E3%81%BF%E3%82%84" n3="%E5%B0%B1%E6%B4%BB%E7%94%9F%40%E5%B7%9D%E6%9D%91%E8%BB%8D%E5%9B%A3" dan="14,14,15,15" rate="1927.13,1950.35,2025.10,1972.52" sx="M,M,M,M"/><TAIKYOKU oya="0"/><INIT seed="0,0,0,2,3,73" ten="250,250,250,250" oya="0" hai0="113,60,120,78,82,126,102,90,63,64,29,98,117" hai1="71,127,49,134,88,24,76,93,3,41,56,12,15" hai2="133,121,96,128,129,23,116,111,112,52,85,45,100" hai3="38,81,6,37,66,9,86,19,53,30,87,70,55"/><T132/><D120/><U50/><E71/><V110/><F121/><W77/><G30/><T91/><D117/><U32/><E3/><V83/><F112/><W46/><G70/><T11/><D113/><U33/><E134/><V25/><F116/><W104/><G104/><T99/><D132/><U48/><E127/><V103/><F133/><W101/><G66/><T28/><D126/><U13/><E41/><V114/><F114/><W92/><G19/><T115/><D115/><U124/><E124/><V125/><F125/><W58/><G53/><T119/><D11/><U0/><E0/><V5/><F5/><W89/><G46/><T65/><D119/><U14/><N who="1" m="3584" /><DORA hai="57" /><U108/><E108/><N who="2" m="41515" /><F45/><W4/><G101/><N who="2" m="38985" /><F96/><W105/><G105/><T39/><D102/><U69/><E69/><V118/><F25/><W130/><G130/><T109/><D109/><U40/><E24/><V20/><F52/><W34/><G34/><T2/><D2/><U106/><E106/><V80/><F118/><W43/><G43/><T74/><D74/><U123/><E123/><V79/><F83/><W84/><G9/><T131/><D82/><U75/><E40/><V35/><F35/><W7/><REACH who="3" step="1"/><G84/><REACH who="3" ten="250,250,250,240" step="2"/><T47/><D47/><U135/><E135/><V68/><F68/><W51/><AGARI ba="0,1" hai="4,6,7,37,38,51,55,58,77,81,86,87,89,92" machi="51" ten="30,7900,0" yaku="1,1,2,1,0,1,52,1,53,0" doraHai="73,57" doraHaiUra="95,21" who="3" fromWho="3" sc="250,-39,250,-20,250,-20,240,89" /><INIT seed="1,0,0,1,0,11" ten="211,230,230,329" oya="1" hai0="100,96,122,121,66,123,57,3,56,1,54,9,77" hai1="19,63,89,37,111,76,88,132,55,75,82,91,42" hai2="92,107,41,126,27,105,129,127,117,74,23,14,72" hai3="8,112,120,26,118,60,93,16,50,85,51,86,102"/><U134/><E111/><V53/><F117/><W44/><G112/><T95/><D77/><U61/><E55/><V68/><F129/><W29/><G118/><T15/><D66/><U69/><E69/><V20/><F68/><W106/><G120/><T52/><D57/><U133/><REACH who="1" step="1"/><E19/><REACH who="1" ten="211,220,230,329" step="2"/><N who="2" m="10359" /><F53/><N who="0" m="20586" /><D56/><U59/><E59/><V135/><F41/><W103/><G60/><T94/><D94/><U128/><E128/><V46/><F92/><W5/><G106/><T109/><D109/><U99/><E99/><V6/><F107/><W104/><G104/><T22/><D22/><U7/><E7/><AGARI ba="0,1" hai="1,3,7,9,15,95,96,100,121,122,123" m="20586" machi="7" ten="30,3900,0" yaku="13,1,52,1,54,1" doraHai="11" who="0" fromWho="1" sc="211,49,220,-39,230,0,329,0" /><INIT seed="2,0,0,2,4,53" ten="260,181,230,329" oya="2" hai0="86,108,132,121,54,1,129,59,66,70,52,67,27" hai1="50,6,73,123,44,96,97,112,38,37,61,117,7" hai2="69,93,40,45,22,41,56,32,133,35,74,34,118" hai3="128,83,24,49,68,80,17,79,87,130,76,110,75"/><V2/><F69/><W95/><G68/><T111/><D121/><U58/><E123/><V131/><F118/><W106/><G106/><T77/><D1/><U78/><E117/><V134/><F74/><W102/><G110/><N who="0" m="42027" /><D132/><N who="2" m="50794" /><F2/><W107/><G49/><T126/><D126/><U120/><E112/><V5/><F131/><N who="3" m="50219" /><G24/><T114/><D129/><U30/><E120/><V125/><F125/><W9/><G9/><T94/><D114/><U33/><E73/><V20/><F5/><W51/><G17/><T81/><D70/><U105/><E78/><V71/><F71/><W28/><G28/><T84/><D27/><U3/><E37/><N who="2" m="21647" /><F41/><W16/><G16/><T39/><D39/><U48/><E38/><V19/><F93/><W122/><G122/><T99/><D84/><U13/><E105/><V36/><F36/><W42/><G42/><T135/><D135/><U116/><E96/><V115/><F115/><W85/><G51/><N who="0" m="31135" /><D54/><U113/><E97/><V60/><F19/><W4/><G4/><T104/><D104/><U65/><E6/><V26/><F26/><W89/><G107/><T21/><D21/><U57/><E7/><V119/><F119/><W63/><G63/><T31/><D31/><U82/><E3/><V103/><F22/><W62/><G62/><T88/><AGARI ba="0,0" hai="66,67,77,81,86,88,94,99" m="31135,42027" machi="88" ten="30,7900,0" yaku="14,1,52,1,54,2" doraHai="53" who="0" fromWho="0" sc="260,79,181,-20,230,-39,329,-20" /><INIT seed="3,0,0,0,4,107" ten="339,161,191,309" oya="3" hai0="36,14,28,115,64,1,110,92,87,39,4,30,53" hai1="127,41,34,131,101,96,0,119,66,74,99,50,79" hai2="31,117,93,46,18,67,33,9,82,108,35,134,2" hai3="120,84,116,121,89,38,10,17,113,3,65,94,12"/><W111/><G38/><T21/><D110/><U76/><E119/><V97/><F117/><W90/><G111/><T20/><D64/><U62/><E131/><V128/><F128/><W63/><G116/><T61/><D115/><U91/><E0/><V71/><F108/><W77/><G113/><T70/><D70/><U16/><E34/><V49/><F134/><W54/><G3/><T129/><D129/><U118/><E118/><V37/><F31/><N who="0" m="11818" /><D1/><U5/><E5/><V126/><F126/><W102/><G102/><T57/><D39/><U23/><E127/><V44/><F44/><W72/><G54/><T132/><D36/><U42/><E74/><V135/><F135/><W104/><G104/><T51/><D132/><U133/><E133/><V40/><F49/><W32/><G32/><T24/><D61/><U11/><E11/><V125/><F125/><W73/><G89/><N who="0" m="53311" /><D24/><N who="1" m="14439" /><E50/><V15/><F2/><W109/><G109/><T47/><D47/><U25/><E25/><V81/><F67/><W48/><G48/><T6/><D6/><U98/><E101/><V112/><F71/><W105/><G105/><T88/><D88/><U52/><E91/><N who="2" m="55487" /><F112/><W130/><G130/><T75/><D4/><U29/><E66/><V86/><F86/><W103/><G103/><T13/><D75/><U43/><E29/><V80/><F35/><W60/><G60/><T78/><D78/><U106/><E106/><V59/><F33/><W124/><G124/><T68/><D68/><U122/><E122/><N who="3" m="47210" /><G77/><T85/><D85/><U7/><E7/><N who="2" m="3519" /><F59/><AGARI ba="0,0" hai="41,42,43,52,59,62,76,79,96,98,99" m="14439" machi="59" ten="30,3900,0" yaku="8,1,54,2" doraHai="107" who="1" fromWho="2" sc="339,0,161,39,191,-39,309,0" /><INIT seed="4,0,0,2,3,110" ten="339,200,152,309" oya="0" hai0="74,27,17,55,65,113,33,121,59,53,14,71,68" hai1="42,62,96,66,5,21,99,37,3,86,41,23,88" hai2="91,102,77,13,85,30,12,119,95,67,34,82,15" hai3="20,40,18,6,51,101,131,35,46,75,127,11,29"/><T7/><D121/><U116/><E116/><V28/><F119/><W8/><G75/><T61/><D74/><U43/><E37/><V81/><F34/><W129/><G127/><T100/><D100/><U49/><E49/><V48/><F102/><W4/><G101/><T117/><D117/><U128/><E128/><N who="3" m="49226" /><G35/><T94/><D94/><N who="1" m="54551" /><E3/><V19/><F67/><W80/><G80/><T60/><D113/><U115/><E5/><V118/><F118/><W54/><G29/><T9/><D68/><U124/><E115/><V89/><F19/><W64/><G64/><T24/><D24/><U125/><E96/><V31/><F48/><W26/><G40/><T105/><D105/><U133/><E99/><V32/><F32/><W45/><G45/><T69/><D55/><U73/><E73/><V83/><REACH who="2" step="1"/><F77/><REACH who="2" ten="339,200,142,309" step="2"/><W120/><G120/><T126/><D126/><N who="1" m="48747" /><E133/><V134/><F134/><W56/><G46/><T58/><D33/><U132/><E132/><V0/><F0/><W78/><G78/><T106/><D106/><U108/><E108/><V79/><F79/><W16/><G18/><T103/><D103/><U107/><E107/><V2/><F2/><W87/><G6/><T130/><D130/><U104/><E104/><V93/><F93/><W47/><G4/><T52/><D65/><U36/><E36/><V70/><F70/><AGARI ba="0,1" hai="21,23,41,42,43,62,66,70" m="48747,54551" machi="70" ten="30,2000,0" yaku="18,1,54,1" doraHai="110" who="1" fromWho="2" sc="339,0,200,30,142,-20,309,0" /><INIT seed="5,0,0,3,0,76" ten="339,230,122,309" oya="1" hai0="104,121,29,128,95,40,28,27,23,52,69,20,31" hai1="34,122,126,109,94,16,60,19,54,41,11,30,13" hai2="51,5,55,105,86,100,24,108,32,116,2,106,90" hai3="61,1,43,135,17,72,134,127,130,35,56,81,36"/><U101/><E122/><V50/><F108/><W75/><G35/><T91/><D121/><U49/><E109/><V6/><F116/><W0/><G127/><T77/><D128/><U57/><E126/><V92/><F2/><W15/><G130/><T25/><D40/><U18/><E34/><V62/><F62/><W37/><G1/><T96/><D104/><U33/><E33/><V3/><F3/><W83/><G0/><T110/><D69/><U39/><E30/><V10/><F10/><N who="3" m="6391" /><G43/><T103/><D110/><U84/><E39/><N who="3" m="14922" /><G75/><T118/><D77/><U102/><E41/><V21/><F32/><W47/><G47/><T4/><D4/><N who="1" m="3303" /><E60/><V115/><F51/><W45/><G45/><T38/><D118/><U67/><E67/><V129/><F129/><W93/><G93/><N who="0" m="58767" /><D52/><U44/><E44/><N who="2" m="28103" /><F106/><W117/><G117/><T99/><D38/><U114/><E114/><V7/><F115/><W64/><G72/><T80/><D80/><U98/><E84/><V58/><F105/><W87/><G87/><T123/><D123/><U70/><E70/><V73/><F73/><W88/><G88/><AGARI ba="0,0" hai="16,18,19,49,54,57,88,94,98,101,102" m="3303" machi="88" ten="30,5800,0" yaku="8,1,54,2" doraHai="76" who="1" fromWho="3" sc="339,0,230,58,122,0,309,-58" /><INIT seed="5,1,0,5,0,40" ten="339,288,122,251" oya="1" hai0="1,122,54,63,106,20,65,103,55,56,2,4,37" hai1="3,16,9,133,119,7,60,85,128,120,25,57,62" hai2="43,46,111,52,50,125,131,118,123,91,70,45,114" hai3="18,73,36,86,47,94,68,115,102,59,15,14,74"/><U117/><E120/><V126/><F111/><W116/><G68/><T99/><D122/><U110/><E133/><V42/><F123/><W78/><G116/><T64/><D37/><U66/><E128/><V19/><F118/><W113/><G59/><T112/><D112/><N who="3" m="43081" /><G15/><T105/><D20/><U48/><E110/><V23/><F114/><W100/><G78/><T6/><D106/><U10/><E85/><V108/><F131/><W83/><G83/><T26/><D26/><U109/><E109/><V27/><F108/><W71/><G71/><T104/><D104/><U13/><E25/><V92/><F70/><W82/><G82/><T95/><D105/><U5/><E48/><V67/><F67/><W130/><G130/><T77/><D77/><U24/><REACH who="1" step="1"/><E62/><REACH who="1" ten="339,278,122,251" step="2"/><V39/><REACH who="2" step="1"/><F43/><REACH who="2" ten="339,278,112,251" step="2"/><N who="3" m="23015" /><G73/><T124/><D64/><U41/><E41/><V121/><F121/><W58/><G74/><T32/><D65/><U96/><E96/><AGARI ba="1,2" hai="19,23,27,39,42,45,46,50,52,91,92,96,125,126" machi="96" ten="40,8000,1" yaku="1,1,52,2,54,1,53,0" doraHai="40" doraHaiUra="127" who="2" fromWho="1" sc="339,0,278,-83,112,103,251,0" /><INIT seed="6,0,0,2,4,50" ten="339,195,215,251" oya="2" hai0="39,91,35,0,66,132,49,120,87,17,55,36,84" hai1="15,53,60,116,6,52,3,111,88,115,30,133,38" hai2="8,93,73,105,107,63,68,2,121,80,47,122,90" hai3="95,20,85,34,69,70,78,7,61,100,27,33,62"/><V124/><F124/><W56/><G7/><T134/><D120/><U41/><E116/><V10/><F121/><W109/><G109/><T31/><D66/><U58/><E111/><V16/><F122/><W37/><G37/><N who="0" m="14411" /><D0/><U43/><E3/><V1/><F47/><W75/><G75/><T102/><D17/><U118/><E118/><V21/><F2/><W99/><G70/><T86/><D91/><U40/><E38/><V22/><F22/><W113/><G69/><T9/><D9/><N who="1" m="4535" /><E133/><N who="0" m="51305" /><D102/><U94/><E115/><V89/><F89/><W130/><G61/><T119/><D119/><U13/><E30/><V101/><F63/><W4/><G4/><T51/><D55/><N who="1" m="33887" /><E13/><V79/><F68/><W46/><G46/><T81/><D81/><U123/><E123/><V98/><F105/><W24/><G24/><AGARI ba="0,0" hai="24,31,35,49,51,84,86,87" m="51305,14411" machi="24" ten="40,1300,0" yaku="20,1" doraHai="50" who="0" fromWho="3" sc="339,13,195,0,215,0,251,-13" /><INIT seed="7,0,0,2,4,119" ten="352,195,215,238" oya="3" hai0="88,43,2,108,61,123,27,33,64,12,110,55,14" hai1="79,57,47,87,72,68,122,22,63,17,52,44,116" hai2="41,35,113,126,25,7,80,86,132,34,29,91,93" hai3="50,73,124,39,48,114,15,11,23,101,30,51,5"/><W42/><G114/><T77/><D123/><U106/><E106/><V58/><F113/><W134/><G124/><T135/><D55/><U74/><E122/><V9/><F126/><W8/><G134/><T104/><D88/><U92/><E116/><V3/><F132/><W90/><G73/><T28/><D14/><N who="1" m="9527" /><E72/><V40/><F35/><W24/><G101/><T53/><D12/><U62/><E74/><V0/><F0/><W98/><G11/><T118/><D53/><N who="1" m="34095" /><E68/><V70/><F70/><W133/><G133/><T60/><D77/><U112/><E112/><V6/><F6/><W78/><G78/><T131/><D60/><U129/><E129/><V94/><F58/><W16/><G39/><T65/><D65/><U130/><E130/><V18/><F18/><W31/><G42/><T107/><D27/><U10/><E10/><V89/><REACH who="2" step="1"/><F80/><REACH who="2" ten="352,195,205,238" step="2"/><W21/><G21/><T67/><D33/><U13/><E92/><AGARI ba="0,1" hai="5,8,15,16,23,24,30,31,48,50,51,90,92,98" machi="92" ten="40,3900,0" yaku="8,1,54,1" doraHai="119" who="3" fromWho="1" sc="352,0,195,-39,205,0,238,49" /><INIT seed="7,1,0,2,2,107" ten="352,156,205,287" oya="3" hai0="17,99,14,67,41,25,58,59,111,133,115,64,22" hai1="77,82,15,135,70,90,54,57,87,125,46,6,123" hai2="118,68,30,93,52,28,32,10,24,134,49,116,81" hai3="55,63,124,73,74,0,19,18,108,110,21,11,117"/><W31/><G117/><T60/><D111/><N who="3" m="42537" /><G124/><T50/><D133/><U131/><E125/><V86/><F68/><W96/><G96/><T122/><D122/><U127/><E123/><V27/><F134/><W5/><G31/><N who="0" m="17847" /><D115/><U84/><E127/><V35/><F93/><W78/><G78/><T37/><D37/><U76/><E131/><V47/><REACH who="2" step="1"/><F10/><REACH who="2" ten="352,156,195,287" step="2"/><W89/><G89/><AGARI ba="1,1" hai="24,27,28,30,32,35,47,49,52,81,86,89,116,118" machi="89" ten="30,12000,2" yaku="1,1,2,1,7,1,9,1,54,1,53,1" doraHai="107" doraHaiUra="80" who="2" fromWho="3" sc="352,0,156,0,195,133,287,-123" owari="352,45.0,156,-34.0,328,13.0,164,-24.0" /></mjloggm>