<mjloggm ver="2.3"><GO type="97" lobby="0"/><UN n0="%E2%97%86%E3%82%82%E3%81%86%E3%82%89%E2%97%86" n1="%E4%B8%87%E9%87%8C%E3%81%AE%E9%95%B7%E5%9F%8E" n2="%E3%81%8D%E3%82%8C%E3%81%BE%E3%81%99%E3%82%88" n3="%E5%B0%B1%E6%B4%BB%E7%94%9F%40%E5%B7%9D%E6%9D%91%E8%BB%8D%E5%9B%A3" dan="14,14,15,13" rate="1957.11,1955.95,2061.80,1855.04" sx="M,M,M,M"/><TAIKYOKU oya="0"/><INIT seed="0,0,0,1,2,26" ten="250,250,250,250" oya="0" hai0="8,93,0,78,89,16,99,56,131,125,70,76,115" hai1="122,80,94,90,52,68,66,102,65,32,73,64,4" hai2="105,77,133,27,129,96,87,39,7,41,12,123,117" hai3="75,36,28,113,67,15,24,119,84,121,81,50,104"/><T51/><D70/><U57/><E122/><V127/><F123/><W98/><G121/><T60/><D115/><U135/><E32/><V37/><F117/><W55/><G119/><T128/><D125/><U1/><E135/><V88/><F127/><W14/><G36/><T17/><D51/><U109/><E109/><V35/><F133/><W72/><G113/><T83/><D0/><U23/><E102/><V130/><F77/><W69/><G75/><T79/><D83/><U63/><E23/><V2/><F2/><W110/><G72/><T30/><D30/><U34/><E34/><V46/><F96/><W19/><G110/><T101/><D101/><U61/><E4/><V71/><F105/><W6/><G6/><T97/><D99/><U21/><E21/><V114/><F71/><W11/><G15/><T53/><REACH who="0" step="1"/><D8/><REACH who="0" ten="240,250,250,250" step="2"/><U31/><E31/><N who="2" m="19967" /><F37/><W45/><G104/><T40/><D40/><U33/><E1/><V20/><F114/><W134/><G98/><T13/><D13/><U74/><E33/><V108/><F108/><W86/><G134/><T62/><D62/><U48/><E68/><V111/><F111/><W54/><G81/><T120/><D120/><U59/><E63/><V100/><F100/><W58/><G69/><T92/><D92/><U25/><E25/><V124/><F124/><W107/><G107/><T44/><D44/><U132/><E132/><V85/><F12/><W5/><G14/><T3/><D3/><U103/><E103/><V82/><F7/><W118/><G45/><T112/><D112/><U9/><E9/><V22/><F85/><RYUUKYOKU ba="0,1" sc="240,15,250,-15,250,15,250,-15" hai0="16,17,53,56,60,76,78,79,89,93,97,128,131" hai2="20,22,39,41,46,82,87,88,129,130" /><INIT seed="0,1,1,1,2,88" ten="255,235,265,235" oya="0" hai0="124,5,78,60,63,37,110,64,70,44,68,27,46" hai1="61,134,95,108,3,43,36,90,57,112,71,91,19" hai2="10,15,133,118,121,16,81,21,74,42,32,114,8" hai3="39,52,0,98,41,35,79,83,97,58,117,62,130"/><T84/><D124/><U105/><E105/><V17/><F114/><W4/><G117/><T75/><D75/><U13/><E3/><V132/><F121/><W9/><G35/><T56/><D5/><U59/><E108/><V103/><F32/><W100/><G130/><T45/><D27/><U99/><E112/><V76/><F118/><W111/><G111/><T34/><D34/><U122/><E122/><V126/><F126/><W119/><G119/><T106/><D106/><U129/><E129/><V1/><F103/><W109/><G100/><T89/><D78/><U11/><E134/><N who="2" m="51819" /><F1/><W102/><G102/><T12/><D110/><U33/><E33/><V80/><F42/><W50/><G109/><T6/><D6/><U77/><E77/><N who="2" m="44087" /><F17/><W53/><G39/><T2/><D2/><U107/><E107/><V125/><F125/><W127/><G41/><T93/><D12/><U65/><E36/><V120/><F120/><W55/><G127/><T72/><D72/><AGARI ba="1,1" hai="8,10,15,16,21,72,76,81" m="44087,51819" machi="72" ten="30,2000,0" yaku="20,1,54,1" doraHai="88" who="2" fromWho="0" sc="255,-23,235,0,265,33,235,0" /><INIT seed="1,0,0,3,4,14" ten="232,235,298,235" oya="1" hai0="27,124,100,92,73,116,29,51,42,129,111,131,113" hai1="26,95,11,135,118,132,17,78,96,45,52,107,61" hai2="0,48,13,23,64,60,94,98,91,106,32,69,63" hai3="127,67,39,25,114,109,41,16,82,88,50,37,76"/><U133/><E118/><V130/><F0/><W125/><G114/><T87/><D116/><U68/><E107/><V57/><F32/><W120/><G67/><T70/><D70/><U15/><E78/><V123/><F123/><W126/><G120/><T134/><D113/><U105/><E105/><V2/><F2/><W97/><G109/><T108/><D73/><U72/><E72/><V104/><F130/><N who="0" m="49674" /><D134/><U85/><E85/><V55/><F63/><W74/><G50/><T5/><D124/><U71/><E26/><V115/><F115/><W79/><G41/><T121/><D121/><U128/><E128/><V66/><F66/><W117/><G117/><T22/><D5/><U20/><E11/><V3/><F3/><W86/><G97/><N who="0" m="59431" /><D87/><U122/><E122/><V47/><F47/><AGARI ba="0,0" hai="22,27,29,42,47,51,108,111" m="59431,49674" machi="47" ten="30,1000,0" yaku="19,1" doraHai="14" who="0" fromWho="2" sc="232,10,235,0,298,-10,235,0" /><INIT seed="2,0,0,4,1,107" ten="242,235,288,235" oya="2" hai0="37,31,50,85,95,66,28,117,74,130,75,13,114" hai1="10,82,102,65,132,59,72,93,89,22,67,55,109" hai2="119,51,116,44,118,123,91,69,24,73,48,7,104" hai3="115,58,20,81,30,14,21,9,27,19,46,0,23"/><V32/><F69/><W134/><G115/><T26/><D114/><U71/><E109/><V41/><F104/><W125/><G125/><T29/><D37/><U34/><E34/><V80/><F123/><W38/><G134/><T40/><D117/><U122/><E132/><V25/><F32/><W11/><G38/><T124/><D66/><U98/><E122/><V105/><F105/><W33/><G46/><T52/><D40/><U121/><E121/><V36/><F7/><N who="3" m="1255" /><G58/><T39/><D39/><U129/><E129/><V86/><F36/><W60/><G60/><T76/><D130/><U2/><E22/><N who="3" m="8810" /><G81/><T92/><D26/><U42/><E42/><V45/><F73/><W6/><G33/><T112/><D112/><U87/><E71/><V84/><F86/><W56/><G56/><T113/><D113/><U131/><E131/><V16/><F45/><W127/><G127/><T108/><D124/><U103/><E103/><V83/><F51/><W120/><G120/><T111/><D92/><U101/><E101/><V57/><F57/><W12/><G30/><T54/><D50/><N who="1" m="31223" /><E72/><N who="0" m="27689" /><D76/><U3/><E3/><AGARI ba="0,0" hai="3,6,11,12,14,19,23,27" m="8810,1255" machi="3" ten="30,8000,1" yaku="35,5" doraHai="107" who="3" fromWho="1" sc="242,0,235,-80,288,0,235,80" /><INIT seed="3,0,0,0,0,133" ten="242,155,288,315" oya="3" hai0="54,129,24,18,71,43,95,35,13,52,123,7,21" hai1="34,15,88,65,93,6,5,83,89,49,16,131,22" hai2="9,79,4,58,0,119,8,30,64,90,125,122,94" hai3="75,36,86,78,20,26,68,39,67,72,46,61,111"/><W112/><G112/><T100/><D71/><U10/><E131/><V53/><F119/><W106/><G106/><T132/><D123/><U76/><E34/><V32/><F122/><W126/><G126/><T135/><D129/><U41/><E65/><V96/><F125/><W38/><G111/><T104/><D104/><U56/><E93/><V84/><F9/><W3/><G3/><T109/><D109/><U99/><E99/><V130/><F64/><W70/><G70/><T87/><D43/><U45/><E6/><V124/><F124/><W115/><G115/><T48/><D35/><U114/><E56/><V37/><F37/><W14/><G14/><T80/><D24/><U27/><REACH who="1" step="1"/><E114/><REACH who="1" ten="242,145,288,315" step="2"/><V127/><F127/><W85/><G46/><T17/><D7/><U91/><E91/><V51/><F32/><W12/><G67/><T59/><D135/><U25/><E25/><V120/><F130/><W29/><G68/><T23/><D132/><U110/><E110/><V55/><F96/><W128/><G128/><T116/><D95/><U134/><E134/><V69/><F120/><W107/><G107/><T92/><D92/><U121/><E121/><V113/><F69/><W1/><G26/><T101/><D59/><U44/><E44/><V40/><F113/><W19/><G1/><T117/><D80/><U31/><E31/><V82/><F30/><W81/><G29/><T33/><D33/><U103/><E103/><V60/><F58/><W11/><G78/><T73/><D101/><U97/><E97/><N who="2" m="57559" /><F60/><W2/><G61/><T102/><D100/><U77/><E77/><RYUUKYOKU ba="0,1" sc="242,-15,145,15,288,15,315,-15" hai1="5,10,15,16,22,27,41,45,49,76,83,88,89" hai2="0,4,8,40,51,53,55,79,82,84" owari="227,-17.0,160,-34.0,313,41.0,300,10.0" /></mjloggm>