<mjloggm ver="2.3"><GO type="97" lobby="0"/><UN n0="%E3%83%80%E3%83%9E%E3%81%AE%E9%BE%8D" n1="%E3%82%A6%E3%83%AB%E3%83%88%E3%83%A9%E7%AB%8B%E7%9B%B4" n2="%35%31%32%31%39%35%31%35" n3="%46%61%72%69%64%61%74" dan="14,15,14,13" rate="1912.65,2036.91,1936.31,1826.46" sx="M,M,M,M"/><TAIKYOKU oya="0"/><INIT seed="0,0,0,5,4,105" ten="250,250,250,250" oya="0" hai0="66,31,17,129,7,33,47,69,122,65,13,22,45" hai1="0,27,70,117,79,62,75,57,112,107,25,95,53" hai2="113,108,55,26,35,12,120,14,84,97,116,77,118" hai3="8,106,6,20,115,60,3,68,21,28,18,2,132"/><T93/><D122/><U72/><E107/><V48/><F108/><W81/><G115/><T133/><D129/><U82/><E0/><V86/><F113/><W135/><G106/><T83/><D133/><N who="3" m="51273" /><G68/><T5/><D93/><U15/><E117/><N who="2" m="45163" /><F77/><W98/><G60/><T54/><D33/><U121/><E121/><V87/><F120/><W43/><G98/><T78/><D31/><U126/><E112/><V36/><F36/><W32/><G81/><T56/><D66/><U63/><E126/><V114/><F97/><W58/><G58/><T24/><D69/><U16/><E95/><V10/><F10/><W131/><G43/><T130/><D130/><U37/><E37/><V46/><F114/><W102/><G102/><T100/><D100/><U124/><E124/><V52/><F55/><W4/><G131/><T128/><D128/><U74/><E70/><V80/><F80/><W71/><G71/><T61/><D65/><U99/><E63/><V59/><F46/><W85/><G85/><N who="2" m="21761" /><V91/><DORA hai="29" /><F91/><W119/><G119/><T1/><D1/><N who="3" m="9" /><G8/><T94/><D94/><U34/><E99/><V76/><F76/><W40/><G40/><T125/><D125/><U64/><E64/><V134/><F134/><W90/><G90/><T92/><D92/><U110/><E82/><V123/><F123/><W44/><G44/><N who="0" m="16971" /><D24/><U89/><E27/><V9/><F9/><W88/><G88/><T11/><D11/><U67/><E89/><V49/><F49/><W42/><G42/><T101/><D101/><U38/><E79/><V103/><F103/><W39/><G39/><RYUUKYOKU ba="0,0" sc="250,15,250,-15,250,15,250,-15" hai0="5,7,13,17,22,54,56,61,78,83" hai2="12,14,26,35,48,52,59" /><INIT seed="0,1,0,1,5,104" ten="265,235,265,235" oya="0" hai0="101,73,6,106,86,17,98,19,26,102,110,37,115" hai1="132,96,118,0,89,119,55,71,127,60,66,121,36" hai2="131,63,42,134,78,62,30,107,90,25,100,8,53" hai3="117,23,122,85,130,54,94,109,92,64,74,128,125"/><T48/><D37/><U13/><E0/><V2/><F42/><W40/><G40/><T7/><D115/><U49/><E121/><V108/><F78/><W11/><G64/><T129/><D129/><U81/><E127/><V41/><F41/><W67/><G67/><T65/><D65/><U4/><E132/><V95/><F107/><W14/><G23/><T21/><D19/><U1/><E1/><V38/><F2/><W34/><G34/><T83/><D110/><U32/><E32/><V47/><F108/><W87/><G109/><T70/><D70/><U33/><E33/><V77/><F77/><W43/><G43/><T114/><D101/><U15/><E36/><V72/><F72/><W58/><G117/><T16/><D114/><U35/><E35/><V29/><F134/><W18/><G122/><T97/><D97/><U61/><E61/><N who="2" m="23051" /><F100/><W135/><G135/><T45/><D17/><U5/><E5/><V112/><F131/><N who="3" m="50219" /><G125/><T22/><D22/><U51/><E119/><V57/><F38/><W59/><G74/><T124/><D124/><U93/><E118/><V76/><F112/><W105/><G105/><T3/><D3/><U50/><E55/><V20/><F8/><W75/><G75/><T27/><D27/><U31/><E4/><V120/><F120/><W88/><G54/><N who="0" m="29967" /><D73/><U12/><E31/><N who="2" m="17831" /><F47/><W79/><G79/><T103/><D103/><U111/><E111/><V99/><F76/><W82/><G82/><T46/><D46/><U133/><E81/><V113/><F113/><W69/><G69/><T56/><D56/><U123/><E133/><RYUUKYOKU ba="1,0" sc="265,0,235,0,265,0,235,0" hai0="6,7,16,21,26,83,86,98,102,106" hai1="12,13,15,49,50,51,60,66,71,89,93,96,123" hai2="29,30,53,57,90,95,99" hai3="11,14,18,58,59,85,87,88,92,94" /><INIT seed="0,2,0,4,5,102" ten="265,235,265,235" oya="0" hai0="132,15,89,111,72,39,122,106,42,77,31,14,127" hai1="37,4,93,20,135,109,110,113,69,18,32,56,97" hai2="28,1,23,16,128,59,21,3,38,46,121,68,131" hai3="8,47,124,84,98,100,62,119,53,101,92,67,114"/><T115/><D31/><U123/><E69/><V88/><F68/><W104/><G119/><T2/><D15/><U108/><E37/><V90/><F28/><W94/><G114/><T45/><D14/><U24/><E123/><V12/><F121/><W117/><G117/><T80/><D89/><N who="2" m="34410" /><F59/><W107/><G124/><T13/><D13/><U19/><E113/><V134/><F134/><W63/><G84/><T99/><D99/><U81/><E32/><V70/><F70/><W65/><G47/><T58/><D122/><U78/><E56/><V105/><F105/><W55/><REACH who="3" step="1"/><G98/><REACH who="3" ten="265,235,265,225" step="2"/><T79/><D127/><U64/><E97/><V112/><F112/><W83/><G83/><T48/><D80/><U22/><E81/><V96/><F96/><W60/><G60/><T51/><D115/><U10/><E135/><V126/><F126/><W82/><G82/><T7/><D132/><U57/><E78/><V75/><F75/><W66/><G66/><T40/><D72/><U103/><E64/><V116/><F116/><W120/><G120/><T6/><D77/><U130/><E110/><V76/><F76/><W25/><G25/><T74/><D79/><U33/><E24/><V11/><F46/><W27/><G27/><T133/><D74/><U0/><E108/><V44/><F44/><W91/><G91/><T73/><D73/><U118/><E109/><V34/><F38/><W85/><G85/><T86/><D111/><U41/><E118/><V50/><F50/><W61/><G61/><T5/><D133/><U49/><E49/><N who="0" m="19017" /><D45/><U125/><E125/><V9/><F34/><RYUUKYOKU ba="2,1" sc="265,-10,235,-10,265,-10,225,30" hai3="8,53,55,62,63,65,67,92,94,100,101,104,107" /><INIT seed="1,3,1,1,5,66" ten="255,225,255,255" oya="1" hai0="116,99,11,48,30,91,96,53,89,60,107,103,80" hai1="111,102,127,131,130,27,31,7,55,63,51,129,83" hai2="46,112,109,69,93,122,110,128,88,64,56,79,26" hai3="16,15,90,132,58,22,94,65,57,35,42,95,5"/><U18/><E7/><V62/><F79/><W86/><G35/><T118/><D30/><U3/><E3/><V133/><F133/><W44/><G132/><T49/><D60/><U97/><E127/><V33/><F128/><W2/><G65/><T43/><D43/><U121/><E121/><V119/><F46/><W81/><G2/><T28/><D28/><U117/><E117/><V32/><F119/><W37/><G5/><T41/><D41/><U115/><E115/><V106/><F106/><W1/><G1/><T14/><D48/><U8/><E63/><V23/><F112/><W13/><G13/><T98/><D89/><U29/><E83/><V4/><F4/><W68/><G68/><T92/><D80/><U82/><E82/><V19/><F56/><W24/><G15/><T85/><D116/><U105/><E111/><N who="2" m="42507" /><F122/><W39/><G39/><T54/><D118/><U125/><E125/><V77/><F77/><W71/><G71/><T20/><D20/><N who="1" m="13719" /><E8/><V101/><F101/><W9/><G9/><T135/><D135/><U67/><E67/><V45/><F45/><AGARI ba="3,1" hai="29,31,45,51,55,97,102,105,129,130,131" m="13719" machi="45" ten="30,1500,0" yaku="19,1" doraHai="66" who="1" fromWho="2" sc="255,0,225,34,255,-24,255,0" /><INIT seed="1,4,0,0,3,76" ten="255,259,231,255" oya="1" hai0="7,118,87,110,63,58,62,67,129,4,25,125,130" hai1="0,134,48,59,40,116,102,89,100,51,88,34,109" hai2="122,16,45,37,23,94,101,92,111,5,90,30,121" hai3="57,107,113,60,103,54,44,28,96,42,27,49,10"/><U2/><E34/><V47/><F111/><W53/><G113/><T68/><D118/><U124/><E116/><V83/><F37/><W93/><G10/><T98/><D110/><U108/><E59/><V13/><F121/><W126/><G107/><T106/><D25/><U66/><E40/><V1/><F1/><W35/><G126/><T26/><D26/><U15/><E15/><V84/><F30/><W9/><G9/><T12/><D125/><U123/><E66/><AGARI ba="4,0" hai="27,28,35,42,44,49,53,54,57,60,66,93,96,103" machi="66" ten="30,1000,0" yaku="7,1" doraHai="76" who="3" fromWho="1" sc="255,0,259,-22,231,0,255,22" /><INIT seed="2,0,0,0,3,69" ten="255,237,231,277" oya="2" hai0="90,123,104,80,5,48,83,40,117,29,61,91,97" hai1="111,0,82,99,22,134,125,64,132,96,7,128,20" hai2="50,21,108,107,66,28,42,31,45,121,25,18,24" hai3="119,39,73,54,19,102,106,74,52,94,98,113,109"/><V6/><F107/><W133/><G119/><T13/><D123/><U43/><E7/><V65/><F121/><W115/><G133/><T79/><D29/><N who="2" m="11338" /><F6/><W2/><G2/><T57/><D83/><U122/><E0/><V130/><F130/><W3/><G3/><T72/><D117/><U103/><E82/><V135/><F135/><W32/><G32/><T127/><D127/><U16/><E125/><V15/><F108/><W55/><G109/><T14/><D14/><U53/><E111/><V120/><F120/><W87/><G19/><T37/><D48/><U56/><E16/><N who="2" m="10399" /><F25/><W1/><G1/><T78/><D78/><U116/><E128/><V118/><F118/><W71/><G71/><T49/><D49/><U67/><E116/><V33/><F33/><W112/><G39/><T38/><D40/><U75/><E43/><V110/><F110/><W34/><G34/><T47/><D47/><U86/><E122/><V27/><F27/><W124/><G124/><T41/><D41/><U88/><E75/><V51/><F51/><W95/><G106/><T17/><D5/><U9/><E132/><V60/><F60/><W63/><G63/><T11/><D91/><AGARI ba="0,0" hai="52,54,55,73,74,87,91,94,95,98,102,112,113,115" machi="91" ten="50,3200,0" yaku="11,1,54,1" doraHai="69" who="3" fromWho="0" sc="255,-32,237,0,231,0,277,32" /><INIT seed="3,0,0,5,2,46" ten="223,237,231,309" oya="3" hai0="24,48,116,103,1,14,52,96,26,58,107,75,27" hai1="135,113,51,8,85,36,67,123,0,74,89,114,16" hai2="70,105,81,108,79,111,44,88,32,45,66,56,17" hai3="21,120,134,33,39,62,25,91,127,100,115,15,82"/><W112/><G120/><T90/><D1/><U7/><E123/><V124/><F105/><W99/><G39/><T2/><D2/><U122/><E122/><V37/><F70/><W97/><G33/><T13/><D75/><U129/><E36/><V92/><F32/><W64/><G134/><T121/><D121/><U106/><E106/><V80/><F124/><W4/><G127/><T119/><REACH who="0" step="1"/><D90/><REACH who="0" ten="213,237,231,309" step="2"/><U59/><E74/><V22/><F37/><W125/><G125/><T101/><D101/><U55/><E135/><V131/><F131/><W49/><G115/><T93/><D93/><U28/><E129/><V126/><F126/><W77/><G100/><T54/><D54/><U42/><E114/><V94/><F92/><W87/><G112/><T43/><D43/><U34/><E42/><V110/><F79/><W38/><G77/><T18/><D18/><U30/><E113/><V102/><F102/><W12/><G38/><T76/><D76/><U86/><E89/><V65/><F81/><W72/><G72/><T69/><D69/><U71/><E16/><V104/><F80/><W9/><G99/><T61/><D61/><U41/><E41/><V84/><F104/><W23/><G97/><T6/><D6/><U78/><E78/><V35/><F66/><W5/><G62/><T117/><AGARI ba="0,1" hai="13,14,24,26,27,48,52,58,96,103,107,116,117,119" machi="117" ten="40,8000,1" yaku="1,1,0,1,52,1,54,1,53,0" doraHai="46" doraHaiUra="31" who="0" fromWho="0" sc="213,90,237,-20,231,-20,309,-40" owari="303,40.0,217,-18.0,211,-29.0,269,7.0" /></mjloggm>