<mjloggm ver="2.3"><GO type="169" lobby="0"/><UN n0="%E3%83%8C%E3%83%83%E3%83%97" n1="%E3%81%BE%E3%83%BC%E3%81%A1%E3%82%83%E3%82%80" n2="%E3%82%A6%E3%83%AB%E3%83%88%E3%83%A9%E7%AB%8B%E7%9B%B4" n3="%73%68%6F%6F%74%33%39" dan="16,16,16,17" rate="2097.13,2049.80,2117.56,2148.64" sx="M,F,M,M"/><TAIKYOKU oya="0"/><INIT seed="0,0,0,1,4,126" ten="250,250,250,250" oya="0" hai0="131,51,97,49,33,11,130,2,73,108,85,125,0" hai1="58,101,20,123,45,62,109,83,114,71,113,133,3" hai2="55,53,32,110,80,46,28,94,77,67,119,8,44" hai3="59,27,116,84,5,37,134,29,12,9,91,18,89"/><T95/><D73/><U61/><E3/><V69/><F28/><W121/><G37/><T13/><D33/><U115/><E101/><V57/><F32/><W87/><G116/><T82/><D125/><U118/><E83/><V135/><F8/><W102/><G102/><T98/><D108/><U6/><E6/><V56/><F94/><W60/><G121/><T66/><D66/><N who="1" m="41431" /><E20/><V70/><F80/><W127/><G134/><T30/><D30/><U34/><E34/><V16/><F16/><W52/><G127/><T22/><D22/><U74/><E74/><V106/><F77/><W35/><G87/><T79/><D0/><U72/><E72/><V4/><F4/><W26/><G84/><T75/><D2/><U43/><E118/><V93/><F93/><W99/><G99/><N who="0" m="37899" /><D95/><U41/><E133/><V40/><F106/><W120/><G120/><T78/><D78/><U92/><E92/><V31/><F31/><W19/><G27/><T38/><D38/><N who="1" m="21687" /><E123/><V65/><F135/><W129/><G19/><N who="0" m="8639" /><D75/><U96/><E96/><V25/><F25/><W23/><G91/><T104/><D104/><U17/><E17/><V105/><F105/><W132/><G89/><T63/><D63/><U100/><E100/><V10/><F10/><W7/><G132/><T1/><D1/><U36/><E109/><V111/><F119/><W81/><G81/><T54/><D54/><N who="1" m="34007" /><E36/><V76/><F76/><W42/><G7/><T50/><D50/><U103/><E103/><V122/><F122/><W86/><G5/><T107/><D107/><U68/><E68/><V24/><F24/><RYUUKYOKU ba="0,0" sc="250,10,250,10,250,10,250,-30" hai0="49,51,79,82,85,130,131" hai1="43,113,114,115" hai2="40,44,46,53,55,56,57,65,67,69,70,110,111" /><INIT seed="0,1,0,3,0,86" ten="260,260,260,220" oya="0" hai0="114,97,85,61,74,23,121,34,84,37,109,16,119" hai1="13,112,11,52,120,48,43,38,116,22,17,41,105" hai2="26,73,79,104,103,113,93,131,118,133,36,0,91" hai3="19,72,95,14,77,117,69,62,129,122,63,7,82"/><T70/><D121/><U66/><E120/><V21/><F0/><W47/><G117/><T124/><D119/><U29/><E116/><V46/><F118/><W78/><G122/><T54/><D37/><U50/><E105/><V33/><F33/><W9/><G129/><T99/><D34/><U44/><E112/><V132/><F113/><W102/><G78/><T75/><D114/><U94/><E66/><V125/><F131/><W64/><G62/><T39/><D39/><U135/><E135/><V68/><F68/><W28/><G28/><T1/><D1/><U40/><E38/><V110/><F110/><W59/><G47/><T4/><D4/><U32/><E32/><V8/><F8/><W89/><G102/><T98/><D124/><U100/><E29/><V134/><F125/><W128/><G128/><T88/><D85/><U30/><E30/><V81/><F46/><W3/><G69/><T24/><D109/><U57/><E11/><V10/><F10/><W58/><G58/><T123/><D123/><U53/><E43/><V67/><F67/><W2/><REACH who="3" step="1"/><G7/><REACH who="3" ten="260,260,260,210" step="2"/><T80/><REACH who="0" step="1"/><D54/><REACH who="0" ten="250,260,260,210" step="2"/><U60/><E60/><V76/><F132/><W111/><G111/><T83/><D83/><U15/><E53/><V56/><F81/><W130/><G130/><T92/><D92/><U42/><E94/><V25/><F93/><W65/><G65/><AGARI ba="1,2" hai="16,23,24,61,65,70,74,75,80,84,88,97,98,99" machi="65" ten="40,12000,1" yaku="1,1,52,1,54,2,53,0" doraHai="86" doraHaiUra="49" who="0" fromWho="3" sc="250,143,260,0,260,0,210,-123" /><INIT seed="0,2,0,4,5,20" ten="393,260,260,87" oya="0" hai0="11,69,88,117,66,32,112,114,60,70,72,15,128" hai1="18,53,93,103,81,35,118,123,37,111,45,6,100" hai2="110,98,62,30,82,43,87,36,97,23,34,71,91" hai3="79,133,41,40,9,10,108,135,49,0,56,83,127"/><T78/><D117/><U77/><E118/><V61/><F34/><W122/><G122/><T75/><D32/><U13/><E123/><V17/><F30/><W14/><G0/><T76/><D128/><U64/><E64/><V59/><F110/><W44/><G108/><T94/><D70/><U132/><E111/><V58/><F43/><W29/><G127/><T47/><D78/><U101/><E6/><V80/><F36/><W38/><G29/><T31/><D31/><U24/><E35/><V92/><F71/><W96/><G96/><T26/><D26/><U126/><E126/><V95/><F59/><W130/><G130/><T99/><D47/><U129/><E129/><V73/><F73/><W86/><G10/><T1/><D1/><U89/><E24/><V55/><F62/><W2/><G2/><T16/><REACH who="0" step="1"/><D76/><REACH who="0" ten="383,260,260,87" step="2"/><U102/><E77/><V105/><F105/><W51/><G56/><T57/><D57/><U124/><E124/><V63/><F63/><W25/><G25/><T116/><D116/><U67/><E45/><V74/><F58/><W120/><G120/><T52/><D52/><U5/><E53/><V85/><F55/><W121/><G121/><T48/><D48/><N who="3" m="18505" /><G41/><T84/><D84/><U131/><E131/><V39/><F61/><W50/><G38/><T115/><AGARI ba="2,1" hai="11,15,16,60,66,69,72,75,88,94,99,112,114,115" machi="115" ten="30,11700,0" yaku="1,1,0,1,54,2,53,0" doraHai="20" doraHaiUra="134" who="0" fromWho="0" sc="383,133,260,-41,260,-41,87,-41" /><INIT seed="0,3,0,4,2,2" ten="516,219,219,46" oya="0" hai0="72,46,110,33,64,9,107,32,86,73,40,56,41" hai1="42,98,24,5,130,79,116,125,67,71,11,76,69" hai2="120,66,31,91,114,123,77,52,0,15,92,28,105" hai3="81,99,62,108,93,3,27,22,36,68,60,1,50"/><T119/><D107/><U113/><E116/><V129/><F0/><W80/><G36/><T61/><D119/><U43/><E113/><V109/><F105/><W35/><G35/><T84/><D72/><U127/><E98/><V115/><F66/><W23/><G108/><T18/><D73/><U135/><E24/><V14/><F77/><N who="1" m="29769" /><E130/><V37/><F37/><W87/><G1/><T118/><D118/><U124/><E135/><V16/><F92/><W82/><G3/><T48/><D110/><U70/><E67/><V97/><F97/><W13/><G68/><T44/><D33/><U100/><E100/><V59/><F59/><W94/><G50/><T51/><D32/><U132/><E132/><V101/><F101/><N who="3" m="60655" /><G13/><AGARI ba="3,0" hai="9,13,18,40,41,44,46,48,51,56,61,64,84,86" machi="13" ten="40,3900,0" yaku="9,1,8,1" doraHai="2" who="0" fromWho="3" sc="516,48,219,0,219,0,46,-48" /><AGARI ba="3,0" hai="5,11,13,42,43,69,70,71,124,125,127" m="29769" machi="13" ten="40,2600,0" yaku="18,1,52,1" doraHai="2" who="1" fromWho="3" sc="564,0,219,26,219,0,-2,-26" owari="564,66.0,245,5.0,219,-18.0,-28,-53.0" /></mjloggm>