<mjloggm ver="2.3"><GO type="97" lobby="0"/><UN n0="%E3%82%A6%E3%83%AB%E3%83%88%E3%83%A9%E7%AB%8B%E7%9B%B4" n1="%E6%96%B0%E5%93%81" n2="%73%75%6E%61%62%6F%75%7A" n3="%E5%B0%8F%E3%81%95%E3%81%98%E2%99%AA" dan="13,14,13,14" rate="1839.23,1942.49,1890.81,1987.27" sx="M,M,M,M"/><TAIKYOKU oya="0"/><INIT seed="0,0,0,5,1,65" ten="250,250,250,250" oya="0" hai0="0,104,117,1,32,108,127,30,54,107,62,126,134" hai1="87,109,44,59,11,119,27,76,78,115,68,131,69" hai2="128,48,18,39,36,122,51,77,31,103,28,35,102" hai3="132,42,33,71,80,8,67,7,92,55,34,29,129"/><T118/><D54/><U24/><E119/><N who="0" m="45577" /><D62/><U91/><E109/><V6/><F122/><W70/><G42/><T20/><D20/><U53/><E131/><V85/><F35/><W40/><G129/><T111/><D30/><U22/><E115/><V93/><F128/><W95/><G40/><T19/><D19/><U112/><E112/><V5/><F18/><W88/><G132/><T13/><D13/><U56/><E11/><V66/><F66/><W90/><G55/><T45/><D45/><U120/><E120/><V84/><F93/><W14/><G33/><T97/><D32/><U133/><E133/><V21/><F21/><W124/><G124/><N who="0" m="47659" /><D134/><U79/><E44/><V2/><F2/><N who="0" m="1130" /><D97/><U46/><E46/><V49/><F49/><W50/><G29/><T100/><D100/><U99/><E99/><V61/><F61/><W101/><G34/><T3/><N who="0" m="1138" /><T106/><AGARI ba="0,0" hai="104,106,107,108,111" m="1138,47659,45577" machi="106" ten="60,18000,2" yaku="4,1,28,2,18,1,31,2" doraHai="65" who="0" fromWho="0" sc="250,180,250,-60,250,-60,250,-60" /><INIT seed="0,1,0,1,1,134" ten="430,190,190,190" oya="0" hai0="72,22,46,83,1,116,113,9,107,52,70,29,71" hai1="100,38,60,63,25,67,3,24,48,20,75,115,87" hai2="61,40,101,105,45,128,95,6,21,98,4,122,51" hai3="121,104,35,88,86,84,65,73,16,2,102,91,81"/><T28/><D107/><U56/><E75/><V103/><F122/><W126/><G2/><T57/><D116/><U19/><E38/><V10/><F128/><W125/><G35/><T132/><D113/><U114/><E3/><V8/><F105/><W14/><G65/><T124/><D132/><U62/><E100/><V68/><F103/><W108/><G121/><T50/><D124/><N who="3" m="47721" /><G108/><T34/><D34/><U127/><E127/><V120/><F120/><W49/><G49/><T82/><D72/><U0/><E0/><V41/><F21/><N who="3" m="11415" /><G73/><T55/><D1/><U59/><E48/><V27/><F27/><W123/><G123/><T42/><D9/><U33/><E33/><V109/><F109/><W80/><G102/><T99/><D22/><U7/><E25/><V74/><F74/><W11/><G11/><T58/><D29/><U111/><E111/><V39/><F39/><W44/><G44/><T119/><D28/><U47/><E47/><V43/><F68/><W133/><G104/><T53/><D50/><U18/><E67/><V26/><F26/><W15/><G15/><T110/><D46/><U30/><E30/><V92/><F61/><W118/><G118/><T31/><D119/><U54/><E62/><V90/><F10/><W130/><G130/><T79/><D110/><U36/><E24/><V12/><REACH who="2" step="1"/><F6/><REACH who="2" ten="430,190,180,190" step="2"/><W112/><G133/><T85/><D71/><U17/><E7/><V106/><F106/><W97/><G112/><T131/><D70/><U64/><E20/><V96/><AGARI ba="1,1" hai="4,8,12,40,41,43,45,51,90,92,95,96,98,101" machi="96" ten="20,12000,2" yaku="1,1,0,1,7,1,8,1,53,2" doraHai="134" doraHaiUra="94" who="2" fromWho="2" sc="430,-61,190,-31,180,133,190,-31" /><INIT seed="1,0,0,0,2,5" ten="369,159,313,159" oya="1" hai0="115,120,37,72,56,11,78,36,75,103,65,76,18" hai1="86,42,38,82,130,104,108,6,124,33,100,53,32" hai2="135,74,60,116,4,97,122,29,15,61,16,87,126" hai3="93,49,112,19,35,70,17,71,81,13,0,58,123"/><U88/><E130/><V107/><F122/><W3/><G123/><T31/><D115/><U52/><E124/><V23/><F116/><W80/><G112/><T125/><D125/><U12/><E38/><V91/><F74/><W131/><G131/><T102/><D31/><U9/><E42/><V51/><F126/><W34/><G93/><T44/><D120/><U129/><E129/><V111/><F135/><W64/><G64/><T105/><D65/><U68/><E68/><V133/><F133/><W50/><G58/><T66/><D66/><U99/><E108/><V54/><F29/><W30/><G30/><T121/><D121/><U57/><REACH who="1" step="1"/><E53/><REACH who="1" ten="369,149,313,159" step="2"/><V59/><F111/><W117/><REACH who="3" step="1"/><G13/><REACH who="3" ten="369,149,313,149" step="2"/><T55/><D37/><U69/><E69/><V77/><F107/><W62/><G62/><AGARI ba="0,2" hai="6,9,12,32,33,52,57,62,82,86,88,99,100,104" machi="62" ten="30,12000,1" yaku="1,1,7,1,52,1,54,2,53,0" doraHai="5" doraHaiUra="25" who="1" fromWho="3" sc="369,0,149,140,313,0,149,-120" /><INIT seed="1,1,0,5,3,54" ten="369,289,313,29" oya="1" hai0="36,70,76,110,52,78,12,8,2,99,60,46,41" hai1="59,3,96,97,20,43,51,93,89,111,126,57,94" hai2="37,105,33,118,49,0,62,53,116,120,42,5,124" hai3="74,106,122,101,85,100,109,26,17,104,19,90,7"/><U45/><E3/><V67/><F105/><W44/><G122/><T73/><D110/><U24/><E111/><V47/><F120/><W61/><G109/><T25/><D73/><U75/><E75/><V107/><F107/><W102/><G74/><T72/><D72/><U79/><E79/><V6/><F33/><W39/><G7/><T28/><D99/><U27/><E126/><V133/><F5/><W34/><G61/><T84/><D84/><U55/><E55/><V64/><F6/><W69/><G69/><T23/><D2/><U123/><E123/><V108/><F0/><W38/><G44/><T10/><D10/><U1/><E1/><V121/><F121/><W129/><G129/><T82/><D82/><U15/><E15/><V21/><F21/><W132/><G132/><T40/><D40/><U35/><E35/><V95/><F95/><W127/><G127/><T63/><D12/><U87/><E87/><V92/><F92/><W81/><G106/><T88/><D88/><N who="1" m="55335" /><E24/><V77/><F77/><W18/><REACH who="3" step="1"/><G104/><REACH who="3" ten="369,289,313,19" step="2"/><T135/><D135/><U13/><E13/><V134/><F124/><W113/><G113/><T117/><D46/><U32/><E32/><V86/><F108/><W131/><G131/><T98/><D70/><U50/><E50/><V125/><F125/><W71/><G71/><T128/><D128/><U103/><E103/><V16/><F134/><W114/><G114/><T115/><D115/><U29/><AGARI ba="1,1" hai="20,27,29,43,45,51,57,59,89,94,97" m="55335" machi="29" ten="30,11700,0" yaku="8,1,52,2,54,1" doraHai="54" who="1" fromWho="1" sc="369,-40,289,130,313,-40,19,-40" owari="329,13.0,419,52.0,273,-13.0,-21,-52.0" /></mjloggm>