<mjloggm ver="2.3"><GO type="97" lobby="0"/><UN n0="%E3%83%8F%E3%83%A2%E5%B8%AB%E5%8C%A0" n1="%E3%82%AA%E3%82%B7%E3%83%88%E3%83%BC%E3%83%AB" n2="%44%26%46" n3="%E3%82%A6%E3%83%AB%E3%83%88%E3%83%A9%E7%AB%8B%E7%9B%B4" dan="14,15,13,14" rate="1915.69,1985.34,1851.13,1940.05" sx="M,M,M,M"/><TAIKYOKU oya="0"/><INIT seed="0,0,0,5,1,25" ten="250,250,250,250" oya="0" hai0="26,67,101,75,20,77,58,122,39,110,22,44,73" hai1="91,2,14,80,97,24,125,45,1,3,12,120,99" hai2="47,48,8,74,49,9,30,62,113,134,64,105,115" hai3="103,60,94,86,53,124,32,57,23,98,119,59,71"/><T70/><D122/><U55/><E120/><V96/><F74/><W117/><G32/><T114/><D114/><U7/><E125/><V102/><F134/><W111/><G71/><T41/><D22/><U52/><E24/><V28/><F49/><W81/><G124/><T72/><D110/><U88/><E3/><V0/><F113/><W127/><G127/><T5/><D5/><U66/><E66/><V15/><F0/><W65/><G111/><T6/><D6/><U82/><E7/><V68/><F115/><W19/><G59/><T129/><D129/><U69/><E45/><V18/><REACH who="2" step="1"/><F9/><REACH who="2" ten="250,250,240,250" step="2"/><W100/><G119/><T50/><D75/><U85/><E69/><V10/><F10/><W36/><G117/><T17/><D70/><U93/><E85/><V76/><F76/><W89/><G36/><T13/><D77/><U35/><E35/><V126/><F126/><W27/><G65/><T37/><D73/><U128/><E128/><V16/><F16/><W130/><G130/><T108/><D72/><U135/><E135/><V84/><F84/><W131/><G131/><T79/><D108/><U31/><E31/><V34/><F34/><W33/><G33/><T63/><D79/><AGARI ba="0,1" hai="19,23,27,53,57,60,79,81,86,89,94,98,100,103" machi="79" ten="30,7700,0" yaku="7,1,25,2,8,1" doraHai="25" who="3" fromWho="0" sc="250,-77,250,0,240,0,250,87" /><INIT seed="1,0,0,5,2,123" ten="173,250,240,337" oya="1" hai0="40,106,102,31,114,76,11,107,72,30,109,63,130" hai1="68,64,41,131,56,116,93,47,53,19,23,5,21" hai2="28,32,62,98,9,110,12,83,132,66,20,34,14" hai3="2,118,88,126,3,43,122,44,82,89,10,117,59"/><U94/><E116/><N who="3" m="44650" /><G122/><T80/><D114/><U52/><E131/><V78/><F132/><W121/><G121/><T128/><D40/><U85/><E5/><V8/><F98/><W99/><G126/><T16/><D63/><N who="1" m="37991" /><E68/><V91/><F91/><N who="3" m="34891" /><G82/><T35/><D35/><U97/><E85/><V79/><F20/><N who="1" m="7753" /><E19/><V96/><F96/><W0/><G59/><T13/><D102/><N who="1" m="60719" /><E94/><V45/><F34/><W38/><G99/><T134/><D134/><U81/><E81/><V7/><F83/><W108/><G10/><T74/><D74/><U49/><AGARI ba="0,0" hai="41,47,49,52,53" m="60719,7753,37991" machi="49" ten="30,3000,0" yaku="8,1,54,1" doraHai="123" who="1" fromWho="1" sc="173,-10,250,30,240,-10,337,-10" /><INIT seed="1,1,0,1,5,103" ten="163,280,230,327" oya="1" hai0="5,116,109,53,135,72,62,113,52,94,115,38,79" hai1="29,64,2,34,24,126,57,90,85,43,12,63,59" hai2="106,35,69,26,56,48,68,123,9,3,18,58,124" hai3="82,28,33,44,8,36,50,46,11,134,93,77,83"/><U87/><E2/><V47/><F123/><W71/><G71/><T49/><D116/><U129/><E129/><V15/><F106/><W61/><G33/><T118/><D118/><U37/><E126/><V110/><F110/><W128/><G28/><T16/><D109/><U73/><E73/><V104/><F124/><W25/><G25/><T76/><D38/><U30/><E30/><V17/><F104/><W122/><G122/><T120/><D120/><U88/><E12/><V117/><F68/><W127/><G36/><T108/><D108/><U112/><E112/><V131/><F69/><W39/><G39/><T75/><D62/><U54/><E43/><V1/><F131/><W23/><G128/><T133/><D5/><U45/><E45/><V67/><F58/><W55/><G127/><T22/><D22/><N who="1" m="15511" /><E37/><V130/><F130/><W7/><G61/><T0/><D94/><U51/><E34/><V102/><F35/><W95/><G23/><T31/><D31/><U42/><E42/><V96/><F3/><W74/><G74/><T125/><D125/><U81/><E87/><V107/><F1/><W100/><G7/><T86/><D0/><U101/><E101/><V65/><F26/><W99/><G95/><T6/><D86/><U21/><E21/><V41/><F18/><W14/><G11/><T80/><D6/><U13/><E13/><V98/><F98/><W111/><G111/><T84/><D84/><U97/><E97/><V114/><F117/><W40/><G14/><T105/><D115/><U10/><E10/><V91/><F114/><W92/><G8/><RYUUKYOKU ba="1,0" sc="163,-10,280,30,230,-10,327,-10" hai1="51,54,57,59,63,64,81,85,88,90" /><INIT seed="1,2,0,5,4,71" ten="153,310,220,317" oya="1" hai0="133,84,50,56,73,118,129,18,33,119,114,65,107" hai1="78,7,132,81,66,20,94,3,108,104,45,105,4" hai2="79,67,76,88,38,9,106,22,96,37,97,31,100" hai3="53,8,42,30,46,86,26,135,85,40,5,128,69"/><U12/><E3/><V110/><F67/><W29/><G69/><T16/><D107/><U24/><E66/><V1/><F110/><W99/><G128/><T102/><D33/><U28/><E108/><V101/><F76/><W83/><G135/><T77/><D133/><U10/><E7/><V54/><F79/><W62/><G99/><T80/><D114/><U11/><E11/><V131/><F131/><W51/><G62/><T49/><D129/><U19/><E19/><V14/><F1/><W6/><G86/><T87/><D102/><U123/><E123/><V115/><F115/><W58/><G58/><T39/><D65/><U34/><E34/><V130/><F130/><W89/><G29/><T44/><D56/><U60/><E60/><V82/><F22/><N who="3" m="15703" /><G8/><T0/><D0/><U17/><E28/><V55/><F31/><W126/><G126/><T59/><D59/><U98/><E45/><V109/><F109/><W57/><G46/><T32/><D32/><U41/><E41/><AGARI ba="2,0" hai="5,6,40,41,42,51,53,57,83,85,89" m="15703" machi="41" ten="30,1000,0" yaku="8,1" doraHai="71" who="3" fromWho="1" sc="153,0,310,-16,220,0,317,16" /><INIT seed="2,0,0,3,2,73" ten="153,294,220,333" oya="2" hai0="64,17,60,134,85,122,103,69,63,94,35,105,54" hai1="106,59,87,74,41,5,46,7,27,66,115,127,116" hai2="19,102,30,49,124,0,22,31,25,16,72,80,133" hai3="126,135,51,101,76,83,34,18,88,43,77,118,62"/><V98/><F0/><W10/><G34/><T37/><D122/><U36/><E74/><V92/><F124/><W109/><G118/><T65/><D134/><U95/><E106/><V131/><F133/><W28/><G28/><T97/><D37/><U55/><E115/><V91/><F131/><W23/><G101/><T82/><D54/><U79/><E116/><V58/><F31/><W33/><G33/><T21/><D35/><U96/><E66/><V26/><F26/><N who="3" m="14711" /><G109/><T75/><D75/><U84/><E27/><V3/><F3/><W114/><G114/><T100/><D105/><U32/><E32/><V1/><F1/><W108/><G108/><T2/><D2/><U128/><E127/><V13/><F13/><W117/><G117/><T113/><D113/><U67/><E36/><V110/><F110/><W93/><G83/><T132/><D132/><U107/><E107/><V130/><F130/><W68/><G68/><T90/><D94/><U70/><E95/><V99/><F99/><N who="3" m="57767" /><G126/><T61/><D97/><U42/><E70/><V81/><F81/><W20/><G20/><T89/><D89/><U121/><E96/><V6/><F6/><W12/><G62/><T125/><D125/><U129/><E128/><V71/><F71/><W120/><G120/><T40/><D69/><U56/><E121/><V111/><F111/><W53/><G43/><T38/><D40/><U44/><E42/><V39/><F39/><W57/><G135/><T29/><D38/><U112/><E41/><V47/><F58/><W50/><G50/><T14/><D29/><U123/><E129/><RYUUKYOKU ba="0,0" sc="153,15,294,-15,220,-15,333,15" hai0="14,17,21,60,61,63,64,65,82,85,90,100,103" hai3="10,12,51,53,57,76,77" /><INIT seed="3,1,0,2,0,38" ten="168,279,205,348" oya="3" hai0="15,133,131,134,117,26,29,68,129,52,36,24,128" hai1="99,25,32,18,46,59,27,89,30,111,33,45,75" hai2="121,13,113,98,115,88,1,67,105,31,81,106,107" hai3="95,50,40,55,85,17,124,96,10,73,0,120,100"/><W77/><G0/><T122/><D68/><U125/><E75/><V23/><F1/><W72/><G120/><T48/><D122/><U20/><E33/><V114/><F67/><W44/><G124/><T126/><D36/><U34/><E34/><V28/><F121/><W4/><G17/><T110/><D110/><U79/><E79/><V47/><F47/><W118/><G118/><T51/><D117/><U22/><E32/><V119/><F119/><W64/><G64/><T97/><D97/><U37/><E37/><V93/><F81/><W56/><G10/><T41/><D48/><U78/><E78/><V103/><F103/><W53/><G4/><T109/><D109/><U102/><E125/><V135/><F135/><N who="0" m="51722" /><D41/><U90/><E111/><V84/><F98/><W132/><G132/><T91/><D91/><N who="1" m="34827" /><E59/><V42/><F42/><W65/><G73/><T123/><D123/><U35/><E35/><V76/><F76/><W49/><G72/><T86/><D86/><U92/><AGARI ba="1,0" hai="18,20,22,25,27,30,45,46,92,99,102" m="34827" machi="92" ten="30,1100,0" yaku="8,1" doraHai="38" who="1" fromWho="1" sc="168,-4,279,14,205,-4,348,-6" owari="164,-34.0,293,9.0,201,-20.0,342,45.0" /></mjloggm>