<mjloggm ver="2.3"><GO type="41" lobby="0"/><UN n0="%64%69%61%6E%67%77%65%69" n1="%E8%90%BD%E6%B0%B4" n2="%E3%82%A6%E3%83%AB%E3%83%88%E3%83%A9%E7%AB%8B%E7%9B%B4" n3="%72%6F%6D%61%6E%65%73" dan="13,15,15,14" rate="1805.43,2021.40,1973.47,1916.59" sx="M,M,M,M"/><TAIKYOKU oya="0"/><INIT seed="0,0,0,3,2,13" ten="250,250,250,250" oya="0" hai0="95,86,96,50,81,51,64,84,88,90,62,53,9" hai1="124,121,5,7,120,47,107,78,115,75,31,21,105" hai2="39,38,91,54,132,135,19,57,46,92,110,83,116" hai3="125,97,113,48,35,103,16,108,27,58,134,112,14"/><T114/><D114/><U69/><E115/><V127/><F83/><W30/><G134/><N who="2" m="51241" /><F46/><W12/><G125/><T85/><D53/><U79/><E124/><V102/><F102/><W0/><G0/><T119/><D119/><U2/><E69/><V52/><F127/><W129/><G129/><T67/><D9/><U98/><E2/><V128/><F128/><W32/><G14/><T10/><D10/><U76/><E75/><V101/><F101/><W82/><G82/><T60/><D81/><U131/><E131/><V61/><F116/><W8/><G35/><T72/><D72/><U118/><E47/><V77/><F77/><W20/><G108/><T44/><D44/><U87/><E118/><V65/><F110/><W23/><G112/><T74/><D74/><U49/><E120/><V80/><F80/><W29/><G29/><T34/><D34/><U94/><E121/><V33/><F33/><W25/><G25/><T55/><D55/><N who="2" m="21034" /><F19/><W6/><G113/><T104/><D104/><U123/><E105/><V24/><F24/><W63/><G48/><T28/><D28/><U26/><E107/><V17/><F17/><W100/><G6/><N who="1" m="2058" /><E49/><N who="0" m="18441" /><D90/><N who="1" m="55639" /><E123/><V109/><F109/><W56/><G32/><T89/><D89/><U42/><E42/><V15/><F15/><N who="3" m="9247" /><G103/><T68/><D68/><U18/><E31/><V3/><F3/><W59/><G100/><T122/><D122/><U4/><E4/><V106/><F106/><W36/><G36/><T117/><D117/><U40/><E40/><V126/><F126/><W133/><G133/><T71/><D71/><U1/><E1/><RYUUKYOKU ba="0,0" sc="250,10,250,10,250,10,250,-30" hai0="60,62,64,67,84,85,86,88,95,96" hai1="18,21,26,76,78,79,87" hai2="38,39,57,61,65,91,92" /><INIT seed="0,1,0,3,0,62" ten="260,260,260,220" oya="0" hai0="28,102,133,37,71,23,9,99,19,131,96,18,10" hai1="116,25,66,50,80,61,6,63,118,40,109,41,59" hai2="4,107,129,39,44,79,8,130,135,98,93,47,12" hai3="90,106,85,101,113,88,38,15,0,67,77,32,125"/><T26/><D37/><U82/><E6/><V100/><F135/><W48/><G38/><T53/><D133/><U24/><E109/><V5/><F79/><W95/><G0/><T72/><D131/><N who="2" m="50186" /><F39/><W65/><G32/><T2/><D72/><U134/><E134/><V54/><F5/><W60/><G113/><T22/><D71/><U108/><E108/><V68/><F68/><W33/><G33/><T35/><D53/><U126/><E126/><V34/><F34/><W121/><G121/><T117/><D102/><U3/><E3/><V123/><F123/><W73/><G125/><T51/><D51/><U122/><E122/><V11/><F11/><N who="0" m="4106" /><D99/><U45/><E116/><V1/><F1/><W104/><G48/><T49/><D96/><U89/><E118/><V31/><F31/><W36/><G15/><N who="0" m="9567" /><D49/><U74/><E74/><V55/><F107/><W29/><G29/><T132/><D132/><U30/><E30/><V78/><F78/><W57/><G36/><T70/><D70/><U87/><E41/><V20/><F55/><N who="3" m="33855" /><G106/><T124/><D124/><U120/><E120/><V43/><F54/><W119/><G119/><T84/><D84/><U13/><E80/><V91/><F43/><W27/><G90/><T76/><D76/><U111/><E111/><V17/><F91/><W105/><G105/><T75/><D75/><U86/><E86/><V56/><F56/><W64/><G104/><T110/><D117/><U16/><E63/><V114/><F114/><W115/><G115/><T112/><D110/><U46/><E46/><N who="2" m="17451" /><F4/><W58/><G101/><T94/><D112/><RYUUKYOKU ba="1,0" sc="260,-15,260,15,260,15,220,-15" hai1="13,16,24,25,40,45,50,59,61,66,82,87,89" hai2="8,12,17,20,93,98,100" /><INIT seed="1,2,0,3,3,111" ten="245,275,275,205" oya="1" hai0="132,1,16,97,7,113,106,85,79,90,3,101,43" hai1="62,72,42,87,66,130,17,53,99,56,19,44,128" hai2="38,135,78,28,82,61,4,51,0,20,98,63,104" hai3="95,107,74,48,15,124,80,54,131,18,94,22,75"/><U37/><E72/><V30/><F38/><W25/><G107/><T60/><D113/><U21/><E87/><V5/><F104/><W8/><G131/><T58/><D132/><U47/><E99/><V6/><F0/><W13/><G124/><T29/><D29/><U12/><E19/><V35/><F35/><W102/><G75/><T40/><D79/><U93/><E93/><V119/><F135/><W64/><G64/><T71/><D71/><U49/><AGARI ba="2,0" hai="12,17,21,37,42,44,47,49,53,56,62,66,128,130" machi="49" ten="30,1500,0" yaku="0,1" doraHai="111" who="1" fromWho="1" sc="245,-7,275,21,275,-7,205,-7" /><INIT seed="1,3,0,1,1,38" ten="238,296,268,198" oya="1" hai0="58,13,123,8,16,6,39,119,102,31,30,108,106" hai1="122,36,22,14,110,28,10,101,118,92,20,34,43" hai2="0,114,98,117,77,23,1,87,17,60,109,132,56" hai3="7,3,26,12,51,61,11,103,50,49,67,100,89"/><U66/><E122/><V75/><F75/><W94/><G3/><T128/><D108/><U47/><E118/><V63/><F117/><W71/><REACH who="3" step="1"/><G26/><REACH who="3" ten="238,296,268,188" step="2"/><T62/><D119/><U55/><E110/><V134/><F109/><W112/><G112/><T25/><D123/><U86/><E66/><V53/><F114/><W124/><G124/><T33/><D25/><U27/><E55/><V125/><F0/><W46/><G46/><T84/><D13/><U97/><REACH who="1" step="1"/><E86/><AGARI ba="3,1" hai="7,11,12,49,50,51,61,67,71,86,89,94,100,103" machi="86" ten="40,1300,0" yaku="1,1,53,0" doraHai="38" doraHaiUra="19" who="3" fromWho="1" sc="238,0,296,-22,268,0,188,32" /><INIT seed="2,0,0,3,3,31" ten="238,274,268,220" oya="2" hai0="84,108,79,109,56,127,30,0,11,61,104,38,15" hai1="83,97,134,125,50,80,93,133,128,72,74,114,75" hai2="64,113,39,45,129,29,22,124,95,68,131,65,41" hai3="43,23,14,115,5,26,7,78,12,98,46,36,77"/><V57/><F95/><W25/><G115/><T92/><D104/><U110/><E114/><V106/><F106/><W51/><G36/><T120/><D38/><U18/><E18/><V52/><F29/><W70/><G70/><T116/><D120/><U132/><E110/><N who="0" m="42601" /><D0/><U82/><E50/><N who="2" m="30871" /><F22/><W101/><G25/><T53/><D127/><U123/><E123/><V2/><F2/><W102/><G7/><N who="0" m="3583" /><D30/><U44/><E44/><V21/><F21/><W85/><G77/><T62/><D62/><U99/><E125/><V13/><F13/><W135/><G135/><T27/><D27/><U8/><E8/><V3/><F3/><W4/><G4/><T122/><D122/><U58/><E58/><V59/><F124/><W89/><G98/><N who="1" m="37386" /><E93/><V81/><F81/><N who="3" m="47287" /><G89/><N who="0" m="53287" /><D79/><U40/><E40/><V126/><F126/><W119/><G119/><AGARI ba="0,0" hai="53,56,61,116,119" m="53287,3583,42601" machi="119" ten="30,1000,0" yaku="14,1" doraHai="31" who="0" fromWho="3" sc="238,10,274,0,268,0,220,-10" /><INIT seed="3,0,0,5,3,104" ten="248,274,268,210" oya="3" hai0="80,4,49,8,93,39,26,120,128,85,127,87,30" hai1="43,14,95,19,116,38,130,54,126,5,98,82,134" hai2="74,36,58,97,52,48,101,9,99,121,15,103,34" hai3="2,107,68,17,62,86,111,53,37,114,60,61,7"/><W40/><G107/><T45/><D120/><U123/><E123/><V135/><F34/><W129/><G114/><T122/><D128/><U112/><E112/><V10/><F36/><W42/><G129/><T70/><D127/><U77/><E130/><V63/><F135/><W47/><G7/><T100/><D39/><U81/><E126/><V71/><F74/><W72/><G17/><T35/><D70/><U133/><E5/><V69/><F121/><W23/><G23/><T57/><D57/><U119/><E54/><V27/><F27/><W75/><G2/><T125/><D125/><U89/><E43/><V6/><F10/><W1/><G1/><T24/><D24/><U94/><E94/><V110/><F110/><W33/><G33/><T31/><D31/><U76/><E38/><V109/><F109/><W117/><G111/><T59/><D59/><U20/><E81/><V65/><F69/><W124/><G124/><T131/><D131/><U96/><E96/><V113/><F113/><W106/><G106/><T51/><D100/><U3/><E3/><V16/><F6/><W83/><G117/><N who="1" m="45130" /><E77/><V78/><F78/><W13/><G13/><N who="0" m="5255" /><D45/><U28/><E28/><V0/><F0/><W64/><G42/><T102/><D122/><U115/><E115/><V12/><F12/><W73/><REACH who="3" step="1"/><G53/><REACH who="3" ten="248,274,268,200" step="2"/><T79/><D35/><U11/><E20/><V105/><F105/><W32/><G32/><T88/><D30/><U132/><E132/><V25/><F25/><W50/><G50/><N who="0" m="18955" /><D26/><U90/><E133/><V22/><F22/><W108/><G108/><T44/><D44/><RYUUKYOKU ba="0,1" sc="248,10,274,-30,268,10,200,10" hai0="79,80,85,87,88,93,102" hai2="9,15,16,48,52,58,63,65,71,97,99,101,103" hai3="37,40,47,60,61,62,64,68,72,73,75,83,86" /><INIT seed="3,1,1,5,0,114" ten="258,244,278,210" oya="3" hai0="57,44,126,121,89,98,100,77,80,82,37,105,72" hai1="70,78,3,91,76,35,38,66,39,111,9,7,102" hai2="106,61,73,88,132,22,101,10,18,83,68,129,133" hai3="52,118,86,134,23,69,119,30,67,75,93,65,51"/><W74/><G134/><N who="2" m="51817" /><F129/><W107/><G107/><T47/><D121/><U104/><E111/><V135/><F135/><W112/><G112/><T4/><D126/><U31/><E91/><V34/><F34/><W15/><G74/><T131/><D131/><U36/><E76/><V2/><F101/><W5/><G75/><T96/><D37/><U130/><E78/><V29/><F106/><W21/><G5/><T8/><D57/><U128/><E66/><N who="3" m="25098" /><G23/><T6/><D6/><U124/><E70/><V28/><F61/><W64/><G69/><T55/><D55/><U63/><E63/><V59/><F68/><W16/><G30/><T81/><D81/><U115/><E115/><V41/><F59/><N who="3" m="33183" /><G64/><T19/><D19/><U11/><E124/><V54/><F10/><W117/><G117/><T113/><D113/><U123/><E9/><V99/><F2/><W109/><G109/><T12/><REACH who="0" step="1"/><D80/><REACH who="0" ten="248,244,278,210" step="2"/><U87/><E123/><V26/><F18/><W45/><G45/><T79/><D79/><U32/><E128/><V90/><F29/><W122/><G122/><T110/><D110/><U48/><E130/><V116/><F28/><W125/><G125/><T49/><D49/><U0/><E48/><V103/><F83/><W1/><G1/><T20/><D20/><U58/><E3/><V97/><F22/><W24/><G24/><T94/><AGARI ba="1,2" hai="4,8,12,44,47,72,77,82,89,94,96,98,100,105" machi="94" ten="30,2000,0" yaku="1,1,0,1,53,0" doraHai="114" doraHaiUra="27" who="0" fromWho="0" sc="248,43,244,-6,278,-6,210,-11" /><INIT seed="4,0,0,4,1,113" ten="291,238,272,199" oya="0" hai0="64,130,41,76,78,26,7,74,108,95,22,29,87" hai1="57,10,56,112,88,8,21,118,93,50,65,43,46" hai2="16,83,47,126,70,6,67,12,69,30,116,9,122" hai3="39,34,135,127,128,19,107,73,59,17,104,14,31"/><T117/><D117/><U61/><E112/><V52/><F122/><W121/><G19/><T2/><D130/><U79/><E79/><V1/><F126/><W75/><G59/><T106/><D106/><N who="3" m="40489" /><G17/><T134/><D74/><N who="3" m="28169" /><G14/><T44/><D134/><U120/><E120/><V119/><F83/><W18/><G18/><T129/><D129/><U5/><E118/><N who="2" m="45099" /><F30/><W96/><G121/><T60/><D108/><U81/><E81/><V35/><F35/><W37/><G128/><T133/><D7/><U97/><E5/><V58/><F47/><W110/><G96/><T115/><D2/><U85/><E97/><V89/><F67/><W105/><G105/><T51/><D115/><U77/><E21/><N who="2" m="11399" /><F89/><W80/><G80/><T63/><D133/><U101/><E88/><V91/><F91/><W114/><G135/><T92/><D64/><U23/><E65/><V42/><F42/><W103/><G114/><T71/><D41/><U53/><E43/><V11/><F11/><W40/><G40/><T66/><D66/><U45/><E10/><V4/><F4/><W36/><G127/><T72/><D72/><U124/><E8/><V28/><F28/><W131/><G131/><T86/><D29/><U99/><E124/><V32/><F32/><W20/><G34/><T123/><D123/><U48/><E23/><V102/><F102/><W3/><G103/><T68/><D22/><U94/><E101/><V54/><F54/><W27/><G3/><T98/><D44/><U38/><E46/><V109/><F109/><W62/><G110/><T25/><D98/><U84/><E45/><RYUUKYOKU ba="0,0" sc="291,10,238,-30,272,10,199,10" hai0="25,26,51,60,63,68,71,76,78,86,87,92,95" hai2="1,6,9,52,58,69,70" hai3="20,27,31,36,37,39,62" /><INIT seed="4,1,0,4,5,115" ten="301,208,282,209" oya="0" hai0="2,129,58,31,83,101,79,71,80,32,104,23,94" hai1="68,21,24,50,0,53,4,75,97,69,130,28,122" hai2="96,62,106,72,120,22,103,99,135,107,7,125,87" hai3="3,84,37,88,95,29,98,113,14,20,66,86,44"/><T30/><D71/><U43/><E122/><V73/><F62/><W126/><G3/><T124/><D104/><U48/><E75/><N who="2" m="28747" /><F22/><W1/><G1/><T65/><D2/><U89/><E130/><V33/><F7/><W119/><G113/><T35/><D124/><U116/><E116/><V52/><F52/><W76/><G119/><T61/><D129/><U114/><E114/><V81/><F33/><W59/><G126/><T26/><D31/><U121/><E121/><V118/><F125/><W90/><G37/><T64/><D64/><U18/><E0/><V5/><F5/><W8/><G44/><T102/><D80/><U74/><E4/><V134/><F120/><W54/><G66/><T19/><D94/><N who="1" m="56527" /><E74/><V16/><F16/><N who="3" m="8263" /><G76/><T51/><D51/><N who="1" m="19499" /><E68/><V40/><F40/><W9/><G9/><T10/><D10/><U41/><E69/><V131/><F131/><W63/><G90/><T132/><D132/><N who="2" m="50730" /><F118/><W85/><G20/><T12/><REACH who="0" step="1"/><D35/><REACH who="0" ten="291,208,282,209" step="2"/><U17/><E53/><V78/><F99/><W15/><G29/><T105/><D105/><AGARI ba="1,1" hai="78,81,87,96,103,105,106,107" m="50730,28747" machi="105" ten="30,3900,0" yaku="20,1,34,2" doraHai="115" who="2" fromWho="0" sc="291,-42,208,0,282,52,209,0" /><INIT seed="5,0,0,2,5,43" ten="249,208,334,209" oya="1" hai0="93,33,28,58,16,18,103,26,6,124,98,63,104" hai1="92,123,5,51,13,91,57,67,106,134,50,52,110" hai2="70,0,80,130,20,46,135,11,111,27,127,97,24" hai3="9,23,86,121,112,1,95,48,64,108,36,83,122"/><U71/><E123/><V8/><F70/><W62/><G108/><T60/><D124/><U114/><E106/><V25/><F111/><W17/><G36/><T77/><D6/><U76/><E110/><V89/><F130/><W94/><G112/><T47/><D77/><U65/><E114/><V22/><F135/><W74/><G74/><T38/><D104/><U125/><E125/><V31/><F0/><W66/><G122/><T53/><REACH who="0" step="1"/><D63/><REACH who="0" ten="239,208,334,209" step="2"/><N who="1" m="36263" /><E134/><V100/><F127/><W118/><G121/><T82/><D82/><U61/><E76/><V39/><F80/><W49/><G83/><T4/><D4/><U69/><E61/><V85/><F31/><W117/><G62/><T107/><D107/><U40/><E69/><V29/><F29/><W30/><G30/><T32/><D32/><U12/><E71/><V113/><F113/><W120/><G120/><T37/><D37/><U54/><E5/><V42/><F39/><W21/><G117/><T3/><D3/><U129/><E129/><V55/><F8/><W131/><G118/><T109/><D109/><U79/><E79/><V99/><F11/><W101/><G131/><T96/><D96/><U44/><E92/><V19/><F99/><W45/><G9/><T126/><D126/><U84/><E84/><V90/><F97/><W56/><G1/><T41/><AGARI ba="0,1" hai="16,18,26,28,33,38,41,47,53,58,60,93,98,103" machi="41" ten="30,7900,0" yaku="1,1,0,1,52,1,54,1,53,0" doraHai="43" doraHaiUra="132" who="0" fromWho="0" sc="239,89,208,-39,334,-20,209,-20" /><INIT seed="6,0,0,3,4,63" ten="328,169,314,189" oya="2" hai0="114,75,101,64,67,50,42,103,96,66,115,112,125" hai1="131,36,21,44,57,80,128,90,62,107,124,33,127" hai2="74,22,111,78,56,61,49,126,24,119,34,25,102" hai3="99,31,98,117,122,71,16,46,3,130,54,73,88"/><V45/><F119/><W58/><G122/><T27/><D75/><U60/><E107/><V5/><F126/><N who="1" m="48169" /><E33/><V53/><F111/><W47/><G73/><T93/><D125/><U39/><E21/><V4/><F102/><W113/><G3/><T23/><D42/><N who="1" m="22599" /><E80/><V37/><F37/><W30/><G71/><T110/><D110/><U121/><E121/><V118/><F118/><W132/><G117/><T100/><REACH who="0" step="1"/><D50/><REACH who="0" ten="318,169,314,189" step="2"/><U95/><E39/><V104/><F74/><W116/><G116/><T70/><D70/><U38/><E38/><V0/><F0/><W77/><G132/><T135/><D135/><U2/><E2/><V68/><F68/><W20/><G130/><N who="1" m="49706" /><E57/><V9/><F56/><W106/><G106/><T35/><D35/><U133/><E133/><V72/><F34/><W120/><G120/><T94/><D94/><U10/><E10/><V26/><F9/><W12/><G58/><T92/><D92/><U55/><E55/><V7/><F104/><W14/><G54/><T97/><D97/><AGARI ba="0,1" hai="60,62,90,95,97" m="49706,22599,48169" machi="97" ten="30,2000,0" yaku="18,1,19,1" doraHai="63" who="1" fromWho="0" sc="318,-20,169,30,314,0,189,0" /><INIT seed="7,0,0,3,1,129" ten="298,199,314,189" oya="3" hai0="75,6,56,69,10,73,22,107,118,102,67,51,49" hai1="131,128,76,88,2,135,96,98,59,87,57,66,18" hai2="27,121,24,77,60,97,8,36,50,103,5,23,39" hai3="116,130,40,71,117,132,86,109,13,15,1,110,112"/><W45/><G130/><N who="1" m="49706" /><E2/><V63/><F39/><N who="3" m="21663" /><G1/><T47/><D69/><U12/><E76/><V106/><F36/><W4/><G112/><T122/><D122/><U79/><E135/><V114/><F27/><W54/><G132/><T124/><D124/><U29/><E29/><V19/><F114/><W72/><G72/><T89/><D102/><U62/><E59/><V120/><F77/><W55/><G86/><T16/><D107/><U44/><E44/><V33/><F33/><W9/><G71/><T11/><D11/><N who="1" m="6431" /><E79/><V37/><F50/><W32/><G15/><N who="0" m="5591" /><D73/><U105/><E105/><V52/><F37/><W84/><G84/><T126/><D118/><N who="3" m="45673" /><G32/><T133/><D126/><U85/><E85/><V83/><F83/><AGARI ba="0,0" hai="57,62,66,83,87,88,96,98" m="6431,49706" machi="83" ten="30,2000,0" yaku="19,1,54,1" doraHai="129" who="1" fromWho="2" sc="298,0,199,20,314,-20,189,0" /><INIT seed="8,0,0,0,2,76" ten="298,219,294,189" oya="0" hai0="135,83,53,133,108,128,100,26,72,7,42,71,129" hai1="55,30,88,16,17,91,80,46,104,106,75,11,109" hai2="97,2,64,69,134,1,37,131,66,18,58,101,103" hai3="29,38,121,126,27,61,124,13,92,49,116,63,23"/><T14/><D71/><U9/><E30/><V86/><F37/><W43/><G38/><T51/><D108/><U70/><E70/><V99/><F69/><W21/><G121/><T107/><D100/><N who="2" m="38474" /><F1/><W89/><G116/><T84/><D107/><N who="1" m="41003" /><E55/><V39/><F2/><W25/><G13/><T82/><D42/><U87/><E46/><V78/><F39/><W102/><G102/><T79/><D26/><U65/><E65/><N who="2" m="25195" /><F131/><N who="0" m="50250" /><D14/><U90/><E109/><V125/><F134/><W132/><G132/><T15/><D15/><U35/><E35/><V98/><F125/><N who="3" m="48235" /><G49/><T41/><D7/><U60/><E9/><V33/><F33/><W22/><G43/><T119/><D41/><U3/><E11/><V5/><F5/><W95/><G95/><T4/><D4/><U32/><E32/><V111/><F111/><W19/><G23/><T8/><D8/><U47/><E3/><V114/><F114/><W85/><AGARI ba="0,0" hai="19,21,22,25,27,29,61,63,85,89,92" m="48235" machi="85" ten="30,1100,0" yaku="18,1" doraHai="76" who="3" fromWho="3" sc="298,-5,219,-3,294,-3,189,11" /><INIT seed="9,0,0,0,0,84" ten="293,216,291,200" oya="1" hai0="4,101,74,115,132,14,93,20,17,30,125,34,72" hai1="35,86,124,98,23,33,2,130,110,36,118,111,106" hai2="95,46,117,56,25,3,27,26,99,52,71,123,73" hai3="104,47,82,12,41,75,24,31,133,64,120,79,102"/><U57/><E36/><V60/><F71/><W87/><G120/><T0/><D115/><U97/><E2/><V7/><F3/><W105/><G12/><T70/><D70/><U80/><E118/><V122/><F73/><W9/><G9/><N who="0" m="2183" /><D132/><U5/><E5/><V43/><F117/><W92/><G64/><T68/><D68/><U22/><E124/><V91/><REACH who="2" step="1"/><F7/><REACH who="2" ten="293,216,281,200" step="2"/><W107/><G133/><T126/><D125/><U109/><E130/><V66/><F66/><W32/><G75/><T131/><D126/><U18/><E109/><V121/><F121/><W81/><G81/><T21/><D131/><U63/><E110/><V61/><F61/><W94/><G102/><T127/><D127/><U96/><E111/><V54/><F54/><W88/><REACH who="3" step="1"/><G79/><REACH who="3" ten="293,216,281,190" step="2"/><T103/><D103/><U55/><E80/><V40/><F40/><W113/><G113/><T65/><D101/><U45/><E55/><V15/><F15/><W108/><G108/><T128/><D65/><U39/><E106/><V119/><F119/><W114/><G114/><T10/><D128/><U85/><E18/><V69/><F69/><W16/><G16/><N who="0" m="8279" /><D72/><U48/><E39/><AGARI ba="0,2" hai="25,26,27,39,43,46,52,56,60,91,95,99,122,123" machi="39" ten="40,5200,0" yaku="1,1,52,1,54,1,53,0" doraHai="84" doraHaiUra="76" who="2" fromWho="1" sc="293,0,216,-52,281,72,190,0" /><AGARI ba="0,0" hai="24,31,32,39,41,47,82,87,88,92,94,104,105,107" machi="39" ten="40,8000,1" yaku="1,1,52,1,54,1,53,1" doraHai="84" doraHaiUra="76" who="3" fromWho="1" sc="293,0,164,-80,353,0,190,80" owari="293,9.0,84,-42.0,353,46.0,270,-13.0" /></mjloggm>