<mjloggm ver="2.3"><GO type="97" lobby="0"/><UN n0="%E3%82%A6%E3%83%AB%E3%83%88%E3%83%A9%E7%AB%8B%E7%9B%B4" n1="%E3%81%A9%E3%81%90%E3%81%95%E3%82%8C%E3%81%86%E3%81%AA%E3%81%8E" n2="%E4%B8%AD%E8%8F%AF%E3%81%9D%E3%81%B0" n3="%4D%2E%4B%65%6E" dan="15,15,14,14" rate="2009.49,2016.46,1894.69,1902.73" sx="M,M,M,M"/><TAIKYOKU oya="0"/><INIT seed="0,0,0,0,3,69" ten="250,250,250,250" oya="0" hai0="92,93,77,89,40,20,73,112,17,122,100,125,19" hai1="91,37,58,0,110,1,80,95,25,102,32,94,56" hai2="64,45,74,50,62,65,130,129,29,36,60,127,88" hai3="27,133,114,123,38,34,13,10,21,71,119,107,132"/><T70/><D122/><U18/><E110/><V66/><F74/><W99/><G71/><T31/><D70/><U109/><E109/><V39/><F29/><N who="3" m="19775" /><G114/><T55/><D112/><U47/><E80/><V131/><F127/><W15/><G107/><T48/><D125/><U81/><E81/><V120/><F88/><W51/><G51/><T135/><D135/><N who="3" m="51785" /><G99/><N who="0" m="59495" /><D73/><U98/><E1/><V108/><F108/><W33/><G119/><T24/><D40/><U90/><E0/><V72/><F72/><W63/><G63/><N who="2" m="24105" /><F120/><W6/><G38/><T35/><D35/><U126/><E126/><V113/><F113/><W11/><G33/><T12/><D12/><U105/><E105/><V134/><F134/><W49/><G49/><T82/><D82/><U61/><E61/><V117/><F117/><W121/><G21/><T14/><D14/><N who="3" m="5129" /><G6/><T4/><D4/><U30/><E37/><V23/><F23/><W87/><G87/><N who="0" m="52415" /><D77/><U9/><E32/><V103/><F103/><W22/><G22/><T53/><D53/><AGARI ba="0,0" hai="36,39,45,50,53,64,65,66,129,130,131" m="24105" machi="53" ten="40,8000,1" yaku="19,1,34,2,52,2" doraHai="69" who="2" fromWho="0" sc="250,-80,250,0,250,80,250,0" /><INIT seed="1,0,0,0,4,52" ten="170,250,330,250" oya="1" hai0="99,25,93,129,4,74,56,14,69,122,76,30,3" hai1="86,62,12,45,26,80,103,42,27,39,7,6,58" hai2="85,130,41,135,19,87,0,51,43,82,102,18,73" hai3="131,38,47,53,24,104,67,110,5,109,121,71,44"/><U120/><E120/><V92/><F0/><W50/><G104/><T95/><D69/><U96/><E7/><V106/><F106/><W33/><G5/><T107/><D3/><U1/><E1/><V127/><F73/><W54/><G121/><T119/><D107/><U83/><E12/><V128/><F102/><W68/><G33/><T75/><D119/><U98/><E6/><V32/><F32/><W97/><G97/><T61/><D129/><U57/><E83/><V64/><F64/><W31/><G24/><T10/><D122/><U48/><E39/><V101/><F101/><W100/><G31/><T70/><D70/><N who="3" m="26665" /><G100/><T35/><D76/><N who="1" m="46343" /><E62/><V111/><F92/><W133/><G67/><T34/><D34/><U88/><E103/><V17/><F51/><N who="3" m="28903" /><G131/><T28/><D28/><U37/><E37/><V132/><F82/><W13/><G13/><T108/><D95/><N who="1" m="56423" /><E98/><V11/><F11/><W36/><G133/><T46/><D93/><U81/><E81/><V123/><F123/><W105/><G105/><T20/><D99/><U65/><E65/><V60/><F130/><W117/><G117/><T49/><D35/><U15/><E15/><V21/><F128/><W66/><G66/><N who="0" m="39207" /><D74/><U55/><E42/><V23/><F23/><W114/><G114/><T126/><D75/><U124/><E124/><V40/><F21/><W63/><G63/><T91/><D126/><U2/><E2/><V59/><F127/><W118/><G118/><T112/><D112/><U9/><E9/><V115/><F115/><W22/><G22/><T89/><D20/><U72/><E72/><RYUUKYOKU ba="0,0" sc="170,-15,250,15,330,-15,250,15" hai1="26,27,45,48,55,57,58" hai3="36,38,47,50,54,109,110" /><INIT seed="1,1,0,5,4,116" ten="155,265,315,265" oya="1" hai0="13,69,106,8,63,124,132,130,47,72,40,19,111" hai1="119,67,10,87,107,125,52,126,97,29,134,9,61" hai2="112,118,5,25,121,88,17,1,26,55,20,32,39" hai3="54,65,81,100,93,99,57,59,71,104,56,38,114"/><U41/><E119/><V108/><F39/><W98/><G38/><T4/><D106/><U103/><E41/><V66/><F118/><W105/><G114/><T12/><D72/><U23/><E134/><V127/><F66/><W120/><G120/><T36/><D132/><U33/><E87/><V37/><F37/><W14/><G81/><T73/><D73/><U62/><E62/><V76/><F76/><W18/><G99/><T43/><D124/><N who="1" m="47723" /><E33/><V46/><F121/><W21/><REACH who="3" step="1"/><G54/><REACH who="3" ten="155,265,315,255" step="2"/><T129/><D43/><U0/><E52/><V28/><F112/><W110/><G110/><T123/><D111/><U60/><E0/><V75/><F108/><W42/><G42/><T94/><D94/><U48/><E67/><V83/><F127/><W45/><G45/><T68/><D123/><U35/><E97/><V131/><F55/><W109/><G109/><T24/><D24/><U44/><E107/><V11/><F46/><W51/><G51/><T30/><D63/><AGARI ba="1,1" hai="14,18,21,56,57,59,63,65,71,93,98,100,104,105" machi="63" ten="40,2600,0" yaku="1,1,53,1" doraHai="116" doraHaiUra="15" who="3" fromWho="0" sc="155,-29,265,0,315,0,255,39" /><INIT seed="2,0,0,5,1,87" ten="126,265,315,294" oya="2" hai0="7,96,123,76,60,34,21,126,121,90,77,120,109" hai1="12,131,122,107,70,49,33,134,9,130,66,58,71" hai2="55,65,2,86,47,64,118,61,26,98,48,82,57" hai3="13,42,135,110,4,35,114,19,44,106,39,125,14"/><V99/><F2/><W27/><G106/><T29/><D34/><U119/><E119/><V113/><F113/><W84/><G114/><T115/><D7/><U1/><E1/><V102/><F118/><W83/><G110/><T62/><D115/><U51/><E33/><V56/><F102/><W16/><G125/><T78/><D126/><U53/><E107/><V93/><F93/><W43/><G43/><T3/><D3/><U67/><E12/><V97/><F26/><W32/><G14/><T94/><D109/><U128/><E9/><V124/><F124/><W59/><G59/><T108/><D108/><U24/><E24/><V105/><F105/><W127/><G127/><T100/><D21/><U50/><E122/><V101/><F101/><W6/><G19/><T23/><D23/><U15/><E15/><V30/><F30/><W36/><G36/><T28/><REACH who="0" step="1"/><D100/><REACH who="0" ten="116,265,315,294" step="2"/><U17/><E17/><V117/><F117/><W111/><G111/><T74/><D74/><U45/><E134/><V25/><F25/><W31/><G35/><T129/><D129/><U95/><E131/><V54/><F57/><W79/><G135/><T85/><D85/><U0/><E0/><V88/><AGARI ba="0,1" hai="47,48,54,55,56,61,64,65,82,86,88,97,98,99" machi="88" ten="30,11700,0" yaku="0,1,8,1,52,1,54,1" doraHai="87" who="2" fromWho="2" sc="116,-39,265,-39,315,127,294,-39" /><INIT seed="2,1,0,1,3,11" ten="77,226,442,255" oya="2" hai0="121,84,5,92,130,24,47,98,13,20,60,39,59" hai1="61,120,126,101,91,74,49,135,56,2,100,33,119" hai2="44,111,41,57,129,99,79,87,124,134,71,30,106" hai3="9,110,4,53,3,133,51,32,108,88,22,80,103"/><V19/><F71/><W63/><G32/><T97/><D121/><U107/><E2/><V10/><F30/><W89/><G103/><T48/><D39/><U81/><E33/><V105/><F57/><W90/><G80/><T78/><D130/><U1/><E1/><V27/><F134/><W6/><G133/><T85/><D97/><U123/><E119/><V46/><F124/><W102/><G102/><T109/><D109/><N who="3" m="42089" /><G63/><T21/><D78/><U12/><E126/><V37/><F46/><N who="3" m="27895" /><G6/><T77/><D77/><U69/><E107/><V112/><F111/><W17/><G90/><T34/><D34/><U94/><E100/><V131/><F131/><W118/><G118/><T114/><D114/><U82/><E101/><V50/><F37/><W26/><AGARI ba="1,0" hai="3,4,9,17,22,26,88,89" m="27895,42089" machi="26" ten="30,2000,0" yaku="14,1,54,1" doraHai="11" who="3" fromWho="3" sc="77,-6,226,-6,442,-11,255,23" /><INIT seed="3,0,0,5,1,20" ten="71,220,431,278" oya="3" hai0="6,81,35,135,16,33,29,123,67,130,66,113,80" hai1="88,48,56,131,77,99,40,85,8,115,44,46,3" hai2="98,45,54,22,116,65,75,91,90,32,49,1,14" hai3="79,63,94,117,43,129,73,78,58,71,5,41,34"/><W30/><G117/><T57/><D6/><U126/><E131/><V7/><F32/><W95/><G129/><T59/><D130/><U104/><E126/><V128/><F75/><W50/><G73/><T86/><D135/><U28/><E77/><N who="3" m="29194" /><G71/><T31/><D86/><U103/><E115/><V72/><F72/><W17/><G34/><T118/><D113/><U47/><E56/><V15/><F1/><W2/><G2/><T132/><D132/><U124/><E124/><V4/><F116/><W69/><G30/><T42/><D118/><U62/><E62/><V74/><F74/><W24/><G69/><T11/><D11/><U110/><E110/><V96/><F7/><W87/><G5/><T76/><D76/><U92/><E3/><V23/><F4/><W38/><G50/><T102/><D123/><U122/><E122/><V18/><F128/><W133/><G38/><T100/><D42/><N who="3" m="15881" /><G87/><T39/><D39/><U55/><E40/><V106/><F106/><W119/><G119/><T134/><D134/><U0/><E0/><V51/><F51/><W105/><G105/><T61/><D61/><U125/><E125/><V12/><F65/><N who="3" m="39159" /><G133/><T83/><D83/><U93/><E8/><V21/><F18/><W101/><G101/><T112/><D112/><U127/><E127/><V27/><F91/><W26/><G17/><T89/><D89/><U9/><E104/><V36/><F36/><W68/><G68/><T114/><D114/><U97/><E103/><V120/><F90/><W84/><G84/><T25/><D16/><U64/><E85/><V121/><F121/><RYUUKYOKU ba="0,0" sc="71,15,220,-15,431,-15,278,15" hai0="25,29,31,33,35,57,59,66,67,80,81,100,102" hai3="24,26,94,95" /><INIT seed="3,1,0,3,1,120" ten="86,205,416,293" oya="3" hai0="110,123,6,1,69,20,31,76,113,40,72,66,88" hai1="128,127,36,124,116,22,60,77,64,101,121,25,112" hai2="115,132,32,24,35,118,15,106,10,43,94,57,0" hai3="73,56,75,42,58,45,27,18,21,90,34,62,33"/><W26/><G73/><T134/><D66/><U81/><E112/><V122/><F106/><W8/><G75/><T59/><D59/><N who="3" m="22569" /><G34/><T41/><D41/><U70/><E36/><V131/><F115/><W104/><G33/><T84/><D40/><U93/><E121/><V108/><F118/><W37/><G104/><T100/><D6/><U4/><E4/><V92/><F0/><W2/><G2/><T50/><D50/><U97/><E116/><V52/><F43/><W74/><G74/><T111/><D1/><U129/><E81/><V80/><F122/><W78/><G78/><T71/><D123/><U82/><E82/><V102/><F102/><W133/><G37/><T85/><D100/><U23/><E77/><V67/><F67/><W47/><G42/><T125/><D72/><U46/><E46/><N who="3" m="17418" /><G133/><T17/><D134/><U53/><E53/><V107/><F107/><W119/><G119/><T30/><D113/><U114/><E114/><V5/><F132/><W89/><G62/><T86/><D76/><U49/><E49/><V48/><F35/><W16/><G27/><T99/><D99/><U63/><E25/><V98/><F24/><W13/><AGARI ba="1,0" hai="8,13,16,18,21,26,89,90" m="17418,22569" machi="13" ten="30,3000,0" yaku="8,1,54,1" doraHai="120" who="3" fromWho="3" sc="86,-11,205,-11,416,-11,293,33" /><INIT seed="3,2,0,1,4,15" ten="75,194,405,326" oya="3" hai0="83,91,37,112,98,72,2,34,88,123,129,59,127" hai1="115,14,60,20,124,121,16,119,26,135,93,95,80" hai2="103,70,32,65,113,3,10,111,54,50,57,21,47" hai3="92,1,67,82,90,7,87,25,36,77,69,61,100"/><W49/><G36/><T43/><D43/><U120/><E124/><V68/><F32/><W12/><G1/><T122/><D59/><U102/><E135/><V19/><F113/><W64/><G100/><T101/><D34/><U29/><E115/><V11/><F111/><W131/><G131/><T79/><D37/><U97/><E119/><V125/><F125/><W28/><G49/><T53/><D53/><U8/><E120/><V126/><F70/><W114/><G114/><T51/><D51/><U110/><E110/><V38/><F126/><W118/><G118/><T62/><D62/><U109/><E109/><V58/><F103/><W52/><G69/><T89/><D2/><U76/><E121/><V44/><F3/><W24/><G28/><T23/><D23/><U17/><E60/><N who="2" m="39975" /><F47/><W74/><G67/><T66/><D66/><U99/><E80/><V5/><F5/><W128/><G128/><T71/><D71/><U75/><E75/><V94/><F94/><W9/><REACH who="3" step="1"/><G64/><REACH who="3" ten="75,194,405,316" step="2"/><T46/><D129/><U4/><E76/><V86/><F58/><AGARI ba="2,1" hai="7,9,12,24,25,52,58,61,74,77,82,87,90,92" machi="58" ten="40,7700,0" yaku="1,1,2,1,54,1,53,0" doraHai="15" doraHaiUra="96" who="3" fromWho="2" sc="75,0,194,0,405,-83,316,93" owari="75,-42.0,194,-21.0,322,12.0,409,51.0" /></mjloggm>