<mjloggm ver="2.3"><GO type="97" lobby="0"/><UN n0="%E3%81%86%E2%98%86%E3%81%93%E3%81%AB%E3%82%84%E3%81%95%E3%81%97%E3%81%84" n1="%E5%B0%B1%E6%B4%BB%E7%94%9F%40%E5%B7%9D%E6%9D%91%E8%BB%8D%E5%9B%A3" n2="%E9%B3%B4%E7%A5%9E%E6%9C%88" n3="%41%78%69%73" dan="14,15,15,14" rate="1958.90,1965.58,1945.64,1894.29" sx="M,M,M,M"/><TAIKYOKU oya="0"/><INIT seed="0,0,0,5,1,68" ten="250,250,250,250" oya="0" hai0="84,31,16,49,51,80,133,2,42,122,34,4,125" hai1="5,55,81,113,72,44,105,27,111,71,35,101,112" hai2="48,127,85,41,36,40,89,18,9,119,0,100,120" hai3="14,126,107,53,98,11,97,64,74,32,104,58,13"/><T23/><D122/><U10/><E71/><V70/><F120/><W33/><G74/><T63/><D133/><U3/><E111/><V134/><F70/><W128/><G64/><T21/><D125/><U124/><E124/><V54/><F127/><W114/><G126/><T67/><D34/><U108/><E108/><V6/><F134/><W132/><G132/><T45/><D31/><U106/><E55/><V79/><F119/><W82/><G82/><T88/><D51/><U90/><E101/><V66/><F66/><W7/><G114/><N who="1" m="44138" /><E44/><V20/><F100/><W99/><G128/><T87/><D87/><N who="1" m="50543" /><E72/><V94/><F79/><W65/><G65/><T29/><D29/><AGARI ba="0,0" hai="3,5,10,27,29,35,105,106" m="50543,44138" machi="29" ten="30,1000,0" yaku="11,1" doraHai="68" who="1" fromWho="0" sc="250,-10,250,10,250,0,250,0" /><INIT seed="1,0,0,1,1,34" ten="240,260,250,250" oya="1" hai0="86,53,35,98,61,111,97,60,117,25,119,122,12" hai1="131,18,109,64,134,41,100,108,6,43,73,126,104" hai2="125,92,115,69,76,101,19,129,121,93,5,78,79" hai3="44,58,40,105,47,112,51,42,49,67,17,90,23"/><U118/><E73/><V68/><F121/><W106/><G112/><T15/><D111/><N who="1" m="42571" /><E118/><V38/><F115/><W82/><G82/><T4/><D122/><U120/><E120/><V36/><F129/><W37/><G90/><T88/><D35/><U0/><E131/><V24/><F125/><W87/><G87/><T55/><D25/><U80/><E126/><V91/><F101/><W27/><G37/><T3/><D4/><U52/><E134/><V2/><F24/><W28/><G28/><T116/><D116/><U31/><E31/><V48/><F19/><W70/><G58/><T127/><D86/><U39/><E39/><V57/><F57/><W77/><G77/><T133/><D127/><U96/><E64/><V1/><F76/><W71/><REACH who="3" step="1"/><G67/><REACH who="3" ten="240,260,250,240" step="2"/><T130/><D88/><U62/><E80/><V103/><F91/><W83/><G83/><T89/><D89/><U14/><E100/><V110/><F110/><W113/><G113/><T26/><D130/><U56/><E96/><V10/><F103/><W21/><G21/><T66/><D66/><U16/><E104/><AGARI ba="0,1" hai="17,23,27,40,42,44,47,49,51,70,71,104,105,106" machi="104" ten="40,2600,0" yaku="1,1,9,1,53,0" doraHai="34" doraHaiUra="50" who="3" fromWho="1" sc="240,0,260,-26,250,0,240,36" /><INIT seed="2,0,0,5,2,59" ten="240,234,250,276" oya="2" hai0="94,120,15,97,129,133,35,0,72,49,30,122,126" hai1="121,110,24,48,1,32,38,74,57,111,47,40,29" hai2="113,92,91,95,18,90,64,70,125,42,93,99,116" hai3="98,68,33,115,75,109,13,132,26,103,102,88,43"/><V34/><F116/><W81/><G115/><T6/><D72/><U69/><E69/><V10/><F113/><W27/><G132/><T58/><D0/><U11/><E121/><V17/><F125/><W80/><G43/><T60/><D126/><U134/><E134/><V135/><F135/><W127/><G127/><T36/><D36/><U73/><E48/><V76/><F34/><W117/><G117/><T100/><D133/><U85/><E57/><V52/><F76/><W79/><G109/><N who="1" m="41482" /><E85/><V16/><F42/><W108/><G108/><T4/><D49/><U50/><E50/><V82/><F82/><W107/><G102/><T39/><D39/><U128/><E128/><V41/><F41/><W53/><G53/><T61/><D129/><U130/><E130/><V83/><F83/><W131/><G131/><T55/><D61/><U101/><E101/><V71/><F52/><W28/><G26/><T8/><D6/><AGARI ba="0,0" hai="1,6,11,24,29,32,38,40,47,73,74" m="41482" machi="6" ten="30,2000,0" yaku="14,1,23,1" doraHai="59" who="1" fromWho="0" sc="240,-20,234,20,250,0,276,0" /><INIT seed="3,0,0,4,3,111" ten="220,254,250,276" oya="3" hai0="121,99,55,1,12,117,126,8,9,76,123,34,23" hai1="133,38,36,102,103,98,11,83,95,57,50,73,66" hai2="48,22,87,118,65,3,82,29,120,52,31,127,85" hai3="84,47,122,10,101,125,93,18,43,135,130,40,49"/><W134/><G122/><T51/><D34/><U25/><E133/><V5/><F120/><W33/><G33/><T62/><D117/><U91/><E38/><V90/><F118/><W69/><G69/><T94/><D126/><U74/><E36/><V131/><F127/><W0/><G125/><T14/><D76/><U67/><E74/><V35/><F35/><W75/><G75/><T39/><D39/><U104/><E25/><V105/><F105/><W58/><G130/><T63/><D1/><U26/><E26/><V77/><F131/><W6/><G43/><T16/><D123/><U37/><E37/><V70/><F22/><W64/><G18/><T20/><D121/><U97/><E11/><V61/><F5/><W108/><G108/><T113/><D113/><U128/><E128/><V19/><F19/><W115/><G58/><N who="0" m="33151" /><D23/><U2/><E2/><V17/><F17/><W30/><G64/><T28/><D28/><U46/><E57/><V4/><F4/><W41/><G30/><T27/><D9/><U81/><E81/><V7/><F7/><W13/><G40/><T86/><D86/><U45/><E45/><V106/><F106/><W114/><G0/><T92/><D14/><U59/><E59/><V129/><F3/><W54/><G41/><T116/><D116/><U88/><E91/><V72/><F129/><W15/><G13/><T56/><D56/><U44/><E44/><N who="2" m="27655" /><F72/><W79/><G101/><N who="0" m="60647" /><D94/><U60/><E60/><V124/><F124/><W132/><G93/><T89/><D89/><U96/><E73/><V107/><F107/><W24/><G24/><RYUUKYOKU ba="0,0" sc="220,10,254,-30,250,10,276,10" hai0="8,12,16,20,27,62,63" hai2="29,31,61,65,70,77,82,85,87,90" hai3="6,10,15,47,49,54,79,84,114,115,132,134,135" /><INIT seed="3,1,0,3,4,51" ten="230,224,260,286" oya="3" hai0="12,79,74,80,119,11,7,47,121,58,4,113,39" hai1="56,30,27,110,109,115,2,62,126,101,33,87,1" hai2="15,129,85,81,71,106,16,37,128,38,32,43,67" hai3="41,86,57,52,130,21,127,49,111,88,48,31,91"/><W92/><G127/><T132/><D121/><U133/><E126/><V25/><F106/><W72/><G72/><T55/><D119/><U40/><E115/><V107/><F107/><W23/><G130/><N who="2" m="50281" /><F32/><W105/><G105/><T135/><D113/><U66/><E133/><V134/><F134/><N who="0" m="51242" /><D47/><U8/><E40/><V112/><F112/><W114/><G114/><T82/><D82/><U13/><E101/><V19/><F25/><W94/><G31/><T70/><D39/><N who="2" m="14858" /><F43/><W28/><G28/><T54/><D70/><U44/><E44/><V29/><F29/><W75/><G75/><T95/><D95/><U64/><E64/><V6/><F6/><N who="0" m="2090" /><D58/><U122/><E122/><V84/><F84/><N who="3" m="52231" /><G111/><N who="1" m="42506" /><E87/><V18/><F71/><W0/><G0/><T123/><D123/><U65/><E65/><V89/><F67/><W100/><G100/><T36/><D36/><U63/><E63/><V98/><F98/><W5/><G5/><AGARI ba="1,0" hai="5,11,12,54,55,74,79,80" m="2090,51242" machi="5" ten="30,3900,0" yaku="20,1,52,2" doraHai="51" who="0" fromWho="3" sc="230,42,224,0,260,0,286,-42" /><AGARI ba="1,0" hai="1,2,5,8,13,27,30,33,56,62,66" m="42506" machi="5" ten="30,1000,0" yaku="14,1" doraHai="51" who="1" fromWho="3" sc="272,0,224,10,260,0,244,-10" /><INIT seed="4,0,0,0,4,109" ten="272,234,260,234" oya="0" hai0="84,30,74,66,3,132,119,23,63,54,8,80,75" hai1="116,38,19,98,68,100,122,62,127,43,59,22,128" hai2="17,13,106,47,1,41,117,5,36,24,83,115,67" hai3="95,53,85,129,81,29,133,37,125,130,46,14,60"/><T56/><D119/><U99/><E122/><V121/><F121/><W105/><G105/><T118/><D118/><U31/><E116/><V104/><F117/><W32/><G95/><T93/><D93/><U10/><E68/><V61/><F24/><W103/><G103/><T96/><D96/><U89/><E127/><V20/><F83/><W33/><G14/><T9/><D132/><U82/><E128/><N who="3" m="49258" /><G125/><T2/><D74/><U70/><E70/><V12/><F1/><W16/><G133/><T94/><D94/><N who="1" m="58455" /><E43/><V40/><F41/><W44/><G16/><T135/><D75/><U126/><E38/><V27/><F106/><W86/><G37/><T88/><D135/><U15/><E126/><V78/><F78/><W102/><G102/><T52/><D3/><U87/><E99/><V76/><F76/><W111/><G111/><T123/><D123/><U134/><E134/><V131/><F104/><W4/><G4/><T72/><D72/><U77/><E77/><V7/><F131/><W55/><G29/><T42/><D42/><U113/><E113/><V73/><F115/><W57/><G55/><N who="0" m="21035" /><D2/><U25/><E59/><V107/><F107/><W108/><G108/><T114/><D114/><U124/><E124/><V45/><F73/><W65/><G65/><T18/><D30/><U21/><E21/><V49/><F5/><W39/><G39/><T0/><D0/><U34/><E34/><N who="3" m="13418" /><G81/><T90/><D90/><U50/><E50/><V48/><F7/><W92/><G92/><T26/><AGARI ba="0,0" hai="8,9,18,23,26,56,63,66,80,84,88" m="21035" machi="26" ten="30,6000,0" yaku="8,1,54,2" doraHai="109" who="0" fromWho="0" sc="272,60,234,-20,260,-20,234,-20" owari="332,44.0,214,-19.0,240,4.0,214,-29.0" /></mjloggm>