<mjloggm ver="2.3"><GO type="97" lobby="0"/><UN n0="%E3%81%88%E3%81%99" n1="%E3%82%BF%E3%83%BC%E3%83%A4" n2="%E3%82%AA%E3%82%AF%E3%83%A9%E3%82%B2%E3%83%AD%E6%98%9F%E4%BA%BA" n3="%E5%B0%B1%E6%B4%BB%E7%94%9F%40%E5%B7%9D%E6%9D%91%E8%BB%8D%E5%9B%A3" dan="15,15,13,14" rate="1959.11,2013.70,1872.31,1969.57" sx="M,M,M,M"/><TAIKYOKU oya="0"/><INIT seed="0,0,0,4,0,118" ten="250,250,250,250" oya="0" hai0="27,22,130,50,17,38,41,105,52,30,100,35,111" hai1="133,103,4,47,43,109,92,40,65,114,101,104,74" hai2="83,18,3,91,120,88,39,57,78,6,13,97,123" hai3="93,115,32,26,29,80,56,79,95,44,61,16,132"/><T76/><D130/><U84/><E74/><V14/><F39/><W33/><G115/><T72/><D111/><U12/><E133/><V69/><F69/><W116/><G116/><T46/><D72/><U51/><E109/><V73/><F3/><W131/><G33/><T129/><D129/><U117/><E117/><V89/><F97/><W23/><G132/><T124/><D124/><U63/><E104/><V11/><REACH who="2" step="1"/><F57/><REACH who="2" ten="250,250,240,250" step="2"/><W110/><G110/><T107/><D100/><U96/><E114/><V42/><F42/><W128/><G44/><T45/><REACH who="0" step="1"/><D76/><REACH who="0" ten="240,250,240,250" step="2"/><U134/><E134/><V102/><F102/><W2/><G131/><T34/><D34/><U53/><E101/><V98/><F98/><W15/><G128/><T55/><D55/><U60/><E84/><V64/><F64/><W8/><G79/><T106/><D106/><U19/><E65/><V10/><AGARI ba="0,2" hai="6,10,11,13,14,18,73,78,83,88,89,91,120,123" machi="10" ten="30,8000,1" yaku="1,1,0,1,52,2,54,1,53,0" doraHai="118" doraHaiUra="81" who="2" fromWho="2" sc="240,-40,250,-20,240,100,250,-20" /><INIT seed="1,0,0,2,4,133" ten="200,230,340,230" oya="1" hai0="25,41,101,40,91,14,112,21,84,119,100,20,43" hai1="129,66,117,2,6,73,98,19,110,86,118,53,75" hai2="125,51,109,131,80,132,12,29,87,126,23,64,61" hai3="55,3,94,50,77,76,93,45,10,96,120,105,78"/><U28/><E129/><V8/><F132/><W134/><G120/><T15/><D112/><U67/><E28/><V121/><F121/><W58/><G134/><T44/><D119/><U69/><E86/><V104/><F104/><W74/><G74/><T24/><D44/><U30/><E30/><V31/><F131/><W32/><G32/><T79/><D79/><U95/><E53/><V92/><F92/><W127/><G105/><T108/><D108/><U82/><E82/><V48/><F109/><W5/><G94/><T68/><D68/><U130/><E130/><V111/><F111/><W11/><G11/><T4/><D4/><U123/><E123/><V102/><F102/><N who="0" m="39530" /><D84/><U71/><E95/><V49/><F23/><N who="0" m="8778" /><D91/><U42/><E6/><N who="2" m="3095" /><F87/><W99/><G93/><T18/><D18/><U56/><E110/><V62/><F80/><W114/><G114/><T83/><D83/><U128/><E128/><V65/><F65/><W1/><G1/><T85/><D85/><U97/><E19/><V106/><F106/><W63/><REACH who="3" step="1"/><G127/><REACH who="3" ten="200,230,340,220" step="2"/><N who="2" m="48649" /><F62/><W33/><G33/><T81/><D81/><U27/><E2/><V124/><F124/><W47/><G47/><T89/><D89/><U115/><E115/><V116/><F116/><W122/><G122/><T60/><D60/><U17/><E117/><V0/><F0/><W39/><G39/><T72/><D72/><U107/><E118/><V22/><F22/><W113/><G113/><T135/><D135/><U90/><E107/><V54/><F54/><AGARI ba="0,1" hai="3,5,10,45,50,54,55,58,63,76,77,78,96,99" machi="54" ten="40,1300,0" yaku="1,1,53,0" doraHai="133" doraHaiUra="13" who="3" fromWho="2" sc="200,0,230,0,340,-13,220,23" /><INIT seed="2,0,0,5,3,118" ten="200,230,327,243" oya="2" hai0="45,128,50,112,8,120,46,12,88,27,76,15,131" hai1="74,127,98,93,62,1,38,85,91,124,83,95,51" hai2="0,102,122,56,80,107,5,101,57,28,30,54,10" hai3="109,103,24,71,23,14,105,37,26,35,119,70,6"/><V75/><F122/><W79/><G37/><T94/><D112/><U126/><E38/><V87/><F75/><W116/><G35/><T69/><D69/><U67/><E1/><V33/><F57/><W77/><G109/><T100/><D100/><U25/><E74/><V132/><F132/><W66/><G105/><T49/><D76/><U59/><E25/><V90/><F33/><W73/><G103/><T39/><D39/><U111/><E111/><V47/><F47/><N who="0" m="17930" /><D27/><U108/><E108/><V29/><REACH who="2" step="1"/><F107/><REACH who="2" ten="200,230,317,243" step="2"/><W4/><G71/><T42/><D120/><U113/><E113/><V20/><F20/><W2/><G119/><T34/><D34/><U31/><E31/><V92/><F92/><W53/><G116/><T40/><D128/><U60/><E51/><AGARI ba="0,1" hai="0,5,10,28,29,30,51,54,56,80,87,90,101,102" machi="51" ten="40,3900,0" yaku="1,1,53,1" doraHai="118" doraHaiUra="7" who="2" fromWho="1" sc="200,0,230,-39,317,49,243,0" /><INIT seed="2,1,0,3,3,85" ten="200,191,366,243" oya="2" hai0="68,47,29,122,105,52,120,13,129,83,26,99,104" hai1="43,135,38,112,55,54,84,15,126,44,128,58,28" hai2="80,21,49,46,20,63,59,67,106,5,22,127,81" hai3="8,35,60,62,114,116,23,33,24,79,14,82,51"/><V32/><F32/><W69/><G116/><T98/><D68/><U86/><E112/><V96/><F127/><W78/><G114/><T117/><D117/><U27/><E126/><V88/><F5/><W12/><G51/><T72/><D129/><U133/><E128/><V64/><F64/><W71/><G82/><T3/><D3/><U65/><E15/><V125/><F125/><W9/><G24/><T74/><D13/><U115/><E115/><V6/><F6/><W19/><G23/><T18/><D18/><AGARI ba="1,0" hai="8,9,12,14,18,19,33,35,60,62,69,71,78,79" machi="18" ten="25,1600,0" yaku="22,2" doraHai="85" who="3" fromWho="0" sc="200,-19,191,0,366,0,243,19" /><INIT seed="3,0,0,0,1,127" ten="181,191,366,262" oya="3" hai0="134,9,13,40,119,24,8,76,114,120,17,69,73" hai1="26,89,115,41,107,84,100,28,60,94,58,12,77" hai2="98,22,124,135,36,48,71,80,34,2,38,11,47" hai3="32,42,116,67,56,45,131,130,99,35,126,101,109"/><W4/><G116/><T70/><D119/><U55/><E115/><V25/><F71/><W33/><G126/><T62/><D120/><U21/><E41/><V66/><F124/><W16/><G4/><T46/><D114/><U43/><E43/><V78/><F135/><W5/><G5/><T108/><D134/><U64/><E77/><V3/><F34/><W31/><G31/><T105/><D105/><U18/><E107/><V37/><F66/><W97/><G16/><T82/><D108/><U110/><E110/><V1/><F98/><W95/><G99/><T102/><D102/><U87/><E100/><V125/><F11/><W44/><G109/><T7/><D62/><U52/><REACH who="1" step="1"/><E84/><REACH who="1" ten="181,181,366,262" step="2"/><V14/><F125/><W72/><G72/><T19/><D19/><U63/><E63/><V86/><F36/><W23/><G42/><T81/><D81/><U96/><E96/><V113/><F113/><W104/><G97/><T68/><D68/><U61/><E61/><V65/><F38/><W30/><G104/><T54/><D54/><U79/><E79/><V39/><F65/><W83/><G101/><T106/><D106/><U93/><E93/><V6/><F39/><W10/><G83/><T57/><D57/><U103/><E103/><V88/><F37/><W74/><G95/><T121/><D121/><U59/><E59/><V49/><F78/><W15/><G74/><T91/><D91/><U123/><E123/><V27/><F47/><W128/><G45/><T132/><D132/><U92/><E92/><V0/><F86/><W122/><G44/><T118/><D118/><RYUUKYOKU ba="0,1" sc="181,-10,181,30,366,-10,262,-10" hai1="12,18,21,26,28,52,55,58,60,64,87,89,94" owari="171,-33.0,211,-19.0,366,47.0,252,5.0" /></mjloggm>