<mjloggm ver="2.3"><GO type="97" lobby="0"/><UN n0="%E3%81%A8%E3%82%82%E3%81%8D%E3%82%85%E3%82%93%E2%99%AA" n1="%54%4B%5A" n2="%E3%81%BD%E3%81%A3%E3%81%BD%EF%BC%94%EF%BD%98" n3="%E3%82%A6%E3%83%AB%E3%83%88%E3%83%A9%E7%AB%8B%E7%9B%B4" dan="14,14,13,15" rate="1973.13,1942.10,1863.53,1959.76" sx="F,M,M,M"/><TAIKYOKU oya="0"/><INIT seed="0,0,0,1,0,78" ten="250,250,250,250" oya="0" hai0="67,5,128,37,70,88,91,26,93,14,123,35,122" hai1="21,83,29,33,134,16,63,81,9,55,94,98,95" hai2="79,104,34,77,15,117,53,61,100,42,120,80,52" hai3="39,65,32,85,48,28,75,6,99,132,96,43,90"/><T20/><D37/><U46/><E134/><V69/><F117/><W62/><G75/><T125/><D128/><U72/><E72/><V38/><F120/><W31/><G39/><T92/><D125/><U74/><E74/><V115/><F34/><W58/><G6/><T41/><D41/><U106/><E106/><V87/><F115/><W126/><G126/><T64/><D70/><U10/><E33/><V103/><F77/><W54/><G43/><T102/><D102/><N who="1" m="60759" /><E29/><V114/><F114/><W113/><G113/><T127/><D127/><U13/><E95/><V129/><F129/><W116/><G132/><T49/><D123/><U130/><E130/><V18/><F42/><W66/><G66/><N who="0" m="25131" /><D35/><U11/><E63/><V82/><F38/><W118/><G118/><T108/><D108/><U25/><E25/><V124/><F124/><W0/><G0/><T97/><D122/><U45/><E55/><N who="2" m="21067" /><F69/><W36/><G36/><T22/><D49/><U27/><E27/><V8/><F104/><W1/><G1/><T17/><D5/><U3/><E3/><V57/><F82/><AGARI ba="0,0" hai="9,10,11,13,16,21,45,46,81,82,83" m="60759" machi="82" ten="30,8000,1" yaku="8,1,52,3,54,1" doraHai="78" who="1" fromWho="2" sc="250,0,250,80,250,-80,250,0" /><INIT seed="1,0,0,4,0,98" ten="250,330,170,250" oya="1" hai0="31,94,26,23,126,62,113,84,56,104,22,76,95" hai1="5,41,121,3,63,38,74,35,124,122,134,36,39" hai2="133,27,97,43,73,12,105,99,44,125,116,130,88" hai3="49,78,4,112,71,48,93,81,13,77,68,29,119"/><U46/><E74/><V69/><F73/><W92/><G29/><T8/><D104/><U102/><E35/><V135/><F69/><W65/><G65/><T45/><D126/><U75/><E75/><V28/><F116/><W1/><G13/><T18/><D113/><U58/><E124/><V40/><F125/><W24/><G24/><N who="0" m="14423" /><D8/><U106/><E134/><N who="2" m="51211" /><F130/><W89/><G4/><T67/><D45/><U7/><E7/><V91/><F12/><W59/><G59/><T51/><D51/><U25/><E25/><V108/><F108/><W9/><G9/><T54/><D76/><U109/><E109/><V61/><F61/><W132/><G132/><T85/><D67/><U52/><E5/><V11/><F11/><W100/><G1/><T128/><D128/><U10/><E10/><V87/><F43/><W14/><G14/><T120/><D120/><U79/><E79/><V101/><F97/><W17/><G68/><T21/><D21/><U53/><E3/><V103/><F99/><N who="3" m="59495" /><G71/><T16/><D31/><U37/><E53/><V70/><F105/><W15/><G78/><T47/><D47/><U129/><E129/><V114/><F70/><W115/><G119/><T117/><D117/><U80/><E80/><N who="2" m="49255" /><F91/><W110/><G110/><T0/><D0/><U60/><E60/><V34/><F114/><N who="3" m="43563" /><G81/><T19/><D19/><U127/><E127/><V64/><F64/><W42/><G77/><T131/><D131/><U30/><E30/><V50/><AGARI ba="0,0" hai="27,28,34,40,44,50,101,103" m="49255,51211" machi="50" ten="30,7900,0" yaku="20,1,52,2,54,1" doraHai="98" who="2" fromWho="2" sc="250,-20,330,-39,170,79,250,-20" /><INIT seed="2,0,0,4,5,40" ten="230,291,249,230" oya="2" hai0="135,64,29,70,43,51,129,122,63,9,4,67,98" hai1="31,97,49,2,19,52,120,20,60,132,6,32,77" hai2="75,48,89,92,115,130,96,50,16,14,57,73,103" hai3="114,133,35,127,66,95,79,59,7,74,128,34,90"/><V18/><F115/><W28/><G28/><T117/><D122/><U38/><E132/><V125/><F125/><W118/><G59/><T109/><D117/><U113/><E113/><V11/><F130/><W83/><G66/><T15/><D109/><U110/><E110/><V71/><F71/><W107/><G7/><T27/><D129/><U119/><E119/><V91/><F75/><W55/><G55/><T13/><D135/><U56/><E120/><V54/><F73/><W21/><G21/><T26/><D98/><U76/><E38/><V87/><F89/><W88/><G35/><T37/><D37/><U58/><E32/><V124/><F124/><W47/><G47/><T108/><D67/><N who="1" m="39303" /><E2/><V65/><F65/><W39/><G39/><T5/><D108/><U24/><E6/><V104/><F48/><W36/><G36/><T44/><D29/><U100/><E31/><V42/><F42/><W10/><G34/><T121/><D121/><U1/><E1/><V102/><F102/><W41/><G127/><T99/><D99/><U112/><E112/><V46/><REACH who="2" step="1"/><F18/><REACH who="2" ten="230,291,239,230" step="2"/><W94/><G114/><T23/><REACH who="0" step="1"/><D23/><REACH who="0" ten="220,291,239,230" step="2"/><U105/><E20/><V134/><F134/><W17/><G133/><T53/><D53/><U69/><E52/><V25/><F25/><W80/><G128/><T33/><D33/><U8/><E24/><V126/><F126/><W61/><G118/><T22/><D22/><U86/><E8/><AGARI ba="0,2" hai="4,5,8,9,13,15,26,27,43,44,51,63,64,70" machi="8" ten="40,5200,0" yaku="1,1,9,1,52,1,53,0" doraHai="40" doraHaiUra="93" who="0" fromWho="1" sc="220,72,291,-52,239,0,230,0" /><INIT seed="3,0,0,3,3,93" ten="292,239,239,230" oya="3" hai0="32,126,108,118,4,111,74,55,19,47,104,115,72" hai1="121,40,100,3,71,51,31,84,38,36,49,24,63" hai2="9,33,66,102,107,90,78,85,62,10,57,109,83" hai3="75,80,39,0,117,2,124,14,112,103,94,42,6"/><W105/><G94/><T65/><D118/><U92/><E3/><V132/><F33/><W28/><G14/><T122/><D122/><U127/><E121/><V29/><F29/><W96/><G117/><T56/><D104/><U134/><E134/><V129/><F132/><W12/><G12/><T88/><D115/><U95/><E127/><V113/><F113/><W87/><G112/><T59/><D126/><U7/><E7/><V99/><F129/><W135/><G124/><T11/><D32/><U58/><E71/><V119/><F109/><N who="0" m="42058" /><D19/><U61/><E38/><V77/><F119/><W54/><G54/><T5/><D47/><N who="1" m="25831" /><E36/><V131/><F131/><W15/><G135/><T52/><D65/><U67/><E51/><V73/><F78/><N who="3" m="44127" /><G15/><N who="0" m="5607" /><D5/><U116/><E116/><V76/><F76/><W130/><G130/><T27/><D27/><U101/><E63/><V20/><F20/><W30/><G87/><T120/><D88/><N who="1" m="53255" /><E95/><AGARI ba="0,0" hai="9,10,57,62,66,73,77,83,85,90,95,99,102,107" machi="95" ten="30,7700,0" yaku="7,1,24,2,52,1" doraHai="93" who="2" fromWho="1" sc="292,0,239,-77,239,77,230,0" owari="292,9.0,162,-34.0,316,42.0,230,-17.0" /></mjloggm>