<mjloggm ver="2.3"><GO type="97" lobby="0"/><UN n0="%E3%81%BB%E3%82%8D%E9%85%94%E3%81%84%E3%81%A7%E3%81%99" n1="%E5%B0%B1%E6%B4%BB%E7%94%9F%40%E5%B7%9D%E6%9D%91%E8%BB%8D%E5%9B%A3" n2="%E5%BB%83%E4%BA%BA%EF%BC%A0%E5%B7%9D%E6%9D%91%E8%BB%8D%E5%9B%A3" n3="%72%61%72%66%69%6C%65" dan="14,13,14,13" rate="1946.90,1850.22,2001.46,1871.59" sx="M,M,M,M"/><TAIKYOKU oya="0"/><INIT seed="0,0,0,4,0,26" ten="250,250,250,250" oya="0" hai0="106,21,83,101,30,28,125,1,105,20,75,9,126" hai1="64,116,84,103,96,85,67,11,97,22,38,69,0" hai2="42,89,68,6,29,131,48,3,2,60,120,71,25" hai3="121,115,77,119,59,36,128,53,118,43,62,50,72"/><T55/><D101/><U92/><E38/><V91/><F120/><W98/><G121/><T114/><D114/><U93/><E116/><V95/><F131/><W132/><G128/><T61/><D61/><U80/><E69/><V23/><F89/><W54/><G98/><T13/><D1/><U110/><E110/><V113/><F113/><W74/><G77/><T44/><D75/><U130/><E130/><V129/><F129/><W7/><G7/><T108/><D83/><U135/><E135/><V14/><F14/><W47/><G115/><T41/><D55/><U94/><E22/><N who="0" m="8809" /><D108/><U88/><E11/><V58/><F71/><W81/><G81/><T63/><D63/><U35/><E35/><V52/><F6/><W18/><G18/><N who="0" m="8495" /><D106/><N who="1" m="63847" /><E67/><V127/><F127/><N who="0" m="48650" /><D105/><U34/><E34/><V76/><F76/><W5/><G5/><T40/><D40/><U66/><E66/><V32/><F32/><W27/><G72/><T4/><D4/><U109/><E64/><V65/><REACH who="2" step="1"/><F42/><REACH who="2" ten="250,250,240,250" step="2"/><W117/><G117/><T134/><D134/><U78/><E0/><V123/><F123/><W73/><G132/><T31/><D30/><U122/><E122/><V17/><F17/><W56/><G119/><T124/><D124/><U100/><E109/><V16/><F16/><W102/><G118/><T90/><D90/><U24/><E24/><V10/><F10/><W82/><G27/><T46/><D46/><U45/><E45/><V133/><F133/><W15/><G47/><T39/><AGARI ba="0,1" hai="28,31,39,41,44" m="48650,8495,8809" machi="39" ten="30,6000,0" yaku="18,1,52,2" doraHai="26" who="0" fromWho="0" sc="250,70,250,-20,240,-20,250,-20" /><INIT seed="0,1,0,4,5,127" ten="320,230,220,230" oya="0" hai0="76,111,103,91,36,41,83,3,100,65,74,96,58" hai1="132,43,39,98,5,15,49,131,81,34,6,80,110" hai2="94,122,90,37,79,46,47,115,1,66,117,51,126" hai3="53,57,112,2,89,33,54,78,63,56,133,17,118"/><T14/><D3/><U71/><E39/><V119/><F122/><W123/><G78/><T67/><D111/><U106/><E34/><V24/><F115/><W108/><G33/><T23/><D103/><U124/><E71/><V105/><F126/><W25/><G2/><T20/><D91/><U68/><E68/><V31/><F105/><W26/><G108/><T50/><D36/><U129/><E110/><V52/><F1/><W107/><G112/><T19/><D23/><U7/><E124/><V62/><F79/><W85/><G107/><T61/><D50/><U38/><E38/><V40/><F24/><W55/><G123/><T21/><D41/><U9/><E106/><V70/><REACH who="2" step="1"/><F31/><REACH who="2" ten="320,230,210,230" step="2"/><W28/><G26/><T27/><D27/><U22/><E132/><V72/><F72/><W8/><G133/><T48/><D74/><U11/><E98/><AGARI ba="1,1" hai="37,40,46,47,51,52,62,66,70,90,94,98,117,119" machi="98" ten="40,2600,0" yaku="1,1,54,1,53,0" doraHai="127" doraHaiUra="104" who="2" fromWho="1" sc="320,0,230,-29,210,39,230,0" /><INIT seed="1,0,0,1,3,77" ten="320,201,249,230" oya="1" hai0="62,112,60,22,14,123,7,99,51,116,124,64,4" hai1="110,93,133,108,107,88,103,46,5,117,32,30,59" hai2="101,130,119,65,12,74,39,121,73,87,106,53,56" hai3="45,70,44,57,31,40,23,68,29,2,6,97,61"/><U16/><E117/><V8/><F119/><W13/><G2/><T83/><D112/><U82/><E5/><V114/><F121/><W72/><G72/><T43/><D116/><U37/><E82/><V47/><F114/><W9/><G45/><T95/><D124/><U71/><E71/><V79/><F130/><W34/><G34/><T109/><D109/><N who="1" m="42091" /><E133/><V10/><F65/><W113/><G113/><T115/><D115/><U49/><E37/><V126/><F126/><W66/><G97/><T0/><D83/><U89/><E107/><V94/><F106/><W69/><REACH who="3" step="1"/><G23/><REACH who="3" ten="320,201,249,220" step="2"/><T120/><D0/><U135/><E135/><V78/><F73/><W11/><G11/><T1/><D22/><U98/><E32/><V28/><F10/><W33/><G33/><T80/><D1/><U90/><E30/><V125/><F28/><W41/><G41/><T111/><D43/><N who="1" m="24799" /><E59/><V17/><F56/><W52/><G52/><T25/><D120/><U105/><E16/><V92/><F17/><W91/><G91/><N who="1" m="34890" /><E105/><V129/><F125/><W15/><G15/><T21/><D123/><U26/><E26/><V67/><F8/><W50/><AGARI ba="0,1" hai="6,9,13,29,31,40,44,50,57,61,66,68,69,70" machi="50" ten="30,2000,0" yaku="1,1,0,1,53,0" doraHai="77" doraHaiUra="86" who="3" fromWho="3" sc="320,-5,201,-10,249,-5,220,30" /><INIT seed="2,0,0,0,4,104" ten="315,191,244,250" oya="2" hai0="67,110,79,123,35,58,44,7,106,21,122,117,88" hai1="103,69,98,12,80,132,70,51,133,131,26,94,53" hai2="74,87,19,45,114,99,128,4,5,71,102,22,91" hai3="134,3,89,16,50,57,129,116,120,66,78,76,42"/><V47/><F71/><W17/><G3/><T119/><D35/><U107/><E131/><V9/><F74/><W121/><G129/><T118/><D106/><U126/><E126/><V18/><F128/><W75/><G116/><T130/><D130/><U36/><E36/><V20/><F114/><W61/><G134/><T125/><D110/><U28/><E12/><N who="2" m="9319" /><F99/><W25/><G89/><T37/><D125/><U64/><E80/><N who="2" m="49639" /><F102/><W49/><G42/><N who="0" m="22607" /><D79/><U100/><E100/><V97/><F97/><W101/><G101/><T54/><D7/><N who="2" m="2634" /><F9/><W1/><G1/><T8/><D8/><U90/><E90/><V115/><F115/><W62/><G25/><AGARI ba="0,0" hai="18,22,25,45,47" m="2634,49639,9319" machi="25" ten="30,1500,0" yaku="8,1" doraHai="104" who="2" fromWho="3" sc="315,0,191,0,244,15,250,-15" /><INIT seed="2,1,0,3,5,43" ten="315,191,259,235" oya="2" hai0="8,87,88,113,71,79,57,131,107,74,108,31,3" hai1="26,21,104,55,73,83,9,58,135,52,42,99,19" hai2="118,120,102,38,1,7,44,67,41,32,103,85,90" hai3="114,63,100,119,132,82,28,14,129,89,22,130,110"/><V48/><F120/><W117/><G100/><T70/><D113/><U37/><E135/><V128/><F118/><W75/><G114/><T134/><D134/><U106/><E73/><V33/><F128/><W62/><G132/><T69/><D107/><U51/><E83/><V126/><F126/><W97/><G75/><T35/><D131/><U47/><E99/><V6/><F33/><W53/><G53/><T24/><D108/><U101/><E101/><N who="2" m="38411" /><F32/><W18/><G28/><T122/><D122/><U68/><E68/><V125/><F38/><W11/><G110/><T76/><D74/><U23/><E9/><V36/><F36/><W111/><G111/><T98/><D98/><U2/><E2/><V46/><F1/><W17/><G130/><T16/><D57/><U39/><E39/><V94/><F125/><W12/><G129/><T72/><D72/><U54/><REACH who="1" step="1"/><E23/><REACH who="1" ten="315,181,259,235" step="2"/><V77/><F77/><W86/><REACH who="3" step="1"/><G97/><REACH who="3" ten="315,181,259,225" step="2"/><T0/><D0/><U93/><E93/><V59/><F94/><W34/><G34/><T95/><D3/><U105/><AGARI ba="1,2" hai="19,21,26,37,42,47,51,52,54,55,58,104,105,106" machi="105" ten="30,7900,0" yaku="1,1,0,1,52,1,54,1,53,0" doraHai="43" doraHaiUra="92" who="1" fromWho="1" sc="315,-21,181,102,259,-40,225,-21" /><INIT seed="3,0,0,3,2,128" ten="294,283,219,204" oya="3" hai0="14,102,111,69,71,21,90,135,38,73,95,30,131" hai1="48,99,6,20,3,116,91,49,109,92,29,43,15" hai2="47,68,26,13,23,24,97,0,123,54,27,108,79" hai3="80,87,93,11,65,12,85,34,53,83,81,22,60"/><W2/><G34/><T66/><D131/><U64/><E3/><V110/><F0/><W56/><G2/><T126/><D73/><U98/><E116/><V51/><F68/><W94/><G22/><T96/><D38/><U115/><E115/><V112/><F112/><W133/><G65/><T61/><D111/><U19/><E109/><V36/><F36/><W52/><G53/><T127/><D135/><U28/><E6/><V129/><F129/><W41/><G133/><T8/><D90/><U104/><E64/><V59/><F123/><W75/><G41/><T106/><D106/><U74/><E74/><V124/><F110/><W86/><REACH who="3" step="1"/><G75/><REACH who="3" ten="294,283,219,194" step="2"/><T9/><D71/><U107/><E43/><V130/><F54/><W45/><G45/><T113/><D113/><U121/><E121/><V62/><F23/><W55/><G55/><T82/><D21/><U17/><E20/><V4/><F47/><W100/><G100/><T31/><D9/><U120/><E120/><V33/><F33/><W40/><G40/><T101/><D102/><U72/><E72/><V18/><F108/><W5/><AGARI ba="0,1" hai="5,11,12,52,56,60,80,81,83,85,86,87,93,94" machi="5" ten="30,11700,0" yaku="1,1,0,1,8,1,54,1,53,0" doraHai="128" doraHaiUra="35" who="3" fromWho="3" sc="294,-39,283,-39,219,-39,194,127" owari="255,6.0,244,-16.0,180,-32.0,321,42.0" /></mjloggm>