<mjloggm ver="2.3"><GO type="97" lobby="0"/><UN n0="%E3%82%A6%E3%83%AB%E3%83%88%E3%83%A9%E7%AB%8B%E7%9B%B4" n1="%E6%A8%8B%E5%8F%A3%E4%B8%80%E8%91%89" n2="%E3%83%9E%E3%83%84%E3%82%B6%E3%82%AD" n3="%53%77%69%E2%80%A0%63%68" dan="15,15,15,13" rate="1965.27,2067.04,2080.72,1882.22" sx="M,F,M,M"/><TAIKYOKU oya="0"/><INIT seed="0,0,0,3,5,113" ten="250,250,250,250" oya="0" hai0="98,107,42,45,131,70,8,24,2,0,39,60,135" hai1="118,84,72,61,53,62,73,88,67,18,43,128,104" hai2="92,38,71,34,97,66,10,59,55,76,46,75,81" hai3="74,101,64,7,15,77,63,126,3,13,48,86,25"/><T112/><D112/><U110/><E104/><V44/><F34/><W68/><G101/><N who="0" m="62903" /><D131/><U4/><E110/><V124/><F124/><W32/><G126/><T26/><D26/><U127/><E127/><V30/><F30/><W134/><G134/><T51/><D51/><U90/><E128/><V80/><F38/><W125/><G125/><T130/><D130/><U47/><E4/><V23/><F23/><W114/><G114/><T33/><D8/><U9/><E118/><V85/><F66/><W122/><G122/><T58/><D58/><U87/><E72/><V6/><F71/><W132/><G132/><T11/><D11/><U105/><E105/><V103/><F81/><W12/><G48/><T102/><D102/><U14/><E73/><V82/><F82/><W100/><G100/><T35/><D135/><U106/><E106/><V29/><F29/><W54/><G54/><T79/><D79/><U83/><E67/><V22/><F22/><W129/><G77/><T89/><D89/><U28/><E28/><V91/><F103/><W21/><G74/><T5/><D5/><U109/><E109/><V16/><F75/><W19/><G32/><N who="0" m="12363" /><D24/><U37/><E53/><V20/><F10/><N who="3" m="2431" /><G129/><T94/><D94/><AGARI ba="0,0" hai="9,14,18,37,43,47,61,62,83,84,87,88,90,94" machi="94" ten="30,2000,0" yaku="7,1,54,1" doraHai="113" who="1" fromWho="0" sc="250,-20,250,20,250,0,250,0" /><INIT seed="1,0,0,4,4,75" ten="230,270,250,250" oya="1" hai0="108,73,80,37,106,78,81,31,40,25,128,63,109" hai1="119,124,87,51,70,3,14,134,117,5,10,19,8" hai2="53,133,121,61,7,127,105,71,58,36,68,42,38" hai3="20,49,99,120,83,76,130,59,98,92,13,48,12"/><U21/><E70/><N who="2" m="26667" /><F7/><W2/><G2/><T95/><D106/><U97/><E97/><V111/><F105/><W30/><G120/><T74/><D128/><U91/><E124/><V64/><F121/><W6/><G130/><T79/><D63/><U39/><E134/><V77/><F77/><W126/><G126/><T11/><D95/><U0/><E39/><N who="2" m="14891" /><F127/><W132/><G132/><T94/><D94/><U104/><E104/><V50/><F133/><W107/><G107/><T114/><D114/><U67/><E67/><V123/><F123/><W44/><G49/><T90/><D90/><U27/><E51/><V122/><F122/><W69/><G69/><T46/><REACH who="0" step="1"/><D11/><REACH who="0" ten="220,270,250,250" step="2"/><U26/><E117/><V16/><F111/><W84/><G92/><T56/><D56/><U54/><E119/><V101/><F101/><W72/><G59/><T86/><D86/><U17/><E87/><V65/><F16/><W43/><G72/><T112/><D112/><U9/><E91/><V41/><F65/><W103/><G103/><T15/><D15/><N who="1" m="5519" /><E54/><V100/><F100/><W113/><G113/><T85/><D85/><U55/><E55/><V115/><F115/><W131/><G131/><T4/><D4/><N who="1" m="1159" /><E3/><V18/><F18/><N who="3" m="10319" /><G30/><T57/><D57/><AGARI ba="0,1" hai="41,42,50,53,57,58,61,64" m="14891,26667" machi="57" ten="30,8000,1" yaku="35,5" doraHai="75" who="2" fromWho="0" sc="220,-80,270,0,250,90,250,0" /><INIT seed="2,0,0,3,0,124" ten="140,270,340,250" oya="2" hai0="29,66,106,64,110,108,7,72,94,38,59,58,18" hai1="44,12,1,105,41,40,86,87,109,126,131,97,13" hai2="27,11,39,70,10,135,56,60,49,3,73,103,17" hai3="122,36,8,57,92,65,6,95,35,112,89,75,19"/><V85/><F39/><W90/><G122/><T133/><D38/><U107/><E1/><V37/><F37/><W52/><G36/><T54/><D29/><U130/><E126/><V116/><F73/><W9/><G75/><T128/><D72/><U22/><E44/><V79/><F116/><W47/><G47/><T30/><D30/><U31/><E31/><V77/><F3/><W80/><G80/><T125/><D125/><U101/><E22/><N who="2" m="13775" /><F70/><W14/><G35/><T51/><D94/><N who="3" m="35881" /><G65/><N who="0" m="25195" /><D18/><U129/><E109/><N who="0" m="42089" /><D7/><U134/><E134/><V55/><F103/><W91/><G112/><T117/><D106/><U46/><E107/><V84/><F135/><W98/><G98/><T115/><D133/><U50/><REACH who="1" step="1"/><E40/><REACH who="1" ten="140,260,340,250" step="2"/><V76/><F10/><W25/><G8/><T45/><D115/><U33/><E33/><V132/><F11/><W28/><G9/><T127/><D127/><U100/><E100/><V42/><F132/><W15/><G6/><T61/><D117/><U67/><E67/><V118/><F118/><W62/><G28/><T68/><D68/><U16/><E16/><V5/><F5/><W121/><G121/><T48/><D45/><AGARI ba="0,1" hai="42,45,49,55,56,60,76,77,79,84,85" m="13775" machi="45" ten="30,1500,0" yaku="8,1" doraHai="124" who="2" fromWho="0" sc="140,-15,260,0,340,25,250,0" /><INIT seed="2,1,0,3,1,34" ten="125,260,365,250" oya="2" hai0="107,74,69,121,126,127,55,33,103,1,3,134,125" hai1="75,122,50,113,14,36,21,43,0,57,66,97,128" hai2="35,51,86,2,82,71,7,15,49,131,76,106,78" hai3="77,123,39,118,114,31,81,9,48,129,130,112,17"/><V18/><F35/><W4/><G39/><T83/><D33/><U70/><E113/><N who="3" m="43626" /><G48/><T89/><D69/><U93/><E75/><V26/><F71/><W19/><G118/><T109/><D121/><U135/><E122/><V72/><F106/><W94/><G94/><T96/><D109/><U24/><E128/><N who="3" m="49258" /><G31/><T40/><D134/><U30/><E135/><V104/><F51/><W20/><G20/><T80/><D40/><U120/><E120/><V28/><F49/><W110/><G110/><T111/><D111/><U8/><E36/><V37/><F104/><W84/><G123/><T6/><D6/><U64/><E70/><V11/><F37/><W38/><G38/><T105/><D105/><U68/><E68/><V102/><F28/><W13/><AGARI ba="1,0" hai="4,9,13,17,19,77,81,84" m="49258,43626" machi="13" ten="30,2000,0" yaku="11,1,19,1" doraHai="34" who="3" fromWho="3" sc="125,-6,260,-6,365,-11,250,23" /><INIT seed="3,0,0,5,2,124" ten="119,254,354,273" oya="3" hai0="114,98,72,25,102,123,92,41,40,109,20,125,130" hai1="59,54,67,29,131,11,135,48,107,91,22,78,50" hai2="133,34,88,129,36,68,126,108,103,116,33,9,46" hai3="7,62,2,13,83,26,44,122,23,75,3,21,63"/><W64/><G122/><T121/><D41/><U104/><E135/><V132/><F68/><W117/><G117/><T80/><D40/><U128/><E78/><V66/><F66/><W55/><G23/><T77/><D20/><U84/><E67/><V18/><F116/><W38/><G38/><T100/><D25/><U69/><E69/><V43/><F103/><W19/><G75/><T85/><D125/><U32/><E32/><V111/><F126/><W37/><G37/><T17/><D17/><U5/><E48/><V6/><F18/><W58/><G83/><T127/><D127/><U120/><E120/><V57/><F88/><W14/><G44/><T110/><D114/><U94/><E29/><V0/><F57/><W31/><G2/><T87/><D123/><U101/><E22/><V60/><F60/><W96/><G96/><T49/><D49/><U76/><E76/><V65/><F65/><W93/><G93/><T81/><D121/><U97/><REACH who="1" step="1"/><E107/><REACH who="1" ten="119,244,354,273" step="2"/><V89/><F34/><W51/><G64/><T10/><D10/><U61/><E61/><N who="3" m="23050" /><G3/><AGARI ba="0,1" hai="3,5,11,50,54,59,84,91,94,97,101,104,128,131" machi="3" ten="40,5200,0" yaku="1,1,52,2,53,0" doraHai="124" doraHaiUra="115" who="1" fromWho="3" sc="119,0,244,62,354,0,273,-52" owari="119,-38.0,306,11.0,354,45.0,221,-18.0" /></mjloggm>