<mjloggm ver="2.3"><GO type="97" lobby="0"/><UN n0="%E3%83%AD%E3%83%99%E3%82%AB%E3%83%AB" n1="%E3%82%A8%E3%82%A4%E3%83%A9%E3%81%AE%E3%81%B1%EF%BD%9E%E3%82%93%E3%81%A4" n2="%E9%80%A3%E7%B6%9A%E3%83%A9%E3%82%B9%E9%AD%94" n3="%E3%82%A6%E3%83%AB%E3%83%88%E3%83%A9%E7%AB%8B%E7%9B%B4" dan="14,13,14,14" rate="1870.52,1845.94,1837.87,1953.67" sx="M,F,M,M"/><TAIKYOKU oya="0"/><INIT seed="0,0,0,5,1,71" ten="250,250,250,250" oya="0" hai0="96,116,33,7,51,49,27,97,40,32,109,90,105" hai1="54,50,36,55,133,67,106,14,127,128,130,47,63" hai2="78,16,86,76,53,129,122,21,111,91,17,59,112" hai3="131,113,46,1,80,66,75,39,34,74,100,121,124"/><T118/><D105/><U82/><E106/><V48/><F112/><W30/><G113/><T88/><D27/><U123/><E14/><V119/><F122/><W125/><G100/><T92/><D7/><U12/><E123/><V11/><F119/><N who="0" m="45610" /><D40/><N who="1" m="22919" /><E12/><N who="2" m="7199" /><F111/><W102/><G102/><T77/><D92/><U132/><E82/><N who="2" m="49623" /><F129/><N who="1" m="49769" /><E127/><N who="3" m="48714" /><G131/><T6/><D6/><U24/><E24/><AGARI ba="0,0" hai="17,21,24,48,53,59,76,78" m="49623,7199" machi="24" ten="30,2000,0" yaku="8,1,54,1" doraHai="71" who="2" fromWho="1" sc="250,0,250,-20,250,20,250,0" /><INIT seed="1,0,0,0,0,132" ten="250,230,270,250" oya="1" hai0="57,37,43,74,93,123,124,126,110,99,46,69,86" hai1="16,100,12,87,1,2,103,39,131,92,90,45,8" hai2="47,50,40,120,19,135,71,25,52,64,34,111,4" hai3="49,31,59,85,58,0,6,116,102,54,94,80,61"/><U44/><E131/><V121/><F4/><W73/><G73/><T118/><D118/><U14/><E14/><V9/><F34/><W127/><G0/><T129/><D129/><U107/><E107/><V17/><F25/><W72/><G6/><T15/><D69/><U62/><E62/><N who="2" m="40343" /><F9/><W10/><G10/><T20/><D74/><U113/><E113/><V51/><F19/><W108/><G72/><T98/><D123/><N who="2" m="47178" /><F17/><W5/><G5/><T106/><D110/><U36/><E36/><V67/><F111/><W55/><G108/><T41/><D106/><U79/><E79/><V65/><F135/><W24/><G116/><T26/><D43/><U78/><E39/><V104/><F104/><W95/><G102/><N who="1" m="38954" /><E1/><V117/><F117/><W48/><G94/><T18/><D15/><N who="1" m="7271" /><E2/><V38/><F38/><W56/><G95/><T109/><D109/><U81/><E12/><V60/><F60/><W89/><G24/><T33/><D33/><U75/><E75/><V82/><F82/><W91/><G31/><T112/><D112/><U21/><E21/><V133/><F133/><W30/><G30/><T122/><D122/><U114/><E114/><V42/><F42/><W70/><G61/><T128/><D128/><U84/><AGARI ba="0,0" hai="44,45,78,81,84,87,90,92" m="7271,38954" machi="84" ten="30,3000,0" yaku="8,1,54,1" doraHai="132" who="1" fromWho="1" sc="250,-10,230,30,270,-10,250,-10" /><INIT seed="1,1,0,2,4,123" ten="240,260,260,240" oya="1" hai0="12,58,42,121,54,86,55,23,7,67,21,41,31" hai1="14,39,80,43,88,27,96,125,50,97,48,76,6" hai2="46,75,105,61,108,124,130,1,15,90,73,81,116" hai3="109,49,84,72,25,16,70,94,92,118,9,53,35"/><U44/><E125/><V98/><F1/><W18/><G72/><T64/><D121/><U17/><E6/><V59/><F116/><W3/><G70/><T128/><D128/><U11/><E27/><V129/><F124/><W85/><G35/><T56/><D86/><N who="3" m="33385" /><G3/><T93/><D7/><U5/><E5/><V77/><F46/><W115/><G115/><T126/><D126/><U28/><E28/><V89/><F15/><N who="3" m="7279" /><G118/><T62/><D12/><U69/><E69/><V103/><F59/><N who="3" m="33199" /><G109/><T112/><D112/><U65/><E65/><V40/><F61/><W131/><G131/><N who="2" m="50185" /><F40/><W10/><G10/><T51/><D62/><U134/><E39/><V110/><F73/><W0/><G0/><T100/><D67/><U26/><E26/><V13/><F13/><W33/><G33/><T122/><D64/><U36/><E36/><V117/><F117/><W63/><G63/><T114/><D122/><U29/><E29/><V78/><F78/><W66/><G66/><T24/><D114/><U107/><E76/><V2/><F2/><W111/><G111/><AGARI ba="1,0" hai="75,77,81,89,90,98,103,105,108,110,111" m="50185" machi="111" ten="30,12000,2" yaku="14,1,19,1,34,2,52,3" doraHai="123" who="2" fromWho="3" sc="240,0,260,0,260,123,240,-123" /><INIT seed="2,0,0,0,4,62" ten="240,260,383,117" oya="2" hai0="133,52,135,54,117,108,88,125,94,28,32,40,101" hai1="9,109,10,4,105,50,65,60,68,44,49,15,84" hai2="99,106,111,1,2,43,96,82,89,113,42,21,11" hai3="51,19,87,80,63,120,33,58,75,16,38,104,69"/><V81/><F106/><W20/><G33/><T92/><D125/><U131/><E109/><V8/><F21/><W79/><G38/><T53/><D108/><U46/><E105/><V34/><F89/><W114/><G120/><T67/><D117/><U126/><E126/><V121/><F111/><W128/><G128/><T85/><D40/><U77/><E131/><V123/><REACH who="2" step="1"/><F34/><REACH who="2" ten="240,260,373,117" step="2"/><W13/><G104/><T26/><D88/><U61/><E10/><V0/><F0/><W14/><G114/><AGARI ba="0,1" hai="1,2,8,11,42,43,81,82,96,99,113,114,121,123" machi="114" ten="25,4800,0" yaku="1,1,22,2,53,0" doraHai="62" doraHaiUra="66" who="2" fromWho="3" sc="240,0,260,0,373,58,117,-48" /><INIT seed="2,1,0,3,4,5" ten="240,260,431,69" oya="2" hai0="43,95,120,31,131,100,23,52,55,54,135,58,46" hai1="121,1,106,35,14,72,98,25,97,89,114,76,42" hai2="88,99,110,94,21,2,124,51,70,73,93,87,67" hai3="19,133,130,78,134,32,68,48,4,107,129,62,132"/><V103/><F2/><W119/><G119/><T113/><D120/><U24/><E1/><V39/><F39/><W126/><G4/><T0/><D113/><U81/><E42/><V101/><F70/><W69/><G107/><T75/><D75/><U77/><E14/><V83/><F67/><N who="3" m="41079" /><G69/><T26/><D0/><U74/><E24/><V40/><F21/><W85/><G19/><T45/><D135/><U9/><E9/><V20/><F20/><W71/><G71/><T116/><D116/><U49/><E49/><V37/><F37/><W15/><G15/><T12/><D12/><U16/><E114/><V3/><F3/><W115/><G115/><T96/><D131/><N who="3" m="50185" /><G48/><N who="0" m="26687" /><D46/><U61/><E35/><V53/><F40/><W50/><G50/><AGARI ba="1,0" hai="23,26,31,50,52,54,55,58,95,96,100" m="26687" machi="50" ten="30,2000,0" yaku="8,1,54,1" doraHai="5" who="0" fromWho="3" sc="240,23,260,0,431,0,69,-23" /><INIT seed="3,0,0,0,0,42" ten="263,260,431,46" oya="3" hai0="112,98,19,83,15,22,77,90,51,100,23,101,48" hai1="93,103,69,121,71,60,74,16,108,79,35,49,67" hai2="123,64,45,129,37,32,95,65,109,33,38,8,92" hai3="89,127,73,26,52,94,62,128,54,85,58,27,124"/><W1/><G73/><T2/><D2/><U81/><E35/><V21/><F123/><W57/><G1/><T44/><D112/><U120/><E71/><V88/><F21/><W17/><G128/><T96/><D23/><U99/><E108/><V3/><F8/><W7/><G7/><T80/><D51/><U12/><E49/><V106/><F3/><W13/><G124/><T31/><D31/><U20/><AGARI ba="0,0" hai="12,16,20,60,67,69,74,79,81,93,99,103,120,121" machi="20" ten="20,2700,0" yaku="0,1,7,1,54,1" doraHai="42" who="1" fromWho="1" sc="263,-7,260,27,431,-7,46,-13" owari="256,-14.0,287,9.0,424,52.0,33,-47.0" /></mjloggm>