<mjloggm ver="2.3"><GO type="97" lobby="0"/><UN n0="%53%68%61%72%6F%6E%61" n1="%E3%82%89%E3%81%98%E3%81%BE%E3%82%8B" n2="%E3%81%B5%E3%82%89%E3%81%A3%E3%81%97%E3%82%85" n3="%E3%82%A6%E3%83%AB%E3%83%88%E3%83%A9%E7%AB%8B%E7%9B%B4" dan="13,16,15,13" rate="1898.16,2058.14,2029.04,1854.32" sx="M,F,M,M"/><TAIKYOKU oya="0"/><INIT seed="0,0,0,0,5,130" ten="250,250,250,250" oya="0" hai0="81,107,2,42,39,69,114,35,118,28,131,106,109" hai1="44,82,14,73,98,65,7,94,95,60,105,72,0" hai2="17,13,36,128,27,30,135,64,29,43,66,26,70" hai3="54,103,40,58,67,1,89,56,38,133,99,49,3"/><T18/><D81/><U112/><E0/><V52/><F128/><W79/><G79/><T91/><D42/><U33/><E33/><V121/><F121/><W34/><G34/><T122/><D18/><U8/><E105/><V59/><F135/><W50/><G89/><T76/><D91/><U21/><E112/><V51/><F43/><W5/><G5/><T55/><D55/><U134/><E134/><V15/><F36/><W127/><G133/><T4/><D76/><U119/><E95/><V101/><F101/><W87/><G87/><T11/><D11/><U96/><E96/><V6/><F6/><W111/><G111/><T100/><D100/><U74/><E44/><V63/><F66/><W84/><G84/><T116/><D4/><U61/><E119/><V22/><REACH who="2" step="1"/><F17/><REACH who="2" ten="250,250,240,250" step="2"/><W62/><G38/><T10/><D118/><U113/><E65/><V71/><F71/><W23/><G40/><T78/><D28/><U41/><E41/><V102/><F102/><W46/><G103/><T90/><D107/><U20/><E113/><V88/><F88/><W92/><G54/><T68/><D68/><U104/><E104/><V47/><F47/><W53/><G46/><T80/><D78/><U25/><E7/><V108/><F108/><W19/><G53/><T124/><D90/><U75/><E75/><V126/><F126/><W57/><G127/><T97/><D80/><U48/><E72/><V125/><F125/><W132/><G132/><T12/><D116/><U117/><E73/><V32/><AGARI ba="0,1" hai="13,15,22,26,27,29,30,32,51,52,59,63,64,70" machi="32" ten="20,5200,0" yaku="1,1,0,1,7,1,54,1,53,0" doraHai="130" doraHaiUra="123" who="2" fromWho="2" sc="250,-26,250,-13,240,62,250,-13" /><INIT seed="1,0,0,3,1,33" ten="224,237,302,237" oya="1" hai0="94,97,35,83,106,31,32,132,100,93,67,25,129" hai1="102,86,103,133,46,61,65,89,78,6,56,58,2" hai2="5,130,0,42,99,60,27,13,34,118,75,109,74" hai3="29,55,28,82,84,105,52,14,17,70,21,80,112"/><U8/><E133/><V128/><F118/><W77/><G105/><T108/><D132/><U59/><E78/><V53/><F42/><W125/><G70/><T121/><D121/><U95/><REACH who="1" step="1"/><E46/><REACH who="1" ten="224,227,302,237" step="2"/><V134/><F134/><W7/><G112/><T45/><D45/><U47/><E47/><V57/><F128/><W40/><G125/><T10/><D129/><U64/><E64/><V90/><F130/><W114/><G114/><T49/><D67/><U101/><AGARI ba="0,1" hai="2,6,8,56,58,59,61,65,86,89,95,101,102,103" machi="101" ten="30,11700,0" yaku="1,1,0,1,52,1,53,1" doraHai="33" doraHaiUra="91" who="1" fromWho="1" sc="224,-39,227,127,302,-39,237,-39" /><INIT seed="1,1,0,1,2,72" ten="185,354,263,198" oya="1" hai0="29,50,134,82,121,65,127,83,119,23,43,135,51" hai1="85,67,126,4,44,8,26,21,132,1,107,32,110" hai2="30,22,47,122,11,96,106,38,79,17,9,129,64" hai3="125,35,66,81,61,113,86,95,111,5,36,56,69"/><U24/><E107/><V13/><F122/><W60/><G113/><T37/><D119/><U102/><E102/><V40/><F129/><W58/><G35/><T33/><D33/><U73/><E73/><V118/><F118/><W75/><G36/><T78/><D121/><U84/><E132/><N who="0" m="50729" /><D127/><U120/><E126/><V104/><F64/><W14/><G111/><T28/><D65/><U15/><E120/><V114/><F114/><W20/><G125/><T39/><D43/><U16/><E110/><V94/><F79/><W46/><G46/><T112/><D112/><U19/><E19/><V97/><F96/><W91/><G61/><T10/><D10/><U105/><E105/><V74/><F74/><W71/><G71/><T41/><D41/><U80/><E84/><V68/><F68/><W99/><G75/><N who="0" m="43359" /><D83/><U12/><E67/><V103/><F11/><W131/><G131/><T90/><D90/><U92/><E92/><V25/><AGARI ba="1,0" hai="9,13,17,22,25,30,38,40,47,94,97,103,104,106" machi="25" ten="30,1100,0" yaku="0,1" doraHai="72" who="2" fromWho="2" sc="185,-4,354,-6,263,14,198,-4" /><INIT seed="2,0,0,2,4,38" ten="181,348,277,194" oya="2" hai0="93,12,24,7,98,6,41,128,72,37,88,20,15" hai1="116,23,47,105,14,13,10,71,114,100,8,42,99" hai2="25,53,111,67,54,51,122,133,70,125,9,113,97" hai3="18,35,73,74,48,19,64,107,76,102,82,61,59"/><V33/><F113/><W81/><G35/><T91/><D72/><U89/><E116/><V11/><F122/><W62/><G102/><T1/><D1/><U132/><E132/><V75/><F75/><W83/><G107/><T119/><D119/><U32/><E32/><V120/><F120/><W117/><G117/><T78/><D78/><U121/><E71/><V130/><F133/><W46/><G62/><T87/><D128/><U57/><E121/><V50/><F130/><W29/><G29/><T63/><D6/><U103/><E103/><V134/><F134/><W27/><G27/><T39/><D63/><U115/><E23/><V131/><F131/><W5/><G5/><T94/><D7/><U86/><E57/><V110/><F125/><W92/><G92/><T0/><D0/><U55/><E55/><N who="2" m="21003" /><F67/><W44/><G44/><T36/><REACH who="0" step="1"/><D41/><REACH who="0" ten="171,348,277,194" step="2"/><U79/><E42/><V108/><F110/><W127/><G74/><T77/><D77/><U118/><E79/><V109/><F109/><W17/><REACH who="3" step="1"/><G127/><REACH who="3" ten="171,348,277,184" step="2"/><T56/><D56/><U80/><E118/><V135/><F108/><W69/><G69/><T112/><D112/><U3/><E115/><V101/><F111/><W21/><G21/><T104/><D104/><U129/><E105/><N who="2" m="63663" /><F135/><W106/><G106/><T90/><D90/><N who="1" m="51527" /><E129/><V4/><F70/><W66/><G66/><T60/><D60/><U84/><E114/><V126/><F126/><W26/><G26/><T85/><D85/><U68/><E68/><V31/><F4/><W49/><G49/><N who="2" m="18441" /><F25/><W123/><G123/><T34/><D34/><U28/><E89/><RYUUKYOKU ba="0,2" sc="171,10,348,-30,277,10,184,10" hai0="12,15,20,24,36,37,39,87,88,91,93,94,98" hai2="9,11,31,33" hai3="17,18,19,46,48,59,61,64,73,76,81,82,83" /><INIT seed="2,1,2,4,5,75" ten="181,318,287,194" oya="2" hai0="58,129,98,125,128,59,84,9,83,79,33,4,92" hai1="41,6,44,8,85,27,121,72,20,95,126,60,56" hai2="25,28,36,88,17,46,66,89,21,68,67,104,37" hai3="43,70,65,30,29,107,109,26,124,122,101,14,116"/><V13/><F104/><W7/><G30/><T80/><D33/><U32/><E32/><V64/><F68/><W91/><G122/><T1/><D83/><U112/><E72/><V49/><F37/><W82/><G116/><T106/><D106/><U111/><E112/><V23/><REACH who="2" step="1"/><F36/><REACH who="2" ten="181,318,277,194" step="2"/><W76/><G70/><T3/><D125/><U102/><E126/><V135/><F135/><W123/><G107/><T113/><D113/><U78/><E121/><V86/><F86/><W132/><G132/><T40/><D128/><U120/><E85/><V119/><F119/><W5/><G124/><T87/><D87/><U62/><E120/><V81/><F81/><W63/><G82/><T131/><D131/><U97/><E97/><V47/><F47/><W133/><G133/><T103/><D129/><U22/><E44/><V51/><F51/><W61/><G123/><T39/><REACH who="0" step="1"/><D1/><REACH who="0" ten="171,318,277,194" step="2"/><U94/><E94/><V108/><F108/><W74/><G109/><T73/><D73/><U16/><E95/><V110/><F110/><W117/><G74/><T31/><D31/><U34/><E111/><V50/><F50/><W12/><G29/><T96/><D96/><U15/><E62/><V93/><F93/><W105/><G63/><T45/><AGARI ba="1,4" hai="3,4,9,39,40,45,58,59,79,80,84,92,98,103" machi="45" ten="30,7900,0" yaku="1,1,0,1,52,1,53,1" doraHai="75" doraHaiUra="38" who="0" fromWho="0" sc="171,122,318,-21,277,-40,194,-21" /><INIT seed="3,0,0,4,0,99" ten="293,297,237,173" oya="3" hai0="88,129,60,1,68,40,35,49,107,92,90,73,134" hai1="22,127,2,108,87,117,67,135,131,103,83,125,128" hai2="27,31,81,65,14,93,13,85,33,3,82,91,58" hai3="6,55,44,101,132,74,12,29,77,118,15,76,111"/><W130/><G118/><T34/><D1/><U20/><E108/><V66/><F3/><W79/><G74/><T70/><D73/><U36/><E117/><V62/><F66/><W61/><G111/><T11/><D11/><U102/><E2/><V95/><F93/><W78/><N who="3" m="19456" /><DORA hai="59" /><W28/><G130/><N who="1" m="49706" /><E135/><V51/><F51/><N who="3" m="29159" /><G132/><T43/><D134/><U75/><E36/><V46/><F46/><W116/><G116/><T71/><D129/><U64/><E75/><V38/><F38/><W106/><G106/><T97/><D107/><U126/><E67/><V114/><F114/><W48/><G101/><N who="1" m="38410" /><E64/><V100/><F100/><W0/><G0/><T94/><D60/><U120/><E120/><V109/><F109/><W21/><G48/><T4/><D68/><U42/><E42/><V52/><F65/><W53/><G53/><T80/><D4/><U17/><E17/><V56/><REACH who="2" step="1"/><F58/><REACH who="2" ten="293,297,227,173" step="2"/><W39/><G39/><T84/><D71/><U124/><E124/><V10/><F10/><N who="3" m="4183" /><G61/><T19/><D70/><U16/><E127/><V50/><F50/><W69/><G69/><T110/><D49/><U63/><E63/><V98/><F98/><W113/><G113/><T72/><D97/><U122/><E126/><V47/><F47/><W23/><G23/><T25/><D110/><U112/><E22/><V37/><F37/><W96/><G96/><T41/><D72/><U123/><E125/><V57/><F57/><W32/><G32/><T121/><D35/><U119/><E112/><V133/><F133/><W18/><AGARI ba="0,1" hai="15,18,21,28,29" m="4183,29159,19456" machi="18" ten="40,2100,0" yaku="8,1" doraHai="99,59" who="3" fromWho="3" sc="293,-7,297,-7,227,-7,173,31" /><INIT seed="3,1,0,2,0,85" ten="286,290,220,204" oya="3" hai0="104,55,84,128,46,91,73,0,7,66,38,88,79" hai1="49,59,89,8,27,116,131,120,31,67,44,37,69" hai2="16,71,28,76,2,11,4,47,132,117,26,96,36" hai3="86,75,102,127,129,57,52,58,74,61,43,54,9"/><W111/><G127/><T126/><D126/><U53/><E120/><V25/><F117/><W121/><G121/><T112/><D66/><U62/><E116/><V65/><F132/><W122/><G122/><T78/><D104/><U101/><E101/><V35/><F76/><W42/><G129/><T63/><D63/><U72/><E131/><V83/><F83/><W34/><G34/><T113/><D128/><U125/><E125/><V22/><F96/><W20/><G111/><T94/><D73/><U114/><E72/><V60/><F47/><W81/><G75/><T109/><D109/><U105/><E105/><V97/><F97/><W30/><G74/><T17/><D91/><U24/><E114/><N who="0" m="44137" /><D17/><U10/><E89/><V1/><REACH who="2" step="1"/><F36/><REACH who="2" ten="286,290,210,204" step="2"/><W39/><G39/><T40/><D55/><U119/><E119/><V95/><F95/><W123/><G123/><T6/><D0/><AGARI ba="1,1" hai="0,1,2,4,11,16,22,25,26,28,35,60,65,71" machi="0" ten="30,3900,0" yaku="1,1,7,1,54,1,53,0" doraHai="85" doraHaiUra="124" who="2" fromWho="0" sc="286,-42,290,0,210,52,204,0" /><INIT seed="4,0,0,5,3,36" ten="244,290,262,204" oya="0" hai0="131,71,121,23,39,45,25,49,62,85,16,101,4" hai1="22,83,108,97,43,99,75,3,79,15,65,82,18" hai2="69,31,110,42,123,20,46,76,125,117,114,100,41" hai3="58,14,26,55,2,51,60,47,52,111,28,94,40"/><T113/><D121/><U87/><E108/><V17/><F110/><W35/><G2/><T48/><D113/><U37/><E3/><V12/><F114/><W7/><G111/><T124/><D131/><U70/><E37/><V119/><F123/><W24/><G94/><T67/><D124/><U116/><E43/><V127/><F69/><W27/><G7/><T44/><D4/><U6/><E6/><V133/><F133/><W132/><G132/><T135/><D135/><U122/><E116/><N who="2" m="44619" /><F100/><W91/><G91/><T130/><D130/><U1/><E1/><V98/><F98/><W134/><G134/><T9/><D9/><U66/><E122/><V128/><F128/><W61/><G14/><T11/><D11/><U68/><E68/><V89/><F89/><W106/><G106/><T115/><D115/><U13/><E13/><V73/><F31/><W129/><G129/><T104/><D85/><U96/><REACH who="1" step="1"/><E70/><REACH who="1" ten="244,280,262,204" step="2"/><V5/><F5/><W112/><G112/><T30/><D39/><U95/><E95/><V32/><F42/><W93/><G93/><T118/><D118/><U105/><E105/><V120/><F120/><W84/><G84/><T72/><D104/><U90/><AGARI ba="0,1" hai="15,18,22,65,66,75,79,82,83,87,90,96,97,99" machi="90" ten="30,4000,0" yaku="1,1,0,1,53,1" doraHai="36" doraHaiUra="80" who="1" fromWho="1" sc="244,-20,280,50,262,-10,204,-10" owari="224,-18.0,330,44.0,252,5.0,194,-31.0" /></mjloggm>