<mjloggm ver="2.3"><GO type="41" lobby="0"/><UN n0="%61%6E%64%72%69%79" n1="%EF%BD%9A%EF%BD%8B%32%37" n2="%6D%6F%6D%6F%6E%69%6E" n3="%E3%82%A6%E3%83%AB%E3%83%88%E3%83%A9%E7%AB%8B%E7%9B%B4" dan="14,13,15,15" rate="1913.84,1869.89,2010.56,2006.49" sx="F,M,M,M"/><TAIKYOKU oya="0"/><INIT seed="0,0,0,4,2,88" ten="250,250,250,250" oya="0" hai0="77,67,127,44,112,11,24,52,34,31,68,102,43" hai1="58,9,13,26,0,81,87,40,16,130,50,20,132" hai2="129,10,53,71,37,66,122,73,90,120,59,38,29" hai3="19,84,8,55,100,63,27,86,7,131,56,93,75"/><T42/><D112/><U6/><E132/><V103/><F73/><W17/><G75/><T35/><D35/><U101/><E130/><V15/><F29/><W70/><G70/><T3/><D77/><U135/><E135/><V106/><F129/><W121/><G121/><T25/><D127/><U45/><E101/><V109/><F109/><W14/><G131/><T22/><D102/><U51/><E0/><V57/><F71/><W49/><G63/><T2/><D67/><U99/><E99/><V1/><F1/><W5/><G84/><T30/><D68/><U76/><E51/><V95/><F106/><W4/><G19/><T69/><D69/><U125/><REACH who="1" step="1"/><E58/><REACH who="1" ten="250,240,250,250" step="2"/><V108/><F103/><W82/><G27/><T61/><D3/><U92/><E92/><V62/><F122/><W72/><G72/><T33/><D33/><U78/><E78/><V83/><F120/><W97/><REACH who="3" step="1"/><G4/><REACH who="3" ten="250,240,250,240" step="2"/><T91/><D61/><U114/><E114/><V54/><F62/><W105/><G105/><T80/><D34/><U118/><E118/><V98/><F108/><W124/><G124/><AGARI ba="0,2" hai="6,9,13,16,20,26,40,45,50,76,81,87,124,125" machi="124" ten="40,8000,1" yaku="1,1,25,2,54,1,53,0" doraHai="88" doraHaiUra="115" who="1" fromWho="3" sc="250,0,240,100,250,0,240,-80" /><INIT seed="1,0,0,1,1,99" ten="250,340,250,160" oya="1" hai0="103,106,63,97,102,14,133,39,18,30,91,112,37" hai1="35,11,20,95,26,90,46,123,6,42,52,60,74" hai2="19,122,72,61,66,130,1,62,16,65,77,24,111" hai3="129,25,96,31,40,120,98,58,76,115,28,68,114"/><U67/><E74/><V104/><F111/><W82/><G68/><T64/><D112/><U108/><E35/><V88/><F122/><W7/><G120/><T70/><D133/><U119/><E123/><V49/><F130/><W100/><G129/><T128/><D128/><U127/><E127/><V124/><F124/><W45/><G7/><T8/><D91/><U10/><E108/><V9/><F72/><W71/><G71/><T80/><D80/><U132/><E132/><V101/><F77/><W92/><G58/><T86/><D86/><U81/><E81/><V87/><F49/><W57/><G57/><T78/><D78/><U75/><E75/><V44/><F44/><W134/><G134/><T121/><D121/><U32/><E32/><V50/><F50/><W17/><G17/><T3/><D3/><U13/><E11/><V33/><F33/><W69/><G69/><T107/><D30/><U36/><E119/><V43/><F43/><W116/><G116/><T79/><REACH who="0" step="1"/><D79/><REACH who="0" ten="240,340,250,160" step="2"/><U56/><E90/><V29/><F29/><W55/><G31/><T47/><D47/><U12/><E12/><V83/><F1/><W125/><G125/><T21/><D21/><U51/><E95/><V59/><F9/><W84/><G98/><AGARI ba="0,1" hai="8,14,18,37,39,63,64,70,97,98,102,103,106,107" machi="98" ten="40,8000,1" yaku="1,1,9,1,52,2,53,0" doraHai="99" doraHaiUra="109" who="0" fromWho="3" sc="240,90,340,0,250,0,160,-80" /><INIT seed="2,0,0,0,2,130" ten="330,340,250,80" oya="2" hai0="86,127,104,52,99,67,91,96,11,46,102,112,134" hai1="61,94,62,48,70,90,57,109,95,43,9,41,2" hai2="75,22,25,123,59,108,32,31,60,20,28,87,126" hai3="44,16,100,8,88,98,27,14,116,29,13,101,53"/><V89/><F123/><W131/><G116/><T105/><D112/><U26/><E62/><V80/><F126/><W40/><G131/><T76/><D67/><U66/><E109/><V54/><F108/><W132/><G132/><T21/><D11/><U47/><E26/><V51/><F75/><W18/><G53/><T10/><D10/><U74/><E74/><V68/><F68/><W23/><G98/><T83/><D21/><U115/><E115/><V122/><F122/><W92/><G92/><T36/><D36/><U135/><E135/><V77/><F77/><W119/><G119/><T17/><D17/><U111/><E111/><V133/><F133/><W64/><G64/><T34/><D34/><U38/><E43/><V71/><F71/><W6/><G6/><T45/><D127/><U63/><E63/><V82/><F82/><W106/><G106/><T50/><D134/><U72/><E72/><V49/><F32/><W42/><G88/><T85/><D45/><U110/><E90/><V55/><F55/><W0/><G0/><T84/><D76/><U103/><E103/><AGARI ba="0,0" hai="46,50,52,83,84,85,86,91,96,99,102,103,104,105" machi="103" ten="40,2600,0" yaku="9,1,54,1" doraHai="130" who="0" fromWho="1" sc="330,26,340,-26,250,0,80,0" /><INIT seed="3,0,0,3,1,134" ten="356,314,250,80" oya="3" hai0="105,76,17,83,11,119,97,129,33,72,15,48,63" hai1="27,51,90,59,68,84,47,2,111,123,22,131,56" hai2="118,117,130,40,29,125,69,87,92,107,3,61,13" hai3="103,132,46,39,50,54,79,91,135,66,6,82,52"/><W93/><G103/><T98/><D119/><U127/><E68/><V85/><F107/><W95/><G39/><T81/><D33/><U102/><E123/><V64/><F3/><W21/><G66/><T35/><D35/><U45/><E2/><V0/><F0/><W99/><G6/><T88/><D129/><U121/><E121/><V43/><F130/><W62/><G95/><T19/><D105/><U9/><E9/><V104/><F104/><W106/><G106/><T18/><D63/><U112/><E112/><V55/><F29/><W124/><G21/><T12/><D48/><U44/><E102/><V101/><F101/><W77/><G77/><T49/><D49/><U34/><E34/><V10/><F55/><W109/><G109/><T23/><D19/><U65/><E111/><V108/><F108/><W7/><G7/><T100/><D100/><U36/><E36/><V74/><F74/><W53/><G124/><T113/><D113/><U30/><E127/><V60/><F125/><W16/><G16/><T5/><D5/><U73/><E73/><V80/><F92/><W28/><G28/><T115/><D115/><U24/><E24/><V31/><F31/><W67/><G135/><T14/><D14/><U37/><E37/><V94/><F94/><W4/><G4/><T32/><D32/><U116/><E116/><V78/><F87/><N who="3" m="48607" /><G132/><T70/><D70/><U122/><E122/><V89/><F78/><W38/><G38/><T8/><D23/><U133/><E133/><V57/><F118/><W120/><G120/><T128/><D128/><U114/><E131/><RYUUKYOKU ba="0,0" sc="356,15,314,-15,250,-15,80,15" hai0="8,11,12,15,17,18,72,76,81,83,88,97,98" hai3="46,50,52,53,54,62,67,91,93,99" /><INIT seed="3,1,0,4,2,51" ten="371,299,235,95" oya="3" hai0="12,67,78,125,101,104,74,39,109,23,88,65,91" hai1="20,53,71,46,77,36,87,1,16,0,34,86,105" hai2="83,27,15,72,26,123,126,85,70,122,115,17,107" hai3="68,6,10,106,76,35,24,25,89,66,121,44,96"/><W113/><G121/><N who="2" m="46089" /><F107/><W133/><G113/><T135/><D39/><U31/><E71/><V40/><F115/><W48/><G133/><T14/><D135/><U29/><E105/><V102/><F102/><W112/><G112/><T18/><D74/><U132/><E34/><V9/><F70/><W62/><G76/><T54/><D78/><U128/><E128/><V69/><F69/><W60/><G60/><T79/><D79/><U38/><E77/><N who="2" m="44455" /><F126/><W111/><G111/><T93/><D125/><U134/><E46/><V56/><F40/><W75/><G75/><T47/><D104/><U49/><E20/><V82/><F56/><W57/><G68/><T97/><D109/><U92/><E49/><V108/><F108/><W80/><G35/><T84/><D12/><U33/><E92/><V63/><F63/><W124/><G124/><T59/><D47/><U103/><E103/><V58/><F58/><W28/><G28/><T11/><D11/><U19/><REACH who="1" step="1"/><E33/><REACH who="1" ten="371,289,235,95" step="2"/><V94/><F94/><W52/><G106/><T100/><D100/><U120/><E120/><V129/><F129/><W99/><G99/><T117/><D101/><U114/><E114/><V50/><F50/><W130/><G130/><T98/><D98/><U30/><E30/><V41/><F41/><W55/><G96/><T119/><D67/><U73/><E73/><V5/><F5/><W45/><G66/><T127/><D65/><U90/><E90/><AGARI ba="1,1" hai="9,15,17,26,27,82,85,90" m="44455,46089" machi="90" ten="30,1000,0" yaku="13,1" doraHai="51" who="2" fromWho="1" sc="371,0,289,-13,235,23,95,0" /><INIT seed="4,0,0,3,0,131" ten="371,276,258,95" oya="0" hai0="134,61,54,90,123,104,108,68,115,66,119,16,100" hai1="83,103,20,56,6,71,77,59,112,121,22,86,57" hai2="85,127,80,41,40,42,8,87,111,4,117,43,26" hai3="36,95,13,11,19,130,102,35,125,29,1,113,74"/><T132/><D119/><U94/><E71/><V32/><F111/><W5/><G36/><T17/><D123/><U52/><E121/><V91/><F127/><W96/><G74/><T70/><D108/><U118/><E118/><V7/><F117/><W30/><G125/><T63/><D90/><U82/><E82/><V24/><F32/><W109/><G109/><T3/><D3/><U116/><E116/><V129/><F129/><W133/><G130/><T21/><D115/><U48/><E6/><V73/><F73/><W114/><G95/><T15/><D17/><U110/><E110/><V58/><F58/><W28/><G96/><T18/><D18/><U128/><E128/><V2/><N who="2" m="10752" /><DORA hai="12" /><V47/><F47/><W122/><G102/><T98/><REACH who="0" step="1"/><D54/><REACH who="0" ten="361,276,258,95" step="2"/><U135/><E112/><N who="3" m="43114" /><G122/><T14/><D14/><U39/><E135/><V25/><F7/><W27/><G133/><T33/><D33/><U45/><E39/><V84/><AGARI ba="0,1" hai="2,4,8,24,25,26,80,84,85,87,91" m="10752" machi="84" ten="50,1600,0" yaku="0,1" doraHai="131,12" who="2" fromWho="2" sc="361,-8,276,-4,258,26,95,-4" /><INIT seed="5,0,0,5,3,109" ten="353,272,284,91" oya="1" hai0="87,101,9,96,116,48,77,36,24,13,92,124,103" hai1="83,14,18,38,106,84,27,57,89,60,98,59,121" hai2="88,104,29,37,2,118,33,68,47,3,19,5,12" hai3="16,95,86,105,28,122,44,128,79,99,94,93,132"/><U15/><E121/><V133/><F104/><W1/><G1/><T30/><D36/><U134/><E38/><V34/><F68/><W54/><G28/><T53/><D116/><U107/><E134/><V131/><F37/><W63/><G122/><T39/><D39/><U119/><E119/><V117/><F47/><W4/><G4/><T111/><D111/><U82/><E82/><V17/><F88/><W58/><G132/><T43/><D43/><U40/><E40/><V70/><F70/><W11/><G128/><T97/><D124/><U41/><E41/><V31/><F133/><W22/><G11/><T61/><D61/><U55/><E27/><V127/><F127/><W123/><G123/><T71/><D71/><U62/><E98/><V72/><F72/><W7/><G7/><T35/><D87/><U73/><E73/><V32/><F131/><W65/><G105/><T113/><D77/><U78/><E14/><V21/><F118/><W64/><G44/><T126/><D126/><U23/><REACH who="1" step="1"/><E78/><REACH who="1" ten="353,262,284,91" step="2"/><V102/><F117/><W42/><G42/><T125/><D125/><U135/><E135/><V67/><F12/><N who="3" m="9479" /><G99/><T49/><D97/><U90/><E90/><V115/><F3/><W20/><G20/><T74/><D74/><U66/><AGARI ba="0,1" hai="15,18,23,55,57,59,60,62,66,83,84,89,106,107" machi="66" ten="20,3900,0" yaku="1,1,0,1,7,1,53,0" doraHai="109" doraHaiUra="120" who="1" fromWho="1" sc="353,-13,262,49,284,-13,91,-13" /><INIT seed="5,1,0,5,4,125" ten="340,311,271,78" oya="1" hai0="62,123,72,64,48,40,15,2,80,127,113,131,47" hai1="96,3,41,85,118,81,5,133,76,53,117,99,26" hai2="105,35,43,7,37,56,13,18,38,93,6,19,22" hai3="65,25,74,33,60,34,28,70,69,9,30,79,88"/><U10/><E26/><V16/><F105/><W83/><G88/><T122/><D2/><U114/><E133/><V21/><F35/><W82/><G9/><T86/><D72/><U107/><E114/><V4/><F43/><W59/><G59/><N who="0" m="36959" /><D113/><U103/><E96/><V42/><F42/><W84/><G84/><T94/><D94/><U51/><REACH who="1" step="1"/><E41/><REACH who="1" ten="340,301,271,78" step="2"/><V91/><F38/><W58/><G82/><T111/><D40/><U135/><E135/><V87/><F37/><W23/><G23/><T102/><D80/><U12/><E12/><V90/><F13/><W46/><G46/><AGARI ba="1,1" hai="3,5,10,46,51,53,76,81,85,99,103,107,117,118" machi="46" ten="30,2900,0" yaku="1,1,7,1,53,0" doraHai="125" doraHaiUra="17" who="1" fromWho="3" sc="340,0,301,42,271,0,78,-32" /><INIT seed="5,2,0,0,1,124" ten="340,343,271,46" oya="1" hai0="57,70,98,90,43,4,75,31,71,128,131,15,89" hai1="17,126,33,46,94,101,14,80,24,84,117,105,47" hai2="38,113,42,116,127,54,28,1,37,129,72,50,30" hai3="112,69,111,52,13,123,120,36,16,87,39,109,114"/><U103/><E105/><V76/><F116/><W60/><G87/><T99/><D75/><U11/><E117/><V133/><F1/><W55/><G13/><T2/><D2/><U96/><E103/><V106/><F106/><W20/><G20/><T62/><D43/><U23/><E33/><V32/><F32/><W64/><G16/><T34/><D34/><U3/><E3/><V18/><F18/><W66/><G60/><T135/><D31/><U86/><E86/><V56/><F127/><W134/><G69/><T5/><D62/><U63/><E63/><V77/><F133/><AGARI ba="2,0" hai="36,39,52,55,64,66,109,111,112,114,120,123,133,134" machi="133" ten="25,12000,2" yaku="22,2,34,3,54,1" doraHai="124" who="3" fromWho="2" sc="340,0,343,0,271,-126,46,126" /><INIT seed="6,0,0,0,3,55" ten="340,343,145,172" oya="2" hai0="39,63,20,135,111,72,16,23,106,120,134,67,15" hai1="132,73,50,2,71,89,75,64,34,8,27,60,47" hai2="82,97,6,77,100,102,90,133,115,104,44,42,105" hai3="0,48,81,131,88,84,114,37,30,11,28,126,79"/><V74/><F6/><W17/><G37/><T45/><D120/><U129/><E129/><V70/><F70/><W80/><G131/><T35/><D111/><U110/><E110/><V113/><F42/><W116/><G116/><T101/><D72/><U128/><E128/><V96/><F44/><W12/><G126/><T43/><D35/><U93/><E132/><N who="0" m="50729" /><D101/><U127/><E127/><V58/><F133/><W31/><G114/><N who="2" m="43529" /><F58/><W32/><G0/><T98/><D98/><N who="2" m="37994" /><F90/><W108/><G108/><T5/><D5/><U78/><E8/><V121/><F121/><W29/><N who="3" m="7680" /><DORA hai="3" /><W46/><G32/><T14/><D106/><AGARI ba="0,0" hai="74,77,82,100,102,104,105,106" m="37994,43529" machi="106" ten="30,5800,0" yaku="15,1,34,2" doraHai="55,3" who="2" fromWho="0" sc="340,-58,343,0,145,58,172,0" /><INIT seed="6,1,0,0,1,36" ten="282,343,203,172" oya="2" hai0="23,19,80,96,15,30,49,34,10,1,17,118,69" hai1="100,20,106,28,60,109,94,123,112,31,25,114,103" hai2="58,11,88,74,91,38,21,53,107,135,48,39,56" hai3="47,5,46,126,32,65,41,27,133,128,97,117,61"/><V125/><F74/><W78/><G117/><T104/><D69/><U55/><E109/><V79/><F107/><W13/><G126/><T110/><D110/><U26/><E123/><V67/><F79/><W35/><G128/><T85/><D118/><U73/><E73/><V84/><F125/><W89/><G133/><T75/><D75/><U12/><E12/><V92/><F135/><W77/><G47/><T105/><D96/><U16/><E106/><V68/><F68/><W42/><G35/><T113/><D113/><U0/><E0/><V62/><F11/><N who="3" m="4335" /><G32/><T43/><D1/><U51/><E60/><V70/><F70/><W8/><G46/><N who="0" m="25823" /><D34/><U50/><E94/><V24/><REACH who="2" step="1"/><F91/><REACH who="2" ten="282,343,193,172" step="2"/><W90/><G8/><T108/><D108/><U115/><E26/><V102/><F102/><N who="1" m="38953" /><E50/><V52/><F52/><W95/><G27/><N who="0" m="16767" /><D104/><U83/><E83/><V116/><F116/><W99/><G78/><N who="0" m="46231" /><D105/><U119/><E119/><V82/><F82/><W7/><G77/><T37/><D37/><U71/><E71/><V134/><F134/><W81/><G81/><T3/><D3/><U87/><E55/><V124/><F124/><W44/><G89/><T127/><D127/><U54/><E54/><V45/><F45/><W6/><G44/><T129/><D129/><U22/><E51/><V131/><F131/><W2/><G2/><T98/><D98/><U130/><E130/><V33/><F33/><W122/><G99/><T66/><D66/><U63/><E115/><V4/><F4/><AGARI ba="1,1" hai="4,10,15,17,19" m="46231,16767,25823" machi="4" ten="30,3900,0" yaku="25,1,8,1,52,1" doraHai="36" who="0" fromWho="2" sc="282,52,343,0,193,-42,172,0" /><INIT seed="7,0,0,2,2,95" ten="334,343,151,172" oya="3" hai0="101,77,7,114,126,64,105,50,58,81,9,53,70" hai1="71,43,78,84,19,24,25,132,11,112,122,54,110" hai2="60,16,97,26,21,102,106,27,83,36,22,39,61" hai3="119,68,33,88,31,75,57,94,59,82,104,42,100"/><W69/><G119/><T98/><D126/><U85/><E110/><V76/><F61/><W109/><G109/><T14/><D114/><U72/><E71/><V62/><F62/><W129/><G69/><T20/><D20/><U124/><E122/><V121/><F121/><W55/><G68/><T92/><D70/><U2/><E54/><V131/><F131/><W44/><G129/><T12/><D64/><U111/><E43/><V118/><F60/><W23/><G33/><T13/><D105/><U96/><E96/><V65/><F65/><W49/><G31/><T73/><AGARI ba="0,0" hai="7,9,12,13,14,50,53,58,73,77,81,92,98,101" machi="73" ten="20,2700,0" yaku="0,1,7,1,52,1" doraHai="95" who="0" fromWho="0" sc="334,27,343,-7,151,-7,172,-13" owari="361,46.0,336,14.0,144,-36.0,159,-24.0" /></mjloggm>