<mjloggm ver="2.3"><GO type="97" lobby="0"/><UN n0="%E8%A5%BF%E6%96%B0%E5%AE%BF%E3%81%AE%E9%A2%A8%E8%A6%8B" n1="%E3%82%A6%E3%83%AB%E3%83%88%E3%83%A9%E7%AB%8B%E7%9B%B4" n2="%68%69%79%6F%74%6F%61%65" n3="%2A%E3%81%B6%E3%81%A3%E3%81%A1%2A" dan="13,14,14,14" rate="1871.15,1943.18,1966.45,1961.76" sx="M,M,M,M"/><TAIKYOKU oya="0"/><INIT seed="0,0,0,3,0,52" ten="250,250,250,250" oya="0" hai0="36,116,67,99,76,51,109,49,1,74,18,66,107" hai1="72,133,100,17,45,83,33,6,123,56,69,103,117" hai2="5,114,88,53,86,111,85,128,12,119,60,42,32" hai3="131,113,0,91,78,3,126,94,104,21,96,41,38"/><T7/><D36/><U15/><E69/><V110/><F114/><W34/><G113/><T121/><D121/><U57/><E33/><V105/><F105/><W102/><G34/><T16/><D116/><U28/><E123/><V125/><F32/><W13/><G131/><T22/><D109/><N who="2" m="41482" /><F128/><W63/><G78/><T68/><D76/><U23/><E117/><V75/><F75/><W97/><G126/><T89/><D74/><U40/><E133/><V50/><F119/><W62/><G38/><T11/><D68/><U80/><E28/><V92/><F125/><W58/><G41/><T29/><D29/><U20/><E6/><V90/><F42/><W47/><G47/><T129/><D129/><U77/><E23/><V31/><F31/><W55/><G63/><T35/><D35/><U8/><E20/><V48/><F5/><W98/><G98/><T82/><D18/><U81/><E77/><V73/><F12/><W124/><G124/><T101/><D66/><U120/><E72/><V79/><F73/><W44/><G44/><T134/><D67/><U25/><E25/><V71/><F79/><W14/><REACH who="3" step="1"/><G21/><REACH who="3" ten="250,250,250,240" step="2"/><T24/><REACH who="0" step="1"/><D134/><REACH who="0" ten="240,250,250,240" step="2"/><U10/><E120/><V64/><F53/><W61/><G61/><T112/><D112/><U108/><E108/><V93/><AGARI ba="0,2" hai="48,50,60,64,71,85,86,88,90,92,93" m="41482" machi="93" ten="30,2000,0" yaku="14,1,54,1" doraHai="52" who="2" fromWho="2" sc="240,-10,250,-5,250,40,240,-5" /><INIT seed="1,0,0,2,0,76" ten="230,245,290,235" oya="1" hai0="47,129,77,92,69,71,115,14,56,74,68,7,46" hai1="132,104,102,106,101,48,63,8,70,5,31,45,67" hai2="100,38,32,33,133,120,123,81,111,55,53,130,121" hai3="49,20,44,13,78,27,72,9,25,93,36,82,122"/><U37/><E37/><V64/><F38/><W85/><G36/><T40/><D115/><U35/><E132/><V2/><F2/><W54/><G122/><T30/><D30/><U99/><E31/><V62/><F133/><W94/><G72/><T75/><D129/><U124/><E35/><V17/><F130/><W118/><G118/><T22/><D56/><U65/><E124/><V113/><F113/><W98/><G98/><T128/><D128/><U80/><E80/><V83/><F100/><W73/><G73/><T108/><D108/><U4/><E67/><V28/><F17/><W112/><G112/><T15/><D92/><N who="3" m="35433" /><G20/><T127/><D127/><U26/><E26/><V29/><F111/><W3/><G3/><T90/><D90/><U135/><E135/><V125/><F125/><W59/><G59/><T18/><D40/><U60/><E60/><V23/><F23/><W114/><G114/><T89/><D89/><U57/><E70/><V16/><F16/><AGARI ba="0,0" hai="9,13,16,25,27,44,49,54,78,82,85" m="35433" machi="16" ten="30,3900,0" yaku="8,1,52,1,54,1" doraHai="76" who="3" fromWho="2" sc="230,0,245,0,290,-39,235,39" /><INIT seed="2,0,0,3,0,130" ten="230,245,251,274" oya="2" hai0="99,2,1,78,28,67,50,89,64,56,48,5,31" hai1="41,87,80,108,47,39,18,129,53,74,81,36,90" hai2="22,51,95,29,121,82,11,13,91,110,17,54,16" hai3="112,8,114,14,109,63,9,68,76,96,73,102,115"/><V72/><F121/><W118/><G118/><T6/><D78/><U127/><E129/><V133/><F133/><W75/><G109/><T21/><D21/><U43/><E108/><V71/><F71/><W103/><G76/><T62/><D89/><U119/><E119/><V58/><F110/><W101/><G96/><T23/><D23/><U0/><E0/><V35/><F35/><W88/><G88/><T60/><D99/><U94/><E127/><V24/><F72/><N who="3" m="27723" /><G14/><T33/><REACH who="0" step="1"/><D56/><REACH who="0" ten="220,245,251,274" step="2"/><U124/><E90/><V40/><F82/><W122/><G122/><T4/><D4/><U57/><E81/><V107/><F107/><W10/><G68/><T44/><D44/><U86/><E80/><V83/><F83/><W84/><G84/><T7/><D7/><U46/><E18/><N who="2" m="8511" /><F40/><W52/><G9/><T15/><D15/><U25/><E25/><V131/><F131/><W100/><N who="3" m="25600" /><DORA hai="111" /><W104/><G104/><T34/><AGARI ba="0,1" hai="1,2,5,6,28,31,33,34,48,50,60,62,64,67" machi="34" ten="25,12000,2" yaku="1,1,0,1,22,2,53,2" doraHai="130,111" doraHaiUra="27,98" who="0" fromWho="0" sc="220,130,245,-30,251,-60,274,-30" /><INIT seed="3,0,0,2,5,18" ten="350,215,191,244" oya="3" hai0="105,104,53,34,43,121,110,128,80,51,65,124,55" hai1="24,89,92,94,44,132,6,19,39,135,130,97,10" hai2="129,30,103,50,1,66,23,2,107,68,81,8,31" hai3="61,101,7,64,13,58,84,32,16,122,120,106,62"/><W33/><G7/><T119/><D34/><U47/><E130/><V27/><F129/><W125/><G125/><T111/><D121/><U70/><E70/><V85/><F8/><W117/><G117/><T116/><D128/><U134/><E39/><V115/><F115/><W25/><G84/><T26/><D124/><U36/><E36/><V28/><F68/><W57/><G101/><T99/><D65/><U74/><E74/><V63/><F107/><N who="0" m="41034" /><D80/><U42/><E42/><V133/><F133/><W83/><G106/><T12/><D99/><U69/><E69/><V96/><F103/><W86/><G120/><T41/><D26/><U118/><E118/><N who="0" m="45097" /><D12/><N who="1" m="5207" /><E92/><V52/><F96/><W0/><G122/><T77/><D77/><U131/><E131/><V5/><F5/><W67/><G25/><T35/><D35/><U76/><E76/><N who="2" m="46247" /><F2/><W87/><G0/><T90/><D90/><U48/><E48/><V46/><F1/><W37/><G37/><T59/><D53/><U9/><E9/><V72/><F72/><W114/><G114/><T108/><AGARI ba="0,0" hai="41,43,51,55,59,108,110,111" m="45097,41034" machi="108" ten="40,1500,0" yaku="14,1" doraHai="18" who="0" fromWho="0" sc="350,15,215,-4,191,-4,244,-7" owari="365,46.0,211,-19.0,187,-31.0,237,4.0" /></mjloggm>