<mjloggm ver="2.3"><GO type="33" lobby="0"/><UN n0="%E5%B0%B1%E6%B4%BB%E7%94%9F%40%E5%B7%9D%E6%9D%91%E8%BB%8D%E5%9B%A3" n1="%E5%8D%98%E5%93%81%E3%81%A3%E5%AD%90%E3%80%82" n2="%E8%B6%85%E7%8D%A3%EF%BC%A7%EF%BC%A9%EF%BC%A7%EF%BC%A1" n3="%E4%BA%BA%E5%92%8C" dan="13,15,14,15" rate="1850.77,1988.96,1921.42,1904.93" sx="M,M,M,M"/><TAIKYOKU oya="0"/><INIT seed="0,0,0,4,4,125" ten="250,250,250,250" oya="0" hai0="17,60,114,98,22,7,8,33,26,132,31,36,76" hai1="103,27,70,91,39,106,62,102,15,67,5,81,94" hai2="19,119,45,97,1,75,112,2,133,13,6,107,32" hai3="109,80,105,77,95,127,117,113,52,68,69,50,34"/><T49/><D114/><U126/><E106/><V37/><F112/><W79/><G113/><T40/><D36/><U88/><E39/><V130/><F133/><W20/><G117/><T73/><D132/><U123/><E123/><V44/><F119/><W83/><G105/><T96/><D60/><U48/><E126/><V12/><F75/><W30/><G34/><T41/><D73/><U134/><E134/><V78/><F78/><W92/><G127/><T65/><D65/><U129/><E81/><N who="3" m="31306" /><G109/><T116/><D76/><N who="3" m="29257" /><G69/><T0/><D116/><U42/><E91/><V61/><F107/><W72/><G68/><T115/><D115/><U59/><E70/><V131/><F32/><W64/><G64/><T21/><D21/><U110/><E27/><V82/><F61/><W101/><G72/><T118/><D118/><U25/><E25/><V120/><F82/><W108/><G108/><T135/><D135/><U43/><E110/><V66/><F66/><W4/><G4/><T122/><D122/><U18/><E5/><V9/><F120/><W46/><G101/><T89/><D49/><U56/><E103/><V99/><F37/><W38/><G38/><T35/><D35/><U29/><E102/><V47/><F2/><W124/><G124/><T55/><D55/><U86/><E43/><N who="0" m="16457" /><D89/><U128/><E42/><V100/><F1/><W121/><G121/><T57/><D57/><U11/><E29/><V58/><F58/><W3/><G3/><T90/><D90/><U111/><E111/><V63/><F63/><W84/><G84/><T104/><D104/><U71/><E71/><RYUUKYOKU ba="0,0" sc="250,10,250,10,250,-30,250,10" hai0="0,7,8,17,22,26,31,33,96,98" hai1="11,15,18,48,56,59,62,67,86,88,94,128,129" hai3="20,30,46,50,52,92,95" /><INIT seed="0,1,0,4,3,44" ten="260,260,220,260" oya="0" hai0="0,18,51,10,65,37,117,94,54,11,116,45,62" hai1="6,41,113,13,77,34,48,97,133,129,21,23,135" hai2="103,47,30,82,39,81,88,67,89,86,128,57,104" hai3="12,2,25,43,20,125,27,111,40,33,49,56,96"/><T110/><D37/><U115/><E34/><V109/><F109/><W16/><G111/><T106/><D110/><U38/><E38/><V15/><F128/><W4/><G125/><T24/><D106/><U32/><E32/><V17/><F30/><W102/><G33/><T74/><D74/><U60/><E60/><N who="2" m="38287" /><F104/><W75/><G75/><T22/><D94/><U120/><E120/><V126/><F39/><W52/><G2/><T14/><D0/><U92/><E129/><V53/><F103/><W87/><G87/><T31/><REACH who="0" step="1"/><D11/><REACH who="0" ten="250,260,220,260" step="2"/><U26/><E115/><V36/><F36/><W118/><G118/><T8/><D8/><N who="1" m="4247" /><E113/><V91/><F126/><W19/><G4/><T130/><D130/><U55/><E133/><V105/><F105/><W9/><G27/><T100/><D100/><U85/><E135/><V93/><F93/><AGARI ba="1,1" hai="9,12,16,19,20,25,40,43,49,52,56,93,96,102" machi="93" ten="30,8000,1" yaku="7,1,8,1,52,1,54,2" doraHai="44" who="3" fromWho="2" sc="250,0,260,0,220,-83,260,93" /><INIT seed="1,0,0,2,3,43" ten="250,260,137,353" oya="1" hai0="87,13,72,45,2,78,115,91,27,105,108,34,60" hai1="19,70,23,79,12,16,52,81,86,55,9,65,4" hai2="56,100,110,29,26,106,51,131,90,10,64,126,95" hai3="123,134,67,48,11,127,24,18,88,31,104,83,20"/><U7/><E70/><V132/><F110/><W84/><G123/><T124/><D2/><U33/><E33/><V109/><F109/><W25/><G134/><T63/><D105/><U54/><REACH who="1" step="1"/><E65/><REACH who="1" ten="250,250,137,353" step="2"/><V99/><F64/><W76/><G67/><T102/><D34/><U40/><E40/><V44/><F132/><W101/><G127/><T111/><D108/><U119/><E119/><V35/><F126/><W71/><G71/><T5/><D111/><U49/><E49/><V73/><F131/><W41/><G48/><T50/><D124/><U15/><AGARI ba="0,1" hai="4,7,9,12,15,16,19,23,52,54,55,79,81,86" machi="15" ten="30,18000,2" yaku="1,1,0,1,8,1,54,2,53,1" doraHai="43" doraHaiUra="74" who="1" fromWho="1" sc="250,-60,250,190,137,-60,353,-60" /><INIT seed="1,1,0,4,1,103" ten="190,440,77,293" oya="1" hai0="99,43,110,102,62,18,57,8,130,127,23,32,95" hai1="49,42,90,70,33,69,86,133,135,88,77,75,100" hai2="131,61,120,96,40,17,28,35,10,71,113,101,134" hai3="50,114,45,39,84,9,63,4,87,7,129,119,46"/><U34/><E75/><V53/><F120/><W111/><G111/><T73/><D32/><U59/><E100/><V104/><F40/><W132/><G114/><T38/><D73/><U14/><E77/><V93/><F113/><W118/><G132/><N who="1" m="50762" /><E90/><V1/><F134/><W41/><G63/><T67/><D127/><U83/><E14/><V58/><F131/><W116/><G129/><T125/><D130/><U115/><E115/><V31/><F35/><N who="1" m="13321" /><E42/><V0/><F71/><W121/><G121/><T29/><D125/><U30/><E30/><V98/><F1/><N who="3" m="143" /><G7/><T11/><D110/><U112/><E112/><V97/><F0/><W80/><G80/><T13/><D43/><AGARI ba="1,0" hai="39,41,43,45,46,50,84,87,116,118,119" m="143" machi="43" ten="30,1000,0" yaku="12,1" doraHai="103" who="3" fromWho="0" sc="190,-13,440,0,77,0,293,13" /><INIT seed="2,0,0,0,0,57" ten="177,440,77,306" oya="2" hai0="82,115,40,75,38,70,25,130,30,87,99,42,96" hai1="72,73,85,27,3,101,36,31,71,8,67,49,112" hai2="128,7,68,93,125,97,60,92,122,81,9,29,20" hai3="53,21,105,123,118,74,109,103,77,18,121,131,63"/><V135/><F122/><W111/><G131/><T116/><D75/><U83/><E36/><V64/><F128/><W126/><G126/><T54/><D130/><U50/><E101/><V90/><F125/><W6/><G6/><T24/><D115/><U59/><E71/><V22/><F135/><W28/><G28/><T19/><D116/><U106/><E106/><V55/><F81/><W84/><G74/><T113/><D113/><U43/><E112/><V0/><F29/><W100/><G118/><T2/><D2/><U35/><E43/><V88/><REACH who="2" step="1"/><F55/><REACH who="2" ten="177,440,67,306" step="2"/><W56/><G121/><T80/><D54/><U76/><E72/><V65/><F65/><W15/><G123/><T5/><D30/><U98/><E73/><V46/><F46/><W119/><G119/><T91/><D80/><U129/><E129/><V104/><F104/><W45/><G105/><T86/><D82/><U95/><E67/><V61/><F61/><W78/><G45/><T4/><D38/><U17/><E83/><V108/><F108/><W102/><G78/><T33/><D33/><U94/><E31/><V133/><F133/><W39/><G39/><T134/><D134/><U1/><E35/><V79/><F79/><W13/><G77/><T26/><D70/><U32/><E32/><V62/><F62/><W34/><G34/><T107/><D107/><U47/><E76/><V124/><F124/><W89/><G111/><T37/><D37/><U120/><E120/><V127/><F127/><W69/><G69/><T132/><D132/><U48/><E47/><V114/><F114/><W52/><G109/><RYUUKYOKU ba="0,1" sc="177,-10,440,-10,67,30,306,-10" hai2="0,7,9,20,22,60,64,68,88,90,92,93,97" /><INIT seed="2,1,1,0,3,63" ten="167,430,97,296" oya="2" hai0="90,82,98,42,7,50,49,84,33,13,132,18,60" hai1="54,101,133,36,65,112,55,72,39,26,34,110,37" hai2="64,88,103,52,109,15,77,47,40,74,44,0,48" hai3="56,28,117,58,53,68,115,78,14,124,125,106,118"/><V135/><F0/><W96/><G78/><T2/><D33/><U71/><E72/><V102/><F135/><W89/><G28/><T1/><D132/><U80/><E133/><V6/><F109/><W87/><G68/><T70/><D7/><U66/><E80/><V22/><F74/><W20/><G115/><T51/><D42/><U75/><E75/><V67/><F77/><W119/><G53/><N who="1" m="19978" /><E101/><N who="2" m="38411" /><F22/><W104/><G96/><T111/><D98/><U19/><E19/><V21/><F21/><W81/><G20/><T45/><D45/><U108/><E26/><V107/><F107/><N who="3" m="41003" /><G14/><T134/><D134/><U128/><E34/><V120/><F120/><W59/><G89/><T38/><D111/><N who="1" m="42539" /><E112/><V113/><F113/><W121/><G81/><T131/><D38/><U91/><E91/><V35/><F35/><W69/><G69/><T73/><D73/><U17/><E17/><V29/><F29/><W12/><G121/><T85/><D85/><U86/><E86/><V31/><F31/><W94/><G87/><T100/><D100/><U105/><E105/><V10/><F88/><W95/><G12/><T11/><D90/><U16/><E16/><V41/><F47/><W46/><G46/><T25/><D84/><U62/><E128/><V97/><F97/><W23/><G23/><T61/><D131/><U9/><E9/><V129/><F129/><W24/><G24/><T76/><D82/><U57/><E71/><V83/><F83/><W8/><G8/><T3/><D76/><U5/><E5/><V122/><F122/><W27/><G27/><T123/><D70/><RYUUKYOKU ba="1,1" sc="167,-30,430,10,97,10,296,10" hai1="36,37,39,57,62,65,66" hai2="6,10,15,40,41,44,48,52,64,67" hai3="56,58,59,94,95,117,118,119,124,125" /><INIT seed="2,2,1,1,2,97" ten="137,440,107,306" oya="2" hai0="37,84,88,54,42,7,117,59,27,107,41,109,5" hai1="92,43,70,91,38,11,119,71,128,124,113,21,132" hai2="34,112,89,129,51,101,12,4,134,53,10,90,24" hai3="1,82,47,76,32,105,72,121,116,29,44,30,26"/><V87/><F112/><W118/><G121/><T86/><D107/><U23/><E113/><V130/><F134/><W115/><G115/><T56/><D37/><U106/><E106/><V6/><F6/><N who="0" m="2058" /><D117/><U122/><E122/><V31/><F101/><W108/><G108/><T66/><D109/><U85/><E119/><V9/><F10/><W46/><G105/><T17/><D84/><U63/><E132/><V133/><F133/><W33/><G1/><T123/><D123/><U36/><E11/><V114/><F114/><W35/><REACH who="3" step="1"/><G35/><REACH who="3" ten="137,440,107,296" step="2"/><T28/><D42/><U13/><E43/><V77/><F77/><W61/><G61/><N who="0" m="38183" /><D41/><U120/><E120/><V68/><F68/><W60/><G60/><N who="0" m="35959" /><D28/><U50/><E63/><V15/><F51/><W93/><G93/><N who="0" m="54423" /><D17/><U55/><E50/><V131/><F53/><W2/><G2/><T16/><D16/><U94/><E55/><V14/><REACH who="2" step="1"/><F87/><REACH who="2" ten="137,440,97,296" step="2"/><W58/><G58/><T73/><D73/><U96/><E71/><V110/><F110/><W102/><G102/><T52/><D52/><U104/><E70/><V80/><F80/><W103/><G103/><T19/><D19/><U98/><E85/><V25/><F25/><AGARI ba="2,3" hai="25,26,29,30,32,33,44,46,47,72,76,82,116,118" machi="25" ten="40,2600,0" yaku="1,1,9,1,53,0" doraHai="97" doraHaiUra="127" who="3" fromWho="2" sc="137,0,440,0,97,-32,296,62" /><AGARI ba="2,0" hai="25,27" m="54423,35959,38183,2058" machi="25" ten="30,2000,0" yaku="8,1,54,1" doraHai="97" who="0" fromWho="2" sc="137,20,440,0,65,-20,358,0" /><INIT seed="3,0,0,5,0,43" ten="157,440,45,358" oya="3" hai0="39,3,70,19,53,123,129,113,51,9,73,125,68" hai1="103,91,117,6,77,21,44,74,32,37,1,40,76" hai2="36,83,127,97,84,65,98,18,104,108,64,115,85" hai3="61,26,82,134,116,58,10,120,101,78,112,54,52"/><W105/><G112/><T20/><D39/><U45/><E32/><V71/><F115/><W99/><G116/><T66/><D73/><U81/><E117/><V89/><F108/><W67/><G120/><T86/><D123/><U55/><E77/><V100/><F127/><W27/><G134/><T114/><D125/><U34/><E34/><V107/><F36/><W16/><G26/><T132/><D132/><U28/><E103/><V7/><F7/><W119/><G119/><T106/><D129/><U102/><E102/><N who="2" m="62543" /><F18/><W33/><G10/><T135/><D106/><U49/><E91/><N who="2" m="51615" /><F65/><W118/><G118/><T11/><D135/><U8/><E21/><V22/><F22/><W62/><G16/><T31/><D31/><AGARI ba="0,0" hai="1,6,8,28,31,37,40,44,45,49,55,74,76,81" machi="31" ten="40,8000,1" yaku="25,2,52,2" doraHai="43" who="1" fromWho="0" sc="157,-80,440,80,45,0,358,0" owari="77,-32.0,520,61.0,45,-45.0,358,16.0" /></mjloggm>