<mjloggm ver="2.3"><GO type="193" lobby="0"/><UN n0="%E5%B0%B1%E6%B4%BB%E7%94%9F%40%E5%B7%9D%E6%9D%91%E8%BB%8D%E5%9B%A3" n1="%4D%32%35%32%35" n2="%79%61%6D%61%6B%79%6F" n3="%61%65%74%61%6B%75%6E" dan="11,11,13,12" rate="1755.21,1632.36,1770.40,1716.52" sx="M,F,M,M"/><TAIKYOKU oya="0"/><INIT seed="0,0,0,3,5,26" ten="250,250,250,250" oya="0" hai0="25,24,3,13,7,89,130,32,48,114,109,31,118" hai1="101,18,55,46,60,9,99,91,122,27,121,93,125" hai2="79,98,112,64,67,34,19,134,16,108,100,127,57" hai3="49,4,73,85,119,50,71,84,110,74,41,2,75"/><T35/><D118/><U65/><E125/><V43/><F127/><W39/><G119/><T53/><D114/><U132/><E132/><V87/><F134/><W124/><G71/><T33/><D130/><U88/><E122/><V76/><F112/><W129/><G124/><T96/><D109/><U42/><E121/><V29/><F108/><W36/><G110/><T66/><D66/><U82/><E82/><V128/><F128/><W21/><G129/><T1/><D25/><U83/><E83/><V131/><F43/><W111/><G111/><T120/><D120/><U54/><E65/><V37/><F37/><W11/><G21/><T14/><D96/><U104/><E60/><V28/><F131/><W44/><REACH who="3" step="1"/><G50/><REACH who="3" ten="250,250,250,240" step="2"/><T38/><D38/><AGARI ba="0,1" hai="2,4,11,36,38,39,41,44,49,73,74,75,84,85" machi="38" ten="50,3200,0" yaku="1,1,2,1,53,0" doraHai="26" doraHaiUra="8" who="3" fromWho="0" sc="250,-32,250,0,250,0,240,42" /><INIT seed="1,0,0,2,4,89" ten="218,250,250,282" oya="1" hai0="72,2,43,125,132,8,35,5,57,131,78,18,60" hai1="47,117,115,119,14,87,40,56,16,111,28,0,11" hai2="23,130,98,114,41,129,61,84,21,24,20,37,75" hai3="91,118,81,85,30,105,123,96,103,68,4,42,66"/><U69/><E69/><V45/><F75/><W107/><G42/><T39/><D125/><U50/><E115/><V54/><F84/><W127/><G4/><T79/><D131/><N who="2" m="50186" /><F114/><W48/><G48/><T77/><D132/><U90/><E0/><V122/><F122/><W6/><G6/><T94/><D35/><U19/><E111/><V44/><F44/><W97/><G30/><T15/><D43/><U73/><E73/><V63/><F54/><W100/><G123/><T83/><D39/><U49/><E28/><N who="2" m="17415" /><F98/><W65/><G127/><T121/><D121/><U34/><E19/><V88/><F88/><W3/><G3/><T46/><D46/><U7/><E34/><V120/><F120/><W102/><G118/><T12/><D2/><U101/><E101/><V53/><F53/><W106/><REACH who="3" step="1"/><G68/><REACH who="3" ten="218,250,250,272" step="2"/><T22/><D94/><N who="1" m="54623" /><E119/><V112/><F112/><W58/><G58/><T92/><D92/><U124/><E117/><V80/><F80/><W64/><AGARI ba="0,1" hai="64,65,66,81,85,91,96,97,100,102,103,105,106,107" machi="64" ten="40,8000,1" yaku="1,1,0,1,29,2,53,0" doraHai="89" doraHaiUra="59" who="3" fromWho="3" sc="218,-20,250,-40,250,-20,272,90" /><INIT seed="2,0,0,5,1,48" ten="198,210,230,362" oya="2" hai0="58,70,120,32,63,8,116,82,133,122,104,50,103" hai1="102,1,89,38,130,118,42,13,21,111,90,23,26" hai2="88,127,76,94,37,24,9,135,22,68,96,47,40" hai3="131,2,117,49,83,106,74,57,45,75,132,101,79"/><V60/><F76/><W15/><G2/><T67/><D133/><U86/><E118/><V119/><F135/><W62/><G132/><T4/><D116/><U80/><E130/><V41/><F119/><W16/><G131/><T77/><D32/><U69/><E69/><V124/><F40/><W126/><G117/><T105/><D50/><U29/><E111/><V134/><F134/><W115/><G126/><N who="2" m="48169" /><F9/><W108/><G108/><T17/><D17/><U25/><E1/><V73/><F73/><W87/><G115/><T46/><D46/><U39/><E102/><V71/><F60/><W36/><G36/><T64/><D64/><U92/><E42/><V19/><AGARI ba="0,0" hai="19,22,24,37,41,47,68,71,88,94,96" m="48169" machi="19" ten="30,3000,0" yaku="18,1,54,1" doraHai="48" who="2" fromWho="2" sc="198,-10,210,-10,230,30,362,-10" /><INIT seed="2,1,0,1,0,45" ten="188,200,260,352" oya="2" hai0="63,105,97,104,52,108,54,130,76,31,36,3,73" hai1="124,30,65,64,82,121,81,6,70,19,103,5,59" hai2="131,125,113,77,32,133,134,122,86,50,129,43,78" hai3="44,24,21,29,69,51,34,112,91,123,23,83,128"/><V109/><F32/><W102/><G123/><T101/><D108/><U127/><E30/><V87/><F43/><W89/><G69/><T99/><D130/><N who="2" m="49674" /><F122/><W106/><G128/><T26/><D36/><U126/><E121/><V60/><F60/><W61/><G61/><T48/><D3/><U40/><E70/><V47/><F109/><W94/><G112/><T17/><D17/><U120/><E19/><V79/><F113/><W7/><G7/><N who="1" m="2570" /><E120/><V117/><F117/><W49/><G106/><T27/><D73/><U14/><E14/><V0/><F0/><W68/><G102/><T110/><D76/><U39/><E103/><V114/><F114/><W58/><G58/><T38/><D38/><U95/><E95/><V13/><F13/><W28/><G94/><T132/><D132/><N who="2" m="50794" /><F125/><N who="1" m="32001" /><U4/><DORA hai="2" /><E4/><V22/><F22/><W118/><G21/><T35/><D26/><U20/><E20/><V57/><F47/><W15/><G15/><T75/><D105/><U56/><E39/><V74/><F74/><W1/><G23/><T25/><D75/><U11/><E11/><V135/><N who="2" m="50802" /><V90/><DORA hai="107" /><F90/><W71/><G1/><T67/><D25/><U80/><E40/><V12/><F12/><W84/><G24/><T98/><D104/><U72/><E72/><V46/><F46/><W8/><G44/><T93/><D27/><U62/><E62/><V9/><F9/><W111/><G8/><T96/><D35/><U66/><AGARI ba="1,0" hai="56,59,64,65,66,80,81,82" m="32001,2570" machi="66" ten="50,12000,2" yaku="28,2,18,1,52,3" doraHai="45,2,107" who="1" fromWho="1" sc="188,-31,200,123,260,-61,352,-31" /><INIT seed="3,0,0,5,3,38" ten="157,323,199,321" oya="3" hai0="64,13,67,105,40,22,57,54,128,24,109,123,115" hai1="101,30,89,37,44,55,62,103,116,52,119,18,98" hai2="51,74,72,96,122,85,12,111,120,135,8,26,0" hai3="23,127,68,36,134,121,3,28,129,100,94,31,34"/><W83/><G121/><N who="2" m="46697" /><F0/><W88/><G68/><T107/><D109/><U104/><E103/><V45/><F111/><W106/><G36/><T60/><D123/><U33/><E33/><V61/><F96/><N who="3" m="61703" /><G3/><T41/><D115/><U35/><E18/><N who="2" m="8455" /><F26/><N who="3" m="18711" /><G83/><T63/><D128/><U56/><E55/><N who="2" m="30191" /><F135/><W110/><G129/><T29/><D22/><U7/><E35/><V132/><F132/><W93/><G110/><T1/><D1/><U46/><E30/><V69/><F69/><W117/><G134/><T47/><D29/><U77/><E77/><V78/><F61/><W27/><G117/><N who="1" m="45130" /><E7/><V130/><F130/><W21/><G21/><T87/><D24/><U118/><N who="1" m="45138" /><U2/><DORA hai="59" /><E2/><V113/><F113/><W86/><G23/><T6/><D6/><U53/><E37/><V16/><F16/><W71/><G31/><T20/><D20/><U10/><E10/><V99/><F99/><W42/><G71/><T73/><D13/><U131/><E131/><V92/><F92/><W39/><G94/><T5/><D5/><U25/><E25/><V4/><F4/><W9/><G27/><T114/><D114/><U125/><E125/><V48/><F48/><W75/><G9/><T32/><D32/><U65/><E89/><V82/><AGARI ba="0,0" hai="72,74,78,82,85" m="30191,8455,46697" machi="82" ten="30,1100,0" yaku="13,1" doraHai="38,59" who="2" fromWho="2" sc="157,-3,323,-3,199,11,321,-5" owari="154,-35.0,320,42.0,210,-19.0,316,12.0" /></mjloggm>