<mjloggm ver="2.3"><GO type="193" lobby="0"/><UN n0="%E9%B9%BF%E5%80%89%E8%83%A1%E6%A1%83" n1="%E3%83%80%E3%83%BC%E3%83%AB" n2="%E5%B0%B1%E6%B4%BB%E7%94%9F%40%E5%B7%9D%E6%9D%91%E8%BB%8D%E5%9B%A3" n3="%6D%6F%73%73%73%73%61%6E" dan="10,11,12,12" rate="1677.03,1592.23,1767.31,1696.18" sx="F,M,M,M"/><TAIKYOKU oya="0"/><INIT seed="0,0,0,0,2,115" ten="250,250,250,250" oya="0" hai0="86,102,3,46,99,83,105,65,108,122,42,106,35" hai1="114,121,33,60,69,74,95,28,109,71,30,61,17" hai2="72,98,90,125,80,12,104,97,87,38,119,92,96" hai3="79,66,8,39,107,85,133,75,103,113,26,101,27"/><T55/><D122/><U84/><E121/><V127/><F38/><W58/><G133/><T15/><D3/><U50/><E69/><V130/><F130/><W23/><G39/><T40/><D35/><U88/><E61/><V76/><F12/><W111/><G75/><T20/><D106/><U51/><E33/><V112/><F112/><W63/><G111/><T110/><D65/><U123/><E123/><V5/><F5/><W31/><G107/><T126/><D126/><N who="2" m="48138" /><F119/><W128/><G128/><T48/><D20/><U25/><E74/><V19/><F19/><W82/><G113/><T93/><D105/><AGARI ba="0,0" hai="72,76,80,87,90,92,96,97,98,104,105" m="48138" machi="105" ten="30,3900,0" yaku="18,1,34,2" doraHai="115" who="2" fromWho="0" sc="250,-39,250,0,250,39,250,0" /><INIT seed="1,0,0,0,0,37" ten="211,250,289,250" oya="1" hai0="71,62,72,84,45,13,125,103,60,126,20,100,127" hai1="27,96,52,14,106,34,101,40,48,56,85,98,102" hai2="36,80,42,116,18,49,6,28,89,120,123,43,17" hai3="87,76,128,38,15,10,104,46,29,86,33,7,41"/><U119/><E119/><V110/><F36/><W131/><G104/><T93/><D72/><U124/><E40/><V113/><F116/><W109/><G109/><T121/><D121/><U32/><E124/><N who="0" m="31745" /><T30/><DORA hai="0" /><D45/><U53/><E27/><V88/><F28/><W50/><G38/><T31/><D71/><U91/><E14/><V81/><F49/><W39/><G39/><T65/><D65/><U22/><E22/><V95/><F95/><W12/><G12/><T44/><D44/><U115/><E115/><V35/><F35/><W75/><G75/><T112/><D112/><U108/><E53/><V51/><F51/><W135/><G135/><T107/><D107/><U64/><E64/><V68/><F68/><W73/><G73/><T130/><D130/><U92/><REACH who="1" step="1"/><E108/><REACH who="1" ten="211,240,289,250" step="2"/><V3/><F113/><W132/><G132/><T16/><D60/><U111/><E111/><V67/><F110/><W134/><G134/><T19/><D62/><U47/><E47/><V55/><F67/><W66/><G66/><T82/><D19/><U78/><E78/><V58/><F55/><W99/><G131/><T2/><D2/><U8/><E8/><V59/><F3/><W4/><G128/><T63/><D63/><U74/><E74/><V9/><F9/><W61/><G7/><AGARI ba="0,1" hai="6,7,17,18,42,43,58,59,80,81,88,89,120,123" machi="7" ten="25,12000,2" yaku="22,2,52,4,54,1" doraHai="37,0" who="2" fromWho="3" sc="211,0,240,0,289,130,250,-120" /><INIT seed="2,0,0,2,2,129" ten="211,240,419,130" oya="2" hai0="111,84,119,128,2,108,88,106,98,44,4,79,89" hai1="7,100,18,20,74,66,47,37,92,135,133,96,114" hai2="131,59,113,57,9,71,95,73,78,35,81,28,36" hai3="75,49,42,101,38,48,62,93,46,3,109,112,41"/><V77/><F113/><W70/><G75/><T107/><D2/><U60/><E114/><V99/><F131/><W19/><G3/><T76/><D4/><U13/><E74/><V14/><F71/><W27/><G19/><T51/><D119/><U33/><E33/><V117/><F36/><W127/><G27/><T65/><D65/><U1/><E1/><V85/><F117/><W68/><G93/><N who="0" m="56623" /><D128/><U72/><E72/><V56/><F35/><W120/><G101/><T132/><D44/><U30/><E37/><V45/><F28/><W86/><G86/><T40/><D40/><U105/><E30/><V63/><F45/><N who="3" m="23735" /><G109/><N who="0" m="42059" /><D51/><U61/><E47/><V25/><F77/><N who="0" m="29770" /><D132/><N who="1" m="50763" /><E66/><V11/><F25/><W97/><G97/><T67/><D67/><U124/><E7/><V17/><F73/><W12/><G12/><T82/><AGARI ba="0,0" hai="82,84,88,106,107" m="29770,42059,56623" machi="82" ten="30,7900,0" yaku="14,1,34,2,54,1" doraHai="129" who="0" fromWho="0" sc="211,79,240,-20,419,-39,130,-20" /><INIT seed="3,0,0,4,5,84" ten="290,220,380,110" oya="3" hai0="133,104,16,76,95,106,120,23,62,25,5,124,8" hai1="101,114,86,87,115,79,53,39,122,100,103,54,35" hai2="123,111,21,129,47,89,33,0,109,117,102,58,69" hai3="80,131,105,91,88,32,121,28,27,19,7,107,64"/><W52/><G131/><T72/><D120/><U29/><E122/><V36/><F69/><W57/><G121/><T99/><D124/><U126/><E39/><V50/><F33/><W56/><G7/><T112/><D112/><U110/><E79/><V20/><F0/><W1/><G1/><T81/><D133/><U132/><E132/><V24/><F117/><W30/><G30/><T38/><D38/><U34/><E29/><V71/><F129/><W65/><G19/><T14/><D62/><U90/><E110/><N who="2" m="41995" /><F71/><W135/><G135/><T41/><D41/><U22/><E126/><V3/><F3/><W77/><G77/><T48/><D48/><U26/><E115/><V31/><F123/><W67/><G80/><T46/><D46/><U37/><E37/><V85/><F102/><AGARI ba="0,0" hai="5,8,14,16,23,25,72,76,81,95,99,102,104,106" machi="102" ten="30,2000,0" yaku="7,1,54,1" doraHai="84" who="0" fromWho="2" sc="290,20,220,0,380,-20,110,0" owari="310,11.0,220,-18.0,360,46.0,110,-39.0" /></mjloggm>