<mjloggm ver="2.3"><GO type="97" lobby="0"/><UN n0="%E3%82%A6%E3%83%AB%E3%83%88%E3%83%A9%E7%AB%8B%E7%9B%B4" n1="%E3%81%8F%E3%81%86%E3%81%93" n2="%4C%6C%6F%79%64" n3="%E3%81%8F%E3%81%B4%E3%81%BD" dan="14,15,14,14" rate="1965.07,2023.38,1898.58,1976.19" sx="M,M,F,M"/><TAIKYOKU oya="0"/><INIT seed="0,0,0,3,2,22" ten="250,250,250,250" oya="0" hai0="11,135,16,24,106,96,2,32,131,25,114,4,36" hai1="127,49,35,54,38,78,12,10,57,121,75,120,105" hai2="107,101,74,130,77,30,125,122,33,28,62,34,20" hai3="97,84,55,86,95,88,129,73,13,119,37,76,5"/><T116/><D36/><U39/><E127/><V46/><F122/><W47/><G37/><T104/><D106/><U18/><E105/><V51/><F125/><W91/><G119/><T15/><D104/><U63/><E38/><V21/><F107/><W64/><G64/><T27/><D96/><U83/><E39/><V69/><F101/><W100/><G129/><T52/><D52/><U40/><E35/><V60/><F77/><W134/><G134/><T87/><D87/><U93/><E93/><V90/><F74/><W58/><G47/><T7/><D116/><U48/><E40/><V56/><F46/><W1/><G1/><N who="0" m="399" /><D114/><U29/><REACH who="1" step="1"/><E29/><REACH who="1" ten="250,240,250,250" step="2"/><V108/><F28/><W110/><G110/><T14/><D131/><U123/><AGARI ba="0,1" hai="10,12,18,48,49,54,57,63,75,78,83,120,121,123" machi="123" ten="30,4000,0" yaku="1,1,2,1,0,1,53,0" doraHai="22" doraHaiUra="0" who="1" fromWho="1" sc="250,-20,240,50,250,-10,250,-10" /><INIT seed="1,0,0,1,0,118" ten="230,290,240,240" oya="1" hai0="94,98,22,57,52,134,102,110,80,133,125,131,28" hai1="45,75,103,119,116,42,38,41,93,61,7,5,111" hai2="82,23,1,113,21,9,106,53,109,128,34,51,35" hai3="30,70,27,68,15,63,86,17,26,66,14,90,92"/><U89/><E75/><V20/><F106/><W123/><G68/><T3/><D3/><U78/><E78/><V24/><F109/><W115/><G115/><T120/><D110/><U73/><E73/><V16/><F113/><W44/><G44/><T81/><D125/><U59/><E111/><V83/><F128/><W85/><G85/><T25/><D131/><U101/><E42/><V135/><F135/><N who="0" m="51722" /><D120/><U60/><E60/><AGARI ba="0,0" hai="22,25,28,52,57,60,80,81,94,98,102" m="51722" machi="60" ten="30,2000,0" yaku="20,1,54,1" doraHai="118" who="0" fromWho="1" sc="230,20,290,-20,240,0,240,0" /><INIT seed="2,0,0,1,2,117" ten="250,270,240,240" oya="2" hai0="32,130,55,133,78,27,114,60,11,74,85,127,36" hai1="81,2,118,45,77,64,56,115,9,132,84,125,59" hai2="108,76,67,129,21,95,113,79,57,20,105,126,123" hai3="14,30,52,134,131,5,23,24,44,128,70,72,71"/><V66/><F105/><W106/><G72/><T10/><D85/><U41/><E118/><V68/><F113/><W19/><G106/><T73/><D55/><U111/><E115/><V110/><F68/><W69/><G5/><T80/><D11/><U87/><E132/><V63/><F67/><W48/><REACH who="3" step="1"/><G134/><REACH who="3" ten="250,270,240,230" step="2"/><T135/><D74/><U116/><E116/><V33/><F126/><W18/><G18/><T82/><D73/><U98/><E125/><V12/><F129/><W83/><G83/><T46/><D82/><U26/><E81/><V6/><F33/><AGARI ba="0,1" hai="14,19,23,24,30,33,44,48,52,69,70,71,128,131" machi="33" ten="40,2600,0" yaku="1,1,54,1,53,0" doraHai="117" doraHaiUra="119" who="3" fromWho="2" sc="250,0,270,0,240,-26,230,36" /><INIT seed="3,0,0,3,0,132" ten="250,270,214,266" oya="3" hai0="39,112,85,129,73,6,18,89,94,78,64,28,131" hai1="12,16,26,0,96,45,32,46,77,120,76,65,60" hai2="83,119,49,128,51,33,1,15,90,107,80,42,101" hai3="114,55,71,70,13,117,36,48,103,79,4,50,5"/><W125/><G36/><T47/><D28/><U124/><E120/><V8/><F1/><W75/><G114/><T110/><D64/><U2/><E2/><V113/><F33/><W88/><G117/><T20/><D110/><U104/><E0/><V31/><F113/><W135/><G103/><T35/><D35/><U106/><E106/><V74/><F31/><W37/><G88/><T102/><D6/><U7/><E7/><V91/><F119/><W98/><G37/><T86/><D102/><N who="1" m="62535" /><E77/><V43/><F128/><N who="0" m="49226" /><D112/><U111/><E76/><V92/><F107/><W134/><G98/><T69/><D69/><N who="1" m="42151" /><E111/><V133/><F133/><W99/><G99/><T27/><D86/><U97/><E97/><N who="2" m="59559" /><F74/><W81/><G79/><T122/><D122/><U123/><E123/><V61/><F61/><W53/><G75/><T84/><D84/><U95/><E95/><V3/><F3/><W115/><G115/><T29/><D78/><U126/><E45/><N who="2" m="25783" /><F90/><W66/><G66/><T93/><D73/><U130/><E46/><N who="2" m="26079" /><F91/><W24/><G81/><T87/><D94/><U21/><E130/><V121/><F121/><W62/><G62/><T10/><D85/><U52/><E52/><V59/><F59/><W14/><G24/><T67/><D67/><U116/><E116/><V25/><F25/><W118/><G118/><T108/><D108/><U100/><E100/><V82/><F82/><W63/><G63/><T54/><D54/><U40/><E40/><V41/><F41/><W11/><G11/><T72/><D72/><U17/><E32/><V23/><F8/><W38/><G38/><RYUUKYOKU ba="0,0" sc="250,-30,270,10,214,10,266,10" hai1="12,16,17,21,26,124,126" hai2="15,23,80,83" hai3="4,5,13,14,48,50,53,55,70,71,125,134,135" /><INIT seed="3,1,0,2,5,53" ten="220,280,224,276" oya="3" hai0="80,56,77,89,73,85,46,128,116,135,2,51,119" hai1="26,95,17,25,31,124,130,33,102,54,65,36,70" hai2="106,96,8,67,45,91,118,126,47,79,6,14,117" hai3="49,28,78,32,9,69,64,1,55,114,113,22,62"/><W35/><G78/><T40/><D2/><U133/><E36/><V129/><F79/><W41/><G41/><T68/><D68/><U134/><E130/><V74/><F74/><W123/><G123/><T75/><D128/><U3/><E3/><V105/><F105/><W109/><G109/><T57/><D135/><N who="1" m="51723" /><E124/><V52/><F67/><W48/><G48/><T60/><D75/><U50/><E70/><V19/><F126/><W90/><G90/><BYE who="3" /><T111/><D111/><U63/><E63/><V112/><F129/><W100/><G100/><T7/><D7/><U83/><E83/><V61/><F112/><W30/><G30/><T107/><D107/><U84/><E65/><UN n3="%E3%81%8F%E3%81%B4%E3%81%BD" /><V24/><F106/><W12/><G1/><T99/><D99/><N who="1" m="59775" /><E84/><V29/><F117/><W20/><G22/><T108/><D108/><U120/><E120/><V86/><F118/><W71/><G71/><T37/><D37/><U16/><E25/><V76/><F96/><W115/><G20/><T127/><D127/><U38/><E38/><V103/><F103/><W23/><G23/><T11/><D11/><U125/><E125/><V104/><F104/><W92/><G92/><N who="0" m="54319" /><D60/><U87/><E87/><V5/><F86/><W42/><G42/><T101/><D101/><U121/><E121/><V131/><F61/><W59/><G28/><T44/><D44/><AGARI ba="1,0" hai="16,17,26,31,33,44,50,54" m="59775,51723" machi="44" ten="30,2000,0" yaku="20,1,54,1" doraHai="53" who="1" fromWho="0" sc="220,-23,280,23,224,0,276,0" owari="197,-30.0,303,40.0,224,-18.0,276,8.0" /></mjloggm>