<mjloggm ver="2.3"><GO type="41" lobby="0"/><UN n0="%6D%75%72%61%79%6F%73%69" n1="%E5%B0%B1%E6%B4%BB%E7%94%9F%40%E5%B7%9D%E6%9D%91%E8%BB%8D%E5%9B%A3" n2="%6D%61%73%61%68%61%72%75" n3="%E5%A4%A9%E6%89%8D%E9%BA%BB%E5%B0%86%E2%91%A8" dan="14,15,14,13" rate="1878.80,2025.58,1932.87,1873.51" sx="M,M,M,F"/><TAIKYOKU oya="0"/><INIT seed="0,0,0,2,4,77" ten="250,250,250,250" oya="0" hai0="0,85,66,87,46,102,41,19,125,88,13,21,2" hai1="106,49,65,56,95,16,129,68,112,37,131,58,83" hai2="98,107,11,109,113,43,126,25,30,114,116,75,124" hai3="110,120,133,34,82,5,123,97,28,127,38,135,15"/><T78/><D125/><N who="2" m="48234" /><F109/><W42/><G110/><T91/><D102/><U73/><E37/><V104/><F116/><W93/><G42/><T17/><D78/><U89/><E106/><N who="2" m="40491" /><F98/><W47/><G38/><T62/><D19/><U130/><E112/><V134/><F134/><N who="3" m="51211" /><G47/><T32/><D32/><U96/><E68/><V101/><F101/><W54/><G127/><T55/><D55/><U6/><E6/><V63/><F75/><W86/><G54/><T23/><D21/><U7/><E7/><V27/><F27/><N who="3" m="18719" /><G5/><T76/><D76/><N who="1" m="44431" /><E65/><V81/><F43/><W50/><G50/><N who="0" m="26959" /><D0/><U67/><E67/><V103/><F103/><N who="3" m="60847" /><G15/><T40/><D40/><U90/><E49/><V121/><F121/><W29/><G29/><T33/><D33/><U128/><N who="1" m="33280" /><DORA hai="36" /><U117/><E117/><V26/><F30/><W115/><G115/><T122/><D2/><U84/><E16/><V1/><F113/><W35/><G35/><T8/><D122/><U57/><E57/><V64/><F114/><W61/><G61/><T72/><D72/><U132/><E132/><V60/><F60/><W94/><G94/><AGARI ba="0,0" hai="56,58,84,89,90,94,95,96" m="33280,44431" machi="94" ten="60,3900,0" yaku="19,1,52,1" doraHai="77,36" who="1" fromWho="3" sc="250,0,250,39,250,0,250,-39" /><INIT seed="1,0,0,3,0,49" ten="250,289,250,211" oya="1" hai0="31,26,121,85,27,40,51,7,0,105,104,76,10" hai1="15,77,120,126,38,57,90,110,33,124,68,128,19" hai2="52,58,45,6,56,109,24,12,81,23,41,123,17" hai3="63,67,118,125,25,42,92,103,11,88,62,1,111"/><U8/><E68/><V119/><F123/><W72/><G111/><T53/><D40/><U80/><E120/><V55/><F119/><W39/><G118/><T75/><D75/><U69/><E69/><V131/><F131/><W94/><G72/><T134/><D134/><U102/><E38/><V59/><F109/><W50/><G125/><T30/><D121/><U79/><E102/><V116/><F116/><W66/><G39/><T129/><D129/><U13/><E33/><V99/><F99/><N who="3" m="59879" /><G1/><T107/><D85/><U36/><E36/><V46/><F81/><W95/><G11/><T106/><N who="0" m="26624" /><DORA hai="20" /><T16/><D76/><U4/><E110/><V32/><F32/><W96/><G95/><T117/><D117/><U64/><E128/><V114/><F114/><W35/><G25/><T112/><D112/><U61/><E124/><V21/><F41/><W135/><G135/><T87/><D87/><N who="1" m="50535" /><E126/><V91/><F91/><W132/><G132/><T65/><D65/><N who="3" m="24585" /><G35/><T60/><D60/><U2/><E2/><V115/><F115/><W74/><G74/><T48/><D48/><U133/><E133/><V127/><F127/><W54/><G42/><T29/><REACH who="0" step="1"/><D16/><REACH who="0" ten="240,289,250,211" step="2"/><U93/><E93/><V108/><F108/><W5/><G5/><T101/><D101/><U73/><E73/><V130/><F130/><W113/><G113/><T122/><D122/><U100/><E100/><V71/><F71/><W98/><G98/><T28/><N who="0" m="7168" /><DORA hai="82" /><T47/><AGARI ba="0,1" hai="0,7,10,26,27,47,51,53" m="7168,26624" machi="47" ten="70,12000,2" yaku="1,1,4,1,0,1,52,3,53,0" doraHai="49,20,82" doraHaiUra="86,97,37" who="0" fromWho="0" sc="240,130,289,-60,250,-30,211,-30" /><INIT seed="2,0,0,5,3,91" ten="370,229,220,181" oya="2" hai0="125,10,68,32,109,81,36,56,132,59,15,46,134" hai1="78,2,107,126,49,72,66,122,63,117,70,7,98" hai2="86,55,102,79,31,83,101,5,9,113,124,89,28" hai3="12,116,41,0,76,73,17,16,99,45,29,52,127"/><V129/><F113/><W120/><G116/><T3/><D3/><U64/><E122/><V13/><F124/><W104/><G127/><T30/><D68/><U60/><E117/><V90/><F129/><W20/><G120/><T95/><D125/><U1/><E126/><V69/><F69/><W75/><G0/><T108/><D81/><U130/><E130/><V50/><F89/><W6/><G29/><T77/><D77/><U54/><E72/><V87/><F101/><W26/><G6/><T92/><D30/><U119/><E78/><V23/><F23/><W74/><G76/><T25/><D25/><U61/><E119/><V37/><F37/><W47/><G104/><T19/><D32/><U110/><E110/><N who="0" m="42601" /><D46/><U67/><E70/><V118/><F102/><W121/><G121/><T88/><D36/><U96/><E107/><V22/><F22/><W14/><G26/><T43/><D43/><U133/><E133/><N who="0" m="51305" /><D95/><U40/><E40/><V57/><REACH who="2" step="1"/><F118/><REACH who="2" ten="370,229,210,181" step="2"/><W21/><G74/><T51/><D51/><U97/><E7/><V114/><F114/><W131/><G131/><T48/><D48/><U100/><REACH who="1" step="1"/><E100/><REACH who="1" ten="370,219,210,181" step="2"/><V71/><F71/><W42/><REACH who="3" step="1"/><G99/><AGARI ba="0,2" hai="10,15,19,56,59,88,92,99" m="51305,42601" machi="99" ten="30,7700,0" yaku="14,1,20,1,52,1,54,1" doraHai="91" who="0" fromWho="3" sc="370,97,219,0,210,0,181,-77" /><INIT seed="3,0,0,5,5,6" ten="467,219,210,104" oya="3" hai0="10,27,24,87,36,35,59,34,38,15,26,65,50" hai1="68,39,54,32,52,105,9,93,37,108,47,40,49" hai2="106,18,63,23,109,102,110,135,78,90,11,128,29" hai3="16,28,8,75,13,129,4,98,116,80,99,126,130"/><W20/><G116/><T94/><D38/><U133/><E105/><V70/><F128/><N who="3" m="49259" /><G75/><T31/><D36/><U86/><E32/><V121/><F121/><W51/><G80/><T83/><D94/><U58/><E133/><V53/><F135/><W7/><G51/><T48/><D31/><U114/><E114/><V125/><F125/><W19/><G99/><T44/><D44/><U30/><E108/><V77/><F106/><W74/><G98/><T60/><D35/><U120/><E120/><V101/><F90/><W42/><G74/><T5/><D34/><U89/><E68/><V124/><F124/><W95/><G95/><T81/><D81/><U92/><E30/><V91/><F91/><AGARI ba="0,0" hai="5,10,15,24,26,27,48,50,59,60,65,83,87,91" machi="91" ten="40,2600,0" yaku="8,1,52,1" doraHai="6" who="0" fromWho="2" sc="467,26,219,0,210,-26,104,0" /><INIT seed="4,0,0,0,3,103" ten="493,219,184,104" oya="0" hai0="100,94,60,27,20,4,86,31,28,47,7,77,5" hai1="63,124,51,10,127,105,0,45,46,88,39,55,67" hai2="83,57,89,113,97,106,52,65,130,40,133,74,38" hai3="34,87,12,75,93,18,107,29,17,42,49,61,84"/><T6/><D60/><U48/><E0/><V43/><F113/><W16/><G107/><T41/><D77/><U23/><E10/><V101/><F130/><W33/><G75/><T131/><D131/><U70/><E23/><V122/><F122/><W53/><G42/><T25/><D7/><U3/><E3/><V135/><F38/><W37/><G37/><T85/><D94/><U91/><E105/><V79/><F89/><W72/><G72/><T108/><D100/><U120/><E120/><V109/><F65/><W22/><G61/><T123/><D108/><U125/><REACH who="1" step="1"/><E39/><REACH who="1" ten="493,209,184,104" step="2"/><V112/><F109/><W92/><G22/><T78/><D123/><U2/><E2/><V9/><F9/><W73/><G73/><T30/><D20/><U59/><E59/><V90/><F112/><W114/><G114/><T110/><D110/><U8/><E8/><V98/><F133/><W19/><G33/><T11/><D11/><U119/><E119/><V13/><F135/><W54/><G34/><T14/><D6/><U116/><E116/><V44/><F57/><W99/><G29/><T69/><D5/><U126/><N who="1" m="32256" /><DORA hai="121" /><U32/><E32/><V96/><F106/><W76/><N who="3" m="4608" /><DORA hai="64" /><W50/><G12/><T82/><D14/><U58/><E58/><V81/><F13/><W104/><G104/><T68/><D4/><U115/><E115/><V71/><F71/><W132/><G132/><T134/><D68/><U111/><E111/><V102/><F101/><N who="3" m="60647" /><G76/><T128/><D69/><U117/><E117/><V1/><F1/><W118/><G118/><T35/><D134/><RYUUKYOKU ba="0,1" sc="493,-10,209,30,184,-10,104,-10" hai1="45,46,48,51,55,63,67,70,88,91" /><INIT seed="5,1,1,0,4,38" ten="483,239,174,94" oya="1" hai0="97,101,59,120,115,70,66,131,110,23,4,14,31" hai1="29,18,42,81,125,28,57,55,6,50,62,5,80" hai2="33,77,103,99,65,109,100,117,94,67,75,74,107" hai3="32,93,15,71,16,35,9,128,106,89,53,105,43"/><U78/><E125/><V86/><F109/><W95/><G71/><T8/><D70/><U69/><E18/><V104/><F117/><W123/><G123/><T34/><D110/><U112/><E112/><V0/><F0/><W37/><G95/><T122/><D34/><U36/><E36/><V45/><F33/><W40/><G37/><T61/><D115/><U111/><E111/><V1/><F1/><W44/><G106/><T12/><D131/><U41/><E69/><V72/><F45/><W119/><G105/><N who="2" m="40521" /><F65/><W134/><G128/><T129/><D129/><U52/><E29/><V91/><F67/><W58/><G134/><T114/><D114/><U51/><E28/><V102/><F77/><W92/><G119/><T27/><D14/><U2/><E2/><V82/><AGARI ba="1,1" hai="72,74,75,82,86,91,94,99,100,102,103" m="40521" machi="82" ten="40,8000,1" yaku="35,5" doraHai="38" who="2" fromWho="2" sc="483,-21,239,-41,174,93,94,-21" /><INIT seed="6,0,0,2,1,79" ten="462,198,267,73" oya="2" hai0="16,74,116,28,123,27,70,69,47,31,117,60,113" hai1="126,120,111,89,127,8,133,15,108,75,102,39,57" hai2="26,83,13,67,135,17,6,25,50,56,65,73,12" hai3="130,18,7,20,36,71,128,19,44,10,100,21,101"/><V48/><F135/><W99/><G71/><T9/><D74/><U104/><E39/><V14/><F6/><W78/><G36/><T1/><D60/><U40/><E40/><V22/><F73/><W105/><G44/><T11/><D47/><U94/><E57/><V46/><F26/><W109/><G109/><N who="1" m="42058" /><E15/><V55/><REACH who="2" step="1"/><F83/><REACH who="2" ten="462,198,257,73" step="2"/><W87/><G7/><T30/><D123/><U76/><E75/><V125/><F125/><W93/><G105/><T34/><D116/><U61/><E126/><V51/><F51/><W134/><G134/><T38/><D38/><U68/><E127/><V4/><F4/><W114/><G114/><T92/><D117/><U95/><E133/><V88/><F88/><N who="3" m="55719" /><G130/><T62/><D113/><U91/><E120/><V96/><F96/><W77/><G128/><T97/><D97/><U72/><E72/><V63/><F63/><W53/><G53/><AGARI ba="0,1" hai="12,13,14,17,22,25,46,48,50,53,55,56,65,67" machi="53" ten="40,3900,0" yaku="1,1,8,1,53,0" doraHai="79" doraHaiUra="132" who="2" fromWho="3" sc="462,0,198,0,257,49,73,-39" /><INIT seed="6,1,0,3,1,19" ten="462,198,306,34" oya="2" hai0="0,59,119,117,10,122,63,69,78,44,113,49,97" hai1="48,110,128,29,104,108,20,15,23,18,85,58,32" hai2="123,77,101,125,64,92,43,21,55,134,37,9,109" hai3="47,91,131,68,124,11,35,103,4,31,40,106,107"/><V1/><F123/><W38/><G68/><T126/><D69/><U94/><E104/><V120/><F120/><W51/><G131/><T24/><D78/><U102/><E32/><V99/><F134/><W81/><G124/><T45/><D126/><U129/><E108/><V8/><F125/><W33/><G38/><T79/><D79/><U135/><E110/><V27/><F109/><W17/><G31/><T12/><D45/><U76/><E135/><V60/><F1/><W80/><G17/><T7/><D0/><U14/><E76/><V5/><F5/><W34/><G103/><T132/><D132/><U30/><E30/><V46/><F77/><W52/><G40/><T3/><D3/><U89/><E102/><V114/><F55/><W84/><G80/><T121/><D97/><U56/><E15/><V90/><F114/><W116/><REACH who="3" step="1"/><G116/><REACH who="3" ten="462,198,306,24" step="2"/><T67/><D119/><U96/><E128/><V88/><F101/><W74/><G74/><T133/><D117/><U22/><E129/><V39/><F39/><W105/><G105/><T54/><D133/><U111/><E29/><V100/><F100/><W112/><G112/><T57/><D113/><U82/><E111/><V41/><F41/><W65/><G65/><T26/><D122/><U6/><E6/><V86/><F64/><W115/><G115/><T13/><D121/><U130/><E130/><V2/><F37/><W72/><G72/><T28/><D28/><U42/><E82/><V71/><F43/><W83/><G83/><T73/><D73/><U25/><E42/><V62/><F71/><W93/><G93/><RYUUKYOKU ba="1,1" sc="462,-10,198,-10,306,-10,24,30" hai3="4,11,33,34,35,47,51,52,81,84,91,106,107" /><INIT seed="7,2,1,0,2,24" ten="452,188,296,54" oya="3" hai0="117,8,131,20,3,37,87,65,9,121,124,4,133" hai1="46,61,74,112,99,58,29,76,89,93,95,123,84" hai2="128,66,43,6,94,78,96,36,108,15,102,92,101" hai3="47,54,114,81,105,80,126,34,19,116,130,39,0"/><W70/><RYUUKYOKU type="yao9" ba="2,1" sc="452,0,188,0,296,0,54,0" hai3="0,19,34,39,47,54,70,80,81,105,114,116,126,130" /><INIT seed="7,3,1,3,1,12" ten="452,188,296,54" oya="3" hai0="74,49,7,83,131,63,55,97,18,95,41,80,126" hai1="20,118,77,51,37,1,40,45,117,26,90,84,25" hai2="16,32,17,33,128,96,23,59,44,119,36,68,98" hai3="109,92,134,30,57,4,130,132,127,5,107,79,76"/><W46/><G107/><T43/><D74/><U110/><E1/><V2/><F68/><W100/><G30/><T54/><D7/><U11/><E110/><V82/><F119/><N who="1" m="45577" /><E77/><N who="3" m="29770" /><G109/><T10/><D43/><U122/><E122/><V27/><F82/><W62/><G46/><T52/><D41/><U60/><E60/><V0/><F0/><W78/><N who="3" m="29778" /><W124/><DORA hai="114" /><G100/><T105/><D105/><U111/><E111/><V22/><F2/><W6/><G92/><T71/><D71/><U34/><E34/><V64/><F33/><W113/><G113/><T102/><D126/><N who="3" m="48169" /><G130/><T89/><D102/><U73/><E73/><V58/><F44/><W24/><G24/><N who="1" m="9322" /><E11/><V94/><F128/><W38/><G38/><T28/><D28/><U67/><E20/><V81/><F32/><W103/><G103/><T69/><D131/><U86/><E67/><AGARI ba="3,1" hai="4,5,6,57,62,67,132,134" m="48169,29778" machi="67" ten="40,2000,0" yaku="18,1" doraHai="12,114" who="3" fromWho="1" sc="452,0,188,-29,296,0,54,39" /><INIT seed="7,4,0,0,0,119" ten="452,159,296,93" oya="3" hai0="68,75,99,83,76,53,111,88,22,14,36,80,6" hai1="67,122,31,57,34,0,18,51,2,29,41,39,114" hai2="4,43,102,32,108,112,131,23,11,123,117,73,82" hai3="125,45,42,47,59,19,3,96,12,38,28,129,25"/><W63/><G3/><T126/><D68/><U64/><E122/><V97/><F123/><W90/><G125/><T55/><D36/><U85/><E114/><V20/><F32/><W84/><G129/><T49/><D55/><U66/><E39/><V81/><F131/><W135/><G135/><T17/><D6/><U107/><E107/><V100/><F112/><W133/><G133/><T52/><D53/><U8/><E34/><V58/><F108/><W62/><G47/><T33/><D33/><U69/><E69/><V93/><F102/><W79/><G96/><T134/><D126/><U89/><E2/><V10/><F43/><W56/><G79/><T106/><D106/><U65/><N who="1" m="16896" /><DORA hai="94" /><U54/><E41/><V61/><F73/><W130/><G130/><T109/><D134/><U77/><E77/><V15/><F11/><W98/><G98/><T44/><D83/><N who="2" m="31754" /><F117/><W26/><G84/><T24/><D24/><U120/><E120/><V128/><F128/><W27/><G90/><T40/><D40/><U70/><E70/><V86/><F86/><W115/><G115/><T60/><D60/><N who="3" m="23081" /><G28/><T1/><D1/><U104/><E104/><V124/><F124/><W110/><G110/><T87/><D75/><U78/><E78/><V118/><F118/><W5/><G5/><T103/><D103/><U91/><E91/><V71/><F71/><W132/><G132/><T46/><D111/><U37/><E37/><V74/><F74/><W30/><G30/><T116/><D109/><U7/><E18/><V121/><F121/><W35/><G35/><T50/><D116/><RYUUKYOKU ba="4,0" sc="452,-30,159,10,296,10,93,10" hai1="0,7,8,29,31,51,54,57,85,89" hai2="4,10,15,20,23,58,61,93,97,100" hai3="12,19,25,26,27,38,42,45,56,59" /><INIT seed="7,5,0,0,0,67" ten="422,169,306,103" oya="3" hai0="70,126,26,58,60,57,76,86,84,130,62,5,75" hai1="125,113,104,14,38,69,134,30,110,32,107,49,16" hai2="98,10,4,55,54,18,123,25,109,82,79,111,78" hai3="88,23,129,131,105,6,41,59,64,3,65,7,42"/><W31/><G105/><T53/><D70/><U68/><E110/><V95/><F123/><W117/><G117/><T20/><D5/><N who="3" m="1545" /><G3/><T124/><D76/><U39/><E32/><V85/><F79/><W127/><G127/><N who="0" m="48683" /><D75/><U87/><E30/><V15/><F111/><W99/><G31/><N who="0" m="17863" /><D130/><N who="3" m="49673" /><G23/><T8/><D8/><U112/><E134/><V81/><F81/><W13/><G13/><T56/><D56/><U73/><E73/><V37/><F37/><W71/><G71/><T92/><D92/><U118/><E118/><V43/><F109/><W44/><G59/><T121/><D121/><U100/><E87/><V63/><F25/><W93/><G42/><T22/><D22/><U24/><E24/><V122/><F122/><W114/><G114/><T12/><D12/><U80/><E80/><V116/><F116/><W47/><G47/><T51/><D51/><AGARI ba="5,0" hai="41,44,51,64,65,88,93,99" m="49673,1545" machi="51" ten="30,2900,0" yaku="19,1,54,1" doraHai="67" who="3" fromWho="0" sc="422,-44,169,0,306,0,103,44" /><INIT seed="7,6,0,4,2,122" ten="378,169,306,147" oya="3" hai0="135,107,132,13,117,65,16,40,133,43,99,104,31" hai1="131,81,68,93,110,90,5,9,103,128,85,55,59" hai2="118,111,63,77,69,41,121,45,88,80,15,14,108" hai3="4,49,37,62,119,84,0,52,76,126,134,54,42"/><W91/><G119/><T19/><D117/><U130/><E68/><V105/><F118/><W74/><G134/><T71/><D31/><U34/><E34/><V30/><F105/><N who="0" m="40522" /><D99/><U51/><E110/><V36/><F30/><W28/><G28/><T47/><D65/><U24/><E24/><V33/><F33/><W92/><G126/><T101/><D101/><U114/><E114/><V7/><F7/><W3/><G4/><T125/><D71/><U17/><E17/><V96/><F69/><W116/><G116/><T95/><D125/><U115/><E115/><V25/><F111/><W8/><G8/><T72/><D95/><U35/><E35/><V48/><F108/><W61/><G37/><T129/><D129/><U2/><E103/><V102/><F36/><W100/><G100/><T75/><D19/><U23/><E23/><V56/><F121/><W73/><G74/><N who="0" m="28203" /><D47/><U98/><E98/><V21/><F102/><W106/><G106/><T112/><D112/><U83/><AGARI ba="6,0" hai="2,5,9,51,55,59,81,83,85,90,93,128,130,131" machi="83" ten="40,2700,0" yaku="0,1,19,1" doraHai="122" who="1" fromWho="1" sc="378,-13,169,45,306,-13,147,-19" owari="365,47.0,214,-19.0,293,9.0,128,-37.0" /></mjloggm>