<mjloggm ver="2.3"><GO type="97" lobby="0"/><UN n0="%41%49%4E%45" n1="%E5%B0%B1%E6%B4%BB%E7%94%9F%40%E5%B7%9D%E6%9D%91%E8%BB%8D%E5%9B%A3" n2="%63%68%75%62%75%37%34" n3="%E5%8D%81%E5%BC%90%E7%BE%8E%E7%80%AC%E3%81%AA%E3%81%AA" dan="14,15,15,15" rate="2003.32,1997.90,2037.36,1992.08" sx="F,M,M,F"/><TAIKYOKU oya="0"/><INIT seed="0,0,0,5,0,95" ten="250,250,250,250" oya="0" hai0="28,18,37,62,88,94,83,87,132,10,125,130,102" hai1="1,56,22,14,6,54,93,134,5,120,33,31,8" hai2="128,3,7,48,40,42,17,114,107,46,96,16,135" hai3="118,112,11,66,111,76,38,115,90,41,124,61,127"/><T60/><D37/><U72/><E120/><V9/><F114/><W47/><G76/><T34/><D130/><U21/><E72/><V36/><F128/><W109/><G90/><T92/><D132/><U86/><E134/><V25/><F135/><W69/><G11/><T98/><D125/><N who="3" m="48201" /><G118/><T129/><D129/><U84/><E6/><V26/><F36/><W2/><G2/><T131/><D131/><U106/><E106/><V65/><F65/><W89/><G89/><T55/><D28/><U57/><E57/><V49/><F107/><W32/><G32/><T113/><D34/><U68/><E68/><V39/><F39/><W23/><G23/><T44/><D113/><AGARI ba="0,0" hai="38,41,47,61,66,69,109,111,112,113,115" m="48201" machi="113" ten="30,7700,0" yaku="18,1,23,1,34,2" doraHai="95" who="3" fromWho="0" sc="250,-77,250,0,250,0,250,77" /><INIT seed="1,0,0,0,3,102" ten="173,250,250,327" oya="1" hai0="20,10,110,65,126,101,36,111,98,127,43,31,45" hai1="69,61,121,11,35,44,9,50,6,22,41,75,88" hai2="118,29,87,103,119,83,33,18,39,79,60,109,130" hai3="105,97,68,34,8,57,1,106,133,40,15,55,49"/><U123/><E35/><V131/><F39/><W27/><G68/><T129/><D65/><U116/><E75/><V21/><F29/><W82/><G1/><T14/><D129/><N who="2" m="49162" /><F33/><W30/><G133/><T115/><D31/><U112/><E112/><V74/><F109/><N who="0" m="41482" /><D20/><U76/><E116/><N who="2" m="44587" /><F103/><W19/><G40/><T26/><D26/><U72/><E22/><V59/><F74/><W100/><G82/><T113/><D14/><U32/><E32/><V81/><F81/><W124/><G124/><N who="0" m="47659" /><D10/><U120/><E72/><V89/><F79/><W48/><G49/><T91/><D91/><U7/><E76/><V5/><F5/><W77/><G77/><T62/><D62/><U122/><E88/><V16/><F21/><W46/><G57/><T117/><D117/><U90/><E90/><V23/><F23/><W52/><G55/><AGARI ba="0,0" hai="16,18,55,59,60,83,87,89" m="44587,49162" machi="55" ten="30,2000,0" yaku="19,1,54,1" doraHai="102" who="2" fromWho="3" sc="173,0,250,0,250,20,327,-20" /><INIT seed="2,0,0,0,1,8" ten="173,250,270,307" oya="2" hai0="46,42,133,36,67,102,44,55,112,35,3,68,49" hai1="26,78,126,27,33,34,10,130,61,107,81,37,134" hai2="98,72,89,94,114,23,60,118,18,16,116,25,105" hai3="104,53,86,57,2,96,63,21,64,125,4,119,131"/><V24/><F114/><W80/><G125/><T99/><D35/><U43/><E107/><V124/><F124/><W56/><G131/><T39/><D3/><U45/><E126/><V29/><F72/><W13/><G2/><T92/><D112/><U109/><E130/><V101/><F60/><W7/><G119/><T95/><D133/><U11/><E134/><V127/><F127/><W1/><G1/><T100/><D68/><U71/><E109/><V79/><F79/><W65/><G65/><T59/><D67/><U52/><E27/><V110/><F110/><W75/><G75/><T20/><D20/><U85/><E71/><V91/><F18/><N who="3" m="10447" /><G96/><T5/><D5/><U51/><E61/><V84/><REACH who="2" step="1"/><F91/><REACH who="2" ten="173,250,260,307" step="2"/><N who="3" m="51655" /><G104/><T19/><D19/><U38/><E38/><V17/><F17/><W50/><AGARI ba="0,1" hai="4,7,50,53,56,57,63,64" m="51655,10447" machi="50" ten="30,2000,0" yaku="8,1,52,1" doraHai="8" who="3" fromWho="3" sc="173,-5,250,-5,260,-10,307,30" /><INIT seed="3,0,0,3,5,4" ten="168,245,250,337" oya="3" hai0="23,21,107,74,19,56,46,2,82,35,71,25,96" hai1="110,99,52,62,80,132,131,8,38,97,14,95,39" hai2="100,54,105,55,75,85,113,83,32,36,70,133,64" hai3="125,6,34,128,98,69,40,50,43,87,112,48,126"/><W90/><G112/><T15/><D71/><U60/><E131/><V93/><F36/><W29/><G69/><T53/><D107/><U18/><E132/><V78/><F113/><W66/><G66/><T77/><D96/><U10/><E110/><V130/><F130/><W116/><G116/><T88/><D46/><U9/><E80/><V16/><F133/><W68/><G68/><T20/><D2/><U92/><E39/><V79/><F32/><W73/><G73/><T58/><D35/><U91/><E38/><V86/><F64/><W7/><G98/><T109/><D109/><U102/><REACH who="1" step="1"/><E52/><REACH who="1" ten="168,235,250,337" step="2"/><V94/><F55/><W134/><G134/><T124/><D124/><U45/><E45/><V81/><F54/><W11/><G126/><T106/><D106/><U13/><E13/><V44/><F44/><W24/><G125/><T17/><D25/><U121/><E121/><V5/><F5/><W111/><G7/><T63/><D15/><U119/><E119/><V135/><F135/><W122/><G6/><T47/><D47/><U61/><AGARI ba="0,1" hai="8,9,10,14,18,60,61,62,91,92,95,97,99,102" machi="61" ten="30,12000,2" yaku="1,1,0,1,8,1,52,3,53,0" doraHai="4" doraHaiUra="22" who="1" fromWho="1" sc="168,-30,235,130,250,-30,337,-60" owari="138,-36.0,365,46.0,220,-18.0,277,8.0" /></mjloggm>