<mjloggm ver="2.3"><GO type="169" lobby="0"/><UN n0="%E6%B9%8A%E3%81%AE%E9%87%A3%E5%B8%AB" n1="%E7%A2%BA%E8%AA%8D%E4%BA%8B%E9%A0%85" n2="%E3%81%82%E3%82%8B%E3%81%A1%E3%82%83%E3%82%93" n3="%E3%82%A6%E3%83%AB%E3%83%88%E3%83%A9%E7%AB%8B%E7%9B%B4" dan="17,17,16,17" rate="2085.22,2152.93,2073.90,2129.70" sx="M,M,M,M"/><TAIKYOKU oya="0"/><INIT seed="0,0,0,4,5,98" ten="250,250,250,250" oya="0" hai0="60,84,101,62,56,49,40,24,106,37,95,132,47" hai1="88,25,10,92,22,131,48,64,130,74,67,125,69" hai2="96,3,14,15,73,13,31,39,76,126,135,42,46" hai3="51,115,80,21,19,65,109,5,123,55,53,90,122"/><T61/><D132/><U34/><E34/><V45/><F135/><W28/><G115/><T29/><D106/><U8/><E74/><V27/><F126/><W63/><G28/><T124/><D124/><U1/><E125/><V103/><F3/><W89/><G5/><T16/><D37/><U83/><E83/><V17/><F46/><W57/><G109/><T12/><D84/><U128/><E48/><V86/><F73/><W32/><G32/><T52/><D24/><U44/><E44/><V71/><F71/><W72/><G72/><T134/><D29/><U23/><E23/><V99/><F17/><W114/><G114/><T30/><D30/><U133/><E133/><V35/><REACH who="2" step="1"/><F103/><REACH who="2" ten="250,250,240,250" step="2"/><W105/><G19/><T102/><D134/><U0/><E69/><V4/><F4/><W20/><G122/><T36/><REACH who="0" step="1"/><D95/><REACH who="0" ten="240,250,240,250" step="2"/><U79/><E92/><V119/><F119/><W87/><G123/><T85/><D85/><U129/><E131/><V120/><F120/><W108/><G87/><T54/><D54/><U41/><E129/><V82/><AGARI ba="0,2" hai="13,14,15,27,31,35,39,42,45,76,82,86,96,99" machi="82" ten="30,2000,0" yaku="1,1,0,1,53,0" doraHai="98" doraHaiUra="112" who="2" fromWho="2" sc="240,-10,250,-5,240,40,250,-5" /><INIT seed="1,0,0,2,5,111" ten="230,245,280,245" oya="1" hai0="68,21,15,103,58,56,29,25,37,50,105,69,73" hai1="99,13,75,130,86,102,82,121,34,45,70,57,48" hai2="106,2,125,96,74,0,26,42,36,119,3,14,8" hai3="32,9,18,128,64,113,127,100,63,38,33,132,39"/><U71/><E121/><V120/><F119/><W110/><G100/><T123/><D37/><U72/><E34/><V98/><F120/><W77/><G77/><T65/><D73/><U62/><E130/><V53/><F74/><W135/><G110/><T55/><D123/><U28/><E28/><V16/><F125/><W47/><G127/><T76/><D76/><U94/><E13/><V20/><F53/><W126/><G126/><T134/><D134/><N who="3" m="51241" /><G128/><T5/><D103/><U131/><E131/><V51/><F36/><W4/><G18/><T117/><D105/><U30/><E30/><V88/><F106/><W108/><G108/><T52/><D65/><U124/><E124/><V91/><F42/><N who="3" m="22999" /><G113/><T133/><D133/><U35/><E75/><V60/><F51/><W115/><G115/><T90/><D90/><U49/><E72/><V12/><F60/><W46/><G46/><T41/><D41/><U31/><E49/><V107/><F107/><W79/><G79/><T67/><D67/><U95/><E95/><V44/><F44/><W84/><G84/><T10/><REACH who="0" step="1"/><D117/><REACH who="0" ten="220,245,280,245" step="2"/><U116/><E116/><V89/><REACH who="2" step="1"/><F14/><REACH who="2" ten="220,245,270,245" step="2"/><N who="3" m="5415" /><G39/><T6/><D6/><AGARI ba="0,2" hai="0,2,3,6,8,12,16,20,26,88,89,91,96,98" machi="6" ten="50,6400,0" yaku="1,1,54,2,53,0" doraHai="111" doraHaiUra="54" who="2" fromWho="0" sc="220,-64,245,0,270,84,245,0" /><INIT seed="2,0,0,3,1,62" ten="156,245,354,245" oya="2" hai0="44,64,42,41,35,26,31,104,75,25,46,38,2" hai1="87,11,4,7,82,85,110,36,58,91,17,97,128" hai2="18,23,71,81,50,113,52,127,53,124,117,33,0" hai3="61,10,120,111,108,24,39,70,99,22,66,20,116"/><V49/><F117/><W77/><G39/><T13/><D2/><U3/><E36/><V90/><F113/><W126/><G116/><T34/><D13/><U6/><E110/><N who="3" m="42026" /><G120/><T94/><D94/><U28/><E28/><V14/><F0/><W56/><G126/><N who="2" m="48169" /><F33/><W93/><G77/><T100/><D75/><U16/><E128/><V57/><F71/><W83/><G83/><T129/><D129/><U63/><E97/><V78/><F90/><N who="3" m="55735" /><G10/><T118/><D118/><U47/><E47/><N who="2" m="27711" /><F81/><W92/><G92/><T102/><D104/><U130/><E130/><V135/><F78/><W95/><G95/><T122/><D122/><U45/><E3/><V27/><F14/><W72/><G72/><T109/><D109/><U80/><E45/><V133/><AGARI ba="0,0" hai="18,23,27,50,53,57,133,135" m="27711,48169" machi="133" ten="30,3000,0" yaku="18,1,54,1" doraHai="62" who="2" fromWho="2" sc="156,-10,245,-10,354,30,245,-10" /><INIT seed="2,1,0,3,5,44" ten="146,235,384,235" oya="2" hai0="17,76,47,21,63,41,104,5,61,96,88,79,35" hai1="86,83,32,90,43,119,135,10,72,31,3,27,121" hai2="115,38,74,78,62,70,105,6,19,55,116,53,26" hai3="14,101,2,39,12,40,97,4,130,13,8,56,36"/><V45/><F116/><W102/><G130/><T65/><D35/><U110/><E119/><V60/><F115/><W77/><G77/><T42/><D5/><U54/><E110/><V9/><F105/><W93/><G40/><T57/><D63/><U84/><E135/><V111/><F111/><W91/><G102/><T80/><D104/><U66/><E121/><V132/><F132/><W20/><G20/><T59/><D59/><U64/><E43/><N who="2" m="22775" /><F26/><W7/><G7/><T125/><D125/><U114/><E114/><V69/><F19/><W133/><G133/><T75/><D42/><U99/><E99/><V50/><F62/><W123/><G123/><T128/><D128/><U87/><E72/><V1/><F60/><W85/><REACH who="3" step="1"/><G56/><REACH who="3" ten="146,235,384,225" step="2"/><T120/><D120/><U18/><E32/><V126/><F78/><W11/><G11/><T73/><D73/><U15/><E10/><V37/><F9/><W95/><AGARI ba="1,1" hai="2,4,8,12,13,14,36,39,85,91,93,95,97,101" machi="95" ten="30,2000,0" yaku="1,1,0,1,53,0" doraHai="44" doraHaiUra="108" who="3" fromWho="3" sc="146,-6,235,-6,384,-11,225,33" /><INIT seed="3,0,0,1,0,36" ten="140,229,373,258" oya="3" hai0="105,48,53,50,85,51,0,62,95,73,79,35,68" hai1="1,37,17,21,132,119,115,129,16,14,116,126,134" hai2="22,87,117,127,56,24,122,32,90,104,110,25,131" hai3="40,20,72,88,49,13,27,130,15,124,77,83,118"/><W86/><G118/><N who="1" m="45098" /><E37/><V47/><F117/><W38/><G38/><T93/><D105/><U19/><E115/><V46/><F104/><W30/><G124/><T12/><D0/><U8/><E126/><V111/><F127/><W98/><G130/><T28/><D73/><U60/><E60/><V80/><F131/><W76/><G76/><T3/><D3/><U4/><E129/><V121/><F32/><W120/><G120/><N who="2" m="46185" /><F56/><W52/><G40/><T54/><D12/><N who="1" m="9351" /><E19/><N who="2" m="12383" /><F25/><W31/><G31/><T106/><D106/><U6/><E6/><V39/><F39/><W135/><G135/><T64/><D28/><U66/><E66/><V100/><F100/><W5/><G5/><T26/><D26/><U97/><E97/><V65/><F65/><W18/><G30/><T103/><D103/><U34/><E34/><V123/><F123/><W7/><G7/><T114/><D35/><U43/><E43/><V84/><F84/><W92/><REACH who="3" step="1"/><G72/><REACH who="3" ten="140,229,373,248" step="2"/><T58/><D114/><U61/><E134/><V23/><F23/><W108/><G108/><AGARI ba="0,1" hai="46,47,80,87,90,108,110,111" m="12383,46185" machi="108" ten="30,2000,0" yaku="14,1,13,1" doraHai="36" who="2" fromWho="3" sc="140,0,229,0,373,30,248,-20" /><INIT seed="4,0,0,2,4,37" ten="140,229,403,228" oya="0" hai0="10,7,26,41,36,30,13,12,122,48,21,55,78" hai1="80,8,68,31,75,11,65,118,34,47,89,67,71" hai2="27,23,132,88,39,16,32,18,5,119,135,2,61" hai3="3,64,116,121,52,4,100,105,130,28,24,14,33"/><T35/><D122/><U128/><E118/><V99/><F119/><W109/><G64/><T42/><D36/><U125/><E34/><V117/><F117/><W82/><G100/><T113/><D113/><U49/><E75/><V97/><F39/><W103/><G103/><T51/><D78/><U70/><E31/><V77/><F77/><W44/><G105/><T9/><D35/><U108/><E108/><V40/><F32/><W53/><G116/><T79/><D79/><U106/><E106/><V54/><F40/><N who="0" m="15466" /><D55/><U38/><E38/><V76/><F54/><W62/><G52/><T59/><D59/><U124/><E65/><V72/><F76/><W69/><G53/><T19/><AGARI ba="0,0" hai="7,9,10,12,13,19,21,26,30,48,51" m="15466" machi="19" ten="30,11700,0" yaku="8,1,52,3" doraHai="37" who="0" fromWho="0" sc="140,117,229,-39,403,-39,228,-39" /><INIT seed="4,1,0,2,0,52" ten="257,190,364,189" oya="0" hai0="105,95,70,85,28,91,135,79,97,64,46,106,41" hai1="121,115,44,23,35,132,34,75,55,29,82,15,77" hai2="67,83,123,99,127,74,31,66,102,90,18,71,26" hai3="43,122,93,73,36,110,120,84,51,21,50,119,39"/><T3/><D3/><U89/><E121/><N who="3" m="46698" /><G73/><T6/><D6/><U125/><E132/><V133/><F123/><W108/><G21/><T94/><D135/><U92/><E125/><V40/><F40/><W10/><G10/><T63/><D28/><U87/><E115/><V17/><F133/><W7/><G7/><T103/><REACH who="0" step="1"/><D79/><REACH who="0" ten="247,190,364,189" step="2"/><U107/><E29/><V62/><F31/><W16/><G16/><T80/><D80/><U134/><E82/><V76/><F83/><W116/><G93/><T14/><D14/><U20/><E15/><V53/><F18/><W58/><G84/><T60/><D60/><U30/><E92/><V86/><F62/><W33/><G33/><T124/><D124/><U128/><E87/><V88/><F86/><W72/><G72/><T118/><D118/><U45/><E75/><V61/><F17/><W5/><G5/><T27/><D27/><U104/><E30/><V11/><F76/><W68/><G119/><T112/><D112/><U111/><E134/><V109/><F127/><W126/><G126/><T49/><AGARI ba="1,1" hai="41,46,49,63,64,70,85,91,94,95,97,103,105,106" machi="49" ten="20,7800,0" yaku="1,1,0,1,7,1,53,1" doraHai="52" doraHaiUra="59" who="0" fromWho="0" sc="247,91,190,-27,364,-27,189,-27" /><INIT seed="4,2,0,1,5,83" ten="338,163,337,162" oya="0" hai0="94,23,116,68,88,10,126,105,125,25,18,101,98" hai1="115,102,19,104,111,123,65,92,130,7,124,113,21" hai2="110,107,6,30,76,63,109,85,71,135,91,108,17" hai3="64,75,40,8,122,90,29,16,41,22,58,70,57"/><T114/><D114/><N who="1" m="43531" /><E111/><V80/><F107/><W61/><G75/><T49/><D116/><U66/><E123/><V128/><F6/><W52/><G122/><T86/><D68/><U14/><E104/><V44/><F30/><W121/><G121/><T1/><D49/><U96/><E130/><V78/><F128/><W103/><G103/><T26/><D25/><U132/><E124/><N who="0" m="47721" /><D10/><N who="1" m="4447" /><E132/><V56/><F71/><W43/><G8/><T100/><D100/><U95/><E95/><V3/><F3/><AGARI ba="2,0" hai="1,3,18,23,26,86,88,94,98,101,105" m="47721" machi="3" ten="30,5800,0" yaku="18,1,52,1,54,1" doraHai="83" who="0" fromWho="2" sc="338,64,163,0,337,-64,162,0" /><INIT seed="4,3,0,5,2,93" ten="402,163,273,162" oya="0" hai0="64,62,2,74,8,21,132,117,76,6,52,118,81" hai1="135,84,96,119,28,11,92,36,39,101,15,51,26" hai2="13,60,16,18,124,71,7,53,43,5,97,130,14" hai3="86,55,104,67,19,113,12,94,32,68,88,23,128"/><T10/><D132/><U41/><E135/><V30/><F30/><W78/><G128/><T102/><D21/><U29/><E119/><V63/><F130/><W77/><G113/><T133/><D133/><U108/><E108/><V90/><F124/><W22/><G32/><T20/><D20/><U27/><E84/><V54/><F43/><W37/><G37/><T127/><D127/><U35/><E51/><V73/><F73/><W49/><G104/><T44/><D10/><U99/><E41/><V82/><F71/><W72/><G72/><T40/><D52/><U134/><E134/><V80/><F90/><W50/><G50/><T98/><D64/><U57/><E57/><V87/><F87/><W33/><G33/><T31/><D31/><U125/><E125/><V95/><F95/><W100/><G100/><T116/><D62/><U1/><E1/><V61/><REACH who="2" step="1"/><F63/><REACH who="2" ten="402,163,263,162" step="2"/><W106/><G106/><N who="0" m="63831" /><D118/><U69/><E69/><V3/><F3/><W131/><G131/><T46/><D117/><U24/><E29/><V109/><F109/><W112/><G68/><T129/><D129/><U4/><E28/><V48/><F48/><W83/><G112/><T126/><D116/><U66/><E35/><V59/><F59/><N who="3" m="33263" /><G94/><T120/><D126/><U89/><E39/><V42/><F42/><W114/><G114/><T105/><D105/><N who="1" m="63679" /><E36/><V9/><F9/><W65/><G23/><T123/><D44/><U34/><E34/><V56/><F56/><W58/><G58/><T107/><D107/><U122/><E66/><AGARI ba="3,1" hai="12,19,22,65,66,67,77,78,83,86,88" m="33263" machi="66" ten="30,2000,0" yaku="8,1,54,1" doraHai="93" who="3" fromWho="1" sc="402,0,163,-29,263,0,162,39" /><INIT seed="5,0,0,2,5,74" ten="402,134,263,201" oya="1" hai0="101,69,100,13,80,105,27,31,62,87,120,110,60" hai1="54,21,47,28,30,18,6,40,70,65,75,52,48" hai2="32,29,61,117,96,90,59,56,103,4,44,19,43" hai3="25,33,127,123,58,35,68,9,134,118,50,81,2"/><U72/><E6/><V8/><F117/><W7/><G68/><T49/><D110/><U24/><E70/><V92/><F19/><W71/><G71/><T91/><D105/><U114/><E114/><V1/><F32/><W78/><G123/><T11/><D49/><U121/><E65/><V34/><F34/><W46/><G127/><T64/><D62/><U22/><E121/><V88/><F29/><W42/><G134/><T99/><D99/><U135/><E135/><V128/><F128/><W23/><G58/><T130/><D130/><U84/><E84/><V107/><F107/><W82/><G82/><T36/><D36/><U102/><E102/><V77/><F77/><W5/><G5/><T53/><D53/><U95/><E95/><V51/><REACH who="2" step="1"/><F59/><REACH who="2" ten="402,134,253,201" step="2"/><W12/><G118/><T17/><D120/><U131/><E131/><V16/><F16/><W67/><G35/><AGARI ba="0,1" hai="11,13,17,27,31,35,60,64,69,80,87,91,100,101" machi="35" ten="30,1000,0" yaku="7,1" doraHai="74" who="0" fromWho="3" sc="402,20,134,0,253,0,201,-10" /><INIT seed="6,0,0,1,4,76" ten="422,134,253,191" oya="2" hai0="50,20,3,116,71,122,126,84,26,32,33,44,49" hai1="46,8,102,55,80,5,59,45,87,105,27,12,21" hai2="123,106,133,30,38,42,39,66,52,103,92,99,28" hai3="121,24,54,16,67,51,11,35,14,4,104,25,109"/><V95/><F123/><W57/><G104/><T63/><D3/><U74/><E74/><V34/><F66/><W19/><G109/><T36/><D36/><U124/><E124/><V64/><F64/><W130/><G121/><T114/><D126/><U1/><E1/><V79/><F79/><W13/><G130/><T128/><D128/><U90/><E102/><V86/><F133/><W129/><G129/><T82/><D50/><U132/><E105/><V6/><F6/><W68/><G35/><T118/><D63/><U37/><E37/><V78/><F52/><W113/><G113/><T85/><D85/><U94/><E80/><V100/><F106/><W41/><G41/><N who="0" m="24719" /><D71/><U77/><E77/><V61/><F61/><W110/><G110/><T120/><D114/><U9/><E9/><V96/><F34/><W22/><G67/><T107/><D107/><U65/><E65/><V40/><F78/><W73/><G73/><T131/><D131/><U72/><E72/><V117/><REACH who="2" step="1"/><F86/><REACH who="2" ten="422,134,243,191" step="2"/><W93/><G68/><T47/><D122/><U115/><E132/><V0/><F0/><W17/><G4/><T56/><D120/><U70/><E115/><V15/><F15/><W31/><G14/><T134/><D134/><U112/><E112/><V83/><F83/><W48/><G93/><T98/><D33/><U62/><REACH who="1" step="1"/><E70/><REACH who="1" ten="422,124,243,191" step="2"/><V125/><F125/><W135/><G135/><T23/><D82/><U88/><E88/><V81/><F81/><W91/><G91/><T29/><D32/><U58/><E58/><V75/><F75/><W119/><G57/><T2/><D84/><RYUUKYOKU ba="0,2" sc="422,-15,124,15,243,15,191,-15" hai1="5,8,12,21,27,45,46,55,59,62,87,90,94" hai2="28,30,38,39,40,42,92,95,96,99,100,103,117" /><INIT seed="6,1,2,3,5,96" ten="407,139,258,176" oya="2" hai0="35,54,130,34,127,76,5,75,107,11,125,29,36" hai1="18,135,103,74,85,57,41,115,17,69,67,64,113" hai2="133,80,110,99,4,121,19,83,123,106,50,92,72" hai3="21,101,90,49,45,108,119,16,53,46,87,48,59"/><V84/><F4/><W126/><G108/><T20/><D107/><U6/><E74/><V63/><F63/><W86/><G119/><T109/><D109/><U24/><E69/><V47/><F110/><W27/><G126/><T97/><D97/><U105/><E135/><V12/><F106/><W7/><G7/><T128/><D36/><U95/><E6/><V2/><F2/><W61/><G101/><T33/><D54/><U89/><E41/><V39/><F39/><W65/><G90/><T100/><D100/><U82/><E105/><V91/><F72/><W81/><G81/><N who="0" m="45215" /><D20/><N who="1" m="13335" /><E17/><V88/><F133/><W51/><G51/><T62/><D62/><U94/><E57/><V122/><F83/><W73/><G73/><T124/><D29/><U9/><E9/><V37/><F37/><W60/><G60/><T93/><D93/><N who="1" m="35339" /><E103/><V10/><REACH who="2" step="1"/><F123/><REACH who="2" ten="407,139,248,176" step="2"/><W43/><AGARI ba="1,3" hai="16,21,27,43,45,46,48,49,53,59,61,65,86,87" machi="43" ten="20,5200,0" yaku="0,1,7,1,8,1,54,1" doraHai="96" who="3" fromWho="3" sc="407,-14,139,-14,248,-27,176,85" /><INIT seed="7,0,0,4,2,98" ten="393,125,221,261" oya="3" hai0="51,111,40,9,35,44,32,21,43,34,127,33,7" hai1="125,66,108,126,68,117,5,50,23,130,89,129,29" hai2="48,112,124,106,12,67,116,17,119,90,121,86,80" hai3="93,14,60,15,62,25,27,56,18,118,76,82,110"/><W73/><G118/><T26/><D111/><U132/><E89/><V37/><F37/><W88/><G110/><T115/><D127/><N who="1" m="48651" /><E108/><V92/><F106/><W77/><G77/><T16/><D115/><U95/><E95/><V46/><F112/><W0/><G0/><T75/><D75/><U128/><E5/><V123/><F124/><W11/><G60/><T30/><D43/><U22/><E29/><V28/><F28/><W54/><REACH who="3" step="1"/><G15/><REACH who="3" ten="393,125,221,251" step="2"/><N who="0" m="9375" /><D34/><U36/><E117/><V91/><F119/><W96/><AGARI ba="0,1" hai="11,14,18,25,27,54,56,62,73,76,82,88,93,96" machi="96" ten="20,7800,0" yaku="1,1,0,1,7,1,54,1,53,0" doraHai="98" doraHaiUra="114" who="3" fromWho="3" sc="393,-26,125,-26,221,-26,251,88" /><INIT seed="7,1,0,0,3,103" ten="367,99,195,339" oya="3" hai0="7,115,85,117,98,122,74,20,131,65,50,130,38" hai1="80,5,125,16,57,66,39,58,62,64,54,69,114" hai2="70,128,97,15,110,61,105,132,126,68,104,73,13" hai3="81,47,17,36,3,44,78,29,121,9,86,51,24"/><W82/><G121/><T23/><D122/><U37/><E5/><V48/><F110/><W25/><G36/><N who="1" m="13898" /><E16/><V101/><F73/><W133/><G133/><T19/><D38/><U84/><E84/><V34/><F34/><W91/><G3/><T109/><D109/><U95/><E95/><V67/><F70/><W123/><G123/><T56/><D117/><U90/><E90/><V33/><F33/><W22/><G51/><T55/><D74/><U116/><E80/><V127/><F132/><W31/><G9/><T14/><D7/><U100/><E100/><V59/><F105/><W93/><G82/><T118/><D115/><U49/><E114/><V52/><F15/><W60/><G60/><N who="0" m="38023" /><D85/><U83/><E83/><V102/><F13/><W18/><G18/><T63/><D63/><N who="1" m="40159" /><E125/><N who="2" m="47627" /><F102/><W1/><G1/><T134/><D134/><U53/><E116/><V40/><F40/><W99/><REACH who="3" step="1"/><G17/><REACH who="3" ten="367,99,195,329" step="2"/><T89/><D118/><U111/><E111/><V2/><F2/><W108/><G108/><T46/><D131/><AGARI ba="1,1" hai="48,52,59,61,67,68,97,101,104,128,131" m="47627" machi="131" ten="30,3900,0" yaku="18,1,52,1,54,1" doraHai="103" who="2" fromWho="0" sc="367,-42,99,0,195,52,329,0" owari="325,13.0,99,-40.0,247,-15.0,329,42.0" /></mjloggm>