<mjloggm ver="2.3"><GO type="97" lobby="0"/><UN n0="%E3%81%84%E3%81%A7%E3%82%80%E3%82%93" n1="%E3%82%A6%E3%83%AB%E3%83%88%E3%83%A9%E7%AB%8B%E7%9B%B4" n2="%61%69%72%6D%61%67%6D%61" n3="%6E%61%62%65%6B%69%63%68" dan="14,14,14,14" rate="2045.67,1925.55,1867.07,1904.96" sx="M,M,M,M"/><TAIKYOKU oya="0"/><INIT seed="0,0,0,5,3,63" ten="250,250,250,250" oya="0" hai0="108,47,76,84,78,130,51,5,41,35,93,61,34" hai1="3,123,92,27,80,79,128,72,38,113,89,132,22" hai2="49,117,19,106,122,12,71,50,43,95,70,124,82" hai3="98,1,67,102,127,31,40,125,116,16,91,0,9"/><T74/><D74/><U56/><E3/><V99/><F106/><W44/><G116/><T64/><D130/><U120/><E38/><V58/><F117/><W96/><G31/><T87/><D108/><U107/><E128/><V32/><F32/><W33/><G33/><T39/><D39/><U62/><E107/><V26/><F26/><W23/><G91/><T52/><D34/><U69/><E69/><V46/><F82/><W129/><G129/><T8/><D35/><U24/><E113/><V55/><F124/><N who="3" m="47691" /><G98/><T83/><D41/><U66/><E132/><V90/><REACH who="2" step="1"/><F122/><REACH who="2" ten="250,250,240,250" step="2"/><W68/><G0/><T20/><D20/><AGARI ba="0,1" hai="12,19,20,43,46,49,50,55,58,70,71,90,95,99" machi="20" ten="30,7700,0" yaku="1,1,2,1,7,1,53,1" doraHai="63" doraHaiUra="88" who="2" fromWho="0" sc="250,-77,250,0,240,87,250,0" /><INIT seed="1,0,0,2,2,12" ten="173,250,327,250" oya="1" hai0="107,85,103,64,13,68,93,118,122,79,121,96,6" hai1="78,69,22,41,10,80,30,47,72,77,120,24,39" hai2="76,82,89,40,21,46,74,23,61,109,9,29,65" hai3="1,50,132,128,2,4,36,131,86,127,8,126,56"/><U33/><E78/><V42/><F109/><W18/><G36/><T98/><D64/><U57/><E57/><V87/><F9/><W37/><G37/><T63/><D63/><U14/><E120/><N who="0" m="46185" /><D13/><U5/><E69/><V19/><F29/><W53/><G1/><T15/><D15/><U102/><E102/><V114/><F23/><W99/><G132/><T108/><D6/><U55/><E55/><V133/><F133/><W123/><G123/><T105/><D68/><U11/><E11/><V60/><F114/><W54/><G53/><T104/><D108/><U75/><E22/><V7/><F7/><W135/><G135/><T52/><D52/><U31/><E31/><V81/><F46/><W16/><G99/><N who="0" m="59887" /><D118/><U25/><E25/><V51/><F51/><W58/><G58/><T84/><D85/><AGARI ba="0,0" hai="5,10,14,24,30,33,39,41,47,72,75,77,80,85" machi="85" ten="30,1500,0" yaku="7,1" doraHai="12" who="1" fromWho="0" sc="173,-15,250,15,327,0,250,0" /><INIT seed="1,1,0,5,3,63" ten="158,265,327,250" oya="1" hai0="83,8,90,11,61,123,98,29,33,122,78,4,94" hai1="5,42,135,55,81,119,127,134,47,85,23,26,1" hai2="13,62,109,95,52,96,49,125,91,7,53,44,97" hai3="20,128,51,70,106,10,69,58,116,34,86,99,64"/><U15/><E1/><V108/><F125/><W21/><G128/><T115/><D115/><U87/><E55/><V65/><F7/><W117/><G34/><T50/><D50/><U121/><E121/><V43/><F13/><W3/><G86/><T57/><D33/><U130/><E130/><V35/><F35/><W75/><G75/><T6/><D29/><U18/><E127/><V46/><F97/><W48/><G99/><T88/><D90/><U59/><E59/><V72/><F72/><W107/><G10/><T77/><D77/><U103/><E103/><V124/><F124/><W36/><G58/><T133/><D133/><U19/><E5/><N who="0" m="2153" /><D123/><U17/><E119/><V67/><F62/><W131/><G131/><T40/><D40/><U89/><E85/><V2/><F2/><W111/><G36/><T41/><D41/><U45/><E45/><V71/><F71/><W12/><G12/><T60/><D122/><U25/><E15/><V126/><F126/><W100/><G3/><T14/><D14/><U120/><E120/><V32/><F32/><W132/><G132/><N who="1" m="50730" /><E26/><V0/><F0/><W28/><G28/><T82/><D60/><U56/><E56/><V68/><F68/><W38/><G38/><AGARI ba="1,0" hai="17,18,19,23,25,38,42,47,81,87,89" m="50730" machi="38" ten="30,1500,0" yaku="20,1" doraHai="63" who="1" fromWho="3" sc="158,0,265,18,327,0,250,-18" /><INIT seed="1,2,0,1,0,34" ten="158,283,327,232" oya="1" hai0="52,90,109,60,49,4,30,32,51,107,130,12,129" hai1="35,121,9,125,114,92,78,123,81,86,3,132,80" hai2="55,71,115,8,97,1,77,45,22,31,50,64,66" hai3="6,75,116,88,62,89,73,65,122,13,87,24,83"/><U54/><E35/><V38/><F71/><W70/><G122/><T39/><D39/><U63/><E114/><V99/><F115/><W27/><G116/><T74/><D74/><U128/><E63/><V44/><F99/><W126/><G126/><T85/><BYE who="3" /><D107/><U82/><E54/><UN n3="%6E%61%62%65%6B%69%63%68" /><V20/><F97/><W127/><G127/><T134/><D109/><U58/><E58/><V131/><F131/><N who="0" m="50186" /><D134/><U57/><E57/><V59/><F22/><W16/><G6/><T110/><D110/><U101/><E125/><V102/><F102/><W48/><G48/><N who="0" m="18507" /><D32/><U95/><E128/><V100/><F100/><W69/><G70/><T118/><D118/><U124/><E124/><V98/><F98/><W14/><G14/><T46/><D30/><U11/><E132/><V15/><F59/><W2/><G73/><T33/><D33/><U10/><E101/><V91/><F91/><W117/><G89/><T26/><D26/><U53/><E78/><V120/><F120/><N who="1" m="46153" /><E53/><V0/><F64/><W40/><G75/><T7/><D12/><U43/><E86/><V72/><F66/><W103/><G103/><T61/><D46/><U111/><E43/><V21/><F31/><W29/><G40/><T5/><D52/><U105/><E105/><V94/><F38/><W76/><G117/><T119/><D119/><U106/><E106/><V17/><F72/><W113/><G113/><T67/><D67/><U56/><E56/><V28/><F45/><W23/><G76/><T37/><D37/><U25/><E25/><N who="3" m="9802" /><G29/><T135/><D135/><U19/><E111/><V68/><F44/><RYUUKYOKU ba="2,0" sc="158,15,283,-15,327,-15,232,15" hai0="4,5,7,60,61,85,90" hai3="2,13,16,23,62,65,69,83,87,88" /><INIT seed="2,3,0,4,5,47" ten="173,268,312,247" oya="2" hai0="77,132,135,54,119,57,11,56,73,123,63,16,106" hai1="59,8,10,31,49,117,96,45,4,115,12,127,87" hai2="88,112,134,103,125,13,36,48,120,116,79,113,15" hai3="109,33,23,37,0,21,75,41,78,104,26,99,55"/><V129/><F36/><W97/><G0/><T68/><D106/><U111/><E117/><V38/><F38/><W72/><G109/><T27/><D123/><U44/><E111/><V130/><F120/><W25/><G33/><T124/><D119/><U40/><E115/><V19/><F116/><W6/><G6/><T105/><D105/><U65/><E127/><V122/><F122/><W121/><G121/><T90/><D68/><U110/><E110/><V20/><F103/><W84/><G37/><T29/><D124/><U2/><E31/><V89/><F79/><W42/><G84/><T51/><D90/><N who="2" m="34922" /><F125/><W64/><G64/><T3/><D77/><U102/><E87/><V18/><F134/><N who="0" m="51242" /><D73/><U52/><E65/><V82/><F82/><W92/><G92/><T81/><D81/><U70/><E70/><V76/><F76/><W62/><G78/><T22/><D3/><U53/><E2/><V114/><F48/><W94/><G94/><T30/><D11/><U93/><E10/><V43/><F43/><W128/><G104/><T101/><D101/><U34/><E34/><V61/><F61/><W118/><G118/><T24/><D24/><U86/><E40/><V71/><F71/><W32/><G62/><T100/><D100/><U95/><E53/><AGARI ba="3,0" hai="16,22,27,29,30,51,53,54,56,57,63" m="51242" machi="53" ten="30,3900,0" yaku="20,1,52,1,54,1" doraHai="47" who="0" fromWho="1" sc="173,48,268,-48,312,0,247,0" /><INIT seed="3,0,0,4,5,0" ten="221,220,312,247" oya="3" hai0="52,36,13,7,40,17,75,37,4,27,76,84,29" hai1="132,10,51,48,22,104,25,54,53,55,73,65,110" hai2="38,12,108,9,80,62,66,63,69,92,106,50,43" hai3="31,83,107,88,94,87,129,19,5,79,131,134,14"/><W77/><G107/><T57/><D75/><U24/><E73/><V8/><F106/><W135/><G31/><T114/><D37/><U90/><E104/><V33/><F33/><W120/><G120/><T23/><D114/><U70/><E70/><V68/><F108/><W47/><G47/><T116/><D116/><U113/><E113/><V124/><F124/><W58/><G58/><T125/><D125/><U118/><E110/><V103/><F103/><W16/><G77/><T64/><D64/><U121/><E121/><V112/><F92/><W59/><G59/><T30/><D40/><U46/><E118/><V128/><F128/><N who="3" m="49227" /><G5/><N who="0" m="2123" /><D36/><U100/><E65/><V34/><F34/><W18/><G14/><T126/><D126/><U41/><E24/><V20/><F69/><W101/><G101/><T130/><D130/><U67/><E100/><V45/><F68/><W3/><G3/><T35/><D35/><U81/><E67/><V49/><F66/><W42/><G42/><T102/><D102/><U2/><E2/><V105/><F45/><W1/><G1/><T28/><D13/><U61/><E10/><V74/><F12/><W21/><G21/><T86/><D76/><U56/><E132/><N who="3" m="50730" /><G79/><T60/><AGARI ba="0,0" hai="17,23,27,28,29,30,52,57,60,84,86" m="2123" machi="60" ten="30,8000,1" yaku="8,1,52,3,54,1" doraHai="0" who="0" fromWho="0" sc="221,80,220,-20,312,-20,247,-40" owari="301,40.0,200,-30.0,292,9.0,207,-19.0" /></mjloggm>