<mjloggm ver="2.3"><GO type="41" lobby="0"/><UN n0="%E5%B0%B1%E6%B4%BB%E7%94%9F%40%E5%B7%9D%E6%9D%91%E8%BB%8D%E5%9B%A3" n1="%6B%65%69%6D%61%73%6B" n2="%65%50%68%65%6D" n3="%E7%A5%9E%E3%81%AE%E3%83%89%E3%82%A2%E3%82%92" dan="14,15,13,16" rate="1986.33,1983.68,1801.09,2029.50" sx="M,M,M,M"/><TAIKYOKU oya="0"/><INIT seed="0,0,0,5,0,130" ten="250,250,250,250" oya="0" hai0="122,51,102,99,121,9,50,47,57,85,124,23,1" hai1="108,30,63,53,87,48,120,79,12,41,64,135,100" hai2="111,129,56,22,70,91,93,71,132,114,58,110,104" hai3="90,2,60,31,127,131,103,62,75,46,40,54,119"/><T123/><D124/><U21/><E120/><V43/><F114/><W68/><G119/><T8/><D1/><U84/><E100/><V39/><F129/><W115/><G131/><T96/><D85/><U86/><E41/><V77/><F104/><W76/><G2/><T66/><D23/><U118/><E108/><N who="2" m="41515" /><F77/><W15/><G103/><T5/><D5/><U20/><E118/><V98/><F22/><W126/><G115/><T0/><D0/><U14/><E79/><V24/><F24/><W116/><G31/><T78/><D78/><U4/><E135/><V109/><N who="2" m="41523" /><V82/><DORA hai="6" /><F82/><W133/><G90/><T52/><D99/><U13/><E64/><V59/><F132/><W128/><G116/><T45/><D45/><AGARI ba="0,0" hai="39,43,45,56,58,59,70,71,91,93,98" m="41523" machi="45" ten="50,1600,0" yaku="14,1" doraHai="130,6" who="2" fromWho="0" sc="250,-16,250,0,250,16,250,0" /><INIT seed="1,0,0,5,4,130" ten="234,250,266,250" oya="1" hai0="107,122,135,82,73,125,18,100,42,40,74,70,13" hai1="50,96,109,76,48,131,6,105,21,80,123,52,47" hai2="65,67,119,3,86,99,124,58,114,4,129,12,134" hai3="94,39,85,92,1,54,32,56,126,98,84,53,55"/><U106/><E123/><V31/><F119/><W11/><G39/><T45/><D70/><U111/><E131/><V128/><F3/><W29/><G126/><T49/><D122/><U15/><E96/><V36/><F36/><W72/><G72/><T27/><D125/><U9/><E48/><V95/><F124/><W110/><G110/><N who="1" m="41994" /><E21/><V60/><F31/><W51/><G1/><T87/><D40/><U28/><E28/><V132/><F114/><W88/><G32/><T101/><D27/><U57/><E57/><V24/><F24/><W35/><G35/><T118/><D118/><U10/><E10/><N who="2" m="4167" /><F86/><AGARI ba="0,0" hai="6,9,15,47,50,52,76,80,86,105,106" m="41994" machi="86" ten="30,5800,0" yaku="14,1,10,1,54,1" doraHai="130" who="1" fromWho="2" sc="234,0,250,58,266,-58,250,0" /><INIT seed="1,1,0,0,4,114" ten="234,308,208,250" oya="1" hai0="26,73,65,44,41,104,132,37,103,94,86,105,21" hai1="112,13,46,87,36,30,84,64,95,125,58,89,17" hai2="48,100,75,40,74,106,82,135,23,61,115,71,92" hai3="29,57,90,6,121,124,102,93,8,12,67,7,128"/><U111/><E111/><V126/><F115/><W19/><G121/><T108/><D73/><U56/><E30/><V31/><F106/><W81/><G128/><T52/><D132/><U96/><E125/><V10/><F135/><W85/><G124/><T123/><D123/><U5/><E5/><V25/><F126/><W109/><G109/><T54/><D108/><U98/><E36/><V43/><F10/><W117/><G29/><T119/><D119/><U59/><E46/><V134/><F134/><W60/><G117/><T55/><D65/><U129/><E129/><V51/><F74/><W38/><G38/><T88/><REACH who="0" step="1"/><D103/><REACH who="0" ten="224,308,208,250" step="2"/><U3/><E64/><V22/><F75/><W63/><G60/><T68/><D68/><U101/><E112/><V16/><F71/><W120/><G120/><T1/><D1/><U20/><REACH who="1" step="1"/><E3/><REACH who="1" ten="224,298,208,250" step="2"/><V4/><F4/><N who="3" m="1579" /><G102/><T45/><D45/><U62/><E62/><V34/><F61/><W131/><G131/><T72/><D72/><U80/><E80/><AGARI ba="1,2" hai="8,12,19,57,63,67,80,81,85,90,93" m="1579" machi="80" ten="30,1000,0" yaku="8,1" doraHai="114" who="3" fromWho="1" sc="224,0,298,-13,208,0,250,33" /><INIT seed="2,0,0,5,5,112" ten="224,285,208,283" oya="2" hai0="47,23,116,82,134,78,1,132,53,91,129,73,106" hai1="11,24,114,58,99,27,109,35,57,46,37,56,128" hai2="85,121,104,22,9,8,67,117,6,93,61,63,130" hai3="34,41,64,55,81,0,59,84,30,52,25,51,105"/><V86/><F121/><W123/><G123/><T4/><D106/><U13/><E109/><V40/><F104/><W74/><G105/><T80/><D129/><U76/><E35/><V43/><F130/><W125/><G74/><T32/><D32/><U77/><E128/><V108/><F108/><W75/><G75/><T15/><D1/><U120/><E120/><V111/><F111/><W135/><G0/><T65/><D65/><U21/><E27/><V115/><F115/><W44/><G125/><T14/><D4/><U12/><E99/><V16/><F6/><W118/><G135/><N who="0" m="51755" /><D23/><U48/><E37/><V69/><F69/><W103/><G103/><T87/><D116/><U126/><E126/><V42/><F117/><W36/><G118/><T133/><D133/><U39/><E39/><V98/><F67/><W45/><G64/><T71/><D71/><U110/><E110/><V19/><F98/><W72/><G72/><T68/><D68/><U20/><E21/><V119/><F119/><W28/><G30/><T90/><D90/><U88/><E88/><N who="2" m="53391" /><F86/><W122/><G122/><T113/><D113/><U94/><E20/><V50/><F50/><AGARI ba="0,0" hai="14,15,47,50,53,73,78,80,82,87,91" m="51755" machi="50" ten="30,1000,0" yaku="20,1" doraHai="112" who="0" fromWho="2" sc="224,10,285,0,208,-10,283,0" /><INIT seed="3,0,0,3,0,83" ten="234,285,198,283" oya="3" hai0="70,10,101,92,42,94,35,6,64,104,100,114,84" hai1="80,62,33,48,1,27,73,90,102,28,98,128,109" hai2="77,59,38,89,110,11,18,32,16,14,21,47,118" hai3="30,113,55,50,53,130,129,24,103,63,25,78,87"/><W19/><G113/><T96/><D35/><U68/><E1/><V88/><F118/><W2/><G2/><T126/><D114/><U72/><E109/><V134/><F110/><W29/><G103/><T97/><D126/><U122/><E122/><V54/><F32/><W71/><G19/><T91/><D42/><U135/><E135/><V57/><F77/><W45/><G25/><T4/><D4/><U17/><E17/><V107/><F107/><W51/><G63/><T111/><D111/><U82/><E48/><V105/><F105/><W76/><G71/><T79/><D64/><U7/><E7/><V3/><F3/><W133/><G133/><T0/><D79/><U108/><E108/><V22/><F134/><W12/><G12/><T65/><D65/><U44/><E44/><V93/><F11/><W125/><G125/><T5/><D5/><U74/><E128/><N who="3" m="49258" /><G87/><T8/><D8/><U99/><E62/><V43/><F89/><W132/><G132/><T15/><D0/><U95/><REACH who="1" step="1"/><E68/><REACH who="1" ten="234,275,198,283" step="2"/><V23/><F18/><W69/><G69/><T40/><D70/><U121/><E121/><V26/><F59/><N who="3" m="33207" /><G29/><T34/><D40/><U116/><E116/><V86/><F26/><W85/><G85/><T56/><D56/><U31/><E31/><V20/><REACH who="2" step="1"/><F22/><AGARI ba="0,1" hai="22,24,30,45,51,55,76,78" m="33207,49258" machi="22" ten="30,1500,0" yaku="19,1" doraHai="83" who="3" fromWho="2" sc="234,0,275,0,198,-15,283,25" /><INIT seed="3,1,0,0,4,39" ten="234,275,183,308" oya="3" hai0="78,133,70,55,44,125,130,129,31,106,20,87,84" hai1="83,12,54,16,116,113,6,7,119,124,50,8,98" hai2="52,57,56,37,4,46,61,89,77,79,111,120,22" hai3="21,96,100,88,65,25,80,76,14,47,1,3,132"/><W95/><G132/><T10/><D106/><U27/><E124/><V118/><F118/><N who="1" m="45097" /><E113/><V112/><F112/><W0/><G14/><T59/><D70/><U15/><E83/><V121/><F4/><W92/><G65/><T90/><D125/><U40/><E27/><V60/><F111/><W134/><G134/><T94/><D133/><U18/><E98/><V43/><F89/><W104/><G47/><T108/><D108/><U97/><E97/><V117/><F22/><W24/><G21/><T135/><D10/><N who="1" m="6167" /><E40/><V48/><F117/><W66/><G66/><T5/><D135/><U34/><E34/><V51/><F79/><W110/><G110/><T107/><D107/><U19/><E19/><V17/><F17/><W73/><REACH who="3" step="1"/><G95/><REACH who="3" ten="234,275,183,298" step="2"/><T67/><D94/><U85/><E15/><V93/><F93/><W64/><G64/><T109/><D67/><U53/><E8/><V126/><F126/><W105/><G105/><T28/><D109/><U101/><E7/><V26/><F120/><W91/><G91/><T9/><D90/><U115/><E115/><V81/><F121/><W38/><G38/><T71/><D9/><U102/><E102/><V45/><F46/><W69/><G69/><T74/><D5/><U30/><E101/><V131/><F37/><W11/><G11/><T41/><D71/><U13/><E6/><V86/><F45/><W114/><G114/><T123/><D44/><U75/><E75/><BYE who="1" /><V62/><F77/><W29/><G29/><T72/><D74/><U68/><E68/><V32/><F32/><W103/><G103/><T99/><D78/><RYUUKYOKU ba="1,1" sc="234,-10,275,-10,183,-10,298,30" hai3="0,1,3,24,25,73,76,80,88,92,96,100,104" /><INIT seed="3,2,1,3,4,26" ten="224,265,173,328" oya="3" hai0="18,106,117,91,124,67,34,89,98,48,33,2,85" hai1="103,92,107,71,81,61,40,24,39,65,38,15,56" hai2="77,0,97,131,66,72,16,45,130,122,76,74,126" hai3="9,35,108,20,49,102,17,25,132,111,109,27,134"/><W128/><G102/><T94/><D117/><U21/><E21/><V112/><F0/><W4/><G128/><N who="2" m="49193" /><F112/><W82/><G82/><T75/><D75/><N who="2" m="28714" /><F66/><W129/><G129/><T47/><D124/><U10/><E10/><V60/><F60/><W116/><G49/><T31/><D2/><U42/><E42/><V87/><F45/><UN n1="%6B%65%69%6D%61%73%6B" /><W11/><G116/><T28/><D106/><U5/><E15/><V127/><F122/><W105/><G105/><T88/><D67/><U8/><E8/><N who="3" m="3146" /><G4/><T90/><D18/><U121/><E5/><V104/><F87/><W96/><G96/><T83/><D34/><U133/><E121/><V68/><F68/><W13/><G35/><T125/><D33/><U7/><E71/><V113/><F113/><W114/><G114/><T59/><D59/><U44/><E7/><V62/><F62/><W63/><G63/><T23/><D23/><U36/><E61/><V119/><F119/><W41/><G41/><N who="0" m="24687" /><D125/><N who="2" m="47626" /><F16/><W73/><G73/><T6/><D6/><U1/><E65/><V55/><F55/><W115/><G115/><T22/><D22/><U57/><E1/><V53/><F53/><W86/><G86/><T58/><D58/><U135/><E57/><V99/><F104/><W54/><G54/><T123/><D123/><U118/><E107/><V14/><F14/><W29/><G13/><T78/><AGARI ba="2,1" hai="28,31,78,83,85,88,89,90,91,94,98" m="24687" machi="78" ten="30,7900,0" yaku="8,1,52,2,54,1" doraHai="26" who="0" fromWho="0" sc="224,95,265,-22,173,-22,328,-41" /><INIT seed="4,0,0,4,5,133" ten="319,243,151,287" oya="0" hai0="104,16,45,112,13,57,120,93,69,65,31,25,49" hai1="100,39,107,33,79,24,9,3,20,95,68,90,127" hai2="83,102,94,80,5,11,119,52,97,18,117,29,126" hai3="53,1,30,130,134,77,74,75,54,91,14,125,82"/><T43/><D104/><U78/><E68/><V4/><F29/><W42/><G134/><T111/><D120/><U21/><E39/><V26/><F52/><W131/><G1/><T124/><D111/><U17/><E33/><V132/><F132/><W7/><G42/><T27/><D69/><U62/><E62/><V103/><F102/><W28/><G91/><T116/><D112/><U86/><E20/><V99/><F119/><W44/><G125/><T98/><D116/><U96/><E127/><V114/><F114/><W89/><G89/><N who="0" m="55599" /><D124/><U22/><E3/><V109/><F109/><W122/><G122/><T55/><D65/><U23/><E23/><V34/><F99/><W115/><G115/><T51/><D31/><N who="3" m="11817" /><G74/><T60/><D60/><U12/><REACH who="1" step="1"/><E22/><AGARI ba="0,0" hai="13,16,22,25,27,43,45,49,51,55,57" m="55599" machi="22" ten="30,2900,0" yaku="8,1,54,1" doraHai="133" who="0" fromWho="1" sc="319,29,243,-29,151,0,287,0" /><INIT seed="4,1,0,0,2,45" ten="348,214,151,287" oya="0" hai0="10,36,122,101,44,71,127,74,73,85,87,131,6" hai1="105,98,16,50,84,97,62,124,15,55,113,110,67" hai2="129,93,119,13,57,123,96,20,41,90,79,22,103" hai3="31,52,75,8,23,80,120,134,25,18,99,4,43"/><T135/><D71/><U91/><E110/><V40/><F123/><W58/><G134/><T65/><D65/><U17/><E124/><V114/><F119/><W3/><G120/><T9/><D122/><U56/><E105/><V68/><F68/><W118/><G118/><T12/><D101/><U126/><E126/><V83/><F129/><W104/><G43/><T2/><D127/><U112/><E113/><V39/><F114/><W106/><G99/><N who="1" m="37898" /><E15/><V116/><F116/><W51/><REACH who="3" step="1"/><G31/><REACH who="3" ten="348,214,151,277" step="2"/><T72/><D135/><U63/><E112/><V125/><F125/><W11/><G11/><T76/><D131/><U37/><E37/><V42/><F39/><W24/><G24/><T82/><D36/><U21/><E21/><V33/><F22/><W29/><G29/><T53/><D9/><U5/><E5/><V92/><F20/><W88/><G88/><T117/><D117/><U130/><E130/><V38/><F38/><W27/><G27/><T109/><D109/><U77/><E77/><AGARI ba="1,1" hai="3,4,8,18,23,25,51,52,58,75,77,80,104,106" machi="77" ten="40,5200,0" yaku="1,1,52,1,54,1,53,0" doraHai="45" doraHaiUra="132" who="3" fromWho="1" sc="348,0,214,-55,151,0,277,65" /><INIT seed="5,0,0,2,1,125" ten="348,159,151,342" oya="1" hai0="2,41,12,18,34,81,116,98,30,28,14,1,99" hai1="7,22,17,68,32,47,54,88,112,135,121,122,89" hai2="111,104,113,82,37,33,31,61,110,108,78,15,133" hai3="90,0,84,126,40,43,118,52,128,9,20,129,71"/><U51/><E135/><V57/><F104/><W93/><G71/><T80/><D18/><U131/><E68/><V87/><F133/><W127/><G118/><T97/><D34/><U120/><E112/><V10/><F37/><W21/><G0/><T6/><D6/><U102/><E102/><V65/><F113/><W38/><G9/><T55/><D55/><U29/><E131/><N who="3" m="50250" /><G52/><T100/><D100/><U26/><REACH who="1" step="1"/><E7/><REACH who="1" ten="348,149,151,342" step="2"/><V67/><F111/><W69/><G69/><T114/><D114/><U64/><E64/><V53/><F110/><W94/><G94/><T95/><D95/><U48/><E48/><V8/><F108/><W44/><G40/><T77/><D41/><U58/><E58/><V134/><F134/><W107/><G107/><T36/><D36/><U49/><E49/><V3/><F67/><W124/><AGARI ba="0,1" hai="20,21,38,43,44,84,90,93,124,126,127" m="50250" machi="124" ten="40,8000,1" yaku="18,1,19,1,52,3" doraHai="125" who="3" fromWho="3" sc="348,-20,149,-40,151,-20,342,90" /><INIT seed="6,0,0,3,1,122" ten="328,109,131,432" oya="2" hai0="101,40,111,85,82,63,109,41,93,31,25,42,70" hai1="113,26,61,7,88,106,34,120,51,4,55,77,98" hai2="105,83,2,38,112,12,24,19,17,90,29,127,13" hai3="37,66,54,67,62,65,133,73,44,14,123,15,115"/><V45/><F105/><W3/><G123/><T11/><D93/><N who="1" m="56615" /><E34/><V121/><F121/><W117/><G73/><T75/><D101/><U5/><E106/><V22/><F2/><W6/><G3/><T91/><D75/><U131/><E120/><V46/><F127/><W9/><G117/><T100/><D100/><U89/><E77/><V1/><F1/><W53/><G133/><T80/><D80/><U103/><E103/><V108/><F112/><W47/><G37/><T28/><D11/><U114/><E131/><V27/><F108/><W79/><G79/><T71/><D31/><U10/><E10/><V59/><F59/><N who="3" m="35183" /><G115/><N who="1" m="44042" /><E61/><V58/><F58/><W107/><G107/><T72/><D72/><U135/><E135/><V125/><F125/><W118/><G118/><T86/><D86/><U76/><E76/><V20/><F38/><W97/><G97/><T69/><REACH who="0" step="1"/><D63/><REACH who="0" ten="318,109,131,432" step="2"/><U134/><E134/><V99/><F83/><W56/><G9/><T33/><AGARI ba="0,1" hai="25,28,33,40,41,42,69,70,71,82,85,91,109,111" machi="33" ten="40,12000,2" yaku="1,1,2,1,0,1,52,2,53,1" doraHai="122" doraHaiUra="84" who="0" fromWho="0" sc="318,130,109,-30,131,-60,432,-30" /><INIT seed="7,0,0,5,0,20" ten="448,79,71,402" oya="3" hai0="45,78,11,123,118,48,52,46,94,86,88,130,2" hai1="98,124,67,53,15,39,55,108,59,57,95,27,125" hai2="60,17,23,56,80,103,116,127,89,132,133,5,62" hai3="42,24,41,91,34,122,119,96,134,82,92,69,68"/><W13/><G122/><T71/><D123/><U30/><E39/><V6/><F116/><W109/><G119/><T117/><D130/><U114/><E15/><N who="2" m="9663" /><F103/><W50/><G69/><T66/><D78/><U14/><E114/><V100/><F100/><W49/><G68/><T31/><D31/><U12/><E108/><V8/><F127/><N who="1" m="48713" /><E67/><N who="2" m="39303" /><F62/><W22/><G109/><T77/><D77/><U126/><N who="1" m="48721" /><U37/><DORA hai="73" /><E37/><V128/><F128/><W9/><G34/><T111/><D46/><U29/><E29/><V121/><F121/><W129/><G82/><T4/><D111/><U40/><E40/><N who="3" m="15466" /><G134/><N who="2" m="51817" /><F8/><W26/><G129/><T72/><D72/><U120/><E120/><V35/><F35/><W83/><G83/><T85/><D85/><AGARI ba="0,0" hai="5,6,80,85,89" m="51817,39303,9663" machi="85" ten="30,1000,0" yaku="20,1" doraHai="20,73" who="2" fromWho="0" sc="448,-10,79,0,71,10,402,0" owari="438,54.0,79,-42.0,81,-32.0,402,20.0" /></mjloggm>