<mjloggm ver="2.3"><GO type="41" lobby="0"/><UN n0="%33%35%2B" n1="%EF%BC%94%EF%BC%97%EF%BC%90%EF%BC%99%EF%BC%90%EF%BC%96" n2="%E5%B0%B1%E6%B4%BB%E7%94%9F%40%E5%B7%9D%E6%9D%91%E8%BB%8D%E5%9B%A3" n3="%E3%82%B7%E3%83%BC%E3%83%8A%E3%83%BC" dan="13,15,15,13" rate="1955.42,2048.68,1984.27,1867.53" sx="M,M,M,M"/><TAIKYOKU oya="0"/><INIT seed="0,0,0,5,1,15" ten="250,250,250,250" oya="0" hai0="72,111,80,6,64,68,32,60,104,76,45,36,37" hai1="41,40,62,95,75,54,126,114,0,90,100,88,119" hai2="116,79,47,10,22,123,130,99,122,74,63,71,7" hai3="30,91,34,57,121,127,102,96,115,85,49,89,1"/><T16/><D32/><U48/><E75/><V70/><F116/><W46/><G115/><T82/><D104/><U98/><E0/><V65/><F130/><W92/><G1/><T17/><D82/><U59/><E119/><V20/><F71/><W58/><G121/><T42/><D111/><U61/><E114/><V39/><F22/><W120/><G120/><T50/><D36/><U128/><E128/><V110/><F20/><W33/><G127/><T53/><D6/><U66/><E126/><V13/><F110/><W2/><G2/><T94/><D94/><U43/><REACH who="1" step="1"/><E62/><REACH who="1" ten="250,240,250,250" step="2"/><V135/><F63/><W108/><G108/><T84/><REACH who="0" step="1"/><D72/><REACH who="0" ten="240,240,250,250" step="2"/><U106/><E106/><V83/><F74/><W133/><G34/><T9/><D9/><U134/><E134/><V11/><F10/><W24/><G133/><T19/><D19/><U78/><E78/><V25/><F11/><W81/><REACH who="3" step="1"/><G91/><REACH who="3" ten="240,240,250,240" step="2"/><T23/><D23/><U51/><E51/><V77/><F135/><W27/><G27/><T35/><D35/><U101/><E101/><V28/><F25/><W14/><G14/><T31/><D31/><U52/><E52/><AGARI ba="0,3" hai="24,30,33,46,49,52,57,58,81,85,89,92,96,102" machi="52" ten="30,7700,0" yaku="1,1,7,1,54,1,53,1" doraHai="15" doraHaiUra="93" who="3" fromWho="1" sc="240,0,240,-77,250,0,240,107" /><INIT seed="1,0,0,3,4,115" ten="240,163,250,347" oya="1" hai0="28,9,74,90,134,81,27,83,95,119,109,34,53" hai1="15,50,20,116,133,30,69,46,31,55,56,72,86" hai2="61,77,1,32,135,57,71,110,82,114,78,45,131" hai3="75,105,17,106,0,111,23,37,10,122,12,84,96"/><U97/><E72/><V36/><F114/><W129/><G122/><T87/><D134/><U68/><E133/><V85/><F71/><W8/><G75/><T100/><D109/><U25/><E116/><V38/><F32/><W66/><G37/><T35/><D35/><U102/><E31/><V4/><F131/><W112/><G112/><T108/><D108/><U5/><E86/><V88/><F110/><W44/><G111/><T63/><D100/><U29/><E29/><V54/><F135/><W24/><G129/><T52/><D81/><U3/><E3/><V42/><REACH who="2" step="1"/><F38/><REACH who="2" ten="240,163,240,347" step="2"/><W49/><G66/><T11/><D119/><U128/><E128/><V89/><F89/><W39/><G39/><T101/><D101/><U117/><E117/><V43/><F43/><W76/><G76/><T64/><D53/><U124/><E124/><V132/><F132/><W73/><G0/><T70/><REACH who="0" step="1"/><D52/><REACH who="0" ten="230,163,240,347" step="2"/><U2/><E2/><V130/><F130/><W6/><G106/><T22/><D22/><U113/><E113/><V126/><F126/><W79/><G105/><T91/><D91/><U118/><E118/><V107/><F107/><W98/><G79/><AGARI ba="0,2" hai="9,11,27,28,34,63,64,70,74,79,83,87,90,95" machi="79" ten="40,2600,0" yaku="1,1,53,1" doraHai="115" doraHaiUra="59" who="0" fromWho="3" sc="230,46,163,0,240,0,347,-26" /><INIT seed="2,0,0,5,3,35" ten="276,163,240,321" oya="2" hai0="60,106,135,75,68,13,85,123,64,87,32,0,119" hai1="38,8,56,92,79,90,29,80,34,84,116,73,48" hai2="6,77,50,66,134,128,5,96,65,63,23,53,45" hai3="16,51,19,14,44,11,10,20,39,124,78,25,108"/><V115/><F115/><W41/><G108/><T36/><RYUUKYOKU type="yao9" ba="0,0" sc="276,0,163,0,240,0,321,0" hai0="0,13,32,36,60,64,68,75,85,87,106,119,123,135" /><INIT seed="2,1,0,1,1,98" ten="276,163,240,321" oya="2" hai0="117,45,130,101,124,59,75,74,120,4,113,127,13" hai1="30,71,121,106,11,57,122,132,68,86,129,31,15" hai2="58,53,61,119,100,18,62,116,89,79,29,111,17" hai3="108,131,9,97,12,70,73,92,104,51,23,56,3"/><V34/><F79/><W55/><G70/><T0/><D0/><U49/><E106/><V114/><F114/><W47/><G73/><T33/><D33/><U21/><E86/><V66/><F111/><W8/><G3/><T81/><D113/><U88/><E31/><V2/><F2/><W43/><G104/><T64/><D117/><U103/><E68/><V60/><F60/><N who="3" m="35871" /><G108/><T6/><D120/><U32/><E71/><V77/><F77/><W63/><G131/><T69/><D69/><U107/><E32/><V25/><F62/><W128/><G63/><T72/><D130/><U84/><E129/><V109/><F109/><W42/><G128/><T99/><D59/><U123/><E132/><V105/><F119/><W7/><G9/><T38/><D64/><U96/><E57/><V67/><F116/><W94/><G23/><T44/><D81/><U87/><E49/><V22/><F89/><N who="3" m="55439" /><G94/><T110/><D110/><U80/><E87/><V126/><F126/><W54/><AGARI ba="1,0" hai="7,8,12,42,43,47,51,54" m="55439,35871" machi="54" ten="30,1100,0" yaku="8,1" doraHai="98" who="3" fromWho="3" sc="276,-4,163,-4,240,-6,321,14" /><INIT seed="3,0,0,4,2,95" ten="272,159,234,335" oya="3" hai0="35,15,100,113,104,33,4,7,75,50,61,87,31" hai1="38,21,12,135,26,6,14,89,79,116,110,34,96" hai2="16,39,80,92,112,108,19,73,97,82,27,102,90" hai3="17,41,52,51,133,107,63,45,71,83,53,47,98"/><W22/><G133/><T126/><D75/><U1/><E38/><V76/><F39/><W120/><G120/><T30/><D126/><U66/><E135/><V132/><F112/><W101/><G83/><T57/><D113/><U109/><E79/><V130/><F132/><W43/><G71/><T91/><D50/><U105/><E34/><V5/><F108/><N who="1" m="41577" /><E66/><V111/><F111/><W20/><G63/><T2/><D2/><U56/><E56/><V64/><F130/><W88/><G88/><T42/><D42/><U70/><E70/><V62/><F5/><W93/><G107/><T0/><D0/><U94/><E105/><V67/><F67/><W121/><G121/><T37/><D37/><U131/><E131/><V32/><F82/><W54/><G17/><T65/><D91/><U129/><E129/><V77/><F77/><W106/><G106/><T68/><D68/><U103/><E103/><V48/><F48/><AGARI ba="0,0" hai="20,22,41,43,45,47,48,51,52,53,54,93,98,101" machi="48" ten="40,12000,1" yaku="9,1,8,1,52,1,54,1" doraHai="95" who="3" fromWho="2" sc="272,0,159,0,234,-120,335,120" /><INIT seed="3,1,0,1,0,82" ten="272,159,114,455" oya="3" hai0="45,130,126,21,120,4,118,0,94,73,91,69,108" hai1="53,96,64,41,1,42,47,22,117,32,88,29,125" hai2="2,131,6,63,33,92,16,46,59,26,99,103,72" hai3="129,39,101,133,87,13,77,58,132,34,68,38,17"/><W70/><G34/><T104/><RYUUKYOKU type="yao9" ba="1,0" sc="272,0,159,0,114,0,455,0" hai0="0,4,21,45,69,73,91,94,104,108,118,120,126,130" /><INIT seed="3,2,0,0,2,79" ten="272,159,114,455" oya="3" hai0="33,38,84,109,123,125,66,72,61,25,57,110,90" hai1="117,129,37,107,133,51,127,87,36,88,46,75,14" hai2="8,73,47,4,89,40,56,43,105,7,58,98,132" hai3="94,26,54,95,118,78,21,9,34,104,76,42,2"/><W80/><G118/><T126/><D72/><U41/><E117/><V101/><F73/><W135/><G104/><T60/><D38/><U0/><E0/><V13/><F132/><W96/><G34/><T91/><D123/><U5/><E75/><V124/><F124/><N who="0" m="47722" /><D33/><U65/><E127/><V64/><F43/><W10/><G135/><T82/><D25/><U49/><E133/><V22/><F7/><W122/><G122/><T3/><D3/><U128/><E107/><V116/><F116/><W106/><G42/><T77/><D61/><U62/><E36/><V85/><F22/><W67/><G2/><T108/><AGARI ba="2,0" hai="57,60,66,77,82,84,90,91,108,109,110" m="47722" machi="108" ten="40,5200,0" yaku="14,1,18,1,52,1" doraHai="79" who="0" fromWho="0" sc="272,58,159,-15,114,-15,455,-28" /><INIT seed="4,0,0,5,1,92" ten="330,144,99,427" oya="0" hai0="37,63,28,4,41,7,93,52,99,108,132,81,51" hai1="120,134,116,65,82,91,105,59,129,117,47,34,124" hai2="74,111,58,16,53,89,102,26,11,68,101,40,2" hai3="8,118,24,70,114,78,45,97,60,35,131,103,21"/><T76/><D132/><U32/><E134/><V75/><F68/><W112/><G118/><T72/><D37/><U133/><E133/><V69/><F111/><W1/><G131/><T100/><D108/><U12/><E129/><V30/><F69/><W50/><G78/><T22/><D41/><U96/><E120/><V85/><F40/><W130/><G130/><T128/><D63/><U25/><E32/><V39/><F39/><W17/><G35/><T127/><D127/><U29/><E47/><V42/><F42/><W36/><G36/><T94/><D128/><U119/><E124/><V64/><F64/><W80/><G80/><T62/><D62/><U125/><E125/><V104/><F104/><W95/><G60/><T56/><REACH who="0" step="1"/><D94/><REACH who="0" ten="320,144,99,427" step="2"/><U109/><E109/><V90/><F75/><W46/><G70/><T0/><D0/><U43/><E43/><V77/><F74/><W20/><G1/><T55/><D55/><U5/><E119/><V23/><F101/><W49/><G114/><T13/><D13/><U73/><E12/><N who="2" m="7199" /><F2/><W79/><G112/><T87/><D87/><U19/><E73/><V86/><F102/><W113/><G113/><T126/><D126/><U31/><E117/><V33/><F33/><W106/><G95/><T10/><D10/><U27/><E34/><V135/><F135/><W48/><G8/><T71/><D71/><U57/><E116/><V18/><F85/><W123/><G123/><T98/><D98/><U83/><E96/><V115/><F115/><W6/><G97/><T38/><D38/><U122/><E122/><V88/><F86/><RYUUKYOKU ba="0,1" sc="320,30,144,-10,99,-10,427,-10" hai0="4,7,22,28,51,52,56,72,76,81,93,99,100" /><INIT seed="4,1,1,4,5,79" ten="350,134,89,417" oya="0" hai0="122,121,131,30,35,133,92,116,7,91,124,132,112" hai1="4,47,17,119,115,5,32,134,72,63,12,18,98" hai2="85,48,103,1,82,70,135,111,110,24,0,9,33" hai3="27,77,41,100,84,114,51,25,10,11,28,19,123"/><T31/><D116/><U69/><E119/><V16/><F70/><W42/><G114/><T6/><D112/><U66/><E115/><V130/><F130/><W29/><G123/><N who="0" m="47115" /><D131/><U62/><E134/><N who="0" m="51817" /><D124/><U76/><E32/><V8/><F135/><W53/><G100/><T59/><D59/><U36/><E17/><V68/><F68/><W83/><G41/><T46/><D46/><U2/><E2/><V56/><F103/><W118/><G42/><T13/><D35/><U20/><E47/><V102/><F102/><W128/><G118/><T74/><D74/><U93/><E36/><V57/><F110/><W60/><G60/><T97/><D13/><U22/><E63/><V14/><F111/><W105/><G128/><T40/><D40/><U94/><E62/><V117/><F117/><W81/><G53/><T75/><D75/><U67/><E69/><V45/><F1/><W54/><G54/><T101/><D101/><U96/><E72/><V65/><F0/><W55/><G55/><T106/><D106/><U15/><E76/><N who="2" m="46279" /><F65/><W129/><G105/><T127/><D127/><U109/><E109/><V95/><F95/><W52/><G129/><T23/><D23/><U61/><E67/><V39/><F39/><W120/><G120/><T49/><D49/><U107/><E66/><V58/><F33/><W99/><G51/><T89/><D89/><U44/><E107/><V64/><F64/><W37/><G37/><T73/><D73/><U26/><E61/><V38/><F38/><W125/><G125/><T104/><D104/><U43/><E43/><N who="2" m="24639" /><F24/><N who="3" m="9291" /><G77/><T87/><D97/><RYUUKYOKU ba="1,1" sc="350,15,134,-15,89,15,417,-15" hai0="6,7,30,31,87,91,92" hai2="8,9,14,16,56,57,58" /><INIT seed="4,2,1,3,3,44" ten="365,119,104,402" oya="0" hai0="95,58,91,102,5,99,77,24,122,2,112,47,68" hai1="118,89,124,133,54,64,82,71,38,14,28,27,25" hai2="123,42,1,51,101,81,33,125,36,63,32,78,96" hai3="19,134,130,119,108,83,53,16,111,55,7,23,107"/><T31/><D68/><U52/><E38/><V113/><F123/><W59/><G119/><T120/><D77/><U9/><E71/><V115/><F125/><W128/><G107/><T17/><D112/><N who="2" m="43082" /><F1/><W41/><G134/><T117/><D117/><U105/><E133/><V45/><F63/><W72/><G41/><T100/><D17/><U35/><E124/><V11/><F11/><W69/><G69/><T84/><D100/><U73/><E118/><V10/><F10/><W80/><G23/><T37/><D58/><U135/><E135/><V18/><F18/><W13/><G13/><T109/><D5/><U6/><E105/><N who="2" m="63655" /><F36/><W57/><G7/><T126/><D2/><U75/><E27/><V97/><F97/><W127/><G127/><T86/><D126/><U116/><E116/><V88/><F88/><W74/><AGARI ba="2,1" hai="16,19,53,55,57,59,72,74,80,83,108,111,128,130" machi="74" ten="25,6400,0" yaku="0,1,22,2,54,1" doraHai="44" who="3" fromWho="3" sc="365,-34,119,-18,104,-18,402,80" /><INIT seed="5,0,0,2,2,35" ten="331,101,86,482" oya="1" hai0="20,16,14,95,50,46,81,19,72,4,55,51,71" hai1="124,62,0,9,135,102,23,30,48,85,59,58,94" hai2="40,65,22,3,6,75,129,116,69,130,97,53,56" hai3="74,63,37,114,29,70,13,12,104,98,80,125,41"/><U32/><E32/><V49/><F75/><W45/><G114/><T67/><D4/><U96/><E135/><V101/><F116/><W86/><G74/><T38/><D38/><U113/><E113/><V27/><F40/><W60/><G125/><T8/><D71/><U79/><E124/><V66/><F69/><W133/><G133/><T111/><D67/><U76/><E48/><V112/><F112/><W109/><G109/><T105/><D111/><U61/><E59/><V88/><F6/><W126/><G126/><T44/><D105/><U11/><E62/><V10/><F10/><N who="1" m="3593" /><E85/><V15/><F15/><W31/><G70/><T121/><D121/><U84/><E84/><V123/><F3/><W107/><G107/><T90/><D72/><U47/><E47/><V91/><F123/><W57/><G104/><T100/><D50/><U18/><E0/><V108/><F108/><W131/><G57/><T115/><D46/><U118/><E118/><V120/><F120/><W134/><G45/><T2/><D115/><U117/><E117/><V119/><F119/><W127/><G127/><T52/><D2/><U82/><E82/><V17/><F66/><W92/><G37/><T34/><D34/><U25/><E18/><V122/><F65/><AGARI ba="0,0" hai="23,25,30,58,61,65,76,79,94,96,102" m="3593" machi="65" ten="30,2900,0" yaku="25,1,8,1" doraHai="35" who="1" fromWho="2" sc="331,0,101,29,86,-29,482,0" /><INIT seed="5,1,0,1,0,23" ten="331,130,57,482" oya="1" hai0="76,131,29,33,112,62,83,20,35,10,100,46,99" hai1="12,128,43,40,120,15,104,50,65,9,124,41,55" hai2="63,8,74,32,126,88,133,45,89,122,28,130,36" hai3="91,123,48,37,103,61,127,21,84,11,96,49,79"/><U115/><E104/><V38/><F122/><W134/><G123/><T68/><D131/><U92/><E120/><V47/><F74/><W54/><G37/><T80/><D80/><U135/><E128/><V22/><F130/><W27/><G127/><T77/><D77/><U18/><E124/><V6/><F126/><W34/><G79/><T97/><D97/><U114/><E135/><V116/><F116/><W72/><G72/><T87/><D112/><N who="1" m="43051" /><E65/><V26/><F133/><W125/><G125/><T73/><D73/><U59/><E92/><V51/><F32/><W7/><G34/><T30/><D35/><U90/><E90/><V102/><F102/><W5/><G61/><T121/><D33/><U107/><E107/><V132/><F132/><W108/><G134/><T60/><D68/><U93/><E93/><V118/><F63/><W13/><G96/><T111/><D99/><U31/><E31/><V85/><F118/><W52/><G103/><T101/><D30/><U69/><E69/><V94/><F89/><W82/><G5/><T70/><D70/><U105/><E105/><V119/><F119/><W75/><G75/><T44/><D101/><U58/><E15/><V24/><F24/><W95/><G82/><T56/><D100/><U3/><E3/><V14/><REACH who="2" step="1"/><F47/><AGARI ba="1,0" hai="9,12,18,40,41,43,47,50,55,58,59" m="43051" machi="47" ten="30,1500,0" yaku="15,1" doraHai="23" who="1" fromWho="2" sc="331,0,130,18,57,-18,482,0" /><INIT seed="5,2,0,3,3,42" ten="331,148,39,482" oya="1" hai0="101,127,37,40,104,16,122,22,115,83,13,3,31" hai1="76,38,41,50,20,77,29,99,56,35,88,27,93" hai2="97,133,59,109,49,81,52,72,135,94,26,90,36" hai3="120,65,131,92,70,106,69,6,4,102,123,33,28"/><U128/><E128/><V73/><F36/><W100/><G131/><T118/><D3/><U108/><E108/><V68/><F68/><W96/><G92/><T82/><D118/><U19/><E38/><V71/><F71/><W8/><G102/><T10/><D122/><U54/><E41/><V126/><F126/><W63/><G70/><T111/><D111/><U64/><E64/><V87/><F109/><W23/><G23/><T119/><D119/><U75/><E75/><V46/><F26/><AGARI ba="2,0" hai="19,20,26,27,29,35,50,54,56,76,77,88,93,99" machi="26" ten="30,2900,0" yaku="7,1,54,1" doraHai="42" who="1" fromWho="2" sc="331,0,148,35,39,-35,482,0" /><INIT seed="5,3,0,3,3,67" ten="331,183,4,482" oya="1" hai0="57,104,72,43,61,41,19,116,16,1,51,15,47" hai1="4,20,23,73,9,119,92,7,38,111,28,25,36" hai2="106,39,97,78,30,99,124,115,66,87,96,109,125" hai3="94,63,122,102,18,76,68,135,11,13,129,123,101"/><U70/><E70/><V10/><F39/><W59/><G68/><T69/><D1/><U32/><E73/><V12/><F109/><W107/><G135/><T131/><D104/><U88/><E111/><V130/><F30/><W5/><G129/><T34/><D34/><U85/><E119/><V103/><F66/><W114/><G114/><T86/><D72/><U100/><E100/><V22/><F22/><W14/><G107/><T48/><D131/><U53/><E7/><V79/><F12/><W108/><G108/><T90/><D116/><U44/><E32/><V80/><F10/><W113/><G113/><T75/><D69/><U27/><E53/><V26/><F26/><W120/><G76/><N who="2" m="29225" /><F130/><W31/><G31/><T37/><D75/><U74/><E44/><V98/><F115/><W42/><G42/><T83/><D41/><U95/><E38/><V64/><F64/><W128/><G128/><T89/><D19/><U2/><E36/><V117/><F117/><W40/><G40/><T132/><D90/><AGARI ba="3,0" hai="80,87,90,96,97,98,99,103,106,124,125" m="29225" machi="90" ten="30,2000,0" yaku="34,2" doraHai="67" who="2" fromWho="0" sc="331,-29,183,0,4,29,482,0" /><INIT seed="6,0,0,4,1,66" ten="302,183,33,482" oya="2" hai0="55,0,70,6,1,23,9,135,24,106,54,122,40" hai1="84,118,74,43,18,78,59,98,12,20,110,89,33" hai2="56,120,4,97,49,88,10,15,57,92,114,81,31" hai3="38,3,16,29,8,52,77,134,95,62,11,73,111"/><V109/><F120/><W128/><G111/><T130/><D106/><U51/><E110/><V82/><F109/><W116/><G116/><T94/><D122/><U26/><E118/><V60/><F114/><W125/><G38/><T132/><D40/><U25/><E74/><V105/><F105/><W47/><G125/><T127/><D94/><N who="1" m="56655" /><E33/><V34/><F34/><W53/><G134/><T87/><D87/><U64/><E64/><V102/><F31/><W45/><G128/><T126/><D70/><U28/><E28/><V42/><F102/><W17/><G29/><T115/><D115/><U13/><E26/><V71/><F71/><W101/><G73/><T35/><D35/><U75/><E75/><V83/><REACH who="2" step="1"/><F60/><REACH who="2" ten="302,183,23,482" step="2"/><W39/><G62/><T129/><D55/><N who="1" m="32255" /><E43/><V113/><F113/><W93/><G53/><T90/><D54/><U44/><E44/><AGARI ba="0,1" hai="4,10,15,42,44,49,56,57,81,82,83,88,92,97" machi="44" ten="40,7700,0" yaku="1,1,8,1,54,1,53,0" doraHai="66" doraHaiUra="133" who="2" fromWho="1" sc="302,0,183,-77,23,87,482,0" /><INIT seed="6,1,0,0,3,92" ten="302,106,110,482" oya="2" hai0="100,56,37,6,10,127,93,46,70,17,81,47,23" hai1="117,31,68,57,98,12,60,96,110,25,22,67,52" hai2="2,32,18,115,74,20,111,58,86,66,7,1,125" hai3="33,85,94,133,123,3,120,121,88,30,124,99,43"/><V49/><F74/><W102/><G3/><T64/><D70/><U38/><E38/><V106/><F32/><W109/><G109/><T51/><D127/><U113/><E117/><V82/><F106/><W112/><G124/><T114/><D37/><U105/><E105/><V27/><F111/><W28/><G133/><T72/><D114/><U79/><E110/><V35/><F35/><W76/><G76/><T65/><D46/><U42/><E113/><V89/><F115/><W53/><G112/><T132/><D132/><U55/><E79/><V118/><F118/><W83/><G43/><T80/><D65/><U59/><E42/><V107/><F107/><W44/><G33/><T63/><D6/><U61/><E12/><V75/><F125/><W5/><G5/><T130/><D10/><U90/><E90/><V116/><F116/><W78/><G78/><T95/><D72/><U24/><E25/><V16/><F75/><W54/><G44/><T9/><D9/><U119/><E119/><V50/><F7/><W126/><G126/><T39/><D39/><U14/><E14/><V45/><F2/><W8/><G8/><T40/><D95/><U11/><E11/><V69/><F1/><W48/><G54/><T0/><D0/><U91/><E91/><V26/><F69/><W97/><G123/><T41/><D41/><U77/><E77/><V131/><F131/><W19/><G121/><T84/><D130/><U21/><E22/><N who="2" m="13639" /><F45/><W135/><G120/><T13/><D84/><U122/><E122/><V34/><F34/><W71/><G135/><T134/><D134/><RYUUKYOKU ba="1,0" sc="302,10,106,10,110,10,482,-30" hai0="13,17,23,40,47,51,56,63,64,80,81,93,100" hai1="21,24,31,52,55,57,59,60,61,67,68,96,98" hai2="18,20,27,49,50,58,66,82,86,89" /><INIT seed="6,2,0,5,3,26" ten="312,116,120,452" oya="2" hai0="47,6,106,78,96,135,77,57,80,64,32,48,44" hai1="28,134,113,128,40,16,100,1,46,103,42,50,27" hai2="15,98,56,84,45,116,30,108,51,17,49,76,61" hai3="38,93,4,35,81,83,121,14,59,58,122,25,118"/><V92/><F116/><W119/><G38/><T112/><D32/><U114/><E1/><V10/><F108/><W94/><G25/><T71/><D112/><N who="1" m="43115" /><E134/><V53/><F30/><W97/><G35/><T91/><D135/><U33/><E128/><V90/><F76/><W67/><G67/><T123/><D6/><U7/><E7/><V34/><F34/><W54/><G4/><T107/><D77/><U23/><E42/><V89/><REACH who="2" step="1"/><F45/><REACH who="2" ten="312,116,110,452" step="2"/><W125/><G119/><T126/><D44/><U19/><E19/><V41/><F41/><W124/><G118/><T88/><D47/><U20/><E33/><V29/><F29/><W12/><G54/><T18/><D18/><U2/><E2/><V120/><F120/><W68/><G68/><T105/><D123/><U13/><AGARI ba="2,1" hai="13,16,20,23,27,28,40,46,50,100,103" m="43115" machi="13" ten="30,4000,0" yaku="15,1,52,1,54,1" doraHai="26" who="1" fromWho="1" sc="312,-12,116,56,110,-22,452,-12" /><INIT seed="7,0,0,0,4,29" ten="300,172,88,440" oya="3" hai0="126,17,4,9,108,15,117,35,90,77,23,84,107" hai1="134,78,72,74,41,21,104,123,30,131,122,19,83" hai2="98,8,118,121,51,103,62,61,93,68,38,65,28" hai3="97,59,130,135,11,105,10,2,113,76,26,133,125"/><W32/><G113/><T96/><D117/><U13/><E104/><V25/><F118/><W110/><G110/><T27/><D108/><U86/><E72/><V31/><F121/><W116/><G116/><T112/><D126/><U89/><E41/><V40/><F38/><W34/><G125/><T3/><D112/><U48/><E134/><N who="3" m="51210" /><G130/><T106/><D77/><U73/><E73/><V42/><F31/><N who="3" m="19575" /><G34/><T81/><REACH who="0" step="1"/><D96/><REACH who="0" ten="290,172,88,440" step="2"/><U75/><E123/><V109/><F109/><W46/><G76/><T50/><D50/><U0/><E48/><V101/><F101/><N who="3" m="62639" /><G46/><T55/><D55/><U100/><E122/><V119/><F119/><W6/><G11/><T60/><D60/><U45/><E78/><V111/><F111/><W39/><G39/><T94/><D94/><U52/><E45/><V53/><F8/><W20/><G10/><T64/><D64/><U16/><E100/><V80/><F61/><W18/><G6/><T12/><D12/><U102/><E13/><V79/><F79/><W58/><G2/><T87/><D87/><U85/><E102/><V91/><F80/><W114/><G114/><T14/><D14/><AGARI ba="0,1" hai="14,18,20,58,59" m="62639,19575,51210" machi="14" ten="30,2900,0" yaku="20,1,52,1" doraHai="29" who="3" fromWho="0" sc="290,-29,172,0,88,0,440,39" owari="261,6.0,172,-23.0,88,-41.0,479,58.0" /></mjloggm>