<mjloggm ver="2.3"><GO type="97" lobby="0"/><UN n0="%E3%82%A6%E3%83%AB%E3%83%88%E3%83%A9%E7%AB%8B%E7%9B%B4" n1="%E3%81%9C%E3%82%93%E3%81%A4%E3%81%AE%E7%94%B3%E3%81%97%E5%AD%90" n2="%73%2D%6D%69%73%61%6B%69" n3="%E3%82%AF%E3%83%AA%E3%83%95%E3%83%88" dan="14,13,13,13" rate="1955.14,1835.11,2005.94,1815.21" sx="M,M,M,M"/><TAIKYOKU oya="0"/><INIT seed="0,0,0,2,0,40" ten="250,250,250,250" oya="0" hai0="20,14,36,74,28,62,15,2,50,54,23,37,106" hai1="109,103,9,35,79,57,17,71,58,38,92,52,112" hai2="22,3,51,131,95,7,45,12,63,101,6,81,29" hai3="64,94,113,70,108,59,118,39,82,99,87,91,18"/><T33/><D106/><U72/><E109/><V34/><F131/><W11/><G118/><T110/><D74/><U42/><E38/><V124/><F124/><W78/><G113/><T31/><D2/><U98/><E112/><V73/><F3/><W83/><G70/><T5/><D110/><U114/><E71/><V86/><F73/><W25/><G39/><T21/><D33/><U26/><E114/><V120/><F120/><W128/><G128/><T80/><D37/><U66/><E42/><V133/><F133/><W127/><G127/><T77/><D36/><U102/><E102/><V8/><F34/><W49/><G108/><T32/><D62/><U132/><E132/><V96/><F63/><N who="3" m="38015" /><G49/><T1/><D1/><U104/><E104/><V122/><F122/><W76/><G83/><T0/><D0/><U93/><E93/><V69/><F69/><W126/><G126/><T60/><D60/><U16/><E72/><V30/><F22/><N who="3" m="13527" /><G11/><N who="0" m="4463" /><D32/><U53/><E9/><V41/><F6/><W107/><G107/><T129/><D129/><U105/><E35/><V67/><F67/><W10/><G10/><T47/><D15/><U88/><E66/><V123/><F123/><W111/><G111/><T48/><D48/><U134/><E134/><V44/><F44/><W90/><AGARI ba="0,0" hai="76,78,82,87,90,91,94,99" m="13527,38015" machi="90" ten="30,1100,0" yaku="8,1" doraHai="40" who="3" fromWho="3" sc="250,-5,250,-3,250,-3,250,11" /><INIT seed="1,0,0,3,3,38" ten="245,247,247,261" oya="1" hai0="92,120,93,97,50,13,129,95,8,96,28,36,75" hai1="122,65,41,56,110,16,80,100,66,44,24,113,14" hai2="63,49,82,48,23,19,70,108,31,69,43,27,10" hai3="134,74,121,101,2,35,1,62,107,77,47,32,39"/><U112/><E122/><V73/><F108/><W25/><G121/><T55/><D36/><U20/><E110/><V98/><F73/><W34/><G25/><T68/><D68/><U133/><E133/><V11/><F82/><N who="3" m="45367" /><G134/><T26/><D75/><U54/><E100/><V135/><F135/><W106/><G62/><T109/><D109/><U46/><E80/><V51/><F98/><N who="3" m="61751" /><G107/><T53/><D129/><U33/><E33/><V86/><F86/><W103/><G103/><T4/><D120/><U71/><E71/><V85/><F85/><W22/><G22/><N who="0" m="15447" /><D55/><U91/><E91/><V52/><F69/><W94/><G94/><T42/><D42/><AGARI ba="0,0" hai="1,2,32,34,35,39,42,47" m="61751,45367" machi="42" ten="30,3900,0" yaku="33,2,52,1" doraHai="38" who="3" fromWho="0" sc="245,-39,247,0,247,0,261,39" /><INIT seed="2,0,0,4,1,46" ten="206,247,247,300" oya="2" hai0="40,70,115,24,132,19,0,42,110,61,100,38,69" hai1="83,56,1,129,122,111,17,112,95,68,44,36,107" hai2="53,41,52,47,55,63,97,127,92,48,57,90,79" hai3="20,124,94,125,37,133,15,18,120,6,85,33,9"/><V12/><F127/><N who="3" m="48715" /><G37/><T96/><D0/><U101/><E112/><V130/><F130/><W78/><G120/><T98/><D115/><U89/><E111/><V106/><F106/><W74/><G74/><T128/><D110/><U27/><E68/><V31/><F31/><W45/><G45/><T66/><D128/><U13/><E1/><V71/><F79/><W10/><G33/><T35/><D132/><U11/><E129/><V16/><F71/><W67/><G67/><T39/><D70/><U54/><E83/><V119/><F119/><W43/><G43/><T72/><D72/><U58/><E27/><V82/><F82/><N who="3" m="47319" /><G133/><T117/><D117/><U87/><E122/><V34/><F34/><W118/><G118/><T109/><D109/><U28/><E28/><V29/><F29/><W5/><G94/><T88/><D39/><U99/><REACH who="1" step="1"/><E54/><REACH who="1" ten="206,237,247,300" step="2"/><V4/><REACH who="2" step="1"/><F4/><AGARI ba="0,1" hai="4,5,6,9,10,15,18,20" m="47319,48715" machi="4" ten="30,1000,0" yaku="18,1" doraHai="46" who="3" fromWho="2" sc="206,0,237,0,247,-10,300,20" /><INIT seed="3,0,0,3,2,94" ten="206,237,237,320" oya="3" hai0="100,24,62,101,73,120,17,28,72,115,5,106,22" hai1="133,122,65,75,92,35,3,77,79,11,103,14,128" hai2="116,0,63,88,107,114,121,135,49,129,119,118,84" hai3="124,53,76,55,30,12,46,13,21,102,18,131,36"/><W37/><G102/><T108/><D120/><U113/><E128/><V41/><F0/><W71/><G71/><T126/><D115/><U15/><E133/><V95/><F107/><W2/><G76/><T19/><D126/><U104/><E35/><V23/><F114/><W78/><G124/><T99/><D108/><U29/><E29/><V93/><F129/><W70/><G2/><T7/><D101/><U87/><E3/><V117/><F117/><W54/><G70/><T32/><D19/><U130/><E130/><V45/><F135/><W51/><G131/><T42/><D42/><U27/><E27/><V132/><F132/><W60/><G60/><T86/><D86/><U98/><E65/><V57/><F23/><W20/><G78/><T9/><D62/><U91/><E113/><V89/><F121/><W39/><G30/><T125/><D125/><U109/><E109/><V85/><F118/><W105/><G105/><T123/><D123/><U52/><E122/><V68/><REACH who="2" step="1"/><F68/><REACH who="2" ten="206,237,227,320" step="2"/><W81/><G21/><T58/><D58/><U59/><E104/><V97/><F97/><W110/><G20/><T90/><D90/><U10/><E91/><V8/><F8/><W56/><G110/><T69/><D69/><U61/><E11/><V111/><F111/><W80/><G46/><T33/><D33/><U4/><E10/><V40/><F40/><W127/><G127/><T66/><D66/><AGARI ba="0,1" hai="41,45,49,57,63,66,84,85,88,89,93,95,116,119" machi="66" ten="30,7700,0" yaku="1,1,7,1,9,1,54,1,53,0" doraHai="94" doraHaiUra="31" who="2" fromWho="0" sc="206,-77,237,0,227,87,320,0" owari="129,-37.0,237,-16.0,314,11.0,320,42.0" /></mjloggm>