<mjloggm ver="2.3"><GO type="169" lobby="0"/><UN n0="%E3%83%A8%E3%82%B3%E3%83%A8%E3%82%B3" n1="%E3%82%A6%E3%83%AB%E3%83%88%E3%83%A9%E7%AB%8B%E7%9B%B4" n2="%E3%81%84%E3%81%97%E3%81%97%E3%82%93%49%44%E7%B4%9B%E5%A4%B1" n3="%E3%82%AF%E3%83%AD%E3%83%8E%E3%82%B9%40" dan="16,16,16,17" rate="2151.77,2115.46,2093.87,2134.04" sx="M,M,M,M"/><TAIKYOKU oya="0"/><INIT seed="0,0,0,2,4,60" ten="250,250,250,250" oya="0" hai0="102,120,135,130,38,108,13,74,96,89,64,3,50" hai1="70,56,59,117,122,11,100,116,126,44,26,65,121" hai2="92,110,62,51,16,97,43,113,61,106,15,17,34" hai3="93,21,80,6,41,45,53,63,46,90,8,109,5"/><T39/><D3/><U77/><E77/><V87/><F113/><W0/><G109/><T95/><D108/><U73/><E100/><V84/><F34/><W7/><G80/><T104/><D120/><U124/><E11/><V133/><F106/><W32/><G32/><T69/><D74/><U132/><E26/><V98/><F98/><W83/><G83/><T47/><D130/><U67/><E73/><V71/><F110/><W9/><G0/><T22/><D135/><U33/><E33/><V31/><F31/><W134/><G21/><T42/><D22/><U107/><E107/><V78/><F133/><W66/><G53/><T57/><D13/><U29/><E29/><V18/><F15/><W10/><G41/><T23/><D23/><U103/><E103/><V68/><F68/><W24/><G24/><T125/><D125/><U81/><E81/><N who="2" m="47159" /><F71/><W36/><G36/><T4/><D4/><U75/><E75/><V94/><F87/><W123/><G123/><T30/><D30/><U28/><E28/><V20/><F94/><W76/><G134/><T12/><D12/><U19/><E19/><V101/><F20/><W86/><REACH who="3" step="1"/><G76/><REACH who="3" ten="250,250,250,240" step="2"/><T2/><D2/><U35/><E35/><V27/><F27/><W37/><G37/><T115/><D38/><U49/><E132/><V128/><F128/><W55/><G55/><T85/><D39/><U118/><E122/><V119/><F119/><W14/><G14/><T127/><D42/><N who="1" m="24727" /><E121/><V79/><F79/><W48/><G48/><T25/><D50/><U52/><E118/><V112/><F112/><W82/><G82/><RYUUKYOKU ba="0,1" sc="250,-15,250,-15,250,15,240,15" hai2="16,17,18,43,51,61,62,92,97,101" hai3="5,6,7,8,9,10,45,46,63,66,86,90,93" /><INIT seed="1,1,1,3,0,25" ten="235,235,265,255" oya="1" hai0="5,0,58,10,115,100,101,72,27,35,36,60,111" hai1="86,22,55,90,48,110,91,89,96,12,28,8,69" hai2="23,79,95,17,59,52,123,41,15,33,132,83,109" hai3="94,18,7,57,68,44,97,32,77,121,129,2,66"/><U92/><E110/><V78/><F123/><W37/><G121/><T112/><D111/><U49/><E69/><V114/><F109/><W65/><G32/><T93/><D36/><U38/><E38/><V9/><F33/><W30/><G30/><T70/><D70/><U62/><E62/><V75/><F114/><W81/><G129/><T117/><D117/><U13/><E49/><V104/><F104/><W51/><G68/><T67/><D72/><U88/><E96/><V50/><F132/><W14/><G37/><T61/><D60/><U53/><E53/><V105/><F105/><W116/><G57/><T19/><D101/><U134/><E134/><V82/><F95/><W76/><G2/><T56/><D56/><U64/><E64/><N who="3" m="24682" /><G7/><T31/><REACH who="0" step="1"/><D19/><REACH who="0" ten="225,235,265,255" step="2"/><U126/><E126/><V63/><F63/><W54/><G116/><T128/><D128/><U133/><E133/><V85/><REACH who="2" step="1"/><F41/><REACH who="2" ten="225,235,255,255" step="2"/><W46/><G81/><T40/><D40/><U21/><E55/><V118/><F118/><W4/><G54/><T29/><D29/><U6/><E28/><V135/><F135/><W74/><G74/><T42/><D42/><U130/><E130/><V80/><F80/><W102/><G94/><T124/><D124/><U24/><E92/><V3/><F3/><W99/><G102/><T84/><D84/><U119/><E86/><V43/><F43/><W127/><G127/><T113/><D113/><U71/><E119/><V16/><F16/><W73/><G18/><T98/><AGARI ba="1,3" hai="0,5,10,27,31,35,58,61,67,93,98,100,112,115" machi="98" ten="30,4000,0" yaku="1,1,0,1,52,1,53,0" doraHai="25" doraHaiUra="87" who="0" fromWho="0" sc="225,73,235,-21,255,-11,255,-11" /><INIT seed="2,0,0,2,1,66" ten="298,214,244,244" oya="2" hai0="61,74,105,37,22,13,98,119,60,48,44,68,47" hai1="70,67,126,41,108,16,111,95,42,71,56,21,58" hai2="90,113,134,2,73,120,52,57,26,51,46,3,99" hai3="106,133,7,6,33,76,132,15,27,11,89,104,54"/><V84/><F73/><W121/><G121/><T5/><D74/><U36/><E95/><V116/><F113/><W135/><G76/><T85/><D119/><U0/><E0/><V115/><F116/><W39/><G39/><T86/><D37/><U123/><E123/><V107/><F115/><W109/><G109/><N who="1" m="42058" /><E126/><V114/><F114/><W72/><G72/><T110/><D110/><U20/><E20/><V49/><F120/><W94/><G7/><T97/><D44/><N who="1" m="23591" /><E42/><V31/><F134/><W75/><G75/><T69/><D60/><N who="1" m="38295" /><E56/><V92/><F99/><W59/><G33/><T81/><D61/><U118/><E118/><V125/><F125/><W53/><G27/><AGARI ba="0,0" hai="16,21,27,70,71" m="38295,23591,42058" machi="27" ten="30,7700,0" yaku="14,1,52,2,54,1" doraHai="66" who="1" fromWho="3" sc="298,0,214,77,244,0,244,-77" /><INIT seed="3,0,0,1,0,23" ten="298,291,244,167" oya="3" hai0="73,9,125,32,85,99,45,36,30,62,108,67,94" hai1="61,101,29,24,34,72,7,27,52,91,121,102,111" hai2="20,135,8,37,49,48,117,3,120,43,128,54,13" hai3="95,55,0,56,28,110,10,5,131,96,92,66,113"/><W17/><G113/><T123/><D73/><U89/><E72/><V1/><F117/><W41/><G41/><T77/><D123/><U42/><E42/><V76/><F37/><W103/><G131/><T33/><D108/><U18/><E121/><V124/><F120/><W79/><G110/><T70/><D125/><U50/><E61/><V44/><F124/><W15/><G28/><T109/><D109/><U2/><E7/><V81/><F128/><W21/><G79/><T116/><D116/><U122/><E2/><V86/><F20/><W82/><G66/><T105/><D105/><U112/><E112/><V114/><F114/><W75/><G75/><T87/><D36/><U78/><E78/><V51/><F51/><W4/><G82/><T68/><D68/><U69/><E69/><V115/><F115/><W130/><G130/><T133/><D133/><U119/><E119/><V100/><F100/><W53/><G5/><T63/><D62/><U6/><E6/><N who="2" m="3223" /><F135/><W126/><G126/><T127/><D127/><U97/><E102/><V93/><F93/><W83/><G83/><T58/><D70/><U84/><E122/><V65/><F65/><W88/><REACH who="3" step="1"/><G56/><AGARI ba="0,0" hai="1,3,43,44,48,49,54,56,76,81,86" m="3223" machi="56" ten="30,1000,0" yaku="25,1" doraHai="23" who="2" fromWho="3" sc="298,0,291,0,244,10,167,-10" /><INIT seed="4,0,0,0,4,104" ten="298,291,254,157" oya="0" hai0="98,32,115,22,62,79,76,93,50,49,57,70,65" hai1="63,120,80,112,134,64,20,1,108,46,74,72,96" hai2="23,121,51,117,84,135,17,129,40,94,43,66,6" hai3="123,24,39,89,91,88,105,56,2,9,52,34,132"/><T12/><D115/><U15/><E1/><V106/><F106/><W4/><G105/><T58/><D32/><U97/><E120/><V8/><F121/><W107/><G123/><T127/><D127/><U69/><E108/><V60/><F129/><W45/><G107/><T119/><D119/><U13/><E112/><V35/><F35/><W55/><G132/><T116/><D116/><U130/><E134/><V31/><F31/><W18/><G18/><N who="0" m="10567" /><D70/><U92/><E96/><V83/><F94/><W77/><G77/><N who="0" m="29771" /><D57/><U10/><E80/><V21/><F6/><W110/><G110/><T126/><D126/><U48/><E20/><V14/><F23/><W87/><G87/><T68/><D68/><U11/><E130/><V78/><F117/><W25/><G34/><T100/><AGARI ba="0,0" hai="49,50,58,62,65,93,98,100" m="29771,10567" machi="100" ten="30,1500,0" yaku="8,1" doraHai="104" who="0" fromWho="0" sc="298,15,291,-5,254,-5,157,-5" /><INIT seed="4,1,0,0,4,75" ten="313,286,249,152" oya="0" hai0="47,1,15,111,99,57,71,90,93,85,123,101,31" hai1="16,41,135,67,44,58,60,124,30,43,25,74,66" hai2="46,12,89,29,55,9,73,3,121,33,48,38,68" hai3="59,69,20,6,128,61,119,134,127,112,98,132,129"/><T2/><D71/><U34/><E74/><V96/><F121/><W88/><G69/><T108/><D123/><U97/><E124/><V116/><F73/><W24/><G119/><T70/><D70/><U17/><E135/><N who="3" m="51754" /><G6/><T79/><D31/><U26/><E67/><V106/><F116/><W105/><G105/><T117/><D117/><U120/><E120/><V21/><F33/><W8/><G8/><T28/><D28/><U5/><E5/><V131/><F3/><W10/><G10/><T51/><D57/><U91/><E26/><V126/><F126/><W86/><G98/><T39/><D39/><U63/><E63/><V18/><F38/><W49/><G49/><T103/><D101/><U78/><E43/><V94/><F68/><W125/><G112/><T100/><D103/><U42/><E42/><V118/><F118/><W110/><G110/><N who="0" m="42027" /><D15/><U104/><E104/><V32/><F106/><W19/><G59/><T83/><D100/><U35/><E35/><V81/><F32/><W87/><G61/><T4/><D4/><U13/><E13/><V52/><F12/><W95/><G87/><T54/><AGARI ba="1,0" hai="1,2,47,51,54,79,83,85,90,93,99" m="42027" machi="54" ten="30,3000,0" yaku="10,1,52,1" doraHai="75" who="0" fromWho="0" sc="313,33,286,-11,249,-11,152,-11" /><INIT seed="4,2,0,5,4,35" ten="346,275,238,141" oya="0" hai0="121,24,17,0,41,80,65,20,62,78,10,91,76" hai1="123,6,83,131,37,38,124,26,116,27,21,3,77" hai2="25,32,11,16,18,119,8,102,48,115,88,45,87" hai3="90,13,4,2,81,14,70,67,94,84,12,133,68"/><T7/><D121/><U125/><E123/><V98/><F115/><W52/><G133/><T105/><D105/><U92/><E92/><N who="2" m="58695" /><F32/><W34/><G34/><T55/><D41/><U118/><E131/><V114/><F114/><W79/><G67/><T126/><D126/><N who="1" m="48747" /><E26/><V110/><F119/><N who="1" m="45609" /><E6/><V43/><F110/><W100/><G100/><T1/><D55/><U54/><E54/><V101/><F101/><W29/><G29/><T44/><D44/><U73/><E3/><V96/><F96/><W47/><G4/><T74/><D78/><U19/><AGARI ba="2,0" hai="19,21,27,37,38,73,77,83" m="45609,48747" machi="19" ten="30,1100,0" yaku="18,1" doraHai="35" who="1" fromWho="1" sc="346,-7,275,17,238,-5,141,-5" /><INIT seed="5,0,0,2,3,46" ten="339,292,233,136" oya="1" hai0="113,130,25,23,97,124,120,12,42,87,4,39,78" hai1="3,123,0,89,52,72,64,117,55,67,40,69,105" hai2="132,102,56,50,31,21,134,41,10,43,91,126,103" hai3="11,128,71,76,104,82,49,114,92,19,80,2,94"/><U122/><E105/><V44/><F126/><W100/><G71/><T115/><D124/><U9/><E72/><V63/><F43/><W74/><G114/><N who="0" m="43531" /><D120/><U26/><E40/><V88/><F10/><W108/><G108/><T57/><D130/><U8/><E26/><N who="2" m="16847" /><F134/><W119/><G119/><T135/><D135/><U112/><E69/><V131/><F131/><W90/><G128/><T29/><D97/><U116/><E112/><V36/><F36/><W20/><G82/><N who="0" m="47575" /><D57/><U66/><E66/><N who="2" m="39271" /><F132/><W65/><G65/><T127/><D127/><U110/><REACH who="1" step="1"/><E89/><AGARI ba="0,0" hai="41,44,50,88,89,91,102,103" m="39271,16847" machi="89" ten="30,3900,0" yaku="8,1,52,1,54,1" doraHai="46" who="2" fromWho="1" sc="339,0,292,-39,233,39,136,0" /><INIT seed="6,0,0,3,5,58" ten="339,253,272,136" oya="2" hai0="39,57,72,122,84,76,75,44,108,70,101,50,33" hai1="18,77,47,30,74,55,94,69,85,0,95,56,130" hai2="98,117,21,53,120,24,100,1,2,121,124,20,82" hai3="129,9,7,4,109,118,22,48,19,123,15,97,63"/><V41/><F117/><W35/><G118/><T79/><D70/><U87/><E0/><V105/><F124/><W26/><G123/><T125/><D125/><U91/><E69/><V114/><F114/><W78/><G109/><T46/><D122/><U83/><E30/><V25/><F2/><W36/><G36/><T29/><D108/><U34/><E34/><V86/><F1/><W102/><G129/><T104/><D39/><U59/><E130/><V103/><F41/><W106/><G78/><T127/><D127/><U3/><E3/><V66/><F66/><W51/><G35/><T40/><D57/><U14/><E47/><V110/><F110/><W88/><G4/><T71/><D71/><U80/><E59/><V119/><F119/><W89/><REACH who="3" step="1"/><G63/><REACH who="3" ten="339,253,272,126" step="2"/><T132/><D33/><U27/><E77/><V115/><F121/><W81/><G81/><T62/><D76/><U128/><E128/><V73/><F120/><W28/><G28/><T49/><D62/><U68/><E83/><V54/><F82/><W12/><G12/><T16/><D29/><U23/><E74/><V52/><F73/><W17/><G17/><T90/><D16/><U135/><E14/><V96/><F25/><W10/><G10/><T45/><D79/><U112/><E80/><V67/><F24/><W111/><G111/><T32/><D32/><U107/><E18/><V61/><F61/><W93/><G93/><T8/><D72/><U131/><E94/><V13/><F13/><W37/><G37/><T38/><D75/><U43/><E95/><N who="2" m="58399" /><F21/><W42/><G42/><N who="0" m="24791" /><D38/><U5/><E43/><RYUUKYOKU ba="0,1" sc="339,-10,253,-10,272,-10,126,30" hai3="7,9,15,19,22,26,48,51,88,89,97,102,106" /><INIT seed="7,1,1,4,2,90" ten="329,243,262,156" oya="3" hai0="106,37,83,39,42,131,89,135,23,61,16,28,59" hai1="22,5,2,124,49,97,119,13,73,1,67,70,8" hai2="128,129,47,100,114,117,45,9,103,30,88,31,19" hai3="11,112,72,104,115,133,20,33,111,75,17,99,79"/><W52/><G33/><T105/><D28/><N who="2" m="10794" /><F117/><W25/><G133/><T53/><D135/><U93/><E73/><V134/><F134/><W24/><G111/><T7/><D7/><U0/><E22/><V98/><F114/><N who="3" m="43563" /><G79/><T91/><D131/><N who="2" m="50250" /><F9/><W60/><G25/><T123/><D123/><U68/><E124/><V78/><F78/><W130/><G11/><T58/><D89/><U65/><E49/><V10/><F103/><N who="3" m="62591" /><G130/><T95/><D83/><U35/><E35/><V41/><F88/><W122/><G122/><T50/><D37/><U69/><REACH who="1" step="1"/><E119/><REACH who="1" ten="329,233,262,156" step="2"/><V109/><F109/><W18/><G18/><T116/><D16/><U94/><E94/><N who="2" m="58455" /><F41/><W29/><G29/><T81/><D42/><U113/><E113/><V85/><F85/><W44/><G60/><T63/><D61/><U132/><E132/><V86/><F86/><W126/><G126/><T34/><D63/><U4/><E4/><V56/><F10/><W46/><G46/><T38/><D34/><U55/><E55/><V108/><F108/><W120/><G120/><T107/><D53/><U3/><N who="1" m="0" /><DORA hai="32" /><U14/><E14/><V15/><F47/><W21/><G20/><T125/><D23/><U84/><E84/><V87/><F87/><W27/><G24/><T6/><D6/><U48/><E48/><AGARI ba="1,2" hai="17,21,27,44,48,52,72,75" m="62591,43563" machi="48" ten="30,2900,0" yaku="15,1,54,1" doraHai="90,32" who="3" fromWho="1" sc="329,0,233,-32,262,0,156,52" /><INIT seed="7,2,0,5,4,112" ten="329,201,262,208" oya="3" hai0="120,70,85,95,92,65,111,119,16,128,21,28,106" hai1="121,44,133,15,134,17,8,72,9,6,90,49,130" hai2="31,109,50,104,97,101,42,73,36,58,62,83,84" hai3="82,126,33,76,94,55,67,39,89,96,5,114,108"/><W122/><G122/><T99/><D120/><U123/><E72/><V77/><F109/><W47/><G33/><T107/><D111/><U81/><E130/><V40/><F36/><W116/><G108/><T41/><D128/><U52/><E121/><V22/><F31/><W132/><G114/><T23/><D41/><U53/><E53/><V0/><F0/><W91/><G116/><T56/><D70/><U74/><E123/><V110/><F110/><W12/><G132/><T1/><D1/><U24/><E24/><V71/><F22/><W64/><G126/><T43/><D119/><U46/><E46/><V57/><F71/><W131/><G131/><T61/><D43/><U48/><E48/><V32/><F32/><W93/><G39/><T69/><D69/><U100/><E100/><V86/><F57/><W98/><G5/><T26/><D85/><N who="1" m="50479" /><E74/><V125/><F125/><W80/><G12/><AGARI ba="2,0" hai="6,8,9,12,15,17,44,49,52,133,134" m="50479" machi="12" ten="30,2000,0" yaku="25,1,54,1" doraHai="112" who="1" fromWho="3" sc="329,0,201,26,262,0,208,-26" owari="329,43.0,227,-17.0,262,6.0,182,-32.0" /></mjloggm>