<mjloggm ver="2.3"><GO type="97" lobby="0"/><UN n0="%2D%E8%B1%8A%E5%8F%A3%E3%82%81%E3%81%90%E3%81%BF%2D" n1="%E5%B0%B1%E6%B4%BB%E7%94%9F%40%E5%B7%9D%E6%9D%91%E8%BB%8D%E5%9B%A3" n2="%E5%86%85%E8%87%93%E3%81%8C%E7%84%A1%E3%81%84%E8%B1%A1" n3="%E3%82%BB%E3%82%A4%E3%83%90%EF%BD%9E" dan="15,15,15,14" rate="2025.44,1983.63,1904.81,2046.12" sx="F,M,M,M"/><TAIKYOKU oya="0"/><INIT seed="0,0,0,1,0,56" ten="250,250,250,250" oya="0" hai0="118,111,100,26,120,47,130,80,50,1,68,114,84" hai1="48,7,102,83,23,81,40,42,19,37,52,25,127" hai2="69,49,15,94,30,27,63,89,112,8,31,34,44" hai3="123,108,24,33,39,124,53,9,14,22,129,105,113"/><T76/><D114/><U92/><E127/><V61/><F31/><W122/><G105/><T119/><D120/><U128/><E7/><V97/><F69/><W90/><G39/><T93/><D1/><U0/><E0/><V60/><F112/><W77/><G77/><T86/><D68/><U121/><E121/><V51/><REACH who="2" step="1"/><F44/><REACH who="2" ten="250,250,240,250" step="2"/><W2/><G122/><T36/><D47/><N who="1" m="27679" /><E128/><V45/><F45/><W104/><G129/><T62/><D130/><U103/><E37/><V38/><F38/><W55/><G123/><T132/><D36/><U3/><E3/><V91/><F91/><W95/><G113/><T74/><D119/><U70/><E70/><V57/><F57/><W133/><G2/><T134/><D118/><U64/><E40/><V59/><F59/><W99/><G124/><T13/><D134/><U6/><E42/><V116/><F116/><W18/><G133/><T21/><D132/><U125/><E125/><V43/><F43/><W117/><G117/><T87/><D111/><U85/><E64/><V101/><F101/><N who="1" m="38409" /><E6/><AGARI ba="0,1" hai="6,8,15,27,30,34,49,51,60,61,63,89,94,97" machi="6" ten="40,8000,1" yaku="1,1,52,3,53,0" doraHai="56" doraHaiUra="73" who="2" fromWho="1" sc="250,0,250,-80,240,90,250,0" /><INIT seed="1,0,0,0,5,14" ten="250,170,330,250" oya="1" hai0="49,41,10,37,71,35,42,90,122,11,52,108,62" hai1="67,112,38,121,20,32,61,34,91,74,124,123,46" hai2="129,118,33,28,93,6,30,59,64,120,89,31,22" hai3="5,72,102,88,69,94,56,29,48,83,3,117,98"/><U110/><E74/><V84/><F118/><W45/><G69/><T95/><D35/><U114/><E20/><V15/><F120/><N who="1" m="46153" /><E91/><V63/><F129/><W109/><G117/><T105/><D105/><U85/><E85/><V65/><F33/><N who="1" m="12905" /><E124/><V126/><F126/><W80/><G56/><N who="0" m="32783" /><D42/><N who="1" m="22871" /><E110/><V73/><F73/><W77/><G109/><T57/><D57/><U36/><E36/><V96/><F84/><W60/><G60/><T101/><D108/><U26/><E26/><N who="2" m="16471" /><F64/><W119/><G119/><T87/><D122/><U16/><E16/><V17/><F6/><W130/><G29/><T75/><D75/><U86/><E86/><V127/><F127/><W104/><G130/><T1/><D101/><U131/><E131/><V13/><F13/><W19/><G3/><T27/><D1/><U7/><E7/><V133/><F31/><W81/><G5/><T99/><D27/><U44/><E44/><V66/><F30/><W132/><G102/><T135/><D37/><U9/><E9/><V23/><F66/><W111/><G111/><T24/><D24/><U76/><E76/><V2/><F2/><W54/><G77/><T0/><D11/><U43/><E43/><V103/><F103/><W40/><G72/><T58/><D10/><U100/><E100/><V113/><F65/><W134/><G104/><T8/><D8/><U116/><E116/><V4/><F59/><W21/><REACH who="3" step="1"/><G40/><REACH who="3" ten="250,170,330,240" step="2"/><T106/><D41/><U47/><E47/><V115/><F63/><W70/><G70/><AGARI ba="0,1" hai="61,67,70,112,114" m="22871,12905,46153" machi="70" ten="30,1500,0" yaku="23,1" doraHai="14" who="1" fromWho="3" sc="250,0,170,25,330,0,240,-15" /><INIT seed="1,1,0,1,1,122" ten="250,195,330,225" oya="1" hai0="128,64,65,75,8,97,49,106,124,21,57,2,29" hai1="94,90,11,99,7,95,50,14,20,25,109,127,89" hai2="104,126,119,118,59,115,61,123,88,80,54,63,69" hai3="77,129,82,43,103,16,32,27,3,52,114,22,26"/><U44/><E127/><V41/><F123/><W9/><G114/><T31/><D75/><U92/><E109/><V10/><F104/><W40/><G103/><T84/><D128/><U132/><E132/><V42/><F115/><W110/><G110/><T107/><D107/><U102/><E102/><V121/><F121/><W70/><G70/><T45/><D84/><U71/><E71/><V13/><F126/><W6/><G129/><T19/><D106/><U130/><E130/><V0/><F0/><W134/><G134/><T78/><D78/><U39/><E39/><V46/><F69/><W5/><G5/><T100/><D97/><U37/><E37/><V68/><F68/><W24/><G52/><T133/><D100/><U62/><E62/><V120/><F120/><W83/><G83/><T48/><D48/><U112/><E90/><V53/><F61/><W36/><G32/><T98/><D98/><U51/><E112/><V47/><F54/><W101/><G101/><T96/><D96/><U111/><E50/><V79/><F79/><W18/><G18/><T116/><D116/><U15/><E111/><V33/><F33/><W105/><G105/><T91/><D19/><N who="1" m="12447" /><E15/><V28/><F119/><W60/><G60/><N who="0" m="37903" /><D2/><U131/><E131/><V67/><F118/><W1/><G1/><T23/><D133/><U93/><E93/><V55/><F80/><W86/><G36/><T17/><D124/><U113/><E113/><V87/><F87/><W30/><G30/><T58/><D31/><U85/><E99/><V73/><F73/><W34/><G34/><T72/><D72/><RYUUKYOKU ba="1,0" sc="250,-15,195,15,330,-15,225,15" hai1="7,11,14,44,51,85,89,92,94,95" hai3="3,6,9,16,22,24,26,27,40,43,77,82,86" /><INIT seed="1,2,0,0,0,54" ten="235,210,315,240" oya="1" hai0="76,108,64,48,135,123,88,77,93,9,41,5,79" hai1="102,23,8,84,127,133,92,126,50,75,37,51,12" hai2="27,86,61,94,32,132,69,63,130,59,7,119,15" hai3="107,71,105,58,52,16,3,44,10,46,56,131,42"/><U33/><E75/><V97/><F119/><W45/><G71/><T55/><D108/><U128/><E33/><V78/><F132/><W124/><G124/><N who="1" m="47658" /><E37/><V47/><F69/><W110/><G110/><T113/><D113/><U99/><E133/><V74/><F74/><W96/><G131/><T121/><D41/><U20/><E128/><V38/><F32/><W103/><G107/><T13/><D64/><U89/><E50/><V83/><F27/><W26/><G3/><T67/><D67/><U98/><E51/><V36/><F61/><W80/><G80/><T65/><D65/><U6/><E99/><V11/><F47/><W4/><G4/><T95/><D135/><U90/><E90/><V53/><REACH who="2" step="1"/><F130/><REACH who="2" ten="235,210,305,240" step="2"/><W73/><G73/><T104/><D123/><U31/><E31/><V125/><F125/><W43/><G26/><T19/><D121/><U85/><E85/><V111/><F111/><W81/><G43/><T70/><D70/><U66/><E66/><V34/><F34/><W14/><G42/><T68/><D68/><U117/><E117/><V35/><F35/><W116/><G116/><T28/><D28/><U2/><E2/><V129/><F129/><W87/><REACH who="3" step="1"/><G52/><REACH who="3" ten="235,210,305,230" step="2"/><T25/><D55/><U91/><E6/><V82/><F82/><W122/><G122/><T57/><D5/><U0/><E0/><V40/><F40/><W118/><G118/><T22/><D25/><U17/><E12/><V1/><F1/><W115/><G115/><T112/><D112/><U100/><E17/><V62/><F62/><W39/><G39/><T106/><D19/><RYUUKYOKU ba="2,2" sc="235,-15,210,-15,305,15,230,15" hai2="7,11,15,36,38,53,59,63,78,83,86,94,97" hai3="10,14,16,44,45,46,56,58,81,87,96,103,105" /><INIT seed="2,3,2,3,1,129" ten="220,195,320,245" oya="2" hai0="18,81,33,69,55,83,86,119,9,135,132,78,41" hai1="95,49,65,100,105,68,20,127,93,56,115,126,42" hai2="23,47,8,6,45,84,97,124,113,30,77,5,76" hai3="24,11,123,15,37,82,116,17,14,107,4,72,57"/><V28/><F113/><W98/><G37/><T32/><D69/><U128/><E115/><V112/><F112/><W36/><G36/><T117/><D41/><U2/><E128/><V71/><F71/><W75/><G116/><N who="0" m="44619" /><D55/><N who="1" m="31855" /><E2/><V40/><F124/><N who="1" m="47657" /><E42/><V3/><F6/><W94/><G123/><T130/><D130/><U16/><E105/><V109/><F109/><W54/><G107/><T64/><D64/><U88/><E100/><V104/><F45/><W74/><G24/><T102/><D102/><U61/><E88/><V114/><F114/><W1/><G82/><T110/><D110/><U67/><E67/><V125/><F125/><W22/><G1/><T106/><D106/><U89/><E89/><V44/><F40/><W48/><G74/><T27/><D83/><U131/><E131/><V111/><F111/><W29/><G29/><N who="0" m="19519" /><D33/><U25/><AGARI ba="3,2" hai="16,20,25,61,65,68,93,95" m="47657,31855" machi="25" ten="30,2000,0" yaku="18,1,54,1" doraHai="129" who="1" fromWho="1" sc="220,-8,195,49,320,-13,245,-8" /><INIT seed="3,0,0,0,1,56" ten="212,244,307,237" oya="3" hai0="73,114,58,28,13,124,54,22,48,70,44,3,65" hai1="32,31,14,88,125,72,93,61,80,90,39,64,116" hai2="84,83,33,8,131,111,87,18,43,92,23,100,40" hai3="132,120,66,68,41,127,9,99,94,50,2,5,134"/><W59/><G120/><T103/><D3/><U47/><E116/><V135/><F33/><W36/><G127/><T101/><D73/><U0/><E125/><V20/><F135/><N who="3" m="51755" /><G36/><T74/><D74/><U110/><E0/><V1/><F131/><W119/><G119/><T105/><D124/><U52/><E110/><V10/><F111/><W121/><G68/><T21/><D105/><U109/><E109/><V113/><F113/><W95/><G121/><T128/><D128/><U108/><E32/><V67/><F67/><W7/><G7/><T63/><D114/><U29/><E108/><V35/><F35/><W60/><G99/><T115/><D115/><U117/><E14/><N who="2" m="7495" /><F1/><W107/><G107/><T86/><D86/><N who="2" m="32810" /><F83/><W126/><G126/><T62/><D28/><U96/><E117/><V89/><F100/><W24/><G24/><T12/><D103/><U82/><E72/><V37/><F37/><W85/><G85/><T55/><REACH who="0" step="1"/><D101/><REACH who="0" ten="202,244,307,237" step="2"/><N who="1" m="60559" /><E29/><V91/><F10/><W112/><G112/><T75/><D75/><U77/><E31/><V16/><F92/><W49/><G49/><T102/><D102/><U81/><E39/><V45/><F91/><W69/><G69/><T46/><D46/><AGARI ba="0,1" hai="2,5,9,41,46,50,59,60,66,94,95" m="51755" machi="46" ten="30,2900,0" yaku="20,1,52,1" doraHai="56" who="3" fromWho="0" sc="202,-29,244,0,307,0,237,39" /><INIT seed="3,1,0,4,5,133" ten="173,244,307,276" oya="3" hai0="96,108,99,116,38,92,106,86,93,57,77,18,98" hai1="41,58,115,119,67,74,64,52,107,81,36,100,23" hai2="90,76,128,3,72,130,79,42,50,80,0,5,103" hai3="7,109,49,6,91,135,112,28,45,10,14,17,22"/><W40/><G112/><T43/><D38/><U4/><E115/><V111/><F103/><W70/><G135/><T46/><D116/><U47/><E119/><V69/><F69/><W85/><G70/><T134/><D134/><U104/><E4/><V61/><F111/><W71/><G71/><T35/><D35/><U75/><E23/><V12/><F76/><W1/><G109/><T19/><D108/><U26/><E26/><V62/><F90/><W32/><G7/><T65/><D106/><U34/><E34/><V89/><F89/><W132/><G132/><T83/><D43/><U25/><E25/><V105/><F105/><W2/><G28/><T44/><D65/><U9/><E9/><V13/><F13/><W110/><G32/><T101/><D57/><U123/><E123/><V68/><F12/><W125/><G2/><T29/><D29/><U37/><E37/><V20/><F20/><W39/><G110/><T51/><D99/><U117/><E117/><V30/><F30/><W78/><G78/><T59/><D59/><U48/><E107/><V113/><F113/><W129/><G129/><N who="2" m="49769" /><F68/><W122/><G122/><T87/><D87/><U94/><E104/><V15/><F15/><W118/><G118/><T53/><REACH who="0" step="1"/><D46/><REACH who="0" ten="163,244,307,276" step="2"/><U97/><E75/><V114/><F114/><W55/><G39/><T33/><D33/><U127/><E74/><V95/><F72/><W31/><G40/><T102/><AGARI ba="1,1" hai="18,19,44,51,53,77,83,86,92,93,96,98,101,102" machi="102" ten="20,8000,1" yaku="1,1,0,1,7,1,9,1,8,1,53,0" doraHai="133" doraHaiUra="8" who="0" fromWho="0" sc="163,93,244,-21,307,-21,276,-41" /><INIT seed="4,0,0,2,1,44" ten="256,223,286,235" oya="0" hai0="117,49,92,122,45,121,47,85,41,21,101,25,133" hai1="79,126,67,119,111,94,9,19,40,46,52,89,82" hai2="110,134,38,54,129,68,32,5,108,102,17,72,30" hai3="132,130,10,8,93,7,28,50,2,34,43,70,73"/><T96/><D117/><U135/><E111/><V103/><F72/><W31/><G73/><T56/><D133/><U98/><E119/><V35/><F68/><W6/><G132/><T118/><D118/><U36/><E135/><V83/><F134/><W18/><G70/><T125/><D125/><U53/><E126/><V57/><F38/><W29/><G93/><T71/><D71/><U76/><E76/><V55/><F5/><W86/><G86/><T112/><D112/><U77/><E77/><V39/><F39/><W75/><G75/><T64/><D85/><U61/><E79/><V91/><F83/><W51/><G43/><T69/><D69/><U106/><E82/><V15/><F91/><W114/><G114/><T104/><D104/><U116/><E106/><V84/><F84/><W48/><G130/><T128/><D128/><U65/><E116/><V87/><F87/><W97/><G18/><T105/><D105/><U120/><E120/><V13/><F57/><W12/><REACH who="3" step="1"/><G97/><REACH who="3" ten="256,223,286,225" step="2"/><T78/><D41/><U26/><E61/><V90/><F17/><W1/><G1/><T88/><D96/><U99/><E99/><V4/><F129/><W131/><G131/><T58/><D92/><U123/><E123/><V115/><F115/><W81/><G81/><T95/><D95/><U37/><E37/><V60/><F90/><W80/><G80/><T62/><D88/><U20/><E9/><V22/><F30/><W127/><G127/><T109/><D78/><U113/><E113/><V74/><F74/><W63/><G63/><T23/><D122/><U33/><E33/><AGARI ba="0,1" hai="2,6,7,8,10,12,28,29,31,33,34,48,50,51" machi="33" ten="40,16000,3" yaku="1,1,6,1,52,3,53,3" doraHai="44" doraHaiUra="27" who="3" fromWho="1" sc="256,0,223,-160,286,0,225,170" owari="256,-14.0,63,-44.0,286,9.0,395,49.0" /></mjloggm>