<mjloggm ver="2.3"><GO type="65" lobby="0"/><UN n0="%6B%6F%74%61%72%6F%37%37" n1="%4E%6F%4E%61%6D%65" n2="%74%65%63%68%69%72%69" n3="%E5%B0%B1%E6%B4%BB%E7%94%9F%40%E5%B7%9D%E6%9D%91%E8%BB%8D%E5%9B%A3" dan="1,0,7,7" rate="1529.94,1500.00,1696.97,1720.45" sx="M,M,M,M"/><TAIKYOKU oya="0"/><INIT seed="0,0,0,1,4,19" ten="250,250,250,250" oya="0" hai0="115,127,60,77,24,126,28,107,7,11,32,133,62" hai1="109,91,61,38,78,124,113,4,76,52,106,26,31" hai2="57,99,131,17,132,118,87,89,135,50,125,83,129" hai3="117,8,12,69,85,29,56,43,128,120,102,36,54"/><T64/><D107/><U123/><E106/><V105/><F118/><W21/><G69/><T96/><D96/><U45/><E123/><V63/><F17/><W93/><G120/><T101/><D101/><U22/><E113/><V97/><F50/><W40/><G117/><T82/><D115/><U10/><E109/><V100/><F63/><W33/><G128/><N who="2" m="49225" /><F57/><W66/><G33/><T0/><D133/><N who="2" m="51274" /><F99/><W46/><G66/><T41/><D41/><U6/><E124/><AGARI ba="0,0" hai="83,87,89,97,100,105,124,125" m="51274,49225" machi="124" ten="40,12000,2" yaku="30,2,19,1,20,1,34,2" doraHai="19" who="2" fromWho="1" sc="250,0,250,-120,250,120,250,0" /><INIT seed="1,0,0,0,3,31" ten="250,130,370,250" oya="1" hai0="26,27,20,97,1,117,62,100,60,128,15,87,40" hai1="90,76,17,14,85,125,93,37,65,2,22,64,116" hai2="48,33,46,71,105,107,104,28,124,32,112,35,66" hai3="92,118,52,63,77,18,132,53,123,72,38,19,4"/><U130/><E2/><V10/><F112/><W3/><G52/><T110/><D1/><U98/><E116/><V106/><F10/><W67/><G53/><T127/><D117/><U74/><E74/><V34/><N who="2" m="27136" /><DORA hai="134" /><V44/><F28/><W120/><G19/><T6/><D40/><U68/><E130/><V95/><F95/><W83/><G18/><T42/><D42/><U131/><E37/><V84/><F84/><W16/><G16/><T41/><D128/><U129/><E68/><V11/><F11/><W79/><G92/><T75/><D41/><U29/><E29/><V89/><F124/><W126/><G132/><T109/><D75/><U8/><E129/><V119/><F89/><W122/><G118/><T51/><D6/><U114/><E114/><V21/><F119/><W49/><G49/><T56/><D87/><U69/><E69/><V30/><N who="2" m="8704" /><DORA hai="103" /><V86/><F86/><W5/><G79/><T96/><D127/><U50/><E131/><V108/><F108/><W113/><G126/><T102/><D109/><U43/><E125/><V121/><F121/><W99/><G113/><T13/><D110/><U70/><E70/><V58/><F71/><W0/><G38/><T91/><D91/><U12/><E43/><V45/><F45/><W25/><BYE who="2" /><G120/><T101/><D102/><U36/><E36/><V78/><F78/><W133/><G122/><T115/><D115/><UN n2="%74%65%63%68%69%72%69" /><U47/><E50/><V111/><F111/><W54/><G123/><T55/><D51/><U23/><E47/><V39/><F39/><W61/><G133/><T81/><D81/><RYUUKYOKU ba="0,0" sc="250,0,130,0,370,0,250,0" /><INIT seed="2,1,0,4,4,123" ten="250,130,370,250" oya="2" hai0="5,100,3,73,9,8,15,110,126,105,92,0,10" hai1="84,119,87,90,96,6,62,42,18,80,31,23,11" hai2="106,16,86,20,120,135,114,52,43,117,36,29,27" hai3="46,55,45,34,7,39,121,1,132,26,68,64,91"/><V127/><F120/><W118/><G121/><T99/><D73/><U35/><E119/><V103/><F117/><W134/><G118/><T94/><D126/><U51/><E62/><V109/><F114/><W12/><G1/><T14/><D3/><U25/><E87/><V78/><F127/><W21/><G34/><T83/><D83/><U122/><E122/><V113/><F113/><W48/><G68/><T93/><D110/><U81/><E96/><V67/><F135/><W112/><G112/><T107/><REACH who="0" step="1"/><D105/><REACH who="0" ten="240,130,370,250" step="2"/><U133/><E133/><V61/><F109/><W53/><G132/><T4/><D4/><U77/><E51/><V13/><F106/><W59/><G134/><T37/><D37/><U111/><E111/><V104/><F36/><W57/><G39/><T33/><D33/><U124/><E124/><V72/><F72/><W79/><G7/><T22/><D22/><U75/><E42/><V89/><F43/><W60/><G21/><T56/><D56/><U65/><E65/><V76/><F104/><W19/><G59/><T97/><D97/><U66/><E66/><V74/><F74/><W125/><G125/><T98/><D98/><U88/><E81/><N who="2" m="49359" /><F67/><W38/><G57/><T82/><D82/><U115/><E84/><V129/><F103/><W32/><G32/><T50/><D50/><U40/><E40/><V71/><F71/><W54/><G38/><T49/><D49/><U44/><E44/><V17/><F78/><W30/><G46/><T130/><D130/><U24/><E24/><V63/><F129/><W69/><G26/><T41/><D41/><RYUUKYOKU ba="1,1" sc="240,30,130,-10,370,-10,250,-10" hai0="0,5,8,9,10,14,15,92,93,94,99,100,107" /><INIT seed="3,2,1,1,0,95" ten="270,120,360,240" oya="3" hai0="7,127,120,64,41,98,30,8,113,109,17,49,15" hai1="125,134,73,5,79,117,57,14,44,71,22,77,61" hai2="21,10,18,85,4,106,82,89,87,97,124,34,123" hai3="78,112,133,93,105,37,9,31,88,116,91,99,54"/><W45/><G112/><T35/><D120/><U40/><E71/><V68/><F123/><W74/><G116/><T58/><D113/><U59/><E117/><V13/><F68/><W25/><G133/><T67/><D109/><U47/><E125/><V11/><F124/><W128/><G128/><T76/><D76/><U114/><E114/><V111/><F111/><W94/><G105/><T84/><D84/><U80/><E134/><V19/><F34/><W60/><G74/><T62/><D127/><U104/><E104/><V132/><F132/><W32/><G78/><T38/><D38/><U118/><E118/><V70/><F70/><W1/><G37/><T63/><D41/><U135/><E135/><V131/><F131/><W107/><G107/><T26/><D49/><U108/><E108/><V2/><F106/><W130/><G130/><T36/><D36/><U6/><E6/><V126/><F126/><W122/><G122/><T72/><D72/><U96/><E96/><V66/><F66/><W28/><G28/><T102/><D102/><U50/><E50/><V48/><F48/><W90/><G93/><T52/><D98/><U100/><E100/><V101/><F87/><W92/><G92/><T56/><D8/><U51/><E51/><V46/><F46/><W86/><G86/><T16/><D52/><U27/><E27/><V119/><F119/><W23/><G32/><T115/><D115/><U121/><E121/><V20/><F19/><W55/><G45/><T81/><D81/><U39/><E39/><V69/><F69/><W3/><G9/><T103/><D103/><RYUUKYOKU ba="2,1" sc="270,15,120,-15,360,15,240,-15" hai0="7,15,16,17,26,30,35,56,58,62,63,64,67" hai2="2,4,10,11,13,18,20,21,82,85,89,97,101" owari="285,9.0,105,-39.0,385,47.0,225,-17.0" /></mjloggm>