<mjloggm ver="2.3"><GO type="97" lobby="0"/><UN n0="%E5%B0%B1%E6%B4%BB%E7%94%9F%40%E5%B7%9D%E6%9D%91%E8%BB%8D%E5%9B%A3" n1="%69%6E%63%61%6E%74%6F" n2="%E5%A4%A2%E7%8E%96%E6%96%97" n3="%E3%83%86%E3%83%B3%E3%83%91%E3%82%A4%E5%B0%91%E5%B9%B4" dan="14,14,14,15" rate="1951.55,1945.32,1993.53,2071.85" sx="M,F,M,M"/><TAIKYOKU oya="0"/><INIT seed="0,0,0,3,1,28" ten="250,250,250,250" oya="0" hai0="68,106,116,126,108,93,76,114,3,62,33,109,39" hai1="107,61,35,95,4,133,99,42,79,60,113,89,101" hai2="49,45,51,97,73,52,32,57,71,65,134,6,34" hai3="115,19,50,64,5,96,66,103,53,11,9,112,90"/><T88/><D33/><U10/><E79/><V118/><F73/><W0/><G115/><T91/><D3/><U55/><E113/><V38/><F6/><W2/><G112/><T85/><D39/><U16/><E35/><N who="2" m="13355" /><F97/><W15/><G0/><T75/><D114/><U70/><E42/><N who="2" m="22743" /><F51/><W46/><REACH who="3" step="1"/><G90/><REACH who="3" ten="250,250,250,240" step="2"/><N who="0" m="53455" /><D116/><U83/><E89/><N who="0" m="34377" /><D126/><U123/><E123/><V122/><F122/><W24/><G24/><T37/><D37/><U8/><E70/><V69/><F69/><W17/><G17/><T29/><D29/><U132/><E16/><V40/><F118/><W44/><G44/><T14/><D14/><U80/><E4/><V92/><F134/><W1/><G1/><T22/><D22/><U18/><E132/><V102/><F102/><W135/><G135/><T104/><D68/><U43/><E18/><V63/><F92/><AGARI ba="0,1" hai="2,5,9,11,15,19,46,50,53,64,66,92,96,103" machi="92" ten="30,2000,0" yaku="1,1,7,1,53,0" doraHai="28" doraHaiUra="100" who="3" fromWho="2" sc="250,0,250,0,250,-20,240,30" /><INIT seed="1,0,0,5,1,21" ten="250,250,230,270" oya="1" hai0="1,82,22,18,0,55,6,29,66,97,63,98,112" hai1="11,36,127,8,84,59,79,56,10,123,117,49,129" hai2="4,46,26,94,104,83,16,111,25,119,110,91,135" hai3="19,81,105,88,15,30,101,93,89,31,40,85,122"/><U24/><E123/><V52/><F119/><W118/><G122/><T96/><D112/><U27/><E117/><V121/><F104/><W23/><G118/><T48/><D29/><N who="3" m="10761" /><G105/><T87/><D6/><U69/><E36/><V53/><F121/><W108/><G108/><N who="2" m="41513" /><F135/><W58/><G40/><T114/><D114/><U90/><E69/><V124/><F124/><W32/><G32/><T95/><D1/><U65/><E127/><V28/><F83/><W103/><G58/><N who="0" m="37239" /><D0/><U20/><E79/><V33/><F4/><W57/><G57/><N who="1" m="22090" /><E49/><V54/><F46/><W42/><G42/><T125/><D125/><U116/><E65/><V109/><N who="2" m="41521" /><V14/><DORA hai="99" /><F28/><W80/><G80/><T134/><D134/><U71/><E116/><V38/><F38/><W5/><G5/><T44/><D82/><N who="1" m="49431" /><E71/><V39/><F33/><W77/><G77/><T86/><D95/><U51/><E51/><V61/><F61/><W120/><G120/><T43/><D43/><U130/><E20/><N who="2" m="11287" /><F39/><W7/><G7/><T45/><D45/><U70/><E70/><V132/><F132/><W128/><G128/><AGARI ba="0,0" hai="8,10,11,24,27,128,129,130" m="49431,22090" machi="128" ten="30,5800,0" yaku="19,1,52,2" doraHai="21,99" who="1" fromWho="3" sc="250,0,250,58,230,0,270,-58" /><INIT seed="1,1,0,1,0,45" ten="250,308,230,212" oya="1" hai0="53,10,34,129,38,93,32,128,36,95,83,99,101" hai1="41,23,89,133,116,33,47,94,14,70,11,71,124" hai2="5,12,28,0,82,50,79,127,39,6,96,51,62" hai3="98,84,30,20,106,126,102,92,118,97,24,85,117"/><U1/><E116/><N who="3" m="44650" /><G126/><T109/><D109/><U120/><E33/><N who="0" m="12905" /><D10/><U46/><E120/><V2/><F39/><N who="0" m="14890" /><D53/><U37/><E124/><V115/><F127/><W73/><G73/><T22/><D22/><U19/><E47/><V78/><F28/><W9/><G9/><T26/><D26/><U57/><E57/><V17/><F2/><W35/><G35/><T40/><D40/><U58/><E1/><V121/><F0/><W131/><G131/><N who="0" m="50251" /><D83/><U54/><E11/><N who="2" m="6303" /><F121/><W130/><G130/><T68/><D68/><U49/><REACH who="1" step="1"/><E133/><REACH who="1" ten="250,298,230,212" step="2"/><V108/><F108/><W7/><G7/><N who="2" m="2569" /><F115/><W75/><G75/><T27/><D27/><U76/><E76/><N who="2" m="29227" /><F62/><W135/><G135/><T4/><D4/><U103/><E103/><AGARI ba="1,1" hai="20,24,30,84,85,92,97,98,102,103,106" m="44650" machi="103" ten="30,1000,0" yaku="12,1" doraHai="45" who="3" fromWho="1" sc="250,0,298,-13,230,0,212,23" /><INIT seed="2,0,0,3,0,108" ten="250,285,230,235" oya="2" hai0="98,59,82,64,61,26,81,8,42,45,52,99,7" hai1="111,79,127,80,3,90,66,109,73,1,34,67,4" hai2="65,6,40,94,71,15,63,47,84,39,91,18,5" hai3="55,23,10,86,12,74,121,21,116,43,29,27,16"/><V53/><REACH who="2" step="1"/><F53/><REACH who="2" ten="250,285,220,235" step="2"/><W96/><G55/><T13/><D26/><U135/><E111/><V103/><F103/><W114/><G114/><T130/><D130/><U36/><E109/><V131/><F131/><W125/><G125/><T62/><D82/><U41/><E127/><V58/><F58/><W0/><G121/><T56/><REACH who="0" step="1"/><D81/><REACH who="0" ten="240,285,220,235" step="2"/><U69/><E80/><V104/><F104/><W51/><G116/><T75/><D75/><U38/><E73/><V110/><F110/><W78/><G74/><T60/><D60/><U76/><E76/><V77/><F77/><W101/><G78/><T119/><D119/><U117/><E79/><V57/><F57/><W30/><G101/><T87/><D87/><U2/><E117/><V118/><F118/><W113/><G86/><T132/><D132/><U120/><E135/><V93/><F93/><W115/><G115/><T44/><D44/><U107/><E120/><V17/><F17/><N who="3" m="10407" /><G113/><T32/><D32/><U37/><E34/><V28/><F28/><W122/><G30/><T89/><D89/><U24/><E90/><V102/><F102/><W22/><G122/><T35/><D35/><U14/><E24/><V95/><F95/><W134/><G27/><T54/><D54/><U92/><E107/><V48/><F48/><AGARI ba="0,2" hai="7,8,13,42,45,48,52,56,59,61,62,64,98,99" machi="48" ten="30,8000,1" yaku="1,1,7,1,8,1,54,1,53,1" doraHai="108" doraHaiUra="46" who="0" fromWho="2" sc="240,100,285,0,220,-80,235,0" /><INIT seed="3,0,0,5,0,70" ten="340,285,140,235" oya="3" hai0="53,97,108,122,33,95,69,42,114,110,66,3,28" hai1="64,104,112,88,107,117,94,63,121,80,27,26,90" hai2="47,128,105,22,85,30,52,65,36,129,135,82,31" hai3="19,77,10,15,37,9,32,123,51,29,76,13,103"/><W99/><G123/><T40/><D114/><U89/><E112/><V92/><F105/><W23/><G32/><T25/><D122/><U46/><E121/><V126/><F92/><W4/><G29/><T127/><D3/><U61/><E117/><V87/><F65/><W106/><G37/><T2/><D2/><U50/><E80/><V134/><F82/><W17/><REACH who="3" step="1"/><G51/><REACH who="3" ten="340,285,140,225" step="2"/><T7/><D28/><N who="2" m="10794" /><F22/><W21/><G21/><T109/><D33/><U124/><E50/><N who="2" m="28767" /><F36/><W56/><G56/><T24/><D69/><U98/><E46/><V55/><F55/><W115/><G115/><T83/><D53/><U6/><E64/><V130/><F85/><W59/><G59/><T72/><D108/><U5/><E98/><V68/><F68/><W125/><G125/><T45/><D97/><U20/><E124/><V8/><F87/><W35/><G35/><T43/><D109/><U96/><E20/><V41/><F8/><W111/><G111/><T12/><D110/><U132/><E96/><V0/><F41/><W38/><G38/><T58/><D42/><U60/><E94/><V73/><F73/><W62/><G62/><T133/><D43/><U100/><E63/><V118/><F118/><W18/><G18/><T81/><D40/><U78/><E61/><V120/><F120/><W86/><G86/><T44/><D58/><U48/><E60/><V119/><F119/><W57/><G57/><T131/><D72/><U91/><E48/><V93/><F93/><W74/><G74/><T102/><D127/><U116/><E116/><V49/><F126/><W79/><G79/><RYUUKYOKU ba="0,1" sc="340,-10,285,-10,140,-10,225,30" hai3="4,9,10,13,15,17,19,23,76,77,99,103,106" /><INIT seed="3,1,1,5,2,51" ten="330,275,130,255" oya="3" hai0="75,20,65,99,61,22,56,54,87,62,53,7,35" hai1="131,17,114,77,110,81,126,113,45,40,58,111,6" hai2="50,76,9,117,108,47,25,69,132,44,0,52,89" hai3="3,98,93,92,115,118,112,90,10,103,5,128,24"/><W73/><G118/><T31/><D75/><U83/><E126/><V42/><F117/><W27/><G73/><T67/><D35/><U120/><E6/><V28/><F108/><N who="1" m="41513" /><E120/><V105/><F132/><W74/><G74/><T41/><D41/><U130/><E58/><V60/><F105/><W57/><G128/><N who="1" m="49194" /><E17/><V33/><F76/><W78/><G78/><T37/><D37/><N who="1" m="21647" /><E77/><V66/><F89/><W119/><G119/><T29/><D7/><U80/><AGARI ba="1,1" hai="80,81,83,113,114" m="21647,49194,41513" machi="80" ten="40,2700,0" yaku="14,1,19,1" doraHai="51" who="1" fromWho="1" sc="330,-8,275,40,130,-8,255,-14" owari="322,42.0,315,12.0,122,-38.0,241,-16.0" /></mjloggm>