<mjloggm ver="2.3"><GO type="97" lobby="0"/><UN n0="%61%6B%65%62%6F%73%68%69" n1="%E6%BF%83%E3%81%84%E5%91%B3%30%25" n2="%E3%82%A6%E3%83%AB%E3%83%88%E3%83%A9%E7%AB%8B%E7%9B%B4" n3="%E4%BF%AE%E6%A5%AD%E4%B8%AD" dan="15,15,14,14" rate="2040.81,2106.46,1978.62,1937.56" sx="M,M,M,M"/><TAIKYOKU oya="0"/><INIT seed="0,0,0,4,3,111" ten="250,250,250,250" oya="0" hai0="133,96,50,47,21,98,26,63,90,105,49,109,24" hai1="68,45,134,71,130,135,125,116,9,77,112,66,129" hai2="121,55,22,67,110,75,11,34,52,3,27,127,79" hai3="31,118,25,40,10,23,73,103,126,61,120,102,86"/><T106/><D133/><N who="1" m="50699" /><E77/><V36/><F36/><W7/><G73/><T15/><D109/><U94/><E94/><V28/><F121/><W122/><G118/><T83/><D105/><U59/><E9/><V80/><F110/><W123/><G126/><T91/><D106/><U1/><E1/><V0/><F127/><W81/><G40/><T53/><D63/><N who="1" m="38271" /><E125/><V20/><F67/><W69/><G61/><T100/><D100/><U60/><E116/><V124/><F124/><W12/><REACH who="3" step="1"/><G69/><REACH who="3" ten="250,250,250,240" step="2"/><T99/><D26/><U119/><E119/><V84/><F75/><W89/><AGARI ba="0,1" hai="7,10,12,23,25,31,81,86,89,102,103,120,122,123" machi="89" ten="30,7900,0" yaku="1,1,2,1,0,1,13,1,53,0" doraHai="111" doraHaiUra="41" who="3" fromWho="3" sc="250,-39,250,-20,250,-20,240,89" /><INIT seed="1,0,0,3,0,90" ten="211,230,230,329" oya="1" hai0="32,53,94,30,95,97,16,82,56,43,91,104,39" hai1="93,131,36,10,80,135,81,9,128,3,127,76,100" hai2="48,129,130,121,74,40,18,107,7,62,19,117,33" hai3="49,58,70,103,89,55,120,41,66,78,24,35,71"/><U61/><E36/><V26/><F107/><W86/><G120/><T109/><D104/><U2/><E135/><V54/><F74/><W88/><G103/><T75/><D32/><U28/><E127/><V98/><F121/><W60/><G71/><T45/><D30/><U5/><E28/><N who="2" m="19607" /><F117/><W123/><G123/><T77/><D109/><U29/><E29/><V38/><F62/><W63/><G41/><T87/><D16/><N who="2" m="6186" /><F7/><W124/><G124/><T27/><D27/><U133/><E133/><V115/><F98/><W102/><G102/><T84/><REACH who="0" step="1"/><D94/><REACH who="0" ten="201,230,230,329" step="2"/><U125/><E125/><V68/><F115/><W14/><G35/><T101/><D101/><U15/><E100/><V6/><F6/><W52/><G24/><T113/><D113/><U42/><E93/><V34/><F34/><W105/><G105/><T64/><D64/><U21/><E5/><V57/><F68/><W51/><G70/><T37/><D37/><U92/><E92/><V114/><F38/><W25/><G25/><T96/><D96/><U13/><E81/><V111/><F114/><W119/><G119/><T31/><D31/><U20/><E80/><V4/><F4/><W79/><G66/><T65/><D65/><U8/><E3/><V118/><F111/><W23/><G78/><T67/><D67/><U132/><E76/><V22/><F118/><W85/><G79/><T126/><D126/><U17/><E2/><V69/><F69/><W46/><G14/><T73/><D73/><U59/><E15/><V108/><F108/><W116/><G116/><T112/><D112/><U99/><E13/><RYUUKYOKU ba="0,1" sc="201,30,230,-10,230,-10,329,-10" hai0="39,43,45,53,56,75,77,82,84,87,91,95,97" /><INIT seed="2,1,1,1,3,135" ten="231,220,220,319" oya="2" hai0="64,77,2,104,50,78,18,99,91,68,23,47,114" hai1="105,17,117,110,62,111,87,132,59,79,12,74,97" hai2="92,31,69,65,35,96,125,116,37,98,103,6,112" hai3="60,82,120,107,115,26,52,28,54,1,32,124,123"/><V119/><F37/><W42/><G107/><T9/><D114/><U131/><E117/><V34/><F112/><W56/><G1/><T85/><D68/><U75/><E131/><V11/><F98/><W80/><G115/><T58/><D2/><U88/><E132/><V10/><F10/><W0/><G0/><T24/><D104/><U129/><E129/><V122/><F122/><W55/><G42/><T109/><D109/><N who="1" m="41483" /><E97/><V71/><F92/><W13/><G13/><T15/><D99/><U14/><E105/><N who="2" m="63719" /><F11/><W36/><G36/><T93/><D58/><U3/><E3/><V72/><F6/><W76/><G80/><T101/><D64/><N who="1" m="39007" /><E79/><V61/><F72/><N who="1" m="27689" /><E17/><V27/><F71/><W126/><G120/><T83/><D101/><U67/><E67/><V73/><F73/><N who="3" m="43279" /><G123/><T130/><D130/><U66/><E66/><V8/><F35/><W48/><G60/><T51/><D51/><U38/><E38/><V25/><F8/><W5/><G5/><T63/><D63/><U102/><E102/><V7/><F7/><W94/><G94/><AGARI ba="1,1" hai="12,14,87,88,94" m="27689,39007,41483" machi="94" ten="30,2000,0" yaku="14,1,54,1" doraHai="135" who="1" fromWho="3" sc="231,0,220,33,220,0,319,-23" /><INIT seed="3,0,0,2,2,120" ten="231,253,220,296" oya="3" hai0="58,112,28,123,35,113,122,49,46,128,81,97,66" hai1="104,16,130,85,78,57,67,90,40,72,124,23,84" hai2="34,5,1,110,30,65,56,116,95,48,8,127,96" hai3="63,119,25,83,75,52,100,27,77,37,11,126,13"/><W88/><G37/><T82/><D28/><U129/><E104/><V9/><F116/><W36/><G36/><T55/><D35/><U121/><E121/><N who="0" m="46089" /><D97/><U47/><E72/><V74/><F74/><W50/><G119/><T31/><D31/><U24/><E124/><V102/><F127/><W93/><G126/><T44/><D81/><U109/><E109/><V91/><F110/><W87/><G100/><T26/><D82/><U73/><E73/><V17/><F30/><W64/><G13/><T59/><D26/><U117/><E117/><V111/><F34/><W70/><G11/><T45/><D128/><N who="1" m="49259" /><E78/><V21/><F111/><W92/><G92/><T108/><D108/><U61/><E90/><V105/><F9/><W89/><G89/><T106/><D106/><U20/><E23/><V42/><F105/><W2/><G2/><T38/><D38/><AGARI ba="0,0" hai="16,20,24,38,40,47,57,61,67,84,85" m="49259" machi="38" ten="30,2000,0" yaku="19,1,54,1" doraHai="120" who="1" fromWho="0" sc="231,-20,253,20,220,0,296,0" /><INIT seed="4,0,0,0,3,88" ten="211,273,220,296" oya="0" hai0="17,6,62,2,29,26,11,94,110,21,76,34,36" hai1="120,107,42,109,14,116,92,61,132,10,19,27,134" hai2="78,33,112,73,74,44,86,7,103,8,119,40,87" hai3="16,37,58,0,81,43,99,13,20,50,111,96,48"/><T56/><D36/><U105/><E120/><V118/><F33/><W114/><G0/><T82/><D110/><U22/><E109/><V30/><F30/><W67/><G114/><T90/><D82/><U104/><E116/><N who="2" m="44587" /><F103/><W18/><G111/><T95/><D90/><U24/><E42/><V126/><F126/><W46/><G81/><T53/><REACH who="0" step="1"/><D76/><REACH who="0" ten="201,273,220,296" step="2"/><U98/><E132/><V69/><F112/><W108/><G108/><T39/><D39/><U5/><E134/><V28/><F78/><W97/><G37/><T1/><D1/><U3/><REACH who="1" step="1"/><E61/><REACH who="1" ten="201,263,220,296" step="2"/><V70/><F74/><W45/><G50/><T77/><D77/><U91/><AGARI ba="0,2" hai="3,5,10,14,19,22,24,27,91,92,98,104,105,107" machi="91" ten="30,8000,1" yaku="1,1,2,1,0,1,52,1,53,1" doraHai="88" doraHaiUra="4" who="1" fromWho="1" sc="201,-40,263,100,220,-20,296,-20" owari="161,-34.0,363,46.0,200,-20.0,276,8.0" /></mjloggm>