<mjloggm ver="2.3"><GO type="97" lobby="0"/><UN n0="%E3%82%A6%E3%83%AB%E3%83%88%E3%83%A9%E7%AB%8B%E7%9B%B4" n1="%70%75%72%69%6E%40" n2="%45%2D%74%6F%70%65%6E" n3="%E3%81%A9%E3%81%86%E3%81%A7%E3%82%82%E3%81%84%E3%81%84%E3%82%84%E3%81%A4" dan="15,14,14,14" rate="2067.24,1938.39,1931.58,1886.14" sx="M,M,M,M"/><TAIKYOKU oya="0"/><INIT seed="0,0,0,3,5,44" ten="250,250,250,250" oya="0" hai0="26,18,127,9,67,61,48,124,115,125,129,58,65" hai1="16,53,79,21,95,38,17,122,92,77,51,96,116" hai2="62,1,88,32,52,128,69,73,72,133,84,83,130" hai3="43,64,90,126,7,10,91,56,3,63,4,47,89"/><T94/><D115/><U33/><E33/><V110/><F32/><W39/><REACH who="3" step="1"/><G7/><REACH who="3" ten="250,250,250,240" step="2"/><T78/><D129/><U120/><E122/><V131/><F128/><W29/><G29/><T85/><D67/><U123/><E120/><V46/><F130/><W30/><G30/><T107/><D107/><U23/><E123/><V41/><F131/><W76/><G76/><T34/><D34/><U132/><E116/><V19/><F19/><W45/><G45/><T25/><D78/><U66/><E132/><V22/><F133/><W109/><G109/><T24/><D94/><U86/><E79/><V113/><F110/><W37/><G37/><T5/><D18/><U102/><E38/><V20/><F113/><W97/><G97/><T2/><D85/><U68/><E77/><V71/><F73/><W119/><G119/><T103/><D103/><U14/><E68/><V101/><F72/><W40/><G40/><T100/><D100/><U57/><E86/><V111/><F101/><W74/><G74/><T59/><D59/><U118/><E118/><V28/><F111/><W54/><G54/><T81/><D81/><U12/><E92/><V11/><F28/><W106/><G106/><T36/><D36/><U6/><E6/><N who="2" m="1487" /><F41/><W15/><G15/><T49/><AGARI ba="0,1" hai="2,5,9,24,25,26,48,49,58,61,65,124,125,127" machi="49" ten="40,12000,1" yaku="0,1,18,1,52,2" doraHai="44" who="0" fromWho="0" sc="250,130,250,-40,250,-40,240,-40" /><INIT seed="0,1,0,2,0,49" ten="380,210,210,200" oya="0" hai0="15,48,9,6,58,43,47,50,103,112,3,35,25" hai1="23,40,71,118,26,51,14,84,127,102,100,60,54" hai2="83,90,36,117,75,98,18,97,99,115,62,77,42" hai3="96,110,19,108,39,92,125,126,109,104,38,123,82"/><T52/><D112/><U68/><E118/><V8/><F62/><W27/><G104/><T7/><D103/><U69/><E127/><N who="3" m="48650" /><G82/><T10/><D25/><U131/><E40/><V72/><F42/><W65/><G65/><T5/><D35/><U22/><E131/><V44/><F44/><W130/><G130/><T56/><D56/><U0/><E0/><V67/><F67/><W85/><G85/><T105/><D105/><U87/><E60/><V121/><F36/><W16/><G123/><T28/><D28/><U63/><E63/><V64/><F64/><W107/><G107/><T128/><D128/><U4/><E100/><V46/><F46/><W88/><G27/><T132/><D132/><U113/><E102/><V80/><F8/><W11/><G11/><T111/><D111/><N who="3" m="28417" /><W86/><DORA hai="79" /><G86/><T120/><D120/><U76/><E113/><V94/><F18/><AGARI ba="1,0" hai="16,18,19,38,39,88,92,96" m="28417,48650" machi="18" ten="50,8000,1" yaku="18,1,14,1,54,2" doraHai="49,79" who="3" fromWho="2" sc="380,0,210,0,210,-83,200,83" /><AGARI ba="1,0" hai="3,5,6,7,9,10,15,18,43,47,48,50,52,58" machi="18" ten="30,5800,0" yaku="7,1,52,1,54,1" doraHai="49,79" who="0" fromWho="2" sc="380,58,210,0,127,-58,283,0" /><INIT seed="0,2,0,3,4,76" ten="438,210,69,283" oya="0" hai0="36,38,133,41,114,74,119,31,101,43,126,131,118" hai1="86,62,28,59,50,100,82,39,91,129,1,14,105" hai2="88,37,84,12,108,128,57,71,5,0,125,124,78" hai3="61,53,127,121,7,80,117,95,107,46,9,63,68"/><T47/><D101/><U135/><E1/><V116/><F71/><W113/><G117/><T51/><D31/><U112/><E39/><V85/><F37/><W18/><G107/><T27/><D27/><U110/><E112/><V10/><F128/><W45/><G113/><T81/><D114/><U69/><E129/><V123/><F123/><W122/><G127/><N who="2" m="48713" /><F108/><W104/><G104/><T58/><D126/><U97/><E110/><V111/><F111/><W115/><G115/><T44/><D131/><U103/><E100/><V64/><F116/><W130/><G68/><T87/><D74/><U34/><E14/><V109/><F109/><W72/><G130/><T3/><D3/><U65/><E135/><V29/><F29/><W15/><G95/><T99/><D99/><U42/><E59/><V2/><F78/><N who="3" m="44103" /><G53/><T55/><D133/><U40/><REACH who="1" step="1"/><E50/><REACH who="1" ten="438,200,69,283" step="2"/><V66/><F85/><W56/><G56/><T16/><D118/><U33/><E33/><V89/><F89/><W6/><G61/><T93/><D119/><U60/><E60/><N who="2" m="37903" /><F66/><W96/><G63/><T102/><D38/><U35/><E35/><V54/><F54/><W67/><G67/><T21/><D36/><U20/><E20/><V77/><F77/><W32/><G32/><T106/><D106/><U24/><AGARI ba="2,1" hai="24,28,34,40,42,62,65,69,82,86,91,97,103,105" machi="24" ten="30,12000,2" yaku="1,1,0,1,25,2,52,1,53,1" doraHai="76" doraHaiUra="79" who="1" fromWho="1" sc="438,-62,200,136,69,-32,283,-32" /><INIT seed="1,0,0,3,0,21" ten="376,336,37,251" oya="1" hai0="51,46,119,70,120,88,47,74,98,108,95,101,78" hai1="27,66,106,99,94,16,97,59,41,77,52,29,40" hai2="128,121,100,114,58,123,9,110,84,25,96,104,91" hai3="2,43,64,15,118,57,12,37,133,67,79,35,93"/><U112/><E112/><V81/><F58/><W90/><G2/><T34/><D70/><U49/><E77/><V22/><F9/><W10/><G35/><T87/><D34/><U134/><E66/><V73/><F128/><W80/><G133/><T89/><D119/><U103/><E134/><V85/><F25/><W11/><G118/><T6/><D108/><U122/><E122/><V113/><F22/><W3/><G3/><T130/><D130/><U0/><E0/><V126/><F110/><W125/><G43/><T5/><D120/><U38/><E38/><V26/><F26/><W54/><G37/><T75/><D75/><U4/><E4/><V116/><F116/><W62/><G125/><T115/><D115/><N who="2" m="44042" /><F126/><W61/><G12/><T124/><D124/><U33/><REACH who="1" step="1"/><E16/><REACH who="1" ten="376,326,37,251" step="2"/><V45/><F45/><W86/><G67/><T102/><D78/><U127/><E127/><V65/><F65/><W131/><G131/><T24/><D47/><U135/><E135/><V129/><F129/><W28/><G28/><T32/><D74/><U92/><E92/><N who="2" m="54375" /><F85/><W83/><G15/><T63/><D6/><U7/><E7/><V18/><F18/><W72/><G80/><T69/><D5/><U107/><E107/><V50/><F50/><W39/><G39/><T53/><D63/><U48/><E48/><V31/><F31/><W17/><G17/><T23/><D51/><U14/><E14/><V111/><F111/><W71/><AGARI ba="0,1" hai="10,11,54,57,61,62,64,71,72,79,83,86,90,93" machi="71" ten="20,1500,0" yaku="0,1,7,1" doraHai="21" who="3" fromWho="3" sc="376,-4,326,-7,37,-4,251,25" /><INIT seed="2,0,0,0,3,98" ten="372,319,33,276" oya="2" hai0="76,17,102,89,131,25,56,64,110,5,60,46,21" hai1="107,40,27,72,33,12,37,52,90,109,18,112,70" hai2="68,48,31,61,26,120,29,69,88,43,132,113,1" hai3="14,13,51,58,135,24,65,44,124,7,81,79,84"/><V121/><F1/><W39/><G135/><T87/><D110/><U100/><E70/><V36/><F113/><W34/><G124/><T47/><D131/><U96/><E72/><V3/><F3/><W125/><G39/><T82/><D5/><U16/><E112/><V77/><F132/><W28/><G125/><T9/><D9/><U128/><E109/><V103/><F77/><W126/><G126/><T41/><D41/><U92/><E128/><V38/><F48/><W93/><G93/><T134/><D134/><U123/><E123/><V20/><F103/><W105/><G105/><T99/><D89/><U23/><E33/><V10/><F10/><W57/><G65/><T67/><D67/><U130/><E130/><V0/><F0/><W15/><REACH who="3" step="1"/><G7/><REACH who="3" ten="372,319,33,266" step="2"/><T45/><D64/><U35/><E107/><V97/><F36/><W94/><G94/><T101/><D99/><U73/><E35/><V75/><F75/><W74/><G74/><T133/><D133/><U117/><E73/><V115/><F115/><W30/><G30/><T6/><D6/><U108/><E117/><V119/><F119/><W95/><G95/><T4/><D4/><U114/><E114/><V118/><F118/><W66/><G66/><T8/><D8/><U55/><E108/><V54/><F31/><W62/><G62/><T50/><D60/><U19/><E37/><V78/><F78/><W104/><G104/><T63/><D63/><U86/><E40/><AGARI ba="0,1" hai="13,14,15,24,28,34,40,44,51,57,58,79,81,84" machi="40" ten="40,2600,0" yaku="1,1,53,1" doraHai="98" doraHaiUra="42" who="3" fromWho="1" sc="372,0,319,-26,33,0,266,36" /><INIT seed="3,0,0,3,3,41" ten="372,293,33,302" oya="3" hai0="106,90,12,5,126,117,36,67,53,1,123,91,74" hai1="60,45,57,113,65,15,125,81,82,38,8,3,11" hai2="31,107,75,105,61,40,42,2,27,69,116,104,98" hai3="134,77,39,103,55,72,23,115,51,26,44,129,131"/><W13/><G115/><T16/><D106/><U70/><E113/><V43/><F116/><W18/><G134/><T102/><D102/><U79/><E125/><V89/><F89/><W25/><G39/><T34/><D74/><U84/><E3/><V56/><F2/><W30/><G103/><T92/><D91/><U133/><E133/><V83/><F75/><W127/><G127/><T22/><D67/><U99/><E99/><V33/><F83/><W29/><G77/><T20/><D34/><U17/><E70/><V64/><F56/><W118/><G72/><T19/><D36/><U121/><E121/><V111/><F111/><W101/><G101/><T35/><D35/><U6/><E6/><V112/><F112/><W95/><G95/><T135/><D135/><U97/><E97/><V109/><F109/><W87/><G87/><N who="0" m="52319" /><D117/><U62/><E62/><V120/><F120/><W63/><G63/><T10/><D1/><U14/><E82/><V48/><F98/><W59/><G118/><T110/><D110/><U96/><E96/><V132/><F132/><W73/><G73/><T66/><D66/><U119/><E119/><V37/><F37/><W32/><REACH who="3" step="1"/><G59/><REACH who="3" ten="372,293,33,292" step="2"/><T49/><D126/><U7/><E38/><V4/><F48/><W24/><G24/><T108/><D108/><U78/><E79/><V100/><F100/><W0/><G0/><T47/><D123/><U128/><E128/><V85/><F85/><W71/><G71/><T28/><D12/><U124/><E124/><V88/><F88/><W93/><G93/><T130/><D130/><U46/><AGARI ba="0,1" hai="7,8,11,14,15,17,45,46,57,60,65,78,81,84" machi="46" ten="30,8000,1" yaku="5,1,0,1,8,1,52,2" doraHai="41" who="1" fromWho="1" sc="372,-20,293,90,33,-20,292,-40" owari="352,15.0,383,49.0,13,-49.0,252,-15.0" /></mjloggm>