<mjloggm ver="2.3"><GO type="105" lobby="0"/><UN n0="%E9%BA%BB%E9%9B%80%E3%81%A8%E7%A7%81" n1="%64%61%61%61%61%61%61%61" n2="%E5%B0%B1%E6%B4%BB%E7%94%9F%40%E5%B7%9D%E6%9D%91%E8%BB%8D%E5%9B%A3" n3="%E4%B9%9D%E6%9D%A1%E7%BF%BC" dan="15,15,15,13" rate="1976.88,1980.51,1981.83,1818.22" sx="M,M,M,F"/><TAIKYOKU oya="0"/><INIT seed="0,0,0,2,3,44" ten="250,250,250,250" oya="0" hai0="11,33,132,131,84,23,0,42,14,65,54,92,91" hai1="75,16,18,73,62,114,134,80,88,116,47,119,21" hai2="25,78,96,49,4,93,45,125,28,6,53,107,5" hai3="111,63,61,76,7,129,117,97,36,126,118,106,100"/><T72/><D33/><U99/><E134/><V70/><F107/><W2/><G129/><T32/><D32/><U3/><E3/><V122/><F122/><W68/><G126/><T109/><D131/><U39/><E114/><V128/><F125/><W82/><G111/><T10/><D72/><U95/><E62/><V67/><F128/><W81/><G36/><T27/><D65/><U89/><E73/><V31/><F78/><W34/><G34/><T123/><D123/><U48/><E39/><V24/><F70/><W12/><G2/><T110/><D42/><U9/><E9/><V121/><F67/><W30/><G30/><N who="2" m="11305" /><F121/><W127/><G127/><T77/><D77/><U13/><E18/><V66/><F66/><W60/><G68/><T37/><D37/><U85/><E75/><V52/><F53/><AGARI ba="0,0" hai="13,16,21,47,48,53,80,85,88,89,95,99,116,119" machi="53" ten="30,7700,0" yaku="7,1,52,1,54,2" doraHai="44" who="1" fromWho="2" sc="250,0,250,77,250,-77,250,0" /><INIT seed="1,0,0,3,2,97" ten="250,327,173,250" oya="1" hai0="7,128,17,94,117,15,134,26,130,52,111,129,64" hai1="105,77,4,95,2,0,118,116,16,91,108,8,47" hai2="32,112,69,107,68,124,59,78,43,51,9,75,110" hai3="54,131,19,96,39,93,127,36,114,101,3,33,106"/><U57/><E105/><V133/><F107/><W70/><G114/><T38/><D117/><U79/><E0/><V125/><F112/><W98/><G131/><T71/><D38/><U87/><E108/><V86/><F110/><W30/><G127/><T44/><D134/><U83/><E77/><V109/><F109/><W40/><G3/><T120/><D120/><U122/><E122/><V135/><F75/><W67/><G54/><T104/><D104/><U66/><E47/><V41/><F32/><W121/><G121/><T49/><D111/><U100/><E100/><V22/><F22/><W73/><G73/><T62/><D94/><U24/><E66/><V29/><F29/><W34/><G19/><T13/><REACH who="0" step="1"/><D7/><REACH who="0" ten="240,327,173,250" step="2"/><U99/><E116/><V61/><F125/><W48/><G106/><T102/><D102/><U50/><E118/><V113/><F124/><W89/><G101/><T60/><D60/><U58/><E50/><V80/><F61/><W25/><G93/><T46/><D46/><U28/><E28/><V72/><F51/><W56/><G30/><T63/><D63/><U12/><E24/><V21/><F113/><W123/><G48/><T74/><D74/><U18/><E18/><V53/><F72/><W1/><G39/><T103/><D103/><U84/><E84/><V132/><F86/><W20/><G36/><T35/><D35/><U42/><E42/><V126/><F43/><W10/><G40/><T37/><D37/><U27/><E27/><V11/><F41/><W31/><G25/><T119/><D119/><U92/><E95/><V6/><F133/><RYUUKYOKU ba="0,1" sc="240,15,327,15,173,-15,250,-15" hai0="13,15,17,26,44,49,52,62,64,71,128,129,130" hai1="2,4,8,12,16,57,58,79,83,87,91,92,99" /><INIT seed="1,1,1,4,1,86" ten="255,342,158,235" oya="1" hai0="72,32,96,81,120,111,31,74,135,90,132,23,91" hai1="37,6,89,14,100,109,1,21,12,18,87,58,117" hai2="39,64,125,67,122,38,56,80,118,121,128,131,4" hai3="40,61,85,59,48,108,52,43,62,17,13,93,94"/><U92/><E117/><V113/><F4/><W123/><G108/><T133/><D120/><N who="2" m="46186" /><F80/><W41/><G123/><T70/><D111/><U84/><E109/><V45/><F118/><W28/><G28/><T53/><D70/><U44/><E1/><V107/><F107/><W42/><N who="3" m="10240" /><DORA hai="83" /><W71/><G71/><T9/><D32/><U114/><E37/><N who="2" m="13835" /><F113/><W25/><G25/><N who="0" m="16831" /><D53/><U7/><E114/><V22/><F22/><W66/><G85/><N who="1" m="32842" /><E100/><V57/><F45/><W27/><G27/><T35/><D35/><U30/><E44/><V105/><F105/><W5/><G5/><N who="1" m="1546" /><E30/><V78/><F78/><W129/><G129/><N who="2" m="49737" /><F125/><W73/><G73/><N who="0" m="28267" /><D81/><U82/><E82/><V19/><F19/><W11/><REACH who="3" step="1"/><G62/><REACH who="3" ten="255,342,158,225" step="2"/><T126/><D126/><U69/><E69/><V124/><F124/><W127/><G127/><T60/><D60/><U49/><E14/><V101/><F101/><W95/><G95/><T68/><D68/><U119/><E119/><V20/><F20/><W2/><G2/><T110/><D110/><U103/><E103/><V16/><F16/><W33/><G33/><T79/><D135/><U46/><E21/><V97/><F97/><W0/><G0/><T75/><D96/><N who="1" m="57359" /><E18/><V116/><F116/><W112/><G112/><T29/><D133/><U130/><E12/><V8/><F8/><W77/><G77/><T51/><D9/><U47/><E130/><V106/><F106/><W104/><G104/><T10/><D10/><U99/><E99/><V36/><F36/><W115/><G115/><T134/><D132/><U63/><E63/><V102/><F102/><RYUUKYOKU ba="1,2" sc="255,-30,342,10,158,10,225,10" hai1="46,47,49,58" hai2="56,57,64,67" hai3="11,13,17,48,52,59,61,66,93,94" /><INIT seed="1,2,2,2,3,117" ten="225,352,168,235" oya="1" hai0="87,118,14,95,7,55,100,45,33,130,94,88,121" hai1="120,50,69,86,21,105,108,23,12,2,74,115,97" hai2="77,116,119,27,5,3,96,80,131,132,17,127,133" hai3="1,11,134,93,8,53,42,38,106,71,70,60,57"/><U128/><E115/><V66/><F66/><W102/><G134/><N who="2" m="51817" /><F3/><W62/><G106/><T90/><D118/><N who="2" m="45098" /><F5/><W41/><G8/><T43/><D33/><U22/><E50/><V107/><F17/><W68/><G60/><T61/><D100/><U35/><E12/><V63/><F63/><W91/><G102/><T58/><D130/><U112/><E21/><V24/><F24/><W122/><G122/><T47/><D121/><U124/><E120/><V123/><F27/><W126/><G38/><T16/><D43/><U44/><E22/><V15/><F15/><W6/><REACH who="3" step="1"/><G126/><REACH who="3" ten="225,352,168,225" step="2"/><T82/><D7/><U135/><E124/><V49/><F127/><W81/><G81/><T79/><D82/><U83/><E83/><V67/><F49/><W109/><G109/><T46/><D79/><U4/><E108/><V64/><F131/><W54/><G54/><T56/><D55/><U59/><E128/><V113/><F113/><W10/><G10/><N who="0" m="6231" /><D61/><U99/><E112/><V51/><F123/><W110/><G110/><T52/><D52/><U125/><E125/><V72/><F51/><W37/><G37/><T40/><D40/><U0/><E135/><V32/><F32/><W48/><G48/><T101/><D101/><AGARI ba="2,3" hai="64,67,72,77,80,96,101,107" m="45098,51817" machi="101" ten="30,1000,0" yaku="20,1" doraHai="117" who="2" fromWho="0" sc="225,-16,352,0,168,46,225,0" /><INIT seed="2,0,0,4,3,51" ten="209,352,214,225" oya="2" hai0="83,121,2,7,5,89,108,22,73,8,67,23,119" hai1="42,104,74,95,102,77,25,44,80,69,15,115,132" hai2="20,36,110,76,66,43,38,50,117,29,9,41,14" hai3="116,56,90,61,78,93,123,112,96,109,114,0,131"/><V1/><F117/><W34/><G116/><T125/><D108/><U84/><E115/><N who="3" m="44074" /><G123/><T11/><D121/><U30/><E69/><V118/><F110/><W6/><G131/><T40/><D119/><U135/><E15/><V39/><F118/><W45/><G109/><T13/><D125/><U94/><E104/><V55/><F76/><W129/><G129/><T21/><D67/><U24/><E24/><V16/><F66/><N who="3" m="39207" /><G34/><T54/><D40/><U53/><E74/><V79/><F79/><W27/><G27/><T48/><D73/><U113/><E113/><V128/><F128/><W70/><G70/><T68/><D68/><U91/><E102/><V120/><F120/><W134/><G134/><N who="1" m="51242" /><E42/><V100/><F100/><W26/><G26/><T12/><D2/><U75/><E95/><V58/><REACH who="2" step="1"/><F29/><REACH who="2" ten="209,352,204,225" step="2"/><W33/><G78/><T81/><REACH who="0" step="1"/><D89/><REACH who="0" ten="199,352,204,225" step="2"/><U107/><E91/><V92/><F92/><W103/><G90/><T111/><D111/><U46/><E94/><V99/><F99/><W98/><G93/><T65/><D65/><U72/><E107/><V10/><F10/><W87/><G98/><T17/><D17/><U62/><E30/><V37/><N who="2" m="9728" /><DORA hai="19" /><V3/><F3/><W71/><G0/><T88/><D88/><U4/><E77/><V105/><F105/><W85/><G96/><T59/><AGARI ba="0,2" hai="5,7,8,11,12,13,21,22,23,48,54,59,81,83" machi="59" ten="30,24000,4" yaku="1,1,0,1,9,1,8,1,52,4,53,3" doraHai="51,19" doraHaiUra="18,32" who="0" fromWho="0" sc="199,260,352,-60,204,-120,225,-60" /><INIT seed="3,0,0,1,1,102" ten="459,292,84,165" oya="3" hai0="41,78,99,90,74,82,46,127,50,117,97,52,22" hai1="77,26,48,40,111,8,101,120,121,57,32,83,21" hai2="95,37,67,10,44,62,65,14,39,38,84,125,72" hai3="89,107,86,51,109,91,47,19,17,27,60,64,30"/><W56/><G109/><T75/><D127/><U98/><E32/><V92/><F72/><W103/><G103/><T3/><D3/><U0/><E111/><V68/><F125/><W63/><G63/><T79/><D117/><U29/><E0/><V80/><F67/><W61/><G61/><T110/><D110/><U34/><E8/><V122/><F122/><W126/><G91/><T45/><D22/><U108/><E34/><V73/><F73/><W24/><G24/><T69/><D69/><U115/><E115/><V131/><F131/><W94/><G107/><T59/><D46/><U71/><E71/><V35/><F35/><W118/><G118/><T135/><D135/><U88/><E108/><V106/><F106/><W54/><REACH who="3" step="1"/><G126/><REACH who="3" ten="459,292,84,155" step="2"/><T49/><D90/><U7/><E88/><V124/><F124/><W134/><G134/><T15/><D79/><U85/><E101/><V43/><F80/><W9/><G9/><T129/><D78/><U12/><E77/><V11/><F84/><W16/><G16/><T119/><D82/><U112/><E85/><V2/><F11/><W20/><AGARI ba="0,1" hai="17,19,20,27,30,47,51,54,56,60,64,86,89,94" machi="20" ten="20,7800,0" yaku="1,1,0,1,7,1,8,1,53,0" doraHai="102" doraHaiUra="1" who="3" fromWho="3" sc="459,-26,292,-26,84,-26,155,88" /><INIT seed="3,1,0,2,1,60" ten="433,266,58,243" oya="3" hai0="21,72,63,131,23,85,94,122,104,130,121,6,129" hai1="57,27,55,80,25,84,64,96,17,116,51,73,117" hai2="93,89,19,68,10,90,132,103,38,15,33,113,56" hai3="75,45,123,52,3,4,62,98,135,58,44,107,2"/><W41/><G123/><T112/><D72/><U101/><E73/><V115/><F68/><W109/><G109/><T76/><D104/><N who="1" m="63527" /><E17/><V24/><F38/><W77/><G135/><T100/><D6/><U81/><E64/><V34/><F132/><W59/><G4/><T66/><D112/><U31/><E84/><V124/><F124/><W40/><G77/><T102/><D76/><U11/><E11/><V32/><F103/><N who="0" m="39466" /><D85/><U105/><E105/><V134/><F134/><W12/><G75/><T9/><D94/><U46/><E46/><V22/><F56/><W16/><G107/><T106/><D106/><U65/><E65/><V114/><REACH who="2" step="1"/><F93/><REACH who="2" ten="433,266,48,243" step="2"/><W5/><G59/><N who="0" m="37247" /><D122/><U120/><E120/><V54/><F54/><W82/><G52/><T99/><D121/><U71/><E71/><V125/><F125/><W88/><G41/><T43/><D43/><U79/><E55/><V108/><F108/><W13/><G40/><T0/><D131/><U28/><E57/><V39/><F39/><W61/><G58/><T69/><D69/><U126/><E126/><V36/><F36/><W78/><G44/><T118/><D130/><U49/><E117/><V133/><F133/><W128/><G45/><T70/><D70/><U110/><E116/><V83/><F83/><W1/><G82/><T74/><D129/><U111/><E81/><V92/><F92/><W35/><G128/><T42/><D118/><U8/><E111/><V37/><F37/><W18/><G78/><T50/><D42/><U127/><E110/><V30/><AGARI ba="1,1" hai="10,15,19,22,24,30,32,33,34,89,90,113,114,115" machi="30" ten="40,5200,0" yaku="1,1,0,1,53,1" doraHai="60" doraHaiUra="20" who="2" fromWho="2" sc="433,-14,266,-14,48,65,243,-27" /><INIT seed="4,0,0,5,5,74" ten="419,252,113,216" oya="0" hai0="83,106,6,120,31,104,124,118,13,115,57,94,64" hai1="132,70,109,82,91,80,25,119,86,1,30,79,75" hai2="77,42,38,23,41,103,10,102,105,34,58,92,20" hai3="71,113,14,16,78,123,28,19,2,133,48,44,56"/><T95/><D118/><U89/><E119/><V73/><F34/><W45/><G123/><T65/><D31/><U21/><E109/><V110/><F105/><W116/><G116/><T5/><D83/><U121/><E121/><V7/><F110/><W81/><G133/><T127/><D13/><U9/><E70/><V24/><F23/><W96/><G113/><T84/><D84/><U0/><E132/><V62/><F38/><W99/><G71/><T43/><D120/><U53/><E91/><V22/><F22/><W63/><G2/><T60/><D43/><U130/><E130/><V126/><F126/><N who="0" m="48170" /><D115/><U125/><E125/><V50/><F73/><W76/><G28/><T128/><D65/><U68/><E68/><V129/><F77/><N who="3" m="29803" /><G81/><T98/><D95/><U27/><E9/><V40/><F92/><W66/><G19/><T17/><D17/><U61/><E27/><V135/><F135/><W26/><G26/><T107/><D128/><U117/><E117/><V90/><F129/><W37/><G37/><T51/><D107/><U108/><E108/><V52/><F90/><W122/><G122/><T55/><D106/><U11/><E11/><V72/><F72/><W101/><G101/><N who="0" m="60631" /><D104/><U35/><E35/><V97/><F97/><N who="3" m="37451" /><G48/><T87/><D87/><U36/><E36/><V114/><F114/><W33/><G33/><T69/><AGARI ba="0,0" hai="5,6,51,55,57,60,64,69" m="60631,48170" machi="69" ten="30,1500,0" yaku="18,1" doraHai="74" who="0" fromWho="0" sc="419,15,252,-5,113,-5,216,-5" /><INIT seed="4,1,0,4,3,106" ten="434,247,108,211" oya="0" hai0="98,70,94,65,47,52,73,0,78,118,127,29,22" hai1="19,132,68,87,46,63,112,109,26,25,2,53,37" hai2="115,99,43,113,100,41,24,79,57,126,82,16,9" hai3="103,5,77,123,76,55,58,39,40,42,81,72,95"/><T21/><D0/><U23/><E109/><V69/><F126/><W110/><G123/><T131/><D118/><U50/><E2/><V121/><F69/><W107/><G110/><T48/><D131/><U45/><E132/><V93/><F121/><W71/><G71/><T60/><D29/><U134/><E134/><V11/><F11/><W129/><G129/><T61/><D61/><U44/><E112/><V119/><F119/><W54/><G77/><T66/><D66/><U34/><E37/><V105/><F105/><W114/><G114/><N who="2" m="43529" /><F57/><W75/><G107/><T108/><D127/><U111/><E111/><V4/><F4/><W27/><G5/><T85/><D85/><U120/><E120/><V135/><F135/><W90/><G103/><T56/><D70/><U97/><E68/><V125/><F125/><W128/><G128/><T104/><D104/><U122/><E122/><V124/><F124/><W92/><G27/><T74/><D108/><U3/><E3/><V89/><F89/><W8/><G8/><T13/><D78/><U38/><E38/><V17/><F9/><W83/><G39/><T36/><D36/><U117/><E26/><V30/><F30/><W91/><G76/><T88/><REACH who="0" step="1"/><D13/><REACH who="0" ten="424,247,108,211" step="2"/><U116/><E116/><V84/><F24/><W130/><G130/><T7/><D7/><U20/><E25/><V64/><F64/><W96/><G96/><T18/><D18/><AGARI ba="1,1" hai="16,17,18,41,43,79,82,84,93,99,100" m="43529" machi="18" ten="30,2000,0" yaku="15,1,54,1" doraHai="106" who="2" fromWho="0" sc="424,-23,247,0,108,33,211,0" /><INIT seed="5,0,0,3,4,123" ten="401,247,141,211" oya="1" hai0="30,98,79,103,50,67,130,75,96,120,41,83,54" hai1="57,131,77,13,9,51,125,132,20,89,73,71,43" hai2="108,86,80,14,116,72,26,15,118,119,74,49,82" hai3="135,133,110,31,112,129,17,70,24,113,53,106,127"/><U95/><E71/><V78/><F26/><W124/><G106/><T92/><D130/><U38/><E38/><V102/><F102/><W91/><G70/><T55/><D67/><U18/><E131/><V42/><F74/><W128/><G91/><T11/><D30/><U21/><E125/><N who="3" m="48202" /><G53/><T2/><D120/><U3/><E132/><N who="3" m="50762" /><G17/><T33/><D55/><N who="1" m="31999" /><E3/><V100/><F100/><W94/><G94/><T84/><D41/><U35/><E35/><V22/><F22/><N who="1" m="8809" /><E73/><V56/><F108/><W29/><G110/><T63/><D33/><U48/><E77/><V97/><F97/><W39/><G39/><T8/><D98/><N who="1" m="57711" /><E48/><V81/><F81/><W0/><G0/><T23/><D2/><U27/><E27/><V7/><F7/><W1/><G1/><T87/><D83/><U99/><E43/><V64/><F42/><W111/><G111/><T104/><D104/><U76/><E76/><V34/><F34/><N who="3" m="20775" /><G31/><T46/><D79/><U44/><E99/><V19/><F19/><W10/><G10/><T85/><D8/><U5/><E44/><V121/><F121/><W115/><AGARI ba="0,0" hai="112,113,115,128,129" m="20775,50762,48202" machi="115" ten="40,16000,3" yaku="30,2,15,1,18,1,20,1,23,1,34,2" doraHai="123" who="3" fromWho="3" sc="401,-40,247,-80,141,-40,211,160" /><INIT seed="6,0,0,4,1,129" ten="361,167,101,371" oya="2" hai0="40,68,86,1,32,21,123,2,43,99,33,91,69" hai1="61,38,93,100,128,98,54,48,37,3,82,18,108" hai2="101,64,126,85,24,132,84,42,109,25,116,75,120" hai3="133,51,87,135,62,53,29,121,57,59,50,90,118"/><V74/><F116/><W5/><G118/><T114/><D123/><U111/><E3/><V26/><F120/><W106/><G121/><T124/><D99/><U95/><E111/><V55/><F109/><W77/><G106/><T58/><D114/><U44/><E108/><V22/><F42/><W122/><G122/><T15/><D58/><N who="1" m="35031" /><E38/><V131/><F131/><W97/><G5/><T92/><D1/><U46/><E37/><V36/><F36/><W110/><G110/><T0/><D2/><U66/><E128/><V134/><F22/><W23/><G77/><T30/><D0/><U88/><E66/><V27/><F101/><W45/><G97/><T67/><D32/><U94/><E18/><V63/><F55/><W49/><G23/><T65/><D33/><U70/><E70/><N who="2" m="42271" /><F126/><W35/><G29/><T79/><D124/><U125/><E125/><V34/><N who="2" m="6656" /><DORA hai="16" /><V7/><F7/><W17/><G17/><T113/><D65/><U56/><E56/><V105/><F105/><W72/><G35/><T6/><D67/><U39/><E39/><V47/><F47/><N who="1" m="17961" /><E48/><V8/><F8/><W19/><G19/><T127/><D127/><U96/><E100/><V119/><F119/><W31/><G31/><T89/><D30/><U115/><E115/><V4/><F4/><W60/><G53/><T83/><D6/><U117/><E117/><V73/><F34/><W10/><G45/><T130/><D130/><U14/><E14/><V71/><F71/><W13/><G10/><T78/><D15/><U28/><E28/><V104/><F104/><W20/><G13/><RYUUKYOKU ba="0,0" sc="361,-15,167,15,101,15,371,-15" hai1="82,88,93,94,95,96,98" hai2="73,74,75,84,85,132,134" /><INIT seed="6,1,0,2,5,43" ten="346,182,116,356" oya="2" hai0="0,98,7,80,28,70,6,63,61,27,76,52,12" hai1="32,44,77,67,40,134,78,69,20,30,16,31,126" hai2="116,84,18,5,57,65,10,87,104,1,49,130,94" hai3="121,132,81,79,23,113,107,93,37,15,46,33,29"/><V9/><F104/><W91/><G121/><T75/><D0/><U58/><E69/><V64/><F116/><W13/><G113/><T101/><D63/><N who="1" m="38391" /><E32/><V82/><F130/><W97/><G132/><T111/><D12/><N who="1" m="9223" /><E126/><V26/><F94/><W11/><G107/><T34/><D111/><U8/><E134/><V50/><F82/><W21/><G33/><T48/><D61/><U105/><E105/><V3/><F57/><W36/><G15/><T129/><D70/><U17/><E17/><V25/><REACH who="2" step="1"/><F18/><REACH who="2" ten="346,182,106,356" step="2"/><W60/><G81/><T74/><D129/><U39/><E78/><V42/><F42/><W35/><G79/><T56/><D75/><U71/><E77/><V54/><F54/><W100/><G93/><AGARI ba="1,1" hai="6,7,27,28,34,48,52,56,74,76,80,93,98,101" machi="93" ten="30,2000,0" yaku="7,1,54,1" doraHai="43" who="0" fromWho="3" sc="346,33,182,0,106,0,356,-23" /><INIT seed="7,0,0,3,2,98" ten="379,182,106,333" oya="3" hai0="134,6,17,35,93,71,120,14,129,22,68,104,57" hai1="18,111,54,49,119,78,60,85,10,115,27,108,88" hai2="46,105,70,87,130,23,89,36,59,76,116,52,91" hai3="13,94,109,48,47,29,131,124,31,66,75,135,11"/><W118/><G118/><T83/><D35/><U19/><E119/><V81/><F70/><W44/><G135/><T110/><D110/><U65/><E78/><V121/><F116/><W41/><G131/><T26/><D104/><U97/><E115/><V67/><F130/><W127/><G109/><T39/><D39/><U32/><E97/><V132/><F121/><W5/><G75/><T99/><D120/><U58/><E18/><V102/><F132/><W73/><G73/><T56/><D134/><U90/><E90/><V64/><F23/><W100/><G47/><T38/><D38/><U15/><E27/><V51/><F67/><W82/><G82/><T9/><D129/><U21/><E32/><V84/><F84/><W40/><G40/><T61/><D57/><U4/><E4/><V106/><F106/><W34/><G66/><T33/><D33/><U128/><E128/><V25/><F25/><W43/><G43/><T1/><D83/><U30/><E30/><V45/><F45/><W50/><G50/><T107/><D107/><U63/><E63/><V72/><F72/><W2/><G2/><T12/><D1/><U86/><E86/><V95/><F105/><W80/><G80/><T42/><D26/><U101/><E111/><V24/><F24/><W133/><G133/><T113/><D113/><U28/><E21/><V77/><F77/><W8/><G8/><T96/><D93/><U3/><E10/><V20/><F20/><W55/><G41/><T123/><D42/><U122/><E122/><V103/><F36/><W112/><G112/><T92/><D123/><RYUUKYOKU ba="0,0" sc="379,0,182,0,106,0,333,0" owari="379,48.0,182,-22.0,106,-39.0,333,13.0" /></mjloggm>