<mjloggm ver="2.3"><GO type="97" lobby="0"/><UN n0="%69%6A%69%67%65%6E" n1="%E3%82%A6%E3%83%AB%E3%83%88%E3%83%A9%E7%AB%8B%E7%9B%B4" n2="%6C%61%67%61%76%75%6C%69" n3="%E3%82%84%E3%82%8C%E3%81%B0%E3%81%A7%E3%81%8D%E3%82%8B" dan="15,14,13,14" rate="2039.31,1936.94,1812.60,1865.64" sx="M,M,M,M"/><TAIKYOKU oya="0"/><INIT seed="0,0,0,4,2,79" ten="250,250,250,250" oya="0" hai0="96,64,14,126,117,8,5,70,39,29,36,80,86" hai1="38,9,28,58,92,30,49,21,99,119,48,20,73" hai2="53,56,60,50,122,131,68,113,51,127,129,125,106" hai3="101,42,130,114,97,95,90,43,23,46,75,35,110"/><T91/><D117/><U44/><E38/><V47/><F106/><W27/><G114/><T72/><D126/><N who="2" m="48138" /><F113/><W94/><G35/><T0/><D29/><N who="1" m="11371" /><E73/><V34/><F34/><W10/><G75/><T112/><D112/><U17/><E119/><V61/><F122/><W6/><G110/><T66/><D66/><U133/><E133/><V83/><F83/><W124/><G130/><N who="2" m="49673" /><F68/><W74/><G74/><T11/><D72/><U37/><E37/><V15/><F15/><N who="3" m="5591" /><G46/><T76/><D70/><U59/><E9/><V57/><F47/><W32/><G32/><T87/><D64/><AGARI ba="0,0" hai="50,51,53,56,57,60,61,64" m="49673,48138" machi="64" ten="30,7700,0" yaku="18,1,19,1,34,2" doraHai="79" who="2" fromWho="0" sc="250,-77,250,0,250,77,250,0" /><INIT seed="1,0,0,0,1,129" ten="173,250,327,250" oya="1" hai0="1,94,26,29,59,120,113,76,117,32,112,10,62" hai1="56,67,77,54,98,134,0,106,4,78,90,92,48" hai2="17,121,100,37,93,61,40,124,25,97,3,75,68" hai3="14,82,38,51,47,45,110,119,85,133,69,130,127"/><U23/><E106/><V11/><F121/><W41/><G130/><T49/><D120/><U64/><E0/><V114/><F114/><W6/><G110/><T72/><D117/><U118/><E118/><V111/><F111/><W95/><G119/><T125/><D125/><U5/><E134/><V109/><F124/><W30/><G127/><T71/><D71/><U84/><E23/><V57/><F109/><W13/><G69/><T86/><D72/><U74/><E74/><V34/><F68/><W81/><G133/><T116/><D116/><U22/><E22/><V52/><F75/><W58/><G30/><T27/><D27/><U73/><E73/><V39/><F40/><W105/><G105/><T126/><D126/><U96/><E96/><V33/><F33/><W107/><G107/><T70/><D70/><U24/><E24/><V44/><F44/><W108/><G108/><T65/><D49/><U83/><REACH who="1" step="1"/><E78/><REACH who="1" ten="173,240,327,250" step="2"/><V102/><F34/><W20/><G20/><T122/><D122/><U7/><AGARI ba="0,1" hai="4,5,7,48,54,56,64,67,77,83,84,90,92,98" machi="7" ten="30,11700,0" yaku="1,1,2,1,0,1,8,1,53,0" doraHai="129" doraHaiUra="42" who="1" fromWho="1" sc="173,-39,240,127,327,-39,250,-39" /><INIT seed="1,1,0,0,0,43" ten="134,367,288,211" oya="1" hai0="12,90,14,116,122,13,81,4,38,95,58,55,27" hai1="60,87,40,19,53,32,66,86,51,16,26,84,130" hai2="99,65,61,6,21,30,113,9,132,104,42,107,1" hai3="71,62,134,67,49,115,101,36,83,76,92,34,31"/><U35/><E35/><V63/><F113/><W126/><G115/><T70/><D116/><U52/><E130/><V29/><F132/><W48/><G36/><T82/><D70/><U89/><E32/><V74/><F74/><W47/><G134/><T97/><D38/><U22/><E19/><V79/><F79/><W118/><G126/><T64/><D64/><U103/><E103/><V45/><F63/><W37/><G118/><T110/><D122/><U124/><E124/><V114/><F114/><W15/><G15/><T8/><D110/><U131/><E131/><V56/><F30/><W127/><G127/><T94/><D94/><U11/><E11/><V135/><F135/><W18/><G18/><T57/><D57/><N who="1" m="37135" /><E40/><V39/><F99/><W121/><G121/><T25/><D27/><U125/><E125/><V77/><F77/><W2/><G2/><T69/><D69/><U93/><E53/><V33/><F33/><W88/><G101/><T59/><D59/><AGARI ba="1,0" hai="16,22,26,51,52,59,84,86,87,89,93" m="37135" machi="59" ten="30,5800,0" yaku="8,1,54,2" doraHai="43" who="1" fromWho="0" sc="134,-61,367,61,288,0,211,0" /><INIT seed="1,2,0,1,4,114" ten="73,428,288,211" oya="1" hai0="109,36,117,116,7,35,135,119,86,87,18,88,65" hai1="53,118,55,9,62,4,113,54,6,126,48,127,5" hai2="17,100,85,51,56,0,24,112,108,43,104,71,30" hai3="3,12,23,52,39,101,47,63,1,67,110,134,46"/><U96/><E113/><V97/><F112/><W49/><G110/><T78/><D36/><U13/><E62/><V75/><F71/><W102/><G134/><T72/><D65/><U22/><E118/><V131/><F75/><W99/><G39/><T128/><D35/><U77/><E77/><V16/><F108/><W26/><G46/><T60/><D109/><U120/><E120/><V83/><F0/><W27/><G12/><T32/><D7/><U40/><E22/><V28/><F131/><W124/><G124/><N who="1" m="47658" /><E96/><V107/><F107/><W33/><G33/><T95/><D60/><U57/><E40/><V41/><F41/><W89/><G89/><T50/><D50/><N who="1" m="30903" /><E55/><V111/><F111/><W115/><G27/><T59/><D59/><AGARI ba="2,0" hai="4,5,6,9,13,48,54,59" m="30903,47658" machi="59" ten="30,1500,0" yaku="18,1" doraHai="114" who="1" fromWho="0" sc="73,-21,428,21,288,0,211,0" /><INIT seed="1,3,0,3,2,116" ten="52,449,288,211" oya="1" hai0="134,3,77,49,115,132,25,84,101,61,18,124,13" hai1="70,60,19,40,64,15,75,78,125,17,52,12,53" hai2="131,76,0,55,2,129,63,57,106,69,68,5,39" hai3="113,48,30,89,24,38,88,90,130,56,45,118,31"/><U27/><E125/><V1/><F106/><W47/><G113/><T26/><D115/><U122/><E122/><V83/><F39/><W44/><G118/><T128/><D124/><U87/><E75/><V51/><F5/><W81/><G38/><T71/><D128/><N who="2" m="49226" /><F63/><W10/><G130/><T58/><D3/><N who="2" m="770" /><V28/><DORA hai="102" /><F28/><W94/><G81/><T105/><D71/><U34/><E40/><V97/><F97/><W6/><G94/><T65/><D49/><U23/><E34/><V108/><F108/><W43/><G56/><T86/><D84/><AGARI ba="3,0" hai="51,55,57,68,69,76,83,84" m="770,49226" machi="84" ten="40,1300,0" yaku="19,1" doraHai="116,102" who="2" fromWho="0" sc="52,-22,449,0,288,22,211,0" /><INIT seed="2,0,0,3,2,98" ten="30,449,310,211" oya="2" hai0="92,41,2,132,81,20,36,126,135,34,32,106,14" hai1="47,72,108,9,13,42,80,125,76,46,24,89,79" hai2="21,60,40,7,121,123,56,119,96,91,66,107,110" hai3="0,130,99,102,69,112,26,5,11,65,58,15,52"/><V17/><F119/><W115/><G130/><T86/><D2/><U49/><E108/><V131/><F131/><W122/><G122/><T67/><D106/><U31/><E125/><V95/><F110/><W127/><G127/><T48/><D126/><U113/><E113/><N who="3" m="43594" /><G0/><T53/><D67/><U3/><E3/><V12/><F7/><W93/><G65/><T63/><D63/><U129/><E129/><V78/><F78/><W16/><G26/><T124/><D124/><U73/><E89/><V109/><F109/><W120/><G69/><T62/><D62/><U10/><E47/><V97/><F40/><W105/><G120/><T39/><D39/><U128/><E128/><V29/><F29/><W22/><G22/><T35/><D36/><U64/><E64/><V101/><AGARI ba="0,0" hai="12,17,21,56,60,66,91,95,96,97,101,107,121,123" machi="101" ten="30,3000,0" yaku="0,1,52,1" doraHai="98" who="2" fromWho="2" sc="30,-10,449,-10,310,30,211,-10" /><INIT seed="2,1,0,1,1,68" ten="20,439,340,201" oya="2" hai0="102,16,122,94,83,84,130,124,20,47,21,80,58" hai1="90,123,41,46,64,75,5,1,89,72,61,97,49" hai2="91,71,121,105,78,14,119,37,2,23,6,129,113" hai3="12,63,55,27,66,86,19,4,133,45,50,77,62"/><V93/><F113/><W32/><G32/><T74/><D122/><U85/><E123/><V13/><F105/><W60/><G133/><T73/><D124/><U87/><E1/><V31/><F121/><W30/><G4/><T100/><D130/><U67/><E5/><V44/><F119/><W101/><G101/><T28/><D28/><U69/><E97/><V128/><F71/><W38/><G38/><T120/><D120/><U115/><E115/><V53/><F78/><W112/><G112/><T10/><D47/><U40/><E40/><V125/><F125/><W109/><G109/><T117/><D117/><U26/><E26/><V39/><F2/><W88/><G27/><T7/><D7/><U54/><E67/><V127/><F127/><W118/><G77/><T110/><D110/><U134/><E134/><V70/><F70/><W131/><G30/><T33/><D33/><U48/><E87/><V116/><F116/><W24/><G24/><T99/><D74/><U3/><E3/><V96/><F31/><W56/><G131/><N who="2" m="50249" /><F23/><N who="3" m="11751" /><G118/><T8/><D73/><U57/><E89/><V25/><F25/><W81/><AGARI ba="1,0" hai="45,50,55,56,60,62,63,66,81,86,88" m="11751" machi="81" ten="30,2000,0" yaku="8,1,54,1" doraHai="68" who="3" fromWho="3" sc="20,-6,439,-6,340,-11,201,23" /><INIT seed="3,0,0,5,2,127" ten="14,433,329,224" oya="3" hai0="115,123,25,119,3,27,61,44,65,36,98,59,126" hai1="118,4,37,103,82,7,8,109,6,130,24,78,47" hai2="57,42,89,56,93,79,73,18,32,90,110,53,99" hai3="22,45,124,83,10,76,133,5,121,38,72,102,69"/><W74/><G121/><T14/><D119/><U88/><E88/><V111/><F32/><W55/><G69/><T68/><D123/><U100/><E24/><V101/><F42/><W85/><G124/><T0/><D126/><U30/><E30/><V26/><F73/><W125/><G125/><T81/><D115/><U19/><E19/><V52/><F79/><W40/><G133/><T87/><D98/><U134/><E7/><V97/><F111/><W70/><G70/><T117/><D117/><U67/><E6/><V94/><F110/><W34/><G34/><T66/><D66/><U17/><E17/><V15/><F26/><W43/><G102/><T120/><D120/><U48/><E67/><V84/><F101/><W31/><G43/><T20/><D27/><U108/><E103/><V128/><F128/><W51/><G22/><T77/><D14/><N who="1" m="5383" /><E100/><V116/><F116/><W113/><G31/><T1/><D68/><U39/><E130/><V58/><F99/><W11/><G113/><T2/><N who="0" m="512" /><DORA hai="131" /><T12/><D12/><U106/><E106/><V114/><REACH who="2" step="1"/><F114/><REACH who="2" ten="14,433,319,224" step="2"/><W49/><G38/><T21/><REACH who="0" step="1"/><D25/><REACH who="0" ten="4,433,319,224" step="2"/><U86/><E109/><V35/><F35/><W64/><G64/><T122/><D122/><U75/><E108/><V129/><F129/><W96/><G96/><T62/><D62/><U23/><E118/><V54/><F54/><W105/><G55/><T104/><D104/><U107/><E107/><V80/><F80/><W95/><G105/><T92/><D92/><U112/><E82/><V28/><F28/><W13/><G95/><T29/><D29/><RYUUKYOKU ba="0,2" sc="4,15,433,-15,319,15,224,-15" hai0="20,21,36,44,59,61,65,77,81,87" hai2="15,18,52,53,56,57,58,84,89,90,93,94,97" owari="19,-48.0,438,54.0,334,13.0,209,-19.0" /></mjloggm>