<mjloggm ver="2.3"><GO type="97" lobby="0"/><UN n0="%E3%83%AA%E3%83%BC%E6%A3%92%E7%8B%99%E3%81%84" n1="%E3%82%A2%E3%83%AB%E3%83%9E%E3%82%B8%E3%83%AD%E3%81%AE%E5%A4%96%E5%A5%97" n2="%E5%B0%B1%E6%B4%BB%E7%94%9F%40%E5%B7%9D%E6%9D%91%E8%BB%8D%E5%9B%A3" n3="%E5%8C%97%E6%B0%B7" dan="14,15,13,13" rate="1937.56,2010.92,1880.82,1855.04" sx="M,M,M,M"/><TAIKYOKU oya="0"/><INIT seed="0,0,0,1,3,9" ten="250,250,250,250" oya="0" hai0="119,83,103,97,67,49,118,17,69,8,80,127,46" hai1="89,75,4,28,91,94,88,76,45,32,98,5,132" hai2="92,18,34,23,95,51,85,27,61,39,44,1,64" hai3="133,56,87,29,3,16,15,60,110,93,63,126,35"/><T109/><D127/><U48/><E132/><V30/><F39/><W135/><G3/><T131/><D131/><U31/><E75/><V38/><F1/><W41/><G126/><T102/><D119/><U116/><E76/><V101/><F38/><W59/><G110/><T40/><D118/><U105/><E105/><V73/><F73/><W65/><G41/><T124/><D124/><U106/><E106/><V122/><F122/><W120/><G120/><T111/><D69/><U54/><E116/><V11/><F101/><W42/><G42/><T130/><D130/><U33/><E33/><V21/><F11/><N who="3" m="6271" /><G35/><T70/><D70/><U14/><E32/><V12/><F85/><W72/><G72/><T78/><D67/><U57/><E45/><V117/><F117/><W125/><G125/><T77/><D8/><N who="1" m="4359" /><E5/><V55/><REACH who="2" step="1"/><F34/><REACH who="2" ten="250,250,240,250" step="2"/><W47/><G87/><N who="0" m="48527" /><D102/><AGARI ba="0,1" hai="28,31,48,54,57,88,89,91,94,98,102" m="4359" machi="102" ten="30,3900,0" yaku="8,1,52,1,54,1" doraHai="9" who="1" fromWho="0" sc="250,-39,250,49,240,0,250,0" /><INIT seed="1,0,0,3,4,76" ten="211,299,240,250" oya="1" hai0="12,69,39,50,55,66,78,32,127,23,107,96,46" hai1="58,97,49,57,101,40,125,105,43,7,134,110,37" hai2="75,88,132,92,45,106,89,104,71,26,90,113,111" hai3="10,128,21,19,27,0,118,9,109,31,68,67,11"/><U54/><E125/><V135/><F71/><W65/><G68/><T20/><D127/><U93/><E134/><N who="2" m="51243" /><F26/><W42/><G42/><T51/><D32/><U24/><E110/><V133/><N who="2" m="51251" /><V28/><DORA hai="122" /><F28/><W94/><G94/><T18/><D39/><U59/><E37/><V102/><F45/><W124/><G124/><T123/><D123/><U119/><E119/><V85/><F113/><W16/><G65/><T112/><D112/><U91/><E7/><V131/><F131/><W60/><G128/><T84/><D107/><N who="2" m="41002" /><F75/><W35/><G67/><T126/><D126/><U2/><E2/><V13/><F13/><N who="3" m="7215" /><G60/><T41/><D69/><U52/><E24/><V36/><F36/><W44/><G44/><N who="0" m="28103" /><D66/><U14/><E14/><V115/><F115/><W17/><G118/><T80/><D96/><U82/><E105/><V73/><F73/><W48/><G48/><T100/><D100/><U47/><E43/><V116/><F116/><W114/><G114/><T129/><D129/><U56/><E56/><V64/><F64/><W77/><G77/><T87/><D87/><AGARI ba="0,0" hai="40,47,49,52,54,57,58,59,82,87,91,93,97,101" machi="87" ten="40,7700,0" yaku="8,1,52,1,54,1" doraHai="76,122" who="1" fromWho="0" sc="211,-77,299,77,240,0,250,0" /><INIT seed="1,1,0,2,5,42" ten="134,376,240,250" oya="1" hai0="113,92,40,72,110,77,117,57,109,18,31,98,85" hai1="82,101,88,0,66,38,116,2,128,84,56,36,5" hai2="3,93,43,124,75,86,125,131,20,48,135,59,21" hai3="33,15,120,10,22,1,111,64,24,44,115,67,83"/><U51/><E116/><V79/><F3/><W81/><G120/><T107/><D117/><U65/><E0/><V99/><F75/><W71/><G115/><T108/><D40/><U90/><E128/><V13/><F131/><W134/><G111/><T97/><D31/><U133/><E133/><V34/><F34/><W69/><G134/><T27/><D113/><U114/><E114/><V54/><F135/><W32/><G1/><T35/><D35/><N who="3" m="13385" /><G10/><T119/><D119/><U78/><E38/><V80/><F43/><W50/><G15/><T16/><D57/><U52/><E36/><V55/><F55/><W121/><G121/><T89/><D27/><U29/><E29/><V100/><REACH who="2" step="1"/><F13/><REACH who="2" ten="134,376,230,250" step="2"/><W7/><G24/><T102/><REACH who="0" step="1"/><D98/><REACH who="0" ten="124,376,230,250" step="2"/><U23/><E52/><V4/><F4/><W126/><G126/><AGARI ba="1,2" hai="20,21,48,54,59,79,80,86,93,99,100,124,125,126" machi="126" ten="40,2600,0" yaku="1,1,18,1,53,0" doraHai="42" doraHaiUra="61" who="2" fromWho="3" sc="124,0,376,0,230,49,250,-29" /><INIT seed="2,0,0,0,3,37" ten="124,376,279,221" oya="2" hai0="114,41,23,84,66,45,72,128,18,13,121,59,60" hai1="56,125,73,68,76,32,109,123,36,122,116,17,46" hai2="78,34,107,88,96,75,104,61,2,21,26,8,35" hai3="124,12,67,100,27,103,22,3,11,49,93,106,115"/><V0/><F75/><W87/><G124/><T133/><D121/><U85/><E68/><V135/><F78/><W101/><G3/><T55/><D114/><U117/><E32/><V77/><F77/><W9/><G115/><T92/><D133/><U42/><E73/><V63/><F135/><W99/><G67/><T80/><D128/><U86/><E125/><V74/><F74/><W1/><G1/><T131/><D131/><U105/><E105/><V14/><F35/><W120/><G120/><N who="1" m="46122" /><E109/><V4/><F34/><W47/><G87/><N who="1" m="33290" /><E76/><V28/><F0/><W16/><G106/><T81/><D72/><U24/><E56/><V30/><F2/><W112/><G112/><T50/><D92/><U57/><E57/><V38/><F38/><W52/><G9/><T97/><D97/><U132/><E132/><V64/><F61/><W90/><REACH who="3" step="1"/><G103/><REACH who="3" ten="124,376,279,211" step="2"/><T79/><REACH who="0" step="1"/><D81/><REACH who="0" ten="114,376,279,211" step="2"/><U10/><E117/><V134/><F134/><W94/><G94/><T33/><D33/><U25/><E116/><V6/><F107/><W51/><G51/><T54/><AGARI ba="0,2" hai="13,18,23,41,45,50,54,55,59,60,66,79,80,84" machi="54" ten="30,8000,1" yaku="1,1,0,1,8,1,52,1,53,1" doraHai="37" doraHaiUra="15" who="0" fromWho="0" sc="114,100,376,-20,279,-40,211,-20" /><INIT seed="3,0,0,1,4,40" ten="214,356,239,191" oya="3" hai0="56,87,91,125,100,119,46,20,57,34,6,16,86" hai1="18,64,7,103,36,48,106,96,38,110,11,77,73" hai2="13,99,124,83,68,9,51,97,135,4,134,37,71" hai3="52,58,102,14,118,10,2,8,66,67,44,113,78"/><W131/><G113/><T54/><D119/><U53/><E64/><V95/><F37/><W88/><G118/><T0/><D34/><U29/><E29/><V32/><F32/><W24/><G131/><T19/><D125/><U122/><E122/><V76/><F124/><W15/><G102/><T111/><D111/><U65/><E110/><V84/><F51/><N who="3" m="28775" /><G2/><T109/><D109/><U121/><E121/><V61/><F97/><W22/><G78/><T117/><D117/><U101/><E101/><V79/><F79/><W112/><G112/><T42/><D0/><U80/><E65/><N who="3" m="24586" /><G58/><N who="0" m="22635" /><D6/><U39/><E18/><N who="0" m="6697" /><D20/><U132/><E39/><V116/><F61/><W94/><G10/><T89/><D42/><U25/><E11/><V43/><F43/><W74/><G74/><T104/><D104/><U81/><E38/><V130/><F130/><W85/><G8/><T55/><D100/><U133/><E36/><V28/><F116/><W92/><G92/><T127/><D86/><U31/><E73/><V23/><F71/><W41/><G41/><T69/><D127/><U90/><E106/><V63/><F68/><W62/><G62/><T98/><D69/><U72/><E72/><V114/><F63/><W1/><G1/><T45/><D98/><U30/><E96/><V129/><F129/><W26/><G26/><T107/><D107/><U33/><E33/><V60/><F60/><W47/><G47/><N who="0" m="17931" /><D89/><U12/><E90/><N who="2" m="55799" /><F114/><W82/><G94/><AGARI ba="0,0" hai="54,55,87,91,94" m="17931,6697,22635" machi="94" ten="30,8000,1" yaku="8,1,52,3,54,1" doraHai="40" who="0" fromWho="3" sc="214,80,356,0,239,0,191,-80" owari="294,9.0,356,46.0,239,-16.0,111,-39.0" /></mjloggm>