<mjloggm ver="2.3"><GO type="97" lobby="0"/><UN n0="%E5%B0%B1%E6%B4%BB%E7%94%9F%40%E5%B7%9D%E6%9D%91%E8%BB%8D%E5%9B%A3" n1="%46%72%69%63%74%69%6F%6E" n2="%E4%B8%96%E3%82%92%E7%9B%B4%E3%81%99%E8%80%85" n3="%E5%B1%B1%E5%BD%A2%E3%81%A7%E8%BF%B7%E5%AD%90" dan="14,16,15,15" rate="1952.99,2012.13,1888.95,1974.46" sx="M,M,M,M"/><TAIKYOKU oya="0"/><INIT seed="0,0,0,2,1,6" ten="250,250,250,250" oya="0" hai0="38,72,32,17,73,108,119,71,120,57,4,129,1" hai1="111,130,89,13,15,41,8,125,46,68,80,18,106" hai2="25,14,42,122,19,48,103,54,133,128,95,44,24" hai3="100,65,81,39,86,20,66,52,31,82,90,113,91"/><T59/><RYUUKYOKU type="yao9" ba="0,0" sc="250,0,250,0,250,0,250,0" hai0="1,4,17,32,38,57,59,71,72,73,108,119,120,129" /><INIT seed="0,1,0,4,5,74" ten="250,250,250,250" oya="0" hai0="54,112,75,122,98,78,113,118,61,100,34,93,43" hai1="53,104,120,132,90,85,73,39,88,44,86,82,16" hai2="129,57,56,29,40,80,102,46,28,7,81,3,83" hai3="6,67,95,103,134,11,109,76,123,84,0,108,71"/><T63/><D34/><U35/><E35/><V32/><F129/><W133/><G123/><T2/><D122/><U125/><E120/><V12/><F3/><W116/><G116/><T111/><D118/><U117/><E117/><V106/><F102/><W91/><G103/><T23/><D2/><U110/><E73/><V58/><F106/><W101/><G101/><T62/><D111/><N who="3" m="42569" /><G67/><T69/><D69/><U15/><E104/><V68/><F68/><W21/><G21/><T130/><D130/><U19/><E110/><V55/><F32/><W72/><G71/><T126/><D126/><U52/><E125/><V13/><F55/><W20/><G20/><T33/><D33/><U135/><E39/><V49/><REACH who="2" step="1"/><F7/><REACH who="2" ten="250,250,240,250" step="2"/><W47/><G134/><N who="1" m="51242" /><E44/><V37/><F37/><W10/><G47/><T38/><D38/><U4/><E4/><V131/><F131/><W94/><G6/><T127/><D127/><U79/><E53/><V1/><F1/><W42/><G0/><T96/><D113/><U24/><E52/><V114/><F114/><W121/><G133/><T105/><D112/><U66/><E66/><V89/><F89/><N who="3" m="53543" /><G121/><T5/><D5/><U92/><E90/><V60/><F60/><W25/><G42/><T59/><D43/><U107/><E107/><V87/><F87/><W22/><G91/><T97/><D105/><U9/><E24/><V41/><F41/><W36/><G36/><T14/><D100/><U18/><AGARI ba="1,1" hai="9,15,16,18,19,79,82,85,86,88,92" m="51242" machi="18" ten="30,7900,0" yaku="20,1,52,1,54,2" doraHai="74" who="1" fromWho="1" sc="250,-40,250,92,240,-21,250,-21" /><INIT seed="1,0,0,5,3,120" ten="210,342,219,229" oya="1" hai0="37,56,133,90,12,68,66,126,39,3,28,105,55" hai1="96,98,22,113,26,54,4,86,67,108,13,127,112" hai2="23,130,63,104,53,114,106,84,20,74,1,97,89" hai3="38,99,115,48,135,59,9,109,103,16,71,132,85"/><U77/><E67/><V25/><F74/><W47/><G71/><T69/><D3/><U5/><E127/><V128/><F1/><W42/><G115/><T107/><D126/><U11/><E4/><V60/><F114/><W123/><G123/><T94/><D133/><N who="3" m="51273" /><G85/><T73/><D73/><U10/><E10/><V121/><F121/><W14/><G59/><T95/><D28/><U52/><E108/><V15/><F15/><W70/><G70/><T2/><D2/><U35/><E35/><V40/><F40/><W131/><G131/><N who="2" m="50217" /><F23/><W57/><G57/><T134/><D134/><U88/><E77/><V32/><F32/><W72/><G72/><T21/><D68/><U76/><E76/><V125/><F125/><W124/><G124/><T7/><D69/><U81/><E113/><V111/><F111/><W110/><G38/><T61/><D105/><AGARI ba="0,0" hai="9,14,16,42,47,48,99,103,105,109,110" m="51273" machi="105" ten="30,7700,0" yaku="20,1,52,2,54,1" doraHai="120" who="3" fromWho="0" sc="210,-77,342,0,219,0,229,77" /><INIT seed="2,0,0,1,4,96" ten="133,342,219,306" oya="2" hai0="71,2,54,93,106,126,101,61,117,51,35,50,59" hai1="22,131,68,81,8,38,27,83,36,70,107,34,111" hai2="94,87,7,134,102,57,12,95,122,52,42,77,21" hai3="85,99,100,37,72,39,29,92,23,65,47,127,30"/><V130/><F122/><W56/><G72/><T121/><D106/><U49/><E107/><V98/><F130/><W40/><G127/><T28/><D2/><U123/><E131/><V110/><F134/><W90/><G39/><T66/><D121/><U124/><E8/><N who="2" m="4127" /><F110/><W31/><G56/><T74/><D117/><U75/><E123/><V105/><F105/><W63/><G63/><T132/><D74/><U46/><E75/><V135/><F135/><W24/><REACH who="3" step="1"/><G65/><REACH who="3" ten="133,342,219,296" step="2"/><T64/><D132/><U78/><E124/><V113/><F113/><W5/><G5/><T86/><D126/><U97/><E38/><V11/><F11/><W15/><G15/><T108/><D64/><U58/><E36/><V62/><F62/><W33/><G33/><T55/><D108/><U17/><E34/><V67/><F67/><W1/><G1/><T44/><D35/><U19/><E58/><V80/><F57/><W104/><AGARI ba="0,1" hai="23,24,29,30,31,37,40,47,85,90,92,99,100,104" machi="104" ten="20,5200,0" yaku="1,1,0,1,7,1,52,1,53,0" doraHai="96" doraHaiUra="3" who="3" fromWho="3" sc="133,-13,342,-13,219,-26,296,62" /><INIT seed="3,0,0,4,1,52" ten="120,329,193,358" oya="3" hai0="66,48,30,5,125,18,26,11,34,96,107,1,105" hai1="77,12,118,98,42,41,109,65,23,134,117,128,119" hai2="24,120,17,72,87,99,46,70,133,43,111,83,71" hai3="91,2,75,59,132,95,89,67,92,116,37,88,57"/><W113/><G37/><T33/><D125/><U39/><E77/><V101/><F72/><W64/><G75/><T131/><D131/><U62/><E128/><V45/><F111/><W49/><G2/><T38/><D33/><U121/><E121/><V82/><F120/><W28/><G116/><N who="1" m="29698" /><U32/><DORA hai="130" /><E32/><V51/><F133/><W6/><G132/><T86/><D38/><U122/><E122/><V56/><F56/><N who="3" m="21579" /><G113/><T114/><D114/><U106/><E134/><V129/><F46/><W25/><G6/><T7/><D66/><N who="3" m="25129" /><G49/><T15/><D48/><U54/><E39/><V53/><F51/><W112/><G112/><T29/><D7/><U21/><E109/><V78/><F129/><W14/><G14/><T79/><D29/><U80/><E12/><V68/><F71/><W127/><G127/><T123/><D123/><U19/><E65/><V50/><F68/><W44/><G44/><T20/><REACH who="0" step="1"/><D96/><REACH who="0" ten="110,329,193,358" step="2"/><U108/><E98/><V47/><F99/><W9/><G28/><T93/><D93/><U4/><E4/><V115/><F115/><W36/><G95/><T104/><D104/><U76/><E106/><V8/><F50/><W135/><G92/><T22/><D22/><N who="1" m="8203" /><E19/><V61/><F17/><W40/><G36/><T100/><D100/><U58/><E108/><V102/><F101/><W124/><G135/><T3/><D3/><U110/><E110/><V60/><F102/><W85/><G124/><T10/><D10/><U16/><E16/><V35/><F8/><W0/><G9/><T69/><D69/><U94/><E94/><V63/><F70/><RYUUKYOKU ba="0,1" sc="110,15,329,15,193,-15,358,-15" hai0="1,5,11,15,18,20,26,30,34,79,86,105,107" hai1="41,42,54,58,62,76,80" owari="125,-37.0,354,45.0,178,-22.0,343,14.0" /></mjloggm>