<mjloggm ver="2.3"><GO type="97" lobby="0"/><UN n0="%E3%83%8C%E3%83%83%E3%82%AD%E3%83%BC%E3%83%8A" n1="%E3%81%A4%E3%82%93%E3%81%A8%E3%82%82%E7%94%9A%E5%85%AB" n2="%E3%81%86%E3%82%81%E3%82%A7" n3="%E3%82%A6%E3%83%AB%E3%83%88%E3%83%A9%E7%AB%8B%E7%9B%B4" dan="15,14,13,14" rate="1968.46,1947.50,1858.09,1955.64" sx="F,M,M,M"/><TAIKYOKU oya="0"/><INIT seed="0,0,0,1,2,6" ten="250,250,250,250" oya="0" hai0="56,33,127,84,50,72,10,119,7,135,53,1,45" hai1="75,80,15,117,111,87,126,107,90,41,12,70,63" hai2="42,34,47,77,14,89,82,99,2,76,29,62,86" hai3="123,120,24,25,104,131,113,59,44,27,115,88,60"/><T58/><D72/><U0/><E117/><V132/><F2/><W37/><G104/><T101/><D119/><U36/><E0/><V26/><F132/><W125/><G125/><T21/><D127/><U108/><E126/><V4/><F62/><W38/><G131/><T68/><D68/><U8/><E107/><V124/><F124/><W5/><G5/><T49/><D33/><U106/><E106/><V51/><REACH who="2" step="1"/><F99/><REACH who="2" ten="250,250,240,250" step="2"/><W116/><G116/><T11/><D135/><U46/><E63/><V32/><F32/><W69/><G115/><T54/><D1/><U39/><E111/><V128/><F128/><W48/><G113/><T13/><D45/><U17/><E108/><V35/><F35/><W114/><G114/><T105/><D105/><U23/><E46/><V133/><F133/><W95/><G44/><T19/><D101/><U22/><E39/><V110/><F110/><W66/><G38/><T67/><D67/><U92/><E36/><V65/><F65/><W121/><G37/><T112/><D112/><U102/><E102/><V129/><F129/><W93/><G48/><T91/><REACH who="0" step="1"/><D7/><REACH who="0" ten="240,250,240,250" step="2"/><U28/><E70/><V122/><F122/><W20/><G69/><T43/><D43/><U3/><E41/><V55/><F55/><W18/><G121/><T94/><AGARI ba="0,2" hai="10,11,13,19,21,49,50,53,54,56,58,84,91,94" machi="94" ten="20,24000,3" yaku="1,1,0,1,7,1,9,1,25,2,8,1,52,2,53,0" doraHai="6" doraHaiUra="103" who="0" fromWho="0" sc="240,260,250,-80,240,-80,250,-80" /><INIT seed="0,1,0,1,2,123" ten="500,170,160,170" oya="0" hai0="125,19,54,64,100,40,12,89,7,0,127,15,91" hai1="37,23,62,20,30,38,131,31,42,92,39,6,98" hai2="79,118,13,4,51,60,122,17,47,34,59,102,88" hai3="24,27,133,32,21,11,117,33,99,96,46,18,109"/><T111/><D64/><U52/><E131/><V36/><F122/><W5/><G117/><T120/><D120/><U2/><E42/><V124/><F34/><N who="3" m="13419" /><G46/><T63/><D40/><U58/><E2/><V73/><F36/><W67/><G99/><T87/><D0/><U9/><E23/><V81/><F102/><W53/><G53/><T135/><D100/><U94/><E94/><V65/><F4/><W110/><G67/><T22/><D135/><U26/><E30/><V121/><F121/><W41/><G96/><T35/><D35/><U80/><E80/><V50/><F124/><N who="0" m="47690" /><D54/><U56/><E56/><V70/><F70/><W43/><G43/><T14/><D63/><U16/><E31/><V90/><F118/><W68/><G41/><T1/><D1/><U130/><E130/><V106/><F106/><W72/><G72/><T107/><D107/><U49/><E49/><V74/><F74/><W61/><G61/><T82/><D89/><N who="1" m="55567" /><E6/><V10/><REACH who="2" step="1"/><F51/><REACH who="2" ten="500,170,150,170" step="2"/><W116/><G68/><T113/><D7/><U69/><E69/><V48/><F48/><W28/><G116/><T84/><D113/><U57/><E57/><V119/><F119/><W112/><G112/><T77/><D77/><U8/><AGARI ba="1,1" hai="8,9,16,20,26,37,38,39,52,58,62" m="55567" machi="8" ten="40,5200,0" yaku="25,1,54,2" doraHai="123" who="1" fromWho="1" sc="500,-27,170,65,150,-14,170,-14" /><INIT seed="1,0,0,3,0,121" ten="473,235,136,156" oya="1" hai0="64,58,19,80,63,14,61,116,106,68,21,43,101" hai1="36,22,54,134,133,29,27,90,25,74,37,26,51" hai2="24,110,31,109,129,13,67,48,92,40,33,3,85" hai3="59,100,2,73,88,9,69,115,47,46,111,103,71"/><U98/><E74/><V114/><F3/><W72/><G59/><T30/><D116/><U23/><E98/><V113/><F129/><W105/><G9/><T65/><D43/><U57/><E90/><N who="2" m="53327" /><F67/><W79/><G2/><T70/><D30/><U42/><E27/><V97/><F97/><W82/><G115/><N who="2" m="44041" /><F13/><W81/><G79/><T60/><D80/><U125/><E125/><V77/><F77/><W93/><G93/><T1/><D1/><U131/><E131/><V41/><F48/><W16/><G16/><T108/><D106/><U132/><REACH who="1" step="1"/><E42/><AGARI ba="0,0" hai="24,31,33,40,41,42,109,110" m="44041,53327" machi="42" ten="30,3900,0" yaku="11,1,52,2" doraHai="121" who="2" fromWho="1" sc="473,0,235,-39,136,39,156,0" /><INIT seed="2,0,0,5,5,115" ten="473,196,175,156" oya="2" hai0="8,17,40,6,135,23,75,45,36,81,18,46,59" hai1="102,80,42,11,113,48,32,119,35,1,112,98,68" hai2="117,41,99,105,7,134,5,86,3,131,71,93,29" hai3="28,79,62,107,14,88,70,132,31,55,12,9,30"/><V110/><F71/><W90/><G107/><T118/><D135/><U91/><E68/><V77/><F134/><W109/><G132/><T22/><D46/><U37/><E37/><V100/><F29/><W101/><G109/><T60/><D23/><U128/><E128/><V124/><F110/><W51/><G101/><T116/><D22/><U122/><E122/><V19/><F131/><W126/><G126/><T27/><D27/><U111/><E111/><V57/><F124/><W67/><G79/><N who="0" m="44287" /><D18/><U25/><E119/><V47/><F3/><W72/><G72/><T130/><D17/><U4/><E25/><V13/><F117/><W104/><G104/><T49/><D49/><U43/><E43/><V56/><F105/><W10/><G10/><T121/><D121/><U76/><E91/><V2/><F2/><W26/><G26/><T89/><D89/><U129/><E129/><V94/><F7/><W87/><G90/><T92/><D92/><U34/><E42/><V66/><F94/><W61/><G61/><T58/><D130/><U15/><E48/><N who="2" m="26735" /><F5/><W133/><G133/><T50/><D50/><U120/><E120/><V123/><F66/><W96/><G9/><T108/><D108/><U16/><E102/><V97/><F99/><W54/><G96/><T95/><D95/><U114/><E98/><V83/><F123/><W69/><G69/><T64/><D116/><U73/><E114/><V127/><F127/><W103/><G103/><T0/><D118/><U38/><E38/><V52/><F52/><N who="3" m="20011" /><G51/><T85/><D85/><U74/><E74/><V33/><F33/><RYUUKYOKU ba="0,0" sc="473,0,196,0,175,0,156,0" hai0="0,6,8,36,40,45,58,59,60,64" hai1="1,4,11,15,16,32,34,35,73,76,80,112,113" hai2="13,19,56,57,77,83,86,93,97,100" hai3="12,14,28,30,31,62,67,70,87,88" /><INIT seed="2,1,0,4,3,72" ten="473,196,175,156" oya="2" hai0="110,47,115,50,89,52,67,59,112,132,70,128,6" hai1="122,14,58,87,133,39,82,24,11,119,40,94,20" hai2="26,60,73,130,81,9,29,113,91,117,61,0,4" hai3="53,44,126,135,114,125,5,118,106,76,92,100,35"/><V48/><F117/><W97/><G35/><T84/><D110/><U2/><E119/><V108/><F113/><W99/><G118/><T85/><D132/><U74/><E133/><V86/><F108/><W56/><G135/><T131/><D6/><U111/><E111/><V22/><F130/><N who="0" m="49706" /><D70/><U93/><E2/><V63/><F48/><W69/><G69/><T80/><D85/><U134/><E74/><V55/><F55/><W28/><G114/><N who="0" m="43563" /><D67/><U13/><E134/><V8/><F8/><W51/><G28/><T75/><D75/><U109/><E109/><V79/><REACH who="2" step="1"/><F73/><REACH who="2" ten="473,196,165,156" step="2"/><W34/><G53/><T120/><D120/><U129/><E122/><V37/><F37/><W68/><G51/><T65/><D65/><U32/><E39/><V19/><F19/><W49/><G49/><T121/><D121/><U127/><E129/><V104/><F104/><W21/><G106/><T123/><D123/><U38/><E38/><V102/><F102/><W57/><G100/><T71/><D47/><U3/><E11/><V18/><F18/><W98/><G44/><T78/><D50/><U124/><E124/><V105/><F105/><W83/><G125/><T43/><D52/><U66/><E127/><V116/><F116/><W77/><G126/><T101/><D101/><U15/><E3/><V46/><F46/><W23/><G5/><T10/><D10/><U64/><E32/><V54/><F54/><W45/><G34/><T88/><D43/><U17/><E40/><V1/><F1/><W42/><G42/><T103/><D103/><U96/><E66/><V90/><AGARI ba="1,1" hai="0,4,9,22,26,29,60,61,63,79,81,86,90,91" machi="90" ten="30,12000,1" yaku="1,1,5,1,0,1,52,1,53,1" doraHai="72" doraHaiUra="25" who="2" fromWho="2" sc="473,-41,196,-41,165,133,156,-41" /><INIT seed="2,2,0,0,1,134" ten="432,155,298,115" oya="2" hai0="6,99,124,79,127,3,128,81,92,60,22,34,48" hai1="83,12,19,109,96,18,50,130,72,36,65,77,21" hai2="82,80,24,52,29,135,71,105,44,30,23,121,123" hai3="73,67,32,117,63,119,26,94,66,14,61,1,108"/><V64/><F105/><W2/><G73/><T90/><D34/><U95/><E36/><V8/><F71/><W43/><G94/><T116/><D128/><U100/><E130/><V28/><F64/><W57/><G43/><T118/><D60/><U120/><E109/><V16/><F135/><W87/><G87/><T0/><D22/><U133/><E133/><V78/><F8/><W5/><G14/><T129/><D48/><U27/><E120/><V97/><F97/><W25/><G108/><T4/><D129/><U33/><E33/><V107/><F107/><W13/><G13/><T115/><D115/><U111/><E111/><V75/><REACH who="2" step="1"/><F80/><REACH who="2" ten="432,155,288,115" step="2"/><W47/><G67/><T74/><D4/><U85/><E65/><V10/><F10/><W104/><G66/><T7/><D7/><U69/><E69/><V46/><F46/><W15/><G104/><T88/><D6/><U113/><E113/><V112/><F112/><W101/><G47/><T131/><D131/><U106/><E106/><V125/><F125/><N who="0" m="48202" /><D0/><U68/><E68/><V11/><F11/><W122/><G5/><T58/><D3/><U35/><E96/><V70/><F70/><W126/><G126/><T31/><D58/><U41/><E83/><V37/><F37/><W98/><G57/><T42/><D81/><U86/><E86/><V39/><F39/><W76/><G1/><T51/><D99/><U102/><E85/><V84/><F84/><W38/><G2/><T56/><D56/><U9/><E9/><V53/><F53/><W40/><G38/><T89/><D42/><U114/><E41/><RYUUKYOKU ba="2,1" sc="432,-10,155,-10,288,30,115,-10" hai2="16,23,24,28,29,30,44,52,75,78,82,121,123" /><INIT seed="2,3,1,2,2,45" ten="422,145,318,105" oya="2" hai0="82,12,102,0,8,133,66,75,128,10,109,25,69" hai1="11,24,97,4,3,111,20,40,103,22,38,52,73" hai2="98,60,39,30,31,6,49,2,100,26,13,135,27" hai3="93,71,59,88,14,116,124,15,64,127,117,62,130"/><V121/><F39/><W122/><G122/><T132/><D109/><U23/><E111/><V110/><F121/><W47/><G130/><T105/><D128/><U56/><E73/><V123/><F123/><W36/><G15/><T18/><D66/><U87/><E87/><V16/><F2/><W9/><G36/><T80/><D69/><U101/><E40/><V35/><F6/><W125/><G47/><T68/><D68/><U34/><E38/><V63/><F135/><N who="0" m="51786" /><D75/><U57/><E57/><V89/><F89/><W28/><G28/><T55/><D25/><U74/><E74/><V129/><F129/><W131/><G131/><T95/><D105/><U134/><E134/><V48/><F110/><W17/><REACH who="3" step="1"/><G71/><REACH who="3" ten="422,145,318,95" step="2"/><T7/><D0/><U83/><E83/><V33/><F31/><W32/><G32/><T104/><D80/><U70/><E70/><V79/><F33/><W43/><G43/><T108/><D82/><U96/><E34/><V85/><F30/><W51/><G51/><N who="2" m="19529" /><F35/><W92/><G92/><T114/><D95/><U118/><E24/><V50/><F27/><W107/><G107/><T120/><D108/><U90/><E3/><V84/><F26/><W5/><G5/><T21/><D120/><U65/><E4/><V54/><F54/><W72/><G72/><T61/><D7/><U77/><E52/><V113/><F13/><W76/><G76/><T112/><D8/><U53/><E11/><V78/><F79/><W42/><G42/><T67/><D10/><U119/><E77/><V58/><F78/><W99/><AGARI ba="3,2" hai="9,14,17,59,62,64,88,93,99,116,117,124,125,127" machi="99" ten="30,7900,0" yaku="1,1,0,1,18,1,54,1,53,0" doraHai="45" doraHaiUra="29" who="3" fromWho="3" sc="422,-23,145,-23,318,-42,95,108" /><INIT seed="3,0,0,4,2,5" ten="399,122,276,203" oya="3" hai0="10,94,31,13,23,82,49,75,119,65,130,9,67" hai1="42,7,34,108,28,84,69,35,58,56,127,60,95" hai2="3,90,78,32,59,114,50,125,68,74,43,99,104" hai3="27,135,88,41,8,44,25,30,107,98,47,96,109"/><W100/><G135/><T40/><D119/><U36/><E108/><V89/><F114/><W70/><G70/><T29/><D130/><U26/><E127/><V21/><F32/><W87/><G109/><T46/><D75/><U105/><E34/><V11/><F68/><W48/><G98/><T123/><D123/><U73/><E73/><V54/><F125/><W134/><G134/><T133/><D133/><U66/><E36/><V53/><F43/><W71/><G71/><T20/><D82/><U102/><E42/><V16/><F74/><W132/><G132/><T117/><D117/><U76/><E7/><V80/><F78/><W1/><G47/><T19/><D94/><U77/><E84/><V33/><F33/><W91/><G91/><T37/><D37/><U0/><E0/><V63/><F104/><W115/><G115/><T62/><D62/><U18/><E95/><V12/><F99/><W111/><G111/><T126/><D126/><U24/><E77/><V116/><F116/><W86/><G86/><T103/><D103/><U97/><REACH who="1" step="1"/><E76/><REACH who="1" ten="399,112,276,203" step="2"/><V45/><F80/><W112/><G112/><T93/><D93/><U14/><E14/><V106/><F106/><W101/><G1/><T55/><D40/><U110/><E110/><V72/><F72/><W51/><G107/><T118/><D118/><U124/><E124/><V81/><F81/><W64/><G87/><T17/><D13/><U4/><E4/><N who="2" m="3175" /><F3/><W38/><G38/><T129/><D129/><U122/><E122/><V2/><F2/><W83/><G41/><T6/><D6/><U57/><E57/><RYUUKYOKU ba="0,1" sc="399,-15,112,15,276,15,203,-15" hai1="18,24,26,28,35,56,58,60,66,69,97,102,105" hai2="16,21,45,50,53,54,59,63,89,90" owari="394,49.0,127,-37.0,291,9.0,188,-21.0" /></mjloggm>