<mjloggm ver="2.3"><GO type="97" lobby="0"/><UN n0="%70%75%6B%6B%61" n1="%E2%97%8E%6A%72%6A%72%E2%97%8E" n2="%E5%AE%87%E5%AE%99%E9%9B%86%E4%BC%9A" n3="%E3%82%A6%E3%83%AB%E3%83%88%E3%83%A9%E7%AB%8B%E7%9B%B4" dan="14,15,15,15" rate="1953.29,1989.77,1971.74,1974.57" sx="M,M,F,M"/><TAIKYOKU oya="0"/><INIT seed="0,0,0,0,0,48" ten="250,250,250,250" oya="0" hai0="69,133,121,84,79,43,0,3,91,55,12,83,49" hai1="119,19,106,11,36,97,122,132,2,95,5,56,93" hai2="117,104,65,35,53,107,134,78,111,10,88,127,123" hai3="80,75,64,15,100,118,129,22,112,30,40,90,128"/><T86/><D69/><U126/><E122/><V124/><F123/><W73/><G118/><T113/><D121/><U39/><E119/><V31/><F117/><W61/><G112/><T63/><D113/><U85/><E106/><V42/><F78/><W23/><G100/><T37/><D133/><U68/><E68/><V59/><F134/><W17/><G40/><T38/><D63/><U125/><E132/><V77/><F77/><W74/><G30/><T54/><D12/><U62/><E19/><V98/><F42/><W7/><G7/><T45/><D38/><N who="1" m="14379" /><E85/><V94/><F65/><W66/><G80/><T109/><D109/><U92/><E97/><V4/><F31/><W46/><G46/><T114/><D114/><U76/><E76/><V51/><F35/><W116/><G116/><T26/><D26/><U24/><E24/><V99/><F111/><W28/><G90/><T9/><D9/><U57/><E62/><V25/><F25/><N who="3" m="16439" /><G61/><T71/><D71/><U72/><E72/><V103/><REACH who="2" step="1"/><F104/><REACH who="2" ten="250,250,240,250" step="2"/><W70/><G66/><T29/><D29/><U20/><E125/><V6/><F6/><W41/><G41/><T105/><D105/><U87/><E126/><V89/><F89/><W82/><G64/><T27/><D27/><U1/><E5/><V44/><F44/><W18/><G74/><T130/><D37/><U47/><E47/><V67/><F67/><W8/><G73/><T50/><D43/><U33/><E33/><V135/><F135/><W60/><G75/><T131/><D45/><U101/><E101/><V115/><F115/><W120/><G120/><RYUUKYOKU ba="0,1" sc="250,-10,250,-10,240,30,250,-10" hai2="4,10,51,53,59,88,94,98,99,103,107,124,127" /><INIT seed="1,1,1,0,1,84" ten="240,240,270,240" oya="1" hai0="3,69,18,36,134,9,31,33,2,114,12,14,107" hai1="28,74,24,52,58,54,30,113,92,61,122,55,59" hai2="43,100,49,38,83,116,20,104,63,29,85,86,62" hai3="64,42,8,99,87,23,70,37,75,108,93,65,4"/><U135/><E113/><V44/><F38/><W125/><G75/><T96/><D36/><U94/><E74/><V76/><F104/><W48/><G37/><T90/><D114/><U95/><E122/><V11/><F116/><W117/><G117/><T89/><D69/><U79/><E79/><V98/><F86/><W13/><G108/><T88/><D134/><U0/><E0/><V80/><F80/><W57/><G125/><T103/><REACH who="0" step="1"/><D14/><REACH who="0" ten="230,240,270,240" step="2"/><U78/><E135/><V25/><F11/><W73/><G70/><T105/><D105/><U128/><E128/><V130/><F130/><W112/><G23/><T32/><D32/><U110/><E110/><V67/><F67/><W119/><G64/><T101/><D101/><U115/><E115/><V68/><F68/><W53/><G65/><T126/><D126/><U91/><E24/><AGARI ba="1,2" hai="2,3,9,12,18,24,31,33,88,89,90,96,103,107" machi="24" ten="40,8000,1" yaku="1,1,52,3,54,1,53,0" doraHai="84" doraHaiUra="77" who="0" fromWho="1" sc="230,103,240,-83,270,0,240,0" /><INIT seed="2,0,0,0,5,12" ten="333,157,270,240" oya="2" hai0="59,49,89,10,18,123,80,73,117,111,127,131,42" hai1="23,84,40,121,28,130,96,70,25,54,100,118,8" hai2="32,79,4,50,85,22,15,113,60,72,133,11,71" hai3="98,114,110,103,129,27,124,38,35,125,67,107,128"/><V3/><F113/><W47/><G67/><T120/><D117/><U102/><E118/><V88/><F32/><W126/><G110/><T7/><D111/><U95/><E70/><V76/><F133/><W55/><G55/><T112/><D112/><U69/><E69/><V53/><F72/><W39/><G114/><T26/><D131/><N who="3" m="50249" /><G47/><T101/><D101/><U135/><E130/><V29/><F71/><W122/><G122/><T66/><D127/><U83/><E135/><V19/><F60/><W86/><G86/><T61/><D73/><U43/><E121/><V9/><F29/><AGARI ba="0,0" hai="27,29,35,38,39,98,103,107,124,125,126" m="50249" machi="29" ten="40,5200,0" yaku="18,1,19,1,23,1" doraHai="12" who="3" fromWho="2" sc="333,0,157,0,270,-52,240,52" /><INIT seed="3,0,0,3,4,96" ten="333,157,218,292" oya="3" hai0="55,10,69,30,62,23,11,66,43,81,48,64,25" hai1="21,39,118,28,105,46,77,130,129,29,98,133,1" hai2="49,27,5,65,19,125,100,34,126,57,61,60,3" hai3="44,47,79,58,83,41,123,26,17,101,56,33,119"/><W84/><G123/><T73/><D43/><U31/><E1/><V24/><F3/><W52/><G119/><T121/><D121/><U80/><E118/><V122/><F122/><W88/><G101/><T9/><D66/><U116/><E116/><V93/><F5/><W97/><G33/><T112/><D112/><U15/><E15/><V22/><F61/><N who="3" m="35975" /><G41/><T108/><D108/><U106/><E21/><V110/><F110/><W7/><G7/><T71/><D71/><U42/><E133/><V18/><F49/><W12/><G58/><T0/><D0/><U74/><REACH who="1" step="1"/><E105/><REACH who="1" ten="333,147,218,292" step="2"/><V70/><F34/><W103/><G26/><N who="2" m="9769" /><F22/><W111/><G111/><T113/><D23/><U124/><E124/><N who="2" m="47723" /><F70/><W82/><G12/><T40/><D69/><U85/><E85/><V104/><F104/><W13/><G13/><T131/><D25/><U59/><E59/><V114/><F114/><W90/><G47/><T99/><D10/><U32/><E32/><V6/><F6/><W4/><G44/><T102/><D11/><U50/><E50/><V37/><F37/><W14/><G4/><T120/><D48/><U115/><E115/><V78/><F57/><W35/><G35/><T68/><D113/><U87/><E87/><V20/><F20/><W135/><G135/><T127/><D68/><U76/><E76/><V117/><F78/><W86/><G79/><T75/><D127/><U8/><E8/><V16/><F117/><W45/><G45/><T91/><D9/><U36/><E36/><V54/><F60/><W94/><G14/><T92/><D62/><U67/><E67/><RYUUKYOKU ba="0,1" sc="333,-15,147,15,218,-15,292,15" hai1="28,29,31,39,42,46,74,77,80,98,106,129,130" hai3="17,82,83,84,86,88,90,94,97,103" /><INIT seed="3,1,1,2,3,9" ten="318,162,203,307" oya="3" hai0="70,82,0,59,108,96,109,80,75,100,2,112,17" hai1="125,104,78,16,71,45,134,60,77,13,43,15,117" hai2="88,23,30,25,94,114,121,37,130,6,69,105,39" hai3="64,97,4,53,5,83,123,135,35,116,101,115,49"/><W126/><G35/><T36/><D36/><U61/><E104/><V65/><F114/><W7/><G123/><T67/><D112/><U103/><E103/><V129/><F105/><W90/><G116/><T95/><D70/><U72/><E117/><V27/><F121/><W18/><G126/><T86/><D17/><U55/><E125/><V44/><F25/><W73/><G135/><T38/><D38/><U98/><E72/><V50/><F6/><W102/><G73/><T20/><D75/><U85/><E71/><V106/><F106/><W74/><G74/><T46/><D46/><U132/><E98/><N who="2" m="57671" /><F65/><W48/><G64/><T79/><D80/><N who="1" m="47247" /><E78/><V113/><F69/><W54/><G18/><T66/><D20/><N who="1" m="11279" /><E15/><V1/><F1/><N who="0" m="618" /><D59/><U133/><E55/><N who="2" m="30151" /><F113/><W19/><G115/><T111/><AGARI ba="1,1" hai="66,67,79,82,86,95,96,100,108,109,111" m="618" machi="111" ten="40,1500,0" yaku="14,1" doraHai="9" who="0" fromWho="0" sc="318,28,162,-5,203,-5,307,-8" owari="346,44.0,157,-34.0,198,-20.0,299,10.0" /></mjloggm>