<mjloggm ver="2.3"><GO type="169" lobby="0"/><UN n0="%41%63%68%69%67%61" n1="%66%65%65%73" n2="%E3%81%8F%E3%83%BC%E3%82%84" n3="%E3%82%A6%E3%83%AB%E3%83%88%E3%83%A9%E7%AB%8B%E7%9B%B4" dan="16,16,16,17" rate="2066.57,2070.42,2136.40,2186.01" sx="F,M,M,M"/><TAIKYOKU oya="0"/><INIT seed="0,0,0,3,5,25" ten="250,250,250,250" oya="0" hai0="88,108,104,26,4,123,92,96,58,18,121,60,95" hai1="54,36,39,83,119,50,66,62,2,8,1,0,10" hai2="9,56,32,16,79,37,84,44,74,75,28,22,115" hai3="29,7,30,130,101,76,5,11,78,14,33,100,41"/><T40/><D104/><U98/><E119/><V99/><F115/><W102/><G33/><T46/><D4/><N who="3" m="1609" /><G41/><T126/><D108/><U125/><E125/><V27/><F9/><W68/><G68/><T53/><D95/><U49/><E98/><V110/><F110/><W127/><G127/><T67/><D67/><U91/><E91/><V81/><F99/><W59/><G59/><T19/><D126/><U15/><E83/><V6/><F6/><N who="3" m="3447" /><G130/><T135/><D135/><U47/><E50/><V128/><F128/><W24/><G24/><T134/><D134/><U13/><E8/><V69/><F69/><W17/><G17/><T52/><D53/><U64/><E64/><V73/><F56/><W97/><G97/><T43/><D43/><U34/><E34/><V21/><F37/><W112/><G112/><T45/><D45/><U80/><E10/><V114/><F114/><W122/><G122/><T107/><D107/><U129/><E129/><V57/><F44/><W89/><G89/><T118/><D118/><U3/><E3/><V87/><F57/><W105/><G105/><T63/><D63/><U93/><E39/><V133/><F133/><W42/><G42/><T120/><REACH who="0" step="1"/><D26/><REACH who="0" ten="240,250,250,250" step="2"/><U111/><E111/><V90/><F27/><W20/><G20/><N who="2" m="7785" /><F81/><W72/><G72/><T23/><D23/><U113/><E80/><V116/><F74/><W51/><G51/><AGARI ba="0,1" hai="18,19,40,46,51,52,58,60,88,92,96,120,121,123" machi="51" ten="40,7700,0" yaku="1,1,54,2,53,0" doraHai="25" doraHaiUra="31" who="0" fromWho="3" sc="240,87,250,0,250,0,250,-77" /><INIT seed="0,1,0,0,2,53" ten="327,250,250,173" oya="0" hai0="99,14,66,13,130,95,87,46,123,30,16,64,67" hai1="20,78,18,103,24,89,11,60,91,44,120,43,56" hai2="83,2,8,10,105,65,9,115,112,92,72,62,6" hai3="50,113,134,40,131,39,108,119,125,129,38,61,54"/><T73/><D130/><N who="3" m="49673" /><G119/><T98/><D123/><U85/><E120/><V15/><F105/><W41/><G113/><T63/><D73/><U111/><E103/><V121/><F121/><W58/><G125/><T104/><D104/><U22/><E11/><V90/><F9/><W27/><G27/><T80/><D14/><U34/><E34/><V45/><F45/><N who="3" m="27983" /><G134/><T28/><D46/><U33/><E33/><V71/><F83/><W59/><G108/><T21/><D63/><U52/><E111/><V31/><F31/><N who="0" m="11818" /><D95/><U55/><E55/><V126/><F72/><W97/><G97/><T42/><D42/><N who="3" m="16489" /><G61/><T23/><D21/><U84/><E22/><V17/><F126/><W7/><G7/><T127/><D127/><U25/><E25/><V3/><F3/><W128/><N who="3" m="49681" /><W12/><DORA hai="37" /><G12/><T106/><D106/><U109/><E109/><V133/><REACH who="2" step="1"/><F133/><REACH who="2" ten="327,250,240,173" step="2"/><W118/><G118/><T74/><D74/><U101/><E24/><V32/><F32/><W81/><G81/><T93/><D93/><U122/><E122/><V110/><F110/><W69/><G69/><T0/><D0/><U29/><E29/><V35/><F35/><W96/><G96/><AGARI ba="1,1" hai="2,6,8,10,15,17,62,65,71,90,92,96,112,115" machi="96" ten="30,2000,0" yaku="1,1,7,1,53,0" doraHai="53,37" doraHaiUra="82,114" who="2" fromWho="3" sc="327,0,250,0,240,33,173,-23" /><INIT seed="1,0,0,3,2,104" ten="327,250,273,150" oya="1" hai0="10,74,44,15,117,131,112,5,40,100,109,128,114" hai1="38,129,7,119,83,48,120,106,127,71,11,68,110" hai2="96,88,90,57,89,93,54,66,107,81,22,118,35" hai3="29,97,102,20,105,49,46,124,84,52,18,32,80"/><U30/><E48/><V113/><F35/><W60/><G124/><T85/><D117/><U25/><E83/><V14/><F118/><W12/><G32/><T1/><D109/><U99/><E99/><V101/><F66/><W78/><G29/><T37/><D85/><U53/><E53/><V45/><F45/><W39/><G60/><T41/><D100/><U43/><E106/><V122/><F122/><W56/><REACH who="3" step="1"/><G39/><REACH who="3" ten="327,250,273,140" step="2"/><T91/><D37/><U31/><E31/><V134/><F113/><W21/><G21/><T133/><D114/><U82/><E30/><V59/><F134/><W51/><G51/><T125/><D133/><U108/><E38/><V87/><F59/><AGARI ba="0,1" hai="12,18,20,46,49,52,56,59,78,80,84,97,102,105" machi="59" ten="40,5200,0" yaku="1,1,54,1,53,1" doraHai="104" doraHaiUra="95" who="3" fromWho="2" sc="327,0,250,0,273,-52,140,62" /><INIT seed="2,0,0,2,3,44" ten="327,250,221,202" oya="2" hai0="119,96,14,46,73,3,86,2,22,32,74,52,71" hai1="12,10,90,103,129,56,54,130,63,100,43,106,116" hai2="120,8,125,68,40,34,93,111,104,76,89,25,102" hai3="51,29,82,47,48,60,20,114,28,64,135,123,50"/><V26/><F68/><W59/><G123/><T107/><D71/><U0/><E0/><V88/><F120/><W17/><G114/><T45/><D32/><U128/><E116/><V108/><F76/><W97/><G135/><T1/><D119/><U85/><E43/><V84/><F125/><W69/><G69/><T72/><D86/><U133/><E106/><V5/><F40/><N who="3" m="24679" /><G82/><T118/><D118/><U57/><E57/><V39/><F39/><W79/><G79/><T77/><D77/><U65/><E65/><V117/><F117/><W98/><G98/><T62/><D107/><U92/><REACH who="1" step="1"/><E133/><REACH who="1" ten="327,240,221,202" step="2"/><V16/><F104/><W36/><G36/><T109/><D1/><U110/><E110/><V58/><F111/><W13/><G97/><T61/><D109/><U6/><AGARI ba="0,1" hai="6,10,12,54,56,63,85,90,92,100,103,128,129,130" machi="6" ten="30,7900,0" yaku="1,1,0,1,19,1,53,1" doraHai="44" doraHaiUra="83" who="1" fromWho="1" sc="327,-20,240,89,221,-39,202,-20" /><INIT seed="3,0,0,3,4,36" ten="307,329,182,182" oya="3" hai0="12,116,45,8,62,9,90,18,24,87,109,101,124" hai1="100,28,72,6,81,2,20,128,78,121,7,73,66" hai2="57,88,30,132,68,41,113,64,93,135,98,38,65" hai3="1,60,131,120,103,16,0,61,91,11,39,127,47"/><W79/><G120/><T54/><D109/><U67/><E121/><V74/><F74/><W89/><G127/><T110/><D124/><U52/><E100/><V70/><F30/><W133/><G131/><T96/><D110/><U126/><E126/><V33/><F33/><W97/><G133/><N who="2" m="51273" /><F113/><W77/><G39/><T134/><D134/><U14/><E72/><V59/><F65/><W22/><G1/><T63/><D116/><U71/><E71/><N who="2" m="27179" /><F64/><W107/><G11/><T122/><D122/><U5/><E2/><V3/><F3/><W119/><G0/><T56/><D45/><AGARI ba="0,0" hai="38,41,45,57,59,88,93,98" m="27179,51273" machi="45" ten="30,3900,0" yaku="20,1,52,1,54,1" doraHai="36" who="2" fromWho="0" sc="307,-39,329,0,182,39,182,0" /><INIT seed="4,0,0,5,4,92" ten="268,329,221,182" oya="0" hai0="126,90,119,12,27,83,25,85,46,5,98,28,31" hai1="4,81,132,112,48,72,88,78,99,70,35,118,110" hai2="67,121,59,42,8,1,19,7,113,41,133,82,107" hai3="2,108,52,97,69,3,62,29,56,103,77,10,65"/><T131/><D126/><U89/><E118/><V45/><F121/><W18/><G108/><T14/><D131/><U100/><E70/><V130/><F107/><W33/><G77/><T134/><D134/><U129/><E35/><V128/><F133/><W124/><G124/><T66/><D119/><U0/><E132/><V74/><F19/><W22/><G10/><N who="0" m="4175" /><D66/><U6/><E110/><V63/><F113/><W32/><G3/><T71/><D71/><U49/><E129/><N who="2" m="49771" /><F45/><W64/><G2/><T30/><D46/><U61/><E61/><V94/><F94/><W109/><G109/><T105/><D105/><U57/><E112/><V111/><F111/><W51/><G65/><T16/><D98/><U114/><E114/><V50/><F50/><W17/><G29/><N who="0" m="7427" /><T102/><DORA hai="84" /><D102/><U9/><E4/><V34/><F34/><W120/><G120/><T80/><D83/><U115/><E115/><V68/><F68/><W79/><G79/><AGARI ba="0,0" hai="1,7,8,41,42,59,63,67,74,79,82" m="49771" machi="79" ten="30,1000,0" yaku="19,1" doraHai="92,84" who="2" fromWho="3" sc="268,0,329,0,221,10,182,-10" /><INIT seed="5,0,0,2,1,100" ten="268,329,231,172" oya="1" hai0="27,105,34,43,11,89,118,57,37,70,68,85,14" hai1="29,76,99,78,90,15,59,106,16,3,62,56,116" hai2="119,26,53,71,54,98,128,31,86,36,111,75,38" hai3="58,73,77,82,108,87,132,21,65,135,42,129,112"/><U44/><E3/><V93/><F75/><W72/><G42/><T94/><D118/><U134/><E116/><V79/><F119/><W51/><G51/><T12/><D14/><U80/><E59/><V123/><F71/><W103/><G58/><T60/><D105/><U97/><E76/><V47/><F123/><W39/><G65/><T13/><D12/><U120/><E120/><V35/><F111/><W81/><G21/><T96/><D85/><U88/><E29/><V91/><F128/><W41/><G41/><T113/><D113/><U18/><E18/><V115/><F115/><W69/><G69/><T133/><D133/><N who="3" m="51273" /><G39/><T2/><D2/><U122/><E122/><V9/><F9/><W121/><G121/><T101/><D89/><N who="1" m="34411" /><E44/><V25/><F25/><W45/><G45/><T28/><D43/><U17/><E17/><V20/><F35/><W4/><G4/><T125/><D125/><U23/><E106/><V55/><F47/><W104/><G112/><T10/><D10/><U5/><E5/><V52/><N who="2" m="13312" /><DORA hai="6" /><V24/><REACH who="2" step="1"/><F24/><REACH who="2" ten="268,329,221,172" step="2"/><W107/><G108/><T127/><D127/><U110/><E110/><V50/><F50/><W30/><G129/><T74/><D37/><U46/><E46/><V33/><F33/><W67/><G73/><T109/><D74/><U117/><E134/><V124/><F124/><W83/><G72/><T22/><D109/><U32/><E32/><V19/><F19/><W126/><G126/><T48/><D34/><U40/><E117/><V1/><F1/><W63/><G30/><T61/><D48/><U102/><E16/><RYUUKYOKU ba="0,1" sc="268,-10,329,-10,221,30,172,-10" hai2="20,26,31,36,38,79,86,91,93,98" /><INIT seed="6,1,1,0,4,25" ten="258,319,251,162" oya="2" hai0="0,96,115,87,37,91,11,75,114,82,88,4,66" hai1="81,12,124,3,54,74,69,98,41,53,46,5,62" hai2="113,84,93,50,21,94,14,60,131,8,80,24,106" hai3="38,79,133,111,20,40,78,49,130,135,57,19,99"/><V36/><F106/><W107/><G111/><T95/><D37/><U35/><E35/><V29/><F36/><W73/><G38/><T48/><D75/><U68/><E98/><V32/><F113/><N who="0" m="43018" /><D48/><U119/><E12/><V121/><F121/><W65/><G130/><T116/><D66/><U18/><E18/><V101/><F131/><W27/><G73/><T51/><D51/><U30/><E30/><V110/><F110/><W52/><G65/><T105/><D105/><U16/><E16/><V7/><F60/><W63/><G40/><T1/><D116/><U44/><E81/><V86/><F101/><W103/><REACH who="3" step="1"/><G49/><REACH who="3" ten="258,319,251,152" step="2"/><T2/><AGARI ba="1,2" hai="0,1,2,4,11,82,87,88,91,95,96" m="43018" machi="2" ten="30,2000,0" yaku="15,1,54,1" doraHai="25" who="0" fromWho="0" sc="258,43,319,-6,251,-11,152,-6" /><INIT seed="7,0,0,2,3,117" ten="301,313,240,146" oya="3" hai0="1,72,37,110,12,89,23,8,86,124,121,107,45" hai1="32,22,25,49,82,54,53,101,35,10,116,108,81" hai2="62,76,127,69,135,103,118,71,59,19,58,29,63" hai3="106,99,102,33,0,44,98,133,93,131,52,128,57"/><W66/><G33/><T55/><D110/><U30/><E108/><V64/><F103/><W36/><G0/><T31/><D121/><U11/><E101/><V50/><F76/><W105/><G133/><T48/><D124/><U40/><E35/><V42/><F29/><W16/><G66/><T90/><D107/><U17/><E32/><V75/><F75/><W46/><G16/><T122/><D122/><U114/><E114/><V91/><F91/><W134/><G134/><T51/><D72/><U109/><E116/><V68/><F19/><W21/><G21/><T28/><D37/><U79/><E79/><V3/><F3/><W4/><G4/><N who="0" m="3079" /><D1/><U2/><E2/><V67/><F135/><W95/><G105/><T92/><D23/><N who="1" m="15679" /><E40/><V115/><F118/><W43/><G46/><N who="0" m="28055" /><D90/><U7/><E7/><V47/><F127/><W74/><G74/><T13/><D13/><N who="1" m="9519" /><E54/><AGARI ba="0,0" hai="28,31,45,51,54,86,89,92" m="28055,3079" machi="54" ten="30,1000,0" yaku="8,1" doraHai="117" who="0" fromWho="1" sc="301,10,313,-10,240,0,146,0" owari="311,41.0,303,10.0,240,-16.0,146,-35.0" /></mjloggm>