<mjloggm ver="2.3"><GO type="225" lobby="0"/><UN n0="%E3%83%9A%E3%82%B3" n1="%E3%83%88%E3%83%88%E3%83%AA%E5%85%88%E7%94%9F%31%39%E6%AD%B3" n2="%6C%65%74%69%74%62%65" n3="%E3%82%8A%E3%82%87%E3%81%86%E3%81%BE%35%37%32%34" dan="16,18,16,16" rate="2077.89,2257.93,2149.77,2137.33" sx="M,F,F,M"/><TAIKYOKU oya="0"/><INIT seed="0,0,0,5,3,60" ten="250,250,250,250" oya="0" hai0="111,120,91,71,7,73,67,125,93,24,49,106,132" hai1="48,26,56,97,127,52,28,122,51,43,9,82,92" hai2="30,2,10,59,99,69,118,83,119,109,4,126,65" hai3="55,34,72,17,15,53,133,70,85,31,40,77,11"/><T105/><D120/><U47/><E122/><V116/><F69/><W38/><G72/><T45/><D73/><U8/><E82/><V121/><F121/><W13/><G70/><T107/><D132/><U41/><E41/><V27/><F109/><W61/><G133/><T95/><D125/><U101/><REACH who="1" step="1"/><E127/><REACH who="1" ten="250,240,250,250" step="2"/><V124/><F83/><W86/><G40/><T64/><D111/><U128/><E128/><V81/><F81/><W54/><G77/><T5/><D107/><U80/><E80/><V46/><F126/><W131/><G131/><T78/><D106/><U76/><E76/><V135/><F124/><W33/><G38/><T21/><D105/><U79/><E79/><V12/><F135/><W84/><G31/><T20/><D78/><U96/><E96/><V50/><F99/><W25/><G25/><T74/><D74/><U37/><E37/><V58/><F27/><W103/><G103/><T6/><D24/><U35/><AGARI ba="0,1" hai="8,9,26,28,35,43,47,48,51,52,56,92,97,101" machi="35" ten="20,5200,0" yaku="1,1,0,1,7,1,54,1,53,0" doraHai="60" doraHaiUra="115" who="1" fromWho="1" sc="250,-26,240,62,250,-13,250,-13" /><INIT seed="1,0,0,0,1,30" ten="224,302,237,237" oya="1" hai0="55,49,42,27,89,106,85,99,36,115,100,121,113" hai1="70,46,24,87,2,110,75,67,35,10,127,134,118" hai2="63,114,124,116,103,79,101,39,97,34,86,58,74" hai3="18,72,95,132,8,38,44,60,68,105,3,15,28"/><U56/><E118/><V81/><F39/><W117/><G105/><T98/><D121/><U13/><E75/><V128/><F116/><W51/><G38/><T53/><D98/><U71/><E2/><V0/><F0/><W135/><G72/><T111/><D111/><U123/><E123/><V33/><F128/><W5/><G117/><T12/><D36/><U90/><E110/><V45/><F45/><W62/><G28/><T11/><D27/><U76/><E76/><V32/><F124/><W48/><G95/><T125/><D42/><U57/><E127/><V112/><F74/><W94/><G94/><T108/><D108/><U84/><E46/><V96/><F96/><W122/><G122/><T83/><D125/><U61/><E134/><N who="3" m="51242" /><G68/><T9/><D9/><U59/><E71/><V119/><F119/><W65/><G65/><T91/><D89/><U93/><E87/><V109/><F109/><W40/><G51/><T6/><REACH who="0" step="1"/><D55/><REACH who="0" ten="214,302,237,237" step="2"/><U20/><E10/><AGARI ba="0,1" hai="3,5,8,10,15,18,40,44,48,60,62" m="51242" machi="10" ten="30,1000,0" yaku="20,1" doraHai="30" who="3" fromWho="1" sc="214,0,302,-10,237,0,237,20" /><INIT seed="2,0,0,3,1,62" ten="214,292,237,257" oya="2" hai0="82,79,59,10,5,35,19,88,58,118,119,40,18" hai1="130,65,60,47,7,66,38,3,97,133,23,48,51" hai2="91,113,54,93,44,33,129,70,94,103,55,0,131" hai3="43,96,104,126,29,84,101,115,50,52,69,98,127"/><V49/><F113/><W81/><G69/><T112/><D112/><U56/><E130/><N who="2" m="49675" /><F0/><W4/><G115/><T46/><D35/><U2/><E133/><V32/><F103/><W12/><G29/><T45/><D88/><U121/><E121/><V111/><F111/><W109/><G43/><T13/><D119/><U116/><E116/><V64/><F55/><W123/><G123/><T25/><D118/><U128/><E128/><V124/><F124/><N who="3" m="47659" /><G109/><T71/><D71/><U53/><E38/><V61/><F94/><W106/><G12/><T16/><D25/><U86/><E7/><V39/><F39/><W77/><G4/><T85/><REACH who="0" step="1"/><D46/><REACH who="0" ten="204,292,237,257" step="2"/><U20/><E47/><V31/><F31/><W36/><G98/><AGARI ba="0,1" hai="32,33,44,49,54,61,64,70,91,93,98" m="49675" machi="98" ten="30,2900,0" yaku="19,1,52,1" doraHai="62" who="2" fromWho="3" sc="204,0,292,0,237,39,257,-29" /><INIT seed="2,1,0,5,5,80" ten="204,292,276,228" oya="2" hai0="83,4,59,6,97,16,25,84,77,125,126,11,71" hai1="51,55,56,33,85,118,32,23,37,65,95,96,0" hai2="124,8,98,108,36,82,122,41,29,120,2,103,13" hai3="114,67,78,27,119,123,19,109,75,52,72,99,9"/><V66/><F2/><W53/><G119/><T44/><D71/><U26/><E118/><V101/><F124/><N who="0" m="47722" /><D59/><U43/><E0/><V31/><F66/><W127/><G123/><T40/><D97/><U87/><E33/><V106/><F101/><W7/><G127/><T131/><D131/><U110/><E32/><V111/><F41/><W102/><G67/><T14/><D25/><U128/><E110/><N who="2" m="42027" /><F36/><AGARI ba="1,0" hai="4,6,11,14,16,36,40,44,77,83,84" m="47722" machi="36" ten="30,3900,0" yaku="18,1,52,1,54,1" doraHai="80" who="0" fromWho="2" sc="204,42,292,0,276,-42,228,0" /><INIT seed="3,0,0,3,1,32" ten="246,292,234,228" oya="3" hai0="43,100,63,97,129,22,21,11,48,117,69,110,118" hai1="109,3,50,86,119,120,101,55,17,111,5,131,59" hai2="83,65,85,114,90,88,47,0,80,7,60,41,75" hai3="42,38,9,73,30,2,124,82,107,18,132,46,81"/><W58/><G107/><T78/><D110/><N who="1" m="41995" /><E120/><V133/><F114/><W98/><G132/><T15/><D22/><U35/><E35/><V112/><F112/><W115/><G115/><T39/><D48/><U96/><E131/><V64/><F133/><W123/><G123/><T128/><D15/><U103/><E119/><V1/><F7/><N who="3" m="1271" /><G82/><T116/><D97/><U71/><E71/><V126/><F126/><W72/><G72/><T102/><D78/><U87/><E101/><V34/><F34/><W105/><G124/><T10/><D21/><U93/><E17/><V62/><F62/><W67/><G18/><T77/><D63/><U36/><E36/><V130/><F130/><W28/><G58/><T20/><D69/><U122/><E122/><V29/><F29/><W106/><G67/><T84/><D129/><U54/><E54/><V40/><F64/><W113/><G113/><T57/><D128/><U61/><E61/><V68/><F41/><W52/><G52/><T4/><D43/><U74/><E74/><V99/><F75/><W25/><G98/><T24/><D118/><U6/><E6/><V31/><F31/><N who="3" m="11819" /><G25/><T108/><D24/><U8/><AGARI ba="0,0" hai="3,5,8,50,55,59,86,87,93,96,103" m="41995" machi="8" ten="30,2000,0" yaku="14,1,52,1" doraHai="32" who="1" fromWho="1" sc="246,-5,292,20,234,-5,228,-10" owari="241,4.0,312,41.0,229,-17.0,218,-28.0" /></mjloggm>