<mjloggm ver="2.3"><GO type="169" lobby="0"/><UN n0="%E7%AB%8B%E8%8F%AF%E5%A5%8F" n1="%E5%8D%83%E7%9F%B3%E6%92%AB%E5%AD%90%40" n2="%58%E7%8C%AB" n3="%E3%82%A6%E3%83%AB%E3%83%88%E3%83%A9%E7%AB%8B%E7%9B%B4" dan="17,16,16,17" rate="2185.11,2064.59,2091.80,2194.83" sx="F,F,M,M"/><TAIKYOKU oya="0"/><INIT seed="0,0,0,3,1,128" ten="250,250,250,250" oya="0" hai0="68,131,19,117,105,83,107,91,122,38,35,123,16" hai1="2,11,59,120,53,36,28,100,78,73,57,29,39" hai2="49,18,132,31,42,3,54,5,79,116,75,58,17" hai3="127,72,119,4,93,63,106,109,10,26,47,52,48"/><T70/><D38/><U130/><E120/><V60/><F116/><W92/><G106/><T112/><D131/><U64/><E130/><V111/><F31/><W89/><G119/><T126/><D83/><U50/><E100/><V124/><F111/><W113/><G109/><T133/><D35/><U22/><E78/><V51/><F124/><W62/><G127/><T102/><D126/><U94/><E73/><V37/><F51/><W14/><G113/><T56/><D102/><U43/><E94/><V121/><F121/><W12/><G72/><T115/><D56/><U86/><E86/><V97/><F97/><W69/><G69/><T110/><D117/><U134/><E134/><V44/><F60/><W96/><G26/><T76/><D76/><U74/><E74/><V108/><F108/><W80/><G80/><T27/><D110/><U40/><E2/><V101/><F101/><W32/><G32/><T34/><D34/><U15/><E39/><V65/><F65/><W6/><G93/><T25/><D91/><U46/><E43/><V24/><F24/><W104/><G104/><T99/><D99/><U95/><E95/><V7/><F3/><W85/><G96/><T67/><D67/><U1/><E1/><V118/><F118/><W88/><G89/><T66/><D66/><U41/><E41/><V82/><F5/><W20/><G20/><T55/><D55/><U8/><E64/><V103/><F7/><W114/><G114/><T9/><D9/><AGARI ba="0,0" hai="4,6,9,10,12,14,47,48,52,62,63,85,88,92" machi="9" ten="40,8000,1" yaku="9,1,8,1,54,2" doraHai="128" who="3" fromWho="0" sc="250,-80,250,0,250,0,250,80" /><INIT seed="1,0,0,4,0,75" ten="170,250,250,330" oya="1" hai0="87,51,14,81,25,30,68,37,77,19,48,46,109" hai1="84,104,102,110,15,10,89,92,98,60,50,78,76" hai2="97,135,103,22,6,126,124,49,90,23,115,85,129" hai3="35,42,59,47,122,96,71,83,134,64,41,118,65"/><U52/><E110/><V86/><F115/><W36/><G35/><T95/><D109/><U107/><E60/><V63/><F135/><W62/><G96/><T2/><D2/><U66/><E66/><V54/><F129/><W131/><G83/><T82/><D68/><U40/><E40/><V130/><F130/><W79/><G79/><T74/><D95/><U13/><E107/><V12/><F63/><N who="3" m="38143" /><G122/><T133/><D133/><U105/><E105/><V9/><F103/><W1/><G1/><T114/><D114/><U73/><E73/><V33/><F97/><W8/><G8/><T125/><D125/><N who="2" m="48234" /><F33/><W53/><G134/><T32/><D37/><U58/><REACH who="1" step="1"/><E13/><REACH who="1" ten="170,240,250,330" step="2"/><V55/><F54/><W93/><G131/><T38/><D38/><U39/><E39/><V11/><F12/><W69/><G42/><T16/><D14/><U101/><E101/><V116/><F116/><W108/><G118/><T113/><D113/><U119/><E119/><V61/><F61/><W34/><G53/><T28/><D48/><U56/><E56/><V18/><F55/><W29/><G62/><T26/><D51/><U3/><E3/><V67/><F49/><W120/><G64/><T80/><D46/><U99/><E99/><V132/><F67/><W70/><G108/><T20/><D74/><U21/><E21/><V45/><F45/><W72/><G72/><T0/><D0/><U127/><E127/><V24/><F132/><W91/><G34/><T31/><D31/><U100/><E100/><V27/><F22/><W44/><G47/><T123/><D123/><U88/><E88/><RYUUKYOKU ba="0,1" sc="170,15,240,15,250,-15,330,-15" hai0="16,19,20,25,26,28,30,32,77,80,81,82,87" hai1="10,15,50,52,58,76,78,84,89,92,98,102,104" /><INIT seed="1,1,1,4,1,18" ten="185,255,235,315" oya="1" hai0="0,67,5,73,119,107,64,50,85,13,99,86,26" hai1="123,129,118,127,134,77,79,65,128,131,45,10,116" hai2="114,32,11,112,71,58,12,60,121,56,113,91,36" hai3="117,75,133,43,27,44,4,76,132,42,126,55,38"/><U34/><E34/><V8/><F121/><W100/><G100/><T74/><D119/><N who="1" m="45611" /><E10/><V21/><F36/><W103/><G103/><T90/><D0/><U87/><E123/><V130/><F32/><W51/><G117/><T54/><D107/><U70/><E45/><V2/><F130/><W63/><G4/><T61/><D74/><U6/><E6/><V25/><F91/><W1/><G1/><T93/><D73/><U68/><E127/><V39/><F39/><W16/><G126/><T17/><D5/><U110/><E134/><N who="3" m="51818" /><G63/><T41/><D41/><N who="3" m="15369" /><G38/><T122/><D122/><U66/><E110/><V111/><F111/><W24/><G16/><T104/><D26/><U7/><E7/><N who="2" m="3103" /><F11/><W88/><G88/><T62/><D104/><U102/><E102/><V23/><F2/><W125/><G125/><T108/><D108/><U89/><E89/><V78/><F78/><N who="1" m="29705" /><E87/><N who="0" m="33289" /><D62/><U120/><E120/><V31/><F23/><W81/><AGARI ba="1,1" hai="24,27,44,51,55,75,76,81" m="15369,51818" machi="81" ten="30,1100,0" yaku="20,1" doraHai="18" who="3" fromWho="3" sc="185,-4,255,-6,235,-4,315,24" /><INIT seed="2,0,0,5,2,54" ten="181,249,231,339" oya="2" hai0="79,58,124,50,4,13,74,95,44,111,73,48,127" hai1="19,96,94,14,67,36,121,2,52,30,75,125,135" hai2="1,41,84,20,99,112,107,34,33,81,45,82,42" hai3="78,9,104,86,60,32,130,55,122,109,0,123,131"/><V64/><F112/><W29/><G104/><T25/><D111/><U91/><E75/><V103/><F1/><W43/><G43/><T114/><D114/><U35/><E2/><V118/><F118/><W77/><G109/><T28/><D95/><U69/><E121/><V129/><F129/><N who="3" m="49163" /><G29/><T31/><D79/><N who="3" m="30217" /><G86/><T128/><D128/><U7/><E135/><V72/><F72/><W46/><G32/><T12/><D44/><U22/><E36/><V126/><F126/><W6/><G46/><T92/><D92/><U39/><E39/><V16/><F64/><W53/><G55/><T97/><D97/><U56/><E125/><V62/><F42/><W134/><G134/><T10/><D25/><N who="1" m="16695" /><E35/><V71/><F84/><W113/><G113/><T106/><D106/><U101/><E69/><V105/><F105/><W70/><G53/><T110/><D110/><U132/><E67/><AGARI ba="0,0" hai="0,6,9,60,67,70,122,123" m="30217,49163" machi="67" ten="30,1000,0" yaku="19,1" doraHai="54" who="3" fromWho="1" sc="181,0,249,-10,231,0,339,10" /><INIT seed="3,0,0,1,2,135" ten="181,239,231,349" oya="3" hai0="129,121,37,61,56,82,34,125,44,73,93,96,100" hai1="69,83,117,109,48,59,7,133,88,5,8,9,101" hai2="39,116,128,78,71,16,68,51,89,27,40,36,65" hai3="76,29,111,81,17,118,113,120,123,102,127,75,97"/><W18/><G29/><T84/><D121/><N who="3" m="46665" /><G18/><T14/><D129/><U60/><E69/><V104/><F116/><W134/><G17/><T45/><D73/><U32/><E133/><V85/><F78/><W114/><G134/><T57/><D34/><U47/><E32/><V112/><F112/><N who="3" m="43115" /><G118/><T99/><D37/><U92/><E117/><V70/><F65/><W31/><G31/><T3/><D3/><U28/><E109/><V25/><F104/><N who="3" m="63567" /><G111/><T21/><D21/><U95/><E28/><V105/><F105/><W115/><G115/><T50/><D14/><U20/><E20/><V86/><F128/><W43/><G43/><T46/><D50/><U126/><E5/><V24/><F16/><W77/><G77/><T42/><D42/><N who="1" m="24695" /><E7/><V72/><F51/><W13/><G13/><T87/><D45/><U19/><E19/><V62/><F40/><W80/><G80/><T58/><D61/><U52/><E83/><V124/><F62/><W33/><G33/><T15/><D15/><U4/><E4/><V2/><F2/><W106/><G106/><T90/><D46/><U98/><E9/><V38/><F36/><W119/><G119/><T12/><D44/><U66/><E8/><V23/><F23/><W22/><G22/><T63/><D12/><U122/><E52/><V131/><F25/><W35/><G35/><T10/><D10/><U91/><E122/><V79/><F38/><W94/><G94/><N who="0" m="58391" /><D63/><U54/><E95/><V0/><F39/><W103/><G103/><T55/><D82/><U130/><E130/><V64/><F131/><W41/><G41/><RYUUKYOKU ba="0,0" sc="181,-10,239,-10,231,-10,349,30" hai3="75,76,81,127" /><INIT seed="3,1,0,4,2,97" ten="171,229,221,379" oya="3" hai0="11,89,43,61,107,23,18,87,50,118,85,51,119" hai1="127,39,22,83,32,27,0,3,69,58,117,29,112" hai2="129,40,9,99,135,130,64,98,20,82,101,72,77" hai3="52,74,133,24,30,49,105,21,66,92,102,109,37"/><W125/><G74/><T33/><D33/><U5/><E112/><V93/><F135/><W31/><G37/><T38/><D38/><U110/><E110/><V55/><F40/><W108/><G105/><T46/><D107/><U42/><E127/><V53/><F64/><W1/><G1/><T47/><D11/><U44/><E117/><V84/><F9/><W62/><G31/><T81/><D61/><U116/><E116/><V104/><F20/><W25/><G25/><T91/><D23/><U76/><E69/><V35/><F35/><W7/><G7/><T75/><D75/><U10/><E58/><V78/><F78/><W59/><G133/><T28/><D28/><U2/><E22/><V16/><F16/><W14/><G14/><T132/><D18/><U17/><REACH who="1" step="1"/><E17/><REACH who="1" ten="171,219,221,379" step="2"/><V86/><F53/><W63/><G125/><T134/><D43/><U124/><E124/><V15/><F55/><W100/><G109/><T45/><D45/><U8/><E8/><V56/><F56/><N who="3" m="32783" /><G108/><T94/><D81/><U60/><E60/><V128/><REACH who="2" step="1"/><F15/><REACH who="2" ten="171,219,211,379" step="2"/><W54/><G54/><T26/><D26/><U95/><E95/><AGARI ba="1,2" hai="46,47,50,51,85,87,89,91,94,95,118,119,132,134" machi="95" ten="25,1600,0" yaku="22,2" doraHai="97" who="0" fromWho="1" sc="171,39,219,-19,211,0,379,0" /><INIT seed="4,0,0,4,1,93" ten="210,200,211,379" oya="0" hai0="134,94,108,30,13,110,18,83,19,44,127,89,35" hai1="6,34,98,124,32,73,56,39,123,15,25,71,63" hai2="79,10,61,53,72,86,90,20,96,85,49,119,9" hai3="47,29,92,103,8,46,114,118,11,40,48,129,130"/><T80/><D127/><U7/><E39/><V65/><F119/><W101/><G29/><T12/><D134/><U0/><E73/><V91/><F20/><W100/><G118/><T87/><D44/><U81/><E123/><V41/><F41/><W111/><G111/><N who="0" m="42539" /><D30/><U54/><E124/><V38/><F38/><W70/><G70/><T120/><D35/><U115/><E71/><V2/><F72/><W21/><G47/><T55/><D55/><U67/><E115/><V77/><F77/><W36/><BYE who="2" /><G114/><T131/><D131/><N who="3" m="50185" /><G36/><T135/><D135/><U126/><E126/><V51/><F51/><W132/><G132/><T64/><D64/><U17/><E67/><V78/><F78/><W31/><G92/><T76/><D120/><U45/><E45/><V42/><F42/><W82/><G82/><T121/><D121/><U16/><E81/><N who="0" m="31305" /><D76/><U117/><E117/><V60/><F60/><W24/><AGARI ba="0,0" hai="8,11,21,24,31,40,46,48,100,101,103" m="50185" machi="24" ten="40,1500,0" yaku="19,1" doraHai="93" who="3" fromWho="3" sc="210,-7,200,-4,211,-4,379,15" /><INIT seed="5,0,0,3,5,43" ten="203,196,207,394" oya="1" hai0="86,75,8,87,125,102,123,91,57,31,21,93,110" hai1="133,120,29,72,22,97,26,114,95,122,65,55,28" hai2="9,63,134,38,37,104,46,85,53,129,73,62,40" hai3="94,47,106,74,35,80,92,48,71,90,89,6,13"/><U33/><E72/><V67/><F67/><W126/><G35/><T128/><D110/><U112/><E133/><V113/><F113/><N who="1" m="43625" /><E65/><V130/><F130/><W64/><G106/><T66/><D128/><U16/><E55/><V76/><F76/><W36/><G36/><T119/><D125/><U88/><E33/><V127/><F127/><W34/><G34/><T0/><D119/><UN n2="%58%E7%8C%AB" /><U30/><AGARI ba="0,0" hai="16,22,26,28,29,30,88,95,97,120,122" m="43625" machi="30" ten="30,6000,0" yaku="15,1,54,2" doraHai="43" who="1" fromWho="1" sc="203,-20,196,60,207,-20,394,-20" /><INIT seed="5,1,0,5,4,4" ten="183,256,187,374" oya="1" hai0="91,127,42,15,115,17,94,135,12,32,57,62,122" hai1="48,103,14,82,111,134,43,49,61,19,84,6,112" hai2="56,108,121,28,54,66,117,89,77,37,119,68,92" hai3="80,99,33,29,74,76,41,116,110,129,131,100,105"/><U9/><E112/><V45/><F121/><W53/><G110/><T63/><D115/><U102/><E111/><V35/><F108/><W31/><G116/><T3/><D127/><U38/><E38/><V2/><F77/><W36/><G53/><T132/><D3/><U24/><E134/><N who="0" m="51241" /><D122/><U79/><E61/><N who="0" m="23049" /><D32/><U51/><E43/><V20/><F35/><W10/><G10/><N who="0" m="6295" /><D42/><U47/><E47/><V109/><F2/><W5/><G5/><T60/><D15/><N who="1" m="5559" /><E24/><N who="2" m="16391" /><F68/><W7/><G7/><T78/><D78/><U86/><E86/><N who="2" m="52279" /><F37/><W106/><G106/><T44/><D44/><U25/><E25/><V118/><F109/><W13/><G13/><T65/><D94/><U85/><E85/><V123/><F123/><W23/><G23/><AGARI ba="1,0" hai="14,19,23,48,49,51,79,82,84,102,103" m="5559" machi="23" ten="30,2900,0" yaku="8,1,52,1" doraHai="4" who="1" fromWho="3" sc="183,0,256,32,187,0,374,-32" /><INIT seed="5,2,0,3,4,121" ten="183,288,187,342" oya="1" hai0="122,106,131,130,10,32,64,132,60,113,2,15,19" hai1="4,77,85,133,91,72,68,66,55,21,25,41,16" hai2="45,92,101,116,81,74,108,123,83,115,5,49,50" hai3="76,103,40,93,20,38,73,8,96,65,84,9,88"/><U22/><E133/><V67/><F116/><W80/><G65/><T98/><D132/><U109/><E4/><V69/><F123/><W71/><G71/><T99/><D113/><U33/><E41/><V63/><F74/><W18/><G40/><T79/><D122/><U48/><E33/><V75/><F75/><W35/><G38/><T43/><D32/><U56/><E77/><V44/><F115/><W127/><G127/><T61/><D79/><U12/><E72/><V126/><F126/><W102/><G35/><T94/><D43/><U17/><E68/><V107/><F107/><N who="3" m="63943" /><G103/><T54/><D2/><U51/><E66/><V23/><F5/><W112/><G112/><T62/><D106/><U128/><E128/><N who="0" m="49193" /><D54/><U31/><E31/><V119/><F119/><W34/><G34/><T37/><D37/><U120/><E120/><V124/><F124/><W26/><AGARI ba="2,0" hai="8,9,18,20,26,73,76,80,84,88,93" m="63943" machi="26" ten="30,2000,0" yaku="24,1,54,1" doraHai="121" who="3" fromWho="3" sc="183,-7,288,-12,187,-7,342,26" /><INIT seed="6,0,0,0,0,27" ten="176,276,180,368" oya="2" hai0="79,96,31,86,116,53,6,135,94,87,43,2,108" hai1="123,127,52,29,99,18,81,19,134,44,55,22,112" hai2="0,66,58,102,59,45,121,95,15,51,125,118,46" hai3="42,62,124,8,131,39,35,113,64,49,104,9,69"/><V76/><F121/><W7/><G9/><T109/><D135/><U93/><E123/><V16/><F118/><W48/><G49/><T20/><D116/><U90/><E134/><V36/><F0/><W72/><G48/><T100/><D43/><U40/><E112/><V12/><F125/><W38/><G113/><T111/><D79/><U10/><E127/><V41/><F76/><W92/><G92/><T61/><D2/><U78/><E29/><V130/><F130/><W26/><G42/><T103/><D6/><U60/><E60/><V33/><F33/><W85/><G85/><T84/><D100/><U80/><E10/><V129/><F129/><W3/><G131/><T75/><D75/><U82/><E78/><V91/><F102/><W117/><G117/><T114/><D114/><U57/><E57/><V122/><F122/><W50/><G50/><T106/><D106/><U25/><REACH who="1" step="1"/><E19/><REACH who="1" ten="176,266,180,368" step="2"/><V34/><F34/><W132/><G132/><T23/><REACH who="0" step="1"/><D31/><REACH who="0" ten="166,266,180,368" step="2"/><U5/><E5/><V133/><F133/><W97/><G124/><T128/><D128/><U68/><E68/><V1/><F41/><W101/><G72/><T119/><D119/><U107/><E107/><V47/><F46/><W98/><G104/><T126/><D126/><U67/><E67/><V74/><F66/><W120/><G64/><T4/><D4/><U11/><E11/><V70/><F74/><W32/><G8/><T105/><D105/><U65/><E65/><V89/><F70/><W28/><G69/><T21/><D21/><U37/><AGARI ba="0,2" hai="18,22,25,37,40,44,52,55,80,81,82,90,93,99" machi="37" ten="30,4000,0" yaku="1,1,0,1,54,1,53,0" doraHai="27" doraHaiUra="56" who="1" fromWho="1" sc="166,-10,266,60,180,-20,368,-10" /><INIT seed="7,0,0,4,5,122" ten="156,326,160,358" oya="3" hai0="17,128,111,18,103,28,84,57,82,105,65,71,90" hai1="88,23,24,52,2,3,132,44,73,12,45,6,101" hai2="94,55,21,51,22,16,80,95,9,75,63,100,32" hai3="5,86,8,99,46,120,85,47,116,15,91,36,127"/><W121/><G116/><T104/><D111/><U14/><E73/><V68/><F32/><W109/><G109/><T133/><D71/><U7/><E132/><V97/><F94/><N who="3" m="56799" /><G36/><T119/><D119/><U70/><E70/><V96/><F96/><W41/><G127/><T114/><D133/><U123/><E123/><V58/><F68/><W39/><G39/><T13/><D28/><N who="1" m="17439" /><E101/><V87/><F63/><W48/><G121/><T19/><D128/><U0/><E0/><V126/><F126/><W64/><G120/><T29/><D29/><U38/><E38/><V11/><F75/><W108/><G108/><T34/><D34/><U106/><E106/><V4/><F4/><N who="1" m="1577" /><E3/><V20/><F16/><N who="0" m="6250" /><D104/><U98/><E2/><V25/><F25/><W135/><G135/><T56/><D105/><U30/><E30/><V27/><F27/><W117/><G117/><T40/><D114/><U69/><E69/><V35/><F35/><W76/><G64/><T134/><D134/><U113/><E113/><V49/><F9/><W92/><G8/><N who="0" m="6567" /><D65/><U10/><E10/><V124/><F11/><W33/><G33/><T83/><D103/><U107/><E107/><V26/><F124/><W43/><G5/><T78/><D40/><U42/><E42/><V130/><F130/><W66/><G66/><T72/><D72/><U89/><E45/><N who="3" m="16906" /><G15/><N who="1" m="5674" /><E98/><V54/><F26/><W125/><G125/><T79/><D83/><U112/><E112/><V131/><F131/><W31/><G31/><T67/><D67/><U102/><E102/><V50/><F58/><AGARI ba="0,0" hai="56,57,58,78,79,82,84,90" m="6567,6250" machi="58" ten="30,2000,0" yaku="8,1,54,1" doraHai="122" who="0" fromWho="2" sc="156,20,326,0,160,-20,358,0" owari="176,-22.0,326,13.0,140,-36.0,358,45.0" /></mjloggm>