<mjloggm ver="2.3"><GO type="169" lobby="0"/><UN n0="%E9%81%8A%E8%B5%B0" n1="%E3%82%A6%E3%83%AB%E3%83%88%E3%83%A9%E7%AB%8B%E7%9B%B4" n2="%E3%82%88%E3%83%BC%EF%BC%A0%E3%83%AD%E3%83%83%E3%82%AF" n3="%E3%83%9E%E3%83%84%E3%82%B6%E3%82%AD" dan="17,17,16,17" rate="2138.01,2144.17,2105.28,2163.36" sx="M,M,M,M"/><TAIKYOKU oya="0"/><INIT seed="0,0,0,4,5,53" ten="250,250,250,250" oya="0" hai0="72,131,46,112,7,106,97,64,125,10,15,58,57" hai1="133,45,100,132,113,14,94,2,5,71,116,101,84" hai2="59,55,80,62,91,89,90,88,104,126,54,78,99" hai3="123,69,118,92,86,33,98,65,8,81,63,51,48"/><T119/><D119/><U30/><E2/><V93/><F126/><W19/><G118/><T31/><D112/><U68/><E113/><V50/><F104/><W3/><G33/><T114/><D114/><U36/><E30/><V21/><F21/><W74/><G74/><T27/><D72/><U9/><E116/><V38/><F38/><W0/><G123/><T77/><D125/><U83/><E45/><V43/><F43/><W34/><G34/><T60/><D131/><U76/><E36/><V1/><F1/><W35/><G35/><N who="0" m="20991" /><D46/><U122/><E122/><V73/><REACH who="2" step="1"/><F91/><REACH who="2" ten="250,250,240,250" step="2"/><W6/><G0/><T39/><D39/><U32/><E32/><V61/><F61/><W79/><G19/><T66/><D77/><U56/><E101/><AGARI ba="0,1" hai="3,6,8,48,51,63,65,69,79,81,86,92,98,101" machi="101" ten="30,1000,0" yaku="7,1" doraHai="53" who="3" fromWho="1" sc="250,0,250,-10,240,0,250,20" /><INIT seed="1,0,0,2,1,51" ten="250,240,240,270" oya="1" hai0="8,52,32,72,75,31,120,73,105,62,125,97,22" hai1="99,108,23,83,57,130,21,12,55,54,74,0,123" hai2="27,63,17,110,91,96,119,79,134,88,81,69,19" hai3="14,117,113,94,36,59,43,44,46,1,29,121,114"/><U116/><E0/><V131/><F119/><W38/><G1/><T127/><D32/><U124/><E116/><V64/><F110/><W28/><G117/><T16/><D31/><U49/><E123/><V102/><F134/><W53/><G121/><T118/><D118/><U115/><E115/><V3/><F3/><W61/><G29/><T15/><D120/><U66/><E108/><V18/><F27/><W20/><G94/><T25/><D105/><U7/><E124/><N who="0" m="47689" /><D97/><U10/><E130/><V58/><F131/><W13/><G13/><T76/><D76/><U109/><E109/><V48/><F48/><W65/><G14/><T132/><D132/><U92/><E66/><V93/><REACH who="2" step="1"/><F69/><REACH who="2" ten="250,240,230,270" step="2"/><N who="3" m="42159" /><G28/><N who="0" m="17463" /><D75/><AGARI ba="0,1" hai="17,18,19,58,63,64,75,79,81,88,91,93,96,102" machi="75" ten="40,5200,0" yaku="1,1,54,1,53,1" doraHai="51" doraHaiUra="77" who="2" fromWho="0" sc="250,-52,240,0,230,62,270,0" /><INIT seed="2,0,0,5,0,127" ten="198,240,292,270" oya="2" hai0="24,77,114,108,125,51,122,13,52,84,23,129,117" hai1="121,96,27,58,39,126,0,97,21,6,85,64,42" hai2="79,110,48,37,15,56,72,75,22,59,26,112,103" hai3="34,31,16,128,101,45,46,116,3,53,17,90,20"/><V44/><F112/><W134/><G116/><T102/><D122/><U67/><E121/><V94/><F37/><W73/><G3/><T28/><D117/><U47/><E126/><V89/><F103/><W133/><G73/><T86/><D114/><U30/><E6/><V120/><F120/><W82/><G101/><T49/><D125/><U50/><E0/><V36/><F36/><W87/><G34/><T10/><D108/><U100/><E85/><V80/><F75/><W130/><G31/><T32/><D129/><N who="3" m="49769" /><G53/><T65/><D102/><U99/><E39/><V81/><F110/><W11/><G11/><T123/><D123/><U35/><E35/><V41/><F81/><W71/><G71/><T29/><D65/><U61/><E67/><V76/><F79/><W95/><G82/><T38/><D38/><U107/><AGARI ba="0,0" hai="21,27,30,42,47,50,58,61,64,96,97,99,100,107" machi="107" ten="20,1500,0" yaku="0,1,7,1" doraHai="127" who="1" fromWho="1" sc="198,-4,240,15,292,-7,270,-4" /><INIT seed="3,0,0,1,5,43" ten="194,255,285,266" oya="3" hai0="117,38,134,26,101,78,3,127,133,95,122,9,25" hai1="104,112,83,105,5,90,85,65,76,21,12,40,20" hai2="36,88,98,106,103,46,94,2,63,11,35,119,64" hai3="123,10,42,56,71,107,55,27,32,17,13,22,91"/><W82/><G123/><T37/><D122/><U121/><E112/><V74/><F119/><W96/><G71/><T53/><D117/><U49/><E121/><V129/><F129/><W41/><G32/><T87/><D127/><U24/><E65/><V45/><F35/><W92/><G107/><T62/><D62/><U4/><E4/><V131/><F74/><W19/><REACH who="3" step="1"/><G82/><REACH who="3" ten="194,255,285,256" step="2"/><T54/><D134/><U130/><E105/><V73/><F131/><W61/><AGARI ba="0,1" hai="10,13,17,19,22,27,41,42,55,56,61,91,92,96" machi="61" ten="20,18000,2" yaku="1,1,2,1,0,1,7,1,25,2,8,1,53,0" doraHai="43" doraHaiUra="75" who="3" fromWho="3" sc="194,-60,255,-60,285,-60,256,190" /><INIT seed="3,1,0,4,2,73" ten="134,195,225,446" oya="3" hai0="85,132,28,11,133,55,109,6,39,87,62,26,0" hai1="38,46,80,70,29,107,10,52,72,45,81,131,18" hai2="106,40,63,123,58,1,4,88,57,65,22,25,129" hai3="127,102,14,100,97,116,110,92,47,108,31,122,2"/><W27/><G2/><T24/><D39/><U84/><E70/><V17/><F106/><W74/><G116/><T118/><D118/><U54/><E107/><V66/><F129/><W90/><G122/><T15/><D109/><N who="3" m="42089" /><G74/><T93/><D0/><U59/><E131/><V96/><F123/><W44/><G14/><T104/><D104/><U82/><E72/><V135/><F135/><N who="0" m="51786" /><D93/><U23/><E29/><V33/><F33/><N who="3" m="20735" /><G127/><T120/><D120/><U111/><E10/><V112/><F1/><W49/><G44/><N who="1" m="17002" /><E111/><V91/><F112/><W83/><G83/><N who="1" m="31818" /><E59/><V71/><F71/><W21/><G21/><N who="0" m="15375" /><D26/><N who="1" m="14711" /><E38/><V77/><F25/><W115/><G115/><T125/><D125/><U12/><E12/><V75/><F75/><W30/><G30/><T69/><D69/><U113/><E113/><V86/><F22/><W76/><G47/><T103/><D15/><U51/><E51/><V64/><F58/><W56/><G56/><T41/><D11/><U124/><E124/><V134/><F57/><W48/><G48/><T94/><D62/><U50/><E50/><V130/><F63/><W53/><G49/><T78/><D55/><U42/><E42/><V13/><F40/><W9/><G53/><T8/><D41/><U98/><E98/><V95/><F134/><W34/><G9/><T5/><D8/><U3/><E3/><V35/><F96/><W68/><G68/><T99/><D87/><U121/><E121/><V19/><F86/><W32/><G32/><T37/><D37/><U119/><E119/><V114/><F35/><W89/><G34/><T7/><D85/><RYUUKYOKU ba="1,0" sc="134,15,195,15,225,-15,446,-15" hai0="5,6,7,78,94,99,103" hai1="52,54,82,84" /><INIT seed="4,2,0,2,2,125" ten="149,210,210,431" oya="0" hai0="48,65,26,22,131,32,11,116,33,53,30,3,95" hai1="29,47,12,49,43,60,79,122,82,69,67,50,10" hai2="37,113,100,81,46,90,114,121,130,6,129,101,52" hai3="31,112,36,117,76,66,119,9,19,110,72,23,128"/><T51/><D116/><U83/><E122/><V73/><F121/><W134/><G36/><T54/><D131/><N who="2" m="50186" /><F6/><W97/><G66/><T78/><D65/><U132/><E132/><V13/><F13/><N who="3" m="7599" /><G97/><T104/><D104/><U25/><E50/><N who="2" m="28759" /><F37/><W96/><G96/><T17/><D78/><U88/><E88/><V15/><F15/><W103/><G76/><T1/><D95/><U86/><E83/><V39/><F39/><W64/><G103/><N who="2" m="39497" /><F73/><W115/><G72/><T34/><D11/><U2/><E2/><V91/><F91/><W77/><G128/><T35/><D3/><U63/><E12/><V92/><F81/><W18/><G117/><T55/><D1/><U106/><E10/><V85/><AGARI ba="2,0" hai="85,90,92,113,114" m="39497,28759,50186" machi="85" ten="30,8000,1" yaku="19,1,52,3,54,1" doraHai="125" who="2" fromWho="2" sc="149,-42,210,-22,210,86,431,-22" /><INIT seed="5,0,0,4,2,94" ten="107,188,296,409" oya="1" hai0="20,4,68,107,76,64,126,42,53,83,14,69,13" hai1="43,66,21,71,92,24,30,34,111,2,18,108,131" hai2="114,84,80,58,6,57,103,129,5,77,115,109,116" hai3="93,70,23,133,45,112,47,82,29,106,65,40,101"/><U50/><E131/><V15/><F109/><N who="1" m="42057" /><E2/><V17/><F116/><W87/><G106/><T39/><D107/><U33/><E66/><V48/><F103/><W124/><G112/><N who="2" m="43049" /><F129/><W49/><G133/><T88/><D126/><U19/><E71/><V104/><F104/><W100/><G124/><T74/><D53/><U25/><E92/><V135/><F135/><W7/><G70/><T59/><D69/><U91/><E91/><V102/><F102/><W117/><G65/><T95/><D68/><U125/><E125/><V98/><F5/><W113/><G7/><T35/><D35/><N who="1" m="20935" /><E50/><V121/><F48/><N who="3" m="26663" /><G93/><T10/><D39/><U16/><E43/><V37/><F37/><W130/><G117/><T41/><D64/><U118/><E118/><V62/><F62/><W31/><G130/><T127/><D59/><U110/><E110/><V56/><F58/><W75/><G49/><T36/><D36/><U123/><E123/><V128/><F57/><W54/><G101/><T46/><D127/><U86/><E86/><V26/><F121/><W12/><G87/><T32/><D46/><U97/><E97/><V85/><F98/><W38/><G47/><T9/><D32/><AGARI ba="0,0" hai="16,18,19,21,25,32,33,34" m="20935,42057" machi="32" ten="30,11600,0" yaku="10,1,34,2,54,1" doraHai="94" who="1" fromWho="0" sc="107,-116,188,116,296,0,409,0" owari="-9,-51.0,304,10.0,296,-10.0,409,51.0" /></mjloggm>