<mjloggm ver="2.3"><GO type="97" lobby="0"/><UN n0="%E5%B0%B1%E6%B4%BB%E7%94%9F%40%E5%B7%9D%E6%9D%91%E8%BB%8D%E5%9B%A3" n1="%E3%83%AD%E3%83%9C%E3%82%B3%E3%83%97" n2="%E6%A1%9C%E7%8E%8B%E5%A5%B3" n3="%E7%8B%A9%2D%67%61%72%69%2D" dan="15,15,14,15" rate="1962.31,1939.18,2027.22,1927.18" sx="M,M,F,M"/><TAIKYOKU oya="0"/><INIT seed="0,0,0,5,3,70" ten="250,250,250,250" oya="0" hai0="13,127,131,36,37,101,10,43,71,34,15,94,16" hai1="57,105,130,135,52,77,111,48,62,98,132,123,125" hai2="5,64,66,83,88,85,133,60,58,19,2,24,82" hai3="6,72,91,51,65,22,75,50,4,116,53,86,107"/><T119/><D34/><U103/><E123/><V23/><F133/><N who="1" m="51273" /><E111/><V33/><F33/><W97/><G116/><T61/><D119/><U87/><E125/><V14/><F2/><W63/><G75/><T25/><D127/><U11/><E130/><V68/><F68/><W90/><G72/><T124/><D124/><U95/><E11/><V104/><F104/><W56/><G50/><T28/><D131/><U0/><E0/><V79/><F64/><W40/><G40/><T93/><D43/><U120/><E120/><V129/><F129/><W128/><G128/><T42/><D42/><U96/><E77/><V110/><F110/><W89/><G22/><T74/><D74/><U31/><E31/><V106/><F106/><W122/><G122/><T55/><D15/><U59/><E87/><N who="2" m="48607" /><F5/><W121/><G121/><T3/><D3/><U7/><E7/><V46/><F46/><W92/><G107/><T38/><D101/><N who="1" m="60575" /><E59/><V114/><F114/><W118/><G118/><T126/><D126/><U100/><E100/><V117/><F117/><W113/><G113/><T109/><D109/><U29/><E29/><V41/><F41/><W1/><G1/><T30/><D71/><U81/><E81/><V8/><F8/><W35/><G35/><T99/><D99/><U78/><E78/><V49/><F14/><W21/><G6/><T54/><D28/><U17/><E17/><V108/><F108/><W84/><G4/><T45/><D45/><U76/><E76/><V18/><F19/><W67/><G97/><T47/><D47/><U32/><E32/><V20/><F23/><RYUUKYOKU ba="0,0" sc="250,-15,250,15,250,15,250,-15" hai1="48,52,57,62,98,103,105" hai2="18,20,24,49,58,60,66,83,85,88" /><INIT seed="1,1,0,2,3,124" ten="235,265,265,235" oya="1" hai0="16,67,43,58,28,7,11,23,103,8,97,21,100" hai1="94,72,113,133,130,76,95,131,1,64,118,66,110" hai2="128,60,38,132,47,85,122,90,111,36,0,115,96" hai3="119,121,14,17,53,33,4,39,84,106,74,71,108"/><U79/><E118/><V68/><F122/><W129/><RYUUKYOKU type="yao9" ba="1,0" sc="235,0,265,0,265,0,235,0" hai3="4,14,17,33,39,53,71,74,84,106,108,119,121,129" /><INIT seed="1,2,0,1,4,117" ten="235,265,265,235" oya="1" hai0="128,12,33,108,113,126,86,54,124,34,134,114,133" hai1="59,112,39,46,75,102,96,51,93,49,55,37,50" hai2="77,62,63,135,111,66,48,41,105,71,13,44,110" hai3="31,45,3,64,88,127,21,81,76,115,67,27,4"/><U29/><E112/><N who="0" m="43113" /><D86/><U53/><E75/><V8/><F105/><W94/><G127/><N who="0" m="48683" /><D54/><U120/><E120/><V1/><F1/><W101/><G101/><T84/><D84/><U20/><E50/><V60/><F77/><W47/><G115/><T52/><D52/><U103/><E103/><V80/><F80/><W95/><G4/><T73/><D73/><U90/><E90/><V83/><F83/><W28/><G3/><T107/><D107/><U106/><E106/><V125/><F125/><W42/><G47/><T89/><D89/><U7/><E7/><N who="2" m="3231" /><F135/><N who="0" m="51722" /><D108/><AGARI ba="2,0" hai="41,44,48,60,62,63,66,71,108,110,111" m="3231" machi="108" ten="30,1000,0" yaku="14,1" doraHai="117" who="2" fromWho="0" sc="235,-16,265,0,265,16,235,0" /><INIT seed="2,0,0,3,4,58" ten="219,265,281,235" oya="2" hai0="53,104,133,96,13,88,50,19,7,105,22,111,84" hai1="135,116,109,0,66,69,8,67,35,97,16,134,15" hai2="122,87,77,80,40,92,38,126,42,28,125,121,63" hai3="25,24,70,33,3,4,118,23,99,82,26,117,51"/><V130/><F130/><W39/><G39/><T93/><D133/><N who="1" m="50699" /><E116/><V81/><F28/><W106/><G70/><T108/><D7/><N who="1" m="1127" /><E35/><V52/><F81/><W60/><G33/><T112/><D112/><U85/><E109/><N who="0" m="42057" /><D96/><U18/><E69/><V54/><F92/><W65/><G23/><T36/><D36/><U73/><E73/><V129/><F129/><W91/><G3/><T2/><D2/><U37/><E37/><V62/><F38/><W20/><G4/><T46/><AGARI ba="0,0" hai="13,19,22,46,50,53,84,88,93,104,105" m="42057" machi="46" ten="30,2000,0" yaku="14,1,54,1" doraHai="58" who="0" fromWho="0" sc="219,20,265,-5,281,-10,235,-5" /><INIT seed="3,0,0,5,0,45" ten="239,260,271,230" oya="3" hai0="16,1,119,39,23,92,121,35,96,133,77,95,46" hai1="0,76,20,13,15,54,14,105,57,112,107,67,103" hai2="63,37,106,100,40,70,87,84,101,60,85,43,64" hai3="3,22,93,104,44,130,118,116,71,127,12,134,79"/><W90/><G3/><T91/><D35/><U97/><E112/><V18/><F106/><W47/><G104/><T72/><D121/><U38/><E0/><V115/><F115/><W50/><G71/><T55/><D1/><U80/><E38/><V69/><F18/><W28/><G130/><T68/><D119/><U131/><E131/><V32/><F32/><W26/><G127/><T129/><D68/><U78/><E67/><V58/><F69/><W109/><G134/><T82/><D129/><U48/><E107/><V81/><F81/><W36/><G109/><T88/><D133/><U108/><E108/><V19/><F19/><W122/><G122/><T10/><D10/><U123/><E123/><V56/><F70/><W8/><G79/><T52/><D39/><U7/><E7/><V66/><REACH who="2" step="1"/><F37/><REACH who="2" ten="239,260,261,230" step="2"/><W17/><G36/><T102/><D102/><AGARI ba="0,1" hai="40,43,56,58,60,63,64,66,84,85,87,100,101,102" machi="102" ten="40,8000,1" yaku="1,1,2,1,9,1,8,1,53,0" doraHai="45" doraHaiUra="21" who="2" fromWho="0" sc="239,-80,260,0,261,90,230,0" owari="159,-34.0,260,6.0,351,45.0,230,-17.0" /></mjloggm>