<mjloggm ver="2.3"><GO type="41" lobby="0"/><UN n0="%E5%B0%B1%E6%B4%BB%E7%94%9F%40%E5%B7%9D%E6%9D%91%E8%BB%8D%E5%9B%A3" n1="%52%65%79%65%73" n2="%41%49%4B%45" n3="%E3%81%82%E3%81%B5%E3%82%8A%E3%81%8B%E3%81%9E%E3%81%86" dan="16,13,13,13" rate="2091.96,1993.49,1849.28,1809.77" sx="M,M,M,M"/><TAIKYOKU oya="0"/><INIT seed="0,0,0,3,2,64" ten="250,250,250,250" oya="0" hai0="102,37,116,110,13,43,11,25,59,86,10,131,101" hai1="122,104,46,4,29,19,66,54,35,107,42,15,50" hai2="9,112,126,8,40,81,47,48,41,6,83,85,121" hai3="100,70,72,129,36,27,87,45,71,44,12,98,68"/><T31/><D116/><U57/><E122/><V96/><F121/><W20/><G72/><T34/><D131/><U26/><E4/><V17/><F126/><W74/><G74/><T119/><D119/><U5/><E5/><V53/><F112/><W88/><G129/><T94/><D110/><U21/><REACH who="1" step="1"/><E66/><REACH who="1" ten="250,240,250,250" step="2"/><V49/><F6/><W22/><G36/><AGARI ba="0,1" hai="15,19,21,26,29,35,36,42,46,50,54,57,104,107" machi="36" ten="30,7700,0" yaku="1,1,2,1,7,1,53,1" doraHai="64" doraHaiUra="52" who="1" fromWho="3" sc="250,0,240,87,250,0,250,-77" /><INIT seed="1,0,0,1,4,109" ten="250,327,250,173" oya="1" hai0="24,32,46,120,10,2,27,19,23,59,125,71,54" hai1="64,20,100,57,36,106,93,66,78,58,132,39,9" hai2="112,91,73,14,88,107,92,41,3,33,101,4,70" hai3="42,72,45,17,34,30,50,75,114,5,76,82,43"/><U26/><E106/><V84/><F3/><W63/><G5/><T104/><D71/><U97/><E78/><V11/><F70/><W113/><G72/><T6/><D104/><U131/><E131/><V95/><F33/><W1/><G1/><T90/><D120/><U129/><E129/><V118/><F73/><W22/><G63/><T31/><D125/><U12/><E132/><V83/><F118/><W127/><G127/><T52/><D46/><U44/><E44/><V130/><F130/><W119/><G119/><T13/><D59/><U80/><E80/><V96/><F107/><W51/><G34/><T56/><D56/><U102/><E102/><V60/><F60/><W61/><G61/><T15/><D15/><U123/><E123/><V68/><F68/><W115/><G30/><T53/><D24/><U98/><E98/><V121/><F121/><W47/><G17/><T79/><D90/><U133/><E133/><V124/><F124/><W67/><G22/><T7/><D7/><N who="1" m="3135" /><E39/><V69/><F69/><W74/><G75/><T81/><D54/><U99/><E99/><V65/><F65/><AGARI ba="0,0" hai="42,43,45,47,50,51,65,67,74,76,82,113,114,115" machi="65" ten="40,8000,1" yaku="9,1,52,3" doraHai="109" who="3" fromWho="2" sc="250,0,327,0,250,-80,173,80" /><INIT seed="2,0,0,3,4,69" ten="250,327,170,253" oya="2" hai0="68,60,109,135,106,104,46,40,81,37,12,116,30" hai1="59,86,20,8,129,2,39,111,21,127,25,74,132" hai2="124,98,42,87,71,62,27,101,4,44,73,45,70" hai3="114,76,99,115,65,79,97,61,48,131,82,28,9"/><V118/><F118/><W112/><G131/><T122/><D122/><U64/><E74/><V90/><F73/><W19/><G28/><T16/><D116/><U22/><E111/><V84/><F124/><W91/><G48/><T24/><D135/><U52/><E127/><V5/><F27/><W66/><G65/><T100/><D109/><U113/><E113/><V53/><F101/><W95/><G97/><T92/><D81/><U110/><E110/><V72/><F72/><W43/><G43/><T107/><D92/><U123/><E123/><V78/><F78/><W105/><G105/><T67/><D100/><U33/><E33/><V102/><F98/><W47/><G47/><T11/><REACH who="0" step="1"/><D107/><REACH who="0" ten="240,327,170,253" step="2"/><U130/><E132/><V38/><F102/><W80/><G82/><T128/><D128/><U51/><E130/><V75/><F75/><W57/><G80/><T18/><D18/><U56/><E129/><V14/><F5/><W120/><G120/><T36/><D36/><U13/><E39/><V7/><F38/><W41/><G19/><T55/><D55/><U10/><E64/><V1/><F53/><W15/><G41/><T94/><D94/><U89/><E52/><V108/><F42/><W125/><G125/><T34/><AGARI ba="0,1" hai="11,12,16,24,30,34,37,40,46,60,67,68,104,106" machi="34" ten="20,12000,2" yaku="1,1,0,1,7,1,52,1,54,1,53,1" doraHai="69" doraHaiUra="23" who="0" fromWho="0" sc="240,130,327,-30,170,-60,253,-30" /><INIT seed="3,0,0,5,4,50" ten="370,297,110,223" oya="3" hai0="114,46,61,41,82,39,95,23,93,8,94,57,0" hai1="35,43,26,130,111,47,122,91,74,102,106,25,112" hai2="132,32,15,34,7,56,115,51,107,90,55,4,49" hai3="33,18,19,78,71,86,20,128,119,31,30,84,123"/><W68/><G123/><T24/><D114/><U99/><E91/><V63/><F107/><W129/><G119/><T65/><D82/><U2/><E26/><V38/><F38/><W64/><G64/><T89/><D8/><U92/><E92/><V110/><F115/><W135/><G33/><T59/><D0/><U66/><E66/><V16/><F110/><W21/><REACH who="3" step="1"/><G78/><REACH who="3" ten="370,297,110,213" step="2"/><T75/><D65/><U131/><E35/><V17/><F132/><AGARI ba="0,1" hai="18,19,20,21,30,31,68,71,84,86,128,129,132,135" machi="132" ten="25,9600,0" yaku="1,1,2,1,22,2,53,0" doraHai="50" doraHaiUra="42" who="3" fromWho="2" sc="370,0,297,0,110,-96,213,106" /><INIT seed="3,1,0,1,5,119" ten="370,297,14,319" oya="3" hai0="11,67,23,4,108,53,6,25,52,118,9,55,77" hai1="5,8,128,120,20,44,51,100,134,65,101,2,42" hai2="66,12,91,28,64,17,114,111,133,99,31,32,123" hai3="112,75,106,3,97,62,117,22,36,46,57,43,135"/><W48/><G117/><T96/><D108/><U84/><E128/><V13/><F111/><W78/><G112/><T95/><D118/><U79/><E134/><V89/><F114/><W61/><G3/><T56/><D77/><U71/><E65/><V15/><F133/><W109/><G135/><T50/><D9/><U68/><E20/><V90/><F99/><W73/><G109/><T38/><D38/><U83/><REACH who="1" step="1"/><E120/><REACH who="1" ten="370,287,14,319" step="2"/><V107/><F32/><W86/><G22/><T1/><D67/><U130/><E130/><V0/><F123/><W69/><G69/><AGARI ba="1,1" hai="2,5,8,42,44,51,68,69,71,79,83,84,100,101" machi="69" ten="40,1300,0" yaku="1,1,53,0" doraHai="119" doraHaiUra="18" who="1" fromWho="3" sc="370,0,287,26,14,0,319,-16" /><INIT seed="4,0,0,1,1,46" ten="370,313,14,303" oya="0" hai0="44,3,76,86,11,104,24,75,81,39,5,100,130" hai1="92,110,55,36,120,22,42,27,114,35,127,71,40" hai2="61,90,67,68,31,52,45,112,51,98,32,72,62" hai3="41,69,34,18,58,96,135,64,19,105,97,29,47"/><T99/><D130/><U63/><E120/><V65/><F72/><W84/><G135/><T119/><D119/><U48/><E35/><V93/><F112/><W124/><G69/><T12/><D24/><U94/><E114/><V107/><F107/><W78/><G124/><T129/><D129/><U25/><E127/><V85/><F31/><W118/><G118/><T91/><D39/><U37/><E110/><V70/><REACH who="2" step="1"/><F32/><REACH who="2" ten="370,313,4,303" step="2"/><W109/><G105/><T15/><REACH who="0" step="1"/><D44/><REACH who="0" ten="360,313,4,303" step="2"/><U77/><E36/><V128/><F128/><W125/><G125/><T101/><D101/><U134/><E37/><V74/><F74/><W7/><G109/><T113/><D113/><U4/><E134/><V79/><F79/><W56/><G78/><T116/><D116/><U49/><E77/><V73/><F73/><W0/><G47/><T38/><D38/><U59/><E42/><V50/><F50/><W111/><G41/><T9/><D9/><U57/><E40/><V102/><F102/><W30/><G111/><T80/><AGARI ba="0,2" hai="3,5,11,12,15,75,76,80,81,86,91,99,100,104" machi="80" ten="20,3900,0" yaku="1,1,0,1,7,1,53,0" doraHai="46" doraHaiUra="17" who="0" fromWho="0" sc="360,59,313,-13,4,-13,303,-13" owari="419,52.0,300,10.0,-9,-51.0,290,-11.0" /></mjloggm>