<mjloggm ver="2.3"><GO type="169" lobby="0"/><UN n0="%E3%82%B7%E3%83%A3%E3%83%B3%E3%83%86%E3%83%B3%E5%9C%B0%E7%8D%84%E2%98%86" n1="%E3%83%AD%E3%83%83%E3%83%86%E9%9B%80%E7%90%83" n2="%54%2E%54%2E%38" n3="%E5%B0%B1%E6%B4%BB%E7%94%9F%40%E5%B7%9D%E6%9D%91%E8%BB%8D%E5%9B%A3" dan="16,17,16,17" rate="2048.48,2119.98,2101.35,2142.46" sx="M,M,M,M"/><TAIKYOKU oya="0"/><INIT seed="0,0,0,2,2,69" ten="250,250,250,250" oya="0" hai0="7,123,73,48,53,135,106,120,113,86,31,84,100" hai1="41,4,54,92,83,6,82,70,10,88,43,126,49" hai2="87,125,13,26,109,78,62,58,90,55,59,67,107" hai3="101,133,118,33,132,8,14,32,57,51,27,77,28"/><T18/><D73/><U124/><E70/><V24/><F107/><W116/><G77/><T115/><D31/><U5/><E10/><V2/><F2/><W61/><G51/><T110/><D7/><U127/><E41/><V56/><F125/><W21/><G101/><T95/><D106/><U29/><E29/><V20/><F109/><W46/><G46/><T129/><D110/><U39/><E39/><V34/><F78/><W66/><G116/><T117/><D117/><U128/><E43/><V91/><F34/><W71/><G71/><T74/><D74/><U103/><E103/><V93/><F91/><W16/><REACH who="3" step="1"/><G118/><REACH who="3" ten="250,250,250,240" step="2"/><T111/><D100/><U75/><E75/><V30/><F59/><W112/><G112/><T38/><D48/><U45/><REACH who="1" step="1"/><E128/><REACH who="1" ten="250,240,250,240" step="2"/><V108/><F108/><W25/><G25/><T134/><D111/><U35/><E35/><AGARI ba="0,2" hai="8,14,16,21,27,28,32,33,35,57,61,66,132,133" machi="35" ten="40,2600,0" yaku="1,1,54,1,53,0" doraHai="69" doraHaiUra="40" who="3" fromWho="1" sc="250,0,240,-26,250,0,240,46" /><INIT seed="1,0,0,5,4,109" ten="250,214,250,286" oya="1" hai0="108,81,86,105,119,17,50,82,20,92,75,71,115" hai1="39,117,58,76,99,135,130,125,122,63,134,123,27" hai2="25,3,10,132,68,85,13,54,29,110,7,62,41" hai3="64,48,83,102,120,70,101,78,93,38,116,43,113"/><U12/><E117/><V16/><F110/><W72/><G116/><T55/><D71/><U22/><E39/><V35/><F132/><N who="1" m="50729" /><E125/><V45/><F85/><W91/><G120/><T77/><D108/><U18/><E130/><V51/><F68/><W124/><G38/><T95/><D105/><U69/><E69/><V90/><F90/><W111/><G111/><T37/><D37/><U33/><E76/><V121/><F121/><W57/><G124/><T128/><D128/><U2/><E99/><V32/><F62/><W97/><G113/><T5/><D5/><U23/><E33/><V74/><F74/><W4/><G4/><T67/><D67/><N who="1" m="39415" /><E2/><V26/><F26/><W44/><G70/><T87/><D115/><U6/><E6/><V84/><F84/><W94/><G94/><T107/><D107/><U49/><E49/><V61/><F61/><W100/><G57/><N who="0" m="33015" /><D75/><U40/><E40/><V60/><F60/><W98/><G64/><T15/><D119/><U65/><E65/><V52/><F35/><W103/><G103/><T8/><D20/><AGARI ba="0,0" hai="3,7,10,13,16,20,25,29,32,41,45,51,52,54" machi="20" ten="30,8000,1" yaku="7,1,24,2,54,2" doraHai="109" who="2" fromWho="0" sc="250,-80,214,0,250,80,286,0" /><INIT seed="2,0,0,0,2,60" ten="170,214,330,286" oya="2" hai0="39,45,109,72,83,17,84,92,48,2,126,108,38" hai1="73,91,133,57,6,81,120,23,49,102,127,76,5" hai2="40,132,58,121,74,112,42,35,71,32,95,122,31" hai3="50,12,16,34,94,131,107,65,51,1,15,56,130"/><V61/><F71/><W85/><G107/><T53/><D2/><U19/><E127/><V67/><F74/><W118/><G34/><T116/><D126/><U100/><E133/><V98/><F112/><W124/><G1/><T13/><D72/><U115/><E115/><V69/><F132/><W22/><G118/><T104/><D92/><U93/><E120/><V80/><F69/><W79/><G124/><T129/><D104/><U10/><E49/><V88/><F80/><W36/><G36/><T99/><D99/><U33/><E33/><V135/><F135/><W103/><G15/><T46/><D129/><N who="3" m="49161" /><G79/><T82/><D82/><U41/><E41/><V25/><REACH who="2" step="1"/><F35/><REACH who="2" ten="170,214,320,286" step="2"/><W26/><G26/><T30/><D116/><U14/><E81/><V44/><F44/><W55/><G85/><T24/><D108/><U105/><E73/><V113/><F113/><W128/><G128/><T111/><D111/><U75/><E75/><V78/><F78/><W9/><G94/><T27/><D109/><U18/><E93/><V87/><F87/><W97/><G97/><T86/><D86/><U62/><E76/><V89/><F89/><W68/><G103/><T63/><D45/><U119/><E91/><V11/><F11/><W4/><G9/><N who="0" m="6319" /><D84/><U134/><E134/><V0/><F0/><W43/><G4/><N who="1" m="1642" /><E119/><V90/><F90/><W117/><G117/><T21/><D83/><U37/><E105/><V106/><F106/><W77/><G77/><T20/><D63/><U54/><E102/><V66/><F66/><W70/><G65/><T110/><D110/><U3/><E100/><RYUUKYOKU ba="0,1" sc="170,10,214,-30,320,10,286,10" hai0="20,21,24,27,30,38,39,46,48,53" hai2="25,31,32,40,42,58,61,67,88,95,98,121,122" hai3="12,16,22,43,50,51,55,56,68,70" /><INIT seed="2,1,1,5,2,131" ten="180,184,330,296" oya="2" hai0="38,53,93,128,122,104,134,50,83,82,39,120,58" hai1="95,89,26,121,132,25,108,34,91,22,73,98,71" hai2="76,61,96,70,84,57,107,49,37,30,13,36,47" hai3="130,67,12,113,24,52,66,125,21,116,85,86,68"/><V60/><F30/><N who="3" m="17679" /><G68/><T100/><D104/><U112/><E108/><V6/><F107/><W5/><G130/><T87/><D128/><U28/><E112/><V7/><F96/><W74/><G74/><T64/><D64/><N who="3" m="24617" /><G125/><T51/><D51/><U80/><E71/><V20/><F70/><W48/><G113/><T75/><D134/><U92/><E132/><V14/><F37/><W94/><G94/><T99/><D75/><U23/><E121/><V35/><F36/><W63/><G63/><N who="2" m="24137" /><F57/><N who="3" m="32903" /><G116/><T65/><D38/><U32/><E80/><N who="2" m="47111" /><F35/><W127/><G127/><T17/><D39/><U111/><E111/><V43/><F20/><W115/><G115/><T46/><D122/><U81/><E81/><V42/><F42/><W54/><G54/><T97/><D120/><U27/><E73/><V62/><F62/><W101/><G101/><T56/><D65/><U114/><E114/><V117/><F117/><W126/><G126/><T110/><D110/><U77/><E77/><V44/><F44/><W19/><G5/><AGARI ba="1,1" hai="5,6,7,13,14,43,47,49" m="47111,24137" machi="5" ten="30,1500,0" yaku="8,1" doraHai="131" who="2" fromWho="3" sc="180,0,184,0,330,28,296,-18" /><INIT seed="2,2,0,2,1,102" ten="180,184,358,278" oya="2" hai0="3,24,106,85,97,43,40,35,20,30,105,95,83" hai1="7,58,0,4,73,127,87,54,1,66,69,103,44" hai2="10,110,80,18,86,37,104,98,82,79,117,132,71" hai3="26,74,114,51,33,133,92,64,111,109,52,48,67"/><V96/><F71/><W75/><G133/><T45/><D3/><U90/><E73/><N who="3" m="27658" /><G114/><T36/><D40/><U49/><E127/><V81/><F37/><W99/><G26/><T61/><D35/><U62/><E103/><N who="2" m="62567" /><F18/><W65/><G33/><T15/><D15/><U31/><E31/><V135/><F10/><W32/><G32/><T100/><REACH who="0" step="1"/><D61/><REACH who="0" ten="170,184,358,278" step="2"/><U50/><E0/><V23/><F117/><W120/><G120/><T21/><D21/><U34/><E34/><V70/><F23/><W19/><G111/><T16/><D16/><U119/><E119/><V124/><F110/><W6/><G19/><T89/><AGARI ba="2,1" hai="20,24,30,36,43,45,83,85,89,95,97,100,105,106" machi="89" ten="20,8000,1" yaku="1,1,0,1,7,1,52,2,53,0" doraHai="102" doraHaiUra="72" who="0" fromWho="0" sc="170,96,184,-22,358,-42,278,-22" /><INIT seed="3,0,0,3,5,13" ten="266,162,316,256" oya="3" hai0="3,4,119,115,72,42,58,89,112,54,20,49,118" hai1="47,123,86,85,50,114,111,107,120,131,24,11,44" hai2="75,117,23,73,1,91,29,76,56,16,74,126,104" hai3="101,127,52,129,26,83,95,64,79,90,31,68,63"/><W8/><G127/><T77/><D42/><U99/><E114/><N who="0" m="43561" /><D89/><U18/><E111/><V25/><F104/><W102/><G129/><T103/><D103/><U19/><E131/><V10/><F117/><W87/><G8/><N who="0" m="2079" /><D20/><N who="1" m="13335" /><E107/><V22/><F126/><W21/><REACH who="3" step="1"/><G52/><REACH who="3" ten="266,162,316,246" step="2"/><T14/><D119/><U0/><E123/><V92/><F10/><W80/><G80/><T98/><D118/><U9/><E120/><V110/><F1/><W7/><G7/><T105/><D54/><N who="1" m="30023" /><E0/><V38/><F110/><W61/><G61/><T71/><D71/><U116/><E116/><V55/><F38/><W133/><G133/><T113/><D49/><U59/><E59/><V128/><F128/><W43/><G43/><T70/><D58/><U88/><E47/><V5/><F5/><W93/><G93/><T124/><D70/><U37/><E37/><V84/><F55/><W81/><G81/><N who="0" m="45223" /><D124/><U69/><E69/><V109/><F56/><W45/><G45/><T96/><D113/><U60/><E60/><V82/><REACH who="2" step="1"/><F109/><REACH who="2" ten="266,162,306,246" step="2"/><W57/><G57/><T40/><D105/><U65/><E9/><V39/><F39/><W134/><G134/><T34/><D40/><U106/><E106/><V78/><F78/><W132/><G132/><T94/><D94/><N who="1" m="56775" /><E65/><V66/><F66/><W48/><G48/><T15/><D34/><U53/><E53/><V17/><F17/><W12/><G12/><RYUUKYOKU type="ron3" ba="0,2" sc="266,0,162,0,306,0,246,0" hai0="14,15,96,98" hai1="11,19,85,86" hai2="16,22,23,25,29,73,74,75,76,82,84,91,92" /><INIT seed="3,1,2,3,0,39" ten="266,162,306,246" oya="3" hai0="64,66,132,107,45,127,65,62,105,109,53,27,72" hai1="96,1,15,9,101,55,49,113,10,26,120,40,99" hai2="118,82,12,70,89,68,21,106,44,78,59,35,97" hai3="60,63,133,125,98,6,13,14,19,108,67,0,93"/><W47/><G125/><T71/><D72/><U121/><E113/><V115/><F118/><W5/><G0/><T128/><D127/><U69/><E69/><V58/><F115/><W100/><G133/><T42/><D132/><U18/><E26/><V111/><F35/><W83/><G108/><T3/><D3/><U85/><E85/><V16/><F111/><W30/><G30/><T33/><D109/><U28/><E28/><V90/><F68/><W23/><G47/><T22/><D33/><U36/><E36/><V130/><F70/><W81/><G67/><T84/><D84/><U102/><E40/><V38/><F130/><W91/><G13/><T114/><D114/><U124/><E124/><V56/><F106/><W8/><G8/><T54/><D71/><U20/><E121/><V2/><F2/><W41/><G41/><T7/><D7/><N who="3" m="2569" /><G100/><N who="1" m="38506" /><E120/><V17/><F97/><N who="1" m="37449" /><E1/><V52/><F38/><W29/><G29/><T34/><D34/><U117/><E117/><V131/><F131/><W31/><G31/><T51/><D128/><U135/><E135/><V92/><F17/><W11/><G11/><T103/><D103/><U116/><E116/><V80/><F78/><W32/><G32/><T48/><D105/><U110/><E110/><V50/><F92/><W112/><G112/><T43/><D107/><U79/><E79/><V57/><N who="2" m="14336" /><DORA hai="61" /><V119/><REACH who="2" step="1"/><F119/><REACH who="2" ten="266,162,296,246" step="2"/><W95/><G93/><T123/><D123/><U74/><E74/><V37/><F37/><W134/><G134/><T104/><D104/><U129/><E129/><V46/><F46/><AGARI ba="1,3" hai="9,10,15,18,20,46,49,55" m="37449,38506" machi="46" ten="30,1000,0" yaku="8,1" doraHai="39,61" who="1" fromWho="2" sc="266,0,162,43,296,-13,246,0" /><INIT seed="4,0,0,4,2,130" ten="266,205,283,246" oya="0" hai0="60,94,49,32,65,18,30,126,96,1,66,48,31" hai1="131,46,38,127,26,92,107,70,113,71,74,125,108" hai2="98,8,133,56,79,29,68,77,6,37,45,36,41" hai3="88,57,83,132,35,111,73,15,16,78,86,47,44"/><T85/><D1/><U69/><E107/><V89/><F68/><W72/><G132/><T95/><D126/><N who="1" m="48139" /><E74/><V25/><F56/><W33/><G111/><T121/><D121/><U112/><E131/><V129/><F133/><W135/><G135/><T2/><D2/><U81/><E81/><V120/><F37/><W0/><G0/><T19/><D85/><U42/><E92/><V91/><F120/><W53/><G72/><T118/><D118/><U14/><E14/><V55/><F55/><W20/><G35/><T116/><D116/><U87/><E87/><V62/><F62/><W27/><G33/><T12/><D32/><U100/><E100/><V34/><F129/><W59/><G59/><T23/><D60/><U21/><E108/><V103/><F77/><W3/><G3/><T117/><D117/><U64/><E64/><N who="0" m="24681" /><D19/><AGARI ba="0,0" hai="19,21,26,38,42,46,69,70,71,112,113" m="48139" machi="19" ten="40,1300,0" yaku="18,1" doraHai="130" who="1" fromWho="0" sc="266,-13,205,13,283,0,246,0" /><INIT seed="5,0,0,2,5,25" ten="253,218,283,246" oya="1" hai0="113,119,26,130,54,131,33,109,100,114,0,87,116" hai1="58,112,46,104,80,35,2,19,98,60,13,107,105" hai2="64,3,45,106,21,73,124,110,62,128,76,37,118" hai3="51,27,14,16,77,12,53,133,121,72,67,18,6"/><U101/><E2/><V11/><F21/><W91/><G121/><T82/><D100/><U125/><E125/><V42/><F118/><W36/><G36/><T108/><D0/><U44/><E112/><N who="0" m="43113" /><D54/><U111/><E111/><N who="0" m="42569" /><D26/><U71/><E71/><N who="2" m="42391" /><F110/><W129/><G77/><N who="0" m="46543" /><D33/><U83/><E35/><V69/><F69/><W39/><G72/><T68/><D68/><U29/><E29/><V38/><F38/><W92/><G67/><T81/><D81/><U103/><E83/><N who="2" m="45455" /><F124/><W52/><G53/><T8/><D8/><U10/><E80/><V135/><F135/><W115/><G133/><T30/><D30/><U48/><E103/><V102/><F11/><W55/><G115/><T120/><D120/><U78/><E78/><V90/><F3/><W75/><G55/><T86/><D86/><U56/><E60/><V41/><F41/><W132/><G75/><T89/><D89/><U9/><E9/><V122/><F90/><W1/><G132/><T59/><D59/><U43/><REACH who="1" step="1"/><E44/><REACH who="1" ten="253,208,283,246" step="2"/><V85/><F122/><W57/><G1/><T4/><D4/><U49/><E49/><V93/><F102/><W15/><G6/><T79/><D79/><U126/><E126/><V24/><F45/><W127/><G127/><T7/><D7/><U96/><E96/><V95/><F37/><W28/><G39/><T63/><D63/><U117/><E117/><AGARI ba="0,1" hai="116,117,119,130,131" m="46543,42569,43113" machi="117" ten="40,5200,0" yaku="15,1,34,2" doraHai="25" who="0" fromWho="1" sc="253,62,208,-52,283,0,246,0" /><INIT seed="6,0,0,4,5,106" ten="315,156,283,246" oya="2" hai0="119,85,55,34,5,59,70,2,0,96,16,129,135" hai1="74,32,49,47,54,99,3,107,86,131,40,88,126" hai2="125,66,64,43,12,24,48,102,78,53,97,128,75" hai3="26,6,127,37,21,114,8,122,60,67,71,52,38"/><V104/><F128/><W115/><G122/><T90/><D34/><U94/><E131/><V113/><F113/><N who="3" m="43019" /><G127/><T4/><D70/><U36/><E126/><V89/><F125/><W50/><G8/><T25/><D135/><U18/><E32/><V84/><F43/><W1/><G1/><T100/><D119/><U69/><E69/><V39/><F24/><W63/><G6/><T46/><D46/><U93/><E3/><V68/><F39/><N who="3" m="14859" /><G21/><N who="0" m="13479" /><D2/><U28/><E28/><V87/><F68/><W56/><G26/><T130/><D0/><U110/><E110/><V83/><F12/><W112/><N who="3" m="43027" /><W51/><AGARI ba="0,0" hai="50,51,52,56,60,63,67,71" m="14859,43027" machi="51" ten="50,12000,2" yaku="4,1,15,1,11,1,34,2,54,1" doraHai="106" who="3" fromWho="3" sc="315,-30,156,-30,283,-60,246,120" /><INIT seed="7,0,0,5,5,85" ten="285,126,223,366" oya="3" hai0="99,11,72,124,91,119,97,2,127,107,26,134,42" hai1="100,121,29,115,43,45,65,38,54,46,123,102,135" hai2="67,57,90,78,37,68,5,87,73,75,117,53,74" hai3="30,94,41,95,6,79,16,22,105,132,58,98,130"/><W61/><G130/><T47/><D119/><U20/><E102/><V12/><F37/><W52/><G132/><T60/><D72/><U35/><E35/><V113/><F117/><W70/><G70/><T7/><D134/><U23/><E135/><V71/><F71/><W18/><BYE who="2" /><G105/><T82/><D60/><U59/><E100/><V48/><F48/><W14/><G79/><T89/><D82/><U92/><E92/><N who="3" m="35370" /><G41/><T8/><D8/><U28/><E115/><V81/><F81/><W129/><G98/><N who="0" m="37387" /><D26/><U36/><E65/><V88/><F88/><N who="0" m="33866" /><D107/><UN n2="%54%2E%54%2E%38" /><U40/><REACH who="1" step="1"/><E59/><REACH who="1" ten="285,116,223,366" step="2"/><V13/><F67/><W31/><G129/><T110/><D110/><U19/><E19/><N who="3" m="7210" /><G22/><T3/><D124/><U33/><E33/><V1/><F68/><W125/><G125/><T112/><D127/><U128/><E128/><V15/><F113/><W21/><G21/><T27/><D112/><U120/><E120/><V80/><F57/><W133/><G133/><T114/><D114/><U44/><E44/><V108/><F108/><W83/><G83/><T50/><D47/><U55/><AGARI ba="0,1" hai="20,23,28,29,36,38,40,43,45,46,54,55,121,123" machi="55" ten="25,6400,0" yaku="1,1,0,1,22,2,53,0" doraHai="85" doraHaiUra="63" who="1" fromWho="1" sc="285,-16,116,74,223,-16,366,-32" owari="269,7.0,190,-31.0,207,-19.0,334,43.0" /></mjloggm>