<mjloggm ver="2.3"><GO type="41" lobby="0"/><UN n0="%E5%B0%B1%E6%B4%BB%E7%94%9F%40%E5%B7%9D%E6%9D%91%E8%BB%8D%E5%9B%A3" n1="%55%52%41%4E" n2="%68%61%6D%5F%55%5F" n3="%6F%2D%62%61%74%79" dan="17,13,15,14" rate="2097.93,1902.94,2013.48,1874.53" sx="M,F,M,M"/><TAIKYOKU oya="0"/><INIT seed="0,0,0,2,4,102" ten="250,250,250,250" oya="0" hai0="119,78,27,112,75,65,84,66,20,21,108,29,135" hai1="17,13,62,56,12,50,22,123,116,121,115,42,96" hai2="10,28,36,87,16,79,67,9,69,103,18,94,111" hai3="59,90,0,126,35,57,8,88,64,104,114,46,80"/><T44/><D75/><U43/><E116/><V26/><F36/><W100/><G114/><T2/><D2/><U47/><E115/><V118/><F118/><W128/><G35/><T48/><D112/><U1/><E1/><V117/><F117/><W41/><G128/><T37/><D119/><U81/><E43/><V101/><F111/><W132/><G132/><T76/><D37/><U60/><E12/><V133/><F69/><W39/><G126/><T120/><D120/><U58/><E81/><N who="2" m="47551" /><F133/><W124/><G124/><T24/><D135/><U40/><E96/><N who="2" m="59543" /><F67/><W131/><G131/><T19/><D108/><U63/><REACH who="1" step="1"/><E40/><REACH who="1" ten="250,240,250,250" step="2"/><V15/><F103/><W34/><G41/><N who="0" m="24591" /><D78/><U113/><E113/><V129/><F129/><W51/><G0/><T97/><D97/><U98/><E98/><V89/><F89/><W99/><G88/><T49/><D76/><U130/><E130/><V134/><F134/><W7/><G90/><T30/><D84/><U83/><E83/><V3/><F3/><W77/><G80/><T25/><D49/><U55/><E55/><V86/><F86/><W85/><G85/><T109/><D109/><U45/><E45/><V11/><F15/><W52/><G46/><T82/><D82/><U122/><AGARI ba="0,1" hai="13,17,22,42,47,50,56,58,60,62,63,121,122,123" machi="122" ten="40,2700,0" yaku="1,1,0,1,53,0" doraHai="102" doraHaiUra="91" who="1" fromWho="1" sc="250,-13,240,37,250,-7,250,-7" /><INIT seed="1,0,0,3,1,22" ten="237,277,243,243" oya="1" hai0="110,62,123,14,89,11,116,115,15,74,29,113,10" hai1="121,58,49,63,85,24,118,45,40,42,109,65,125" hai2="80,132,91,4,82,99,50,3,135,101,95,76,30" hai3="0,55,60,8,133,126,104,73,7,34,84,23,56"/><U97/><E121/><V105/><F4/><W47/><G73/><T6/><D74/><U111/><E97/><N who="2" m="61615" /><F50/><W92/><G34/><T61/><D116/><U112/><E85/><N who="2" m="50599" /><F30/><W100/><G104/><T94/><D123/><U93/><E118/><V54/><F54/><W117/><G117/><T98/><D110/><N who="1" m="41995" /><E93/><V32/><F32/><W69/><G133/><N who="2" m="51273" /><F3/><W106/><G106/><T19/><D29/><U33/><E125/><V17/><F17/><W57/><G126/><T79/><D79/><U37/><E112/><V83/><F76/><W77/><G69/><T27/><D115/><U72/><E40/><V64/><F64/><W134/><G134/><T20/><D113/><U86/><E37/><V96/><F96/><W128/><G47/><T53/><D53/><U38/><E38/><V18/><F18/><W59/><G77/><T39/><D39/><U70/><E70/><V130/><F130/><W119/><G128/><T67/><D67/><U1/><E1/><V124/><F124/><W26/><G119/><T46/><D46/><U87/><E33/><V75/><F75/><W107/><G107/><T102/><D102/><AGARI ba="0,0" hai="82,83,95,99,102" m="51273,50599,61615" machi="102" ten="30,3900,0" yaku="20,1,34,2" doraHai="22" who="2" fromWho="0" sc="237,-39,277,0,243,39,243,0" /><INIT seed="2,0,0,3,4,112" ten="198,277,282,243" oya="2" hai0="21,77,61,34,89,135,75,8,113,123,74,110,129" hai1="121,29,2,91,88,20,44,107,105,108,118,66,71" hai2="30,94,57,73,81,43,22,39,95,93,6,80,55" hai3="13,52,82,67,125,84,45,59,15,128,101,99,72"/><V130/><F130/><W58/><G72/><T33/><D113/><U102/><E121/><V78/><F80/><W92/><G125/><T31/><D123/><U1/><E108/><V115/><F115/><W18/><G128/><T116/><D129/><U26/><E44/><V119/><F119/><W28/><G28/><T56/><D110/><U48/><E48/><V109/><F109/><W9/><G67/><T41/><D135/><U69/><E118/><V49/><F30/><W103/><G45/><T124/><D116/><U132/><E132/><V25/><F6/><W4/><G103/><T76/><D41/><U16/><E29/><V68/><F68/><W131/><G131/><T19/><D89/><U117/><E117/><V90/><F43/><W12/><G18/><T79/><D8/><U7/><E7/><V51/><F39/><W40/><G40/><T47/><D47/><U60/><E71/><V133/><F133/><W17/><G17/><T10/><D10/><U134/><E134/><V0/><F0/><W63/><G59/><T5/><D5/><U54/><E54/><V36/><F36/><W87/><G87/><T98/><D124/><U64/><E64/><V23/><F73/><W62/><G62/><T42/><D42/><U11/><E102/><V97/><F51/><W96/><G96/><T14/><D98/><U32/><E32/><N who="0" m="12393" /><D31/><U37/><E37/><V100/><F100/><W53/><G53/><N who="0" m="33935" /><D75/><U104/><E11/><V46/><F46/><W3/><G3/><T83/><D74/><U111/><E111/><V70/><F57/><W114/><G114/><RYUUKYOKU ba="0,0" sc="198,10,277,10,282,-30,243,10" hai0="14,19,21,76,77,79,83" hai1="1,2,16,20,26,60,66,69,88,91,104,105,107" hai3="4,9,12,13,15,52,58,63,82,84,92,99,101" /><INIT seed="3,1,0,3,4,17" ten="208,287,252,253" oya="3" hai0="10,112,67,51,60,102,111,30,109,13,108,69,26" hai1="24,81,1,38,77,99,31,131,130,82,57,25,122" hai2="105,11,20,89,91,113,123,55,97,28,41,132,92" hai3="93,33,85,71,22,8,47,87,39,80,49,23,4"/><W120/><G33/><T119/><D119/><U115/><E38/><V59/><F113/><W110/><G39/><T65/><D112/><U58/><E122/><V29/><F123/><W117/><G120/><T76/><D67/><U36/><E36/><V64/><F132/><W127/><G117/><T135/><D135/><U0/><E115/><V34/><F34/><W96/><G71/><T100/><D51/><U40/><E40/><V121/><F121/><W48/><G127/><T66/><D66/><U79/><REACH who="1" step="1"/><E99/><REACH who="1" ten="208,277,252,253" step="2"/><V5/><F41/><W124/><G124/><T14/><D76/><U134/><E134/><V27/><F64/><W15/><G110/><T16/><REACH who="0" step="1"/><D14/><REACH who="0" ten="198,277,252,253" step="2"/><U2/><E2/><V19/><F105/><W94/><G96/><T44/><D44/><U128/><E128/><V21/><F97/><W74/><G47/><T83/><D83/><U75/><E75/><V9/><F92/><N who="3" m="35435" /><G74/><T37/><D37/><U45/><E45/><V86/><F86/><N who="3" m="32779" /><G80/><T46/><D46/><U126/><E126/><V125/><F125/><W73/><G73/><T78/><D78/><U98/><E98/><V106/><F106/><W61/><G61/><T12/><D12/><U104/><E104/><V53/><F91/><W63/><G63/><T84/><D84/><U52/><E52/><V72/><F89/><W7/><G7/><T103/><D103/><U62/><E62/><V133/><F72/><W88/><G88/><T129/><D129/><U32/><E32/><AGARI ba="1,2" hai="10,13,16,26,30,32,60,65,69,100,102,108,109,111" machi="32" ten="40,5200,0" yaku="1,1,14,1,54,1,53,0" doraHai="17" doraHaiUra="43" who="0" fromWho="1" sc="198,75,277,-55,252,0,253,0" /><INIT seed="4,0,0,4,4,95" ten="273,222,252,253" oya="0" hai0="125,28,115,16,39,65,131,127,52,121,49,22,9" hai1="46,48,118,10,96,79,105,120,60,3,57,14,82" hai2="35,50,51,19,75,20,42,21,119,44,71,70,72" hai3="63,0,41,61,108,38,23,129,12,122,53,77,32"/><T111/><D39/><U66/><E120/><V104/><F35/><W88/><G32/><T17/><D121/><U26/><E118/><V58/><F104/><W81/><G0/><T59/><D115/><U85/><E3/><V101/><F101/><W99/><G122/><T107/><D107/><U67/><E26/><V135/><F119/><W25/><G38/><T64/><D131/><U36/><E36/><V92/><F135/><W128/><G41/><T5/><D111/><U93/><E105/><V31/><F31/><W69/><G69/><T56/><D28/><U89/><E60/><V30/><F30/><N who="3" m="17727" /><G12/><N who="0" m="5167" /><D56/><U18/><REACH who="1" step="1"/><E57/><REACH who="1" ten="273,212,252,253" step="2"/><V97/><F58/><W76/><G108/><T27/><D125/><U103/><E103/><V113/><F70/><W8/><G63/><T4/><D127/><U83/><E83/><V33/><F71/><W15/><G81/><T116/><D116/><U106/><E106/><V87/><F51/><W37/><G37/><T54/><D65/><U133/><E133/><V43/><F50/><W102/><G102/><T1/><D64/><U68/><E68/><V7/><F113/><W98/><G129/><T78/><D59/><U6/><E6/><V112/><F7/><N who="3" m="3487" /><G61/><T80/><D1/><U55/><AGARI ba="0,1" hai="10,14,18,46,48,55,66,67,79,82,85,89,93,96" machi="55" ten="20,8000,1" yaku="1,1,0,1,7,1,8,1,52,1,53,0" doraHai="95" doraHaiUra="126" who="1" fromWho="1" sc="273,-40,212,90,252,-20,253,-20" /><INIT seed="5,0,0,1,5,128" ten="233,302,232,233" oya="1" hai0="102,124,28,122,13,107,114,73,42,17,15,40,76" hai1="45,132,1,23,131,30,8,94,116,97,47,111,95" hai2="110,75,68,29,22,36,43,18,67,5,123,117,121" hai3="6,52,57,24,133,109,77,99,127,44,49,106,64"/><U39/><E116/><V56/><F75/><W20/><G109/><T101/><D122/><U59/><E111/><V72/><F72/><W71/><G133/><T54/><D114/><U2/><E131/><V129/><F68/><W32/><G32/><T61/><D124/><U91/><E132/><V104/><F104/><W3/><G127/><T60/><D73/><U69/><E69/><V34/><F34/><W37/><G77/><T19/><D76/><U35/><E35/><V25/><F110/><W108/><G108/><T96/><D28/><U12/><E59/><V11/><F36/><W79/><G79/><T130/><D130/><U55/><E39/><V90/><F117/><W0/><G6/><T113/><D113/><U125/><E125/><V78/><F129/><W48/><G106/><T135/><D135/><U93/><E2/><V118/><F118/><W92/><G37/><T41/><D102/><U81/><E81/><V16/><F121/><W10/><G10/><T87/><D87/><U103/><E103/><V80/><F123/><W89/><G64/><T98/><D54/><U120/><E120/><V83/><F43/><W85/><G71/><T38/><D38/><U50/><E1/><V70/><F70/><W126/><G126/><T46/><D46/><U74/><E45/><V7/><F78/><W88/><G48/><T112/><D112/><U82/><E74/><V9/><F83/><W51/><G51/><T27/><D27/><N who="1" m="16767" /><E82/><V58/><F80/><N who="3" m="49191" /><G44/><T62/><D98/><U53/><E55/><V65/><F90/><W31/><G3/><T86/><D86/><RYUUKYOKU ba="0,0" sc="233,10,302,10,232,-30,233,10" hai0="13,15,17,19,40,41,42,60,61,62,96,101,107" hai1="8,12,47,50,53,91,93,94,95,97" hai3="0,20,24,31,49,52,57,89,92,99" /><INIT seed="5,1,0,0,2,40" ten="243,312,202,243" oya="1" hai0="36,119,63,2,97,120,65,62,25,32,91,89,59" hai1="28,70,33,130,41,6,48,115,69,118,121,15,78" hai2="22,43,100,53,82,61,94,92,81,16,74,26,90" hai3="67,45,107,99,12,35,76,113,23,86,80,123,88"/><U21/><E121/><V0/><F0/><W49/><G35/><T95/><D119/><U14/><E118/><V19/><F74/><W30/><G123/><T132/><D36/><U75/><E33/><V64/><F100/><W85/><G113/><T56/><D120/><U20/><E115/><V125/><F125/><W42/><G67/><T3/><D132/><U124/><E124/><V73/><F94/><N who="3" m="54543" /><G107/><T93/><D25/><U27/><E130/><V31/><F43/><W84/><G84/><T109/><D32/><U13/><E75/><V126/><F126/><W34/><G34/><T83/><D83/><U87/><E70/><V7/><F7/><W127/><G127/><T110/><D97/><U101/><E101/><V1/><F1/><W57/><G57/><T24/><D24/><U4/><E69/><V52/><F73/><W29/><G99/><T106/><REACH who="0" step="1"/><D65/><REACH who="0" ten="233,312,202,243" step="2"/><U133/><E133/><V77/><F81/><W55/><G55/><N who="2" m="21065" /><F82/><W9/><G23/><T17/><D17/><AGARI ba="1,1" hai="9,12,17,29,30,42,45,49,76,80,86" m="54543" machi="17" ten="30,3900,0" yaku="8,1,52,1,54,1" doraHai="40" who="3" fromWho="0" sc="233,-42,312,0,202,0,243,52" /><INIT seed="6,0,0,3,3,25" ten="191,312,202,295" oya="2" hai0="78,79,64,39,117,91,123,56,68,133,6,134,96" hai1="72,113,60,5,89,31,9,87,8,129,106,2,69" hai2="81,30,36,82,97,120,44,32,66,37,119,83,100" hai3="57,0,33,38,15,98,41,28,40,59,24,61,19"/><V112/><F119/><W114/><G0/><T103/><D39/><U74/><E106/><V53/><F120/><W58/><G114/><T75/><D123/><U71/><E113/><V127/><F112/><W13/><G38/><T65/><D117/><U18/><E129/><V20/><F127/><W126/><G126/><T116/><D116/><U55/><E31/><V99/><F32/><W49/><G98/><T121/><D6/><U23/><E9/><V70/><F99/><W101/><G101/><T107/><D68/><U122/><E122/><V16/><F30/><W26/><G61/><T11/><D11/><U10/><E10/><V109/><F109/><W105/><G105/><T108/><D108/><U85/><E69/><V111/><F111/><W73/><G73/><T102/><D121/><U52/><E71/><V1/><F1/><W77/><G77/><T29/><D29/><U67/><E67/><V115/><F66/><W3/><G3/><T132/><D75/><U104/><E104/><V76/><F76/><N who="0" m="29226" /><D102/><U62/><E72/><V43/><F70/><W12/><REACH who="3" step="1"/><G49/><REACH who="3" ten="191,312,202,285" step="2"/><T50/><D91/><U118/><E89/><V90/><F115/><W34/><G34/><T27/><D27/><U21/><E74/><V48/><F36/><W42/><G42/><T125/><D125/><U128/><E118/><V7/><F37/><W4/><G4/><T14/><D14/><U54/><E5/><V46/><F7/><W110/><G110/><T22/><D22/><AGARI ba="0,1" hai="12,13,15,19,22,24,26,28,33,40,41,57,58,59" machi="22" ten="40,2600,0" yaku="1,1,52,1,53,0" doraHai="25" doraHaiUra="86" who="3" fromWho="0" sc="191,-26,312,0,202,0,285,36" /><INIT seed="7,0,0,4,1,101" ten="165,312,202,321" oya="3" hai0="105,70,92,27,12,51,85,3,119,126,0,125,28" hai1="47,44,121,91,21,54,55,94,90,73,111,15,112" hai2="118,79,81,34,132,106,24,40,96,63,32,72,102" hai3="46,59,35,20,83,41,115,2,131,48,65,122,5"/><W53/><G122/><T133/><D70/><U19/><E111/><V113/><F118/><W110/><G35/><N who="2" m="13353" /><F24/><W17/><G110/><T127/><D119/><U108/><E121/><V135/><F113/><W86/><G115/><T22/><D133/><N who="2" m="51274" /><F63/><W104/><G104/><T62/><D62/><U1/><E1/><N who="0" m="585" /><D51/><N who="1" m="29055" /><E73/><V16/><F16/><W36/><G65/><T103/><D12/><U120/><E120/><V114/><F114/><W8/><G131/><T98/><D85/><U67/><E112/><V25/><F25/><W50/><G36/><T31/><D31/><U87/><E67/><V30/><F30/><W123/><G123/><T52/><D52/><U33/><E33/><V57/><F57/><W129/><G129/><T10/><D10/><U68/><E68/><V75/><F40/><W99/><G99/><T23/><D23/><U4/><E108/><V38/><F38/><W11/><G11/><T29/><D29/><U109/><E109/><V13/><F13/><W100/><G100/><T9/><D9/><U60/><E90/><V39/><F39/><W42/><G42/><T61/><D61/><U124/><E124/><N who="0" m="31745" /><T77/><DORA hai="84" /><D77/><U80/><E4/><V76/><F76/><N who="3" m="46439" /><G20/><T14/><D14/><U56/><E44/><V78/><F78/><W128/><G128/><T71/><D71/><U89/><E89/><V93/><F72/><W74/><G74/><T58/><D58/><U64/><E64/><V95/><AGARI ba="0,0" hai="75,79,81,93,95,96,102,106" m="51274,13353" machi="95" ten="40,2700,0" yaku="20,1,52,1" doraHai="101,84" who="2" fromWho="2" sc="165,-7,312,-7,202,27,321,-13" owari="158,-34.0,305,11.0,229,-17.0,308,40.0" /></mjloggm>