<mjloggm ver="2.3"><GO type="169" lobby="0"/><UN n0="%E3%81%BE%E3%81%95%E3%82%8B%E3%81%95%E3%82%93%E3%80%82%E3%80%82" n1="%E3%83%AB%E3%82%AF%E5%8A%A9" n2="%74%75%75%6B%61%69%33" n3="%E3%83%88%E3%83%88%E3%83%AA%E5%85%88%E7%94%9F%31%39%E6%AD%B3" dan="16,16,17,17" rate="2089.88,2076.73,2180.11,2224.20" sx="M,M,M,F"/><TAIKYOKU oya="0"/><INIT seed="0,0,0,1,3,20" ten="250,250,250,250" oya="0" hai0="134,120,43,14,2,113,104,44,22,1,100,75,47" hai1="35,102,94,69,114,81,92,70,52,28,38,124,76" hai2="90,16,77,42,66,12,87,118,9,15,125,55,108" hai3="53,116,85,51,115,74,130,6,109,71,48,96,82"/><T128/><D113/><U91/><E38/><V117/><F77/><W26/><G115/><T37/><D120/><U39/><E39/><V84/><F66/><W21/><G116/><T24/><D75/><U93/><E114/><V46/><F55/><W135/><G71/><T0/><D44/><U33/><E124/><V64/><F64/><W29/><G74/><T107/><D128/><U80/><E102/><V62/><F62/><W86/><G130/><T83/><D134/><U18/><E18/><V13/><F108/><W56/><G109/><T36/><D36/><U7/><E7/><V57/><F57/><W63/><G135/><T8/><D83/><U98/><E70/><V68/><F68/><W67/><G6/><T106/><D100/><U132/><E69/><V121/><F121/><W54/><G67/><T10/><REACH who="0" step="1"/><D14/><REACH who="0" ten="240,250,250,250" step="2"/><U127/><E81/><N who="2" m="49423" /><F15/><W123/><G123/><T34/><D34/><U89/><E35/><V40/><F13/><W31/><G82/><T119/><D119/><U11/><E132/><V3/><F118/><W30/><G63/><T79/><D79/><U111/><E80/><V101/><F117/><W73/><G73/><T49/><D49/><U17/><E76/><V4/><F3/><W60/><G60/><T105/><N who="0" m="26624" /><DORA hai="41" /><T97/><D97/><U133/><E98/><V45/><F46/><N who="3" m="27799" /><G96/><T95/><D95/><U110/><E133/><V27/><F12/><W122/><G122/><T112/><D112/><U50/><E50/><V25/><F45/><W5/><G5/><T61/><D61/><U88/><E110/><V129/><F4/><RYUUKYOKU ba="0,1" sc="240,15,250,-15,250,-15,250,15" hai0="0,1,2,8,10,22,24,37,43,47" hai3="21,26,29,30,31,51,54,56,85,86" /><INIT seed="0,1,1,5,4,45" ten="255,235,235,265" oya="0" hai0="7,134,109,129,61,14,69,24,100,124,9,96,87" hai1="83,58,131,101,62,74,108,98,11,113,47,85,36" hai2="99,59,4,97,28,76,26,68,44,72,126,75,49" hai3="25,73,32,125,88,91,54,56,13,5,79,132,12"/><T81/><D124/><U94/><E108/><V107/><F68/><W106/><G106/><T27/><D129/><U63/><E131/><V84/><F126/><W127/><G127/><T86/><D134/><U43/><E113/><V104/><F4/><W35/><G125/><T112/><D112/><U78/><E58/><V39/><F39/><W48/><G132/><T10/><D109/><U53/><E53/><V38/><F38/><W37/><G37/><T70/><D10/><U60/><REACH who="1" step="1"/><E11/><REACH who="1" ten="255,225,235,265" step="2"/><V90/><F59/><W123/><G56/><T116/><D70/><U110/><E110/><V77/><F44/><W128/><G54/><T30/><D9/><U103/><E103/><V71/><F71/><W102/><G102/><T119/><D100/><U46/><E46/><V114/><F114/><W41/><G128/><T21/><D69/><U92/><E92/><V34/><F107/><W17/><G41/><T16/><D116/><U133/><E133/><V40/><F104/><W130/><G130/><T2/><D119/><U93/><E93/><V15/><F72/><AGARI ba="1,2" hai="36,43,47,60,62,63,72,74,78,83,85,94,98,101" machi="72" ten="40,1300,0" yaku="1,1,53,0" doraHai="45" doraHaiUra="3" who="1" fromWho="2" sc="255,0,225,36,235,-16,265,0" /><INIT seed="1,0,0,3,1,114" ten="255,261,219,265" oya="1" hai0="116,74,90,58,15,5,39,16,126,11,119,20,101" hai1="25,107,70,67,131,27,120,84,115,24,127,77,38" hai2="8,19,130,18,73,12,57,123,23,61,76,135,81" hai3="113,91,111,117,125,13,92,4,9,43,134,85,64"/><U86/><E115/><V44/><F130/><W122/><G113/><T33/><D33/><U93/><E120/><V112/><F112/><W40/><G122/><T87/><D74/><U50/><E107/><V63/><F123/><W52/><G111/><T45/><D101/><U96/><E38/><V79/><F135/><W14/><G134/><T133/><D58/><U71/><E131/><V89/><F73/><W99/><G125/><T66/><D66/><U95/><E127/><V62/><F44/><W104/><G117/><T132/><D126/><U98/><E67/><V29/><F29/><W78/><G64/><T82/><D132/><U6/><E6/><V32/><F32/><W97/><G14/><T80/><D80/><U129/><E129/><V106/><F57/><W0/><G0/><T100/><D100/><U2/><E50/><V37/><F37/><W30/><G30/><T105/><D105/><U102/><E2/><V75/><F106/><W53/><G104/><T10/><D10/><U3/><E3/><V41/><F41/><N who="3" m="15947" /><G78/><T124/><D124/><U54/><E54/><AGARI ba="0,0" hai="4,9,13,52,53,54,85,91,92,97,99" m="15947" machi="54" ten="30,2000,0" yaku="8,1,54,1" doraHai="114" who="3" fromWho="1" sc="255,0,261,-20,219,0,265,20" /><INIT seed="2,0,0,4,0,50" ten="255,241,219,285" oya="2" hai0="56,90,120,65,77,44,59,130,6,98,88,1,63" hai1="42,23,10,81,84,15,125,48,113,91,18,96,34" hai2="118,38,29,60,70,31,123,30,58,78,28,89,121" hai3="54,111,17,68,128,117,40,16,102,124,73,106,134"/><V47/><N who="2" m="7680" /><DORA hai="39" /><V51/><F118/><W95/><G117/><T36/><D77/><U3/><E34/><V127/><F78/><W108/><G73/><T49/><D130/><U53/><E113/><V2/><F2/><W55/><G106/><T24/><D1/><U93/><E125/><V35/><F35/><W112/><G68/><T83/><D6/><U104/><E104/><V72/><F72/><W46/><G112/><T26/><D36/><U122/><E122/><V37/><F127/><W0/><G0/><T67/><D120/><U115/><E115/><V97/><F37/><N who="3" m="21775" /><G128/><T126/><D98/><U64/><E64/><N who="2" m="41223" /><F89/><N who="0" m="34410" /><D83/><U133/><E42/><N who="2" m="22999" /><F97/><N who="3" m="59711" /><G124/><T105/><D105/><U94/><E133/><V9/><F9/><W61/><G61/><N who="0" m="38055" /><D126/><U116/><E116/><V119/><F119/><W71/><G71/><T100/><D100/><U103/><E3/><V21/><F21/><W33/><G134/><T82/><D82/><U135/><E135/><V11/><F11/><W25/><G33/><T8/><D8/><U27/><E103/><V12/><F12/><W99/><G99/><T131/><D131/><U85/><E96/><V41/><F41/><AGARI ba="0,0" hai="24,26,41,44,49,59,63,67" m="38055,34410" machi="41" ten="30,3900,0" yaku="8,1,52,1,54,1" doraHai="50,39" who="0" fromWho="2" sc="255,39,241,0,219,-39,285,0" /><INIT seed="3,0,0,5,0,127" ten="294,241,180,285" oya="3" hai0="63,81,92,68,40,110,70,123,134,30,0,16,2" hai1="34,117,73,128,133,38,66,7,111,115,86,44,48" hai2="9,83,58,55,105,91,71,121,6,76,21,118,18" hai3="124,69,53,45,20,112,126,41,10,65,47,72,50"/><W26/><G72/><T60/><D40/><U33/><E7/><V64/><F118/><W57/><G112/><T37/><D30/><U94/><E86/><V125/><F125/><N who="3" m="48235" /><G10/><T32/><D92/><U24/><E94/><V31/><F31/><W135/><G135/><T43/><D43/><U120/><E24/><V62/><F121/><W106/><G106/><T119/><D32/><U75/><E66/><V104/><F91/><W27/><G20/><T12/><D37/><U99/><E48/><V15/><F71/><W5/><G5/><T46/><D70/><U108/><E44/><V78/><F64/><W74/><G74/><T17/><D68/><U80/><E99/><V59/><F59/><W87/><G87/><T100/><D46/><U54/><E80/><V77/><REACH who="2" step="1"/><F83/><REACH who="2" ten="294,241,170,285" step="2"/><W3/><G47/><T39/><D81/><U107/><E120/><V98/><F98/><W49/><G3/><AGARI ba="0,1" hai="3,6,9,15,18,21,55,58,62,76,77,78,104,105" machi="3" ten="40,1300,0" yaku="1,1,53,0" doraHai="127" doraHaiUra="113" who="2" fromWho="3" sc="294,0,241,0,170,23,285,-13" /><INIT seed="4,0,0,1,0,21" ten="294,241,193,272" oya="0" hai0="111,19,12,33,28,90,118,87,15,41,86,45,96" hai1="127,51,43,57,76,59,23,108,55,70,7,66,121" hai2="115,60,101,56,39,77,9,128,4,132,94,84,69" hai3="73,129,53,123,65,6,103,18,107,99,102,81,104"/><T109/><D118/><U10/><E108/><N who="0" m="41545" /><D96/><U37/><E121/><V98/><F115/><W119/><G119/><T100/><D100/><U113/><E113/><V134/><F69/><W80/><G123/><T97/><D97/><U122/><E122/><V110/><F110/><W93/><G129/><T17/><D28/><U22/><E127/><V47/><F128/><W48/><G103/><T72/><D33/><U92/><E92/><V42/><F84/><N who="0" m="32298" /><D90/><U30/><E30/><V95/><F77/><W62/><G6/><T13/><D72/><U27/><E76/><V2/><REACH who="2" step="1"/><F95/><REACH who="2" ten="294,241,183,272" step="2"/><W20/><G93/><T130/><D130/><U71/><E70/><V61/><F61/><W126/><G104/><T114/><D114/><U105/><E71/><V89/><F89/><W49/><G107/><T91/><D91/><U124/><E105/><V117/><F117/><W125/><G125/><T5/><D5/><U133/><E124/><V29/><F29/><W44/><G126/><T34/><D34/><U67/><E7/><V46/><F46/><W50/><G73/><T14/><N who="0" m="3072" /><DORA hai="120" /><T8/><D8/><U135/><E10/><V0/><F0/><W106/><G81/><T52/><D17/><U131/><E131/><V116/><F116/><W54/><G80/><T11/><D19/><N who="1" m="12767" /><E133/><V35/><F35/><W1/><G44/><T36/><D11/><U64/><E135/><V78/><F78/><W31/><G1/><T24/><D45/><N who="1" m="23791" /><E59/><V3/><F3/><W58/><G31/><T32/><D32/><U83/><E83/><V85/><F85/><W26/><AGARI ba="0,1" hai="18,20,26,48,49,50,53,54,58,62,65,99,102,106" machi="26" ten="30,4000,0" yaku="5,1,0,1,52,1" doraHai="21,120" who="3" fromWho="3" sc="294,-20,241,-10,183,-10,272,50" /><INIT seed="5,0,0,3,4,3" ten="274,231,173,322" oya="1" hai0="75,22,129,89,114,47,19,35,10,96,77,80,131" hai1="134,73,68,69,130,70,108,121,92,124,23,93,6" hai2="125,52,18,31,111,99,42,51,106,14,97,53,85" hai3="88,26,95,41,49,86,118,90,38,120,98,67,2"/><U110/><E121/><V122/><F111/><N who="1" m="42537" /><E73/><V81/><F122/><W74/><G120/><T8/><D114/><U101/><E101/><V66/><F125/><W34/><G74/><T59/><D35/><U56/><E124/><V119/><F119/><W78/><G118/><T25/><D47/><U103/><E134/><V57/><F31/><W82/><G38/><T135/><D135/><U123/><E123/><V113/><F113/><W5/><G67/><T62/><D89/><U100/><E130/><N who="0" m="49673" /><D96/><U27/><E56/><V11/><F106/><W46/><G26/><T17/><D17/><N who="1" m="12783" /><E6/><V109/><F109/><W29/><G29/><T32/><D32/><U40/><E40/><V30/><F30/><W128/><G34/><T64/><AGARI ba="0,0" hai="8,10,19,22,25,59,62,64,75,77,80" m="49673" machi="64" ten="30,1100,0" yaku="19,1" doraHai="3" who="0" fromWho="0" sc="274,11,231,-5,173,-3,322,-3" /><INIT seed="6,0,0,5,1,101" ten="285,226,170,319" oya="2" hai0="44,98,119,114,0,51,8,17,97,45,57,12,14" hai1="106,130,22,107,7,113,67,71,66,50,33,95,21" hai2="56,6,79,123,37,108,80,62,3,27,34,35,96" hai3="131,133,60,72,135,93,76,129,32,118,10,29,128"/><V127/><F123/><W48/><G118/><T104/><D0/><U49/><E7/><V58/><F37/><W65/><G93/><T31/><D31/><U122/><E33/><V28/><F127/><W77/><G29/><T26/><D26/><U75/><E95/><V112/><F112/><W47/><G32/><T61/><D104/><U70/><E75/><V52/><F108/><W85/><G85/><T68/><D68/><U2/><E2/><V40/><F40/><N who="3" m="24679" /><G10/><N who="0" m="6295" /><D119/><U102/><E102/><V99/><F35/><W83/><G77/><T111/><D114/><U19/><E19/><V90/><F90/><W11/><G11/><T41/><D45/><U1/><E1/><V39/><F39/><W9/><G9/><T126/><D126/><U115/><E130/><V116/><F116/><W89/><G89/><T55/><D111/><U53/><E53/><V36/><F36/><W46/><G46/><T86/><D86/><U103/><E103/><V92/><F92/><W78/><G78/><T18/><AGARI ba="0,0" hai="8,14,18,41,44,51,55,57,61,97,98" m="6295" machi="18" ten="30,1100,0" yaku="8,1" doraHai="101" who="0" fromWho="0" sc="285,11,226,-3,170,-5,319,-3" /><INIT seed="7,0,0,2,0,81" ten="296,223,165,316" oya="3" hai0="99,31,103,25,26,16,23,111,73,85,14,45,63" hai1="116,40,57,15,128,76,30,66,135,36,122,29,104" hai2="100,21,119,131,70,65,112,108,109,11,10,86,12" hai3="48,118,107,87,115,74,72,91,33,134,92,51,80"/><W82/><G118/><T61/><D111/><U114/><E104/><V110/><F119/><W32/><G107/><T52/><D73/><U89/><E116/><V41/><F41/><W59/><G72/><T37/><D85/><U6/><E122/><V98/><F131/><W68/><G68/><T77/><D77/><U49/><E76/><V5/><F112/><W90/><G115/><T42/><D25/><U18/><E114/><V102/><F21/><W75/><G87/><T88/><D52/><U69/><E6/><V94/><F11/><W130/><G92/><T62/><D88/><U96/><E135/><V27/><F27/><W78/><G78/><T19/><REACH who="0" step="1"/><D14/><REACH who="0" ten="286,223,165,316" step="2"/><U124/><E15/><V46/><F46/><W125/><G134/><T127/><D127/><U106/><E124/><V71/><F65/><W8/><G125/><T84/><D84/><U93/><E128/><V39/><F39/><W105/><G130/><T24/><D24/><U132/><E132/><V133/><F133/><W58/><G105/><AGARI ba="0,1" hai="16,19,23,26,31,37,42,45,61,62,63,99,103,105" machi="105" ten="40,2600,0" yaku="1,1,54,1,53,0" doraHai="81" doraHaiUra="28" who="0" fromWho="3" sc="286,36,223,0,165,0,316,-26" owari="322,42.0,223,-18.0,165,-33.0,290,9.0" /></mjloggm>