<mjloggm ver="2.3"><GO type="169" lobby="0"/><UN n0="%E3%82%A6%E3%83%AB%E3%83%88%E3%83%A9%E7%AB%8B%E7%9B%B4" n1="%66%75%6A%69" n2="%E6%A1%9C%E4%BA%95%E3%81%95%E3%82%93" n3="%4D%46%E9%A6%99%E5%B7%9D%E7%9C%9F%E5%8F%B8" dan="17,16,16,16" rate="2185.07,2040.25,2133.07,2095.96" sx="M,M,M,M"/><TAIKYOKU oya="0"/><INIT seed="0,0,0,4,0,100" ten="250,250,250,250" oya="0" hai0="22,116,118,5,108,10,58,98,111,43,67,41,32" hai1="82,23,34,44,51,113,112,88,16,93,132,39,109" hai2="47,125,126,61,80,29,95,81,15,64,123,11,92" hai3="71,50,70,76,31,33,18,53,72,60,21,124,78"/><T1/><D32/><U27/><E34/><V54/><F123/><W135/><G124/><N who="2" m="47721" /><F29/><W66/><G135/><T46/><D22/><U83/><E39/><V42/><F54/><W74/><G70/><T86/><D86/><N who="1" m="52375" /><E132/><V6/><F80/><W134/><G134/><T49/><D43/><N who="1" m="24991" /><E109/><N who="0" m="42057" /><D98/><U99/><E99/><V129/><F129/><W35/><G31/><T59/><D67/><U19/><E19/><V106/><F106/><W97/><G97/><T52/><D59/><U3/><E3/><V85/><F81/><W30/><G30/><T40/><D40/><U65/><E65/><V77/><F77/><W107/><G107/><T122/><D122/><U119/><E119/><V110/><F85/><W104/><G104/><T120/><D120/><U102/><E102/><V63/><F110/><W37/><G37/><AGARI ba="0,0" hai="1,5,10,37,41,46,49,52,58,116,118" m="42057" machi="37" ten="30,5800,0" yaku="14,1,10,1,54,1" doraHai="100" who="0" fromWho="3" sc="250,58,250,0,250,0,250,-58" /><INIT seed="0,1,0,0,5,58" ten="308,250,250,192" oya="0" hai0="26,28,72,53,23,24,21,85,67,114,25,78,56" hai1="113,70,61,15,128,48,4,122,6,104,35,105,50" hai2="68,135,69,22,42,130,84,5,55,125,106,90,44" hai3="45,88,94,127,49,133,27,1,98,31,111,10,121"/><T74/><D114/><U87/><E122/><V119/><F106/><W116/><G116/><T115/><D115/><U117/><E113/><V36/><F119/><W41/><G121/><T43/><D67/><U9/><E35/><V75/><F75/><W12/><G1/><T52/><D43/><U29/><E29/><V8/><F130/><W20/><G111/><T32/><D32/><U66/><E128/><V96/><F96/><W18/><G127/><T100/><D100/><U13/><E117/><V79/><F79/><W86/><REACH who="3" step="1"/><G133/><REACH who="3" ten="308,250,250,182" step="2"/><T89/><D74/><U76/><E105/><V92/><F125/><W108/><G108/><T71/><D72/><U110/><E104/><V97/><F135/><W81/><G81/><T65/><D71/><U102/><E70/><V2/><F68/><W63/><G63/><N who="0" m="38119" /><D78/><U16/><E76/><V60/><F69/><W39/><G39/><T38/><D38/><U109/><E109/><V46/><F36/><W80/><G80/><N who="0" m="49319" /><D28/><U103/><E110/><V47/><F2/><W132/><G132/><T101/><D101/><U73/><E73/><V3/><F3/><W64/><G64/><T82/><D82/><U107/><E107/><V14/><F92/><W134/><G134/><T131/><D131/><U30/><E103/><V40/><F42/><W37/><G37/><T51/><D53/><U7/><E102/><V129/><F55/><W95/><G95/><T11/><D52/><U120/><E120/><V54/><F54/><W91/><G91/><T17/><D51/><U34/><E50/><N who="2" m="26887" /><F129/><W77/><G77/><T33/><D33/><RYUUKYOKU ba="1,1" sc="308,15,250,-15,250,-15,182,15" hai0="11,17,21,23,24,25,26" hai3="10,12,18,20,27,31,41,45,49,86,88,94,98" /><INIT seed="0,2,1,1,0,24" ten="323,235,235,197" oya="0" hai0="72,0,122,80,58,110,71,112,33,121,111,29,82" hai1="75,5,38,3,48,60,126,132,108,118,103,92,77" hai2="25,64,36,32,127,10,81,73,56,65,13,105,42" hai3="23,53,117,84,68,69,88,43,1,94,102,83,14"/><T49/><D71/><U50/><E118/><V63/><F105/><W21/><G1/><T39/><D39/><U79/><E60/><V28/><F127/><W129/><G117/><T6/><D112/><U31/><E92/><V101/><F101/><W61/><G129/><T109/><D49/><U128/><E103/><V26/><F42/><W59/><G43/><T89/><D58/><U98/><E98/><V4/><F36/><W62/><G62/><T19/><D19/><U54/><E38/><V90/><F25/><W130/><G130/><T44/><D44/><U86/><E5/><V125/><F125/><W30/><G21/><T51/><D51/><U76/><E86/><V120/><F120/><N who="0" m="46186" /><D89/><U91/><E91/><V8/><F8/><W12/><G69/><T123/><D123/><U46/><E126/><V15/><F90/><W97/><G68/><T74/><D82/><U37/><E128/><V17/><F17/><W70/><G70/><T40/><D40/><U41/><E37/><V95/><F65/><W57/><G59/><T131/><D131/><U67/><E67/><V87/><F81/><W2/><G2/><T66/><D66/><U47/><E3/><V55/><F64/><W93/><G83/><T96/><D96/><U27/><E41/><V113/><F113/><W124/><G124/><T116/><D116/><U106/><E46/><V85/><F63/><W104/><G104/><T22/><D80/><U107/><E107/><V9/><F56/><W45/><G45/><T16/><D109/><U114/><E108/><V99/><F99/><W78/><G78/><RYUUKYOKU ba="2,1" sc="323,-10,235,-10,235,-10,197,30" hai3="12,14,23,30,53,57,61,84,88,93,94,97,102" /><INIT seed="1,3,1,5,3,85" ten="313,225,225,227" oya="1" hai0="80,25,37,131,87,5,125,70,48,96,132,109,21" hai1="130,134,68,32,91,15,36,64,67,103,129,11,135" hai2="14,7,83,121,39,42,19,128,59,105,20,95,107" hai3="86,76,47,127,38,1,111,119,50,54,98,16,74"/><U40/><E32/><V108/><F121/><W75/><G1/><T122/><D37/><U116/><E116/><V34/><F34/><W102/><G38/><T99/><D70/><U90/><E103/><V79/><F108/><W51/><G111/><T112/><D112/><U17/><E40/><V22/><F128/><N who="1" m="49257" /><E36/><V72/><F7/><W56/><G127/><T45/><D131/><U30/><E30/><V106/><F59/><W71/><G71/><T97/><D132/><N who="1" m="50731" /><E68/><V124/><F124/><W115/><G115/><T123/><D125/><U53/><E53/><V31/><F31/><W35/><G35/><T77/><D109/><U0/><E0/><V100/><F42/><W9/><G119/><T118/><D118/><U114/><E114/><V84/><F39/><W92/><G50/><T61/><D123/><U13/><E13/><V41/><F41/><W88/><G56/><T23/><D122/><U3/><E3/><V113/><F113/><W2/><G2/><T63/><D25/><U29/><E29/><V58/><F58/><W26/><G102/><T94/><D48/><U49/><E49/><V81/><F100/><W93/><G51/><T60/><D45/><U6/><E6/><V69/><F69/><W12/><G47/><T78/><D5/><U52/><E52/><V126/><F126/><W10/><G54/><T117/><D117/><U33/><E33/><V55/><F55/><W73/><G12/><T27/><D27/><U104/><E104/><V28/><F14/><W46/><G46/><T57/><D57/><U101/><E101/><V62/><F107/><RYUUKYOKU ba="3,1" sc="313,-10,225,30,225,-10,227,-10" hai1="11,15,17,64,67,90,91" /><INIT seed="1,4,1,0,3,5" ten="303,255,215,217" oya="1" hai0="131,53,103,59,48,3,66,90,96,132,27,35,38" hai1="55,36,104,97,83,125,10,7,16,89,1,93,23" hai2="11,31,111,45,20,49,95,41,73,118,17,57,109" hai3="128,65,42,105,63,127,88,112,24,60,113,85,52"/><U37/><E125/><V39/><F118/><W71/><G105/><T22/><D3/><U33/><E33/><V92/><F73/><W4/><G42/><T115/><D115/><U13/><E104/><V72/><F72/><W117/><G127/><T8/><D131/><U25/><E83/><V6/><F31/><W94/><G117/><T62/><D132/><U102/><E102/><V80/><F80/><W114/><G128/><T76/><D38/><U106/><E106/><V28/><F28/><W122/><G122/><T91/><D76/><U34/><E55/><V98/><F57/><W126/><G126/><T61/><D35/><U70/><E70/><V101/><F92/><W58/><G4/><T68/><D62/><U9/><REACH who="1" step="1"/><E34/><REACH who="1" ten="303,245,215,217" step="2"/><V30/><F101/><W75/><G75/><T15/><D68/><U40/><E40/><V107/><F107/><W116/><G116/><T14/><D103/><U100/><E100/><V78/><F41/><W64/><G65/><T130/><D66/><U108/><E108/><V32/><F32/><W56/><G71/><T29/><D130/><U123/><E123/><V43/><F43/><W129/><G129/><T77/><D53/><U2/><E2/><V26/><F111/><W121/><G121/><T81/><D81/><U120/><E120/><V99/><F109/><W54/><G64/><T133/><D91/><U44/><E44/><V119/><F119/><W67/><G67/><T18/><D90/><U50/><E50/><V12/><F49/><W82/><G82/><T69/><D69/><U86/><E86/><V110/><F110/><RYUUKYOKU ba="4,2" sc="303,-15,245,15,215,-15,217,15" hai1="1,7,9,10,13,16,23,25,36,37,89,93,97" hai3="24,52,54,56,58,60,63,85,88,94,112,113,114" /><INIT seed="1,5,2,4,0,10" ten="288,260,200,232" oya="1" hai0="132,127,94,31,71,80,4,49,64,85,92,54,1" hai1="98,32,6,19,118,88,17,133,107,95,69,34,20" hai2="83,79,68,86,46,81,11,48,9,111,57,75,28" hai3="66,24,55,18,14,67,56,42,23,36,77,58,76"/><U96/><E118/><V135/><F68/><W35/><G36/><T8/><D127/><U12/><E69/><V52/><F111/><W102/><G42/><T27/><D132/><U33/><E133/><V25/><F135/><W78/><G35/><T60/><D49/><U22/><E6/><V13/><F46/><W90/><G102/><T50/><D50/><U100/><REACH who="1" step="1"/><E34/><REACH who="1" ten="288,250,200,232" step="2"/><V0/><F0/><W120/><G120/><T43/><D71/><U119/><E119/><V117/><F117/><W45/><G45/><T73/><D4/><U7/><E7/><V115/><F115/><W123/><G123/><T51/><D1/><U104/><E104/><V74/><F83/><W129/><G58/><T5/><D80/><U131/><E131/><V2/><F2/><W126/><G129/><T103/><D5/><U37/><E37/><V134/><F134/><W121/><G121/><T61/><D94/><U70/><E70/><V97/><F81/><W40/><G126/><T53/><D92/><U109/><E109/><V124/><F124/><W89/><G40/><T106/><D43/><U101/><E101/><V82/><F82/><W16/><G89/><T29/><D103/><U128/><E128/><V91/><F91/><W84/><G90/><T62/><D106/><U113/><E113/><V105/><F105/><W15/><G56/><T122/><D122/><U39/><E39/><V130/><F57/><W114/><G114/><T99/><D73/><U44/><E44/><V3/><F74/><W21/><G76/><T125/><D125/><U65/><E65/><V110/><F130/><RYUUKYOKU ba="5,3" sc="288,-10,250,30,200,-10,232,-10" hai1="12,17,19,20,22,32,33,88,95,96,98,100,107" /><INIT seed="1,6,3,2,1,1" ten="278,280,190,222" oya="1" hai0="67,70,10,18,24,52,107,96,116,84,66,73,36" hai1="79,77,131,114,94,92,132,7,109,65,39,59,3" hai2="5,111,50,135,134,124,118,93,55,27,89,82,86" hai3="43,110,127,69,46,64,8,74,4,117,45,49,28"/><U15/><E114/><V99/><F118/><W87/><G74/><T108/><D73/><U44/><E3/><V126/><F111/><W81/><G110/><T122/><D36/><U76/><E109/><V113/><F27/><W42/><G117/><T40/><D70/><U56/><E132/><N who="2" m="50731" /><F113/><W102/><G127/><N who="2" m="48681" /><F5/><W97/><G28/><T95/><D107/><U103/><E131/><V100/><F50/><W58/><G69/><T62/><D108/><U6/><E39/><V98/><F55/><W14/><G64/><T120/><D40/><U25/><E25/><V83/><F99/><W41/><G58/><N who="1" m="22058" /><E44/><V26/><F26/><W33/><G33/><T85/><D116/><U30/><E30/><V20/><F20/><W0/><G0/><T63/><D24/><U129/><E129/><V9/><F9/><W23/><G46/><T2/><D2/><U105/><E65/><V75/><F75/><W104/><G23/><T133/><D133/><U71/><E71/><V38/><F38/><W80/><G87/><T32/><D67/><U21/><E21/><V22/><F22/><W61/><G61/><T90/><D63/><U91/><E15/><V16/><F16/><W130/><G130/><T57/><D66/><U34/><E34/><V12/><F12/><W68/><G68/><T121/><D32/><U54/><E54/><V88/><F82/><W29/><G29/><T123/><D123/><U19/><E19/><V78/><AGARI ba="6,3" hai="78,83,86,88,89,93,98,100" m="48681,50731" machi="78" ten="30,8000,1" yaku="20,1,18,1,34,2,54,1" doraHai="1" who="2" fromWho="2" sc="278,-26,280,-46,190,128,222,-26" /><INIT seed="2,0,0,3,0,82" ten="252,234,318,196" oya="2" hai0="125,49,135,132,43,31,19,100,26,79,119,3,34" hai1="134,42,101,77,95,114,8,13,71,99,88,21,107" hai2="81,32,50,40,121,51,109,120,41,89,5,118,67" hai3="96,76,108,98,116,14,69,44,75,58,64,70,60"/><V92/><F118/><W56/><G116/><T83/><D3/><U63/><E114/><V38/><F32/><W55/><G75/><T57/><D119/><U91/><E134/><N who="0" m="51241" /><D125/><U68/><E77/><V113/><F113/><W111/><G76/><T16/><D100/><U15/><E42/><V130/><F130/><W28/><G28/><T35/><D35/><U36/><E36/><V110/><F67/><W72/><G72/><T47/><D57/><U45/><E45/><N who="2" m="23703" /><F81/><W117/><G117/><T6/><D6/><U27/><E68/><V73/><F5/><W39/><G14/><T33/><D33/><U128/><E128/><V112/><F112/><W126/><G126/><T65/><D65/><U103/><E107/><V18/><F18/><W53/><G64/><T22/><D34/><U17/><E71/><V106/><F106/><W127/><G127/><T66/><D66/><U74/><E74/><AGARI ba="0,0" hai="16,19,22,26,31,43,47,49,74,79,83" m="51241" machi="74" ten="30,2000,0" yaku="20,1,54,1" doraHai="82" who="0" fromWho="1" sc="252,20,234,-20,318,0,196,0" /><INIT seed="3,0,0,2,3,93" ten="272,214,318,196" oya="3" hai0="67,32,123,128,88,10,44,133,98,14,29,8,4" hai1="53,106,47,112,80,65,9,55,96,19,132,129,48" hai2="30,46,107,68,77,49,124,86,126,73,78,103,97" hai3="122,118,12,58,56,74,70,99,108,110,1,113,34"/><W2/><G113/><T91/><D123/><U71/><E112/><V75/><F68/><W54/><G122/><T127/><D127/><N who="2" m="48682" /><F30/><W45/><G70/><T43/><D128/><U89/><E129/><V95/><F49/><N who="3" m="28975" /><G74/><N who="2" m="28169" /><F46/><W134/><G118/><T11/><D133/><U3/><E132/><V131/><F131/><W62/><G134/><T26/><D67/><U109/><E109/><N who="3" m="42090" /><G34/><T60/><D60/><U27/><E71/><V102/><F102/><W61/><G12/><T51/><D91/><AGARI ba="0,0" hai="77,78,86,91,95,97,103,107" m="28169,48682" machi="91" ten="30,7700,0" yaku="18,1,34,2,52,1" doraHai="93" who="2" fromWho="0" sc="272,-77,214,0,318,77,196,0" /><INIT seed="4,0,0,3,2,79" ten="195,214,395,196" oya="0" hai0="41,85,23,131,75,11,59,106,30,47,34,126,114" hai1="45,112,107,8,55,78,28,116,68,130,108,80,39" hai2="52,135,76,93,103,7,25,120,71,44,16,87,24" hai3="98,40,17,90,3,128,46,70,74,35,21,12,115"/><T43/><D75/><U54/><E116/><V14/><F120/><W119/><G70/><T132/><D34/><U10/><E107/><V105/><F71/><W100/><G119/><T5/><D106/><U58/><E108/><V15/><F105/><W99/><G35/><T33/><D33/><U9/><E68/><V0/><F0/><W129/><G100/><T82/><D114/><U18/><E112/><V26/><F135/><W50/><G3/><T122/><D122/><U81/><E130/><N who="3" m="50282" /><G115/><T102/><D131/><U56/><E28/><V124/><F124/><W117/><G117/><T118/><D118/><U1/><E1/><V62/><F7/><W2/><G2/><T69/><D69/><U104/><E104/><V73/><F73/><W123/><G123/><T86/><D102/><U53/><E18/><V89/><F76/><W6/><G74/><T125/><D132/><U72/><E39/><V77/><F77/><W97/><G6/><T37/><D41/><U113/><E45/><V49/><F103/><W51/><G90/><N who="0" m="51511" /><D59/><U29/><E113/><V31/><F31/><W84/><G84/><T96/><D86/><U127/><E29/><V94/><F16/><W4/><G4/><T110/><D110/><U134/><E134/><V61/><F94/><W101/><G101/><T121/><D121/><U66/><E127/><N who="0" m="48649" /><D96/><N who="3" m="24577" /><W133/><DORA hai="64" /><G133/><T83/><D5/><U32/><E32/><V13/><AGARI ba="0,0" hai="13,14,15,24,25,26,44,49,52,61,62,87,89,93" machi="13" ten="30,4000,0" yaku="0,1,8,1,54,1" doraHai="79,64" who="2" fromWho="2" sc="195,-20,214,-10,395,40,196,-10" /><INIT seed="5,0,0,5,4,98" ten="175,204,435,186" oya="1" hai0="67,109,11,34,13,38,70,74,20,49,129,33,133" hai1="79,117,16,68,113,46,134,63,124,4,26,69,91" hai2="131,86,60,135,103,80,10,82,62,95,29,127,77" hai3="105,130,81,84,25,115,0,128,119,31,51,43,132"/><U36/><E117/><V52/><F131/><W53/><G0/><T28/><D109/><U57/><E4/><V73/><F135/><W83/><G119/><T50/><D38/><U55/><E134/><V107/><F127/><W93/><G105/><T47/><D133/><U44/><E124/><V123/><F123/><W15/><G132/><T126/><D126/><U76/><E91/><V96/><F29/><W110/><G43/><T114/><D129/><N who="3" m="49769" /><G115/><T12/><D74/><U66/><E113/><V24/><F24/><W40/><G40/><T104/><D104/><U75/><E69/><V65/><F65/><W27/><G27/><T59/><D70/><U64/><E36/><V54/><F10/><W78/><G15/><T1/><D1/><U116/><E116/><V58/><F107/><W118/><G118/><T100/><D13/><U101/><E66/><V2/><F2/><W72/><G93/><T108/><D12/><U18/><E26/><V42/><F42/><W41/><G41/><N who="0" m="24815" /><D11/><U32/><E64/><V85/><F82/><W6/><G6/><T89/><D108/><U3/><E3/><V111/><F111/><W121/><G121/><T102/><D114/><U99/><E68/><V92/><F92/><W35/><G110/><T9/><D9/><U88/><E32/><V23/><F23/><W125/><G125/><T39/><D39/><U48/><E18/><V19/><F19/><W17/><G17/><T8/><D33/><U7/><E7/><V97/><F97/><W106/><G106/><T71/><D34/><U21/><E99/><V56/><AGARI ba="0,0" hai="52,54,56,58,60,62,73,77,80,85,86,95,96,103" machi="56" ten="30,8000,1" yaku="5,1,0,1,9,1,52,1,54,1" doraHai="98" who="2" fromWho="2" sc="175,-20,204,-40,435,80,186,-20" /><INIT seed="6,0,0,1,1,97" ten="155,164,515,166" oya="2" hai0="123,59,56,96,0,9,16,45,7,129,99,85,77" hai1="32,33,21,80,94,81,29,89,90,6,36,19,95" hai2="11,78,60,126,57,46,116,101,76,14,107,65,35" hai3="48,66,42,91,132,114,111,92,110,115,100,34,10"/><V130/><F116/><W112/><G34/><T88/><D123/><U135/><E36/><V121/><F121/><W44/><G132/><T72/><D72/><U50/><E135/><V73/><F73/><W62/><G10/><T122/><D122/><U22/><E6/><V47/><F35/><W108/><G100/><T49/><D77/><U25/><E50/><V74/><F130/><W128/><G128/><T105/><D129/><U37/><E37/><V55/><F126/><W23/><G23/><T127/><D127/><U8/><E8/><V84/><F74/><W52/><G91/><T133/><D133/><U24/><E19/><V93/><F107/><W70/><G92/><T104/><D105/><U43/><E43/><AGARI ba="0,0" hai="42,43,44,48,52,62,66,70,108,110,111,112,114,115" machi="43" ten="50,12000,2" yaku="15,1,11,1,34,3,54,1" doraHai="97" who="3" fromWho="1" sc="155,0,164,-120,515,0,166,120" /><INIT seed="7,0,0,1,4,6" ten="155,44,515,286" oya="3" hai0="63,26,58,132,105,102,129,116,123,17,117,65,19" hai1="72,44,27,4,43,92,91,98,30,107,134,106,66" hai2="36,51,31,75,64,62,94,3,40,80,53,7,111" hai3="9,16,113,125,115,34,112,74,101,108,15,5,120"/><W78/><G101/><T109/><D17/><U28/><E66/><V103/><F111/><W60/><G78/><T57/><D19/><U23/><E72/><V38/><F40/><W35/><G74/><T70/><D26/><U69/><E69/><V118/><F118/><W29/><G60/><T114/><D102/><U24/><E134/><V18/><F31/><W76/><G76/><T56/><D105/><U126/><E126/><V22/><F80/><W131/><G108/><T83/><D83/><U87/><E107/><V71/><F75/><W95/><G95/><T67/><D109/><U12/><E106/><V10/><F94/><W21/><G125/><T13/><D123/><U39/><E39/><V127/><F103/><W20/><G120/><T0/><D132/><U73/><E73/><V68/><F68/><W77/><G77/><T96/><D65/><U89/><E43/><V135/><F135/><W37/><G37/><T41/><D41/><U61/><E44/><V110/><F110/><W100/><G100/><T25/><D67/><U33/><E61/><V79/><F79/><W93/><G93/><T84/><D63/><U81/><E4/><V46/><F127/><W130/><G29/><T104/><D104/><U32/><E12/><AGARI ba="0,0" hai="3,7,10,12,18,22,36,38,46,51,53,62,64,71" machi="12" ten="30,2000,0" yaku="7,1,52,1" doraHai="6" who="2" fromWho="1" sc="155,0,44,-20,515,20,286,0" owari="155,-24.0,24,-48.0,535,63.0,286,9.0" /></mjloggm>