<mjloggm ver="2.3"><GO type="169" lobby="0"/><UN n0="%E3%82%B8%E3%82%A7%E3%83%B3%E3%83%88" n1="%7A%65%6C%64%69%6E%61" n2="%E3%83%88%E3%83%88%E3%83%AA%E5%85%88%E7%94%9F%31%39%E6%AD%B3" n3="%55%52%41%4E" dan="16,16,18,16" rate="2054.46,2091.44,2175.94,2060.45" sx="M,M,F,M"/><TAIKYOKU oya="0"/><INIT seed="0,0,0,1,2,41" ten="250,250,250,250" oya="0" hai0="99,15,109,26,122,135,75,13,16,21,87,20,79" hai1="102,120,4,103,94,45,10,5,121,134,73,2,14" hai2="107,62,53,49,37,32,11,65,71,42,97,51,92" hai3="124,96,80,112,50,30,9,106,12,111,57,39,68"/><T117/><D122/><U61/><E73/><V126/><F107/><W76/><G39/><T67/><D117/><U28/><E28/><V85/><F32/><W105/><G68/><T74/><D109/><U78/><E78/><V63/><F126/><W31/><G112/><T25/><D135/><U86/><E61/><N who="2" m="40367" /><F85/><W29/><G111/><T55/><D67/><U95/><E134/><V58/><F92/><W132/><G132/><T33/><D33/><U82/><E86/><V46/><F11/><W114/><G114/><T34/><D34/><U18/><E82/><V128/><F97/><W59/><G124/><T90/><D99/><U130/><E10/><V7/><F7/><W115/><G115/><T119/><D55/><U8/><E8/><V113/><F113/><W47/><G106/><T35/><D35/><U108/><E108/><V125/><F125/><W83/><G105/><T98/><D98/><U60/><E14/><V100/><F100/><W133/><G96/><T118/><D118/><U66/><E102/><V127/><F127/><W104/><G104/><T19/><D119/><U27/><E103/><V23/><F23/><W44/><G133/><T64/><D64/><U54/><E66/><N who="2" m="39255" /><F128/><W1/><G1/><T81/><REACH who="0" step="1"/><D74/><REACH who="0" ten="240,250,250,250" step="2"/><U131/><E121/><V93/><F93/><AGARI ba="0,1" hai="13,15,16,19,20,21,25,26,75,79,81,87,90,93" machi="93" ten="30,12000,1" yaku="1,1,2,1,7,1,9,1,54,1,53,0" doraHai="41" doraHaiUra="48" who="0" fromWho="2" sc="240,130,250,0,250,-120,250,0" /><INIT seed="0,1,0,4,1,60" ten="370,250,130,250" oya="0" hai0="90,123,73,102,45,68,43,130,53,48,13,61,92" hai1="33,44,40,126,36,118,76,57,82,89,51,101,105" hai2="100,99,72,134,125,26,25,127,112,91,84,74,88" hai3="11,87,22,129,120,24,67,65,121,54,77,49,29"/><T113/><D113/><U39/><E118/><V108/><F112/><W21/><G129/><T116/><D116/><U64/><E126/><N who="2" m="48139" /><F26/><W81/><G11/><T83/><D123/><N who="3" m="47177" /><G22/><T104/><D130/><U94/><E33/><V59/><F59/><AGARI ba="1,0" hai="21,24,29,49,54,59,65,67,77,81,87" m="47177" machi="59" ten="30,3900,0" yaku="13,1,52,2" doraHai="60" who="3" fromWho="2" sc="370,0,250,0,130,-42,250,42" /><INIT seed="1,0,0,5,5,97" ten="370,250,88,292" oya="1" hai0="28,10,88,67,134,75,2,7,74,35,20,79,99" hai1="45,4,58,60,46,48,85,37,82,19,116,104,135" hai2="77,90,115,73,70,125,122,66,91,101,13,1,8" hai3="14,40,72,64,59,81,39,76,50,62,133,15,9"/><U47/><E104/><V130/><F122/><W65/><G133/><T5/><D35/><U93/><E116/><V119/><F1/><W24/><G39/><T68/><D7/><U95/><E135/><V100/><F119/><W30/><G9/><T26/><D79/><U117/><E117/><V3/><F3/><W129/><G64/><T120/><D120/><U69/><E69/><V43/><F130/><W80/><G80/><T107/><D134/><U126/><E126/><V94/><F125/><W42/><G129/><T84/><D67/><U78/><E37/><V23/><F115/><W0/><G0/><T21/><D21/><U102/><E4/><V17/><F43/><W11/><G50/><T71/><D71/><U109/><E109/><V31/><F77/><W128/><G15/><T92/><REACH who="0" step="1"/><D68/><REACH who="0" ten="360,250,88,292" step="2"/><U55/><E19/><N who="2" m="8615" /><F70/><W106/><G128/><T53/><D53/><U89/><E60/><V38/><F66/><W127/><G127/><T105/><D105/><U6/><E6/><V111/><F111/><W61/><G106/><T36/><D36/><U52/><E55/><V114/><F38/><W83/><G76/><T49/><D49/><U132/><E132/><V51/><F51/><W87/><G65/><T124/><D124/><U54/><E54/><V118/><F118/><W27/><G42/><T12/><D12/><U112/><E112/><V41/><F114/><W98/><G40/><T123/><D123/><U113/><E113/><V63/><F41/><W131/><G14/><T32/><D32/><U86/><E58/><V18/><F63/><W56/><G131/><RYUUKYOKU ba="0,1" sc="360,15,250,15,88,-15,292,-15" hai0="2,5,10,20,26,28,74,75,84,88,92,99,107" hai1="45,46,47,48,52,78,82,85,86,89,93,95,102" /><INIT seed="1,1,1,2,3,27" ten="375,265,73,277" oya="1" hai0="84,86,128,124,82,18,109,22,35,57,39,59,5" hai1="34,12,105,7,17,9,58,8,21,2,20,68,49" hai2="10,118,129,70,46,121,126,43,106,32,11,131,56" hai3="83,52,31,116,3,102,112,85,135,93,75,60,103"/><U107/><E68/><V37/><F106/><W76/><G3/><T19/><D39/><U72/><E72/><V81/><F32/><W113/><G31/><T90/><D109/><U38/><E38/><V71/><F121/><W114/><G60/><T42/><D35/><U87/><E87/><V1/><F118/><W33/><G52/><T13/><D124/><U99/><E34/><V53/><F126/><W97/><G75/><T74/><D74/><U80/><E80/><V91/><F91/><N who="3" m="55487" /><G33/><T25/><D5/><U50/><E107/><V94/><F94/><W40/><G40/><T125/><D42/><U100/><E58/><V119/><F81/><W30/><G30/><T108/><D108/><U29/><REACH who="1" step="1"/><E8/><REACH who="1" ten="375,255,73,277" step="2"/><V64/><F119/><W23/><G116/><T6/><D125/><U79/><E79/><V115/><F115/><W55/><G23/><T130/><D86/><U4/><E4/><N who="2" m="1295" /><F11/><W77/><G77/><T110/><D6/><U96/><E96/><V67/><F70/><W127/><G127/><T111/><D111/><U132/><E132/><V88/><F71/><W62/><G135/><T41/><D110/><U95/><E95/><V89/><F67/><W92/><G92/><T15/><D57/><U66/><E66/><V65/><F64/><W44/><G44/><T26/><D59/><U61/><E61/><N who="2" m="35983" /><F65/><W104/><G104/><T28/><D82/><U48/><E48/><V117/><F117/><W45/><G45/><T78/><D84/><U24/><AGARI ba="1,2" hai="2,7,9,12,17,20,21,24,29,49,50,99,100,105" machi="24" ten="30,6000,0" yaku="1,1,0,1,52,1,53,0" doraHai="27" doraHaiUra="54" who="1" fromWho="1" sc="375,-21,255,83,73,-21,277,-21" /><INIT seed="1,2,0,2,0,9" ten="354,338,52,256" oya="1" hai0="129,57,80,102,122,42,29,19,51,121,98,49,41" hai1="76,95,36,18,111,72,89,103,88,131,70,26,115" hai2="77,120,119,67,39,10,38,32,68,58,66,96,133" hai3="45,100,59,61,99,24,46,21,54,53,14,92,5"/><U44/><E70/><V34/><F119/><W126/><G126/><T118/><D29/><U78/><E115/><V73/><F120/><N who="0" m="46186" /><D118/><U109/><E131/><V56/><F133/><W130/><G130/><T128/><D80/><U1/><E1/><V16/><F96/><W93/><G93/><N who="0" m="58703" /><D128/><U11/><E44/><V104/><F104/><W106/><G106/><T69/><D69/><U90/><E36/><V71/><F10/><N who="3" m="4431" /><G53/><N who="0" m="31919" /><D129/><U134/><E134/><V135/><F135/><W20/><G20/><T105/><D105/><U87/><E72/><V101/><F101/><W40/><G40/><T97/><D97/><N who="1" m="59839" /><E87/><V23/><F23/><W82/><G82/><T8/><D51/><U127/><E127/><V55/><F73/><W132/><G132/><T48/><D48/><U22/><E11/><V63/><F55/><W85/><G85/><T123/><N who="0" m="46194" /><T15/><AGARI ba="2,0" hai="8,15,19,41,42" m="31919,58703,46194" machi="15" ten="40,5200,0" yaku="4,1,13,1,52,1" doraHai="9" who="0" fromWho="0" sc="354,58,338,-28,52,-15,256,-15" /><INIT seed="2,0,0,2,5,73" ten="412,310,37,241" oya="2" hai0="31,27,35,68,130,11,70,87,75,7,29,63,23" hai1="109,1,132,128,66,110,86,88,46,13,95,79,114" hai2="99,61,58,135,43,0,100,82,103,17,9,94,67" hai3="104,53,4,28,51,107,96,101,20,54,127,62,69"/><V74/><F135/><W12/><G127/><T117/><D75/><U32/><E1/><V14/><F0/><W64/><G104/><T119/><D130/><U50/><E32/><V19/><F43/><W131/><G131/><T34/><D87/><N who="1" m="52639" /><E66/><V33/><F33/><N who="0" m="12298" /><D31/><U2/><E2/><V52/><F74/><W18/><G51/><T25/><D63/><U120/><E132/><V71/><F82/><W105/><G105/><T49/><D49/><U60/><E60/><V112/><F112/><W121/><G121/><T65/><D65/><U42/><E128/><V72/><F72/><W78/><G78/><T48/><D48/><U16/><E120/><V97/><F71/><W129/><G129/><T39/><D27/><U56/><E56/><V36/><F36/><W38/><G38/><T8/><D39/><U108/><E114/><V102/><F67/><W21/><REACH who="3" step="1"/><G4/><REACH who="3" ten="412,310,37,231" step="2"/><T115/><D115/><U84/><E79/><V24/><REACH who="2" step="1"/><F99/><REACH who="2" ten="412,310,27,231" step="2"/><W133/><G133/><T93/><D119/><U118/><E118/><V81/><F81/><W76/><G76/><T106/><D117/><U30/><E110/><V113/><F113/><W55/><G55/><T3/><D70/><U83/><E109/><V124/><F124/><W122/><G122/><T37/><D68/><U91/><E108/><V116/><F116/><W10/><G10/><T89/><D37/><U57/><E83/><V5/><F5/><W77/><G77/><T90/><D11/><U59/><E42/><V126/><F126/><W98/><G98/><T123/><D123/><U80/><E80/><V15/><F15/><RYUUKYOKU ba="0,2" sc="412,-15,310,-15,27,15,231,15" hai2="9,14,17,19,24,52,58,61,94,97,100,102,103" hai3="12,18,20,21,28,53,54,62,64,69,96,101,107" /><INIT seed="2,1,2,2,0,52" ten="397,295,42,246" oya="2" hai0="99,23,125,21,78,15,76,38,16,55,12,102,41" hai1="19,65,10,116,27,24,68,87,91,5,25,1,128" hai2="103,46,119,132,8,127,61,62,3,75,31,130,123" hai3="96,95,34,134,122,58,7,48,108,124,80,121,110"/><V33/><F119/><W44/><G34/><T131/><D125/><U29/><E128/><V69/><F123/><W84/><G7/><T111/><D111/><N who="3" m="42537" /><G124/><T71/><D71/><U92/><E116/><V32/><F127/><W54/><G44/><T6/><D131/><U11/><E65/><N who="2" m="41135" /><F62/><W77/><G134/><T17/><D6/><U4/><E68/><V83/><F132/><W60/><G60/><T28/><D28/><U26/><E19/><V72/><F130/><W51/><G48/><T89/><D89/><AGARI ba="1,2" hai="51,54,58,77,80,84,89,95,96,121,122" m="42537" machi="89" ten="30,2000,0" yaku="14,1,52,1" doraHai="52" who="3" fromWho="0" sc="397,-23,295,0,42,0,246,43" /><INIT seed="3,0,0,3,4,20" ten="374,295,42,289" oya="3" hai0="104,23,52,17,10,14,55,22,3,94,50,91,126" hai1="15,36,1,122,70,123,134,66,67,81,105,80,18" hai2="16,0,6,102,9,110,35,109,117,2,26,108,114" hai3="8,31,63,19,79,96,111,7,75,5,93,47,132"/><W127/><G127/><T99/><D126/><U100/><E36/><V113/><F102/><W30/><G132/><T64/><D104/><U44/><E1/><V46/><F46/><W38/><G111/><T88/><D64/><U128/><E44/><V65/><F65/><W24/><G75/><T124/><D124/><U90/><E134/><V133/><F133/><W4/><G79/><T49/><D3/><U73/><E128/><V101/><F101/><N who="3" m="60559" /><G38/><T121/><D121/><U60/><E67/><V56/><F56/><W33/><G33/><T40/><D91/><U13/><E13/><V74/><F74/><W29/><G47/><N who="0" m="27711" /><D40/><U135/><E135/><V112/><F2/><W53/><G53/><T106/><D106/><U92/><E100/><V84/><F84/><W78/><G78/><T45/><AGARI ba="0,0" hai="10,14,17,22,23,45,50,55,88,94,99" m="27711" machi="45" ten="30,4000,0" yaku="8,1,54,2" doraHai="20" who="0" fromWho="0" sc="374,40,295,-10,42,-10,289,-20" /><INIT seed="4,0,0,3,5,7" ten="414,285,32,269" oya="0" hai0="79,130,76,115,16,63,73,19,41,88,50,22,66" hai1="18,32,131,108,87,119,114,75,48,40,17,5,56" hai2="4,31,30,128,83,29,100,52,84,47,103,8,67" hai3="122,116,64,10,107,81,70,132,55,125,46,28,54"/><T34/><D115/><U123/><E75/><V105/><F67/><W86/><G107/><T135/><D34/><U124/><E123/><V35/><F35/><W110/><G116/><T93/><D130/><U74/><E114/><V109/><F105/><W1/><G28/><T24/><D73/><U43/><E74/><V134/><F134/><W39/><G110/><T113/><D113/><U94/><E32/><V77/><F109/><W13/><G1/><T96/><D19/><U104/><E104/><V25/><F25/><W71/><G125/><T117/><D117/><U102/><E131/><V23/><F23/><W82/><G132/><T3/><D3/><U90/><E124/><V97/><F97/><W33/><G33/><T60/><D135/><U12/><E102/><V58/><F47/><W112/><G112/><T45/><REACH who="0" step="1"/><D60/><REACH who="0" ten="404,285,32,269" step="2"/><U42/><E119/><V80/><F128/><W120/><G120/><T92/><D92/><U133/><E133/><V98/><F80/><W111/><G82/><T118/><D118/><U106/><E106/><V59/><F98/><W2/><G81/><T91/><D91/><U36/><E108/><V21/><F21/><W69/><G111/><T126/><D126/><U78/><E94/><V127/><F127/><W101/><G122/><T6/><D6/><U38/><E5/><V129/><F129/><W65/><G101/><T14/><D14/><U11/><E18/><V0/><REACH who="2" step="1"/><F59/><AGARI ba="0,1" hai="16,22,24,41,45,50,59,63,66,76,79,88,93,96" machi="59" ten="30,12000,1" yaku="1,1,7,1,8,1,54,2,53,0" doraHai="7" doraHaiUra="49" who="0" fromWho="2" sc="404,130,285,0,32,-120,269,0" owari="534,63.0,285,9.0,-88,-59.0,269,-13.0" /></mjloggm>