<mjloggm ver="2.3"><GO type="97" lobby="0"/><UN n0="%E6%96%B0%E5%A6%BB%E3%82%8A%E3%81%95%28%32%34%29" n1="%E5%B0%B1%E6%B4%BB%E7%94%9F%40%E5%B7%9D%E6%9D%91%E8%BB%8D%E5%9B%A3" n2="%42%6F%67%69%65" n3="%E5%85%AB%E3%83%83%E6%A9%8B" dan="15,14,13,13" rate="1998.98,1984.91,1885.32,1820.27" sx="M,M,M,M"/><TAIKYOKU oya="0"/><INIT seed="0,0,0,4,2,107" ten="250,250,250,250" oya="0" hai0="117,54,120,134,114,119,113,14,41,89,108,99,33" hai1="109,50,12,18,78,90,28,13,92,8,111,67,42" hai2="9,11,71,69,25,44,131,7,96,31,24,16,125" hai3="118,105,129,58,85,49,45,10,63,72,97,1,84"/><T104/><D33/><U116/><E116/><N who="0" m="44617" /><D14/><U124/><E124/><V6/><F125/><W61/><G118/><T66/><D66/><U74/><E67/><V73/><F73/><W81/><G129/><T35/><D35/><U102/><E102/><V128/><F96/><W57/><G57/><T130/><D41/><U106/><E106/><V21/><F44/><W59/><G59/><T52/><D130/><N who="2" m="49706" /><F71/><W87/><G58/><T86/><D134/><U48/><E28/><V43/><F43/><W19/><G97/><T123/><D54/><U23/><E42/><V39/><F39/><W27/><G105/><T46/><D52/><U30/><E50/><V94/><F94/><W83/><G72/><T98/><D46/><U26/><E48/><V115/><F115/><N who="0" m="44042" /><D108/><U62/><E62/><N who="3" m="23562" /><G1/><T93/><D99/><U22/><E111/><V127/><F69/><W95/><G10/><N who="2" m="3593" /><F127/><W40/><G27/><T32/><D32/><AGARI ba="0,0" hai="6,7,16,21,24,25,31,32" m="3593,49706" machi="32" ten="30,7700,0" yaku="19,1,34,2,54,1" doraHai="107" who="2" fromWho="0" sc="250,-77,250,0,250,77,250,0" /><INIT seed="1,0,0,3,4,41" ten="173,250,327,250" oya="1" hai0="32,61,112,30,98,16,72,108,49,69,135,18,118" hai1="13,96,57,73,100,82,68,91,90,79,103,134,63" hai2="15,34,131,127,8,39,66,80,132,84,52,78,76" hai3="105,40,130,58,94,77,86,122,26,133,5,97,92"/><U0/><E0/><V24/><F39/><W17/><G122/><T1/><D118/><U19/><E134/><V45/><F66/><W60/><G133/><T113/><D72/><U128/><E68/><V64/><F127/><W115/><G115/><T27/><D135/><U70/><E70/><V36/><F131/><W106/><G130/><T4/><D49/><U11/><E128/><V12/><F64/><W14/><G40/><T43/><D43/><U121/><E121/><V95/><F36/><W53/><G105/><T22/><D98/><U74/><E74/><V104/><F104/><W47/><G47/><T3/><D61/><U116/><E116/><V25/><F15/><W89/><G106/><T51/><D51/><U111/><E111/><V20/><F34/><W48/><G48/><T83/><D83/><U81/><E81/><V109/><F109/><W46/><G46/><T87/><D87/><U50/><E50/><N who="2" m="28751" /><F95/><W38/><G38/><T7/><D69/><U129/><E129/><V44/><F44/><W102/><G77/><N who="2" m="29801" /><F20/><W42/><G42/><T28/><D108/><U119/><E119/><V55/><F55/><W29/><G29/><T67/><D67/><U114/><E114/><V59/><F59/><W21/><G5/><T71/><D71/><U120/><E120/><V6/><F132/><W107/><G107/><T125/><D22/><U117/><E117/><V54/><F54/><W123/><G123/><T35/><D27/><AGARI ba="0,0" hai="14,17,21,26,27,53,58,60,86,89,92,94,97,102" machi="27" ten="40,1300,0" yaku="8,1" doraHai="41" who="3" fromWho="0" sc="173,-13,250,0,327,0,250,13" /><INIT seed="2,0,0,5,0,53" ten="160,250,327,263" oya="2" hai0="125,77,93,73,11,66,131,75,97,71,0,15,27" hai1="63,117,105,21,88,28,111,100,70,24,44,124,102" hai2="1,9,122,2,46,47,13,133,48,61,56,52,135" hai3="118,82,16,6,12,18,123,109,87,107,54,34,69"/><V67/><F122/><W38/><G123/><T26/><D131/><U115/><E117/><V129/><F129/><W58/><G118/><T79/><D125/><U33/><E115/><V68/><F47/><W91/><G107/><T45/><D0/><U43/><E124/><V106/><F106/><W83/><G69/><T84/><D73/><U22/><E111/><V10/><F10/><W59/><G38/><T128/><D75/><U23/><E105/><V62/><F13/><W14/><G34/><T40/><D128/><U134/><E134/><N who="2" m="51211" /><F9/><N who="3" m="4151" /><G54/><AGARI ba="0,0" hai="1,2,46,48,52,54,56,61,62,67,68" m="51211" machi="54" ten="30,5800,0" yaku="20,1,52,1,54,1" doraHai="53" who="2" fromWho="3" sc="160,0,250,0,327,58,263,-58" /><INIT seed="2,1,0,2,1,128" ten="160,250,385,205" oya="2" hai0="17,95,67,97,39,56,65,58,7,44,77,19,70" hai1="73,10,28,74,55,102,22,11,51,75,53,132,68" hai2="100,49,103,42,34,32,9,129,108,109,133,124,99" hai3="92,30,89,61,63,126,116,47,41,90,23,121,107"/><V35/><F129/><W111/><G121/><T96/><D70/><U93/><E68/><V33/><F124/><W13/><G116/><T106/><D106/><U26/><E132/><V62/><F133/><W127/><G107/><T15/><D39/><U110/><E110/><N who="2" m="42603" /><F62/><W20/><G111/><T82/><D44/><U125/><E125/><N who="3" m="47626" /><G30/><T88/><D7/><U112/><E112/><V2/><F2/><W43/><G13/><T113/><D97/><U94/><E55/><V48/><F9/><W86/><G90/><T59/><D19/><U31/><E31/><V76/><F76/><W66/><G61/><T131/><D113/><U122/><E122/><V4/><F4/><W12/><G12/><T8/><REACH who="0" step="1"/><D131/><REACH who="0" ten="150,250,385,205" step="2"/><U78/><E28/><V135/><F99/><W80/><G47/><T71/><D71/><U3/><E3/><V25/><F42/><W130/><G130/><T54/><D54/><U87/><E53/><V27/><F35/><W115/><G115/><T69/><D69/><U79/><E102/><N who="2" m="38955" /><F135/><W64/><G41/><T85/><AGARI ba="1,1" hai="8,15,17,56,58,59,65,67,77,82,85,88,95,96" machi="85" ten="30,12000,2" yaku="1,1,0,1,8,1,54,1,53,2" doraHai="128" doraHaiUra="60" who="0" fromWho="0" sc="150,133,250,-31,385,-61,205,-31" /><INIT seed="3,0,0,2,2,17" ten="283,219,324,174" oya="3" hai0="60,39,55,117,76,105,59,119,88,1,23,78,37" hai1="57,122,43,12,46,5,95,13,63,40,16,109,126" hai2="6,99,38,27,47,130,104,11,93,36,73,28,101" hai3="75,107,18,97,64,124,20,89,3,84,135,52,85"/><W114/><G114/><T108/><D105/><U30/><E109/><V98/><F130/><W26/><G3/><T68/><D1/><U4/><E122/><V77/><F73/><W61/><G75/><T0/><D0/><U41/><E126/><V45/><F77/><W79/><G124/><T106/><D106/><U54/><E30/><V58/><F58/><N who="3" m="35015" /><G135/><T31/><D68/><U133/><E133/><V56/><F56/><W8/><G107/><T118/><D108/><U86/><E46/><V22/><F47/><W66/><G8/><T67/><D39/><U44/><E44/><V24/><F24/><W69/><G69/><T48/><D37/><U132/><E132/><V127/><F45/><W113/><G113/><T121/><D121/><U102/><E12/><V9/><F9/><W51/><G51/><T115/><D115/><U15/><E15/><V70/><F70/><W74/><G74/><T128/><D128/><U116/><E116/><V82/><F82/><N who="3" m="47199" /><G97/><T2/><D2/><U103/><E4/><V112/><F127/><W14/><G14/><T120/><D120/><U92/><E5/><V42/><F42/><W53/><G53/><T131/><D131/><U83/><E103/><N who="2" m="62583" /><F112/><W50/><G50/><T81/><D48/><U35/><E102/><V125/><F125/><W129/><G129/><T19/><D55/><U72/><E35/><V10/><F10/><W25/><G25/><T94/><D119/><U80/><E72/><V34/><F34/><W32/><G32/><T21/><D118/><U110/><E110/><V111/><F111/><W87/><G85/><RYUUKYOKU ba="0,0" sc="283,-15,219,-15,324,15,174,15" hai2="6,11,22,27,28,36,38,93,99,101" hai3="18,20,26,64,66,87,89" /><INIT seed="3,1,0,5,3,14" ten="268,204,339,189" oya="3" hai0="115,64,23,32,20,102,6,39,47,2,24,95,15" hai1="67,113,120,53,125,75,72,31,61,104,1,52,37" hai2="59,94,8,45,73,42,30,41,12,3,116,82,97" hai3="109,44,99,33,36,77,108,132,134,19,29,57,119"/><W68/><G119/><T60/><D115/><U38/><E113/><V114/><F3/><W90/><G68/><T101/><D2/><U13/><E1/><V66/><F30/><W0/><G0/><T58/><D32/><U48/><E104/><V46/><F73/><W110/><G77/><T91/><D39/><U4/><E120/><V105/><F105/><W124/><G124/><T84/><D47/><N who="2" m="17930" /><F82/><W62/><G19/><T54/><D64/><U16/><E4/><N who="2" m="3079" /><F114/><W129/><G129/><T122/><D122/><U26/><E125/><V85/><F85/><W111/><N who="3" m="28160" /><DORA hai="7" /><W118/><G118/><T56/><D56/><U127/><E127/><V92/><F116/><W50/><G36/><T34/><D34/><U88/><E38/><V131/><F131/><W9/><G9/><N who="0" m="4535" /><D20/><U93/><E37/><V65/><F59/><W71/><G71/><T107/><D107/><U89/><E75/><V106/><F106/><W69/><G69/><T123/><D123/><U35/><E72/><V40/><F92/><N who="3" m="56727" /><G29/><AGARI ba="1,0" hai="23,24,29,54,58,60,84,91,95,101,102" m="4535" machi="29" ten="30,2000,0" yaku="8,1,52,1" doraHai="14,7" who="0" fromWho="3" sc="268,23,204,0,339,0,189,-23" owari="291,9.0,204,-20.0,339,44.0,166,-33.0" /></mjloggm>