<mjloggm ver="2.3"><GO type="169" lobby="0"/><UN n0="%4B%55%5A%55" n1="%61%6C%75%63%61%72%64" n2="%E3%82%A6%E3%83%AB%E3%83%88%E3%83%A9%E7%AB%8B%E7%9B%B4" n3="%67%69%6E%6B%67%6F" dan="16,17,17,16" rate="2117.02,2099.91,2220.88,2113.81" sx="M,M,M,M"/><TAIKYOKU oya="0"/><INIT seed="0,0,0,1,5,22" ten="250,250,250,250" oya="0" hai0="80,76,11,124,95,31,15,117,52,25,41,39,44" hai1="47,129,60,72,9,37,30,32,54,73,82,132,3" hai2="45,87,121,28,115,10,46,111,58,113,77,96,90" hai3="126,74,27,75,119,86,112,135,97,100,4,17,56"/><T70/><D117/><U24/><E129/><V6/><F121/><W36/><G36/><T59/><D124/><U92/><E132/><V69/><F69/><W12/><G112/><T42/><D70/><U68/><E92/><V133/><F133/><W61/><G119/><T134/><D42/><N who="1" m="22991" /><E54/><V99/><F111/><W71/><G126/><T125/><D95/><U50/><E50/><V55/><F77/><W109/><G109/><T98/><D98/><U48/><E48/><V107/><F107/><W116/><G71/><T2/><D125/><U53/><E53/><V5/><F55/><W51/><G51/><T26/><D2/><U18/><E18/><V89/><F87/><W21/><G86/><T20/><D134/><U127/><E82/><V34/><F58/><W64/><G116/><T102/><D102/><U65/><E127/><V67/><F67/><W101/><G101/><T62/><D26/><U79/><E79/><V130/><F130/><W105/><G135/><T35/><D35/><U43/><E43/><V103/><F34/><W91/><G91/><T114/><D114/><U29/><E29/><V84/><F28/><W94/><G105/><T83/><D76/><U118/><E118/><V106/><F106/><W40/><G40/><T110/><D110/><U104/><E104/><V16/><F103/><W57/><G57/><T23/><D23/><U88/><E88/><V66/><F90/><W13/><G13/><T8/><D8/><U81/><E81/><V93/><F89/><W78/><G78/><T14/><D15/><U0/><E9/><V33/><F10/><RYUUKYOKU ba="0,0" sc="250,10,250,10,250,-30,250,10" hai0="11,14,20,25,31,39,41,44,52,59,62,80,83" hai1="0,3,24,30,32,60,65,68,72,73" hai3="4,12,17,21,27,56,61,64,74,75,94,97,100" /><INIT seed="0,1,0,0,5,60" ten="260,260,220,260" oya="0" hai0="9,118,31,111,80,127,94,125,71,14,109,128,84" hai1="67,93,66,55,113,4,25,10,17,11,105,8,90" hai2="120,27,22,37,95,28,108,33,70,5,96,44,36" hai3="59,53,106,92,47,43,38,7,69,112,86,32,49"/><T6/><D118/><U61/><E105/><V116/><F120/><W130/><G106/><T129/><D71/><U20/><E113/><V52/><F108/><N who="0" m="41546" /><D94/><U79/><E79/><V18/><F70/><W0/><G112/><T41/><D41/><U77/><E77/><V135/><F5/><W21/><G32/><T73/><D73/><U131/><E131/><N who="0" m="50249" /><D31/><U46/><E4/><V88/><F116/><W63/><G130/><T97/><D97/><N who="1" m="57527" /><E46/><V123/><F123/><W107/><G107/><T78/><AGARI ba="1,0" hai="6,9,14,78,80,84,125,127" m="50249,41546" machi="78" ten="40,7800,0" yaku="14,1,10,1,19,1" doraHai="60" who="0" fromWho="0" sc="260,81,260,-27,220,-27,260,-27" /><INIT seed="0,2,0,2,5,135" ten="341,233,193,233" oya="0" hai0="69,114,33,39,51,41,73,48,115,125,14,62,64" hai1="37,38,105,29,112,13,42,6,26,17,123,53,88" hai2="71,129,80,100,9,74,11,2,20,15,103,98,60" hai3="30,70,66,91,45,97,28,75,58,1,93,117,22"/><T19/><D33/><U49/><E6/><V81/><F2/><W40/><G117/><T23/><D73/><U76/><E105/><V124/><F74/><W94/><G1/><T46/><REACH who="0" step="1"/><D125/><REACH who="0" ten="331,233,193,233" step="2"/><U84/><E112/><AGARI ba="2,1" hai="14,19,23,39,41,46,48,51,62,64,69,112,114,115" machi="112" ten="40,3900,0" yaku="1,1,2,1,53,0" doraHai="135" doraHaiUra="79" who="0" fromWho="1" sc="331,55,233,-45,193,0,233,0" /><INIT seed="0,3,0,4,3,69" ten="386,188,193,233" oya="0" hai0="100,105,99,14,0,128,55,57,131,28,27,86,11" hai1="118,33,121,73,84,39,36,124,119,17,91,37,102" hai2="67,126,31,43,46,78,50,87,7,75,94,107,35" hai3="116,48,81,97,93,58,18,13,12,77,85,60,1"/><T122/><D0/><U23/><E121/><V45/><F107/><W61/><G1/><T64/><D64/><U89/><E73/><V41/><F126/><W115/><G115/><T108/><D122/><U101/><E33/><V92/><F75/><W132/><G132/><T133/><D133/><U66/><E124/><V2/><F35/><W6/><G6/><T3/><D3/><U40/><E40/><V32/><F32/><W21/><G116/><T62/><D86/><U24/><E66/><V10/><F31/><W63/><G12/><T71/><D71/><U72/><E72/><V98/><F67/><W103/><REACH who="3" step="1"/><G48/><REACH who="3" ten="386,188,193,223" step="2"/><T106/><D108/><U104/><E118/><V34/><F2/><W44/><G44/><T53/><D128/><U74/><E119/><V79/><F7/><W68/><G68/><T29/><D131/><U26/><E26/><V76/><F50/><W49/><G49/><T110/><D27/><U30/><E30/><V65/><F46/><W117/><G117/><T83/><D28/><U8/><E24/><V111/><F45/><W120/><G120/><T125/><D29/><U90/><E17/><V51/><F51/><W52/><AGARI ba="3,1" hai="13,18,21,52,58,60,61,63,77,81,85,93,97,103" machi="52" ten="20,8000,1" yaku="1,1,0,1,7,1,8,1,54,1,53,0" doraHai="69" doraHaiUra="135" who="3" fromWho="3" sc="386,-43,188,-23,193,-23,223,99" /><INIT seed="1,0,0,2,1,29" ten="343,165,170,322" oya="1" hai0="84,48,88,50,119,69,105,91,11,34,102,21,71" hai1="43,97,128,98,12,56,111,52,6,130,36,104,58" hai2="13,1,41,40,42,134,27,123,20,114,14,135,99" hai3="4,5,94,90,107,35,122,126,100,76,92,132,54"/><U103/><E111/><V66/><F1/><W3/><G122/><T125/><D119/><U113/><E113/><V68/><F123/><W67/><G67/><T26/><D125/><U121/><E121/><V64/><F99/><W96/><G126/><T30/><D11/><N who="1" m="4215" /><E97/><V19/><F114/><W61/><G132/><N who="2" m="50729" /><F68/><W89/><G3/><T32/><D102/><U129/><E36/><V33/><F13/><W73/><G61/><T17/><D105/><U46/><E43/><V87/><F87/><N who="3" m="52319" /><G54/><T116/><D116/><U80/><E80/><V82/><F82/><N who="3" m="45327" /><G35/><T118/><D118/><U18/><E18/><V37/><F37/><W2/><G2/><T31/><D84/><AGARI ba="0,0" hai="4,5,84,89,94,96,100,107" m="45327,52319" machi="84" ten="30,1000,0" yaku="24,1" doraHai="29" who="3" fromWho="0" sc="343,-10,165,0,170,0,322,10" /><INIT seed="2,0,0,5,2,126" ten="333,165,170,332" oya="2" hai0="5,50,27,30,38,49,2,52,58,56,80,127,128" hai1="23,118,115,18,32,68,83,24,131,116,98,39,11" hai2="74,13,79,78,86,55,21,94,51,114,129,100,28" hai3="124,133,113,130,111,41,22,84,112,70,34,75,69"/><V105/><F114/><N who="3" m="44139" /><G84/><T59/><D38/><U15/><E68/><V46/><F74/><W119/><G22/><N who="0" m="15735" /><D2/><U123/><E39/><V72/><F72/><W48/><G34/><T42/><D127/><U25/><E115/><V97/><F129/><W132/><G75/><T134/><D128/><U62/><E131/><V71/><F71/><N who="3" m="27147" /><G130/><T82/><D5/><N who="1" m="3567" /><E62/><V101/><F105/><W93/><G93/><T104/><D104/><U43/><E98/><V109/><F109/><W45/><G124/><T36/><D36/><U89/><E43/><V3/><F3/><W40/><G119/><N who="1" m="45610" /><E89/><V90/><F101/><W47/><G111/><T121/><D121/><U91/><E91/><V88/><F100/><W125/><G125/><T35/><D35/><U44/><E83/><N who="0" m="31785" /><D134/><N who="3" m="51817" /><G47/><AGARI ba="0,0" hai="42,47,49,50,52,56,58,59" m="31785,15735" machi="47" ten="30,2000,0" yaku="8,1,54,1" doraHai="126" who="0" fromWho="3" sc="333,20,165,0,170,0,332,-20" /><INIT seed="3,0,0,0,5,86" ten="353,165,170,312" oya="3" hai0="27,11,52,74,93,65,102,64,32,123,107,23,15" hai1="96,83,53,80,35,33,106,62,59,46,6,39,131" hai2="110,48,87,47,0,21,115,111,78,54,113,19,18" hai3="28,51,4,104,117,49,125,85,20,108,114,98,16"/><W81/><G117/><T30/><D123/><U134/><E6/><V12/><F0/><W8/><G114/><T38/><D38/><U124/><E131/><V58/><F47/><W82/><G125/><T119/><D74/><U37/><E134/><V44/><F44/><W56/><G104/><T14/><D107/><U3/><E3/><V68/><F68/><W63/><G98/><N who="0" m="59727" /><D32/><U84/><E124/><V45/><F45/><W67/><G108/><N who="2" m="41513" /><F19/><W5/><G28/><T69/><D69/><U112/><E112/><V90/><F78/><W7/><G8/><T57/><D119/><U25/><E39/><V40/><F40/><W43/><G43/><T109/><D109/><U118/><E46/><V73/><F73/><W22/><G81/><AGARI ba="0,0" hai="12,18,21,48,54,58,81,87,90,113,115" m="41513" machi="81" ten="30,2000,0" yaku="14,1,52,1" doraHai="86" who="2" fromWho="3" sc="353,0,165,0,170,20,312,-20" /><INIT seed="4,0,0,3,0,21" ten="353,165,190,292" oya="0" hai0="0,43,1,74,82,59,31,90,119,80,127,53,14" hai1="66,116,114,101,71,35,49,23,106,51,78,120,15" hai2="76,47,65,109,68,112,121,60,16,5,83,104,72" hai3="102,26,39,96,117,13,6,126,10,75,85,9,100"/><T27/><D119/><U134/><E35/><V7/><F109/><W58/><G39/><T107/><D107/><U32/><E32/><V125/><F104/><W94/><G117/><T62/><D127/><U19/><E120/><V87/><F121/><W45/><G75/><T86/><D43/><U89/><E78/><V132/><F132/><W92/><G45/><T131/><D131/><U34/><E34/><V44/><F112/><W70/><G70/><T124/><D124/><U56/><E71/><V110/><F110/><W20/><G126/><T123/><D123/><U122/><E122/><V18/><F72/><W52/><G10/><T95/><D14/><U46/><E134/><V118/><F118/><W17/><G85/><T99/><D74/><U84/><E116/><V50/><F47/><W81/><G81/><T48/><D48/><U63/><E114/><V2/><F125/><W73/><G73/><T33/><REACH who="0" step="1"/><D82/><REACH who="0" ten="343,165,190,292" step="2"/><N who="1" m="49303" /><E106/><V77/><F2/><W61/><REACH who="3" step="1"/><G92/><REACH who="3" ten="343,165,190,282" step="2"/><T42/><D42/><U37/><E37/><V54/><F83/><W25/><G25/><T133/><D133/><U105/><E105/><V8/><F44/><W128/><G128/><T111/><D111/><U3/><E46/><V97/><F68/><W67/><G67/><T88/><AGARI ba="0,2" hai="0,1,27,31,33,53,59,62,80,86,88,90,95,99" machi="88" ten="20,18000,2" yaku="1,1,0,1,7,1,52,1,54,1,53,1" doraHai="21" doraHaiUra="28" who="0" fromWho="0" sc="343,200,165,-60,190,-60,282,-60" /><INIT seed="4,1,0,3,4,115" ten="543,105,130,222" oya="0" hai0="0,8,62,27,29,17,7,99,85,52,13,71,122" hai1="86,77,60,94,70,68,107,88,127,130,79,128,45" hai2="43,19,2,14,23,74,38,135,30,73,11,56,66" hai3="108,132,89,97,57,65,40,113,9,46,96,20,24"/><T15/><D122/><U28/><E107/><V26/><F135/><W10/><G132/><T114/><D114/><U131/><E127/><V80/><F38/><W47/><G108/><T109/><D109/><U91/><E28/><V53/><F43/><W67/><G113/><T87/><D99/><U49/><E91/><V16/><F66/><W41/><G57/><N who="0" m="35111" /><D71/><U48/><E48/><V129/><F129/><W121/><G89/><T116/><D116/><U98/><E98/><V82/><F2/><W78/><G78/><T22/><D0/><U103/><E103/><V34/><F74/><W63/><G63/><T58/><D58/><U39/><E39/><V50/><REACH who="2" step="1"/><F73/><REACH who="2" ten="543,105,120,222" step="2"/><W92/><G40/><T90/><D90/><U81/><E79/><V75/><F75/><W18/><G41/><T12/><D12/><AGARI ba="1,1" hai="11,12,14,16,19,23,26,30,34,50,53,56,80,82" machi="12" ten="30,8000,1" yaku="1,1,7,1,54,1,53,2" doraHai="115" doraHaiUra="76" who="2" fromWho="0" sc="543,-83,105,0,120,93,222,0" /><INIT seed="5,0,0,5,2,126" ten="460,105,213,222" oya="1" hai0="79,7,29,117,35,115,30,22,39,89,76,49,1" hai1="17,33,24,19,77,5,86,51,90,119,3,92,83" hai2="0,100,65,99,69,94,21,101,116,63,42,104,102" hai3="53,131,122,13,110,40,37,113,11,55,70,133,127"/><U103/><E119/><V67/><F116/><W61/><G110/><T58/><D39/><U41/><E103/><V46/><F0/><W98/><G122/><T124/><D117/><U31/><E3/><V71/><F104/><W23/><G127/><T54/><D124/><U38/><E5/><V48/><F21/><W12/><G40/><T9/><D115/><U10/><E38/><V120/><F120/><W57/><G70/><T106/><D106/><U93/><E10/><V56/><F56/><W107/><G37/><T111/><D111/><U84/><REACH who="1" step="1"/><E93/><REACH who="1" ten="460,95,213,222" step="2"/><V64/><F101/><W34/><G11/><T20/><D9/><U73/><E73/><V96/><F94/><W25/><G107/><T2/><D7/><U8/><E8/><V28/><F102/><W85/><G113/><T81/><D2/><U75/><E75/><V6/><F100/><W32/><G32/><T95/><D95/><U118/><E118/><V128/><F6/><W60/><G34/><T108/><D1/><U97/><E97/><V125/><F99/><W44/><G98/><T105/><D105/><U47/><AGARI ba="0,1" hai="17,19,24,31,33,41,47,51,77,83,84,86,90,92" machi="47" ten="30,3000,0" yaku="1,1,0,1,53,0" doraHai="126" doraHaiUra="130" who="1" fromWho="1" sc="460,-10,95,40,213,-10,222,-10" /><INIT seed="5,1,0,2,1,63" ten="450,135,203,212" oya="1" hai0="82,129,103,95,58,60,93,78,83,87,105,133,79" hai1="26,69,99,116,85,65,47,33,44,59,38,13,15" hai2="128,118,101,76,23,11,84,66,45,7,28,127,22" hai3="0,2,8,46,72,36,34,56,88,107,67,54,117"/><U43/><E116/><V39/><F118/><W18/><G117/><T32/><D32/><U77/><E47/><V96/><F127/><W71/><G107/><T48/><D133/><U81/><E99/><V126/><F126/><W29/><G29/><T49/><D129/><U80/><E69/><V3/><F128/><W50/><G34/><T62/><D105/><U17/><E81/><V114/><F114/><W134/><G72/><T51/><D103/><U123/><E123/><V16/><F28/><W75/><G75/><T92/><D58/><U120/><E120/><V31/><F31/><W100/><G100/><T74/><AGARI ba="1,0" hai="48,49,51,60,62,74,78,79,82,83,87,92,93,95" machi="74" ten="30,1100,0" yaku="0,1" doraHai="63" who="0" fromWho="0" sc="450,14,135,-6,203,-4,212,-4" /><INIT seed="6,0,0,5,5,39" ten="464,129,199,208" oya="2" hai0="127,26,68,50,65,86,29,36,41,33,59,31,102" hai1="128,109,37,111,135,44,8,11,6,34,90,60,117" hai2="57,16,108,19,76,5,70,17,106,93,113,4,13" hai3="99,92,101,88,116,77,91,95,81,63,85,79,134"/><V100/><F70/><W43/><G43/><T82/><D127/><U66/><E34/><V53/><F106/><N who="3" m="63807" /><G63/><T112/><D102/><U28/><E28/><V24/><F108/><W2/><G2/><T61/><D112/><U47/><E117/><V25/><F113/><W49/><G49/><T104/><D104/><U21/><E21/><V119/><F76/><N who="3" m="29259" /><G134/><T94/><D94/><N who="3" m="35881" /><G116/><T80/><D31/><U1/><E135/><V32/><F32/><W64/><G64/><T98/><D36/><U56/><E37/><V78/><F119/><W126/><G126/><T30/><D26/><U58/><E60/><V114/><F114/><W51/><G51/><T89/><D65/><U18/><E66/><V107/><F25/><W71/><G71/><T48/><D59/><U105/><E1/><V35/><F19/><W55/><G55/><T84/><D48/><U62/><E62/><V40/><F17/><W22/><G22/><T0/><D50/><U46/><E18/><V27/><F16/><W73/><G73/><T23/><D23/><U131/><E46/><V75/><F35/><W110/><G110/><T129/><D29/><U83/><E6/><V133/><F5/><W42/><G42/><T132/><D41/><U97/><E111/><V130/><F40/><W7/><G7/><T74/><D30/><U12/><E109/><V122/><F133/><W121/><G121/><T124/><D132/><U120/><E120/><V45/><F122/><W10/><G10/><T96/><D33/><U20/><E11/><V67/><F67/><W87/><G87/><N who="0" m="50407" /><D68/><U15/><E8/><RYUUKYOKU ba="0,0" sc="464,-10,129,-10,199,-10,208,30" hai3="81,85,88,91" /><INIT seed="7,1,0,1,0,69" ten="454,119,189,238" oya="3" hai0="44,77,102,25,118,83,72,3,97,107,120,0,91" hai1="130,31,23,36,2,74,39,32,89,127,9,84,122" hai2="54,15,29,75,92,94,119,34,124,47,71,67,129" hai3="26,123,52,61,7,64,27,85,19,45,56,116,104"/><W53/><G123/><T18/><D118/><U11/><E122/><V63/><F75/><W125/><G116/><T86/><D44/><U78/><E32/><V5/><F119/><W62/><G104/><T46/><D46/><U30/><E74/><V65/><F124/><W50/><G7/><T42/><D42/><U79/><E127/><V4/><F129/><W57/><G125/><T108/><D108/><U134/><E130/><V103/><F67/><W8/><G85/><T101/><D101/><U38/><E134/><V131/><F131/><W70/><G70/><T40/><D40/><U93/><E11/><V14/><F54/><W105/><G105/><T16/><D120/><U66/><E66/><V114/><F47/><W33/><G33/><T100/><D100/><U60/><E60/><V117/><F103/><W51/><G51/><T37/><D37/><U121/><E121/><V113/><F117/><W80/><G80/><T35/><D18/><U17/><E9/><V81/><F63/><W128/><G128/><T21/><D35/><U90/><E2/><V59/><F34/><W13/><AGARI ba="1,0" hai="8,13,19,26,27,45,50,52,53,56,57,61,62,64" machi="13" ten="30,6000,0" yaku="0,1,8,1,54,1" doraHai="69" who="3" fromWho="3" sc="454,-21,119,-21,189,-21,238,63" /><INIT seed="7,2,0,2,0,88" ten="433,98,168,301" oya="3" hai0="4,102,61,53,85,126,9,13,42,128,95,131,103" hai1="104,89,57,7,38,60,71,68,5,40,36,51,3" hai2="130,72,6,110,52,62,78,109,133,10,76,33,86" hai3="116,24,92,1,124,99,65,12,64,125,100,45,27"/><W74/><G1/><T120/><D126/><N who="3" m="48745" /><G74/><T44/><D120/><U96/><E104/><V49/><F52/><W127/><G127/><T32/><D32/><U14/><E3/><V17/><F86/><W79/><G79/><T98/><D85/><U77/><E77/><V23/><F17/><W66/><G116/><T54/><D102/><U117/><E117/><V135/><F23/><W90/><G12/><T2/><D2/><U80/><E80/><V69/><F49/><W113/><G113/><T21/><D21/><U83/><E83/><V0/><F33/><W73/><G73/><T132/><D132/><N who="2" m="50762" /><F130/><N who="0" m="49706" /><D61/><U70/><E14/><V123/><F123/><W106/><G45/><T35/><D35/><U105/><E105/><V37/><F78/><W75/><G75/><T101/><D101/><U56/><E96/><AGARI ba="2,0" hai="24,27,64,65,66,90,92,96,99,100,106" m="48745" machi="96" ten="30,2900,0" yaku="18,1,52,1" doraHai="88" who="3" fromWho="1" sc="433,0,98,-35,168,0,301,35" /><INIT seed="7,3,0,0,4,0" ten="433,63,168,336" oya="3" hai0="101,108,83,65,16,98,132,41,121,58,123,126,43" hai1="6,96,61,107,104,76,119,80,100,64,89,38,60" hai2="85,45,56,113,112,97,27,12,21,3,57,25,52" hai3="24,59,68,40,120,93,128,75,37,117,99,102,13"/><W69/><G120/><T14/><D108/><U11/><E119/><V74/><F74/><W31/><G117/><T4/><D4/><U84/><E38/><V19/><F3/><W30/><G75/><T127/><D83/><U42/><E42/><N who="0" m="15881" /><D132/><U34/><E34/><V5/><F27/><W77/><G77/><T105/><D58/><U111/><E111/><V115/><F97/><W7/><G128/><T92/><D65/><U114/><E114/><V33/><F85/><W54/><G31/><T78/><D105/><U72/><E104/><V17/><F33/><W88/><G102/><T28/><D28/><U125/><E125/><N who="0" m="47625" /><D78/><U71/><E61/><V66/><F66/><W55/><G55/><T122/><D122/><U86/><REACH who="1" step="1"/><E89/><REACH who="1" ten="433,53,168,336" step="2"/><V124/><F124/><W8/><G40/><T47/><D121/><U63/><E63/><V110/><F110/><W50/><REACH who="3" step="1"/><G37/><REACH who="3" ten="433,53,168,326" step="2"/><T116/><D123/><U10/><E10/><V91/><F115/><W103/><G103/><T67/><D116/><U26/><E26/><V94/><F112/><W90/><G90/><T130/><D67/><U135/><E135/><V134/><F113/><W70/><G70/><T44/><D130/><U95/><E95/><V49/><F134/><W20/><AGARI ba="3,2" hai="7,8,13,20,24,30,50,54,59,68,69,88,93,99" machi="20" ten="20,18000,2" yaku="1,1,0,1,7,1,52,1,54,1,53,1" doraHai="0" doraHaiUra="48" who="3" fromWho="3" sc="433,-63,53,-63,168,-63,326,209" owari="370,17.0,-10,-51.0,105,-29.0,535,63.0" /></mjloggm>