<mjloggm ver="2.3"><GO type="169" lobby="0"/><UN n0="%E2%98%86%E2%98%85%E5%A4%A9%E6%B1%9F%E8%A1%A3%E2%98%85%E2%98%86" n1="%43%52%41%5A%59%42%45%45" n2="%E5%B0%B1%E6%B4%BB%E7%94%9F%40%E5%B7%9D%E6%9D%91%E8%BB%8D%E5%9B%A3" n3="%E3%81%BD%E3%81%BF%E3%82%85" dan="16,17,16,16" rate="2026.94,2189.22,2032.10,2086.48" sx="M,M,M,F"/><TAIKYOKU oya="0"/><INIT seed="0,0,0,3,5,96" ten="250,250,250,250" oya="0" hai0="127,37,35,47,22,121,103,56,5,91,68,76,71" hai1="133,65,2,51,126,4,77,41,78,30,114,3,15" hai2="85,27,108,24,89,42,64,84,109,34,123,107,100" hai3="40,88,19,106,113,50,57,48,49,95,120,7,92"/><T9/><D121/><U115/><E30/><N who="2" m="19783" /><F123/><W63/><G106/><T43/><D35/><U21/><E65/><V28/><F42/><W53/><G113/><N who="1" m="43018" /><E133/><V58/><F58/><W62/><G120/><T117/><D127/><U25/><E126/><V31/><F64/><W72/><G72/><T83/><D117/><U74/><E25/><V105/><F105/><W98/><G7/><T39/><D39/><U36/><E36/><V135/><F85/><N who="3" m="52239" /><G19/><T38/><D38/><U54/><E41/><V70/><F70/><W33/><G33/><T102/><D91/><U55/><E54/><V122/><F27/><W10/><G10/><T130/><D68/><U75/><E75/><V129/><F129/><W20/><G20/><T46/><D71/><U32/><E32/><V86/><F86/><W14/><G14/><T90/><D22/><U116/><E74/><V66/><F135/><W0/><G0/><N who="1" m="42" /><E116/><V79/><F66/><W73/><G73/><N who="0" m="43407" /><D130/><U18/><E4/><V59/><F59/><AGARI ba="0,0" hai="15,18,21,51,55,59,77,78" m="42,43018" machi="59" ten="30,1000,0" yaku="11,1" doraHai="96" who="1" fromWho="2" sc="250,0,250,10,250,-10,250,0" /><INIT seed="1,0,0,3,4,44" ten="250,260,240,250" oya="1" hai0="10,100,49,16,96,121,126,8,69,131,104,113,134" hai1="18,60,55,103,9,70,68,119,17,89,115,106,105" hai2="81,32,3,65,74,87,11,22,91,57,109,85,83" hai3="28,24,67,94,63,118,122,50,117,95,48,110,46"/><U25/><E119/><N who="3" m="45578" /><G122/><T14/><D121/><U125/><E115/><V78/><F109/><W42/><G110/><T82/><D113/><U93/><E125/><V31/><F32/><N who="3" m="20487" /><G50/><T102/><D126/><U58/><E103/><V114/><F114/><W84/><G84/><T36/><D36/><U124/><E124/><V34/><F34/><W45/><G45/><T120/><D120/><U71/><E17/><V123/><F123/><W1/><G1/><T13/><D131/><U23/><REACH who="1" step="1"/><E9/><REACH who="1" ten="250,250,240,250" step="2"/><V92/><F11/><W5/><G5/><T90/><D102/><U40/><E40/><V73/><F3/><W98/><G98/><AGARI ba="0,1" hai="18,23,25,55,58,60,68,70,71,89,93,98,105,106" machi="98" ten="40,7700,0" yaku="1,1,25,2,53,0" doraHai="44" doraHaiUra="99" who="1" fromWho="3" sc="250,0,250,87,240,0,250,-77" /><INIT seed="1,1,0,0,4,104" ten="250,337,240,173" oya="1" hai0="30,53,125,35,93,20,31,76,113,4,17,29,65" hai1="34,1,99,22,120,108,90,68,7,37,122,44,70" hai2="26,98,39,41,66,95,119,27,11,101,12,110,112" hai3="121,62,48,92,115,38,57,106,73,97,133,8,50"/><U10/><E22/><V33/><F119/><W59/><G38/><T83/><D65/><U134/><E34/><V21/><F112/><W77/><G121/><T85/><D113/><U43/><E134/><V13/><F110/><W55/><G106/><T64/><D125/><U36/><E36/><V116/><F116/><W16/><G133/><T71/><D35/><U103/><E90/><V45/><F66/><W56/><G115/><T63/><D4/><U126/><E126/><V9/><F33/><W127/><G127/><T52/><REACH who="0" step="1"/><D93/><REACH who="0" ten="240,337,240,173" step="2"/><U89/><E122/><V124/><F124/><W58/><G92/><T82/><D82/><U100/><E120/><V114/><F114/><W67/><G67/><T24/><AGARI ba="1,1" hai="17,20,24,29,30,31,52,53,63,64,71,76,83,85" machi="24" ten="30,4000,0" yaku="1,1,0,1,54,1,53,0" doraHai="104" doraHaiUra="131" who="0" fromWho="0" sc="240,53,337,-21,240,-11,173,-11" /><INIT seed="2,0,0,3,1,3" ten="293,316,229,162" oya="2" hai0="107,50,123,110,38,122,63,30,29,4,47,48,103" hai1="10,115,13,98,11,1,113,133,117,68,77,12,75" hai2="58,27,135,134,132,17,56,54,101,91,2,20,7" hai3="104,67,92,19,78,69,25,60,79,64,14,129,61"/><V74/><F74/><W124/><G104/><T111/><D38/><U76/><E1/><V87/><F101/><W82/><G129/><T39/><D39/><U114/><E68/><V116/><F116/><W97/><G124/><T8/><D103/><U43/><E117/><V46/><F46/><W94/><G25/><T32/><D107/><U85/><E75/><V100/><F100/><W51/><G51/><T26/><D30/><U59/><E98/><V125/><F125/><W127/><G127/><T120/><D63/><U72/><E72/><V128/><F128/><W62/><G82/><T6/><D50/><U55/><E43/><V102/><F102/><N who="3" m="60711" /><G94/><T90/><D90/><U45/><E45/><V36/><F36/><W84/><G84/><T21/><D32/><U96/><E96/><V65/><F65/><N who="3" m="25163" /><G69/><T109/><D8/><AGARI ba="0,0" hai="8,14,19,60,61,62,78,79" m="25163,60711" machi="8" ten="30,1000,0" yaku="8,1" doraHai="3" who="3" fromWho="0" sc="293,-10,316,0,229,0,162,10" /><INIT seed="3,0,0,0,5,37" ten="283,316,229,172" oya="3" hai0="51,61,29,11,77,75,73,2,94,95,62,45,91" hai1="46,107,63,42,103,53,118,40,64,99,105,59,1" hai2="112,18,71,9,55,4,133,26,111,79,24,3,58" hai3="119,52,48,102,135,114,31,113,115,33,15,47,13"/><W108/><G119/><T81/><D75/><U44/><E1/><V39/><F71/><W83/><G135/><T14/><D2/><U56/><E107/><V90/><F112/><W54/><G102/><T5/><D29/><U123/><E123/><V23/><F111/><W96/><G96/><T117/><D117/><U10/><E118/><V82/><F133/><W80/><G108/><T6/><D6/><U68/><E10/><V76/><F39/><W87/><G54/><T27/><D27/><U66/><E68/><V41/><F41/><N who="1" m="15977" /><E105/><V19/><F90/><W109/><G109/><T97/><REACH who="0" step="1"/><D95/><REACH who="0" ten="273,316,229,172" step="2"/><N who="1" m="58879" /><E66/><V78/><F24/><W70/><G80/><T88/><D88/><U35/><E35/><V32/><F19/><W30/><G30/><T60/><D60/><AGARI ba="0,1" hai="44,46,53,56,59,60,63,64" m="58879,15977" machi="60" ten="30,7700,0" yaku="8,1,52,3" doraHai="37" who="1" fromWho="0" sc="273,-77,316,87,229,0,172,0" /><INIT seed="4,0,0,0,3,34" ten="196,403,229,172" oya="0" hai0="130,40,134,1,90,43,15,65,117,55,72,2,126" hai1="18,27,42,48,33,70,83,50,46,91,28,106,112" hai2="123,53,58,44,103,74,24,71,37,0,114,121,129" hai3="12,36,89,95,25,94,20,63,135,16,56,10,11"/><T68/><D126/><U101/><E70/><V26/><F74/><W30/><G135/><T78/><D134/><U5/><E5/><V59/><F103/><W45/><G36/><T122/><D122/><U17/><E112/><V92/><F71/><W81/><G45/><T57/><D130/><U31/><E31/><V51/><F129/><W41/><G41/><T82/><D117/><U32/><E32/><V35/><F0/><W29/><G81/><T105/><D105/><U13/><E106/><V62/><F114/><W76/><G76/><T111/><D111/><U127/><E101/><V38/><F92/><W104/><G104/><T128/><D128/><U113/><E127/><V100/><F100/><W77/><G77/><T47/><D15/><U131/><E131/><V93/><F93/><N who="3" m="35339" /><G89/><T69/><D43/><U19/><E113/><V87/><F87/><W118/><G118/><T64/><D68/><U60/><E60/><V110/><F110/><W97/><G97/><T88/><D69/><U75/><E50/><V79/><F79/><W102/><G102/><T98/><D98/><U120/><E75/><V8/><F35/><W7/><G11/><T124/><D124/><U99/><E99/><V9/><F44/><W3/><G3/><T14/><D90/><U107/><E107/><V49/><F62/><W96/><G96/><T116/><D88/><U109/><E109/><V52/><AGARI ba="0,0" hai="8,9,24,26,37,38,49,51,52,53,58,59,121,123" machi="52" ten="25,6400,0" yaku="0,1,22,2,54,1" doraHai="34" who="2" fromWho="2" sc="196,-32,403,-16,229,64,172,-16" /><INIT seed="5,0,0,5,2,112" ten="164,387,293,156" oya="1" hai0="85,104,59,60,44,91,75,102,72,29,61,99,23" hai1="1,68,4,11,124,15,129,80,58,127,32,49,48" hai2="69,54,108,116,42,30,36,86,35,34,109,37,50" hai3="93,83,76,135,110,133,0,121,89,43,53,2,81"/><U62/><E32/><V28/><F86/><W33/><G110/><T92/><D44/><U98/><E68/><V52/><F69/><W84/><G33/><T67/><REACH who="0" step="1"/><D61/><REACH who="0" ten="154,387,293,156" step="2"/><U100/><E62/><V9/><F42/><W3/><G121/><T70/><D70/><U21/><E127/><V122/><F122/><W101/><G43/><T95/><D95/><U120/><E124/><V77/><F50/><W115/><G115/><T18/><D18/><U126/><E126/><V117/><F77/><W24/><G76/><T39/><D39/><U103/><E120/><V94/><F94/><W128/><G128/><T132/><D132/><U7/><E49/><V65/><F65/><W97/><G53/><T27/><AGARI ba="0,1" hai="23,27,29,59,60,67,72,75,85,91,92,99,102,104" machi="27" ten="30,4000,0" yaku="1,1,0,1,53,1" doraHai="112" doraHaiUra="17" who="0" fromWho="0" sc="154,50,387,-20,293,-10,156,-10" /><INIT seed="6,0,0,3,3,99" ten="204,367,283,146" oya="2" hai0="135,1,61,22,104,10,97,34,24,86,88,0,35" hai1="52,43,131,78,85,109,100,48,49,29,28,60,89" hai2="80,130,26,79,7,77,62,9,124,111,44,15,133" hai3="102,25,20,94,126,57,71,68,96,37,84,132,115"/><V118/><F111/><W55/><G37/><T39/><D39/><U72/><E109/><V107/><F130/><W19/><G132/><T65/><D135/><U27/><E131/><V113/><F124/><W105/><G126/><T59/><D104/><U6/><E6/><V32/><F113/><W123/><G115/><T13/><D97/><U70/><E72/><V87/><F107/><W53/><G123/><T54/><D34/><U95/><E78/><V110/><F110/><W46/><G46/><T58/><D35/><U38/><E38/><V17/><F118/><W81/><G105/><T5/><D24/><U119/><E119/><V73/><F73/><W76/><REACH who="3" step="1"/><G55/><REACH who="3" ten="204,367,283,136" step="2"/><T112/><D112/><U74/><E52/><V93/><F44/><W21/><G21/><T122/><D22/><U45/><E45/><V90/><F133/><W18/><G18/><T2/><D122/><U101/><E29/><V30/><F17/><W23/><G23/><T31/><D31/><U40/><E28/><V75/><F30/><W3/><G3/><T98/><D1/><U121/><E121/><V16/><F32/><W64/><G64/><T8/><D8/><U134/><E134/><V67/><F26/><W56/><G56/><T117/><D117/><U125/><E27/><V4/><F77/><W91/><G91/><T51/><D0/><U120/><E120/><V11/><F9/><W129/><G129/><T42/><D2/><U83/><E125/><V12/><F15/><W128/><G128/><T66/><D65/><U108/><E108/><V114/><F114/><W33/><G33/><RYUUKYOKU ba="0,1" sc="204,-15,367,-15,283,15,136,15" hai2="4,7,11,12,16,62,67,75,79,80,87,90,93" hai3="19,20,25,53,57,68,71,76,81,84,94,96,102" /><INIT seed="6,1,1,0,2,83" ten="189,352,298,151" oya="2" hai0="75,96,18,79,129,29,118,103,43,132,123,111,133" hai1="107,5,130,92,45,31,3,48,121,67,12,51,20" hai2="102,38,84,80,112,124,109,58,104,30,26,23,87" hai3="28,114,90,127,53,95,44,74,117,32,27,9,56"/><V126/><F38/><W70/><G74/><T17/><D111/><U86/><E107/><V62/><F109/><W93/><G70/><T2/><D123/><U89/><E121/><V57/><F57/><W8/><G117/><T61/><D129/><U42/><E130/><V85/><F112/><W36/><G114/><T88/><D2/><U99/><E3/><V52/><REACH who="2" step="1"/><F80/><REACH who="2" ten="189,352,288,151" step="2"/><W68/><G68/><T13/><D133/><U1/><E45/><V77/><F77/><W106/><G44/><T125/><D79/><U69/><E69/><V94/><F94/><W115/><G36/><T0/><D132/><U82/><E82/><V47/><F47/><W72/><G115/><T33/><D118/><U73/><E92/><V108/><F108/><W105/><G95/><T46/><D46/><U71/><E71/><V55/><F55/><W91/><G106/><T110/><D110/><U10/><E42/><V22/><F22/><W11/><G105/><T34/><D43/><U41/><E20/><V39/><F39/><W63/><G127/><T134/><D125/><U122/><E41/><V59/><F59/><W131/><G131/><T81/><D134/><U120/><E122/><V50/><F50/><W15/><G93/><T113/><D113/><U4/><E51/><V35/><F35/><W37/><G37/><T14/><D33/><U66/><E48/><V7/><F7/><W135/><G135/><T60/><D34/><U25/><E5/><V6/><F6/><W116/><G116/><T54/><D81/><U49/><E120/><V128/><F128/><W119/><G119/><RYUUKYOKU ba="1,2" sc="189,-10,352,-10,288,30,151,-10" hai2="23,26,30,52,58,62,84,85,87,102,104,124,126" /><INIT seed="6,2,2,0,1,83" ten="179,342,318,141" oya="2" hai0="7,110,81,96,131,82,55,106,19,45,68,25,23" hai1="74,122,14,64,44,8,30,27,58,103,33,57,35" hai2="38,97,76,115,84,120,95,101,39,107,89,63,113" hai3="99,93,62,87,70,40,3,48,37,18,34,129,20"/><V130/><F120/><W133/><G34/><T9/><D110/><U132/><E74/><V73/><F130/><W114/><G3/><T134/><D131/><U98/><E122/><V49/><F49/><W66/><G129/><T135/><D68/><U12/><E132/><N who="0" m="50729" /><D55/><U67/><E44/><V32/><F63/><W36/><G133/><T16/><D45/><U61/><E35/><V53/><F53/><W71/><G71/><T2/><D19/><U69/><E64/><V128/><F32/><W43/><G114/><N who="2" m="43529" /><F128/><W0/><G0/><T105/><D96/><U109/><E109/><V126/><F126/><W13/><G43/><T22/><D23/><U5/><E14/><V80/><AGARI ba="2,2" hai="38,39,73,76,80,84,89,95,97,101,107" m="43529" machi="80" ten="30,6000,0" yaku="24,1,15,1,52,1" doraHai="83" who="2" fromWho="2" sc="179,-22,342,-22,318,86,141,-22" /><INIT seed="6,3,0,1,0,56" ten="157,320,404,119" oya="2" hai0="76,115,118,73,113,0,117,19,27,128,105,92,54" hai1="100,37,65,114,130,116,31,133,72,81,38,9,33" hai2="12,55,66,26,10,16,112,89,4,77,15,102,78" hai3="21,91,3,6,7,94,124,59,67,90,23,47,18"/><V61/><F112/><N who="0" m="43082" /><D0/><U52/><E114/><V106/><F26/><W40/><G124/><T28/><D105/><U14/><E116/><N who="0" m="44649" /><D128/><U58/><E130/><V132/><F55/><W127/><G127/><T122/><D122/><U135/><E65/><V2/><F2/><W120/><G120/><T42/><D42/><U32/><E100/><V36/><F36/><N who="1" m="13929" /><E31/><V25/><F25/><W108/><G108/><T22/><D92/><U80/><E81/><V49/><F49/><N who="3" m="26855" /><G3/><T48/><D76/><U43/><E43/><V88/><F132/><N who="1" m="50761" /><E80/><V87/><F102/><W8/><G94/><T68/><D68/><U125/><E72/><V39/><F106/><W86/><G86/><T17/><D73/><U29/><E29/><V34/><F34/><W41/><G41/><T5/><D5/><N who="1" m="3375" /><E125/><V75/><F75/><W131/><G131/><T30/><D30/><U13/><E13/><V95/><F89/><N who="3" m="33803" /><G6/><T110/><D110/><U46/><E46/><AGARI ba="3,0" hai="17,19,22,27,28,46,48,54" m="44649,43082" machi="46" ten="30,2000,0" yaku="15,1,12,1" doraHai="56" who="0" fromWho="1" sc="157,29,320,-29,404,0,119,0" /><INIT seed="7,0,0,1,4,134" ten="186,291,404,119" oya="3" hai0="29,101,92,76,54,36,121,6,103,10,61,72,18" hai1="21,91,108,59,15,57,58,79,87,40,84,110,128" hai2="70,78,77,60,97,14,48,116,67,39,71,94,99" hai3="117,20,64,44,120,8,17,86,83,13,42,22,38"/><W1/><G120/><T0/><D121/><U112/><E112/><V23/><F39/><W118/><G64/><T111/><D111/><U105/><E105/><V100/><F71/><W63/><G63/><T98/><D29/><U68/><E68/><V34/><F34/><W107/><G107/><T30/><D30/><U37/><E128/><V80/><F99/><W19/><G1/><T114/><D114/><U106/><E106/><V46/><F116/><W127/><G127/><T73/><D36/><U130/><E130/><V43/><F80/><W119/><REACH who="3" step="1"/><G19/><REACH who="3" ten="186,291,404,109" step="2"/><T75/><D0/><U27/><E110/><V95/><F60/><W26/><G26/><T47/><D18/><U12/><E108/><V85/><F67/><W122/><G122/><T82/><D61/><U53/><E27/><V66/><F66/><W132/><G132/><T74/><D6/><U7/><E7/><V69/><F69/><W104/><G104/><T3/><D3/><U41/><E15/><V131/><F70/><W52/><G52/><T35/><D54/><U9/><E53/><V133/><F133/><W96/><G96/><T129/><D129/><U102/><E12/><V50/><F131/><W126/><G126/><T123/><D123/><U124/><E124/><V49/><F14/><W113/><G113/><T81/><D98/><U5/><E5/><V31/><F31/><W2/><G2/><T4/><D4/><U135/><E135/><V51/><F23/><W65/><G65/><T32/><D35/><U89/><E21/><V56/><F56/><W25/><G25/><T88/><D32/><RYUUKYOKU ba="0,1" sc="186,-15,291,-15,404,15,109,15" hai2="43,46,48,49,50,51,77,78,85,94,95,97,100" hai3="8,13,17,20,22,38,42,44,83,86,117,118,119" /><INIT seed="7,1,1,5,4,5" ten="171,276,419,124" oya="3" hai0="36,30,64,6,63,134,34,98,97,95,111,102,112" hai1="132,49,126,118,133,28,8,119,122,46,121,78,23" hai2="81,130,31,94,2,10,55,74,82,86,12,62,50" hai3="26,129,69,125,117,4,100,44,3,115,103,114,107"/><W51/><G117/><N who="1" m="44554" /><E78/><V72/><F2/><W124/><G69/><T58/><D111/><U40/><E8/><V17/><F130/><W22/><G129/><T15/><D134/><N who="1" m="51819" /><E126/><N who="3" m="48746" /><G4/><T33/><D58/><U101/><E101/><N who="3" m="38986" /><G3/><T88/><D63/><U91/><E91/><N who="2" m="53623" /><F74/><W128/><G107/><T76/><D36/><U65/><E65/><V104/><F104/><W66/><G66/><T37/><D64/><U14/><E14/><V87/><F72/><W123/><G123/><T13/><D6/><U19/><E19/><V89/><F62/><W99/><G99/><T1/><D98/><U47/><E47/><N who="2" m="28127" /><F31/><N who="3" m="17879" /><G128/><T48/><D97/><U16/><E28/><V120/><F120/><W20/><G20/><T18/><D30/><U108/><E108/><V59/><F59/><W32/><G32/><T43/><D33/><U110/><E110/><V60/><F60/><W24/><G24/><T41/><D34/><U11/><E23/><V57/><F57/><W109/><G109/><T21/><D21/><U75/><E122/><V67/><F67/><W35/><G35/><T70/><D1/><U54/><E121/><V45/><F45/><W131/><G131/><T0/><D70/><U29/><E29/><V96/><F96/><W7/><G7/><T135/><D135/><U92/><E46/><V53/><F53/><AGARI ba="1,1" hai="44,51,53,114,115" m="17879,38986,48746" machi="53" ten="30,1500,0" yaku="18,1" doraHai="5" who="3" fromWho="2" sc="171,0,276,0,419,-18,124,28" /><INIT seed="7,2,0,3,2,83" ten="171,276,401,152" oya="3" hai0="4,6,35,52,53,17,11,47,19,73,32,124,106" hai1="14,62,126,55,66,116,94,129,37,5,12,29,123" hai2="36,111,99,0,98,68,101,71,134,127,102,90,100" hai3="61,15,80,13,54,50,3,46,81,59,70,120,135"/><W69/><G135/><T38/><D73/><U113/><E123/><V58/><F36/><W7/><G120/><T110/><D110/><U63/><E37/><V77/><F0/><W119/><G3/><T25/><D106/><U84/><E113/><V28/><F28/><W89/><G119/><T74/><D124/><U64/><E126/><V131/><F77/><W56/><G56/><T108/><D108/><U79/><E29/><V49/><F58/><W45/><G45/><T72/><D72/><U2/><E2/><V20/><F49/><W97/><G80/><T125/><D74/><U103/><E129/><V118/><F118/><W10/><G15/><T1/><D125/><U33/><E33/><V107/><F71/><W88/><G89/><T42/><D6/><U23/><E116/><V67/><F68/><W86/><REACH who="3" step="1"/><G97/><REACH who="3" ten="171,276,401,142" step="2"/><T75/><D75/><U18/><E12/><V133/><F90/><W39/><G39/><T27/><D38/><U21/><E14/><V128/><F98/><W57/><G57/><T93/><D47/><U16/><E103/><V8/><F111/><W30/><G30/><T31/><D31/><U112/><E112/><V104/><F127/><W130/><G130/><T115/><D115/><U41/><E79/><V122/><F99/><W95/><G95/><T132/><D93/><U109/><E94/><V92/><F92/><W78/><G78/><T51/><D132/><U44/><E44/><V76/><F133/><W60/><G60/><T48/><D1/><U82/><E109/><V43/><F76/><W117/><G117/><T26/><D35/><RYUUKYOKU ba="2,1" sc="171,-10,276,-10,401,-10,142,30" hai3="7,10,13,46,50,54,59,61,69,70,81,86,88" /><INIT seed="7,3,1,3,0,11" ten="161,266,391,172" oya="3" hai0="27,106,28,78,117,124,4,20,26,134,60,1,119" hai1="17,105,123,99,96,120,114,108,109,88,32,44,8" hai2="107,63,102,57,39,128,111,15,68,85,94,130,113" hai3="58,116,45,122,24,72,12,115,131,70,33,40,135"/><W91/><G122/><N who="1" m="46634" /><E32/><V50/><F113/><W25/><G72/><T62/><D106/><U133/><E44/><V86/><F39/><W73/><G73/><T93/><D124/><U38/><E17/><V77/><F107/><W42/><G70/><T10/><D134/><U132/><E8/><V36/><F36/><W92/><G116/><T84/><D27/><U110/><E38/><V2/><F2/><W71/><G71/><T118/><REACH who="0" step="1"/><D93/><REACH who="0" ten="151,266,391,172" step="2"/><N who="1" m="56359" /><E114/><V49/><F94/><W5/><G115/><T100/><D100/><AGARI ba="3,2" hai="99,100,105,108,109,110,132,133" m="56359,46634" machi="100" ten="40,5200,0" yaku="34,2,54,1" doraHai="11" who="1" fromWho="0" sc="151,-61,266,81,391,0,172,0" owari="90,-41.0,347,15.0,391,49.0,172,-23.0" /></mjloggm>