<mjloggm ver="2.3"><GO type="225" lobby="0"/><UN n0="%E6%9D%89%E6%B5%A6%E7%B6%BE%E4%B9%83%76" n1="%E3%81%BF%E3%81%BF%E3%81%9A" n2="%E3%81%AF%E3%81%BF%E3%82%82%E3%82%93" n3="%E5%B0%B1%E6%B4%BB%E7%94%9F%40%E5%B7%9D%E6%9D%91%E8%BB%8D%E5%9B%A3" dan="16,17,17,17" rate="2080.15,2159.37,2171.35,2090.52" sx="M,M,M,M"/><TAIKYOKU oya="0"/><INIT seed="0,0,0,5,2,132" ten="250,250,250,250" oya="0" hai0="70,97,118,0,68,109,13,78,119,58,115,82,67" hai1="1,89,106,76,55,103,47,114,95,113,4,5,123" hai2="10,96,66,7,22,28,39,90,135,129,17,93,9" hai3="110,91,88,85,92,62,98,116,122,63,34,38,50"/><T112/><D0/><U72/><E123/><V16/><F39/><W133/><G38/><T121/><D13/><U6/><E1/><V60/><F129/><W18/><G34/><T64/><D97/><N who="1" m="61807" /><E55/><V128/><F128/><W99/><G116/><N who="0" m="44587" /><D82/><N who="1" m="45319" /><E47/><V45/><F135/><W11/><G122/><T40/><D78/><U77/><E77/><V65/><F45/><W24/><G133/><T33/><D33/><U54/><E54/><V120/><F120/><W19/><G110/><T94/><D94/><U108/><E108/><V74/><F74/><W3/><G3/><T131/><D109/><U31/><E31/><V36/><F28/><W57/><G24/><T73/><D73/><U35/><E35/><V130/><F36/><W104/><G104/><T126/><D131/><U84/><AGARI ba="0,0" hai="4,5,6,84,89,95,113,114" m="45319,61807" machi="84" ten="30,1100,0" yaku="24,1" doraHai="132" who="1" fromWho="1" sc="250,-5,250,11,250,-3,250,-3" /><INIT seed="1,0,0,3,0,125" ten="245,261,247,247" oya="1" hai0="121,115,83,79,73,62,63,43,53,13,88,27,33" hai1="28,66,22,54,72,64,100,118,71,4,119,104,47" hai2="123,21,20,75,8,61,12,42,25,67,77,23,132" hai3="92,59,127,48,5,46,114,57,37,29,40,32,113"/><U128/><E72/><V11/><F132/><W39/><G32/><T34/><D115/><N who="3" m="44041" /><G29/><T85/><D121/><U124/><E4/><V120/><F42/><W7/><G92/><T103/><D43/><U84/><E124/><V95/><F25/><W52/><G7/><T14/><D103/><U116/><E71/><V51/><F51/><N who="3" m="27079" /><G5/><T130/><D130/><U89/><E128/><V16/><F11/><W96/><G96/><T110/><D110/><U106/><E54/><V49/><F49/><N who="3" m="30863" /><G127/><T86/><D73/><U135/><E47/><V82/><REACH who="2" step="1"/><F95/><REACH who="2" ten="245,261,237,247" step="2"/><W117/><G117/><T87/><D27/><U55/><E118/><V60/><F60/><W31/><G31/><T3/><D63/><U65/><E119/><V38/><F38/><W56/><G48/><T90/><D62/><U50/><E116/><V105/><F105/><W108/><G108/><T1/><D83/><N who="1" m="49311" /><E28/><V80/><F80/><W133/><G133/><T70/><D79/><U10/><E135/><V101/><F101/><W98/><G98/><T0/><D53/><U30/><E10/><V2/><F2/><W102/><G102/><T17/><D70/><AGARI ba="0,1" hai="8,12,16,20,21,23,61,67,70,75,77,82,120,123" machi="70" ten="40,2600,0" yaku="1,1,54,1,53,0" doraHai="125" doraHaiUra="68" who="2" fromWho="0" sc="245,-26,261,0,237,36,247,0" /><INIT seed="2,0,0,2,1,60" ten="219,261,273,247" oya="2" hai0="103,101,83,116,52,64,68,57,26,86,69,22,97" hai1="36,88,24,102,21,42,108,30,33,107,118,85,84" hai2="122,134,127,70,130,46,111,95,29,74,35,37,113" hai3="94,58,128,14,0,28,59,63,7,82,123,65,91"/><V15/><RYUUKYOKU type="yao9" ba="0,0" sc="219,0,261,0,273,0,247,0" hai2="15,29,35,37,46,70,74,95,111,113,122,127,130,134" /><INIT seed="2,1,0,1,0,117" ten="219,261,273,247" oya="2" hai0="53,14,9,48,39,15,123,56,78,129,75,128,82" hai1="25,96,7,91,22,94,26,107,28,21,103,51,116" hai2="126,105,130,60,57,54,27,135,17,80,61,35,23" hai3="30,32,71,104,66,45,120,4,6,111,132,74,133"/><V67/><F135/><N who="3" m="51787" /><G104/><T112/><D39/><U98/><E116/><V84/><F130/><N who="0" m="50282" /><D112/><U63/><E7/><N who="3" m="2602" /><G74/><T109/><D109/><U18/><E51/><V110/><F126/><W59/><G111/><T76/><D76/><U58/><E107/><V24/><F105/><W68/><G45/><T50/><D50/><U81/><E81/><V55/><F110/><W121/><G59/><T101/><D101/><U40/><E40/><V8/><F8/><W37/><G37/><T29/><D29/><U90/><REACH who="1" step="1"/><E96/><REACH who="1" ten="219,251,273,247" step="2"/><V42/><F42/><W65/><G32/><T12/><D9/><U34/><E34/><V89/><F35/><W93/><G30/><T119/><D119/><U92/><E92/><V87/><F80/><W124/><G93/><T33/><D33/><U79/><E79/><V49/><F49/><W83/><G83/><T52/><D53/><AGARI ba="1,1" hai="18,21,22,25,26,28,53,58,63,90,91,94,98,103" machi="53" ten="30,3900,0" yaku="1,1,7,1,8,1,53,0" doraHai="117" doraHaiUra="38" who="1" fromWho="0" sc="219,-42,251,52,273,0,247,0" /><INIT seed="3,0,0,2,0,103" ten="177,303,273,247" oya="3" hai0="61,30,52,44,45,42,64,95,130,0,119,29,46" hai1="94,22,26,97,124,57,123,4,93,19,27,55,110" hai2="51,32,12,122,125,33,14,101,17,112,36,72,129" hai3="76,58,111,86,84,81,69,99,120,11,63,135,6"/><W2/><G120/><T118/><D0/><U66/><E123/><V78/><F36/><W79/><G135/><T34/><D34/><U131/><E110/><V80/><F112/><W7/><G69/><N who="0" m="42127" /><D95/><U126/><E66/><V107/><F129/><W40/><G111/><T18/><D18/><U48/><E131/><V25/><F125/><N who="1" m="48233" /><E4/><V10/><F122/><W13/><G40/><T91/><D91/><N who="1" m="55487" /><E94/><V31/><F33/><W67/><G99/><T90/><D90/><U21/><E21/><V38/><F32/><W88/><REACH who="3" step="1"/><G84/><REACH who="3" ten="177,303,273,237" step="2"/><T108/><D108/><U35/><E35/><V102/><F72/><W73/><G73/><T98/><D98/><U24/><AGARI ba="0,1" hai="19,22,24,26,27,48,55,57" m="55487,48233" machi="24" ten="30,1100,0" yaku="18,1" doraHai="103" who="1" fromWho="1" sc="177,-3,303,21,273,-3,237,-5" owari="174,-33.0,324,43.0,270,7.0,232,-17.0" /></mjloggm>