<mjloggm ver="2.3"><GO type="169" lobby="0"/><UN n0="%65%6E%6B%61%69%73%6D" n1="%E3%82%A6%E3%83%AB%E3%83%88%E3%83%A9%E7%AB%8B%E7%9B%B4" n2="%E3%83%86%E3%83%AC%E3%83%93%E3%81%A3%E5%AD%90" n3="%E7%A5%9E%E6%AD%A6%E3%83%A9%E3%83%92%E3%83%8A%E3%83%BC" dan="16,18,16,16" rate="2078.24,2194.65,2034.65,2045.98" sx="M,M,M,M"/><TAIKYOKU oya="0"/><INIT seed="0,0,0,1,0,31" ten="250,250,250,250" oya="0" hai0="55,1,107,114,26,121,42,82,45,10,133,33,52" hai1="108,94,103,61,3,11,60,119,64,124,18,123,51" hai2="125,71,77,17,104,127,47,49,95,65,97,15,14" hai3="13,91,29,109,53,22,35,67,90,27,12,5,93"/><T72/><D121/><U134/><E123/><V6/><F104/><W24/><G67/><T19/><D107/><U86/><E119/><V48/><F77/><W0/><G109/><T62/><D133/><U36/><E36/><V68/><F6/><W9/><G53/><T80/><D114/><U78/><E108/><V87/><F87/><W102/><G102/><T39/><D62/><U122/><E124/><N who="2" m="47691" /><F65/><W23/><G35/><T50/><D72/><U25/><E86/><V99/><F14/><W66/><G66/><T135/><D135/><U41/><E78/><V34/><F34/><W63/><G63/><T8/><D55/><U76/><E60/><V75/><F75/><W130/><G130/><T96/><D96/><U112/><E76/><V74/><F48/><W106/><G106/><T98/><D98/><U100/><E51/><V84/><F84/><W56/><G56/><T83/><D1/><U116/><E3/><V115/><F99/><W44/><G0/><T58/><REACH who="0" step="1"/><D19/><REACH who="0" ten="240,250,250,250" step="2"/><U57/><E18/><V85/><F115/><W105/><G105/><T40/><D40/><U7/><E41/><N who="2" m="24815" /><F74/><W70/><G5/><T89/><D89/><U21/><E7/><V37/><F97/><W117/><G90/><T129/><D129/><U113/><E134/><V38/><F17/><W101/><G91/><T4/><D4/><U69/><E112/><V120/><F120/><W43/><G43/><T20/><D20/><U46/><E21/><V28/><F85/><W79/><G23/><T32/><D32/><U81/><E122/><V128/><F128/><W132/><G132/><RYUUKYOKU ba="0,1" sc="240,30,250,-10,250,-10,250,-10" hai0="8,10,26,33,39,42,45,50,52,58,80,82,83" /><INIT seed="0,1,1,2,0,122" ten="270,240,240,240" oya="0" hai0="114,38,4,67,47,24,36,116,111,60,14,110,128" hai1="77,42,132,8,50,52,125,20,133,119,81,26,25" hai2="76,126,80,106,2,87,15,23,117,33,55,121,45" hai3="21,64,59,31,1,113,98,5,19,29,82,108,65"/><T134/><D116/><U100/><E119/><V11/><F33/><W78/><G113/><T96/><D114/><U120/><E120/><V91/><F121/><W75/><G1/><T69/><D134/><N who="1" m="51819" /><E125/><V89/><F106/><W16/><G5/><T32/><D128/><U103/><E8/><V73/><F126/><W72/><G72/><T63/><D63/><U66/><E42/><V129/><F129/><W13/><G108/><N who="0" m="41515" /><D96/><U90/><E90/><V39/><F23/><W115/><G115/><T12/><D47/><N who="1" m="27743" /><E66/><V102/><F102/><N who="1" m="38953" /><E20/><V93/><F2/><W101/><G19/><T53/><D53/><U34/><E34/><V6/><F117/><W7/><G7/><T30/><D4/><U28/><E28/><V61/><F61/><W112/><G112/><T68/><D68/><U44/><E44/><V86/><F55/><W9/><G29/><T109/><N who="0" m="41523" /><T88/><DORA hai="41" /><D88/><U27/><E81/><V94/><F45/><W56/><G31/><T99/><D99/><U0/><E77/><V10/><F91/><W135/><G135/><T70/><D70/><U124/><E124/><V84/><F89/><W79/><G78/><T22/><D22/><U51/><E0/><V127/><F127/><W62/><G21/><T46/><D46/><U92/><E51/><V104/><F6/><W85/><G98/><T130/><D130/><U131/><E131/><V105/><F76/><W71/><G65/><T57/><D69/><U107/><E107/><V49/><F105/><W83/><G101/><T35/><D35/><U43/><E43/><V48/><F104/><RYUUKYOKU ba="1,1" sc="270,10,240,10,240,-30,240,10" hai0="12,14,24,30,32,36,38,57,60,67" hai1="25,26,27,92" hai3="9,13,16,56,59,62,64,71,75,79,82,83,85" /><INIT seed="0,2,1,2,1,37" ten="280,250,210,250" oya="0" hai0="21,59,105,34,90,78,17,89,103,60,106,92,135" hai1="28,79,107,87,15,111,6,132,110,131,119,101,22" hai2="30,42,83,61,98,123,51,54,24,65,75,133,50" hai3="118,3,70,114,73,95,58,19,74,88,71,18,33"/><T115/><D115/><U31/><E119/><V39/><F123/><W109/><G118/><T32/><D135/><U4/><E132/><V94/><F133/><W67/><G33/><T99/><D78/><U40/><E131/><V113/><F113/><W134/><G3/><T48/><D48/><U13/><E101/><V121/><F121/><W93/><G114/><T130/><D130/><U9/><E107/><V10/><F10/><W97/><G134/><T23/><D106/><U100/><E100/><V11/><F11/><W36/><G109/><T91/><D105/><U117/><E117/><V1/><F1/><W55/><G36/><T27/><REACH who="0" step="1"/><D23/><REACH who="0" ten="270,250,210,250" step="2"/><U122/><E22/><V120/><F120/><W72/><G71/><T124/><D124/><U26/><E79/><V77/><F50/><W2/><G70/><T102/><D102/><U57/><E122/><V96/><F39/><W108/><G72/><T56/><D56/><U46/><E57/><V127/><F127/><W128/><G73/><T81/><D81/><U12/><E111/><V63/><F83/><W53/><G74/><T8/><D8/><U125/><E9/><V85/><F77/><W86/><G108/><T68/><D68/><U41/><E110/><V5/><F75/><W129/><G128/><T52/><AGARI ba="2,2" hai="17,21,27,32,34,52,59,60,89,90,91,92,99,103" machi="52" ten="30,6000,0" yaku="1,1,0,1,54,1,53,0" doraHai="37" doraHaiUra="0" who="0" fromWho="0" sc="270,86,250,-22,210,-22,250,-22" /><INIT seed="0,3,0,4,5,129" ten="356,228,188,228" oya="0" hai0="59,104,125,76,94,19,49,127,37,21,85,91,41" hai1="6,9,7,16,33,79,42,132,96,122,90,73,98" hai2="36,120,89,57,32,29,65,3,105,114,22,31,71" hai3="63,62,108,92,88,52,69,12,46,119,103,123,101"/><T111/><D104/><U11/><E122/><V45/><F3/><W43/><G119/><T83/><D111/><U13/><E33/><V107/><F32/><W47/><G123/><T126/><D37/><U93/><E42/><V68/><F114/><W75/><G75/><T117/><D117/><U25/><E79/><V17/><F36/><W134/><G108/><T115/><D115/><U97/><E73/><V4/><F4/><W38/><G134/><T60/><D41/><U1/><E132/><V55/><F105/><W14/><G69/><T66/><D49/><U116/><E116/><V50/><F107/><W131/><G131/><T53/><D66/><U61/><E61/><N who="2" m="38063" /><F68/><W30/><G30/><T74/><REACH who="0" step="1"/><D127/><REACH who="0" ten="346,228,188,228" step="2"/><U67/><E67/><V28/><F120/><W118/><G118/><T58/><D58/><U24/><E6/><V100/><F71/><W70/><G70/><T109/><D109/><U82/><E7/><V54/><F54/><W23/><G62/><T121/><D121/><U84/><E1/><V112/><F112/><W72/><G63/><T48/><D48/><U15/><E93/><V124/><F124/><W8/><G92/><T78/><D78/><U110/><E110/><V133/><F133/><W128/><G43/><T113/><D113/><U130/><E130/><V95/><F95/><W44/><G128/><T34/><D34/><U81/><E81/><V87/><F55/><W40/><G52/><T64/><D64/><U2/><E2/><V51/><F50/><W0/><G40/><T26/><AGARI ba="3,1" hai="19,21,26,53,59,60,74,76,83,85,91,94,125,126" machi="26" ten="30,3000,0" yaku="1,1,0,1,53,0" doraHai="129" doraHaiUra="102" who="0" fromWho="0" sc="346,49,228,-13,188,-13,228,-13" /><INIT seed="0,4,0,5,5,45" ten="395,215,175,215" oya="0" hai0="105,94,53,51,80,133,59,4,70,135,7,12,120" hai1="13,110,134,91,33,3,107,31,14,96,131,20,29" hai2="23,21,77,74,103,127,121,24,123,86,115,15,87" hai3="54,32,111,124,17,1,117,57,88,64,37,72,114"/><T62/><D120/><U98/><E3/><V113/><F103/><W89/><G114/><T76/><D105/><U81/><E33/><V129/><F74/><W44/><G117/><T100/><D100/><U52/><E107/><V106/><F106/><W8/><G32/><T36/><D94/><U56/><E131/><V47/><F15/><N who="1" m="5641" /><E134/><N who="0" m="51209" /><D12/><U30/><E110/><V126/><F77/><W71/><G111/><T78/><D78/><U73/><E73/><V19/><F19/><W85/><G17/><T82/><D36/><U79/><E79/><V132/><F132/><W119/><G124/><T9/><D9/><U90/><E20/><V104/><F24/><W130/><G130/><T39/><D39/><U11/><E11/><V65/><F104/><W25/><G72/><N who="0" m="43015" /><D82/><U48/><E81/><V6/><F129/><W92/><G119/><T38/><D38/><U69/><E69/><V42/><F121/><W128/><G25/><T40/><D40/><U58/><E98/><V46/><F42/><W22/><G128/><T0/><D0/><U102/><E96/><V35/><F123/><W50/><G8/><T60/><D70/><U61/><E102/><V101/><F101/><W41/><G1/><T27/><D27/><U99/><E99/><V16/><F115/><W66/><G71/><T125/><D125/><U10/><E10/><V93/><F113/><W108/><G108/><T26/><D26/><U112/><E112/><V118/><F127/><W63/><G37/><T97/><D97/><U67/><AGARI ba="4,0" hai="29,30,31,48,52,56,58,61,67,90,91" m="5641" machi="67" ten="30,4000,0" yaku="8,1,52,1,54,1" doraHai="45" who="1" fromWho="1" sc="395,-24,215,52,175,-14,215,-14" /><INIT seed="1,0,0,1,2,31" ten="371,267,161,201" oya="1" hai0="84,81,24,87,2,86,34,27,48,130,8,0,23" hai1="61,111,126,6,96,104,77,4,42,109,108,122,25" hai2="22,13,76,95,124,98,102,35,100,15,45,123,128" hai3="114,65,37,110,91,67,80,93,82,52,57,11,44"/><U60/><E122/><V106/><F123/><W116/><G114/><T120/><D120/><U92/><E104/><V47/><F35/><W97/><G116/><T38/><D38/><U127/><E42/><V33/><F33/><W129/><G110/><T118/><D118/><U62/><E25/><V66/><F128/><W36/><G129/><T5/><D130/><U49/><E49/><V56/><F76/><W12/><G36/><T73/><D73/><U99/><E77/><V105/><F124/><N who="1" m="47657" /><E92/><V101/><F106/><W55/><G37/><T135/><D48/><U16/><E16/><N who="2" m="10511" /><F105/><W29/><G29/><T83/><D135/><U9/><E9/><V53/><F47/><W63/><G55/><T75/><D75/><U90/><E90/><V88/><F45/><W131/><G131/><T19/><REACH who="0" step="1"/><D0/><REACH who="0" ten="361,267,161,201" step="2"/><U10/><E10/><V64/><F15/><W21/><G11/><T51/><D51/><AGARI ba="0,1" hai="51,53,56,64,66,88,95,98,100,101,102" m="10511" machi="51" ten="30,3900,0" yaku="8,1,54,2" doraHai="31" who="2" fromWho="0" sc="361,-39,267,0,161,49,201,0" /><INIT seed="2,0,0,5,0,110" ten="322,267,210,201" oya="2" hai0="42,33,102,50,3,117,54,99,107,130,70,115,80" hai1="41,0,127,8,40,48,34,56,121,24,68,98,39" hai2="20,21,16,28,19,86,108,46,45,73,81,76,114" hai3="52,10,118,60,92,7,126,71,13,55,75,119,15"/><V35/><F108/><W14/><G75/><T29/><D117/><U62/><E127/><V89/><F35/><W131/><G126/><T2/><D130/><U36/><E98/><V26/><F114/><W30/><G131/><T6/><D42/><U57/><E8/><V61/><F61/><W23/><G92/><T95/><D70/><U17/><E17/><V96/><F96/><W74/><G74/><T125/><D125/><U59/><E24/><V116/><F116/><W37/><G37/><T22/><D115/><U93/><E93/><V67/><F67/><W105/><G105/><T113/><D113/><U101/><E0/><V109/><F109/><W78/><G78/><T87/><D107/><U100/><E101/><V120/><F120/><W83/><G83/><T77/><D33/><U129/><E100/><V133/><F133/><W1/><G119/><T103/><D103/><U124/><E34/><V65/><F65/><W69/><G118/><T84/><D84/><U5/><E5/><V85/><F73/><W44/><G55/><T135/><D6/><U47/><E124/><V49/><F49/><W51/><REACH who="3" step="1"/><G60/><REACH who="3" ten="322,267,210,191" step="2"/><T58/><D77/><U132/><E129/><V63/><F63/><W4/><G4/><T72/><D80/><U90/><E62/><V64/><F64/><W123/><G123/><T97/><D72/><U104/><E121/><V112/><F112/><W91/><G91/><T31/><D95/><U111/><E90/><V128/><F128/><W38/><G38/><T43/><D54/><N who="1" m="29983" /><E36/><V32/><F89/><W12/><N who="3" m="3072" /><DORA hai="79" /><W66/><G66/><RYUUKYOKU ba="0,1" sc="322,-10,267,-10,210,-10,191,30" hai3="1,7,10,23,30,44,51,52,69,71" /><INIT seed="3,1,1,3,5,122" ten="312,257,200,221" oya="3" hai0="111,28,27,110,71,19,118,108,82,81,62,125,98" hai1="73,96,45,94,121,90,127,129,11,85,84,13,113" hai2="3,43,123,107,31,83,6,42,135,55,88,115,22" hai3="7,8,63,37,128,25,99,79,57,120,33,10,46"/><W72/><G120/><T35/><D125/><U2/><E113/><V74/><F107/><W112/><G112/><T77/><D118/><U4/><E73/><V92/><F123/><W87/><G128/><T51/><D51/><U130/><E121/><V39/><F115/><W76/><G99/><T12/><D98/><U38/><E127/><V106/><F106/><W56/><G72/><T126/><D126/><U86/><E2/><V5/><F135/><W78/><G7/><N who="2" m="2569" /><F39/><W49/><G37/><T68/><D62/><U21/><E21/><V105/><F105/><W59/><G63/><T124/><D124/><U18/><E4/><V52/><F83/><N who="0" m="31754" /><D77/><U16/><E18/><V41/><F3/><W48/><G87/><T109/><D109/><U100/><E100/><V134/><F134/><W61/><G61/><T17/><D17/><U117/><E117/><V24/><F74/><W95/><G95/><T47/><D47/><U119/><E119/><V114/><F114/><W50/><G46/><T29/><D29/><AGARI ba="1,1" hai="8,10,25,29,33,48,49,50,56,57,59,76,78,79" machi="29" ten="50,4800,0" yaku="29,2" doraHai="122" who="3" fromWho="0" sc="312,-51,257,0,200,0,221,61" /><INIT seed="3,2,0,1,3,9" ten="261,257,200,282" oya="3" hai0="96,122,69,1,114,118,33,77,58,88,19,78,129" hai1="38,64,90,18,115,74,49,62,28,112,75,109,93" hai2="29,113,104,92,134,30,51,47,6,5,53,85,8" hai3="26,101,42,37,135,44,10,98,57,36,70,108,123"/><W99/><G123/><T15/><D122/><U13/><E38/><V25/><F104/><W103/><G70/><T97/><D69/><U63/><E109/><V0/><F113/><W94/><G135/><T120/><D1/><U46/><E28/><V106/><F106/><W7/><G108/><T82/><D33/><U68/><E63/><V40/><F134/><W12/><G57/><T22/><D120/><U76/><E75/><V43/><F6/><W60/><G60/><T39/><D39/><U107/><E107/><V11/><F11/><W87/><G87/><N who="0" m="50295" /><D118/><U83/><E90/><V59/><F30/><W45/><G26/><T16/><D129/><U132/><E93/><V95/><F85/><W117/><G117/><T105/><D105/><U89/><E89/><V79/><F79/><N who="0" m="30218" /><D114/><U31/><E31/><V125/><F125/><W81/><G81/><T111/><D111/><U73/><E73/><V124/><F124/><W86/><G86/><T54/><D19/><U27/><E27/><V67/><F67/><W130/><G130/><T65/><D65/><U20/><REACH who="1" step="1"/><E132/><REACH who="1" ten="261,247,200,282" step="2"/><V3/><F95/><W102/><G36/><T71/><D71/><U131/><E131/><V110/><F92/><W24/><G94/><T119/><D119/><U80/><E80/><V50/><F110/><W21/><G37/><T66/><D66/><U72/><E72/><V35/><F29/><W34/><G34/><T17/><D17/><U52/><AGARI ba="2,1" hai="13,18,20,46,49,52,62,64,68,74,76,83,112,115" machi="52" ten="20,8000,1" yaku="1,1,0,1,7,1,52,1,54,1,53,0" doraHai="9" doraHaiUra="2" who="1" fromWho="1" sc="261,-22,247,96,200,-22,282,-42" /><INIT seed="4,0,0,1,1,101" ten="239,343,178,240" oya="0" hai0="77,47,38,62,107,33,125,131,122,108,20,74,116" hai1="109,86,59,94,34,32,106,18,119,60,4,130,87" hai2="61,95,127,0,85,114,72,121,16,55,13,90,7" hai3="88,3,57,75,89,5,54,10,28,99,2,66,124"/><T133/><D77/><U82/><E4/><V56/><F121/><W129/><G75/><T135/><D20/><U71/><E71/><V84/><F72/><W43/><G129/><T102/><D102/><U50/><E50/><V15/><F127/><W69/><G124/><T36/><D62/><U78/><E106/><V105/><F105/><W65/><G43/><T134/><D47/><U52/><E130/><V37/><F37/><W93/><G28/><T6/><D6/><U49/><E119/><V132/><F132/><W8/><G69/><T63/><D63/><U126/><E126/><V96/><F0/><W35/><G35/><T17/><D17/><U120/><E120/><V45/><F45/><W22/><G22/><T26/><D26/><U58/><E18/><V1/><F1/><W81/><G8/><T64/><D64/><U92/><E109/><V100/><F114/><W31/><G31/><T23/><D23/><U110/><E110/><V113/><F113/><W24/><G2/><T41/><D41/><U123/><E123/><V53/><F53/><W44/><G24/><T19/><D19/><U9/><E9/><N who="2" m="4287" /><F100/><W103/><G44/><T39/><D39/><U46/><E59/><V115/><F115/><W111/><G111/><T11/><D38/><U68/><E58/><V14/><F14/><W118/><G118/><T80/><D135/><U128/><E46/><V51/><F61/><N who="3" m="36023" /><G103/><T25/><D134/><U67/><E60/><V73/><F73/><W91/><G81/><T70/><D74/><U30/><E82/><V117/><F117/><W76/><G76/><RYUUKYOKU ba="0,0" sc="239,-15,343,-15,178,15,240,15" hai2="15,16,51,55,56,84,85,90,95,96" hai3="3,5,10,65,66,88,89,91,93,99" /><INIT seed="5,1,0,4,4,58" ten="224,328,193,255" oya="1" hai0="65,121,14,24,110,63,75,64,27,71,90,93,54" hai1="117,53,18,50,74,91,12,31,113,60,6,46,94" hai2="88,69,44,104,77,26,51,56,4,39,33,41,132" hai3="120,105,40,20,123,99,43,59,84,8,36,62,82"/><U103/><E74/><V72/><F104/><W55/><G8/><T134/><D110/><U96/><E117/><V102/><F102/><W17/><G123/><T48/><D75/><U35/><E6/><V73/><F4/><W28/><G28/><T7/><D134/><U23/><E35/><V80/><F69/><W25/><G120/><T45/><D121/><U0/><E0/><V37/><F132/><W11/><G11/><T67/><D67/><U29/><E113/><V125/><F125/><W1/><G1/><T85/><REACH who="0" step="1"/><D65/><REACH who="0" ten="214,328,193,255" step="2"/><U109/><E109/><V87/><F73/><W127/><G127/><T52/><D52/><U111/><E111/><V131/><F131/><W16/><G36/><T119/><D119/><U5/><E5/><V3/><F3/><W32/><G40/><T83/><D83/><U81/><E81/><V124/><F124/><W68/><G43/><T42/><D42/><U101/><E31/><N who="2" m="19703" /><F37/><W66/><G82/><T38/><D38/><U118/><E29/><V49/><F39/><W106/><G66/><T129/><D129/><U9/><E53/><N who="2" m="31807" /><F72/><W34/><G55/><T22/><D22/><U126/><E23/><V78/><F78/><W47/><G20/><T107/><D107/><U57/><E126/><V98/><F77/><W135/><G106/><T108/><D108/><U122/><E122/><V130/><F130/><W2/><G105/><T114/><D114/><U15/><E118/><V89/><F41/><W116/><G135/><T19/><D19/><U133/><E18/><V115/><F115/><W79/><G116/><T76/><D76/><RYUUKYOKU ba="1,1" sc="214,30,328,-10,193,-10,255,-10" hai0="7,14,24,27,45,48,54,63,64,71,85,90,93" /><INIT seed="6,2,1,5,2,115" ten="244,318,183,245" oya="2" hai0="42,121,20,61,65,112,22,62,35,17,86,21,50" hai1="38,126,109,100,120,16,4,46,83,56,69,96,89" hai2="131,36,28,19,130,108,3,104,92,18,8,13,44" hai3="97,5,95,2,87,41,88,27,15,111,51,66,24"/><V127/><F104/><W59/><G111/><T54/><D112/><U76/><E69/><V48/><F108/><W106/><G2/><T40/><D35/><U99/><E109/><V75/><F75/><W64/><G106/><T68/><D121/><U12/><E4/><V80/><F80/><W9/><G41/><N who="0" m="15979" /><D68/><U53/><E46/><V32/><F36/><W10/><G10/><T133/><D133/><U71/><E71/><V25/><F127/><W118/><G118/><T98/><D98/><U78/><E126/><V31/><F92/><W55/><G97/><T132/><D132/><U47/><E47/><V67/><F67/><AGARI ba="2,1" hai="5,9,15,24,27,51,55,59,64,66,67,87,88,95" machi="67" ten="40,2600,0" yaku="8,1,54,1" doraHai="115" who="3" fromWho="2" sc="244,0,318,0,183,-32,245,42" /><INIT seed="7,0,0,3,3,65" ten="244,318,151,287" oya="3" hai0="89,19,82,10,31,100,14,73,94,119,66,121,40" hai1="111,21,123,42,38,112,18,122,9,134,72,86,20" hai2="83,131,61,35,84,126,25,110,69,105,96,52,87" hai3="115,132,102,130,55,0,127,74,118,22,56,41,28"/><W48/><G118/><T15/><D121/><U60/><E21/><V37/><F37/><W125/><G74/><T36/><D119/><U43/><E42/><V77/><F110/><W135/><G0/><T63/><D31/><U34/><E34/><V107/><F131/><W33/><G33/><T70/><D100/><U7/><E72/><V59/><F126/><N who="3" m="48139" /><G115/><T44/><D15/><U27/><E112/><V47/><F47/><W108/><G108/><T57/><D73/><U3/><E111/><V109/><F109/><W81/><G81/><T85/><REACH who="0" step="1"/><D82/><REACH who="0" ten="234,318,151,287" step="2"/><U68/><E122/><V23/><F35/><W97/><G130/><T12/><D12/><U75/><E75/><V32/><F32/><W64/><G41/><T103/><D103/><U8/><E43/><V114/><F114/><W92/><G64/><T49/><D49/><U5/><E123/><V54/><F54/><W129/><G129/><T78/><D78/><U90/><E3/><V29/><F96/><W101/><G102/><T6/><D6/><U117/><E5/><V71/><REACH who="2" step="1"/><F87/><REACH who="2" ten="234,318,141,287" step="2"/><W39/><G39/><T99/><D99/><U106/><E38/><V45/><F45/><W62/><G62/><T51/><D51/><U11/><E60/><V120/><F120/><W80/><G97/><T133/><D133/><U124/><E134/><V95/><F95/><W30/><G135/><T128/><D128/><U76/><E124/><V58/><F58/><AGARI ba="0,2" hai="10,14,19,36,40,44,57,58,63,66,70,85,89,94" machi="58" ten="40,5200,0" yaku="1,1,52,1,53,1" doraHai="65" doraHaiUra="4" who="0" fromWho="2" sc="234,72,318,0,141,-52,287,0" owari="306,11.0,318,41.0,89,-41.0,287,-11.0" /></mjloggm>