<mjloggm ver="2.3"><GO type="41" lobby="0"/><UN n0="%E5%B0%B1%E6%B4%BB%E7%94%9F%40%E5%B7%9D%E6%9D%91%E8%BB%8D%E5%9B%A3" n1="%E9%99%8D%E3%82%8A%E5%BC%B7%E5%8C%96%E9%80%B1%E9%96%93" n2="%E6%B5%81%E3%82%8C%E8%80%85%51" n3="%6F%76%73%75%6E%33" dan="17,13,14,15" rate="2159.56,1877.62,1916.86,1953.54" sx="M,M,M,M"/><TAIKYOKU oya="0"/><INIT seed="0,0,0,0,0,50" ten="250,250,250,250" oya="0" hai0="26,100,1,65,63,39,69,96,70,87,33,122,38" hai1="52,37,112,51,120,99,88,133,83,123,114,117,86" hai2="31,40,9,82,97,121,61,23,59,14,28,135,17" hai3="95,105,27,45,8,101,75,44,126,93,41,111,73"/><T58/><D122/><U54/><E37/><V68/><F121/><W60/><G111/><T85/><D69/><U43/><E117/><V107/><F68/><W2/><G126/><T108/><D108/><U91/><E133/><V106/><F135/><W24/><G105/><T49/><D1/><U125/><E125/><V34/><F34/><W4/><G60/><T109/><D109/><U134/><E134/><V36/><F36/><W118/><G118/><T78/><D78/><U0/><E0/><V62/><F40/><W129/><G129/><T56/><D87/><U84/><E51/><V10/><F107/><W5/><G2/><T103/><D85/><U127/><E127/><V7/><F82/><W25/><G25/><T18/><D100/><U19/><E19/><V55/><F62/><W67/><G41/><T16/><D39/><U72/><E43/><V128/><F128/><W3/><G3/><T131/><D38/><U66/><E66/><V115/><F115/><N who="1" m="44073" /><E72/><V116/><F116/><W104/><G104/><N who="0" m="63591" /><D131/><U15/><E15/><V53/><F106/><W57/><G67/><T130/><D130/><U92/><E99/><V12/><F97/><W119/><G119/><T110/><D110/><U42/><E42/><V132/><F132/><W11/><G101/><T90/><D90/><U80/><E80/><V6/><F55/><AGARI ba="0,0" hai="52,54,55,83,84,86,88,91,92,120,123" m="44073" machi="55" ten="30,12000,2" yaku="11,1,52,3,54,2" doraHai="50" who="1" fromWho="2" sc="250,0,250,120,250,-120,250,0" /><INIT seed="1,0,0,3,4,121" ten="250,370,130,250" oya="1" hai0="13,117,6,98,105,96,110,34,46,135,45,113,40" hai1="48,123,95,74,55,12,66,83,65,78,75,109,60" hai2="15,30,44,132,8,31,14,82,114,50,92,71,125" hai3="124,106,102,5,17,94,67,4,116,20,43,53,32"/><U26/><E123/><V91/><F71/><W90/><G32/><T3/><D3/><U89/><E66/><V70/><F70/><W56/><G67/><T119/><D34/><U73/><E26/><V62/><F62/><W16/><G43/><T11/><D113/><U80/><E12/><V51/><F114/><W93/><G106/><T36/><D135/><U33/><E33/><V57/><F132/><W85/><G124/><T97/><D105/><U19/><E19/><V133/><F133/><W79/><G79/><T21/><D45/><U0/><E0/><V7/><F125/><W29/><G29/><T41/><D41/><U69/><E83/><V84/><F15/><W61/><G116/><T107/><D107/><U81/><E81/><V35/><F35/><W23/><G23/><T27/><REACH who="0" step="1"/><D110/><REACH who="0" ten="240,370,130,250" step="2"/><U59/><REACH who="1" step="1"/><E109/><REACH who="1" ten="240,360,130,250" step="2"/><V128/><F128/><W129/><G129/><T122/><D122/><U38/><E38/><V10/><F7/><W39/><G39/><T115/><D115/><U42/><E42/><V58/><F82/><W24/><G17/><AGARI ba="0,2" hai="6,11,13,17,21,27,36,40,46,96,97,98,117,119" machi="17" ten="40,1300,0" yaku="1,1,53,0" doraHai="121" doraHaiUra="108" who="0" fromWho="3" sc="240,33,360,0,130,0,250,-13" /><INIT seed="2,0,0,0,5,54" ten="273,360,130,237" oya="2" hai0="31,124,68,42,25,73,44,65,57,72,86,27,33" hai1="16,114,28,30,92,95,21,2,99,130,37,122,32" hai2="34,19,61,102,78,59,58,47,69,125,85,83,55" hai3="4,75,45,135,10,108,48,66,36,96,120,14,3"/><V76/><F34/><W46/><G120/><T109/><D124/><U56/><E114/><V70/><F125/><W77/><G108/><T80/><D109/><U9/><E122/><V115/><F115/><W132/><G66/><T5/><D68/><U29/><E37/><V133/><F133/><W52/><G96/><T71/><D71/><U104/><E130/><V129/><F70/><W89/><G89/><T38/><D5/><U79/><E79/><V110/><F69/><W123/><G123/><T90/><REACH who="0" step="1"/><D25/><REACH who="0" ten="263,360,130,237" step="2"/><U84/><E32/><V17/><F110/><W43/><REACH who="3" step="1"/><G14/><REACH who="3" ten="263,360,130,227" step="2"/><T105/><D105/><U11/><E104/><V93/><F129/><W128/><G128/><T20/><D20/><U94/><E2/><V15/><F15/><W91/><G91/><T26/><D26/><U18/><E21/><V51/><F102/><W113/><G113/><T97/><D97/><U98/><E98/><V6/><F78/><W126/><G126/><T63/><AGARI ba="0,2" hai="27,31,33,38,42,44,57,63,65,72,73,80,86,90" machi="63" ten="30,7900,0" yaku="1,1,0,1,52,1,53,1" doraHai="54" doraHaiUra="81" who="0" fromWho="0" sc="263,99,360,-20,130,-39,227,-20" /><INIT seed="3,0,0,3,3,10" ten="362,340,91,207" oya="3" hai0="83,70,36,118,134,85,62,81,26,42,95,30,104" hai1="96,39,5,99,24,125,106,90,76,48,21,113,100" hai2="121,51,114,65,18,27,116,98,68,112,35,49,110" hai3="34,86,131,12,67,115,105,19,63,0,88,17,9"/><W25/><G115/><T53/><D104/><U43/><E113/><V64/><F98/><W119/><G105/><T82/><D118/><U3/><E125/><V87/><F87/><W38/><G119/><T55/><D134/><U109/><E76/><V122/><F116/><W75/><G75/><T28/><D36/><U41/><E39/><V23/><F35/><W16/><G38/><T47/><D30/><U107/><E109/><V135/><F23/><W2/><G131/><T45/><D70/><U56/><E90/><V11/><F11/><W120/><G120/><T130/><D130/><U31/><E5/><V44/><F27/><W126/><G126/><T60/><D95/><U127/><E3/><V46/><F18/><W7/><G34/><T91/><D26/><U111/><E111/><V1/><F1/><W102/><G102/><T69/><D28/><U133/><E133/><V54/><F110/><W20/><G17/><T92/><D69/><U129/><E129/><V13/><F13/><W59/><G19/><T66/><D66/><U61/><E48/><V22/><F22/><W108/><G108/><T33/><D33/><U50/><E50/><V32/><F32/><W101/><G101/><T57/><D42/><U78/><E78/><V40/><F135/><W77/><G77/><T132/><D132/><U52/><E127/><V29/><F29/><W73/><G73/><T93/><D93/><AGARI ba="0,0" hai="0,2,7,9,12,16,20,25,59,63,67,86,88,93" machi="93" ten="30,11600,0" yaku="7,1,52,1,54,2" doraHai="10" who="3" fromWho="0" sc="362,-116,340,0,91,0,207,116" /><INIT seed="3,1,0,0,0,104" ten="246,340,91,323" oya="3" hai0="30,46,56,95,97,16,57,90,129,88,128,100,101" hai1="21,105,8,31,61,43,0,102,12,122,51,53,87" hai2="37,131,54,69,120,58,25,93,23,35,63,124,73" hai3="96,45,18,106,71,86,125,20,92,109,11,39,114"/><W47/><G114/><T44/><D30/><U112/><E122/><V15/><F37/><W134/><G71/><T24/><D128/><U82/><E0/><V115/><F120/><W99/><G106/><T59/><D129/><U27/><E112/><V28/><F115/><W84/><G99/><T121/><D121/><U32/><E102/><N who="0" m="39529" /><D90/><U127/><E105/><V80/><F69/><W78/><G39/><T119/><D119/><U65/><E127/><V17/><F131/><W3/><G125/><T1/><D1/><U60/><E43/><V117/><F124/><W74/><G74/><T130/><D130/><U38/><E38/><V9/><F117/><W10/><G3/><T79/><D79/><N who="1" m="46559" /><E32/><V19/><F93/><W133/><G109/><T6/><D6/><N who="1" m="3095" /><E65/><V111/><F111/><W135/><G96/><T64/><D64/><U85/><E85/><N who="3" m="32874" /><G92/><T36/><D36/><U94/><E94/><V2/><F2/><W49/><G78/><T13/><D24/><U62/><E51/><V7/><REACH who="2" step="1"/><F35/><REACH who="2" ten="246,340,81,323" step="2"/><W72/><G135/><T29/><D29/><U98/><E98/><V89/><F89/><W40/><G134/><T48/><D48/><U83/><E83/><V22/><F22/><AGARI ba="1,1" hai="13,16,22,44,46,56,57,59,88,95,97" m="39529" machi="22" ten="30,3900,0" yaku="8,1,54,2" doraHai="104" who="0" fromWho="2" sc="246,52,340,0,81,-42,323,0" /><INIT seed="4,0,0,0,3,89" ten="298,340,39,323" oya="0" hai0="135,101,87,132,117,108,14,23,54,7,18,57,22" hai1="77,66,13,56,100,17,50,43,122,112,93,67,60" hai2="31,94,10,82,37,125,126,70,27,69,111,121,35" hai3="20,74,115,62,95,130,61,49,107,58,48,38,104"/><T120/><D117/><U76/><E122/><V47/><F121/><W26/><G38/><T114/><D120/><U45/><E112/><V25/><F111/><W12/><G74/><T97/><D108/><U98/><REACH who="1" step="1"/><E66/><REACH who="1" ten="298,330,39,323" step="2"/><V78/><F70/><W51/><G115/><T42/><D114/><U96/><E96/><V52/><F69/><W53/><G130/><T6/><D42/><U19/><E19/><V123/><F123/><W16/><G107/><T85/><D132/><U68/><E68/><V134/><F134/><W30/><G104/><T64/><D64/><U84/><E84/><V11/><F31/><W99/><G53/><T131/><D131/><U119/><E119/><V102/><F52/><W1/><G1/><T36/><D135/><U32/><E32/><V15/><F35/><W2/><G2/><T73/><D73/><U105/><E105/><V128/><F128/><W110/><G110/><T124/><D124/><U91/><E91/><V88/><F88/><W44/><G44/><T127/><D127/><U75/><E75/><V103/><F47/><W46/><G46/><T63/><D36/><U106/><E106/><V81/><F37/><W133/><G133/><T116/><D116/><U29/><E29/><V129/><F129/><W21/><G58/><T33/><D33/><U0/><E0/><V34/><F34/><W83/><G83/><T28/><D87/><U5/><E5/><N who="0" m="1545" /><D85/><U55/><E55/><V39/><F39/><W65/><G65/><T24/><D97/><U40/><E40/><V41/><F41/><W80/><G80/><T109/><D109/><RYUUKYOKU ba="0,1" sc="298,10,330,10,39,-30,323,10" hai0="14,18,22,23,24,28,54,57,63,101" hai1="13,17,43,45,50,56,60,67,76,77,93,98,100" hai3="12,16,20,21,26,30,48,49,51,61,62,95,99" /><INIT seed="4,1,1,5,3,69" ten="308,340,9,333" oya="0" hai0="96,8,134,65,87,133,48,78,51,125,58,108,100" hai1="15,62,111,21,93,30,28,124,27,24,104,54,91" hai2="79,42,3,7,123,34,127,85,75,12,121,83,114" hai3="45,50,56,49,117,47,70,23,55,120,88,92,95"/><T128/><D128/><U1/><E104/><V81/><F34/><W80/><G117/><T103/><D125/><U61/><E1/><V122/><F127/><W130/><G70/><T94/><D108/><U59/><E124/><V64/><F64/><W63/><G130/><T37/><D37/><U20/><E15/><V135/><F135/><N who="0" m="51722" /><D8/><U46/><E46/><N who="3" m="17418" /><G120/><T101/><D78/><U14/><E14/><V71/><F71/><W53/><G23/><T129/><D129/><U112/><E112/><V41/><F114/><W126/><G126/><T118/><D118/><U4/><E4/><V105/><F105/><W39/><G39/><T19/><D19/><U13/><E13/><V52/><F52/><W97/><G55/><T44/><D87/><N who="1" m="52479" /><E111/><V6/><F3/><W98/><G80/><T113/><D113/><U18/><E18/><V9/><F7/><W10/><G10/><T60/><D44/><U5/><E5/><V29/><F29/><W99/><G99/><T72/><D72/><U109/><E109/><V32/><F32/><W0/><G0/><T11/><D11/><U31/><E31/><V89/><AGARI ba="1,1" hai="6,9,12,41,42,75,79,81,83,85,89,121,122,123" machi="89" ten="30,1100,0" yaku="0,1" doraHai="69" who="2" fromWho="2" sc="308,-6,340,-4,9,24,333,-4" /><INIT seed="5,0,0,4,3,36" ten="302,336,33,329" oya="1" hai0="16,38,133,111,98,106,130,119,50,24,46,60,13" hai1="131,10,23,18,9,20,19,92,15,127,58,89,101" hai2="3,5,49,112,72,73,57,51,8,59,123,52,4" hai3="33,134,34,0,62,85,90,121,88,26,128,87,32"/><U44/><E131/><V65/><F123/><W116/><G121/><T69/><D119/><U25/><E127/><V43/><F112/><W40/><G0/><T67/><D111/><U109/><E109/><V21/><F5/><W7/><G7/><T95/><D133/><U71/><E71/><V55/><F65/><W93/><G134/><T135/><D135/><U39/><E101/><V61/><REACH who="2" step="1"/><F21/><REACH who="2" ten="302,336,23,329" step="2"/><W12/><G116/><T113/><D130/><U76/><E23/><V75/><F75/><W14/><G128/><T37/><D113/><U27/><E20/><V77/><F77/><W115/><G115/><T110/><D110/><U108/><E76/><V74/><F74/><W124/><G124/><T1/><D1/><U35/><E108/><V45/><AGARI ba="0,1" hai="3,4,8,43,45,49,51,52,55,57,59,61,72,73" machi="45" ten="30,7900,0" yaku="1,1,0,1,52,1,54,1,53,0" doraHai="36" doraHaiUra="84" who="2" fromWho="2" sc="302,-20,336,-39,23,89,329,-20" /><INIT seed="6,0,0,1,3,103" ten="282,297,112,309" oya="2" hai0="110,119,30,20,99,51,67,89,14,91,82,17,0" hai1="113,48,34,49,80,8,26,87,90,126,53,24,42" hai2="125,104,6,133,78,69,128,123,16,44,46,68,97" hai3="77,132,121,111,47,70,15,23,94,57,71,72,28"/><V10/><F123/><W92/><G132/><T5/><D110/><U61/><E126/><V73/><F125/><W55/><G111/><T120/><D120/><U84/><E113/><V66/><F133/><W29/><G71/><T41/><D119/><U31/><E24/><V109/><F109/><W59/><G70/><T95/><D67/><U56/><E42/><V7/><F128/><W64/><G77/><T4/><D0/><U52/><E53/><V124/><F124/><W117/><G72/><T101/><D30/><U18/><REACH who="1" step="1"/><E87/><REACH who="1" ten="282,287,112,309" step="2"/><V88/><F69/><W93/><G121/><T19/><D41/><U54/><E54/><V96/><F68/><W75/><G75/><T112/><D112/><U38/><E38/><V105/><F66/><W1/><G64/><T116/><D116/><U131/><E131/><V118/><F118/><W2/><G55/><T107/><D51/><U127/><E127/><V122/><F122/><W114/><G114/><T13/><D82/><U129/><E129/><V50/><F73/><W25/><G117/><T21/><D91/><U134/><E134/><V39/><F39/><W79/><G79/><T11/><REACH who="0" step="1"/><D11/><REACH who="0" ten="272,287,112,309" step="2"/><U135/><E135/><V45/><F10/><W35/><G29/><T12/><D12/><AGARI ba="0,2" hai="8,12,18,26,31,34,48,49,52,56,61,80,84,90" machi="12" ten="40,2600,0" yaku="1,1,54,1,53,0" doraHai="103" doraHaiUra="102" who="1" fromWho="0" sc="272,-26,287,46,112,0,309,0" /><INIT seed="7,0,0,3,4,52" ten="246,333,112,309" oya="3" hai0="67,41,135,48,5,96,121,39,25,12,47,51,123" hai1="95,42,91,134,13,124,27,53,117,38,3,104,119" hai2="55,56,43,63,71,23,24,65,128,7,30,72,59" hai3="81,130,58,86,114,62,101,111,68,79,77,32,66"/><W131/><G32/><T31/><D135/><U70/><E104/><V19/><F72/><W92/><G114/><T29/><D121/><U112/><E3/><V60/><F128/><N who="3" m="49195" /><G111/><T9/><D123/><U49/><E112/><V37/><F7/><W87/><G68/><T76/><D67/><U83/><E70/><V21/><F37/><W4/><G4/><T122/><D122/><U15/><E134/><V28/><F71/><W16/><G16/><T54/><D39/><U132/><E132/><V40/><REACH who="2" step="1"/><F30/><REACH who="2" ten="246,333,102,309" step="2"/><W10/><G10/><T18/><D31/><U61/><E119/><V26/><AGARI ba="0,1" hai="19,21,23,24,26,28,40,43,55,56,59,60,63,65" machi="26" ten="20,12000,2" yaku="1,1,2,1,0,1,7,1,8,1,52,2,53,0" doraHai="52" doraHaiUra="103" who="2" fromWho="2" sc="246,-30,333,-30,102,130,309,-60" owari="216,-28.0,303,40.0,232,-17.0,249,5.0" /></mjloggm>