<mjloggm ver="2.3"><GO type="97" lobby="0"/><UN n0="%E3%82%8C%E3%81%B0%E3%81%B6%E3%81%A4" n1="%69%6B%65%70%61%6B%69%32" n2="%70%61%78%65%6C%6C" n3="%E5%B0%B1%E6%B4%BB%E7%94%9F%40%E5%B7%9D%E6%9D%91%E8%BB%8D%E5%9B%A3" dan="13,15,15,14" rate="1842.22,2021.96,1998.13,2012.94" sx="M,M,M,M"/><TAIKYOKU oya="0"/><INIT seed="0,0,0,4,4,62" ten="250,250,250,250" oya="0" hai0="93,59,12,127,110,42,14,17,83,82,72,49,74" hai1="63,9,134,121,80,56,41,69,75,129,66,15,126" hai2="1,20,23,2,107,40,97,19,46,114,109,51,85" hai3="32,25,79,29,50,130,18,65,13,128,104,105,70"/><T27/><D127/><U44/><E121/><V45/><F114/><W90/><G79/><T77/><D110/><U94/><E126/><V101/><F109/><W73/><G73/><T102/><D27/><U71/><E134/><V38/><F85/><W108/><G108/><T119/><D119/><U0/><E129/><N who="3" m="49770" /><G90/><T39/><D39/><U115/><E115/><V48/><F20/><N who="3" m="11343" /><G50/><T92/><D102/><U57/><E0/><V52/><REACH who="2" step="1"/><F38/><REACH who="2" ten="250,250,240,250" step="2"/><W68/><G68/><T10/><D14/><AGARI ba="0,1" hai="1,2,14,19,23,40,45,46,48,51,52,97,101,107" machi="14" ten="30,7700,0" yaku="1,1,2,1,7,1,54,1,53,0" doraHai="62" doraHaiUra="86" who="2" fromWho="0" sc="250,-77,250,0,240,87,250,0" /><INIT seed="1,0,0,3,4,16" ten="173,250,327,250" oya="1" hai0="118,99,59,58,113,100,81,12,46,108,21,124,77" hai1="11,104,68,42,62,101,53,70,2,91,122,105,14" hai2="13,95,23,40,48,41,128,10,119,54,131,114,29" hai3="35,111,110,126,117,22,102,33,20,1,5,66,97"/><U125/><E122/><V27/><F119/><W57/><G117/><T74/><D113/><U4/><E125/><V71/><F71/><W26/><G126/><T78/><D118/><U28/><E42/><V60/><F60/><N who="3" m="38159" /><G5/><T44/><D124/><U61/><E28/><V50/><F114/><W17/><G1/><T52/><D78/><U24/><E24/><V25/><F25/><W76/><G76/><T43/><D108/><N who="3" m="41513" /><G20/><T115/><D115/><U51/><E2/><V84/><F48/><W30/><G17/><T9/><D21/><U32/><E32/><V130/><F95/><AGARI ba="0,0" hai="22,26,30,33,35,95,97,102" m="41513,38159" machi="95" ten="30,3900,0" yaku="25,1,14,1,52,1" doraHai="16" who="3" fromWho="2" sc="173,0,250,0,327,-39,250,39" /><INIT seed="2,0,0,1,4,29" ten="173,250,288,289" oya="2" hai0="113,41,86,118,77,81,37,19,21,107,47,42,22" hai1="131,132,101,93,124,121,30,17,130,80,18,46,28" hai2="87,55,59,39,73,135,128,78,110,31,54,98,62" hai3="14,15,69,8,71,91,109,65,13,56,4,9,85"/><V117/><F39/><W129/><G129/><N who="1" m="49162" /><E132/><V83/><F117/><W88/><G109/><T126/><D107/><U112/><E112/><V106/><F128/><W92/><G91/><T76/><D113/><U97/><E124/><V79/><F135/><W1/><REACH who="3" step="1"/><G8/><REACH who="3" ten="173,250,288,279" step="2"/><T7/><D126/><U10/><E121/><V43/><F110/><W50/><G50/><T100/><D118/><U103/><E103/><V74/><F79/><W34/><G34/><T60/><D37/><U12/><E80/><V58/><F83/><W26/><G26/><T33/><D81/><U23/><E46/><V45/><F78/><W70/><G70/><T25/><D25/><AGARI ba="0,1" hai="10,12,17,18,23,25,28,30,93,97,101" m="49162" machi="25" ten="30,1000,0" yaku="19,1" doraHai="29" who="1" fromWho="0" sc="173,-10,250,20,288,0,279,0" /><INIT seed="3,0,0,3,5,36" ten="163,270,288,279" oya="3" hai0="13,60,134,98,121,82,81,78,61,106,88,119,130" hai1="97,86,49,39,46,54,1,21,18,55,126,117,74" hai2="101,50,107,23,68,73,70,135,51,80,15,120,41" hai3="44,129,33,91,115,100,122,96,34,53,56,87,112"/><W25/><G122/><T63/><D119/><U2/><E74/><V116/><F116/><W6/><G129/><T58/><D121/><U35/><E117/><V37/><F37/><W0/><G0/><T69/><D130/><U12/><E35/><V67/><F120/><W132/><G6/><T71/><D134/><U89/><E39/><V9/><F23/><W19/><G132/><T30/><D30/><U133/><E126/><V28/><F28/><W125/><G125/><T24/><D24/><U124/><E124/><V104/><F51/><W29/><G34/><T16/><D58/><U105/><E133/><V109/><F135/><W66/><G19/><T65/><D69/><U92/><E55/><V20/><F20/><W83/><G66/><T110/><D110/><U7/><E7/><V14/><F14/><W131/><G44/><T103/><D82/><U52/><E54/><V43/><F68/><W118/><G118/><T77/><D77/><U10/><E21/><V123/><F123/><W108/><G108/><T3/><D3/><U17/><E17/><N who="2" m="8431" /><F50/><W42/><G42/><N who="2" m="15881" /><F101/><W59/><G131/><T57/><D71/><U85/><E105/><V38/><F38/><W76/><G76/><T5/><D5/><U102/><E86/><V31/><F31/><W84/><G84/><N who="0" m="50191" /><D78/><U4/><E4/><V45/><F109/><W47/><G47/><T127/><D127/><U72/><E72/><V40/><F80/><W99/><G56/><T128/><D128/><U75/><E75/><V95/><F73/><W62/><G100/><T94/><D106/><U32/><E32/><RYUUKYOKU ba="0,0" sc="163,10,270,10,288,-30,279,10" hai0="13,16,57,60,61,63,65,94,98,103" hai1="1,2,10,12,18,46,49,52,85,89,92,97,102" hai3="25,29,33,53,59,62,83,87,91,96,99,112,115" /><INIT seed="3,1,0,4,2,20" ten="173,280,258,289" oya="3" hai0="44,122,2,129,50,97,39,101,66,90,22,91,43" hai1="15,31,102,0,35,108,6,19,30,131,5,55,135" hai2="62,79,72,28,83,124,64,18,46,109,107,88,105" hai3="13,41,58,51,17,96,49,117,113,63,82,14,47"/><W99/><G113/><T94/><D122/><U10/><E108/><V54/><F28/><N who="1" m="10793" /><E102/><V73/><F73/><W80/><G117/><T12/><D2/><U115/><E115/><V42/><F54/><N who="3" m="34263" /><G51/><T134/><D134/><U76/><E76/><V89/><F109/><W32/><G32/><T130/><D66/><U106/><E106/><V21/><F124/><W23/><G13/><T119/><D119/><U128/><E55/><V29/><F29/><W53/><G41/><T16/><REACH who="0" step="1"/><D39/><REACH who="0" ten="163,280,258,289" step="2"/><U36/><E36/><V81/><F64/><W87/><G82/><T125/><D125/><U33/><E135/><V8/><F83/><W126/><G126/><T84/><D84/><U11/><E5/><V93/><F81/><W103/><G103/><T27/><D27/><U45/><E45/><V9/><F46/><W114/><G114/><T56/><D56/><U70/><E70/><V65/><F65/><W52/><G53/><T120/><D120/><U110/><E110/><V37/><F37/><W111/><G111/><T3/><D3/><U38/><E38/><V133/><F133/><W40/><G40/><T48/><D48/><U118/><E118/><V57/><F42/><W24/><G24/><T69/><D69/><U59/><E59/><V116/><F57/><W98/><G98/><T112/><D112/><U104/><E104/><V61/><F107/><W78/><AGARI ba="1,1" hai="14,17,23,47,49,52,78,80,87,96,99" m="34263" machi="78" ten="30,3000,0" yaku="8,1,54,1" doraHai="20" who="3" fromWho="3" sc="163,-11,280,-11,258,-11,289,43" owari="152,-35.0,269,7.0,247,-15.0,332,43.0" /></mjloggm>