<mjloggm ver="2.3"><GO type="225" lobby="0"/><UN n0="%E3%83%88%E3%83%88%E3%83%AA%E5%85%88%E7%94%9F%31%39%E6%AD%B3" n1="%E3%81%8A%E3%81%BE%E3%81%A4%E3%82%8A" n2="%E4%BF%BA%E3%81%A8%E5%A6%96%E5%A4%A2" n3="%E3%82%AB%E3%83%A9%E3%82%B9%E3%81%AE%E5%AD%90" dan="17,16,16,16" rate="2246.39,2039.47,2138.39,2107.08" sx="F,M,F,M"/><TAIKYOKU oya="0"/><INIT seed="0,0,0,3,4,21" ten="250,250,250,250" oya="0" hai0="73,63,52,57,75,14,102,49,40,134,133,111,126" hai1="56,109,36,47,130,95,70,88,135,8,62,86,123" hai2="118,100,97,77,41,66,24,46,16,10,28,104,33" hai3="58,105,120,69,9,93,31,4,78,112,17,26,25"/><T128/><D128/><U23/><E123/><V92/><F118/><W74/><G112/><T81/><D126/><U34/><E34/><V80/><F66/><W108/><G105/><T125/><D125/><U51/><E130/><V113/><F113/><W32/><G69/><T119/><D119/><U44/><E109/><V84/><F104/><W30/><G108/><T22/><D111/><U43/><E135/><N who="0" m="51721" /><D102/><U106/><E106/><V53/><F53/><W89/><G120/><T18/><D81/><U19/><E8/><V45/><REACH who="2" step="1"/><F41/><REACH who="2" ten="250,250,240,250" step="2"/><W85/><G58/><N who="0" m="33039" /><D40/><U13/><E70/><V64/><F64/><AGARI ba="0,1" hai="14,18,22,57,63,64,73,75" m="33039,51721" machi="64" ten="30,2900,0" yaku="20,1,54,1" doraHai="21" who="0" fromWho="2" sc="250,39,250,0,240,-29,250,0" /><INIT seed="0,1,0,0,0,15" ten="289,250,211,250" oya="0" hai0="109,121,76,53,22,2,72,110,94,58,33,31,86" hai1="124,11,111,69,87,50,29,96,73,114,65,99,77" hai2="54,130,63,36,23,95,132,10,74,66,82,101,0" hai3="116,78,45,134,8,12,88,83,61,79,40,105,127"/><T3/><D121/><U44/><E69/><V89/><F36/><W21/><G116/><T17/><D72/><U91/><E65/><V115/><F115/><W24/><G105/><T118/><D118/><U30/><E30/><V25/><F132/><W35/><G35/><T26/><D76/><U39/><E39/><V16/><F130/><W48/><G134/><T117/><D117/><U51/><E51/><V71/><F101/><W68/><G127/><T34/><D86/><U100/><E11/><V19/><F54/><W49/><G49/><T131/><D94/><U80/><E29/><V59/><F71/><W84/><G61/><N who="0" m="36047" /><D131/><U70/><E70/><V133/><F133/><W123/><G68/><T104/><D104/><U122/><E50/><V6/><F74/><W128/><G123/><T32/><D31/><U43/><E44/><V47/><F47/><W97/><G97/><T106/><D106/><U38/><E43/><V42/><F42/><W20/><G128/><T119/><D119/><U56/><E38/><V13/><F82/><W102/><G102/><T67/><D67/><U37/><E37/><V85/><F0/><W129/><G129/><T135/><D135/><U9/><E114/><V98/><F85/><W27/><G79/><T108/><AGARI ba="1,0" hai="2,3,17,22,26,32,33,34,108,109,110" m="36047" machi="108" ten="40,7800,0" yaku="14,1,10,1,52,1" doraHai="15" who="0" fromWho="0" sc="289,81,250,-27,211,-27,250,-27" /><INIT seed="0,2,0,0,4,119" ten="370,223,184,223" oya="0" hai0="33,28,83,86,10,46,71,80,125,43,81,64,19" hai1="39,12,56,114,93,16,29,98,87,110,15,118,2" hai2="40,96,69,49,90,9,14,134,74,79,106,121,22" hai3="70,78,26,5,99,17,18,53,127,97,8,31,130"/><T85/><D125/><U52/><E118/><V73/><F69/><W120/><G70/><T44/><D33/><U77/><E2/><V24/><F134/><W116/><G116/><T115/><D115/><U55/><E39/><V62/><F62/><W54/><G127/><T84/><D71/><U68/><E110/><V34/><F34/><W133/><G133/><T57/><D28/><U124/><E68/><V11/><F79/><W13/><G130/><T91/><D91/><U105/><E114/><V128/><F128/><W131/><G78/><T23/><D10/><U3/><E105/><V47/><F11/><W135/><G131/><T20/><D43/><U113/><E3/><V45/><F45/><N who="0" m="17514" /><D19/><N who="3" m="7177" /><G120/><T4/><D4/><U122/><E122/><V108/><F108/><W66/><G66/><T1/><D1/><U6/><E29/><V104/><F121/><W89/><G135/><T101/><D101/><U92/><E113/><V58/><F106/><W27/><G89/><T0/><D0/><U75/><E75/><V111/><F111/><W35/><G35/><T76/><D76/><U41/><E124/><V32/><F32/><W123/><G123/><T61/><AGARI ba="2,0" hai="20,23,57,61,64,80,81,83,84,85,86" m="17514" machi="61" ten="40,2100,0" yaku="8,1" doraHai="119" who="0" fromWho="0" sc="370,27,223,-9,184,-9,223,-9" /><INIT seed="0,3,0,5,0,8" ten="397,214,175,214" oya="0" hai0="117,96,39,41,81,46,36,48,63,54,24,23,133" hai1="22,11,58,99,75,104,25,101,132,100,110,71,14" hai2="113,90,43,0,105,20,92,50,73,119,102,80,55" hai3="56,18,42,86,16,53,84,98,45,60,33,1,106"/><T107/><D117/><U12/><E71/><V77/><F113/><W29/><G1/><T78/><D133/><U10/><E75/><V13/><F119/><W83/><G106/><T47/><D63/><U64/><E132/><V135/><F135/><W34/><G98/><T129/><D129/><U9/><E110/><V26/><F0/><W59/><G56/><T94/><D107/><U7/><E7/><V97/><F43/><W109/><G109/><T111/><D111/><U87/><E87/><V103/><F105/><W120/><G120/><T57/><D39/><U74/><E74/><V2/><F2/><W69/><G69/><T134/><D134/><U72/><E72/><V27/><F27/><W52/><G53/><T108/><D108/><U89/><E89/><V28/><REACH who="2" step="1"/><F13/><REACH who="2" ten="397,214,165,214" step="2"/><W65/><G42/><T128/><D41/><U19/><REACH who="1" step="1"/><E100/><REACH who="1" ten="397,204,165,214" step="2"/><V61/><F61/><AGARI ba="3,2" hai="9,10,11,12,14,19,22,25,58,61,64,99,101,104" machi="61" ten="40,8000,1" yaku="1,1,2,1,52,2,53,1" doraHai="8" doraHaiUra="21" who="1" fromWho="2" sc="397,0,204,109,165,-89,214,0" /><INIT seed="1,0,0,2,4,127" ten="397,313,76,214" oya="1" hai0="120,3,25,107,12,2,58,11,13,47,131,22,8" hai1="5,110,64,122,30,17,132,88,98,55,80,123,130" hai2="39,108,121,77,128,102,94,133,67,101,78,44,37" hai3="53,59,38,63,14,84,103,24,46,125,115,76,72"/><U104/><E5/><V1/><F121/><W91/><G115/><T73/><D107/><U48/><E64/><V20/><F1/><W10/><G125/><T49/><D73/><U113/><E30/><V65/><F108/><W0/><G0/><T42/><D120/><U124/><E113/><V82/><F20/><W15/><G103/><T106/><D106/><U62/><E62/><V135/><F94/><W93/><G24/><T18/><D131/><U112/><E112/><V56/><F56/><W119/><G119/><T100/><D100/><U68/><E68/><V109/><F109/><W134/><G134/><T87/><D87/><U60/><E60/><V129/><REACH who="2" step="1"/><F82/><REACH who="2" ten="397,313,66,214" step="2"/><W96/><G93/><T51/><D58/><N who="1" m="33127" /><E124/><V26/><F26/><W34/><G59/><T81/><D2/><U66/><E122/><V21/><F21/><W95/><G95/><T126/><D3/><U105/><E110/><V57/><F57/><W74/><G34/><T89/><D126/><U52/><E123/><V114/><F114/><W33/><G33/><T32/><D32/><U16/><E105/><V27/><F27/><W35/><G35/><T43/><D25/><U23/><E23/><V19/><F19/><W7/><G7/><T41/><D22/><U69/><E16/><V116/><F116/><W40/><G14/><T97/><D13/><U75/><E17/><V71/><F71/><W45/><G15/><T36/><D18/><U99/><E69/><V90/><F90/><W111/><G91/><T6/><D12/><U29/><E88/><V118/><F118/><W92/><G111/><RYUUKYOKU ba="0,1" sc="397,-10,313,-10,66,30,214,-10" hai2="37,39,44,65,67,77,78,101,102,128,129,133,135" /><INIT seed="2,1,1,4,2,118" ten="387,303,96,204" oya="2" hai0="133,87,119,99,134,58,45,114,12,43,83,63,107" hai1="42,100,44,37,54,116,35,25,73,21,121,18,19" hai2="29,9,10,104,4,1,7,111,91,97,32,93,92" hai3="113,135,68,90,125,126,75,74,53,108,86,20,26"/><V106/><F111/><W36/><G108/><T39/><D114/><U47/><E73/><N who="3" m="27658" /><G113/><T48/><D119/><U28/><E116/><V3/><REACH who="2" step="1"/><F93/><REACH who="2" ten="387,303,86,204" step="2"/><W64/><G126/><T17/><D133/><U88/><E37/><V124/><F124/><W132/><G36/><T6/><D134/><U128/><E128/><V65/><F65/><W130/><G125/><T94/><D39/><U11/><E42/><V112/><F112/><W46/><G130/><T62/><D94/><U69/><E54/><V89/><F89/><W41/><G132/><T5/><D43/><U23/><E88/><V81/><F81/><W84/><G135/><T122/><D83/><U52/><E100/><V24/><AGARI ba="1,2" hai="1,3,4,7,9,10,24,29,32,91,92,97,104,106" machi="24" ten="30,6000,0" yaku="1,1,0,1,9,1,53,0" doraHai="118" doraHaiUra="40" who="2" fromWho="2" sc="387,-21,303,-21,86,83,204,-21" /><INIT seed="2,2,0,3,2,120" ten="366,282,169,183" oya="2" hai0="15,70,58,10,94,124,39,24,35,14,67,3,102" hai1="65,50,98,99,57,46,36,111,45,34,48,61,74" hai2="63,4,131,53,43,28,129,16,84,104,118,5,126" hai3="114,69,107,80,85,11,130,64,30,23,2,117,76"/><V62/><F104/><W18/><G117/><T125/><D39/><U21/><E74/><V86/><F118/><W119/><G119/><T37/><D37/><U112/><E34/><V20/><F28/><W59/><G69/><T44/><D70/><U123/><E123/><V8/><F43/><W52/><G107/><T75/><D75/><U0/><E0/><V33/><F33/><W73/><G130/><N who="2" m="49673" /><F126/><W71/><G71/><T132/><D44/><U101/><E112/><V55/><F63/><N who="3" m="36327" /><G2/><T93/><D132/><U87/><E87/><N who="2" m="33323" /><F62/><W89/><G73/><T96/><D35/><U26/><E99/><V42/><F42/><W90/><G114/><T82/><D96/><U92/><E36/><V1/><F5/><W38/><G38/><T106/><D106/><U29/><E50/><V113/><F113/><W100/><G100/><T47/><D102/><U12/><E12/><AGARI ba="2,0" hai="1,4,8,12,16,20,53,55" m="33323,49673" machi="12" ten="30,2900,0" yaku="19,1,54,1" doraHai="120" who="2" fromWho="1" sc="366,0,282,-35,169,35,183,0" /><INIT seed="2,3,0,4,5,101" ten="366,247,204,183" oya="2" hai0="103,80,93,85,91,128,64,73,111,19,7,10,120" hai1="9,81,102,117,20,6,63,69,87,114,42,75,92" hai2="74,1,48,109,27,35,76,107,68,99,13,100,106" hai3="125,55,23,44,126,97,15,115,50,105,5,98,94"/><V113/><F113/><W49/><G115/><T0/><D120/><U28/><E117/><V47/><F1/><W52/><G5/><T39/><D39/><U66/><E42/><V127/><F68/><W24/><G15/><T43/><D43/><U121/><E114/><V79/><F127/><N who="3" m="48651" /><G94/><T132/><D111/><U110/><E110/><V59/><F109/><W71/><G71/><T56/><D128/><U57/><E69/><V30/><F59/><N who="3" m="33167" /><G105/><T67/><D93/><U32/><E75/><V112/><F112/><W2/><G2/><T104/><D73/><U4/><E32/><V11/><F107/><W78/><G78/><T86/><D7/><U119/><E119/><V83/><F76/><W36/><G36/><T89/><D0/><U17/><E92/><V90/><F90/><W72/><G72/><T108/><D89/><U65/><E102/><V96/><F96/><W3/><G3/><T40/><D91/><U133/><E121/><V124/><F124/><W26/><G26/><T37/><D103/><U12/><E81/><V135/><F13/><W116/><G116/><T21/><D108/><U14/><E87/><V118/><F118/><W77/><G77/><T54/><D85/><U88/><E88/><V31/><F27/><W62/><G62/><T58/><D86/><U29/><E4/><V61/><F61/><W16/><AGARI ba="3,0" hai="16,23,24,44,50,55,97,98" m="33167,48651" machi="16" ten="30,4000,0" yaku="18,1,54,2" doraHai="101" who="3" fromWho="3" sc="366,-13,247,-13,204,-23,183,49" /><INIT seed="3,0,0,2,3,79" ten="353,234,181,232" oya="3" hai0="88,39,117,98,126,56,119,91,105,68,57,124,100" hai1="60,62,134,21,11,130,89,135,128,82,37,49,50" hai2="121,42,53,38,6,28,41,34,13,32,76,14,8" hai3="118,112,55,99,131,133,59,104,9,108,1,30,77"/><W16/><G118/><T25/><D68/><U4/><E21/><V122/><F76/><W87/><G112/><T102/><D39/><U103/><E103/><V29/><F6/><W63/><G131/><T26/><D98/><U80/><E89/><V106/><F8/><W97/><G104/><AGARI ba="0,0" hai="25,26,56,57,88,91,100,102,104,105,117,119,124,126" machi="104" ten="25,3200,0" yaku="22,2,54,1" doraHai="79" who="0" fromWho="3" sc="353,32,234,0,181,0,232,-32" owari="385,49.0,234,3.0,181,-32.0,200,-20.0" /></mjloggm>