<mjloggm ver="2.3"><GO type="97" lobby="0"/><UN n0="%E3%81%8B%E3%81%B6%E3%81%AE%E4%B8%80%E5%A4%9C%E6%BC%AC%E3%81%91" n1="%6D%69%79%61%79%61" n2="%E5%B0%B1%E6%B4%BB%E7%94%9F%40%E5%B7%9D%E6%9D%91%E8%BB%8D%E5%9B%A3" n3="%E6%96%AD%E5%B9%BA%E3%83%89%E3%83%A9%33" dan="15,15,15,15" rate="1951.51,1999.31,2081.29,1990.68" sx="M,F,M,M"/><TAIKYOKU oya="0"/><INIT seed="0,0,0,3,0,123" ten="250,250,250,250" oya="0" hai0="90,9,73,10,103,62,28,20,68,61,70,119,116" hai1="19,13,67,133,47,30,18,11,100,24,114,86,127" hai2="25,17,95,108,77,32,132,135,99,42,96,60,58" hai3="37,8,101,0,69,45,34,97,82,126,63,56,85"/><T44/><D73/><U65/><E133/><N who="2" m="51275" /><F77/><W80/><G34/><T130/><D103/><U5/><E127/><V104/><F104/><W118/><G118/><T27/><D130/><U98/><E114/><V92/><F42/><W51/><G126/><T38/><D90/><U128/><E128/><V79/><F79/><W15/><G0/><T1/><D1/><U39/><E39/><V120/><F120/><W94/><G69/><T121/><D121/><U66/><E47/><V40/><F40/><W109/><G37/><T87/><D87/><U129/><E86/><V75/><F75/><W12/><G109/><T50/><D38/><U124/><E124/><V3/><F3/><W2/><G2/><T6/><D119/><U72/><E72/><V117/><F117/><W105/><G105/><T83/><D83/><N who="3" m="31785" /><G85/><T131/><D116/><U93/><REACH who="1" step="1"/><E129/><REACH who="1" ten="250,240,250,250" step="2"/><V36/><F36/><W41/><G8/><T59/><D9/><U81/><E81/><V107/><F96/><W125/><G125/><T48/><D131/><U110/><E110/><V84/><F84/><W46/><G46/><T78/><D10/><U134/><E134/><V26/><F99/><W102/><G102/><T76/><D76/><U113/><E113/><V4/><F108/><W111/><G111/><T88/><D78/><U21/><AGARI ba="0,1" hai="5,11,13,18,19,21,24,30,65,66,67,93,98,100" machi="21" ten="30,7900,0" yaku="1,1,0,1,8,1,53,1" doraHai="123" doraHaiUra="89" who="1" fromWho="1" sc="250,-39,240,89,250,-20,250,-20" /><INIT seed="1,0,0,0,4,30" ten="211,329,230,230" oya="1" hai0="104,87,34,75,31,79,64,36,37,8,59,40,46" hai1="32,77,91,49,109,90,122,114,60,45,127,3,125" hai2="17,71,23,19,48,69,95,117,99,108,111,50,22" hai3="44,134,78,53,16,14,12,98,96,100,119,54,33"/><U85/><E114/><V81/><F81/><W126/><G126/><N who="1" m="48138" /><E122/><V123/><F123/><W62/><G134/><T65/><D87/><U35/><E109/><N who="2" m="42059" /><F95/><W55/><G119/><T88/><D59/><U103/><E3/><V5/><F5/><W115/><G115/><T61/><D104/><U0/><E0/><V47/><F99/><W39/><G78/><T131/><D131/><U118/><E118/><V25/><F117/><W112/><G112/><T21/><D21/><N who="2" m="7690" /><F47/><W4/><G62/><T94/><D8/><U102/><E77/><V6/><F6/><W42/><G33/><N who="1" m="12874" /><E60/><V41/><F41/><W116/><G116/><T128/><D61/><U82/><E91/><V28/><F28/><W130/><G100/><T70/><D31/><U89/><E89/><V43/><F43/><AGARI ba="0,0" hai="43,45,49,82,85,90,102,103" m="12874,48138" machi="43" ten="30,11600,0" yaku="18,1,52,3" doraHai="30" who="1" fromWho="2" sc="211,0,329,116,230,-116,230,0" /><INIT seed="1,1,0,2,4,75" ten="211,445,114,230" oya="1" hai0="30,100,80,15,36,64,8,21,45,31,99,129,18" hai1="57,79,25,116,92,127,96,39,7,70,10,76,131" hai2="69,26,126,24,14,112,2,54,109,97,122,115,42" hai3="68,38,62,4,81,93,65,124,67,6,106,120,3"/><U56/><E116/><V83/><F69/><W119/><G106/><T133/><D129/><U46/><E70/><V73/><F2/><W43/><G120/><T90/><D133/><U12/><E131/><V132/><F122/><W23/><G124/><T9/><D64/><U86/><E127/><V47/><F132/><W88/><G67/><T34/><D34/><U61/><E57/><V107/><F126/><W63/><G63/><T125/><D125/><U0/><E0/><V51/><F109/><W33/><G33/><T102/><D36/><U91/><E25/><V117/><F117/><W16/><G81/><T82/><D45/><U49/><E39/><V87/><F73/><W60/><G60/><T108/><D108/><U32/><E32/><V5/><F97/><W134/><G134/><T113/><D113/><N who="2" m="43594" /><F107/><W74/><G74/><T104/><D102/><N who="1" m="60679" /><E56/><V59/><F59/><W101/><G101/><T71/><D71/><U85/><E61/><V35/><F35/><W66/><G66/><T103/><D103/><U89/><E89/><N who="2" m="51455" /><F42/><W135/><G135/><T52/><D90/><U128/><E128/><V110/><F110/><W37/><G119/><T130/><D130/><U118/><E118/><V114/><N who="2" m="43602" /><V121/><DORA hai="105" /><F121/><W84/><G43/><T11/><D52/><N who="1" m="29751" /><E86/><V58/><F58/><W123/><G123/><T19/><D104/><U13/><E13/><V27/><F27/><N who="3" m="14823" /><G3/><T78/><D99/><U28/><E28/><N who="0" m="10793" /><D100/><U48/><E48/><V94/><F94/><AGARI ba="1,0" hai="7,10,12,76,79,85,91,94" m="29751,60679" machi="94" ten="30,11600,0" yaku="8,1,52,2,54,1" doraHai="75,105" who="1" fromWho="2" sc="211,0,445,119,114,-119,230,0" owari="211,-19.0,564,67.0,-5,-51.0,230,3.0" /></mjloggm>