<mjloggm ver="2.3"><GO type="41" lobby="0"/><UN n0="%53%48%55%74%65%6E%66%6F" n1="%E5%B0%B1%E6%B4%BB%E7%94%9F%40%E5%B7%9D%E6%9D%91%E8%BB%8D%E5%9B%A3" n2="%E3%81%84%E3%81%9F%E3%83%92%E3%83%AD" n3="%6D%75%6B%69%74%74%69" dan="13,15,16,14" rate="1830.06,1960.28,2080.67,1989.72" sx="M,M,M,M"/><TAIKYOKU oya="0"/><INIT seed="0,0,0,0,3,122" ten="250,250,250,250" oya="0" hai0="89,84,120,64,121,9,100,37,87,58,51,106,4" hai1="63,83,21,113,85,32,126,53,119,131,91,133,76" hai2="127,41,46,68,108,71,54,36,130,82,48,128,112" hai3="93,56,92,42,75,47,103,96,105,118,34,114,101"/><T38/><D120/><U59/><E32/><V102/><F102/><W60/><G114/><T78/><D121/><U134/><E119/><V19/><F82/><W27/><G118/><T67/><D106/><U14/><E113/><V26/><F112/><W109/><G75/><T115/><D115/><U99/><E126/><V88/><F88/><W25/><G109/><T123/><D123/><U20/><E131/><V0/><F0/><W81/><G81/><T35/><D35/><U62/><E62/><V24/><F127/><W49/><G34/><T55/><D100/><N who="3" m="38473" /><G105/><T135/><D135/><N who="1" m="51723" /><E14/><V72/><F72/><W94/><G96/><T69/><D69/><U124/><E124/><V45/><F19/><W79/><G79/><T40/><D38/><U12/><E12/><V90/><F90/><W5/><G5/><T11/><D37/><U132/><N who="1" m="51731" /><U129/><DORA hai="33" /><E129/><N who="2" m="49771" /><F24/><W16/><G16/><T28/><D28/><U111/><E111/><V74/><F74/><W23/><G23/><T1/><D11/><U30/><E30/><V65/><F26/><W43/><G43/><T17/><D17/><U86/><E99/><V80/><F80/><AGARI ba="0,0" hai="20,21,53,59,63,76,80,83,85,86,91" m="51731" machi="80" ten="40,1300,0" yaku="20,1" doraHai="122,33" who="1" fromWho="2" sc="250,0,250,13,250,-13,250,0" /><INIT seed="1,0,0,3,5,134" ten="250,263,237,250" oya="1" hai0="28,78,66,32,19,43,22,33,119,87,98,56,60" hai1="54,18,95,69,39,103,123,46,117,34,72,124,11" hai2="9,135,44,13,49,100,21,81,1,12,90,93,63" hai3="75,116,128,45,7,53,122,29,118,110,8,5,47"/><U23/><E72/><V112/><F1/><W88/><G122/><T65/><D119/><N who="3" m="45609" /><G75/><T130/><D130/><U36/><E34/><V38/><F38/><W68/><G128/><T15/><D43/><U84/><E69/><V2/><F2/><N who="3" m="55" /><G68/><T132/><D132/><U126/><E117/><V71/><F112/><W83/><G110/><T17/><D98/><N who="1" m="59871" /><E11/><V79/><F100/><W31/><G7/><T20/><D28/><N who="3" m="10825" /><G53/><T24/><REACH who="0" step="1"/><D66/><REACH who="0" ten="240,263,237,250" step="2"/><U30/><E30/><V50/><F135/><W114/><G114/><T3/><D3/><U59/><E123/><V41/><F41/><W27/><G27/><T89/><D89/><U96/><E96/><V61/><F90/><W14/><G14/><T48/><D48/><N who="1" m="31175" /><E84/><AGARI ba="0,1" hai="45,47,83,84,88" m="10825,55,45609" machi="84" ten="30,2000,0" yaku="12,1,54,1" doraHai="134" who="3" fromWho="1" sc="240,0,263,-20,237,0,250,30" /><INIT seed="2,0,0,2,5,124" ten="240,243,237,280" oya="2" hai0="37,50,55,105,99,74,119,33,36,80,35,61,46" hai1="48,25,24,57,91,89,109,129,106,92,14,63,11" hai2="28,15,9,38,81,100,118,7,18,115,21,65,135" hai3="31,64,5,76,41,125,47,16,117,130,56,101,43"/><V75/><F118/><W68/><G117/><T83/><D119/><U86/><E106/><V39/><F115/><W95/><G68/><T111/><D111/><U132/><E109/><V12/><F135/><W6/><G125/><T96/><D61/><U112/><E132/><V52/><F65/><W34/><G76/><T19/><D105/><U122/><E112/><V104/><F104/><W79/><G79/><T94/><D74/><U88/><E122/><V73/><F100/><W30/><G130/><T133/><D133/><U58/><E129/><V120/><F120/><W90/><G101/><T114/><D114/><U102/><E48/><V22/><F81/><W134/><G134/><T82/><D19/><U23/><E58/><V8/><F75/><W3/><G34/><T108/><D108/><U85/><E102/><V54/><F73/><W44/><G3/><T116/><D96/><U77/><E77/><V131/><F131/><W10/><G64/><T121/><D121/><U128/><E128/><V67/><F67/><W110/><G110/><T4/><D4/><N who="3" m="1641" /><G56/><T59/><D59/><U126/><E126/><V1/><F1/><W49/><G10/><T20/><D116/><U93/><E89/><V87/><F87/><N who="3" m="52703" /><G16/><T127/><D127/><U78/><E78/><V53/><REACH who="2" step="1"/><F9/><REACH who="2" ten="240,243,227,280" step="2"/><W107/><G107/><T97/><D83/><U27/><E11/><V2/><F2/><W84/><G84/><T42/><D82/><U32/><E86/><V72/><F72/><W29/><G43/><T51/><D42/><U70/><E85/><V60/><F60/><W45/><AGARI ba="0,1" hai="29,30,31,41,44,45,47,49" m="52703,1641" machi="45" ten="30,2000,0" yaku="5,1,8,1" doraHai="124" who="3" fromWho="3" sc="240,-5,243,-5,227,-10,280,30" /><INIT seed="3,0,0,1,3,61" ten="235,238,217,310" oya="3" hai0="23,2,40,65,12,78,76,89,111,7,114,57,82" hai1="100,120,51,43,53,26,81,84,126,134,11,50,62" hai2="72,4,124,128,125,5,64,127,28,86,44,79,119" hai3="37,94,122,17,22,36,9,99,98,20,39,24,106"/><W90/><G122/><T129/><D2/><U34/><E120/><V113/><F113/><W25/><G9/><T104/><D104/><U95/><E126/><V33/><F119/><W21/><REACH who="3" step="1"/><G17/><REACH who="3" ten="235,238,217,300" step="2"/><T41/><D114/><U83/><E11/><V91/><F127/><W67/><G67/><T58/><D129/><U131/><E131/><V88/><F125/><W96/><G96/><T15/><D111/><U112/><E112/><V59/><F124/><W47/><G47/><T75/><D65/><U135/><E135/><V101/><F64/><W45/><G45/><T63/><D76/><U55/><E134/><V54/><F44/><W123/><G123/><T31/><D31/><U85/><E43/><V66/><F66/><W56/><G56/><T42/><D57/><U117/><E117/><V35/><F79/><W32/><G32/><T70/><D70/><U108/><E108/><V52/><F35/><W121/><G121/><T16/><D7/><U97/><E34/><V130/><F33/><W10/><G10/><T3/><D3/><U48/><E26/><V73/><F59/><W27/><G27/><T69/><D69/><U102/><E55/><V92/><F28/><W110/><G110/><T0/><D0/><U87/><E100/><AGARI ba="0,1" hai="20,21,22,24,25,36,37,39,90,94,98,99,100,106" machi="100" ten="50,2400,0" yaku="1,1,53,0" doraHai="61" doraHaiUra="115" who="3" fromWho="1" sc="235,0,238,-24,217,0,300,34" /><INIT seed="3,1,0,3,4,124" ten="235,214,217,334" oya="3" hai0="23,48,35,45,130,62,41,60,125,89,52,76,86" hai1="25,68,97,67,39,85,110,132,21,83,94,11,69" hai2="109,42,50,4,74,47,91,27,126,51,107,81,14" hai3="1,20,121,79,120,129,84,6,18,7,13,131,57"/><W123/><G57/><T33/><D130/><N who="3" m="49673" /><G1/><T134/><D125/><U46/><E110/><V102/><F109/><W92/><G92/><T29/><D134/><U82/><E132/><V100/><F126/><W61/><G61/><T22/><D76/><U116/><E116/><V80/><F107/><W5/><G84/><T119/><D119/><U49/><E39/><V128/><F128/><W37/><G79/><T2/><D2/><U133/><E133/><V104/><F104/><W88/><G88/><T106/><D106/><U90/><E67/><V26/><F74/><W53/><G53/><T118/><D118/><U73/><E73/><V55/><F102/><W58/><G58/><T56/><D60/><U101/><E82/><N who="2" m="31851" /><F91/><W10/><G37/><T99/><D99/><U32/><E69/><V65/><F100/><W30/><G30/><T8/><D8/><U98/><E11/><N who="2" m="4455" /><F65/><W34/><G34/><T78/><D78/><U105/><E32/><V19/><F55/><W87/><G87/><T103/><D103/><U12/><E68/><V71/><F71/><W3/><AGARI ba="1,0" hai="3,5,6,7,10,13,18,20,120,121,123" m="49673" machi="3" ten="40,18000,2" yaku="19,1,34,2,52,3" doraHai="124" who="3" fromWho="3" sc="235,-61,214,-61,217,-61,334,183" /><INIT seed="3,2,0,0,3,23" ten="174,153,156,517" oya="3" hai0="31,107,67,34,63,90,49,117,108,125,84,106,3" hai1="64,26,29,61,89,19,71,134,102,93,16,133,116" hai2="32,92,78,21,96,95,6,76,88,128,113,53,46" hai3="0,57,135,35,42,73,14,123,82,69,56,124,62"/><W91/><G123/><T77/><D3/><U4/><E4/><V22/><F32/><W70/><G0/><T24/><D117/><U119/><E102/><V118/><F118/><N who="1" m="45097" /><E93/><V105/><F105/><W18/><G35/><T112/><D77/><U13/><E89/><V75/><F113/><W132/><G124/><T66/><D112/><U80/><E80/><V79/><F75/><W83/><G42/><T44/><D125/><U99/><E99/><V126/><F126/><W10/><G57/><T52/><D108/><U50/><E50/><N who="2" m="28887" /><F6/><W110/><G110/><T87/><D87/><U98/><E98/><N who="2" m="57607" /><F128/><W121/><G121/><T2/><D67/><U97/><E97/><V48/><F48/><W85/><G73/><T72/><D2/><U86/><E86/><V8/><F8/><W43/><G83/><T59/><REACH who="0" step="1"/><D72/><REACH who="0" ten="164,153,156,517" step="2"/><U38/><E38/><V9/><F78/><W36/><G85/><T58/><D58/><U129/><E129/><V1/><F76/><W11/><G56/><T33/><D33/><N who="1" m="20663" /><E19/><V17/><F79/><W94/><G18/><T55/><D55/><U111/><E111/><V100/><F1/><W127/><G127/><T5/><D5/><U81/><E81/><AGARI ba="2,1" hai="24,31,34,44,49,52,59,63,66,81,84,90,106,107" machi="81" ten="30,12000,2" yaku="1,1,7,1,52,1,54,1,53,2" doraHai="23" doraHaiUra="101" who="0" fromWho="1" sc="164,136,153,-126,156,0,517,0" /><INIT seed="4,0,0,1,1,100" ten="300,27,156,517" oya="0" hai0="130,68,65,39,48,108,91,53,56,23,17,112,30" hai1="15,119,88,26,29,99,79,3,4,118,73,94,77" hai2="45,101,110,32,78,20,71,123,109,124,43,74,9" hai3="54,128,95,5,67,98,6,21,31,12,104,10,122"/><T27/><D39/><U102/><E3/><V116/><F32/><W133/><G104/><T80/><D112/><U93/><E118/><V11/><F71/><W129/><G67/><T60/><D130/><N who="3" m="50281" /><G133/><T66/><D108/><U24/><E119/><V62/><F123/><W96/><G122/><T125/><D125/><U69/><E69/><V113/><F113/><W22/><G6/><T121/><D66/><U135/><E135/><V34/><F34/><W52/><G98/><T19/><D121/><U28/><E73/><V61/><F101/><N who="3" m="60575" /><G31/><T87/><AGARI ba="0,0" hai="17,19,23,27,30,48,53,56,60,65,68,80,87,91" machi="87" ten="30,1500,0" yaku="0,1" doraHai="100" who="0" fromWho="0" sc="300,15,27,-5,156,-5,517,-5" /><INIT seed="4,1,0,0,1,90" ten="315,22,151,512" oya="0" hai0="39,97,127,1,120,64,116,121,115,22,96,134,100" hai1="45,47,73,78,70,66,81,110,3,104,135,33,29" hai2="46,117,36,55,57,37,11,83,60,82,84,0,17" hai3="56,131,86,80,24,49,87,76,2,12,51,107,21"/><T34/><D1/><U32/><E110/><V26/><F117/><W85/><G2/><T13/><D116/><U62/><E135/><V108/><F108/><W77/><G107/><T129/><D134/><U94/><E104/><V23/><F82/><N who="3" m="47303" /><G131/><T71/><D34/><U93/><E3/><V50/><F0/><W6/><G56/><T63/><D39/><U43/><E47/><V38/><F11/><N who="3" m="4215" /><G87/><T72/><D72/><U111/><E111/><V27/><F27/><W41/><G41/><T99/><D129/><U113/><E113/><V10/><F10/><W119/><G119/><T48/><D115/><U75/><E75/><V79/><REACH who="2" step="1"/><F37/><REACH who="2" ten="315,22,141,512" step="2"/><W14/><G14/><T125/><D121/><U124/><E124/><V30/><F30/><AGARI ba="1,1" hai="21,24,30,49,51,77,80,86" m="4215,47303" machi="30" ten="30,1000,0" yaku="8,1" doraHai="90" who="3" fromWho="2" sc="315,0,22,0,141,-13,512,23" /><INIT seed="5,0,0,2,2,17" ten="315,22,128,535" oya="1" hai0="3,28,9,49,7,111,36,81,88,133,108,90,98" hai1="73,8,1,61,45,23,130,29,126,26,85,50,22" hai2="76,18,64,86,122,31,113,57,5,39,47,53,12" hai3="112,6,79,58,54,32,35,114,127,41,72,44,16"/><U106/><E73/><V117/><F122/><W74/><G127/><T115/><D36/><U110/><E106/><V55/><F117/><W80/><G72/><T60/><D28/><U87/><E126/><V134/><F134/><W65/><G65/><T95/><D133/><U24/><E130/><V37/><F113/><N who="3" m="43627" /><G6/><T109/><D115/><U83/><E110/><V135/><F135/><W4/><G4/><T99/><D60/><U101/><E1/><V14/><F31/><W69/><G69/><T120/><D120/><U71/><E101/><V42/><F39/><N who="3" m="21567" /><G16/><T107/><D107/><U100/><E100/><V124/><F124/><W121/><G121/><T38/><D38/><U27/><E8/><V118/><F118/><W105/><G105/><T102/><D102/><U2/><E2/><V66/><F55/><W125/><G125/><T56/><D81/><U34/><E34/><V13/><F5/><W104/><G104/><T78/><D78/><N who="1" m="46327" /><E71/><V132/><F132/><W33/><G33/><T68/><D68/><U40/><E29/><V67/><F76/><W20/><G20/><N who="1" m="7722" /><E61/><AGARI ba="0,0" hai="32,35,54,58,61,74,79,80" m="21567,43627" machi="61" ten="30,1000,0" yaku="15,1" doraHai="17" who="3" fromWho="1" sc="315,0,22,-10,128,0,535,10" /><INIT seed="6,0,0,5,0,123" ten="315,12,128,545" oya="2" hai0="20,106,14,62,30,22,97,124,23,135,104,94,134" hai1="3,60,72,114,59,63,10,83,118,125,42,0,55" hai2="32,107,5,28,15,61,47,75,128,64,101,49,76" hai3="126,81,88,4,105,74,98,92,68,112,93,11,44"/><V111/><F128/><W21/><G68/><T100/><D124/><U82/><E118/><V110/><F76/><W27/><G105/><T122/><D122/><U65/><E114/><V113/><F75/><W117/><G117/><T66/><D14/><U33/><E33/><V129/><F129/><W86/><G126/><T130/><D130/><U95/><E125/><V41/><F113/><W35/><G35/><T7/><D7/><U132/><E132/><V89/><F89/><W34/><G34/><T52/><D52/><U13/><E72/><V56/><F15/><N who="3" m="5607" /><G74/><T43/><D43/><U58/><E3/><V19/><F19/><N who="3" m="12735" /><G112/><T48/><D48/><U50/><E0/><V8/><F8/><W40/><G98/><T119/><D119/><U73/><E73/><V90/><F90/><W25/><G25/><T24/><D106/><U2/><E2/><V12/><F12/><W69/><G69/><T91/><D91/><U36/><E36/><V99/><REACH who="2" step="1"/><F5/><REACH who="2" ten="315,12,118,545" step="2"/><W121/><G121/><T37/><D134/><U54/><E95/><V108/><F108/><W16/><G16/><T38/><D135/><U87/><E87/><V71/><F71/><W9/><G9/><T133/><D133/><U79/><E79/><V96/><F96/><W120/><G120/><T6/><D6/><U1/><E1/><V51/><F51/><AGARI ba="0,1" hai="40,44,51,81,86,88,92,93" m="12735,5607" machi="51" ten="30,2000,0" yaku="8,1,54,1" doraHai="123" who="3" fromWho="2" sc="315,0,12,0,118,-20,545,30" /><INIT seed="7,0,0,0,0,52" ten="315,12,98,575" oya="3" hai0="38,98,99,19,62,109,73,55,135,103,31,20,88" hai1="90,104,29,110,50,80,92,45,59,97,11,94,44" hai2="119,124,87,93,102,79,34,115,85,83,130,35,84" hai3="43,76,125,120,95,33,26,78,132,4,21,127,25"/><W89/><G120/><T16/><D38/><U36/><E110/><V39/><F39/><W22/><G33/><T65/><D73/><U57/><E104/><V86/><F119/><W96/><G132/><T81/><D109/><U18/><E36/><V63/><F115/><W54/><G43/><T106/><D135/><U17/><E29/><V1/><F1/><W105/><G105/><T69/><D55/><U117/><E117/><V128/><F124/><N who="3" m="47691" /><G4/><T131/><D131/><N who="2" m="50218" /><F63/><W32/><G32/><T91/><D81/><U0/><E80/><N who="2" m="47135" /><F34/><W56/><G26/><T13/><D19/><U2/><E50/><V71/><F71/><W75/><G75/><T28/><D99/><U41/><E97/><N who="2" m="59695" /><F35/><W113/><G113/><T68/><D68/><U30/><E30/><V77/><AGARI ba="0,0" hai="77,83,85,86,87" m="59695,47135,50218" machi="77" ten="30,4000,0" yaku="19,1,34,2" doraHai="52" who="2" fromWho="2" sc="315,-10,12,-10,98,40,575,-20" owari="305,11.0,2,-50.0,138,-26.0,555,65.0" /></mjloggm>