<mjloggm ver="2.3"><GO type="169" lobby="0"/><UN n0="%E3%83%AB%E3%82%AF%E5%8A%A9" n1="%E3%82%A6%E3%83%AB%E3%83%88%E3%83%A9%E7%AB%8B%E7%9B%B4" n2="%54%2E%54%2E%38" n3="%E3%81%B2%E3%81%90%E3%81%A1" dan="16,17,16,18" rate="2093.05,2146.74,2139.40,2156.06" sx="M,M,M,M"/><TAIKYOKU oya="0"/><INIT seed="0,0,0,3,0,124" ten="250,250,250,250" oya="0" hai0="98,4,18,75,60,25,81,130,116,123,131,91,71" hai1="32,15,92,113,33,79,69,83,12,55,133,105,22" hai2="65,45,17,23,27,121,19,132,127,82,129,99,118" hai3="106,115,100,96,104,14,38,28,108,11,42,70,6"/><T3/><D123/><U31/><E105/><V84/><F121/><W21/><G70/><T9/><D116/><U120/><E69/><V52/><F118/><W109/><G115/><T102/><D25/><U122/><E113/><V135/><F127/><W26/><G104/><N who="0" m="63575" /><D18/><U110/><E92/><V103/><F65/><W87/><G87/><T20/><D20/><U36/><E83/><V24/><F99/><W112/><G112/><T10/><D10/><U49/><E79/><V97/><F97/><W93/><G106/><T119/><D91/><U111/><E49/><V77/><F103/><W62/><G62/><T64/><D119/><U30/><E55/><V67/><F67/><W101/><G101/><T126/><D126/><U41/><E41/><V61/><F45/><W72/><G72/><T50/><D50/><U44/><E44/><V13/><F27/><W8/><G8/><T34/><D34/><U76/><E36/><V54/><F61/><W88/><G100/><T46/><D46/><U63/><E63/><V37/><F37/><W107/><G107/><T66/><D64/><U1/><E76/><AGARI ba="0,0" hai="3,4,9,60,66,71,75,76,81,130,131" m="63575" machi="76" ten="30,5800,0" yaku="23,1,52,2" doraHai="124" who="0" fromWho="1" sc="250,58,250,-58,250,0,250,0" /><INIT seed="0,1,0,4,1,87" ten="308,192,250,250" oya="0" hai0="30,89,32,3,37,123,129,96,101,29,116,33,105" hai1="134,122,132,69,21,50,102,60,15,133,99,100,125" hai2="77,124,57,121,73,104,111,85,62,119,31,5,53" hai3="61,56,92,91,26,81,79,94,14,112,44,80,52"/><T70/><D116/><U8/><E122/><V98/><F121/><W19/><G112/><T97/><D123/><U45/><E125/><V93/><F119/><W12/><G92/><T43/><D70/><U49/><E21/><V58/><F124/><W4/><G4/><T115/><D3/><U95/><E102/><V24/><F5/><W18/><G26/><T17/><D115/><U54/><E50/><V48/><F104/><W82/><G44/><T0/><D0/><U22/><E22/><V126/><F126/><W46/><G46/><T90/><D43/><U75/><E75/><V13/><F13/><N who="3" m="5227" /><G79/><T67/><D37/><U66/><E15/><V131/><F131/><W9/><G9/><AGARI ba="1,0" hai="8,9,45,49,54,60,66,69,95,99,100,132,133,134" machi="9" ten="40,1300,0" yaku="20,1" doraHai="87" who="1" fromWho="3" sc="308,0,192,16,250,0,250,-16" /><INIT seed="1,0,0,1,4,68" ten="308,208,250,234" oya="1" hai0="111,92,67,15,133,58,44,96,41,31,98,125,117" hai1="34,37,82,14,0,2,21,102,40,113,94,33,119" hai2="64,76,17,48,108,52,88,65,77,53,105,3,26" hai3="86,104,75,103,9,110,19,81,35,106,24,79,8"/><U27/><E119/><V25/><F105/><W70/><G110/><T78/><D111/><U62/><E113/><V123/><F108/><W46/><G104/><T28/><D133/><U71/><E82/><V66/><F123/><W120/><G120/><T129/><D125/><U114/><E114/><V72/><F3/><W134/><G134/><T23/><D129/><U116/><E116/><V42/><F72/><W11/><G86/><T60/><D78/><N who="2" m="30314" /><F42/><W61/><G46/><T12/><D117/><U55/><E34/><V122/><F122/><W38/><G19/><T85/><D85/><U91/><E33/><V32/><F32/><W83/><G81/><T126/><D126/><U101/><E71/><V115/><F115/><W84/><G75/><T36/><D98/><N who="1" m="57695" /><E37/><V131/><F131/><W93/><G93/><T107/><D107/><U51/><E14/><V13/><F48/><W132/><G132/><T30/><REACH who="0" step="1"/><D23/><REACH who="0" ten="298,208,250,234" step="2"/><U135/><E135/><V6/><F6/><W99/><G106/><T16/><D16/><N who="1" m="12711" /><E2/><V54/><F17/><W95/><G79/><T56/><D56/><N who="1" m="35103" /><E0/><V130/><F130/><W90/><G99/><T57/><D57/><U121/><E121/><V47/><F47/><AGARI ba="0,1" hai="40,47,51,101,102" m="35103,12711,57695" machi="47" ten="30,5800,0" yaku="25,1,8,1,54,1" doraHai="68" who="1" fromWho="2" sc="298,0,208,68,250,-58,234,0" /><INIT seed="1,1,0,4,4,98" ten="298,276,192,234" oya="1" hai0="97,125,120,40,60,131,88,66,82,6,62,32,7" hai1="130,119,4,103,19,56,112,26,44,111,64,10,87" hai2="48,57,0,8,17,92,53,41,36,35,102,29,11" hai3="123,85,54,42,77,99,91,80,106,55,100,61,37"/><U93/><E112/><V49/><F36/><W78/><G123/><T116/><D32/><U33/><E119/><V121/><F121/><W71/><G37/><T107/><D120/><U110/><E130/><V58/><F29/><W79/><REACH who="3" step="1"/><G42/><REACH who="3" ten="298,276,192,224" step="2"/><T24/><D40/><U15/><E44/><V95/><F41/><W101/><G101/><T134/><D116/><U23/><E33/><V133/><F35/><W115/><G115/><T70/><D131/><U43/><E43/><V16/><F133/><W72/><G72/><T117/><D134/><U113/><E113/><V9/><F0/><W105/><G105/><T96/><D117/><U31/><E110/><V135/><F135/><W20/><G20/><T21/><D107/><U73/><E111/><V83/><F83/><W3/><G3/><T25/><D82/><U90/><E73/><V89/><F89/><W18/><G18/><N who="2" m="7273" /><F102/><W74/><G74/><T39/><D39/><U34/><E103/><V109/><F109/><W12/><G12/><T50/><D88/><U127/><E127/><V132/><F132/><W5/><G5/><T2/><D125/><U1/><REACH who="1" step="1"/><E56/><REACH who="1" ten="298,266,192,224" step="2"/><N who="2" m="21611" /><F53/><W104/><G104/><T27/><D70/><U86/><E86/><V38/><F38/><W67/><AGARI ba="1,2" hai="54,55,61,67,71,77,78,79,80,85,91,99,100,106" machi="67" ten="30,7900,0" yaku="1,1,0,1,52,1,53,1" doraHai="98" doraHaiUra="76" who="3" fromWho="3" sc="298,-21,266,-40,192,-21,224,102" /><INIT seed="2,0,0,5,5,37" ten="277,226,171,326" oya="2" hai0="120,39,36,122,115,34,101,19,132,97,11,129,42" hai1="112,66,16,96,35,102,10,29,0,57,44,43,8" hai2="13,105,119,51,94,130,4,45,134,6,69,72,81" hai3="124,25,14,104,131,84,92,128,41,123,93,90,56"/><V108/><F119/><W53/><G104/><T2/><D34/><U23/><E112/><V82/><F105/><W79/><G123/><T9/><D115/><U133/><E133/><V59/><F69/><W12/><G79/><T64/><D39/><U17/><E0/><V38/><F134/><W121/><G121/><T88/><D64/><U55/><E66/><V65/><F130/><W98/><G25/><T86/><D129/><N who="3" m="49737" /><G41/><T63/><D63/><U110/><E29/><V21/><F108/><W18/><G18/><T22/><D132/><U85/><E85/><V106/><F38/><W46/><G46/><T83/><D2/><U135/><E35/><V68/><F106/><W32/><G32/><T73/><D73/><U20/><E135/><V117/><F72/><W1/><G1/><T77/><D77/><U7/><E110/><V61/><F117/><W118/><G124/><T15/><D9/><U5/><E44/><V89/><F68/><W95/><G118/><T70/><D70/><U67/><E43/><N who="2" m="25023" /><F4/><W40/><G40/><T49/><D36/><U125/><E125/><V30/><F30/><W31/><G31/><T50/><D11/><U28/><E28/><V3/><F3/><W109/><G109/><T80/><D80/><U62/><E5/><V48/><F48/><N who="0" m="18538" /><D42/><U114/><E7/><V111/><F111/><W127/><G127/><T126/><D126/><U74/><E114/><V52/><F65/><W103/><G93/><N who="0" m="58543" /><D122/><U75/><E74/><V78/><F78/><W58/><G58/><T107/><D120/><U54/><E75/><V113/><F6/><RYUUKYOKU ba="0,0" sc="277,15,226,-15,171,-15,326,15" hai0="15,19,22,83,86,88,107" hai3="12,14,53,56,84,90,92,95,98,103" /><INIT seed="3,1,0,0,0,9" ten="292,211,156,341" oya="3" hai0="74,96,131,88,15,13,46,19,61,26,14,28,79" hai1="8,83,69,85,70,104,36,86,66,101,80,50,132" hai2="52,134,73,60,30,111,97,108,56,77,71,78,21" hai3="102,82,32,55,117,53,31,72,51,40,62,23,118"/><W33/><G102/><T95/><D131/><U84/><E36/><V7/><F134/><W123/><G23/><N who="0" m="15455" /><D74/><U130/><E132/><V112/><F73/><W29/><G72/><T67/><D79/><U89/><E130/><V98/><F112/><W17/><G40/><T37/><D37/><U39/><E39/><V48/><F71/><W105/><G105/><T125/><D125/><U100/><E104/><V116/><F116/><W0/><G0/><T4/><D4/><U114/><E114/><V90/><F7/><W12/><G51/><T42/><D42/><U91/><E50/><V110/><F60/><W126/><G62/><T107/><D107/><U64/><E8/><V63/><F63/><W3/><G3/><T44/><D19/><U99/><E85/><V87/><F98/><AGARI ba="1,0" hai="64,66,69,70,80,83,84,86,89,91,98,99,100,101" machi="98" ten="25,1600,0" yaku="22,2" doraHai="9" who="1" fromWho="2" sc="292,0,211,19,156,-19,341,0" /><INIT seed="4,0,0,3,1,32" ten="292,230,137,341" oya="0" hai0="22,108,109,31,96,131,91,12,88,13,0,103,46" hai1="52,119,115,133,99,78,129,38,93,135,128,10,70" hai2="80,7,3,98,37,84,130,95,79,18,11,43,8" hai3="63,86,36,67,21,54,68,113,82,87,48,51,116"/><T44/><D131/><N who="1" m="50251" /><E70/><V92/><F130/><W56/><G36/><T105/><D0/><U6/><E38/><V4/><F18/><W30/><G116/><T49/><D46/><U57/><E78/><V24/><F24/><W47/><G113/><T59/><D59/><U89/><E119/><V64/><F64/><W74/><G74/><T19/><D31/><U100/><E100/><V16/><F16/><W35/><G35/><T101/><D103/><U1/><E115/><V104/><F43/><W85/><G30/><T124/><D124/><U34/><E34/><V117/><F37/><W39/><G21/><T72/><D72/><U42/><E42/><V28/><F28/><W83/><G39/><T55/><REACH who="0" step="1"/><D12/><REACH who="0" ten="282,230,137,341" step="2"/><U27/><E27/><V2/><REACH who="2" step="1"/><F117/><REACH who="2" ten="282,230,127,341" step="2"/><W60/><G68/><T45/><D45/><U9/><E9/><V132/><F132/><W41/><G47/><T25/><D25/><U102/><E102/><AGARI ba="0,2" hai="2,3,4,7,8,11,79,80,84,92,95,98,102,104" machi="102" ten="40,8000,1" yaku="1,1,9,1,52,2,53,1" doraHai="32" doraHaiUra="77" who="2" fromWho="1" sc="282,0,230,-80,127,100,341,0" /><INIT seed="5,0,0,3,2,35" ten="282,150,227,341" oya="1" hai0="82,65,135,101,19,57,1,79,127,58,52,87,70" hai1="62,110,128,40,47,5,95,69,45,0,66,61,129" hai2="53,18,117,122,25,106,131,20,89,50,34,91,83" hai3="32,107,102,8,33,27,73,126,7,68,56,103,49"/><U24/><E110/><V118/><F122/><W81/><G68/><T134/><D101/><U67/><E95/><V115/><F106/><W124/><G49/><N who="0" m="30863" /><D19/><U54/><E24/><V39/><F39/><W71/><G81/><T42/><D42/><U37/><E5/><V13/><F131/><N who="1" m="50249" /><E0/><V51/><F115/><W88/><G56/><T30/><D30/><U94/><E94/><V130/><F130/><W104/><G71/><T112/><D112/><U23/><E23/><V96/><F34/><W93/><G73/><T97/><D97/><U111/><E111/><V63/><F118/><W105/><G33/><T44/><D44/><N who="1" m="23567" /><E54/><V31/><F117/><W48/><G27/><T10/><D127/><U55/><E55/><V100/><F83/><W114/><G32/><T74/><D10/><U109/><E109/><V41/><F91/><W9/><G124/><T113/><D113/><U133/><E133/><N who="0" m="50697" /><D70/><AGARI ba="0,0" hai="45,47,61,62,66,67,69,70" m="23567,50249" machi="70" ten="30,5800,0" yaku="19,1,34,2" doraHai="35" who="1" fromWho="0" sc="282,-58,150,58,227,0,341,0" /><INIT seed="5,1,0,3,0,122" ten="224,208,227,341" oya="1" hai0="134,22,54,36,114,25,51,90,99,20,48,93,115" hai1="111,125,16,24,100,89,29,7,104,12,119,81,21" hai2="117,87,106,63,33,132,103,72,124,62,102,1,0" hai3="107,14,92,73,135,60,17,18,46,80,77,32,82"/><U52/><E119/><V31/><F72/><W74/><G107/><T39/><D134/><U66/><E125/><V120/><F117/><W68/><G32/><T98/><D98/><U133/><E133/><V78/><F132/><W3/><G3/><T131/><D131/><U23/><E111/><V26/><F120/><W64/><G135/><T127/><D127/><U109/><E109/><V130/><F124/><W8/><G92/><T38/><D51/><U53/><E66/><V58/><F130/><W86/><G46/><T34/><D34/><U65/><E65/><V108/><F108/><W123/><G123/><T11/><D11/><U110/><E110/><V47/><F47/><W79/><G86/><T59/><REACH who="0" step="1"/><D25/><REACH who="0" ten="214,208,227,341" step="2"/><U43/><E104/><V61/><F106/><W95/><G8/><T85/><D85/><N who="1" m="50351" /><E100/><V76/><F103/><W56/><G73/><T121/><D121/><U83/><E7/><V113/><F102/><W49/><G74/><T69/><D69/><U42/><E83/><V118/><F87/><W88/><G80/><T91/><D91/><U50/><E53/><V15/><F118/><W37/><G82/><T30/><D30/><U10/><E10/><V55/><F78/><W84/><G68/><T45/><D45/><AGARI ba="1,1" hai="12,16,21,23,24,29,42,43,45,50,52" m="50351" machi="45" ten="30,5800,0" yaku="8,1,54,2" doraHai="122" who="1" fromWho="0" sc="214,-61,208,71,227,0,341,0" /><INIT seed="5,2,0,2,0,104" ten="153,279,227,341" oya="1" hai0="134,16,72,122,94,79,2,91,21,57,77,24,14" hai1="84,110,109,18,67,10,73,41,54,53,15,62,133" hai2="42,30,27,38,1,4,93,131,64,45,97,123,85" hai3="65,60,6,116,128,74,70,107,34,8,26,125,68"/><U50/><E133/><V69/><F123/><W25/><G70/><T17/><D2/><U66/><E84/><V117/><F117/><W121/><G121/><T113/><D122/><U40/><E73/><V119/><F119/><W111/><G26/><T11/><D113/><U95/><E95/><V82/><F131/><W100/><G111/><N who="1" m="42506" /><E67/><V39/><F64/><W96/><G125/><T23/><D134/><U9/><E9/><V99/><F69/><W19/><G19/><T86/><D72/><U76/><E76/><V89/><F4/><W22/><G74/><T61/><REACH who="0" step="1"/><D11/><REACH who="0" ten="143,279,227,341" step="2"/><U3/><E3/><V12/><F1/><W101/><G8/><T55/><AGARI ba="2,1" hai="14,16,17,21,23,24,55,57,61,77,79,86,91,94" machi="55" ten="20,12000,2" yaku="1,1,2,1,0,1,7,1,8,1,54,1,53,0" doraHai="104" doraHaiUra="135" who="0" fromWho="0" sc="143,136,279,-62,227,-32,341,-32" /><INIT seed="6,0,0,3,5,116" ten="279,217,195,309" oya="2" hai0="69,66,37,58,100,79,52,25,121,64,1,48,10" hai1="60,32,97,127,20,85,45,51,47,88,65,26,3" hai2="56,133,87,59,29,86,96,8,18,44,49,81,2" hai3="36,22,111,109,41,14,104,74,5,78,0,112,68"/><V108/><F108/><W76/><G68/><T21/><D37/><U55/><E32/><V38/><F133/><W103/><G78/><T53/><D79/><U27/><E3/><V131/><F38/><W102/><G14/><T89/><D100/><U98/><E47/><V77/><F131/><W128/><G22/><T75/><D121/><U80/><E127/><V46/><F96/><W73/><G73/><T16/><D75/><U43/><E43/><V19/><F29/><W71/><G71/><T99/><D69/><U110/><E110/><V63/><F2/><W107/><G103/><T123/><D123/><U34/><E34/><V129/><F129/><W134/><G112/><T61/><D1/><U42/><E42/><V101/><F101/><W11/><G134/><T106/><D10/><U135/><E135/><V119/><F119/><W113/><G113/><T117/><D117/><U23/><E60/><V40/><F87/><W9/><G9/><T24/><D24/><U126/><E65/><N who="2" m="39143" /><F44/><N who="3" m="23591" /><G128/><T57/><D106/><N who="3" m="40489" /><G102/><T90/><D90/><U95/><E126/><V17/><F59/><W92/><G92/><AGARI ba="0,0" hai="16,21,25,48,52,53,57,58,61,64,66,89,92,99" machi="92" ten="40,8000,1" yaku="25,2,8,1,54,2" doraHai="116" who="0" fromWho="3" sc="279,80,217,0,195,0,309,-80" /><INIT seed="7,0,0,3,1,132" ten="359,217,195,229" oya="3" hai0="39,62,94,31,128,14,101,107,28,72,71,98,13" hai1="83,63,16,50,117,80,112,34,70,108,121,12,92" hai2="122,82,15,64,48,75,78,73,86,49,104,42,133" hai3="57,0,7,44,115,129,135,19,8,96,88,76,126"/><W93/><G76/><T123/><D72/><U47/><E34/><V113/><F104/><W97/><G129/><T33/><D39/><U106/><E106/><V43/><F122/><W25/><G115/><T11/><D123/><U68/><E108/><V56/><F113/><W130/><G130/><T51/><D128/><U60/><E70/><V3/><F133/><W125/><G44/><T110/><D110/><U10/><E112/><V17/><F3/><W29/><G135/><T81/><D33/><U54/><E121/><V18/><F73/><W74/><G74/><T59/><D107/><U91/><E117/><V58/><F75/><W30/><G96/><T65/><D81/><N who="1" m="31307" /><E68/><V77/><F64/><W53/><G19/><T36/><D36/><U111/><E111/><V21/><F77/><W23/><REACH who="3" step="1"/><G29/><REACH who="3" ten="359,217,195,219" step="2"/><T79/><D79/><U27/><E27/><V119/><F119/><W103/><G103/><T4/><D31/><U66/><E66/><V85/><F85/><AGARI ba="0,1" hai="10,12,16,47,50,54,60,63,85,91,92" m="31307" machi="85" ten="30,2000,0" yaku="8,1,54,1" doraHai="132" who="1" fromWho="2" sc="359,0,217,30,195,-20,219,0" owari="359,45.0,247,5.0,175,-32.0,219,-18.0" /></mjloggm>