<mjloggm ver="2.3"><GO type="169" lobby="0"/><UN n0="%74%61%6B%65%74%6F%6D%69" n1="%E3%82%A6%E3%83%AB%E3%83%88%E3%83%A9%E7%AB%8B%E7%9B%B4" n2="%E3%81%A1%E3%82%83%E3%81%9D%E2%98%86" n3="%E8%A5%BF%E6%9D%91%E9%9B%84%E4%B8%80%E9%83%8E" dan="16,18,17,16" rate="2083.06,2218.66,2122.61,2110.25" sx="M,M,M,M"/><TAIKYOKU oya="0"/><INIT seed="0,0,0,1,4,86" ten="250,250,250,250" oya="0" hai0="49,88,25,83,15,80,99,92,91,16,21,59,107" hai1="10,125,57,123,128,36,53,1,98,87,40,68,66" hai2="43,6,12,65,14,101,63,48,119,134,13,75,109" hai3="55,26,34,78,89,44,96,133,20,69,82,50,8"/><T41/><D107/><U32/><E32/><V60/><F109/><W33/><G69/><T131/><D131/><U95/><E123/><V67/><F75/><W5/><G133/><T100/><D25/><U22/><E125/><V61/><F119/><W51/><G51/><T97/><D97/><U122/><E122/><V0/><F134/><W72/><G89/><N who="0" m="34379" /><D59/><U84/><E95/><V108/><F108/><W31/><G96/><T127/><D127/><U17/><E87/><V39/><F39/><W62/><G62/><T73/><D73/><U9/><E84/><V121/><F63/><W42/><G55/><T29/><D29/><U132/><E98/><V126/><F61/><W130/><G130/><T85/><D85/><U104/><E104/><V52/><F60/><W4/><G34/><T110/><D110/><U113/><E68/><V105/><F52/><W79/><G33/><T116/><D116/><U18/><E53/><V115/><F126/><W2/><G78/><T64/><D64/><U112/><E66/><V117/><F117/><W70/><G70/><T129/><D129/><U90/><E57/><V76/><F121/><W124/><G124/><T111/><D111/><U135/><E128/><V81/><F67/><W114/><G114/><T28/><D28/><U38/><E113/><V94/><F65/><W27/><G27/><T46/><AGARI ba="0,0" hai="15,16,21,41,46,49,80,83,92,99,100" m="34379" machi="46" ten="30,18000,2" yaku="8,1,52,3,54,2" doraHai="86" who="0" fromWho="0" sc="250,180,250,-60,250,-60,250,-60" /><INIT seed="0,1,0,3,5,70" ten="430,190,190,190" oya="0" hai0="53,93,22,63,94,107,117,29,61,44,24,130,101" hai1="132,46,23,88,128,131,84,56,40,66,99,87,95" hai2="83,4,51,57,11,52,111,80,113,25,18,86,60" hai3="50,108,114,6,77,54,115,65,129,43,5,62,17"/><T3/><D3/><U0/><E0/><V64/><F111/><W36/><G108/><T15/><D117/><U134/><E23/><V122/><F122/><W8/><G77/><T125/><D130/><N who="1" m="49707" /><E56/><V67/><F113/><W10/><G17/><T76/><D125/><U2/><E66/><V30/><F18/><W33/><G33/><T104/><D63/><U34/><E34/><V103/><F103/><W1/><G129/><T35/><D76/><U45/><E45/><V106/><F106/><W31/><G31/><T98/><D104/><U13/><E13/><V121/><F121/><W79/><G79/><T75/><D75/><U81/><E2/><V28/><F67/><W74/><G74/><T19/><D61/><U133/><E81/><V55/><F83/><W37/><G43/><T135/><D135/><U58/><E58/><N who="2" m="33055" /><F64/><W73/><G73/><T78/><D78/><U20/><E20/><V9/><F25/><W105/><G65/><T89/><D89/><U109/><E109/><V41/><F41/><W59/><G62/><T123/><D123/><U126/><E126/><V119/><F119/><W21/><G21/><T16/><D19/><U92/><E92/><V27/><F60/><W91/><G91/><T38/><REACH who="0" step="1"/><D53/><REACH who="0" ten="420,190,190,190" step="2"/><U12/><E12/><V32/><F55/><W47/><G105/><T127/><D127/><U71/><E71/><V39/><F30/><W48/><G59/><T112/><D112/><U49/><AGARI ba="1,1" hai="40,46,49,84,87,88,95,99,132,133,134" m="49707" machi="49" ten="40,5200,0" yaku="20,1,19,1,54,1" doraHai="70" who="1" fromWho="1" sc="420,-27,190,65,190,-14,190,-14" /><INIT seed="1,0,0,4,0,16" ten="393,255,176,176" oya="1" hai0="115,86,3,50,105,120,98,26,109,22,89,133,58" hai1="108,101,44,32,25,10,27,35,83,68,52,84,131" hai2="49,39,31,17,75,130,5,13,45,103,92,102,90" hai3="34,132,78,41,100,29,2,66,71,117,19,82,0"/><U53/><E68/><V72/><F39/><W87/><G132/><T37/><D37/><U118/><E118/><V23/><F130/><W57/><G117/><T77/><D3/><U126/><E131/><V125/><F125/><W48/><G100/><T64/><D115/><U24/><E126/><V124/><F124/><W65/><G71/><T61/><D133/><U76/><E108/><V97/><F5/><W30/><G0/><T38/><D38/><U9/><E101/><V111/><F111/><W18/><G2/><T14/><D105/><U129/><E129/><V121/><F121/><W69/><G69/><T63/><D120/><U33/><REACH who="1" step="1"/><E44/><REACH who="1" ten="393,245,176,176" step="2"/><V12/><F103/><W112/><G112/><T96/><D109/><U74/><E74/><V119/><F75/><W104/><G104/><T43/><D77/><U79/><E79/><V80/><F72/><W123/><G123/><T1/><D1/><U73/><E73/><V106/><F106/><W107/><G107/><T15/><D96/><U70/><E70/><V28/><F119/><W6/><G78/><T60/><D98/><U127/><E127/><V4/><F102/><W54/><G34/><T47/><D64/><U110/><E110/><V81/><F97/><W88/><G66/><T40/><D58/><U67/><E67/><V113/><F113/><W51/><G65/><T85/><D89/><U11/><AGARI ba="0,1" hai="9,10,11,24,25,27,32,33,35,52,53,76,83,84" machi="11" ten="40,12000,1" yaku="1,1,0,1,29,2,54,1,53,0" doraHai="16" doraHaiUra="94" who="1" fromWho="1" sc="393,-40,245,130,176,-40,176,-40" /><INIT seed="1,1,0,5,3,109" ten="353,375,136,136" oya="1" hai0="59,64,13,52,31,73,107,117,50,114,45,1,80" hai1="26,87,88,11,36,56,134,123,0,119,100,60,129" hai2="72,32,98,91,21,23,115,128,10,54,118,121,35" hai3="79,77,58,34,15,61,126,82,16,30,38,37,33"/><U18/><E123/><V110/><F110/><W102/><G126/><T17/><D1/><U132/><E119/><V2/><F121/><W5/><G102/><T111/><D111/><U74/><E36/><V125/><F72/><W116/><G116/><T27/><D107/><U97/><E74/><V76/><F76/><W133/><G133/><N who="1" m="51306" /><E129/><V20/><F118/><W70/><G70/><T90/><D117/><U43/><E43/><V92/><F128/><W81/><G5/><T99/><D73/><U6/><E18/><V55/><F125/><W57/><G61/><T42/><D64/><U12/><E26/><V130/><F130/><W44/><G44/><T62/><D114/><U22/><E22/><V7/><REACH who="2" step="1"/><F115/><REACH who="2" ten="353,375,126,136" step="2"/><W3/><G77/><T69/><D69/><U29/><E0/><V96/><F96/><W46/><G3/><T84/><D99/><U65/><E97/><V131/><F131/><W28/><G79/><T112/><D112/><U86/><E86/><V135/><F135/><W105/><G105/><T66/><D42/><U122/><E122/><V47/><F47/><W39/><G46/><T68/><D68/><U63/><E87/><V40/><F40/><W67/><G34/><AGARI ba="1,1" hai="2,7,10,20,21,23,32,34,35,54,55,91,92,98" machi="34" ten="40,1300,0" yaku="1,1,53,0" doraHai="109" doraHaiUra="124" who="2" fromWho="3" sc="353,0,375,0,126,26,136,-16" /><INIT seed="2,0,0,1,1,66" ten="353,375,152,120" oya="2" hai0="41,82,85,3,108,96,60,133,120,39,95,90,7" hai1="75,111,86,1,101,65,38,11,50,135,77,10,61" hai2="93,29,92,42,18,22,40,63,109,128,110,23,20" hai3="71,102,9,76,80,16,46,19,58,27,68,2,48"/><V33/><F63/><W78/><G102/><T56/><D120/><U62/><E38/><V106/><F106/><W127/><G58/><T32/><D32/><U34/><E75/><V0/><F18/><W100/><G100/><T8/><D133/><U53/><E34/><V130/><F0/><W113/><G113/><T47/><D108/><N who="2" m="41578" /><F29/><W117/><G117/><T44/><D44/><U74/><E1/><V57/><F57/><W25/><G127/><T131/><D131/><N who="2" m="50218" /><F33/><W129/><G129/><T72/><D72/><U125/><E62/><V69/><F69/><W21/><G2/><T26/><D26/><U134/><E61/><V4/><F4/><W45/><G9/><T88/><D60/><U121/><E10/><V81/><F81/><W14/><G14/><T12/><D56/><U132/><E11/><V98/><F98/><W13/><G13/><T49/><D3/><U119/><E111/><V52/><F52/><W104/><G104/><T107/><D107/><U51/><E53/><V116/><F116/><W91/><G80/><T94/><D82/><U67/><E119/><V89/><F89/><W17/><G91/><T36/><AGARI ba="0,0" hai="7,8,12,36,39,41,47,49,85,88,90,94,95,96" machi="36" ten="30,2000,0" yaku="0,1,54,1" doraHai="66" who="0" fromWho="0" sc="353,20,375,-5,152,-10,120,-5" /><INIT seed="3,0,0,4,5,125" ten="373,370,142,115" oya="3" hai0="70,68,112,127,81,74,77,43,7,46,1,76,93" hai1="111,6,41,22,108,59,104,35,31,53,126,17,20" hai2="18,3,106,32,118,64,69,2,72,66,26,120,131" hai3="13,54,75,89,124,47,73,48,30,45,83,105,4"/><W117/><G124/><T119/><D119/><U135/><E104/><V29/><F118/><W94/><G105/><T95/><D112/><U103/><E35/><V19/><F106/><W114/><G114/><T56/><D127/><U58/><E126/><V27/><F72/><W14/><G117/><T44/><D44/><U36/><E6/><V123/><F69/><W67/><G67/><N who="2" m="25641" /><F131/><W91/><G30/><T5/><D56/><U109/><E59/><V71/><F71/><W38/><G4/><T60/><D60/><U132/><E103/><V115/><F115/><W23/><G23/><T110/><D77/><U62/><E31/><V51/><F51/><W101/><G101/><T63/><D63/><U52/><E53/><V34/><F34/><W134/><G134/><N who="1" m="51242" /><E17/><N who="2" m="6155" /><F29/><W82/><G94/><T37/><D7/><U50/><E50/><V42/><F42/><W96/><G48/><T88/><D93/><U129/><E129/><V84/><F84/><W90/><G54/><T65/><D65/><U25/><E25/><N who="2" m="9227" /><F32/><W86/><G86/><N who="0" m="52631" /><D70/><U10/><E10/><V61/><F61/><W121/><G73/><T98/><D68/><U49/><E49/><V0/><AGARI ba="0,0" hai="0,2,3,120,123" m="9227,6155,25641" machi="0" ten="40,2700,0" yaku="28,2" doraHai="125" who="2" fromWho="2" sc="373,-7,370,-7,142,27,115,-13" /><INIT seed="4,0,0,3,1,104" ten="366,363,169,102" oya="0" hai0="2,29,4,129,66,17,16,33,121,49,112,85,88" hai1="91,36,10,101,0,75,95,109,108,27,124,61,127" hai2="43,31,60,80,122,113,54,35,118,5,7,128,32" hai3="114,47,123,72,63,115,134,62,39,18,12,92,76"/><T57/><D121/><U90/><E36/><V67/><F122/><W99/><G123/><T59/><D129/><U68/><E27/><V117/><F43/><W1/><G1/><T51/><D112/><N who="3" m="43049" /><G134/><T13/><D2/><U79/><E61/><V86/><F113/><W45/><G63/><T93/><D29/><U116/><E68/><V119/><F54/><W100/><G39/><T41/><D33/><N who="2" m="12874" /><F31/><W25/><G25/><T64/><D4/><U132/><E10/><V65/><F128/><W78/><G62/><T52/><D17/><U107/><E0/><V70/><F67/><W131/><G131/><T82/><D93/><U20/><E20/><V84/><F84/><W111/><G111/><T135/><D135/><U50/><E50/><V21/><F21/><N who="3" m="11463" /><G78/><AGARI ba="0,0" hai="5,7,60,65,70,78,80,86,117,118,119" m="12874" machi="78" ten="40,1300,0" yaku="12,1" doraHai="104" who="2" fromWho="3" sc="366,0,363,0,169,13,102,-13" /><INIT seed="5,0,0,4,4,68" ten="366,363,182,89" oya="1" hai0="86,50,94,126,7,37,65,97,114,44,109,22,18" hai1="3,96,87,99,61,110,81,2,80,55,73,128,4" hai2="0,134,25,19,35,113,106,69,62,5,74,32,78" hai3="16,83,79,119,6,121,91,42,116,89,133,30,64"/><U131/><E73/><V40/><F106/><W85/><G121/><T127/><D109/><U43/><E43/><V88/><F35/><W124/><G30/><T125/><D114/><U10/><E2/><V59/><F69/><W53/><G6/><T72/><D72/><U14/><E3/><V117/><F117/><N who="3" m="45131" /><G64/><T123/><D65/><U51/><E61/><V56/><F62/><W120/><G120/><T100/><D7/><U118/><E81/><V34/><F5/><W33/><G33/><T13/><D86/><U24/><E24/><V17/><F0/><W108/><G108/><T54/><D123/><U52/><E55/><V102/><F34/><W75/><G133/><T31/><D31/><U93/><E110/><V98/><F32/><W46/><G124/><T36/><AGARI ba="0,0" hai="13,18,22,36,37,44,50,54,94,97,100,125,126,127" machi="36" ten="40,8000,1" yaku="0,1,18,1,52,2" doraHai="68" who="0" fromWho="0" sc="366,80,363,-40,182,-20,89,-20" /><INIT seed="6,0,0,5,4,91" ten="446,323,162,69" oya="2" hai0="96,84,14,133,36,35,116,95,123,26,47,100,10" hai1="62,86,1,126,83,66,11,78,94,98,0,67,9" hai2="51,20,3,56,12,8,22,77,80,111,70,120,53" hai3="61,40,13,65,124,106,7,87,43,6,57,41,28"/><V119/><F120/><W72/><G72/><T130/><D133/><U25/><E126/><V135/><F135/><W45/><G106/><T4/><D130/><U76/><E76/><V122/><F119/><W5/><G124/><T90/><D116/><U42/><E42/><V68/><F122/><W81/><G28/><T29/><D123/><U107/><E107/><V97/><F111/><W129/><G129/><T112/><D112/><U58/><E25/><V85/><F3/><W63/><G63/><T27/><D27/><U54/><E0/><V127/><F127/><W31/><G31/><T132/><D132/><U108/><E108/><V105/><F68/><W109/><G109/><T71/><D71/><U128/><E128/><V30/><F70/><W131/><G131/><T73/><D73/><U60/><E1/><V74/><F30/><W93/><G13/><T59/><D59/><N who="1" m="37215" /><E54/><V33/><F33/><W48/><REACH who="3" step="1"/><G93/><REACH who="3" ten="446,323,162,59" step="2"/><T52/><D36/><U16/><E94/><V15/><F15/><W37/><G37/><T118/><D118/><U64/><E60/><V44/><F74/><W99/><G99/><T113/><D113/><U101/><E98/><V46/><F97/><W102/><G102/><T21/><D35/><U110/><E101/><V125/><F105/><W115/><G115/><T32/><D32/><U121/><E110/><V23/><F125/><W103/><G103/><T17/><D100/><U104/><E104/><V24/><F24/><W134/><G134/><T82/><D96/><U18/><E121/><V114/><F12/><W50/><G50/><N who="0" m="28767" /><D29/><U49/><E49/><RYUUKYOKU ba="0,1" sc="446,15,323,-15,162,-15,59,15" hai0="4,10,14,17,21,26,82,84,90,95" hai3="5,6,7,40,41,43,45,48,57,61,65,81,87" /><INIT seed="7,1,1,1,4,14" ten="461,308,147,74" oya="3" hai0="46,21,99,33,1,5,108,95,76,68,67,2,82" hai1="120,58,79,98,92,132,42,54,110,62,106,18,16" hai2="123,78,119,27,111,57,105,53,23,12,15,29,94" hai3="121,101,96,133,8,117,48,40,115,130,134,9,35"/><W36/><G117/><T126/><D126/><U45/><E106/><V30/><F105/><W10/><G121/><T109/><D33/><U22/><E110/><V114/><F119/><W3/><G115/><T55/><D2/><U37/><E132/><N who="3" m="50794" /><G35/><T26/><D5/><U60/><E120/><V70/><F111/><W84/><G130/><T125/><D1/><U93/><E79/><V83/><F114/><W51/><G3/><T112/><D125/><U28/><E92/><V72/><F123/><W17/><G84/><T66/><D112/><U135/><E135/><V75/><F75/><W20/><G36/><T89/><D68/><U63/><E28/><V0/><F0/><W104/><G40/><T52/><D109/><U25/><E18/><V113/><F113/><W100/><G101/><AGARI ba="1,1" hai="16,22,25,37,42,45,54,58,60,62,63,93,98,101" machi="101" ten="30,3900,0" yaku="7,1,52,1,54,1" doraHai="14" who="1" fromWho="3" sc="461,0,308,52,147,0,74,-42" owari="461,56.0,360,16.0,147,-25.0,32,-47.0" /></mjloggm>