<mjloggm ver="2.3"><GO type="97" lobby="0"/><UN n0="%E3%83%88%E3%83%88%E3%83%AA%E5%85%88%E7%94%9F%31%39%E6%AD%B3" n1="%6D%75%6B%65%6D%69%6E%67" n2="%67%61%63%68%61%30%30" n3="%E3%82%B2%E3%82%A4%E3%83%96%E3%83%AA%E3%82%A8%E3%83%AB" dan="15,13,13,14" rate="2012.60,1875.22,1857.90,1904.14" sx="F,M,M,M"/><TAIKYOKU oya="0"/><INIT seed="0,0,0,3,4,132" ten="250,250,250,250" oya="0" hai0="118,40,105,24,87,11,38,65,73,83,103,117,129" hai1="131,59,71,15,72,104,33,25,125,66,62,55,74" hai2="22,9,5,14,50,29,13,108,51,120,52,130,10" hai3="42,98,85,122,126,110,0,123,76,82,27,84,12"/><T4/><D73/><U64/><E125/><V109/><F120/><W39/><G0/><T2/><D129/><U56/><E131/><V124/><F130/><W1/><G1/><T54/><D65/><U115/><E115/><V86/><F86/><W53/><G39/><T67/><D67/><U20/><E66/><V58/><F124/><W6/><G42/><T37/><D105/><U135/><E135/><V88/><F88/><W46/><G126/><T114/><D103/><U119/><E119/><V134/><F134/><W47/><G110/><N who="2" m="42601" /><F29/><W68/><G68/><T28/><D114/><U44/><E104/><V63/><F22/><W48/><G98/><T78/><D54/><U3/><E3/><V45/><F45/><W92/><G46/><T26/><D26/><U21/><E59/><V8/><F8/><W89/><REACH who="3" step="1"/><G27/><REACH who="3" ten="250,250,250,240" step="2"/><T32/><REACH who="0" step="1"/><D40/><REACH who="0" ten="240,250,250,240" step="2"/><U7/><E25/><V81/><F81/><W69/><G69/><T127/><D127/><U102/><E71/><V57/><F57/><W101/><G101/><T96/><D96/><U77/><E102/><V107/><F107/><W133/><G133/><T91/><D91/><U36/><E56/><V128/><F128/><W17/><G17/><AGARI ba="0,2" hai="5,9,10,13,14,17,50,51,52,58,63" m="42601" machi="17" ten="30,2000,0" yaku="14,1,54,1" doraHai="132" who="2" fromWho="3" sc="240,0,250,0,250,40,240,-20" /><INIT seed="1,0,0,3,1,0" ten="240,250,290,220" oya="1" hai0="89,93,104,65,97,126,75,32,35,60,27,84,98" hai1="78,16,110,81,40,26,31,120,91,22,118,45,94" hai2="90,12,117,5,56,109,41,44,39,128,129,68,25" hai3="125,14,119,127,2,102,95,11,131,3,15,80,83"/><U96/><E120/><V50/><F117/><W108/><G108/><T74/><D126/><U24/><E118/><V112/><F68/><W17/><G119/><T59/><D84/><U121/><E121/><V88/><F25/><W8/><G131/><N who="2" m="50249" /><F109/><W1/><G102/><T82/><D82/><N who="3" m="31273" /><G95/><T107/><D35/><U63/><E63/><V38/><F112/><W105/><G105/><T71/><D59/><U122/><E122/><V132/><F132/><W86/><G86/><T106/><REACH who="0" step="1"/><D98/><REACH who="0" ten="230,250,290,220" step="2"/><U47/><E110/><V79/><F56/><W10/><G17/><T113/><D113/><U4/><E78/><V18/><F79/><W115/><G115/><T101/><D101/><U130/><E81/><V76/><F76/><W13/><AGARI ba="0,1" hai="1,2,3,8,10,11,13,14,15,125,127" m="31273" machi="13" ten="50,8000,1" yaku="29,2,28,2" doraHai="0" who="3" fromWho="3" sc="230,-20,250,-40,290,-20,220,90" /><INIT seed="2,0,0,0,3,72" ten="210,210,270,310" oya="2" hai0="34,70,103,86,74,130,121,90,123,84,46,15,135" hai1="54,65,119,128,10,19,106,14,122,120,92,27,77" hai2="61,13,76,95,69,89,49,83,101,28,127,107,108" hai3="63,29,99,26,53,66,94,129,125,134,21,96,115"/><V64/><F28/><W22/><G134/><T110/><D34/><U45/><E119/><V62/><F127/><W116/><G116/><T85/><D70/><U73/><E106/><V18/><F108/><W97/><G129/><T11/><D74/><U9/><E128/><V0/><F0/><W109/><G109/><T102/><D130/><U80/><E65/><V132/><F132/><W25/><G125/><T133/><D110/><U88/><E27/><V57/><F49/><W41/><G41/><T5/><D133/><U113/><E113/><V58/><F107/><W23/><G115/><T39/><D135/><U79/><E79/><V32/><F32/><W43/><G43/><T105/><D105/><U7/><E54/><V112/><F112/><W126/><G126/><T78/><D39/><U3/><REACH who="1" step="1"/><E45/><REACH who="1" ten="210,200,270,310" step="2"/><V48/><F64/><W8/><G53/><T59/><D46/><U56/><E56/><V42/><F76/><W131/><G131/><T91/><D78/><U124/><E124/><V1/><F58/><N who="3" m="37239" /><G26/><T104/><D104/><U2/><E2/><V4/><F57/><W67/><G67/><T12/><D59/><U17/><E17/><V68/><F1/><W30/><G25/><T117/><D117/><U52/><E52/><V33/><F18/><W87/><G29/><T47/><D47/><U55/><E55/><V60/><F68/><W38/><G30/><T6/><D84/><AGARI ba="0,1" hai="3,7,9,10,14,19,73,77,80,84,88,92,120,122" machi="84" ten="40,5200,0" yaku="1,1,52,1,54,1,53,0" doraHai="72" doraHaiUra="20" who="1" fromWho="0" sc="210,-52,200,62,270,0,310,0" /><INIT seed="3,0,0,2,4,2" ten="158,262,270,310" oya="3" hai0="89,63,44,54,100,80,69,64,12,53,132,109,95" hai1="17,75,84,71,107,96,77,30,48,59,79,108,128" hai2="4,130,118,105,35,121,110,61,88,26,91,90,99" hai3="10,126,31,129,52,46,42,58,22,74,112,40,125"/><W133/><G112/><T41/><D109/><U28/><E71/><V6/><F118/><W57/><G74/><T62/><D132/><U18/><E107/><V101/><F110/><W11/><G133/><T98/><D69/><U127/><E75/><V43/><F43/><N who="3" m="16427" /><G129/><T81/><D64/><U9/><E108/><V47/><F130/><W120/><G120/><T67/><D67/><U72/><E72/><V1/><F121/><W85/><G85/><T94/><D41/><U55/><E128/><V13/><F61/><N who="3" m="36007" /><G46/><T60/><D44/><U103/><E127/><N who="3" m="48650" /><G58/><T32/><D32/><U119/><E119/><V124/><F124/><W65/><G65/><T70/><D70/><U102/><E84/><V34/><F47/><W50/><G50/><T21/><D54/><U7/><E103/><V37/><F26/><AGARI ba="0,0" hai="10,11,22,26,31" m="48650,36007,16427" machi="26" ten="30,2900,0" yaku="18,1,54,1" doraHai="2" who="3" fromWho="2" sc="158,0,262,0,270,-29,310,29" owari="158,-34.0,262,6.0,241,-16.0,339,44.0" /></mjloggm>