<mjloggm ver="2.3"><GO type="169" lobby="0"/><UN n0="%74%61%74%73%75%37%30%32" n1="%E3%81%8D%E3%81%97%E3%82%8A%E3%81%A3%E3%81%97%E3%82%85" n2="%E3%81%A9%E3%81%B0%E3%81%A8%E3%81%A1%E3%82%83%E3%82%93" n3="%E3%82%A6%E3%83%AB%E3%83%88%E3%83%A9%E7%AB%8B%E7%9B%B4" dan="16,16,17,17" rate="2154.20,2024.55,2098.12,2169.64" sx="M,M,F,M"/><TAIKYOKU oya="0"/><INIT seed="0,0,0,1,5,6" ten="250,250,250,250" oya="0" hai0="116,38,69,19,8,31,76,133,79,135,39,41,34" hai1="43,25,90,53,37,15,77,51,12,132,27,87,120" hai2="99,85,23,82,100,134,18,128,83,45,131,126,110" hai3="78,48,70,2,33,62,98,47,1,75,89,96,28"/><T36/><D69/><U130/><E77/><N who="0" m="29769" /><D31/><U94/><E37/><N who="0" m="14441" /><D34/><U59/><E43/><V119/><F119/><W63/><G28/><T5/><N who="0" m="14449" /><T73/><DORA hai="21" /><D41/><U81/><E120/><V102/><F23/><W0/><G78/><T97/><D97/><U29/><E29/><V46/><F18/><W108/><G33/><T50/><D50/><U127/><E51/><V17/><F17/><W115/><G70/><T54/><D54/><U14/><E53/><V105/><F99/><W56/><G98/><T124/><D19/><U68/><E68/><V52/><F52/><W60/><G96/><T121/><D121/><U22/><E14/><V111/><F45/><W11/><G0/><N who="0" m="39" /><D73/><U74/><E12/><V67/><F46/><W26/><G75/><T61/><D61/><U84/><E15/><V122/><F122/><W7/><G1/><T86/><D86/><U109/><E87/><V55/><F85/><W80/><G89/><T42/><D42/><U123/><E123/><V129/><F55/><W93/><G62/><T49/><D49/><U104/><E74/><V91/><F91/><W125/><G60/><T118/><D124/><U40/><E127/><V107/><F126/><W64/><G125/><T95/><D95/><U71/><E94/><V112/><F129/><W66/><G93/><T32/><D32/><U114/><E130/><V4/><F131/><W24/><G66/><T72/><D72/><U20/><E71/><V58/><F128/><W88/><G64/><T13/><D13/><U106/><E84/><V92/><F67/><W30/><G48/><RYUUKYOKU ba="0,0" sc="250,30,250,-10,250,-10,250,-10" hai0="116,118,133,135" /><INIT seed="0,1,0,0,4,108" ten="280,240,240,240" oya="0" hai0="131,50,115,82,17,128,49,57,34,11,5,114,124" hai1="80,4,65,125,3,133,26,74,81,48,31,88,120" hai2="129,96,0,101,14,18,9,40,44,35,127,12,99" hai3="102,1,7,63,116,78,121,118,30,55,36,72,39"/><T38/><D38/><U75/><E120/><V25/><F127/><W98/><G55/><N who="0" m="31983" /><D34/><U43/><E65/><V111/><F111/><W16/><G63/><T77/><D124/><U132/><E125/><V45/><F129/><N who="0" m="49738" /><D17/><U123/><E123/><V15/><F99/><W73/><G16/><T90/><D90/><U2/><E4/><V6/><F40/><W71/><G121/><T76/><D50/><U106/><E48/><V53/><F53/><W28/><G28/><T94/><D94/><U93/><E43/><V130/><F130/><W89/><G30/><T22/><D22/><U69/><E106/><V41/><F41/><W27/><G89/><T19/><D19/><U83/><E93/><V113/><F35/><W23/><G39/><T126/><D126/><U47/><E88/><V61/><F18/><W104/><G36/><T67/><D67/><U91/><E91/><V62/><F62/><W24/><G23/><T66/><D66/><U87/><E31/><V58/><F61/><W95/><G95/><T64/><D64/><U32/><E32/><V8/><F8/><N who="3" m="2159" /><G24/><T117/><D117/><N who="3" m="45161" /><G27/><T103/><D103/><U10/><E26/><V60/><F25/><W134/><G71/><T97/><D97/><U70/><E69/><V92/><F60/><W13/><G78/><N who="0" m="30315" /><D82/><U37/><E81/><V46/><REACH who="2" step="1"/><F58/><REACH who="2" ten="280,240,230,240" step="2"/><W119/><G119/><T110/><D110/><U33/><E70/><V105/><F105/><W107/><G107/><T29/><D29/><U86/><E33/><V56/><F56/><W54/><G104/><T20/><D20/><U68/><E68/><RYUUKYOKU ba="1,1" sc="280,15,240,-15,230,15,240,-15" hai0="5,11,114,115" hai2="0,6,9,12,14,15,44,45,46,92,96,101,113" /><INIT seed="0,2,1,2,0,65" ten="295,225,245,225" oya="0" hai0="4,10,129,113,68,16,9,122,117,11,58,7,101" hai1="78,123,45,42,93,54,28,24,1,49,128,46,81" hai2="121,41,69,66,8,119,40,71,104,74,125,87,6" hai3="34,116,19,115,15,77,132,135,82,31,53,44,99"/><T23/><D68/><U63/><E123/><V83/><F121/><W97/><G116/><T37/><D37/><U12/><E1/><V30/><F119/><W35/><G115/><T130/><D117/><U96/><E128/><N who="0" m="49257" /><D122/><U79/><E12/><V100/><F74/><W20/><G99/><T33/><D101/><U48/><E63/><V134/><F125/><W120/><G97/><T90/><D90/><U32/><REACH who="1" step="1"/><E81/><REACH who="1" ten="295,215,245,225" step="2"/><V0/><F83/><W2/><G2/><T26/><D113/><U103/><AGARI ba="2,2" hai="24,28,32,42,45,46,48,49,54,78,79,93,96,103" machi="103" ten="20,5200,0" yaku="1,1,2,1,0,1,7,1,53,0" doraHai="65" doraHaiUra="133" who="1" fromWho="1" sc="295,-28,215,78,245,-15,225,-15" /><INIT seed="1,0,0,3,5,37" ten="267,293,230,210" oya="1" hai0="28,115,116,48,78,26,50,12,2,80,52,131,18" hai1="87,7,112,128,9,113,6,23,16,38,34,130,31" hai2="1,5,135,10,61,70,13,90,15,60,103,65,127" hai3="66,75,122,134,51,68,94,89,119,132,102,76,85"/><U21/><E38/><V110/><F110/><W11/><G66/><T24/><D116/><U117/><E117/><V81/><F103/><W33/><G68/><T22/><D115/><N who="1" m="44107" /><E87/><V54/><F127/><W99/><G11/><T106/><D131/><N who="1" m="50219" /><E34/><V97/><F135/><N who="3" m="51755" /><G51/><T57/><D106/><U118/><E118/><V36/><F36/><W93/><G33/><T14/><D2/><U32/><E32/><V44/><F81/><N who="3" m="45215" /><G119/><T88/><D78/><U47/><E47/><V125/><F125/><W29/><G29/><T40/><D28/><U96/><E96/><V35/><F35/><W17/><G17/><T91/><D26/><N who="1" m="16863" /><E9/><V121/><F44/><W63/><G63/><T123/><D123/><AGARI ba="0,0" hai="85,89,93,94,99,102,122,123" m="45215,51755" machi="123" ten="30,3900,0" yaku="20,1,34,2" doraHai="37" who="3" fromWho="0" sc="267,-39,293,0,230,0,210,39" /><INIT seed="2,0,0,2,5,99" ten="228,293,230,249" oya="2" hai0="68,89,108,41,111,123,53,29,51,117,75,40,42" hai1="106,15,12,5,69,34,67,8,94,121,7,133,3" hai2="0,110,120,78,61,31,122,33,119,65,32,104,87" hai3="124,44,92,130,98,71,20,95,102,112,88,113,6"/><V134/><F119/><W49/><G71/><T50/><D75/><U58/><E106/><V27/><F134/><W37/><G37/><T73/><D73/><U47/><E69/><V81/><F0/><W115/><G6/><T132/><D29/><U97/><E34/><V25/><F110/><N who="0" m="42026" /><D89/><U28/><E28/><V2/><F2/><W90/><G124/><T74/><D74/><U105/><E133/><V13/><F13/><W14/><G130/><T129/><D132/><U60/><E121/><V10/><F10/><W70/><G70/><T59/><D123/><U76/><E76/><V46/><F104/><W107/><G107/><T57/><D68/><U100/><E5/><V56/><F46/><W66/><G66/><T114/><D129/><U116/><E116/><V77/><F77/><W4/><G92/><T103/><D103/><U52/><E105/><V79/><F79/><W18/><REACH who="3" step="1"/><G4/><REACH who="3" ten="228,293,230,239" step="2"/><T62/><D117/><U16/><E3/><V109/><F109/><W64/><G64/><N who="0" m="38991" /><D114/><U125/><E125/><V17/><F122/><W23/><G23/><T9/><D9/><N who="1" m="6255" /><E67/><V80/><F120/><W118/><G118/><T24/><D24/><U43/><E7/><V93/><F32/><W36/><G36/><T101/><D101/><U21/><E8/><V19/><F27/><W96/><G96/><T84/><D84/><U83/><E21/><V45/><F93/><W1/><G1/><T30/><D30/><U55/><E94/><V26/><F26/><W22/><G22/><T11/><D11/><U85/><E85/><V38/><F81/><W131/><G131/><RYUUKYOKU ba="0,1" sc="228,10,293,-30,230,10,239,10" hai0="40,41,42,50,51,53,59" hai2="17,19,25,31,33,38,45,56,61,65,78,80,87" hai3="14,18,20,44,49,88,90,95,98,102,112,113,115" /><INIT seed="2,1,1,4,0,38" ten="238,263,240,249" oya="2" hai0="68,110,84,97,23,83,74,62,47,7,15,60,56" hai1="126,69,57,128,41,63,4,52,14,117,21,127,118" hai2="77,3,67,111,125,35,9,113,13,93,54,101,133" hai3="5,58,30,70,73,17,42,36,105,99,106,108,39"/><V81/><F113/><W18/><G70/><T6/><D110/><U96/><E4/><N who="0" m="1577" /><D74/><U103/><E14/><V120/><F3/><W78/><G5/><T65/><D68/><U91/><E91/><V11/><F120/><W19/><G108/><T88/><D62/><U129/><E21/><V79/><F35/><W71/><G71/><T76/><D47/><U72/><E72/><V0/><F67/><W8/><G8/><T82/><D97/><U109/><E109/><V33/><F0/><W89/><G39/><T61/><D60/><U112/><E112/><V85/><F33/><W80/><G58/><T122/><D122/><U51/><E69/><V64/><F64/><W29/><G106/><T16/><D76/><U124/><E96/><V123/><F79/><W20/><G20/><T94/><AGARI ba="1,1" hai="15,16,23,56,61,65,82,83,84,88,94" m="1577" machi="94" ten="30,4000,0" yaku="8,1,54,2" doraHai="38" who="0" fromWho="0" sc="238,53,263,-11,240,-21,249,-11" /><INIT seed="3,0,0,4,3,129" ten="291,252,219,238" oya="3" hai0="94,135,134,41,101,21,105,89,77,45,96,97,92" hai1="47,123,118,72,4,80,64,16,74,93,78,133,113" hai2="53,98,109,103,7,63,83,42,39,6,40,44,58" hai3="51,128,0,62,57,5,115,20,56,55,61,86,69"/><W14/><G115/><T50/><D77/><U49/><E123/><V24/><F109/><W106/><G128/><T65/><D65/><U95/><E113/><V130/><F130/><W54/><G106/><T27/><REACH who="0" step="1"/><D105/><REACH who="0" ten="281,252,219,238" step="2"/><U75/><E64/><V112/><F112/><W125/><G125/><T1/><D1/><U10/><E78/><V22/><F42/><W70/><G0/><T33/><D33/><U126/><E126/><V76/><F76/><W91/><G69/><T43/><D43/><U15/><E74/><V107/><REACH who="2" step="1"/><F83/><REACH who="2" ten="281,252,209,238" step="2"/><N who="3" m="49631" /><G70/><T124/><D124/><U26/><E80/><V34/><F34/><W46/><G55/><T32/><D32/><U25/><E75/><V119/><F119/><W132/><G54/><T48/><D48/><U17/><E72/><V85/><F85/><W114/><G51/><T38/><D38/><U67/><E118/><V81/><F81/><W9/><G114/><T111/><D111/><U11/><E49/><V116/><F116/><W29/><G61/><T108/><D108/><U37/><E37/><V59/><F59/><W8/><G62/><T30/><AGARI ba="0,2" hai="21,27,30,41,45,50,89,92,94,96,97,101,134,135" machi="30" ten="30,8000,1" yaku="1,1,0,1,52,2,53,1" doraHai="129" doraHaiUra="23" who="0" fromWho="0" sc="281,100,252,-20,209,-20,238,-40" /><INIT seed="4,0,0,4,1,81" ten="381,232,189,198" oya="0" hai0="20,87,7,134,99,70,65,60,90,37,101,71,78" hai1="95,132,53,83,89,108,52,10,51,125,36,118,43" hai2="122,24,111,130,38,76,2,64,121,55,128,32,42" hai3="79,96,9,18,124,120,129,14,103,23,74,11,135"/><T109/><D37/><U26/><E118/><V80/><F2/><W57/><G124/><T54/><D78/><U50/><E108/><V62/><F111/><W82/><G129/><N who="2" m="49769" /><F32/><W105/><G135/><T67/><D134/><U92/><E132/><V35/><F35/><W4/><G120/><T91/><D109/><U15/><E36/><V17/><F24/><W75/><G57/><T19/><D7/><U97/><E26/><V114/><F17/><W115/><G115/><T112/><D91/><U6/><E125/><V131/><N who="2" m="49777" /><V85/><DORA hai="34" /><F55/><W123/><G123/><T59/><D112/><U88/><E83/><V127/><F114/><W25/><REACH who="3" step="1"/><G11/><REACH who="3" ten="381,232,189,188" step="2"/><T44/><D71/><U8/><E8/><V5/><F127/><W21/><G21/><T13/><D70/><U77/><E10/><V1/><F122/><W46/><G46/><T73/><D44/><U0/><E6/><V110/><F121/><W49/><G49/><T84/><D73/><AGARI ba="0,1" hai="4,9,14,18,23,25,73,74,75,79,82,96,103,105" machi="73" ten="30,2000,0" yaku="1,1,7,1,53,0" doraHai="81,34" doraHaiUra="61,45" who="3" fromWho="0" sc="381,-20,232,0,189,0,188,30" /><INIT seed="5,0,0,2,3,98" ten="361,232,189,218" oya="1" hai0="130,22,29,44,72,47,125,134,119,70,50,6,107" hai1="56,80,36,8,63,42,96,15,64,35,26,84,117" hai2="86,88,16,122,68,127,126,13,87,20,4,27,24" hai3="7,112,76,110,25,58,23,101,10,46,62,90,49"/><U60/><E117/><V74/><F122/><W1/><G110/><T59/><D119/><U38/><E42/><V54/><F74/><W43/><G112/><T52/><D72/><U124/><E124/><N who="2" m="47659" /><F68/><W37/><G76/><T131/><D107/><U100/><E60/><V129/><F129/><N who="0" m="49162" /><D70/><U12/><E35/><V108/><F108/><W97/><G90/><T89/><D125/><U2/><E2/><V78/><F4/><W123/><G123/><T61/><D134/><U118/><E26/><V32/><F32/><W0/><G37/><T79/><D79/><U93/><E15/><V34/><F34/><W106/><G10/><T28/><D44/><U53/><E64/><V73/><F73/><W51/><G7/><T57/><D57/><U103/><E118/><V45/><F78/><W128/><G128/><T71/><D71/><U113/><E113/><V11/><F11/><W94/><G106/><T48/><D48/><U121/><E121/><V33/><F33/><W5/><G51/><T21/><D6/><N who="1" m="3095" /><E38/><V18/><F18/><W104/><G5/><T92/><D29/><U14/><E36/><V85/><F88/><W105/><G1/><T3/><D28/><U55/><E84/><V135/><F135/><W120/><G0/><T116/><D116/><U17/><E80/><V133/><F133/><W83/><G83/><T82/><D82/><U99/><E99/><V67/><F67/><N who="3" m="39383" /><G120/><T69/><D69/><U111/><E111/><V91/><F91/><W39/><G39/><T81/><D81/><U115/><E115/><V75/><F75/><W40/><G40/><RYUUKYOKU ba="0,0" sc="361,-15,232,-15,189,15,218,15" hai2="13,16,20,24,27,45,54,85,86,87" hai3="23,25,43,46,49,94,97,101,104,105" /><INIT seed="6,1,0,1,5,6" ten="346,217,204,233" oya="2" hai0="13,94,1,12,81,17,52,51,38,18,77,32,95" hai1="58,64,92,21,93,113,110,55,116,125,96,26,89" hai2="70,3,68,131,37,7,123,75,15,29,91,39,104" hai3="107,50,57,14,20,100,72,35,87,44,48,127,30"/><V71/><F15/><W73/><G35/><T80/><D1/><U11/><E110/><V33/><F91/><W86/><G107/><T78/><D38/><U99/><E116/><V61/><F61/><W2/><G2/><T128/><D32/><U16/><E113/><V109/><F123/><W45/><G100/><T49/><REACH who="0" step="1"/><D52/><REACH who="0" ten="336,217,204,233" step="2"/><U79/><E55/><V134/><F39/><W102/><G48/><T119/><D119/><U10/><E125/><V83/><F37/><W9/><G50/><T53/><D53/><U28/><E64/><V74/><F109/><W60/><G127/><T133/><D133/><U5/><E79/><V67/><F67/><W47/><G47/><T27/><D27/><U84/><E26/><V85/><F134/><W54/><G45/><T34/><D34/><U65/><E65/><V23/><F33/><W63/><G44/><T98/><D98/><U88/><E99/><V42/><F3/><W114/><G63/><T76/><D76/><U40/><E96/><V108/><F108/><W19/><G54/><T117/><D117/><U31/><E40/><V0/><F42/><W135/><G60/><T124/><D124/><U46/><E46/><V82/><F0/><W106/><G135/><T97/><D97/><U66/><E66/><V126/><F126/><W59/><G102/><T22/><D22/><U8/><E58/><N who="3" m="22026" /><G106/><T118/><D118/><U36/><E36/><V4/><F104/><W122/><G122/><T101/><D101/><U69/><E21/><V129/><F71/><W90/><G20/><T115/><D115/><U62/><E69/><RYUUKYOKU ba="1,1" sc="336,30,217,-10,204,-10,233,-10" hai0="12,13,17,18,49,51,77,78,80,81,94,95,128" /><INIT seed="7,2,1,1,3,31" ten="366,207,194,223" oya="3" hai0="35,62,47,131,12,95,19,111,14,3,24,110,82" hai1="73,112,5,115,70,22,105,116,25,46,126,103,16" hai2="125,13,41,53,58,65,51,61,9,124,29,68,32" hai3="66,133,117,121,89,83,18,27,4,134,86,54,37"/><W30/><G37/><T34/><D95/><U11/><E126/><N who="2" m="48747" /><F41/><W63/><G4/><T71/><D82/><U108/><E108/><N who="0" m="41513" /><D62/><U42/><E116/><V107/><F107/><W123/><G18/><T77/><D47/><U43/><E73/><V92/><F92/><W119/><G54/><T74/><D77/><U135/><E135/><N who="3" m="51722" /><G119/><T45/><D74/><U60/><E43/><V94/><F94/><W40/><G40/><T76/><D76/><U98/><E60/><V129/><F129/><W122/><G117/><T84/><D84/><U57/><E57/><V17/><F29/><W36/><G36/><T130/><D71/><U85/><E70/><V49/><F32/><N who="0" m="12330" /><D3/><U109/><E109/><V26/><F26/><W50/><G50/><AGARI ba="2,1" hai="9,13,17,49,50,51,53,58,61,65,68" m="48747" machi="50" ten="30,1000,0" yaku="18,1" doraHai="31" who="2" fromWho="3" sc="366,0,207,0,194,26,223,-16" owari="366,46.0,207,-19.0,220,2.0,207,-29.0" /></mjloggm>