<mjloggm ver="2.3"><GO type="169" lobby="0"/><UN n0="%53%69%6D%6F%6F%6E" n1="%E8%90%BD%E5%90%88" n2="%E3%82%82%E3%82%81%E3%82%93%E3%81%AA%E3%81%A1%E3%82%83%E3%81%84" n3="%E3%82%A6%E3%83%AB%E3%83%88%E3%83%A9%E7%AB%8B%E7%9B%B4" dan="17,17,16,17" rate="2160.46,2155.37,2110.37,2164.44" sx="M,M,F,M"/><TAIKYOKU oya="0"/><INIT seed="0,0,0,3,1,108" ten="250,250,250,250" oya="0" hai0="131,41,130,118,16,17,64,18,43,20,129,127,45" hai1="115,24,84,21,107,1,57,0,72,87,56,39,49" hai2="37,59,10,4,6,29,68,132,61,54,94,2,23" hai3="79,5,19,83,69,51,81,97,65,103,128,60,55"/><T33/><D33/><U91/><E39/><V82/><F37/><W96/><G5/><T113/><D113/><U50/><E72/><V9/><F132/><W126/><G126/><T36/><D118/><U90/><E107/><V46/><F68/><W134/><G128/><T75/><D75/><U121/><E24/><V44/><F94/><W52/><G55/><T26/><D43/><U76/><E76/><V122/><F122/><W73/><G134/><T63/><REACH who="0" step="1"/><D127/><REACH who="0" ten="240,250,250,250" step="2"/><U119/><E119/><V77/><F29/><W48/><G73/><T135/><D135/><U114/><REACH who="1" step="1"/><E21/><REACH who="1" ten="240,240,250,250" step="2"/><V106/><F23/><W109/><G79/><T111/><D111/><U102/><E102/><V89/><F10/><W30/><G103/><T40/><D40/><U35/><E35/><V74/><F9/><W62/><G109/><T100/><D100/><U12/><E12/><V15/><F15/><W71/><G65/><T86/><D86/><U14/><E14/><V93/><F74/><W78/><G78/><T42/><D42/><U105/><E105/><V98/><F106/><W53/><G53/><T47/><D47/><U92/><E92/><V3/><F3/><W95/><G95/><T22/><D22/><U31/><E31/><V28/><F28/><W7/><G52/><T67/><D67/><U34/><E34/><V99/><F2/><W25/><G30/><T11/><D11/><U88/><E88/><V110/><F110/><W124/><G124/><T38/><D38/><U13/><E13/><V85/><F99/><W123/><G25/><T116/><D116/><U117/><E117/><RYUUKYOKU ba="0,2" sc="240,10,240,10,250,10,250,-30" hai0="16,17,18,20,26,36,41,45,63,64,129,130,131" hai1="0,1,49,50,56,57,84,87,90,91,114,115,121" hai2="4,6,44,46,54,59,61,77,82,85,89,93,98" /><INIT seed="0,1,2,0,0,65" ten="250,250,260,220" oya="0" hai0="30,9,23,96,1,131,5,77,46,40,79,132,70" hai1="98,54,34,56,110,89,78,27,47,84,64,13,101" hai2="75,116,90,80,99,18,35,95,85,105,124,33,12" hai3="107,53,42,58,126,3,134,82,61,83,43,7,25"/><T31/><D131/><U36/><E110/><V57/><F116/><W69/><G107/><T17/><D132/><U74/><E74/><V6/><F6/><W93/><G134/><T73/><D70/><U52/><E78/><V133/><F133/><W123/><G7/><T0/><D0/><U37/><E64/><V20/><F124/><W88/><G3/><T48/><D96/><U127/><E127/><V29/><F105/><W44/><G126/><T24/><D73/><U117/><E13/><V113/><F75/><W109/><G109/><T66/><D66/><U28/><E47/><V45/><F113/><W108/><G69/><T120/><D120/><U114/><E114/><V68/><F68/><W67/><G25/><T100/><D100/><U97/><E97/><V118/><F118/><W125/><G125/><T106/><D106/><U26/><E26/><V91/><F29/><W49/><G123/><T60/><D60/><U102/><E54/><V128/><F128/><W121/><G121/><T11/><D11/><U94/><E117/><V104/><F104/><W129/><G129/><T119/><D119/><U81/><REACH who="1" step="1"/><E102/><REACH who="1" ten="250,240,260,220" step="2"/><V87/><F45/><W22/><G108/><T50/><D77/><U111/><E111/><V8/><F99/><N who="3" m="57767" /><G22/><T130/><D79/><U39/><E39/><V115/><F115/><W15/><G15/><T4/><D130/><U55/><E55/><V16/><F57/><W63/><G42/><N who="0" m="24663" /><D5/><U86/><E86/><V2/><F2/><W14/><G14/><AGARI ba="1,3" hai="8,12,14,16,18,20,33,35,80,85,87,90,91,95" machi="14" ten="30,2000,0" yaku="7,1,54,1" doraHai="65" who="2" fromWho="3" sc="250,0,240,0,260,53,220,-23" /><INIT seed="1,0,0,4,4,134" ten="250,240,313,197" oya="1" hai0="72,98,36,23,86,128,78,68,84,101,66,32,103" hai1="129,64,29,85,89,16,121,42,99,28,112,97,114" hai2="6,127,118,119,79,33,83,111,4,126,0,25,34" hai3="45,81,39,9,24,123,52,20,5,7,2,69,47"/><U93/><E121/><V63/><F111/><W60/><G39/><T75/><D32/><N who="2" m="12394" /><F63/><W67/><G123/><T104/><D36/><U35/><E129/><V22/><F83/><W108/><G7/><N who="2" m="2601" /><F0/><W70/><G70/><T96/><D23/><U77/><E42/><V8/><F8/><W43/><G43/><T125/><D128/><U65/><E112/><V14/><F14/><W49/><G81/><N who="0" m="45279" /><D66/><N who="1" m="25707" /><E35/><V124/><F79/><W1/><G108/><T31/><D68/><U102/><E114/><V74/><F74/><W44/><REACH who="3" step="1"/><G1/><REACH who="3" ten="250,240,313,187" step="2"/><T73/><D73/><U38/><E38/><V76/><F76/><W54/><G54/><T40/><D40/><U30/><E77/><V19/><AGARI ba="0,1" hai="19,22,25,118,119,124,126,127" m="2601,12394" machi="19" ten="40,12000,2" yaku="18,1,34,2,52,3" doraHai="134" who="2" fromWho="2" sc="250,-30,240,-60,313,130,187,-30" /><INIT seed="2,0,0,4,3,100" ten="220,180,443,157" oya="2" hai0="50,96,47,40,29,5,17,84,55,85,1,3,88" hai1="2,101,10,76,33,123,99,135,21,9,12,46,125" hai2="67,112,63,48,75,27,60,121,134,14,80,105,94" hai3="30,116,107,130,71,132,54,68,102,78,74,97,37"/><V61/><F121/><W64/><G116/><T28/><D3/><U104/><E33/><V52/><F105/><W118/><G118/><T87/><D1/><U6/><E123/><V110/><F112/><W45/><G54/><T36/><D5/><U24/><E125/><V106/><F106/><W25/><G130/><T65/><D65/><U124/><E124/><V82/><F134/><W103/><G103/><T126/><D126/><U20/><E135/><V120/><F120/><W43/><G64/><T77/><D77/><U51/><E76/><V59/><F110/><W119/><G119/><T7/><D7/><U111/><E111/><V42/><F42/><W57/><G57/><T113/><D113/><U114/><E114/><V117/><F117/><W133/><G133/><T115/><D115/><U0/><E10/><V69/><F69/><W129/><G129/><T73/><D73/><U92/><E21/><V39/><F39/><W22/><G132/><T66/><D66/><U34/><E92/><V35/><F67/><W93/><G93/><N who="0" m="56359" /><D36/><U95/><E95/><V38/><F38/><W18/><G78/><T86/><D86/><U131/><E34/><V16/><F75/><W41/><G74/><T11/><D40/><U79/><E79/><V98/><F27/><W31/><G43/><T62/><D62/><U15/><E2/><V44/><F35/><W26/><G26/><T56/><D56/><U81/><E81/><V8/><F59/><W127/><G127/><T128/><D128/><U108/><E131/><V72/><F72/><W13/><G25/><T4/><D4/><RYUUKYOKU ba="0,0" sc="220,10,180,-30,443,10,157,10" hai0="11,17,28,29,47,50,55,84,85,87" hai2="8,14,16,44,48,52,60,61,63,80,82,94,98" hai3="13,18,22,30,31,37,41,45,68,71,97,102,107" /><INIT seed="2,1,0,3,0,73" ten="230,150,453,167" oya="2" hai0="84,76,120,12,7,132,70,33,45,42,40,16,53" hai1="91,20,55,47,36,125,79,81,29,32,111,61,102" hai2="135,104,49,82,69,56,112,25,44,108,38,89,86" hai3="8,5,78,52,71,103,24,6,28,80,10,11,30"/><V35/><F69/><W126/><G71/><T57/><D70/><U114/><E114/><V0/><F112/><W75/><G103/><T67/><D33/><U105/><E111/><V58/><F104/><W128/><G128/><T18/><D120/><U96/><E125/><V109/><F38/><W51/><G126/><T116/><D132/><U99/><E32/><V63/><F0/><W54/><G54/><T113/><D113/><U23/><E29/><V131/><F131/><W41/><G41/><T66/><D7/><U119/><E119/><V115/><F115/><W14/><G24/><T90/><D76/><U2/><E2/><V98/><F98/><W68/><G68/><T110/><D110/><N who="2" m="42602" /><F135/><W13/><REACH who="3" step="1"/><G11/><REACH who="3" ten="230,150,453,157" step="2"/><N who="0" m="6175" /><D42/><U31/><E55/><N who="2" m="30119" /><F63/><W92/><G92/><N who="0" m="54343" /><D116/><U87/><E105/><V27/><F25/><W9/><G9/><T83/><D40/><U130/><E130/><V19/><F35/><W34/><G34/><T48/><D45/><AGARI ba="1,1" hai="5,6,8,10,13,14,28,30,45,51,52,75,78,80" machi="45" ten="30,8000,1" yaku="1,1,7,1,9,1,52,1,54,1,53,0" doraHai="73" doraHaiUra="118" who="3" fromWho="0" sc="230,-83,150,0,453,0,157,93" /><INIT seed="3,0,0,4,4,32" ten="147,150,453,250" oya="3" hai0="43,109,121,11,16,6,92,40,47,122,83,98,91" hai1="35,31,97,89,87,41,68,0,61,28,62,38,78" hai2="112,7,29,53,103,116,74,127,30,54,124,104,65" hai3="20,37,72,25,111,66,105,77,70,45,135,69,33"/><W50/><G105/><T93/><D109/><U23/><E35/><V82/><F116/><W107/><G107/><T106/><D106/><U39/><E78/><N who="2" m="44375" /><F112/><W102/><G135/><T84/><D92/><U13/><E97/><N who="2" m="61551" /><F65/><W8/><G102/><T24/><D43/><U85/><E89/><V12/><F7/><W90/><G37/><T94/><D94/><U1/><E41/><V114/><F12/><W56/><G77/><T76/><D24/><U34/><E13/><V123/><F114/><W55/><G72/><T100/><D16/><U44/><E44/><V119/><F119/><W128/><G128/><T19/><D19/><U4/><E23/><V26/><F123/><W2/><G33/><T88/><D121/><U58/><E34/><N who="2" m="20791" /><F30/><W71/><G111/><T81/><D81/><U80/><E80/><V130/><F130/><W108/><G108/><T131/><D122/><U3/><E4/><V5/><F5/><W64/><G90/><T36/><D131/><U52/><E28/><V57/><F57/><W22/><G56/><T27/><D27/><U132/><E31/><V9/><F9/><W17/><REACH who="3" step="1"/><G22/><REACH who="3" ten="147,150,453,240" step="2"/><T15/><AGARI ba="0,1" hai="6,11,15,36,40,47,76,83,84,88,91,93,98,100" machi="15" ten="20,2700,0" yaku="0,1,7,1,54,1" doraHai="32" who="0" fromWho="0" sc="147,37,150,-7,453,-7,240,-13" /><INIT seed="4,0,0,5,0,41" ten="184,143,446,227" oya="0" hai0="94,115,8,87,127,89,12,92,31,59,0,103,14" hai1="49,113,126,106,6,45,99,50,16,2,5,53,83" hai2="24,86,19,110,133,105,75,48,61,58,79,104,51" hai3="13,29,98,40,22,60,54,120,23,78,119,84,66"/><T129/><D115/><U11/><E113/><V68/><F75/><W65/><G40/><T123/><D123/><U81/><E126/><V74/><F74/><W32/><G32/><T33/><D127/><U1/><E50/><V35/><F68/><W131/><G131/><T47/><D129/><U18/><E81/><V88/><F79/><W21/><G29/><T76/><D76/><U91/><E83/><V37/><F37/><W15/><G98/><T62/><D33/><U72/><E72/><V121/><F133/><W116/><G120/><T67/><D31/><U42/><E42/><V43/><F110/><W46/><G78/><T55/><D0/><U17/><E91/><V57/><F57/><W97/><G97/><N who="0" m="59831" /><D8/><U70/><E70/><V10/><F35/><W82/><G23/><T107/><D107/><U108/><E108/><V135/><F135/><W100/><G22/><T114/><D114/><U90/><E90/><V7/><F105/><W3/><G21/><T28/><D28/><U20/><E6/><V95/><F104/><W96/><G3/><T39/><D39/><U64/><E64/><V134/><F134/><W44/><G116/><T118/><D118/><U112/><E112/><V73/><F73/><W124/><G124/><T63/><D63/><U93/><E2/><V26/><F121/><W111/><G111/><T71/><D71/><U125/><E125/><V85/><F10/><W25/><G60/><T128/><D128/><U102/><E106/><V69/><F61/><W77/><G119/><T130/><D130/><U109/><E109/><V122/><F122/><RYUUKYOKU ba="0,0" sc="184,15,143,15,446,-15,227,-15" hai0="12,14,47,55,59,62,67,87,89,92" hai1="1,5,11,16,17,18,20,45,49,53,93,99,102" /><INIT seed="4,1,0,0,5,112" ten="199,158,431,212" oya="0" hai0="12,129,126,100,102,97,2,39,55,30,31,133,15" hai1="134,80,35,1,74,68,75,38,117,27,93,122,19" hai2="86,105,26,107,60,79,85,109,50,0,88,18,116" hai3="128,124,43,6,73,29,84,46,82,106,71,36,59"/><T94/><D2/><U104/><RYUUKYOKU type="yao9" ba="1,0" sc="199,0,158,0,431,0,212,0" hai1="1,19,27,35,38,68,74,75,80,93,104,117,122,134" /><INIT seed="4,2,0,3,3,57" ten="199,158,431,212" oya="0" hai0="14,56,129,8,20,84,55,13,94,105,110,121,2" hai1="133,37,9,30,100,109,48,0,85,64,103,18,91" hai2="113,60,43,95,135,115,39,19,11,90,68,65,35" hai3="128,40,71,66,24,72,42,114,59,16,80,49,25"/><T104/><D121/><U124/><E37/><V1/><F35/><W6/><G6/><T23/><D129/><U116/><E109/><V111/><F111/><W99/><G71/><T73/><D2/><U45/><E116/><V51/><F39/><W7/><G7/><T131/><D73/><U46/><E124/><V34/><F34/><W31/><G31/><T81/><D131/><U15/><E133/><V126/><F135/><W98/><G72/><T32/><D32/><U93/><E0/><V92/><F92/><W106/><G106/><T132/><D132/><U61/><E30/><V79/><F79/><W54/><G114/><T78/><D110/><U127/><E127/><V52/><F43/><N who="3" m="16427" /><G66/><T69/><D69/><U10/><E10/><V63/><F126/><W119/><G119/><T112/><D112/><N who="2" m="43082" /><F65/><W12/><G80/><T117/><D117/><U38/><E38/><V96/><F68/><W76/><G76/><T130/><D130/><U27/><E27/><N who="3" m="10314" /><G128/><T17/><D94/><U62/><E64/><V28/><F28/><W123/><G123/><T36/><D36/><U87/><E87/><V3/><F3/><W82/><G82/><T26/><D105/><U97/><E85/><V74/><F74/><W50/><G50/><N who="0" m="30839" /><D104/><U29/><E29/><V58/><F1/><W89/><G89/><T33/><D33/><U70/><E70/><V5/><F5/><W108/><G108/><T47/><D47/><N who="1" m="17931" /><E48/><V67/><F67/><W88/><G88/><T75/><D75/><U125/><E125/><V134/><F134/><W44/><G44/><T102/><D78/><RYUUKYOKU ba="2,0" sc="199,-30,158,10,431,10,212,10" hai1="9,15,18,61,62,91,93,97,100,103" hai2="11,19,51,52,58,60,63,90,95,96" hai3="12,16,49,54,59,98,99" /><INIT seed="5,3,0,3,0,46" ten="169,168,441,222" oya="1" hai0="23,133,21,40,90,86,56,97,15,59,48,103,127" hai1="27,87,120,109,108,65,95,129,14,99,47,30,6" hai2="8,16,73,94,49,68,81,84,75,125,102,61,114" hai3="63,132,82,98,5,93,128,53,122,113,67,112,123"/><U57/><E120/><V25/><F125/><W100/><G5/><T106/><D127/><U105/><E129/><V76/><F114/><N who="3" m="44139" /><G132/><T9/><D133/><U33/><E105/><V85/><F68/><N who="3" m="42111" /><G128/><T42/><D21/><U72/><E72/><V17/><F61/><W32/><G32/><T45/><D42/><U54/><E87/><V71/><F17/><W7/><G7/><T116/><D23/><U62/><E14/><V119/><F71/><W24/><G24/><T66/><D66/><U31/><E6/><V28/><F84/><W64/><G64/><T12/><D12/><U50/><REACH who="1" step="1"/><E31/><REACH who="1" ten="169,158,441,222" step="2"/><V60/><F28/><W39/><G123/><T18/><REACH who="0" step="1"/><D116/><REACH who="0" ten="159,158,441,222" step="2"/><U36/><E36/><V2/><F119/><W11/><G39/><T51/><D51/><U91/><AGARI ba="3,2" hai="27,30,33,47,50,54,57,62,65,91,95,99,108,109" machi="91" ten="30,6000,0" yaku="1,1,0,1,52,1,53,0" doraHai="46" doraHaiUra="10" who="1" fromWho="1" sc="159,-23,158,89,441,-23,222,-23" /><INIT seed="5,4,0,2,1,100" ten="136,247,418,199" oya="1" hai0="133,5,63,33,69,123,109,83,99,54,38,96,126" hai1="24,117,68,32,6,72,40,41,47,131,75,16,55" hai2="111,119,67,27,53,1,125,102,115,56,85,3,73" hai3="42,108,2,122,124,65,112,14,132,116,94,35,121"/><U81/><E117/><V129/><F73/><W9/><G65/><T43/><D109/><U107/><E68/><V51/><F119/><W26/><G42/><T30/><D99/><U77/><E131/><V80/><F111/><W20/><G94/><T114/><D5/><U78/><E6/><V84/><F125/><W57/><G57/><T7/><D7/><U106/><E55/><V93/><F115/><W101/><G101/><T4/><D4/><U120/><E120/><V25/><F129/><W12/><G108/><T110/><D123/><U66/><E66/><V95/><F95/><W52/><G52/><T79/><D126/><U134/><E134/><V15/><F67/><W86/><G2/><T18/><D114/><U82/><E41/><V37/><F37/><W90/><G35/><T29/><D33/><U91/><E91/><V88/><F102/><W76/><G124/><T23/><D133/><U49/><E16/><V70/><F70/><W61/><G9/><T48/><D69/><U89/><E89/><N who="2" m="51335" /><F3/><W10/><G132/><T113/><D113/><U8/><E8/><V31/><F1/><W64/><G112/><T28/><D38/><U135/><E135/><V104/><F31/><AGARI ba="4,0" hai="24,31,32,40,47,49,72,75,77,78,81,82,106,107" machi="31" ten="40,7700,0" yaku="9,1,52,2" doraHai="100" who="1" fromWho="2" sc="136,0,247,89,418,-89,199,0" /><INIT seed="5,5,0,2,5,117" ten="136,336,329,199" oya="1" hai0="19,35,70,15,134,3,23,6,88,43,119,75,27" hai1="111,12,60,61,1,26,130,128,74,25,46,87,53" hai2="0,66,108,109,127,40,72,103,73,68,132,91,81" hai3="107,47,42,114,32,118,63,106,133,97,62,18,84"/><U120/><E74/><V28/><F0/><W39/><G32/><T50/><D70/><U71/><E1/><V16/><F132/><W21/><G133/><T125/><D119/><U90/><E12/><V104/><F127/><W93/><G114/><T100/><D100/><U126/><E126/><V7/><F7/><W14/><G84/><T52/><D75/><U31/><E26/><V85/><F28/><W131/><G131/><T121/><D43/><U4/><E4/><V112/><F112/><W92/><G92/><T129/><D129/><U58/><E46/><V10/><F40/><W64/><G118/><T122/><D134/><U57/><E71/><V78/><F66/><W65/><G65/><T110/><D110/><U41/><E111/><V24/><F68/><W96/><G96/><T51/><D125/><U55/><E41/><V45/><F45/><W116/><G116/><T49/><D88/><U77/><E77/><V44/><F44/><W29/><G29/><N who="0" m="19903" /><D3/><U79/><E79/><V105/><F73/><W13/><G64/><T99/><D99/><U38/><E38/><V8/><F109/><W54/><G54/><T36/><D36/><U37/><E37/><V82/><F108/><W48/><G39/><T22/><D6/><U9/><E128/><V34/><F103/><N who="3" m="60847" /><G106/><T124/><D124/><U67/><E67/><V76/><F105/><W94/><G107/><T101/><D101/><U17/><E130/><V89/><F104/><W86/><G14/><N who="0" m="9591" /><D52/><U80/><E55/><V56/><F72/><W135/><G135/><T123/><D123/><U115/><E120/><RYUUKYOKU ba="5,0" sc="136,15,336,-15,329,-15,199,15" hai0="15,23,49,50,51,121,122" hai3="13,18,21,42,47,48,62,63,86,94" /><INIT seed="6,6,0,0,0,19" ten="151,321,314,214" oya="2" hai0="75,111,26,13,119,65,66,77,6,31,79,132,135" hai1="28,51,95,90,47,17,120,127,41,48,46,86,39" hai2="129,122,37,98,43,108,91,9,60,99,67,113,12" hai3="52,116,83,69,54,126,58,38,33,29,76,114,104"/><V53/><F122/><W71/><G104/><T133/><D111/><U61/><E120/><V109/><F113/><W96/><G116/><T22/><D119/><U62/><E127/><V78/><F129/><W94/><G38/><T123/><D123/><U36/><E28/><V68/><F78/><N who="0" m="29706" /><D75/><U8/><E39/><V1/><F1/><W2/><G2/><T81/><D81/><U101/><E36/><V40/><F53/><W11/><G69/><T118/><D118/><U4/><E101/><V57/><F68/><W14/><G71/><T100/><D100/><U106/><E106/><V30/><F30/><W50/><G33/><T103/><D103/><U63/><E17/><V82/><F37/><W18/><G126/><T70/><D70/><U7/><E8/><AGARI ba="6,0" hai="6,8,13,22,26,31,65,66,132,133,135" m="29706" machi="8" ten="40,2600,0" yaku="20,1,52,1" doraHai="19" who="0" fromWho="1" sc="151,44,321,-44,314,0,214,0" /><INIT seed="7,0,0,2,0,40" ten="195,277,314,214" oya="3" hai0="57,128,66,135,72,63,18,30,97,36,19,113,78" hai1="102,104,81,79,119,89,43,20,87,92,29,10,99" hai2="25,109,15,65,70,31,52,112,94,12,74,106,77" hai3="46,2,22,1,117,107,28,122,32,100,0,21,96"/><W131/><G122/><T9/><D72/><N who="1" m="43239" /><E119/><V58/><F112/><W95/><G117/><T88/><D36/><U11/><E43/><V73/><F106/><W60/><G131/><T84/><D128/><U103/><E103/><V127/><F127/><W67/><G95/><N who="0" m="56551" /><D135/><U114/><E114/><V124/><F94/><W118/><G118/><T14/><D30/><U26/><AGARI ba="0,0" hai="10,11,20,26,29,87,89,92,99,102,104" m="43239" machi="26" ten="30,1100,0" yaku="24,1" doraHai="40" who="1" fromWho="1" sc="195,-3,277,11,314,-3,214,-5" owari="192,-31.0,288,9.0,311,41.0,209,-19.0" /></mjloggm>