<mjloggm ver="2.3"><GO type="169" lobby="0"/><UN n0="%43%52%2D%5A" n1="%E3%82%AE%E3%82%AC%E3%83%9E%E3%82%A4%E3%83%B3" n2="%E6%9C%AB%E5%BA%83%E6%97%A5%E8%8F%9C%E5%AD%90" n3="%E3%83%88%E3%83%88%E3%83%AA%E5%85%88%E7%94%9F%31%39%E6%AD%B3" dan="16,17,16,18" rate="2080.84,2168.06,2095.55,2155.79" sx="M,M,F,F"/><TAIKYOKU oya="0"/><INIT seed="0,0,0,3,5,14" ten="250,250,250,250" oya="0" hai0="40,85,28,108,93,33,126,2,21,135,45,94,52" hai1="54,15,49,113,4,110,29,37,103,47,59,78,0" hai2="124,11,27,1,56,41,62,60,34,36,39,79,74" hai3="58,109,119,116,132,105,111,82,104,55,75,99,3"/><T10/><D135/><U95/><E0/><V23/><F124/><W66/><G3/><T134/><D126/><U72/><E110/><N who="3" m="41994" /><G66/><T89/><D108/><U80/><E113/><V133/><F34/><W51/><G132/><T8/><D134/><U48/><E37/><V121/><F121/><W81/><G99/><T31/><D33/><U42/><E29/><V127/><F127/><W87/><G75/><T98/><D2/><U86/><E72/><V91/><F91/><W69/><G69/><T53/><D8/><N who="1" m="4487" /><E95/><V70/><F39/><W125/><G125/><T17/><D10/><U68/><E68/><V67/><F36/><W120/><G120/><T122/><D122/><U7/><E7/><V130/><F11/><W106/><G81/><T13/><D31/><U115/><E115/><V112/><F1/><W97/><G97/><T35/><D28/><U38/><E38/><V44/><F112/><W114/><G114/><T63/><D35/><U57/><E103/><V92/><F70/><W24/><G24/><T102/><D63/><U9/><E9/><V73/><F60/><W71/><G71/><T129/><D129/><U96/><E96/><V6/><F62/><W84/><G84/><T65/><D65/><U118/><E118/><V83/><F67/><W131/><G131/><T26/><D26/><U50/><E50/><AGARI ba="0,0" hai="13,17,21,40,45,50,52,53,85,89,93,94,98,102" machi="50" ten="30,11600,0" yaku="7,1,8,1,52,1,54,1" doraHai="14" who="0" fromWho="1" sc="250,116,250,-116,250,0,250,0" /><INIT seed="0,1,0,3,4,98" ten="366,134,250,250" oya="0" hai0="79,88,14,47,44,89,80,106,54,129,112,110,55" hai1="120,123,45,107,37,128,15,68,8,11,3,83,116" hai2="104,26,65,9,100,133,32,130,73,43,93,91,71" hai3="77,101,69,90,135,122,16,4,63,52,18,40,86"/><T50/><D112/><U30/><E68/><V118/><F73/><W113/><G113/><T17/><D129/><U51/><E116/><V22/><F130/><W1/><G135/><T31/><D31/><U117/><E37/><V59/><F71/><W5/><G122/><T74/><D106/><U34/><E117/><V57/><F32/><W35/><G35/><T102/><D102/><U23/><E34/><V125/><F104/><W27/><G77/><T87/><D110/><U115/><E128/><V6/><F118/><W119/><G119/><T58/><D74/><U85/><E115/><V108/><F125/><W131/><G131/><T12/><D12/><U94/><E107/><V92/><F108/><W7/><G1/><T99/><D99/><U2/><E94/><V21/><F43/><W121/><G121/><T96/><D96/><U109/><E109/><V126/><F126/><W81/><G101/><T38/><D38/><U105/><E105/><V49/><F133/><W124/><G124/><T24/><D24/><N who="1" m="16671" /><E123/><V75/><F75/><W41/><G69/><T25/><D25/><U132/><E132/><V64/><F93/><W19/><G27/><T28/><D28/><U111/><E111/><V134/><F134/><W56/><AGARI ba="1,0" hai="4,5,7,16,18,19,40,41,52,56,63,81,86,90" machi="56" ten="40,8000,1" yaku="0,1,8,1,54,2" doraHai="98" who="3" fromWho="3" sc="366,-41,134,-21,250,-21,250,83" /><INIT seed="1,0,0,5,2,90" ten="325,113,229,333" oya="1" hai0="70,104,18,102,105,7,31,45,57,117,114,59,79" hai1="83,95,14,123,4,132,30,92,64,41,20,17,94" hai2="131,32,66,84,133,47,34,33,21,75,85,56,135" hai3="23,106,15,67,24,5,36,98,38,65,39,40,2"/><U6/><E123/><V35/><F75/><W61/><G2/><T9/><D70/><U81/><E132/><N who="2" m="50763" /><F131/><W124/><G124/><T134/><D31/><U116/><E116/><V37/><N who="2" m="8704" /><DORA hai="91" /><V62/><F21/><W16/><G40/><AGARI ba="0,0" hai="37,40,47,56,62,66,84,85" m="8704,50763" machi="40" ten="60,2000,0" yaku="20,1" doraHai="90,91" who="2" fromWho="3" sc="325,0,113,0,229,20,333,-20" /><INIT seed="2,0,0,5,2,118" ten="325,113,249,313" oya="2" hai0="69,53,112,77,21,123,36,54,110,73,129,67,135" hai1="89,55,82,134,119,117,42,35,121,71,38,65,6" hai2="99,44,94,61,66,45,95,49,128,8,78,12,4" hai3="41,86,98,58,16,34,75,91,57,3,29,13,122"/><V109/><F128/><W63/><G122/><T103/><D103/><U28/><E134/><V26/><F109/><W114/><G114/><T70/><D21/><U104/><E104/><V105/><F78/><W107/><G75/><T84/><D84/><U120/><E6/><V19/><F105/><W62/><G3/><T131/><D77/><U43/><E55/><V40/><F45/><W22/><G41/><N who="1" m="15370" /><E38/><V25/><F4/><W27/><G58/><T14/><D73/><U96/><E71/><V88/><REACH who="2" step="1"/><F94/><REACH who="2" ten="325,113,239,313" step="2"/><W64/><G107/><T39/><D110/><U0/><E82/><V30/><F30/><W60/><G98/><T33/><D129/><U126/><E126/><V59/><AGARI ba="0,1" hai="8,12,19,25,26,40,44,49,59,61,66,88,95,99" machi="59" ten="20,18000,2" yaku="1,1,0,1,7,1,8,1,54,1,53,1" doraHai="118" doraHaiUra="93" who="2" fromWho="2" sc="325,-60,113,-60,239,190,313,-60" /><INIT seed="2,1,0,4,1,63" ten="265,53,429,253" oya="2" hai0="46,31,59,4,19,116,128,54,53,7,93,121,134" hai1="50,67,77,132,52,76,42,109,35,113,61,57,78" hai2="110,94,6,8,75,103,123,100,43,81,130,18,115" hai3="25,79,29,41,2,126,72,49,64,27,24,32,99"/><V107/><F115/><W127/><G2/><T22/><D121/><U30/><E109/><V28/><F107/><W68/><G49/><N who="0" m="28855" /><D128/><U84/><E113/><V51/><F123/><W3/><G41/><T70/><D70/><U36/><E132/><V86/><F75/><W20/><G3/><T38/><D38/><U85/><E35/><V74/><F74/><W122/><G122/><T13/><D134/><U106/><E106/><V39/><F39/><W12/><G99/><T37/><D37/><U16/><E30/><V135/><F28/><W124/><G79/><T56/><D116/><U17/><E36/><V1/><F18/><N who="1" m="7273" /><E42/><V89/><F135/><W48/><G72/><T102/><D31/><U104/><E104/><V11/><F11/><W120/><G120/><T34/><D34/><U112/><E112/><V119/><F119/><W40/><G12/><T26/><D26/><N who="3" m="10345" /><G48/><N who="0" m="30791" /><D59/><AGARI ba="1,0" hai="50,52,57,59,61,67,76,77,78,84,85" m="7273" machi="59" ten="30,7700,0" yaku="8,1,52,1,54,2" doraHai="63" who="1" fromWho="0" sc="265,-80,53,80,429,0,253,0" /><INIT seed="3,0,0,4,2,74" ten="185,133,429,253" oya="3" hai0="38,69,57,53,101,51,64,42,45,63,72,6,50" hai1="128,133,11,105,109,113,56,86,92,81,19,60,67" hai2="62,61,26,49,103,84,76,43,31,44,70,47,10" hai3="52,90,54,66,83,35,58,30,4,88,9,28,127"/><W87/><G127/><T33/><D33/><U130/><E105/><V97/><F70/><W80/><G66/><T40/><D6/><U93/><E113/><V21/><F10/><W20/><G35/><T1/><D1/><U46/><E109/><V12/><F12/><N who="3" m="5159" /><G20/><T41/><D101/><U120/><E120/><V34/><F34/><W132/><G132/><T114/><D72/><U82/><E133/><V85/><F47/><W118/><G118/><T108/><D108/><U27/><E46/><V121/><F121/><W115/><G115/><T16/><D16/><U32/><E82/><N who="3" m="31274" /><G54/><N who="0" m="30031" /><D114/><U22/><E32/><V71/><F71/><W117/><G117/><T95/><D95/><U98/><E11/><V15/><F15/><W2/><G2/><T79/><D79/><N who="1" m="46399" /><E98/><V48/><F76/><W23/><G23/><T0/><D0/><U94/><E130/><V13/><F13/><W110/><G110/><T107/><D107/><U122/><E128/><V116/><F116/><W111/><G111/><T91/><D91/><N who="3" m="34857" /><G87/><T75/><D75/><U36/><E122/><V25/><F85/><W14/><G14/><T78/><D78/><U126/><E36/><AGARI ba="0,0" hai="36,38,40,41,42,51,53,57,63,64,69" m="30031" machi="36" ten="30,8000,1" yaku="35,5" doraHai="74" who="0" fromWho="1" sc="185,80,133,-80,429,0,253,0" /><INIT seed="4,0,0,3,1,105" ten="265,53,429,253" oya="0" hai0="4,112,95,111,17,86,31,33,93,24,65,108,73" hai1="127,132,88,91,68,56,43,15,107,103,81,130,80" hai2="110,36,126,129,10,85,118,100,20,71,72,75,124" hai3="32,39,61,21,117,84,40,62,53,2,78,14,125"/><T113/><D65/><U123/><E68/><V1/><F36/><W128/><G117/><T121/><D121/><U47/><E123/><V55/><F110/><N who="0" m="42026" /><D4/><U67/><E127/><N who="2" m="48683" /><F118/><W97/><G125/><T19/><D73/><N who="2" m="28234" /><F129/><W54/><G32/><T5/><D5/><U74/><E130/><V0/><F71/><W37/><G2/><T116/><D116/><U44/><E132/><V101/><F20/><W50/><G21/><T42/><D42/><U52/><E67/><V102/><F85/><W64/><G84/><T83/><D86/><U51/><E15/><V12/><F55/><W58/><G53/><T90/><D113/><U27/><E27/><V94/><F94/><W38/><G54/><T8/><D112/><U18/><E81/><V29/><F29/><W57/><G39/><T69/><D69/><U46/><E43/><V22/><F22/><W115/><G40/><T77/><D93/><U63/><E63/><V6/><AGARI ba="0,0" hai="0,1,6,10,12,100,101,102" m="28234,48683" machi="6" ten="40,8000,1" yaku="18,1,52,3" doraHai="105" who="2" fromWho="2" sc="265,-40,53,-20,429,80,253,-20" /><INIT seed="5,0,0,3,5,87" ten="225,33,509,233" oya="1" hai0="19,9,77,114,135,113,126,111,53,116,51,83,109" hai1="22,84,3,18,107,131,58,35,12,17,75,127,37" hai2="132,112,71,92,28,34,43,8,72,129,106,24,13" hai3="80,98,133,1,76,46,30,21,88,41,121,25,65"/><U95/><E75/><V4/><F106/><W38/><G121/><T31/><D116/><U15/><E107/><V44/><F72/><W36/><G1/><T59/><D31/><U93/><E37/><V94/><F71/><W47/><G133/><T42/><D135/><U91/><E35/><V103/><F132/><W67/><G76/><T97/><D97/><U23/><E3/><V6/><F129/><W60/><G60/><T26/><D42/><U50/><E131/><V54/><F112/><N who="0" m="43114" /><D126/><U78/><E78/><V124/><F124/><W62/><G62/><T120/><D120/><U99/><E127/><V32/><F54/><W56/><G56/><T2/><D26/><U82/><E99/><V14/><F103/><W10/><G10/><T130/><D130/><U55/><AGARI ba="0,0" hai="12,15,17,18,22,23,50,55,58,82,84,91,93,95" machi="55" ten="30,11700,0" yaku="0,1,9,1,8,1,52,1" doraHai="87" who="1" fromWho="1" sc="225,-39,33,117,509,-39,233,-39" /><INIT seed="5,1,0,4,2,49" ten="186,150,470,194" oya="1" hai0="24,90,121,127,71,9,17,30,13,74,120,86,103" hai1="80,115,77,29,28,61,42,46,105,52,112,3,65" hai2="117,92,111,76,64,122,34,91,132,97,4,37,78" hai3="53,2,125,85,33,133,134,129,7,59,44,62,75"/><U12/><E3/><V68/><F37/><W114/><G75/><T79/><D127/><U81/><E105/><V67/><F117/><W128/><G33/><T39/><D39/><N who="1" m="21855" /><E12/><V94/><F111/><W70/><G2/><T45/><D71/><N who="1" m="42415" /><E81/><V83/><F122/><W73/><G7/><T8/><D103/><U130/><E130/><N who="3" m="50282" /><G73/><T38/><D79/><U57/><E80/><V19/><F68/><W116/><G85/><T18/><D74/><U56/><E77/><V96/><F34/><W36/><G114/><N who="1" m="43562" /><E57/><V50/><F4/><W5/><G5/><T1/><D1/><U23/><E23/><V98/><F83/><W124/><G70/><T27/><D27/><U35/><E35/><V16/><F78/><W102/><G102/><T123/><D9/><U15/><E15/><V0/><F76/><W104/><G104/><T10/><D10/><U32/><E32/><V14/><F0/><W43/><G116/><T58/><D58/><U95/><E95/><V109/><F14/><W20/><G20/><N who="0" m="15623" /><D17/><U66/><E66/><V100/><F96/><W108/><G108/><T55/><D18/><N who="2" m="6698" /><F109/><W99/><G99/><T131/><D13/><U101/><E101/><V26/><F26/><W63/><G124/><T40/><D8/><U87/><E87/><V82/><F82/><W21/><G125/><T126/><D126/><U41/><E41/><V89/><F100/><W72/><G21/><T84/><D86/><U118/><E118/><V69/><F69/><W113/><G72/><T88/><D84/><U135/><E135/><N who="3" m="51722" /><G113/><T93/><D131/><U31/><E31/><RYUUKYOKU ba="1,0" sc="186,-15,150,15,470,-15,194,15" hai1="28,29,52,56" hai3="36,43,44,53,59,62,63" /><INIT seed="5,2,0,4,1,64" ten="171,165,455,209" oya="1" hai0="119,70,8,126,59,74,85,124,95,50,134,34,40" hai1="61,118,19,48,120,133,128,56,65,38,13,52,110" hai2="68,60,111,98,117,1,87,132,84,53,39,80,129" hai3="93,67,3,42,116,55,122,108,102,23,71,121,63"/><U115/><E120/><V104/><F111/><W105/><G108/><T17/><D119/><U6/><E38/><V91/><F117/><W7/><G116/><T112/><D74/><U51/><E6/><V49/><F39/><W25/><G105/><T89/><D112/><U92/><E118/><V123/><F123/><W33/><G33/><T76/><D134/><U94/><E110/><V24/><F1/><W32/><G32/><T75/><D34/><U107/><E107/><V28/><F129/><W9/><G42/><T100/><D100/><U26/><E115/><V77/><F132/><W20/><G20/><T21/><D8/><U114/><E114/><V78/><F98/><W106/><G106/><T10/><D10/><U31/><E133/><V131/><F104/><W4/><G4/><T0/><D0/><U86/><E86/><V81/><F60/><W30/><G102/><T127/><D75/><U18/><E51/><V44/><F68/><W43/><G93/><N who="1" m="35946" /><E128/><V47/><F131/><W16/><G30/><T73/><D70/><U11/><E31/><V90/><F47/><W83/><G43/><T54/><D40/><U58/><E19/><V99/><F99/><W36/><G36/><T35/><D35/><AGARI ba="2,0" hai="24,28,35,44,49,53,77,78,80,81,84,87,90,91" machi="35" ten="30,2000,0" yaku="7,1,9,1" doraHai="64" who="2" fromWho="0" sc="171,-26,165,0,455,26,209,0" /><INIT seed="6,0,0,4,5,132" ten="145,165,481,209" oya="2" hai0="18,80,75,10,16,29,3,88,109,97,121,100,123" hai1="73,129,15,50,70,101,42,99,7,124,4,64,102" hai2="90,89,37,32,1,60,118,57,96,48,133,85,86" hai3="122,71,72,128,93,84,116,119,17,30,79,77,12"/><V106/><F118/><W95/><G71/><T69/><D109/><U113/><E73/><V52/><F37/><W46/><G122/><T103/><D69/><U115/><E129/><V120/><F120/><W55/><G72/><T24/><D100/><U56/><E70/><V62/><F32/><W40/><G128/><T81/><D81/><U44/><E124/><V27/><F1/><W91/><G30/><T59/><D59/><U51/><E102/><V20/><F106/><W19/><G95/><T33/><D18/><U130/><E130/><V134/><F96/><W35/><G35/><T82/><D82/><U98/><E98/><V105/><F105/><W107/><G107/><T78/><D88/><N who="2" m="33898" /><F133/><W13/><G55/><T8/><D3/><U28/><E28/><N who="2" m="17511" /><F134/><W104/><G104/><T54/><D121/><U126/><E126/><V14/><F14/><W0/><G0/><T25/><D123/><U112/><E15/><V21/><F21/><N who="3" m="11431" /><G119/><T76/><D25/><U66/><E7/><V114/><F114/><W131/><G116/><T125/><D125/><U22/><E4/><V74/><F74/><W11/><G131/><T83/><D75/><U9/><E22/><V34/><F34/><W45/><G40/><T53/><D8/><U65/><E9/><V39/><F39/><W87/><G87/><AGARI ba="0,0" hai="48,52,57,60,62,85,86,87" m="17511,33898" machi="87" ten="30,5800,0" yaku="8,1,54,2" doraHai="132" who="2" fromWho="3" sc="145,0,165,0,481,58,209,-58" /><INIT seed="6,1,0,0,4,111" ten="145,165,539,151" oya="2" hai0="34,69,78,23,101,44,127,4,30,76,68,81,1" hai1="79,90,58,37,63,128,105,109,46,53,131,121,114" hai2="93,97,122,22,12,26,62,65,36,5,14,72,2" hai3="108,59,95,85,21,91,40,29,11,3,96,107,17"/><V42/><F72/><W134/><G108/><T99/><D34/><U80/><E109/><V92/><F122/><W49/><G134/><T73/><D127/><U60/><E121/><V48/><F36/><W74/><G74/><T13/><D76/><U24/><E105/><V100/><F2/><W112/><G112/><T16/><D30/><U86/><E114/><V41/><F92/><N who="3" m="54383" /><G3/><T15/><D1/><U67/><E24/><V106/><F106/><W47/><G107/><T135/><D44/><U28/><E28/><N who="2" m="17495" /><F5/><W104/><G104/><T33/><D33/><U103/><E103/><V20/><F20/><W89/><G29/><T38/><D38/><U82/><E37/><V66/><F48/><W117/><G117/><T8/><D135/><U27/><E27/><V18/><F18/><W84/><G11/><T45/><REACH who="0" step="1"/><D45/><REACH who="0" ten="135,165,539,151" step="2"/><U88/><E46/><V35/><F35/><W133/><G133/><T113/><D113/><U87/><E79/><V120/><F120/><W55/><G47/><T54/><D54/><U50/><E63/><V31/><F31/><W71/><G40/><N who="2" m="15465" /><F62/><W39/><G39/><T25/><D25/><U19/><E60/><V7/><F14/><N who="3" m="9399" /><G71/><T118/><D118/><U132/><E132/><V123/><F123/><W98/><AGARI ba="1,1" hai="49,55,59,84,89,95,96,98" m="9399,54383" machi="98" ten="30,2000,0" yaku="25,1,8,1" doraHai="111" who="3" fromWho="3" sc="135,-6,165,-6,539,-11,151,33" /><INIT seed="7,0,0,0,4,15" ten="129,159,528,184" oya="3" hai0="96,83,3,107,25,31,60,61,42,55,100,73,54" hai1="108,36,133,16,59,11,57,8,124,74,9,47,115" hai2="98,35,5,56,68,81,20,30,118,129,77,38,72" hai3="120,71,24,78,52,110,29,17,102,92,45,33,75"/><W2/><G120/><T22/><D3/><U97/><E74/><V130/><F118/><W76/><G71/><T125/><D125/><U89/><E108/><V1/><F68/><W84/><G2/><T28/><D42/><U123/><E123/><V43/><F56/><N who="1" m="21577" /><E36/><V131/><F98/><W90/><G75/><T67/><D31/><U116/><E116/><V53/><F20/><W93/><G110/><T27/><D27/><U91/><E124/><V95/><F95/><W109/><G109/><T66/><D66/><U37/><E37/><V69/><F53/><W122/><G122/><T103/><D103/><U14/><E115/><V135/><F135/><W18/><G78/><T21/><D21/><N who="1" m="11415" /><E133/><V51/><F77/><W134/><G76/><T111/><D111/><U132/><E132/><V23/><F81/><W85/><G134/><T48/><D48/><U32/><E32/><V86/><F86/><W64/><G64/><T50/><D50/><U0/><E0/><V63/><F63/><W46/><G52/><T39/><D39/><U41/><E97/><V34/><F30/><W80/><G102/><T10/><D10/><U127/><E127/><V6/><F6/><W87/><G45/><T106/><D107/><U4/><E4/><V105/><F69/><W117/><G46/><T88/><D73/><U112/><E112/><V70/><F72/><W26/><G117/><T94/><D106/><U114/><E114/><V40/><F105/><W65/><G65/><T119/><D119/><U101/><E101/><V58/><F70/><W104/><G104/><T19/><D67/><RYUUKYOKU ba="0,0" sc="129,-10,159,30,528,-10,184,-10" hai1="8,9,11,41,47,89,91" owari="119,-38.0,189,-1.0,518,62.0,174,-23.0" /></mjloggm>