<mjloggm ver="2.3"><GO type="97" lobby="0"/><UN n0="%6B%61%6B%65%72%75%2E%6D" n1="%E6%9C%A7%E5%A4%8F%E6%9C%88%2E" n2="%E3%83%88%E3%83%88%E3%83%AA%E5%85%88%E7%94%9F%31%39%E6%AD%B3" n3="%48%41%4E%41%43%4F" dan="14,15,13,14" rate="1914.24,1934.02,2012.05,1957.31" sx="M,M,F,F"/><TAIKYOKU oya="0"/><INIT seed="0,0,0,5,1,67" ten="250,250,250,250" oya="0" hai0="97,68,25,131,135,121,65,56,75,15,76,35,107" hai1="115,78,9,1,62,37,126,5,11,85,58,79,28" hai2="27,127,36,49,41,20,52,50,129,93,39,13,134" hai3="53,82,90,128,21,63,34,54,72,86,91,116,6"/><T46/><D121/><U110/><E37/><V64/><F129/><W81/><G116/><T16/><D131/><U45/><E110/><V80/><F134/><W17/><G128/><T57/><D135/><U43/><E126/><V122/><F122/><W47/><G34/><T74/><D46/><U4/><E115/><V0/><F0/><W83/><G6/><T114/><D114/><U132/><E132/><V101/><F127/><W89/><G72/><T133/><D133/><U109/><E28/><V92/><F64/><W19/><G47/><T51/><D75/><U125/><E85/><V117/><F117/><W130/><G130/><T95/><D107/><U102/><E102/><V40/><F13/><W18/><G63/><T96/><D74/><U113/><E109/><V66/><F66/><W99/><G99/><T123/><D123/><U69/><E69/><V32/><F32/><W14/><G86/><T48/><D76/><U59/><E59/><N who="0" m="22601" /><D35/><U118/><E118/><V42/><F39/><W38/><G38/><T100/><D68/><U108/><E108/><V8/><F36/><W98/><G98/><N who="0" m="59487" /><D65/><N who="1" m="39127" /><E113/><V71/><F71/><W103/><G103/><T23/><D25/><U55/><E125/><V22/><F27/><W87/><G87/><T77/><D77/><U73/><E73/><V84/><F101/><W119/><G119/><T105/><D105/><U7/><E1/><V106/><F106/><W30/><G30/><T120/><D120/><U70/><E70/><V111/><F111/><W33/><G33/><T104/><D104/><U31/><E79/><V124/><F124/><RYUUKYOKU ba="0,0" sc="250,15,250,-15,250,-15,250,15" hai0="15,16,23,48,51,96,97" hai3="14,17,18,19,21,53,54,81,82,83,89,90,91" /><INIT seed="0,1,0,0,5,81" ten="265,235,235,265" oya="0" hai0="76,97,48,9,66,119,107,21,120,94,60,130,123" hai1="24,19,25,61,64,41,87,105,59,74,125,6,5" hai2="42,1,110,11,67,69,88,26,73,16,27,53,109" hai3="82,0,39,32,118,23,83,129,131,2,112,102,35"/><T7/><D119/><U111/><E74/><V43/><F73/><W128/><G39/><T78/><D107/><U104/><E105/><V99/><F53/><W85/><G118/><T44/><D130/><U132/><E104/><V70/><F1/><N who="3" m="619" /><G112/><T62/><D120/><U77/><E111/><N who="2" m="42507" /><F27/><N who="1" m="10313" /><E132/><V89/><F67/><W126/><G126/><T124/><D124/><U46/><E125/><V95/><F89/><N who="3" m="51383" /><G102/><N who="0" m="60727" /><D123/><U122/><E122/><V80/><F80/><W14/><G83/><T135/><D135/><U103/><E103/><V15/><F26/><W18/><AGARI ba="1,0" hai="14,18,23,32,35,128,129,131" m="51383,619" machi="18" ten="40,2700,0" yaku="19,1,52,1" doraHai="81" who="3" fromWho="3" sc="265,-14,235,-8,235,-8,265,30" /><INIT seed="1,0,0,5,0,4" ten="251,227,227,295" oya="1" hai0="85,21,64,125,128,75,13,39,72,57,93,111,18" hai1="68,44,9,6,80,3,34,108,60,51,91,99,25" hai2="79,97,113,129,20,126,123,103,124,63,90,115,117" hai3="35,55,2,61,81,114,100,28,15,5,16,40,119"/><U92/><E108/><V116/><F63/><W118/><G114/><N who="2" m="43529" /><F20/><W102/><G40/><T133/><D111/><U49/><E80/><V24/><F24/><W36/><G36/><T82/><D125/><N who="2" m="48234" /><F129/><W33/><G2/><T7/><D133/><U134/><E134/><V26/><F26/><N who="3" m="18583" /><G5/><T62/><D128/><U86/><E99/><V52/><F123/><W70/><G35/><T104/><D104/><U88/><E91/><V47/><F90/><W46/><G70/><T110/><D110/><U77/><E77/><V83/><F52/><W41/><G61/><T23/><D93/><U107/><E107/><N who="2" m="63983" /><F47/><W17/><G55/><T38/><D75/><AGARI ba="0,0" hai="75,79,83,116,117" m="63983,48234,43529" machi="75" ten="30,8000,1" yaku="11,1,18,1,23,1,34,2" doraHai="4" who="2" fromWho="0" sc="251,-80,227,0,227,80,295,0" /><INIT seed="2,0,0,2,0,78" ten="171,227,307,295" oya="2" hai0="106,63,40,55,69,113,19,18,117,132,133,68,67" hai1="61,119,30,83,5,121,135,59,3,84,1,43,75" hai2="92,100,73,24,66,6,41,79,22,39,70,54,116" hai3="97,50,4,99,21,101,23,110,95,128,11,46,36"/><V74/><F116/><W76/><G36/><T44/><D106/><U102/><E119/><V17/><F6/><W129/><G110/><T34/><D34/><U130/><E75/><V103/><F79/><W134/><G76/><T86/><D117/><U98/><E130/><N who="3" m="50282" /><G134/><N who="0" m="51819" /><D113/><U90/><E135/><V42/><F66/><W88/><G99/><T14/><D55/><U127/><E127/><V8/><F70/><W72/><G72/><T7/><D7/><U45/><E5/><V65/><F65/><W118/><G101/><N who="2" m="38985" /><F39/><W56/><G56/><N who="0" m="37351" /><D86/><U122/><E30/><N who="2" m="17687" /><F74/><W9/><G118/><T10/><D19/><U58/><E58/><V47/><F92/><W52/><G11/><T37/><AGARI ba="0,0" hai="10,14,18,37,40,44,68,69" m="37351,51819" machi="37" ten="30,1100,0" yaku="20,1" doraHai="78" who="0" fromWho="0" sc="171,11,227,-3,307,-5,295,-3" /><INIT seed="3,0,0,1,4,89" ten="182,224,302,292" oya="3" hai0="77,102,99,31,34,32,126,14,82,107,94,66,24" hai1="6,11,23,48,36,16,130,84,103,7,123,5,76" hai2="69,111,125,13,114,78,43,55,67,127,72,95,41" hai3="33,50,90,37,81,100,75,22,44,10,115,133,119"/><W134/><G119/><T27/><D126/><N who="2" m="48138" /><F114/><W26/><G115/><T105/><D66/><U70/><E123/><V86/><F111/><W108/><G37/><T85/><REACH who="0" step="1"/><D14/><REACH who="0" ten="172,224,302,292" step="2"/><U110/><E110/><V129/><F13/><W45/><G108/><T93/><D93/><U60/><E130/><V79/><F95/><W57/><G134/><T56/><D56/><U28/><E70/><V68/><F67/><W109/><G133/><T39/><D39/><U120/><E36/><V15/><F129/><W20/><G109/><T51/><D51/><U91/><E48/><V131/><F69/><W8/><G57/><T49/><D49/><U87/><E120/><V1/><F68/><W35/><G50/><T112/><D112/><U9/><E60/><V29/><F55/><W64/><G64/><T53/><D53/><U40/><E40/><V122/><F122/><W42/><G42/><T17/><D17/><U3/><E3/><V80/><F1/><W117/><G117/><T59/><D59/><U135/><E135/><V12/><F131/><W71/><G71/><T58/><D58/><U38/><E38/><V25/><F12/><W62/><G62/><T65/><D65/><U128/><E128/><V88/><F15/><W21/><G45/><T96/><D96/><U106/><E16/><V61/><F61/><W121/><G44/><T19/><D19/><U52/><E52/><V104/><F43/><W97/><G121/><T116/><D116/><U54/><E54/><V63/><F41/><W30/><G97/><T74/><D74/><U73/><E73/><V18/><F72/><RYUUKYOKU ba="0,1" sc="172,30,224,-10,302,-10,292,-10" hai0="24,27,31,32,34,77,82,85,94,99,102,105,107" /><INIT seed="4,1,1,5,5,90" ten="202,214,292,282" oya="0" hai0="74,120,44,85,112,97,59,9,93,57,73,111,29" hai1="12,98,21,49,131,22,5,105,113,106,107,51,36" hai2="35,124,13,66,31,101,79,110,78,127,100,121,134" hai3="52,47,30,122,60,1,16,128,91,109,83,108,11"/><T50/><D120/><U40/><E36/><V38/><F110/><W88/><G122/><T62/><D112/><U32/><E32/><V75/><F121/><W96/><G30/><T117/><D117/><U104/><E113/><V48/><F38/><W17/><G128/><T133/><D133/><U39/><E131/><V125/><F134/><W72/><G109/><T119/><D119/><U15/><E39/><V92/><F66/><W135/><G108/><T19/><D111/><U58/><E98/><N who="2" m="59463" /><F75/><W37/><G135/><T45/><D74/><U76/><E76/><V4/><F101/><W115/><G115/><T27/><D73/><U103/><E103/><V114/><F114/><W129/><G129/><T46/><D85/><U130/><E130/><V14/><F48/><N who="3" m="28703" /><G37/><T24/><D29/><U81/><E104/><V102/><F102/><W25/><G72/><T18/><D18/><U10/><E107/><V80/><F80/><W64/><G1/><T126/><D126/><U33/><E81/><V54/><F54/><W56/><G83/><T53/><D9/><U68/><E10/><N who="2" m="4295" /><F14/><N who="3" m="7263" /><G96/><T132/><D132/><U20/><E105/><V71/><F71/><W123/><G123/><T2/><D2/><U43/><E68/><V87/><F87/><W0/><G0/><T89/><REACH who="0" step="1"/><D19/><REACH who="0" ten="192,214,292,282" step="2"/><U69/><E33/><V67/><F31/><W63/><G17/><T95/><D95/><U26/><E5/><V118/><F35/><W77/><G25/><T99/><D99/><U3/><E26/><V23/><F118/><W70/><G77/><N who="2" m="29193" /><F23/><W84/><G84/><T8/><D8/><RYUUKYOKU ba="1,2" sc="192,10,214,-30,292,10,282,10" hai0="24,27,44,45,46,50,53,57,59,62,89,93,97" hai2="67,124,125,127" hai3="56,60,63,64,70,88,91" /><INIT seed="4,2,2,4,4,132" ten="202,184,302,292" oya="0" hai0="131,3,79,39,67,35,130,16,117,76,84,87,122" hai1="99,46,20,34,96,71,47,7,127,89,9,80,55" hai2="68,5,91,105,38,110,41,19,22,109,129,121,43" hai3="94,85,60,53,104,106,108,28,48,69,119,78,10"/><T82/><D117/><U107/><E71/><V93/><F121/><W40/><G119/><T116/><D116/><U32/><E34/><V73/><F68/><W66/><G108/><T63/><D122/><U64/><E32/><V90/><F105/><W115/><G28/><T125/><D125/><U118/><E118/><V21/><F73/><W44/><G115/><T61/><D39/><U103/><E127/><V123/><F123/><W70/><G70/><T12/><D3/><U59/><E64/><V62/><F62/><W57/><G10/><N who="0" m="6167" /><D35/><U25/><E89/><V51/><F38/><N who="3" m="21527" /><G94/><T37/><D37/><U77/><E96/><V92/><F19/><W97/><G97/><T81/><D67/><U102/><E102/><V98/><F98/><W58/><G58/><T114/><D114/><U26/><E26/><V49/><F5/><W101/><G101/><T134/><D134/><U27/><E27/><V126/><F126/><W111/><G111/><T8/><D8/><U24/><E24/><V133/><F129/><AGARI ba="2,2" hai="61,63,76,79,81,82,84,87,129,130,131" m="6167" machi="129" ten="30,2900,0" yaku="19,1,54,1" doraHai="132" who="0" fromWho="2" sc="202,55,184,0,302,-35,292,0" /><INIT seed="4,3,0,5,4,72" ten="257,184,267,292" oya="0" hai0="45,123,97,55,96,9,34,36,8,83,115,17,102" hai1="7,116,87,79,42,21,99,109,23,48,49,18,33" hai2="67,135,60,32,53,124,131,110,10,58,104,38,111" hai3="81,5,13,90,74,126,64,128,14,82,105,46,4"/><T6/><D123/><U119/><E33/><V95/><F104/><W75/><G105/><T51/><D34/><U121/><E109/><V31/><F38/><W107/><G107/><T70/><D70/><U69/><E121/><V61/><F131/><W3/><G3/><T114/><D17/><U78/><E69/><V80/><F135/><W122/><G64/><T127/><D127/><U41/><E87/><V59/><F124/><W108/><G126/><T76/><D36/><U98/><E18/><V71/><F71/><W100/><G46/><T1/><D8/><U85/><E85/><V15/><F95/><W28/><G28/><T54/><D54/><U88/><E88/><V125/><F125/><W120/><G90/><T56/><D56/><U27/><E27/><V29/><F80/><W118/><G100/><T68/><D68/><U19/><E19/><V0/><F0/><W112/><G112/><N who="0" m="43051" /><D102/><U132/><REACH who="1" step="1"/><E7/><REACH who="1" ten="257,174,267,292" step="2"/><N who="2" m="3551" /><F32/><W22/><G108/><T35/><D35/><U86/><E86/><AGARI ba="3,1" hai="1,6,9,45,51,55,76,83,86,96,97" m="43051" machi="86" ten="30,2900,0" yaku="15,1,52,1" doraHai="72" who="0" fromWho="1" sc="257,48,174,-38,267,0,292,0" owari="305,40.0,136,-36.0,267,-13.0,292,9.0" /></mjloggm>