<mjloggm ver="2.3"><GO type="169" lobby="0"/><UN n0="%E3%83%97%E3%83%AD%E3%82%AD%E3%82%B7%E3%83%BC" n1="%E3%83%A6%E3%83%B3%E3%82%B1%E3%83%AB" n2="%6C%69%6C%68%61%6D%61" n3="%E3%82%A6%E3%83%AB%E3%83%88%E3%83%A9%E7%AB%8B%E7%9B%B4" dan="16,16,16,18" rate="2061.87,2088.69,2040.32,2205.46" sx="M,M,M,M"/><TAIKYOKU oya="0"/><INIT seed="0,0,0,4,0,96" ten="250,250,250,250" oya="0" hai0="66,95,121,89,72,117,41,65,12,58,3,86,32" hai1="124,28,114,39,92,31,108,42,99,123,134,78,27" hai2="122,111,61,91,4,129,97,30,84,46,125,115,55" hai3="60,82,59,110,14,10,40,116,127,77,35,133,88"/><T44/><D3/><U81/><E123/><V6/><F115/><W120/><G35/><T17/><D121/><U49/><E114/><V93/><F111/><W128/><G116/><T50/><D32/><U19/><E108/><V56/><F125/><W43/><G127/><T83/><D117/><U70/><E70/><V52/><F129/><W102/><G110/><T112/><D112/><U98/><E39/><V8/><F30/><W76/><G128/><T9/><D72/><U118/><E118/><V68/><F68/><W135/><G120/><T1/><D1/><U85/><E134/><V69/><F69/><W22/><G22/><T104/><D104/><U119/><E119/><V107/><F107/><W75/><G77/><T126/><D126/><U130/><E99/><V15/><F4/><W113/><G88/><N who="0" m="51295" /><D58/><U51/><E130/><V64/><F122/><W33/><G113/><T106/><D106/><U25/><E42/><V101/><REACH who="2" step="1"/><F46/><REACH who="2" ten="250,250,240,250" step="2"/><W21/><G135/><T80/><D80/><U36/><E124/><V26/><F26/><W7/><G82/><T34/><D34/><U13/><E27/><V53/><F53/><W16/><G33/><T18/><D18/><U73/><E25/><V109/><F109/><W74/><G16/><T48/><D48/><N who="1" m="18507" /><E36/><V23/><F23/><W63/><G21/><T0/><D0/><U100/><E73/><V54/><F54/><W37/><G74/><T132/><D132/><U105/><E105/><V57/><F57/><W11/><G75/><T62/><D62/><N who="3" m="23593" /><G59/><T29/><D29/><U103/><E31/><V67/><F67/><RYUUKYOKU ba="0,1" sc="250,15,250,-15,240,15,250,-15" hai0="9,12,17,41,44,50,65,66,89,95" hai2="6,8,15,52,55,56,61,64,84,91,93,97,101" /><INIT seed="0,1,1,5,4,11" ten="265,235,255,235" oya="0" hai0="99,39,67,38,98,77,42,68,45,132,80,130,61" hai1="82,119,121,15,41,17,20,55,37,36,109,12,131" hai2="30,127,120,3,128,134,29,97,5,108,71,10,103" hai3="1,24,114,18,58,93,66,43,14,87,118,123,60"/><T65/><D130/><U100/><E121/><V26/><F71/><W63/><G1/><T7/><D132/><U44/><E119/><V106/><F120/><W72/><G72/><T59/><D38/><U50/><E131/><V49/><F134/><W54/><G114/><T102/><D7/><U129/><E129/><V110/><F128/><W104/><G104/><T19/><D19/><U86/><E109/><N who="2" m="42091" /><F127/><W34/><G118/><T21/><D21/><U83/><E100/><V22/><F49/><W16/><G43/><T64/><D68/><U84/><E37/><V40/><F40/><W135/><G135/><T111/><D111/><U116/><E116/><V74/><F74/><W0/><G0/><T2/><D2/><U89/><E36/><V124/><F124/><W125/><G125/><T48/><D39/><U56/><E41/><V69/><F69/><W107/><G107/><T122/><D122/><U95/><E44/><V25/><F25/><W79/><G123/><T4/><D4/><U31/><E31/><AGARI ba="1,1" hai="3,5,10,22,26,29,30,31,97,103,106" m="42091" machi="31" ten="30,1000,0" yaku="14,1" doraHai="11" who="2" fromWho="1" sc="265,0,235,-13,255,23,235,0" /><INIT seed="1,0,0,4,4,125" ten="265,222,278,235" oya="1" hai0="133,34,104,128,41,25,37,49,52,14,31,122,11" hai1="77,132,2,60,22,89,93,26,29,94,18,118,106" hai2="130,27,56,36,72,80,0,53,39,30,120,71,109" hai3="58,40,65,101,110,7,45,82,42,76,32,35,96"/><U131/><E118/><V119/><F119/><W67/><G110/><T70/><D104/><U44/><E106/><V113/><F0/><W116/><G116/><T99/><D70/><U126/><E126/><V62/><F109/><W103/><G7/><T59/><D122/><U17/><E132/><V73/><F120/><W46/><G58/><T9/><D133/><U100/><E2/><V98/><F98/><W83/><G96/><T85/><D99/><N who="1" m="59503" /><E77/><AGARI ba="0,0" hai="32,35,40,42,45,46,65,67,76,77,82,83,101,103" machi="77" ten="25,1600,0" yaku="22,2" doraHai="125" who="3" fromWho="1" sc="265,0,222,-16,278,0,235,16" /><INIT seed="2,0,0,1,3,66" ten="265,206,278,251" oya="2" hai0="108,27,106,77,97,38,95,121,3,67,31,55,1" hai1="105,6,41,123,69,21,78,115,130,84,34,24,50" hai2="36,83,113,120,100,125,53,79,87,128,111,102,37" hai3="2,91,74,10,71,5,54,98,127,0,99,81,86"/><V26/><F120/><W19/><G127/><T29/><D121/><U48/><E115/><V124/><F113/><W32/><G32/><T58/><D38/><U118/><E105/><V9/><F128/><W18/><G2/><T101/><D108/><U14/><E118/><V39/><F111/><W92/><G71/><T46/><D77/><U104/><E104/><V57/><F26/><W82/><G54/><T116/><D116/><U42/><E130/><V112/><F9/><W129/><G129/><T20/><D31/><U7/><E34/><V75/><F75/><W131/><G131/><T52/><D106/><U68/><E84/><V49/><REACH who="2" step="1"/><F112/><REACH who="2" ten="265,206,268,251" step="2"/><W23/><G74/><T22/><D20/><U63/><E123/><V122/><F122/><W59/><G23/><T47/><D1/><U94/><E21/><V28/><F28/><W132/><G10/><T33/><D3/><U85/><E24/><V45/><F45/><N who="0" m="16906" /><D33/><U103/><E42/><V90/><F90/><W15/><G91/><T35/><D35/><U126/><E41/><V107/><F107/><W44/><G44/><T65/><D55/><U17/><E126/><AGARI ba="0,1" hai="36,37,39,49,53,57,79,83,87,100,102,124,125,126" machi="126" ten="50,4800,0" yaku="1,1,18,1,53,0" doraHai="66" doraHaiUra="61" who="2" fromWho="1" sc="265,0,206,-48,268,58,251,0" /><INIT seed="2,1,0,5,1,10" ten="265,158,326,251" oya="2" hai0="66,78,70,73,85,19,26,104,31,131,110,45,108" hai1="117,21,3,86,97,62,111,32,52,124,74,72,116" hai2="44,129,109,33,121,24,102,90,46,87,132,107,5" hai3="25,47,114,134,99,35,89,7,135,13,71,93,128"/><V67/><F121/><W94/><G71/><T84/><D104/><U15/><E32/><V49/><F129/><W48/><G128/><T81/><D131/><U36/><E3/><V79/><F67/><W27/><G94/><T112/><D112/><U65/><E111/><N who="0" m="42537" /><D45/><U100/><E124/><V14/><F79/><W113/><G35/><N who="0" m="20983" /><D19/><U38/><E74/><V106/><F44/><W40/><G27/><T133/><D133/><N who="3" m="50697" /><G25/><T91/><D91/><U98/><E72/><V120/><F132/><W51/><G51/><T29/><D29/><U127/><E38/><V68/><F109/><W64/><G64/><T42/><D42/><U63/><E36/><V16/><F107/><W96/><G96/><T95/><D95/><U88/><E98/><V58/><F106/><W8/><AGARI ba="1,0" hai="7,8,13,40,47,48,89,93,99,113,114" m="50697" machi="8" ten="30,2000,0" yaku="20,1,52,1" doraHai="10" who="3" fromWho="3" sc="265,-6,158,-6,326,-11,251,23" /><INIT seed="3,0,0,2,2,44" ten="259,152,315,274" oya="3" hai0="22,105,113,8,119,82,68,23,64,1,93,121,63" hai1="15,75,100,133,131,73,115,54,108,50,101,53,74" hai2="102,28,124,65,89,88,83,128,19,112,33,92,104" hai3="111,46,84,4,42,117,87,59,79,62,40,77,24"/><W99/><G117/><T96/><D119/><U127/><E115/><V103/><F65/><W110/><G4/><T125/><D121/><U36/><E36/><V97/><F19/><W26/><G99/><T18/><D105/><U91/><E108/><N who="3" m="41514" /><G59/><T69/><D69/><U72/><E133/><V90/><F28/><W58/><G58/><N who="0" m="36983" /><D125/><U12/><E127/><V6/><F33/><W9/><G9/><T13/><D68/><U120/><E120/><V126/><F6/><W43/><G62/><T31/><D1/><U56/><E131/><V129/><F112/><W25/><G46/><T106/><D106/><U67/><E67/><V37/><F37/><W78/><AGARI ba="0,0" hai="24,25,26,40,42,43,77,78,79,84,87" m="41514" machi="78" ten="40,18000,2" yaku="29,2,28,2,14,1,10,1" doraHai="44" who="3" fromWho="3" sc="259,-60,152,-60,315,-60,274,180" /><INIT seed="3,1,0,2,4,77" ten="199,92,255,454" oya="3" hai0="96,36,19,37,121,92,52,97,115,104,81,99,22" hai1="63,135,59,72,26,46,25,98,67,90,133,9,24" hai2="127,51,29,65,49,114,42,89,113,21,43,8,57" hai3="27,93,123,73,2,64,30,100,85,38,111,10,31"/><W76/><G123/><T17/><D121/><U94/><E72/><V101/><F101/><W55/><G38/><T14/><D104/><U105/><E105/><V40/><F127/><W110/><G64/><T35/><D35/><U78/><E78/><V84/><F8/><W13/><G2/><T122/><D122/><U11/><REACH who="1" step="1"/><E46/><REACH who="1" ten="199,82,255,454" step="2"/><V62/><F114/><W79/><G76/><T74/><D115/><U66/><E66/><V128/><F113/><W120/><G73/><T69/><D74/><U132/><AGARI ba="1,1" hai="9,11,24,25,26,59,63,67,90,94,98,132,133,135" machi="132" ten="40,12000,2" yaku="1,1,0,1,20,1,53,3" doraHai="77" doraHaiUra="20" who="1" fromWho="1" sc="199,-31,82,133,255,-31,454,-61" /><INIT seed="4,0,0,1,1,3" ten="168,215,224,393" oya="0" hai0="113,118,77,25,96,126,116,15,78,32,30,45,100" hai1="76,114,122,67,36,128,35,71,34,111,4,19,125" hai2="7,44,29,6,88,119,9,134,5,57,49,26,24" hai3="107,27,82,101,69,47,83,70,132,104,59,93,94"/><T120/><D120/><U89/><E122/><V102/><F102/><W66/><G59/><T85/><D126/><U50/><E111/><V90/><F134/><W14/><G27/><N who="2" m="10281" /><F29/><W129/><G14/><T105/><D113/><U53/><E36/><V135/><F135/><W2/><G47/><T56/><D45/><U41/><E41/><N who="2" m="24719" /><F119/><W23/><G101/><T46/><D46/><U42/><E42/><V65/><F9/><W91/><G70/><T11/><D56/><U1/><E35/><V87/><F87/><W28/><G69/><T86/><D86/><U31/><E34/><V33/><F33/><W52/><G104/><T81/><REACH who="0" step="1"/><D78/><REACH who="0" ten="158,215,224,393" step="2"/><U61/><E125/><V98/><F98/><W117/><G132/><T20/><D20/><U109/><E114/><V124/><F124/><W63/><G23/><T99/><D99/><U18/><E76/><V54/><F65/><W92/><G66/><T38/><D38/><U123/><E123/><V133/><F133/><W22/><G22/><T115/><D115/><U8/><E71/><V40/><F40/><W73/><G117/><T106/><D106/><U51/><E67/><V48/><AGARI ba="0,1" hai="5,6,7,48,54,57,88,90" m="24719,10281" machi="48" ten="30,8000,1" yaku="8,1,52,3,54,1" doraHai="3" who="2" fromWho="2" sc="158,-40,215,-20,224,90,393,-20" /><INIT seed="5,0,0,1,4,44" ten="118,195,314,373" oya="1" hai0="6,70,67,78,43,76,131,18,127,30,87,3,116" hai1="104,10,119,121,103,39,112,90,68,27,86,106,65" hai2="134,23,42,80,117,126,91,58,21,120,133,37,50" hai3="101,59,60,52,34,26,88,130,132,13,46,47,84"/><U38/><E119/><V95/><F120/><W82/><G130/><T105/><D105/><U89/><E121/><V56/><F37/><W69/><G132/><T54/><D116/><U71/><E112/><V75/><F117/><W124/><G124/><T40/><D30/><U4/><E27/><V135/><F126/><W31/><G101/><T92/><D127/><U64/><E86/><N who="2" m="52727" /><F80/><W0/><G0/><T111/><D111/><U24/><E24/><V77/><F77/><W83/><G69/><T99/><D131/><U16/><E10/><V48/><F75/><W20/><G83/><T12/><D3/><U62/><E103/><V57/><F42/><N who="0" m="15914" /><D70/><U19/><REACH who="1" step="1"/><E62/><REACH who="1" ten="118,185,314,373" step="2"/><V115/><F115/><W17/><AGARI ba="0,1" hai="13,17,20,26,31,34,46,47,52,59,60,82,84,88" machi="17" ten="30,4000,0" yaku="0,1,54,2" doraHai="44" who="3" fromWho="3" sc="118,-10,185,-20,314,-10,373,50" /><INIT seed="6,0,0,2,1,5" ten="108,165,304,423" oya="2" hai0="84,123,20,58,16,18,134,53,128,42,14,101,29" hai1="86,45,129,98,10,116,41,67,6,88,83,50,110" hai2="125,7,57,75,2,60,36,1,3,121,87,130,9" hai3="47,113,17,65,56,44,15,70,13,108,92,111,55"/><V62/><F36/><W118/><G118/><T127/><D123/><U80/><E116/><V85/><F75/><W31/><G31/><T109/><D109/><U79/><E110/><V71/><F121/><W73/><G73/><T8/><D127/><U35/><E35/><V66/><F125/><W115/><G15/><N who="0" m="7527" /><D128/><U4/><E129/><V49/><F49/><W119/><G119/><T28/><D134/><U135/><E135/><V69/><F69/><W106/><G106/><T81/><D101/><U122/><E122/><V24/><F24/><W114/><G65/><T59/><D42/><U23/><E67/><V30/><F30/><N who="0" m="11882" /><D53/><U61/><E61/><V76/><F130/><W54/><G70/><T124/><D124/><U68/><E68/><V51/><F71/><W39/><G92/><T107/><D107/><U96/><E23/><V11/><F66/><W94/><G94/><T63/><D63/><U99/><REACH who="1" step="1"/><E10/><REACH who="1" ten="108,155,304,423" step="2"/><V33/><F62/><W37/><G111/><T25/><D25/><U104/><E104/><V132/><F60/><W100/><G108/><T64/><D64/><U90/><E90/><AGARI ba="0,1" hai="14,16,20,58,59,81,84,90" m="11882,7527" machi="90" ten="30,3900,0" yaku="8,1,52,1,54,1" doraHai="5" who="0" fromWho="1" sc="108,49,155,-39,304,0,423,0" /><INIT seed="7,0,0,4,3,122" ten="157,116,304,423" oya="3" hai0="75,47,127,134,38,42,106,11,65,35,0,41,57" hai1="78,68,39,7,135,84,132,34,114,76,103,83,52" hai2="80,8,104,54,129,112,50,21,12,32,30,58,51" hai3="67,110,3,59,55,130,116,4,53,22,77,48,27"/><W97/><G67/><T126/><D106/><U90/><E114/><V25/><F104/><W100/><G77/><T131/><D35/><U81/><E34/><V89/><F32/><W107/><G55/><T24/><D75/><N who="1" m="43167" /><E68/><V123/><F123/><W102/><G110/><T33/><D42/><U1/><E39/><V74/><F50/><W87/><G87/><T121/><D121/><U111/><E7/><V124/><F8/><W91/><G91/><T56/><D65/><U86/><E1/><V10/><F12/><W72/><G102/><T133/><D11/><U113/><E52/><V9/><F54/><W95/><G72/><T82/><D0/><U43/><E43/><V31/><F74/><W37/><G130/><T64/><D24/><U99/><E113/><V40/><F40/><W96/><G116/><T23/><D23/><U108/><E86/><V71/><F71/><W14/><G14/><T105/><D33/><U101/><E90/><V20/><F89/><W2/><G4/><T115/><D115/><U98/><E103/><V62/><F112/><W45/><G96/><N who="1" m="36906" /><E101/><V15/><F25/><W85/><G27/><T94/><D38/><U88/><E78/><V17/><F21/><W66/><G22/><T70/><D41/><U93/><E83/><V49/><F80/><W6/><G53/><T29/><D82/><U60/><E60/><V69/><F62/><W28/><G48/><T125/><D70/><U120/><E120/><V79/><F69/><W128/><G2/><T109/><D64/><U18/><E18/><V63/><F17/><W46/><G3/><RYUUKYOKU ba="0,0" sc="157,-10,116,30,304,-10,423,-10" hai1="84,88,93,108,111,132,135" owari="147,-25.0,146,-35.0,294,9.0,413,51.0" /></mjloggm>