<mjloggm ver="2.3"><GO type="169" lobby="0"/><UN n0="%74%61%63%6F%73" n1="%E3%83%81%E3%83%A3%E3%82%AA%E3%83%A9%E3%83%BC" n2="%E3%82%A6%E3%83%AB%E3%83%88%E3%83%A9%E7%AB%8B%E7%9B%B4" n3="%E3%81%8B%E3%81%AB%E3%83%9E%E3%82%B8%E3%83%B3" dan="17,16,16,17" rate="2152.67,2098.11,2165.05,2156.11" sx="M,M,M,M"/><TAIKYOKU oya="0"/><INIT seed="0,0,0,4,4,98" ten="250,250,250,250" oya="0" hai0="93,118,8,45,87,58,7,79,78,120,27,57,107" hai1="83,32,24,123,121,124,66,99,81,76,19,37,117" hai2="9,68,3,103,16,33,34,28,133,90,36,26,77" hai3="49,39,52,100,51,88,31,53,113,41,69,6,111"/><T115/><D107/><U64/><E37/><V60/><F133/><W84/><G113/><T48/><D120/><U59/><E117/><V12/><F36/><W71/><G111/><T23/><D118/><U14/><E124/><V72/><F34/><W18/><G31/><T105/><D105/><U0/><E0/><V110/><F110/><W47/><G6/><T1/><D115/><U125/><E125/><V92/><F3/><W131/><G131/><T35/><D35/><U126/><E126/><V43/><F43/><W119/><G119/><T30/><D79/><U2/><E2/><V130/><F130/><W122/><G122/><T132/><D132/><U44/><E44/><V55/><F77/><W127/><G127/><T94/><D94/><U75/><E83/><V62/><F72/><W65/><G18/><T13/><D1/><U4/><E4/><V82/><F68/><W5/><G5/><T25/><D25/><U102/><E24/><V80/><F103/><W40/><G100/><T129/><D129/><U128/><E32/><V54/><F62/><W73/><G73/><T109/><D109/><U63/><E66/><V104/><F104/><W106/><G106/><T20/><D20/><N who="1" m="11383" /><E128/><V74/><F74/><W10/><G10/><T135/><D135/><U112/><E112/><V97/><REACH who="2" step="1"/><F60/><REACH who="2" ten="250,250,240,250" step="2"/><N who="3" m="40103" /><G71/><T96/><D78/><U91/><E102/><V108/><F108/><W85/><G39/><T11/><D48/><U114/><E114/><V134/><F134/><W46/><G88/><T86/><D7/><U70/><E70/><V21/><F21/><W42/><AGARI ba="0,1" hai="40,41,42,46,47,49,51,52,53,84,85" m="40103" machi="42" ten="30,2000,0" yaku="5,1,54,1" doraHai="98" who="3" fromWho="3" sc="250,-10,250,-5,240,-5,250,30" /><INIT seed="1,0,0,5,3,13" ten="240,245,235,280" oya="1" hai0="85,117,119,71,65,32,28,44,127,84,73,78,35" hai1="102,108,39,17,124,83,58,88,7,72,21,77,114" hai2="29,82,120,80,99,9,130,87,49,116,26,90,11" hai3="15,111,121,38,109,46,92,81,37,31,54,1,86"/><U98/><E114/><V45/><F120/><W59/><G1/><T20/><D127/><U10/><E39/><V22/><F116/><W8/><G92/><T107/><D107/><U36/><E36/><V79/><F130/><W34/><G31/><T57/><D71/><U132/><E124/><V56/><F56/><W128/><G34/><T25/><D73/><U93/><E132/><V4/><F4/><W76/><G121/><T126/><D126/><U61/><E108/><N who="3" m="41546" /><G46/><T131/><D131/><U103/><E10/><V133/><F133/><W27/><G27/><T104/><D104/><U41/><E41/><V40/><REACH who="2" step="1"/><F99/><REACH who="2" ten="240,245,225,280" step="2"/><W89/><G128/><T101/><D57/><U55/><REACH who="1" step="1"/><E7/><REACH who="1" ten="240,235,225,280" step="2"/><V113/><F113/><W115/><G115/><T129/><D129/><U64/><E64/><V112/><F112/><W75/><G37/><T3/><D117/><U5/><E5/><V122/><F122/><W123/><G38/><T63/><D119/><U67/><E67/><V48/><F48/><W105/><G123/><T91/><D65/><U94/><E94/><V70/><F70/><W74/><G105/><T6/><D6/><U50/><E50/><V60/><F60/><W30/><G81/><T53/><D63/><U2/><E2/><V66/><F66/><W12/><G54/><T69/><D53/><U110/><E110/><V95/><F95/><W43/><G43/><T106/><D106/><U14/><AGARI ba="0,2" hai="14,17,21,55,58,61,72,77,83,88,93,98,102,103" machi="14" ten="20,12000,1" yaku="1,1,0,1,7,1,52,1,54,1,53,0" doraHai="13" doraHaiUra="100" who="1" fromWho="1" sc="240,-40,235,140,225,-40,280,-40" /><INIT seed="1,1,0,5,2,63" ten="200,375,185,240" oya="1" hai0="39,10,110,24,112,94,48,131,124,116,99,9,96" hai1="3,92,119,80,67,133,134,129,59,87,43,4,25" hai2="90,29,45,69,30,106,85,60,104,41,62,27,111" hai3="77,57,123,122,14,88,19,74,66,82,20,115,31"/><U65/><E119/><V126/><F111/><W2/><G2/><T84/><D39/><U32/><E129/><V78/><F126/><W46/><G115/><T117/><D112/><U73/><E73/><V7/><F7/><W34/><G46/><T16/><D110/><U108/><E108/><V64/><F78/><W72/><G72/><T107/><D124/><U54/><E43/><V93/><F62/><W0/><G0/><T53/><D131/><U102/><E4/><V127/><F127/><W130/><G130/><T89/><D116/><U26/><E3/><V125/><F125/><W70/><G70/><T42/><D42/><U8/><E8/><N who="0" m="3177" /><D107/><U98/><E32/><V81/><F93/><W18/><G18/><T128/><D128/><U61/><E26/><V101/><F101/><W76/><G31/><T100/><D100/><U15/><E15/><V109/><F29/><W118/><G34/><T51/><D51/><U97/><E97/><V28/><F28/><W49/><G118/><T105/><D105/><U40/><E25/><V12/><F12/><W38/><G38/><T50/><D50/><U13/><E13/><V23/><REACH who="2" step="1"/><F109/><REACH who="2" ten="200,375,175,240" step="2"/><W47/><G14/><T120/><D117/><U1/><E1/><V37/><AGARI ba="1,1" hai="23,27,30,37,41,45,60,64,69,81,85,90,104,106" machi="37" ten="20,8000,1" yaku="1,1,2,1,0,1,7,1,52,1,53,0" doraHai="63" doraHaiUra="121" who="2" fromWho="2" sc="200,-21,375,-41,175,93,240,-21" /><INIT seed="2,0,0,5,3,113" ten="179,334,268,219" oya="2" hai0="58,49,52,60,57,93,89,108,63,69,129,53,9" hai1="66,42,127,64,2,132,102,38,61,109,23,54,78" hai2="70,87,31,25,1,86,134,72,39,123,124,8,120" hai3="105,77,91,55,119,43,131,46,16,107,32,97,75"/><V73/><F87/><W118/><G32/><T65/><D108/><U10/><E109/><V94/><F86/><W36/><G131/><T5/><D129/><U84/><E102/><V28/><F94/><W130/><G130/><T26/><D26/><U115/><E115/><V13/><F70/><W41/><G41/><T81/><D81/><U80/><E132/><V82/><F39/><W37/><G37/><T98/><D9/><U14/><E127/><V29/><F82/><W0/><G0/><T110/><D110/><U117/><E117/><V101/><F101/><W135/><G55/><T121/><REACH who="0" step="1"/><D5/><REACH who="0" ten="169,334,268,219" step="2"/><U3/><E10/><V116/><F25/><W114/><G114/><T34/><D34/><U18/><E80/><V104/><F8/><W67/><G135/><T40/><D40/><U90/><E42/><V100/><F134/><W125/><G43/><T62/><D62/><U71/><E61/><V30/><F123/><AGARI ba="0,1" hai="49,52,53,57,58,60,63,65,69,89,93,98,121,123" machi="123" ten="40,2600,0" yaku="1,1,54,1,53,0" doraHai="113" doraHaiUra="112" who="0" fromWho="2" sc="169,36,334,0,268,-26,219,0" /><INIT seed="3,0,0,3,5,64" ten="205,334,242,219" oya="3" hai0="19,120,74,22,54,119,90,97,80,76,93,99,114" hai1="116,59,95,34,58,61,31,112,3,17,66,30,134" hai2="0,63,83,21,43,12,25,35,126,13,33,131,69" hai3="62,72,125,15,39,124,68,102,110,57,32,96,49"/><W82/><G39/><T55/><D119/><U41/><E3/><V52/><F126/><N who="3" m="48747" /><G32/><T45/><D120/><U103/><E112/><V88/><F131/><W130/><G130/><T9/><D114/><U16/><E116/><V108/><F0/><W133/><G133/><T8/><D97/><N who="1" m="59839" /><E34/><V81/><F108/><W40/><G110/><T53/><REACH who="0" step="1"/><D45/><REACH who="0" ten="195,334,242,219" step="2"/><U56/><E134/><V44/><F44/><N who="3" m="25735" /><G96/><T115/><D115/><U11/><E66/><V6/><F35/><W100/><G15/><AGARI ba="0,1" hai="8,9,15,19,22,53,54,55,74,76,80,90,93,99" machi="15" ten="40,2600,0" yaku="1,1,53,1" doraHai="64" doraHaiUra="84" who="0" fromWho="3" sc="195,36,334,0,242,0,219,-26" /><INIT seed="4,0,0,2,5,7" ten="231,334,242,193" oya="0" hai0="19,21,89,57,88,103,119,97,47,25,77,96,16" hai1="6,91,50,101,61,37,65,24,116,51,117,93,82" hai2="131,30,45,14,105,78,29,28,108,10,121,120,100" hai3="39,90,133,59,92,60,67,71,23,43,18,11,76"/><T113/><D119/><U129/><E37/><V8/><F78/><W74/><G133/><T81/><D113/><U68/><E129/><V9/><F100/><W17/><G74/><T42/><D57/><U125/><E125/><V73/><F105/><W56/><G76/><T27/><D27/><U52/><E51/><V102/><F102/><W0/><G39/><T80/><D19/><U85/><E24/><V41/><F73/><W134/><G43/><T127/><D127/><U58/><E6/><N who="2" m="3351" /><F45/><W33/><G33/><T94/><D96/><U66/><E66/><V54/><F54/><W15/><G134/><T49/><REACH who="0" step="1"/><D81/><REACH who="0" ten="221,334,242,193" step="2"/><U1/><E117/><V34/><F131/><W48/><G18/><T99/><D99/><U114/><E116/><V126/><F126/><W63/><G71/><T112/><D112/><U98/><E114/><V118/><F118/><W62/><G56/><T132/><D132/><U70/><E1/><V84/><F34/><W106/><G0/><T44/><D44/><AGARI ba="0,1" hai="44,50,52,58,61,65,68,70,82,85,91,93,98,101" machi="44" ten="30,2000,0" yaku="7,1,54,1" doraHai="7" who="1" fromWho="0" sc="221,-20,334,30,242,0,193,0" /><INIT seed="5,0,0,2,2,32" ten="201,364,242,193" oya="1" hai0="34,82,133,112,30,44,123,81,131,117,116,10,86" hai1="124,0,66,128,4,51,40,102,71,19,84,57,107" hai2="73,59,31,53,33,65,100,96,24,43,89,92,14" hai3="27,119,1,47,110,93,88,55,103,2,121,56,39"/><U91/><E71/><V60/><F73/><W13/><G110/><T109/><D34/><U104/><E128/><V105/><F43/><W7/><G121/><T90/><D30/><U11/><E124/><V115/><F115/><W78/><G103/><T97/><D44/><U77/><E77/><V126/><F126/><W22/><G78/><N who="0" m="46391" /><D10/><U79/><E79/><V46/><F14/><W118/><G13/><T132/><D109/><U98/><E19/><V114/><F114/><W87/><G47/><T41/><D41/><U35/><E35/><V17/><F17/><N who="3" m="12751" /><G7/><T9/><D9/><U5/><E5/><V129/><F129/><W54/><G54/><T99/><D112/><U42/><E107/><V127/><F127/><W6/><G6/><T111/><D111/><U29/><E29/><V26/><F26/><W38/><G38/><T125/><D125/><U135/><E135/><N who="0" m="51785" /><D123/><U58/><E66/><V45/><F53/><W68/><G39/><T18/><D131/><U130/><E130/><V94/><F105/><W16/><G16/><T80/><D18/><U52/><REACH who="1" step="1"/><E58/><REACH who="1" ten="201,354,242,193" step="2"/><V20/><F33/><W37/><G68/><T62/><D116/><N who="3" m="44585" /><G37/><T83/><D117/><U76/><E76/><V74/><F74/><W36/><G36/><T12/><D12/><U67/><E67/><V69/><F69/><W21/><G21/><T63/><D90/><U85/><E85/><AGARI ba="0,1" hai="20,24,31,45,46,59,60,65,85,89,92,94,96,100" machi="85" ten="30,7700,0" yaku="7,1,25,2,8,1" doraHai="32" who="2" fromWho="1" sc="201,0,354,-77,242,87,193,0" /><INIT seed="6,0,0,4,4,38" ten="201,277,329,193" oya="2" hai0="45,71,124,32,3,104,15,78,34,86,126,100,44" hai1="47,88,39,60,49,18,19,31,70,36,30,17,89" hai2="10,96,98,56,108,123,6,125,37,48,75,132,62" hai3="90,20,133,43,14,66,115,53,9,131,64,57,1"/><V46/><F123/><W80/><G133/><T29/><D71/><U0/><E0/><V52/><F132/><W76/><G131/><T117/><D117/><U73/><E73/><V102/><F125/><N who="0" m="48234" /><D3/><U120/><E120/><V107/><F75/><W74/><G115/><T4/><D104/><U21/><E60/><V93/><F37/><W61/><G1/><T112/><D100/><U2/><E2/><V13/><F108/><W114/><G114/><T7/><D112/><U97/><E70/><V68/><F68/><W55/><G20/><T24/><D34/><U92/><E89/><V121/><F121/><W101/><G101/><T59/><D59/><U50/><E50/><V87/><F87/><W63/><G90/><T128/><D128/><U67/><E67/><V54/><F107/><W23/><G23/><T130/><D130/><U91/><E91/><V95/><F95/><W113/><G113/><T11/><D7/><U58/><E58/><V119/><F119/><W22/><G22/><T110/><D110/><U83/><E83/><AGARI ba="0,0" hai="4,11,15,24,29,32,44,45,78,83,86" m="48234" machi="83" ten="30,1000,0" yaku="18,1" doraHai="38" who="0" fromWho="1" sc="201,10,277,-10,329,0,193,0" /><INIT seed="7,0,0,1,3,47" ten="211,267,329,193" oya="3" hai0="129,76,123,50,109,73,95,135,121,119,64,122,96" hai1="20,40,86,28,107,134,116,93,2,91,48,100,60" hai2="106,33,11,133,84,42,52,55,26,46,124,82,131" hai3="79,17,35,34,9,115,128,118,29,74,113,126,71"/><W63/><G118/><T51/><D119/><U88/><E2/><V38/><F106/><W1/><G79/><T30/><D109/><U6/><E116/><V43/><F42/><W101/><G74/><T132/><D30/><U8/><E134/><N who="0" m="51241" /><D129/><U15/><E60/><V56/><F43/><W21/><G101/><N who="0" m="60575" /><D64/><U77/><E77/><V120/><F38/><W62/><G128/><T45/><D45/><N who="1" m="25639" /><E107/><V97/><F120/><W67/><G126/><T66/><D66/><U44/><E44/><V53/><F124/><W23/><G63/><T5/><D5/><U18/><E28/><V24/><F33/><W57/><G71/><T85/><D73/><U89/><E100/><V99/><F131/><W3/><G3/><T39/><D39/><U105/><E105/><V27/><F46/><W78/><G78/><T65/><D65/><U59/><E59/><V37/><F56/><W83/><G34/><T14/><D14/><N who="1" m="5399" /><E93/><V69/><F37/><W81/><G35/><T4/><D4/><U127/><E127/><V80/><F69/><W98/><G1/><T0/><D0/><U10/><E86/><V13/><F84/><W75/><G75/><T25/><D25/><U103/><E103/><V31/><F31/><W125/><G125/><T111/><D111/><U114/><E114/><N who="3" m="43530" /><G98/><N who="2" m="37385" /><F133/><W110/><G110/><T32/><D32/><U130/><E130/><V87/><F87/><W7/><G7/><AGARI ba="0,0" hai="7,11,13,24,26,27,52,53,55,80,82" m="37385" machi="7" ten="30,2000,0" yaku="8,1,54,1" doraHai="47" who="2" fromWho="3" sc="211,0,267,0,329,20,193,-20" owari="211,-19.0,267,7.0,349,45.0,173,-33.0" /></mjloggm>