<mjloggm ver="2.3"><GO type="97" lobby="0"/><UN n0="%53%4E%46" n1="%E3%81%B3%E3%81%B3%E3%82%93%E3%81%B0%E3%81%A0%E3%82%88" n2="%E5%B0%B1%E6%B4%BB%E7%94%9F%40%E5%B7%9D%E6%9D%91%E8%BB%8D%E5%9B%A3" n3="%E3%83%BE%28%EF%BC%BE%E2%98%86%EF%BC%BE%29%E3%83%8E" dan="14,14,14,13" rate="1964.05,1951.55,1964.75,1853.57" sx="M,F,M,M"/><TAIKYOKU oya="0"/><INIT seed="0,0,0,3,1,31" ten="250,250,250,250" oya="0" hai0="25,38,101,14,85,40,92,83,105,84,133,110,79" hai1="109,55,6,12,125,130,116,131,134,107,64,51,104" hai2="68,120,89,22,111,106,63,27,3,39,59,71,121" hai3="69,81,117,26,42,86,114,99,97,135,44,74,58"/><T52/><D52/><U29/><BYE who="0" /><E116/><UN n0="%53%4E%46" /><V72/><F72/><W24/><G69/><T11/><D25/><U7/><E109/><V0/><F39/><W1/><G114/><T18/><D40/><U108/><E108/><V33/><F106/><W41/><G135/><T66/><D38/><U15/><E134/><V127/><F111/><W49/><G74/><T2/><D110/><U19/><E29/><V76/><F127/><W98/><G1/><T70/><D133/><U13/><E64/><V129/><F76/><W46/><G58/><T115/><D115/><U9/><E125/><V96/><F129/><N who="1" m="49161" /><E15/><V23/><F68/><W82/><G117/><T126/><D126/><U17/><E17/><V102/><F89/><W123/><G123/><T122/><D122/><U73/><E73/><V128/><F128/><W28/><G28/><T119/><D119/><U21/><E6/><V103/><F71/><W35/><G35/><T91/><D2/><U62/><E62/><V93/><F103/><W20/><G20/><T113/><D113/><U80/><E80/><N who="3" m="30826" /><G86/><T30/><D30/><U60/><E60/><V118/><F118/><W57/><G57/><AGARI ba="0,0" hai="7,9,12,13,19,21,51,55,57,104,107" m="49161" machi="57" ten="30,1000,0" yaku="19,1" doraHai="31" who="1" fromWho="3" sc="250,0,250,10,250,0,250,-10" /><INIT seed="1,0,0,0,5,92" ten="250,260,250,240" oya="1" hai0="82,85,131,97,51,12,63,56,33,71,31,61,98" hai1="83,48,67,37,62,78,79,115,125,130,105,42,21" hai2="18,65,122,45,32,88,111,76,86,16,46,127,99" hai3="58,128,52,109,34,6,73,14,0,26,77,103,49"/><U129/><E125/><V104/><F32/><W47/><G128/><N who="1" m="49258" /><E115/><V9/><F122/><W101/><G109/><T64/><D131/><U5/><E37/><V117/><F117/><W116/><G0/><T1/><D1/><U107/><E5/><V124/><F111/><W134/><G134/><T70/><D51/><U75/><E78/><V7/><F65/><W27/><G116/><T126/><D126/><N who="2" m="48170" /><F76/><W50/><G73/><T57/><D31/><U20/><E42/><V84/><F45/><W123/><G123/><T96/><D33/><U81/><E81/><N who="2" m="49167" /><F86/><W44/><G77/><T43/><D43/><U94/><E94/><V23/><F46/><N who="3" m="17451" /><G34/><T25/><D25/><N who="3" m="9225" /><G49/><T19/><D85/><U93/><E48/><V68/><F23/><N who="1" m="8777" /><E93/><V120/><F68/><AGARI ba="0,0" hai="62,67,68,75,79,83,105,107" m="8777,49258" machi="68" ten="30,1500,0" yaku="19,1" doraHai="92" who="1" fromWho="2" sc="250,0,260,15,250,-15,240,0" /><INIT seed="1,1,0,3,3,81" ten="250,275,235,240" oya="1" hai0="132,46,37,12,28,130,70,90,58,103,31,16,93" hai1="125,22,82,34,19,76,10,107,60,118,54,57,20" hai2="41,36,39,11,91,110,105,3,113,114,27,26,115" hai3="29,135,32,95,67,87,62,104,79,56,5,38,102"/><U122/><E118/><V4/><F105/><W66/><G135/><T86/><D70/><U48/><E122/><V24/><F110/><W106/><G38/><T43/><D132/><U47/><E125/><V21/><F41/><W42/><G42/><T52/><D103/><U92/><E107/><V44/><F44/><W63/><G5/><T50/><D130/><U69/><E69/><V15/><F91/><W96/><G32/><T77/><D77/><U80/><E34/><V123/><F123/><W53/><G29/><T17/><D17/><AGARI ba="1,0" hai="3,4,11,15,17,21,24,26,27,36,39,113,114,115" machi="17" ten="50,1600,0" yaku="11,1" doraHai="81" who="2" fromWho="0" sc="250,-19,275,0,235,19,240,0" /><INIT seed="2,0,0,4,5,107" ten="231,275,254,240" oya="2" hai0="34,77,36,26,22,111,6,128,13,51,31,0,38" hai1="25,71,14,17,117,87,83,135,104,99,127,9,20" hai2="109,91,105,130,114,95,11,28,123,80,27,18,49" hai3="122,129,125,92,24,42,15,47,85,57,21,10,86"/><V46/><F123/><W67/><G122/><T121/><D77/><U39/><E117/><V4/><F105/><W19/><G129/><T65/><D65/><U48/><E39/><V110/><F114/><W59/><G125/><T72/><D121/><U30/><E127/><V126/><F126/><W69/><G69/><T45/><D128/><U84/><E135/><V96/><F130/><W2/><G2/><T64/><D64/><U112/><E112/><V41/><F18/><W29/><G67/><T94/><D72/><U100/><E71/><V63/><F63/><W12/><G12/><T90/><D111/><N who="2" m="42506" /><F80/><W43/><G43/><T70/><D70/><U93/><E83/><V74/><F74/><W40/><G40/><T89/><D89/><U98/><REACH who="1" step="1"/><E48/><REACH who="1" ten="231,265,254,240" step="2"/><V76/><F76/><W66/><G66/><T132/><D132/><U113/><E113/><V61/><F61/><W8/><G92/><T73/><D38/><U3/><E3/><V55/><F41/><W58/><G8/><T75/><D36/><U32/><E32/><N who="2" m="20511" /><F11/><W133/><G133/><T79/><D79/><U102/><AGARI ba="0,1" hai="9,14,17,20,25,30,84,87,93,98,99,100,102,104" machi="102" ten="20,2700,0" yaku="1,1,0,1,7,1,53,0" doraHai="107" doraHaiUra="62" who="1" fromWho="1" sc="231,-7,265,37,254,-13,240,-7" /><INIT seed="3,0,0,1,5,130" ten="224,302,241,233" oya="3" hai0="119,39,94,77,33,111,74,20,22,68,101,84,134" hai1="108,43,57,60,0,125,93,24,42,66,121,32,76" hai2="69,23,18,109,1,127,78,8,45,91,12,122,90" hai3="15,115,31,7,96,82,37,124,27,50,2,34,58"/><W100/><G37/><T75/><D33/><U133/><E121/><V89/><F69/><W64/><G115/><T5/><D68/><U4/><E76/><V41/><F122/><W61/><G124/><T128/><D39/><U117/><E93/><V81/><F109/><W62/><G2/><T56/><D119/><U36/><E36/><V88/><F127/><W95/><G50/><T25/><D5/><U51/><E125/><V106/><F106/><W72/><G62/><T47/><D47/><U46/><E117/><V132/><F132/><W112/><G112/><T70/><D70/><U92/><E133/><V73/><N who="2" m="23040" /><DORA hai="65" /><V30/><F30/><W13/><G7/><T67/><D134/><U48/><E108/><V104/><F104/><W103/><REACH who="3" step="1"/><G100/><REACH who="3" ten="224,302,241,223" step="2"/><T97/><D111/><U114/><E114/><V116/><F116/><W14/><G14/><T52/><D128/><U85/><E0/><V105/><F1/><W54/><G54/><T126/><D67/><U118/><E118/><V123/><F123/><W26/><G26/><T6/><D6/><U21/><E4/><V3/><F3/><W110/><G110/><T59/><D126/><U19/><E48/><V102/><F102/><W38/><G38/><T9/><D52/><U63/><E63/><V44/><F41/><W135/><G135/><T99/><D101/><U120/><E42/><V55/><F55/><W87/><G87/><T10/><D84/><U35/><E120/><V49/><F49/><W86/><G86/><T40/><D40/><U80/><E80/><V79/><F81/><W71/><G71/><RYUUKYOKU ba="0,1" sc="224,-15,302,15,241,-15,223,15" hai1="19,21,24,32,35,43,46,51,57,60,66,85,92" hai3="13,15,27,31,34,58,61,64,72,82,95,96,103" /><INIT seed="3,1,1,0,1,53" ten="209,317,226,238" oya="3" hai0="35,107,74,2,40,27,93,84,69,23,115,0,135" hai1="43,131,19,32,132,38,105,92,26,14,4,55,102" hai2="133,98,83,81,119,22,10,87,91,50,80,41,100" hai3="108,65,61,79,128,66,123,127,8,64,16,5,45"/><W17/><G123/><T21/><D107/><U3/><E105/><V77/><F119/><W44/><G128/><T24/><D74/><U129/><E132/><V47/><F133/><W7/><G127/><T18/><D69/><U52/><E3/><V37/><F37/><W103/><G103/><T99/><D135/><U121/><E4/><N who="3" m="1610" /><G61/><T15/><D115/><U62/><E121/><V28/><F10/><W75/><G75/><T11/><D40/><U88/><E62/><V13/><F77/><W33/><G33/><T90/><D35/><U42/><E102/><V96/><F100/><W114/><G114/><T48/><D48/><U86/><E26/><N who="2" m="16471" /><F13/><N who="3" m="7207" /><G108/><T59/><D59/><U51/><E32/><V20/><F20/><W56/><G79/><T67/><D67/><U101/><E101/><V113/><F113/><W97/><G97/><AGARI ba="1,1" hai="41,47,50,80,81,83,87,91,96,97,98" m="16471" machi="97" ten="30,1000,0" yaku="8,1" doraHai="53" who="2" fromWho="3" sc="209,0,317,0,226,23,238,-13" owari="209,-29.0,317,41.0,249,5.0,225,-17.0" /></mjloggm>