<mjloggm ver="2.3"><GO type="169" lobby="0"/><UN n0="%72%75%6C%79%30%32%30%38" n1="%E6%AD%A6%E8%A3%85%E5%95%86%E8%88%B9%E5%9B%A3" n2="%51%42%E5%8F%AF%E6%84%9B%E3%81%84" n3="%E3%82%A6%E3%83%AB%E3%83%88%E3%83%A9%E7%AB%8B%E7%9B%B4" dan="16,17,16,17" rate="2071.59,2187.96,2082.95,2146.09" sx="M,M,M,M"/><TAIKYOKU oya="0"/><INIT seed="0,0,0,5,3,94" ten="250,250,250,250" oya="0" hai0="121,1,77,123,64,28,65,106,81,104,62,10,45" hai1="117,93,26,32,49,90,12,44,30,4,132,43,101" hai2="59,53,89,112,48,108,31,8,78,95,88,75,120" hai3="46,67,2,125,70,23,3,15,52,16,92,0,100"/><T119/><D119/><U24/><E117/><V14/><F120/><W17/><G125/><T96/><D28/><U84/><E132/><V113/><F108/><W130/><G130/><T128/><D128/><U37/><E26/><V33/><F89/><W126/><G126/><T134/><D134/><U61/><E61/><V21/><F33/><W42/><G67/><T127/><D127/><U58/><E101/><V13/><F13/><W115/><G70/><T6/><D45/><U83/><E58/><V99/><F31/><W85/><G17/><T63/><D63/><U56/><E56/><V27/><F27/><W87/><G115/><T114/><D114/><U69/><E69/><V20/><F78/><W47/><G47/><T111/><D111/><U25/><E25/><V35/><F35/><W51/><REACH who="3" step="1"/><G42/><REACH who="3" ten="250,250,250,240" step="2"/><T105/><D65/><U91/><E37/><V71/><F71/><W98/><AGARI ba="0,1" hai="0,2,3,15,16,23,46,51,52,85,87,92,98,100" machi="98" ten="40,12000,2" yaku="1,1,2,1,0,1,52,1,54,2,53,0" doraHai="94" doraHaiUra="116" who="3" fromWho="3" sc="250,-60,250,-30,250,-30,240,130" /><INIT seed="1,0,0,1,0,124" ten="190,220,220,370" oya="1" hai0="12,49,100,74,108,20,52,122,16,103,38,69,91" hai1="113,7,62,127,134,68,67,54,88,73,65,34,94" hai2="93,2,13,58,35,84,76,4,95,33,97,135,27" hai3="60,125,42,131,39,56,75,115,119,53,8,101,3"/><U48/><E113/><V120/><F120/><W0/><G75/><T51/><D122/><U55/><E127/><V102/><F135/><W47/><G115/><T1/><D38/><U81/><E134/><V32/><F2/><W96/><G125/><T28/><D108/><U98/><E34/><V70/><F70/><W37/><G37/><T86/><D1/><U15/><E65/><V72/><F72/><W77/><G77/><T57/><D69/><U112/><E112/><V133/><F133/><W21/><G8/><T18/><D74/><U23/><E48/><V116/><F116/><W66/><G119/><T129/><D28/><U106/><E106/><V36/><F36/><W29/><G53/><T59/><D129/><U128/><E128/><V46/><F46/><W126/><G131/><T64/><D18/><U110/><E110/><V130/><F130/><W105/><G126/><T43/><D43/><U90/><E73/><V121/><F121/><W17/><G29/><T24/><D24/><AGARI ba="0,0" hai="0,3,17,21,24,39,42,47,56,60,66,96,101,105" machi="24" ten="30,1000,0" yaku="7,1" doraHai="124" who="3" fromWho="0" sc="190,-10,220,0,220,0,370,10" /><INIT seed="2,0,0,4,1,35" ten="180,220,220,380" oya="2" hai0="122,81,70,107,60,129,59,58,69,52,33,65,71" hai1="84,109,99,0,110,21,77,36,23,85,75,61,57" hai2="47,50,7,88,100,29,28,111,46,39,102,131,67" hai3="104,20,90,124,86,89,66,53,91,41,13,17,34"/><V82/><F39/><W62/><G104/><T51/><D107/><U4/><E36/><V8/><F131/><W95/><G41/><T120/><D33/><U9/><E75/><V114/><F114/><W48/><G34/><T113/><D81/><U132/><E132/><V127/><F127/><W1/><G1/><T134/><D134/><U135/><E135/><V44/><F67/><W10/><G10/><T80/><D80/><N who="1" m="47119" /><E85/><N who="2" m="50231" /><F111/><N who="1" m="42505" /><E99/><V32/><F32/><W16/><G17/><T106/><D106/><U93/><E93/><V2/><F2/><W98/><G98/><T92/><D92/><U97/><E97/><V6/><F102/><W26/><G26/><T54/><D129/><U103/><E103/><V130/><F100/><W24/><G24/><T14/><D14/><U78/><E78/><V118/><F130/><W42/><G124/><T40/><D40/><U12/><E12/><N who="2" m="5143" /><F7/><W68/><G42/><T101/><D101/><U96/><E96/><V121/><F118/><W112/><G112/><T126/><D126/><U43/><E43/><V74/><F74/><W73/><G73/><T18/><D18/><U108/><N who="1" m="42513" /><U72/><DORA hai="133" /><E72/><V49/><F121/><N who="0" m="46698" /><D113/><U115/><E115/><V45/><N who="2" m="11776" /><DORA hai="83" /><V25/><F25/><W38/><G38/><T56/><D71/><U22/><E57/><AGARI ba="0,0" hai="13,16,20,48,53,57,62,66,68,86,89,90,91,95" machi="57" ten="30,8000,1" yaku="7,1,25,2,52,1,54,1" doraHai="35,133,83" who="3" fromWho="1" sc="180,0,220,-80,220,0,380,80" /><INIT seed="3,0,0,3,1,98" ten="180,140,220,460" oya="3" hai0="14,76,19,52,12,21,53,47,88,34,65,22,67" hai1="51,60,93,13,57,97,58,120,30,103,17,95,84" hai2="4,101,116,117,27,74,48,39,8,115,18,66,107" hai3="6,42,78,70,128,64,24,130,23,9,111,129,28"/><W62/><G111/><T33/><D76/><U82/><E120/><V72/><F39/><W104/><G104/><T49/><D34/><U50/><E30/><V29/><F66/><W87/><G42/><T127/><D33/><U123/><E123/><V31/><F48/><W105/><G105/><T124/><D53/><U121/><E121/><V0/><F18/><W92/><G78/><T113/><D113/><U79/><E95/><V109/><F109/><W81/><G81/><T90/><D127/><U43/><E43/><V122/><F31/><W73/><G73/><N who="2" m="28265" /><F115/><W110/><G110/><T26/><D124/><U102/><E102/><V20/><F20/><W71/><G71/><T56/><D12/><U94/><E94/><V35/><F122/><W85/><G92/><T83/><D83/><U89/><E79/><V44/><F44/><W32/><G32/><T55/><D67/><U126/><E126/><V38/><F38/><W133/><G9/><T131/><D65/><U41/><E41/><V40/><F40/><W16/><G6/><T99/><D131/><U36/><E36/><V46/><F46/><W135/><G28/><N who="0" m="17495" /><D99/><AGARI ba="0,0" hai="0,4,8,27,29,35,99,101,107,116,117" m="28265" machi="99" ten="30,2000,0" yaku="23,1,52,1" doraHai="98" who="2" fromWho="0" sc="180,-20,140,0,220,20,460,0" /><INIT seed="4,0,0,0,3,40" ten="160,140,240,460" oya="0" hai0="94,98,93,70,29,47,114,22,73,4,2,129,45" hai1="61,74,57,9,88,53,132,81,11,30,123,122,78" hai2="116,89,128,18,110,59,42,96,5,3,100,34,44" hai3="60,99,28,91,32,108,104,117,17,56,124,79,38"/><T84/><D73/><U68/><E132/><V67/><F110/><W77/><G32/><T49/><D70/><U8/><E30/><V90/><F128/><W48/><G38/><T16/><D129/><U26/><E26/><V125/><F125/><W126/><G28/><T33/><D114/><U87/><REACH who="1" step="1"/><E68/><REACH who="1" ten="160,130,240,460" step="2"/><V20/><F34/><W58/><G124/><T66/><D33/><U92/><AGARI ba="0,1" hai="8,9,11,53,57,61,74,78,81,87,88,92,122,123" machi="92" ten="30,8000,1" yaku="1,1,2,1,0,1,54,1,53,1" doraHai="40" doraHaiUra="107" who="1" fromWho="1" sc="160,-40,130,90,240,-20,460,-20" /><INIT seed="5,0,0,5,3,131" ten="120,220,220,440" oya="1" hai0="127,73,102,29,95,99,94,31,59,24,21,58,44" hai1="40,22,134,115,60,61,34,49,52,93,87,69,81" hai2="36,68,86,4,128,76,33,56,62,3,107,23,113" hai3="28,118,67,75,10,8,101,88,92,91,110,20,129"/><U11/><E34/><V125/><F107/><W132/><G75/><T13/><D127/><U50/><E115/><V54/><F33/><W106/><G110/><T84/><D73/><U41/><E134/><V55/><F36/><W63/><G132/><T64/><D44/><U18/><E11/><V53/><F125/><W37/><G37/><T121/><D121/><U112/><E112/><V109/><F109/><W70/><G129/><T97/><D31/><U0/><E0/><V111/><F111/><W26/><G118/><T66/><D84/><U72/><E72/><V46/><F46/><W85/><G106/><T77/><D77/><U80/><E93/><V123/><F123/><W7/><G101/><T51/><D13/><N who="1" m="9551" /><E69/><V15/><F3/><W133/><G133/><T71/><D71/><U2/><E2/><V6/><F68/><W120/><G120/><T89/><REACH who="0" step="1"/><D51/><REACH who="0" ten="110,220,220,440" step="2"/><N who="1" m="19467" /><E81/><V103/><F113/><W14/><G70/><T30/><D30/><U105/><E105/><V122/><F122/><W135/><G135/><T57/><AGARI ba="0,1" hai="21,24,29,57,58,59,64,66,89,94,95,97,99,102" machi="57" ten="30,4000,0" yaku="1,1,0,1,8,1,53,0" doraHai="131" doraHaiUra="82" who="0" fromWho="0" sc="110,50,220,-20,220,-10,440,-10" /><INIT seed="6,0,0,0,1,86" ten="160,200,210,430" oya="2" hai0="121,60,52,112,20,87,95,8,69,97,85,111,12" hai1="130,103,1,129,50,21,89,13,25,131,118,45,110" hai2="27,33,41,134,83,7,80,30,91,116,109,28,105" hai3="100,58,72,35,123,71,125,127,101,79,54,120,14"/><V18/><F116/><W98/><G71/><T11/><D111/><U94/><E118/><V93/><F105/><W53/><G35/><T66/><D121/><U115/><E110/><V0/><F30/><W64/><G64/><T68/><D112/><U75/><E115/><V48/><F109/><W82/><G14/><T10/><D69/><U47/><E1/><V74/><F74/><W44/><G44/><T56/><D20/><U49/><E75/><V84/><F134/><W29/><G29/><T16/><D87/><U113/><E113/><V42/><F18/><W104/><G101/><T9/><D85/><N who="1" m="52527" /><E103/><V46/><REACH who="2" step="1"/><F41/><REACH who="2" ten="160,200,200,430" step="2"/><W3/><G104/><T107/><D107/><U67/><E131/><V63/><F63/><W57/><G123/><T77/><D77/><U51/><E130/><V65/><F65/><W88/><G120/><T133/><D133/><U132/><E132/><V32/><F32/><W24/><G72/><T38/><D38/><U70/><E129/><V36/><F36/><W61/><G79/><T128/><D128/><U37/><E37/><V59/><F59/><W40/><G40/><T15/><D16/><N who="1" m="12455" /><E67/><V6/><F6/><W55/><G58/><T23/><D68/><U135/><E70/><V62/><F62/><W17/><G61/><T117/><D66/><U5/><E135/><V92/><F92/><W19/><G57/><T119/><D119/><U78/><E5/><V31/><F31/><W22/><G19/><N who="0" m="10751" /><D117/><U81/><E13/><V122/><F122/><W43/><G43/><T76/><D76/><U90/><E78/><V96/><F96/><RYUUKYOKU ba="0,1" sc="160,-15,200,15,200,15,430,-15" hai1="45,47,49,50,51,81,90" hai2="0,7,27,28,33,42,46,48,80,83,84,91,93" /><INIT seed="6,1,1,5,0,18" ten="145,215,215,415" oya="2" hai0="36,28,33,11,37,55,48,49,68,94,111,52,75" hai1="114,17,67,76,134,60,121,72,0,98,92,89,62" hai2="96,73,124,13,135,8,86,87,10,102,127,70,50" hai3="27,29,66,45,32,4,110,100,9,85,38,56,16"/><V42/><F70/><W35/><G35/><T53/><D111/><U116/><E116/><V129/><F73/><W113/><G110/><T119/><D68/><U65/><E134/><V115/><F115/><W91/><G113/><T81/><D119/><U78/><E114/><V101/><F129/><W117/><G100/><N who="2" m="38505" /><F96/><W84/><G16/><T34/><D94/><U93/><E121/><V123/><F123/><W5/><G117/><T31/><D11/><U82/><E0/><V23/><F135/><W105/><G105/><T61/><D81/><U103/><E76/><V95/><F95/><W43/><G5/><T47/><D61/><U126/><E126/><N who="2" m="48171" /><F10/><W97/><G97/><T128/><D75/><U108/><E108/><V107/><F107/><W46/><G91/><T104/><D104/><U132/><E132/><V130/><F130/><W88/><G88/><T118/><D128/><U99/><E65/><V14/><F14/><W125/><G125/><T112/><D112/><U83/><E67/><V1/><F1/><W77/><G77/><T64/><D64/><U30/><E82/><V40/><F8/><W71/><G71/><T39/><D118/><U59/><E30/><N who="0" m="11305" /><D47/><U133/><E133/><V12/><F12/><N who="3" m="5159" /><G46/><T58/><D58/><U22/><REACH who="1" step="1"/><E59/><REACH who="1" ten="145,205,215,415" step="2"/><V109/><F109/><W3/><G3/><T63/><D63/><U122/><E122/><V26/><F13/><AGARI ba="1,2" hai="13,17,22,60,62,72,78,83,89,92,93,98,99,103" machi="13" ten="30,7700,0" yaku="1,1,7,1,52,1,53,1" doraHai="18" doraHaiUra="74" who="1" fromWho="2" sc="145,0,205,100,215,-80,415,0" /><INIT seed="7,0,0,2,4,74" ten="145,305,135,415" oya="3" hai0="0,25,93,21,104,82,61,101,8,132,121,54,117" hai1="111,133,33,69,67,123,102,116,41,59,131,114,94" hai2="6,28,39,87,10,36,43,68,105,5,51,128,65" hai3="29,46,127,92,75,23,99,108,103,56,110,81,112"/><W48/><G56/><T15/><D121/><U126/><RYUUKYOKU type="yao9" ba="0,0" sc="145,0,305,0,135,0,415,0" hai1="33,41,59,67,69,94,102,111,114,116,123,126,131,133" /><INIT seed="7,1,0,2,5,56" ten="145,305,135,415" oya="3" hai0="63,39,98,129,2,4,70,107,71,114,16,84,20" hai1="106,38,113,3,73,5,59,32,108,110,48,41,87" hai2="105,104,120,75,85,47,1,133,62,74,86,6,116" hai3="52,0,112,31,7,9,119,94,82,115,54,100,34"/><W117/><G82/><T68/><D39/><U10/><E113/><N who="3" m="43594" /><G52/><T67/><D114/><U101/><E73/><V22/><F116/><W99/><G54/><T55/><D129/><U21/><E32/><V111/><F120/><W8/><G8/><T53/><D4/><U90/><E38/><V35/><F35/><W24/><AGARI ba="1,0" hai="0,7,9,24,31,34,94,99,100,117,119" m="43594" machi="24" ten="30,1500,0" yaku="15,1" doraHai="56" who="3" fromWho="3" sc="145,-6,305,-6,135,-6,415,18" owari="139,-26.0,299,10.0,129,-37.0,433,53.0" /></mjloggm>