<mjloggm ver="2.3"><GO type="169" lobby="0"/><UN n0="%74%61%6E%69%6D%6F%40" n1="%E3%83%94%E3%83%A8%E3%81%A3%E3%81%99" n2="%E3%83%88%E3%83%88%E3%83%AA%E5%85%88%E7%94%9F%31%39%E6%AD%B3" n3="%E3%83%8F%E3%83%8D%E3%83%A0%E3%83%BC%E3%83%B3%E2%98%85%E6%B2%B3%E7%AB%A5" dan="16,16,18,16" rate="2144.96,2100.17,2283.17,2069.10" sx="M,M,F,M"/><TAIKYOKU oya="0"/><INIT seed="0,0,0,4,1,98" ten="250,250,250,250" oya="0" hai0="57,81,16,48,89,123,83,50,77,0,30,121,97" hai1="18,72,134,58,114,42,11,45,124,35,26,54,25" hai2="32,79,132,34,33,17,28,90,41,15,20,71,131" hai3="93,62,87,135,36,21,99,59,4,7,51,8,49"/><T56/><D0/><U53/><E72/><V13/><F71/><W3/><G36/><T63/><D30/><U91/><E114/><V31/><F79/><W120/><G135/><T118/><D118/><U10/><E124/><V22/><F41/><W107/><G120/><T64/><D56/><U2/><E134/><V84/><F132/><W116/><G116/><T129/><D129/><U12/><E91/><V102/><F102/><W112/><G112/><T47/><D16/><U130/><E130/><V52/><F131/><W65/><G107/><T46/><D46/><U68/><E68/><V113/><F113/><W104/><G104/><T82/><D77/><U103/><E103/><V94/><F15/><W126/><G126/><T67/><D67/><U76/><E76/><V14/><F14/><W108/><G108/><T40/><REACH who="0" step="1"/><D50/><REACH who="0" ten="240,250,250,250" step="2"/><N who="1" m="26935" /><E2/><V24/><F31/><W109/><G109/><T69/><D69/><U105/><E35/><V60/><F33/><W27/><G7/><T88/><D88/><U86/><E58/><V55/><F34/><W115/><G115/><T119/><D119/><U74/><E18/><V6/><F32/><W125/><G125/><T117/><D117/><U73/><E12/><N who="2" m="9255" /><F60/><W66/><G66/><T96/><D96/><U128/><E128/><V100/><F100/><N who="3" m="60527" /><G87/><T61/><D61/><U19/><E86/><V95/><F13/><W122/><G122/><T39/><D39/><U78/><E78/><V75/><F6/><W44/><G44/><T133/><D133/><U85/><E85/><N who="2" m="52559" /><F75/><N who="1" m="28681" /><E19/><V92/><F84/><W37/><G37/><T101/><D101/><RYUUKYOKU ba="0,1" sc="240,10,250,-30,250,10,250,10" hai0="40,47,48,57,63,64,81,82,83,89,97,121,123" hai2="22,24,28,52,55,92,95" hai3="3,4,8,21,27,49,51,59,62,65" /><INIT seed="0,1,1,4,0,73" ten="250,220,260,260" oya="0" hai0="135,23,89,56,80,52,100,84,79,49,97,125,55" hai1="36,115,106,102,54,2,82,19,20,114,61,66,113" hai2="81,50,88,10,108,93,5,31,83,53,29,35,13" hai3="126,24,85,33,107,38,129,62,75,3,95,124,11"/><T28/><D125/><U94/><E36/><V109/><F109/><W37/><G107/><T104/><D135/><U68/><E2/><V116/><F116/><W133/><G75/><T130/><D130/><U32/><E32/><V1/><F1/><W6/><G129/><T122/><D122/><U105/><E54/><V110/><F110/><W117/><G117/><T111/><D111/><U51/><E51/><V7/><F7/><W101/><G133/><T98/><D55/><U27/><REACH who="1" step="1"/><E82/><REACH who="1" ten="250,210,260,260" step="2"/><N who="2" m="31243" /><F35/><W15/><G3/><T134/><D134/><U47/><E47/><N who="2" m="27871" /><F108/><W40/><G38/><T131/><D131/><U22/><E22/><V46/><F46/><W118/><G118/><T4/><D4/><U25/><E25/><V48/><F48/><W26/><G33/><T21/><REACH who="0" step="1"/><D28/><REACH who="0" ten="240,210,260,260" step="2"/><U18/><E18/><V43/><F43/><W64/><G40/><T78/><D78/><U120/><E120/><V86/><AGARI ba="1,3" hai="5,10,13,29,31,86,88,93" m="27871,31243" machi="86" ten="30,2000,0" yaku="8,1,54,1" doraHai="73" who="2" fromWho="2" sc="240,-11,210,-6,260,53,260,-6" /><INIT seed="1,0,0,0,4,124" ten="229,204,313,254" oya="1" hai0="41,67,114,120,62,25,29,44,87,80,9,4,90" hai1="55,43,84,7,37,96,12,1,102,111,74,77,33" hai2="14,118,83,27,56,2,38,51,28,26,63,133,68" hai3="13,135,8,113,76,31,116,88,93,119,125,11,130"/><U128/><E33/><V30/><F118/><N who="3" m="45099" /><G113/><T58/><D120/><U46/><E111/><V65/><F2/><W94/><G76/><T5/><D9/><N who="1" m="2287" /><E12/><V122/><F122/><W45/><G31/><T78/><D78/><U42/><E42/><V134/><F38/><W48/><G125/><T19/><D19/><U32/><E32/><V110/><F110/><W101/><G135/><N who="2" m="51721" /><F14/><W21/><G101/><T97/><D97/><U98/><E84/><V53/><F83/><W95/><G21/><T35/><REACH who="0" step="1"/><D114/><REACH who="0" ten="219,204,313,254" step="2"/><U47/><E102/><V72/><F72/><W22/><G11/><T15/><D15/><U121/><E121/><V73/><F73/><W60/><G8/><T104/><D104/><U40/><E74/><V64/><F28/><W129/><G13/><T106/><D106/><U123/><E77/><V105/><F105/><W91/><G22/><T131/><D131/><N who="3" m="50185" /><G60/><T132/><D132/><U82/><E128/><V100/><F100/><W117/><N who="3" m="45107" /><W6/><DORA hai="103" /><G6/><T36/><AGARI ba="0,1" hai="4,5,25,29,35,36,41,44,58,62,67,80,87,90" machi="36" ten="20,5200,0" yaku="1,1,0,1,7,1,53,1" doraHai="124,103" doraHaiUra="71,99" who="0" fromWho="0" sc="219,62,204,-26,313,-13,254,-13" /><INIT seed="2,0,0,3,4,111" ten="281,178,300,241" oya="2" hai0="116,65,93,127,106,39,23,11,90,107,89,29,37" hai1="91,17,98,12,101,96,2,130,30,85,94,77,28" hai2="4,97,88,125,1,112,95,103,120,62,74,128,68" hai3="113,60,126,58,8,26,129,3,24,135,22,9,114"/><V82/><F120/><W108/><G108/><T75/><D75/><U48/><E2/><V46/><F128/><W78/><G129/><T118/><D65/><U122/><E130/><V42/><F125/><W115/><G126/><T35/><D11/><U20/><E122/><V55/><F112/><W134/><G78/><T133/><D133/><N who="3" m="50697" /><G3/><T53/><D35/><U110/><E110/><V104/><F1/><W38/><G38/><N who="0" m="14347" /><D53/><U131/><E131/><V121/><F4/><W59/><G59/><T123/><D123/><U109/><E109/><V5/><F5/><W27/><G22/><T73/><D73/><U45/><E77/><V32/><F32/><W7/><G7/><T84/><D89/><U86/><E86/><N who="2" m="52631" /><F121/><W44/><G44/><T34/><D34/><U67/><E67/><AGARI ba="0,0" hai="8,9,24,26,27,58,60,67,113,114,115" m="50697" machi="67" ten="40,8000,1" yaku="11,1,20,1,52,3" doraHai="111" who="3" fromWho="1" sc="281,0,178,-80,300,0,241,80" /><INIT seed="3,0,0,3,2,25" ten="281,98,300,321" oya="3" hai0="106,48,54,83,20,129,114,13,26,35,61,89,43" hai1="29,31,88,21,133,37,108,79,70,132,57,63,65" hai2="97,0,51,53,72,42,95,36,122,23,81,30,126" hai3="125,12,58,46,128,86,27,98,73,99,2,32,64"/><W102/><G2/><T109/><D106/><U24/><E37/><V68/><F0/><W107/><G73/><T11/><D129/><U56/><E108/><V135/><F68/><W47/><G128/><T91/><D35/><U78/><E88/><V84/><F72/><W127/><G86/><T45/><D109/><U7/><E7/><V33/><F33/><W96/><G12/><T118/><D118/><U82/><E78/><V67/><F67/><W4/><G4/><T77/><D61/><U134/><REACH who="1" step="1"/><E29/><REACH who="1" ten="281,88,300,321" step="2"/><V10/><F30/><N who="3" m="19551" /><G96/><T15/><D91/><U101/><E101/><V17/><F97/><W80/><G98/><T34/><D89/><U90/><E90/><V66/><F36/><W60/><G80/><T87/><D34/><U76/><E76/><V22/><F81/><W71/><G58/><T130/><D130/><U16/><E16/><V75/><F17/><W110/><G110/><T55/><D114/><U44/><E44/><AGARI ba="0,1" hai="44,46,47,60,64,71,99,102,107,125,127" m="19551" machi="44" ten="30,2900,0" yaku="25,1,52,1" doraHai="25" who="3" fromWho="1" sc="281,0,88,-29,300,0,321,39" /><INIT seed="3,1,0,0,1,22" ten="281,59,300,360" oya="3" hai0="94,0,59,33,40,5,89,78,54,15,20,56,41" hai1="47,117,10,93,23,35,96,16,8,61,86,109,50" hai2="70,127,67,57,71,63,130,12,25,17,108,85,83" hai3="114,32,119,42,31,107,111,113,90,29,39,103,68"/><W112/><G119/><T49/><D33/><U104/><E117/><V121/><F130/><W128/><G90/><T21/><D0/><U58/><E35/><V99/><F108/><W28/><G128/><T9/><D78/><U125/><E125/><V75/><F75/><W131/><G131/><T62/><D40/><U18/><E104/><V88/><F127/><W95/><G95/><T36/><D36/><U46/><E86/><V126/><F126/><W30/><G68/><T14/><D14/><U132/><E132/><V120/><F99/><W44/><G111/><T97/><REACH who="0" step="1"/><D41/><REACH who="0" ten="271,59,300,360" step="2"/><U73/><E73/><V51/><F12/><W76/><G76/><T118/><D118/><U110/><E110/><V105/><F121/><W123/><G123/><T102/><D102/><U27/><E109/><V24/><F120/><W66/><G103/><T7/><D7/><U91/><E18/><V72/><F72/><W80/><G32/><T48/><D48/><U81/><E81/><V11/><F51/><W38/><G80/><T2/><D2/><U53/><REACH who="1" step="1"/><E47/><REACH who="1" ten="271,49,300,360" step="2"/><V135/><F17/><W26/><G44/><T129/><D129/><U101/><E101/><V92/><F83/><W77/><G113/><T98/><D98/><U37/><E37/><V100/><F100/><W3/><G112/><T122/><D122/><U60/><E60/><V19/><F105/><W52/><G107/><T74/><D74/><U6/><E6/><V45/><F45/><W69/><G114/><T4/><D4/><U1/><E1/><V13/><F135/><W133/><G133/><T116/><D116/><RYUUKYOKU ba="1,2" sc="271,10,49,10,300,10,360,-30" hai0="5,9,15,20,21,49,54,56,59,62,89,94,97" hai1="8,10,16,23,27,46,50,53,58,61,91,93,96" hai2="11,13,19,24,25,57,63,67,70,71,85,88,92" /><INIT seed="4,2,2,0,2,84" ten="281,59,310,330" oya="0" hai0="7,53,28,132,95,42,62,86,121,85,45,70,133" hai1="43,39,27,114,20,74,5,115,72,134,56,61,15" hai2="76,122,80,16,32,66,65,31,46,105,21,17,49" hai3="29,69,117,127,135,100,102,34,40,25,103,3,59"/><T14/><D28/><U79/><E134/><N who="0" m="51817" /><D121/><U47/><E5/><V33/><F122/><W19/><G135/><T78/><D78/><U130/><E15/><V109/><F109/><W81/><G69/><T23/><D7/><U6/><E6/><V37/><F37/><W75/><G117/><T24/><D14/><U101/><E101/><V88/><F105/><W87/><G127/><T83/><D83/><U110/><E130/><V54/><F32/><W71/><G71/><T58/><D70/><U57/><E110/><V89/><F33/><W91/><G3/><T51/><D95/><U0/><E0/><V128/><F128/><W82/><G19/><N who="2" m="7241" /><F76/><W67/><G75/><T68/><D68/><U126/><E126/><V12/><F12/><W94/><REACH who="3" step="1"/><G40/><REACH who="3" ten="281,59,310,320" step="2"/><T9/><D9/><U116/><E116/><V131/><F131/><W63/><AGARI ba="2,3" hai="25,29,34,59,63,67,81,82,87,91,94,100,102,103" machi="63" ten="30,7900,0" yaku="1,1,2,1,0,1,52,1,53,0" doraHai="84" doraHaiUra="35" who="3" fromWho="3" sc="281,-41,59,-22,310,-22,320,115" /><INIT seed="5,0,0,5,1,119" ten="240,37,288,435" oya="1" hai0="122,3,90,14,92,23,7,83,116,56,63,76,129" hai1="79,82,114,4,123,117,65,5,59,115,93,17,64" hai2="35,40,107,41,102,127,71,135,36,106,38,105,30" hai3="80,69,26,108,77,128,45,87,13,81,48,94,62"/><U96/><E123/><V27/><F135/><W73/><G108/><T68/><D68/><U57/><E117/><V6/><F127/><W10/><G128/><T51/><D116/><U112/><E17/><V126/><F126/><W19/><G94/><T88/><D3/><U22/><E22/><V15/><F15/><W125/><G125/><T101/><D129/><U55/><E93/><V16/><F16/><W70/><G62/><T29/><D51/><U1/><E1/><V33/><F6/><N who="1" m="2665" /><E96/><V72/><F71/><W20/><G73/><T121/><D7/><U110/><E110/><V28/><F102/><W132/><G132/><T12/><D101/><U31/><E31/><N who="2" m="11819" /><F27/><W113/><G113/><N who="1" m="28930" /><U98/><DORA hai="25" /><E98/><V109/><F72/><W95/><G95/><T133/><D133/><U34/><E34/><N who="2" m="12811" /><F109/><W42/><G80/><T66/><D29/><AGARI ba="0,0" hai="10,13,19,20,26,29,42,45,48,69,70,77,81,87" machi="29" ten="30,2000,0" yaku="7,1,52,1" doraHai="119,25" who="3" fromWho="0" sc="240,-20,37,0,288,0,435,20" /><INIT seed="6,0,0,1,2,69" ten="220,37,288,455" oya="2" hai0="18,53,20,49,32,95,33,87,132,9,52,126,38" hai1="119,51,47,7,61,29,28,127,4,54,129,56,42" hai2="68,83,134,2,36,76,59,100,114,5,22,97,128" hai3="92,101,135,77,60,65,6,11,70,75,88,73,91"/><V58/><F68/><W78/><G135/><T107/><D107/><U86/><E119/><V102/><F134/><W39/><G39/><T23/><D132/><U123/><E123/><V124/><F114/><W111/><G111/><T8/><D126/><U90/><E127/><V130/><F124/><W1/><G101/><T26/><D38/><U24/><E129/><N who="2" m="49771" /><F36/><W40/><G40/><T98/><D87/><U131/><E131/><V67/><F67/><W99/><REACH who="3" step="1"/><G91/><REACH who="3" ten="220,37,288,445" step="2"/><T41/><D41/><U27/><E28/><V89/><F89/><W93/><G93/><T16/><D33/><U3/><E3/><V10/><F102/><W17/><G17/><T14/><D32/><U125/><E125/><V104/><F22/><W21/><G21/><T13/><D26/><U37/><E37/><V71/><F71/><W25/><G25/><T109/><D109/><U82/><REACH who="1" step="1"/><E27/><REACH who="1" ten="220,27,288,445" step="2"/><V85/><AGARI ba="0,2" hai="2,5,10,58,59,76,83,85,97,100,104" m="49771" machi="85" ten="30,1500,0" yaku="19,1" doraHai="69" who="2" fromWho="2" sc="220,-5,27,-5,288,35,445,-5" /><INIT seed="6,1,0,0,0,116" ten="215,22,323,440" oya="2" hai0="108,114,78,103,21,29,60,26,115,59,98,0,74" hai1="120,31,63,47,9,97,50,113,96,43,107,80,99" hai2="119,4,66,127,46,126,112,133,87,17,86,89,19" hai3="117,69,64,61,109,130,131,15,28,92,110,56,94"/><V58/><F119/><W11/><G117/><T90/><D0/><U53/><E113/><N who="0" m="43017" /><D108/><U105/><E31/><V30/><F112/><W93/><G28/><T84/><D78/><U106/><E9/><V36/><F133/><W122/><G122/><T123/><D74/><U34/><E34/><V24/><F4/><N who="3" m="3559" /><G69/><T35/><D35/><U82/><E63/><N who="2" m="38263" /><F46/><W65/><G65/><N who="0" m="39071" /><D84/><N who="2" m="32298" /><F89/><W95/><G95/><N who="0" m="58847" /><D90/><U134/><E134/><V135/><F36/><W2/><G2/><T14/><D14/><U75/><E75/><V48/><F48/><W77/><G77/><T70/><D70/><U104/><N who="1" m="26624" /><DORA hai="41" /><U118/><E118/><V88/><F88/><W102/><G102/><T25/><D25/><U16/><E120/><V129/><F129/><AGARI ba="1,0" hai="56,61,64,92,93,94,109,110,129,130,131" m="3559" machi="129" ten="30,1000,0" yaku="19,1" doraHai="116,41" who="3" fromWho="2" sc="215,0,22,0,323,-13,440,13" /><INIT seed="7,0,0,0,4,54" ten="215,22,310,453" oya="3" hai0="121,50,55,95,16,20,87,69,12,17,14,125,88" hai1="109,72,133,26,34,38,37,96,134,119,103,130,3" hai2="22,110,78,46,60,5,115,107,40,11,67,84,53" hai3="105,79,25,27,127,76,47,10,33,93,117,57,13"/><W31/><G105/><T80/><D125/><U49/><E49/><V7/><F107/><W18/><G117/><T56/><D69/><U108/><E119/><V30/><F115/><W43/><G127/><T124/><D124/><U70/><E72/><V8/><F8/><W39/><G93/><T113/><D113/><U0/><E70/><V59/><F110/><W77/><G25/><T100/><D121/><U97/><E130/><V82/><F30/><W75/><G57/><T86/><D100/><U106/><E97/><V135/><F135/><W66/><G66/><T89/><D17/><U131/><E131/><V132/><F132/><W102/><G102/><T21/><D21/><U51/><E51/><V74/><F22/><W68/><G68/><T32/><D32/><U15/><E15/><AGARI ba="0,0" hai="12,14,15,16,20,50,55,56,80,86,87,88,89,95" machi="15" ten="30,12000,2" yaku="7,1,25,2,8,1,52,1,54,2" doraHai="54" who="0" fromWho="1" sc="215,120,22,-120,310,0,453,0" owari="335,14.0,-98,-60.0,310,-9.0,453,55.0" /></mjloggm>