<mjloggm ver="2.3"><GO type="169" lobby="0"/><UN n0="%58%E7%8C%AB" n1="%E3%81%8A%E7%9F%A5%E3%82%89%E3%81%9B" n2="%52%4F%4C%4C%59" n3="%E3%83%88%E3%83%88%E3%83%AA%E5%85%88%E7%94%9F%31%39%E6%AD%B3" dan="17,17,16,18" rate="2217.51,2129.25,2146.87,2160.33" sx="M,M,M,F"/><TAIKYOKU oya="0"/><INIT seed="0,0,0,0,0,15" ten="250,250,250,250" oya="0" hai0="105,48,38,66,59,90,96,34,97,63,122,53,62" hai1="61,49,41,68,1,133,89,20,7,5,93,79,123" hai2="76,16,35,108,9,80,78,135,8,130,77,4,113" hai3="44,26,72,98,106,82,51,112,28,118,6,54,42"/><T115/><D122/><U95/><E79/><V110/><F113/><W22/><G112/><T60/><D34/><U132/><E123/><V65/><F35/><W36/><G118/><T18/><D38/><U99/><E20/><V39/><F39/><W91/><G6/><T88/><D115/><U120/><E120/><V69/><F130/><W102/><G91/><N who="0" m="34859" /><D105/><U32/><E32/><V75/><F135/><W134/><G134/><N who="1" m="51818" /><E95/><V71/><F4/><W116/><G116/><T2/><D2/><U111/><E111/><N who="2" m="42539" /><F8/><W85/><G85/><T3/><D3/><U13/><E13/><N who="2" m="7215" /><F65/><W67/><G67/><T126/><D126/><U19/><E1/><V131/><F131/><W94/><G106/><T24/><D66/><N who="1" m="41039" /><E19/><V23/><F23/><AGARI ba="0,0" hai="18,23,24,48,53,59,60,62,63,96,97" m="34859" machi="23" ten="30,5800,0" yaku="8,1,52,1,54,1" doraHai="15" who="0" fromWho="2" sc="250,58,250,0,250,-58,250,0" /><INIT seed="0,1,0,5,1,33" ten="308,250,192,250" oya="0" hai0="105,62,2,38,20,68,14,64,30,41,98,79,115" hai1="10,77,94,97,118,102,13,0,88,28,37,31,42" hai2="4,103,104,129,87,39,52,5,135,132,90,95,116" hai3="123,93,49,45,36,86,74,9,92,73,43,76,54"/><T122/><D115/><U18/><E118/><V84/><F39/><W70/><G123/><T131/><D122/><U108/><E108/><V82/><F116/><W110/><G110/><T81/><D131/><U57/><E77/><V121/><F121/><W127/><G127/><T113/><D113/><U32/><E32/><V89/><F129/><W75/><G70/><T130/><D130/><U111/><E111/><V21/><F21/><W16/><G76/><T11/><D105/><U55/><E0/><V83/><F52/><W120/><G120/><T114/><D98/><U51/><E37/><V63/><F63/><W58/><REACH who="3" step="1"/><G86/><REACH who="3" ten="308,250,192,240" step="2"/><T40/><D114/><U61/><E102/><V126/><F126/><W67/><G67/><T12/><D79/><U134/><E134/><V71/><F71/><W19/><G19/><T25/><D81/><U107/><E107/><V48/><F104/><W17/><G17/><T119/><D119/><U109/><E109/><V106/><F106/><W112/><G112/><T99/><D99/><U3/><E3/><V53/><F132/><W100/><G100/><T85/><D85/><U96/><E96/><N who="2" m="59807" /><F135/><W44/><G44/><AGARI ba="1,1" hai="10,13,18,28,31,42,44,51,55,57,61,88,94,97" machi="44" ten="40,2600,0" yaku="8,1,54,1" doraHai="33" who="1" fromWho="3" sc="308,0,250,39,192,0,240,-29" /><AGARI ba="1,0" hai="4,5,44,48,53,82,83,84,87,89,90" m="59807" machi="44" ten="30,1000,0" yaku="8,1" doraHai="33" who="2" fromWho="3" sc="308,0,289,0,192,10,211,-10" /><INIT seed="1,0,0,2,2,47" ten="308,289,202,201" oya="1" hai0="134,68,99,78,126,11,50,131,39,41,51,19,80" hai1="85,13,125,66,115,45,70,79,22,52,64,118,83" hai2="88,98,127,26,58,100,76,21,5,73,71,49,60" hai3="104,57,40,101,123,30,3,116,120,105,7,97,111"/><U56/><E118/><V107/><F127/><W37/><G116/><T10/><D68/><U61/><E125/><V75/><F71/><W54/><G105/><T4/><D126/><U6/><E115/><V113/><F113/><W18/><G111/><T124/><D99/><U29/><E70/><V112/><F112/><W62/><G37/><T8/><D124/><U15/><E6/><V14/><F76/><W38/><G38/><T128/><D134/><U20/><E64/><V69/><F69/><W87/><G40/><T86/><D4/><U77/><E77/><V95/><F14/><N who="1" m="5129" /><E29/><V59/><F5/><W25/><G18/><T28/><D19/><U48/><AGARI ba="0,0" hai="20,22,45,48,52,56,61,66,79,83,85" m="5129" machi="48" ten="30,6000,0" yaku="8,1,52,1,54,1" doraHai="47" who="1" fromWho="1" sc="308,-20,289,60,202,-20,201,-20" /><INIT seed="1,1,0,4,4,133" ten="288,349,182,181" oya="1" hai0="75,97,33,3,52,130,59,64,6,35,83,63,77" hai1="9,39,91,53,95,28,31,42,132,123,81,19,55" hai2="18,85,84,131,15,51,114,17,61,8,65,16,102" hai3="122,24,112,32,37,34,11,54,44,126,96,25,121"/><U49/><E123/><V26/><F131/><W21/><G112/><T117/><D117/><U129/><E129/><V20/><F114/><W38/><G11/><T104/><D130/><U124/><E81/><V78/><F102/><W76/><G21/><T115/><D115/><U70/><E70/><V4/><F51/><W82/><G82/><T66/><D66/><U109/><E132/><V1/><F78/><W40/><G76/><T23/><D23/><U110/><E39/><V88/><F84/><W107/><G44/><T2/><D52/><N who="1" m="20043" /><E19/><V71/><F1/><W87/><G54/><T29/><D6/><U46/><E9/><V128/><REACH who="2" step="1"/><F128/><REACH who="2" ten="288,349,172,181" step="2"/><W47/><G87/><T100/><D2/><U106/><E106/><V92/><AGARI ba="1,1" hai="4,8,15,16,17,18,20,26,61,65,71,85,88,92" machi="92" ten="20,12000,2" yaku="1,1,2,1,0,1,7,1,54,2,53,0" doraHai="133" doraHaiUra="103" who="2" fromWho="2" sc="288,-31,349,-61,172,133,181,-31" /><INIT seed="2,0,0,3,0,10" ten="257,288,305,150" oya="2" hai0="63,1,79,56,6,42,27,71,25,135,80,112,60" hai1="7,45,132,82,16,11,99,124,89,115,43,85,97" hai2="51,48,64,100,76,72,116,52,13,23,131,58,103" hai3="47,24,86,21,66,37,74,93,106,122,32,133,87"/><V91/><F116/><W26/><G122/><T94/><D42/><U22/><E115/><V117/><F117/><W59/><G106/><T62/><D94/><U38/><E132/><V107/><F131/><W125/><G74/><T92/><D92/><U40/><E40/><V65/><F72/><W70/><G70/><T31/><D25/><U67/><E67/><N who="2" m="25675" /><F107/><W113/><G133/><T54/><D135/><U120/><E124/><V105/><F105/><W46/><G125/><T75/><D112/><U34/><E34/><V12/><F76/><W33/><G113/><T68/><D71/><U53/><E120/><V14/><F23/><W121/><G121/><T2/><D68/><U20/><E20/><V49/><F91/><W110/><G37/><T119/><D119/><U28/><E28/><V128/><F128/><W73/><G73/><T18/><D18/><U61/><E11/><V109/><F109/><W101/><G110/><T4/><D1/><U36/><E36/><V41/><F41/><W69/><G69/><T57/><D60/><AGARI ba="0,0" hai="12,13,14,48,49,51,52,58,60,100,103" m="25675" machi="60" ten="30,12000,1" yaku="8,1,52,3,54,1" doraHai="10" who="2" fromWho="0" sc="257,-120,288,0,305,120,150,0" /><INIT seed="2,1,0,2,4,135" ten="137,288,425,150" oya="2" hai0="25,49,33,81,24,85,68,17,54,72,104,110,65" hai1="55,21,23,124,118,74,76,12,58,47,16,105,36" hai2="103,7,4,126,117,113,46,82,34,66,37,38,89" hai3="61,122,62,8,18,41,120,86,88,13,40,83,106"/><V80/><F113/><W10/><G106/><T63/><D72/><U112/><E112/><V90/><F117/><W102/><G102/><T116/><D110/><U20/><E105/><V26/><F103/><W97/><G97/><T70/><D70/><U44/><E118/><V29/><F66/><W114/><G114/><T53/><D116/><U93/><E124/><V77/><F126/><W57/><G61/><T9/><D104/><U22/><E36/><V101/><F101/><W48/><G8/><T56/><D33/><U3/><E3/><V123/><F123/><W6/><G6/><T119/><D119/><U0/><E0/><V52/><F52/><N who="3" m="34087" /><G122/><T91/><D54/><U127/><E127/><V100/><F100/><W15/><G15/><N who="0" m="7407" /><D68/><U107/><E107/><V14/><F14/><W134/><G134/><T42/><D42/><N who="3" m="16489" /><G120/><T109/><D109/><U39/><E39/><V2/><F7/><W121/><G121/><T67/><D67/><U59/><E59/><V131/><F131/><W45/><G48/><T132/><D132/><U78/><E93/><V79/><F4/><W64/><G64/><T30/><D30/><U73/><E73/><N who="2" m="43055" /><F2/><W108/><G108/><T32/><D32/><U87/><E74/><N who="2" m="43383" /><F37/><W84/><G84/><T98/><D98/><U115/><E115/><V133/><F133/><W111/><G111/><T69/><D69/><U19/><E87/><V130/><F130/><W11/><G11/><T28/><D28/><U50/><E19/><V96/><F96/><W75/><G75/><T99/><D99/><U95/><E95/><V128/><F128/><RYUUKYOKU ba="1,0" sc="137,0,288,0,425,0,150,0" hai0="24,25,49,53,56,63,65,81,85,91" hai1="12,16,20,21,22,23,44,47,50,55,58,76,78" hai2="26,29,34,38,46,89,90" hai3="10,13,18,45,83,86,88" /><INIT seed="2,2,0,4,4,79" ten="137,288,425,150" oya="2" hai0="66,92,28,64,116,72,4,38,30,61,54,10,88" hai1="100,2,46,15,69,129,74,55,18,35,107,89,44" hai2="82,131,134,130,1,60,90,9,24,110,16,83,62" hai3="50,48,75,45,49,121,67,85,71,127,111,115,39"/><V27/><F134/><W52/><G75/><T112/><D38/><U86/><E2/><V36/><F36/><W23/><G121/><T0/><D112/><U19/><E74/><V53/><F90/><W3/><G3/><T70/><D72/><U77/><E77/><V128/><F110/><W104/><G104/><T101/><D116/><U102/><E35/><V96/><F96/><W57/><G111/><T63/><D54/><U118/><E69/><V6/><F53/><N who="3" m="31927" /><G23/><T56/><REACH who="0" step="1"/><D101/><REACH who="0" ten="127,288,425,150" step="2"/><U32/><E118/><V125/><F125/><W13/><G115/><T21/><D21/><U14/><E55/><V124/><F124/><W87/><G127/><T84/><AGARI ba="2,1" hai="0,4,10,28,30,56,61,63,64,66,70,84,88,92" machi="84" ten="20,5200,0" yaku="1,1,0,1,7,1,54,1,53,0" doraHai="79" doraHaiUra="20" who="0" fromWho="0" sc="127,68,288,-15,425,-28,150,-15" /><INIT seed="3,0,0,3,1,22" ten="195,273,397,135" oya="3" hai0="68,56,109,91,58,132,129,6,5,94,43,11,10" hai1="63,121,104,13,72,93,126,75,97,51,119,85,131" hai2="118,95,47,36,69,3,105,40,27,61,4,24,87" hai3="44,48,127,106,30,135,1,20,14,96,8,21,35"/><W81/><G1/><T54/><D68/><U15/><E121/><V117/><F105/><W134/><G127/><T37/><D109/><U103/><E51/><V34/><F95/><W111/><G111/><T130/><D132/><N who="3" m="50729" /><G81/><T9/><D43/><U25/><E25/><V112/><F87/><W41/><G35/><T64/><D64/><U59/><E13/><V67/><F112/><W18/><G30/><T33/><D37/><U86/><E15/><V76/><F76/><W133/><N who="3" m="50737" /><W31/><DORA hai="89" /><G31/><T88/><D91/><N who="1" m="53495" /><E59/><N who="0" m="22569" /><D54/><U101/><E63/><V16/><F16/><W120/><G120/><T53/><D53/><U116/><E126/><V128/><F128/><N who="0" m="49258" /><D33/><U46/><E46/><V73/><F73/><N who="1" m="28233" /><E131/><V19/><F19/><W114/><G114/><T92/><D92/><N who="1" m="58535" /><E85/><AGARI ba="0,0" hai="5,6,9,10,11,85,88,94" m="49258,22569" machi="85" ten="30,3900,0" yaku="19,1,52,1,54,1" doraHai="22,89" who="0" fromWho="1" sc="195,39,273,-39,397,0,135,0" /><INIT seed="4,0,0,5,4,116" ten="234,234,397,135" oya="0" hai0="48,19,128,40,86,43,20,73,112,65,3,66,35" hai1="79,0,103,119,18,127,74,92,104,93,110,12,8" hai2="84,63,33,90,125,120,34,101,135,133,6,78,27" hai3="29,94,22,62,69,59,54,53,9,32,2,37,68"/><T114/><D73/><U46/><E119/><V21/><F125/><W67/><G32/><T47/><D35/><U57/><E110/><V23/><F78/><W60/><G2/><T16/><D3/><U49/><E127/><V42/><F42/><W61/><G9/><T105/><D105/><U122/><E122/><V124/><F124/><W123/><G94/><T87/><D128/><U17/><E0/><V38/><F38/><W97/><G97/><T130/><D130/><U115/><E115/><N who="0" m="44073" /><D43/><U52/><E104/><V28/><F6/><W5/><G5/><T55/><D55/><N who="3" m="21001" /><G22/><T58/><D58/><U1/><E1/><V50/><F120/><W45/><G29/><T70/><D70/><N who="3" m="27241" /><G123/><T26/><D19/><U121/><E121/><V102/><F33/><W64/><G59/><T109/><D109/><U89/><E57/><V31/><F34/><W100/><G100/><T51/><D51/><U25/><E103/><V106/><F50/><W107/><G107/><T77/><D77/><U129/><E129/><V134/><F106/><W56/><G56/><T83/><D83/><U76/><E74/><V39/><F28/><W72/><G72/><T30/><D30/><U7/><E92/><N who="2" m="54343" /><F23/><W36/><G45/><T95/><D87/><N who="1" m="52415" /><E18/><V91/><F102/><W13/><G13/><T41/><D41/><U113/><E17/><V96/><F101/><W111/><G111/><T15/><D15/><U71/><E113/><V11/><F31/><W14/><G14/><T80/><D80/><U132/><E71/><V4/><F27/><W81/><G81/><T85/><D95/><RYUUKYOKU ba="0,0" sc="234,15,234,-15,397,-15,135,15" hai0="16,20,26,40,47,48,65,66,85,86" hai3="36,37,60,61,62,64,67" /><INIT seed="4,1,0,5,2,25" ten="249,219,382,150" oya="0" hai0="9,103,105,41,39,75,87,0,19,113,40,11,100" hai1="53,63,70,34,42,99,60,114,46,117,76,65,32" hai2="90,4,123,51,23,134,49,73,18,35,98,108,88" hai3="126,15,17,14,72,12,92,71,27,6,22,133,115"/><T82/><D87/><U33/><E117/><V44/><F35/><W16/><G71/><T21/><D105/><U101/><E76/><V58/><F73/><W93/><G72/><T8/><D0/><U13/><E114/><V118/><F123/><W20/><G115/><T107/><D113/><U64/><E53/><N who="2" m="32063" /><F108/><W54/><G133/><T96/><D103/><U43/><E13/><N who="2" m="9679" /><F134/><W31/><G126/><T130/><D39/><U110/><E110/><V95/><F118/><W3/><G3/><T109/><D130/><U79/><E79/><V56/><F56/><W45/><G6/><T68/><D68/><U30/><E46/><V80/><F4/><W29/><G14/><T67/><D67/><U128/><E128/><V121/><F121/><W132/><G132/><T28/><D109/><U84/><E84/><N who="2" m="50183" /><F49/><N who="3" m="28975" /><G12/><T78/><D41/><U7/><E7/><V77/><F44/><W86/><G86/><T135/><D135/><U26/><E43/><V38/><F38/><W91/><G91/><T122/><D40/><U94/><E42/><V5/><F5/><W111/><G111/><T61/><D122/><U129/><E129/><V37/><F37/><W112/><G112/><T74/><D74/><U127/><REACH who="1" step="1"/><E127/><REACH who="1" ten="249,209,382,150" step="2"/><V106/><F77/><W59/><G59/><AGARI ba="1,1" hai="26,30,32,33,34,59,60,63,64,65,70,94,99,101" machi="59" ten="30,8000,1" yaku="1,1,2,1,7,1,52,1,53,1" doraHai="25" doraHaiUra="89" who="1" fromWho="3" sc="249,0,209,93,382,0,150,-83" /><INIT seed="5,0,0,3,0,74" ten="249,302,382,67" oya="1" hai0="11,121,34,99,122,72,19,50,10,49,128,39,100" hai1="47,112,109,91,116,75,60,57,35,37,123,114,79" hai2="63,8,38,86,5,102,62,55,103,81,54,18,0" hai3="71,9,21,101,129,20,24,56,46,134,32,92,59"/><U4/><E35/><V12/><F38/><W130/><G71/><T115/><D34/><U51/><E37/><V2/><F2/><W97/><G32/><T78/><D39/><U70/><E70/><V87/><F0/><W77/><G134/><T88/><D128/><N who="3" m="49257" /><G9/><N who="0" m="3083" /><D19/><U104/><E104/><V117/><F117/><W65/><G46/><T29/><D29/><U110/><E4/><V95/><F5/><W127/><G127/><T28/><D28/><U90/><E116/><V45/><F95/><W3/><G3/><T33/><D33/><U61/><E123/><V133/><F133/><W94/><G94/><N who="0" m="56775" /><D100/><N who="2" m="38442" /><F86/><W53/><G65/><T84/><D84/><U119/><E119/><V7/><F7/><W93/><G93/><T124/><D115/><U1/><E1/><V44/><F44/><W41/><G92/><T89/><D89/><U42/><E91/><N who="2" m="51695" /><F45/><W125/><G97/><T131/><D131/><U106/><E90/><V113/><F113/><N who="1" m="43625" /><E106/><V135/><F135/><W43/><G101/><T40/><D124/><U132/><E132/><V108/><F108/><N who="1" m="41577" /><E57/><V96/><F96/><W67/><G125/><T27/><D122/><U76/><E75/><V69/><F69/><W73/><G59/><T36/><D36/><U14/><E14/><V48/><F48/><W66/><G56/><T17/><D50/><U31/><E31/><V16/><F18/><W58/><G67/><T98/><D121/><U52/><E42/><N who="3" m="15882" /><G66/><T30/><D40/><U15/><E15/><V83/><F63/><AGARI ba="0,0" hai="47,51,52,60,61,63,76,79" m="41577,43625" machi="63" ten="30,12000,1" yaku="15,1,10,1,52,2,54,1" doraHai="74" who="1" fromWho="2" sc="249,0,302,120,382,-120,67,0" /><INIT seed="5,1,0,3,1,4" ten="249,422,262,67" oya="1" hai0="9,106,120,133,67,110,15,129,62,75,70,73,29" hai1="52,35,84,27,63,130,80,37,71,46,83,82,6" hai2="78,66,118,64,25,72,131,101,122,69,33,109,100" hai3="76,22,98,56,103,115,127,13,119,135,39,48,8"/><U54/><E130/><V14/><F118/><W96/><G39/><T55/><D110/><U10/><E35/><V12/><F109/><W88/><G119/><T128/><D120/><U114/><E27/><V18/><F122/><W94/><G115/><T3/><D29/><U116/><E116/><V107/><F131/><N who="0" m="50250" /><D106/><U51/><E114/><V41/><F41/><W111/><G111/><T77/><D133/><U45/><E37/><V50/><F50/><W32/><G32/><T53/><D3/><U68/><E84/><V7/><F7/><W31/><G135/><T112/><D112/><U97/><E97/><N who="2" m="61839" /><F101/><W89/><G127/><T36/><D36/><U23/><E23/><V20/><F66/><W92/><G76/><T123/><D123/><U102/><E102/><V42/><F42/><W93/><G22/><T90/><D90/><U2/><E63/><N who="2" m="40095" /><F78/><W47/><G31/><T87/><D87/><U0/><E0/><V1/><F1/><W121/><G121/><T60/><D60/><U59/><E59/><V61/><F61/><W85/><G56/><T24/><D77/><U74/><E74/><N who="0" m="28169" /><D24/><U132/><E132/><V113/><F72/><W86/><G92/><T81/><D81/><U95/><E95/><V16/><F113/><W91/><G91/><T65/><D67/><U5/><E5/><AGARI ba="1,0" hai="5,9,15,53,55,62,65,70" m="28169,50250" machi="5" ten="30,2000,0" yaku="19,1,52,1" doraHai="4" who="0" fromWho="1" sc="249,23,422,-23,262,0,67,0" /><INIT seed="6,0,0,2,0,108" ten="272,399,262,67" oya="2" hai0="94,96,30,17,70,109,120,48,104,81,12,100,135" hai1="2,44,130,121,52,57,63,125,42,13,27,9,22" hai2="112,41,133,35,84,114,43,86,132,40,117,72,82" hai3="116,128,119,0,7,73,123,31,79,69,95,88,97"/><V37/><F37/><W3/><G69/><T110/><D120/><U124/><E2/><V115/><F35/><W75/><G123/><T93/><D70/><U71/><E71/><V103/><F103/><W76/><G128/><T24/><D81/><U19/><E121/><V111/><F111/><W6/><G31/><T23/><D94/><U47/><E130/><V26/><F26/><W107/><G95/><T78/><D78/><U38/><REACH who="1" step="1"/><E47/><REACH who="1" ten="272,389,262,67" step="2"/><V87/><F117/><W25/><G116/><T85/><D110/><U59/><E59/><V53/><F53/><W4/><G119/><T15/><D109/><U39/><E39/><V74/><REACH who="2" step="1"/><F82/><REACH who="2" ten="272,389,252,67" step="2"/><W16/><G3/><T99/><D104/><U131/><E131/><V113/><N who="2" m="28672" /><DORA hai="60" /><V14/><F14/><W10/><G0/><T54/><D12/><U127/><E127/><V49/><F49/><W33/><G107/><T68/><D48/><U5/><AGARI ba="0,2" hai="5,9,13,19,22,27,38,42,44,52,57,63,124,125" machi="5" ten="30,7900,0" yaku="1,1,0,1,54,1,53,1" doraHai="108,60" doraHaiUra="50,126" who="1" fromWho="1" sc="272,-20,389,99,252,-39,67,-20" /><INIT seed="7,0,0,3,4,0" ten="252,488,213,47" oya="3" hai0="11,37,16,59,72,108,131,101,42,116,27,70,118" hai1="4,39,126,114,33,19,6,66,88,115,62,3,125" hai2="15,50,103,85,123,104,113,64,32,9,48,75,74" hai3="112,99,80,56,24,89,84,106,45,122,91,134,31"/><W41/><G122/><T68/><D72/><U120/><E39/><V95/><F32/><W111/><G112/><N who="1" m="43050" /><E33/><V105/><F113/><W1/><G134/><T25/><D101/><U107/><E107/><V135/><F135/><W83/><G111/><T40/><D59/><N who="1" m="37215" /><E120/><V67/><F123/><W10/><G56/><T43/><D131/><U18/><E88/><V34/><F34/><W119/><G119/><T121/><D37/><U47/><E47/><V63/><F63/><W76/><G83/><T109/><D43/><U110/><E110/><V36/><F36/><W132/><G132/><T65/><D65/><U130/><E130/><V26/><F103/><W22/><G106/><T35/><D35/><U49/><E49/><V81/><F95/><W92/><G1/><T38/><D38/><U7/><E3/><V90/><F104/><W127/><G127/><AGARI ba="0,0" hai="4,6,7,18,19,125,126,127" m="37215,43050" machi="127" ten="40,8000,1" yaku="18,1,15,1,52,3" doraHai="0" who="1" fromWho="3" sc="252,0,488,80,213,0,47,-80" owari="252,5.0,568,67.0,213,-19.0,-33,-53.0" /></mjloggm>