<mjloggm ver="2.3"><GO type="169" lobby="0"/><UN n0="%E3%82%A6%E3%83%AB%E3%83%88%E3%83%A9%E7%AB%8B%E7%9B%B4" n1="%E3%81%8B%E3%82%8A%E3%82%93%E3%81%A1%E3%82%83%E3%82%93" n2="%E3%83%94%E3%82%B3%E3%81%A1%E3%82%83%E3%82%93" n3="%E6%9D%BE%E5%B1%8B%E3%81%8A%E3%81%98%E3%81%95%E3%82%93" dan="17,16,16,18" rate="2128.51,2083.52,2088.00,2229.61" sx="M,F,F,M"/><TAIKYOKU oya="0"/><INIT seed="0,0,0,2,4,5" ten="250,250,250,250" oya="0" hai0="44,92,73,117,53,91,95,24,8,68,71,48,50" hai1="34,84,69,77,59,25,15,0,108,80,55,58,46" hai2="105,17,32,9,45,93,35,52,97,75,102,128,30" hai3="100,115,1,60,86,28,61,14,99,101,18,113,116"/><T66/><D73/><U106/><E69/><V118/><F75/><W31/><G1/><T70/><D117/><U89/><E0/><V135/><F118/><W121/><G116/><T134/><D134/><U114/><E106/><V11/><F135/><W54/><G121/><T125/><D125/><U110/><E114/><V36/><F128/><W3/><G3/><T120/><D120/><U76/><E46/><V88/><F17/><W72/><G72/><T43/><D24/><U130/><E130/><V103/><F103/><N who="3" m="39499" /><G99/><T56/><D66/><U96/><E96/><V47/><F47/><W7/><G7/><T62/><D62/><N who="3" m="24169" /><G115/><T40/><D40/><U33/><E33/><V23/><F35/><W112/><G112/><T109/><D109/><U111/><E34/><V74/><F32/><W49/><G86/><T67/><D67/><U122/><E122/><V107/><F74/><W21/><G113/><T16/><REACH who="0" step="1"/><D91/><REACH who="0" ten="240,250,250,250" step="2"/><N who="1" m="51591" /><E111/><V79/><F79/><W98/><G31/><T12/><AGARI ba="0,1" hai="8,12,16,43,44,48,50,53,56,68,70,71,92,95" machi="12" ten="40,12000,1" yaku="1,1,0,1,52,1,54,1,53,0" doraHai="5" doraHaiUra="26" who="0" fromWho="0" sc="240,130,250,-40,250,-40,250,-40" /><INIT seed="0,1,0,2,4,119" ten="370,210,210,210" oya="0" hai0="1,43,9,17,105,81,124,53,96,21,98,32,131" hai1="10,22,135,107,69,134,83,36,33,111,112,113,61" hai2="44,11,29,90,5,101,74,19,66,117,109,52,92" hai3="23,110,120,25,37,86,20,99,58,42,102,114,27"/><T55/><D32/><U38/><E33/><V129/><F74/><W115/><G110/><T47/><D124/><U12/><E107/><V123/><F66/><W45/><G120/><T34/><D34/><U127/><E83/><V28/><F109/><W56/><G86/><T104/><D131/><U59/><E69/><V72/><F72/><W16/><G58/><T57/><D81/><U41/><E22/><V65/><F65/><W130/><G56/><T77/><D77/><U125/><E111/><V15/><F101/><W62/><G62/><T126/><D9/><U103/><E103/><V24/><F129/><W93/><REACH who="3" step="1"/><G130/><REACH who="3" ten="370,210,210,200" step="2"/><T40/><D57/><U13/><E125/><V73/><F123/><W39/><G39/><T60/><D60/><U82/><E127/><V78/><F117/><W122/><G122/><T35/><D126/><U87/><E38/><V4/><F73/><W6/><G6/><T18/><D47/><U84/><E36/><V0/><F78/><W3/><G3/><T30/><D1/><U79/><E87/><N who="2" m="52319" /><F0/><W63/><G63/><T100/><D98/><U128/><E128/><V95/><F5/><W85/><G85/><T68/><D96/><U67/><E84/><V76/><F76/><W46/><G46/><T118/><D118/><U48/><E79/><V121/><F121/><W70/><G70/><T26/><D68/><U54/><E61/><V132/><F44/><W91/><G91/><T94/><D100/><U8/><E59/><V116/><F116/><W97/><G97/><T133/><D30/><AGARI ba="1,1" hai="16,20,23,25,27,30,37,42,45,93,99,102,114,115" machi="30" ten="30,3900,0" yaku="1,1,7,1,54,1,53,0" doraHai="119" doraHaiUra="50" who="3" fromWho="0" sc="370,-42,210,0,210,0,200,52" /><INIT seed="1,0,0,4,1,87" ten="328,210,210,252" oya="1" hai0="123,107,10,97,7,102,73,50,17,2,41,75,76" hai1="89,23,18,26,32,58,67,14,60,117,24,51,44" hai2="77,104,20,93,15,121,129,28,103,131,92,59,126" hai3="109,120,119,72,78,45,115,84,133,61,99,25,6"/><U5/><E117/><V135/><F121/><W124/><G115/><T4/><D4/><U38/><E38/><V54/><F77/><W112/><G112/><T114/><D114/><U39/><E39/><V116/><F116/><W9/><G72/><T49/><D123/><U53/><E32/><V29/><F104/><W47/><G120/><T31/><D31/><N who="2" m="11850" /><F126/><W30/><G124/><T34/><D34/><U83/><E5/><V22/><F103/><W105/><G61/><T90/><D17/><U64/><E64/><V57/><F135/><W94/><G105/><T130/><D76/><U100/><E100/><V125/><F54/><W122/><G122/><T68/><D68/><U113/><E113/><V40/><F40/><W110/><G133/><T8/><D130/><N who="2" m="49674" /><F15/><W101/><G119/><T88/><D73/><U37/><E37/><V106/><F106/><W81/><G110/><T11/><D75/><U62/><REACH who="1" step="1"/><E60/><REACH who="1" ten="328,200,210,252" step="2"/><V82/><F125/><W42/><G109/><T118/><D118/><U3/><E3/><V86/><F82/><W134/><G134/><T65/><D65/><U56/><E56/><V70/><F70/><W21/><G42/><T13/><D41/><U35/><E35/><V66/><F66/><W12/><AGARI ba="0,1" hai="6,9,12,21,25,30,45,47,78,81,84,94,99,101" machi="12" ten="20,2700,0" yaku="0,1,7,1,8,1" doraHai="87" who="3" fromWho="3" sc="328,-7,200,-13,210,-7,252,37" /><INIT seed="2,0,0,1,3,80" ten="321,187,203,289" oya="2" hai0="71,52,24,12,55,6,130,29,129,57,56,84,113" hai1="69,116,134,33,46,11,63,72,38,18,19,119,36" hai2="32,61,109,112,101,114,74,91,60,83,76,23,37" hai3="64,92,79,26,126,78,51,86,49,13,125,99,123"/><V93/><F32/><W20/><G123/><T59/><D71/><U75/><E33/><V8/><F37/><W68/><G13/><T132/><D113/><U87/><E69/><V107/><F61/><W100/><G64/><T43/><D43/><U35/><E35/><V73/><F60/><W1/><G1/><T34/><D132/><U103/><E63/><V135/><F23/><W127/><G68/><T40/><D40/><U110/><E11/><V89/><F8/><W88/><G78/><T4/><D84/><U108/><E46/><V66/><F66/><W7/><G79/><T62/><D12/><U115/><E115/><N who="2" m="44075" /><F135/><W2/><G7/><T133/><D133/><U104/><E134/><V85/><F109/><W42/><G2/><T3/><D3/><U53/><E53/><V102/><F107/><N who="3" m="63903" /><G42/><T45/><D45/><U47/><E104/><V21/><F21/><W131/><G131/><N who="0" m="50187" /><D57/><U122/><E47/><V30/><F30/><AGARI ba="0,0" hai="20,26,30,49,51,86,88,92,125,126,127" m="63903" machi="30" ten="30,3900,0" yaku="18,1,52,1,54,1" doraHai="80" who="3" fromWho="2" sc="321,0,187,0,203,-39,289,39" /><INIT seed="3,0,0,5,0,22" ten="321,187,164,328" oya="3" hai0="121,124,66,2,64,107,19,38,134,69,102,131,52" hai1="88,59,103,104,135,23,81,117,99,67,122,68,10" hai2="98,49,34,91,46,47,87,110,36,25,26,20,82" hai3="12,116,11,113,127,35,79,65,6,39,80,72,78"/><W41/><G113/><T77/><D2/><U9/><E122/><V3/><F3/><W27/><G116/><T94/><D107/><U60/><E117/><V90/><F110/><W92/><G127/><T126/><D38/><U18/><E68/><V21/><F34/><W63/><G79/><T0/><D0/><U13/><E135/><V125/><F125/><W106/><G106/><T29/><D69/><U71/><REACH who="1" step="1"/><E59/><REACH who="1" ten="321,177,164,328" step="2"/><V61/><F46/><W33/><G39/><T31/><D134/><U93/><E93/><N who="2" m="56639" /><F36/><W17/><G92/><T84/><D94/><U111/><E111/><V118/><F118/><W8/><G41/><T128/><D121/><U37/><E37/><V96/><F96/><W119/><G119/><T40/><D40/><U115/><E115/><V74/><F74/><W123/><G123/><T55/><D84/><AGARI ba="0,1" hai="9,10,13,18,23,60,67,71,81,84,88,99,103,104" machi="84" ten="40,8000,1" yaku="1,1,54,1,53,2" doraHai="22" doraHaiUra="4" who="1" fromWho="0" sc="321,-80,177,90,164,0,328,0" /><INIT seed="4,0,0,5,3,108" ten="241,267,164,328" oya="0" hai0="127,46,124,25,96,121,84,31,52,58,106,128,82" hai1="89,122,107,0,57,88,110,97,59,45,41,95,43" hai2="93,104,29,17,44,10,65,109,99,114,18,15,48" hai3="105,22,53,2,87,13,21,116,135,35,85,38,4"/><T7/><D46/><U91/><E107/><V81/><F109/><W83/><G105/><T103/><D7/><U118/><E110/><V28/><F104/><W74/><G35/><T94/><D106/><U76/><E122/><V60/><F81/><W77/><G116/><T55/><D121/><U90/><E118/><V27/><F114/><W72/><G135/><T125/><D58/><N who="1" m="22027" /><E0/><V92/><F60/><W33/><G53/><T129/><D129/><U112/><E112/><V132/><F65/><W19/><G33/><N who="0" m="20719" /><D128/><U126/><E126/><N who="0" m="32257" /><T79/><AGARI ba="0,0" hai="52,55,79,82,84,94,96,103" m="32257,20719" machi="79" ten="40,7800,0" yaku="4,1,18,1,54,1" doraHai="108" who="0" fromWho="0" sc="241,78,267,-26,164,-26,328,-26" /><INIT seed="4,1,0,4,5,129" ten="319,241,138,302" oya="0" hai0="125,89,23,26,87,88,36,72,61,3,53,6,109" hai1="103,134,7,133,13,57,38,131,108,27,1,28,41" hai2="111,49,52,107,70,127,47,126,117,96,101,35,71" hai3="15,124,106,97,25,113,42,79,122,132,31,130,55"/><T17/><D36/><U14/><E108/><V99/><F111/><W50/><G130/><T85/><D72/><U102/><E131/><V33/><F117/><W67/><G113/><T30/><D109/><U78/><E78/><V120/><F120/><W32/><G67/><T64/><D6/><U73/><E73/><V22/><F22/><W2/><G79/><T20/><D3/><U116/><E116/><V121/><F121/><W62/><G2/><T65/><D53/><U0/><E57/><V104/><F71/><W82/><G82/><N who="0" m="49207" /><D61/><U75/><E75/><V34/><REACH who="2" step="1"/><F70/><REACH who="2" ten="319,241,128,302" step="2"/><W40/><G122/><T90/><D125/><U81/><E0/><V80/><F80/><W56/><G124/><T110/><D110/><U95/><E81/><V18/><F18/><W83/><G83/><N who="0" m="49407" /><D90/><U5/><E1/><V44/><F44/><W135/><G32/><T100/><D100/><AGARI ba="1,1" hai="33,34,35,47,49,52,96,99,100,101,104,107,126,127" machi="100" ten="50,6400,0" yaku="1,1,9,1,54,1,53,0" doraHai="129" doraHaiUra="21" who="2" fromWho="0" sc="319,-67,241,0,128,77,302,0" /><INIT seed="5,0,0,5,2,48" ten="252,241,205,302" oya="1" hai0="69,109,36,39,15,8,130,51,75,14,117,89,21" hai1="119,61,126,131,34,57,5,46,104,4,106,124,123" hai2="107,87,120,6,77,38,73,98,68,71,9,133,76" hai3="12,30,88,134,95,82,85,70,2,127,24,135,53"/><U11/><E123/><V22/><F120/><W19/><G2/><T32/><D32/><U132/><E119/><V43/><F133/><N who="3" m="50699" /><G70/><T27/><D69/><U116/><E116/><V121/><F121/><W58/><G127/><N who="1" m="48682" /><E132/><V18/><F87/><W114/><G114/><T74/><D89/><U103/><E34/><V50/><F77/><W7/><G7/><T67/><D67/><N who="1" m="39343" /><E131/><V55/><F98/><W16/><G12/><T47/><D14/><U78/><E78/><V72/><F107/><N who="1" m="41001" /><E103/><V1/><F73/><W125/><G125/><T79/><D75/><U54/><E11/><V49/><F76/><W90/><G30/><T115/><D79/><U93/><E93/><V110/><F72/><W101/><G24/><T25/><D25/><U122/><E122/><V29/><F29/><W108/><G101/><T13/><D27/><U105/><E105/><V97/><F97/><N who="3" m="57575" /><G108/><T20/><D109/><U56/><E46/><N who="2" m="23927" /><F110/><W83/><G82/><T62/><D74/><U94/><E94/><V99/><F99/><W0/><G0/><T112/><D117/><U44/><E44/><N who="2" m="28071" /><F22/><W65/><G65/><T129/><D8/><U86/><E86/><V52/><F18/><W45/><G45/><T31/><D47/><U80/><E80/><V92/><F92/><W40/><G40/><T60/><D31/><U35/><E35/><V100/><F100/><W66/><G66/><T3/><D3/><U84/><E84/><V63/><F71/><W111/><G111/><T102/><D102/><U26/><E26/><V41/><F68/><W64/><G64/><T37/><D37/><RYUUKYOKU ba="0,0" sc="252,10,241,10,205,-30,302,10" hai0="13,15,20,21,36,39,51,60,62,112,115,129,130" hai1="4,5,54,56" hai3="16,19,53,58,83,85,90" /><INIT seed="5,1,0,1,2,69" ten="262,251,175,312" oya="1" hai0="78,90,79,3,60,72,126,77,22,25,42,19,58" hai1="61,47,29,66,34,125,93,43,124,84,59,45,73" hai2="37,109,33,131,135,67,112,132,15,20,89,6,2" hai3="107,64,85,100,97,121,108,134,75,81,13,120,38"/><U24/><E73/><V83/><F33/><W26/><G38/><T55/><D3/><U105/><E105/><V127/><F109/><W118/><G64/><T71/><D71/><U7/><E7/><V96/><F67/><W48/><G48/><T46/><D126/><N who="1" m="48747" /><E43/><V10/><F127/><W27/><G13/><T31/><D90/><AGARI ba="1,0" hai="24,29,34,45,47,59,61,66,84,90,93" m="48747" machi="90" ten="30,1500,0" yaku="18,1" doraHai="69" who="1" fromWho="0" sc="262,-18,251,18,175,0,312,0" /><INIT seed="5,2,0,3,4,39" ten="244,269,175,312" oya="1" hai0="30,118,130,28,105,7,57,50,80,121,47,17,99" hai1="32,37,27,128,81,74,56,2,26,46,90,8,83" hai2="15,95,1,3,115,13,44,53,54,126,91,59,58" hai3="64,12,45,73,87,49,72,122,0,18,66,9,76"/><U92/><E128/><V78/><F126/><W35/><G35/><T33/><D118/><U124/><E124/><V22/><F115/><W102/><G0/><T100/><D121/><U6/><E32/><V82/><F1/><W117/><G122/><T132/><D130/><U106/><E106/><V19/><F3/><W24/><G102/><T123/><D7/><U36/><E56/><V40/><F59/><W98/><G98/><T23/><D33/><U109/><E109/><V20/><F58/><W97/><G97/><T94/><D105/><U71/><E71/><V84/><F15/><W77/><G73/><T4/><D4/><U5/><E5/><V104/><F20/><N who="3" m="13335" /><G72/><T86/><D57/><U112/><E112/><V79/><F104/><W51/><G51/><T129/><D132/><U29/><E29/><V70/><F70/><W10/><G117/><T114/><D114/><U14/><E14/><V42/><F79/><N who="3" m="30283" /><G87/><T116/><D116/><U111/><E111/><V11/><F22/><W67/><G12/><N who="0" m="9639" /><D123/><U61/><E74/><V113/><F113/><W85/><G85/><T48/><D48/><U103/><E36/><V88/><F78/><W120/><G120/><T69/><D69/><U55/><E37/><V21/><F21/><W127/><G127/><T101/><D101/><U135/><E103/><V93/><F82/><N who="1" m="31241" /><E135/><V31/><F31/><W119/><G119/><T60/><D129/><U63/><E27/><V96/><F44/><W133/><G133/><T75/><D75/><U107/><E26/><V68/><F68/><W108/><G108/><T41/><D60/><RYUUKYOKU ba="2,0" sc="244,10,269,-30,175,10,312,10" hai0="28,30,41,47,50,80,86,94,99,100" hai2="11,13,19,40,42,53,54,84,88,91,93,95,96" hai3="9,10,45,49,64,66,67" /><INIT seed="6,3,0,3,2,96" ten="254,239,185,322" oya="2" hai0="24,45,109,94,43,29,90,23,83,106,126,10,25" hai1="20,70,46,4,99,93,3,34,11,68,95,48,134" hai2="31,108,37,18,40,121,135,17,127,56,30,9,114" hai3="33,89,116,129,73,50,92,57,107,16,78,44,119"/><V76/><F121/><W122/><G122/><T87/><D106/><U39/><E39/><V67/><F114/><W27/><G107/><T8/><D109/><U77/><E34/><V117/><F117/><W130/><G78/><T113/><D113/><U66/><E134/><V6/><F76/><W71/><G57/><T88/><D25/><U82/><E20/><V125/><F40/><N who="3" m="24839" /><G71/><T38/><REACH who="0" step="1"/><D126/><REACH who="0" ten="244,239,185,322" step="2"/><N who="2" m="48138" /><F108/><W60/><G27/><T101/><D101/><U15/><E3/><N who="2" m="223" /><F37/><W32/><G119/><T105/><D105/><U84/><E66/><V53/><F67/><W133/><G116/><T28/><D28/><N who="2" m="10794" /><F135/><W85/><G133/><T115/><D115/><U74/><E74/><V75/><F75/><W41/><G73/><T91/><D91/><U65/><E65/><V72/><F72/><W0/><G89/><T103/><D103/><U19/><E70/><V79/><F79/><W118/><G118/><T54/><D54/><U7/><E68/><V64/><F64/><W123/><G123/><T26/><D26/><U1/><E77/><V131/><F131/><W58/><G130/><T98/><AGARI ba="3,1" hai="8,10,23,24,29,38,43,45,83,87,88,90,94,98" machi="98" ten="20,8000,1" yaku="1,1,0,1,7,1,54,1,53,1" doraHai="96" doraHaiUra="22" who="0" fromWho="0" sc="244,99,239,-23,185,-43,322,-23" /><INIT seed="7,0,0,2,5,92" ten="343,216,142,299" oya="3" hai0="38,15,130,109,12,27,26,47,102,131,7,91,120" hai1="87,1,69,119,98,89,51,115,126,13,127,105,95" hai2="129,17,108,122,22,113,88,85,23,80,132,77,62" hai3="0,33,93,64,114,34,135,42,104,71,110,121,50"/><W48/><G104/><T10/><D120/><U54/><E69/><V112/><F108/><W68/><G0/><T9/><D102/><N who="1" m="62679" /><E1/><V66/><F122/><W57/><G121/><T75/><D91/><U59/><E13/><V101/><F101/><W97/><G110/><T78/><D78/><U72/><E72/><V40/><F40/><W60/><G135/><T31/><D75/><U73/><E73/><V39/><F39/><W128/><G128/><N who="0" m="49195" /><D109/><U125/><E115/><V52/><F129/><W100/><G114/><T28/><D47/><U32/><E32/><V25/><F132/><W11/><G11/><T2/><D38/><U24/><E24/><N who="0" m="9257" /><D15/><U53/><E54/><V99/><F23/><W43/><G43/><T96/><D96/><U111/><E111/><V79/><F66/><W61/><G68/><T107/><D107/><U19/><E19/><AGARI ba="0,0" hai="2,7,9,10,12,19,28,31" m="9257,49195" machi="19" ten="30,3900,0" yaku="19,1,34,2" doraHai="92" who="0" fromWho="1" sc="343,39,216,-39,142,0,299,0" owari="382,48.0,177,-22.0,142,-36.0,299,10.0" /></mjloggm>