<mjloggm ver="2.3"><GO type="97" lobby="0"/><UN n0="%E9%BB%92%E5%B8%AF%E3%83%89%E3%83%A9%E3%82%B4%E3%83%B3" n1="%E5%B0%B1%E6%B4%BB%E7%94%9F%40%E5%B7%9D%E6%9D%91%E8%BB%8D%E5%9B%A3" n2="%E6%9C%89%E5%88%A9" n3="%E3%82%B4%E3%83%AD" dan="14,15,13,14" rate="1952.59,2005.01,1867.48,1949.71" sx="M,M,M,M"/><TAIKYOKU oya="0"/><INIT seed="0,0,0,2,2,24" ten="250,250,250,250" oya="0" hai0="58,105,78,106,69,63,9,70,27,59,97,98,50" hai1="117,76,8,21,23,101,113,71,64,54,116,84,95" hai2="25,22,36,38,61,26,107,5,72,79,52,44,87" hai3="112,135,16,3,85,4,102,47,114,88,108,14,31"/><T91/><D78/><U33/><E33/><V13/><F107/><W94/><G47/><T66/><D9/><U60/><E113/><V124/><F124/><W1/><G135/><T110/><D110/><U81/><E54/><V40/><F72/><W65/><G65/><T46/><D27/><U15/><E116/><V28/><F38/><W119/><G119/><T104/><D91/><U122/><E122/><V109/><F109/><W86/><G108/><T75/><D75/><U18/><E117/><V43/><F36/><W74/><G74/><T10/><D10/><U57/><E71/><V127/><F127/><W39/><G39/><T62/><D46/><U2/><E2/><V30/><F13/><W41/><G41/><T42/><D42/><U48/><E48/><N who="2" m="28679" /><F5/><W80/><G102/><T83/><D83/><U96/><AGARI ba="0,0" hai="8,15,18,21,23,57,60,64,76,81,84,95,96,101" machi="96" ten="30,2000,0" yaku="0,1,8,1" doraHai="24" who="1" fromWho="1" sc="250,-10,250,20,250,-5,250,-5" /><INIT seed="1,0,0,2,1,131" ten="240,270,245,245" oya="1" hai0="6,13,109,7,41,15,80,30,5,61,23,39,65" hai1="71,132,87,16,60,66,34,75,95,42,93,116,29" hai2="135,133,107,121,8,88,49,57,108,3,62,63,32" hai3="54,35,74,127,53,104,76,100,46,125,14,81,55"/><U118/><E75/><V24/><F107/><W82/><G82/><T10/><D109/><U92/><E42/><V97/><F121/><W77/><G77/><T110/><D110/><U18/><E132/><N who="2" m="50763" /><F108/><W126/><G35/><T4/><D80/><U45/><E45/><V20/><F32/><W124/><N who="3" m="32256" /><DORA hai="67" /><W86/><G74/><T83/><D83/><U119/><REACH who="1" step="1"/><E87/><REACH who="1" ten="240,260,245,245" step="2"/><V59/><F49/><W99/><REACH who="3" step="1"/><G14/><REACH who="3" ten="240,260,245,235" step="2"/><T68/><D13/><U47/><E47/><AGARI ba="0,2" hai="46,47,53,54,55,76,81,86,99,100,104" m="32256" machi="47" ten="70,12000,2" yaku="1,1,2,1,18,1,53,3" doraHai="131,67" doraHaiUra="122,48" who="3" fromWho="1" sc="240,0,260,-120,245,0,235,140" /><INIT seed="2,0,0,4,1,130" ten="240,140,245,375" oya="2" hai0="49,73,4,19,127,61,59,10,17,62,2,40,67" hai1="29,52,9,3,106,87,118,5,99,43,110,30,102" hai2="23,117,122,21,131,13,64,44,115,124,113,32,26" hai3="111,86,116,1,84,56,74,35,33,81,54,28,75"/><V31/><F122/><W92/><G116/><T78/><D127/><U58/><E118/><V25/><F64/><W39/><G1/><T134/><D134/><U79/><E110/><V14/><F117/><W132/><G39/><T100/><D100/><U121/><E43/><V7/><F44/><W27/><G111/><T94/><D94/><U15/><E121/><V16/><F131/><W77/><G35/><T51/><D78/><U109/><E109/><V120/><F124/><W37/><G37/><T128/><D128/><U95/><E3/><V89/><F89/><W22/><G33/><T18/><D73/><U72/><E72/><V38/><F38/><W65/><G65/><T70/><REACH who="0" step="1"/><D40/><REACH who="0" ten="230,140,245,375" step="2"/><U83/><REACH who="1" step="1"/><E106/><REACH who="1" ten="230,130,245,375" step="2"/><V50/><F120/><W69/><G74/><T103/><D103/><U60/><AGARI ba="0,2" hai="5,9,15,29,30,52,58,60,79,83,87,95,99,102" machi="60" ten="20,12000,2" yaku="1,1,2,1,0,1,7,1,8,1,54,1,53,0" doraHai="130" doraHaiUra="66" who="1" fromWho="1" sc="230,-30,130,140,245,-60,375,-30" /><INIT seed="3,0,0,4,3,119" ten="200,270,185,345" oya="3" hai0="121,57,13,126,16,105,91,54,118,20,134,113,28" hai1="100,101,108,59,106,127,63,17,58,26,30,70,52" hai2="11,99,32,74,2,6,68,18,66,83,124,76,62" hai3="87,47,103,10,64,14,123,111,51,86,80,71,9"/><W40/><G123/><T49/><D105/><U72/><E72/><V35/><F18/><W120/><G120/><T33/><D121/><U55/><E70/><V56/><F56/><W60/><G111/><T5/><D118/><U109/><E17/><V36/><F124/><W78/><G103/><T117/><D117/><U21/><E127/><V115/><F99/><W24/><G24/><T94/><D113/><U37/><E37/><V69/><F115/><W88/><G14/><T130/><D126/><U23/><E23/><V84/><F84/><W7/><G7/><T97/><D130/><U98/><REACH who="1" step="1"/><E100/><REACH who="1" ten="200,260,185,345" step="2"/><V96/><F69/><W93/><AGARI ba="0,1" hai="9,10,40,47,51,60,64,71,78,80,86,87,88,93" machi="93" ten="20,3900,0" yaku="0,1,7,1,54,1" doraHai="119" who="3" fromWho="3" sc="200,-13,260,-13,185,-13,345,49" owari="187,-21.0,247,5.0,172,-33.0,394,49.0" /></mjloggm>