<mjloggm ver="2.3"><GO type="225" lobby="0"/><UN n0="%E9%AC%BC%E5%8F%A3%E3%81%BE%E3%81%93%E3%81%A8" n1="%E3%81%AA%E3%81%A3%E3%81%8D%E3%82%8A" n2="%E5%B0%B1%E6%B4%BB%E7%94%9F%40%E5%B7%9D%E6%9D%91%E8%BB%8D%E5%9B%A3" n3="%E3%81%BF%E3%81%BF%E3%81%9A" dan="16,16,16,17" rate="2227.86,2059.31,2074.52,2155.76" sx="M,M,M,M"/><TAIKYOKU oya="0"/><INIT seed="0,0,0,0,4,118" ten="250,250,250,250" oya="0" hai0="60,98,18,14,78,113,16,115,128,87,81,2,102" hai1="63,91,80,11,99,124,129,83,6,109,12,35,46" hai2="121,37,71,90,131,40,59,52,93,105,108,41,29" hai3="75,122,77,27,117,7,100,67,21,76,88,10,48"/><T15/><D2/><U132/><E109/><V106/><F105/><W135/><G117/><T28/><D28/><U25/><E124/><V66/><F106/><W5/><G100/><T42/><D42/><U72/><E129/><V116/><F71/><W34/><G34/><T112/><D60/><U53/><E72/><V125/><F66/><W119/><G119/><T36/><D36/><U82/><E132/><V97/><F37/><W85/><G135/><T51/><D51/><N who="1" m="28919" /><E35/><V24/><F116/><W73/><G73/><T26/><D128/><U30/><E63/><V101/><F125/><W134/><G134/><T3/><D3/><U45/><E45/><V127/><F127/><W8/><G75/><T107/><REACH who="0" step="1"/><D26/><REACH who="0" ten="240,250,250,250" step="2"/><U110/><E110/><V43/><F108/><W114/><G114/><T96/><D96/><U94/><E25/><V1/><F131/><W70/><G48/><T50/><D50/><U55/><E30/><V33/><F1/><W92/><G70/><T74/><D74/><U31/><E31/><V23/><F121/><W19/><G122/><T22/><D22/><U38/><E38/><V104/><F33/><W56/><G67/><T13/><AGARI ba="0,1" hai="13,14,15,16,18,78,81,87,98,102,107,112,113,115" machi="13" ten="40,7800,0" yaku="1,1,0,1,54,1,53,0" doraHai="118" doraHaiUra="65" who="0" fromWho="0" sc="240,88,250,-26,250,-26,250,-26" /><INIT seed="0,1,0,0,5,77" ten="328,224,224,224" oya="0" hai0="83,37,127,53,1,27,56,20,109,125,74,88,111" hai1="132,59,110,65,94,66,17,78,129,62,14,123,104" hai2="122,106,91,2,38,85,64,39,68,117,86,82,60" hai3="114,3,31,46,97,15,103,71,32,55,76,18,72"/><T44/><D1/><U121/><E104/><V89/><F122/><W34/><G114/><T108/><D44/><U47/><E110/><V113/><F113/><W135/><G3/><T80/><D37/><U24/><E132/><V120/><F120/><W29/><G71/><T36/><D36/><U81/><E129/><V57/><F117/><W35/><G135/><T49/><D74/><U93/><E66/><V73/><F106/><W69/><G69/><T84/><REACH who="0" step="1"/><D83/><REACH who="0" ten="318,224,224,224" step="2"/><U22/><E47/><V124/><F73/><W112/><G112/><T118/><D118/><U99/><E123/><V107/><F2/><W16/><G72/><T61/><D61/><U4/><E121/><V119/><F119/><W128/><G128/><T90/><D90/><U58/><E78/><V131/><F131/><W98/><G76/><T23/><D23/><U9/><E81/><V48/><F124/><W102/><G46/><T79/><D79/><U26/><E62/><V101/><F39/><W40/><G34/><T51/><D51/><U100/><E22/><V130/><F38/><W6/><G40/><T105/><D105/><U50/><E50/><V133/><F130/><W8/><G32/><T96/><D96/><U0/><E94/><V67/><F133/><W87/><G35/><T11/><D11/><U45/><E45/><V126/><F126/><W52/><G87/><T54/><D54/><N who="3" m="20521" /><G97/><T28/><AGARI ba="1,1" hai="20,27,28,49,53,56,80,84,88,108,109,111,125,127" machi="28" ten="40,18000,2" yaku="1,1,0,1,14,1,10,1,52,1,54,1,53,0" doraHai="77" doraHaiUra="13" who="0" fromWho="0" sc="318,193,224,-61,224,-61,224,-61" /><INIT seed="0,2,0,1,5,10" ten="511,163,163,163" oya="0" hai0="71,104,34,114,106,131,11,133,126,20,46,42,74" hai1="125,38,47,107,44,40,56,91,119,7,113,68,58" hai2="99,103,124,123,26,87,63,2,96,108,81,117,21" hai3="61,130,66,0,48,78,100,31,59,118,111,16,98"/><T77/><D34/><U89/><E107/><V30/><F2/><W112/><G112/><T27/><D71/><U55/><E119/><V50/><F123/><W69/><G118/><T60/><D60/><U39/><E7/><V52/><F117/><W83/><G0/><T90/><D90/><U82/><E82/><V105/><F124/><W97/><G111/><T9/><D114/><U72/><E72/><V110/><F99/><W135/><G135/><T101/><D126/><U116/><E116/><V17/><F63/><W49/><G130/><T14/><D11/><U127/><E113/><V75/><F75/><W79/><G31/><T84/><D74/><U12/><E40/><V43/><F43/><W35/><G35/><T57/><D57/><U134/><E55/><V86/><F30/><W37/><G37/><T28/><D101/><U115/><E115/><V1/><F1/><W5/><G5/><N who="0" m="3375" /><D133/><U93/><E134/><V73/><F73/><W8/><G69/><T95/><D95/><U70/><E93/><V24/><F24/><W85/><G79/><T88/><D88/><U132/><E132/><V122/><F122/><W76/><G76/><T80/><D131/><U3/><E3/><V22/><F22/><W121/><G121/><T19/><D19/><U53/><E12/><V29/><F29/><W65/><G65/><T6/><D6/><U128/><E128/><V54/><F54/><W120/><G120/><T23/><D106/><U13/><E13/><V4/><F4/><W25/><G78/><T62/><D104/><U109/><E109/><N who="2" m="42091" /><F81/><W102/><G83/><RYUUKYOKU ba="2,0" sc="511,-15,163,15,163,15,163,-15" hai1="38,39,44,47,53,56,58,68,70,89,91,125,127" hai2="17,21,26,50,52,86,87,96,103,105" /><INIT seed="1,3,0,1,0,38" ten="496,178,178,148" oya="1" hai0="82,76,106,50,34,27,70,110,61,97,45,18,121" hai1="126,134,9,130,37,128,43,54,101,2,102,11,71" hai2="55,58,98,104,135,40,66,22,116,10,42,26,52" hai3="72,7,64,74,49,15,92,94,29,129,109,132,53"/><U124/><E71/><V8/><F135/><W39/><G39/><T122/><D110/><U95/><E2/><V79/><F104/><W4/><G132/><T83/><D106/><U17/><E134/><V28/><F98/><W44/><G109/><T35/><D97/><N who="1" m="59583" /><E54/><N who="2" m="20523" /><F79/><W63/><G129/><N who="1" m="49770" /><E102/><V127/><F127/><N who="1" m="48681" /><E17/><V111/><F111/><W80/><G64/><T108/><D108/><U131/><N who="1" m="49778" /><U21/><DORA hai="69" /><E21/><V133/><F133/><W78/><G63/><T59/><D70/><U20/><E20/><V123/><F123/><N who="0" m="47114" /><D34/><U65/><E65/><V51/><F116/><W84/><G7/><T125/><D125/><U88/><E88/><V105/><F105/><W90/><G92/><T118/><D118/><U103/><E103/><V13/><F66/><W81/><G94/><T0/><D0/><U93/><E93/><V107/><F107/><W19/><G4/><T73/><D18/><U30/><E30/><V5/><F58/><W86/><REACH who="3" step="1"/><G29/><REACH who="3" ten="496,178,178,138" step="2"/><T60/><D61/><U24/><E24/><V119/><F119/><W47/><G47/><AGARI ba="3,1" hai="9,11,37,43,47" m="48681,49778,59583" machi="47" ten="50,12000,1" yaku="19,1,18,1,52,2" doraHai="38,69" who="1" fromWho="3" sc="496,0,178,139,178,0,138,-129" /><INIT seed="1,4,0,1,2,72" ten="496,317,178,9" oya="1" hai0="71,32,28,96,9,76,127,109,33,78,73,6,114" hai1="12,81,26,93,108,82,129,10,117,86,34,77,120" hai2="87,41,57,25,95,122,91,66,4,23,35,29,30" hai3="52,110,45,7,65,74,100,21,131,5,111,135,88"/><U80/><E120/><V83/><F122/><W13/><G74/><T63/><D114/><U112/><E117/><V99/><F41/><W70/><G100/><T44/><D44/><U98/><E112/><V1/><F1/><W48/><G131/><T0/><D109/><N who="3" m="41481" /><G135/><T119/><D119/><U133/><E133/><V42/><F4/><N who="3" m="1611" /><G70/><T15/><D15/><U3/><E3/><V107/><F107/><W31/><G65/><N who="0" m="41407" /><D127/><U2/><E2/><V22/><F42/><W75/><G75/><T134/><D134/><U89/><E108/><V47/><F47/><W116/><G116/><T36/><D36/><U103/><E129/><V27/><F35/><W62/><G62/><T106/><D73/><U115/><E115/><V67/><REACH who="2" step="1"/><F57/><REACH who="2" ten="496,317,168,9" step="2"/><W16/><G31/><T125/><D33/><U68/><E68/><V60/><F60/><W94/><G94/><T121/><D121/><U46/><E46/><V64/><F64/><W43/><G43/><T38/><D38/><U17/><E34/><V128/><F128/><W54/><G54/><T85/><D0/><U105/><REACH who="1" step="1"/><E26/><REACH who="1" ten="496,307,168,9" step="2"/><V39/><F39/><W104/><G104/><T14/><D32/><U124/><E124/><V59/><F59/><W102/><G102/><AGARI ba="4,2" hai="22,23,25,27,29,30,66,67,83,87,91,95,99,102" machi="102" ten="30,7700,0" yaku="1,1,7,1,9,1,8,1,53,0" doraHai="72" doraHaiUra="56" who="2" fromWho="3" sc="496,0,307,0,168,109,9,-89" owari="496,59.0,307,11.0,277,-12.0,-80,-58.0" /></mjloggm>