<mjloggm ver="2.3"><GO type="41" lobby="0"/><UN n0="%E3%81%A9%E3%81%8F%E3%82%8A%E3%82%93%E3%81%94%E3%82%B5%E3%83%AF%E3%83%BC" n1="%E6%9D%89%E6%9C%AC%E5%9B%9B%E8%91%89" n2="%E5%B0%B1%E6%B4%BB%E7%94%9F%40%E5%B7%9D%E6%9D%91%E8%BB%8D%E5%9B%A3" n3="%E3%81%86%E3%81%83%E3%83%BC%E3%81%A1%E3%82%83%E3%82%93" dan="15,15,15,15" rate="1964.36,2006.07,2017.38,2067.51" sx="F,M,M,M"/><TAIKYOKU oya="0"/><INIT seed="0,0,0,4,1,128" ten="250,250,250,250" oya="0" hai0="24,64,30,57,133,83,44,124,69,9,77,20,28" hai1="12,40,103,87,32,15,89,43,19,61,36,53,100" hai2="33,94,62,75,107,34,54,99,130,109,125,131,71" hai3="1,27,5,46,134,129,60,13,16,42,121,104,119"/><T65/><D133/><U73/><E73/><V112/><F107/><W38/><G119/><T98/><D124/><U93/><E32/><V90/><F75/><W59/><G121/><T105/><D69/><U11/><E36/><V67/><F112/><W31/><G129/><N who="2" m="49161" /><F125/><W14/><G104/><T45/><D30/><U122/><E122/><V55/><F109/><W117/><G117/><T72/><D9/><U6/><E61/><V10/><F10/><W8/><G134/><T49/><D65/><U39/><E53/><AGARI ba="0,0" hai="33,34,53,54,55,62,67,71,90,94,99" m="49161" machi="53" ten="30,1000,0" yaku="19,1" doraHai="128" who="2" fromWho="1" sc="250,0,250,-10,250,10,250,0" /><INIT seed="1,0,0,0,1,63" ten="250,240,260,250" oya="1" hai0="16,72,8,123,91,7,131,102,82,61,56,50,52" hai1="30,14,26,130,66,33,29,71,93,45,11,25,18" hai2="51,92,60,62,113,19,6,27,1,10,133,13,42" hai3="98,69,110,48,17,22,115,84,43,86,41,75,67"/><U87/><E45/><V107/><F113/><W101/><G115/><T77/><D123/><U49/><E49/><V81/><F107/><W104/><G110/><T0/><D131/><U4/><E87/><V20/><F133/><W80/><G75/><T53/><D102/><U24/><E93/><V90/><F81/><W117/><G117/><T21/><D91/><U59/><E59/><V105/><F105/><W65/><G86/><T58/><D21/><N who="1" m="11479" /><E66/><V37/><F37/><W54/><G69/><T96/><D96/><U78/><E71/><V128/><F128/><W44/><G41/><T46/><D46/><U32/><E78/><V106/><F106/><W125/><G43/><T3/><D3/><N who="1" m="415" /><E130/><V100/><F100/><W127/><G127/><T34/><D34/><AGARI ba="0,0" hai="24,25,26,29,30,32,33,34" m="415,11479" machi="34" ten="30,12000,1" yaku="35,5" doraHai="63" who="1" fromWho="0" sc="250,-120,240,120,260,0,250,0" /><INIT seed="1,1,0,1,2,123" ten="130,360,260,250" oya="1" hai0="45,27,63,28,103,6,12,39,94,87,69,61,96" hai1="57,111,7,15,104,62,9,91,35,53,118,124,130" hai2="88,122,41,36,66,26,121,47,32,18,97,105,37" hai3="23,29,58,46,50,13,109,68,114,4,101,70,3"/><U16/><E118/><V17/><F37/><W40/><G114/><T117/><D117/><U55/><E104/><V72/><F72/><W128/><G128/><T134/><D134/><U80/><E35/><V95/><F66/><W74/><G74/><T42/><D69/><U92/><E130/><V107/><F18/><W44/><G3/><T102/><D102/><U73/><E124/><V135/><F135/><W86/><G101/><T51/><D39/><U11/><E73/><V83/><F83/><W59/><G4/><T21/><D87/><U115/><E115/><V90/><F90/><W113/><G13/><T75/><D75/><U89/><E80/><V14/><F105/><W49/><G23/><T126/><D126/><U125/><E125/><V5/><F5/><W132/><G29/><T48/><D48/><U43/><E43/><V65/><F65/><W82/><G113/><T119/><D119/><U110/><E55/><V64/><F64/><W81/><G132/><T76/><D76/><U129/><E129/><V106/><F106/><W79/><G86/><T31/><D31/><U1/><REACH who="1" step="1"/><E91/><REACH who="1" ten="130,350,260,250" step="2"/><V108/><F107/><W19/><G40/><T99/><REACH who="0" step="1"/><D99/><AGARI ba="1,1" hai="1,7,9,11,15,16,53,57,62,89,92,99,110,111" machi="99" ten="40,18000,2" yaku="1,1,2,1,52,2,54,1,53,1" doraHai="123" doraHaiUra="8" who="1" fromWho="0" sc="130,-183,350,193,260,0,250,0" owari="-53,-55.0,543,64.0,260,6.0,250,-15.0" /></mjloggm>