<mjloggm ver="2.3"><GO type="225" lobby="0"/><UN n0="%E5%B0%B1%E6%B4%BB%E7%94%9F%40%E5%B7%9D%E6%9D%91%E8%BB%8D%E5%9B%A3" n1="%E3%82%B7%E3%83%AD%E3%82%AF%E3%83%AD" n2="%E3%81%8A%E3%83%BC%E3%81%8F%E3%82%8A%E3%83%BC%E2%99%AA" n3="%E3%81%A1%E3%83%BC%E3%81%A6%E3%82%93" dan="17,17,17,16" rate="2107.93,2188.15,2118.72,2170.48" sx="M,M,M,M"/><TAIKYOKU oya="0"/><INIT seed="0,0,0,5,4,54" ten="250,250,250,250" oya="0" hai0="75,72,9,29,82,101,47,124,76,0,100,63,46" hai1="22,55,10,6,13,132,15,49,105,41,126,106,110" hai2="66,61,23,118,56,27,69,125,60,2,70,93,79" hai3="134,24,130,108,30,77,67,45,80,19,86,78,53"/><T84/><D124/><U40/><E126/><V37/><F37/><W8/><G108/><T92/><D75/><U35/><E110/><V104/><F104/><W96/><G130/><T14/><D0/><U90/><E35/><V73/><F125/><W65/><G134/><T52/><D29/><U3/><E132/><V59/><F2/><W4/><G96/><N who="0" m="59399" /><D72/><U1/><E106/><V95/><F118/><W91/><G19/><T36/><D101/><U116/><E105/><V50/><F50/><N who="3" m="28879" /><G24/><T94/><D94/><U107/><E107/><V120/><F120/><W17/><G30/><T31/><D31/><U32/><E32/><V88/><F95/><W123/><G4/><N who="0" m="3367" /><D36/><U129/><E116/><V121/><F121/><W18/><G123/><T85/><D85/><U62/><E129/><V112/><F112/><W113/><G113/><T81/><D81/><U119/><E119/><V111/><F73/><W133/><G133/><T48/><D63/><U58/><E1/><V57/><F111/><W98/><G98/><T42/><D42/><U43/><E90/><V21/><F79/><N who="3" m="30219" /><G17/><T26/><D26/><U71/><E71/><V83/><F83/><W38/><G38/><T51/><D51/><U44/><E3/><V39/><F39/><W128/><G128/><T131/><D131/><U87/><E87/><N who="2" m="52383" /><F27/><W68/><G68/><T11/><D11/><U74/><E74/><V12/><F12/><AGARI ba="0,0" hai="8,12,18,65,67,80,86,91" m="30219,28879" machi="12" ten="30,2000,0" yaku="25,1,8,1" doraHai="54" who="3" fromWho="2" sc="250,0,250,0,250,-20,250,20" /><INIT seed="1,0,0,3,3,92" ten="250,250,230,270" oya="1" hai0="66,70,112,20,89,27,10,131,29,77,4,11,5" hai1="102,28,46,63,116,132,17,97,23,43,44,135,31" hai2="49,57,124,75,129,101,103,85,51,35,62,52,105" hai3="119,7,99,133,127,18,79,56,90,30,60,24,32"/><U78/><E116/><V130/><F75/><W64/><G133/><N who="1" m="51274" /><E78/><V48/><F35/><W110/><G127/><T95/><D131/><N who="2" m="50186" /><F124/><W96/><G110/><T73/><D77/><U100/><E63/><V82/><F105/><W134/><G134/><T54/><D73/><U126/><E126/><V91/><AGARI ba="0,0" hai="48,49,51,52,57,62,82,85,91,101,103" m="50186" machi="91" ten="30,2000,0" yaku="19,1,54,1" doraHai="92" who="2" fromWho="2" sc="250,-5,250,-10,230,20,270,-5" /><INIT seed="2,0,0,3,0,115" ten="245,240,250,265" oya="2" hai0="123,100,114,112,17,90,13,91,50,36,60,56,47" hai1="107,58,121,124,110,108,8,64,128,12,77,42,89" hai2="31,119,15,88,70,54,9,22,10,16,134,79,125" hai3="18,81,118,38,104,39,34,73,62,46,2,113,76"/><V97/><F70/><W52/><G118/><T37/><D123/><U132/><E121/><V61/><F119/><W63/><G113/><T122/><D122/><U43/><E124/><V133/><F79/><W57/><G104/><T85/><D114/><U111/><E128/><V67/><F125/><W80/><G34/><T27/><D100/><U28/><E132/><N who="2" m="50795" /><F31/><W65/><G2/><T3/><D27/><U130/><E130/><V48/><F61/><W84/><G18/><T135/><D90/><U26/><E107/><V117/><F67/><W23/><G23/><T59/><D3/><U49/><E77/><V71/><F71/><W6/><G6/><T66/><D59/><U33/><E89/><V82/><F117/><W51/><G63/><T25/><D25/><U0/><E0/><V109/><F109/><W74/><G73/><T95/><D112/><U103/><E103/><V78/><F78/><AGARI ba="0,0" hai="38,39,46,51,52,57,62,65,74,76,78,80,81,84" machi="78" ten="30,2000,0" yaku="7,1,54,1" doraHai="115" who="3" fromWho="2" sc="245,0,240,0,250,-20,265,20" /><INIT seed="3,0,0,3,1,70" ten="245,240,230,285" oya="3" hai0="126,64,21,105,65,101,128,135,74,26,19,52,56" hai1="121,28,76,110,6,102,36,82,131,95,107,97,1" hai2="84,50,27,32,49,106,11,24,123,114,23,33,39" hai3="109,116,88,17,48,5,133,34,25,9,30,31,130"/><W53/><G116/><T8/><D74/><U61/><E121/><V113/><F123/><W18/><G133/><T86/><D135/><U115/><E115/><V72/><F72/><W67/><G67/><T57/><D128/><U43/><E131/><V108/><F106/><W15/><G130/><T132/><D132/><U120/><E120/><V94/><F39/><W75/><G109/><T112/><D126/><U134/><E134/><V80/><F108/><W22/><G75/><T100/><D105/><U90/><E110/><V47/><F94/><W87/><G31/><T42/><D42/><U83/><E28/><V45/><F11/><W103/><G103/><N who="0" m="39499" /><D57/><U92/><E61/><V104/><F104/><W93/><G34/><T4/><D86/><U14/><E83/><V29/><F84/><W124/><G124/><T81/><D81/><U54/><E54/><V0/><F0/><W125/><G125/><T35/><D35/><U119/><E119/><V99/><F80/><W20/><G22/><T10/><D112/><N who="2" m="43114" /><F99/><W117/><G117/><T41/><D41/><U51/><E1/><V91/><F91/><W73/><G73/><T60/><D4/><U62/><E36/><V96/><F96/><W37/><G37/><T58/><D65/><U44/><E62/><AGARI ba="0,0" hai="8,10,19,21,26,52,56,58,60,62,64" m="39499" machi="62" ten="30,2000,0" yaku="8,1,54,1" doraHai="70" who="0" fromWho="1" sc="245,20,240,-20,230,0,285,0" /><INIT seed="4,0,0,1,3,122" ten="265,220,230,285" oya="0" hai0="87,116,69,105,22,26,21,100,113,18,82,81,7" hai1="124,61,56,112,32,121,80,108,11,48,16,17,41" hai2="49,3,125,130,13,118,79,45,134,85,68,15,89" hai3="44,64,93,0,43,127,101,77,71,65,74,55,114"/><T35/><D116/><U131/><E121/><V84/><F68/><W83/><G127/><T72/><D69/><U111/><E32/><V94/><F3/><W128/><G114/><T36/><D35/><U133/><E112/><V5/><F125/><W2/><G128/><T76/><D36/><U96/><E124/><V75/><F75/><W25/><G25/><T10/><D113/><U39/><E39/><V70/><F70/><W60/><G55/><T1/><D22/><U107/><E131/><V129/><F118/><W52/><G52/><T24/><D100/><U62/><E133/><V126/><F126/><W95/><G65/><T53/><D53/><U92/><E107/><V98/><F134/><W42/><G42/><T27/><REACH who="0" step="1"/><D105/><REACH who="0" ten="255,220,230,285" step="2"/><U33/><E33/><V47/><F129/><W46/><G101/><T40/><D40/><U50/><E108/><V97/><F130/><W86/><G43/><T57/><D57/><U4/><E111/><V120/><F120/><W9/><G71/><T30/><D30/><U37/><E37/><V29/><F29/><W12/><G46/><T28/><D28/><U132/><E41/><N who="2" m="24751" /><F47/><W110/><G44/><T6/><D6/><U123/><E132/><V58/><F58/><W117/><G110/><T67/><D67/><N who="1" m="39335" /><E123/><V51/><F51/><N who="1" m="19497" /><E62/><V135/><F135/><W31/><G117/><T59/><D59/><U23/><E23/><V99/><F5/><W106/><G106/><T103/><D103/><N who="1" m="60807" /><E80/><AGARI ba="0,1" hai="13,15,79,80,84,85,89,94,97,98,99" m="24751" machi="80" ten="30,1000,0" yaku="8,1" doraHai="122" who="2" fromWho="1" sc="255,0,220,-10,230,20,285,0" /><INIT seed="5,0,0,1,1,8" ten="255,210,250,285" oya="1" hai0="49,133,25,57,79,90,71,108,30,111,19,96,50" hai1="130,135,20,37,100,53,76,26,78,0,68,85,104" hai2="102,2,11,67,97,46,94,132,14,118,122,121,28" hai3="129,23,105,61,123,42,9,69,87,3,47,6,15"/><U124/><E0/><V27/><F118/><W115/><G123/><T89/><D71/><U38/><E68/><V17/><F2/><W110/><G110/><T59/><D79/><U88/><E124/><V101/><F132/><W81/><G105/><T52/><D133/><U125/><E125/><V107/><F67/><W86/><G129/><T127/><D127/><U16/><E135/><V41/><F107/><W36/><G115/><T43/><D43/><U51/><E130/><V99/><F99/><W65/><G81/><T33/><D19/><U48/><E100/><V34/><REACH who="2" step="1"/><F101/><REACH who="2" ten="255,210,240,285" step="2"/><W128/><G128/><T91/><D96/><U12/><E104/><V24/><F24/><W80/><G3/><T72/><D72/><U58/><E48/><AGARI ba="0,1" hai="11,14,17,27,28,34,41,46,48,94,97,102,121,122" machi="48" ten="30,7700,0" yaku="1,1,7,1,52,1,53,1" doraHai="8" doraHaiUra="7" who="2" fromWho="1" sc="255,0,210,-77,240,87,285,0" owari="255,-14.0,133,-37.0,327,42.0,285,9.0" /></mjloggm>