<mjloggm ver="2.3"><GO type="41" lobby="0"/><UN n0="%E3%83%8F%E3%83%9E%E3%83%8E%E3%83%96%E3%83%AB%E3%82%AF" n1="%E5%B0%B1%E6%B4%BB%E7%94%9F%40%E5%B7%9D%E6%9D%91%E8%BB%8D%E5%9B%A3" n2="%E3%81%A9%E6%A0%B9%E6%80%A7%E6%A1%91%E5%8E%9F" n3="%E8%93%AE" dan="14,15,13,15" rate="1846.05,1982.08,1822.87,1931.39" sx="M,M,M,M"/><TAIKYOKU oya="0"/><INIT seed="0,0,0,3,2,48" ten="250,250,250,250" oya="0" hai0="49,5,122,4,118,112,108,85,97,83,51,68,43" hai1="131,129,70,116,75,7,87,52,86,6,18,77,63" hai2="17,114,134,109,47,92,126,21,111,135,74,60,22" hai3="72,27,59,84,127,32,133,119,0,121,67,96,25"/><T62/><D122/><U73/><E116/><V41/><F74/><N who="1" m="28169" /><E70/><V103/><F114/><W24/><G72/><T81/><D118/><U58/><E18/><V107/><F107/><W28/><G119/><T65/><D112/><U42/><E42/><V91/><F103/><W124/><G0/><T14/><D108/><N who="2" m="41546" /><F60/><N who="3" m="38303" /><G133/><N who="2" m="50697" /><F126/><N who="3" m="48171" /><G121/><T101/><D83/><N who="1" m="47471" /><E87/><N who="2" m="52351" /><F17/><W82/><G96/><T34/><D34/><U130/><AGARI ba="0,0" hai="6,7,52,58,63,129,130,131" m="47471,28169" machi="130" ten="40,5200,0" yaku="19,1,52,1,54,1" doraHai="48" who="1" fromWho="1" sc="250,-26,250,52,250,-13,250,-13" /><INIT seed="1,0,0,3,5,130" ten="224,302,237,237" oya="1" hai0="37,49,58,103,118,121,44,36,108,43,28,42,70" hai1="38,34,66,122,23,95,55,15,71,79,7,81,97" hai2="114,56,132,60,22,27,102,16,10,3,12,6,94" hai3="0,17,13,75,9,98,20,24,111,54,30,25,109"/><U21/><E34/><V78/><F78/><W80/><G0/><T100/><D118/><U64/><E38/><V134/><F102/><W47/><G98/><T113/><D113/><U39/><E39/><V86/><F114/><W96/><G96/><T123/><D28/><U74/><E122/><N who="0" m="46601" /><D70/><U106/><E106/><V31/><F94/><W101/><G101/><T82/><D82/><U61/><E66/><V87/><F86/><W14/><G80/><T72/><D72/><U112/><E112/><V57/><F87/><W93/><G93/><T5/><D5/><U129/><E129/><V90/><F90/><W52/><G75/><T63/><D100/><U88/><REACH who="1" step="1"/><E55/><REACH who="1" ten="224,292,237,237" step="2"/><V2/><F2/><W73/><G54/><T117/><D37/><U26/><E26/><V85/><F85/><W69/><G24/><T127/><D36/><U131/><E131/><V1/><F1/><W107/><G52/><T124/><D117/><U46/><E46/><V133/><F60/><W48/><G107/><T83/><D63/><U91/><E91/><V125/><F125/><W110/><G25/><T135/><D44/><U62/><E62/><V67/><F67/><W84/><G47/><T99/><D124/><U105/><E105/><V40/><F40/><W59/><G110/><T116/><D43/><U77/><E77/><V11/><AGARI ba="0,1" hai="3,6,10,11,12,16,22,27,31,56,57,132,133,134" machi="11" ten="40,12000,2" yaku="0,1,20,1,52,3,54,1" doraHai="130" who="2" fromWho="2" sc="224,-30,292,-60,237,130,237,-30" /><INIT seed="2,0,0,4,1,31" ten="194,232,367,207" oya="2" hai0="120,117,81,26,60,54,39,20,1,37,40,104,113" hai1="55,28,99,18,5,33,76,65,45,96,114,35,34" hai2="131,27,10,110,133,57,121,72,53,79,109,119,123" hai3="52,78,41,126,47,134,56,102,0,98,84,46,44"/><V107/><F107/><W42/><G0/><T129/><D120/><N who="2" m="46154" /><F119/><W67/><G67/><T91/><D113/><U59/><E114/><V93/><F10/><W86/><G134/><T29/><D104/><U7/><E76/><V112/><F112/><W63/><G126/><T15/><D1/><U51/><E28/><V97/><F133/><W90/><G78/><T17/><D117/><U124/><E124/><V24/><F72/><W83/><REACH who="3" step="1"/><G86/><REACH who="3" ten="194,232,367,197" step="2"/><T127/><D127/><U122/><E122/><V95/><F79/><W73/><G73/><T6/><D129/><U130/><E130/><V43/><F131/><W132/><G132/><T4/><D39/><U61/><REACH who="1" step="1"/><E18/><REACH who="1" ten="194,222,367,197" step="2"/><V25/><F97/><AGARI ba="0,2" hai="5,7,33,34,35,45,51,55,59,61,65,96,97,99" machi="97" ten="40,8000,1" yaku="1,1,2,1,52,3,53,0" doraHai="31" doraHaiUra="80" who="1" fromWho="2" sc="194,0,222,100,367,-80,197,0" /><INIT seed="3,0,0,3,2,99" ten="194,322,287,197" oya="3" hai0="91,108,86,19,90,16,68,35,66,125,115,59,117" hai1="21,104,62,41,85,114,126,107,45,110,78,13,0" hai2="103,2,11,92,134,27,96,49,81,3,111,61,129" hai3="69,97,31,76,22,58,54,5,60,73,10,127,51"/><W43/><G127/><T77/><D117/><U30/><E0/><V119/><F119/><W102/><G76/><T46/><D68/><U101/><E114/><V63/><F111/><W26/><G73/><T71/><D71/><U6/><E110/><V39/><F39/><W50/><G69/><T38/><D125/><U55/><E30/><V15/><F129/><W95/><REACH who="3" step="1"/><G43/><REACH who="3" ten="194,322,287,187" step="2"/><T79/><D108/><U47/><E126/><V23/><F134/><W24/><G24/><T130/><D79/><U29/><E41/><V14/><F27/><W57/><G57/><T131/><D77/><U87/><E78/><V98/><F2/><AGARI ba="0,1" hai="2,5,10,22,26,31,50,51,54,58,60,95,97,102" machi="2" ten="30,11600,0" yaku="1,1,7,1,52,1,53,1" doraHai="99" doraHaiUra="17" who="3" fromWho="2" sc="194,0,322,0,287,-116,187,126" /><INIT seed="3,1,0,4,5,133" ten="194,322,171,313" oya="3" hai0="25,4,128,135,63,43,27,67,54,118,76,105,129" hai1="121,83,122,107,86,69,77,62,74,132,35,24,80" hai2="14,94,71,100,68,59,113,73,5,41,99,123,57" hai3="0,116,90,124,33,120,109,108,64,17,7,52,45"/><W48/><G116/><T51/><D43/><U16/><E132/><V22/><F113/><W82/><G120/><T42/><D135/><U18/><E107/><V44/><F73/><W134/><G134/><T110/><D42/><U21/><E35/><V31/><F123/><W15/><G33/><T117/><D76/><U111/><E111/><N who="3" m="42570" /><G64/><T2/><D105/><U98/><E98/><V65/><F31/><W96/><G7/><T93/><D110/><U34/><E34/><V66/><F68/><W92/><G82/><T19/><D93/><U40/><E40/><V61/><F5/><W39/><G0/><T26/><D4/><U79/><REACH who="1" step="1"/><E18/><REACH who="1" ten="194,312,171,313" step="2"/><V23/><F41/><W78/><G39/><T36/><D19/><U112/><E112/><V114/><F114/><W3/><G3/><T119/><D36/><U58/><E58/><V101/><F59/><W72/><G72/><T9/><D118/><U37/><E37/><V75/><F57/><W125/><G78/><T38/><D38/><U29/><E29/><V81/><F75/><W50/><G50/><T104/><D2/><U87/><E87/><V103/><F99/><W47/><G47/><T131/><D51/><U70/><E70/><V20/><F71/><W95/><G95/><T46/><D104/><U91/><E91/><V115/><F115/><W53/><G53/><T13/><D54/><U12/><E12/><V6/><F94/><W28/><G28/><T88/><D46/><U55/><E55/><V1/><F44/><W60/><G60/><T126/><D117/><U97/><E97/><V127/><F61/><RYUUKYOKU ba="1,1" sc="194,-15,312,15,171,-15,313,15" hai1="16,21,24,62,69,74,77,79,80,83,86,121,122" hai3="15,17,45,48,52,90,92,96,124,125" /><INIT seed="3,2,1,3,4,33" ten="179,327,156,328" oya="3" hai0="39,20,98,109,31,23,16,67,19,14,114,38,105" hai1="1,122,130,48,72,86,34,49,58,27,135,12,110" hai2="32,104,81,116,56,8,60,97,43,63,65,37,76" hai3="134,108,66,57,119,59,102,73,46,11,127,79,132"/><W64/><G119/><T88/><D31/><U69/><E72/><V129/><F116/><W111/><G127/><T93/><D114/><U92/><E69/><V96/><F129/><W45/><G102/><T7/><D7/><U71/><E71/><V47/><F32/><W100/><G100/><T118/><D105/><U5/><E122/><V95/><F104/><W15/><G79/><T70/><D109/><N who="3" m="42057" /><G73/><T22/><D118/><U80/><E1/><V35/><F35/><W4/><G59/><T62/><D22/><U91/><E130/><V106/><F106/><W75/><G75/><T26/><AGARI ba="2,1" hai="14,16,19,20,23,26,38,39,62,67,70,88,93,98" machi="26" ten="20,5200,0" yaku="0,1,7,1,54,2" doraHai="33" who="0" fromWho="0" sc="179,68,327,-15,156,-15,328,-28" /><INIT seed="4,0,0,2,3,113" ten="247,312,141,300" oya="0" hai0="2,126,120,77,39,17,123,68,41,83,40,34,55" hai1="87,117,127,7,95,129,29,93,72,99,102,104,110" hai2="61,11,124,57,107,78,133,69,98,53,88,86,96" hai3="27,74,134,70,38,51,44,47,82,6,19,84,64"/><T121/><D34/><U25/><E110/><V85/><F124/><W67/><G74/><T16/><D2/><U58/><E72/><V106/><F133/><W9/><G134/><T43/><D68/><U0/><E127/><V42/><F42/><W13/><G38/><T32/><D126/><U119/><E129/><V48/><F11/><W75/><G75/><T54/><D32/><U63/><E7/><V50/><F78/><N who="3" m="46167" /><G70/><T5/><D5/><U135/><E0/><V116/><F69/><W1/><G1/><T118/><D39/><U125/><E125/><V80/><F116/><W36/><G36/><T37/><D37/><U111/><E111/><V45/><F86/><W97/><G97/><T103/><D118/><U65/><E135/><V131/><F107/><W59/><G59/><T3/><D103/><U46/><E46/><N who="3" m="17450" /><G51/><T114/><D3/><U109/><E109/><V79/><F106/><W35/><G35/><T105/><D114/><U92/><REACH who="1" step="1"/><E87/><REACH who="1" ten="247,302,141,300" step="2"/><N who="2" m="48543" /><F131/><W12/><G27/><T26/><D26/><U81/><E81/><N who="2" m="49199" /><F45/><W8/><AGARI ba="0,1" hai="6,8,9,12,13,19,64,67" m="17450,46167" machi="8" ten="30,1100,0" yaku="8,1" doraHai="113" who="3" fromWho="3" sc="247,-5,302,-3,141,-3,300,21" /><INIT seed="5,0,0,1,0,95" ten="242,299,138,321" oya="1" hai0="84,19,65,103,131,60,34,130,45,119,82,61,76" hai1="11,9,88,116,135,25,15,37,93,38,129,109,110" hai2="114,107,47,69,4,50,73,5,101,132,57,53,125" hai3="7,68,128,39,30,112,120,72,6,29,92,20,22"/><U71/><E71/><V70/><F73/><W102/><G120/><T105/><D119/><U32/><E116/><V122/><F122/><W8/><G72/><T23/><D34/><U124/><E11/><V58/><F125/><W41/><G68/><T62/><D45/><U0/><E0/><V44/><F132/><W121/><G121/><T83/><D82/><U59/><E124/><V54/><F101/><W123/><G123/><T64/><D103/><U90/><E135/><V85/><F107/><W31/><G112/><T21/><D105/><U16/><E90/><V78/><F78/><W106/><G106/><T56/><D23/><N who="3" m="8745" /><G39/><T40/><D40/><U79/><E79/><V27/><F85/><W86/><G41/><T13/><REACH who="0" step="1"/><D62/><REACH who="0" ten="232,299,138,321" step="2"/><U126/><E126/><V66/><F27/><W52/><G102/><T118/><D118/><U3/><E32/><V51/><F4/><W111/><G6/><T115/><D115/><U97/><E25/><V63/><F5/><W134/><G7/><T46/><D46/><N who="2" m="17450" /><F114/><W94/><G134/><T18/><D18/><U49/><E3/><V99/><F99/><W127/><G127/><T1/><D1/><U75/><E75/><V89/><F89/><W74/><G74/><T24/><D24/><U26/><E26/><V55/><F55/><W48/><G52/><T2/><D2/><U113/><E113/><V100/><F100/><W77/><G30/><T117/><D117/><U67/><E37/><V87/><F87/><W91/><G29/><T104/><D104/><U35/><E38/><V33/><F33/><W17/><G86/><RYUUKYOKU ba="0,1" sc="232,15,299,-15,138,15,321,-15" hai0="13,19,21,56,60,61,64,65,76,83,84,130,131" hai2="50,51,53,54,57,58,63,66,69,70" /><INIT seed="6,1,1,0,2,26" ten="247,284,153,306" oya="2" hai0="67,28,116,97,24,126,54,16,55,20,18,4,133" hai1="74,25,118,90,122,40,39,125,64,86,102,47,35" hai2="23,72,36,128,13,46,94,51,99,106,49,1,75" hai3="69,96,57,117,95,71,103,11,110,105,130,32,115"/><V58/><F1/><W104/><G117/><T107/><D116/><U30/><E74/><V73/><F106/><W60/><G110/><T42/><D133/><U98/><E118/><V65/><F36/><W37/><G37/><T85/><D126/><U61/><E125/><V109/><F109/><W53/><G32/><T121/><D121/><U81/><E122/><V89/><F128/><W17/><G130/><T87/><D4/><U2/><E2/><V127/><F127/><W10/><G115/><T52/><D42/><U132/><E132/><V6/><F46/><W66/><G71/><T78/><D67/><U38/><E47/><V12/><F12/><W123/><G123/><T50/><D107/><U129/><E40/><V41/><F41/><W14/><REACH who="3" step="1"/><G11/><REACH who="3" ten="247,284,153,296" step="2"/><T31/><D50/><AGARI ba="1,2" hai="10,14,17,50,53,57,60,66,69,95,96,103,104,105" machi="50" ten="30,7700,0" yaku="1,1,2,1,7,1,53,1" doraHai="26" doraHaiUra="92" who="3" fromWho="0" sc="247,-80,284,0,153,0,296,100" /><INIT seed="7,0,0,2,4,47" ten="167,284,153,396" oya="3" hai0="119,107,34,72,75,100,58,61,98,43,68,59,30" hai1="82,23,5,125,88,89,80,45,21,113,2,73,25" hai2="132,79,123,15,28,90,32,42,74,99,49,60,117" hai3="29,62,64,77,92,3,38,40,81,33,115,127,57"/><W133/><G3/><T83/><D119/><U9/><E113/><V20/><F117/><W102/><G115/><T93/><D93/><U65/><E125/><V53/><F32/><W124/><G133/><T35/><D43/><U11/><E65/><V95/><F132/><W8/><G8/><T10/><D10/><U114/><E114/><V44/><F74/><W4/><G4/><T54/><D35/><U96/><E21/><V66/><F79/><W27/><G38/><T24/><D83/><U31/><E11/><V46/><F123/><W39/><G39/><T63/><D59/><U122/><E122/><V105/><F105/><W116/><G40/><T126/><D126/><U56/><E56/><N who="2" m="37127" /><F42/><W94/><G116/><T112/><D112/><U14/><E2/><V128/><F128/><W76/><G77/><T110/><D110/><U91/><E73/><V108/><F108/><W69/><G94/><T16/><D16/><U130/><E130/><V78/><F78/><W48/><G92/><T106/><D107/><U13/><E13/><V87/><F15/><W101/><G124/><T37/><D37/><U26/><E26/><N who="2" m="16455" /><F44/><W36/><G36/><T55/><REACH who="0" step="1"/><D54/><REACH who="0" ten="157,284,153,396" step="2"/><U120/><E120/><V85/><AGARI ba="0,1" hai="46,49,53,85,87,90,95,99" m="16455,37127" machi="85" ten="30,2000,0" yaku="8,1,52,1" doraHai="47" who="2" fromWho="2" sc="157,-5,284,-5,153,30,396,-10" owari="152,-35.0,279,8.0,183,-22.0,386,49.0" /></mjloggm>