<mjloggm ver="2.3"><GO type="169" lobby="0"/><UN n0="%E3%81%91%E3%82%93%31%39%37%30" n1="%68%65%61%6C%74%68%79%37" n2="%72%75%75%72%75%75" n3="%E5%B0%B1%E6%B4%BB%E7%94%9F%40%E5%B7%9D%E6%9D%91%E8%BB%8D%E5%9B%A3" dan="16,16,16,17" rate="2125.43,2075.01,2066.05,2199.30" sx="M,M,M,M"/><TAIKYOKU oya="0"/><INIT seed="0,0,0,0,0,63" ten="250,250,250,250" oya="0" hai0="72,94,132,41,52,34,107,62,9,42,60,27,20" hai1="66,33,3,82,54,98,53,35,29,80,61,101,135" hai2="28,122,77,65,104,128,67,24,47,64,109,50,88" hai3="25,26,90,71,121,95,133,21,55,23,114,14,75"/><T8/><D107/><U30/><E135/><V130/><F122/><W18/><G75/><T58/><D34/><U40/><E3/><V68/><F109/><W126/><G71/><T11/><D72/><U0/><E0/><V125/><F125/><W103/><G114/><T110/><D132/><U1/><E1/><V31/><F104/><W56/><G133/><T13/><D13/><U37/><E40/><V83/><F88/><W129/><G129/><N who="2" m="49769" /><F68/><W49/><G103/><T46/><D110/><U76/><E37/><V45/><F50/><W4/><G126/><T2/><D2/><U19/><E61/><V127/><F127/><W39/><G39/><T96/><D62/><U17/><E101/><V78/><F78/><W69/><G69/><T6/><D46/><N who="2" m="17418" /><F24/><W131/><G131/><T48/><D48/><U87/><E76/><V113/><F113/><W44/><G44/><T74/><D74/><AGARI ba="0,0" hai="28,31,64,65,67,74,77,83" m="17418,49769" machi="74" ten="30,7700,0" yaku="19,1,52,3" doraHai="63" who="2" fromWho="0" sc="250,-77,250,0,250,77,250,0" /><INIT seed="1,0,0,3,4,4" ten="173,250,327,250" oya="1" hai0="80,69,76,102,89,45,100,111,62,48,125,51,94" hai1="78,65,110,121,15,81,17,74,44,116,130,16,93" hai2="119,99,57,88,21,91,124,82,72,40,35,95,131" hai3="120,85,104,53,13,63,26,3,25,84,112,28,9"/><U68/><E121/><V96/><F35/><W22/><G104/><T1/><D111/><U10/><E116/><V122/><F119/><W54/><G120/><T37/><D125/><U46/><E110/><V31/><F122/><W12/><G112/><T105/><D37/><U23/><E130/><V108/><F108/><W60/><G3/><T67/><D1/><U27/><REACH who="1" step="1"/><E93/><REACH who="1" ten="173,240,327,250" step="2"/><V127/><F131/><W0/><G0/><T90/><D105/><U73/><E73/><V87/><F72/><W11/><REACH who="3" step="1"/><G22/><REACH who="3" ten="173,240,327,240" step="2"/><T7/><D94/><U55/><E55/><V107/><F21/><W114/><G114/><T128/><D128/><U6/><E6/><V43/><F95/><W58/><G58/><T118/><D7/><U115/><E115/><V61/><F57/><W32/><G32/><T117/><D117/><U106/><E106/><V79/><F107/><W29/><AGARI ba="0,2" hai="9,11,12,13,25,26,28,29,53,54,60,63,84,85" machi="29" ten="25,12000,2" yaku="1,1,0,1,22,2,8,1,52,2,53,0" doraHai="4" doraHaiUra="75" who="3" fromWho="3" sc="173,-30,240,-60,327,-30,240,140" /><INIT seed="2,0,0,0,1,29" ten="143,180,297,380" oya="2" hai0="45,94,57,34,40,130,46,13,74,109,133,54,100" hai1="42,106,7,64,8,30,15,36,129,78,103,22,123" hai2="132,73,19,77,112,125,95,48,80,118,35,81,0" hai3="85,52,1,122,101,111,44,50,65,69,4,107,41"/><V67/><F118/><W88/><G122/><T21/><D74/><U32/><E123/><V11/><F112/><W134/><G134/><T98/><D133/><U92/><E129/><V89/><F132/><W114/><G114/><T26/><D130/><U63/><E78/><V108/><F125/><W105/><G111/><T18/><D109/><U33/><E106/><V124/><F124/><W5/><G1/><T56/><D56/><N who="1" m="36967" /><E42/><V58/><F81/><W68/><G105/><T38/><D46/><U102/><E102/><V28/><F108/><W25/><G25/><T87/><D87/><U14/><E14/><V135/><F135/><W70/><G65/><T43/><D43/><U131/><E36/><V97/><F28/><W10/><G10/><T2/><D2/><U110/><E131/><V93/><F11/><W39/><G101/><T59/><REACH who="0" step="1"/><D54/><REACH who="0" ten="133,180,297,380" step="2"/><U60/><E110/><V62/><F0/><W31/><G41/><T53/><D53/><U126/><E126/><V72/><F73/><W91/><G39/><T47/><D47/><U37/><E37/><V120/><F120/><W55/><G85/><T127/><D127/><U20/><E60/><V82/><F62/><W79/><G55/><T128/><D128/><U96/><E22/><V61/><F61/><W49/><G52/><T75/><D75/><U17/><E7/><V24/><F72/><W9/><G44/><T104/><D104/><U119/><E119/><V6/><F58/><W113/><G107/><T90/><D90/><U84/><E84/><N who="2" m="48143" /><F89/><W76/><G91/><T99/><D99/><U83/><E83/><RYUUKYOKU ba="0,1" sc="133,15,180,15,297,-15,380,-15" hai0="13,18,21,26,34,38,40,45,57,59,94,98,100" hai1="8,15,17,20,30,32,33,92,96,103" /><INIT seed="3,1,1,0,1,109" ten="148,195,282,365" oya="3" hai0="77,79,64,98,91,83,45,102,2,127,56,82,57" hai1="28,19,31,122,52,18,110,95,6,12,44,86,93" hai2="118,115,8,130,61,69,7,62,128,14,20,25,126" hai3="66,9,76,30,111,70,41,78,15,10,40,32,129"/><W55/><G111/><T121/><D121/><U11/><E110/><V131/><F118/><W84/><G129/><T29/><D2/><U107/><E107/><V80/><F126/><W116/><G116/><T120/><D120/><U125/><E125/><V36/><F36/><W65/><G32/><T4/><D4/><U72/><E72/><V21/><F21/><W50/><G30/><N who="1" m="11306" /><E122/><V35/><F115/><W39/><G39/><T42/><D127/><U117/><E117/><V123/><F123/><W104/><G104/><T27/><D91/><N who="1" m="53495" /><E95/><V108/><F108/><W90/><G10/><T112/><D82/><U23/><E23/><V103/><F35/><W58/><G76/><T24/><D83/><U124/><E124/><V74/><F69/><W46/><G78/><T135/><D29/><U106/><E106/><V49/><F103/><W101/><G101/><T105/><D102/><U133/><E133/><V85/><F49/><AGARI ba="1,1" hai="6,11,12,18,19,44,49,52" m="53495,11306" machi="49" ten="30,2000,0" yaku="8,1,54,1" doraHai="109" who="1" fromWho="2" sc="148,0,195,33,282,-23,365,0" /><INIT seed="4,0,0,5,4,80" ten="148,228,259,365" oya="0" hai0="35,134,42,1,110,95,71,125,30,33,55,7,92" hai1="44,81,114,109,91,100,57,103,2,93,53,76,39" hai2="48,6,79,118,12,3,111,68,34,11,61,108,131" hai3="84,4,43,115,24,0,99,70,123,8,102,54,28"/><T60/><D134/><U17/><E109/><N who="2" m="42059" /><F131/><W128/><G70/><T10/><D110/><U90/><E2/><V75/><F118/><W83/><G128/><T38/><D125/><U135/><E135/><V41/><F34/><W67/><G67/><T32/><D30/><U120/><E120/><V112/><F112/><W85/><G115/><T66/><REACH who="0" step="1"/><D55/><REACH who="0" ten="138,228,259,365" step="2"/><U62/><E53/><V63/><F68/><W124/><G54/><T58/><D58/><U59/><E57/><V78/><F41/><W13/><G124/><T127/><D127/><U105/><E59/><V21/><F61/><W82/><G43/><T129/><D129/><U121/><E62/><V73/><F63/><W130/><G130/><T96/><D96/><U106/><E114/><V27/><F3/><W29/><G123/><T50/><D50/><U14/><E121/><V77/><F48/><W133/><G0/><T36/><D36/><U65/><E39/><V5/><F6/><W104/><G133/><T20/><D20/><U23/><E23/><V64/><F64/><W116/><G116/><T126/><D126/><U15/><E65/><V31/><F5/><W86/><REACH who="3" step="1"/><G28/><REACH who="3" ten="138,228,259,355" step="2"/><T132/><D132/><U49/><E49/><V119/><F119/><W40/><G40/><T101/><D101/><U98/><E103/><V18/><F31/><W117/><G117/><T51/><D51/><U94/><E100/><V47/><F73/><W45/><G45/><AGARI ba="0,2" hai="1,7,10,32,33,35,38,42,45,60,66,71,92,95" machi="45" ten="40,2000,0" yaku="1,1,53,0" doraHai="80" doraHaiUra="113" who="0" fromWho="3" sc="138,40,228,0,259,0,355,-20" /><INIT seed="4,1,0,2,2,126" ten="178,228,259,335" oya="0" hai0="100,36,124,95,92,0,63,80,112,35,105,52,87" hai1="114,31,135,133,43,109,17,53,130,129,10,24,28" hai2="49,71,121,4,68,125,62,26,131,119,9,97,57" hai3="98,11,39,48,46,16,96,33,101,56,84,81,58"/><T86/><D35/><U50/><E109/><V110/><F110/><W76/><G39/><T70/><D0/><U32/><E43/><V73/><F125/><W77/><G33/><T118/><D124/><U12/><E31/><V8/><F121/><W117/><G117/><T106/><D36/><U20/><E114/><V14/><F73/><W59/><G76/><T79/><D70/><U102/><E102/><V23/><F49/><W13/><REACH who="3" step="1"/><G101/><REACH who="3" ten="178,228,259,325" step="2"/><T122/><D118/><U42/><E32/><V15/><F119/><W107/><G107/><T120/><D112/><U134/><REACH who="1" step="1"/><E42/><AGARI ba="1,1" hai="11,13,16,42,46,48,56,58,59,77,81,84,96,98" machi="42" ten="40,5200,0" yaku="1,1,8,1,54,1,53,0" doraHai="126" doraHaiUra="25" who="3" fromWho="1" sc="178,0,228,-55,259,0,325,65" /><INIT seed="5,0,0,1,5,100" ten="178,173,259,390" oya="1" hai0="24,13,45,62,16,74,91,110,98,106,109,49,65" hai1="128,126,134,5,72,96,76,40,23,77,114,51,120" hai2="36,86,33,19,11,112,56,6,101,67,32,57,105" hai3="130,97,37,14,38,89,61,29,115,81,63,27,10"/><U44/><E120/><V46/><F19/><W48/><G130/><T35/><D74/><U70/><E70/><V39/><F86/><W21/><G115/><T20/><D35/><U102/><E114/><V121/><F121/><W108/><G108/><T83/><D83/><U119/><E119/><V80/><F80/><W125/><G125/><T82/><D82/><U118/><E118/><V122/><F122/><W69/><G69/><T22/><D22/><U71/><E71/><V116/><F116/><W107/><G107/><T88/><D24/><U103/><E126/><V132/><F112/><W111/><G111/><T7/><D7/><U58/><E128/><V30/><F132/><W53/><G38/><T55/><D109/><U4/><E134/><V34/><F30/><W79/><G37/><T18/><D18/><U90/><E72/><V87/><F87/><N who="3" m="50415" /><G97/><T94/><D110/><U66/><E23/><V50/><F67/><W75/><G75/><T3/><D3/><U12/><E90/><V85/><F85/><W28/><G28/><T68/><D106/><U135/><E135/><V15/><F39/><W123/><G123/><T47/><D91/><U43/><E43/><N who="2" m="24927" /><F36/><W104/><G104/><T8/><D8/><N who="1" m="4103" /><E5/><V9/><F9/><W99/><G99/><T52/><D47/><U78/><E96/><V2/><F2/><W124/><G124/><T84/><D98/><U131/><E131/><V117/><F117/><W25/><G25/><T129/><D129/><U41/><E41/><AGARI ba="0,0" hai="13,16,20,41,45,49,52,55,62,65,68,84,88,94" machi="41" ten="30,7700,0" yaku="7,1,54,3" doraHai="100" who="0" fromWho="1" sc="178,77,173,-77,259,0,390,0" /><INIT seed="6,0,0,5,3,134" ten="255,96,259,390" oya="2" hai0="29,105,82,38,76,91,92,50,13,44,72,133,88" hai1="115,33,95,16,35,9,47,23,123,99,1,26,112" hai2="69,121,14,10,89,4,46,130,28,25,49,64,74" hai3="30,118,8,60,37,90,128,42,93,21,41,106,83"/><V81/><F121/><W85/><G106/><T19/><D105/><U24/><E123/><V40/><F130/><W71/><G37/><T70/><D70/><U68/><E68/><V18/><F69/><W56/><G71/><T78/><D38/><U107/><E107/><V86/><F74/><W39/><G39/><T119/><D133/><U32/><E47/><V65/><REACH who="2" step="1"/><F4/><REACH who="2" ten="255,96,249,390" step="2"/><W132/><G128/><T2/><D119/><U53/><E53/><V77/><F77/><W73/><G132/><T34/><D78/><U67/><E67/><V87/><F87/><W5/><G73/><T61/><D72/><U79/><E79/><V11/><F11/><W120/><G120/><T59/><D76/><U58/><E112/><V12/><F12/><N who="3" m="5135" /><G118/><T94/><D13/><U27/><E115/><V36/><F36/><W52/><G83/><T127/><D82/><U7/><E58/><V0/><F0/><W135/><G135/><T45/><D2/><U54/><E54/><V57/><F57/><W66/><G66/><T124/><D59/><U129/><E129/><V122/><F122/><W125/><G52/><T97/><D45/><U117/><E117/><V131/><F131/><W62/><G56/><T80/><D44/><U104/><E1/><V55/><F55/><W111/><G42/><T113/><D80/><U75/><E75/><V22/><AGARI ba="0,1" hai="10,14,18,22,25,28,40,46,49,64,65,81,86,89" machi="22" ten="20,12000,1" yaku="1,1,0,1,7,1,8,1,53,1" doraHai="134" doraHaiUra="20" who="2" fromWho="2" sc="255,-40,96,-40,249,130,390,-40" /><INIT seed="6,1,0,0,3,26" ten="215,56,379,350" oya="2" hai0="114,17,64,110,134,30,46,9,123,135,49,115,69" hai1="93,27,35,117,101,21,85,11,97,51,24,15,125" hai2="33,44,34,63,96,109,132,62,18,95,0,90,16" hai3="23,73,89,71,8,82,59,98,133,55,47,4,56"/><V81/><F0/><W13/><G71/><T92/><D110/><U61/><E117/><V12/><F132/><N who="0" m="50730" /><D123/><U128/><E125/><V20/><F109/><W131/><G133/><T75/><D75/><U119/><E119/><V76/><F44/><W42/><G131/><T83/><D83/><U3/><E128/><V6/><F6/><W25/><G73/><T70/><D92/><U68/><E3/><V45/><F45/><W48/><G42/><N who="0" m="24791" /><D30/><U84/><E35/><V116/><F116/><W120/><G120/><T28/><D28/><U126/><E126/><V91/><F91/><W130/><G130/><T40/><D17/><U10/><E51/><V72/><F33/><W32/><G32/><T36/><D9/><U100/><E61/><V7/><F7/><W113/><G113/><N who="0" m="43019" /><D64/><U104/><E104/><V5/><F5/><W105/><G105/><T78/><D78/><U121/><E121/><V14/><F34/><W129/><G129/><T39/><D40/><U65/><E65/><V67/><F67/><W77/><G77/><T74/><D74/><U79/><E79/><V2/><F2/><W88/><G98/><T1/><D1/><U127/><E127/><V111/><F111/><W41/><G41/><T94/><D94/><U60/><E93/><V108/><F108/><W86/><G89/><T118/><D118/><U57/><E11/><AGARI ba="1,0" hai="11,12,14,16,18,20,62,63,72,76,81,90,95,96" machi="11" ten="30,2900,0" yaku="7,1,54,1" doraHai="26" who="2" fromWho="1" sc="215,0,56,-32,379,32,350,0" /><INIT seed="6,2,0,2,2,90" ten="215,24,411,350" oya="2" hai0="48,128,115,19,97,91,34,52,66,96,14,82,62" hai1="49,50,122,10,2,45,64,109,15,77,0,75,120" hai2="117,12,98,63,11,118,65,25,78,39,103,24,37" hai3="83,133,70,38,40,124,87,18,123,60,105,3,132"/><V9/><F78/><W100/><G3/><T112/><D34/><U130/><E109/><V126/><F126/><W1/><G1/><T26/><D128/><U42/><E130/><V86/><F86/><W31/><G123/><T6/><D6/><U134/><E134/><N who="3" m="51818" /><G124/><T93/><D26/><U7/><E64/><V4/><F25/><W99/><G31/><T73/><D73/><U36/><E0/><V88/><F24/><W108/><G108/><T58/><D82/><U8/><E50/><V59/><F39/><W21/><G40/><T46/><D115/><U113/><E113/><V53/><F37/><W85/><G38/><T20/><REACH who="0" step="1"/><D112/><REACH who="0" ten="205,24,411,350" step="2"/><U94/><E49/><V119/><F117/><W55/><G83/><T135/><D135/><U114/><E114/><V30/><F118/><W54/><G70/><T121/><D121/><U71/><E71/><V92/><F4/><W44/><G18/><T61/><D61/><U67/><E67/><V13/><F63/><W89/><G60/><T107/><D107/><U110/><E110/><V23/><F65/><W131/><G105/><T95/><D95/><U81/><REACH who="1" step="1"/><E94/><REACH who="1" ten="205,14,411,350" step="2"/><V116/><F92/><W74/><G131/><T29/><D29/><U33/><E33/><V22/><F30/><W5/><G5/><AGARI ba="2,2" hai="2,5,7,8,10,15,36,42,45,75,77,81,120,122" machi="5" ten="40,8000,1" yaku="1,1,25,2,53,1" doraHai="90" doraHaiUra="68" who="1" fromWho="3" sc="205,0,14,106,411,0,350,-86" /><INIT seed="7,0,0,0,0,90" ten="205,120,411,264" oya="3" hai0="57,108,5,13,89,102,21,129,22,17,42,49,53" hai1="38,134,61,63,92,113,46,83,28,87,93,118,8" hai2="74,77,109,55,48,37,24,25,76,31,10,119,36" hai3="84,125,50,18,80,15,100,131,115,104,68,98,72"/><W126/><G68/><T106/><D108/><U34/><E113/><V132/><F109/><W44/><G115/><T128/><D5/><U4/><E134/><V111/><F111/><W66/><G72/><T85/><D42/><U11/><E118/><V88/><F119/><W35/><G66/><T99/><REACH who="0" step="1"/><D22/><REACH who="0" ten="195,120,411,264" step="2"/><U6/><E38/><V86/><F37/><W52/><G35/><T81/><AGARI ba="0,1" hai="13,17,21,49,53,57,81,85,89,99,102,106,128,129" machi="81" ten="30,4000,0" yaku="1,1,2,1,0,1,53,0" doraHai="90" doraHaiUra="43" who="0" fromWho="0" sc="195,50,120,-10,411,-10,264,-20" owari="245,5.0,110,-39.0,401,50.0,244,-16.0" /></mjloggm>