<mjloggm ver="2.3"><GO type="41" lobby="0"/><UN n0="%E5%B0%B1%E6%B4%BB%E7%94%9F%40%E5%B7%9D%E6%9D%91%E8%BB%8D%E5%9B%A3" n1="%67%65%68%65%68%65%77" n2="%64%65%74%77%6F" n3="%E6%B3%A3%E3%81%8D%E3%81%AE%E7%AB%9C" dan="15,14,15,14" rate="2009.91,1934.03,2028.41,1848.38" sx="M,M,M,M"/><TAIKYOKU oya="0"/><INIT seed="0,0,0,2,1,15" ten="250,250,250,250" oya="0" hai0="97,115,31,127,105,65,76,95,51,48,22,14,79" hai1="120,1,13,36,49,92,53,34,93,85,50,58,86" hai2="38,71,60,61,7,129,118,42,45,130,0,102,69" hai3="20,74,27,10,40,134,113,131,47,6,75,98,100"/><T87/><D115/><U33/><E1/><V82/><F118/><W99/><G113/><T55/><D127/><U5/><E120/><V89/><F102/><W56/><G134/><T12/><D105/><U57/><E36/><V66/><F89/><W63/><G131/><N who="2" m="50185" /><F82/><W132/><G132/><T2/><D2/><U124/><E124/><V9/><F61/><W21/><G21/><T16/><D65/><U104/><E104/><V83/><F83/><W19/><G100/><N who="0" m="60479" /><D31/><U43/><E13/><N who="0" m="5225" /><D87/><U46/><E5/><V41/><F41/><W128/><G128/><T52/><D48/><U96/><E93/><V17/><F17/><W81/><G81/><T67/><D67/><U101/><E33/><V37/><F37/><W24/><G75/><T122/><D122/><U59/><E34/><V44/><F44/><AGARI ba="0,0" hai="43,44,46,49,50,53,57,58,59,85,86,92,96,101" machi="44" ten="40,1300,0" yaku="8,1" doraHai="15" who="1" fromWho="2" sc="250,0,250,13,250,-13,250,0" /><INIT seed="1,0,0,0,5,12" ten="250,263,237,250" oya="1" hai0="118,59,86,34,102,119,79,115,96,125,37,53,16" hai1="94,29,51,130,35,39,3,63,124,76,66,72,60" hai2="2,121,30,38,78,107,43,44,131,112,17,55,65" hai3="95,89,4,31,132,36,116,75,83,27,120,40,105"/><U57/><E3/><V82/><F107/><W46/><G120/><T85/><D37/><U42/><E39/><V135/><F2/><W18/><G105/><T81/><D34/><U7/><E7/><V93/><F121/><W129/><G116/><T98/><D115/><U28/><E124/><V123/><F123/><W11/><G132/><T10/><D125/><U24/><E28/><V1/><F1/><W20/><G129/><T48/><D86/><U45/><E130/><V104/><F104/><W47/><G47/><T99/><REACH who="0" step="1"/><D102/><REACH who="0" ten="240,263,237,250" step="2"/><U33/><E33/><V0/><F112/><W114/><G114/><T58/><D58/><U92/><E72/><V111/><F131/><W15/><G75/><T32/><D32/><U97/><E97/><V25/><F135/><W91/><G83/><T61/><D61/><U71/><REACH who="1" step="1"/><E76/><REACH who="1" ten="240,253,237,250" step="2"/><V80/><F78/><W70/><G36/><T110/><D110/><U54/><AGARI ba="0,2" hai="24,29,35,42,45,51,54,57,60,63,66,71,92,94" machi="54" ten="20,7800,0" yaku="1,1,2,1,0,1,7,1,53,0" doraHai="12" doraHaiUra="122" who="1" fromWho="1" sc="240,-26,253,98,237,-26,250,-26" /><INIT seed="1,1,0,5,5,80" ten="214,351,211,224" oya="1" hai0="84,44,119,8,23,106,92,102,131,54,122,104,110" hai1="3,75,67,109,77,28,35,107,55,108,15,127,68" hai2="53,19,59,95,78,11,0,41,71,132,111,88,40" hai3="27,89,115,45,69,73,4,65,118,24,135,130,125"/><U34/><E3/><V83/><F71/><W46/><G115/><T113/><D119/><U60/><E127/><V79/><F111/><N who="1" m="42569" /><E107/><V98/><F132/><W48/><G135/><T120/><D113/><U29/><E15/><N who="2" m="7679" /><F0/><W81/><G125/><T1/><D110/><U12/><E12/><V63/><F83/><W7/><G118/><T20/><D131/><U116/><E116/><V76/><AGARI ba="1,0" hai="40,41,53,59,63,76,78,79,88,95,98" m="7679" machi="76" ten="30,2000,0" yaku="8,1,54,1" doraHai="80" who="2" fromWho="2" sc="214,-6,351,-11,211,23,224,-6" /><INIT seed="2,0,0,2,4,19" ten="208,340,234,218" oya="2" hai0="62,36,45,118,114,120,94,88,1,50,0,101,95" hai1="42,58,121,7,98,96,99,53,6,131,17,111,124" hai2="107,116,28,46,86,67,84,24,61,117,23,77,105" hai3="21,27,57,66,81,78,123,51,63,93,127,82,73"/><V108/><F46/><W132/><G123/><T32/><D32/><U22/><E111/><V119/><F108/><W11/><G132/><T31/><D36/><U9/><E131/><V26/><F26/><W33/><G127/><T103/><D114/><U112/><E112/><V41/><F41/><W128/><G128/><T100/><D120/><U40/><E124/><V34/><F34/><W134/><G134/><T15/><D118/><U90/><E121/><V106/><REACH who="2" step="1"/><F77/><REACH who="2" ten="208,340,224,218" step="2"/><W5/><G33/><T109/><D109/><U14/><E40/><V68/><AGARI ba="0,1" hai="23,24,28,61,67,68,84,86,105,106,107,116,117,119" machi="68" ten="40,12000,1" yaku="1,1,2,1,0,1,52,1,53,0" doraHai="19" doraHaiUra="122" who="2" fromWho="2" sc="208,-40,340,-40,224,130,218,-40" /><INIT seed="2,1,0,4,2,125" ten="168,300,354,178" oya="2" hai0="29,4,109,20,24,23,19,28,16,114,61,71,99" hai1="57,34,65,126,133,2,41,26,63,18,113,40,47" hai2="0,72,77,130,119,39,116,12,32,131,58,44,31" hai3="6,22,60,50,118,88,53,54,110,84,122,87,36"/><V14/><F0/><W56/><G122/><T98/><D114/><U75/><E75/><V7/><F32/><W30/><G36/><T67/><D109/><U85/><E2/><V92/><F31/><W15/><G110/><T51/><D4/><U45/><E133/><V93/><F72/><W62/><G118/><T11/><D11/><U42/><E126/><V9/><F77/><W115/><G115/><T70/><D70/><U91/><E113/><V89/><F14/><W38/><G87/><T59/><D71/><U74/><E74/><V120/><F120/><W48/><G38/><T129/><D129/><N who="2" m="49162" /><F58/><N who="3" m="33063" /><G30/><N who="0" m="11883" /><D51/><U86/><E34/><V3/><F3/><W128/><G128/><T37/><D37/><U5/><E5/><V90/><F44/><N who="1" m="16969" /><E91/><N who="2" m="34827" /><F39/><W1/><G1/><T101/><D101/><U25/><E18/><V97/><F97/><W106/><G106/><T27/><AGARI ba="1,0" hai="16,19,20,23,24,27,59,61,67,98,99" m="11883" machi="27" ten="30,2000,0" yaku="8,1,54,1" doraHai="125" who="0" fromWho="0" sc="168,23,300,-6,354,-11,178,-6" /><INIT seed="3,0,0,2,2,3" ten="191,294,343,172" oya="3" hai0="26,34,71,107,42,102,105,7,61,40,91,65,12" hai1="131,127,5,112,119,30,98,114,15,44,84,75,62" hai2="54,81,85,87,8,110,93,79,59,77,46,67,99" hai3="1,132,94,90,117,134,2,17,19,70,97,33,129"/><W21/><G117/><T88/><D40/><U74/><E119/><V36/><F110/><W128/><G70/><T115/><D42/><U49/><E131/><N who="3" m="50250" /><G33/><T80/><D115/><U86/><E127/><V58/><F36/><W13/><G19/><T73/><D73/><U100/><E30/><V83/><F67/><W92/><G94/><T109/><D80/><U64/><E74/><V9/><F46/><W60/><G60/><T50/><D50/><U41/><E75/><V37/><F37/><W101/><G101/><T47/><D47/><U31/><E31/><V14/><F9/><W29/><G29/><N who="0" m="19767" /><D105/><U32/><E32/><V125/><F125/><W48/><G48/><T72/><D72/><U104/><E112/><V6/><REACH who="2" step="1"/><F54/><REACH who="2" ten="191,294,333,172" step="2"/><W63/><G63/><T53/><D53/><U28/><E114/><V38/><F38/><W23/><G21/><T57/><D109/><U10/><REACH who="1" step="1"/><E28/><REACH who="1" ten="191,284,333,172" step="2"/><V111/><F111/><W45/><G45/><T106/><D71/><AGARI ba="0,2" hai="5,10,15,41,44,49,62,64,71,84,86,98,100,104" machi="71" ten="30,8000,1" yaku="1,1,2,1,7,1,52,1,53,1" doraHai="3" doraHaiUra="96" who="1" fromWho="0" sc="191,-80,284,100,333,0,172,0" /><INIT seed="4,0,0,2,2,126" ten="111,384,333,172" oya="0" hai0="0,64,52,33,50,79,109,122,129,78,105,72,66" hai1="49,62,34,80,119,45,17,108,4,130,10,121,113" hai2="98,1,96,81,46,103,59,95,8,6,127,131,53" hai3="89,36,125,83,132,23,51,30,18,65,3,2,86"/><T60/><D122/><U97/><E121/><V73/><F127/><W104/><G36/><T99/><D33/><U69/><E119/><V16/><F46/><W135/><G104/><T102/><D0/><U68/><E108/><V11/><F96/><W19/><G125/><T94/><D109/><U48/><E34/><V38/><F38/><W116/><G116/><T61/><D105/><U13/><E113/><V47/><F47/><W7/><G65/><N who="0" m="25195" /><D72/><U114/><E114/><V25/><F73/><W41/><G7/><T24/><D24/><U9/><E130/><V15/><F81/><W118/><G118/><T91/><D102/><U74/><E97/><V100/><F25/><N who="3" m="16703" /><G2/><T71/><D71/><U14/><E62/><N who="0" m="24169" /><D129/><U88/><E48/><V76/><F131/><W31/><G3/><T54/><D54/><N who="1" m="29999" /><E74/><V107/><F76/><W5/><G31/><T85/><D99/><U56/><E56/><AGARI ba="0,0" hai="50,52,56,78,79,85,91,94" m="24169,25195" machi="56" ten="30,2900,0" yaku="8,1,54,1" doraHai="126" who="0" fromWho="1" sc="111,29,384,-29,333,0,172,0" /><INIT seed="4,1,0,4,0,134" ten="140,355,333,172" oya="0" hai0="103,114,41,62,82,118,23,100,113,56,53,21,11" hai1="5,26,102,83,60,71,54,97,40,76,49,89,46" hai2="115,108,120,126,2,7,74,37,64,61,69,31,43" hai3="18,109,117,79,47,88,20,77,17,75,121,132,110"/><T119/><D41/><U67/><E5/><V63/><F74/><W101/><G117/><N who="0" m="44555" /><D11/><U29/><E89/><V93/><F115/><N who="0" m="44042" /><D82/><U131/><E131/><V38/><F61/><W124/><G132/><T99/><D103/><U81/><E76/><V4/><F31/><W33/><G33/><T111/><D111/><U91/><E91/><V95/><F108/><W107/><G121/><T86/><D86/><U25/><E25/><V127/><F120/><W80/><G79/><T133/><D133/><U34/><REACH who="1" step="1"/><E40/><REACH who="1" ten="140,345,333,172" step="2"/><V72/><F43/><W122/><G110/><T14/><D14/><U90/><E90/><V68/><F4/><W42/><G109/><T92/><AGARI ba="1,1" hai="21,23,53,56,62,92,99,100" m="44042,44555" machi="92" ten="30,1500,0" yaku="15,1" doraHai="134" who="0" fromWho="0" sc="140,28,345,-6,333,-6,172,-6" /><INIT seed="4,2,0,5,5,40" ten="168,339,327,166" oya="0" hai0="88,51,48,64,20,133,43,53,105,22,19,74,15" hai1="39,36,26,76,33,50,31,41,68,115,30,59,97" hai2="112,90,127,109,107,101,77,129,124,58,116,117,123" hai3="94,45,82,106,34,85,104,37,4,84,16,1,9"/><T62/><D74/><U72/><E68/><V113/><F58/><W5/><G34/><T87/><D105/><U60/><E115/><N who="2" m="44107" /><F77/><W3/><G94/><N who="0" m="54559" /><D133/><U52/><E30/><V38/><F38/><W47/><G37/><T17/><D43/><U131/><E131/><V96/><F129/><W0/><G16/><N who="0" m="10271" /><D48/><U122/><E122/><V70/><F70/><W44/><G82/><T89/><D89/><U103/><E76/><V93/><F123/><W114/><G114/><T24/><D62/><U95/><E72/><V111/><F107/><N who="3" m="41003" /><G9/><T92/><D92/><U121/><E121/><V27/><F27/><W8/><G8/><T2/><D2/><U86/><E41/><V100/><F100/><W71/><G71/><T65/><D17/><U12/><E50/><V21/><F21/><W55/><G55/><T28/><D28/><U73/><E73/><V10/><F10/><W120/><G120/><T25/><D25/><U14/><E36/><V32/><F101/><W108/><G108/><N who="2" m="41545" /><F32/><W13/><G13/><N who="1" m="5226" /><E39/><V102/><F102/><W81/><G81/><T91/><D91/><N who="1" m="53751" /><E103/><V80/><F80/><W126/><G126/><AGARI ba="2,0" hai="90,93,96,116,117,124,126,127" m="41545,44107" machi="126" ten="40,8000,1" yaku="18,1,15,1,34,2" doraHai="40" who="2" fromWho="3" sc="168,0,339,0,327,86,166,-86" /><INIT seed="5,0,0,1,0,1" ten="168,339,413,80" oya="1" hai0="104,42,111,120,59,125,51,34,107,46,75,121,60" hai1="99,49,47,29,44,74,22,17,102,77,31,119,127" hai2="0,8,37,69,57,87,95,73,88,122,68,40,130" hai3="55,70,19,52,6,67,23,48,61,25,27,43,26"/><U103/><E119/><V126/><F73/><W21/><G43/><T100/><D111/><U10/><E127/><V83/><F122/><N who="0" m="47210" /><D125/><U2/><E74/><V72/><F126/><W112/><G112/><T98/><D34/><U13/><E77/><N who="2" m="44455" /><F57/><W38/><G38/><T96/><D75/><U30/><E47/><N who="2" m="23951" /><F130/><W91/><G91/><T93/><D98/><U124/><E124/><V45/><F45/><W97/><G97/><T62/><D62/><U84/><E84/><V5/><AGARI ba="0,0" hai="0,5,8,68,69,87,88,95" m="23951,44455" machi="5" ten="30,4000,0" yaku="25,1,52,1,54,1" doraHai="1" who="2" fromWho="2" sc="168,-10,339,-20,413,40,80,-10" /><INIT seed="6,0,0,2,0,32" ten="158,319,453,70" oya="2" hai0="45,60,67,17,132,133,77,99,36,73,123,97,46" hai1="117,127,121,8,119,40,94,62,92,39,21,54,118" hai2="27,86,52,109,38,71,98,25,114,5,48,18,76" hai3="110,104,59,70,113,68,26,23,37,20,101,120,83"/><V80/><F71/><W28/><G120/><T30/><D123/><U4/><E121/><V44/><F5/><W102/><G37/><T14/><D30/><U55/><E127/><V105/><F109/><W51/><G110/><T58/><D77/><U53/><E39/><V89/><F38/><W12/><G83/><T6/><D6/><U7/><E40/><V91/><F114/><W9/><G113/><T19/><D73/><U74/><E74/><V3/><F3/><W56/><G23/><N who="0" m="11703" /><D19/><U41/><E41/><V124/><F124/><W43/><G70/><T88/><D36/><U47/><E4/><V82/><F18/><W79/><G79/><T135/><D88/><U125/><E125/><V111/><F111/><W84/><G68/><T126/><D126/><U10/><E47/><AGARI ba="0,0" hai="45,46,47,58,60,67,97,99,132,133,135" m="11703" machi="47" ten="30,1000,0" yaku="20,1" doraHai="32" who="0" fromWho="1" sc="158,10,319,-10,453,0,70,0" /><INIT seed="7,0,0,0,5,34" ten="168,309,453,70" oya="3" hai0="69,77,35,71,82,32,42,134,7,20,29,130,121" hai1="2,61,76,113,70,86,4,15,133,107,3,31,116" hai2="115,110,18,85,80,94,43,14,24,47,25,9,91" hai3="98,22,39,125,101,79,41,10,100,103,111,1,57"/><W75/><G111/><T44/><D121/><U87/><E107/><V26/><F115/><W38/><G125/><T89/><D130/><U109/><E109/><V30/><F110/><W93/><G57/><T53/><D134/><U122/><E122/><V108/><F108/><W74/><G22/><T68/><D53/><U131/><E131/><V48/><REACH who="2" step="1"/><F80/><REACH who="2" ten="168,309,443,70" step="2"/><N who="3" m="45175" /><G75/><T105/><D89/><U46/><E86/><V62/><F62/><W119/><G119/><T33/><D7/><U95/><E46/><V114/><F114/><W117/><G117/><T127/><D105/><U104/><E15/><V67/><F67/><W55/><G55/><T19/><D29/><AGARI ba="0,1" hai="9,14,18,24,25,26,29,30,43,47,48,85,91,94" machi="29" ten="40,2600,0" yaku="1,1,8,1,53,0" doraHai="34" doraHaiUra="96" who="2" fromWho="0" sc="168,-26,309,0,443,36,70,0" owari="142,-26.0,309,11.0,479,58.0,70,-43.0" /></mjloggm>