<mjloggm ver="2.3"><GO type="41" lobby="0"/><UN n0="%4B%41%52%54" n1="%E5%B0%B1%E6%B4%BB%E7%94%9F%40%E5%B7%9D%E6%9D%91%E8%BB%8D%E5%9B%A3" n2="%6A%75%6E%2D%4B" n3="%E3%81%88%E3%81%99%E3%81%82%E3%83%BC%E3%82%8B" dan="14,15,14,15" rate="1860.10,1958.88,1900.73,1957.60" sx="M,M,M,M"/><TAIKYOKU oya="0"/><INIT seed="0,0,0,3,1,109" ten="250,250,250,250" oya="0" hai0="114,7,110,33,118,96,95,92,30,70,5,39,113" hai1="105,79,53,63,112,42,89,124,13,27,61,28,51" hai2="56,65,129,17,83,88,19,41,133,126,57,75,111" hai3="102,24,20,122,93,107,87,82,81,78,36,37,16"/><T128/><D70/><U54/><E124/><V84/><F111/><W60/><G122/><T32/><D39/><U90/><E105/><V127/><F129/><W55/><G107/><T120/><D95/><U72/><E72/><V31/><F133/><W116/><G116/><T73/><D73/><U50/><E79/><V48/><F75/><W43/><G43/><T103/><D110/><U15/><E42/><V99/><F99/><W38/><G102/><T14/><D120/><U98/><E98/><V74/><F74/><W47/><G81/><T58/><D118/><U12/><E28/><V9/><F31/><W8/><G8/><T85/><D128/><U6/><E15/><V125/><F65/><W101/><G101/><T91/><D58/><N who="2" m="22634" /><F9/><W29/><G93/><T59/><D59/><U131/><E131/><V64/><F64/><W71/><G60/><T0/><D0/><U121/><E121/><V104/><F104/><W135/><G71/><T40/><D40/><U44/><E44/><AGARI ba="0,0" hai="17,19,41,44,48,83,84,88,125,126,127" m="22634" machi="44" ten="40,2600,0" yaku="18,1,54,1" doraHai="109" who="2" fromWho="1" sc="250,0,250,-26,250,26,250,0" /><INIT seed="1,0,0,4,3,10" ten="250,224,276,250" oya="1" hai0="56,104,69,123,6,109,117,103,45,1,67,43,54" hai1="115,41,76,4,24,39,94,134,53,113,71,90,37" hai2="7,87,63,34,61,89,127,105,5,47,133,2,101" hai3="78,27,99,114,11,92,85,25,3,58,60,80,38"/><U70/><E4/><V55/><F34/><W29/><G38/><T68/><D117/><U48/><E76/><V74/><F74/><W13/><G3/><T44/><D103/><U95/><E134/><V122/><F133/><W12/><G114/><T36/><D104/><U30/><E39/><V40/><F122/><W83/><G83/><T14/><D14/><N who="3" m="5737" /><G11/><T20/><D20/><U124/><E37/><V49/><F127/><W72/><G72/><T16/><D16/><U125/><E41/><V32/><F2/><W119/><G29/><T107/><D107/><U96/><E95/><V19/><F19/><W31/><G31/><T73/><D73/><U42/><E42/><V102/><F32/><W22/><G22/><T0/><D0/><U111/><E111/><V26/><F105/><W118/><G119/><T9/><D109/><U130/><E115/><V64/><F40/><W15/><G15/><T8/><D45/><N who="1" m="27791" /><E113/><V98/><F47/><W120/><G120/><T132/><D8/><U35/><E71/><V28/><F28/><W18/><G18/><T129/><D68/><U84/><E70/><V86/><F5/><W23/><G23/><T112/><D112/><U77/><E124/><V57/><F7/><W33/><G33/><T97/><D123/><U128/><E125/><V51/><F26/><W65/><G118/><T62/><D132/><U93/><E77/><V66/><F64/><W135/><G135/><T75/><D75/><U17/><E17/><V50/><F66/><W88/><AGARI ba="0,0" hai="25,27,58,60,65,78,80,85,88,92,99" m="5737" machi="88" ten="30,8000,1" yaku="8,1,52,3,54,1" doraHai="10" who="3" fromWho="3" sc="250,-20,224,-40,276,-20,250,80" /><INIT seed="2,0,0,0,5,35" ten="230,184,256,330" oya="2" hai0="67,112,9,102,126,118,71,79,59,12,20,124,120" hai1="38,83,0,19,91,70,114,77,123,86,95,63,49" hai2="43,34,115,53,99,101,132,78,88,5,105,74,50" hai3="106,25,7,41,28,6,98,55,109,46,33,1,54"/><V76/><F115/><W61/><G109/><T30/><D112/><U10/><E114/><V108/><F34/><W134/><G134/><T23/><D120/><U62/><E38/><V45/><F132/><W107/><G98/><T66/><D71/><U127/><E123/><V56/><F108/><W31/><G31/><T84/><D118/><U128/><E127/><V36/><F74/><W113/><G113/><T27/><D102/><U135/><E128/><V18/><F18/><W16/><G1/><T32/><D84/><U110/><E110/><V97/><F97/><W89/><G89/><T100/><D100/><U69/><E135/><V92/><F105/><W15/><G61/><T48/><D79/><U11/><E69/><V37/><F101/><W125/><G55/><T90/><D90/><U65/><E63/><V3/><REACH who="2" step="1"/><F37/><REACH who="2" ten="230,184,246,330" step="2"/><W80/><G106/><T8/><D126/><U26/><E19/><V94/><F94/><W111/><G16/><T121/><D124/><U13/><E26/><V117/><F117/><W64/><G33/><T133/><D121/><U60/><E95/><V21/><F21/><W116/><G107/><T47/><D133/><U52/><E83/><V129/><F129/><W96/><G96/><T82/><D32/><U2/><E86/><V17/><F17/><W68/><G125/><T14/><D27/><U87/><E87/><V93/><F93/><W119/><G111/><T131/><D131/><U75/><E75/><V85/><F85/><W24/><G116/><T57/><D30/><U44/><E77/><V40/><F40/><W122/><G119/><RYUUKYOKU ba="0,1" sc="230,-10,184,-10,246,30,330,-10" hai2="3,5,36,43,45,50,53,56,76,78,88,92,99" /><INIT seed="2,1,1,5,4,128" ten="220,174,276,320" oya="2" hai0="22,66,86,78,49,3,44,43,71,123,119,102,35" hai1="120,46,38,68,14,133,121,85,23,106,77,60,113" hai2="76,132,5,37,28,59,97,99,73,29,122,96,100" hai3="114,74,57,25,104,52,72,41,94,39,118,109,2"/><V40/><F122/><N who="1" m="47209" /><E113/><V6/><F100/><W89/><G104/><T81/><D35/><U125/><E106/><V64/><F73/><W110/><G2/><T116/><D3/><U10/><E125/><V67/><F76/><W33/><G41/><T19/><D123/><U26/><E38/><V92/><F59/><W83/><G39/><T62/><REACH who="0" step="1"/><D102/><REACH who="0" ten="210,174,276,320" step="2"/><U63/><E68/><V70/><F70/><W15/><G33/><T130/><D130/><U111/><E111/><V20/><F37/><W90/><G110/><T12/><AGARI ba="1,2" hai="12,19,22,43,44,49,62,66,71,78,81,86,116,119" machi="12" ten="30,2000,0" yaku="1,1,0,1,53,0" doraHai="128" doraHaiUra="98" who="0" fromWho="0" sc="210,43,174,-6,276,-11,320,-6" /><INIT seed="3,0,0,3,4,48" ten="253,168,265,314" oya="3" hai0="117,22,27,91,110,74,17,56,90,119,3,121,34" hai1="1,128,41,79,99,114,106,81,118,135,19,87,20" hai2="35,8,45,49,12,76,30,130,47,66,77,28,57" hai3="26,123,73,75,4,11,126,102,129,69,55,18,68"/><W54/><G123/><T107/><D121/><U2/><E114/><V108/><F130/><W15/><G126/><T94/><D3/><U101/><E128/><V127/><F127/><W78/><G102/><T64/><D107/><U9/><E118/><V109/><F35/><W115/><G115/><T93/><D74/><U24/><E135/><V16/><F66/><W38/><G38/><T53/><D64/><U14/><REACH who="1" step="1"/><E41/><REACH who="1" ten="253,158,265,314" step="2"/><V70/><F108/><W125/><G129/><T97/><D110/><U85/><E85/><V33/><F109/><W50/><G125/><T58/><D34/><U86/><E86/><V131/><F33/><W43/><G43/><T105/><D105/><U113/><E113/><V96/><F131/><W52/><G73/><T116/><D116/><U65/><E65/><V32/><F32/><W46/><G75/><T39/><D39/><U72/><E72/><V6/><F96/><W7/><G69/><T82/><D82/><U42/><E42/><V88/><F77/><W120/><G68/><T92/><D92/><U10/><E10/><V36/><F76/><W111/><G78/><T67/><D67/><U40/><E40/><N who="2" m="22663" /><F70/><W0/><G111/><T37/><D37/><U83/><E83/><V25/><F8/><W61/><G120/><T103/><D103/><U134/><E134/><V71/><F71/><W133/><G133/><T21/><D21/><U98/><E98/><V31/><F88/><W122/><G122/><T104/><D104/><U112/><E112/><V100/><F100/><W84/><G11/><T80/><D80/><U89/><E89/><RYUUKYOKU ba="0,1" sc="253,-10,158,30,265,-10,314,-10" hai1="1,2,9,14,19,20,24,79,81,87,99,101,106" /><INIT seed="4,1,1,5,5,112" ten="243,188,255,304" oya="0" hai0="82,98,16,106,83,93,75,20,88,4,42,61,2" hai1="37,76,97,110,107,23,127,119,74,104,73,132,109" hai2="41,59,114,63,33,99,122,43,0,105,135,17,18" hai3="9,79,50,14,68,130,44,90,123,131,12,60,52"/><T58/><D42/><U91/><E23/><V71/><F114/><W84/><G79/><T45/><D45/><U80/><E37/><V70/><F122/><W57/><G68/><T100/><D2/><U125/><E132/><V1/><F33/><W51/><G123/><T65/><D4/><U86/><E119/><V128/><F105/><N who="1" m="40521" /><E97/><V77/><F99/><W27/><G27/><T129/><D129/><N who="3" m="49161" /><G50/><T54/><D65/><U116/><E116/><V87/><F128/><W11/><G12/><T40/><D40/><U72/><E76/><V121/><F135/><W38/><G14/><T133/><D133/><U117/><E117/><V101/><F121/><W85/><G38/><T34/><D34/><U92/><E92/><V47/><F77/><W39/><G39/><T134/><D134/><U8/><E8/><N who="3" m="3146" /><G90/><T66/><D66/><AGARI ba="1,1" hai="44,51,52,57,60,66,84,85" m="3146,49161" machi="66" ten="30,2000,0" yaku="19,1,54,1" doraHai="112" who="3" fromWho="0" sc="243,-23,188,0,255,0,304,33" /><INIT seed="5,0,0,4,4,124" ten="220,188,255,337" oya="1" hai0="114,11,0,117,123,9,105,66,103,67,110,43,8" hai1="23,24,88,62,52,71,129,116,74,102,104,45,58" hai2="93,80,128,47,132,17,57,135,134,3,53,10,38" hai3="15,33,25,76,92,19,86,130,101,21,73,107,35"/><U91/><E116/><V2/><F80/><W20/><G130/><T87/><D110/><U75/><E71/><V100/><F38/><W36/><G36/><T22/><D117/><U85/><E129/><V50/><F47/><W109/><G107/><T55/><D0/><U89/><E45/><V63/><F128/><W119/><G73/><T28/><D43/><U16/><REACH who="1" step="1"/><E85/><REACH who="1" ten="220,178,255,337" step="2"/><V30/><F134/><W32/><G86/><T34/><D123/><U6/><E6/><V94/><F132/><W108/><G119/><T113/><D87/><U42/><E42/><V46/><F135/><W83/><G109/><T40/><D40/><U118/><E118/><V127/><F46/><W27/><G108/><T126/><D126/><U61/><E61/><V72/><F63/><W78/><G35/><T65/><D55/><U69/><E69/><V4/><F127/><W112/><G33/><T7/><D7/><U37/><E37/><V121/><F121/><W14/><G32/><T39/><D34/><U95/><E95/><V18/><F94/><W98/><G92/><T68/><D39/><U54/><E54/><V82/><F4/><W41/><G41/><T31/><D68/><U131/><E131/><V13/><F93/><W125/><G125/><T97/><REACH who="0" step="1"/><D22/><REACH who="0" ten="210,178,255,337" step="2"/><U133/><E133/><V120/><F53/><W70/><G21/><T56/><D56/><U111/><E111/><V64/><F57/><W122/><G20/><T79/><D79/><U60/><E60/><V44/><F120/><W96/><G78/><T81/><D81/><U106/><E106/><V12/><F82/><RYUUKYOKU ba="0,2" sc="210,15,178,15,255,-15,337,-15" hai0="8,9,11,28,31,65,66,67,97,103,105,113,114" hai1="16,23,24,52,58,62,74,75,88,89,91,102,104" /><INIT seed="5,1,2,5,3,53" ten="225,193,240,322" oya="1" hai0="66,133,104,96,77,100,98,0,29,39,93,107,94" hai1="21,110,62,42,6,72,17,70,36,95,1,45,132" hai2="4,40,135,69,2,57,20,28,5,101,52,64,12" hai3="10,126,134,112,46,85,55,35,73,31,114,116,25"/><U44/><E72/><V121/><F2/><W120/><G73/><T130/><D0/><U128/><E110/><V102/><F121/><W79/><G120/><T129/><D39/><U109/><E109/><V99/><F135/><W113/><G126/><T51/><D29/><U92/><E132/><V7/><F40/><W88/><G79/><T90/><D51/><U91/><E128/><N who="0" m="49257" /><D66/><U23/><E44/><V19/><F28/><W63/><G134/><T65/><D65/><U32/><E32/><V97/><F64/><W87/><G10/><T78/><D133/><U131/><E131/><V15/><F15/><W81/><G87/><N who="0" m="52447" /><D107/><U123/><E123/><V18/><F69/><W111/><G111/><T71/><D71/><U14/><E23/><V24/><F24/><W37/><G116/><T60/><D60/><U11/><E70/><V67/><F67/><W105/><G105/><T119/><D119/><U118/><E118/><V27/><F27/><W9/><G63/><T103/><AGARI ba="1,2" hai="77,78,94,96,98,100,103,104" m="52447,49257" machi="103" ten="30,4000,0" yaku="19,1,34,2" doraHai="53" who="0" fromWho="0" sc="225,63,193,-21,240,-11,322,-11" /><INIT seed="6,0,0,4,2,7" ten="288,172,229,311" oya="2" hai0="35,22,123,51,114,127,97,45,48,74,50,98,3" hai1="121,4,34,14,110,111,106,52,68,76,83,46,102" hai2="40,132,37,41,20,43,18,23,122,87,120,1,31" hai3="117,115,58,101,16,9,99,8,104,57,15,55,128"/><V126/><F37/><W109/><G109/><T129/><D35/><U78/><E68/><V94/><F126/><W100/><G117/><T36/><D3/><U5/><E34/><V30/><F1/><W116/><G116/><T95/><D123/><U96/><E121/><V12/><F132/><W62/><G128/><T11/><D74/><U85/><E78/><V61/><F61/><W119/><G101/><T84/><D114/><U105/><E105/><V89/><F120/><W131/><G131/><T6/><D129/><U56/><E46/><V63/><F122/><W38/><G38/><T39/><D39/><U135/><E135/><V88/><F63/><W42/><G42/><T32/><D32/><U49/><REACH who="1" step="1"/><E4/><REACH who="1" ten="288,162,229,311" step="2"/><V26/><REACH who="2" step="1"/><F89/><REACH who="2" ten="288,162,219,311" step="2"/><W82/><G119/><T54/><D127/><U53/><E53/><V67/><F67/><W27/><G55/><T44/><D54/><U125/><E125/><V2/><F2/><W70/><G115/><T90/><D36/><U59/><E59/><V124/><F124/><W25/><G58/><T86/><D90/><U113/><E113/><V24/><F24/><W91/><G70/><T47/><D47/><U103/><E103/><V81/><F81/><W60/><G91/><T29/><D44/><U112/><E112/><V92/><F92/><W79/><G100/><T21/><D45/><U13/><E13/><V10/><F10/><AGARI ba="0,2" hai="5,10,14,49,52,56,76,83,85,96,102,106,110,111" machi="10" ten="40,5200,0" yaku="1,1,52,1,54,1,53,0" doraHai="7" doraHaiUra="133" who="1" fromWho="2" sc="288,0,162,72,219,-52,311,0" /><INIT seed="7,0,0,2,1,83" ten="288,234,167,311" oya="3" hai0="75,38,82,29,67,22,25,0,58,54,19,11,89" hai1="114,128,124,99,60,30,51,102,46,1,109,59,135" hai2="134,126,111,37,61,70,20,123,64,103,117,105,65" hai3="127,28,5,39,101,17,66,94,6,78,68,98,2"/><W42/><G127/><T121/><D38/><U110/><E1/><V62/><F117/><W80/><G28/><T77/><D121/><U107/><E124/><V3/><F123/><W72/><G17/><T63/><D89/><U50/><E128/><V100/><F126/><W97/><G97/><T21/><D0/><U36/><E36/><V48/><F111/><W116/><G116/><T14/><REACH who="0" step="1"/><D67/><REACH who="0" ten="278,234,167,311" step="2"/><U4/><E109/><V71/><F134/><W119/><G119/><T52/><D52/><U43/><E135/><V104/><F37/><W84/><G2/><T85/><D85/><U12/><E110/><V33/><F3/><W41/><G72/><T34/><AGARI ba="0,1" hai="11,14,19,21,22,25,29,34,54,58,63,75,77,82" machi="34" ten="20,5200,0" yaku="1,1,0,1,7,1,53,1" doraHai="83" doraHaiUra="24" who="0" fromWho="0" sc="278,62,234,-13,167,-13,311,-26" owari="340,44.0,221,-18.0,154,-35.0,285,9.0" /></mjloggm>