<mjloggm ver="2.3"><GO type="97" lobby="0"/><UN n0="%E3%81%95%E3%81%8F%E5%9D%8A" n1="%E2%98%85%E9%9B%85%E2%98%85" n2="%E3%83%AC%E3%82%A4%E3%82%A8%E3%82%B9" n3="%E5%B0%B1%E6%B4%BB%E7%94%9F%40%E5%B7%9D%E6%9D%91%E8%BB%8D%E5%9B%A3" dan="14,15,15,15" rate="1974.12,2007.78,2013.95,2001.95" sx="M,M,M,M"/><TAIKYOKU oya="0"/><INIT seed="0,0,0,1,0,108" ten="250,250,250,250" oya="0" hai0="91,65,86,10,123,120,77,31,45,30,131,72,101" hai1="61,16,11,20,75,79,55,33,76,66,126,42,7" hai2="107,1,37,54,8,34,67,14,89,27,102,24,127" hai3="64,17,105,133,134,40,26,80,100,6,23,9,48"/><T93/><D131/><U25/><E126/><V60/><F1/><W58/><G105/><T117/><D117/><U81/><E33/><V83/><F37/><W36/><G100/><T103/><D65/><U94/><E42/><V78/><F127/><W104/><G104/><T44/><D101/><U59/><E94/><V125/><F54/><W52/><G64/><T70/><D70/><U46/><E76/><V82/><F34/><W112/><G80/><T135/><D135/><N who="3" m="51721" /><G40/><T15/><D77/><U129/><E129/><V35/><F35/><W53/><G53/><T114/><D72/><U39/><E39/><V110/><F110/><W22/><G22/><T128/><D128/><U38/><E38/><V19/><F102/><W32/><G32/><T97/><D45/><U85/><E75/><V62/><F107/><W132/><G36/><T109/><D109/><U116/><E116/><V21/><F21/><W0/><N who="3" m="51729" /><W84/><DORA hai="13" /><G84/><T92/><D44/><U130/><E130/><V113/><F67/><W43/><G43/><T122/><D93/><U49/><E11/><V29/><F83/><W47/><G47/><T74/><D74/><U4/><AGARI ba="0,0" hai="4,7,16,20,25,46,49,55,59,61,66,79,81,85" machi="4" ten="30,7900,0" yaku="0,1,8,1,52,1,54,1" doraHai="108,13" who="1" fromWho="1" sc="250,-39,250,79,250,-20,250,-20" /><INIT seed="1,0,0,2,3,39" ten="211,329,230,230" oya="1" hai0="128,8,115,86,90,3,79,76,98,107,106,82,58" hai1="95,36,34,89,102,111,4,70,15,114,7,80,12" hai2="41,91,77,40,121,97,135,29,14,43,38,122,62" hai3="19,27,101,127,60,45,66,55,5,42,112,124,83"/><U131/><E70/><V108/><F38/><W93/><G112/><T24/><D3/><U25/><E114/><V132/><F77/><W18/><G5/><T74/><D8/><U26/><E36/><V105/><F29/><W56/><G83/><N who="0" m="45463" /><D24/><N who="1" m="9323" /><E34/><V0/><F0/><W35/><G35/><T13/><D13/><N who="1" m="5195" /><E131/><V103/><F108/><W96/><G66/><T92/><D58/><U46/><E111/><V75/><F75/><W116/><G116/><T81/><D128/><U48/><E80/><V50/><F50/><N who="3" m="26935" /><G27/><T118/><D115/><U87/><E102/><V78/><F78/><W52/><G55/><AGARI ba="0,0" hai="4,7,46,48,55,87,89,95" m="5195,9323" machi="55" ten="30,1500,0" yaku="8,1" doraHai="39" who="1" fromWho="3" sc="211,0,329,15,230,0,230,-15" /><INIT seed="1,1,0,4,2,91" ten="211,344,230,215" oya="1" hai0="73,60,101,10,66,81,52,57,45,27,43,96,112" hai1="92,33,56,39,6,109,28,24,67,29,71,40,11" hai2="93,133,61,119,59,12,128,106,3,50,37,76,64" hai3="121,47,46,85,19,8,118,117,44,82,97,70,74"/><U53/><E29/><V34/><F3/><W14/><G121/><T26/><D112/><U113/><E113/><V49/><F37/><W130/><G70/><T95/><D10/><U120/><E120/><V94/><F106/><W72/><G97/><T99/><D73/><U21/><E109/><V20/><F119/><N who="3" m="45579" /><G130/><T13/><D13/><U69/><E33/><V88/><F34/><W77/><AGARI ba="1,0" hai="8,14,19,44,46,47,72,74,77,82,85" m="45579" machi="77" ten="30,1100,0" yaku="12,1" doraHai="91" who="3" fromWho="3" sc="211,-4,344,-6,230,-4,215,14" /><INIT seed="2,0,0,5,5,3" ten="207,338,226,229" oya="2" hai0="63,53,119,111,57,18,13,108,88,114,23,84,75" hai1="26,99,54,35,70,30,7,122,78,8,50,34,87" hai2="85,69,89,71,59,82,47,20,121,76,77,12,67" hai3="81,32,109,104,29,134,106,48,83,60,120,14,90"/><V44/><F121/><W93/><G120/><T15/><D114/><U21/><E70/><V97/><F71/><W64/><G134/><T130/><D75/><U1/><E99/><V129/><F69/><W36/><G36/><T100/><D100/><U11/><E11/><V94/><F76/><W25/><G109/><N who="0" m="42059" /><D130/><U28/><E28/><V95/><F95/><W110/><G110/><T73/><D73/><U74/><E74/><V43/><F129/><W102/><G48/><T51/><D119/><U107/><E107/><V103/><F59/><W127/><G127/><T62/><D15/><U24/><E24/><V31/><F67/><W124/><G14/><T113/><D113/><U61/><E61/><V68/><F68/><W42/><G42/><T117/><D117/><U38/><E38/><V10/><F77/><W17/><G124/><T115/><D115/><U39/><E39/><V0/><F0/><W45/><G60/><T126/><D126/><U9/><E9/><V131/><F43/><W33/><G64/><T72/><D72/><U58/><E122/><V79/><F103/><W40/><G33/><T16/><D18/><U112/><E112/><V4/><REACH who="2" step="1"/><F131/><REACH who="2" ten="207,338,216,229" step="2"/><W116/><G102/><T27/><D27/><AGARI ba="0,1" hai="4,10,12,20,27,31,44,47,79,82,85,89,94,97" machi="27" ten="40,12000,1" yaku="1,1,2,1,8,1,52,1,53,0" doraHai="3" doraHaiUra="65" who="2" fromWho="0" sc="207,-120,338,0,216,130,229,0" /><INIT seed="2,1,0,1,5,19" ten="87,338,346,229" oya="2" hai0="1,3,75,99,31,2,85,59,67,110,35,60,32" hai1="120,41,18,132,92,123,121,38,108,28,73,109,77" hai2="8,53,26,94,111,21,58,9,71,64,104,33,124" hai3="117,13,66,80,22,16,90,128,39,0,115,100,119"/><V131/><F104/><W7/><G39/><T36/><D36/><U11/><E28/><V106/><F106/><W24/><G115/><T107/><D75/><U55/><E92/><V63/><F33/><W56/><G128/><T129/><D129/><U102/><E102/><V83/><F131/><W76/><G100/><T50/><D110/><U52/><E132/><V10/><F111/><N who="1" m="42569" /><E11/><V87/><F94/><W57/><G0/><T25/><D85/><U6/><E6/><V78/><F124/><W98/><G66/><T130/><D130/><U44/><E18/><V37/><F37/><W86/><G117/><T122/><D122/><U48/><E73/><V46/><F46/><W126/><G126/><T89/><D89/><U103/><E103/><V125/><F125/><W91/><G119/><T34/><D99/><U70/><E77/><V113/><F113/><W61/><G61/><T72/><D107/><U30/><E30/><V27/><F71/><W47/><G47/><T112/><D72/><U65/><E48/><V54/><REACH who="2" step="1"/><F27/><REACH who="2" ten="87,338,336,229" step="2"/><W114/><G114/><T135/><D135/><U74/><E74/><V4/><F4/><W29/><G7/><T81/><D112/><U69/><E69/><V12/><F12/><W23/><G98/><T20/><D81/><U96/><E96/><V5/><F5/><W95/><G95/><T68/><D68/><U51/><E38/><V93/><F93/><W40/><G40/><T45/><REACH who="0" step="1"/><D35/><REACH who="0" ten="77,338,336,229" step="2"/><U62/><AGARI ba="1,2" hai="41,44,51,52,55,62,65,70,120,121,123" m="42569" machi="62" ten="40,8000,1" yaku="13,1,14,1,34,2,54,1" doraHai="19" who="1" fromWho="1" sc="77,-21,338,103,336,-41,229,-21" /><INIT seed="3,0,0,3,2,13" ten="56,441,295,208" oya="3" hai0="40,76,7,41,114,75,62,129,68,112,60,51,59" hai1="36,115,2,110,116,64,9,127,82,1,0,92,58" hai2="132,135,8,14,122,4,38,35,52,117,61,103,81" hai3="79,96,91,65,19,98,48,100,134,72,90,15,130"/><W67/><G130/><T66/><D76/><U128/><E115/><N who="0" m="44073" /><D75/><U108/><E36/><V54/><F117/><W34/><G34/><T24/><D129/><U45/><E128/><V118/><F38/><W74/><G134/><T73/><D73/><U101/><E45/><V83/><F35/><W23/><G74/><T107/><D107/><U12/><E82/><V131/><F118/><W97/><G100/><T43/><D7/><U57/><E116/><V37/><F37/><W94/><G90/><T46/><D24/><U10/><E127/><V3/><F131/><W124/><G124/><T126/><D126/><U6/><E10/><V26/><F26/><W123/><G123/><T69/><D69/><U32/><E32/><V31/><F31/><W21/><G21/><T63/><D63/><U33/><E33/><V93/><F122/><W133/><G133/><T71/><D71/><U39/><E39/><V99/><F132/><W78/><G72/><T119/><D119/><U50/><E64/><AGARI ba="0,0" hai="40,41,43,46,51,59,60,62,64,66,68" m="44073" machi="64" ten="30,3900,0" yaku="11,1,34,2" doraHai="13" who="0" fromWho="1" sc="56,39,441,-39,295,0,208,0" owari="95,-40.0,402,49.0,295,10.0,208,-19.0" /></mjloggm>