<mjloggm ver="2.3"><GO type="169" lobby="0"/><UN n0="%E5%B0%B1%E6%B4%BB%E7%94%9F%40%E5%B7%9D%E6%9D%91%E8%BB%8D%E5%9B%A3" n1="%E3%83%95%E3%83%AA%E3%83%86%E3%83%B3" n2="%E3%82%8F%E3%81%A3%E3%81%93%E3%83%BC%E3%83%BB%EF%BC%A1%E3%83%BB%E3%83%8E" n3="%E3%81%B5%E3%81%86%E3%81%8C%E2%99%AA" dan="16,19,16,17" rate="2019.78,2235.75,2093.56,2169.17" sx="M,M,M,M"/><TAIKYOKU oya="0"/><INIT seed="0,0,0,1,1,66" ten="250,250,250,250" oya="0" hai0="120,60,5,7,115,0,19,85,91,100,9,86,13" hai1="44,88,12,105,74,56,77,38,71,134,121,98,80" hai2="45,124,53,132,31,116,52,123,131,106,103,94,28" hai3="33,39,81,10,32,21,90,76,18,92,46,129,58"/><T6/><D115/><U126/><E121/><V112/><F123/><W14/><G129/><T68/><D120/><U2/><E2/><V133/><F112/><W15/><G58/><T64/><D100/><U55/><E126/><V102/><F106/><W127/><G127/><T107/><D107/><U111/><E111/><V16/><F124/><W42/><G15/><T23/><REACH who="0" step="1"/><D86/><REACH who="0" ten="240,250,250,250" step="2"/><U70/><E105/><V82/><F103/><W67/><G67/><T128/><D128/><U89/><E98/><V1/><F131/><W78/><G78/><T51/><D51/><U65/><E65/><V54/><F102/><W104/><G104/><T27/><D27/><U97/><E97/><V3/><F116/><W30/><G76/><T72/><D72/><U24/><E74/><V49/><F49/><W34/><G39/><T35/><D35/><U84/><E77/><V47/><F133/><W79/><G79/><T48/><D48/><U63/><E134/><V20/><F132/><W93/><G34/><T119/><D119/><U114/><E114/><V135/><F135/><W11/><G33/><T26/><D26/><U108/><E24/><V37/><F37/><W4/><G32/><T101/><D101/><U95/><E108/><V8/><F47/><W99/><G46/><T109/><D109/><U59/><E38/><V125/><F45/><W117/><G117/><T43/><D43/><U73/><E44/><V75/><F125/><W50/><G42/><T69/><D69/><N who="1" m="26123" /><E73/><V87/><F75/><W113/><G113/><T25/><D25/><U57/><E12/><V22/><F1/><RYUUKYOKU ba="0,1" sc="240,15,250,15,250,-15,250,-15" hai0="0,5,6,7,9,13,19,23,60,64,68,85,91" hai1="55,56,57,59,63,80,84,88,89,95" /><INIT seed="0,1,1,0,1,46" ten="255,265,235,235" oya="0" hai0="7,27,29,103,51,61,129,125,105,1,16,131,135" hai1="71,65,0,52,87,101,130,31,12,63,88,116,64" hai2="20,8,58,26,45,120,81,43,99,110,119,5,2" hai3="22,134,96,56,74,79,73,69,115,36,85,127,121"/><T108/><D125/><U126/><E0/><V25/><F120/><W82/><G115/><T91/><D135/><U48/><E116/><V21/><F119/><W102/><G69/><T11/><D108/><U95/><E126/><V114/><F114/><W62/><G127/><T32/><D61/><U122/><E122/><V10/><F110/><W132/><G121/><T57/><D91/><U93/><E31/><V14/><F58/><W17/><G36/><T18/><D103/><U83/><E130/><N who="0" m="49673" /><D105/><U128/><E128/><V4/><F99/><W66/><G134/><T123/><D123/><U54/><E54/><AGARI ba="1,1" hai="1,7,11,16,18,27,29,32,51,54,57" m="49673" machi="54" ten="30,5800,0" yaku="19,1,52,1,54,1" doraHai="46" who="0" fromWho="1" sc="255,71,265,-61,235,0,235,0" /><INIT seed="0,2,0,3,5,31" ten="326,204,235,235" oya="0" hai0="95,47,120,18,101,20,39,69,30,62,34,124,94" hai1="50,100,7,46,38,84,134,49,111,64,11,85,83" hai2="93,123,96,25,57,56,74,92,24,117,110,73,99" hai3="51,16,104,128,43,109,130,6,78,59,87,81,61"/><T35/><D120/><U89/><E111/><V41/><F41/><W112/><G112/><T103/><D124/><U60/><E100/><V66/><F66/><W82/><G6/><T5/><D5/><U80/><E38/><V127/><F110/><W79/><G104/><T98/><D30/><U17/><E134/><V133/><F127/><W72/><G109/><T126/><D126/><U132/><E132/><V122/><REACH who="2" step="1"/><F133/><REACH who="2" ten="326,204,225,235" step="2"/><W105/><G43/><T114/><D114/><U65/><E65/><V3/><F3/><W58/><G130/><T44/><D39/><U21/><E64/><V8/><F8/><W2/><G128/><T12/><D69/><U32/><E11/><V68/><F68/><W107/><G2/><T14/><D62/><U118/><E60/><V40/><F40/><W54/><G107/><T23/><REACH who="0" step="1"/><D18/><REACH who="0" ten="316,204,225,235" step="2"/><U113/><E17/><V9/><F9/><W102/><G16/><T19/><D19/><U70/><E70/><V55/><F55/><W91/><G61/><T88/><D88/><U71/><E89/><V129/><F129/><W1/><G91/><T29/><D29/><U76/><E71/><V48/><F48/><W22/><G51/><T4/><D4/><U131/><E7/><V121/><F121/><W97/><G54/><T53/><D53/><U63/><E50/><V67/><F67/><W42/><G42/><T86/><D86/><U26/><E131/><V90/><F90/><W75/><G87/><T116/><D116/><AGARI ba="2,2" hai="24,25,56,57,73,74,92,93,96,99,116,117,122,123" machi="116" ten="25,8000,1" yaku="1,1,22,2,53,2" doraHai="31" doraHaiUra="52" who="2" fromWho="0" sc="316,-86,204,0,225,106,235,0" /><INIT seed="1,0,0,3,4,46" ten="230,204,331,235" oya="1" hai0="77,57,35,85,113,27,47,29,133,37,21,25,94" hai1="1,22,17,126,54,60,100,123,93,18,74,125,130" hai2="96,2,40,79,84,44,58,95,116,135,32,115,53" hai3="28,104,15,70,72,64,42,41,86,99,6,103,91"/><U80/><E1/><V121/><F32/><W109/><G109/><T11/><D113/><U81/><E123/><V111/><F116/><W124/><G72/><T102/><D133/><U68/><E130/><V90/><F2/><W108/><G108/><T118/><D118/><U89/><E100/><V49/><F121/><W75/><G75/><T65/><D11/><U73/><E73/><V69/><F111/><W106/><G106/><T92/><D37/><U101/><E101/><V55/><F69/><W97/><G97/><T112/><D112/><U83/><E74/><V128/><F135/><W43/><G28/><T16/><D47/><U134/><E134/><V87/><F128/><W13/><G124/><N who="1" m="47722" /><E22/><V88/><F115/><W114/><G114/><T107/><D107/><U105/><E105/><V10/><F10/><W8/><G15/><T5/><D5/><U31/><E31/><V56/><F79/><W24/><G24/><T38/><D38/><U34/><E34/><V48/><F90/><W117/><G117/><T127/><D127/><U36/><E36/><AGARI ba="0,0" hai="36,40,44,48,49,53,55,56,58,84,87,88,95,96" machi="36" ten="30,8000,1" yaku="7,1,9,1,52,2,54,1" doraHai="46" who="2" fromWho="1" sc="230,0,204,-80,331,80,235,0" /><INIT seed="2,0,0,0,4,97" ten="230,124,411,235" oya="2" hai0="85,43,92,73,91,37,118,112,71,40,6,8,63" hai1="126,115,22,48,123,70,87,75,93,30,69,86,98" hai2="61,122,109,99,39,57,0,60,32,7,79,113,95" hai3="14,46,56,83,52,90,108,42,53,49,21,38,12"/><V134/><F122/><W82/><G108/><T45/><D112/><U77/><E115/><V34/><F39/><W54/><G12/><T5/><D118/><U51/><E75/><V72/><F61/><W101/><G101/><T120/><D120/><U2/><E2/><V24/><F113/><W116/><G116/><T4/><D73/><U13/><E126/><V78/><F134/><W33/><G33/><T105/><D105/><U110/><E110/><V62/><F62/><W27/><G14/><T59/><D71/><U133/><E133/><V26/><F34/><W65/><G65/><T28/><D28/><U128/><E128/><V11/><F109/><W130/><G130/><T135/><D43/><U132/><E132/><V88/><F32/><W119/><G119/><T67/><REACH who="0" step="1"/><D135/><REACH who="0" ten="220,124,411,235" step="2"/><U104/><E104/><V25/><REACH who="2" step="1"/><F72/><REACH who="2" ten="220,124,401,235" step="2"/><W76/><G38/><T41/><D41/><U15/><E123/><V107/><F107/><W89/><G42/><T55/><D55/><AGARI ba="0,2" hai="0,7,11,24,25,26,55,57,60,78,79,88,95,99" machi="55" ten="40,7700,0" yaku="1,1,54,1,53,1" doraHai="97" doraHaiUra="58" who="2" fromWho="0" sc="220,-77,124,0,401,97,235,0" /><INIT seed="2,1,0,1,1,39" ten="143,124,498,235" oya="2" hai0="122,17,50,99,41,103,69,49,65,71,107,120,4" hai1="76,92,32,23,129,28,26,98,29,44,40,53,3" hai2="8,81,1,34,109,68,104,134,116,13,108,5,85" hai3="73,83,135,117,91,128,20,14,118,101,112,9,110"/><V125/><F116/><W102/><G110/><T21/><D4/><U119/><E119/><V25/><F104/><W38/><G38/><T2/><D2/><U7/><E129/><V31/><F68/><W51/><G128/><T88/><D50/><U46/><E76/><V131/><F131/><W75/><G135/><T84/><D120/><U62/><E7/><V6/><F134/><W58/><G20/><T126/><D126/><U42/><E3/><V105/><F105/><W127/><G127/><T89/><D122/><U55/><E29/><V87/><F125/><W79/><G75/><T60/><D71/><U97/><E32/><V30/><F30/><W86/><G102/><T96/><D96/><N who="1" m="36971" /><E92/><V22/><F6/><W37/><G101/><T70/><D70/><U61/><E61/><V80/><F80/><W130/><G130/><T43/><D49/><N who="1" m="28855" /><E44/><V93/><F93/><N who="3" m="54519" /><G37/><T52/><D52/><U124/><E124/><V10/><F81/><W115/><G58/><AGARI ba="1,0" hai="23,26,28,40,42,55,58,62" m="28855,36971" machi="58" ten="30,3900,0" yaku="8,1,52,2" doraHai="39" who="1" fromWho="3" sc="143,0,124,42,498,0,235,-42" /><INIT seed="3,0,0,2,1,39" ten="143,166,498,193" oya="3" hai0="48,99,76,11,113,114,25,102,128,98,38,126,64" hai1="87,28,68,24,81,100,10,93,35,84,29,22,46" hai2="78,107,63,59,96,60,108,94,116,132,14,66,109" hai3="36,111,43,33,85,130,45,5,123,51,121,120,23"/><W57/><G33/><T41/><D126/><U12/><E68/><V2/><F2/><W74/><G74/><T105/><D128/><U79/><E29/><V1/><F1/><W95/><G130/><T129/><D129/><U20/><E100/><V133/><F107/><W32/><G32/><T3/><D98/><U127/><E127/><V89/><F116/><W131/><G131/><T88/><D64/><U26/><E26/><V82/><F14/><W21/><G5/><T6/><D48/><U44/><E22/><V54/><F63/><W30/><G111/><N who="2" m="42569" /><F66/><W31/><G21/><T50/><D50/><U104/><E35/><V106/><F106/><W17/><G85/><AGARI ba="0,0" hai="54,59,60,78,82,85,89,94,96,132,133" m="42569" machi="85" ten="30,1000,0" yaku="14,1" doraHai="39" who="2" fromWho="3" sc="143,0,166,0,498,10,193,-10" /><INIT seed="4,0,0,1,3,75" ten="143,166,508,183" oya="0" hai0="99,76,56,74,41,31,6,21,84,100,51,29,11" hai1="82,107,81,37,40,111,119,42,135,68,54,18,59" hai2="2,131,27,90,53,46,72,61,108,43,123,52,3" hai3="78,62,33,85,121,8,38,129,83,35,127,80,103"/><T57/><D74/><U89/><E111/><V94/><F72/><W45/><G129/><T128/><D128/><U30/><E107/><V34/><F108/><W63/><G127/><T17/><D57/><U126/><E119/><V125/><F123/><W77/><G103/><T15/><D84/><U132/><E68/><V73/><F73/><W113/><G113/><T97/><D97/><U25/><E18/><V120/><F120/><W48/><G38/><T23/><D23/><N who="1" m="15679" /><E126/><V13/><F13/><W134/><G134/><N who="1" m="51242" /><E37/><V24/><F125/><W5/><G121/><T50/><D50/><N who="1" m="31191" /><E89/><V0/><F131/><W20/><G20/><T92/><D76/><U118/><E118/><V79/><F79/><W110/><G110/><T55/><REACH who="0" step="1"/><D41/><AGARI ba="0,0" hai="40,41,42,81,82" m="31191,51242,15679" machi="41" ten="30,1000,0" yaku="20,1" doraHai="75" who="1" fromWho="0" sc="143,-10,166,10,508,0,183,0" /><INIT seed="5,0,0,4,3,37" ten="133,176,508,183" oya="1" hai0="2,134,85,112,12,100,69,31,6,97,47,80,121" hai1="19,133,115,119,114,77,24,35,93,8,131,15,29" hai2="127,79,113,42,117,44,94,43,67,17,95,4,68" hai3="64,73,111,124,33,96,132,63,123,27,86,45,30"/><U52/><E119/><V18/><F117/><W51/><G111/><T118/><D118/><U23/><E77/><V91/><F127/><W3/><G73/><T55/><D69/><U0/><E93/><V106/><F106/><W130/><G130/><T14/><D121/><U120/><E52/><V7/><F113/><N who="1" m="43017" /><E133/><V78/><F44/><W25/><G132/><T22/><D134/><U98/><E98/><V102/><F91/><W126/><G3/><T58/><D112/><U125/><E125/><N who="3" m="48234" /><G25/><T10/><D47/><U104/><E104/><V26/><F67/><W40/><G96/><T48/><D31/><U20/><E120/><V110/><F102/><W54/><G86/><T62/><D22/><N who="1" m="11647" /><E131/><V82/><F82/><W71/><G123/><T1/><D62/><U87/><E87/><V41/><F68/><W36/><G36/><T76/><REACH who="0" step="1"/><D14/><REACH who="0" ten="123,176,508,183" step="2"/><U61/><E61/><V59/><F78/><W16/><G71/><T11/><D11/><U108/><E108/><V60/><F79/><W66/><G63/><T28/><D28/><U88/><E88/><V105/><F110/><W39/><G30/><T84/><D84/><U50/><E50/><V57/><F60/><W135/><G135/><T32/><D32/><U72/><E72/><V92/><F59/><N who="3" m="33247" /><G33/><T90/><D90/><U5/><AGARI ba="0,1" hai="0,5,8,20,23,24,29,35" m="11647,43017" machi="5" ten="30,11700,0" yaku="24,1,15,1,34,2" doraHai="37" who="1" fromWho="1" sc="123,-39,176,127,508,-39,183,-39" /><INIT seed="5,1,0,1,0,121" ten="84,303,469,144" oya="1" hai0="19,4,89,82,130,106,108,33,86,95,76,59,23" hai1="58,98,12,0,81,51,55,41,6,35,5,71,15" hai2="52,20,134,67,79,104,2,97,8,14,21,133,126" hai3="119,120,30,54,1,132,45,26,115,48,66,53,34"/><U127/><E35/><V135/><F126/><W110/><G120/><T56/><D33/><U103/><E71/><V129/><F129/><W85/><G115/><T75/><D130/><U93/><E127/><V25/><F2/><W107/><G107/><T116/><D116/><U114/><E114/><V24/><F67/><W42/><G132/><T50/><D4/><N who="1" m="1643" /><E0/><V122/><F122/><W73/><G73/><T124/><D124/><U125/><E125/><V91/><F79/><W31/><G1/><T99/><D108/><U87/><E41/><V62/><F8/><W11/><G110/><T102/><REACH who="0" step="1"/><D50/><REACH who="0" ten="74,303,469,144" step="2"/><U43/><E43/><V28/><F135/><W40/><G34/><T80/><D80/><U3/><E3/><V112/><F112/><W113/><G119/><T105/><D105/><U101/><E103/><V65/><F134/><W60/><G113/><T64/><D64/><U92/><E92/><V70/><F133/><W123/><G66/><T9/><D9/><U46/><E46/><V100/><F104/><W22/><G11/><T16/><D16/><U18/><E18/><V27/><F100/><W74/><G123/><T72/><D72/><U44/><E44/><V37/><F65/><W117/><G74/><T39/><D39/><U29/><E29/><V90/><F37/><W10/><G117/><T36/><D36/><U61/><E51/><V128/><F128/><W69/><G10/><T17/><D17/><U94/><E94/><V32/><F28/><W109/><G109/><T131/><D131/><U84/><E81/><V49/><F49/><W13/><G48/><RYUUKYOKU ba="1,1" sc="74,15,303,15,469,-15,144,-15" hai0="19,23,56,59,75,76,82,86,89,95,99,102,106" hai1="12,15,55,58,61,84,87,93,98,101" /><INIT seed="5,2,1,0,4,44" ten="89,318,454,129" oya="1" hai0="17,60,127,81,7,84,39,98,122,6,103,102,85" hai1="47,63,18,82,34,80,99,30,66,23,53,78,40" hai2="33,100,134,92,79,106,16,97,105,32,1,67,43" hai3="58,72,65,93,117,118,3,38,74,108,37,90,109"/><U28/><E53/><V54/><F1/><W14/><G3/><T62/><D39/><N who="3" m="14857" /><G14/><T46/><D46/><U24/><E99/><V75/><F134/><W36/><N who="3" m="14865" /><W70/><DORA hai="86" /><G70/><T115/><D122/><U9/><E9/><V21/><F43/><W96/><G58/><T130/><D115/><U59/><E34/><V50/><F67/><W124/><G65/><T95/><D127/><U101/><E101/><V11/><F11/><W73/><G124/><T91/><D130/><U88/><E88/><V76/><F33/><W31/><G31/><N who="1" m="11818" /><E78/><V5/><F32/><W113/><G113/><T22/><D103/><U45/><E45/><V26/><F5/><N who="0" m="1546" /><D85/><U126/><E126/><V56/><REACH who="2" step="1"/><F75/><REACH who="2" ten="89,318,444,129" step="2"/><N who="3" m="19203" /><W128/><DORA hai="4" /><G128/><T51/><D51/><AGARI ba="2,2" hai="18,23,24,40,47,51,59,63,66,80,82" m="11818" machi="51" ten="30,2900,0" yaku="8,1,52,1" doraHai="44,86,4" who="1" fromWho="0" sc="89,-35,318,55,444,0,129,0" /><INIT seed="5,3,0,0,1,94" ten="54,373,444,129" oya="1" hai0="68,98,114,14,93,86,107,117,50,58,87,118,79" hai1="9,85,7,83,129,40,134,13,55,11,119,39,36" hai2="32,37,23,42,82,133,78,73,62,70,65,103,53" hai3="59,49,113,127,15,41,76,20,66,57,99,74,4"/><U80/><E119/><V48/><F32/><W60/><G113/><T135/><D68/><U131/><E134/><V8/><F133/><W116/><G127/><T51/><D135/><U33/><E33/><V75/><F8/><N who="3" m="4487" /><G74/><T102/><D114/><U43/><E55/><V64/><F64/><W112/><G112/><T105/><D105/><U44/><E11/><V28/><F103/><W106/><G106/><T29/><D29/><U10/><E10/><V77/><F28/><W1/><G1/><T115/><D115/><U17/><E17/><V30/><F30/><W101/><G76/><N who="2" m="29289" /><F82/><N who="1" m="31273" /><E85/><V52/><F53/><N who="3" m="31919" /><G20/><T72/><D72/><U5/><E5/><V126/><F23/><W120/><G120/><T45/><D79/><U121/><E121/><V124/><F75/><W96/><G116/><T19/><D118/><U100/><E100/><V109/><F73/><W2/><G2/><T92/><D117/><U84/><E84/><V104/><F126/><W125/><G125/><T31/><D31/><U123/><E123/><V27/><F124/><W130/><G130/><N who="1" m="49674" /><E43/><V46/><F42/><W128/><G128/><T0/><D0/><U90/><E90/><V71/><F52/><W12/><G101/><T89/><D87/><U24/><E24/><V122/><F27/><W25/><G25/><T54/><D107/><U97/><E39/><V26/><F37/><W3/><G3/><T88/><D102/><U108/><E108/><V91/><F109/><W18/><G41/><T95/><D95/><U69/><E69/><V67/><F71/><W22/><AGARI ba="3,0" hai="12,18,22,59,60,66,96,99" m="31919,4487" machi="22" ten="30,4000,0" yaku="8,1,52,2" doraHai="94" who="3" fromWho="3" sc="54,-13,373,-23,444,-13,129,49" /><INIT seed="6,0,0,5,3,132" ten="41,350,431,178" oya="2" hai0="65,83,44,96,115,98,72,93,135,32,116,31,5" hai1="94,49,106,3,70,61,30,85,56,126,123,117,114" hai2="7,15,125,76,95,34,79,47,119,67,118,82,104" hai3="8,74,127,75,50,16,4,89,78,1,108,102,29"/><V24/><F104/><W48/><G127/><T101/><D115/><U105/><E117/><V87/><F125/><W11/><G108/><T57/><D135/><U18/><E114/><V109/><F109/><W62/><G29/><T88/><D116/><U51/><E70/><V122/><F122/><W131/><G102/><T17/><D5/><U37/><E37/><V38/><F67/><W99/><G50/><T35/><D44/><U36/><E36/><V33/><F33/><W64/><G48/><T124/><D124/><U39/><E39/><V133/><F133/><W71/><G131/><T66/><D17/><U60/><E126/><V69/><F69/><W43/><G43/><T46/><D46/><U9/><E123/><V53/><F79/><W40/><G40/><T10/><D10/><U103/><E30/><V91/><F24/><W110/><G110/><T86/><D57/><U68/><E68/><V63/><F34/><W52/><G78/><T90/><D72/><U41/><E41/><V42/><F53/><W2/><G52/><T80/><D31/><U134/><E134/><V21/><F63/><W25/><G25/><T97/><D97/><U22/><E61/><V23/><F119/><W92/><G16/><T13/><D13/><U20/><E18/><V112/><F112/><W55/><G55/><T73/><D73/><U14/><E14/><V77/><F118/><W84/><G99/><T128/><D128/><U100/><E60/><V111/><F111/><W26/><G26/><T107/><D35/><U113/><E113/><V28/><F28/><W120/><G120/><RYUUKYOKU ba="0,0" sc="41,-10,350,-10,431,-10,178,30" hai3="1,2,4,8,11,62,64,71,74,75,84,89,92" /><INIT seed="7,1,0,2,0,18" ten="31,340,421,208" oya="3" hai0="120,40,134,43,52,6,17,3,80,72,109,122,131" hai1="2,20,38,21,44,22,74,8,111,76,0,33,28" hai2="64,118,117,121,19,62,132,119,88,58,9,108,7" hai3="113,73,87,104,13,27,93,130,30,96,65,116,86"/><W99/><G113/><T94/><D6/><N who="1" m="1095" /><E2/><V60/><F108/><W49/><G73/><T15/><D109/><U71/><E71/><V61/><F132/><W101/><G130/><T41/><D131/><U85/><E85/><V26/><F121/><W37/><G37/><T135/><D3/><U54/><E54/><V90/><F19/><W39/><G39/><T57/><D72/><U110/><E28/><V29/><F62/><W75/><G75/><T100/><D80/><N who="1" m="45079" /><E33/><V127/><F61/><W16/><G49/><T47/><D47/><U97/><E97/><V106/><F29/><W89/><G65/><T78/><D78/><U14/><E14/><V103/><F118/><W68/><G68/><T32/><D32/><U24/><E24/><V59/><F26/><W98/><G98/><T126/><D126/><U124/><E124/><V70/><F119/><W105/><G105/><T1/><D1/><U123/><E123/><V31/><F31/><W55/><G55/><T5/><D5/><U53/><E53/><V50/><F117/><W83/><G83/><T11/><D94/><U67/><E67/><V91/><F127/><W92/><G104/><T69/><D69/><U77/><E77/><V112/><F106/><W129/><G129/><T102/><D120/><U34/><E34/><V81/><F64/><W125/><G116/><T42/><N who="0" m="10240" /><DORA hai="56" /><T82/><D82/><U46/><E38/><V23/><F81/><W51/><G51/><T63/><D63/><U133/><E133/><V36/><F36/><W95/><G125/><T115/><D115/><U25/><E25/><RYUUKYOKU ba="1,0" sc="31,-10,340,30,421,-10,208,-10" hai1="20,21,22,44,46,110,111" owari="21,-48.0,370,17.0,411,51.0,198,-20.0" /></mjloggm>