<mjloggm ver="2.3"><GO type="41" lobby="0"/><UN n0="%E5%B0%B1%E6%B4%BB%E7%94%9F%40%E5%B7%9D%E6%9D%91%E8%BB%8D%E5%9B%A3" n1="%E3%82%B7%E3%82%A7%E3%83%95%E3%83%81%E3%83%A7%E3%82%B3" n2="%E5%B0%8F%E7%AC%A0%E5%8E%9F%E7%89%B9%E6%80%A5" n3="%E3%81%93%E3%83%BC%E3%81%9F%E3%82%93" dan="14,15,15,15" rate="1990.17,2038.86,2031.20,2051.88" sx="M,M,F,M"/><TAIKYOKU oya="0"/><INIT seed="0,0,0,5,1,80" ten="250,250,250,250" oya="0" hai0="124,77,121,74,11,50,109,12,119,96,95,3,89" hai1="4,49,90,83,92,101,67,46,58,120,39,79,104" hai2="37,24,1,128,2,55,45,15,76,8,25,18,70" hai3="57,31,0,29,100,84,107,97,53,61,103,17,59"/><T33/><D121/><U82/><E120/><V60/><F128/><W86/><G0/><T30/><D119/><U133/><E133/><V129/><F129/><W131/><G131/><T116/><D116/><U68/><E68/><V118/><F118/><W28/><G103/><T20/><D3/><U110/><E110/><V62/><F2/><W93/><G107/><T134/><D33/><U117/><E117/><V127/><F127/><W43/><G43/><T115/><D115/><U72/><E39/><V27/><F70/><W16/><G59/><T85/><D74/><U78/><E4/><V106/><F106/><W108/><G108/><T23/><D134/><U111/><E111/><V132/><F132/><W38/><G38/><T40/><D109/><U113/><E113/><V75/><F1/><W88/><G100/><T14/><D30/><U69/><E69/><V130/><F130/><W135/><G135/><T105/><D124/><U114/><E101/><V51/><REACH who="2" step="1"/><F37/><REACH who="2" ten="250,250,240,250" step="2"/><W26/><G26/><T63/><D105/><U41/><E104/><V48/><F48/><W44/><G44/><N who="0" m="25863" /><D63/><N who="1" m="38391" /><E114/><V94/><F94/><W22/><G22/><N who="0" m="8235" /><D11/><U126/><E126/><V112/><F112/><W10/><G10/><T54/><D54/><U32/><E32/><V6/><F6/><W99/><G99/><T123/><D123/><U81/><E72/><V98/><F98/><AGARI ba="0,1" hai="41,46,49,78,79,81,82,83,90,92,98" m="38391" machi="98" ten="30,1000,0" yaku="8,1" doraHai="80" who="1" fromWho="2" sc="250,0,250,20,240,-10,250,0" /><INIT seed="1,0,0,2,3,52" ten="250,270,230,250" oya="1" hai0="90,132,115,124,128,3,53,134,97,5,131,129,78" hai1="130,80,95,89,64,65,29,50,14,104,51,133,76" hai2="68,37,93,99,92,85,127,63,83,9,98,74,16" hai3="18,19,91,34,117,48,58,59,69,0,96,46,11"/><U4/><E104/><V108/><F37/><W121/><G69/><T73/><D115/><U21/><E133/><N who="0" m="51305" /><D3/><U81/><E130/><V17/><F74/><W15/><G34/><T79/><D5/><U56/><E4/><V125/><F108/><W55/><G0/><T122/><D122/><U12/><E29/><V43/><F43/><W70/><G70/><T36/><D36/><U113/><E113/><V60/><F68/><W24/><G121/><T82/><D53/><N who="1" m="31799" /><E51/><V32/><F32/><W40/><G40/><T112/><D112/><U62/><E76/><N who="0" m="29225" /><D73/><U67/><E62/><N who="2" m="23595" /><F85/><W25/><G117/><T84/><D97/><N who="2" m="36874" /><F83/><N who="1" m="31817" /><E21/><V26/><F9/><W28/><G28/><T123/><D123/><U118/><E118/><V57/><F57/><N who="3" m="21515" /><G19/><N who="2" m="7241" /><F26/><W119/><G119/><T107/><D107/><U8/><E8/><V6/><F6/><W23/><G11/><T49/><D49/><U75/><E75/><V94/><AGARI ba="0,0" hai="92,93,94,125,127" m="7241,36874,23595" machi="94" ten="40,5200,0" yaku="28,2,54,1" doraHai="52" who="2" fromWho="2" sc="250,-13,270,-26,230,52,250,-13" /><INIT seed="2,0,0,4,5,8" ten="237,244,282,237" oya="2" hai0="49,91,84,18,112,88,75,93,121,66,99,135,126" hai1="26,0,55,132,38,46,78,96,57,134,70,48,74" hai2="19,13,11,41,117,6,51,107,33,106,131,1,63" hai3="65,83,23,108,54,90,32,119,127,102,15,2,128"/><V98/><F117/><W77/><G119/><T122/><D75/><U35/><E0/><V72/><F72/><W37/><G37/><T81/><D112/><U44/><E70/><V20/><F131/><W58/><G128/><T100/><D126/><U69/><E69/><V14/><F33/><W110/><G32/><T115/><D115/><U22/><E35/><V3/><F3/><W80/><G2/><T86/><D135/><N who="1" m="51755" /><E38/><V87/><F1/><W118/><G65/><T16/><D66/><U61/><E96/><V85/><F63/><N who="3" m="36311" /><G118/><T10/><D49/><U123/><E123/><V103/><REACH who="2" step="1"/><F107/><REACH who="2" ten="237,244,272,237" step="2"/><W5/><G127/><T109/><D109/><N who="3" m="42089" /><G102/><T52/><D122/><U40/><E61/><V12/><F12/><W45/><G77/><T113/><D121/><U68/><E78/><V89/><F89/><W60/><G90/><T125/><D113/><U116/><E74/><V30/><F30/><W9/><G60/><T25/><D125/><U42/><E116/><V4/><F4/><W79/><G79/><T129/><D129/><U82/><E26/><V56/><F56/><W59/><G59/><T104/><D25/><U31/><E68/><V67/><F67/><W24/><G45/><AGARI ba="0,1" hai="6,11,13,14,19,20,41,45,51,85,87,98,103,106" machi="45" ten="40,12000,1" yaku="1,1,52,2,53,1" doraHai="8" doraHaiUra="39" who="2" fromWho="3" sc="237,0,244,0,272,130,237,-120" /><INIT seed="2,1,0,5,1,85" ten="237,244,402,117" oya="2" hai0="117,6,38,87,32,69,119,98,16,35,96,51,66" hai1="97,133,107,70,108,39,75,115,42,5,59,24,37" hai2="13,21,126,82,105,95,22,30,106,102,100,18,101" hai3="84,131,15,79,68,34,14,10,49,123,47,99,109"/><V19/><F30/><W43/><G123/><T78/><D38/><U44/><E115/><V132/><F126/><W63/><G109/><T3/><D3/><U23/><E70/><V25/><F132/><W8/><G34/><T67/><D6/><U50/><E75/><V12/><F25/><W110/><G110/><T125/><D125/><U1/><E59/><V121/><F121/><W104/><G131/><T83/><D51/><U54/><E54/><V72/><F95/><W46/><G46/><T92/><D96/><U57/><E57/><V41/><F41/><W129/><G129/><T120/><D120/><U7/><E97/><V11/><F11/><W26/><G26/><T28/><D16/><U127/><E107/><V9/><F9/><W124/><G124/><T135/><D135/><U53/><E42/><V114/><F114/><W122/><G122/><T86/><D86/><U93/><E93/><V76/><AGARI ba="1,0" hai="12,13,18,19,21,22,72,76,82,100,101,102,105,106" machi="76" ten="30,3000,0" yaku="0,1,9,1" doraHai="85" who="2" fromWho="2" sc="237,-11,244,-11,402,33,117,-11" /><INIT seed="2,2,0,4,0,104" ten="226,233,435,106" oya="2" hai0="20,12,116,19,28,76,73,82,16,52,85,110,111" hai1="134,46,133,7,53,92,80,36,91,38,54,65,131" hai2="86,34,68,66,83,2,25,74,128,55,90,122,4" hai3="61,100,120,5,13,130,48,37,47,114,93,87,63"/><V95/><F122/><W69/><G120/><T11/><D116/><U108/><E108/><N who="0" m="41513" /><D28/><U51/><E131/><V125/><F34/><W132/><G130/><T33/><D33/><U44/><E7/><V31/><F55/><W1/><G1/><T26/><D52/><N who="1" m="20075" /><E65/><V24/><F66/><W72/><G37/><N who="1" m="14442" /><E51/><V121/><F68/><W10/><G69/><T107/><D107/><U75/><E80/><V88/><F4/><W115/><G100/><T49/><D49/><U64/><E64/><V124/><F2/><W81/><G93/><T129/><D129/><U40/><E75/><AGARI ba="2,0" hai="11,12,16,19,20,26,73,75,76,82,85" m="41513" machi="75" ten="30,7700,0" yaku="14,1,52,2,54,1" doraHai="104" who="0" fromWho="1" sc="226,83,233,-83,435,0,106,0" /><INIT seed="3,0,0,4,3,77" ten="309,150,435,106" oya="3" hai0="61,98,74,36,18,132,122,112,104,17,135,109,19" hai1="107,94,35,99,15,118,51,133,56,129,14,80,34" hai2="68,50,110,84,76,128,8,95,55,57,69,25,38" hai3="41,71,100,32,3,16,2,72,47,4,116,22,83"/><W87/><G71/><T97/><D36/><U42/><E107/><V13/><F38/><W78/><G32/><T40/><D122/><U1/><E1/><V5/><F110/><W131/><G116/><T62/><D112/><U26/><E118/><V102/><F128/><W67/><G67/><T89/><D40/><U43/><E129/><V49/><F25/><W65/><G65/><T82/><D109/><U45/><E133/><N who="0" m="51273" /><D104/><U81/><E42/><V73/><F73/><W90/><G131/><T96/><D74/><U48/><E34/><V21/><F21/><W111/><G100/><T23/><D23/><U113/><E113/><V54/><F102/><W28/><G28/><T134/><D134/><U63/><E48/><V12/><F12/><N who="1" m="4649" /><E26/><V70/><F70/><W60/><G60/><N who="0" m="23147" /><D82/><N who="1" m="31851" /><E35/><V59/><F76/><W31/><G111/><T33/><D33/><U93/><E99/><V126/><F69/><W24/><G31/><T0/><D0/><U66/><AGARI ba="0,0" hai="43,45,51,56,63,66,93,94" m="31851,4649" machi="66" ten="30,7900,0" yaku="8,1,52,3" doraHai="77" who="1" fromWho="1" sc="309,-20,150,79,435,-20,106,-39" /><INIT seed="4,0,0,1,1,81" ten="289,229,415,67" oya="0" hai0="80,134,111,8,47,22,93,123,48,67,82,55,114" hai1="21,45,112,124,103,35,110,127,70,84,16,49,31" hai2="7,96,44,6,100,1,26,64,13,19,83,65,33" hai3="5,17,78,88,105,27,29,37,113,75,86,118,99"/><T129/><D123/><U38/><E38/><V135/><F135/><W66/><G37/><T2/><D114/><U104/><E70/><V9/><F6/><W131/><G118/><T117/><D117/><U120/><E120/><V95/><F44/><W125/><G113/><T56/><D129/><U89/><E112/><V77/><F26/><W0/><G131/><T128/><D128/><U94/><E110/><V107/><F33/><W18/><G125/><N who="1" m="48202" /><E103/><V101/><F101/><W126/><G126/><T11/><D111/><U74/><E74/><V63/><F63/><W14/><G66/><T119/><D119/><U40/><E104/><V42/><F42/><W73/><G105/><T58/><D134/><U57/><E57/><N who="0" m="22121" /><D67/><U15/><E31/><V91/><F100/><W133/><G99/><T71/><D71/><U39/><E39/><V28/><F28/><W62/><G62/><T97/><D22/><U30/><E30/><V36/><F36/><W54/><G133/><T23/><D23/><U109/><E109/><V43/><F107/><W12/><G0/><T60/><D60/><U52/><E40/><V51/><F43/><W79/><G54/><T32/><D32/><AGARI ba="0,0" hai="15,16,21,32,35,45,49,52,84,89,94" m="48202" machi="32" ten="30,7700,0" yaku="18,1,52,1,54,2" doraHai="81" who="1" fromWho="0" sc="289,-77,229,77,415,0,67,0" /><INIT seed="5,0,0,3,5,36" ten="212,306,415,67" oya="1" hai0="35,16,52,47,112,8,20,44,73,41,86,51,78" hai1="39,92,34,107,97,48,42,64,59,66,11,10,93" hai2="13,26,118,69,100,90,71,4,55,105,18,125,37" hai3="102,109,89,22,81,62,77,131,129,135,58,60,115"/><U96/><E39/><V76/><F37/><W33/><G33/><T84/><D35/><U9/><E34/><V127/><F90/><W117/><G109/><T25/><D112/><U27/><E107/><V32/><F55/><W126/><G115/><T61/><D73/><U45/><E27/><V57/><F57/><W23/><G117/><T63/><D8/><U38/><E38/><V110/><F118/><W113/><G113/><T12/><D25/><U7/><E7/><V2/><F100/><W130/><G102/><T43/><D84/><U72/><E72/><V74/><F76/><W80/><G89/><T49/><D52/><U134/><E134/><V116/><F105/><W123/><G123/><T21/><D21/><N who="3" m="7689" /><G135/><T53/><D53/><U5/><E5/><V124/><F26/><W91/><G58/><T70/><D70/><U1/><E1/><V75/><F110/><W0/><G0/><T40/><D40/><U104/><E104/><V24/><F116/><W14/><G14/><T30/><D30/><U31/><E31/><N who="2" m="19559" /><F4/><W65/><G65/><N who="1" m="25194" /><E59/><V87/><F2/><W29/><G29/><T46/><D46/><U103/><E103/><V98/><F74/><N who="3" m="43063" /><G126/><T88/><D78/><U119/><E119/><V79/><F75/><W3/><G3/><T132/><D132/><U122/><E122/><V120/><F120/><W95/><G81/><AGARI ba="0,0" hai="12,16,20,41,43,44,47,49,51,61,63,81,86,88" machi="81" ten="30,12000,2" yaku="7,1,9,1,8,1,52,2,54,2" doraHai="36" who="0" fromWho="3" sc="212,120,306,0,415,0,67,-120" owari="332,13.0,306,-9.0,415,51.0,-53,-55.0" /></mjloggm>