<mjloggm ver="2.3"><GO type="41" lobby="0"/><UN n0="%E6%9C%88%E5%8F%8B" n1="%E5%8D%81%E5%85%AD%E5%A4%9C%E3%82%A2%E3%83%B3%E3%82%B8%E3%82%A7" n2="%E7%B5%90%E5%9F%8E%E5%B0%8F%E5%B1%B1" n3="%E5%B0%B1%E6%B4%BB%E7%94%9F%40%E5%B7%9D%E6%9D%91%E8%BB%8D%E5%9B%A3" dan="14,13,15,15" rate="1940.44,1889.87,1984.13,1952.78" sx="M,F,M,M"/><TAIKYOKU oya="0"/><INIT seed="0,0,0,3,2,24" ten="250,250,250,250" oya="0" hai0="13,121,15,84,34,3,94,59,66,69,77,28,62" hai1="40,123,91,54,44,63,5,50,112,122,41,106,76" hai2="65,0,17,35,68,125,135,18,74,37,117,48,42" hai3="100,19,21,120,11,129,52,93,7,71,86,39,126"/><T88/><D121/><U47/><E112/><V105/><RYUUKYOKU type="yao9" ba="0,0" sc="250,0,250,0,250,0,250,0" hai2="0,17,18,35,37,42,48,65,68,74,105,117,125,135" /><INIT seed="0,1,0,4,5,30" ten="250,250,250,250" oya="0" hai0="108,44,1,3,21,22,133,57,106,75,54,93,134" hai1="110,79,38,19,97,68,116,63,20,132,121,83,84" hai2="26,6,123,59,76,122,115,105,23,29,17,31,92" hai3="104,49,60,36,90,71,74,101,10,51,55,77,43"/><T78/><D106/><U102/><E110/><V27/><F105/><W56/><G74/><T5/><D108/><U95/><E116/><V9/><F76/><W61/><G77/><T80/><D44/><U37/><E121/><V64/><F115/><W111/><G111/><T81/><D93/><U7/><E132/><N who="0" m="50793" /><D81/><U87/><E7/><V46/><F46/><W112/><G112/><T117/><D117/><U131/><E131/><V118/><F118/><W15/><G71/><T67/><D67/><U13/><REACH who="1" step="1"/><E87/><REACH who="1" ten="250,240,250,250" step="2"/><V127/><F122/><W109/><G109/><T91/><D5/><U125/><E125/><V103/><F123/><W88/><G36/><T8/><D3/><U50/><E50/><V39/><F39/><W0/><G0/><T73/><D73/><U48/><E48/><V40/><F127/><W70/><G51/><T11/><D1/><U58/><E58/><V28/><F40/><W96/><G70/><T24/><D57/><U47/><E47/><V89/><F59/><W120/><G120/><T42/><D54/><U82/><E82/><V114/><F64/><AGARI ba="1,1" hai="13,19,20,37,38,63,64,68,79,83,84,95,97,102" machi="64" ten="40,1300,0" yaku="1,1,53,0" doraHai="30" doraHaiUra="107" who="1" fromWho="2" sc="250,0,240,26,250,-16,250,0" /><INIT seed="1,0,0,0,0,89" ten="250,266,234,250" oya="1" hai0="88,104,128,79,131,99,95,15,108,39,3,17,36" hai1="133,65,26,123,13,69,126,112,114,98,28,94,30" hai2="73,129,130,54,44,33,12,120,91,35,60,62,90" hai3="24,135,20,63,81,9,38,45,23,122,7,117,49"/><U18/><E123/><V105/><F73/><W50/><G122/><T106/><D3/><U58/><E69/><V115/><F105/><N who="0" m="40554" /><D79/><U10/><E126/><V107/><F107/><W103/><G117/><T66/><D66/><U42/><E133/><V119/><F120/><W118/><G135/><T14/><D108/><U93/><E42/><V41/><F12/><N who="0" m="4650" /><D17/><U8/><E8/><V87/><F119/><W48/><G118/><T31/><D31/><U55/><E65/><V77/><F77/><W132/><G132/><T51/><D51/><U5/><E5/><V97/><F115/><W40/><G103/><T83/><D83/><U43/><E43/><V56/><F62/><W121/><G121/><T102/><D102/><U11/><E10/><V124/><F124/><W67/><G81/><T100/><D100/><U21/><E11/><V111/><F111/><W59/><REACH who="3" step="1"/><G24/><REACH who="3" ten="250,266,234,240" step="2"/><T25/><D25/><U27/><E26/><V80/><F35/><W101/><G101/><T134/><D134/><U16/><E27/><V61/><F33/><W57/><G57/><T47/><D47/><U86/><E58/><V34/><F34/><W29/><G29/><T74/><D74/><U70/><E30/><V2/><F56/><W32/><G32/><T1/><D1/><AGARI ba="0,1" hai="1,7,9,20,23,38,40,45,48,49,50,59,63,67" machi="1" ten="40,1300,0" yaku="1,1,53,0" doraHai="89" doraHaiUra="110" who="3" fromWho="0" sc="250,-13,266,0,234,0,240,23" /><INIT seed="2,0,0,5,3,84" ten="237,266,234,263" oya="2" hai0="2,9,61,54,16,111,107,6,129,55,83,102,31" hai1="85,19,48,96,110,68,30,58,78,51,101,127,135" hai2="18,91,114,52,59,125,56,32,49,42,80,0,36" hai3="115,47,94,15,44,4,45,97,81,134,126,1,25"/><V122/><F114/><W99/><G1/><T79/><D129/><U12/><E68/><V34/><F122/><W37/><G115/><T24/><D111/><U108/><E127/><V98/><F125/><W109/><G37/><T66/><D107/><U17/><E135/><V10/><F36/><W105/><G105/><T41/><D41/><U106/><E30/><V133/><F133/><W112/><G112/><T89/><D102/><U104/><E104/><V118/><F42/><W67/><G67/><T57/><D89/><U103/><E103/><V39/><F39/><W128/><G134/><T119/><D119/><U100/><E100/><V76/><F118/><W75/><G25/><T38/><D38/><U65/><E65/><V117/><F117/><W70/><G70/><T131/><D131/><U74/><E74/><V46/><F34/><W11/><G97/><T7/><D7/><U20/><E19/><V29/><F32/><W88/><G109/><N who="1" m="42090" /><E58/><V13/><F29/><W64/><G64/><T73/><REACH who="0" step="1"/><D31/><REACH who="0" ten="227,266,234,263" step="2"/><U93/><E106/><V28/><F28/><W22/><G128/><T5/><D5/><U71/><E71/><V3/><F76/><W43/><G126/><T124/><D124/><U120/><E120/><V40/><F40/><W60/><G43/><T116/><D116/><U121/><E121/><V53/><F53/><W113/><G113/><T72/><D72/><U90/><E78/><V77/><F77/><W35/><G75/><T26/><D26/><U33/><E101/><V27/><F27/><W14/><G4/><T23/><AGARI ba="0,1" hai="2,6,9,16,23,24,54,55,57,61,66,73,79,83" machi="23" ten="30,4000,0" yaku="1,1,0,1,54,1,53,0" doraHai="84" doraHaiUra="86" who="0" fromWho="0" sc="227,50,266,-10,234,-20,263,-10" /><INIT seed="3,0,0,5,2,72" ten="277,256,214,253" oya="3" hai0="110,119,113,40,27,93,80,1,103,4,45,54,35" hai1="74,81,55,122,32,43,84,104,57,36,111,66,75" hai2="99,59,38,120,14,44,118,22,117,18,71,82,48" hai3="107,56,95,79,105,62,98,92,60,50,83,64,96"/><W31/><G31/><T37/><D110/><U97/><E111/><V73/><F71/><W128/><G128/><T49/><D119/><U131/><E32/><V88/><F120/><W86/><G62/><T102/><D113/><U94/><E104/><V33/><F33/><W34/><G34/><T24/><D93/><U67/><E131/><V130/><F130/><W13/><G13/><T70/><D70/><U20/><E122/><V47/><F38/><W106/><G95/><T41/><D41/><U85/><E43/><V121/><F121/><W7/><G7/><T15/><D15/><U29/><E36/><V114/><F114/><W11/><G11/><T10/><D27/><U135/><E135/><V19/><F19/><W53/><REACH who="3" step="1"/><G92/><REACH who="3" ten="277,256,214,243" step="2"/><T76/><D35/><U127/><E94/><N who="2" m="56775" /><F82/><W61/><G61/><T134/><D24/><U116/><E81/><V3/><F118/><W108/><G108/><T26/><D26/><U8/><E116/><V9/><F117/><W23/><G23/><T112/><D112/><U2/><E20/><V87/><F22/><W78/><G78/><T129/><D129/><U90/><E8/><V5/><F3/><W42/><G42/><T25/><D25/><U126/><E2/><V68/><F5/><W52/><G52/><T0/><D0/><U58/><E55/><N who="2" m="32231" /><F9/><W16/><G16/><T46/><REACH who="0" step="1"/><D134/><REACH who="0" ten="267,256,214,243" step="2"/><U21/><E21/><V109/><F109/><W77/><G77/><T51/><D51/><U101/><E29/><V6/><F14/><W91/><G91/><T124/><D124/><U100/><E127/><V132/><F132/><RYUUKYOKU ba="0,2" sc="267,15,256,-15,214,-15,243,15" hai0="1,4,10,37,40,45,46,49,54,76,80,102,103" hai3="50,53,56,60,64,79,83,86,96,98,105,106,107" /><INIT seed="3,1,2,5,0,22" ten="282,241,199,258" oya="3" hai0="4,108,64,6,128,12,16,91,69,100,124,21,96" hai1="2,119,65,45,38,107,85,44,75,14,77,82,130" hai2="121,36,49,74,102,66,73,48,10,33,71,13,27" hai3="30,1,131,7,3,50,123,80,106,98,15,40,9"/><W111/><G123/><T35/><D128/><U114/><E114/><V53/><F36/><W89/><G131/><T79/><D79/><U115/><E130/><V46/><F121/><W28/><G111/><T29/><D108/><U78/><E115/><V86/><F74/><W125/><G125/><T72/><D91/><U116/><E2/><V95/><F73/><W19/><G3/><T47/><D47/><U129/><E129/><V34/><F71/><W109/><G109/><T120/><D72/><U127/><E127/><V20/><F66/><W112/><G112/><T70/><D70/><U113/><E113/><V51/><F34/><W60/><G60/><T25/><D124/><U39/><E107/><V11/><F33/><W83/><G106/><N who="0" m="63751" /><D120/><U43/><E65/><V59/><F46/><N who="1" m="18025" /><E43/><V84/><F10/><W104/><G40/><T118/><D118/><N who="1" m="45099" /><E14/><V76/><F76/><W134/><G1/><T42/><D42/><U58/><E58/><V81/><F13/><W61/><G104/><T63/><AGARI ba="1,2" hai="4,6,12,16,21,25,29,35,63,64,69" m="63751" machi="63" ten="30,4000,0" yaku="25,1,52,1,54,1" doraHai="22" who="0" fromWho="0" sc="282,63,241,-11,199,-11,258,-21" /><INIT seed="4,0,0,3,2,43" ten="345,230,188,237" oya="0" hai0="18,84,132,73,29,87,105,76,119,30,118,70,35" hai1="27,13,96,126,28,47,80,115,67,2,61,41,83" hai2="111,16,108,21,8,122,121,9,90,97,62,78,130" hai3="17,104,46,120,91,26,117,98,14,19,51,40,89"/><T48/><D105/><U82/><E2/><V128/><F78/><W116/><G120/><N who="2" m="46185" /><F97/><W58/><G26/><T99/><D99/><U65/><E126/><V114/><F62/><W85/><G58/><T20/><D70/><U72/><E72/><V53/><F53/><W15/><G15/><T3/><D3/><U31/><E115/><V49/><F49/><W133/><G133/><T109/><D132/><U44/><E13/><N who="2" m="9359" /><F90/><W107/><G19/><T112/><D112/><U39/><E47/><V125/><F125/><W5/><G5/><T74/><D48/><U123/><E123/><V50/><F50/><W100/><G107/><T36/><D18/><U54/><E54/><V88/><F88/><W113/><G113/><T127/><D127/><U25/><E25/><V34/><F34/><W103/><G103/><T52/><D52/><U75/><E75/><V135/><F135/><W124/><G124/><T59/><D35/><U81/><E61/><V55/><F114/><W77/><G77/><T134/><D134/><U129/><E96/><V66/><F55/><W68/><G68/><T106/><D106/><U110/><E39/><V94/><F94/><W60/><G60/><T23/><D76/><U63/><E63/><V57/><F57/><W32/><G32/><T131/><D59/><U33/><E33/><V37/><F66/><W0/><G91/><T12/><D36/><U101/><E101/><V56/><F56/><W86/><G89/><T79/><D79/><U38/><E67/><V42/><F111/><W4/><G104/><T102/><D109/><U93/><E110/><RYUUKYOKU ba="0,0" sc="345,0,230,0,188,0,237,0" /><INIT seed="5,1,0,4,2,43" ten="345,230,188,237" oya="1" hai0="84,97,124,110,1,19,101,12,90,47,6,35,16" hai1="55,3,72,10,23,41,130,75,2,45,132,25,40" hai2="123,92,32,7,5,50,79,28,111,94,18,85,4" hai3="106,80,81,103,96,58,48,113,115,62,66,87,51"/><U59/><E130/><V69/><F69/><W114/><REACH who="3" step="1"/><G81/><REACH who="3" ten="345,230,188,227" step="2"/><T88/><D110/><U56/><E75/><V129/><F111/><W99/><G99/><T38/><D124/><U42/><E72/><V89/><F129/><W121/><G121/><T74/><D74/><U95/><E2/><V108/><F123/><W107/><G107/><T39/><D1/><U53/><E3/><V102/><F108/><W133/><G133/><T34/><D6/><U78/><E132/><V86/><F102/><W0/><G0/><T82/><D19/><U46/><E95/><V37/><F18/><W125/><G125/><T65/><D90/><AGARI ba="1,1" hai="48,51,58,62,66,80,87,90,96,103,106,113,114,115" machi="90" ten="40,5200,0" yaku="21,2,15,1,53,0" doraHai="43" doraHaiUra="68" who="3" fromWho="0" sc="345,-55,230,0,188,0,227,65" /><INIT seed="6,0,0,2,2,62" ten="290,230,188,292" oya="2" hai0="47,61,127,1,98,117,39,75,20,111,118,122,102" hai1="77,58,34,68,129,67,108,7,103,112,105,133,41" hai2="51,124,72,92,24,2,84,37,94,19,40,35,56" hai3="115,57,119,73,22,18,30,87,85,36,64,33,53"/><V9/><F72/><W16/><G73/><T12/><D1/><U135/><E112/><V86/><F37/><W13/><G36/><T104/><D111/><U71/><E108/><V131/><F131/><W4/><G115/><T42/><D122/><U79/><E129/><V114/><F114/><W29/><G33/><T6/><D75/><U96/><E34/><V106/><F106/><W125/><G125/><T10/><D127/><U113/><E113/><V25/><F124/><W48/><G119/><T76/><D76/><N who="1" m="29259" /><E41/><V107/><F107/><W63/><G4/><T60/><D20/><U78/><E78/><V74/><F74/><W97/><G97/><T26/><D26/><N who="2" m="10346" /><F35/><W59/><REACH who="3" step="1"/><G18/><REACH who="3" ten="290,230,188,282" step="2"/><T50/><D39/><U70/><E135/><V100/><F19/><W123/><G123/><T121/><D121/><U82/><E133/><V46/><F86/><AGARI ba="0,1" hai="13,16,22,29,30,48,53,57,59,63,64,85,86,87" machi="86" ten="40,8000,1" yaku="1,1,8,1,52,1,54,1,53,0" doraHai="62" doraHaiUra="66" who="3" fromWho="2" sc="290,0,230,0,188,-80,282,90" /><INIT seed="7,0,0,2,1,77" ten="290,230,108,372" oya="3" hai0="40,112,55,29,23,56,32,82,53,87,99,105,106" hai1="89,62,85,108,1,126,58,5,96,124,117,68,10" hai2="110,30,123,135,80,98,128,66,64,127,16,28,83" hai3="102,35,21,119,129,131,70,45,65,42,78,95,73"/><W81/><G35/><T27/><D40/><U4/><E108/><V34/><F110/><W48/><G119/><T44/><D44/><U0/><E117/><V130/><F34/><W114/><G114/><T63/><D112/><U103/><E68/><V9/><F123/><W116/><G116/><T54/><D105/><N who="1" m="63719" /><E10/><V94/><F127/><N who="1" m="48681" /><E5/><V92/><F135/><W22/><G65/><N who="2" m="25193" /><F92/><W57/><G57/><T76/><D106/><U39/><E39/><V43/><F43/><W115/><G70/><T74/><D99/><U8/><E8/><V121/><F121/><W31/><G31/><N who="2" m="11817" /><F130/><N who="3" m="49675" /><G115/><T59/><D32/><U71/><E4/><V67/><N who="2" m="25201" /><V79/><DORA hai="47" /><F79/><W60/><G60/><T15/><D15/><U118/><E118/><V18/><F128/><W75/><G75/><T97/><D97/><AGARI ba="0,0" hai="21,22,42,45,48,73,78,81,95,97,102" m="49675" machi="97" ten="30,5800,0" yaku="19,1,52,2" doraHai="77,47" who="3" fromWho="0" sc="290,-58,230,0,108,0,372,58" owari="232,3.0,230,-17.0,108,-39.0,430,53.0" /></mjloggm>