<mjloggm ver="2.3"><GO type="169" lobby="0"/><UN n0="%E3%82%A6%E3%83%AB%E3%83%88%E3%83%A9%E7%AB%8B%E7%9B%B4" n1="%E3%83%97%E3%83%AD%E3%83%86%E3%82%A4%E3%83%B3%E5%BE%97%E7%9B%9B" n2="%74%2E%61%2E%6B%2E" n3="%4C%69%6C%69%6D" dan="16,17,16,17" rate="2151.61,2135.26,2107.55,2208.85" sx="M,M,M,F"/><TAIKYOKU oya="0"/><INIT seed="0,0,0,2,0,92" ten="250,250,250,250" oya="0" hai0="116,115,124,4,47,45,106,39,120,133,83,42,103" hai1="85,5,130,25,48,113,31,20,62,108,17,114,51" hai2="131,119,100,67,43,53,36,104,66,117,59,73,88" hai3="55,11,1,37,35,58,27,41,101,134,7,121,75"/><T70/><D120/><U93/><E108/><V13/><F73/><W97/><G121/><T56/><D116/><N who="2" m="44618" /><F131/><W26/><G75/><T79/><D115/><U44/><E5/><V52/><F13/><W60/><G35/><T132/><D70/><U30/><E130/><V38/><F100/><W9/><G9/><T82/><D124/><U80/><E62/><N who="2" m="36199" /><F104/><W18/><G134/><N who="0" m="51819" /><D4/><U68/><E68/><V6/><F6/><W2/><G2/><T118/><D118/><U15/><E93/><V74/><F74/><W54/><G18/><T63/><D47/><U22/><E31/><V109/><F109/><W125/><G125/><T21/><D21/><U77/><REACH who="1" step="1"/><E51/><REACH who="1" ten="250,240,250,250" step="2"/><V19/><F19/><W123/><G123/><T107/><D107/><U81/><E81/><V33/><F36/><W12/><G1/><T98/><D79/><U95/><E95/><V94/><F94/><N who="3" m="58551" /><G37/><T127/><D127/><U110/><E110/><V128/><F128/><W32/><G7/><T28/><D28/><U111/><E111/><V8/><F38/><W23/><G60/><T112/><D112/><U129/><E129/><V96/><F67/><AGARI ba="0,1" hai="39,42,45,56,63,67,82,83,98,103,106" m="51819" machi="67" ten="30,2900,0" yaku="20,1,52,1" doraHai="92" who="0" fromWho="2" sc="250,39,240,0,250,-29,250,0" /><INIT seed="0,1,0,1,1,107" ten="289,240,221,250" oya="0" hai0="73,102,113,109,39,82,76,65,16,91,48,93,7" hai1="62,119,80,20,32,15,56,64,70,4,46,30,53" hai2="125,29,104,14,88,77,11,115,63,58,57,25,66" hai3="129,99,22,41,122,83,18,72,117,36,47,75,60"/><T87/><D113/><U112/><E112/><V100/><F115/><W6/><G122/><T135/><D39/><U74/><E119/><V132/><F125/><W90/><G117/><T37/><D37/><U44/><E32/><V120/><F120/><W24/><G6/><T89/><D135/><U114/><E114/><V68/><F132/><W26/><G129/><T127/><D127/><U2/><E2/><V49/><F77/><W124/><G124/><T105/><D109/><U9/><E30/><V78/><F78/><W35/><G35/><T118/><D118/><U54/><E20/><V19/><F49/><W21/><G60/><T101/><D7/><U71/><E54/><V27/><F27/><W97/><G97/><N who="0" m="61647" /><D65/><U134/><E134/><V110/><F110/><W81/><G81/><N who="0" m="45199" /><D16/><U38/><E38/><V13/><F13/><W17/><REACH who="3" step="1"/><G83/><REACH who="3" ten="289,240,221,240" step="2"/><T28/><D48/><U128/><E128/><V111/><F63/><W86/><G86/><N who="0" m="50391" /><D28/><U123/><E123/><V85/><F29/><W34/><G34/><T131/><D131/><U42/><E80/><V31/><F111/><W95/><AGARI ba="1,1" hai="17,18,21,22,24,26,36,41,47,72,75,90,95,99" machi="95" ten="30,8000,1" yaku="1,1,0,1,9,1,52,2,53,0" doraHai="107" doraHaiUra="133" who="3" fromWho="3" sc="289,-41,240,-21,221,-21,240,93" /><INIT seed="1,0,0,0,0,91" ten="248,219,200,333" oya="1" hai0="53,123,62,67,111,90,3,26,87,129,116,29,96" hai1="72,113,45,51,20,64,101,69,58,56,119,30,77" hai2="89,115,5,37,71,110,131,132,125,134,15,38,97" hai3="21,23,103,112,85,32,108,124,133,102,74,82,117"/><U7/><E69/><V59/><F89/><W109/><G112/><T16/><D116/><U31/><E113/><V28/><F28/><W130/><G117/><T63/><D111/><U61/><E119/><V4/><F97/><W46/><G32/><T41/><D129/><U68/><E7/><V81/><F81/><W99/><G130/><T122/><D3/><U114/><E114/><V78/><F78/><W43/><G74/><T11/><D41/><U0/><E0/><V94/><F115/><W25/><G133/><T126/><D53/><U33/><E33/><V121/><F131/><W52/><G124/><T57/><D63/><U9/><E9/><V88/><F71/><W50/><G43/><T55/><D67/><U66/><E101/><N who="3" m="38410" /><G99/><T135/><D135/><U83/><E68/><V48/><F125/><W6/><G6/><T18/><D96/><U84/><E72/><V49/><F121/><W19/><G23/><N who="0" m="15583" /><D11/><U118/><E118/><V40/><F40/><W39/><G39/><T22/><D22/><U120/><E120/><N who="0" m="46121" /><D126/><U127/><E127/><V13/><F134/><W27/><G109/><T14/><D14/><U128/><E128/><V75/><F132/><W60/><G108/><T86/><D86/><U24/><E31/><V65/><F75/><W92/><G60/><T2/><D2/><U17/><E30/><V47/><F110/><W93/><G27/><T54/><D54/><N who="1" m="33943" /><E58/><V80/><F59/><W12/><G25/><T104/><D104/><U73/><E73/><V1/><F1/><W106/><G106/><T98/><D98/><U44/><E44/><RYUUKYOKU ba="0,0" sc="248,10,219,10,200,-30,333,10" hai0="16,18,55,57,62,87,90" hai1="17,20,24,45,51,64,66,77,83,84" hai3="12,19,21,46,50,52,82,85,92,93" /><INIT seed="1,1,0,0,1,60" ten="258,229,170,343" oya="1" hai0="83,46,99,8,128,125,0,30,133,75,80,89,14" hai1="2,132,57,49,68,95,25,106,51,85,84,19,58" hai2="38,10,37,20,117,98,3,23,52,86,29,121,69" hai3="45,66,22,94,70,110,79,59,13,105,129,34,109"/><U127/><E106/><V50/><F117/><W41/><G105/><T81/><D125/><U102/><E68/><V43/><F121/><W124/><G34/><T108/><D108/><U131/><E2/><V12/><F3/><W42/><G70/><T63/><D128/><U18/><E127/><V65/><F43/><W47/><G129/><T61/><D133/><U91/><E131/><V119/><F119/><W24/><G79/><T67/><D0/><U16/><E102/><V4/><F86/><N who="1" m="33385" /><E132/><V113/><F113/><W56/><G13/><T107/><D30/><U55/><E25/><V114/><F114/><W100/><G124/><T17/><D63/><N who="1" m="36287" /><E58/><V72/><F72/><W97/><G110/><T112/><D112/><U27/><E27/><V62/><F98/><AGARI ba="1,0" hai="16,18,19,49,51,91,95,98" m="36287,33385" machi="98" ten="30,2900,0" yaku="8,1,54,1" doraHai="60" who="1" fromWho="2" sc="258,0,229,32,170,-32,343,0" /><INIT seed="1,2,0,3,0,72" ten="258,261,138,343" oya="1" hai0="55,60,28,18,81,7,68,40,27,75,133,19,79" hai1="74,13,36,54,111,110,102,112,2,131,124,85,59" hai2="29,47,69,31,52,117,91,34,121,63,129,100,62" hai3="92,67,128,42,61,119,95,130,89,90,38,20,32"/><U103/><E2/><V1/><F117/><W80/><G32/><T127/><D127/><U3/><E3/><V24/><F121/><W98/><G119/><T30/><D133/><U78/><E74/><V43/><F1/><W57/><G20/><T94/><D7/><U16/><E36/><V66/><F129/><N who="3" m="49771" /><G80/><T108/><D108/><N who="1" m="41515" /><E112/><V135/><F135/><W39/><G42/><T126/><D126/><U10/><E124/><V6/><F6/><W53/><G67/><T49/><D94/><U120/><E120/><V4/><F4/><W14/><G14/><T22/><D30/><U25/><E25/><V105/><F31/><W46/><G46/><T11/><D11/><U51/><E131/><V116/><F116/><W122/><G122/><T41/><D19/><U23/><E10/><V17/><F17/><W88/><G90/><T15/><D27/><U9/><E9/><V93/><F100/><W64/><G64/><T101/><D101/><U107/><E107/><V97/><F105/><W87/><AGARI ba="2,0" hai="38,39,53,57,61,87,88,89,92,95,98" m="49771" machi="87" ten="30,2000,0" yaku="19,1,54,1" doraHai="72" who="3" fromWho="3" sc="258,-7,261,-12,138,-7,343,26" /><INIT seed="2,0,0,4,1,124" ten="251,249,131,369" oya="2" hai0="38,133,48,132,101,47,35,111,27,81,34,18,78" hai1="110,17,63,12,58,3,44,43,129,71,135,5,39" hai2="55,77,64,33,54,10,96,91,123,87,29,93,53" hai3="102,134,95,66,118,85,65,117,109,28,94,69,50"/><V97/><F123/><W16/><G28/><T52/><D101/><U62/><E110/><V84/><F64/><W67/><G69/><T24/><D38/><U60/><E71/><V80/><F33/><W131/><G109/><T106/><D106/><U7/><E135/><N who="0" m="51785" /><D111/><U89/><E129/><V4/><REACH who="2" step="1"/><F29/><REACH who="2" ten="251,249,121,369" step="2"/><W30/><G30/><T105/><D34/><U37/><E37/><V88/><F88/><W1/><G134/><T74/><D35/><U26/><E89/><V32/><F32/><W115/><G117/><T23/><D105/><U49/><E39/><V70/><F70/><W120/><G118/><T2/><D2/><AGARI ba="0,1" hai="2,4,10,53,54,55,77,80,84,87,91,93,96,97" machi="2" ten="40,2000,0" yaku="1,1,53,0" doraHai="124" doraHaiUra="127" who="2" fromWho="0" sc="251,-20,249,0,121,30,369,0" /><INIT seed="2,1,0,2,5,113" ten="231,249,151,369" oya="2" hai0="57,65,104,43,20,123,49,29,53,27,14,40,108" hai1="2,56,37,130,66,77,70,127,97,11,101,63,47" hai2="95,91,90,111,87,115,24,81,62,98,83,100,9" hai3="64,74,92,93,82,60,72,7,46,76,69,23,36"/><V103/><F62/><W129/><G129/><T39/><D123/><U42/><E127/><V85/><F24/><W35/><G35/><T0/><D0/><U86/><E130/><V73/><F9/><W44/><G74/><T59/><D104/><U116/><E116/><V121/><F115/><W128/><G128/><T15/><D108/><U89/><E77/><N who="2" m="44207" /><F121/><W45/><G36/><T114/><D114/><U25/><E25/><V21/><F21/><W99/><G7/><T54/><D65/><U106/><E11/><V110/><F110/><W6/><G6/><T84/><D84/><U67/><E2/><V105/><F111/><W8/><G8/><T112/><D112/><U34/><E34/><V10/><F10/><W26/><REACH who="3" step="1"/><G99/><REACH who="3" ten="231,249,151,359" step="2"/><T28/><D39/><U107/><E37/><V32/><F32/><W135/><G135/><T22/><D27/><U96/><E96/><N who="2" m="61671" /><F87/><W48/><G48/><AGARI ba="1,1" hai="14,15,20,22,28,29,40,43,48,49,53,54,57,59" machi="48" ten="25,3200,0" yaku="22,2,8,1" doraHai="113" who="0" fromWho="3" sc="231,45,249,0,151,0,359,-35" /><INIT seed="3,0,0,4,0,131" ten="276,249,151,324" oya="3" hai0="109,96,4,68,37,103,61,104,1,74,6,13,97" hai1="100,14,77,48,123,56,64,2,35,111,40,124,72" hai2="87,30,51,57,98,63,49,110,132,84,112,25,101" hai3="102,52,113,79,65,73,127,93,34,5,86,29,107"/><W46/><G113/><T22/><D109/><U105/><E14/><V19/><F110/><W78/><G65/><T114/><D114/><U80/><E35/><V21/><F112/><W11/><G107/><T116/><D116/><U36/><E2/><V122/><F122/><W45/><G127/><T99/><D37/><U121/><E124/><V91/><F19/><W89/><G102/><T43/><D74/><U58/><E36/><V24/><F24/><W17/><G17/><T76/><D76/><U115/><E64/><V66/><F132/><W28/><G34/><T88/><D43/><U83/><E83/><V39/><F39/><W54/><G73/><T129/><D129/><U94/><E105/><V81/><REACH who="2" step="1"/><F84/><REACH who="2" ten="276,249,141,324" step="2"/><N who="3" m="52391" /><G29/><T3/><D6/><U62/><E111/><V42/><F42/><W69/><G28/><T9/><D97/><U18/><E18/><V23/><F23/><W60/><G86/><T32/><D22/><U20/><E20/><V133/><F133/><W67/><G5/><T135/><D135/><U53/><E115/><V33/><F33/><W108/><G108/><T15/><D32/><U134/><E134/><V92/><AGARI ba="0,1" hai="21,25,30,49,51,57,63,66,81,87,91,92,98,101" machi="92" ten="20,12000,2" yaku="1,1,0,1,7,1,25,2,8,1,53,0" doraHai="131" doraHaiUra="31" who="2" fromWho="2" sc="276,-30,249,-30,141,130,324,-60" /><INIT seed="4,0,0,0,5,66" ten="246,219,271,264" oya="0" hai0="37,46,57,12,134,50,14,118,86,35,97,93,71" hai1="82,90,80,129,89,81,98,26,92,74,88,128,73" hai2="100,55,126,108,2,25,103,40,34,131,124,127,94" hai3="44,43,96,105,79,33,13,69,84,114,58,3,22"/><T39/><D118/><U48/><E26/><V62/><F108/><W60/><G33/><T119/><D119/><U42/><E48/><V101/><F131/><N who="1" m="50249" /><E42/><V64/><F2/><W135/><G3/><T116/><D116/><U123/><E123/><V78/><F78/><W0/><G0/><T104/><D71/><U115/><E115/><V36/><F55/><W56/><G69/><T83/><D35/><U6/><E6/><V1/><F1/><W102/><G114/><T130/><D130/><U111/><E111/><V91/><F25/><W112/><G112/><T87/><D134/><U11/><E11/><V19/><F19/><W52/><G135/><T51/><D104/><U24/><E24/><V77/><F77/><W17/><G58/><T8/><D39/><U61/><E61/><V15/><F15/><W31/><G79/><N who="0" m="46463" /><D37/><U47/><E47/><N who="2" m="23943" /><F34/><W4/><G4/><T76/><D57/><U106/><E106/><V20/><F20/><W95/><G105/><T9/><D14/><U125/><E125/><V110/><F110/><W120/><G120/><T107/><D107/><U109/><E109/><V54/><F54/><W99/><G31/><T67/><D12/><U45/><E45/><V132/><F132/><W63/><G60/><T29/><D50/><U28/><E28/><V85/><F62/><W7/><G7/><T68/><D29/><U5/><E5/><V27/><F27/><W53/><G43/><N who="0" m="25055" /><D76/><U133/><E133/><V16/><F16/><W113/><G17/><T70/><D9/><U18/><E18/><V72/><F72/><AGARI ba="0,0" hai="72,73,74,80,81,82,88,89,90,92,98" m="50249" machi="72" ten="40,8000,1" yaku="19,1,34,2,54,1" doraHai="66" who="1" fromWho="2" sc="246,0,219,80,271,-80,264,0" /><INIT seed="5,0,0,3,1,73" ten="246,299,191,264" oya="1" hai0="74,13,26,25,56,58,29,69,113,23,20,22,53" hai1="41,122,81,109,107,64,83,36,44,99,130,46,47" hai2="111,116,85,62,33,31,91,100,103,120,8,9,126" hai3="129,55,28,42,101,79,72,39,63,35,21,131,106"/><U89/><E122/><V84/><F111/><W1/><G1/><T87/><D69/><U96/><E109/><V40/><F116/><W60/><G35/><T0/><D0/><U12/><E130/><V98/><F120/><W68/><G68/><T132/><D74/><U78/><E64/><V65/><F126/><W57/><G63/><T93/><D113/><U30/><E30/><V75/><F75/><W112/><G112/><T124/><D132/><U97/><E107/><V86/><F40/><W19/><G28/><T34/><D124/><U88/><E12/><V15/><F91/><W80/><G101/><T108/><D108/><U52/><E83/><V115/><F115/><W11/><G11/><T48/><D58/><U90/><REACH who="1" step="1"/><E52/><REACH who="1" ten="246,289,191,264" step="2"/><V49/><F15/><W14/><G106/><T119/><D119/><U50/><E50/><V7/><F49/><W38/><REACH who="3" step="1"/><G42/><REACH who="3" ten="246,289,191,254" step="2"/><T24/><D29/><U43/><E43/><V6/><F31/><W10/><G10/><T127/><D127/><U59/><E59/><V71/><F9/><W92/><G92/><T102/><D34/><U134/><E134/><V117/><F33/><W104/><G104/><T82/><D24/><U94/><E94/><V118/><F118/><W114/><G114/><T45/><D56/><U105/><E105/><V125/><F117/><W61/><G61/><T128/><D13/><U67/><E67/><V133/><F125/><W70/><G70/><T37/><D26/><U17/><E17/><V16/><F133/><W4/><G4/><T66/><D25/><U110/><E110/><V123/><F6/><RYUUKYOKU ba="0,2" sc="246,-15,289,15,191,-15,254,15" hai1="36,41,44,46,47,78,81,88,89,90,96,97,99" hai3="14,19,21,38,39,55,57,60,72,79,80,129,131" /><INIT seed="5,1,2,1,1,120" ten="231,304,176,269" oya="1" hai0="3,73,125,83,50,98,115,84,122,24,58,13,95" hai1="37,32,46,54,14,104,35,71,77,59,89,105,112" hai2="80,41,124,63,116,15,65,23,43,36,110,119,79" hai3="91,81,29,5,66,64,132,51,57,11,38,102,135"/><U130/><E71/><V0/><F124/><W16/><G38/><T68/><D3/><U55/><E77/><V22/><F0/><W39/><G39/><T69/><D125/><U49/><E112/><V21/><F15/><N who="3" m="7295" /><G5/><T126/><D126/><U113/><E113/><V44/><F43/><W78/><G102/><T100/><D115/><U4/><E130/><V45/><F45/><W133/><G91/><N who="0" m="53735" /><D24/><U92/><E35/><V108/><F119/><W33/><G29/><T90/><D90/><U48/><E32/><V85/><REACH who="2" step="1"/><F116/><REACH who="2" ten="231,304,166,269" step="2"/><W25/><G25/><T42/><D13/><U27/><E27/><V134/><F134/><W47/><G33/><T9/><D42/><U87/><E37/><V67/><F67/><W53/><G47/><T121/><D121/><U20/><E4/><V97/><F97/><W10/><G10/><T70/><D9/><U86/><E14/><V129/><F129/><W31/><G31/><T127/><D127/><U75/><E46/><V40/><F40/><W28/><G28/><T101/><D98/><U61/><E55/><V19/><F19/><W76/><G66/><T6/><D6/><U60/><E54/><V103/><F103/><W12/><G64/><T82/><D122/><U94/><E59/><AGARI ba="1,3" hai="21,22,23,36,41,44,59,63,65,79,80,85,108,110" machi="59" ten="40,5200,0" yaku="1,1,52,2,53,0" doraHai="120" doraHaiUra="99" who="2" fromWho="1" sc="231,0,304,-55,166,85,269,0" /><INIT seed="6,0,0,1,0,123" ten="231,249,251,269" oya="2" hai0="84,72,86,9,20,117,77,36,90,12,85,99,115" hai1="24,40,32,78,48,68,7,81,109,80,27,65,116" hai2="29,53,95,30,120,10,17,39,2,57,125,67,14" hai3="3,69,76,22,132,102,31,60,103,135,110,112,19"/><V5/><F120/><W64/><G3/><T16/><D115/><U106/><E106/><V46/><F125/><W104/><G31/><T42/><D117/><U88/><E116/><V121/><F121/><W33/><G33/><T91/><D99/><U71/><E7/><V70/><F70/><W18/><G112/><T61/><D61/><U114/><E114/><V101/><F67/><W92/><G76/><T35/><D35/><U93/><E109/><V44/><F39/><W62/><G62/><T26/><D36/><U130/><E130/><V74/><F74/><W79/><G79/><T82/><REACH who="0" step="1"/><D42/><REACH who="0" ten="221,249,251,269" step="2"/><U4/><E32/><V97/><F2/><W98/><G60/><T126/><D126/><U127/><E40/><V51/><F5/><AGARI ba="0,1" hai="5,9,12,16,20,26,72,77,82,84,85,86,90,91" machi="5" ten="40,2600,0" yaku="1,1,54,1,53,0" doraHai="123" doraHaiUra="37" who="0" fromWho="2" sc="221,36,249,0,251,-26,269,0" /><INIT seed="7,0,0,0,2,13" ten="257,249,225,269" oya="3" hai0="31,111,37,116,25,38,96,51,52,100,11,4,82" hai1="64,114,107,109,124,91,121,17,34,27,35,36,59" hai2="78,85,84,120,48,98,73,79,70,94,112,7,128" hai3="74,123,75,41,68,115,0,14,28,133,2,62,126"/><W18/><G123/><T50/><D111/><U40/><E107/><V88/><F70/><W113/><G28/><T42/><D82/><U83/><E109/><V10/><F112/><N who="3" m="43083" /><G41/><T63/><D63/><U86/><E124/><V131/><F120/><W15/><G15/><T129/><D50/><U117/><E121/><V95/><F48/><W92/><G92/><T1/><D129/><N who="2" m="49738" /><F73/><N who="3" m="27659" /><G133/><T134/><D134/><U46/><E117/><V97/><F10/><N who="3" m="6487" /><G126/><T104/><D42/><U67/><E114/><V24/><F24/><W81/><G81/><T87/><D116/><U80/><E80/><V6/><F7/><W125/><G125/><T49/><D25/><U56/><E35/><V3/><F3/><W58/><G68/><T89/><D31/><U130/><E130/><V9/><F9/><W5/><G5/><T29/><D29/><U118/><E118/><V69/><F69/><W55/><AGARI ba="0,0" hai="0,2,55,58,62" m="6487,27659,43083" machi="55" ten="30,3000,0" yaku="15,1,52,1" doraHai="13" who="3" fromWho="3" sc="257,-10,249,-10,225,-10,269,30" /><INIT seed="7,1,0,4,5,132" ten="247,239,215,299" oya="3" hai0="91,73,58,76,38,87,8,10,49,21,68,12,115" hai1="4,31,25,9,32,125,71,134,30,110,39,48,121" hai2="18,62,112,113,82,15,65,93,47,2,89,83,37" hai3="26,28,108,20,57,61,46,109,36,53,126,97,107"/><W74/><G74/><T124/><D68/><U67/><E134/><V72/><F2/><W98/><G126/><T17/><D38/><U122/><E110/><N who="3" m="42602" /><G107/><T24/><D115/><N who="2" m="44106" /><F47/><W22/><G22/><T1/><D124/><U44/><E125/><V34/><F37/><W101/><G101/><T11/><D73/><U56/><E31/><V66/><F72/><W60/><G60/><T131/><D131/><U79/><E79/><V119/><F119/><W50/><G36/><T117/><D117/><U54/><E71/><N who="2" m="42423" /><F66/><AGARI ba="1,0" hai="20,26,28,46,50,53,57,61,66,97,98" m="42602" machi="66" ten="30,1500,0" yaku="10,1" doraHai="132" who="3" fromWho="2" sc="247,0,239,0,215,-18,299,18" owari="247,5.0,239,-16.0,197,-30.0,317,41.0" /></mjloggm>