<mjloggm ver="2.3"><GO type="41" lobby="0"/><UN n0="%E3%81%8A%E3%81%A3%E5%8B%83%E3%81%A1%E9%9A%8A" n1="%E5%B0%B1%E6%B4%BB%E7%94%9F%40%E5%B7%9D%E6%9D%91%E8%BB%8D%E5%9B%A3" n2="%E3%81%82%E3%82%8A%E3%81%8A%E3%81%A8" n3="%7A%65%68%6E" dan="13,14,17,13" rate="1842.49,1961.98,2125.83,1921.53" sx="M,M,M,M"/><TAIKYOKU oya="0"/><INIT seed="0,0,0,0,2,21" ten="250,250,250,250" oya="0" hai0="128,17,31,114,58,68,30,101,109,32,38,29,51" hai1="52,87,86,0,110,7,11,116,18,42,115,61,123" hai2="98,67,8,28,70,118,131,91,20,65,111,27,127" hai3="33,59,36,81,62,93,49,76,34,6,132,120,53"/><T57/><D38/><U39/><E123/><V23/><F111/><W45/><G120/><T84/><D68/><U60/><E116/><V75/><F75/><W40/><G132/><T82/><D114/><U104/><E104/><V71/><F118/><W46/><G93/><T72/><D109/><U69/><E110/><V15/><F131/><W78/><G6/><T25/><D72/><U77/><E115/><V102/><F127/><W94/><G94/><T4/><D128/><U121/><E61/><V117/><F117/><W83/><G83/><T113/><D113/><U80/><E121/><V26/><F70/><W74/><REACH who="3" step="1"/><G78/><REACH who="3" ten="250,250,250,240" step="2"/><T103/><D4/><U37/><E80/><V88/><F71/><W41/><AGARI ba="0,1" hai="33,34,36,40,41,45,46,49,53,59,62,74,76,81" machi="41" ten="20,5200,0" yaku="1,1,2,1,0,1,7,1,53,0" doraHai="21" doraHaiUra="1" who="3" fromWho="3" sc="250,-26,250,-13,250,-13,240,62" /><INIT seed="1,0,0,0,3,23" ten="224,237,237,302" oya="1" hai0="60,4,53,88,9,111,2,93,115,86,31,58,124" hai1="116,21,98,100,55,8,18,75,5,44,73,1,51" hai2="24,40,68,10,32,42,96,50,81,104,79,126,43" hai3="134,26,80,103,35,119,114,37,38,22,33,120,132"/><U63/><E116/><V71/><F126/><W121/><G80/><T29/><D124/><U28/><E28/><V59/><F10/><W15/><G103/><T52/><D115/><U117/><E63/><V13/><F13/><W92/><G38/><T7/><D111/><U61/><E61/><V34/><F59/><W118/><G37/><T62/><D4/><U85/><E85/><V27/><F50/><W67/><G67/><T122/><D122/><N who="3" m="47209" /><G92/><T133/><D133/><N who="3" m="51305" /><G114/><T30/><D30/><U99/><E117/><N who="3" m="44554" /><G15/><T45/><D45/><U77/><E77/><V131/><F96/><W20/><G26/><T84/><D84/><U25/><REACH who="1" step="1"/><E99/><REACH who="1" ten="224,227,237,302" step="2"/><V47/><F79/><W127/><G127/><T123/><D123/><U46/><E46/><V108/><F47/><W16/><G16/><T69/><D69/><U101/><E101/><V64/><F81/><W41/><G41/><T36/><D36/><U49/><E49/><V87/><F71/><W54/><G54/><T130/><D53/><U66/><E66/><V19/><F64/><W74/><G74/><T105/><D60/><U3/><E3/><V89/><F68/><W56/><G56/><T70/><D70/><U78/><E78/><V57/><F57/><W72/><G72/><T102/><D58/><U91/><E91/><V82/><F89/><W94/><G94/><AGARI ba="0,1" hai="1,5,8,18,21,25,44,51,55,73,75,94,98,100" machi="94" ten="30,5800,0" yaku="1,1,7,1,52,1,53,0" doraHai="23" doraHaiUra="135" who="1" fromWho="3" sc="224,0,227,68,237,0,302,-58" /><INIT seed="1,1,0,5,2,67" ten="224,295,237,244" oya="1" hai0="17,108,114,103,93,105,86,19,63,72,80,110,127" hai1="55,35,62,24,92,121,95,53,15,132,37,73,113" hai2="10,82,134,104,68,102,33,14,101,46,34,56,11" hai3="50,100,29,131,43,111,128,7,1,27,20,57,16"/><U65/><E121/><V118/><F118/><W42/><G100/><T130/><D114/><U126/><E73/><V133/><F82/><W45/><G111/><N who="0" m="42539" /><D72/><U59/><E37/><V5/><F68/><W28/><G57/><T70/><D105/><U119/><E119/><V9/><F56/><W4/><G43/><T106/><D106/><U79/><E79/><V71/><F71/><W125/><G125/><T83/><D127/><U77/><E77/><V78/><F46/><W122/><G122/><T61/><D130/><N who="3" m="49705" /><G1/><T54/><D70/><U120/><E120/><V41/><F41/><W75/><G75/><T87/><D103/><U129/><E24/><V49/><F49/><W12/><G28/><T69/><D69/><U66/><E66/><V85/><F78/><W2/><G2/><T107/><D107/><U51/><E51/><V135/><F85/><N who="0" m="32266" /><D93/><U23/><E95/><V40/><F40/><W32/><AGARI ba="1,0" hai="4,7,12,16,20,27,29,32,42,45,50" m="49705" machi="32" ten="30,2000,0" yaku="19,1,54,1" doraHai="67" who="3" fromWho="3" sc="224,-6,295,-11,237,-6,244,23" /><INIT seed="2,0,0,4,1,98" ten="218,284,231,267" oya="2" hai0="114,131,14,5,59,107,125,3,72,77,29,121,16" hai1="17,128,38,95,108,76,57,134,100,45,18,109,112" hai2="130,81,126,135,53,123,106,0,8,122,110,27,85" hai3="115,101,37,97,124,58,1,9,43,120,60,11,48"/><V133/><F106/><W99/><G120/><T23/><D121/><U66/><E112/><V49/><F126/><W33/><G115/><T82/><D107/><U62/><E76/><V44/><F130/><W19/><G33/><T86/><D125/><U55/><E134/><N who="2" m="51211" /><F27/><W51/><G124/><T84/><D131/><U7/><E7/><N who="2" m="1127" /><F110/><N who="1" m="42601" /><E128/><V20/><F20/><W21/><G1/><T22/><D114/><U75/><E75/><V93/><F93/><N who="3" m="58543" /><G37/><T116/><D116/><U25/><E25/><V56/><F44/><N who="3" m="25631" /><G51/><T113/><D113/><U63/><E38/><V73/><F73/><W34/><G34/><T83/><D3/><U36/><E36/><V87/><F87/><W102/><G19/><T4/><D72/><U32/><E32/><V90/><AGARI ba="0,0" hai="49,53,56,81,85,90,122,123" m="1127,51211" machi="90" ten="30,1500,0" yaku="20,1" doraHai="98" who="2" fromWho="2" sc="218,-5,284,-5,231,15,267,-5" /><INIT seed="2,1,0,2,4,97" ten="213,279,246,262" oya="2" hai0="109,52,87,47,50,118,3,89,61,132,65,20,104" hai1="129,121,114,58,39,12,116,30,72,43,53,49,98" hai2="16,78,5,130,51,17,15,36,86,31,6,91,103" hai3="14,100,8,13,40,90,128,122,133,67,0,134,57"/><V119/><F36/><W35/><G122/><T80/><D118/><U120/><E72/><V77/><F119/><W73/><G35/><T94/><D3/><U54/><E116/><V48/><F31/><W127/><G73/><T22/><D132/><N who="3" m="50793" /><G40/><T131/><D131/><U95/><E114/><V79/><F130/><W21/><G90/><T108/><D104/><U107/><E107/><V19/><F103/><W45/><G128/><T56/><REACH who="0" step="1"/><D94/><REACH who="0" ten="203,279,246,262" step="2"/><U62/><E95/><N who="2" m="54775" /><F15/><W63/><G14/><T25/><D25/><U11/><E12/><V44/><F51/><W26/><G0/><T29/><D29/><U42/><E49/><V124/><F124/><W110/><G127/><T1/><D1/><U101/><E30/><V85/><F85/><W41/><G110/><AGARI ba="1,1" hai="20,22,47,50,52,56,61,65,80,87,89,108,109,110" machi="110" ten="40,5200,0" yaku="1,1,14,1,54,1,53,0" doraHai="97" doraHaiUra="37" who="0" fromWho="3" sc="203,65,279,0,246,0,262,-55" /><INIT seed="3,0,0,2,2,9" ten="268,279,246,207" oya="3" hai0="88,125,33,66,74,45,63,12,0,120,68,78,11" hai1="51,31,116,34,62,47,85,7,102,129,86,35,37" hai2="64,36,81,132,131,90,17,87,55,5,89,75,18" hai3="96,42,99,114,29,122,91,133,104,109,58,21,40"/><W69/><G122/><T112/><D120/><U127/><E37/><V52/><F75/><W77/><G114/><T115/><D33/><U73/><E73/><V93/><F36/><W56/><G69/><T123/><D123/><U1/><E102/><V25/><F131/><W103/><G77/><T54/><D125/><U92/><E92/><V20/><F132/><W71/><G71/><T16/><D0/><U72/><E72/><V126/><F126/><W121/><G121/><T15/><D15/><U84/><E129/><V82/><F64/><W22/><G133/><T19/><D19/><U107/><E107/><V79/><F5/><W38/><G38/><T39/><D74/><U61/><E116/><V113/><F113/><N who="0" m="43594" /><D78/><U97/><E97/><V108/><F108/><W2/><G2/><T27/><D27/><U105/><E7/><V76/><F17/><W24/><G109/><T130/><D130/><U100/><E31/><V70/><F70/><W43/><REACH who="3" step="1"/><G22/><REACH who="3" ten="268,279,246,197" step="2"/><T30/><D30/><U98/><E1/><V6/><F79/><W110/><G110/><T32/><D32/><U67/><E127/><V95/><F76/><W111/><G111/><T135/><D135/><U14/><E35/><V134/><F134/><W13/><G13/><T49/><D39/><U3/><E14/><V118/><F118/><W53/><G53/><T65/><D66/><U48/><E34/><V60/><F55/><W101/><G101/><T23/><D23/><U94/><E3/><V26/><F20/><W50/><G50/><T57/><D68/><U119/><E67/><V83/><F52/><RYUUKYOKU ba="0,1" sc="268,15,279,-15,246,-15,197,15" hai0="11,12,16,45,49,54,57,63,65,88" hai3="21,24,29,40,42,43,56,58,91,96,99,103,104" /><INIT seed="3,1,1,0,2,19" ten="283,264,231,212" oya="3" hai0="113,15,67,58,24,122,125,75,17,93,5,98,37" hai1="57,103,30,87,112,109,133,23,90,35,88,2,135" hai2="84,100,51,77,6,60,104,13,11,97,41,10,105" hai3="101,82,128,34,3,66,48,132,65,20,31,134,18"/><W63/><G3/><T25/><D122/><U70/><E70/><V73/><F73/><W33/><G82/><T53/><D75/><U61/><E2/><V28/><F28/><W74/><G74/><T107/><D107/><U83/><E112/><V62/><F104/><W55/><G101/><T86/><D113/><U99/><E109/><V79/><F11/><W42/><G42/><T72/><D37/><U119/><E35/><V12/><F12/><W76/><G76/><T59/><D72/><U118/><E90/><V123/><F79/><W43/><G43/><T40/><D40/><U4/><E4/><V44/><REACH who="2" step="1"/><F123/><REACH who="2" ten="283,264,221,212" step="2"/><W121/><G121/><T81/><D5/><U36/><E118/><V26/><F26/><N who="3" m="18679" /><G128/><T32/><D32/><U131/><E131/><V124/><F124/><W16/><G34/><T0/><D125/><U106/><E119/><V1/><F1/><W126/><G126/><T130/><D0/><U46/><E106/><V50/><F50/><W39/><G39/><T69/><D130/><U14/><E36/><V22/><F22/><W110/><G110/><T80/><D25/><U68/><E23/><V71/><F71/><W29/><G63/><T117/><D24/><U78/><E61/><V91/><F91/><W49/><G48/><T7/><D117/><U38/><E88/><V21/><F21/><W108/><G108/><T120/><D120/><U102/><E68/><V8/><F8/><W127/><G127/><T27/><D69/><U56/><E30/><V95/><F95/><W129/><G29/><T54/><D27/><U116/><E116/><RYUUKYOKU ba="1,2" sc="283,-10,264,-10,221,30,212,-10" hai2="6,10,13,41,44,51,60,62,77,84,97,100,105" /><INIT seed="4,2,2,2,0,124" ten="273,254,251,202" oya="0" hai0="43,8,82,135,122,129,41,78,112,25,88,111,94" hai1="89,83,2,67,115,119,127,31,58,103,107,75,123" hai2="47,13,48,125,62,116,108,76,61,106,26,57,81" hai3="100,3,28,132,87,29,18,114,11,79,133,17,51"/><T24/><D122/><U77/><E119/><V53/><F108/><W98/><G114/><T70/><D111/><U134/><E123/><V7/><F125/><W85/><G3/><T109/><D109/><U101/><E2/><V96/><F116/><W120/><G120/><T9/><D70/><U105/><E127/><V121/><F121/><W63/><G63/><T52/><D112/><U33/><E33/><V118/><F118/><W60/><G60/><T72/><D135/><N who="3" m="51785" /><G51/><T35/><D129/><U66/><E31/><N who="3" m="11850" /><G11/><T91/><D35/><U117/><E117/><V42/><F26/><W86/><G79/><T16/><D91/><U110/><E110/><V56/><F106/><AGARI ba="2,2" hai="17,18,85,86,87,98,100,106" m="11850,51785" machi="106" ten="30,1000,0" yaku="20,1" doraHai="124" who="3" fromWho="2" sc="273,0,254,0,251,-16,202,36" /><INIT seed="5,0,0,2,2,11" ten="273,254,235,238" oya="1" hai0="56,122,72,101,87,60,67,112,108,24,16,8,30" hai1="6,86,27,17,23,2,82,80,10,39,14,85,78" hai2="65,130,110,81,84,76,55,22,89,77,102,71,111" hai3="34,61,63,90,66,119,9,35,70,46,28,135,43"/><U94/><E39/><V4/><F71/><W41/><G135/><T132/><D132/><U64/><E64/><V126/><F65/><W134/><G134/><T103/><D103/><U3/><REACH who="1" step="1"/><E94/><REACH who="1" ten="273,244,235,238" step="2"/><V75/><F111/><W95/><G119/><T115/><D115/><U31/><E31/><V73/><F110/><W18/><G28/><T62/><D122/><U29/><E29/><V99/><F126/><W123/><G123/><T0/><D112/><U1/><E1/><V19/><F130/><W96/><G63/><T116/><D116/><U26/><E26/><V7/><F75/><W97/><G18/><T79/><D108/><U120/><E120/><V38/><F38/><W48/><G9/><T36/><D36/><U128/><E128/><V107/><F73/><W5/><G5/><T83/><D67/><U113/><E113/><V121/><F121/><W49/><G48/><T93/><D30/><U32/><E32/><V91/><F7/><W92/><REACH who="3" step="1"/><G43/><REACH who="3" ten="273,244,235,228" step="2"/><T127/><D0/><U13/><E13/><V33/><F4/><W118/><G118/><T42/><D8/><U98/><E98/><V69/><F99/><W129/><G129/><T133/><D133/><U51/><E51/><V53/><F19/><W44/><G44/><T57/><D62/><U12/><E12/><V59/><F33/><W15/><G15/><T125/><D60/><U52/><E52/><V124/><F55/><W50/><G50/><T68/><D42/><U21/><E21/><V88/><F53/><W100/><AGARI ba="0,2" hai="34,35,41,46,49,61,66,70,90,92,95,96,97,100" machi="100" ten="20,2700,0" yaku="1,1,0,1,7,1,53,0" doraHai="11" doraHaiUra="106" who="3" fromWho="3" sc="273,-7,244,-13,235,-7,228,47" /><INIT seed="6,0,0,1,3,100" ten="266,231,228,275" oya="2" hai0="13,11,80,30,5,37,125,1,128,134,54,7,61" hai1="19,89,18,28,117,90,84,16,81,94,76,0,50" hai2="38,70,75,27,82,12,107,17,120,77,108,129,4" hai3="57,78,44,20,68,122,3,45,46,58,56,63,123"/><V21/><F120/><N who="3" m="46123" /><G3/><T133/><D37/><U111/><E111/><V99/><F129/><W39/><G20/><T29/><D128/><U104/><E117/><V112/><F108/><W106/><G78/><T14/><D80/><U119/><E119/><V42/><F112/><W93/><G93/><T95/><D95/><U10/><E28/><V49/><F70/><W71/><G106/><T69/><D69/><N who="3" m="26697" /><G39/><T85/><D85/><U83/><E104/><V74/><F38/><W96/><G96/><T33/><D61/><AGARI ba="0,0" hai="44,45,46,56,57,58,61,63" m="26697,46123" machi="61" ten="40,8000,1" yaku="28,2,34,2" doraHai="100" who="3" fromWho="0" sc="266,-80,231,0,228,0,275,80" /><INIT seed="7,0,0,3,3,0" ten="186,231,228,355" oya="3" hai0="65,131,94,19,112,30,53,35,100,5,134,26,96" hai1="22,55,85,64,2,95,101,41,105,68,80,21,34" hai2="129,92,60,66,126,109,90,88,9,38,69,98,75" hai3="45,36,28,57,117,125,99,17,113,62,39,18,78"/><W24/><G117/><T3/><D3/><U7/><E34/><V124/><F109/><W32/><G78/><T54/><D112/><U74/><E41/><V73/><F38/><W84/><G113/><T43/><D131/><U103/><E74/><V6/><F90/><W20/><G99/><T130/><D134/><U1/><E105/><V37/><F37/><W27/><G17/><T97/><D130/><U10/><E1/><N who="2" m="207" /><F129/><W25/><G125/><AGARI ba="0,0" hai="60,66,69,73,75,88,92,98,124,125,126" m="207" machi="125" ten="30,3900,0" yaku="18,1,52,1,54,1" doraHai="0" who="2" fromWho="3" sc="186,0,231,0,228,39,355,-39" owari="186,-31.0,231,-17.0,267,7.0,316,41.0" /></mjloggm>