<mjloggm ver="2.3"><GO type="169" lobby="0"/><UN n0="%E5%B0%B1%E6%B4%BB%E7%94%9F%40%E5%B7%9D%E6%9D%91%E8%BB%8D%E5%9B%A3" n1="%E6%AE%8B%E5%B0%BF%E6%84%9F%E3%81%AA%E3%81%84%EF%BC%9F" n2="%E6%A4%8B%E5%A4%A7%E6%A8%B9" n3="%62%6F%6E%6F%73%2E%2E" dan="17,16,18,16" rate="2245.45,2121.63,2187.25,2084.83" sx="M,F,M,M"/><TAIKYOKU oya="0"/><INIT seed="0,0,0,1,3,124" ten="250,250,250,250" oya="0" hai0="98,127,57,81,30,106,121,109,73,56,126,63,54" hai1="15,119,105,47,25,114,16,20,22,115,10,125,0" hai2="48,76,99,80,133,118,31,90,92,4,39,64,34" hai3="108,72,89,67,84,1,37,95,17,62,53,11,82"/><T9/><D121/><U88/><E105/><V58/><F39/><W78/><G108/><T100/><D30/><U28/><E47/><V68/><F68/><W42/><G53/><T44/><D44/><U69/><E69/><V43/><F34/><W123/><G123/><T36/><D36/><U19/><E88/><V91/><F31/><W26/><G26/><T51/><D109/><U5/><E119/><V94/><F4/><W85/><G42/><T129/><D9/><U132/><E132/><V134/><F64/><W18/><G37/><T93/><D106/><U8/><E125/><N who="0" m="47625" /><D81/><U29/><E29/><V46/><F58/><W27/><G27/><AGARI ba="0,0" hai="0,5,8,10,15,16,19,20,22,25,27,28,114,115" machi="27" ten="40,8000,1" yaku="34,3,54,1" doraHai="124" who="1" fromWho="3" sc="250,0,250,80,250,0,250,-80" /><INIT seed="1,0,0,4,3,59" ten="250,330,250,170" oya="1" hai0="28,52,78,114,116,5,92,34,0,64,65,42,47" hai1="88,134,97,51,17,35,130,87,41,118,94,80,117" hai2="93,29,72,38,56,53,104,74,113,109,69,132,27" hai3="50,124,3,21,135,60,85,8,33,7,20,61,131"/><U44/><E35/><V46/><F104/><W63/><G124/><T9/><D116/><U112/><E112/><V11/><F69/><W123/><G123/><T73/><D114/><U66/><E130/><V106/><F106/><W31/><G131/><T22/><D34/><U76/><E76/><V70/><BYE who="1" /><F70/><W102/><G102/><T62/><D92/><U6/><E6/><V58/><F109/><W77/><G135/><T45/><D22/><UN n1="%E6%AE%8B%E5%B0%BF%E6%84%9F%E3%81%AA%E3%81%84%EF%BC%9F" /><U14/><E134/><V89/><F58/><W12/><G3/><T81/><D28/><U37/><E66/><V2/><F113/><W121/><G121/><T67/><D47/><U49/><E49/><V133/><F72/><W71/><G71/><T98/><D98/><U125/><E37/><V120/><F74/><W119/><G119/><T15/><D15/><U126/><E125/><V100/><F100/><W99/><G99/><T30/><D30/><U110/><E110/><V13/><F2/><W26/><REACH who="3" step="1"/><G50/><REACH who="3" ten="250,330,250,160" step="2"/><T90/><D90/><N who="1" m="51559" /><E126/><V108/><F120/><W25/><G25/><T127/><D127/><U95/><E118/><V24/><F108/><W82/><AGARI ba="0,1" hai="7,8,12,20,21,26,31,33,60,61,63,77,82,85" machi="82" ten="30,8000,1" yaku="1,1,0,1,52,3,53,0" doraHai="59" doraHaiUra="107" who="3" fromWho="3" sc="250,-20,330,-40,250,-20,160,90" /><INIT seed="2,0,0,1,3,0" ten="230,290,230,250" oya="2" hai0="132,48,1,61,78,67,4,32,120,11,131,34,40" hai1="30,81,20,125,79,72,117,41,122,126,37,93,106" hai2="47,118,58,128,49,85,71,107,51,87,28,17,97" hai3="121,9,109,63,77,26,83,124,36,133,24,86,27"/><V112/><F71/><W14/><G121/><T98/><D120/><U18/><E117/><V12/><F112/><W115/><G109/><T119/><D131/><U134/><E106/><V88/><F118/><W10/><G36/><T116/><D132/><U69/><E69/><V75/><F75/><W55/><G124/><N who="1" m="47722" /><E134/><V33/><F33/><W91/><G133/><T95/><D78/><U3/><E3/><V25/><F58/><N who="3" m="35295" /><G115/><T101/><D116/><U2/><E2/><V53/><F51/><W92/><G14/><T13/><D119/><U104/><E104/><V129/><F25/><W46/><G46/><T44/><REACH who="0" step="1"/><D1/><REACH who="0" ten="220,290,230,250" step="2"/><U113/><E122/><V60/><F129/><W50/><G50/><T54/><D54/><U99/><E113/><V103/><F128/><W111/><G111/><T45/><D45/><U84/><E37/><V23/><F60/><W16/><G77/><T22/><D22/><U105/><E41/><V114/><F114/><W96/><G10/><T56/><AGARI ba="0,1" hai="4,11,13,32,34,40,44,48,56,61,67,95,98,101" machi="56" ten="20,5200,0" yaku="1,1,0,1,7,1,52,1,53,0" doraHai="0" doraHaiUra="74" who="0" fromWho="0" sc="220,62,290,-13,230,-26,250,-13" /><INIT seed="3,0,0,2,1,22" ten="282,277,204,237" oya="3" hai0="129,34,18,89,24,14,56,61,71,117,86,58,46" hai1="21,72,105,51,122,73,67,4,68,36,121,62,59" hai2="82,128,104,65,48,66,70,106,10,108,91,78,43" hai3="81,94,2,38,134,109,28,83,39,41,123,112,80"/><W130/><G123/><T93/><D117/><U17/><E105/><V107/><F108/><W111/><G112/><T60/><D129/><U0/><E36/><V54/><F43/><W131/><G2/><T97/><D71/><U5/><E73/><V40/><F40/><W75/><G75/><T114/><D114/><U55/><E72/><V12/><F91/><W37/><G41/><T124/><D124/><U50/><E50/><V8/><F8/><W52/><G134/><T110/><D110/><N who="3" m="41993" /><G28/><T102/><D46/><U23/><E23/><V27/><F70/><W15/><G15/><T116/><D34/><U32/><E32/><V87/><F128/><N who="3" m="49195" /><G94/><T19/><D116/><U49/><E0/><V30/><F30/><W99/><G99/><T7/><D14/><U84/><E122/><V45/><F27/><W76/><G76/><T127/><D24/><U63/><E63/><BYE who="1" /><V85/><F85/><W74/><G74/><T35/><D35/><U26/><E26/><V69/><F107/><W132/><G132/><T16/><D127/><U3/><E3/><V6/><F106/><W118/><G118/><T20/><D61/><U120/><E120/><V44/><F104/><W53/><AGARI ba="0,0" hai="37,38,39,52,53,80,81,83" m="49195,41993" machi="53" ten="50,18000,2" yaku="28,2,14,1,10,1,19,1,54,1" doraHai="22" who="3" fromWho="3" sc="282,-60,277,-60,204,-60,237,180" /><INIT seed="3,1,0,1,1,107" ten="222,217,144,417" oya="3" hai0="70,81,95,43,106,117,94,8,84,133,83,58,64" hai1="121,23,125,42,124,6,0,20,126,80,112,26,75" hai2="24,134,110,66,13,15,10,72,46,108,131,28,104" hai3="48,32,35,122,77,14,67,87,55,19,113,100,36"/><W119/><G122/><T78/><D70/><U114/><E114/><V34/><F104/><W37/><G119/><T96/><D117/><UN n1="%E6%AE%8B%E5%B0%BF%E6%84%9F%E3%81%AA%E3%81%84%EF%BC%9F" /><U61/><E121/><V65/><F46/><W2/><G2/><T76/><D43/><U85/><E112/><V60/><F65/><W16/><G67/><T129/><D8/><N who="1" m="2119" /><E42/><V118/><F118/><W11/><G100/><T99/><D58/><U128/><E128/><V111/><F134/><W56/><G113/><T93/><D64/><U86/><E61/><V45/><F45/><W115/><G115/><T92/><D129/><U90/><E85/><V47/><F47/><W51/><G51/><T12/><D12/><U7/><E7/><V22/><F34/><W54/><G54/><T49/><D49/><U62/><E62/><V127/><F131/><W69/><G69/><T33/><D33/><U27/><E75/><V103/><F103/><W52/><G55/><T53/><D53/><U91/><E90/><V135/><F135/><W5/><G36/><T82/><D133/><U25/><AGARI ba="1,0" hai="20,23,25,26,27,80,86,91,124,125,126" m="2119" machi="25" ten="40,1500,0" yaku="18,1" doraHai="107" who="1" fromWho="1" sc="222,-5,217,18,144,-5,417,-8" /><INIT seed="4,0,0,5,3,27" ten="217,235,139,409" oya="0" hai0="0,116,91,50,25,4,111,69,79,68,43,54,71" hai1="110,108,20,35,29,46,100,90,77,103,3,7,26" hai2="42,40,49,28,112,2,6,36,62,58,32,126,95" hai3="117,120,80,107,87,84,128,10,13,83,70,114,131"/><T134/><D116/><U41/><E90/><V86/><F36/><W124/><G70/><T19/><D79/><U11/><E77/><V30/><F32/><W99/><G114/><T51/><D134/><U109/><REACH who="1" step="1"/><E35/><REACH who="1" ten="217,225,139,409" step="2"/><V45/><F112/><W53/><G117/><T56/><D91/><U23/><E23/><V14/><F126/><W44/><G124/><T135/><D135/><U102/><E102/><V97/><F2/><W67/><G128/><T89/><D89/><U48/><AGARI ba="0,1" hai="3,7,11,20,26,29,41,46,48,100,103,108,109,110" machi="48" ten="30,4000,0" yaku="1,1,0,1,52,1,53,0" doraHai="27" doraHaiUra="9" who="1" fromWho="1" sc="217,-20,225,50,139,-10,409,-10" /><INIT seed="5,0,0,5,5,135" ten="197,275,129,399" oya="1" hai0="116,62,28,30,117,69,5,121,106,45,115,17,132" hai1="23,51,112,3,102,123,94,85,21,67,59,10,78" hai2="108,46,105,66,20,65,109,40,93,96,126,110,101" hai3="107,33,19,111,27,82,53,98,38,11,39,87,47"/><U63/><E112/><V91/><F20/><W86/><G107/><T71/><D106/><U84/><E123/><V58/><F58/><W52/><G98/><T36/><D132/><U99/><E78/><V31/><F31/><W7/><G87/><T89/><BYE who="1" /><D89/><U119/><E119/><V9/><F9/><W61/><G61/><T97/><D97/><U131/><E131/><V88/><F126/><W129/><G111/><UN n1="%E6%AE%8B%E5%B0%BF%E6%84%9F%E3%81%AA%E3%81%84%EF%BC%9F" /><T76/><D76/><U122/><E122/><V113/><F113/><W12/><G129/><T68/><D5/><U15/><E3/><V50/><REACH who="2" step="1"/><F105/><REACH who="2" ten="197,275,119,399" step="2"/><W125/><G125/><T127/><D127/><U57/><E23/><V25/><F25/><W16/><G27/><T1/><D121/><U81/><E21/><V2/><F2/><W42/><G11/><T74/><D115/><U83/><E10/><V29/><F29/><W55/><G19/><T95/><D30/><U32/><E15/><V26/><F26/><W80/><G16/><T90/><D28/><U128/><E59/><V103/><F103/><W37/><G12/><T92/><D17/><U48/><E57/><V49/><F49/><W8/><G37/><T124/><D1/><U114/><E102/><V54/><F54/><W41/><G38/><T77/><D124/><U70/><E114/><V75/><F75/><W24/><G53/><T56/><D74/><U4/><E128/><V22/><F22/><W133/><G52/><T120/><D36/><U72/><E72/><V0/><F0/><W79/><G55/><T14/><D120/><U134/><E4/><V100/><F100/><RYUUKYOKU ba="0,1" sc="197,-10,275,-10,119,30,399,-10" hai2="40,46,50,65,66,88,91,93,96,101,108,109,110" /><INIT seed="6,1,1,4,2,10" ten="187,265,149,389" oya="2" hai0="6,103,40,31,53,85,8,82,65,102,74,30,119" hai1="54,7,11,18,99,111,93,77,94,61,75,14,46" hai2="132,112,110,44,37,29,90,39,117,108,113,78,89" hai3="116,126,22,104,47,118,68,88,133,76,125,19,72"/><V3/><F117/><W92/><G104/><T124/><D74/><U115/><E111/><N who="2" m="42539" /><F132/><W16/><G68/><T12/><D119/><U73/><E115/><N who="2" m="44107" /><F3/><W45/><G133/><T66/><D40/><U43/><E77/><V33/><F78/><W58/><G19/><T86/><D53/><U122/><E18/><V21/><F21/><W20/><G22/><T48/><D48/><U55/><E75/><V1/><F1/><W135/><G72/><T130/><D124/><N who="3" m="47721" /><G76/><N who="0" m="46279" /><D86/><U24/><E73/><V42/><F39/><W64/><G135/><T80/><D130/><U69/><E122/><V52/><F52/><W63/><G118/><T26/><D80/><U91/><E55/><V67/><F67/><N who="0" m="25610" /><D26/><AGARI ba="1,1" hai="26,29,33,37,42,44,89,90" m="44107,42539" machi="26" ten="30,2900,0" yaku="10,1,15,1" doraHai="10" who="2" fromWho="0" sc="187,-32,265,0,149,42,389,0" /><INIT seed="6,2,0,4,0,114" ten="155,265,191,389" oya="2" hai0="126,3,112,88,105,115,99,73,30,66,83,24,48" hai1="78,127,131,104,76,52,67,60,87,26,37,134,32" hai2="69,42,123,117,90,75,85,33,43,56,129,96,22" hai3="77,82,4,101,8,103,92,28,58,108,45,116,39"/><V68/><F33/><W9/><G116/><T121/><D3/><U27/><E37/><V128/><F117/><W106/><G106/><T19/><D121/><U65/><E65/><V35/><BYE who="1" /><F35/><W57/><G28/><T63/><D73/><U125/><E125/><V17/><F75/><W62/><G45/><T31/><D126/><U13/><E13/><V72/><F72/><W11/><G39/><T1/><D1/><UN n1="%E6%AE%8B%E5%B0%BF%E6%84%9F%E3%81%AA%E3%81%84%EF%BC%9F" /><U41/><E87/><V14/><F96/><W94/><G4/><T20/><D48/><U133/><E67/><V50/><F123/><W2/><G2/><T0/><D0/><U111/><E60/><V23/><F56/><W53/><G108/><T49/><D49/><U47/><E111/><V54/><F54/><W86/><G58/><N who="0" m="37239" /><D105/><U7/><E52/><V119/><F119/><W40/><G40/><N who="2" m="15401" /><F23/><W120/><G120/><T79/><D79/><U81/><E41/><V70/><F50/><W135/><G135/><T18/><D31/><U44/><E32/><V107/><F107/><W113/><G113/><N who="0" m="43595" /><D99/><U61/><E104/><V10/><F10/><W21/><G21/><T100/><D100/><AGARI ba="2,0" hai="8,9,11,53,57,62,77,82,86,92,94,100,101,103" machi="100" ten="40,1300,0" yaku="8,1" doraHai="114" who="3" fromWho="0" sc="155,-19,265,0,191,0,389,19" /><INIT seed="7,0,0,3,0,102" ten="136,265,191,408" oya="3" hai0="68,116,36,22,29,34,91,94,18,24,118,88,59" hai1="134,53,123,48,5,113,13,99,104,101,17,2,75" hai2="42,90,109,27,76,93,55,12,87,0,60,6,78" hai3="37,89,11,124,63,20,16,127,14,62,95,31,111"/><W30/><G37/><T133/><D68/><U69/><E113/><V35/><F0/><W52/><G111/><T10/><D36/><U100/><E17/><V105/><F105/><W106/><G106/><T41/><D133/><U44/><E104/><V112/><F112/><W9/><G9/><T26/><D41/><U15/><E48/><V108/><F35/><W47/><G47/><T19/><D91/><U97/><E53/><V84/><F108/><W103/><G103/><T132/><D132/><U50/><E50/><V61/><F109/><W40/><G40/><T73/><D73/><U25/><E2/><V66/><F42/><W119/><G119/><T72/><D72/><U8/><E25/><V74/><F74/><W121/><G121/><T80/><D80/><U126/><E8/><N who="2" m="4119" /><F27/><W46/><G31/><T71/><D71/><U21/><E69/><V110/><F110/><W131/><G131/><T1/><D59/><U51/><E101/><V49/><F66/><W85/><G124/><T67/><D67/><U83/><E126/><V3/><F3/><W92/><G127/><T79/><D79/><N who="2" m="30250" /><F84/><W120/><G63/><T125/><D125/><U64/><E64/><V86/><BYE who="1" /><F86/><W23/><G62/><T117/><D1/><U39/><E39/><V82/><F82/><W28/><G120/><T4/><D4/><U128/><E128/><V56/><AGARI ba="0,0" hai="49,55,56,60,61,87,90,93" m="30250,4119" machi="56" ten="30,1100,0" yaku="8,1" doraHai="102" who="2" fromWho="2" sc="136,-3,265,-3,191,11,408,-5" owari="133,-37.0,262,6.0,202,-20.0,403,51.0" /></mjloggm>