<mjloggm ver="2.3"><GO type="169" lobby="0"/><UN n0="%E6%9A%97%E3%81%84%E7%AC%A6" n1="%6D%6F%74%69%37%32%2E%2E" n2="%E5%87%9B%E5%AE%99" n3="%E3%82%A6%E3%83%AB%E3%83%88%E3%83%A9%E7%AB%8B%E7%9B%B4" dan="16,16,16,17" rate="2034.77,2050.31,2189.66,2223.15" sx="M,M,M,M"/><TAIKYOKU oya="0"/><INIT seed="0,0,0,0,0,74" ten="250,250,250,250" oya="0" hai0="59,25,53,31,56,124,123,129,104,115,116,114,118" hai1="7,12,85,86,107,51,87,35,128,117,97,57,126" hai2="48,52,29,70,130,65,108,77,81,133,41,135,94" hai3="46,100,79,80,66,1,58,61,98,30,9,20,49"/><T8/><D104/><U54/><E117/><V62/><F108/><W68/><G1/><T24/><D123/><U125/><E35/><V64/><F64/><W4/><G68/><T91/><D8/><U110/><E110/><V103/><F29/><W122/><G122/><T15/><D15/><U11/><REACH who="1" step="1"/><E128/><REACH who="1" ten="250,240,250,250" step="2"/><V101/><F130/><W22/><G30/><T17/><D31/><U102/><AGARI ba="0,1" hai="7,11,12,51,54,57,85,86,87,97,102,107,125,126" machi="102" ten="30,4000,0" yaku="1,1,2,1,0,1,53,0" doraHai="74" doraHaiUra="71" who="1" fromWho="1" sc="250,-20,240,50,250,-10,250,-10" /><INIT seed="1,0,0,2,4,20" ten="230,290,240,240" oya="1" hai0="48,66,68,19,107,18,98,14,64,115,124,89,38" hai1="23,71,54,69,0,27,32,67,58,83,51,37,6" hai2="112,63,80,75,92,60,121,31,21,70,9,117,61" hai3="135,49,35,4,100,16,22,94,90,47,39,62,95"/><U33/><E37/><V114/><F117/><W74/><G35/><T17/><D38/><U88/><E6/><V104/><F104/><W134/><G39/><T13/><D115/><N who="2" m="44074" /><F121/><W130/><G74/><T55/><D68/><U126/><E0/><V52/><F9/><W41/><G130/><T109/><D107/><U133/><E133/><N who="3" m="50698" /><G4/><T76/><D76/><U87/><E126/><V99/><F75/><W30/><G30/><T46/><D124/><U81/><E81/><V79/><F79/><W8/><G8/><T25/><D109/><U53/><E71/><V131/><F80/><W72/><G72/><T15/><D98/><U111/><E111/><V93/><F131/><W96/><G62/><T86/><REACH who="0" step="1"/><D25/><REACH who="0" ten="220,290,240,240" step="2"/><U82/><E69/><V36/><F70/><W1/><G1/><T73/><D73/><U56/><E67/><V101/><F36/><W113/><G113/><T128/><D128/><U3/><E3/><V106/><F106/><N who="3" m="63751" /><G90/><T10/><D10/><U120/><E120/><V85/><F85/><W91/><G91/><T110/><D110/><U97/><E97/><V105/><F105/><W118/><G118/><T125/><D125/><U108/><E108/><V40/><F99/><W50/><G50/><T129/><D129/><U59/><E51/><V127/><F127/><W29/><G29/><T84/><D84/><U65/><E87/><V132/><F132/><W57/><G57/><T119/><D119/><U45/><E59/><V102/><F102/><W123/><G123/><T42/><D42/><U44/><E58/><N who="2" m="34887" /><F40/><W122/><G122/><T43/><D43/><RYUUKYOKU ba="0,1" sc="220,15,290,-15,240,-15,240,15" hai0="13,14,15,17,18,19,46,48,55,64,66,86,89" hai3="16,22,41,47,49,94,95" /><INIT seed="2,1,1,1,5,24" ten="235,275,225,255" oya="2" hai0="74,10,98,47,134,36,52,78,3,92,12,13,128" hai1="93,116,79,15,89,101,104,67,120,113,76,26,64" hai2="103,102,31,106,71,8,35,53,49,123,70,0,62" hai3="121,23,81,99,1,33,126,16,30,46,60,108,85"/><V112/><F112/><W34/><G121/><T127/><D78/><U122/><E116/><V2/><F123/><N who="1" m="47145" /><E113/><V73/><F73/><W19/><G1/><T40/><D74/><U50/><E101/><V130/><F130/><W38/><G108/><T119/><D128/><U107/><E15/><V111/><F111/><W91/><G126/><T132/><D127/><U7/><E7/><V118/><F118/><W105/><G60/><T6/><D119/><U90/><E50/><V44/><F103/><W45/><G105/><N who="1" m="40522" /><E26/><N who="2" m="18935" /><F71/><W61/><G38/><T109/><D109/><U39/><E39/><V125/><F8/><W18/><G61/><T27/><D27/><U55/><E55/><V75/><F75/><W72/><G72/><T114/><D52/><U57/><E57/><V54/><F54/><W42/><G42/><T88/><REACH who="0" step="1"/><D114/><REACH who="0" ten="225,275,225,255" step="2"/><U22/><E79/><V131/><F125/><W95/><G46/><T17/><D17/><U97/><E76/><V37/><F131/><W59/><G45/><T124/><D124/><U77/><E77/><V11/><F37/><W25/><REACH who="3" step="1"/><G59/><REACH who="3" ten="225,275,225,245" step="2"/><T21/><D21/><U135/><E22/><V96/><F11/><W69/><G69/><T66/><D66/><AGARI ba="1,3" hai="0,2,44,49,53,62,66,70,96,102,106" m="18935" machi="66" ten="30,2900,0" yaku="25,1,52,1" doraHai="24" who="2" fromWho="0" sc="225,-32,275,0,225,62,245,0" /><INIT seed="2,2,0,5,3,13" ten="193,275,287,245" oya="2" hai0="116,50,27,7,117,124,118,78,63,83,127,82,34" hai1="55,122,102,20,76,65,64,19,88,47,5,108,2" hai2="0,92,81,94,12,23,72,110,58,38,18,113,53" hai3="16,48,99,95,131,104,73,32,10,98,100,90,114"/><V66/><F113/><W14/><G131/><T46/><D63/><U86/><E76/><V84/><F72/><W9/><G114/><T41/><D34/><U49/><E108/><V130/><F38/><W133/><G133/><T109/><D109/><U68/><E122/><V45/><F0/><W135/><G135/><T87/><D27/><U26/><E68/><V4/><F130/><W57/><G32/><T126/><D83/><U22/><E102/><V21/><F4/><AGARI ba="2,0" hai="4,7,41,46,50,78,82,87,116,117,118,124,126,127" machi="4" ten="50,3200,0" yaku="12,1,18,1" doraHai="13" who="0" fromWho="2" sc="193,38,275,0,287,-38,245,0" /><INIT seed="3,0,0,3,5,16" ten="231,275,249,245" oya="3" hai0="22,40,41,53,52,58,57,46,56,115,88,123,86" hai1="83,131,54,19,114,89,101,125,84,124,105,97,9" hai2="87,120,64,34,1,14,15,73,112,21,117,91,39" hai3="90,99,118,71,2,74,62,25,130,107,77,70,20"/><W94/><G118/><T35/><D35/><U30/><E114/><V67/><F112/><W69/><G130/><T45/><D115/><U103/><E131/><V78/><F34/><W17/><G2/><T10/><D10/><U4/><E101/><V23/><F1/><W37/><G37/><T96/><D96/><U113/><E113/><V0/><F0/><W31/><G107/><T43/><D123/><U11/><E30/><V102/><F39/><W128/><G128/><T24/><D46/><U82/><E54/><V109/><F109/><W33/><G77/><T108/><D45/><U65/><E65/><N who="2" m="25163" /><F73/><W18/><G74/><T59/><D108/><U36/><E36/><V126/><F120/><W80/><G80/><N who="0" m="49223" /><D59/><U72/><E4/><V26/><F78/><W95/><G33/><T66/><D66/><U121/><E121/><V7/><F117/><W133/><G133/><T42/><N who="0" m="10240" /><DORA hai="6" /><T12/><D12/><N who="2" m="4650" /><F102/><W8/><G71/><T119/><D119/><U27/><E72/><V49/><F126/><N who="1" m="48745" /><E83/><N who="2" m="49663" /><F7/><W92/><G70/><T111/><D111/><U29/><E105/><V28/><F49/><W79/><G69/><T93/><D93/><U85/><E103/><V44/><F44/><W81/><G94/><T60/><D53/><U5/><E5/><V32/><F32/><W134/><G95/><T55/><D55/><U38/><E38/><V122/><F122/><W50/><G92/><T127/><D127/><U51/><E82/><V48/><F48/><W3/><G50/><T104/><D104/><U63/><E51/><V132/><F132/><W106/><G134/><RYUUKYOKU ba="0,0" sc="231,15,275,-15,249,15,245,-15" hai0="22,24,52,56,57,58,60" hai2="21,23,26,28" /><INIT seed="4,1,0,3,5,61" ten="246,260,264,230" oya="0" hai0="24,6,16,91,34,87,120,133,96,40,123,52,55" hai1="101,71,31,86,33,134,94,0,125,100,5,2,81" hai2="4,45,57,127,14,54,49,47,77,21,7,66,106" hai3="93,76,20,11,109,68,43,63,90,82,102,32,128"/><T37/><D6/><U67/><E94/><V112/><F106/><W116/><G32/><T122/><D34/><U119/><E119/><V19/><F112/><W69/><G109/><T74/><D74/><U104/><E101/><V98/><F127/><W17/><G116/><T13/><D24/><N who="1" m="18663" /><E86/><V97/><F77/><W114/><G114/><T110/><D110/><U135/><E81/><V124/><F124/><W129/><G102/><T70/><D96/><N who="2" m="36970" /><F47/><W41/><G11/><T46/><D70/><U92/><E92/><V88/><F88/><W131/><G90/><T64/><D133/><N who="1" m="50699" /><E104/><V84/><F84/><N who="3" m="48199" /><G93/><T111/><D111/><U59/><E100/><V79/><F79/><W15/><G69/><T126/><D126/><U58/><E125/><V38/><F38/><W25/><G25/><T78/><D78/><U72/><E72/><V30/><F30/><W85/><G85/><T27/><D27/><U26/><E26/><V3/><F3/><N who="1" m="1065" /><E5/><V115/><F115/><W28/><G28/><T50/><D37/><U73/><E73/><V42/><F42/><W130/><G130/><T113/><D113/><U29/><E29/><V48/><F48/><W99/><G99/><T23/><REACH who="0" step="1"/><D64/><AGARI ba="1,0" hai="15,17,20,41,43,63,64,68,128,129,131" m="48199" machi="64" ten="30,2000,0" yaku="19,1,52,1" doraHai="61" who="3" fromWho="0" sc="246,-23,260,0,264,0,230,23" /><INIT seed="5,0,0,4,4,113" ten="223,260,264,253" oya="1" hai0="42,13,1,82,80,134,25,20,107,55,74,22,96" hai1="114,15,104,127,44,76,7,62,135,123,94,24,79" hai2="58,16,12,34,39,33,54,3,21,37,56,65,118" hai3="99,101,89,120,8,29,41,64,109,98,35,73,102"/><U51/><E104/><V4/><F118/><W30/><G109/><T14/><D1/><U77/><E123/><V97/><F97/><W50/><G73/><T52/><D42/><U131/><E114/><V10/><F65/><W60/><G89/><T70/><D70/><U61/><E131/><V46/><F58/><W59/><G35/><T28/><D74/><U115/><E115/><V85/><F85/><W110/><G110/><T105/><D96/><N who="3" m="36905" /><G8/><T119/><D25/><U124/><E94/><V66/><F66/><W122/><G122/><T81/><D81/><U38/><E38/><V75/><F75/><W9/><G9/><T49/><D49/><U111/><E111/><V91/><F91/><W78/><G78/><T100/><D28/><N who="3" m="10857" /><G120/><T133/><D100/><U68/><E68/><V18/><F18/><W95/><G95/><T69/><D69/><U129/><E129/><V2/><F2/><W36/><G36/><T108/><D108/><U126/><E7/><V17/><F17/><W11/><G11/><T125/><D125/><U112/><E112/><V23/><F23/><W5/><G5/><T90/><D90/><U128/><E128/><V84/><F37/><W132/><G132/><T0/><D0/><U19/><E135/><V87/><F34/><W63/><G63/><T45/><D45/><AGARI ba="0,0" hai="41,45,50,59,60,64,101,102" m="10857,36905" machi="45" ten="30,1000,0" yaku="8,1" doraHai="113" who="3" fromWho="0" sc="223,-10,260,0,264,0,253,10" /><INIT seed="6,0,0,0,3,122" ten="213,260,264,263" oya="2" hai0="105,17,67,82,41,49,81,129,19,134,5,27,42" hai1="88,9,98,1,63,83,127,71,45,101,0,96,117" hai2="34,35,70,76,46,92,131,56,60,69,102,90,47" hai3="50,2,114,39,68,64,20,89,85,22,10,135,40"/><V53/><F76/><W130/><G39/><T43/><D105/><U99/><E117/><V126/><F102/><W107/><G107/><T108/><D108/><U3/><E127/><V78/><F78/><W65/><G68/><T118/><D5/><U132/><E132/><V103/><F103/><W77/><G77/><T14/><D134/><U112/><E101/><V74/><F74/><W115/><G135/><T109/><D109/><U29/><E29/><V91/><F126/><W72/><G72/><T4/><D67/><U7/><E112/><N who="3" m="43050" /><G130/><T12/><D129/><U79/><E45/><V62/><F131/><W80/><G10/><T8/><D118/><U110/><E110/><V106/><F106/><W13/><G2/><T93/><D93/><U66/><REACH who="1" step="1"/><E88/><REACH who="1" ten="213,250,264,263" step="2"/><V36/><F92/><W33/><G89/><T11/><D82/><U119/><E119/><V37/><F90/><W111/><G80/><T133/><D81/><U124/><E124/><V87/><F91/><W23/><G111/><T30/><D133/><U16/><E16/><V128/><F128/><W26/><G33/><T24/><D4/><U32/><E32/><V51/><F35/><W61/><G22/><T120/><D120/><U48/><E48/><V25/><F34/><W97/><G23/><N who="0" m="15743" /><D49/><U28/><E28/><V54/><F87/><AGARI ba="0,1" hai="0,1,3,7,9,63,66,71,79,83,87,96,98,99" machi="87" ten="40,1300,0" yaku="1,1,53,0" doraHai="122" doraHaiUra="125" who="1" fromWho="2" sc="213,0,250,23,264,-13,263,0" /><INIT seed="7,0,0,3,0,31" ten="213,273,251,263" oya="3" hai0="21,76,25,120,87,135,61,63,10,60,67,38,14" hai1="30,59,100,69,102,122,127,57,23,66,83,115,53" hai2="134,88,110,28,77,58,92,56,103,73,108,97,133" hai3="20,107,47,71,84,11,51,5,91,78,34,131,106"/><W132/><G71/><T64/><D38/><U41/><E122/><V109/><F28/><W74/><G34/><T128/><D120/><U130/><E41/><V15/><F15/><W50/><G131/><T39/><D39/><U7/><E7/><V129/><F129/><W52/><G132/><N who="2" m="50793" /><F56/><W118/><G118/><T27/><D135/><U101/><E69/><V45/><F45/><W35/><G35/><T37/><D37/><U126/><E130/><V42/><F58/><W33/><G33/><T46/><D128/><U13/><E66/><V32/><F32/><W80/><G20/><T119/><D119/><U89/><E115/><V121/><F42/><W117/><G51/><T116/><D116/><U40/><E40/><V55/><F55/><W112/><G112/><T49/><D67/><U93/><E83/><N who="2" m="45487" /><F121/><W96/><G117/><T54/><D64/><U123/><E123/><V90/><AGARI ba="0,0" hai="88,90,92,97,103,108,109,110" m="45487,50793" machi="90" ten="40,8000,1" yaku="20,1,34,2,54,1" doraHai="31" who="2" fromWho="2" sc="213,-20,273,-20,251,80,263,-40" owari="193,-31.0,253,5.0,331,44.0,223,-18.0" /></mjloggm>