<mjloggm ver="2.3"><GO type="41" lobby="0"/><UN n0="%E5%B0%B1%E6%B4%BB%E7%94%9F%40%E5%B7%9D%E6%9D%91%E8%BB%8D%E5%9B%A3" n1="%2D%46%49%58%45%52%2D" n2="%E8%B5%A4%E6%AA%BB" n3="%68%6A%69%6E" dan="14,13,13,14" rate="1997.60,1901.80,1807.54,1905.42" sx="M,M,M,M"/><TAIKYOKU oya="0"/><INIT seed="0,0,0,3,1,15" ten="250,250,250,250" oya="0" hai0="56,85,121,30,67,125,90,11,124,41,128,32,50" hai1="79,82,119,28,95,46,83,68,13,19,109,20,104" hai2="97,93,8,53,33,132,122,114,134,65,29,126,115" hai3="76,52,129,24,25,135,12,48,22,0,31,101,55"/><T26/><D121/><U107/><E68/><V63/><F122/><W47/><G135/><T66/><D128/><U75/><E119/><V117/><F53/><W116/><G116/><T17/><D41/><U113/><E113/><V27/><F117/><W127/><G129/><T37/><D37/><U105/><E109/><V2/><F93/><W130/><G0/><T21/><D11/><U10/><E28/><V88/><F88/><W80/><G130/><T43/><D43/><U36/><E83/><V87/><F87/><W98/><G127/><N who="0" m="48715" /><D50/><U34/><E34/><V69/><F97/><W64/><G12/><N who="0" m="9383" /><D56/><U61/><E61/><V112/><REACH who="2" step="1"/><F126/><REACH who="2" ten="250,250,240,250" step="2"/><W16/><G55/><T9/><D9/><U1/><E10/><V51/><F51/><W42/><G64/><T81/><AGARI ba="0,1" hai="26,30,32,66,67,81,85,90" m="9383,48715" machi="81" ten="30,3000,0" yaku="18,1,52,1" doraHai="15" who="0" fromWho="0" sc="250,40,250,-10,240,-10,250,-10" /><INIT seed="0,1,0,3,2,32" ten="290,240,230,240" oya="0" hai0="50,61,26,68,55,76,120,38,88,40,109,34,12" hai1="75,6,10,97,63,93,116,125,11,92,33,67,74" hai2="57,7,21,128,117,73,78,95,53,81,110,35,79" hai3="101,91,89,8,105,25,132,1,17,36,2,58,87"/><T19/><D120/><U37/><E116/><V60/><F35/><W98/><G36/><T90/><D76/><U108/><E37/><V106/><F106/><W3/><G132/><T85/><D38/><U131/><E33/><V133/><F133/><W86/><G58/><T30/><D40/><U54/><E108/><V64/><F110/><W114/><G114/><T123/><D123/><U83/><E125/><V52/><F117/><W72/><G72/><T69/><D109/><U56/><E131/><V82/><F95/><W77/><G77/><T65/><D69/><U100/><E93/><V121/><F128/><W62/><G62/><T42/><D42/><U44/><E83/><V129/><F129/><W103/><G103/><T130/><D85/><U122/><E122/><V99/><F99/><W31/><G17/><T126/><D130/><U49/><REACH who="1" step="1"/><E10/><REACH who="1" ten="290,230,230,240" step="2"/><V24/><F121/><W104/><G8/><T84/><D126/><U118/><E118/><V18/><REACH who="2" step="1"/><F7/><REACH who="2" ten="290,230,220,240" step="2"/><W23/><REACH who="3" step="1"/><G105/><REACH who="3" ten="290,230,220,230" step="2"/><T13/><D84/><AGARI ba="1,3" hai="18,21,24,52,53,57,60,64,73,78,79,81,82,84" machi="84" ten="30,7700,0" yaku="1,1,2,1,7,1,54,1,53,0" doraHai="32" doraHaiUra="94" who="2" fromWho="0" sc="290,-80,230,0,220,110,230,0" /><AGARI ba="1,0" hai="1,2,3,23,25,31,84,86,87,89,91,98,101,104" machi="84" ten="40,12000,2" yaku="1,1,2,1,52,3,53,1" doraHai="32" doraHaiUra="94" who="3" fromWho="0" sc="210,-120,230,0,330,0,230,120" /><INIT seed="1,0,0,3,0,36" ten="90,230,330,350" oya="1" hai0="13,11,27,84,2,9,101,39,70,49,28,81,87" hai1="131,80,16,1,63,17,23,68,48,12,14,112,26" hai2="108,69,65,99,82,53,0,95,134,59,113,47,61" hai3="75,116,50,5,90,92,129,7,30,91,71,4,94"/><U98/><E112/><V119/><F0/><W123/><G71/><T114/><D39/><U117/><E117/><V37/><F119/><W15/><G75/><T8/><D70/><U10/><E131/><V25/><F82/><W105/><G116/><T22/><D114/><U93/><E80/><V52/><F113/><W57/><G105/><T107/><D2/><U31/><E1/><V58/><F25/><W38/><G38/><T40/><D107/><U126/><E126/><V35/><F35/><W64/><G129/><T130/><D101/><N who="1" m="60623" /><E68/><V83/><F83/><W33/><G123/><T54/><D130/><U100/><E100/><V76/><F76/><W41/><G30/><T115/><D115/><U132/><E132/><V118/><F118/><W42/><G33/><T43/><D13/><U86/><E86/><N who="0" m="32809" /><D81/><U21/><E63/><V18/><F18/><W46/><G15/><N who="1" m="5674" /><E48/><V19/><F19/><N who="1" m="7241" /><E23/><V133/><F95/><N who="3" m="36395" /><G64/><T78/><D78/><U77/><E77/><V6/><F99/><W60/><G57/><AGARI ba="0,0" hai="8,9,11,22,27,28,40,43,49,54,57" m="32809" machi="57" ten="30,3900,0" yaku="8,1,52,2" doraHai="36" who="0" fromWho="3" sc="90,39,230,0,330,0,350,-39" /><INIT seed="2,0,0,5,5,116" ten="129,230,330,311" oya="2" hai0="123,135,54,44,101,71,117,86,96,38,47,17,80" hai1="110,1,7,11,6,24,10,37,51,0,107,121,30" hai2="129,99,41,4,124,56,100,61,104,2,120,67,43" hai3="128,33,35,70,63,46,29,55,85,69,113,131,27"/><V13/><F2/><W76/><G113/><T102/><D117/><U9/><E37/><V94/><F129/><N who="3" m="49739" /><G85/><T118/><D118/><U111/><E107/><V105/><F124/><W66/><G76/><T34/><D71/><U22/><E51/><V125/><F125/><W122/><G70/><T132/><D34/><U134/><E134/><N who="0" m="51241" /><D38/><U15/><REACH who="1" step="1"/><E121/><REACH who="1" ten="129,220,330,311" step="2"/><V78/><F120/><W103/><G122/><T50/><D123/><U95/><E95/><V127/><F127/><W73/><G73/><T5/><D47/><U130/><E130/><V92/><F104/><W60/><G103/><T32/><D32/><U115/><E115/><V49/><F105/><W87/><G35/><T36/><D36/><U114/><E114/><V62/><F94/><W25/><G33/><T31/><D102/><U68/><E68/><V82/><F49/><N who="3" m="29111" /><G29/><T64/><D31/><U23/><E23/><V72/><REACH who="2" step="1"/><F62/><REACH who="2" ten="129,220,320,311" step="2"/><W12/><G63/><T45/><D50/><U8/><E8/><AGARI ba="0,2" hai="4,8,13,41,43,56,61,67,72,78,82,92,99,100" machi="8" ten="40,7700,0" yaku="1,1,2,1,53,1" doraHai="116" doraHaiUra="93" who="2" fromWho="1" sc="129,0,220,-77,320,97,311,0" /><INIT seed="2,1,0,1,3,14" ten="129,143,417,311" oya="2" hai0="44,40,110,99,20,101,57,31,81,130,53,64,23" hai1="8,22,75,18,48,32,120,52,68,134,3,46,78" hai2="72,107,127,114,6,42,112,70,19,24,132,87,29" hai3="2,85,126,61,95,93,0,37,129,125,83,60,12"/><V30/><F72/><W25/><G37/><T34/><D110/><U66/><E120/><V135/><F70/><W28/><G12/><T113/><D130/><U117/><E117/><V97/><F42/><W7/><G129/><T47/><D113/><U86/><E32/><V133/><F87/><W123/><G123/><T103/><D34/><U63/><E134/><V54/><F54/><W50/><G50/><T43/><D64/><U38/><E75/><V94/><F107/><W118/><G118/><T119/><D119/><U59/><E3/><N who="3" m="1066" /><G7/><T79/><D43/><N who="1" m="22903" /><E8/><V124/><F6/><W26/><G85/><N who="0" m="48319" /><D31/><N who="2" m="11786" /><F94/><N who="3" m="35851" /><G83/><T106/><D106/><U17/><E22/><N who="0" m="8233" /><D99/><U131/><E131/><V98/><F98/><W10/><G10/><T121/><D121/><U45/><E45/><N who="0" m="17481" /><D40/><U62/><E62/><AGARI ba="1,0" hai="53,57,62,101,103" m="17481,8233,48319" machi="62" ten="30,1000,0" yaku="8,1" doraHai="14" who="0" fromWho="1" sc="129,13,143,-13,417,0,311,0" /><INIT seed="3,0,0,2,2,73" ten="142,130,417,311" oya="3" hai0="124,127,52,126,8,27,133,113,56,34,3,85,50" hai1="59,68,87,62,112,79,70,22,78,37,80,114,41" hai2="32,77,128,97,55,106,116,23,76,21,63,11,103" hai3="102,49,90,35,119,104,82,117,107,46,109,44,65"/><W72/><G35/><T58/><D113/><U96/><E96/><V61/><F32/><W19/><G65/><T120/><D120/><U20/><E68/><V129/><F11/><W24/><G109/><T6/><D133/><U118/><E70/><V94/><F106/><W71/><G71/><T14/><D3/><U2/><E2/><V125/><F116/><W93/><G107/><T130/><D130/><N who="2" m="50282" /><F125/><W42/><G44/><T67/><D67/><U69/><E69/><V121/><F55/><W122/><G122/><T18/><D85/><U29/><E118/><V5/><F5/><W132/><G132/><T64/><D64/><U45/><E29/><V115/><F115/><W83/><G102/><T105/><D105/><U9/><E9/><V31/><F31/><W0/><G0/><T54/><D34/><U123/><E123/><V4/><F4/><W86/><G104/><T39/><D39/><U53/><E112/><V51/><F51/><W89/><G72/><T100/><D100/><U101/><E114/><V25/><F25/><W95/><G117/><T99/><D99/><U38/><E38/><V13/><F13/><W98/><G119/><T10/><D27/><U36/><E36/><V12/><F12/><W74/><G74/><T134/><D134/><U91/><REACH who="1" step="1"/><E101/><REACH who="1" ten="142,120,417,311" step="2"/><V131/><F131/><W30/><G30/><T7/><D10/><U17/><E17/><V84/><F121/><W108/><G108/><T1/><D1/><U47/><E47/><V15/><F103/><W16/><G19/><T135/><D135/><U43/><E43/><V48/><F97/><RYUUKYOKU ba="0,1" sc="142,10,120,10,417,-30,311,10" hai0="6,7,8,14,18,50,52,54,56,58,124,126,127" hai1="20,22,37,41,45,53,59,62,78,79,80,87,91" hai3="16,24,42,46,49,82,83,86,89,90,93,95,98" /><INIT seed="3,1,1,3,5,112" ten="152,130,387,321" oya="3" hai0="110,30,65,33,22,77,78,50,14,29,63,116,71" hai1="16,135,26,55,41,114,81,0,67,24,45,132,73" hai2="27,49,38,6,56,17,58,97,60,32,43,46,82" hai3="53,122,129,134,94,100,62,72,40,68,15,104,102"/><W35/><G122/><T8/><D110/><U69/><E0/><V36/><F6/><W111/><G72/><T133/><D133/><N who="1" m="51275" /><E114/><V119/><F119/><W99/><G35/><T18/><D33/><U93/><E55/><V87/><F56/><W39/><G134/><T11/><D116/><U66/><E93/><V54/><F97/><W25/><G111/><T113/><D113/><U59/><E59/><V90/><F32/><W9/><G25/><N who="1" m="9834" /><E16/><V121/><F121/><W20/><G20/><T12/><D22/><U19/><E19/><V34/><REACH who="2" step="1"/><F17/><REACH who="2" ten="152,130,377,321" step="2"/><N who="3" m="8431" /><G68/><T79/><D14/><U101/><E69/><V123/><F123/><W131/><G104/><T92/><D8/><U107/><E107/><V51/><F51/><W96/><G39/><T52/><D30/><AGARI ba="1,2" hai="27,30,34,36,38,43,46,49,54,58,60,82,87,90" machi="30" ten="40,1300,0" yaku="1,1,53,0" doraHai="112" doraHaiUra="10" who="2" fromWho="0" sc="152,-16,130,0,377,36,321,0" /><INIT seed="4,0,0,5,5,111" ten="136,130,413,321" oya="0" hai0="4,60,46,134,79,73,109,33,14,85,94,29,12" hai1="91,101,54,131,95,10,74,75,49,58,127,48,98" hai2="64,0,39,102,53,92,44,117,9,100,7,45,83" hai3="112,80,22,77,11,84,88,82,104,99,34,118,24"/><T129/><D73/><U16/><E127/><V6/><F64/><W122/><G34/><T66/><D109/><U121/><E121/><V42/><F92/><W124/><G118/><T115/><D115/><U26/><E131/><V125/><F125/><W19/><G124/><T13/><D134/><U110/><E110/><V103/><F117/><W40/><G122/><T41/><D129/><U31/><E49/><V135/><F135/><W35/><G35/><T43/><D4/><U36/><E36/><V126/><F126/><W5/><G112/><T93/><D29/><U1/><E101/><V123/><F123/><W23/><G40/><T119/><D33/><U70/><E70/><V113/><F113/><W27/><G104/><T59/><D119/><U20/><E1/><V51/><F7/><W2/><G99/><T76/><D43/><U50/><E10/><V128/><F128/><W62/><G62/><T130/><D130/><U63/><REACH who="1" step="1"/><E31/><REACH who="1" ten="136,120,413,321" step="2"/><V114/><F114/><W133/><G133/><T15/><N who="0" m="3584" /><DORA hai="38" /><T17/><D17/><U18/><E18/><V90/><F102/><W71/><G71/><T32/><D32/><U65/><E65/><V120/><F120/><W96/><G96/><T105/><D105/><U56/><E56/><V55/><F55/><W107/><G107/><T69/><D69/><U78/><E78/><N who="0" m="29737" /><D85/><U81/><E81/><V47/><F47/><W30/><G77/><T67/><D67/><U25/><E25/><V86/><AGARI ba="0,1" hai="0,6,9,39,42,44,45,51,53,83,86,90,100,103" machi="86" ten="30,2000,0" yaku="0,1,52,1" doraHai="111,38" who="2" fromWho="2" sc="136,-10,120,-5,413,30,321,-5" /><INIT seed="5,0,0,4,3,72" ten="126,115,443,316" oya="1" hai0="89,36,78,99,77,53,2,67,20,111,115,85,61" hai1="66,5,129,9,88,134,118,59,94,79,65,113,73" hai2="28,6,42,52,80,38,84,60,102,63,93,130,37" hai3="55,22,82,21,116,107,49,50,1,24,123,81,40"/><U122/><E122/><V86/><F130/><W104/><G116/><T35/><D35/><U127/><E118/><V39/><F42/><W10/><G123/><T58/><D2/><U48/><E113/><V133/><F133/><W98/><G40/><T13/><D36/><U7/><E127/><V71/><F6/><W62/><G1/><T70/><D115/><U124/><E124/><V131/><F131/><W103/><G10/><T27/><D111/><U31/><E134/><V12/><F12/><W121/><G121/><T30/><D13/><U135/><E135/><V25/><F63/><W96/><G62/><T19/><D30/><U23/><E129/><V109/><F109/><W51/><G55/><T92/><D85/><U119/><E119/><V90/><F71/><W83/><G24/><T76/><D70/><U4/><E9/><V69/><F69/><W15/><G15/><T68/><D68/><U3/><E3/><V18/><F18/><W11/><G11/><T0/><D0/><U34/><E34/><V54/><F60/><W128/><G128/><T45/><D45/><U101/><E101/><AGARI ba="0,0" hai="21,22,49,50,51,81,82,83,96,98,101,103,104,107" machi="101" ten="40,1300,0" yaku="9,1" doraHai="72" who="3" fromWho="1" sc="126,0,115,-13,443,0,316,13" /><INIT seed="6,0,0,1,0,61" ten="126,102,443,329" oya="2" hai0="89,67,103,0,62,82,128,95,102,40,60,131,92" hai1="6,121,107,115,56,79,37,86,68,120,123,17,70" hai2="71,90,129,118,47,16,77,44,49,19,101,112,8" hai3="88,124,122,45,43,54,108,35,65,99,134,58,32"/><V116/><F112/><W14/><G108/><T94/><D0/><U93/><E37/><V5/><F129/><N who="0" m="49738" /><D40/><U41/><E107/><V109/><F109/><W24/><G122/><N who="1" m="31234" /><U1/><DORA hai="4" /><E115/><V110/><F110/><W53/><G124/><T63/><D67/><U25/><E41/><V133/><F133/><W52/><G134/><T22/><D22/><N who="1" m="13519" /><E56/><V46/><F71/><W91/><G32/><T105/><D105/><U15/><E1/><V84/><F101/><N who="0" m="38410" /><D82/><N who="1" m="47455" /><E93/><V30/><F77/><W113/><G113/><T21/><D21/><U135/><E135/><V50/><F116/><W27/><G35/><T23/><D23/><U20/><E20/><V12/><F118/><W100/><G14/><T59/><D59/><U66/><E66/><V126/><F30/><W98/><G43/><T104/><D104/><U80/><E80/><N who="2" m="49415" /><F126/><W96/><G45/><N who="2" m="11521" /><V36/><DORA hai="132" /><F36/><W13/><G13/><T64/><D64/><U127/><E127/><V78/><F78/><W28/><G100/><T3/><D3/><U48/><E48/><AGARI ba="0,0" hai="5,8,12,16,19,48,49,50" m="11521,49415" machi="48" ten="30,5800,0" yaku="8,1,52,1,54,1" doraHai="61,4,132" who="2" fromWho="1" sc="126,0,102,-58,443,58,329,0" /><INIT seed="6,1,0,3,4,63" ten="126,44,501,329" oya="2" hai0="57,133,91,76,127,20,21,134,123,9,126,29,6" hai1="87,58,113,102,69,24,15,132,121,79,103,73,90" hai2="59,86,89,13,38,75,27,70,107,106,26,74,55" hai3="34,32,1,111,37,0,71,94,82,104,109,28,40"/><V11/><F70/><W105/><G94/><T43/><D123/><U31/><E113/><V68/><F68/><W16/><G82/><T8/><D76/><U33/><E121/><V35/><F38/><W130/><G71/><T50/><D91/><U61/><E132/><N who="0" m="50793" /><D29/><U53/><E69/><V47/><F47/><W78/><G78/><T119/><D119/><U14/><E79/><V4/><F35/><N who="3" m="13355" /><G28/><T88/><D88/><U41/><E73/><V52/><F75/><W10/><G40/><T125/><D9/><U56/><E41/><V129/><F74/><W60/><G60/><T30/><D30/><U112/><E112/><V48/><F106/><N who="3" m="41067" /><G10/><T108/><D108/><N who="3" m="41545" /><G16/><T81/><D81/><U117/><E117/><V72/><F72/><W122/><G122/><T85/><D85/><U118/><E118/><V101/><F101/><W19/><G19/><T110/><D110/><U114/><E114/><V7/><F107/><W128/><G37/><T23/><D43/><U95/><E103/><V99/><F99/><W36/><G36/><T64/><D64/><U39/><E39/><V44/><F4/><W25/><G25/><T66/><D66/><U42/><E42/><V92/><REACH who="2" step="1"/><F129/><AGARI ba="1,0" hai="0,1,128,129,130" m="41545,41067,13355" machi="129" ten="40,8000,1" yaku="28,2,19,1,31,2" doraHai="63" who="3" fromWho="2" sc="126,0,44,0,501,-83,329,83" /><INIT seed="7,0,0,1,0,62" ten="126,44,418,412" oya="3" hai0="88,45,36,131,28,67,75,92,26,53,71,23,108" hai1="60,33,115,127,69,44,124,21,29,18,31,114,64" hai2="80,61,111,134,91,20,77,66,102,55,85,84,73" hai3="93,54,25,76,19,79,81,4,132,128,98,11,97"/><W39/><G39/><T122/><D75/><U74/><E74/><V3/><F3/><W106/><G132/><T133/><D108/><U104/><E44/><V41/><F111/><W119/><G119/><T57/><D133/><U121/><E121/><V42/><F134/><W65/><G128/><T120/><D131/><U135/><E104/><V110/><F73/><W58/><G106/><T125/><D125/><N who="1" m="48203" /><E135/><V118/><F55/><W86/><G76/><T8/><D45/><U1/><E1/><V2/><F2/><W5/><G98/><T35/><D36/><U17/><E33/><V100/><F118/><W12/><G25/><T9/><D35/><U48/><E48/><V51/><F20/><W116/><G116/><T0/><D0/><U103/><E103/><V113/><F113/><N who="1" m="43017" /><E21/><V10/><F10/><W13/><G13/><T47/><D9/><U46/><E46/><V37/><F37/><W70/><G70/><T22/><D8/><U96/><E96/><V78/><F110/><W6/><G93/><T59/><D23/><U99/><E99/><V34/><F34/><W27/><G97/><T112/><D112/><U126/><N who="1" m="48211" /><U129/><DORA hai="40" /><E129/><V130/><F130/><W38/><G38/><T68/><D47/><U63/><E63/><V32/><F51/><N who="3" m="31071" /><G27/><T43/><D26/><U24/><E24/><V123/><F32/><W56/><G4/><T15/><D120/><U82/><E82/><N who="2" m="49559" /><F78/><W109/><G109/><T52/><D122/><U50/><E50/><V94/><F123/><W87/><G87/><T90/><D22/><U83/><E83/><RYUUKYOKU ba="0,0" sc="126,-15,44,15,418,-15,412,15" hai1="17,18,29,31,60,64,69" hai3="5,6,11,12,19,56,65,79,81,86" owari="111,-29.0,59,-44.0,403,20.0,427,53.0" /></mjloggm>