<mjloggm ver="2.3"><GO type="41" lobby="0"/><UN n0="%E3%82%A2%E3%83%AB%E3%83%86%E3%83%9F%E3%82%B9" n1="%63%68%6F%6E%6A%69" n2="%E3%82%AE%E3%82%BF%E3%83%AA%E3%82%B9%E3%83%88" n3="%E5%B0%B1%E6%B4%BB%E7%94%9F%40%E5%B7%9D%E6%9D%91%E8%BB%8D%E5%9B%A3" dan="15,15,14,16" rate="1901.79,2029.41,1947.19,2123.16" sx="M,M,M,M"/><TAIKYOKU oya="0"/><INIT seed="0,0,0,3,1,63" ten="250,250,250,250" oya="0" hai0="106,71,81,21,116,135,13,122,74,76,42,94,110" hai1="121,16,95,67,111,90,50,31,62,80,78,127,6" hai2="11,37,120,85,108,3,128,65,52,32,17,24,9" hai3="100,66,92,89,96,82,69,112,33,114,109,118,49"/><T44/><D116/><U125/><E121/><V20/><F37/><W73/><G33/><T107/><D122/><U91/><E6/><V126/><F120/><W46/><G118/><T99/><D135/><U10/><E31/><V101/><F126/><N who="1" m="48137" /><E50/><V93/><F128/><W25/><G109/><T1/><D71/><N who="1" m="42487" /><E111/><V27/><F108/><W26/><G66/><T129/><D129/><U86/><E95/><V123/><F123/><W56/><G56/><T113/><D1/><U19/><E10/><V15/><F65/><W18/><G69/><T131/><D131/><U8/><E8/><V103/><F9/><W43/><G18/><AGARI ba="0,0" hai="16,18,19,78,80,86,90,91" m="42487,48137" machi="18" ten="30,3900,0" yaku="18,1,52,1,54,1" doraHai="63" who="1" fromWho="3" sc="250,0,250,39,250,0,250,-39" /><INIT seed="1,0,0,0,1,125" ten="250,289,250,211" oya="1" hai0="10,11,118,80,66,61,20,130,77,71,120,74,103" hai1="114,0,33,127,84,124,36,97,99,86,46,131,29" hai2="5,25,12,34,102,101,7,27,59,104,28,58,31" hai3="117,119,47,121,123,126,6,37,122,134,92,82,9"/><U93/><E114/><V13/><REACH who="2" step="1"/><F34/><REACH who="2" ten="250,289,240,211" step="2"/><W135/><G126/><T24/><D118/><N who="3" m="45065" /><G92/><T8/><D120/><U100/><E127/><V78/><F78/><W43/><G82/><T68/><D130/><U57/><E124/><V62/><F62/><W54/><G54/><T88/><D103/><U50/><E131/><V60/><F60/><W17/><G17/><T94/><D71/><U72/><E100/><V89/><F89/><W109/><G109/><T115/><D115/><U64/><E93/><V70/><F70/><W21/><G21/><T49/><D49/><U73/><E50/><V129/><F129/><W35/><G35/><T2/><D2/><AGARI ba="0,1" hai="2,6,9,37,43,47,121,122,123,134,135" m="45065" machi="2" ten="40,2600,0" yaku="12,1,23,1" doraHai="125" who="3" fromWho="0" sc="250,-26,289,0,240,0,211,36" /><INIT seed="2,0,0,0,4,115" ten="224,289,240,247" oya="2" hai0="41,93,134,6,95,26,82,127,50,60,87,39,43" hai1="15,121,3,101,72,9,69,64,105,117,63,49,35" hai2="73,28,112,10,99,124,78,58,54,44,65,79,36" hai3="27,21,52,129,91,57,59,20,74,100,22,102,24"/><V2/><F112/><W11/><G74/><T125/><D134/><U98/><E121/><V23/><F65/><W122/><G122/><T19/><D39/><U135/><E135/><V120/><F120/><W55/><G129/><T33/><D33/><U40/><E15/><V92/><F73/><W42/><G11/><T96/><D6/><U47/><E72/><V103/><F36/><W51/><G42/><N who="0" m="15883" /><D50/><U89/><E89/><V111/><F124/><N who="0" m="47690" /><D96/><U128/><E128/><V1/><F44/><W133/><G91/><N who="0" m="51703" /><D60/><U46/><E46/><V14/><F1/><W0/><G0/><T31/><D31/><U130/><E130/><V16/><F2/><W7/><G7/><T17/><D17/><U88/><E3/><V32/><F32/><W18/><G133/><T118/><D118/><U68/><E117/><V76/><F28/><N who="3" m="17415" /><G21/><AGARI ba="0,0" hai="19,21,26,93,95" m="51703,47690,15883" machi="21" ten="30,1000,0" yaku="18,1" doraHai="115" who="0" fromWho="3" sc="224,10,289,0,240,0,247,-10" /><INIT seed="3,0,0,2,4,61" ten="234,289,240,237" oya="3" hai0="43,3,48,63,38,83,92,20,0,133,120,8,1" hai1="56,66,80,18,49,5,95,116,129,114,25,117,32" hai2="124,93,37,122,59,23,35,82,31,76,94,14,47" hai3="109,84,71,105,45,103,19,29,39,134,87,68,112"/><W11/><G112/><T75/><D120/><U70/><E114/><V65/><F35/><W99/><G134/><T98/><D133/><U77/><E129/><V10/><F122/><W100/><G29/><T62/><D8/><U90/><E5/><V79/><F37/><W104/><G109/><T101/><D38/><U130/><E130/><V119/><F119/><N who="1" m="45641" /><E70/><V97/><F124/><W132/><G132/><T64/><D20/><N who="1" m="13463" /><E32/><V107/><F107/><W118/><G118/><T9/><D9/><U52/><E66/><V24/><F47/><W85/><G39/><T4/><D4/><U121/><E121/><V131/><F131/><W53/><G53/><T27/><D27/><U69/><E69/><V111/><F111/><W74/><G45/><T89/><D64/><U60/><E95/><V88/><F94/><W6/><G19/><T127/><D92/><U30/><E90/><V50/><F82/><W135/><G135/><T128/><D89/><U22/><E22/><V106/><F106/><W44/><G44/><T2/><D2/><U113/><E113/><V73/><F73/><W86/><N who="3" m="22016" /><DORA hai="102" /><W110/><G74/><T42/><D1/><U7/><E7/><V58/><F76/><W108/><G110/><T21/><D128/><U55/><E55/><N who="2" m="32119" /><F79/><W28/><G28/><T41/><D75/><N who="1" m="43071" /><E30/><V115/><F115/><W123/><G123/><T15/><D3/><U126/><E126/><V33/><F33/><W81/><G108/><T17/><D0/><U40/><E40/><V16/><F65/><W34/><G34/><T46/><D127/><U125/><E125/><RYUUKYOKU ba="0,0" sc="234,-15,289,15,240,15,237,-15" hai1="49,52,56,60" hai2="10,14,16,23,24,31,59,88,93,97" /><INIT seed="4,1,0,4,0,7" ten="219,304,255,222" oya="0" hai0="99,33,93,58,127,76,10,42,111,72,108,71,115" hai1="75,49,34,16,126,5,37,31,28,110,79,96,90" hai2="13,35,119,118,3,2,12,103,91,84,52,112,74" hai3="60,120,134,67,1,40,56,97,18,27,43,109,26"/><T57/><D71/><U85/><E110/><N who="0" m="42025" /><D115/><U17/><E37/><V65/><F74/><W46/><G109/><T66/><D127/><U11/><E126/><V123/><F35/><W130/><G1/><T73/><D33/><U100/><E49/><V30/><F123/><W54/><G130/><T94/><D42/><U47/><E47/><V8/><F30/><N who="1" m="11305" /><E34/><V88/><F112/><W131/><G131/><T19/><D66/><U132/><E132/><V48/><F65/><W135/><G120/><T22/><D10/><U86/><E75/><N who="0" m="28745" /><D76/><U63/><E79/><V39/><F39/><W38/><G43/><T62/><D99/><U25/><E25/><V55/><F103/><W14/><G97/><T80/><D80/><N who="1" m="49447" /><E86/><V15/><F84/><W4/><G4/><T124/><D124/><U61/><E96/><V83/><F83/><W113/><G113/><T41/><D41/><U87/><E87/><V129/><F129/><W51/><G134/><T82/><D82/><U116/><E100/><V45/><F2/><W98/><G98/><T0/><D0/><U121/><E121/><V6/><REACH who="2" step="1"/><F55/><REACH who="2" ten="219,304,245,222" step="2"/><W81/><G135/><T104/><D104/><U32/><E32/><V128/><F128/><W69/><G81/><T21/><D93/><U68/><E68/><V64/><F64/><W29/><G29/><T133/><D94/><U36/><E36/><V117/><AGARI ba="1,1" hai="3,6,8,12,13,15,45,48,52,88,91,117,118,119" machi="117" ten="40,12000,2" yaku="1,1,0,1,12,1,52,1,54,2,53,0" doraHai="7" doraHaiUra="70" who="2" fromWho="2" sc="219,-61,304,-31,245,133,222,-31" /><INIT seed="5,0,0,1,4,9" ten="158,273,378,191" oya="1" hai0="100,133,91,62,131,18,23,90,84,14,46,41,12" hai1="13,116,57,35,119,125,72,123,66,88,34,120,21" hai2="113,49,42,58,89,73,29,127,25,103,134,79,6" hai3="115,87,92,30,37,38,114,19,32,0,36,43,98"/><U95/><E72/><V61/><F127/><W26/><G0/><T40/><D131/><U48/><E125/><V80/><F134/><W75/><G75/><T86/><D133/><U118/><E123/><V82/><F103/><W22/><G87/><N who="0" m="33323" /><D100/><U109/><E120/><V83/><F6/><W44/><G32/><T28/><D28/><U51/><E109/><V106/><F106/><W31/><G31/><T52/><D40/><U102/><E102/><V74/><F89/><N who="0" m="33802" /><D41/><U81/><E81/><V70/><F70/><W130/><G130/><T4/><D4/><U27/><E35/><V11/><F79/><W78/><G78/><T63/><D14/><U59/><E13/><V5/><F73/><W45/><G43/><T67/><D67/><U111/><E34/><V110/><F74/><W60/><G98/><T126/><D126/><U53/><E111/><V107/><F110/><W97/><G97/><T24/><D24/><U71/><E71/><V121/><F121/><W65/><G92/><T101/><D101/><U47/><E95/><V17/><F107/><W85/><G85/><T128/><D128/><U54/><E88/><V10/><F5/><W129/><G30/><T3/><D3/><U105/><E105/><V112/><F29/><W135/><G135/><T2/><D2/><U132/><E132/><V122/><F122/><W1/><G1/><T39/><D39/><U7/><E7/><V93/><F25/><W55/><G129/><T15/><D15/><U124/><E124/><V96/><F42/><W8/><G65/><T94/><D94/><U76/><E27/><RYUUKYOKU ba="0,0" sc="158,30,273,-10,378,-10,191,-10" hai0="12,18,23,46,52,62,63" /><INIT seed="6,1,0,5,2,39" ten="188,263,368,181" oya="2" hai0="103,13,45,56,72,68,107,112,129,80,64,111,127" hai1="35,44,69,121,101,104,113,47,62,131,89,76,102" hai2="40,67,19,57,126,128,12,61,118,105,55,88,77" hai3="17,117,84,132,122,75,31,90,133,96,97,41,34"/><V130/><F118/><W2/><G75/><T29/><D68/><U79/><E131/><N who="2" m="50219" /><F105/><W63/><G122/><T42/><D107/><U15/><E113/><V50/><F77/><W70/><G2/><T36/><D103/><U10/><E35/><V21/><F126/><W86/><G34/><T48/><D29/><U54/><E89/><V60/><F88/><W120/><G31/><T85/><D72/><U7/><E121/><V106/><F106/><W109/><G109/><T91/><D13/><U94/><E104/><V116/><F116/><W30/><G30/><T119/><D119/><U0/><E0/><V5/><F5/><W33/><G33/><T26/><D26/><U20/><E20/><V1/><F1/><W99/><G117/><T134/><D111/><U82/><E102/><V9/><F9/><W46/><G120/><T114/><D127/><U25/><E25/><V28/><F28/><W16/><G90/><T66/><D129/><U37/><E82/><V110/><F110/><W71/><G86/><T8/><D8/><U4/><E4/><V38/><F67/><N who="3" m="41343" /><G71/><T52/><D134/><N who="3" m="51817" /><G84/><T59/><D59/><N who="1" m="35191" /><E69/><V18/><F19/><W124/><G124/><T58/><D58/><U11/><E11/><V123/><F123/><W65/><G65/><T98/><D98/><N who="3" m="25089" /><W32/><DORA hai="23" /><G32/><T125/><D125/><U14/><E10/><V135/><F135/><W78/><G78/><T43/><D66/><U74/><E79/><V3/><F3/><W27/><G27/><T93/><D64/><U92/><E76/><V100/><F100/><W49/><AGARI ba="1,0" hai="16,17,41,46,49" m="25089,51817,41343" machi="49" ten="40,8000,1" yaku="5,1,20,1,52,1,54,1" doraHai="39,23" who="3" fromWho="3" sc="188,-21,263,-21,368,-41,181,83" /><INIT seed="7,0,0,1,2,93" ten="167,242,327,264" oya="3" hai0="62,7,105,102,77,30,135,97,94,71,56,79,54" hai1="110,90,73,80,104,84,95,57,131,3,67,21,125" hai2="127,16,68,32,1,38,120,75,51,107,70,34,64" hai3="41,15,6,50,111,124,116,17,117,121,87,8,14"/><W81/><G121/><T86/><D135/><U36/><E110/><V25/><F38/><W128/><G111/><T118/><D118/><U2/><E36/><V27/><F75/><W78/><G124/><T26/><D71/><U23/><E125/><V96/><F127/><W88/><G128/><T109/><D109/><U106/><E106/><V115/><F1/><W5/><G5/><T12/><D7/><U100/><E131/><V11/><F120/><W69/><G69/><T114/><D114/><U89/><E89/><V60/><F115/><W98/><G14/><T46/><D12/><U65/><E2/><V132/><F51/><W59/><G17/><T40/><D86/><U130/><E3/><V55/><F55/><W43/><G43/><T39/><REACH who="0" step="1"/><D105/><REACH who="0" ten="157,242,327,264" step="2"/><U76/><E130/><V13/><F70/><W108/><G108/><T52/><D52/><U4/><E4/><V22/><F132/><W35/><G15/><T134/><D134/><U9/><E67/><V47/><F68/><W61/><G87/><T31/><D31/><U18/><E18/><V37/><F64/><W112/><G6/><T49/><D49/><U58/><E9/><V122/><F11/><W20/><G50/><T103/><D103/><U33/><E33/><AGARI ba="0,1" hai="26,30,33,39,40,46,54,56,62,77,79,94,97,102" machi="33" ten="30,7700,0" yaku="1,1,7,1,52,1,53,1" doraHai="93" doraHaiUra="48" who="0" fromWho="1" sc="157,87,242,-77,327,0,264,0" owari="244,-16.0,165,-33.0,327,43.0,264,6.0" /></mjloggm>