<mjloggm ver="2.3"><GO type="97" lobby="0"/><UN n0="%E7%A9%BA%E3%81%AF%E8%92%BC%E3%81%8F" n1="%E5%B0%B1%E6%B4%BB%E7%94%9F%40%E5%B7%9D%E6%9D%91%E8%BB%8D%E5%9B%A3" n2="%E3%81%82%E3%81%96%E3%81%A8%E3%81%99" n3="%E5%BA%B7%E4%B9%8B%E9%80%B2" dan="13,16,16,14" rate="1828.98,2088.21,1982.21,1890.67" sx="M,M,M,M"/><TAIKYOKU oya="0"/><INIT seed="0,0,0,1,3,27" ten="250,250,250,250" oya="0" hai0="93,8,63,82,94,126,106,50,25,22,11,59,134" hai1="40,60,13,83,30,53,102,62,107,56,54,96,128" hai2="14,46,16,78,117,41,88,122,110,124,24,51,89" hai3="7,20,10,90,12,57,133,76,49,70,99,112,21"/><T0/><D106/><U3/><E128/><V81/><F122/><W37/><G37/><T95/><BYE who="3" /><D134/><U65/><E3/><V116/><F110/><W79/><G79/><T119/><D119/><N who="2" m="45642" /><F124/><W108/><G108/><T114/><D114/><U85/><E40/><V98/><F98/><W17/><G17/><T67/><D126/><U34/><E13/><V127/><F24/><W1/><G1/><T39/><D39/><U77/><REACH who="1" step="1"/><E60/><REACH who="1" ten="250,240,250,250" step="2"/><V52/><F41/><W92/><G92/><T48/><D0/><U129/><E129/><V38/><F127/><W73/><G73/><T135/><D135/><U118/><E118/><V72/><F38/><W103/><G103/><T26/><D82/><U47/><E47/><V2/><F2/><W68/><G68/><T80/><D80/><U121/><E121/><V113/><F113/><W32/><G32/><T130/><D130/><U91/><E91/><V123/><F123/><W33/><G33/><T101/><D101/><U55/><E55/><V64/><F64/><W125/><G125/><T86/><D86/><U58/><E58/><V87/><F72/><W29/><G29/><T31/><D26/><AGARI ba="0,1" hai="26,30,34,53,54,56,62,65,77,83,85,96,102,107" machi="26" ten="40,2600,0" yaku="1,1,52,1,53,0" doraHai="27" doraHaiUra="45" who="1" fromWho="0" sc="250,-26,240,36,250,0,250,0" /><INIT seed="1,0,0,0,2,89" ten="224,276,250,250" oya="1" hai0="93,98,6,51,131,20,55,109,53,38,45,77,0" hai1="85,118,27,43,25,81,84,28,24,21,9,96,71" hai2="60,10,120,48,16,135,134,117,126,102,30,94,54" hai3="50,15,99,130,88,110,132,113,92,80,133,112,104"/><U123/><E118/><V67/><F120/><W70/><G70/><T40/><D109/><U103/><E71/><V39/><F39/><W127/><G127/><T95/><D131/><U22/><E123/><V49/><F30/><W68/><G68/><T62/><D77/><U41/><E9/><V78/><F78/><W37/><G37/><UN n3="%E5%BA%B7%E4%B9%8B%E9%80%B2" /><T57/><D20/><U100/><E25/><V79/><F79/><W129/><G15/><T23/><D98/><U82/><REACH who="1" step="1"/><E96/><REACH who="1" ten="224,266,250,250" step="2"/><V65/><F117/><W105/><G110/><T52/><D0/><U17/><E17/><V74/><F16/><W122/><G122/><T35/><D6/><U7/><E7/><V5/><F5/><W2/><G130/><T83/><D35/><U114/><E114/><V73/><F10/><W125/><G129/><T19/><D83/><U86/><E86/><V119/><F119/><W63/><G80/><T58/><D55/><U46/><E46/><V121/><F54/><W14/><G113/><T72/><D72/><U3/><E3/><V101/><F121/><W61/><G112/><T47/><D47/><U56/><E56/><V91/><F74/><W31/><G99/><T12/><AGARI ba="0,1" hai="12,19,23,38,40,45,51,52,53,57,58,62,93,95" machi="12" ten="20,8000,1" yaku="0,1,7,1,52,2,54,1" doraHai="89" who="0" fromWho="0" sc="224,90,266,-40,250,-20,250,-20" /><INIT seed="2,0,0,4,0,130" ten="314,226,230,230" oya="2" hai0="87,123,13,110,69,22,99,56,82,61,25,109,113" hai1="63,45,39,27,74,1,15,135,125,65,11,101,128" hai2="37,7,46,75,127,70,133,88,90,31,71,60,91" hai3="34,23,3,50,122,96,42,21,53,59,95,103,98"/><V54/><F75/><W89/><G34/><T106/><D113/><U19/><E128/><V67/><F127/><W80/><G122/><T10/><D69/><U83/><E125/><V28/><F70/><W24/><G3/><T0/><D0/><U102/><E1/><V79/><F79/><W29/><G42/><T93/><D106/><U100/><E135/><V16/><F7/><W33/><G80/><T116/><D123/><U17/><E39/><V105/><F105/><AGARI ba="0,0" hai="21,23,24,29,33,50,53,59,89,95,96,98,103,105" machi="105" ten="30,1000,0" yaku="7,1" doraHai="130" who="3" fromWho="2" sc="314,0,226,0,230,-10,230,10" /><INIT seed="3,0,0,4,0,30" ten="314,226,220,240" oya="3" hai0="94,53,90,51,104,132,47,115,5,124,91,29,76" hai1="38,112,35,102,57,52,48,22,9,23,129,50,10" hai2="61,106,69,32,44,15,72,37,103,25,66,81,58" hai3="31,84,7,121,126,131,16,134,43,82,8,118,85"/><W78/><G121/><T36/><D104/><U26/><E38/><V1/><F1/><W14/><G118/><T97/><D76/><U101/><E112/><V42/><F15/><W59/><G131/><T41/><D115/><U17/><E35/><V54/><F81/><W12/><G134/><T92/><D132/><U113/><E113/><V79/><F79/><W18/><G126/><T34/><D124/><U19/><E129/><V0/><F0/><W123/><G123/><T46/><D5/><U98/><E50/><V2/><F2/><W56/><G43/><T89/><REACH who="0" step="1"/><D94/><REACH who="0" ten="304,226,220,240" step="2"/><N who="1" m="58583" /><E102/><V77/><F77/><W24/><G7/><T21/><D21/><U96/><E96/><V55/><F72/><W128/><G128/><T80/><D80/><U33/><E33/><V67/><F67/><W27/><G85/><T122/><D122/><U64/><E23/><V87/><F87/><W20/><G27/><AGARI ba="0,1" hai="27,29,34,36,41,46,47,51,53,89,90,91,92,97" machi="27" ten="40,2600,0" yaku="1,1,52,1,53,0" doraHai="30" doraHaiUra="65" who="0" fromWho="3" sc="304,36,226,0,220,0,240,-26" owari="340,44.0,226,3.0,220,-18.0,214,-29.0" /></mjloggm>