<mjloggm ver="2.3"><GO type="97" lobby="0"/><UN n0="%E3%81%8D%E3%81%95%E3%82%93%E3%81%98" n1="%E5%B0%B1%E6%B4%BB%E7%94%9F%40%E5%B7%9D%E6%9D%91%E8%BB%8D%E5%9B%A3" n2="%E3%82%8A%E3%81%A3%E3%81%A1%E3%82%83%E3%82%93%E9%9A%8A%E5%93%A1" n3="%E6%9F%B3%E3%81%AB%E7%95%AA%E5%82%98" dan="13,14,15,16" rate="1953.27,1945.46,1966.90,1985.15" sx="M,M,F,M"/><TAIKYOKU oya="0"/><INIT seed="0,0,0,0,2,125" ten="250,250,250,250" oya="0" hai0="55,22,127,54,126,105,62,60,50,66,131,73,81" hai1="30,56,85,69,82,76,98,52,133,95,1,40,113" hai2="46,20,37,88,27,65,57,72,110,132,16,102,101" hai3="9,34,53,134,70,123,104,92,87,64,2,106,117"/><T15/><D105/><U77/><E69/><V48/><F72/><W33/><G53/><T94/><D73/><U96/><E1/><V8/><F110/><W21/><G21/><T6/><D22/><U130/><E113/><V36/><F36/><W19/><G19/><T14/><D94/><U124/><E124/><N who="0" m="47657" /><D81/><U5/><E133/><V90/><F37/><W41/><G92/><T29/><D29/><U59/><E130/><V58/><F8/><W75/><G75/><T26/><D131/><U44/><E5/><V74/><F74/><W97/><G104/><T89/><D89/><N who="2" m="34410" /><F132/><W135/><G106/><T122/><D26/><U103/><E30/><V108/><F108/><W100/><G33/><T119/><D122/><U61/><E59/><N who="2" m="22539" /><F65/><W23/><G64/><T18/><D66/><U4/><E4/><V39/><F39/><W128/><G134/><T99/><D119/><U63/><E77/><V129/><F129/><W118/><G128/><T68/><D68/><U17/><E96/><V93/><F93/><W35/><G70/><T25/><D25/><U114/><E114/><V43/><AGARI ba="0,0" hai="16,20,27,43,46,48,101,102" m="22539,34410" machi="43" ten="30,4000,0" yaku="8,1,54,2" doraHai="125" who="2" fromWho="2" sc="250,-20,250,-10,250,40,250,-10" /><INIT seed="1,0,0,2,0,27" ten="230,240,290,240" oya="1" hai0="120,4,41,6,1,26,121,124,98,17,101,102,83" hai1="0,134,34,69,74,14,115,119,20,55,128,15,81" hai2="50,89,107,37,60,13,63,30,66,84,40,126,131" hai3="58,111,91,36,113,56,62,123,127,116,67,133,106"/><U24/><E119/><V18/><F37/><W12/><G36/><T93/><D41/><U130/><E69/><V73/><F73/><W33/><G106/><T92/><D83/><U94/><E115/><V25/><F107/><W77/><G12/><T70/><D70/><U9/><E134/><V108/><F108/><W3/><G62/><T76/><D76/><U112/><E112/><V7/><F7/><N who="0" m="2602" /><D124/><U16/><E94/><N who="0" m="36457" /><D1/><U49/><E74/><V48/><F40/><W99/><G33/><T21/><D98/><U65/><E81/><V54/><F131/><N who="1" m="50217" /><E65/><V103/><F103/><W51/><G3/><T2/><D2/><U96/><E96/><V85/><F126/><W71/><G99/><T100/><D121/><U72/><E72/><V105/><F105/><W109/><G71/><T129/><D129/><U53/><E34/><V125/><F125/><W43/><G127/><T80/><D120/><U75/><E75/><V22/><F66/><W110/><G67/><T57/><D80/><U10/><E0/><V5/><F85/><W122/><G123/><T45/><D45/><N who="1" m="27823" /><E55/><V95/><F5/><W64/><G122/><T86/><D86/><U19/><E14/><V132/><F132/><W59/><G133/><T114/><D114/><U29/><E15/><V88/><F54/><W31/><G113/><T28/><D57/><U117/><E117/><V79/><F84/><W38/><G116/><T11/><D11/><AGARI ba="0,0" hai="9,10,11,16,19,20,24,29" m="27823,50217" machi="11" ten="30,5800,0" yaku="19,1,52,1,54,1" doraHai="27" who="1" fromWho="0" sc="230,-58,240,58,290,0,240,0" /><INIT seed="1,1,0,1,2,25" ten="172,298,290,240" oya="1" hai0="131,28,101,50,134,35,127,76,60,97,6,22,94" hai1="103,48,85,34,111,57,39,27,40,89,16,29,107" hai2="42,62,90,126,122,81,37,83,21,78,68,19,124" hai3="106,67,109,3,130,114,5,116,74,87,20,108,73"/><U77/><E39/><V38/><F122/><W31/><G106/><T18/><D76/><U61/><E111/><V125/><F90/><W118/><G67/><T46/><D134/><U70/><E77/><V15/><F42/><W123/><G87/><T17/><D131/><U119/><E119/><N who="3" m="45610" /><G130/><T117/><D35/><U53/><E103/><V44/><F44/><W104/><G104/><T98/><D117/><U121/><E107/><V56/><F68/><W80/><G80/><N who="2" m="30793" /><F78/><W0/><G0/><T12/><D98/><U69/><E121/><V75/><F75/><N who="3" m="28683" /><G114/><T102/><D60/><U32/><E32/><V33/><F33/><W30/><G123/><T88/><D127/><U58/><E40/><V55/><AGARI ba="1,0" hai="15,19,21,37,38,55,56,62,124,125,126" m="30793" machi="55" ten="40,1500,0" yaku="18,1" doraHai="25" who="2" fromWho="2" sc="172,-5,298,-8,290,18,240,-5" /><INIT seed="2,0,0,4,2,40" ten="167,290,308,235" oya="2" hai0="34,66,85,56,106,112,18,79,63,7,35,57,110" hai1="76,65,6,0,108,9,111,25,130,50,24,13,26" hai2="20,36,30,114,33,129,28,59,68,109,42,134,12" hai3="60,131,17,46,41,54,62,67,75,104,87,125,88"/><V21/><F68/><W72/><G104/><T83/><D106/><U126/><E65/><V61/><F114/><W92/><G131/><T78/><D112/><U43/><E76/><V29/><F129/><W90/><G125/><T27/><D110/><N who="1" m="42027" /><E130/><V8/><F109/><W1/><G1/><T31/><D78/><U105/><E105/><V116/><F134/><W120/><G120/><T127/><D7/><U102/><E102/><V51/><F36/><W2/><G2/><T115/><D115/><U86/><E86/><V103/><F103/><W69/><G17/><T128/><D128/><U55/><E43/><V89/><F89/><W107/><G107/><T47/><D47/><N who="1" m="28127" /><E126/><V32/><F116/><W101/><G101/><T52/><D127/><U121/><E121/><V122/><F122/><W11/><G90/><T81/><D18/><U58/><E58/><V37/><F33/><W39/><G54/><T97/><D97/><U100/><E100/><V133/><F37/><W73/><G62/><T135/><D135/><U82/><E82/><V98/><F98/><W118/><REACH who="3" step="1"/><G11/><REACH who="3" ten="167,290,308,225" step="2"/><T22/><D83/><U53/><E53/><N who="2" m="34031" /><F133/><W15/><G15/><AGARI ba="0,1" hai="0,6,9,13,15,24,25,26" m="28127,42027" machi="15" ten="30,2000,0" yaku="14,1,52,1" doraHai="40" who="1" fromWho="3" sc="167,0,290,30,308,0,225,-20" /><INIT seed="3,0,0,4,1,80" ten="167,320,308,205" oya="3" hai0="121,130,52,126,31,13,118,99,69,84,71,66,135" hai1="109,34,78,42,68,41,47,92,21,5,123,101,62" hai2="76,122,2,116,95,72,46,96,3,134,7,108,132" hai3="127,60,27,113,131,83,73,70,89,81,45,67,117"/><W115/><G117/><T1/><D121/><U58/><E34/><V55/><F116/><W44/><G73/><T15/><D118/><U35/><E35/><V54/><F122/><W10/><G27/><T49/><D99/><N who="1" m="59623" /><E68/><V63/><F108/><W133/><G45/><N who="0" m="27695" /><D1/><N who="2" m="10" /><F7/><W124/><G131/><T98/><D98/><U33/><E33/><V129/><F129/><W6/><G133/><N who="2" m="51305" /><F63/><W0/><G0/><T112/><D112/><U114/><E114/><V32/><F46/><W9/><G115/><T61/><D130/><U25/><E109/><V43/><F43/><W30/><G113/><T29/><D135/><U23/><E123/><V59/><F59/><W22/><G70/><T97/><D97/><U39/><E39/><V107/><F107/><W74/><G74/><T91/><D126/><U38/><E38/><V103/><F32/><W105/><G124/><T18/><D69/><U51/><E5/><V57/><F57/><W125/><G127/><T11/><D15/><U88/><E78/><V56/><F56/><W128/><G125/><T48/><D48/><U87/><E41/><V106/><F106/><W79/><G105/><T26/><D26/><U53/><E25/><V24/><F24/><W102/><G128/><T77/><D77/><U40/><E40/><V90/><F103/><W20/><G6/><T37/><D37/><U111/><E111/><V100/><F100/><W75/><G75/><T28/><D28/><U36/><E36/><V93/><F93/><AGARI ba="0,0" hai="21,23,42,47,51,53,58,62,87,88,93" m="59623" machi="93" ten="30,3900,0" yaku="8,1,52,1,54,1" doraHai="80" who="1" fromWho="2" sc="167,0,320,39,308,-39,205,0" owari="167,-33.0,359,45.0,269,7.0,205,-19.0" /></mjloggm>