<mjloggm ver="2.3"><GO type="193" lobby="0"/><UN n0="%63%6B%79%67%6E%75%73" n1="%6B%61%6E%61%62%61%32%33" n2="%E3%83%88%E3%83%88%E3%83%AA%E5%85%88%E7%94%9F%31%39%E6%AD%B3" n3="%CE%B2%6F%72%69%73" dan="12,11,12,11" rate="1759.89,1659.41,1868.50,1535.27" sx="F,M,F,M"/><TAIKYOKU oya="0"/><INIT seed="0,0,0,5,3,33" ten="250,250,250,250" oya="0" hai0="117,125,11,61,104,98,26,76,57,75,127,131,135" hai1="105,7,95,72,15,3,100,83,79,134,59,118,87" hai2="43,45,107,69,28,120,20,129,77,74,17,114,111" hai3="123,60,22,5,40,53,65,10,52,51,132,37,67"/><T94/><D117/><U31/><E31/><V6/><F114/><W84/><G132/><T14/><D135/><U13/><E118/><V91/><F120/><W88/><G22/><T71/><D71/><U97/><E134/><V96/><F69/><W58/><G123/><T103/><D131/><U34/><E34/><V119/><F119/><W133/><G133/><T116/><D116/><U110/><E59/><V23/><F129/><W30/><G30/><T70/><D70/><U41/><E41/><V24/><F111/><W115/><G115/><T42/><D42/><U66/><E66/><V124/><F124/><N who="0" m="47690" /><D26/><U48/><E48/><V50/><F6/><W73/><G73/><T8/><D75/><U19/><E110/><V38/><F77/><W36/><G36/><T32/><D32/><U108/><E108/><V9/><F9/><N who="0" m="3658" /><D76/><U106/><E106/><V0/><F74/><W78/><G37/><T49/><D49/><U85/><E7/><V27/><F38/><W81/><G40/><T2/><D14/><U121/><E121/><V54/><F43/><W1/><REACH who="3" step="1"/><G78/><REACH who="3" ten="250,250,250,240" step="2"/><T122/><D122/><U89/><E3/><V35/><F0/><W4/><G4/><T68/><D68/><U90/><REACH who="1" step="1"/><E19/><REACH who="1" ten="250,240,250,240" step="2"/><V39/><F39/><W29/><G29/><T63/><D2/><U92/><AGARI ba="0,2" hai="13,15,72,79,83,85,87,89,90,92,95,97,100,105" machi="92" ten="20,12000,2" yaku="1,1,2,1,0,1,7,1,9,1,24,2,53,0" doraHai="33" doraHaiUra="46" who="1" fromWho="1" sc="250,-60,240,140,250,-30,240,-30" /><INIT seed="1,0,0,0,1,30" ten="190,380,220,210" oya="1" hai0="3,132,123,1,15,8,43,27,41,32,63,17,118" hai1="94,122,129,6,77,85,54,13,121,111,62,0,124" hai2="117,86,70,58,108,16,57,25,102,95,104,39,133" hai3="2,44,131,36,120,82,55,96,64,59,135,76,14"/><U38/><E0/><N who="0" m="73" /><D63/><U10/><E38/><V26/><F117/><W23/><G131/><T42/><D42/><U127/><E129/><V60/><F39/><W20/><G120/><N who="1" m="46186" /><E77/><V90/><F108/><W134/><G96/><T93/><D93/><U12/><E111/><V66/><F133/><N who="3" m="50699" /><G2/><T80/><D80/><U21/><E62/><V116/><F116/><W7/><G64/><T75/><D75/><U91/><E54/><V107/><F102/><W79/><G76/><T84/><D84/><U105/><E105/><V35/><F26/><W68/><G68/><T113/><D43/><U9/><E21/><V101/><F16/><W29/><G29/><N who="0" m="19519" /><D41/><U53/><E53/><V46/><F46/><W47/><G36/><T110/><D123/><U71/><E71/><V11/><F11/><N who="1" m="4105" /><E6/><V72/><F72/><N who="3" m="43367" /><G7/><T109/><D132/><U119/><E119/><V65/><F65/><W73/><G73/><T74/><D74/><U31/><E85/><V45/><F45/><W115/><G115/><T22/><D118/><U50/><E50/><V40/><F40/><W87/><G87/><T114/><D8/><U37/><E37/><V130/><F130/><W81/><G81/><T100/><D100/><U34/><E94/><V19/><F107/><W51/><G47/><T78/><D78/><U69/><E69/><V112/><F104/><W125/><G125/><N who="1" m="48202" /><E91/><V52/><F101/><W49/><G44/><T28/><D28/><U61/><E61/><V4/><F70/><W83/><G83/><T89/><D89/><U56/><E56/><V18/><F58/><W97/><G97/><RYUUKYOKU ba="0,0" sc="190,15,380,15,220,-15,210,-15" hai0="15,17,22,109,110,113,114" hai1="12,13,31,34" /><INIT seed="1,1,0,5,2,92" ten="205,395,205,195" oya="1" hai0="121,2,123,125,22,19,71,33,61,81,87,48,131" hai1="91,128,89,104,106,26,129,51,44,126,29,69,99" hai2="10,111,83,96,37,53,49,43,20,93,23,31,66" hai3="117,58,39,102,42,76,30,132,98,60,77,24,5"/><U85/><E69/><V88/><F111/><W40/><G132/><T86/><D33/><U79/><E126/><V55/><F37/><W74/><G117/><T9/><D125/><U120/><E120/><N who="0" m="46153" /><D131/><N who="1" m="50251" /><E106/><V100/><F66/><W95/><G5/><N who="0" m="1207" /><D48/><U3/><E3/><V28/><F10/><W115/><G115/><T63/><D71/><U41/><E79/><V133/><F133/><W27/><G74/><T32/><D32/><N who="1" m="20535" /><E85/><N who="0" m="32265" /><D81/><U110/><E110/><V82/><F100/><AGARI ba="1,0" hai="41,44,51,89,91,99,100,104" m="20535,50251" machi="100" ten="30,2900,0" yaku="19,1,52,1" doraHai="92" who="1" fromWho="2" sc="205,0,395,32,205,-32,195,0" /><INIT seed="1,2,0,2,5,108" ten="205,427,173,195" oya="1" hai0="13,64,113,88,76,78,65,3,111,89,110,94,97" hai1="6,75,116,68,52,85,112,32,87,18,72,49,17" hai2="10,7,21,25,53,70,0,16,41,132,107,100,119" hai3="98,117,74,133,96,103,67,69,15,90,130,84,95"/><U39/><E39/><V120/><F119/><W102/><G15/><T121/><D3/><U128/><E32/><V118/><F118/><W2/><G2/><T30/><D30/><U28/><E116/><V81/><F120/><W54/><G54/><T123/><D13/><U19/><E68/><V91/><F70/><W50/><G50/><T63/><D63/><U73/><E6/><V71/><F71/><W122/><G69/><T134/><D134/><U114/><E28/><V56/><F132/><W131/><G133/><T40/><D40/><U124/><E124/><V83/><F41/><W51/><G51/><T14/><D14/><U125/><E125/><V57/><F57/><W34/><G67/><T79/><D113/><U43/><E43/><V1/><F1/><W38/><G34/><T11/><D11/><U48/><E128/><N who="3" m="49194" /><G38/><T26/><D89/><U104/><E104/><V46/><F46/><W101/><G122/><N who="0" m="46603" /><D26/><U12/><E12/><V22/><F22/><W8/><G8/><T82/><D82/><U23/><E23/><V58/><F58/><W92/><G117/><T59/><D59/><U9/><E9/><V20/><F20/><W135/><G135/><T24/><D24/><U129/><E129/><V127/><F127/><W126/><G126/><T61/><D61/><U37/><E37/><V5/><F5/><W47/><G47/><T42/><D42/><U80/><E49/><N who="2" m="30767" /><F91/><N who="3" m="53351" /><G74/><T44/><D44/><N who="1" m="27655" /><E80/><V45/><F45/><W105/><AGARI ba="2,0" hai="90,95,96,98,101,102,103,105" m="53351,49194" machi="105" ten="30,4000,0" yaku="19,1,34,2" doraHai="108" who="3" fromWho="3" sc="205,-12,427,-22,173,-12,195,46" /><INIT seed="2,0,0,5,1,119" ten="193,405,161,241" oya="2" hai0="11,22,132,68,40,63,13,15,10,54,124,17,94" hai1="86,117,112,31,95,118,5,106,16,38,70,58,69" hai2="77,111,76,75,55,32,92,6,96,37,105,123,109" hai3="87,52,83,53,29,90,50,79,85,135,104,134,19"/><V101/><F32/><W74/><G29/><T36/><D124/><U8/><E31/><V98/><F37/><W126/><G126/><T122/><D122/><U9/><E38/><V64/><F64/><W113/><G113/><T14/><D132/><N who="3" m="50729" /><G104/><T33/><D33/><U18/><E112/><V84/><F6/><W127/><G127/><T107/><D107/><U91/><E106/><V116/><F55/><W7/><G7/><T110/><D110/><N who="2" m="41994" /><F116/><W59/><G90/><T80/><D68/><U78/><E118/><V66/><F66/><W41/><G19/><N who="0" m="10607" /><D36/><U56/><E117/><V23/><F23/><W129/><G129/><T61/><D40/><U114/><E114/><V93/><F123/><W65/><G65/><T62/><D80/><U131/><E131/><V45/><F45/><N who="3" m="25903" /><G59/><N who="0" m="35063" /><D94/><U125/><E95/><V51/><F51/><W26/><G26/><T39/><D39/><U4/><E125/><V47/><F47/><W102/><G102/><T24/><D24/><U128/><E128/><V21/><F21/><W100/><G100/><T130/><D130/><U60/><E91/><N who="2" m="53351" /><F75/><W27/><G27/><T3/><D3/><U108/><E108/><V30/><F30/><W121/><G121/><T42/><D42/><U120/><E120/><V43/><F43/><W34/><G34/><T67/><D67/><U2/><E2/><V1/><F1/><W88/><G85/><T103/><D103/><AGARI ba="0,0" hai="76,77,93,96,98,101,103,105" m="53351,41994" machi="103" ten="30,11600,0" yaku="14,1,10,1,34,2" doraHai="119" who="2" fromWho="0" sc="193,-116,405,0,161,116,241,0" /><INIT seed="2,1,0,3,4,92" ten="77,405,277,241" oya="2" hai0="29,40,2,10,115,116,63,121,23,130,30,31,26" hai1="135,108,87,99,126,5,44,74,90,73,47,45,0" hai2="21,64,52,22,117,76,122,79,85,8,15,68,112" hai3="39,69,62,33,80,57,28,129,58,104,70,103,67"/><V89/><F112/><W35/><G129/><T50/><D115/><U133/><E126/><V17/><F117/><W82/><G103/><T75/><D75/><U72/><E108/><V102/><F122/><W119/><G104/><T118/><D121/><U81/><E5/><V25/><F102/><W77/><G119/><N who="0" m="45611" /><D63/><U32/><E32/><V48/><F64/><W54/><G28/><N who="0" m="10859" /><D40/><U38/><E0/><V94/><F68/><W111/><G111/><T7/><D50/><U123/><E123/><V55/><F22/><W106/><G77/><N who="2" m="29769" /><F48/><W36/><G106/><T37/><D37/><U86/><E38/><V24/><F24/><W16/><G16/><AGARI ba="1,0" hai="8,15,16,17,21,25,52,55,85,89,94" m="29769" machi="16" ten="30,5800,0" yaku="8,1,54,2" doraHai="92" who="2" fromWho="3" sc="77,0,405,0,277,61,241,-61" /><INIT seed="2,2,0,1,5,110" ten="77,405,338,180" oya="2" hai0="1,7,81,23,109,104,31,9,103,41,89,80,82" hai1="126,0,88,134,60,10,37,135,29,97,133,11,63" hai2="24,112,6,57,49,22,113,125,92,51,100,84,86" hai3="26,120,32,85,106,48,44,102,14,8,129,69,67"/><V105/><F105/><W54/><G129/><T79/><D109/><U27/><E37/><V124/><F6/><W42/><G120/><T17/><D31/><U74/><E74/><V33/><F33/><W39/><G32/><T19/><D19/><U98/><E0/><V132/><F132/><W61/><G106/><T93/><D104/><U53/><E126/><N who="2" m="48747" /><F100/><W70/><G85/><N who="2" m="32873" /><F92/><W59/><G102/><T83/><D103/><U118/><E118/><V121/><F121/><W2/><G14/><T99/><N who="0" m="20992" /><DORA hai="75" /><T77/><REACH who="0" step="1"/><D41/><REACH who="0" ten="67,405,338,180" step="2"/><U131/><E29/><N who="2" m="17559" /><F57/><W45/><G26/><AGARI ba="2,1" hai="1,7,9,17,23,26,77,79,89,93,99" m="20992" machi="26" ten="50,6400,0" yaku="1,1,52,2,53,0" doraHai="110,75" doraHaiUra="130,28" who="0" fromWho="3" sc="67,80,405,0,338,0,180,-70" /><INIT seed="3,0,0,0,1,10" ten="147,405,338,110" oya="3" hai0="113,3,54,123,105,120,6,101,25,60,87,103,77" hai1="83,80,51,90,15,49,0,38,99,63,86,76,64" hai2="19,34,119,134,36,67,39,32,11,104,47,26,129" hai3="135,125,118,40,70,109,35,116,33,65,53,14,16"/><W58/><G125/><T91/><D3/><U130/><E0/><V22/><F119/><W68/><G135/><T128/><D6/><U30/><E30/><V96/><F129/><W89/><G40/><T21/><D128/><U98/><E38/><V48/><F134/><W95/><G68/><T133/><D133/><U37/><E37/><V43/><F39/><W85/><G109/><T114/><D77/><U111/><E111/><V56/><F11/><W12/><G14/><T122/><D54/><U92/><E130/><V18/><F18/><W1/><G1/><T115/><D60/><U78/><E99/><V71/><F96/><W84/><G85/><T106/><D21/><U126/><E126/><V27/><F27/><W82/><G65/><T81/><REACH who="0" step="1"/><D25/><REACH who="0" ten="137,405,338,110" step="2"/><U42/><E63/><V9/><F32/><W112/><G112/><T124/><D124/><U74/><E64/><V2/><F34/><N who="3" m="12811" /><G70/><T52/><D52/><U61/><E61/><V59/><F2/><W29/><G29/><T72/><D72/><U57/><E42/><V75/><F75/><W93/><G82/><T17/><D17/><U102/><E74/><V20/><F9/><W24/><G24/><T121/><N who="0" m="31232" /><DORA hai="7" /><T110/><D110/><U44/><E78/><V108/><F108/><W66/><G66/><T132/><D132/><U94/><E76/><V69/><F67/><W45/><G45/><T100/><AGARI ba="0,1" hai="81,87,91,100,101,103,105,106,113,114,115" m="31232" machi="100" ten="70,16000,3" yaku="1,1,0,1,29,2,11,1,34,3,53,1" doraHai="10,7" doraHaiUra="79,8" who="0" fromWho="0" sc="137,170,405,-40,338,-40,110,-80" owari="307,11.0,365,46.0,298,-10.0,30,-47.0" /></mjloggm>