<mjloggm ver="2.3"><GO type="225" lobby="0"/><UN n0="%43%52%41%5A%59%52%41%54" n1="%E3%82%AB%E3%83%9C%E3%83%81%E3%83%A3%E3%82%BF%E3%83%8D" n2="%E3%83%88%E3%83%88%E3%83%AA%E5%85%88%E7%94%9F%31%39%E6%AD%B3" n3="%53%65%6E%61%72" dan="16,16,17,16" rate="2075.23,2109.90,2226.22,2129.52" sx="M,M,F,M"/><TAIKYOKU oya="0"/><INIT seed="0,0,0,2,2,126" ten="250,250,250,250" oya="0" hai0="98,18,90,121,48,22,80,1,97,95,28,57,78" hai1="112,122,33,37,102,34,52,104,25,44,17,88,61" hai2="69,116,73,14,103,53,85,135,27,50,31,59,40" hai3="93,32,131,10,100,5,55,87,6,111,134,43,66"/><T15/><D1/><U36/><E122/><V109/><F73/><W21/><G32/><T11/><D121/><U132/><E112/><V7/><F69/><W67/><G111/><T64/><D98/><U13/><E132/><V77/><F109/><W26/><G134/><T60/><D48/><U129/><E129/><V107/><F135/><W118/><G118/><T45/><D45/><U133/><E133/><V38/><F116/><W130/><G43/><T29/><REACH who="0" step="1"/><D11/><REACH who="0" ten="240,250,250,250" step="2"/><U30/><E44/><V62/><F38/><W23/><G10/><T92/><D92/><U128/><E37/><V12/><F50/><W9/><G9/><T114/><D114/><U65/><E36/><V41/><F40/><W108/><G108/><T19/><D19/><U91/><E17/><V24/><F41/><W47/><G93/><T79/><D79/><U4/><E104/><V46/><F46/><W70/><G47/><T83/><D83/><U115/><E115/><V75/><F107/><W3/><G3/><T96/><D96/><U120/><E120/><V113/><F113/><W106/><G106/><T42/><D42/><U76/><E76/><V86/><F7/><W84/><G5/><T49/><D49/><U58/><E4/><V99/><F99/><W125/><G6/><T39/><D39/><U56/><E61/><V16/><F16/><W68/><G130/><T119/><D119/><U35/><E128/><V2/><F2/><W127/><G131/><T105/><D105/><U123/><E123/><V81/><F77/><W63/><G63/><T8/><D8/><U117/><E117/><RYUUKYOKU ba="0,1" sc="240,30,250,-10,250,-10,250,-10" hai0="15,18,22,28,29,57,60,64,78,80,90,95,97" /><INIT seed="0,1,1,3,4,16" ten="270,240,240,240" oya="0" hai0="53,80,28,22,120,8,40,24,42,104,46,130,123" hai1="70,71,62,91,95,43,76,33,64,7,47,103,13" hai2="100,72,25,63,27,108,11,20,78,94,1,121,115" hai3="114,2,84,68,117,18,60,83,66,31,56,113,122"/><T15/><D104/><U87/><E33/><V92/><F115/><W48/><G117/><T36/><D130/><U79/><E103/><V106/><F121/><W128/><G128/><T41/><D80/><U77/><E7/><V10/><F27/><W135/><G122/><T107/><D107/><U54/><E13/><V17/><F108/><W58/><G135/><T26/><D123/><U132/><E132/><V9/><F1/><W29/><G2/><T49/><D120/><U124/><E54/><V89/><F106/><W102/><G102/><T14/><D26/><U119/><E124/><V52/><F100/><W73/><G73/><T134/><D134/><U75/><E119/><V65/><F72/><W99/><G99/><T129/><D129/><U98/><E75/><V93/><F78/><W105/><G105/><T6/><REACH who="0" step="1"/><D15/><REACH who="0" ten="260,240,240,240" step="2"/><U118/><E118/><V133/><F133/><W57/><G113/><T4/><D4/><U45/><E76/><V126/><F126/><W69/><G114/><T0/><D0/><U112/><E77/><V61/><F93/><W131/><G131/><T127/><D127/><U44/><E112/><V74/><F74/><W81/><G81/><T38/><AGARI ba="1,2" hai="6,8,14,22,24,28,36,38,40,41,42,46,49,53" machi="38" ten="30,6000,0" yaku="1,1,0,1,52,1,53,0" doraHai="16" doraHaiUra="96" who="0" fromWho="0" sc="260,83,240,-21,240,-21,240,-21" /><INIT seed="0,2,0,3,5,94" ten="343,219,219,219" oya="0" hai0="83,28,14,35,96,9,47,39,24,91,112,109,99" hai1="97,60,34,122,74,45,103,76,86,38,59,131,61" hai2="27,51,78,113,43,121,75,115,33,72,70,73,56" hai3="133,89,93,29,42,71,44,12,134,66,79,95,48"/><T0/><D0/><U119/><E122/><V126/><F121/><W104/><G104/><T111/><D112/><U107/><E119/><V124/><F70/><W80/><G29/><T23/><D35/><U1/><E131/><V37/><F37/><W40/><G40/><N who="0" m="22943" /><D83/><U8/><E34/><V11/><F78/><W77/><G12/><T55/><D91/><U125/><E125/><N who="2" m="48235" /><F11/><W123/><G123/><T106/><D55/><U130/><E86/><V110/><F110/><N who="0" m="41994" /><D106/><U19/><E130/><V6/><F43/><W7/><G93/><T92/><D92/><U100/><E100/><V98/><F113/><W17/><G80/><T127/><D127/><U16/><E74/><V10/><F115/><W26/><G79/><T49/><D49/><U21/><E76/><V85/><F51/><W15/><G77/><T128/><D128/><U57/><E38/><V105/><F85/><W46/><G48/><T65/><D65/><U31/><E45/><V20/><F33/><W36/><G46/><T90/><D90/><U114/><E114/><V69/><F72/><W52/><G89/><T32/><D32/><U53/><E1/><N who="2" m="335" /><F73/><W54/><G36/><T118/><D118/><U3/><E3/><V117/><F75/><W87/><G42/><T4/><AGARI ba="2,0" hai="4,9,14,23,24,28,96,99" m="41994,22943" machi="4" ten="30,11700,0" yaku="14,1,10,1,52,2" doraHai="94" who="0" fromWho="0" sc="343,123,219,-41,219,-41,219,-41" /><INIT seed="0,3,0,5,5,30" ten="466,178,178,178" oya="0" hai0="58,32,134,21,50,53,114,16,33,8,13,22,94" hai1="59,39,24,51,131,25,20,56,99,75,17,15,74" hai2="18,54,67,87,28,3,0,43,95,91,41,96,110" hai3="111,98,104,117,5,69,125,70,113,82,118,66,9"/><T85/><D114/><U73/><E39/><V101/><F110/><W135/><G111/><T34/><REACH who="0" step="1"/><D134/><REACH who="0" ten="456,178,178,178" step="2"/><U23/><E131/><V62/><F3/><W121/><G135/><T61/><D61/><U44/><E99/><V119/><F0/><W109/><G98/><T35/><N who="0" m="8192" /><DORA hai="84" /><T123/><D123/><U107/><E107/><V49/><F96/><W88/><G104/><T133/><D133/><U14/><E73/><V7/><F62/><W1/><G121/><T108/><D108/><U19/><E51/><V6/><F49/><W26/><G1/><T97/><D97/><U4/><REACH who="1" step="1"/><E44/><REACH who="1" ten="456,168,178,178" step="2"/><V11/><F87/><W129/><G109/><T112/><D112/><U68/><E68/><V102/><F119/><W71/><G71/><T77/><D77/><U122/><E122/><V52/><F102/><W80/><G70/><T42/><D42/><U38/><E38/><V81/><F101/><W12/><G69/><T40/><D40/><U100/><E100/><V64/><F43/><W86/><G113/><T89/><AGARI ba="3,2" hai="8,13,16,21,22,50,53,58,85,89,94" m="8192" machi="89" ten="60,24000,3" yaku="1,1,0,1,52,5,54,1,53,0" doraHai="30,84" doraHaiUra="115,57" who="0" fromWho="0" sc="456,269,168,-83,178,-83,178,-83" /><INIT seed="0,4,0,4,2,106" ten="725,85,95,95" oya="0" hai0="111,48,84,64,91,30,61,81,12,49,80,27,1" hai1="94,43,105,128,126,101,20,98,38,57,18,31,9" hai2="8,26,54,95,62,65,103,53,107,112,127,66,28" hai3="52,117,87,102,25,135,37,90,63,7,72,131,11"/><T93/><D1/><U134/><E128/><V133/><F112/><W5/><G117/><T97/><D111/><U4/><E134/><V99/><F133/><W74/><G37/><T78/><D12/><U110/><E126/><V96/><F127/><W0/><G135/><T92/><D81/><U36/><E110/><V121/><F8/><W114/><G114/><T122/><D93/><U2/><E43/><V68/><F65/><W33/><G131/><T116/><D116/><U41/><E41/><V100/><REACH who="2" step="1"/><F121/><REACH who="2" ten="725,85,85,95" step="2"/><W10/><G10/><T14/><D122/><U125/><E125/><V24/><F24/><W16/><G25/><T130/><D130/><U85/><E31/><V123/><F123/><W42/><G11/><T23/><REACH who="0" step="1"/><D14/><REACH who="0" ten="715,85,85,95" step="2"/><U73/><E2/><V108/><F108/><W40/><G0/><T86/><D86/><U58/><E85/><V124/><F124/><W19/><G87/><T82/><D82/><U47/><E9/><V69/><F69/><AGARI ba="4,2" hai="23,27,30,48,49,61,64,69,78,80,84,91,92,97" machi="69" ten="30,2900,0" yaku="1,1,7,1,53,0" doraHai="106" doraHaiUra="35" who="0" fromWho="2" sc="715,61,85,0,85,-41,95,0" /><INIT seed="0,5,0,1,0,111" ten="776,85,44,95" oya="0" hai0="11,64,73,121,122,18,112,90,117,120,56,118,71" hai1="100,8,108,131,107,123,77,5,80,97,86,33,88" hai2="126,96,85,128,119,70,68,12,84,75,87,113,101" hai3="106,114,55,31,78,115,47,94,0,16,79,1,110"/><T91/><D71/><U44/><E33/><V66/><F75/><W15/><G106/><T20/><D73/><U116/><E116/><V35/><F35/><W133/><G31/><T109/><D109/><U58/><E123/><V28/><F28/><W95/><G110/><T26/><D112/><U74/><E108/><V57/><F119/><W127/><G127/><T3/><D117/><U51/><E58/><V92/><F126/><W98/><G133/><T89/><D118/><U23/><E23/><V22/><F113/><W25/><G25/><T60/><D11/><U62/><E62/><V27/><F128/><W61/><G95/><T2/><AGARI ba="5,0" hai="2,3,18,20,26,56,60,64,89,90,91,120,121,122" machi="2" ten="40,2100,0" yaku="0,1" doraHai="111" who="0" fromWho="0" sc="776,36,85,-12,44,-12,95,-12" /><INIT seed="0,6,0,5,5,83" ten="812,73,32,83" oya="0" hai0="85,37,101,26,32,106,114,105,132,84,99,15,67" hai1="127,112,96,102,116,33,123,63,30,80,55,24,19" hai2="115,131,110,16,90,56,58,23,48,10,18,54,73" hai3="76,74,43,125,119,61,47,107,12,77,9,91,68"/><T118/><D118/><U51/><E116/><V64/><F115/><W71/><G119/><T59/><D106/><U120/><E112/><V25/><F73/><W75/><G107/><T14/><D114/><U53/><E127/><V117/><F117/><W11/><G91/><T36/><D132/><U111/><E111/><V21/><F110/><W45/><G61/><T22/><D32/><U72/><E19/><V95/><F131/><W4/><G12/><T52/><D67/><U50/><E63/><V103/><F10/><W7/><G43/><T108/><D108/><U104/><E72/><V94/><F103/><W20/><G20/><T3/><D3/><U134/><E134/><V62/><F90/><W89/><G89/><T29/><D14/><U86/><E51/><V93/><F93/><W88/><G88/><T17/><D15/><AGARI ba="6,0" hai="15,16,18,21,23,25,48,54,56,58,62,64,94,95" machi="15" ten="30,3900,0" yaku="7,1,8,1,54,1" doraHai="83" who="2" fromWho="0" sc="812,-57,73,0,32,57,83,0" /><INIT seed="1,0,0,0,4,82" ten="755,73,89,83" oya="1" hai0="34,43,22,123,35,59,96,101,42,93,16,60,99" hai1="13,113,70,63,105,107,85,90,102,19,79,52,120" hai2="29,56,86,103,53,37,75,50,49,17,88,8,118" hai3="14,131,71,84,12,130,95,92,6,106,97,24,114"/><U111/><E113/><V26/><F37/><W133/><G114/><T125/><D123/><U23/><E120/><V76/><F118/><W100/><G71/><T129/><D129/><N who="3" m="49161" /><G133/><T127/><D99/><U38/><E38/><V33/><F103/><W11/><G24/><N who="0" m="14407" /><D34/><U72/><E102/><V21/><F76/><W117/><G117/><T1/><D35/><U115/><E115/><V20/><F75/><W122/><G122/><T48/><D1/><U15/><E79/><V109/><F109/><W0/><G106/><T116/><D116/><U66/><E72/><V80/><F8/><W10/><G10/><T69/><D69/><U64/><E111/><V18/><F33/><W25/><G25/><T132/><D132/><U5/><E66/><V9/><F9/><W40/><G40/><T39/><D39/><U89/><E5/><V44/><F21/><W110/><G110/><T108/><D108/><U128/><E128/><V83/><F83/><W77/><G77/><T57/><D127/><U41/><E41/><AGARI ba="0,0" hai="17,18,20,26,29,41,44,49,50,53,56,80,86,88" machi="41" ten="30,7700,0" yaku="7,1,8,1,52,1,54,1" doraHai="82" who="2" fromWho="1" sc="755,0,73,-77,89,77,83,0" owari="755,85.0,-4,-50.0,166,-3.0,83,-32.0" /></mjloggm>