<mjloggm ver="2.3"><GO type="97" lobby="0"/><UN n0="%E3%82%A2%E3%82%B9%E3%83%9A%E3%83%AB%E3%82%AC%E3%83%BC%37%E6%AE%B5" n1="%64%72%75%67%41%53%41" n2="%E5%B0%B1%E6%B4%BB%E7%94%9F%40%E5%B7%9D%E6%9D%91%E8%BB%8D%E5%9B%A3" n3="%73%69%6E%65%68%69%6D%65" dan="13,14,14,13" rate="1932.49,1932.81,1998.28,2016.02" sx="M,M,M,F"/><TAIKYOKU oya="0"/><INIT seed="0,0,0,5,1,82" ten="250,250,250,250" oya="0" hai0="0,33,77,21,97,90,63,105,32,122,135,16,106" hai1="129,108,109,12,47,79,15,128,87,86,19,132,133" hai2="111,131,126,62,42,44,51,95,8,84,74,85,14" hai3="96,10,72,49,61,98,71,101,11,40,124,110,125"/><T25/><D135/><N who="1" m="51787" /><E47/><V78/><F126/><N who="3" m="48747" /><G72/><T55/><D122/><U57/><E57/><V67/><F131/><N who="1" m="50249" /><E79/><V18/><F111/><N who="1" m="42569" /><E19/><V58/><REACH who="2" step="1"/><F95/><REACH who="2" ten="250,250,240,250" step="2"/><W100/><G110/><T28/><D77/><U20/><E20/><V43/><F43/><W69/><G40/><T66/><D0/><U80/><E80/><AGARI ba="0,1" hai="8,14,18,42,44,51,58,62,67,74,78,80,84,85" machi="80" ten="40,8000,1" yaku="1,1,52,2,53,1" doraHai="82" doraHaiUra="59" who="2" fromWho="1" sc="250,0,250,-80,240,90,250,0" /><INIT seed="1,0,0,5,1,19" ten="250,170,330,250" oya="1" hai0="113,11,88,56,75,131,89,57,13,87,34,80,5" hai1="128,9,0,24,102,93,17,107,52,121,23,63,118" hai2="43,46,74,85,39,16,62,27,35,91,90,122,79" hai3="28,109,78,36,108,40,7,67,33,70,95,97,135"/><U25/><E118/><V120/><F74/><W104/><G104/><T114/><D131/><U83/><E128/><V106/><F106/><W101/><G135/><T31/><D75/><U105/><E121/><V60/><F79/><W47/><G7/><T29/><D34/><U51/><E63/><V71/><F91/><N who="0" m="34890" /><D114/><U98/><E83/><V134/><F134/><W54/><G78/><N who="0" m="46487" /><D113/><U92/><E92/><V115/><F115/><W129/><G129/><T110/><D110/><N who="3" m="42601" /><G54/><T6/><D6/><U21/><E9/><V2/><F2/><W44/><G44/><T26/><D26/><U45/><REACH who="1" step="1"/><E0/><REACH who="1" ten="250,160,330,250" step="2"/><V100/><F62/><N who="3" m="40311" /><G28/><AGARI ba="0,1" hai="5,11,13,28,29,31,56,57" m="46487,34890" machi="28" ten="30,2000,0" yaku="8,1,54,1" doraHai="19" who="0" fromWho="3" sc="250,30,160,0,330,0,250,-20" /><AGARI ba="0,0" hai="17,21,23,24,25,28,45,51,52,93,98,102,105,107" machi="28" ten="30,12000,1" yaku="1,1,7,1,52,2,54,1,53,0" doraHai="19" doraHaiUra="127" who="1" fromWho="3" sc="280,0,160,120,330,0,230,-120" /><INIT seed="1,1,0,0,1,102" ten="280,280,330,110" oya="1" hai0="127,124,114,94,65,18,128,13,81,112,45,57,54" hai1="95,50,66,105,91,21,3,111,51,72,123,125,92" hai2="96,42,90,26,30,110,117,116,67,86,22,2,20" hai3="43,55,78,11,61,7,14,64,82,10,34,69,52"/><U56/><E123/><V32/><F2/><W23/><G34/><T41/><D128/><U8/><E72/><V120/><F120/><W100/><G100/><T87/><D94/><U16/><E105/><V83/><F110/><W48/><G23/><N who="0" m="11727" /><D65/><U29/><E111/><V19/><F42/><W63/><G63/><N who="0" m="36279" /><D41/><U109/><E109/><V24/><F67/><W76/><G76/><N who="0" m="46503" /><D45/><U118/><E118/><V59/><F59/><W88/><G11/><T6/><D6/><U17/><E125/><AGARI ba="1,0" hai="112,114,124,125,127" m="46503,36279,11727" machi="125" ten="30,1000,0" yaku="18,1" doraHai="102" who="0" fromWho="1" sc="280,13,280,-13,330,0,110,0" /><INIT seed="2,0,0,1,4,45" ten="293,267,330,110" oya="2" hai0="54,89,18,30,93,122,116,87,3,133,38,84,14" hai1="81,49,50,79,110,8,1,42,26,23,74,105,11" hai2="106,0,59,9,61,99,82,86,12,57,96,102,73" hai3="39,13,113,70,6,48,63,78,120,112,40,22,76"/><V44/><F0/><W117/><G120/><T115/><D133/><U119/><E110/><V15/><F73/><W43/><G117/><T64/><D122/><U53/><E119/><V36/><F99/><W5/><G22/><T75/><D116/><U51/><E105/><V55/><F59/><W47/><G13/><T134/><D134/><U66/><E66/><V132/><F132/><W98/><G98/><T129/><D129/><U85/><E74/><V121/><F121/><W118/><G118/><T37/><D115/><N who="3" m="44105" /><G78/><T80/><D3/><U124/><E124/><V16/><F15/><W88/><G76/><T41/><D75/><U91/><E42/><V46/><REACH who="2" step="1"/><F36/><REACH who="2" ten="293,267,320,110" step="2"/><W56/><G6/><T126/><D37/><U131/><E1/><V31/><F31/><W4/><G5/><T34/><D30/><N who="1" m="17759" /><E131/><V27/><F27/><W123/><G4/><T97/><D38/><U72/><E72/><V135/><F135/><W20/><G123/><T60/><D126/><U69/><E69/><V62/><F62/><W83/><G70/><T94/><D60/><U10/><E79/><AGARI ba="0,1" hai="9,12,16,44,46,55,57,61,79,82,86,96,102,106" machi="79" ten="30,5800,0" yaku="1,1,7,1,54,1,53,0" doraHai="45" doraHaiUra="68" who="2" fromWho="1" sc="293,0,267,-58,320,68,110,0" /><INIT seed="2,1,0,3,1,1" ten="293,209,388,110" oya="2" hai0="60,96,117,123,6,70,32,103,130,109,47,80,51" hai1="20,94,125,111,58,26,10,132,86,122,66,68,127" hai2="22,92,113,79,126,77,135,42,39,81,31,88,118" hai3="28,50,48,129,99,18,61,108,95,11,67,78,106"/><V72/><F118/><W119/><G106/><T76/><D130/><U112/><E68/><V102/><F113/><W53/><G119/><T63/><D123/><U21/><E112/><V82/><F126/><N who="1" m="48137" /><E122/><V62/><F135/><W13/><G129/><T107/><D117/><U114/><E114/><V41/><F102/><W43/><G108/><T4/><D109/><U133/><E111/><V46/><F41/><W9/><G78/><T27/><D60/><N who="1" m="38167" /><E10/><V120/><F120/><W25/><G43/><T84/><D51/><U83/><E94/><V38/><F38/><W87/><G87/><T5/><D47/><U49/><E49/><V91/><F92/><W104/><G104/><T105/><D105/><U115/><E115/><V121/><F121/><W128/><G128/><T24/><REACH who="0" step="1"/><D32/><REACH who="0" ten="283,209,388,110" step="2"/><U44/><E44/><V3/><F62/><W71/><G53/><T134/><D134/><N who="1" m="51819" /><E26/><V59/><F46/><W90/><REACH who="3" step="1"/><G11/><REACH who="3" ten="283,209,388,100" step="2"/><T124/><D124/><U14/><E14/><V0/><F42/><W30/><G30/><T54/><D54/><U57/><E57/><V73/><F59/><W23/><AGARI ba="1,2" hai="9,13,18,23,25,28,48,50,61,67,71,90,95,99" machi="23" ten="20,2700,0" yaku="1,1,0,1,7,1,53,0" doraHai="1" doraHaiUra="29" who="3" fromWho="3" sc="283,-8,209,-8,388,-14,100,50" /><INIT seed="3,0,0,3,1,121" ten="275,201,374,150" oya="3" hai0="90,23,64,55,89,124,1,85,14,8,22,88,87" hai1="126,66,58,70,100,60,113,34,13,37,116,114,79" hai2="68,73,9,104,17,93,135,125,83,18,45,59,54" hai3="120,96,20,63,91,38,95,74,108,132,128,51,12"/><W32/><G120/><T31/><D124/><U101/><E126/><V41/><F104/><W21/><G38/><T117/><D117/><U49/><E116/><V62/><F125/><W98/><G32/><T78/><D1/><U39/><E34/><V44/><F68/><W67/><G74/><T52/><D64/><U43/><E79/><V46/><F135/><W119/><G119/><T72/><D72/><U127/><E127/><V30/><F30/><W61/><G132/><T71/><D71/><U15/><E101/><V40/><F93/><W25/><G128/><T47/><D78/><U11/><E100/><V7/><F83/><W42/><G108/><T134/><D134/><U36/><E15/><N who="2" m="5567" /><F73/><W80/><G80/><T48/><D55/><N who="1" m="32111" /><E13/><V10/><F10/><W109/><G109/><T81/><D31/><U77/><E77/><V35/><F35/><W4/><G96/><T115/><D115/><N who="1" m="44043" /><E11/><V118/><F118/><W111/><G111/><T133/><D133/><U2/><E2/><V16/><AGARI ba="0,0" hai="16,17,18,40,41,44,45,46,54,59,62" m="5567" machi="16" ten="30,2000,0" yaku="8,1,54,1" doraHai="121" who="2" fromWho="2" sc="275,-5,201,-5,374,20,150,-10" owari="270,7.0,196,-20.0,394,49.0,140,-36.0" /></mjloggm>