<mjloggm ver="2.3"><GO type="97" lobby="0"/><UN n0="%E5%BC%B7%E6%AC%B2" n1="%E3%83%88%E3%83%88%E3%83%AA%E5%85%88%E7%94%9F%31%39%E6%AD%B3" n2="%73%61%69%73%73%37%37%37" n3="%6E%6F%69%67%79" dan="15,14,14,13" rate="2010.28,2025.34,1954.89,1897.71" sx="M,F,M,M"/><TAIKYOKU oya="0"/><INIT seed="0,0,0,2,2,15" ten="250,250,250,250" oya="0" hai0="134,29,105,2,86,73,41,62,23,78,90,74,132" hai1="91,121,11,51,81,42,66,64,45,9,57,50,6" hai2="96,85,119,129,99,5,82,54,69,108,35,79,125" hai3="32,130,14,33,17,28,97,56,26,133,36,72,71"/><T22/><D2/><U75/><E121/><V106/><F69/><W89/><G71/><T48/><D105/><U39/><E11/><V52/><F35/><W110/><G36/><T34/><D34/><U131/><E131/><V37/><F129/><W104/><G72/><N who="0" m="27755" /><D78/><N who="1" m="44255" /><E91/><V8/><F37/><W10/><G133/><N who="0" m="51307" /><D62/><N who="1" m="37967" /><E66/><V123/><F123/><W94/><G130/><T95/><D29/><U118/><E118/><V77/><F119/><W49/><G110/><T84/><D84/><U127/><E127/><V19/><F108/><W16/><G104/><T61/><D61/><U46/><E46/><AGARI ba="0,0" hai="22,23,41,46,48,86,90,95" m="51307,27755" machi="46" ten="30,1500,0" yaku="20,1" doraHai="15" who="0" fromWho="1" sc="250,15,250,-15,250,0,250,0" /><INIT seed="0,1,0,0,4,13" ten="265,235,250,250" oya="0" hai0="24,71,49,35,80,46,51,23,96,102,111,107,25" hai1="64,72,34,54,47,2,123,95,124,92,29,134,128" hai2="16,77,88,1,110,101,99,14,103,94,132,9,62" hai3="7,87,100,84,68,39,126,27,56,63,28,59,79"/><T78/><D111/><U8/><E123/><V93/><F1/><W53/><G39/><T86/><D71/><U18/><E72/><V12/><F110/><W116/><G116/><T85/><D35/><U125/><E128/><V44/><F132/><W76/><G126/><N who="1" m="48746" /><E134/><V60/><F77/><W36/><G36/><T6/><D6/><N who="1" m="1111" /><E64/><V119/><F44/><W5/><G100/><N who="2" m="38473" /><F119/><W31/><G68/><T41/><D85/><U17/><E29/><V45/><F45/><W114/><G114/><T73/><D73/><U40/><E54/><V115/><F115/><W21/><G56/><T57/><REACH who="0" step="1"/><D23/><REACH who="0" ten="255,235,250,250" step="2"/><U105/><E34/><V61/><F94/><N who="1" m="35881" /><E105/><V58/><F14/><W30/><G7/><T32/><D32/><U112/><E112/><V97/><F97/><W38/><G5/><T55/><AGARI ba="1,1" hai="24,25,41,46,49,51,55,57,78,80,86,96,102,107" machi="55" ten="30,6000,0" yaku="1,1,0,1,53,1" doraHai="13" doraHaiUra="98" who="0" fromWho="0" sc="255,73,235,-21,250,-21,250,-21" /><INIT seed="0,2,0,1,0,52" ten="328,214,229,229" oya="0" hai0="69,25,28,33,4,61,95,47,101,74,48,12,38" hai1="46,99,1,57,34,64,36,22,103,80,40,30,39" hai2="135,14,117,20,42,107,84,26,3,50,134,51,111" hai3="114,17,70,77,123,79,29,10,66,68,116,49,94"/><T100/><D38/><U112/><E1/><V60/><F107/><W109/><G116/><T41/><D74/><U93/><E34/><V131/><F3/><W8/><G114/><T9/><REACH who="0" step="1"/><D95/><REACH who="0" ten="318,214,229,229" step="2"/><U78/><E36/><V86/><F117/><W126/><G123/><T115/><D115/><U129/><E112/><V76/><F135/><W71/><G126/><T89/><D89/><U132/><E132/><V85/><F134/><W63/><G109/><T44/><D44/><U105/><E105/><V113/><F111/><W37/><G37/><T43/><D43/><U121/><E121/><V16/><F42/><W54/><G94/><T24/><D24/><N who="1" m="16663" /><E39/><V81/><F113/><W59/><G29/><T98/><D98/><U19/><E46/><V92/><F26/><W2/><G2/><T96/><D96/><U15/><E40/><V27/><F27/><W133/><G133/><T67/><AGARI ba="2,1" hai="4,9,12,25,28,33,41,47,48,61,67,69,100,101" machi="67" ten="30,3000,0" yaku="1,1,0,1,53,0" doraHai="52" doraHaiUra="130" who="0" fromWho="0" sc="318,46,214,-12,229,-12,229,-12" /><INIT seed="0,3,0,4,2,15" ten="364,202,217,217" oya="0" hai0="10,46,4,97,93,63,117,75,104,3,32,129,8" hai1="115,126,81,29,48,88,87,67,113,92,20,54,131" hai2="94,84,73,47,130,58,111,82,12,91,118,21,90" hai3="116,25,69,132,49,22,2,119,52,60,45,89,105"/><T80/><D117/><U41/><E131/><V31/><F111/><W5/><G105/><T133/><D129/><U134/><E134/><V99/><F130/><W40/><G132/><T66/><D133/><U98/><E126/><V100/><F118/><W103/><G103/><N who="0" m="62575" /><D10/><U61/><E41/><V34/><F34/><W11/><G89/><T38/><D93/><U83/><E29/><V9/><F73/><W79/><G79/><N who="0" m="44159" /><D32/><U28/><E28/><V56/><F47/><W86/><G86/><T30/><D30/><U123/><E123/><V96/><F96/><W107/><G107/><T72/><D72/><U110/><E110/><V85/><F85/><W23/><G23/><T78/><D78/><U17/><E87/><V108/><F108/><W43/><G43/><N who="0" m="22903" /><D63/><U71/><E115/><V76/><F76/><W109/><G109/><T128/><D128/><U121/><E121/><V114/><F114/><W53/><G119/><T39/><D39/><U51/><E113/><V7/><F91/><W44/><G116/><T120/><D120/><U70/><E51/><V68/><F68/><W35/><G35/><T122/><D122/><U65/><E71/><V33/><REACH who="2" step="1"/><F33/><REACH who="2" ten="364,202,207,217" step="2"/><W125/><G125/><T16/><D66/><U27/><E67/><V106/><F106/><W1/><G45/><AGARI ba="3,1" hai="17,20,27,45,48,54,61,65,70,81,83,88,92,98" machi="45" ten="30,3900,0" yaku="7,1,52,1,54,1" doraHai="15" who="1" fromWho="3" sc="364,0,202,58,207,0,217,-48" /><INIT seed="1,0,0,0,0,66" ten="364,260,207,169" oya="1" hai0="46,40,102,100,18,104,88,63,15,108,131,23,34" hai1="60,10,120,83,84,56,3,51,64,94,0,119,35" hai2="22,61,85,78,44,52,90,11,26,114,14,117,45" hai3="79,130,93,17,107,70,50,62,118,68,106,37,92"/><U2/><E119/><V135/><F117/><W74/><G118/><T97/><D108/><U28/><E120/><V132/><F78/><W7/><G37/><T91/><D131/><U87/><E35/><V133/><F114/><W128/><G7/><T9/><D34/><U72/><E28/><V124/><F124/><W111/><G111/><T58/><D102/><U12/><E94/><N who="3" m="36458" /><G62/><T67/><REACH who="0" step="1"/><D9/><REACH who="0" ten="354,260,207,169" step="2"/><U129/><E129/><N who="3" m="49770" /><G17/><T76/><D76/><U95/><E10/><V8/><F11/><W55/><G79/><T113/><D113/><U103/><E103/><V5/><F90/><W49/><G74/><T98/><D98/><U1/><E72/><V21/><F21/><W42/><G42/><T123/><D123/><U36/><E84/><V4/><F85/><W24/><G24/><T121/><D121/><U110/><E110/><V112/><F112/><W115/><G115/><T30/><D30/><U71/><E87/><V105/><F22/><W77/><G77/><T65/><D65/><U13/><E64/><V41/><F26/><W126/><G126/><T81/><D81/><U75/><E95/><V54/><F41/><W33/><G33/><T69/><D69/><N who="3" m="26729" /><G55/><T20/><D20/><U48/><E75/><V125/><F54/><W109/><G109/><T134/><D134/><U73/><E73/><V29/><F125/><W99/><G99/><T57/><D57/><U39/><E71/><V16/><F29/><W25/><G25/><T31/><D31/><U43/><E83/><V101/><F135/><W82/><G82/><T86/><D86/><U127/><E127/><RYUUKYOKU ba="0,1" sc="354,15,260,-15,207,-15,169,15" hai0="15,18,23,40,46,58,63,67,88,91,97,100,104" hai3="49,50,106,107" /><INIT seed="2,1,1,2,0,20" ten="369,245,192,184" oya="2" hai0="82,10,92,89,103,111,113,107,3,85,117,127,18" hai1="60,65,61,119,131,54,51,34,28,35,108,45,47" hai2="32,80,52,46,126,79,4,57,40,56,123,135,71" hai3="68,9,41,72,130,134,129,50,0,104,110,31,88"/><V115/><F123/><W53/><G68/><T64/><D113/><U106/><E119/><V105/><F115/><W102/><G72/><T86/><D64/><U11/><E106/><V109/><F105/><W99/><G134/><T43/><D43/><U98/><E108/><V2/><F135/><W6/><G41/><T33/><D33/><U112/><E112/><V55/><F71/><W30/><G110/><T8/><D3/><U93/><E131/><N who="3" m="50186" /><G88/><N who="0" m="51255" /><D107/><U96/><E96/><V63/><F109/><W73/><G73/><T44/><D111/><U128/><E128/><V66/><F126/><W125/><G125/><T84/><D127/><U7/><E47/><AGARI ba="1,1" hai="0,6,9,30,31,47,50,53,99,102,104" m="50186" machi="47" ten="30,1000,0" yaku="19,1" doraHai="20" who="3" fromWho="1" sc="369,0,245,-13,192,0,184,23" /><INIT seed="3,0,0,2,2,126" ten="369,232,192,207" oya="3" hai0="93,28,66,17,8,79,18,110,132,67,15,49,88" hai1="127,11,113,44,108,14,30,105,99,42,5,107,60" hai2="56,6,57,95,1,62,135,84,82,97,98,32,2" hai3="78,121,87,22,58,80,47,74,115,83,123,104,20"/><W54/><G47/><T48/><D110/><U29/><E113/><V85/><F135/><W128/><G115/><T13/><D132/><U24/><E108/><V52/><F32/><W50/><G104/><T112/><D112/><U35/><E127/><V61/><F6/><W26/><G128/><T130/><D28/><U3/><E30/><V64/><F85/><W7/><G7/><T65/><D79/><U12/><E60/><V53/><F64/><W46/><G46/><T94/><D130/><U119/><E119/><V120/><F98/><W116/><G116/><T68/><D68/><U51/><E99/><V86/><F86/><W63/><G63/><T25/><D25/><U23/><E12/><V100/><REACH who="2" step="1"/><F120/><REACH who="2" ten="369,232,182,207" step="2"/><W34/><G34/><T129/><D129/><U101/><E101/><V106/><F106/><W45/><G45/><T37/><D37/><U19/><AGARI ba="0,1" hai="3,5,11,14,19,23,24,29,35,42,44,51,105,107" machi="19" ten="30,4000,0" yaku="0,1,24,2" doraHai="126" who="1" fromWho="1" sc="369,-10,232,50,182,-10,207,-20" owari="359,46.0,282,8.0,172,-33.0,187,-21.0" /></mjloggm>