<mjloggm ver="2.3"><GO type="97" lobby="0"/><UN n0="%6E%61%67%61%30%33" n1="%68%79%70%73%69%6E" n2="%E7%A2%A7%E9%AD%82" n3="%E5%B0%B1%E6%B4%BB%E7%94%9F%40%E5%B7%9D%E6%9D%91%E8%BB%8D%E5%9B%A3" dan="14,15,14,15" rate="1958.77,1988.49,1916.00,1959.08" sx="M,M,M,M"/><TAIKYOKU oya="0"/><INIT seed="0,0,0,5,3,54" ten="250,250,250,250" oya="0" hai0="41,31,29,20,88,55,101,80,120,100,27,69,113" hai1="83,12,51,106,11,111,53,24,116,2,52,121,132" hai2="68,102,104,79,18,65,118,73,43,109,98,50,5" hai3="123,108,39,90,85,71,129,84,61,6,64,82,63"/><T30/><D69/><U7/><E121/><V60/><F5/><W128/><G39/><T62/><D113/><U105/><E116/><V67/><F118/><W96/><G123/><T57/><D120/><U127/><E127/><V21/><F109/><W35/><G35/><T87/><D41/><U66/><E111/><V46/><F67/><W135/><G6/><T94/><D80/><U0/><E132/><V95/><F79/><W130/><G108/><T37/><D37/><U126/><E66/><V36/><F73/><W97/><G135/><T75/><D75/><U58/><E126/><V125/><F125/><W124/><G124/><T8/><D8/><U32/><E83/><V28/><F28/><AGARI ba="0,0" hai="20,27,28,29,30,31,55,57,62,87,88,94,100,101" machi="28" ten="40,7700,0" yaku="8,1,52,1,54,1" doraHai="54" who="0" fromWho="2" sc="250,77,250,0,250,-77,250,0" /><INIT seed="0,1,0,5,5,132" ten="327,250,173,250" oya="0" hai0="54,121,36,119,20,62,65,59,98,90,52,69,42" hai1="134,1,88,112,128,53,120,3,124,38,23,61,84" hai2="76,63,40,115,30,24,93,77,130,99,75,131,86" hai3="19,58,17,49,70,31,67,80,14,60,57,35,101"/><T2/><D2/><U39/><E120/><V135/><F135/><W68/><G35/><T122/><D98/><U117/><E117/><V12/><F115/><W45/><G31/><T50/><D90/><U44/><E134/><V78/><F40/><W82/><G101/><T123/><D20/><U9/><E39/><V7/><F75/><W56/><G70/><T34/><D34/><U109/><E38/><V0/><F0/><W5/><G5/><T91/><D91/><U113/><E3/><V102/><F63/><W41/><REACH who="3" step="1"/><G17/><REACH who="3" ten="327,250,173,240" step="2"/><T108/><D119/><U32/><E113/><V133/><F133/><W97/><G97/><T129/><D129/><N who="2" m="49162" /><F7/><W46/><G46/><N who="0" m="23879" /><D54/><U4/><E128/><V125/><F125/><W22/><AGARI ba="1,1" hai="14,19,22,41,45,49,56,57,58,60,67,68,80,82" machi="22" ten="30,2000,0" yaku="1,1,0,1,53,0" doraHai="132" doraHaiUra="95" who="3" fromWho="3" sc="327,-11,250,-6,173,-6,240,33" /><INIT seed="1,0,0,4,5,24" ten="316,244,167,273" oya="1" hai0="25,111,92,39,4,81,9,131,76,87,23,0,133" hai1="113,15,101,46,89,8,121,126,11,115,18,105,90" hai2="1,14,47,100,26,83,65,88,58,45,3,51,16" hai3="107,135,130,62,13,43,112,71,134,31,82,67,50"/><U103/><E121/><V75/><F75/><W41/><G107/><T102/><D39/><U38/><E126/><V22/><F100/><N who="1" m="38473" /><E38/><V109/><F109/><W54/><G112/><N who="1" m="43082" /><E46/><V5/><F47/><W104/><G104/><T52/><D52/><U98/><E18/><N who="2" m="12631" /><F5/><W28/><G130/><T132/><D111/><U84/><E15/><V33/><F33/><W17/><G82/><T30/><D131/><U60/><E60/><N who="2" m="38039" /><F1/><W59/><G41/><T70/><REACH who="0" step="1"/><D70/><REACH who="0" ten="306,244,167,273" step="2"/><U2/><E105/><V96/><F3/><W48/><G43/><T69/><D69/><U66/><E2/><V64/><F51/><W7/><G50/><T129/><D129/><U73/><E66/><V36/><F36/><W95/><G48/><T55/><D55/><U19/><E73/><V53/><F64/><W32/><G54/><T97/><AGARI ba="0,1" hai="0,4,9,23,25,30,76,81,87,92,97,102,132,133" machi="97" ten="30,4000,0" yaku="1,1,0,1,52,1,53,0" doraHai="24" doraHaiUra="56" who="0" fromWho="0" sc="306,50,244,-20,167,-10,273,-10" /><INIT seed="2,0,0,5,0,39" ten="356,224,157,263" oya="2" hai0="123,10,50,102,34,63,51,27,0,71,66,46,103" hai1="130,36,38,116,12,7,54,129,83,8,57,68,20" hai2="37,29,19,47,101,134,6,69,97,128,62,125,133" hai3="80,22,90,115,52,72,4,26,76,78,5,18,64"/><V55/><F19/><W99/><G115/><T75/><D75/><U35/><E35/><V3/><F29/><W11/><G64/><T85/><D123/><U95/><E68/><V74/><F74/><W121/><G121/><T61/><D61/><U86/><E116/><V131/><F55/><W81/><G11/><T109/><D109/><U73/><E73/><V15/><F15/><W32/><G32/><T2/><D51/><U59/><E95/><V31/><F31/><W67/><G67/><T82/><D27/><U91/><E20/><V17/><F17/><W60/><G78/><T70/><D34/><U14/><E12/><V1/><F62/><W105/><G105/><T112/><D112/><U49/><REACH who="1" step="1"/><E59/><REACH who="1" ten="356,214,157,263" step="2"/><V79/><F69/><W122/><G122/><T132/><D71/><U108/><E108/><V84/><F84/><W21/><G21/><T88/><D70/><U110/><E110/><V118/><F118/><W40/><G80/><T92/><D82/><U98/><E98/><V58/><F58/><N who="3" m="34887" /><G5/><T42/><D0/><U120/><E120/><V124/><F6/><W44/><G4/><T53/><D2/><N who="2" m="522" /><F79/><W87/><G72/><T119/><D119/><U65/><E65/><V28/><F28/><W16/><G18/><T89/><D66/><U30/><E30/><V56/><F56/><W13/><G13/><T107/><D107/><U117/><E117/><V48/><F97/><W93/><G99/><T104/><D104/><U111/><E111/><V94/><F94/><W106/><G106/><T113/><D113/><U9/><E9/><V41/><F101/><RYUUKYOKU ba="0,1" sc="356,-10,214,30,157,-10,263,-10" hai1="7,8,14,36,38,49,54,57,83,86,91,129,130" /><INIT seed="3,1,1,3,5,117" ten="346,244,147,253" oya="3" hai0="18,24,2,84,91,29,0,49,59,98,43,114,97" hai1="71,95,56,74,26,79,12,8,128,127,125,6,87" hai2="37,67,13,16,126,15,108,51,112,35,48,58,36" hai3="110,76,21,106,14,65,32,52,90,10,94,88,44"/><W118/><G32/><T23/><D114/><U123/><E71/><V54/><F35/><W81/><G106/><T64/><D2/><U60/><E128/><V119/><F112/><W7/><G110/><T130/><D0/><U102/><E26/><V86/><F119/><W80/><G118/><T92/><D130/><U131/><E131/><V99/><F108/><W69/><G69/><T19/><D43/><U85/><E123/><V55/><F99/><N who="0" m="37898" /><D49/><U3/><E102/><V73/><F73/><W82/><G65/><T45/><D45/><U120/><E120/><V113/><F113/><W93/><G76/><T115/><D115/><U105/><E105/><V5/><F126/><N who="1" m="48137" /><E95/><N who="3" m="36362" /><G21/><T53/><D53/><N who="1" m="33807" /><E3/><V47/><F86/><W75/><G75/><T57/><D57/><U100/><E100/><V25/><F67/><W63/><G63/><AGARI ba="1,1" hai="18,19,23,24,29,59,63,64,84,91,92" m="37898" machi="63" ten="30,1000,0" yaku="8,1" doraHai="117" who="0" fromWho="3" sc="346,23,244,0,147,0,253,-13" owari="369,47.0,244,4.0,147,-35.0,240,-16.0" /></mjloggm>