<mjloggm ver="2.3"><GO type="41" lobby="0"/><UN n0="%33%72%69%62%61" n1="%E5%B0%B1%E6%B4%BB%E7%94%9F%40%E5%B7%9D%E6%9D%91%E8%BB%8D%E5%9B%A3" n2="%E3%81%9F%E3%81%91%E3%81%8A%E3%81%8F%E3%82%93" n3="%E4%BA%BA%E7%94%9F%E3%82%81%E3%82%93%E3%81%A9%E3%81%8F%E3%81%95%E3%81%84" dan="14,14,14,13" rate="2123.57,1972.97,1851.24,1856.14" sx="M,M,F,M"/><TAIKYOKU oya="0"/><INIT seed="0,0,0,0,2,97" ten="250,250,250,250" oya="0" hai0="12,78,126,26,131,25,68,23,49,51,65,52,109" hai1="48,24,98,117,103,74,19,55,102,36,33,115,9" hai2="34,96,6,0,107,108,132,35,123,39,105,84,94" hai3="29,110,80,100,93,88,69,77,56,14,47,4,40"/><T38/><D38/><U20/><E36/><V21/><F123/><W11/><G69/><T54/><D78/><U99/><E117/><V83/><F39/><W1/><G110/><T128/><D126/><U124/><E74/><V86/><F108/><W73/><G29/><T87/><D109/><U127/><E33/><V125/><F125/><N who="1" m="48201" /><E9/><V61/><F132/><W3/><G56/><T71/><D87/><U122/><E122/><V8/><F34/><W27/><G27/><T114/><D12/><U10/><E10/><V37/><F35/><W72/><G72/><T135/><D135/><U82/><E82/><V28/><F37/><W32/><G32/><T85/><D85/><U116/><E116/><V121/><F86/><W81/><G81/><T58/><D114/><U63/><E63/><V91/><F121/><W76/><G76/><T64/><D23/><U106/><E115/><V15/><F61/><W113/><G113/><T70/><D68/><U89/><E89/><V59/><F59/><AGARI ba="0,0" hai="25,26,49,51,52,54,58,59,64,65,70,71,128,131" machi="59" ten="25,4800,0" yaku="22,2,54,1" doraHai="97" who="0" fromWho="2" sc="250,48,250,0,250,-48,250,0" /><INIT seed="0,1,0,2,3,94" ten="298,250,202,250" oya="0" hai0="24,49,88,50,21,55,17,77,102,61,121,18,72" hai1="56,76,110,73,68,109,117,83,116,131,3,118,97" hai2="58,104,11,71,123,100,112,78,8,36,46,103,9" hai3="2,74,64,44,5,129,89,39,133,27,4,66,113"/><T14/><D121/><U111/><E68/><V33/><F71/><W40/><G113/><T92/><D102/><U105/><E3/><V6/><F112/><W22/><G133/><T51/><D77/><U29/><E29/><V13/><F123/><W108/><G108/><T95/><D72/><U0/><E0/><V41/><F33/><W132/><G132/><T80/><D80/><U12/><E12/><V75/><F75/><W35/><G35/><T57/><REACH who="0" step="1"/><D88/><REACH who="0" ten="288,250,202,250" step="2"/><U86/><E131/><V125/><F78/><W62/><G129/><T69/><D69/><U52/><E73/><V107/><F100/><W47/><G89/><T48/><N who="0" m="12800" /><DORA hai="25" /><T31/><D31/><U84/><E84/><V93/><F103/><W42/><G74/><T119/><D119/><U134/><E134/><V135/><F135/><W15/><G47/><T16/><D16/><U101/><E118/><V20/><F46/><W90/><G44/><T32/><D32/><U65/><E116/><V130/><F130/><W26/><G90/><T79/><D79/><U124/><E117/><V10/><F6/><W106/><G5/><T98/><D98/><U122/><E122/><V126/><F126/><W81/><G4/><T87/><D87/><U63/><E124/><V38/><F125/><W128/><G81/><T60/><D60/><U127/><E127/><V114/><F114/><W54/><G62/><T85/><D85/><U45/><E45/><V99/><F99/><W28/><G28/><T70/><D70/><U1/><E1/><V43/><F36/><W37/><G39/><T67/><D67/><AGARI ba="1,1" hai="52,56,63,65,67,76,83,86,97,101,105,109,110,111" machi="67" ten="40,8000,1" yaku="6,1,14,1,52,1,54,1" doraHai="94,25" who="1" fromWho="0" sc="288,-83,250,93,202,0,250,0" /><INIT seed="1,0,0,1,5,124" ten="205,343,202,250" oya="1" hai0="20,10,52,77,7,31,53,54,111,123,89,101,57" hai1="22,17,40,35,32,86,100,113,76,55,112,85,98" hai2="75,30,120,121,63,43,69,26,16,73,11,133,87" hai3="103,56,8,23,92,130,126,59,15,62,125,80,81"/><U19/><E40/><V95/><F133/><W97/><G23/><T51/><D101/><U129/><E55/><V79/><F43/><W127/><G130/><T115/><D115/><U58/><E58/><V24/><F73/><W132/><G132/><T106/><D106/><U2/><E2/><V84/><F75/><W0/><G0/><T65/><D123/><U45/><E45/><V68/><F79/><W128/><G128/><T96/><D77/><U74/><E129/><V47/><F47/><W37/><G37/><T66/><D111/><U9/><E74/><V131/><F131/><W38/><G38/><T21/><D96/><U119/><E119/><V108/><F108/><W78/><G78/><T49/><D89/><U27/><E35/><V114/><F114/><W107/><G107/><T12/><D54/><U50/><E32/><V70/><F63/><W134/><G134/><T28/><D21/><U25/><E50/><V109/><F109/><W93/><G93/><T67/><D20/><U44/><E44/><AGARI ba="0,0" hai="7,10,12,28,31,44,49,51,52,53,57,65,66,67" machi="44" ten="40,2600,0" yaku="8,1,54,1" doraHai="124" who="0" fromWho="1" sc="205,26,343,-26,202,0,250,0" /><INIT seed="2,0,0,2,4,55" ten="231,317,202,250" oya="2" hai0="37,48,77,9,27,51,49,18,93,8,35,31,38" hai1="133,30,52,66,96,71,59,122,65,26,61,4,43" hai2="73,21,78,90,116,32,101,45,85,127,72,109,7" hai3="68,33,126,99,0,120,74,24,69,20,23,98,60"/><V132/><F32/><W104/><G74/><T14/><D77/><U117/><E117/><V42/><F116/><W41/><G120/><T17/><D93/><U40/><E122/><V58/><F127/><W134/><G0/><T125/><REACH who="0" step="1"/><D125/><REACH who="0" ten="221,317,202,250" step="2"/><U44/><E133/><V79/><F132/><W56/><G134/><T6/><D6/><U34/><E4/><V115/><F7/><W12/><G126/><T76/><D76/><U114/><E114/><V64/><F115/><W95/><G104/><T28/><D28/><U54/><E96/><V81/><F78/><W112/><G95/><T89/><D89/><U57/><E71/><V130/><F72/><W53/><G112/><T11/><D11/><U62/><REACH who="1" step="1"/><E40/><REACH who="1" ten="221,307,202,250" step="2"/><V111/><F42/><W84/><G41/><T123/><D123/><U16/><E16/><V83/><F73/><W25/><G99/><T82/><D82/><U5/><E5/><V119/><F81/><W105/><G98/><T102/><D102/><U121/><E121/><V107/><F119/><W135/><G105/><T131/><D131/><U129/><E129/><V13/><F130/><W36/><G135/><T15/><AGARI ba="0,2" hai="8,9,14,15,17,18,27,31,35,37,38,48,49,51" machi="15" ten="30,4000,0" yaku="1,1,0,1,9,1,53,0" doraHai="55" doraHaiUra="110" who="0" fromWho="0" sc="221,60,307,-10,202,-20,250,-10" /><INIT seed="3,0,0,1,0,41" ten="281,297,182,240" oya="3" hai0="6,40,99,25,130,24,56,69,58,92,19,88,91" hai1="18,129,67,63,78,124,94,118,120,74,34,68,7" hai2="105,95,29,12,2,36,77,30,35,119,70,53,54" hai3="75,113,61,98,23,31,108,45,14,115,5,26,17"/><W117/><G117/><T48/><D69/><U21/><E120/><V46/><F2/><W22/><G75/><T87/><D6/><U81/><E34/><V111/><F105/><W44/><G5/><T116/><D116/><U43/><E118/><V86/><F119/><W76/><G76/><T32/><D130/><U90/><E129/><V39/><F70/><W11/><G108/><T109/><D109/><U59/><E124/><V57/><F111/><W128/><G128/><T0/><D0/><U16/><E7/><V37/><F35/><W82/><G82/><T10/><D32/><U85/><E43/><V101/><F12/><W64/><G11/><T62/><D10/><U42/><E42/><V3/><F3/><W133/><G133/><T125/><D125/><U15/><REACH who="1" step="1"/><E18/><REACH who="1" ten="281,287,182,240" step="2"/><V123/><F123/><W80/><G115/><T20/><D40/><U106/><E106/><V135/><F135/><W72/><G113/><T47/><D19/><U28/><E28/><V55/><F29/><W102/><G31/><T97/><D20/><U65/><E65/><V107/><F30/><W79/><G64/><T100/><D25/><U51/><E51/><V49/><F107/><W127/><G127/><T110/><D24/><U50/><E50/><V122/><F122/><W134/><G134/><T132/><D110/><U93/><E93/><V89/><F36/><W38/><G38/><T131/><D132/><U71/><AGARI ba="0,1" hai="15,16,21,59,63,67,68,71,74,78,81,85,90,94" machi="71" ten="30,7900,0" yaku="1,1,0,1,54,1,53,1" doraHai="41" doraHaiUra="9" who="1" fromWho="1" sc="281,-20,287,89,182,-20,240,-39" /><INIT seed="4,0,0,4,3,31" ten="261,376,162,201" oya="0" hai0="33,97,74,90,106,72,20,4,68,11,79,126,86" hai1="116,49,64,125,81,50,96,77,130,38,127,5,103" hai2="62,35,59,29,44,0,121,41,109,134,84,63,27" hai3="71,28,82,99,117,61,78,85,113,26,12,48,65"/><T102/><D126/><N who="1" m="48139" /><E38/><V36/><F109/><W21/><G113/><T101/><D68/><U118/><E5/><V123/><F0/><W16/><G117/><N who="1" m="45162" /><E64/><V135/><F84/><W30/><G99/><T54/><D54/><U129/><E50/><V2/><F2/><W42/><REACH who="3" step="1"/><G26/><REACH who="3" ten="261,376,162,191" step="2"/><T60/><D97/><U66/><E66/><V23/><F121/><W93/><G93/><T3/><D106/><N who="1" m="63847" /><E49/><V133/><F123/><W73/><G73/><AGARI ba="0,1" hai="73,77,81,129,130" m="63847,45162,48139" machi="73" ten="30,7700,0" yaku="18,1,23,1,34,2" doraHai="31" who="1" fromWho="3" sc="261,0,376,87,162,0,191,-77" /><INIT seed="5,0,0,0,4,12" ten="261,463,162,114" oya="1" hai0="52,126,88,86,91,53,121,90,69,128,115,131,57" hai1="60,123,41,14,55,30,93,16,116,71,19,117,104" hai2="110,129,9,7,50,23,24,98,1,119,105,83,134" hai3="21,87,36,29,95,2,78,82,114,11,49,122,74"/><U0/><E104/><V56/><F110/><W84/><G122/><T135/><D69/><U96/><E0/><V106/><F119/><W100/><G114/><T109/><D109/><U99/><E123/><V15/><F129/><N who="0" m="49738" /><D121/><U97/><E41/><V51/><F134/><W47/><G36/><T112/><D135/><U120/><E120/><V6/><F6/><W111/><G111/><T54/><D126/><U46/><E30/><V26/><F1/><W59/><G59/><T33/><D33/><U63/><E71/><V107/><F98/><W39/><G39/><T94/><D57/><U67/><E67/><V113/><F113/><AGARI ba="0,0" hai="52,53,54,86,88,90,91,94,112,113,115" m="49738" machi="113" ten="40,8000,1" yaku="15,1,19,1,54,2" doraHai="12" who="0" fromWho="2" sc="261,80,463,0,162,-80,114,0" /><INIT seed="6,0,0,3,1,102" ten="341,463,82,114" oya="2" hai0="122,48,33,117,54,77,36,10,30,97,17,82,78" hai1="103,129,27,88,67,68,31,91,128,87,105,83,46" hai2="96,120,14,108,71,75,26,92,49,111,35,109,21" hai3="100,55,115,25,133,56,90,85,104,39,45,7,29"/><V34/><F120/><W61/><G133/><T62/><D36/><U99/><E46/><V52/><F71/><W119/><G119/><T11/><D122/><U86/><E67/><V66/><F66/><W135/><G135/><T13/><D62/><U72/><E68/><V40/><F14/><W4/><G39/><T93/><D117/><U73/><E27/><V50/><F40/><W5/><G45/><T118/><D118/><U116/><E31/><N who="2" m="17871" /><F75/><N who="1" m="28745" /><E116/><V70/><F70/><W113/><G100/><T134/><D134/><U76/><E76/><V69/><F69/><W65/><G104/><T24/><D82/><AGARI ba="0,0" hai="82,83,86,87,88,91,99,103,105,128,129" m="28745" machi="82" ten="30,7700,0" yaku="34,2,52,1,54,1" doraHai="102" who="1" fromWho="0" sc="341,-77,463,77,82,0,114,0" /><INIT seed="7,0,0,1,5,24" ten="264,540,82,114" oya="3" hai0="119,51,92,66,30,110,113,39,65,68,127,69,80" hai1="104,105,56,89,103,128,83,48,46,9,6,15,49" hai2="133,60,5,20,82,135,106,107,3,33,94,99,57" hai3="112,71,93,61,43,75,96,108,16,97,64,86,42"/><W34/><G34/><T22/><D30/><U4/><E128/><V44/><F33/><W102/><G108/><T58/><D22/><U91/><E104/><V73/><F44/><W130/><G75/><T95/><D80/><U98/><E6/><V114/><F20/><W125/><G130/><T70/><D92/><U79/><E56/><V2/><F5/><W77/><G125/><T32/><D95/><U109/><E109/><V62/><F57/><W0/><G0/><T120/><D32/><U36/><E36/><V19/><F19/><W132/><G132/><T117/><D110/><U54/><E49/><V126/><F60/><W35/><G35/><T67/><D120/><U124/><E124/><V1/><F62/><W72/><G72/><AGARI ba="0,0" hai="4,9,15,46,48,54,72,79,83,89,91,98,103,105" machi="72" ten="30,1000,0" yaku="7,1" doraHai="24" who="1" fromWho="3" sc="264,0,540,10,82,0,114,-10" owari="264,6.0,550,66.0,82,-42.0,104,-30.0" /></mjloggm>