<mjloggm ver="2.3"><GO type="169" lobby="0"/><UN n0="%E3%83%95%E3%83%AA%E3%83%86%E3%83%B3" n1="%E3%82%A6%E3%83%AB%E3%83%88%E3%83%A9%E7%AB%8B%E7%9B%B4" n2="%E5%87%9B%E5%AE%99" n3="%6B%6F%6B%75%73%68%69%61" dan="19,17,16,16" rate="2254.20,2136.14,2059.64,2116.35" sx="M,M,M,M"/><TAIKYOKU oya="0"/><INIT seed="0,0,0,1,0,13" ten="250,250,250,250" oya="0" hai0="57,59,102,121,117,41,9,73,52,22,14,55,30" hai1="72,80,131,19,89,109,95,21,124,77,135,103,7" hai2="79,98,12,11,75,53,111,96,105,2,86,51,93" hai3="4,118,38,67,132,23,34,64,54,110,99,71,100"/><T35/><D117/><U108/><E7/><V101/><F111/><W129/><G34/><T76/><D121/><U122/><E122/><V69/><F2/><W65/><G38/><T56/><D35/><U91/><E124/><V133/><F69/><W70/><G110/><N who="1" m="42602" /><E131/><V27/><F27/><W78/><G118/><T106/><D41/><U128/><E128/><V90/><F133/><W17/><G132/><T15/><D106/><U48/><E48/><V88/><F98/><W10/><G78/><T114/><D102/><U47/><E47/><V5/><F90/><N who="1" m="34313" /><E135/><V18/><F5/><W66/><G129/><T113/><D30/><U16/><E21/><V94/><F75/><W97/><N who="3" m="16384" /><DORA hai="84" /><W92/><G99/><AGARI ba="0,0" hai="16,19,72,77,80,95,99,103" m="34313,42602" machi="99" ten="30,12000,2" yaku="14,1,52,5,54,1" doraHai="13,84" who="1" fromWho="3" sc="250,0,250,120,250,0,250,-120" /><INIT seed="1,0,0,3,5,76" ten="250,370,250,130" oya="1" hai0="115,16,107,111,65,45,128,93,92,18,84,4,79" hai1="101,59,37,26,21,15,31,125,106,97,27,95,48" hai2="94,98,0,80,13,52,63,44,49,58,11,73,90" hai3="100,126,7,56,91,78,67,82,1,71,134,8,23"/><U43/><E125/><V68/><F0/><W34/><G34/><T3/><D107/><U51/><E106/><V55/><F68/><W131/><G126/><T50/><D115/><U17/><E37/><V124/><F124/><W70/><G134/><T133/><D133/><U104/><E104/><V122/><F122/><W117/><G100/><T53/><D111/><U130/><E130/><V6/><F73/><W22/><G131/><T29/><D29/><U36/><E36/><V89/><REACH who="2" step="1"/><F80/><REACH who="2" ten="250,370,240,130" step="2"/><W135/><G71/><T118/><D3/><U99/><E99/><V114/><F114/><W62/><G70/><T40/><D128/><U28/><E48/><V116/><F116/><W38/><G117/><T9/><D50/><U69/><E69/><V10/><F10/><W35/><G38/><T113/><D9/><U19/><E51/><V102/><AGARI ba="0,1" hai="6,11,13,44,49,52,55,58,63,89,90,94,98,102" machi="102" ten="20,8000,1" yaku="1,1,0,1,7,1,8,1,54,1,53,0" doraHai="76" doraHaiUra="33" who="2" fromWho="2" sc="250,-20,370,-40,240,90,130,-20" /><INIT seed="2,0,0,4,5,106" ten="230,330,330,110" oya="2" hai0="1,0,40,29,69,132,53,7,35,58,118,121,120" hai1="133,60,23,80,57,84,5,115,47,63,19,56,70" hai2="77,21,93,102,74,135,25,22,127,117,111,28,87" hai3="97,17,50,38,96,98,101,108,26,130,107,129,85"/><V68/><F117/><W55/><G38/><T128/><D69/><U16/><E70/><V105/><F68/><W92/><G108/><T18/><D40/><U45/><E5/><V30/><F105/><W99/><G26/><N who="0" m="18871" /><D53/><U65/><E133/><V36/><F36/><W44/><G17/><T72/><D58/><U86/><E115/><V94/><F135/><W4/><REACH who="3" step="1"/><G4/><REACH who="3" ten="230,330,330,100" step="2"/><T66/><D18/><U48/><E19/><V59/><F111/><W124/><G124/><T37/><D7/><U20/><E16/><V43/><F127/><W49/><G49/><T116/><D37/><U78/><E48/><V126/><F126/><W12/><G12/><T81/><D132/><U104/><E60/><V110/><F110/><W109/><G109/><T91/><D118/><U122/><E63/><V27/><F27/><W6/><G6/><T54/><D116/><U103/><E23/><V62/><F22/><W41/><G41/><T88/><D120/><U82/><E20/><V11/><F43/><W112/><G112/><T42/><D42/><U32/><E122/><V9/><F21/><W71/><G71/><T2/><D121/><U34/><E34/><V125/><F25/><W15/><G15/><T119/><D119/><U8/><E32/><V31/><F125/><W51/><G51/><T13/><D13/><U79/><E8/><V123/><F123/><W67/><G67/><T76/><D66/><U90/><E65/><V14/><F14/><W52/><G52/><T73/><D54/><U95/><E47/><V75/><F9/><W83/><G83/><N who="0" m="45447" /><D128/><U46/><E45/><RYUUKYOKU ba="0,1" sc="230,15,330,-15,330,-15,100,15" hai0="0,1,2,73,81,88,91" hai3="44,50,55,85,92,96,97,98,99,101,107,129,130" /><INIT seed="3,1,1,1,5,23" ten="245,315,315,115" oya="3" hai0="29,82,7,99,105,81,93,35,72,75,24,80,1" hai1="73,31,54,10,113,83,39,92,76,2,60,96,5" hai2="90,87,98,100,132,85,116,104,30,103,28,19,51" hai3="66,74,94,79,120,48,128,62,135,77,6,42,131"/><W102/><G120/><T67/><D105/><U37/><E113/><V15/><F116/><W47/><G135/><T49/><D67/><U129/><E129/><N who="3" m="49738" /><G74/><T55/><D7/><U56/><E31/><V88/><F132/><W43/><G6/><T36/><D36/><U130/><E130/><V41/><F41/><W16/><G42/><T46/><REACH who="0" step="1"/><D1/><REACH who="0" ten="235,315,315,115" step="2"/><U108/><E108/><V3/><F3/><W89/><G102/><AGARI ba="1,2" hai="24,29,35,46,49,55,72,75,80,81,82,93,99,102" machi="102" ten="40,8000,1" yaku="1,1,2,1,52,1,53,1" doraHai="23" doraHaiUra="44" who="0" fromWho="3" sc="235,103,315,0,315,0,115,-83" /><AGARI ba="1,0" hai="2,5,10,37,39,54,56,60,73,76,83,92,96,102" machi="102" ten="30,1000,0" yaku="7,1" doraHai="23" who="1" fromWho="3" sc="338,0,315,10,315,0,32,-10" /><INIT seed="4,0,0,4,0,81" ten="338,325,315,22" oya="0" hai0="36,53,48,8,82,37,33,52,72,128,135,29,104" hai1="3,19,65,76,120,12,47,89,30,117,116,111,87" hai2="103,98,78,134,121,122,58,20,119,114,14,100,13" hai3="84,51,39,90,132,101,41,73,129,46,131,83,85"/><T88/><D104/><U17/><E3/><V21/><F114/><W63/><G73/><T26/><D128/><N who="3" m="49225" /><G132/><T127/><D135/><U5/><E5/><V86/><F119/><W0/><G0/><T59/><D127/><U54/><E120/><V34/><F134/><W92/><G101/><T93/><D8/><U102/><E111/><V110/><F34/><W31/><G31/><T60/><D82/><U1/><E1/><V11/><F110/><W69/><G39/><T105/><D105/><U94/><E30/><V99/><F58/><W91/><G63/><T23/><D72/><U130/><E130/><V22/><F78/><W113/><G69/><T74/><D74/><U40/><E102/><V62/><F62/><W49/><G49/><T43/><D43/><U115/><E40/><V125/><F22/><W95/><G83/><T56/><REACH who="0" step="1"/><D33/><REACH who="0" ten="328,325,315,22" step="2"/><U4/><E117/><V35/><F35/><W42/><G42/><T32/><D32/><U24/><E116/><V50/><F125/><W97/><G113/><T106/><D106/><U108/><E115/><V45/><F11/><W64/><G64/><T80/><D80/><U15/><E65/><V57/><F121/><W124/><G124/><T112/><D112/><U71/><E108/><V66/><F122/><W9/><G9/><T2/><D2/><U6/><E76/><V75/><F75/><W133/><G133/><T44/><D44/><U70/><E47/><V38/><F45/><W67/><G67/><T79/><D79/><U61/><E94/><V107/><F66/><W27/><G97/><AGARI ba="0,1" hai="23,26,29,36,37,48,52,53,56,59,60,88,93,97" machi="97" ten="30,12000,1" yaku="1,1,7,1,54,2,53,1" doraHai="81" doraHaiUra="16" who="0" fromWho="3" sc="328,130,325,0,315,0,22,-120" owari="458,55.0,325,13.0,315,-8.0,-98,-60.0" /></mjloggm>