<mjloggm ver="2.3"><GO type="41" lobby="0"/><UN n0="%E3%81%9B%E3%81%8D%E3%81%9B%E3%81%84%E3%81%84%E3%82%93%E3%81%93" n1="%E5%B0%B1%E6%B4%BB%E7%94%9F%40%E5%B7%9D%E6%9D%91%E8%BB%8D%E5%9B%A3" n2="%6F%6A%69%33" n3="%61%33%31%38%34%38" dan="13,14,14,15" rate="1839.08,1976.02,1825.36,2112.27" sx="M,M,M,M"/><TAIKYOKU oya="0"/><INIT seed="0,0,0,0,4,24" ten="250,250,250,250" oya="0" hai0="74,3,131,20,91,15,49,53,135,40,111,117,86" hai1="56,101,79,122,80,66,126,96,42,134,71,25,109" hai2="118,103,29,116,41,39,97,92,51,59,93,14,129" hai3="46,76,65,73,38,10,8,27,85,133,31,69,70"/><T45/><D117/><U119/><E119/><N who="2" m="45611" /><F129/><W82/><G133/><T87/><D74/><U33/><E56/><V44/><F93/><W110/><G110/><T75/><D131/><U0/><E109/><V124/><F124/><W54/><G85/><T121/><D121/><U1/><E42/><V63/><F14/><W102/><G102/><T114/><D114/><U128/><E122/><V83/><F83/><W89/><G89/><T17/><D3/><U12/><E12/><V104/><F39/><W36/><G36/><T105/><D105/><N who="1" m="63655" /><E134/><V88/><F29/><W115/><G115/><T98/><D75/><N who="1" m="43135" /><E126/><V34/><F34/><W106/><G106/><T47/><D135/><U125/><E125/><V35/><F35/><W52/><G70/><T11/><D11/><U4/><E4/><V94/><F104/><W84/><G73/><T68/><D68/><U32/><E32/><V72/><F94/><W30/><G38/><T67/><D67/><U23/><E23/><V19/><F19/><W123/><G123/><T18/><D18/><U5/><E5/><V16/><F72/><W127/><G127/><T113/><D113/><U28/><E128/><V7/><F7/><W120/><G120/><T108/><D108/><U78/><E78/><V26/><F26/><W58/><G27/><T57/><D111/><U61/><AGARI ba="0,0" hai="0,1,25,28,33,61,66,71" m="43135,63655" machi="61" ten="30,7900,0" yaku="25,1,33,2,52,1" doraHai="24" who="1" fromWho="1" sc="250,-39,250,79,250,-20,250,-20" /><INIT seed="1,0,0,0,4,129" ten="211,329,230,230" oya="1" hai0="66,8,16,38,100,75,43,87,47,59,27,41,24" hai1="35,73,130,33,14,91,94,50,85,133,0,114,84" hai2="9,105,108,22,61,80,48,102,56,119,112,25,74" hai3="30,98,107,63,126,54,17,135,12,52,13,7,57"/><U122/><E0/><V28/><F119/><W82/><G126/><T125/><D75/><U23/><E73/><V124/><F108/><W89/><G135/><T81/><D125/><U127/><E133/><V10/><F124/><W120/><G120/><T40/><D100/><U88/><E130/><V58/><F112/><W32/><G7/><T11/><D38/><U60/><E122/><V111/><F111/><W128/><G128/><T97/><D97/><U37/><E37/><V21/><F21/><W31/><G32/><T101/><D101/><U123/><E123/><V99/><F80/><W44/><G107/><T117/><D117/><U76/><E76/><V45/><F58/><W71/><G71/><T62/><D47/><U103/><E103/><V69/><F69/><W64/><G12/><N who="0" m="7175" /><D11/><U134/><E134/><V3/><F3/><W72/><G72/><T131/><D131/><U96/><E96/><V90/><F90/><AGARI ba="0,0" hai="24,27,40,41,43,59,62,66,81,87,90" m="7175" machi="90" ten="30,2000,0" yaku="8,1,54,1" doraHai="129" who="0" fromWho="2" sc="211,20,329,0,230,-20,230,0" /><INIT seed="2,0,0,3,5,48" ten="231,329,210,230" oya="2" hai0="41,17,128,133,124,73,69,62,61,84,130,45,90" hai1="74,79,70,67,75,26,106,100,12,29,59,112,96" hai2="31,87,108,127,20,24,21,132,9,1,64,32,122" hai3="81,0,40,114,13,88,120,15,89,117,125,102,4"/><V68/><F122/><W39/><G117/><T46/><D73/><U77/><E112/><V98/><F127/><W72/><G120/><T107/><D124/><U52/><E67/><V35/><F68/><W131/><G125/><T28/><D107/><U105/><E105/><V6/><F64/><W60/><G114/><T110/><D110/><U43/><E43/><V56/><F108/><W36/><G131/><N who="0" m="50219" /><D28/><U116/><E70/><V57/><F98/><W111/><G111/><T53/><D17/><U5/><E75/><V104/><F104/><W113/><G113/><T54/><D41/><U2/><E2/><V34/><F87/><W19/><G102/><T92/><D133/><U97/><E97/><V101/><F101/><W22/><G15/><T25/><D25/><U63/><E74/><V10/><F57/><W27/><G27/><T3/><D3/><U85/><E85/><V99/><F56/><W58/><G40/><T50/><D69/><U78/><E116/><V44/><F99/><W66/><G36/><T16/><D16/><U8/><REACH who="1" step="1"/><E77/><REACH who="1" ten="231,319,210,230" step="2"/><V94/><F132/><W82/><G72/><T121/><D121/><U95/><E95/><V129/><F94/><W49/><G0/><T65/><D65/><U126/><E126/><V135/><F129/><W115/><G66/><T47/><D50/><U11/><E11/><V109/><F135/><W91/><G49/><T18/><D18/><U30/><E30/><V7/><F109/><W23/><G115/><T103/><D103/><U93/><E93/><V119/><F44/><W14/><G39/><T134/><D134/><RYUUKYOKU ba="0,1" sc="231,15,319,15,210,-15,230,-15" hai0="45,46,47,53,54,61,62,84,90,92" hai1="5,8,12,26,29,52,59,63,78,79,96,100,106" /><INIT seed="3,1,1,3,0,20" ten="246,334,195,215" oya="3" hai0="42,116,14,126,55,100,107,16,87,50,25,113,29" hai1="32,26,6,38,69,119,90,11,59,68,70,24,35" hai2="12,114,99,5,73,101,80,81,82,89,97,135,36" hai3="9,108,58,74,13,106,45,2,88,110,109,39,124"/><W0/><G124/><T37/><D116/><U78/><E38/><V130/><F36/><W34/><G74/><T92/><D126/><U8/><E119/><V134/><F5/><N who="3" m="3247" /><G106/><T41/><D107/><U112/><E112/><V104/><F12/><W128/><G128/><T133/><D37/><U60/><E78/><V47/><F47/><W17/><G34/><T117/><D117/><U122/><E122/><V123/><F130/><W79/><G79/><T64/><D64/><U77/><E77/><N who="2" m="44079" /><F114/><W18/><G58/><N who="0" m="33143" /><D133/><N who="2" m="50698" /><F123/><W63/><G63/><T94/><D113/><U132/><E132/><V120/><F120/><W46/><G45/><T62/><D62/><U7/><E90/><V30/><F30/><W93/><G46/><T96/><D87/><U28/><E59/><V44/><F44/><W43/><G43/><T23/><D94/><AGARI ba="1,1" hai="81,82,89,94,97,99,101,104" m="50698,44079" machi="94" ten="30,3900,0" yaku="20,1,34,2" doraHai="20" who="2" fromWho="0" sc="246,-42,334,0,195,52,215,0" /><INIT seed="4,0,0,0,1,124" ten="204,334,247,215" oya="0" hai0="89,112,52,102,77,94,122,116,3,67,27,86,127" hai1="56,46,76,36,40,37,111,108,38,103,41,1,32" hai2="134,131,59,19,0,57,113,62,84,12,123,18,83" hai3="135,26,17,13,14,48,81,119,115,33,106,54,51"/><T21/><D122/><U9/><E103/><V10/><F123/><W75/><G119/><T43/><D3/><U16/><E76/><V93/><F113/><W44/><G115/><T5/><D127/><U99/><E99/><V42/><F0/><W91/><G135/><T105/><D5/><U120/><E120/><V121/><F121/><W72/><G106/><T117/><D105/><U25/><E56/><V82/><F134/><W30/><G13/><T78/><D117/><U15/><E1/><V4/><F42/><W39/><G39/><T7/><D7/><U110/><E46/><V29/><F29/><W114/><G114/><T109/><D116/><U73/><E73/><V31/><F31/><W65/><G65/><T70/><D43/><U90/><E90/><N who="2" m="53447" /><F57/><W6/><G6/><T118/><D118/><U79/><E79/><N who="0" m="30217" /><D67/><U49/><E49/><V88/><F83/><W23/><G72/><T35/><D70/><U64/><E64/><V63/><F63/><W22/><G75/><T45/><D35/><U58/><E58/><V98/><F62/><W2/><G2/><T100/><D112/><U55/><E55/><V97/><F59/><W8/><REACH who="3" step="1"/><G48/><REACH who="3" ten="204,334,247,205" step="2"/><N who="0" m="28687" /><D109/><U107/><E107/><V104/><F104/><W28/><G28/><AGARI ba="0,1" hai="21,27,28,86,89,94,100,102" m="28687,30217" machi="28" ten="30,2900,0" yaku="8,1,54,1" doraHai="124" who="0" fromWho="3" sc="204,39,334,0,247,0,205,-29" /><INIT seed="4,1,0,5,2,8" ten="243,334,247,176" oya="0" hai0="64,127,24,106,76,50,37,84,41,75,124,77,109" hai1="57,13,104,21,59,114,73,101,36,78,113,125,48" hai2="81,120,72,70,27,14,9,29,117,7,100,110,107" hai3="95,94,131,128,32,53,88,126,121,38,83,16,80"/><T96/><D37/><U58/><E36/><V97/><F120/><W49/><G121/><T60/><D75/><U17/><E125/><N who="0" m="48201" /><D109/><U98/><E48/><V2/><F110/><W0/><G126/><T103/><D24/><U116/><E116/><V93/><F117/><W51/><G38/><T90/><D50/><N who="3" m="18953" /><G0/><T56/><D41/><U133/><E133/><V25/><F70/><W99/><G32/><T55/><D55/><U43/><E43/><V134/><F27/><W115/><G115/><N who="1" m="44042" /><E78/><V105/><F134/><W26/><G53/><T46/><D46/><U61/><E73/><V111/><F2/><W47/><G47/><T34/><D34/><U1/><E1/><V44/><F111/><W39/><G39/><T74/><D74/><U65/><AGARI ba="1,0" hai="13,17,21,57,58,59,61,65,98,101,104" m="44042" machi="65" ten="30,4000,0" yaku="15,1,11,1,52,1" doraHai="8" who="1" fromWho="1" sc="243,-21,334,43,247,-11,176,-11" /><INIT seed="5,0,0,1,0,91" ten="222,377,236,165" oya="1" hai0="116,111,122,33,69,72,34,67,39,78,135,104,17" hai1="103,2,35,27,85,73,107,124,9,23,57,109,60" hai2="30,98,45,8,126,92,28,96,24,10,115,59,129" hai3="97,132,3,11,128,22,20,44,66,114,26,75,88"/><U117/><E35/><V100/><F129/><W53/><G128/><T101/><RYUUKYOKU type="yao9" ba="0,0" sc="222,0,377,0,236,0,165,0" hai0="17,33,34,39,67,69,72,78,101,104,111,116,122,135" /><INIT seed="5,1,0,0,2,89" ten="222,377,236,165" oya="1" hai0="108,6,87,116,49,22,48,90,74,111,27,93,98" hai1="72,46,128,124,99,84,53,9,1,113,107,70,112" hai2="21,134,101,23,15,8,57,51,39,17,36,78,110" hai3="95,103,29,33,18,80,52,73,12,60,16,41,92"/><U79/><E70/><V0/><F110/><W54/><G41/><T71/><D116/><U119/><E1/><V105/><F0/><W10/><G18/><T130/><D74/><U104/><E9/><V30/><F78/><W44/><G73/><T69/><D111/><U64/><E64/><V37/><F134/><W63/><G80/><T102/><D108/><U126/><E53/><N who="3" m="20586" /><G33/><T66/><D130/><U77/><E46/><V120/><F57/><W19/><G29/><T109/><D6/><U42/><E42/><V106/><F51/><W25/><G44/><T35/><D35/><U26/><E26/><V75/><F75/><W50/><G50/><T45/><D66/><U58/><E58/><V125/><F101/><W133/><G133/><T82/><D109/><U127/><E119/><V86/><F120/><W24/><G24/><T62/><D62/><N who="3" m="23593" /><G103/><T68/><REACH who="0" step="1"/><D45/><REACH who="0" ten="212,377,236,165" step="2"/><U118/><E128/><V32/><F32/><W135/><G135/><T100/><D100/><U28/><E118/><V129/><F129/><W55/><N who="3" m="20594" /><W67/><DORA hai="3" /><G67/><T7/><D7/><U2/><E72/><V40/><F40/><W5/><G19/><AGARI ba="1,1" hai="19,22,27,48,49,68,69,71,82,87,90,93,98,102" machi="19" ten="40,2600,0" yaku="1,1,52,1,53,0" doraHai="89,3" doraHaiUra="131,43" who="0" fromWho="3" sc="212,39,377,0,236,0,165,-29" /><INIT seed="6,0,0,1,4,104" ten="251,377,236,136" oya="2" hai0="22,32,38,10,44,127,47,66,106,0,6,26,61" hai1="120,11,43,14,41,86,129,56,85,76,18,34,117" hai2="73,35,80,90,115,46,20,113,50,65,62,60,25" hai3="12,128,107,28,37,84,4,100,123,67,114,97,17"/><V2/><F2/><W81/><G123/><T23/><D106/><U57/><E34/><V48/><F35/><W29/><G128/><T133/><D32/><U89/><E129/><V126/><F126/><W103/><G114/><N who="2" m="43529" /><F90/><W119/><G119/><T30/><D127/><U99/><E117/><V131/><F131/><W124/><G124/><T49/><D38/><U9/><E120/><V13/><F13/><W74/><G4/><T110/><D110/><U98/><E76/><N who="2" m="44047" /><F48/><W36/><G100/><T1/><D1/><U31/><E89/><V19/><F65/><W88/><G67/><T109/><D109/><U7/><E14/><V92/><F92/><W70/><G70/><T24/><D133/><U118/><E118/><V77/><F77/><W42/><G37/><T40/><D44/><U8/><E7/><V39/><F39/><W134/><G134/><T93/><D93/><U54/><E9/><V82/><F82/><W55/><G55/><AGARI ba="0,0" hai="19,20,25,46,50,55,60,62" m="44047,43529" machi="55" ten="30,2900,0" yaku="15,1,52,1" doraHai="104" who="2" fromWho="3" sc="251,0,377,0,236,29,136,-29" /><INIT seed="6,1,0,4,2,0" ten="251,377,265,107" oya="2" hai0="49,70,10,131,99,37,116,100,27,123,62,102,46" hai1="117,43,73,97,126,21,45,26,31,86,110,68,76" hai2="96,65,14,2,25,128,63,90,95,135,61,1,12" hai3="103,120,87,118,41,85,75,55,129,6,17,98,93"/><V83/><F135/><W66/><G118/><T132/><D123/><U30/><E68/><V84/><F128/><W38/><G120/><T122/><D122/><U9/><E110/><V113/><F113/><W57/><G129/><T112/><D112/><U28/><E73/><V11/><F25/><W51/><G75/><T71/><D132/><U29/><E126/><V53/><F53/><W115/><G115/><T101/><D116/><U74/><E74/><V24/><F24/><W58/><G17/><T20/><D37/><U119/><E97/><V91/><F14/><W114/><G114/><T94/><D131/><U89/><E76/><V18/><REACH who="2" step="1"/><F61/><REACH who="2" ten="251,377,255,107" step="2"/><W121/><G121/><T56/><D62/><U50/><REACH who="1" step="1"/><E9/><REACH who="1" ten="251,367,255,107" step="2"/><V19/><F19/><W134/><G134/><T107/><D10/><U8/><E8/><V16/><F16/><W4/><G66/><T92/><D70/><AGARI ba="1,2" hai="1,2,11,12,18,63,65,70,83,84,90,91,95,96" machi="70" ten="30,2900,0" yaku="1,1,7,1,53,0" doraHai="0" doraHaiUra="44" who="2" fromWho="0" sc="251,-32,367,0,255,52,107,0" /><INIT seed="6,2,0,2,3,51" ten="219,367,307,107" oya="2" hai0="126,42,77,27,63,36,58,46,93,32,76,55,99" hai1="88,9,35,1,20,100,98,119,59,57,38,94,113" hai2="14,78,85,17,71,7,23,16,125,128,135,111,64" hai3="127,44,75,123,40,97,87,4,60,118,69,83,48"/><V114/><F114/><W80/><G118/><T61/><D126/><U108/><E35/><V12/><F125/><W96/><G123/><T15/><D15/><U86/><E38/><V112/><F112/><W102/><G127/><T134/><D134/><U89/><E113/><V124/><F124/><W56/><G69/><T47/><D47/><U81/><E108/><V62/><F135/><W19/><G4/><T5/><D5/><U31/><E119/><V90/><F111/><W21/><G75/><T53/><D32/><U122/><E1/><V84/><F128/><W0/><G0/><T10/><D27/><N who="1" m="16871" /><E9/><V109/><F109/><W6/><G6/><T28/><D28/><U101/><E122/><V25/><F78/><W129/><G129/><T132/><D10/><U72/><E72/><V18/><F7/><W79/><G83/><T3/><D3/><U29/><E29/><V104/><F104/><W37/><G102/><AGARI ba="2,0" hai="57,59,81,86,88,89,94,98,100,101,102" m="16871" machi="102" ten="30,2000,0" yaku="8,1,54,1" doraHai="51" who="1" fromWho="3" sc="219,0,367,26,307,0,107,-26" /><INIT seed="7,0,0,4,1,99" ten="219,393,307,81" oya="3" hai0="36,52,84,114,10,2,112,96,15,28,59,57,102" hai1="13,126,82,81,3,0,31,23,29,120,61,83,94" hai2="38,37,127,91,12,11,88,41,33,124,21,72,97" hai3="92,51,45,121,17,26,58,34,115,55,69,9,135"/><W14/><G121/><T75/><D75/><U64/><E120/><V49/><F72/><W5/><G115/><N who="0" m="44075" /><D84/><U130/><E126/><V62/><F33/><W80/><G135/><T66/><D36/><U47/><E130/><V30/><F62/><W110/><G110/><T93/><D28/><U68/><E94/><V67/><F67/><W50/><G69/><T109/><D109/><U128/><E128/><V106/><F106/><W133/><G133/><T90/><D2/><U18/><E3/><V86/><F37/><W123/><G123/><T116/><D116/><U48/><REACH who="1" step="1"/><E0/><REACH who="1" ten="219,383,307,81" step="2"/><V71/><F127/><W70/><G70/><T132/><D132/><U16/><E16/><V134/><F71/><W118/><G118/><T65/><D59/><U46/><E46/><V8/><F134/><W113/><G113/><T20/><D20/><U7/><E7/><V111/><F21/><N who="3" m="13615" /><G34/><T117/><D117/><U4/><E4/><V95/><F111/><W85/><G92/><T25/><D25/><U1/><E1/><V40/><F95/><W54/><G80/><T35/><D35/><U19/><E19/><V53/><F124/><W129/><G129/><T60/><D90/><U32/><E32/><V100/><F88/><W107/><G107/><T74/><D74/><U125/><E125/><V42/><F91/><W79/><G79/><T77/><D77/><U63/><E63/><V131/><F131/><W103/><G103/><T98/><D98/><U119/><E119/><V56/><F100/><W44/><G85/><T22/><D22/><U73/><E73/><V105/><F86/><RYUUKYOKU ba="0,1" sc="219,10,383,10,307,-30,81,10" hai0="10,15,52,57,60,65,66,93,96,102" hai1="13,18,23,29,31,47,48,61,64,68,81,82,83" hai3="5,9,14,44,45,50,51,54,55,58" /><INIT seed="7,1,1,4,0,111" ten="229,393,277,91" oya="3" hai0="108,130,18,30,94,33,107,15,61,45,62,75,101" hai1="5,110,21,93,17,58,49,32,122,20,25,117,31" hai2="37,134,9,10,12,2,26,3,131,82,70,95,77" hai3="4,106,72,51,76,79,64,135,53,1,34,42,109"/><W11/><G109/><T132/><D108/><U118/><E122/><V67/><F70/><W85/><G72/><T74/><D75/><U105/><E110/><V13/><F37/><W47/><G135/><T104/><D74/><U98/><E105/><V60/><F134/><W46/><G34/><T22/><D132/><U40/><E5/><V8/><F95/><W100/><G64/><T66/><D62/><U59/><E40/><V71/><F26/><W114/><G114/><T86/><D45/><U28/><E28/><V57/><F71/><W55/><G85/><T87/><D130/><U63/><E49/><V54/><F54/><W112/><G112/><T121/><D121/><U126/><E126/><V127/><F127/><W89/><G89/><T0/><D0/><U7/><E7/><V90/><F131/><W99/><REACH who="3" step="1"/><G55/><REACH who="3" ten="229,393,277,81" step="2"/><T96/><D33/><U119/><E32/><V41/><F90/><W123/><G123/><T113/><D87/><U52/><E117/><V129/><F129/><W81/><G81/><T50/><D86/><U133/><E118/><V65/><F65/><W88/><G88/><T69/><D66/><N who="1" m="39287" /><E133/><V120/><F120/><W102/><G102/><T6/><D101/><N who="1" m="60623" /><E119/><V84/><F41/><W56/><G56/><T38/><D69/><U78/><E78/><V48/><F77/><W125/><G125/><T68/><D68/><U16/><E59/><V116/><F82/><W27/><G27/><T36/><D113/><U92/><E52/><N who="2" m="31879" /><F116/><W73/><G73/><T43/><D43/><U39/><E25/><V23/><F84/><W91/><G91/><RYUUKYOKU ba="1,2" sc="229,-10,393,-10,277,-10,81,30" hai3="1,4,11,42,46,47,51,53,76,79,99,100,106" /><INIT seed="7,2,2,5,1,3" ten="219,383,267,111" oya="3" hai0="107,37,102,91,81,40,38,114,92,124,12,89,130" hai1="72,97,78,104,77,53,113,24,21,133,64,90,25" hai2="2,88,34,17,71,123,86,126,118,70,8,19,116" hai3="20,43,32,117,131,103,100,112,5,59,52,41,75"/><W132/><G117/><T15/><D38/><U4/><E4/><V74/><F74/><W36/><G32/><T18/><D37/><U122/><E122/><V23/><F34/><W76/><G112/><T80/><D130/><U35/><E35/><V120/><F126/><W73/><G131/><T27/><D124/><U135/><E25/><V111/><F111/><W56/><G132/><N who="1" m="50762" /><E72/><V44/><F44/><W65/><G36/><T108/><D40/><N who="3" m="15433" /><G75/><T93/><D107/><U82/><E64/><V9/><F23/><W109/><G109/><T94/><D108/><U119/><E113/><V22/><F22/><W26/><G73/><T121/><D121/><U96/><E53/><V1/><REACH who="2" step="1"/><F86/><REACH who="2" ten="219,383,257,111" step="2"/><W10/><G76/><N who="1" m="29290" /><E119/><V69/><F69/><W129/><G129/><T30/><D114/><U106/><E97/><V49/><F49/><N who="3" m="30735" /><G59/><T67/><D102/><N who="3" m="38953" /><G65/><T68/><D67/><U105/><E106/><V16/><F16/><N who="3" m="12551" /><G10/><T110/><D68/><U115/><E105/><V61/><F61/><W33/><G33/><T48/><D110/><U28/><E104/><V95/><F95/><W85/><G85/><T11/><D94/><N who="1" m="56407" /><E115/><V54/><F54/><W62/><G62/><T14/><D92/><U79/><E79/><V46/><F46/><W50/><G50/><T39/><D48/><U55/><E55/><V29/><F29/><W7/><AGARI ba="2,3" hai="5,7" m="12551,38953,30735,15433" machi="7" ten="30,12000,1" yaku="8,1,52,2,54,2" doraHai="3" who="3" fromWho="3" sc="219,-42,383,-42,257,-42,111,156" /><INIT seed="7,3,0,3,2,78" ten="177,341,215,267" oya="3" hai0="130,89,134,26,111,1,64,90,60,110,61,128,53" hai1="69,32,9,19,39,46,121,11,41,16,115,84,57" hai2="47,106,107,4,93,71,17,91,131,100,113,75,103" hai3="24,66,112,8,50,122,80,15,105,56,10,95,74"/><W123/><G105/><T85/><D1/><U72/><E72/><V62/><F4/><W21/><G112/><T13/><D13/><U79/><E32/><V77/><F113/><W42/><G95/><T23/><D26/><U114/><E69/><V22/><F47/><W81/><G8/><T133/><D23/><U14/><E121/><V48/><F131/><N who="0" m="50218" /><D85/><U73/><E57/><V117/><F117/><W7/><G74/><T101/><D101/><U99/><E99/><V34/><F34/><W35/><G35/><T65/><D53/><U94/><E73/><V38/><F38/><W104/><G123/><T2/><D89/><U5/><E19/><V0/><F0/><W127/><G122/><T3/><D90/><U129/><E129/><V36/><F36/><W92/><G15/><T83/><D83/><U44/><E44/><V118/><F118/><W25/><G24/><T116/><D3/><U126/><E94/><V102/><F62/><N who="0" m="24170" /><D2/><U49/><E11/><V63/><F48/><W31/><G10/><T109/><D116/><U135/><E39/><V43/><F63/><W124/><G25/><T132/><AGARI ba="3,0" hai="64,65,109,110,111,132,133,134" m="24170,50218" machi="132" ten="50,12000,2" yaku="28,2,20,1,19,1,34,2" doraHai="78" who="0" fromWho="0" sc="177,129,341,-33,215,-33,267,-63" owari="306,11.0,308,41.0,182,-32.0,204,-20.0" /></mjloggm>