<mjloggm ver="2.3"><GO type="41" lobby="0"/><UN n0="%E3%81%8B%E3%81%9A%E3%81%AE%E3%81%97%E3%82%93" n1="%E4%BB%B2%E5%B7%9D%E7%BF%94" n2="%E5%B0%B1%E6%B4%BB%E7%94%9F%40%E5%B7%9D%E6%9D%91%E8%BB%8D%E5%9B%A3" n3="%E3%81%82%E3%82%82%E3%81%86%E3%82%82%E3%82%93" dan="13,15,15,14" rate="1934.55,1979.76,2039.62,1967.38" sx="M,M,M,M"/><TAIKYOKU oya="0"/><INIT seed="0,0,0,4,2,4" ten="250,250,250,250" oya="0" hai0="44,41,89,7,118,128,94,25,66,42,9,111,52" hai1="20,54,34,26,113,93,115,91,127,124,119,32,53" hai2="122,59,101,51,132,75,102,62,125,39,123,65,14" hai3="50,76,60,19,22,109,133,130,96,57,90,31,71"/><T129/><D118/><U135/><E119/><V86/><F75/><W70/><G109/><T104/><D104/><U12/><E54/><V2/><F2/><W98/><G133/><T13/><D66/><U92/><E53/><V120/><F132/><W85/><G130/><N who="0" m="50283" /><D111/><U45/><E45/><V116/><F39/><W49/><G31/><T27/><D27/><U28/><E91/><V36/><F36/><W15/><G71/><T46/><D25/><U24/><E93/><V16/><F116/><W121/><G70/><T58/><D46/><U56/><E92/><V79/><F125/><N who="1" m="48201" /><E56/><V106/><F106/><W80/><G121/><T47/><D47/><U84/><E84/><V43/><F43/><W108/><G108/><T17/><D7/><U61/><E61/><V23/><REACH who="2" step="1"/><F51/><REACH who="2" ten="250,250,240,250" step="2"/><W110/><G110/><T29/><D29/><N who="1" m="19767" /><E135/><V72/><F72/><W6/><G50/><N who="0" m="30999" /><D44/><U87/><E87/><AGARI ba="0,1" hai="9,13,17,41,42,87,89,94" m="30999,50283" machi="87" ten="30,5800,0" yaku="19,1,52,1,54,1" doraHai="4" who="0" fromWho="1" sc="250,68,250,-58,240,0,250,0" /><INIT seed="0,1,0,4,4,15" ten="318,192,240,250" oya="0" hai0="74,97,84,3,105,52,112,80,102,68,33,14,64" hai1="129,94,134,65,135,35,121,53,108,117,17,131,128" hai2="31,81,4,46,85,79,56,18,63,101,76,29,26" hai3="28,61,110,6,111,125,1,59,66,9,37,10,24"/><T40/><D33/><U90/><E35/><V67/><F101/><W22/><G125/><T11/><D3/><U77/><E77/><V34/><F4/><W100/><G37/><T20/><D74/><U96/><E117/><V47/><F76/><W114/><G114/><T89/><D112/><U123/><E65/><V36/><F36/><W130/><G130/><T83/><D20/><U86/><E53/><V45/><F31/><W50/><G10/><T16/><D40/><U95/><E17/><V60/><F60/><W133/><G133/><N who="1" m="50698" /><E108/><V25/><REACH who="2" step="1"/><F26/><REACH who="2" ten="318,192,230,250" step="2"/><W99/><G50/><T42/><D42/><U71/><E71/><V82/><F82/><W30/><REACH who="3" step="1"/><G28/><REACH who="3" ten="318,192,230,240" step="2"/><T116/><D116/><U132/><E132/><V106/><F106/><AGARI ba="1,2" hai="1,6,9,22,24,30,59,61,66,99,100,106,110,111" machi="106" ten="40,2600,0" yaku="1,1,2,1,53,0" doraHai="15" doraHaiUra="87" who="3" fromWho="2" sc="318,0,192,0,230,-29,240,49" /><INIT seed="1,0,0,5,5,39" ten="318,192,201,289" oya="1" hai0="82,95,63,18,117,68,67,133,104,59,36,24,127" hai1="118,37,125,89,57,44,90,83,48,6,103,69,101" hai2="92,42,84,135,15,128,65,21,102,107,108,113,86" hai3="60,112,96,111,31,50,115,66,62,52,109,26,70"/><U3/><E118/><V88/><F113/><W7/><G96/><T11/><D104/><U29/><E69/><V30/><F128/><W120/><G7/><T100/><D36/><U94/><E125/><V105/><F135/><W20/><G120/><T4/><D117/><U53/><E29/><V12/><F108/><N who="3" m="41547" /><G60/><T131/><D127/><U99/><E6/><V23/><F65/><W25/><G25/><T1/><D133/><U14/><E14/><V17/><F102/><W58/><AGARI ba="0,0" hai="20,26,31,50,52,58,62,66,70,112,115" m="41547" machi="58" ten="30,2000,0" yaku="14,1,54,1" doraHai="39" who="3" fromWho="3" sc="318,-5,192,-10,201,-5,289,20" /><INIT seed="2,0,0,0,5,5" ten="313,182,196,309" oya="2" hai0="42,26,105,135,124,70,118,96,132,25,67,95,48" hai1="30,14,90,61,12,3,99,123,120,77,101,0,107" hai2="73,100,41,62,32,115,56,85,11,35,40,89,54" hai3="104,8,28,49,87,119,126,65,88,94,1,18,63"/><V78/><F115/><W83/><G119/><T31/><D118/><U109/><E77/><V114/><F114/><W38/><G38/><T129/><D105/><U75/><E75/><V9/><F100/><W37/><G37/><T29/><D124/><U24/><E109/><V44/><F35/><W39/><G39/><T113/><D113/><U72/><E72/><V33/><F33/><W74/><G126/><T92/><D129/><U125/><E90/><V17/><F32/><W127/><G127/><T79/><D79/><U86/><E86/><V43/><F44/><W6/><G104/><T80/><D80/><U97/><E97/><V111/><F111/><W133/><G133/><N who="0" m="51275" /><D70/><U45/><E45/><V47/><F47/><W20/><G18/><T130/><D67/><U21/><E61/><V50/><F62/><W108/><G108/><T76/><D76/><U93/><E107/><V58/><F58/><W106/><G106/><T16/><D130/><U10/><E12/><V52/><F54/><W7/><G74/><T110/><D110/><U15/><E15/><V134/><F134/><W66/><G83/><T34/><D16/><N who="1" m="8279" /><E125/><V84/><F17/><W22/><G63/><T2/><D2/><U55/><E55/><V98/><F73/><W27/><G1/><T91/><D95/><U19/><E19/><V116/><F116/><W122/><G94/><T103/><D103/><U68/><E68/><V121/><F121/><AGARI ba="0,0" hai="0,3,21,24,30,93,99,101,120,121,123" m="8279" machi="121" ten="30,3900,0" yaku="13,1,52,1,54,1" doraHai="5" who="1" fromWho="2" sc="313,0,182,39,196,-39,309,0" /><INIT seed="3,0,0,1,1,27" ten="313,221,157,309" oya="3" hai0="109,24,63,8,2,66,4,42,51,122,50,78,3" hai1="56,16,115,32,35,21,106,130,36,52,10,68,14" hai2="93,117,53,107,60,44,96,20,31,116,128,70,22" hai3="67,125,112,5,88,124,45,18,82,110,129,58,135"/><W121/><G121/><T39/><D122/><U59/><E68/><V92/><F128/><W33/><G33/><T40/><D109/><U95/><E106/><V75/><F75/><W55/><G112/><T73/><D3/><U101/><E36/><V102/><F70/><W103/><G129/><T118/><D118/><U99/><E115/><V28/><F116/><W123/><G123/><T25/><D51/><U98/><E59/><N who="2" m="34927" /><F107/><W120/><G120/><T71/><D50/><U91/><E130/><V46/><F117/><W126/><G110/><T69/><D69/><U84/><E99/><N who="2" m="59751" /><F22/><W64/><G135/><T134/><D134/><U43/><E43/><V87/><F87/><N who="3" m="50295" /><G103/><T89/><D89/><U77/><E77/><V49/><F20/><W11/><G45/><N who="2" m="17513" /><F49/><N who="3" m="31087" /><G18/><T9/><D9/><U114/><E114/><V19/><F19/><W105/><G105/><T29/><D39/><U127/><E127/><V100/><AGARI ba="0,0" hai="28,31,93,96,100" m="17513,59751,34927" machi="100" ten="30,4000,0" yaku="8,1,52,2" doraHai="27" who="2" fromWho="2" sc="313,-10,221,-10,157,40,309,-20" /><INIT seed="4,0,0,3,4,89" ten="303,211,197,289" oya="0" hai0="59,81,119,120,64,94,70,87,88,85,131,29,110" hai1="52,40,123,16,32,84,102,66,74,121,24,128,20" hai2="34,53,26,98,82,104,91,79,115,4,27,48,36" hai3="25,0,129,50,15,45,56,93,95,111,116,11,9"/><T78/><D119/><U97/><E74/><V44/><F104/><W6/><G116/><T51/><D120/><U83/><E128/><V133/><F115/><W127/><G129/><T33/><D110/><U135/><E135/><V108/><F133/><W2/><G127/><T73/><D131/><U68/><E40/><V18/><F108/><W3/><G111/><T5/><D5/><U43/><E43/><V22/><F4/><W112/><G112/><T39/><D39/><U46/><E32/><V30/><F36/><W14/><G25/><T126/><D126/><U49/><E66/><V13/><F98/><W23/><G56/><T114/><D114/><U86/><E68/><V90/><REACH who="2" step="1"/><F27/><REACH who="2" ten="303,211,187,289" step="2"/><W19/><REACH who="3" step="1"/><G11/><REACH who="3" ten="303,211,187,279" step="2"/><T106/><D106/><U42/><E123/><V69/><F69/><W105/><G105/><T47/><D70/><U10/><E121/><V100/><F100/><W101/><G101/><T67/><D59/><U58/><E10/><V12/><F12/><W109/><G109/><T63/><D63/><U60/><E83/><V134/><F134/><W77/><G77/><T99/><D33/><U28/><E28/><V103/><F103/><W38/><G38/><T8/><D29/><U124/><E124/><V35/><F35/><W122/><G122/><T61/><D8/><U72/><E72/><AGARI ba="0,2" hai="13,18,22,26,30,34,44,48,53,72,79,82,90,91" machi="72" ten="30,2000,0" yaku="1,1,7,1,53,0" doraHai="89" doraHaiUra="54" who="2" fromWho="1" sc="303,0,211,-20,187,40,279,0" /><INIT seed="5,0,0,3,2,118" ten="303,191,227,279" oya="1" hai0="46,120,89,92,55,116,128,68,5,111,73,19,115" hai1="4,20,83,31,76,24,53,133,21,102,59,70,52" hai2="104,88,35,80,11,33,78,45,77,85,69,82,1" hai3="10,79,34,6,97,37,32,71,22,43,58,56,122"/><U38/><E38/><V105/><F69/><W0/><G122/><T9/><D116/><U101/><E70/><V40/><F105/><W51/><G71/><T17/><D68/><U113/><E113/><V66/><F104/><W63/><G79/><T23/><D115/><U86/><E133/><V50/><F66/><W124/><G124/><T106/><D73/><U98/><E4/><V107/><F107/><W64/><G37/><T67/><D106/><U65/><E20/><V28/><F28/><W126/><G126/><T60/><D111/><U48/><E65/><V44/><F44/><W30/><G97/><T41/><D128/><U49/><E98/><V27/><F27/><W72/><G72/><T36/><D55/><U47/><AGARI ba="0,0" hai="21,24,31,47,48,49,52,53,59,76,83,86,101,102" machi="47" ten="20,7800,0" yaku="0,1,7,1,8,1,54,1" doraHai="118" who="1" fromWho="1" sc="303,-26,191,78,227,-26,279,-26" /><INIT seed="5,1,0,3,3,69" ten="277,269,201,253" oya="1" hai0="70,12,45,76,1,53,6,114,68,120,15,108,87" hai1="8,135,78,62,28,72,66,112,86,23,81,74,89" hai2="75,27,100,9,56,125,51,103,127,80,31,48,132" hai3="55,44,98,24,126,129,35,92,77,54,111,4,107"/><U7/><E112/><V83/><F132/><W32/><G107/><T118/><D108/><U113/><E113/><V123/><F123/><W133/><G111/><T121/><D118/><U91/><E135/><V18/><F75/><W25/><G133/><T115/><D1/><U2/><E74/><V20/><F125/><W30/><G126/><T61/><D76/><U57/><E28/><V79/><F127/><W36/><G129/><T47/><D87/><U109/><E109/><V130/><F130/><W14/><G77/><T119/><D119/><U94/><E89/><V117/><F117/><W67/><G67/><T37/><D6/><U99/><E23/><V128/><F128/><W52/><G25/><T124/><D124/><U34/><E34/><V122/><F122/><N who="0" m="47210" /><D53/><U21/><E21/><V85/><F83/><W5/><G32/><T97/><D97/><U131/><E131/><V104/><F104/><W95/><G14/><N who="0" m="5163" /><D61/><U46/><E46/><N who="0" m="17417" /><D37/><U71/><REACH who="1" step="1"/><E72/><REACH who="1" ten="277,259,201,253" step="2"/><V82/><F9/><W106/><G44/><T90/><D90/><U73/><E73/><V39/><F31/><W0/><G30/><T11/><D11/><U3/><E3/><V65/><F39/><W64/><G36/><T59/><D59/><AGARI ba="1,1" hai="2,7,8,57,59,62,66,71,78,81,86,91,94,99" machi="59" ten="40,2000,0" yaku="1,1,53,0" doraHai="69" doraHaiUra="41" who="1" fromWho="0" sc="277,-23,259,33,201,0,253,0" /><INIT seed="5,2,0,4,3,112" ten="254,292,201,253" oya="1" hai0="55,63,62,64,49,105,6,29,110,68,37,31,111" hai1="36,73,53,98,14,50,71,52,121,46,8,12,126" hai2="90,109,124,41,74,9,108,79,78,123,5,86,119" hai3="67,117,127,77,133,27,85,120,89,35,56,128,118"/><U113/><E121/><V125/><F41/><W129/><G120/><T39/><D105/><U114/><E73/><V87/><F123/><W93/><G77/><N who="2" m="29193" /><F9/><W103/><G103/><T102/><D102/><U80/><E71/><V16/><F5/><W81/><G81/><T82/><D82/><U45/><E80/><N who="2" m="49479" /><F16/><W0/><G0/><T97/><D97/><U40/><E126/><N who="2" m="48747" /><F74/><W70/><G133/><T91/><D91/><U60/><E60/><V22/><F22/><W131/><G127/><T17/><D17/><U42/><E98/><V19/><F19/><W38/><G38/><N who="0" m="14347" /><D6/><N who="1" m="3095" /><E14/><V106/><F106/><W122/><G122/><T43/><D31/><U4/><E4/><V130/><F130/><W47/><G70/><T15/><D15/><U59/><E59/><V7/><F7/><W92/><G47/><N who="0" m="25855" /><D29/><U61/><E61/><V18/><F18/><W25/><G35/><T48/><D63/><U28/><E28/><V104/><F104/><W1/><G1/><T54/><D55/><U11/><E11/><V134/><F134/><W95/><G27/><T65/><D64/><U30/><E30/><V57/><F57/><AGARI ba="2,0" hai="48,54,57,62,65,68,110,111" m="25855,14347" machi="57" ten="30,2000,0" yaku="34,2" doraHai="112" who="0" fromWho="2" sc="254,26,292,0,201,-26,253,0" /><INIT seed="6,0,0,4,5,37" ten="280,292,175,253" oya="2" hai0="53,132,35,79,88,87,13,51,66,27,106,32,117" hai1="107,92,10,70,110,114,23,61,94,3,97,115,91" hai2="54,69,112,44,104,121,20,80,130,123,21,113,9" hai3="38,118,93,105,135,40,129,43,19,56,33,29,63"/><V8/><F104/><W11/><G118/><T17/><D106/><U31/><E110/><V57/><F69/><W68/><G105/><T4/><D4/><U2/><E107/><V34/><F34/><W73/><G68/><T90/><D117/><U127/><E10/><N who="2" m="4203" /><F80/><W86/><G73/><T128/><D132/><U124/><E94/><V134/><F134/><W18/><G135/><T24/><D66/><N who="1" m="41295" /><E23/><N who="2" m="8779" /><F44/><W60/><G129/><T16/><D128/><U126/><E31/><V119/><F119/><W62/><G38/><T58/><D35/><U41/><E41/><N who="3" m="15946" /><G29/><T50/><D32/><U64/><E64/><V133/><F133/><W75/><G33/><T116/><D116/><U96/><E96/><V82/><F82/><W103/><G75/><T76/><D51/><U30/><E30/><V85/><F85/><W0/><G0/><AGARI ba="0,0" hai="0,2,3,91,92,97,114,115,124,126,127" m="41295" machi="0" ten="40,1300,0" yaku="18,1" doraHai="37" who="1" fromWho="3" sc="280,0,292,13,175,0,253,-13" /><INIT seed="7,0,0,3,2,113" ten="280,305,175,240" oya="3" hai0="13,94,59,58,129,101,54,83,84,79,82,61,98" hai1="35,130,126,43,73,37,95,56,118,49,135,22,23" hai2="117,66,30,92,114,81,70,67,112,25,127,6,72" hai3="91,1,3,14,51,122,132,18,76,125,87,102,44"/><W128/><G122/><T124/><D124/><U57/><E35/><V93/><F6/><W121/><G121/><T40/><D129/><U10/><E73/><V38/><F38/><W115/><G125/><T64/><D40/><U90/><E37/><V8/><F8/><W41/><G115/><N who="2" m="44073" /><F72/><W78/><G128/><T123/><D123/><U21/><E135/><V88/><F127/><W39/><G132/><T75/><D13/><U46/><E118/><V16/><F81/><W120/><G102/><T109/><D109/><U134/><E134/><V11/><F93/><W52/><G120/><T80/><REACH who="0" step="1"/><D75/><REACH who="0" ten="270,305,175,240" step="2"/><U45/><E130/><V55/><F70/><W60/><G1/><T133/><D133/><U110/><E110/><V104/><F104/><W100/><G3/><T47/><D47/><U53/><E126/><V105/><F105/><W74/><G74/><T68/><D68/><U29/><E29/><V7/><F117/><W107/><G44/><T50/><AGARI ba="0,1" hai="50,54,58,59,61,64,79,80,82,83,84,94,98,101" machi="50" ten="20,5200,0" yaku="1,1,0,1,7,1,8,1,53,0" doraHai="113" doraHaiUra="131" who="0" fromWho="0" sc="270,62,305,-13,175,-13,240,-26" owari="332,44.0,292,9.0,162,-34.0,214,-19.0" /></mjloggm>