<mjloggm ver="2.3"><GO type="225" lobby="0"/><UN n0="%E6%9D%89%E6%B5%A6%E7%B6%BE%E4%B9%83%76" n1="%E3%83%88%E3%83%88%E3%83%AA%E5%85%88%E7%94%9F%31%39%E6%AD%B3" n2="%E7%99%BD%E6%B2%B3%E3%81%84%E3%81%8A%E3%82%8A" n3="%E9%9B%80%E9%BE%8D%E9%96%80%5F%59%75%74%69" dan="16,17,16,16" rate="2153.46,2126.37,2134.51,2122.65" sx="M,F,F,M"/><TAIKYOKU oya="0"/><INIT seed="0,0,0,3,3,59" ten="250,250,250,250" oya="0" hai0="32,97,74,100,64,70,128,99,89,26,132,27,130" hai1="104,34,86,87,83,98,9,37,82,3,123,50,28" hai2="107,63,39,85,38,77,0,11,96,118,112,76,40" hai3="57,1,135,117,67,133,116,95,17,16,124,125,84"/><T45/><D74/><U111/><E123/><V61/><F112/><W14/><G1/><T6/><D6/><U54/><E37/><V48/><F39/><W58/><G84/><T18/><D45/><U12/><E3/><V106/><F38/><W66/><G95/><N who="0" m="56559" /><D18/><U2/><E2/><V103/><F107/><W13/><AGARI ba="0,0" hai="13,14,16,17,57,58,66,67,116,117,124,125,133,135" machi="13" ten="25,6400,0" yaku="0,1,22,2,54,1" doraHai="59" who="3" fromWho="3" sc="250,-32,250,-16,250,-16,250,64" /><INIT seed="1,0,0,0,4,116" ten="218,234,234,314" oya="1" hai0="111,12,41,44,72,22,129,86,84,132,128,126,94" hai1="114,33,13,47,10,15,46,69,80,115,70,14,100" hai2="48,37,18,68,57,66,62,112,31,92,36,108,50" hai3="107,83,96,131,56,121,29,24,134,4,54,75,106"/><U135/><E33/><V61/><F31/><W133/><G131/><N who="0" m="50251" /><D72/><U78/><E100/><V40/><F18/><W109/><G121/><T123/><D123/><U6/><E135/><N who="3" m="51722" /><G109/><T82/><D111/><U117/><E117/><V77/><F92/><W73/><G4/><T3/><D3/><U19/><E47/><N who="2" m="25703" /><F77/><N who="3" m="44463" /><G75/><T90/><D126/><U34/><E46/><V51/><F112/><W93/><G54/><T119/><D119/><U5/><E34/><V35/><F35/><N who="3" m="20903" /><G56/><T103/><D132/><U58/><E58/><N who="2" m="37175" /><F108/><W55/><G55/><T95/><D41/><U76/><E114/><V2/><F2/><W91/><AGARI ba="0,0" hai="91,93,96,106,107" m="20903,44463,51722" machi="91" ten="30,1100,0" yaku="20,1" doraHai="116" who="3" fromWho="3" sc="218,-3,234,-5,234,-3,314,11" /><INIT seed="2,0,0,4,5,58" ten="215,229,231,325" oya="2" hai0="33,29,76,63,44,120,74,106,105,38,22,118,39" hai1="3,7,75,42,85,135,132,61,84,102,107,48,16" hai2="24,43,46,78,99,81,134,18,113,123,119,54,126" hai3="72,109,95,112,92,15,100,117,121,80,8,111,60"/><V36/><F123/><W21/><G121/><T57/><D120/><U77/><E3/><V66/><F119/><W49/><G117/><T82/><D118/><U31/><E7/><V1/><F113/><W17/><G49/><T56/><D56/><U116/><E116/><V59/><F126/><W45/><G45/><T10/><D33/><U52/><E42/><V68/><F1/><W103/><G72/><T12/><D22/><U9/><E31/><V40/><F99/><W41/><G80/><T47/><D29/><U104/><E61/><N who="2" m="40015" /><F43/><W14/><G60/><T6/><D47/><N who="1" m="27679" /><E75/><V131/><F131/><W0/><G41/><T19/><D44/><U20/><E9/><V11/><F134/><N who="1" m="51241" /><E102/><N who="3" m="38954" /><G0/><T67/><REACH who="0" step="1"/><D6/><REACH who="0" ten="205,229,231,325" step="2"/><U98/><E20/><V101/><F11/><N who="3" m="6367" /><G112/><T25/><D25/><U94/><E16/><V122/><F18/><N who="3" m="8551" /><G21/><T129/><D129/><U32/><E32/><V53/><F122/><W62/><G62/><T108/><D108/><AGARI ba="0,1" hai="92,95,108,109,111" m="8551,6367,38954" machi="108" ten="30,1000,0" yaku="14,1" doraHai="58" who="3" fromWho="0" sc="205,-10,229,0,231,0,325,20" /><INIT seed="3,0,0,3,3,121" ten="195,229,231,345" oya="3" hai0="0,68,129,81,88,13,93,5,80,46,8,32,9" hai1="100,54,27,57,44,55,119,7,107,21,15,104,24" hai2="71,99,70,124,135,20,43,45,36,114,47,98,10" hai3="51,18,69,64,115,96,75,90,86,60,89,79,118"/><W48/><G75/><T85/><D32/><U37/><E119/><V126/><F114/><W14/><G115/><T11/><D68/><N who="2" m="26154" /><F10/><N who="0" m="4202" /><D0/><U110/><E110/><V73/><F73/><W34/><G48/><T76/><D129/><U130/><E130/><V120/><F120/><W133/><G86/><N who="0" m="48391" /><D46/><U122/><E122/><V26/><F47/><W87/><G64/><T109/><D109/><U17/><E7/><V53/><F53/><W134/><G90/><T12/><D12/><U106/><E100/><V131/><F135/><W132/><G87/><T59/><D59/><U112/><E112/><V56/><F56/><W82/><G14/><T102/><D102/><U77/><E77/><V58/><F58/><W66/><G79/><T95/><D95/><U22/><E15/><V65/><F131/><W39/><G69/><T111/><D111/><U101/><E101/><V103/><F103/><W4/><G133/><T35/><D35/><U25/><E57/><V28/><F65/><W19/><G66/><T49/><D93/><U117/><E117/><V113/><F113/><W1/><G34/><T42/><D49/><U78/><E78/><V128/><F128/><W97/><G51/><T52/><D52/><N who="1" m="20011" /><E22/><V40/><F40/><AGARI ba="0,0" hai="5,11,13,40,42,81,85,88" m="48391,4202" machi="40" ten="30,2000,0" yaku="8,1,54,1" doraHai="121" who="0" fromWho="2" sc="195,20,229,0,231,-20,345,0" owari="215,-18.0,229,3.0,211,-29.0,345,44.0" /></mjloggm>