<mjloggm ver="2.3"><GO type="41" lobby="0"/><UN n0="%6B%2E%69%2E%2E%2E" n1="%E5%B0%B1%E6%B4%BB%E7%94%9F%40%E5%B7%9D%E6%9D%91%E8%BB%8D%E5%9B%A3" n2="%E3%81%B5%E3%81%8F%E3%81%A1%E3%82%83%E3%82%93" n3="%54%4F%53%48%49%59%41%4E" dan="13,15,14,14" rate="1856.55,2050.66,2007.95,1950.08" sx="M,M,M,M"/><TAIKYOKU oya="0"/><INIT seed="0,0,0,2,3,29" ten="250,250,250,250" oya="0" hai0="75,48,34,130,10,73,67,61,124,121,81,123,7" hai1="68,117,20,27,126,88,108,52,92,60,134,113,77" hai2="103,3,78,85,8,95,38,19,28,54,9,15,26" hai3="71,24,58,101,135,6,37,33,118,80,131,96,65"/><T18/><D34/><U51/><E117/><V105/><F38/><W25/><G118/><T90/><D130/><U55/><E113/><V64/><F105/><W31/><G131/><T72/><D124/><U1/><E1/><V116/><F116/><W122/><G122/><T110/><D18/><U120/><E120/><V62/><F54/><W127/><G127/><T74/><D110/><U129/><E126/><V22/><F3/><W111/><G111/><T94/><D48/><U69/><E108/><V32/><F78/><W125/><G125/><T36/><D36/><U39/><E39/><V59/><F85/><W93/><G37/><T112/><D112/><U42/><E129/><V104/><F104/><W97/><G6/><T133/><D133/><U107/><E107/><V114/><F114/><W76/><G135/><T35/><D35/><U128/><E128/><V119/><F119/><W70/><G97/><T2/><D90/><U91/><E134/><V16/><REACH who="2" step="1"/><F19/><REACH who="2" ten="250,250,240,250" step="2"/><W23/><G76/><N who="0" m="44167" /><D94/><U63/><E77/><V50/><F50/><W99/><G99/><AGARI ba="0,1" hai="8,9,15,16,22,26,28,32,59,62,64,95,99,103" machi="99" ten="40,5200,0" yaku="1,1,52,1,54,1,53,0" doraHai="29" doraHaiUra="84" who="2" fromWho="3" sc="250,0,250,0,240,62,250,-52" /><INIT seed="1,0,0,4,5,130" ten="250,250,302,198" oya="1" hai0="65,126,28,5,120,107,9,135,81,44,75,3,54" hai1="73,116,108,133,87,91,10,93,105,128,96,26,104" hai2="115,23,56,63,132,72,119,129,4,11,16,101,51" hai3="47,114,31,69,57,30,41,19,118,88,34,113,58"/><U67/><E116/><V46/><F119/><W125/><G69/><T38/><D126/><U37/><E37/><V94/><F129/><W92/><G118/><T68/><D107/><U35/><E73/><V97/><F72/><W42/><G125/><T80/><D120/><U89/><E128/><V8/><F115/><W117/><G117/><T40/><D28/><N who="3" m="10793" /><G34/><T83/><D54/><U62/><E108/><V29/><F29/><W36/><G36/><T112/><D112/><U127/><E127/><V134/><F46/><W2/><G2/><T79/><REACH who="0" step="1"/><D135/><REACH who="0" ten="240,250,302,198" step="2"/><N who="2" m="51754" /><F51/><N who="3" m="27119" /><G42/><T131/><D131/><U22/><E133/><V109/><F109/><W48/><G114/><T32/><D32/><U61/><E35/><V50/><F50/><W55/><G113/><T100/><D100/><U60/><E105/><V102/><F101/><W21/><G58/><T110/><D110/><U12/><E104/><V71/><F71/><W82/><G82/><T15/><D15/><U95/><E67/><N who="2" m="39399" /><F4/><W20/><G19/><T106/><D106/><U78/><E62/><AGARI ba="0,1" hai="3,5,9,38,40,44,62,65,68,75,79,80,81,83" machi="62" ten="40,8000,1" yaku="1,1,25,2,53,1" doraHai="130" doraHaiUra="64" who="0" fromWho="1" sc="240,90,250,-80,302,0,198,0" /><INIT seed="2,0,0,4,5,26" ten="330,170,302,198" oya="2" hai0="104,24,100,71,131,45,132,13,0,29,46,20,103" hai1="40,28,68,53,6,15,115,90,47,75,10,113,109" hai2="9,30,7,127,22,44,1,69,34,43,125,134,107" hai3="108,17,54,4,93,84,74,52,80,49,38,23,31"/><V91/><F107/><W36/><G74/><T116/><D0/><U79/><E109/><V122/><F69/><W35/><G108/><T118/><D132/><U99/><E68/><V65/><F65/><W62/><G4/><T112/><D112/><U89/><E53/><V85/><F134/><W124/><G124/><T21/><D71/><U86/><E75/><V37/><F122/><W98/><G35/><T123/><D123/><U32/><E99/><V110/><F110/><W58/><G38/><T61/><D61/><U121/><E121/><V18/><F85/><W105/><G105/><T42/><D131/><U48/><E90/><V106/><F91/><W94/><G36/><T25/><D13/><U50/><E50/><V55/><F55/><W59/><G98/><T88/><D104/><U126/><E126/><V57/><F106/><W111/><G111/><T114/><D88/><U66/><E66/><V135/><F57/><W67/><G67/><T83/><D114/><U73/><E73/><V3/><F3/><W119/><G119/><N who="0" m="45611" /><D83/><U76/><E76/><V81/><F81/><W11/><G11/><T27/><D29/><U51/><E51/><V72/><F135/><W39/><G39/><N who="0" m="21727" /><D46/><U12/><E12/><N who="2" m="9543" /><F72/><W14/><G31/><T16/><D21/><U63/><E63/><V56/><F56/><W97/><REACH who="3" step="1"/><G97/><REACH who="3" ten="330,170,302,188" step="2"/><T117/><D117/><U2/><E2/><V128/><F128/><W82/><G82/><T95/><D95/><N who="1" m="54711" /><E79/><AGARI ba="0,1" hai="14,17,23,49,52,54,58,59,62,79,80,84,93,94" machi="79" ten="30,7700,0" yaku="1,1,7,1,8,1,54,1,53,0" doraHai="26" doraHaiUra="102" who="3" fromWho="1" sc="330,0,170,-77,302,0,188,87" /><INIT seed="3,0,0,1,2,62" ten="330,93,302,275" oya="3" hai0="52,19,43,49,55,8,47,17,86,78,96,124,106" hai1="13,121,120,20,104,92,45,109,80,111,23,116,29" hai2="64,44,133,79,7,132,119,127,73,105,18,82,51" hai3="85,90,81,88,16,77,94,65,39,57,112,27,68"/><W25/><G112/><T70/><D124/><U114/><E104/><V6/><F119/><W100/><G39/><T56/><D70/><U93/><E80/><V38/><F105/><W84/><G68/><T67/><D96/><U134/><E45/><V14/><F38/><W2/><G2/><T118/><D106/><U128/><E128/><V11/><F127/><W5/><G5/><T31/><D31/><U35/><E93/><V87/><F73/><W48/><G100/><T36/><D118/><U83/><E92/><V41/><F64/><W34/><G34/><T15/><D19/><N who="1" m="10351" /><E83/><V108/><F108/><N who="1" m="41545" /><E116/><V101/><F101/><W107/><G107/><T54/><REACH who="0" step="1"/><D67/><REACH who="0" ten="320,93,302,275" step="2"/><U40/><E114/><V91/><F6/><W122/><G122/><N who="1" m="47210" /><E40/><V60/><F132/><W99/><G65/><T26/><D26/><N who="1" m="16607" /><E35/><V117/><F117/><W102/><G27/><T12/><D12/><U110/><N who="1" m="41553" /><U63/><DORA hai="69" /><E63/><V28/><F60/><W115/><G115/><T0/><D0/><U58/><E58/><V125/><F41/><W33/><G33/><T61/><D61/><U21/><E21/><V50/><F14/><W95/><G25/><T59/><D59/><U131/><E131/><V10/><F44/><W98/><G57/><T24/><D24/><U9/><E9/><V72/><F10/><W89/><G48/><T126/><D126/><U4/><E4/><V53/><F7/><W46/><G46/><T130/><D130/><U71/><E71/><V74/><F51/><W135/><G135/><AGARI ba="0,1" hai="134,135" m="16607,47210,41553,10351" machi="135" ten="50,6400,0" yaku="14,1,34,2" doraHai="62,69" who="1" fromWho="3" sc="320,0,93,74,302,0,275,-64" /><INIT seed="4,0,0,4,2,98" ten="320,167,302,211" oya="0" hai0="129,25,124,111,119,105,14,130,114,115,54,8,24" hai1="80,4,108,51,40,15,74,44,16,125,47,22,70" hai2="92,90,94,2,126,7,81,87,113,109,60,3,23" hai3="118,127,5,13,116,37,36,19,121,133,79,33,76"/><T0/><D119/><U49/><E70/><V58/><F109/><W103/><G121/><T27/><D105/><U46/><E108/><V43/><F126/><W59/><G133/><T71/><D71/><U52/><E125/><V89/><F113/><N who="0" m="43018" /><D124/><U35/><E35/><V77/><F43/><W75/><G33/><T68/><D68/><U34/><E34/><V66/><F7/><W42/><G127/><T101/><D101/><U102/><E102/><V135/><F135/><W131/><G5/><N who="0" m="1063" /><D54/><U12/><E80/><V39/><F39/><W84/><G131/><N who="0" m="50187" /><D14/><U29/><E74/><V65/><F65/><W107/><G118/><T95/><D95/><N who="2" m="36394" /><F3/><W38/><G116/><T99/><D99/><U88/><E88/><V18/><F2/><W100/><G107/><T53/><D53/><U20/><E29/><V97/><F97/><W69/><G69/><T9/><D9/><N who="1" m="4135" /><E20/><V6/><F6/><W122/><G59/><AGARI ba="0,0" hai="15,16,22,40,44,46,47,49,51,52,59" m="4135" machi="59" ten="30,3900,0" yaku="8,1,54,2" doraHai="98" who="1" fromWho="3" sc="320,0,167,39,302,0,211,-39" /><INIT seed="5,0,0,5,1,82" ten="320,206,302,172" oya="1" hai0="80,86,54,103,0,112,66,76,72,4,58,36,122" hai1="97,25,113,128,16,28,83,50,18,47,2,93,109" hai2="55,11,29,35,9,114,38,89,22,27,30,67,34" hai3="24,42,107,21,133,49,75,115,62,46,59,85,6"/><U81/><E2/><V92/><F38/><W110/><G110/><T121/><D66/><U32/><E113/><V39/><F39/><W129/><G115/><T98/><D36/><U19/><E109/><V127/><F114/><W51/><G129/><T130/><D112/><U74/><E128/><V20/><F67/><W101/><G75/><T64/><D64/><U84/><E74/><V8/><F55/><W111/><G111/><T10/><D130/><U125/><E125/><V61/><F61/><W102/><G133/><T135/><D72/><U69/><E69/><V56/><F56/><W44/><G107/><T57/><D135/><U120/><E120/><N who="0" m="46185" /><D54/><U73/><E73/><V126/><F89/><W124/><G124/><N who="2" m="47657" /><F92/><AGARI ba="0,0" hai="0,4,10,57,58,76,80,86,92,98,103" m="46185" machi="92" ten="30,2000,0" yaku="13,1,52,1" doraHai="82" who="0" fromWho="2" sc="320,20,206,0,302,-20,172,0" /><INIT seed="6,0,0,1,3,44" ten="340,206,282,172" oya="2" hai0="84,68,100,77,52,88,49,74,122,121,96,19,18" hai1="46,42,72,11,91,82,129,7,112,85,125,66,48" hai2="4,131,25,33,104,10,79,2,99,135,94,45,16" hai3="1,32,54,118,59,15,123,40,39,71,27,117,113"/><V124/><F124/><W103/><G123/><T98/><D68/><U24/><E112/><V26/><F131/><W75/><G1/><T133/><D133/><U63/><E125/><V67/><F135/><W23/><G75/><T41/><D122/><U20/><E129/><V22/><F104/><W29/><G113/><T115/><D121/><U83/><E72/><V69/><F79/><W14/><G71/><T110/><D110/><U126/><E126/><V38/><F67/><W119/><G103/><T78/><D41/><U8/><E83/><V95/><F69/><W12/><G39/><T3/><D3/><U73/><E73/><V5/><F5/><W50/><REACH who="3" step="1"/><G40/><REACH who="3" ten="340,206,282,162" step="2"/><T116/><D74/><U89/><E89/><V102/><F38/><W107/><G107/><T31/><D115/><U86/><E86/><V97/><F102/><W90/><G90/><T21/><D100/><U64/><E7/><V105/><F105/><W9/><G9/><T76/><D84/><U92/><E82/><V57/><F10/><W106/><G106/><T55/><D88/><U35/><E35/><AGARI ba="0,1" hai="12,14,15,23,27,29,32,35,50,54,59,117,118,119" machi="35" ten="50,3200,0" yaku="1,1,52,1,53,0" doraHai="44" doraHaiUra="134" who="3" fromWho="1" sc="340,0,206,-32,282,0,162,42" /><INIT seed="7,0,0,4,0,66" ten="340,174,282,204" oya="3" hai0="89,5,6,39,3,53,68,73,134,58,71,98,101" hai1="62,77,20,28,24,43,55,86,1,0,19,109,63" hai2="121,104,46,52,114,82,4,110,61,8,128,125,36" hai3="23,76,88,56,133,78,80,35,129,17,84,124,118"/><W60/><G118/><T7/><D3/><U127/><E109/><V14/><F104/><W132/><G35/><T30/><D73/><U22/><E127/><V115/><F110/><W135/><G124/><T54/><D39/><U108/><E108/><V72/><F125/><W131/><G78/><T74/><D74/><U90/><E77/><V83/><F121/><W2/><G135/><T18/><D30/><U100/><E100/><V122/><F122/><W103/><G103/><T94/><D18/><U49/><E43/><V13/><F13/><N who="3" m="9647" /><G2/><T102/><D54/><U130/><E130/><N who="3" m="49674" /><G76/><T29/><D29/><U99/><E99/><V69/><F128/><W47/><G47/><T119/><D119/><U107/><E107/><V33/><F33/><W106/><G106/><T120/><D120/><U113/><E1/><V105/><F105/><W126/><G126/><T12/><D12/><N who="1" m="9319" /><E0/><V117/><F117/><W57/><G57/><T50/><D134/><U97/><E97/><V37/><F46/><W48/><G48/><T91/><D101/><U31/><E113/><V75/><F36/><W15/><G15/><T65/><D65/><AGARI ba="0,0" hai="56,60,65,80,84,88,132,133" m="49674,9647" machi="65" ten="30,2900,0" yaku="19,1,54,1" doraHai="66" who="3" fromWho="0" sc="340,-29,174,0,282,0,204,29" /><INIT seed="7,1,0,4,0,26" ten="311,174,282,233" oya="3" hai0="62,15,2,90,111,5,64,51,29,71,7,119,105" hai1="28,109,44,84,96,58,49,22,110,66,47,31,131" hai2="40,46,106,89,59,134,126,74,95,69,34,112,73" hai3="79,61,39,102,128,81,88,16,38,98,87,18,9"/><W97/><G128/><T93/><D119/><U94/><E131/><V48/><F69/><W75/><G61/><T36/><D36/><U85/><E109/><V108/><F106/><N who="3" m="63823" /><G9/><T54/><D2/><U17/><E110/><V42/><F108/><W43/><G98/><T21/><D105/><U80/><E66/><V82/><F40/><W12/><G43/><T4/><D111/><U78/><E58/><V14/><F34/><W101/><G101/><T125/><D125/><U37/><E84/><V23/><F126/><W50/><G50/><T3/><D3/><U41/><E37/><N who="3" m="13834" /><G12/><T25/><D15/><N who="1" m="9535" /><E47/><V76/><F14/><W123/><G123/><T115/><D115/><U118/><E118/><V114/><F112/><W92/><AGARI ba="1,0" hai="16,18,75,79,81,87,88,92" m="13834,63823" machi="92" ten="30,6000,0" yaku="24,1,54,2" doraHai="26" who="3" fromWho="3" sc="311,-21,174,-21,282,-21,233,63" /><INIT seed="7,2,0,2,3,114" ten="290,153,261,296" oya="3" hai0="12,62,132,7,11,130,3,90,123,47,110,63,6" hai1="133,128,116,65,25,115,124,23,71,74,80,112,82" hai2="29,21,91,20,100,125,57,15,97,66,19,67,78" hai3="33,113,49,106,101,61,26,37,69,105,99,40,109"/><W10/><G113/><N who="1" m="43594" /><E128/><V103/><F125/><W68/><G109/><T17/><D123/><U93/><E124/><V38/><F38/><W58/><G10/><N who="0" m="4183" /><D3/><U8/><E133/><V86/><F78/><W41/><G37/><T127/><D110/><U0/><E93/><V14/><F29/><N who="3" m="19639" /><G106/><T75/><D75/><U88/><E80/><V120/><F120/><W79/><G79/><T1/><D127/><U54/><E54/><V5/><F5/><W77/><G77/><T81/><D1/><U50/><E50/><V56/><F97/><W36/><G36/><T9/><D7/><N who="1" m="1127" /><E74/><V84/><F19/><W24/><G24/><T85/><D132/><U76/><E76/><V64/><F64/><N who="3" m="40975" /><G69/><T73/><D73/><U48/><E48/><V108/><F108/><W13/><G13/><N who="0" m="7343" /><D130/><U27/><E65/><V70/><F70/><W129/><G129/><T53/><D11/><U89/><E71/><V72/><F72/><W119/><G119/><T135/><D135/><U34/><E34/><V117/><F91/><N who="1" m="34889" /><E82/><V121/><F121/><W83/><G83/><T52/><D47/><U46/><E46/><V18/><F18/><W31/><G31/><T95/><D81/><U2/><E2/><V59/><F59/><W32/><G32/><T35/><D35/><U39/><E39/><V87/><F87/><W42/><G58/><T107/><D107/><U122/><E122/><V4/><F4/><W22/><G22/><T98/><D85/><U111/><E111/><V102/><F66/><W30/><G30/><T94/><D94/><U28/><E27/><V134/><F134/><RYUUKYOKU ba="2,0" sc="290,10,153,10,261,-30,296,10" hai0="52,53,62,63,90,95,98" hai1="23,25,28,116" hai3="40,41,42,49,99,101,105" owari="300,10.0,163,-34.0,231,-17.0,306,41.0" /></mjloggm>