<mjloggm ver="2.3"><GO type="169" lobby="0"/><UN n0="%E3%83%8D%E3%83%BC%E3%83%A0%E3%83%AC%E3%82%B9%EF%BC%97" n1="%E3%82%A6%E3%83%AB%E3%83%88%E3%83%A9%E7%AB%8B%E7%9B%B4" n2="%E3%81%BA%E3%82%8A%E3%81%8B%E3%82%93" n3="%E3%81%BE%E3%82%8B" dan="17,17,17,16" rate="2145.83,2118.86,2200.12,2048.75" sx="M,M,F,M"/><TAIKYOKU oya="0"/><INIT seed="0,0,0,2,5,132" ten="250,250,250,250" oya="0" hai0="116,134,30,49,90,24,128,58,133,25,127,108,57" hai1="8,88,123,103,105,112,45,33,41,21,39,11,81" hai2="55,26,32,46,122,82,67,68,1,75,109,76,14" hai3="89,12,124,17,83,3,80,0,120,107,43,42,121"/><T34/><D116/><U60/><E33/><V9/><F14/><W84/><G107/><T74/><D74/><U37/><E123/><N who="3" m="47178" /><G83/><T115/><D115/><U111/><E112/><V95/><F95/><W129/><G129/><T98/><D128/><U86/><E111/><V20/><F20/><N who="3" m="11303" /><G124/><T38/><D38/><U72/><E72/><V92/><F92/><W7/><G7/><T13/><D13/><U131/><E131/><V15/><F15/><W99/><G99/><T56/><D108/><U101/><E39/><V66/><F109/><W78/><G78/><T28/><D49/><U93/><E21/><V23/><F32/><W77/><G77/><T35/><D127/><U65/><E105/><V4/><F122/><W5/><G5/><T110/><D110/><U16/><E16/><V48/><REACH who="2" step="1"/><F68/><REACH who="2" ten="250,250,240,250" step="2"/><W47/><G47/><T27/><D27/><U130/><E130/><V113/><F113/><W126/><G126/><T61/><D61/><U100/><REACH who="1" step="1"/><E93/><AGARI ba="0,1" hai="24,25,28,30,34,35,56,57,58,90,93,98,133,134" machi="93" ten="40,2000,0" yaku="9,1" doraHai="132" who="0" fromWho="1" sc="250,30,250,-20,240,0,250,0" /><INIT seed="0,1,0,2,0,123" ten="280,230,240,250" oya="0" hai0="54,81,96,76,94,109,87,9,67,40,131,82,17" hai1="122,22,63,66,117,97,128,57,72,43,90,65,88" hai2="20,102,119,51,26,53,86,130,16,14,71,1,47" hai3="92,100,5,91,7,10,48,125,80,114,103,62,93"/><T78/><D67/><U58/><E122/><V74/><F130/><W34/><G34/><T12/><D40/><U134/><E117/><V21/><F119/><W31/><G114/><T89/><D131/><U64/><E128/><V127/><F127/><W112/><G112/><T61/><D109/><U60/><E72/><V126/><F74/><W121/><G121/><T59/><REACH who="0" step="1"/><D82/><REACH who="0" ten="270,230,240,250" step="2"/><U98/><E43/><V133/><F126/><W18/><G125/><T55/><D55/><U77/><E134/><V84/><F133/><W50/><G80/><T38/><D38/><U75/><E65/><V8/><F71/><W73/><G93/><T111/><D111/><U41/><E41/><V69/><F69/><W45/><G92/><T70/><D70/><U36/><E36/><V46/><F46/><W85/><G45/><T101/><AGARI ba="1,1" hai="9,12,17,54,59,61,76,78,81,87,89,94,96,101" machi="101" ten="20,7800,0" yaku="1,1,0,1,7,1,8,1,53,0" doraHai="123" doraHaiUra="107" who="0" fromWho="0" sc="270,91,230,-27,240,-27,250,-27" /><INIT seed="0,2,0,0,4,68" ten="361,203,213,223" oya="0" hai0="135,99,134,81,82,33,41,44,90,16,12,95,57" hai1="123,24,133,92,66,35,19,77,25,80,45,64,83" hai2="73,22,31,62,0,14,27,128,49,106,126,127,58" hai3="97,103,39,65,124,87,130,46,3,5,7,98,118"/><T15/><D33/><U18/><E123/><V91/><F0/><W47/><G118/><T76/><D57/><U34/><E92/><V43/><F106/><W107/><G124/><N who="2" m="47657" /><F73/><W88/><G130/><T86/><D81/><U59/><E59/><V36/><F36/><W51/><G97/><T96/><D96/><U74/><E45/><N who="2" m="25791" /><F91/><W105/><G105/><T114/><D114/><U116/><E74/><V121/><F14/><W78/><G78/><T6/><D6/><U48/><E48/><V104/><F104/><W119/><G119/><T20/><REACH who="0" step="1"/><D15/><REACH who="0" ten="351,203,213,223" step="2"/><U85/><E116/><V69/><F58/><W17/><G98/><T67/><D67/><U75/><E66/><N who="2" m="41175" /><F128/><W108/><G65/><T61/><D61/><U70/><E64/><V38/><F121/><W52/><G47/><T84/><D84/><U10/><E85/><V79/><F79/><W120/><G87/><T55/><D55/><U28/><E77/><V30/><F30/><W101/><G52/><T71/><D71/><U113/><E28/><V29/><F31/><W131/><G120/><T94/><D94/><U89/><E70/><V125/><F125/><W63/><G131/><T100/><D100/><U8/><E83/><V53/><F53/><W42/><G103/><T9/><D9/><U50/><E80/><V72/><F72/><W1/><G101/><T129/><D129/><U11/><E75/><V26/><F29/><W122/><G107/><T60/><D60/><U2/><E8/><V132/><F22/><W115/><G63/><T13/><D13/><U37/><E10/><V111/><F132/><RYUUKYOKU ba="2,1" sc="351,30,203,-10,213,-10,223,-10" hai0="12,16,20,41,44,76,82,86,90,95,99,134,135" /><INIT seed="0,3,1,5,1,105" ten="381,193,203,213" oya="0" hai0="50,12,16,38,120,44,96,83,86,103,31,112,32" hai1="48,111,100,47,21,66,18,113,87,122,13,52,34" hai2="63,125,70,124,128,25,53,65,45,71,89,119,91" hai3="133,11,8,49,94,37,76,88,67,68,60,40,69"/><T123/><D38/><U73/><E122/><V14/><F128/><W27/><G133/><T104/><D32/><U135/><E34/><V80/><F71/><W42/><G68/><T131/><D31/><U35/><E35/><V26/><F119/><W90/><G42/><T95/><D104/><U7/><E135/><V9/><F45/><W102/><G102/><T59/><D59/><U41/><E111/><V51/><F51/><W98/><G37/><T74/><D74/><U6/><E73/><V24/><F53/><W82/><G90/><T30/><D30/><U126/><E126/><N who="2" m="48747" /><F80/><W75/><REACH who="3" step="1"/><G27/><REACH who="3" ten="381,193,203,203" step="2"/><T109/><D109/><U81/><E100/><V39/><F39/><W15/><G15/><T3/><D3/><U2/><E2/><V117/><F117/><W107/><G107/><T116/><D116/><U10/><E41/><V33/><F33/><W1/><G1/><T114/><D131/><U127/><E127/><V54/><F54/><W28/><G28/><T121/><D114/><U101/><E113/><V46/><F46/><AGARI ba="3,2" hai="8,11,40,46,49,60,67,69,75,76,82,88,94,98" machi="46" ten="40,8000,1" yaku="1,1,52,1,54,1,53,1" doraHai="105" doraHaiUra="57" who="3" fromWho="2" sc="381,0,193,0,203,-89,203,109" /><INIT seed="1,0,0,0,2,35" ten="381,193,114,312" oya="1" hai0="4,83,69,73,68,1,46,38,92,119,98,105,82" hai1="16,74,89,84,87,20,55,18,8,9,29,126,2" hai2="104,63,37,58,30,114,5,67,56,53,12,65,13" hai3="80,132,62,33,112,0,23,101,99,86,123,97,96"/><U115/><E74/><V107/><F114/><W27/><G112/><T52/><D83/><U60/><E115/><V121/><F37/><W81/><G33/><T76/><D52/><U48/><E126/><V34/><F121/><W111/><G123/><T21/><D21/><U50/><E2/><V51/><F5/><W14/><G132/><T11/><D92/><U59/><E29/><V19/><F13/><W26/><G26/><T122/><D119/><U42/><E84/><V28/><F28/><W77/><G0/><T93/><D93/><U6/><E6/><V110/><F110/><W57/><G81/><T66/><D66/><U72/><E72/><V47/><F65/><W100/><G14/><T78/><D78/><U43/><E50/><V40/><F30/><N who="3" m="17791" /><G111/><T31/><D31/><U32/><E32/><V129/><F129/><W71/><G71/><T24/><D24/><N who="1" m="14343" /><E18/><V45/><F34/><W116/><G116/><T22/><D22/><U64/><E64/><AGARI ba="0,0" hai="57,62,64,77,80,86,96,97,99,100,101" m="17791" machi="64" ten="30,1000,0" yaku="8,1" doraHai="35" who="3" fromWho="1" sc="381,0,193,-10,114,0,312,10" /><INIT seed="2,0,0,1,0,95" ten="381,183,114,322" oya="2" hai0="29,58,26,71,117,59,56,92,103,50,91,127,24" hai1="20,96,37,46,2,61,4,110,79,90,42,109,69" hai2="87,32,99,131,80,100,0,104,52,34,13,74,22" hai3="125,30,123,134,16,25,17,118,70,63,105,41,83"/><V49/><F131/><W126/><G123/><T108/><D71/><U121/><E79/><V93/><F0/><W3/><G118/><T135/><D103/><U45/><E4/><V54/><F54/><W27/><G3/><T10/><D108/><N who="1" m="41579" /><E2/><V84/><F84/><W64/><G41/><T33/><D135/><U38/><E20/><V57/><F74/><W44/><G134/><T5/><D26/><U68/><E90/><N who="2" m="53471" /><F80/><W55/><G83/><T39/><D39/><N who="1" m="21727" /><E96/><V77/><F77/><W119/><G119/><T111/><D111/><U97/><E97/><V122/><F122/><W67/><G67/><T98/><D127/><N who="3" m="48649" /><G105/><T81/><D81/><U85/><E85/><V75/><F75/><W15/><G15/><T101/><D117/><U28/><E121/><V12/><F12/><W35/><G27/><T116/><D116/><U112/><E112/><V102/><F102/><W21/><G35/><T8/><D5/><U115/><E115/><V130/><F130/><W82/><G82/><T51/><D101/><U48/><E38/><V128/><F128/><W1/><G1/><T60/><D60/><U88/><E37/><V133/><F133/><W113/><G113/><T36/><D36/><U23/><E88/><V7/><F7/><W31/><G31/><T106/><D106/><U43/><E61/><V11/><F11/><W129/><G129/><T9/><AGARI ba="0,0" hai="8,9,10,24,29,33,50,51,56,58,59,91,92,98" machi="9" ten="30,2000,0" yaku="0,1,52,1" doraHai="95" who="0" fromWho="0" sc="381,20,183,-5,114,-10,322,-5" /><INIT seed="3,0,0,2,4,75" ten="401,178,104,317" oya="3" hai0="9,39,125,52,82,15,25,112,101,111,85,73,103" hai1="124,99,37,24,21,102,128,16,59,8,30,79,70" hai2="14,91,132,13,114,122,57,106,94,115,35,58,31" hai3="56,86,61,90,109,41,17,100,48,7,0,53,89"/><W92/><G100/><T104/><D39/><U74/><E70/><V120/><F106/><W60/><G0/><T110/><D73/><U67/><E37/><V63/><F35/><W1/><G1/><T51/><D25/><U126/><E128/><V87/><F31/><W47/><G7/><T130/><D104/><U68/><E68/><V49/><F49/><W118/><G118/><T26/><D26/><U83/><E59/><N who="2" m="22539" /><F63/><W66/><G109/><T93/><D93/><U71/><E67/><V50/><F50/><W12/><G90/><T77/><D125/><U96/><E71/><V127/><F127/><N who="1" m="48681" /><E102/><V20/><F20/><N who="3" m="11303" /><G66/><T6/><D130/><U45/><E45/><V22/><F22/><W131/><G131/><T46/><D112/><N who="2" m="43050" /><F132/><W38/><AGARI ba="0,0" hai="38,41,47,48,53,56,60,61,86,89,92" m="11303" machi="38" ten="30,1500,0" yaku="25,1" doraHai="75" who="3" fromWho="3" sc="401,-5,178,-5,104,-5,317,15" /><INIT seed="3,1,0,4,0,106" ten="396,173,99,332" oya="3" hai0="14,44,85,54,95,94,114,91,83,109,64,128,88" hai1="126,61,96,68,22,79,21,72,113,93,133,103,130" hai2="20,105,17,2,1,62,71,92,45,74,77,55,50" hai3="129,111,99,75,3,63,104,8,49,48,12,98,121"/><W9/><G121/><T41/><D109/><U35/><E35/><V124/><F105/><W34/><G34/><T135/><D64/><U60/><E126/><V102/><F124/><W39/><G39/><T6/><D54/><U29/><E113/><V47/><F71/><W107/><G75/><T70/><D70/><U118/><E130/><V27/><F47/><W42/><G3/><T115/><D135/><U24/><E133/><V134/><F134/><W25/><G25/><T4/><D83/><U33/><E118/><V36/><F36/><W37/><G37/><N who="0" m="21551" /><D14/><U23/><REACH who="1" step="1"/><E68/><REACH who="1" ten="396,163,99,332" step="2"/><V84/><F2/><W122/><G129/><T67/><D128/><U38/><E38/><V65/><F1/><W119/><G119/><T40/><D115/><U86/><E86/><V82/><F74/><W30/><G111/><T32/><D114/><U123/><E123/><V131/><F131/><W101/><G122/><T0/><D32/><U18/><E18/><V53/><F65/><W76/><G30/><T57/><D0/><U43/><E43/><N who="2" m="24895" /><F62/><W125/><G125/><T132/><D132/><U66/><E66/><V87/><F84/><W58/><G63/><N who="0" m="38383" /><D40/><U110/><E110/><V5/><F5/><W56/><G42/><T97/><D6/><U117/><E117/><V59/><F53/><W116/><G116/><T26/><D4/><U112/><E112/><V90/><F55/><W51/><G99/><T52/><D52/><U46/><E46/><V73/><F59/><W127/><G58/><T89/><D26/><U108/><E108/><V81/><F81/><AGARI ba="1,1" hai="21,22,23,24,29,33,60,61,72,79,81,93,96,103" machi="81" ten="40,2600,0" yaku="1,1,52,1,53,0" doraHai="106" doraHaiUra="69" who="1" fromWho="2" sc="396,0,163,39,99,-29,332,0" /><INIT seed="4,0,0,2,5,81" ten="396,202,70,332" oya="0" hai0="10,127,101,57,58,134,22,124,43,94,15,16,25" hai1="105,51,111,87,46,60,53,21,112,72,29,0,13" hai2="78,64,34,93,20,6,84,70,45,82,69,1,80" hai3="125,79,130,62,96,55,39,119,11,100,116,2,83"/><T110/><D110/><U66/><E72/><V54/><F34/><W49/><G39/><T8/><D43/><U7/><E105/><V24/><F64/><W128/><G125/><T115/><D8/><U117/><E117/><V42/><F54/><W118/><G62/><T133/><D94/><U68/><E111/><V40/><F40/><W4/><G55/><T89/><D89/><U67/><E67/><V95/><F1/><W50/><G49/><T35/><D101/><U17/><E112/><V86/><F6/><W44/><G50/><T71/><D71/><U5/><E0/><V91/><F70/><W18/><G18/><T113/><D57/><U90/><REACH who="1" step="1"/><E29/><REACH who="1" ten="396,192,70,332" step="2"/><V108/><F108/><W41/><G128/><T9/><D113/><U92/><AGARI ba="0,1" hai="5,7,13,17,21,46,51,53,60,66,68,87,90,92" machi="92" ten="20,12000,2" yaku="1,1,2,1,0,1,7,1,52,1,53,1" doraHai="81" doraHaiUra="59" who="1" fromWho="1" sc="396,-60,192,130,70,-30,332,-30" /><INIT seed="5,0,0,5,5,72" ten="336,322,40,302" oya="1" hai0="36,9,50,28,125,123,103,71,127,56,47,23,124" hai1="121,45,91,14,51,88,24,77,12,57,97,105,111" hai2="89,94,132,31,26,118,76,6,104,13,0,1,41" hai3="61,70,135,54,2,49,110,7,19,33,82,32,78"/><U58/><E121/><V98/><F118/><W101/><G135/><T133/><D71/><U119/><E119/><V115/><F132/><W10/><G110/><T108/><D108/><U116/><E116/><V29/><F104/><W4/><G4/><T90/><D103/><U99/><E105/><V95/><F41/><W85/><G101/><T43/><D123/><U39/><E77/><V93/><F29/><W81/><G19/><T65/><D133/><U42/><E39/><V38/><F38/><W21/><G21/><T27/><D90/><N who="1" m="34347" /><E24/><V84/><F115/><W64/><REACH who="3" step="1"/><G82/><REACH who="3" ten="336,322,40,292" step="2"/><T114/><D114/><U17/><E111/><V62/><F1/><W96/><G96/><N who="1" m="36938" /><E14/><V79/><F0/><W55/><G55/><T113/><D113/><U109/><E109/><V3/><F3/><W5/><G5/><T22/><D22/><AGARI ba="0,1" hai="12,17,22,42,45,51,57,58" m="36938,34347" machi="22" ten="30,2900,0" yaku="8,1,54,1" doraHai="72" who="1" fromWho="0" sc="336,-29,322,39,40,0,292,0" /><INIT seed="5,1,0,0,4,71" ten="307,361,40,292" oya="1" hai0="64,51,75,135,1,70,53,66,7,24,72,3,16" hai1="18,128,42,115,103,91,26,110,83,21,11,23,131" hai2="37,74,57,29,54,47,36,9,105,89,133,39,17" hai3="4,2,77,84,45,113,120,104,20,8,46,69,58"/><U82/><E103/><V22/><F105/><W49/><G120/><T132/><D7/><U90/><E11/><V44/><F74/><N who="0" m="28202" /><D70/><U95/><E42/><V118/><F118/><W130/><G104/><T13/><D24/><U125/><E110/><V100/><F100/><W40/><G69/><T96/><D96/><U127/><E115/><V41/><F9/><W12/><G113/><T112/><D64/><U50/><E50/><V124/><F29/><W30/><G130/><N who="1" m="49706" /><E23/><V52/><F124/><N who="1" m="47689" /><E91/><V98/><F41/><W93/><G58/><N who="0" m="33087" /><D66/><U31/><E31/><V122/><F54/><W92/><G46/><T129/><D129/><U35/><E35/><V99/><F122/><W81/><G2/><T60/><D60/><U43/><E43/><V106/><F106/><W0/><G0/><T34/><D34/><U25/><E25/><AGARI ba="1,0" hai="4,8,12,20,25,30,40,45,49,77,81,84,92,93" machi="25" ten="40,5200,0" yaku="25,2,8,1" doraHai="71" who="3" fromWho="1" sc="307,0,361,-55,40,0,292,55" /><INIT seed="6,0,0,2,1,105" ten="307,306,40,347" oya="2" hai0="49,40,131,2,1,121,19,10,111,21,87,127,37" hai1="80,98,59,92,69,3,24,18,57,61,110,108,132" hai2="76,60,65,119,81,13,0,124,70,50,48,99,12" hai3="114,8,91,118,14,54,62,51,122,31,55,30,47"/><V95/><F119/><W33/><G118/><T42/><D37/><U79/><E3/><V133/><F0/><W83/><G122/><T58/><D10/><U75/><E132/><V5/><F12/><W29/><G33/><T64/><D111/><U6/><E6/><V7/><F7/><W113/><G91/><T106/><D106/><U78/><E78/><V63/><F133/><W89/><G89/><T88/><D1/><U109/><E69/><V74/><F63/><W90/><G90/><T68/><D68/><U107/><E107/><V52/><F124/><W84/><G84/><T28/><D28/><U43/><E43/><V22/><F52/><W35/><G83/><T71/><D71/><U104/><E104/><V41/><F41/><N who="3" m="25071" /><G62/><N who="0" m="37975" /><D2/><U17/><E24/><V85/><F85/><W11/><G35/><T116/><D131/><U53/><REACH who="1" step="1"/><E59/><REACH who="1" ten="307,296,40,347" step="2"/><V39/><F39/><W27/><G27/><N who="0" m="14783" /><D116/><U77/><E77/><V115/><F115/><N who="3" m="44043" /><G14/><T117/><D117/><U67/><E67/><V129/><F129/><W9/><AGARI ba="0,1" hai="8,9,11,29,30,31,54,55" m="44043,25071" machi="9" ten="40,2700,0" yaku="15,1,11,1" doraHai="105" who="3" fromWho="3" sc="307,-7,296,-7,40,-13,347,37" /><INIT seed="7,0,0,3,0,125" ten="300,289,27,384" oya="3" hai0="23,120,76,80,10,70,119,41,69,116,128,31,19" hai1="62,73,6,83,55,94,24,121,93,22,102,8,77" hai2="95,131,28,134,74,13,112,35,9,84,130,27,91" hai3="109,104,3,87,123,37,36,90,115,38,15,107,49"/><W117/><G3/><T64/><D41/><U65/><E121/><V43/><F112/><W124/><G115/><T51/><D120/><U129/><E129/><N who="2" m="49163" /><F74/><W103/><G123/><T75/><D51/><U40/><E102/><V60/><F60/><W100/><G124/><T66/><D31/><U46/><E55/><V79/><F79/><W21/><G117/><T98/><D10/><U81/><E81/><V111/><F43/><W54/><G109/><T18/><D98/><U25/><E94/><V127/><F127/><W48/><G21/><T42/><D42/><U1/><E22/><N who="2" m="15479" /><F95/><W82/><G48/><T11/><D128/><U88/><E62/><V71/><F84/><W52/><G104/><T33/><D33/><U57/><E57/><V86/><F86/><W56/><G107/><T29/><D29/><U99/><REACH who="1" step="1"/><E65/><REACH who="1" ten="300,279,27,384" step="2"/><N who="0" m="25193" /><D69/><U20/><E20/><V92/><F71/><W17/><G54/><T63/><D63/><U58/><E58/><V78/><F78/><W7/><G103/><T133/><D70/><U132/><E132/><V61/><F61/><W4/><G100/><T59/><D59/><U101/><E101/><V72/><F72/><W39/><G56/><T108/><D133/><U105/><E105/><V45/><F45/><W97/><G82/><T32/><D32/><U30/><E30/><V110/><F134/><W53/><G53/><T89/><D108/><N who="2" m="41514" /><F35/><W114/><G87/><T122/><D122/><U113/><E113/><V50/><F50/><AGARI ba="0,1" hai="1,6,8,24,25,40,46,50,73,77,83,88,93,99" machi="50" ten="30,3900,0" yaku="1,1,7,1,54,1,53,0" doraHai="125" doraHaiUra="16" who="1" fromWho="2" sc="300,0,279,49,27,-39,384,0" owari="300,-10.0,328,13.0,-12,-51.0,384,48.0" /></mjloggm>