<mjloggm ver="2.3"><GO type="169" lobby="0"/><UN n0="%E3%82%A6%E3%83%AB%E3%83%88%E3%83%A9%E7%AB%8B%E7%9B%B4" n1="%67%61%6D%6F%33" n2="%7A%65%6C%64%65%6E" n3="%E3%83%95%E3%82%A7%E3%83%AB%E3%83%8A%E3%83%B3%E3%83%89" dan="17,16,19,17" rate="2195.07,2166.46,2287.94,2250.33" sx="M,M,M,M"/><TAIKYOKU oya="0"/><INIT seed="0,0,0,4,3,87" ten="250,250,250,250" oya="0" hai0="19,56,61,112,135,46,84,38,6,121,98,39,25" hai1="124,130,95,76,67,30,7,54,74,26,85,132,12" hai2="127,81,118,73,86,122,37,68,71,99,100,83,75" hai3="90,45,82,70,5,123,34,115,125,0,113,42,49"/><T91/><D121/><U106/><E106/><V62/><F37/><W107/><G123/><T2/><D112/><U58/><E74/><V69/><F122/><W128/><G107/><T63/><D135/><U93/><E67/><V48/><F127/><W8/><G125/><T44/><D2/><U129/><E124/><V11/><F118/><W59/><G70/><T14/><D39/><U131/><E132/><V101/><F62/><W80/><G34/><T92/><D38/><U57/><E7/><V18/><F48/><W20/><G128/><T89/><D6/><U114/><E12/><V126/><F126/><W27/><G59/><T43/><D43/><U28/><E114/><V23/><F11/><W53/><G42/><T94/><D25/><U102/><E102/><V88/><F83/><W40/><G40/><T9/><D61/><U33/><E30/><V15/><REACH who="2" step="1"/><F101/><REACH who="2" ten="250,250,240,250" step="2"/><W47/><G82/><T32/><D32/><U97/><E33/><V22/><F22/><W108/><G115/><T64/><AGARI ba="0,1" hai="9,14,19,44,46,56,63,64,84,89,91,92,94,98" machi="64" ten="20,12000,1" yaku="0,1,7,1,8,1,52,2" doraHai="87" who="0" fromWho="0" sc="250,130,250,-40,240,-40,250,-40" /><INIT seed="0,1,0,4,4,24" ten="380,210,200,210" oya="0" hai0="54,84,123,87,115,62,100,1,60,30,37,26,42" hai1="85,80,78,119,71,57,70,14,55,124,47,16,102" hai2="121,39,74,27,77,88,8,65,94,110,10,12,38" hai3="45,133,9,36,52,76,86,106,93,89,58,66,117"/><T125/><D1/><U50/><E124/><V122/><F110/><W67/><G117/><T130/><D123/><U101/><E119/><V53/><F65/><W48/><G106/><T49/><D115/><U17/><E17/><V73/><F53/><W134/><G76/><T0/><D0/><U132/><E132/><N who="3" m="50794" /><G9/><T29/><D125/><U129/><E129/><V72/><F77/><W28/><G28/><N who="0" m="10859" /><D37/><U22/><REACH who="1" step="1"/><E57/><REACH who="1" ten="380,200,200,210" step="2"/><V35/><F121/><W108/><G108/><T46/><D130/><U64/><E64/><N who="3" m="24618" /><G36/><T92/><D26/><U25/><E25/><V56/><F27/><W90/><G90/><N who="0" m="53319" /><D100/><AGARI ba="1,1" hai="14,16,22,47,50,55,70,71,78,80,85,100,101,102" machi="100" ten="40,2600,0" yaku="1,1,54,1,53,0" doraHai="24" doraHaiUra="31" who="1" fromWho="0" sc="380,-29,200,39,200,0,210,0" /><INIT seed="1,0,0,2,5,98" ten="351,239,200,210" oya="1" hai0="5,17,24,12,119,111,16,81,23,75,102,82,22" hai1="110,91,6,2,128,65,94,115,28,130,30,27,116" hai2="83,31,3,53,105,38,70,29,41,79,47,49,68" hai3="133,126,131,76,40,123,7,101,99,108,63,118,120"/><U10/><E116/><V122/><F122/><W121/><G40/><T11/><D119/><U132/><E115/><V62/><F105/><W20/><G118/><T66/><D111/><U109/><E65/><N who="2" m="41015" /><F3/><W46/><G108/><N who="1" m="41578" /><E132/><V125/><F125/><W107/><G126/><T104/><D66/><U95/><E30/><V72/><F70/><W71/><G133/><T13/><D75/><U44/><E44/><V43/><F43/><W4/><G131/><N who="1" m="50218" /><E91/><V57/><AGARI ba="0,0" hai="29,31,38,41,47,49,53,57,72,79,83" m="41015" machi="57" ten="30,1100,0" yaku="24,1" doraHai="98" who="2" fromWho="2" sc="351,-3,239,-5,200,11,210,-3" /><INIT seed="2,0,0,0,3,106" ten="348,234,211,207" oya="2" hai0="39,116,63,53,98,26,59,104,57,7,119,101,90" hai1="32,113,48,96,25,112,29,10,77,67,123,120,114" hai2="75,105,18,36,42,100,93,2,76,95,23,118,70" hai3="31,86,40,110,49,17,103,60,1,102,6,97,20"/><V21/><F118/><N who="0" m="45098" /><D39/><U107/><E48/><V109/><F70/><W41/><G110/><T79/><D79/><U33/><E10/><V24/><F109/><W81/><G31/><T56/><D7/><U133/><E133/><V94/><F2/><W47/><G41/><T44/><D44/><U37/><E37/><V4/><F4/><W111/><G111/><T80/><D26/><U30/><E67/><V0/><F0/><W88/><G60/><T127/><D127/><U99/><E77/><V68/><F68/><W27/><REACH who="3" step="1"/><G97/><REACH who="3" ten="348,234,211,197" step="2"/><T5/><D63/><U89/><E96/><V43/><F36/><W54/><G54/><T125/><D53/><U66/><E66/><V62/><F62/><W9/><AGARI ba="0,1" hai="1,6,9,17,20,27,40,47,49,81,86,88,102,103" machi="9" ten="30,4000,0" yaku="1,1,0,1,54,1,53,0" doraHai="106" doraHaiUra="69" who="3" fromWho="3" sc="348,-10,234,-10,211,-20,197,50" /><INIT seed="3,0,0,2,5,99" ten="338,224,191,247" oya="3" hai0="72,22,5,119,124,100,0,8,94,42,109,28,7" hai1="75,6,106,133,130,61,86,96,66,24,3,76,62" hai2="16,60,29,2,126,135,55,129,95,40,107,49,65" hai3="33,26,113,122,78,63,15,127,98,112,73,85,51"/><W74/><G122/><T10/><D72/><U47/><E75/><V83/><F107/><W134/><G127/><T43/><D119/><U46/><E133/><V54/><F2/><W38/><G38/><T56/><D109/><U64/><E130/><V34/><F135/><W103/><G134/><T13/><D56/><U17/><E6/><V80/><F40/><W90/><G112/><T59/><D59/><U58/><E3/><V32/><F129/><W131/><G113/><T111/><D111/><U123/><E123/><V12/><F126/><W118/><G131/><T67/><D67/><U31/><E17/><V114/><F95/><W45/><G118/><T21/><D21/><U92/><E86/><V116/><F116/><W44/><G44/><T79/><D79/><U104/><E76/><V91/><F54/><W1/><G1/><T69/><D69/><U41/><E41/><V77/><F91/><W14/><G78/><T132/><D132/><U30/><E30/><V20/><F114/><W70/><G73/><T102/><D43/><U81/><E81/><V9/><F9/><W27/><G74/><T50/><D42/><U57/><E106/><V11/><F11/><W4/><G4/><T108/><D108/><U125/><E104/><V18/><F18/><W53/><G70/><T23/><D124/><U71/><E71/><N who="2" m="42407" /><F29/><N who="3" m="19639" /><G63/><T35/><D0/><U121/><E121/><V68/><F68/><W88/><G27/><T120/><D120/><U36/><E125/><V97/><F77/><W19/><G19/><T128/><D128/><U37/><E61/><V93/><F16/><RYUUKYOKU ba="0,0" sc="338,0,224,0,191,0,247,0" /><INIT seed="4,1,0,5,0,62" ten="338,224,191,247" oya="0" hai0="3,104,65,57,123,14,76,128,87,126,105,10,0" hai1="81,108,45,43,33,15,125,75,77,93,2,109,20" hai2="31,60,23,4,134,94,115,116,59,120,78,80,8" hai3="89,34,53,52,91,18,54,58,114,38,35,26,56"/><T29/><D123/><U129/><E33/><V9/><F120/><W28/><G38/><T19/><D126/><U100/><E2/><V42/><F115/><W12/><G35/><T40/><D128/><U39/><E125/><V101/><F134/><W1/><G1/><T36/><D105/><U106/><E106/><V22/><F42/><W132/><G114/><T117/><D104/><U6/><E129/><V25/><F116/><W112/><G132/><T92/><D117/><U61/><E61/><V127/><F23/><W44/><G44/><T111/><D111/><U102/><E102/><V133/><F133/><W16/><G112/><T84/><D29/><U88/><E100/><V17/><F17/><W119/><G18/><T95/><D40/><U110/><E20/><V48/><F48/><W83/><G119/><T27/><D27/><U68/><E68/><V99/><F4/><W131/><G131/><T103/><D36/><U5/><REACH who="1" step="1"/><E15/><REACH who="1" ten="338,214,191,247" step="2"/><V86/><REACH who="2" step="1"/><F127/><REACH who="2" ten="338,214,181,247" step="2"/><W46/><G34/><T41/><D3/><U79/><E79/><V67/><AGARI ba="1,2" hai="8,9,22,25,31,59,60,67,78,80,86,94,99,101" machi="67" ten="20,16000,3" yaku="1,1,2,1,0,1,7,1,25,2,8,1,52,1,53,0" doraHai="62" doraHaiUra="51" who="2" fromWho="2" sc="338,-81,214,-41,181,183,247,-41" /><INIT seed="5,0,0,2,3,38" ten="257,173,364,206" oya="1" hai0="20,74,70,110,119,123,112,130,105,44,57,115,42" hai1="45,34,29,73,81,101,121,64,132,131,106,11,117" hai2="21,128,35,125,129,36,111,7,114,88,107,15,99" hai3="31,72,47,50,96,85,63,25,71,41,94,98,0"/><U133/><E121/><V75/><F111/><W95/><G72/><T97/><D70/><U39/><E117/><V46/><F35/><W10/><G0/><T13/><D74/><U58/><E11/><V84/><F75/><W134/><G134/><N who="1" m="51818" /><E131/><V22/><F125/><W49/><G10/><T40/><D110/><U6/><E6/><V33/><F33/><W17/><G17/><N who="0" m="10287" /><D119/><U68/><E68/><V56/><F56/><W77/><G50/><T83/><D130/><U120/><E120/><V26/><F114/><N who="0" m="43562" /><D123/><U127/><E127/><V135/><F15/><W126/><G126/><T79/><D44/><U108/><E108/><V30/><F46/><W4/><G71/><T1/><D1/><U66/><E58/><V80/><F7/><W104/><G4/><T91/><D57/><U9/><E9/><V82/><F135/><W93/><G63/><T78/><D78/><N who="1" m="44239" /><E29/><V90/><F30/><W92/><G104/><T51/><D79/><U116/><E34/><V65/><F128/><W102/><G77/><T55/><D105/><U113/><E113/><V86/><F107/><W118/><G118/><T61/><D83/><U122/><E122/><V43/><F82/><W32/><REACH who="3" step="1"/><G85/><REACH who="3" ten="257,173,364,196" step="2"/><T69/><D69/><U76/><E76/><V109/><F86/><W24/><G24/><T100/><D61/><U23/><E116/><V12/><F129/><W53/><G53/><T14/><D55/><U5/><E5/><V124/><F124/><W54/><G54/><T27/><D27/><U60/><E60/><V19/><F109/><W62/><G62/><T103/><D14/><RYUUKYOKU ba="0,1" sc="257,-10,173,-10,364,-10,196,30" hai3="25,31,32,41,47,49,92,93,94,95,96,98,102" /><INIT seed="6,1,1,1,1,87" ten="247,163,354,226" oya="2" hai0="39,34,130,77,7,114,29,67,127,80,61,6,68" hai1="117,78,56,103,12,46,10,66,119,9,99,63,13" hai2="50,21,134,82,51,25,28,126,22,14,129,53,90" hai3="20,1,89,69,43,91,44,81,131,132,38,0,8"/><V33/><F126/><W27/><G69/><T58/><D39/><U18/><E78/><V35/><F134/><W70/><G132/><T96/><D127/><U72/><E72/><V97/><F129/><W115/><G131/><T120/><D120/><U26/><E26/><V3/><F3/><W32/><G32/><T93/><D68/><U11/><E46/><V36/><F36/><W71/><G71/><T30/><D130/><U41/><E41/><V79/><F51/><W122/><G122/><T24/><D30/><U4/><REACH who="1" step="1"/><E11/><REACH who="1" ten="247,153,354,226" step="2"/><V85/><F79/><W17/><G8/><T62/><D24/><U42/><E42/><V5/><F25/><W102/><G44/><T65/><D77/><U109/><E109/><V124/><F124/><W125/><G125/><T100/><D34/><U31/><E31/><V74/><F74/><W112/><G43/><T123/><D29/><U110/><E110/><V64/><F28/><W113/><G113/><T47/><D47/><U95/><AGARI ba="1,2" hai="4,9,10,12,13,18,56,63,66,95,99,103,117,119" machi="95" ten="20,5200,0" yaku="1,1,0,1,7,1,53,1" doraHai="87" doraHaiUra="59" who="1" fromWho="1" sc="247,-14,153,75,354,-27,226,-14" /><INIT seed="7,0,0,5,5,54" ten="233,228,327,212" oya="3" hai0="68,25,129,39,106,107,92,90,70,16,10,22,128" hai1="38,97,116,0,94,50,9,43,61,88,93,133,99" hai2="13,63,23,127,67,59,134,42,20,65,24,51,118" hai3="7,125,72,96,48,31,117,41,6,52,86,131,14"/><W46/><G72/><T130/><D10/><U105/><E105/><N who="0" m="39945" /><D39/><U74/><E74/><V56/><F118/><W11/><G117/><T95/><D95/><U1/><E38/><V83/><F127/><W64/><G125/><T77/><D77/><U120/><E120/><V122/><F134/><W60/><G131/><T76/><D76/><U121/><E133/><V30/><F122/><W84/><G31/><T47/><D47/><U71/><E116/><V108/><F108/><W135/><G135/><T2/><D2/><U98/><E0/><V19/><F83/><W126/><G126/><T32/><D32/><U55/><E43/><V58/><F63/><W3/><G41/><T62/><D62/><U100/><E121/><V75/><F75/><W28/><G28/><T15/><D25/><U109/><E109/><V112/><F112/><W123/><G123/><T29/><D29/><U110/><E110/><V115/><F115/><W81/><G96/><AGARI ba="0,0" hai="15,16,22,68,70,90,92,96,128,129,130" m="39945" machi="96" ten="40,2600,0" yaku="19,1,54,1" doraHai="54" who="0" fromWho="3" sc="233,26,228,0,327,0,212,-26" owari="259,6.0,228,-17.0,327,42.0,186,-31.0" /></mjloggm>