<mjloggm ver="2.3"><GO type="169" lobby="0"/><UN n0="%E3%81%82%E3%81%B2%E3%82%8B%E3%81%95%E3%82%93" n1="%E8%B6%85%E4%BA%BA%EF%BC%AD" n2="%E3%82%A6%E3%83%AB%E3%83%88%E3%83%A9%E7%AB%8B%E7%9B%B4" n3="%6D%6F%74%69%37%32%2E%2E" dan="16,16,17,16" rate="2116.81,2155.39,2115.73,2110.03" sx="M,M,M,M"/><TAIKYOKU oya="0"/><INIT seed="0,0,0,4,3,31" ten="250,250,250,250" oya="0" hai0="8,133,2,109,33,7,96,121,14,93,71,118,28" hai1="39,122,37,75,115,74,17,77,30,80,23,81,13" hai2="78,51,41,18,54,42,38,126,45,86,124,4,112" hai3="90,34,117,106,25,114,5,12,22,134,123,135,113"/><T55/><D118/><U98/><E122/><V130/><F4/><W111/><G106/><T125/><D121/><U85/><E115/><N who="3" m="44042" /><G90/><T59/><D71/><U68/><E68/><V97/><F112/><W61/><G61/><T82/><D133/><N who="3" m="50697" /><G123/><T129/><D129/><U19/><E30/><V89/><F130/><W11/><G117/><T128/><D128/><U43/><E43/><V105/><F18/><N who="3" m="12503" /><G111/><T60/><D109/><U95/><E19/><V94/><F38/><W127/><G127/><N who="2" m="48681" /><F78/><W69/><G69/><T46/><D125/><U15/><E15/><V92/><F105/><W76/><G76/><T131/><D131/><U32/><E75/><V84/><F84/><W72/><G72/><T107/><D107/><U87/><E74/><V29/><F29/><W79/><G79/><T58/><D14/><U100/><E39/><V9/><F92/><W101/><G101/><T0/><D82/><U35/><E37/><V26/><F86/><W53/><G53/><T49/><D93/><U40/><E40/><V108/><F42/><W27/><G27/><T52/><D96/><U21/><E21/><V119/><F26/><W47/><G47/><T24/><REACH who="0" step="1"/><D46/><REACH who="0" ten="240,250,250,250" step="2"/><U104/><E104/><V132/><F132/><W48/><G48/><T56/><D56/><U67/><E67/><V50/><F108/><W6/><G6/><T1/><AGARI ba="0,1" hai="0,1,2,7,8,24,28,33,49,52,55,58,59,60" machi="1" ten="20,12000,1" yaku="1,1,0,1,7,1,52,1,54,1,53,0" doraHai="31" doraHaiUra="99" who="0" fromWho="0" sc="240,130,250,-40,250,-40,250,-40" /><INIT seed="0,1,0,1,5,3" ten="370,210,210,210" oya="0" hai0="14,81,110,40,116,55,111,91,32,86,118,44,7" hai1="105,18,103,97,127,119,22,70,101,85,56,87,36" hai2="65,20,133,30,76,61,39,17,57,34,131,75,71" hai3="66,129,16,114,93,94,28,9,0,27,63,104,49"/><T121/><D32/><U29/><E70/><V54/><F131/><W102/><G114/><T33/><D33/><U98/><E36/><V130/><F130/><W68/><G129/><T113/><D121/><U128/><E29/><V25/><F133/><W38/><G38/><T45/><D113/><U26/><E119/><V15/><F39/><W78/><G78/><N who="0" m="46391" /><D55/><U2/><E2/><V112/><F112/><W51/><G104/><T106/><D106/><U21/><E128/><V123/><F123/><W115/><G115/><T92/><D45/><U67/><E21/><V134/><F134/><W60/><G60/><T77/><D77/><U6/><E127/><V52/><REACH who="2" step="1"/><F71/><REACH who="2" ten="370,210,200,210" step="2"/><W23/><G68/><T120/><D120/><U35/><E35/><V4/><F4/><W108/><G108/><T59/><D118/><U132/><E6/><V24/><F24/><W72/><G27/><T62/><D116/><U125/><E125/><V83/><AGARI ba="1,1" hai="15,17,20,25,30,34,52,54,57,61,65,75,76,83" machi="83" ten="30,4000,0" yaku="1,1,0,1,54,1,53,0" doraHai="3" doraHaiUra="42" who="2" fromWho="2" sc="370,-21,210,-11,200,53,210,-11" /><INIT seed="1,0,0,0,2,32" ten="349,199,253,199" oya="1" hai0="103,107,99,5,55,114,17,85,113,0,93,10,1" hai1="112,20,46,14,40,59,51,41,29,121,63,69,109" hai2="133,119,37,105,8,50,13,34,82,98,106,116,9" hai3="122,88,21,3,71,87,16,92,79,118,101,57,96"/><U66/><E121/><V67/><F37/><W54/><G71/><T127/><D127/><U90/><E112/><V72/><F34/><W123/><G79/><T60/><D17/><U78/><E109/><V126/><F126/><W49/><G3/><T89/><REACH who="0" step="1"/><D0/><REACH who="0" ten="339,199,253,199" step="2"/><U24/><E78/><V44/><F119/><W6/><G118/><T42/><D42/><N who="1" m="25047" /><E69/><V75/><F116/><W74/><G6/><T31/><D31/><U131/><E131/><V7/><F133/><W56/><G74/><T39/><D39/><U36/><E36/><V2/><F75/><W11/><G11/><T104/><D104/><U12/><E90/><V65/><F105/><W61/><G101/><T130/><D130/><U129/><E129/><V91/><F91/><W94/><G122/><T110/><D110/><U84/><E84/><V25/><F106/><W47/><G123/><T125/><D125/><U52/><E66/><V115/><F67/><W18/><G18/><T43/><D43/><AGARI ba="0,1" hai="12,14,20,24,29,40,41,43,52,59,63" m="25047" machi="43" ten="30,2900,0" yaku="8,1,54,1" doraHai="32" who="1" fromWho="0" sc="339,-29,199,39,253,0,199,0" /><INIT seed="1,1,0,2,3,3" ten="310,238,253,199" oya="1" hai0="95,68,96,80,122,102,123,48,81,117,44,7,110" hai1="114,65,70,62,42,106,85,1,9,98,105,51,77" hai2="47,4,21,75,36,87,6,40,61,130,26,131,35" hai3="128,18,2,34,54,78,107,20,33,28,67,120,17"/><U53/><E114/><V56/><F75/><W24/><G107/><T133/><D117/><U127/><E42/><V86/><F35/><N who="3" m="13323" /><G67/><T84/><D68/><U8/><E127/><V45/><F45/><W109/><G54/><N who="0" m="29959" /><D110/><U73/><E73/><V41/><F41/><W118/><G78/><T132/><D7/><N who="2" m="2602" /><F56/><W49/><G49/><T11/><D11/><U126/><E1/><V83/><F61/><W50/><G50/><T112/><D112/><U124/><E105/><V82/><F21/><W79/><G2/><T5/><D5/><U59/><E106/><V25/><F83/><N who="0" m="31818" /><D84/><N who="2" m="32298" /><F82/><W116/><G116/><T76/><D76/><U13/><E77/><V100/><F100/><W111/><G79/><T57/><D57/><U29/><E85/><V46/><F46/><W90/><G118/><T55/><D55/><U119/><E119/><V58/><F58/><W32/><G32/><T103/><D102/><U64/><E64/><V101/><F101/><W37/><G111/><T23/><D23/><U27/><E9/><V91/><F91/><W30/><G90/><T129/><D103/><U134/><E126/><V43/><F43/><W60/><G109/><T63/><D63/><U108/><E108/><V66/><F66/><W15/><G60/><T71/><D71/><U31/><E124/><V99/><F99/><W89/><G89/><T39/><D96/><U69/><E98/><V52/><F52/><W74/><G74/><T72/><D72/><U121/><E69/><V115/><F115/><W22/><G22/><T104/><D104/><U19/><E70/><V93/><F93/><RYUUKYOKU ba="1,0" sc="310,-10,238,-10,253,30,199,-10" hai2="25,26,36,40,47,130,131" /><INIT seed="2,2,0,2,4,53" ten="300,228,283,189" oya="2" hai0="62,101,22,83,11,40,78,120,3,29,56,37,25" hai1="69,46,99,94,126,100,24,129,42,112,43,92,39" hai2="81,12,96,38,75,10,131,124,80,67,93,13,30" hai3="1,61,133,90,117,8,72,87,135,84,33,106,114"/><V76/><F38/><W74/><G117/><T122/><D101/><U9/><E112/><V132/><F124/><W64/><G33/><T50/><D37/><U95/><E69/><V23/><F131/><W16/><G106/><T48/><D3/><U44/><E129/><V111/><F132/><N who="3" m="50763" /><G114/><T54/><D11/><U97/><E126/><V68/><F111/><W73/><G90/><T49/><REACH who="0" step="1"/><D40/><REACH who="0" ten="290,228,283,189" step="2"/><U66/><E9/><V103/><F10/><W109/><G109/><T60/><D60/><U107/><E99/><V118/><F118/><W20/><G1/><T88/><D88/><U28/><E66/><V98/><F67/><W70/><G8/><T18/><D18/><U63/><E63/><V116/><F116/><W0/><G0/><T41/><D41/><U85/><E43/><V119/><F119/><W86/><G16/><T102/><D102/><U65/><E65/><V89/><F98/><W110/><G110/><T31/><D31/><U34/><E42/><V45/><F89/><W58/><G70/><T71/><D71/><U79/><REACH who="1" step="1"/><E39/><REACH who="1" ten="290,218,283,189" step="2"/><V130/><F68/><W35/><G64/><T125/><D125/><U77/><E77/><V5/><F76/><W36/><G36/><T2/><D2/><U6/><E6/><V113/><F5/><W32/><G61/><T134/><D134/><U105/><E105/><V91/><F96/><W7/><G7/><T15/><D15/><U14/><E14/><V121/><F12/><W17/><G17/><T26/><D26/><U123/><E123/><V82/><F13/><W21/><G21/><T108/><D108/><RYUUKYOKU ba="2,2" sc="290,15,218,15,283,-15,189,-15" hai0="22,25,29,48,49,50,54,56,62,78,83,120,122" hai1="24,28,34,44,46,79,85,92,94,95,97,100,107" /><INIT seed="3,3,2,1,5,11" ten="305,233,268,174" oya="3" hai0="13,123,10,12,80,23,36,52,45,27,21,34,51" hai1="2,1,33,121,105,15,64,42,69,9,18,125,81" hai2="116,35,126,101,68,92,134,71,75,19,57,78,90" hai3="93,41,117,77,131,107,91,86,63,62,84,43,44"/><W58/><G107/><T32/><D123/><U70/><E33/><V74/><F35/><W56/><G117/><T112/><D34/><U88/><E105/><V133/><F101/><W103/><G103/><T5/><D112/><U85/><E121/><V8/><F57/><N who="3" m="22123" /><G131/><T17/><D32/><U28/><E28/><V115/><F116/><W98/><G44/><T59/><D80/><U60/><E70/><N who="2" m="26667" /><F78/><W124/><G124/><T72/><D72/><U132/><E42/><N who="3" m="15882" /><G77/><T130/><D130/><U50/><E50/><V29/><F29/><W100/><G100/><T67/><D36/><U87/><E125/><V102/><F102/><W40/><N who="3" m="15890" /><W14/><DORA hai="47" /><G14/><N who="0" m="5455" /><D23/><U95/><REACH who="1" step="1"/><E132/><REACH who="1" ten="305,223,268,174" step="2"/><V3/><F126/><W24/><G24/><T99/><D99/><U108/><E108/><V97/><F115/><W120/><G120/><T49/><D51/><U96/><E96/><V128/><F128/><W4/><G4/><T61/><AGARI ba="3,3" hai="12,13,17,21,27,45,49,52,59,61,67" m="5455" machi="61" ten="30,12000,2" yaku="8,1,52,4,54,1" doraHai="11,47" who="0" fromWho="0" sc="305,159,223,-33,268,-33,174,-63" /><INIT seed="4,0,0,1,2,51" ten="464,190,235,111" oya="0" hai0="70,41,53,32,129,71,92,54,47,8,28,29,93" hai1="99,43,113,132,69,107,60,90,13,133,40,91,104" hai2="48,84,125,85,30,118,18,25,66,37,35,75,9" hai3="101,16,102,21,7,114,128,121,94,135,120,68,10"/><T0/><D32/><U2/><E2/><V98/><F37/><W42/><G114/><T14/><D0/><U100/><E104/><V83/><F75/><W34/><G34/><T1/><D1/><U89/><E113/><V106/><F125/><W82/><G68/><T95/><D129/><U38/><E38/><V15/><F118/><W86/><G128/><T49/><D71/><U3/><E3/><V97/><F106/><W17/><G135/><N who="1" m="51786" /><E13/><V36/><F36/><W130/><G130/><T126/><D70/><U45/><E45/><V81/><F66/><AGARI ba="0,0" hai="40,43,60,66,69,89,90,91,99,100,107" m="51786" machi="66" ten="30,1000,0" yaku="20,1" doraHai="51" who="1" fromWho="2" sc="464,0,190,10,235,-10,111,0" /><INIT seed="5,0,0,5,0,42" ten="464,200,225,111" oya="1" hai0="123,74,11,89,61,105,91,98,58,56,13,63,36" hai1="116,93,119,117,25,112,135,39,90,87,62,5,128" hai2="81,94,7,20,118,85,51,9,103,130,67,121,97" hai3="120,76,40,57,6,115,100,134,64,4,55,18,8"/><U113/><E39/><V10/><F130/><W104/><G120/><T127/><D74/><U47/><E128/><V2/><F118/><W78/><G64/><T66/><D127/><U102/><E5/><V49/><F121/><W70/><G70/><T65/><D123/><U86/><E62/><V41/><F67/><W60/><G115/><N who="1" m="44106" /><E25/><V30/><F10/><W52/><G134/><T110/><D110/><U46/><E135/><V43/><F20/><W106/><G40/><T77/><D77/><U84/><E102/><V126/><F30/><W82/><G55/><T21/><D36/><U24/><E24/><V131/><F131/><W32/><G32/><T34/><D34/><U79/><E79/><V73/><F73/><W0/><G78/><T19/><D11/><U53/><E53/><V132/><F132/><W17/><G4/><T15/><D13/><U38/><E38/><V95/><F126/><W114/><G114/><T16/><D19/><U108/><E108/><V71/><F71/><W54/><G54/><T125/><D125/><U72/><E72/><V107/><F43/><W33/><G33/><T44/><D105/><U96/><AGARI ba="0,0" hai="46,47,84,86,87,90,93,96,116,117,119" m="44106" machi="96" ten="40,7800,0" yaku="15,1,52,2" doraHai="42" who="1" fromWho="1" sc="464,-26,200,78,225,-26,111,-26" /><INIT seed="5,1,0,2,4,66" ten="438,278,199,85" oya="1" hai0="88,34,8,119,103,41,120,74,63,54,127,91,46" hai1="101,37,83,49,96,80,45,72,99,12,60,122,47" hai2="0,2,53,55,43,79,112,133,23,124,100,128,44" hai3="11,130,26,61,1,106,65,67,109,116,10,15,30"/><U69/><E122/><V84/><F100/><W73/><G109/><T77/><D119/><U105/><E99/><V22/><F84/><W59/><G73/><T95/><D34/><U36/><E12/><V16/><F79/><W129/><G116/><T14/><D127/><U9/><E9/><V24/><F124/><W92/><G106/><T51/><D120/><U58/><E69/><V28/><F128/><W17/><G67/><T4/><D74/><U6/><E6/><V135/><F112/><W81/><G81/><T108/><D77/><U32/><E32/><V87/><F87/><W75/><G75/><T70/><D108/><U27/><E27/><V86/><F86/><W90/><G10/><T76/><D76/><U98/><E98/><V89/><F89/><W68/><G59/><N who="0" m="35319" /><D70/><U115/><E115/><V111/><F111/><W3/><G129/><T93/><D103/><U31/><E31/><V62/><F2/><W5/><G5/><T110/><D110/><U25/><E25/><N who="2" m="14535" /><F0/><W97/><REACH who="3" step="1"/><G130/><REACH who="3" ten="438,278,199,75" step="2"/><T50/><D4/><U126/><E126/><V104/><F104/><W13/><G13/><T123/><D14/><U18/><E72/><V38/><F62/><W35/><AGARI ba="1,1" hai="1,3,11,15,17,26,30,35,61,65,68,90,92,97" machi="35" ten="20,5200,0" yaku="1,1,0,1,7,1,52,1,53,0" doraHai="66" doraHaiUra="78" who="3" fromWho="3" sc="438,-14,278,-27,199,-14,75,65" /><INIT seed="6,0,0,4,5,132" ten="424,251,185,140" oya="2" hai0="108,109,116,98,89,47,112,6,104,69,80,119,110" hai1="4,96,102,129,99,16,76,2,88,64,13,35,7" hai2="79,71,66,15,26,91,40,124,46,22,81,130,61" hai3="82,10,97,55,125,27,59,78,106,23,77,17,95"/><V43/><F130/><W39/><G106/><T134/><D69/><U56/><E35/><V20/><F91/><W34/><G39/><T28/><D134/><U63/><E129/><V41/><F15/><W118/><G118/><N who="0" m="45099" /><D112/><U32/><E32/><V75/><F124/><W68/><G68/><T135/><D135/><U3/><E76/><V70/><F70/><W33/><G10/><T90/><D6/><U111/><E111/><V60/><F60/><W0/><G0/><T37/><D28/><U114/><E114/><V38/><REACH who="2" step="1"/><F22/><REACH who="2" ten="424,251,175,140" step="2"/><W9/><G125/><T31/><D89/><U57/><E3/><V18/><AGARI ba="0,1" hai="18,20,26,38,40,41,43,46,61,66,71,75,79,81" machi="18" ten="20,18000,2" yaku="1,1,2,1,0,1,7,1,53,3" doraHai="132" doraHaiUra="36" who="2" fromWho="2" sc="424,-60,251,-60,175,190,140,-60" /><INIT seed="6,1,0,0,2,33" ten="364,191,365,80" oya="2" hai0="13,132,49,36,109,69,26,117,46,8,6,92,104" hai1="0,68,42,12,34,82,67,76,30,66,87,48,15" hai2="95,10,4,43,35,7,27,79,130,119,126,53,86" hai3="19,16,96,72,93,91,44,52,41,112,58,74,54"/><V134/><F119/><W89/><G112/><T135/><D109/><U110/><E110/><V133/><F126/><W114/><G114/><T105/><D69/><U123/><E123/><V70/><F70/><W23/><G89/><T108/><D108/><U9/><E34/><V64/><F64/><W22/><G22/><T62/><D36/><U113/><E30/><N who="2" m="19935" /><F43/><W124/><G124/><T14/><D62/><U128/><E128/><V18/><F53/><W100/><G100/><T131/><D131/><U120/><E120/><V99/><F130/><W45/><G19/><T11/><D26/><U80/><E80/><N who="2" m="47391" /><F18/><W2/><G2/><T60/><D60/><U37/><E37/><V73/><F10/><W118/><G118/><T61/><D61/><U20/><E113/><V98/><F73/><W90/><G90/><T32/><D32/><U50/><E0/><V125/><F125/><W56/><G56/><T122/><D122/><U39/><E39/><V55/><F55/><W84/><G84/><T116/><D92/><U38/><E38/><V115/><F115/><W17/><G17/><N who="0" m="8359" /><D116/><U106/><E106/><V103/><F99/><W65/><G65/><N who="1" m="24586" /><E42/><V51/><F51/><N who="1" m="19497" /><E68/><V88/><F103/><W25/><G54/><N who="0" m="30007" /><D117/><U127/><E127/><V59/><F59/><W101/><G101/><T71/><D71/><U5/><E20/><V102/><F102/><W29/><G29/><T85/><D105/><U21/><E21/><V75/><F75/><N who="3" m="28715" /><G41/><T111/><D111/><U97/><E97/><V47/><F47/><W81/><G81/><T129/><D129/><U1/><AGARI ba="1,0" hai="1,5,9,12,15,76,82,87" m="19497,24586" machi="1" ten="30,2000,0" yaku="5,1,52,1" doraHai="33" who="1" fromWho="1" sc="364,-6,191,23,365,-11,80,-6" /><INIT seed="7,0,0,2,0,111" ten="358,214,354,74" oya="3" hai0="54,99,18,107,12,102,16,34,35,90,106,2,122" hai1="13,85,71,42,45,88,26,23,58,8,40,120,61" hai2="48,127,21,1,44,24,126,4,105,15,57,25,43" hai3="112,32,49,93,3,119,65,96,27,124,52,115,118"/><W46/><G124/><N who="2" m="47657" /><F105/><W104/><G104/><T51/><D122/><U91/><E71/><V89/><F1/><W92/><G3/><T81/><D2/><U133/><E133/><V128/><F128/><W132/><G132/><T75/><D107/><U110/><E110/><V55/><F89/><W41/><G65/><T29/><D18/><U37/><E120/><V69/><F69/><W117/><G93/><T31/><D35/><U134/><E85/><V59/><F59/><W7/><G7/><T67/><D67/><U60/><E42/><V131/><F131/><W87/><G87/><T82/><D90/><U11/><E11/><N who="2" m="4583" /><F21/><W80/><G80/><T78/><D82/><U39/><E61/><AGARI ba="0,0" hai="24,25,43,44,48,55,57,61" m="4583,47657" machi="61" ten="30,1000,0" yaku="18,1" doraHai="111" who="2" fromWho="1" sc="358,0,214,-10,354,10,74,0" owari="358,16.0,204,-20.0,364,47.0,74,-43.0" /></mjloggm>