<mjloggm ver="2.3"><GO type="97" lobby="0"/><UN n0="%E5%B0%B1%E6%B4%BB%E7%94%9F%40%E5%B7%9D%E6%9D%91%E8%BB%8D%E5%9B%A3" n1="%E3%83%8D%E3%82%AA%E3%83%A9%E3%83%B4%E3%82%A3%E3%83%B3" n2="%E3%81%8B%E3%81%96%E3%81%B0%E3%81%AA" n3="%74%65%6E%65%72%74%6B" dan="15,14,15,15" rate="1961.05,1907.52,1992.04,2002.68" sx="M,M,M,M"/><TAIKYOKU oya="0"/><INIT seed="0,0,0,2,3,82" ten="250,250,250,250" oya="0" hai0="70,60,130,16,40,85,117,124,5,65,21,59,37" hai1="129,133,14,97,22,8,72,91,102,44,126,96,128" hai2="1,48,34,47,30,23,90,123,105,13,86,20,104" hai3="113,2,107,73,32,52,98,51,103,0,122,111,83"/><T108/><D117/><U6/><E133/><V56/><F123/><W25/><G113/><T74/><D74/><U36/><E126/><V92/><F1/><W7/><G122/><T87/><D124/><U131/><E72/><V95/><F34/><W35/><G111/><T79/><D130/><U100/><E22/><V75/><F75/><W94/><G107/><T58/><D108/><U11/><E11/><V78/><F78/><W134/><G134/><T62/><D5/><U118/><E118/><V84/><F56/><W53/><G53/><T3/><D3/><U61/><E61/><V17/><F30/><W81/><G2/><T99/><D79/><U71/><E71/><V50/><F47/><W88/><G73/><T109/><D109/><U66/><E66/><V15/><F90/><W31/><G35/><T80/><D80/><U39/><E44/><V12/><F12/><W4/><G0/><T116/><D116/><U57/><E57/><V49/><F49/><W64/><G64/><N who="0" m="38935" /><D40/><U115/><E91/><V28/><F28/><W63/><G63/><T77/><D77/><U29/><E29/><V54/><F54/><W24/><G24/><N who="0" m="14375" /><D37/><N who="1" m="14411" /><E115/><V127/><REACH who="2" step="1"/><F17/><REACH who="2" ten="250,250,240,250" step="2"/><W18/><G18/><T43/><D70/><U19/><E19/><V45/><F45/><W121/><G121/><T119/><D119/><U114/><E114/><V67/><F67/><W41/><G52/><T120/><D120/><U112/><E112/><V125/><AGARI ba="0,1" hai="13,15,20,23,48,50,84,86,92,95,104,105,125,127" machi="125" ten="25,16000,3" yaku="1,1,0,1,22,2,52,2,53,2" doraHai="82" doraHaiUra="89" who="2" fromWho="2" sc="250,-80,250,-40,240,170,250,-40" /><INIT seed="1,0,0,5,3,44" ten="170,210,410,210" oya="1" hai0="15,29,109,65,132,108,4,10,135,128,131,6,85" hai1="105,101,34,46,49,11,76,61,70,12,82,121,117" hai2="95,100,87,14,113,56,98,37,43,97,93,52,133" hai3="68,33,91,88,35,104,80,120,90,58,40,63,42"/><U50/><E121/><V41/><F133/><N who="0" m="51274" /><D65/><U60/><E117/><V47/><F113/><W84/><G120/><T110/><D85/><U69/><E34/><V54/><F43/><N who="3" m="16427" /><G104/><T36/><D36/><U81/><E46/><V1/><F1/><W73/><G73/><T78/><D78/><U27/><E27/><V21/><F87/><W119/><G68/><T111/><N who="0" m="28160" /><DORA hai="77" /><T72/><D72/><U94/><E105/><V122/><F122/><W103/><G33/><T31/><D4/><U114/><E114/><V66/><F66/><N who="3" m="39287" /><G35/><T99/><D99/><N who="1" m="59639" /><E76/><V129/><F14/><W13/><G119/><T115/><D115/><U28/><E28/><AGARI ba="0,0" hai="6,10,15,28,29,31,128,131" m="28160,51274" machi="28" ten="60,8000,1" yaku="20,1,14,1,34,2" doraHai="44,77" who="0" fromWho="1" sc="170,80,210,-80,410,0,210,0" /><INIT seed="2,0,0,2,1,3" ten="250,130,410,210" oya="2" hai0="62,68,67,31,119,45,53,91,128,90,29,120,118" hai1="28,37,38,24,60,132,57,65,89,83,64,19,82" hai2="96,55,97,80,40,125,109,61,105,50,13,26,92" hai3="39,103,33,101,88,95,81,46,34,77,100,43,121"/><V4/><F125/><W63/><G121/><T106/><D128/><U116/><E116/><N who="0" m="44585" /><D106/><U85/><E132/><V9/><F109/><W25/><G63/><T27/><D120/><U113/><E113/><V16/><F105/><W11/><G11/><T79/><D79/><U76/><E19/><V35/><F40/><W48/><G39/><T86/><D86/><U129/><E65/><V47/><F92/><W84/><REACH who="3" step="1"/><G25/><REACH who="3" ten="250,130,410,200" step="2"/><T131/><D131/><U78/><E129/><V130/><F26/><W99/><AGARI ba="0,1" hai="33,34,43,46,48,77,81,84,88,95,99,100,101,103" machi="99" ten="30,8000,1" yaku="1,1,2,1,0,1,54,1,53,1" doraHai="3" doraHaiUra="41" who="3" fromWho="3" sc="250,-20,130,-20,410,-40,200,90" /><INIT seed="3,0,0,1,0,102" ten="230,110,370,290" oya="3" hai0="97,34,129,86,25,83,52,78,71,117,23,18,21" hai1="13,38,125,100,22,16,27,87,124,81,4,43,48" hai2="84,101,63,55,24,15,33,70,107,85,58,49,113" hai3="29,114,10,106,65,116,11,2,35,36,30,20,95"/><W56/><G106/><T75/><D117/><U98/><E38/><V99/><F113/><W92/><G116/><T88/><D71/><U50/><E125/><V53/><F15/><W120/><G114/><T80/><D129/><U5/><E124/><V93/><F93/><N who="3" m="35915" /><G35/><T26/><D34/><U112/><E112/><V51/><F51/><W115/><G2/><T126/><D126/><U57/><E50/><V76/><F76/><W90/><G36/><T59/><D97/><U67/><E67/><N who="2" m="41343" /><F53/><W60/><G120/><T94/><D80/><U47/><E57/><V44/><F44/><W62/><G115/><T121/><D121/><U40/><E40/><V122/><F122/><W131/><G131/><T19/><D59/><U77/><E27/><V31/><AGARI ba="0,0" hai="24,31,33,49,55,58,84,85,99,101,107" m="41343" machi="31" ten="30,2000,0" yaku="25,1,52,1" doraHai="102" who="2" fromWho="2" sc="230,-5,110,-5,370,20,290,-10" owari="225,-17.0,105,-39.0,390,48.0,280,8.0" /></mjloggm>