<mjloggm ver="2.3"><GO type="169" lobby="0"/><UN n0="%53%50%49%43%41%40%58" n1="%74%61%63%6F%73" n2="%72%69%73%6B%79" n3="%E3%82%A6%E3%83%AB%E3%83%88%E3%83%A9%E7%AB%8B%E7%9B%B4" dan="18,17,18,16" rate="2182.36,2109.13,2208.41,2142.46" sx="M,M,M,M"/><TAIKYOKU oya="0"/><INIT seed="0,0,0,3,0,31" ten="250,250,250,250" oya="0" hai0="65,56,18,25,11,51,48,37,116,66,79,115,21" hai1="128,32,74,109,130,12,107,35,126,113,78,9,42" hai2="22,67,17,69,53,98,45,29,132,15,93,97,124" hai3="54,50,77,99,119,75,41,108,16,13,104,106,52"/><T72/><D37/><U0/><E107/><V61/><F132/><W131/><G119/><T63/><D116/><U10/><E109/><V43/><F124/><W34/><G108/><T82/><D115/><U57/><E113/><V133/><F133/><W44/><G131/><N who="1" m="50218" /><E126/><V91/><F29/><W80/><G34/><N who="1" m="12842" /><E0/><V27/><F53/><W100/><REACH who="3" step="1"/><G106/><REACH who="3" ten="250,250,250,240" step="2"/><T24/><D25/><U4/><E42/><V58/><F27/><W81/><G81/><T125/><D125/><U26/><E26/><V129/><F129/><W89/><G89/><T1/><REACH who="0" step="1"/><D65/><REACH who="0" ten="240,250,250,240" step="2"/><U86/><E78/><V101/><F67/><W49/><G49/><T117/><D117/><U14/><E74/><V95/><F101/><W7/><G7/><AGARI ba="0,2" hai="1,7,11,18,21,24,48,51,56,63,66,72,79,82" machi="7" ten="40,2000,0" yaku="1,1,53,0" doraHai="31" doraHaiUra="135" who="0" fromWho="3" sc="240,40,250,0,250,0,240,-20" /><INIT seed="0,1,0,3,0,91" ten="280,250,250,220" oya="0" hai0="54,103,93,109,44,43,68,94,24,21,23,113,63" hai1="104,31,92,14,66,81,99,70,53,126,25,100,10" hai2="11,17,57,89,105,98,29,65,45,112,90,86,116" hai3="115,26,60,61,96,133,40,1,9,58,22,62,67"/><T128/><D113/><U122/><E122/><V34/><F112/><W119/><G115/><T95/><D128/><U32/><E126/><V16/><F116/><W79/><G119/><T38/><D109/><U130/><E130/><V51/><F11/><W56/><G133/><T36/><D38/><U125/><E125/><V27/><F65/><W7/><G79/><T41/><D41/><U18/><E53/><V88/><F57/><W20/><G40/><T3/><D3/><U107/><REACH who="1" step="1"/><E81/><REACH who="1" ten="280,240,250,220" step="2"/><V75/><F75/><W48/><G67/><T82/><D82/><U73/><E73/><V117/><F117/><W101/><G48/><N who="0" m="26655" /><D68/><U6/><E6/><V121/><F121/><W13/><G1/><T5/><D36/><U39/><E39/><V4/><F4/><W72/><G72/><T108/><D5/><U77/><E77/><V0/><F0/><W120/><G120/><T59/><D108/><U15/><E15/><V124/><F124/><W80/><G80/><T71/><D71/><U114/><E114/><V37/><F37/><W35/><G56/><T111/><D111/><U64/><E64/><V46/><F86/><W28/><REACH who="3" step="1"/><G58/><REACH who="3" ten="280,240,250,210" step="2"/><T74/><D74/><U127/><E127/><V85/><F85/><W97/><G97/><N who="0" m="59823" /><D24/><U12/><E12/><V49/><F49/><W87/><G87/><T129/><D129/><U132/><E132/><V52/><REACH who="2" step="1"/><F46/><REACH who="2" ten="280,240,240,210" step="2"/><W19/><G19/><T102/><D59/><U118/><E118/><V123/><F123/><W106/><AGARI ba="1,3" hai="7,9,13,20,22,26,28,35,60,61,62,96,101,106" machi="106" ten="30,2000,0" yaku="1,1,0,1,53,0" doraHai="91" doraHaiUra="33" who="3" fromWho="3" sc="280,-11,240,-6,240,-6,210,53" /><INIT seed="1,0,0,5,0,7" ten="269,234,234,263" oya="1" hai0="37,41,10,30,39,42,98,50,82,9,85,45,36" hai1="86,22,11,47,52,87,129,124,104,31,53,2,4" hai2="58,27,66,97,80,24,135,100,12,34,77,40,25" hai3="29,127,88,55,62,132,1,110,64,14,95,13,109"/><U107/><E124/><V81/><F135/><W108/><G127/><T32/><D42/><U68/><E68/><V49/><F34/><W5/><G132/><T23/><D32/><U21/><E129/><V63/><F77/><W99/><G55/><T84/><D98/><U3/><E4/><V105/><REACH who="2" step="1"/><F12/><REACH who="2" ten="269,234,224,263" step="2"/><W19/><G14/><T74/><D74/><U76/><E76/><V28/><F28/><W35/><G29/><T115/><D115/><U94/><E31/><V118/><F118/><W71/><G35/><T89/><REACH who="0" step="1"/><D85/><REACH who="0" ten="259,234,224,263" step="2"/><U102/><E87/><V61/><F61/><W70/><G62/><T56/><D56/><U90/><E86/><V69/><F69/><W75/><G75/><T51/><D51/><U91/><E47/><AGARI ba="0,2" hai="24,25,27,40,47,49,58,63,66,80,81,97,100,105" machi="47" ten="40,2600,0" yaku="1,1,53,1" doraHai="7" doraHaiUra="54" who="2" fromWho="1" sc="259,0,234,-26,224,46,263,0" /><INIT seed="2,0,0,0,0,87" ten="259,208,270,263" oya="2" hai0="55,88,90,10,4,120,71,37,50,12,110,62,101" hai1="6,46,29,114,133,108,68,30,63,75,44,79,100" hai2="77,14,51,84,118,128,105,17,38,65,80,26,41" hai3="18,47,21,72,40,42,66,109,54,28,86,89,106"/><V64/><F118/><W32/><G109/><T59/><D120/><U8/><E114/><V2/><F2/><W45/><G106/><T131/><D110/><U5/><E108/><V23/><F105/><W0/><G0/><T95/><D37/><U33/><E133/><V121/><F121/><W1/><G72/><T76/><D131/><U56/><E68/><V35/><F128/><W57/><G28/><T102/><D76/><U122/><E100/><N who="0" m="38505" /><D71/><U98/><E98/><V67/><F38/><W92/><G32/><T124/><D124/><U16/><E33/><V3/><F3/><W99/><G66/><N who="0" m="39263" /><D95/><U24/><E79/><V112/><F112/><W116/><G116/><T74/><D74/><U22/><E75/><V11/><F35/><W20/><G20/><T78/><D78/><U81/><E81/><V7/><F67/><W36/><G1/><T27/><D27/><U25/><E122/><V31/><F31/><N who="1" m="11785" /><E25/><V58/><F58/><AGARI ba="0,0" hai="4,10,12,50,55,58,88,90" m="39263,38505" machi="58" ten="30,7700,0" yaku="8,1,52,2,54,1" doraHai="87" who="0" fromWho="2" sc="259,77,208,0,270,-77,263,0" /><INIT seed="3,0,0,2,0,0" ten="336,208,193,263" oya="3" hai0="54,78,18,72,25,64,17,69,98,50,70,73,122" hai1="93,101,94,85,83,81,10,104,86,55,28,97,110" hai2="129,15,116,80,37,46,29,42,127,121,128,135,63" hai3="118,68,20,99,133,65,51,91,23,38,24,96,115"/><W109/><G38/><T9/><D98/><N who="1" m="61495" /><E28/><V108/><F29/><W44/><G115/><T103/><D103/><N who="1" m="60847" /><E55/><V59/><F121/><W48/><G91/><T102/><D102/><U36/><E10/><V125/><F116/><W106/><G118/><T39/><D54/><U88/><E36/><V41/><F80/><N who="1" m="30793" /><E110/><V62/><F15/><W21/><G21/><T19/><D19/><U45/><E45/><V27/><F27/><W34/><G44/><T7/><D50/><U11/><E11/><V31/><F31/><W57/><G57/><T3/><D9/><U82/><E82/><V76/><F108/><W60/><G60/><T75/><D25/><U105/><E105/><V95/><F46/><W14/><G14/><T8/><D39/><U12/><E12/><V16/><F37/><W4/><G106/><T56/><D69/><U33/><E33/><V132/><F16/><W13/><G13/><T22/><D18/><U117/><E117/><V124/><F59/><W67/><G109/><T111/><D56/><U40/><E40/><V113/><F42/><W32/><G24/><N who="0" m="14415" /><D111/><U6/><E6/><V107/><F41/><W35/><G35/><T123/><D70/><U49/><E49/><V90/><F107/><W74/><G68/><T134/><D8/><U43/><E43/><V131/><F63/><W66/><G65/><T77/><D64/><U87/><AGARI ba="0,0" hai="85,86,87,88,94" m="30793,60847,61495" machi="87" ten="30,12000,2" yaku="35,5,54,1" doraHai="0" who="1" fromWho="1" sc="336,-30,208,120,193,-30,263,-60" /><INIT seed="4,0,0,1,1,131" ten="306,328,163,203" oya="0" hai0="25,132,42,17,34,93,35,28,106,29,3,81,111" hai1="130,133,77,47,51,45,22,61,19,109,26,62,110" hai2="58,103,86,31,116,83,135,43,30,32,120,71,24" hai3="74,129,44,9,70,95,105,122,37,12,92,18,76"/><T91/><D106/><U102/><E130/><V84/><F71/><W55/><G129/><T40/><D3/><U68/><E47/><V90/><F120/><W46/><G122/><T39/><D81/><U113/><E113/><V134/><F116/><W38/><G105/><T79/><D79/><U20/><E77/><V50/><F103/><W1/><G70/><T98/><D111/><U94/><E68/><V100/><F100/><W21/><G46/><T7/><D7/><U128/><E128/><V99/><F99/><W57/><G38/><T97/><D17/><U13/><E109/><V64/><F31/><W65/><G65/><T96/><D39/><U16/><E133/><N who="2" m="50699" /><F86/><W101/><G101/><T73/><D132/><U36/><E36/><V56/><F64/><W66/><G66/><T8/><D73/><U125/><E110/><V121/><F121/><W126/><G37/><T123/><D123/><U4/><E102/><V82/><F82/><W104/><G104/><T87/><D96/><U48/><E94/><V115/><F115/><W89/><G92/><T108/><D108/><U118/><E118/><V2/><F2/><W117/><G95/><T15/><D97/><U114/><E114/><V10/><F10/><W6/><G89/><T88/><D98/><U72/><E72/><V23/><F23/><W33/><G117/><T27/><D91/><U60/><E22/><V127/><F127/><W53/><G126/><T0/><D0/><U112/><E20/><V124/><F124/><W119/><G74/><T67/><D67/><U69/><E69/><V59/><F43/><RYUUKYOKU ba="0,0" sc="306,15,328,-15,163,15,203,-15" hai0="8,15,25,27,28,29,34,35,40,42,87,88,93" hai2="24,30,32,50,56,58,59,83,84,90" /><INIT seed="4,1,0,0,5,1" ten="321,313,178,188" oya="0" hai0="3,51,17,38,119,46,80,11,59,113,98,16,12" hai1="71,0,102,124,34,10,20,52,84,89,130,28,69" hai2="24,63,121,107,117,66,15,120,111,29,2,23,39" hai3="67,94,19,82,26,14,31,127,93,95,74,99,37"/><T125/><D119/><U103/><E34/><V104/><F39/><W126/><G37/><T75/><D3/><U112/><E124/><N who="3" m="47658" /><G67/><T62/><D38/><U114/><E130/><V33/><F111/><W132/><G132/><T131/><D125/><U61/><E28/><V45/><F117/><W85/><G74/><T122/><D122/><U118/><E20/><V5/><F45/><W57/><G57/><T78/><D113/><N who="1" m="43627" /><E118/><V79/><F79/><N who="3" m="46303" /><G26/><T91/><D131/><U22/><E22/><V58/><F23/><N who="3" m="11767" /><G31/><T81/><D17/><U6/><E69/><V55/><F66/><W21/><G21/><T49/><D46/><U64/><E52/><V68/><F68/><W105/><G105/><T65/><REACH who="0" step="1"/><D80/><AGARI ba="1,0" hai="0,6,10,61,64,71,80,84,89,102,103" m="43627" machi="80" ten="30,3900,0" yaku="15,1,11,1,52,1" doraHai="1" who="1" fromWho="0" sc="321,-42,313,42,178,0,188,0" /><INIT seed="5,0,0,5,2,11" ten="279,355,178,188" oya="1" hai0="56,38,99,128,94,120,125,47,55,105,112,57,77" hai1="17,9,61,100,109,0,108,5,123,75,1,130,82" hai2="20,116,51,134,124,111,36,93,63,58,39,80,101" hai3="133,131,68,79,65,32,117,66,62,40,115,104,21"/><U24/><E123/><V96/><F116/><W34/><G117/><T64/><D105/><U118/><E118/><V28/><F111/><N who="1" m="42569" /><E100/><V110/><F110/><W119/><G119/><T135/><D120/><U46/><E130/><V49/><F124/><W81/><G131/><T50/><D128/><U19/><E1/><V31/><F134/><W43/><G133/><T37/><D135/><U23/><E46/><V71/><F71/><W121/><G121/><T30/><D125/><U106/><E106/><V15/><F39/><W35/><G104/><T18/><D30/><N who="2" m="11306" /><F36/><W45/><G115/><T83/><D112/><U25/><E61/><V129/><F80/><W67/><G21/><T60/><D47/><U10/><E82/><V74/><F74/><W70/><G62/><T73/><REACH who="0" step="1"/><D18/><REACH who="0" ten="269,355,178,188" step="2"/><N who="1" m="12407" /><E75/><V78/><F129/><W59/><G45/><T103/><AGARI ba="0,1" hai="37,38,50,55,56,57,60,64,73,77,83,94,99,103" machi="103" ten="20,2700,0" yaku="1,1,0,1,7,1,53,0" doraHai="11" doraHaiUra="85" who="0" fromWho="0" sc="269,37,355,-13,178,-7,188,-7" /><INIT seed="6,0,0,3,0,22" ten="306,342,171,181" oya="2" hai0="2,84,122,58,16,10,92,29,39,78,75,24,53" hai1="23,113,97,134,55,5,59,69,26,25,104,107,76" hai2="111,71,89,83,70,106,79,100,57,60,32,96,72" hai3="127,110,34,101,37,56,43,7,68,77,82,40,102"/><V91/><F32/><W126/><G68/><T48/><D39/><U119/><E69/><V31/><F111/><W114/><G110/><T98/><D122/><U116/><E76/><V67/><F31/><W103/><G114/><T18/><D75/><U95/><E113/><V87/><REACH who="2" step="1"/><F91/><REACH who="2" ten="306,342,161,181" step="2"/><W49/><G34/><T62/><D29/><U135/><E116/><V38/><F38/><W64/><G37/><T30/><D30/><U19/><E119/><V129/><F129/><W73/><G7/><T112/><D112/><U21/><E5/><V123/><F123/><W130/><G130/><T90/><D90/><N who="1" m="55543" /><E135/><V15/><F15/><W41/><G49/><T132/><D48/><U47/><E134/><V20/><F20/><W36/><G36/><T105/><D132/><U74/><E23/><V14/><F14/><W99/><G127/><T6/><D6/><U125/><E21/><V35/><F35/><W45/><G126/><T4/><D4/><U8/><E125/><V88/><F88/><W44/><G99/><T94/><D98/><U115/><E115/><V9/><F9/><W11/><G11/><T124/><D10/><U118/><E118/><V61/><F61/><W63/><AGARI ba="0,1" hai="40,41,43,44,45,56,63,64,73,77,82,101,102,103" machi="63" ten="40,1500,0" yaku="0,1" doraHai="22" who="3" fromWho="3" sc="306,-4,342,-4,161,-7,181,25" /><INIT seed="7,0,0,5,0,65" ten="302,338,154,206" oya="3" hai0="25,43,59,23,101,24,111,80,132,105,67,119,51" hai1="30,33,81,124,113,86,77,46,45,20,0,76,75" hai2="62,4,133,36,52,116,131,134,126,68,32,120,106" hai3="34,10,114,2,84,14,83,53,118,13,72,98,44"/><W92/><G118/><T78/><D111/><U26/><E0/><V61/><F32/><W79/><G114/><T108/><D108/><U21/><E113/><V11/><F106/><W135/><G135/><N who="2" m="51721" /><F116/><W99/><G34/><T1/><D1/><U112/><E21/><V40/><F11/><W73/><G99/><T90/><D90/><U82/><E112/><V95/><F4/><W100/><G2/><T93/><D105/><U109/><E124/><V41/><F95/><W22/><G22/><T56/><D93/><U5/><E109/><V87/><F87/><W3/><G3/><T28/><D23/><U103/><E103/><V37/><F126/><W110/><G110/><T35/><D101/><U71/><E46/><V54/><F131/><W123/><G14/><T9/><D9/><U115/><E71/><V122/><F41/><W16/><G73/><T96/><D43/><U70/><E115/><V31/><F31/><W50/><G72/><T12/><D28/><U85/><E5/><V49/><F54/><W60/><G84/><T94/><D35/><U127/><E127/><V121/><F68/><W15/><G83/><T55/><D80/><N who="1" m="45087" /><E70/><V117/><F117/><W97/><G100/><T129/><D129/><U38/><E33/><V39/><F40/><W58/><G53/><T69/><D55/><U17/><E30/><V8/><F8/><W130/><G10/><T107/><D119/><U63/><E85/><V102/><F102/><W66/><G130/><T48/><D94/><U18/><E81/><V89/><F89/><W47/><G92/><T128/><D132/><RYUUKYOKU ba="0,0" sc="302,-10,338,-10,154,30,206,-10" hai2="36,37,39,49,52,61,62,120,121,122" owari="292,9.0,328,43.0,184,-32.0,196,-20.0" /></mjloggm>