<mjloggm ver="2.3"><GO type="41" lobby="0"/><UN n0="%33%39%38%38" n1="%E5%B0%B1%E6%B4%BB%E7%94%9F%40%E5%B7%9D%E6%9D%91%E8%BB%8D%E5%9B%A3" n2="%7A%61%63%6B" n3="%6F%76%73%75%6E%33" dan="13,16,15,15" rate="1855.46,2155.89,1946.30,1943.54" sx="M,M,M,M"/><TAIKYOKU oya="0"/><INIT seed="0,0,0,0,2,110" ten="250,250,250,250" oya="0" hai0="132,101,3,106,9,51,16,133,69,86,81,113,80" hai1="18,48,121,52,40,27,79,43,87,96,75,130,129" hai2="128,6,11,5,91,22,92,95,72,83,118,103,127" hai3="23,28,76,78,66,119,105,98,32,0,10,36,59"/><T38/><D38/><U97/><E75/><V62/><F128/><N who="1" m="49257" /><E121/><V21/><F127/><W39/><G119/><T46/><D69/><U49/><E49/><V54/><F118/><W26/><G0/><T102/><D106/><U12/><E27/><V88/><F103/><W68/><G68/><T42/><D81/><N who="1" m="47551" /><E43/><V64/><F72/><W84/><G10/><T108/><D108/><U89/><E40/><V117/><F117/><W104/><G32/><T14/><D3/><U56/><E89/><N who="2" m="34379" /><F64/><W67/><G67/><T47/><D47/><U71/><E71/><V41/><F41/><W93/><G39/><T25/><D25/><U124/><E124/><V73/><F73/><W107/><G36/><T120/><D120/><U19/><E19/><V8/><F54/><W111/><G111/><T2/><D2/><U116/><E116/><V13/><F62/><N who="3" m="38239" /><G84/><T94/><D94/><N who="2" m="35882" /><F83/><W53/><G53/><T44/><D44/><U99/><E99/><V123/><F123/><W85/><G85/><T70/><D70/><U58/><E58/><V82/><F82/><W20/><G78/><T135/><D80/><U15/><E15/><AGARI ba="0,0" hai="5,6,8,11,13,15,21,22" m="35882,34379" machi="15" ten="30,2000,0" yaku="8,1,54,1" doraHai="110" who="2" fromWho="1" sc="250,0,250,-20,250,20,250,0" /><INIT seed="1,0,0,1,1,16" ten="250,230,270,250" oya="1" hai0="89,68,88,93,48,50,46,134,113,129,111,116,55" hai1="115,100,105,82,103,40,69,23,124,53,95,5,58" hai2="3,92,4,63,18,79,85,27,119,94,73,91,11" hai3="127,17,0,19,106,84,8,78,26,80,38,14,65"/><U110/><E69/><V57/><F119/><W25/><G38/><T44/><D116/><U56/><E105/><V120/><F120/><W52/><G106/><T37/><D113/><U96/><E115/><V47/><F47/><W118/><G118/><T1/><D68/><U97/><E110/><V87/><F73/><W30/><G65/><T33/><D111/><U61/><E124/><V35/><F35/><W131/><G127/><T112/><D112/><U10/><E40/><V51/><F51/><W101/><G101/><T41/><D1/><U130/><E82/><V81/><F92/><W45/><G0/><T29/><D89/><U39/><E39/><V71/><F71/><W20/><G131/><T77/><D77/><U13/><E130/><V128/><F128/><W99/><G99/><T107/><D107/><U36/><E36/><V42/><F42/><W64/><G64/><T76/><D76/><U62/><E23/><N who="2" m="13815" /><F3/><W60/><G45/><T83/><D83/><U133/><E133/><V32/><F32/><W126/><G126/><T123/><D129/><U7/><E7/><V49/><F49/><W125/><G125/><T90/><D48/><U54/><E97/><V72/><F72/><W70/><G70/><T104/><D104/><U15/><E15/><N who="2" m="5607" /><F63/><W28/><G25/><T59/><D123/><U121/><E121/><V24/><F24/><W31/><G31/><T43/><D134/><U66/><E66/><V2/><F2/><W6/><G30/><T9/><D93/><U132/><E132/><V135/><F135/><W67/><G67/><T75/><D33/><RYUUKYOKU ba="0,0" sc="250,-30,230,10,270,10,250,10" hai1="5,10,13,53,54,56,58,61,62,95,96,100,103" hai2="57,79,81,85,87,91,94" hai3="6,8,14,17,19,20,26,28,52,60,78,80,84" /><INIT seed="1,1,0,1,2,117" ten="220,240,280,260" oya="1" hai0="121,92,111,134,36,87,103,74,97,79,18,70,58" hai1="113,4,71,43,37,2,28,119,112,19,56,50,100" hai2="63,26,135,131,7,120,24,41,94,110,3,67,55" hai3="39,61,54,123,98,48,14,76,84,116,85,101,60"/><U25/><E71/><V109/><F41/><W65/><G39/><T69/><D36/><U38/><E119/><V6/><F131/><W72/><G116/><T108/><D74/><U51/><E100/><V66/><F135/><W20/><G72/><T89/><D79/><U33/><E50/><V122/><F94/><W95/><G123/><N who="2" m="47145" /><F55/><W104/><G104/><T13/><D121/><U93/><E93/><V68/><F66/><W5/><G76/><T75/><D58/><U99/><E99/><V62/><F63/><W81/><G81/><T73/><D70/><U128/><E128/><V88/><F88/><W1/><G1/><T57/><D57/><U115/><E19/><V17/><F17/><N who="3" m="10295" /><G5/><N who="2" m="1545" /><F3/><W34/><G65/><T96/><D97/><U8/><REACH who="1" step="1"/><E56/><REACH who="1" ten="220,230,280,260" step="2"/><V125/><F125/><W23/><G95/><T91/><D69/><U44/><AGARI ba="1,1" hai="2,4,8,25,28,33,37,38,43,44,51,112,113,115" machi="44" ten="40,12000,1" yaku="1,1,2,1,0,1,53,1" doraHai="117" doraHaiUra="29" who="1" fromWho="1" sc="220,-41,230,133,280,-41,260,-41" /><INIT seed="1,2,0,3,5,29" ten="179,363,239,219" oya="1" hai0="80,112,37,121,65,3,11,74,125,88,25,5,120" hai1="33,52,15,109,113,66,92,124,17,123,87,70,67" hai2="63,134,132,114,60,127,41,9,72,57,39,78,135" hai3="90,51,93,16,115,95,50,46,28,56,71,36,42"/><U116/><E123/><N who="0" m="47177" /><D37/><U21/><E33/><V6/><F127/><W10/><G71/><T91/><D125/><U34/><E34/><V43/><F114/><W1/><G115/><T101/><D112/><U61/><E67/><V44/><F43/><W69/><G69/><T64/><D101/><U18/><E113/><V49/><F49/><W14/><G1/><T129/><D129/><U85/><E116/><V58/><F58/><W23/><G56/><T62/><D25/><U13/><E124/><V45/><F45/><W30/><G95/><T105/><D105/><U111/><E52/><V7/><F57/><W35/><G35/><T40/><D40/><U73/><E73/><V106/><F7/><W128/><G128/><T79/><D65/><U48/><E48/><V19/><F19/><W103/><G103/><T99/><D99/><U102/><E102/><V4/><F4/><W12/><G36/><T2/><D2/><U122/><E122/><V110/><F110/><N who="1" m="41993" /><E92/><V118/><F118/><W130/><G130/><T133/><D133/><U94/><E94/><V0/><F106/><W20/><G51/><T98/><D98/><U81/><E81/><AGARI ba="2,0" hai="0,6,9,39,41,44,60,63,72,78,81,132,134,135" machi="81" ten="40,5200,0" yaku="25,2,20,1" doraHai="29" who="2" fromWho="1" sc="179,0,363,-58,239,58,219,0" /><INIT seed="2,0,0,0,0,71" ten="179,305,297,219" oya="2" hai0="77,73,124,25,21,90,106,74,129,5,46,93,69" hai1="107,61,128,91,59,45,10,32,3,1,52,43,41" hai2="22,53,133,100,87,89,17,70,97,102,92,62,34" hai3="95,40,82,84,65,99,58,117,36,130,42,94,81"/><V126/><F34/><W44/><G117/><T8/><D69/><U88/><E32/><V18/><F133/><W67/><G130/><T109/><D129/><U28/><E107/><V2/><F2/><W132/><G132/><T121/><D106/><U56/><E128/><V47/><F126/><W48/><G94/><T79/><D124/><U83/><E28/><V37/><F70/><W27/><G82/><T86/><D121/><U50/><E41/><V51/><F37/><W98/><G98/><T103/><D103/><U113/><E113/><V96/><F62/><W26/><G65/><T101/><D101/><N who="2" m="39018" /><F18/><W64/><G64/><T76/><D46/><U6/><E1/><V11/><F11/><W30/><G99/><T110/><D74/><U38/><REACH who="1" step="1"/><E83/><REACH who="1" ten="179,295,297,219" step="2"/><V75/><F75/><W105/><G105/><T108/><D73/><U123/><E123/><V60/><F60/><W114/><G42/><T14/><REACH who="0" step="1"/><D79/><REACH who="0" ten="169,295,297,219" step="2"/><U119/><E119/><V104/><F104/><W135/><G135/><T127/><D127/><U33/><E33/><V39/><F39/><W85/><G36/><T31/><AGARI ba="0,2" hai="5,8,14,21,25,31,76,77,86,90,93,108,109,110" machi="31" ten="30,7900,0" yaku="1,1,0,1,14,1,53,1" doraHai="71" doraHaiUra="4" who="0" fromWho="0" sc="169,99,295,-20,297,-39,219,-20" /><INIT seed="3,0,0,4,5,7" ten="268,275,258,199" oya="3" hai0="117,57,108,34,134,94,130,118,52,135,101,73,2" hai1="128,98,1,72,67,41,115,53,112,83,129,102,109" hai2="122,81,28,25,31,48,17,120,99,20,131,82,45" hai3="85,69,111,90,11,49,126,33,22,119,6,63,42"/><W75/><G119/><N who="0" m="45579" /><D34/><U100/><E1/><V65/><F65/><W95/><G33/><T15/><D2/><U44/><E67/><V92/><F131/><N who="1" m="50249" /><E53/><V97/><F97/><W30/><G75/><T62/><D73/><U107/><E102/><V24/><F17/><W89/><G126/><T84/><D130/><U59/><E59/><V29/><F29/><W32/><G32/><T87/><D108/><U35/><E35/><V40/><F120/><W124/><G124/><T38/><D38/><N who="1" m="21559" /><E109/><V133/><F133/><N who="0" m="50698" /><D15/><U96/><E96/><AGARI ba="0,0" hai="52,57,62,84,87,94,96,101" m="50698,45579" machi="96" ten="30,2000,0" yaku="20,1,54,1" doraHai="7" who="0" fromWho="1" sc="268,20,275,-20,258,0,199,0" /><INIT seed="4,0,0,5,3,124" ten="288,255,258,199" oya="0" hai0="94,13,1,81,74,25,35,96,76,79,36,77,111" hai1="38,27,72,3,90,20,95,6,22,100,0,49,31" hai2="26,87,113,110,88,42,7,64,89,92,70,34,128" hai3="98,125,56,122,39,47,18,86,48,11,58,9,32"/><T44/><D111/><U129/><E38/><V21/><F113/><W127/><G32/><T50/><D36/><U107/><E72/><V132/><F110/><W33/><G33/><T2/><D77/><U30/><E107/><V112/><F112/><W109/><G109/><T131/><D76/><U28/><E100/><V135/><F34/><W133/><G122/><T10/><D25/><U118/><E118/><V99/><F7/><W104/><G86/><T29/><D35/><U14/><E129/><V63/><F42/><W51/><G39/><T82/><D29/><U52/><E3/><V114/><F128/><W43/><G51/><T75/><D82/><U37/><E0/><V101/><F114/><W65/><G133/><N who="2" m="51273" /><F87/><W57/><G65/><T4/><D75/><U55/><E37/><V68/><F68/><W45/><G45/><T78/><D78/><U134/><E134/><V8/><F8/><W46/><G46/><T80/><D80/><U71/><E71/><V59/><F70/><W84/><G84/><T53/><REACH who="0" step="1"/><D131/><REACH who="0" ten="278,255,258,199" step="2"/><U91/><E30/><AGARI ba="0,1" hai="21,26,30,59,63,64,88,89,92,99,101" m="51273" machi="30" ten="30,3900,0" yaku="25,1,20,1,54,1" doraHai="124" who="2" fromWho="1" sc="278,0,255,-39,258,49,199,0" /><INIT seed="5,0,0,3,4,131" ten="278,216,307,199" oya="1" hai0="30,20,51,2,97,77,79,8,49,91,47,69,21" hai1="42,115,36,113,63,73,123,60,38,13,9,27,92" hai2="58,112,129,135,121,80,90,120,44,29,35,70,64" hai3="95,25,111,78,33,57,99,43,109,81,110,83,74"/><U68/><E123/><V26/><F135/><W48/><G83/><T119/><D69/><U50/><E73/><V128/><F70/><W132/><G132/><T4/><D119/><U100/><E27/><V11/><F11/><W114/><G114/><N who="1" m="43530" /><E92/><V105/><F105/><W127/><G127/><T55/><D30/><U37/><E100/><V19/><F19/><W118/><G118/><T31/><D31/><U103/><E103/><V76/><F44/><W14/><G14/><T6/><D97/><U24/><E24/><V130/><F90/><W15/><G15/><T17/><D91/><U23/><E23/><V116/><F116/><W87/><G25/><T12/><D2/><U5/><E68/><V46/><F46/><AGARI ba="0,0" hai="5,9,13,36,37,38,42,46,50,60,63" m="43530" machi="46" ten="40,2000,0" yaku="15,1" doraHai="131" who="1" fromWho="2" sc="278,0,216,20,307,-20,199,0" /><INIT seed="5,1,0,3,3,121" ten="278,236,287,199" oya="1" hai0="107,124,73,10,69,112,47,88,49,110,44,120,81" hai1="125,103,52,70,38,91,51,42,76,77,6,40,74" hai2="84,36,100,21,61,67,18,93,50,55,79,108,106" hai3="127,13,12,0,82,46,119,116,68,135,126,59,41"/><U72/><E70/><V28/><F108/><W14/><G68/><T60/><D47/><U114/><E103/><V71/><F106/><W39/><G0/><T53/><D107/><U27/><E6/><V83/><F36/><W34/><G34/><T43/><D120/><U26/><E125/><N who="3" m="47626" /><G82/><T19/><D73/><U111/><E111/><V25/><F100/><W85/><G85/><T24/><D110/><U20/><E114/><V113/><F113/><W3/><G3/><T37/><D112/><U2/><E2/><V35/><F93/><W62/><G135/><T17/><D124/><U104/><E104/><V97/><F97/><W128/><G128/><T9/><D24/><U54/><E38/><V7/><F7/><W22/><G22/><T115/><D37/><U131/><E20/><V63/><F63/><W109/><G109/><T64/><D115/><U30/><E51/><V8/><F8/><W134/><G134/><T133/><D133/><U65/><E131/><V32/><REACH who="2" step="1"/><F28/><REACH who="2" ten="278,236,277,199" step="2"/><W45/><G39/><T92/><D9/><U5/><E5/><V11/><F11/><W86/><G62/><T31/><D31/><U98/><E30/><V75/><F75/><W66/><G86/><T1/><D10/><U122/><E122/><V89/><F89/><W80/><G80/><T96/><D1/><U99/><E91/><V117/><F117/><W90/><G90/><T29/><D29/><U48/><E48/><V118/><F118/><W23/><G119/><T87/><D43/><U94/><E94/><V132/><F132/><W101/><G116/><T16/><D19/><RYUUKYOKU ba="1,1" sc="278,10,236,10,277,10,199,-30" hai0="16,17,44,49,53,60,64,69,81,87,88,92,96" hai1="26,27,40,42,52,54,65,72,74,76,77,98,99" hai2="18,21,25,32,35,50,55,61,67,71,79,83,84" /><INIT seed="5,2,1,0,1,24" ten="288,246,287,169" oya="1" hai0="65,131,18,113,93,12,23,62,13,104,64,72,27" hai1="1,117,40,86,130,98,37,17,61,33,119,100,83" hai2="75,63,125,38,25,8,70,21,118,22,124,115,85" hai3="3,5,71,52,41,96,103,134,112,48,68,87,10"/><U89/><E1/><V20/><F75/><W30/><G112/><T43/><D104/><U7/><E33/><V128/><F38/><W123/><G123/><T99/><D72/><U39/><E130/><V57/><F118/><W90/><G134/><T32/><D113/><U49/><E7/><V14/><F70/><W101/><G41/><T84/><D43/><U120/><E120/><V28/><F85/><W82/><G30/><T111/><D111/><U73/><E73/><V91/><F91/><W132/><G103/><T50/><D50/><U95/><E61/><V60/><F128/><W74/><G74/><T129/><D84/><U15/><E49/><V109/><F109/><W11/><G10/><T4/><D4/><U53/><E53/><N who="2" m="33839" /><F63/><W46/><REACH who="3" step="1"/><G132/><REACH who="3" ten="288,246,287,159" step="2"/><T133/><D133/><U121/><E121/><V34/><F115/><W135/><G135/><T76/><D131/><U67/><E67/><V54/><F54/><W0/><G0/><T6/><D129/><U56/><E40/><V47/><F34/><W58/><G58/><T92/><D65/><U16/><E56/><V69/><F69/><W2/><G2/><T26/><D32/><U42/><E42/><V59/><F59/><W108/><G108/><T94/><D64/><U45/><E45/><V66/><F66/><W110/><G110/><T126/><D62/><U55/><E55/><V80/><F47/><W36/><G36/><N who="1" m="13898" /><E119/><V78/><F124/><W107/><AGARI ba="2,2" hai="3,5,11,46,48,52,68,71,82,87,90,96,101,107" machi="107" ten="20,5200,0" yaku="1,1,0,1,7,1,54,1,53,0" doraHai="24" doraHaiUra="88" who="3" fromWho="3" sc="288,-15,246,-28,287,-15,159,78" /><INIT seed="6,0,0,2,1,112" ten="273,218,272,237" oya="2" hai0="128,122,17,120,12,126,10,14,13,11,9,98,88" hai1="59,36,132,22,67,77,90,131,66,35,8,92,107" hai2="78,41,87,70,52,30,23,108,60,61,124,65,75" hai3="111,121,119,56,4,18,82,40,104,72,49,43,46"/><V97/><F75/><W55/><G121/><T34/><D34/><U37/><E35/><V54/><F124/><W62/><G104/><T94/><D126/><U79/><E107/><V80/><F108/><W109/><G4/><T95/><D128/><U20/><E131/><V117/><F117/><W31/><G31/><T69/><D69/><U91/><E132/><V96/><F41/><W1/><G1/><T21/><REACH who="0" step="1"/><D95/><REACH who="0" ten="263,218,272,237" step="2"/><U16/><E92/><V50/><F70/><W93/><G93/><T71/><D71/><U129/><E129/><V25/><F65/><W134/><G111/><T29/><D29/><U76/><E37/><V5/><F96/><W102/><G109/><T103/><D103/><U133/><E36/><V27/><F97/><W2/><G102/><T33/><D33/><U3/><E133/><V101/><F101/><W83/><G134/><T38/><D38/><U115/><E115/><V0/><F30/><W118/><G118/><T48/><D48/><U99/><E99/><V47/><F50/><W28/><G28/><T135/><D135/><U64/><E59/><V89/><F60/><W24/><G119/><T53/><D53/><U32/><E32/><V113/><F61/><W39/><G39/><T26/><AGARI ba="0,1" hai="9,10,11,12,13,14,17,21,26,88,94,98,120,122" machi="26" ten="30,7900,0" yaku="1,1,0,1,54,1,53,1" doraHai="112" doraHaiUra="85" who="0" fromWho="0" sc="263,89,218,-20,272,-39,237,-20" /><INIT seed="7,0,0,2,2,13" ten="352,198,233,217" oya="3" hai0="122,131,24,77,74,108,57,99,132,75,26,17,73" hai1="27,7,6,71,118,125,15,128,82,40,34,129,103" hai2="87,22,5,60,113,25,51,50,120,64,101,23,95" hai3="32,49,80,89,134,59,133,114,44,81,0,76,9"/><W88/><G32/><T39/><D122/><U117/><E71/><V66/><F113/><W29/><G29/><T56/><D39/><U111/><E111/><V14/><F120/><W61/><G114/><T84/><D108/><U124/><E40/><V90/><F101/><W116/><G116/><N who="1" m="44650" /><E103/><V45/><F60/><W58/><G0/><T69/><D24/><U98/><E98/><V67/><F5/><N who="1" m="1545" /><E82/><N who="3" m="31850" /><G9/><T11/><D11/><U53/><E53/><V1/><F1/><W52/><G76/><T85/><D77/><U106/><E106/><V115/><F115/><W3/><G3/><T135/><D69/><U21/><E15/><V31/><F45/><W48/><G59/><T30/><D99/><U62/><E62/><V91/><F91/><N who="3" m="34891" /><G44/><T72/><D57/><U28/><E34/><V16/><AGARI ba="0,0" hai="14,16,22,23,25,31,50,51,64,66,67,87,90,95" machi="16" ten="30,7900,0" yaku="0,1,8,1,52,1,54,1" doraHai="13" who="2" fromWho="2" sc="352,-20,198,-20,233,79,217,-39" owari="332,43.0,178,-22.0,312,11.0,178,-32.0" /></mjloggm>