<mjloggm ver="2.3"><GO type="97" lobby="0"/><UN n0="%E3%82%AD%E3%83%A9%E3%83%BC%E3%83%9E%E3%82%B8%E3%83%B3%E3%82%AC%E6%A7%98" n1="%E4%B8%89%E4%BD%90" n2="%E3%81%8D%E3%81%95%E3%81%BE" n3="%E5%B0%B1%E6%B4%BB%E7%94%9F%40%E5%B7%9D%E6%9D%91%E8%BB%8D%E5%9B%A3" dan="15,13,13,14" rate="1981.54,1855.18,1847.30,1994.96" sx="M,M,M,M"/><TAIKYOKU oya="0"/><INIT seed="0,0,0,2,2,53" ten="250,250,250,250" oya="0" hai0="39,81,105,57,121,100,5,114,119,15,96,98,46" hai1="64,97,6,38,92,65,22,27,118,30,70,20,62" hai2="0,99,61,108,56,79,23,124,51,24,76,117,95" hai3="80,49,67,135,90,75,29,4,43,35,72,19,52"/><T83/><D114/><U87/><E118/><V2/><F117/><W122/><G122/><T102/><D119/><U88/><E38/><V54/><F124/><W91/><G4/><T1/><D1/><U45/><E45/><V123/><F123/><W25/><G43/><T134/><D121/><U103/><E6/><V44/><F108/><W31/><G135/><T94/><D134/><U110/><E110/><V21/><F0/><W34/><G67/><T42/><REACH who="0" step="1"/><D57/><REACH who="0" ten="240,250,250,250" step="2"/><U104/><REACH who="1" step="1"/><E65/><REACH who="1" ten="240,240,250,250" step="2"/><N who="2" m="39079" /><F2/><W18/><G35/><AGARI ba="0,2" hai="20,22,27,30,35,62,64,70,87,88,92,97,103,104" machi="35" ten="30,8000,1" yaku="1,1,7,1,25,2,54,1,53,0" doraHai="53" doraHaiUra="12" who="1" fromWho="3" sc="240,0,240,100,250,0,250,-80" /><INIT seed="1,0,0,2,3,125" ten="240,340,250,170" oya="1" hai0="53,93,72,64,88,132,107,33,134,12,27,120,119" hai1="79,76,10,22,130,36,104,85,6,21,109,59,51" hai2="17,77,16,100,99,131,39,111,47,18,57,74,89" hai3="110,67,45,26,105,126,121,127,23,20,3,68,35"/><U124/><E36/><V48/><F39/><W78/><G105/><T14/><D119/><U118/><E124/><N who="3" m="47658" /><G121/><T55/><D107/><U58/><E118/><V4/><F111/><W113/><G110/><T42/><D72/><U40/><E104/><V128/><F4/><W116/><G113/><T92/><D42/><U129/><E109/><V82/><F89/><W97/><G116/><T80/><D80/><N who="1" m="47239" /><E79/><V28/><F28/><N who="3" m="19863" /><G78/><T133/><D64/><U87/><E87/><V117/><F117/><W24/><G3/><T84/><D93/><U15/><E22/><V38/><F38/><W11/><G45/><T75/><D75/><U101/><E21/><V71/><F71/><W7/><G97/><T29/><D120/><U122/><E101/><V1/><F1/><N who="3" m="495" /><G67/><T8/><REACH who="0" step="1"/><D14/><REACH who="0" ten="230,340,250,170" step="2"/><N who="1" m="5463" /><E122/><V44/><F57/><N who="1" m="21513" /><E15/><V52/><REACH who="2" step="1"/><F44/><AGARI ba="0,1" hai="40,44,51,129,130" m="21513,5463,47239" machi="44" ten="30,5800,0" yaku="25,1,52,2" doraHai="125" who="1" fromWho="2" sc="230,0,340,68,250,-58,170,0" /><INIT seed="1,1,0,0,2,2" ten="230,408,192,170" oya="1" hai0="54,12,63,87,10,98,124,41,115,131,101,90,106" hai1="1,108,70,43,0,19,66,94,11,13,104,96,48" hai2="78,103,82,31,56,112,75,69,72,68,100,58,125" hai3="51,27,17,52,65,37,34,97,71,95,5,119,49"/><U62/><E104/><V88/><F125/><W120/><G37/><T85/><D115/><U57/><E108/><V79/><F112/><W130/><G120/><T73/><D73/><U77/><E77/><V24/><F68/><W33/><G119/><T8/><D124/><U18/><E18/><V83/><F69/><W110/><G110/><T14/><D41/><U99/><E99/><V36/><F36/><W80/><G130/><T92/><D131/><U118/><E118/><V84/><F100/><W109/><G109/><T102/><D85/><U55/><REACH who="1" step="1"/><E43/><REACH who="1" ten="230,398,192,170" step="2"/><V38/><F103/><AGARI ba="1,1" hai="0,1,11,13,19,48,55,57,62,66,70,94,96,103" machi="103" ten="30,11600,0" yaku="1,1,2,1,7,1,53,1" doraHai="2" doraHaiUra="59" who="1" fromWho="2" sc="230,0,398,129,192,-119,170,0" /><INIT seed="1,2,0,3,1,38" ten="230,527,73,170" oya="1" hai0="14,112,125,22,95,41,26,115,50,61,0,17,123" hai1="44,124,33,93,16,59,128,134,79,72,36,96,65" hai2="129,47,111,68,10,127,23,97,31,12,62,21,119" hai3="2,105,83,46,5,70,56,130,60,92,89,108,118"/><U7/><E7/><V90/><F119/><W51/><G105/><T91/><D0/><U106/><E106/><V64/><F127/><W104/><G104/><T69/><D125/><U43/><E124/><V27/><F129/><W32/><G32/><T66/><D123/><U40/><E40/><V39/><F111/><W117/><G70/><T24/><D24/><U78/><E128/><V131/><F131/><W58/><G130/><T34/><D34/><U37/><E37/><V132/><F132/><W6/><G108/><T42/><D50/><U20/><E33/><V133/><F133/><W80/><G2/><T75/><D75/><U52/><E65/><V13/><F13/><W81/><G6/><T4/><D112/><U114/><E72/><V87/><F97/><W98/><G5/><T53/><D53/><U110/><E110/><V30/><F47/><W122/><G122/><T135/><D135/><U113/><E134/><V116/><F39/><W84/><G98/><T120/><D120/><U103/><E114/><V28/><F116/><N who="3" m="44651" /><G60/><T76/><D115/><U109/><E109/><V73/><F73/><W86/><G86/><T49/><D49/><U8/><E113/><V15/><F21/><W9/><G9/><N who="0" m="4391" /><D76/><U100/><E8/><V19/><REACH who="2" step="1"/><F15/><REACH who="2" ten="230,527,63,170" step="2"/><W74/><G74/><T107/><D22/><U29/><E20/><V88/><F88/><W82/><N who="3" m="20992" /><DORA hai="85" /><W126/><G126/><T48/><D91/><U71/><E36/><V11/><F11/><W77/><G77/><T63/><D26/><U25/><E25/><V94/><AGARI ba="2,1" hai="10,12,19,23,27,28,30,31,62,64,68,87,90,94" machi="94" ten="20,5200,0" yaku="1,1,0,1,7,1,52,1,53,0" doraHai="38,85" doraHaiUra="45,55" who="2" fromWho="2" sc="230,-15,527,-28,63,68,170,-15" /><INIT seed="2,0,0,0,2,24" ten="215,499,131,155" oya="2" hai0="133,104,96,53,113,82,94,120,79,32,86,106,121" hai1="10,116,50,47,132,115,123,124,125,93,29,12,88" hai2="95,61,48,62,41,38,67,57,26,119,14,134,7" hai3="36,73,16,46,43,59,126,42,37,58,76,45,74"/><V109/><F119/><W108/><G126/><N who="1" m="48746" /><E115/><V9/><F134/><W31/><G108/><T4/><D53/><N who="1" m="29919" /><E132/><V8/><F109/><W21/><G31/><T78/><D4/><N who="1" m="3143" /><E116/><V3/><F38/><W100/><G100/><N who="0" m="60439" /><D32/><U70/><E70/><V35/><F35/><W98/><G98/><T44/><D44/><U122/><E29/><V101/><F26/><W51/><G76/><N who="0" m="29227" /><D113/><U1/><E1/><V114/><F114/><W72/><REACH who="3" step="1"/><G51/><REACH who="3" ten="215,499,131,145" step="2"/><T85/><D133/><U103/><E103/><V128/><F128/><W54/><G54/><T40/><D40/><U112/><E112/><V63/><F48/><W19/><G19/><T68/><D120/><U56/><E123/><V99/><REACH who="2" step="1"/><F41/><REACH who="2" ten="215,499,121,145" step="2"/><W80/><G80/><T23/><D121/><U30/><E122/><V105/><F105/><W84/><G84/><T130/><D130/><U28/><E93/><V111/><F111/><W118/><G118/><T83/><D104/><U33/><E33/><V89/><F89/><W107/><G107/><T117/><D117/><U129/><E88/><V92/><F92/><W13/><AGARI ba="0,2" hai="13,16,21,36,37,42,43,45,46,58,59,72,73,74" machi="13" ten="30,7900,0" yaku="1,1,0,1,9,1,54,1,53,0" doraHai="24" doraHaiUra="64" who="3" fromWho="3" sc="215,-20,499,-20,121,-39,145,99" /><INIT seed="3,0,0,5,4,72" ten="195,479,82,244" oya="3" hai0="116,121,33,58,94,9,68,31,80,16,22,91,124" hai1="14,101,125,93,75,42,70,112,7,55,39,43,52" hai2="88,117,53,45,11,46,76,97,35,82,61,110,10" hai3="15,89,79,0,78,18,81,122,129,103,54,71,17"/><W59/><G0/><T30/><D116/><U130/><E75/><V24/><F117/><W85/><G71/><T131/><D121/><U69/><E112/><V73/><F110/><W127/><G122/><T8/><D68/><U109/><E109/><V90/><F90/><W63/><G129/><T106/><D106/><U98/><E130/><V6/><F11/><W32/><G32/><T133/><D131/><U2/><E2/><V105/><F105/><W50/><G127/><T104/><D104/><U74/><E74/><V37/><F37/><W100/><G63/><T36/><D124/><U118/><E118/><V84/><F97/><W102/><REACH who="3" step="1"/><G18/><REACH who="3" ten="195,479,82,234" step="2"/><T27/><D33/><U20/><E70/><V25/><F35/><W67/><G67/><T83/><D16/><N who="1" m="10263" /><E69/><V34/><F34/><W23/><AGARI ba="0,1" hai="15,17,23,50,54,59,78,79,81,85,89,100,102,103" machi="23" ten="30,18000,2" yaku="1,1,0,1,8,1,52,2,53,1" doraHai="72" doraHaiUra="13" who="3" fromWho="3" sc="195,-60,479,-60,82,-60,234,190" owari="135,-26.0,419,22.0,22,-48.0,424,52.0" /></mjloggm>