<mjloggm ver="2.3"><GO type="41" lobby="0"/><UN n0="%E2%98%85%E9%B3%B3%E8%9D%B6" n1="%E4%B8%8D%E6%A9%9F%E5%AB%8C%E4%B8%AD%E9%A3%9B%E8%BB%8A" n2="%74%75%6F%6D%75%32" n3="%E5%B0%B1%E6%B4%BB%E7%94%9F%40%E5%B7%9D%E6%9D%91%E8%BB%8D%E5%9B%A3" dan="15,14,14,14" rate="1966.57,1959.21,1936.27,1972.64" sx="M,M,M,M"/><TAIKYOKU oya="0"/><INIT seed="0,0,0,5,3,134" ten="250,250,250,250" oya="0" hai0="130,98,37,52,8,82,28,24,80,9,122,10,60" hai1="133,84,132,40,23,113,21,70,112,17,56,121,3" hai2="63,4,16,11,19,120,62,7,76,22,110,109,48" hai3="77,6,79,53,33,54,44,15,107,55,61,90,13"/><T45/><D122/><U103/><E70/><V131/><F120/><W68/><G107/><T73/><D130/><U1/><E40/><V101/><F101/><W117/><G33/><T59/><D98/><U65/><E121/><V125/><F76/><W0/><G117/><T99/><D99/><U108/><E103/><V86/><F131/><W26/><G0/><N who="1" m="74" /><E84/><V36/><F36/><W87/><G44/><T27/><D73/><U96/><E96/><V81/><F48/><W34/><G77/><T72/><D72/><U2/><E2/><V41/><F41/><W39/><G39/><T100/><D100/><U49/><E108/><N who="2" m="41579" /><F4/><W58/><G79/><T104/><D28/><U74/><E74/><V64/><F62/><W31/><G68/><T14/><D104/><U38/><E38/><V95/><F95/><W106/><G106/><T92/><D92/><U85/><E85/><V94/><F94/><W91/><G6/><N who="0" m="3351" /><D37/><U114/><E65/><V30/><F7/><W127/><G90/><T71/><D71/><U119/><E119/><V20/><F11/><N who="0" m="4106" /><D45/><U5/><E5/><V111/><F30/><W78/><G78/><T123/><D123/><U115/><E115/><V129/><F129/><W18/><G91/><T67/><D67/><U97/><E97/><V116/><F116/><W66/><G87/><T88/><D88/><U12/><E23/><N who="2" m="8747" /><F111/><W89/><G89/><T69/><D69/><U57/><E57/><V102/><F102/><W51/><G51/><T135/><D80/><U93/><E93/><V105/><F105/><W29/><G29/><T35/><D82/><RYUUKYOKU ba="0,0" sc="250,-10,250,30,250,-10,250,-10" hai1="12,17,21,49,56,112,113,114,132,133" /><INIT seed="1,1,0,5,3,0" ten="240,280,240,240" oya="1" hai0="78,10,113,80,73,128,15,65,6,84,77,107,121" hai1="58,53,37,48,93,8,114,70,22,66,12,98,127" hai2="5,123,97,108,61,62,112,51,106,56,18,75,133" hai3="1,131,49,46,72,130,54,27,7,90,40,44,105"/><U9/><E114/><V67/><F123/><W71/><G105/><T3/><D121/><U103/><E127/><V59/><F75/><W110/><G72/><T120/><D120/><U31/><E37/><V29/><F108/><W20/><G71/><T2/><D113/><U99/><E70/><V102/><F112/><W117/><G117/><T16/><D107/><U11/><E66/><V34/><F133/><W125/><G125/><T74/><D128/><N who="3" m="49193" /><G110/><T13/><D65/><U25/><REACH who="1" step="1"/><E99/><REACH who="1" ten="240,270,240,240" step="2"/><V89/><F67/><W33/><G33/><T101/><D73/><U135/><E135/><V109/><F34/><W86/><G86/><T52/><D74/><U39/><E39/><V43/><F109/><W91/><G91/><T81/><D84/><U85/><E85/><V57/><F89/><W47/><G90/><T126/><D126/><U69/><E69/><V76/><F97/><W28/><G40/><T42/><D42/><U50/><E50/><V118/><F43/><W45/><G1/><T23/><D2/><U35/><E35/><V96/><F51/><W92/><G92/><T4/><D3/><U104/><E104/><V24/><F118/><W19/><G28/><T41/><D41/><U60/><E60/><V64/><F64/><W26/><G49/><T21/><D77/><U36/><E36/><V119/><F76/><W63/><G63/><T32/><D78/><U115/><E115/><V68/><F119/><W83/><G54/><T30/><D52/><U124/><E124/><V55/><F68/><W17/><G83/><N who="0" m="31819" /><D32/><U94/><E94/><V14/><F106/><RYUUKYOKU ba="1,1" sc="240,-10,270,30,240,-10,240,-10" hai1="8,9,11,12,22,25,31,48,53,58,93,98,103" /><INIT seed="1,2,1,3,4,131" ten="230,300,230,230" oya="1" hai0="49,21,31,122,36,32,82,27,78,59,63,43,52" hai1="48,97,96,58,129,55,100,70,57,84,112,120,71" hai2="45,11,119,12,3,4,1,7,24,135,68,35,38" hai3="108,85,81,117,127,25,86,26,87,93,10,114,16"/><U130/><E120/><V103/><F68/><W124/><G114/><T20/><D122/><U53/><E112/><V92/><F119/><W104/><G104/><T99/><D99/><U111/><E111/><V46/><F38/><W50/><G117/><T95/><D95/><U9/><E9/><V33/><F103/><W47/><G108/><T79/><D36/><U94/><E84/><V6/><F92/><W23/><G10/><T14/><D14/><U89/><E97/><V34/><F45/><W40/><G93/><T18/><D18/><U116/><E89/><V115/><F46/><W110/><G110/><T113/><D113/><U28/><E28/><N who="2" m="19591" /><F115/><W101/><G101/><T42/><D21/><U44/><E116/><V90/><F90/><W72/><G26/><T91/><D32/><N who="2" m="12330" /><F135/><W0/><G0/><AGARI ba="2,1" hai="0,1,3,4,6,7,11,12" m="12330,19591" machi="0" ten="30,8000,1" yaku="35,5" doraHai="131" who="2" fromWho="3" sc="230,0,300,0,230,96,230,-86" /><INIT seed="2,0,0,2,3,15" ten="230,300,326,144" oya="2" hai0="9,12,34,135,48,8,56,132,45,44,86,102,126" hai1="38,125,83,78,22,27,33,46,69,75,35,39,90" hai2="107,112,101,108,113,99,118,52,89,79,74,20,116" hai3="134,63,77,43,47,111,80,57,26,104,110,25,87"/><V49/><F74/><W133/><G104/><T19/><D34/><U92/><E125/><V64/><F79/><W68/><G68/><T76/><D126/><U10/><E69/><V96/><F64/><W97/><G97/><T13/><D102/><U73/><E73/><V128/><F128/><W17/><G47/><T40/><D56/><U65/><E65/><V24/><F108/><N who="3" m="41515" /><G43/><T54/><D86/><U60/><E60/><V114/><F96/><W59/><G26/><T1/><D1/><U124/><E124/><V81/><F81/><W21/><G59/><T7/><REACH who="0" step="1"/><D76/><REACH who="0" ten="220,300,326,144" step="2"/><U28/><E33/><V18/><REACH who="2" step="1"/><F89/><REACH who="2" ten="220,300,316,144" step="2"/><W36/><G77/><T85/><D85/><U16/><E90/><V103/><F103/><W131/><G87/><T30/><D30/><U42/><E28/><V88/><F88/><W61/><G131/><T11/><D11/><U0/><E10/><V70/><F70/><W94/><G134/><T3/><D3/><U121/><E0/><V37/><F37/><AGARI ba="0,2" hai="7,8,9,12,13,19,37,40,44,45,48,54,132,135" machi="37" ten="40,8000,1" yaku="1,1,52,1,53,2" doraHai="15" doraHaiUra="130" who="0" fromWho="2" sc="220,100,300,0,316,-80,144,0" /><INIT seed="3,0,0,0,0,47" ten="320,300,236,144" oya="3" hai0="0,16,77,81,106,101,97,59,129,131,127,44,65" hai1="98,112,115,9,96,75,102,45,57,99,35,10,72" hai2="42,34,85,14,26,71,119,80,123,49,84,68,118" hai3="104,114,62,113,121,28,92,89,107,21,61,40,83"/><W13/><G121/><T19/><D0/><U64/><E35/><V108/><F123/><W46/><G104/><T88/><D127/><U12/><E102/><V58/><F108/><W2/><G107/><T4/><D4/><U66/><E45/><V27/><F85/><W55/><G2/><T109/><D109/><U74/><E57/><V41/><F34/><W103/><G103/><T18/><D44/><U3/><E3/><V94/><F94/><W43/><G83/><T133/><D133/><U23/><E23/><V100/><F100/><W17/><G28/><T128/><D59/><U76/><E76/><V33/><F33/><W93/><G93/><T37/><D37/><U24/><E24/><V70/><F14/><W32/><G32/><T7/><D7/><U69/><E69/><V11/><F11/><W60/><G55/><T110/><D65/><U67/><REACH who="1" step="1"/><E12/><REACH who="1" ten="320,290,236,144" step="2"/><V134/><F119/><W73/><G73/><N who="0" m="43183" /><D110/><U78/><E78/><V86/><F118/><W53/><G53/><T39/><D39/><U95/><E95/><V79/><F70/><W5/><G43/><T90/><AGARI ba="0,1" hai="16,18,19,88,90,97,101,106,128,129,131" m="43183" machi="90" ten="40,5200,0" yaku="19,1,54,2" doraHai="47" who="0" fromWho="0" sc="320,62,290,-13,236,-13,144,-26" /><INIT seed="4,0,0,1,1,127" ten="382,277,223,118" oya="0" hai0="98,70,51,128,2,33,52,120,91,65,114,50,27" hai1="10,61,126,57,100,81,133,63,68,90,54,84,125" hai2="32,129,5,14,59,73,39,8,19,105,12,115,46" hai3="88,1,124,21,110,3,38,66,80,24,97,85,111"/><T71/><D2/><U53/><E133/><V55/><F105/><W76/><G124/><N who="1" m="47722" /><E100/><V40/><F73/><W64/><G38/><T56/><D114/><U45/><E68/><V79/><F32/><W122/><G122/><T60/><D120/><U49/><E10/><V36/><F79/><W43/><G43/><T44/><D27/><U34/><E34/><V25/><F25/><W130/><G3/><T26/><D91/><U109/><E63/><V42/><F115/><W95/><G1/><T31/><D98/><U69/><E69/><V83/><F83/><W108/><REACH who="3" step="1"/><G130/><REACH who="3" ten="382,277,223,108" step="2"/><T96/><D128/><U99/><E99/><V16/><F129/><W22/><G22/><T37/><D96/><U62/><E62/><V78/><F40/><W113/><G113/><T121/><D121/><U4/><E109/><V47/><F39/><W9/><G9/><T135/><D37/><U30/><E30/><AGARI ba="0,1" hai="21,24,30,64,66,76,80,85,88,95,97,108,110,111" machi="30" ten="40,2600,0" yaku="1,1,54,1,53,0" doraHai="127" doraHaiUra="118" who="3" fromWho="1" sc="382,0,277,-26,223,0,108,36" /><INIT seed="5,0,0,0,5,116" ten="382,251,223,144" oya="1" hai0="9,111,66,128,33,105,64,77,72,101,92,22,71" hai1="79,117,26,43,23,109,48,118,58,50,85,123,52" hai2="113,40,121,1,18,112,76,103,106,8,7,67,124" hai3="62,130,49,83,41,17,16,6,46,99,24,110,60"/><U14/><E109/><V36/><F67/><W27/><G110/><T69/><D33/><U119/><E14/><V12/><F124/><W93/><G130/><T135/><D105/><U13/><E13/><V42/><F76/><W63/><G6/><T37/><D37/><U29/><E123/><V81/><F81/><W102/><REACH who="3" step="1"/><G83/><REACH who="3" ten="382,251,223,134" step="2"/><T25/><D128/><U86/><E79/><V56/><F7/><W39/><G39/><T4/><D77/><U90/><E119/><V34/><F36/><W131/><G131/><T91/><D71/><U38/><E38/><V133/><F1/><W11/><G11/><T5/><D69/><U84/><E117/><V20/><F8/><W54/><G54/><T28/><D9/><U68/><E118/><V96/><F42/><W75/><G75/><T70/><D72/><U89/><E68/><V132/><F40/><W107/><G107/><T87/><D70/><U19/><E43/><V78/><F78/><W51/><G51/><T73/><D73/><U134/><E48/><V95/><F106/><W44/><G44/><T120/><D4/><U98/><E50/><V125/><F56/><W10/><G10/><T21/><D5/><U0/><E52/><V126/><F126/><W104/><G104/><T127/><D127/><U47/><E58/><V61/><F125/><W65/><G65/><T100/><D66/><U115/><E47/><V53/><F53/><W114/><G114/><T3/><D64/><U45/><E0/><V108/><F108/><W30/><G30/><T94/><D28/><N who="1" m="17503" /><E115/><V57/><F57/><W2/><G2/><RYUUKYOKU ba="0,1" sc="382,-10,251,-10,223,-10,134,30" hai3="16,17,24,27,41,46,49,60,62,63,93,99,102" /><INIT seed="6,1,1,0,1,88" ten="372,241,213,164" oya="2" hai0="95,53,31,107,13,48,110,128,43,114,64,99,7" hai1="6,134,37,2,57,103,9,116,8,45,11,77,106" hai2="73,59,30,1,62,130,42,14,23,24,83,85,124" hai3="135,35,108,60,22,50,17,113,86,132,69,33,66"/><V16/><F1/><W61/><G108/><T123/><D110/><U40/><E116/><V112/><F73/><W38/><G38/><T10/><D123/><U115/><E134/><N who="3" m="51242" /><G61/><T63/><D107/><U109/><E109/><V34/><F124/><W129/><G129/><T39/><D31/><U125/><E125/><V82/><F130/><W98/><G98/><T49/><D114/><U97/><E115/><V5/><F112/><W79/><G113/><T80/><D128/><U90/><E57/><V26/><F42/><W52/><G79/><T104/><D104/><U58/><E58/><V15/><F5/><W72/><G86/><T75/><D63/><U55/><E55/><V101/><F101/><W68/><G68/><T27/><D64/><U74/><REACH who="1" step="1"/><E90/><REACH who="1" ten="372,231,213,164" step="2"/><V19/><F59/><N who="3" m="33175" /><G72/><T93/><D75/><U111/><E111/><V127/><F127/><W102/><G102/><T92/><D99/><U126/><E126/><V0/><F62/><W54/><G54/><T36/><D53/><U121/><E121/><V29/><F85/><W84/><G84/><T56/><D56/><U44/><E44/><V51/><F51/><W71/><G71/><T131/><D131/><U100/><E100/><V76/><F76/><W70/><G70/><T81/><D36/><U87/><E87/><V89/><F89/><W67/><G67/><T117/><D39/><U133/><E133/><V18/><REACH who="2" step="1"/><F0/><REACH who="2" ten="372,231,203,164" step="2"/><W78/><G78/><T120/><D120/><U119/><E119/><V65/><F65/><W21/><G66/><T41/><D117/><U47/><E47/><V96/><F96/><RYUUKYOKU ba="1,3" sc="372,-15,231,15,203,15,164,-15" hai1="2,6,8,9,11,37,40,45,74,77,97,103,106" hai2="14,15,16,18,19,23,24,26,29,30,34,82,83" /><INIT seed="6,2,3,0,1,126" ten="357,246,218,149" oya="2" hai0="56,15,83,106,73,0,130,77,37,10,22,63,112" hai1="96,29,3,93,24,74,94,70,129,30,91,114,109" hai2="75,123,64,33,1,49,97,47,113,80,5,8,65" hai3="127,17,76,20,53,31,48,122,26,133,25,57,2"/><V117/><F123/><W60/><G127/><T82/><D37/><U88/><E114/><V40/><F117/><W52/><G122/><T105/><D112/><U108/><E70/><V35/><F113/><W115/><G115/><T59/><D59/><U132/><E132/><V100/><F75/><W87/><G133/><T111/><D111/><U135/><E135/><V38/><F80/><W81/><G2/><T36/><D36/><U67/><E129/><V61/><F38/><W125/><G125/><T16/><D130/><U101/><E74/><V92/><F65/><W6/><G6/><T28/><D83/><U128/><E128/><V50/><REACH who="2" step="1"/><F49/><REACH who="2" ten="357,246,208,149" step="2"/><W58/><REACH who="3" step="1"/><G31/><REACH who="3" ten="357,246,208,139" step="2"/><T110/><D110/><U46/><E29/><V21/><F21/><W71/><G71/><AGARI ba="2,5" hai="1,5,8,33,35,40,47,50,61,64,71,92,97,100" machi="71" ten="30,2900,0" yaku="1,1,7,1,53,0" doraHai="126" doraHaiUra="13" who="2" fromWho="3" sc="357,0,246,0,208,85,139,-35" /><INIT seed="6,3,0,3,1,78" ten="357,246,293,104" oya="2" hai0="24,30,94,73,131,10,42,70,98,89,5,36,93" hai1="18,8,117,56,63,34,132,32,104,100,110,102,45" hai2="33,38,119,17,86,59,50,103,66,71,95,84,43" hai3="127,121,41,14,19,111,65,35,85,128,96,80,20"/><V26/><F119/><W123/><G35/><T55/><D70/><U108/><E117/><V28/><F71/><W120/><G111/><T74/><D131/><U6/><E132/><V49/><F38/><W125/><G128/><T81/><D55/><U2/><E45/><V92/><F92/><W77/><G41/><T64/><D64/><U11/><E11/><V69/><F69/><W37/><G37/><T129/><D129/><U68/><E68/><V58/><F17/><W124/><G96/><T3/><D93/><U75/><E75/><V97/><F43/><W99/><G99/><T72/><D24/><U7/><E7/><V57/><REACH who="2" step="1"/><F66/><AGARI ba="3,0" hai="14,19,20,65,66,77,80,85,120,121,123,124,125,127" machi="66" ten="50,3200,0" yaku="18,1,52,1" doraHai="78" who="3" fromWho="2" sc="357,0,246,0,293,-41,104,41" /><INIT seed="7,0,0,3,1,114" ten="357,246,252,145" oya="3" hai0="106,91,61,52,125,107,104,57,98,94,70,126,112" hai1="133,119,135,128,55,32,18,75,2,108,118,84,109" hai2="81,49,5,16,23,15,54,48,87,0,115,124,10" hai3="59,17,51,56,122,53,42,41,68,89,127,31,13"/><W11/><G122/><T120/><D112/><U39/><E39/><V36/><F36/><W37/><G68/><T20/><D120/><U100/><E75/><V27/><F124/><N who="0" m="47722" /><D70/><U21/><E32/><V50/><F115/><W19/><G127/><T47/><D47/><U132/><E100/><V12/><REACH who="2" step="1"/><F54/><REACH who="2" ten="357,246,242,145" step="2"/><W73/><G73/><T130/><D130/><U24/><E128/><V35/><F35/><W131/><G131/><T134/><D134/><U14/><E55/><V45/><F45/><W76/><G76/><AGARI ba="0,1" hai="0,5,10,12,15,16,23,27,48,49,50,76,81,87" machi="76" ten="40,2600,0" yaku="1,1,54,1,53,0" doraHai="114" doraHaiUra="29" who="2" fromWho="3" sc="357,0,246,0,242,36,145,-26" owari="357,45.0,246,-15.0,278,8.0,119,-38.0" /></mjloggm>