<mjloggm ver="2.3"><GO type="169" lobby="0"/><UN n0="%E8%A5%BF%E6%9D%91%E9%9B%84%E4%B8%80%E9%83%8E" n1="%74%65%6E%70%69%6E" n2="%79%61%6E%6F%70%61%6E" n3="%E3%82%A6%E3%83%AB%E3%83%88%E3%83%A9%E7%AB%8B%E7%9B%B4" dan="16,16,16,17" rate="2137.09,2046.32,2152.98,2158.23" sx="M,F,M,M"/><TAIKYOKU oya="0"/><INIT seed="0,0,0,4,5,28" ten="250,250,250,250" oya="0" hai0="30,34,95,92,62,101,21,129,131,51,22,91,81" hai1="29,41,123,25,102,24,116,98,64,26,67,107,71" hai2="94,72,105,52,50,68,112,58,83,53,106,120,74" hai3="135,69,16,17,84,63,77,20,85,104,8,27,38"/><T39/><D39/><U121/><E116/><V3/><F68/><W65/><G104/><T122/><D122/><U80/><E41/><V23/><F112/><W86/><G38/><T76/><D101/><U124/><E124/><V2/><F120/><W49/><G135/><T61/><D51/><U114/><E114/><V118/><F118/><W119/><G119/><T6/><D6/><U78/><E67/><V100/><F94/><W73/><G49/><T134/><D134/><U103/><E103/><V54/><F50/><W40/><G40/><T113/><D113/><U82/><E82/><V0/><F58/><W125/><G125/><T5/><D5/><U128/><E128/><V35/><F23/><W117/><G117/><T127/><D127/><U13/><E13/><V1/><F1/><W109/><G109/><T46/><D46/><U126/><E126/><V32/><F83/><W56/><G69/><T45/><D45/><U55/><E55/><V70/><F70/><W36/><G36/><T89/><D81/><U132/><E132/><V115/><F115/><W42/><G42/><T97/><D30/><U18/><E18/><V48/><F48/><W12/><G73/><N who="2" m="28265" /><F100/><W11/><REACH who="3" step="1"/><G77/><REACH who="3" ten="250,250,250,240" step="2"/><T31/><D76/><U43/><E43/><V10/><F10/><AGARI ba="0,1" hai="8,10,11,12,16,17,20,27,56,63,65,84,85,86" machi="10" ten="40,12000,2" yaku="1,1,2,1,8,1,54,1,53,2" doraHai="28" doraHaiUra="15" who="3" fromWho="2" sc="250,0,250,0,250,-120,240,130" /><INIT seed="1,0,0,5,5,35" ten="250,250,130,370" oya="1" hai0="126,111,63,120,133,42,116,54,113,37,45,84,48" hai1="13,44,104,25,50,132,5,60,99,0,119,105,15" hai2="47,24,121,115,38,19,58,131,127,32,129,14,101" hai3="88,71,10,74,95,11,20,92,26,52,128,134,112"/><U125/><E119/><V72/><F121/><W23/><G71/><T91/><D116/><U59/><E132/><V61/><F72/><W83/><G112/><T73/><D73/><U65/><E125/><V130/><F127/><W4/><G134/><T124/><D133/><U109/><E109/><V106/><F115/><W46/><G128/><T135/><D135/><U31/><E99/><V66/><F106/><W57/><G46/><T55/><D113/><U86/><E86/><V94/><F38/><W56/><G56/><N who="0" m="32839" /><D55/><U96/><E105/><V28/><F47/><W122/><G122/><T1/><D1/><U75/><E75/><V7/><F7/><W117/><G117/><T82/><D120/><U108/><E108/><V9/><F101/><W77/><G95/><T102/><D102/><U123/><E123/><V110/><F94/><W118/><G118/><T43/><D43/><U69/><E69/><V36/><F36/><W114/><G114/><T98/><D98/><U16/><E96/><V33/><REACH who="2" step="1"/><F110/><REACH who="2" ten="250,250,120,370" step="2"/><W62/><G4/><T40/><D111/><U78/><E104/><V51/><F51/><W67/><G92/><T21/><D126/><U12/><E5/><V85/><F85/><W68/><G74/><T81/><D124/><U2/><E50/><V30/><F30/><W18/><G83/><T27/><D81/><U49/><E31/><V64/><F64/><W87/><G67/><T39/><D39/><U103/><E103/><V93/><F93/><W97/><G87/><T90/><D37/><U89/><E49/><V70/><F70/><W53/><G68/><RYUUKYOKU ba="0,1" sc="250,-10,250,-10,120,30,370,-10" hai2="9,14,19,24,28,32,33,58,61,66,129,130,131" /><INIT seed="2,1,1,2,1,127" ten="240,240,150,360" oya="2" hai0="84,87,78,6,110,74,16,135,67,61,35,5,46" hai1="83,58,130,57,29,97,66,33,42,8,118,41,62" hai2="79,63,111,47,93,30,72,22,86,88,80,43,107" hai3="101,69,17,60,59,106,114,134,133,7,31,91,82"/><V90/><F107/><W71/><G31/><T55/><D35/><U11/><E118/><V100/><F111/><W24/><G7/><T117/><D117/><U125/><E125/><V115/><F115/><W132/><G114/><T70/><D74/><U95/><E33/><V124/><F124/><W40/><G40/><T56/><D135/><U76/><E29/><V68/><F100/><W108/><G108/><T18/><D110/><U3/><E3/><V45/><F43/><W15/><G24/><T28/><D28/><U121/><E121/><V34/><F34/><W65/><G101/><T1/><D70/><U89/><E58/><V51/><F51/><W53/><G65/><T120/><D120/><U122/><E122/><V126/><F126/><W13/><G13/><T36/><D1/><U9/><REACH who="1" step="1"/><E130/><REACH who="1" ten="240,230,150,360" step="2"/><V23/><F68/><W102/><G71/><T116/><D116/><U98/><E98/><V112/><F112/><W85/><G69/><T37/><D56/><U128/><E128/><V12/><F63/><W21/><G132/><T38/><D61/><U14/><E14/><V32/><F32/><W104/><G133/><T2/><D2/><U19/><E19/><N who="2" m="10599" /><F45/><W123/><G134/><T0/><D0/><U52/><E52/><V10/><F47/><W39/><G123/><T77/><D55/><U49/><E49/><V64/><F64/><W109/><G109/><T119/><D46/><U27/><E27/><N who="2" m="16767" /><F10/><W131/><G131/><T96/><D38/><U99/><E99/><V113/><F113/><W129/><G129/><T26/><D119/><U48/><E48/><RYUUKYOKU ba="1,2" sc="240,-15,230,15,150,15,360,-15" hai1="8,9,11,41,42,57,62,66,76,83,89,95,97" hai2="72,79,80,86,88,90,93" /><INIT seed="2,2,2,5,0,77" ten="225,245,165,345" oya="2" hai0="108,59,80,20,71,13,8,82,84,83,46,39,47" hai1="10,56,45,49,43,127,129,114,111,66,32,122,132" hai2="64,117,105,37,118,52,68,128,94,40,0,62,91" hai3="101,85,65,98,29,92,61,31,58,125,134,48,110"/><V126/><F105/><W90/><G110/><T53/><D71/><U76/><E111/><V23/><F0/><W11/><G125/><T60/><D108/><U42/><E114/><V73/><F73/><W87/><G134/><T106/><D106/><U119/><E132/><V57/><F126/><W130/><G130/><T78/><D20/><U79/><E119/><V63/><F128/><W41/><G11/><T15/><D15/><U121/><E127/><V33/><F33/><W6/><G6/><T54/><D39/><U113/><E113/><V25/><F40/><N who="1" m="15401" /><E129/><V96/><REACH who="2" step="1"/><F37/><REACH who="2" ten="225,245,155,345" step="2"/><W72/><G72/><T16/><D46/><U14/><E32/><V38/><F38/><W116/><G116/><T5/><D5/><U1/><E1/><V89/><F89/><W123/><G123/><T103/><D103/><U2/><E2/><V88/><F88/><W112/><G112/><T109/><D109/><U21/><E21/><V35/><F35/><W104/><G104/><T30/><D30/><AGARI ba="2,3" hai="23,25,30,52,57,62,63,64,68,91,94,96,117,118" machi="30" ten="30,5800,0" yaku="1,1,7,1,54,1,53,0" doraHai="77" doraHaiUra="120" who="2" fromWho="0" sc="225,-64,245,0,155,94,345,0" /><INIT seed="2,3,0,1,1,89" ten="161,245,249,345" oya="2" hai0="9,98,62,57,30,13,70,32,121,37,87,14,40" hai1="119,135,11,18,90,7,82,33,39,35,103,2,84" hai2="72,86,50,99,19,66,85,3,25,76,117,78,105" hai3="128,31,1,5,26,113,114,46,97,115,0,59,69"/><V100/><F3/><W80/><G69/><T28/><D70/><U53/><E119/><V8/><F117/><W61/><G128/><T58/><D121/><U127/><E135/><V56/><F72/><W16/><G5/><T52/><D32/><U120/><E127/><V108/><F108/><W112/><G112/><T83/><D37/><U93/><E39/><V116/><F116/><W20/><G46/><T81/><D40/><U49/><E120/><V122/><F122/><W23/><G80/><N who="0" m="30795" /><D87/><U64/><E64/><V110/><F110/><W129/><G129/><T95/><D57/><U43/><E43/><V63/><F50/><W41/><G41/><T12/><D9/><U123/><E18/><V10/><F10/><W22/><G97/><T77/><D77/><U48/><E48/><V38/><F38/><W24/><REACH who="3" step="1"/><G23/><REACH who="3" ten="161,245,249,335" step="2"/><T134/><D134/><U79/><E123/><V42/><F42/><W109/><G109/><T55/><D55/><AGARI ba="3,1" hai="0,1,16,20,22,24,26,31,55,59,61,113,114,115" machi="55" ten="40,5200,0" yaku="1,1,11,1,54,1,53,0" doraHai="89" doraHaiUra="29" who="3" fromWho="0" sc="161,-61,245,0,249,0,335,71" /><INIT seed="3,0,0,2,4,123" ten="100,245,249,406" oya="3" hai0="115,134,120,3,10,53,46,28,1,42,88,2,29" hai1="128,78,106,14,25,51,6,108,116,102,11,119,16" hai2="59,80,41,35,101,77,18,61,50,47,33,36,76" hai3="84,103,82,17,68,62,105,34,19,121,81,114,87"/><W40/><G34/><T4/><D120/><U67/><E128/><V95/><F77/><W48/><G121/><T60/><D134/><U111/><E78/><V52/><F18/><W58/><G68/><T26/><D115/><U30/><E67/><V125/><F125/><W43/><G103/><T73/><D73/><U56/><E106/><V32/><F101/><W117/><G105/><T99/><D53/><N who="1" m="31807" /><E102/><V54/><F95/><W126/><G126/><T89/><D60/><U74/><E74/><V131/><F131/><W85/><G114/><T98/><D98/><U22/><E6/><V65/><REACH who="2" step="1"/><F36/><REACH who="2" ten="100,245,239,406" step="2"/><W12/><G19/><T79/><D79/><U15/><E15/><V72/><AGARI ba="0,1" hai="32,33,35,41,47,50,52,54,59,61,65,72,76,80" machi="72" ten="30,7900,0" yaku="1,1,2,1,0,1,54,1,53,0" doraHai="123" doraHaiUra="127" who="2" fromWho="2" sc="100,-20,245,-20,239,89,406,-39" /><INIT seed="4,0,0,4,4,104" ten="80,225,328,367" oya="0" hai0="0,103,74,21,68,43,97,26,113,109,15,131,50" hai1="81,127,115,20,67,60,22,90,118,69,4,1,18" hai2="91,66,123,25,134,10,87,99,130,59,61,9,56" hai3="24,85,79,49,52,40,8,17,135,54,83,30,37"/><T86/><D0/><U111/><E111/><V57/><F123/><W36/><G135/><T64/><D109/><U125/><E118/><V47/><F134/><W19/><G37/><T32/><D113/><U14/><E115/><V41/><F130/><W93/><G36/><T120/><D120/><U133/><E133/><V2/><F99/><W63/><G63/><T78/><D131/><U128/><E128/><V29/><F2/><W101/><G40/><T100/><D32/><U75/><E1/><V110/><F110/><W51/><G101/><T94/><D74/><U116/><E4/><V72/><F72/><W77/><G93/><T3/><D3/><U80/><E80/><V38/><F10/><W89/><G8/><T39/><D39/><U70/><E22/><V76/><F76/><N who="3" m="29259" /><G30/><T107/><D15/><U62/><E62/><V129/><F9/><W84/><G84/><T35/><D35/><U132/><E132/><V124/><F129/><W16/><G24/><T27/><D64/><U102/><E102/><V108/><F108/><W126/><G126/><N who="1" m="48138" /><E116/><V119/><F119/><W95/><G83/><N who="0" m="47479" /><D68/><N who="1" m="42087" /><E75/><V13/><F124/><W122/><G122/><T28/><D27/><U23/><E23/><N who="2" m="15551" /><F13/><W58/><G19/><T46/><D107/><U12/><E12/><V82/><F66/><W33/><G33/><T73/><D73/><U44/><E44/><AGARI ba="0,0" hai="16,17,44,49,51,52,54,58,85,89,95" m="29259" machi="44" ten="30,3900,0" yaku="8,1,54,2" doraHai="104" who="3" fromWho="1" sc="80,0,225,-39,328,0,367,39" /><INIT seed="5,0,0,1,5,84" ten="80,186,328,406" oya="1" hai0="67,7,54,8,103,14,127,20,42,35,47,76,6" hai1="97,70,118,21,91,73,119,96,48,0,92,94,63" hai2="89,43,45,109,117,99,106,81,75,61,107,12,87" hai3="4,53,18,26,51,41,115,112,31,56,13,65,123"/><U60/><E0/><V113/><F109/><W11/><G123/><T22/><D127/><U133/><E73/><V98/><F117/><W68/><G41/><T129/><D129/><U62/><E133/><V55/><F75/><W78/><G78/><T122/><D122/><U2/><E2/><V135/><F135/><W95/><G68/><T131/><D35/><U46/><E70/><V74/><F74/><W130/><G65/><T125/><D125/><U58/><E21/><V29/><F29/><W64/><G64/><T114/><D114/><N who="3" m="43561" /><G95/><T38/><D131/><U17/><E17/><V126/><F126/><W5/><G130/><T33/><D33/><AGARI ba="0,0" hai="4,5,11,13,18,26,31,33,51,53,56" m="43561" machi="33" ten="30,1000,0" yaku="15,1" doraHai="84" who="3" fromWho="0" sc="80,-10,186,0,328,0,406,10" /><INIT seed="6,0,0,5,1,70" ten="70,186,328,416" oya="2" hai0="50,47,132,98,34,48,97,61,119,117,25,17,2" hai1="112,90,58,83,82,38,104,68,8,107,9,52,1" hai2="81,65,73,102,51,13,11,118,39,62,123,54,12" hai3="10,44,30,64,101,87,32,46,133,99,130,121,95"/><V79/><F118/><W124/><G121/><T37/><D2/><U43/><E68/><V5/><F123/><W128/><G64/><T126/><D126/><U74/><E74/><V77/><F102/><W27/><G124/><T114/><D114/><U106/><E90/><V33/><F33/><W7/><G87/><T40/><D132/><U16/><E1/><V72/><F39/><W131/><G133/><T88/><D61/><U20/><E112/><V26/><F26/><W36/><G36/><T78/><D78/><U14/><E9/><V59/><F13/><AGARI ba="0,0" hai="7,10,13,27,30,32,44,46,95,99,101,128,130,131" machi="13" ten="40,1300,0" yaku="19,1" doraHai="70" who="3" fromWho="2" sc="70,0,186,0,328,-13,416,13" /><INIT seed="7,0,0,2,2,48" ten="70,186,315,429" oya="3" hai0="50,106,66,102,128,71,2,51,26,84,31,92,98" hai1="111,23,16,112,73,7,64,6,85,20,39,40,109" hai2="117,70,19,105,75,46,86,59,96,0,78,9,135" hai3="14,80,118,79,110,37,47,61,133,43,44,22,5"/><W114/><G114/><T122/><D128/><U125/><E20/><V91/><F117/><W42/><G133/><T45/><D2/><U63/><E7/><V90/><F135/><W54/><G110/><T15/><D122/><U107/><E16/><V1/><F70/><W36/><G22/><T60/><D15/><U74/><E63/><V100/><F91/><W99/><G99/><T82/><D92/><U68/><E85/><V132/><F132/><W49/><G61/><T65/><D65/><U55/><E55/><V69/><F69/><W93/><G93/><T52/><D51/><U129/><E23/><V30/><F30/><W113/><G113/><T126/><D126/><U72/><E6/><V77/><F77/><W120/><G120/><T130/><D130/><U53/><E53/><V115/><F115/><W58/><G14/><T134/><D134/><U123/><E129/><V89/><F89/><W88/><G5/><T57/><D84/><U121/><E125/><V131/><F131/><W108/><G108/><T25/><D82/><U21/><E112/><V97/><F97/><W11/><G11/><T8/><D8/><U56/><E111/><V18/><F59/><W3/><G3/><T17/><D17/><U83/><E109/><V104/><F104/><W24/><G88/><T29/><D31/><U10/><E121/><V127/><F127/><W87/><G118/><T67/><D67/><U13/><E64/><V28/><F28/><W76/><G76/><T27/><REACH who="0" step="1"/><D57/><REACH who="0" ten="60,186,315,429" step="2"/><U33/><E83/><V35/><F18/><W101/><G58/><T119/><D119/><RYUUKYOKU ba="0,1" sc="60,30,186,-10,315,-10,429,-10" hai0="25,26,27,29,45,50,52,60,66,71,98,102,106" owari="90,-41.0,176,-22.0,305,11.0,429,52.0" /></mjloggm>