<mjloggm ver="2.3"><GO type="41" lobby="0"/><UN n0="%79%61%6D%61%64%61%2D" n1="%E5%B0%B1%E6%B4%BB%E7%94%9F%40%E5%B7%9D%E6%9D%91%E8%BB%8D%E5%9B%A3" n2="%E3%81%82%E3%82%89%E3%81%9F%E3%81%9D" n3="%41%4E%44%59%54%41%4B%41" dan="14,15,15,13" rate="1914.58,1958.52,1993.80,1888.98" sx="M,M,F,M"/><TAIKYOKU oya="0"/><INIT seed="0,0,0,0,0,10" ten="250,250,250,250" oya="0" hai0="28,87,53,36,33,0,1,77,70,22,118,63,9" hai1="76,59,34,44,68,62,102,132,48,82,26,58,112" hai2="60,94,23,100,89,27,52,99,120,69,126,18,45" hai3="105,13,37,71,92,74,57,86,25,119,106,19,131"/><T84/><D118/><U97/><E112/><V3/><F120/><W64/><G119/><T124/><D36/><U8/><E132/><V72/><F3/><W88/><G74/><T39/><D39/><U43/><E68/><V41/><F72/><W65/><G71/><T67/><D124/><U96/><E34/><V12/><F126/><W123/><G123/><T128/><D128/><U4/><E26/><V11/><F69/><W114/><G114/><T56/><D33/><U134/><E134/><V135/><F135/><W101/><G25/><T7/><D22/><U98/><E102/><V21/><F41/><W55/><G37/><T61/><D28/><U133/><E133/><V91/><F23/><W111/><G111/><T121/><D121/><U83/><E62/><V81/><F81/><W110/><G110/><T95/><D87/><U20/><E20/><V80/><F80/><W2/><G2/><T40/><D40/><U75/><REACH who="1" step="1"/><E83/><REACH who="1" ten="250,240,250,250" step="2"/><V93/><F100/><W24/><G131/><T122/><D122/><U130/><E130/><V32/><F32/><W38/><G24/><T46/><D63/><U103/><E103/><V47/><F27/><W42/><G101/><T108/><D108/><U31/><E31/><V6/><F21/><W51/><G106/><T115/><D115/><U116/><E116/><V109/><F109/><W14/><G105/><T125/><D125/><U85/><E85/><V79/><F60/><W78/><G86/><T127/><D127/><U30/><E30/><V17/><F94/><W49/><G92/><T16/><D70/><U104/><E104/><RYUUKYOKU ba="0,1" sc="250,-10,240,30,250,-10,250,-10" hai1="4,8,43,44,48,58,59,75,76,82,96,97,98" /><INIT seed="1,1,1,5,3,24" ten="240,270,240,240" oya="1" hai0="112,109,39,65,134,49,19,119,95,81,34,129,84" hai1="23,125,47,32,118,132,78,122,21,16,108,121,46" hai2="53,83,20,102,69,6,116,40,15,25,66,13,62" hai3="61,110,10,9,28,126,105,113,59,106,135,33,82"/><U85/><E32/><V2/><F116/><W77/><G135/><T51/><D119/><U3/><E118/><V104/><F40/><W128/><G113/><T52/><D39/><U75/><E75/><V86/><F2/><W27/><G128/><T71/><D112/><U43/><E3/><V92/><F104/><W5/><G126/><T107/><D107/><U131/><E131/><V70/><F6/><W44/><G44/><T14/><D34/><U120/><E132/><V76/><F70/><W111/><G106/><T58/><D129/><U72/><E72/><V68/><F68/><W80/><G105/><T37/><D37/><U26/><E125/><V94/><F94/><W127/><G127/><T103/><D134/><U124/><E124/><V60/><F60/><W22/><G33/><T97/><D65/><U88/><E78/><V57/><F66/><W54/><G77/><N who="0" m="46127" /><D71/><U93/><E108/><N who="3" m="41514" /><G9/><N who="0" m="6607" /><D109/><U101/><E43/><V4/><F69/><W29/><G29/><T98/><D98/><U50/><E101/><V56/><F102/><W91/><G91/><T87/><D87/><U100/><E100/><V55/><F86/><W73/><G73/><T41/><D41/><U1/><E1/><AGARI ba="1,1" hai="1,5,10,22,27,28,54,59,61,80,82" m="41514" machi="1" ten="30,2000,0" yaku="14,1,52,1" doraHai="24" who="3" fromWho="1" sc="240,0,270,-23,240,0,240,33" /><INIT seed="2,0,0,0,0,66" ten="240,247,240,273" oya="2" hai0="63,87,29,19,67,10,39,52,54,62,9,78,18" hai1="94,40,12,64,0,42,112,55,43,3,14,125,80" hai2="38,15,44,59,121,127,37,8,99,49,30,68,132" hai3="110,13,118,133,134,61,123,81,27,101,129,106,50"/><V92/><F121/><W70/><G123/><T93/><D39/><U21/><E112/><V53/><F127/><W41/><G118/><T84/><D29/><U22/><E125/><V115/><F115/><W120/><G120/><T108/><D108/><U71/><E80/><V5/><F132/><W95/><G81/><T26/><D26/><U33/><E33/><V96/><F96/><W28/><G110/><T75/><D67/><U114/><E114/><V57/><F68/><W105/><G13/><T107/><D93/><U116/><E116/><V11/><F30/><W73/><G73/><T79/><REACH who="0" step="1"/><D107/><REACH who="0" ten="230,247,240,273" step="2"/><U45/><E94/><V16/><F38/><W32/><G95/><T74/><AGARI ba="0,1" hai="9,10,18,19,52,54,62,63,74,75,78,79,84,87" machi="74" ten="25,12000,2" yaku="1,1,2,1,0,1,22,2,54,1,53,0" doraHai="66" doraHaiUra="86" who="0" fromWho="0" sc="230,130,247,-30,240,-60,273,-30" /><INIT seed="3,0,0,1,1,29" ten="360,217,180,243" oya="3" hai0="87,94,58,5,54,33,28,45,59,127,81,76,120" hai1="95,14,131,65,61,101,82,89,64,110,47,71,18" hai2="62,1,69,52,44,31,15,90,111,93,126,32,130" hai3="79,103,34,100,30,91,21,102,106,10,11,107,135"/><W27/><G135/><T40/><D120/><U113/><E110/><V75/><F1/><W6/><G79/><T72/><D127/><U77/><E131/><V80/><F126/><W108/><G108/><T88/><D5/><U22/><E113/><V112/><F111/><W55/><G21/><T98/><D28/><U37/><E101/><V128/><F112/><W53/><G91/><T43/><D33/><U73/><E65/><V2/><F2/><W134/><G134/><T42/><D45/><U36/><REACH who="1" step="1"/><E47/><REACH who="1" ten="360,207,180,243" step="2"/><V9/><F44/><W96/><G107/><T38/><D38/><U8/><E8/><V50/><F9/><W97/><G11/><T13/><D43/><U116/><E116/><V114/><F128/><W124/><G124/><T63/><D42/><U129/><E129/><V7/><F114/><W68/><G68/><T35/><D40/><U60/><E60/><V4/><F62/><W67/><G67/><T133/><D63/><U12/><E12/><V85/><F15/><W84/><G106/><T74/><D13/><U83/><E83/><V122/><F69/><W119/><G119/><T46/><D46/><U23/><E23/><V117/><F80/><W70/><G70/><T115/><D115/><U86/><AGARI ba="0,1" hai="14,18,22,36,37,61,64,71,73,77,82,86,89,95" machi="86" ten="20,5200,0" yaku="1,1,0,1,7,1,53,1" doraHai="29" doraHaiUra="66" who="1" fromWho="1" sc="360,-13,207,62,180,-13,243,-26" /><INIT seed="4,0,0,0,1,81" ten="347,269,167,217" oya="0" hai0="65,2,115,125,23,9,71,50,90,13,49,79,34" hai1="66,128,80,121,93,8,61,32,38,0,45,21,63" hai2="31,97,108,78,7,25,6,70,15,54,5,96,135" hai3="123,53,130,98,22,107,37,48,127,67,73,52,56"/><T40/><D34/><U100/><E32/><V36/><F108/><W12/><G73/><T19/><D79/><U10/><E121/><V30/><F135/><W112/><G123/><T27/><D125/><U76/><E128/><V75/><F31/><W91/><G130/><T17/><D2/><U109/><E109/><V29/><F29/><W133/><G127/><T119/><D119/><U134/><E134/><V24/><F24/><W94/><G133/><T89/><D115/><U28/><E61/><V57/><F70/><W33/><G33/><T77/><D77/><U46/><E46/><V83/><F36/><W110/><G110/><T101/><D101/><U86/><E45/><V82/><F82/><W95/><G107/><T113/><D113/><U111/><E38/><V104/><F104/><W68/><G37/><T132/><D132/><U4/><E10/><V41/><F15/><W26/><G112/><T62/><D40/><U43/><E43/><V69/><F69/><W14/><G53/><T126/><D126/><U59/><E111/><V116/><F41/><W84/><G67/><T120/><D120/><U51/><E51/><V88/><F116/><W105/><G68/><T117/><D117/><U114/><E114/><V58/><F54/><W74/><G105/><T118/><D118/><U60/><E60/><V85/><F97/><W55/><G55/><T102/><D50/><U20/><E28/><V35/><REACH who="2" step="1"/><F96/><REACH who="2" ten="347,269,157,217" step="2"/><W124/><G124/><T11/><D71/><U103/><E80/><V39/><F39/><W122/><G122/><T64/><D13/><U72/><E0/><RYUUKYOKU ba="0,1" sc="347,-10,269,-10,157,30,217,-10" hai2="5,6,7,25,30,35,57,58,75,78,83,85,88" /><INIT seed="5,1,1,4,2,119" ten="337,259,187,207" oya="1" hai0="3,103,41,51,31,123,92,19,36,53,98,50,54" hai1="33,72,34,2,35,117,11,66,9,39,30,59,79" hai2="83,17,69,0,13,46,121,16,28,101,74,25,132" hai3="110,91,88,18,43,29,122,76,127,42,55,84,100"/><U32/><E117/><V129/><F121/><W108/><G100/><T78/><D3/><U27/><E39/><V111/><F111/><W133/><G29/><T134/><D134/><U128/><E128/><V52/><F132/><W77/><G133/><T70/><D70/><U85/><E72/><V37/><F69/><W56/><G18/><T20/><D31/><U130/><E130/><V49/><F0/><W24/><G24/><T90/><D78/><U65/><E2/><V21/><F129/><W116/><G116/><T86/><D41/><U105/><E105/><V135/><F135/><W125/><G56/><T94/><D123/><U8/><REACH who="1" step="1"/><E59/><REACH who="1" ten="337,249,187,207" step="2"/><V112/><F112/><W67/><G122/><T64/><D36/><U96/><E96/><V45/><F101/><W26/><G84/><T6/><D86/><U60/><E60/><V115/><F115/><W47/><G110/><T75/><D98/><U40/><E40/><V109/><F109/><W106/><G108/><T63/><D75/><U87/><E87/><V71/><F71/><W10/><G106/><T104/><D63/><U58/><E58/><V57/><F37/><W102/><G43/><T114/><D104/><U73/><E73/><V1/><F1/><W4/><G42/><T48/><D114/><U120/><E120/><V89/><F74/><W97/><G97/><T95/><D103/><U61/><E61/><V93/><F83/><AGARI ba="1,2" hai="8,9,11,27,30,32,33,34,35,65,66,79,83,85" machi="83" ten="50,2400,0" yaku="1,1,53,0" doraHai="119" doraHaiUra="15" who="1" fromWho="2" sc="337,0,249,47,187,-27,207,0" /><INIT seed="5,2,0,1,4,95" ten="337,296,160,207" oya="1" hai0="9,128,42,112,132,35,40,125,47,88,84,70,37" hai1="85,44,27,56,115,97,15,74,43,4,22,135,104" hai2="107,2,53,102,131,46,24,127,78,113,3,57,86" hai3="92,48,126,120,73,12,98,17,66,121,33,58,82"/><U18/><E74/><V34/><F127/><W72/><G33/><T71/><D125/><U0/><E115/><V5/><F113/><W91/><G126/><T83/><D112/><U134/><E0/><V109/><F109/><W1/><G1/><T114/><D114/><U13/><E56/><V23/><F34/><W99/><G121/><T61/><D35/><U108/><E108/><V25/><F131/><W103/><G120/><T16/><D128/><U110/><E85/><V117/><F117/><W63/><G82/><T119/><D42/><U45/><E110/><V93/><F46/><W7/><G48/><T41/><D41/><U62/><E62/><V105/><F105/><W89/><G7/><T36/><D36/><U106/><E45/><V55/><F55/><W81/><G81/><T19/><D119/><U10/><E27/><V118/><F118/><W30/><G30/><T87/><D87/><U111/><E111/><V100/><F25/><W50/><G50/><T75/><D75/><U51/><REACH who="1" step="1"/><E97/><REACH who="1" ten="337,286,160,207" step="2"/><V52/><F24/><W80/><G80/><T133/><D61/><U38/><E38/><V76/><F86/><W123/><G123/><T96/><D96/><U65/><E65/><V11/><F107/><AGARI ba="2,1" hai="4,10,13,15,18,22,43,44,51,104,106,107,134,135" machi="107" ten="40,2000,0" yaku="1,1,53,0" doraHai="95" doraHaiUra="64" who="1" fromWho="2" sc="337,0,286,36,160,-26,207,0" /><INIT seed="5,3,0,4,4,70" ten="337,322,134,207" oya="1" hai0="73,27,68,130,5,134,118,51,109,69,31,80,114" hai1="45,129,32,126,92,19,2,44,3,48,77,38,54" hai2="52,13,99,35,24,103,47,0,63,98,93,6,28" hai3="14,117,128,16,4,122,104,11,29,131,108,49,88"/><U96/><E32/><V120/><F120/><W113/><G122/><T81/><D114/><U133/><E129/><V34/><F0/><W116/><G108/><T37/><D37/><U61/><E126/><V127/><F127/><W76/><G104/><T55/><D5/><U72/><E133/><V87/><F87/><W36/><G76/><T112/><D81/><U66/><E72/><V95/><F35/><W125/><G125/><T100/><D100/><U83/><E19/><V119/><F119/><N who="3" m="45643" /><G113/><T67/><D73/><U132/><E132/><V102/><F6/><W110/><G110/><T60/><D69/><U107/><E107/><V26/><F26/><W86/><G49/><T111/><D68/><U74/><E45/><V90/><F13/><W53/><G53/><T15/><D134/><U135/><E135/><V89/><REACH who="2" step="1"/><F47/><REACH who="2" ten="337,322,124,207" step="2"/><W71/><G4/><T43/><D111/><U33/><E33/><V46/><F46/><W123/><G123/><T20/><D109/><U79/><E3/><V106/><F106/><W82/><G29/><T75/><D112/><U42/><E2/><V78/><F78/><W58/><G71/><T64/><D75/><U12/><E77/><V23/><F23/><W91/><G58/><AGARI ba="3,1" hai="24,28,34,52,58,63,89,90,93,95,98,99,102,103" machi="58" ten="40,8000,1" yaku="1,1,9,1,54,1,53,2" doraHai="70" doraHaiUra="84" who="2" fromWho="3" sc="337,0,322,0,124,99,207,-89" /><INIT seed="6,0,0,2,5,127" ten="337,322,223,118" oya="2" hai0="50,66,113,16,52,45,23,111,81,26,27,49,117" hai1="13,53,24,7,124,119,12,118,110,103,43,80,37" hai2="100,32,130,4,6,59,57,97,35,89,125,28,93" hai3="82,83,76,134,101,99,55,135,114,17,9,67,86"/><V46/><F125/><W72/><G67/><T70/><D113/><U75/><E124/><V60/><F46/><W128/><G55/><T79/><D111/><U11/><E110/><V34/><F28/><W126/><G126/><T64/><D117/><U20/><E103/><V91/><F59/><W84/><G17/><T74/><D70/><U0/><E53/><V29/><F29/><W108/><G108/><T44/><REACH who="0" step="1"/><D27/><REACH who="0" ten="327,322,223,118" step="2"/><U21/><E119/><V18/><F34/><W63/><G114/><T85/><D85/><U106/><E118/><V123/><F35/><W133/><G72/><T131/><D131/><U1/><E24/><V25/><F130/><W115/><G115/><T116/><D116/><U120/><E75/><V69/><F69/><W107/><G128/><T56/><D56/><U47/><E120/><V31/><F123/><W3/><G3/><T54/><AGARI ba="0,1" hai="16,23,26,44,45,49,50,52,54,64,66,74,79,81" machi="54" ten="20,12000,2" yaku="1,1,0,1,7,1,9,1,54,2,53,0" doraHai="127" doraHaiUra="96" who="0" fromWho="0" sc="327,130,322,-30,223,-60,118,-30" /><INIT seed="7,0,0,1,2,93" ten="457,292,163,88" oya="3" hai0="75,92,66,2,17,62,13,127,134,15,33,51,61" hai1="14,73,117,55,118,38,68,49,28,97,30,40,100" hai2="35,123,57,70,58,86,107,21,34,41,19,31,111" hai3="7,94,44,135,29,85,5,120,115,43,67,36,37"/><W65/><G120/><T104/><D104/><N who="1" m="63503" /><E68/><V88/><F70/><W20/><G135/><T132/><D134/><U83/><E40/><V130/><F107/><W42/><G115/><T1/><D127/><U82/><E38/><V102/><F130/><W105/><G105/><T60/><D66/><U23/><E14/><V81/><F102/><W106/><G106/><T124/><D62/><U89/><E23/><V119/><F119/><N who="1" m="45577" /><E89/><V39/><F111/><W121/><G121/><T12/><D75/><U3/><E3/><V72/><F72/><W126/><G94/><T108/><D33/><U50/><E50/><V129/><F129/><W6/><G126/><T87/><D51/><U27/><E73/><V122/><F31/><N who="1" m="11817" /><E27/><V64/><F34/><W110/><G110/><T80/><D17/><U0/><E0/><V25/><F35/><W56/><G56/><AGARI ba="0,0" hai="49,55,56,82,83" m="11817,45577,63503" machi="56" ten="30,2000,0" yaku="12,1,52,1" doraHai="93" who="1" fromWho="3" sc="457,0,292,20,163,0,88,-20" owari="457,56.0,312,11.0,163,-24.0,68,-43.0" /></mjloggm>