<mjloggm ver="2.3"><GO type="97" lobby="0"/><UN n0="%E3%83%88%E3%83%88%E3%83%AA%E5%85%88%E7%94%9F%31%39%E6%AD%B3" n1="%E7%A7%A6%E3%81%93%E3%81%93%E3%82%8D" n2="%E8%8A%B8%E8%A1%93%E7%82%B9%E9%87%8D%E8%A6%96" n3="%E7%9C%9F%E9%BE%8D%E2%80%A6" dan="14,13,14,15" rate="1999.74,1960.20,1879.45,1926.90" sx="F,F,M,F"/><TAIKYOKU oya="0"/><INIT seed="0,0,0,0,4,80" ten="250,250,250,250" oya="0" hai0="61,124,53,59,108,78,104,112,122,117,69,135,2" hai1="125,74,87,55,102,129,132,51,83,98,49,86,65" hai2="31,13,40,35,15,0,84,96,19,63,85,43,41" hai3="72,103,60,26,97,130,34,10,20,52,71,79,18"/><T32/><RYUUKYOKU type="yao9" ba="0,0" sc="250,0,250,0,250,0,250,0" hai0="2,32,53,59,61,69,78,104,108,112,117,122,124,135" /><INIT seed="0,1,0,4,0,22" ten="250,250,250,250" oya="0" hai0="73,94,50,25,13,65,14,48,6,125,19,133,92" hai1="104,60,2,32,4,85,127,43,128,47,45,81,105" hai2="66,102,11,0,110,20,68,78,111,36,91,5,100" hai3="113,53,90,38,31,107,112,37,126,42,63,130,123"/><T10/><D73/><U27/><E127/><V135/><F135/><W109/><G107/><T54/><D133/><U122/><E128/><V75/><F91/><W120/><G31/><T129/><D129/><U56/><E4/><V86/><F86/><W9/><G9/><T119/><D119/><U87/><E2/><V23/><F36/><W30/><G30/><T35/><D125/><U96/><E96/><V83/><F66/><W52/><G90/><T116/><D116/><U71/><E71/><V29/><F68/><W39/><G42/><T101/><D65/><U99/><E99/><V16/><F29/><W72/><G72/><T124/><D124/><U98/><E98/><V15/><REACH who="2" step="1"/><F23/><REACH who="2" ten="250,250,240,250" step="2"/><W70/><G126/><T79/><D79/><U28/><E87/><V115/><F115/><N who="3" m="44107" /><G130/><T57/><D101/><AGARI ba="1,1" hai="0,5,11,15,16,20,75,78,83,100,101,102,110,111" machi="101" ten="40,2600,0" yaku="1,1,54,1,53,0" doraHai="22" doraHaiUra="134" who="2" fromWho="0" sc="250,-29,250,0,240,39,250,0" /><INIT seed="1,0,0,5,5,76" ten="221,250,279,250" oya="1" hai0="14,39,114,81,50,74,88,30,93,71,112,22,25" hai1="45,20,28,132,124,37,48,33,31,86,24,66,122" hai2="65,106,47,43,18,4,15,131,26,3,97,0,32" hai3="54,70,107,100,5,17,134,16,95,126,79,13,118"/><U9/><E122/><V119/><F119/><W130/><G70/><T27/><D39/><U80/><E124/><V78/><F131/><W98/><G126/><T83/><D71/><U40/><E132/><V73/><F65/><W59/><G134/><T117/><D117/><U109/><E66/><V72/><F106/><W8/><G130/><T135/><D135/><U2/><E109/><V75/><F97/><W12/><G118/><T36/><D36/><U113/><E113/><V92/><F92/><W63/><G107/><T85/><D74/><U120/><E120/><V128/><F128/><W69/><G69/><T49/><D114/><U60/><E60/><V57/><F57/><W19/><REACH who="3" step="1"/><G79/><REACH who="3" ten="221,250,279,240" step="2"/><T125/><D125/><U103/><E33/><V108/><F78/><W11/><AGARI ba="0,1" hai="5,8,11,12,13,16,17,19,54,59,63,95,98,100" machi="11" ten="20,12000,2" yaku="1,1,2,1,0,1,7,1,8,1,54,1,53,0" doraHai="76" doraHaiUra="104" who="3" fromWho="3" sc="221,-30,250,-60,279,-30,240,130" /><INIT seed="2,0,0,0,1,16" ten="191,190,249,370" oya="2" hai0="107,109,0,135,36,30,2,50,12,34,69,17,92" hai1="104,66,72,106,58,99,74,82,133,125,23,108,124" hai2="94,5,10,84,4,41,54,18,48,130,33,32,127" hai3="25,9,122,73,55,101,26,64,65,43,22,61,80"/><V71/><F71/><W51/><G122/><T39/><D107/><N who="1" m="41003" /><E108/><V1/><F130/><W116/><G116/><T35/><D109/><U126/><E133/><V59/><F127/><N who="1" m="32513" /><U117/><DORA hai="3" /><E117/><V60/><F1/><W45/><G101/><T40/><D69/><U70/><E99/><V120/><F120/><W113/><G113/><T105/><D105/><U67/><E82/><V81/><F94/><W76/><G26/><T83/><D135/><U57/><E23/><V132/><F32/><W37/><G61/><T19/><D92/><U90/><E90/><N who="2" m="51471" /><F33/><W85/><G9/><T119/><D83/><U118/><E118/><V20/><F10/><W129/><G73/><N who="1" m="28266" /><E70/><V46/><F132/><W47/><G129/><T42/><D119/><U27/><E27/><AGARI ba="0,0" hai="4,5,18,20,27,41,46,48,54,59,60" m="51471" machi="27" ten="30,11600,0" yaku="8,1,52,3" doraHai="16,3" who="2" fromWho="1" sc="191,0,190,-116,249,116,370,0" /><INIT seed="2,1,0,4,3,55" ten="191,74,365,370" oya="2" hai0="81,46,82,135,50,96,39,77,19,76,8,110,43" hai1="31,9,124,11,33,25,125,15,47,3,129,34,49" hai2="70,0,40,30,59,112,116,29,26,12,38,131,93" hai3="120,119,44,121,113,117,94,91,127,134,97,105,87"/><V80/><F0/><W78/><G44/><T23/><D110/><U100/><E100/><V60/><F70/><W5/><G5/><T56/><D135/><U92/><E92/><V28/><F112/><W13/><G13/><T21/><D96/><U65/><E65/><V90/><F131/><W20/><G20/><T89/><D89/><U67/><E67/><N who="2" m="39327" /><F40/><W66/><G66/><T22/><D8/><U58/><E49/><V74/><F38/><W51/><G51/><T27/><D39/><U107/><E47/><V42/><F42/><W69/><G69/><T99/><D99/><U1/><E107/><V10/><F74/><W35/><G35/><N who="1" m="13322" /><E58/><V14/><F26/><W123/><G113/><T52/><D81/><U73/><E129/><V37/><F37/><W88/><G134/><T83/><D83/><U18/><E73/><V16/><F80/><N who="3" m="47511" /><G105/><T17/><D27/><U108/><E108/><V126/><F116/><N who="3" m="44619" /><G127/><N who="1" m="48714" /><E11/><V4/><F126/><W48/><G48/><N who="0" m="26719" /><D77/><U102/><E102/><AGARI ba="1,0" hai="88,91,94,97,102,120,121,123" m="44619,47511" machi="102" ten="40,5200,0" yaku="34,2,54,1" doraHai="55" who="3" fromWho="1" sc="191,0,74,-55,365,0,370,55" /><INIT seed="3,0,0,2,4,125" ten="191,19,365,425" oya="3" hai0="94,44,83,66,89,82,29,58,63,16,47,98,27" hai1="8,62,132,43,123,135,134,116,21,122,4,90,61" hai2="52,131,48,110,124,22,38,87,106,18,11,100,13" hai3="12,20,9,92,108,57,129,31,78,23,113,84,95"/><W39/><G113/><T96/><D96/><U88/><E43/><V24/><F38/><W46/><G31/><T53/><D82/><U35/><E35/><V50/><F124/><W133/><G133/><T59/><D83/><U97/><E21/><V81/><F110/><W105/><G105/><T126/><D126/><U60/><E97/><V107/><F100/><W118/><G118/><T64/><D29/><U111/><E111/><V34/><F34/><W40/><G108/><T37/><D37/><U0/><E116/><V54/><F131/><W70/><G70/><T15/><D64/><U77/><REACH who="1" step="1"/><E77/><REACH who="1" ten="191,9,365,425" step="2"/><V1/><F1/><W79/><G78/><T10/><D27/><U71/><E71/><V103/><F103/><W114/><G79/><T85/><D98/><U73/><E73/><V127/><F127/><W109/><G40/><T17/><D17/><U128/><E128/><V30/><F107/><W36/><G129/><T14/><D14/><U99/><E99/><V7/><F106/><W69/><G12/><T42/><D42/><U117/><E117/><V25/><F48/><AGARI ba="0,1" hai="10,15,16,44,47,48,53,58,59,63,66,85,89,94" machi="48" ten="30,3900,0" yaku="7,1,8,1,54,1" doraHai="125" who="0" fromWho="2" sc="191,49,9,0,365,-39,425,0" owari="240,-16.0,9,-49.0,326,13.0,425,52.0" /></mjloggm>