<mjloggm ver="2.3"><GO type="97" lobby="0"/><UN n0="%72%69%6E%39%36%39%31" n1="%41%74%6F%6D%69%63%52" n2="%E5%B0%B1%E6%B4%BB%E7%94%9F%40%E5%B7%9D%E6%9D%91%E8%BB%8D%E5%9B%A3" n3="%70%75%63%68%61%67%6F%6E" dan="16,14,14,14" rate="2041.56,1971.81,1977.36,1988.84" sx="M,M,M,M"/><TAIKYOKU oya="0"/><INIT seed="0,0,0,0,1,7" ten="250,250,250,250" oya="0" hai0="61,75,68,100,70,39,74,91,62,37,50,38,97" hai1="126,121,78,69,9,13,19,43,8,51,5,94,49" hai2="107,14,35,113,89,11,4,56,25,127,63,32,135" hai3="106,28,55,30,92,16,44,27,105,79,54,23,34"/><T130/><D130/><U108/><E121/><V76/><F113/><W93/><G105/><T98/><D91/><U95/><E69/><V110/><F107/><W90/><G106/><T24/><D24/><U18/><E108/><V85/><F110/><W112/><G112/><T77/><D50/><U96/><E126/><V1/><F127/><W125/><G125/><T101/><REACH who="0" step="1"/><D37/><REACH who="0" ten="240,250,250,250" step="2"/><U73/><E78/><AGARI ba="0,1" hai="38,39,61,62,68,70,74,75,77,78,97,98,100,101" machi="78" ten="25,18000,2" yaku="1,1,2,1,22,2,53,2" doraHai="7" doraHaiUra="65" who="0" fromWho="1" sc="240,190,250,-180,250,0,250,0" /><INIT seed="0,1,0,0,1,128" ten="430,70,250,250" oya="0" hai0="76,5,124,91,88,60,55,13,48,120,92,86,105" hai1="96,23,113,51,64,6,100,50,43,125,104,62,72" hai2="77,83,54,132,93,110,135,117,25,114,59,38,1" hai3="119,75,7,111,39,90,101,102,52,14,20,63,99"/><T36/><D105/><U31/><E125/><V0/><F38/><W57/><G119/><T30/><D36/><U69/><E113/><V73/><F114/><W3/><G75/><T8/><D120/><U134/><E72/><V44/><F117/><W121/><G39/><T15/><D124/><U4/><E134/><N who="2" m="51243" /><F110/><W2/><G121/><T74/><D74/><U127/><E127/><V81/><F81/><W109/><G90/><T126/><D30/><U11/><E43/><V107/><F107/><W42/><G42/><T24/><D24/><U53/><E4/><V22/><F44/><W123/><G123/><T35/><D35/><U28/><E23/><V47/><F47/><W61/><G61/><T10/><D60/><U46/><REACH who="1" step="1"/><E51/><REACH who="1" ten="430,60,250,250" step="2"/><N who="2" m="31199" /><F93/><W97/><G111/><T79/><D126/><U56/><E56/><V34/><F34/><W122/><G109/><T66/><D92/><U26/><E26/><V65/><F65/><W78/><G122/><T17/><D66/><U40/><E40/><V12/><F12/><AGARI ba="1,1" hai="6,11,12,28,31,46,50,53,62,64,69,96,100,104" machi="12" ten="30,2000,0" yaku="1,1,7,1,53,0" doraHai="128" doraHaiUra="82" who="1" fromWho="2" sc="430,0,60,33,250,-23,250,0" /><INIT seed="1,0,0,3,5,6" ten="430,93,227,250" oya="1" hai0="9,94,80,96,4,120,79,60,45,85,14,28,2" hai1="112,83,103,107,108,99,19,76,125,53,91,15,98" hai2="95,35,25,104,129,97,67,100,38,10,32,8,88" hai3="116,123,61,130,26,39,18,43,7,115,82,65,124"/><U84/><E112/><V105/><F38/><W68/><G123/><T21/><D120/><U90/><E125/><V128/><F67/><W134/><G115/><T33/><D33/><U109/><E53/><V36/><F36/><W49/><G124/><T92/><D2/><U16/><E98/><V111/><F111/><N who="1" m="42569" /><E19/><V44/><F44/><W17/><G134/><T62/><D94/><U114/><E114/><V1/><F1/><W13/><G130/><N who="2" m="50281" /><F105/><W63/><G39/><T27/><D45/><U23/><AGARI ba="0,0" hai="15,16,23,76,83,84,90,91,99,103,107" m="42569" machi="23" ten="30,6000,0" yaku="14,1,10,1,54,1" doraHai="6" who="1" fromWho="1" sc="430,-20,93,60,227,-20,250,-20" /><INIT seed="1,1,0,1,5,124" ten="410,153,207,230" oya="1" hai0="67,25,13,100,118,65,38,35,131,75,133,30,99" hai1="74,112,26,122,69,10,80,88,7,123,36,43,127" hai2="78,11,44,17,116,8,23,108,101,113,58,54,85" hai3="20,66,114,12,4,45,130,28,77,5,59,50,63"/><U132/><E112/><V49/><F116/><W40/><G114/><T125/><D118/><U14/><E127/><V24/><F113/><W97/><G130/><T62/><D125/><U46/><E69/><V104/><F108/><W41/><G41/><T135/><D65/><U71/><E71/><V2/><F2/><W51/><G51/><T106/><D13/><U90/><E132/><N who="0" m="50761" /><D75/><U81/><E26/><V111/><F111/><W110/><G110/><T129/><D38/><U19/><E19/><V18/><F104/><W52/><G77/><T39/><D39/><U95/><E90/><V42/><F101/><W72/><G72/><T60/><D60/><U91/><E91/><V121/><F121/><W92/><G66/><T82/><D82/><U33/><E33/><V119/><F119/><W70/><G70/><AGARI ba="1,0" hai="25,30,35,62,67,70,99,100,106,129,131" m="50761" machi="70" ten="30,8000,1" yaku="25,1,20,1,23,1,52,2" doraHai="124" who="0" fromWho="3" sc="410,83,153,0,207,0,230,-83" /><INIT seed="2,0,0,2,3,18" ten="493,153,207,147" oya="2" hai0="29,92,64,132,59,23,48,93,85,81,97,12,42" hai1="11,118,129,122,7,0,43,62,3,53,90,67,112" hai2="111,46,5,37,41,96,128,58,101,50,123,6,32" hai3="134,100,76,49,109,28,103,130,52,40,87,110,25"/><V13/><F123/><W54/><G134/><T86/><D132/><U88/><E122/><V131/><F32/><N who="3" m="20495" /><G130/><N who="2" m="49705" /><F111/><N who="3" m="42507" /><G40/><T14/><D92/><U22/><E118/><V113/><F113/><W4/><G4/><N who="2" m="1641" /><F13/><W39/><G39/><T60/><D42/><U108/><E0/><V72/><F72/><W102/><G49/><T89/><D48/><U33/><E112/><V70/><F70/><W34/><G34/><T74/><D86/><U116/><E33/><V105/><F58/><W27/><G27/><N who="0" m="16639" /><D74/><U127/><E116/><V38/><AGARI ba="0,0" hai="37,38,41,46,50,96,101,105" m="1641,49705" machi="38" ten="30,1500,0" yaku="19,1" doraHai="18" who="2" fromWho="2" sc="493,-5,153,-5,207,15,147,-5" /><INIT seed="2,1,0,3,2,27" ten="488,148,222,142" oya="2" hai0="89,68,85,110,88,128,11,54,101,13,80,79,122" hai1="26,70,100,41,83,135,97,3,64,45,17,15,2" hai2="107,9,25,8,116,90,18,95,55,44,92,104,84" hai3="5,77,123,59,118,126,119,75,7,19,65,31,74"/><V78/><F116/><W4/><G123/><T120/><D68/><U112/><E135/><V20/><F78/><W109/><G109/><T134/><D134/><U91/><E112/><V12/><F107/><W43/><G43/><T66/><D66/><U129/><E129/><V114/><F104/><W86/><G19/><T81/><D110/><U48/><E70/><V29/><F114/><W56/><G31/><T35/><D35/><U47/><E64/><V76/><F76/><W0/><G0/><T111/><D111/><U127/><E127/><V51/><REACH who="2" step="1"/><F9/><REACH who="2" ten="488,148,212,142" step="2"/><W58/><G126/><T124/><D124/><U46/><E2/><V30/><F30/><W132/><G132/><T103/><D122/><U10/><E3/><V42/><F42/><W62/><G77/><T131/><D120/><U16/><E41/><V21/><F21/><W39/><G118/><T82/><D79/><U38/><E38/><V34/><F34/><W115/><G119/><T130/><D130/><U99/><E100/><V133/><F133/><W125/><G39/><T60/><D131/><U69/><E69/><V14/><F14/><W73/><G125/><T49/><D128/><U102/><E102/><V93/><AGARI ba="1,1" hai="8,12,18,20,25,29,44,51,55,84,90,92,93,95" machi="93" ten="20,12000,1" yaku="1,1,0,1,7,1,8,1,52,1,53,0" doraHai="27" doraHaiUra="28" who="2" fromWho="2" sc="488,-41,148,-41,212,133,142,-41" /><INIT seed="2,2,0,0,3,107" ten="447,107,345,101" oya="2" hai0="56,116,4,71,93,70,18,83,7,132,133,6,92" hai1="30,78,40,26,22,126,88,123,58,120,50,38,105" hai2="52,129,21,98,10,104,42,3,36,12,118,99,122" hai3="96,117,24,60,2,23,41,111,81,87,127,54,115"/><V53/><F122/><N who="1" m="46633" /><E105/><V44/><F118/><W31/><G117/><T74/><D116/><U39/><E126/><V14/><F129/><W75/><G111/><T63/><D18/><U128/><E128/><V59/><F53/><W17/><G127/><T121/><D121/><U11/><E78/><V69/><F69/><W43/><G2/><T82/><D71/><U91/><E11/><V73/><F73/><W119/><G119/><T62/><D70/><U61/><E50/><V15/><F104/><W20/><G75/><T108/><D74/><U113/><E113/><V13/><F21/><N who="3" m="15759" /><G96/><T89/><D108/><U95/><E40/><N who="3" m="15434" /><G17/><T33/><D33/><U34/><E34/><V51/><N who="2" m="3072" /><DORA hai="49" /><V35/><REACH who="2" step="1"/><F35/><REACH who="2" ten="447,107,335,101" step="2"/><W68/><G115/><T109/><D109/><U29/><E39/><V90/><F90/><N who="3" m="51567" /><G68/><T100/><D89/><U28/><E38/><V46/><F46/><W67/><G67/><T16/><D100/><U80/><E91/><V65/><F65/><W101/><G101/><T86/><D4/><AGARI ba="2,1" hai="3,4,10,36,42,44,51,52,59,98,99" m="3072" machi="4" ten="50,9600,0" yaku="1,1,52,1,54,1,53,0" doraHai="107,49" doraHaiUra="135,57" who="2" fromWho="0" sc="447,-102,107,0,335,112,101,0" /><INIT seed="2,3,0,0,5,90" ten="345,107,447,101" oya="2" hai0="118,21,47,127,115,108,18,35,116,96,9,29,49" hai1="110,95,16,87,46,119,102,133,105,125,28,75,59" hai2="122,80,112,22,123,0,104,31,54,55,3,92,14" hai3="134,100,26,39,5,50,58,45,73,135,56,99,71"/><V121/><F104/><N who="3" m="63519" /><G73/><T6/><D115/><U8/><E75/><V117/><F117/><N who="0" m="45162" /><D96/><N who="1" m="59679" /><E105/><V12/><F112/><W109/><G71/><T43/><D108/><U91/><E110/><V51/><F80/><W20/><G109/><T128/><D127/><U101/><E125/><V126/><F126/><W7/><G39/><T24/><D128/><U68/><E133/><N who="3" m="50698" /><G7/><T111/><D111/><U4/><E119/><V88/><F3/><W93/><G93/><T78/><D78/><U36/><E68/><V98/><F0/><W2/><G2/><N who="0" m="215" /><D43/><U13/><E36/><V89/><F89/><W40/><G5/><T130/><D49/><U41/><E101/><V131/><F131/><W76/><G76/><T15/><D47/><U60/><E28/><AGARI ba="3,0" hai="20,26,28,40,45,50,56,58" m="50698,63519" machi="28" ten="30,1000,0" yaku="20,1" doraHai="90" who="3" fromWho="1" sc="345,0,107,-19,447,0,101,19" /><INIT seed="3,0,0,1,2,10" ten="345,88,447,120" oya="3" hai0="75,59,84,12,128,23,4,111,113,63,0,120,13" hai1="110,5,6,30,91,116,47,38,125,56,109,41,132" hai2="33,73,1,70,122,39,103,28,36,92,71,52,60" hai3="15,34,62,44,79,3,102,114,77,26,58,106,104"/><W49/><G114/><T96/><D75/><U19/><E116/><V45/><F1/><W9/><G3/><T42/><D120/><U107/><E107/><V123/><F73/><W51/><G102/><T90/><D0/><U8/><E132/><V101/><F33/><W115/><G115/><T16/><D113/><U68/><E68/><N who="2" m="26155" /><F28/><W82/><G34/><T130/><D111/><N who="1" m="42507" /><E125/><V117/><F117/><W53/><G26/><N who="0" m="14695" /><D4/><U83/><E56/><N who="2" m="34823" /><F92/><W18/><G51/><T17/><D42/><U40/><E40/><N who="2" m="22663" /><F39/><W131/><G131/><N who="0" m="50219" /><D17/><U27/><E83/><V64/><F64/><W25/><G25/><T65/><D96/><U21/><E91/><V98/><F98/><W61/><G77/><T112/><D112/><U121/><E121/><AGARI ba="0,0" hai="101,103,121,122,123" m="22663,34823,26155" machi="121" ten="30,2000,0" yaku="13,1,54,1" doraHai="10" who="2" fromWho="1" sc="345,0,88,-20,447,20,120,0" owari="345,15.0,68,-43.0,467,56.0,120,-28.0" /></mjloggm>