<mjloggm ver="2.3"><GO type="97" lobby="0"/><UN n0="%E5%A4%A7%E6%A9%8B%E8%99%9A%E6%B3%89" n1="%E5%B0%B1%E6%B4%BB%E7%94%9F%40%E5%B7%9D%E6%9D%91%E8%BB%8D%E5%9B%A3" n2="%74%69%2D%68%6F%2D" n3="%63%74%32%30%30%30%68" dan="14,14,15,13" rate="1961.85,1959.34,2001.18,1886.41" sx="M,M,M,M"/><TAIKYOKU oya="0"/><INIT seed="0,0,0,5,4,11" ten="250,250,250,250" oya="0" hai0="76,100,38,58,87,133,50,105,135,91,79,131,63" hai1="45,36,3,26,51,98,119,52,103,81,24,59,108" hai2="40,122,78,44,118,43,74,21,18,106,2,112,12" hai3="41,68,64,111,80,53,27,90,96,124,34,70,97"/><T20/><D38/><U33/><E3/><V71/><F106/><W125/><G41/><T57/><D131/><U72/><E119/><V25/><F71/><W23/><G34/><T14/><D105/><U75/><E108/><V56/><F118/><W134/><G111/><T54/><D100/><U77/><E72/><V66/><F122/><W17/><G134/><T104/><D104/><U101/><E101/><V60/><F2/><W62/><G68/><T6/><D135/><U126/><E126/><N who="3" m="48746" /><G53/><N who="0" m="34255" /><D6/><U0/><E0/><V129/><F112/><W39/><G39/><T13/><D133/><U37/><E33/><V130/><F78/><N who="0" m="29738" /><D20/><U99/><E99/><V113/><F74/><W9/><G9/><T86/><D86/><AGARI ba="0,0" hai="17,23,27,62,64,70,80,86,90,96,97" m="48746" machi="86" ten="30,1000,0" yaku="18,1" doraHai="11" who="3" fromWho="0" sc="250,-10,250,0,250,0,250,10" /><INIT seed="1,0,0,3,1,2" ten="240,250,250,260" oya="1" hai0="15,104,38,76,128,24,54,109,47,123,72,80,56" hai1="77,29,9,108,50,85,124,121,90,22,16,106,55" hai2="74,132,6,91,118,53,117,62,89,57,83,115,32" hai3="37,43,26,49,93,59,21,65,127,113,87,12,7"/><U100/><E121/><V20/><F32/><W35/><G37/><T36/><D109/><U18/><E108/><V102/><F115/><W8/><G113/><T107/><D123/><U125/><E77/><V61/><F132/><W60/><G127/><N who="1" m="48714" /><E29/><V126/><F126/><W66/><G35/><T1/><D1/><U3/><E100/><V11/><F102/><W88/><G43/><T25/><D128/><U129/><E106/><V69/><F20/><W135/><G49/><T44/><D15/><N who="1" m="7279" /><E3/><V14/><F74/><W111/><G111/><T63/><D104/><U73/><E73/><V46/><F46/><W39/><G39/><T94/><D107/><U92/><E129/><V51/><F62/><W120/><G120/><T103/><D38/><U67/><E67/><V28/><F28/><W75/><G75/><T112/><D36/><U31/><E31/><V98/><F89/><W48/><G48/><T64/><D112/><U0/><E0/><V71/><F71/><W114/><G114/><T96/><D47/><N who="1" m="28127" /><E18/><V105/><F105/><W78/><G78/><T27/><REACH who="0" step="1"/><D44/><REACH who="0" ten="230,250,250,260" step="2"/><U10/><E10/><V99/><F118/><W45/><G45/><T133/><D133/><U13/><E13/><V134/><F117/><W84/><G135/><T81/><D81/><N who="1" m="49455" /><E22/><V82/><F134/><W131/><G131/><T110/><D110/><U30/><E30/><V34/><F34/><W97/><G66/><AGARI ba="0,1" hai="24,25,27,54,56,63,64,66,72,76,80,94,96,103" machi="66" ten="40,8000,1" yaku="1,1,53,3" doraHai="2" doraHaiUra="23" who="0" fromWho="3" sc="230,90,250,0,250,0,260,-80" /><INIT seed="2,0,0,5,3,70" ten="320,250,250,180" oya="2" hai0="85,58,118,104,106,89,12,54,32,97,23,47,14" hai1="69,33,125,11,36,31,27,119,49,71,46,15,96" hai2="94,80,10,17,66,117,123,116,1,6,131,99,53" hai3="0,16,92,108,41,124,101,48,25,67,64,128,65"/><V98/><F123/><W87/><G108/><T57/><D32/><U114/><E119/><V74/><F131/><W37/><G128/><T79/><D118/><U76/><E114/><V113/><F113/><W34/><G124/><T13/><D79/><U81/><E125/><V30/><F30/><W126/><G126/><T19/><D47/><U42/><E96/><V28/><F28/><W107/><G107/><T82/><D58/><U55/><E55/><V110/><F110/><W61/><G0/><T133/><D133/><U4/><REACH who="1" step="1"/><E49/><REACH who="1" ten="320,240,250,180" step="2"/><V35/><F66/><W84/><G48/><N who="0" m="30919" /><D97/><U72/><AGARI ba="0,1" hai="4,11,15,27,31,33,36,42,46,69,71,72,76,81" machi="72" ten="20,5200,0" yaku="1,1,0,1,7,1,52,1,53,0" doraHai="70" doraHaiUra="134" who="1" fromWho="1" sc="320,-13,240,62,250,-26,180,-13" /><INIT seed="3,0,0,1,5,96" ten="307,302,224,167" oya="3" hai0="61,47,38,123,16,66,49,22,60,36,51,126,117" hai1="91,30,10,88,1,116,63,50,130,35,100,128,26" hai2="133,62,72,102,41,9,0,124,108,125,118,13,42" hai3="31,14,131,76,78,113,119,59,39,70,7,121,86"/><W37/><G119/><T90/><D123/><U19/><E116/><V104/><F72/><W52/><G121/><T71/><D117/><U25/><E100/><V8/><F118/><W77/><G113/><T98/><D126/><U4/><E63/><V20/><F108/><W94/><G70/><T112/><D112/><U17/><E50/><V58/><F0/><W15/><G131/><N who="1" m="50218" /><E25/><V44/><F133/><W2/><G31/><T27/><D61/><U11/><E11/><V95/><F104/><W109/><G109/><T82/><D51/><U79/><E79/><V74/><F74/><W55/><G2/><T87/><D98/><U134/><E134/><V3/><F3/><W67/><G67/><T6/><D6/><U81/><E81/><V32/><F32/><W54/><G59/><T64/><D64/><U75/><E75/><V132/><F132/><W23/><G7/><T29/><D29/><U114/><E114/><V107/><F107/><W48/><G48/><T89/><D89/><AGARI ba="0,0" hai="1,4,10,17,19,26,30,35,88,89,91" m="50218" machi="89" ten="30,2000,0" yaku="19,1,54,1" doraHai="96" who="1" fromWho="0" sc="307,-20,302,20,224,0,167,0" owari="287,9.0,322,42.0,224,-18.0,167,-33.0" /></mjloggm>