<mjloggm ver="2.3"><GO type="41" lobby="0"/><UN n0="%E3%81%8B%E3%82%82%E3%82%81%E3%81%A1%E3%82%83%E3%82%93" n1="%63%72%61%62%69%72%64" n2="%70%6F%69%75%79%74%72%65" n3="%E5%B0%B1%E6%B4%BB%E7%94%9F%40%E5%B7%9D%E6%9D%91%E8%BB%8D%E5%9B%A3" dan="13,14,13,16" rate="1859.06,1917.18,1893.49,2094.02" sx="M,M,M,M"/><TAIKYOKU oya="0"/><INIT seed="0,0,0,0,1,21" ten="250,250,250,250" oya="0" hai0="26,23,17,9,43,44,123,93,89,94,3,79,39" hai1="64,13,34,108,91,74,54,0,110,41,114,98,69" hai2="47,59,71,68,56,51,86,88,75,40,67,106,96" hai3="4,70,105,130,38,10,120,77,135,128,90,58,102"/><T5/><D123/><U11/><E74/><V132/><F75/><W115/><G70/><T37/><D37/><U66/><E0/><V27/><F106/><W25/><G38/><T45/><D45/><U63/><E114/><V42/><F96/><W97/><G115/><T85/><D79/><U24/><E41/><V12/><F12/><W92/><G120/><T49/><D39/><U116/><E116/><V46/><F132/><W72/><G135/><T36/><D36/><U87/><E66/><V65/><F86/><W76/><G58/><T50/><D50/><U2/><E2/><V28/><F28/><W19/><G72/><T20/><D20/><U8/><E98/><V127/><F127/><W117/><G117/><T7/><D7/><U124/><E124/><V82/><F82/><AGARI ba="0,0" hai="3,5,9,17,23,26,43,44,49,82,85,89,93,94" machi="82" ten="30,2900,0" yaku="7,1,52,1" doraHai="21" who="0" fromWho="2" sc="250,29,250,0,250,-29,250,0" /><INIT seed="0,1,0,5,2,42" ten="279,250,221,250" oya="0" hai0="100,87,78,26,99,118,134,38,122,2,66,89,27" hai1="93,18,114,131,60,124,25,10,57,20,12,6,15" hai2="113,129,59,94,23,132,106,85,103,1,69,76,82" hai3="63,80,17,95,11,67,64,83,96,84,45,55,65"/><T77/><D122/><U34/><E124/><V37/><F1/><W126/><G126/><T13/><D2/><U102/><E131/><V133/><F69/><W5/><G17/><T51/><D38/><U4/><E114/><V111/><F37/><W14/><G84/><T81/><D118/><U62/><E34/><V130/><F113/><W36/><G36/><T116/><D116/><U112/><E112/><V56/><F23/><W115/><G115/><T58/><D134/><N who="2" m="51818" /><F56/><N who="3" m="35231" /><G45/><T24/><D13/><U107/><E107/><V71/><F59/><W135/><G135/><T123/><D123/><U91/><E102/><AGARI ba="1,0" hai="5,11,14,64,65,67,80,83,95,96,102" m="35231" machi="102" ten="30,1000,0" yaku="8,1" doraHai="42" who="3" fromWho="1" sc="279,0,250,-13,221,0,250,13" /><INIT seed="1,0,0,3,2,67" ten="279,237,221,263" oya="1" hai0="34,1,49,59,104,116,70,90,91,36,132,88,81" hai1="124,25,97,86,101,73,107,77,111,58,16,18,19" hai2="46,105,128,39,11,30,94,75,32,99,98,126,78" hai3="41,26,123,66,129,84,20,80,68,9,12,127,134"/><U17/><E124/><V115/><F128/><W23/><G123/><T74/><D116/><U89/><E111/><V43/><F126/><W29/><G127/><T119/><D119/><U102/><E102/><V121/><F121/><W117/><G117/><T57/><D36/><U47/><E47/><V31/><F115/><W82/><G129/><T13/><D1/><U103/><E103/><V3/><F105/><W79/><G134/><T22/><D34/><U52/><N who="1" m="4608" /><DORA hai="42" /><U50/><E25/><V51/><F51/><W8/><G41/><T10/><D104/><U44/><E44/><V4/><F32/><W61/><G12/><T5/><D70/><U87/><REACH who="1" step="1"/><E89/><REACH who="1" ten="279,227,221,263" step="2"/><N who="2" m="55631" /><F99/><W37/><G37/><T110/><D110/><U130/><E130/><V63/><F63/><W56/><G23/><T125/><D125/><U60/><E60/><V53/><F53/><W38/><G38/><T21/><D132/><U54/><E54/><V6/><F6/><W0/><G61/><T65/><D74/><U113/><E113/><V93/><F93/><W85/><G26/><T96/><D96/><U72/><E72/><V64/><F64/><W14/><G66/><T108/><D108/><U118/><E118/><V114/><F114/><W131/><G131/><T45/><D81/><AGARI ba="0,1" hai="50,52,58,73,77,81,86,87,97,101,107" m="4608" machi="81" ten="50,9600,0" yaku="1,1,54,2,53,0" doraHai="67,42" doraHaiUra="40,122" who="1" fromWho="0" sc="279,-96,227,106,221,0,263,0" /><AGARI ba="0,0" hai="3,4,11,30,31,39,43,46,75,78,81" m="55631" machi="81" ten="30,2000,0" yaku="25,1,52,1" doraHai="67,42" who="2" fromWho="0" sc="183,-20,333,0,221,20,263,0" /><INIT seed="1,1,0,5,3,81" ten="163,333,241,263" oya="1" hai0="118,98,45,114,87,128,34,69,55,66,94,75,105" hai1="129,101,18,17,78,109,36,102,72,65,44,63,27" hai2="47,51,79,133,82,131,12,125,6,16,124,14,117" hai3="50,92,38,49,20,37,35,31,108,106,73,43,2"/><U113/><E113/><V111/><F117/><W9/><G106/><T70/><D118/><U25/><E129/><V93/><F111/><W64/><G108/><T120/><D114/><U91/><E109/><V0/><F131/><W110/><G73/><T29/><D128/><U41/><E72/><V54/><F93/><W95/><G110/><T127/><D120/><U23/><E78/><V112/><F133/><W135/><G135/><T40/><D75/><U130/><E130/><V86/><F0/><W103/><G35/><T4/><D127/><U83/><E83/><V126/><F6/><W100/><G64/><T33/><D4/><U115/><E115/><V57/><F12/><W99/><G2/><T84/><D55/><U48/><E91/><V121/><F121/><W88/><G9/><T26/><D34/><U96/><E36/><V60/><F112/><W10/><G10/><T123/><D94/><U71/><REACH who="1" step="1"/><E96/><REACH who="1" ten="163,323,241,263" step="2"/><V52/><F14/><W42/><G99/><T15/><D15/><U122/><E122/><V13/><F13/><W21/><G88/><T24/><D24/><U59/><E59/><V19/><AGARI ba="1,1" hai="16,19,47,51,52,54,57,60,79,82,86,124,125,126" machi="19" ten="40,8000,1" yaku="0,1,18,1,52,1,54,2" doraHai="81" who="2" fromWho="2" sc="163,-21,323,-41,241,93,263,-21" /><INIT seed="2,0,0,1,1,21" ten="142,282,334,242" oya="2" hai0="115,5,111,122,10,49,40,13,55,27,131,23,123" hai1="125,22,120,17,66,50,114,33,44,129,18,75,39" hai2="64,119,99,1,89,56,59,127,47,16,77,113,25" hai3="109,58,14,76,85,83,90,91,135,45,35,92,118"/><V73/><F119/><W9/><G109/><T117/><D117/><U7/><E114/><V116/><F116/><W0/><G135/><T61/><D115/><U69/><E33/><V74/><F113/><W100/><G118/><T134/><D111/><U84/><E75/><V68/><F68/><W78/><G35/><T51/><D134/><U133/><E133/><V81/><F1/><W4/><G0/><T70/><D131/><U101/><E129/><V93/><F127/><W60/><G45/><T31/><D40/><U105/><E39/><V37/><F74/><W95/><G100/><T112/><D112/><U34/><E34/><V108/><F64/><W65/><REACH who="3" step="1"/><G83/><REACH who="3" ten="142,282,334,232" step="2"/><T20/><D123/><U126/><E120/><V6/><F108/><W12/><G12/><T53/><D122/><U103/><E101/><V132/><F132/><W48/><G48/><T79/><D79/><U30/><E103/><V29/><F47/><W43/><G43/><T41/><D70/><U46/><E69/><V24/><F37/><W96/><AGARI ba="0,1" hai="4,9,14,58,60,65,76,78,85,90,91,92,95,96" machi="96" ten="20,8000,1" yaku="1,1,0,1,7,1,8,1,53,1" doraHai="21" doraHaiUra="11" who="3" fromWho="3" sc="142,-20,282,-20,334,-40,232,90" /><INIT seed="3,0,0,3,4,112" ten="122,262,294,322" oya="3" hai0="106,134,53,33,96,13,58,3,82,123,32,119,63" hai1="52,62,89,130,4,121,45,8,76,60,120,127,108" hai2="59,118,135,14,95,111,38,104,17,50,81,34,133" hai3="15,90,20,55,72,107,69,131,12,102,29,35,85"/><W22/><G72/><T125/><D3/><U27/><E108/><V24/><F104/><W87/><G131/><T99/><D123/><U48/><E130/><V36/><F111/><W98/><G69/><T77/><D125/><U47/><E127/><V94/><F81/><W5/><G35/><T0/><D0/><U117/><E76/><V41/><F24/><W18/><G5/><T67/><D134/><N who="2" m="51210" /><F34/><W75/><G75/><T31/><D13/><U64/><E27/><V93/><F14/><W71/><G71/><T79/><D79/><U10/><E89/><V66/><F17/><W105/><G105/><T9/><D9/><U65/><E4/><V109/><F109/><W115/><G115/><T80/><D80/><U124/><E124/><V97/><F97/><W110/><G110/><T101/><D99/><U57/><E10/><V91/><F91/><W16/><G29/><T26/><D32/><U54/><E8/><V132/><N who="2" m="51218" /><V129/><DORA hai="2" /><F129/><W28/><G28/><T68/><D82/><U122/><E117/><V78/><F78/><W114/><G114/><T113/><D77/><U61/><E54/><N who="2" m="32215" /><F66/><AGARI ba="0,0" hai="45,47,48,52,57,60,61,62,64,65,66,120,121,122" machi="66" ten="50,8000,1" yaku="34,3,54,1" doraHai="112,2" who="1" fromWho="2" sc="122,0,262,80,294,-80,322,0" /><INIT seed="4,0,0,0,0,129" ten="122,342,214,322" oya="0" hai0="114,36,17,86,19,98,0,133,85,131,90,94,74" hai1="110,26,18,33,62,31,25,2,81,59,45,66,100" hai2="61,92,22,39,35,120,105,37,24,40,89,76,132" hai3="41,14,1,43,122,12,42,117,46,121,69,95,9"/><T128/><D0/><U32/><E2/><V103/><F120/><N who="3" m="46187" /><G69/><T27/><D36/><U101/><E110/><V7/><F132/><W118/><G46/><T63/><D74/><U70/><E45/><V10/><F76/><W4/><G95/><T8/><D114/><U71/><E81/><V44/><F105/><W23/><G23/><T130/><D19/><U72/><E72/><V53/><F103/><W15/><AGARI ba="0,0" hai="1,4,9,12,14,15,41,42,43,117,118" m="46187" machi="15" ten="40,1500,0" yaku="13,1" doraHai="129" who="3" fromWho="3" sc="122,-7,342,-4,214,-4,322,15" /><INIT seed="5,0,0,4,4,9" ten="115,338,210,337" oya="1" hai0="59,46,7,104,47,88,51,10,126,74,97,5,127" hai1="41,14,70,121,109,16,39,103,12,131,62,116,48" hai2="122,67,18,84,95,63,54,40,69,38,128,64,55" hai3="89,3,31,105,2,112,87,0,19,71,91,72,37"/><U43/><E116/><V6/><F122/><W25/><G72/><T44/><D74/><U111/><E121/><V81/><F95/><W26/><G105/><T125/><D104/><U119/><E119/><V93/><F93/><W82/><G112/><T27/><D27/><U15/><E131/><V13/><F6/><W133/><G71/><T79/><D79/><U57/><E39/><V49/><F67/><W42/><G133/><T52/><D10/><N who="1" m="6167" /><E70/><V35/><F35/><W4/><G4/><T100/><D100/><U85/><E103/><V106/><F106/><W28/><G19/><T123/><D123/><U92/><E109/><V135/><F135/><W80/><G42/><N who="1" m="15882" /><E111/><V102/><F102/><W90/><G37/><T30/><D30/><N who="3" m="11305" /><G87/><T11/><D11/><U66/><E48/><V58/><F55/><W99/><G99/><T50/><REACH who="0" step="1"/><D51/><REACH who="0" ten="105,338,210,337" step="2"/><U60/><E60/><V73/><F73/><W21/><G21/><T101/><D101/><U33/><E33/><V53/><F128/><W29/><G29/><T130/><D130/><U117/><E117/><V108/><F108/><W8/><G8/><T134/><D134/><U115/><E115/><V78/><F38/><W83/><AGARI ba="0,1" hai="0,2,3,25,26,80,82,83,89,90,91" m="11305" machi="83" ten="40,8000,1" yaku="29,2,28,2" doraHai="9" who="3" fromWho="3" sc="105,-20,338,-40,210,-20,337,90" /><INIT seed="6,0,0,2,3,67" ten="85,298,190,427" oya="2" hai0="126,91,94,29,22,9,119,70,124,38,125,98,71" hai1="77,16,35,108,31,109,34,13,83,110,121,24,27" hai2="2,7,64,33,120,58,49,10,97,89,18,106,92" hai3="17,50,107,134,19,113,128,23,11,41,118,56,15"/><V131/><F120/><W65/><G107/><T112/><D38/><U104/><E104/><V116/><F33/><W132/><G118/><T59/><D119/><U122/><E83/><V12/><F131/><W135/><G128/><T45/><D112/><U86/><E86/><V90/><F106/><W114/><G41/><T60/><D45/><U78/><E77/><V39/><F39/><W21/><G11/><T72/><D72/><U40/><E78/><V3/><F116/><W1/><G1/><T43/><D43/><U14/><E40/><V8/><F2/><W84/><G84/><T6/><D22/><N who="1" m="13383" /><E34/><V96/><F64/><W103/><G103/><T32/><D29/><U36/><E36/><V51/><F58/><W25/><G50/><T133/><D133/><U93/><E93/><AGARI ba="0,0" hai="3,7,8,10,12,18,49,51,89,90,92,93,96,97" machi="93" ten="40,2000,0" yaku="9,1" doraHai="67" who="2" fromWho="1" sc="85,0,298,-20,190,20,427,0" /><INIT seed="6,1,0,5,3,61" ten="85,278,210,427" oya="2" hai0="4,37,117,14,69,1,67,32,8,83,109,49,45" hai1="132,39,17,111,125,56,115,7,72,2,99,48,12" hai2="74,119,40,85,131,84,90,79,21,25,58,107,65" hai3="135,118,128,26,6,62,82,43,29,57,86,46,71"/><V59/><F119/><W64/><G118/><T126/><D117/><U101/><E111/><V52/><F107/><W27/><G128/><T38/><D109/><U18/><E39/><V10/><F74/><W73/><G135/><T120/><D120/><U34/><E72/><V105/><F105/><W13/><G73/><T68/><D126/><U123/><E132/><V130/><F40/><W95/><G71/><T36/><D32/><U50/><E125/><V93/><F10/><N who="3" m="4311" /><G29/><T112/><D112/><U22/><E34/><V103/><F103/><W87/><G95/><T9/><D83/><U96/><E115/><V89/><F79/><N who="3" m="46431" /><G87/><T77/><D77/><U23/><E2/><V106/><F106/><W80/><G80/><T81/><D81/><U122/><E7/><V42/><F42/><W41/><G41/><T91/><D91/><U100/><E12/><V60/><F90/><W63/><G63/><T15/><D1/><U116/><E116/><V94/><F94/><W66/><G66/><T88/><D88/><U31/><E31/><V30/><REACH who="2" step="1"/><F85/><REACH who="2" ten="85,278,200,427" step="2"/><W28/><G28/><T121/><D121/><U54/><E123/><V134/><F134/><W114/><G114/><T76/><D76/><U24/><E122/><V127/><F127/><W98/><G98/><T104/><D104/><U97/><E101/><V102/><F102/><W35/><G35/><T108/><D108/><U129/><E100/><V11/><F11/><W55/><G43/><T92/><D92/><U124/><E124/><V19/><F19/><W110/><G110/><T33/><D8/><U78/><E18/><RYUUKYOKU ba="1,1" sc="85,-15,278,-15,200,15,427,15" hai2="21,25,30,52,58,59,60,65,84,89,93,130,131" hai3="26,27,46,55,57,62,64" /><INIT seed="6,2,1,3,0,47" ten="70,263,215,442" oya="2" hai0="3,134,23,54,131,97,88,27,20,5,62,84,55" hai1="98,112,87,99,6,77,93,16,116,61,119,25,42" hai2="40,120,51,89,60,135,125,70,113,74,68,122,91" hai3="105,63,123,46,9,96,73,28,4,71,19,31,0"/><V30/><F74/><W104/><G123/><T72/><D72/><U56/><E112/><V8/><F113/><W80/><G19/><T34/><D131/><U103/><E42/><V48/><F135/><W129/><G129/><T101/><D134/><U81/><E6/><V43/><F125/><W11/><G11/><T79/><D79/><U90/><E25/><V64/><F30/><W38/><G31/><T14/><D3/><U29/><E29/><V26/><F26/><W132/><G28/><T95/><D34/><U52/><REACH who="1" step="1"/><E16/><REACH who="1" ten="70,253,215,442" step="2"/><V128/><F128/><W12/><G4/><T66/><D27/><U130/><E130/><V133/><F133/><W1/><G1/><T33/><D33/><U115/><E115/><V76/><F8/><W49/><G9/><T15/><D15/><U110/><E110/><V50/><F76/><W7/><G12/><T75/><D75/><U83/><E83/><V127/><F127/><W126/><G7/><T24/><D5/><U108/><E108/><V41/><F91/><W94/><G0/><T44/><D14/><U117/><E117/><V107/><F89/><W32/><G32/><T37/><D24/><U106/><AGARI ba="2,2" hai="52,56,61,77,81,87,90,93,98,99,103,106,116,119" machi="106" ten="20,8000,1" yaku="1,1,0,1,7,1,54,1,53,1" doraHai="47" doraHaiUra="58" who="1" fromWho="1" sc="70,-22,253,106,215,-42,442,-22" /><INIT seed="7,0,0,3,4,75" ten="48,359,173,420" oya="3" hai0="82,66,72,68,129,99,104,51,5,115,0,103,110" hai1="107,128,17,45,74,135,64,93,102,77,36,53,90" hai2="59,81,92,62,47,48,73,109,32,11,13,34,134" hai3="118,78,20,117,26,40,70,119,101,49,89,123,116"/><W31/><G123/><T16/><D110/><U58/><E128/><V57/><F109/><W61/><G101/><T30/><D129/><U46/><E135/><V108/><F134/><W41/><G78/><T96/><D115/><U55/><E64/><V87/><F73/><W12/><G89/><T56/><D99/><U43/><E46/><V37/><F37/><W10/><G116/><T27/><D5/><U131/><E131/><V105/><F105/><W4/><G49/><T39/><D39/><U97/><E17/><V8/><F8/><W106/><G106/><T18/><D0/><U124/><E124/><V121/><F92/><W65/><AGARI ba="0,0" hai="4,10,12,20,26,31,40,41,61,65,70,117,118,119" machi="65" ten="40,2100,0" yaku="0,1" doraHai="75" who="3" fromWho="3" sc="48,-7,359,-7,173,-7,420,21" owari="41,-46.0,352,15.0,166,-23.0,441,54.0" /></mjloggm>