<mjloggm ver="2.3"><GO type="97" lobby="0"/><UN n0="%E5%B0%B1%E6%B4%BB%E7%94%9F%40%E5%B7%9D%E6%9D%91%E8%BB%8D%E5%9B%A3" n1="%E3%80%8A%E6%84%9B%E7%94%9F%E3%80%8B" n2="%E3%81%9F%E3%81%84%E3%82%89%E3%81%9F%E3%81%84%E3%81%AF%E3%82%93" n3="%E5%90%89%E5%B7%9D%E3%81%8D%E3%81%8F" dan="15,14,14,14" rate="2073.37,1966.54,1961.29,1880.22" sx="M,M,M,F"/><TAIKYOKU oya="0"/><INIT seed="0,0,0,5,3,102" ten="250,250,250,250" oya="0" hai0="9,36,124,109,74,83,127,121,52,88,125,29,53" hai1="64,116,13,45,77,110,97,38,108,76,113,41,19" hai2="101,96,123,46,33,5,100,103,85,12,71,17,0" hai3="126,35,34,104,69,114,128,14,134,90,63,120,79"/><T49/><D121/><U132/><E116/><V66/><F123/><W43/><G120/><T118/><D36/><U57/><E132/><V8/><F33/><W16/><G134/><T31/><D118/><U30/><E30/><N who="0" m="11273" /><D109/><N who="1" m="42091" /><E113/><V25/><F85/><W135/><G114/><T27/><D27/><U56/><E97/><V26/><F46/><W37/><G135/><T40/><D9/><N who="1" m="6575" /><E56/><V55/><F55/><N who="0" m="21066" /><D74/><U107/><E107/><V105/><F71/><W89/><G104/><T80/><D88/><U84/><E84/><V75/><F75/><W78/><G128/><T117/><D117/><U22/><E22/><V28/><F66/><W32/><G37/><T48/><D40/><U47/><E47/><V24/><REACH who="2" step="1"/><F28/><REACH who="2" ten="250,250,240,250" step="2"/><W95/><G69/><T3/><D3/><U129/><E129/><V86/><F86/><W20/><G34/><T94/><D94/><U51/><E64/><V99/><F99/><W11/><G32/><T92/><D92/><U21/><E45/><V82/><F82/><AGARI ba="0,1" hai="48,49,80,82,83,124,125,127" m="21066,11273" machi="82" ten="40,12000,1" yaku="28,2,18,1,54,1" doraHai="102" who="0" fromWho="2" sc="250,130,250,0,240,-120,250,0" /><INIT seed="0,1,0,5,5,53" ten="380,250,120,250" oya="0" hai0="43,17,82,48,45,36,27,70,104,14,67,0,3" hai1="1,99,66,56,105,97,51,112,86,92,31,10,83" hai2="108,71,4,109,38,18,28,39,52,44,40,135,124" hai3="95,77,98,126,5,93,13,7,11,101,37,78,125"/><T96/><D27/><U29/><E112/><V30/><F71/><W72/><G37/><T80/><D70/><U87/><E105/><V110/><F38/><W107/><G72/><T26/><D26/><U64/><E1/><V9/><F135/><W103/><G5/><T49/><D67/><N who="1" m="25643" /><E10/><V117/><F124/><N who="3" m="47723" /><G103/><T127/><D127/><U35/><E35/><V100/><F100/><W42/><G42/><T60/><D60/><U57/><E51/><N who="2" m="28775" /><F117/><W22/><G22/><T61/><D61/><U54/><E54/><V88/><F18/><W19/><G7/><T15/><D17/><U21/><E21/><V81/><F40/><W62/><G62/><T58/><D45/><U55/><E55/><V75/><F39/><W76/><AGARI ba="1,0" hai="11,13,19,76,77,78,93,95,98,101,107" m="47723" machi="76" ten="30,1100,0" yaku="18,1" doraHai="53" who="3" fromWho="3" sc="380,-6,250,-4,120,-4,250,14" /><INIT seed="1,0,0,2,5,101" ten="374,246,116,264" oya="1" hai0="86,72,103,28,107,102,131,93,22,62,134,99,56" hai1="15,49,96,58,135,53,6,84,45,30,52,81,122" hai2="61,123,27,126,78,79,57,109,132,36,51,48,38" hai3="17,110,75,83,26,88,19,43,71,35,97,116,47"/><U8/><E135/><V90/><F123/><W33/><G116/><T124/><D72/><U11/><E122/><V89/><F132/><W127/><G127/><T113/><D113/><U117/><E117/><V34/><F126/><W70/><G110/><T121/><D121/><U74/><E74/><V119/><F119/><W31/><G35/><T60/><D131/><U129/><E129/><V114/><F114/><W4/><G4/><T133/><D124/><U95/><E11/><V16/><F109/><W9/><G9/><T115/><D62/><N who="1" m="36167" /><E30/><V44/><F36/><W46/><G46/><T76/><D115/><U106/><E106/><V105/><F105/><W10/><G10/><T54/><D107/><U0/><E0/><V21/><F34/><W64/><G64/><T23/><D103/><N who="1" m="60831" /><E84/><V1/><F1/><W50/><G70/><T94/><D28/><U3/><E3/><V25/><F25/><W12/><G71/><T108/><D108/><U18/><E81/><V69/><F69/><W55/><G75/><T66/><D134/><U100/><E100/><V85/><F38/><W37/><G37/><T7/><D133/><U91/><E91/><N who="2" m="34827" /><F85/><W29/><G33/><T68/><D68/><U39/><E39/><V112/><F112/><W65/><G31/><T42/><D86/><U14/><E14/><V24/><F24/><W130/><G12/><T128/><D102/><U59/><E6/><V125/><F125/><W77/><G26/><T63/><D7/><U87/><E87/><V5/><F5/><W13/><G13/><T104/><D104/><U20/><E20/><RYUUKYOKU ba="0,0" sc="374,-10,246,30,116,-10,264,-10" hai1="8,15,18,45,49,53,59" /><INIT seed="1,1,0,5,3,129" ten="364,276,106,254" oya="1" hai0="103,10,57,40,66,62,107,39,4,123,54,88,131" hai1="20,13,53,49,118,44,35,46,1,60,9,82,34" hai2="130,64,28,92,50,116,94,96,73,98,99,68,58" hai3="23,12,65,115,112,85,135,63,55,43,81,26,56"/><U128/><E118/><V113/><F116/><W121/><G121/><T83/><D131/><U72/><E128/><V5/><F68/><W61/><G43/><T101/><D123/><U0/><E0/><V114/><F5/><W18/><G12/><N who="0" m="5191" /><D39/><U86/><E1/><V30/><F130/><W37/><G37/><T91/><D107/><U24/><E72/><V15/><F73/><W100/><G100/><N who="0" m="38475" /><D40/><U69/><E69/><V45/><F15/><W127/><G127/><T97/><D97/><N who="2" m="24834" /><V125/><DORA hai="122" /><F125/><W70/><REACH who="3" step="1"/><G135/><REACH who="3" ten="364,276,106,244" step="2"/><T133/><D133/><U87/><E44/><V89/><F114/><W104/><G104/><T41/><D41/><U48/><E46/><V80/><F113/><W16/><G16/><T76/><D66/><U27/><E35/><V6/><F6/><W25/><G25/><T79/><D83/><U3/><E34/><V117/><F117/><W106/><G106/><T21/><D21/><U90/><E27/><V74/><F74/><W32/><G32/><T71/><D71/><U108/><E13/><V51/><F28/><W84/><G84/><T111/><D111/><U36/><E87/><N who="2" m="50407" /><F30/><W126/><G126/><T132/><D132/><U120/><E108/><V33/><F33/><W78/><AGARI ba="1,1" hai="18,23,26,55,56,61,63,65,70,78,81,85,112,115" machi="78" ten="20,2700,0" yaku="1,1,0,1,7,1,53,0" doraHai="129,122" doraHaiUra="134,105" who="3" fromWho="3" sc="364,-8,276,-14,106,-8,244,40" /><INIT seed="2,0,0,4,3,34" ten="356,262,98,284" oya="2" hai0="71,109,14,55,25,20,93,8,10,33,119,87,76" hai1="110,49,67,133,36,106,26,90,79,5,121,61,97" hai2="39,88,82,105,112,44,131,130,77,28,31,64,117" hai3="86,4,70,11,118,129,38,72,101,104,114,126,124"/><V108/><F117/><W73/><G118/><T0/><D0/><U24/><E110/><V66/><F105/><W89/><G38/><T75/><D75/><U17/><E36/><V135/><F112/><W134/><G134/><T2/><D71/><U19/><E133/><V111/><F135/><W83/><G70/><T100/><D2/><U43/><E79/><V95/><F39/><W58/><G58/><T46/><D33/><U132/><E5/><V32/><F44/><W41/><G41/><T122/><D109/><N who="2" m="42058" /><F32/><W57/><G57/><T47/><D119/><U128/><E121/><V22/><F22/><W56/><G56/><T45/><D55/><U120/><E128/><N who="2" m="49195" /><F82/><W30/><G129/><T81/><D14/><U125/><E120/><V51/><F51/><W23/><G114/><T99/><D122/><U107/><E49/><V80/><F80/><W74/><G30/><AGARI ba="0,0" hai="8,10,20,25,30,45,46,47,76,81,87,93,99,100" machi="30" ten="40,1300,0" yaku="8,1" doraHai="34" who="0" fromWho="3" sc="356,13,262,0,98,0,284,-13" /><INIT seed="3,0,0,4,1,69" ten="369,262,98,271" oya="3" hai0="61,86,42,38,34,31,73,103,19,62,13,133,23" hai1="12,114,126,64,116,79,100,92,117,122,52,18,39" hai2="46,132,44,77,119,127,94,81,25,57,98,60,21" hai3="130,14,131,15,129,30,91,32,125,5,24,76,84"/><W27/><G125/><T105/><D73/><U87/><E114/><V75/><F119/><N who="1" m="45641" /><E122/><V118/><F132/><W58/><G58/><T11/><D133/><U128/><E126/><V45/><F127/><W72/><G5/><T4/><D42/><U8/><E64/><V70/><F70/><W85/><G72/><T40/><D40/><U37/><E128/><V89/><F118/><W108/><G108/><T51/><D38/><U99/><E52/><V43/><F43/><W35/><G35/><T56/><D103/><U6/><E6/><V101/><F46/><W120/><G120/><T50/><D105/><U134/><E134/><V93/><F93/><N who="3" m="54503" /><G24/><N who="0" m="18791" /><D86/><U97/><E97/><V78/><F78/><W74/><G74/><T26/><D26/><U110/><E110/><V10/><F10/><W135/><G135/><T111/><D111/><U107/><E107/><V54/><REACH who="2" step="1"/><F101/><REACH who="2" ten="369,262,88,271" step="2"/><W0/><G0/><N who="0" m="391" /><D56/><U16/><E79/><V3/><F3/><W80/><AGARI ba="0,1" hai="14,15,27,30,32,76,80,85,129,130,131" m="54503" machi="80" ten="40,2100,0" yaku="19,1" doraHai="69" who="3" fromWho="3" sc="369,-7,262,-7,88,-7,271,31" /><INIT seed="3,1,0,2,4,135" ten="362,255,81,302" oya="3" hai0="3,130,45,47,54,129,33,72,118,120,86,82,6" hai1="111,133,62,17,104,32,29,4,1,65,13,52,110" hai2="26,128,105,92,102,27,5,73,46,68,7,10,16" hai3="103,25,106,50,35,31,56,19,113,55,49,61,66"/><W42/><G113/><T117/><D33/><U58/><E104/><V41/><F128/><N who="0" m="49258" /><D72/><U114/><E114/><V124/><F105/><W8/><G42/><T2/><D120/><U131/><E131/><V87/><F73/><W14/><G106/><T96/><D96/><U67/><E133/><V23/><F68/><W59/><REACH who="3" step="1"/><G103/><REACH who="3" ten="362,255,81,292" step="2"/><T24/><D117/><U74/><E74/><V64/><F124/><W38/><G38/><T125/><D125/><U76/><E76/><V75/><F75/><W22/><G22/><T126/><D126/><U43/><E43/><V0/><F64/><W71/><G71/><T36/><D118/><U51/><E67/><V115/><F115/><W109/><G109/><T12/><D36/><U85/><E111/><V100/><F7/><W127/><G127/><T134/><D54/><U69/><E110/><V40/><F40/><W60/><AGARI ba="1,1" hai="8,14,19,25,31,35,49,50,55,56,59,60,61,66" machi="60" ten="20,3900,0" yaku="1,1,0,1,7,1,53,0" doraHai="135" doraHaiUra="99" who="3" fromWho="3" sc="362,-14,255,-14,81,-14,292,52" /><INIT seed="3,2,0,3,2,9" ten="348,241,67,344" oya="3" hai0="128,10,82,58,120,132,93,54,79,109,122,12,6" hai1="56,106,38,47,25,23,103,66,94,62,101,3,75" hai2="50,130,90,43,55,8,74,118,65,51,83,123,78" hai3="64,117,77,105,115,129,114,99,69,31,71,125,134"/><W34/><G34/><T32/><D32/><U104/><E75/><V110/><F123/><W80/><G117/><T29/><D29/><U124/><E3/><V33/><F130/><W30/><G129/><T133/><D93/><U45/><E124/><V22/><F118/><W17/><G125/><T15/><D15/><U27/><E38/><V67/><F110/><W35/><G134/><N who="0" m="51819" /><D109/><U11/><E11/><V37/><F33/><W0/><G17/><T91/><D91/><U131/><E131/><V100/><F100/><N who="1" m="38473" /><E106/><V4/><F90/><W28/><G0/><T57/><D128/><U52/><E104/><V21/><F50/><W88/><G105/><T86/><D58/><N who="1" m="37207" /><E94/><V97/><F97/><W96/><G35/><T81/><D81/><U7/><E7/><V13/><F65/><W24/><G24/><N who="1" m="9290" /><E23/><V87/><F74/><W127/><G127/><T18/><D6/><U70/><E70/><V89/><F67/><W113/><G64/><T126/><D126/><U107/><E107/><V40/><F37/><W121/><G121/><T53/><D53/><U68/><E68/><V49/><F89/><W5/><G5/><T116/><D116/><U16/><E16/><V36/><F36/><W92/><G99/><T42/><D42/><N who="2" m="15914" /><F49/><AGARI ba="2,0" hai="10,12,18,49,54,57,79,82,86,120,122" m="51819" machi="49" ten="30,2000,0" yaku="20,1,52,1" doraHai="9" who="0" fromWho="2" sc="348,26,241,0,67,-26,344,0" /><AGARI ba="2,0" hai="45,47,49,52,56" m="9290,37207,38473" machi="49" ten="30,2000,0" yaku="8,1,54,1" doraHai="9" who="1" fromWho="2" sc="374,0,241,20,41,-20,344,0" owari="374,48.0,261,-14.0,21,-48.0,344,14.0" /></mjloggm>