<mjloggm ver="2.3"><GO type="169" lobby="0"/><UN n0="%6D%61%2D%62%6F%33%35" n1="%E3%82%A6%E3%83%AB%E3%83%88%E3%83%A9%E7%AB%8B%E7%9B%B4" n2="%72%6F%61%73%73%6F%32%38" n3="%E3%82%AB%E3%83%AA%E3%83%95%E3%82%A9%E3%83%AB%E3%83%8B%E3%82%A2%E9%A2%A8" dan="16,18,16,17" rate="2053.41,2208.11,2109.47,2144.32" sx="M,M,M,M"/><TAIKYOKU oya="0"/><INIT seed="0,0,0,0,3,102" ten="250,250,250,250" oya="0" hai0="68,48,133,53,62,70,61,63,108,1,85,113,24" hai1="78,37,103,122,13,109,130,115,104,96,74,117,54" hai2="110,34,43,135,57,127,119,131,41,21,79,87,120" hai3="49,60,124,72,26,47,29,82,84,107,45,94,38"/><T40/><D1/><U44/><E117/><V36/><F21/><W30/><G72/><T66/><D113/><U89/><E122/><V31/><F87/><W101/><G30/><T6/><D6/><U134/><E115/><V112/><F79/><W69/><G94/><T59/><D85/><U65/><E109/><V93/><F93/><W22/><G38/><T55/><D24/><U20/><E130/><V19/><F19/><W11/><G124/><T51/><D133/><U121/><E121/><V99/><F57/><W100/><G11/><T33/><D33/><U73/><E134/><V10/><F43/><W95/><G95/><T128/><D128/><U91/><E65/><V25/><F41/><W0/><G0/><T4/><D4/><U16/><E37/><V116/><F10/><W3/><G3/><T90/><D90/><U35/><E35/><V92/><F92/><W32/><G22/><T42/><D108/><U118/><E118/><V71/><F25/><W98/><G49/><N who="0" m="19019" /><D53/><U75/><E78/><V50/><F99/><W18/><G101/><T5/><D5/><U64/><E64/><AGARI ba="0,0" hai="40,42,55,59,61,62,63,64,66,68,70" m="19019" machi="64" ten="30,12000,1" yaku="35,5" doraHai="102" who="0" fromWho="1" sc="250,120,250,-120,250,0,250,0" /><INIT seed="0,1,0,3,5,21" ten="370,130,250,250" oya="0" hai0="119,39,90,1,72,71,58,92,11,123,33,36,26" hai1="96,19,115,41,77,76,57,10,38,78,55,102,113" hai2="94,89,104,60,80,40,43,87,122,15,23,0,42" hai3="59,22,24,105,74,49,118,37,44,28,111,54,17"/><T51/><D71/><U69/><E69/><V73/><F122/><W120/><G74/><T103/><D72/><U134/><E134/><V5/><F0/><W85/><G105/><T67/><D123/><U129/><E129/><V116/><F116/><W18/><G120/><T16/><D119/><U32/><E32/><V135/><F135/><W117/><G111/><T64/><D103/><U99/><E41/><V97/><F60/><W101/><G101/><T131/><D131/><U126/><E38/><V8/><F23/><W46/><G117/><T31/><D36/><U70/><E70/><V121/><F121/><W7/><G7/><T6/><D39/><U98/><E102/><N who="2" m="62543" /><F43/><W86/><G118/><T35/><D35/><U61/><E126/><V75/><F75/><W125/><G125/><T52/><REACH who="0" step="1"/><D16/><REACH who="0" ten="360,130,250,250" step="2"/><U63/><E19/><V50/><F73/><W14/><G37/><T12/><D12/><U2/><E2/><V34/><F34/><W25/><G18/><T84/><AGARI ba="1,1" hai="1,6,11,26,31,33,51,52,58,64,67,84,90,92" machi="84" ten="20,12000,1" yaku="1,1,0,1,7,1,52,1,54,1,53,0" doraHai="21" doraHaiUra="93" who="0" fromWho="0" sc="360,133,130,-41,250,-41,250,-41" /><INIT seed="0,2,0,1,4,13" ten="493,89,209,209" oya="0" hai0="57,79,129,44,71,87,89,59,103,127,15,66,10" hai1="115,42,3,4,61,6,48,107,116,25,83,117,30" hai2="120,130,126,58,98,90,106,119,105,131,31,11,97" hai3="8,70,133,114,72,39,60,40,95,69,52,80,74"/><T7/><D127/><U102/><E115/><V125/><F120/><W123/><G114/><T99/><D79/><U12/><E3/><V128/><F31/><W28/><G123/><T81/><D129/><U76/><E61/><V9/><F58/><W2/><G28/><T22/><D44/><U85/><E102/><V16/><F119/><W29/><G29/><T65/><D71/><U73/><E107/><N who="2" m="40971" /><F90/><W41/><G70/><T20/><D59/><U27/><E73/><V88/><F11/><W23/><G74/><T50/><D50/><U49/><E48/><V100/><F100/><W104/><G104/><T101/><D57/><U132/><E27/><V91/><F91/><W78/><G69/><T77/><D103/><U121/><E121/><V36/><F36/><W38/><G39/><T63/><D101/><U124/><E4/><V43/><F43/><W110/><G40/><T5/><D5/><U55/><E42/><V32/><F32/><W94/><G41/><T118/><D118/><U46/><E117/><V24/><F88/><W75/><G38/><T0/><D63/><U64/><E116/><V18/><F9/><W14/><G8/><T108/><D0/><U19/><E6/><V37/><F24/><W135/><G2/><T47/><D47/><U86/><E64/><N who="0" m="24681" /><D108/><U56/><E46/><V53/><F53/><W84/><G110/><T34/><D34/><N who="1" m="20815" /><E86/><V111/><F37/><W51/><G60/><T113/><D113/><U21/><E124/><N who="2" m="47723" /><F111/><W67/><G67/><T96/><D89/><U33/><E33/><V1/><F1/><W35/><G35/><RYUUKYOKU ba="2,0" sc="493,10,89,10,209,10,209,-30" hai0="7,10,15,20,22,77,81,87,96,99" hai1="12,19,21,49,55,56,76,83,85,132" hai2="16,18,97,98,128,130,131" /><INIT seed="0,3,0,5,4,46" ten="503,99,219,179" oya="0" hai0="74,133,29,57,68,89,58,25,125,67,11,80,75" hai1="110,92,131,35,44,103,72,7,88,1,69,42,94" hai2="9,73,48,15,96,112,135,104,117,33,118,62,12" hai3="64,32,53,21,101,34,56,87,24,132,31,18,95"/><T8/><D74/><U45/><E35/><V0/><F33/><W90/><G132/><T127/><D133/><U19/><E69/><V111/><F135/><W115/><G115/><T91/><D68/><U54/><E72/><V40/><F73/><W28/><G64/><T20/><D8/><U93/><E110/><V4/><F112/><W30/><REACH who="3" step="1"/><G101/><REACH who="3" ten="503,99,219,169" step="2"/><T78/><D67/><U108/><E103/><N who="2" m="62567" /><F111/><W65/><G65/><T126/><D11/><U38/><E108/><V49/><F62/><AGARI ba="3,1" hai="18,21,24,28,30,31,32,34,53,56,62,87,90,95" machi="62" ten="40,2600,0" yaku="1,1,53,1" doraHai="46" doraHaiUra="52" who="3" fromWho="2" sc="503,0,99,0,219,-35,169,45" /><INIT seed="1,0,0,1,3,20" ten="503,99,184,214" oya="1" hai0="28,56,96,52,7,33,36,133,41,72,22,3,108" hai1="15,75,105,39,115,82,63,45,118,130,14,92,124" hai2="80,132,97,26,69,59,125,117,34,110,116,98,2" hai3="90,19,101,88,0,109,126,9,71,30,61,114,16"/><U1/><E1/><V6/><F69/><W65/><G114/><T107/><D72/><U123/><E105/><V53/><F110/><W77/><G77/><T54/><D33/><U87/><E115/><V106/><F132/><W84/><G101/><T25/><D108/><U24/><E123/><V68/><F68/><W86/><G109/><T47/><D133/><U120/><E120/><V37/><F37/><W38/><G38/><T40/><D40/><U131/><E118/><V12/><F2/><W46/><G46/><T100/><REACH who="0" step="1"/><D56/><REACH who="0" ten="493,99,184,214" step="2"/><U58/><E75/><V128/><F34/><W43/><G43/><T112/><D112/><U95/><E39/><V76/><F59/><W10/><G71/><T4/><D4/><U11/><E45/><V104/><F6/><W50/><G126/><T85/><D85/><U21/><E124/><V55/><F125/><W51/><G86/><T103/><D103/><U60/><E58/><V127/><F127/><W73/><G84/><T49/><D49/><U135/><E135/><V134/><F134/><W57/><G51/><T89/><D89/><U102/><E102/><V64/><F117/><W27/><G50/><T94/><D94/><N who="1" m="35883" /><E87/><V13/><F116/><W74/><G73/><T18/><D18/><N who="3" m="6697" /><G74/><T129/><D129/><N who="1" m="49163" /><E82/><V111/><F106/><W91/><G90/><T67/><D67/><U79/><E79/><V66/><F104/><W93/><G91/><T31/><D31/><N who="1" m="17807" /><E11/><AGARI ba="0,1" hai="3,7,11,22,25,28,36,41,47,52,54,96,100,107" machi="11" ten="40,8000,1" yaku="1,1,52,1,54,1,53,1" doraHai="20" doraHaiUra="5" who="0" fromWho="1" sc="493,90,99,-80,184,0,214,0" /><INIT seed="2,0,0,0,3,133" ten="583,19,184,214" oya="2" hai0="14,80,19,32,62,89,1,34,3,60,55,13,104" hai1="115,56,74,41,40,59,127,10,22,86,70,117,21" hai2="81,85,36,4,45,47,57,105,75,39,72,95,73" hai3="18,61,120,110,132,118,83,111,0,87,31,77,42"/><V37/><F105/><W131/><G0/><T82/><D104/><U92/><E70/><V2/><F95/><W68/><G120/><T90/><D55/><U24/><E74/><V9/><REACH who="2" step="1"/><F57/><REACH who="2" ten="583,19,174,214" step="2"/><N who="1" m="22089" /><E117/><V124/><F124/><W7/><G118/><T50/><D50/><U134/><E115/><V108/><F108/><W112/><G112/><T88/><D89/><AGARI ba="0,1" hai="2,4,9,36,37,39,45,47,72,73,75,81,85,89" machi="89" ten="50,2400,0" yaku="1,1,53,0" doraHai="133" doraHaiUra="126" who="2" fromWho="0" sc="583,-24,19,0,174,34,214,0" /><INIT seed="2,1,0,5,5,7" ten="559,19,208,214" oya="2" hai0="133,127,67,1,122,57,27,105,78,36,40,34,70" hai1="121,119,64,54,117,109,123,94,130,83,5,6,134" hai2="18,35,58,100,88,114,110,61,21,20,65,14,45" hai3="53,120,42,126,125,135,29,79,43,44,0,49,13"/><V73/><F114/><W108/><G0/><T10/><D57/><U104/><E104/><V115/><F115/><W80/><G120/><N who="1" m="46154" /><E83/><V16/><F35/><W46/><G29/><T56/><D56/><U99/><E64/><V92/><F73/><W41/><G108/><T26/><D26/><U124/><E109/><V19/><F110/><W97/><G97/><T95/><D95/><U8/><E124/><N who="3" m="47722" /><G13/><T28/><D78/><U25/><E130/><V85/><F100/><W129/><G129/><T51/><D51/><U131/><E131/><V38/><F38/><N who="3" m="21559" /><G135/><T71/><D133/><U77/><E77/><V15/><F45/><W17/><G17/><AGARI ba="1,0" hai="14,15,16,17,18,19,20,21,58,61,65,85,88,92" machi="17" ten="40,12000,1" yaku="9,1,8,1,54,2" doraHai="7" who="2" fromWho="3" sc="559,0,19,0,208,123,214,-123" /><INIT seed="2,2,0,3,4,51" ten="559,19,331,91" oya="2" hai0="17,25,110,76,71,24,41,108,37,126,46,93,112" hai1="32,111,12,2,72,6,66,132,109,101,102,135,40" hai2="129,87,113,69,77,38,85,83,79,133,52,78,27" hai3="3,124,114,44,125,54,95,116,86,81,29,134,8"/><V45/><F113/><W67/><G116/><T118/><D71/><U98/><E72/><V13/><F69/><W121/><G121/><T19/><D112/><U31/><E40/><V58/><F133/><N who="1" m="51273" /><E66/><V127/><F129/><W33/><G67/><T15/><D76/><N who="2" m="29290" /><F38/><W56/><G44/><T53/><D126/><N who="3" m="48745" /><G134/><T130/><D130/><U74/><E74/><V42/><F127/><W115/><G95/><T119/><D93/><U122/><E98/><V50/><N who="2" m="29298" /><V55/><DORA hai="99" /><F83/><W21/><G33/><T43/><D37/><U39/><E2/><V82/><F82/><W70/><G70/><T62/><D46/><U60/><E122/><V96/><F96/><W63/><G81/><T91/><D91/><U80/><E80/><V20/><F13/><W22/><G114/><T84/><D15/><U11/><E39/><V59/><F42/><W28/><G86/><N who="2" m="32777" /><F55/><W106/><G115/><T92/><D84/><U131/><E131/><V14/><F14/><W104/><G106/><T5/><D92/><U16/><E6/><V75/><F75/><W128/><G104/><T97/><D97/><U23/><E32/><V117/><F117/><W90/><G128/><T36/><D36/><U10/><E10/><V0/><F0/><W48/><G8/><T73/><D73/><U30/><E11/><V9/><F9/><W94/><G3/><T120/><D120/><U47/><E12/><V105/><F105/><W57/><G94/><T89/><D119/><U107/><E107/><V35/><F35/><W49/><G90/><T1/><D118/><U100/><E100/><RYUUKYOKU ba="2,0" sc="559,-10,19,-10,331,30,91,-10" hai2="20,27,45,50,52,58,59" /><INIT seed="2,3,0,4,2,114" ten="549,9,361,81" oya="2" hai0="23,43,35,33,94,104,27,91,60,65,9,122,75" hai1="64,73,96,81,84,124,13,111,48,130,58,105,21" hai2="135,90,8,3,98,29,110,26,14,36,18,2,46" hai3="63,123,74,125,112,108,95,88,78,28,86,49,44"/><V34/><F90/><W99/><G74/><T42/><D75/><U100/><E73/><V66/><F98/><W121/><G112/><T72/><D72/><U52/><E124/><V85/><F85/><W54/><G125/><T132/><D104/><U131/><E111/><V53/><F53/><W102/><G108/><T59/><D122/><U41/><E64/><V107/><F66/><W30/><G78/><T37/><D37/><U47/><E21/><N who="2" m="11479" /><F46/><W120/><REACH who="3" step="1"/><G63/><REACH who="3" ten="549,9,361,71" step="2"/><T17/><D60/><U0/><E0/><N who="2" m="43" /><F110/><W16/><G16/><T97/><D17/><U126/><E126/><V79/><F79/><W4/><G4/><T119/><D43/><U15/><E130/><V87/><F135/><W127/><G127/><T19/><D42/><U118/><E131/><V11/><F36/><W116/><G116/><T38/><D38/><U22/><E118/><V24/><F87/><W57/><G57/><T103/><D119/><U89/><E22/><N who="2" m="15511" /><F107/><AGARI ba="3,1" hai="28,30,44,49,54,86,88,95,99,102,107,120,121,123" machi="107" ten="40,5200,0" yaku="1,1,54,1,53,1" doraHai="114" doraHaiUra="101" who="3" fromWho="2" sc="549,0,9,0,361,-61,71,71" /><INIT seed="3,0,0,1,0,54" ten="549,9,300,142" oya="3" hai0="10,17,74,80,57,76,102,24,122,52,114,53,121" hai1="16,36,56,29,38,73,49,59,112,22,128,18,86" hai2="2,64,123,21,6,0,106,118,5,26,11,132,87" hai3="20,93,14,34,45,46,50,117,61,27,63,94,48"/><W131/><G117/><T51/><D102/><U31/><E73/><V33/><F106/><W89/><G34/><T115/><D53/><U134/><E112/><N who="0" m="43049" /><D10/><U70/><E70/><V101/><F101/><W108/><G131/><T78/><D78/><U82/><E128/><V110/><F64/><W120/><G120/><T91/><D91/><N who="1" m="51671" /><E38/><V23/><F87/><W107/><G107/><T71/><D71/><U103/><E36/><V65/><F65/><W15/><G108/><T1/><D1/><N who="2" m="618" /><F118/><W68/><G68/><T88/><D88/><U100/><E134/><V43/><F43/><W7/><G89/><T37/><D37/><U8/><E103/><V99/><F99/><W9/><G9/><T95/><D95/><U69/><E69/><V47/><F47/><W104/><G104/><T129/><D129/><U58/><E100/><V130/><F110/><W124/><G94/><T39/><D39/><U40/><E8/><V72/><F130/><W66/><G93/><T111/><D111/><U133/><E133/><V4/><F132/><W25/><G66/><T67/><D67/><U119/><E119/><V19/><F72/><W116/><G116/><T96/><D96/><U32/><E32/><V35/><F123/><W105/><G105/><T97/><D97/><U41/><E18/><N who="2" m="12663" /><F11/><W84/><G84/><T30/><D17/><U135/><E135/><V98/><F98/><W90/><G90/><T62/><D62/><U109/><E109/><V113/><F113/><W79/><G63/><T3/><D3/><U75/><E75/><V83/><F83/><W60/><G61/><RYUUKYOKU ba="0,0" sc="549,15,9,-15,300,15,142,-15" hai0="24,30,51,52,57,74,76,80,121,122" hai2="4,5,6,19,21,33,35" owari="564,66.0,-6,-51.0,315,12.0,127,-27.0" /></mjloggm>