<mjloggm ver="2.3"><GO type="97" lobby="0"/><UN n0="%E3%83%88%E3%83%88%E3%83%AA%E5%85%88%E7%94%9F%31%39%E6%AD%B3" n1="%E3%81%8D%E3%81%BF%E3%81%9F%E3%81%BE%E3%81%94" n2="%E6%9D%B1%E9%A2%A8%E7%A5%9E%59%75%75%6B%69" n3="%E3%81%9B%E3%81%A3%E3%81%A1" dan="14,15,13,13" rate="2030.85,2029.95,1902.46,1912.83" sx="F,M,F,M"/><TAIKYOKU oya="0"/><INIT seed="0,0,0,1,5,71" ten="250,250,250,250" oya="0" hai0="123,82,135,92,67,46,110,43,99,130,106,42,56" hai1="73,3,84,89,31,121,115,77,32,78,25,15,4" hai2="34,30,11,81,134,47,104,105,88,58,51,44,39" hai3="8,17,79,103,68,75,6,76,80,7,33,54,22"/><T87/><D123/><U109/><E121/><V86/><F134/><W102/><G33/><T96/><D135/><U60/><E73/><V27/><F11/><W0/><G68/><T119/><D119/><U100/><E100/><V94/><F58/><W65/><G65/><T74/><D74/><U38/><E38/><V41/><F47/><W72/><G7/><T35/><D35/><U126/><E109/><V91/><REACH who="2" step="1"/><F51/><REACH who="2" ten="250,250,240,250" step="2"/><W122/><G122/><T19/><D46/><U29/><E60/><V36/><F36/><W101/><G54/><T50/><D50/><U20/><E115/><V118/><F118/><W66/><G66/><T9/><D56/><U21/><E126/><V24/><F24/><W48/><G48/><T5/><D67/><U85/><E3/><V2/><F2/><W62/><G62/><T18/><D9/><N who="1" m="4519" /><E32/><V133/><F133/><W52/><G0/><T131/><D42/><U117/><E117/><V26/><F26/><W111/><G8/><T69/><D43/><U70/><E70/><V55/><F55/><W128/><G52/><T63/><D63/><U53/><E53/><V97/><AGARI ba="0,1" hai="27,30,34,39,41,44,81,86,88,91,94,97,104,105" machi="97" ten="20,12000,2" yaku="1,1,0,1,7,1,52,1,54,1,53,1" doraHai="71" doraHaiUra="90" who="2" fromWho="2" sc="250,-60,250,-30,240,130,250,-30" /><INIT seed="1,0,0,4,4,23" ten="190,220,370,220" oya="1" hai0="52,118,68,102,126,121,51,5,117,62,41,129,61" hai1="27,112,58,15,90,114,64,2,130,113,44,70,1" hai2="35,87,94,3,12,84,98,18,111,54,67,106,66" hai3="131,9,108,14,16,79,57,21,17,135,78,85,48"/><U32/><E70/><V89/><F3/><W47/><G108/><T93/><D5/><U125/><E44/><V59/><F111/><W24/><G131/><T81/><D81/><U49/><E130/><V123/><F35/><W29/><G135/><T33/><D33/><U101/><E101/><V50/><F123/><W38/><G57/><N who="0" m="34983" /><D93/><U107/><E107/><V7/><F7/><N who="3" m="3391" /><G38/><T63/><D102/><U65/><E90/><N who="2" m="55639" /><F106/><W42/><G78/><T11/><D11/><U97/><E97/><V22/><F87/><W109/><G109/><T134/><D129/><U34/><E15/><V10/><F10/><W83/><AGARI ba="0,0" hai="16,17,21,24,29,42,47,48,79,83,85" m="3391" machi="83" ten="30,7900,0" yaku="25,1,8,1,52,1,54,1" doraHai="23" who="3" fromWho="3" sc="190,-20,220,-39,370,-20,220,79" /><INIT seed="2,0,0,2,3,3" ten="170,181,350,299" oya="2" hai0="73,88,26,46,23,76,31,67,65,72,61,107,133" hai1="0,40,114,25,70,92,9,32,35,122,37,82,41" hai2="86,118,60,30,85,125,19,14,44,4,116,50,84" hai3="102,63,42,7,8,120,110,78,66,132,55,64,123"/><V126/><F30/><W119/><G119/><T127/><D107/><U29/><E70/><V79/><F79/><W105/><G110/><T57/><D133/><U112/><E35/><V56/><F116/><W36/><G132/><T38/><D127/><N who="2" m="48650" /><F118/><W101/><G55/><T89/><D67/><U93/><E82/><V98/><F98/><W100/><G78/><T16/><D38/><U91/><E93/><V62/><F4/><W12/><G105/><T94/><D46/><U51/><E37/><V47/><F56/><W124/><G124/><T108/><D108/><U1/><E1/><V77/><F77/><W134/><G134/><T103/><D76/><U13/><E0/><V2/><F2/><W87/><G87/><N who="2" m="22273" /><V75/><DORA hai="97" /><F75/><W58/><REACH who="3" step="1"/><G66/><REACH who="3" ten="170,181,350,289" step="2"/><T27/><D73/><U17/><E122/><V69/><F69/><W11/><G11/><T49/><D72/><U5/><E41/><N who="2" m="24847" /><F47/><AGARI ba="0,1" hai="7,8,12,36,42,47,58,63,64,100,101,102,120,123" machi="47" ten="40,8000,1" yaku="1,1,52,4,53,0" doraHai="3,97" doraHaiUra="48,24" who="3" fromWho="2" sc="170,0,181,0,350,-80,289,90" /><INIT seed="3,0,0,2,5,104" ten="170,181,270,379" oya="3" hai0="46,68,23,77,127,22,85,71,36,73,45,98,135" hai1="59,96,8,133,117,105,121,111,27,7,58,72,78" hai2="131,31,82,57,132,51,9,100,0,65,86,99,18" hai3="40,25,38,37,49,43,119,3,29,87,63,103,95"/><W6/><G119/><T88/><D71/><U134/><E121/><V24/><F131/><W69/><G87/><T124/><D68/><U66/><E111/><V94/><F132/><N who="1" m="50793" /><E66/><V44/><F0/><W56/><G49/><T33/><D135/><U2/><E117/><V52/><F18/><W12/><G12/><T39/><D33/><U108/><E108/><V130/><F130/><W110/><G110/><T35/><D35/><U84/><E72/><V67/><F9/><W106/><G56/><T34/><D34/><U16/><E78/><V48/><F31/><W93/><G63/><T32/><D32/><U80/><E96/><V116/><F24/><W112/><G112/><T55/><D98/><U30/><E30/><V76/><REACH who="2" step="1"/><F116/><REACH who="2" ten="170,181,260,379" step="2"/><W4/><G25/><T15/><D15/><U79/><E105/><V17/><F17/><W92/><G29/><T21/><D124/><U123/><E123/><V62/><F62/><W28/><G28/><T118/><D127/><U60/><E60/><V83/><F83/><W47/><G3/><T90/><D118/><U13/><E27/><V61/><F61/><W42/><G106/><T128/><D128/><U114/><E114/><V19/><F19/><W81/><G103/><T54/><D73/><U10/><AGARI ba="0,1" hai="2,7,8,10,13,16,58,59,79,80,84" m="50793" machi="10" ten="30,2000,0" yaku="20,1,54,1" doraHai="104" who="1" fromWho="1" sc="170,-5,181,30,260,-5,379,-10" owari="165,-33.0,211,-19.0,255,6.0,369,46.0" /></mjloggm>