<mjloggm ver="2.3"><GO type="97" lobby="0"/><UN n0="%E2%98%85%E6%BF%80%E8%BE%9B%E3%81%A0%E2%98%85" n1="%E5%B0%B1%E6%B4%BB%E7%94%9F%40%E5%B7%9D%E6%9D%91%E8%BB%8D%E5%9B%A3" n2="%E3%82%89%E3%82%8A%E3%81%8F%E3%81%BE" n3="%E6%88%AF%E9%AA%B8" dan="14,15,15,15" rate="1928.25,2015.82,1960.59,2044.63" sx="M,M,M,M"/><TAIKYOKU oya="0"/><INIT seed="0,0,0,1,1,87" ten="250,250,250,250" oya="0" hai0="99,70,5,28,24,133,125,31,93,116,51,52,13" hai1="89,131,26,73,113,53,98,39,18,43,86,23,115" hai2="4,32,126,38,25,7,54,101,82,60,0,75,69" hai3="30,46,21,59,48,20,117,12,72,103,42,27,80"/><T6/><D70/><U29/><E73/><V36/><F101/><W102/><G117/><T44/><D116/><U40/><E131/><V9/><F126/><W97/><G59/><T64/><D125/><U120/><E120/><V50/><F7/><W49/><G49/><T128/><D64/><U41/><E98/><V74/><F74/><W119/><G119/><T61/><D61/><U84/><E39/><V3/><F3/><W34/><G12/><T106/><D106/><U108/><E108/><V118/><F32/><W76/><REACH who="3" step="1"/><G103/><REACH who="3" ten="250,250,250,240" step="2"/><N who="0" m="60911" /><D128/><U96/><E113/><V56/><F38/><W111/><G111/><T68/><D68/><U65/><E115/><V114/><F36/><W11/><G11/><N who="0" m="4335" /><D133/><U109/><E109/><V19/><F69/><W33/><G33/><T16/><D6/><U22/><E65/><V15/><F114/><W129/><G129/><T10/><D10/><U45/><E45/><V121/><F118/><W104/><AGARI ba="0,1" hai="20,21,27,30,34,42,46,48,72,76,80,97,102,104" machi="104" ten="20,2700,0" yaku="1,1,0,1,7,1,53,0" doraHai="87" doraHaiUra="2" who="3" fromWho="3" sc="250,-13,250,-7,250,-7,240,37" /><INIT seed="1,0,0,5,2,10" ten="237,243,243,277" oya="1" hai0="41,131,11,96,64,8,63,126,87,1,97,113,46" hai1="85,31,135,69,52,117,114,133,14,128,16,88,49" hai2="71,72,127,57,75,54,6,83,66,65,93,29,89" hai3="9,40,0,67,18,33,94,56,79,53,78,43,119"/><U99/><E117/><V111/><F111/><W59/><G33/><T105/><D113/><U110/><E114/><V55/><F6/><W42/><G119/><T44/><D131/><U48/><E110/><V28/><F127/><W132/><G132/><N who="1" m="50762" /><E128/><V95/><F83/><W17/><G94/><T70/><D126/><U90/><E69/><V84/><F57/><W77/><G67/><T7/><D87/><U3/><E3/><V74/><F74/><W121/><G121/><T37/><D105/><U82/><E31/><V20/><F20/><W122/><G122/><T108/><D108/><U35/><E35/><V19/><F19/><W12/><G0/><T102/><D102/><U45/><E49/><V47/><F84/><W123/><G123/><T25/><D25/><U24/><E24/><V101/><F89/><W115/><G115/><T62/><D62/><U125/><E125/><V21/><F101/><W2/><G2/><T120/><D120/><U51/><E51/><V92/><F29/><W91/><G91/><T130/><D130/><U68/><E68/><V81/><F28/><W50/><G59/><T30/><D30/><U38/><E38/><V107/><F71/><W104/><G104/><T100/><D100/><U134/><N who="1" m="50770" /><U26/><DORA hai="13" /><E26/><V124/><F107/><W106/><G106/><T109/><D109/><U73/><E73/><V58/><F75/><W98/><G98/><N who="0" m="37995" /><D46/><U27/><E27/><V76/><F47/><W61/><G61/><T60/><D60/><U103/><E103/><V39/><F124/><W80/><G80/><T15/><D1/><RYUUKYOKU ba="0,0" sc="237,15,243,-15,243,-15,277,15" hai0="7,8,11,15,37,41,44,63,64,70" hai3="9,12,17,18,40,42,43,50,53,56,77,78,79" /><INIT seed="2,1,0,3,0,134" ten="252,228,228,292" oya="2" hai0="9,5,109,14,17,48,47,71,58,93,103,116,82" hai1="125,108,7,1,28,129,123,4,37,59,110,128,104" hai2="50,88,98,12,65,67,127,20,42,16,11,8,38" hai3="124,114,32,94,29,68,24,131,100,13,96,25,119"/><V35/><F35/><W85/><G119/><T63/><D71/><U80/><E104/><V3/><F38/><W76/><G124/><T55/><D116/><U102/><E102/><V26/><F127/><W52/><G68/><T10/><D109/><N who="1" m="42091" /><E125/><V30/><F42/><W122/><G122/><T41/><D82/><U75/><E37/><V115/><F115/><W90/><G131/><N who="1" m="50250" /><E1/><V54/><F8/><W83/><G114/><T112/><D112/><U105/><E105/><V117/><F3/><W84/><G25/><T43/><D43/><U0/><E0/><V81/><F117/><W36/><G36/><T31/><D31/><U39/><E39/><V78/><F78/><W60/><G13/><N who="0" m="5295" /><D103/><U33/><E123/><V64/><F98/><W95/><G100/><T89/><D93/><U27/><E59/><N who="2" m="33239" /><F65/><W6/><G96/><T121/><D121/><U73/><E73/><V107/><F107/><W2/><G95/><T130/><D130/><U120/><E120/><V113/><F113/><W40/><G2/><T97/><D97/><U72/><E72/><V61/><F61/><W99/><G99/><T56/><D56/><U70/><E70/><V21/><F11/><W106/><G106/><T62/><D62/><U44/><E44/><V111/><F111/><W135/><G60/><T19/><D89/><U15/><E15/><V87/><AGARI ba="1,0" hai="12,16,20,21,26,30,64,67,81,87,88" m="33239" machi="87" ten="30,6000,0" yaku="8,1,54,2" doraHai="134" who="2" fromWho="2" sc="252,-21,228,-21,228,63,292,-21" /><INIT seed="2,2,0,2,1,106" ten="231,207,291,271" oya="2" hai0="123,51,77,40,29,68,42,135,4,80,97,67,65" hai1="31,133,78,95,38,98,48,104,6,124,39,20,66" hai2="1,8,28,96,82,117,62,121,58,71,35,37,45" hai3="55,89,108,105,114,94,129,33,110,86,128,100,118"/><V85/><F71/><W126/><G33/><T46/><D123/><U23/><E104/><V34/><F28/><W125/><G55/><T14/><D135/><U127/><E133/><V99/><F99/><N who="3" m="61599" /><G118/><T76/><D29/><U132/><E132/><V18/><F96/><W52/><G52/><T32/><D32/><U81/><E66/><V119/><F121/><W41/><G41/><T63/><D67/><U13/><E48/><V10/><F10/><W64/><G64/><T111/><D111/><N who="3" m="42537" /><G114/><T122/><D122/><U70/><E70/><V91/><F45/><W75/><G75/><T120/><D120/><U15/><E31/><V2/><F37/><W130/><AGARI ba="2,0" hai="86,89,94,125,126,128,129,130" m="42537,61599" machi="130" ten="40,8000,1" yaku="19,1,14,1,34,2" doraHai="106" who="3" fromWho="3" sc="231,-22,207,-22,291,-42,271,86" /><INIT seed="3,0,0,3,0,109" ten="209,185,249,357" oya="3" hai0="56,20,101,79,31,43,98,91,90,1,122,34,36" hai1="129,28,114,116,99,59,118,134,11,29,68,49,25" hai2="78,92,3,5,27,77,115,110,130,39,19,8,124" hai3="86,46,10,93,13,61,94,33,80,2,85,135,72"/><W111/><G111/><T9/><D34/><U121/><E68/><V75/><F39/><W48/><G33/><T42/><D79/><U69/><E69/><V106/><F106/><W50/><G135/><T131/><D122/><U23/><E121/><V53/><F75/><W82/><G61/><T105/><D131/><U41/><E134/><V119/><F124/><W62/><G62/><T107/><D107/><U70/><E70/><V65/><F65/><W95/><G2/><T51/><D36/><U81/><E129/><V40/><F40/><W125/><G93/><T117/><D117/><N who="1" m="45163" /><E29/><V126/><F110/><W16/><G72/><T12/><D1/><U18/><E99/><V74/><F74/><W88/><G125/><T123/><D123/><U37/><E37/><V52/><F130/><W133/><G133/><T21/><D42/><U24/><E81/><V64/><F3/><W22/><G10/><T4/><D31/><U55/><E41/><V14/><F126/><W84/><G84/><T71/><D71/><U30/><E30/><V104/><F104/><W83/><G46/><N who="0" m="26079" /><D56/><U67/><E67/><V66/><F64/><W35/><G35/><T45/><D45/><U17/><E17/><V15/><F66/><W32/><G32/><T0/><D0/><U73/><E73/><V58/><F58/><W44/><G44/><T127/><D127/><U97/><E97/><V47/><F47/><W112/><G82/><T113/><D113/><U96/><E96/><V132/><F115/><W103/><G112/><T87/><D87/><U26/><E114/><V89/><F119/><RYUUKYOKU ba="0,0" sc="209,15,185,15,249,-15,357,-15" hai0="4,9,12,20,21,90,91,98,101,105" hai1="11,18,23,24,25,26,28,49,55,59" owari="224,-18.0,200,-30.0,234,3.0,342,45.0" /></mjloggm>