<mjloggm ver="2.3"><GO type="41" lobby="0"/><UN n0="%73%68%6F%6E%61%6E%6A%69" n1="%E5%B0%B1%E6%B4%BB%E7%94%9F%40%E5%B7%9D%E6%9D%91%E8%BB%8D%E5%9B%A3" n2="%6C%69%6C%68%61%6D%61" n3="%E3%83%A1%E3%83%A9%E3%82%BE%E4%B8%80%E3%83%9E" dan="14,15,15,15" rate="1919.85,1968.50,2035.09,2003.88" sx="M,M,M,M"/><TAIKYOKU oya="0"/><INIT seed="0,0,0,1,2,57" ten="250,250,250,250" oya="0" hai0="123,58,64,3,27,15,50,98,33,120,69,45,75" hai1="106,4,44,52,97,91,9,17,73,127,19,56,1" hai2="38,105,53,71,29,2,83,125,99,40,114,28,22" hai3="37,34,95,82,39,107,42,30,62,63,72,122,100"/><T66/><D3/><U11/><E73/><V101/><F2/><W128/><G107/><T59/><D75/><U61/><E127/><V104/><F114/><W14/><G14/><T54/><D98/><U131/><E131/><V133/><F125/><W76/><G128/><T113/><D33/><U20/><E11/><V21/><F105/><W12/><G122/><N who="0" m="46635" /><D15/><U84/><E44/><V47/><F133/><W118/><G118/><T18/><D18/><U110/><E110/><V43/><F43/><W16/><G30/><T77/><D77/><U124/><E124/><V129/><F129/><W67/><G34/><T24/><D27/><U89/><E20/><V81/><F71/><W25/><G25/><T23/><D23/><U13/><E1/><V55/><F55/><W5/><G5/><T26/><D26/><U10/><E10/><V46/><F28/><W65/><G95/><T6/><D24/><U0/><E0/><V102/><F29/><W96/><G96/><T80/><D80/><N who="1" m="49287" /><E106/><V130/><F104/><W68/><G100/><T108/><D6/><U51/><E51/><V109/><F102/><W126/><G126/><T119/><D113/><U78/><E78/><V7/><F130/><W93/><G93/><AGARI ba="0,0" hai="4,9,13,17,19,52,56,61,91,93,97" m="49287" machi="93" ten="30,3900,0" yaku="8,1,52,1,54,1" doraHai="57" who="1" fromWho="3" sc="250,0,250,39,250,0,250,-39" /><INIT seed="1,0,0,2,4,27" ten="250,289,250,211" oya="1" hai0="114,119,89,25,26,100,61,8,131,9,124,125,35" hai1="72,85,46,49,0,77,68,80,24,135,108,78,70" hai2="117,42,18,57,127,20,67,48,59,28,109,134,5" hai3="34,73,52,122,6,88,93,86,56,11,21,110,37"/><U76/><E0/><V98/><F117/><W44/><G34/><T53/><D119/><U130/><E135/><V81/><F109/><W12/><G110/><T3/><D114/><U69/><E130/><V60/><F127/><N who="0" m="48714" /><D100/><U84/><E108/><V39/><F39/><W123/><G73/><T55/><D131/><U10/><E72/><V102/><F81/><W105/><G105/><T83/><D3/><U47/><E10/><N who="0" m="4201" /><D61/><U31/><E80/><V132/><F5/><W104/><G104/><T54/><D35/><U65/><E65/><V116/><F116/><W23/><G123/><T14/><D14/><U16/><E47/><V13/><F134/><W15/><G122/><T50/><D50/><U94/><E94/><N who="2" m="58711" /><F132/><W2/><G2/><T32/><D32/><U129/><E129/><V71/><F71/><W128/><G128/><T79/><D89/><U118/><E118/><V41/><F28/><W113/><G113/><T1/><D1/><U112/><E31/><V126/><F126/><W36/><G15/><T22/><D22/><U115/><E115/><V133/><F133/><W7/><G7/><T96/><D96/><U62/><E112/><V29/><F29/><W95/><G36/><T38/><D38/><U121/><E121/><V103/><F103/><W101/><G37/><T74/><AGARI ba="0,0" hai="25,26,53,54,55,74,79,83" m="4201,48714" machi="74" ten="40,1500,0" yaku="18,1" doraHai="27" who="0" fromWho="0" sc="250,15,289,-7,250,-4,211,-4" /><INIT seed="2,0,0,1,1,99" ten="265,282,246,207" oya="2" hai0="111,67,88,12,102,135,124,83,66,8,47,130,17" hai1="133,92,34,50,73,58,65,82,7,86,20,24,15" hai2="114,75,70,117,35,40,0,42,129,38,22,68,101" hai3="71,106,37,132,96,119,41,63,78,131,76,69,121"/><V60/><F75/><W109/><G41/><T84/><D111/><U122/><E34/><V1/><F35/><W49/><G49/><T16/><D124/><U110/><E110/><V52/><F117/><W127/><G63/><T93/><D130/><U23/><E133/><V19/><F129/><W27/><G27/><T113/><D135/><U14/><E122/><V43/><F38/><W31/><G31/><T112/><D17/><U123/><E73/><V94/><F114/><W125/><G96/><N who="0" m="59663" /><D112/><U134/><E134/><V6/><F70/><W32/><G76/><T21/><D113/><U81/><E23/><V9/><F0/><W77/><G78/><T64/><D47/><U62/><E123/><V10/><F10/><AGARI ba="0,0" hai="8,10,12,16,21,64,66,67,83,84,88" m="59663" machi="10" ten="30,7700,0" yaku="8,1,52,1,54,2" doraHai="99" who="0" fromWho="2" sc="265,77,282,0,246,-77,207,0" /><INIT seed="3,0,0,1,1,134" ten="342,282,169,207" oya="3" hai0="52,2,31,87,17,101,29,44,33,83,36,92,25" hai1="75,9,35,131,78,73,67,102,55,122,37,50,105" hai2="93,10,64,125,81,95,116,45,56,121,65,82,32" hai3="49,124,77,80,99,61,20,41,8,14,118,135,86"/><W108/><G118/><T79/><D2/><U128/><E37/><V120/><F116/><W57/><G135/><T90/><D101/><U103/><E35/><V34/><F45/><N who="3" m="25775" /><G108/><T112/><D112/><U23/><E122/><V19/><F19/><W18/><G124/><T126/><D126/><U3/><E67/><V88/><F10/><W114/><G114/><T63/><D31/><U16/><E9/><V47/><F47/><W43/><G43/><T69/><D17/><U85/><E3/><V130/><F56/><W115/><G115/><T54/><D69/><U40/><E40/><V94/><F94/><W104/><G104/><T113/><D113/><U5/><E5/><V38/><F38/><W46/><G46/><T59/><D36/><U24/><E75/><V51/><F51/><W110/><G110/><T30/><D30/><U6/><E6/><V62/><F62/><W15/><G99/><T7/><D7/><U119/><E73/><V71/><F130/><N who="1" m="49705" /><E105/><V97/><F97/><W76/><G76/><T60/><D44/><N who="1" m="28103" /><E119/><V42/><F42/><W132/><G132/><T27/><D27/><U111/><E111/><V39/><F39/><W26/><G8/><T0/><D0/><U98/><E98/><V70/><F88/><W48/><G48/><T66/><REACH who="0" step="1"/><D63/><REACH who="0" ten="332,282,169,207" step="2"/><U84/><E103/><V133/><F133/><W53/><AGARI ba="0,1" hai="14,15,18,20,26,53,57,61,77,80,86" m="25775" machi="53" ten="30,1500,0" yaku="8,1" doraHai="134" who="3" fromWho="3" sc="332,-5,282,-5,169,-5,207,25" /><INIT seed="3,1,0,2,5,119" ten="327,277,164,232" oya="3" hai0="6,15,79,57,37,115,3,121,120,55,20,63,53" hai1="58,14,26,31,94,96,16,39,7,30,48,134,73" hai2="74,44,36,106,38,86,105,2,114,111,24,97,102" hai3="60,113,128,12,110,125,10,104,108,62,45,4,84"/><W19/><G113/><T87/><D87/><U43/><E73/><V70/><F70/><W35/><G35/><T95/><D95/><U18/><E39/><V68/><F68/><W116/><G116/><T13/><D13/><U27/><E134/><V81/><F2/><W11/><G104/><T101/><D101/><U25/><E7/><V8/><F8/><W54/><G128/><T65/><D65/><U118/><E118/><V135/><F135/><W82/><G125/><T56/><D56/><U9/><E18/><V76/><F24/><W80/><G80/><T52/><D52/><N who="1" m="32007" /><E43/><V88/><F44/><W85/><G85/><T124/><D124/><U103/><AGARI ba="1,0" hai="9,14,16,25,26,27,30,31,94,96,103" m="32007" machi="103" ten="30,4000,0" yaku="8,1,54,2" doraHai="119" who="1" fromWho="1" sc="327,-11,277,43,164,-11,232,-21" /><INIT seed="4,0,0,0,0,60" ten="316,320,153,211" oya="0" hai0="91,26,133,93,41,64,82,3,108,76,75,7,110" hai1="83,31,20,89,54,109,72,124,84,65,114,113,13" hai2="22,12,62,10,34,117,28,90,51,35,78,37,118" hai3="101,32,87,48,21,126,130,127,71,46,77,86,79"/><T115/><D115/><N who="1" m="44043" /><E109/><V80/><F37/><W128/><G32/><T58/><D58/><U95/><E124/><N who="3" m="47658" /><G71/><T44/><D44/><U104/><E104/><V36/><F36/><W9/><G9/><T6/><D6/><U49/><E65/><V134/><F134/><W50/><G21/><T96/><D96/><U43/><E43/><V92/><F51/><N who="3" m="19499" /><G101/><T42/><D42/><U97/><E72/><V102/><F102/><W1/><G1/><T29/><D29/><U11/><E20/><V38/><F38/><W33/><G33/><T69/><D69/><U105/><E105/><V5/><F22/><W24/><G24/><T74/><D74/><U85/><E31/><V56/><F28/><W98/><G98/><T66/><D66/><U61/><E61/><V67/><F35/><W30/><G30/><T19/><D19/><N who="1" m="8639" /><E83/><V63/><F34/><W27/><G27/><T15/><D15/><U107/><E107/><V8/><F10/><W52/><G52/><T4/><D4/><U59/><AGARI ba="0,0" hai="49,54,59,84,85,89,95,97" m="8639,44043" machi="59" ten="30,2000,0" yaku="15,1,11,1" doraHai="60" who="1" fromWho="1" sc="316,-10,320,20,153,-5,211,-5" /><INIT seed="5,0,0,0,5,48" ten="306,340,148,206" oya="1" hai0="47,6,20,92,98,32,55,91,16,73,69,68,71" hai1="79,107,77,70,127,117,113,51,53,9,59,60,57" hai2="114,50,5,124,130,110,121,112,54,129,0,78,58" hai3="118,11,40,119,86,30,96,37,111,95,80,52,21"/><U105/><E117/><N who="3" m="44554" /><G111/><T39/><D39/><U102/><E70/><V89/><F89/><N who="3" m="55407" /><G11/><T45/><D45/><U63/><E127/><V28/><F78/><N who="3" m="46359" /><G40/><T56/><D56/><U87/><E113/><N who="2" m="43627" /><F28/><W74/><G74/><T90/><D90/><U75/><E75/><V85/><F85/><W94/><G94/><T115/><D115/><U81/><E77/><V43/><F5/><W64/><G64/><T27/><D27/><U19/><E102/><V100/><F0/><W61/><G37/><T132/><D132/><U31/><E31/><V1/><F1/><W103/><G103/><T2/><D2/><U35/><E35/><V131/><F100/><W49/><G61/><T15/><D15/><N who="1" m="7663" /><E107/><V120/><F110/><W122/><G122/><N who="2" m="47209" /><F43/><W128/><G128/><T3/><D3/><U84/><E105/><V109/><F109/><W65/><G65/><T97/><D97/><U38/><E38/><V29/><F29/><W26/><G30/><T13/><D13/><U135/><E135/><V46/><F124/><W82/><G82/><T34/><D34/><U12/><E87/><V125/><F125/><W17/><G17/><T22/><D22/><U134/><E134/><V76/><F76/><W83/><G83/><T8/><D8/><U25/><E25/><V106/><F106/><W44/><G21/><T101/><D101/><U67/><E12/><V108/><F108/><W23/><G23/><T42/><D42/><U24/><E24/><AGARI ba="0,0" hai="24,26,44,49,52" m="46359,55407,44554" machi="24" ten="30,3900,0" yaku="12,1,52,1,54,1" doraHai="48" who="3" fromWho="1" sc="306,0,340,-39,148,0,206,39" /><INIT seed="6,0,0,4,0,31" ten="306,301,148,245" oya="2" hai0="66,34,44,0,39,76,54,37,59,45,62,103,132" hai1="47,82,6,71,30,93,115,46,1,22,42,74,13" hai2="48,91,73,3,106,18,114,110,98,125,38,5,63" hai3="52,49,9,118,108,27,21,41,123,24,89,64,86"/><V119/><F119/><W69/><G123/><T32/><D32/><U28/><E71/><V126/><F114/><W56/><G108/><T95/><D95/><U131/><E1/><V10/><F38/><W124/><G124/><N who="2" m="47721" /><F110/><W60/><G118/><T29/><D29/><U100/><E131/><V80/><F73/><W7/><G41/><T51/><D51/><U111/><E111/><V68/><F48/><W11/><G21/><T75/><D75/><U97/><E115/><V16/><F80/><W87/><G9/><T53/><D53/><U55/><E74/><V134/><F134/><W25/><REACH who="3" step="1"/><G89/><REACH who="3" ten="306,301,148,235" step="2"/><T36/><D36/><U15/><E42/><V19/><F91/><W109/><G109/><T61/><D103/><U65/><E22/><V50/><F50/><W58/><G58/><T85/><D34/><U120/><E100/><N who="2" m="62743" /><F63/><W104/><G104/><T94/><D62/><U57/><E57/><V130/><F130/><W101/><G101/><T129/><D129/><U128/><E128/><V40/><F40/><W121/><G121/><T107/><D107/><U127/><E120/><V116/><F116/><W35/><G35/><T77/><D39/><U70/><E127/><V133/><F133/><W96/><G96/><T88/><D37/><U112/><E97/><V14/><F68/><W84/><G84/><T122/><D85/><U105/><E70/><V20/><AGARI ba="0,1" hai="3,5,10,14,16,18,19,20" m="62743,47721" machi="20" ten="30,3000,0" yaku="18,1,54,1" doraHai="31" who="2" fromWho="2" sc="306,-10,301,-10,148,40,235,-10" /><INIT seed="6,1,0,5,1,60" ten="296,291,188,225" oya="2" hai0="81,96,25,49,120,71,10,105,13,15,3,34,135" hai1="42,58,36,0,14,76,70,57,102,122,31,7,124" hai2="78,20,29,111,88,66,22,90,18,79,61,55,33" hai3="30,80,64,16,44,93,97,47,4,32,101,86,35"/><V27/><F111/><W82/><G4/><T72/><D120/><U38/><E0/><V74/><F74/><W28/><G64/><T68/><D135/><U118/><E70/><V43/><F43/><W107/><G107/><T130/><D3/><U127/><E118/><V131/><F131/><W108/><G108/><T100/><D15/><U21/><E76/><N who="2" m="29227" /><F33/><W134/><G134/><T65/><D71/><U53/><E122/><V45/><F66/><W75/><G75/><T95/><D130/><U2/><E2/><V109/><F109/><W56/><G56/><T6/><D49/><U9/><E102/><V48/><F61/><W112/><G112/><T83/><D72/><U123/><E123/><V103/><F103/><W37/><G37/><T113/><D95/><U128/><E128/><V125/><F125/><N who="1" m="48201" /><E42/><V119/><F119/><W39/><G39/><N who="1" m="14890" /><E53/><V110/><F110/><W5/><G32/><T84/><D113/><U94/><E94/><V117/><F117/><W116/><G35/><T98/><D83/><U50/><E50/><V63/><F63/><W114/><G82/><T12/><D68/><U121/><E121/><V24/><AGARI ba="1,0" hai="18,20,22,24,27,29,45,48,55,88,90" m="29227" machi="24" ten="30,3000,0" yaku="8,1,54,1" doraHai="60" who="2" fromWho="2" sc="296,-11,291,-11,188,33,225,-11" /><INIT seed="6,2,0,3,2,29" ten="285,280,221,214" oya="2" hai0="103,20,58,12,113,55,26,126,133,74,98,15,112" hai1="83,84,48,60,43,37,28,70,52,86,115,134,97" hai2="89,18,25,130,53,135,101,2,77,66,122,78,99" hai3="100,94,24,36,4,13,7,69,34,73,19,118,80"/><V111/><F122/><W54/><G118/><T39/><D74/><U17/><E37/><V0/><F135/><W131/><G69/><T107/><D133/><U40/><E28/><V125/><F130/><W127/><G36/><T121/><D39/><U85/><E134/><V104/><F125/><W22/><G131/><T117/><D126/><U51/><E83/><V6/><F66/><W72/><G127/><T120/><D117/><U56/><E115/><N who="0" m="44105" /><D15/><U45/><E97/><V14/><F111/><W62/><G73/><T68/><D12/><U129/><E129/><V44/><F25/><W96/><G72/><T123/><D68/><U47/><E70/><V119/><F119/><W31/><REACH who="3" step="1"/><G80/><REACH who="3" ten="285,280,221,204" step="2"/><T106/><D123/><U23/><E86/><V116/><F116/><W41/><G41/><T50/><D107/><U109/><E109/><V128/><F128/><W49/><G49/><T75/><D75/><U8/><E8/><V33/><F0/><W110/><G110/><T105/><D105/><U108/><E108/><V79/><F2/><W90/><G90/><T124/><D124/><U114/><E114/><V21/><F89/><W92/><G92/><T30/><AGARI ba="2,1" hai="20,26,30,50,55,58,98,103,106,120,121" m="44105" machi="30" ten="30,1100,0" yaku="15,1" doraHai="29" who="0" fromWho="0" sc="285,27,280,-5,221,-7,204,-5" /><INIT seed="7,0,0,4,4,79" ten="312,275,214,199" oya="3" hai0="64,80,34,83,33,7,100,17,127,16,105,71,45" hai1="106,52,135,94,36,46,57,37,87,1,91,98,26" hai2="14,109,118,53,43,131,96,42,60,92,104,27,48" hai3="32,126,99,6,103,40,28,61,13,12,116,41,107"/><W75/><G116/><T56/><D71/><U2/><E135/><V44/><F109/><W10/><G126/><T110/><D110/><U9/><E26/><V86/><F118/><W0/><G75/><T112/><D127/><U82/><E106/><V55/><F131/><W90/><G90/><T89/><D34/><U85/><E85/><V18/><F104/><W50/><G61/><T69/><D69/><U78/><E46/><V124/><F27/><W4/><G50/><T129/><D33/><U21/><E21/><N who="2" m="11479" /><F86/><W117/><G117/><T111/><D111/><U134/><E134/><V88/><F124/><W81/><G81/><N who="0" m="31307" /><D105/><U114/><E114/><V5/><F5/><W39/><G39/><T120/><D120/><U47/><E47/><V125/><F125/><W70/><G70/><T93/><D129/><U84/><E84/><V49/><F60/><W31/><G32/><T101/><D7/><U35/><E35/><V113/><F113/><W132/><G132/><T122/><D112/><U3/><REACH who="1" step="1"/><E9/><REACH who="1" ten="312,265,214,199" step="2"/><V95/><F44/><W97/><G97/><N who="0" m="57519" /><D122/><U68/><E68/><V51/><F96/><W15/><REACH who="3" step="1"/><G6/><REACH who="3" ten="312,265,214,189" step="2"/><T128/><D128/><U20/><E20/><V58/><F42/><AGARI ba="0,2" hai="0,4,10,12,13,15,28,31,40,41,42,99,103,107" machi="42" ten="40,3900,0" yaku="1,1,2,1,53,0" doraHai="79" doraHaiUra="59" who="3" fromWho="2" sc="312,0,265,0,214,-39,189,59" /><INIT seed="7,1,0,2,1,57" ten="312,265,175,248" oya="3" hai0="111,115,48,127,130,78,13,1,82,100,79,135,34" hai1="19,9,24,92,28,38,50,126,0,56,83,114,44" hai2="80,105,88,71,125,43,42,8,108,120,47,53,58" hai3="104,16,70,131,102,74,117,31,99,35,46,103,119"/><W41/><G131/><T55/><D111/><U51/><E38/><V86/><F120/><W132/><G132/><T112/><D1/><U14/><E126/><V32/><F108/><W118/><G102/><T33/><D135/><U12/><E114/><N who="0" m="43561" /><D127/><U2/><E83/><V52/><F105/><W6/><G6/><T63/><D130/><U23/><E92/><V98/><F125/><W76/><G70/><T107/><D63/><U5/><E56/><V22/><F32/><W89/><G89/><T121/><D121/><U45/><E51/><V66/><F71/><W40/><G16/><T97/><D13/><U4/><E45/><V65/><F8/><W124/><G124/><T62/><D62/><U101/><E101/><V37/><F22/><W109/><G109/><T64/><D64/><U30/><E50/><V27/><F27/><W122/><G122/><T129/><D79/><U73/><E44/><V10/><F10/><W106/><G106/><T49/><D49/><U94/><E73/><V128/><F128/><W85/><G74/><N who="0" m="43351" /><D129/><U25/><E94/><V110/><F110/><W84/><G76/><T11/><D11/><N who="1" m="2455" /><E28/><V81/><F43/><W116/><G116/><T134/><D134/><U3/><E24/><V77/><F98/><W60/><G40/><T7/><D48/><U95/><E95/><V68/><F68/><W18/><G41/><T72/><D72/><U54/><E54/><V96/><F96/><W133/><G99/><T75/><D55/><N who="2" m="21066" /><F58/><W87/><G117/><T59/><D59/><U113/><E113/><V39/><F39/><W90/><G118/><RYUUKYOKU ba="1,0" sc="312,-15,265,15,175,15,248,-15" hai1="0,3,5,9,12,14,19,23,25,30" hai2="37,42,47,65,66,77,80,81,86,88" /><INIT seed="8,2,0,1,0,18" ten="297,280,190,233" oya="0" hai0="100,72,117,82,6,32,64,13,59,7,90,70,44" hai1="19,96,95,5,102,112,124,69,61,45,93,33,108" hai2="35,76,65,39,113,66,16,125,97,129,131,107,121" hai3="104,118,4,62,46,92,94,101,135,63,88,30,60"/><T27/><D117/><U14/><E108/><V34/><F121/><W9/><G118/><T79/><D70/><U74/><E33/><N who="2" m="12299" /><F39/><W11/><G135/><T103/><D44/><U15/><E74/><V58/><F125/><W43/><G30/><T84/><D32/><U51/><E112/><V78/><F113/><W21/><G21/><T71/><D71/><U81/><E124/><V25/><F97/><N who="3" m="59575" /><G104/><T132/><D132/><U77/><E5/><V53/><F107/><W55/><G43/><T38/><D38/><U28/><E28/><V17/><F76/><W123/><G123/><T115/><D27/><U105/><E61/><N who="3" m="23658" /><G4/><T36/><D36/><U68/><E68/><V49/><F78/><W87/><N who="3" m="23666" /><W47/><DORA hai="73" /><G55/><T41/><D59/><U83/><E69/><V29/><F29/><W127/><G127/><T40/><D64/><N who="2" m="24682" /><F25/><W50/><G50/><T8/><D7/><U111/><E111/><V134/><F134/><W99/><G99/><T37/><D115/><U54/><E14/><V86/><F86/><W20/><G20/><T106/><D37/><U10/><E54/><V116/><F116/><W85/><G85/><T26/><D26/><U12/><E51/><V24/><F24/><W67/><G67/><T42/><REACH who="0" step="1"/><D106/><REACH who="0" ten="287,280,190,233" step="2"/><U57/><E105/><V109/><F109/><W91/><G46/><T56/><D56/><U126/><E57/><V1/><F1/><W133/><G47/><T2/><D2/><U98/><E45/><V31/><F31/><W0/><G133/><T130/><D130/><AGARI ba="2,1" hai="16,17,49,53,58,129,130,131" m="24682,12299" machi="130" ten="30,2000,0" yaku="19,1,54,1" doraHai="18,73" who="2" fromWho="0" sc="287,-26,280,0,190,36,233,0" /><INIT seed="9,0,0,1,4,97" ten="261,280,226,233" oya="1" hai0="48,61,111,1,66,34,6,100,26,35,20,58,67" hai1="101,114,121,129,11,63,46,9,85,78,99,134,54" hai2="122,71,87,59,37,128,49,109,102,131,88,27,115" hai3="69,5,28,30,96,41,110,124,92,38,13,23,56"/><U32/><E121/><V90/><F122/><W31/><G69/><T4/><D111/><U83/><E32/><V84/><F109/><W60/><G110/><T127/><D127/><U45/><E114/><V65/><F37/><W75/><G75/><T72/><D72/><U64/><E129/><N who="2" m="49739" /><F115/><W73/><G73/><T117/><D117/><U76/><E134/><V79/><F79/><W2/><G124/><T12/><D1/><U80/><E54/><N who="2" m="32207" /><F27/><W77/><G77/><T103/><D35/><U24/><E24/><V18/><F18/><W42/><G38/><T10/><D34/><U91/><E78/><V95/><F65/><N who="3" m="39047" /><G2/><T133/><D133/><U94/><E80/><N who="2" m="49159" /><F71/><W120/><G120/><T47/><D6/><U107/><E45/><V44/><F44/><W132/><G132/><T116/><D67/><U0/><E46/><V25/><F25/><W7/><G7/><T14/><D14/><U33/><E0/><V17/><F17/><N who="3" m="10671" /><G5/><T39/><D116/><U68/><E33/><V36/><F36/><W82/><G82/><T52/><D39/><U93/><E107/><V123/><F123/><W51/><G51/><T50/><D50/><U119/><E119/><V108/><F108/><W105/><G105/><T57/><D47/><U8/><E8/><V126/><F126/><W89/><AGARI ba="0,0" hai="28,30,31,41,42,89,92,96" m="10671,39047" machi="89" ten="30,1100,0" yaku="8,1" doraHai="97" who="3" fromWho="3" sc="261,-3,280,-5,226,-3,233,11" /><INIT seed="10,0,0,4,0,78" ten="258,275,223,244" oya="2" hai0="12,46,77,56,41,2,64,126,6,26,58,129,84" hai1="89,66,69,121,4,106,3,20,116,49,38,27,52" hai2="60,91,99,40,8,113,86,7,93,85,15,81,120" hai3="122,103,100,102,37,70,19,0,94,83,21,59,119"/><V62/><F120/><W118/><G122/><T92/><D2/><U42/><E106/><V16/><F113/><W17/><G70/><T80/><D129/><U1/><E121/><V47/><F86/><W13/><G37/><T73/><D126/><U133/><E4/><V115/><F7/><W107/><G107/><T30/><D92/><U31/><E133/><V112/><F112/><W36/><G0/><T110/><D73/><U25/><E116/><N who="3" m="44586" /><G36/><T43/><D43/><U76/><E76/><V44/><F115/><W72/><G59/><T134/><D110/><U24/><E89/><V109/><F109/><W67/><G67/><T124/><D124/><U71/><E1/><V96/><F96/><N who="3" m="59415" /><G19/><T75/><D75/><U90/><E3/><V82/><F82/><W114/><G114/><T65/><D134/><U48/><E71/><V35/><F35/><W98/><G98/><T132/><D132/><U130/><E69/><V9/><F9/><W125/><G125/><T104/><D104/><U111/><E66/><V61/><F40/><W29/><G29/><T87/><D87/><U14/><E42/><V117/><F117/><W108/><G108/><T127/><D65/><U28/><E28/><V18/><F18/><W32/><G32/><N who="0" m="20567" /><D64/><U105/><E31/><V63/><N who="2" m="15872" /><DORA hai="54" /><V97/><F97/><W45/><G45/><T79/><D127/><U95/><E38/><V68/><F68/><W22/><G22/><T101/><D46/><N who="1" m="27671" /><E20/><V88/><AGARI ba="0,0" hai="8,15,16,44,47,81,85,88,91,93,99" m="15872" machi="88" ten="40,12000,1" yaku="0,1,8,1,52,1,54,2" doraHai="78,54" who="2" fromWho="2" sc="258,-40,275,-40,223,120,244,-40" owari="218,-18.0,235,4.0,343,44.0,204,-30.0" /></mjloggm>