<mjloggm ver="2.3"><GO type="97" lobby="0"/><UN n0="%E5%B0%B1%E6%B4%BB%E7%94%9F%40%E5%B7%9D%E6%9D%91%E8%BB%8D%E5%9B%A3" n1="%4A%4C%6D%61%6A%6F" n2="%E5%A4%A9%E8%A1%8C%E8%80%85" n3="%51%40%2E%40" dan="15,13,14,13" rate="2047.24,1838.23,1885.92,1880.05" sx="M,F,M,M"/><TAIKYOKU oya="0"/><INIT seed="0,0,0,0,4,76" ten="250,250,250,250" oya="0" hai0="104,74,72,57,9,53,48,68,26,107,88,103,52" hai1="70,81,20,39,18,22,99,80,94,51,62,35,123" hai2="87,65,17,134,12,10,40,59,7,75,33,19,121" hai3="34,89,6,96,128,120,3,97,127,131,44,5,31"/><T78/><D68/><U125/><E35/><V14/><F121/><W102/><G3/><T63/><D9/><U129/><E39/><V45/><F75/><W13/><G120/><T47/><D26/><U36/><E36/><V49/><F134/><W108/><G108/><T132/><D132/><U67/><E123/><V95/><F33/><W116/><G116/><T66/><D88/><U0/><E0/><V90/><F14/><W54/><G89/><T4/><D4/><N who="3" m="1641" /><G13/><T43/><D74/><U37/><E37/><V82/><F95/><W28/><G34/><T11/><D11/><U69/><E70/><V101/><F101/><W84/><G127/><T122/><D122/><U86/><E125/><V105/><F105/><W21/><G21/><T113/><D113/><U16/><E129/><N who="3" m="49738" /><G102/><T109/><D109/><U92/><E51/><V64/><F64/><W60/><G84/><T126/><D126/><U1/><E1/><V32/><F32/><W2/><G2/><T118/><D118/><U73/><E73/><V117/><F117/><W83/><G83/><T58/><D103/><U61/><E86/><V50/><F65/><W27/><G27/><T55/><REACH who="0" step="1"/><D57/><REACH who="0" ten="240,250,250,250" step="2"/><U38/><E69/><V8/><F8/><W24/><G24/><T29/><D29/><N who="3" m="11337" /><G44/><T93/><D93/><U106/><E94/><V56/><F56/><AGARI ba="0,1" hai="54,56,60,96,97" m="11337,49738,1641" machi="56" ten="30,1000,0" yaku="19,1" doraHai="76" who="3" fromWho="2" sc="240,0,250,0,250,-10,250,20" /><INIT seed="1,0,0,5,5,32" ten="240,250,240,270" oya="1" hai0="34,26,106,0,62,96,112,3,79,10,90,71,83" hai1="2,58,67,39,5,129,75,47,59,40,57,88,49" hai2="77,60,31,126,99,120,108,97,56,11,41,98,82" hai3="107,37,4,91,118,102,116,115,13,8,109,105,22"/><U128/><E75/><V38/><F120/><W124/><G115/><T86/><D112/><U114/><E114/><V89/><F108/><W28/><G109/><T113/><D113/><U85/><E5/><V110/><F110/><W55/><G37/><T14/><D34/><U78/><E78/><V27/><F126/><W66/><G66/><T46/><D26/><U9/><E9/><V36/><F89/><W100/><G124/><T30/><D30/><U70/><E2/><V80/><F11/><W33/><G55/><T72/><D46/><N who="1" m="23839" /><E88/><V43/><F38/><W35/><G91/><T92/><D71/><U95/><E95/><V68/><F68/><W44/><G44/><T87/><D62/><N who="1" m="40311" /><E85/><N who="2" m="48271" /><F36/><W24/><G100/><N who="0" m="62727" /><D87/><U135/><E135/><V93/><F82/><W25/><G25/><T131/><D131/><N who="1" m="50251" /><E47/><V42/><F27/><W19/><G19/><AGARI ba="0,0" hai="0,3,10,14,19,72,79,83,86,90,92" m="62727" machi="19" ten="30,3900,0" yaku="24,1,52,2" doraHai="32" who="0" fromWho="3" sc="240,39,250,0,240,0,270,-39" /><INIT seed="2,0,0,5,0,11" ten="279,250,240,231" oya="2" hai0="9,133,10,42,106,104,77,99,31,27,86,103,102" hai1="37,96,4,111,76,75,116,100,20,43,123,114,3" hai2="6,84,107,60,40,62,14,128,7,115,93,1,21" hai3="56,48,108,79,22,119,110,121,81,68,64,72,118"/><V52/><F115/><W126/><G121/><T94/><D133/><U41/><E116/><N who="3" m="44586" /><G56/><T92/><D42/><U71/><E123/><V90/><F107/><W16/><G48/><T66/><D66/><U17/><E114/><V112/><F112/><W89/><G89/><T85/><D77/><U19/><E111/><N who="3" m="42538" /><G126/><T69/><D69/><U98/><E71/><V61/><F128/><W53/><G53/><T15/><D10/><U12/><E41/><V13/><F40/><W105/><G105/><T113/><D113/><U132/><E132/><V109/><F109/><W57/><G57/><T51/><D51/><U83/><E19/><N who="2" m="10479" /><F1/><W125/><G125/><T130/><D130/><U35/><E35/><V117/><F117/><W54/><G54/><T38/><D38/><U74/><E75/><V73/><F73/><W36/><G36/><T78/><D78/><U82/><E83/><V46/><F46/><W2/><G2/><T50/><D50/><U24/><E100/><V129/><F129/><W67/><G68/><T29/><D104/><U34/><E43/><V95/><F95/><W39/><G39/><T5/><D106/><U49/><E37/><V134/><F134/><W80/><G80/><T70/><D70/><U120/><E49/><V18/><F52/><W25/><AGARI ba="0,0" hai="16,22,25,64,67,72,79,81" m="42538,44586" machi="25" ten="30,2000,0" yaku="14,1,54,1" doraHai="11" who="3" fromWho="3" sc="279,-5,250,-5,240,-10,231,20" /><INIT seed="3,0,0,3,4,92" ten="274,245,230,251" oya="3" hai0="108,99,123,42,82,135,115,2,131,94,68,28,13" hai1="118,40,113,76,69,97,41,12,116,98,44,77,134" hai2="109,38,9,4,85,103,84,71,32,21,63,89,37" hai3="22,14,88,104,87,86,119,78,73,74,121,70,112"/><W80/><G70/><T1/><D68/><U34/><E69/><V122/><F32/><W25/><G112/><T20/><D123/><U133/><E12/><V39/><F122/><W27/><G119/><T83/><D115/><U54/><E113/><V43/><F109/><W125/><G121/><T3/><D108/><U29/><E34/><V11/><F103/><W18/><G104/><T48/><D131/><U57/><E57/><V102/><F102/><W79/><G125/><T8/><D135/><U16/><E44/><V66/><F84/><W53/><G53/><T49/><D20/><U130/><E54/><V15/><F11/><W5/><G5/><T95/><D28/><U23/><E23/><V132/><F132/><W33/><G33/><T30/><D30/><U24/><E29/><V67/><F21/><W93/><REACH who="3" step="1"/><G74/><REACH who="3" ten="274,245,230,241" step="2"/><T120/><D120/><U75/><E75/><V56/><F43/><W19/><G19/><T51/><D42/><U36/><E16/><V72/><F72/><W110/><G110/><T129/><D2/><U107/><E107/><V106/><F106/><W127/><G127/><T100/><D1/><U101/><E134/><V26/><F71/><W7/><G7/><T64/><D3/><U96/><E133/><V111/><F111/><W31/><G31/><T128/><D128/><U0/><E130/><V47/><F67/><W59/><G59/><T10/><D129/><U45/><E0/><V81/><F47/><W124/><G124/><T52/><D64/><U35/><E41/><V55/><F66/><W58/><G58/><T105/><D52/><RYUUKYOKU ba="0,1" sc="274,-15,245,-15,230,15,241,15" hai2="4,9,15,26,37,38,39,55,56,63,81,85,89" hai3="14,18,22,25,27,73,78,79,80,86,87,88,93" /><INIT seed="3,1,1,4,5,5" ten="259,230,245,256" oya="3" hai0="86,25,131,8,1,3,61,21,132,4,85,64,125" hai1="19,82,71,0,111,31,70,122,80,90,97,110,105" hai2="55,46,69,108,115,75,26,40,92,34,107,127,53" hai3="62,72,14,76,37,100,101,39,135,87,66,22,79"/><W58/><G72/><T130/><D3/><U96/><E0/><V33/><F115/><W121/><G121/><T44/><D132/><U47/><E122/><V16/><F108/><W11/><G135/><T6/><D6/><U52/><E31/><V35/><F107/><W133/><G133/><T23/><D44/><U13/><E105/><V119/><F119/><W94/><G39/><T50/><D50/><N who="1" m="28767" /><E82/><V89/><F127/><W51/><G37/><T42/><D42/><U128/><E128/><N who="0" m="49193" /><D125/><U15/><E13/><V49/><F75/><W10/><G51/><T117/><D117/><U30/><E30/><V24/><F69/><W67/><G67/><T129/><N who="0" m="49201" /><T114/><DORA hai="99" /><D114/><U48/><E48/><V63/><F63/><W78/><G94/><T134/><D134/><U104/><E96/><V124/><F124/><W77/><G87/><N who="0" m="33291" /><D25/><U12/><E12/><V29/><F26/><W113/><N who="3" m="19456" /><DORA hai="2" /><W18/><G113/><T9/><D9/><AGARI ba="1,1" hai="9,10,11,14,18,22,58,62,66,100,101" m="19456" machi="9" ten="50,18000,2" yaku="8,1,52,5" doraHai="5,99,2" who="3" fromWho="0" sc="259,-183,230,0,245,0,256,193" owari="76,-42.0,230,-17.0,245,5.0,449,54.0" /></mjloggm>