<mjloggm ver="2.3"><GO type="41" lobby="0"/><UN n0="%6A%65%72%69%63%68%6F" n1="%E5%B0%B1%E6%B4%BB%E7%94%9F%40%E5%B7%9D%E6%9D%91%E8%BB%8D%E5%9B%A3" n2="%E3%81%B5%E3%83%BC%E6%A7%98" n3="%74%6F%6D%65%74%6F%6D%6F" dan="14,16,13,14" rate="1929.69,2073.87,1869.11,1903.24" sx="M,M,M,M"/><TAIKYOKU oya="0"/><INIT seed="0,0,0,1,2,116" ten="250,250,250,250" oya="0" hai0="115,119,128,27,66,76,108,121,51,70,87,80,54" hai1="72,103,30,117,22,35,124,13,12,127,71,102,17" hai2="29,88,7,46,94,2,78,59,77,130,16,92,10" hai3="90,47,38,26,84,5,64,81,79,69,31,15,49"/><T89/><D119/><U104/><E71/><V96/><F130/><W129/><G38/><T98/><D115/><U44/><E72/><V57/><F29/><W74/><G129/><T107/><D128/><U97/><E117/><V101/><F46/><W106/><G106/><T133/><D133/><U110/><E110/><V113/><F113/><W123/><G69/><T50/><D108/><U86/><E103/><V37/><F37/><W8/><G64/><T11/><D51/><U93/><E35/><V48/><F59/><W68/><G68/><T25/><D11/><U45/><E30/><V105/><F105/><W83/><G123/><T61/><D121/><U28/><E28/><V24/><F57/><W4/><G4/><T125/><D125/><N who="1" m="48203" /><E13/><V21/><F48/><W33/><G49/><T58/><REACH who="0" step="1"/><D89/><AGARI ba="0,0" hai="12,17,22,44,45,86,89,93,97,102,104" m="48203" machi="89" ten="30,1000,0" yaku="18,1" doraHai="116" who="1" fromWho="0" sc="250,-10,250,10,250,0,250,0" /><INIT seed="1,0,0,5,5,89" ten="240,260,250,250" oya="1" hai0="6,132,68,7,110,83,52,24,92,56,69,123,122" hai1="9,71,40,33,58,100,63,105,61,113,0,23,31" hai2="48,107,13,17,111,54,134,125,55,30,127,129,43" hai3="26,130,115,85,120,119,128,77,4,57,96,108,97"/><U112/><E71/><V109/><F107/><W50/><G115/><T45/><D45/><U74/><E74/><V10/><F30/><W103/><G120/><N who="0" m="46123" /><D110/><N who="2" m="41994" /><F43/><W27/><G108/><T39/><D83/><U38/><E33/><V64/><F64/><W34/><G119/><T44/><D132/><U47/><E63/><V80/><F134/><W21/><G34/><T41/><D24/><U16/><E31/><V135/><F135/><W76/><G4/><N who="0" m="1579" /><D92/><U88/><E9/><V3/><F3/><W49/><G85/><T8/><D8/><U42/><E0/><V75/><F129/><W73/><G21/><T133/><D133/><U62/><E42/><V114/><F114/><W131/><G73/><T94/><D94/><U90/><E62/><AGARI ba="0,0" hai="39,41,44,52,56,62,68,69" m="1579,46123" machi="62" ten="30,2000,0" yaku="13,1,54,1" doraHai="89" who="0" fromWho="1" sc="240,20,260,-20,250,0,250,0" /><INIT seed="2,0,0,5,0,117" ten="260,240,250,250" oya="2" hai0="10,82,74,135,8,7,71,26,85,49,40,61,111" hai1="58,102,64,53,128,75,24,6,93,78,123,32,65" hai2="109,84,108,14,103,51,99,67,56,131,86,57,62" hai3="0,87,121,36,124,66,28,95,116,5,35,122,54"/><V23/><F131/><W3/><G116/><T130/><D74/><U1/><E128/><V129/><F129/><W118/><G118/><T45/><D130/><U43/><E43/><V90/><F56/><W98/><G36/><T133/><D111/><N who="2" m="42570" /><F51/><W16/><G66/><N who="0" m="41423" /><D26/><U112/><E112/><V47/><F47/><W88/><G3/><T77/><D10/><U11/><E65/><V126/><F126/><W106/><G124/><T96/><D96/><U25/><E64/><V97/><F99/><W21/><G28/><T30/><D30/><U68/><E68/><V55/><F67/><W81/><G35/><T48/><D48/><U113/><E113/><V101/><F97/><W15/><G106/><T80/><D80/><U79/><E75/><V31/><F86/><W22/><G22/><T38/><D38/><U100/><E58/><V91/><F91/><W42/><G42/><T114/><D114/><U44/><E53/><V50/><F62/><W18/><G18/><T92/><D92/><U20/><E44/><V134/><F134/><W33/><G33/><T29/><D29/><N who="1" m="19495" /><E78/><V132/><F132/><W46/><G0/><T12/><AGARI ba="0,0" hai="7,8,12,40,45,49,77,82,85,133,135" m="41423" machi="12" ten="30,1100,0" yaku="25,1" doraHai="117" who="0" fromWho="0" sc="260,11,240,-3,250,-5,250,-3" /><INIT seed="3,0,0,2,0,31" ten="271,237,245,247" oya="3" hai0="120,21,102,30,105,46,89,45,70,52,126,41,44" hai1="22,110,81,99,42,92,55,25,106,96,77,123,18" hai2="107,78,74,132,83,62,48,71,3,35,66,130,53" hai3="101,65,54,131,64,29,8,60,115,128,108,67,73"/><W32/><G115/><T51/><D120/><U24/><E110/><V12/><F132/><W9/><G73/><T63/><D126/><U37/><E123/><V58/><F130/><N who="3" m="49707" /><G108/><T87/><D102/><U94/><E106/><V125/><F125/><W111/><G111/><T6/><D105/><U121/><E121/><V33/><F3/><W23/><G23/><T57/><D6/><U5/><E5/><V68/><F107/><W27/><G101/><T104/><D70/><U26/><E42/><V39/><F71/><W134/><G134/><T11/><D11/><N who="3" m="4169" /><G54/><T85/><D85/><N who="1" m="48303" /><E55/><V88/><F12/><W16/><G16/><T91/><D91/><N who="1" m="55327" /><E37/><V56/><F68/><AGARI ba="0,0" hai="27,29,32,60,64,65,67,68" m="4169,49707" machi="68" ten="30,2900,0" yaku="19,1,52,1" doraHai="31" who="3" fromWho="2" sc="271,0,237,0,245,-29,247,29" /><INIT seed="3,1,0,0,0,30" ten="271,237,216,276" oya="3" hai0="36,54,49,25,70,108,12,13,32,107,115,55,14" hai1="104,61,75,129,39,83,40,74,87,89,79,31,80" hai2="68,131,10,27,19,78,46,127,132,123,56,105,15" hai3="4,21,34,7,121,48,112,133,135,102,114,72,69"/><W110/><G72/><T60/><D107/><U29/><E129/><V67/><F68/><W28/><G69/><T90/><D36/><U82/><E104/><V66/><F105/><W9/><G121/><T76/><D76/><U47/><REACH who="1" step="1"/><E61/><REACH who="1" ten="271,227,216,276" step="2"/><V113/><F131/><W119/><G114/><T51/><D115/><U11/><E11/><V116/><F113/><W103/><G112/><T38/><D60/><U88/><E88/><V3/><F123/><W43/><G102/><T99/><D90/><U73/><E73/><V44/><F10/><W20/><G103/><T101/><D101/><U5/><E5/><V77/><F78/><AGARI ba="1,1" hai="29,31,39,40,47,74,75,78,79,80,82,83,87,89" machi="78" ten="40,2600,0" yaku="1,1,9,1,53,0" doraHai="30" doraHaiUra="1" who="1" fromWho="2" sc="271,0,227,39,216,-29,276,0" /><INIT seed="4,0,0,4,0,2" ten="271,266,187,276" oya="0" hai0="75,86,77,59,4,55,57,43,47,78,65,109,52" hai1="54,126,95,94,73,7,113,117,120,125,101,72,70" hai2="39,88,8,38,129,53,111,118,62,17,84,9,93" hai3="30,124,102,99,98,22,27,19,97,90,18,106,21"/><T12/><D75/><N who="1" m="28747" /><E70/><V91/><F118/><W29/><G124/><N who="1" m="47722" /><E117/><V66/><F129/><W92/><REACH who="3" step="1"/><G98/><REACH who="3" ten="271,266,187,266" step="2"/><T31/><D109/><U116/><E116/><V67/><F111/><W87/><G87/><T79/><D86/><U69/><E69/><V123/><F123/><W26/><AGARI ba="0,1" hai="18,19,21,22,26,27,29,30,90,92,97,99,102,106" machi="26" ten="20,5200,0" yaku="1,1,0,1,7,1,9,1,53,0" doraHai="2" doraHaiUra="114" who="3" fromWho="3" sc="271,-26,266,-13,187,-13,266,62" /><INIT seed="5,0,0,3,2,45" ten="245,253,174,328" oya="1" hai0="109,17,102,119,22,86,14,6,66,89,88,80,62" hai1="56,99,50,79,121,113,32,108,110,70,59,91,130" hai2="13,46,73,81,42,115,34,77,27,18,47,29,129" hai3="67,25,54,11,131,124,75,57,48,37,5,68,122"/><U10/><E32/><V2/><F129/><W64/><G75/><T84/><D109/><N who="1" m="42091" /><E70/><V114/><F2/><W3/><G122/><T36/><D36/><U107/><E121/><V41/><F47/><W134/><G131/><T69/><D119/><U52/><E113/><N who="2" m="43019" /><F46/><W49/><G134/><T71/><D102/><N who="1" m="62943" /><E130/><V1/><F1/><W65/><G37/><T31/><D31/><U87/><E79/><V43/><F43/><W116/><G68/><T92/><REACH who="0" step="1"/><D6/><REACH who="0" ten="235,253,174,328" step="2"/><U44/><E10/><AGARI ba="0,1" hai="10,13,18,27,29,34,41,42,73,77,81" m="43019" machi="10" ten="30,2000,0" yaku="15,1,11,1" doraHai="45" who="2" fromWho="1" sc="235,0,253,-20,174,30,328,0" /><INIT seed="6,0,0,0,5,125" ten="235,233,204,328" oya="2" hai0="75,53,1,63,123,81,11,86,14,45,64,116,129" hai1="78,110,65,132,42,56,109,38,128,89,17,54,103" hai2="101,34,44,8,105,98,121,80,50,118,108,85,130" hai3="21,25,60,87,135,28,13,124,82,49,94,76,93"/><V71/><F118/><W32/><G124/><T119/><D123/><U90/><E65/><V20/><F121/><W112/><G135/><T120/><D75/><U27/><E132/><V43/><F34/><W66/><G112/><T107/><D1/><U133/><E133/><V3/><F71/><W51/><G94/><T131/><D107/><U111/><E78/><V77/><F108/><W40/><G40/><T31/><D31/><U72/><E72/><V15/><F20/><W100/><G32/><T22/><D22/><U102/><E17/><V62/><F62/><W96/><REACH who="3" step="1"/><G13/><REACH who="3" ten="235,233,204,318" step="2"/><T19/><D120/><U84/><E42/><V115/><F115/><W4/><G4/><T117/><D81/><U39/><E109/><V134/><F134/><W95/><G95/><T104/><D104/><U67/><E110/><V58/><F3/><W79/><G79/><T23/><D11/><U16/><E39/><V37/><F37/><W46/><G46/><T30/><D45/><U55/><E38/><V26/><F26/><W9/><G9/><T83/><D83/><U106/><E27/><V47/><F44/><W33/><G33/><T2/><D2/><U6/><E6/><N who="2" m="3479" /><F58/><AGARI ba="0,1" hai="21,25,28,49,51,58,60,66,76,82,87,93,96,100" machi="58" ten="30,12000,2" yaku="1,1,7,1,25,2,8,1,53,1" doraHai="125" doraHaiUra="52" who="3" fromWho="2" sc="235,0,233,0,204,-120,318,130" /><INIT seed="7,0,0,4,3,120" ten="235,233,84,448" oya="3" hai0="88,126,73,22,90,116,121,27,96,63,104,46,30" hai1="130,26,66,51,79,4,40,35,123,41,45,78,81" hai2="65,5,111,107,8,105,60,119,50,94,17,24,14" hai3="91,89,47,34,108,134,12,128,28,1,84,113,3"/><W42/><G12/><T122/><D116/><U58/><E130/><V29/><F119/><W118/><G28/><T18/><D73/><U44/><E123/><V124/><F124/><W55/><G55/><T114/><D126/><U0/><E0/><V106/><F50/><W80/><G91/><T21/><D114/><U101/><E4/><V62/><F94/><W67/><G67/><T133/><D133/><U75/><E78/><V37/><F37/><W16/><G16/><T33/><D33/><U52/><E101/><V103/><F17/><W135/><G89/><T86/><D90/><U38/><E66/><V117/><F117/><W112/><G84/><T71/><D46/><U110/><E110/><V20/><F103/><W2/><G80/><T6/><D6/><U97/><E97/><V85/><F85/><W99/><G99/><T74/><D74/><U95/><E95/><V93/><F93/><W83/><G83/><N who="0" m="49247" /><D104/><U100/><E100/><V125/><F125/><W49/><G108/><T115/><D96/><U9/><E9/><V54/><F54/><W7/><G34/><T19/><D115/><N who="3" m="44105" /><G118/><T82/><D82/><U43/><E45/><V109/><REACH who="2" step="1"/><F62/><REACH who="2" ten="235,233,74,448" step="2"/><W64/><G128/><T98/><D19/><U48/><E38/><V92/><F92/><W87/><G87/><T76/><D98/><U10/><E48/><V31/><F31/><W72/><G72/><T25/><D76/><U32/><E51/><V131/><F131/><W77/><G77/><T56/><D122/><U59/><E79/><V23/><F23/><W36/><G36/><T13/><D121/><RYUUKYOKU ba="0,1" sc="235,-10,233,-10,74,30,448,-10" hai2="5,8,14,20,24,29,60,65,105,106,107,109,111" owari="225,3.0,223,-18.0,104,-40.0,448,55.0" /></mjloggm>