<mjloggm ver="2.3"><GO type="41" lobby="0"/><UN n0="%6D%61%6E%6E%31%38%31%30" n1="%E5%B0%B1%E6%B4%BB%E7%94%9F%40%E5%B7%9D%E6%9D%91%E8%BB%8D%E5%9B%A3" n2="%72%65%6E%6E%65%73%6B%6F" n3="%61%75%74%6F%6B%69%74" dan="13,17,14,13" rate="1879.75,2118.90,1945.61,1859.76" sx="M,M,M,M"/><TAIKYOKU oya="0"/><INIT seed="0,0,0,0,0,84" ten="250,250,250,250" oya="0" hai0="15,105,107,132,112,34,128,10,94,14,126,88,93" hai1="9,97,76,135,64,40,26,77,104,122,95,36,96" hai2="85,30,117,121,110,33,74,3,28,66,123,7,20" hai3="62,65,5,37,52,100,25,6,42,99,19,131,56"/><T134/><D34/><U86/><E122/><V17/><F74/><W0/><G131/><T43/><D112/><U53/><E135/><N who="0" m="51753" /><D43/><U23/><E64/><V2/><F66/><W57/><G0/><T24/><D24/><U120/><E120/><N who="2" m="46155" /><F85/><W29/><G37/><T68/><D68/><U83/><E9/><N who="2" m="2295" /><F110/><W82/><G19/><T71/><D71/><U115/><E115/><V55/><F55/><W44/><G82/><T127/><D14/><U114/><E114/><V119/><F3/><W32/><G44/><T101/><D94/><U38/><E76/><V49/><F49/><W22/><G32/><T47/><D47/><U39/><E104/><N who="0" m="40009" /><D101/><U90/><E53/><V27/><F30/><W109/><G42/><T118/><D118/><U41/><REACH who="1" step="1"/><E97/><REACH who="1" ten="250,240,250,250" step="2"/><V69/><F69/><W111/><G109/><T12/><D128/><U72/><E72/><V46/><F46/><W75/><G111/><T51/><D10/><U103/><E103/><V113/><F113/><W124/><G75/><T89/><D51/><U50/><E50/><V54/><F54/><W8/><G99/><T116/><D116/><U130/><E130/><V31/><F31/><AGARI ba="0,1" hai="23,26,31,36,38,39,40,41,77,83,86,90,95,96" machi="31" ten="40,5200,0" yaku="1,1,52,1,53,1" doraHai="84" doraHaiUra="81" who="1" fromWho="2" sc="250,0,240,62,250,-52,250,0" /><INIT seed="1,0,0,3,0,46" ten="250,302,198,250" oya="1" hai0="11,99,60,19,20,52,34,18,1,64,70,98,80" hai1="134,81,51,17,44,23,96,120,3,74,7,39,114" hai2="102,86,50,56,69,27,43,55,72,100,119,79,2" hai3="97,57,42,110,115,117,33,38,6,41,58,73,131"/><U93/><E114/><V35/><F119/><W112/><G110/><T78/><D34/><U103/><E120/><V118/><F69/><W107/><G112/><T22/><D1/><U10/><E134/><V128/><F118/><W54/><G115/><T76/><D11/><U49/><E74/><V68/><F68/><W108/><G117/><T8/><D8/><U0/><E0/><V113/><F2/><W105/><G108/><T82/><D70/><U59/><E81/><V36/><F128/><W87/><G131/><T109/><D109/><U21/><E21/><V94/><F72/><W62/><G107/><T84/><D64/><U37/><E59/><V71/><F71/><W130/><G73/><T95/><D95/><U24/><REACH who="1" step="1"/><E51/><REACH who="1" ten="250,292,198,250" step="2"/><N who="2" m="30847" /><F113/><W92/><G130/><T12/><D60/><U40/><AGARI ba="0,1" hai="3,7,10,17,23,24,37,39,40,44,49,93,96,103" machi="40" ten="20,7800,0" yaku="1,1,0,1,7,1,52,1,53,0" doraHai="46" doraHaiUra="101" who="1" fromWho="1" sc="250,-26,292,88,198,-26,250,-26" /><INIT seed="1,1,0,0,1,111" ten="224,380,172,224" oya="1" hai0="75,47,58,126,19,2,95,65,57,9,61,67,10" hai1="6,124,52,66,44,76,49,134,33,127,114,25,79" hai2="100,101,121,81,115,106,4,5,94,42,128,85,90" hai3="104,50,109,91,113,89,18,87,72,110,11,117,14"/><U26/><E114/><V21/><F42/><W59/><G72/><T105/><D105/><U80/><E134/><V56/><F121/><W54/><G117/><T129/><D75/><U16/><E6/><V107/><F56/><W37/><G37/><T7/><D126/><N who="1" m="48171" /><E66/><V86/><F21/><W29/><G104/><N who="2" m="39977" /><F5/><W116/><G116/><T132/><D129/><U48/><E80/><V99/><F4/><W13/><G29/><T88/><D47/><N who="1" m="27679" /><E26/><V112/><F128/><W45/><G91/><T22/><D132/><U68/><E68/><V40/><F40/><W69/><G69/><T133/><D133/><U63/><E63/><V102/><F86/><W64/><G64/><T131/><D131/><U78/><E33/><V82/><F82/><W120/><G120/><T135/><D135/><U77/><E25/><V74/><F74/><W92/><G14/><T39/><D39/><U53/><E76/><AGARI ba="1,0" hai="76,81,85,90,94,99,100,101,102,112,115" m="39977" machi="76" ten="30,7700,0" yaku="34,2,52,2" doraHai="111" who="2" fromWho="1" sc="224,0,380,-80,172,80,224,0" /><INIT seed="2,0,0,3,2,29" ten="224,300,252,224" oya="2" hai0="67,117,1,81,80,4,98,56,51,110,38,13,128" hai1="42,26,114,104,79,71,69,125,57,65,96,124,95" hai2="122,115,108,8,2,10,11,50,45,25,15,101,39" hai3="92,59,18,133,86,90,27,17,47,54,43,64,68"/><V72/><F122/><W0/><G0/><T116/><D38/><U41/><E104/><V5/><F115/><W53/><G133/><T75/><D1/><U23/><E79/><V118/><F39/><W28/><G54/><T3/><D3/><U89/><E114/><V34/><F118/><W31/><G31/><T88/><D110/><U87/><E57/><V85/><F72/><W78/><G78/><T74/><D128/><U66/><E96/><V76/><F108/><W30/><G30/><T91/><D4/><U73/><E73/><N who="0" m="27657" /><D13/><U24/><E66/><V9/><F101/><W103/><G64/><T21/><D21/><U44/><E65/><V102/><F102/><W106/><G103/><T52/><D67/><U131/><E131/><V127/><F127/><N who="1" m="48713" /><E42/><N who="2" m="24887" /><F25/><N who="1" m="9833" /><E23/><V22/><F22/><N who="3" m="15479" /><G106/><T130/><D130/><U7/><E7/><V20/><F20/><W109/><G109/><T132/><D132/><U63/><E63/><V126/><F126/><W32/><G32/><T77/><D98/><U60/><E60/><V97/><F97/><W12/><G68/><T14/><D14/><U36/><AGARI ba="0,0" hai="36,41,44,69,71,87,89,95" m="9833,48713" machi="36" ten="30,1100,0" yaku="18,1" doraHai="29" who="1" fromWho="1" sc="224,-3,300,11,252,-5,224,-3" /><INIT seed="3,0,0,4,4,8" ten="221,311,247,221" oya="3" hai0="52,2,98,6,128,71,49,14,83,29,92,20,135" hai1="48,113,89,42,54,60,22,110,122,76,109,18,23" hai2="27,106,96,43,65,5,4,120,66,15,111,38,115" hai3="116,130,132,117,79,41,77,12,68,30,127,74,80"/><W94/><G68/><T100/><D71/><U40/><E122/><V10/><F111/><N who="1" m="42505" /><E76/><V105/><F115/><W69/><G69/><T61/><D2/><U82/><E60/><V73/><F73/><W55/><G41/><N who="1" m="15978" /><E113/><V34/><F120/><W95/><G30/><T47/><D128/><U16/><E89/><V133/><F133/><W104/><G104/><T35/><D35/><U108/><E82/><V1/><F1/><W103/><G132/><T25/><D83/><U63/><E63/><V124/><F4/><W56/><G130/><T7/><D135/><U57/><N who="1" m="42513" /><U119/><DORA hai="88" /><E119/><V126/><F27/><W91/><G127/><T81/><D81/><U17/><AGARI ba="0,0" hai="16,17,18,22,23,48,54,57" m="15978,42513" machi="17" ten="50,3200,0" yaku="14,1,54,1" doraHai="8,88" who="1" fromWho="1" sc="221,-8,311,32,247,-8,221,-16" /><INIT seed="4,0,0,4,2,26" ten="213,343,239,205" oya="0" hai0="31,58,41,119,101,42,82,14,78,4,112,106,109" hai1="130,12,117,99,79,85,95,132,87,93,105,131,18" hai2="90,76,67,36,3,49,61,15,65,24,123,50,33" hai3="63,84,107,70,52,111,57,30,28,77,37,51,55"/><T88/><D112/><U1/><E1/><V108/><F3/><W48/><G37/><T45/><D119/><U96/><E117/><V129/><F108/><W38/><G107/><T25/><D58/><U13/><E132/><V122/><F36/><W29/><G38/><T100/><D109/><U118/><E118/><V121/><F76/><W83/><G111/><T10/><D106/><U60/><E60/><V102/><F102/><W2/><G70/><T135/><D135/><U68/><E68/><V62/><F15/><W120/><G2/><T20/><D42/><U53/><E53/><N who="3" m="20554" /><G120/><T47/><D47/><U128/><E79/><V134/><F134/><W59/><G63/><N who="2" m="24073" /><F90/><W66/><G66/><N who="2" m="25097" /><F24/><W91/><G77/><T22/><D22/><U126/><E105/><V5/><F33/><W46/><G46/><T39/><D88/><N who="1" m="55335" /><E126/><V71/><F5/><W116/><G116/><T80/><D80/><U125/><E125/><V94/><F94/><W44/><G44/><T27/><D27/><U35/><E35/><V133/><F133/><W92/><G83/><T69/><D69/><U6/><E6/><V16/><F71/><W32/><G32/><T114/><D114/><U98/><E98/><V81/><F81/><W7/><G7/><T11/><D11/><N who="1" m="6431" /><E13/><V54/><F16/><W86/><G84/><AGARI ba="0,0" hai="4,10,14,20,25,31,39,41,45,78,82,84,100,101" machi="84" ten="30,2900,0" yaku="7,1,52,1" doraHai="26" who="0" fromWho="3" sc="213,29,343,0,239,0,205,-29" /><INIT seed="4,1,0,0,5,28" ten="242,343,239,176" oya="0" hai0="98,114,71,45,61,58,4,132,124,69,39,5,79" hai1="127,92,12,87,0,83,3,63,72,108,38,115,8" hai2="50,91,86,30,23,80,55,31,118,107,84,89,123" hai3="13,22,35,11,21,100,119,52,103,16,105,97,82"/><T9/><D114/><U37/><E108/><V57/><F123/><W90/><G103/><T29/><D132/><U62/><E115/><V74/><F118/><W17/><G119/><T43/><D124/><U48/><E127/><V65/><F74/><W102/><G102/><T93/><D29/><U15/><E72/><V25/><F107/><W44/><G35/><T10/><D79/><U133/><E133/><V1/><F1/><W24/><G24/><T126/><D126/><U54/><E38/><V128/><F128/><W34/><G17/><T96/><D96/><U116/><E37/><V95/><F65/><W77/><G34/><T85/><D85/><U113/><E113/><V122/><F122/><W129/><G129/><T20/><D20/><U75/><E75/><V88/><F31/><W99/><G99/><T6/><D71/><U53/><E0/><V36/><F36/><W104/><G104/><T78/><D78/><AGARI ba="1,0" hai="23,25,30,50,55,57,78,80,84,86,88,89,91,95" machi="78" ten="30,3900,0" yaku="7,1,8,1,54,1" doraHai="28" who="2" fromWho="0" sc="242,-42,343,0,239,42,176,0" /><INIT seed="5,0,0,5,5,99" ten="200,343,281,176" oya="1" hai0="77,0,83,62,125,60,106,22,39,75,15,76,100" hai1="87,88,51,122,28,32,65,14,58,3,47,79,84" hai2="98,63,103,7,92,10,108,73,129,5,56,26,57" hai3="86,72,64,12,69,101,112,6,49,25,16,130,67"/><U114/><E3/><V109/><F129/><W123/><G72/><T20/><D0/><U81/><E122/><V38/><F73/><W128/><G69/><T33/><D33/><U94/><E114/><V121/><F38/><W46/><G123/><T89/><D125/><U135/><E135/><V30/><F57/><W105/><G112/><T18/><D39/><U95/><E32/><V50/><F50/><W91/><G105/><T52/><D89/><U21/><E94/><V27/><F27/><W116/><G101/><T82/><D22/><U61/><E14/><V44/><F44/><W119/><G25/><T59/><D62/><U24/><E51/><V102/><F102/><W45/><G6/><T1/><D1/><U36/><E36/><V53/><F121/><W117/><G46/><AGARI ba="0,0" hai="21,24,28,46,47,58,61,65,79,81,84,87,88,95" machi="46" ten="40,3900,0" yaku="8,1,54,1" doraHai="99" who="1" fromWho="3" sc="200,0,343,39,281,0,176,-39" /><INIT seed="5,1,0,2,0,41" ten="200,382,281,137" oya="1" hai0="35,25,79,43,30,73,98,134,133,123,115,106,58" hai1="94,45,0,93,104,119,114,71,129,75,127,44,63" hai2="100,97,18,3,56,42,27,92,55,6,125,51,59" hai3="62,29,110,78,77,126,16,132,20,48,130,4,49"/><U103/><E0/><V108/><F108/><W50/><G110/><T99/><D115/><U52/><E75/><V72/><F125/><W19/><G126/><T80/><D58/><U83/><E119/><V91/><F72/><W33/><G130/><T53/><D53/><U22/><E127/><V5/><F3/><W2/><G132/><N who="0" m="50795" /><D99/><U21/><E104/><V1/><F1/><W34/><G29/><T37/><D98/><U32/><E32/><V46/><F59/><W102/><G102/><T87/><D87/><U15/><E103/><V67/><F67/><W88/><G2/><T23/><D23/><U11/><E71/><V118/><F118/><W28/><G4/><T70/><D106/><U107/><E107/><V8/><F100/><W60/><G34/><T9/><D9/><U85/><E129/><V128/><F128/><W112/><G33/><T12/><D12/><U39/><E39/><V84/><F84/><W121/><G112/><T14/><D14/><U68/><E68/><V76/><F76/><N who="3" m="29291" /><G121/><T117/><D70/><U124/><E124/><V111/><F111/><W57/><G57/><T26/><D26/><U122/><E122/><V74/><F74/><W81/><G28/><T65/><D65/><U90/><E114/><V86/><F86/><N who="3" m="50255" /><G19/><T61/><D61/><U120/><E120/><V40/><F8/><W10/><G10/><T96/><D123/><U113/><E113/><V69/><F69/><W64/><G64/><T105/><D117/><U47/><E11/><V66/><F66/><W7/><G7/><N who="2" m="2569" /><F56/><W131/><G131/><T54/><D35/><RYUUKYOKU ba="1,0" sc="200,-15,382,-15,281,15,137,15" hai2="18,27,40,42,46,51,55,91,92,97" hai3="16,20,48,49,50,60,62" /><INIT seed="6,2,0,5,2,125" ten="185,367,296,152" oya="2" hai0="57,102,17,69,83,116,78,33,25,129,124,43,105" hai1="20,120,65,67,93,49,9,1,110,21,46,73,103" hai2="55,71,113,63,3,0,44,14,5,58,108,91,36" hai3="132,77,29,2,40,75,22,109,19,51,8,98,18"/><V131/><F113/><W31/><G109/><T60/><D69/><U87/><E73/><V13/><F108/><W89/><G132/><T101/><D43/><U126/><E110/><V45/><F71/><W104/><G75/><T112/><D112/><U59/><E126/><V62/><F91/><W72/><G77/><T133/><D124/><U6/><E120/><V11/><F36/><W37/><G72/><T127/><D127/><U122/><E122/><V41/><F41/><W34/><G37/><T15/><D133/><U52/><E65/><V96/><F96/><W92/><G34/><T97/><D116/><U4/><E4/><V10/><F55/><W61/><G104/><T50/><D50/><U123/><E123/><V121/><F121/><W54/><G2/><T24/><D101/><U30/><E30/><V94/><F94/><W76/><G76/><T28/><D25/><U107/><E107/><V85/><F85/><W135/><G135/><T12/><D17/><U16/><E21/><V79/><F58/><N who="3" m="35031" /><G19/><T82/><D82/><U56/><E67/><V38/><F38/><W48/><G8/><T26/><D26/><U74/><E74/><V35/><F79/><W114/><G114/><T39/><D39/><U7/><E7/><V95/><F95/><W80/><G80/><T111/><D111/><U47/><E47/><V128/><F5/><W115/><G115/><T84/><D12/><N who="1" m="9223" /><E103/><V42/><F42/><W130/><G130/><T90/><D129/><U100/><E100/><V27/><F27/><N who="3" m="14807" /><G40/><T53/><D78/><U66/><E66/><V118/><F118/><RYUUKYOKU ba="2,0" sc="185,0,367,0,296,0,152,0" hai0="15,24,28,33,53,57,60,83,84,90,97,102,105" hai1="1,6,9,46,49,52,56,59,87,93" hai2="0,3,10,11,13,14,35,44,45,62,63,128,131" hai3="29,31,48,51,89,92,98" /><INIT seed="6,3,0,2,3,18" ten="185,367,296,152" oya="2" hai0="127,80,130,87,71,0,34,43,124,54,111,42,9" hai1="56,20,106,76,91,69,103,105,24,12,99,67,25" hai2="60,123,100,10,108,16,102,38,107,47,59,36,112" hai3="128,41,81,114,84,23,98,13,32,110,63,17,89"/><V29/><F112/><W11/><G110/><T28/><D71/><U7/><E106/><V40/><F123/><W39/><G32/><T82/><D111/><U88/><E69/><V135/><F108/><W66/><G114/><T101/><D101/><U2/><E2/><V21/><F135/><W33/><G128/><T1/><D34/><U120/><E76/><V132/><F38/><W94/><G33/><T73/><D28/><U85/><E120/><V119/><F119/><W50/><G39/><T97/><D97/><U122/><E122/><V49/><F36/><W3/><G3/><T74/><D9/><U52/><E67/><V15/><F107/><W8/><G50/><T93/><D93/><N who="1" m="58863" /><E91/><V35/><F35/><W48/><G48/><T64/><D64/><U86/><E86/><V68/><F68/><W121/><G41/><T126/><D54/><U45/><E45/><V79/><F79/><N who="3" m="46143" /><G121/><T96/><D96/><U61/><E105/><V4/><F29/><W116/><G116/><T55/><D55/><U22/><E7/><V115/><F132/><W65/><G65/><T117/><D124/><U133/><E12/><N who="2" m="9351" /><F115/><W75/><G75/><T53/><D53/><AGARI ba="3,0" hai="4,10,15,40,47,49,53,59,60,100,102" m="9351" machi="53" ten="30,5800,0" yaku="8,1,52,1,54,1" doraHai="18" who="2" fromWho="0" sc="185,-67,367,0,296,67,152,0" /><INIT seed="6,4,0,5,1,4" ten="118,367,363,152" oya="2" hai0="120,79,5,99,85,2,19,115,71,105,46,50,33" hai1="6,119,111,72,26,18,0,101,83,30,128,38,87" hai2="110,69,75,127,81,108,104,98,56,20,28,37,80" hai3="39,95,84,125,89,16,133,40,3,134,130,21,112"/><V35/><F69/><W48/><G125/><T47/><D33/><U70/><E119/><V43/><F20/><W8/><G130/><T61/><D120/><U93/><E111/><N who="2" m="42539" /><F127/><W88/><G89/><T24/><D115/><U10/><E128/><V106/><F56/><W60/><G39/><T27/><D2/><U11/><E70/><V41/><F28/><W14/><G60/><T63/><D5/><U54/><E38/><V90/><F35/><W55/><G40/><N who="2" m="15433" /><BYE who="1" /><F37/><W34/><G34/><T52/><D47/><U91/><E91/><V132/><F132/><N who="3" m="50795" /><G112/><UN n1="%E5%B0%B1%E6%B4%BB%E7%94%9F%40%E5%B7%9D%E6%9D%91%E8%BB%8D%E5%9B%A3" /><T67/><D63/><U36/><E72/><V100/><F75/><W126/><G126/><T76/><D76/><U74/><E74/><V65/><F65/><W114/><G114/><T118/><D118/><U117/><E117/><V49/><F49/><W129/><G129/><T31/><D24/><U123/><E36/><V92/><F106/><W58/><G3/><T96/><D105/><U122/><E0/><V64/><F64/><W77/><G77/><T86/><D31/><U109/><E26/><V121/><F121/><W15/><G14/><T9/><D27/><U57/><E122/><V73/><F73/><W45/><G45/><T53/><D53/><U44/><E109/><V97/><AGARI ba="4,0" hai="80,81,90,92,97,98,100,104" m="15433,42539" machi="97" ten="30,1500,0" yaku="10,1" doraHai="4" who="2" fromWho="2" sc="118,-9,367,-9,363,27,152,-9" /><INIT seed="6,5,0,5,4,26" ten="109,358,390,143" oya="2" hai0="108,92,74,13,101,7,28,10,40,15,80,2,22" hai1="42,116,64,51,112,94,68,102,59,19,44,6,130" hai2="57,32,8,71,107,87,35,124,0,5,30,18,123" hai3="127,113,38,90,46,53,63,88,103,93,41,34,129"/><V84/><F71/><W36/><G127/><T109/><D40/><U82/><E130/><V126/><F107/><W66/><G129/><T106/><D106/><U1/><E116/><V67/><F123/><W72/><G34/><T75/><D80/><U110/><E112/><V55/><F67/><W49/><G38/><T70/><D70/><U61/><E110/><V81/><F18/><W83/><G72/><T99/><D13/><U4/><E1/><V100/><F100/><W91/><G113/><T77/><D77/><U96/><E68/><V131/><F131/><W29/><G29/><T25/><D108/><U97/><E97/><V12/><F12/><W11/><G103/><T52/><D109/><U54/><E82/><V125/><F30/><W20/><G83/><T122/><D122/><U56/><REACH who="1" step="1"/><E19/><REACH who="1" ten="109,348,390,143" step="2"/><V43/><F87/><W104/><G104/><T24/><D2/><U121/><E121/><V89/><REACH who="2" step="1"/><F43/><REACH who="2" ten="109,348,380,143" step="2"/><W119/><G41/><T135/><D135/><U79/><E79/><V21/><F21/><W98/><G20/><T47/><D75/><U60/><AGARI ba="5,2" hai="4,6,42,44,51,54,56,59,60,61,64,94,96,102" machi="60" ten="20,5200,0" yaku="1,1,0,1,7,1,8,1,53,0" doraHai="26" doraHaiUra="78" who="1" fromWho="1" sc="109,-18,348,87,380,-31,143,-18" /><INIT seed="7,0,0,2,5,112" ten="91,435,349,125" oya="3" hai0="115,2,29,120,40,70,8,81,107,46,30,56,42" hai1="68,57,117,95,1,86,90,131,38,55,6,47,119" hai2="84,80,11,66,48,41,109,44,50,122,98,25,71" hai3="93,26,72,24,100,124,16,39,27,128,83,23,64"/><W58/><G124/><T37/><D120/><U34/><E68/><V126/><F109/><W85/><G39/><T96/><D70/><U135/><E34/><V102/><F126/><W113/><G72/><T49/><D56/><U13/><E1/><V121/><F50/><W111/><G128/><T10/><D10/><U125/><E125/><V118/><F25/><W101/><G113/><T62/><D62/><U134/><E38/><V5/><F66/><W32/><G32/><T78/><D115/><U76/><E76/><V9/><F118/><N who="1" m="45065" /><E47/><V33/><F33/><W17/><G17/><T61/><D61/><U21/><E131/><V60/><F11/><W105/><G105/><T106/><D106/><U116/><E116/><V91/><F60/><N who="3" m="37911" /><G93/><T75/><D42/><U77/><E77/><V69/><F69/><W82/><G111/><T79/><D79/><U22/><E6/><V19/><F71/><W114/><G114/><T51/><D51/><N who="1" m="30975" /><E13/><V15/><REACH who="2" step="1"/><F5/><REACH who="2" ten="91,435,339,125" step="2"/><W54/><G54/><T0/><D49/><U43/><E43/><V3/><F3/><W110/><G110/><T87/><D0/><U67/><E67/><V35/><F35/><W74/><G74/><T73/><D73/><U18/><E18/><V108/><F108/><W127/><G127/><T31/><D87/><U45/><E45/><V7/><F7/><W4/><G4/><N who="0" m="1047" /><D29/><U99/><E21/><V89/><F89/><N who="3" m="51383" /><G83/><T36/><D36/><U97/><E22/><V63/><F63/><W52/><G52/><T130/><D130/><U133/><AGARI ba="0,1" hai="86,90,95,97,99,133,134,135" m="30975,45065" machi="133" ten="40,8000,1" yaku="20,1,12,1,52,3" doraHai="112" who="1" fromWho="1" sc="91,-20,435,90,339,-20,125,-40" owari="71,-43.0,525,62.0,319,12.0,85,-31.0" /></mjloggm>