<mjloggm ver="2.3"><GO type="41" lobby="0"/><UN n0="%E8%BF%BD%E6%86%B6%E3%81%AE%E3%83%B4%E3%82%A3%E3%83%B4%E3%82%A3" n1="%74%65%6E%68%30" n2="%E5%B0%B1%E6%B4%BB%E7%94%9F%40%E5%B7%9D%E6%9D%91%E8%BB%8D%E5%9B%A3" n3="%68%69%72%6F%6E%6F%62%75" dan="14,15,17,14" rate="1903.35,2074.02,2161.59,1916.98" sx="M,M,M,M"/><TAIKYOKU oya="0"/><INIT seed="0,0,0,5,2,72" ten="250,250,250,250" oya="0" hai0="12,112,103,25,130,17,107,122,31,2,5,4,6" hai1="117,134,89,34,37,85,1,3,42,28,33,53,84" hai2="118,16,96,40,86,46,52,14,77,92,30,11,63" hai3="64,39,9,109,128,100,129,32,135,43,29,58,35"/><T69/><D69/><U23/><E117/><V27/><F118/><W74/><G109/><T90/><D90/><U115/><E134/><V110/><F110/><W49/><G39/><T123/><D107/><U38/><E53/><V56/><F77/><W97/><G74/><T114/><D103/><U62/><E89/><V126/><F86/><W94/><G29/><T54/><D2/><U75/><E75/><V55/><F126/><W71/><G71/><T8/><D130/><N who="3" m="50281" /><G135/><T47/><D47/><U59/><E59/><V108/><F108/><W70/><G70/><T131/><D54/><U21/><E62/><V98/><F55/><N who="3" m="32111" /><G64/><T61/><D61/><U124/><E28/><V73/><F73/><W120/><G120/><N who="0" m="46123" /><D131/><U51/><E124/><V13/><F13/><W48/><G9/><T105/><D105/><U93/><E51/><N who="2" m="27079" /><F92/><W15/><G15/><T133/><D133/><U76/><E93/><V101/><F101/><W88/><G100/><T57/><D57/><U132/><E132/><V121/><F121/><W65/><G65/><T79/><D114/><U45/><E115/><V104/><F104/><W18/><G18/><T111/><D111/><U127/><E127/><V102/><F102/><W20/><G20/><AGARI ba="0,0" hai="11,14,16,20,27,30,52,56,63,96,98" m="27079" machi="20" ten="30,3900,0" yaku="8,1,54,2" doraHai="72" who="2" fromWho="3" sc="250,0,250,0,250,39,250,-39" /><INIT seed="1,0,0,4,3,60" ten="250,250,289,211" oya="1" hai0="114,52,93,108,71,75,8,3,128,103,53,123,66" hai1="117,82,15,96,110,134,49,116,55,70,29,102,89" hai2="36,48,46,38,109,105,72,98,115,17,58,127,37" hai3="39,91,62,26,16,42,23,97,65,131,122,13,130"/><U90/><E29/><V11/><F72/><W92/><G122/><T106/><D114/><U77/><E70/><V0/><F115/><W41/><G39/><T126/><D75/><U31/><E31/><V84/><F109/><W86/><G86/><T28/><D106/><N who="1" m="63815" /><E55/><V33/><F33/><W32/><G32/><T40/><D28/><U121/><E49/><V51/><F127/><W57/><REACH who="3" step="1"/><G13/><REACH who="3" ten="250,250,289,201" step="2"/><T101/><D123/><U135/><E15/><V88/><F38/><W4/><G4/><T104/><D126/><U59/><E121/><V22/><F37/><W56/><G56/><T25/><D71/><U9/><E59/><V80/><F36/><W78/><G78/><T81/><D108/><U79/><E110/><V113/><F113/><W99/><G99/><T43/><D3/><U64/><E79/><V50/><F58/><W120/><G120/><T34/><D34/><U14/><E14/><V85/><F84/><W133/><G133/><T118/><D81/><U30/><E135/><V94/><F0/><W73/><G73/><T124/><D124/><U107/><E134/><V5/><F46/><W83/><G83/><T20/><D128/><AGARI ba="0,1" hai="16,23,26,41,42,57,62,65,91,92,97,128,130,131" machi="128" ten="40,8000,1" yaku="1,1,19,1,52,1,54,1,53,0" doraHai="60" doraHaiUra="44" who="3" fromWho="0" sc="250,-80,250,0,289,0,201,90" /><INIT seed="2,0,0,3,1,20" ten="170,250,289,291" oya="2" hai0="95,93,84,48,76,14,92,78,69,70,10,128,12" hai1="85,50,83,77,91,16,127,97,86,5,109,56,116" hai2="40,107,133,124,1,26,11,32,72,41,64,129,99" hai3="89,6,121,33,119,38,106,103,34,118,135,53,4"/><V94/><F107/><W17/><G121/><T114/><D114/><U63/><E109/><V105/><F105/><W60/><G38/><T74/><D128/><U101/><E127/><V44/><F72/><W46/><G106/><T82/><D48/><U111/><E111/><V100/><F129/><W2/><G103/><T45/><D45/><U22/><E5/><V66/><F124/><W110/><G110/><T59/><D59/><U75/><E116/><V62/><F133/><W29/><G135/><T28/><D28/><U49/><E75/><V67/><F62/><W125/><G125/><T58/><D58/><U96/><E101/><V104/><F104/><W87/><G2/><T112/><D112/><U134/><E134/><V31/><REACH who="2" step="1"/><F44/><REACH who="2" ten="170,250,279,291" step="2"/><W88/><G60/><T8/><D74/><U120/><E120/><V55/><F55/><W117/><G53/><T57/><D57/><U131/><E131/><V122/><F122/><W47/><G29/><T123/><D123/><U130/><E130/><V35/><F35/><N who="3" m="13323" /><G17/><N who="0" m="8327" /><D69/><U126/><E126/><V51/><F51/><W27/><G47/><T0/><D70/><U54/><E50/><V37/><F37/><W71/><G46/><T79/><D0/><U73/><E73/><V113/><F113/><W43/><G71/><T65/><D65/><U25/><REACH who="1" step="1"/><E49/><REACH who="1" ten="170,240,279,291" step="2"/><V68/><F68/><W39/><G39/><T52/><D52/><U80/><AGARI ba="0,2" hai="16,22,25,54,56,63,77,80,83,85,86,91,96,97" machi="80" ten="20,16000,3" yaku="1,1,2,1,0,1,7,1,8,1,52,1,54,1,53,1" doraHai="20" doraHaiUra="19" who="1" fromWho="1" sc="170,-40,240,180,279,-80,291,-40" /><INIT seed="3,0,0,0,4,18" ten="130,420,199,251" oya="3" hai0="98,99,120,93,56,50,75,10,32,107,49,47,83" hai1="2,112,38,110,76,39,62,31,55,52,57,9,80" hai2="35,4,111,89,108,60,71,106,101,113,126,66,82" hai3="58,33,121,102,16,65,25,94,131,43,81,87,64"/><W97/><G121/><T128/><D120/><U11/><E112/><V0/><F35/><W117/><G117/><T17/><D128/><U118/><E118/><V40/><F113/><W84/><G131/><T67/><D32/><U13/><E110/><N who="2" m="42027" /><F126/><W79/><G43/><T28/><D28/><U129/><E129/><V116/><F40/><W78/><G33/><T72/><D107/><U92/><E31/><V51/><F116/><W61/><G65/><T124/><D124/><U37/><E92/><V27/><F51/><W45/><G45/><T100/><D99/><U77/><E55/><V74/><F27/><W7/><G7/><T23/><D10/><U14/><E2/><V8/><F106/><W135/><G135/><T24/><D83/><U12/><REACH who="1" step="1"/><E77/><REACH who="1" ten="130,410,199,251" step="2"/><N who="3" m="29194" /><G81/><T90/><D100/><U36/><N who="1" m="9728" /><DORA hai="21" /><U70/><E70/><V85/><F101/><W73/><G73/><AGARI ba="0,1" hai="9,11,12,13,14,52,57,62,73,76,80" m="9728" machi="73" ten="70,4500,0" yaku="1,1,54,1,53,0" doraHai="18,21" doraHaiUra="29,134" who="1" fromWho="3" sc="130,0,410,55,199,0,251,-45" /><AGARI ba="0,0" hai="0,4,8,60,66,71,73,74,82,85,89" m="42027" machi="73" ten="30,1000,0" yaku="14,1" doraHai="18,21" who="2" fromWho="3" sc="130,0,465,0,199,10,206,-10" /><INIT seed="4,0,0,1,0,40" ten="130,465,209,196" oya="0" hai0="2,134,56,13,135,5,88,133,97,46,14,126,28" hai1="59,32,43,115,104,132,36,99,76,7,34,103,89" hai2="12,27,79,50,52,33,65,85,122,120,6,98,82" hai3="67,31,58,64,42,117,73,118,106,114,102,23,75"/><T94/><D126/><U35/><E59/><V127/><F127/><W25/><G114/><T109/><D109/><U10/><E115/><V91/><F65/><W3/><G3/><T77/><D77/><U66/><E89/><V51/><F51/><W30/><G42/><T112/><D112/><U86/><E66/><V70/><F70/><W26/><G58/><T74/><D74/><U68/><E68/><V90/><F33/><W0/><G0/><T93/><D28/><U49/><E49/><V124/><F124/><W125/><G125/><T71/><D71/><U57/><E57/><V78/><F27/><W69/><G69/><T130/><D130/><U20/><E20/><V4/><F122/><W16/><G102/><T47/><D56/><U38/><E86/><V128/><F128/><W121/><G106/><T22/><D22/><U41/><E76/><V17/><F120/><W44/><G121/><T19/><D2/><N who="1" m="375" /><E41/><V113/><F79/><W39/><G39/><N who="1" m="14890" /><E43/><V110/><F110/><W29/><G44/><N who="0" m="16939" /><D5/><N who="2" m="2154" /><F98/><W100/><G100/><N who="0" m="60463" /><D19/><U116/><E116/><V131/><F131/><W96/><G96/><AGARI ba="0,0" hai="13,14,88,94,96,133,134,135" m="60463,16939" machi="96" ten="30,12000,1" yaku="20,1,52,3,54,1" doraHai="40" who="0" fromWho="3" sc="130,120,465,0,209,0,196,-120" /><INIT seed="4,1,0,5,3,70" ten="250,465,209,76" oya="0" hai0="129,12,74,19,36,81,64,55,71,13,128,42,6" hai1="104,54,108,99,43,3,32,106,126,16,7,60,133" hai2="2,49,123,21,56,85,61,35,82,58,77,0,59" hai3="34,28,93,1,79,109,69,112,41,97,102,124,100"/><T53/><D71/><U29/><E108/><V24/><F35/><W89/><G109/><T30/><D30/><U8/><E133/><V127/><F123/><W134/><G69/><T83/><D64/><U73/><E73/><V86/><F127/><W84/><G1/><T88/><D6/><U94/><E126/><V119/><F119/><W9/><G41/><T17/><D74/><U87/><E87/><V111/><F111/><W75/><G9/><T63/><D63/><U66/><E54/><V90/><F49/><W91/><G28/><T130/><D81/><U45/><E16/><N who="0" m="6217" /><D55/><U50/><E29/><N who="2" m="17551" /><F2/><W131/><G34/><T125/><D53/><U48/><E32/><V44/><F44/><W67/><G67/><T5/><D5/><U122/><E122/><V39/><F39/><W135/><G124/><T52/><D52/><U65/><E66/><N who="2" m="39207" /><F0/><W98/><G112/><T95/><D125/><U118/><E118/><V18/><F18/><W23/><G23/><T46/><D83/><AGARI ba="1,0" hai="58,59,77,82,83,85,86,90" m="39207,17551" machi="83" ten="30,1000,0" yaku="8,1" doraHai="70" who="2" fromWho="0" sc="250,-13,465,0,209,13,76,0" /><INIT seed="5,0,0,1,5,14" ten="237,465,222,76" oya="1" hai0="58,36,15,99,119,66,114,10,24,110,75,13,106" hai1="128,101,61,100,126,86,50,53,56,7,134,103,104" hai2="33,23,62,82,45,35,130,38,74,131,3,54,22" hai3="17,43,21,2,88,85,42,51,73,79,39,65,68"/><U12/><E128/><N who="2" m="49195" /><F3/><W25/><G39/><T20/><D110/><U135/><E104/><V29/><F38/><W90/><G73/><T4/><D119/><U121/><E121/><V69/><F69/><W81/><G2/><T107/><D75/><U27/><E27/><N who="2" m="18623" /><F35/><W108/><G108/><T64/><D114/><U76/><E126/><V92/><F92/><W19/><G65/><T41/><D15/><U118/><E118/><V5/><F5/><W1/><G1/><T98/><D107/><U57/><E12/><V71/><F71/><W112/><G68/><T70/><D70/><U48/><E7/><V11/><F11/><W93/><G79/><T109/><D109/><U44/><E134/><V8/><F8/><W63/><G63/><T28/><D106/><U96/><E135/><V77/><F62/><W47/><G112/><T30/><D30/><U52/><E61/><V60/><F60/><W40/><REACH who="3" step="1"/><G17/><REACH who="3" ten="237,465,222,66" step="2"/><T89/><D64/><U80/><E96/><AGARI ba="0,1" hai="19,21,25,40,42,43,47,51,81,85,88,90,93,96" machi="96" ten="30,12000,2" yaku="1,1,2,1,7,1,8,1,52,1,54,1,53,0" doraHai="14" doraHaiUra="67" who="3" fromWho="1" sc="237,0,465,-120,222,0,66,130" /><INIT seed="6,0,0,5,4,124" ten="237,345,222,196" oya="2" hai0="3,107,42,1,46,55,96,135,51,43,8,133,38" hai1="104,121,90,34,131,126,41,123,14,62,39,108,5" hai2="22,0,32,87,7,82,60,58,27,6,64,15,57" hai3="83,72,45,25,127,125,84,100,69,47,122,120,66"/><V36/><F36/><W71/><G72/><T119/><D119/><U52/><E126/><N who="3" m="48138" /><G100/><N who="0" m="62855" /><D8/><N who="1" m="4367" /><E34/><V31/><F0/><N who="0" m="74" /><D38/><U59/><E108/><V77/><F32/><W26/><G83/><T19/><D19/><U129/><E104/><V33/><F33/><W94/><G84/><T86/><D86/><U23/><E23/><V92/><F15/><W114/><G94/><T44/><D44/><N who="3" m="16969" /><G66/><T17/><D17/><U89/><E41/><V85/><F58/><W75/><G75/><T81/><D81/><U132/><E39/><V113/><F113/><W13/><G13/><T130/><D43/><U63/><E132/><N who="0" m="50761" /><D42/><U101/><E101/><V111/><F111/><W115/><G25/><T88/><D88/><AGARI ba="0,0" hai="6,7,22,27,31,57,60,64,77,82,85,87,88,92" machi="88" ten="40,3900,0" yaku="8,1,54,1" doraHai="124" who="2" fromWho="0" sc="237,-39,345,0,222,39,196,0" /><INIT seed="6,1,0,1,2,100" ten="198,345,261,196" oya="2" hai0="82,47,72,64,37,115,114,105,109,75,92,59,80" hai1="118,10,90,110,15,45,44,134,40,3,98,21,88" hai2="61,117,81,18,58,125,26,30,62,85,87,66,71" hai3="39,29,53,69,14,116,112,121,48,96,89,7,1"/><V132/><F117/><W12/><G116/><T35/><D109/><U101/><E118/><V25/><F125/><W65/><G121/><T73/><D35/><U32/><E32/><V11/><F132/><W57/><G39/><T68/><D68/><U24/><E110/><V42/><F42/><W13/><G112/><N who="0" m="43051" /><D105/><U95/><E3/><V16/><F11/><W60/><G29/><T51/><D92/><U23/><E134/><V4/><F4/><W20/><G1/><T6/><D6/><N who="1" m="3543" /><E40/><V49/><F49/><W9/><G20/><N who="1" m="7754" /><E24/><V22/><F87/><W131/><G131/><T102/><D102/><U123/><E123/><V34/><F34/><W5/><G5/><T133/><D133/><U130/><E130/><V113/><F26/><W54/><G54/><N who="0" m="30079" /><D37/><U67/><E67/><V74/><F74/><W127/><G127/><T106/><D106/><U86/><E101/><V126/><F126/><W83/><G96/><T28/><D28/><U36/><E36/><V119/><F119/><W104/><G104/><T27/><D27/><U103/><E103/><V107/><F107/><W70/><G70/><T93/><D72/><U19/><E19/><V84/><F113/><W108/><G108/><T135/><D135/><U50/><E50/><V76/><F85/><N who="3" m="50367" /><G69/><T2/><D2/><U43/><E43/><V46/><F46/><N who="3" m="27799" /><G7/><T52/><D75/><U41/><E41/><V0/><F0/><W91/><G91/><T97/><D73/><U129/><E129/><V56/><F71/><W33/><G33/><T99/><D99/><U77/><E90/><V78/><F78/><RYUUKYOKU ba="1,0" sc="198,-30,345,10,261,10,196,10" hai1="44,45,77,86,88,95,98" hai2="16,18,22,25,30,56,58,61,62,66,76,81,84" hai3="9,12,13,14,57,60,65" /><INIT seed="6,2,0,3,2,59" ten="168,355,271,206" oya="2" hai0="63,92,54,78,115,32,57,38,83,84,90,88,18" hai1="1,43,76,46,121,132,65,50,72,96,13,81,41" hai2="103,20,8,67,125,134,2,16,17,3,102,119,29" hai3="24,37,100,98,85,36,12,86,64,0,133,31,30"/><V10/><F119/><W75/><G75/><T26/><D38/><U6/><E132/><V107/><F134/><W118/><G118/><T106/><D106/><U39/><E121/><V25/><F125/><W61/><G0/><T91/><D115/><U68/><E13/><N who="2" m="7207" /><F107/><W113/><G31/><T79/><D79/><U7/><E96/><V77/><F3/><W126/><G133/><T95/><D32/><U19/><E19/><V130/><F130/><W4/><G37/><T40/><D40/><U120/><E120/><V28/><F2/><W87/><G36/><T80/><D80/><U70/><E6/><V71/><F71/><W122/><G122/><T99/><D95/><U60/><E41/><V9/><F77/><W109/><G109/><T14/><D26/><U116/><E50/><V66/><F10/><AGARI ba="2,0" hai="10,14,18,54,57,63,78,83,84,88,90,91,92,99" machi="10" ten="30,7700,0" yaku="7,1,8,1,52,1,54,1" doraHai="59" who="0" fromWho="2" sc="168,83,355,0,271,-83,206,0" /><INIT seed="7,0,0,0,3,116" ten="251,355,188,206" oya="3" hai0="105,45,117,43,8,111,40,7,34,51,83,0,86" hai1="124,96,109,78,33,21,19,85,39,126,3,65,73" hai2="84,4,23,52,13,87,67,129,90,35,75,27,17" hai3="97,53,92,59,99,122,133,36,119,42,14,121,64"/><W94/><G119/><T81/><D117/><U61/><E109/><V72/><F129/><W125/><G64/><T115/><D111/><U66/><E73/><V68/><F68/><W38/><G42/><T63/><D105/><U5/><E33/><V22/><F67/><W88/><G133/><T79/><D34/><U56/><E39/><V6/><F35/><W1/><G1/><T28/><D28/><U24/><E96/><V91/><F75/><W55/><G125/><N who="1" m="48234" /><E66/><V50/><F72/><W101/><G14/><T123/><D63/><U29/><E85/><N who="2" m="32843" /><F6/><W110/><G110/><T2/><D2/><U25/><E78/><V112/><F112/><W102/><G59/><T74/><D115/><U82/><E82/><V130/><F130/><W95/><G95/><T135/><D7/><U12/><E29/><N who="2" m="17655" /><F4/><W32/><G32/><T114/><D74/><U77/><E77/><V54/><F54/><W103/><G103/><T100/><D83/><U132/><E132/><V47/><AGARI ba="0,0" hai="13,17,23,47,50,52,90,91" m="17655,32843" machi="47" ten="30,2000,0" yaku="8,1,54,1" doraHai="116" who="2" fromWho="2" sc="251,-5,355,-5,188,20,206,-10" owari="246,5.0,350,44.0,208,-19.0,196,-30.0" /></mjloggm>