<mjloggm ver="2.3"><GO type="169" lobby="0"/><UN n0="%E3%82%84%E3%81%B6%E3%81%84%E3%81%97" n1="%4D%72%2E%6E%69%6B%75%39" n2="%E3%83%88%E3%83%88%E3%83%AA%E5%85%88%E7%94%9F%31%39%E6%AD%B3" n3="%E3%83%AB%E3%82%AF%E5%8A%A9" dan="16,17,18,16" rate="2123.89,2191.30,2238.97,2084.00" sx="M,M,F,M"/><TAIKYOKU oya="0"/><INIT seed="0,0,0,3,2,99" ten="250,250,250,250" oya="0" hai0="44,25,37,62,123,6,59,117,97,111,81,43,103" hai1="4,115,100,51,83,94,55,133,107,18,16,92,71" hai2="96,38,27,88,63,86,53,8,40,48,49,67,73" hai3="42,122,72,9,54,0,127,1,5,29,131,10,85"/><T119/><D123/><U11/><E71/><V69/><F73/><W106/><G72/><T120/><D120/><U78/><E107/><V32/><F48/><W130/><G106/><T57/><D111/><U50/><E133/><V128/><F128/><N who="3" m="49195" /><G42/><T31/><D6/><U2/><E115/><V13/><F96/><W45/><G85/><T74/><D74/><U12/><E51/><V19/><F40/><W113/><G54/><T93/><D81/><U58/><E100/><V7/><F38/><W126/><G45/><T52/><REACH who="0" step="1"/><D59/><REACH who="0" ten="240,250,250,250" step="2"/><U65/><E83/><V135/><F7/><N who="3" m="1255" /><G122/><T30/><D30/><U15/><E4/><V129/><F129/><W125/><G113/><T91/><D91/><U3/><E78/><V95/><F135/><W23/><G23/><AGARI ba="0,1" hai="23,25,31,37,43,44,52,57,62,93,97,103,117,119" machi="23" ten="30,11600,0" yaku="1,1,7,1,52,1,54,1,53,0" doraHai="99" doraHaiUra="75" who="0" fromWho="3" sc="240,126,250,0,250,0,250,-116" /><INIT seed="0,1,0,0,1,123" ten="366,250,250,134" oya="0" hai0="46,71,59,106,45,60,103,17,37,47,13,130,124" hai1="90,98,30,43,127,134,4,102,8,91,100,34,35" hai2="55,99,107,76,74,12,31,36,53,42,7,97,2" hai3="28,101,110,84,25,69,15,5,111,80,131,85,56"/><T49/><D124/><U10/><E127/><V38/><F12/><W0/><G69/><T73/><D73/><U88/><E134/><V93/><F31/><W126/><G0/><T11/><D130/><U21/><E43/><V6/><F107/><W81/><G126/><T92/><D106/><U117/><E117/><V14/><F14/><W1/><G1/><T50/><D71/><U125/><E125/><V105/><F105/><W52/><G101/><T75/><D75/><U132/><E132/><V70/><F70/><W108/><G131/><T51/><D37/><U109/><E100/><V19/><F19/><W95/><G95/><T40/><D40/><U79/><E79/><V119/><F119/><W121/><G121/><T54/><D103/><U20/><E20/><V122/><F122/><W48/><G15/><T87/><D92/><U66/><E66/><V67/><F67/><W27/><G5/><T104/><D104/><U41/><E41/><V112/><F112/><W16/><G16/><T118/><D118/><U29/><E91/><N who="2" m="55487" /><F99/><W77/><G28/><T120/><D120/><U9/><E4/><N who="2" m="1579" /><F2/><W26/><G26/><T64/><REACH who="0" step="1"/><D87/><REACH who="0" ten="356,250,250,134" step="2"/><U44/><E102/><V18/><F42/><W65/><REACH who="3" step="1"/><G65/><REACH who="3" ten="356,250,250,124" step="2"/><T23/><D23/><U133/><E21/><V68/><F68/><W114/><G114/><T129/><D129/><U86/><E133/><V3/><F74/><W39/><G39/><T94/><D94/><U24/><E35/><V22/><F3/><W33/><G33/><T96/><D96/><U82/><E98/><V57/><F36/><W32/><G32/><RYUUKYOKU ba="1,2" sc="356,15,250,-15,250,-15,124,15" hai0="11,13,17,45,46,47,49,50,51,54,59,60,64" hai3="25,27,48,52,56,77,80,81,84,85,108,110,111" /><INIT seed="0,2,2,0,2,74" ten="371,235,235,139" oya="0" hai0="29,117,77,119,8,86,50,99,79,38,1,14,83" hai1="112,101,55,46,28,5,21,48,70,10,63,9,41" hai2="27,26,93,122,20,98,92,53,40,52,126,135,128" hai3="90,88,81,110,64,61,87,35,105,2,69,54,75"/><T132/><D38/><U109/><E109/><V111/><F122/><W102/><G2/><T65/><D1/><U22/><E112/><V15/><F111/><W39/><G110/><T6/><D132/><U45/><E28/><V113/><F113/><W97/><G39/><T16/><D65/><U134/><E134/><V103/><F135/><W71/><G75/><T72/><D29/><U3/><E10/><V114/><F114/><W23/><G71/><T66/><D66/><U84/><E70/><V32/><F128/><W89/><G35/><T59/><D99/><U108/><E108/><V115/><F126/><W120/><G120/><T104/><D104/><U33/><E33/><V34/><F115/><W12/><REACH who="3" step="1"/><G54/><REACH who="3" ten="371,235,235,129" step="2"/><N who="0" m="32215" /><D72/><U131/><E3/><V96/><F34/><W127/><G127/><T73/><D73/><U91/><E55/><V129/><F32/><W7/><G7/><T42/><D42/><U78/><E5/><V118/><F40/><W36/><G36/><T25/><D119/><U60/><E41/><V100/><F118/><W68/><G68/><T37/><D37/><U4/><E4/><V47/><F129/><W130/><G130/><T18/><D117/><U125/><E131/><V67/><F67/><W76/><G76/><N who="0" m="46439" /><D6/><U80/><E125/><V94/><F53/><W57/><G57/><T44/><D44/><U85/><E46/><V95/><F52/><W123/><G123/><T106/><D106/><U31/><E45/><V56/><F47/><W13/><G13/><T62/><D62/><U51/><E63/><V17/><F56/><W58/><G58/><RYUUKYOKU ba="2,3" sc="371,10,235,-30,235,10,129,10" hai0="8,14,16,18,25,77,79" hai2="15,17,20,26,27,92,93,94,95,96,98,100,103" hai3="12,23,61,64,69,81,87,88,89,90,97,102,105" /><INIT seed="0,3,3,1,3,20" ten="381,205,245,139" oya="0" hai0="103,125,70,107,100,105,111,90,24,79,12,116,78" hai1="10,99,2,29,92,130,108,55,115,14,47,4,106" hai2="122,15,7,39,53,87,82,28,23,84,117,22,35" hai3="86,50,104,73,119,44,71,83,113,121,76,77,66"/><T54/><D70/><U133/><E106/><V62/><F122/><W88/><G119/><T126/><D116/><U94/><E108/><V120/><F120/><W51/><G121/><T6/><D54/><U80/><E130/><V129/><F117/><W11/><G113/><T102/><D12/><U18/><E115/><V67/><F39/><W89/><G104/><N who="0" m="40011" /><D24/><U37/><E133/><V63/><F129/><W1/><G51/><T17/><D17/><U46/><E94/><V91/><F35/><W132/><G132/><T69/><D69/><U9/><E37/><V110/><F110/><W75/><G71/><T0/><D6/><U93/><E80/><N who="2" m="49543" /><F67/><W27/><G66/><T21/><D21/><N who="2" m="7690" /><F28/><W40/><G1/><T81/><D0/><U26/><E55/><V43/><F43/><W131/><G11/><T59/><D59/><U101/><E93/><V96/><F96/><W134/><G134/><T19/><D19/><U57/><E57/><V5/><F15/><W112/><G131/><T74/><D111/><U60/><E60/><N who="2" m="23083" /><F53/><W13/><G112/><T68/><D68/><U109/><E109/><V33/><F33/><AGARI ba="3,3" hai="2,4,9,10,14,18,26,29,33,46,47,92,99,101" machi="33" ten="30,2000,0" yaku="7,1,52,1" doraHai="20" who="1" fromWho="2" sc="381,0,205,59,245,-29,139,0" /><INIT seed="1,0,0,4,0,118" ten="381,264,216,139" oya="1" hai0="93,79,82,117,40,100,8,44,45,135,39,134,121" hai1="33,25,110,70,64,42,2,15,23,68,77,16,12" hai2="103,94,86,55,31,106,85,7,113,116,115,48,108" hai3="90,13,114,127,32,28,6,21,97,83,57,101,129"/><U14/><E2/><V11/><F116/><W80/><G129/><T53/><D117/><U105/><E105/><V49/><F108/><W75/><G127/><T66/><D66/><U1/><E110/><V132/><F132/><N who="0" m="50730" /><D8/><U43/><E1/><V30/><F106/><W73/><G114/><N who="2" m="43529" /><F49/><W131/><G32/><T74/><D121/><U111/><E111/><V18/><F18/><W54/><G131/><T96/><D45/><U24/><E77/><V37/><F37/><W9/><G73/><T20/><D20/><U51/><E51/><V63/><F63/><W0/><G75/><T60/><D53/><U38/><E38/><V10/><F10/><W72/><G72/><T36/><D60/><U5/><E5/><V59/><F103/><W35/><G90/><T122/><D122/><U120/><E120/><V89/><F86/><W4/><G4/><T27/><D27/><U22/><E33/><V92/><F92/><N who="3" m="58535" /><G35/><T123/><D123/><U47/><E64/><V133/><F133/><W78/><G78/><T91/><D100/><U107/><E107/><V95/><F95/><W58/><G0/><AGARI ba="0,0" hai="0,7,11,30,31,48,55,59,85,89,94" m="43529" machi="0" ten="30,1000,0" yaku="11,1" doraHai="118" who="2" fromWho="3" sc="381,0,264,0,216,10,139,-10" /><INIT seed="2,0,0,4,4,110" ten="381,264,226,129" oya="2" hai0="14,18,41,55,61,125,114,103,115,64,24,78,22" hai1="87,79,8,34,66,27,95,48,73,123,39,67,56" hai2="69,21,106,59,118,82,130,111,91,30,89,108,52" hai3="68,17,129,9,109,88,116,107,135,112,71,84,20"/><V4/><F118/><W5/><G116/><T72/><D125/><U80/><E39/><V98/><F69/><W15/><G109/><N who="2" m="42057" /><F130/><W120/><G129/><T93/><D41/><U102/><E123/><V40/><F40/><W3/><G120/><T28/><D55/><U0/><E34/><V77/><F4/><W45/><G107/><T90/><D78/><U12/><E0/><V122/><F122/><W76/><G135/><T94/><D72/><U119/><E27/><N who="2" m="16751" /><F98/><W131/><G131/><T132/><D132/><U53/><E119/><V121/><F106/><W75/><G112/><T49/><D49/><U42/><E42/><V126/><F126/><W104/><G104/><T46/><D46/><U47/><E56/><V81/><F121/><W19/><G45/><T25/><D25/><U50/><E48/><N who="2" m="31111" /><F82/><W16/><G75/><AGARI ba="0,0" hai="75,77,81,89,91" m="31111,16751,42057" machi="75" ten="30,5800,0" yaku="14,1,10,1,54,1" doraHai="110" who="2" fromWho="3" sc="381,0,264,0,226,58,129,-58" /><INIT seed="2,1,0,3,3,98" ten="381,264,284,71" oya="2" hai0="106,89,29,77,91,87,7,84,24,40,93,108,33" hai1="10,15,118,21,59,1,94,46,22,35,34,71,9" hai2="99,54,120,135,20,63,32,76,102,68,66,69,107" hai3="45,100,55,74,117,8,114,52,121,42,86,97,119"/><V132/><F120/><W28/><G121/><T23/><D108/><U67/><E71/><N who="2" m="42463" /><F20/><N who="1" m="7785" /><E46/><V56/><F76/><W47/><G74/><T62/><D106/><U44/><E44/><N who="3" m="16970" /><G114/><T88/><D40/><U38/><E38/><V72/><F72/><W39/><G28/><T64/><D7/><N who="1" m="1263" /><E59/><V95/><F95/><N who="3" m="58431" /><G39/><T11/><D11/><U85/><E67/><V130/><F130/><W79/><G119/><T18/><D77/><U112/><E85/><V124/><F124/><W43/><G117/><T78/><D78/><U81/><E94/><V103/><F103/><W30/><G30/><T122/><D122/><U104/><E81/><V48/><F32/><N who="1" m="12329" /><E104/><V129/><F129/><W133/><G133/><AGARI ba="1,0" hai="48,54,56,68,69,99,102,107,132,133,135" m="42463" machi="133" ten="30,2900,0" yaku="20,1,52,1" doraHai="98" who="2" fromWho="3" sc="381,0,264,0,284,32,71,-32" /><INIT seed="2,2,0,4,4,15" ten="381,264,316,39" oya="2" hai0="98,9,44,72,106,17,82,87,68,123,46,58,122" hai1="37,41,24,13,50,84,48,79,35,33,29,31,20" hai2="133,67,65,43,53,108,107,2,21,74,100,51,91" hai3="49,5,0,86,105,128,113,83,119,11,104,70,116"/><V71/><F2/><W54/><G128/><T114/><D114/><U75/><E75/><V26/><F74/><W63/><G113/><T22/><D68/><U94/><E37/><V135/><F43/><W93/><G105/><T47/><D72/><U73/><E73/><V89/><F100/><W117/><G104/><T127/><D127/><U64/><E64/><N who="2" m="24651" /><F107/><W28/><G93/><T126/><D126/><U132/><E132/><N who="2" m="50763" /><F71/><W115/><G115/><T45/><D9/><U130/><E130/><V3/><F3/><W40/><G28/><T32/><D32/><U18/><E41/><V78/><F78/><W77/><G40/><T30/><D30/><U10/><E79/><V95/><F95/><W7/><G7/><T88/><D58/><U62/><E62/><V134/><F108/><W120/><G70/><T36/><D36/><U81/><E94/><V59/><F134/><W69/><G69/><T103/><N who="0" m="11776" /><DORA hai="99" /><T80/><REACH who="0" step="1"/><D82/><REACH who="0" ten="371,264,316,39" step="2"/><U27/><E10/><V38/><F38/><W14/><G120/><T23/><D23/><U97/><E35/><V96/><F21/><W19/><G63/><T25/><AGARI ba="2,1" hai="17,22,25,80,87,88,98,103,106,122,123" m="11776" machi="25" ten="40,12000,2" yaku="1,1,0,1,52,2,54,1,53,1" doraHai="15,99" doraHaiUra="102,124" who="0" fromWho="0" sc="371,136,264,-32,316,-62,39,-32" /><INIT seed="3,0,0,3,4,104" ten="507,232,254,7" oya="3" hai0="20,2,55,106,1,97,9,72,134,116,75,126,48" hai1="18,135,47,70,76,26,24,81,69,41,16,89,111" hai2="108,93,129,92,46,101,39,94,98,22,63,61,115" hai3="19,118,85,3,65,59,14,99,56,123,54,77,8"/><W62/><G123/><T66/><D116/><U83/><E111/><V131/><F115/><W95/><G118/><T6/><D2/><U82/><E135/><V17/><F108/><W10/><G3/><T15/><D134/><U23/><E76/><V7/><F7/><W114/><G114/><T103/><D126/><U43/><E89/><V53/><F39/><W5/><G5/><T90/><D66/><U79/><E79/><V86/><F46/><W102/><G77/><T49/><D49/><U130/><E130/><N who="2" m="49675" /><F86/><W112/><G112/><T38/><D38/><U37/><REACH who="1" step="1"/><E41/><REACH who="1" ten="507,222,254,7" step="2"/><V0/><F0/><W28/><G28/><T35/><D90/><U124/><E124/><V110/><F110/><W67/><G85/><T109/><D109/><U119/><E119/><V78/><F78/><W105/><G105/><T45/><D1/><U13/><E13/><N who="2" m="9519" /><F53/><N who="3" m="34159" /><G8/><T33/><REACH who="0" step="1"/><D20/><AGARI ba="0,1" hai="16,18,20,23,24,26,37,43,47,69,70,81,82,83" machi="20" ten="40,5200,0" yaku="1,1,9,1,54,1,53,0" doraHai="104" doraHaiUra="50" who="1" fromWho="0" sc="507,-52,222,62,254,0,7,0" /><INIT seed="4,0,0,1,5,113" ten="455,284,254,7" oya="0" hai0="1,135,51,112,50,38,107,19,34,64,74,123,40" hai1="13,16,61,29,133,129,43,118,3,53,114,100,76" hai2="58,96,95,56,66,134,52,128,39,81,121,17,84" hai3="110,57,69,35,98,92,32,46,71,55,130,10,5"/><T62/><D19/><U99/><E3/><V47/><F121/><W18/><G110/><T21/><D21/><U87/><E118/><V82/><F128/><W106/><G130/><T31/><D31/><U108/><E108/><V75/><F134/><W54/><G106/><T105/><D105/><U15/><E129/><V104/><F104/><W22/><G69/><T91/><D91/><U2/><E2/><V24/><F75/><W9/><G71/><T67/><D107/><U126/><E133/><V48/><F39/><W88/><G32/><T42/><D34/><U63/><E43/><V85/><F24/><N who="3" m="14423" /><G35/><T124/><D74/><U25/><E126/><V30/><F30/><W101/><G5/><T37/><D1/><U72/><E114/><V93/><F17/><W78/><G78/><T28/><D28/><U116/><E116/><V90/><F66/><W68/><G68/><T45/><D112/><U20/><E72/><V94/><REACH who="2" step="1"/><F96/><REACH who="2" ten="455,284,244,7" step="2"/><W80/><G46/><N who="0" m="25927" /><D123/><U122/><E122/><V103/><F103/><W120/><G120/><T33/><D135/><U83/><E100/><V109/><F109/><W49/><G55/><T7/><D7/><U70/><E99/><V8/><F8/><N who="3" m="3179" /><G80/><T131/><D131/><U4/><E4/><V86/><F86/><W41/><G41/><T14/><D38/><U65/><REACH who="1" step="1"/><E29/><REACH who="1" ten="455,274,244,7" step="2"/><V132/><F132/><W27/><G27/><T36/><D42/><U0/><E0/><V79/><AGARI ba="0,2" hai="47,48,52,56,58,79,81,82,84,85,90,93,94,95" machi="79" ten="30,7900,0" yaku="1,1,0,1,8,1,54,1,53,0" doraHai="113" doraHaiUra="59" who="2" fromWho="2" sc="455,-39,274,-20,244,99,7,-20" owari="416,52.0,254,-15.0,343,14.0,-13,-51.0" /></mjloggm>