<mjloggm ver="2.3"><GO type="225" lobby="0"/><UN n0="%E3%82%AB%E3%83%A9%E3%82%B9%E3%81%AE%E5%AD%90" n1="%46%4C%41%4D%45" n2="%E3%82%8A%E3%81%8D%E3%81%96%E3%81%84%E3%82%8B%E2%98%86" n3="%E3%83%88%E3%83%88%E3%83%AA%E5%85%88%E7%94%9F%31%39%E6%AD%B3" dan="16,16,16,17" rate="2123.70,2157.78,2154.49,2256.30" sx="M,M,M,F"/><TAIKYOKU oya="0"/><INIT seed="0,0,0,0,1,63" ten="250,250,250,250" oya="0" hai0="7,60,40,81,95,5,52,11,37,74,109,116,71" hai1="33,102,13,0,94,121,22,124,115,15,99,49,17" hai2="69,107,87,122,103,25,62,57,92,106,85,73,38" hai3="39,75,84,77,29,66,129,104,59,28,56,110,100"/><T67/><D116/><U23/><E121/><V80/><F122/><W135/><G39/><T105/><D105/><U27/><E0/><V79/><F69/><W54/><G75/><T14/><D109/><U134/><E33/><V65/><F38/><W55/><G110/><T123/><D123/><U83/><E124/><V93/><F73/><W47/><G129/><T34/><D34/><U125/><E125/><V46/><F106/><W16/><G135/><T50/><D95/><N who="2" m="36426" /><F107/><W82/><G100/><T2/><D74/><U120/><E134/><V36/><F36/><W32/><G104/><T78/><D78/><U12/><E120/><V114/><F114/><W1/><G1/><T117/><D81/><U127/><E115/><V6/><F6/><W42/><G42/><T112/><D112/><U53/><E83/><N who="2" m="47359" /><F46/><W45/><G45/><N who="0" m="23695" /><D117/><U88/><E127/><V8/><F8/><W19/><G47/><T118/><D118/><U20/><REACH who="1" step="1"/><E102/><REACH who="1" ten="250,240,250,250" step="2"/><V126/><F103/><W35/><G35/><T72/><D2/><U3/><E3/><V76/><F126/><W131/><G32/><T24/><D72/><U96/><E96/><V133/><F133/><W86/><G82/><T132/><D132/><U30/><E30/><V128/><F128/><W91/><G131/><T4/><D24/><AGARI ba="0,1" hai="24,25,57,62,65,76,80,87" m="47359,36426" machi="24" ten="30,2000,0" yaku="8,1,52,1" doraHai="63" who="2" fromWho="0" sc="250,-20,240,0,250,30,250,0" /><INIT seed="1,0,0,1,5,78" ten="230,240,280,250" oya="1" hai0="87,115,42,54,18,27,16,23,39,135,12,41,107" hai1="108,134,131,29,113,14,31,8,76,117,127,114,58" hai2="48,63,7,68,56,44,15,53,1,86,67,106,118" hai3="95,122,132,25,81,94,100,51,45,66,89,28,116"/><U32/><E76/><V85/><F118/><W46/><G122/><T55/><D115/><N who="1" m="44043" /><E58/><V0/><F106/><W62/><G116/><T57/><D107/><U92/><E92/><V5/><F0/><W109/><G109/><T38/><D135/><U10/><E117/><V102/><F1/><W65/><G132/><T19/><D39/><U119/><E119/><V40/><F102/><W21/><G45/><T83/><D38/><U61/><E61/><V75/><F75/><W70/><G100/><T126/><D126/><U84/><E84/><V128/><F128/><W3/><G3/><T22/><D18/><U11/><E134/><V34/><F34/><W52/><G65/><T125/><D125/><U110/><E127/><V98/><F98/><W99/><G94/><T79/><D55/><U104/><E104/><V2/><F2/><W37/><G37/><T121/><D121/><U112/><N who="1" m="44051" /><U80/><DORA hai="93" /><E80/><V91/><F91/><W43/><REACH who="3" step="1"/><G81/><REACH who="3" ten="230,240,280,240" step="2"/><T50/><AGARI ba="0,1" hai="12,16,19,22,23,27,41,42,50,54,57,79,83,87" machi="50" ten="20,8000,1" yaku="0,1,7,1,8,1,52,1,54,1" doraHai="78,93" who="0" fromWho="0" sc="230,90,240,-40,280,-20,240,-20" /><INIT seed="2,0,0,3,2,46" ten="320,200,260,220" oya="2" hai0="56,76,91,73,111,94,114,49,68,124,60,82,123" hai1="38,36,93,104,21,7,120,67,27,112,22,11,130" hai2="96,17,20,35,85,118,86,1,40,43,16,125,39" hai3="113,29,78,14,134,19,135,109,77,0,105,89,119"/><V6/><F118/><W44/><G119/><T3/><D123/><U4/><E104/><V9/><F35/><W8/><G105/><T65/><D114/><U131/><E112/><V23/><F125/><W33/><G113/><T106/><D124/><U55/><E120/><V74/><F74/><W15/><G109/><T13/><D106/><U62/><E93/><V52/><F96/><W126/><G126/><T71/><D3/><N who="1" m="415" /><E7/><V42/><F39/><W18/><G0/><T121/><D121/><U87/><E87/><V97/><F97/><W99/><G29/><T122/><D122/><U128/><E55/><V72/><F72/><W100/><G33/><T129/><D129/><N who="1" m="33027" /><U59/><DORA hai="108" /><E21/><V70/><F70/><W83/><G100/><T2/><D2/><U31/><AGARI ba="0,0" hai="22,27,31,36,38,59,62,67" m="33027,415" machi="31" ten="40,1500,0" yaku="19,1" doraHai="46,108" who="1" fromWho="1" sc="320,-4,200,15,260,-7,220,-4" /><INIT seed="3,0,0,3,4,76" ten="316,215,253,216" oya="3" hai0="68,17,18,87,13,11,60,106,85,0,9,108,92" hai1="64,70,10,90,95,74,26,65,126,107,5,100,135" hai2="6,53,130,1,104,123,129,27,7,59,134,14,8" hai3="93,131,55,47,4,82,75,43,80,41,116,52,83"/><W3/><G116/><T112/><D106/><U56/><E70/><V111/><F111/><W34/><G34/><T45/><D108/><U46/><E74/><V38/><F134/><W121/><G121/><T15/><D112/><U57/><E135/><V42/><F123/><W72/><G131/><N who="2" m="50185" /><F104/><W96/><G72/><T71/><D0/><U115/><E115/><V30/><F42/><N who="3" m="15883" /><G3/><T101/><D45/><U31/><E126/><V84/><F38/><W103/><G75/><T97/><D71/><U39/><E39/><V20/><F1/><W122/><G122/><T78/><D78/><U119/><E119/><V16/><F84/><W40/><G4/><T33/><D33/><U94/><E46/><V54/><F54/><W36/><G36/><T28/><D28/><U114/><E107/><V23/><F23/><W81/><N who="3" m="20480" /><DORA hai="48" /><W132/><G132/><T77/><D77/><U37/><E37/><V51/><AGARI ba="0,0" hai="6,7,8,14,16,20,27,30,51,53,59" m="50185" machi="51" ten="30,4000,0" yaku="19,1,52,1,54,1" doraHai="76,48" who="2" fromWho="2" sc="316,-10,215,-10,253,40,216,-20" owari="306,40.0,205,-19.0,293,9.0,196,-30.0" /></mjloggm>