<mjloggm ver="2.3"><GO type="41" lobby="0"/><UN n0="%E7%89%8C%E3%81%AE%E9%9F%B3%E8%89%B2" n1="%E5%B0%B1%E6%B4%BB%E7%94%9F%40%E5%B7%9D%E6%9D%91%E8%BB%8D%E5%9B%A3" n2="%E7%88%BD%E6%B8%93" n3="%E6%9C%AC%E4%BE%8D" dan="15,15,13,13" rate="1988.22,2001.89,1807.35,1850.66" sx="M,M,M,M"/><TAIKYOKU oya="0"/><INIT seed="0,0,0,1,3,79" ten="250,250,250,250" oya="0" hai0="111,35,86,27,47,64,69,38,51,85,48,134,45" hai1="3,16,55,106,128,74,54,5,99,120,36,105,17" hai2="71,110,90,43,18,49,13,103,133,0,80,129,84" hai3="1,89,4,60,22,76,12,29,61,66,70,57,33"/><T67/><D38/><U21/><E120/><V118/><F0/><W82/><G89/><T42/><D134/><U114/><E114/><V37/><F133/><W20/><G1/><T92/><D111/><U14/><E128/><V126/><F71/><W87/><G29/><T117/><D117/><U109/><E36/><V101/><F37/><W127/><G33/><T8/><D8/><U124/><E124/><V15/><F118/><W78/><G127/><T7/><D7/><U30/><E109/><V113/><F113/><W100/><G100/><N who="2" m="38473" /><F126/><W26/><G26/><T96/><D69/><U53/><E74/><V59/><F110/><W93/><G93/><T63/><D63/><U131/><E131/><V62/><F18/><W72/><G76/><T46/><D35/><U125/><E125/><V28/><F28/><W135/><G72/><T10/><D27/><U73/><E73/><V65/><F129/><W6/><G135/><T121/><D10/><U31/><E17/><V75/><F75/><W19/><REACH who="3" step="1"/><G22/><REACH who="3" ten="250,250,250,240" step="2"/><T91/><D121/><U58/><E58/><V122/><F122/><W56/><G56/><T68/><D68/><U95/><E3/><V40/><F90/><W119/><G119/><T2/><D2/><U98/><E98/><V39/><F59/><W24/><G24/><T34/><D34/><U94/><E95/><V83/><F13/><W52/><AGARI ba="0,1" hai="4,6,12,19,20,52,57,60,61,66,70,78,82,87" machi="52" ten="20,8000,1" yaku="1,1,0,1,7,1,52,1,54,1,53,0" doraHai="79" doraHaiUra="116" who="3" fromWho="3" sc="250,-40,250,-20,250,-20,240,90" /><INIT seed="1,0,0,0,2,35" ten="210,230,230,330" oya="1" hai0="124,53,60,47,5,59,77,36,82,34,54,117,28" hai1="6,16,66,20,62,10,71,32,113,99,114,30,111" hai2="109,41,131,100,21,132,83,14,44,96,107,91,135" hai3="90,118,97,86,68,106,24,31,8,120,42,48,116"/><U112/><E32/><V74/><F131/><W63/><G120/><T58/><D117/><U40/><E30/><V12/><F109/><W57/><G68/><T130/><D130/><U37/><E111/><V55/><F55/><W123/><G8/><T102/><D102/><U49/><E37/><N who="2" m="21551" /><F21/><W23/><G97/><T115/><D115/><U2/><E99/><V39/><F39/><W26/><G106/><T46/><D36/><U13/><REACH who="1" step="1"/><E112/><REACH who="1" ten="210,220,230,330" step="2"/><V11/><F135/><W127/><G31/><T72/><D28/><U122/><E122/><V0/><F132/><W15/><G123/><T17/><D34/><U19/><E19/><V133/><F133/><W85/><G116/><T69/><D17/><U121/><E121/><V3/><F96/><W98/><G98/><T126/><D5/><U64/><E64/><V9/><F100/><W89/><G118/><T33/><D33/><U108/><E108/><V27/><F107/><W105/><G105/><T110/><D110/><U87/><E87/><V65/><F65/><W134/><G86/><T73/><D73/><U50/><E50/><V45/><F74/><W38/><G85/><T18/><D18/><U93/><E93/><V92/><F92/><W29/><G48/><T119/><D119/><U81/><E81/><V104/><F83/><W52/><G29/><T79/><D82/><U78/><E78/><V103/><F104/><W67/><G134/><T7/><D79/><U101/><E101/><V94/><F103/><W4/><G67/><N who="0" m="41191" /><D77/><U22/><E22/><V125/><F11/><W95/><G23/><T56/><D72/><RYUUKYOKU ba="0,1" sc="210,-10,220,30,230,-10,330,-10" hai1="2,6,10,13,16,20,40,49,62,66,71,113,114" /><INIT seed="1,1,1,1,3,84" ten="200,250,220,320" oya="1" hai0="69,133,10,65,100,49,30,19,67,2,5,93,111" hai1="15,7,27,57,26,96,52,104,11,131,46,78,3" hai2="117,16,115,25,108,31,89,0,110,88,40,43,60" hai3="123,107,58,76,21,13,126,97,121,68,47,56,66"/><U85/><E131/><V6/><F117/><W37/><G76/><T70/><D30/><U87/><E3/><V33/><F115/><W64/><G97/><T51/><D133/><U71/><E71/><V101/><F101/><W34/><G107/><T118/><D118/><U39/><E104/><V74/><F74/><W42/><G21/><T90/><D100/><U32/><E96/><V73/><F73/><W12/><G34/><T36/><D36/><U1/><E1/><V35/><F35/><W9/><G9/><T23/><D67/><U28/><E78/><V59/><F16/><W50/><G13/><T109/><D65/><N who="3" m="25193" /><G12/><N who="0" m="9703" /><D70/><U120/><E120/><N who="3" m="46154" /><G68/><T38/><D69/><U114/><E114/><V24/><F24/><W113/><G113/><T83/><D83/><U29/><E46/><V55/><F6/><W17/><G17/><T112/><D38/><U103/><E103/><V61/><F60/><W18/><G18/><T106/><D106/><U45/><E45/><V4/><F4/><W132/><G132/><T62/><D62/><U80/><E80/><V82/><F0/><W22/><G22/><T130/><D112/><U116/><E116/><V8/><F8/><W20/><G20/><T92/><D92/><U122/><E122/><V105/><F105/><W48/><G126/><T41/><D130/><U99/><E99/><V63/><F82/><W95/><G95/><T94/><D93/><U135/><E135/><V44/><F63/><W124/><G124/><T129/><D129/><U54/><E39/><N who="2" m="21535" /><F43/><W128/><G128/><T72/><D2/><U53/><E57/><AGARI ba="1,1" hai="37,42,47,48,50,56,57,58" m="46154,25193" machi="57" ten="30,3900,0" yaku="6,1,34,2" doraHai="84" who="3" fromWho="1" sc="200,0,250,-42,220,0,320,52" /><INIT seed="2,0,0,3,2,108" ten="200,208,220,372" oya="2" hai0="127,17,14,135,123,63,109,54,32,50,75,41,113" hai1="70,88,69,45,94,15,48,5,47,71,10,82,74" hai2="13,77,116,121,76,44,16,104,132,87,34,7,35" hai3="21,53,124,114,0,118,24,98,31,20,37,58,67"/><V49/><F104/><W19/><G0/><T1/><D41/><U12/><E47/><V46/><F121/><W105/><G37/><T39/><D63/><U97/><E74/><V126/><F116/><W79/><G79/><T89/><D89/><U59/><E59/><V26/><F132/><W90/><G118/><T23/><D54/><U73/><E73/><V100/><F100/><W115/><G67/><T111/><D50/><U4/><E82/><V40/><F7/><W8/><G8/><T96/><D96/><U33/><E33/><V122/><F122/><W103/><G90/><T80/><D80/><U131/><E131/><V65/><F65/><W42/><G42/><T57/><D57/><U78/><E78/><V62/><F62/><W99/><G99/><T86/><D86/><U128/><E128/><V92/><F126/><W6/><G6/><T95/><D95/><U2/><REACH who="1" step="1"/><E5/><REACH who="1" ten="200,198,220,372" step="2"/><V102/><F34/><W22/><G124/><T125/><D127/><U133/><E133/><V3/><F44/><W64/><G64/><T68/><D111/><U56/><E56/><V81/><F76/><W83/><G83/><T25/><D32/><U52/><AGARI ba="0,1" hai="2,4,10,12,15,45,48,52,69,70,71,88,94,97" machi="52" ten="30,7900,0" yaku="1,1,0,1,54,2,53,0" doraHai="108" doraHaiUra="112" who="1" fromWho="1" sc="200,-20,198,89,220,-39,372,-20" /><INIT seed="3,0,0,0,0,92" ten="180,287,181,352" oya="3" hai0="16,57,29,119,109,64,84,41,117,47,0,114,31" hai1="130,26,49,66,75,126,53,125,30,58,127,9,61" hai2="34,5,17,76,10,70,18,80,20,2,43,98,116" hai3="14,15,48,25,23,32,3,73,24,37,106,42,62"/><W54/><G73/><T90/><D0/><U11/><E75/><V51/><F34/><W111/><G3/><T27/><D109/><U19/><E19/><V115/><F116/><W65/><G106/><T72/><D72/><U4/><E130/><V56/><F70/><W132/><G132/><T91/><D114/><U122/><E122/><V120/><F115/><W45/><G111/><T102/><D102/><U22/><REACH who="1" step="1"/><E4/><REACH who="1" ten="180,277,181,352" step="2"/><V101/><F18/><W123/><G123/><T39/><D119/><U121/><E121/><V131/><F120/><W59/><G32/><T88/><D117/><U118/><E118/><V124/><F131/><W46/><REACH who="3" step="1"/><G25/><REACH who="3" ten="180,277,181,342" step="2"/><T100/><D27/><U68/><AGARI ba="0,2" hai="9,11,22,26,30,49,53,58,61,66,68,125,126,127" machi="68" ten="30,8000,1" yaku="1,1,0,1,18,1,53,2" doraHai="92" doraHaiUra="6" who="1" fromWho="1" sc="180,-20,277,100,181,-20,342,-40" /><INIT seed="4,0,0,2,4,5" ten="160,377,161,302" oya="0" hai0="11,107,35,114,122,9,75,119,59,18,6,88,71" hai1="58,115,23,57,1,132,41,86,36,125,2,13,102" hai2="79,100,118,65,99,113,81,28,20,38,101,129,131" hai3="109,93,74,0,21,3,15,17,34,90,12,54,32"/><T46/><D75/><U16/><E115/><V135/><F38/><W98/><G74/><T55/><D107/><U39/><E125/><V80/><F65/><W77/><G77/><T52/><D71/><U128/><E132/><V37/><F37/><W78/><G78/><T25/><D35/><U91/><E128/><N who="2" m="49227" /><F20/><W4/><G3/><T42/><D122/><U103/><E36/><V108/><F28/><W105/><G0/><T123/><D123/><U111/><E111/><V104/><F113/><W126/><G126/><T61/><D119/><U26/><E39/><V82/><F108/><W33/><G105/><T117/><D117/><U130/><E130/><V49/><F49/><W30/><G54/><N who="0" m="34039" /><D6/><U63/><E63/><V83/><F135/><W87/><G109/><T84/><D114/><U106/><E106/><V96/><F118/><W116/><G116/><T85/><D85/><U73/><E73/><N who="2" m="43119" /><F104/><W22/><G87/><T134/><D134/><U51/><E51/><V45/><F45/><W8/><REACH who="3" step="1"/><G22/><REACH who="3" ten="160,377,161,292" step="2"/><N who="0" m="13527" /><D42/><U53/><E53/><N who="0" m="20553" /><D46/><U48/><E48/><V69/><F69/><W95/><G95/><AGARI ba="0,1" hai="9,11,84,88,95" m="20553,13527,34039" machi="95" ten="30,12000,1" yaku="8,1,52,2,54,2" doraHai="5" who="0" fromWho="3" sc="160,130,377,0,161,0,292,-120" /><INIT seed="4,1,0,1,3,89" ten="290,377,161,172" oya="0" hai0="73,59,88,101,79,93,11,132,127,46,30,108,133" hai1="129,74,126,56,70,87,2,84,94,124,36,33,91" hai2="1,58,6,131,122,86,113,41,121,90,75,99,49" hai3="98,80,100,81,71,123,61,0,134,52,82,16,95"/><T55/><D30/><U105/><E105/><V17/><F75/><W120/><G0/><T76/><D73/><U50/><E70/><V67/><F113/><W68/><G134/><N who="0" m="51819" /><D101/><U85/><E129/><V102/><F131/><W77/><G77/><T72/><D72/><U19/><E19/><V13/><F1/><W96/><G98/><N who="0" m="57639" /><D46/><U118/><E36/><V57/><F6/><W39/><G39/><T10/><D127/><N who="1" m="48683" /><E33/><V27/><F27/><W37/><G37/><T29/><D29/><U38/><E2/><V43/><F58/><N who="3" m="35015" /><G16/><T18/><D108/><U65/><E118/><V45/><F43/><W9/><G9/><N who="0" m="3083" /><D18/><U14/><E38/><V7/><F122/><AGARI ba="1,0" hai="68,71,80,81,82,95,96,100,120,122,123" m="35015" machi="122" ten="30,3900,0" yaku="13,1,52,1,54,1" doraHai="89" who="3" fromWho="2" sc="290,0,377,0,161,-42,172,42" /><INIT seed="5,0,0,4,2,50" ten="290,377,119,214" oya="1" hai0="107,62,11,81,125,72,88,104,135,133,0,44,2" hai1="54,128,112,51,116,46,35,3,7,53,26,28,48" hai2="42,132,36,17,23,9,120,58,1,85,92,66,105" hai3="101,16,114,118,76,129,71,68,74,24,117,127,29"/><U84/><E84/><V40/><F105/><W5/><G101/><T109/><D11/><U14/><E116/><V39/><F120/><W94/><G94/><T22/><D22/><U124/><E112/><V31/><F31/><W61/><G76/><T110/><D62/><U20/><E20/><V18/><F17/><W63/><G74/><T77/><D44/><U69/><E124/><V55/><F66/><W37/><G37/><T25/><D25/><U134/><E128/><V12/><F132/><N who="0" m="50762" /><D125/><U47/><E134/><V79/><F39/><W65/><G5/><T87/><D2/><U115/><E115/><V57/><F58/><W121/><G114/><T32/><D0/><U102/><E102/><V6/><F36/><W75/><G121/><T38/><D38/><U41/><E69/><V67/><F67/><N who="3" m="41071" /><G75/><T21/><D21/><U108/><E108/><N who="0" m="41577" /><D32/><U13/><REACH who="1" step="1"/><E41/><REACH who="1" ten="290,367,119,214" step="2"/><V49/><REACH who="2" step="1"/><F79/><REACH who="2" ten="290,367,109,214" step="2"/><W10/><G127/><T89/><D72/><U82/><E82/><V4/><F4/><W52/><G118/><T119/><D119/><U130/><E130/><V96/><F96/><W91/><G117/><T64/><D64/><U126/><E126/><V103/><F103/><W93/><G129/><T90/><AGARI ba="0,2" hai="77,81,87,88,89,90,104,107" m="41577,50762" machi="90" ten="40,8000,1" yaku="20,1,34,2,54,1" doraHai="50" who="0" fromWho="0" sc="290,100,367,-40,109,-20,214,-20" /><INIT seed="6,0,0,4,2,42" ten="390,327,89,194" oya="2" hai0="67,14,49,129,30,112,44,107,106,119,72,126,3" hai1="15,125,94,89,88,84,96,43,92,23,130,103,7" hai2="91,135,52,124,57,117,77,19,24,50,29,118,17" hai3="27,66,101,105,68,70,1,11,26,115,102,47,65"/><V2/><F2/><W59/><G59/><T90/><D3/><U114/><E130/><V69/><F124/><W100/><G105/><T116/><D72/><U0/><E125/><V41/><F135/><W76/><G76/><T28/><D126/><U10/><E114/><V132/><F132/><W35/><G35/><T123/><D123/><U79/><E43/><V25/><F69/><W133/><G1/><T53/><D67/><U13/><E79/><V104/><F104/><W40/><G40/><T56/><D112/><U131/><E131/><V82/><F91/><W31/><G133/><T39/><D14/><U111/><E111/><V8/><F41/><W108/><G31/><N who="0" m="11819" /><D39/><U9/><E23/><V97/><F97/><W33/><G33/><T83/><D56/><U128/><E128/><V16/><F8/><W51/><G11/><T58/><D58/><U99/><REACH who="1" step="1"/><E10/><REACH who="1" ten="390,317,89,194" step="2"/><V62/><F62/><W20/><G108/><T55/><D129/><U81/><AGARI ba="0,1" hai="0,7,9,13,15,81,84,88,89,92,94,96,99,103" machi="81" ten="20,8000,1" yaku="1,1,2,1,0,1,7,1,54,1,53,0" doraHai="42" doraHaiUra="127" who="1" fromWho="1" sc="390,-20,317,90,89,-40,194,-20" /><INIT seed="7,0,0,4,3,132" ten="370,407,49,174" oya="3" hai0="87,28,73,61,17,97,56,22,46,52,41,33,11" hai1="70,29,39,83,125,50,98,66,5,76,77,106,126" hai2="63,122,42,53,55,114,90,75,21,92,128,89,57" hai3="101,13,71,123,103,74,36,135,81,104,69,3,117"/><W31/><G13/><T96/><D73/><N who="1" m="43407" /><E77/><V118/><F118/><W0/><G31/><T93/><D33/><U48/><E5/><V18/><F122/><W86/><G117/><T112/><D28/><U7/><E39/><V2/><F114/><W27/><G27/><T44/><D112/><U1/><E29/><V32/><F32/><W121/><G81/><T120/><D120/><U91/><E50/><V84/><F128/><W9/><G9/><T116/><D11/><N who="1" m="2543" /><E91/><V115/><F115/><W67/><G86/><T134/><D116/><U79/><E48/><V51/><F75/><W25/><G25/><T60/><D134/><U59/><E59/><V38/><F38/><W24/><G24/><T26/><D61/><N who="1" m="40271" /><E79/><V37/><F37/><W47/><G135/><T49/><D46/><U10/><E10/><V85/><F42/><W30/><G36/><T95/><REACH who="0" step="1"/><D87/><REACH who="0" ten="360,407,49,174" step="2"/><U119/><E119/><V19/><F2/><W113/><G30/><T82/><D82/><U129/><E129/><V62/><F53/><W88/><G113/><T107/><D107/><U124/><E106/><V43/><F43/><W78/><G104/><T72/><D72/><U15/><E98/><AGARI ba="0,1" hai="17,22,26,41,44,49,52,56,60,93,95,96,97,98" machi="98" ten="40,5200,0" yaku="1,1,8,1,54,1,53,0" doraHai="132" doraHaiUra="6" who="0" fromWho="1" sc="360,62,407,-52,49,0,174,0" owari="422,52.0,355,16.0,49,-45.0,174,-23.0" /></mjloggm>