<mjloggm ver="2.3"><GO type="97" lobby="0"/><UN n0="%42%4F%53%53%37" n1="%E5%8F%8C%E6%B5%B7%E7%9C%9F%E7%BE%8E" n2="%73%68%69%6D%40%6D%75" n3="%E3%83%88%E3%83%88%E3%83%AA%E5%85%88%E7%94%9F%31%39%E6%AD%B3" dan="14,14,14,14" rate="1905.13,1888.61,1908.05,2025.02" sx="M,F,M,F"/><TAIKYOKU oya="0"/><INIT seed="0,0,0,0,0,62" ten="250,250,250,250" oya="0" hai0="50,56,26,60,21,82,25,61,88,58,10,38,101" hai1="75,72,128,85,123,116,29,129,92,76,98,112,7" hai2="89,109,63,71,67,126,130,97,105,91,64,1,45" hai3="15,131,70,102,31,37,125,87,17,57,135,47,4"/><T66/><D38/><U127/><E116/><V111/><F1/><W13/><G70/><T106/><D106/><U2/><E29/><V118/><F130/><N who="1" m="50281" /><E123/><V39/><F126/><W74/><G74/><N who="1" m="28202" /><E127/><V65/><F118/><W16/><G131/><T86/><D101/><N who="1" m="60615" /><E112/><V93/><F39/><W124/><G135/><T68/><D68/><U51/><E51/><V11/><F11/><W100/><G31/><T110/><D110/><N who="2" m="41994" /><F45/><W24/><G47/><T48/><D10/><N who="1" m="2423" /><E85/><V41/><F41/><W78/><G37/><T134/><D134/><U42/><E42/><V84/><F105/><W119/><G119/><T104/><D104/><U133/><E133/><V8/><F8/><N who="3" m="4231" /><G124/><T35/><D35/><U79/><AGARI ba="0,0" hai="76,79" m="2423,60615,28202,50281" machi="79" ten="40,1500,0" yaku="19,1" doraHai="62" who="1" fromWho="1" sc="250,-7,250,15,250,-4,250,-4" /><INIT seed="1,0,0,4,4,57" ten="243,265,246,246" oya="1" hai0="114,111,39,31,115,90,74,131,97,107,108,15,79" hai1="12,38,105,73,42,48,10,33,28,61,60,109,16" hai2="89,65,24,0,129,25,85,132,101,55,30,72,22" hai3="124,127,51,19,27,104,54,43,96,36,122,76,53"/><U133/><E73/><V44/><F72/><W120/><G76/><T63/><D39/><U32/><E105/><V64/><F0/><W21/><G36/><T58/><D31/><U4/><E38/><V9/><F129/><W7/><G43/><T8/><D131/><U14/><E133/><V99/><F9/><W6/><G104/><T95/><D107/><U100/><E100/><V98/><F101/><W29/><G96/><N who="2" m="36905" /><F132/><W11/><G54/><N who="0" m="34263" /><D79/><U13/><E109/><N who="0" m="42057" /><D74/><U52/><E42/><V75/><F75/><W81/><G120/><T121/><D121/><U130/><E130/><V59/><F44/><W46/><G122/><T119/><D119/><U17/><E32/><V34/><F25/><W88/><G124/><T112/><D112/><U118/><E118/><V117/><F34/><W113/><G127/><T47/><D47/><N who="1" m="27679" /><E28/><V106/><F106/><W41/><G113/><T110/><N who="0" m="42065" /><T35/><DORA hai="128" /><D35/><U45/><E33/><V3/><F3/><W134/><G41/><T83/><D83/><U78/><E78/><V126/><F126/><W93/><G134/><T94/><D94/><U82/><E82/><N who="2" m="49335" /><F117/><W2/><G93/><T49/><D49/><AGARI ba="0,0" hai="22,24,30,49,55,59,64,65" m="49335,36905" machi="49" ten="30,1000,0" yaku="8,1" doraHai="57,128" who="2" fromWho="0" sc="243,-10,265,0,246,10,246,0" /><INIT seed="2,0,0,1,0,125" ten="233,265,256,246" oya="2" hai0="50,1,129,72,132,87,14,51,114,71,45,57,15" hai1="53,46,32,41,126,91,39,40,43,3,113,61,44" hai2="69,112,107,95,22,121,42,36,81,76,68,26,134" hai3="79,11,6,62,96,109,35,67,34,65,90,135,47"/><V70/><F107/><W89/><G109/><T73/><D114/><U66/><E32/><V60/><F121/><W63/><G135/><T24/><D132/><U127/><E3/><V102/><F112/><W106/><G79/><T100/><D71/><N who="1" m="42447" /><E91/><V115/><F115/><W12/><G47/><T5/><D1/><U86/><E86/><V37/><F134/><W128/><G128/><T7/><D100/><U56/><E113/><V88/><F42/><N who="1" m="16489" /><E44/><V99/><F60/><AGARI ba="0,0" hai="39,43,46,53,56,60,126,127" m="16489,42447" machi="60" ten="30,2000,0" yaku="34,2" doraHai="125" who="1" fromWho="2" sc="233,0,265,20,256,-20,246,0" /><INIT seed="3,0,0,4,1,108" ten="233,285,236,246" oya="3" hai0="1,25,48,116,134,7,114,128,113,10,28,77,107" hai1="73,125,29,110,132,85,14,22,56,36,11,72,17" hai2="32,30,92,35,68,62,99,34,16,94,112,43,118" hai3="124,111,130,44,54,70,51,129,122,79,135,78,127"/><W91/><G122/><T86/><D107/><U2/><E36/><V106/><F106/><W18/><G70/><T49/><D116/><U55/><E110/><V50/><F118/><W97/><G111/><T24/><D128/><N who="3" m="49257" /><G18/><T59/><D134/><U42/><E42/><V131/><F30/><W12/><G12/><T120/><D120/><U103/><E132/><V100/><F131/><W57/><G135/><T61/><D86/><U13/><E2/><V101/><F16/><W89/><G44/><T115/><D77/><N who="3" m="29193" /><G97/><T66/><D25/><U119/><E13/><V117/><F117/><W39/><G39/><T133/><D133/><U58/><E119/><V84/><F35/><AGARI ba="0,0" hai="1,7,10,24,28,35,48,49,59,61,66,113,114,115" machi="35" ten="40,8000,1" yaku="11,1,52,3" doraHai="108" who="0" fromWho="2" sc="233,80,285,0,236,-80,246,0" owari="313,40.0,285,9.0,156,-34.0,246,-15.0" /></mjloggm>