<mjloggm ver="2.3"><GO type="97" lobby="0"/><UN n0="%E5%B0%B1%E6%B4%BB%E7%94%9F%40%E5%B7%9D%E6%9D%91%E8%BB%8D%E5%9B%A3" n1="%75%6F%74%61" n2="%4E%47%40%34%35" n3="%E3%82%B9%E3%83%AB%E3%83%A1" dan="14,14,13,13" rate="1973.74,1972.01,1889.09,1845.21" sx="M,M,M,M"/><TAIKYOKU oya="0"/><INIT seed="0,0,0,0,3,83" ten="250,250,250,250" oya="0" hai0="120,71,119,7,9,51,123,35,40,66,1,10,91" hai1="116,16,111,5,50,98,13,48,61,127,133,43,105" hai2="122,80,92,64,70,59,126,24,4,45,62,135,112" hai3="88,53,106,75,47,107,41,125,20,8,0,29,94"/><T58/><D119/><U121/><E116/><V31/><F122/><W131/><G75/><T84/><D35/><U21/><E121/><V128/><F112/><W100/><G131/><T30/><D30/><U114/><E114/><V73/><F4/><W32/><G125/><T15/><D71/><U38/><E127/><V89/><F126/><W22/><G53/><T63/><D51/><U90/><E5/><V65/><F128/><W12/><G0/><T11/><D40/><U96/><E111/><V6/><F6/><W77/><G77/><T74/><D74/><U34/><E34/><V36/><F135/><W33/><G22/><T130/><D130/><U104/><E133/><V49/><F80/><W69/><G69/><T78/><D78/><U117/><E117/><V57/><F73/><W109/><G109/><T95/><REACH who="0" step="1"/><D11/><REACH who="0" ten="240,250,250,250" step="2"/><U67/><E48/><V60/><F36/><W68/><G8/><T54/><D54/><U118/><E38/><V2/><F70/><W110/><G68/><T52/><D52/><U44/><E118/><V23/><F49/><W79/><G41/><T132/><D132/><U113/><E113/><V26/><F45/><W99/><G79/><T101/><D101/><U93/><E61/><V19/><F31/><W37/><G47/><T72/><D72/><U85/><E67/><V42/><F42/><W3/><G100/><T129/><D129/><U82/><E98/><N who="2" m="57615" /><F2/><W14/><G99/><T18/><AGARI ba="0,1" hai="1,7,9,10,15,18,58,63,66,84,91,95,120,123" machi="18" ten="20,12000,1" yaku="1,1,0,1,7,1,52,1,53,1" doraHai="83" doraHaiUra="55" who="0" fromWho="0" sc="240,130,250,-40,250,-40,250,-40" /><INIT seed="0,1,0,3,0,14" ten="370,210,210,210" oya="0" hai0="62,69,115,5,19,18,11,6,102,34,3,111,106" hai1="12,65,10,120,100,129,84,95,40,92,71,121,7" hai2="70,61,99,104,83,75,76,25,91,88,109,116,73" hai3="24,108,80,58,89,50,128,77,124,94,26,37,126"/><T15/><D115/><U42/><E129/><V54/><F70/><W87/><G108/><T0/><D34/><U39/><E120/><V125/><F25/><W13/><G128/><T57/><D69/><U22/><E121/><V1/><F1/><W110/><G110/><T133/><D133/><U44/><E42/><V30/><F30/><W2/><G2/><T72/><D72/><N who="2" m="27722" /><F54/><N who="3" m="32087" /><G13/><T59/><D111/><U135/><E135/><V31/><F31/><W46/><G46/><T117/><D117/><U101/><E71/><V118/><F61/><W107/><G107/><T35/><D35/><U97/><E65/><V4/><F4/><W74/><G37/><T32/><D32/><U130/><E130/><V36/><F36/><W85/><G85/><T81/><D6/><U113/><E113/><V79/><F109/><W90/><G90/><N who="2" m="34345" /><F125/><AGARI ba="1,0" hai="24,26,74,77,80,87,89,94,124,125,126" m="32087" machi="125" ten="30,1000,0" yaku="18,1" doraHai="14" who="3" fromWho="2" sc="370,0,210,0,210,-13,210,13" /><INIT seed="1,0,0,4,2,3" ten="370,210,197,223" oya="1" hai0="0,101,16,2,135,113,28,133,112,38,118,12,57" hai1="83,103,122,29,89,75,119,32,7,13,134,85,100" hai2="87,60,11,34,111,79,95,17,74,77,90,69,50" hai3="96,76,127,48,47,110,4,131,45,70,41,27,132"/><U15/><E122/><V62/><F111/><W72/><G110/><T44/><D101/><U61/><E119/><V123/><F123/><W114/><G114/><N who="0" m="44139" /><D57/><U105/><E134/><N who="0" m="51209" /><D118/><U121/><E121/><V25/><F74/><W53/><G131/><T120/><D120/><U129/><E129/><V78/><F34/><W9/><G127/><T92/><D92/><U107/><E75/><V98/><F69/><W115/><G115/><T68/><D68/><U1/><E61/><N who="2" m="23659" /><F50/><W40/><G70/><T43/><D28/><U84/><E29/><V86/><F25/><W6/><G96/><T20/><AGARI ba="0,0" hai="0,2,12,16,20,38,43,44" m="51209,44139" machi="20" ten="30,2000,0" yaku="20,1,54,1" doraHai="3" who="0" fromWho="0" sc="370,20,210,-10,197,-5,223,-5" /><INIT seed="2,0,0,2,4,133" ten="390,200,192,218" oya="2" hai0="127,122,102,24,74,121,42,60,31,88,106,105,7" hai1="19,126,134,104,46,91,69,115,98,50,96,37,9" hai2="15,92,21,129,130,1,124,8,61,93,99,103,114" hai3="11,12,109,47,116,17,90,45,49,63,28,23,62"/><V22/><F114/><W79/><G116/><T117/><D117/><U128/><E115/><V84/><F1/><W110/><G79/><T33/><D74/><U125/><E37/><V111/><F61/><W0/><G0/><T13/><D42/><U18/><E69/><V86/><F111/><N who="3" m="42507" /><G90/><T40/><D40/><U66/><E66/><V77/><F124/><N who="1" m="47721" /><E134/><V16/><F77/><W38/><G38/><T25/><D127/><U94/><E128/><N who="2" m="49259" /><F92/><W120/><G120/><T10/><D25/><U20/><E9/><V85/><AGARI ba="0,0" hai="8,15,16,21,22,84,85,86,93,99,103" m="49259" machi="85" ten="30,3000,0" yaku="19,1,54,1" doraHai="133" who="2" fromWho="2" sc="390,-10,200,-10,192,30,218,-10" /><INIT seed="2,1,0,4,4,112" ten="380,190,222,208" oya="2" hai0="35,74,8,40,125,101,131,117,12,70,13,80,100" hai1="20,129,122,47,102,118,1,128,135,14,132,67,32" hai2="88,15,133,97,29,105,69,48,37,111,52,107,81" hai3="21,53,18,31,55,9,89,46,124,34,94,76,0"/><V38/><F69/><W119/><G76/><T71/><D35/><U36/><E67/><V42/><F29/><W121/><G121/><T96/><D125/><U126/><E102/><V92/><F133/><N who="1" m="51273" /><E36/><V51/><F111/><W17/><G124/><T11/><D117/><U22/><E47/><N who="2" m="25719" /><F37/><W19/><G119/><T30/><D131/><N who="1" m="50251" /><E122/><V54/><F38/><W43/><G34/><T41/><D30/><U85/><E85/><N who="2" m="50223" /><F107/><W26/><G0/><T110/><D110/><U84/><E84/><V24/><F24/><W75/><G9/><T120/><D120/><U87/><E87/><V83/><F83/><W115/><G115/><T50/><D80/><U61/><E61/><V10/><F51/><N who="3" m="27103" /><G75/><T66/><D50/><U45/><E45/><V58/><F58/><W65/><G65/><T113/><D113/><U25/><E126/><V57/><F57/><W5/><G5/><T108/><D108/><U72/><E72/><V103/><F105/><W104/><G104/><T116/><D116/><U16/><E1/><V134/><F134/><W123/><G123/><T114/><D114/><U130/><N who="1" m="50259" /><U98/><DORA hai="99" /><E98/><AGARI ba="1,0" hai="17,18,19,21,26,31,53,55,89,94,98" m="27103" machi="98" ten="30,1000,0" yaku="8,1" doraHai="112,99" who="3" fromWho="1" sc="380,0,190,-13,222,0,208,13" /><INIT seed="3,0,0,2,2,99" ten="380,177,222,221" oya="3" hai0="65,116,111,12,93,112,81,4,46,16,1,25,70" hai1="100,73,109,34,56,134,33,5,82,21,49,133,22" hai2="40,135,113,92,23,29,118,52,19,66,128,54,108" hai3="95,9,41,8,106,17,102,0,96,53,76,79,6"/><W119/><G119/><T43/><D116/><U27/><E73/><V78/><F118/><W18/><G41/><T31/><D112/><U7/><E82/><V69/><F113/><W94/><G53/><T72/><D111/><U90/><E90/><V67/><F69/><W114/><G114/><T45/><D70/><U59/><E49/><V130/><F108/><W62/><G62/><T28/><D65/><N who="2" m="24586" /><F40/><W101/><G106/><T63/><D63/><U83/><E83/><V64/><N who="2" m="24594" /><V36/><DORA hai="26" /><F36/><W32/><G32/><T126/><D126/><U80/><E80/><V75/><F135/><W2/><G96/><T61/><D61/><U127/><E109/><V103/><F78/><W91/><G91/><T35/><D93/><U115/><E115/><V132/><F132/><W50/><G50/><T20/><D43/><U86/><E86/><V38/><F38/><W105/><G105/><T110/><D110/><U125/><REACH who="1" step="1"/><E27/><REACH who="1" ten="380,167,222,221" step="2"/><N who="2" m="16639" /><F75/><W120/><REACH who="3" step="1"/><G6/><REACH who="3" ten="380,167,222,211" step="2"/><T85/><D4/><U47/><E47/><V84/><F84/><W88/><G88/><T68/><D85/><U10/><E10/><V14/><F128/><W121/><AGARI ba="0,2" hai="0,2,8,9,17,18,76,79,94,95,101,102,120,121" machi="121" ten="25,18000,2" yaku="1,1,0,1,22,2,52,2,53,0" doraHai="99,26" doraHaiUra="48,51" who="3" fromWho="3" sc="380,-60,167,-60,222,-60,211,200" owari="320,12.0,107,-39.0,162,-24.0,411,51.0" /></mjloggm>