<mjloggm ver="2.3"><GO type="169" lobby="0"/><UN n0="%E3%83%88%E3%83%88%E3%83%AA%E5%85%88%E7%94%9F%31%39%E6%AD%B3" n1="%E3%81%88%E3%83%A2%E3%83%B3" n2="%E6%9E%9D%E8%B1%86%E3%82%AB%E3%83%AC%E3%83%BC%E7%94%98%E5%8F%A3" n3="%E3%83%AD%E3%83%83%E3%83%86%E9%9B%80%E7%90%83" dan="18,16,16,17" rate="2152.03,2010.22,2132.48,2181.64" sx="F,F,F,M"/><TAIKYOKU oya="0"/><INIT seed="0,0,0,3,1,80" ten="250,250,250,250" oya="0" hai0="53,34,103,86,25,7,48,58,132,114,124,96,120" hai1="82,79,61,50,28,111,31,35,73,10,84,92,45" hai2="26,74,43,66,129,134,59,0,54,68,115,62,56" hai3="12,69,41,76,81,36,29,13,1,52,131,8,77"/><T119/><D114/><U18/><E111/><V3/><F115/><W105/><G105/><T108/><D120/><U63/><E35/><V107/><F74/><W104/><G104/><T85/><D119/><U15/><E73/><V133/><F107/><W83/><G69/><T78/><D78/><U47/><E92/><V51/><F26/><W90/><G131/><T87/><D132/><N who="2" m="50794" /><F3/><W118/><G118/><T98/><D124/><U127/><E127/><V102/><F102/><W5/><G29/><N who="1" m="11338" /><E45/><N who="2" m="26047" /><F0/><W116/><G116/><T106/><D108/><U49/><E49/><N who="2" m="30799" /><F129/><W11/><G1/><T4/><D25/><U20/><E20/><V16/><F16/><W91/><G5/><N who="0" m="2123" /><D34/><U75/><E75/><V100/><F100/><W38/><G41/><AGARI ba="0,0" hai="10,15,18,41,47,50,61,63,79,82,84" m="11338" machi="41" ten="30,2000,0" yaku="8,1,52,1" doraHai="80" who="1" fromWho="3" sc="250,0,250,20,250,0,250,-20" /><INIT seed="1,0,0,3,5,84" ten="250,270,250,230" oya="1" hai0="3,38,24,8,65,19,80,102,60,71,6,40,83" hai1="32,39,44,17,88,25,127,77,22,59,47,108,134" hai2="67,90,29,66,128,16,9,11,85,70,105,14,0" hai3="135,4,69,61,49,33,75,63,121,43,64,120,74"/><U55/><E127/><V23/><F105/><W109/><G109/><T93/><D38/><U103/><E39/><V89/><F128/><W111/><G111/><T87/><D40/><U34/><E108/><V21/><F70/><W56/><G33/><T72/><D72/><U106/><E77/><V125/><F125/><W94/><G4/><T107/><D19/><U73/><E73/><V68/><F68/><W48/><G94/><T95/><D83/><U20/><E134/><V62/><F62/><W124/><G124/><T51/><D51/><U117/><E117/><V36/><F36/><W37/><G75/><T13/><D3/><U116/><E34/><V126/><F0/><W123/><G74/><T1/><D1/><U91/><E32/><V76/><F11/><W28/><G28/><T58/><D24/><N who="1" m="14351" /><E103/><V46/><F46/><N who="1" m="17449" /><E106/><V27/><F9/><W30/><G135/><T2/><D2/><U114/><E114/><V97/><F126/><W26/><G37/><T115/><D115/><U12/><E12/><V99/><F76/><W31/><G43/><T78/><D107/><U57/><E116/><V82/><REACH who="2" step="1"/><F90/><REACH who="2" ten="250,270,240,230" step="2"/><N who="1" m="34345" /><E55/><V54/><F54/><W86/><G69/><T52/><D102/><U50/><E50/><V130/><F130/><W92/><G48/><T100/><D100/><U98/><E98/><AGARI ba="0,1" hai="14,16,21,23,27,29,66,67,82,85,89,97,98,99" machi="98" ten="40,8000,1" yaku="1,1,8,1,52,1,54,1,53,1" doraHai="84" doraHaiUra="79" who="2" fromWho="1" sc="250,0,270,-80,240,90,230,0" /><INIT seed="2,0,0,5,0,60" ten="250,190,330,230" oya="2" hai0="84,88,120,133,49,22,87,61,130,93,24,115,118" hai1="37,56,79,110,131,73,26,2,127,81,104,65,29" hai2="89,42,6,70,113,92,78,64,8,132,18,74,66" hai3="27,119,31,107,25,57,15,105,44,69,85,117,48"/><V4/><F70/><W20/><G69/><T35/><D115/><U106/><E2/><V111/><F113/><W40/><G15/><T90/><D120/><U122/><E122/><V100/><F100/><W94/><G57/><T62/><D35/><U108/><E37/><V46/><F132/><W135/><G135/><T50/><D133/><U103/><E131/><V54/><F54/><W63/><G63/><N who="0" m="24075" /><D130/><U71/><E56/><V23/><F6/><W86/><G94/><N who="0" m="54535" /><D118/><U10/><E106/><V12/><F111/><N who="1" m="42537" /><E71/><V43/><F78/><W55/><G107/><T3/><D3/><U96/><E127/><V7/><F74/><W33/><G105/><T5/><D5/><N who="2" m="2122" /><F8/><W17/><G55/><T97/><D97/><U124/><E10/><V16/><F18/><AGARI ba="0,0" hai="18,22,24,49,50,87,90,93" m="54535,24075" machi="18" ten="30,2000,0" yaku="8,1,54,1" doraHai="60" who="0" fromWho="2" sc="250,20,190,0,330,-20,230,0" /><INIT seed="3,0,0,3,2,73" ten="270,190,310,230" oya="3" hai0="21,5,120,48,84,90,26,3,45,123,53,23,33" hai1="128,110,93,85,37,50,98,59,6,15,101,10,18" hai2="49,16,19,27,42,64,108,82,116,52,115,107,99" hai3="97,54,104,68,24,131,70,114,66,111,80,76,132"/><W125/><G114/><T62/><D33/><U71/><E110/><V69/><F115/><W72/><G111/><T77/><D23/><U130/><E37/><V112/><F108/><W34/><G125/><T63/><D3/><U96/><E71/><V51/><F112/><W89/><G132/><T13/><D120/><U106/><E85/><V113/><F113/><W121/><G131/><T60/><D123/><U118/><E118/><V105/><F105/><W127/><G127/><T44/><D44/><U57/><E50/><V58/><F82/><W134/><G134/><T25/><D77/><U29/><E29/><V7/><F7/><W75/><G121/><T61/><N who="0" m="15360" /><DORA hai="119" /><T11/><REACH who="0" step="1"/><D21/><REACH who="0" ten="260,190,310,230" step="2"/><U31/><E31/><V117/><F117/><W46/><G46/><T135/><D135/><U4/><E4/><V124/><F124/><W133/><G76/><T79/><D79/><U83/><E6/><V102/><F116/><W14/><G34/><T103/><D103/><U2/><E2/><V20/><F102/><W38/><G133/><T81/><AGARI ba="0,1" hai="5,11,13,25,26,45,48,53,81,84,90" m="15360" machi="81" ten="40,8000,1" yaku="1,1,0,1,8,1,53,1" doraHai="73,119" doraHaiUra="65,9" who="0" fromWho="0" sc="260,90,190,-20,310,-20,230,-40" /><INIT seed="4,0,0,5,0,70" ten="350,170,290,190" oya="0" hai0="112,48,81,18,111,67,61,114,104,32,122,88,4" hai1="102,93,35,135,110,90,119,15,28,75,82,62,14" hai2="133,0,109,77,106,117,125,47,95,68,98,108,57" hai3="11,21,72,33,100,115,132,121,103,31,52,53,120"/><T20/><D122/><N who="3" m="47209" /><G115/><N who="0" m="44075" /><D32/><U38/><E119/><V84/><F68/><W94/><G132/><T40/><D104/><U89/><E135/><V96/><F57/><W25/><G72/><T87/><D111/><U34/><E110/><V30/><F30/><W44/><G33/><T69/><D4/><U73/><E28/><V80/><F47/><W105/><G105/><T107/><D107/><U74/><E102/><N who="3" m="38954" /><G94/><T59/><D69/><U92/><E82/><V91/><F0/><W2/><G44/><N who="0" m="25607" /><D20/><U22/><E75/><V16/><F106/><W64/><G64/><T41/><D41/><U58/><E22/><V49/><F95/><W126/><G126/><T6/><D6/><AGARI ba="0,0" hai="2,6,11,21,25,31,52,53" m="38954,47209" machi="6" ten="30,2000,0" yaku="13,1,54,1" doraHai="70" who="3" fromWho="0" sc="350,-20,170,0,290,0,190,20" /><INIT seed="5,0,0,2,0,16" ten="330,170,290,210" oya="1" hai0="46,121,63,33,3,68,109,29,56,25,120,6,47" hai1="42,24,116,15,2,113,126,119,50,74,48,67,30" hai2="44,45,72,36,82,65,104,70,118,117,80,60,71" hai3="22,75,85,128,90,58,108,129,39,41,77,54,87"/><U37/><E74/><V124/><F104/><W32/><G108/><T106/><D109/><U64/><E2/><V7/><F82/><N who="3" m="45375" /><G32/><T81/><D106/><U100/><E100/><V23/><F71/><W115/><G115/><T55/><D3/><U17/><E113/><V79/><F124/><W88/><G41/><T35/><D6/><U27/><E126/><V43/><F45/><W4/><G39/><T8/><D8/><U97/><E97/><V66/><F66/><W122/><G4/><T61/><D35/><U78/><E78/><V49/><F49/><N who="3" m="31055" /><G122/><N who="0" m="47211" /><D81/><U133/><E37/><V57/><F57/><W21/><G87/><T102/><D102/><U111/><E111/><V130/><F130/><N who="3" m="50283" /><G90/><T93/><D93/><AGARI ba="0,0" hai="21,22,85,88,93" m="50283,31055,45375" machi="93" ten="30,7700,0" yaku="19,1,52,2,54,1" doraHai="16" who="3" fromWho="0" sc="330,-77,170,0,290,0,210,77" /><INIT seed="6,0,0,3,2,47" ten="253,170,290,287" oya="2" hai0="38,36,117,104,119,23,97,86,53,93,126,43,95" hai1="6,120,24,101,68,42,39,87,48,52,118,51,72" hai2="25,46,29,133,83,33,100,22,1,89,84,114,5" hai3="7,94,91,0,20,11,65,64,106,131,27,14,128"/><V79/><F114/><W130/><G106/><T4/><D126/><U9/><E72/><V10/><F133/><W107/><G107/><T49/><D104/><U19/><E68/><V45/><F100/><W98/><REACH who="3" step="1"/><G0/><REACH who="3" ten="253,170,290,277" step="2"/><T18/><D117/><U135/><E118/><V80/><F33/><W55/><G55/><T103/><D119/><U61/><E135/><V54/><F54/><W102/><G102/><T76/><D43/><U121/><E101/><V109/><F109/><W31/><AGARI ba="0,1" hai="7,11,14,20,27,31,64,65,91,94,98,128,130,131" machi="31" ten="30,4000,0" yaku="1,1,0,1,19,1,53,0" doraHai="47" doraHaiUra="56" who="3" fromWho="3" sc="253,-10,170,-10,290,-20,277,50" /><INIT seed="7,0,0,0,3,96" ten="243,160,270,327" oya="3" hai0="11,47,92,100,50,94,32,129,85,87,43,86,46" hai1="89,16,68,22,29,23,2,4,128,77,52,124,28" hai2="3,82,44,110,58,14,80,56,6,127,107,15,115" hai3="27,39,64,17,99,0,135,38,63,119,40,79,131"/><W60/><G0/><T42/><D32/><U118/><E68/><V65/><F110/><W125/><G79/><T5/><D129/><U75/><E128/><V70/><F70/><W13/><G40/><T93/><D11/><U51/><E118/><V132/><F107/><W34/><G63/><T25/><D25/><U104/><E104/><V73/><F73/><W8/><G125/><T122/><D5/><U97/><E124/><V48/><F3/><W36/><G135/><T55/><D122/><U83/><E23/><V111/><F132/><W31/><G119/><T57/><D43/><U120/><E120/><V9/><F115/><W105/><G38/><T109/><D109/><U59/><E4/><V95/><F15/><W102/><G131/><T41/><D41/><U123/><E2/><V108/><F127/><W72/><G72/><T91/><D91/><U37/><E37/><V74/><F74/><W101/><G101/><T62/><REACH who="0" step="1"/><D47/><REACH who="0" ten="233,160,270,327" step="2"/><U106/><E123/><V7/><F7/><W81/><G8/><T121/><D121/><U88/><E89/><V61/><F111/><W133/><G27/><T130/><D130/><U19/><E19/><V134/><F108/><W49/><G17/><T117/><D117/><U18/><E18/><V71/><F134/><W113/><G34/><T67/><D67/><U20/><E20/><V126/><F126/><W12/><G64/><T10/><D10/><U103/><E88/><V90/><F90/><W1/><G133/><T112/><D112/><U45/><E45/><V116/><F116/><W78/><G113/><T24/><D24/><AGARI ba="0,1" hai="16,22,24,28,29,51,52,59,75,77,83,97,103,106" machi="24" ten="30,8000,1" yaku="6,1,7,1,52,1,54,2" doraHai="96" who="1" fromWho="0" sc="233,-80,160,90,270,0,327,0" owari="153,-35.0,250,-15.0,270,7.0,327,43.0" /></mjloggm>