<mjloggm ver="2.3"><GO type="97" lobby="0"/><UN n0="%E5%93%A9%E3%83%BB%E3%83%93%E3%83%93%E3%82%AF%E3%83%B3" n1="%4B%49%44%4F" n2="%E5%B0%B1%E6%B4%BB%E7%94%9F%40%E5%B7%9D%E6%9D%91%E8%BB%8D%E5%9B%A3" n3="%6B%6F%79%6F%35%31%33" dan="14,14,15,14" rate="1942.40,1970.02,2022.61,1845.84" sx="F,M,M,M"/><TAIKYOKU oya="0"/><INIT seed="0,0,0,5,4,37" ten="250,250,250,250" oya="0" hai0="25,96,44,47,8,107,133,5,27,13,112,67,86" hai1="132,62,109,104,100,106,61,111,12,135,6,108,121" hai2="60,40,58,54,71,82,49,19,36,130,103,124,11" hai3="93,122,123,87,127,78,59,56,105,1,80,50,115"/><T99/><D112/><U43/><E100/><V23/><F124/><W125/><G115/><T79/><D133/><N who="1" m="51275" /><E121/><N who="3" m="46090" /><G1/><T31/><D67/><U85/><E85/><V53/><F130/><W114/><G114/><T76/><D27/><U134/><N who="1" m="51283" /><U69/><DORA hai="126" /><E69/><V91/><F103/><W131/><G105/><N who="1" m="40554" /><E43/><V128/><F128/><W52/><G131/><T24/><D107/><U98/><E98/><N who="0" m="37417" /><D31/><U90/><E90/><V97/><F71/><W81/><G93/><T34/><D34/><U42/><E42/><V119/><F119/><W95/><G95/><T101/><D101/><U102/><E102/><V92/><F82/><N who="3" m="47575" /><G59/><T129/><D129/><U21/><E21/><V77/><F77/><N who="0" m="29770" /><D86/><U48/><E48/><V15/><F36/><W46/><G80/><T74/><D74/><U116/><E116/><V16/><F40/><N who="3" m="24903" /><G81/><T65/><D47/><U4/><E12/><N who="2" m="9607" /><F49/><AGARI ba="0,0" hai="49,52,56,125,127" m="24903,47575,46090" machi="49" ten="30,3900,0" yaku="13,1,52,1,54,1" doraHai="37,126" who="3" fromWho="2" sc="250,0,250,0,250,-39,250,39" /><INIT seed="1,0,0,3,0,42" ten="250,250,211,289" oya="1" hai0="93,107,100,25,27,79,125,53,15,23,65,62,86" hai1="36,41,113,26,12,66,124,30,81,72,20,18,84" hai2="87,119,58,92,24,0,47,3,10,45,35,11,126" hai3="117,19,115,101,75,110,34,121,43,37,103,129,14"/><U78/><E113/><V122/><F119/><W77/><G34/><T5/><D107/><U94/><E124/><V80/><F122/><W96/><G115/><T109/><D109/><U114/><E114/><V118/><F118/><W7/><G110/><T21/><D125/><U95/><E66/><V105/><F105/><W31/><G117/><T33/><D33/><U74/><E74/><V61/><F126/><W6/><G129/><T123/><D123/><U106/><E106/><V73/><F73/><W102/><G31/><T48/><D79/><U69/><E69/><V9/><F3/><W38/><G121/><T49/><D86/><U82/><E41/><V51/><F0/><W63/><G96/><N who="0" m="59407" /><D65/><U88/><REACH who="1" step="1"/><E36/><REACH who="1" ten="250,240,211,289" step="2"/><V55/><F92/><W112/><G112/><T134/><D134/><U22/><AGARI ba="0,1" hai="12,18,20,22,26,30,72,78,81,82,84,88,94,95" machi="22" ten="20,12000,1" yaku="1,1,2,1,0,1,7,1,54,1,53,0" doraHai="42" doraHaiUra="40" who="1" fromWho="1" sc="250,-40,240,130,211,-40,289,-40" /><INIT seed="1,1,0,2,0,122" ten="210,370,171,249" oya="1" hai0="123,5,52,26,16,53,11,114,61,0,8,68,37" hai1="36,73,58,135,7,78,6,62,2,23,13,98,51" hai2="118,19,102,79,21,22,10,106,41,115,121,25,45" hai3="107,109,28,49,90,43,3,56,87,33,55,81,119"/><U95/><E2/><V29/><F121/><W134/><G3/><T35/><D123/><U104/><E36/><V129/><F118/><W64/><G107/><T108/><D37/><U116/><E104/><V131/><F115/><W31/><G119/><T88/><D114/><U126/><E116/><V59/><F79/><W50/><G134/><T47/><D108/><U57/><E73/><V54/><F10/><W120/><G120/><T93/><D47/><U112/><E78/><V127/><F127/><W85/><G109/><T75/><D75/><U14/><E112/><V94/><F106/><W128/><G128/><T110/><D110/><U77/><E77/><V48/><F102/><W111/><G111/><T39/><D39/><U86/><E86/><V42/><F94/><W18/><G33/><T72/><D72/><U100/><E126/><V103/><F103/><W32/><G32/><T124/><D124/><U82/><E82/><V132/><F132/><W84/><G18/><T15/><D26/><U24/><E51/><V89/><F89/><W63/><G43/><T60/><D35/><U74/><E58/><V70/><F70/><W1/><G49/><T76/><D76/><U27/><E27/><N who="2" m="14783" /><F45/><W130/><G1/><T17/><D17/><N who="1" m="12399" /><E74/><V66/><F66/><W20/><G130/><AGARI ba="1,0" hai="22,25,29,41,42,48,54,59,129,130,131" m="14783" machi="130" ten="30,1000,0" yaku="19,1" doraHai="122" who="2" fromWho="3" sc="210,0,370,0,171,13,249,-13" /><INIT seed="2,0,0,0,3,83" ten="210,370,184,236" oya="2" hai0="28,30,20,85,73,41,87,77,93,96,31,29,67" hai1="78,82,39,114,130,120,109,105,5,76,60,131,99" hai2="40,63,75,23,81,86,21,103,44,1,45,62,4" hai3="54,112,92,117,116,64,18,34,25,24,33,71,12"/><V6/><F75/><W2/><G64/><T46/><D67/><U69/><E39/><V88/><F103/><W53/><G71/><T108/><D108/><U55/><E5/><N who="2" m="2155" /><F1/><W56/><G2/><T3/><D3/><U102/><E69/><V123/><F123/><W125/><G125/><T16/><D77/><U119/><E60/><N who="2" m="23083" /><F40/><W113/><G56/><T38/><D73/><U11/><E11/><V134/><F134/><W50/><G50/><T106/><D106/><U115/><E55/><V27/><F23/><W8/><G92/><T43/><D43/><U36/><E76/><V97/><F97/><W66/><G66/><T68/><D68/><U127/><E36/><V57/><F57/><W15/><G18/><AGARI ba="0,0" hai="18,21,27,44,45,81,86,88" m="23083,2155" machi="18" ten="30,5800,0" yaku="8,1,52,1,54,1" doraHai="83" who="2" fromWho="3" sc="210,0,370,0,184,58,236,-58" /><INIT seed="2,1,0,4,2,128" ten="210,370,242,178" oya="2" hai0="5,30,110,45,70,59,134,80,44,61,93,104,91" hai1="66,60,50,122,7,99,53,20,111,8,115,24,43" hai2="48,118,17,4,123,84,78,107,1,124,89,103,116" hai3="15,55,117,74,18,54,73,102,106,76,23,36,31"/><V82/><F123/><W121/><G36/><T38/><D110/><U63/><E111/><V101/><F1/><W96/><G121/><T77/><D104/><U112/><E122/><V26/><F4/><W14/><G117/><T12/><D70/><U65/><E43/><V11/><F124/><W21/><G73/><T62/><D38/><U51/><E112/><V58/><F107/><W109/><G109/><T95/><D30/><U108/><E108/><V75/><F103/><W27/><G76/><T10/><D134/><U19/><E99/><V135/><F101/><W71/><G71/><T114/><D114/><U32/><E32/><V125/><F135/><W83/><G83/><T85/><D95/><U64/><E115/><V41/><F125/><W90/><G74/><T6/><D6/><U35/><E35/><V127/><F127/><W9/><REACH who="3" step="1"/><G90/><REACH who="3" ten="210,370,242,168" step="2"/><T2/><D2/><U100/><E100/><V120/><F89/><W28/><G28/><T40/><D40/><U37/><E37/><V16/><F41/><W133/><G133/><T88/><D91/><U97/><E97/><V72/><F120/><W49/><G49/><N who="1" m="18442" /><E53/><N who="2" m="32039" /><F116/><W13/><G13/><AGARI ba="1,1" hai="7,8,13,19,20,24,60,63,64,65,66" m="18442" machi="13" ten="30,1000,0" yaku="8,1" doraHai="128" who="1" fromWho="3" sc="210,0,370,23,242,0,168,-13" /><INIT seed="3,0,0,1,2,59" ten="210,393,242,155" oya="3" hai0="23,109,55,13,42,47,37,74,10,12,66,131,58" hai1="107,82,24,83,18,93,96,87,80,94,1,16,68" hai2="20,85,78,33,71,84,95,9,61,6,30,97,39" hai3="52,130,81,116,67,56,54,22,103,89,127,90,101"/><W65/><G116/><T8/><D74/><U25/><E1/><V120/><F39/><W19/><G130/><T134/><D131/><U121/><E68/><V70/><F33/><W50/><G127/><T100/><D109/><U129/><E107/><V112/><F112/><W11/><G11/><T99/><D134/><U117/><E121/><V7/><F120/><W73/><G73/><T34/><D66/><N who="3" m="25097" /><G54/><T110/><D34/><U125/><E125/><V114/><F71/><W3/><G3/><T106/><D110/><U5/><E5/><V124/><F70/><W4/><G4/><T128/><D128/><U102/><E117/><V26/><F114/><W62/><G50/><T57/><D23/><U119/><E119/><V53/><F124/><W133/><G133/><T126/><D126/><U64/><E64/><V40/><F40/><W35/><G35/><T105/><D105/><U63/><E63/><V135/><F135/><W27/><G81/><N who="1" m="31338" /><E93/><V77/><F9/><W43/><G43/><T49/><D49/><U45/><E45/><V118/><F118/><W48/><G48/><T28/><D55/><U92/><E92/><V51/><F7/><W31/><G31/><T76/><D28/><U60/><E60/><V36/><F61/><W29/><G29/><T91/><D106/><U2/><E2/><V111/><F6/><W86/><G86/><N who="2" m="33385" /><F36/><W75/><G75/><T104/><D37/><U88/><E129/><V41/><F111/><W123/><G123/><T72/><D104/><U98/><E98/><V113/><F113/><W17/><G17/><AGARI ba="0,0" hai="16,17,18,24,25,83,87,88,94,96,102" m="31338" machi="17" ten="30,3900,0" yaku="8,1,54,2" doraHai="59" who="1" fromWho="3" sc="210,0,393,39,242,0,155,-39" owari="210,-19.0,432,53.0,242,4.0,116,-38.0" /></mjloggm>