<mjloggm ver="2.3"><GO type="41" lobby="0"/><UN n0="%E5%B0%B1%E6%B4%BB%E7%94%9F%40%E5%B7%9D%E6%9D%91%E8%BB%8D%E5%9B%A3" n1="%E3%81%97%E3%81%AA%E5%A4%AA%E9%83%8E" n2="%E3%81%90%E3%82%89%E3%81%95%E3%82%93%EF%BC%88%E9%9B%80%E5%A3%AB%EF%BC%89" n3="%E5%B0%8F%E7%80%AC%E5%B7%9D" dan="17,13,13,14" rate="2144.77,1860.10,1911.58,1923.71" sx="M,M,M,F"/><TAIKYOKU oya="0"/><INIT seed="0,0,0,4,0,95" ten="250,250,250,250" oya="0" hai0="25,52,58,126,27,16,124,111,6,134,54,120,86" hai1="92,17,79,66,36,21,105,18,117,47,109,44,48" hai2="69,83,59,42,30,2,56,57,89,13,61,94,55" hai3="119,72,68,33,118,99,64,22,51,23,88,26,102"/><T113/><D120/><U125/><E117/><V130/><F130/><W35/><G72/><T15/><D113/><U87/><E105/><V97/><F2/><W65/><G51/><N who="0" m="31007" /><D134/><U77/><E66/><V84/><F42/><W70/><G70/><T135/><D6/><U12/><E125/><N who="0" m="48233" /><D135/><U31/><E36/><V0/><F0/><W106/><G35/><T98/><D86/><U75/><E75/><V53/><F30/><N who="3" m="19671" /><G65/><T39/><D39/><U7/><E7/><V131/><F131/><W45/><G45/><T103/><D54/><U46/><E31/><V85/><F69/><W71/><G71/><T37/><D37/><U5/><E18/><V133/><F133/><W1/><G1/><T132/><D111/><U121/><E109/><V90/><F13/><W82/><G119/><T128/><D128/><U123/><E5/><V80/><REACH who="2" step="1"/><F61/><REACH who="2" ten="250,250,240,250" step="2"/><N who="3" m="39951" /><G118/><T24/><D132/><U74/><E123/><V63/><F63/><W116/><G116/><T8/><D27/><U3/><E121/><V122/><F122/><W112/><G112/><T34/><D34/><U62/><E3/><V96/><F96/><W100/><G102/><AGARI ba="0,1" hai="53,55,56,57,59,80,83,84,85,89,90,94,97,102" machi="102" ten="40,8000,1" yaku="1,1,9,1,8,1,52,1,53,0" doraHai="95" doraHaiUra="101" who="2" fromWho="3" sc="250,0,250,0,240,90,250,-80" /><INIT seed="1,0,0,0,5,8" ten="250,250,330,170" oya="1" hai0="101,92,107,100,72,60,46,35,119,74,132,118,127" hai1="126,64,95,54,53,48,134,34,123,62,10,124,37" hai2="121,104,93,0,75,47,102,26,13,3,76,108,22" hai3="129,67,32,122,21,2,90,115,109,133,25,135,116"/><U15/><E123/><V89/><F121/><W131/><G67/><T63/><D35/><U45/><E34/><V23/><F108/><W31/><G122/><T12/><D12/><U14/><E37/><V68/><F68/><W58/><G58/><T18/><D46/><U5/><E134/><N who="3" m="51210" /><G90/><T49/><D18/><U78/><E78/><V43/><F13/><W36/><G36/><T84/><D49/><U50/><E15/><V27/><F75/><W4/><G115/><T114/><D114/><U106/><E106/><V16/><F76/><W96/><G96/><T112/><D112/><U79/><E79/><V85/><F104/><W33/><G116/><T130/><D130/><N who="3" m="49673" /><G109/><T99/><D132/><U17/><E95/><V97/><F23/><W38/><G38/><T61/><D118/><U110/><E110/><V41/><F26/><W87/><G87/><T103/><D119/><U59/><REACH who="1" step="1"/><E5/><REACH who="1" ten="250,240,330,170" step="2"/><V69/><F69/><AGARI ba="0,1" hai="10,14,17,45,48,50,53,54,59,62,64,69,124,126" machi="69" ten="40,12000,1" yaku="1,1,2,1,52,1,53,1" doraHai="8" doraHaiUra="42" who="1" fromWho="2" sc="250,0,240,130,330,-120,170,0" /><INIT seed="1,1,0,4,5,5" ten="250,370,210,170" oya="1" hai0="7,82,40,102,57,85,123,50,4,77,41,20,127" hai1="112,108,64,60,59,10,71,43,38,104,63,33,89" hai2="135,13,36,65,75,53,23,11,3,113,35,120,114" hai3="87,134,29,132,58,117,42,133,111,12,101,130,68"/><U126/><E112/><N who="2" m="43115" /><F120/><W17/><G111/><T81/><D127/><U67/><E126/><V52/><F75/><W110/><G68/><T115/><D115/><U26/><E108/><V83/><F135/><W9/><G110/><T79/><D123/><U116/><E116/><V39/><F35/><W131/><G117/><T30/><D102/><U88/><E104/><V48/><F83/><W27/><G42/><T98/><D98/><U6/><E38/><V46/><F53/><W15/><G101/><T44/><D41/><U24/><E43/><V14/><F65/><W56/><G87/><N who="0" m="48559" /><D57/><N who="3" m="22121" /><G12/><N who="2" m="4713" /><F23/><AGARI ba="1,0" hai="9,15,17,23,27,29,130,131,132,133,134" m="22121" machi="23" ten="40,2600,0" yaku="20,1,52,1" doraHai="5" who="3" fromWho="2" sc="250,0,370,0,210,-29,170,29" /><INIT seed="2,0,0,5,2,71" ten="250,370,181,199" oya="2" hai0="14,122,22,102,2,95,29,93,39,56,17,86,58" hai1="130,131,10,66,31,123,15,99,89,70,23,100,91" hai2="35,67,120,36,6,69,103,12,117,109,26,84,11" hai3="111,53,81,3,113,49,65,55,112,79,101,61,34"/><V40/><F117/><W47/><G34/><T74/><D2/><U82/><E123/><V13/><F120/><W54/><G3/><T60/><D74/><U21/><E70/><V43/><F103/><W98/><G111/><T41/><D122/><U46/><E66/><V87/><F109/><W7/><G7/><T30/><D58/><U116/><E116/><V0/><F69/><W19/><G19/><T126/><D126/><U129/><E46/><V80/><F67/><W106/><G65/><T115/><D115/><N who="3" m="44105" /><G61/><T45/><D95/><N who="1" m="58495" /><E82/><V59/><F59/><W72/><AGARI ba="0,0" hai="47,49,53,54,55,72,79,81,98,101,106" m="44105" machi="72" ten="30,1100,0" yaku="11,1" doraHai="71" who="3" fromWho="3" sc="250,-3,370,-3,181,-5,199,11" /><INIT seed="3,0,0,1,5,79" ten="247,367,176,210" oya="3" hai0="97,63,25,70,27,126,121,49,33,104,66,125,95" hai1="119,19,10,115,102,94,52,69,53,35,13,74,96" hai2="37,133,7,57,120,40,130,103,114,42,109,43,75" hai3="77,44,11,99,93,100,107,111,22,78,29,101,39"/><W45/><G111/><T118/><D118/><U24/><E115/><V17/><F114/><W3/><G107/><T127/><D104/><U20/><E69/><V87/><F109/><W5/><G101/><T28/><D25/><U30/><E119/><V85/><F75/><W12/><G45/><T132/><D132/><U15/><REACH who="1" step="1"/><E74/><REACH who="1" ten="247,357,176,210" step="2"/><V0/><F120/><W68/><G68/><T131/><D121/><U73/><E73/><V88/><F130/><W129/><G129/><T72/><D131/><U60/><E60/><V26/><F133/><W48/><G39/><T47/><D72/><U41/><E41/><V105/><F37/><W110/><G110/><T67/><D63/><U113/><E113/><V92/><F40/><W86/><G48/><T91/><D70/><U62/><E62/><V65/><F42/><AGARI ba="0,1" hai="27,28,33,42,47,49,66,67,91,95,97,125,126,127" machi="42" ten="40,1300,0" yaku="18,1" doraHai="79" who="0" fromWho="2" sc="247,23,357,0,176,-13,210,0" /><INIT seed="4,0,0,0,0,98" ten="270,357,163,210" oya="0" hai0="23,13,93,134,76,105,34,0,29,96,18,106,118" hai1="75,12,49,47,81,35,69,38,3,126,50,5,14" hai2="30,51,110,11,62,44,39,114,104,37,130,107,28" hai3="102,111,20,74,64,70,61,17,1,45,31,95,82"/><T124/><D118/><U125/><E69/><V80/><F110/><W43/><G111/><T4/><D124/><N who="1" m="47723" /><E35/><V135/><F135/><W79/><G1/><T109/><D134/><U132/><E132/><V26/><F114/><W46/><G31/><T85/><D109/><U84/><E75/><V54/><F130/><W22/><G22/><T25/><D76/><N who="1" m="46119" /><E38/><V71/><F11/><W113/><G113/><T133/><D85/><U86/><E86/><V94/><F94/><W7/><G7/><T131/><D131/><U58/><E3/><V92/><F80/><W99/><REACH who="3" step="1"/><G43/><REACH who="3" ten="270,357,163,200" step="2"/><T100/><D133/><U2/><E2/><V40/><F30/><W52/><G52/><T88/><D0/><U21/><E5/><V63/><F28/><W56/><G56/><T65/><D65/><U127/><E21/><V66/><F37/><W42/><G42/><T41/><D41/><N who="1" m="24815" /><E127/><V33/><F33/><W123/><G123/><T108/><D4/><U120/><E120/><V6/><F6/><W32/><G32/><T119/><D119/><U68/><E68/><V97/><F40/><W19/><G19/><T55/><D55/><AGARI ba="0,1" hai="12,14,50,55,58" m="24815,46119,47723" machi="55" ten="30,1000,0" yaku="18,1" doraHai="98" who="1" fromWho="0" sc="270,-10,357,20,163,0,200,0" /><INIT seed="5,0,0,0,1,129" ten="260,377,163,200" oya="1" hai0="30,31,106,99,62,60,112,92,133,84,74,119,40" hai1="83,48,29,67,90,34,122,18,132,32,7,59,116" hai2="6,77,75,25,123,61,118,104,58,80,89,120,33" hai3="37,79,20,102,91,16,38,105,51,17,124,101,1"/><U109/><E122/><V9/><F118/><W26/><G124/><T13/><D74/><U24/><E116/><V96/><F33/><W57/><G1/><T72/><D72/><U70/><E70/><V23/><F104/><W131/><G131/><T115/><D40/><U53/><E109/><V56/><F6/><W22/><G79/><T55/><D133/><U46/><E7/><V97/><F97/><W8/><G8/><T43/><D43/><U50/><E67/><V49/><F49/><W4/><G4/><T21/><D84/><U63/><E63/><N who="0" m="24105" /><D55/><U11/><E132/><V125/><F125/><W95/><G38/><T86/><D86/><U110/><E110/><V121/><F9/><W45/><G105/><T73/><D73/><U54/><E29/><V78/><F78/><W68/><G57/><T94/><D106/><U93/><E83/><V36/><F36/><W82/><G82/><T113/><D119/><U15/><E24/><V117/><F117/><W71/><G37/><T52/><D52/><U114/><E114/><V14/><F14/><N who="3" m="9239" /><G71/><T10/><D21/><U5/><REACH who="1" step="1"/><E5/><REACH who="1" ten="260,367,163,200" step="2"/><V88/><F96/><AGARI ba="0,1" hai="11,15,18,32,34,46,48,50,53,54,59,90,93,96" machi="96" ten="30,5800,0" yaku="1,1,2,1,7,1,53,0" doraHai="129" doraHaiUra="100" who="1" fromWho="2" sc="260,0,367,68,163,-58,200,0" /><INIT seed="5,1,0,5,3,29" ten="260,435,105,200" oya="1" hai0="91,80,40,74,77,69,78,15,14,13,43,24,7" hai1="11,113,104,96,23,118,4,114,8,125,98,45,93" hai2="63,38,57,111,37,112,81,18,82,54,135,131,71" hai3="84,56,79,106,27,88,22,107,102,36,70,61,119"/><U26/><E118/><V92/><F111/><W6/><G36/><T49/><D69/><U121/><E121/><V134/><F112/><N who="1" m="43113" /><E125/><V10/><F131/><W127/><G127/><T115/><D115/><U55/><E104/><V3/><F71/><W85/><G119/><T2/><D2/><N who="1" m="23" /><E11/><V41/><F92/><W73/><G70/><T89/><D7/><U101/><E98/><V58/><F58/><W21/><G6/><T105/><D105/><U128/><E128/><V17/><F17/><W123/><G123/><T130/><D130/><U33/><E33/><V120/><F120/><W16/><G73/><T42/><D24/><U34/><E34/><V28/><F28/><W65/><G79/><N who="0" m="30219" /><D74/><U50/><E26/><V117/><F117/><W47/><G106/><T20/><D20/><AGARI ba="1,0" hai="20,23,45,50,55,93,96,101" m="23,43113" machi="20" ten="30,1500,0" yaku="15,1" doraHai="29" who="1" fromWho="0" sc="260,-18,435,18,105,0,200,0" /><INIT seed="5,2,0,3,0,25" ten="242,453,105,200" oya="1" hai0="77,40,89,91,43,125,44,49,67,82,95,52,90" hai1="80,47,118,96,9,116,10,65,8,93,62,39,63" hai2="14,123,126,2,69,64,28,88,72,61,68,70,105" hai3="74,20,86,19,46,117,114,119,73,79,60,81,3"/><U99/><E80/><V7/><F123/><W38/><G3/><T1/><D1/><U111/><E39/><V5/><F126/><W132/><G132/><T102/><D125/><U87/><E47/><V57/><F105/><W127/><G114/><T53/><D67/><U45/><E45/><V48/><F72/><W41/><G127/><T134/><D134/><U15/><E15/><V56/><F56/><W35/><G35/><T37/><D43/><U120/><E120/><V78/><F2/><W58/><G119/><T6/><D6/><U100/><E111/><V31/><F78/><W115/><G115/><T34/><D34/><U128/><E128/><V4/><F48/><W104/><G104/><T36/><D36/><U130/><E130/><V75/><F75/><W133/><G133/><T107/><D107/><U51/><E51/><V108/><F108/><W22/><G117/><T135/><D135/><U92/><E87/><V113/><F113/><W27/><REACH who="3" step="1"/><G22/><REACH who="3" ten="242,453,105,190" step="2"/><T112/><D112/><U55/><E118/><V33/><F33/><W23/><G23/><T29/><D37/><U103/><E116/><V76/><F76/><W122/><G122/><T66/><D40/><U106/><E106/><V101/><F101/><W94/><G94/><T71/><D102/><U32/><E32/><V18/><REACH who="2" step="1"/><F88/><REACH who="2" ten="242,453,95,190" step="2"/><N who="0" m="33898" /><D77/><U0/><E0/><V83/><F83/><W11/><G11/><AGARI ba="2,2" hai="4,5,7,11,14,18,28,31,57,61,64,68,69,70" machi="11" ten="50,6400,0" yaku="1,1,52,2,53,0" doraHai="25" doraHaiUra="97" who="2" fromWho="3" sc="242,0,453,0,95,90,190,-70" /><INIT seed="6,0,0,3,1,109" ten="242,453,185,120" oya="2" hai0="30,33,74,98,20,36,42,57,75,84,18,120,87" hai1="19,124,43,122,2,47,107,46,80,92,83,3,95" hai2="39,104,70,5,6,76,49,8,121,35,66,32,86" hai3="48,23,88,133,77,9,53,22,67,108,96,52,112"/><V0/><F121/><W51/><G108/><T101/><D120/><U27/><E122/><V115/><F115/><W93/><G112/><T58/><D33/><U125/><E107/><V103/><F6/><W64/><G133/><T72/><D30/><U128/><E128/><V15/><F15/><W118/><G118/><T127/><D36/><U126/><E27/><V69/><F49/><N who="3" m="19019" /><G77/><T62/><D42/><U34/><E34/><N who="2" m="12843" /><F86/><W111/><G111/><T116/><D127/><U90/><E19/><V17/><F17/><W24/><G9/><T61/><D61/><U41/><E125/><V91/><F91/><AGARI ba="0,0" hai="2,3,41,43,46,47,80,83,90,91,92,95,124,126" machi="91" ten="25,1600,0" yaku="22,2" doraHai="109" who="1" fromWho="2" sc="242,0,453,16,185,-16,120,0" /><INIT seed="7,0,0,2,5,27" ten="242,469,169,120" oya="3" hai0="102,79,65,41,92,49,97,96,100,23,40,28,114" hai1="89,93,31,18,43,24,58,98,14,101,20,72,122" hai2="57,111,62,68,76,56,70,61,39,60,99,22,36" hai3="127,19,45,84,33,71,78,4,51,77,17,110,73"/><W44/><G71/><N who="2" m="27177" /><F22/><W87/><G110/><T54/><D114/><U2/><E72/><V26/><F26/><W5/><G51/><T52/><D79/><U86/><E2/><V105/><F76/><W12/><G12/><T67/><D28/><U135/><E122/><V32/><F99/><W34/><REACH who="3" step="1"/><G73/><REACH who="3" ten="242,469,169,110" step="2"/><T30/><D49/><U80/><E135/><V9/><F111/><W25/><G25/><N who="0" m="16703" /><D40/><U10/><E43/><V94/><F105/><W46/><G46/><T124/><D41/><U81/><E58/><N who="2" m="22635" /><F9/><W123/><G123/><T48/><D48/><U90/><E90/><V55/><F32/><W29/><G29/><T16/><D124/><AGARI ba="0,1" hai="4,5,17,19,33,34,44,45,77,78,84,87,124,127" machi="124" ten="25,12000,1" yaku="1,1,22,2,53,2" doraHai="27" doraHaiUra="13" who="3" fromWho="0" sc="242,-120,469,0,169,0,110,130" /><INIT seed="7,1,0,4,2,110" ten="122,469,169,240" oya="3" hai0="60,25,26,105,41,9,7,125,119,61,14,3,6" hai1="121,46,11,62,134,86,92,77,118,17,113,73,112" hai2="66,19,109,106,1,85,68,111,34,93,103,64,31" hai3="100,30,84,0,51,28,65,23,128,98,20,108,54"/><W133/><G108/><T32/><D105/><U117/><E121/><V95/><F1/><W80/><G0/><T4/><D119/><N who="1" m="45579" /><E134/><V83/><F106/><W126/><G65/><T50/><D125/><U21/><E73/><V94/><F111/><W44/><G30/><T35/><D41/><U63/><E11/><V13/><F109/><W131/><G133/><T45/><D50/><U79/><E46/><V8/><F34/><N who="0" m="12842" /><D60/><N who="1" m="23083" /><E92/><V40/><F31/><W87/><G98/><T97/><D97/><U101/><E101/><V116/><F116/><W74/><G84/><T2/><D61/><U69/><E69/><V52/><F68/><W115/><G87/><T22/><D45/><U72/><E72/><V53/><F40/><W39/><G28/><N who="0" m="17463" /><D26/><N who="1" m="14639" /><E86/><V124/><F124/><W29/><G80/><T127/><D127/><U89/><E89/><N who="2" m="51391" /><F103/><W81/><G126/><T130/><D130/><U57/><E57/><V107/><F107/><W55/><G131/><T18/><AGARI ba="1,0" hai="2,3,4,6,7,9,14,18" m="17463,12842" machi="18" ten="30,8000,1" yaku="35,5" doraHai="110" who="0" fromWho="0" sc="122,83,469,-21,169,-21,240,-41" owari="205,1.0,448,54.0,148,-35.0,199,-20.0" /></mjloggm>