<mjloggm ver="2.3"><GO type="97" lobby="0"/><UN n0="%E5%B0%B1%E6%B4%BB%E7%94%9F%40%E5%B7%9D%E6%9D%91%E8%BB%8D%E5%9B%A3" n1="%E3%81%AD%E3%81%93%E3%81%A0%E3%81%BE" n2="%E3%83%80%E3%83%9E%E3%81%AE%E9%BE%8D" n3="%E3%81%A8%E3%82%82%E3%81%AD%E3%81%88%E5%A4%A7%E5%A5%BD%E3%81%8D" dan="15,15,15,13" rate="1964.85,1959.93,1995.11,1912.00" sx="M,M,M,M"/><TAIKYOKU oya="0"/><INIT seed="0,0,0,2,1,9" ten="250,250,250,250" oya="0" hai0="86,118,127,52,39,89,23,64,17,135,79,3,62" hai1="81,102,92,24,50,59,71,46,97,124,100,98,115" hai2="82,56,130,21,113,19,51,90,63,42,58,18,35" hai3="106,0,61,29,31,129,83,94,76,72,33,65,22"/><T112/><D118/><U91/><E71/><V69/><F35/><W4/><G106/><T105/><D105/><U101/><E124/><V37/><F37/><W32/><G129/><T53/><D39/><U85/><E115/><V36/><F36/><W126/><G126/><T25/><D112/><U104/><E24/><V66/><F130/><W117/><G117/><T114/><D3/><U70/><E70/><V2/><F2/><W74/><G72/><T75/><D114/><U88/><REACH who="1" step="1"/><E59/><REACH who="1" ten="250,240,250,250" step="2"/><V128/><F113/><W80/><G33/><T6/><D127/><U109/><E109/><V120/><F120/><W123/><G123/><T26/><D135/><U16/><E16/><V48/><F19/><W8/><G32/><T77/><D6/><U121/><E121/><V134/><F128/><W111/><G111/><T73/><D26/><U54/><AGARI ba="0,1" hai="46,50,54,81,85,88,91,92,97,98,100,101,102,104" machi="54" ten="20,5200,0" yaku="1,1,0,1,7,1,54,1,53,0" doraHai="9" doraHaiUra="57" who="1" fromWho="1" sc="250,-26,240,62,250,-13,250,-13" /><INIT seed="1,0,0,1,4,28" ten="224,302,237,237" oya="1" hai0="107,57,34,36,93,120,25,20,8,69,13,45,62" hai1="72,4,88,135,132,121,2,56,60,105,92,134,40" hai2="9,84,32,71,67,23,48,127,21,100,50,118,49" hai3="37,52,122,108,124,91,82,89,58,113,17,43,115"/><U12/><E121/><V70/><F118/><W39/><G122/><T38/><D107/><U129/><E129/><V46/><F127/><W63/><G124/><T79/><D34/><U0/><E105/><V123/><F123/><W53/><G17/><T1/><D69/><U75/><E40/><V116/><F100/><W111/><G82/><T51/><D1/><N who="1" m="619" /><E12/><V42/><F32/><W10/><G10/><T106/><D106/><U125/><E4/><V109/><F116/><W128/><G128/><T5/><D120/><U3/><N who="1" m="627" /><U64/><DORA hai="76" /><E125/><V16/><F67/><N who="3" m="39415" /><G89/><T44/><D79/><U87/><AGARI ba="0,0" hai="56,60,64,72,75,87,88,92,132,134,135" m="627" machi="87" ten="50,4800,0" yaku="20,1,54,1" doraHai="28,76" who="1" fromWho="1" sc="224,-16,302,48,237,-16,237,-16" /><INIT seed="1,1,0,3,3,19" ten="208,350,221,221" oya="1" hai0="53,96,60,119,36,13,131,93,106,134,70,130,58" hai1="67,98,40,32,94,102,62,66,33,99,122,55,95" hai2="7,52,92,65,9,103,12,5,44,86,45,8,46" hai3="0,113,82,91,4,75,43,125,76,54,89,42,71"/><U129/><E122/><V127/><F65/><W24/><G113/><T81/><D119/><U37/><E37/><V29/><F127/><W121/><G121/><T51/><D106/><U124/><E40/><V105/><F105/><W2/><G125/><T27/><D134/><U18/><E129/><N who="0" m="49161" /><D36/><U111/><E111/><V83/><F29/><W79/><G71/><T28/><D81/><U116/><E116/><V80/><F103/><W25/><G54/><T97/><D13/><U23/><E55/><V15/><F92/><W56/><G56/><T73/><D73/><U110/><E110/><V21/><F52/><W20/><G75/><T72/><D72/><U10/><E10/><V6/><F21/><W118/><G118/><T38/><D38/><U133/><E133/><V57/><F57/><W69/><G69/><T88/><D70/><U39/><E39/><V74/><F74/><W123/><G123/><T59/><D97/><U120/><E120/><V104/><F104/><W34/><G82/><T11/><D11/><U68/><E67/><V64/><F64/><W84/><G84/><T112/><D112/><U101/><REACH who="1" step="1"/><E124/><REACH who="1" ten="208,340,221,221" step="2"/><V100/><F5/><W63/><G43/><T135/><D135/><U132/><E132/><V35/><F6/><W14/><G42/><T50/><D59/><U22/><E22/><AGARI ba="1,1" hai="22,27,28,50,51,53,58,60,88,93,96" m="49161" machi="22" ten="30,3900,0" yaku="19,1,52,1,54,1" doraHai="19" who="0" fromWho="1" sc="208,52,340,-42,221,0,221,0" /><INIT seed="2,0,0,3,5,62" ten="260,298,221,221" oya="2" hai0="47,118,10,77,49,122,44,123,90,39,31,34,40" hai1="43,112,32,87,0,111,68,19,35,81,89,85,75" hai2="51,96,20,22,116,1,42,83,8,74,94,91,125" hai3="106,11,71,93,48,37,78,98,80,117,102,127,24"/><V38/><F116/><W99/><G117/><T56/><D118/><U52/><E112/><V3/><F125/><W9/><G71/><T113/><D113/><U79/><E75/><V120/><F38/><W88/><G127/><T60/><D77/><U53/><E68/><V108/><F120/><W2/><G37/><T72/><D72/><U54/><E111/><V13/><F108/><W92/><G106/><T105/><D105/><U26/><E0/><V95/><F95/><W119/><G119/><T17/><D31/><U131/><E43/><V65/><F65/><W46/><G2/><T33/><D33/><U103/><E103/><V110/><F110/><W27/><G78/><T45/><D34/><U101/><E101/><V121/><F1/><W4/><G80/><T84/><D17/><U100/><E100/><V23/><F3/><W130/><G130/><T61/><D10/><N who="3" m="3593" /><G4/><T97/><D97/><U30/><E19/><V25/><F121/><W109/><G109/><T70/><D90/><U16/><E16/><N who="2" m="8231" /><F83/><W59/><G59/><T67/><D84/><U6/><E6/><V126/><F74/><W28/><G28/><T12/><D12/><U18/><E18/><N who="2" m="12439" /><F126/><W104/><G104/><T21/><D21/><U64/><E64/><V7/><F7/><W135/><G135/><T107/><D107/><U58/><E35/><V57/><F57/><W86/><G86/><T36/><D36/><U50/><E58/><V41/><F51/><W29/><G29/><T55/><D45/><U15/><E50/><V134/><F134/><W73/><G73/><T69/><D69/><RYUUKYOKU ba="0,0" sc="260,10,298,-30,221,10,221,10" hai0="39,40,44,47,49,55,56,60,61,67,70,122,123" hai2="22,23,41,42,91,94,96" hai3="24,27,46,48,88,92,93,98,99,102" /><INIT seed="2,1,0,4,0,73" ten="270,268,231,231" oya="2" hai0="0,67,121,62,75,50,77,128,109,21,23,78,76" hai1="35,42,5,135,39,52,125,69,134,110,2,101,99" hai2="1,129,65,89,57,96,43,28,36,132,24,14,63" hai3="97,4,120,119,131,18,92,45,11,27,51,126,79"/><V83/><F1/><W88/><G119/><T117/><D121/><U49/><E35/><V100/><F132/><N who="1" m="50729" /><E69/><V72/><F129/><W16/><G131/><T95/><D75/><U80/><E110/><V26/><F36/><W8/><G120/><T10/><D117/><U38/><E42/><V93/><F43/><N who="3" m="25023" /><G126/><T70/><D109/><U114/><E114/><V12/><F26/><W59/><G59/><T29/><D128/><U55/><E55/><V98/><F72/><W9/><G79/><T68/><D68/><U86/><E5/><V106/><REACH who="2" step="1"/><F83/><REACH who="2" ten="270,268,221,231" step="2"/><W127/><G127/><T112/><D112/><U113/><E2/><V6/><F6/><W130/><G130/><T19/><D29/><U61/><E113/><V71/><F71/><W64/><G4/><T66/><D0/><U32/><E125/><V22/><AGARI ba="1,1" hai="12,14,22,24,28,57,63,65,89,93,96,98,100,106" machi="22" ten="20,3900,0" yaku="1,1,0,1,7,1,53,0" doraHai="73" doraHaiUra="40" who="2" fromWho="2" sc="270,-14,268,-14,221,52,231,-14" /><INIT seed="2,2,0,4,5,86" ten="256,254,273,217" oya="2" hai0="93,25,114,52,24,21,2,46,122,121,98,61,18" hai1="9,22,72,70,97,77,91,50,0,85,118,42,84" hai2="6,59,83,12,40,105,82,109,90,36,107,133,47" hai3="45,7,81,34,128,20,53,26,63,119,75,57,51"/><V112/><F112/><W4/><G119/><T15/><D2/><U106/><E70/><V31/><F133/><W11/><G128/><T80/><D114/><U88/><E42/><V55/><F31/><W35/><G35/><T65/><D80/><N who="1" m="45095" /><E50/><V27/><F27/><W3/><G34/><T99/><D99/><U78/><E22/><V94/><F107/><W126/><G126/><T130/><D130/><U44/><E44/><V56/><F105/><W116/><G116/><T39/><D39/><U28/><E28/><V62/><F109/><W127/><G127/><T102/><D121/><U135/><E9/><V68/><F68/><W132/><G132/><T32/><D32/><U1/><E135/><V23/><F56/><W13/><G3/><T103/><D122/><U101/><E78/><V69/><F69/><W5/><G75/><T16/><D103/><U43/><E43/><V71/><F71/><W8/><G8/><N who="0" m="6247" /><D65/><U54/><E54/><V117/><F117/><W96/><G96/><T10/><D10/><U108/><E108/><V131/><F131/><W124/><G124/><T17/><D17/><U79/><E79/><V49/><F36/><W29/><REACH who="3" step="1"/><G81/><REACH who="3" ten="256,254,273,207" step="2"/><T120/><D120/><U100/><E118/><V74/><F74/><W110/><G110/><T38/><D38/><U115/><E115/><V66/><F6/><W92/><G92/><T30/><D30/><U129/><E129/><V123/><F83/><W89/><G89/><N who="1" m="34378" /><E101/><V76/><F123/><W48/><G48/><N who="0" m="28695" /><D61/><U41/><E41/><AGARI ba="2,1" hai="4,5,7,11,13,20,26,29,41,45,51,53,57,63" machi="41" ten="30,7700,0" yaku="1,1,7,1,8,1,53,1" doraHai="86" doraHaiUra="37" who="3" fromWho="1" sc="256,0,254,-83,273,0,207,93" /><INIT seed="3,0,0,3,3,118" ten="256,171,273,300" oya="3" hai0="112,115,47,98,12,38,16,75,31,25,41,23,26" hai1="40,55,43,59,97,134,110,108,42,76,105,27,6" hai2="99,9,56,135,68,46,119,67,54,71,101,91,39" hai3="34,30,84,79,19,131,60,66,49,87,78,103,35"/><W0/><G0/><T11/><D75/><U80/><E134/><V114/><F119/><W5/><G131/><T51/><D38/><U36/><E6/><V8/><F114/><W57/><G103/><T45/><D45/><U106/><E27/><V44/><F135/><W13/><G5/><T132/><D132/><U81/><E36/><V83/><F46/><W90/><G84/><T86/><D86/><U117/><E117/><V1/><F9/><W22/><G30/><T93/><REACH who="0" step="1"/><D25/><REACH who="0" ten="246,171,273,300" step="2"/><U18/><E18/><V62/><F39/><W53/><G35/><T96/><D96/><U122/><E122/><V50/><F44/><N who="3" m="27815" /><G34/><T7/><D7/><U72/><E81/><AGARI ba="0,1" hai="13,19,22,57,60,66,78,79,81,87,90" m="27815" machi="81" ten="30,1500,0" yaku="8,1" doraHai="118" who="3" fromWho="1" sc="246,0,171,-15,273,0,300,25" owari="246,-15.0,156,-34.0,273,7.0,325,42.0" /></mjloggm>