<mjloggm ver="2.3"><GO type="225" lobby="0"/><UN n0="%E5%B0%B1%E6%B4%BB%E7%94%9F%40%E5%B7%9D%E6%9D%91%E8%BB%8D%E5%9B%A3" n1="%74%61%6B%75%61%6B%61" n2="%E8%92%BC%E8%A1%A3%E9%88%B4" n3="%68%69%67%68%31%35%31%35" dan="16,17,16,16" rate="2129.58,2158.68,2053.53,2027.41" sx="M,M,F,M"/><TAIKYOKU oya="0"/><INIT seed="0,0,0,2,0,87" ten="250,250,250,250" oya="0" hai0="109,51,129,72,132,120,49,71,94,33,111,122,32" hai1="88,31,121,80,10,63,28,128,62,75,13,118,34" hai2="102,104,66,98,8,107,7,16,131,14,0,36,35" hai3="29,21,105,67,11,12,81,68,125,20,6,89,26"/><T15/><D72/><U76/><E121/><N who="0" m="46697" /><D71/><U96/><E118/><V114/><F114/><W110/><G105/><T59/><D59/><U17/><E128/><V84/><F36/><W83/><G110/><N who="0" m="41995" /><D129/><U25/><REACH who="1" step="1"/><E28/><REACH who="1" ten="250,240,250,250" step="2"/><V115/><F131/><W52/><G29/><T50/><D132/><U86/><E86/><V92/><F115/><W41/><G125/><T44/><D44/><U73/><E73/><V69/><F35/><N who="0" m="13386" /><D15/><U95/><AGARI ba="0,1" hai="10,13,17,25,31,34,62,63,75,76,80,88,95,96" machi="95" ten="30,7900,0" yaku="1,1,0,1,52,1,54,1,53,0" doraHai="87" doraHaiUra="108" who="1" fromWho="1" sc="250,-39,240,89,250,-20,250,-20" /><INIT seed="1,0,0,0,5,13" ten="211,329,230,230" oya="1" hai0="133,125,72,135,17,18,63,22,57,49,46,41,62" hai1="37,8,3,116,98,78,24,70,68,33,66,44,105" hai2="101,113,27,128,130,76,53,111,115,86,52,106,16" hai3="121,54,59,100,81,73,47,103,102,118,97,104,84"/><U110/><E116/><V126/><F126/><W91/><G121/><T124/><D72/><U34/><E78/><V21/><F111/><W123/><G123/><T5/><D5/><N who="1" m="1087" /><E24/><V129/><F101/><W51/><G118/><T38/><D38/><U117/><E117/><V65/><F106/><W82/><G73/><T77/><D77/><U90/><E90/><V25/><F25/><W83/><G104/><T92/><D92/><U69/><E66/><V89/><F89/><W39/><G97/><T36/><D36/><U4/><E4/><V114/><REACH who="2" step="1"/><F65/><REACH who="2" ten="211,329,220,230" step="2"/><W88/><G91/><T120/><D120/><U93/><E110/><V42/><F42/><N who="3" m="25079" /><G39/><T11/><D11/><U6/><E37/><V55/><F55/><W80/><G102/><T19/><D22/><U7/><E105/><V67/><F67/><W74/><G74/><T60/><REACH who="0" step="1"/><D57/><REACH who="0" ten="201,329,220,230" step="2"/><U15/><E69/><V43/><F43/><W26/><G26/><T119/><D119/><U12/><E70/><V127/><F127/><AGARI ba="0,2" hai="17,18,19,41,46,49,60,62,63,124,125,127,133,135" machi="127" ten="50,8000,1" yaku="1,1,18,1,52,3,53,0" doraHai="13" doraHaiUra="48" who="0" fromWho="2" sc="201,100,329,0,220,-80,230,0" /><INIT seed="2,0,0,5,0,106" ten="301,329,140,230" oya="2" hai0="17,12,29,99,89,34,83,32,54,133,69,134,93" hai1="101,50,53,70,100,121,85,14,67,5,18,90,20" hai2="122,96,57,109,1,65,40,48,105,77,86,123,79" hai3="44,21,55,91,66,45,2,56,73,113,7,52,11"/><V88/><F88/><W61/><G113/><T16/><D69/><U114/><E114/><V62/><F62/><W26/><G73/><T84/><D54/><U107/><E107/><V115/><F115/><W19/><G91/><T63/><D63/><U81/><E121/><V58/><F58/><W8/><G8/><T82/><D17/><U49/><E70/><V4/><F4/><W127/><G127/><T112/><D112/><U51/><E67/><V104/><F104/><W41/><REACH who="3" step="1"/><G45/><REACH who="3" ten="301,329,140,220" step="2"/><T24/><D83/><U59/><E5/><V47/><F47/><W38/><AGARI ba="0,1" hai="2,7,11,19,21,26,38,41,44,52,55,56,61,66" machi="38" ten="20,8000,1" yaku="1,1,2,1,0,1,7,1,54,1,53,0" doraHai="106" doraHaiUra="92" who="3" fromWho="3" sc="301,-20,329,-20,140,-40,220,90" /><INIT seed="3,0,0,1,4,6" ten="281,309,100,310" oya="3" hai0="108,1,100,103,90,19,27,110,89,14,16,96,13" hai1="104,133,114,52,42,86,36,9,48,111,102,121,72" hai2="117,95,128,8,17,44,109,105,25,120,132,80,75" hai3="45,29,119,61,125,126,54,99,113,40,62,3,63"/><W134/><G113/><T31/><D1/><U7/><E121/><V23/><F120/><W18/><G119/><T57/><D57/><U47/><E114/><V107/><F117/><W74/><G134/><T10/><D89/><U5/><E111/><N who="0" m="42537" /><D90/><U77/><E86/><V98/><F109/><W56/><G74/><T135/><D135/><U26/><E26/><V34/><F132/><W124/><G3/><T71/><D71/><U94/><E104/><V64/><F128/><W112/><G112/><T2/><D2/><N who="1" m="183" /><E7/><V116/><F116/><W30/><G99/><T11/><D96/><N who="1" m="59671" /><E133/><V87/><F75/><W82/><G18/><T60/><D60/><N who="3" m="23145" /><G82/><T81/><D81/><N who="1" m="45223" /><E52/><V70/><F34/><AGARI ba="0,0" hai="10,11,13,14,16,19,27,31,34,100,103" m="42537" machi="34" ten="30,7700,0" yaku="14,1,52,2,54,1" doraHai="6" who="0" fromWho="2" sc="281,77,309,0,100,-77,310,0" owari="358,46.0,309,-9.0,23,-48.0,310,11.0" /></mjloggm>