<mjloggm ver="2.3"><GO type="169" lobby="0"/><UN n0="%E9%AB%98%E7%94%BA%E3%83%B4%E3%82%A3%E3%83%B4%E3%82%A3%E3%82%AA%E2%98%86" n1="%E3%83%AD%E3%83%9E%E3%83%8D%E3%82%B9%E3%82%AF" n2="%6D%6F%74%69%37%32%2E%2E" n3="%E3%82%A6%E3%83%AB%E3%83%88%E3%83%A9%E7%AB%8B%E7%9B%B4" dan="17,16,16,17" rate="2205.19,2131.56,2115.93,2109.03" sx="F,M,M,M"/><TAIKYOKU oya="0"/><INIT seed="0,0,0,3,2,28" ten="250,250,250,250" oya="0" hai0="23,112,99,5,132,125,108,47,71,61,54,26,3" hai1="18,91,43,122,14,97,62,80,85,27,110,55,129" hai2="84,94,111,20,35,6,135,120,24,45,36,67,33" hai3="37,48,130,98,49,58,113,115,41,31,76,12,86"/><T57/><D112/><U46/><E122/><V103/><F120/><W42/><G31/><T87/><D125/><U74/><E110/><V7/><F111/><W72/><G86/><T124/><D124/><U65/><E129/><V89/><F135/><W123/><G12/><T53/><D132/><U69/><E74/><V56/><F103/><W96/><G76/><T52/><D108/><U116/><E116/><V131/><F131/><W22/><G22/><T60/><D99/><U121/><E121/><V13/><F67/><W68/><G123/><T90/><D5/><U2/><E2/><V78/><F56/><W128/><G58/><T21/><D3/><U133/><E133/><V101/><F101/><W34/><G37/><T16/><D47/><U8/><E97/><V15/><F78/><W32/><G72/><T114/><D114/><U79/><E27/><V119/><F119/><W9/><G9/><T83/><REACH who="0" step="1"/><D23/><REACH who="0" ten="240,250,250,250" step="2"/><U105/><E105/><V10/><F7/><W4/><G4/><T51/><D51/><N who="1" m="29175" /><E43/><V11/><F15/><W19/><G19/><T117/><D117/><U126/><E126/><V100/><F13/><W25/><G25/><T127/><D127/><U77/><AGARI ba="0,1" hai="8,14,18,62,65,69,77,79,80,85,91" m="29175" machi="77" ten="30,1100,0" yaku="25,1" doraHai="28" who="1" fromWho="1" sc="240,-5,250,21,250,-3,250,-3" /><INIT seed="1,0,0,3,2,134" ten="235,271,247,247" oya="1" hai0="16,36,52,129,24,81,61,34,88,125,17,72,9" hai1="113,25,30,12,33,128,115,42,14,48,40,45,84" hai2="3,57,91,71,19,5,28,75,62,63,106,2,122" hai3="80,124,89,133,65,103,8,123,111,95,29,135,15"/><U132/><E132/><N who="3" m="50762" /><G123/><T130/><D36/><U107/><E107/><V96/><F75/><W43/><G29/><T4/><D125/><U92/><E128/><N who="0" m="49257" /><D34/><U104/><E104/><V41/><F71/><W7/><G124/><T109/><D109/><U99/><E84/><V87/><F28/><W53/><G65/><T74/><D24/><U13/><REACH who="1" step="1"/><E42/><REACH who="1" ten="235,261,247,247" step="2"/><V73/><F41/><W116/><G43/><T49/><D74/><U35/><E35/><V47/><F87/><W94/><G116/><T98/><D72/><U11/><E11/><V39/><F73/><W32/><G32/><T38/><D98/><U121/><E121/><V10/><F96/><W37/><G8/><T102/><D9/><U78/><E78/><V51/><F106/><W56/><G111/><T83/><D4/><U27/><E27/><V97/><F5/><W90/><G7/><T77/><D77/><U67/><E67/><V120/><F10/><W22/><G22/><T76/><D76/><U105/><E105/><V44/><F97/><W108/><G108/><T118/><D118/><U112/><E112/><V55/><F120/><W18/><G15/><T101/><D101/><AGARI ba="0,1" hai="12,13,14,25,30,33,40,45,48,92,99,101,113,115" machi="101" ten="40,2000,0" yaku="1,1,53,0" doraHai="134" doraHaiUra="100" who="1" fromWho="0" sc="235,-20,261,30,247,0,247,0" /><INIT seed="1,1,0,4,5,108" ten="215,291,247,247" oya="1" hai0="73,70,27,48,15,18,46,74,135,120,96,12,72" hai1="56,100,94,4,133,123,93,105,5,118,71,132,125" hai2="67,23,26,121,17,41,68,124,34,49,117,69,88" hai3="32,39,50,43,110,7,83,25,11,51,19,77,116"/><U21/><E123/><V130/><F121/><W44/><G110/><T81/><D70/><U102/><E118/><V1/><F117/><W129/><G129/><T55/><D135/><N who="1" m="51787" /><E71/><V36/><F36/><W53/><G53/><T38/><D120/><U103/><E105/><V64/><F1/><W78/><G78/><T20/><D38/><U3/><E125/><V37/><F37/><W115/><G116/><T62/><D62/><U65/><E21/><V127/><F130/><W134/><G134/><T24/><D81/><U30/><E30/><V113/><F34/><W10/><G115/><T107/><REACH who="0" step="1"/><D27/><REACH who="0" ten="205,291,247,247" step="2"/><U128/><E128/><V35/><F69/><W111/><G25/><T84/><D84/><U122/><E122/><V79/><F68/><W82/><G82/><T2/><D2/><U126/><E126/><V33/><F124/><W61/><G111/><T54/><D54/><U66/><E3/><V112/><F127/><W57/><G39/><T114/><D114/><N who="2" m="44138" /><F67/><N who="1" m="25609" /><E56/><V28/><F64/><W8/><G57/><T91/><D91/><U131/><E131/><V45/><F88/><W104/><G77/><T119/><D119/><U58/><E58/><V40/><F79/><W31/><G83/><T76/><D76/><U95/><AGARI ba="1,1" hai="4,5,93,94,95,100,102,103" m="25609,51787" machi="95" ten="40,7800,0" yaku="28,2,20,1" doraHai="108" who="1" fromWho="1" sc="205,-27,291,91,247,-27,247,-27" /><INIT seed="1,2,0,1,1,35" ten="178,382,220,220" oya="1" hai0="53,39,7,99,9,22,62,12,37,112,5,20,42" hai1="102,100,96,87,72,74,123,52,134,14,118,98,135" hai2="125,107,43,73,119,117,51,75,26,64,101,122,54" hai3="31,89,130,88,38,13,76,63,83,77,1,126,6"/><U10/><E123/><V78/><F122/><W90/><G38/><T108/><D112/><U58/><E118/><V28/><F43/><W92/><G126/><T44/><D108/><U67/><E67/><V59/><F125/><W121/><G121/><T131/><D131/><U66/><E66/><V29/><F29/><W8/><G130/><T82/><D39/><U65/><E65/><V120/><F120/><W49/><G63/><T34/><D34/><U2/><E87/><V30/><F30/><W21/><G49/><T68/><D5/><N who="1" m="1335" /><E96/><V93/><F107/><W0/><G92/><T115/><D115/><U56/><E56/><V110/><F110/><W17/><G31/><T19/><D99/><U70/><E14/><V95/><F64/><W15/><REACH who="3" step="1"/><G77/><REACH who="3" ten="178,382,220,210" step="2"/><T40/><D68/><U3/><E70/><V111/><F78/><W79/><G79/><T57/><D40/><U18/><E134/><V55/><F111/><W16/><G16/><T69/><D69/><U113/><E18/><V24/><F95/><W132/><G132/><T27/><D82/><U60/><E135/><V45/><F93/><W129/><G129/><T86/><D86/><AGARI ba="2,1" hai="0,1,6,8,13,15,17,21,76,83,86,88,89,90" machi="86" ten="40,8000,1" yaku="1,1,52,2,54,1,53,1" doraHai="35" doraHaiUra="81" who="3" fromWho="0" sc="178,-86,382,0,220,0,210,96" /><INIT seed="2,0,0,2,0,15" ten="92,382,220,306" oya="2" hai0="104,25,10,17,51,98,64,69,100,101,62,34,122" hai1="13,103,58,32,28,48,121,12,88,29,102,91,16" hai2="54,53,116,52,120,135,50,119,41,68,0,63,6" hai3="107,49,126,118,4,30,21,95,37,94,117,85,112"/><V111/><F6/><W92/><G37/><T40/><D122/><U81/><E121/><V74/><F0/><W123/><G123/><T43/><D100/><N who="1" m="38443" /><E32/><V19/><F19/><W36/><G36/><T105/><D105/><U18/><E48/><V78/><F78/><W93/><G49/><T79/><D51/><U39/><E39/><V7/><F7/><W76/><G21/><T106/><D106/><U114/><E114/><V83/><F83/><W65/><G30/><N who="1" m="11882" /><E58/><N who="2" m="35287" /><F74/><W60/><G4/><T131/><D131/><U134/><E134/><V11/><F11/><W66/><G107/><T35/><D79/><U56/><E56/><V45/><F120/><W113/><G76/><T90/><D90/><N who="1" m="34347" /><E81/><V128/><F135/><W3/><G94/><T27/><D35/><U44/><E44/><V99/><F128/><W75/><G93/><T55/><D55/><N who="2" m="21066" /><F99/><W26/><G92/><T133/><D133/><U31/><E31/><V46/><F46/><W72/><G95/><T86/><D86/><U77/><E77/><V14/><F68/><W22/><G85/><T5/><D34/><U73/><E73/><V130/><F130/><W127/><G75/><T67/><D67/><U125/><E125/><V9/><F111/><W24/><G72/><T2/><REACH who="0" step="1"/><D27/><REACH who="0" ten="82,382,220,306" step="2"/><U115/><E115/><V42/><F42/><W132/><G26/><T61/><D61/><U20/><E20/><AGARI ba="0,1" hai="2,5,10,17,20,25,40,43,62,64,69,98,101,104" machi="20" ten="40,2600,0" yaku="1,1,52,1,53,0" doraHai="15" doraHaiUra="129" who="0" fromWho="1" sc="82,36,382,-26,220,0,306,0" /><INIT seed="3,0,0,5,5,68" ten="118,356,220,306" oya="3" hai0="62,59,83,58,134,55,65,128,77,103,4,10,17" hai1="54,38,120,51,20,33,6,90,14,12,91,37,97" hai2="21,135,29,16,56,66,61,130,36,25,71,101,129" hai3="19,23,119,96,105,60,50,84,82,7,47,112,15"/><W100/><G112/><T34/><D134/><U116/><E120/><V123/><F135/><W93/><G60/><T32/><D128/><N who="2" m="49258" /><F123/><W52/><G7/><T26/><D103/><U63/><E33/><N who="2" m="20655" /><F101/><W80/><G119/><T124/><D124/><U28/><E63/><V111/><F111/><W109/><G109/><T74/><D17/><U131/><E6/><V69/><F36/><W106/><REACH who="3" step="1"/><G82/><REACH who="3" ten="118,356,220,296" step="2"/><T92/><D4/><U108/><E108/><V107/><F107/><W49/><G49/><T118/><D118/><U22/><E116/><V122/><F122/><W48/><G48/><T9/><D62/><U57/><E51/><V125/><F125/><W99/><G99/><T5/><D5/><U30/><E97/><V75/><F71/><W35/><G35/><T127/><D34/><U11/><E131/><V40/><F69/><W117/><G117/><T0/><D127/><U31/><E38/><V85/><F61/><W94/><G94/><T24/><D92/><U78/><E37/><V114/><F66/><W121/><G121/><T43/><D65/><U27/><E31/><V132/><F132/><W110/><G110/><T87/><D32/><U95/><E95/><V45/><F114/><W67/><G67/><T113/><D113/><U89/><E30/><V13/><F16/><W115/><G115/><T1/><D83/><U98/><E28/><V8/><F45/><W72/><G72/><T104/><D74/><U70/><E98/><V64/><F75/><W41/><G41/><T79/><D43/><U39/><E70/><V88/><F40/><W44/><G44/><RYUUKYOKU ba="0,1" sc="118,-10,356,-10,220,-10,296,30" hai3="15,19,23,47,50,52,80,84,93,96,100,105,106" /><INIT seed="3,1,1,0,3,41" ten="108,346,210,326" oya="3" hai0="113,105,74,122,97,126,96,7,88,4,109,95,110" hai1="17,90,55,112,12,121,42,70,92,89,5,108,40" hai2="53,30,56,24,129,71,15,94,84,52,99,87,57" hai3="51,38,76,93,116,100,61,29,73,25,62,60,35"/><W2/><G2/><T124/><D122/><U6/><E112/><V0/><F0/><W134/><G116/><T8/><D113/><U32/><E108/><N who="0" m="41577" /><D74/><U118/><E32/><V103/><F71/><W47/><G38/><T59/><D59/><U117/><E70/><V26/><F129/><W67/><G134/><T44/><D44/><U22/><E121/><V123/><F123/><W72/><G76/><T50/><D50/><U33/><E33/><V102/><F102/><W91/><G100/><N who="0" m="62607" /><D8/><U106/><E55/><V21/><F15/><W1/><G1/><T45/><D45/><U131/><E106/><V39/><F39/><W128/><G128/><T85/><D85/><N who="1" m="52271" /><E131/><V23/><F56/><W14/><G14/><T36/><D36/><U132/><E132/><V82/><F82/><W10/><G10/><T83/><D83/><U37/><E37/><V43/><F43/><N who="1" m="16425" /><E90/><V13/><F13/><W65/><G73/><T130/><D130/><U28/><E28/><V27/><F53/><N who="3" m="29951" /><G72/><T49/><D49/><U101/><E101/><V16/><F27/><W115/><G115/><T127/><AGARI ba="1,1" hai="4,7,88,95,96,124,126,127" m="62607,41577" machi="127" ten="40,5200,0" yaku="18,1,14,1,54,1" doraHai="41" who="0" fromWho="0" sc="108,65,346,-14,210,-14,326,-27" /><INIT seed="4,0,0,0,5,96" ten="173,332,196,299" oya="0" hai0="113,3,92,82,27,75,53,72,54,69,91,131,111" hai1="29,13,68,67,100,77,98,81,11,135,71,87,97" hai2="95,12,93,52,15,20,47,64,120,43,99,0,80" hai3="130,61,16,22,112,26,32,101,123,73,57,31,19"/><T86/><D69/><U114/><E135/><V76/><F0/><W51/><G73/><T7/><D113/><U109/><E109/><V78/><F120/><W102/><G112/><T34/><D111/><U24/><E114/><V125/><F125/><W132/><G132/><T28/><D131/><U63/><E71/><V39/><F64/><N who="3" m="38959" /><G32/><T33/><D33/><U23/><REACH who="1" step="1"/><E100/><REACH who="1" ten="173,322,196,299" step="2"/><N who="3" m="38506" /><G130/><T122/><D122/><U83/><E83/><V105/><F80/><W17/><G123/><T59/><D82/><U88/><E88/><V110/><F110/><W55/><G31/><T133/><D133/><U79/><E79/><V58/><F78/><W48/><G48/><T62/><D75/><U10/><E10/><V38/><F76/><W25/><G22/><T1/><D72/><U118/><E118/><V66/><F20/><W2/><G2/><T107/><D1/><U70/><E70/><V46/><F39/><W45/><AGARI ba="0,1" hai="16,17,19,25,26,45,51,55" m="38506,38959" machi="45" ten="30,8000,1" yaku="8,1,52,3,54,1" doraHai="96" who="3" fromWho="3" sc="173,-40,322,-20,196,-20,299,90" /><INIT seed="5,0,0,1,2,101" ten="133,302,176,389" oya="1" hai0="120,53,114,46,2,9,27,74,56,51,48,57,76" hai1="93,90,111,113,10,123,84,26,8,15,79,12,68" hai2="39,47,100,31,86,124,6,134,94,36,75,17,95" hai3="35,16,71,11,50,0,121,83,32,18,67,61,7"/><U21/><E123/><V110/><F75/><W107/><G107/><T105/><D114/><U14/><E113/><V99/><F110/><W70/><G70/><T78/><D120/><U45/><E111/><V58/><F31/><W41/><G35/><T33/><D74/><U38/><E68/><V88/><F6/><W73/><G32/><T44/><D2/><U122/><E122/><V20/><F134/><W24/><G24/><T104/><D9/><N who="1" m="3691" /><E38/><V128/><F128/><W69/><G69/><T106/><D27/><U63/><E63/><V54/><F47/><W19/><G121/><T112/><D33/><U72/><E72/><V126/><F126/><W34/><G34/><T97/><D97/><U37/><E37/><V52/><F54/><W98/><G98/><T130/><D112/><U22/><E45/><N who="0" m="17513" /><D53/><U62/><E62/><V108/><F124/><W82/><G50/><N who="0" m="18987" /><D130/><U91/><E79/><AGARI ba="0,0" hai="56,57,76,78,79,104,105,106" m="18987,17513" machi="79" ten="40,8000,1" yaku="28,2,52,3" doraHai="101" who="0" fromWho="1" sc="133,80,302,-80,176,0,389,0" /><INIT seed="6,0,0,3,5,38" ten="213,222,176,389" oya="2" hai0="95,40,103,98,2,48,35,14,89,29,91,99,21" hai1="77,102,11,66,8,131,115,123,67,100,49,32,109" hai2="111,128,132,64,126,72,97,122,75,33,62,105,83" hai3="135,108,125,36,17,4,19,79,43,16,22,78,42"/><V134/><F33/><W60/><G36/><T76/><D2/><U121/><E109/><V104/><F122/><N who="1" m="46601" /><E115/><V37/><F37/><W82/><G125/><T92/><D35/><U81/><E32/><V114/><F114/><W28/><G135/><N who="2" m="51753" /><F126/><W18/><G28/><T20/><D76/><N who="3" m="29225" /><G4/><T87/><D29/><U53/><E131/><V107/><F83/><W59/><G82/><N who="0" m="49399" /><D14/><U119/><E119/><V118/><F118/><W68/><G68/><T6/><D6/><U45/><E8/><V112/><F112/><W113/><G113/><T23/><D48/><U106/><E11/><V51/><F51/><W39/><G39/><T124/><D124/><U101/><E106/><N who="2" m="41067" /><F128/><W31/><G108/><T10/><D10/><U3/><E3/><V1/><F1/><W57/><G31/><T58/><D21/><U25/><E25/><V117/><F117/><W15/><G59/><T55/><D58/><U24/><E24/><V70/><F111/><W34/><G34/><T26/><D23/><U61/><E61/><V63/><F62/><W7/><G7/><T13/><D26/><U127/><E127/><V85/><F85/><AGARI ba="0,0" hai="45,49,53,66,67,77,81,85,100,101,102" m="46601" machi="85" ten="30,1000,0" yaku="13,1" doraHai="38" who="1" fromWho="2" sc="213,0,222,10,176,-10,389,0" /><INIT seed="7,0,0,1,5,57" ten="213,232,166,389" oya="3" hai0="31,126,64,37,128,87,86,50,105,116,98,122,8" hai1="44,21,41,123,119,17,0,111,5,2,120,89,101" hai2="131,13,35,24,70,45,109,20,76,14,82,135,121" hai3="79,32,93,52,127,51,112,59,38,85,106,66,96"/><W26/><G38/><T74/><D37/><U54/><E111/><V113/><F109/><W80/><G106/><T12/><D74/><U114/><E101/><V48/><F113/><W94/><G66/><T28/><D122/><U33/><E33/><V132/><F121/><N who="1" m="46665" /><E54/><V77/><F131/><W118/><G118/><T88/><D126/><U15/><E89/><V73/><F76/><W117/><G94/><N who="0" m="56647" /><D116/><U78/><E78/><V60/><F35/><W47/><G93/><T7/><D105/><U75/><E75/><V133/><F70/><W22/><G96/><T9/><D128/><U115/><E5/><V68/><F68/><W56/><G32/><T107/><D107/><U11/><E11/><V103/><F60/><W65/><G79/><T4/><D50/><N who="1" m="26895" /><E119/><V91/><F91/><W69/><G117/><T90/><D90/><U55/><E55/><V19/><REACH who="2" step="1"/><F103/><REACH who="2" ten="213,232,156,389" step="2"/><W134/><G22/><T58/><D8/><U108/><E108/><V6/><F6/><W46/><G26/><T18/><D7/><U71/><E71/><V110/><F110/><W83/><G85/><N who="0" m="32267" /><D4/><U43/><E2/><V84/><F84/><W72/><G72/><T104/><D104/><U10/><E0/><V27/><F27/><W95/><G69/><T62/><AGARI ba="0,1" hai="9,12,18,28,31,58,62,64" m="32267,56647" machi="62" ten="30,4000,0" yaku="8,1,52,1,54,1" doraHai="57" who="0" fromWho="0" sc="213,50,232,-10,156,-10,389,-20" owari="263,6.0,222,-18.0,146,-35.0,369,47.0" /></mjloggm>