<mjloggm ver="2.3"><GO type="225" lobby="0"/><UN n0="%E5%A4%A9%E7%A9%BA%73%61%79%61" n1="%E6%B7%AB%E7%8D%A3%E5%AE%AE%E8%97%A4" n2="%73%65%6E%75%72%6C" n3="%E5%B0%B1%E6%B4%BB%E7%94%9F%40%E5%B7%9D%E6%9D%91%E8%BB%8D%E5%9B%A3" dan="16,16,17,17" rate="2145.67,2102.31,2181.70,2091.83" sx="M,M,F,M"/><TAIKYOKU oya="0"/><INIT seed="0,0,0,4,2,89" ten="250,250,250,250" oya="0" hai0="20,86,106,131,97,46,122,77,30,115,127,124,58" hai1="43,121,54,19,33,9,12,91,128,104,110,99,73" hai2="118,4,24,57,59,119,123,44,56,105,61,74,103" hai3="117,52,85,28,55,67,133,34,17,114,120,107,27"/><T47/><D115/><U95/><E121/><V18/><F123/><W7/><G114/><T60/><D122/><U5/><E33/><V82/><F4/><W16/><G120/><T45/><D131/><U11/><E73/><V126/><F126/><N who="0" m="48170" /><D106/><U83/><E110/><V129/><F129/><W40/><G107/><T63/><D97/><U93/><E104/><V94/><F105/><W98/><G117/><N who="2" m="44553" /><F44/><W49/><G7/><T130/><D130/><U8/><E83/><V109/><F109/><W41/><G133/><T102/><D102/><N who="1" m="60783" /><E5/><V23/><F74/><W38/><G38/><T125/><D125/><U48/><E43/><V2/><F2/><W71/><G98/><T37/><D37/><U100/><E100/><V84/><F103/><W78/><G41/><T88/><D77/><U39/><E39/><V113/><F113/><W116/><G40/><T13/><D58/><N who="1" m="33095" /><E128/><V69/><F69/><W0/><G116/><T14/><D30/><U51/><E51/><V15/><F61/><N who="0" m="23626" /><D20/><U21/><E21/><V81/><F24/><W96/><G71/><T35/><D35/><U68/><E68/><V1/><F1/><W111/><G28/><T6/><D6/><U53/><E53/><V22/><F22/><W3/><G55/><T79/><D79/><U72/><E72/><V25/><F25/><W134/><G34/><T42/><D42/><U31/><E31/><V64/><F64/><W90/><G27/><T92/><AGARI ba="0,0" hai="13,14,45,46,47,86,88,92" m="23626,48170" machi="92" ten="40,7800,0" yaku="18,1,52,1,54,1" doraHai="89" who="0" fromWho="0" sc="250,78,250,-26,250,-26,250,-26" /><INIT seed="0,1,0,4,0,101" ten="328,224,224,224" oya="0" hai0="106,47,28,15,123,111,7,88,90,56,39,124,108" hai1="72,14,12,57,0,92,63,33,94,107,127,48,44" hai2="31,25,126,99,104,85,65,71,45,103,122,22,60" hai3="50,80,66,51,97,75,10,64,18,86,130,105,73"/><T38/><D123/><U113/><E0/><V24/><F126/><W8/><G130/><T20/><D124/><U68/><E68/><V79/><F122/><W82/><G105/><T62/><D106/><U40/><E72/><V125/><F125/><W109/><G109/><N who="0" m="42059" /><D47/><U116/><E33/><N who="2" m="20711" /><F45/><W30/><G30/><T46/><D46/><U133/><E107/><V98/><F98/><W19/><G97/><T84/><D28/><U112/><E127/><V89/><F79/><W16/><G19/><N who="0" m="10367" /><D7/><U13/><E116/><V91/><F85/><AGARI ba="1,0" hai="8,10,16,18,50,51,64,66,73,75,80,82,85,86" machi="85" ten="25,3200,0" yaku="22,2,54,1" doraHai="101" who="3" fromWho="2" sc="328,0,224,0,224,-35,224,35" /><INIT seed="1,0,0,0,0,111" ten="328,224,189,259" oya="1" hai0="81,88,12,112,121,114,98,70,117,108,99,95,100" hai1="37,20,56,34,58,48,44,0,104,76,106,59,125" hai2="47,73,53,54,85,14,82,116,80,28,71,26,8" hai3="128,17,2,115,31,52,118,57,133,27,97,93,74"/><U113/><E34/><V67/><F116/><W49/><G74/><T78/><D70/><U109/><E37/><V134/><F134/><W101/><G133/><T15/><D117/><U29/><E0/><V35/><F73/><W87/><G118/><T92/><D108/><U120/><E120/><V61/><F47/><W72/><G72/><N who="0" m="43207" /><D12/><U132/><E132/><V38/><F38/><W79/><G2/><T96/><D15/><U23/><E109/><V126/><F126/><W9/><G115/><N who="0" m="44075" /><D121/><U41/><E125/><V33/><F33/><W122/><G122/><T102/><D99/><U68/><E68/><V77/><REACH who="2" step="1"/><F82/><REACH who="2" ten="328,224,179,259" step="2"/><N who="3" m="47583" /><G128/><T22/><D22/><U36/><E113/><V21/><F21/><N who="3" m="15855" /><G9/><T123/><D123/><U25/><E36/><V94/><F94/><W62/><G17/><AGARI ba="0,1" hai="8,14,17,26,28,35,53,54,61,67,71,77,80,85" machi="17" ten="30,2000,0" yaku="1,1,7,1,53,0" doraHai="111" doraHaiUra="105" who="2" fromWho="3" sc="328,0,224,0,179,30,259,-20" /><INIT seed="2,0,0,0,2,58" ten="328,224,209,239" oya="2" hai0="29,81,26,35,53,97,100,86,48,121,34,57,0" hai1="30,123,102,44,113,109,7,130,112,127,78,14,43" hai2="10,4,82,9,45,132,108,101,64,116,114,33,76" hai3="47,71,98,91,65,83,41,73,3,22,50,117,94"/><V8/><F114/><W55/><G3/><T89/><D121/><U68/><E68/><V79/><F116/><W18/><G117/><T60/><D0/><U119/><E119/><V1/><F33/><W133/><G133/><T52/><D35/><U77/><E123/><V54/><F132/><W13/><G73/><T62/><D53/><U74/><E109/><V16/><F108/><W93/><G83/><T11/><D11/><U118/><E118/><V24/><F101/><W99/><G71/><T69/><D69/><U36/><E127/><V67/><F1/><W111/><G111/><T70/><D70/><U2/><E130/><V31/><F31/><W96/><G65/><N who="2" m="25161" /><F4/><W104/><G104/><AGARI ba="0,0" hai="26,29,34,48,52,57,60,62,81,86,89,97,100,104" machi="104" ten="30,7700,0" yaku="7,1,52,2,54,1" doraHai="58" who="0" fromWho="3" sc="328,77,224,0,209,0,239,-77" /><INIT seed="3,0,0,3,0,32" ten="405,224,209,162" oya="3" hai0="66,105,101,57,103,52,43,7,113,63,108,100,20" hai1="102,59,96,51,10,104,21,80,34,26,17,61,121" hai2="50,90,114,41,71,11,119,23,109,58,22,95,29" hai3="112,73,35,44,124,64,126,122,83,131,92,74,31"/><W129/><G35/><T28/><D108/><U0/><E51/><V128/><F71/><W77/><G31/><T18/><D105/><U81/><E34/><V30/><F114/><W76/><G64/><T48/><D7/><U60/><E121/><V91/><F119/><W62/><G62/><T27/><D113/><U1/><E61/><V8/><F109/><W40/><G112/><T93/><D43/><U53/><E10/><N who="2" m="3627" /><F128/><N who="3" m="49227" /><G122/><T67/><D93/><U97/><E97/><N who="2" m="57591" /><F91/><W87/><G44/><N who="0" m="27655" /><D66/><U46/><E46/><N who="2" m="25935" /><F58/><W111/><G40/><T88/><D88/><U133/><E133/><V45/><F45/><W135/><G135/><T49/><D49/><U55/><E55/><V107/><F107/><W24/><G24/><T134/><D134/><U12/><E26/><V25/><F23/><W99/><G111/><T19/><AGARI ba="0,0" hai="18,19,20,27,28,57,63,67,100,101,103" m="27655" machi="19" ten="30,2000,0" yaku="8,1,54,1" doraHai="32" who="0" fromWho="0" sc="405,20,224,-5,209,-5,162,-10" owari="425,53.0,219,2.0,204,-20.0,152,-35.0" /></mjloggm>