<mjloggm ver="2.3"><GO type="97" lobby="0"/><UN n0="%E5%BF%8D%E9%87%8E%E5%BF%8D%2E" n1="%43%48%49%52%4F%52%55" n2="%79%75%69%79%75%69%30%30" n3="%E3%83%88%E3%83%88%E3%83%AA%E5%85%88%E7%94%9F%31%39%E6%AD%B3" dan="14,14,15,13" rate="1933.94,1930.49,1968.34,2007.27" sx="F,M,M,F"/><TAIKYOKU oya="0"/><INIT seed="0,0,0,0,1,113" ten="250,250,250,250" oya="0" hai0="108,19,112,78,76,77,12,61,94,95,66,81,120" hai1="114,42,90,68,60,33,62,46,64,127,7,22,126" hai2="15,75,47,8,122,11,72,48,116,87,56,39,32" hai3="121,40,17,29,49,9,5,30,109,123,28,51,82"/><T131/><D112/><U110/><E33/><V92/><F122/><N who="3" m="46603" /><G109/><T135/><D120/><U54/><E114/><V6/><F32/><W71/><G71/><T36/><D36/><U53/><E7/><V1/><F39/><W124/><G124/><N who="1" m="47658" /><E110/><V70/><F70/><W55/><G40/><T4/><D131/><U25/><E90/><V63/><F92/><W65/><G65/><T34/><D34/><U128/><E62/><V58/><F87/><W57/><G17/><T104/><D104/><U86/><E86/><V97/><F97/><W43/><G82/><T103/><D135/><U67/><E67/><V89/><F89/><W105/><G105/><T41/><D41/><U99/><E99/><V13/><F1/><N who="3" m="175" /><G43/><T38/><D108/><U16/><E128/><V88/><F72/><W111/><G111/><T101/><D4/><U83/><E83/><V50/><F75/><W102/><G102/><N who="0" m="38923" /><D81/><U44/><E44/><V35/><F6/><W106/><G106/><T130/><D130/><U133/><E133/><V27/><F47/><W2/><G2/><T31/><D31/><U24/><E24/><V93/><F27/><W80/><G80/><T14/><D38/><AGARI ba="0,0" hai="16,22,25,38,42,46,53,54,60,64,68" m="47658" machi="38" ten="30,2000,0" yaku="18,1,54,1" doraHai="113" who="1" fromWho="0" sc="250,-20,250,20,250,0,250,0" /><INIT seed="1,0,0,1,5,89" ten="230,270,250,250" oya="1" hai0="109,80,123,22,62,41,8,63,83,135,118,18,92" hai1="115,108,30,50,2,24,86,131,43,121,105,56,81" hai2="79,9,74,125,99,116,65,128,82,112,12,52,69" hai3="29,104,33,14,103,130,49,36,91,0,40,54,37"/><U70/><E70/><V53/><F116/><W15/><G0/><T95/><D118/><U46/><E121/><V13/><F112/><W26/><G130/><T66/><D123/><U73/><E115/><V20/><F128/><W25/><G40/><T100/><D109/><U102/><E131/><V71/><F125/><W10/><G15/><T77/><D135/><U88/><E108/><V119/><F119/><W31/><G91/><T113/><D113/><U21/><E2/><V111/><F111/><W94/><G104/><T59/><D41/><U32/><E73/><V55/><F65/><W87/><G87/><N who="0" m="48527" /><D100/><U67/><E32/><V101/><F20/><W57/><G94/><N who="0" m="35883" /><D83/><U117/><E117/><V38/><F38/><W129/><G103/><T64/><D8/><U84/><E84/><V133/><F133/><W35/><REACH who="3" step="1"/><G129/><REACH who="3" ten="230,270,250,240" step="2"/><T72/><D72/><U120/><E120/><V58/><F101/><W114/><G114/><T126/><D126/><U127/><E127/><V48/><F99/><W106/><G106/><T3/><D3/><U5/><E105/><V78/><F78/><W45/><G45/><T61/><D66/><U68/><E102/><V1/><F1/><W44/><G44/><T27/><AGARI ba="0,1" hai="18,22,27,59,61,62,63,64" m="35883,48527" machi="27" ten="30,7900,0" yaku="8,1,52,3" doraHai="89" who="0" fromWho="0" sc="230,89,270,-39,250,-20,240,-20" /><INIT seed="2,0,0,2,3,55" ten="319,231,230,220" oya="2" hai0="123,110,104,82,32,100,25,122,134,48,84,21,95" hai1="128,13,20,28,60,47,129,2,67,132,34,43,11" hai2="98,105,22,51,86,124,127,94,93,46,56,108,97" hai3="41,35,73,120,125,52,121,27,33,96,18,77,1"/><V57/><F108/><W26/><G1/><T130/><D32/><U8/><E34/><V29/><F105/><W106/><G125/><N who="2" m="48201" /><F86/><W88/><G41/><T74/><D74/><U69/><E2/><V44/><F44/><W75/><G77/><T109/><D104/><U85/><E132/><V6/><F6/><W91/><G106/><T14/><D130/><N who="1" m="50283" /><E85/><V68/><F68/><W7/><G52/><T19/><D48/><N who="1" m="26751" /><E13/><V92/><F29/><W3/><G3/><T87/><D14/><U39/><E39/><V118/><F22/><W101/><G7/><T116/><D134/><U58/><E69/><V107/><F118/><W111/><G96/><N who="2" m="36969" /><F107/><W81/><G18/><T59/><D116/><U37/><E37/><V115/><F115/><W40/><G40/><AGARI ba="0,0" hai="40,46,51,56,57,92,93,94" m="36969,48201" machi="40" ten="30,5800,0" yaku="18,1,52,2" doraHai="55" who="2" fromWho="3" sc="319,0,231,0,230,58,220,-58" /><INIT seed="2,1,0,0,3,53" ten="319,231,288,162" oya="2" hai0="114,17,30,43,106,32,88,98,124,8,81,40,2" hai1="54,79,50,101,104,119,94,59,28,100,6,65,72" hai2="51,125,31,76,0,132,112,35,87,80,41,21,121" hai3="90,122,48,29,47,10,5,113,89,55,120,133,108"/><V75/><F112/><W117/><G117/><T33/><D114/><U111/><E104/><V74/><F121/><W49/><G113/><T95/><D124/><U134/><E119/><V37/><F35/><W14/><G108/><T70/><D70/><U20/><E111/><V4/><F31/><W110/><G110/><T85/><D106/><U73/><E134/><V93/><F125/><W19/><G133/><T107/><D107/><U58/><E6/><V69/><F69/><W27/><G120/><T128/><D128/><U97/><E101/><V103/><F21/><W96/><G122/><T12/><D2/><U11/><E11/><V34/><F34/><W82/><G96/><T135/><D135/><U7/><E7/><V86/><F51/><W116/><G116/><T68/><D68/><U3/><E3/><V36/><F36/><W18/><G82/><T22/><D33/><U9/><E9/><N who="2" m="2183" /><F74/><W67/><G67/><T84/><D32/><U83/><E73/><V130/><F130/><W16/><REACH who="3" step="1"/><G49/><REACH who="3" ten="319,231,288,152" step="2"/><T62/><D81/><U57/><REACH who="1" step="1"/><E65/><REACH who="1" ten="319,221,288,152" step="2"/><V44/><F132/><W24/><G24/><AGARI ba="1,2" hai="20,24,28,50,54,57,58,59,72,79,83,94,97,100" machi="24" ten="40,8000,1" yaku="1,1,2,1,52,3,53,0" doraHai="53" doraHaiUra="126" who="1" fromWho="3" sc="319,0,221,103,288,0,152,-83" /><INIT seed="3,0,0,4,4,126" ten="319,324,288,69" oya="3" hai0="98,40,129,135,113,39,74,86,3,34,108,44,77" hai1="95,47,106,83,53,61,124,90,131,127,97,25,68" hai2="20,52,121,115,63,30,12,92,32,60,114,105,64" hai3="132,119,78,118,128,123,72,76,43,102,120,109,4"/><W110/><G43/><T70/><RYUUKYOKU type="yao9" ba="0,0" sc="319,0,324,0,288,0,69,0" hai0="3,34,39,40,44,70,74,77,86,98,108,113,129,135" /><INIT seed="3,1,0,1,3,18" ten="319,324,288,69" oya="3" hai0="48,14,15,120,44,57,68,81,11,77,93,36,19" hai1="39,64,73,101,16,91,47,72,82,71,80,89,43" hai2="95,104,75,28,74,76,54,21,135,66,12,116,99" hai3="98,45,84,127,60,128,20,3,6,78,30,69,83"/><W35/><G35/><T2/><D2/><U121/><E121/><V115/><F116/><W42/><G128/><T132/><D120/><U1/><E1/><V131/><F131/><W10/><G127/><T41/><D68/><U133/><E133/><V103/><F135/><W129/><G129/><T111/><D132/><U105/><E105/><V59/><F115/><W26/><G98/><T25/><D111/><U126/><E101/><V107/><F66/><W37/><G60/><T106/><D106/><U92/><E126/><V62/><F75/><W5/><G5/><T13/><D25/><U97/><E64/><V85/><F74/><W109/><REACH who="3" step="1"/><G69/><REACH who="3" ten="319,324,288,59" step="2"/><T112/><D112/><U53/><E97/><V94/><F104/><W24/><G24/><T55/><D93/><U31/><E92/><V40/><F107/><W8/><G8/><T86/><AGARI ba="1,1" hai="11,13,14,15,19,36,41,44,48,55,57,77,81,86" machi="86" ten="20,1500,0" yaku="0,1,7,1" doraHai="18" who="0" fromWho="0" sc="319,28,324,-5,288,-5,59,-8" owari="347,45.0,319,12.0,283,-12.0,51,-45.0" /></mjloggm>