<mjloggm ver="2.3"><GO type="97" lobby="0"/><UN n0="%52%41%44%49%41%4E%43%45" n1="%E3%83%90%E3%83%88%E3%83%AB%E3%83%92%E3%83%BC%E3%83%AD%E3%83%BC" n2="%E7%BE%8E%E9%83%BD%E5%AD%90%E3%82%93%E3%83%89%E3%83%AA%E3%82%A2" n3="%E5%B0%B1%E6%B4%BB%E7%94%9F%40%E5%B7%9D%E6%9D%91%E8%BB%8D%E5%9B%A3" dan="15,13,14,15" rate="1959.76,1881.06,2056.41,2009.75" sx="M,M,F,M"/><TAIKYOKU oya="0"/><INIT seed="0,0,0,5,4,3" ten="250,250,250,250" oya="0" hai0="131,105,8,107,23,1,48,70,132,29,133,40,94" hai1="121,118,100,90,104,113,6,33,67,51,77,111,13" hai2="20,68,97,78,16,19,42,61,22,114,26,15,53" hai3="63,106,119,96,14,18,128,37,101,135,91,58,99"/><T56/><D70/><U122/><E33/><V9/><F114/><W129/><G119/><T71/><D71/><U34/><E34/><V28/><F42/><W36/><G135/><N who="0" m="51787" /><D131/><N who="3" m="50249" /><G96/><T109/><D109/><U74/><E67/><V31/><F78/><W10/><G91/><T81/><D81/><N who="1" m="45239" /><E51/><V21/><F97/><W85/><G85/><T134/><D94/><U89/><E13/><N who="2" m="7215" /><F68/><W32/><G32/><T93/><D93/><U52/><E52/><AGARI ba="0,0" hai="10,14,18,36,37,52,58,63,99,101,106" m="50249" machi="52" ten="30,2000,0" yaku="19,1,54,1" doraHai="3" who="3" fromWho="1" sc="250,0,250,-20,250,0,250,20" /><INIT seed="1,0,0,4,4,98" ten="250,230,250,270" oya="1" hai0="46,18,81,20,71,113,88,33,130,125,128,40,91" hai1="96,87,124,48,111,112,56,122,92,34,100,63,101" hai2="83,86,21,76,1,9,121,95,0,119,45,123,94" hai3="25,57,53,103,105,84,58,90,117,60,27,70,120"/><U67/><E34/><V36/><F119/><W26/><G120/><T129/><D33/><U79/><E122/><V97/><F95/><W106/><G117/><T15/><D113/><U7/><E112/><V8/><F8/><W17/><G70/><T72/><D71/><U109/><E124/><V126/><F126/><W43/><G43/><T77/><REACH who="0" step="1"/><D125/><REACH who="0" ten="240,230,250,270" step="2"/><U78/><E7/><V80/><F123/><W29/><G29/><T22/><D22/><U118/><E118/><V32/><F21/><W132/><G132/><T74/><D74/><U116/><E116/><V99/><F32/><W75/><G75/><T5/><D5/><U135/><E135/><V64/><F121/><W59/><G17/><T133/><D133/><U30/><E30/><V2/><F9/><W89/><G89/><T108/><D108/><N who="1" m="41547" /><E48/><AGARI ba="0,1" hai="15,18,20,40,46,48,72,77,81,88,91,128,129,130" machi="48" ten="40,8000,1" yaku="1,1,19,1,54,1,53,1" doraHai="98" doraHaiUra="16" who="0" fromWho="1" sc="240,90,230,-80,250,0,270,0" /><INIT seed="2,0,0,3,5,15" ten="330,150,250,270" oya="2" hai0="59,6,10,23,90,14,131,22,37,41,101,67,62" hai1="106,49,112,68,77,124,63,33,57,20,72,4,31" hai2="73,84,35,133,103,46,107,3,86,39,27,123,75" hai3="126,16,51,116,60,2,13,82,42,97,34,45,58"/><V99/><F123/><W78/><G126/><T122/><D122/><U87/><E106/><V96/><F3/><W95/><G116/><T24/><D131/><U30/><E112/><V25/><F25/><W36/><G34/><T52/><D101/><U11/><E124/><V104/><F27/><W79/><G2/><T92/><D37/><U130/><E68/><V134/><F35/><W80/><G36/><T53/><D41/><U91/><E130/><V66/><F66/><N who="3" m="39191" /><G82/><T70/><D70/><U85/><E72/><N who="2" m="27723" /><F46/><W110/><G80/><T17/><REACH who="0" step="1"/><D22/><REACH who="0" ten="320,150,250,270" step="2"/><U113/><E33/><V28/><F39/><W64/><G110/><T120/><D120/><U117/><E113/><V118/><F118/><W132/><G132/><N who="2" m="50793" /><F28/><W12/><G64/><T114/><D114/><U125/><E117/><V65/><F65/><W83/><G83/><T55/><D55/><U50/><E125/><V88/><F107/><W32/><G32/><T38/><D38/><U56/><E77/><V76/><F76/><W81/><G81/><T8/><D8/><U5/><E91/><V21/><F21/><N who="3" m="11399" /><G13/><T100/><D100/><AGARI ba="0,1" hai="42,45,51,78,79,95,97,100" m="11399,39191" machi="100" ten="30,3900,0" yaku="8,1,52,1,54,1" doraHai="15" who="3" fromWho="0" sc="320,-39,150,0,250,0,270,49" /><INIT seed="3,0,0,3,2,67" ten="281,150,250,319" oya="3" hai0="37,10,112,54,20,3,46,99,127,60,50,86,26" hai1="102,106,8,93,14,40,79,55,96,68,13,30,134" hai2="32,69,18,21,38,111,80,119,87,110,135,124,109" hai3="34,48,117,91,114,29,100,115,23,19,101,74,121"/><W126/><G74/><T71/><D127/><U25/><E134/><V78/><F32/><W76/><G117/><T56/><D112/><U129/><E129/><V123/><F119/><W39/><G121/><T130/><D130/><U116/><E116/><V41/><F124/><W105/><G39/><T104/><D86/><U118/><E118/><V75/><F135/><W133/><G133/><T120/><D120/><U73/><E40/><V49/><F49/><W51/><G126/><T11/><D3/><U43/><E43/><V2/><F2/><W83/><G34/><T42/><D99/><U77/><E55/><V82/><F123/><W89/><G29/><T1/><D104/><U58/><E58/><V24/><F41/><W33/><G33/><T6/><D11/><U36/><E36/><V62/><F38/><W94/><G105/><T52/><D54/><U7/><E14/><V4/><F4/><W103/><G114/><T131/><D131/><U53/><E53/><V31/><F31/><W28/><G28/><T12/><D1/><U64/><E93/><V98/><F98/><N who="3" m="57695" /><G76/><T70/><D37/><U107/><E107/><V27/><F27/><N who="3" m="14847" /><G115/><T0/><D0/><U90/><E90/><N who="2" m="51559" /><F62/><W45/><G45/><T81/><D81/><U113/><E113/><V57/><F57/><W47/><G47/><T17/><AGARI ba="0,0" hai="6,10,12,17,20,26,42,46,50,52,56,60,70,71" machi="17" ten="20,8000,1" yaku="0,1,7,1,52,2,54,1" doraHai="67" who="0" fromWho="0" sc="281,80,150,-20,250,-20,319,-40" owari="361,46.0,130,-37.0,230,-17.0,279,8.0" /></mjloggm>