<mjloggm ver="2.3"><GO type="169" lobby="0"/><UN n0="%EF%BD%9E%E9%9A%BC%EF%BD%9E" n1="%74%75%75%6B%61%69%33" n2="%E3%83%88%E3%83%88%E3%83%AA%E5%85%88%E7%94%9F%31%39%E6%AD%B3" n3="%E3%82%81%E3%83%BC%E3%81%A8" dan="16,17,17,16" rate="2112.38,2175.32,2259.17,2113.82" sx="M,M,F,M"/><TAIKYOKU oya="0"/><INIT seed="0,0,0,0,4,118" ten="250,250,250,250" oya="0" hai0="23,38,1,116,35,76,120,27,82,10,68,19,44" hai1="89,103,134,98,29,17,70,124,86,119,45,93,85" hai2="130,40,24,63,33,128,95,11,123,101,20,39,121" hai3="49,8,52,67,69,34,102,12,81,122,64,109,43"/><T129/><D116/><U51/><E119/><V14/><F39/><W65/><G34/><T60/><D129/><N who="2" m="49770" /><F40/><W26/><G109/><T91/><D91/><U5/><E70/><V96/><F63/><W56/><G102/><T132/><D35/><U13/><E134/><V115/><F33/><W73/><G26/><T25/><D132/><U97/><E124/><V133/><F115/><W107/><G107/><T104/><D104/><U105/><E29/><N who="2" m="17543" /><F133/><W48/><G122/><T127/><D127/><U54/><REACH who="1" step="1"/><E5/><AGARI ba="0,0" hai="5,11,14,95,96,101,121,123" m="17543,49770" machi="5" ten="30,3900,0" yaku="19,1,52,2" doraHai="118" who="2" fromWho="1" sc="250,0,250,-39,250,39,250,0" /><INIT seed="1,0,0,5,2,1" ten="250,211,289,250" oya="1" hai0="42,76,38,37,110,28,55,107,11,72,123,101,15" hai1="119,121,10,3,117,95,103,29,49,14,9,23,124" hai2="98,58,62,48,82,114,63,53,45,75,0,27,56" hai3="113,61,39,96,122,111,86,20,99,18,35,34,44"/><U83/><E121/><V60/><F114/><W36/><G122/><T70/><D110/><U93/><E124/><V8/><F75/><W115/><G111/><T21/><D70/><U134/><E134/><V12/><F0/><W89/><G61/><T116/><D116/><U26/><E117/><V4/><F82/><W19/><G86/><T84/><D72/><U88/><E119/><V120/><F120/><W106/><G106/><T78/><D123/><U132/><E132/><V112/><F112/><W81/><G81/><T127/><D127/><U85/><E103/><V51/><F98/><W130/><G89/><T5/><D101/><U13/><E3/><V92/><F92/><W79/><G44/><T80/><D107/><U6/><E49/><V47/><REACH who="2" step="1"/><F27/><REACH who="2" ten="250,211,279,250" step="2"/><W97/><G96/><T100/><D80/><U65/><REACH who="1" step="1"/><E65/><REACH who="1" ten="250,201,279,250" step="2"/><V128/><F128/><W59/><G130/><T129/><D129/><U126/><E126/><V46/><F46/><W66/><G66/><T50/><D76/><U90/><E90/><V69/><F69/><W74/><G115/><T54/><D78/><U68/><E68/><V17/><F17/><AGARI ba="0,2" hai="6,9,10,13,14,17,23,26,29,83,85,88,93,95" machi="17" ten="30,12000,1" yaku="1,1,7,1,8,1,52,1,54,1,53,0" doraHai="1" doraHaiUra="30" who="1" fromWho="2" sc="250,0,201,140,279,-120,250,0" /><INIT seed="1,1,0,3,1,86" ten="250,341,159,250" oya="1" hai0="90,93,19,101,25,63,26,29,112,133,88,30,122" hai1="17,82,78,28,54,7,123,2,23,35,89,76,81" hai2="126,110,5,60,32,109,66,114,64,134,56,8,104" hai3="108,67,77,97,84,124,87,106,80,11,15,105,0"/><U79/><E123/><V118/><F104/><W44/><G0/><T113/><D122/><U68/><E68/><V94/><F32/><W61/><G108/><N who="2" m="41577" /><F118/><W111/><G111/><T48/><D19/><U70/><E70/><V117/><F117/><W100/><G124/><T99/><D133/><U3/><E54/><N who="2" m="33815" /><F126/><W33/><G33/><T1/><D1/><U4/><E35/><V21/><F134/><W62/><G105/><T42/><D63/><U120/><E120/><V37/><F37/><W130/><G130/><T18/><D18/><U34/><E34/><V52/><F114/><W46/><G62/><T38/><D38/><U6/><E28/><N who="0" m="10857" /><D113/><U31/><E31/><V57/><F21/><W27/><G106/><T74/><D74/><U107/><E107/><V75/><F75/><W135/><G135/><T69/><D69/><U22/><E76/><V132/><F132/><W73/><G73/><T12/><D12/><U49/><E3/><N who="2" m="63" /><F94/><W98/><G77/><T71/><D71/><U51/><E78/><V65/><F65/><W129/><G67/><T36/><D36/><U20/><E79/><V121/><F121/><W24/><G129/><T43/><D112/><U85/><E2/><V127/><F127/><W55/><G11/><T125/><D125/><U10/><E81/><V91/><F91/><N who="0" m="34858" /><D43/><U40/><E40/><V53/><F53/><W45/><G55/><T9/><D9/><U115/><E115/><V13/><F13/><AGARI ba="1,0" hai="4,6,7,10,13,17,20,22,23,49,51,82,85,89" machi="13" ten="40,3900,0" yaku="8,1,52,1" doraHai="86" who="1" fromWho="2" sc="250,0,341,42,159,-42,250,0" /><INIT seed="1,2,0,1,5,121" ten="250,383,117,250" oya="1" hai0="114,76,63,52,68,89,10,72,17,127,54,129,0" hai1="134,81,61,116,91,130,92,135,15,85,2,6,46" hai2="28,87,22,57,71,36,51,113,120,67,118,48,123" hai3="18,70,49,79,131,65,45,93,50,133,3,99,14"/><U78/><E116/><V82/><F118/><W9/><G133/><T95/><D114/><U23/><E130/><V33/><F36/><W107/><G107/><T94/><D129/><U24/><E46/><V77/><F33/><W5/><G131/><T1/><D127/><U30/><E61/><V12/><F113/><W32/><G79/><T60/><D76/><U31/><E31/><V19/><F28/><W26/><G70/><T7/><D72/><U96/><E2/><V43/><F71/><W110/><G65/><T47/><D0/><U80/><E80/><V42/><F120/><W38/><G38/><T35/><D35/><U108/><E108/><V44/><F123/><W11/><G110/><T122/><D122/><U16/><REACH who="1" step="1"/><E6/><REACH who="1" ten="250,373,117,250" step="2"/><V83/><F83/><W62/><G62/><T8/><D7/><U53/><E53/><N who="2" m="31935" /><F67/><W13/><G3/><T41/><D1/><U29/><E29/><V101/><F101/><W64/><G45/><T55/><D47/><U104/><E104/><V59/><F59/><W25/><G5/><T21/><D60/><U69/><E69/><V112/><F112/><W103/><G103/><T37/><D63/><U126/><E126/><V88/><F77/><W56/><G56/><T75/><D68/><U40/><E40/><AGARI ba="2,1" hai="12,19,22,40,42,43,44,48,82,87,88" m="31935" machi="40" ten="30,2000,0" yaku="8,1,54,1" doraHai="121" who="2" fromWho="1" sc="250,0,373,-26,117,36,250,0" /><INIT seed="2,0,0,3,5,48" ten="250,347,153,250" oya="2" hai0="84,5,95,118,79,86,25,52,35,58,83,111,14" hai1="69,18,16,133,104,62,114,33,116,93,128,3,100" hai2="12,130,7,37,30,53,50,1,68,88,125,66,46" hai3="21,15,102,78,81,131,32,120,115,75,82,134,113"/><V49/><F1/><W135/><G32/><T92/><D111/><U43/><E43/><V45/><F37/><W90/><G15/><T126/><D126/><U54/><E93/><V64/><F125/><W89/><G21/><T11/><D118/><U76/><E76/><V55/><F68/><W70/><G70/><T59/><D59/><U97/><E116/><V85/><F130/><W106/><G131/><T63/><REACH who="0" step="1"/><D84/><REACH who="0" ten="240,347,153,250" step="2"/><U38/><E128/><V6/><F30/><AGARI ba="0,1" hai="5,11,14,25,30,35,52,58,63,79,83,86,92,95" machi="30" ten="40,8000,1" yaku="1,1,2,1,52,1,54,1,53,1" doraHai="48" doraHaiUra="73" who="0" fromWho="2" sc="240,90,347,0,153,-80,250,0" /><INIT seed="3,0,0,2,2,41" ten="330,347,73,250" oya="3" hai0="11,23,14,54,78,24,38,62,37,63,39,66,67" hai1="76,15,111,65,36,35,114,122,45,31,86,57,73" hai2="103,94,30,119,51,18,75,91,9,127,8,132,22" hai3="6,26,118,16,77,64,19,29,116,13,69,49,20"/><W4/><G69/><T3/><D3/><U34/><E122/><V27/><F119/><N who="3" m="45611" /><G49/><T105/><D105/><U90/><E111/><V12/><F75/><W95/><G64/><T28/><D78/><U104/><E114/><V55/><F132/><W5/><G77/><T59/><REACH who="0" step="1"/><D63/><REACH who="0" ten="320,347,73,250" step="2"/><N who="1" m="38127" /><E76/><V42/><F127/><W112/><G95/><T60/><D60/><U106/><E104/><V53/><F103/><W0/><G112/><T72/><D72/><U50/><E73/><V2/><F2/><W135/><G135/><T85/><D85/><U123/><E106/><V32/><F42/><W89/><G89/><T133/><D133/><U21/><E90/><V129/><F129/><W56/><G56/><T107/><D107/><U126/><E86/><V43/><F43/><W92/><G92/><T102/><D102/><U110/><E126/><V93/><F55/><W130/><G130/><T101/><D101/><U68/><E68/><V100/><F100/><W44/><G44/><T87/><D87/><U10/><E45/><V58/><REACH who="2" step="1"/><F94/><REACH who="2" ten="320,347,63,250" step="2"/><W33/><G0/><T128/><D128/><U80/><E80/><V109/><F109/><W113/><G113/><T115/><D115/><U124/><E110/><V98/><AGARI ba="0,2" hai="8,9,12,18,22,27,30,32,51,53,58,91,93,98" machi="98" ten="20,2700,0" yaku="1,1,0,1,7,1,53,0" doraHai="41" doraHaiUra="108" who="2" fromWho="2" sc="320,-7,347,-7,63,47,250,-13" /><INIT seed="4,0,0,0,1,118" ten="313,340,110,237" oya="0" hai0="71,49,94,110,1,2,62,23,6,77,125,84,57" hai1="83,74,63,51,108,65,132,111,18,7,134,80,56" hai2="115,16,100,46,114,121,39,113,92,79,58,53,22" hai3="55,87,91,28,69,48,99,26,8,96,17,19,42"/><T109/><D125/><U129/><E7/><V41/><F79/><W120/><G69/><T27/><D71/><U43/><E18/><V82/><F82/><N who="1" m="31273" /><E74/><V45/><F45/><W128/><G42/><T11/><D77/><U12/><E12/><V126/><F126/><W40/><G40/><T97/><D84/><U102/><E102/><V106/><F106/><W59/><G128/><T93/><D49/><U104/><E104/><V15/><F100/><W123/><G87/><T20/><D1/><U33/><E33/><V103/><F103/><W133/><G133/><N who="1" m="51306" /><E129/><V24/><F92/><N who="0" m="35434" /><D97/><N who="3" m="37449" /><G91/><T112/><D112/><U14/><E14/><V85/><F85/><W37/><G8/><T89/><D89/><U81/><E81/><V35/><F35/><W122/><G37/><T0/><D0/><U135/><E135/><V117/><F117/><W34/><AGARI ba="0,0" hai="17,19,26,28,34,48,55,59,120,122,123" m="37449" machi="34" ten="40,8000,1" yaku="13,1,52,3" doraHai="118" who="3" fromWho="3" sc="313,-40,340,-20,110,-20,237,80" /><INIT seed="5,0,0,5,5,59" ten="273,320,90,317" oya="1" hai0="77,53,122,40,90,49,78,9,100,99,12,6,106" hai1="67,30,103,42,18,68,66,7,58,61,121,82,2" hai2="38,14,108,44,89,5,123,97,15,35,131,33,51" hai3="129,96,39,19,83,79,54,107,11,114,62,1,37"/><U43/><E121/><V46/><F123/><W115/><G129/><T128/><D122/><U25/><E103/><V118/><F108/><W34/><G34/><T65/><D128/><U76/><E18/><V45/><F131/><W70/><G19/><T63/><D40/><U92/><E92/><V26/><F118/><W55/><G55/><T16/><D90/><U91/><E91/><V10/><F38/><W93/><G11/><T17/><D17/><U86/><E7/><V81/><F33/><W47/><G1/><T60/><D6/><U124/><E2/><V104/><F104/><W132/><G132/><T3/><D3/><U41/><E124/><V8/><F35/><W110/><G110/><T130/><D130/><U126/><E126/><V80/><F26/><W57/><G107/><T13/><D13/><U105/><E105/><V28/><F28/><W0/><G47/><T22/><D9/><U69/><REACH who="1" step="1"/><E67/><REACH who="1" ten="273,310,90,317" step="2"/><V20/><F8/><W135/><G0/><T21/><D65/><U116/><E116/><V112/><F112/><W31/><G114/><T48/><D106/><U32/><AGARI ba="0,1" hai="25,30,32,41,42,43,58,61,66,68,69,76,82,86" machi="32" ten="30,11700,0" yaku="1,1,0,1,52,1,53,1" doraHai="59" doraHaiUra="73" who="1" fromWho="1" sc="273,-39,310,127,90,-39,317,-39" /><INIT seed="5,1,0,0,0,84" ten="234,437,51,278" oya="1" hai0="116,99,71,33,53,13,75,40,133,26,76,62,134" hai1="130,51,6,115,58,57,28,103,114,39,108,61,68" hai2="95,105,120,2,49,72,66,59,90,54,88,69,43" hai3="112,37,4,91,113,32,122,30,14,106,82,89,50"/><U11/><E108/><V31/><F120/><W124/><G37/><T46/><D116/><U92/><E39/><V70/><F105/><W77/><G122/><T107/><D13/><U27/><E130/><V3/><F72/><W86/><G106/><T1/><D1/><U38/><E38/><V56/><F31/><W10/><G124/><T118/><D118/><U65/><E103/><V111/><F111/><W83/><G50/><T12/><D12/><N who="1" m="5239" /><E51/><V52/><F49/><W132/><G132/><T24/><D62/><U0/><E0/><V25/><F95/><W127/><G127/><T64/><D76/><U67/><E67/><V20/><F66/><W9/><G9/><T117/><D64/><U119/><E119/><V94/><F94/><W121/><G121/><T63/><D63/><U109/><E109/><V81/><F20/><W8/><G8/><T42/><D33/><N who="1" m="20639" /><E92/><V21/><F21/><W128/><G128/><T135/><D135/><U129/><E129/><V36/><F36/><W17/><G17/><T48/><D48/><U35/><E35/><V131/><F25/><W80/><G80/><T41/><D117/><U15/><E15/><V104/><F131/><W73/><G30/><T60/><D24/><U16/><E16/><V55/><F104/><W101/><G32/><T98/><D26/><U74/><E74/><V97/><F81/><N who="3" m="49359" /><G101/><T85/><D133/><U7/><E7/><V29/><F29/><W47/><G47/><T45/><D46/><U110/><E110/><V79/><F2/><W18/><G18/><T44/><D134/><U23/><E23/><RYUUKYOKU ba="1,0" sc="234,-15,437,15,51,-15,278,15" hai1="57,58,61,65,68,114,115" hai3="4,10,14,73,77,82,83,91,112,113" /><INIT seed="5,2,0,2,4,108" ten="219,452,36,293" oya="1" hai0="95,94,7,116,64,98,25,32,119,130,42,111,131" hai1="121,2,59,26,76,107,30,70,90,85,37,133,117" hai2="52,54,11,97,38,61,35,92,132,105,19,115,0" hai3="16,89,55,66,126,48,69,75,33,134,58,51,34"/><U102/><E70/><V120/><F120/><W118/><G75/><T62/><D111/><U72/><E121/><V80/><F35/><W123/><G123/><T96/><D42/><U1/><E117/><V81/><F38/><W53/><G118/><T135/><D7/><U47/><E59/><V6/><F105/><W79/><G79/><T84/><D84/><U14/><E14/><V4/><F132/><W50/><G134/><T17/><D135/><U129/><E133/><V91/><F115/><W46/><G126/><T122/><D122/><U77/><E77/><V112/><F112/><W113/><G113/><T43/><D43/><U21/><E129/><N who="0" m="49161" /><D17/><U8/><E72/><V28/><F28/><W128/><G128/><T124/><D124/><U93/><E76/><V74/><F74/><W87/><G69/><N who="0" m="42135" /><D25/><U68/><E68/><V71/><F6/><W41/><G66/><T103/><D32/><U31/><E31/><V5/><F5/><W57/><REACH who="3" step="1"/><G16/><REACH who="3" ten="219,452,36,283" step="2"/><T27/><D27/><U100/><E26/><V83/><REACH who="2" step="1"/><F19/><REACH who="2" ten="219,452,26,283" step="2"/><W110/><G110/><T73/><D73/><U86/><E107/><V10/><F10/><W101/><G101/><AGARI ba="2,2" hai="94,95,96,98,101,103,116,119" m="42135,49161" machi="101" ten="30,1000,0" yaku="19,1" doraHai="108" who="0" fromWho="3" sc="219,36,452,0,26,0,283,-16" /><INIT seed="6,0,0,4,5,18" ten="255,452,26,267" oya="2" hai0="39,105,31,12,80,112,95,64,58,43,46,81,109" hai1="59,116,38,121,100,40,44,114,71,135,33,62,24" hai2="28,61,74,1,67,51,130,128,20,97,63,9,99" hai3="15,16,65,134,34,82,102,111,78,22,93,26,133"/><V5/><F74/><W68/><G111/><T45/><D105/><U132/><E116/><V85/><F51/><W53/><G68/><T19/><D109/><U75/><E75/><V120/><F120/><W73/><G65/><T27/><D112/><U4/><E4/><V92/><F85/><W79/><G79/><T70/><D70/><U89/><E100/><V41/><F41/><W101/><G53/><T36/><D95/><U131/><E89/><V123/><F123/><W126/><G126/><T119/><D119/><U8/><E8/><V50/><F50/><W124/><G124/><T117/><D117/><U110/><E24/><N who="2" m="16391" /><F63/><W54/><G54/><T25/><D45/><U125/><E33/><V103/><F97/><W21/><G34/><T52/><D39/><U69/><E121/><V106/><F106/><W83/><G83/><T11/><D80/><U66/><E110/><V108/><F108/><W91/><G91/><T32/><D81/><U60/><E114/><V87/><F87/><W35/><G35/><T98/><D98/><U49/><E125/><V94/><F94/><W90/><G90/><T2/><D32/><U72/><E72/><V10/><F10/><W55/><G55/><T127/><D11/><U96/><E96/><V104/><F104/><W115/><G115/><T57/><D127/><U14/><E49/><V37/><F37/><W0/><G93/><T84/><D43/><U6/><E60/><V29/><F29/><N who="3" m="17615" /><G101/><T113/><D36/><U48/><E38/><V3/><F3/><W122/><G0/><T129/><D2/><U107/><E62/><RYUUKYOKU ba="0,0" sc="255,-10,452,-10,26,30,267,-10" hai2="1,5,9,61,67,92,99,103,128,130" /><INIT seed="6,1,0,4,0,68" ten="245,442,56,257" oya="2" hai0="55,83,90,128,80,15,103,60,5,10,23,105,46" hai1="118,119,73,24,133,44,79,21,96,31,74,114,2" hai2="111,95,39,35,4,63,72,12,28,42,70,81,65" hai3="98,26,64,53,61,57,38,17,91,132,11,29,101"/><V76/><F111/><W22/><G132/><T104/><D128/><U71/><E2/><V129/><F129/><W120/><G120/><T121/><D121/><U16/><E71/><V117/><F117/><W134/><G134/><T89/><D23/><U88/><E114/><V100/><F12/><N who="3" m="7327" /><G91/><T108/><D108/><U94/><E133/><V97/><F4/><W59/><G59/><T51/><D60/><U69/><E69/><V107/><F95/><N who="3" m="58591" /><G53/><T135/><D135/><U126/><E126/><V67/><F67/><W36/><AGARI ba="1,0" hai="22,26,29,36,38,57,61,64" m="58591,7327" machi="36" ten="30,4000,0" yaku="25,1,52,2" doraHai="68" who="3" fromWho="3" sc="245,-11,442,-11,56,-21,257,43" /><INIT seed="7,0,0,3,2,128" ten="234,431,35,300" oya="3" hai0="21,100,44,94,133,2,66,135,60,116,71,130,48" hai1="51,25,81,61,37,8,55,36,28,47,62,27,42" hai2="132,12,126,124,125,110,103,119,7,89,111,40,10" hai3="15,121,13,41,101,131,77,53,9,68,107,18,20"/><W35/><G107/><T69/><D2/><U118/><E118/><V0/><F89/><W82/><G101/><T29/><D130/><U102/><E37/><V117/><F103/><W115/><G68/><T45/><D116/><U105/><E81/><V33/><F40/><W92/><G41/><T64/><D64/><U88/><E102/><V6/><F33/><W83/><G121/><T112/><D69/><U38/><E38/><V78/><F78/><W63/><G131/><T79/><D79/><U46/><E105/><V11/><F12/><W84/><G115/><T120/><D120/><U72/><E72/><V129/><F129/><W52/><G35/><T22/><D112/><U73/><E73/><V57/><F57/><N who="3" m="35239" /><G53/><N who="0" m="29831" /><D45/><U58/><E46/><V1/><REACH who="2" step="1"/><F132/><REACH who="2" ten="234,431,25,300" step="2"/><N who="0" m="50762" /><D29/><U17/><E28/><V24/><F24/><W39/><G77/><T26/><D26/><U3/><E27/><V14/><F14/><W49/><G13/><T32/><D32/><U16/><E25/><V108/><AGARI ba="0,1" hai="0,1,6,7,10,11,108,110,111,117,119,124,125,126" machi="108" ten="40,16000,3" yaku="1,1,0,1,9,1,18,1,23,2,34,3,53,0" doraHai="128" doraHaiUra="106" who="2" fromWho="2" sc="234,-40,431,-40,25,170,300,-80" owari="194,-31.0,391,49.0,195,-20.0,220,2.0" /></mjloggm>