<mjloggm ver="2.3"><GO type="169" lobby="0"/><UN n0="%67%6F%75%73%69" n1="%E3%83%81%E3%83%93%E3%82%BF%E3%83%99%E3%83%83%E3%82%AD%E3%82%AA" n2="%E3%82%A6%E3%83%AB%E3%83%88%E3%83%A9%E7%AB%8B%E7%9B%B4" n3="%41%79%6F%75%46" dan="16,16,17,18" rate="2071.72,2037.01,2156.47,2259.78" sx="M,M,M,M"/><TAIKYOKU oya="0"/><INIT seed="0,0,0,2,3,5" ten="250,250,250,250" oya="0" hai0="15,34,19,92,8,80,9,103,130,90,53,13,67" hai1="129,33,44,107,125,133,112,94,48,114,101,131,78" hai2="45,77,79,1,50,82,56,29,81,74,59,109,86" hai3="116,3,28,100,72,95,122,7,58,31,0,35,76"/><T132/><D34/><U12/><E33/><V126/><F126/><W124/><G116/><T26/><D132/><U24/><E107/><V84/><F109/><W62/><G124/><T115/><D115/><N who="1" m="44075" /><E125/><V113/><F113/><W93/><G72/><T60/><D130/><U52/><E78/><V42/><F74/><W121/><G76/><T85/><D26/><U46/><E133/><V68/><F68/><W27/><G31/><T128/><D128/><U123/><E24/><V51/><F1/><W43/><G43/><T25/><D25/><U70/><E70/><V119/><F119/><W40/><G40/><T38/><D38/><U83/><E83/><V127/><F127/><W16/><G100/><T99/><D53/><U37/><E37/><V98/><F29/><W2/><G7/><T102/><D60/><U10/><E46/><V71/><F71/><W55/><REACH who="3" step="1"/><G16/><REACH who="3" ten="250,250,250,240" step="2"/><N who="0" m="8231" /><D67/><U64/><E64/><V21/><F42/><W97/><G97/><T105/><D105/><U89/><E101/><AGARI ba="0,1" hai="9,15,19,80,85,90,92,99,101,102,103" m="8231" machi="101" ten="30,11600,0" yaku="8,1,52,2,54,1" doraHai="5" who="0" fromWho="1" sc="250,126,250,-116,250,0,240,0" /><INIT seed="0,1,0,1,3,103" ten="376,134,250,240" oya="0" hai0="40,11,128,30,24,16,100,124,71,83,111,20,26" hai1="77,79,8,107,52,49,61,5,57,64,88,96,95" hai2="74,27,82,102,92,15,12,37,133,17,45,29,21" hai3="80,14,101,25,134,129,65,130,94,109,34,55,120"/><T72/><D71/><U86/><E107/><V53/><F133/><W70/><G134/><T41/><D100/><U84/><E79/><V98/><F37/><W126/><G80/><T10/><D72/><U18/><E18/><V28/><F74/><W43/><G43/><T59/><D124/><U106/><E106/><V54/><F82/><W0/><G0/><T4/><D83/><U50/><E77/><V91/><F102/><W2/><G2/><T119/><D119/><U67/><E50/><N who="2" m="28879" /><F54/><W68/><G126/><T114/><D114/><U112/><E112/><V32/><F32/><W44/><G109/><T117/><D117/><U51/><E51/><V118/><F118/><W87/><G65/><T116/><D116/><U78/><E78/><V75/><F75/><W63/><G14/><AGARI ba="1,0" hai="12,14,15,17,21,27,28,29,91,92,98" m="28879" machi="14" ten="30,1000,0" yaku="8,1" doraHai="103" who="2" fromWho="3" sc="376,0,134,0,250,13,240,-13" /><INIT seed="1,0,0,0,3,17" ten="376,134,263,227" oya="1" hai0="76,73,128,20,133,70,125,18,40,122,14,85,56" hai1="90,117,82,98,28,127,29,126,71,81,58,104,116" hai2="74,8,67,69,114,35,123,131,11,87,0,59,101" hai3="19,77,84,112,7,108,62,53,41,1,5,61,45"/><U129/><E71/><V22/><F74/><W33/><G33/><T57/><D70/><U83/><E58/><V50/><F35/><W120/><G112/><T36/><D73/><U55/><E55/><N who="2" m="32247" /><F0/><W124/><G120/><T89/><D76/><U93/><E129/><V99/><F69/><W12/><G1/><T111/><D122/><U43/><E43/><V132/><F123/><W54/><G108/><T130/><D111/><U60/><E60/><N who="3" m="23146" /><G124/><N who="1" m="47658" /><E104/><V72/><F72/><W94/><G41/><T37/><D125/><U38/><E38/><N who="0" m="14953" /><D40/><U64/><E64/><V78/><F67/><W6/><G45/><T91/><D91/><U119/><AGARI ba="0,0" hai="28,29,81,82,83,90,93,98,116,117,119" m="47658" machi="119" ten="40,2100,0" yaku="18,1" doraHai="17" who="1" fromWho="1" sc="376,-7,134,21,263,-7,227,-7" /><INIT seed="1,1,0,2,4,111" ten="369,155,256,220" oya="1" hai0="25,83,63,86,66,78,1,48,104,72,27,32,130" hai1="73,95,3,99,0,16,100,84,57,60,8,49,37" hai2="6,29,11,114,24,33,118,50,93,121,23,71,7" hai3="9,39,38,113,51,96,135,31,67,61,116,126,2"/><U64/><E73/><V10/><F71/><W12/><G2/><T22/><D1/><U101/><E37/><V80/><F93/><W45/><G113/><T109/><D104/><U106/><E106/><V74/><F50/><W34/><G135/><T120/><D120/><U102/><E84/><V75/><F80/><W107/><G126/><T132/><D109/><U52/><E3/><N who="2" m="351" /><F75/><W53/><G116/><T110/><D110/><U129/><E129/><V42/><F42/><W58/><G31/><T55/><D32/><U54/><E54/><V35/><F74/><W97/><G34/><N who="2" m="12809" /><F118/><W56/><G107/><T70/><D27/><U131/><E131/><V94/><F94/><W122/><G122/><T124/><D130/><U77/><E77/><V28/><F121/><W68/><G56/><T85/><D132/><U79/><E79/><V123/><F123/><W44/><G45/><T117/><D124/><U62/><E62/><V41/><F41/><N who="3" m="22583" /><G39/><T26/><D26/><U65/><E65/><V92/><F92/><W5/><AGARI ba="1,0" hai="5,9,12,51,53,58,61,67,68,96,97" m="22583" machi="5" ten="30,1100,0" yaku="24,1" doraHai="111" who="3" fromWho="3" sc="369,-4,155,-6,256,-4,220,14" /><INIT seed="2,0,0,4,1,111" ten="365,149,252,234" oya="2" hai0="29,114,78,87,101,34,33,84,71,104,20,110,70" hai1="79,55,97,130,31,40,123,63,112,13,37,67,42" hai2="106,133,6,46,93,16,3,120,122,115,19,43,129" hai3="81,45,17,30,126,128,49,94,0,98,9,22,74"/><V92/><F106/><W54/><G128/><T113/><D20/><U76/><E123/><V134/><F129/><W27/><G126/><T62/><D110/><U91/><E130/><V5/><F3/><W121/><G121/><N who="2" m="46697" /><F46/><W132/><G132/><N who="2" m="50793" /><F43/><W48/><G74/><T12/><D12/><U99/><E42/><V56/><F56/><W117/><G117/><T103/><D29/><U72/><E31/><V64/><F64/><W15/><G81/><T59/><D59/><U124/><E67/><V26/><F26/><W28/><G0/><T85/><D78/><U50/><E79/><V100/><F100/><N who="0" m="38474" /><D62/><U52/><E76/><V14/><F14/><W2/><G2/><T18/><D18/><N who="2" m="6698" /><F115/><N who="0" m="44042" /><D104/><U21/><E112/><V77/><F77/><W89/><G49/><T41/><D41/><U24/><E50/><V105/><F105/><W66/><G66/><T95/><D95/><AGARI ba="0,0" hai="5,6,92,93,95" m="6698,50793,46697" machi="95" ten="40,12000,1" yaku="28,2,20,1,54,1" doraHai="111" who="2" fromWho="0" sc="365,-120,149,0,252,120,234,0" /><INIT seed="2,1,0,1,1,54" ten="245,149,372,234" oya="2" hai0="110,99,10,105,23,3,115,17,62,2,51,97,12" hai1="135,94,82,19,18,47,37,43,75,48,58,96,69" hai2="29,63,66,107,114,123,65,15,124,34,117,120,31" hai3="131,24,77,16,76,32,9,38,89,13,5,85,68"/><V20/><F117/><W102/><G38/><T71/><D115/><U74/><E69/><V67/><F114/><W133/><G68/><T91/><D110/><U28/><E28/><V100/><F124/><W4/><G102/><T25/><D51/><U116/><E116/><V60/><F15/><W53/><G131/><T113/><D113/><U61/><E37/><V46/><F46/><W132/><G32/><T22/><D22/><U92/><E135/><N who="3" m="51786" /><G53/><T40/><D40/><U8/><E94/><V41/><F41/><W98/><G98/><T50/><D50/><U45/><E45/><V122/><F34/><W81/><G24/><T83/><D99/><U78/><E75/><V56/><F100/><W84/><G77/><T118/><D118/><U21/><E21/><V104/><F20/><W72/><G84/><T64/><D105/><U87/><E8/><V33/><F33/><W1/><G1/><T109/><D109/><U30/><E74/><V44/><F44/><W134/><G134/><T106/><D106/><N who="2" m="40490" /><F56/><W130/><G130/><T108/><D108/><U101/><REACH who="1" step="1"/><E30/><AGARI ba="1,0" hai="29,30,31,60,63,65,66,67,120,122,123" m="40490" machi="30" ten="40,3900,0" yaku="28,2" doraHai="54" who="2" fromWho="1" sc="245,0,149,-42,372,42,234,0" /><INIT seed="2,2,0,1,1,5" ten="245,107,414,234" oya="2" hai0="99,113,114,23,103,71,104,41,29,0,105,85,122" hai1="10,6,27,34,21,60,110,52,107,83,26,72,18" hai2="67,66,117,57,116,7,8,37,133,68,17,73,36" hai3="131,108,2,14,51,43,94,82,93,53,40,39,91"/><V126/><F73/><W63/><G2/><T121/><D41/><U50/><E107/><V120/><F120/><W98/><G39/><T30/><D71/><U24/><E110/><V70/><F17/><W12/><G131/><T38/><D38/><U15/><E60/><V87/><F87/><W42/><G63/><T46/><D46/><U96/><E96/><V135/><F7/><W48/><G108/><T130/><D0/><U55/><E34/><V124/><F8/><W4/><G82/><T33/><D33/><U74/><E55/><V31/><F31/><W9/><G14/><T35/><D35/><U25/><REACH who="1" step="1"/><E83/><REACH who="1" ten="245,97,414,234" step="2"/><V11/><F116/><W88/><G53/><T125/><D99/><AGARI ba="2,1" hai="4,9,12,40,42,43,48,51,88,91,93,94,98,99" machi="99" ten="40,8000,1" yaku="9,1,8,1,52,1,54,1" doraHai="5" who="3" fromWho="0" sc="245,-86,97,0,414,0,234,96" /><INIT seed="3,0,0,1,5,62" ten="159,97,414,330" oya="3" hai0="36,76,84,10,75,99,58,121,81,126,32,61,30" hai1="44,74,48,109,124,86,110,91,7,65,82,46,104" hai2="41,129,131,60,83,98,35,15,37,70,49,2,125" hai3="31,38,69,52,57,63,39,102,14,4,87,100,54"/><W77/><G31/><T88/><D126/><U93/><E104/><V9/><F35/><W101/><G69/><T127/><D127/><U78/><E124/><V8/><F125/><W20/><G39/><T29/><D36/><U103/><E7/><V90/><F37/><W55/><G38/><T11/><D121/><U6/><E6/><V122/><F122/><W116/><G116/><T18/><D99/><U27/><E27/><V132/><F2/><W118/><G118/><T17/><D32/><U119/><E103/><V135/><F49/><W94/><G20/><T45/><D45/><U24/><E24/><V97/><F41/><W16/><G4/><T114/><D114/><U80/><E80/><V66/><F83/><N who="3" m="47599" /><G94/><T12/><D76/><U42/><E119/><V33/><F33/><W21/><AGARI ba="0,0" hai="14,16,21,52,54,55,57,63,100,101,102" m="47599" machi="21" ten="30,6000,0" yaku="8,1,54,2" doraHai="62" who="3" fromWho="3" sc="159,-20,97,-20,414,-20,330,60" /><INIT seed="3,1,0,4,3,91" ten="139,77,394,390" oya="3" hai0="132,42,121,125,3,58,31,16,108,83,130,33,38" hai1="29,32,75,112,44,134,63,0,72,115,68,56,37" hai2="40,59,127,93,70,96,62,103,23,47,18,113,61" hai3="10,50,129,79,21,27,48,64,119,54,73,128,117"/><W9/><G64/><T53/><D121/><U107/><E0/><V78/><F113/><W25/><G79/><T116/><D116/><U43/><E107/><V99/><F127/><W35/><G21/><T84/><D3/><U57/><E134/><V100/><F78/><W46/><G46/><T66/><D31/><U52/><E68/><V67/><F62/><W4/><G54/><T77/><D33/><U124/><E124/><V85/><F85/><W122/><G4/><T106/><D106/><U135/><E135/><V92/><F70/><W8/><G35/><T14/><D130/><N who="3" m="50281" /><G73/><T6/><D6/><U20/><E32/><V111/><F111/><W34/><G34/><T118/><D108/><U87/><E20/><V12/><F47/><W126/><G122/><T90/><D66/><U22/><E75/><V102/><F40/><W2/><G2/><T13/><D132/><U15/><E72/><V39/><F39/><W123/><G123/><T26/><D42/><U81/><E57/><V74/><F74/><W120/><G120/><T105/><D38/><U88/><REACH who="1" step="1"/><E29/><REACH who="1" ten="139,67,394,390" step="2"/><V86/><F86/><W110/><G110/><T36/><D84/><U80/><E80/><V55/><F67/><W82/><G82/><T49/><D83/><U104/><E104/><V51/><F61/><W28/><G28/><T98/><D105/><U109/><E109/><V65/><F65/><W71/><G71/><T133/><D133/><U97/><E97/><AGARI ba="1,1" hai="12,18,23,51,55,59,92,93,96,97,99,100,102,103" machi="97" ten="40,5200,0" yaku="8,1,52,2" doraHai="91" who="2" fromWho="1" sc="139,0,67,-55,394,65,390,0" /><INIT seed="4,0,0,3,2,113" ten="139,12,459,390" oya="0" hai0="22,111,40,32,26,10,5,81,83,6,134,72,90" hai1="3,93,94,51,66,91,128,80,9,104,4,73,62" hai2="70,2,27,33,114,103,127,0,86,42,109,126,67" hai3="41,57,15,7,37,46,65,89,107,106,56,59,23"/><T31/><D134/><U100/><E128/><V24/><F109/><W36/><G65/><T120/><D120/><U117/><E117/><V101/><F114/><W38/><G89/><T131/><D131/><U47/><E104/><V71/><F42/><W21/><G7/><T82/><D111/><U115/><E115/><V11/><F86/><W97/><G15/><T76/><D5/><U132/><E132/><V119/><F67/><W12/><G12/><T124/><D124/><U64/><E100/><V63/><F63/><W25/><G97/><T135/><D135/><U52/><E66/><V129/><F129/><W105/><G25/><T14/><D90/><U95/><E73/><V85/><F85/><W112/><G112/><T17/><REACH who="0" step="1"/><D40/><REACH who="0" ten="129,12,459,390" step="2"/><U43/><E80/><V121/><F121/><W28/><G28/><T123/><D123/><U55/><REACH who="1" step="1"/><E91/><REACH who="1" ten="129,2,459,390" step="2"/><V110/><F110/><W74/><G74/><T50/><D50/><AGARI ba="0,2" hai="21,23,36,37,38,41,46,50,56,57,59,105,106,107" machi="50" ten="50,3200,0" yaku="29,2" doraHai="113" who="3" fromWho="0" sc="129,-32,2,0,459,0,390,52" /><INIT seed="5,0,0,0,3,129" ten="97,2,459,442" oya="1" hai0="17,115,69,72,81,27,83,60,54,16,88,73,67" hai1="108,55,125,94,99,10,96,5,75,56,85,104,38" hai2="122,128,26,58,109,100,21,82,64,127,130,101,12" hai3="102,45,111,57,24,78,29,86,61,34,42,110,92"/><U105/><E38/><V7/><F122/><W79/><G102/><T87/><D115/><U9/><E75/><V131/><F109/><W91/><G79/><T74/><D54/><U36/><E36/><V47/><F127/><W107/><G107/><T133/><D133/><U120/><E120/><V49/><F82/><W19/><G19/><T31/><REACH who="0" step="1"/><D81/><REACH who="0" ten="87,2,459,442" step="2"/><U65/><E125/><V53/><F53/><W22/><G78/><T37/><D37/><U3/><E108/><V62/><F130/><W113/><G113/><T63/><D63/><U71/><E65/><V117/><F62/><W32/><G111/><T11/><D11/><U51/><E71/><V13/><F64/><W66/><G110/><T2/><D2/><U6/><E85/><V114/><F114/><W134/><G134/><T126/><D126/><U135/><E135/><V4/><F131/><W90/><G91/><T30/><D30/><U25/><E25/><V35/><F26/><W48/><AGARI ba="0,1" hai="22,24,29,32,34,42,45,48,57,61,66,86,90,92" machi="48" ten="20,1500,0" yaku="0,1,7,1" doraHai="129" who="3" fromWho="3" sc="87,-4,2,-7,459,-4,442,25" owari="83,-32.0,-5,-51.0,455,26.0,467,57.0" /></mjloggm>