<mjloggm ver="2.3"><GO type="41" lobby="0"/><UN n0="%4D%79%61%6D%61" n1="%E5%B0%B1%E6%B4%BB%E7%94%9F%40%E5%B7%9D%E6%9D%91%E8%BB%8D%E5%9B%A3" n2="%E3%82%AD%E3%83%A3%E3%83%90%E3%82%AF%E3%83%A9%E5%B9%95%E5%BA%9C" n3="%E5%88%B9%E9%82%A3%E3%81%AE%E5%A3%B0" dan="13,15,13,16" rate="1938.92,1999.09,1885.33,2215.37" sx="M,M,M,M"/><TAIKYOKU oya="0"/><INIT seed="0,0,0,4,2,85" ten="250,250,250,250" oya="0" hai0="90,78,86,127,125,6,73,8,99,100,54,111,79" hai1="7,92,32,37,63,61,18,82,24,132,49,62,69" hai2="135,83,1,15,41,12,118,114,97,109,57,68,117" hai3="27,43,108,122,124,10,71,60,70,17,28,56,50"/><T64/><D64/><U33/><E37/><V4/><F114/><W20/><G122/><T51/><D73/><U0/><E132/><V102/><F109/><W128/><G108/><T110/><D6/><U104/><E69/><V72/><F68/><W11/><G128/><T88/><D8/><U48/><E104/><V14/><F41/><W5/><G124/><N who="0" m="47691" /><D51/><U80/><E0/><V76/><F57/><W101/><G70/><T106/><D54/><U59/><E7/><V25/><F25/><W35/><G71/><T107/><D111/><U66/><E66/><V38/><F38/><W26/><G5/><T22/><D22/><U87/><E33/><V23/><F23/><W13/><G50/><T67/><D110/><U115/><E115/><V42/><F135/><W123/><G43/><T126/><N who="0" m="47699" /><T47/><DORA hai="74" /><D47/><U94/><E49/><V31/><F42/><W77/><G27/><T91/><D67/><U34/><E34/><V53/><F53/><W89/><G11/><T120/><D120/><U112/><E112/><V9/><F1/><W40/><G10/><T131/><D131/><U103/><E32/><V84/><F72/><W133/><G40/><T134/><D134/><U96/><E48/><V3/><F31/><W98/><G123/><T58/><D58/><U46/><E46/><V129/><F129/><W2/><G56/><T113/><D113/><U116/><E59/><V93/><AGARI ba="0,0" hai="3,4,9,12,14,15,76,83,84,93,97,102,117,118" machi="93" ten="30,2000,0" yaku="0,1,52,1" doraHai="85,74" who="2" fromWho="2" sc="250,-10,250,-5,250,20,250,-5" /><INIT seed="1,0,0,5,2,30" ten="240,245,270,245" oya="1" hai0="80,69,105,131,10,113,59,129,122,49,28,65,128" hai1="15,51,12,7,108,41,92,0,111,4,6,132,110" hai2="61,98,38,35,55,85,82,86,53,33,93,48,118" hai3="57,66,21,78,20,13,26,71,74,120,130,112,72"/><U58/><E132/><V124/><F38/><W76/><G71/><T36/><D105/><U42/><E0/><V119/><F124/><W95/><G120/><T45/><D28/><U39/><E39/><V62/><F93/><W23/><G112/><T67/><D10/><U101/><E58/><V91/><F91/><W88/><G130/><T99/><D99/><N who="1" m="59623" /><E51/><V96/><REACH who="2" step="1"/><F48/><REACH who="2" ten="240,245,260,245" step="2"/><W11/><G88/><T84/><D36/><U64/><E64/><V90/><F90/><W43/><G95/><T19/><D122/><U121/><E121/><V97/><F97/><W47/><G66/><T22/><D113/><U31/><E31/><V34/><F34/><W29/><G29/><T17/><D69/><U32/><E32/><V1/><F1/><W126/><G126/><T115/><D115/><U109/><N who="1" m="28160" /><DORA hai="40" /><U68/><E68/><V79/><F79/><W46/><G76/><N who="0" m="46087" /><D67/><U8/><E8/><V9/><F9/><W63/><G78/><T2/><D2/><U100/><E100/><V133/><F133/><W114/><G11/><T54/><D65/><U94/><E94/><V44/><F44/><W27/><G47/><T14/><D45/><U25/><E42/><V75/><F75/><W102/><G74/><T77/><D77/><U16/><E41/><V123/><F123/><W60/><G43/><T107/><D107/><U135/><E135/><V5/><F5/><W127/><G114/><T73/><D73/><U117/><E117/><V89/><F89/><W37/><G72/><T3/><D3/><U103/><E103/><V87/><F87/><W104/><G127/><RYUUKYOKU ba="0,1" sc="240,10,245,10,260,10,245,-30" hai0="14,17,19,22,49,54,59,128,129,131" hai1="4,6,7,12,15,16,25" hai2="33,35,53,55,61,62,82,85,86,96,98,118,119" /><INIT seed="1,1,1,4,4,131" ten="250,255,270,215" oya="1" hai0="101,89,10,43,3,75,123,50,120,91,66,124,65" hai1="51,112,74,94,107,6,93,77,116,40,61,37,125" hai2="22,12,97,4,104,57,102,88,106,2,7,11,132" hai3="15,134,55,41,87,31,73,39,54,34,85,13,126"/><U115/><E107/><V109/><F109/><W76/><G73/><T45/><D75/><U119/><E37/><V44/><F44/><W95/><G39/><T111/><D111/><U20/><E74/><V62/><F132/><W122/><G41/><T24/><D24/><U90/><E77/><V32/><F32/><W103/><G126/><T0/><D101/><U56/><E125/><V128/><F128/><W29/><G122/><N who="0" m="46635" /><D124/><U86/><E6/><V83/><F22/><W1/><G1/><N who="0" m="587" /><D10/><U135/><E135/><V27/><F27/><W71/><G34/><T105/><D105/><U69/><E69/><V33/><F33/><W81/><G71/><T96/><D96/><U64/><E20/><V21/><F21/><W67/><G103/><T79/><D79/><U42/><E94/><V19/><F2/><W23/><G134/><T36/><D36/><U63/><E63/><V72/><F72/><W133/><G133/><T30/><D30/><U47/><REACH who="1" step="1"/><E40/><REACH who="1" ten="250,245,270,215" step="2"/><V68/><F106/><W108/><G95/><T14/><D14/><N who="3" m="5129" /><G23/><T48/><D48/><U82/><E82/><V60/><F60/><W8/><G81/><T17/><D17/><U78/><E78/><V84/><F68/><W58/><G76/><T129/><D129/><U117/><AGARI ba="1,2" hai="42,47,51,56,61,64,86,90,93,112,115,116,117,119" machi="117" ten="30,6000,0" yaku="1,1,0,1,53,1" doraHai="131" doraHaiUra="52" who="1" fromWho="1" sc="250,-21,245,83,270,-21,215,-21" /><INIT seed="1,2,0,1,1,98" ten="229,328,249,194" oya="1" hai0="43,7,78,27,109,83,57,88,6,73,126,90,9" hai1="53,132,50,20,121,86,99,118,56,75,64,110,0" hai2="58,129,96,26,66,120,46,113,84,54,76,15,62" hai3="19,29,72,8,125,44,81,97,85,128,106,17,32"/><U82/><E75/><V37/><F120/><W16/><G72/><T11/><D109/><U101/><E121/><V10/><F129/><W105/><G128/><T49/><D27/><U131/><E118/><V70/><F113/><W18/><G125/><T89/><D126/><U5/><E131/><V94/><F26/><W4/><G29/><T2/><D43/><U123/><E132/><V13/><F37/><W48/><G32/><T3/><D49/><U91/><E110/><V51/><F70/><W135/><G135/><T41/><D41/><U112/><E112/><V108/><F108/><W31/><G31/><T127/><D127/><U69/><E123/><V134/><F134/><W71/><G71/><T39/><D57/><U33/><E33/><V117/><F117/><W102/><G105/><T22/><REACH who="0" step="1"/><D22/><REACH who="0" ten="219,328,249,194" step="2"/><U24/><E69/><V38/><F38/><AGARI ba="2,1" hai="2,3,6,7,9,11,38,39,73,78,83,88,89,90" machi="38" ten="40,8000,1" yaku="1,1,2,1,9,1,54,1,53,0" doraHai="98" doraHaiUra="42" who="0" fromWho="2" sc="219,96,328,0,249,-86,194,0" /><INIT seed="2,0,0,5,5,64" ten="315,328,163,194" oya="2" hai0="16,55,110,78,71,30,132,60,88,41,53,6,72" hai1="66,39,35,47,54,95,130,11,2,91,51,59,79" hai2="92,83,115,17,65,9,45,20,76,15,99,3,68" hai3="36,52,134,46,102,0,90,124,75,61,37,98,84"/><V40/><F115/><W96/><G0/><T10/><D41/><U19/><E35/><V116/><F116/><W70/><G75/><T24/><D72/><U119/><E119/><V13/><F3/><W50/><G124/><T74/><D74/><U38/><E130/><V28/><F28/><W18/><G134/><T33/><D78/><U12/><E2/><V69/><F65/><W111/><G111/><T73/><D73/><U129/><E129/><V31/><F31/><W109/><G109/><T108/><D132/><U127/><E127/><V48/><F83/><W29/><G29/><T23/><D110/><U34/><E34/><V122/><F76/><W5/><G5/><T14/><D108/><U133/><E79/><V62/><F62/><W117/><G96/><T118/><D118/><U57/><E133/><V120/><F120/><W58/><G70/><T103/><D103/><U44/><E39/><V25/><F13/><W114/><G114/><T112/><D112/><U97/><E38/><V32/><F32/><W100/><G37/><T56/><D71/><U101/><E101/><V105/><F105/><W135/><G36/><T63/><D88/><U125/><E125/><V94/><F122/><W89/><G117/><T80/><D80/><U26/><E26/><V106/><F106/><W8/><G90/><T27/><D60/><AGARI ba="0,0" hai="11,12,19,44,47,51,54,57,59,60,66,91,95,97" machi="60" ten="40,1300,0" yaku="8,1" doraHai="64" who="1" fromWho="0" sc="315,-13,328,13,163,0,194,0" /><INIT seed="3,0,0,0,4,36" ten="302,341,163,194" oya="3" hai0="8,48,105,113,94,76,28,30,29,123,132,89,103" hai1="84,43,11,32,119,56,99,128,111,2,24,96,112" hai2="64,69,47,95,133,81,44,33,93,116,122,52,66" hai3="72,63,41,3,9,39,135,100,40,23,4,80,22"/><W34/><G34/><T67/><D123/><U124/><E111/><V101/><F33/><W55/><G100/><T46/><D76/><U110/><E110/><V71/><F101/><W127/><G127/><T51/><D67/><U53/><E119/><V77/><F77/><N who="3" m="44071" /><G41/><T7/><D132/><U106/><E112/><V59/><F81/><W25/><G25/><T20/><D103/><U31/><E124/><V54/><F133/><W130/><G130/><T109/><D105/><U18/><E128/><V19/><F19/><W87/><G87/><T79/><D79/><U121/><E121/><V75/><F75/><W115/><G115/><T131/><D131/><U120/><E106/><V49/><F95/><W107/><G107/><T37/><D37/><U17/><E43/><V10/><F10/><W26/><G26/><T13/><D48/><U60/><E120/><V86/><F86/><W134/><G22/><T21/><D109/><U15/><E2/><V16/><F16/><W14/><G23/><T65/><D65/><N who="2" m="25194" /><F93/><W5/><G14/><T0/><D0/><U92/><E18/><V85/><F85/><W50/><G5/><T78/><D78/><U126/><E126/><V6/><F6/><W73/><G73/><T68/><D113/><U129/><E129/><V35/><F35/><W57/><G39/><T83/><D83/><U74/><E74/><V91/><F122/><W42/><G134/><T98/><D21/><U118/><E118/><V114/><F114/><W62/><G135/><T27/><D20/><U108/><E108/><V38/><F116/><W12/><G3/><RYUUKYOKU ba="0,0" sc="302,-15,341,15,163,-15,194,15" hai1="11,15,17,24,31,32,53,56,60,84,92,96,99" hai3="4,9,12,40,42,50,55,57,62,63" /><INIT seed="3,1,0,2,2,32" ten="287,356,148,209" oya="3" hai0="68,45,90,53,74,58,7,47,92,35,106,123,49" hai1="98,19,84,60,55,131,100,9,29,88,73,56,119" hai2="59,83,105,24,134,76,86,5,51,13,41,20,120" hai3="75,71,16,79,3,22,46,81,33,27,93,130,69"/><W17/><G130/><T121/><D35/><U28/><E73/><V87/><F105/><W115/><G115/><T72/><D106/><U101/><E131/><V103/><F134/><W78/><G33/><T118/><D68/><U2/><E119/><V12/><F120/><W114/><G114/><T85/><D118/><U96/><E2/><V64/><F103/><N who="1" m="39497" /><E9/><V11/><F13/><W6/><G78/><T57/><D7/><U113/><E19/><V36/><F36/><W52/><G93/><T70/><D70/><U65/><E65/><V54/><F87/><W61/><G17/><T23/><D72/><U80/><E113/><V97/><F97/><AGARI ba="1,0" hai="28,29,55,56,60,80,84,88,96,97,98" m="39497" machi="97" ten="30,2000,0" yaku="8,1,54,1" doraHai="32" who="1" fromWho="2" sc="287,0,356,23,148,-23,209,0" /><INIT seed="4,0,0,3,1,17" ten="287,379,125,209" oya="0" hai0="105,72,15,82,135,39,18,118,111,8,70,68,66" hai1="58,119,98,24,9,60,87,128,53,84,134,12,38" hai2="54,130,99,56,37,112,97,45,61,92,51,2,120" hai3="80,5,0,40,104,124,109,11,28,90,20,133,14"/><T95/><D105/><U48/><E38/><V127/><F120/><W47/><G104/><T50/><D39/><U65/><E119/><V89/><F2/><W69/><G69/><T3/><D68/><U33/><E134/><V6/><F6/><W73/><G109/><T63/><D118/><U107/><E128/><V59/><F130/><W132/><G124/><T71/><D71/><U64/><E64/><V52/><F127/><W101/><G101/><T103/><D111/><U74/><E74/><V76/><F76/><N who="3" m="44047" /><G90/><T13/><D3/><U116/><E116/><V115/><F37/><N who="3" m="21903" /><G14/><T31/><D31/><U125/><E125/><V44/><REACH who="2" step="1"/><F99/><REACH who="2" ten="287,379,115,209" step="2"/><W121/><G121/><T41/><D135/><U1/><E98/><V10/><F10/><W122/><G122/><T62/><D8/><U126/><E1/><V29/><F29/><W27/><AGARI ba="0,1" hai="0,5,11,20,27,28,132,133" m="21903,44047" machi="27" ten="30,2000,0" yaku="25,1,52,1" doraHai="17" who="3" fromWho="3" sc="287,-10,379,-5,115,-5,209,30" /><INIT seed="5,0,0,1,1,9" ten="277,374,110,239" oya="1" hai0="83,21,115,90,79,44,54,65,14,126,69,131,95" hai1="117,37,133,18,39,17,10,106,36,114,6,24,20" hai2="28,116,3,30,72,96,7,70,84,0,42,125,57" hai3="130,26,111,5,105,25,33,98,128,91,135,29,11"/><U101/><E117/><V2/><F116/><W51/><G51/><T27/><D115/><U61/><E133/><V74/><F70/><W48/><G48/><T119/><D119/><U132/><E132/><V46/><F7/><W22/><G135/><T60/><D44/><U112/><E106/><V120/><F120/><W63/><G63/><T104/><D104/><U81/><E101/><V43/><F125/><W71/><G71/><T45/><D126/><U59/><E81/><V77/><F96/><W68/><G68/><T80/><D45/><U103/><E103/><V129/><F129/><N who="3" m="49771" /><G105/><T97/><D54/><U41/><E41/><V40/><F46/><W15/><G98/><T94/><D131/><U124/><E124/><V19/><F19/><N who="3" m="12511" /><G91/><T78/><D27/><U12/><REACH who="1" step="1"/><E6/><REACH who="1" ten="277,364,110,239" step="2"/><V86/><F77/><W58/><G5/><T50/><D79/><U113/><E113/><V121/><F121/><W53/><G111/><T75/><D80/><U118/><E118/><V38/><F38/><W122/><G122/><T88/><D83/><U32/><E32/><V100/><F100/><W47/><G33/><T85/><D78/><U8/><E8/><V134/><F134/><W123/><G11/><T99/><D75/><U56/><E56/><V107/><F107/><W52/><G47/><T89/><D85/><N who="2" m="32874" /><F57/><W66/><G58/><T23/><D69/><U109/><E109/><V108/><F108/><W16/><G123/><T92/><D97/><U31/><E31/><AGARI ba="0,1" hai="0,2,3,28,30,31,40,42,43,72,74" m="32874" machi="31" ten="40,2600,0" yaku="28,2" doraHai="9" who="2" fromWho="1" sc="277,0,364,-26,110,36,239,0" /><INIT seed="6,0,0,4,4,5" ten="277,338,146,239" oya="2" hai0="61,50,39,119,76,74,29,46,34,128,60,78,3" hai1="49,114,126,72,81,51,79,4,120,17,131,96,132" hai2="66,28,42,65,6,125,55,121,87,89,15,21,22" hai3="19,86,97,127,93,67,98,109,69,44,83,35,68"/><V58/><F121/><W52/><G109/><T59/><D39/><U38/><E38/><V115/><F115/><W56/><G35/><T12/><D3/><U124/><E114/><V2/><F2/><W10/><G68/><T18/><D74/><U110/><E120/><V112/><F112/><W111/><G69/><T116/><D60/><U88/><E110/><V63/><F42/><W91/><G127/><N who="1" m="48682" /><E4/><V70/><F125/><W130/><G130/><T23/><D128/><U85/><E96/><V47/><F47/><W104/><G104/><T90/><D90/><U134/><E17/><V0/><F0/><W129/><G129/><T30/><D76/><U94/><E131/><V13/><F70/><W40/><G67/><N who="2" m="25609" /><F28/><W122/><G122/><T80/><D80/><U24/><E24/><V133/><F133/><AGARI ba="0,0" hai="49,51,72,79,81,85,88,94,132,133,134" m="48682" machi="133" ten="30,3900,0" yaku="20,1,18,1,54,1" doraHai="5" who="1" fromWho="2" sc="277,0,338,39,146,-39,239,0" /><INIT seed="7,0,0,2,3,130" ten="277,377,107,239" oya="3" hai0="67,86,87,48,40,129,88,109,57,117,120,33,127" hai1="71,20,39,44,107,58,118,78,110,66,114,47,119" hai2="3,52,108,72,81,73,125,93,98,35,19,17,82" hai3="97,112,51,106,55,16,50,64,91,11,28,80,0"/><W76/><G28/><T68/><D33/><U10/><E107/><V89/><F108/><W26/><G64/><T2/><D2/><U30/><E110/><V133/><F3/><W104/><G0/><T105/><D105/><U36/><E114/><V113/><F35/><W77/><G112/><T22/><D117/><N who="1" m="44555" /><E10/><V34/><F34/><W92/><G104/><T83/><D68/><U101/><E101/><V70/><F70/><W8/><G106/><T123/><D109/><U128/><E78/><N who="3" m="30314" /><G80/><T6/><D6/><U31/><E128/><V74/><F113/><W124/><G51/><T96/><D96/><U132/><E71/><V60/><F125/><W61/><G61/><T122/><D127/><U9/><E9/><V69/><F69/><W79/><G79/><T85/><D40/><U90/><E47/><V32/><F32/><W59/><G124/><T13/><D129/><U5/><E44/><V43/><F43/><W131/><G131/><T18/><D67/><U27/><E31/><V23/><F82/><W63/><G50/><T134/><D57/><U49/><E49/><V75/><N who="2" m="18432" /><DORA hai="14" /><V99/><F81/><W84/><G84/><N who="0" m="32363" /><D48/><U100/><E66/><V24/><F99/><W126/><G126/><T115/><D115/><U94/><E30/><V54/><F60/><W56/><G56/><T37/><D37/><U4/><E39/><V62/><F62/><W29/><G29/><T53/><D123/><U41/><E41/><V38/><F38/><W102/><G102/><T45/><D122/><U116/><N who="1" m="44563" /><U135/><DORA hai="103" /><E36/><V46/><F46/><RYUUKYOKU ba="0,0" sc="277,-10,377,-10,107,-10,239,30" hai3="8,11,16,26,55,59,63,91,92,97" /><INIT seed="7,1,0,5,5,109" ten="267,367,97,269" oya="3" hai0="91,14,56,77,126,98,19,118,104,4,120,59,21" hai1="119,70,53,45,24,65,100,34,87,51,58,17,57" hai2="47,37,23,43,105,131,114,18,32,95,113,15,55" hai3="63,74,97,75,123,49,13,103,16,121,66,116,31"/><W110/><G116/><T41/><D118/><U132/><E119/><V39/><F105/><W33/><G110/><T99/><D120/><U64/><E132/><V112/><F32/><W130/><G130/><T84/><D104/><U26/><E34/><V48/><F131/><W11/><G74/><T20/><D41/><U96/><E87/><V67/><F67/><N who="1" m="25673" /><E70/><V46/><F39/><W7/><G75/><T134/><D134/><U135/><E135/><V82/><F95/><W52/><G31/><T81/><D126/><U93/><E17/><V35/><F35/><W83/><G83/><AGARI ba="1,0" hai="15,18,23,37,43,46,47,48,55,82,83,112,113,114" machi="83" ten="40,8000,1" yaku="15,1,52,3" doraHai="109" who="2" fromWho="3" sc="267,0,367,0,97,83,269,-83" owari="267,7.0,367,46.0,180,-32.0,186,-21.0" /></mjloggm>