<mjloggm ver="2.3"><GO type="97" lobby="0"/><UN n0="%E5%B0%B1%E6%B4%BB%E7%94%9F%40%E5%B7%9D%E6%9D%91%E8%BB%8D%E5%9B%A3" n1="%E9%9B%AA%E9%81%93" n2="%70%75%63%68%61%67%6F%6E" n3="%53%72%61%6D" dan="15,14,14,15" rate="1987.40,1989.40,1959.45,1995.95" sx="M,M,M,M"/><TAIKYOKU oya="0"/><INIT seed="0,0,0,3,0,113" ten="250,250,250,250" oya="0" hai0="115,112,107,18,69,132,48,82,26,100,8,73,81" hai1="64,94,74,126,101,37,55,7,97,95,88,43,127" hai2="124,41,125,58,117,106,40,39,110,49,99,46,66" hai3="90,13,14,38,61,109,71,91,1,72,70,123,51"/><T59/><D69/><U11/><E74/><V6/><F110/><W63/><G38/><T12/><D132/><U32/><E32/><V92/><F106/><W104/><G1/><T122/><D122/><U19/><E64/><V57/><F6/><W22/><G72/><T56/><D107/><U84/><E19/><V35/><F35/><W15/><G109/><T98/><D26/><U77/><E77/><V129/><F129/><W76/><G123/><T130/><D130/><U36/><E55/><N who="2" m="31983" /><F99/><W118/><G118/><T103/><D73/><U60/><E60/><N who="2" m="38167" /><F92/><W29/><G104/><T16/><D48/><U44/><REACH who="1" step="1"/><E36/><REACH who="1" ten="250,240,250,250" step="2"/><N who="2" m="21767" /><F117/><W30/><G30/><T67/><D67/><U28/><E28/><V133/><F133/><W111/><G76/><T27/><D27/><U79/><E79/><V45/><AGARI ba="0,1" hai="39,41,45,124,125" m="21767,38167,31983" machi="45" ten="30,2000,0" yaku="34,2" doraHai="113" who="2" fromWho="2" sc="250,-10,240,-5,250,30,250,-5" /><INIT seed="1,0,0,5,4,91" ten="240,235,280,245" oya="1" hai0="23,26,42,122,65,0,104,107,5,50,20,100,115" hai1="120,98,67,84,118,27,8,112,47,131,102,127,30" hai2="9,92,1,33,2,85,58,80,49,40,63,101,29" hai3="135,11,130,106,16,94,53,113,6,32,83,82,126"/><U77/><E112/><V14/><F33/><W28/><G106/><T123/><D115/><U64/><E118/><V93/><F29/><W41/><G113/><T59/><D0/><U7/><E120/><N who="0" m="46121" /><D5/><U69/><E131/><V68/><F68/><W133/><G41/><T114/><D114/><U110/><E127/><V17/><F2/><W24/><G126/><T15/><D15/><U22/><E110/><V44/><F1/><W34/><G34/><T86/><D86/><U90/><E77/><N who="2" m="46223" /><F101/><W54/><G130/><T60/><D100/><U36/><E69/><V75/><F75/><W95/><G6/><T103/><D103/><U89/><E36/><V78/><F78/><W66/><G66/><AGARI ba="0,0" hai="9,14,17,40,44,49,58,63,66,92,93" m="46223" machi="66" ten="30,3900,0" yaku="8,1,52,2" doraHai="91" who="2" fromWho="3" sc="240,0,235,0,280,39,245,-39" /><INIT seed="2,0,0,2,3,115" ten="240,235,319,206" oya="2" hai0="86,55,131,74,77,3,48,110,92,121,97,133,6" hai1="126,58,39,117,60,8,103,91,7,50,89,125,47" hai2="129,96,81,9,93,17,10,30,119,32,11,95,75" hai3="1,114,54,83,25,46,79,113,2,90,134,123,18"/><V40/><F119/><W65/><G123/><T49/><D121/><U127/><E39/><V76/><F129/><W53/><G134/><T33/><D33/><U31/><E103/><V124/><F124/><W122/><G122/><T51/><D74/><U37/><E31/><V12/><F40/><W4/><G90/><N who="0" m="55447" /><D110/><U104/><E117/><V102/><F93/><W80/><G65/><T5/><D3/><N who="3" m="1033" /><G4/><N who="0" m="1643" /><D133/><U34/><E34/><V19/><F12/><W28/><G18/><T62/><D62/><U98/><E37/><V107/><F95/><W16/><G28/><T132/><D131/><U73/><E73/><V101/><REACH who="2" step="1"/><F102/><REACH who="2" ten="240,235,309,206" step="2"/><W42/><G42/><T128/><D128/><U130/><E130/><V45/><F45/><W82/><G79/><T84/><D132/><U13/><E104/><V41/><F41/><W135/><G135/><T24/><D24/><AGARI ba="0,1" hai="9,10,11,17,19,24,30,32,75,76,81,96,101,107" machi="24" ten="40,2000,0" yaku="1,1,53,0" doraHai="115" doraHaiUra="120" who="2" fromWho="0" sc="240,-20,235,0,309,30,206,0" /><INIT seed="2,1,0,4,0,119" ten="220,235,339,206" oya="2" hai0="90,128,56,5,19,116,117,15,62,28,52,44,133" hai1="95,122,87,60,55,120,131,45,17,65,83,94,14" hai2="103,34,81,75,40,26,4,38,135,113,88,98,23" hai3="66,51,27,61,25,99,100,31,76,91,134,48,93"/><V104/><F113/><W105/><G134/><T96/><D133/><U58/><E131/><V80/><F135/><W101/><G101/><T13/><D128/><U67/><E45/><V127/><F127/><W107/><G76/><T79/><D79/><U46/><E46/><V97/><F4/><W42/><G105/><T121/><D121/><N who="1" m="46699" /><E95/><V110/><F110/><W70/><G42/><T33/><D33/><U77/><E94/><V8/><F8/><AGARI ba="1,0" hai="8,14,17,55,58,60,65,67,77,83,87" m="46699" machi="8" ten="30,7700,0" yaku="13,1,52,3" doraHai="119" who="1" fromWho="2" sc="220,0,235,80,339,-80,206,0" /><INIT seed="3,0,0,0,2,37" ten="220,315,259,206" oya="3" hai0="102,113,117,96,54,116,70,83,64,8,9,123,118" hai1="72,107,120,115,18,66,126,22,80,119,112,30,133" hai2="58,60,128,97,25,127,82,100,95,40,71,44,48" hai3="47,56,35,78,61,87,65,12,135,63,0,26,53"/><W5/><G135/><T7/><D123/><U57/><E120/><V50/><F128/><W31/><G0/><T131/><D131/><U111/><E133/><V110/><F127/><W41/><G5/><T34/><D34/><U104/><E126/><V73/><F110/><W88/><G78/><T77/><D113/><U132/><E111/><V4/><F71/><W125/><G12/><T24/><D24/><U45/><E30/><V10/><F25/><W49/><G125/><T3/><D54/><U15/><E132/><V46/><F73/><W124/><G124/><T13/><D64/><U85/><E72/><V62/><F82/><W51/><REACH who="3" step="1"/><G65/><REACH who="3" ten="220,315,259,196" step="2"/><T121/><D121/><U20/><E115/><V29/><F4/><W36/><G36/><T28/><D7/><U27/><E112/><V99/><F10/><W129/><G129/><T6/><D9/><U92/><E66/><V109/><F109/><W55/><G55/><T74/><D13/><U106/><E15/><V43/><F97/><W91/><G91/><T105/><D28/><U59/><E119/><V103/><F103/><W114/><G114/><T11/><D11/><U67/><E67/><N who="2" m="39319" /><F62/><W89/><G89/><T2/><D2/><U94/><E107/><V33/><F33/><W32/><G32/><T122/><D122/><U38/><E106/><V86/><F29/><W1/><G1/><T79/><D79/><U16/><E104/><V19/><F19/><W75/><G75/><T76/><D76/><U108/><E108/><V21/><F86/><W93/><AGARI ba="0,1" hai="26,31,35,41,47,49,51,53,56,61,63,87,88,93" machi="93" ten="20,18000,2" yaku="1,1,0,1,7,1,52,1,54,1,53,1" doraHai="37" doraHaiUra="39" who="3" fromWho="3" sc="220,-60,315,-60,259,-60,196,190" owari="160,-34.0,255,6.0,199,-20.0,386,48.0" /></mjloggm>