<mjloggm ver="2.3"><GO type="41" lobby="0"/><UN n0="%E9%A6%99%E3%81%B0%E3%81%97%E3%81%84%E3%82%AA%E3%83%83%E3%82%B5%E3%82%BD" n1="%E5%B0%B1%E6%B4%BB%E7%94%9F%40%E5%B7%9D%E6%9D%91%E8%BB%8D%E5%9B%A3" n2="%63%6B%62" n3="%4C%75%63%69%66%65%72%E2%98%86" dan="14,15,13,14" rate="1989.21,1988.59,1852.93,1929.79" sx="F,M,M,F"/><TAIKYOKU oya="0"/><INIT seed="0,0,0,1,1,50" ten="250,250,250,250" oya="0" hai0="134,78,15,65,57,101,135,55,89,37,22,95,107" hai1="69,92,112,123,54,24,79,63,29,28,130,17,91" hai2="62,30,61,74,96,46,131,68,105,132,45,94,8" hai3="12,102,56,31,133,34,73,38,21,129,49,99,16"/><T115/><D37/><U85/><E123/><V10/><F74/><W9/><G38/><T116/><D116/><U13/><E112/><V77/><F105/><W113/><G113/><T93/><D115/><U6/><E130/><V52/><F68/><W47/><G73/><T59/><D78/><U7/><E79/><V125/><F77/><W26/><G129/><T128/><D107/><U66/><E28/><V88/><F131/><W110/><G56/><T122/><D128/><U111/><E111/><V58/><F125/><W64/><G64/><T40/><D40/><U70/><E70/><V5/><F132/><W124/><G110/><T127/><D127/><U41/><E41/><V118/><F118/><W67/><G67/><T98/><D59/><U109/><E109/><V75/><F75/><W1/><G124/><T53/><D122/><U44/><E44/><N who="2" m="17003" /><F30/><W51/><G133/><N who="0" m="50699" /><D65/><U104/><E54/><N who="0" m="20489" /><D57/><U87/><E104/><V19/><F5/><N who="3" m="1199" /><G47/><T119/><D119/><U84/><E7/><V3/><F3/><W83/><G83/><T39/><D39/><U71/><E6/><V86/><F61/><W106/><AGARI ba="0,0" hai="12,16,21,26,31,34,49,51,99,102,106" m="1199" machi="106" ten="30,2000,0" yaku="24,1,54,1" doraHai="50" who="3" fromWho="3" sc="250,-10,250,-5,250,-5,250,20" /><INIT seed="1,0,0,4,3,37" ten="240,245,245,270" oya="1" hai0="9,41,106,28,102,71,83,40,5,81,99,131,111" hai1="22,11,29,39,90,25,69,101,10,93,24,51,92" hai2="112,82,117,65,91,66,36,127,35,21,18,132,67" hai3="125,94,108,32,128,6,60,55,30,20,50,126,75"/><U105/><E39/><V134/><F117/><W15/><G75/><T3/><D71/><U121/><E69/><V135/><F35/><W59/><G108/><T1/><D111/><U27/><E105/><V8/><F112/><W54/><G128/><T34/><D131/><U70/><E70/><V114/><F114/><W53/><G32/><T44/><D3/><U31/><E121/><V16/><F36/><W48/><G94/><T14/><D1/><U84/><E51/><V61/><F127/><N who="3" m="48651" /><G30/><T49/><D28/><U17/><E17/><N who="2" m="6763" /><F8/><N who="1" m="3113" /><E22/><V26/><F21/><W116/><G116/><T56/><D34/><U88/><E101/><V115/><F26/><N who="1" m="6657" /><U23/><DORA hai="47" /><E23/><V89/><F115/><W0/><G0/><T33/><D33/><U80/><E80/><V120/><F82/><W58/><G20/><T95/><D106/><U87/><AGARI ba="0,0" hai="29,31,84,87,88,90,92,93" m="6657,3113" machi="87" ten="40,3900,0" yaku="8,1,54,1" doraHai="37,47" who="1" fromWho="1" sc="240,-13,245,39,245,-13,270,-13" /><INIT seed="1,1,0,3,4,119" ten="227,284,232,257" oya="1" hai0="122,120,50,104,130,93,61,87,16,106,21,53,72" hai1="118,132,126,44,77,49,56,55,65,115,82,40,12" hai2="62,24,63,84,43,57,92,48,75,101,73,35,70" hai3="34,64,121,108,109,9,10,98,123,76,86,135,3"/><U74/><E118/><V23/><F35/><W52/><G34/><T14/><D72/><U19/><E115/><V8/><F70/><W4/><G135/><T29/><D130/><U25/><E132/><V89/><F75/><W42/><G42/><T59/><D29/><U37/><E126/><V114/><F73/><W33/><G33/><T105/><D61/><U69/><E25/><V45/><F114/><W38/><G38/><T6/><D6/><U13/><REACH who="1" step="1"/><E19/><REACH who="1" ten="227,274,232,257" step="2"/><V0/><F24/><W113/><G113/><T88/><AGARI ba="1,1" hai="14,16,21,50,53,59,87,88,93,104,105,106,120,122" machi="88" ten="40,12000,2" yaku="0,1,25,2,52,2,54,2" doraHai="119" who="0" fromWho="0" sc="227,133,274,-61,232,-31,257,-31" /><INIT seed="2,0,0,2,0,62" ten="360,213,201,226" oya="2" hai0="133,79,78,131,115,99,103,113,11,105,122,94,38" hai1="13,96,71,129,40,24,46,7,47,65,100,66,19" hai2="130,41,23,58,22,48,95,50,135,57,49,87,20" hai3="59,117,121,83,61,111,80,16,10,112,45,2,114"/><V37/><F130/><W14/><G117/><T92/><D38/><U54/><E129/><V18/><F135/><W1/><G121/><T90/><D131/><U109/><E109/><V70/><F70/><W75/><G45/><N who="1" m="16906" /><E71/><V97/><F37/><W116/><G116/><T84/><D122/><U89/><E40/><V73/><F73/><W36/><G36/><T30/><D30/><U53/><E100/><V132/><F132/><W17/><G17/><T55/><D55/><N who="1" m="21003" /><E24/><V33/><F33/><W35/><G35/><T118/><D118/><U119/><E7/><V69/><F69/><W3/><G111/><T15/><D133/><U63/><E63/><V126/><F41/><W102/><G102/><T98/><D15/><U82/><E119/><V12/><F87/><W72/><G72/><T104/><D11/><N who="1" m="6591" /><E82/><V60/><F126/><W28/><G28/><T88/><D105/><U81/><E81/><V42/><F42/><W64/><G75/><T34/><D34/><U26/><E26/><V67/><REACH who="2" step="1"/><F58/><REACH who="2" ten="360,213,191,226" step="2"/><W106/><G106/><T86/><D99/><U125/><E125/><V120/><F120/><W5/><G5/><T77/><AGARI ba="0,1" hai="77,78,79,84,86,88,90,92,94,98,103,104,113,115" machi="77" ten="30,12000,2" yaku="0,1,9,1,34,3,54,1" doraHai="62" who="0" fromWho="0" sc="360,130,213,-30,191,-60,226,-30" /><INIT seed="3,0,0,1,5,127" ten="490,183,131,196" oya="3" hai0="28,67,58,83,79,120,94,73,4,15,31,24,130" hai1="64,29,32,114,91,49,61,63,80,11,108,116,96" hai2="21,82,33,129,16,46,19,87,52,1,47,95,76" hai3="131,71,128,5,69,121,12,34,70,50,14,30,72"/><W81/><G121/><T123/><D28/><U103/><E108/><V44/><F1/><W84/><G72/><T124/><D124/><U75/><E116/><V85/><F33/><W104/><G104/><T78/><D79/><U62/><E114/><V135/><F135/><W53/><G30/><T117/><D117/><U122/><E122/><V126/><F126/><W93/><G93/><T3/><D3/><U125/><E125/><V115/><F115/><W8/><G14/><T110/><D15/><U57/><E11/><V45/><F129/><N who="3" m="49739" /><G34/><T111/><D130/><U13/><E13/><V18/><F85/><W51/><G53/><T9/><D94/><U43/><E29/><V98/><N who="2" m="11264" /><DORA hai="10" /><V92/><F98/><W89/><AGARI ba="0,0" hai="5,8,12,50,51,69,70,71,81,84,89" m="49739" machi="89" ten="40,12000,1" yaku="19,1,52,4" doraHai="127,10" who="3" fromWho="3" sc="490,-40,183,-40,131,-40,196,120" /><INIT seed="3,1,0,2,5,83" ten="450,143,91,316" oya="3" hai0="107,68,128,67,117,53,38,2,71,111,30,84,24" hai1="85,95,28,86,101,79,44,100,23,15,58,119,51" hai2="75,17,108,93,11,49,133,112,132,102,33,81,12" hai3="61,82,14,103,123,121,72,60,18,99,64,109,74"/><W115/><G115/><T65/><D2/><U22/><E119/><V1/><F112/><W8/><G109/><T29/><D53/><U118/><E118/><V32/><F108/><W88/><G60/><T78/><D117/><U59/><E79/><V135/><F1/><W39/><G39/><T57/><D78/><U104/><E104/><V114/><F114/><W34/><G34/><T105/><D24/><N who="1" m="16407" /><E23/><V127/><F127/><W63/><G63/><T124/><D57/><N who="1" m="21515" /><E15/><V131/><F131/><W43/><G43/><T66/><D38/><U126/><E126/><V54/><F75/><W129/><G129/><T94/><D128/><U52/><E100/><V0/><F0/><W122/><G103/><T80/><D80/><U9/><E9/><V90/><F102/><W27/><G27/><T40/><D40/><U87/><E101/><V69/><F69/><W3/><G3/><T5/><D67/><U37/><E37/><V76/><F76/><W55/><G55/><T45/><D124/><U41/><E41/><V31/><F31/><W25/><G25/><T19/><D30/><U20/><E20/><V92/><F33/><W48/><G48/><T7/><D29/><U134/><E134/><V26/><F26/><W116/><G116/><T120/><D111/><U97/><E97/><V10/><F10/><W89/><G99/><T77/><D66/><U96/><E96/><V36/><F36/><W6/><G72/><T56/><D65/><U13/><E13/><V42/><F42/><W62/><G64/><T106/><D68/><U113/><E113/><V73/><F133/><RYUUKYOKU ba="1,0" sc="450,-10,143,30,91,-10,316,-10" hai1="44,51,52,85,86,87,95" /><INIT seed="4,2,0,3,1,91" ten="440,173,81,306" oya="0" hai0="131,123,60,79,108,117,104,32,35,119,74,115,81" hai1="34,24,47,19,66,113,22,59,68,31,23,6,125" hai2="56,83,46,55,90,89,94,71,72,33,70,118,1" hai3="44,11,98,42,57,124,3,43,51,17,134,39,30"/><T92/><D60/><U106/><E68/><V100/><F118/><W80/><G134/><T75/><D123/><U82/><E106/><V25/><F1/><W18/><G124/><T62/><D62/><U16/><E113/><V103/><F33/><W130/><G130/><T40/><D40/><U67/><E125/><V133/><F133/><W12/><G30/><T85/><D32/><U88/><E6/><V86/><F25/><W52/><G3/><T96/><D35/><U50/><E34/><V37/><F71/><W48/><G39/><T9/><D9/><U122/><E59/><V38/><F70/><W111/><G111/><T27/><D27/><U0/><E0/><V54/><F37/><W7/><G42/><T61/><D61/><U76/><E76/><V112/><F112/><W45/><G45/><T126/><D115/><U14/><E31/><V87/><F72/><N who="0" m="27690" /><D126/><U41/><E122/><V53/><F38/><W28/><G28/><T128/><D104/><U93/><E82/><V120/><F120/><W78/><G98/><AGARI ba="2,0" hai="14,16,19,22,23,24,41,47,50,66,67,88,93,98" machi="98" ten="30,8000,1" yaku="7,1,8,1,52,1,54,2" doraHai="91" who="1" fromWho="3" sc="440,0,173,86,81,0,306,-86" /><INIT seed="5,0,0,5,4,87" ten="440,259,81,220" oya="1" hai0="95,122,22,69,38,93,89,61,86,52,56,116,125" hai1="57,2,58,105,92,41,55,85,51,66,102,104,25" hai2="28,45,96,98,131,42,21,121,6,65,64,60,100" hai3="126,1,123,33,99,81,48,40,75,106,71,44,115"/><U3/><E41/><V19/><F121/><W53/><G123/><T119/><D38/><U12/><E25/><V26/><F131/><W49/><G71/><T76/><D122/><U35/><E35/><V39/><F6/><W29/><G1/><T129/><D69/><U114/><E114/><V30/><F64/><W68/><G68/><T23/><D129/><U79/><E79/><V72/><F72/><W43/><G115/><T17/><D125/><U83/><E83/><V13/><F60/><W59/><G126/><T20/><D76/><U109/><E109/><V5/><F65/><W80/><G40/><T97/><D116/><U16/><E3/><V90/><F100/><W47/><G47/><T24/><D119/><U27/><E27/><V18/><F5/><W0/><G0/><T73/><D73/><U103/><E2/><V31/><REACH who="2" step="1"/><F90/><AGARI ba="0,0" hai="17,20,22,23,24,52,56,61,86,89,90,93,95,97" machi="90" ten="30,12000,2" yaku="7,1,25,2,8,1,52,2,54,1" doraHai="87" who="0" fromWho="2" sc="440,120,259,0,81,-120,220,0" owari="560,66.0,259,6.0,-39,-54.0,220,-18.0" /></mjloggm>