<mjloggm ver="2.3"><GO type="97" lobby="0"/><UN n0="%69%6E%63%61%6E%74%6F" n1="%E3%83%88%E3%83%88%E3%83%AA%E5%85%88%E7%94%9F%31%39%E6%AD%B3" n2="%4A%75%6E%65%52%61%69%6E" n3="%E3%81%98%E3%82%85%E3%81%AA%E3%81%B0%E3%81%B0%E3%81%B0" dan="14,15,15,13" rate="1951.96,2075.42,1949.96,1816.77" sx="F,F,M,M"/><TAIKYOKU oya="0"/><INIT seed="0,0,0,2,1,18" ten="250,250,250,250" oya="0" hai0="107,34,19,119,80,31,44,100,38,63,126,129,88" hai1="57,106,72,116,94,121,109,27,117,105,71,11,69" hai2="62,91,132,86,22,29,113,61,103,28,20,123,76" hai3="111,42,134,1,14,77,32,51,6,87,41,13,7"/><T48/><D119/><U99/><E121/><V2/><F123/><W40/><G32/><T49/><D129/><U8/><E72/><V3/><F113/><W92/><G111/><T60/><D38/><U115/><E109/><V96/><F76/><W52/><G134/><T108/><D108/><U36/><E36/><V59/><F132/><W98/><G1/><T58/><D126/><U131/><E131/><V82/><F2/><W35/><G35/><T89/><D100/><U83/><E115/><V46/><F3/><W118/><G118/><T39/><D107/><U135/><E135/><V81/><F46/><N who="3" m="27767" /><G87/><T54/><D39/><U74/><E71/><V4/><F4/><N who="3" m="1579" /><G77/><T50/><D34/><U68/><E69/><V130/><F130/><W33/><G33/><T70/><D70/><U104/><E74/><V5/><F5/><W67/><G67/><T65/><D31/><N who="2" m="11850" /><F82/><W125/><G125/><T102/><D102/><AGARI ba="0,0" hai="13,14,40,41,42,92,98,102" m="1579,27767" machi="102" ten="30,2000,0" yaku="8,1,54,1" doraHai="18" who="3" fromWho="0" sc="250,-20,250,0,250,0,250,20" /><INIT seed="1,0,0,1,1,92" ten="230,250,250,270" oya="1" hai0="110,0,10,7,34,94,6,13,48,84,90,86,124" hai1="89,59,82,20,43,131,69,123,27,39,30,104,114" hai2="21,2,93,109,108,15,12,75,41,40,9,76,66" hai3="81,98,65,128,4,106,118,5,25,49,74,77,119"/><U53/><E114/><V115/><F115/><W133/><G128/><T78/><D34/><U16/><E123/><V1/><F66/><W72/><G72/><T105/><D105/><U85/><E69/><V121/><F121/><W58/><G133/><T107/><D107/><U19/><E131/><V83/><F93/><W8/><G25/><T134/><D134/><U99/><E39/><V29/><F12/><W87/><G74/><T17/><D124/><U11/><E43/><N who="2" m="16459" /><F21/><W32/><G32/><T111/><D0/><U73/><E73/><V45/><F45/><W117/><G8/><T31/><D31/><U55/><E11/><V35/><F29/><W33/><G33/><T52/><D111/><N who="2" m="42570" /><F35/><W63/><G49/><T79/><D110/><U14/><E14/><V68/><F68/><W37/><G37/><T103/><D103/><AGARI ba="0,0" hai="4,5,58,63,65,77,81,87,98,103,106,117,118,119" machi="103" ten="40,2600,0" yaku="12,1,52,1" doraHai="92" who="3" fromWho="0" sc="230,-26,250,0,250,0,270,26" /><INIT seed="2,0,0,0,0,0" ten="204,250,250,296" oya="2" hai0="81,105,42,66,116,17,76,92,63,95,111,62,64" hai1="31,26,118,106,102,120,114,82,46,88,22,37,29" hai2="89,40,15,117,70,72,65,34,110,108,126,69,77" hai3="123,61,134,13,32,45,71,57,35,52,39,107,84"/><V60/><F117/><W27/><G107/><T112/><D105/><U130/><E118/><V115/><F115/><W68/><G123/><T132/><D112/><U24/><E114/><V79/><F34/><W104/><G104/><T101/><D101/><U50/><E37/><V2/><F2/><W122/><G122/><T87/><D116/><U19/><E120/><V47/><F126/><W90/><G134/><T11/><D42/><U75/><E130/><V58/><F89/><W83/><G68/><N who="2" m="26217" /><F72/><W56/><G71/><T133/><D111/><N who="2" m="42538" /><F15/><W38/><G38/><AGARI ba="0,0" hai="38,40,47,58,60,65,77,79" m="42538,26217" machi="38" ten="30,2900,0" yaku="14,1,10,1" doraHai="0" who="2" fromWho="3" sc="204,0,250,0,250,29,296,-29" /><INIT seed="2,1,0,5,2,52" ten="204,250,279,267" oya="2" hai0="120,63,82,83,92,80,127,81,2,118,44,35,114" hai1="47,27,12,103,130,87,84,68,125,59,126,132,40" hai2="131,97,57,10,7,108,22,60,53,73,111,112,75" hai3="21,115,72,39,13,102,77,32,122,1,3,42,14"/><V85/><F112/><W94/><G122/><T98/><D120/><U91/><E68/><V37/><F37/><W20/><G115/><T34/><D2/><U38/><E130/><V51/><F131/><W11/><G39/><T49/><D114/><U17/><E132/><V56/><F85/><W36/><G36/><T106/><D106/><U6/><E103/><V65/><F22/><N who="3" m="8811" /><G72/><T30/><D30/><U62/><E6/><V104/><F97/><W66/><G94/><T5/><D5/><U123/><E27/><V134/><F104/><W105/><G77/><T64/><D118/><U79/><E79/><V4/><F134/><W101/><G101/><T50/><D127/><N who="1" m="48651" /><E123/><V54/><F65/><W58/><G58/><T46/><N who="0" m="20480" /><DORA hai="109" /><T76/><D76/><U128/><E91/><V113/><F113/><W135/><G42/><T28/><D28/><U110/><E110/><N who="2" m="42027" /><F4/><W96/><G96/><T15/><D15/><AGARI ba="1,0" hai="7,10,15,51,53,54,56,57,60,73,75" m="42027" machi="15" ten="30,11600,0" yaku="14,1,10,1,52,2" doraHai="52,109" who="2" fromWho="0" sc="204,-119,250,0,279,119,267,0" /><INIT seed="2,2,0,0,0,37" ten="85,250,398,267" oya="2" hai0="29,118,103,15,12,129,97,52,20,26,71,27,75" hai1="78,82,121,105,85,34,11,47,132,58,25,111,54" hai2="31,94,131,123,119,63,113,6,74,128,32,89,76" hai3="101,93,80,30,91,14,122,19,95,2,18,109,40"/><V10/><F113/><W100/><G2/><T135/><D71/><U83/><E105/><V7/><F119/><W59/><G122/><T62/><D75/><U17/><E121/><V106/><F106/><W125/><G125/><T104/><D118/><U92/><E111/><V55/><F123/><W133/><G133/><T88/><D135/><U50/><E132/><V53/><F76/><W79/><G109/><T23/><D129/><U110/><E110/><V70/><F74/><W13/><G40/><T72/><D72/><U116/><E116/><V41/><F31/><W115/><G115/><T49/><D62/><U51/><E34/><V8/><F41/><W98/><G59/><T39/><D39/><U134/><E134/><V126/><F32/><W67/><G67/><T3/><D3/><U65/><E65/><V87/><F126/><W90/><G30/><T112/><D112/><U5/><E25/><V107/><F107/><W56/><G56/><T44/><REACH who="0" step="1"/><D88/><REACH who="0" ten="75,250,398,267" step="2"/><N who="1" m="53263" /><E78/><V16/><F128/><W99/><G79/><T117/><D117/><U84/><E84/><V33/><F87/><W130/><G130/><T38/><D38/><U28/><E83/><AGARI ba="2,1" hai="13,14,18,19,80,83,90,91,93,95,98,99,100,101" machi="83" ten="25,3200,0" yaku="22,2,8,1" doraHai="37" who="3" fromWho="1" sc="75,0,250,-38,398,0,267,48" /><INIT seed="3,0,0,1,2,128" ten="75,212,398,315" oya="3" hai0="105,121,88,0,110,9,109,96,82,45,11,21,42" hai1="91,43,66,38,101,107,90,4,76,40,106,49,83" hai2="80,60,39,55,115,58,112,29,46,33,127,133,122" hai3="84,68,59,81,51,57,67,34,6,36,117,61,103"/><W35/><G35/><T13/><D121/><U104/><E101/><V30/><F133/><W50/><G34/><T131/><D131/><U10/><E66/><V100/><F122/><W70/><G103/><T26/><D0/><U114/><E114/><V94/><F80/><W72/><G72/><T20/><D109/><U32/><E32/><V98/><F127/><W52/><G6/><T7/><D110/><U108/><E108/><V16/><F16/><W18/><G18/><T54/><D105/><U8/><E49/><N who="3" m="18442" /><G84/><T15/><D42/><U135/><E104/><V120/><F98/><W97/><G97/><T85/><D96/><U130/><E83/><V119/><F94/><W79/><G79/><T48/><REACH who="0" step="1"/><D26/><REACH who="0" ten="65,212,398,315" step="2"/><U22/><E43/><V75/><F120/><W102/><G117/><T41/><D41/><U134/><E40/><V3/><F119/><W28/><G102/><T116/><D116/><U2/><E130/><V93/><F100/><W5/><G5/><AGARI ba="0,1" hai="5,7,9,11,13,15,20,21,45,48,54,82,85,88" machi="5" ten="30,12000,2" yaku="1,1,7,1,9,1,8,1,54,1,53,1" doraHai="128" doraHaiUra="47" who="0" fromWho="3" sc="65,130,212,0,398,0,315,-120" owari="195,-20.0,212,1.0,398,49.0,195,-30.0" /></mjloggm>