<mjloggm ver="2.3"><GO type="169" lobby="0"/><UN n0="%4B%E3%80%82" n1="%E3%83%A1%E3%82%A4%E3%82%A2%E3%82%AF%E3%83%88" n2="%74%79%64%79" n3="%E3%82%A6%E3%83%AB%E3%83%88%E3%83%A9%E7%AB%8B%E7%9B%B4" dan="16,16,16,17" rate="2120.97,2065.35,2124.19,2140.18" sx="M,M,M,M"/><TAIKYOKU oya="0"/><INIT seed="0,0,0,0,3,1" ten="250,250,250,250" oya="0" hai0="118,48,31,46,123,73,53,121,27,15,9,82,80" hai1="8,131,78,120,75,84,55,39,30,36,10,133,100" hai2="18,16,86,71,108,57,112,87,93,115,64,58,3" hai3="99,92,11,85,125,130,19,105,60,43,97,28,49"/><T23/><D118/><U12/><E75/><V134/><F3/><W90/><G125/><T117/><D117/><U6/><E120/><V0/><F0/><W47/><G130/><T52/><D73/><U114/><E114/><V89/><F108/><W4/><G105/><T14/><D14/><U32/><E100/><V56/><F134/><W7/><G28/><T38/><D38/><U66/><E66/><V77/><F77/><W102/><G60/><T113/><D113/><U69/><E69/><V51/><F51/><W50/><G50/><T91/><D53/><U96/><E96/><N who="3" m="36938" /><G102/><T45/><D45/><U81/><E133/><V127/><F127/><W65/><G65/><T129/><D129/><U74/><E74/><V132/><F132/><W25/><G25/><T24/><D24/><U42/><E131/><V104/><F104/><W72/><G72/><T17/><D82/><U98/><E98/><V26/><F115/><W103/><G103/><T79/><D79/><U41/><E30/><V68/><F112/><W61/><G61/><T59/><D59/><U33/><E81/><V101/><F101/><W116/><G116/><T21/><D21/><U70/><E78/><V88/><F64/><W122/><G122/><T126/><D126/><U62/><E62/><V20/><REACH who="2" step="1"/><F18/><REACH who="2" ten="250,250,240,250" step="2"/><W5/><G19/><T40/><D40/><U110/><E110/><V2/><F2/><W63/><G63/><T13/><D123/><U128/><E42/><V35/><F35/><W109/><G109/><T76/><D121/><U107/><E41/><V22/><F22/><W54/><G43/><RYUUKYOKU ba="0,1" sc="250,-15,250,-15,240,15,250,15" hai2="16,20,26,56,57,58,68,71,86,87,88,89,93" hai3="4,5,7,11,47,49,54,85,90,92" /><INIT seed="1,1,1,0,4,108" ten="235,235,255,265" oya="1" hai0="101,109,42,3,47,86,39,93,83,117,8,135,95" hai1="92,1,72,70,102,98,62,75,90,126,96,25,113" hai2="78,51,21,15,0,13,63,119,43,100,31,4,68" hai3="14,34,48,69,53,66,54,19,111,32,80,112,57"/><U7/><E1/><V103/><F119/><W49/><G111/><T99/><D117/><U133/><E7/><V2/><F78/><W37/><G37/><T85/><D109/><U123/><E123/><V11/><F68/><W79/><G66/><T125/><D125/><U74/><E70/><V23/><F63/><W104/><G104/><T91/><D135/><U36/><E36/><V40/><F4/><W20/><G112/><T118/><D118/><U41/><E41/><V29/><F51/><W122/><G69/><T16/><D3/><U127/><E25/><V60/><F60/><W52/><G122/><T129/><D129/><U84/><E62/><V132/><REACH who="2" step="1"/><F11/><REACH who="2" ten="235,235,245,265" step="2"/><W61/><G61/><T94/><D8/><U71/><E71/><V82/><F82/><W124/><G124/><N who="1" m="47658" /><E133/><AGARI ba="1,2" hai="0,2,13,15,21,23,29,31,40,43,100,103,132,133" machi="133" ten="25,3200,0" yaku="1,1,22,2,53,0" doraHai="108" doraHaiUra="107" who="2" fromWho="1" sc="235,0,235,-35,245,55,265,0" /><INIT seed="2,0,0,0,2,20" ten="235,200,300,265" oya="2" hai0="42,76,50,28,83,135,58,24,99,49,70,5,29" hai1="35,106,108,73,77,27,111,21,87,84,7,118,92" hai2="78,26,14,124,69,121,88,125,74,90,18,59,16" hai3="43,133,119,89,2,4,11,94,9,82,63,62,33"/><V54/><F121/><W81/><G119/><T127/><D70/><U66/><E106/><V75/><F69/><W17/><G133/><T112/><D112/><U126/><E73/><V31/><F75/><W37/><G33/><T98/><D135/><U47/><E118/><V117/><F117/><W65/><G43/><T57/><D5/><U44/><E35/><N who="2" m="20983" /><F78/><W123/><G37/><T101/><D29/><U107/><E107/><V132/><F74/><W30/><G30/><T120/><D120/><U38/><E7/><V85/><F132/><W53/><G123/><T3/><D3/><U1/><E1/><V22/><F18/><W72/><G72/><T96/><D127/><N who="2" m="48714" /><F85/><W116/><G116/><T64/><D101/><U103/><E126/><V13/><F13/><W12/><G17/><T55/><D64/><U80/><E66/><V110/><F110/><N who="1" m="42025" /><E38/><V102/><F102/><W8/><G2/><T71/><D71/><U93/><E103/><V128/><F128/><W0/><G0/><T40/><D76/><U131/><E131/><V60/><AGARI ba="0,0" hai="14,16,22,54,59,60,88,90" m="48714,20983" machi="60" ten="30,11700,0" yaku="18,1,52,1,54,2" doraHai="20" who="2" fromWho="2" sc="235,-39,200,-39,300,117,265,-39" /><INIT seed="2,1,0,3,0,6" ten="196,161,417,226" oya="2" hai0="2,55,31,34,98,95,118,117,39,42,93,4,77" hai1="109,91,29,8,50,36,75,123,106,40,24,99,21" hai2="33,73,38,52,129,133,25,84,70,64,71,121,57" hai3="12,131,69,79,100,96,119,51,37,90,10,63,62"/><V67/><F121/><W97/><G37/><T104/><D77/><U35/><E75/><V58/><F73/><W105/><G119/><T60/><D104/><U66/><E36/><V89/><F38/><W80/><G131/><T88/><D93/><U101/><E123/><V120/><F120/><W7/><G69/><T116/><D31/><U48/><E109/><V59/><F129/><W16/><G51/><T3/><D34/><U115/><E115/><V54/><F33/><W68/><G68/><N who="2" m="26153" /><F25/><W124/><G124/><T17/><D17/><U43/><E66/><N who="2" m="25131" /><F89/><W18/><G90/><T0/><D42/><U28/><E91/><V92/><F92/><W61/><REACH who="3" step="1"/><G97/><REACH who="3" ten="196,161,417,216" step="2"/><T82/><D39/><U49/><E48/><V87/><F133/><W85/><AGARI ba="1,1" hai="7,10,12,16,18,61,62,63,79,80,85,96,100,105" machi="85" ten="30,12000,2" yaku="1,1,2,1,0,1,52,1,54,1,53,1" doraHai="6" doraHaiUra="83" who="3" fromWho="3" sc="196,-31,161,-31,417,-61,216,133" /><INIT seed="3,0,0,1,5,110" ten="165,130,356,349" oya="3" hai0="103,50,87,80,122,118,78,88,18,38,16,75,91" hai1="97,2,30,45,131,40,69,77,64,61,6,29,57" hai2="14,108,25,48,59,33,13,49,81,71,86,129,101" hai3="127,99,31,66,21,82,100,76,115,89,90,73,79"/><W95/><G66/><T116/><D38/><U47/><E131/><V112/><F108/><W117/><G31/><T106/><D122/><U10/><E47/><V56/><F71/><W96/><G21/><T85/><D50/><U46/><E45/><V72/><F72/><W104/><G117/><N who="0" m="45163" /><D18/><U102/><E69/><V51/><F129/><W128/><G128/><T19/><D19/><U39/><E77/><N who="3" m="29770" /><G127/><T24/><D24/><U43/><E43/><V70/><F70/><W58/><G58/><T120/><D120/><U17/><E17/><V121/><F33/><W134/><G134/><T7/><D7/><U28/><E28/><V36/><F25/><W35/><G35/><T5/><D5/><U52/><REACH who="1" step="1"/><E64/><REACH who="1" ten="165,120,356,349" step="2"/><V9/><F121/><W32/><G32/><T74/><D16/><U135/><E135/><V105/><F36/><W92/><G73/><N who="0" m="27659" /><D85/><U63/><E63/><V62/><F62/><W42/><G42/><T8/><D8/><U119/><E119/><V124/><F9/><W84/><G82/><T23/><D23/><U93/><AGARI ba="0,1" hai="2,6,10,29,30,39,40,46,52,57,61,93,97,102" machi="93" ten="20,8000,1" yaku="1,1,0,1,7,1,54,1,53,1" doraHai="110" doraHaiUra="68" who="1" fromWho="1" sc="165,-20,120,90,356,-20,349,-40" /><INIT seed="4,0,0,4,4,24" ten="145,210,336,309" oya="0" hai0="36,51,21,81,106,50,135,124,27,9,77,57,110" hai1="26,20,49,105,3,4,80,12,6,127,33,132,5" hai2="90,108,89,82,76,28,100,65,83,86,0,39,71" hai3="63,34,74,30,40,109,93,98,95,44,134,117,43"/><T53/><D36/><U10/><E105/><V101/><F39/><W125/><G117/><T11/><D106/><U8/><E49/><V87/><F0/><W52/><G74/><T42/><D135/><U85/><E127/><V88/><F108/><W47/><G109/><T116/><D116/><U48/><E132/><V55/><F71/><W84/><G125/><T92/><D124/><U97/><E97/><V73/><F65/><W66/><G134/><T96/><D110/><U118/><E118/><V18/><F55/><W119/><G119/><T120/><D120/><U22/><E48/><V78/><F28/><W131/><G131/><T62/><D11/><N who="1" m="4207" /><E85/><V130/><F18/><W69/><G30/><T15/><D42/><U54/><E80/><N who="2" m="49383" /><F130/><W38/><G34/><T13/><D9/><U25/><E54/><V91/><AGARI ba="0,0" hai="73,76,78,82,83,86,88,90,91,100,101" m="49383" machi="91" ten="30,12000,2" yaku="35,5,54,1" doraHai="24" who="2" fromWho="2" sc="145,-60,210,-30,336,120,309,-30" /><INIT seed="5,0,0,5,3,50" ten="85,180,456,279" oya="1" hai0="112,42,85,38,1,41,81,3,126,122,118,75,77" hai1="117,135,28,18,99,4,124,62,30,71,25,66,84" hai2="40,129,13,134,114,109,34,92,21,52,103,96,37" hai3="65,57,45,68,120,102,123,104,108,80,107,53,72"/><U89/><E117/><V27/><F109/><W0/><G0/><T6/><D118/><U116/><E116/><V91/><F134/><W24/><G108/><T5/><D126/><U87/><E135/><V88/><F37/><W131/><G131/><T14/><D112/><U33/><E30/><V73/><F73/><W2/><G2/><T10/><D122/><U98/><E124/><V95/><F40/><W83/><G107/><T97/><D97/><U70/><E70/><V35/><F129/><W29/><G45/><T74/><D14/><U26/><E4/><V48/><F13/><W79/><G80/><T67/><D67/><U121/><E121/><V133/><F114/><W43/><G43/><T100/><D100/><U59/><E71/><V115/><F115/><W39/><G39/><T15/><D15/><U12/><E87/><V130/><F130/><W23/><G65/><T94/><D38/><U51/><E51/><V93/><F133/><W90/><G68/><T55/><D75/><U76/><E76/><V125/><F125/><W46/><G46/><T16/><D16/><U11/><E26/><V8/><F8/><W60/><G90/><N who="2" m="34345" /><F35/><W31/><G102/><T127/><D127/><U9/><REACH who="1" step="1"/><E11/><REACH who="1" ten="85,170,456,279" step="2"/><V64/><F27/><N who="3" m="16639" /><G123/><T128/><D128/><U22/><E22/><V49/><F21/><W44/><G120/><T58/><D5/><U56/><E56/><V54/><F34/><W113/><G113/><T47/><D1/><U82/><AGARI ba="0,1" hai="9,12,18,25,28,33,59,62,66,82,84,89,98,99" machi="82" ten="20,7800,0" yaku="1,1,0,1,7,1,53,1" doraHai="50" doraHaiUra="7" who="1" fromWho="1" sc="85,-26,170,88,456,-26,279,-26" /><INIT seed="5,1,0,0,2,104" ten="59,258,430,253" oya="1" hai0="89,46,35,38,29,63,92,126,87,32,84,23,99" hai1="0,55,20,47,25,33,132,127,77,54,37,4,125" hai2="73,103,36,45,57,100,60,101,130,58,27,110,91" hai3="93,113,106,123,40,24,17,6,18,21,122,2,96"/><U98/><E33/><V131/><F110/><W108/><G106/><T68/><D126/><N who="1" m="48139" /><E0/><V41/><F73/><W22/><G108/><T39/><D23/><U59/><E4/><V10/><F10/><W3/><G40/><T13/><D13/><U1/><E1/><V62/><F27/><W44/><G44/><T51/><D68/><U69/><E69/><V85/><F58/><W61/><G3/><T90/><D63/><U81/><E132/><V48/><F36/><W83/><G113/><T43/><D99/><U72/><E98/><V34/><F34/><W30/><G30/><T75/><D75/><U134/><E134/><V105/><F105/><W109/><G109/><T5/><D5/><U114/><E114/><V64/><F62/><W111/><G111/><T8/><D8/><U49/><E37/><V78/><F78/><W53/><G6/><T117/><D117/><U67/><E67/><V119/><F119/><W19/><G2/><T70/><D70/><U14/><E14/><V128/><F103/><N who="3" m="60815" /><G123/><T26/><REACH who="0" step="1"/><D35/><REACH who="0" ten="49,258,430,253" step="2"/><U95/><E20/><V7/><F7/><W121/><G22/><T129/><D129/><U86/><E72/><V94/><AGARI ba="1,1" hai="41,45,48,57,60,64,85,91,94,100,101,128,130,131" machi="94" ten="30,2000,0" yaku="0,1,19,1" doraHai="104" who="2" fromWho="2" sc="49,-6,258,-11,430,33,253,-6" /><INIT seed="6,0,0,4,0,125" ten="43,247,463,247" oya="2" hai0="30,91,129,112,42,1,59,63,66,106,36,61,3" hai1="92,40,13,58,134,78,64,26,53,97,82,15,135" hai2="130,80,68,85,38,41,28,17,79,33,110,111,24" hai3="50,117,108,44,12,103,86,7,60,109,115,95,114"/><V29/><F68/><W31/><G31/><T113/><D106/><U32/><E64/><V119/><F119/><W104/><G117/><T122/><D30/><U74/><E40/><V90/><F29/><W107/><G60/><T14/><D122/><U77/><E77/><V75/><F17/><W126/><G126/><T49/><D36/><U62/><E26/><V11/><F11/><N who="3" m="4223" /><G107/><T16/><D91/><N who="1" m="55455" /><E32/><V81/><F38/><W101/><G104/><T88/><D88/><U35/><E35/><V105/><F41/><N who="3" m="24847" /><G86/><T132/><D132/><AGARI ba="0,0" hai="13,15,53,58,62,74,78,82,132,134,135" m="55455" machi="132" ten="30,1000,0" yaku="20,1" doraHai="125" who="1" fromWho="0" sc="43,-10,247,10,463,0,247,0" /><INIT seed="7,0,0,3,5,60" ten="33,257,463,247" oya="3" hai0="104,100,126,51,34,71,32,21,41,105,46,63,57" hai1="123,6,98,101,129,22,86,5,42,114,10,0,125" hai2="131,28,14,33,111,3,75,43,102,122,91,2,66" hai3="128,117,26,115,18,65,103,48,107,130,16,61,77"/><W95/><G117/><T99/><D126/><U78/><E123/><V76/><F111/><W53/><G107/><T20/><D105/><U132/><E114/><V118/><F118/><W73/><G115/><T35/><D35/><U39/><E129/><N who="3" m="49770" /><G26/><T127/><D127/><U11/><E125/><V120/><F131/><W30/><G30/><T62/><D62/><U116/><E116/><V94/><F28/><W89/><G103/><T59/><D59/><U29/><E132/><V56/><F102/><W19/><G77/><T47/><D47/><U25/><E42/><V84/><F33/><W82/><G82/><T79/><D79/><U135/><E39/><V49/><F76/><W110/><G73/><T124/><D124/><U67/><E67/><V4/><F75/><W1/><G1/><T54/><D34/><U113/><E113/><V97/><F3/><W80/><G80/><T92/><D104/><U64/><E64/><V134/><F2/><W13/><G13/><T27/><D32/><U9/><E135/><V15/><F134/><W12/><G12/><T88/><D100/><U52/><E0/><V85/><F15/><W121/><G121/><N who="2" m="46697" /><F14/><W17/><N who="3" m="4096" /><DORA hai="70" /><W50/><G110/><T112/><D112/><U45/><E78/><V83/><F83/><W106/><G53/><T37/><REACH who="0" step="1"/><D27/><REACH who="0" ten="23,257,463,247" step="2"/><U24/><E24/><V7/><F7/><W8/><G106/><T36/><D36/><U74/><E25/><V58/><F4/><W31/><G31/><T38/><D38/><U44/><E29/><V96/><F94/><W55/><G95/><T23/><D23/><RYUUKYOKU ba="0,1" sc="23,30,257,-10,463,-10,247,-10" hai0="20,21,37,41,46,51,54,57,63,71,88,92,99" owari="53,-45.0,247,5.0,463,56.0,237,-16.0" /></mjloggm>