<mjloggm ver="2.3"><GO type="97" lobby="0"/><UN n0="%E5%A5%B3%E5%9B%9A%E3%81%95%E3%81%9D%E3%82%8A" n1="%E3%83%88%E3%83%88%E3%83%AA%E5%85%88%E7%94%9F%31%39%E6%AD%B3" n2="%CF%80" n3="%6B%69%72%69%6E%6E%31%32" dan="14,14,13,13" rate="1888.81,2020.24,1879.60,1841.72" sx="F,F,M,M"/><TAIKYOKU oya="0"/><INIT seed="0,0,0,5,3,113" ten="250,250,250,250" oya="0" hai0="68,127,50,79,74,24,112,135,125,90,72,95,36" hai1="86,96,32,107,108,80,53,52,117,3,121,105,21" hai2="89,118,132,18,25,26,128,12,116,27,59,70,81" hai3="62,43,131,44,4,11,30,45,109,65,56,28,123"/><T42/><D112/><U51/><E121/><V15/><F70/><W110/><G123/><T61/><D36/><U88/><E32/><V40/><F132/><W1/><G131/><T10/><D135/><U5/><E117/><N who="2" m="45163" /><F128/><W91/><G91/><T46/><D24/><U58/><E108/><N who="3" m="41578" /><G43/><T8/><D68/><U64/><E64/><V85/><F40/><W133/><G133/><T129/><D129/><U41/><E41/><V130/><F130/><W84/><G84/><T73/><D79/><U106/><E21/><N who="2" m="11463" /><F15/><W122/><G122/><T49/><D61/><U120/><E120/><V92/><F59/><W69/><G69/><T37/><D37/><U31/><E31/><AGARI ba="0,0" hai="1,4,11,28,30,31,44,45,56,62,65" m="41578" machi="31" ten="30,1000,0" yaku="14,1" doraHai="113" who="3" fromWho="1" sc="250,0,250,-10,250,0,250,10" /><INIT seed="1,0,0,1,4,132" ten="250,240,250,260" oya="1" hai0="75,59,128,79,124,1,102,103,51,110,100,42,84" hai1="36,111,15,72,4,107,71,22,6,45,76,50,12" hai2="56,106,64,44,65,109,101,85,117,112,23,5,10" hai3="30,58,113,129,21,26,48,54,28,20,29,86,127"/><U46/><E107/><V82/><F117/><W0/><G113/><T32/><D1/><U108/><E71/><V89/><F112/><W60/><G129/><T130/><D32/><U52/><E72/><V3/><F109/><N who="1" m="42057" /><E76/><V35/><F35/><W77/><G0/><T98/><D75/><U118/><E118/><V135/><F135/><W13/><G60/><T88/><D110/><U27/><E36/><V105/><F23/><W25/><G127/><T11/><D124/><U134/><E134/><V43/><F101/><W93/><G13/><N who="1" m="5194" /><E45/><V97/><F97/><W9/><G9/><T90/><D79/><U8/><E8/><V80/><F80/><N who="3" m="47375" /><G93/><T95/><D11/><U47/><E47/><V96/><F96/><W70/><G70/><T92/><D42/><U119/><E119/><V57/><F106/><W39/><G39/><T40/><D40/><U120/><E120/><V31/><F105/><W34/><G34/><T83/><D51/><U69/><E69/><V91/><F44/><W115/><G115/><T133/><D59/><U104/><E104/><V33/><F57/><W38/><G38/><T16/><D133/><U19/><AGARI ba="0,0" hai="4,6,19,22,27,46,50,52" m="5194,42057" machi="19" ten="30,6000,0" yaku="14,1,10,1,54,1" doraHai="132" who="1" fromWho="1" sc="250,-20,240,60,250,-20,260,-20" /><INIT seed="1,1,0,1,0,131" ten="230,300,230,240" oya="1" hai0="108,74,36,85,109,116,37,79,33,21,27,51,84" hai1="2,1,32,72,40,16,18,26,114,9,5,44,35" hai2="119,48,67,129,59,110,50,11,53,47,24,69,70" hai3="104,78,134,28,38,95,22,64,94,56,132,133,49"/><U115/><E72/><V45/><F119/><W39/><G104/><T13/><D116/><U52/><E40/><V111/><F129/><W113/><G113/><N who="1" m="43018" /><E52/><N who="2" m="29711" /><F24/><N who="3" m="16407" /><G78/><T10/><D74/><U60/><E60/><N who="2" m="38303" /><F11/><W102/><G94/><T15/><D33/><N who="1" m="12875" /><E44/><V66/><F66/><W98/><G49/><T97/><D37/><U77/><E77/><V130/><F130/><W46/><G46/><T6/><D36/><U17/><E26/><V31/><F31/><W29/><G29/><T99/><D79/><U123/><E123/><V34/><F34/><W0/><G0/><AGARI ba="1,0" hai="0,1,2,5,9,16,17,18" m="12875,43018" machi="0" ten="40,7700,0" yaku="34,2,54,1" doraHai="131" who="1" fromWho="3" sc="230,0,300,80,230,0,240,-80" /><INIT seed="1,2,0,1,2,2" ten="230,380,230,160" oya="1" hai0="21,93,45,84,46,101,58,51,67,73,3,28,10" hai1="19,102,104,77,12,47,121,111,8,5,24,87,105" hai2="132,30,106,71,40,63,54,0,27,103,124,23,75" hai3="36,65,117,7,35,64,66,53,100,26,107,33,92"/><U22/><E121/><V62/><F75/><W133/><G36/><T119/><D73/><U95/><E111/><V99/><F0/><W69/><G117/><T15/><D119/><U110/><E110/><V79/><F79/><W17/><G133/><T129/><D3/><U32/><E32/><V97/><F132/><W16/><G107/><T39/><D39/><U61/><E61/><V60/><F124/><W50/><G7/><N who="0" m="3551" /><D129/><U11/><E102/><V56/><F40/><W127/><G127/><T118/><D118/><U86/><E86/><V37/><F37/><W90/><G100/><T25/><D84/><U59/><E59/><V74/><F74/><W13/><G69/><T43/><D46/><U128/><E128/><V88/><REACH who="2" step="1"/><F71/><REACH who="2" ten="230,380,220,160" step="2"/><W89/><G66/><T114/><D43/><U44/><E77/><V91/><F91/><W38/><G38/><T70/><D70/><U116/><E116/><V48/><F48/><W120/><G120/><T42/><D51/><U6/><E104/><V131/><F131/><W72/><G72/><T130/><D42/><U94/><E105/><V115/><F115/><W14/><G92/><AGARI ba="2,1" hai="23,27,30,54,56,60,62,63,88,92,97,99,103,106" machi="92" ten="40,2600,0" yaku="1,1,54,1,53,0" doraHai="2" doraHaiUra="135" who="2" fromWho="3" sc="230,0,380,0,220,42,160,-32" /><INIT seed="2,0,0,5,2,25" ten="230,380,262,128" oya="2" hai0="110,33,41,121,62,87,95,17,7,102,83,2,49" hai1="80,35,75,61,51,13,19,69,74,32,55,30,94" hai2="42,106,90,40,68,88,1,29,111,38,123,16,82" hai3="76,50,66,57,97,53,129,67,18,34,24,85,109"/><V127/><F123/><W58/><G109/><T6/><D121/><U3/><E3/><V56/><F68/><W128/><G97/><T93/><D33/><U84/><E94/><V45/><F106/><W28/><G57/><T131/><D2/><U78/><E35/><V124/><F1/><W4/><G4/><T81/><D110/><U73/><E30/><V9/><F111/><W70/><G70/><T115/><D115/><U134/><E32/><V92/><F42/><W11/><G11/><T54/><D131/><N who="3" m="50249" /><G18/><T99/><D95/><U108/><E134/><V135/><F135/><W60/><G60/><T132/><D132/><U36/><E36/><V113/><F113/><W89/><G76/><T98/><D17/><U77/><E108/><V125/><F56/><W26/><G26/><T8/><D99/><U43/><E43/><V107/><F107/><W65/><G65/><T31/><D6/><U44/><E69/><V46/><F46/><W10/><G10/><T48/><D41/><U119/><E61/><V21/><F9/><W5/><G5/><T122/><D62/><U72/><E119/><V20/><F82/><AGARI ba="0,0" hai="24,28,34,50,53,58,66,67,82,85,89" m="50249" machi="82" ten="30,2000,0" yaku="19,1,52,1" doraHai="25" who="3" fromWho="2" sc="230,0,380,0,262,-20,128,20" /><INIT seed="3,0,0,2,4,44" ten="230,380,242,148" oya="3" hai0="70,67,17,101,134,112,5,15,18,23,86,16,84" hai1="135,6,126,24,132,56,19,82,96,85,74,88,71" hai2="129,117,72,32,42,123,26,119,61,48,89,38,80" hai3="120,130,55,9,105,104,14,122,60,76,51,64,10"/><W87/><G130/><T50/><D134/><N who="1" m="51243" /><E71/><V22/><F32/><W28/><G28/><T47/><D112/><U33/><E126/><V124/><F38/><W108/><G108/><T115/><D115/><U65/><E74/><V45/><F124/><W63/><G122/><T52/><D101/><U118/><E118/><V53/><F123/><W127/><G120/><T13/><D5/><U27/><E33/><V36/><F129/><W41/><G127/><T128/><D128/><U69/><E69/><V109/><F109/><W98/><G41/><T107/><D107/><U106/><E6/><V77/><F89/><W8/><G98/><T79/><D70/><U133/><E133/><V121/><F121/><W25/><G25/><N who="0" m="14567" /><D67/><U12/><E56/><V20/><F61/><W59/><G14/><N who="0" m="5131" /><D86/><U94/><E65/><V31/><F22/><W102/><G102/><T91/><D79/><N who="1" m="46303" /><E106/><V131/><F131/><W2/><G2/><T92/><AGARI ba="0,0" hai="17,18,47,50,52,84,91,92" m="5131,14567" machi="92" ten="30,7900,0" yaku="8,1,52,1,54,2" doraHai="44" who="0" fromWho="0" sc="230,79,380,-20,242,-20,148,-39" owari="309,11.0,360,46.0,222,-18.0,109,-39.0" /></mjloggm>