<mjloggm ver="2.3"><GO type="193" lobby="0"/><UN n0="%E3%83%88%E3%83%88%E3%83%AA%E5%85%88%E7%94%9F%31%39%E6%AD%B3" n1="%E4%B8%80%E5%A4%A9%E4%B8%89%E5%B1%80" n2="%64%61%79%74%6F%6E%61" n3="%E5%A5%A5%E7%BE%8E%E6%BF%83" dan="12,11,11,10" rate="1858.66,1859.53,1717.97,1746.39" sx="F,F,M,F"/><TAIKYOKU oya="0"/><INIT seed="0,0,0,1,0,39" ten="250,250,250,250" oya="0" hai0="5,23,17,107,16,111,56,19,83,99,106,9,65" hai1="69,125,78,10,131,82,47,8,40,34,79,84,103" hai2="130,114,4,122,21,112,27,94,57,22,1,128,63" hai3="2,36,20,81,110,119,55,117,38,77,96,124,121"/><T68/><D68/><U93/><E69/><V45/><F122/><W61/><G2/><T48/><D111/><U104/><E34/><V24/><F1/><W13/><G110/><T100/><D107/><U132/><E104/><V26/><F4/><W62/><G121/><T133/><D133/><U43/><E132/><V31/><F27/><W15/><G96/><T35/><D35/><U116/><E116/><V6/><F6/><W90/><G38/><T95/><D106/><U30/><E30/><V41/><F94/><W44/><G36/><T113/><D113/><U126/><E131/><V73/><F73/><W129/><G129/><N who="2" m="49769" /><F57/><W105/><G105/><T66/><D83/><U108/><E108/><V14/><F14/><W50/><G13/><N who="0" m="5295" /><D23/><N who="2" m="8714" /><F63/><W109/><G119/><T85/><D85/><U42/><E47/><V25/><F31/><W67/><G81/><T98/><D98/><N who="1" m="59855" /><E78/><V18/><F18/><W86/><G77/><T37/><D37/><AGARI ba="0,0" hai="24,25,26,37,41,45,112,114" m="8714,49769" machi="37" ten="30,2000,0" yaku="19,1,52,1" doraHai="39" who="2" fromWho="0" sc="250,-20,250,0,250,20,250,0" /><INIT seed="1,0,0,0,4,27" ten="230,250,270,250" oya="1" hai0="91,42,134,24,114,123,1,18,60,59,97,66,79" hai1="124,61,81,54,78,16,120,102,70,26,77,34,101" hai2="62,64,130,83,118,105,52,98,41,110,76,127,87" hai3="86,128,10,32,92,119,72,73,93,69,5,37,104"/><U46/><E120/><V29/><F118/><W109/><G37/><T89/><D114/><U33/><E124/><V88/><F127/><W22/><G69/><T8/><D123/><U7/><E7/><V43/><F110/><W108/><G104/><T106/><D134/><U15/><E77/><V99/><F130/><W122/><G32/><T133/><D133/><U100/><E26/><V121/><F121/><W126/><G119/><T11/><D42/><U115/><E115/><V45/><F105/><W117/><G122/><T107/><D79/><U135/><E135/><V71/><F29/><W9/><G72/><T35/><D11/><U113/><E113/><V25/><F25/><W57/><G73/><T6/><D18/><U125/><E125/><V85/><F43/><W63/><G117/><T129/><D129/><U75/><E70/><V40/><F40/><W23/><G109/><T65/><D65/><U74/><E74/><V30/><F30/><W68/><G128/><T14/><D1/><U116/><E116/><V67/><F67/><W20/><G68/><T51/><D51/><U12/><E12/><V50/><REACH who="2" step="1"/><F41/><REACH who="2" ten="230,250,260,250" step="2"/><W48/><G126/><T56/><D106/><U31/><E31/><V28/><F28/><W82/><G108/><T111/><D24/><U53/><E53/><V36/><F36/><W3/><G5/><T80/><D35/><U112/><E112/><V94/><AGARI ba="0,1" hai="45,50,52,62,64,71,76,83,85,87,88,94,98,99" machi="94" ten="20,8000,1" yaku="1,1,0,1,7,1,54,2,53,0" doraHai="27" doraHaiUra="55" who="2" fromWho="2" sc="230,-20,250,-40,260,90,250,-20" /><INIT seed="2,0,0,3,1,105" ten="210,210,350,230" oya="2" hai0="64,77,19,67,7,90,86,48,128,70,56,104,6" hai1="4,24,25,87,110,42,119,50,69,108,28,39,74" hai2="132,100,129,125,93,63,122,78,11,99,20,111,22" hai3="112,127,135,106,18,57,102,53,68,59,73,101,52"/><V45/><F122/><W9/><G68/><T26/><D104/><U130/><E119/><V60/><F129/><W0/><G112/><T121/><D121/><U34/><E130/><V15/><F132/><W8/><G106/><T118/><D70/><U49/><E69/><V97/><F125/><W115/><G0/><T81/><D118/><U82/><E24/><V124/><F124/><W120/><G120/><T75/><D128/><U1/><E87/><V54/><F111/><N who="1" m="42537" /><E42/><V123/><F123/><W72/><G115/><T10/><D48/><U131/><E131/><V95/><F78/><W116/><G127/><T55/><D55/><U29/><E29/><V23/><F45/><W117/><REACH who="3" step="1"/><G18/><REACH who="3" ten="210,210,350,220" step="2"/><T62/><D19/><U79/><E39/><V16/><REACH who="2" step="1"/><F54/><REACH who="2" ten="210,210,340,220" step="2"/><W17/><G17/><T27/><D7/><U47/><E47/><V66/><F66/><W126/><G126/><T37/><D67/><U84/><E4/><V21/><F21/><W51/><G51/><T85/><D37/><U46/><E1/><V44/><F44/><W94/><G94/><T36/><D36/><U91/><E46/><V133/><F133/><AGARI ba="0,2" hai="8,9,52,53,57,59,72,73,101,102,116,117,133,135" machi="133" ten="25,16000,3" yaku="1,1,22,2,52,2,54,1,53,2" doraHai="105" doraHaiUra="114" who="3" fromWho="2" sc="210,0,210,0,340,-160,220,180" /><INIT seed="3,0,0,2,4,12" ten="210,210,180,400" oya="3" hai0="119,69,58,29,102,22,66,126,38,15,89,108,40" hai1="124,107,17,110,59,93,57,120,79,72,47,71,49" hai2="127,116,123,10,68,82,92,74,96,44,50,19,101" hai3="32,117,87,122,114,70,80,104,24,98,118,75,109"/><W6/><G70/><T48/><D119/><U26/><E120/><V67/><F123/><W11/><G104/><T37/><D108/><U78/><E107/><V125/><F116/><W85/><G87/><T25/><D126/><N who="2" m="48138" /><F67/><W62/><G85/><T115/><D115/><U130/><E124/><V28/><F68/><W63/><G11/><T112/><D112/><U97/><E110/><V21/><F10/><W105/><G80/><T100/><D38/><U4/><E130/><V42/><F28/><W27/><G63/><N who="0" m="38263" /><D37/><U53/><E4/><V55/><F74/><W34/><G62/><T16/><D89/><N who="1" m="55471" /><E71/><V83/><F55/><W99/><G109/><T0/><D0/><U61/><E72/><V1/><F1/><W46/><G75/><T33/><D33/><U30/><E30/><V23/><F23/><W94/><G32/><T64/><D64/><N who="1" m="38959" /><E59/><V88/><F101/><N who="0" m="39018" /><D69/><U81/><E81/><V7/><F7/><W113/><G114/><T2/><D2/><U43/><E53/><V77/><F77/><W9/><G113/><T41/><D48/><U14/><E26/><AGARI ba="0,0" hai="19,21,26,42,44,50,82,83,88,92,96" m="48138" machi="26" ten="30,3900,0" yaku="18,1,52,1,54,1" doraHai="12" who="2" fromWho="1" sc="210,0,210,-39,180,39,400,0" owari="210,-19.0,171,-33.0,219,2.0,400,50.0" /></mjloggm>