<mjloggm ver="2.3"><GO type="41" lobby="0"/><UN n0="%E5%B0%B1%E6%B4%BB%E7%94%9F%40%E5%B7%9D%E6%9D%91%E8%BB%8D%E5%9B%A3" n1="%E3%83%AC%E3%82%AA%E5%90%89%E3%81%A4%E3%81%81%E3%82%93" n2="%E3%81%AB%E3%82%83%E3%82%81%E3%81%97" n3="%E9%BA%BB%E9%9B%80%E4%BF%AE%E8%A1%8C%E5%83%A7" dan="15,14,13,14" rate="1954.67,1971.04,1935.11,1832.97" sx="M,M,M,F"/><TAIKYOKU oya="0"/><INIT seed="0,0,0,4,0,2" ten="250,250,250,250" oya="0" hai0="100,111,30,86,39,51,101,53,134,67,37,13,0" hai1="56,49,71,42,48,50,108,4,46,32,35,12,90" hai2="41,95,52,45,62,85,18,43,93,38,110,123,28" hai3="122,22,1,60,73,83,132,81,23,105,29,80,131"/><T88/><D0/><U106/><E106/><V75/><F123/><W91/><G105/><T109/><D134/><U103/><E71/><V20/><F75/><W21/><G1/><T115/><D115/><U102/><E108/><N who="0" m="41545" /><D67/><U112/><E112/><V15/><F110/><W104/><G104/><T5/><D30/><U8/><E32/><V116/><F116/><W98/><G132/><T128/><D128/><U129/><E35/><V34/><F34/><W55/><G131/><T14/><D100/><N who="1" m="38443" /><E129/><V63/><F28/><W7/><G29/><T97/><D97/><U68/><E68/><V72/><F72/><W70/><G73/><T36/><D101/><U11/><E11/><V33/><F33/><W94/><G122/><T26/><D26/><U3/><E3/><V130/><F130/><W120/><G120/><T17/><D17/><U24/><E24/><V27/><F27/><W119/><G119/><T54/><D5/><U135/><E135/><V59/><F62/><W47/><G70/><T9/><D9/><U19/><E19/><V127/><F127/><W87/><G7/><T44/><D53/><U66/><E90/><V82/><F43/><W76/><REACH who="3" step="1"/><G60/><AGARI ba="0,0" hai="4,8,12,42,46,48,49,50,56,60,66" m="38443" machi="60" ten="30,2000,0" yaku="8,1,52,1" doraHai="2" who="1" fromWho="3" sc="250,0,250,20,250,0,250,-20" /><INIT seed="1,0,0,5,0,3" ten="250,270,250,230" oya="1" hai0="4,17,18,41,101,65,85,58,111,79,71,8,29" hai1="66,129,80,110,38,117,55,63,40,24,56,106,84" hai2="135,113,60,34,97,76,25,12,100,134,132,124,115" hai3="32,54,121,75,74,95,68,5,44,114,20,45,107"/><U104/><E117/><V47/><F76/><W7/><G107/><T59/><D71/><U43/><E129/><V64/><F47/><W31/><G121/><T99/><D111/><U28/><E110/><V131/><F131/><W33/><G20/><T1/><D41/><U6/><E38/><V16/><F124/><W22/><G22/><T26/><D85/><U23/><E106/><N who="2" m="63759" /><F25/><W90/><G95/><T48/><D79/><N who="1" m="46111" /><E104/><V102/><F102/><W46/><G46/><T15/><D59/><N who="1" m="37247" /><E6/><V36/><F36/><W98/><G31/><T88/><D101/><U78/><E78/><V49/><F49/><AGARI ba="0,0" hai="23,24,28,40,43,49,55,56" m="37247,46111" machi="49" ten="30,1500,0" yaku="8,1" doraHai="3" who="1" fromWho="2" sc="250,0,270,15,250,-15,230,0" /><INIT seed="1,1,0,2,4,13" ten="250,285,235,230" oya="1" hai0="24,76,35,86,65,74,127,26,115,15,117,75,57" hai1="96,9,97,37,79,132,104,61,6,18,17,77,84" hai2="119,4,107,21,30,95,53,122,33,130,8,120,28" hai3="19,71,56,42,102,124,68,40,91,100,12,54,63"/><U99/><E37/><V128/><F107/><W83/><G124/><T105/><D15/><N who="1" m="5559" /><E132/><V92/><F53/><W103/><G71/><T29/><D26/><U60/><E104/><V72/><F72/><W41/><G68/><T121/><D86/><U23/><E23/><V27/><F92/><W123/><G123/><N who="2" m="47145" /><F95/><W7/><G7/><T81/><D74/><U87/><E87/><V16/><F119/><W73/><G73/><T94/><D94/><U101/><E101/><V67/><F67/><W55/><G91/><T31/><D31/><N who="2" m="11818" /><F33/><W14/><G14/><AGARI ba="1,0" hai="4,8,14,16,21,27,128,130" m="11818,47145" machi="14" ten="30,7700,0" yaku="34,2,52,1,54,1" doraHai="13" who="2" fromWho="3" sc="250,0,285,0,235,80,230,-80" /><INIT seed="2,0,0,0,5,41" ten="250,285,315,150" oya="2" hai0="72,119,58,27,39,48,90,63,93,3,17,26,21" hai1="32,0,67,125,126,82,16,94,65,87,96,80,49" hai2="103,97,106,130,79,13,123,120,95,73,9,46,105" hai3="92,62,8,24,5,127,128,18,85,40,91,118,86"/><V110/><F130/><W114/><G128/><T84/><D39/><U14/><E32/><V34/><F34/><W50/><G127/><N who="1" m="48650" /><E0/><V2/><F2/><W12/><G118/><T100/><D3/><U108/><E108/><V29/><F29/><W133/><G133/><T28/><D72/><U83/><E87/><V132/><F132/><W134/><G134/><T10/><D119/><U135/><E135/><V124/><F124/><W57/><G114/><T81/><D100/><N who="1" m="60439" /><E49/><V54/><F110/><W109/><G109/><T19/><D10/><AGARI ba="0,0" hai="10,14,16,65,67,80,82,83" m="60439,48650" machi="10" ten="30,2000,0" yaku="18,1,54,1" doraHai="41" who="1" fromWho="0" sc="250,-20,285,20,315,0,150,0" /><INIT seed="3,0,0,0,2,94" ten="230,305,315,150" oya="3" hai0="81,19,57,32,93,37,2,83,43,70,120,47,12" hai1="101,133,79,59,103,100,17,39,127,34,129,10,46" hai2="52,11,7,65,107,119,28,74,113,30,23,110,27" hai3="64,22,96,87,84,51,88,18,85,72,62,60,68"/><W106/><G72/><T69/><D120/><U33/><E127/><V89/><F113/><W56/><G51/><T105/><D105/><U45/><E79/><V91/><F119/><W97/><G106/><T114/><D2/><U21/><E10/><V131/><F131/><W109/><G88/><T123/><D123/><U41/><E129/><V25/><F110/><W71/><G109/><T48/><D32/><U112/><E133/><V49/><F65/><W102/><G102/><T55/><D114/><U16/><E112/><V14/><F74/><W104/><G104/><T1/><D1/><U75/><E75/><V67/><F67/><W121/><G121/><T73/><D93/><U29/><E46/><V98/><F107/><W26/><REACH who="3" step="1"/><G71/><REACH who="3" ten="230,305,315,140" step="2"/><T61/><D73/><U77/><E77/><V126/><F126/><W44/><G44/><T124/><D124/><U95/><E45/><N who="2" m="27695" /><F89/><W4/><G4/><T58/><D70/><U76/><E76/><V92/><F23/><W117/><G117/><T15/><D69/><U9/><E21/><V90/><F90/><W0/><G0/><T115/><D115/><U128/><E34/><V118/><F118/><W78/><G78/><T50/><D37/><U35/><E33/><V82/><F82/><W99/><G99/><T6/><D6/><U135/><E35/><V13/><F13/><W108/><G108/><T40/><D40/><U42/><E39/><V111/><F111/><W8/><G8/><N who="0" m="6535" /><D15/><U125/><E125/><V31/><AGARI ba="0,1" hai="7,11,14,25,27,28,30,31,91,92,98" m="27695" machi="31" ten="30,4000,0" yaku="8,1,52,1,54,1" doraHai="94" who="2" fromWho="2" sc="230,-10,305,-10,315,50,140,-20" /><INIT seed="4,0,0,5,5,6" ten="220,295,365,120" oya="0" hai0="43,11,52,30,93,3,50,12,132,131,115,85,87" hai1="88,121,100,69,65,42,14,28,5,64,122,107,31" hai2="127,128,41,91,39,78,108,45,109,97,37,20,53" hai3="74,110,0,18,24,35,23,83,112,2,133,101,92"/><T17/><D115/><U19/><E5/><V13/><F78/><W130/><G74/><T56/><D131/><U8/><E42/><V98/><F91/><W71/><G71/><T119/><D119/><U123/><E69/><V86/><F41/><W58/><G83/><T134/><D3/><N who="3" m="1065" /><G58/><T81/><D30/><U135/><E135/><N who="0" m="51753" /><D93/><U89/><E107/><V46/><F53/><W16/><G92/><T61/><D81/><U117/><E100/><V106/><F86/><N who="0" m="32778" /><D43/><U60/><E117/><V15/><F106/><W84/><G133/><T44/><D44/><U48/><E48/><AGARI ba="0,0" hai="11,12,17,48,50,52,56,61" m="32778,51753" machi="48" ten="30,5800,0" yaku="20,1,52,1,54,1" doraHai="6" who="0" fromWho="1" sc="220,58,295,-58,365,0,120,0" /><INIT seed="4,1,0,2,0,48" ten="278,237,365,120" oya="0" hai0="67,113,122,102,44,111,61,99,68,46,131,109,3" hai1="42,58,127,47,118,30,96,80,18,21,105,57,135" hai2="6,100,24,54,110,11,121,134,116,49,60,5,76" hai3="81,9,40,98,32,33,115,8,2,92,34,128,27"/><T107/><D3/><U91/><E118/><V31/><F110/><N who="0" m="41994" /><D113/><U22/><E127/><V62/><F121/><W112/><G128/><T69/><D122/><U106/><E135/><V29/><F134/><W94/><G40/><T37/><D37/><U51/><E106/><V15/><F116/><W97/><G27/><T74/><D74/><U78/><E105/><V39/><F39/><W89/><G81/><T43/><D131/><U12/><E78/><V65/><F76/><W13/><G2/><T50/><D46/><U26/><E80/><V125/><F125/><W59/><G59/><AGARI ba="1,0" hai="43,44,50,59,61,67,68,69,99,102,107" m="41994" machi="59" ten="30,1500,0" yaku="10,1" doraHai="48" who="0" fromWho="3" sc="278,18,237,0,365,0,120,-18" /><INIT seed="4,2,0,0,0,1" ten="296,237,365,102" oya="0" hai0="36,97,34,120,17,19,65,9,51,91,23,32,38" hai1="0,2,108,16,64,117,30,88,55,77,89,103,135" hai2="118,12,111,105,47,131,68,22,33,56,43,42,14" hai3="107,128,41,133,109,113,4,78,60,10,71,20,26"/><T46/><D120/><U95/><E117/><V62/><F118/><W66/><G113/><T121/><D121/><U13/><E108/><V124/><F68/><W31/><G133/><T79/><D79/><U81/><E135/><V134/><F33/><W94/><G128/><T106/><D34/><U86/><E30/><V72/><F134/><W3/><G109/><T96/><D32/><U29/><E29/><V63/><F111/><W110/><G110/><T85/><D65/><U112/><E112/><V127/><F72/><W8/><G107/><T126/><D126/><N who="2" m="48170" /><F131/><W99/><G41/><N who="2" m="15369" /><F105/><W6/><G78/><T58/><D106/><U100/><E64/><N who="2" m="38983" /><F47/><W84/><G84/><T73/><D73/><U45/><E2/><V123/><F63/><W98/><REACH who="3" step="1"/><G94/><REACH who="3" ten="296,237,365,92" step="2"/><N who="0" m="54639" /><D38/><U25/><E95/><V7/><F123/><W90/><G90/><T40/><D36/><U102/><E89/><V125/><F125/><W59/><G59/><T54/><D40/><U48/><E77/><V114/><F114/><W116/><G116/><T37/><D37/><U28/><E103/><V93/><F93/><W92/><G92/><T21/><D58/><U27/><E102/><V80/><F80/><W53/><G53/><T122/><D122/><U130/><E100/><V61/><F61/><W18/><G18/><N who="0" m="6667" /><D9/><U15/><E130/><V50/><F50/><W115/><G115/><T57/><D57/><U69/><E69/><V67/><F67/><W82/><G82/><T49/><D49/><U87/><E48/><V5/><F14/><AGARI ba="2,1" hai="3,4,6,8,10,14,20,26,31,60,66,71,98,99" machi="14" ten="30,7700,0" yaku="1,1,7,1,52,2,53,0" doraHai="1" doraHaiUra="132" who="3" fromWho="2" sc="296,0,237,0,365,-83,92,93" /><INIT seed="5,0,0,1,3,49" ten="296,237,282,185" oya="1" hai0="88,98,122,76,113,67,4,43,70,5,114,131,1" hai1="135,92,31,80,42,134,10,94,104,7,111,51,69" hai2="132,41,116,38,89,97,62,57,128,65,44,20,45" hai3="16,55,108,130,13,121,35,117,100,3,84,107,71"/><U24/><E69/><V23/><F116/><W11/><G108/><T74/><D122/><U26/><E104/><V124/><F128/><W60/><G121/><T15/><D131/><U17/><E111/><V85/><F132/><N who="1" m="50729" /><E80/><V39/><F124/><W118/><G130/><T133/><D1/><N who="1" m="367" /><E17/><V25/><F97/><N who="3" m="61839" /><G35/><T109/><D109/><U52/><E42/><V56/><F56/><N who="3" m="34847" /><G71/><T53/><D133/><U37/><E37/><V101/><F101/><W58/><G58/><T28/><D43/><U21/><E24/><V119/><F23/><W127/><G84/><T126/><D113/><U86/><E86/><V46/><F39/><W83/><G83/><T54/><D126/><U96/><E96/><V19/><REACH who="2" step="1"/><F119/><REACH who="2" ten="296,237,272,185" step="2"/><N who="3" m="45579" /><G3/><T90/><D114/><U14/><E14/><V32/><F32/><W81/><G81/><AGARI ba="0,1" hai="19,20,25,38,41,44,45,46,57,62,65,81,85,89" machi="81" ten="30,3900,0" yaku="1,1,7,1,53,1" doraHai="49" doraHaiUra="36" who="2" fromWho="3" sc="296,0,237,0,272,49,185,-39" /><INIT seed="6,0,0,4,5,9" ten="296,237,321,146" oya="2" hai0="79,118,57,34,65,28,72,88,113,47,22,111,0" hai1="106,32,49,6,38,98,105,134,7,60,25,14,73" hai2="66,27,31,110,56,62,4,8,35,3,135,63,55" hai3="81,116,124,92,36,53,12,61,121,109,103,17,82"/><V15/><F135/><W69/><G109/><T67/><D34/><U29/><E38/><V74/><F110/><W119/><G121/><T33/><D111/><U46/><E73/><V90/><F74/><W100/><G36/><T45/><D33/><U18/><E134/><V23/><F90/><W87/><G124/><T26/><D0/><U107/><E98/><V75/><F75/><W70/><G70/><T80/><D113/><U101/><E60/><V78/><F78/><W128/><G128/><T84/><D118/><U112/><E112/><V5/><F5/><W91/><G81/><T40/><D57/><U123/><E101/><V1/><REACH who="2" step="1"/><F35/><REACH who="2" ten="296,237,311,146" step="2"/><W10/><G103/><T83/><D45/><U76/><E76/><V48/><F48/><AGARI ba="0,1" hai="22,26,28,40,47,48,65,67,72,79,80,83,84,88" machi="48" ten="30,2000,0" yaku="7,1,54,1" doraHai="9" who="0" fromWho="2" sc="296,30,237,0,311,-20,146,0" /><INIT seed="7,0,0,0,0,54" ten="326,237,291,146" oya="3" hai0="6,85,72,129,109,87,97,60,52,45,70,28,47" hai1="71,44,7,51,116,31,13,94,5,125,39,133,117" hai2="106,135,41,80,46,103,93,17,1,58,76,64,83" hai3="90,95,130,84,82,14,30,75,16,120,0,115,29"/><W126/><G115/><T63/><D72/><U118/><E71/><V127/><F1/><W98/><G130/><T124/><D109/><U35/><E39/><V79/><F106/><W105/><G126/><T48/><D70/><U99/><E125/><V24/><F127/><W73/><G120/><T74/><D74/><U49/><E133/><V88/><F135/><W50/><G0/><T65/><D124/><U37/><E37/><V38/><F17/><W123/><G123/><T66/><D6/><U23/><E35/><V55/><F64/><N who="0" m="24682" /><D28/><U10/><E7/><V67/><F24/><W108/><G108/><T81/><D97/><U89/><E44/><N who="0" m="16969" /><D129/><U42/><E42/><V40/><F40/><W122/><G122/><T69/><D69/><U62/><E62/><N who="0" m="23593" /><D81/><U86/><E99/><N who="2" m="59887" /><F38/><W33/><G105/><T20/><D20/><U119/><N who="1" m="29696" /><DORA hai="32" /><U4/><E4/><V36/><F80/><W25/><G30/><T113/><D113/><U2/><E13/><V112/><F112/><W110/><G50/><T21/><D21/><U114/><E114/><V56/><F67/><W43/><G43/><T19/><D19/><U57/><E31/><V132/><F132/><W26/><G26/><T8/><D8/><U96/><E23/><V53/><F36/><W78/><REACH who="3" step="1"/><G110/><REACH who="3" ten="326,237,291,136" step="2"/><T18/><D18/><U12/><E2/><V121/><F41/><W100/><G100/><T22/><D22/><AGARI ba="0,1" hai="14,16,22,25,29,33,73,75,78,82,84,90,95,98" machi="22" ten="30,11600,0" yaku="1,1,7,1,54,1,53,1" doraHai="54,32" doraHaiUra="9,131" who="3" fromWho="0" sc="326,-116,237,0,291,0,136,126" /><INIT seed="7,1,0,3,2,77" ten="210,237,291,262" oya="3" hai0="53,72,23,7,107,111,65,26,38,101,34,33,125" hai1="108,106,117,42,37,24,18,70,58,71,103,49,25" hai2="104,118,132,82,89,28,32,48,76,86,1,56,12" hai3="90,50,124,84,96,5,68,60,81,128,0,109,74"/><W19/><G0/><T8/><D111/><U123/><E123/><V100/><F118/><W40/><G5/><T59/><D72/><U41/><E108/><V105/><F1/><W119/><G119/><T55/><D38/><U98/><E117/><V127/><F127/><W64/><G109/><T73/><D125/><U6/><E6/><V54/><F132/><W122/><G122/><T11/><D73/><U129/><E129/><V130/><F130/><W134/><G128/><T22/><D65/><U69/><E37/><V51/><F100/><W116/><G116/><T87/><D107/><U85/><E58/><V121/><F121/><W21/><G124/><T31/><D101/><U35/><E35/><V3/><F3/><W99/><G134/><T52/><D34/><U126/><E126/><V91/><F104/><W4/><G4/><T13/><D59/><U135/><E135/><V133/><F105/><W44/><REACH who="3" step="1"/><G74/><REACH who="3" ten="210,237,291,252" step="2"/><T75/><D75/><U94/><E106/><V62/><F133/><W131/><G131/><T2/><D11/><U29/><E29/><V39/><F28/><W95/><G95/><T115/><D115/><U97/><E94/><V46/><F32/><W120/><G120/><T36/><D36/><U67/><E18/><V78/><F39/><W93/><G93/><T27/><D2/><U47/><E103/><V16/><F16/><W114/><G114/><T17/><D33/><U83/><E98/><V43/><F89/><W110/><G110/><T45/><D45/><U9/><E47/><V112/><F112/><W63/><G63/><T102/><D102/><RYUUKYOKU ba="1,1" sc="210,15,237,-15,291,-15,252,15" hai0="7,8,13,17,22,23,26,27,31,52,53,55,87" hai3="19,21,40,44,50,60,64,68,81,84,90,96,99" /><INIT seed="7,2,1,1,2,42" ten="225,222,276,267" oya="3" hai0="126,16,58,59,121,84,127,99,75,135,15,116,88" hai1="129,122,17,8,60,4,25,117,35,83,131,40,9" hai2="39,43,96,82,101,86,41,74,100,21,1,51,119" hai3="106,69,36,77,26,61,108,128,46,34,91,11,30"/><W102/><G77/><T12/><D75/><U79/><E122/><V19/><F119/><W50/><G36/><T33/><D33/><U24/><E35/><V68/><F68/><W85/><G128/><N who="1" m="49226" /><E117/><V62/><F74/><W66/><G108/><T118/><D121/><U113/><E113/><V103/><F39/><W110/><G110/><T80/><D135/><U7/><E60/><V95/><F1/><W67/><G67/><T114/><D114/><U63/><E63/><V78/><F62/><W37/><G37/><T123/><D123/><U92/><E92/><V98/><F98/><W115/><G115/><T53/><D99/><U0/><E17/><V132/><F132/><W107/><G11/><N who="0" m="6175" /><D15/><N who="1" m="5511" /><E40/><N who="2" m="15435" /><F51/><W48/><G102/><T3/><D3/><U130/><N who="1" m="49234" /><U10/><DORA hai="47" /><E10/><V23/><F23/><W93/><G50/><N who="0" m="31031" /><D59/><U64/><E64/><V27/><AGARI ba="2,1" hai="19,21,27,78,82,86,95,96,100,101,103" m="15435" machi="27" ten="30,1100,0" yaku="8,1" doraHai="42,47" who="2" fromWho="2" sc="225,-5,222,-5,276,27,267,-7" owari="220,-18.0,217,-28.0,303,40.0,260,6.0" /></mjloggm>