<mjloggm ver="2.3"><GO type="169" lobby="0"/><UN n0="%54%42%41%43%4E" n1="%E3%82%A6%E3%83%AB%E3%83%88%E3%83%A9%E7%AB%8B%E7%9B%B4" n2="%E3%81%B5%E3%81%98%E3%81%8A" n3="%74%61%74%73%75%37%30%32" dan="16,17,18,17" rate="2063.08,2196.76,2169.28,2261.69" sx="M,M,M,M"/><TAIKYOKU oya="0"/><INIT seed="0,0,0,0,3,125" ten="250,250,250,250" oya="0" hai0="3,96,38,34,14,99,66,10,103,114,45,118,81" hai1="37,13,135,63,46,35,23,8,47,119,115,29,88" hai2="22,110,60,108,9,134,16,41,124,68,75,93,70" hai3="78,59,95,65,121,27,1,30,7,89,48,127,43"/><T64/><D3/><U49/><E119/><V51/><F75/><W106/><G127/><T82/><D114/><U39/><E35/><V94/><F124/><W105/><G121/><T86/><D34/><U98/><E115/><V84/><F134/><W31/><G31/><T54/><D118/><U40/><E135/><V131/><F9/><W6/><G78/><T97/><D103/><U11/><E39/><V123/><F123/><W50/><G106/><T26/><D26/><N who="1" m="16607" /><E37/><V24/><F41/><W52/><G105/><T83/><D86/><U87/><E47/><V101/><F51/><W104/><G104/><T12/><D38/><U18/><E63/><V56/><F84/><W91/><G65/><N who="0" m="25195" /><D10/><N who="1" m="6455" /><E98/><N who="2" m="59599" /><F94/><AGARI ba="0,0" hai="8,11,40,46,49,87,88,94" m="6455,16607" machi="94" ten="30,2000,0" yaku="8,1,54,1" doraHai="125" who="1" fromWho="2" sc="250,0,250,20,250,-20,250,0" /><INIT seed="1,0,0,0,4,84" ten="250,270,230,250" oya="1" hai0="106,127,71,40,39,94,114,92,46,63,34,31,75" hai1="48,108,9,110,134,58,22,18,121,32,0,88,15" hai2="128,89,123,6,107,105,60,16,119,55,57,66,14" hai3="91,27,24,90,132,25,135,70,118,36,102,131,69"/><U42/><E32/><V115/><F123/><W87/><G36/><T93/><D114/><U35/><E35/><V111/><F119/><W68/><G118/><T59/><D71/><U3/><E121/><V120/><F120/><W17/><G131/><T45/><D106/><U67/><E134/><N who="3" m="51242" /><G87/><T82/><D127/><U86/><E67/><V129/><F111/><N who="1" m="42537" /><E9/><V122/><F122/><W74/><G74/><T47/><D34/><U73/><E73/><V117/><F117/><W44/><G44/><T104/><D104/><U78/><E78/><V10/><F115/><W4/><G102/><T116/><D31/><U19/><E19/><V96/><F66/><W100/><G100/><T95/><D116/><U61/><E42/><V125/><F125/><W77/><G77/><T56/><D40/><U33/><E33/><V43/><F43/><W52/><G52/><T109/><D109/><U41/><E41/><V29/><F29/><W79/><G79/><T101/><D39/><U72/><E72/><V130/><REACH who="2" step="1"/><F6/><REACH who="2" ten="250,270,220,250" step="2"/><W99/><G4/><T30/><D30/><U49/><E49/><V50/><F50/><W12/><G99/><T37/><D37/><U133/><E133/><V2/><F2/><W13/><G17/><T1/><D1/><U5/><E5/><V103/><F103/><W7/><G7/><T20/><D101/><U81/><E61/><V126/><F126/><W8/><G8/><T85/><D63/><U64/><E64/><V53/><F53/><AGARI ba="0,1" hai="0,3,15,18,22,48,53,58,81,86,88" m="42537" machi="53" ten="30,11600,0" yaku="14,1,10,1,52,1,54,1" doraHai="84" who="1" fromWho="2" sc="250,0,270,126,220,-116,250,0" /><INIT seed="1,1,0,1,4,10" ten="250,396,104,250" oya="1" hai0="88,52,22,64,62,86,109,30,28,111,80,58,94" hai1="107,92,89,31,44,65,117,63,101,75,29,3,106" hai2="114,127,120,122,91,133,125,47,14,45,113,7,112" hai3="57,0,105,103,70,110,100,39,2,43,123,83,26"/><U66/><E3/><V50/><F133/><W118/><G57/><T48/><D22/><U68/><E117/><V128/><F128/><W5/><G103/><T85/><D111/><U32/><E75/><V81/><F81/><W21/><G21/><T6/><D6/><U19/><E66/><V54/><F91/><W53/><G53/><T115/><D115/><U121/><E121/><N who="2" m="46699" /><F7/><W59/><G59/><T38/><D38/><U129/><E129/><V96/><F96/><W93/><G93/><T33/><D33/><U132/><E132/><V82/><F82/><W8/><G2/><T41/><D41/><U27/><E31/><V55/><F14/><W23/><G70/><T77/><D109/><U34/><E34/><V126/><F47/><AGARI ba="1,0" hai="28,30,47,48,52,58,62,64,77,80,85,86,88,94" machi="47" ten="30,7700,0" yaku="7,1,8,1,54,2" doraHai="10" who="0" fromWho="2" sc="250,80,396,0,104,-80,250,0" /><INIT seed="2,0,0,2,5,1" ten="330,396,24,250" oya="2" hai0="20,54,131,59,25,31,90,6,37,41,30,3,44" hai1="117,4,93,87,70,86,118,96,8,132,75,42,76" hai2="66,43,82,115,26,15,21,92,11,13,29,100,133" hai3="67,49,74,129,14,119,48,105,73,130,77,134,36"/><V88/><F115/><W69/><G36/><T9/><D131/><N who="3" m="50185" /><G105/><T32/><D90/><N who="1" m="53471" /><E70/><V104/><F133/><W99/><G134/><T61/><REACH who="0" step="1"/><D32/><REACH who="0" ten="320,396,24,250" step="2"/><U95/><E132/><V46/><F66/><W56/><G119/><T28/><AGARI ba="0,1" hai="3,6,9,20,25,28,30,31,37,41,44,54,59,61" machi="28" ten="20,8000,1" yaku="1,1,2,1,0,1,7,1,52,1,53,0" doraHai="1" doraHaiUra="109" who="0" fromWho="0" sc="320,90,396,-20,24,-40,250,-20" owari="410,51.0,376,18.0,-16,-52.0,230,-17.0" /></mjloggm>