<mjloggm ver="2.3"><GO type="97" lobby="0"/><UN n0="%E5%B0%B1%E6%B4%BB%E7%94%9F%40%E5%B7%9D%E6%9D%91%E8%BB%8D%E5%9B%A3" n1="%E4%BC%9D%E3%82%8F%E3%82%89%E3%81%AA%E3%81%84%E8%A8%80%E8%91%89" n2="%E3%81%BC%E3%81%8F%E3%83%86%E3%83%87%E3%82%A3%E2%99%82%E3%81%A0%E3%82%88" n3="%E2%80%BB%34%33%33%E2%80%BB" dan="14,13,13,14" rate="1935.64,1810.25,1868.27,1868.64" sx="M,M,M,M"/><TAIKYOKU oya="0"/><INIT seed="0,0,0,1,0,49" ten="250,250,250,250" oya="0" hai0="44,55,31,6,121,45,107,34,4,74,103,38,51" hai1="30,67,123,97,1,69,54,61,17,130,114,110,87" hai2="94,92,58,105,2,100,113,8,108,93,117,53,48" hai3="129,18,120,83,111,7,124,15,135,21,57,96,16"/><T80/><D121/><U78/><E123/><V73/><F113/><W3/><G120/><T25/><D107/><U134/><E114/><V27/><F73/><W79/><G135/><T133/><D133/><U56/><E134/><V32/><F108/><W14/><G111/><T84/><D74/><U39/><E1/><V101/><F117/><W62/><G129/><T75/><D75/><U41/><E130/><V68/><F68/><W24/><G124/><T13/><D103/><U22/><E30/><V88/><F105/><W10/><G96/><T40/><REACH who="0" step="1"/><D13/><REACH who="0" ten="240,250,250,250" step="2"/><U26/><E110/><V0/><F101/><W86/><REACH who="3" step="1"/><G18/><REACH who="3" ten="240,250,250,240" step="2"/><T91/><AGARI ba="0,2" hai="4,6,25,31,34,38,40,44,45,51,55,80,84,91" machi="91" ten="20,12000,1" yaku="1,1,2,1,0,1,7,1,52,1,53,0" doraHai="49" doraHaiUra="52" who="0" fromWho="0" sc="240,140,250,-40,250,-40,240,-40" /><INIT seed="0,1,0,0,4,107" ten="380,210,210,200" oya="0" hai0="85,52,101,2,3,112,26,25,16,6,22,92,61" hai1="50,5,0,45,63,30,7,84,104,4,115,10,42" hai2="124,69,17,18,31,128,66,51,53,102,39,98,34" hai3="8,123,62,60,49,80,93,108,126,127,57,44,37"/><T135/><D112/><U88/><E104/><V47/><F124/><W81/><G8/><T43/><D43/><U103/><E103/><V35/><F128/><W132/><G93/><T99/><D135/><U65/><E115/><V33/><F39/><W90/><G90/><T19/><D6/><U87/><E30/><V58/><F18/><W67/><G81/><T100/><D100/><U125/><E87/><V21/><F69/><W117/><G80/><T20/><D85/><U75/><E75/><V78/><F78/><W94/><G94/><T133/><D133/><U12/><E0/><V91/><F91/><W41/><G132/><T14/><D14/><U129/><E129/><V120/><F120/><W77/><G77/><T134/><D134/><U68/><REACH who="1" step="1"/><E125/><REACH who="1" ten="380,200,210,200" step="2"/><V109/><F31/><W15/><G127/><T36/><D36/><U11/><E11/><V86/><F86/><W130/><G37/><T1/><D1/><U118/><E118/><V89/><F102/><W121/><G130/><T46/><D3/><U27/><E27/><N who="2" m="14767" /><F109/><W40/><G108/><T13/><D2/><U24/><E24/><V95/><F35/><W106/><G106/><T111/><D111/><U48/><E48/><V105/><F105/><W72/><G72/><T119/><D119/><U23/><E23/><V32/><F32/><W122/><G117/><T38/><D38/><U64/><E64/><V59/><F66/><N who="3" m="39183" /><G126/><T9/><D9/><U73/><E73/><V97/><F98/><W54/><G15/><T71/><D13/><U96/><E96/><V55/><F33/><W76/><G76/><RYUUKYOKU ba="1,1" sc="380,-15,200,15,210,-15,200,15" hai1="4,5,7,10,12,42,45,50,63,65,68,84,88" hai3="40,41,44,49,54,62,67,121,122,123" /><BYE who="0" /><INIT seed="1,2,1,4,4,8" ten="365,215,195,215" oya="1" hai0="98,105,110,22,35,134,38,114,28,33,21,71,58" hai1="44,127,88,69,67,56,80,125,18,49,24,62,112" hai2="29,74,109,89,78,30,75,87,90,7,107,120,84" hai3="23,121,119,86,117,79,111,85,47,70,83,61,59"/><U77/><E112/><UN n0="%E5%B0%B1%E6%B4%BB%E7%94%9F%40%E5%B7%9D%E6%9D%91%E8%BB%8D%E5%9B%A3" /><V0/><F120/><W100/><G121/><T93/><D114/><U20/><E69/><V94/><F107/><W11/><G70/><T135/><D71/><U17/><E88/><V124/><F109/><W50/><G111/><T116/><D116/><U9/><E80/><V60/><F124/><N who="1" m="47689" /><E77/><V19/><F0/><W106/><G23/><T101/><D110/><U6/><E18/><V54/><F7/><W122/><G122/><T42/><D105/><U41/><E9/><V126/><F126/><W3/><G86/><T57/><D35/><U36/><E6/><V118/><F118/><W52/><G3/><T95/><D33/><U63/><E62/><V25/><F78/><W13/><G100/><T12/><D93/><U65/><E65/><V32/><F19/><W72/><G72/><T1/><D1/><U133/><E133/><V10/><F10/><W123/><G106/><T104/><D104/><U14/><E36/><V4/><F4/><W92/><G92/><T103/><D103/><U48/><E48/><V113/><F113/><W99/><G99/><T108/><D108/><U37/><E37/><V39/><F39/><W31/><G123/><T26/><D38/><U68/><E68/><V128/><F60/><W53/><G31/><T64/><D64/><U73/><E73/><N who="2" m="27659" /><F30/><W34/><G34/><T130/><D134/><U76/><E76/><V91/><F90/><W115/><G115/><T40/><D135/><U66/><E66/><V2/><F91/><W27/><G27/><AGARI ba="2,1" hai="14,17,20,24,27,41,44,49,56,63,67" m="47689" machi="27" ten="30,2900,0" yaku="18,1,52,1" doraHai="8" who="1" fromWho="3" sc="365,0,215,45,195,0,215,-35" /><INIT seed="1,3,0,5,0,41" ten="365,260,195,180" oya="1" hai0="107,8,76,54,11,100,88,67,90,114,72,104,21" hai1="82,1,121,28,31,63,79,123,134,93,16,27,89" hai2="126,129,56,122,39,94,105,53,9,17,84,4,78" hai3="81,98,18,97,43,133,58,57,61,130,86,110,2"/><U15/><E1/><V25/><F105/><W87/><G2/><T91/><D114/><U101/><E101/><V96/><F122/><W117/><G117/><T33/><D33/><U48/><E134/><V45/><F126/><W24/><G133/><T99/><D104/><U135/><E135/><V23/><F129/><W85/><G130/><T70/><D54/><U13/><E63/><V131/><F131/><W115/><G115/><T34/><D34/><U119/><E119/><V20/><F78/><W66/><G110/><T68/><D21/><U44/><E121/><V26/><F84/><W32/><G81/><T95/><D107/><U109/><E109/><V112/><F112/><W10/><G32/><T19/><D19/><U12/><E82/><V59/><F39/><W6/><G57/><T62/><D70/><U35/><E79/><V50/><F9/><W75/><G75/><T14/><D14/><U40/><E123/><V125/><F4/><W64/><G64/><T103/><D103/><U69/><E69/><V106/><F106/><W49/><G6/><T120/><D120/><U3/><E3/><V111/><F125/><W73/><G73/><T80/><AGARI ba="3,0" hai="8,11,62,67,68,72,76,80,88,90,91,95,99,100" machi="80" ten="30,2000,0" yaku="0,1,54,1" doraHai="41" who="0" fromWho="0" sc="365,29,260,-13,195,-8,180,-8" /><INIT seed="2,0,0,1,0,6" ten="394,247,187,172" oya="2" hai0="59,64,16,48,43,22,119,46,33,17,82,53,128" hai1="77,74,131,109,88,104,37,52,2,134,15,123,127" hai2="62,20,95,42,41,4,18,115,57,79,80,11,19" hai3="31,8,13,73,117,67,97,124,60,27,50,112,101"/><V5/><F115/><W54/><G117/><T93/><D33/><U32/><E15/><N who="2" m="7551" /><F95/><W21/><G124/><T129/><D119/><U98/><E98/><V84/><F57/><W14/><G112/><T81/><D64/><U26/><E26/><N who="2" m="14623" /><F62/><W70/><G73/><T90/><D128/><U110/><E77/><V121/><F121/><W69/><G69/><T126/><D126/><U105/><E105/><V132/><F132/><W34/><G21/><T45/><D129/><U36/><E36/><V68/><F68/><W118/><G118/><T40/><D46/><U114/><E88/><V25/><F25/><W100/><G100/><T35/><D35/><U103/><E103/><V125/><F125/><W10/><G14/><N who="0" m="9495" /><D17/><U92/><E92/><V61/><F61/><W75/><G13/><T133/><D133/><U96/><E52/><V106/><F106/><N who="3" m="63791" /><G75/><T94/><D94/><U76/><E76/><V135/><F135/><W83/><G83/><N who="0" m="31755" /><D59/><AGARI ba="0,0" hai="8,10,27,31,34,50,54,59,60,67,70" m="63791" machi="59" ten="30,3900,0" yaku="25,1,52,2" doraHai="6" who="3" fromWho="0" sc="394,-39,247,0,187,0,172,39" /><INIT seed="3,0,0,1,3,92" ten="355,247,187,211" oya="3" hai0="65,20,7,74,78,104,121,133,127,132,114,131,32" hai1="75,112,135,90,120,88,18,27,46,134,117,86,10" hai2="6,122,95,34,23,129,80,109,52,13,84,40,81" hai3="115,108,124,1,26,107,19,97,62,103,79,42,33"/><W111/><G1/><T89/><D32/><U25/><E117/><V68/><F34/><W66/><G115/><T22/><D104/><U64/><E120/><V15/><F68/><N who="3" m="42071" /><G124/><T118/><D121/><U71/><E75/><V17/><F122/><W30/><G79/><T119/><D114/><U8/><E112/><V29/><F109/><N who="3" m="42059" /><G19/><T126/><D131/><U35/><E35/><V50/><F129/><W31/><G31/><T113/><D113/><U3/><E3/><V70/><F70/><W49/><G49/><T72/><D7/><U12/><E71/><V85/><F40/><AGARI ba="0,0" hai="26,30,33,40,42,97,103,107" m="42059,42071" machi="40" ten="30,11600,0" yaku="25,1,14,1,10,1,52,1" doraHai="92" who="3" fromWho="2" sc="355,0,247,0,187,-116,211,116" /><INIT seed="3,1,0,5,4,122" ten="355,247,71,327" oya="3" hai0="99,85,89,38,23,36,13,100,90,64,51,115,87" hai1="1,133,69,106,15,55,22,83,29,42,57,14,30" hai2="56,19,5,31,67,0,39,129,81,125,75,74,113" hai3="40,8,102,63,59,105,16,46,27,4,50,79,130"/><W78/><G130/><T20/><D115/><U26/><E69/><V11/><F56/><W45/><G105/><T48/><D64/><U25/><E106/><V121/><F67/><W88/><G102/><T6/><D38/><U12/><E42/><V126/><F81/><W93/><G46/><T61/><D36/><U97/><E83/><V54/><F54/><N who="3" m="34295" /><G4/><T104/><D61/><U68/><E68/><V10/><F75/><W101/><G101/><T84/><D6/><U114/><E97/><V43/><F43/><W123/><G123/><T49/><REACH who="0" step="1"/><D13/><REACH who="0" ten="345,247,71,327" step="2"/><U91/><E114/><V128/><F39/><W44/><G44/><T37/><D37/><U28/><E15/><N who="2" m="7671" /><F74/><W7/><G7/><T47/><D47/><U33/><E14/><V71/><F71/><W58/><G58/><T52/><D52/><U118/><E55/><V62/><F62/><W120/><G120/><T131/><D131/><N who="2" m="50250" /><F113/><W107/><G107/><T119/><D119/><U73/><E118/><V18/><F121/><W41/><G41/><T117/><D117/><U66/><E57/><V76/><F76/><W80/><G80/><T3/><D3/><U72/><E66/><V111/><F18/><W96/><G8/><T32/><D32/><U109/><E73/><V9/><F9/><W24/><G24/><T110/><D110/><U134/><E25/><V53/><F53/><W116/><G116/><T17/><D17/><U127/><E26/><V77/><F77/><W92/><G92/><T21/><AGARI ba="1,1" hai="20,21,23,48,49,51,84,85,87,89,90,99,100,104" machi="21" ten="40,8000,1" yaku="1,1,0,1,29,2,53,0" doraHai="122" doraHaiUra="65" who="0" fromWho="0" sc="345,93,247,-21,71,-21,327,-41" owari="438,53.0,226,-17.0,50,-45.0,286,9.0" /></mjloggm>