<mjloggm ver="2.3"><GO type="97" lobby="0"/><UN n0="%E3%81%97%E3%81%84%E3%82%84" n1="%E3%83%B4%E3%82%A3%E3%83%A9%E3%81%AE%E7%A5%9E" n2="%E3%81%A9%E3%81%86%E3%81%9F%E3%81%AC%E3%81%8D" n3="%E5%B0%B1%E6%B4%BB%E7%94%9F%40%E5%B7%9D%E6%9D%91%E8%BB%8D%E5%9B%A3" dan="14,14,14,15" rate="1928.12,1993.63,1888.07,2052.91" sx="M,M,F,M"/><TAIKYOKU oya="0"/><INIT seed="0,0,0,0,3,93" ten="250,250,250,250" oya="0" hai0="87,32,59,46,135,89,134,66,24,79,105,47,0" hai1="38,58,7,94,88,54,22,28,124,96,43,45,3" hai2="91,100,97,26,73,62,17,44,104,68,101,128,29" hai3="112,57,37,53,48,64,15,30,18,40,121,50,123"/><T122/><D122/><N who="3" m="46601" /><G112/><T52/><D66/><U84/><E124/><V27/><F128/><W126/><G126/><T56/><D79/><U33/><E3/><V132/><F132/><N who="0" m="50730" /><D0/><U39/><E7/><V14/><F73/><W110/><G110/><T82/><D56/><U2/><E33/><N who="2" m="20663" /><F27/><W51/><G30/><N who="0" m="19527" /><D105/><U125/><E2/><V69/><F101/><W60/><G37/><T115/><D115/><U113/><E39/><V13/><F69/><N who="3" m="42119" /><G40/><T130/><D130/><U111/><E111/><V116/><F116/><W80/><G80/><T108/><D108/><U67/><E113/><V25/><F44/><W92/><G92/><T77/><D77/><U78/><E78/><V1/><F1/><W90/><G90/><T63/><AGARI ba="0,0" hai="46,47,52,59,63,82,87,89" m="19527,50730" machi="63" ten="30,3000,0" yaku="20,1,54,1" doraHai="93" who="0" fromWho="0" sc="250,30,250,-10,250,-10,250,-10" /><INIT seed="0,1,0,2,1,7" ten="280,240,240,240" oya="0" hai0="61,134,112,133,28,11,128,0,51,83,8,116,37" hai1="47,9,5,84,118,71,120,12,93,111,10,127,25" hai2="110,102,126,54,117,18,4,62,76,41,81,121,69" hai3="21,34,92,67,6,72,106,103,42,94,22,38,32"/><T79/><D116/><U66/><E118/><V17/><F110/><W23/><G72/><N who="0" m="43495" /><D37/><U14/><E120/><V99/><F126/><W68/><G6/><N who="0" m="1095" /><D112/><U39/><E111/><V19/><F41/><W130/><G130/><T15/><D128/><U73/><E127/><V80/><F121/><W129/><G129/><T86/><D28/><U101/><E73/><V35/><F35/><W131/><G131/><T53/><D61/><U77/><E39/><V49/><F4/><W75/><G75/><T57/><D86/><U65/><E71/><V100/><F117/><W107/><G68/><T104/><D104/><U85/><E77/><V119/><F119/><W63/><G106/><T114/><D114/><U29/><E5/><V74/><F81/><W82/><G107/><T48/><D48/><U90/><E29/><V30/><F30/><W58/><G38/><T46/><D46/><U60/><E47/><V2/><F62/><W26/><G42/><T135/><D15/><U96/><E25/><V24/><F24/><W27/><G82/><T95/><D95/><N who="3" m="36393" /><G34/><T122/><D122/><U64/><E60/><V88/><F74/><W44/><G32/><T115/><D115/><U40/><E40/><V59/><F69/><W108/><G108/><T125/><D125/><U78/><E78/><V124/><F76/><W45/><G103/><T36/><D36/><U105/><REACH who="1" step="1"/><E85/><REACH who="1" ten="280,230,240,240" step="2"/><V55/><F124/><W132/><G44/><T3/><D3/><U113/><E113/><V20/><F2/><W97/><G45/><T56/><D56/><U50/><E50/><V13/><F59/><RYUUKYOKU ba="1,1" sc="280,15,230,15,240,-15,240,-15" hai0="11,51,53,57,133,134,135" hai1="9,10,12,14,64,65,66,84,90,93,96,101,105" /><INIT seed="0,2,1,3,1,105" ten="295,245,225,225" oya="0" hai0="57,103,30,115,2,23,42,101,90,34,134,97,116" hai1="77,6,102,89,98,54,27,119,72,82,19,29,96" hai2="132,128,121,60,0,61,135,75,21,126,28,38,1" hai3="122,127,26,40,69,41,8,109,112,118,48,73,31"/><T70/><D34/><U18/><E119/><V95/><F121/><W53/><G73/><T86/><D70/><U39/><E6/><V74/><F38/><W37/><G69/><T125/><D2/><N who="2" m="1130" /><F95/><W114/><G118/><T68/><D116/><U4/><E4/><V120/><F120/><W63/><G122/><T14/><D68/><U94/><E39/><V84/><F84/><W22/><G109/><T49/><D125/><U51/><E98/><V79/><F126/><W87/><G127/><T13/><D115/><U50/><E89/><V131/><F79/><W117/><G117/><T64/><D134/><N who="2" m="51242" /><F28/><W17/><G63/><N who="2" m="24137" /><F21/><W106/><G106/><T15/><D30/><U85/><E85/><V130/><AGARI ba="2,1" hai="74,75,128,130,131" m="24137,51242,1130" machi="130" ten="40,12000,2" yaku="28,2,19,1,20,1,52,2" doraHai="105" who="2" fromWho="2" sc="295,-62,245,-32,225,136,225,-32" /><INIT seed="1,0,0,5,0,87" ten="233,213,361,193" oya="1" hai0="119,33,100,128,86,66,29,80,127,98,19,2,85" hai1="41,18,4,11,88,120,43,50,107,123,51,112,118" hai2="116,124,125,57,76,108,42,103,77,8,93,133,26" hai3="5,71,47,115,62,89,92,21,91,60,31,75,0"/><U84/><E107/><V38/><F116/><W117/><G115/><T9/><D119/><U90/><E112/><V111/><F26/><N who="3" m="16847" /><G75/><T49/><D127/><N who="2" m="48714" /><F8/><W72/><G72/><T68/><D128/><U122/><E118/><V114/><F114/><W105/><G105/><T1/><D49/><N who="1" m="18443" /><E84/><V27/><F27/><W69/><G69/><T129/><D129/><U14/><E18/><V22/><F22/><W24/><G71/><T53/><D53/><U67/><E67/><V56/><F42/><N who="1" m="15881" /><E14/><V70/><F38/><W61/><G0/><T64/><D19/><U15/><E15/><V106/><F70/><W40/><G5/><T32/><D64/><U17/><E17/><V55/><F106/><W59/><G117/><T52/><D66/><U121/><E11/><V39/><F55/><W131/><G131/><T12/><D12/><U23/><E23/><V16/><F39/><W130/><G130/><T34/><D9/><U58/><N who="1" m="31232" /><DORA hai="101" /><U36/><E36/><V109/><F16/><W37/><G37/><T135/><D33/><U35/><E35/><V78/><F133/><W65/><G40/><T113/><D135/><U96/><E96/><AGARI ba="0,0" hai="56,57,76,77,78,93,96,103,108,109,111" m="48714" machi="96" ten="40,2600,0" yaku="14,1,18,1" doraHai="87,101" who="2" fromWho="1" sc="233,0,213,-26,361,26,193,0" /><INIT seed="2,0,0,0,4,114" ten="233,187,387,193" oya="2" hai0="8,92,73,98,48,24,68,63,62,60,111,41,128" hai1="134,65,113,108,13,2,132,32,54,90,79,80,106" hai2="125,35,122,52,70,93,20,131,75,30,1,10,51" hai3="7,43,5,36,74,16,101,37,97,99,81,105,66"/><V44/><F122/><W121/><G121/><T46/><D73/><U34/><E113/><V49/><F75/><W87/><G74/><T120/><D68/><U127/><E90/><V76/><F70/><W53/><G66/><T104/><D120/><U72/><E54/><V78/><F131/><W135/><G135/><T55/><D104/><U39/><E13/><V129/><F35/><N who="1" m="13353" /><E65/><V67/><F129/><W116/><G116/><T29/><D128/><U96/><E39/><V100/><F67/><W45/><G37/><T58/><D111/><U14/><E14/><V11/><F125/><W112/><G112/><T4/><D8/><N who="2" m="3114" /><F1/><W47/><G97/><T23/><REACH who="0" step="1"/><D4/><REACH who="0" ten="223,187,387,193" step="2"/><U118/><E108/><V110/><F110/><W26/><G5/><T38/><D38/><U17/><E127/><V88/><F30/><W119/><G7/><T109/><D109/><U40/><E2/><V69/><F20/><W22/><G119/><T133/><D133/><U61/><E118/><V9/><F69/><W64/><G64/><T117/><D117/><U107/><E132/><V71/><F71/><W103/><G105/><T15/><D15/><U95/><E107/><V115/><F9/><W42/><G26/><T89/><AGARI ba="0,1" hai="23,24,29,41,46,48,55,58,60,62,63,89,92,98" machi="89" ten="20,5200,0" yaku="1,1,0,1,7,1,8,1,53,0" doraHai="114" doraHaiUra="82" who="0" fromWho="0" sc="223,62,187,-13,387,-26,193,-13" /><INIT seed="3,0,0,1,1,82" ten="285,174,361,180" oya="3" hai0="121,69,45,107,41,119,78,2,108,113,46,17,115" hai1="37,29,54,61,123,14,76,27,120,64,63,124,96" hai2="1,7,40,99,98,49,5,101,130,56,105,79,87" hai3="10,50,70,33,35,133,19,92,88,0,22,86,85"/><W59/><G70/><T71/><D107/><U42/><E76/><V129/><F1/><W93/><G133/><T72/><D2/><U102/><E124/><V97/><F87/><W67/><G35/><T95/><D45/><N who="1" m="23759" /><E14/><V68/><F68/><W4/><G33/><T127/><D95/><N who="1" m="58655" /><E54/><N who="2" m="31823" /><F79/><W100/><G100/><T132/><D78/><U32/><E63/><V118/><F118/><W8/><G8/><T47/><D17/><U26/><E26/><V11/><F40/><W25/><G67/><T34/><D41/><U48/><E48/><V114/><F114/><W28/><G28/><T90/><D34/><U73/><E73/><V111/><F111/><W94/><REACH who="3" step="1"/><G86/><REACH who="3" ten="285,174,361,170" step="2"/><T52/><D69/><U65/><E65/><V31/><F130/><W21/><G21/><T117/><D71/><U24/><E32/><V126/><F129/><W55/><AGARI ba="0,1" hai="0,4,10,19,22,25,50,55,59,85,88,92,93,94" machi="55" ten="30,12000,1" yaku="1,1,0,1,52,1,54,1,53,1" doraHai="82" doraHaiUra="53" who="3" fromWho="3" sc="285,-40,174,-40,361,-40,170,130" /><INIT seed="3,1,0,1,2,60" ten="245,134,321,300" oya="3" hai0="53,93,129,88,13,127,52,51,109,46,67,44,97" hai1="8,122,101,70,106,84,2,98,104,26,120,91,99" hai2="15,132,79,3,45,92,75,87,119,43,33,86,69" hai3="73,61,83,5,135,124,24,115,18,0,27,16,110"/><W82/><G115/><T47/><D127/><U40/><E70/><V105/><F105/><W90/><G124/><T117/><D117/><U14/><E40/><V25/><F69/><W28/><G135/><T58/><D129/><U102/><E26/><N who="3" m="9770" /><G73/><T48/><D109/><U77/><E2/><V96/><F75/><W7/><G110/><T71/><REACH who="0" step="1"/><D13/><REACH who="0" ten="235,134,321,300" step="2"/><U72/><E14/><V36/><F15/><W54/><G0/><T126/><D126/><U50/><E8/><V118/><F3/><W94/><G28/><T95/><D95/><N who="1" m="54759" /><E50/><V29/><F92/><W4/><G82/><T23/><D23/><U111/><E111/><V42/><F118/><W134/><G83/><T80/><D80/><U31/><E31/><V49/><F119/><W39/><G39/><T34/><D34/><U41/><E41/><V108/><F42/><W57/><G134/><T131/><D131/><U17/><E17/><V128/><F108/><W32/><G32/><T74/><D74/><U66/><E66/><V78/><F128/><W1/><G1/><T125/><D125/><U112/><E112/><V22/><F36/><W113/><G113/><T121/><D121/><U114/><E114/><V85/><F33/><W59/><G59/><T30/><D30/><U100/><E72/><V107/><F132/><W130/><G130/><T63/><AGARI ba="1,1" hai="44,46,47,48,51,52,53,58,63,67,71,88,93,97" machi="63" ten="30,12000,2" yaku="1,1,0,1,52,1,54,2,53,1" doraHai="60" doraHaiUra="55" who="0" fromWho="0" sc="235,133,134,-31,321,-31,300,-61" owari="368,47.0,103,-40.0,290,9.0,239,-16.0" /></mjloggm>