<mjloggm ver="2.3"><GO type="225" lobby="0"/><UN n0="%53%65%6E%61%72" n1="%6E%65%6B%6F%33%31" n2="%6B%65%6E%6B%65%6E%32" n3="%E3%83%88%E3%83%88%E3%83%AA%E5%85%88%E7%94%9F%31%39%E6%AD%B3" dan="17,16,16,18" rate="2103.91,2101.71,2162.74,2295.62" sx="M,F,M,F"/><TAIKYOKU oya="0"/><INIT seed="0,0,0,4,2,112" ten="250,250,250,250" oya="0" hai0="77,62,7,108,96,128,133,28,54,93,122,36,16" hai1="40,30,32,104,90,26,33,8,34,99,15,46,0" hai2="53,98,111,101,107,60,83,126,97,100,44,27,38" hai3="23,113,19,132,56,110,114,78,50,105,102,37,73"/><T51/><D122/><U65/><E0/><V48/><F38/><W25/><G37/><T59/><D36/><U116/><E65/><V20/><F126/><W45/><G110/><T35/><D108/><U86/><E116/><V10/><F111/><W22/><G132/><T67/><D133/><U82/><E99/><V106/><F10/><W17/><G56/><T124/><D124/><U94/><E104/><V69/><F83/><W29/><G29/><T3/><D128/><U4/><REACH who="1" step="1"/><E82/><REACH who="1" ten="250,240,250,250" step="2"/><V68/><REACH who="2" step="1"/><F60/><REACH who="2" ten="250,240,240,250" step="2"/><W95/><G113/><T43/><D62/><U1/><E1/><V127/><F127/><W11/><G114/><T47/><D3/><U24/><E24/><V31/><AGARI ba="0,2" hai="20,27,31,44,48,53,68,69,97,98,100,101,106,107" machi="31" ten="20,5200,0" yaku="1,1,0,1,7,1,9,1,53,0" doraHai="112" doraHaiUra="88" who="2" fromWho="2" sc="250,-26,240,-13,240,72,250,-13" /><INIT seed="1,0,0,4,5,3" ten="224,227,312,237" oya="1" hai0="117,50,47,116,89,131,59,10,108,111,4,7,120" hai1="32,96,15,68,42,90,64,95,53,102,54,26,58" hai2="51,78,85,92,130,49,12,105,75,56,52,100,6" hai3="133,27,62,109,29,104,39,113,36,115,74,67,101"/><U110/><E42/><V55/><F130/><W43/><G74/><T81/><D59/><U2/><E2/><V17/><F105/><W99/><G109/><N who="0" m="42059" /><D131/><U84/><E110/><V38/><F38/><W126/><G126/><T103/><D103/><U106/><E15/><V72/><F6/><N who="0" m="2090" /><D10/><U125/><E106/><V112/><F112/><W19/><G133/><T31/><D31/><U8/><E8/><V135/><F135/><W9/><G19/><T122/><D81/><U128/><E125/><V124/><F124/><W79/><G9/><T107/><D107/><U21/><E128/><V114/><F114/><W77/><G115/><T118/><D89/><U57/><E57/><V44/><F100/><W61/><G113/><T40/><AGARI ba="0,0" hai="40,47,50,116,117,118,120,122" m="2090,42059" machi="40" ten="40,8000,1" yaku="14,1,52,3" doraHai="3" who="0" fromWho="0" sc="224,80,227,-40,312,-20,237,-20" /><INIT seed="2,0,0,5,0,22" ten="304,187,292,217" oya="2" hai0="128,11,37,14,59,63,100,126,47,121,12,30,93" hai1="81,6,25,85,50,21,31,97,42,80,28,41,115" hai2="90,67,110,7,10,64,130,43,131,57,88,51,62" hai3="69,119,77,17,134,102,65,104,36,55,92,16,135"/><V20/><F110/><W27/><G119/><T84/><D121/><U39/><E39/><V45/><F67/><W78/><G36/><T98/><D128/><N who="2" m="49194" /><F20/><N who="3" m="13703" /><G104/><T29/><D126/><U54/><E115/><V73/><F73/><W33/><G33/><T132/><D132/><N who="3" m="50729" /><G55/><N who="0" m="34303" /><D37/><U13/><E97/><V56/><F56/><W71/><G17/><N who="0" m="8351" /><D47/><N who="1" m="27999" /><E31/><V26/><F26/><W108/><G108/><T133/><D133/><U24/><E24/><V109/><F109/><W58/><G58/><T94/><D14/><AGARI ba="0,0" hai="7,10,14,43,45,51,57,62,64,88,90" m="49194" machi="14" ten="30,2900,0" yaku="19,1,54,1" doraHai="22" who="2" fromWho="0" sc="304,-29,187,0,292,29,217,0" /><INIT seed="2,1,0,0,2,19" ten="275,187,321,217" oya="2" hai0="113,60,73,51,55,25,131,108,4,50,97,0,119" hai1="23,105,12,94,61,100,7,122,125,26,69,104,20" hai2="128,134,28,121,13,120,103,77,70,115,110,92,127" hai3="39,82,90,74,14,33,21,35,41,47,15,57,71"/><V11/><F70/><W49/><G71/><T117/><D113/><U30/><E125/><V89/><F115/><W9/><G39/><T114/><D114/><U85/><E122/><V54/><F127/><W24/><G57/><T18/><D73/><U133/><E133/><V75/><F103/><W111/><G111/><T65/><D108/><U132/><E132/><V123/><F134/><W109/><G109/><T45/><D97/><U106/><E7/><V96/><F110/><W79/><G90/><T130/><D51/><U37/><E37/><V72/><F77/><W52/><G41/><T53/><D53/><U31/><E85/><V135/><F135/><W84/><G74/><T38/><D38/><U17/><E94/><V6/><F128/><N who="0" m="49194" /><D4/><U27/><E69/><V112/><F112/><W68/><G68/><N who="0" m="42023" /><D0/><U42/><E42/><V99/><F99/><W22/><G15/><T64/><D64/><U116/><E61/><V80/><F72/><W83/><G83/><T56/><D56/><U88/><E88/><N who="2" m="55303" /><F80/><W93/><G93/><T67/><D67/><U63/><E63/><V62/><F75/><W124/><G124/><T95/><D95/><U126/><E126/><V46/><F89/><W58/><G58/><T81/><D81/><U5/><E5/><V2/><F62/><W101/><G101/><T118/><D117/><U32/><REACH who="1" step="1"/><E116/><REACH who="1" ten="275,177,321,217" step="2"/><V43/><F43/><W129/><G129/><T48/><D48/><U44/><E44/><V78/><F2/><W87/><G87/><T34/><D119/><U3/><E3/><V102/><F121/><W8/><G84/><RYUUKYOKU ba="1,1" sc="275,-10,177,30,321,-10,217,-10" hai1="12,17,20,23,26,27,30,31,32,100,104,105,106" /><INIT seed="3,2,1,1,5,125" ten="265,207,311,207" oya="3" hai0="23,41,60,117,0,30,73,110,12,121,15,26,53" hai1="97,34,126,43,10,82,56,111,21,99,75,2,131" hai2="105,90,104,89,58,42,29,64,11,13,127,36,40" hai3="101,65,27,6,79,112,66,113,70,14,35,68,19"/><W52/><G79/><T55/><D121/><U16/><E34/><V22/><F36/><W120/><G120/><T95/><D117/><U45/><E126/><V44/><F105/><W128/><G101/><T33/><D73/><U49/><E111/><V118/><F104/><W102/><G102/><T85/><D41/><U78/><E56/><V80/><F90/><W67/><G6/><T100/><D0/><U25/><REACH who="1" step="1"/><E131/><REACH who="1" ten="265,197,311,207" step="2"/><V134/><F58/><W3/><G128/><T8/><D110/><U32/><E32/><V103/><F127/><W46/><G68/><T48/><D33/><U107/><E107/><V108/><F118/><W109/><G70/><T84/><D8/><U123/><E123/><V9/><F11/><N who="3" m="6623" /><G109/><T57/><D57/><U59/><E59/><V86/><F9/><W132/><G132/><T17/><D60/><U93/><E93/><V7/><F134/><W1/><G112/><T77/><D95/><U31/><E31/><V76/><F29/><N who="3" m="19903" /><G113/><T20/><D30/><U38/><E38/><V88/><F108/><W37/><G37/><T18/><D23/><U119/><E119/><V87/><F22/><W122/><G122/><T135/><D20/><U129/><E129/><V50/><F7/><AGARI ba="2,2" hai="2,7,10,16,21,25,43,45,49,75,78,82,97,99" machi="7" ten="40,2600,0" yaku="1,1,54,1,53,0" doraHai="125" doraHaiUra="83" who="1" fromWho="2" sc="265,0,197,52,311,-32,207,0" /><INIT seed="4,0,0,2,3,30" ten="265,249,279,207" oya="0" hai0="84,35,115,132,46,60,98,65,92,83,90,97,128" hai1="15,31,57,93,41,129,122,76,75,1,40,39,81" hai2="96,5,68,77,50,113,54,74,126,94,11,43,20" hai3="134,62,28,45,29,79,18,4,104,56,59,51,88"/><T9/><D115/><U91/><E122/><V103/><F68/><W130/><G104/><T42/><D132/><U106/><E106/><V78/><F74/><W6/><G134/><T13/><D128/><U17/><E129/><V70/><F70/><W47/><G130/><T55/><D35/><U117/><E117/><V107/><F113/><W110/><G110/><T3/><D3/><U14/><E1/><V85/><F126/><W99/><G79/><T36/><D55/><U21/><E31/><N who="3" m="11850" /><G18/><T24/><D24/><U100/><E100/><V67/><F67/><N who="3" m="39367" /><G59/><T112/><D112/><U16/><E57/><V123/><F123/><W101/><G101/><T38/><D60/><U135/><E39/><V127/><F127/><W48/><G48/><T71/><D71/><U121/><E121/><V12/><F50/><W27/><G27/><T64/><D38/><U37/><E37/><V25/><F25/><W69/><G69/><T63/><D63/><U22/><REACH who="1" step="1"/><E135/><REACH who="1" ten="265,239,279,207" step="2"/><V19/><F107/><W124/><G124/><T73/><D36/><U53/><E53/><V72/><F54/><N who="3" m="30063" /><G47/><T133/><D133/><U109/><E109/><V66/><F66/><W32/><G32/><T44/><D44/><U33/><E33/><V108/><F108/><W7/><G7/><N who="0" m="3263" /><D65/><U131/><E131/><V10/><F103/><W80/><G99/><AGARI ba="0,1" hai="14,15,16,17,21,22,40,41,75,76,81,91,93,99" machi="99" ten="30,7700,0" yaku="1,1,7,1,9,1,54,1,53,0" doraHai="30" doraHaiUra="102" who="1" fromWho="3" sc="265,0,239,87,279,0,207,-77" owari="265,-13.0,326,42.0,279,8.0,130,-37.0" /></mjloggm>