<mjloggm ver="2.3"><GO type="97" lobby="0"/><UN n0="%E7%94%B0%E4%B8%AD%E5%84%AA%E7%BE%8E%E6%B8%85%E4%B8%80%E8%89%B2" n1="%E5%B0%B1%E6%B4%BB%E7%94%9F%40%E5%B7%9D%E6%9D%91%E8%BB%8D%E5%9B%A3" n2="%2D%E3%82%84%E3%81%AF%E3%81%8E%2D" n3="%E3%81%82%E3%81%A4%E3%81%82%E3%81%A4%E6%B9%AF%E5%A9%86%E5%A9%86" dan="14,15,14,16" rate="1964.39,1965.43,1961.14,2076.31" sx="F,M,M,M"/><TAIKYOKU oya="0"/><INIT seed="0,0,0,2,5,59" ten="250,250,250,250" oya="0" hai0="9,50,67,27,91,86,128,37,41,52,108,32,83" hai1="69,93,72,1,133,60,94,103,22,68,84,123,106" hai2="96,33,38,17,87,14,97,23,61,109,40,124,92" hai3="20,70,26,88,45,31,115,8,28,79,25,127,102"/><T121/><D121/><U105/><E1/><V90/><F109/><W82/><G102/><T56/><D128/><U126/><E72/><V43/><F124/><W118/><G127/><T36/><D108/><U6/><E126/><V44/><F33/><W119/><G115/><T7/><D41/><U10/><E123/><V66/><REACH who="2" step="1"/><F43/><REACH who="2" ten="250,250,240,250" step="2"/><W55/><G119/><T30/><REACH who="0" step="1"/><D67/><REACH who="0" ten="240,250,240,250" step="2"/><U65/><E65/><V117/><F117/><W24/><G118/><T129/><D129/><U12/><E133/><V46/><F46/><W111/><G111/><T113/><D113/><U116/><E116/><V39/><F39/><W104/><G45/><T53/><D53/><U132/><E132/><V120/><F120/><W0/><G55/><T130/><D130/><U100/><E106/><V98/><F98/><W18/><G104/><T29/><D29/><U42/><E105/><V49/><F49/><W16/><G31/><T63/><D63/><U80/><E60/><V101/><F101/><W99/><G28/><T74/><D74/><U95/><E42/><V5/><F5/><W125/><G125/><T64/><D64/><U57/><E103/><V35/><F35/><W3/><G99/><T75/><D75/><U48/><E100/><V89/><F89/><W62/><G88/><T19/><D19/><U134/><E134/><V58/><AGARI ba="0,2" hai="14,17,23,38,40,44,58,61,66,87,90,92,96,97" machi="58" ten="20,5200,0" yaku="1,1,0,1,7,1,52,1,53,0" doraHai="59" doraHaiUra="135" who="2" fromWho="2" sc="240,-26,250,-13,240,72,250,-13" /><INIT seed="1,0,0,0,5,51" ten="214,237,312,237" oya="1" hai0="125,13,64,97,65,38,123,101,79,128,91,95,70" hai1="33,119,69,130,118,63,28,39,86,45,90,73,104" hai2="71,78,76,53,26,27,120,2,8,60,0,109,100" hai3="132,24,21,31,113,44,48,77,62,80,121,56,135"/><U35/><E104/><V43/><F109/><W94/><G94/><T74/><D38/><U9/><E73/><V18/><F120/><W20/><G121/><T131/><D123/><U57/><E69/><V89/><F100/><W15/><G113/><T83/><D70/><U14/><E130/><N who="0" m="49705" /><D13/><U115/><E115/><V93/><F43/><W67/><G15/><T129/><N who="0" m="49713" /><T84/><DORA hai="127" /><D64/><U81/><E39/><V11/><F0/><W133/><G20/><T22/><D22/><U66/><E45/><V23/><F2/><W41/><G80/><N who="0" m="45175" /><D65/><U106/><E106/><V16/><F71/><W122/><G122/><T61/><D61/><U99/><E99/><N who="2" m="57775" /><F27/><W37/><G77/><N who="2" m="29801" /><F18/><W88/><G37/><T47/><D47/><U126/><E126/><AGARI ba="0,0" hai="83,84,91,95,97,101,125,126" m="45175,49713" machi="126" ten="40,12000,2" yaku="19,1,34,2,52,4" doraHai="51,127" who="0" fromWho="1" sc="214,120,237,-120,312,0,237,0" /><INIT seed="2,0,0,4,4,95" ten="334,117,312,237" oya="2" hai0="5,62,96,101,115,120,57,97,27,68,72,131,45" hai1="125,50,7,1,6,78,106,47,38,79,126,107,116" hai2="118,52,73,48,80,105,84,104,102,70,100,53,46" hai3="74,112,30,76,39,89,49,124,20,26,28,65,24"/><V37/><F118/><W108/><G39/><T86/><D120/><U119/><E50/><V90/><F73/><W113/><G108/><T40/><D72/><U77/><E47/><V36/><F70/><W88/><G124/><T71/><D115/><N who="3" m="44105" /><G65/><T122/><D122/><U123/><E123/><V111/><F111/><W61/><G61/><T33/><D131/><U14/><E14/><V32/><F32/><N who="3" m="20487" /><G49/><T99/><D101/><U25/><E25/><V3/><F3/><W23/><G23/><T43/><D5/><N who="1" m="1547" /><E38/><V22/><F36/><W92/><G92/><T17/><D86/><U127/><E1/><V75/><F75/><W21/><G21/><T55/><D43/><U9/><E9/><V29/><F37/><W121/><G121/><T12/><D33/><U109/><E109/><V85/><F104/><AGARI ba="0,0" hai="77,78,79,104,106,107,116,119,125,126,127" m="1547" machi="104" ten="40,5200,0" yaku="28,2,18,1" doraHai="95" who="1" fromWho="2" sc="334,0,117,52,312,-52,237,0" /><INIT seed="3,0,0,1,0,120" ten="334,169,260,237" oya="3" hai0="22,115,14,107,35,100,11,36,95,93,61,12,53" hai1="90,64,13,82,96,83,68,26,131,123,73,67,65" hai2="15,59,16,57,32,51,99,66,69,31,21,37,119" hai3="78,8,85,39,10,44,55,23,103,42,111,74,112"/><W29/><G103/><T134/><D35/><U84/><E123/><V124/><F119/><W19/><G112/><T77/><D36/><U50/><E131/><V25/><F37/><W1/><G29/><T27/><D77/><U130/><E130/><V34/><F34/><W91/><G55/><T105/><D53/><U70/><E96/><V135/><F135/><W30/><G30/><T133/><D61/><U17/><E26/><V126/><F69/><W110/><G78/><T117/><D117/><U60/><E70/><V40/><F99/><W7/><G74/><T72/><D72/><U87/><E73/><V46/><REACH who="2" step="1"/><F66/><REACH who="2" ten="334,169,250,237" step="2"/><W116/><G116/><T71/><D71/><U129/><E129/><V113/><F113/><W4/><G4/><T86/><D115/><U104/><E104/><V63/><F63/><W125/><G125/><AGARI ba="0,1" hai="15,16,21,25,31,32,40,46,51,57,59,124,125,126" machi="125" ten="40,5200,0" yaku="1,1,18,1,54,1,53,0" doraHai="120" doraHaiUra="56" who="2" fromWho="3" sc="334,0,169,0,250,62,237,-52" owari="334,43.0,169,-33.0,312,11.0,185,-21.0" /></mjloggm>