<mjloggm ver="2.3"><GO type="169" lobby="0"/><UN n0="%E3%83%A4%E3%82%B3%E3%83%96%E3%82%B3%E3%83%BC%E3%82%A8%E3%83%B3" n1="%E3%82%A6%E3%83%AB%E3%83%88%E3%83%A9%E7%AB%8B%E7%9B%B4" n2="%EF%BC%A6%EF%BC%B8%E9%9B%80%E5%A3%AB" n3="%E3%83%8A%E3%83%84%E3%82%AB%E3%83%AF" dan="18,17,17,16" rate="2227.34,2171.34,2159.26,2107.55" sx="M,M,M,F"/><TAIKYOKU oya="0"/><INIT seed="0,0,0,1,0,39" ten="250,250,250,250" oya="0" hai0="48,126,66,4,81,33,118,67,24,7,96,8,65" hai1="77,47,125,2,88,36,132,84,114,78,98,32,46" hai2="133,71,104,116,95,30,34,56,17,131,70,1,22" hai3="97,18,124,108,117,86,68,23,15,51,62,129,16"/><T111/><D118/><U110/><E110/><V60/><F104/><W53/><G108/><T130/><D111/><U134/><E32/><V40/><F1/><W54/><G124/><T105/><D126/><U106/><E2/><V42/><F131/><W75/><G75/><T27/><D130/><U103/><E125/><V10/><F133/><N who="1" m="51305" /><E114/><V29/><F70/><W135/><G135/><T26/><D33/><U80/><E46/><V73/><F71/><W102/><G129/><T112/><D112/><U45/><E47/><V82/><F34/><W115/><G115/><T9/><D81/><U91/><E45/><V100/><F10/><W122/><G117/><T64/><D48/><U21/><E21/><V28/><F116/><W37/><G37/><T128/><D128/><U113/><E36/><V59/><F73/><W0/><G0/><T120/><D120/><U14/><E14/><N who="2" m="9527" /><F82/><W74/><G74/><T38/><D38/><U12/><E12/><V72/><F72/><W76/><G68/><T3/><D3/><U20/><E20/><V25/><F25/><W119/><G119/><T93/><N who="0" m="16384" /><DORA hai="49" /><T44/><D44/><U61/><E61/><V50/><F50/><W63/><G51/><T5/><D105/><U57/><E57/><N who="2" m="22091" /><F60/><W31/><G63/><T123/><D123/><U121/><E121/><V109/><F109/><W94/><G62/><T43/><D43/><U99/><E113/><V127/><F127/><W11/><G122/><T85/><D85/><U89/><E99/><AGARI ba="0,0" hai="28,29,30,40,42,95,99,100" m="22091,9527" machi="99" ten="30,3900,0" yaku="8,1,52,2" doraHai="39,49" who="2" fromWho="1" sc="250,0,250,-39,250,39,250,0" /><INIT seed="1,0,0,4,4,84" ten="250,211,289,250" oya="1" hai0="95,27,130,64,90,29,49,60,26,36,100,2,82" hai1="131,70,117,7,118,39,85,8,119,124,21,34,113" hai2="123,58,121,47,31,79,6,94,96,104,44,50,25" hai3="61,133,56,72,98,10,54,4,12,88,101,132,115"/><U11/><E70/><V76/><F104/><W41/><G72/><T89/><D2/><U5/><E39/><V32/><F47/><W86/><G115/><T0/><D0/><U30/><E85/><V120/><F58/><W129/><G129/><T109/><D36/><U23/><E113/><V3/><F6/><N who="1" m="2057" /><E131/><V48/><F3/><W18/><G41/><T128/><D130/><U43/><E43/><V93/><F93/><W55/><G4/><T13/><D109/><U16/><E124/><V59/><F59/><W74/><G74/><T68/><D128/><U112/><E112/><V9/><F9/><N who="1" m="3657" /><E16/><V63/><F63/><W92/><REACH who="3" step="1"/><G55/><REACH who="3" ten="250,211,289,240" step="2"/><T1/><D1/><U62/><E62/><V91/><REACH who="2" step="1"/><F50/><REACH who="2" ten="250,211,279,240" step="2"/><W105/><AGARI ba="0,2" hai="10,12,18,54,56,61,86,88,92,98,101,105,132,133" machi="105" ten="30,8000,1" yaku="1,1,2,1,0,1,52,1,54,1,53,0" doraHai="84" doraHaiUra="24" who="3" fromWho="3" sc="250,-20,211,-40,279,-20,240,100" /><INIT seed="2,0,0,4,1,127" ten="230,171,259,340" oya="2" hai0="23,61,7,77,16,96,25,15,40,8,32,18,62" hai1="79,133,107,97,9,56,45,85,128,69,87,48,88" hai2="54,134,72,80,83,5,39,126,114,115,104,94,95" hai3="91,14,90,75,103,66,106,12,110,111,19,10,27"/><V21/><F39/><W13/><G75/><T117/><D117/><U4/><E69/><V84/><F5/><W46/><G106/><T58/><D40/><U29/><E133/><V36/><F36/><W0/><G103/><T120/><D120/><U109/><E109/><V41/><F41/><W50/><G66/><T132/><D132/><U24/><E56/><V43/><F43/><W52/><G0/><T30/><D77/><U44/><E107/><V102/><F21/><W22/><REACH who="3" step="1"/><G10/><REACH who="3" ten="230,171,259,330" step="2"/><T122/><D122/><U100/><E100/><V70/><F134/><W47/><G47/><T92/><D58/><U105/><E45/><V65/><F65/><W42/><G42/><T81/><D81/><U82/><E105/><V3/><F3/><W35/><G35/><T112/><D112/><U63/><E44/><V78/><F70/><W116/><G116/><T89/><REACH who="0" step="1"/><D18/><REACH who="0" ten="220,171,259,330" step="2"/><U17/><E17/><V108/><F114/><W20/><G20/><T11/><D11/><U67/><E9/><V121/><F115/><W130/><G130/><T64/><D64/><U131/><E131/><V74/><F121/><W129/><G129/><T124/><D124/><U125/><E128/><V60/><F126/><W26/><G26/><AGARI ba="0,2" hai="7,8,15,16,23,25,26,30,32,61,62,89,92,96" machi="26" ten="30,7700,0" yaku="1,1,7,1,54,1,53,1" doraHai="127" doraHaiUra="2" who="0" fromWho="3" sc="220,97,171,0,259,0,330,-77" /><INIT seed="3,0,0,4,2,84" ten="317,171,259,253" oya="3" hai0="127,42,79,73,96,47,116,98,103,52,110,77,120" hai1="134,78,133,64,130,43,72,87,36,16,85,6,94" hai2="39,75,20,14,100,82,99,76,107,26,49,89,27" hai3="23,8,108,65,38,83,7,90,51,63,122,17,93"/><W50/><G122/><T118/><D120/><U92/><E6/><V131/><F39/><W34/><G38/><T104/><D110/><U128/><E43/><V95/><F131/><N who="1" m="50217" /><E64/><V22/><F49/><W55/><G34/><T60/><D127/><U132/><E16/><N who="2" m="10263" /><F22/><W37/><G37/><T0/><D0/><U71/><E71/><V48/><F48/><W46/><G108/><T105/><D73/><U13/><E13/><V21/><F21/><W58/><G83/><T45/><D60/><U59/><E59/><V15/><F15/><W4/><G51/><T61/><D61/><U97/><E36/><V68/><F68/><W24/><REACH who="3" step="1"/><G8/><REACH who="3" ten="317,171,259,243" step="2"/><T80/><D80/><N who="1" m="45127" /><E94/><V57/><F95/><W41/><G41/><T129/><D129/><U124/><E124/><V62/><F82/><W28/><G28/><T56/><D42/><U53/><E53/><V114/><F107/><W40/><G40/><T123/><D52/><U69/><E69/><V119/><F62/><W101/><G101/><AGARI ba="0,1" hai="85,87,92,97,101,132,133,134" m="45127,50217" machi="101" ten="40,8000,1" yaku="20,1,19,1,34,2" doraHai="84" who="1" fromWho="3" sc="317,0,171,90,259,0,243,-80" /><INIT seed="4,0,0,5,3,8" ten="317,261,259,163" oya="0" hai0="109,124,87,85,76,67,95,14,9,112,101,103,68" hai1="2,6,29,82,127,63,134,100,42,59,44,105,81" hai2="118,7,125,93,35,75,54,116,70,41,32,65,0" hai3="12,110,48,104,10,107,55,38,86,130,102,24,23"/><T45/><D124/><U121/><E121/><V128/><F75/><W73/><G110/><T20/><D112/><U56/><E127/><V94/><F41/><W22/><G73/><T106/><D106/><U17/><E134/><V92/><F125/><W96/><G38/><T39/><D109/><U78/><E29/><V5/><F128/><W131/><G107/><T3/><D3/><U79/><E6/><N who="2" m="2059" /><F54/><W43/><G43/><T91/><D20/><U31/><E31/><V37/><F37/><W30/><G23/><T123/><D123/><U16/><E2/><V84/><F84/><W90/><G86/><T25/><D25/><U69/><E69/><V122/><F0/><W62/><G90/><T135/><D135/><U58/><E63/><V57/><F70/><W36/><G62/><T50/><D39/><U40/><E105/><V1/><F1/><W34/><G34/><T21/><D21/><U28/><E28/><V13/><F122/><W71/><G71/><T129/><D67/><U47/><E58/><V115/><F115/><W46/><REACH who="3" step="1"/><G36/><REACH who="3" ten="317,261,259,153" step="2"/><T64/><D68/><U119/><E100/><V108/><F108/><W72/><G72/><T26/><D103/><U11/><E11/><V133/><F133/><W15/><G15/><T77/><D14/><U49/><E49/><V27/><F13/><W60/><G60/><T74/><D9/><U66/><E66/><V53/><F65/><W126/><G126/><T132/><D64/><U61/><E61/><N who="2" m="36015" /><F27/><W88/><G88/><T33/><D26/><U19/><E40/><V4/><F35/><W114/><G114/><RYUUKYOKU ba="0,1" sc="317,-10,261,-10,259,-10,153,30" hai3="10,12,22,24,30,46,48,55,96,102,104,130,131" /><INIT seed="5,1,1,2,1,110" ten="307,251,249,183" oya="1" hai0="99,45,115,76,63,52,1,29,71,128,4,127,67" hai1="88,7,38,118,69,10,40,16,98,65,132,103,36" hai2="102,81,8,13,23,55,19,70,120,134,135,87,114" hai3="11,125,59,80,97,93,96,92,90,117,82,43,62"/><U101/><E118/><V5/><F120/><W112/><G125/><T94/><D127/><U91/><E132/><N who="2" m="50731" /><F70/><W51/><G117/><T95/><D115/><U53/><E65/><V86/><F102/><W131/><G131/><T66/><D128/><U111/><E69/><V78/><F55/><W122/><G112/><T84/><D67/><U106/><E103/><V30/><F30/><W24/><G122/><T104/><D104/><U77/><E77/><V113/><F86/><W41/><G24/><AGARI ba="1,1" hai="5,8,13,19,23,24,78,81,87,113,114" m="50731" machi="24" ten="30,3900,0" yaku="20,1,52,2" doraHai="110" who="2" fromWho="3" sc="307,0,251,0,249,52,183,-42" /><INIT seed="6,0,0,5,4,17" ten="307,251,301,141" oya="2" hai0="25,27,82,71,48,26,93,42,44,67,22,15,1" hai1="130,132,101,110,11,36,121,109,111,84,46,8,18" hai2="24,14,0,106,78,124,38,102,51,30,40,87,37" hai3="41,9,92,99,29,105,69,6,127,112,64,129,34"/><V20/><F0/><W19/><G112/><T21/><D1/><U53/><E121/><V114/><F114/><W65/><G105/><T72/><D72/><U103/><E130/><V61/><F124/><W7/><G129/><T47/><D71/><U74/><E74/><V43/><F61/><W66/><G127/><T116/><D67/><U79/><E132/><V91/><F78/><W94/><G41/><T125/><D125/><U56/><E46/><V63/><F63/><W123/><G123/><T28/><D82/><U3/><E36/><V45/><F43/><W126/><G126/><T49/><D93/><U97/><E3/><V54/><F54/><W55/><G29/><T107/><D107/><U115/><E115/><V57/><F57/><W133/><G34/><T96/><D96/><U12/><E84/><V58/><F58/><W100/><G133/><T88/><D88/><U131/><E79/><V98/><REACH who="2" step="1"/><F14/><REACH who="2" ten="307,251,291,141" step="2"/><W134/><G134/><T77/><D77/><U83/><E56/><V39/><F39/><W128/><G128/><T73/><D15/><U4/><E53/><V85/><F85/><W113/><G55/><T50/><D42/><U90/><E131/><V62/><F62/><W80/><G113/><T119/><D73/><U81/><E110/><V135/><F135/><W2/><G69/><T117/><D28/><U70/><E111/><V59/><F59/><W75/><G75/><T10/><D117/><U16/><E109/><V122/><F122/><W89/><G66/><T32/><D119/><U104/><E70/><V13/><F13/><W120/><G65/><RYUUKYOKU ba="0,1" sc="307,-10,251,-10,291,30,141,-10" hai2="20,24,30,37,38,40,45,51,87,91,98,102,106" /><INIT seed="6,1,1,5,3,24" ten="297,241,321,131" oya="2" hai0="27,111,34,70,22,60,75,41,10,120,128,9,58" hai1="119,115,46,52,44,99,37,113,97,0,132,80,84" hai2="65,25,133,14,61,129,92,101,135,98,2,74,50" hai3="31,94,48,1,59,39,67,26,126,16,13,81,30"/><V107/><F2/><W63/><G39/><T51/><D75/><U106/><E0/><V64/><F74/><W8/><G1/><T71/><D34/><U90/><E119/><V124/><F124/><W110/><G110/><T88/><D111/><U100/><E132/><N who="2" m="50763" /><F129/><W7/><G126/><T82/><D70/><U86/><E37/><V85/><F14/><N who="3" m="5407" /><G26/><T93/><D82/><U121/><E121/><V57/><F50/><W29/><G48/><T38/><D38/><U43/><E43/><V79/><F25/><W116/><G116/><T28/><D71/><U117/><E117/><V53/><F79/><W130/><G130/><T112/><D112/><N who="1" m="43083" /><E97/><N who="2" m="61871" /><F85/><W66/><G81/><T114/><D114/><U96/><E96/><V54/><F64/><N who="3" m="39039" /><G94/><T35/><D120/><U89/><E52/><V73/><F73/><W17/><G17/><T105/><D105/><U103/><E44/><V4/><F4/><W11/><AGARI ba="1,1" hai="11,13,16,29,30,31,66,67" m="39039,5407" machi="11" ten="30,8000,1" yaku="8,1,52,3,54,1" doraHai="24" who="3" fromWho="3" sc="297,-21,241,-21,321,-41,131,93" /><INIT seed="7,0,0,5,3,6" ten="276,220,280,224" oya="3" hai0="19,134,102,82,91,98,31,81,15,88,113,62,124" hai1="38,94,61,105,3,111,126,79,9,110,78,43,125" hai2="10,17,75,93,5,80,58,130,34,23,84,106,48" hai3="60,83,41,14,32,53,131,55,24,65,118,133,66"/><W89/><G118/><T104/><D134/><U30/><E105/><V20/><F34/><W8/><G133/><T103/><D124/><N who="1" m="47723" /><E30/><V44/><F106/><W71/><G131/><T72/><D31/><U85/><E61/><V132/><F130/><W68/><G41/><T74/><D62/><U54/><E54/><V63/><F93/><W97/><G66/><T109/><D109/><N who="1" m="41483" /><E43/><V56/><F63/><W46/><G71/><T52/><D52/><U96/><E38/><V77/><F56/><W40/><G24/><T119/><D119/><U100/><E85/><V112/><F84/><W67/><G32/><T59/><D59/><U18/><E18/><V127/><F58/><W69/><G69/><T2/><D19/><U21/><E21/><V129/><F23/><W123/><G67/><T73/><D2/><U120/><E120/><V35/><F35/><W117/><G123/><T101/><D15/><U92/><E92/><V27/><F127/><W90/><G117/><T26/><D26/><U12/><E12/><V22/><F22/><W86/><G97/><T1/><D1/><U36/><E36/><V116/><F116/><W42/><G42/><T13/><D13/><U47/><E47/><V11/><F129/><W16/><REACH who="3" step="1"/><G90/><REACH who="3" ten="276,220,280,214" step="2"/><N who="0" m="34347" /><D113/><U87/><E87/><V0/><F132/><W25/><G25/><T128/><D128/><U95/><E95/><V51/><F27/><W76/><G76/><T121/><D121/><U49/><E49/><AGARI ba="0,1" hai="8,14,16,40,46,49,53,55,60,65,68,83,86,89" machi="49" ten="30,12000,1" yaku="1,1,7,1,52,1,54,1,53,1" doraHai="6" doraHaiUra="39" who="3" fromWho="1" sc="276,0,220,-120,280,0,214,130" owari="276,-12.0,100,-40.0,280,8.0,344,44.0" /></mjloggm>