<mjloggm ver="2.3"><GO type="41" lobby="0"/><UN n0="%E5%B0%B1%E6%B4%BB%E7%94%9F%40%E5%B7%9D%E6%9D%91%E8%BB%8D%E5%9B%A3" n1="%E3%83%8D%E3%82%B3%E3%83%9E%E3%82%B8%E3%83%B3" n2="%E5%87%9B%E5%AE%99" n3="%73%74%78%73%65%69%79%61" dan="15,15,14,14" rate="2023.68,1955.22,1937.00,1933.51" sx="M,M,M,M"/><TAIKYOKU oya="0"/><INIT seed="0,0,0,2,5,61" ten="250,250,250,250" oya="0" hai0="54,34,60,133,80,70,58,13,111,101,131,33,12" hai1="105,68,109,91,85,56,20,95,67,118,77,92,28" hai2="19,2,35,99,69,107,98,128,73,4,127,62,87" hai3="52,9,126,29,84,108,122,90,75,129,45,39,10"/><T43/><D131/><U124/><E105/><V57/><F69/><W100/><G129/><T102/><D133/><U117/><E68/><V113/><F35/><W48/><G108/><T8/><D111/><U30/><E109/><V71/><F71/><W119/><G119/><T26/><D70/><U72/><E124/><V115/><F2/><W51/><G126/><T65/><D43/><U22/><E72/><V37/><F37/><W41/><G122/><T25/><D34/><U103/><E77/><V81/><F73/><W123/><G123/><T82/><D33/><U88/><E103/><N who="0" m="39433" /><D54/><U83/><E83/><N who="0" m="31785" /><D13/><U24/><E24/><V93/><F128/><W86/><G75/><T94/><D94/><U6/><E6/><AGARI ba="0,0" hai="6,8,12,25,26,58,60,65" m="31785,39433" machi="6" ten="30,2900,0" yaku="8,1,52,1" doraHai="61" who="0" fromWho="1" sc="250,29,250,-29,250,0,250,0" /><INIT seed="0,1,0,2,0,135" ten="279,221,250,250" oya="0" hai0="88,84,39,68,4,36,19,71,51,76,85,127,126" hai1="49,3,74,114,52,83,5,132,7,45,15,72,69" hai2="89,60,32,108,100,9,134,47,96,29,23,11,37" hai3="40,93,119,129,14,121,130,102,78,63,94,12,77"/><T70/><D4/><U103/><E69/><V30/><F108/><W38/><G119/><T61/><D61/><U118/><E118/><V20/><F32/><W91/><G63/><T59/><D76/><N who="3" m="29289" /><G38/><T0/><D0/><U98/><E83/><V46/><F37/><W122/><G40/><T112/><D112/><U17/><E3/><V95/><F134/><W125/><G102/><T35/><D35/><U42/><E132/><V18/><F60/><W57/><G57/><T133/><D84/><U66/><E66/><V80/><F80/><W28/><G28/><T22/><D133/><U115/><E42/><V104/><F104/><W55/><G55/><N who="0" m="32255" /><D39/><U21/><E7/><V82/><F82/><W31/><G31/><T16/><D36/><U73/><REACH who="1" step="1"/><E5/><REACH who="1" ten="279,211,250,250" step="2"/><V87/><F30/><W111/><G111/><T50/><D50/><U109/><E109/><V64/><F29/><W33/><G122/><T25/><D25/><U67/><E67/><V26/><F64/><W106/><G121/><T58/><D58/><U79/><E79/><V8/><F47/><W86/><G130/><T65/><D65/><U97/><E97/><V53/><F46/><W27/><G129/><T62/><D62/><U13/><E13/><N who="2" m="9295" /><F53/><W128/><G128/><T131/><D131/><U41/><E41/><V117/><F117/><W54/><G12/><N who="0" m="9479" /><D19/><U43/><E43/><V10/><F96/><W123/><G123/><T6/><D6/><U105/><AGARI ba="1,1" hai="15,17,21,45,49,52,72,73,74,98,103,105,114,115" machi="105" ten="40,8000,1" yaku="1,1,0,1,54,1,53,1" doraHai="135" doraHaiUra="92" who="1" fromWho="1" sc="279,-41,211,93,250,-21,250,-21" /><INIT seed="1,0,0,5,4,83" ten="238,304,229,229" oya="1" hai0="70,62,33,73,24,45,17,32,2,89,106,22,19" hai1="117,95,42,126,67,72,100,4,65,16,36,48,103" hai2="23,86,44,15,31,105,118,28,25,20,5,81,46" hai3="11,52,134,49,135,113,80,35,102,79,120,10,131"/><U108/><E117/><V6/><F118/><W92/><G120/><T112/><D112/><U27/><E36/><V71/><F71/><W123/><G123/><T54/><D106/><U128/><E72/><V53/><F105/><W30/><G113/><T29/><D73/><U41/><E126/><V51/><F46/><N who="3" m="27703" /><G131/><T104/><D104/><U13/><E128/><V60/><F60/><W121/><G121/><T21/><D2/><U74/><E74/><V26/><F15/><W0/><G35/><T129/><D129/><U69/><E69/><V64/><F64/><N who="1" m="24649" /><E4/><V38/><F38/><W78/><G30/><T110/><D70/><U122/><E122/><V50/><F51/><W116/><G116/><T3/><D3/><U18/><E48/><V59/><F44/><W77/><G80/><T40/><D110/><U47/><E47/><V43/><F43/><N who="1" m="16393" /><E95/><V63/><F50/><W93/><G0/><T39/><D29/><U84/><E27/><V88/><AGARI ba="0,0" hai="5,6,20,23,25,26,28,31,53,59,63,81,86,88" machi="88" ten="20,12000,2" yaku="0,1,7,1,9,1,8,1,52,1,54,1" doraHai="83" who="2" fromWho="2" sc="238,-30,304,-60,229,120,229,-30" /><INIT seed="2,0,0,5,1,69" ten="208,244,349,199" oya="2" hai0="98,132,0,81,79,68,125,94,56,128,131,55,18" hai1="75,62,86,10,72,16,126,2,61,31,20,45,64" hai2="111,36,42,123,49,114,71,113,13,66,52,129,29" hai3="121,120,87,4,99,133,15,35,119,97,73,117,9"/><V84/><F84/><W67/><G73/><T83/><D68/><U96/><E31/><V22/><F29/><W28/><G67/><T51/><D0/><U82/><E126/><V54/><F22/><W106/><G106/><T116/><D116/><N who="3" m="44617" /><G87/><T41/><D125/><U5/><E45/><N who="2" m="23751" /><F13/><W65/><G65/><T17/><D41/><U12/><E96/><V40/><F123/><N who="3" m="47179" /><G97/><T127/><D132/><U112/><E112/><N who="2" m="43115" /><F129/><N who="0" m="49738" /><D127/><U27/><E62/><N who="2" m="40407" /><F111/><W95/><G95/><T23/><D23/><U7/><E7/><V19/><F19/><N who="0" m="7178" /><D79/><U6/><E6/><V77/><F77/><W39/><G39/><T90/><AGARI ba="0,0" hai="51,55,56,81,83,90,94,98" m="7178,49738" machi="90" ten="30,1100,0" yaku="19,1" doraHai="69" who="0" fromWho="0" sc="208,11,244,-3,349,-5,199,-3" /><INIT seed="3,0,0,3,1,32" ten="219,241,344,196" oya="3" hai0="5,94,26,98,90,75,52,60,40,44,62,24,25" hai1="12,100,120,80,129,104,31,14,106,59,102,45,33" hai2="72,96,35,71,121,8,127,128,131,50,69,82,19" hai3="48,0,99,34,10,36,63,55,110,113,87,105,126"/><W16/><G113/><T81/><D5/><U133/><E120/><V116/><F35/><W130/><G130/><N who="2" m="49705" /><F116/><W13/><G126/><T56/><D75/><U67/><E129/><V15/><F127/><W39/><G110/><T38/><D62/><U78/><E45/><V68/><F121/><W77/><G34/><T91/><D81/><U64/><E59/><V124/><F124/><W2/><G63/><T132/><D132/><U123/><E33/><V84/><F72/><W76/><G39/><T111/><D111/><U47/><E47/><V93/><F50/><W66/><G36/><T57/><D56/><U4/><E80/><V23/><F23/><W125/><G125/><T86/><D86/><U118/><E4/><V1/><F1/><W61/><G105/><T103/><AGARI ba="0,0" hai="24,25,26,38,40,44,52,57,60,90,91,94,98,103" machi="103" ten="30,2000,0" yaku="0,1,54,1" doraHai="32" who="0" fromWho="0" sc="219,20,241,-5,344,-5,196,-10" /><INIT seed="4,0,0,1,3,21" ten="239,236,339,186" oya="0" hai0="109,45,55,112,94,36,15,107,19,35,93,69,71" hai1="101,37,46,48,52,84,115,100,44,120,66,58,50" hai2="87,56,1,73,83,54,27,38,14,67,23,110,119" hai3="68,76,104,0,91,25,106,135,131,3,32,16,105"/><T11/><D107/><U92/><E120/><V22/><F110/><W123/><G123/><T31/><D109/><U97/><E37/><V29/><F1/><W63/><G135/><T89/><D112/><U57/><E115/><V20/><F73/><W79/><G131/><T24/><D94/><U111/><E84/><V42/><F119/><W5/><G91/><T113/><D113/><U114/><E114/><V134/><F134/><W51/><G51/><T2/><D2/><U30/><E111/><V47/><F67/><W81/><G5/><T127/><D127/><U61/><E30/><V86/><F14/><W49/><G49/><T98/><REACH who="0" step="1"/><D55/><REACH who="0" ten="229,236,339,186" step="2"/><N who="1" m="30087" /><E46/><V53/><F54/><W132/><G132/><T17/><D17/><U133/><E133/><V102/><F102/><AGARI ba="0,1" hai="50,52,57,58,61,66,92,97,100,101,102" m="30087" machi="102" ten="30,2000,0" yaku="8,1,54,1" doraHai="21" who="1" fromWho="2" sc="229,0,236,30,339,-20,186,0" /><INIT seed="5,0,0,5,1,3" ten="229,266,319,186" oya="1" hai0="28,85,74,95,114,134,91,84,101,60,78,22,133" hai1="86,11,54,53,64,117,59,24,1,5,51,124,100" hai2="122,105,89,93,94,88,71,48,125,55,46,116,115" hai3="102,47,45,19,128,25,27,39,20,2,62,68,99"/><U103/><E117/><V77/><F116/><W83/><G128/><T35/><D35/><U13/><E1/><V79/><F71/><W40/><G2/><T106/><D28/><U37/><E37/><V16/><F105/><W6/><G47/><T130/><D22/><U72/><E72/><V82/><F122/><W43/><G43/><T109/><D60/><U126/><E64/><V81/><F125/><N who="1" m="48233" /><E86/><N who="2" m="52375" /><F115/><W41/><G41/><T108/><D114/><U107/><E107/><V98/><F16/><W120/><G120/><T4/><D4/><U29/><E54/><V112/><F112/><W127/><G127/><T44/><D44/><U15/><E15/><V50/><F48/><W49/><G39/><T18/><D18/><U110/><E110/><N who="0" m="42601" /><D134/><U12/><E12/><V69/><F69/><W135/><G135/><T111/><D133/><U42/><E42/><V21/><F21/><AGARI ba="0,0" hai="5,11,13,21,24,29,51,53,59,100,103" m="48233" machi="21" ten="30,2900,0" yaku="18,1,52,1" doraHai="3" who="1" fromWho="2" sc="229,0,266,29,319,-29,186,0" /><INIT seed="5,1,0,3,3,92" ten="229,295,290,186" oya="1" hai0="15,42,100,0,57,103,59,64,120,12,40,73,130" hai1="133,113,134,83,47,104,8,43,2,105,33,68,112" hai2="27,52,76,55,129,32,132,96,66,18,119,70,98" hai3="84,29,90,14,50,111,9,69,62,39,19,46,58"/><U56/><E68/><V121/><F121/><W61/><G111/><T44/><D0/><U22/><E33/><V49/><F119/><W36/><G69/><T34/><D34/><U63/><E22/><N who="2" m="13783" /><F70/><W25/><G36/><T95/><D73/><U4/><E83/><V72/><F72/><W60/><G39/><T45/><D120/><U97/><E56/><N who="2" m="32783" /><F32/><W77/><G77/><T85/><D130/><U65/><E63/><V10/><F129/><W125/><G125/><T53/><D64/><U5/><E65/><V28/><F132/><N who="1" m="50793" /><E5/><V67/><F76/><W115/><G115/><N who="1" m="44106" /><E97/><N who="2" m="37483" /><F28/><W24/><G29/><T116/><D116/><U122/><E122/><V1/><F1/><W20/><G20/><T16/><D53/><U88/><E88/><V87/><F55/><N who="3" m="30167" /><G58/><T71/><D71/><U99/><E99/><V82/><F82/><AGARI ba="1,0" hai="9,14,19,24,25,60,61,62,82,84,90" m="30167" machi="82" ten="30,2000,0" yaku="25,1,8,1" doraHai="92" who="3" fromWho="2" sc="229,0,295,0,290,-23,186,23" /><INIT seed="6,0,0,0,4,54" ten="229,295,267,209" oya="2" hai0="34,96,12,53,48,32,76,47,1,92,61,13,25" hai1="39,105,121,3,100,131,70,6,56,27,98,81,8" hai2="49,115,80,122,73,19,106,15,17,82,62,93,88" hai3="22,118,99,50,20,133,58,40,129,74,134,89,120"/><V43/><F115/><W24/><G120/><T60/><D1/><U130/><E70/><V85/><F106/><W68/><G68/><T21/><D34/><U114/><E39/><V28/><F122/><W71/><G71/><T63/><D32/><U84/><E121/><V51/><F28/><W30/><G118/><T83/><D83/><N who="2" m="31786" /><F73/><W103/><G129/><N who="1" m="49162" /><E56/><V41/><F62/><W91/><G74/><T87/><D87/><U37/><E37/><V113/><F113/><W46/><G22/><T33/><D33/><U95/><E27/><V125/><F125/><W101/><G58/><T31/><REACH who="0" step="1"/><D76/><REACH who="0" ten="219,295,267,209" step="2"/><N who="1" m="46119" /><E114/><V116/><F116/><W79/><G79/><T57/><D57/><U7/><E7/><V107/><F107/><AGARI ba="0,1" hai="3,6,8,95,98,100,105,107" m="46119,49162" machi="107" ten="30,1000,0" yaku="19,1" doraHai="54" who="1" fromWho="2" sc="219,0,295,20,267,-10,209,0" /><INIT seed="7,0,0,1,3,81" ten="219,315,257,209" oya="3" hai0="15,80,46,111,58,93,37,88,68,135,62,43,69" hai1="85,21,134,124,97,49,5,45,115,31,116,100,64" hai2="42,74,63,39,77,9,128,50,109,75,76,47,24" hai3="44,123,33,13,14,119,10,107,113,82,72,40,53"/><W32/><G119/><T36/><D111/><U129/><E116/><V89/><F109/><W105/><G123/><T103/><D135/><U30/><E134/><V22/><F128/><W56/><G113/><T114/><D37/><U133/><E133/><V106/><F106/><W112/><G112/><T17/><D103/><U16/><E5/><V65/><F9/><W19/><G14/><T83/><D69/><U11/><E115/><V92/><F75/><W6/><G19/><T0/><D68/><U130/><E64/><V67/><F74/><W96/><G72/><T1/><D1/><U26/><E85/><N who="2" m="52271" /><F39/><W98/><G82/><T127/><D127/><U86/><E86/><V73/><F73/><W132/><G132/><T20/><D0/><U70/><E11/><V118/><F118/><W51/><G107/><T104/><D104/><N who="1" m="63503" /><E70/><V27/><F63/><W99/><REACH who="3" step="1"/><G105/><REACH who="3" ten="219,315,257,199" step="2"/><T94/><D114/><U4/><E4/><V102/><F27/><W48/><AGARI ba="0,1" hai="6,10,13,32,33,40,44,48,51,53,56,96,98,99" machi="48" ten="30,11700,0" yaku="1,1,2,1,0,1,53,1" doraHai="81" doraHaiUra="52" who="3" fromWho="3" sc="219,-39,315,-39,257,-39,199,127" owari="180,-32.0,276,8.0,218,-18.0,326,42.0" /></mjloggm>