<mjloggm ver="2.3"><GO type="41" lobby="0"/><UN n0="%E3%81%A1%E3%82%87%E3%81%8F" n1="%53%59%4C" n2="%E3%82%82%E3%81%90%E3%81%8A" n3="%E5%B0%B1%E6%B4%BB%E7%94%9F%40%E5%B7%9D%E6%9D%91%E8%BB%8D%E5%9B%A3" dan="13,15,14,15" rate="1892.00,1957.65,1911.62,2010.89" sx="M,F,M,M"/><TAIKYOKU oya="0"/><INIT seed="0,0,0,3,0,135" ten="250,250,250,250" oya="0" hai0="58,20,25,113,11,122,61,21,120,10,68,110,4" hai1="121,98,17,132,133,27,97,12,88,104,73,49,34" hai2="94,108,45,2,65,85,70,5,129,52,36,51,126" hai3="31,72,66,84,89,111,35,71,53,124,6,127,46"/><T28/><D68/><U81/><E121/><V86/><F108/><W60/><G72/><T77/><D113/><U44/><E98/><V102/><F129/><W7/><G111/><T30/><D110/><U8/><E34/><V55/><F126/><N who="3" m="48171" /><G35/><T103/><D103/><U22/><E104/><V123/><F123/><W29/><G53/><T19/><D77/><U59/><E59/><V23/><F23/><W16/><G16/><N who="0" m="12423" /><D58/><U67/><E73/><V96/><F36/><W40/><G31/><N who="0" m="11819" /><D61/><U95/><E133/><V119/><F119/><W39/><G29/><T105/><D105/><U106/><E132/><V75/><F75/><W114/><G114/><T41/><D41/><U109/><E106/><V24/><F24/><W56/><G71/><T62/><D62/><U92/><E109/><V118/><F118/><W48/><G39/><T116/><D116/><U100/><E27/><V14/><F70/><W107/><G107/><T130/><D130/><U57/><E67/><V50/><F65/><W9/><G9/><N who="0" m="3083" /><D4/><U115/><E115/><V47/><F2/><W38/><G38/><T37/><D37/><U32/><E32/><V83/><F83/><AGARI ba="0,0" hai="6,7,40,46,48,56,60,66,83,84,89" m="48171" machi="83" ten="30,7700,0" yaku="18,1,52,3" doraHai="135" who="3" fromWho="2" sc="250,0,250,0,250,-77,250,77" /><INIT seed="1,0,0,2,3,6" ten="250,250,173,327" oya="1" hai0="83,100,65,61,69,75,108,17,94,12,58,41,55" hai1="76,20,82,2,118,128,91,21,99,18,10,112,23" hai2="73,126,49,110,52,101,89,60,9,56,0,70,124" hai3="93,13,92,90,107,38,88,27,48,36,104,71,24"/><U8/><E112/><V78/><F110/><W15/><REACH who="3" step="1"/><G48/><REACH who="3" ten="250,250,173,317" step="2"/><T135/><D108/><U33/><E118/><V50/><F101/><W26/><G26/><T127/><D135/><U45/><E128/><V47/><F70/><AGARI ba="0,1" hai="13,15,24,27,36,38,70,71,88,90,92,93,104,107" machi="70" ten="25,8000,1" yaku="21,2,22,2,54,1,53,0" doraHai="6" doraHaiUra="53" who="3" fromWho="2" sc="250,0,250,0,173,-80,317,90" /><INIT seed="2,0,0,1,4,90" ten="250,250,93,407" oya="2" hai0="92,121,15,106,132,26,14,124,116,91,52,83,38" hai1="22,73,40,102,55,24,125,123,33,135,69,21,42" hai2="0,61,58,13,78,76,5,130,66,7,49,32,72" hai3="98,115,94,39,18,111,89,127,47,60,126,129,109"/><V29/><F0/><W12/><G115/><T67/><D121/><U114/><E114/><V85/><F130/><W4/><G4/><T84/><D38/><U70/><E123/><V11/><F72/><W44/><G129/><T134/><D106/><U17/><E135/><N who="0" m="51753" /><D67/><U36/><E125/><N who="3" m="47626" /><G60/><T10/><D124/><U133/><E133/><V71/><F7/><W88/><G89/><N who="0" m="51359" /><D26/><U9/><E33/><V63/><F49/><W37/><G37/><T56/><D10/><U113/><E113/><V30/><F32/><W107/><G107/><T82/><D82/><U59/><E9/><V105/><F105/><W46/><G39/><T62/><D116/><U120/><E120/><V16/><F5/><W23/><AGARI ba="0,0" hai="12,18,23,44,46,47,88,94,98,109,111" m="47626" machi="23" ten="40,5200,0" yaku="18,1,52,1,54,1" doraHai="90" who="3" fromWho="3" sc="250,-13,250,-13,93,-26,407,52" /><INIT seed="3,0,0,5,1,129" ten="237,237,67,459" oya="3" hai0="69,114,3,15,53,56,62,88,94,31,16,116,86" hai1="18,33,60,80,2,72,22,133,82,118,54,96,70" hai2="98,107,30,14,8,108,90,6,113,66,103,48,101" hai3="87,20,47,67,50,61,119,51,64,17,40,126,26"/><W28/><G119/><T97/><D116/><U42/><E118/><V1/><F113/><W99/><G126/><T92/><D3/><U4/><E33/><V125/><F108/><W34/><G99/><T0/><D0/><U58/><E42/><V104/><F125/><W135/><G135/><T85/><D69/><U13/><E70/><V41/><F66/><W73/><G73/><T122/><D122/><U9/><E72/><V134/><F134/><W124/><G124/><T131/><D131/><U127/><E127/><V84/><F1/><W37/><G87/><T5/><D5/><U110/><E133/><V59/><F30/><W24/><REACH who="3" step="1"/><G67/><REACH who="3" ten="237,237,67,449" step="2"/><T76/><D114/><U36/><E96/><V35/><F104/><W132/><G132/><T44/><D76/><U112/><E112/><V46/><F103/><W79/><G79/><T45/><D85/><U55/><E110/><V74/><F74/><W83/><G83/><T78/><D78/><U77/><E77/><V71/><F71/><AGARI ba="0,1" hai="17,20,24,26,28,34,37,40,47,50,51,61,64,71" machi="71" ten="30,2900,0" yaku="1,1,7,1,53,0" doraHai="129" doraHaiUra="117" who="3" fromWho="2" sc="237,0,237,0,67,-29,449,39" /><INIT seed="3,1,0,2,1,59" ten="237,237,38,488" oya="3" hai0="126,23,115,129,54,97,120,133,131,42,64,25,40" hai1="85,7,57,95,80,4,123,132,82,46,111,18,93" hai2="104,98,99,14,11,3,41,114,81,49,48,116,89" hai3="45,53,31,122,124,84,17,13,61,52,63,12,39"/><W50/><G122/><T47/><D120/><U103/><E123/><V32/><F116/><W128/><G39/><T8/><D8/><U28/><E111/><V1/><F114/><W113/><G113/><T26/><D115/><U2/><E132/><V37/><F32/><W92/><G128/><N who="0" m="49227" /><D133/><U96/><E28/><V36/><F104/><W9/><G124/><T30/><D126/><U135/><E135/><V127/><F127/><W33/><G33/><N who="0" m="20687" /><D97/><N who="1" m="59823" /><E2/><V94/><F81/><N who="1" m="31337" /><E46/><V112/><F112/><W76/><G31/><N who="0" m="17887" /><D64/><U22/><E85/><V107/><F107/><W121/><G121/><T91/><D91/><N who="1" m="55423" /><E57/><V55/><F99/><W77/><G77/><T6/><D6/><U79/><E79/><V66/><F66/><W90/><G76/><T117/><D117/><U51/><E51/><AGARI ba="1,0" hai="40,42,47,51,54" m="17887,20687,49227" machi="51" ten="30,1000,0" yaku="19,1" doraHai="59" who="0" fromWho="1" sc="237,13,237,-13,38,0,488,0" /><INIT seed="4,0,0,4,0,8" ten="250,224,38,488" oya="0" hai0="43,108,87,3,94,90,85,134,17,54,45,14,44" hai1="42,123,118,82,63,128,129,111,89,69,6,109,52" hai2="66,1,27,124,10,28,119,133,112,110,38,70,132" hai3="5,26,64,77,80,93,12,103,32,72,68,18,58"/><T11/><D3/><U60/><E6/><V0/><F110/><N who="1" m="41993" /><E89/><V78/><F78/><W19/><G68/><T35/><D108/><U74/><E82/><V107/><F112/><W7/><G32/><T61/><D35/><U127/><E74/><V125/><F107/><W25/><G25/><T86/><D134/><N who="2" m="51818" /><F38/><W122/><G26/><T37/><D61/><N who="1" m="23627" /><E118/><V120/><F120/><W21/><G122/><T73/><REACH who="0" step="1"/><D73/><REACH who="0" ten="240,224,38,488" step="2"/><U29/><E123/><V56/><F119/><W47/><G72/><T92/><D92/><U102/><E127/><N who="2" m="48715" /><F70/><W23/><G93/><T46/><D46/><U48/><E69/><V2/><F56/><W67/><G47/><T40/><D40/><U57/><E42/><V41/><F41/><W34/><G58/><T83/><D83/><U91/><E102/><V88/><F66/><W101/><G103/><T100/><D100/><U104/><E104/><V76/><F76/><W22/><G101/><T126/><D126/><U113/><E113/><V13/><F1/><W49/><G67/><T31/><D31/><U98/><E29/><V99/><F28/><W116/><G64/><T84/><D84/><U131/><E98/><V81/><F99/><W62/><G116/><T16/><D16/><U130/><E130/><V59/><F59/><W24/><G62/><T20/><D20/><U106/><E106/><V135/><N who="2" m="51826" /><V75/><DORA hai="65" /><F75/><W9/><G77/><T55/><D55/><U105/><E105/><V71/><F71/><W96/><G96/><T51/><AGARI ba="0,1" hai="11,14,17,37,43,44,45,51,54,85,86,87,90,94" machi="51" ten="30,6000,0" yaku="1,1,0,1,52,1,53,0" doraHai="8,65" doraHaiUra="33,79" who="0" fromWho="0" sc="240,70,224,-20,38,-20,488,-20" /><INIT seed="4,1,0,1,1,18" ten="310,204,18,468" oya="0" hai0="103,134,44,32,83,84,20,29,111,17,11,10,66" hai1="26,2,70,33,49,48,64,104,57,131,40,119,78" hai2="112,133,4,31,118,109,41,115,92,14,55,135,13" hai3="106,81,6,42,71,5,97,98,116,68,102,113,47"/><T125/><D66/><U82/><E119/><V39/><F92/><W35/><G35/><T79/><D103/><U0/><E131/><V30/><F55/><W76/><G116/><T56/><D125/><U50/><E104/><V52/><F52/><W127/><G127/><T9/><D134/><N who="2" m="51210" /><F41/><W96/><G113/><N who="2" m="43593" /><F39/><W16/><G106/><T7/><D44/><U123/><E70/><V87/><F118/><W89/><G102/><T12/><D56/><U19/><E40/><V107/><F107/><W72/><G89/><T132/><D111/><U27/><E64/><V53/><F53/><W21/><G71/><T65/><D65/><U24/><E57/><V54/><F54/><W93/><G93/><T1/><REACH who="0" step="1"/><D132/><REACH who="0" ten="300,204,18,468" step="2"/><U61/><E123/><V15/><F109/><W75/><G68/><T43/><D43/><U100/><E100/><V59/><F59/><W121/><G121/><T67/><D67/><U117/><E117/><V62/><F62/><W51/><REACH who="3" step="1"/><G72/><REACH who="3" ten="300,204,18,458" step="2"/><T23/><D23/><N who="1" m="13439" /><E61/><V124/><F124/><W58/><G58/><T95/><D95/><U28/><E49/><V85/><F4/><W114/><G114/><T25/><AGARI ba="1,2" hai="1,7,9,10,11,12,17,20,25,29,32,79,83,84" machi="25" ten="30,12000,1" yaku="1,1,0,1,24,2,52,1,53,0" doraHai="18" doraHaiUra="88" who="0" fromWho="0" sc="300,143,204,-41,18,-41,458,-41" owari="443,54.0,163,-24.0,-23,-52.0,417,22.0" /></mjloggm>