<mjloggm ver="2.3"><GO type="169" lobby="0"/><UN n0="%E3%82%A6%E3%83%AB%E3%83%88%E3%83%A9%E7%AB%8B%E7%9B%B4" n1="%4B%E3%80%82" n2="%E5%85%83%E7%8F%8D" n3="%41%52%49%41%4C%4F%56%45" dan="17,17,16,16" rate="2120.45,2105.84,2110.82,2176.97" sx="M,M,M,M"/><TAIKYOKU oya="0"/><INIT seed="0,0,0,5,1,47" ten="250,250,250,250" oya="0" hai0="53,48,12,61,111,83,62,27,0,5,124,11,118" hai1="37,49,17,135,128,19,70,40,41,26,95,116,127" hai2="3,54,112,134,50,86,105,2,129,4,76,32,79" hai3="90,107,28,81,93,103,7,72,29,33,63,42,57"/><T59/><D118/><U77/><E70/><V64/><F112/><W52/><G7/><T99/><D124/><U10/><E37/><V109/><F105/><W23/><G33/><T44/><D111/><U24/><E116/><V117/><F32/><W20/><G42/><T51/><D0/><U122/><E122/><V132/><F117/><W45/><G72/><T6/><D6/><U97/><E77/><V100/><F100/><W39/><G39/><T68/><D68/><U21/><E135/><N who="2" m="51755" /><F109/><W131/><G131/><T91/><D27/><U87/><E87/><V35/><F35/><W58/><G45/><T88/><D83/><U126/><E128/><V84/><F129/><W101/><G81/><T43/><D91/><U85/><E85/><N who="2" m="32875" /><F64/><N who="3" m="39023" /><G107/><T80/><D80/><U66/><E66/><V69/><F69/><W115/><G115/><T71/><D71/><U120/><E120/><V102/><F102/><N who="3" m="38923" /><G28/><T30/><D30/><U55/><E127/><V89/><F89/><W65/><G29/><T8/><REACH who="0" step="1"/><D8/><REACH who="0" ten="240,250,250,250" step="2"/><U108/><E10/><N who="2" m="2327" /><F3/><W121/><G121/><T130/><D130/><U25/><E126/><V75/><F75/><W110/><G110/><T31/><D31/><U16/><E108/><V98/><F98/><W9/><G9/><T92/><AGARI ba="0,1" hai="5,11,12,43,44,48,51,53,59,61,62,88,92,99" machi="92" ten="30,18000,2" yaku="1,1,0,1,8,1,52,2,54,1,53,0" doraHai="47" doraHaiUra="113" who="0" fromWho="0" sc="240,190,250,-60,250,-60,250,-60" /><INIT seed="0,1,0,5,4,125" ten="430,190,190,190" oya="0" hai0="72,119,24,110,50,9,22,123,83,27,90,19,81" hai1="41,47,94,0,12,124,82,15,17,104,89,84,115" hai2="68,103,135,118,73,88,109,132,99,8,7,78,46" hai3="51,67,92,116,80,95,13,111,20,77,1,30,29"/><T43/><D123/><U6/><E104/><V76/><F68/><W112/><G1/><T61/><D119/><U54/><E124/><V26/><F118/><W102/><G116/><T5/><D110/><U59/><E115/><V28/><F109/><W129/><G67/><T69/><D72/><U40/><E0/><V63/><F63/><W60/><G60/><T93/><D27/><U33/><E33/><V130/><F46/><W97/><G112/><T131/><D131/><U101/><E6/><V58/><F58/><W126/><G129/><T44/><D61/><U100/><E15/><V127/><F127/><W98/><G111/><T105/><D105/><U35/><E35/><V71/><F71/><W11/><G51/><T18/><D18/><U121/><E82/><V42/><F42/><N who="1" m="16489" /><E47/><V55/><F55/><W86/><G20/><T4/><D69/><U36/><E36/><V3/><F130/><W31/><G126/><T14/><REACH who="0" step="1"/><D4/><REACH who="0" ten="420,190,190,190" step="2"/><U32/><E121/><V53/><F26/><W85/><G30/><T25/><D25/><U21/><E32/><V48/><F28/><W57/><G29/><T66/><D66/><U114/><E114/><V106/><F73/><W38/><G31/><T10/><D10/><U107/><E107/><V39/><F8/><W45/><G11/><T128/><D128/><U113/><E113/><V91/><F7/><W64/><G64/><T23/><D23/><U65/><E65/><V37/><F106/><W134/><G13/><T56/><D56/><U74/><E74/><V34/><F34/><W96/><G57/><T133/><D133/><RYUUKYOKU ba="1,1" sc="420,15,190,15,190,-15,190,-15" hai0="5,9,14,19,22,24,43,44,50,81,83,90,93" hai1="12,17,21,54,59,84,89,94,100,101" /><INIT seed="0,2,1,3,5,43" ten="435,205,175,175" oya="0" hai0="1,11,30,97,41,122,69,66,73,116,7,84,129" hai1="4,49,94,78,110,45,3,130,53,105,95,117,6" hai2="42,24,132,133,33,120,70,65,8,37,90,109,107" hai3="115,118,106,56,40,63,83,27,80,124,102,60,134"/><T20/><D20/><U32/><E105/><V36/><F120/><W39/><G115/><T25/><D84/><U75/><E32/><V71/><F107/><W100/><G118/><T28/><D28/><U62/><E117/><V48/><F109/><W119/><G119/><T35/><D116/><U23/><E130/><V123/><F123/><W55/><G134/><N who="2" m="51817" /><F8/><W16/><G124/><T50/><D122/><U18/><E110/><V68/><F90/><W87/><G80/><T58/><D73/><U61/><E78/><V82/><F82/><W14/><G27/><T52/><D41/><U64/><E75/><V15/><F15/><W127/><G127/><T9/><D9/><U89/><E3/><V99/><F99/><W38/><G38/><N who="2" m="14953" /><F24/><W12/><G12/><T79/><D79/><U19/><E19/><V131/><F33/><W26/><G26/><T125/><D125/><U101/><E101/><N who="3" m="39018" /><G40/><T93/><D93/><U96/><E94/><V29/><F29/><W85/><G39/><T111/><D111/><U51/><E4/><V67/><F131/><W22/><G106/><T21/><D97/><U121/><E121/><V98/><F98/><W47/><G83/><T88/><D88/><U59/><E6/><V54/><F42/><W112/><G87/><T108/><D108/><U91/><E91/><V113/><F113/><W34/><G85/><T57/><D129/><U126/><E126/><V86/><F86/><W17/><G112/><T5/><D35/><U74/><E74/><V2/><F2/><W92/><G34/><T13/><D1/><U72/><E72/><RYUUKYOKU ba="2,1" sc="435,-10,205,-10,175,30,175,-10" hai2="48,54,65,67,68,70,71" /><INIT seed="1,3,1,5,5,26" ten="425,195,205,165" oya="1" hai0="18,38,96,23,32,98,101,126,125,88,14,133,40" hai1="73,108,62,78,34,11,85,31,24,51,2,61,57" hai2="118,12,135,7,95,75,120,79,114,3,117,77,29" hai3="115,9,5,52,25,105,45,64,30,69,121,71,54"/><U112/><E112/><V36/><F120/><W46/><G121/><T109/><D32/><U107/><E107/><V16/><F36/><W99/><G115/><T35/><D35/><U113/><E113/><V39/><F39/><W59/><G71/><T131/><D109/><U91/><E108/><V97/><F114/><W8/><G69/><T82/><D131/><U63/><E73/><V21/><F135/><W103/><G64/><T60/><D60/><U94/><E78/><V1/><F29/><W127/><G127/><N who="0" m="48651" /><D101/><U17/><E51/><V56/><F75/><W119/><G119/><T13/><D13/><U86/><E86/><V106/><F106/><W122/><G122/><T111/><D111/><U6/><REACH who="1" step="1"/><E17/><REACH who="1" ten="425,185,205,165" step="2"/><V43/><F79/><W76/><G76/><T70/><D133/><U81/><E81/><V48/><F77/><W80/><G80/><T55/><D82/><U27/><E27/><V130/><F118/><W58/><G25/><T84/><D84/><U53/><AGARI ba="3,2" hai="2,6,11,24,31,34,53,57,61,62,63,85,91,94" machi="53" ten="20,12000,1" yaku="1,1,0,1,7,1,52,1,53,1" doraHai="26" doraHaiUra="90" who="1" fromWho="1" sc="425,-43,185,149,205,-43,165,-43" /><INIT seed="1,4,0,3,5,90" ten="382,334,162,122" oya="1" hai0="78,117,134,48,85,104,57,20,38,82,131,66,27" hai1="68,98,135,67,59,45,40,64,127,74,105,49,93" hai2="15,54,1,84,11,70,5,73,119,58,111,108,8" hai3="76,4,46,124,6,92,51,80,7,106,75,17,18"/><U2/><E74/><V118/><F73/><W112/><G106/><T39/><D104/><U88/><E2/><V35/><F70/><W52/><G112/><T102/><D117/><U113/><E113/><V83/><F35/><W101/><REACH who="3" step="1"/><G124/><REACH who="3" ten="382,334,162,112" step="2"/><T50/><D131/><U94/><E127/><V121/><F121/><W71/><G71/><T9/><D134/><U13/><E68/><V77/><F119/><W22/><G22/><T16/><D39/><U41/><E105/><V56/><F118/><W63/><G63/><N who="0" m="38255" /><D38/><U91/><E135/><V30/><F30/><W44/><G44/><T132/><D132/><U95/><E59/><V97/><F58/><W99/><AGARI ba="4,1" hai="4,6,7,17,18,46,51,52,75,76,80,92,99,101" machi="99" ten="30,7900,0" yaku="1,1,0,1,52,1,54,1,53,0" doraHai="90" doraHaiUra="37" who="3" fromWho="3" sc="382,-24,334,-43,162,-24,112,101" /><INIT seed="2,0,0,2,0,117" ten="358,291,138,213" oya="2" hai0="84,2,66,100,104,133,30,25,24,3,88,93,94" hai1="51,12,58,28,4,39,121,97,114,20,115,113,89" hai2="109,75,34,110,72,91,29,18,11,65,38,127,10" hai3="56,40,33,82,8,59,42,57,9,23,15,16,35"/><V67/><F38/><W22/><G82/><T106/><D133/><U60/><E39/><V135/><F135/><W129/><G129/><T5/><D66/><U31/><E51/><V119/><F119/><W96/><G96/><T83/><D25/><U46/><E46/><V68/><F127/><W32/><REACH who="3" step="1"/><G22/><REACH who="3" ten="358,291,138,203" step="2"/><T86/><D83/><U63/><E20/><V49/><F34/><W47/><G47/><T132/><D132/><U90/><E97/><V48/><F68/><W103/><G103/><T102/><D100/><U124/><E114/><V77/><F77/><W125/><G125/><T0/><D102/><U116/><E124/><V101/><F101/><W36/><G36/><T69/><D69/><U43/><E113/><V7/><F91/><W54/><G54/><T118/><D118/><U71/><E90/><V26/><F67/><W62/><G62/><T53/><D53/><U17/><E63/><V73/><F65/><W128/><G128/><T41/><D93/><U123/><E115/><V44/><F44/><W99/><G99/><T80/><D80/><U95/><E95/><V37/><F37/><W105/><G105/><T81/><D81/><U70/><E116/><V111/><F7/><W27/><G27/><T112/><D112/><U45/><E89/><V78/><F78/><W64/><G64/><T55/><D5/><U98/><E4/><V120/><F26/><W61/><G61/><T21/><D55/><U13/><E60/><V85/><F109/><W19/><G19/><T92/><D41/><AGARI ba="0,1" hai="8,9,15,16,23,32,33,35,40,41,42,56,57,59" machi="41" ten="50,3200,0" yaku="1,1,54,1,53,0" doraHai="117" doraHaiUra="126" who="3" fromWho="0" sc="358,-32,291,0,138,0,203,42" /><INIT seed="3,0,0,1,5,116" ten="326,291,138,245" oya="3" hai0="83,24,17,121,43,67,54,123,94,29,114,105,61" hai1="63,98,127,10,68,53,131,35,46,74,4,21,33" hai2="126,51,91,19,15,22,80,95,108,113,112,37,119" hai3="84,64,87,106,56,1,120,96,40,20,7,59,128"/><W77/><G40/><T93/><D17/><U125/><E131/><V52/><F37/><W132/><G132/><T8/><D8/><U135/><E135/><V66/><F119/><W65/><G128/><T23/><D54/><U47/><E74/><V75/><F108/><W102/><G1/><T90/><D83/><U49/><E98/><V76/><F66/><W117/><G117/><T104/><D43/><U55/><E21/><V31/><F31/><W27/><G7/><T30/><D114/><U103/><E103/><V50/><F50/><W99/><G77/><T134/><D134/><U12/><E68/><V110/><F110/><W88/><G120/><T82/><D82/><U16/><E4/><V41/><F41/><W73/><G73/><T25/><D90/><U111/><E111/><V78/><F78/><W42/><G42/><T58/><D23/><U109/><E109/><V60/><F60/><W71/><G71/><T3/><D61/><U97/><E97/><V36/><F36/><W129/><G129/><T48/><D48/><N who="1" m="28823" /><E63/><V81/><F81/><W62/><G99/><T44/><D44/><U13/><E13/><V130/><F130/><W0/><G65/><T18/><D67/><U107/><E107/><V70/><F70/><N who="3" m="42263" /><G0/><T118/><D3/><U28/><E28/><V32/><F32/><W39/><G84/><T5/><D118/><U26/><E35/><V69/><F69/><W6/><G39/><T79/><D79/><U2/><E2/><V45/><F126/><W11/><G106/><T89/><D104/><U57/><E47/><V86/><AGARI ba="0,0" hai="15,19,22,45,51,52,75,76,80,86,91,95,112,113" machi="86" ten="20,5200,0" yaku="5,1,0,1,7,1,54,1" doraHai="116" who="2" fromWho="2" sc="326,-13,291,-13,138,52,245,-26" /><INIT seed="4,0,0,2,5,101" ten="313,278,190,219" oya="0" hai0="34,109,85,2,104,108,46,89,36,125,27,111,122" hai1="37,53,96,112,133,106,0,29,63,42,134,110,3" hai2="33,51,54,124,41,120,6,21,19,115,87,17,66" hai3="38,117,30,105,103,99,68,1,40,97,5,47,82"/><T32/><D2/><U62/><E110/><V88/><F120/><W8/><G117/><T91/><D122/><U94/><E29/><V121/><F121/><W44/><G30/><T72/><D72/><U39/><E106/><V31/><F33/><N who="0" m="12906" /><D27/><U69/><E53/><V75/><F75/><W16/><G97/><T12/><D12/><U55/><E55/><V65/><F115/><W49/><G68/><T126/><D104/><U70/><E42/><V35/><F35/><W84/><G16/><N who="2" m="6217" /><F41/><W129/><G129/><T113/><D113/><U20/><E20/><V123/><F6/><W114/><G114/><T80/><D91/><U28/><E112/><V130/><F123/><W56/><G56/><T7/><D7/><U14/><E14/><V95/><F130/><W102/><G102/><T135/><D135/><U79/><E28/><V81/><F81/><W9/><G9/><T92/><D80/><U73/><E69/><V98/><F98/><W23/><G23/><T127/><D46/><U132/><E70/><V52/><F124/><N who="0" m="31746" /><T67/><DORA hai="59" /><D67/><N who="2" m="25610" /><F51/><W22/><G22/><T61/><D61/><N who="1" m="23051" /><E0/><V119/><F119/><W71/><G71/><T83/><D83/><N who="1" m="45551" /><E3/><V86/><F86/><W128/><G128/><T43/><D43/><U45/><E45/><V4/><F4/><W60/><G47/><T48/><D48/><U93/><E93/><V58/><F58/><W116/><G60/><T15/><D15/><U50/><E50/><V100/><F100/><AGARI ba="0,0" hai="37,39,94,96,100,132,133,134" m="45551,23051" machi="100" ten="30,7700,0" yaku="20,1,52,3" doraHai="101,59" who="1" fromWho="2" sc="313,0,278,77,190,-77,219,0" /><INIT seed="5,0,0,5,3,81" ten="313,355,113,219" oya="1" hai0="14,113,45,51,110,90,29,74,26,9,119,135,72" hai1="61,2,59,89,20,37,128,23,6,83,30,101,38" hai2="102,76,10,69,122,36,133,62,129,120,104,114,88" hai3="95,56,105,18,42,53,99,55,7,46,67,5,93"/><U13/><E101/><V22/><F76/><W112/><G105/><T75/><D113/><U19/><E128/><V40/><F129/><W50/><G112/><T108/><D135/><U124/><E124/><V43/><F114/><W4/><G18/><T126/><D126/><U60/><E60/><V1/><F133/><W94/><REACH who="3" step="1"/><G99/><REACH who="3" ten="313,355,113,209" step="2"/><T54/><D119/><U131/><E19/><V79/><F104/><W103/><G103/><T41/><D110/><U100/><E100/><V109/><F102/><W87/><G87/><T71/><D108/><U132/><E132/><V39/><F109/><W121/><G121/><T27/><D74/><U47/><E131/><V116/><F122/><W73/><G73/><T92/><D75/><U24/><E30/><V134/><F120/><W65/><G65/><T52/><D72/><U96/><E96/><V8/><F134/><W80/><G80/><T115/><D115/><U0/><E6/><V97/><F97/><W84/><G84/><N who="0" m="52295" /><D71/><U58/><E83/><V82/><F69/><W107/><G107/><T70/><D70/><U49/><E24/><N who="0" m="9257" /><D29/><U33/><E33/><V86/><F82/><W17/><G17/><AGARI ba="0,1" hai="9,14,17,41,45,51,52,54" m="9257,52295" machi="17" ten="30,3900,0" yaku="8,1,52,1,54,1" doraHai="81" who="0" fromWho="3" sc="313,49,355,0,113,0,209,-39" /><INIT seed="6,0,0,4,2,119" ten="362,355,113,170" oya="2" hai0="74,64,125,33,47,105,79,34,104,14,37,92,42" hai1="91,124,135,77,55,60,63,45,36,6,13,73,32" hai2="50,116,39,111,112,28,98,48,86,7,23,81,108" hai3="133,103,78,57,134,9,102,130,3,94,118,87,8"/><V27/><F39/><W89/><G118/><T76/><D92/><U80/><E32/><N who="0" m="12393" /><D14/><U10/><E135/><N who="3" m="51722" /><G130/><T22/><D22/><U115/><E115/><V121/><F116/><W122/><G122/><T96/><D79/><U41/><E124/><V131/><F112/><W19/><G78/><T40/><D40/><U128/><E128/><V4/><F131/><W95/><G57/><T97/><D97/><U43/><E43/><V1/><F98/><W109/><G109/><N who="2" m="42057" /><F121/><W24/><G95/><T83/><D96/><U35/><E35/><V62/><F62/><W132/><N who="3" m="51730" /><W88/><DORA hai="53" /><G89/><T126/><D64/><U117/><E117/><V17/><F28/><W69/><G69/><T58/><D58/><U129/><E129/><V101/><F101/><N who="3" m="38411" /><G3/><T75/><D75/><U85/><E63/><V107/><F107/><AGARI ba="0,0" hai="37,42,47,74,76,83,104,105,107,125,126" m="12393" machi="107" ten="30,1000,0" yaku="23,1" doraHai="119,53" who="0" fromWho="2" sc="362,10,355,0,113,-10,170,0" /><INIT seed="7,0,0,2,3,4" ten="372,355,103,170" oya="3" hai0="43,6,13,53,7,91,15,36,18,56,130,31,120" hai1="26,38,65,45,113,9,24,21,20,34,8,1,105" hai2="83,33,82,95,119,126,115,27,132,117,87,92,78" hai3="108,2,100,30,40,116,111,69,29,57,51,10,109"/><W131/><G69/><T128/><D31/><U60/><E105/><V81/><F33/><W37/><G116/><T72/><D72/><U96/><E113/><V134/><F27/><N who="1" m="10281" /><E34/><V84/><F115/><W76/><G131/><N who="0" m="50219" /><D120/><U63/><E1/><V32/><F32/><W48/><G100/><T16/><D91/><U102/><E38/><V88/><F126/><W110/><G110/><T58/><D15/><U67/><E45/><V90/><REACH who="2" step="1"/><F78/><REACH who="2" ten="372,355,93,170" step="2"/><W98/><G76/><T85/><D85/><U17/><E102/><V12/><F12/><W35/><G35/><T66/><D13/><N who="1" m="9263" /><E96/><V11/><F11/><N who="1" m="4169" /><E21/><V74/><F74/><W61/><G98/><T55/><D7/><U124/><E124/><V135/><AGARI ba="0,1" hai="81,82,83,84,87,88,90,92,95,117,119,132,134,135" machi="135" ten="40,16000,3" yaku="1,1,0,1,9,1,20,1,34,3,54,1,53,0" doraHai="4" doraHaiUra="49" who="2" fromWho="2" sc="372,-40,355,-40,93,170,170,-80" owari="332,43.0,315,12.0,263,-14.0,90,-41.0" /></mjloggm>