<mjloggm ver="2.3"><GO type="97" lobby="0"/><UN n0="%E5%B0%B1%E6%B4%BB%E7%94%9F%40%E5%B7%9D%E6%9D%91%E8%BB%8D%E5%9B%A3" n1="%E7%94%B0%E4%B8%AD%E5%84%AA%E7%BE%8E%E6%B8%85%E4%B8%80%E8%89%B2" n2="%E5%8F%82%E8%AC%80%EF%BC%A0%E5%B7%9D%E6%9D%91%E8%BB%8D%E5%9B%A3" n3="%72%6F%63%6F" dan="15,14,14,15" rate="2080.23,1928.42,1975.28,2075.46" sx="M,F,M,M"/><TAIKYOKU oya="0"/><INIT seed="0,0,0,0,4,101" ten="250,250,250,250" oya="0" hai0="36,111,35,129,96,47,65,11,8,108,52,13,83" hai1="9,79,69,71,135,51,43,23,16,58,44,104,130" hai2="12,97,131,54,55,57,126,93,2,10,48,49,86" hai3="46,60,73,114,0,31,5,33,61,42,116,121,106"/><T76/><D35/><U1/><E79/><V14/><F126/><W38/><G61/><T68/><D129/><U19/><E130/><V20/><F131/><W115/><G116/><T123/><D123/><U74/><E74/><V94/><F86/><W22/><G22/><T28/><D28/><U103/><E135/><V67/><F67/><W81/><G60/><N who="0" m="39975" /><D96/><U120/><E120/><V82/><F82/><W99/><G121/><T105/><D105/><U53/><E9/><V21/><F2/><W4/><G4/><T119/><D119/><U64/><E1/><V29/><F29/><W109/><G31/><T17/><D8/><U128/><E128/><V91/><F94/><W133/><G33/><T24/><D24/><U98/><E64/><V110/><F14/><W124/><G5/><T112/><D36/><U40/><E19/><V80/><F80/><W34/><G34/><T122/><D122/><U102/><E102/><V27/><F27/><W117/><G0/><T125/><D125/><U78/><E78/><V72/><F72/><W87/><G73/><N who="0" m="43407" /><D47/><U90/><E90/><V25/><F25/><W85/><G46/><T134/><D134/><U7/><E7/><N who="2" m="3167" /><F20/><W56/><G124/><T118/><D118/><U84/><E84/><V30/><F21/><W32/><G87/><T6/><D112/><U75/><E75/><V66/><F30/><W26/><G133/><T77/><D77/><U89/><E89/><V127/><F127/><W88/><G117/><T113/><D113/><U107/><E44/><N who="2" m="27911" /><F66/><W45/><G115/><T63/><D6/><U50/><E69/><RYUUKYOKU ba="0,0" sc="250,15,250,-15,250,15,250,-15" hai0="11,13,17,52,63,108,111" hai2="49,55,57,91,93,97,110" /><INIT seed="0,1,0,2,2,21" ten="265,235,265,235" oya="0" hai0="111,13,50,39,31,94,132,7,55,77,101,96,24" hai1="106,79,120,58,5,107,48,51,131,30,69,86,10" hai2="35,119,124,113,81,62,29,43,8,129,125,16,17" hai3="23,108,12,127,22,93,64,44,99,36,97,84,0"/><T90/><D39/><U6/><E120/><V61/><F113/><W52/><G0/><T82/><D132/><U67/><E69/><V122/><F122/><W112/><G112/><T66/><D111/><U37/><E37/><V118/><F43/><W114/><G114/><T89/><D66/><U83/><E30/><V123/><F123/><W3/><G3/><T109/><D109/><U68/><E68/><V133/><F81/><W95/><G108/><T72/><D7/><U33/><E33/><V9/><F133/><W32/><G32/><T102/><D13/><U121/><E121/><V78/><F78/><W115/><G115/><T116/><D102/><U56/><E131/><V135/><F135/><W45/><G64/><T53/><D53/><U1/><E5/><V20/><F129/><W63/><G36/><T46/><REACH who="0" step="1"/><D116/><REACH who="0" ten="255,235,265,235" step="2"/><U88/><E67/><V65/><F65/><W19/><G12/><T47/><D47/><U4/><E6/><V26/><F119/><W130/><G45/><T15/><D15/><U85/><E58/><V75/><F118/><W2/><G44/><T54/><D54/><U25/><E56/><V80/><F125/><W91/><G127/><T34/><AGARI ba="1,1" hai="24,31,34,46,50,55,72,77,82,89,90,94,96,101" machi="34" ten="20,12000,1" yaku="1,1,0,1,7,1,52,1,53,1" doraHai="21" doraHaiUra="98" who="0" fromWho="0" sc="255,133,235,-41,265,-41,235,-41" /><INIT seed="0,2,0,0,0,81" ten="388,194,224,194" oya="0" hai0="29,55,118,71,79,7,105,68,78,134,44,21,39" hai1="12,82,47,38,19,121,72,25,77,3,4,26,70" hai2="23,123,32,91,16,127,119,9,27,64,73,2,43" hai3="74,46,96,113,109,108,11,135,84,45,31,126,51"/><T92/><D118/><U98/><E121/><V22/><F123/><W125/><G113/><T58/><D105/><U8/><E70/><V76/><F119/><W116/><G74/><T15/><D134/><U5/><E98/><V20/><F64/><W56/><G135/><T49/><D71/><U48/><E5/><N who="2" m="1207" /><F91/><W63/><G116/><T17/><D68/><U67/><E67/><V0/><F43/><N who="3" m="25055" /><G45/><T111/><D111/><N who="3" m="42569" /><G31/><T18/><D7/><U50/><E50/><V99/><F99/><W53/><G96/><T59/><D29/><U6/><E6/><V120/><F120/><W129/><G129/><T93/><D39/><U75/><E75/><V42/><F42/><W87/><G11/><T10/><D59/><U61/><E38/><V106/><F106/><W128/><G128/><T90/><D44/><U101/><E101/><V94/><F73/><W83/><G87/><N who="0" m="52319" /><D93/><U66/><E47/><V95/><F94/><W132/><G132/><T107/><D107/><U122/><E122/><V131/><F95/><W86/><G86/><T1/><D1/><U97/><E97/><V65/><F131/><W62/><G62/><T80/><D80/><U103/><E103/><V85/><F85/><W30/><G30/><T130/><D130/><U14/><E48/><V13/><F0/><W100/><G100/><T89/><D89/><AGARI ba="2,0" hai="53,56,63,83,84,89,125,126" m="42569,25055" machi="89" ten="30,2000,0" yaku="14,1,52,1" doraHai="81" who="3" fromWho="0" sc="388,-26,194,0,224,0,194,26" /><INIT seed="1,0,0,2,1,35" ten="362,194,224,220" oya="1" hai0="70,60,0,83,18,75,107,24,123,16,65,102,124" hai1="3,6,59,119,127,9,34,5,103,69,113,53,41" hai2="40,26,14,109,122,97,104,81,23,118,91,116,10" hai3="32,46,132,114,129,120,28,21,111,101,89,48,95"/><U96/><E119/><V94/><F122/><W134/><G114/><T88/><D123/><U128/><E113/><V71/><F71/><W8/><G32/><T125/><D0/><U80/><E69/><V25/><F109/><W7/><G111/><T50/><D50/><U56/><E34/><V90/><F104/><W52/><G101/><T31/><D102/><U58/><E41/><V20/><F40/><W87/><G129/><T12/><D107/><U27/><E128/><V72/><F72/><W105/><G105/><T44/><D44/><U43/><E43/><V64/><F64/><W4/><G120/><T85/><D75/><U1/><E27/><V54/><F54/><W131/><G131/><T110/><D110/><U99/><E80/><V22/><F118/><W63/><G63/><T98/><D98/><U86/><E86/><N who="2" m="50511" /><F116/><W29/><G21/><N who="2" m="5377" /><V126/><DORA hai="15" /><F126/><N who="0" m="48746" /><D12/><U78/><E127/><V11/><F11/><W106/><G106/><T57/><D70/><U49/><E78/><V45/><F45/><W130/><G130/><T67/><D67/><U39/><E39/><V100/><F100/><W2/><REACH who="3" step="1"/><G4/><AGARI ba="0,0" hai="4,10,14,25,26,91,94,97" m="5377,50511" machi="4" ten="30,1000,0" yaku="8,1" doraHai="35,15" who="2" fromWho="3" sc="362,0,194,0,224,10,220,-10" /><INIT seed="2,0,0,2,2,82" ten="362,194,234,210" oya="2" hai0="126,77,2,91,67,34,89,102,98,63,14,123,50" hai1="55,69,48,18,28,115,17,38,118,99,33,117,96" hai2="85,81,60,7,41,4,112,79,29,90,47,78,121" hai3="13,120,105,62,25,65,122,16,103,15,114,53,52"/><V87/><F112/><W59/><G114/><T54/><D2/><U119/><E115/><V58/><F121/><W72/><G72/><T11/><D34/><U24/><E38/><V5/><F29/><W108/><G108/><T88/><D123/><U80/><E69/><V27/><F27/><W124/><G124/><T130/><D77/><U97/><REACH who="1" step="1"/><E80/><REACH who="1" ten="362,184,234,210" step="2"/><V64/><REACH who="2" step="1"/><F87/><REACH who="2" ten="362,184,224,210" step="2"/><W35/><G122/><T127/><D126/><U125/><E125/><V45/><F45/><AGARI ba="0,2" hai="17,18,24,28,33,45,48,55,96,97,99,117,118,119" machi="45" ten="50,1600,0" yaku="1,1,53,0" doraHai="82" doraHaiUra="109" who="1" fromWho="2" sc="362,0,184,36,224,-16,210,0" /><INIT seed="3,0,0,4,5,39" ten="362,220,208,210" oya="3" hai0="99,71,13,48,15,128,129,45,101,111,36,8,40" hai1="50,83,107,18,0,132,135,62,110,117,32,118,47" hai2="60,90,37,63,91,116,27,41,10,78,21,77,87" hai3="35,20,84,106,104,88,26,131,69,124,96,4,44"/><W34/><G69/><T11/><D111/><U109/><E107/><V98/><F116/><N who="1" m="44649" /><E32/><V67/><F10/><N who="0" m="3626" /><D71/><U94/><E0/><V52/><F67/><W53/><G131/><N who="0" m="50251" /><D48/><U65/><E18/><V70/><F70/><W9/><G124/><T120/><D120/><U66/><E83/><V97/><F37/><W7/><G7/><T3/><D3/><U5/><E94/><AGARI ba="0,0" hai="13,15,36,40,45,94,99,101" m="50251,3626" machi="94" ten="30,2000,0" yaku="19,1,52,1" doraHai="39" who="0" fromWho="1" sc="362,20,220,-20,208,0,210,0" owari="382,48.0,200,-30.0,208,-19.0,210,1.0" /></mjloggm>