<mjloggm ver="2.3"><GO type="169" lobby="0"/><UN n0="%E3%81%99%E3%81%84%E3%81%8F%E3%82%8D" n1="%E5%B0%B1%E6%B4%BB%E7%94%9F%40%E5%B7%9D%E6%9D%91%E8%BB%8D%E5%9B%A3" n2="%E3%81%84%E3%81%A1%E3%81%8B%E3%82%8F%E2%99%AA" n3="%E3%81%A0%E3%81%90%E3%81%A9" dan="16,16,16,16" rate="2093.21,2142.58,2068.12,2084.22" sx="M,M,F,M"/><TAIKYOKU oya="0"/><INIT seed="0,0,0,3,2,113" ten="250,250,250,250" oya="0" hai0="25,47,135,28,62,115,15,83,67,33,112,75,82" hai1="37,87,122,54,26,53,111,38,78,126,76,27,9" hai2="19,52,22,43,110,56,74,94,131,133,108,2,101" hai3="48,72,70,69,124,119,0,20,114,130,68,5,40"/><T100/><D135/><U6/><E122/><V121/><F74/><W129/><G114/><T45/><D83/><U10/><E126/><V4/><F43/><W79/><G124/><T36/><D47/><U61/><E87/><V92/><F121/><W86/><G20/><T81/><D81/><U104/><E104/><V12/><F133/><W11/><G86/><T134/><D134/><U23/><E23/><V42/><F42/><W128/><G48/><T29/><D29/><U91/><E61/><V90/><F101/><W51/><G51/><T13/><D13/><U117/><E91/><V95/><F131/><W41/><G119/><T99/><D15/><U116/><REACH who="1" step="1"/><E6/><REACH who="1" ten="250,240,250,250" step="2"/><V57/><F90/><W80/><AGARI ba="0,1" hai="0,5,11,40,41,68,69,70,72,79,80,128,129,130" machi="80" ten="40,2700,0" yaku="0,1,19,1" doraHai="113" who="3" fromWho="3" sc="250,-13,240,-7,250,-7,250,37" /><INIT seed="1,0,0,2,1,17" ten="237,233,243,287" oya="1" hai0="40,47,41,7,57,128,103,6,97,27,82,124,9" hai1="20,78,4,21,76,110,95,74,29,88,46,69,0" hai2="71,8,56,132,112,44,129,115,22,2,93,109,130" hai3="120,90,131,23,116,35,133,60,100,134,43,94,121"/><U48/><E69/><V84/><F71/><W62/><G35/><T28/><D128/><N who="2" m="49258" /><F56/><W118/><G131/><T58/><D7/><U75/><E110/><V102/><F44/><W125/><G43/><T127/><D82/><U33/><E33/><V65/><F65/><W16/><G100/><T5/><D5/><U49/><E29/><V24/><F102/><W54/><G125/><T19/><D19/><U98/><E74/><V106/><F106/><W72/><G72/><T38/><D41/><N who="1" m="24655" /><E75/><V108/><F84/><N who="3" m="52551" /><G54/><T126/><D97/><U96/><E0/><V67/><F93/><W123/><G62/><T26/><D103/><U99/><E4/><N who="2" m="1047" /><F132/><N who="3" m="50795" /><G60/><T86/><D124/><U61/><E61/><V10/><F10/><W77/><G77/><N who="1" m="29802" /><E49/><V63/><F63/><W25/><AGARI ba="0,0" hai="16,23,25,116,118,120,121,123" m="50795,52551" machi="25" ten="40,5200,0" yaku="20,1,52,1,54,1" doraHai="17" who="3" fromWho="3" sc="237,-13,233,-26,243,-13,287,52" /><INIT seed="2,0,0,1,5,25" ten="224,207,230,339" oya="2" hai0="116,48,34,127,28,51,108,39,100,24,42,20,0" hai1="117,102,2,6,80,86,62,15,69,124,115,106,38" hai2="35,4,135,75,105,17,44,70,41,91,112,96,5" hai3="7,61,58,40,94,90,99,52,23,109,43,46,37"/><V36/><F70/><W10/><G109/><T60/><D0/><U78/><E38/><V123/><F135/><W26/><G46/><T45/><D127/><U87/><E2/><V126/><F123/><W16/><REACH who="3" step="1"/><G37/><REACH who="3" ten="224,207,230,329" step="2"/><T68/><D108/><U50/><E124/><V11/><F126/><W114/><G114/><T93/><D39/><U21/><E115/><V3/><F112/><W128/><G128/><T101/><D45/><U98/><E117/><V55/><F44/><W83/><G83/><T56/><D116/><U49/><E86/><V30/><F36/><W64/><G64/><T13/><D101/><U129/><E129/><V67/><F67/><W9/><G9/><T82/><D100/><U22/><E87/><V76/><F75/><W54/><G54/><T79/><D42/><U32/><E80/><V88/><F55/><W81/><G81/><T65/><D82/><U33/><E102/><V31/><F41/><W97/><G97/><T27/><D65/><U18/><E98/><V1/><F96/><W53/><G53/><T95/><D51/><U133/><E133/><V107/><F76/><W92/><G92/><T130/><D48/><U74/><E78/><V134/><F11/><W120/><G120/><T72/><D79/><U77/><E77/><V103/><F103/><W110/><G110/><T118/><D72/><U113/><E113/><V47/><F47/><W73/><G73/><T8/><D130/><U71/><E74/><V59/><F134/><W12/><AGARI ba="0,1" hai="7,10,12,16,23,26,40,43,52,58,61,90,94,99" machi="12" ten="20,16000,3" yaku="1,1,0,1,7,1,25,2,8,1,54,2,53,0" doraHai="25" doraHaiUra="111" who="3" fromWho="3" sc="224,-40,207,-40,230,-80,329,170" /><INIT seed="3,0,0,0,5,29" ten="184,167,150,499" oya="3" hai0="129,33,124,111,42,59,110,131,85,46,128,78,7" hai1="39,70,117,26,134,17,118,56,119,109,43,32,122" hai2="10,73,30,2,71,82,112,19,90,94,23,81,52" hai3="40,14,6,76,126,92,86,36,31,72,133,1,49"/><W116/><G1/><T53/><D7/><U60/><E122/><V15/><F71/><W45/><G116/><T93/><D78/><U80/><E109/><N who="0" m="41481" /><D85/><U89/><E134/><V68/><F68/><W99/><G72/><T100/><D93/><U105/><E105/><V44/><F112/><W38/><G133/><T91/><D91/><U113/><E113/><V48/><F73/><W12/><G31/><T35/><D100/><U104/><E104/><V130/><F130/><W25/><G25/><T132/><D132/><U95/><E70/><V11/><F2/><W79/><G126/><T106/><D106/><U3/><E80/><N who="2" m="30827" /><F30/><W88/><G14/><T66/><D66/><N who="1" m="39175" /><E3/><V115/><F115/><W75/><G75/><T107/><D107/><U61/><E61/><V121/><F121/><W103/><G79/><T135/><D124/><U16/><E43/><V41/><F41/><W67/><G67/><T28/><D28/><N who="1" m="19479" /><E39/><V84/><AGARI ba="0,0" hai="10,11,15,19,23,44,48,52,84,90,94" m="30827" machi="84" ten="30,2000,0" yaku="8,1,54,1" doraHai="29" who="2" fromWho="2" sc="184,-5,167,-5,150,20,499,-10" /><INIT seed="4,0,0,2,3,0" ten="179,162,170,489" oya="0" hai0="21,28,37,59,120,72,16,95,36,54,47,78,42" hai1="14,92,5,30,77,79,130,20,84,33,61,24,87" hai2="75,49,48,27,35,53,90,132,100,11,131,68,7" hai3="111,55,8,114,102,108,9,82,119,135,117,93,107"/><T126/><D72/><U98/><E130/><V134/><F68/><W66/><G66/><T34/><D78/><N who="1" m="29707" /><E33/><V44/><F75/><W39/><G39/><T101/><D34/><U45/><E45/><V71/><F100/><W69/><G69/><T124/><D28/><U128/><E128/><V104/><F104/><W62/><G107/><T118/><D37/><U58/><E14/><N who="2" m="5503" /><F71/><W13/><G135/><N who="2" m="51753" /><F131/><W67/><G67/><T23/><D120/><U106/><E106/><V112/><F112/><W86/><G114/><T10/><D101/><N who="1" m="60615" /><E5/><V19/><F90/><W129/><G129/><T40/><D126/><U6/><E6/><V12/><F35/><W121/><G121/><T22/><D124/><U3/><E3/><V46/><F27/><W127/><G127/><T64/><D36/><U32/><E32/><V81/><F81/><W80/><G80/><T103/><D103/><U31/><E30/><V105/><F105/><W25/><G102/><T99/><D47/><N who="2" m="17962" /><F53/><AGARI ba="0,0" hai="20,24,31,53,58,61,84,87" m="60615,29707" machi="53" ten="30,1000,0" yaku="8,1" doraHai="0" who="1" fromWho="2" sc="179,0,162,10,170,-10,489,0" /><INIT seed="5,0,0,0,1,109" ten="179,172,160,489" oya="1" hai0="52,78,31,87,69,107,42,124,18,82,43,34,119" hai1="80,126,76,59,3,127,98,70,131,57,5,114,125" hai2="110,19,0,77,20,26,9,71,64,10,1,50,29" hai3="94,97,46,33,24,73,51,135,16,128,85,6,38"/><U81/><E70/><V36/><F36/><W22/><G73/><T121/><D69/><U28/><E28/><V74/><F110/><W133/><G38/><T15/><D107/><U105/><E131/><V17/><F64/><W37/><G37/><T61/><D34/><U102/><E114/><V49/><F50/><W116/><G116/><T132/><D31/><U63/><E63/><V58/><F71/><W79/><G6/><T7/><D124/><U130/><E130/><V8/><F77/><W44/><G33/><T25/><D132/><U95/><E105/><V112/><F74/><W111/><G111/><T66/><D66/><U72/><REACH who="1" step="1"/><E81/><REACH who="1" ten="179,162,160,489" step="2"/><V113/><F58/><W67/><G128/><T129/><D61/><U88/><E88/><V53/><F49/><W62/><G51/><T14/><D82/><U13/><E13/><V123/><F123/><W4/><G135/><T47/><D14/><U104/><E104/><V54/><F0/><W75/><G133/><T100/><D15/><U30/><E30/><V11/><N who="2" m="2048" /><DORA hai="39" /><V101/><F1/><W90/><G90/><T35/><D129/><U86/><E86/><V41/><F101/><W99/><G85/><T40/><D87/><U48/><E48/><V96/><F96/><W122/><G97/><T27/><D100/><U65/><E65/><V84/><F84/><W120/><G67/><T134/><D134/><U68/><E68/><V2/><F2/><W106/><G99/><T118/><D121/><U83/><E83/><V115/><F41/><W32/><G120/><T93/><D42/><U89/><E89/><RYUUKYOKU ba="0,1" sc="179,-15,162,15,160,15,489,-15" hai1="3,5,57,59,72,76,80,95,98,102,125,126,127" hai2="17,19,20,26,29,53,54,112,113,115" /><INIT seed="5,1,1,2,0,135" ten="164,177,175,474" oya="1" hai0="108,4,37,55,119,49,30,125,65,66,109,34,19" hai1="84,0,40,131,7,54,102,42,106,46,44,1,81" hai2="32,130,50,82,88,22,28,61,47,8,75,83,126" hai3="104,101,85,57,56,79,74,95,73,60,48,76,118"/><U21/><E131/><V18/><F130/><W36/><G36/><T97/><D37/><U114/><E114/><V23/><F32/><W115/><G104/><T58/><D34/><U26/><E106/><V127/><F61/><W16/><G115/><T111/><D30/><U86/><E102/><V92/><F8/><W59/><G118/><T123/><D4/><U13/><E1/><V129/><F28/><W51/><G74/><T93/><D123/><U27/><E0/><V87/><F129/><W90/><G73/><T94/><D94/><U99/><E99/><V35/><F35/><W103/><G16/><T67/><D19/><N who="1" m="10479" /><E54/><N who="2" m="30047" /><F75/><W29/><G29/><T121/><D121/><U3/><E3/><V63/><F63/><W120/><G60/><T11/><D11/><U24/><E7/><V70/><F70/><W117/><G117/><T62/><D119/><U20/><E20/><N who="2" m="7723" /><F18/><W6/><G6/><T2/><D2/><U105/><E86/><V69/><F69/><W107/><G107/><T15/><D62/><U31/><E31/><V122/><F122/><W113/><G120/><T68/><D68/><U5/><E5/><V78/><F78/><N who="3" m="29739" /><G113/><T89/><REACH who="0" step="1"/><D15/><REACH who="0" ten="154,177,175,474" step="2"/><U45/><E105/><V91/><F91/><AGARI ba="1,2" hai="24,26,27,40,42,44,45,46,81,84,91" m="10479" machi="91" ten="30,1500,0" yaku="8,1" doraHai="135" who="1" fromWho="2" sc="154,0,177,38,175,-18,474,0" /><INIT seed="5,2,0,2,1,35" ten="154,215,157,474" oya="1" hai0="53,59,97,26,91,125,29,66,96,1,121,84,76" hai1="63,0,19,3,38,36,5,72,93,33,45,75,86" hai2="124,71,50,52,106,100,8,4,85,24,58,134,23" hai3="30,112,17,129,31,108,77,111,117,123,74,20,101"/><U37/><E33/><V107/><F71/><W57/><G123/><T62/><D125/><U80/><E5/><V61/><F134/><W73/><G101/><T94/><D121/><U131/><E131/><V104/><F124/><W120/><G112/><T55/><D1/><N who="1" m="587" /><E19/><V98/><F85/><W54/><G129/><T7/><D7/><U34/><E34/><V109/><F109/><W110/><G120/><T67/><D55/><U44/><E93/><V122/><F50/><W28/><G77/><T119/><D119/><U126/><E63/><V51/><F61/><W21/><G117/><T42/><D42/><U56/><E56/><V89/><F89/><W103/><G103/><T48/><D76/><N who="1" m="46343" /><E126/><V22/><F122/><W15/><G21/><T10/><D10/><U81/><E81/><V95/><REACH who="2" step="1"/><F24/><REACH who="2" ten="154,215,147,474" step="2"/><W115/><G111/><T14/><D62/><U13/><E13/><AGARI ba="2,1" hai="4,8,13,22,23,51,52,58,95,98,100,104,106,107" machi="13" ten="40,5200,0" yaku="1,1,2,1,54,1,53,0" doraHai="35" doraHaiUra="70" who="2" fromWho="1" sc="154,0,215,-58,147,68,474,0" /><INIT seed="6,0,0,1,5,80" ten="154,157,215,474" oya="2" hai0="127,82,37,130,9,135,51,40,132,17,69,106,54" hai1="18,41,30,47,15,24,23,59,52,63,7,25,21" hai2="39,46,113,129,36,34,35,87,122,79,133,8,83" hai3="116,49,20,22,86,105,1,85,44,53,95,90,111"/><V61/><F122/><W50/><G105/><T28/><D69/><U84/><E7/><V89/><F133/><N who="0" m="51274" /><D106/><U26/><REACH who="1" step="1"/><E84/><REACH who="1" ten="154,147,215,474" step="2"/><V101/><F87/><W81/><G111/><T73/><D73/><U19/><E19/><V103/><F113/><W94/><G1/><T121/><D17/><U131/><E131/><V32/><F129/><W107/><G107/><T48/><D130/><U118/><E118/><V66/><F79/><N who="3" m="46271" /><G116/><T125/><D121/><U75/><E75/><V112/><F112/><W104/><G104/><T77/><D77/><U0/><E0/><V27/><F83/><N who="3" m="49503" /><G50/><AGARI ba="0,1" hai="15,18,21,23,24,25,26,30,41,47,50,52,59,63" machi="50" ten="30,7700,0" yaku="1,1,7,1,8,1,54,1,53,0" doraHai="80" doraHaiUra="97" who="1" fromWho="3" sc="154,0,147,87,215,0,474,-77" /><INIT seed="7,0,0,2,4,10" ten="154,234,215,397" oya="3" hai0="19,31,127,94,30,83,106,45,46,54,103,118,21" hai1="109,28,23,96,123,53,3,86,135,111,55,11,13" hai2="105,57,124,100,44,93,48,32,79,22,107,112,6" hai3="61,121,33,63,67,113,8,90,76,68,59,116,27"/><W16/><G121/><T38/><D127/><U35/><E123/><V4/><F32/><W89/><G76/><T24/><D118/><U69/><E69/><V122/><F122/><W95/><G116/><T40/><D106/><U78/><E135/><V119/><F124/><W74/><G74/><T114/><D114/><U26/><E96/><N who="2" m="59407" /><F105/><W132/><G132/><T126/><D126/><U51/><E86/><V17/><F107/><W73/><G73/><T37/><D103/><U80/><E80/><V104/><F104/><W129/><G129/><T110/><D110/><U81/><E81/><V2/><F2/><W66/><G113/><T117/><D117/><U84/><E84/><V9/><F9/><W43/><G43/><T5/><D5/><N who="2" m="2154" /><F57/><W52/><G33/><T18/><D94/><U64/><E78/><V87/><F112/><W133/><G133/><T130/><D130/><U120/><E3/><V42/><F119/><W14/><G27/><T12/><D83/><U97/><E120/><V36/><F36/><W108/><G108/><T7/><D7/><U41/><E35/><V77/><F87/><W131/><G131/><T125/><D125/><U56/><E109/><V29/><F29/><W34/><G34/><T20/><REACH who="0" step="1"/><D54/><REACH who="0" ten="144,234,215,397" step="2"/><U0/><E55/><V71/><F79/><W60/><G95/><T134/><D134/><U72/><E53/><V101/><F77/><W62/><G68/><T65/><D65/><AGARI ba="0,1" hai="8,14,16,52,59,60,61,62,63,65,66,67,89,90" machi="65" ten="40,12000,1" yaku="8,1,52,1,54,2" doraHai="10" who="3" fromWho="0" sc="144,-120,234,0,215,0,397,130" owari="24,-48.0,234,3.0,215,-18.0,527,63.0" /></mjloggm>