<mjloggm ver="2.3"><GO type="97" lobby="0"/><UN n0="%E2%99%AA%E2%99%AA%E3%81%82%E3%81%84%E2%99%AA%E2%99%AA" n1="%E5%B0%B1%E6%B4%BB%E7%94%9F%40%E5%B7%9D%E6%9D%91%E8%BB%8D%E5%9B%A3" n2="%6D%69%6D%69%2D" n3="%6D%61%72%6F%72%6F%6E" dan="13,14,13,13" rate="1852.46,1966.77,1853.05,1887.38" sx="F,M,M,M"/><TAIKYOKU oya="0"/><INIT seed="0,0,0,5,4,26" ten="250,250,250,250" oya="0" hai0="133,112,45,104,111,131,37,74,70,135,68,42,100" hai1="132,36,64,80,52,19,89,129,117,119,33,7,18" hai2="130,48,101,38,65,99,82,110,109,92,51,98,2" hai3="90,83,5,87,30,57,4,93,75,11,3,108,122"/><T86/><D112/><U60/><E36/><V43/><F2/><W44/><G108/><N who="2" m="41577" /><F65/><W96/><G122/><T79/><D111/><U46/><E129/><V77/><F130/><W128/><G128/><T91/><D131/><U23/><E132/><N who="0" m="50761" /><D91/><U123/><E33/><V13/><F13/><W88/><G75/><T116/><D86/><U113/><E113/><V25/><F99/><W20/><G5/><T62/><D62/><U41/><E7/><V114/><F114/><W9/><G9/><T95/><D95/><U102/><E102/><V134/><F134/><W85/><G57/><T63/><D63/><U76/><E123/><V53/><F53/><W118/><G118/><T47/><D47/><U22/><E89/><V6/><F6/><W32/><G44/><T0/><D0/><U103/><E103/><V35/><F43/><W72/><G72/><T31/><D31/><U105/><E105/><V94/><F94/><W78/><G32/><T106/><D116/><U1/><E1/><V14/><F14/><W29/><G20/><T107/><D100/><U56/><E64/><V28/><F38/><W73/><G73/><AGARI ba="0,0" hai="25,28,35,48,51,73,77,82,92,98,101" m="41577" machi="73" ten="30,2000,0" yaku="14,1,52,1" doraHai="26" who="2" fromWho="3" sc="250,0,250,0,250,20,250,-20" /><INIT seed="1,0,0,4,1,20" ten="250,250,270,230" oya="1" hai0="89,26,125,111,85,118,36,49,107,24,16,53,74" hai1="94,43,44,108,106,55,52,100,123,71,96,131,39" hai2="14,79,95,81,11,15,61,126,41,32,21,42,56" hai3="90,130,38,46,112,7,84,5,17,92,132,4,57"/><U110/><E123/><V50/><F126/><W35/><G112/><T83/><D118/><U48/><E71/><V70/><F70/><W88/><G132/><T119/><D119/><U134/><E134/><V63/><F32/><W80/><G130/><T10/><D36/><U69/><E69/><V25/><F95/><W65/><G35/><T18/><D125/><U135/><E135/><V1/><F1/><W128/><G128/><T6/><D107/><U127/><E127/><V99/><F99/><N who="3" m="57735" /><G38/><T3/><D74/><U117/><E117/><V34/><F34/><W30/><G46/><T101/><D101/><U19/><E131/><V98/><F98/><W122/><G122/><T76/><D111/><N who="1" m="42539" /><E19/><N who="2" m="12479" /><F79/><W60/><G17/><T59/><D76/><U121/><E121/><V27/><F81/><W75/><G75/><T113/><D113/><U66/><E66/><N who="2" m="39207" /><F63/><W54/><G30/><T45/><D59/><N who="1" m="33159" /><E55/><AGARI ba="0,0" hai="4,5,7,54,55,57,60,65,80,84,90" m="57735" machi="55" ten="30,2000,0" yaku="8,1,54,1" doraHai="20" who="3" fromWho="1" sc="250,0,250,-20,270,0,230,20" /><INIT seed="2,0,0,5,3,103" ten="250,230,270,250" oya="2" hai0="93,1,45,31,98,2,12,107,16,49,121,99,15" hai1="116,85,19,90,59,64,129,82,58,13,113,75,109" hai2="68,87,97,101,4,104,128,66,22,114,24,117,95" hai3="133,44,127,33,43,86,81,25,41,47,67,14,48"/><V26/><F117/><W131/><G131/><T118/><D118/><U73/><E116/><V52/><F114/><W29/><G133/><T39/><D39/><U120/><E120/><V108/><F128/><W110/><G110/><T105/><D121/><U70/><E129/><V62/><F4/><W9/><G127/><T11/><D31/><U42/><E113/><V96/><F87/><W92/><G92/><T88/><D2/><U36/><E109/><V119/><F119/><W21/><G33/><T46/><D1/><U122/><E122/><V57/><F22/><W32/><G32/><T50/><D50/><U35/><E35/><V124/><F124/><W65/><G47/><T61/><D61/><U7/><E7/><V100/><REACH who="2" step="1"/><F108/><REACH who="2" ten="250,230,260,250" step="2"/><W123/><G123/><T102/><D107/><U8/><E75/><V23/><F23/><W91/><G43/><T89/><D89/><U28/><E73/><V94/><F94/><W6/><AGARI ba="0,1" hai="6,9,14,21,25,29,41,44,48,65,67,81,86,91" machi="6" ten="20,2700,0" yaku="0,1,7,1,8,1" doraHai="103" who="3" fromWho="3" sc="250,-7,230,-7,260,-13,250,37" /><INIT seed="3,0,0,0,4,128" ten="243,223,247,287" oya="3" hai0="115,130,133,80,93,34,104,53,114,38,101,27,121" hai1="105,74,28,18,29,97,78,106,127,111,73,62,124" hai2="44,24,16,123,13,40,92,30,59,110,52,107,71" hai3="55,96,2,1,60,32,51,113,69,126,58,89,21"/><W88/><G113/><T108/><D38/><U19/><E78/><V70/><F107/><N who="1" m="40969" /><E62/><V81/><F110/><W120/><G120/><T125/><D130/><U77/><E97/><V134/><F134/><W85/><G32/><T87/><D121/><U48/><E77/><V15/><F123/><W131/><G131/><T20/><D34/><U91/><E91/><V3/><F3/><W56/><G126/><N who="1" m="48170" /><E48/><V43/><F15/><W102/><G69/><T49/><D104/><U65/><E65/><V109/><F109/><W67/><G21/><T79/><D125/><U6/><E6/><V63/><F81/><W31/><G31/><N who="1" m="11850" /><E111/><V42/><F92/><W132/><G89/><T118/><D118/><U122/><E122/><V66/><F71/><W23/><G1/><T86/><D108/><U99/><E99/><V64/><F64/><W116/><G2/><T5/><D5/><U10/><E10/><V94/><F94/><W33/><G116/><T36/><D36/><U25/><E25/><V12/><F70/><W35/><G23/><T26/><D26/><U47/><E47/><V90/><F90/><W54/><G67/><T9/><D9/><U83/><E83/><V50/><REACH who="2" step="1"/><F16/><AGARI ba="0,0" hai="16,18,19,73,74" m="11850,48170,40969" machi="16" ten="40,8000,1" yaku="28,2,18,1,54,1" doraHai="128" who="1" fromWho="2" sc="243,0,223,80,247,-80,287,0" owari="243,-16.0,303,40.0,167,-33.0,287,9.0" /></mjloggm>