<mjloggm ver="2.3"><GO type="169" lobby="0"/><UN n0="%E9%96%8B%E9%81%8B%E5%BE%A1%E5%AE%88" n1="%E2%98%86%E7%9C%9F%E9%A2%A8%E2%98%86" n2="%E3%82%A6%E3%83%AB%E3%83%88%E3%83%A9%E7%AB%8B%E7%9B%B4" n3="%62%65%65%73%6F%6E%6F" dan="17,16,17,16" rate="2173.91,2101.76,2111.40,2120.12" sx="M,F,M,M"/><TAIKYOKU oya="0"/><INIT seed="0,0,0,0,1,30" ten="250,250,250,250" oya="0" hai0="54,51,56,40,76,15,61,7,21,81,59,108,112" hai1="129,55,111,93,109,77,1,14,127,11,90,67,25" hai2="64,44,38,71,43,114,87,13,22,78,36,125,34" hai3="10,65,53,131,32,84,46,18,101,92,97,47,119"/><T134/><D112/><U62/><E127/><V107/><F114/><W2/><G119/><T72/><D134/><U68/><E129/><V91/><F107/><W126/><G126/><T69/><D108/><N who="1" m="41547" /><E77/><V88/><F125/><W6/><G131/><T39/><D39/><U23/><E55/><V105/><F105/><W120/><G120/><T8/><D21/><U50/><E50/><V74/><F38/><W117/><G117/><T135/><D135/><U5/><E90/><V45/><F45/><W80/><G65/><T73/><D69/><U110/><E93/><V0/><F0/><W102/><G32/><T100/><D100/><U121/><E121/><V130/><F34/><W103/><G18/><T3/><D3/><U122/><E122/><V35/><F35/><W116/><G116/><T37/><D37/><U79/><E79/><V94/><F130/><W106/><G106/><T41/><REACH who="0" step="1"/><D73/><REACH who="0" ten="240,250,250,250" step="2"/><U95/><E110/><V63/><F74/><W26/><G102/><T49/><D49/><U33/><E33/><V85/><F22/><W86/><G103/><T29/><D29/><N who="1" m="17599" /><E95/><V20/><F20/><W66/><G92/><T42/><D42/><U52/><E52/><AGARI ba="0,1" hai="7,8,15,40,41,51,52,54,56,59,61,72,76,81" machi="52" ten="30,5800,0" yaku="1,1,7,1,54,1,53,0" doraHai="30" doraHaiUra="28" who="0" fromWho="1" sc="240,68,250,-58,250,0,250,0" /><INIT seed="0,1,0,5,2,12" ten="308,192,250,250" oya="0" hai0="28,45,61,52,78,23,16,20,75,135,129,5,86" hai1="85,98,108,95,19,126,35,125,88,113,46,133,60" hai2="1,79,121,99,10,120,104,63,43,116,117,76,42" hai3="90,67,91,134,65,22,80,15,72,49,127,37,38"/><T17/><D75/><U71/><E108/><V89/><F63/><W3/><G3/><T118/><D118/><N who="2" m="45674" /><F1/><W41/><G72/><T31/><D135/><U93/><E133/><V4/><F4/><W2/><G2/><T13/><D129/><U62/><E35/><V130/><F10/><W100/><G100/><T110/><D110/><U77/><E113/><V94/><F104/><W132/><G80/><N who="0" m="47383" /><D5/><U106/><E106/><V39/><F130/><W107/><G107/><T84/><D84/><U124/><E71/><V97/><F97/><W115/><G115/><T69/><D69/><U123/><E123/><N who="2" m="47179" /><F42/><W103/><G41/><T109/><D109/><U33/><E33/><V131/><F131/><W14/><G132/><T112/><D112/><U11/><E46/><AGARI ba="1,0" hai="39,43,46,76,79,89,94,99" m="47179,45674" machi="46" ten="30,1000,0" yaku="12,1" doraHai="12" who="2" fromWho="1" sc="308,0,192,-13,250,13,250,0" /><INIT seed="1,0,0,5,2,65" ten="308,179,263,250" oya="1" hai0="9,20,4,106,111,107,58,24,64,99,57,0,76" hai1="25,113,54,30,39,56,77,11,98,13,117,79,118" hai2="68,124,46,82,31,37,67,59,8,12,33,78,45" hai3="75,1,41,17,74,94,132,5,61,104,123,23,36"/><U127/><E127/><V6/><F124/><W3/><G104/><T96/><D111/><U84/><E113/><V126/><F126/><W73/><G123/><T131/><D131/><U21/><E39/><V42/><F46/><W71/><G132/><T105/><D76/><U125/><E125/><V15/><F59/><W47/><G5/><T70/><D58/><U121/><E121/><V18/><F31/><W72/><G94/><T128/><D57/><U129/><E129/><V135/><F33/><W103/><G103/><T52/><D52/><U114/><E114/><V100/><F100/><W108/><G108/><T43/><D43/><U48/><E98/><V40/><F40/><W34/><G34/><T16/><REACH who="0" step="1"/><D128/><REACH who="0" ten="298,179,263,250" step="2"/><U109/><E109/><V85/><F135/><W29/><G41/><T102/><D102/><U44/><E56/><V49/><F67/><W86/><G47/><T116/><D116/><U110/><E110/><V27/><F37/><W88/><G36/><T55/><D55/><U89/><E117/><V14/><F68/><W26/><G71/><T112/><D112/><U133/><E118/><V115/><F115/><W50/><G50/><T53/><D53/><U38/><E38/><V91/><F91/><W35/><G61/><AGARI ba="0,1" hai="0,4,9,16,20,24,61,64,70,96,99,105,106,107" machi="61" ten="40,5200,0" yaku="1,1,52,1,54,1,53,0" doraHai="65" doraHaiUra="97" who="0" fromWho="3" sc="298,62,179,0,263,0,250,-52" /><INIT seed="2,0,0,0,4,86" ten="360,179,263,198" oya="2" hai0="75,31,48,22,129,14,3,92,117,0,5,28,13" hai1="30,102,109,12,23,79,39,69,40,96,26,68,121" hai2="87,85,64,25,50,127,45,43,99,119,126,78,10" hai3="83,90,73,135,108,41,113,128,8,134,62,106,72"/><V67/><F119/><W46/><G106/><T6/><D75/><U91/><E109/><V56/><F25/><W124/><G108/><T21/><D92/><U65/><E121/><V104/><F10/><W70/><G113/><T84/><D84/><N who="2" m="32330" /><F78/><W114/><G83/><T118/><REACH who="0" step="1"/><D48/><REACH who="0" ten="350,179,263,198" step="2"/><U17/><E39/><V88/><F104/><W55/><G73/><T47/><D47/><U125/><E79/><V93/><F56/><W76/><G72/><T49/><D49/><U115/><E68/><V16/><F127/><W59/><G124/><T27/><D27/><U120/><E125/><V82/><F126/><W133/><G46/><T123/><D123/><U58/><E69/><V77/><F82/><W132/><G70/><T89/><D89/><U20/><E120/><V54/><F77/><W51/><G90/><T33/><D33/><U80/><E115/><V63/><F16/><W42/><G76/><T7/><D7/><U103/><E80/><V60/><F43/><W131/><G114/><T101/><D101/><U1/><E40/><V36/><F36/><W74/><G74/><T97/><D97/><U18/><E18/><V57/><F45/><W35/><G35/><T112/><D112/><U100/><E91/><V38/><F38/><W66/><N who="3" m="34304" /><DORA hai="61" /><W4/><G42/><T94/><D94/><N who="1" m="58391" /><E1/><V37/><F37/><W105/><G41/><T34/><D34/><U98/><E98/><V2/><F2/><W116/><G105/><T24/><D24/><U111/><E111/><V95/><F95/><W130/><G4/><T29/><D29/><U107/><E107/><RYUUKYOKU ba="0,1" sc="350,10,179,10,263,10,198,-30" hai0="0,3,5,6,13,14,21,22,28,31,117,118,129" hai1="12,17,20,23,26,30,58,65,102,103" hai2="50,54,57,60,63,64,67,88,93,99" /><INIT seed="2,1,1,3,2,18" ten="360,189,273,168" oya="2" hai0="21,50,34,124,9,40,61,54,127,105,81,76,132" hai1="24,131,135,3,107,71,74,77,11,53,123,133,84" hai2="58,86,93,112,60,19,125,121,36,35,130,103,99" hai3="25,120,98,92,118,90,101,45,5,62,91,43,110"/><V46/><F121/><W59/><G120/><T87/><D105/><U56/><E123/><V41/><F112/><W57/><G118/><T49/><D132/><N who="1" m="50763" /><E131/><V97/><F130/><W128/><G128/><T73/><D34/><U0/><E71/><V69/><F125/><N who="0" m="48202" /><D9/><U38/><E38/><V95/><F35/><W78/><G78/><T12/><D40/><U106/><E74/><V6/><F6/><W7/><G110/><T29/><D73/><U2/><E24/><V1/><F1/><W79/><G79/><T104/><D104/><N who="1" m="39979" /><E11/><V129/><F129/><W102/><G7/><T68/><D68/><U64/><E64/><V100/><F86/><W37/><G5/><T31/><D61/><N who="1" m="35983" /><E3/><V28/><F28/><N who="0" m="10826" /><D54/><U108/><E108/><V117/><F69/><W63/><G62/><T67/><D67/><U42/><E42/><V47/><F117/><W80/><G63/><T52/><D52/><U66/><E66/><V113/><F113/><W70/><G70/><T75/><D75/><U16/><E16/><AGARI ba="1,1" hai="12,16,21,49,50,76,81,87" m="10826,48202" machi="16" ten="30,3900,0" yaku="18,1,52,1,54,1" doraHai="18" who="0" fromWho="1" sc="360,52,189,-42,273,0,168,0" /><INIT seed="3,0,0,0,5,120" ten="412,147,273,168" oya="3" hai0="70,130,107,62,88,2,13,36,44,71,102,15,76" hai1="128,43,63,78,108,52,31,6,133,66,77,56,79" hai2="18,5,115,96,50,33,118,61,29,104,65,40,125" hai3="47,85,91,106,74,37,119,59,105,26,101,39,67"/><W11/><G74/><T134/><D2/><U109/><E128/><V94/><F118/><W93/><G119/><T75/><D75/><U103/><E133/><V51/><F115/><W111/><G111/><N who="1" m="42570" /><E6/><V46/><F18/><W4/><G26/><T64/><D76/><U113/><E113/><V32/><F5/><W86/><G101/><T57/><D102/><U68/><E103/><N who="2" m="62567" /><F94/><W112/><G112/><T116/><D107/><U24/><E43/><V42/><F32/><W28/><G28/><T124/><D124/><U126/><E126/><V55/><F50/><W53/><G67/><T27/><D134/><U49/><E77/><V80/><F80/><W41/><G39/><T82/><D130/><U9/><E9/><V10/><F10/><W54/><G54/><T81/><D36/><U122/><E122/><V92/><F92/><W99/><G105/><T98/><D116/><U21/><AGARI ba="0,0" hai="21,24,31,49,52,56,63,66,68,78,79" m="42570" machi="21" ten="30,8000,1" yaku="14,1,52,3,54,1" doraHai="120" who="1" fromWho="1" sc="412,-20,147,80,273,-20,168,-40" /><INIT seed="4,0,0,5,2,74" ten="392,227,253,128" oya="0" hai0="64,7,28,105,30,49,23,4,123,93,39,48,57" hai1="41,114,27,19,73,5,97,88,53,26,104,59,98" hai2="85,76,120,113,43,134,35,12,14,124,89,79,70" hai3="87,69,56,62,101,11,91,109,55,47,78,60,67"/><T122/><D105/><U86/><E73/><V63/><F120/><W94/><G109/><T99/><D39/><U95/><E114/><V61/><F35/><W92/><G47/><T38/><D38/><U66/><E41/><V16/><F70/><W102/><G11/><T121/><D49/><U1/><E66/><V116/><F116/><W118/><G118/><T42/><D42/><U44/><E44/><V117/><F117/><W71/><G71/><T103/><D30/><U75/><E75/><V15/><F113/><W106/><G106/><T40/><D40/><U3/><E104/><V127/><F16/><W36/><G36/><T107/><D107/><U2/><E5/><V110/><F110/><W20/><G20/><T100/><D100/><U68/><E68/><V54/><F43/><W58/><G69/><T80/><D80/><U24/><REACH who="1" step="1"/><E19/><REACH who="1" ten="392,217,253,128" step="2"/><V50/><F134/><W31/><G31/><T25/><REACH who="0" step="1"/><D48/><AGARI ba="0,1" hai="1,2,3,24,26,27,48,53,59,86,88,95,97,98" machi="48" ten="50,8000,1" yaku="1,1,2,1,54,1,53,1" doraHai="74" doraHaiUra="51" who="1" fromWho="0" sc="392,-80,217,90,253,0,128,0" /><INIT seed="5,0,0,0,0,93" ten="312,307,253,128" oya="1" hai0="57,126,13,11,82,21,61,133,130,132,81,63,110" hai1="109,5,28,80,125,120,10,100,115,56,69,117,71" hai2="22,105,36,25,4,50,40,96,41,108,102,44,53" hai3="86,104,42,1,83,112,54,75,46,66,128,35,135"/><U33/><E120/><V84/><F108/><W32/><G1/><T34/><D110/><U101/><E117/><V55/><F4/><W51/><G104/><T114/><D34/><U27/><E109/><V122/><F122/><W131/><G75/><T17/><D114/><U107/><E125/><V49/><F84/><W129/><G112/><T113/><D113/><U3/><E115/><V76/><F76/><W87/><G135/><N who="0" m="51787" /><D130/><U98/><E56/><V45/><REACH who="2" step="1"/><F36/><REACH who="2" ten="312,307,243,128" step="2"/><W38/><G86/><T64/><D126/><U2/><E2/><V85/><F85/><W90/><REACH who="3" step="1"/><G66/><REACH who="3" ten="312,307,243,118" step="2"/><T124/><D124/><U88/><E107/><V118/><F118/><W73/><G73/><T8/><D82/><U79/><E80/><V24/><F24/><W48/><G48/><T67/><D81/><U37/><E37/><V77/><F77/><W65/><G65/><T58/><AGARI ba="0,2" hai="8,11,13,17,21,57,58,61,63,64,67" m="51787" machi="58" ten="30,1100,0" yaku="20,1" doraHai="93" who="0" fromWho="0" sc="312,31,307,-5,243,-3,118,-3" /><INIT seed="6,0,0,0,5,18" ten="343,302,240,115" oya="2" hai0="71,57,9,17,46,123,12,55,124,73,82,77,81" hai1="38,67,110,14,70,100,103,132,97,16,83,98,134" hai2="19,122,60,87,93,85,27,29,61,89,111,59,69" hai3="101,117,2,23,91,21,72,109,58,95,133,99,22"/><V125/><F122/><W106/><G117/><T108/><D108/><U48/><E38/><V84/><F125/><W47/><G2/><T94/><D124/><U96/><E110/><V62/><F111/><W56/><G109/><T126/><D126/><U43/><E83/><V66/><F19/><W30/><G133/><N who="1" m="51306" /><E67/><V88/><F69/><W10/><G72/><T64/><D82/><U39/><E39/><V31/><F31/><W40/><G30/><T79/><D79/><U32/><E32/><V113/><F113/><W3/><G10/><T53/><D71/><U15/><E15/><V11/><F11/><W107/><G3/><T6/><D94/><U86/><E86/><V1/><F1/><W50/><REACH who="3" step="1"/><G107/><REACH who="3" ten="343,302,240,105" step="2"/><T25/><D73/><U26/><E103/><V74/><F74/><W114/><G114/><T49/><D123/><U102/><E102/><V104/><F104/><W75/><G75/><T5/><D9/><U8/><E100/><V4/><F93/><W52/><G52/><T36/><D55/><U35/><E35/><V7/><F89/><W78/><G78/><T65/><D53/><U20/><E43/><V119/><F88/><W51/><G51/><T116/><D49/><U44/><E48/><V129/><F119/><W121/><G121/><T41/><D116/><U115/><E115/><V68/><F29/><W37/><G37/><T33/><D36/><U130/><E44/><V0/><F0/><W120/><G120/><T80/><D46/><U54/><E54/><V135/><F135/><W42/><G42/><T34/><D41/><U24/><E8/><RYUUKYOKU ba="0,1" sc="343,-10,302,-10,240,-10,105,30" hai3="21,22,23,40,47,50,56,58,91,95,99,101,106" /><INIT seed="7,1,1,2,3,109" ten="333,292,230,135" oya="3" hai0="77,85,39,126,98,60,119,50,45,79,128,23,8" hai1="116,103,117,93,75,14,69,18,76,87,16,49,13" hai2="48,96,73,15,64,83,63,43,62,58,113,38,6" hai3="67,28,1,97,3,101,2,132,133,27,72,29,59"/><W57/><G72/><T108/><D108/><U90/><E69/><V122/><F38/><W129/><G129/><T44/><D119/><N who="1" m="45643" /><E103/><V121/><F96/><W118/><G118/><T104/><D128/><U86/><E75/><V120/><F63/><N who="3" m="38383" /><G59/><T68/><D68/><U11/><E49/><V19/><F6/><W42/><G42/><T81/><D60/><U124/><E124/><V107/><F107/><W100/><G100/><T115/><D126/><U66/><E66/><V99/><F99/><W34/><G29/><T134/><D104/><U80/><E14/><V32/><F43/><W130/><G130/><T91/><D98/><U71/><E71/><V92/><F32/><W33/><G33/><T84/><D39/><U61/><E61/><V47/><F47/><W30/><G30/><T35/><D45/><U135/><E135/><N who="3" m="51786" /><G3/><T10/><D134/><U7/><AGARI ba="1,1" hai="7,11,13,16,18,76,80,86,87,90,93" m="45643" machi="7" ten="30,2000,0" yaku="12,1,54,1" doraHai="109" who="1" fromWho="1" sc="333,-6,292,33,230,-6,135,-11" owari="327,43.0,325,13.0,224,-18.0,124,-38.0" /></mjloggm>