<mjloggm ver="2.3"><GO type="41" lobby="0"/><UN n0="%59%53%4C%2A%C2%B4%CF%89%EF%BD%80%2A" n1="%E5%B0%B1%E6%B4%BB%E7%94%9F%40%E5%B7%9D%E6%9D%91%E8%BB%8D%E5%9B%A3" n2="%E7%B7%92%E6%96%B9%E6%99%BA%E7%B5%B5%E9%87%8C%2B" n3="%68%61%69%73%69%6F" dan="14,14,15,13" rate="1942.33,1970.37,2059.08,1910.87" sx="F,M,M,M"/><TAIKYOKU oya="0"/><INIT seed="0,0,0,4,5,111" ten="250,250,250,250" oya="0" hai0="92,124,45,100,22,56,24,109,20,47,71,35,120" hai1="10,29,7,23,39,126,94,67,34,28,70,3,90" hai2="107,133,89,17,62,69,75,96,97,57,82,99,61" hai3="1,16,33,12,84,121,110,72,132,95,0,91,103"/><T59/><D120/><U54/><E39/><V55/><F133/><W52/><G72/><T119/><D71/><U123/><E123/><V11/><F107/><W6/><G121/><T30/><D119/><U60/><E126/><V8/><F69/><W44/><G33/><T37/><D124/><U122/><E122/><V53/><F17/><W135/><G103/><T105/><D105/><U86/><E34/><V129/><F129/><W63/><G110/><T114/><D114/><U38/><E38/><V42/><F42/><W73/><G73/><T81/><D109/><U74/><E74/><V21/><F21/><W125/><G125/><T19/><D81/><U78/><E78/><V48/><F62/><W32/><G32/><T14/><D22/><U113/><E54/><V68/><F68/><W134/><G6/><T79/><D79/><U36/><E36/><V77/><REACH who="2" step="1"/><F89/><REACH who="2" ten="250,250,240,250" step="2"/><W128/><G128/><T25/><D19/><U130/><E130/><V50/><F50/><N who="3" m="28743" /><G63/><T76/><D20/><AGARI ba="0,1" hai="0,1,12,16,20,84,91,95,132,134,135" m="28743" machi="20" ten="30,3900,0" yaku="20,1,54,2" doraHai="111" who="3" fromWho="0" sc="250,-39,250,0,240,0,250,49" /><INIT seed="1,0,0,0,2,34" ten="211,250,240,299" oya="1" hai0="108,118,125,18,63,46,127,64,113,12,103,82,70" hai1="92,119,17,36,8,130,7,112,80,53,124,30,101" hai2="11,28,69,88,3,123,38,65,54,122,120,21,134" hai3="14,61,71,135,33,106,5,0,4,91,90,41,22"/><U24/><E36/><V47/><F134/><W66/><G135/><T59/><D108/><U60/><E112/><V79/><F79/><W51/><G106/><T55/><D118/><U121/><E119/><V42/><F54/><W48/><G33/><T37/><D113/><U29/><E121/><V100/><F100/><W86/><G0/><T94/><D82/><U129/><E124/><N who="0" m="47689" /><D94/><U84/><E17/><V75/><F75/><W76/><G4/><T68/><D103/><U110/><E92/><V99/><F21/><W26/><G76/><T105/><D105/><U23/><E101/><V89/><F28/><W6/><G41/><N who="0" m="22831" /><D12/><U78/><E30/><V43/><F43/><W111/><G111/><T39/><D18/><U115/><E115/><V95/><F89/><W98/><G98/><T19/><D19/><U133/><E133/><V9/><REACH who="2" step="1"/><F3/><REACH who="2" ten="211,250,230,299" step="2"/><W44/><G91/><T102/><D102/><U107/><E110/><V67/><F67/><W57/><G90/><T56/><D39/><U114/><E114/><V81/><F81/><W40/><G22/><T52/><D55/><U58/><REACH who="1" step="1"/><E107/><REACH who="1" ten="211,240,230,299" step="2"/><V131/><F131/><W93/><G40/><T13/><D64/><U10/><E10/><V25/><F25/><W128/><G66/><T49/><D13/><AGARI ba="0,2" hai="7,8,13,23,24,29,53,58,60,78,80,84,129,130" machi="13" ten="40,3900,0" yaku="1,1,53,1" doraHai="34" doraHaiUra="72" who="1" fromWho="0" sc="211,-39,240,59,230,0,299,0" /><INIT seed="1,1,0,2,5,102" ten="172,299,230,299" oya="1" hai0="16,77,130,72,82,24,11,20,93,103,114,108,125" hai1="97,84,117,59,83,36,17,52,90,58,3,101,74" hai2="50,94,66,7,124,38,104,28,54,123,70,78,100" hai3="55,76,62,68,111,53,29,18,120,73,34,61,46"/><U87/><E36/><V116/><F123/><W119/><G120/><T89/><D114/><U132/><E74/><V99/><F116/><W13/><G119/><T63/><D108/><U126/><E117/><V51/><F124/><W26/><G111/><T47/><D125/><U35/><E35/><V128/><F38/><W10/><G68/><T110/><D110/><U48/><E3/><V30/><F128/><W92/><G92/><T135/><D135/><U131/><E132/><V33/><F78/><W134/><G134/><T32/><D130/><U0/><E0/><V25/><F7/><W86/><G73/><T75/><D75/><U69/><E69/><V127/><F127/><W2/><G2/><T12/><D32/><U64/><E131/><V107/><F50/><W22/><G34/><T109/><D109/><U9/><E126/><V40/><F40/><W80/><G55/><T113/><D113/><U105/><E87/><V44/><REACH who="2" step="1"/><F28/><REACH who="2" ten="172,299,220,299" step="2"/><W122/><G122/><T129/><D129/><U4/><E4/><V85/><F85/><W27/><G27/><T118/><D118/><U41/><E41/><V95/><F95/><W121/><G121/><T5/><D63/><AGARI ba="1,1" hai="25,30,33,44,51,54,63,66,70,94,99,100,104,107" machi="63" ten="40,8000,1" yaku="1,1,52,2,53,1" doraHai="102" doraHaiUra="91" who="2" fromWho="0" sc="172,-83,299,0,220,93,299,0" /><INIT seed="2,0,0,5,3,126" ten="89,299,313,299" oya="2" hai0="70,13,50,44,46,34,111,1,103,84,90,78,27" hai1="8,81,124,38,26,40,119,62,56,49,35,39,66" hai2="51,91,97,104,125,113,77,108,18,88,17,114,82" hai3="74,29,32,67,98,23,128,89,9,28,102,93,65"/><V55/><F125/><W75/><G32/><T0/><D70/><U115/><E119/><V134/><F134/><W135/><G135/><T72/><D111/><U6/><E115/><V101/><F108/><W76/><G9/><T11/><D103/><U63/><E124/><V3/><F3/><W30/><G23/><T22/><D34/><U43/><E35/><V5/><F5/><W87/><G128/><T96/><D96/><U109/><E26/><V15/><F18/><W61/><G76/><T71/><D71/><N who="1" m="42455" /><E81/><V133/><F133/><W99/><G99/><T31/><D78/><U16/><E16/><V110/><F110/><W80/><REACH who="3" step="1"/><G67/><REACH who="3" ten="89,299,313,289" step="2"/><T10/><D72/><U64/><E8/><V83/><F114/><W20/><G20/><T105/><D10/><U95/><E6/><V116/><F113/><W33/><G33/><T69/><D11/><U59/><E109/><V4/><F4/><W129/><G129/><T118/><D22/><U106/><E106/><V54/><F116/><W52/><G52/><T123/><D105/><U122/><E122/><V112/><F54/><W19/><G19/><T85/><D118/><U12/><E12/><V73/><F112/><W117/><G117/><T92/><D13/><U53/><E95/><V42/><F83/><W86/><G86/><T14/><D84/><U132/><E132/><V36/><F17/><W130/><G130/><T68/><D14/><U21/><E21/><V47/><F15/><W107/><G107/><T24/><D123/><U94/><E94/><V7/><F7/><W100/><G100/><T60/><D24/><RYUUKYOKU ba="0,1" sc="89,-30,299,10,313,10,289,10" hai1="38,39,40,43,49,53,56,59,63,64" hai2="36,42,47,51,55,73,77,82,88,91,97,101,104" hai3="28,29,30,61,65,74,75,80,87,89,93,98,102" /><INIT seed="2,1,1,3,5,85" ten="59,309,323,299" oya="2" hai0="88,38,68,30,112,3,72,40,10,11,76,16,35" hai1="37,125,22,53,64,2,63,46,43,23,32,94,75" hai2="71,60,81,1,69,9,130,54,48,124,80,104,57" hai3="122,14,102,86,4,119,83,36,135,17,93,99,131"/><V42/><F104/><W123/><G119/><T13/><D112/><U127/><E75/><V128/><F124/><N who="1" m="47689" /><E32/><V100/><F100/><W67/><G36/><T90/><D68/><N who="1" m="42015" /><E2/><V12/><F1/><W66/><G131/><N who="2" m="50217" /><F42/><W27/><G135/><T113/><D113/><U78/><E78/><V134/><F134/><W91/><G123/><T96/><D96/><U108/><E108/><V44/><F44/><W58/><G122/><T15/><D30/><U84/><E53/><V79/><F60/><W8/><G58/><T107/><D107/><U55/><E55/><V92/><F92/><W126/><G126/><T115/><D115/><U34/><E34/><V109/><F109/><W31/><G4/><T106/><D106/><U56/><E56/><V6/><F80/><W24/><G24/><T82/><D35/><AGARI ba="1,1" hai="8,14,17,27,31,35,66,67,83,86,91,93,99,102" machi="35" ten="30,2000,0" yaku="7,1,52,1" doraHai="85" who="3" fromWho="0" sc="59,-23,309,0,323,0,299,33" /><INIT seed="3,0,0,5,2,9" ten="36,309,323,332" oya="3" hai0="28,64,52,73,7,85,0,89,47,102,76,115,67" hai1="42,19,35,80,16,66,33,130,39,99,59,132,63" hai2="94,83,34,54,2,30,53,58,125,122,86,40,133" hai3="37,93,124,84,60,36,5,105,77,10,107,15,117"/><W135/><G117/><T96/><D115/><U126/><E126/><V129/><F122/><W24/><G124/><T110/><D110/><U46/><E130/><V26/><F129/><W90/><G135/><T100/><D7/><U43/><E132/><V12/><F125/><W6/><G77/><T108/><D108/><U127/><E127/><V48/><F2/><W3/><G24/><T131/><D131/><U13/><E43/><V45/><F133/><W82/><G93/><T95/><D0/><U98/><E19/><V70/><F70/><W1/><G60/><T92/><D28/><U65/><E65/><V49/><F94/><W101/><G5/><T44/><D102/><U50/><E39/><V11/><F49/><W31/><G31/><T8/><D8/><U55/><E42/><V27/><F27/><W61/><G61/><T114/><D114/><U71/><E71/><V68/><F68/><W119/><G119/><T120/><D120/><U91/><E98/><V14/><F11/><W32/><G32/><T109/><D109/><U106/><E106/><V57/><F57/><W69/><G69/><T78/><D78/><U29/><E29/><V38/><F54/><W75/><G75/><T104/><D92/><U18/><E18/><V121/><F121/><W72/><G72/><T103/><D103/><U134/><E134/><V116/><F116/><W23/><G1/><T4/><D4/><U56/><E46/><N who="0" m="17449" /><D52/><U25/><E80/><AGARI ba="0,0" hai="64,67,73,76,80,85,89,95,96,100,104" m="17449" machi="80" ten="30,1000,0" yaku="24,1" doraHai="9" who="0" fromWho="1" sc="36,10,309,-10,323,0,332,0" /><INIT seed="4,0,0,4,5,80" ten="46,299,323,332" oya="0" hai0="63,5,19,33,81,48,86,132,24,44,76,16,118" hai1="28,89,83,127,3,70,87,18,4,94,50,8,116" hai2="98,47,101,134,82,1,22,90,104,71,15,20,75" hai3="27,32,88,93,31,54,34,42,108,61,25,37,21"/><T100/><D118/><U53/><E127/><V119/><F1/><W102/><G108/><T106/><D132/><U131/><E116/><V59/><F134/><W113/><G102/><T129/><D129/><U66/><E131/><V52/><F71/><W9/><G113/><T46/><D5/><U72/><E28/><V130/><F130/><W60/><G9/><T99/><D63/><U36/><E36/><V7/><F47/><W38/><G42/><T67/><D67/><U107/><E107/><V74/><F119/><W114/><G114/><T133/><D133/><U49/><E49/><V84/><F22/><W30/><G21/><T45/><REACH who="0" step="1"/><D48/><REACH who="0" ten="36,299,323,332" step="2"/><U57/><E66/><V123/><F7/><W77/><G61/><T97/><D97/><U91/><E70/><V56/><F98/><W135/><G135/><T35/><D35/><U13/><E72/><V124/><F75/><W110/><G110/><T40/><D40/><U112/><E112/><V117/><F74/><W12/><G60/><T109/><D109/><U58/><E4/><V23/><F117/><W85/><G37/><T92/><D92/><U73/><E3/><V39/><F39/><W0/><G38/><T17/><D17/><U115/><E115/><V95/><F95/><W103/><G0/><T41/><D41/><U51/><E51/><V29/><F15/><W55/><G12/><T79/><D79/><U6/><E6/><V68/><F68/><W120/><G77/><T122/><D122/><U62/><E73/><V128/><F123/><W125/><G120/><T11/><D11/><U64/><E94/><RYUUKYOKU ba="0,1" sc="36,15,299,15,323,-15,332,-15" hai0="16,19,24,33,44,45,46,76,81,86,99,100,106" hai1="8,13,18,50,53,57,58,62,64,83,87,89,91" /><INIT seed="4,1,1,4,3,117" ten="51,314,308,317" oya="0" hai0="105,2,38,43,55,124,58,4,30,101,91,25,119" hai1="103,36,73,52,83,49,71,113,72,112,27,0,32" hai2="110,114,116,61,67,5,44,18,104,76,16,111,26" hai3="3,77,34,102,39,65,47,121,53,45,122,69,23"/><T48/><D119/><U40/><E71/><V127/><F116/><W54/><G34/><T118/><D118/><U93/><E0/><V68/><F114/><N who="1" m="44137" /><E36/><V120/><F120/><N who="3" m="46187" /><G3/><T66/><D124/><U70/><E70/><V132/><F132/><W100/><G77/><T14/><D101/><N who="3" m="39017" /><G23/><T15/><D105/><U129/><E40/><V81/><F104/><W50/><G69/><T128/><D128/><U92/><E129/><V29/><F127/><W123/><N who="3" m="46195" /><W33/><DORA hai="74" /><G33/><T98/><D38/><U96/><E92/><V12/><F76/><W64/><G39/><T9/><D43/><U134/><E83/><V80/><F80/><W60/><G60/><T106/><D66/><N who="3" m="25705" /><G50/><T57/><D57/><N who="1" m="32911" /><E134/><V10/><F81/><W59/><G59/><T109/><D109/><U24/><E24/><V37/><F111/><W97/><G97/><T90/><D106/><U108/><E108/><V13/><F110/><W56/><G56/><T19/><D98/><U86/><E86/><V99/><F99/><W31/><G31/><AGARI ba="1,1" hai="27,31,32,72,73,93,96,103" m="32911,44137" machi="31" ten="30,3900,0" yaku="15,1,11,1,54,1" doraHai="117,74" who="1" fromWho="3" sc="51,0,314,52,308,0,317,-42" /><INIT seed="5,0,0,0,4,64" ten="51,366,308,275" oya="1" hai0="13,28,111,79,35,123,46,82,26,67,4,59,8" hai1="70,45,117,22,18,48,96,65,98,68,19,100,37" hai2="43,71,74,51,56,66,0,32,44,87,54,97,92" hai3="41,95,130,83,75,72,118,93,94,15,84,20,62"/><U127/><E117/><V106/><F74/><W104/><G104/><T3/><D111/><U116/><E116/><V10/><F32/><W135/><G118/><T12/><D123/><U21/><E37/><V6/><F106/><W25/><G135/><T85/><D46/><U103/><E65/><V11/><F11/><W128/><G41/><T112/><D112/><U52/><E127/><V23/><F87/><W34/><G34/><T60/><D13/><U47/><E48/><V99/><F23/><W27/><G15/><T9/><D9/><U39/><E39/><V57/><F57/><W109/><G109/><T124/><D124/><U122/><REACH who="1" step="1"/><E52/><REACH who="1" ten="51,356,308,275" step="2"/><V36/><F66/><W132/><G132/><T76/><REACH who="0" step="1"/><D3/><REACH who="0" ten="41,356,308,275" step="2"/><U40/><E40/><V2/><F2/><W1/><G1/><T49/><D49/><U61/><E61/><V86/><F36/><W55/><G62/><T129/><D129/><U105/><E105/><V119/><F51/><W81/><G55/><T50/><D50/><U29/><E29/><V38/><F54/><W89/><G130/><T77/><AGARI ba="0,2" hai="4,8,12,26,28,35,59,60,67,76,77,79,82,85" machi="77" ten="20,2700,0" yaku="1,1,0,1,7,1,53,0" doraHai="64" doraHaiUra="121" who="0" fromWho="0" sc="41,47,356,-13,308,-7,275,-7" /><INIT seed="6,0,0,0,4,126" ten="88,343,301,268" oya="2" hai0="18,120,85,81,43,64,71,100,1,133,97,15,3" hai1="34,132,27,49,23,11,101,82,16,32,122,12,37" hai2="45,66,106,111,56,42,127,53,51,9,31,4,98" hai3="80,116,110,109,99,125,46,65,24,61,7,130,129"/><V59/><F127/><W105/><G116/><T83/><D120/><U33/><E37/><V60/><F111/><W20/><G125/><T6/><D133/><U119/><E119/><V54/><F31/><W128/><G7/><T67/><D43/><U84/><E132/><V26/><F26/><W70/><G46/><T10/><D1/><U135/><E135/><V14/><F106/><W78/><G99/><T21/><D71/><U25/><E122/><V35/><F35/><W89/><G89/><T58/><D58/><U75/><E75/><V22/><F22/><W5/><G5/><T113/><D113/><U102/><E49/><V48/><REACH who="2" step="1"/><F98/><REACH who="2" ten="88,343,291,268" step="2"/><W123/><G105/><T95/><REACH who="0" step="1"/><D81/><REACH who="0" ten="78,343,291,268" step="2"/><U91/><REACH who="1" step="1"/><E27/><REACH who="1" ten="78,333,291,268" step="2"/><V107/><F107/><W40/><G123/><T8/><D8/><U52/><E52/><AGARI ba="0,3" hai="4,9,14,42,45,48,51,52,53,54,56,59,60,66" machi="52" ten="40,7700,0" yaku="1,1,8,1,54,1,53,0" doraHai="126" doraHaiUra="13" who="2" fromWho="1" sc="78,0,333,-77,291,107,268,0" /><INIT seed="6,1,0,2,4,127" ten="78,256,398,268" oya="2" hai0="39,63,11,26,130,45,19,57,27,126,105,134,89" hai1="111,73,101,109,132,9,119,17,37,96,7,123,68" hai2="59,51,55,53,65,46,10,36,33,50,87,92,124" hai3="131,1,116,67,14,128,88,43,100,5,83,114,93"/><V49/><F33/><W95/><G116/><T32/><D126/><U78/><E17/><V121/><F121/><W110/><G110/><T44/><D134/><U104/><E132/><V81/><F124/><W24/><G1/><T6/><D105/><U28/><E123/><V61/><F92/><W62/><G43/><T60/><D32/><U115/><E115/><V80/><F36/><W76/><G100/><T74/><D74/><U64/><E119/><V135/><F135/><W90/><G24/><T38/><D57/><U54/><E54/><N who="2" m="20491" /><F10/><W94/><G114/><T84/><D19/><U107/><E28/><V75/><F75/><W34/><G34/><T113/><D113/><U118/><E118/><V56/><F56/><W30/><G30/><T99/><D84/><U97/><E37/><V69/><F69/><N who="3" m="42231" /><G14/><T0/><D99/><U58/><E58/><V42/><F81/><W52/><G52/><T22/><D89/><AGARI ba="1,0" hai="42,46,49,50,51,59,61,65,80,87,89" m="20491" machi="89" ten="30,1500,0" yaku="8,1" doraHai="127" who="2" fromWho="0" sc="78,-18,256,0,398,18,268,0" /><INIT seed="6,2,0,1,1,34" ten="60,256,416,268" oya="2" hai0="75,96,128,6,80,19,4,135,30,65,134,5,121" hai1="107,24,117,102,11,132,39,94,36,127,14,32,47" hai2="92,83,124,87,78,99,51,72,67,56,49,62,44" hai3="97,40,122,129,21,95,48,123,7,81,33,101,41"/><V133/><F133/><W23/><G33/><T64/><D121/><U16/><E117/><V119/><F124/><W53/><G129/><T68/><D128/><U35/><E127/><V43/><F119/><W74/><G7/><T115/><D115/><U111/><E111/><V88/><REACH who="2" step="1"/><F51/><REACH who="2" ten="60,256,406,268" step="2"/><W13/><G123/><T79/><D135/><U8/><E132/><V26/><F26/><W10/><G122/><T38/><D134/><U2/><E39/><V86/><AGARI ba="2,1" hai="43,44,49,56,62,67,72,78,83,86,87,88,92,99" machi="86" ten="30,6000,0" yaku="1,1,0,1,54,1,53,0" doraHai="34" doraHaiUra="22" who="2" fromWho="2" sc="60,-22,256,-22,406,76,268,-22" /><INIT seed="6,3,0,4,2,133" ten="38,234,482,246" oya="2" hai0="50,71,76,90,117,33,11,134,4,83,85,123,13" hai1="44,119,74,93,8,36,28,105,81,60,70,131,18" hai2="19,35,124,46,47,95,24,7,3,115,20,79,40" hai3="10,87,9,96,39,27,114,132,86,14,103,126,73"/><V2/><F115/><W112/><G73/><T32/><D123/><U31/><E105/><V38/><F47/><W1/><G39/><T91/><D134/><U29/><E119/><V99/><F35/><W49/><G132/><T120/><D120/><U52/><E131/><V53/><F53/><W66/><G66/><T30/><D71/><U130/><E130/><V82/><F7/><W98/><G1/><T6/><D117/><U122/><E122/><V107/><F107/><W88/><G27/><T77/><D30/><U84/><E74/><V101/><F124/><W48/><G14/><T69/><D69/><U100/><E70/><V59/><F59/><W125/><REACH who="3" step="1"/><G88/><REACH who="3" ten="38,234,482,236" step="2"/><T61/><D61/><U63/><BYE who="0" /><E36/><V135/><F135/><W116/><G116/><T127/><D127/><U89/><E100/><AGARI ba="3,1" hai="9,10,48,49,86,87,96,98,100,103,112,114,125,126" machi="100" ten="25,8000,1" yaku="1,1,22,2,52,2,53,0" doraHai="133" doraHaiUra="64" who="3" fromWho="1" sc="38,0,234,-89,482,0,236,99" /><UN n0="%59%53%4C%2A%C2%B4%CF%89%EF%BD%80%2A" /><INIT seed="7,0,0,0,2,50" ten="38,145,482,335" oya="3" hai0="61,5,55,110,58,128,101,48,106,126,10,13,29" hai1="99,67,129,7,32,80,51,11,87,132,74,25,21" hai2="62,85,8,38,103,134,119,49,93,121,100,35,17" hai3="112,44,16,3,105,81,94,63,27,39,133,6,60"/><W82/><G105/><T4/><D110/><U47/><E32/><V24/><F38/><W9/><G133/><T72/><D72/><U37/><E74/><V84/><F119/><W70/><G112/><T130/><D101/><U124/><E37/><V91/><F121/><W68/><G94/><T36/><D36/><U92/><E129/><V118/><F118/><W42/><G60/><T19/><D106/><U90/><E124/><V59/><F35/><W95/><G95/><T83/><D126/><U96/><E67/><N who="2" m="39391" /><F134/><W125/><G125/><T56/><D29/><N who="1" m="17583" /><E132/><V30/><F30/><W107/><G107/><T113/><D113/><U77/><E11/><V88/><F49/><W18/><G63/><T109/><D109/><U54/><E7/><V34/><F34/><W69/><REACH who="3" step="1"/><G27/><REACH who="3" ten="38,145,482,325" step="2"/><T20/><D130/><U115/><E115/><V71/><F24/><W97/><G97/><T108/><D128/><U26/><E26/><V40/><F93/><W0/><G0/><T12/><D108/><U73/><E96/><V111/><F111/><W41/><G41/><T53/><REACH who="0" step="1"/><D83/><AGARI ba="0,1" hai="3,6,9,16,18,39,42,44,68,69,70,81,82,83" machi="83" ten="40,3900,0" yaku="1,1,54,1,53,0" doraHai="50" doraHaiUra="114" who="3" fromWho="0" sc="38,-39,145,0,482,0,325,49" owari="-1,-50.0,145,-25.0,482,58.0,374,17.0" /></mjloggm>