<mjloggm ver="2.3"><GO type="169" lobby="0"/><UN n0="%E3%82%A6%E3%83%AB%E3%83%88%E3%83%A9%E7%AB%8B%E7%9B%B4" n1="%EF%BC%84%E3%83%8A%E3%83%8A%E3%82%B7%E3%83%BC%EF%BF%A5" n2="%E7%8E%84%E5%A4%AA%E9%83%8E" n3="%E3%81%9F%E3%81%BE%E3%82%89%E3%82%93%E3%82%AC%E3%83%83%E3%83%91" dan="17,17,16,17" rate="2153.75,2124.15,2054.15,2105.56" sx="M,M,M,M"/><TAIKYOKU oya="0"/><INIT seed="0,0,0,2,5,111" ten="250,250,250,250" oya="0" hai0="50,110,77,76,12,73,127,78,102,58,29,87,25" hai1="46,24,108,64,117,9,82,48,79,124,118,104,14" hai2="86,42,47,49,1,103,3,11,74,44,52,27,135" hai3="71,35,80,69,119,32,129,112,115,33,132,23,116"/><T89/><D110/><U16/><E108/><V6/><F74/><W95/><G132/><T90/><D127/><U107/><E124/><V39/><F135/><W98/><G129/><T122/><D122/><U5/><E64/><V43/><F103/><W2/><G2/><T55/><D102/><U130/><E130/><V97/><F97/><W13/><G80/><T17/><D73/><U121/><E121/><V81/><F27/><W41/><G41/><T83/><D89/><U26/><E26/><V37/><F3/><W56/><G56/><T66/><D66/><U70/><E70/><V18/><F18/><W34/><G34/><T28/><REACH who="0" step="1"/><D25/><REACH who="0" ten="240,250,250,250" step="2"/><U133/><E133/><V63/><F63/><W53/><G119/><T75/><D75/><U123/><E123/><V134/><F134/><W85/><G116/><T72/><D72/><U125/><E125/><V4/><F4/><W45/><G71/><T93/><D93/><U10/><E118/><V31/><F6/><W30/><G69/><T61/><D61/><U8/><E117/><V22/><F1/><W84/><G13/><T20/><AGARI ba="0,1" hai="12,17,20,28,29,50,55,58,76,77,78,83,87,90" machi="20" ten="30,6000,0" yaku="1,1,0,1,8,1,53,0" doraHai="111" doraHaiUra="100" who="0" fromWho="0" sc="240,70,250,-20,250,-20,250,-20" /><INIT seed="0,1,0,5,5,101" ten="310,230,230,230" oya="0" hai0="1,100,128,71,132,118,84,14,85,45,17,74,48" hai1="31,52,12,129,7,15,75,122,39,121,55,4,59" hai2="96,50,88,117,68,90,21,114,58,49,60,53,6" hai3="80,111,133,72,10,113,23,54,42,78,20,102,116"/><T43/><D1/><U46/><E75/><V104/><F114/><W47/><G113/><T61/><D118/><U120/><E31/><V19/><F117/><W124/><G116/><T0/><D0/><U30/><E30/><V66/><F6/><W16/><G111/><T13/><D74/><U32/><E32/><V36/><F36/><W123/><G123/><T57/><D128/><U89/><E129/><V63/><F63/><W37/><G124/><T25/><D71/><U135/><E135/><V76/><F76/><W29/><G133/><T91/><D100/><U33/><E33/><V27/><REACH who="2" step="1"/><F50/><REACH who="2" ten="310,230,220,230" step="2"/><W94/><G78/><T11/><D132/><U67/><E39/><V5/><F5/><W40/><G37/><T105/><D61/><U83/><E4/><V56/><F56/><W9/><G47/><T77/><D57/><U2/><E46/><V65/><F65/><W28/><G72/><T87/><D77/><U3/><E67/><V110/><F110/><W130/><G130/><T86/><D25/><U41/><E2/><V82/><F82/><W35/><G80/><T112/><D112/><U93/><E83/><V38/><F38/><W106/><G35/><T125/><D125/><U34/><E34/><V134/><F134/><W8/><G94/><T115/><D115/><U126/><E126/><V24/><F24/><W98/><G102/><AGARI ba="1,1" hai="19,21,27,49,53,58,60,66,68,88,90,96,102,104" machi="102" ten="40,5200,0" yaku="1,1,52,1,54,1,53,0" doraHai="101" doraHaiUra="107" who="2" fromWho="3" sc="310,0,230,0,220,65,230,-55" /><INIT seed="1,0,0,3,0,114" ten="310,230,285,175" oya="1" hai0="16,46,80,24,92,6,71,77,66,22,43,21,100" hai1="120,40,19,55,118,67,131,79,110,10,57,74,119" hai2="17,83,56,64,91,81,61,51,122,126,134,53,95" hai3="97,30,127,69,28,33,93,45,106,37,18,68,125"/><U132/><E120/><V36/><F126/><N who="3" m="48139" /><G106/><T27/><D6/><U20/><E67/><V130/><F130/><W60/><G18/><T129/><D129/><U101/><E101/><V1/><F134/><W117/><G117/><N who="1" m="44554" /><E40/><V31/><F122/><W75/><G75/><T58/><D71/><U35/><E131/><V54/><F36/><W135/><G135/><T124/><D124/><U115/><E132/><V111/><F111/><W103/><G33/><T98/><D58/><U108/><E115/><V72/><F1/><W109/><G109/><N who="1" m="42090" /><E35/><V11/><F64/><N who="3" m="40967" /><G69/><T48/><D66/><U12/><E79/><V116/><F116/><W99/><G37/><T89/><D77/><U42/><E42/><V34/><F34/><W2/><G103/><T7/><D100/><U88/><E74/><V13/><F72/><W32/><G32/><T9/><D43/><U65/><E65/><V94/><F54/><W59/><G45/><T47/><D46/><U8/><E88/><V0/><F91/><W3/><G59/><T70/><D89/><U41/><E41/><V85/><F56/><W90/><G97/><T44/><D98/><U78/><E78/><V15/><F53/><W23/><G99/><T49/><D70/><U113/><E113/><V14/><F81/><W5/><G90/><T112/><D80/><U133/><E133/><V29/><F83/><W52/><G52/><T87/><D112/><U123/><E123/><V128/><F128/><W25/><G93/><T82/><D92/><U105/><E105/><V84/><F94/><W73/><G73/><T104/><D104/><RYUUKYOKU ba="0,0" sc="310,-10,230,30,285,-10,175,-10" hai1="8,10,12,19,20,55,57" /><INIT seed="1,1,0,1,2,40" ten="300,260,275,165" oya="1" hai0="86,58,84,108,65,104,45,123,100,17,20,52,78" hai1="50,44,89,95,109,22,15,88,83,130,99,54,68" hai2="7,53,63,43,134,111,76,29,94,122,128,117,36" hai3="74,46,33,91,57,118,24,62,19,129,11,70,41"/><U55/><E68/><V73/><F117/><W0/><G70/><T35/><D35/><U42/><E130/><V66/><F122/><W28/><G74/><T67/><D108/><U30/><E109/><V8/><F111/><W64/><G129/><T48/><D123/><U72/><E72/><V25/><F128/><W121/><G121/><T31/><D31/><U34/><E34/><V110/><F134/><W6/><G118/><T32/><D32/><U97/><E15/><V112/><F112/><W98/><G19/><T9/><D9/><U114/><E114/><V113/><F53/><W96/><REACH who="3" step="1"/><G91/><REACH who="3" ten="300,260,275,155" step="2"/><T47/><D100/><U106/><E106/><V59/><F73/><W131/><G131/><T14/><D104/><U79/><E79/><V75/><F76/><W116/><G116/><T101/><D101/><U85/><REACH who="1" step="1"/><E99/><REACH who="1" ten="300,250,275,155" step="2"/><V135/><F75/><W38/><AGARI ba="1,2" hai="0,6,11,24,28,33,38,41,46,57,62,64,96,98" machi="38" ten="20,5200,0" yaku="1,1,0,1,7,1,52,1,53,0" doraHai="40" doraHaiUra="81" who="3" fromWho="3" sc="300,-14,250,-27,275,-14,155,75" /><INIT seed="2,0,0,2,4,78" ten="286,223,261,230" oya="2" hai0="36,74,86,17,127,11,32,67,58,71,61,33,80" hai1="101,42,29,73,24,52,115,87,123,126,2,76,9" hai2="26,43,12,13,66,63,45,39,113,30,129,35,125" hai3="49,34,132,104,37,7,27,1,107,68,8,10,121"/><V114/><F125/><W21/><G37/><T88/><D36/><U22/><E115/><V60/><F129/><W3/><G121/><T119/><D127/><U111/><E126/><V56/><REACH who="2" step="1"/><F63/><REACH who="2" ten="286,223,251,230" step="2"/><W31/><G132/><T85/><D119/><U69/><E123/><V40/><F40/><W91/><G68/><T81/><D74/><U47/><E69/><V16/><F16/><W134/><G134/><T94/><D71/><U130/><E73/><V131/><F131/><W120/><G120/><T46/><D17/><U18/><E130/><V19/><F19/><W110/><G110/><T5/><D5/><U6/><E111/><V70/><F70/><W124/><G124/><T0/><D11/><U122/><E122/><V99/><F99/><W102/><G10/><T28/><D28/><U38/><E29/><V75/><F75/><W108/><G108/><T64/><D61/><U103/><E42/><V4/><F4/><W44/><G8/><T54/><D33/><U50/><REACH who="1" step="1"/><E38/><REACH who="1" ten="286,213,251,230" step="2"/><V15/><AGARI ba="0,2" hai="12,13,15,26,30,35,39,43,45,56,60,66,113,114" machi="15" ten="30,3000,0" yaku="1,1,0,1,53,0" doraHai="78" doraHaiUra="118" who="2" fromWho="2" sc="286,-10,213,-10,251,50,230,-10" /><INIT seed="2,1,0,2,5,17" ten="276,203,301,220" oya="2" hai0="2,8,29,130,38,129,101,109,18,37,62,58,65" hai1="6,135,77,3,66,115,1,78,90,52,107,73,55" hai2="85,0,100,61,98,56,25,53,118,41,99,47,9" hai3="49,43,80,103,16,123,89,94,75,112,96,63,97"/><V48/><F118/><W7/><G123/><T106/><D29/><U105/><E115/><V13/><F0/><W10/><G112/><T69/><D109/><U71/><E71/><V76/><F25/><W34/><G34/><T121/><D121/><U113/><E113/><V23/><F100/><W22/><G63/><T128/><D58/><U30/><E30/><V120/><F120/><W102/><G75/><T15/><REACH who="0" step="1"/><D2/><REACH who="0" ten="266,203,301,220" step="2"/><U131/><E3/><V68/><F68/><W114/><G114/><T4/><D4/><U108/><E6/><N who="2" m="3255" /><F23/><W110/><G110/><T74/><D74/><U83/><E108/><V28/><F28/><W51/><G7/><T119/><D119/><U42/><E1/><V133/><F133/><W67/><G22/><T35/><D35/><U20/><E20/><V5/><F5/><W82/><G10/><T79/><D79/><U54/><E78/><V132/><F132/><W93/><G16/><T39/><D39/><U44/><E135/><V88/><F76/><W126/><G126/><T84/><D84/><U124/><E124/><V72/><F72/><W36/><G36/><T24/><D24/><U31/><E31/><V134/><F134/><W111/><G111/><T95/><D95/><AGARI ba="1,1" hai="41,47,48,53,56,61,85,88,95,98,99" m="3255" machi="95" ten="30,2900,0" yaku="8,1,54,1" doraHai="17" who="2" fromWho="0" sc="266,-32,203,0,301,42,220,0" /><INIT seed="2,2,0,5,1,115" ten="234,203,343,220" oya="2" hai0="118,100,124,0,79,61,112,123,18,67,55,114,50" hai1="93,75,88,34,66,82,31,132,110,7,17,1,33" hai2="20,37,3,45,4,10,101,104,58,36,2,26,103" hai3="57,69,116,6,52,21,86,65,122,89,63,8,13"/><V68/><F68/><W23/><G122/><T29/><D18/><U27/><E110/><V62/><F3/><W102/><G102/><T60/><D29/><U125/><E125/><V40/><F36/><W96/><G96/><T32/><D79/><U72/><E132/><V113/><F104/><W25/><G25/><T38/><D100/><U14/><E34/><V127/><F113/><N who="0" m="43626" /><D32/><U76/><E66/><V64/><REACH who="2" step="1"/><F127/><REACH who="2" ten="234,203,333,220" step="2"/><W39/><G39/><T97/><D0/><U51/><E1/><V111/><F111/><W99/><G116/><T15/><D38/><U98/><E51/><V43/><F43/><W131/><G131/><T81/><D118/><U120/><E120/><V56/><F56/><W53/><G69/><T119/><D119/><U42/><E42/><V11/><F11/><W44/><G44/><T130/><D50/><U74/><REACH who="1" step="1"/><E7/><REACH who="1" ten="234,193,333,220" step="2"/><V73/><F73/><W80/><G65/><T85/><D67/><U90/><E90/><V35/><F35/><W108/><G108/><T83/><D124/><U9/><AGARI ba="2,2" hai="9,14,17,27,31,33,72,74,75,76,82,88,93,98" machi="9" ten="20,5200,0" yaku="1,1,0,1,7,1,54,1,53,0" doraHai="115" doraHaiUra="121" who="1" fromWho="1" sc="234,-15,193,78,333,-28,220,-15" /><INIT seed="3,0,0,5,1,103" ten="219,271,305,205" oya="3" hai0="31,13,52,115,50,75,132,18,80,8,97,23,67" hai1="87,40,74,82,90,2,19,111,43,34,53,124,15" hai2="71,17,62,88,9,96,105,30,24,61,12,51,125" hai3="37,32,54,11,20,35,45,26,64,60,129,56,128"/><W126/><G126/><T110/><D132/><U95/><E2/><V42/><F125/><W4/><G37/><T77/><D110/><U72/><E124/><V65/><F62/><W117/><G117/><T94/><D67/><U106/><E106/><V118/><F118/><W21/><G45/><T5/><D31/><U46/><E34/><V25/><F30/><N who="3" m="17735" /><G21/><T119/><D119/><U58/><E111/><V120/><F120/><W85/><G85/><T83/><D115/><U69/><E69/><V121/><F121/><W101/><G101/><T102/><D77/><U89/><E74/><V79/><F79/><W6/><G54/><T107/><D75/><U28/><E28/><V29/><F105/><W122/><G122/><T112/><D112/><U10/><E72/><V131/><F29/><W68/><G68/><T108/><D94/><U66/><E66/><V14/><F14/><N who="3" m="5479" /><G6/><T91/><D91/><U38/><E38/><V109/><F109/><W134/><G134/><T73/><D73/><U3/><E3/><V133/><F133/><W78/><G78/><T36/><D36/><U49/><E58/><V100/><F100/><W130/><AGARI ba="0,0" hai="32,35,56,60,64,128,129,130" m="5479,17735" machi="130" ten="30,1500,0" yaku="19,1" doraHai="103" who="3" fromWho="3" sc="219,-5,271,-5,305,-5,205,15" /><INIT seed="3,1,0,5,2,82" ten="214,266,300,220" oya="3" hai0="63,55,21,128,32,5,123,103,33,15,27,78,71" hai1="48,31,100,42,87,8,80,95,25,28,122,125,83" hai2="56,132,49,91,54,57,129,115,66,120,89,110,39" hai3="1,111,43,96,3,64,77,127,117,34,47,0,6"/><W2/><G117/><T67/><D123/><U72/><E122/><V124/><F120/><W20/><G34/><T81/><D128/><U131/><E131/><V104/><F129/><W74/><G127/><T101/><D55/><U24/><E125/><V14/><F39/><N who="3" m="22015" /><G111/><T76/><D76/><U69/><E69/><V13/><F110/><W60/><G20/><T108/><D108/><U130/><E130/><V12/><F132/><W45/><G45/><T75/><D33/><U79/><E8/><V99/><F115/><W29/><G96/><T105/><D105/><U4/><E4/><V73/><F73/><W84/><G84/><T102/><D32/><U19/><E19/><V126/><F126/><W23/><G23/><T112/><D112/><U9/><E9/><V65/><F124/><W7/><G29/><T94/><D5/><U106/><E31/><V90/><F56/><W114/><G6/><T53/><D53/><U97/><E28/><V46/><F57/><W134/><G134/><T121/><D121/><U26/><E26/><V107/><F99/><W109/><G109/><T18/><D27/><U37/><E37/><V88/><N who="2" m="22528" /><DORA hai="16" /><V51/><REACH who="2" step="1"/><F49/><REACH who="2" ten="214,266,290,220" step="2"/><W52/><G114/><T85/><REACH who="0" step="1"/><D75/><REACH who="0" ten="204,266,290,220" step="2"/><U58/><E72/><V41/><F41/><W61/><G0/><T62/><D62/><U10/><E42/><V86/><F86/><W113/><G113/><T30/><D30/><U118/><E87/><V22/><F22/><W38/><G1/><T59/><D59/><U135/><E58/><V68/><F68/><W50/><G2/><T36/><D36/><RYUUKYOKU ba="1,2" sc="204,15,266,-15,290,15,220,-15" hai0="15,18,21,63,67,71,78,81,85,94,101,102,103" hai2="12,13,14,46,51,54,65,66,104,107" /><INIT seed="4,2,2,0,1,84" ten="219,251,305,205" oya="0" hai0="27,35,30,81,19,28,94,2,23,66,89,59,74" hai1="45,120,134,43,124,87,54,118,131,126,106,11,105" hai2="113,41,83,108,18,123,102,49,53,9,10,76,86" hai3="62,24,128,40,117,20,72,133,114,67,42,34,110"/><T4/><D4/><U107/><E120/><V58/><F108/><W56/><G117/><T111/><D2/><U51/><E118/><V78/><F113/><W92/><G110/><T16/><D111/><U0/><E134/><V5/><F123/><W69/><G34/><T80/><D74/><U17/><E131/><V13/><F41/><W125/><G125/><N who="1" m="48234" /><E87/><V55/><F102/><W12/><G114/><T61/><D19/><U130/><E130/><V63/><F78/><W50/><G128/><T129/><D129/><U3/><E43/><V26/><F26/><W44/><G133/><T39/><D39/><U21/><E11/><V91/><F76/><W109/><G72/><T64/><D64/><U115/><E115/><V112/><F112/><W31/><G109/><T8/><D8/><U25/><AGARI ba="2,2" hai="0,3,17,21,25,45,51,54,105,106,107" m="48234" machi="25" ten="40,1500,0" yaku="18,1" doraHai="84" who="1" fromWho="1" sc="219,-9,251,41,305,-6,205,-6" /><INIT seed="5,0,0,1,2,107" ten="210,292,299,199" oya="1" hai0="121,26,52,13,48,112,35,39,126,119,65,132,83" hai1="92,10,11,31,91,86,14,125,120,78,67,80,96" hai2="15,100,75,97,22,117,3,24,0,50,72,6,103" hai3="56,127,90,25,58,111,43,20,109,5,110,69,76"/><U64/><E120/><V88/><F117/><W40/><G127/><T70/><D39/><U113/><E125/><V28/><F100/><W1/><G69/><T54/><D119/><U66/><E113/><V9/><F50/><W27/><G76/><T84/><D126/><U19/><E31/><V38/><F38/><W105/><G105/><T74/><D74/><U102/><REACH who="1" step="1"/><E11/><REACH who="1" ten="210,282,299,199" step="2"/><V95/><REACH who="2" step="1"/><F103/><AGARI ba="0,1" hai="10,14,19,64,66,67,78,80,86,91,92,96,102,103" machi="103" ten="40,7700,0" yaku="1,1,2,1,8,1,53,0" doraHai="107" doraHaiUra="44" who="1" fromWho="2" sc="210,0,282,87,299,-77,199,0" /><INIT seed="5,1,0,1,4,94" ten="210,369,222,199" oya="1" hai0="39,58,103,98,113,42,84,92,10,49,48,5,134" hai1="75,38,124,47,121,127,95,135,73,57,130,54,118" hai2="108,87,119,122,64,112,114,63,11,81,132,74,43" hai3="105,78,26,123,61,120,14,44,101,50,27,17,28"/><U104/><E104/><V22/><F132/><W128/><G78/><T131/><D113/><N who="2" m="43626" /><F43/><W0/><G0/><T91/><D131/><U88/><E118/><V18/><F119/><W19/><G128/><T52/><D39/><U89/><E121/><V60/><F122/><W99/><G61/><T110/><D134/><U80/><E135/><V45/><F108/><W107/><G107/><T59/><D110/><U79/><E130/><V126/><F126/><N who="1" m="48169" /><E75/><V90/><F45/><W32/><G26/><T102/><D42/><N who="1" m="22999" /><E95/><V71/><F63/><AGARI ba="1,0" hai="54,57,63,73,79,80,88,89" m="22999,48169" machi="63" ten="30,2900,0" yaku="18,1,54,1" doraHai="94" who="1" fromWho="2" sc="210,0,369,32,222,-32,199,0" /><INIT seed="5,2,0,3,4,120" ten="210,401,190,199" oya="1" hai0="117,46,134,18,107,60,92,44,132,86,85,36,110" hai1="116,31,43,124,26,131,4,78,38,90,59,97,24" hai2="9,45,104,1,81,12,0,102,3,99,47,125,108" hai3="100,71,58,57,6,69,49,62,55,17,106,109,61"/><U23/><E116/><V16/><F108/><W20/><G6/><T89/><D107/><U64/><E131/><V14/><F125/><W128/><G128/><T68/><D117/><U34/><E124/><V42/><F42/><W29/><G29/><T10/><D110/><U15/><E78/><V74/><F74/><W70/><G109/><T103/><D103/><U122/><E122/><V40/><F40/><W48/><G100/><T114/><D36/><U113/><E113/><V63/><F63/><W119/><G106/><T52/><D86/><U53/><E64/><V56/><F56/><W87/><G87/><T84/><D84/><U126/><E43/><V115/><F115/><W121/><G121/><T21/><D10/><U19/><E38/><V80/><F80/><W25/><REACH who="3" step="1"/><G119/><REACH who="3" ten="210,401,190,189" step="2"/><T39/><D114/><U67/><E4/><V54/><F81/><W27/><G27/><T28/><D28/><U127/><E26/><V37/><F37/><W79/><G79/><T76/><D76/><U88/><E127/><V129/><F129/><W101/><G101/><T105/><D105/><U22/><E126/><V35/><F102/><W65/><AGARI ba="2,1" hai="17,20,25,48,49,55,57,58,61,62,65,69,70,71" machi="65" ten="30,2000,0" yaku="1,1,0,1,53,0" doraHai="120" doraHaiUra="77" who="3" fromWho="3" sc="210,-7,401,-12,190,-7,189,36" /><INIT seed="6,0,0,5,1,78" ten="203,389,183,225" oya="2" hai0="35,66,40,131,103,12,121,17,20,42,24,51,8" hai1="94,82,119,79,97,47,2,102,43,32,67,126,6" hai2="62,4,18,49,55,31,91,88,11,37,71,26,72" hai3="53,14,70,5,25,65,90,60,64,96,63,93,50"/><V105/><F105/><W0/><G0/><T106/><D121/><U84/><E119/><V98/><F37/><W54/><G25/><T127/><D127/><U52/><E126/><V115/><F115/><W13/><G5/><T81/><D131/><U27/><E67/><V130/><F130/><W69/><REACH who="3" step="1"/><G54/><REACH who="3" ten="203,389,183,215" step="2"/><T41/><D24/><U46/><E2/><V125/><F125/><W110/><G110/><T128/><D128/><U108/><E108/><V109/><F109/><W75/><G75/><T100/><D12/><U134/><E6/><V80/><F72/><W74/><G74/><T86/><D35/><U111/><E111/><V19/><F4/><W101/><G101/><T23/><D103/><U9/><E27/><V3/><F3/><W92/><G92/><T48/><D100/><U112/><E32/><V77/><F26/><W118/><G118/><T34/><D34/><U123/><E94/><V122/><F55/><W59/><AGARI ba="0,1" hai="13,14,50,53,59,60,63,64,65,69,70,90,93,96" machi="59" ten="20,5200,0" yaku="1,1,0,1,7,1,9,1,53,0" doraHai="78" doraHaiUra="15" who="3" fromWho="3" sc="203,-13,389,-13,183,-26,215,62" /><INIT seed="7,0,0,3,1,130" ten="190,376,157,277" oya="3" hai0="110,55,101,7,48,67,115,85,79,84,123,105,121" hai1="14,89,5,1,132,126,129,76,92,75,10,95,17" hai2="107,22,2,32,86,94,71,30,134,68,82,43,98" hai3="73,81,46,88,63,45,66,87,57,25,99,111,4"/><W64/><G111/><T112/><D110/><U78/><E129/><V20/><F107/><W47/><G73/><T124/><D67/><U35/><E126/><V50/><F2/><W59/><G4/><T51/><D124/><U56/><E75/><V91/><F20/><W21/><G99/><N who="0" m="61631" /><D7/><U15/><E35/><V24/><F134/><W114/><G114/><N who="0" m="43563" /><D51/><U29/><E29/><V33/><F71/><W52/><REACH who="3" step="1"/><G59/><REACH who="3" ten="190,376,157,267" step="2"/><N who="0" m="33255" /><D79/><U118/><E56/><V9/><F68/><W19/><AGARI ba="0,1" hai="19,21,25,45,46,47,52,57,63,64,66,81,87,88" machi="19" ten="30,12000,1" yaku="1,1,0,1,8,1,54,2,53,0" doraHai="130" doraHaiUra="102" who="3" fromWho="3" sc="190,-40,376,-40,157,-40,267,130" owari="150,-25.0,336,14.0,117,-38.0,397,49.0" /></mjloggm>