<mjloggm ver="2.3"><GO type="169" lobby="0"/><UN n0="%E6%A4%8B%E5%A4%A7%E6%A8%B9" n1="%E5%B0%B1%E6%B4%BB%E7%94%9F%40%E5%B7%9D%E6%9D%91%E8%BB%8D%E5%9B%A3" n2="%E3%83%AD%E3%83%83%E3%83%86%E9%9B%80%E7%90%83" n3="%E7%B4%85%E8%A1%A3" dan="18,17,16,16" rate="2190.51,2168.82,2091.60,2037.23" sx="M,M,M,M"/><TAIKYOKU oya="0"/><INIT seed="0,0,0,5,2,127" ten="250,250,250,250" oya="0" hai0="90,129,130,118,102,71,93,50,44,73,96,27,0" hai1="69,91,128,123,62,66,32,47,58,23,70,95,80" hai2="107,81,12,55,3,112,43,92,115,120,40,114,104" hai3="94,133,72,98,132,67,19,113,38,110,39,61,26"/><T52/><D118/><U117/><E32/><V51/><F120/><W31/><G113/><T13/><D0/><U9/><E123/><V74/><F3/><W16/><G72/><T11/><D71/><U83/><E117/><V48/><F92/><W109/><G39/><T134/><D73/><U5/><E69/><V121/><F121/><W111/><G38/><T33/><D134/><N who="3" m="51817" /><G31/><T37/><D37/><U18/><E47/><V108/><F108/><W2/><G2/><T65/><D65/><U124/><E124/><V54/><F74/><W8/><G8/><T35/><D102/><U99/><E70/><V49/><F81/><W125/><G26/><T122/><D122/><U53/><E66/><V64/><F12/><W22/><G22/><T56/><D44/><U46/><E46/><V60/><F60/><W41/><G41/><N who="2" m="15945" /><F64/><W119/><G125/><T21/><D21/><U34/><E34/><V87/><F87/><W103/><G119/><T88/><D90/><U68/><E68/><AGARI ba="0,0" hai="16,19,61,67,68,94,98,103,109,110,111" m="51817" machi="68" ten="40,5200,0" yaku="14,1,20,1,54,1" doraHai="127" who="3" fromWho="1" sc="250,0,250,-52,250,0,250,52" /><INIT seed="1,0,0,5,5,56" ten="250,198,250,302" oya="1" hai0="103,59,134,5,64,41,98,81,65,38,46,4,23" hai1="131,90,1,3,21,0,110,6,69,77,19,74,26" hai2="16,71,111,54,104,121,97,115,91,107,66,53,8" hai3="126,118,84,99,68,29,18,73,7,112,122,11,72"/><U88/><E131/><V35/><F121/><W120/><G68/><T43/><D134/><U36/><E36/><V60/><F111/><W28/><G112/><T27/><D81/><U51/><E110/><V106/><F115/><W135/><G135/><T92/><D43/><U24/><E69/><V82/><F35/><W95/><G118/><T114/><D114/><U12/><E77/><V101/><F91/><W58/><G126/><T44/><D44/><U14/><E74/><V105/><REACH who="2" step="1"/><F82/><REACH who="2" ten="250,198,240,302" step="2"/><W93/><G122/><T116/><D116/><U86/><E90/><V119/><F119/><W127/><G120/><T15/><D15/><AGARI ba="0,1" hai="8,15,16,53,54,60,66,71,97,101,104,105,106,107" machi="15" ten="40,5200,0" yaku="1,1,52,1,54,1,53,0" doraHai="56" doraHaiUra="132" who="2" fromWho="0" sc="250,-52,198,0,240,62,302,0" /><INIT seed="2,0,0,2,1,29" ten="198,198,302,302" oya="2" hai0="38,120,19,77,31,10,134,12,70,37,17,32,75" hai1="35,94,121,135,117,116,67,23,87,81,47,21,18" hai2="102,105,83,124,96,11,92,80,66,100,107,6,27" hai3="33,101,46,130,123,43,30,104,127,131,85,109,22"/><V57/><F124/><W82/><G123/><T56/><D70/><U1/><E1/><V59/><F27/><W62/><G127/><T119/><D120/><U98/><E121/><V2/><F59/><W129/><G109/><T49/><D77/><U45/><E135/><V74/><F74/><W60/><G22/><T73/><D56/><U90/><E67/><V16/><F16/><W115/><G115/><T8/><D49/><U76/><E35/><V63/><REACH who="2" step="1"/><F92/><REACH who="2" ten="198,198,292,302" step="2"/><W84/><G130/><T118/><D73/><U9/><E116/><V86/><F86/><W78/><G84/><T89/><D75/><U34/><E117/><V61/><F61/><W65/><G60/><T58/><D119/><U0/><E47/><V126/><F126/><W71/><G129/><T125/><D118/><U3/><E45/><V93/><F93/><W53/><G46/><T110/><D125/><U42/><E94/><V108/><F108/><W132/><G62/><T68/><D110/><U112/><E87/><V41/><F41/><W36/><G85/><T25/><D19/><U48/><E42/><V91/><F91/><W103/><G43/><T40/><D89/><U128/><E90/><V133/><F133/><W26/><G132/><T50/><D134/><U55/><E18/><V4/><F4/><W79/><G131/><T69/><D17/><U114/><E128/><V44/><F44/><W14/><G26/><T28/><D25/><U64/><E112/><V20/><F20/><W52/><G79/><T111/><D111/><U5/><E76/><V15/><F15/><W72/><G14/><RYUUKYOKU ba="0,1" sc="198,-10,198,-10,292,30,302,-10" hai2="2,6,11,57,63,66,80,83,96,100,102,105,107" /><INIT seed="2,1,1,0,0,93" ten="188,188,322,292" oya="2" hai0="128,7,28,66,107,15,126,105,86,0,98,30,27" hai1="135,102,60,127,68,95,50,49,85,55,16,91,88" hai2="112,17,12,4,1,46,34,78,29,132,40,108,122" hai3="3,71,5,67,6,131,23,133,84,62,120,57,101"/><V104/><F104/><W72/><G120/><T111/><D30/><U103/><E127/><V125/><F78/><W119/><G72/><T32/><D111/><U70/><E135/><V83/><F83/><W48/><G119/><T11/><D128/><U116/><E116/><V41/><F46/><W114/><G114/><T99/><D107/><U26/><E70/><V81/><F81/><W45/><G131/><T113/><D105/><U94/><E60/><V65/><F65/><W90/><G133/><T74/><D74/><U97/><E68/><V18/><F41/><W80/><G3/><T124/><D113/><U73/><E73/><V123/><F40/><W121/><G121/><N who="2" m="46089" /><F132/><W2/><G2/><T89/><D0/><U61/><E61/><V79/><F79/><W39/><G39/><T37/><D66/><U20/><E50/><V69/><F69/><W42/><G71/><T110/><D110/><U47/><AGARI ba="1,1" hai="16,20,26,47,49,55,85,88,91,94,95,97,102,103" machi="47" ten="20,12000,2" yaku="0,1,7,1,8,1,52,1,54,2" doraHai="93" who="1" fromWho="1" sc="188,-31,188,133,322,-61,292,-31" /><INIT seed="3,0,0,2,5,13" ten="157,321,261,261" oya="3" hai0="85,119,10,107,126,53,41,80,0,50,103,86,71" hai1="4,9,72,19,39,15,21,110,18,101,29,104,97" hai2="64,122,30,77,65,32,123,36,98,47,59,117,106" hai3="1,46,96,131,108,8,37,134,105,42,22,89,67"/><W56/><G131/><T2/><D119/><U93/><E110/><V40/><F117/><W23/><G134/><T62/><D126/><U12/><E72/><V111/><F111/><W74/><G74/><T52/><D41/><U26/><E39/><V125/><F125/><W79/><G108/><T54/><D50/><U49/><E104/><V31/><F77/><W6/><G79/><T34/><D34/><U16/><REACH who="1" step="1"/><E49/><REACH who="1" ten="157,311,261,261" step="2"/><V78/><F106/><W100/><REACH who="3" step="1"/><G89/><REACH who="3" ten="157,311,261,251" step="2"/><T118/><D118/><U130/><E130/><V124/><F124/><W48/><G48/><T17/><D103/><U33/><AGARI ba="0,2" hai="4,9,12,15,16,18,19,21,26,29,33,93,97,101" machi="33" ten="20,12000,2" yaku="1,1,0,1,7,1,52,3,54,1,53,0" doraHai="13" doraHaiUra="132" who="1" fromWho="1" sc="157,-30,311,140,261,-30,251,-60" /><INIT seed="4,0,0,1,1,85" ten="127,451,231,191" oya="0" hai0="27,26,100,60,117,32,86,53,88,51,50,7,48" hai1="119,107,10,54,81,0,6,65,90,114,15,19,31" hai2="110,55,91,29,3,79,128,45,37,1,77,115,23" hai3="112,69,104,118,30,97,124,89,11,2,111,13,80"/><T127/><D117/><U68/><E119/><V93/><F110/><W135/><G118/><T39/><D39/><U40/><E107/><V49/><F115/><W35/><G69/><T105/><D32/><U134/><E40/><V120/><F120/><W72/><G72/><T109/><D127/><U46/><E31/><V62/><F128/><W132/><G2/><T59/><D109/><U34/><E34/><V58/><F37/><W123/><G35/><T61/><D7/><U71/><E65/><V75/><F75/><W125/><G104/><T129/><D129/><U133/><E114/><V122/><F122/><W14/><G111/><T96/><REACH who="0" step="1"/><D60/><REACH who="0" ten="117,451,231,191" step="2"/><U16/><E6/><V74/><F1/><W57/><G125/><T67/><D67/><U12/><E0/><V64/><F3/><W25/><G124/><T24/><D24/><U9/><E133/><V42/><F64/><W94/><G135/><T73/><D73/><U20/><E134/><V95/><F74/><W41/><G132/><T52/><D52/><U102/><E54/><V116/><F116/><W131/><G131/><T21/><D21/><U84/><E20/><V103/><F23/><W82/><G123/><T108/><D108/><U66/><E66/><V56/><F62/><W101/><G112/><T87/><D87/><U121/><E121/><V76/><F55/><W18/><G25/><T8/><D8/><U78/><E68/><V22/><F22/><W17/><G11/><T5/><D5/><U38/><E71/><V28/><F28/><W70/><G30/><T106/><D106/><U99/><E10/><RYUUKYOKU ba="0,1" sc="117,30,451,-10,231,-10,191,-10" hai0="26,27,48,50,51,53,59,61,86,88,96,100,105" /><INIT seed="4,1,1,2,2,71" ten="147,441,221,181" oya="0" hai0="54,28,32,87,119,9,47,29,116,124,81,26,105" hai1="46,70,135,65,127,18,17,27,84,51,128,110,100" hai2="44,41,31,61,83,102,68,69,106,6,35,113,111" hai3="3,50,133,88,16,48,40,131,74,10,78,49,2"/><T53/><D105/><U80/><E110/><V30/><F111/><W45/><G131/><T112/><D112/><U95/><E128/><V109/><F109/><W36/><G133/><T117/><D124/><U72/><E72/><V130/><F130/><W15/><REACH who="3" step="1"/><G88/><REACH who="3" ten="147,441,221,171" step="2"/><T85/><D119/><U77/><E135/><V14/><F113/><W92/><G92/><T0/><D117/><U97/><E127/><V120/><F106/><W60/><G60/><T1/><D116/><U38/><E95/><V89/><F61/><W57/><G57/><T96/><D96/><U8/><E100/><V91/><F102/><W11/><G11/><T20/><D9/><U108/><E8/><N who="2" m="4375" /><F91/><W33/><G33/><T94/><D94/><U121/><E70/><V132/><F35/><W62/><G62/><T34/><D20/><U42/><E77/><V56/><F56/><W12/><G12/><T122/><D34/><U99/><E108/><V73/><F132/><W129/><G129/><T114/><D32/><U24/><E97/><V79/><F69/><W22/><G22/><T76/><D114/><U86/><E99/><V126/><F126/><W125/><G125/><T7/><D76/><U115/><E115/><V82/><F68/><W93/><G93/><T101/><D101/><U5/><E80/><AGARI ba="1,2" hai="2,3,10,15,16,36,40,45,48,49,50,74,78,80" machi="80" ten="40,8000,1" yaku="1,1,52,1,54,1,53,1" doraHai="71" doraHaiUra="107" who="3" fromWho="1" sc="147,0,441,-83,221,0,171,103" /><INIT seed="5,0,0,3,5,54" ten="147,358,221,274" oya="1" hai0="51,25,39,128,3,10,130,9,117,42,61,65,49" hai1="95,114,23,7,19,27,93,56,107,85,77,1,134" hai2="59,69,44,74,94,116,68,64,91,30,5,126,119" hai3="29,123,108,129,127,132,16,80,99,124,11,62,21"/><U90/><E107/><V41/><F74/><W12/><G123/><T79/><D117/><U96/><E134/><V86/><F126/><N who="3" m="48171" /><G132/><T66/><D79/><U84/><E114/><V104/><F104/><W115/><G108/><T31/><D39/><U36/><E36/><V88/><F30/><W70/><G115/><T60/><D25/><U131/><E131/><V24/><F24/><N who="3" m="16527" /><G129/><T47/><D31/><U110/><E110/><V112/><F112/><W76/><G99/><T78/><D78/><U57/><E77/><V8/><F69/><W71/><G62/><T118/><D118/><U102/><E7/><V0/><F68/><W6/><G6/><T67/><D3/><U105/><E1/><V122/><F122/><W38/><G38/><T34/><D34/><U15/><E27/><V43/><F91/><AGARI ba="0,0" hai="15,19,23,56,57,84,85,90,91,93,95,96,102,105" machi="91" ten="40,7700,0" yaku="9,1,52,2" doraHai="54" who="1" fromWho="2" sc="147,0,358,77,221,-77,274,0" /><INIT seed="5,1,0,2,0,54" ten="147,435,144,274" oya="1" hai0="19,78,14,74,27,29,70,35,2,67,83,106,28" hai1="76,82,111,5,92,89,85,47,102,8,1,58,22" hai2="88,105,124,86,114,10,6,133,91,129,49,126,65" hai3="130,100,115,68,26,95,80,134,93,51,108,64,66"/><U25/><E111/><V127/><F133/><W46/><G108/><T56/><D106/><U12/><E47/><V41/><F129/><W96/><G115/><T40/><D70/><U11/><E102/><V121/><F121/><W132/><G130/><T72/><D2/><U79/><E82/><V17/><F114/><W87/><G26/><T44/><D29/><U36/><E36/><V32/><F32/><W104/><G68/><T122/><D122/><U119/><E119/><V18/><F65/><W71/><G71/><T73/><D67/><U97/><E85/><V4/><F105/><W57/><G66/><T59/><D73/><U55/><E11/><V103/><F103/><W84/><G84/><T75/><D75/><U21/><E21/><V60/><F60/><N who="3" m="37903" /><G51/><T123/><D72/><U23/><E23/><V45/><F91/><N who="3" m="51687" /><G46/><T37/><D123/><U43/><E1/><N who="2" m="271" /><F6/><W125/><G125/><T50/><D37/><U39/><E39/><V7/><F7/><W33/><G33/><T3/><D3/><U81/><E81/><AGARI ba="1,0" hai="17,18,41,45,49,81,86,88,124,126,127" m="271" machi="81" ten="30,2000,0" yaku="18,1,54,1" doraHai="54" who="2" fromWho="1" sc="147,0,435,-23,144,23,274,0" /><INIT seed="6,0,0,5,3,87" ten="147,412,167,274" oya="2" hai0="29,21,36,55,115,81,127,65,35,76,90,96,121" hai1="75,59,117,94,128,5,132,49,95,82,18,43,118" hai2="19,57,68,50,119,131,91,107,129,37,48,62,130" hai3="93,16,123,38,34,42,116,39,17,60,122,105,41"/><V98/><F119/><W2/><G116/><T56/><D36/><U103/><E128/><V79/><F37/><W24/><G2/><T100/><D35/><U133/><E5/><V84/><F68/><W30/><G105/><T32/><D32/><U22/><E75/><V14/><F79/><W86/><G60/><T11/><D11/><U20/><E82/><V0/><F0/><W80/><G93/><T15/><D65/><U47/><E59/><V70/><F70/><W64/><G64/><T134/><D121/><U74/><E74/><V40/><F98/><W106/><G106/><T28/><D115/><U67/><E67/><N who="2" m="39375" /><F40/><W4/><G4/><T88/><D134/><N who="1" m="51819" /><E94/><N who="2" m="54631" /><F107/><W13/><G41/><T104/><D127/><U26/><E22/><AGARI ba="0,0" hai="14,19,22,48,50,129,130,131" m="54631,39375" machi="22" ten="30,2900,0" yaku="19,1,52,1" doraHai="87" who="2" fromWho="1" sc="147,0,412,-29,167,29,274,0" /><INIT seed="6,1,0,3,1,15" ten="147,383,196,274" oya="2" hai0="55,39,73,102,94,0,12,54,26,11,7,107,87" hai1="34,123,84,16,58,91,101,120,45,6,32,50,71" hai2="86,51,47,38,23,75,22,43,132,1,79,8,13" hai3="37,82,29,9,93,20,53,116,68,85,131,52,2"/><V111/><F132/><W19/><G116/><T67/><D73/><U92/><E71/><V126/><F126/><W100/><G131/><T78/><D39/><U98/><E6/><V69/><F69/><W46/><G68/><T97/><D0/><U88/><E58/><V74/><F111/><W70/><G70/><T42/><D67/><U105/><E91/><V21/><F1/><W4/><G29/><T129/><D129/><U77/><E77/><V134/><F38/><W112/><G112/><T96/><D42/><N who="1" m="24887" /><E16/><V115/><F115/><W5/><G5/><T124/><D124/><U117/><E117/><V28/><F134/><W109/><G109/><T62/><D62/><U56/><E56/><V118/><F118/><W27/><G37/><T103/><REACH who="0" step="1"/><D26/><REACH who="0" ten="137,383,196,274" step="2"/><U10/><E120/><V106/><F75/><W121/><G121/><T36/><D36/><U99/><E123/><V110/><F74/><W3/><G3/><T14/><D14/><U122/><E122/><V66/><F66/><W130/><G130/><T17/><D17/><U83/><E34/><V61/><F61/><W64/><G64/><T80/><AGARI ba="1,1" hai="7,11,12,54,55,78,80,87,94,96,97,102,103,107" machi="80" ten="30,2000,0" yaku="1,1,0,1,53,0" doraHai="15" doraHaiUra="127" who="0" fromWho="0" sc="137,33,383,-6,196,-11,274,-6" /><INIT seed="7,0,0,5,4,84" ten="170,377,185,268" oya="3" hai0="71,3,45,81,110,114,124,106,17,20,9,21,52" hai1="44,5,87,27,22,32,90,61,97,92,14,10,79" hai2="51,30,37,74,112,7,128,109,16,33,0,48,91" hai3="40,38,18,62,67,11,25,89,125,70,66,107,78"/><W122/><G122/><T116/><D116/><U93/><E32/><V49/><F109/><W101/><G125/><T1/><D110/><U117/><E117/><V58/><F37/><W83/><G67/><T54/><D106/><U34/><E34/><V126/><F126/><W13/><G89/><T64/><D124/><U73/><E73/><V59/><F74/><W96/><G25/><T6/><D3/><U104/><E104/><V75/><F75/><W72/><G40/><T42/><D21/><U98/><E44/><V111/><F111/><W132/><REACH who="3" step="1"/><G38/><REACH who="3" ten="170,377,185,258" step="2"/><N who="0" m="21719" /><D64/><U82/><E61/><V24/><F91/><W15/><G15/><T43/><D43/><U115/><E115/><V120/><F120/><W69/><G69/><T36/><D71/><U63/><E63/><V41/><F41/><W65/><G65/><T80/><D36/><U134/><E134/><AGARI ba="0,1" hai="11,13,18,62,66,70,72,78,83,96,101,107,132,134" machi="134" ten="40,2000,0" yaku="1,1,53,0" doraHai="84" doraHaiUra="39" who="3" fromWho="1" sc="170,0,377,-20,185,0,258,30" /><INIT seed="7,1,0,3,4,76" ten="170,357,185,288" oya="3" hai0="132,46,109,87,108,124,104,25,54,58,88,34,20" hai1="37,0,29,42,4,57,115,10,114,75,69,89,71" hai2="74,16,28,60,11,12,43,31,61,33,110,84,105" hai3="127,122,118,93,17,82,41,70,102,55,21,2,48"/><W56/><G122/><T94/><D104/><U19/><E75/><V95/><F74/><W64/><G118/><T97/><D34/><U117/><E117/><V7/><F110/><W91/><G2/><T81/><D124/><U45/><E29/><N who="2" m="11339" /><F105/><W62/><G127/><T1/><D132/><U38/><E38/><V67/><F33/><W116/><G116/><T86/><D86/><U129/><E129/><V63/><F43/><W113/><G113/><N who="1" m="43018" /><E19/><V133/><F133/><W120/><G120/><T5/><D46/><U18/><E18/><V90/><F67/><W101/><G41/><T72/><D72/><U73/><E73/><V111/><F111/><W13/><G82/><T9/><D25/><U6/><E6/><AGARI ba="1,0" hai="6,7,11,12,16,60,61,63,84,90,95" m="11339" machi="6" ten="30,2000,0" yaku="8,1,54,1" doraHai="76" who="2" fromWho="1" sc="170,0,357,-23,185,23,288,0" owari="170,-33.0,334,43.0,208,-19.0,288,9.0" /></mjloggm>