<mjloggm ver="2.3"><GO type="169" lobby="0"/><UN n0="%4C%69%6C%69%6D" n1="%E5%B0%B1%E6%B4%BB%E7%94%9F%40%E5%B7%9D%E6%9D%91%E8%BB%8D%E5%9B%A3" n2="%E9%BA%BB%E9%9B%80%E5%95%86%E4%BA%BA%E3%81%8F%E3%82%93%E2%99%AA" n3="%6C%69%6C%68%61%6D%61" dan="17,16,16,16" rate="2183.50,2116.16,2140.65,2047.59" sx="F,M,M,M"/><TAIKYOKU oya="0"/><INIT seed="0,0,0,4,1,80" ten="250,250,250,250" oya="0" hai0="9,28,36,110,82,47,41,59,56,120,45,124,134" hai1="69,27,72,43,97,115,57,112,71,5,116,53,81" hai2="122,121,62,39,109,52,126,74,19,105,86,129,98" hai3="18,54,60,22,34,14,104,88,84,76,37,64,3"/><T31/><D120/><U77/><E116/><V66/><F39/><W49/><G3/><T25/><D124/><U35/><E5/><V1/><F74/><W24/><G104/><T8/><D134/><U58/><E43/><V61/><F126/><W125/><G37/><T32/><D31/><N who="1" m="19967" /><E58/><V7/><F7/><W11/><G34/><T131/><D110/><U128/><E97/><V15/><F1/><W17/><G76/><T130/><D47/><U114/><E128/><N who="0" m="49193" /><D82/><U23/><E23/><V78/><F109/><W93/><G125/><T103/><D103/><U132/><E132/><V50/><F129/><W135/><G135/><T101/><D101/><U48/><AGARI ba="0,0" hai="48,53,57,69,71,72,77,81,112,114,115" m="19967" machi="48" ten="30,1100,0" yaku="11,1" doraHai="80" who="1" fromWho="1" sc="250,-5,250,11,250,-3,250,-3" /><INIT seed="1,0,0,2,2,78" ten="245,261,247,247" oya="1" hai0="133,0,115,43,14,4,122,46,8,50,19,80,116" hai1="52,6,54,124,37,70,30,74,55,31,94,34,82" hai2="86,49,58,75,42,121,118,104,11,111,47,69,16" hai3="93,79,62,7,130,39,128,21,59,110,68,73,33"/><U29/><E37/><V120/><F111/><W56/><G110/><T85/><D122/><U2/><E70/><V20/><F75/><W1/><G39/><T132/><D116/><U41/><E34/><V105/><F69/><W119/><G33/><T5/><D115/><U57/><E124/><V109/><F109/><W23/><G119/><T22/><REACH who="0" step="1"/><D4/><REACH who="0" ten="235,261,247,247" step="2"/><U26/><E6/><V113/><F113/><W89/><G7/><T72/><D72/><U92/><E2/><V18/><F118/><W91/><G1/><T66/><D66/><U17/><E41/><V107/><F120/><W90/><G73/><T102/><D102/><U123/><E123/><V76/><F121/><W44/><G130/><T108/><D108/><U9/><E57/><V38/><F11/><W117/><G128/><T40/><D40/><U53/><E53/><V13/><F18/><W35/><G117/><T24/><D24/><U126/><E126/><V106/><F58/><W27/><G68/><T61/><D61/><U10/><E26/><V99/><F38/><W83/><G56/><T36/><D36/><U100/><E100/><V77/><F49/><W3/><G3/><T15/><D15/><U127/><E127/><V81/><F13/><W129/><G129/><T95/><D95/><U48/><E48/><V67/><F106/><W88/><G59/><T125/><D125/><U112/><E112/><V28/><F105/><W32/><G62/><T51/><D51/><U135/><E92/><V65/><F107/><W103/><G93/><T96/><D96/><U101/><E94/><V114/><F104/><RYUUKYOKU ba="0,1" sc="235,30,261,-10,247,-10,247,-10" hai0="0,5,8,14,19,22,43,46,50,80,85,132,133" /><INIT seed="2,1,1,4,5,1" ten="265,251,237,237" oya="2" hai0="72,42,32,50,69,77,60,130,20,5,56,68,117" hai1="3,2,128,15,61,80,35,86,85,123,49,125,118" hai2="120,115,70,26,36,113,43,16,66,75,55,107,102" hai3="27,38,89,17,87,112,47,81,18,101,64,39,29"/><V37/><F120/><W105/><G112/><T99/><D32/><U48/><E118/><V94/><F75/><W84/><G64/><T53/><D117/><U54/><E35/><V28/><F94/><W92/><G101/><T9/><D130/><U14/><E123/><V127/><F127/><W63/><G105/><T41/><D99/><U79/><E128/><V8/><F55/><W31/><G63/><T104/><D104/><U23/><E125/><V124/><F124/><W108/><G108/><T7/><D20/><U46/><E61/><V13/><F66/><W0/><G0/><T51/><D72/><U11/><E86/><V90/><F70/><W21/><G31/><T114/><D77/><U135/><E135/><V44/><F37/><W78/><G17/><T74/><D74/><U93/><E93/><V58/><F58/><W10/><G10/><T109/><D114/><U30/><E49/><N who="0" m="18441" /><D68/><U24/><REACH who="1" step="1"/><E15/><REACH who="1" ten="265,241,237,237" step="2"/><V25/><F113/><W4/><G92/><T19/><D69/><U95/><E95/><V62/><F115/><W134/><G134/><T57/><D109/><U40/><E40/><V129/><F62/><W106/><G106/><T73/><D73/><U22/><E22/><V76/><F129/><W71/><G71/><T65/><D42/><U98/><E98/><V103/><F107/><W88/><G87/><T111/><D41/><U131/><E131/><V97/><F97/><W67/><G84/><T52/><D111/><U45/><E45/><V12/><F44/><W132/><G47/><T33/><D33/><U96/><E96/><V116/><F43/><RYUUKYOKU ba="1,2" sc="265,-10,241,30,237,-10,237,-10" hai1="2,3,11,14,23,24,30,46,48,54,79,80,85" /><INIT seed="3,2,2,2,5,6" ten="255,271,227,227" oya="3" hai0="104,14,129,123,35,24,68,93,54,126,113,79,85" hai1="13,67,83,117,3,81,124,77,90,36,28,70,84" hai2="38,133,4,94,60,5,131,45,111,110,87,53,33" hai3="57,12,47,23,127,92,50,102,30,62,27,32,52"/><W10/><G127/><T72/><D126/><U44/><E3/><V2/><F33/><W91/><G102/><T15/><D104/><U18/><E117/><V120/><F4/><N who="3" m="3143" /><G32/><T58/><D123/><U116/><E116/><V11/><F120/><W55/><G92/><T37/><D37/><U100/><E100/><V96/><F87/><W105/><G105/><T103/><D68/><U9/><E28/><V82/><F82/><W99/><G99/><N who="0" m="59887" /><D72/><U135/><E135/><V88/><F133/><W43/><G91/><T115/><D129/><U21/><E124/><V89/><F131/><W75/><G75/><T26/><D79/><U101/><E101/><V130/><F89/><W112/><G112/><N who="0" m="43083" /><D85/><U118/><E118/><V119/><F130/><W65/><AGARI ba="2,2" hai="23,27,30,43,47,50,52,55,57,62,65" m="3143" machi="65" ten="30,6000,0" yaku="8,1,52,1,54,1" doraHai="6" who="3" fromWho="3" sc="255,-22,271,-22,227,-22,227,86" /><INIT seed="3,3,0,0,5,99" ten="233,249,205,313" oya="3" hai0="87,38,109,19,41,1,125,60,90,92,105,46,35" hai1="71,76,129,3,123,70,80,8,81,37,64,73,131" hai2="25,91,29,130,96,108,36,119,111,79,135,116,66" hai3="50,110,67,45,65,2,84,12,103,126,128,16,132"/><W86/><G2/><T27/><D125/><U20/><E123/><V32/><F36/><W55/><G126/><T31/><D109/><U22/><E81/><V62/><F79/><W42/><G110/><N who="2" m="42025" /><F135/><W122/><G122/><T9/><D105/><U44/><E22/><V114/><F114/><W121/><G121/><T5/><D60/><U97/><E20/><V82/><F130/><N who="1" m="49673" /><E97/><V49/><F49/><N who="3" m="26807" /><G132/><T93/><REACH who="0" step="1"/><D19/><REACH who="0" ten="223,249,205,313" step="2"/><U57/><E70/><N who="2" m="42327" /><F119/><W43/><G128/><T7/><D7/><U100/><E71/><V95/><F116/><W83/><G67/><T134/><D134/><U53/><E37/><V39/><F39/><W61/><G65/><T14/><D14/><U74/><E64/><V24/><F24/><W18/><G61/><T78/><D78/><U47/><E3/><V85/><F25/><W33/><G12/><T4/><D4/><U117/><E117/><V106/><F106/><W23/><G18/><T54/><D54/><U6/><E6/><V40/><F40/><W56/><G43/><T101/><D101/><U127/><E100/><N who="2" m="60447" /><F32/><W120/><G33/><T94/><AGARI ba="3,1" hai="1,5,9,27,31,35,38,41,46,87,90,92,93,94" machi="94" ten="20,5200,0" yaku="1,1,0,1,7,1,53,1" doraHai="99" doraHaiUra="26" who="0" fromWho="0" sc="223,71,249,-16,205,-16,313,-29" /><INIT seed="4,0,0,2,4,0" ten="294,233,189,284" oya="0" hai0="109,49,134,55,67,124,41,81,75,101,95,82,43" hai1="26,116,102,14,107,111,93,123,12,122,65,119,15" hai2="22,120,100,35,79,126,20,4,76,7,60,83,46" hai3="73,99,86,25,5,80,125,18,84,131,72,127,133"/><T34/><D34/><U32/><E107/><V10/><F120/><N who="1" m="46121" /><E65/><V16/><F35/><W11/><G133/><T74/><D134/><U21/><E102/><V108/><F108/><W91/><G99/><T98/><D109/><U1/><E93/><V114/><F114/><W112/><G112/><T71/><D124/><N who="3" m="47689" /><G86/><T129/><D129/><U132/><E111/><V56/><F126/><W66/><G66/><T68/><D41/><U40/><E40/><V51/><F100/><W2/><G131/><T45/><D74/><U27/><E132/><V92/><F92/><W17/><G25/><N who="1" m="9226" /><E32/><V94/><F94/><W110/><G110/><T64/><D75/><AGARI ba="0,0" hai="2,5,11,17,18,72,73,75,80,84,91" m="47689" machi="75" ten="30,2000,0" yaku="18,1,52,1" doraHai="0" who="3" fromWho="0" sc="294,-20,233,0,189,0,284,20" /><INIT seed="5,0,0,3,2,117" ten="274,233,189,304" oya="1" hai0="101,42,40,69,121,14,65,61,107,18,123,26,130" hai1="1,85,113,0,129,98,10,15,82,41,43,7,68" hai2="133,74,78,12,125,86,22,23,63,17,126,122,51" hai3="115,132,109,3,59,131,4,128,11,90,21,55,27"/><U94/><E68/><V80/><F63/><W50/><G109/><T110/><D110/><U2/><E113/><V112/><F133/><W120/><G115/><T34/><D130/><N who="3" m="49705" /><G90/><T92/><D107/><U89/><REACH who="1" step="1"/><E129/><REACH who="1" ten="274,223,189,304" step="2"/><V20/><F112/><W88/><G132/><T99/><D34/><U83/><E83/><V38/><F122/><N who="0" m="46602" /><D26/><U91/><AGARI ba="0,1" hai="0,1,2,7,10,15,41,43,82,85,89,91,94,98" machi="91" ten="30,3000,0" yaku="1,1,0,1,53,0" doraHai="117" doraHaiUra="102" who="1" fromWho="1" sc="274,-10,223,40,189,-10,304,-10" /><INIT seed="5,1,0,4,3,20" ten="264,263,179,294" oya="1" hai0="73,68,114,27,43,77,69,33,123,71,88,126,102" hai1="19,108,75,129,55,64,34,42,53,11,72,100,13" hai2="113,58,67,17,5,132,111,92,89,122,103,93,60" hai3="85,83,86,2,104,124,79,84,121,48,29,1,3"/><U32/><E129/><V74/><F111/><W37/><G37/><T46/><D123/><U59/><E42/><V7/><F122/><W12/><G104/><T106/><D126/><U65/><E100/><V4/><F132/><W9/><G121/><T10/><D10/><U24/><E108/><V52/><F74/><W30/><G48/><T14/><D14/><U130/><E130/><V18/><F113/><W118/><G118/><T6/><D6/><U35/><E55/><V66/><F103/><W25/><G124/><T78/><D88/><U50/><E75/><V28/><F28/><W82/><G82/><T94/><D94/><U57/><E57/><V31/><F31/><W110/><G110/><T21/><D114/><U81/><E81/><V98/><F93/><W56/><G56/><T62/><D33/><U45/><E72/><V41/><F41/><W16/><REACH who="3" step="1"/><G30/><REACH who="3" ten="264,263,179,284" step="2"/><N who="0" m="17775" /><D106/><U115/><E115/><V90/><F90/><W133/><G133/><T23/><D71/><U105/><E105/><V128/><F128/><W26/><G26/><T109/><D69/><U119/><E119/><V101/><F101/><W70/><G70/><T97/><D68/><U47/><E24/><V91/><REACH who="2" step="1"/><F89/><REACH who="2" ten="264,263,169,284" step="2"/><W49/><G49/><T80/><D102/><U116/><E116/><V99/><F99/><W87/><G87/><T125/><D97/><U15/><E50/><V8/><F8/><W117/><G117/><T107/><D109/><U36/><E11/><V51/><F51/><W127/><G127/><T39/><D125/><U54/><E36/><V0/><F0/><W76/><G76/><RYUUKYOKU ba="1,2" sc="264,-15,263,-15,169,15,284,15" hai2="4,5,7,17,18,52,58,60,66,67,91,92,98" hai3="1,2,3,9,12,16,25,29,79,83,84,85,86" /><INIT seed="6,2,2,1,3,65" ten="249,248,184,299" oya="2" hai0="53,116,21,80,107,94,26,104,67,79,81,68,41" hai1="14,84,110,42,86,58,37,121,77,103,108,100,31" hai2="73,76,118,50,102,16,64,33,126,92,44,63,96" hai3="125,131,93,62,27,83,39,124,99,129,71,115,132"/><V120/><F118/><W130/><G39/><T117/><D41/><U30/><E121/><V20/><F120/><W78/><G27/><T90/><D53/><U34/><E37/><V2/><F2/><W85/><G71/><T22/><D67/><U134/><E42/><V17/><F33/><W105/><G62/><T88/><D26/><U28/><E34/><V35/><F35/><W13/><G13/><T72/><D94/><U48/><E14/><V89/><F126/><N who="3" m="48747" /><G105/><T56/><D56/><U91/><E77/><V87/><F76/><W8/><G8/><T23/><D23/><U101/><E134/><V38/><F38/><W127/><G127/><T7/><D79/><U60/><E48/><V55/><F73/><W45/><G45/><T114/><D72/><U5/><E5/><V29/><F29/><W3/><G3/><T119/><D119/><U10/><E10/><V82/><F20/><W15/><G15/><T112/><D7/><U123/><E123/><V75/><F75/><W25/><G25/><T32/><D32/><U133/><E133/><V98/><F98/><W51/><G51/><T122/><D122/><U11/><E11/><V49/><F49/><W135/><G115/><T54/><D54/><U12/><E12/><V109/><F109/><W128/><N who="3" m="32768" /><DORA hai="47" /><W6/><G6/><T97/><D97/><U46/><E46/><V0/><F0/><W52/><G52/><T1/><D1/><U57/><E60/><V18/><F17/><W9/><G9/><T70/><AGARI ba="2,2" hai="21,22,68,70,80,81,88,90,104,107,112,114,116,117" machi="70" ten="25,12000,2" yaku="0,1,22,2,52,2,54,1" doraHai="65,47" who="0" fromWho="0" sc="249,146,248,-32,184,-62,299,-32" /><INIT seed="7,0,0,4,5,81" ten="395,216,122,267" oya="3" hai0="66,49,46,63,97,6,24,53,78,83,113,112,61" hai1="19,26,42,50,89,2,67,69,45,20,129,39,33" hai2="124,86,18,90,1,0,85,94,119,117,126,38,115" hai3="84,88,57,68,133,74,7,62,3,51,22,104,134"/><W60/><G104/><T40/><D97/><U106/><E129/><V114/><F38/><W43/><G74/><N who="0" m="43479" /><D24/><U73/><E73/><V108/><F18/><W27/><G68/><T25/><D25/><U118/><E106/><V127/><F108/><W107/><G107/><T65/><D6/><U130/><E130/><V105/><F105/><W11/><G43/><T58/><D63/><U70/><E2/><V82/><F1/><W135/><G51/><T14/><D14/><U75/><E75/><V77/><F0/><W23/><G62/><T120/><D120/><U8/><E118/><AGARI ba="0,0" hai="77,82,85,86,90,94,114,115,117,118,119,124,126,127" machi="118" ten="50,12000,2" yaku="18,1,34,3,52,2" doraHai="81" who="2" fromWho="1" sc="395,0,216,-120,122,120,267,0" owari="395,49.0,96,-40.0,242,-16.0,267,7.0" /></mjloggm>