<mjloggm ver="2.3"><GO type="41" lobby="0"/><UN n0="%E5%B0%B1%E6%B4%BB%E7%94%9F%40%E5%B7%9D%E6%9D%91%E8%BB%8D%E5%9B%A3" n1="%50%49%59%4F%48%49%4B%4F" n2="%37%30%36%2D%31%31" n3="%52%61%70%68" dan="15,14,15,14" rate="1979.39,1883.50,1917.77,1934.32" sx="M,M,M,M"/><TAIKYOKU oya="0"/><INIT seed="0,0,0,4,2,79" ten="250,250,250,250" oya="0" hai0="81,22,63,55,110,14,4,33,2,85,29,0,78" hai1="28,94,35,80,21,1,103,52,3,24,89,106,16" hai2="72,76,116,58,132,90,53,135,120,93,112,71,36" hai3="50,105,87,113,56,6,92,99,46,82,23,131,98"/><T123/><D123/><U74/><E106/><V130/><F36/><W7/><G131/><T42/><D110/><U118/><E103/><V54/><F112/><W38/><G113/><T11/><D42/><U27/><E118/><V61/><F71/><W125/><G125/><T115/><D115/><U45/><E45/><V134/><F120/><W100/><G38/><T10/><D33/><U13/><E24/><V31/><F130/><W107/><G56/><T114/><D114/><U126/><E126/><V117/><F31/><W62/><G62/><T37/><D37/><U83/><E74/><V88/><F76/><W77/><G23/><T51/><D63/><U25/><E27/><V84/><F72/><W108/><G108/><T75/><D75/><U43/><E43/><V70/><F70/><W68/><G68/><T109/><D109/><U102/><E102/><V40/><F40/><W95/><G105/><T121/><D121/><U133/><E133/><V44/><F90/><W8/><G107/><T5/><D29/><U49/><E3/><V66/><F44/><W12/><G12/><T129/><D129/><U9/><E52/><AGARI ba="0,0" hai="52,53,54,58,61,66,84,88,93,116,117,132,134,135" machi="52" ten="50,6400,0" yaku="20,1,54,2" doraHai="79" who="2" fromWho="1" sc="250,0,250,-64,250,64,250,0" /><INIT seed="1,0,0,4,0,54" ten="250,186,314,250" oya="1" hai0="16,64,112,66,62,44,58,49,18,102,35,127,126" hai1="89,61,108,132,19,41,120,37,36,56,105,67,26" hai2="24,121,31,46,23,10,12,90,57,124,125,80,96" hai3="97,78,27,98,25,91,84,92,38,11,69,22,88"/><U45/><E132/><V60/><F121/><W53/><G38/><T3/><D3/><U29/><E120/><V135/><F46/><W87/><G69/><T116/><D35/><U72/><E105/><V55/><F135/><W86/><G78/><T73/><D73/><U81/><E19/><N who="0" m="7209" /><D112/><U94/><E108/><V50/><F10/><W129/><G129/><T119/><D102/><U104/><E104/><V2/><F2/><W21/><G11/><T1/><D66/><U106/><E106/><V9/><F9/><W28/><G53/><N who="0" m="29863" /><D1/><U115/><E115/><V110/><F12/><W20/><REACH who="3" step="1"/><G28/><REACH who="3" ten="250,186,314,240" step="2"/><T131/><D131/><U63/><E72/><V14/><F110/><W75/><G75/><T100/><D100/><U65/><E81/><V32/><F14/><W77/><G77/><T99/><D99/><U109/><E109/><V114/><F114/><W59/><G59/><T74/><D74/><U68/><E36/><V34/><F96/><W4/><G4/><T82/><D82/><U76/><E76/><V43/><F80/><W101/><G101/><T95/><D95/><AGARI ba="0,1" hai="20,21,22,25,27,84,86,87,88,91,92,95,97,98" machi="95" ten="40,8000,1" yaku="1,1,9,1,8,1,54,1,53,0" doraHai="54" doraHaiUra="40" who="3" fromWho="0" sc="250,-80,186,0,314,0,240,90" /><INIT seed="2,0,0,2,0,106" ten="170,186,314,330" oya="2" hai0="100,67,21,39,126,51,107,70,9,105,71,95,5" hai1="19,77,64,6,14,61,87,91,16,8,23,11,46" hai2="115,102,31,50,98,7,92,125,12,90,79,116,83" hai3="75,59,124,30,62,89,18,74,110,54,120,108,76"/><V0/><F0/><W52/><G120/><T113/><D39/><U2/><E77/><V41/><F116/><W73/><G124/><T123/><D123/><U133/><E46/><V134/><F31/><W26/><G18/><T104/><D126/><U66/><E133/><V53/><F41/><W112/><G112/><T111/><D113/><U44/><E44/><V45/><F134/><W72/><G89/><T68/><D111/><N who="3" m="42537" /><G54/><T47/><D21/><U42/><E42/><V36/><F36/><W35/><G72/><T94/><D67/><U99/><E99/><V80/><F115/><W17/><G17/><T22/><D22/><U131/><E131/><V24/><F24/><W65/><G65/><T69/><D100/><U13/><REACH who="1" step="1"/><E61/><REACH who="1" ten="170,176,314,330" step="2"/><V4/><F125/><W55/><G55/><T93/><N who="0" m="17920" /><DORA hai="117" /><T118/><D118/><U128/><E128/><V97/><F79/><AGARI ba="0,1" hai="26,30,35,52,59,62,73,74,75,76,79" m="42537" machi="79" ten="40,8000,1" yaku="14,1,52,3,54,1" doraHai="106,117" who="3" fromWho="2" sc="170,0,176,0,314,-80,330,90" /><INIT seed="3,0,0,5,2,11" ten="170,176,234,420" oya="3" hai0="57,94,62,5,34,113,41,105,72,2,60,135,27" hai1="92,56,85,114,63,28,9,121,132,120,81,51,111" hai2="66,4,82,95,24,58,122,119,104,13,131,77,32" hai3="7,78,74,38,124,112,37,3,128,98,96,35,30"/><W53/><G112/><T17/><D105/><U19/><E111/><V23/><F104/><W130/><G124/><T127/><D113/><U116/><E114/><V101/><F119/><W36/><G53/><T40/><D72/><U15/><E132/><V103/><F131/><N who="3" m="50219" /><G74/><T102/><D127/><U99/><E116/><V44/><F122/><W64/><G64/><T133/><D2/><U117/><E117/><V89/><F82/><W49/><G49/><T25/><D5/><U75/><E75/><V59/><F44/><W110/><G110/><T123/><D123/><U33/><E33/><V100/><F77/><W79/><G35/><T69/><D69/><U108/><E51/><V22/><F32/><W97/><G30/><T76/><D76/><N who="3" m="29225" /><G7/><T12/><D34/><U48/><E28/><V93/><F93/><W55/><G55/><T39/><D94/><U61/><E48/><V54/><F66/><W125/><G125/><T134/><D102/><U109/><E61/><N who="0" m="23657" /><D57/><U14/><E120/><V26/><F59/><W83/><G83/><T107/><D107/><U1/><E121/><V91/><F58/><W18/><G18/><T80/><D80/><U68/><E68/><V87/><F54/><W126/><G126/><T21/><D39/><U67/><E109/><V43/><F43/><AGARI ba="0,0" hai="12,17,21,25,27,40,41,43,133,134,135" m="23657" machi="43" ten="40,2600,0" yaku="20,1,52,1" doraHai="11" who="0" fromWho="2" sc="170,26,176,0,234,-26,420,0" /><INIT seed="4,0,0,3,1,30" ten="196,176,208,420" oya="0" hai0="10,34,90,61,96,12,53,44,106,48,94,98,134" hai1="9,18,40,64,132,66,17,49,8,73,39,31,55" hai2="22,114,113,82,54,78,63,16,79,91,109,38,14" hai3="45,118,93,24,120,25,37,72,15,99,133,35,119"/><T1/><D134/><U130/><E39/><V102/><F38/><W84/><G133/><T67/><D1/><U70/><E132/><V71/><F102/><W81/><G120/><T43/><D106/><U36/><E40/><V126/><F109/><W135/><G135/><T42/><D96/><U115/><E36/><V68/><F126/><W50/><G37/><T21/><D21/><U104/><E104/><V131/><F91/><W121/><G121/><T101/><D34/><U125/><E73/><V87/><F79/><W123/><G123/><T57/><REACH who="0" step="1"/><D90/><REACH who="0" ten="186,176,208,420" step="2"/><U75/><E125/><V74/><F131/><W4/><G35/><T128/><D128/><U97/><E130/><V51/><F74/><W11/><G72/><T107/><D107/><U56/><E97/><V88/><F78/><N who="3" m="46135" /><G118/><T124/><D124/><U52/><E75/><V33/><F33/><W65/><G119/><T46/><D46/><N who="1" m="27703" /><E31/><V112/><F63/><W100/><G45/><AGARI ba="0,1" hai="14,16,22,45,51,54,68,71,82,87,88,112,113,114" machi="45" ten="40,5200,0" yaku="15,1,54,2" doraHai="30" who="2" fromWho="3" sc="186,0,176,0,208,62,420,-52" /><INIT seed="5,0,0,3,3,69" ten="186,176,270,368" oya="1" hai0="15,24,97,82,126,50,98,120,38,30,72,88,63" hai1="116,77,9,59,113,51,61,106,18,1,124,27,117" hai2="29,37,5,109,134,0,114,43,99,103,53,104,102" hai3="90,70,39,4,83,123,17,94,93,122,62,25,127"/><U105/><E113/><V49/><F109/><W84/><G127/><T131/><D120/><U71/><E124/><V33/><F114/><W14/><G4/><T40/><D126/><U118/><E77/><V58/><F103/><W73/><G93/><T64/><D131/><U130/><E130/><V119/><F119/><W11/><G39/><T57/><D15/><U115/><E115/><V31/><F134/><W55/><G25/><T135/><D135/><U35/><E71/><V133/><F133/><W34/><G34/><T44/><D50/><U2/><E51/><V80/><F80/><W79/><REACH who="3" step="1"/><G55/><REACH who="3" ten="186,176,270,358" step="2"/><T76/><D88/><U68/><E106/><V110/><F110/><W19/><G19/><T85/><D72/><U13/><E105/><V100/><F33/><AGARI ba="0,1" hai="24,30,33,38,40,44,57,63,64,76,82,85,97,98" machi="33" ten="30,2000,0" yaku="7,1,52,1" doraHai="69" who="0" fromWho="2" sc="186,30,176,0,270,-20,358,0" /><INIT seed="6,0,0,1,5,70" ten="216,176,250,358" oya="2" hai0="7,119,22,125,50,95,76,19,66,84,56,2,116" hai1="131,37,91,93,68,90,77,75,26,96,6,9,11" hai2="43,127,16,34,8,17,69,121,10,5,42,118,82" hai3="81,98,55,71,78,53,58,52,107,23,134,51,49"/><V103/><F121/><W24/><G71/><T104/><D104/><U63/><E131/><V45/><F34/><W35/><G35/><T106/><D106/><U92/><E75/><V86/><F103/><W65/><G134/><T30/><D125/><U3/><E77/><V83/><F69/><W108/><G108/><T124/><D124/><U4/><E26/><V114/><F118/><N who="0" m="45098" /><D30/><U126/><E126/><V101/><F101/><W54/><G107/><T72/><D7/><U115/><E115/><V99/><F99/><W12/><G98/><T39/><D2/><U113/><E113/><V67/><F67/><W31/><G12/><T25/><D72/><U14/><E63/><V133/><F133/><W73/><G55/><N who="0" m="31863" /><D66/><U61/><E61/><V15/><F127/><W120/><G120/><T135/><D135/><U88/><E68/><V27/><F114/><W46/><REACH who="3" step="1"/><G65/><REACH who="3" ten="216,176,250,348" step="2"/><T94/><D39/><U79/><E96/><V123/><F123/><W32/><G32/><T59/><D59/><U62/><E79/><V29/><F5/><W60/><G60/><T1/><D1/><U87/><E62/><V110/><F110/><W33/><G33/><T85/><D76/><U130/><E130/><V41/><F8/><W129/><G129/><T105/><D105/><U117/><E117/><V13/><F15/><W97/><G97/><T57/><D57/><U122/><E122/><V112/><F112/><W89/><G89/><T102/><D102/><U128/><E128/><V20/><F10/><W111/><G111/><T38/><D38/><U18/><E11/><V109/><F109/><RYUUKYOKU ba="0,1" sc="216,15,176,-15,250,-15,348,15" hai0="19,22,25,84,85,94,95" hai3="23,24,31,46,49,51,52,53,54,58,73,78,81" /><INIT seed="7,1,1,3,2,50" ten="231,161,235,363" oya="3" hai0="14,37,8,105,48,76,89,100,40,11,55,51,24" hai1="15,38,59,3,25,82,115,66,9,94,104,67,21" hai2="41,53,52,62,26,130,95,133,74,127,29,108,43" hai3="28,34,124,60,113,129,10,126,98,134,65,36,31"/><W99/><G113/><T114/><D37/><U132/><E115/><V61/><F74/><W135/><G36/><T0/><D0/><U85/><E104/><V78/><F108/><W102/><G10/><T119/><D119/><U64/><E38/><V93/><F78/><W13/><G13/><T54/><D114/><U128/><E3/><V121/><F133/><N who="3" m="50699" /><G34/><T116/><D116/><U2/><E132/><V72/><F72/><W120/><G120/><T70/><D70/><U58/><E2/><V1/><F1/><W4/><G4/><T80/><D40/><U84/><E94/><V109/><F109/><W5/><G5/><T81/><D24/><U79/><E85/><V68/><F130/><W17/><G17/><T110/><D110/><U106/><E106/><V18/><F127/><N who="3" m="48683" /><G129/><T71/><D14/><U33/><E33/><V117/><F121/><W45/><G45/><T12/><D12/><U73/><E73/><V69/><F18/><W107/><G99/><T7/><D71/><AGARI ba="1,1" hai="28,31,60,65,71,98,102,107" m="48683,50699" machi="71" ten="30,2900,0" yaku="20,1,18,1" doraHai="50" who="3" fromWho="0" sc="231,-32,161,0,235,0,363,42" owari="199,-20.0,161,-34.0,235,4.0,405,50.0" /></mjloggm>