<mjloggm ver="2.3"><GO type="97" lobby="0"/><UN n0="%E9%89%84%E7%AD%8B" n1="%E5%B7%9D%E6%9D%91%E8%BB%8D%E5%9B%A3%E8%BB%8D%E6%9D%91%E5%B7%9D" n2="%42%E3%81%AE%E9%8C%A0" n3="%E5%B0%B1%E6%B4%BB%E7%94%9F%40%E5%B7%9D%E6%9D%91%E8%BB%8D%E5%9B%A3" dan="15,14,14,15" rate="1985.12,1936.93,1894.43,2000.05" sx="M,F,F,M"/><TAIKYOKU oya="0"/><INIT seed="0,0,0,3,1,26" ten="250,250,250,250" oya="0" hai0="85,86,2,61,110,118,28,119,120,135,37,4,33" hai1="42,70,74,31,83,23,98,115,68,22,122,106,124" hai2="12,126,53,127,56,25,6,10,41,82,14,125,107" hai3="114,47,112,72,20,79,81,113,100,7,76,92,38"/><T66/><D120/><U87/><E74/><V69/><F69/><W46/><G76/><T96/><D86/><U44/><E122/><V103/><F41/><W94/><G7/><T19/><D19/><U48/><E115/><V128/><F128/><W88/><G38/><T50/><D50/><U45/><E124/><V30/><F82/><W0/><G0/><T11/><D85/><U75/><E75/><V117/><F117/><W1/><G1/><T15/><D15/><U63/><E106/><V52/><F14/><W109/><G109/><T51/><D51/><U64/><E70/><V84/><F84/><W8/><G8/><T13/><D13/><U77/><E98/><N who="2" m="61943" /><F56/><W65/><G65/><T99/><D37/><U58/><E31/><V105/><F105/><W121/><G121/><T21/><D21/><AGARI ba="0,0" hai="6,10,12,21,25,30,52,53,125,126,127" m="61943" machi="21" ten="30,3900,0" yaku="18,1,52,1,54,1" doraHai="26" who="2" fromWho="0" sc="250,-39,250,0,250,39,250,0" /><INIT seed="1,0,0,1,1,38" ten="211,250,289,250" oya="1" hai0="111,57,130,30,120,20,10,100,80,132,135,110,118" hai1="21,31,65,61,35,127,128,63,114,129,74,94,116" hai2="103,69,105,49,48,71,87,99,2,89,39,70,18" hai3="96,109,23,3,16,112,14,59,123,27,66,45,83"/><U64/><E116/><V91/><F39/><W46/><G3/><T119/><D100/><U19/><E114/><V53/><F2/><W68/><G112/><T40/><D80/><U12/><E74/><V133/><F133/><N who="0" m="51274" /><D10/><U8/><E94/><V125/><F125/><W36/><G123/><T60/><D30/><U29/><E127/><V32/><F32/><W50/><G109/><N who="0" m="41483" /><D20/><U102/><E102/><V54/><F18/><W62/><G96/><T52/><D130/><N who="1" m="50283" /><E35/><V115/><F115/><W95/><G95/><T122/><D40/><U85/><E85/><V15/><F15/><W43/><G83/><T0/><D0/><U78/><E78/><V101/><F101/><W88/><G88/><T6/><D6/><U28/><E8/><V17/><F17/><W25/><G68/><T9/><D9/><U93/><E93/><V86/><F91/><W67/><G67/><AGARI ba="0,0" hai="12,19,21,28,29,31,61,63,64,65,67" m="50283" machi="67" ten="30,1500,0" yaku="19,1" doraHai="38" who="1" fromWho="3" sc="211,0,250,15,289,0,250,-15" /><INIT seed="1,1,0,5,4,46" ten="211,265,289,235" oya="1" hai0="25,48,31,74,2,52,9,120,21,66,36,104,101" hai1="19,42,53,6,69,4,20,127,122,133,38,23,78" hai2="30,1,84,110,134,126,32,80,128,15,132,29,70" hai3="11,16,93,113,91,45,123,63,10,54,81,107,114"/><U121/><E69/><V27/><F70/><W60/><G107/><T71/><D36/><U26/><E133/><N who="2" m="51307" /><F1/><W99/><G123/><T17/><D74/><U124/><E78/><V5/><F110/><W108/><G108/><T72/><D72/><U89/><E89/><N who="2" m="51335" /><F128/><W98/><G114/><T14/><D120/><N who="1" m="46187" /><E53/><V68/><F68/><W58/><G113/><T119/><D119/><U118/><E118/><V61/><F61/><W7/><G63/><T73/><D73/><U22/><E42/><V92/><F30/><W86/><G45/><T33/><D66/><U37/><E38/><V131/><F131/><W87/><G11/><T3/><D71/><U59/><E59/><V44/><F92/><W135/><G135/><T24/><D104/><U115/><E37/><V28/><F29/><W56/><G56/><T67/><D101/><U116/><E115/><V102/><F102/><W97/><G16/><T12/><D67/><U109/><E116/><V76/><F76/><W112/><G112/><T0/><REACH who="0" step="1"/><D9/><REACH who="0" ten="201,265,289,235" step="2"/><U65/><E65/><V83/><F126/><N who="1" m="48169" /><E109/><V77/><F77/><N who="3" m="46383" /><G10/><T111/><D111/><U62/><E62/><V57/><F83/><N who="3" m="49663" /><G7/><AGARI ba="1,1" hai="4,6,7,19,20,22,23,26" m="48169,46187" machi="7" ten="30,5800,0" yaku="18,1,34,2" doraHai="46" who="1" fromWho="3" sc="201,0,265,71,289,0,235,-61" /><INIT seed="1,2,0,2,0,121" ten="201,336,289,174" oya="1" hai0="120,81,72,106,134,91,99,13,60,63,53,64,39" hai1="47,133,59,116,27,104,86,10,58,95,83,25,48" hai2="43,108,87,122,70,36,37,35,90,111,61,67,46" hai3="18,124,3,65,77,96,55,20,28,74,4,26,117"/><U17/><E116/><V33/><F122/><W50/><G117/><T68/><D120/><U119/><E119/><V127/><F36/><W71/><G124/><T29/><D134/><U11/><E104/><V44/><F46/><W1/><G74/><T76/><D39/><U84/><E133/><V54/><F54/><W118/><G118/><T88/><D29/><U97/><E17/><V79/><F79/><W16/><G77/><T101/><REACH who="0" step="1"/><D13/><REACH who="0" ten="191,336,289,174" step="2"/><U56/><E83/><N who="2" m="49535" /><F127/><W109/><G109/><AGARI ba="2,1" hai="33,35,37,43,44,61,67,70,108,109,111" m="49535" machi="109" ten="30,7700,0" yaku="14,1,52,3" doraHai="121" who="2" fromWho="3" sc="191,0,336,0,289,93,174,-83" /><INIT seed="2,0,0,5,0,30" ten="191,336,382,91" oya="2" hai0="13,34,8,121,42,135,0,72,86,82,67,94,49" hai1="69,120,55,40,60,128,3,11,131,84,129,103,1" hai2="66,23,6,15,50,80,43,31,96,75,102,29,52" hai3="47,19,71,116,18,117,70,108,16,62,65,93,122"/><V132/><F43/><W38/><G122/><T125/><D121/><U130/><E120/><V74/><F66/><W61/><G108/><T91/><D0/><N who="1" m="75" /><E40/><V81/><F132/><W134/><G134/><T46/><D135/><U57/><E69/><V32/><F31/><W2/><G2/><T118/><D118/><U59/><E103/><V85/><F80/><W87/><G38/><T12/><D12/><U89/><E131/><V106/><F6/><W51/><G93/><T104/><D104/><U20/><E11/><V77/><F32/><W68/><G87/><T63/><D34/><U35/><E20/><V78/><F77/><W54/><REACH who="3" step="1"/><G65/><REACH who="3" ten="191,336,382,81" step="2"/><T26/><D94/><U73/><E84/><V83/><F85/><W107/><G107/><T115/><D72/><U39/><E39/><V127/><F106/><W112/><G112/><T22/><D115/><U33/><E73/><V56/><F75/><W7/><G7/><T17/><D125/><U110/><E110/><V123/><F127/><W44/><G44/><T10/><REACH who="0" step="1"/><D26/><REACH who="0" ten="181,336,382,81" step="2"/><U53/><E89/><V113/><F74/><W25/><G25/><T27/><D27/><U92/><E92/><V90/><F113/><W58/><G58/><AGARI ba="0,2" hai="8,10,13,17,22,42,46,49,58,63,67,82,86,91" machi="58" ten="30,7700,0" yaku="1,1,7,1,8,1,53,1" doraHai="30" doraHaiUra="37" who="0" fromWho="3" sc="181,97,336,0,382,0,81,-77" /><INIT seed="3,0,0,3,5,84" ten="278,336,382,4" oya="3" hai0="46,101,41,86,2,55,64,68,30,17,128,132,75" hai1="69,110,10,112,85,109,116,120,33,0,119,77,65" hai2="60,133,58,38,100,124,21,11,61,134,27,90,82" hai3="130,80,36,67,63,66,59,135,28,45,19,40,92"/><W105/><G105/><T91/><D75/><U108/><E120/><V34/><F34/><W94/><G130/><T74/><D74/><U98/><E98/><V16/><F38/><W18/><G135/><N who="2" m="51721" /><F100/><W71/><G28/><T126/><D126/><U125/><E125/><V26/><F11/><W115/><G115/><T20/><D2/><U1/><E33/><V49/><F124/><W44/><G80/><T31/><D128/><U57/><E10/><V76/><F90/><W42/><G92/><T111/><D101/><U50/><E112/><V13/><F49/><N who="3" m="26759" /><G94/><T99/><D99/><U54/><E77/><V118/><F118/><N who="1" m="45097" /><E85/><N who="2" m="48327" /><F61/><AGARI ba="0,0" hai="0,1,50,54,57,61,65,69,108,109,110" m="45097" machi="61" ten="40,2600,0" yaku="14,1,12,1" doraHai="84" who="1" fromWho="2" sc="278,0,336,26,382,-26,4,0" owari="278,-12.0,362,46.0,356,16.0,4,-50.0" /></mjloggm>