<mjloggm ver="2.3"><GO type="41" lobby="0"/><UN n0="%E5%B0%B1%E6%B4%BB%E7%94%9F%40%E5%B7%9D%E6%9D%91%E8%BB%8D%E5%9B%A3" n1="%EF%BC%B7%EF%BD%81%EF%BD%8C%EF%BD%8C%EF%BD%99" n2="%E3%81%B6%E3%81%B2%E3%81%B2%EF%BD%97%EF%BD%97" n3="%66%6B%69%74%61" dan="17,15,13,14" rate="2154.61,2100.18,1833.33,1968.96" sx="M,M,M,M"/><TAIKYOKU oya="0"/><INIT seed="0,0,0,3,3,34" ten="250,250,250,250" oya="0" hai0="21,124,57,82,59,30,49,61,16,135,45,77,108" hai1="20,121,127,119,42,35,41,89,7,43,129,113,101" hai2="115,64,110,116,46,123,29,134,66,131,88,73,100" hai3="10,40,3,84,36,90,51,87,102,27,12,75,26"/><T95/><D124/><U54/><E35/><V79/><F123/><W106/><G75/><T15/><D135/><U28/><E119/><V128/><F115/><W60/><G36/><T85/><D108/><U94/><E121/><V38/><F110/><W130/><G60/><T47/><D30/><U122/><E122/><V104/><F134/><W23/><G130/><T126/><D126/><U19/><E28/><V70/><F116/><W133/><G133/><T92/><D47/><U80/><E129/><N who="2" m="49739" /><F29/><W74/><G74/><T105/><D105/><U76/><E127/><V48/><F38/><W56/><G106/><T103/><D103/><U33/><E33/><V120/><F70/><W68/><G102/><T17/><D17/><U125/><E101/><V96/><F120/><W1/><G68/><T65/><REACH who="0" step="1"/><D59/><REACH who="0" ten="240,250,250,250" step="2"/><U91/><E125/><V31/><F31/><W118/><G118/><T86/><D86/><N who="1" m="48391" /><E113/><V53/><F73/><W112/><G87/><T18/><D18/><U24/><E7/><V13/><F79/><W107/><G107/><T22/><D22/><U117/><E117/><V55/><F104/><W97/><G112/><T8/><D8/><U111/><E111/><V72/><F100/><W5/><G56/><T11/><D11/><U0/><E19/><V69/><F72/><W109/><G109/><T37/><D37/><U58/><E20/><V98/><F46/><W81/><G23/><T132/><D132/><U2/><E58/><V62/><F69/><W93/><G26/><T52/><AGARI ba="0,1" hai="15,16,21,45,49,52,57,61,65,77,82,85,92,95" machi="52" ten="20,18000,2" yaku="1,1,0,1,7,1,8,1,54,2,53,0" doraHai="34" doraHaiUra="114" who="0" fromWho="0" sc="240,190,250,-60,250,-60,250,-60" /><INIT seed="0,1,0,5,4,120" ten="430,190,190,190" oya="0" hai0="61,60,76,69,113,75,46,0,4,102,45,62,98" hai1="135,28,38,9,79,31,95,22,21,122,80,35,117" hai2="91,67,53,27,82,73,34,88,17,32,123,1,65" hai3="101,130,86,2,115,66,100,19,18,24,99,51,85"/><T42/><D113/><U72/><E38/><V89/><F123/><W13/><G2/><T106/><D46/><U110/><E122/><V23/><F1/><W52/><G115/><T7/><D69/><U121/><E121/><V43/><F43/><W126/><G66/><T26/><D26/><U50/><E117/><V49/><F73/><W81/><G130/><T125/><D125/><U74/><E74/><V90/><F32/><W33/><G126/><T3/><D7/><U77/><E77/><V37/><F37/><W107/><G100/><T10/><D0/><U97/><E135/><V25/><F34/><W29/><G19/><T54/><D54/><U20/><E35/><V109/><F109/><W118/><G81/><T44/><D44/><U134/><E134/><V84/><REACH who="2" step="1"/><F27/><REACH who="2" ten="430,190,180,190" step="2"/><W40/><G40/><T48/><D75/><U41/><E110/><V8/><F8/><W105/><G118/><T63/><D10/><U78/><E9/><V128/><F128/><W57/><G107/><T55/><D3/><U132/><E132/><V71/><F71/><W68/><G68/><T127/><D106/><U108/><E108/><V133/><F133/><W39/><G39/><T14/><D127/><U11/><E11/><AGARI ba="1,1" hai="11,13,18,24,29,33,51,52,57,85,86,99,101,105" machi="11" ten="30,2000,0" yaku="7,1,54,1" doraHai="120" who="3" fromWho="1" sc="430,0,190,-23,180,0,190,33" /><INIT seed="1,0,0,3,1,87" ten="430,167,180,223" oya="1" hai0="102,18,73,58,116,104,16,4,32,19,96,111,131" hai1="121,46,94,107,88,3,108,54,118,37,80,11,48" hai2="7,2,69,77,12,13,68,65,105,109,31,133,9" hai3="83,98,28,92,49,130,52,62,56,21,20,40,75"/><U59/><E107/><V29/><F109/><W103/><G130/><T27/><D111/><U117/><E108/><V122/><F122/><W36/><G36/><T51/><D131/><U99/><E121/><V97/><F133/><W41/><G75/><T127/><D127/><U50/><E37/><V43/><F77/><W24/><G83/><T81/><D116/><U57/><E80/><V53/><F43/><W93/><G21/><T0/><D0/><U47/><E3/><V95/><F105/><W114/><G114/><T134/><D134/><U128/><E128/><V64/><F53/><W90/><G49/><T33/><D4/><U124/><E124/><V10/><F2/><W86/><AGARI ba="0,0" hai="20,24,28,40,41,52,56,62,86,90,92,93,98,103" machi="86" ten="20,8000,1" yaku="0,1,7,1,8,1,52,1,54,1" doraHai="87" who="3" fromWho="3" sc="430,-20,167,-40,180,-20,223,80" /><INIT seed="2,0,0,4,4,65" ten="410,127,160,303" oya="2" hai0="50,80,46,44,121,47,3,77,115,38,62,72,116" hai1="1,112,129,107,98,51,37,128,10,25,131,57,66" hai2="43,49,23,16,34,88,86,70,11,6,12,28,85" hai3="61,104,74,68,21,5,105,97,41,53,27,79,87"/><V33/><F85/><W22/><G5/><T113/><D121/><U135/><E112/><V13/><F28/><W54/><G41/><T122/><D122/><U120/><E37/><V60/><F43/><W40/><G40/><T84/><D116/><U75/><E120/><V130/><F130/><W7/><G7/><T127/><D127/><U91/><E75/><V119/><F119/><W64/><G74/><T31/><D38/><U101/><E135/><V30/><F30/><W133/><G133/><T73/><D3/><U111/><E111/><V39/><F49/><W9/><G9/><T0/><D0/><U117/><E117/><V4/><F4/><W93/><G21/><T123/><D123/><U89/><E1/><V17/><F6/><W48/><G53/><T35/><D35/><U32/><E10/><V114/><F39/><W67/><G67/><T132/><D31/><N who="1" m="19567" /><E66/><V69/><F60/><W45/><G87/><T81/><D132/><U24/><E24/><V52/><F114/><W36/><G79/><T125/><D125/><U108/><E108/><V26/><F34/><W134/><G134/><T56/><D50/><U76/><E76/><V59/><F33/><W99/><G99/><T19/><D19/><U55/><AGARI ba="0,0" hai="51,55,57,89,91,98,101,107,128,129,131" m="19567" machi="55" ten="40,1500,0" yaku="19,1" doraHai="65" who="1" fromWho="1" sc="410,-4,127,15,160,-7,303,-4" /><INIT seed="3,0,0,5,5,125" ten="406,142,153,299" oya="3" hai0="95,118,68,103,70,94,4,109,18,12,52,113,46" hai1="77,124,32,49,67,9,56,34,22,5,21,64,72" hai2="128,78,43,131,110,29,73,57,7,93,120,81,84" hai3="74,129,45,119,96,108,30,6,79,112,55,92,66"/><W115/><G119/><T41/><D118/><U71/><E71/><V44/><F110/><W40/><G30/><T37/><D109/><U16/><E124/><V116/><F116/><W39/><G6/><T17/><D113/><U90/><E72/><V35/><F120/><W28/><G108/><T135/><D135/><U83/><E90/><V63/><F7/><W65/><G28/><T36/><D36/><U61/><E67/><V117/><F117/><W48/><G112/><T123/><D123/><U106/><E106/><V101/><F29/><W15/><G15/><T69/><D4/><U126/><E22/><V80/><F35/><W99/><G115/><T60/><D103/><U75/><E49/><V8/><F8/><W33/><G99/><T1/><D1/><U122/><E126/><V91/><F101/><W47/><G33/><T53/><D17/><U82/><E82/><V23/><F23/><W27/><G27/><T87/><D87/><U59/><E59/><V133/><F133/><W100/><G129/><N who="2" m="49737" /><F80/><W20/><REACH who="3" step="1"/><G20/><REACH who="3" ten="406,142,153,289" step="2"/><T104/><D104/><U76/><E122/><V42/><F44/><W127/><G127/><T50/><D12/><U58/><E32/><V14/><F14/><W51/><G51/><T121/><D121/><U111/><E34/><V107/><F107/><W54/><G54/><AGARI ba="0,1" hai="42,43,54,57,63,73,78,81,84,91,93" m="49737" machi="54" ten="30,7700,0" yaku="19,1,52,3" doraHai="125" who="2" fromWho="3" sc="406,0,142,0,153,87,289,-77" /><INIT seed="4,0,0,5,1,4" ten="406,142,240,212" oya="0" hai0="108,43,102,132,20,40,48,34,16,76,57,70,78" hai1="6,56,42,8,49,69,111,115,101,128,55,75,109" hai2="0,31,36,104,39,25,72,116,80,37,67,59,106" hai3="24,92,7,64,87,5,58,103,94,38,28,96,97"/><T131/><D34/><U3/><E69/><V127/><F0/><W113/><G38/><T79/><D70/><U26/><E128/><V130/><F130/><W99/><G113/><T117/><D117/><U84/><E115/><V121/><F121/><W60/><G87/><T119/><D119/><U86/><E75/><V51/><F116/><W91/><REACH who="3" step="1"/><G97/><REACH who="3" ten="406,142,240,202" step="2"/><T15/><D131/><U1/><E86/><V44/><F127/><W124/><G124/><T46/><D132/><U118/><E118/><V19/><F36/><W35/><AGARI ba="0,1" hai="5,7,24,28,35,58,60,64,91,92,94,96,99,103" machi="35" ten="20,2700,0" yaku="1,1,0,1,7,1,53,0" doraHai="4" doraHaiUra="74" who="3" fromWho="3" sc="406,-13,142,-7,240,-7,202,37" /><INIT seed="5,0,0,3,4,17" ten="393,135,233,239" oya="1" hai0="113,61,13,99,51,73,74,10,63,9,69,2,16" hai1="60,25,81,35,104,62,27,80,134,4,107,71,30" hai2="21,100,85,48,68,112,33,46,78,22,64,121,43" hai3="52,36,45,82,19,20,41,5,123,109,37,135,130"/><U50/><E4/><V3/><F121/><W92/><G109/><T44/><D113/><U93/><E50/><V87/><F33/><W89/><G123/><T128/><D128/><U94/><E71/><V8/><F112/><W110/><G130/><T59/><D69/><U120/><E120/><V105/><F100/><W54/><G135/><T72/><D99/><U26/><E26/><V23/><F105/><W66/><G82/><T18/><D59/><U129/><E129/><V34/><F34/><W12/><G37/><T75/><D75/><U7/><E7/><V0/><F8/><W127/><G127/><T84/><D84/><U116/><E35/><V83/><REACH who="2" step="1"/><F87/><REACH who="2" ten="393,135,223,239" step="2"/><W96/><G110/><T58/><D73/><U111/><E111/><V56/><F56/><W24/><G66/><T57/><D72/><U131/><E131/><V114/><F114/><W28/><REACH who="3" step="1"/><G5/><REACH who="3" ten="393,135,223,229" step="2"/><T15/><D74/><U38/><E134/><V117/><F117/><W6/><G6/><T47/><D2/><U118/><REACH who="1" step="1"/><E38/><REACH who="1" ten="393,125,223,229" step="2"/><V126/><F126/><W86/><G86/><T55/><D61/><AGARI ba="0,3" hai="0,3,21,22,23,43,46,48,61,64,68,78,83,85" machi="61" ten="40,8000,1" yaku="1,1,52,3,53,0" doraHai="17" doraHaiUra="133" who="2" fromWho="0" sc="393,-80,125,0,223,110,229,0" /><INIT seed="6,0,0,3,4,108" ten="313,125,333,229" oya="2" hai0="36,102,128,126,40,95,103,27,23,90,85,110,82" hai1="2,21,120,38,87,66,79,54,127,41,63,32,31" hai2="26,29,113,83,100,25,1,96,43,69,71,129,7" hai3="33,72,130,73,59,15,8,50,20,75,57,65,17"/><V91/><F129/><W51/><G130/><T123/><D128/><U93/><E2/><V5/><F113/><W45/><G33/><T67/><D110/><U11/><E32/><V70/><F43/><W98/><G98/><T122/><D126/><U56/><E120/><V35/><F1/><W81/><G81/><T131/><D131/><U121/><E121/><V111/><F111/><W64/><G20/><T61/><D40/><U104/><E127/><V133/><F25/><W115/><G115/><T24/><D36/><U80/><E104/><V34/><F34/><W6/><G6/><T134/><D134/><U101/><E38/><V88/><F133/><W107/><G107/><T74/><D27/><U118/><E118/><V114/><F114/><W132/><G132/><T46/><D46/><U53/><E41/><V78/><F5/><W49/><REACH who="3" step="1"/><G45/><REACH who="3" ten="313,125,333,219" step="2"/><T124/><D124/><U28/><E11/><V77/><F77/><W99/><G99/><T116/><D116/><U39/><E39/><V68/><F78/><W16/><G16/><T105/><D122/><U9/><E9/><V62/><F83/><W97/><G97/><T76/><D123/><U52/><E21/><V22/><F7/><W13/><G13/><T86/><D105/><U42/><E42/><V92/><REACH who="2" step="1"/><F35/><REACH who="2" ten="313,125,323,219" step="2"/><W58/><AGARI ba="0,2" hai="8,15,17,49,50,51,57,58,59,64,65,72,73,75" machi="58" ten="40,8000,1" yaku="1,1,0,1,29,2,53,0" doraHai="108" doraHaiUra="30" who="3" fromWho="3" sc="313,-20,125,-20,323,-40,219,100" /><INIT seed="7,0,0,1,0,1" ten="293,105,283,319" oya="3" hai0="42,103,81,104,124,0,12,28,82,50,60,83,87" hai1="61,120,31,129,72,76,125,118,30,53,8,100,55" hai2="57,36,10,20,59,35,43,97,4,32,102,24,108" hai3="37,110,64,23,130,29,68,7,71,48,25,26,127"/><W113/><G37/><T44/><D0/><U135/><E120/><V121/><F121/><W101/><G101/><T2/><D2/><U77/><E118/><V111/><F108/><W85/><G110/><T115/><D124/><U134/><E100/><V109/><F111/><W52/><G127/><T15/><D115/><U75/><E125/><V33/><F109/><W38/><G113/><T6/><D28/><U119/><E119/><V65/><F43/><W22/><G38/><T107/><D103/><U92/><E92/><V80/><F36/><W5/><G130/><T90/><D107/><U73/><E8/><V46/><F46/><W54/><G85/><T123/><D104/><U51/><E51/><V131/><F80/><W19/><G64/><T88/><D123/><U66/><E66/><V98/><F131/><W58/><REACH who="3" step="1"/><G54/><REACH who="3" ten="293,105,283,309" step="2"/><N who="1" m="20490" /><E129/><V74/><F65/><W34/><G34/><T89/><D87/><U69/><E69/><AGARI ba="0,1" hai="5,7,19,22,23,25,26,29,48,52,58,68,69,71" machi="69" ten="40,12000,1" yaku="1,1,52,2,54,1,53,0" doraHai="1" doraHaiUra="40" who="3" fromWho="1" sc="293,0,105,-120,283,0,309,130" owari="293,9.0,-15,-52.0,283,-12.0,439,55.0" /></mjloggm>