<mjloggm ver="2.3"><GO type="97" lobby="0"/><UN n0="%E8%92%BC%E6%9C%88%E6%BD%AE" n1="%E5%B0%B1%E6%B4%BB%E7%94%9F%40%E5%B7%9D%E6%9D%91%E8%BB%8D%E5%9B%A3" n2="%E6%A1%83%E6%9E%9D%E7%B5%B5%E7%95%99%E3%80%85" n3="%E6%98%A5%E9%A2%A8%E9%80%81%E7%A6%8F" dan="14,15,13,13" rate="1960.73,2025.33,1884.77,1850.67" sx="M,M,F,M"/><TAIKYOKU oya="0"/><INIT seed="0,0,0,2,1,52" ten="250,250,250,250" oya="0" hai0="53,123,89,68,96,74,135,132,121,107,44,83,111" hai1="59,75,133,113,40,72,49,56,94,29,7,21,46" hai2="116,85,11,127,109,16,23,64,12,88,104,17,105" hai3="30,92,13,67,126,20,48,51,22,2,9,39,69"/><T115/><D68/><U42/><E113/><V87/><F116/><W19/><G39/><T79/><D115/><U35/><E35/><V101/><F109/><W77/><G126/><T62/><D111/><U102/><E133/><N who="0" m="51273" /><D44/><U60/><E7/><V5/><F127/><W78/><G69/><T31/><D31/><U118/><E118/><V112/><F112/><W91/><G67/><T1/><D1/><U103/><E72/><V122/><F122/><N who="0" m="46602" /><D53/><N who="1" m="33807" /><E75/><V63/><F17/><W6/><G22/><T120/><D62/><U70/><E70/><V131/><F131/><W100/><G100/><N who="1" m="38442" /><E94/><V61/><F87/><W0/><G2/><T33/><D33/><U106/><E106/><V18/><F18/><W95/><G30/><T8/><D120/><U98/><E98/><V36/><F104/><W50/><REACH who="3" step="1"/><G95/><REACH who="3" ten="250,250,250,240" step="2"/><N who="0" m="56431" /><D8/><U114/><E114/><V124/><F105/><AGARI ba="0,1" hai="74,79,83,105,107" m="56431,46602,51273" machi="105" ten="30,5800,0" yaku="20,1,34,2" doraHai="52" who="0" fromWho="2" sc="250,68,250,0,250,-58,240,0" /><INIT seed="0,1,0,4,5,127" ten="318,250,192,240" oya="0" hai0="92,13,16,69,5,94,7,58,47,51,46,83,90" hai1="25,103,2,131,1,104,77,121,84,124,21,100,74" hai2="117,44,97,116,43,45,39,24,114,12,20,48,15" hai3="133,61,32,76,109,4,11,35,66,65,64,68,108"/><T85/><D69/><U0/><E121/><V56/><F114/><W86/><G133/><T10/><D58/><U75/><E124/><V55/><F97/><W59/><G76/><T79/><D92/><U102/><E104/><V135/><F135/><W29/><G86/><T73/><REACH who="0" step="1"/><D46/><REACH who="0" ten="308,250,192,240" step="2"/><U80/><REACH who="1" step="1"/><E131/><REACH who="1" ten="308,240,192,240" step="2"/><V130/><F130/><W112/><G112/><T36/><D36/><U120/><E120/><V30/><REACH who="2" step="1"/><F45/><REACH who="2" ten="308,240,182,240" step="2"/><W98/><G108/><T107/><D107/><U101/><N who="1" m="26112" /><DORA hai="106" /><U105/><E105/><V60/><F60/><W89/><G109/><T3/><D3/><U22/><E22/><V53/><F53/><AGARI ba="1,3" hai="5,7,10,13,16,47,51,53,73,79,83,85,90,94" machi="53" ten="30,18000,2" yaku="1,1,7,1,52,1,54,1,53,2" doraHai="127,106" doraHaiUra="9,49" who="0" fromWho="2" sc="308,213,240,0,182,-183,240,0" owari="521,62.0,240,4.0,-1,-50.0,240,-16.0" /></mjloggm>