<mjloggm ver="2.3"><GO type="97" lobby="0"/><UN n0="%E3%82%AB%E3%83%BC%E3%83%96%E3%83%A9" n1="%E5%B0%B1%E6%B4%BB%E7%94%9F%40%E5%B7%9D%E6%9D%91%E8%BB%8D%E5%9B%A3" n2="%67%79%6F" n3="%E5%A8%98%E3%80%82" dan="13,15,13,14" rate="1803.33,2054.47,1844.66,1896.74" sx="M,M,M,M"/><TAIKYOKU oya="0"/><INIT seed="0,0,0,2,5,19" ten="250,250,250,250" oya="0" hai0="124,39,41,31,81,97,56,72,130,119,17,135,48" hai1="117,94,1,47,118,21,10,30,103,2,60,9,15" hai2="78,7,62,45,25,85,80,43,0,61,87,55,6" hai3="134,120,106,4,123,58,105,63,86,50,67,33,109"/><T73/><D119/><U79/><E79/><V14/><F0/><N who="1" m="105" /><E60/><V129/><F129/><W34/><G4/><T100/><D130/><U89/><E103/><V46/><F25/><W83/><G50/><T53/><D124/><U20/><E47/><V121/><F121/><N who="3" m="46667" /><G134/><T51/><D135/><U57/><E57/><V3/><F3/><W90/><G109/><T132/><D132/><U133/><E94/><V22/><F55/><W65/><G67/><T32/><D81/><U40/><E89/><V26/><F87/><W77/><G77/><T42/><D39/><U59/><E59/><V13/><F62/><W70/><G70/><T95/><D17/><N who="1" m="10303" /><E40/><V82/><F82/><W35/><AGARI ba="0,0" hai="33,34,35,58,63,65,83,86,90,105,106" m="46667" machi="35" ten="40,1500,0" yaku="13,1" doraHai="19" who="3" fromWho="3" sc="250,-7,250,-4,250,-4,250,15" /><INIT seed="1,0,0,1,2,9" ten="243,246,246,265" oya="1" hai0="132,76,61,35,6,34,55,125,22,77,11,39,46" hai1="51,50,72,36,126,73,30,130,118,75,68,101,10" hai2="59,113,66,116,4,33,115,25,23,54,56,135,106" hai3="26,102,3,90,20,127,0,133,85,91,119,92,84"/><U69/><E118/><V38/><F116/><W37/><G119/><T8/><D132/><U28/><E10/><V107/><F33/><W63/><G133/><T110/><D125/><U41/><E41/><V62/><F38/><W111/><G127/><T2/><D110/><U81/><E81/><V129/><F4/><W122/><G122/><T7/><D22/><U12/><E101/><V93/><F135/><W24/><G111/><T70/><D55/><U82/><E82/><V79/><F79/><W67/><G37/><T17/><D17/><U57/><E36/><V78/><F78/><W40/><G102/><T109/><D77/><U15/><E57/><V134/><F134/><W18/><G26/><T13/><D76/><U95/><E95/><V19/><F129/><W45/><G45/><T87/><D87/><U47/><E47/><V123/><F93/><W64/><G40/><T88/><D88/><U43/><E43/><V83/><F83/><W112/><G112/><N who="2" m="43081" /><F123/><W80/><REACH who="3" step="1"/><G64/><REACH who="3" ten="243,246,246,255" step="2"/><T94/><D109/><U120/><E126/><V27/><F27/><W71/><AGARI ba="0,1" hai="0,3,18,20,24,63,67,71,80,84,85,90,91,92" machi="71" ten="20,5200,0" yaku="1,1,2,1,0,1,7,1,53,0" doraHai="9" doraHaiUra="98" who="3" fromWho="3" sc="243,-13,246,-26,246,-13,255,62" /><INIT seed="2,0,0,1,2,115" ten="230,220,233,317" oya="2" hai0="22,67,94,35,41,38,95,14,0,121,46,1,134" hai1="5,132,78,8,21,44,37,6,65,45,66,116,49" hai2="43,25,61,72,91,87,12,89,30,18,120,114,59" hai3="81,4,40,92,104,42,24,96,13,113,111,86,119"/><V29/><F120/><W48/><G104/><T9/><D121/><U101/><E116/><V16/><F72/><W10/><G119/><T70/><D134/><U126/><E126/><V97/><F43/><W27/><G113/><T124/><D124/><U39/><E101/><V54/><F114/><W31/><G111/><T28/><D70/><U52/><E78/><V19/><F97/><W2/><G2/><T77/><D77/><U83/><E83/><V80/><F25/><N who="3" m="9803" /><G48/><T47/><D67/><U76/><E76/><V75/><F75/><W26/><G26/><T118/><D118/><U108/><E21/><V130/><F130/><W109/><G109/><T69/><D69/><U98/><E98/><V3/><F3/><W50/><G50/><T68/><D68/><U74/><E74/><V99/><F12/><W64/><G64/><T57/><D57/><U110/><E49/><V105/><F105/><W84/><G31/><T11/><D35/><U102/><E102/><V90/><REACH who="2" step="1"/><F99/><REACH who="2" ten="230,220,223,317" step="2"/><W100/><G86/><T129/><D129/><U93/><E132/><V112/><F112/><W20/><G42/><T85/><D41/><U53/><E8/><V73/><F73/><W51/><G40/><T123/><D123/><U23/><E23/><V17/><N who="2" m="4608" /><DORA hai="131" /><V135/><F135/><W107/><G20/><T7/><D22/><U36/><E39/><V58/><F58/><W133/><G133/><T15/><D38/><U127/><E127/><V106/><F106/><W82/><G107/><T63/><D0/><U122/><E122/><V125/><F125/><W79/><G84/><RYUUKYOKU ba="0,1" sc="230,-15,220,15,223,15,317,-15" hai1="5,6,36,37,44,45,52,53,65,66,93,108,110" hai2="29,30,54,59,61,80,87,89,90,91" /><INIT seed="2,1,1,5,2,13" ten="215,235,238,302" oya="2" hai0="129,59,52,82,94,64,89,51,127,68,8,101,114" hai1="12,19,20,121,91,23,48,62,104,126,17,133,67" hai2="85,16,130,36,76,125,31,87,46,113,37,18,49" hai3="25,41,32,81,96,98,79,111,102,57,100,115,118"/><V77/><F113/><W22/><G118/><T134/><D114/><U99/><E126/><V112/><F112/><W43/><G32/><T26/><D127/><U50/><E133/><V45/><F125/><W28/><G115/><T34/><D134/><U0/><E0/><V47/><F31/><W119/><G119/><T109/><D109/><U44/><E121/><V73/><F49/><W84/><G57/><T54/><D129/><U3/><E3/><V35/><F35/><W95/><G111/><T74/><D101/><U86/><E99/><V30/><F30/><W103/><G102/><T15/><D26/><U122/><E122/><V83/><F130/><W53/><G53/><T10/><D34/><U105/><E105/><AGARI ba="1,1" hai="22,25,28,41,43,79,81,84,95,96,98,100,103,105" machi="105" ten="30,1000,0" yaku="7,1" doraHai="13" who="3" fromWho="1" sc="215,0,235,-13,238,0,302,23" /><INIT seed="3,0,0,3,2,115" ten="215,222,238,325" oya="3" hai0="125,57,130,4,66,100,5,134,86,133,14,61,6" hai1="121,96,74,55,102,71,52,108,58,36,132,63,79" hai2="105,84,104,109,1,21,107,64,76,103,9,32,124" hai3="51,90,12,37,8,56,126,80,110,75,47,28,78"/><W10/><G37/><T54/><D100/><U35/><E36/><V11/><F32/><W26/><G110/><T95/><D125/><U30/><E132/><N who="0" m="50793" /><D130/><U29/><E121/><V22/><F124/><W87/><G56/><N who="0" m="37159" /><D95/><N who="1" m="58655" /><E71/><V49/><F103/><W114/><G114/><T38/><D38/><U69/><E35/><V135/><F135/><W97/><G97/><T73/><D86/><U77/><E74/><V62/><F109/><W106/><G106/><T127/><D127/><U33/><E69/><V92/><F49/><W20/><G12/><T82/><D82/><U101/><E33/><V91/><F76/><N who="1" m="29257" /><E108/><V19/><F1/><W7/><G126/><T81/><D81/><U116/><E116/><V39/><F39/><W67/><G80/><T131/><D131/><U123/><E123/><V59/><REACH who="2" step="1"/><F22/><REACH who="2" ten="215,222,228,325" step="2"/><W31/><G20/><T122/><D122/><U113/><E113/><V48/><F48/><W40/><G78/><T117/><D117/><U120/><E120/><V85/><F85/><W34/><G87/><T42/><D73/><U17/><E101/><V118/><F118/><W0/><G75/><T112/><D112/><U93/><E93/><V46/><F46/><W88/><G47/><T129/><D129/><U18/><E55/><V44/><F44/><W111/><G51/><N who="0" m="30943" /><D42/><U3/><E3/><V53/><F53/><W72/><G0/><T99/><D99/><U16/><AGARI ba="0,1" hai="16,17,18,29,30,52,58,63" m="29257,58655" machi="16" ten="30,4000,0" yaku="8,1,54,2" doraHai="115" who="1" fromWho="1" sc="215,-10,222,50,228,-10,325,-20" owari="205,-29.0,272,7.0,218,-18.0,305,40.0" /></mjloggm>