<mjloggm ver="2.3"><GO type="225" lobby="0"/><UN n0="%E3%81%86%E3%81%A9%E3%82%93%E5%B1%8B" n1="%E5%B0%B1%E6%B4%BB%E7%94%9F%40%E5%B7%9D%E6%9D%91%E8%BB%8D%E5%9B%A3" n2="%E3%81%8A%E3%83%BC%E3%81%8F%E3%82%8A%E3%83%BC%E2%99%AA" n3="%47%E3%83%A8%E9%BE%8D%E9%96%80" dan="17,16,17,17" rate="2134.78,2084.29,2141.43,2110.83" sx="M,M,M,M"/><TAIKYOKU oya="0"/><INIT seed="0,0,0,2,4,103" ten="250,250,250,250" oya="0" hai0="98,112,72,66,114,122,32,38,113,11,42,6,21" hai1="8,81,1,102,85,89,116,25,83,110,134,20,111" hai2="86,37,61,3,57,99,75,59,82,77,96,70,13" hai3="107,7,67,12,129,24,44,106,104,73,36,34,39"/><T132/><D21/><U62/><E116/><V130/><F37/><N who="3" m="14411" /><G44/><N who="0" m="23639" /><D122/><U131/><E131/><V119/><F3/><W35/><G12/><T23/><D23/><U79/><E134/><V87/><F119/><W51/><G51/><T120/><D120/><U60/><E102/><V91/><F130/><W126/><G129/><T115/><D115/><U31/><E8/><V123/><F123/><W124/><G7/><T71/><D132/><U9/><E9/><V43/><F43/><W133/><G133/><T92/><D92/><U19/><E1/><V5/><F70/><W88/><G24/><T40/><D40/><U101/><E101/><V16/><F5/><W49/><G49/><T54/><D54/><U26/><E111/><V128/><F128/><W63/><G88/><T121/><D98/><N who="2" m="37418" /><F75/><W76/><G63/><N who="0" m="40415" /><D121/><U50/><E110/><V22/><F61/><W14/><G67/><T125/><D72/><U109/><E109/><V69/><F69/><W30/><G14/><T28/><D11/><U108/><E108/><V68/><F68/><W29/><G29/><T17/><D6/><U46/><E26/><V80/><AGARI ba="0,0" hai="13,16,22,57,59,77,80,82,86,87,91" m="37418" machi="80" ten="30,2000,0" yaku="8,1,54,1" doraHai="103" who="2" fromWho="2" sc="250,-10,250,-5,250,20,250,-5" /><INIT seed="1,0,0,1,2,99" ten="240,245,270,245" oya="1" hai0="113,114,79,130,23,112,11,98,69,40,66,118,104" hai1="84,59,116,49,103,121,68,90,48,36,32,53,50" hai2="85,21,91,77,107,37,127,61,122,24,102,26,111" hai3="133,15,124,97,106,29,67,12,45,83,56,8,41"/><U105/><E68/><V71/><F37/><W31/><G133/><T73/><D23/><U92/><E36/><V17/><F122/><W46/><G124/><T14/><D14/><U34/><E116/><V47/><F127/><W52/><G106/><T109/><D11/><U119/><E121/><V1/><F1/><W44/><G97/><T126/><D126/><U75/><E119/><V60/><F111/><W5/><G41/><T6/><D6/><U100/><E105/><V58/><F71/><W87/><G67/><T94/><D118/><U101/><REACH who="1" step="1"/><E75/><REACH who="1" ten="240,235,270,245" step="2"/><V123/><F123/><W35/><G35/><AGARI ba="0,1" hai="32,34,35,48,49,50,53,59,84,90,92,100,101,103" machi="35" ten="40,12000,1" yaku="1,1,2,1,52,3,53,0" doraHai="99" doraHaiUra="95" who="1" fromWho="3" sc="240,0,235,130,270,0,245,-120" /><INIT seed="1,1,0,2,5,28" ten="240,365,270,125" oya="1" hai0="69,47,0,128,33,104,72,85,74,107,24,63,110" hai1="114,15,78,36,11,42,130,121,61,29,111,105,58" hai2="40,9,92,100,32,14,41,125,76,112,89,8,39" hai3="131,109,86,70,38,129,13,108,67,66,4,75,51"/><U95/><E121/><V17/><F112/><W44/><G75/><N who="0" m="28715" /><D85/><U43/><E105/><N who="0" m="40521" /><D47/><U48/><E36/><V59/><F125/><W56/><G13/><T1/><D110/><N who="3" m="42601" /><G4/><T5/><D128/><N who="3" m="49225" /><G86/><T93/><D93/><U77/><E29/><V83/><F100/><W132/><G132/><T96/><D96/><U91/><E114/><V31/><F31/><W68/><G38/><T16/><D16/><N who="1" m="8319" /><E111/><V60/><F17/><W10/><G10/><T133/><D133/><U97/><E130/><V71/><F9/><W99/><G99/><T102/><D102/><U35/><E35/><V2/><F14/><W81/><G81/><T64/><D5/><U122/><E122/><V3/><F83/><W65/><G56/><T101/><D101/><U88/><E91/><V26/><F59/><W80/><G80/><T55/><D1/><U134/><E134/><V113/><F2/><W87/><G87/><T106/><D106/><U46/><E78/><V54/><F76/><W52/><AGARI ba="1,0" hai="44,51,52,65,66,67,68,70" m="49225,42601" machi="52" ten="40,8000,1" yaku="14,1,19,1,34,2,54,1" doraHai="28" who="3" fromWho="3" sc="240,-21,365,-41,270,-21,125,83" /><INIT seed="2,0,0,2,3,101" ten="219,324,249,208" oya="2" hai0="95,12,77,46,50,62,39,121,33,61,118,2,66" hai1="104,29,94,98,130,30,38,111,5,90,100,113,134" hai2="26,59,16,68,93,28,55,131,69,80,74,70,31" hai3="73,27,67,125,8,89,51,110,127,20,42,86,21"/><V18/><F131/><W14/><G73/><T58/><D2/><U116/><E38/><V103/><F74/><W91/><G67/><T102/><D121/><U76/><E116/><V32/><F80/><W37/><G37/><T107/><D33/><U7/><E113/><V57/><F31/><N who="1" m="11785" /><E104/><V99/><REACH who="2" step="1"/><F59/><REACH who="2" ten="219,324,239,208" step="2"/><W88/><G110/><T19/><D58/><U64/><E130/><V4/><F4/><N who="1" m="1609" /><E134/><V48/><AGARI ba="0,1" hai="16,18,26,28,32,48,55,57,68,69,70,93,99,103" machi="48" ten="30,6000,0" yaku="1,1,0,1,54,1,53,0" doraHai="101" doraHaiUra="43" who="2" fromWho="2" sc="219,-20,324,-20,239,70,208,-20" /><INIT seed="2,1,0,0,4,134" ten="199,304,309,188" oya="2" hai0="34,46,24,105,123,82,78,68,56,102,44,100,11" hai1="66,98,15,47,42,57,1,115,51,132,64,108,39" hai2="35,19,71,99,130,111,41,128,67,94,114,60,125" hai3="20,90,7,37,76,58,9,3,5,61,30,28,106"/><V70/><F114/><W23/><G106/><T116/><D123/><U27/><E1/><V95/><F35/><W88/><G37/><T63/><D116/><U48/><E115/><V107/><F70/><W4/><G76/><T124/><D11/><U119/><E119/><V75/><F75/><W14/><G3/><T131/><D131/><N who="2" m="50218" /><F111/><W109/><G109/><T13/><D13/><U69/><E108/><V29/><F41/><W83/><G20/><T79/><D56/><U65/><E132/><V2/><F2/><W84/><G90/><T97/><D102/><U87/><E69/><V117/><F117/><W53/><REACH who="3" step="1"/><G23/><REACH who="3" ten="199,304,309,178" step="2"/><T25/><D79/><U127/><E39/><V120/><F107/><W72/><G72/><N who="0" m="43335" /><D25/><U126/><E98/><V118/><F99/><W93/><G93/><T32/><D32/><U112/><E87/><V55/><F94/><W16/><AGARI ba="1,1" hai="4,5,7,9,14,16,28,30,53,58,61,83,84,88" machi="16" ten="30,8000,1" yaku="1,1,0,1,8,1,54,2,53,0" doraHai="134" doraHaiUra="73" who="3" fromWho="3" sc="199,-21,304,-21,309,-41,178,93" /><INIT seed="3,0,0,0,3,83" ten="178,283,268,271" oya="3" hai0="94,126,98,82,101,99,84,46,119,114,49,97,20" hai1="36,11,124,85,56,74,40,26,43,122,70,62,78" hai2="133,134,109,103,118,86,105,128,76,37,53,115,42" hai3="6,59,131,25,113,30,35,51,54,111,38,8,5"/><W72/><G113/><T24/><D119/><U33/><E74/><V17/><F118/><W52/><G131/><T127/><D114/><U10/><E70/><V7/><F115/><W91/><G111/><T65/><D65/><N who="1" m="39111" /><E36/><V81/><F109/><W104/><G38/><T58/><D58/><U55/><E33/><V34/><F34/><W45/><G104/><T88/><D127/><U102/><E102/><V3/><F17/><W96/><G72/><T67/><D67/><U69/><E69/><V92/><F128/><W9/><G96/><T125/><D125/><U112/><E112/><V87/><F53/><W73/><G73/><T90/><D126/><U22/><E55/><V89/><F7/><W132/><G132/><N who="2" m="50793" /><F3/><W31/><G31/><T21/><D101/><U68/><E68/><V95/><F105/><W107/><G107/><T16/><REACH who="0" step="1"/><D20/><REACH who="0" ten="168,283,268,271" step="2"/><U41/><E124/><V29/><F103/><W2/><G59/><T110/><D110/><U117/><E122/><V13/><F29/><W135/><G135/><T66/><D66/><U71/><E71/><V32/><F32/><W28/><G28/><T19/><D19/><N who="1" m="12639" /><E117/><V1/><F1/><W116/><G116/><T61/><D61/><U120/><E120/><V77/><F13/><W93/><G5/><T18/><D18/><U100/><E100/><V47/><F92/><W12/><G2/><T129/><D129/><U64/><E64/><V0/><F0/><W57/><G6/><T121/><D121/><U50/><E50/><V15/><F15/><W44/><G12/><T130/><D130/><U23/><E23/><RYUUKYOKU ba="0,1" sc="168,10,283,10,268,10,271,-30" hai0="16,21,24,46,49,82,84,88,90,94,97,98,99" hai1="10,11,40,41,43,78,85" hai2="37,42,47,76,77,81,86,87,89,95" /><INIT seed="4,1,1,1,3,118" ten="178,293,278,241" oya="0" hai0="99,130,1,57,93,32,67,94,109,68,113,63,83" hai1="135,106,15,71,121,105,14,52,56,98,132,92,8" hai2="34,86,70,97,11,87,20,72,133,66,18,53,64" hai3="76,19,22,84,78,12,128,21,107,89,69,47,38"/><T115/><D130/><U77/><E121/><V7/><F34/><W114/><G114/><N who="0" m="43531" /><D109/><U119/><E71/><V122/><F72/><W100/><G69/><T73/><D32/><U39/><E77/><V36/><F122/><W3/><G128/><T117/><D117/><U13/><E8/><V127/><F36/><W123/><G3/><T43/><D1/><U4/><E4/><V134/><F97/><W49/><G123/><T96/><D43/><U111/><E39/><V80/><F53/><W48/><G38/><T81/><D68/><U51/><E119/><V28/><F28/><W108/><G108/><T62/><D62/><U59/><E59/><V131/><F131/><W65/><G65/><T129/><D129/><U10/><E10/><V40/><F40/><W90/><G107/><T104/><D104/><U27/><E27/><N who="2" m="14743" /><F70/><W74/><G100/><N who="0" m="60431" /><D73/><U88/><E111/><V50/><F50/><W2/><G74/><T42/><D42/><U75/><E75/><V17/><F66/><W58/><G2/><T37/><D37/><U46/><E46/><V45/><F64/><W110/><G58/><T41/><D41/><U0/><E0/><N who="2" m="487" /><F45/><W25/><G110/><T54/><D67/><U5/><E5/><V35/><F35/><W102/><G49/><T16/><D16/><U120/><E120/><V79/><F17/><N who="3" m="12495" /><G102/><AGARI ba="1,1" hai="54,57,63,81,83,94,99,102" m="60431,43531" machi="102" ten="30,1500,0" yaku="15,1" doraHai="118" who="0" fromWho="3" sc="178,28,293,0,278,0,241,-18" /><INIT seed="4,2,0,1,4,85" ten="206,293,278,223" oya="0" hai0="89,116,127,124,48,109,36,51,65,16,101,103,29" hai1="72,61,83,21,23,45,19,39,35,84,119,74,2" hai2="82,67,102,15,122,129,53,47,64,73,22,5,9" hai3="32,27,17,118,117,128,87,56,8,49,63,58,104"/><T71/><D116/><U55/><E35/><V30/><F122/><W131/><G104/><T99/><D36/><U115/><E2/><V68/><F68/><W41/><G87/><T98/><D29/><U37/><E119/><N who="3" m="45578" /><G8/><T92/><D109/><U120/><E120/><V95/><F129/><N who="3" m="49739" /><G17/><T78/><D78/><N who="1" m="46199" /><E37/><V3/><F82/><W40/><G27/><T11/><D65/><U88/><E39/><V130/><F130/><W77/><G32/><T93/><D71/><U105/><E105/><V135/><F73/><W26/><G26/><T4/><D16/><U86/><E74/><V60/><F135/><W31/><G77/><T33/><D33/><U0/><E72/><V114/><F3/><W42/><G31/><T108/><D108/><U100/><E100/><V111/><F111/><W70/><G49/><T54/><D89/><U81/><E115/><V25/><F102/><W57/><G70/><T133/><D133/><U113/><E113/><V28/><F28/><W121/><G121/><T96/><D96/><U46/><E0/><V107/><F114/><W69/><G69/><T59/><REACH who="0" step="1"/><D51/><REACH who="0" ten="196,293,278,223" step="2"/><U66/><E66/><AGARI ba="2,1" hai="40,41,42,56,57,58,63,66" m="49739,45578" machi="66" ten="40,5200,0" yaku="19,1,34,2" doraHai="85" who="3" fromWho="1" sc="196,0,293,-58,278,0,223,68" /><INIT seed="5,0,0,1,3,100" ten="196,235,278,291" oya="1" hai0="62,67,0,56,59,21,107,128,71,69,118,72,24" hai1="45,2,41,73,108,19,32,112,87,20,79,11,29" hai2="70,93,9,126,125,86,131,74,13,120,116,105,28" hai3="10,110,7,130,63,113,43,49,6,114,44,80,60"/><U58/><E73/><V51/><F120/><W117/><G110/><T135/><D118/><U88/><E108/><V42/><F116/><W37/><G117/><T119/><D119/><U99/><E32/><V5/><F70/><W84/><G130/><T35/><D72/><U133/><E133/><V18/><F74/><W101/><G101/><T68/><D0/><U132/><E132/><V81/><F131/><W89/><G37/><T4/><D4/><N who="3" m="1577" /><G10/><T33/><D135/><U47/><E112/><AGARI ba="0,0" hai="43,44,49,60,63,80,84,89,112,113,114" m="1577" machi="112" ten="30,1000,0" yaku="15,1" doraHai="100" who="3" fromWho="1" sc="196,0,235,-10,278,0,291,10" owari="196,-30.0,225,-17.0,278,8.0,301,39.0" /></mjloggm>