<mjloggm ver="2.3"><GO type="169" lobby="0"/><UN n0="%4D%4A%E3%81%AE%E6%9C%80%E9%AB%98%E5%B3%B0" n1="%E3%82%A6%E3%83%AB%E3%83%88%E3%83%A9%E7%AB%8B%E7%9B%B4" n2="%E3%82%B0%E3%82%A6%E3%82%A7%E3%83%B3" n3="%E5%82%B7%E3%81%AF%E6%B5%85%E3%81%84%E3%81%86%E3%81%A1%E3%81%AB" dan="17,17,16,16" rate="2144.70,2201.73,2045.21,2016.21" sx="M,M,M,M"/><TAIKYOKU oya="0"/><INIT seed="0,0,0,1,0,42" ten="250,250,250,250" oya="0" hai0="49,60,25,17,54,96,108,123,38,134,40,84,124" hai1="35,39,122,81,86,69,32,132,45,79,4,129,57" hai2="130,20,61,118,63,14,58,27,9,26,72,53,36" hai3="10,5,21,73,119,43,111,98,74,29,16,62,48"/><T104/><D123/><U92/><E69/><V1/><F72/><W7/><G111/><T6/><D6/><U24/><E122/><V78/><F1/><W97/><G119/><T99/><D60/><U8/><E129/><V115/><F36/><W70/><G73/><T41/><D38/><U18/><E132/><V135/><F115/><W120/><G74/><T128/><D134/><U47/><E39/><V116/><F135/><W133/><G133/><T33/><D124/><U87/><E35/><V102/><F78/><W50/><G120/><T28/><D128/><U83/><E92/><V67/><F102/><W12/><G70/><T77/><D17/><U127/><E127/><V95/><F130/><W56/><G29/><T100/><D99/><N who="3" m="37897" /><G10/><T15/><D15/><N who="1" m="5511" /><E32/><V55/><F95/><W117/><G50/><T131/><D108/><U19/><E57/><V0/><F0/><W126/><G117/><N who="2" m="45161" /><F55/><N who="3" m="34079" /><G126/><T2/><D2/><U68/><E68/><N who="2" m="42095" /><F20/><W114/><G114/><T125/><D125/><U88/><E18/><AGARI ba="0,0" hai="9,14,18,26,27,53,58,63" m="42095,45161" machi="18" ten="30,1000,0" yaku="12,1" doraHai="42" who="2" fromWho="1" sc="250,0,250,-10,250,10,250,0" /><INIT seed="1,0,0,2,4,70" ten="250,240,260,250" oya="1" hai0="25,135,123,24,108,120,101,102,107,20,73,29,55" hai1="105,99,81,5,6,1,119,100,22,17,125,16,43" hai2="124,30,36,83,95,77,78,10,133,51,98,60,13" hai3="113,116,88,109,127,92,129,47,14,32,134,21,28"/><U52/><E119/><V41/><F133/><W44/><G113/><T74/><D108/><U26/><E125/><V96/><F124/><W66/><G127/><T111/><D111/><U49/><E43/><V126/><F126/><W97/><G109/><T91/><D135/><U59/><E1/><V68/><F30/><W3/><G3/><T56/><D91/><U67/><E67/><V46/><F78/><W45/><G134/><T65/><D65/><U128/><E128/><V89/><F60/><W27/><G129/><T4/><D4/><U122/><E122/><N who="0" m="46633" /><D25/><U80/><REACH who="1" step="1"/><E17/><REACH who="1" ten="250,230,260,250" step="2"/><V19/><F68/><W48/><G66/><T38/><D55/><U114/><E114/><V87/><REACH who="2" step="1"/><F98/><REACH who="2" ten="250,230,250,250" step="2"/><W0/><G116/><T84/><D29/><U103/><E103/><V34/><F34/><W42/><G0/><T33/><D102/><U12/><E12/><V121/><F121/><W37/><G32/><T8/><D101/><U69/><E69/><V64/><F64/><W86/><G14/><T106/><D33/><U53/><E53/><V40/><F40/><W76/><G97/><T79/><D24/><U23/><E23/><V118/><F118/><W63/><G21/><T115/><D20/><U18/><E18/><V130/><F130/><W75/><G27/><T90/><D115/><U117/><E117/><V110/><F110/><W9/><G42/><T11/><D11/><U72/><E72/><V57/><F57/><W39/><G75/><T93/><D8/><U132/><E132/><V54/><F54/><W104/><G9/><T85/><D74/><U7/><AGARI ba="0,2" hai="5,6,7,16,22,26,49,52,59,80,81,99,100,105" machi="7" ten="30,18000,2" yaku="1,1,5,1,0,1,54,2,53,1" doraHai="70" doraHaiUra="94" who="1" fromWho="1" sc="250,-60,230,200,250,-60,250,-60" /><INIT seed="1,1,0,1,0,104" ten="190,430,190,190" oya="1" hai0="107,49,128,41,64,12,37,112,100,42,76,134,60" hai1="115,135,99,72,87,69,114,53,24,106,35,27,15" hai2="68,47,23,14,1,121,94,70,25,38,92,93,74" hai3="88,18,30,102,66,118,98,32,75,80,4,40,10"/><U81/><E69/><V26/><F121/><W127/><G127/><T59/><D112/><U122/><E122/><V96/><F1/><W67/><G118/><T123/><D123/><U46/><E15/><V20/><F74/><W65/><G40/><T21/><D37/><U110/><E53/><V108/><F108/><W124/><G124/><T82/><D107/><U101/><E46/><V111/><F111/><W8/><G30/><T51/><D100/><U79/><E110/><V36/><F47/><W7/><G32/><T39/><D128/><U126/><E126/><V17/><F14/><W55/><G55/><T97/><D97/><U83/><E35/><V19/><F94/><W116/><G116/><T130/><D134/><U89/><REACH who="1" step="1"/><E135/><REACH who="1" ten="190,420,190,190" step="2"/><V45/><F45/><W84/><G75/><T62/><D42/><U13/><E13/><V43/><F43/><W77/><G4/><T6/><D6/><U133/><E133/><V90/><F96/><W61/><G7/><T9/><D12/><U85/><E85/><V117/><F117/><W71/><G71/><T28/><D41/><U54/><E54/><V86/><F86/><W95/><G61/><T3/><D62/><U11/><E11/><N who="3" m="4138" /><G18/><T58/><D60/><U129/><E129/><V52/><F52/><W131/><G131/><T132/><D130/><U56/><E56/><V33/><F33/><W50/><G50/><T48/><D51/><U34/><E34/><V78/><F78/><AGARI ba="1,1" hai="65,66,67,77,78,80,84,88,95,98,102" m="4138" machi="78" ten="30,2000,0" yaku="8,1,54,1" doraHai="104" who="3" fromWho="2" sc="190,0,420,0,190,-23,190,33" /><INIT seed="2,0,0,1,0,54" ten="190,420,167,223" oya="2" hai0="20,0,97,14,12,67,103,82,9,126,101,33,59" hai1="41,58,125,124,94,80,43,64,32,2,100,90,1" hai2="71,38,121,70,6,40,85,10,92,93,123,120,48" hai3="76,18,74,29,106,23,46,99,79,131,78,128,105"/><V65/><F48/><W116/><G29/><T69/><D33/><U27/><E100/><V83/><F65/><W39/><G116/><T118/><D69/><U34/><E80/><V81/><F40/><N who="3" m="22815" /><G99/><T135/><D0/><U127/><E27/><V42/><F42/><N who="1" m="15881" /><E58/><V56/><F56/><W15/><G74/><T3/><D3/><N who="1" m="1035" /><E64/><V95/><F38/><W86/><G86/><AGARI ba="0,0" hai="32,34,86,90,94,124,125,127" m="1035,15881" machi="86" ten="40,1300,0" yaku="18,1" doraHai="54" who="1" fromWho="3" sc="190,0,420,13,167,0,223,-13" /><INIT seed="3,0,0,5,2,125" ten="190,433,167,210" oya="3" hai0="26,115,73,24,52,82,34,106,55,42,3,84,18" hai1="9,14,35,32,45,99,57,25,122,37,91,20,80" hai2="60,68,50,131,31,6,28,130,8,97,17,111,100" hai3="0,83,78,67,41,23,47,105,44,2,133,7,22"/><W70/><G105/><T116/><D106/><U128/><E128/><N who="2" m="49195" /><F111/><W114/><G133/><T75/><D116/><U94/><E80/><V113/><F113/><W107/><G107/><T87/><D3/><U40/><E57/><V27/><F50/><W53/><G53/><T61/><D42/><U88/><E91/><V76/><F76/><W86/><G47/><T132/><D132/><U120/><E120/><V33/><F31/><W127/><G127/><T5/><D5/><U4/><E122/><V89/><F89/><W13/><G114/><T63/><D115/><U12/><E12/><N who="2" m="5143" /><F17/><AGARI ba="0,0" hai="4,9,14,17,20,25,32,35,37,40,45,88,94,99" machi="17" ten="30,2000,0" yaku="7,1,54,1" doraHai="125" who="1" fromWho="2" sc="190,0,433,20,167,-20,210,0" /><INIT seed="4,0,0,0,1,116" ten="190,453,147,210" oya="0" hai0="93,39,53,17,31,22,11,48,43,95,35,89,127" hai1="56,58,1,115,42,38,52,65,87,80,126,32,74" hai2="86,119,21,40,36,33,23,117,81,104,99,82,129" hai3="128,94,134,4,5,125,90,62,124,2,122,92,100"/><T46/><D127/><N who="3" m="48713" /><G128/><T26/><D11/><U13/><E1/><V0/><F0/><W121/><G134/><T91/><D93/><N who="3" m="35945" /><G100/><T101/><D101/><U98/><E56/><V44/><F33/><W120/><G90/><T45/><REACH who="0" step="1"/><D95/><REACH who="0" ten="180,453,147,210" step="2"/><U51/><E126/><V64/><F129/><W68/><G2/><T130/><D130/><U15/><E98/><V110/><F119/><W97/><G97/><T8/><D8/><U114/><E80/><V24/><F117/><W131/><G131/><T6/><D6/><U84/><E87/><V63/><F82/><W19/><G19/><T67/><D67/><AGARI ba="0,1" hai="4,5,62,67,68,120,121,122" m="35945,48713" machi="67" ten="40,8000,1" yaku="13,1,18,1,52,3" doraHai="116" who="3" fromWho="0" sc="180,-80,453,0,147,0,210,90" /><INIT seed="5,0,0,2,4,49" ten="100,453,147,300" oya="1" hai0="73,52,108,117,6,64,18,72,10,93,71,121,47" hai1="102,109,123,62,129,122,68,91,127,3,103,101,2" hai2="132,92,57,29,87,114,11,81,79,55,17,77,105" hai3="125,124,38,33,45,50,66,48,24,96,54,76,5"/><U75/><E75/><V58/><F105/><W104/><G76/><N who="2" m="29257" /><F114/><W30/><G5/><T39/><D108/><U67/><E109/><V22/><F132/><W1/><G1/><T26/><D117/><U60/><E127/><V98/><F29/><W56/><G38/><T97/><D39/><U80/><E129/><V118/><F11/><W115/><G115/><T82/><D64/><U99/><E3/><V43/><F43/><W95/><G104/><T116/><D82/><U83/><E2/><V74/><F74/><W4/><G4/><T13/><D71/><U20/><E83/><V61/><F118/><W90/><REACH who="3" step="1"/><G66/><REACH who="3" ten="100,453,147,290" step="2"/><T19/><D116/><U27/><E67/><V28/><F28/><W128/><G128/><T134/><D134/><U32/><E123/><V107/><F107/><W100/><G100/><T42/><D6/><U21/><E122/><V89/><F81/><W23/><G23/><T78/><D78/><U63/><E21/><V8/><F22/><W86/><G86/><T133/><D121/><U37/><E20/><V34/><F34/><W0/><G0/><T9/><D133/><U15/><E32/><V69/><F87/><W14/><G14/><N who="0" m="7503" /><D73/><U106/><E15/><V16/><F98/><W111/><G111/><T36/><D72/><U120/><E37/><V112/><F112/><W110/><G110/><T119/><D119/><U59/><E120/><V7/><F7/><W65/><G65/><T126/><D126/><U41/><E106/><V84/><F8/><W88/><G88/><N who="0" m="55463" /><D26/><U31/><E27/><V70/><F84/><W44/><G44/><RYUUKYOKU ba="0,1" sc="100,15,453,-15,147,-15,290,15" hai0="10,13,19,36,42,47,52" hai3="24,30,33,45,48,50,54,56,90,95,96,124,125" /><INIT seed="6,1,1,3,4,85" ten="115,438,132,305" oya="2" hai0="26,11,41,7,92,66,61,39,29,83,133,113,51" hai1="121,93,17,88,24,2,10,32,71,35,46,14,109" hai2="101,116,90,37,103,76,94,48,1,132,43,42,63" hai3="89,40,100,69,54,79,68,129,8,111,127,4,119"/><V114/><F116/><W70/><G111/><T36/><D113/><U105/><E105/><V5/><F37/><W9/><G119/><T56/><D133/><U52/><E71/><V23/><F114/><W22/><G79/><T77/><D92/><U112/><E109/><V18/><F5/><W86/><G100/><N who="2" m="38473" /><F1/><W12/><G127/><T120/><D120/><U73/><E73/><V20/><F132/><W82/><G40/><N who="2" m="15401" /><F76/><W106/><G106/><T122/><D41/><U72/><E72/><V49/><F63/><W31/><G129/><T80/><D51/><N who="2" m="19530" /><F18/><W3/><G69/><T107/><D107/><U38/><E2/><V19/><F19/><W98/><G4/><T65/><D122/><U96/><E38/><V45/><F45/><W6/><G6/><T34/><D66/><U130/><E121/><V117/><F117/><W78/><G70/><T15/><D80/><U123/><E123/><V115/><F115/><W13/><G68/><T53/><D65/><U25/><E112/><V125/><F125/><W50/><G82/><T58/><D56/><U62/><E46/><V27/><F27/><W97/><G50/><T57/><D58/><N who="1" m="35143" /><E25/><V28/><F28/><W87/><G31/><T104/><D104/><U124/><E124/><V60/><F60/><W0/><G78/><T64/><D64/><U108/><E108/><V126/><F126/><W81/><G0/><T118/><D118/><U95/><E24/><V134/><F134/><W128/><G3/><T21/><D39/><U44/><E44/><V102/><F102/><W75/><G75/><N who="0" m="43455" /><D36/><U33/><E17/><RYUUKYOKU ba="1,1" sc="115,15,438,-15,132,15,305,-15" hai0="7,11,15,21,26,29,34,53,57,61" hai2="20,23,90,94" /><INIT seed="6,2,1,0,0,123" ten="130,423,147,290" oya="2" hai0="36,38,66,21,116,43,129,30,114,106,130,3,41" hai1="60,15,83,8,89,85,71,64,10,54,126,57,70" hai2="124,44,26,51,86,45,119,27,112,88,73,104,37" hai3="61,28,4,81,25,98,62,48,22,53,49,92,111"/><V58/><F119/><W99/><G111/><T96/><D3/><U135/><E135/><V55/><F104/><W103/><G4/><T134/><D134/><U133/><E133/><V128/><F73/><W97/><G99/><T6/><D6/><U74/><E126/><V102/><F102/><W19/><G81/><T50/><D66/><U24/><E74/><V5/><F124/><W0/><G0/><T20/><D50/><U32/><E15/><V2/><F112/><W82/><G82/><T63/><D63/><U67/><E71/><V14/><F2/><W125/><G125/><T105/><D30/><U120/><E120/><V109/><F109/><W110/><G110/><T94/><D94/><U107/><E107/><V90/><F90/><N who="3" m="55447" /><G62/><T118/><REACH who="0" step="1"/><D96/><REACH who="0" ten="120,423,147,290" step="2"/><U11/><E67/><V115/><F115/><AGARI ba="2,2" hai="20,21,36,38,41,43,105,106,114,115,116,118,129,130" machi="115" ten="25,6400,0" yaku="1,1,2,1,22,2,53,0" doraHai="123" doraHaiUra="33" who="0" fromWho="2" sc="120,90,423,0,147,-70,290,0" /><INIT seed="7,0,0,0,0,95" ten="210,423,77,290" oya="3" hai0="116,21,49,66,62,27,3,11,80,127,119,30,76" hai1="75,64,61,4,130,104,73,16,26,38,111,63,52" hai2="112,65,58,88,0,10,45,107,37,19,77,123,57" hai3="118,99,125,81,120,13,100,29,28,82,87,40,133"/><W8/><G118/><T39/><D39/><U14/><E38/><V12/><F107/><W50/><G120/><T98/><D49/><U129/><E104/><V24/><F112/><W122/><G125/><T20/><D20/><N who="1" m="13575" /><E111/><V132/><F132/><W83/><G133/><T15/><D3/><U93/><E52/><V84/><F77/><W94/><G122/><T31/><D31/><U18/><E4/><V72/><F72/><N who="1" m="27721" /><E93/><V134/><F134/><W71/><G71/><T128/><D128/><N who="1" m="49259" /><E64/><V85/><F123/><W47/><REACH who="3" step="1"/><G87/><REACH who="3" ten="210,423,77,280" step="2"/><T56/><D127/><U41/><E41/><V135/><F85/><W105/><G105/><T103/><D119/><U121/><E121/><V7/><F135/><W48/><G48/><T33/><D116/><U60/><E60/><V97/><F84/><W25/><G25/><T70/><D70/><U59/><E59/><V110/><F58/><W23/><G23/><AGARI ba="0,1" hai="14,18,23,61,63" m="49259,27721,13575" machi="23" ten="30,2000,0" yaku="19,1,54,1" doraHai="95" who="1" fromWho="3" sc="210,0,423,30,77,0,280,-20" owari="210,-19.0,453,55.0,77,-42.0,260,6.0" /></mjloggm>