<mjloggm ver="2.3"><GO type="97" lobby="0"/><UN n0="%E3%82%82%E3%81%98%E3%82%83%E3%81%BD%E3%82%93" n1="%E5%B0%B1%E6%B4%BB%E7%94%9F%40%E5%B7%9D%E6%9D%91%E8%BB%8D%E5%9B%A3" n2="%E4%B8%80%E6%97%A5%E4%B8%80%E5%8D%B3%E3%83%85%E3%83%A2" n3="%69%64%67%6F%72%75%66%75" dan="13,15,15,14" rate="1848.85,1977.44,1985.79,1919.68" sx="M,M,M,M"/><TAIKYOKU oya="0"/><INIT seed="0,0,0,3,3,100" ten="250,250,250,250" oya="0" hai0="16,53,134,27,57,19,31,2,11,75,44,83,120" hai1="39,81,15,4,64,93,88,12,94,98,42,60,71" hai2="92,26,106,129,73,121,50,114,32,9,115,82,89" hai3="124,25,130,77,36,102,37,117,62,30,17,63,43"/><T8/><D120/><U23/><E81/><V24/><F121/><W131/><G117/><T55/><D134/><U65/><E65/><V125/><F32/><W28/><G124/><T109/><D109/><U59/><E71/><V0/><F125/><W40/><G77/><T49/><D75/><U123/><E123/><V20/><F82/><W126/><G126/><T87/><D2/><U105/><E105/><V111/><F73/><W48/><G17/><N who="0" m="6731" /><D27/><U132/><E132/><V5/><F106/><W103/><G48/><N who="0" m="30887" /><D31/><U104/><E104/><V91/><F111/><W80/><G80/><T7/><D7/><U90/><E23/><V22/><F20/><W76/><G76/><AGARI ba="0,0" hai="8,11,44,49,55,76,83,87" m="30887,6731" machi="76" ten="30,2900,0" yaku="8,1,54,1" doraHai="100" who="0" fromWho="3" sc="250,29,250,0,250,0,250,-29" /><INIT seed="0,1,0,0,1,33" ten="279,250,250,221" oya="0" hai0="19,98,1,107,38,41,8,18,108,11,50,79,90" hai1="70,129,82,21,123,114,44,52,101,46,115,14,88" hai2="29,106,131,92,72,15,48,96,42,118,85,51,119" hai3="95,125,75,13,53,120,60,84,78,40,66,2,57"/><T111/><D79/><U39/><E70/><V68/><F72/><W67/><G125/><T83/><D38/><U64/><E123/><V36/><F68/><W126/><G126/><T69/><D69/><U58/><E129/><V127/><F127/><W28/><G120/><T112/><D112/><N who="1" m="43051" /><E64/><V109/><F106/><W130/><G130/><T93/><D107/><U49/><E39/><V4/><F131/><W27/><G75/><T97/><D97/><U34/><E34/><V20/><F85/><W26/><G40/><T55/><D41/><U117/><E101/><V6/><F42/><W45/><G2/><T132/><D83/><U86/><E117/><V5/><F36/><W22/><G13/><T81/><D81/><U105/><E105/><V35/><F35/><W24/><G67/><T61/><D61/><U0/><E0/><V59/><F118/><W94/><G78/><T63/><D1/><U47/><E58/><V124/><F59/><W25/><G84/><T102/><D63/><U76/><E76/><V133/><F119/><W12/><G12/><T91/><D11/><U9/><E21/><V23/><F124/><W134/><G134/><T16/><D132/><U56/><E56/><V17/><F133/><W99/><G99/><T80/><D8/><U54/><E54/><V31/><F23/><W73/><G73/><T7/><D7/><AGARI ba="1,0" hai="7,9,14,44,46,47,49,52,82,86,88" m="43051" machi="7" ten="30,3900,0" yaku="11,1,54,2" doraHai="33" who="1" fromWho="0" sc="279,-42,250,42,250,0,221,0" /><INIT seed="1,0,0,4,3,49" ten="237,292,250,221" oya="1" hai0="46,82,131,65,75,66,117,81,17,33,43,132,34" hai1="0,38,135,108,125,114,31,45,22,116,10,9,87" hai2="24,106,14,76,130,96,64,55,80,53,93,29,62" hai3="73,8,50,47,113,112,48,127,36,39,15,77,51"/><U2/><E116/><V133/><F106/><W90/><G127/><T103/><D117/><U91/><E114/><V60/><F133/><W57/><G57/><T11/><D132/><U7/><E135/><V124/><F124/><W30/><G30/><T1/><D131/><U37/><E125/><V58/><F130/><W23/><G23/><T56/><D103/><U86/><E108/><V97/><F14/><W95/><G77/><T74/><D56/><U25/><E45/><V78/><F62/><W27/><G27/><T42/><D46/><U107/><E107/><V68/><F97/><W20/><G73/><T94/><D94/><U85/><E91/><N who="2" m="55359" /><F68/><W110/><G20/><T99/><D99/><U67/><E67/><V88/><F78/><W84/><G110/><T12/><D1/><U28/><E28/><V54/><F76/><W128/><G128/><T63/><D63/><U134/><E134/><V59/><F59/><W5/><REACH who="3" step="1"/><G47/><REACH who="3" ten="237,292,250,211" step="2"/><T72/><D33/><U79/><E79/><V121/><F121/><W109/><G109/><T61/><D34/><U102/><E22/><V41/><F29/><W126/><G126/><T4/><D17/><U89/><E31/><V16/><F24/><W100/><G100/><T105/><D75/><U71/><E25/><V13/><F16/><W70/><G70/><T123/><D72/><U118/><E71/><V18/><F18/><W19/><G19/><T21/><D74/><U69/><E69/><V129/><F129/><W44/><G44/><T3/><D21/><U26/><E118/><V101/><F101/><W122/><G122/><RYUUKYOKU ba="0,1" sc="237,-10,292,-10,250,-10,211,30" hai3="5,8,15,36,39,48,50,51,84,90,95,112,113" /><INIT seed="2,1,1,4,2,104" ten="227,282,240,241" oya="2" hai0="90,22,72,26,116,0,20,49,52,121,46,95,16" hai1="131,94,36,122,61,62,7,55,109,89,4,57,133" hai2="53,85,106,68,103,24,8,81,15,108,21,5,33" hai3="3,28,135,88,63,71,73,48,45,84,98,86,80"/><V99/><F68/><W129/><G129/><T118/><D121/><U18/><E36/><V76/><F33/><W97/><G135/><T66/><D66/><U42/><E42/><V120/><F120/><W107/><G3/><T87/><D0/><U9/><E122/><V82/><F108/><W54/><G107/><T110/><D110/><U113/><E109/><V127/><F127/><W119/><G119/><N who="0" m="45611" /><D22/><U101/><E101/><V83/><REACH who="2" step="1"/><F53/><REACH who="2" ten="227,282,230,241" step="2"/><W125/><G125/><T100/><D100/><U79/><E113/><V130/><F130/><W10/><G71/><T115/><D115/><U70/><E131/><V65/><F65/><W30/><G63/><T111/><D111/><U19/><E70/><V11/><F11/><W134/><G134/><T105/><D105/><U31/><E133/><V40/><F40/><W34/><G10/><T2/><D2/><U128/><E62/><V126/><F126/><W29/><G34/><T23/><D20/><U14/><E128/><V38/><F38/><W12/><G12/><T64/><D64/><U123/><E123/><V112/><F112/><W59/><G45/><T56/><D46/><U43/><E43/><V132/><F132/><W58/><G59/><T6/><D23/><U50/><E57/><V32/><F32/><W51/><G48/><T78/><D56/><U114/><E50/><V96/><F96/><W124/><G124/><T74/><D49/><U27/><E114/><V41/><F41/><W25/><G25/><T117/><D52/><U1/><E55/><V44/><F44/><W37/><G37/><T91/><D117/><RYUUKYOKU ba="1,2" sc="227,-10,282,-10,230,30,241,-10" hai2="5,8,15,21,24,76,81,82,83,85,99,103,106" /><INIT seed="2,2,2,1,5,8" ten="217,272,260,231" oya="2" hai0="41,109,16,114,87,25,78,4,135,98,68,117,34" hai1="17,95,3,2,81,20,83,133,44,96,99,101,42" hai2="111,46,82,61,121,113,132,128,119,40,67,58,70" hai3="21,69,123,24,107,104,29,0,33,120,94,93,38"/><V77/><F121/><W49/><G38/><T102/><D68/><U1/><E133/><V43/><F119/><W125/><G125/><T110/><D114/><U22/><E99/><V127/><F113/><W32/><G0/><T71/><D71/><U85/><E85/><V134/><F127/><W7/><G69/><T76/><D117/><U106/><E106/><V72/><F70/><W129/><G129/><T130/><D130/><U105/><E105/><V59/><F111/><N who="0" m="42506" /><D135/><N who="2" m="51754" /><F128/><W84/><G104/><N who="0" m="63575" /><D4/><U11/><E11/><V60/><F46/><W126/><G107/><T65/><D65/><AGARI ba="2,2" hai="40,43,58,59,60,61,65,67,72,77,82" m="51754" machi="65" ten="30,1500,0" yaku="20,1" doraHai="8" who="2" fromWho="0" sc="217,-21,272,0,260,41,231,0" /><INIT seed="2,3,0,2,1,45" ten="196,272,301,231" oya="2" hai0="131,84,107,49,76,7,92,99,68,129,117,17,104" hai1="105,4,94,52,88,123,121,122,79,11,89,19,13" hai2="114,55,102,130,60,22,9,108,83,90,0,98,69" hai3="59,125,42,81,32,134,75,86,77,128,8,72,23"/><V71/><F114/><W95/><G128/><N who="0" m="49227" /><D68/><U66/><E105/><V36/><F36/><W20/><G134/><T27/><D7/><U12/><E66/><V101/><F130/><W73/><G125/><T87/><D117/><U14/><E79/><V43/><F43/><W6/><G32/><T113/><D113/><U5/><E5/><V135/><F135/><W38/><G59/><T2/><D2/><N who="1" m="407" /><E19/><V85/><F9/><W24/><G24/><T1/><D1/><U63/><E94/><V78/><F0/><W124/><G124/><T70/><D70/><U18/><E18/><V3/><F3/><W53/><G53/><T51/><D76/><U112/><E112/><V48/><F71/><W116/><G95/><T35/><D104/><U26/><E26/><V37/><F37/><W41/><G116/><T132/><D132/><U80/><E80/><V103/><F78/><W50/><G38/><T118/><D118/><U91/><E91/><V15/><F69/><W127/><G41/><T100/><D107/><U120/><E120/><V96/><F98/><W44/><G127/><T67/><D67/><U34/><E34/><V64/><F96/><W119/><G119/><T110/><D110/><U62/><E62/><V97/><F97/><W133/><G133/><T126/><D126/><U33/><E33/><V30/><F108/><W111/><G111/><T46/><D46/><U106/><E106/><V74/><F64/><W57/><G57/><AGARI ba="3,0" hai="12,13,14,52,57,63,88,89,121,122,123" m="407" machi="57" ten="40,5200,0" yaku="13,1,54,2" doraHai="45" who="1" fromWho="3" sc="196,0,272,61,301,0,231,-61" /><INIT seed="3,0,0,5,3,129" ten="196,333,301,170" oya="3" hai0="68,135,44,40,39,14,63,45,125,114,102,82,86" hai1="105,116,66,90,11,94,75,81,2,134,112,28,37" hai2="115,103,71,98,25,69,32,101,79,104,29,21,111" hai3="48,53,126,113,3,97,76,57,9,5,23,127,78"/><W34/><G113/><T64/><D114/><U128/><E105/><V31/><F115/><W30/><G97/><T96/><D125/><N who="3" m="47625" /><G34/><T8/><D135/><U95/><E112/><V17/><F111/><W35/><G35/><T59/><D44/><U70/><E134/><V51/><F103/><W52/><G53/><T131/><D131/><U24/><E128/><V110/><F110/><W42/><G42/><T6/><D82/><U74/><E37/><V84/><F31/><W80/><G80/><T73/><D73/><U108/><E108/><V7/><F32/><W67/><G67/><T0/><D86/><U92/><E116/><V41/><F29/><W122/><G122/><T50/><D68/><U83/><E66/><V93/><F71/><W119/><G119/><T85/><D85/><U123/><E70/><V106/><F69/><W36/><G36/><T120/><D39/><U55/><E55/><V19/><F41/><W130/><G130/><T43/><D120/><U15/><E2/><V56/><F84/><W38/><G38/><T91/><D91/><U4/><E123/><V10/><F79/><W46/><G46/><T62/><D62/><U132/><E132/><V49/><F106/><W100/><G100/><T88/><D88/><U1/><E1/><N who="2" m="367" /><F104/><W133/><G133/><T118/><D118/><U72/><E90/><V99/><F99/><W124/><N who="3" m="47633" /><W47/><DORA hai="33" /><G47/><T121/><D121/><U20/><AGARI ba="0,0" hai="4,11,15,20,24,28,72,74,75,81,83,92,94,95" machi="20" ten="40,1500,0" yaku="0,1" doraHai="129,33" who="1" fromWho="1" sc="196,-4,333,15,301,-4,170,-7" owari="192,-21.0,348,45.0,297,10.0,163,-34.0" /></mjloggm>