<mjloggm ver="2.3"><GO type="41" lobby="0"/><UN n0="%E5%B0%B1%E6%B4%BB%E7%94%9F%40%E5%B7%9D%E6%9D%91%E8%BB%8D%E5%9B%A3" n1="%E3%82%B8%E3%83%A7%E3%82%A4%E3%82%B9%E5%B0%91%E4%BD%90" n2="%73%61%73%73%61" n3="%E3%81%82%E3%81%A3%E3%81%8D%E3%83%BC%E3%81%AB%E3%82%83%E3%82%93" dan="15,13,14,15" rate="1968.54,1874.93,1904.68,2018.37" sx="M,M,M,F"/><TAIKYOKU oya="0"/><INIT seed="0,0,0,4,5,21" ten="250,250,250,250" oya="0" hai0="27,61,45,108,11,47,53,130,99,20,82,9,111" hai1="5,26,86,132,87,23,44,80,79,102,54,92,74" hai2="8,49,22,106,133,50,131,94,100,68,43,73,70" hai3="96,117,30,64,65,16,103,39,97,124,57,90,10"/><T18/><D130/><U77/><E132/><V125/><F106/><W40/><G117/><T101/><D82/><U1/><E74/><V83/><F131/><W126/><G30/><T14/><D61/><U66/><E66/><V55/><F133/><W118/><G90/><T33/><D33/><U88/><E1/><V58/><F8/><W29/><G29/><T110/><D53/><U24/><E5/><V98/><F125/><W115/><G97/><T89/><D89/><N who="1" m="51399" /><E23/><V13/><F43/><W135/><G135/><T59/><D59/><U17/><E17/><V36/><F36/><W3/><G3/><T112/><D112/><U19/><E19/><V48/><F13/><W72/><G72/><T32/><D32/><U35/><E35/><V67/><F22/><W62/><G65/><T109/><N who="0" m="28160" /><DORA hai="2" /><T46/><REACH who="0" step="1"/><D14/><REACH who="0" ten="240,250,250,250" step="2"/><U41/><E41/><V31/><F67/><W113/><G115/><T78/><D78/><N who="1" m="29707" /><E102/><V0/><F100/><W105/><G113/><T38/><D38/><U129/><E129/><V120/><F0/><W7/><G103/><T69/><D69/><U123/><E123/><V6/><F68/><W104/><G39/><T56/><D56/><U119/><E119/><V85/><F70/><W42/><G118/><T71/><D71/><U63/><E63/><V37/><F58/><W93/><G62/><T127/><D127/><U114/><E114/><V60/><F120/><W107/><G126/><T25/><D25/><U122/><E122/><V4/><F60/><W91/><G124/><T81/><D81/><U12/><E12/><V121/><F83/><RYUUKYOKU ba="0,1" sc="240,15,250,15,250,-15,250,-15" hai0="9,11,18,20,27,45,46,47,99,101" hai1="24,26,44,54,87,88,92" /><INIT seed="0,1,1,3,0,126" ten="255,265,235,235" oya="0" hai0="76,72,42,71,27,40,85,31,29,73,96,8,58" hai1="36,82,34,10,105,7,13,53,22,11,16,3,52" hai2="132,61,81,124,39,18,135,120,5,107,79,125,106" hai3="84,50,35,94,114,55,118,108,104,115,121,116,6"/><T1/><D71/><U93/><E105/><N who="2" m="39947" /><F39/><W70/><G35/><T25/><D96/><U123/><E36/><V45/><F5/><W74/><G70/><T68/><D68/><U48/><E123/><V113/><F45/><W60/><G60/><T51/><D1/><U28/><E82/><V49/><F49/><W65/><G65/><T47/><D40/><U80/><E80/><V97/><F120/><W83/><G6/><T91/><D8/><U38/><E38/><V92/><F18/><W59/><G104/><T37/><D76/><U0/><E93/><V17/><F17/><W98/><G74/><T127/><D127/><N who="2" m="48714" /><F61/><W44/><G44/><T41/><D73/><U111/><E111/><V19/><F19/><W26/><G26/><T66/><D72/><U100/><E100/><N who="2" m="60455" /><F113/><W15/><G108/><T63/><D41/><U56/><E53/><V133/><F81/><W9/><G121/><T89/><D37/><U101/><E101/><V87/><F79/><N who="3" m="46207" /><G115/><T20/><D85/><AGARI ba="1,1" hai="85,87,132,133,135" m="60455,48714,39947" machi="85" ten="40,8000,1" yaku="20,1,18,1,34,2" doraHai="126" who="2" fromWho="0" sc="255,-83,265,0,235,93,235,0" /><INIT seed="1,0,0,0,0,116" ten="172,265,328,235" oya="1" hai0="102,21,3,55,63,59,96,60,13,61,23,19,68" hai1="77,105,4,94,47,113,25,42,8,57,85,99,53" hai2="83,51,31,46,50,103,110,135,126,95,27,7,66" hai3="124,1,36,82,65,117,44,41,22,130,81,12,28"/><U86/><E113/><V49/><F110/><W69/><G1/><T70/><D3/><U37/><E105/><V79/><F7/><W87/><G117/><T11/><D70/><U30/><E77/><V80/><F126/><W123/><G124/><T58/><D68/><U127/><E127/><V106/><F106/><W97/><G130/><T109/><D109/><U131/><E131/><V24/><F135/><W76/><G97/><T38/><D38/><U71/><E71/><V92/><F66/><W73/><G123/><T14/><D14/><U72/><E72/><V98/><F46/><W112/><G112/><T104/><REACH who="0" step="1"/><D63/><REACH who="0" ten="162,265,328,235" step="2"/><U0/><E25/><N who="2" m="9803" /><F31/><W128/><G12/><T100/><D100/><U5/><E30/><V118/><F118/><W78/><G36/><T91/><D91/><U64/><E5/><V40/><F40/><W75/><G41/><T89/><D89/><U108/><E108/><V93/><F79/><W29/><G69/><T132/><D132/><U74/><E74/><V111/><F111/><W10/><G78/><T48/><D48/><U120/><E120/><V15/><F15/><W54/><G76/><T18/><D18/><U119/><E119/><V56/><F103/><W16/><G16/><T101/><D101/><U45/><E37/><V26/><F26/><W33/><G29/><T20/><D20/><U121/><E121/><V114/><F114/><W125/><G22/><T32/><D32/><U43/><E0/><V67/><F98/><W39/><G33/><T107/><D107/><U62/><E4/><V122/><F122/><W90/><G28/><RYUUKYOKU ba="0,1" sc="162,15,265,-15,328,15,235,-15" hai0="11,13,19,21,23,55,58,59,60,61,96,102,104" hai2="49,50,51,56,67,80,83,92,93,95" /><INIT seed="2,1,1,0,2,56" ten="177,250,343,220" oya="2" hai0="124,105,115,1,4,98,129,82,44,38,34,90,87" hai1="11,119,77,5,20,76,24,48,94,13,41,36,108" hai2="47,26,133,19,102,50,89,103,59,53,123,42,2" hai3="132,29,109,130,60,6,128,135,84,100,35,96,79"/><V110/><F123/><W95/><G6/><T40/><D34/><U23/><E119/><V81/><F2/><W71/><G29/><T52/><D115/><U73/><E73/><V57/><F133/><N who="3" m="51275" /><G35/><T21/><D129/><N who="3" m="49769" /><G71/><T37/><D124/><U85/><E36/><V67/><F110/><W83/><G60/><T46/><D1/><U101/><E108/><AGARI ba="1,1" hai="79,83,84,95,96,100,108,109" m="49769,51275" machi="108" ten="40,8000,1" yaku="20,1,19,1,34,2" doraHai="56" who="3" fromWho="1" sc="177,0,250,-83,343,0,220,93" /><INIT seed="3,0,0,5,2,63" ten="177,167,343,313" oya="3" hai0="29,108,12,42,100,6,117,88,68,129,109,119,106" hai1="99,61,33,131,101,18,10,95,92,82,81,122,32" hai2="50,111,14,78,36,26,21,86,110,25,8,104,58" hai3="15,83,105,2,90,74,96,51,31,94,98,41,127"/><W91/><G2/><T27/><D68/><U116/><E116/><N who="0" m="44617" /><D106/><U0/><E122/><V59/><F104/><W76/><G31/><T65/><D100/><U22/><E131/><V103/><F36/><W46/><G127/><T60/><D42/><U133/><E133/><V125/><F103/><W5/><G105/><T49/><D49/><U123/><E123/><V64/><F125/><W40/><G40/><T115/><D129/><U28/><E28/><V132/><F26/><W114/><G114/><T75/><D75/><U80/><E0/><V67/><F132/><W93/><G15/><T37/><D37/><U30/><E30/><N who="2" m="17711" /><F111/><N who="0" m="42570" /><D115/><U53/><E10/><V120/><F110/><W77/><G5/><T4/><D88/><U107/><E53/><N who="2" m="32055" /><F59/><W19/><G76/><T16/><D60/><U72/><E72/><V44/><F44/><W34/><REACH who="3" step="1"/><G19/><REACH who="3" ten="177,167,343,303" step="2"/><T7/><D7/><U130/><E130/><V87/><F120/><W35/><AGARI ba="0,1" hai="34,35,41,46,51,74,77,83,90,91,93,94,96,98" machi="35" ten="30,12000,1" yaku="1,1,2,1,0,1,9,1,53,1" doraHai="63" doraHaiUra="39" who="3" fromWho="3" sc="177,-40,167,-40,343,-40,303,130" /><INIT seed="3,1,0,3,1,101" ten="137,127,303,433" oya="3" hai0="57,106,15,117,135,113,71,125,18,76,20,83,3" hai1="46,24,6,104,70,51,1,48,100,114,87,72,133" hai2="81,97,122,43,41,32,69,19,4,8,33,55,53" hai3="74,96,0,77,120,59,79,131,66,11,102,98,42"/><W112/><G42/><T25/><D71/><U10/><E114/><V118/><F69/><W29/><G112/><T37/><D3/><U124/><E70/><V67/><F118/><W47/><G120/><T31/><D117/><U21/><E124/><V58/><F19/><W108/><G29/><T5/><D113/><U61/><E72/><V12/><F122/><W103/><G47/><T35/><D37/><U116/><E116/><V23/><F23/><W13/><G0/><T132/><D5/><U2/><E133/><V92/><F81/><W94/><G74/><T38/><D38/><U75/><E75/><V115/><F115/><W60/><G131/><T109/><D109/><U134/><E134/><N who="0" m="51241" /><D57/><U7/><E87/><V9/><F9/><W62/><G62/><T130/><D130/><U14/><E61/><N who="2" m="38327" /><F32/><W17/><REACH who="3" step="1"/><G108/><REACH who="3" ten="137,127,303,423" step="2"/><T99/><D125/><U80/><E80/><V16/><F41/><W91/><G91/><T121/><D121/><U88/><E88/><N who="2" m="55431" /><F43/><W78/><G78/><T126/><D126/><U129/><E129/><V64/><F64/><W27/><G27/><T34/><D83/><U28/><E2/><V105/><F105/><AGARI ba="1,1" hai="11,13,17,59,60,66,77,79,94,96,98,102,103,105" machi="105" ten="30,11600,0" yaku="1,1,7,1,52,1,53,1" doraHai="101" doraHaiUra="89" who="3" fromWho="2" sc="137,0,127,0,303,-119,423,129" /><INIT seed="3,2,0,2,4,74" ten="137,127,184,552" oya="3" hai0="75,89,96,105,91,4,94,125,112,123,25,28,65" hai1="99,116,23,50,31,115,53,103,44,128,129,51,72" hai2="63,64,121,106,135,76,80,16,113,73,87,110,133" hai3="2,77,43,71,66,35,127,39,46,126,120,18,119"/><W70/><G119/><T79/><D123/><U37/><E116/><V38/><F110/><W55/><G2/><T83/><D125/><N who="3" m="47625" /><G35/><T69/><D112/><U132/><E115/><V98/><F113/><W81/><G120/><T29/><D4/><U17/><E72/><V48/><F38/><W56/><G18/><T12/><D12/><U117/><E117/><V88/><F48/><N who="3" m="30823" /><G66/><T26/><D105/><U27/><E37/><V111/><F111/><W60/><G60/><T1/><D1/><U13/><E132/><N who="2" m="50763" /><F121/><W10/><G10/><T3/><D3/><U24/><E50/><V6/><F6/><W109/><G109/><T40/><D40/><U7/><E7/><V84/><F16/><W68/><G68/><T118/><D118/><U54/><E54/><V78/><F63/><W9/><G9/><T102/><D65/><U34/><REACH who="1" step="1"/><E27/><REACH who="1" ten="137,117,184,552" step="2"/><V95/><F64/><W92/><G39/><T15/><D15/><U131/><E131/><V57/><F57/><W130/><G71/><T30/><D69/><U11/><E11/><V85/><F78/><W45/><G70/><T93/><REACH who="0" step="1"/><D102/><AGARI ba="2,1" hai="73,76,80,84,85,87,88,95,98,102,106" m="50763" machi="102" ten="30,12000,2" yaku="24,1,20,1,34,2,52,1,54,1" doraHai="74" who="2" fromWho="0" sc="137,-126,117,0,184,136,552,0" /><INIT seed="4,0,0,5,4,130" ten="11,117,320,552" oya="0" hai0="118,117,51,16,2,90,39,9,14,21,64,23,104" hai1="28,86,6,135,115,56,100,74,102,129,119,123,122" hai2="98,0,17,126,10,69,133,107,77,132,71,37,128" hai3="32,76,82,66,113,62,101,106,103,24,79,97,54"/><T48/><D104/><U124/><E6/><V121/><F121/><W25/><G113/><T87/><D39/><U20/><E86/><V36/><F128/><W31/><G103/><T105/><D105/><U99/><E99/><V11/><F17/><W93/><G54/><T92/><D64/><U52/><E74/><V13/><F13/><W112/><G112/><T111/><D111/><U134/><E129/><V49/><F77/><W57/><G106/><T22/><REACH who="0" step="1"/><D2/><REACH who="0" ten="1,117,320,552" step="2"/><U4/><E115/><V34/><F126/><W65/><G65/><T29/><D29/><U80/><E119/><AGARI ba="0,1" hai="9,14,16,21,22,23,48,51,87,90,92,117,118,119" machi="119" ten="40,3900,0" yaku="1,1,54,1,53,0" doraHai="130" doraHaiUra="125" who="0" fromWho="1" sc="1,49,117,-39,320,0,552,0" /><INIT seed="4,1,0,3,3,37" ten="50,78,320,552" oya="0" hai0="54,31,98,36,113,51,0,35,78,34,110,71,126" hai1="16,129,33,21,50,120,73,28,90,94,105,117,93" hai2="92,45,107,66,124,19,109,128,76,14,1,48,52" hai3="99,46,12,44,26,116,39,32,104,81,74,127,125"/><T49/><D36/><U87/><E73/><V62/><F107/><W111/><G116/><T101/><D0/><U43/><E117/><V132/><F1/><W23/><G111/><T63/><D110/><U27/><E105/><V86/><F109/><W65/><G65/><N who="0" m="41407" /><D113/><U42/><E120/><V24/><F128/><W53/><G12/><T25/><D35/><U108/><E108/><V97/><F132/><W130/><G23/><T77/><D126/><U122/><E122/><V134/><F134/><W11/><G53/><T84/><D84/><U8/><E129/><V133/><F24/><W68/><G11/><T88/><D88/><U102/><E102/><V85/><F124/><W131/><G68/><T118/><D118/><U91/><E8/><V2/><F76/><N who="0" m="29290" /><D54/><U79/><E79/><V72/><F2/><W69/><G39/><T29/><D29/><U82/><E50/><V61/><F72/><W96/><G74/><T119/><D119/><U58/><E58/><N who="2" m="37175" /><F62/><W100/><G81/><T80/><D80/><U114/><E114/><V18/><F133/><W83/><G83/><T115/><D115/><U135/><E135/><V13/><F13/><W47/><G125/><T22/><D22/><U75/><E75/><V6/><F6/><W123/><G127/><T89/><D89/><U64/><E64/><V57/><F57/><W7/><G123/><T9/><D9/><U121/><E121/><V4/><F4/><W30/><G7/><T41/><D41/><N who="1" m="15371" /><E90/><N who="2" m="55447" /><F14/><W55/><G69/><T56/><D56/><U70/><E70/><V15/><F15/><W10/><G131/><RYUUKYOKU ba="1,0" sc="50,10,78,10,320,10,552,-30" hai0="25,31,34,49,51,98,101" hai1="16,21,27,28,33,82,87,91,93,94" hai2="18,19,45,48,52,85,86" /><INIT seed="4,2,0,0,1,4" ten="60,88,330,522" oya="0" hai0="97,13,7,71,48,100,111,9,20,68,30,126,119" hai1="135,5,64,72,76,123,105,39,17,112,16,60,122" hai2="98,73,83,131,65,99,86,57,77,133,49,38,26" hai3="132,94,87,19,40,12,88,74,37,53,121,8,113"/><T92/><D119/><U67/><E105/><V61/><F38/><W56/><G113/><T106/><D111/><U36/><E112/><V54/><F133/><W115/><G115/><T3/><D126/><U81/><E135/><V63/><F131/><W27/><G74/><T69/><D48/><U15/><E5/><V78/><F61/><W117/><G117/><T101/><D30/><U58/><E64/><V114/><F114/><W130/><G121/><T66/><D66/><U108/><E108/><V21/><F73/><W62/><G130/><T55/><D55/><U95/><E95/><V84/><F84/><W91/><G132/><T29/><D29/><U6/><E6/><V59/><REACH who="2" step="1"/><F77/><REACH who="2" ten="60,88,320,522" step="2"/><W50/><G37/><T23/><REACH who="0" step="1"/><D3/><REACH who="0" ten="50,88,320,522" step="2"/><U43/><E39/><V120/><F120/><W42/><G50/><T2/><D2/><U31/><E122/><V118/><F118/><W28/><G42/><T90/><D90/><U102/><E123/><V45/><F45/><W75/><G40/><T44/><D44/><U109/><E43/><V104/><F104/><W47/><G91/><T18/><D18/><AGARI ba="2,2" hai="18,21,26,49,54,57,59,63,65,78,83,86,98,99" machi="18" ten="30,3900,0" yaku="1,1,7,1,8,1,53,0" doraHai="4" doraHaiUra="129" who="2" fromWho="0" sc="50,-45,88,0,320,65,522,0" /><INIT seed="5,0,0,2,1,9" ten="5,88,385,522" oya="1" hai0="88,4,54,92,23,81,51,123,132,135,39,52,3" hai1="55,108,86,38,43,50,49,80,83,18,87,21,85" hai2="19,94,121,73,111,74,128,124,48,130,71,97,103" hai3="122,11,84,53,29,15,33,119,120,69,70,35,117"/><U134/><E134/><N who="0" m="51241" /><D39/><U62/><E38/><V14/><F71/><N who="3" m="27147" /><G53/><T118/><D118/><N who="3" m="45065" /><G84/><N who="0" m="52231" /><D123/><N who="3" m="47145" /><G29/><T12/><D3/><U27/><E43/><V0/><F121/><W57/><G57/><T113/><D113/><U112/><E112/><V16/><F0/><W126/><G126/><T93/><D81/><U78/><E108/><V8/><F124/><W1/><G1/><T65/><D65/><U32/><E32/><V41/><F111/><W66/><G66/><T68/><D68/><U102/><E102/><V110/><F110/><W95/><G95/><T116/><D116/><U105/><E105/><V98/><F19/><AGARI ba="0,0" hai="11,15,19,33,35" m="47145,45065,27147" machi="19" ten="40,2600,0" yaku="12,1,52,1" doraHai="9" who="3" fromWho="2" sc="5,0,88,0,385,-26,522,26" /><INIT seed="6,0,0,4,2,112" ten="5,88,359,548" oya="2" hai0="88,14,10,110,135,63,35,122,72,47,99,126,28" hai1="121,124,17,2,132,109,43,68,24,86,70,69,26" hai2="0,75,107,62,119,93,30,65,44,87,27,80,19" hai3="56,59,31,20,54,52,11,3,91,101,131,113,100"/><V84/><F107/><W94/><G113/><T41/><D122/><U55/><E121/><V67/><F0/><W53/><G3/><T102/><D72/><U48/><E109/><V25/><F44/><W15/><G131/><T42/><D110/><U7/><E132/><V12/><F75/><W79/><G79/><T21/><D135/><U16/><E124/><V66/><F62/><W134/><G20/><T9/><D126/><U40/><E2/><V90/><F119/><W5/><G31/><T85/><D35/><U71/><E7/><V125/><F30/><W18/><G5/><T97/><D63/><U73/><E73/><V103/><F125/><W34/><G34/><T105/><D99/><U133/><E133/><V92/><F92/><W45/><G45/><T51/><D41/><U60/><E60/><V74/><F74/><W128/><G128/><T76/><D76/><U6/><E6/><V89/><REACH who="2" step="1"/><F103/><REACH who="2" ten="5,88,349,548" step="2"/><W81/><G134/><T22/><D28/><U13/><E68/><V61/><F61/><W116/><G116/><T108/><D108/><U127/><E127/><V82/><F82/><W8/><G81/><T23/><D14/><U1/><E1/><V106/><F106/><W36/><G101/><T57/><D57/><U115/><E115/><V95/><F95/><W130/><G100/><T78/><D78/><U111/><E111/><V58/><F58/><N who="3" m="22059" /><G130/><T98/><D98/><U32/><E69/><V104/><F104/><W96/><G96/><T120/><D120/><U64/><E70/><V83/><F83/><W118/><G94/><T123/><D123/><RYUUKYOKU ba="0,1" sc="5,15,88,-15,349,15,548,-15" hai0="9,10,21,22,23,42,47,51,85,88,97,102,105" hai2="12,19,25,27,65,66,67,80,84,87,89,90,93" /><INIT seed="6,1,1,3,5,43" ten="20,73,364,533" oya="2" hai0="7,8,80,40,52,125,90,130,21,95,108,114,126" hai1="24,102,6,20,2,109,117,14,37,41,121,115,69" hai2="96,71,119,85,13,73,55,127,22,98,103,132,129" hai3="68,4,35,123,26,72,93,105,66,91,48,60,1"/><V77/><F119/><W67/><G123/><T106/><D108/><U15/><E109/><V124/><F71/><W47/><G72/><T83/><D106/><U28/><E69/><V62/><F73/><W53/><G105/><T49/><D40/><U10/><E121/><V128/><F77/><W54/><G67/><T70/><D70/><U107/><E117/><V11/><F85/><W3/><G4/><T18/><D114/><U56/><E56/><N who="2" m="35103" /><F22/><W44/><G26/><T34/><D34/><U134/><E115/><V57/><F57/><W97/><G35/><T61/><D130/><N who="2" m="50282" /><F132/><W122/><G122/><T120/><D61/><U88/><E88/><V19/><F98/><W63/><G63/><T86/><D7/><U112/><E112/><V9/><F9/><W110/><G110/><T27/><D8/><U78/><E78/><V36/><F36/><W59/><G68/><T58/><REACH who="0" step="1"/><D120/><REACH who="0" ten="10,73,364,533" step="2"/><U79/><E134/><V31/><F31/><W0/><G0/><T81/><AGARI ba="1,2" hai="18,21,27,49,52,58,80,81,83,86,90,95,125,126" machi="81" ten="30,8000,1" yaku="1,1,2,1,0,1,54,1,53,1" doraHai="43" doraHaiUra="89" who="0" fromWho="0" sc="10,103,73,-21,364,-41,533,-21" /><INIT seed="7,0,0,0,4,51" ten="113,52,323,512" oya="3" hai0="53,100,92,58,118,120,16,15,31,124,93,125,60" hai1="84,49,94,81,57,67,20,13,75,129,6,26,106" hai2="108,96,112,131,86,127,7,132,71,47,83,70,30" hai3="17,79,104,98,128,37,29,80,18,102,117,48,45"/><W65/><G117/><T90/><D120/><U35/><E106/><V40/><F30/><W78/><G128/><T11/><D118/><U44/><E129/><V61/><F131/><W5/><G5/><T116/><D116/><U135/><E35/><V2/><F108/><W23/><G37/><T82/><D31/><U122/><E75/><V24/><F112/><W22/><G65/><T111/><D111/><U115/><E115/><V50/><F132/><W85/><G29/><T4/><D100/><U39/><E39/><V76/><F24/><W41/><G18/><T14/><D82/><U103/><E135/><V32/><F32/><W89/><G22/><N who="0" m="11543" /><D90/><U101/><E122/><V0/><F127/><AGARI ba="0,0" hai="4,11,15,53,58,60,92,93,124,125,127" m="11543" machi="127" ten="30,3900,0" yaku="18,1,52,1,54,1" doraHai="51" who="0" fromWho="2" sc="113,39,52,0,323,-39,512,0" owari="152,-25.0,52,-45.0,284,8.0,512,62.0" /></mjloggm>