<mjloggm ver="2.3"><GO type="97" lobby="0"/><UN n0="%E3%82%89%E3%82%80%E3%81%A0%E6%9D%91" n1="%E5%B0%B1%E6%B4%BB%E7%94%9F%40%E5%B7%9D%E6%9D%91%E8%BB%8D%E5%9B%A3" n2="%54%4F%4B%59%4F%4B%49%44" n3="%E9%9B%80%E9%AC%BC%E3%81%B2%E3%82%8D%E3%81%AB%E3%82%83%E3%82%93" dan="15,15,15,14" rate="2009.08,2099.88,2046.28,1893.52" sx="M,M,M,F"/><TAIKYOKU oya="0"/><INIT seed="0,0,0,5,2,92" ten="250,250,250,250" oya="0" hai0="58,50,22,1,18,116,131,52,31,134,97,70,113" hai1="11,110,98,66,111,102,56,82,9,85,130,41,125" hai2="72,62,107,115,57,16,91,8,119,15,38,27,126" hai3="34,60,86,101,118,108,71,105,132,96,3,121,43"/><T81/><D113/><U46/><E125/><V76/><F115/><W83/><G3/><T74/><D1/><U120/><E120/><V65/><F38/><W124/><G118/><T129/><D31/><U51/><E56/><V4/><F126/><W25/><G43/><T68/><D74/><U117/><E66/><V123/><F107/><W42/><G42/><T103/><D81/><U63/><E63/><V48/><F119/><W37/><G37/><T35/><D35/><U14/><E117/><V13/><F27/><W40/><G40/><T10/><D10/><U17/><E9/><V32/><F32/><W45/><G45/><T127/><D127/><U128/><E85/><V87/><F48/><W93/><G124/><T69/><D116/><U75/><E82/><V99/><F72/><W23/><G121/><T6/><D6/><U49/><E49/><V77/><F123/><W90/><G108/><N who="1" m="41514" /><E75/><V33/><F33/><W61/><G132/><T47/><D58/><U12/><E12/><V80/><REACH who="2" step="1"/><F99/><REACH who="2" ten="250,250,240,250" step="2"/><W100/><G34/><T0/><D134/><U20/><E128/><V44/><F44/><W94/><G105/><T112/><D112/><U133/><E130/><V21/><AGARI ba="0,1" hai="4,8,13,15,16,21,57,62,65,76,77,80,87,91" machi="21" ten="20,12000,2" yaku="1,1,0,1,7,1,8,1,54,1,53,1" doraHai="92" doraHaiUra="54" who="2" fromWho="2" sc="250,-60,250,-30,240,130,250,-30" /><INIT seed="1,0,0,0,1,49" ten="190,220,370,220" oya="1" hai0="41,29,25,42,67,24,131,133,90,26,87,17,65" hai1="91,0,66,14,54,7,96,9,5,35,95,2,15" hai2="16,72,30,48,47,69,13,80,64,116,109,102,125" hai3="85,40,99,107,123,135,44,84,82,51,70,6,18"/><U118/><E35/><V112/><F116/><W50/><G123/><T33/><D33/><U94/><E118/><V8/><F112/><W106/><G70/><T124/><D29/><U79/><E79/><V115/><F125/><W37/><G6/><T22/><D131/><U3/><E66/><V104/><F115/><W119/><G119/><T46/><D133/><U128/><E128/><V134/><F134/><W1/><G1/><T11/><D11/><U111/><E111/><V132/><F109/><W117/><G117/><T78/><D78/><U93/><E54/><V77/><F30/><W32/><G32/><T55/><D65/><U120/><E120/><V105/><F102/><W126/><G135/><T114/><D67/><U12/><E9/><V4/><F132/><W75/><G126/><T83/><D114/><U68/><E68/><V52/><REACH who="2" step="1"/><F4/><REACH who="2" ten="190,220,360,220" step="2"/><W121/><G121/><T34/><D124/><U101/><E5/><V38/><F38/><W23/><G37/><T63/><D34/><U56/><E7/><V129/><F129/><W108/><G108/><T10/><D10/><U100/><E101/><V76/><F76/><W39/><G39/><T45/><D17/><U103/><E100/><V130/><F130/><W21/><G18/><T92/><D22/><U43/><E103/><V98/><F98/><W110/><G99/><T74/><D74/><U81/><E96/><V27/><F27/><W58/><G110/><T31/><D31/><U61/><E0/><V62/><AGARI ba="0,1" hai="8,13,16,47,48,52,62,64,69,72,77,80,104,105" machi="62" ten="30,12000,2" yaku="1,1,0,1,52,1,54,2,53,1" doraHai="49" doraHaiUra="57" who="2" fromWho="2" sc="190,-30,220,-60,360,130,220,-30" /><INIT seed="2,0,0,2,4,83" ten="160,160,490,190" oya="2" hai0="46,14,58,57,74,134,54,102,63,87,77,84,38" hai1="115,49,99,132,26,55,59,44,120,11,40,31,111" hai2="101,69,67,8,96,68,123,1,48,22,118,60,107" hai3="15,7,108,20,71,95,85,0,131,56,78,114,37"/><V17/><F123/><W124/><G71/><T128/><D102/><U89/><E115/><V94/><F118/><W76/><G37/><T29/><D29/><U125/><E120/><V45/><F107/><W28/><G0/><T127/><D14/><U109/><E125/><V117/><F117/><W100/><G124/><T2/><D2/><U35/><E132/><V129/><F129/><W116/><G116/><T41/><D127/><U6/><E99/><V23/><F69/><W97/><G131/><T122/><D122/><U112/><E89/><V90/><F101/><W80/><G108/><N who="1" m="41546" /><E112/><V75/><F75/><W47/><G47/><T103/><D103/><U12/><E59/><V104/><F104/><W79/><G56/><T81/><D128/><U39/><E39/><V88/><F90/><N who="3" m="51495" /><G114/><T21/><D134/><U64/><E64/><V18/><F1/><W42/><G42/><AGARI ba="0,0" hai="6,11,12,26,31,35,40,42,44,49,55" m="41546" machi="42" ten="30,1000,0" yaku="14,1" doraHai="83" who="1" fromWho="3" sc="160,0,160,10,490,0,190,-10" /><INIT seed="3,0,0,0,2,131" ten="160,170,490,180" oya="3" hai0="14,79,118,65,39,120,0,74,129,126,49,101,47" hai1="91,12,24,84,70,85,29,32,122,9,105,6,102" hai2="90,57,116,100,4,82,121,61,99,93,88,109,17" hai3="52,113,134,123,67,72,96,58,16,22,111,75,97"/><W104/><G113/><T128/><D14/><U92/><E122/><V132/><F116/><W124/><G123/><T41/><D101/><U73/><E73/><V34/><F34/><W42/><G42/><T119/><D0/><U5/><E70/><V1/><F121/><W3/><G3/><T54/><D120/><U18/><E105/><V83/><F109/><W35/><G35/><T76/><D65/><U66/><E66/><V133/><F17/><W2/><G2/><T15/><D15/><U8/><E102/><V115/><F115/><W50/><G67/><T125/><D76/><U44/><E9/><V69/><F69/><W48/><G48/><T114/><D114/><U95/><E44/><V19/><F19/><W53/><G53/><T28/><D28/><U77/><E77/><V11/><F82/><W23/><G23/><T87/><D87/><U46/><E46/><V10/><F83/><W13/><G97/><T31/><D31/><U89/><AGARI ba="0,0" hai="5,6,8,12,18,24,29,32,84,85,89,91,92,95" machi="89" ten="30,2000,0" yaku="0,1,9,1" doraHai="131" who="1" fromWho="1" sc="160,-5,170,20,490,-5,180,-10" owari="155,-34.0,190,-1.0,485,58.0,170,-23.0" /></mjloggm>