<mjloggm ver="2.3"><GO type="41" lobby="0"/><UN n0="%E5%88%B9%E9%82%A3%E3%81%AE%E4%B8%80%E6%92%83" n1="%E3%82%AE%E3%82%AC%E3%82%B9%E3%83%A9%E3%83%83%E3%82%B7%E3%83%A5%EF%BC%81" n2="%E5%8C%A0%E7%8E%84%E6%A0%9E" n3="%E3%83%88%E3%83%88%E3%83%AA%E5%85%88%E7%94%9F%31%39%E6%AD%B3" dan="14,14,14,14" rate="1968.51,1930.50,1879.28,2010.78" sx="M,M,M,F"/><TAIKYOKU oya="0"/><INIT seed="0,0,0,0,1,25" ten="250,250,250,250" oya="0" hai0="41,100,32,33,104,29,28,111,68,133,38,134,85" hai1="16,74,122,113,15,81,40,106,31,96,132,79,125" hai2="7,42,101,11,44,48,10,51,49,73,120,93,121" hai3="14,35,124,80,118,108,57,52,95,36,129,9,62"/><T116/><D116/><U70/><E122/><V94/><F73/><W3/><G118/><T21/><D68/><U83/><E70/><V86/><F121/><W90/><G36/><T107/><D21/><U17/><E125/><V61/><F120/><W27/><G3/><T54/><D85/><U88/><E132/><N who="0" m="50793" /><D54/><U55/><E113/><V59/><F11/><W102/><G124/><T131/><D100/><U39/><E39/><V71/><F71/><W0/><G0/><T91/><D91/><U114/><E40/><V19/><F19/><W53/><G108/><T109/><D41/><U37/><E37/><V75/><F75/><W72/><G129/><T6/><D6/><U45/><E114/><V56/><F56/><W115/><G115/><T4/><D4/><U112/><E112/><V58/><F58/><W46/><G102/><T67/><D67/><U126/><E126/><V97/><F93/><W47/><G53/><T128/><D38/><U22/><E106/><N who="0" m="40489" /><D33/><U119/><E119/><V105/><F105/><W30/><G80/><T103/><D103/><U20/><E83/><V78/><F78/><W135/><G72/><T127/><D127/><U23/><E88/><V43/><F86/><W123/><G135/><T5/><D5/><U82/><E82/><V110/><F110/><N who="0" m="41994" /><D32/><U84/><E84/><V64/><REACH who="2" step="1"/><F43/><REACH who="2" ten="250,250,240,250" step="2"/><W13/><G123/><T24/><D24/><U12/><E74/><V98/><F98/><N who="3" m="57719" /><G9/><T77/><D77/><U130/><E79/><V60/><F60/><W1/><G1/><AGARI ba="0,1" hai="1,7,10,42,44,48,49,51,59,61,64,94,97,101" machi="1" ten="30,2000,0" yaku="1,1,7,1,53,0" doraHai="25" doraHaiUra="87" who="2" fromWho="3" sc="250,0,250,0,240,30,250,-20" /><INIT seed="1,0,0,5,1,134" ten="250,250,270,230" oya="1" hai0="74,50,118,22,45,117,98,78,105,9,47,27,31" hai1="12,103,57,133,3,90,29,126,72,62,67,44,91" hai2="42,59,18,111,110,115,121,26,100,104,70,43,65" hai3="92,14,88,54,55,51,7,101,23,58,86,25,84"/><U94/><E3/><V87/><F121/><W114/><G114/><T95/><D105/><U135/><E72/><V33/><F115/><W125/><G125/><T64/><D47/><U79/><E79/><V52/><F104/><W81/><G7/><T113/><D113/><U83/><E126/><V53/><F100/><W85/><G14/><T38/><D38/><U63/><E29/><V5/><F5/><W32/><G32/><T56/><D78/><U21/><E44/><V41/><F33/><W76/><G101/><T127/><D74/><U69/><E83/><V82/><F70/><W102/><G102/><N who="0" m="60767" /><D127/><U132/><E103/><V49/><F65/><W34/><G34/><T93/><D93/><U68/><E68/><V2/><F2/><W4/><G4/><T122/><D9/><U10/><E21/><V61/><F111/><W112/><G112/><T96/><D96/><U66/><REACH who="1" step="1"/><E94/><REACH who="1" ten="250,240,270,230" step="2"/><V89/><F110/><W130/><G76/><T109/><D122/><U24/><E24/><V106/><F106/><W128/><G81/><T35/><D35/><U28/><E28/><V13/><F26/><W80/><G80/><T71/><D71/><U36/><E36/><V39/><F39/><W20/><G20/><T11/><D109/><U60/><E60/><V48/><F53/><W40/><G55/><N who="0" m="30159" /><D11/><AGARI ba="0,1" hai="11,13,18,41,42,43,48,49,52,59,61,82,87,89" machi="11" ten="40,2600,0" yaku="8,1,54,1" doraHai="134" who="2" fromWho="0" sc="250,-26,240,0,270,36,230,0" /><INIT seed="2,0,0,4,1,16" ten="224,240,306,230" oya="2" hai0="24,67,58,31,106,96,21,103,81,56,12,20,131" hai1="99,133,66,119,91,121,94,53,36,26,46,113,114" hai2="14,72,90,93,70,19,3,43,129,75,1,85,83" hai3="112,28,125,63,22,78,8,128,80,117,102,110,98"/><V101/><F70/><W57/><G117/><T35/><D131/><U109/><E119/><V135/><F129/><W50/><G128/><T7/><D81/><U111/><E133/><V13/><F135/><W55/><G110/><N who="1" m="41994" /><E121/><V23/><F75/><W60/><G125/><T48/><D58/><U39/><E66/><V0/><F43/><W88/><G112/><N who="1" m="43114" /><E26/><V97/><REACH who="2" step="1"/><F72/><REACH who="2" ten="224,240,296,230" step="2"/><W107/><G8/><T9/><REACH who="0" step="1"/><D67/><REACH who="0" ten="214,240,296,230" step="2"/><U52/><E39/><V5/><F5/><W82/><G57/><T41/><D41/><AGARI ba="0,2" hai="36,41,46,52,53,91,94,99" m="43114,41994" machi="41" ten="30,2000,0" yaku="14,1,54,1" doraHai="16" who="1" fromWho="0" sc="214,-20,240,40,296,0,230,0" /><INIT seed="3,0,0,1,5,125" ten="194,280,296,230" oya="3" hai0="87,8,118,0,76,7,80,99,29,42,84,59,6" hai1="115,97,83,132,111,21,51,96,37,20,82,68,28" hai2="30,25,40,106,86,49,135,61,90,70,107,45,2" hai3="52,128,3,17,123,133,35,113,31,72,41,57,16"/><W48/><G113/><T122/><D118/><U22/><E115/><V5/><F135/><W89/><G123/><T95/><D122/><U117/><E37/><V15/><F2/><W108/><G3/><T13/><D29/><U103/><E68/><V34/><F70/><W101/><G72/><T131/><D131/><U10/><E132/><V69/><F69/><W4/><G4/><T124/><D124/><U39/><E39/><V78/><F61/><W79/><G79/><T50/><D0/><U1/><E117/><V81/><F90/><W47/><G133/><T71/><D71/><U55/><E28/><V66/><F66/><W44/><G128/><T98/><D7/><U75/><E111/><V88/><F88/><W119/><G119/><T32/><D32/><U85/><E75/><V18/><F5/><W63/><G108/><T23/><D23/><AGARI ba="0,0" hai="15,18,23,25,30,34,40,45,49,78,81,86,106,107" machi="23" ten="30,1000,0" yaku="7,1" doraHai="125" who="2" fromWho="0" sc="194,-10,280,0,296,10,230,0" /><INIT seed="4,0,0,0,4,55" ten="184,280,306,230" oya="0" hai0="21,43,131,17,93,56,94,117,75,27,101,68,121" hai1="62,86,128,58,119,29,63,46,61,70,110,69,13" hai2="113,25,129,20,79,105,115,30,77,108,87,7,44" hai3="37,120,92,107,102,89,76,22,26,125,64,16,2"/><T28/><D121/><U19/><E110/><V3/><F105/><W45/><G2/><T130/><D68/><U85/><E119/><V50/><F108/><W97/><G125/><T65/><D117/><U38/><E128/><N who="0" m="49193" /><D75/><U132/><E132/><V99/><F99/><W83/><G120/><T109/><D109/><U134/><E134/><V73/><F73/><W96/><G64/><T31/><D43/><U126/><E126/><V39/><F39/><W98/><G98/><N who="0" m="59599" /><D94/><U112/><E112/><V54/><F129/><W0/><G0/><T53/><D65/><U12/><E69/><V59/><F3/><W51/><G37/><T135/><D135/><U123/><E70/><V104/><F7/><W47/><REACH who="3" step="1"/><G51/><AGARI ba="0,0" hai="17,21,27,28,31,51,53,56" m="59599,49193" machi="51" ten="30,2900,0" yaku="19,1,52,1" doraHai="55" who="0" fromWho="3" sc="184,29,280,0,306,0,230,-29" /><INIT seed="4,1,0,0,2,13" ten="213,280,306,201" oya="0" hai0="45,38,3,30,48,57,128,32,73,85,91,55,63" hai1="79,8,31,72,71,17,113,103,89,15,133,36,101" hai2="83,39,22,34,29,21,18,62,108,121,58,23,67" hai3="115,123,87,66,0,125,64,14,9,28,102,41,120"/><T44/><D73/><U127/><E71/><V50/><F121/><N who="3" m="46667" /><G0/><T130/><D3/><U94/><E36/><V118/><F39/><W110/><G110/><T11/><D30/><U19/><E133/><V100/><F118/><W7/><G115/><T70/><D32/><U68/><E68/><V25/><F108/><W24/><G125/><T77/><D77/><U97/><E127/><V59/><F83/><W126/><G126/><T112/><D11/><U47/><E113/><V132/><F132/><W116/><G116/><T117/><D117/><U80/><E31/><V6/><F6/><W122/><G41/><N who="0" m="22583" /><D112/><U26/><REACH who="1" step="1"/><E47/><REACH who="1" ten="213,270,306,201" step="2"/><V129/><F129/><N who="0" m="49770" /><D70/><U131/><E131/><V53/><F100/><W49/><G102/><T92/><D45/><U98/><E98/><V84/><F84/><W90/><G122/><T109/><D109/><U75/><E75/><V88/><F88/><W52/><G87/><T114/><D114/><U95/><E95/><V20/><F34/><N who="3" m="20743" /><G90/><T60/><AGARI ba="1,1" hai="48,55,57,60,63,85,91,92" m="49770,22583" machi="60" ten="30,1500,0" yaku="19,1" doraHai="13" who="0" fromWho="0" sc="213,28,270,-6,306,-6,201,-6" /><INIT seed="4,2,0,1,3,82" ten="241,264,300,195" oya="0" hai0="80,134,91,10,1,55,35,53,18,5,98,87,36" hai1="38,94,128,107,19,99,63,25,8,93,56,122,17" hai2="68,127,57,34,62,46,115,47,40,84,100,103,72" hai3="81,52,6,76,95,132,45,0,61,73,129,48,117"/><T50/><D35/><U37/><E122/><V118/><F34/><W2/><G117/><T77/><D36/><U59/><E128/><V109/><F72/><W24/><G129/><T30/><D30/><U114/><E114/><V9/><F109/><W121/><G121/><T88/><D134/><U83/><E107/><V15/><F68/><W32/><G132/><T111/><D111/><U119/><E119/><V26/><F127/><W54/><G6/><T85/><D98/><U67/><E59/><V106/><F106/><W44/><G95/><T113/><D113/><U96/><E83/><V90/><F47/><W75/><G75/><T78/><D18/><U116/><E116/><V4/><F26/><W31/><REACH who="3" step="1"/><G61/><REACH who="3" ten="241,264,300,185" step="2"/><T110/><D110/><U133/><E133/><V125/><F118/><W102/><G102/><T58/><D55/><U33/><E93/><AGARI ba="2,1" hai="1,5,10,50,53,58,77,78,80,85,87,88,91,93" machi="93" ten="30,11600,0" yaku="7,1,52,2,54,1" doraHai="82" who="0" fromWho="1" sc="241,132,264,-122,300,0,185,0" /><INIT seed="4,3,0,4,2,117" ten="373,142,300,185" oya="0" hai0="81,19,97,1,116,45,83,56,25,28,37,125,63" hai1="128,41,61,100,108,90,40,5,122,55,77,2,36" hai2="49,91,13,98,89,119,8,103,114,74,85,123,95" hai3="53,71,113,32,58,124,78,110,133,121,134,33,4"/><T92/><D116/><U12/><E108/><V60/><F119/><W14/><G71/><T39/><D1/><U9/><E128/><V54/><F114/><W57/><G113/><T30/><D125/><U93/><E77/><V120/><F74/><W18/><G110/><T130/><D130/><U76/><E76/><V101/><F60/><W34/><G124/><T106/><D106/><U88/><E122/><V82/><F103/><W109/><G109/><T79/><D39/><U38/><E100/><V111/><F101/><W62/><G4/><T131/><D131/><U59/><E38/><V86/><F98/><W102/><G121/><T129/><D129/><U115/><E115/><V29/><F29/><N who="0" m="11370" /><D45/><U31/><E31/><V112/><F111/><W73/><G102/><N who="0" m="60711" /><D79/><U80/><E36/><V118/><F118/><W15/><G78/><T26/><D37/><U43/><E80/><N who="0" m="30793" /><D19/><U72/><E72/><V132/><F112/><W35/><G73/><T99/><D99/><U23/><REACH who="1" step="1"/><E93/><REACH who="1" ten="373,132,300,185" step="2"/><V126/><F126/><W50/><G34/><T42/><D42/><U104/><E104/><V22/><F132/><W69/><G134/><T44/><D44/><U68/><E68/><V94/><F82/><W75/><G133/><T6/><D6/><U47/><E47/><V107/><F107/><W0/><G75/><T21/><D21/><U70/><E70/><V3/><F22/><N who="3" m="11607" /><G69/><T10/><D10/><U66/><E66/><AGARI ba="3,1" hai="25,26,56,63,66" m="30793,60711,11370" machi="66" ten="30,1500,0" yaku="8,1" doraHai="117" who="0" fromWho="1" sc="373,34,132,-24,300,0,185,0" /><INIT seed="4,4,0,2,2,119" ten="407,108,300,185" oya="0" hai0="65,129,60,81,134,75,98,97,82,80,42,23,112" hai1="62,47,123,73,2,88,120,95,66,86,25,124,127" hai2="85,94,77,131,11,116,104,3,67,102,109,19,92" hai3="30,49,113,31,5,107,106,28,57,61,130,90,32"/><T68/><D112/><U93/><E73/><V114/><F3/><W46/><G113/><T55/><D42/><U56/><E2/><V26/><F109/><W103/><G130/><T87/><D75/><U36/><E25/><V17/><F114/><W1/><G32/><T20/><D87/><U117/><E117/><V96/><F131/><W135/><G135/><T29/><D129/><U24/><E24/><V122/><F116/><W91/><G5/><T18/><D134/><U34/><E34/><V72/><F122/><N who="1" m="46633" /><E36/><V40/><F40/><W84/><G1/><T69/><D29/><U53/><E47/><V4/><F67/><W41/><G103/><T9/><D9/><U126/><E93/><V99/><F26/><W54/><REACH who="3" step="1"/><G91/><REACH who="3" ten="407,108,300,175" step="2"/><T111/><D111/><U125/><E125/><V101/><F104/><W37/><G37/><T64/><D55/><AGARI ba="4,1" hai="53,55,56,62,66,86,88,95,124,126,127" m="46633" machi="55" ten="40,8000,1" yaku="18,1,52,3,54,1" doraHai="119" who="1" fromWho="0" sc="407,-92,108,102,300,0,175,0" /><INIT seed="5,0,0,5,2,128" ten="315,210,300,175" oya="1" hai0="51,63,85,57,46,3,75,104,55,27,30,6,25" hai1="102,39,92,97,135,124,15,117,122,113,81,114,36" hai2="44,100,120,5,11,126,54,58,112,71,67,2,132" hai3="91,24,76,41,65,127,74,22,130,79,69,87,129"/><U32/><E117/><V4/><F120/><W42/><G127/><T21/><D75/><U123/><E124/><V9/><F126/><W108/><G108/><T62/><D104/><U86/><E32/><V98/><F112/><N who="1" m="43113" /><E15/><V93/><F132/><W99/><G99/><T109/><D109/><U88/><E135/><V125/><F125/><W77/><G74/><T12/><D3/><U18/><E18/><V80/><F44/><W59/><G59/><T95/><D27/><U49/><E49/><V7/><F71/><W31/><G65/><T17/><D6/><U133/><E133/><V26/><F67/><W72/><G69/><T20/><D46/><U14/><E14/><V118/><F118/><W116/><G72/><T13/><D12/><U103/><E103/><V35/><F35/><W48/><G48/><T40/><D40/><U28/><E28/><V29/><F80/><W45/><G116/><T84/><D84/><U33/><E33/><V47/><F47/><W106/><G106/><T121/><D121/><AGARI ba="0,0" hai="36,39,81,86,88,92,97,102,121,122,123" m="43113" machi="121" ten="30,2900,0" yaku="15,1,54,1" doraHai="128" who="1" fromWho="0" sc="315,-29,210,29,300,0,175,0" /><INIT seed="5,1,0,5,3,35" ten="286,239,300,175" oya="1" hai0="67,70,83,44,62,97,72,22,80,130,1,6,106" hai1="93,42,133,12,54,120,129,65,94,9,118,128,123" hai2="109,16,96,32,114,99,31,77,108,74,34,63,84" hai3="46,60,10,4,38,117,3,119,26,111,8,49,126"/><U2/><E118/><N who="3" m="45066" /><G111/><T7/><D7/><U14/><E133/><V91/><F74/><W28/><G38/><T50/><D130/><N who="1" m="50283" /><E65/><V20/><F77/><W40/><G126/><T125/><D125/><U110/><E110/><V132/><F132/><W53/><G10/><T66/><D66/><U112/><E112/><V64/><F114/><W39/><G60/><T33/><D22/><U25/><E42/><V29/><F109/><W30/><G26/><T78/><D83/><U101/><E25/><V122/><F108/><W47/><AGARI ba="1,0" hai="3,4,8,28,30,39,40,46,47,49,53" m="45066" machi="47" ten="30,2000,0" yaku="12,1,52,1" doraHai="35" who="3" fromWho="3" sc="286,-6,239,-11,300,-6,175,23" /><INIT seed="6,0,0,0,3,55" ten="280,228,294,198" oya="2" hai0="123,128,50,76,25,24,38,84,105,129,134,86,61" hai1="26,83,15,58,114,54,57,115,10,36,72,103,47" hai2="74,8,37,120,42,52,66,91,17,96,99,9,65" hai3="34,13,93,28,98,82,118,95,27,14,39,107,60"/><V121/><F74/><W2/><G118/><T78/><D38/><U119/><E119/><V108/><F37/><W69/><G2/><T73/><D123/><U71/><E71/><V87/><F42/><W111/><G39/><T97/><D50/><N who="1" m="29023" /><E36/><V133/><F108/><W102/><G111/><T126/><D61/><U45/><E45/><V22/><F133/><W56/><G82/><T31/><D25/><U113/><E103/><V46/><F121/><W32/><G32/><T112/><D24/><U41/><E41/><V67/><F120/><W110/><G110/><T109/><D109/><U53/><E53/><V132/><F132/><W3/><G3/><T116/><D31/><U68/><E68/><V124/><F124/><W92/><REACH who="3" step="1"/><G56/><REACH who="3" ten="280,228,294,188" step="2"/><N who="1" m="21610" /><E26/><N who="2" m="14671" /><F8/><W49/><G49/><T63/><D134/><U23/><E23/><V16/><F9/><W88/><G88/><T4/><D116/><U18/><E72/><V62/><F91/><W127/><G127/><T1/><D126/><U131/><E83/><V5/><F62/><W81/><G81/><T40/><D63/><U20/><E20/><V89/><F89/><W0/><G0/><T59/><D1/><U30/><E30/><V6/><F87/><W19/><G19/><T51/><D73/><U64/><E64/><AGARI ba="0,1" hai="13,14,27,28,34,60,64,69,92,93,95,98,102,107" machi="64" ten="40,8000,1" yaku="1,1,25,2,53,1" doraHai="55" doraHaiUra="100" who="3" fromWho="1" sc="280,0,228,-80,294,0,188,90" /><INIT seed="7,0,0,5,4,104" ten="280,148,294,278" oya="3" hai0="118,9,57,44,119,43,116,67,72,73,46,75,110" hai1="81,45,66,28,26,62,48,90,117,6,21,32,49" hai2="93,120,121,127,83,84,91,55,0,79,30,68,103" hai3="96,2,98,86,135,123,99,15,18,82,12,22,14"/><W36/><G123/><N who="2" m="47177" /><F0/><W128/><G2/><T65/><D110/><U89/><E117/><V61/><F127/><W51/><G36/><T37/><D57/><U106/><E106/><V114/><F114/><W40/><G128/><T88/><D46/><U122/><E122/><V23/><F103/><W130/><G130/><T80/><REACH who="0" step="1"/><D9/><REACH who="0" ten="270,148,294,278" step="2"/><U63/><E6/><V69/><F23/><W133/><G40/><T108/><D108/><U126/><E126/><V111/><F111/><W59/><G51/><T52/><D52/><N who="1" m="29711" /><E32/><V97/><F30/><W64/><G59/><AGARI ba="0,1" hai="55,59,61,68,69,79,83,84,91,93,97" m="47177" machi="59" ten="30,1000,0" yaku="13,1" doraHai="104" who="2" fromWho="3" sc="270,0,148,0,294,20,278,-10" owari="270,7.0,148,-35.0,314,41.0,268,-13.0" /></mjloggm>