<mjloggm ver="2.3"><GO type="169" lobby="0"/><UN n0="%E3%83%8F%E3%83%86%E3%83%8A%E3%81%A3%E3%81%A1%E2%91%A6" n1="%E3%82%A6%E3%83%AB%E3%83%88%E3%83%A9%E7%AB%8B%E7%9B%B4" n2="%E3%82%A4%E3%83%8B%E3%82%A8%E3%82%B9%E3%82%BF" n3="%6D%61%63%6A%72" dan="16,17,17,17" rate="2041.30,2169.34,2087.58,2149.31" sx="M,M,M,M"/><TAIKYOKU oya="0"/><INIT seed="0,0,0,2,4,87" ten="250,250,250,250" oya="0" hai0="61,11,43,88,47,60,76,10,86,33,52,5,55" hai1="100,41,40,121,20,128,110,31,85,124,22,26,97" hai2="126,101,65,46,6,7,81,1,80,62,18,50,112" hai3="54,117,27,0,96,120,82,119,127,105,79,19,44"/><T72/><D33/><U30/><E121/><V116/><F112/><W71/><G0/><T133/><D133/><U21/><E110/><V69/><F126/><W93/><G71/><T25/><D72/><U48/><E124/><V75/><F116/><W38/><G105/><T99/><D99/><U84/><E128/><V131/><F131/><W111/><G127/><T94/><D76/><U125/><E125/><V104/><F18/><W37/><G37/><T45/><D25/><U77/><E48/><V53/><F75/><W92/><G92/><T28/><D28/><U83/><E85/><V102/><F1/><W49/><G38/><T132/><D132/><U8/><E8/><N who="0" m="3113" /><D5/><U89/><E77/><V107/><F107/><W123/><G111/><T90/><D90/><U95/><REACH who="1" step="1"/><E31/><REACH who="1" ten="250,240,250,250" step="2"/><V14/><F50/><W129/><G129/><T51/><D47/><U39/><E39/><V103/><F46/><W57/><G120/><T9/><D9/><U29/><E29/><V98/><F6/><W73/><G123/><T4/><D4/><U35/><AGARI ba="0,1" hai="20,21,22,26,30,35,40,41,83,84,89,95,97,100" machi="35" ten="30,4000,0" yaku="1,1,0,1,52,1,53,0" doraHai="87" doraHaiUra="130" who="1" fromWho="1" sc="250,-20,240,50,250,-10,250,-10" /><INIT seed="1,0,0,5,4,91" ten="230,290,240,240" oya="1" hai0="18,110,0,106,61,127,29,60,13,83,63,7,77" hai1="69,28,104,102,34,64,66,27,67,123,92,38,129" hai2="133,75,114,52,49,99,107,124,116,84,43,15,71" hai3="86,19,30,109,100,135,93,1,126,31,53,48,80"/><U134/><E123/><V33/><F75/><W82/><G1/><T12/><D0/><U85/><E129/><V41/><F116/><W36/><G36/><T89/><D110/><U2/><E134/><V35/><F71/><W76/><G126/><T95/><D106/><U6/><E38/><V121/><F121/><W21/><G109/><T37/><D37/><U72/><E72/><V101/><F124/><W120/><G80/><T5/><D29/><U103/><E69/><V79/><F133/><W50/><G50/><T44/><D127/><U112/><E112/><V70/><F70/><W132/><G120/><T45/><D13/><U68/><E68/><V88/><F79/><W97/><G132/><T4/><D83/><U73/><E73/><V74/><F74/><W40/><G40/><T125/><D77/><U81/><E104/><V65/><F65/><W78/><G78/><T59/><D59/><U32/><E32/><V20/><F35/><W119/><G119/><T98/><REACH who="0" step="1"/><D125/><REACH who="0" ten="220,290,240,240" step="2"/><U55/><E81/><V58/><F114/><W54/><G135/><T42/><D42/><U51/><E2/><V46/><F33/><W118/><G118/><T130/><D130/><U10/><E34/><V24/><F15/><N who="3" m="9471" /><G54/><T8/><AGARI ba="0,1" hai="4,5,7,8,12,18,44,45,60,61,63,89,95,98" machi="8" ten="30,7900,0" yaku="1,1,0,1,8,1,52,1,53,0" doraHai="91" doraHaiUra="111" who="0" fromWho="0" sc="220,89,290,-39,240,-20,240,-20" /><INIT seed="2,0,0,4,2,6" ten="309,251,220,220" oya="2" hai0="56,62,10,123,8,108,48,11,9,31,44,133,121" hai1="22,15,46,114,115,60,3,16,19,116,99,71,119" hai2="96,72,20,69,109,73,95,55,126,13,130,57,76" hai3="39,41,82,125,132,120,59,49,79,2,90,36,58"/><V34/><F34/><W112/><G120/><T26/><D108/><U64/><E3/><V101/><F69/><W67/><G2/><T32/><N who="0" m="2048" /><DORA hai="87" /><T43/><REACH who="0" step="1"/><D133/><REACH who="0" ten="299,251,220,220" step="2"/><U88/><E115/><V83/><F109/><W134/><G112/><T35/><D35/><U92/><E114/><V21/><F130/><W27/><G132/><T7/><D7/><U1/><E1/><V4/><F126/><W105/><G125/><T12/><D12/><U103/><E116/><V33/><F33/><W84/><G134/><T54/><AGARI ba="0,1" hai="26,31,32,43,44,48,54,56,62,121,123" m="2048" machi="54" ten="40,12000,2" yaku="1,1,0,1,52,4,53,1" doraHai="6,87" doraHaiUra="80,47" who="0" fromWho="0" sc="299,130,251,-30,220,-60,220,-30" /><INIT seed="3,0,0,2,4,105" ten="429,221,160,190" oya="3" hai0="29,100,93,81,84,65,89,70,6,16,68,35,74" hai1="17,12,71,78,106,41,127,110,122,104,121,109,34" hai2="66,94,128,42,43,26,0,85,64,130,124,51,91" hai3="60,10,107,28,134,113,11,117,101,102,98,52,115"/><W2/><G117/><T72/><D6/><U20/><E71/><V132/><F0/><W82/><G134/><T87/><D29/><U24/><E127/><V39/><F39/><W59/><G102/><T133/><D35/><U83/><E41/><V21/><F124/><W111/><G111/><N who="1" m="42506" /><E24/><V129/><F132/><W108/><G108/><T31/><D31/><U19/><E17/><V4/><F4/><W48/><G28/><T79/><D133/><U7/><E7/><V36/><F36/><W118/><G118/><T96/><D16/><U45/><E45/><N who="2" m="26039" /><F43/><W49/><G49/><T69/><REACH who="0" step="1"/><D65/><REACH who="0" ten="419,221,160,190" step="2"/><U30/><E30/><AGARI ba="0,1" hai="21,26,30,64,66,85,91,94,128,129,130" m="26039" machi="30" ten="30,1000,0" yaku="19,1" doraHai="105" who="2" fromWho="1" sc="419,0,221,-10,160,20,190,0" /><INIT seed="4,0,0,1,3,33" ten="419,211,180,190" oya="0" hai0="58,1,40,18,132,49,61,24,82,19,83,54,4" hai1="56,53,0,130,134,78,115,90,25,79,62,31,107" hai2="117,55,7,86,2,99,116,43,47,87,14,20,32" hai3="89,60,10,50,125,121,126,91,80,128,81,122,118"/><T120/><D120/><N who="3" m="46185" /><G60/><T105/><D105/><U69/><E130/><V6/><F32/><W27/><G50/><T112/><D112/><U98/><E115/><V35/><F35/><W21/><G10/><T68/><D132/><U74/><E134/><V127/><F55/><W17/><G118/><N who="2" m="45673" /><F127/><N who="3" m="48651" /><G128/><T23/><D19/><U88/><E69/><V5/><F99/><W37/><G37/><T9/><REACH who="0" step="1"/><D40/><REACH who="0" ten="409,211,180,190" step="2"/><U64/><E107/><V111/><F43/><W95/><G89/><T26/><D26/><U12/><E90/><V41/><F41/><W39/><G39/><T76/><D76/><U29/><E88/><V119/><F119/><W73/><G73/><T48/><D48/><U3/><E78/><V70/><F6/><W15/><G27/><T51/><D51/><U77/><E79/><V108/><F7/><W96/><AGARI ba="0,1" hai="15,17,21,80,81,91,95,96" m="48651,46185" machi="96" ten="30,2000,0" yaku="13,1,18,1" doraHai="33" who="3" fromWho="3" sc="409,-10,211,-5,180,-5,190,30" /><INIT seed="5,0,0,2,5,21" ten="399,206,175,220" oya="1" hai0="67,83,75,13,90,3,50,123,131,28,106,72,17" hai1="7,133,102,98,6,79,52,130,134,53,9,19,129" hai2="100,18,37,29,1,43,55,111,32,15,51,113,48" hai3="132,105,23,80,104,0,118,91,73,85,12,114,35"/><U44/><E79/><V74/><F111/><W62/><G35/><T2/><D123/><U69/><E69/><V24/><F74/><W77/><G0/><T71/><D106/><U56/><E44/><V10/><F37/><W126/><G114/><T124/><D124/><U115/><E115/><V60/><F113/><W121/><G121/><T82/><D131/><N who="1" m="50187" /><E19/><V110/><F110/><W107/><G132/><N who="1" m="50794" /><E56/><V14/><F43/><W61/><G126/><T5/><D28/><U40/><E40/><V101/><F1/><W86/><G118/><T39/><D39/><U66/><E66/><V108/><F108/><W31/><G73/><T59/><D71/><U99/><E99/><V135/><F135/><W8/><G77/><T119/><D75/><U20/><E20/><V94/><F60/><W125/><G85/><T117/><D72/><U46/><E46/><V47/><F51/><W4/><G125/><T128/><D59/><U34/><E34/><V22/><REACH who="2" step="1"/><F94/><REACH who="2" ten="399,206,165,220" step="2"/><W92/><G92/><T120/><D67/><U27/><E27/><V109/><F109/><W78/><G61/><T81/><D128/><U65/><E65/><V87/><F87/><W88/><G62/><T97/><D117/><U41/><E41/><V103/><F103/><W127/><G127/><T58/><D119/><U93/><E7/><AGARI ba="0,1" hai="7,10,14,15,18,22,24,29,32,47,48,55,100,101" machi="7" ten="30,8000,1" yaku="1,1,7,1,52,1,53,2" doraHai="21" doraHaiUra="11" who="2" fromWho="1" sc="399,0,206,-80,165,90,220,0" /><INIT seed="6,0,0,3,1,110" ten="399,126,255,220" oya="2" hai0="102,130,53,23,75,117,20,86,93,41,24,11,1" hai1="116,92,131,123,7,106,87,65,91,44,94,108,22" hai2="52,40,99,57,13,135,90,0,98,25,49,27,121" hai3="69,81,122,21,82,84,6,9,29,97,47,120,66"/><V80/><F0/><W17/><G29/><T68/><D75/><U19/><E108/><V12/><F121/><W85/><G97/><N who="2" m="36873" /><F135/><W103/><G103/><T126/><D102/><U77/><E106/><V60/><F80/><W78/><G47/><T59/><D68/><U127/><E116/><V100/><F100/><W31/><G31/><T70/><D70/><U50/><E123/><V114/><F90/><W58/><G69/><T109/><D41/><U73/><E73/><V2/><F2/><W3/><G58/><T76/><D109/><U16/><E127/><V56/><F114/><W105/><G66/><T30/><D117/><U64/><E131/><V54/><F40/><W79/><REACH who="3" step="1"/><G105/><REACH who="3" ten="399,126,255,210" step="2"/><T71/><D71/><U26/><E65/><V4/><F56/><W5/><G5/><T62/><D59/><U18/><E7/><V74/><F4/><W32/><G32/><T37/><D30/><N who="1" m="17751" /><E64/><V39/><F57/><W132/><G132/><T63/><D130/><U14/><E77/><V112/><F60/><W38/><G38/><T55/><D76/><U111/><E111/><V15/><F39/><W28/><G28/><T33/><D33/><U89/><E44/><V107/><F107/><W67/><G67/><T113/><D37/><U96/><E50/><V48/><F48/><W134/><G134/><T36/><D36/><U133/><E133/><V10/><F49/><W35/><G35/><T101/><D63/><U129/><E129/><V88/><F54/><N who="0" m="20490" /><D62/><U128/><E128/><V51/><F51/><W72/><G72/><T83/><D126/><U42/><E42/><RYUUKYOKU ba="0,1" sc="399,-15,126,15,255,-15,210,15" hai1="14,16,18,19,87,89,91,92,94,96" hai3="3,6,9,17,21,78,79,81,82,84,85,120,122" /><INIT seed="7,1,1,2,5,23" ten="384,141,240,225" oya="3" hai0="9,115,64,106,20,43,34,70,17,50,79,48,122" hai1="45,107,76,88,113,30,121,74,82,14,53,44,125" hai2="51,60,35,12,90,83,84,47,87,103,49,73,123" hai3="120,127,1,98,101,89,131,124,19,52,78,38,5"/><W62/><G38/><T57/><D34/><U4/><E121/><V6/><F73/><W94/><G120/><T100/><D70/><U59/><E125/><N who="3" m="48202" /><G78/><T80/><D122/><U31/><E113/><V118/><F35/><W16/><G131/><T13/><D115/><U36/><E107/><V27/><F103/><W92/><G5/><T63/><D43/><U55/><E36/><V91/><F118/><W112/><G1/><T129/><D129/><U93/><E45/><V95/><F60/><W132/><G132/><T99/><D9/><U29/><E44/><V69/><F69/><W22/><G112/><T3/><REACH who="0" step="1"/><D3/><REACH who="0" ten="374,141,240,225" step="2"/><U42/><E42/><V126/><F126/><W2/><G2/><T54/><D54/><U41/><E41/><V105/><F123/><W102/><G92/><T61/><D61/><U46/><E46/><V10/><F105/><W58/><G19/><T109/><D109/><U104/><E104/><V117/><F117/><W134/><G134/><T37/><D37/><U72/><E72/><AGARI ba="1,2" hai="13,17,20,48,50,57,63,64,72,79,80,99,100,106" machi="72" ten="30,2000,0" yaku="1,1,7,1,53,0" doraHai="23" doraHaiUra="135" who="0" fromWho="1" sc="374,43,141,-23,240,0,225,0" owari="417,51.0,118,-38.0,240,4.0,225,-17.0" /></mjloggm>