<mjloggm ver="2.3"><GO type="169" lobby="0"/><UN n0="%E7%B4%85%E8%A1%A3" n1="%E3%83%88%E3%83%88%E3%83%AA%E5%85%88%E7%94%9F%31%39%E6%AD%B3" n2="%E3%83%A4%E3%82%AD%E3%83%B3" n3="%6B%79%6F%6E%39%31%30" dan="16,18,17,16" rate="2077.21,2242.59,2152.89,2114.59" sx="M,F,M,M"/><TAIKYOKU oya="0"/><INIT seed="0,0,0,4,2,37" ten="250,250,250,250" oya="0" hai0="123,126,23,120,52,54,62,39,55,86,2,130,45" hai1="84,81,82,95,87,7,64,63,24,11,33,99,122" hai2="65,90,19,25,34,69,132,40,125,93,57,118,79" hai3="88,38,114,35,103,121,22,135,31,42,61,13,128"/><T18/><D2/><U115/><E122/><V44/><F69/><W59/><G114/><T1/><D1/><U6/><E115/><V80/><F125/><W96/><G35/><T4/><D4/><U49/><E33/><V73/><F132/><W17/><G31/><T116/><D116/><U72/><E72/><V110/><F110/><W83/><G128/><T101/><D130/><U8/><E24/><V131/><F131/><W85/><G135/><T98/><D126/><U74/><E74/><V70/><F70/><W77/><G121/><T104/><D62/><U29/><E29/><V27/><F34/><W112/><G112/><T66/><D66/><U97/><E49/><V109/><F109/><W89/><G42/><T47/><D86/><U76/><E63/><N who="2" m="38127" /><F19/><W102/><G38/><T127/><D127/><U0/><E64/><V15/><F15/><W113/><G113/><T41/><REACH who="0" step="1"/><D47/><REACH who="0" ten="240,250,250,250" step="2"/><U75/><E75/><V129/><F118/><W91/><G96/><T32/><D32/><U94/><E0/><V105/><F73/><W78/><REACH who="3" step="1"/><G77/><AGARI ba="0,1" hai="6,7,8,11,76,77,81,82,84,87,94,95,97,99" machi="77" ten="25,3200,0" yaku="22,2,8,1" doraHai="37" who="1" fromWho="3" sc="240,0,250,42,250,0,250,-32" /><INIT seed="1,0,0,0,5,96" ten="240,292,250,218" oya="1" hai0="46,98,78,26,117,76,79,61,0,114,9,94,72" hai1="126,119,116,47,128,66,68,12,108,131,50,2,4" hai2="101,58,41,37,125,120,130,91,106,104,123,97,49" hai3="1,56,70,10,51,95,22,109,83,35,13,122,64"/><U38/><E2/><V5/><F37/><W89/><G35/><T105/><D105/><U17/><E4/><V88/><F5/><W121/><G1/><T23/><D117/><U107/><E38/><V30/><F30/><W87/><G70/><T63/><D114/><U62/><E107/><V45/><F106/><W93/><G109/><T133/><D133/><U60/><E12/><V90/><F125/><W67/><G121/><T59/><D72/><U53/><E17/><V42/><F130/><N who="1" m="49705" /><E126/><V3/><F3/><W132/><G132/><T54/><D46/><U135/><E135/><V7/><F7/><W57/><G122/><T14/><D0/><U8/><E8/><V74/><F42/><W75/><G75/><T111/><D111/><U127/><E127/><V115/><F115/><W39/><G39/><T112/><D112/><U44/><E108/><V124/><F124/><W24/><G57/><T65/><D14/><U28/><E28/><V85/><F74/><W16/><G51/><T40/><D40/><U36/><E60/><V52/><REACH who="2" step="1"/><F85/><REACH who="2" ten="240,292,240,218" step="2"/><W21/><G21/><T92/><D23/><U71/><E71/><V129/><F129/><W110/><G110/><T18/><D9/><U55/><E36/><V25/><F25/><W69/><G69/><T134/><D26/><U80/><E116/><V103/><F103/><W81/><G22/><T20/><D20/><U11/><E119/><V102/><F102/><W6/><G24/><T48/><D134/><U19/><E11/><V100/><F100/><W43/><G10/><T77/><N who="0" m="19456" /><DORA hai="82" /><T84/><D84/><RYUUKYOKU ba="0,1" sc="240,-10,292,-10,240,30,218,-10" hai2="41,45,49,52,58,88,90,91,97,101,104,120,123" /><INIT seed="2,1,1,5,5,114" ten="230,282,270,208" oya="2" hai0="102,8,34,47,134,117,0,127,10,20,131,125,86" hai1="85,22,52,42,111,70,74,79,21,36,25,29,89" hai2="11,110,57,120,39,44,101,50,119,81,62,76,68" hai3="88,1,122,63,35,38,6,130,56,94,31,129,18"/><V103/><F120/><W100/><G38/><T45/><D34/><U105/><E70/><V49/><F39/><W65/><G122/><T128/><D102/><U24/><E105/><V59/><F68/><W93/><G18/><T30/><D117/><U121/><E121/><V9/><F119/><W58/><G94/><T19/><D86/><U113/><E113/><V15/><F110/><W132/><G100/><T115/><D115/><U82/><E111/><V14/><F81/><W60/><G132/><T46/><D30/><U99/><E36/><V16/><F76/><W48/><G48/><N who="2" m="18537" /><F44/><W43/><G43/><T64/><D64/><U106/><E42/><V133/><F133/><W12/><G1/><T27/><D134/><U40/><E40/><V17/><F59/><W96/><G35/><T51/><D51/><U108/><E108/><V91/><F91/><W67/><REACH who="3" step="1"/><G31/><REACH who="3" ten="230,282,270,198" step="2"/><T71/><D0/><U80/><E106/><V37/><F37/><W124/><G124/><T61/><D127/><U41/><E41/><V75/><F75/><W72/><G72/><T28/><D28/><U55/><E29/><V66/><AGARI ba="1,2" hai="9,11,14,15,16,17,57,62,66,101,103" m="18537" machi="66" ten="30,3000,0" yaku="8,1,54,1" doraHai="114" who="2" fromWho="2" sc="230,-11,282,-11,270,53,198,-11" /><INIT seed="2,2,0,3,5,98" ten="219,271,323,187" oya="2" hai0="134,47,35,110,36,39,92,89,131,51,4,3,104" hai1="129,32,123,62,54,1,60,72,74,43,41,79,70" hai2="33,84,20,44,65,8,108,42,34,115,91,64,82" hai3="130,46,94,93,57,13,119,111,113,5,40,128,45"/><V14/><F115/><W95/><G119/><T121/><D104/><U19/><E32/><V30/><F108/><W81/><G113/><T58/><D35/><U66/><E1/><V23/><F34/><W87/><G111/><T106/><D106/><U99/><E129/><N who="3" m="49770" /><G57/><T80/><D110/><U133/><E133/><V48/><F33/><W76/><G40/><T97/><D121/><U31/><E31/><V24/><REACH who="2" step="1"/><F23/><REACH who="2" ten="219,271,313,187" step="2"/><W132/><G132/><T68/><D134/><U28/><E123/><V56/><F56/><W86/><G86/><T37/><D58/><U63/><E72/><V21/><F21/><W50/><G50/><T78/><D51/><U11/><E74/><V27/><F27/><W122/><G122/><T7/><D39/><U73/><E73/><V55/><F55/><W125/><G125/><T114/><D37/><U77/><E43/><V15/><F15/><W18/><G5/><AGARI ba="2,1" hai="5,8,14,20,24,30,42,44,48,64,65,82,84,91" machi="5" ten="30,11600,0" yaku="1,1,7,1,8,1,53,1" doraHai="98" doraHaiUra="22" who="2" fromWho="3" sc="219,0,271,0,313,132,187,-122" /><INIT seed="2,3,0,0,1,49" ten="219,271,445,65" oya="2" hai0="110,134,72,117,5,111,3,51,12,6,60,131,4" hai1="97,87,69,10,121,74,0,38,129,89,118,108,88" hai2="58,112,22,127,27,11,114,100,95,96,40,9,113" hai3="15,119,67,54,85,36,120,26,125,65,59,73,104"/><V83/><F127/><W130/><G73/><T135/><D72/><U81/><E118/><V55/><F40/><W116/><G36/><T37/><D37/><U84/><E38/><V90/><F83/><W24/><G104/><T48/><D3/><U29/><E69/><V91/><F100/><W70/><G120/><T30/><D30/><U86/><E121/><V92/><F92/><W133/><G130/><T98/><D131/><U75/><E129/><V45/><F45/><W71/><G133/><N who="0" m="50699" /><D117/><U42/><E42/><V34/><F91/><W101/><G101/><T102/><D60/><U17/><E108/><N who="0" m="41513" /><D12/><U62/><E29/><V56/><F34/><W132/><G132/><T53/><D53/><U31/><E31/><V32/><F32/><W41/><G15/><T63/><D63/><U23/><E75/><V122/><F122/><W66/><G24/><T2/><D2/><U103/><E62/><N who="2" m="36127" /><F58/><W106/><G26/><T21/><D21/><U43/><E43/><V109/><F109/><W78/><G106/><AGARI ba="3,0" hai="4,5,6,48,51,98,102,106" m="41513,50699" machi="106" ten="40,2600,0" yaku="20,1,14,1" doraHai="49" who="0" fromWho="3" sc="219,35,271,0,445,0,65,-35" /><INIT seed="3,0,0,2,0,82" ten="254,271,445,30" oya="3" hai0="60,62,124,131,2,36,98,122,71,46,42,12,65" hai1="33,35,94,51,48,87,20,64,105,93,113,31,123" hai2="9,68,129,37,109,97,34,88,18,24,128,135,5" hai3="101,133,125,56,22,30,70,66,104,32,55,107,11"/><W130/><G70/><T45/><D2/><U96/><E113/><V102/><F37/><W54/><G32/><T116/><D122/><U76/><E123/><V75/><F75/><W19/><G66/><T86/><D116/><U112/><E112/><V49/><F109/><W73/><G30/><T78/><D62/><U95/><E64/><V72/><F72/><W100/><G73/><T7/><D46/><U84/><E76/><V27/><F49/><N who="1" m="19017" /><E105/><V15/><F135/><W26/><G125/><T29/><D124/><U74/><E74/><V13/><F34/><W1/><G130/><N who="2" m="50281" /><F88/><W40/><G40/><T16/><D131/><U77/><E77/><V79/><F79/><W115/><G115/><T28/><D42/><U52/><E33/><V120/><F120/><W39/><G39/><T41/><D78/><U47/><E35/><V81/><F81/><W4/><G133/><T50/><D41/><U90/><E52/><V6/><F68/><W69/><G69/><T25/><D71/><U85/><E47/><V10/><F6/><W80/><G80/><T63/><D7/><U8/><E8/><V21/><F10/><W126/><G126/><T53/><D36/><U38/><E38/><V89/><F89/><W43/><G43/><T121/><D121/><U92/><E96/><V118/><F118/><W83/><G83/><T99/><D98/><U134/><E134/><V17/><F5/><W114/><G114/><T57/><D99/><U132/><E132/><V58/><F58/><W106/><G56/><T117/><D57/><U91/><E91/><V119/><F119/><RYUUKYOKU ba="0,0" sc="254,-30,271,10,445,10,30,10" hai1="20,31,84,85,87,90,92,93,94,95" hai2="9,13,15,17,18,21,24,27,97,102" hai3="1,4,11,19,22,26,54,55,100,101,104,106,107" /><INIT seed="3,1,0,3,0,84" ten="224,281,455,40" oya="3" hai0="105,77,6,2,59,118,116,99,92,87,119,47,42" hai1="83,134,44,75,30,32,46,88,125,114,78,76,62" hai2="57,56,21,68,121,73,25,91,107,117,93,19,18" hai3="48,11,40,110,64,108,132,131,1,127,41,111,10"/><W45/><G1/><T126/><D105/><U36/><E114/><V13/><F117/><W63/><G127/><T4/><D126/><U128/><E125/><V80/><F68/><N who="3" m="42015" /><G132/><T60/><D2/><U94/><E134/><V95/><F107/><W49/><G131/><T69/><D69/><U106/><E106/><V72/><F121/><W3/><G3/><T65/><D87/><U90/><E128/><V55/><F80/><W23/><G23/><T17/><D17/><U16/><E30/><V22/><F95/><W12/><G12/><T98/><D77/><N who="1" m="29803" /><E36/><V74/><REACH who="2" step="1"/><F55/><REACH who="2" ten="224,281,445,40" step="2"/><W71/><G71/><T33/><D118/><U8/><E83/><V20/><F20/><W61/><G61/><T51/><D116/><U122/><E122/><V43/><F43/><W123/><G123/><T27/><D119/><U104/><E104/><V109/><F109/><N who="3" m="27907" /><W85/><DORA hai="130" /><G85/><AGARI ba="1,1" hai="13,18,19,21,22,25,56,57,72,73,74,85,91,93" machi="85" ten="40,2600,0" yaku="1,1,52,1,53,0" doraHai="84,130" doraHaiUra="5,133" who="2" fromWho="3" sc="224,0,281,0,445,39,40,-29" /><INIT seed="4,0,0,1,5,81" ten="224,281,484,11" oya="0" hai0="13,122,35,123,5,26,0,96,54,72,34,117,55" hai1="64,116,57,37,114,120,74,33,7,126,90,94,91" hai2="133,115,40,49,76,25,132,97,87,102,86,36,39" hai3="89,2,4,27,52,50,11,112,65,22,43,17,8"/><T51/><D117/><U62/><E116/><V29/><F115/><W58/><G112/><T127/><D72/><U134/><E114/><V32/><F76/><W48/><G65/><T41/><D0/><U68/><E120/><V63/><F63/><W106/><G106/><T1/><D1/><U16/><E74/><V75/><F75/><W24/><G11/><T42/><D127/><U69/><E37/><V109/><F109/><W61/><G43/><T125/><D125/><U78/><E78/><V12/><F12/><W80/><REACH who="3" step="1"/><G27/><REACH who="3" ten="224,281,484,1" step="2"/><T38/><D26/><U56/><E64/><V88/><F40/><W103/><G103/><T59/><D41/><U124/><E126/><V23/><F102/><W128/><G128/><T45/><D122/><U83/><E124/><V28/><F25/><W66/><G66/><T9/><D123/><U71/><E69/><V73/><F132/><W104/><G104/><T31/><D42/><U77/><E71/><V111/><F133/><W100/><G100/><T20/><D38/><U105/><E68/><V118/><F39/><W85/><AGARI ba="0,1" hai="2,4,8,17,22,24,48,50,52,58,61,80,85,89" machi="85" ten="30,7900,0" yaku="1,1,0,1,52,1,54,1,53,0" doraHai="81" doraHaiUra="108" who="3" fromWho="3" sc="224,-39,281,-20,484,-20,1,89" /><INIT seed="5,0,0,4,5,1" ten="185,261,464,90" oya="1" hai0="24,15,125,47,42,28,19,48,58,84,25,41,92" hai1="50,33,130,110,69,118,39,70,97,46,66,6,16" hai2="80,77,90,10,60,85,112,107,114,55,79,95,2" hai3="18,36,27,7,4,132,133,5,8,134,72,123,38"/><U37/><E118/><V53/><F107/><W59/><G72/><T111/><D111/><U93/><E33/><V22/><F77/><W101/><G123/><T99/><D125/><U98/><E110/><V67/><F22/><N who="3" m="13783" /><G101/><T31/><D42/><U75/><E75/><V135/><F135/><N who="3" m="34563" /><W78/><DORA hai="13" /><G78/><T44/><D44/><U113/><E6/><N who="3" m="2666" /><G59/><T115/><D58/><U62/><E113/><V56/><F112/><W81/><G81/><T68/><D115/><U102/><E130/><V119/><F114/><W117/><G117/><T49/><D68/><U131/><E131/><V45/><F119/><W29/><G29/><T35/><D31/><U43/><E70/><V122/><F122/><W87/><G87/><T65/><D84/><U105/><E98/><V57/><F57/><W100/><G100/><T124/><D99/><U94/><E105/><V76/><F76/><W64/><G64/><T17/><D65/><U23/><E94/><V51/><F67/><W9/><N who="3" m="2674" /><W128/><DORA hai="14" /><G128/><T54/><D92/><U109/><E109/><V20/><F79/><W3/><G3/><T96/><D96/><U103/><E103/><V104/><F104/><W0/><G0/><T30/><D28/><U21/><E102/><V86/><F80/><W73/><G73/><T126/><D30/><U11/><E97/><V52/><F86/><W88/><G88/><T127/><D124/><U83/><E83/><V12/><F2/><W106/><G106/><T34/><D127/><U61/><E93/><V129/><F129/><W71/><G71/><T121/><D126/><RYUUKYOKU ba="0,0" sc="185,-10,261,-10,464,-10,90,30" hai3="8,9,36,38" /><INIT seed="6,1,0,2,0,79" ten="175,251,454,120" oya="2" hai0="36,98,64,11,132,21,78,43,20,46,128,62,108" hai1="24,88,107,103,75,72,58,4,42,119,127,57,12" hai2="118,27,85,45,96,77,51,41,53,124,68,50,16" hai3="14,9,15,86,37,2,81,130,30,133,101,135,111"/><V18/><F118/><W93/><G37/><T19/><D108/><U80/><E119/><V117/><F117/><W84/><G111/><T109/><D109/><U61/><E127/><V28/><F68/><W71/><G71/><T25/><D128/><U120/><E120/><V55/><F96/><N who="3" m="59535" /><G86/><T13/><D132/><N who="3" m="50761" /><G30/><T125/><D125/><U126/><E126/><V66/><F66/><W26/><G26/><T35/><D35/><U100/><E24/><V52/><F51/><W129/><G2/><T73/><D98/><U48/><E48/><V5/><F124/><W102/><G102/><T89/><D89/><U134/><E88/><V29/><F29/><W105/><G105/><T113/><D25/><U17/><E107/><V99/><F99/><W10/><G14/><T123/><D123/><U31/><E12/><V104/><F104/><W33/><G33/><T7/><D36/><U112/><E31/><V65/><F65/><W22/><G22/><T106/><D21/><U83/><E103/><V82/><F27/><W59/><G59/><T8/><D64/><U6/><E100/><V122/><F28/><W38/><G38/><T95/><D106/><U3/><E3/><V40/><F122/><W92/><G92/><T32/><D95/><U90/><E58/><V47/><F85/><W131/><G15/><T67/><D13/><U54/><E57/><V0/><F18/><W70/><G70/><T34/><D19/><U114/><E17/><V63/><F16/><W74/><G74/><T91/><D73/><U60/><E75/><N who="2" m="43327" /><F0/><W56/><G56/><T121/><D121/><RYUUKYOKU ba="1,0" sc="175,-10,251,-10,454,-10,120,30" hai3="9,10,81,84,129,130,131" /><INIT seed="7,2,0,2,4,11" ten="165,241,444,150" oya="3" hai0="86,40,107,125,19,133,33,64,112,110,101,13,120" hai1="26,103,34,0,70,20,39,37,35,8,75,30,82" hai2="116,23,109,108,47,77,121,106,115,29,105,76,43" hai3="97,63,42,93,1,118,2,46,67,111,65,61,15"/><W91/><G118/><T21/><D112/><U49/><E49/><V113/><F116/><W89/><G111/><T56/><D133/><U57/><E57/><V52/><F52/><W17/><G91/><T124/><D110/><U50/><E50/><V104/><F121/><W117/><G117/><T95/><D120/><U22/><E22/><V72/><F72/><W62/><G2/><T135/><D135/><U71/><E103/><V134/><F134/><W85/><G1/><T129/><D107/><U83/><E20/><V94/><F94/><W69/><G97/><T68/><D68/><N who="1" m="26155" /><E83/><V99/><F77/><W119/><G119/><T31/><D129/><U122/><E35/><V73/><F99/><W126/><G126/><T12/><D124/><U130/><E130/><V51/><F73/><W66/><G69/><T128/><D128/><U58/><E58/><V88/><F76/><W81/><G81/><T84/><D56/><U41/><E41/><V80/><F80/><W5/><G5/><T36/><D125/><U114/><E114/><N who="2" m="43531" /><F88/><W27/><G27/><AGARI ba="2,0" hai="23,27,29,43,47,51,104,105,106,108,109" m="43531" machi="27" ten="40,1300,0" yaku="15,1" doraHai="11" who="2" fromWho="3" sc="165,0,241,0,444,19,150,-19" owari="165,-23.0,241,4.0,463,56.0,131,-37.0" /></mjloggm>