<mjloggm ver="2.3"><GO type="97" lobby="0"/><UN n0="%E5%B0%B1%E6%B4%BB%E7%94%9F%40%E5%B7%9D%E6%9D%91%E8%BB%8D%E5%9B%A3" n1="%53%69%61%6D%65%73%65" n2="%64%65%6F%6E%65" n3="%48%2D%4B%69%73%65%6B%69" dan="15,13,15,14" rate="1984.94,1825.40,1953.12,1973.69" sx="M,M,M,M"/><TAIKYOKU oya="0"/><BYE who="0" /><UN n0="%E5%B0%B1%E6%B4%BB%E7%94%9F%40%E5%B7%9D%E6%9D%91%E8%BB%8D%E5%9B%A3" /><INIT seed="0,0,0,0,5,122" ten="250,250,250,250" oya="0" hai0="28,119,53,26,44,27,29,114,90,33,84,41,38" hai1="34,10,109,64,51,14,7,100,106,42,59,77,96" hai2="50,127,31,9,131,30,67,113,15,88,17,0,129" hai3="92,133,48,94,125,112,54,108,74,72,75,52,63"/><T135/><D135/><U45/><BYE who="0" /><E34/><UN n0="%E5%B0%B1%E6%B4%BB%E7%94%9F%40%E5%B7%9D%E6%9D%91%E8%BB%8D%E5%9B%A3" /><V76/><F113/><W70/><G112/><T40/><D40/><BYE who="0" /><UN n0="%E5%B0%B1%E6%B4%BB%E7%94%9F%40%E5%B7%9D%E6%9D%91%E8%BB%8D%E5%9B%A3" /><U126/><E126/><V69/><F76/><W83/><G125/><T130/><D130/><BYE who="0" /><N who="2" m="49674" /><F127/><UN n0="%E5%B0%B1%E6%B4%BB%E7%94%9F%40%E5%B7%9D%E6%9D%91%E8%BB%8D%E5%9B%A3" /><W105/><G105/><T65/><D65/><U82/><BYE who="0" /><E64/><V68/><F0/><W97/><G133/><T134/><D134/><U56/><REACH who="1" step="1"/><E109/><REACH who="1" ten="250,240,250,250" step="2"/><V4/><F67/><W87/><G108/><T116/><D116/><U91/><E91/><V99/><F68/><W55/><G70/><T20/><D20/><U13/><E13/><N who="2" m="5287" /><F69/><W81/><G63/><T49/><D49/><U24/><E24/><V6/><F50/><W35/><G35/><T89/><D89/><U60/><E60/><V98/><F88/><N who="3" m="53279" /><G74/><AGARI ba="0,1" hai="7,10,14,42,45,51,56,59,74,77,82,96,100,106" machi="74" ten="30,2000,0" yaku="1,1,7,1,53,0" doraHai="122" doraHaiUra="132" who="1" fromWho="3" sc="250,0,240,30,250,0,250,-20" /><INIT seed="1,0,0,5,1,78" ten="250,270,250,230" oya="1" hai0="116,130,34,92,47,41,22,119,65,118,107,7,129" hai1="51,72,66,50,20,104,126,19,4,24,122,27,36" hai2="39,6,3,23,106,58,9,40,125,79,28,80,105" hai3="73,99,95,62,37,63,16,114,61,35,42,96,0"/><U67/><E122/><V117/><F58/><W133/><G114/><T94/><D94/><U52/><E36/><V134/><F117/><W86/><G133/><T89/><D89/><U87/><E72/><N who="2" m="43111" /><F134/><W1/><G73/><T75/><D75/><U26/><E104/><V85/><F85/><W55/><G35/><T102/><D102/><U12/><E4/><V14/><F125/><W113/><G113/><T120/><D120/><U13/><E126/><V100/><F100/><W110/><G110/><T25/><D25/><N who="1" m="9835" /><E87/><V69/><F69/><W45/><G86/><T31/><D31/><U64/><E50/><V18/><F28/><W17/><G55/><T101/><D101/><U121/><E121/><V90/><F90/><W49/><G37/><T54/><D54/><U56/><AGARI ba="0,0" hai="12,13,19,20,27,51,52,56,64,66,67" m="9835" machi="56" ten="30,3000,0" yaku="8,1,54,1" doraHai="78" who="1" fromWho="1" sc="250,-10,270,30,250,-10,230,-10" /><INIT seed="1,1,0,0,3,125" ten="240,300,240,220" oya="1" hai0="89,3,73,63,42,100,121,38,59,11,82,126,29" hai1="80,17,116,1,65,104,4,46,7,15,60,106,69" hai2="24,85,108,113,0,50,119,128,48,117,127,95,93" hai3="109,103,94,54,16,23,66,76,49,98,45,88,6"/><U28/><E116/><V19/><F0/><W18/><G109/><T31/><D31/><U56/><E28/><V10/><F108/><W70/><G76/><T32/><D32/><U39/><E69/><V12/><F127/><W111/><G111/><T67/><D67/><U58/><E58/><V34/><F113/><W107/><G6/><T114/><D114/><U26/><E26/><V132/><F132/><W96/><REACH who="3" step="1"/><G23/><REACH who="3" ten="240,300,240,210" step="2"/><T135/><D135/><U97/><E7/><V14/><F117/><W57/><G57/><T20/><D20/><U61/><E4/><V41/><F119/><W78/><G78/><T25/><D25/><U81/><E1/><V133/><F24/><W86/><G86/><T40/><D40/><U43/><E56/><V122/><F41/><W8/><G8/><T87/><D87/><U90/><E97/><V123/><F85/><W33/><G33/><T131/><D131/><U68/><E68/><V83/><F34/><W130/><G130/><T62/><D62/><AGARI ba="1,1" hai="16,18,45,49,54,62,66,70,88,94,96,98,103,107" machi="62" ten="40,8000,1" yaku="1,1,54,2,53,1" doraHai="125" doraHaiUra="64" who="3" fromWho="0" sc="240,-83,300,0,240,0,210,93" /><INIT seed="2,0,0,0,2,37" ten="157,300,240,303" oya="2" hai0="48,33,86,124,111,0,46,72,76,132,90,11,77" hai1="115,67,55,42,34,122,68,44,129,130,30,79,60" hai2="73,21,65,70,18,120,85,49,104,97,87,52,35" hai3="101,110,89,135,133,88,53,123,7,103,119,126,83"/><V17/><F120/><W98/><G123/><T4/><D4/><U32/><E122/><V99/><F73/><W113/><G119/><T20/><D20/><U43/><E115/><V71/><F35/><W54/><G7/><T25/><D25/><U61/><E79/><V15/><F104/><W74/><G110/><T69/><D69/><U80/><E80/><V95/><F70/><W91/><G126/><T127/><D127/><U13/><E13/><V8/><F71/><W36/><G36/><T109/><D109/><U59/><E30/><V10/><F65/><W105/><G113/><T84/><D84/><N who="2" m="32330" /><F95/><W26/><G26/><T108/><D108/><U23/><E23/><V94/><F94/><W62/><G101/><T106/><D106/><U45/><E34/><V19/><F21/><W107/><G107/><T134/><D134/><N who="3" m="51209" /><G62/><T38/><D38/><N who="1" m="21591" /><E32/><V9/><F15/><W5/><G5/><T47/><D47/><AGARI ba="0,0" hai="8,9,10,17,18,19,47,49,52,97,99" m="32330" machi="47" ten="30,2900,0" yaku="8,1,54,1" doraHai="37" who="2" fromWho="0" sc="157,-29,300,0,240,29,303,0" /><INIT seed="2,1,0,3,5,74" ten="128,300,269,303" oya="2" hai0="87,117,46,28,81,119,52,135,98,97,0,68,3" hai1="107,50,18,131,94,124,88,55,9,44,109,62,13" hai2="60,6,59,65,22,134,49,73,42,79,32,26,85" hai3="47,34,69,12,105,15,75,90,111,24,115,70,99"/><V116/><F116/><W104/><G75/><T95/><D95/><U48/><E107/><N who="3" m="41034" /><G24/><T71/><D71/><N who="3" m="27145" /><G47/><T8/><D8/><U21/><E131/><V45/><F73/><W93/><G99/><T110/><D110/><U35/><E124/><V31/><F134/><W123/><G93/><T103/><D103/><U40/><E35/><V58/><F32/><W132/><G90/><T1/><D1/><U61/><E109/><V121/><F121/><W91/><G91/><T133/><D133/><U77/><E77/><V23/><F22/><W108/><G132/><T114/><D114/><U14/><E50/><V36/><F6/><W20/><G34/><T125/><D125/><U54/><E40/><V16/><F31/><W11/><G20/><T37/><D37/><U56/><E56/><N who="2" m="36999" /><F36/><W39/><G39/><T89/><D89/><U67/><E67/><V64/><F64/><W86/><G123/><T118/><D118/><U128/><E55/><V4/><F4/><W96/><G96/><T25/><D25/><U76/><E9/><V92/><F92/><W66/><G66/><T130/><D130/><U84/><E128/><V80/><AGARI ba="1,0" hai="16,23,26,42,45,49,58,59,79,80,85" m="36999" machi="80" ten="30,6000,0" yaku="8,1,52,1,54,1" doraHai="74" who="2" fromWho="2" sc="128,-21,300,-21,269,63,303,-21" /><INIT seed="2,2,0,0,3,36" ten="107,279,332,282" oya="2" hai0="105,67,102,9,90,124,64,16,101,125,30,58,75" hai1="134,47,129,44,74,104,77,93,122,72,131,48,79" hai2="81,62,82,100,20,108,133,113,22,38,66,60,95" hai3="19,25,5,14,83,13,49,103,26,71,99,3,111"/><V106/><F113/><W92/><G111/><T12/><D12/><U88/><E104/><V31/><F106/><W55/><G3/><T18/><D18/><U94/><E122/><V23/><F108/><W8/><G71/><T109/><D109/><U123/><E123/><V42/><F133/><W69/><G69/><T114/><D114/><U118/><E118/><V34/><F34/><W46/><REACH who="3" step="1"/><G83/><REACH who="3" ten="107,279,332,272" step="2"/><T35/><D35/><U126/><E134/><V63/><F31/><W2/><G2/><T37/><D37/><U51/><E126/><V110/><F110/><W52/><G52/><T86/><D86/><U112/><E112/><V17/><F66/><W45/><G45/><T84/><D84/><U89/><AGARI ba="2,1" hai="44,47,48,51,72,74,77,79,88,89,93,94,129,131" machi="89" ten="25,6400,0" yaku="0,1,22,2,54,1" doraHai="36" who="1" fromWho="1" sc="107,-18,279,80,332,-34,272,-18" /><INIT seed="3,0,0,4,2,55" ten="89,359,298,254" oya="3" hai0="9,104,30,119,64,14,54,122,1,20,32,11,92" hai1="44,69,19,56,13,129,6,40,78,80,103,88,22" hai2="108,24,105,34,70,128,100,127,110,97,51,23,2" hai3="62,76,117,17,75,115,120,8,125,43,90,35,57"/><W101/><G117/><T36/><D36/><U121/><E121/><V85/><F34/><W94/><G120/><T96/><D96/><U73/><E69/><V109/><F70/><W68/><G115/><T42/><D42/><U79/><E6/><V3/><F128/><W4/><G68/><T29/><D29/><U133/><E129/><V99/><F127/><W46/><G35/><T89/><D89/><U28/><E133/><V53/><F97/><W72/><G125/><T37/><D37/><U106/><E28/><V49/><F85/><W67/><G101/><T81/><D81/><U39/><E79/><V60/><F60/><W7/><G17/><T15/><D15/><U31/><E106/><V26/><F51/><W33/><G33/><T95/><D95/><U118/><E31/><V45/><REACH who="2" step="1"/><F26/><REACH who="2" ten="89,359,288,254" step="2"/><W18/><G18/><AGARI ba="0,1" hai="2,3,18,23,24,45,49,53,99,100,105,108,109,110" machi="18" ten="40,8000,1" yaku="1,1,2,1,14,1,53,1" doraHai="55" doraHaiUra="41" who="2" fromWho="3" sc="89,0,359,0,288,90,254,-80" owari="89,-41.0,359,16.0,378,48.0,174,-23.0" /></mjloggm>