<mjloggm ver="2.3"><GO type="41" lobby="0"/><UN n0="%79%75%6B%69%62%7A%7A" n1="%E6%B0%B4%E7%84%A1%E7%BF%A0" n2="%E8%97%A4%E7%94%B0%E9%9D%96%E5%AD%90%E3%83%97%E3%83%AD" n3="%E5%B0%B1%E6%B4%BB%E7%94%9F%40%E5%B7%9D%E6%9D%91%E8%BB%8D%E5%9B%A3" dan="15,14,15,17" rate="1933.22,1826.83,2015.85,2146.49" sx="M,F,F,M"/><TAIKYOKU oya="0"/><INIT seed="0,0,0,1,0,64" ten="250,250,250,250" oya="0" hai0="58,45,98,55,12,37,105,41,22,125,114,27,111" hai1="34,17,23,99,81,71,21,80,61,60,19,3,95" hai2="44,53,112,83,82,88,89,85,6,5,116,48,68" hai3="13,7,131,106,113,94,50,90,101,108,30,24,129"/><T66/><D114/><U2/><E34/><V42/><F112/><W96/><G113/><T74/><D74/><U36/><E99/><V51/><F116/><W130/><G108/><T56/><D125/><U91/><E91/><V14/><F68/><W52/><G7/><T128/><D128/><U54/><E54/><V104/><F104/><W100/><G13/><T40/><D12/><U28/><E95/><V124/><F124/><W32/><REACH who="3" step="1"/><G106/><REACH who="3" ten="250,250,250,240" step="2"/><T77/><D105/><U97/><E2/><V87/><REACH who="2" step="1"/><F14/><REACH who="2" ten="250,250,240,240" step="2"/><W93/><G93/><T132/><D111/><U62/><E3/><V126/><F126/><W76/><G76/><T118/><D118/><U67/><E67/><V11/><F11/><W73/><G73/><T8/><D66/><U4/><E71/><V16/><F16/><W0/><G0/><T43/><D8/><U86/><E19/><V20/><F20/><W134/><G134/><T29/><D132/><U72/><E21/><V120/><F120/><W10/><G10/><T117/><D77/><U75/><E23/><V38/><F38/><W84/><G84/><T18/><D117/><U57/><E86/><V9/><F9/><W79/><G79/><T46/><D98/><U69/><E97/><V133/><F133/><W109/><G109/><T25/><D37/><U103/><E36/><V123/><F123/><W121/><G121/><T35/><D35/><U49/><E75/><V26/><F26/><W33/><G33/><T78/><D27/><U47/><E72/><V127/><F127/><W135/><G135/><T59/><D25/><U65/><E65/><RYUUKYOKU ba="0,2" sc="250,-15,250,-15,240,15,240,15" hai2="5,6,42,44,48,51,53,82,83,85,87,88,89" hai3="24,30,32,50,52,90,94,96,100,101,129,130,131" /><INIT seed="1,1,2,4,5,61" ten="235,235,255,255" oya="1" hai0="101,92,103,83,20,54,102,107,18,71,49,3,66" hai1="0,88,21,48,16,135,130,45,75,73,59,46,40" hai2="112,19,131,27,17,121,129,30,128,119,63,122,1" hai3="14,77,56,84,90,37,25,28,34,13,93,12,36"/><U5/><E135/><V98/><F98/><W120/><G120/><N who="2" m="46185" /><F63/><W74/><REACH who="3" step="1"/><G56/><REACH who="3" ten="235,235,255,245" step="2"/><N who="0" m="32847" /><D3/><U43/><E0/><V60/><F60/><W31/><G31/><T132/><D132/><U89/><E59/><V111/><F112/><W23/><G23/><T123/><D107/><U2/><E2/><V94/><F111/><W100/><G100/><T114/><D123/><U115/><E115/><V110/><F110/><W82/><AGARI ba="1,3" hai="12,13,14,25,28,34,36,37,74,77,82,84,90,93" machi="82" ten="30,2000,0" yaku="1,1,0,1,53,0" doraHai="61" doraHaiUra="39" who="3" fromWho="3" sc="235,-6,235,-11,255,-6,245,53" /><INIT seed="2,0,0,5,3,60" ten="229,224,249,298" oya="2" hai0="62,15,25,3,39,133,105,119,78,0,1,8,135" hai1="100,111,30,66,44,85,52,114,121,77,22,103,99" hai2="54,61,35,89,37,14,79,33,96,28,23,120,80" hai3="117,91,48,127,76,12,13,31,94,93,134,98,84"/><V72/><F120/><W57/><G117/><T87/><D105/><U49/><E114/><V124/><F124/><W9/><G127/><T47/><D62/><U41/><E121/><V125/><F125/><W106/><G134/><N who="0" m="51211" /><D119/><U38/><E111/><V64/><F37/><W116/><G116/><T73/><D73/><U81/><E99/><V132/><F132/><W115/><G115/><T109/><D109/><U107/><E107/><V16/><F54/><N who="3" m="31943" /><G106/><T95/><D25/><U32/><E32/><V20/><F28/><W55/><G31/><T40/><D95/><U113/><E113/><V90/><F23/><W4/><G13/><T27/><D27/><U110/><E110/><V59/><REACH who="2" step="1"/><F96/><REACH who="2" ten="229,224,239,298" step="2"/><W86/><G55/><T101/><D101/><U126/><E126/><V82/><F82/><N who="3" m="47175" /><G93/><T74/><D74/><U50/><E38/><V56/><F56/><W34/><G34/><AGARI ba="0,1" hai="14,16,20,33,34,35,59,61,64,72,79,80,89,90" machi="34" ten="40,7700,0" yaku="1,1,52,1,54,1,53,0" doraHai="60" doraHaiUra="129" who="2" fromWho="3" sc="229,0,224,0,239,87,298,-77" /><INIT seed="2,1,0,2,0,78" ten="229,224,326,221" oya="2" hai0="41,98,43,21,7,9,52,74,92,5,112,22,94" hai1="49,97,119,113,48,65,104,133,76,62,10,128,40" hai2="135,37,73,125,103,70,114,15,2,19,88,127,16" hai3="23,13,26,71,4,34,89,132,54,120,126,96,80"/><V46/><F114/><W24/><G120/><T131/><D74/><U77/><E119/><V57/><F70/><W36/><G36/><T134/><D112/><U100/><E113/><V67/><F2/><W8/><G126/><N who="2" m="48137" /><F135/><W59/><G132/><T117/><D134/><U11/><E128/><V39/><F103/><W60/><G71/><T129/><D117/><U47/><E49/><V109/><F73/><W85/><G34/><T32/><D32/><U14/><E11/><V102/><F102/><W29/><G26/><T0/><D94/><U101/><E101/><V42/><F109/><W33/><G33/><T82/><D7/><U107/><E107/><V44/><F88/><W61/><G96/><T53/><D82/><U81/><E133/><V93/><F93/><W50/><AGARI ba="1,0" hai="4,8,13,23,24,29,50,54,59,60,61,80,85,89" machi="50" ten="20,5200,0" yaku="0,1,7,1,8,1,52,1" doraHai="78" who="3" fromWho="3" sc="229,-14,224,-14,326,-27,221,55" /><INIT seed="3,0,0,5,1,80" ten="215,210,299,276" oya="3" hai0="70,22,37,12,21,2,116,10,46,67,117,57,83" hai1="103,58,77,129,34,71,63,79,101,14,104,65,115" hai2="84,102,39,62,72,0,32,113,121,29,28,36,82" hai3="9,106,3,23,93,132,130,92,108,59,41,95,86"/><W123/><G106/><T111/><D70/><U5/><E115/><V87/><F113/><W105/><G123/><T30/><D2/><U20/><E34/><V66/><F121/><W89/><G105/><T8/><D111/><U55/><E129/><V26/><F0/><W94/><G130/><T40/><D22/><U64/><E103/><V56/><F29/><W119/><G108/><T13/><D83/><U128/><E65/><V35/><F35/><W131/><G132/><T68/><D68/><U110/><E128/><V24/><F24/><W88/><G131/><T97/><D97/><U47/><E47/><V1/><F1/><W17/><G119/><T51/><D30/><U122/><E122/><V7/><F7/><W91/><G41/><T134/><D21/><U33/><E33/><V31/><F31/><W69/><G69/><T112/><D134/><U78/><E78/><V98/><F72/><W11/><G59/><T50/><D112/><U85/><E5/><V96/><F96/><N who="3" m="57351" /><G3/><T100/><D100/><U54/><E104/><V18/><F18/><W42/><G42/><T45/><D37/><U48/><E101/><V61/><F61/><W75/><G75/><T126/><D40/><U99/><E71/><V15/><F15/><N who="3" m="9663" /><G93/><T49/><D49/><U81/><E48/><V60/><F60/><W125/><G125/><T16/><D126/><U76/><E110/><V4/><F39/><W38/><G38/><T90/><D117/><U109/><E109/><V120/><F36/><W43/><G43/><T107/><D116/><U114/><E114/><V52/><F120/><RYUUKYOKU ba="0,0" sc="215,-10,210,-10,299,-10,276,30" hai3="9,11,86,89,91,94,95" /><INIT seed="3,1,0,3,4,50" ten="205,200,289,306" oya="3" hai0="61,83,56,24,33,19,116,121,9,107,88,134,41" hai1="122,75,68,128,120,125,99,91,113,80,31,38,93" hai2="29,47,117,90,42,20,49,109,36,5,60,124,70" hai3="59,45,135,39,82,2,18,105,71,92,102,123,1"/><W48/><G71/><T110/><D107/><U74/><E68/><V26/><F117/><W84/><G123/><T115/><D116/><U132/><E38/><V54/><F109/><W101/><G105/><T10/><D121/><N who="1" m="46699" /><E31/><V12/><F124/><W79/><G135/><T52/><D134/><U32/><E132/><V133/><F133/><W11/><G39/><T8/><D110/><U103/><E32/><V13/><F5/><W46/><G2/><T6/><D41/><U15/><E15/><V25/><F90/><W130/><G130/><T104/><D104/><N who="1" m="63615" /><E125/><V14/><F26/><W129/><G92/><T51/><D115/><U98/><E113/><V86/><F86/><W76/><G76/><T16/><D33/><U73/><E128/><V100/><F100/><W58/><G46/><T111/><D111/><U118/><E118/><V85/><F85/><W44/><G45/><T87/><D24/><U78/><AGARI ba="1,0" hai="73,74,75,78,80,91,93,98" m="63615,46699" machi="78" ten="30,2000,0" yaku="34,2" doraHai="50" who="1" fromWho="1" sc="205,-6,200,23,289,-6,306,-11" /><INIT seed="4,0,0,1,2,28" ten="199,223,283,295" oya="0" hai0="111,106,120,52,77,116,121,124,128,86,112,42,10" hai1="26,32,17,68,37,56,78,92,91,39,25,118,38" hai2="59,88,3,134,53,13,87,67,84,132,14,71,102" hai3="61,60,125,76,50,49,47,1,58,119,103,40,115"/><T99/><D42/><U113/><E68/><V64/><F3/><W83/><G1/><T79/><D10/><U133/><E118/><V107/><F71/><W114/><G103/><N who="0" m="62847" /><D52/><U34/><E78/><N who="0" m="29705" /><D116/><U100/><E100/><V108/><F102/><W89/><G89/><T51/><D51/><U45/><E45/><V80/><F107/><W35/><G125/><T9/><D9/><U94/><E39/><V97/><F97/><W73/><G35/><T22/><D22/><U96/><E56/><V48/><F87/><W131/><G131/><T12/><D12/><N who="2" m="4714" /><F108/><W110/><G110/><T15/><D15/><U101/><E17/><V16/><F16/><W63/><G119/><T98/><D111/><U65/><E65/><V127/><F127/><W41/><G58/><T135/><D124/><U90/><E101/><V81/><F81/><W85/><G73/><T4/><D4/><U130/><E130/><V5/><F5/><W72/><G72/><T31/><D31/><U104/><E104/><V69/><F69/><W8/><G8/><T20/><D20/><U36/><E36/><V109/><F109/><W95/><G95/><T7/><D7/><U75/><E75/><V117/><F117/><W105/><G105/><T66/><D66/><U21/><E38/><V126/><F126/><W93/><G93/><T29/><D29/><U24/><E37/><V2/><F2/><W30/><G30/><T123/><D128/><U57/><E34/><V6/><F6/><W54/><G54/><T46/><D123/><U62/><E32/><V11/><F11/><W55/><G55/><RYUUKYOKU ba="0,0" sc="199,-15,223,-15,283,15,295,15" hai2="48,53,59,64,67,80,84,88,132,134" hai3="40,41,47,49,50,60,61,63,76,83,85,114,115" /><INIT seed="5,1,0,3,3,85" ten="184,208,298,310" oya="1" hai0="87,130,128,94,33,64,118,48,30,43,63,96,34" hai1="19,27,3,66,29,117,113,132,21,45,77,35,14" hai2="36,13,110,82,11,49,47,41,61,93,115,20,121" hai3="70,95,51,62,131,124,84,122,134,112,133,125,83"/><U15/><E117/><V8/><F121/><W104/><G104/><T50/><D118/><U42/><E77/><V116/><F116/><W101/><G122/><T72/><D72/><U54/><E3/><V123/><F123/><W90/><G70/><T17/><D87/><U58/><E113/><V55/><F110/><W28/><G28/><T44/><D50/><U99/><E132/><N who="3" m="50794" /><G62/><T25/><D17/><U23/><E66/><V4/><F115/><W18/><G18/><T0/><D0/><U37/><E99/><V119/><F119/><W98/><G112/><T81/><D81/><U10/><REACH who="1" step="1"/><E15/><REACH who="1" ten="184,198,298,310" step="2"/><V67/><F13/><W114/><G114/><T32/><D130/><U129/><E129/><V52/><F67/><W65/><G65/><T120/><D120/><U26/><E26/><V2/><F2/><W57/><G131/><T53/><D128/><U92/><E92/><V73/><F93/><W1/><G1/><T109/><D109/><U6/><E6/><V22/><F4/><W60/><G125/><T80/><D80/><U24/><E24/><V86/><F82/><W74/><G124/><T102/><REACH who="0" step="1"/><D43/><REACH who="0" ten="174,198,298,310" step="2"/><U5/><E5/><V7/><F41/><W135/><G135/><T111/><D111/><U40/><E40/><V31/><F7/><W89/><G83/><T76/><D76/><U88/><E88/><N who="3" m="33898" /><G84/><T59/><AGARI ba="1,2" hai="25,30,32,33,34,44,48,53,59,63,64,94,96,102" machi="59" ten="20,5200,0" yaku="1,1,0,1,7,1,53,1" doraHai="85" doraHaiUra="56" who="0" fromWho="0" sc="174,75,198,-27,298,-14,310,-14" /><INIT seed="6,0,0,0,1,119" ten="249,171,284,296" oya="2" hai0="16,71,56,77,55,17,19,20,54,87,89,84,125" hai1="102,59,5,133,91,105,4,111,124,128,76,26,72" hai2="49,8,103,108,53,63,99,106,47,12,109,117,6" hai3="78,33,118,30,127,113,60,42,67,70,15,31,112"/><V32/><F117/><W11/><G127/><T25/><D71/><U7/><E111/><V90/><F32/><W132/><G118/><T81/><D125/><U83/><E124/><V39/><F39/><W61/><G132/><T68/><D68/><U13/><E133/><V73/><F73/><W107/><G107/><T126/><D126/><U85/><E128/><V134/><F134/><W82/><G42/><T0/><D0/><U98/><E26/><V23/><F90/><W9/><G60/><T115/><D115/><N who="3" m="44105" /><G33/><T58/><D84/><U135/><E135/><V129/><F129/><W2/><G2/><T1/><D1/><U110/><E110/><V101/><F101/><W44/><G44/><T45/><D77/><U43/><E43/><V92/><F106/><W35/><G35/><T28/><D45/><U100/><E100/><V65/><REACH who="2" step="1"/><F23/><REACH who="2" ten="249,171,274,296" step="2"/><W24/><G11/><T94/><D81/><U116/><E116/><V36/><F36/><W104/><G104/><T52/><AGARI ba="0,1" hai="16,17,19,20,25,28,52,54,55,56,58,87,89,94" machi="52" ten="30,7900,0" yaku="0,1,8,1,54,2" doraHai="119" who="0" fromWho="0" sc="249,89,171,-20,274,-39,296,-20" /><INIT seed="7,0,0,5,5,28" ten="338,151,235,276" oya="3" hai0="5,112,73,34,23,13,88,76,66,45,70,32,87" hai1="61,93,65,80,72,59,129,74,60,75,25,51,67" hai2="94,21,85,115,10,69,114,84,55,81,106,50,117" hai3="63,31,86,82,35,43,12,42,36,135,110,0,132"/><W131/><G0/><T79/><D73/><U128/><E93/><V99/><F69/><W46/><G42/><T20/><D45/><U100/><E100/><V4/><F117/><W113/><G113/><T119/><D119/><U3/><E3/><V71/><F71/><W107/><G107/><T92/><D70/><U108/><E108/><V64/><F64/><W54/><G131/><T40/><D66/><U104/><E104/><V22/><F106/><W19/><G110/><T133/><D40/><U47/><E25/><V83/><F4/><W125/><G125/><T49/><D133/><N who="3" m="51273" /><G63/><T16/><D112/><U15/><E15/><V26/><F10/><N who="3" m="6551" /><G54/><T130/><D130/><U102/><E102/><V39/><F39/><W98/><G98/><T58/><D5/><U7/><E7/><V57/><F115/><W121/><G31/><T122/><D122/><U6/><E6/><V101/><F114/><W33/><G121/><T29/><D34/><U56/><E75/><V41/><F41/><W90/><AGARI ba="0,0" hai="33,35,36,43,46,82,86,90" m="6551,51273" machi="90" ten="30,6000,0" yaku="20,1,52,2" doraHai="28" who="3" fromWho="3" sc="338,-20,151,-20,235,-20,276,60" owari="318,12.0,131,-37.0,215,-18.0,336,43.0" /></mjloggm>