<mjloggm ver="2.3"><GO type="169" lobby="0"/><UN n0="%33%33%62%6C%61%63%6B" n1="%E4%B8%AD%E6%9D%91%E8%B1%AA" n2="%E5%B0%B1%E6%B4%BB%E7%94%9F%40%E5%B7%9D%E6%9D%91%E8%BB%8D%E5%9B%A3" n3="%E3%82%B4%E3%83%BC%E3%83%AB%E3%83%87%E3%83%B3%E3%81%B2%E3%82%88%E3%81%93" dan="16,17,17,17" rate="2133.82,2158.31,2138.75,2148.64" sx="F,M,M,M"/><TAIKYOKU oya="0"/><INIT seed="0,0,0,5,1,104" ten="250,250,250,250" oya="0" hai0="119,0,80,72,23,78,107,81,100,60,113,58,117" hai1="5,75,128,130,65,96,22,94,108,41,88,34,110" hai2="133,111,92,118,67,35,91,42,19,36,52,55,89" hai3="47,73,135,95,59,63,112,131,109,102,14,132,50"/><T124/><D113/><U51/><E34/><V71/><F35/><W25/><G112/><T116/><D0/><U115/><E115/><V16/><F118/><W46/><G109/><N who="1" m="42090" /><E65/><V103/><F111/><W13/><G131/><N who="1" m="50218" /><E5/><V30/><F30/><W76/><G25/><T28/><D124/><U105/><E22/><V106/><F106/><W66/><G102/><T64/><D80/><U101/><E41/><V18/><F133/><N who="3" m="51275" /><G95/><T98/><REACH who="0" step="1"/><D116/><REACH who="0" ten="240,250,250,250" step="2"/><U61/><E105/><V10/><F10/><W121/><G121/><T1/><D1/><U68/><E101/><V122/><F122/><W38/><G38/><T134/><D134/><U70/><E75/><V21/><F36/><W126/><G126/><T44/><D44/><U6/><E6/><V39/><F39/><W82/><G46/><T24/><AGARI ba="0,1" hai="23,24,28,58,60,64,72,78,81,98,100,107,117,119" machi="24" ten="30,6000,0" yaku="1,1,0,1,52,1,53,0" doraHai="104" doraHaiUra="48" who="0" fromWho="0" sc="240,70,250,-20,250,-20,250,-20" /><INIT seed="0,1,0,4,0,117" ten="310,230,230,230" oya="0" hai0="5,82,69,53,40,135,25,36,13,71,72,98,60" hai1="131,99,67,132,101,92,54,74,29,0,88,27,115" hai2="52,102,6,124,114,49,64,126,15,32,86,66,119" hai3="73,109,91,83,50,37,14,56,58,123,8,128,76"/><T63/><D135/><U43/><E0/><V24/><F119/><W96/><G37/><T16/><D98/><U41/><E74/><V22/><F114/><W81/><G109/><T1/><D25/><U122/><E115/><V4/><F32/><W38/><G38/><T44/><D69/><U108/><E108/><V59/><F102/><W97/><G128/><T77/><D53/><U111/><E111/><V84/><F15/><W19/><G123/><T107/><D107/><U61/><E131/><V113/><F113/><W20/><G73/><T116/><D71/><U9/><E132/><V112/><F112/><W70/><G70/><T35/><D35/><U12/><E54/><V80/><F86/><N who="3" m="48487" /><G81/><T46/><D46/><U55/><E55/><V45/><F4/><N who="3" m="3335" /><G50/><T110/><D110/><U89/><E122/><V2/><F6/><W3/><G3/><T78/><D78/><U121/><E121/><V87/><F87/><W105/><G105/><T129/><D129/><U68/><E43/><V23/><F2/><W93/><G97/><T47/><D47/><U127/><E41/><V21/><F24/><AGARI ba="1,0" hai="19,20,24,56,58,91,93,96" m="3335,48487" machi="24" ten="30,1000,0" yaku="8,1" doraHai="117" who="3" fromWho="2" sc="310,0,230,0,230,-13,230,13" /><INIT seed="1,0,0,2,4,95" ten="310,230,217,243" oya="1" hai0="26,117,56,125,120,2,107,25,114,96,110,108,131" hai1="39,78,44,55,28,93,122,119,84,48,87,42,83" hai2="59,88,24,68,64,10,69,47,6,15,4,16,134" hai3="12,31,50,89,32,86,49,105,80,14,18,82,43"/><U29/><E119/><V0/><F134/><W102/><G43/><T27/><D117/><U67/><E122/><V99/><F68/><W41/><G41/><T66/><D114/><U128/><E128/><V135/><F69/><W111/><G111/><N who="0" m="42539" /><D131/><U20/><E67/><V92/><F135/><W58/><G32/><T21/><D2/><U132/><E132/><V97/><F47/><W40/><G31/><T34/><D34/><U5/><E5/><N who="2" m="2155" /><F0/><W104/><G40/><T123/><D125/><U7/><E7/><V8/><F24/><W46/><G58/><T133/><D133/><U22/><E39/><V109/><F109/><W124/><G124/><T17/><D66/><U71/><E71/><V30/><F30/><N who="1" m="11881" /><E42/><V90/><F10/><W127/><G127/><T33/><D56/><U73/><E73/><V100/><F99/><W35/><G46/><T23/><D33/><U77/><E77/><V94/><F94/><W1/><G35/><T36/><D36/><U45/><E44/><V9/><F9/><W3/><G3/><T60/><D23/><U37/><E37/><V72/><F72/><W74/><G74/><T38/><D38/><U63/><E63/><AGARI ba="0,0" hai="8,15,16,59,63,64,88,90,92,97,100" m="2155" machi="63" ten="30,7700,0" yaku="8,1,52,1,54,2" doraHai="95" who="2" fromWho="1" sc="310,0,230,-77,217,77,243,0" /><INIT seed="2,0,0,2,1,87" ten="310,153,294,243" oya="2" hai0="17,84,59,116,14,48,18,29,96,36,63,129,78" hai1="35,44,39,26,74,113,50,114,51,41,64,126,79" hai2="24,8,46,28,108,104,124,112,86,83,43,10,62" hai3="6,73,40,75,60,0,16,19,67,98,61,56,80"/><V99/><F112/><W68/><G40/><T12/><D36/><U82/><E126/><V92/><F124/><W97/><G0/><T47/><D129/><U27/><E27/><V130/><F104/><W49/><G6/><T9/><D116/><U131/><E131/><V88/><F130/><W4/><G4/><T7/><D29/><U3/><E51/><N who="2" m="27103" /><F108/><W70/><G49/><T34/><D34/><U132/><E50/><V45/><F45/><W134/><G134/><T25/><D25/><U1/><E64/><V125/><F125/><W22/><G19/><T37/><D96/><U58/><E58/><V20/><F62/><W89/><G70/><T122/><D122/><U103/><E103/><AGARI ba="0,0" hai="8,10,20,24,28,83,86,88,92,99,103" m="27103" machi="103" ten="30,5800,0" yaku="8,1,52,1,54,1" doraHai="87" who="2" fromWho="1" sc="310,0,153,-58,294,58,243,0" /><INIT seed="2,1,0,1,4,14" ten="310,95,352,243" oya="2" hai0="32,118,28,127,132,46,103,56,37,74,61,126,7" hai1="57,58,52,63,75,88,36,123,33,87,17,76,121" hai2="116,29,134,64,130,115,120,21,5,102,71,62,91" hai3="94,98,80,11,95,66,68,34,77,109,104,72,40"/><V9/><F120/><N who="1" m="46153" /><E33/><V83/><F130/><W67/><G40/><T79/><D132/><U48/><E36/><V108/><F134/><W97/><G34/><T22/><D7/><U112/><E112/><V27/><F108/><W4/><G109/><T0/><D0/><U31/><E31/><V73/><F116/><W55/><G68/><T82/><D32/><U24/><E76/><V49/><F115/><W110/><G110/><T13/><D118/><U92/><E75/><V10/><F102/><W128/><G55/><T60/><D103/><U119/><E119/><V15/><F49/><W85/><G104/><T93/><D93/><N who="3" m="35337" /><G72/><T1/><D1/><U135/><E135/><V53/><F53/><W113/><G113/><T117/><D117/><U47/><E63/><V78/><F91/><W6/><G6/><T51/><D37/><U114/><E114/><V70/><F10/><W25/><G128/><T16/><D28/><U41/><E41/><V106/><F106/><W19/><G4/><T2/><D2/><U86/><E86/><V124/><F124/><N who="0" m="47658" /><D56/><AGARI ba="1,0" hai="5,9,15,21,27,29,56,62,64,70,71,73,78,83" machi="56" ten="30,1500,0" yaku="7,1" doraHai="14" who="2" fromWho="0" sc="310,-18,95,0,352,18,243,0" /><INIT seed="2,2,0,2,0,21" ten="292,95,370,243" oya="2" hai0="8,95,72,51,58,12,25,78,110,44,11,115,56" hai1="121,97,63,130,124,39,79,85,86,66,91,126,73" hai2="0,104,81,90,77,64,7,17,133,120,134,13,107" hai3="10,113,20,27,101,35,102,36,75,109,2,94,45"/><V6/><F120/><W98/><G35/><T3/><D115/><U50/><E39/><V123/><F64/><W26/><G113/><T106/><D106/><N who="2" m="40490" /><F0/><W103/><G109/><T43/><D3/><U84/><E130/><V18/><F90/><W74/><G36/><T40/><D110/><U54/><E121/><V108/><F108/><W93/><G45/><T48/><D95/><U23/><E97/><V59/><F59/><W128/><G128/><T9/><D12/><U68/><E91/><V127/><F127/><W65/><G65/><T129/><D129/><U16/><E79/><V32/><F32/><W105/><G105/><T60/><D60/><U135/><E73/><N who="2" m="43183" /><F17/><W76/><G76/><T132/><D78/><U57/><REACH who="1" step="1"/><E135/><REACH who="1" ten="292,85,370,243" step="2"/><N who="2" m="51723" /><F123/><W67/><G98/><T15/><D132/><U29/><E29/><V111/><F111/><W24/><G101/><T119/><D72/><U14/><AGARI ba="2,1" hai="14,16,23,50,54,57,63,66,68,84,85,86,124,126" machi="14" ten="30,7900,0" yaku="1,1,0,1,54,1,53,1" doraHai="21" doraHaiUra="47" who="1" fromWho="1" sc="292,-22,85,95,370,-41,243,-22" /><INIT seed="3,0,0,1,5,110" ten="270,180,329,221" oya="3" hai0="113,76,60,86,13,90,14,109,1,118,50,44,129" hai1="119,23,18,95,73,123,99,107,27,78,130,49,29" hai2="108,54,98,69,34,102,121,9,71,26,10,5,55" hai3="41,96,126,100,127,124,48,116,24,105,131,36,32"/><W61/><G116/><T51/><D1/><U17/><E123/><V53/><F108/><W106/><G131/><T111/><D118/><U135/><E119/><V6/><F121/><W37/><G61/><T122/><D122/><U63/><E107/><V38/><F38/><W7/><G7/><T3/><D3/><U83/><E130/><V133/><F133/><W77/><G77/><T101/><D129/><U67/><E49/><V31/><F6/><W92/><G48/><T40/><D76/><U57/><REACH who="1" step="1"/><E135/><REACH who="1" ten="270,170,329,221" step="2"/><V64/><F64/><W89/><G106/><T80/><D51/><U128/><E128/><V19/><F19/><W47/><G37/><T39/><D39/><U74/><E74/><V30/><F30/><N who="3" m="19527" /><G105/><T59/><D109/><U8/><E8/><V91/><F10/><W0/><G0/><T104/><D111/><U117/><E117/><V11/><F9/><W66/><G66/><T2/><D104/><U94/><E94/><V81/><F11/><W72/><G72/><T75/><D75/><U12/><E12/><V97/><F5/><W43/><G41/><T125/><D2/><U15/><E15/><V21/><F54/><W28/><G28/><T132/><D132/><U16/><E16/><V115/><F55/><W82/><G82/><T33/><D80/><U103/><AGARI ba="0,1" hai="17,18,23,27,29,57,63,67,73,78,83,95,99,103" machi="103" ten="20,12000,2" yaku="1,1,0,1,7,1,25,2,53,1" doraHai="110" doraHaiUra="52" who="1" fromWho="1" sc="270,-30,170,130,329,-30,221,-60" /><INIT seed="4,0,0,5,4,104" ten="240,300,299,161" oya="0" hai0="53,111,43,117,66,0,46,120,60,17,14,115,91" hai1="15,96,35,36,90,116,67,55,93,6,63,21,12" hai2="75,52,30,13,95,29,113,57,87,118,58,114,49" hai3="7,2,80,73,83,102,110,45,41,26,84,100,97"/><T122/><D0/><U106/><E35/><V48/><F118/><W107/><G102/><T11/><D117/><U31/><E36/><V8/><F75/><W40/><G110/><T18/><D111/><U82/><E116/><V72/><F72/><W105/><G26/><T78/><D115/><N who="2" m="44042" /><F95/><W112/><G41/><T54/><D78/><U47/><E106/><V27/><F87/><W125/><G125/><T135/><D135/><U33/><E33/><N who="2" m="20671" /><F30/><W1/><G112/><T99/><D18/><U133/><E6/><N who="2" m="3223" /><F49/><W39/><G107/><T126/><D126/><U61/><E133/><V134/><F134/><W9/><G83/><T131/><D120/><U5/><E82/><V103/><F103/><W129/><G129/><T65/><D131/><U28/><E28/><V77/><F77/><W79/><G84/><T44/><D122/><U51/><E31/><V88/><F88/><W124/><G124/><T76/><D76/><U34/><E67/><V85/><F85/><W69/><G1/><T128/><D128/><U121/><E121/><V81/><F81/><W16/><G16/><T38/><D66/><U25/><E34/><V109/><F109/><W64/><G64/><T19/><D19/><N who="1" m="12479" /><E5/><V127/><F127/><W22/><G22/><T70/><D91/><U3/><E3/><V119/><F119/><W86/><G86/><T59/><D99/><U50/><E50/><V132/><F132/><W23/><G23/><T130/><D130/><U123/><E123/><V37/><F37/><W32/><G32/><T98/><D98/><U92/><E92/><V108/><F108/><RYUUKYOKU ba="0,0" sc="240,-30,300,10,299,10,161,10" hai1="12,15,47,51,55,61,63,90,93,96" hai2="48,52,57,58" hai3="2,7,9,39,40,45,69,73,79,80,97,100,105" /><INIT seed="5,1,0,0,3,37" ten="210,310,309,171" oya="1" hai0="34,104,14,101,26,131,83,113,128,33,82,46,51" hai1="93,11,43,63,86,90,107,120,98,38,31,44,28" hai2="88,29,71,114,122,97,77,133,22,92,5,57,117" hai3="102,95,75,69,56,89,99,30,132,27,127,116,50"/><U110/><E120/><V84/><F71/><W4/><G69/><T76/><D113/><U70/><E110/><V87/><F122/><W3/><G127/><T2/><D2/><U73/><E73/><V67/><F114/><W109/><G132/><T79/><D14/><U25/><E11/><V47/><F117/><W19/><G116/><T55/><D104/><U108/><E108/><V40/><F133/><W0/><G109/><T15/><D15/><U65/><E107/><V58/><F5/><W59/><G75/><N who="0" m="43295" /><D101/><U126/><E126/><V6/><F6/><W12/><G3/><T105/><D26/><U35/><REACH who="1" step="1"/><E31/><REACH who="1" ten="210,300,309,171" step="2"/><V130/><F130/><N who="0" m="49706" /><D105/><U125/><E125/><V18/><F29/><W85/><G0/><T81/><D79/><U41/><E41/><V49/><F67/><W13/><G4/><T54/><D54/><U68/><E68/><V36/><F36/><W8/><G8/><T64/><D64/><U91/><E91/><V129/><F129/><W100/><G89/><T115/><D115/><U121/><E121/><V52/><F52/><W1/><G1/><T111/><D111/><U66/><E66/><V94/><F77/><W21/><G102/><T39/><D39/><U103/><E103/><N who="2" m="60839" /><F84/><AGARI ba="1,1" hai="25,28,35,38,43,44,63,65,70,84,86,90,93,98" machi="84" ten="40,3900,0" yaku="1,1,52,1,53,0" doraHai="37" doraHaiUra="7" who="1" fromWho="2" sc="210,0,300,52,309,-42,171,0" /><INIT seed="5,2,0,4,1,63" ten="210,352,267,171" oya="1" hai0="69,22,95,70,99,112,2,20,88,75,13,61,37" hai1="115,106,35,118,55,34,132,44,16,47,97,107,43" hai2="116,90,105,25,96,0,7,8,76,102,23,41,57" hai3="93,86,74,113,14,79,130,78,84,48,33,19,21"/><U134/><E118/><V121/><F116/><W117/><G33/><T111/><D111/><U82/><E82/><V15/><F121/><W30/><G117/><T58/><D2/><U40/><E97/><V56/><F76/><N who="3" m="29227" /><G74/><T36/><D75/><U39/><E55/><V87/><F41/><W104/><G104/><T133/><D112/><U18/><REACH who="1" step="1"/><E39/><REACH who="1" ten="210,342,267,171" step="2"/><V60/><F96/><W62/><G113/><AGARI ba="2,1" hai="16,18,34,35,40,43,44,47,106,107,113,115,132,134" machi="113" ten="25,12000,1" yaku="1,1,2,1,22,2,54,1,53,0" doraHai="63" doraHaiUra="122" who="1" fromWho="3" sc="210,0,342,136,267,0,171,-126" /><INIT seed="5,3,0,5,1,65" ten="210,478,267,45" oya="1" hai0="69,4,73,64,125,62,22,113,107,50,37,42,112" hai1="25,127,63,57,13,46,132,121,43,55,85,129,21" hai2="79,72,114,40,105,91,98,82,89,54,6,32,106" hai3="78,24,59,28,56,130,29,128,123,103,118,94,124"/><U60/><E121/><V97/><F40/><W126/><G123/><T33/><D73/><U67/><E129/><N who="3" m="49770" /><G78/><T51/><D33/><U41/><E132/><V133/><F32/><W119/><G94/><T134/><D134/><U87/><E127/><N who="3" m="48682" /><G103/><T110/><D110/><U131/><E131/><V47/><F133/><W90/><G90/><N who="2" m="34313" /><F6/><W115/><G24/><T19/><D125/><U34/><E34/><V44/><F54/><W76/><G76/><T31/><D31/><N who="3" m="11849" /><G115/><N who="0" m="44107" /><D107/><N who="2" m="40970" /><F114/><W104/><G104/><T18/><D4/><U92/><E25/><V86/><F44/><W7/><G7/><T27/><D19/><U16/><E92/><V61/><F47/><AGARI ba="3,0" hai="18,22,27,37,42,47,50,51,62,64,69" m="44107" machi="47" ten="30,2000,0" yaku="15,1,52,1" doraHai="65" who="0" fromWho="2" sc="210,29,478,0,267,-29,45,0" /><INIT seed="6,0,0,2,1,135" ten="239,478,238,45" oya="2" hai0="24,128,120,131,73,26,62,102,127,36,10,132,108" hai1="77,116,68,124,35,14,58,112,130,110,100,129,18" hai2="111,12,76,109,8,97,96,95,103,28,114,0,45" hai3="122,44,34,17,81,78,80,93,121,59,53,50,33"/><V38/><F0/><W60/><G34/><T42/><D108/><N who="2" m="41546" /><F28/><W52/><G33/><T86/><D120/><U2/><E68/><V43/><F114/><W123/><G93/><T64/><D73/><U47/><E2/><V118/><F76/><W134/><G134/><T4/><D132/><U85/><E35/><V16/><F118/><W117/><G117/><T63/><D102/><U98/><E116/><V94/><F97/><W3/><G3/><T40/><D86/><U61/><E47/><V9/><F8/><W31/><G31/><T51/><D36/><U46/><E46/><V115/><F115/><W69/><G69/><T1/><D51/><U7/><E7/><V106/><AGARI ba="0,0" hai="9,12,16,38,43,45,94,95,96,103,106" m="41546" machi="106" ten="30,3000,0" yaku="10,1,54,1" doraHai="135" who="2" fromWho="2" sc="239,-10,478,-10,238,30,45,-10" /><INIT seed="6,1,0,3,2,34" ten="229,468,268,35" oya="2" hai0="102,130,67,3,74,10,62,115,64,70,63,84,124" hai1="41,88,48,15,4,73,17,85,16,100,122,113,96" hai2="37,103,120,52,51,2,49,72,21,117,131,19,77" hai3="90,22,60,68,53,83,12,47,75,69,89,119,18"/><V5/><F37/><W11/><G119/><T110/><D110/><U133/><E73/><V26/><F120/><W92/><G69/><T27/><D74/><U54/><E41/><V13/><F117/><W35/><G35/><T76/><D115/><U46/><E133/><V134/><F134/><W7/><G68/><T121/><D121/><U111/><E111/><V55/><F131/><W87/><G75/><T39/><D39/><U118/><E113/><V71/><F71/><W56/><G47/><T58/><D130/><U50/><E50/><V98/><F77/><W78/><REACH who="3" step="1"/><G92/><REACH who="3" ten="229,468,268,25" step="2"/><T36/><D70/><U9/><E118/><V43/><F72/><W65/><G65/><T128/><D64/><U127/><E122/><V31/><F43/><W101/><G101/><T29/><D102/><U0/><E100/><V81/><F81/><W14/><AGARI ba="1,1" hai="7,11,12,14,18,22,53,56,60,78,83,87,89,90" machi="14" ten="20,12000,2" yaku="1,1,0,1,7,1,8,1,53,2" doraHai="34" doraHaiUra="8" who="3" fromWho="3" sc="229,-31,468,-31,268,-61,25,133" /><INIT seed="7,0,0,4,3,17" ten="198,437,207,158" oya="3" hai0="91,112,109,74,71,69,61,26,90,94,102,56,67" hai1="114,99,113,2,117,115,66,124,60,57,28,116,95" hai2="35,31,75,82,8,97,76,33,34,14,24,46,15" hai3="29,30,86,72,62,53,133,70,132,129,131,3,58"/><W64/><G72/><T119/><D109/><U63/><E124/><V107/><F46/><W16/><G3/><T21/><D74/><U121/><E121/><V118/><F118/><W41/><G41/><T85/><D119/><U27/><E60/><V80/><F80/><W108/><G108/><T5/><D5/><U88/><E2/><V101/><F15/><W22/><G86/><T103/><D112/><U100/><E100/><V134/><F134/><N who="3" m="51819" /><G64/><T20/><D20/><AGARI ba="0,0" hai="20,27,28,57,63,66,88,95,99,113,114,115,116,117" machi="20" ten="40,5200,0" yaku="15,1,52,1,54,1" doraHai="17" who="1" fromWho="0" sc="198,-52,437,52,207,0,158,0" owari="146,-35.0,489,58.0,207,1.0,158,-24.0" /></mjloggm>