<mjloggm ver="2.3"><GO type="193" lobby="0"/><UN n0="%E5%96%B0%E7%84%A1" n1="%E3%81%93%E3%81%8F%E3%81%97%E3%82%80%E3%81%A8%E3%81%86" n2="%E3%83%88%E3%83%88%E3%83%AA%E5%85%88%E7%94%9F%31%39%E6%AD%B3" n3="%EF%BC%88%E3%80%86%70%EF%BC%A0%EF%BC%89%E3%83%8E" dan="11,11,12,12" rate="1625.39,1627.79,1937.35,1793.06" sx="M,M,F,M"/><TAIKYOKU oya="0"/><INIT seed="0,0,0,5,2,33" ten="250,250,250,250" oya="0" hai0="60,30,21,31,129,81,133,62,55,110,13,48,69" hai1="49,130,64,66,83,3,108,34,104,39,29,128,75" hai2="41,46,88,2,44,4,5,43,40,94,79,109,115" hai3="135,91,12,87,97,61,124,45,20,35,76,112,52"/><T10/><D110/><U77/><E108/><V105/><F115/><W89/><G112/><T24/><D69/><U131/><E39/><V99/><F109/><W70/><G35/><T120/><D81/><U9/><E104/><V127/><F127/><W72/><G124/><T38/><D120/><U11/><E11/><V116/><F116/><W126/><G126/><T103/><D129/><U92/><E34/><V51/><F105/><W65/><G72/><T36/><D133/><U22/><E92/><V98/><F79/><W96/><G76/><T6/><D103/><U134/><E134/><V71/><F71/><W85/><G135/><T118/><D118/><U25/><REACH who="1" step="1"/><E49/><REACH who="1" ten="250,240,250,250" step="2"/><V95/><F2/><W8/><G20/><T14/><D38/><U50/><E50/><N who="2" m="26887" /><F43/><W119/><G119/><T113/><D36/><U67/><E67/><V23/><F23/><W18/><G65/><T15/><D113/><U47/><E47/><V32/><F32/><W111/><G45/><N who="0" m="28047" /><D30/><U107/><E107/><V56/><F56/><W73/><G111/><T78/><D78/><U16/><E16/><V53/><F41/><W42/><G42/><T123/><D123/><U58/><E58/><V26/><F5/><AGARI ba="0,1" hai="3,5,9,22,25,29,64,66,75,77,83,128,130,131" machi="5" ten="40,5200,0" yaku="1,1,19,1,52,1,53,0" doraHai="33" doraHaiUra="68" who="1" fromWho="2" sc="250,0,240,62,250,-52,250,0" /><INIT seed="1,0,0,4,2,124" ten="250,302,198,250" oya="1" hai0="61,87,23,55,90,103,127,38,77,76,74,106,105" hai1="40,78,95,59,63,30,25,109,11,51,99,107,94" hai2="46,14,47,79,92,111,0,44,96,86,114,112,135" hai3="71,66,5,118,45,9,120,33,113,102,85,2,60"/><U83/><E109/><V128/><F0/><W49/><G113/><N who="2" m="43625" /><F111/><W8/><G120/><T57/><D38/><U50/><E40/><V132/><F14/><W75/><G75/><T24/><D127/><U7/><E107/><V1/><F1/><W133/><G133/><N who="2" m="51273" /><F86/><W3/><G33/><T72/><D103/><U129/><E129/><V98/><F79/><W36/><G36/><T65/><D106/><U6/><E6/><V126/><F126/><W119/><G102/><T134/><D134/><U15/><E95/><V122/><F122/><W84/><G8/><T17/><D105/><U52/><E99/><N who="2" m="37931" /><F92/><W115/><G2/><T108/><D74/><U20/><REACH who="1" step="1"/><E94/><REACH who="1" ten="250,292,198,250" step="2"/><V22/><F22/><W32/><G115/><T88/><D72/><AGARI ba="0,1" hai="7,11,15,20,25,30,50,51,52,59,63,72,78,83" machi="72" ten="30,12000,1" yaku="1,1,2,1,7,1,54,1,53,1" doraHai="124" doraHaiUra="21" who="1" fromWho="0" sc="250,-120,292,130,198,0,250,0" /><INIT seed="1,1,0,4,2,129" ten="130,422,198,250" oya="1" hai0="86,102,40,105,32,3,15,18,120,62,127,106,87" hai1="72,35,6,14,82,78,7,41,104,121,24,73,21" hai2="10,135,58,2,125,48,39,16,119,0,109,133,132" hai3="13,84,77,55,63,20,81,69,60,96,12,57,1"/><U5/><E121/><V113/><F119/><W4/><G1/><N who="2" m="617" /><F39/><W80/><G69/><T43/><D120/><U76/><E35/><V64/><F109/><W114/><G114/><T99/><D127/><U117/><E117/><V90/><F125/><W30/><G96/><T65/><D32/><U107/><E78/><V70/><F113/><W92/><G92/><T22/><D3/><U34/><E34/><V85/><F70/><W61/><G81/><T118/><D118/><U23/><E73/><V47/><F58/><W45/><G45/><T50/><D106/><U112/><E41/><N who="2" m="24687" /><F64/><W123/><G123/><T97/><D97/><U94/><E112/><V17/><F10/><N who="3" m="4167" /><G13/><T103/><D103/><U134/><E134/><N who="2" m="34307" /><V71/><DORA hai="130" /><F71/><W29/><G20/><T131/><D131/><U91/><E21/><V126/><F126/><W75/><G75/><T83/><D50/><AGARI ba="1,0" hai="29,30,50,55,57,60,61,63,77,80,84" m="4167" machi="50" ten="30,1000,0" yaku="8,1" doraHai="129,130" who="3" fromWho="0" sc="130,-13,422,0,198,0,250,13" /><INIT seed="2,0,0,5,5,104" ten="117,422,198,263" oya="2" hai0="95,127,52,116,134,15,67,17,94,97,135,57,105" hai1="99,93,130,24,110,100,66,36,18,82,78,101,19" hai2="50,39,22,83,119,34,126,129,84,70,32,81,73" hai3="46,80,124,121,44,5,58,16,132,68,90,2,62"/><V29/><F119/><W96/><G121/><T98/><D116/><U43/><E110/><V72/><F39/><W120/><G120/><T33/><D105/><U54/><E130/><V102/><F70/><W123/><G123/><T86/><D33/><U27/><E66/><V115/><F115/><W38/><G68/><T37/><D86/><U118/><E118/><V69/><F69/><W109/><G109/><T51/><D37/><U11/><E36/><V63/><F129/><W131/><G131/><T71/><D67/><U13/><E43/><V128/><F128/><W133/><G124/><T113/><D71/><U85/><E101/><V55/><F63/><W23/><G38/><T12/><D113/><U6/><E54/><V40/><F40/><W48/><G5/><T60/><D127/><U53/><E53/><V106/><F126/><W64/><G2/><T41/><D41/><U26/><AGARI ba="0,0" hai="6,11,13,18,19,24,26,27,78,82,85,93,99,100" machi="26" ten="30,2000,0" yaku="0,1,8,1" doraHai="104" who="1" fromWho="1" sc="117,-5,422,20,198,-10,263,-5" /><INIT seed="3,0,0,0,0,51" ten="112,442,188,258" oya="3" hai0="63,46,102,113,108,22,118,33,59,109,74,39,101" hai1="52,112,6,8,29,64,38,125,119,19,76,57,67" hai2="77,106,107,47,70,95,25,111,26,127,17,35,48" hai3="66,117,50,97,55,115,62,131,126,9,61,94,105"/><W88/><G117/><T124/><D124/><U28/><E112/><V103/><F70/><W1/><G115/><T23/><D23/><U93/><E119/><V98/><F127/><W120/><G120/><T10/><D10/><U49/><E125/><V128/><F111/><W90/><G126/><T132/><D132/><U58/><E38/><V15/><F128/><W121/><G121/><T84/><D84/><U3/><E76/><V122/><F122/><W130/><G105/><T30/><D30/><U32/><E32/><V96/><F77/><W114/><G114/><T2/><D2/><U116/><E116/><V16/><F107/><W53/><G90/><T41/><D41/><U135/><E135/><V5/><F5/><N who="3" m="1199" /><G50/><T110/><D110/><U81/><BYE who="0" /><E81/><V40/><F35/><W45/><G45/><T37/><D37/><U91/><E19/><V56/><F56/><N who="3" m="37159" /><G62/><T75/><D75/><U27/><E27/><V69/><F69/><W123/><G123/><T92/><D92/><U71/><E71/><V18/><REACH who="2" step="1"/><F15/><REACH who="2" ten="112,442,178,258" step="2"/><W82/><G82/><T87/><D87/><U4/><E4/><V13/><F13/><W11/><G11/><T12/><D12/><U42/><E42/><V104/><F104/><W0/><G0/><T134/><D134/><U24/><E24/><V36/><F36/><W68/><G68/><T20/><D20/><U44/><E67/><V100/><AGARI ba="0,1" hai="16,17,18,25,26,40,47,48,95,96,98,100,103,106" machi="100" ten="30,4000,0" yaku="1,1,0,1,54,1,53,0" doraHai="51" doraHaiUra="86" who="2" fromWho="2" sc="112,-10,442,-10,178,50,258,-20" owari="102,-40.0,432,53.0,228,-17.0,238,4.0" /></mjloggm>