<mjloggm ver="2.3"><GO type="169" lobby="0"/><UN n0="%E3%82%A6%E3%83%AB%E3%83%88%E3%83%A9%E7%AB%8B%E7%9B%B4" n1="%69%63%65%6D%61%6E%32" n2="%7A%61%63%63" n3="%E3%81%A0%E3%81%A3%E3%81%A6%E3%81%84%E3%81%86" dan="17,16,17,17" rate="2158.84,2145.90,2176.98,2155.29" sx="M,M,F,M"/><TAIKYOKU oya="0"/><INIT seed="0,0,0,1,1,130" ten="250,250,250,250" oya="0" hai0="2,125,102,84,18,26,82,41,15,19,101,61,77" hai1="46,132,105,123,135,111,0,127,6,129,58,48,80" hai2="98,91,89,96,31,38,3,50,121,40,57,51,42" hai3="133,47,30,128,72,56,109,68,114,86,22,95,120"/><T35/><D2/><U92/><E105/><V79/><F38/><W74/><G114/><T85/><D125/><U124/><E123/><V106/><F3/><W118/><G68/><T45/><D61/><U9/><E58/><V88/><F121/><W100/><G118/><T75/><D75/><U16/><E80/><V55/><F31/><W7/><G47/><T37/><D84/><U62/><E62/><V29/><F79/><W54/><G7/><T97/><D97/><N who="2" m="37482" /><F29/><W24/><G100/><T104/><D104/><U81/><E81/><V43/><F106/><W112/><G112/><T52/><D52/><N who="1" m="29719" /><E111/><V69/><F69/><W49/><G109/><T4/><D35/><U23/><E92/><V108/><F108/><W53/><G74/><T94/><D94/><U44/><E44/><AGARI ba="0,0" hai="40,42,43,44,50,51,55,57,88,89,91" m="37482" machi="44" ten="30,2000,0" yaku="8,1,54,1" doraHai="130" who="2" fromWho="1" sc="250,0,250,-20,250,20,250,0" /><INIT seed="1,0,0,0,5,122" ten="250,230,270,250" oya="1" hai0="125,110,10,114,70,94,40,46,31,18,77,103,23" hai1="0,39,29,33,118,52,91,83,12,15,124,7,69" hai2="19,55,131,25,5,68,50,57,72,73,100,85,116" hai3="62,65,90,2,38,113,56,43,75,28,36,117,26"/><U111/><E69/><V51/><F68/><W67/><G113/><T126/><D70/><U129/><E39/><V127/><F116/><W106/><G2/><T3/><D77/><U134/><E118/><V63/><F131/><W59/><G106/><T108/><D114/><U16/><E129/><V24/><F5/><W37/><G75/><T82/><D82/><U78/><E134/><V54/><F100/><W119/><G90/><T61/><D61/><U130/><E130/><V99/><F99/><W88/><G43/><T95/><D31/><U4/><E124/><N who="0" m="47721" /><D10/><U133/><E133/><V109/><F85/><W48/><G88/><T87/><D3/><U102/><E102/><V101/><F101/><W34/><G48/><N who="0" m="26695" /><D87/><U86/><E78/><V89/><F89/><W6/><G6/><T96/><D95/><U112/><E112/><V60/><F57/><W135/><G135/><T49/><D49/><U14/><E0/><V8/><F8/><W66/><G66/><T74/><D74/><U9/><E29/><V80/><F80/><W104/><G104/><T121/><D121/><U132/><E33/><V11/><F11/><W17/><G17/><T81/><D81/><U93/><E132/><V84/><F19/><W79/><G79/><T44/><D44/><U123/><E123/><V41/><F41/><W71/><G71/><T92/><D92/><U120/><E120/><V20/><F84/><W98/><G98/><T97/><D97/><U27/><E83/><V105/><F105/><W13/><G13/><AGARI ba="0,0" hai="13,18,23,94,96,103,108,110" m="26695,47721" machi="13" ten="30,3900,0" yaku="18,1,52,2" doraHai="122" who="0" fromWho="3" sc="250,39,230,0,270,0,250,-39" /><INIT seed="2,0,0,2,3,95" ten="289,230,270,211" oya="2" hai0="104,67,48,83,16,74,7,12,20,124,99,106,47" hai1="102,88,101,107,131,81,123,90,3,40,27,6,29" hai2="112,93,39,105,108,2,31,13,103,100,84,111,118" hai3="69,79,120,35,9,114,115,75,72,87,38,132,60"/><V55/><F118/><W94/><G120/><T59/><D124/><U68/><E123/><V10/><F2/><W44/><G35/><T71/><D71/><U135/><E135/><V5/><F39/><W57/><G69/><T25/><D74/><U52/><E68/><V73/><F73/><W41/><G132/><T109/><D109/><N who="2" m="42058" /><F112/><N who="3" m="43051" /><G9/><N who="0" m="4159" /><D106/><U119/><E119/><V54/><F31/><W130/><G130/><T43/><D104/><U22/><E131/><V18/><F5/><W32/><G32/><T30/><D83/><U34/><E107/><V49/><F105/><W89/><G79/><T45/><D30/><U96/><E34/><V70/><F70/><W28/><G28/><T85/><D85/><N who="1" m="50223" /><E3/><V80/><F93/><W92/><G94/><T23/><D23/><U97/><E6/><V65/><F65/><AGARI ba="0,0" hai="38,41,44,57,60,65,72,75,87,89,92" m="43051" machi="65" ten="30,1000,0" yaku="11,1" doraHai="95" who="3" fromWho="2" sc="289,0,230,0,270,-10,211,10" /><INIT seed="3,0,0,0,1,12" ten="289,230,260,221" oya="3" hai0="95,128,35,68,92,3,21,122,73,121,69,55,125" hai1="124,60,72,104,36,25,113,13,0,11,15,27,44" hai2="103,105,5,81,126,83,130,87,127,74,98,24,8" hai3="45,47,50,114,49,19,61,123,82,58,51,33,109"/><W23/><G33/><T112/><D35/><U131/><E104/><V7/><F130/><W22/><G114/><T135/><D73/><U41/><E113/><V64/><F64/><W134/><G123/><T101/><D112/><U9/><E0/><V80/><F74/><W30/><G134/><T108/><D3/><U65/><E72/><V20/><F87/><W93/><G82/><T17/><D55/><U119/><E131/><V37/><F37/><W6/><G6/><T100/><D128/><U89/><E119/><V14/><REACH who="2" step="1"/><F5/><REACH who="2" ten="289,230,250,221" step="2"/><W2/><G109/><T115/><D108/><U1/><E1/><V79/><F79/><W43/><G2/><T77/><D77/><U91/><E124/><V59/><F59/><W54/><G45/><T52/><D115/><U34/><E34/><V107/><F107/><W86/><G86/><T16/><D135/><U118/><E118/><V99/><F99/><W46/><G46/><T71/><D125/><U96/><E96/><V42/><F42/><W116/><G116/><T75/><D75/><U85/><E85/><V56/><F56/><W29/><G93/><T53/><D71/><U117/><E117/><V63/><F63/><W106/><G106/><T57/><D57/><U78/><E78/><V84/><F84/><W66/><G66/><T10/><D69/><U48/><E36/><V38/><F38/><W67/><G43/><T39/><D68/><U133/><E133/><V18/><AGARI ba="0,1" hai="7,8,14,18,20,24,80,81,83,98,103,105,126,127" machi="18" ten="30,4000,0" yaku="1,1,0,1,52,1,53,0" doraHai="12" doraHaiUra="32" who="2" fromWho="2" sc="289,-10,230,-10,250,50,221,-20" /><INIT seed="4,0,0,5,0,93" ten="279,220,300,201" oya="0" hai0="46,82,133,80,52,2,89,135,34,127,3,66,43" hai1="26,128,91,84,114,102,60,29,120,77,81,22,117" hai2="32,68,123,104,42,4,23,7,121,75,20,61,31" hai3="118,36,90,130,65,18,5,112,74,92,79,126,63"/><T40/><D34/><U94/><E117/><V64/><F75/><W132/><G118/><T49/><D66/><U111/><E120/><V105/><F42/><W86/><G36/><T30/><D30/><U24/><E111/><V45/><F45/><W8/><G132/><N who="0" m="50763" /><D127/><U14/><E128/><V119/><F119/><W50/><G130/><T59/><D43/><U13/><E114/><V19/><F32/><W100/><G112/><T44/><D46/><U113/><E113/><V12/><F105/><W88/><G50/><N who="0" m="31127" /><D89/><U115/><E115/><V106/><F31/><W107/><G126/><T57/><D57/><U103/><E24/><V129/><F129/><W58/><G90/><T69/><D69/><U109/><E109/><V98/><F123/><W33/><G33/><T85/><D85/><U27/><E27/><V95/><F121/><W39/><G39/><T56/><D56/><U10/><E60/><V97/><F61/><W6/><G18/><T28/><D28/><U78/><E78/><V83/><F68/><W73/><G79/><T21/><D21/><U72/><E13/><V35/><F35/><W76/><G76/><T108/><D108/><U53/><E53/><V62/><F20/><W54/><G54/><T41/><D41/><U16/><AGARI ba="0,0" hai="10,14,16,22,26,29,72,77,81,84,91,94,102,103" machi="16" ten="20,2700,0" yaku="0,1,7,1,54,1" doraHai="93" who="1" fromWho="1" sc="279,-13,220,27,300,-7,201,-7" /><INIT seed="5,0,0,1,3,36" ten="266,247,293,194" oya="1" hai0="79,42,7,95,70,21,2,10,127,130,72,54,114" hai1="96,103,22,111,47,132,84,98,101,120,28,39,34" hai2="76,102,125,75,17,66,52,12,58,100,41,87,48" hai3="6,85,86,14,68,61,1,62,124,15,135,133,25"/><U51/><E120/><V24/><F75/><W23/><G124/><T119/><D70/><U118/><E39/><V67/><F125/><W97/><G97/><T129/><D127/><U134/><E118/><V107/><F24/><W33/><G33/><T46/><D119/><U88/><E34/><V81/><F107/><W32/><G32/><T106/><D106/><U113/><E113/><V110/><F110/><W45/><G1/><T56/><D95/><U40/><E111/><V117/><F117/><W122/><G122/><T31/><D114/><U123/><E123/><V35/><F35/><W59/><G68/><T44/><D44/><U63/><E63/><N who="3" m="24074" /><G59/><T73/><D21/><U65/><E65/><N who="2" m="24587" /><F41/><W20/><G45/><T53/><D31/><U50/><E50/><V128/><F128/><N who="0" m="49258" /><D56/><U94/><E28/><V38/><F38/><W4/><G23/><AGARI ba="0,0" hai="12,17,23,48,52,58,76,81,87,100,102" m="24587" machi="23" ten="30,2000,0" yaku="8,1,54,1" doraHai="36" who="2" fromWho="3" sc="266,0,247,0,293,20,194,-20" /><INIT seed="6,0,0,3,1,17" ten="266,247,313,174" oya="2" hai0="89,46,107,45,33,111,36,57,53,126,10,15,14" hai1="31,130,50,61,109,117,81,105,63,102,80,104,119" hai2="68,135,131,90,49,120,122,110,62,125,71,79,83" hai3="41,127,29,18,6,65,27,98,11,108,3,51,16"/><V99/><F131/><W64/><G108/><T97/><D111/><U39/><E109/><V55/><F135/><W123/><G123/><T58/><D33/><U23/><E102/><V9/><F125/><W128/><G128/><T22/><D126/><U24/><E130/><V47/><F68/><W28/><G127/><T20/><D36/><U78/><E39/><V70/><F70/><W92/><G29/><T7/><D107/><U37/><E37/><V0/><F71/><W26/><G41/><T44/><D15/><U116/><E50/><V112/><F112/><W124/><G51/><N who="0" m="30911" /><D58/><U19/><E81/><V73/><F62/><W2/><G2/><T30/><D30/><U74/><E63/><V12/><F0/><W132/><G132/><T106/><D106/><U82/><E82/><V48/><F48/><W59/><G124/><T60/><D60/><U76/><E76/><V43/><F43/><W103/><G59/><T66/><D66/><U113/><E113/><V77/><F79/><W75/><G75/><T115/><D115/><U5/><E5/><N who="2" m="3119" /><F110/><W54/><G54/><T38/><D38/><U84/><E74/><V129/><F129/><W86/><G86/><T87/><D97/><U96/><E96/><V85/><F99/><W34/><REACH who="3" step="1"/><G26/><REACH who="3" ten="266,247,313,164" step="2"/><T121/><D121/><U56/><REACH who="1" step="1"/><E31/><REACH who="1" ten="266,237,313,164" step="2"/><V25/><F122/><W134/><G134/><T4/><D45/><U72/><E72/><V40/><F120/><W21/><G21/><N who="0" m="8299" /><D46/><U8/><E8/><V91/><F73/><W88/><G88/><N who="2" m="33833" /><F40/><W100/><G100/><T118/><D44/><U32/><E32/><RYUUKYOKU ba="0,2" sc="266,-30,237,10,313,10,164,10" hai1="19,23,24,56,61,78,80,84,104,105,116,117,119" hai2="25,47,49,55,77,83,85" hai3="3,6,11,16,18,27,28,34,64,65,92,98,103" /><INIT seed="6,1,2,5,1,90" ten="236,247,323,174" oya="2" hai0="128,42,21,93,19,87,11,116,94,63,16,55,58" hai1="37,104,59,108,97,71,4,52,100,132,69,114,22" hai2="133,14,89,29,48,88,120,77,65,15,91,78,64" hai3="7,66,36,45,117,68,75,113,40,101,86,56,61"/><V73/><F120/><W5/><G75/><T32/><D32/><U8/><E108/><V30/><F73/><W76/><G117/><T72/><D72/><U24/><E37/><V13/><F133/><W18/><G113/><T20/><D116/><U119/><E114/><V17/><F17/><N who="0" m="6730" /><D128/><U0/><E132/><V70/><F48/><W38/><G38/><T83/><D42/><U28/><REACH who="1" step="1"/><E119/><REACH who="1" ten="236,237,323,174" step="2"/><V111/><F111/><W33/><G36/><T34/><D11/><U47/><E47/><V118/><F118/><W74/><G45/><T27/><D34/><U35/><E35/><V31/><F70/><W106/><G33/><T103/><D21/><U43/><E43/><V41/><F41/><W46/><G46/><T62/><D20/><U123/><E123/><V129/><F129/><W54/><G40/><T51/><D27/><U102/><E102/><V109/><F109/><W81/><G101/><T50/><D103/><U131/><E131/><V57/><F57/><W49/><G106/><T95/><D51/><AGARI ba="1,3" hai="0,4,8,22,24,28,51,52,59,69,71,97,100,104" machi="51" ten="30,8000,1" yaku="1,1,7,1,54,1,53,2" doraHai="90" doraHaiUra="67" who="1" fromWho="0" sc="236,-83,237,113,323,0,174,0" /><INIT seed="7,0,0,3,4,132" ten="153,350,323,174" oya="3" hai0="115,116,46,69,39,119,22,118,37,89,6,94,53" hai1="12,60,124,83,23,64,106,26,90,105,38,91,41" hai2="25,42,101,78,3,72,121,52,84,92,80,35,127" hai3="13,57,117,88,8,16,97,21,14,62,104,34,0"/><W99/><G117/><T19/><D69/><U51/><E38/><V79/><F3/><W48/><G34/><T130/><D6/><U18/><E124/><V4/><F4/><N who="3" m="3207" /><G0/><T82/><D82/><U50/><E106/><V7/><F7/><W10/><G104/><T54/><D130/><U9/><E105/><V93/><F42/><W33/><G33/><T102/><D102/><U20/><E20/><V58/><F121/><W75/><G75/><T76/><D76/><U131/><E131/><V81/><F101/><W61/><G10/><T77/><D77/><U55/><E41/><V113/><F113/><W5/><G5/><T17/><D115/><U66/><E51/><V120/><F120/><W85/><G48/><T73/><D73/><U49/><E49/><V126/><F25/><W11/><G11/><T47/><D22/><U87/><E60/><N who="3" m="23146" /><G57/><T107/><D107/><U31/><E91/><V63/><F35/><W67/><G67/><T24/><D24/><U100/><E100/><V114/><F114/><W128/><G128/><T95/><REACH who="0" step="1"/><D118/><REACH who="0" ten="143,350,323,174" step="2"/><U56/><AGARI ba="0,1" hai="9,12,18,23,26,31,50,55,56,64,66,83,87,90" machi="56" ten="20,2700,0" yaku="0,1,7,1,8,1" doraHai="132" who="1" fromWho="1" sc="143,-7,350,37,323,-7,174,-13" owari="136,-36.0,387,48.0,316,12.0,161,-24.0" /></mjloggm>