<mjloggm ver="2.3"><GO type="97" lobby="0"/><UN n0="%E3%82%B1%E3%83%B3%E5%9D%8A" n1="%31%33%36%30" n2="%E7%A7%91%E5%AD%A6%E9%BA%BB%E9%9B%80" n3="%E3%83%88%E3%83%88%E3%83%AA%E5%85%88%E7%94%9F%31%39%E6%AD%B3" dan="14,15,13,15" rate="1973.80,2027.98,1853.01,2056.06" sx="M,M,M,F"/><TAIKYOKU oya="0"/><INIT seed="0,0,0,2,2,91" ten="250,250,250,250" oya="0" hai0="27,17,95,79,26,96,41,64,103,53,50,135,33" hai1="49,19,35,29,36,1,123,40,116,48,72,63,11" hai2="67,127,52,87,117,22,39,13,28,131,122,93,86" hai3="25,38,82,3,100,44,5,119,20,105,59,23,9"/><T30/><D79/><U71/><E123/><V46/><F122/><W90/><G119/><T94/><D41/><U66/><E116/><V115/><F117/><W121/><G121/><T51/><D135/><U134/><E134/><V129/><F115/><W57/><G23/><T88/><D64/><U80/><E19/><V12/><F67/><W81/><G100/><T8/><D26/><U83/><E80/><V84/><F127/><W102/><G102/><T104/><D51/><U126/><E126/><V58/><F39/><W110/><G105/><T31/><D31/><U54/><E54/><V7/><F46/><W85/><G110/><T109/><D109/><U78/><E29/><V76/><F76/><W69/><G69/><T2/><D104/><U4/><REACH who="1" step="1"/><E35/><REACH who="1" ten="250,240,250,250" step="2"/><V132/><F132/><W14/><G81/><T99/><D17/><U65/><E65/><V112/><F112/><W45/><G82/><T108/><D108/><U15/><E15/><N who="2" m="5707" /><F7/><W130/><G14/><T70/><D2/><U0/><E0/><V101/><F131/><W62/><G130/><T125/><D125/><U120/><E120/><V77/><F129/><W75/><G5/><T16/><D33/><U114/><E114/><V61/><F77/><W74/><G3/><T47/><D30/><U111/><E111/><V55/><F55/><W118/><G118/><T10/><D70/><U37/><E37/><V128/><F128/><W92/><G38/><T34/><D34/><U133/><E133/><V73/><F28/><W124/><G124/><T32/><D32/><U24/><E24/><V42/><F52/><RYUUKYOKU ba="0,1" sc="250,15,240,15,250,-15,250,-15" hai0="8,10,16,27,47,50,53,88,94,95,96,99,103" hai1="1,4,11,36,40,48,49,63,66,71,72,78,83" /><INIT seed="0,1,1,3,5,80" ten="265,255,235,235" oya="0" hai0="3,43,27,35,107,66,82,126,15,110,105,1,114" hai1="69,90,32,61,130,112,39,134,122,21,101,81,2" hai2="4,75,89,95,37,121,62,94,67,100,58,132,103" hai3="84,63,34,28,125,20,88,47,133,115,102,64,6"/><T127/><D114/><U26/><E122/><V7/><F121/><W135/><G115/><T68/><D43/><U29/><E2/><N who="0" m="521" /><D82/><U41/><E112/><V24/><F75/><W56/><G6/><N who="2" m="2089" /><F37/><W91/><G125/><N who="0" m="47627" /><D15/><U131/><E101/><N who="2" m="38987" /><F132/><N who="3" m="50763" /><G34/><T44/><D110/><U18/><E134/><V10/><F10/><W99/><G47/><T8/><D8/><U77/><E41/><V46/><F24/><N who="3" m="16391" /><G84/><T9/><D9/><U74/><E39/><V71/><F71/><W86/><G86/><T98/><D44/><U116/><E69/><V54/><F89/><W59/><G59/><T92/><D66/><U16/><E90/><V119/><F119/><W72/><G72/><T52/><D68/><U129/><E116/><V23/><F46/><W124/><G124/><T50/><D27/><U17/><REACH who="1" step="1"/><E61/><REACH who="1" ten="265,245,235,235" step="2"/><V11/><F62/><W42/><G42/><T19/><D50/><U123/><E123/><V12/><F11/><W0/><G0/><T113/><D113/><U30/><E30/><V60/><F60/><W111/><G111/><T25/><D35/><AGARI ba="1,2" hai="16,17,18,21,26,29,32,35,74,77,81,129,130,131" machi="35" ten="50,12000,2" yaku="1,1,19,1,54,1,53,3" doraHai="80" doraHaiUra="13" who="1" fromWho="0" sc="265,-123,245,143,235,0,235,0" /><INIT seed="1,0,0,0,4,9" ten="142,388,235,235" oya="1" hai0="47,16,56,92,59,75,36,65,120,86,72,64,104" hai1="28,119,51,91,103,71,45,129,10,107,99,78,66" hai2="70,38,88,113,100,5,6,19,23,44,108,85,96" hai3="81,102,24,17,87,112,31,98,26,61,1,7,43"/><U42/><E119/><V105/><F70/><W133/><G112/><T67/><D104/><U84/><E129/><V55/><F113/><W125/><G133/><T74/><D120/><U122/><E122/><V33/><F33/><W8/><G125/><T89/><D36/><U46/><E28/><V54/><F108/><W127/><G127/><T135/><D135/><U114/><E114/><V83/><F54/><W111/><G111/><T2/><D2/><U131/><E131/><V3/><F3/><W73/><G73/><T118/><D118/><U32/><E32/><V123/><F123/><W76/><G31/><T13/><REACH who="0" step="1"/><D47/><REACH who="0" ten="132,388,235,235" step="2"/><U128/><E128/><V35/><F38/><W41/><G1/><T20/><AGARI ba="0,1" hai="13,16,20,56,59,64,65,67,72,74,75,86,89,92" machi="20" ten="40,8000,1" yaku="1,1,2,1,0,1,52,1,54,1,53,0" doraHai="9" doraHaiUra="34" who="0" fromWho="0" sc="132,90,388,-40,235,-20,235,-20" /><INIT seed="2,0,0,5,4,26" ten="222,348,215,215" oya="2" hai0="72,100,110,31,104,94,9,24,62,45,40,34,53" hai1="79,42,116,70,120,73,89,135,99,86,118,122,25" hai2="55,11,39,48,20,38,115,112,129,7,41,19,66" hai3="82,106,21,132,1,8,71,56,85,125,10,80,127"/><V28/><F115/><W123/><G123/><N who="1" m="47146" /><E70/><V134/><F112/><W133/><G71/><T14/><D72/><U78/><E42/><V23/><F41/><W63/><G106/><T83/><D110/><U87/><E25/><V109/><F66/><N who="3" m="39271" /><G82/><T96/><D83/><N who="1" m="45519" /><E135/><N who="3" m="51786" /><G21/><T69/><D53/><U65/><E65/><V15/><F109/><W114/><G114/><T124/><D124/><N who="3" m="47689" /><G1/><T59/><D104/><U111/><E111/><V43/><F134/><W13/><G13/><T2/><D2/><U93/><E79/><AGARI ba="0,0" hai="8,10,79,80,85" m="47689,51786,39271" machi="79" ten="30,2000,0" yaku="20,1,18,1" doraHai="26" who="3" fromWho="1" sc="222,0,348,-20,215,0,215,20" /><INIT seed="3,0,0,3,2,80" ten="222,328,215,235" oya="3" hai0="4,42,94,135,53,12,57,101,133,108,23,103,105" hai1="65,64,128,125,25,7,114,76,63,96,58,67,75" hai2="39,120,20,117,50,88,3,132,126,0,83,121,35" hai3="15,99,97,81,16,13,130,6,87,19,102,84,122"/><W116/><G116/><T55/><D108/><U78/><E114/><V11/><F35/><W10/><G122/><N who="2" m="47209" /><F39/><W9/><G130/><T79/><D105/><U54/><E128/><V14/><F117/><W69/><G69/><T70/><D70/><U32/><E75/><V85/><F126/><W51/><G81/><T104/><D104/><U92/><E125/><V27/><F132/><N who="0" m="50762" /><D42/><U24/><E7/><N who="2" m="3455" /><F50/><W134/><G134/><T47/><D79/><N who="1" m="30251" /><E32/><V44/><F44/><W113/><G113/><T31/><D47/><U124/><E124/><V30/><AGARI ba="0,0" hai="0,3,20,27,30,83,85,88" m="3455,47209" machi="30" ten="30,4000,0" yaku="13,1,52,1,54,1" doraHai="80" who="2" fromWho="2" sc="222,-10,328,-10,215,40,235,-20" owari="212,-29.0,318,41.0,255,6.0,215,-18.0" /></mjloggm>