<mjloggm ver="2.3"><GO type="225" lobby="0"/><UN n0="%76%69%62%72%61%74%65" n1="%E5%B0%B1%E6%B4%BB%E7%94%9F%40%E5%B7%9D%E6%9D%91%E8%BB%8D%E5%9B%A3" n2="%E7%B6%BE%E7%80%AC%E5%A5%88%E9%83%BD%E5%B8%8C" n3="%73%6F%75%6D%69%6C%6F%6E" dan="16,17,16,16" rate="2061.05,2206.04,2178.61,2044.75" sx="M,M,F,M"/><TAIKYOKU oya="0"/><INIT seed="0,0,0,3,2,0" ten="250,250,250,250" oya="0" hai0="115,21,57,91,16,32,20,5,47,87,76,84,116" hai1="11,69,96,107,129,6,64,100,126,53,63,29,118" hai2="41,2,49,58,46,103,38,77,80,101,22,111,68" hai3="35,61,3,70,36,99,59,25,34,75,52,55,104"/><T23/><D116/><U78/><E126/><V18/><F68/><W108/><G36/><T48/><D32/><U90/><E129/><V89/><F2/><W73/><G3/><T54/><D115/><U110/><E110/><V71/><F71/><W83/><G108/><T12/><D76/><U86/><E118/><V98/><F111/><W130/><G130/><T43/><D87/><U40/><E29/><V39/><F39/><W127/><G127/><T112/><D112/><U105/><E105/><V79/><F89/><W109/><G109/><T4/><D43/><U97/><E97/><V17/><F17/><W124/><G124/><T113/><D47/><U14/><E78/><V134/><F134/><W13/><G13/><T131/><D113/><U31/><E31/><V27/><F98/><W106/><G70/><T9/><D131/><U133/><E133/><V93/><F93/><AGARI ba="0,0" hai="4,5,9,12,16,20,21,23,48,54,57,84,91,93" machi="93" ten="40,12000,1" yaku="8,1,52,2,54,1" doraHai="0" who="0" fromWho="2" sc="250,120,250,0,250,-120,250,0" /><INIT seed="0,1,0,5,3,41" ten="370,250,130,250" oya="0" hai0="129,28,2,20,94,93,48,39,108,29,134,40,126" hai1="97,110,61,119,100,91,72,90,95,27,101,133,10" hai2="35,0,128,15,123,73,81,50,107,70,53,82,64" hai3="24,127,99,120,115,9,11,66,106,26,57,13,49"/><T44/><D126/><U42/><E119/><V74/><F0/><W19/><G120/><T116/><D116/><U16/><E110/><V30/><F123/><W83/><G115/><T6/><D2/><U85/><E72/><V62/><F128/><W59/><G106/><T135/><D6/><U77/><E133/><V98/><F74/><W1/><G1/><T31/><D129/><U12/><E42/><V5/><F73/><W79/><G99/><T102/><D108/><U118/><E118/><V8/><F30/><W112/><G127/><T14/><D39/><U92/><E77/><V117/><F35/><W121/><G121/><T86/><D86/><U69/><E69/><V78/><F78/><W4/><G66/><T7/><D7/><U80/><E61/><V36/><F36/><W33/><G33/><T122/><D122/><U113/><E113/><V131/><F131/><W25/><G9/><T3/><D3/><U76/><E27/><V56/><REACH who="2" step="1"/><F117/><REACH who="2" ten="370,250,120,250" step="2"/><W34/><G34/><T111/><D29/><U37/><E37/><V124/><F124/><W21/><G112/><T105/><D31/><U60/><E60/><V63/><F63/><W71/><G79/><T23/><D28/><U46/><E76/><V22/><F22/><W67/><G21/><T65/><D23/><U51/><E51/><V130/><F130/><W75/><G49/><T52/><D48/><U96/><E10/><V68/><F68/><W55/><G71/><T109/><D135/><U32/><E32/><V103/><AGARI ba="1,1" hai="5,8,15,50,53,56,62,64,70,81,82,98,103,107" machi="103" ten="30,2000,0" yaku="1,1,0,1,53,0" doraHai="41" doraHaiUra="17" who="2" fromWho="2" sc="370,-11,250,-6,120,33,250,-6" /><INIT seed="1,0,0,4,2,118" ten="359,244,153,244" oya="1" hai0="9,34,88,124,5,48,98,43,111,85,128,96,27" hai1="116,76,57,2,84,59,101,58,123,126,6,68,53" hai2="30,25,125,3,117,51,100,39,29,33,8,130,14" hai3="134,133,23,91,4,44,66,78,109,82,54,129,80"/><U40/><E116/><V113/><F39/><W121/><G66/><T104/><D104/><U112/><E68/><V132/><F100/><W20/><G4/><T122/><D124/><U89/><E112/><V38/><F38/><W35/><G35/><T99/><D128/><U36/><E126/><V86/><F86/><N who="3" m="50647" /><G129/><T77/><D77/><U16/><E101/><V93/><F93/><W37/><G109/><T64/><D64/><U67/><E76/><V83/><F51/><N who="3" m="29031" /><G37/><T97/><D111/><U17/><E67/><V49/><F83/><W21/><G121/><T95/><D122/><U12/><E123/><V42/><F49/><W63/><G63/><T105/><D27/><U106/><E106/><V131/><F42/><W31/><G31/><N who="2" m="11785" /><F117/><W55/><G55/><T32/><D99/><U90/><E2/><V120/><F125/><W15/><G80/><T103/><D98/><U119/><E119/><V7/><F120/><W50/><G50/><T24/><D97/><U92/><E53/><V108/><F113/><W10/><G78/><T127/><D127/><U71/><E71/><V45/><F108/><W135/><G10/><T1/><D24/><U18/><E89/><V110/><F110/><W19/><AGARI ba="0,0" hai="15,19,20,21,23,133,134,135" m="29031,50647" machi="19" ten="40,1500,0" yaku="20,1" doraHai="118" who="3" fromWho="3" sc="359,-4,244,-7,153,-4,244,15" /><INIT seed="2,0,0,3,3,110" ten="355,237,149,259" oya="2" hai0="122,70,44,12,42,34,125,134,43,108,118,37,16" hai1="53,100,58,83,60,69,116,31,64,54,62,39,21" hai2="38,46,123,105,79,24,0,91,3,30,41,112,50" hai3="36,120,20,73,15,57,89,61,71,78,26,40,56"/><V18/><F123/><W90/><G71/><T82/><D34/><U68/><E116/><V131/><F105/><W88/><G120/><T87/><D108/><U102/><E39/><V5/><F131/><W133/><G133/><T52/><D122/><U25/><E69/><V103/><F112/><W81/><G15/><T101/><D43/><U86/><REACH who="1" step="1"/><E53/><REACH who="1" ten="355,227,149,259" step="2"/><V45/><F103/><W124/><G36/><N who="0" m="21575" /><D52/><U22/><E22/><V121/><F121/><W9/><G9/><T2/><D37/><U59/><E59/><V84/><F79/><AGARI ba="0,1" hai="21,25,31,54,58,60,62,64,68,79,83,86,100,102" machi="79" ten="30,3900,0" yaku="1,1,7,1,53,1" doraHai="110" doraHaiUra="19" who="1" fromWho="2" sc="355,0,227,49,149,-39,259,0" /><INIT seed="3,0,0,0,0,70" ten="355,276,110,259" oya="3" hai0="36,22,88,57,24,92,40,46,118,64,4,11,111" hai1="35,67,87,80,49,114,26,30,71,51,29,113,53" hai2="6,55,28,120,96,10,107,83,25,72,86,126,132" hai3="134,19,84,59,47,61,93,15,14,69,122,8,99"/><W63/><G69/><T94/><D118/><U101/><E30/><V34/><F126/><W129/><G134/><T76/><D76/><U32/><E32/><V95/><F132/><W1/><G1/><T54/><D64/><U13/><E101/><V3/><F120/><W18/><G129/><T43/><D43/><U91/><E51/><V127/><F127/><W56/><G84/><T21/><D111/><U62/><REACH who="1" step="1"/><E13/><REACH who="1" ten="355,266,110,259" step="2"/><V0/><F107/><W52/><G122/><T33/><D33/><U23/><E23/><V97/><F72/><W37/><G15/><T133/><D133/><U115/><E115/><V108/><F108/><W9/><G9/><T81/><D22/><U58/><AGARI ba="0,1" hai="26,29,35,49,53,58,62,67,71,80,87,91,113,114" machi="58" ten="20,2700,0" yaku="1,1,0,1,7,1,53,0" doraHai="70" doraHaiUra="74" who="1" fromWho="1" sc="355,-7,266,37,110,-7,259,-13" owari="348,45.0,303,10.0,103,-40.0,246,-15.0" /></mjloggm>