<mjloggm ver="2.3"><GO type="169" lobby="0"/><UN n0="%E3%81%B9%E3%81%A3%E3%81%93%E3%83%BC%E2%99%AA" n1="%64%6F%6E%63%68%61%6E%33" n2="%E3%81%B1%E3%83%BC%E3%81%9D%E3%82%93" n3="%E3%82%A6%E3%83%AB%E3%83%88%E3%83%A9%E7%AB%8B%E7%9B%B4" dan="16,17,16,16" rate="2098.21,2149.52,2077.53,2123.05" sx="F,M,M,M"/><TAIKYOKU oya="0"/><INIT seed="0,0,0,0,1,21" ten="250,250,250,250" oya="0" hai0="93,13,58,110,41,118,30,111,22,2,5,39,129" hai1="26,98,127,17,35,75,47,104,126,91,128,96,4" hai2="82,19,78,42,18,131,102,86,71,56,7,63,74" hai3="107,45,29,8,113,34,14,54,103,101,87,49,69"/><T76/><D118/><U89/><E75/><V43/><F131/><W68/><G113/><T64/><D129/><U80/><E128/><V125/><F71/><W3/><G3/><T32/><D76/><U44/><E4/><V67/><F125/><N who="1" m="47625" /><E80/><V62/><F62/><W134/><G134/><T12/><D41/><U83/><E83/><V99/><F7/><W92/><G107/><T15/><D39/><U9/><E9/><V84/><F86/><W135/><G135/><T10/><D93/><N who="1" m="56367" /><E91/><V123/><F74/><W23/><G101/><T81/><D81/><U60/><E60/><V77/><F77/><W121/><G121/><T57/><D64/><U65/><E65/><V46/><F123/><W1/><G1/><T112/><D112/><U31/><E17/><V95/><REACH who="2" step="1"/><F43/><REACH who="2" ten="250,250,240,250" step="2"/><W50/><G69/><T11/><D58/><U51/><E51/><AGARI ba="0,1" hai="18,19,42,46,51,56,63,67,78,82,84,95,99,102" machi="51" ten="30,7700,0" yaku="1,1,2,1,7,1,8,1,53,0" doraHai="21" doraHaiUra="0" who="2" fromWho="1" sc="250,0,250,-77,240,87,250,0" /><INIT seed="1,0,0,3,4,19" ten="250,173,327,250" oya="1" hai0="107,78,110,37,129,57,60,113,125,108,85,58,121" hai1="9,80,54,131,82,51,112,13,100,16,5,83,8" hai2="10,86,68,97,66,120,91,56,65,127,106,73,124" hai3="38,92,95,49,84,31,115,123,96,116,28,117,29"/><U98/><E112/><V59/><F73/><W70/><G70/><T103/><D121/><U63/><E131/><V79/><F79/><W40/><G123/><T2/><D129/><U122/><E122/><V7/><F120/><W50/><G115/><T118/><D113/><U41/><E63/><V32/><F32/><W90/><G38/><T77/><D118/><N who="3" m="45673" /><G40/><T74/><D2/><U44/><E41/><V34/><F34/><W11/><G11/><T128/><D37/><U69/><E69/><V0/><F66/><W87/><G87/><T94/><D128/><U93/><REACH who="1" step="1"/><E82/><REACH who="1" ten="250,163,327,250" step="2"/><N who="2" m="49623" /><F68/><W135/><G135/><T14/><D60/><U75/><E75/><V48/><F65/><W18/><G50/><T76/><D74/><U30/><E30/><V126/><F48/><W15/><G49/><T24/><D77/><U27/><E27/><V55/><F127/><W23/><G31/><T102/><D24/><U104/><E104/><V119/><F126/><W33/><G33/><T111/><D107/><U134/><E134/><V42/><F124/><W6/><G6/><T47/><D125/><U72/><E72/><V133/><F42/><W105/><G105/><T81/><D78/><U46/><E46/><V99/><F106/><W25/><G25/><T114/><D47/><U20/><E20/><V64/><F133/><W22/><G22/><T17/><D114/><U39/><E39/><V3/><F119/><W88/><AGARI ba="0,1" hai="15,18,23,28,29,84,88,90,92,95,96" m="45673" machi="88" ten="30,4000,0" yaku="12,1,52,1,54,1" doraHai="19" who="3" fromWho="3" sc="250,-10,163,-20,327,-10,250,50" /><INIT seed="2,0,0,0,0,107" ten="240,143,317,300" oya="2" hai0="24,102,134,123,0,66,69,71,97,81,35,114,41" hai1="39,47,85,109,18,72,131,111,25,110,30,124,31" hai2="10,80,19,23,74,33,59,3,27,8,34,103,93" hai3="92,14,100,95,44,58,77,65,13,79,42,76,99"/><V11/><F74/><W112/><G112/><T12/><D123/><U4/><E131/><V117/><F117/><W38/><G65/><T78/><D0/><U6/><E85/><V55/><F80/><W56/><G95/><T84/><D134/><U105/><E105/><V9/><F3/><W127/><G127/><T57/><D114/><U49/><E39/><V22/><F22/><W129/><G129/><T48/><D12/><U50/><E124/><V88/><N who="2" m="2048" /><DORA hai="120" /><V118/><F103/><W87/><G87/><T73/><D84/><U15/><E72/><V67/><F67/><W90/><G90/><T75/><D81/><U21/><E31/><V130/><F118/><W60/><G60/><N who="0" m="40135" /><D78/><U89/><E89/><V62/><REACH who="2" step="1"/><F130/><REACH who="2" ten="240,143,307,300" step="2"/><W43/><G100/><T82/><D82/><U46/><E30/><V29/><F29/><W104/><G79/><T83/><D83/><U125/><E125/><V20/><F20/><W52/><G77/><T37/><D71/><U16/><E18/><V96/><AGARI ba="0,1" hai="19,23,27,33,34,55,59,62,88,93,96" m="2048" machi="96" ten="40,24000,3" yaku="1,1,0,1,25,2,54,1,53,5" doraHai="107,120" doraHaiUra="7,91" who="2" fromWho="2" sc="240,-80,143,-80,307,250,300,-80" /><INIT seed="2,1,0,2,0,63" ten="160,63,557,220" oya="2" hai0="101,74,78,50,20,61,1,111,51,36,76,49,92" hai1="134,14,64,53,23,3,32,119,11,54,110,60,41" hai2="33,8,96,66,130,35,79,95,15,107,85,114,29" hai3="124,88,18,72,37,9,97,28,40,77,98,99,108"/><V133/><F107/><W10/><G72/><T100/><D1/><U131/><E119/><V38/><F38/><W7/><G77/><N who="0" m="29803" /><D74/><U25/><E32/><V2/><F2/><W113/><G37/><T56/><D36/><U126/><E3/><V83/><F114/><W19/><G40/><T43/><D111/><U103/><E110/><V117/><F117/><W52/><G124/><T0/><D0/><U62/><E126/><V122/><F122/><W121/><G121/><T30/><D43/><U21/><E134/><V135/><F130/><W120/><G28/><T70/><D70/><U42/><E131/><V17/><F29/><W129/><G129/><T86/><D30/><U94/><E21/><V82/><F82/><W75/><G75/><T65/><D20/><U123/><E123/><V45/><F45/><W16/><G113/><T47/><D47/><U91/><E103/><N who="0" m="39497" /><D86/><U27/><E27/><V59/><F35/><W31/><G31/><T116/><D116/><U26/><E26/><V55/><F33/><W93/><G120/><T71/><D71/><U48/><E42/><V4/><F135/><W69/><G69/><T44/><D44/><N who="1" m="27783" /><E41/><V104/><F104/><W118/><G118/><T80/><D80/><U112/><E112/><V46/><F83/><W34/><G34/><T90/><D90/><U81/><E81/><V13/><F79/><W12/><G108/><T24/><D24/><U5/><E23/><V106/><F133/><W132/><G132/><T58/><D92/><U87/><E25/><V89/><F106/><W39/><G93/><T115/><D115/><RYUUKYOKU ba="1,0" sc="160,30,63,-10,557,-10,220,-10" hai0="49,50,51,56,58,61,65" /><INIT seed="3,2,0,0,0,121" ten="190,53,547,210" oya="3" hai0="76,27,135,16,116,117,31,2,66,74,60,47,114" hai1="112,52,110,88,15,92,46,95,17,99,40,14,79" hai2="13,87,108,93,59,55,132,53,115,123,90,71,38" hai3="50,1,127,4,97,68,6,24,72,11,33,43,9"/><W105/><G50/><T75/><D2/><U49/><E112/><V126/><F71/><W101/><G43/><T65/><D135/><U20/><E79/><V122/><F38/><W57/><G57/><T129/><D114/><U56/><E110/><V119/><F108/><W73/><G127/><T118/><D129/><U113/><E113/><V104/><F104/><W21/><G68/><T51/><D76/><U106/><E106/><V34/><F34/><W61/><G61/><T96/><D96/><U94/><REACH who="1" step="1"/><E15/><REACH who="1" ten="190,43,547,210" step="2"/><V42/><F115/><W29/><G21/><T89/><D116/><U26/><E26/><V131/><F119/><W58/><G58/><T67/><D27/><U0/><E0/><AGARI ba="2,1" hai="0,1,4,6,9,11,24,29,33,72,73,97,101,105" machi="0" ten="30,12000,1" yaku="7,1,9,1,33,3" doraHai="121" who="3" fromWho="1" sc="190,0,43,-126,547,0,210,136" owari="190,-21.0,-83,-58.0,547,64.0,346,15.0" /></mjloggm>