<mjloggm ver="2.3"><GO type="97" lobby="0"/><UN n0="%E3%83%94%E3%83%A8%E3%81%A3%E3%81%99" n1="%79%75%6B%69%6E%6F%36" n2="%E5%B0%B1%E6%B4%BB%E7%94%9F%40%E5%B7%9D%E6%9D%91%E8%BB%8D%E5%9B%A3" n3="%E5%91%82%E5%A7%AB" dan="15,14,16,13" rate="2046.61,2035.13,2087.86,1996.28" sx="M,M,M,F"/><TAIKYOKU oya="0"/><INIT seed="0,0,0,3,4,71" ten="250,250,250,250" oya="0" hai0="110,115,65,80,131,72,44,18,119,43,11,8,76" hai1="111,70,27,19,61,15,104,86,25,78,9,82,87" hai2="12,67,95,124,17,118,42,135,58,68,30,36,94" hai3="84,21,35,66,116,105,38,102,13,127,85,75,122"/><T55/><D119/><U133/><E104/><V113/><F118/><W98/><G35/><T59/><D131/><U79/><E133/><V120/><F120/><W39/><G75/><T83/><D65/><U22/><E111/><V100/><F113/><W32/><G32/><T51/><D110/><U126/><E126/><V90/><F124/><W7/><G116/><T73/><D115/><U89/><E70/><V62/><F135/><W10/><G127/><T114/><D114/><U56/><E86/><V129/><F129/><W64/><G122/><T121/><D121/><U45/><E45/><V134/><F134/><W53/><G66/><T92/><D92/><U29/><REACH who="1" step="1"/><E27/><REACH who="1" ten="250,240,250,250" step="2"/><V97/><F68/><W74/><G74/><T46/><D46/><U130/><E130/><V48/><F42/><W26/><G85/><T108/><D108/><U37/><E37/><V14/><F36/><W20/><G84/><T117/><D117/><U33/><E33/><V1/><F97/><W57/><G64/><AGARI ba="0,1" hai="9,15,19,22,25,29,56,61,64,78,79,82,87,89" machi="64" ten="30,7700,0" yaku="1,1,7,1,8,1,53,1" doraHai="71" doraHaiUra="6" who="1" fromWho="3" sc="250,0,240,87,250,0,250,-77" /><INIT seed="1,0,0,5,1,26" ten="250,327,250,173" oya="1" hai0="103,24,97,88,4,83,127,73,60,109,8,23,129" hai1="123,111,50,29,38,121,39,30,21,33,9,78,12" hai2="17,7,62,35,42,6,13,98,47,57,69,90,70" hai3="84,133,125,89,131,46,130,95,104,65,22,15,48"/><U3/><E78/><V93/><F35/><W25/><G104/><T76/><D109/><U67/><E67/><V52/><F70/><W113/><G113/><T16/><D129/><N who="3" m="49161" /><G133/><T106/><D127/><U132/><E111/><V126/><F69/><W61/><G125/><T99/><D60/><U18/><E132/><V79/><F79/><W101/><G15/><T41/><D41/><U0/><E50/><V80/><F80/><W72/><G72/><T105/><D88/><U49/><E49/><N who="2" m="26871" /><F126/><W135/><G101/><T124/><D124/><U51/><E51/><V40/><F40/><N who="3" m="24647" /><G135/><T14/><REACH who="0" step="1"/><D99/><REACH who="0" ten="240,327,250,173" step="2"/><U128/><E128/><V37/><F37/><W134/><G134/><T108/><D108/><U102/><E39/><V117/><F117/><W107/><G61/><T36/><D36/><U27/><E38/><V45/><F45/><W11/><G65/><T110/><D110/><U63/><E63/><V85/><F98/><W118/><G118/><T54/><D54/><U81/><E81/><V66/><F66/><W115/><G115/><T82/><D82/><U68/><E68/><V1/><F1/><N who="1" m="585" /><E102/><V120/><F120/><N who="1" m="46153" /><E33/><V2/><F2/><W96/><G96/><T34/><D34/><U59/><E59/><V56/><F56/><W53/><G53/><T92/><AGARI ba="0,1" hai="4,8,14,16,23,24,73,76,83,92,97,103,105,106" machi="92" ten="20,5200,0" yaku="1,1,0,1,7,1,54,1,53,0" doraHai="26" doraHaiUra="86" who="0" fromWho="0" sc="240,62,327,-26,250,-13,173,-13" /><INIT seed="2,0,0,4,2,21" ten="302,301,237,160" oya="2" hai0="105,64,107,109,113,65,13,32,62,38,82,22,135" hai1="117,54,56,53,79,15,57,75,115,69,87,20,50" hai2="116,100,127,26,119,102,125,78,118,88,8,44,103" hai3="98,2,28,128,70,94,47,131,30,11,84,123,59"/><V12/><F78/><W9/><G123/><T134/><D38/><U97/><E69/><V106/><F106/><W46/><G70/><T55/><D32/><U17/><E115/><V112/><F112/><W74/><G84/><T14/><D109/><U104/><E117/><V18/><F44/><N who="3" m="16939" /><G74/><T81/><D55/><U95/><E75/><V51/><F51/><W63/><G2/><T52/><D52/><U110/><E110/><V120/><F120/><W71/><G71/><T85/><D65/><U124/><E124/><V45/><F45/><W34/><G34/><T121/><D82/><U25/><E104/><N who="0" m="40009" /><D22/><U36/><E36/><V10/><F10/><N who="3" m="3595" /><G59/><N who="0" m="36959" /><D121/><U129/><E129/><N who="3" m="49738" /><G63/><T68/><D68/><U76/><E87/><V60/><F60/><W122/><G122/><T1/><D1/><U92/><E15/><V23/><REACH who="2" step="1"/><F88/><AGARI ba="0,0" hai="28,30,88,94,98" m="49738,3595,16939" machi="88" ten="30,2000,0" yaku="19,1,54,1" doraHai="21" who="3" fromWho="2" sc="302,0,301,0,237,-20,160,20" /><INIT seed="3,0,0,3,4,38" ten="302,301,217,180" oya="3" hai0="4,86,2,89,78,91,116,83,48,12,30,100,71" hai1="130,64,19,27,56,72,55,23,47,33,17,92,21" hai2="81,40,127,60,123,50,129,49,32,52,103,14,22" hai3="82,25,51,128,98,125,120,16,124,45,87,5,53"/><W126/><G120/><T118/><D71/><U134/><E72/><V44/><F123/><W43/><G128/><T37/><D37/><U10/><E33/><V121/><F32/><W0/><G98/><T41/><D2/><U46/><E130/><V95/><F121/><W8/><G53/><T90/><D30/><U58/><E134/><V34/><F34/><W11/><G11/><N who="0" m="4199" /><D100/><U75/><E75/><V97/><F129/><W20/><G87/><T132/><D132/><U28/><E10/><V110/><F127/><W42/><G42/><T29/><D29/><U115/><E115/><V54/><F110/><W88/><G82/><T67/><D67/><U122/><E122/><V6/><F60/><W62/><G62/><T108/><D108/><U96/><E64/><V111/><F111/><W84/><G84/><T114/><D114/><U9/><E9/><N who="2" m="4407" /><F22/><W119/><G119/><T18/><D18/><N who="1" m="6667" /><E23/><V61/><F61/><W35/><G35/><T131/><D131/><U101/><E55/><N who="2" m="21035" /><F50/><W65/><G65/><T39/><D39/><U13/><E13/><V99/><F99/><W105/><G105/><T80/><D80/><AGARI ba="0,0" hai="40,44,49,80,81,95,97,103" m="21035,4407" machi="80" ten="30,3900,0" yaku="8,1,52,1,54,1" doraHai="38" who="2" fromWho="0" sc="302,-39,301,0,217,39,180,0" owari="263,6.0,301,40.0,256,-14.0,180,-32.0" /></mjloggm>