<mjloggm ver="2.3"><GO type="41" lobby="0"/><UN n0="%E5%B0%B1%E6%B4%BB%E7%94%9F%40%E5%B7%9D%E6%9D%91%E8%BB%8D%E5%9B%A3" n1="%E3%82%B1%E3%82%A4%EF%BC%91%EF%BC%93" n2="%E2%98%85%E5%B9%BB%E7%8D%A3%E6%97%85%E5%9B%A3%E2%98%85" n3="%E3%81%97%E3%81%97%E3%81%8C%E3%81%97%E3%82%89" dan="17,15,16,13" rate="2142.64,1906.58,2005.02,1840.19" sx="M,M,M,M"/><TAIKYOKU oya="0"/><INIT seed="0,0,0,4,4,29" ten="250,250,250,250" oya="0" hai0="30,130,114,116,78,91,16,11,50,25,33,84,102" hai1="98,22,64,75,39,80,131,70,119,74,55,36,76" hai2="27,120,135,18,96,90,118,34,26,122,71,113,5" hai3="43,37,99,65,32,4,86,57,7,128,68,88,48"/><T97/><D114/><U79/><E119/><V62/><F113/><W106/><G128/><T17/><D116/><U127/><E131/><V45/><F118/><W67/><G106/><T73/><D130/><U13/><E127/><V121/><F5/><W63/><G99/><T92/><D11/><U15/><E98/><V93/><F135/><W46/><G67/><T51/><D78/><U14/><E22/><V58/><F71/><W111/><G111/><T125/><D73/><U31/><E31/><V42/><F27/><W0/><G0/><T133/><D133/><U134/><E134/><V1/><F1/><W47/><G32/><T105/><D125/><U110/><E110/><V21/><F34/><W132/><G132/><T69/><D69/><U101/><E101/><V77/><F77/><W61/><G63/><T10/><D10/><U104/><E104/><V95/><F95/><N who="3" m="54679" /><G46/><T40/><D40/><U53/><E64/><V44/><F42/><W41/><G43/><T126/><D126/><U38/><REACH who="1" step="1"/><E70/><REACH who="1" ten="250,240,250,250" step="2"/><V19/><REACH who="2" step="1"/><F18/><REACH who="2" ten="250,240,240,250" step="2"/><W81/><G7/><T2/><D17/><U107/><E107/><V6/><F6/><W23/><G4/><T59/><D16/><U52/><E52/><AGARI ba="0,2" hai="19,21,26,44,45,52,58,62,90,93,96,120,121,122" machi="52" ten="40,8000,1" yaku="1,1,25,2,54,1,53,0" doraHai="29" doraHaiUra="129" who="2" fromWho="1" sc="250,0,240,-80,240,100,250,0" /><INIT seed="1,0,0,2,3,72" ten="250,160,340,250" oya="1" hai0="86,26,5,76,82,123,131,21,57,39,105,58,77" hai1="135,1,53,85,88,89,15,125,28,118,62,75,47" hai2="107,49,20,114,33,61,56,59,46,36,79,31,92" hai3="48,109,29,22,24,63,43,9,103,94,91,35,129"/><U30/><E1/><V13/><F107/><W71/><G109/><T37/><D105/><U44/><E75/><V54/><F33/><W69/><G129/><T45/><D131/><U117/><E15/><V95/><F36/><W60/><G103/><T104/><D104/><U68/><E85/><V113/><F59/><N who="0" m="22538" /><D39/><U80/><E80/><V16/><F31/><W4/><G35/><T84/><D37/><U74/><E74/><V108/><F108/><W133/><G133/><T116/><D116/><U10/><E135/><V121/><F121/><W73/><G73/><T19/><D123/><U120/><E120/><V96/><F96/><W8/><G43/><T112/><D112/><N who="2" m="43114" /><F79/><N who="0" m="30282" /><D82/><U18/><E68/><V42/><AGARI ba="0,0" hai="13,16,20,42,46,49,54,56,61,92,95" m="43114" machi="42" ten="30,2000,0" yaku="11,1,54,1" doraHai="72" who="2" fromWho="2" sc="250,-5,160,-10,340,20,250,-5" /><INIT seed="2,0,0,2,4,9" ten="245,150,360,245" oya="2" hai0="44,25,14,15,29,122,113,103,130,51,74,80,121" hai1="38,70,66,133,68,98,62,54,61,5,91,108,90" hai2="6,115,40,120,114,117,92,22,33,2,50,95,39" hai3="60,3,112,100,65,75,48,135,127,34,83,32,87"/><V11/><F120/><W111/><G3/><T126/><D113/><U67/><E5/><V7/><F33/><W101/><G111/><T132/><D103/><U16/><E108/><V4/><F39/><W57/><G127/><T1/><D1/><U31/><E31/><V21/><F2/><W63/><G135/><T43/><D126/><U79/><E38/><V105/><F105/><W124/><G124/><T123/><D132/><U119/><E54/><V20/><F117/><W30/><G112/><T81/><D130/><U27/><E133/><V52/><F40/><W42/><G75/><T12/><REACH who="0" step="1"/><D74/><REACH who="0" ten="235,150,360,245" step="2"/><U53/><E119/><V8/><F115/><W104/><G101/><T73/><D73/><U76/><E98/><V49/><F114/><W128/><G128/><T10/><D10/><N who="2" m="3626" /><F49/><W24/><G34/><AGARI ba="0,1" hai="12,14,15,25,29,34,43,44,51,80,81,121,122,123" machi="34" ten="50,8000,1" yaku="1,1,52,3,53,1" doraHai="9" doraHaiUra="28" who="0" fromWho="3" sc="235,90,150,0,360,0,245,-80" /><INIT seed="3,0,0,3,0,31" ten="325,150,360,165" oya="3" hai0="51,101,65,125,128,19,6,70,80,113,40,17,100" hai1="83,9,16,79,39,95,75,25,42,18,15,41,82" hai2="55,91,59,48,36,71,67,111,62,61,123,14,94" hai3="93,99,66,88,37,38,10,122,30,108,135,132,56"/><W50/><G122/><T115/><D125/><U81/><E39/><V33/><F123/><W20/><G108/><T68/><D128/><U131/><E131/><V112/><F112/><N who="0" m="43082" /><D6/><U58/><E79/><V85/><F111/><W29/><G10/><T107/><D80/><U45/><E45/><V116/><F116/><W52/><G66/><T27/><D27/><U76/><E76/><V134/><F134/><N who="3" m="51243" /><G20/><T77/><D77/><U23/><E75/><V44/><F33/><W47/><G47/><N who="0" m="26087" /><D107/><U102/><REACH who="1" step="1"/><E58/><REACH who="1" ten="325,140,360,165" step="2"/><V109/><F109/><W129/><G129/><T127/><D70/><U105/><E105/><V119/><F119/><W104/><G104/><T8/><D68/><U7/><E7/><V126/><F126/><W0/><G0/><T133/><D133/><U11/><E11/><V73/><F73/><W13/><G13/><T130/><D8/><U121/><E121/><V86/><F14/><W54/><G38/><T90/><D127/><U74/><E74/><V106/><F36/><W63/><G37/><T21/><D130/><U97/><AGARI ba="0,1" hai="9,15,16,18,23,25,41,42,81,82,83,95,97,102" machi="97" ten="30,7900,0" yaku="1,1,0,1,8,1,54,1,53,0" doraHai="31" doraHaiUra="24" who="1" fromWho="1" sc="325,-20,140,89,360,-20,165,-39" /><INIT seed="4,0,0,3,0,104" ten="305,229,340,126" oya="0" hai0="33,15,6,123,105,23,116,62,2,28,52,106,122" hai1="109,25,21,130,40,61,128,49,76,81,68,90,1" hai2="34,12,9,17,56,32,134,29,53,31,70,24,26" hai3="117,7,64,30,74,57,132,112,95,126,113,101,73"/><T131/><D116/><U16/><E1/><V18/><F70/><W4/><G117/><T11/><D131/><U135/><E109/><V114/><F134/><W45/><G132/><T115/><D115/><N who="3" m="44105" /><G126/><T83/><D83/><U91/><E135/><V79/><F114/><W97/><G30/><T100/><D100/><U0/><E0/><V120/><F120/><W38/><G38/><T129/><D129/><U59/><E68/><V77/><REACH who="2" step="1"/><F18/><REACH who="2" ten="305,229,330,126" step="2"/><W22/><G45/><T3/><D123/><U36/><E128/><V107/><F107/><W63/><G22/><T133/><D122/><U121/><E130/><V46/><F46/><W75/><AGARI ba="0,1" hai="4,7,57,63,64,73,74,75,95,97,101" m="44105" machi="75" ten="40,8000,1" yaku="15,1,52,3" doraHai="104" who="3" fromWho="3" sc="305,-40,229,-20,330,-20,126,90" /><INIT seed="5,0,0,3,0,18" ten="265,209,310,216" oya="1" hai0="25,57,103,100,39,99,92,45,76,10,74,91,112" hai1="11,118,66,26,132,24,55,72,89,43,14,108,87" hai2="42,4,119,1,120,123,21,17,131,46,8,23,135" hai3="50,48,12,56,88,126,95,49,102,110,22,67,36"/><U71/><E72/><V3/><F119/><W115/><G110/><T35/><D112/><U6/><E118/><V121/><F3/><W40/><G115/><T5/><D39/><U70/><E108/><V77/><F135/><W44/><G126/><T82/><D45/><U122/><E132/><V62/><F131/><W113/><G113/><T29/><REACH who="0" step="1"/><D57/><REACH who="0" ten="255,209,310,216" step="2"/><U93/><E122/><V13/><F77/><W28/><G102/><T133/><D133/><U60/><E43/><V97/><F46/><W54/><G67/><T117/><D117/><U81/><E70/><V47/><F47/><W61/><G36/><T80/><D80/><U107/><E107/><V9/><F42/><W109/><G109/><T98/><D98/><U106/><E106/><V75/><F75/><W58/><G56/><T51/><D51/><U85/><REACH who="1" step="1"/><E55/><REACH who="1" ten="255,199,310,216" step="2"/><V105/><F105/><W64/><G64/><T27/><D27/><U59/><E59/><V124/><F124/><W96/><REACH who="3" step="1"/><G12/><AGARI ba="0,2" hai="5,10,12,25,29,35,74,76,82,91,92,99,100,103" machi="12" ten="30,3900,0" yaku="1,1,7,1,53,1" doraHai="18" doraHaiUra="7" who="0" fromWho="3" sc="255,59,199,0,310,0,216,-39" /><INIT seed="6,0,0,3,3,88" ten="314,199,310,177" oya="2" hai0="61,18,31,12,94,75,108,129,95,66,9,98,132" hai1="34,71,131,42,97,65,3,29,125,105,57,96,119" hai2="17,101,13,78,43,106,53,89,16,28,48,0,2" hai3="82,127,87,99,77,80,38,36,24,121,76,100,112"/><V81/><F43/><W126/><G121/><T59/><D75/><U26/><E3/><V47/><F28/><W68/><G68/><T67/><D108/><U21/><E71/><V32/><F32/><W15/><G24/><T30/><D129/><U6/><E131/><V40/><F17/><W73/><G15/><T55/><D132/><U1/><E119/><V104/><F40/><W122/><G122/><T123/><D123/><U91/><E42/><V7/><F7/><W103/><G38/><T70/><D95/><U20/><E96/><N who="2" m="61479" /><F78/><W63/><G63/><T33/><D33/><U84/><E57/><V118/><F106/><W4/><G4/><T72/><D72/><U86/><E65/><N who="0" m="24585" /><D70/><U41/><E6/><V92/><F92/><N who="3" m="58471" /><G36/><T113/><D113/><U45/><E1/><V46/><F46/><W85/><G112/><T116/><D116/><U37/><E125/><N who="3" m="47626" /><G103/><AGARI ba="0,0" hai="9,12,18,30,31,55,59,61,94,98,103" m="24585" machi="103" ten="30,2000,0" yaku="8,1,52,1" doraHai="88" who="0" fromWho="3" sc="314,20,199,0,310,0,177,-20" /><INIT seed="7,0,0,2,1,90" ten="334,199,310,157" oya="3" hai0="76,84,50,105,40,110,66,75,133,64,25,96,89" hai1="88,95,124,59,94,8,44,112,80,119,16,120,104" hai2="28,11,42,65,55,103,0,54,99,131,38,47,35" hai3="115,91,36,132,7,31,92,37,79,114,4,98,129"/><W87/><G79/><T117/><D117/><U34/><E34/><V100/><F103/><W68/><G68/><T78/><D110/><U62/><E104/><V134/><F131/><W128/><G31/><T19/><D133/><U135/><E135/><V17/><F65/><N who="0" m="25194" /><D105/><U1/><E1/><V67/><F67/><W29/><G29/><T72/><D96/><U73/><E73/><V74/><F74/><W82/><G132/><T85/><D75/><U93/><E120/><V14/><F0/><W102/><G7/><T6/><D6/><U116/><E59/><V24/><REACH who="2" step="1"/><F134/><REACH who="2" ten="334,199,300,157" step="2"/><W118/><G118/><N who="1" m="45098" /><E62/><V45/><F45/><W27/><G4/><T101/><D72/><U41/><E124/><V32/><F32/><W106/><G27/><T56/><D101/><U81/><E112/><N who="3" m="43050" /><G106/><AGARI ba="0,1" hai="11,14,17,24,28,35,38,42,47,54,55,99,100,106" machi="106" ten="30,2000,0" yaku="1,1,7,1,53,0" doraHai="90" doraHaiUra="53" who="2" fromWho="3" sc="334,0,199,0,300,30,157,-20" owari="334,43.0,199,-20.0,330,13.0,137,-36.0" /></mjloggm>