<mjloggm ver="2.3"><GO type="41" lobby="0"/><UN n0="%E5%B0%B1%E6%B4%BB%E7%94%9F%40%E5%B7%9D%E6%9D%91%E8%BB%8D%E5%9B%A3" n1="%E7%8E%8B%E9%A8%8E%EF%BC%A0%E3%82%AD%E3%83%B3%E3%82%B0%E3%83%80%E3%83%A0" n2="%E9%9C%9C%E6%9C%88%E3%81%95%E3%82%93" n3="%E4%B8%8D%E6%B8%A1%E5%93%B2%E4%B9%9F" dan="16,13,15,14" rate="2138.07,1838.31,2088.08,1937.59" sx="M,M,M,M"/><TAIKYOKU oya="0"/><INIT seed="0,0,0,0,4,90" ten="250,250,250,250" oya="0" hai0="12,42,6,45,114,33,58,19,77,76,103,59,97" hai1="56,125,85,43,74,62,8,132,123,50,127,10,9" hai2="18,96,23,102,46,113,64,83,78,81,80,130,35" hai3="36,24,119,70,4,101,100,54,111,55,47,53,84"/><T20/><D114/><U99/><E74/><V48/><F35/><W110/><G70/><T91/><D33/><U28/><E123/><V79/><F64/><W37/><G119/><T82/><D6/><U0/><E132/><V38/><F38/><N who="3" m="14955" /><G4/><T63/><D91/><U32/><E85/><V104/><F130/><W69/><G69/><T118/><D118/><U89/><E0/><V115/><F115/><W13/><G84/><T16/><D19/><U3/><E3/><V72/><F113/><W5/><G5/><T11/><D11/><U41/><E50/><V133/><F133/><W131/><G131/><T126/><D126/><U66/><E28/><V73/><F80/><W25/><G13/><T135/><D135/><U15/><E32/><V124/><F124/><N who="1" m="47689" /><E89/><V86/><F86/><W29/><G47/><T88/><D103/><N who="3" m="39497" /><G29/><T134/><D134/><U34/><E34/><V75/><F75/><W57/><G57/><T116/><D116/><U17/><E99/><V121/><F121/><W117/><G117/><T108/><D59/><U21/><AGARI ba="0,0" hai="8,9,10,15,17,21,41,43,56,62,66" m="47689" machi="21" ten="30,1100,0" yaku="18,1" doraHai="90" who="1" fromWho="1" sc="250,-5,250,11,250,-3,250,-3" /><INIT seed="1,0,0,2,4,121" ten="245,261,247,247" oya="1" hai0="94,99,60,68,98,102,55,119,11,8,93,13,61" hai1="73,103,44,70,92,18,63,91,32,116,1,26,22" hai2="88,77,131,40,15,120,95,54,86,84,29,75,16" hai3="43,72,76,46,90,21,109,123,45,115,53,2,81"/><U126/><E116/><V39/><F120/><W24/><G123/><T58/><D119/><U129/><E73/><V9/><F131/><W34/><G115/><T59/><D68/><U118/><E118/><V128/><F128/><W104/><G104/><T106/><D106/><U20/><E129/><V57/><F29/><W112/><G112/><T5/><D11/><U64/><E1/><V3/><F3/><W4/><G34/><T133/><D133/><U35/><E126/><V52/><F75/><W31/><G4/><T41/><D41/><U108/><E103/><V80/><REACH who="2" step="1"/><F57/><REACH who="2" ten="245,261,237,247" step="2"/><W87/><G2/><T71/><D71/><U101/><E70/><V74/><F74/><W89/><G72/><T23/><D23/><U0/><E22/><V7/><F7/><W17/><G31/><T38/><D38/><U79/><E35/><V110/><F110/><W132/><G132/><T130/><D130/><U78/><E32/><V122/><F122/><W83/><G109/><T37/><D37/><U97/><E108/><V67/><F67/><W127/><G127/><T14/><D59/><N who="1" m="36991" /><E0/><V114/><F114/><W100/><G46/><AGARI ba="0,1" hai="9,15,16,39,40,46,52,54,77,80,84,86,88,95" machi="46" ten="40,8000,1" yaku="1,1,54,3,53,1" doraHai="121" doraHaiUra="85" who="2" fromWho="3" sc="245,0,261,0,237,90,247,-80" /><INIT seed="2,0,0,4,4,88" ten="245,261,327,167" oya="2" hai0="103,39,32,63,0,80,7,98,120,132,122,119,77" hai1="106,124,47,6,131,34,20,96,49,110,129,2,97" hai2="78,52,45,114,15,50,81,19,18,86,69,72,109" hai3="113,24,126,61,76,84,64,5,73,118,38,29,108"/><V53/><F109/><W43/><G118/><T36/><D132/><U31/><E110/><V23/><F114/><W44/><G108/><T87/><D119/><U130/><E34/><V10/><F69/><W41/><G113/><T112/><D112/><U27/><E124/><V40/><REACH who="2" step="1"/><F72/><REACH who="2" ten="245,261,317,167" step="2"/><W1/><G126/><T65/><D120/><U54/><REACH who="1" step="1"/><E106/><REACH who="1" ten="245,251,317,167" step="2"/><V22/><F22/><W93/><G73/><T85/><D32/><U111/><E111/><V60/><F60/><W71/><G76/><T100/><D63/><U13/><E13/><AGARI ba="0,2" hai="10,13,15,18,19,23,40,45,50,52,53,78,81,86" machi="13" ten="30,11600,0" yaku="1,1,7,1,8,1,54,1,53,0" doraHai="88" doraHaiUra="21" who="2" fromWho="1" sc="245,0,251,-116,317,136,167,0" /><INIT seed="2,1,0,1,5,57" ten="245,135,453,167" oya="2" hai0="50,17,62,132,23,81,100,26,82,68,87,56,40" hai1="51,53,48,95,0,115,36,74,108,120,38,44,66" hai2="32,134,130,111,64,25,117,12,73,107,15,47,131" hai3="61,110,114,129,112,84,8,89,121,133,119,63,3"/><V21/><F107/><W113/><G119/><T60/><D132/><U22/><E108/><V126/><F73/><W49/><G133/><T127/><D127/><U101/><E115/><V94/><F134/><W116/><G116/><T65/><D100/><U109/><E109/><V18/><F117/><W102/><G110/><T79/><D50/><U125/><E125/><V106/><F106/><W20/><G121/><T29/><D40/><U58/><E74/><V24/><F126/><W90/><G102/><T124/><D124/><U83/><E0/><V31/><F111/><W86/><G3/><T14/><D81/><U75/><E120/><V99/><F47/><W19/><G8/><T33/><REACH who="0" step="1"/><D62/><REACH who="0" ten="235,135,453,167" step="2"/><N who="3" m="23561" /><G49/><T71/><AGARI ba="1,1" hai="14,17,23,26,29,33,56,60,65,68,71,79,82,87" machi="71" ten="30,7900,0" yaku="1,1,0,1,52,1,53,1" doraHai="57" doraHaiUra="16" who="0" fromWho="0" sc="235,92,135,-21,453,-40,167,-21" /><INIT seed="3,0,0,2,4,101" ten="327,114,413,146" oya="3" hai0="3,108,67,77,98,21,5,58,24,68,85,47,14" hai1="55,119,26,1,13,49,106,86,40,35,25,132,12" hai2="29,22,36,114,18,128,120,52,33,27,99,82,2" hai3="131,11,104,80,51,125,109,130,92,127,45,84,83"/><W70/><G70/><T9/><D108/><U113/><E113/><V59/><F36/><W103/><G109/><T116/><D116/><U96/><E119/><V90/><F2/><W100/><G11/><T73/><D68/><U48/><E132/><V31/><F128/><N who="3" m="49195" /><G45/><T0/><D73/><U69/><E69/><V44/><F114/><W4/><G4/><T87/><D98/><U74/><E74/><V107/><F120/><W57/><G57/><T123/><D123/><U111/><E111/><V79/><F44/><W56/><G56/><T30/><D47/><U88/><E1/><V102/><F33/><W72/><G51/><T129/><D129/><U28/><E26/><V37/><F37/><W16/><G16/><N who="0" m="10391" /><D77/><U122/><E122/><V126/><F126/><N who="3" m="48139" /><G72/><T38/><D38/><U10/><E40/><V7/><F7/><W93/><G84/><T115/><D115/><U133/><E49/><V63/><F31/><W20/><G20/><T53/><D67/><U91/><E86/><V34/><F29/><W95/><G103/><T60/><D3/><U8/><E48/><V78/><F34/><AGARI ba="0,0" hai="0,5,9,24,30,34,53,58,60,85,87" m="10391" machi="34" ten="30,2000,0" yaku="24,1,54,1" doraHai="101" who="0" fromWho="2" sc="327,20,114,0,413,-20,146,0" /><INIT seed="4,0,0,3,5,106" ten="347,114,393,146" oya="0" hai0="39,1,128,9,80,19,107,122,11,101,94,63,29" hai1="134,130,48,72,75,5,115,123,10,109,78,21,68" hai2="30,129,131,102,71,54,57,36,125,99,88,65,135" hai3="33,20,22,90,3,89,8,117,43,86,38,119,87"/><T46/><D122/><U24/><E109/><V103/><F36/><W56/><G33/><T82/><D107/><U79/><E123/><V92/><F71/><W96/><G38/><T85/><D128/><N who="2" m="49226" /><F65/><W40/><G3/><T83/><D29/><U52/><E130/><V108/><F108/><W6/><G96/><T95/><D101/><U104/><E104/><V50/><F135/><W84/><G56/><T14/><D63/><U2/><E68/><V77/><F125/><W55/><G55/><T34/><D34/><U23/><E23/><V18/><F30/><W112/><G112/><T118/><D118/><U97/><E97/><V41/><F41/><W62/><G62/><T93/><D1/><U16/><E134/><V67/><F67/><W127/><G127/><T4/><D39/><U98/><E98/><V44/><F44/><W35/><G35/><T49/><D9/><U81/><E115/><V27/><F77/><W7/><G87/><T45/><D45/><U47/><E78/><V100/><F18/><W114/><G114/><T116/><D116/><U120/><E120/><V121/><F27/><W64/><G64/><T66/><D66/><U37/><E37/><V132/><F132/><W17/><G17/><T74/><D4/><U76/><E76/><V124/><F124/><W105/><G105/><T59/><D59/><U0/><E0/><V15/><F15/><W28/><G28/><T110/><D110/><U133/><E133/><V111/><F111/><W61/><G61/><T13/><D13/><U73/><AGARI ba="0,0" hai="2,5,10,16,21,24,47,48,52,72,73,75,79,81" machi="73" ten="20,12000,2" yaku="0,1,7,1,52,3,54,2" doraHai="106" who="1" fromWho="1" sc="347,-60,114,120,393,-30,146,-30" /><INIT seed="5,0,0,0,3,54" ten="287,234,363,116" oya="1" hai0="9,120,38,93,81,110,90,26,105,24,111,64,4" hai1="96,67,58,22,102,88,74,50,36,19,53,52,17" hai2="134,116,79,73,109,103,106,132,46,28,115,76,119" hai3="6,86,48,128,13,44,32,20,65,18,39,34,130"/><U8/><E36/><V10/><F109/><W30/><G39/><T82/><D105/><U101/><E74/><V126/><F126/><W55/><G65/><T84/><D120/><U3/><E3/><V16/><F28/><W7/><G86/><T122/><D38/><U59/><E67/><V69/><F69/><W21/><G21/><T98/><D122/><U108/><E108/><V89/><F89/><W31/><G31/><T121/><D121/><U60/><E8/><V112/><F46/><W118/><G118/><N who="2" m="45097" /><F16/><N who="1" m="6217" /><E22/><V42/><F42/><W83/><G83/><T124/><D124/><U66/><E66/><V127/><F10/><W117/><G117/><T99/><D64/><U11/><E11/><V49/><F49/><W56/><G44/><T135/><D135/><N who="2" m="51754" /><F127/><W12/><G30/><T40/><D40/><U47/><E47/><V92/><F106/><W33/><REACH who="3" step="1"/><G12/><REACH who="3" ten="287,234,363,106" step="2"/><N who="0" m="5159" /><D110/><U41/><E41/><V123/><F123/><W29/><G29/><T78/><D111/><U45/><E45/><V91/><F73/><W14/><G14/><T37/><D37/><U70/><E70/><V129/><F76/><W80/><G80/><T43/><D43/><U57/><E57/><V72/><F79/><W5/><AGARI ba="0,1" hai="5,6,7,13,18,20,32,33,34,48,55,56,128,130" machi="5" ten="40,5200,0" yaku="1,1,0,1,52,1,53,0" doraHai="54" doraHaiUra="61" who="3" fromWho="3" sc="287,-13,234,-26,363,-13,106,62" /><INIT seed="6,0,0,4,4,47" ten="274,208,350,168" oya="2" hai0="24,73,10,37,106,9,45,70,81,52,8,72,124" hai1="98,71,86,21,61,118,6,56,83,116,40,35,132" hai2="69,88,25,82,77,49,13,129,91,115,26,54,99" hai3="100,131,14,63,5,15,108,59,85,122,105,50,104"/><V48/><F69/><W55/><G122/><T18/><D106/><U92/><E35/><V41/><F115/><W114/><G114/><T2/><D70/><U60/><E132/><V117/><F117/><W101/><G108/><T44/><D124/><U66/><E6/><V51/><F41/><W127/><G127/><T80/><D2/><U130/><E130/><V126/><F54/><W22/><G131/><T102/><D102/><N who="3" m="39529" /><G105/><T27/><D37/><U0/><E0/><V43/><F43/><W107/><G104/><T133/><D133/><U29/><E40/><V20/><F129/><W87/><G107/><T58/><D72/><U111/><E111/><V123/><F123/><W75/><G75/><T128/><D128/><U30/><E71/><V11/><F126/><W90/><G5/><T134/><D134/><U33/><E33/><V113/><F113/><W79/><G79/><T89/><D73/><U38/><E38/><V57/><F57/><N who="3" m="33015" /><G22/><N who="0" m="13399" /><D27/><N who="2" m="10250" /><F99/><W39/><G39/><T96/><D80/><U62/><E118/><V67/><F20/><W36/><G36/><T84/><D96/><U94/><E116/><V65/><F77/><W135/><G135/><T119/><D119/><U109/><E109/><V17/><F82/><N who="3" m="49463" /><G87/><T110/><D110/><U97/><E21/><V78/><F78/><W12/><G12/><T19/><D19/><U93/><E98/><V16/><F17/><W103/><N who="3" m="39537" /><W76/><DORA hai="42" /><G76/><T46/><D8/><U23/><E23/><V34/><F34/><W31/><G31/><N who="1" m="11786" /><E97/><V121/><F121/><W32/><G32/><T3/><D3/><RYUUKYOKU ba="0,0" sc="274,0,208,0,350,0,168,0" hai0="9,10,44,45,46,52,58,81,84,89" hai1="56,60,61,62,66,83,86,92,93,94" hai2="11,13,16,48,49,51,65,67,88,91" hai3="14,15,59,63" /><INIT seed="6,1,0,1,0,51" ten="274,208,350,168" oya="2" hai0="21,53,1,43,133,32,128,6,44,99,112,28,26" hai1="131,15,132,14,12,62,81,31,58,66,60,19,42" hai2="48,41,54,86,4,5,7,50,13,68,27,11,97" hai3="71,122,110,118,130,59,78,65,88,114,109,134,45"/><V64/><F41/><W37/><G122/><T67/><D112/><U47/><E132/><V23/><F50/><W121/><G114/><T39/><D128/><U73/><E131/><V49/><F48/><W107/><G130/><T40/><D133/><U84/><E31/><N who="2" m="17919" /><F64/><W38/><G134/><T76/><D67/><U129/><E73/><V55/><F68/><W18/><G121/><T124/><D124/><U94/><E94/><V117/><F117/><W104/><G118/><T96/><D76/><U57/><E129/><V95/><F86/><W125/><G125/><T113/><D113/><U20/><E47/><N who="2" m="27967" /><F55/><W35/><G71/><T72/><D72/><U79/><REACH who="1" step="1"/><E42/><REACH who="1" ten="274,198,350,168" step="2"/><V0/><F0/><W16/><G65/><AGARI ba="1,1" hai="12,14,15,19,20,57,58,60,62,65,66,79,81,84" machi="65" ten="30,8000,1" yaku="1,1,2,1,7,1,9,1,8,1,53,0" doraHai="51" doraHaiUra="101" who="1" fromWho="3" sc="274,0,198,93,350,0,168,-83" /><INIT seed="7,0,0,5,3,7" ten="274,291,350,85" oya="3" hai0="21,5,57,76,15,62,17,16,11,77,132,79,22" hai1="129,25,110,125,121,48,43,92,94,45,69,101,44" hai2="33,130,100,106,88,114,4,18,103,108,50,53,13" hai3="96,38,127,109,90,107,36,118,0,104,40,117,61"/><W68/><G0/><T10/><D132/><U9/><E110/><V91/><F33/><W99/><G109/><T93/><D93/><U135/><E121/><V67/><F114/><W81/><G127/><T55/><D5/><U111/><E111/><V87/><F67/><W122/><G122/><T52/><D55/><U74/><E74/><V19/><F130/><W98/><G40/><T85/><D85/><U32/><E69/><V113/><F91/><W30/><G30/><T72/><D72/><U84/><E129/><V128/><F113/><W112/><G112/><T42/><D42/><U29/><E135/><V39/><F39/><N who="3" m="14891" /><G68/><T102/><D102/><N who="2" m="38954" /><F128/><W95/><G61/><T26/><AGARI ba="0,0" hai="10,11,15,16,17,21,22,26,52,57,62,76,77,79" machi="26" ten="30,12000,2" yaku="0,1,8,1,52,2,54,2" doraHai="7" who="0" fromWho="0" sc="274,120,291,-30,350,-30,85,-60" owari="394,49.0,261,-14.0,320,12.0,25,-47.0" /></mjloggm>