<mjloggm ver="2.3"><GO type="41" lobby="0"/><UN n0="%6B%6F%62%61%2D%63%30%38" n1="%6A%74%74%71%68" n2="%E5%B0%B1%E6%B4%BB%E7%94%9F%40%E5%B7%9D%E6%9D%91%E8%BB%8D%E5%9B%A3" n3="%E3%83%AD%E3%83%BC%E3%82%AB%E3%83%AB%E6%98%9F%E4%BA%BA" dan="17,14,15,13" rate="2127.53,1891.49,2026.72,1910.04" sx="M,F,M,M"/><TAIKYOKU oya="0"/><INIT seed="0,0,0,4,2,90" ten="250,250,250,250" oya="0" hai0="10,133,38,2,41,28,40,64,84,43,48,92,63" hai1="47,120,124,127,103,118,121,39,52,37,125,96,97" hai2="53,135,100,49,46,83,61,119,69,114,56,36,45" hai3="131,79,80,74,51,12,54,33,58,4,71,15,70"/><T17/><D28/><U1/><E1/><V55/><F119/><W50/><G33/><T67/><D2/><U109/><E118/><V104/><F114/><W6/><G131/><T25/><D38/><N who="1" m="14347" /><E109/><V93/><F135/><W78/><G78/><T5/><D133/><U20/><E20/><V73/><F69/><W29/><G29/><T57/><D5/><U134/><E134/><V117/><F117/><W89/><G50/><T24/><D67/><U112/><E112/><V110/><F110/><W66/><G89/><N who="0" m="53287" /><D48/><N who="1" m="28703" /><E96/><N who="2" m="59407" /><F36/><W27/><G27/><T21/><D10/><U13/><E13/><AGARI ba="0,0" hai="13,17,21,24,25,40,41,43,57,63,64" m="53287" machi="13" ten="30,2900,0" yaku="8,1,52,1" doraHai="90" who="0" fromWho="1" sc="250,29,250,-29,250,0,250,0" /><INIT seed="0,1,0,2,3,106" ten="279,221,250,250" oya="0" hai0="119,49,8,91,131,65,79,129,85,62,117,26,39" hai1="3,34,31,86,115,1,54,28,82,44,121,66,116" hai2="93,16,78,130,2,134,111,67,112,103,41,6,40" hai3="13,0,123,99,27,98,52,11,107,56,23,70,135"/><T33/><D39/><U53/><E116/><V42/><F112/><W17/><G70/><T124/><D79/><U108/><E121/><V122/><F122/><W102/><G123/><T38/><D38/><U127/><E115/><V4/><F111/><W46/><G46/><T60/><D8/><U88/><E108/><V32/><F32/><W71/><G71/><T47/><D124/><U36/><E127/><V104/><F104/><W128/><G128/><N who="0" m="49227" /><D33/><U110/><E110/><V75/><F67/><W132/><G99/><T69/><D60/><U55/><E66/><V101/><F2/><W96/><G96/><T80/><D26/><U15/><E15/><V10/><F134/><N who="3" m="51243" /><G0/><T50/><D50/><U45/><E45/><V87/><F130/><W22/><G27/><T61/><D61/><AGARI ba="1,0" hai="11,13,17,22,23,52,56,61,98,102,107" m="51243" machi="61" ten="30,2000,0" yaku="20,1,54,1" doraHai="106" who="3" fromWho="0" sc="279,-23,221,0,250,0,250,23" /><INIT seed="1,0,0,1,4,32" ten="256,221,250,273" oya="1" hai0="39,115,118,76,62,77,122,52,126,103,108,64,66" hai1="101,15,90,114,17,72,8,38,61,124,93,26,49" hai2="29,9,1,82,119,116,37,54,70,106,42,53,73" hai3="19,40,57,102,113,117,10,25,110,27,111,35,48"/><U0/><E114/><V120/><F29/><W43/><G113/><T45/><D118/><U21/><E38/><V6/><F120/><W132/><G117/><T69/><D115/><U107/><E72/><V46/><F70/><W92/><G132/><T83/><D108/><N who="3" m="41513" /><G35/><T44/><D122/><U13/><E124/><V87/><F106/><W78/><G78/><T133/><D126/><U112/><E112/><V34/><F54/><N who="3" m="31943" /><G10/><T128/><D133/><U58/><E49/><V28/><F53/><W60/><G60/><T7/><D128/><U59/><E101/><V135/><F135/><W104/><G104/><T3/><D103/><U41/><E107/><V134/><F134/><W75/><G75/><T18/><D76/><U79/><E79/><N who="2" m="44399" /><F87/><W105/><G105/><T97/><D97/><N who="1" m="57527" /><E41/><N who="3" m="15946" /><G19/><T121/><D121/><U81/><E81/><V68/><F68/><W20/><G20/><T88/><D18/><U30/><E30/><V67/><F67/><W74/><G74/><T84/><D66/><U100/><E100/><V23/><F23/><W4/><G4/><T51/><D77/><U31/><E31/><V36/><F36/><W71/><G71/><T94/><D94/><U130/><E130/><V99/><F99/><AGARI ba="0,0" hai="25,27,92,99,102" m="15946,31943,41513" machi="99" ten="30,1000,0" yaku="14,1" doraHai="32" who="3" fromWho="2" sc="256,0,221,0,250,-10,273,10" /><INIT seed="2,0,0,2,5,5" ten="256,221,240,283" oya="2" hai0="51,89,83,71,128,76,59,90,104,0,96,97,36" hai1="49,109,64,81,50,30,7,31,92,46,111,56,131" hai2="39,52,72,80,95,82,126,93,118,2,86,58,42" hai3="26,68,22,130,15,28,37,25,107,124,53,99,16"/><V110/><F118/><W3/><G37/><T121/><D71/><U127/><E127/><V61/><F126/><W44/><G68/><T108/><D36/><U9/><E131/><V23/><F2/><W84/><G130/><T114/><D128/><U77/><E92/><V134/><F134/><W87/><G3/><T57/><D121/><U12/><E64/><V20/><F110/><N who="1" m="41993" /><E56/><V88/><F39/><W11/><G124/><T116/><D108/><U65/><E65/><V66/><F42/><W105/><G26/><T43/><D114/><U120/><E120/><V54/><F72/><W102/><G107/><T67/><D116/><U17/><E17/><V29/><F95/><W73/><G73/><T8/><D104/><U14/><E14/><V6/><F6/><W19/><G28/><N who="1" m="10794" /><E46/><V100/><F23/><W123/><G123/><T18/><D97/><U33/><E33/><V132/><F132/><W55/><REACH who="3" step="1"/><G44/><REACH who="3" ten="256,221,240,273" step="2"/><N who="0" m="26015" /><D0/><U113/><E113/><V94/><F29/><W1/><G1/><T98/><D67/><U115/><E115/><V62/><F66/><W79/><G79/><T75/><D75/><AGARI ba="0,1" hai="7,9,12,49,50,75,77,81" m="10794,41993" machi="75" ten="30,2000,0" yaku="14,1,52,1" doraHai="5" who="1" fromWho="0" sc="256,-20,221,30,240,0,273,0" /><INIT seed="3,0,0,1,2,42" ten="236,251,240,273" oya="3" hai0="134,63,131,30,10,61,45,8,115,104,32,57,109" hai1="46,106,13,75,84,85,74,86,73,27,123,94,56" hai2="107,14,118,82,49,92,72,18,55,24,65,124,3" hai3="4,97,36,9,90,135,101,83,102,40,7,112,58"/><W116/><G112/><T99/><D109/><U51/><E123/><V110/><F3/><W15/><G116/><T119/><D119/><U132/><E106/><V44/><F107/><W35/><G35/><T5/><D115/><U68/><E68/><V19/><F110/><W111/><G135/><T17/><D134/><U47/><E132/><V125/><F118/><W127/><G127/><N who="2" m="48713" /><F65/><W87/><G111/><T53/><D131/><U21/><E13/><V80/><F72/><W98/><G58/><T12/><D32/><U108/><E108/><V41/><F92/><W29/><G29/><T50/><D30/><U79/><E79/><V78/><F78/><W39/><G7/><T120/><D120/><U71/><E71/><V37/><F24/><W76/><G76/><T121/><D121/><U33/><E33/><V11/><F19/><W62/><G62/><T38/><D38/><U23/><E94/><V2/><F2/><W91/><G91/><T34/><D34/><U89/><E89/><V128/><F128/><W25/><G25/><T122/><D122/><U59/><E51/><V81/><F81/><W69/><G69/><T67/><D63/><U64/><E64/><V96/><F96/><W100/><REACH who="3" step="1"/><G39/><REACH who="3" ten="236,251,240,263" step="2"/><T31/><D31/><U105/><E27/><V20/><F80/><W77/><G77/><T48/><D48/><U88/><E88/><V70/><F82/><W93/><G93/><T133/><D133/><U28/><E105/><V129/><F70/><W43/><G43/><T113/><D113/><U60/><E28/><V130/><F130/><W22/><G22/><RYUUKYOKU ba="0,1" sc="236,-10,251,-10,240,-10,263,30" hai3="4,9,15,36,40,83,87,90,97,98,100,101,102" /><INIT seed="3,1,1,3,5,116" ten="226,241,230,293" oya="3" hai0="59,100,127,103,105,2,107,30,61,73,52,26,43" hai1="111,0,66,130,38,17,128,67,13,35,78,82,8" hai2="133,69,124,122,65,49,134,27,118,64,108,45,91" hai3="6,10,125,99,80,135,31,85,92,72,42,51,7"/><W126/><G72/><T109/><D109/><U95/><E35/><V106/><F118/><W79/><G31/><T21/><D73/><U114/><E114/><V74/><F74/><W50/><G135/><N who="2" m="51721" /><F106/><W83/><G83/><T131/><D2/><U71/><E111/><V4/><F108/><W54/><G42/><T70/><D127/><N who="3" m="48649" /><G54/><T75/><D75/><N who="1" m="43359" /><E38/><V129/><F129/><N who="1" m="49769" /><E71/><V117/><F69/><W5/><G10/><T1/><D131/><U47/><E47/><V113/><F113/><W12/><G12/><T104/><D1/><U132/><E132/><V112/><F112/><W36/><G36/><T29/><D29/><U101/><E0/><V48/><F27/><W58/><G58/><T120/><D43/><U11/><E8/><V93/><F45/><W16/><G16/><T19/><D70/><U34/><E34/><V44/><F44/><W62/><G62/><T55/><D30/><U86/><E66/><V94/><F65/><W41/><G41/><T46/><D46/><U25/><E67/><V24/><F64/><W77/><G77/><T28/><D28/><U81/><E25/><V121/><F24/><W98/><G51/><T102/><REACH who="0" step="1"/><D55/><REACH who="0" ten="216,241,230,293" step="2"/><U39/><E39/><V87/><F124/><W119/><G119/><T89/><D89/><N who="1" m="53687" /><E81/><V22/><F117/><W115/><G115/><T37/><D37/><U88/><E88/><V15/><F91/><W63/><G80/><T60/><D60/><U123/><E101/><V76/><F49/><W68/><G50/><T3/><D3/><U20/><E11/><V110/><F48/><W14/><G63/><RYUUKYOKU ba="1,2" sc="216,15,241,15,230,-15,293,-15" hai0="19,21,26,52,59,61,100,102,103,104,105,107,120" hai1="13,17,20,123" /><INIT seed="4,2,2,2,5,112" ten="231,256,215,278" oya="0" hai0="55,94,96,25,95,58,18,43,19,48,101,37,122" hai1="130,88,31,64,114,29,77,35,78,40,92,90,126" hai2="103,69,57,124,70,44,8,51,27,14,71,54,80" hai3="49,93,91,36,3,41,115,133,1,50,66,68,11"/><T85/><D122/><U59/><E40/><V32/><F124/><W67/><G115/><T53/><D37/><U39/><E114/><V7/><F103/><W102/><G102/><T17/><D43/><U65/><E39/><V74/><F32/><W131/><G133/><T117/><D117/><U22/><E126/><V62/><F27/><W111/><G111/><T132/><D132/><U73/><E22/><V10/><F10/><W83/><G83/><T42/><D42/><U127/><E127/><V116/><F74/><W9/><G131/><T52/><D25/><U30/><E35/><V135/><F135/><W86/><G36/><T61/><D48/><U4/><E73/><V125/><F125/><W16/><G41/><T46/><D46/><U0/><E0/><V87/><F116/><W120/><G120/><T56/><D61/><N who="1" m="37951" /><E4/><V109/><F109/><W119/><G119/><T21/><D21/><U113/><E113/><V118/><F118/><W6/><G16/><N who="0" m="4099" /><T129/><DORA hai="108" /><D129/><U110/><E110/><V81/><REACH who="2" step="1"/><F87/><REACH who="2" ten="231,256,205,278" step="2"/><W23/><G11/><T15/><D15/><U107/><E130/><V76/><F76/><N who="1" m="29289" /><E107/><V100/><F100/><W5/><G3/><T12/><D12/><U2/><E2/><V104/><F104/><W28/><G1/><T33/><D33/><U121/><E121/><V79/><F79/><W98/><G86/><T99/><D85/><N who="1" m="52239" /><E90/><AGARI ba="2,3" hai="52,53,55,56,58,90,94,95,96,99,101" m="4099" machi="90" ten="40,7700,0" yaku="8,1,54,2" doraHai="112,108" who="0" fromWho="1" sc="231,113,256,-83,205,0,278,0" /><INIT seed="4,3,0,0,3,27" ten="344,173,205,278" oya="0" hai0="134,104,22,10,37,106,16,69,114,5,105,91,112" hai1="75,87,129,2,34,122,121,28,53,132,130,77,73" hai2="7,128,62,64,47,83,81,92,40,50,88,133,24" hai3="96,32,86,59,109,19,67,119,89,20,66,127,70"/><T72/><D69/><U35/><E2/><V117/><F117/><W58/><G109/><T9/><D37/><U44/><E87/><V48/><F128/><N who="1" m="49257" /><E132/><V0/><F133/><W23/><G119/><T131/><D131/><U12/><E12/><V21/><F7/><W108/><G108/><T100/><D134/><U98/><E35/><V4/><F4/><W135/><G135/><T124/><D72/><U46/><E98/><V13/><F50/><W95/><G32/><T18/><D100/><U60/><E121/><V11/><F13/><W63/><G127/><T1/><D124/><U126/><E126/><V61/><F11/><W85/><G20/><T79/><D79/><U110/><E110/><V76/><F0/><W15/><REACH who="3" step="1"/><G70/><REACH who="3" ten="344,173,205,268" step="2"/><T26/><REACH who="0" step="1"/><D91/><REACH who="0" ten="334,173,205,268" step="2"/><U93/><E122/><V102/><F88/><W120/><G120/><T65/><D65/><U99/><E77/><V68/><F64/><W74/><G74/><T3/><D3/><U56/><E75/><V38/><F76/><W33/><G33/><T30/><D30/><U54/><E73/><V101/><F101/><W123/><G123/><T71/><D71/><U57/><E34/><V31/><F68/><W94/><G94/><T6/><D6/><U118/><E118/><V42/><F92/><W107/><G107/><T36/><D36/><U45/><E28/><V39/><F102/><W80/><G80/><N who="2" m="30793" /><F39/><W116/><G116/><T52/><D52/><U90/><E54/><N who="2" m="29983" /><F38/><W29/><G29/><T51/><D51/><N who="1" m="30783" /><E99/><V103/><F103/><W25/><G25/><T8/><D8/><U49/><E49/><RYUUKYOKU ba="3,2" sc="334,10,173,-30,205,10,268,10" hai0="1,5,9,10,16,18,22,26,104,105,106,112,114" hai2="21,24,31,40,42,61,62" hai3="15,19,23,58,59,63,66,67,85,86,89,95,96" /><INIT seed="4,4,2,0,4,70" ten="344,143,215,278" oya="0" hai0="80,93,66,10,68,115,52,91,109,69,57,83,31" hai1="90,116,27,85,56,114,33,28,3,32,129,103,88" hai2="65,97,124,102,51,12,49,123,74,15,42,111,11" hai3="24,128,13,30,118,14,71,131,120,112,76,4,0"/><T126/><D115/><U25/><E116/><V5/><F74/><W82/><G71/><T7/><D31/><U104/><E3/><V43/><F123/><W60/><G118/><T1/><D126/><U92/><E114/><V86/><F111/><W41/><G112/><T105/><D105/><U67/><E129/><N who="3" m="49738" /><G120/><T23/><D109/><U9/><E104/><V72/><F72/><W121/><G121/><T73/><D66/><U134/><E134/><V19/><F65/><W2/><G60/><T133/><D133/><U98/><E9/><N who="2" m="6543" /><F124/><W54/><G54/><T47/><D47/><U79/><E79/><V94/><F86/><N who="3" m="48455" /><G41/><AGARI ba="4,2" hai="5,11,15,41,42,43,49,51,94,97,102" m="6543" machi="41" ten="30,1000,0" yaku="8,1" doraHai="70" who="2" fromWho="3" sc="344,0,143,0,215,42,278,-22" /><INIT seed="5,0,0,1,2,116" ten="344,143,257,256" oya="1" hai0="133,39,15,103,0,9,61,16,123,60,99,70,65" hai1="52,55,110,38,83,19,101,40,87,25,62,63,22" hai2="45,104,97,90,84,131,78,120,17,72,48,1,49" hai3="111,82,134,107,56,37,43,71,118,92,53,58,7"/><U115/><E115/><V67/><F1/><W96/><G111/><T23/><D39/><U135/><E110/><V59/><F120/><W130/><G118/><T121/><D61/><U109/><E109/><V124/><F124/><W34/><G34/><T114/><D114/><U68/><E135/><V24/><F131/><W126/><G134/><T18/><D133/><U28/><E101/><V76/><F104/><W128/><G107/><T80/><D80/><U44/><E28/><V21/><F97/><W75/><G71/><T33/><D33/><U91/><REACH who="1" step="1"/><E62/><REACH who="1" ten="344,133,257,256" step="2"/><N who="2" m="38367" /><F72/><W2/><G130/><T31/><D31/><U10/><E10/><V122/><F122/><N who="0" m="46602" /><D0/><U94/><E94/><N who="2" m="54599" /><F48/><W105/><G128/><T35/><D35/><U36/><E36/><V50/><F49/><W95/><G37/><T32/><D32/><U11/><E11/><V46/><F50/><W5/><G2/><T42/><D42/><U54/><E54/><V13/><F45/><W20/><G43/><T3/><D3/><U27/><E27/><V4/><F46/><W66/><G95/><N who="0" m="58879" /><D23/><U30/><E30/><V85/><F24/><W69/><G20/><T74/><D74/><U88/><E88/><V112/><F112/><W89/><G75/><T81/><D81/><U108/><E108/><V129/><F129/><W127/><G82/><T57/><D70/><U106/><E106/><V102/><F102/><W117/><G117/><T26/><D26/><U73/><E73/><V79/><F4/><AGARI ba="0,1" hai="4,9,15,16,18,57,60,65" m="58879,46602" machi="4" ten="30,8000,1" yaku="13,1,52,3,54,1" doraHai="116" who="0" fromWho="2" sc="344,90,133,0,257,-80,256,0" /><INIT seed="6,0,0,5,4,62" ten="434,133,177,256" oya="2" hai0="120,71,99,72,23,95,50,119,60,73,59,109,44" hai1="49,35,66,11,46,17,96,26,113,34,106,92,131" hai2="115,16,48,32,70,63,125,93,12,124,104,52,18" hai3="81,100,43,76,74,25,77,65,102,13,64,134,15"/><V0/><F104/><W39/><G134/><T7/><D109/><U1/><E106/><V27/><F0/><W83/><G25/><T103/><D120/><U135/><E135/><V132/><F115/><W22/><G39/><T9/><D71/><U89/><E113/><V128/><F132/><W118/><G43/><T123/><D123/><U105/><E105/><V84/><F128/><W55/><G55/><T126/><D126/><N who="2" m="48746" /><F32/><W98/><G118/><T40/><D23/><U6/><E131/><V90/><F27/><W122/><G122/><T28/><D28/><U51/><E17/><V94/><F94/><W45/><G45/><T20/><D20/><U114/><E114/><V79/><F79/><W68/><G68/><T21/><D21/><U133/><E133/><V101/><F101/><W78/><G74/><T36/><D36/><U57/><E26/><V86/><F86/><W8/><G22/><T88/><D103/><N who="3" m="39465" /><G98/><T54/><D119/><U130/><E130/><V112/><F12/><AGARI ba="0,0" hai="7,9,12,40,44,50,54,59,60,72,73,88,95,99" machi="12" ten="30,2000,0" yaku="7,1,54,1" doraHai="62" who="0" fromWho="2" sc="434,20,133,0,177,-20,256,0" /><INIT seed="7,0,0,4,5,99" ten="454,133,157,256" oya="3" hai0="69,84,130,111,87,113,78,9,54,63,3,22,47" hai1="86,116,67,72,39,4,30,58,133,59,101,85,97" hai2="17,46,5,65,43,103,33,71,48,105,51,41,96" hai3="60,79,44,23,50,106,6,129,53,11,82,68,107"/><W108/><G108/><T74/><D111/><U42/><E72/><V14/><F33/><W117/><G117/><T100/><D130/><U119/><E133/><V110/><F110/><W26/><G129/><T61/><D74/><U16/><E4/><V70/><F5/><W29/><G60/><T98/><D113/><U94/><E30/><V32/><F32/><W135/><G68/><T114/><D114/><U49/><E39/><V15/><F65/><W45/><G45/><T52/><D69/><U75/><E75/><V89/><F15/><W115/><G135/><T122/><D122/><U0/><E0/><V55/><F89/><W118/><G118/><N who="1" m="45098" /><E16/><V131/><F131/><W83/><G115/><T40/><D22/><U25/><E25/><V36/><F43/><W37/><G37/><T112/><D112/><U132/><E132/><V93/><F105/><W134/><G134/><T66/><D3/><U64/><E42/><V31/><F31/><W21/><G21/><T124/><D9/><U34/><E34/><V91/><F36/><W95/><G95/><T88/><D78/><U126/><E126/><V28/><F28/><W27/><G27/><T2/><D2/><U81/><E85/><V12/><F12/><W77/><G77/><T109/><D124/><U102/><E102/><V125/><F103/><W80/><REACH who="3" step="1"/><G79/><REACH who="3" ten="454,133,157,246" step="2"/><T92/><D109/><U128/><E128/><V35/><F125/><W13/><AGARI ba="0,1" hai="6,11,13,23,26,29,44,50,53,80,82,83,106,107" machi="13" ten="30,6000,0" yaku="1,1,2,1,0,1,53,0" doraHai="99" doraHaiUra="90" who="3" fromWho="3" sc="454,-20,133,-20,157,-20,246,70" /><INIT seed="7,1,0,3,0,120" ten="434,113,137,316" oya="3" hai0="8,50,57,97,56,118,33,4,45,109,32,62,18" hai1="80,87,126,104,131,121,28,99,100,95,86,92,39" hai2="10,132,27,41,128,130,13,108,29,2,83,6,49" hai3="124,79,24,3,81,31,88,102,15,59,47,65,12"/><W37/><G3/><T94/><D118/><U44/><E28/><V91/><F108/><W66/><G124/><T113/><D109/><U105/><E39/><V53/><F132/><W111/><G102/><T110/><D110/><U74/><E44/><V11/><F41/><W21/><G111/><T43/><D113/><U14/><E14/><V93/><F83/><W85/><G37/><T22/><D33/><U26/><E26/><V42/><F42/><W20/><G47/><T135/><D32/><U115/><E121/><V96/><F2/><W101/><G101/><T68/><D68/><U89/><E115/><V122/><F122/><W119/><G119/><T134/><D8/><U90/><E126/><V107/><F107/><N who="1" m="41033" /><E74/><V75/><F75/><W5/><G5/><T112/><D4/><U64/><E64/><V17/><F17/><W25/><G65/><T54/><D57/><U19/><E19/><V71/><F71/><W70/><G70/><T106/><D112/><U129/><AGARI ba="1,0" hai="80,86,87,89,90,92,95,99,100,129,131" m="41033" machi="129" ten="30,2000,0" yaku="34,2" doraHai="120" who="1" fromWho="1" sc="434,-6,113,23,137,-6,316,-11" owari="428,52.0,136,-26.0,131,-37.0,305,11.0" /></mjloggm>