<mjloggm ver="2.3"><GO type="41" lobby="0"/><UN n0="%6D%69%79%61%62" n1="%4D%65%72%6C%69%6E%57" n2="%E5%B0%B1%E6%B4%BB%E7%94%9F%40%E5%B7%9D%E6%9D%91%E8%BB%8D%E5%9B%A3" n3="%E6%89%8B%E5%BD%B9%E3%82%A2%E3%83%BC%E3%83%86%E3%82%A3%E3%82%B9%E3%83%88" dan="14,13,14,15" rate="1917.48,1891.91,1953.08,1954.42" sx="M,M,M,M"/><TAIKYOKU oya="0"/><INIT seed="0,0,0,5,5,76" ten="250,250,250,250" oya="0" hai0="56,120,52,96,37,135,71,31,24,28,86,62,22" hai1="129,64,33,5,133,111,53,91,114,48,81,19,65" hai2="67,66,103,128,73,107,83,132,89,131,23,29,51" hai3="39,112,85,16,87,105,99,55,110,44,97,13,58"/><T30/><D120/><U40/><E33/><V63/><F132/><W20/><G112/><T46/><D135/><U11/><E133/><V79/><F89/><W84/><G110/><T80/><D71/><U78/><E111/><V126/><F126/><W10/><G105/><T8/><D96/><N who="3" m="36937" /><G39/><T115/><D115/><U60/><E129/><N who="2" m="49739" /><F107/><W88/><G44/><T74/><D74/><U27/><E60/><V77/><F103/><W43/><G43/><T94/><D94/><U119/><E119/><V36/><F36/><W32/><G32/><T100/><D100/><U93/><E40/><V41/><F77/><W9/><G88/><N who="0" m="51271" /><D37/><U121/><E121/><V54/><F41/><W0/><G0/><T95/><D95/><U35/><E35/><V59/><F51/><AGARI ba="0,0" hai="9,10,13,16,20,51,55,58,84,85,87" m="36937" machi="51" ten="30,2000,0" yaku="8,1,54,1" doraHai="76" who="3" fromWho="2" sc="250,0,250,0,250,-20,250,20" /><INIT seed="1,0,0,2,2,44" ten="250,250,230,270" oya="1" hai0="64,131,128,56,59,111,37,117,99,71,14,102,109" hai1="100,19,16,133,23,132,45,73,120,130,58,39,21" hai2="97,34,0,108,8,93,52,53,126,96,110,82,36" hai3="124,89,28,60,121,123,17,88,77,81,66,84,43"/><U118/><E120/><V4/><F36/><W12/><G124/><T114/><D117/><U7/><E118/><V98/><F34/><W42/><G28/><T22/><D114/><U134/><E73/><V9/><F126/><W119/><G119/><T24/><D37/><U30/><E130/><N who="0" m="49705" /><D71/><U69/><E69/><V115/><F115/><W75/><G121/><T95/><D14/><N who="1" m="9367" /><E7/><N who="2" m="1127" /><F93/><W10/><G123/><T113/><D113/><U65/><E100/><V125/><F82/><W32/><G32/><T106/><D106/><U68/><E30/><V67/><F67/><W112/><G112/><T79/><D79/><U57/><E68/><V48/><F125/><W55/><G66/><T27/><D27/><N who="1" m="14847" /><E65/><V35/><F35/><W31/><G31/><N who="0" m="17815" /><D56/><U92/><E92/><V1/><F53/><W63/><G55/><T11/><D11/><U127/><E127/><V25/><F25/><W26/><G26/><T78/><D78/><U104/><E104/><V2/><F2/><W47/><G75/><T13/><D13/><U87/><E87/><V33/><F33/><W105/><G105/><T94/><D94/><U76/><E76/><V70/><F70/><W107/><G107/><T41/><D41/><AGARI ba="0,0" hai="39,41,45,57,58,132,133,134" m="14847,9367" machi="41" ten="30,2900,0" yaku="20,1,54,1" doraHai="44" who="1" fromWho="0" sc="250,-29,250,29,230,0,270,0" /><INIT seed="1,1,0,1,2,6" ten="221,279,230,270" oya="1" hai0="52,113,66,74,23,64,35,58,135,122,91,13,89" hai1="1,86,37,61,4,73,36,85,127,77,130,17,100" hai2="105,124,30,101,102,22,90,50,10,132,20,54,28" hai3="95,46,119,71,21,78,68,56,5,111,84,107,79"/><U48/><E100/><N who="2" m="38507" /><F105/><W25/><G107/><T82/><D35/><U123/><E123/><V110/><F110/><W44/><G111/><T118/><D113/><U117/><E117/><V128/><F128/><W131/><G131/><T133/><D118/><U129/><E127/><V0/><F0/><W98/><G119/><T83/><D122/><U51/><E77/><V41/><F41/><W108/><G108/><T88/><D23/><N who="2" m="8746" /><F132/><N who="0" m="50762" /><D13/><U92/><E73/><V32/><F32/><W45/><G5/><T99/><D99/><U76/><E4/><V7/><F124/><W40/><G40/><T120/><D120/><U57/><E129/><V96/><F10/><W55/><G71/><T94/><D94/><U112/><E130/><V26/><F26/><W42/><G68/><T114/><D114/><U14/><E112/><V59/><F7/><W134/><G42/><T69/><D69/><U2/><E1/><V60/><F60/><N who="3" m="35871" /><G84/><T11/><D11/><U125/><E86/><V39/><F39/><W103/><G134/><T67/><D74/><U75/><E75/><V104/><F104/><W27/><G25/><T9/><D9/><U24/><E37/><V93/><AGARI ba="1,0" hai="28,30,50,54,59,90,93,96" m="8746,38507" machi="93" ten="30,1100,0" yaku="8,1" doraHai="6" who="2" fromWho="2" sc="221,-4,279,-6,230,14,270,-4" /><INIT seed="2,0,0,1,0,57" ten="217,273,244,266" oya="2" hai0="110,118,14,85,21,37,135,44,34,116,19,129,93" hai1="121,122,56,103,15,13,38,123,95,1,63,99,31" hai2="60,27,69,24,65,22,25,94,42,92,131,88,76" hai3="9,111,73,113,55,74,125,98,29,59,114,26,5"/><V64/><F131/><W33/><G111/><T115/><D115/><N who="3" m="44041" /><G98/><T51/><D34/><U40/><E1/><V86/><F76/><W35/><G33/><T80/><D37/><U97/><E31/><V41/><F65/><W119/><G125/><T82/><D110/><U84/><E99/><V81/><REACH who="2" step="1"/><F22/><REACH who="2" ten="217,273,234,266" step="2"/><W11/><G119/><T128/><D128/><U62/><E123/><V83/><F83/><W47/><G11/><T77/><D129/><U104/><E122/><V2/><F2/><N who="3" m="183" /><G47/><T102/><D82/><U90/><E121/><V58/><F58/><W126/><G126/><T3/><D118/><U127/><E56/><V18/><F18/><W53/><G59/><T87/><D116/><U7/><E127/><V8/><F8/><W67/><G67/><T45/><D77/><U106/><E7/><V109/><F109/><W36/><G74/><T112/><D80/><U134/><E106/><V71/><F71/><W96/><G73/><T16/><D44/><U17/><E104/><V28/><F28/><W46/><G29/><T124/><D112/><U91/><E17/><V68/><F68/><W132/><G35/><T72/><D19/><U48/><E63/><V107/><F107/><W66/><G66/><T20/><D72/><U117/><E62/><V52/><F52/><W105/><G46/><T70/><D45/><U43/><E117/><V12/><F12/><W30/><G55/><T108/><D14/><U6/><E15/><V89/><F89/><W130/><G53/><T100/><D70/><U61/><E91/><V23/><F23/><N who="0" m="8778" /><D124/><U79/><E90/><RYUUKYOKU ba="0,1" sc="217,-10,273,-10,234,30,266,-10" hai2="24,25,27,41,42,60,64,69,81,86,88,92,94" /><INIT seed="2,1,1,3,3,119" ten="207,263,264,256" oya="2" hai0="40,125,128,85,62,61,96,113,31,28,108,116,33" hai1="78,34,55,88,134,132,86,95,59,11,106,101,83" hai2="84,41,54,94,46,19,0,64,124,93,77,42,9" hai3="112,76,68,117,102,121,21,67,15,18,53,45,50"/><V17/><F124/><W118/><G117/><T98/><D116/><U24/><E11/><V20/><F64/><W130/><G118/><T71/><D113/><U8/><E8/><V58/><F0/><W103/><G112/><T48/><D125/><U91/><E34/><V135/><F135/><N who="1" m="51753" /><E24/><V60/><F9/><W123/><G76/><T115/><D115/><U51/><E106/><V89/><F77/><W57/><G68/><T73/><D73/><U30/><E30/><V26/><F94/><W109/><G109/><T2/><D108/><U32/><E32/><V12/><F17/><W70/><G70/><T87/><D2/><U52/><E55/><V92/><F12/><W29/><G130/><T65/><D33/><U63/><E63/><V22/><F22/><W27/><G67/><T10/><D10/><U127/><E127/><V7/><F7/><W36/><G36/><T38/><D38/><U97/><AGARI ba="1,1" hai="51,52,59,78,83,86,88,91,95,97,101" m="51753" machi="97" ten="30,4000,0" yaku="20,1,54,2" doraHai="119" who="1" fromWho="1" sc="207,-11,263,53,264,-21,256,-11" /><INIT seed="3,0,0,1,2,0" ten="196,316,243,245" oya="3" hai0="56,92,54,63,17,1,4,74,133,99,68,29,42" hai1="77,22,27,80,36,112,91,90,26,107,101,123,70" hai2="82,113,122,32,132,10,79,129,76,24,66,30,59" hai3="65,31,21,97,119,102,111,127,72,57,130,39,6"/><W83/><G119/><T69/><D74/><U3/><E123/><V34/><F113/><W12/><G39/><T105/><D29/><U121/><E70/><V61/><F122/><W45/><G127/><T94/><D105/><U71/><E121/><V37/><F37/><W16/><G130/><T19/><D133/><U126/><E71/><V95/><F129/><W25/><G111/><T108/><D108/><U49/><E36/><V62/><F132/><W5/><G45/><T60/><D42/><U7/><E126/><V23/><F95/><N who="3" m="58687" /><G72/><T52/><D94/><U33/><E33/><V18/><F62/><N who="3" m="38095" /><G83/><T98/><D99/><U2/><E112/><V120/><F120/><W35/><G35/><T106/><D106/><U14/><E107/><V128/><F128/><W11/><AGARI ba="0,0" hai="5,6,11,12,16,21,25,31" m="38095,58687" machi="11" ten="30,12000,1" yaku="25,1,8,1,52,2,54,1" doraHai="0" who="3" fromWho="3" sc="196,-40,316,-40,243,-40,245,120" /><INIT seed="3,1,0,0,1,81" ten="156,276,203,365" oya="3" hai0="28,18,73,77,35,48,134,2,58,132,115,88,135" hai1="65,61,69,126,8,102,129,45,92,68,33,120,87" hai2="4,13,15,82,38,11,66,40,43,60,30,98,19" hai3="85,1,93,104,131,101,94,122,113,62,72,103,21"/><W6/><G113/><T109/><D2/><U117/><E120/><V7/><F30/><W23/><G122/><T128/><D109/><U56/><E33/><V75/><F38/><W54/><G72/><T47/><D73/><U9/><E129/><V42/><F98/><W112/><G112/><T76/><D115/><U121/><E121/><V91/><F75/><W14/><G1/><T74/><D58/><U27/><E126/><V78/><F78/><W17/><G6/><T3/><D3/><U26/><E102/><N who="3" m="38922" /><G104/><T24/><D128/><U110/><E110/><V25/><F25/><N who="1" m="9225" /><E68/><V106/><F106/><W124/><G124/><T130/><D130/><U80/><E69/><V90/><F82/><W64/><G64/><T116/><D116/><U100/><E45/><V41/><N who="2" m="10752" /><DORA hai="50" /><V10/><REACH who="2" step="1"/><F19/><REACH who="2" ten="156,276,193,365" step="2"/><N who="3" m="10487" /><G131/><T105/><D18/><U127/><E117/><V0/><F0/><W5/><G17/><T86/><D105/><U96/><E127/><V89/><F89/><AGARI ba="1,1" hai="8,9,56,61,65,80,87,89,92,96,100" m="9225" machi="89" ten="30,2000,0" yaku="8,1,52,1" doraHai="81,50" who="1" fromWho="2" sc="156,0,276,33,193,-23,365,0" /><INIT seed="4,0,0,3,4,44" ten="156,309,170,365" oya="0" hai0="26,78,108,83,34,85,15,96,39,64,8,90,11" hai1="35,109,50,97,128,22,9,7,41,133,45,116,23" hai2="98,71,84,88,36,18,13,16,125,126,37,28,62" hai3="54,95,66,61,103,24,74,77,110,30,69,89,131"/><T10/><D39/><U75/><E109/><V117/><F28/><W12/><G110/><T79/><D108/><U82/><E116/><V19/><F117/><W106/><G131/><T57/><D34/><U130/><E133/><V51/><F98/><N who="3" m="61815" /><G12/><T63/><D26/><U46/><E35/><V105/><F105/><W4/><G4/><T134/><D134/><U72/><E75/><V47/><F13/><W32/><G54/><T40/><D40/><U5/><E46/><V6/><F6/><N who="1" m="2057" /><E9/><V38/><F62/><W119/><G119/><T58/><D15/><U49/><E97/><V80/><REACH who="2" step="1"/><F71/><REACH who="2" ten="156,309,160,365" step="2"/><W102/><G69/><T94/><REACH who="0" step="1"/><D58/><REACH who="0" ten="146,309,160,365" step="2"/><U107/><E130/><V91/><F91/><AGARI ba="0,2" hai="8,10,11,57,63,64,78,79,83,85,90,91,94,96" machi="91" ten="40,7700,0" yaku="1,1,2,1,8,1,53,0" doraHai="44" doraHaiUra="68" who="0" fromWho="2" sc="146,97,309,0,160,-77,365,0" /><INIT seed="4,1,0,5,0,129" ten="243,309,83,365" oya="0" hai0="123,44,56,66,117,26,112,68,30,96,86,82,83" hai1="100,111,72,10,122,124,64,7,18,5,98,76,45" hai2="9,25,115,43,91,118,51,15,133,19,88,113,24" hai3="93,95,14,114,121,61,28,54,47,103,79,116,92"/><T48/><D123/><U20/><E122/><V75/><F75/><W4/><G116/><T90/><D117/><U11/><E111/><V60/><F118/><W102/><G28/><T106/><D112/><N who="2" m="43082" /><F60/><W32/><G32/><T53/><D68/><U77/><E124/><V69/><F69/><W132/><G121/><T58/><D106/><U128/><E128/><V39/><F39/><W23/><G79/><T78/><D66/><U8/><E72/><V29/><F43/><W73/><G73/><T37/><D37/><U42/><E64/><V55/><F133/><W119/><G132/><T40/><D40/><U17/><E77/><V36/><F36/><W27/><G119/><T99/><D99/><U131/><E76/><V38/><F38/><W97/><G97/><T52/><D53/><U105/><E131/><V135/><F135/><W70/><G70/><T74/><REACH who="0" step="1"/><D96/><REACH who="0" ten="233,309,83,365" step="2"/><U108/><E105/><V71/><F71/><W109/><G114/><T46/><D46/><U65/><E45/><N who="2" m="28143" /><F25/><W21/><G27/><T110/><D110/><U49/><E108/><V85/><F85/><W1/><G109/><T62/><D62/><U80/><E65/><V2/><F2/><W16/><G61/><T31/><D31/><U104/><E104/><V84/><F84/><W67/><G67/><T130/><D130/><U0/><E0/><V125/><F125/><W34/><G1/><T35/><AGARI ba="1,1" hai="26,30,35,44,48,52,56,58,74,78,82,83,86,90" machi="35" ten="20,12000,1" yaku="1,1,0,1,7,1,54,1,53,1" doraHai="129" doraHaiUra="87" who="0" fromWho="0" sc="233,133,309,-41,83,-41,365,-41" /><INIT seed="4,2,0,2,5,48" ten="366,268,42,324" oya="0" hai0="85,108,74,33,83,98,100,49,95,3,115,59,54" hai1="28,134,9,47,107,69,113,10,131,44,27,65,132" hai2="112,68,12,37,87,31,71,72,89,105,17,103,6" hai3="135,11,24,66,1,61,8,16,15,91,7,125,81"/><T23/><D3/><U93/><E131/><V19/><F72/><W110/><G110/><T41/><D33/><U52/><E107/><V86/><F37/><W25/><G125/><T63/><D108/><U30/><E113/><V76/><F112/><W133/><G91/><T56/><D115/><U40/><E93/><V57/><F31/><N who="1" m="11817" /><E27/><V127/><F127/><W99/><G99/><T88/><D74/><U97/><E97/><V84/><F76/><W109/><G81/><T96/><D23/><U116/><E116/><V120/><F120/><W58/><REACH who="3" step="1"/><G109/><REACH who="3" ten="366,268,42,314" step="2"/><T70/><D70/><U45/><E69/><V20/><F105/><W60/><G60/><T119/><D119/><U80/><E80/><V130/><F103/><W34/><G34/><T26/><D98/><U92/><E92/><V50/><F130/><W35/><G35/><T29/><D63/><U2/><E134/><AGARI ba="2,1" hai="1,7,8,11,15,16,24,25,58,61,66,133,134,135" machi="134" ten="40,5200,0" yaku="1,1,20,1,54,1,53,0" doraHai="48" doraHaiUra="64" who="3" fromWho="1" sc="366,0,268,-58,42,0,314,68" /><INIT seed="5,0,0,3,4,121" ten="366,210,42,382" oya="1" hai0="135,125,82,45,60,43,5,111,28,66,15,97,34" hai1="95,72,124,59,31,35,79,44,80,8,129,92,50" hai2="58,24,18,49,56,103,109,78,88,73,17,69,14" hai3="89,94,48,16,53,71,81,46,116,108,77,27,123"/><U21/><E35/><V6/><F69/><W105/><G123/><T41/><D125/><U0/><E124/><V67/><F103/><W51/><G116/><T2/><D135/><U110/><E129/><V101/><F101/><W57/><G105/><T98/><D2/><U104/><E104/><V99/><F109/><W107/><G107/><T134/><D134/><U100/><E100/><V33/><F73/><W132/><G71/><T112/><D112/><U3/><E3/><V87/><F33/><W86/><G132/><T93/><D111/><U83/><E83/><V11/><F78/><W9/><G108/><T39/><D41/><U12/><E110/><V70/><F70/><W102/><G102/><T122/><D122/><U65/><E0/><V113/><F113/><W74/><G9/><T131/><D131/><U19/><E59/><V13/><F99/><N who="3" m="57807" /><G74/><T4/><D82/><U85/><E65/><V26/><F58/><W130/><G130/><T119/><D119/><U96/><E72/><V133/><F133/><W61/><G46/><T120/><D120/><U55/><REACH who="1" step="1"/><E96/><REACH who="1" ten="366,200,42,382" step="2"/><V36/><F36/><W22/><AGARI ba="0,1" hai="16,22,27,48,51,53,57,61,77,81,86" m="57807" machi="22" ten="30,4000,0" yaku="25,1,8,1,54,1" doraHai="121" who="3" fromWho="3" sc="366,-10,200,-20,42,-10,382,50" /><INIT seed="6,0,0,0,0,72" ten="356,180,32,432" oya="2" hai0="124,92,51,85,78,65,73,64,49,123,131,122,80" hai1="63,134,126,6,27,45,106,97,96,8,41,117,40" hai2="22,1,61,57,76,29,120,34,79,7,50,5,83" hai3="13,118,98,66,62,93,3,116,133,91,88,84,11"/><V130/><F120/><W32/><G32/><T112/><D131/><U30/><E117/><V39/><F39/><W68/><G3/><T44/><D124/><U0/><E126/><V86/><F34/><W69/><G68/><T4/><D112/><U70/><E134/><V53/><F130/><W52/><G52/><T102/><D49/><U132/><E132/><V21/><F1/><W135/><G133/><T37/><D37/><U15/><E106/><V38/><F38/><W82/><G135/><T113/><D113/><U46/><E70/><V109/><F109/><W125/><G125/><T47/><D47/><U127/><E127/><V56/><F76/><W94/><G93/><T100/><D4/><AGARI ba="0,0" hai="4,11,13,62,66,69,82,84,88,91,94,98,116,118" machi="4" ten="30,2000,0" yaku="7,1,54,1" doraHai="72" who="3" fromWho="0" sc="356,-20,180,0,32,0,432,20" /><INIT seed="7,0,0,3,1,109" ten="336,180,32,452" oya="3" hai0="71,37,120,4,75,50,90,131,70,15,47,21,56" hai1="64,94,24,6,3,115,29,38,123,107,89,67,32" hai2="42,124,93,133,59,55,12,102,82,61,65,127,66" hai3="31,9,125,98,97,36,53,108,77,74,40,25,34"/><W49/><G108/><T100/><D37/><U19/><E107/><V62/><F82/><W81/><G125/><T2/><D2/><U23/><E123/><V134/><F12/><W99/><G36/><T110/><D75/><U85/><E38/><V16/><F102/><W101/><G9/><T80/><D110/><U114/><E67/><V91/><F91/><W135/><G40/><T46/><D100/><U44/><E44/><V39/><F93/><W111/><G135/><T76/><D120/><U8/><REACH who="1" step="1"/><E64/><REACH who="1" ten="336,170,32,452" step="2"/><V96/><F96/><W113/><G111/><T104/><D47/><U10/><E10/><V103/><F103/><W119/><G119/><T63/><D104/><U78/><E78/><V130/><F16/><W0/><G101/><T92/><D76/><U84/><E84/><V48/><F130/><W43/><G77/><T14/><D46/><U54/><E54/><V51/><F39/><W116/><G53/><T7/><D131/><U118/><E118/><V41/><REACH who="2" step="1"/><F55/><REACH who="2" ten="336,170,22,452" step="2"/><W87/><G116/><T35/><D15/><AGARI ba="0,2" hai="3,6,8,15,19,23,24,29,32,85,89,94,114,115" machi="15" ten="40,12000,2" yaku="1,1,24,2,52,2,53,1" doraHai="109" doraHaiUra="13" who="1" fromWho="0" sc="336,-120,170,140,22,0,452,0" owari="216,-18.0,310,11.0,22,-48.0,452,55.0" /></mjloggm>