<mjloggm ver="2.3"><GO type="41" lobby="0"/><UN n0="%E3%81%AE%E3%81%B3%E3%81%97%E3%82%8D%E2%99%82" n1="%4D%61%6D%6D%6F%6E" n2="%E3%83%88%E3%83%88%E3%83%AA%E5%85%88%E7%94%9F%31%39%E6%AD%B3" n3="%E5%A6%96%E6%80%AA%E9%A6%96%E3%81%8A%E3%81%84%E3%81%A6%E3%81%91" dan="14,13,14,14" rate="1969.65,1844.86,2017.70,1963.89" sx="M,M,F,M"/><TAIKYOKU oya="0"/><INIT seed="0,0,0,4,0,100" ten="250,250,250,250" oya="0" hai0="14,28,88,49,1,48,85,132,76,26,21,110,96" hai1="133,27,60,99,95,98,120,105,39,134,71,46,97" hai2="45,72,51,81,127,42,135,38,20,83,4,30,91" hai3="74,7,69,5,106,56,3,32,108,70,10,52,113"/><T19/><D132/><N who="1" m="50795" /><E120/><V75/><F135/><W29/><G113/><T111/><D1/><U6/><E6/><V89/><F127/><W59/><G108/><N who="0" m="41515" /><D76/><U117/><E117/><V33/><F33/><W2/><G74/><T37/><D96/><N who="1" m="36971" /><E27/><V68/><F68/><W55/><G32/><N who="0" m="20503" /><D37/><U34/><E34/><V102/><F38/><W124/><G29/><T123/><D123/><U65/><E46/><V118/><F45/><W12/><G12/><T53/><D53/><U80/><E80/><AGARI ba="0,0" hai="14,19,21,48,49,80,85,88" m="20503,41515" machi="80" ten="30,5800,0" yaku="14,1,10,1,54,1" doraHai="100" who="0" fromWho="1" sc="250,58,250,-58,250,0,250,0" /><INIT seed="0,1,0,0,1,27" ten="308,192,250,250" oya="0" hai0="108,12,85,105,116,131,22,111,33,18,20,29,110" hai1="102,123,96,28,34,67,135,125,87,74,128,56,76" hai2="75,66,19,57,103,31,24,101,4,117,53,94,113" hai3="92,52,95,134,80,49,51,71,3,42,91,10,122"/><T11/><D105/><U68/><E123/><V13/><F113/><W133/><G71/><T16/><D85/><U59/><E125/><V132/><F75/><W89/><G3/><T39/><D39/><U55/><E87/><V62/><F117/><W61/><G10/><T21/><D116/><U79/><E128/><V129/><F132/><N who="3" m="50795" /><G122/><T45/><D45/><U69/><E135/><V83/><F129/><W23/><G80/><T63/><D63/><U26/><E59/><V58/><F83/><W9/><G9/><T8/><D131/><U98/><E96/><V114/><F4/><W115/><G115/><T124/><D124/><U0/><E0/><V106/><F106/><W127/><G127/><T32/><D29/><U88/><E74/><V90/><F114/><W121/><G121/><T54/><D54/><U99/><E67/><V5/><F5/><W36/><G36/><T15/><AGARI ba="1,0" hai="8,11,12,15,16,18,20,21,22,32,33,108,110,111" machi="15" ten="40,24000,3" yaku="0,1,9,1,14,1,10,1,34,3,54,1" doraHai="27" who="0" fromWho="0" sc="308,243,192,-81,250,-81,250,-81" /><INIT seed="0,2,0,5,3,52" ten="551,111,169,169" oya="0" hai0="46,44,91,67,24,73,131,65,23,121,95,80,79" hai1="97,19,2,59,31,25,3,107,5,18,94,123,72" hai2="57,93,48,122,108,39,116,109,87,71,86,58,33" hai3="77,63,110,105,84,69,126,32,124,49,61,92,82"/><T76/><D131/><U42/><E72/><V103/><F122/><W13/><G105/><T83/><D121/><U85/><E123/><V117/><F71/><W98/><G32/><T35/><D35/><U55/><E42/><V45/><F33/><W30/><G30/><T70/><D67/><U40/><E40/><N who="2" m="24615" /><F39/><W125/><G110/><N who="2" m="42601" /><F87/><W78/><G69/><T89/><D65/><U74/><E74/><V120/><F120/><W27/><G27/><T56/><D70/><U102/><E85/><V62/><F62/><W11/><G49/><T128/><D128/><U1/><E5/><V51/><F51/><W4/><REACH who="3" step="1"/><G78/><REACH who="3" ten="551,111,169,159" step="2"/><N who="0" m="44111" /><D24/><U81/><E107/><V99/><F86/><W38/><G38/><T100/><D76/><U104/><E104/><V43/><F43/><W64/><G64/><T7/><D79/><U28/><E28/><V133/><F133/><W34/><G34/><T17/><D44/><U135/><E135/><V0/><F0/><W21/><G21/><T10/><D46/><U88/><E3/><V41/><F41/><W50/><G50/><T119/><D23/><N who="1" m="15807" /><E2/><V115/><F115/><W60/><G60/><T14/><D10/><U20/><E1/><V127/><F127/><W22/><G22/><T101/><D119/><AGARI ba="2,1" hai="57,58,93,99,103,116,117,119" m="42601,24615" machi="119" ten="30,7700,0" yaku="12,1,14,1,52,2" doraHai="52" who="2" fromWho="0" sc="551,-83,111,0,169,93,159,0" /><INIT seed="1,0,0,5,4,58" ten="468,111,262,159" oya="1" hai0="128,89,65,104,96,124,115,105,16,69,112,131,102" hai1="130,99,55,33,57,9,18,80,70,95,45,53,109" hai2="79,8,81,73,94,23,46,97,34,10,113,62,42" hai3="44,48,119,17,51,11,60,110,28,37,1,84,38"/><U90/><E33/><V59/><F34/><W63/><G28/><T30/><D105/><U103/><E70/><V24/><F113/><W127/><G127/><T100/><D124/><U19/><E130/><N who="0" m="49705" /><D100/><U47/><E109/><V134/><F134/><W3/><G110/><T15/><D30/><U25/><E53/><V54/><F46/><N who="1" m="17417" /><E9/><V91/><REACH who="2" step="1"/><F42/><REACH who="2" ten="468,111,252,159" step="2"/><W107/><G119/><T40/><D40/><U92/><E25/><V106/><F106/><W133/><G107/><T36/><D104/><U126/><E126/><V66/><F66/><W5/><G133/><T116/><D65/><U132/><E132/><V41/><F41/><W68/><G68/><T120/><D69/><U72/><E72/><V74/><F74/><W77/><G44/><T61/><D112/><U32/><E32/><V14/><F14/><W12/><G12/><T21/><D15/><U31/><E31/><AGARI ba="0,1" hai="8,10,23,24,31,54,59,62,73,79,81,91,94,97" machi="31" ten="30,7700,0" yaku="1,1,7,1,52,1,53,1" doraHai="58" doraHaiUra="76" who="2" fromWho="1" sc="468,0,111,-77,252,87,159,0" /><INIT seed="2,0,0,1,4,104" ten="468,34,339,159" oya="2" hai0="110,102,51,13,105,55,83,23,31,60,5,118,126" hai1="97,113,2,33,86,117,3,96,41,90,4,11,62" hai2="38,37,56,61,127,10,9,132,108,73,7,49,72" hai3="131,14,80,44,40,70,39,18,24,26,87,27,94"/><V46/><F132/><W81/><G70/><T82/><D110/><U8/><E113/><V63/><F127/><W99/><G131/><T35/><D126/><U67/><E33/><V20/><F108/><W0/><G0/><T17/><D118/><U134/><E134/><V19/><F38/><W69/><G69/><T57/><D5/><U125/><E125/><V71/><F37/><W42/><G42/><T68/><D105/><U98/><E41/><V91/><F91/><W48/><G39/><T119/><D102/><U36/><E36/><V115/><F71/><W101/><REACH who="3" step="1"/><G87/><REACH who="3" ten="468,34,339,149" step="2"/><T129/><D68/><U92/><E117/><V111/><F111/><W88/><G88/><T74/><D129/><U84/><E86/><V130/><F130/><W100/><G100/><T75/><D119/><U1/><REACH who="1" step="1"/><E4/><REACH who="1" ten="468,24,339,149" step="2"/><V66/><F7/><W79/><G79/><T122/><D122/><U114/><E114/><V78/><F115/><W123/><G123/><T45/><D35/><U29/><E29/><V89/><F78/><W106/><G106/><T103/><D31/><U59/><AGARI ba="0,2" hai="1,2,3,8,11,59,62,67,84,90,92,96,97,98" machi="59" ten="40,2700,0" yaku="1,1,0,1,53,0" doraHai="104" doraHaiUra="16" who="1" fromWho="1" sc="468,-7,24,47,339,-13,149,-7" /><INIT seed="3,0,0,0,2,23" ten="461,71,326,142" oya="3" hai0="108,106,103,13,85,81,77,129,125,115,82,70,83" hai1="113,127,105,88,50,116,17,38,101,126,24,15,32" hai2="131,31,12,110,128,124,84,132,78,39,73,16,104" hai3="95,111,26,37,122,114,55,11,28,96,66,2,87"/><W54/><G122/><T7/><D70/><U62/><E38/><V76/><F39/><W59/><G114/><T89/><D13/><U48/><E113/><V98/><F73/><W71/><G37/><T75/><D7/><U133/><E133/><V102/><F132/><W64/><G111/><T45/><D45/><U120/><E120/><V43/><F43/><W4/><G87/><T63/><D63/><U42/><E101/><V92/><F110/><W99/><G71/><T29/><D29/><U8/><E105/><V30/><F124/><N who="1" m="47657" /><E62/><V68/><F68/><W94/><G94/><N who="0" m="54575" /><D125/><U119/><E42/><V72/><F72/><W97/><G95/><T74/><D115/><U79/><E79/><N who="2" m="30251" /><F84/><W47/><G47/><T36/><D36/><U80/><E50/><V41/><F41/><W18/><G18/><T123/><D108/><U107/><E48/><V22/><F104/><W9/><G9/><T69/><D69/><U65/><E65/><V121/><F121/><W1/><G1/><T117/><D123/><U56/><E56/><V134/><F134/><W52/><REACH who="3" step="1"/><G59/><REACH who="3" ten="461,71,326,132" step="2"/><T57/><D57/><U14/><E107/><V109/><F109/><W86/><G86/><T46/><D74/><U44/><E44/><V53/><F92/><W6/><G6/><T118/><D46/><U10/><E80/><V130/><F130/><W93/><G93/><T0/><D0/><U34/><E88/><V112/><F131/><W58/><G58/><T19/><D19/><N who="1" m="8647" /><E32/><AGARI ba="0,1" hai="2,4,11,26,28,32,52,54,55,64,66,96,97,99" machi="32" ten="40,7700,0" yaku="1,1,52,1,54,1,53,0" doraHai="23" doraHaiUra="135" who="3" fromWho="1" sc="461,0,71,-77,326,0,132,87" owari="461,56.0,-6,-51.0,326,13.0,219,-18.0" /></mjloggm>