<mjloggm ver="2.3"><GO type="97" lobby="0"/><UN n0="%52%69%6E%67%79%69" n1="%6D%69%70%70%6F" n2="%E3%82%BD%E3%83%BC%E3%83%8A%E3%83%B3%E3%82%B9" n3="%E5%B0%B1%E6%B4%BB%E7%94%9F%40%E5%B7%9D%E6%9D%91%E8%BB%8D%E5%9B%A3" dan="13,14,14,15" rate="1813.22,1964.30,1919.25,1967.34" sx="F,M,M,M"/><TAIKYOKU oya="0"/><INIT seed="0,0,0,5,5,92" ten="250,250,250,250" oya="0" hai0="78,117,76,15,40,25,39,99,121,84,125,30,46" hai1="107,114,105,5,77,98,134,94,32,13,64,34,58" hai2="47,51,97,36,45,49,100,85,60,116,7,112,65" hai3="123,28,38,19,31,102,95,42,79,83,48,26,69"/><T8/><D121/><U59/><E134/><V16/><F112/><W128/><G69/><T81/><D125/><U96/><E77/><V23/><F116/><W73/><G123/><T127/><D127/><U82/><E82/><V35/><F35/><W14/><G128/><T108/><D117/><U2/><E2/><V118/><F7/><W37/><G48/><T53/><D53/><U44/><E44/><V0/><F0/><W119/><G119/><T106/><D108/><U10/><E114/><V131/><F131/><W55/><G55/><T74/><D78/><U88/><E107/><V11/><F11/><W27/><G42/><T132/><D132/><U70/><E70/><V110/><F110/><W113/><G113/><T111/><D111/><U20/><E20/><V1/><F1/><W6/><G6/><T93/><D106/><U71/><E71/><V61/><F118/><W130/><G130/><T17/><D74/><U43/><E43/><N who="2" m="24767" /><F85/><W21/><G27/><T89/><D25/><U67/><E67/><V120/><F36/><W91/><G102/><T22/><D30/><U63/><REACH who="1" step="1"/><E59/><REACH who="1" ten="250,240,250,250" step="2"/><V126/><F120/><W75/><G75/><T86/><REACH who="0" step="1"/><D22/><REACH who="0" ten="240,240,250,250" step="2"/><U104/><E104/><V87/><F126/><W24/><G31/><T135/><D135/><U3/><E3/><V124/><F124/><W115/><G115/><T18/><D18/><U12/><E12/><V129/><F129/><W103/><G28/><T50/><D50/><U4/><E4/><V57/><F51/><W33/><G14/><T52/><D52/><U68/><E68/><V80/><F16/><RYUUKYOKU ba="0,2" sc="240,15,240,15,250,-15,250,-15" hai0="8,15,17,39,40,46,76,81,84,86,89,93,99" hai1="5,10,13,32,34,58,63,64,88,94,96,98,105" /><INIT seed="0,1,2,1,0,55" ten="255,255,235,235" oya="0" hai0="43,50,124,66,61,35,100,98,4,57,26,81,105" hai1="122,96,36,70,85,12,30,121,2,45,102,108,133" hai2="10,31,109,23,22,77,62,117,34,0,104,16,53" hai3="88,9,91,3,113,90,129,37,52,29,106,87,110"/><T80/><D124/><U97/><E2/><V120/><F104/><W83/><G106/><T17/><D4/><U47/><E108/><V68/><F120/><W32/><G37/><T78/><D78/><U20/><E70/><V1/><F109/><W19/><G113/><T111/><D111/><U5/><E133/><V14/><F77/><W125/><G110/><T74/><D74/><U48/><E36/><V114/><F114/><W134/><G134/><T60/><D60/><U11/><E121/><V67/><F117/><W71/><G71/><T135/><D135/><U41/><E122/><V58/><F34/><W93/><G125/><T126/><D126/><U132/><E132/><V59/><F68/><W54/><G129/><T15/><D50/><N who="1" m="26927" /><E85/><V69/><F69/><W6/><G6/><T79/><D43/><N who="1" m="24703" /><E102/><V118/><F118/><W38/><G38/><T119/><D79/><U116/><E116/><V24/><F10/><W28/><G32/><T39/><D39/><U89/><E89/><N who="3" m="34410" /><G3/><T8/><REACH who="0" step="1"/><D119/><REACH who="0" ten="245,255,235,235" step="2"/><U44/><E44/><V92/><F92/><W27/><G93/><T99/><D99/><U130/><E130/><V33/><F33/><W25/><G54/><T131/><D131/><U72/><E72/><V46/><F46/><W18/><G52/><T49/><D49/><AGARI ba="1,3" hai="0,1,14,16,22,23,24,31,49,53,58,59,62,67" machi="49" ten="30,7700,0" yaku="7,1,52,2,54,1" doraHai="55" who="2" fromWho="0" sc="245,-80,255,0,235,110,235,0" /><INIT seed="1,0,0,0,0,40" ten="165,255,345,235" oya="1" hai0="64,38,109,120,42,6,95,111,21,34,85,96,36" hai1="94,76,130,84,53,123,100,66,14,1,49,20,90" hai2="98,112,8,75,46,107,135,126,61,54,24,122,86" hai3="102,131,74,134,4,118,58,57,72,92,12,5,106"/><U44/><E1/><V25/><F122/><W80/><G106/><T59/><D34/><U19/><E123/><V10/><F75/><W37/><G37/><T51/><D120/><U30/><E130/><V50/><F135/><W52/><G118/><T35/><D35/><U0/><E0/><V60/><F126/><W17/><G134/><T116/><D6/><U117/><E117/><V83/><F112/><W129/><G58/><T125/><D116/><U127/><E127/><V47/><F107/><W93/><G74/><T121/><D121/><U48/><E66/><V78/><F98/><N who="3" m="59719" /><G93/><T73/><D73/><U91/><E30/><V87/><F87/><W56/><G56/><T71/><D125/><U119/><E119/><V11/><F46/><W33/><G33/><T65/><D85/><U28/><E28/><V67/><F61/><N who="3" m="36007" /><G72/><T103/><D21/><U29/><E29/><V128/><REACH who="2" step="1"/><F128/><REACH who="2" ten="165,255,335,235" step="2"/><N who="3" m="49227" /><G80/><T70/><D103/><U2/><E100/><V55/><F55/><W81/><G81/><T89/><D89/><U104/><E91/><V88/><F88/><W27/><G27/><T7/><D96/><U26/><E76/><V13/><F13/><W124/><G124/><T23/><D95/><U43/><E104/><V105/><F105/><W45/><G45/><N who="0" m="26039" /><D7/><U133/><E133/><V110/><F110/><N who="0" m="41994" /><D23/><AGARI ba="0,1" hai="4,5,12,17,23" m="49227,36007,59719" machi="23" ten="30,2000,0" yaku="19,1,54,1" doraHai="40" who="3" fromWho="0" sc="165,-20,255,0,335,0,235,30" /><INIT seed="2,0,0,0,5,3" ten="145,255,335,265" oya="2" hai0="54,48,96,132,26,38,103,6,91,39,8,71,61" hai1="7,129,81,106,30,56,65,40,126,12,88,134,31" hai2="83,131,97,114,74,46,92,70,42,43,120,18,4" hai3="59,76,69,122,89,66,100,125,25,84,20,16,72"/><V105/><F120/><W15/><G122/><T79/><D132/><U102/><E134/><V99/><F114/><W0/><G0/><T32/><D79/><U57/><E129/><V101/><F70/><W73/><G69/><T116/><D91/><U130/><E130/><V37/><F42/><W90/><G125/><T19/><D116/><U75/><E126/><V128/><F18/><W45/><G73/><T110/><D110/><U109/><E109/><V113/><F113/><W36/><G72/><T124/><D124/><U68/><E40/><V2/><F97/><W107/><G107/><T82/><D82/><U95/><E106/><V9/><F92/><W112/><G112/><T93/><D61/><U127/><E68/><V13/><F13/><W104/><G104/><T58/><D71/><U80/><E127/><V117/><REACH who="2" step="1"/><F117/><REACH who="2" ten="145,255,325,265" step="2"/><W55/><G100/><T51/><D51/><U121/><E102/><V133/><F133/><W85/><G15/><T87/><D39/><U10/><E121/><V77/><AGARI ba="0,1" hai="2,4,9,37,43,46,74,77,83,99,101,105,128,131" machi="77" ten="30,18000,2" yaku="1,1,0,1,25,2,23,2,52,1,53,0" doraHai="3" doraHaiUra="24" who="2" fromWho="2" sc="145,-60,255,-60,325,190,265,-60" /><INIT seed="2,1,0,3,3,54" ten="85,195,515,205" oya="2" hai0="44,64,104,39,65,6,128,51,107,88,106,113,7" hai1="29,2,109,21,95,99,81,91,22,18,41,31,100" hai2="71,46,115,105,101,114,8,70,76,87,123,67,85" hai3="27,28,59,23,78,16,108,47,19,118,134,96,5"/><V86/><F123/><W93/><G118/><T84/><D113/><U125/><E109/><V110/><F110/><W60/><G108/><T117/><D128/><U4/><E125/><V58/><F76/><W15/><G134/><T49/><D117/><U0/><E41/><V130/><F130/><W73/><G73/><T43/><D39/><U40/><E40/><V17/><F46/><W1/><G78/><T57/><D7/><U90/><E100/><V66/><F101/><N who="3" m="60559" /><G1/><T35/><D6/><U10/><E0/><V129/><F105/><W13/><G47/><T102/><D102/><U77/><E22/><V12/><F129/><W26/><G26/><T69/><D35/><U72/><E91/><V121/><F121/><W53/><G5/><T42/><D69/><U63/><E63/><V120/><F120/><W103/><G103/><T52/><REACH who="0" step="1"/><D42/><REACH who="0" ten="75,195,515,205" step="2"/><U38/><E38/><V94/><F115/><W75/><G75/><T97/><D97/><U33/><E33/><V124/><F114/><W61/><G61/><T30/><D30/><U131/><E131/><V20/><F70/><W11/><G28/><T80/><AGARI ba="1,1" hai="43,44,49,51,52,57,64,65,80,84,88,104,106,107" machi="80" ten="30,12000,2" yaku="1,1,0,1,52,1,54,2,53,2" doraHai="54" doraHaiUra="62" who="0" fromWho="0" sc="75,133,195,-31,515,-61,205,-31" /><INIT seed="3,0,0,4,1,20" ten="208,164,454,174" oya="3" hai0="123,38,68,13,7,0,3,114,4,100,60,107,82" hai1="126,96,130,28,71,37,131,135,132,118,119,110,92" hai2="9,84,52,72,108,79,115,6,85,74,129,17,42" hai3="98,88,21,57,91,45,103,26,62,43,23,81,36"/><W87/><G91/><T44/><D123/><U49/><E37/><V76/><F115/><W122/><G122/><T31/><D114/><U8/><E71/><V117/><F117/><N who="1" m="44553" /><E110/><V39/><F108/><W14/><G14/><T99/><D82/><U66/><E66/><V12/><F129/><N who="1" m="49161" /><E28/><V64/><F64/><W111/><G111/><T54/><D7/><U113/><E113/><V47/><F52/><W89/><G89/><T116/><D116/><U29/><E29/><V5/><F74/><W30/><G21/><T19/><D31/><U61/><E61/><V121/><F121/><W27/><G23/><T18/><D18/><U53/><E8/><V32/><F32/><W48/><G36/><T65/><D4/><U16/><E16/><V83/><F76/><W102/><G30/><T15/><D15/><U120/><E120/><V112/><F112/><W41/><G41/><T73/><D73/><U124/><E92/><V24/><F5/><W101/><G98/><T90/><D90/><U70/><E70/><V95/><F95/><W67/><AGARI ba="0,0" hai="26,27,43,45,48,57,62,67,81,87,88,101,102,103" machi="67" ten="30,12000,1" yaku="0,1,8,1,52,2,54,1" doraHai="20" who="3" fromWho="3" sc="208,-40,164,-40,454,-40,174,120" /><INIT seed="3,1,0,3,3,82" ten="168,124,414,294" oya="3" hai0="28,79,25,15,86,126,12,57,111,32,115,90,72" hai1="116,22,48,33,101,125,95,49,94,41,93,122,18" hai2="31,64,121,7,118,96,10,21,87,63,107,61,67" hai3="42,60,39,9,36,59,133,71,46,5,29,120,123"/><W85/><G133/><T102/><D111/><U43/><E122/><V16/><F118/><W74/><G74/><T30/><D126/><U88/><E33/><V55/><F121/><W2/><G71/><T100/><D115/><U129/><E125/><V109/><F31/><W52/><G36/><T110/><D110/><U68/><E68/><V78/><F109/><W80/><REACH who="3" step="1"/><G29/><REACH who="3" ten="168,124,414,284" step="2"/><T134/><D134/><U51/><E129/><V3/><F67/><W73/><G73/><T4/><D30/><U98/><E116/><V62/><F64/><W23/><G23/><T135/><D135/><U50/><N who="1" m="12800" /><DORA hai="56" /><U14/><REACH who="1" step="1"/><E94/><REACH who="1" ten="168,114,414,284" step="2"/><V65/><F107/><W99/><G99/><AGARI ba="1,2" hai="14,18,22,41,43,88,93,95,98,99,101" m="12800" machi="99" ten="50,8000,1" yaku="1,1,2,1,8,1,54,1,53,0" doraHai="82,56" doraHaiUra="75,40" who="1" fromWho="3" sc="168,0,114,103,414,0,284,-83" owari="168,-33.0,217,2.0,414,51.0,201,-20.0" /></mjloggm>