<mjloggm ver="2.3"><GO type="97" lobby="0"/><UN n0="%E3%81%8D%E3%81%95%E3%82%93%E3%81%98" n1="%E5%B0%B1%E6%B4%BB%E7%94%9F%40%E5%B7%9D%E6%9D%91%E8%BB%8D%E5%9B%A3" n2="%E4%B8%80%E7%99%BA%E8%87%AA%E6%91%B8" n3="%E7%80%AC%E5%B0%BE%E6%99%B6" dan="14,15,14,15" rate="1978.40,2075.37,1907.88,1994.14" sx="M,M,M,M"/><TAIKYOKU oya="0"/><INIT seed="0,0,0,0,4,14" ten="250,250,250,250" oya="0" hai0="127,95,11,7,104,101,18,5,71,21,110,130,109" hai1="68,65,114,70,88,60,116,100,62,124,8,12,123" hai2="59,41,44,2,79,64,55,86,96,107,36,22,87" hai3="58,132,61,93,111,28,81,131,13,90,46,67,6"/><T115/><D71/><U91/><E123/><V15/><F2/><W45/><G111/><N who="0" m="42507" /><D115/><U83/><E116/><V78/><F64/><W76/><G132/><T23/><D104/><U10/><E114/><V53/><F53/><W51/><G131/><T26/><D130/><U117/><E117/><V118/><F118/><W113/><G113/><T43/><D43/><U40/><E124/><V39/><F39/><W82/><G28/><N who="0" m="17487" /><D127/><U9/><E40/><V37/><F37/><W56/><G58/><T16/><D101/><U0/><E100/><V50/><F107/><W33/><G33/><T133/><D133/><U47/><E0/><V129/><F96/><N who="3" m="57399" /><G76/><T89/><D23/><U103/><E103/><V97/><F97/><W31/><G31/><T4/><D11/><U29/><E29/><V35/><F35/><W54/><G45/><T94/><D94/><U3/><E47/><V42/><F42/><W19/><G6/><T106/><D106/><U112/><E112/><V69/><F69/><W38/><G38/><T1/><D1/><U17/><E3/><V74/><F129/><W30/><G30/><T134/><D134/><U92/><E83/><V121/><F121/><W57/><G46/><T52/><D52/><U27/><E27/><V120/><F120/><W34/><G34/><T75/><D75/><U85/><E91/><V119/><F119/><W32/><G32/><T128/><D128/><U73/><E73/><V48/><F36/><W72/><G72/><T135/><D135/><U49/><E49/><V98/><F74/><W24/><G24/><T80/><D80/><RYUUKYOKU ba="0,0" sc="250,10,250,10,250,-30,250,10" hai0="4,5,7,16,18,89,95" hai1="8,9,10,12,17,60,62,65,68,70,85,88,92" hai3="13,19,51,54,56,57,61,67,81,82" /><INIT seed="0,1,0,2,1,135" ten="260,260,220,260" oya="0" hai0="64,119,70,65,106,113,23,35,10,24,40,29,50" hai1="60,96,34,55,31,7,92,123,74,51,4,45,78" hai2="59,130,112,46,17,124,121,39,19,71,111,37,16" hai3="76,93,107,9,12,1,56,98,122,54,62,109,91"/><T8/><D106/><U117/><E123/><V90/><F121/><W5/><G122/><T61/><D113/><U129/><E117/><V83/><F71/><W15/><G109/><T0/><D119/><U79/><E129/><V94/><F112/><W69/><G69/><T125/><D64/><U77/><E74/><V33/><F33/><W133/><G133/><T20/><D125/><U126/><E126/><V11/><F130/><W25/><G107/><T41/><D35/><U134/><E134/><V127/><F111/><W116/><G116/><T67/><D67/><U30/><E60/><V66/><F11/><W21/><REACH who="3" step="1"/><G76/><REACH who="3" ten="260,260,220,250" step="2"/><T22/><D0/><U89/><E34/><V28/><F28/><AGARI ba="1,1" hai="1,5,9,12,15,21,25,28,54,56,62,91,93,98" machi="28" ten="30,7700,0" yaku="1,1,2,1,7,1,53,1" doraHai="135" doraHaiUra="86" who="3" fromWho="2" sc="260,0,260,0,220,-80,250,90" /><AGARI ba="1,0" hai="4,7,28,30,31,45,51,55,77,78,79,89,92,96" machi="28" ten="40,1300,0" yaku="8,1" doraHai="135" who="1" fromWho="2" sc="260,0,260,13,140,-13,340,0" /><INIT seed="1,0,0,4,3,19" ten="260,273,127,340" oya="1" hai0="112,32,34,14,23,63,90,9,74,110,3,128,123" hai1="93,79,0,62,82,18,39,125,58,80,33,8,73" hai2="100,50,48,38,103,132,41,99,71,94,44,135,105" hai3="96,43,12,17,109,37,13,31,68,131,55,117,10"/><U27/><E39/><V78/><F71/><W28/><G68/><T115/><D123/><U89/><E125/><V64/><F64/><W53/><G96/><T134/><D74/><U66/><E0/><V26/><F78/><W49/><G37/><T5/><D134/><U21/><E80/><V46/><F38/><W57/><G117/><T22/><D90/><U126/><E126/><V120/><F120/><W106/><G106/><T102/><D102/><U92/><E33/><N who="0" m="12905" /><D63/><U77/><E77/><V4/><F4/><N who="3" m="3143" /><G109/><T40/><D40/><U130/><E130/><V108/><F108/><W35/><G35/><T60/><D110/><U67/><E8/><V36/><F36/><W98/><G131/><T127/><D60/><U111/><E111/><V104/><F94/><W76/><G98/><T116/><D127/><U54/><REACH who="1" step="1"/><E93/><REACH who="1" ten="260,263,127,340" step="2"/><V88/><F132/><W70/><G76/><T6/><D128/><U56/><E56/><V91/><F135/><W51/><G70/><T29/><D116/><U65/><E65/><V121/><F121/><W69/><G69/><T101/><D115/><U47/><E47/><V61/><F104/><W24/><G43/><T84/><D112/><U124/><E124/><V113/><F113/><W42/><G42/><T129/><D129/><U119/><E119/><V59/><F103/><W20/><G24/><N who="0" m="16535" /><D101/><U85/><AGARI ba="0,1" hai="18,21,27,54,58,62,66,67,73,79,82,85,89,92" machi="85" ten="20,7800,0" yaku="1,1,0,1,7,1,52,1,53,0" doraHai="19" doraHaiUra="25" who="1" fromWho="1" sc="260,-26,263,88,127,-26,340,-26" /><INIT seed="1,1,0,1,4,10" ten="234,351,101,314" oya="1" hai0="62,4,60,45,50,102,83,0,19,17,73,9,58" hai1="134,28,120,125,74,33,100,79,110,109,107,130,53" hai2="84,16,1,114,44,87,117,43,15,108,70,47,41" hai3="106,71,51,55,29,56,18,26,66,78,80,34,103"/><U6/><E120/><V81/><F117/><W95/><G106/><T124/><D102/><U121/><E121/><V59/><F114/><W129/><G129/><T42/><D124/><U131/><E125/><V48/><F70/><W76/><G18/><T38/><D60/><U24/><E134/><V88/><F1/><W96/><G80/><T65/><REACH who="0" step="1"/><D50/><REACH who="0" ten="224,351,101,314" step="2"/><U31/><E100/><V27/><F108/><N who="1" m="41577" /><E107/><V99/><F27/><W122/><G122/><T69/><D69/><U85/><E74/><V36/><F59/><W90/><G103/><T11/><D11/><U127/><E127/><V22/><REACH who="2" step="1"/><F81/><REACH who="2" ten="224,351,91,314" step="2"/><W119/><G119/><T8/><D8/><U92/><E130/><V112/><F112/><W61/><AGARI ba="1,2" hai="26,29,34,51,55,56,61,66,71,76,78,90,95,96" machi="61" ten="30,1100,0" yaku="0,1" doraHai="10" who="3" fromWho="3" sc="224,-4,351,-6,91,-4,314,34" /><INIT seed="2,0,0,3,3,68" ten="220,345,87,348" oya="2" hai0="112,30,101,81,117,19,76,52,125,47,99,97,0" hai1="90,48,86,95,2,92,93,96,108,8,58,85,37" hai2="33,69,5,88,104,41,29,51,128,111,116,43,24" hai3="87,61,126,17,40,44,78,55,38,6,4,122,14"/><V57/><F116/><W98/><G122/><T102/><D19/><U103/><E108/><V84/><F104/><W132/><G132/><T73/><D30/><U82/><E37/><V100/><F69/><W89/><G126/><T105/><D105/><U115/><E115/><V134/><F100/><W91/><G98/><T60/><D60/><U20/><E2/><V36/><F111/><W121/><G78/><T7/><D7/><U67/><E8/><V114/><F134/><W12/><G12/><T9/><D9/><U127/><E127/><V71/><F71/><W79/><G79/><T21/><D21/><U120/><E120/><V22/><F114/><W18/><G121/><T15/><D15/><U135/><E135/><V119/><F119/><W110/><G110/><T65/><D65/><U133/><E133/><V59/><F5/><W113/><G113/><T83/><D0/><U64/><E20/><V75/><F75/><W35/><G35/><T74/><D112/><U72/><E72/><V129/><F129/><W66/><G55/><T32/><D52/><N who="1" m="32007" /><E93/><N who="2" m="54407" /><F128/><W131/><G131/><T63/><D32/><U26/><E26/><N who="2" m="18615" /><F36/><W3/><G3/><T109/><D117/><U16/><E16/><N who="3" m="6250" /><G14/><T94/><D125/><U70/><E70/><V123/><F123/><W124/><G124/><T28/><D74/><U27/><E27/><V11/><F11/><W25/><G25/><T34/><D34/><U39/><E39/><V53/><F57/><N who="3" m="37167" /><G87/><T54/><D101/><U13/><E13/><V62/><F62/><W31/><G31/><T77/><D63/><U130/><E130/><RYUUKYOKU ba="0,0" sc="220,-30,345,10,87,10,348,10" hai1="64,67,82,85,86,90,92,95,96,103" hai2="22,24,41,43,51,53,59" hai3="4,6,38,40,44,89,91" /><INIT seed="2,1,0,1,5,39" ten="190,355,97,358" oya="2" hai0="111,79,55,53,82,95,21,101,1,129,10,66,46" hai1="88,119,12,98,120,64,47,78,50,35,93,114,87" hai2="37,28,72,127,17,89,110,116,71,91,104,108,81" hai3="15,25,42,19,49,130,16,133,62,135,96,60,41"/><V76/><F71/><W103/><G130/><T126/><D66/><U94/><E114/><V63/><F63/><N who="3" m="24107" /><G25/><T57/><D10/><U56/><E119/><V43/><F116/><W58/><G58/><T123/><D1/><U134/><E35/><V0/><F104/><N who="3" m="63591" /><G49/><T29/><D126/><U32/><E32/><V23/><F127/><W112/><G112/><T115/><D115/><U121/><E134/><N who="3" m="51210" /><G19/><T106/><D106/><U117/><E117/><V48/><F28/><W44/><G44/><T20/><D79/><U84/><E12/><V73/><F0/><W99/><G99/><T97/><D82/><N who="1" m="47191" /><E56/><V69/><F69/><W131/><G131/><T18/><D123/><N who="1" m="47179" /><E64/><V22/><F37/><W2/><G2/><T102/><D101/><N who="1" m="60623" /><E50/><V128/><F128/><W40/><G40/><T85/><D129/><U14/><E14/><V68/><F68/><W105/><G105/><T109/><D29/><U65/><E65/><V75/><F17/><W13/><G13/><T8/><D85/><U7/><E7/><V132/><F132/><W83/><G83/><T59/><D57/><U45/><AGARI ba="1,0" hai="45,47,87,88,94" m="60623,47179,47191" machi="45" ten="30,2000,0" yaku="13,1,54,1" doraHai="39" who="1" fromWho="1" sc="190,-6,355,23,97,-11,358,-6" /><INIT seed="3,0,0,5,4,133" ten="184,378,86,352" oya="3" hai0="24,7,124,128,2,101,74,68,45,63,10,75,11" hai1="83,27,56,35,108,9,42,40,72,134,125,119,39" hai2="43,66,105,76,62,85,120,55,106,131,1,117,19" hai3="46,118,89,127,58,52,90,37,98,15,99,130,88"/><W57/><G118/><T32/><D101/><U107/><E125/><V113/><F55/><W92/><G127/><T115/><D128/><U112/><E112/><V73/><F19/><W54/><G130/><T29/><D124/><U53/><E107/><V78/><F43/><W64/><G37/><T102/><D102/><U33/><E119/><V121/><F62/><N who="3" m="37967" /><G15/><T14/><D45/><U13/><E134/><V93/><F66/><W67/><G46/><T51/><D51/><U48/><E108/><V126/><F1/><W49/><G54/><T109/><D109/><U0/><E0/><V70/><F70/><W31/><G67/><N who="0" m="41087" /><D14/><U100/><E100/><V23/><F23/><W59/><G59/><T129/><D11/><U122/><E122/><V82/><F126/><W47/><G47/><T123/><D123/><U18/><E39/><V97/><F131/><W116/><G116/><T50/><D50/><U16/><E35/><V38/><F117/><W104/><G104/><T111/><D111/><U80/><E72/><N who="0" m="27689" /><D129/><U81/><E33/><V77/><F38/><W20/><G92/><T69/><D69/><U96/><E96/><V94/><F113/><AGARI ba="0,0" hai="2,7,10,24,29,32,113,115" m="27689,41087" machi="113" ten="30,1000,0" yaku="23,1" doraHai="133" who="0" fromWho="2" sc="184,10,378,0,86,-10,352,0" owari="194,-21.0,378,48.0,76,-42.0,352,15.0" /></mjloggm>