<mjloggm ver="2.3"><GO type="225" lobby="0"/><UN n0="%53%48%49%53%55%4B%45" n1="%E9%88%B4%E4%BE%8D" n2="%E3%81%AA%E3%81%A3%E3%81%8D%E3%82%8A" n3="%E3%83%88%E3%83%88%E3%83%AA%E5%85%88%E7%94%9F%31%39%E6%AD%B3" dan="16,17,16,18" rate="2143.35,2230.76,2138.72,2260.71" sx="M,M,M,F"/><TAIKYOKU oya="0"/><INIT seed="0,0,0,5,1,126" ten="250,250,250,250" oya="0" hai0="110,124,0,130,78,88,92,57,39,23,5,114,104" hai1="3,16,89,76,84,67,127,25,15,69,111,49,112" hai2="95,129,97,48,128,68,70,50,22,56,35,59,55" hai3="100,93,73,122,41,135,101,66,61,30,62,2,75"/><T34/><D114/><U52/><E112/><V27/><F35/><W26/><G2/><T106/><D34/><U4/><E127/><V40/><F70/><W8/><G135/><T11/><D124/><U123/><E123/><V74/><F74/><W103/><G122/><T37/><D110/><U102/><E111/><V133/><F68/><W46/><G8/><T9/><D9/><N who="1" m="4519" /><E3/><V81/><F81/><W43/><G93/><T94/><D78/><U90/><E69/><V60/><F133/><W24/><G46/><T58/><D94/><U47/><E67/><V86/><F86/><W119/><G66/><T53/><D23/><N who="1" m="13543" /><E102/><BYE who="3" /><V64/><F48/><W99/><G99/><T42/><D130/><N who="2" m="50282" /><F40/><W132/><G132/><T45/><D39/><U44/><E44/><V117/><F117/><W116/><G116/><T105/><REACH who="0" step="1"/><D53/><REACH who="0" ten="240,250,250,250" step="2"/><U107/><E107/><V83/><F95/><W12/><G12/><T36/><D36/><U118/><E118/><V134/><F134/><W108/><G108/><T29/><D29/><U125/><E125/><V71/><F83/><AGARI ba="0,1" hai="47,49,52,76,83,84,89,90" m="13543,4519" machi="83" ten="30,3900,0" yaku="8,1,54,2" doraHai="126" who="1" fromWho="2" sc="240,0,250,49,250,-39,250,0" /><INIT seed="1,0,0,3,0,126" ten="240,299,211,250" oya="1" hai0="79,3,33,86,34,75,133,103,105,110,44,53,102" hai1="124,35,48,95,49,59,29,37,132,112,72,17,83" hai2="84,30,94,36,38,122,71,69,55,16,106,56,121" hai3="128,27,115,66,100,99,85,127,109,108,50,80,26"/><U39/><E112/><V28/><F106/><W51/><G51/><T77/><D75/><U2/><E2/><V134/><F134/><W82/><G82/><T21/><D3/><U19/><E132/><V131/><F131/><W25/><G25/><T57/><D133/><U9/><E124/><V13/><F69/><W32/><G32/><T8/><D34/><U91/><E48/><N who="2" m="30823" /><F71/><W130/><G130/><T61/><D33/><U93/><E93/><V11/><F38/><W113/><G113/><T107/><D107/><U88/><E35/><V15/><F36/><W22/><G22/><T87/><D110/><U10/><E29/><V31/><F121/><W24/><G24/><T43/><D105/><U4/><E72/><V96/><F84/><N who="0" m="32298" /><D21/><U123/><E83/><V81/><F81/><W97/><G97/><T89/><D89/><N who="1" m="34379" /><E123/><V119/><F119/><W62/><G62/><T58/><D8/><N who="1" m="3179" /><E95/><V118/><F118/><W101/><G101/><T68/><D68/><U129/><E129/><V23/><F122/><W120/><G120/><T52/><D103/><U63/><E49/><V40/><F31/><W114/><G114/><T20/><D102/><U47/><E47/><V42/><F30/><W46/><G46/><T65/><D44/><U98/><E98/><V54/><F28/><W74/><G74/><T6/><D20/><UN n3="%E3%83%88%E3%83%88%E3%83%AA%E5%85%88%E7%94%9F%31%39%E6%AD%B3" /><U104/><E104/><V7/><F54/><W135/><G135/><T70/><D53/><N who="1" m="34287" /><E4/><V76/><F76/><N who="0" m="29258" /><D6/><U64/><E64/><V73/><F73/><W60/><G128/><T116/><D116/><U14/><E19/><N who="2" m="10751" /><F7/><W41/><G80/><RYUUKYOKU ba="0,0" sc="240,-15,299,15,211,15,250,-15" hai1="14,17,37,39" hai2="11,13,16,40,42,94,96" /><INIT seed="1,1,0,4,0,49" ten="225,314,226,235" oya="1" hai0="98,111,30,69,12,85,3,32,46,15,27,16,24" hai1="81,88,65,77,26,6,19,59,73,48,51,29,80" hai2="14,82,115,97,0,71,96,68,4,13,43,54,36" hai3="120,37,44,76,67,84,114,134,117,20,47,124,79"/><U2/><E19/><V10/><F115/><W128/><G114/><T94/><D69/><U130/><E130/><V70/><F82/><W87/><G120/><T135/><D3/><U63/><E6/><V31/><F31/><W21/><G128/><T38/><D111/><U107/><E2/><V92/><F97/><W116/><G67/><T42/><D135/><U1/><E1/><V102/><F36/><W34/><G37/><T121/><D121/><U22/><REACH who="1" step="1"/><E107/><REACH who="1" ten="225,304,226,235" step="2"/><V109/><F109/><W57/><G117/><T104/><D104/><U55/><E55/><V95/><F43/><W40/><G40/><T74/><D16/><U52/><E52/><V60/><F54/><W90/><G116/><T58/><D30/><U45/><E45/><V129/><F129/><W112/><G44/><T7/><D46/><U18/><E18/><V39/><F0/><W5/><G47/><T119/><D42/><U9/><E9/><V23/><F4/><W123/><G5/><T83/><D119/><U110/><E110/><V72/><F10/><W103/><G112/><T89/><D38/><U75/><E75/><V122/><F72/><W86/><G123/><T8/><D74/><U41/><E41/><V99/><F122/><W66/><G66/><T100/><D7/><U132/><E132/><V101/><F39/><W105/><G134/><T56/><D8/><U28/><E28/><V113/><F113/><W78/><G105/><T93/><D58/><U64/><E64/><N who="2" m="40967" /><F14/><W127/><G57/><T133/><D56/><U91/><E91/><V62/><F62/><W106/><G106/><RYUUKYOKU ba="1,1" sc="225,-15,304,15,226,15,235,-15" hai1="22,26,29,48,51,59,63,65,73,77,80,81,88" hai2="13,23,70,71,92,95,96,99,101,102" /><INIT seed="1,2,1,1,2,94" ten="210,319,241,220" oya="1" hai0="47,100,27,92,68,43,133,26,29,86,15,113,59" hai1="64,135,16,114,23,85,3,37,10,120,84,105,70" hai2="46,118,116,54,51,69,9,34,30,31,89,17,32" hai3="35,103,13,50,2,71,25,130,90,19,12,11,109"/><U1/><E120/><V93/><F69/><W62/><G2/><T87/><D113/><U24/><E114/><V96/><F34/><W127/><G109/><T134/><D68/><U83/><E37/><V60/><F32/><W117/><G130/><T42/><D15/><U119/><E119/><V131/><F131/><W22/><G127/><T121/><D121/><U79/><E105/><V74/><F74/><W77/><G117/><T78/><D59/><U18/><E135/><N who="0" m="51721" /><D78/><U41/><E41/><N who="0" m="15369" /><D47/><U0/><E70/><V52/><F118/><W129/><G129/><T99/><D27/><U111/><E64/><V80/><F80/><W58/><G77/><T65/><D65/><U63/><E63/><V66/><F116/><W14/><G50/><T81/><D81/><U28/><E10/><V38/><F38/><W124/><G124/><T97/><D99/><U39/><E39/><V45/><F66/><N who="3" m="39255" /><G71/><T122/><D122/><U53/><E111/><V95/><F60/><W106/><G11/><T98/><D98/><U5/><E5/><V56/><F46/><W91/><G35/><AGARI ba="2,1" hai="26,29,35,86,87,92,97,100" m="15369,51721" machi="35" ten="30,2000,0" yaku="20,1,52,1" doraHai="94" who="0" fromWho="3" sc="210,36,319,0,241,0,220,-26" /><INIT seed="2,0,0,4,2,28" ten="246,319,241,194" oya="2" hai0="120,36,30,15,108,135,32,95,80,110,47,87,46" hai1="71,22,75,49,2,64,118,113,50,77,84,33,39" hai2="129,6,114,88,19,70,5,60,18,34,117,55,24" hai3="79,21,43,130,105,14,104,9,54,37,96,3,58"/><V68/><F117/><W102/><G130/><T128/><D120/><U67/><E113/><V94/><F114/><W125/><G125/><T62/><D128/><U23/><E84/><V82/><F129/><W132/><G132/><T63/><D135/><U106/><E106/><V20/><F34/><W121/><G121/><T65/><D15/><U93/><E93/><V72/><F70/><W116/><G116/><T76/><D95/><U45/><E33/><V35/><F35/><W83/><G3/><T42/><D47/><U99/><E99/><N who="2" m="57799" /><F72/><W97/><G21/><T44/><D44/><U40/><E118/><V81/><F68/><W17/><G43/><T115/><D115/><U8/><E71/><V134/><F19/><W107/><G37/><T1/><D1/><U111/><E64/><V56/><F134/><W98/><G83/><AGARI ba="0,0" hai="5,6,18,20,24,55,56,60,81,82,83" m="57799" machi="83" ten="30,5800,0" yaku="25,1,8,1,54,1" doraHai="28" who="2" fromWho="3" sc="246,0,319,0,241,58,194,-58" /><INIT seed="2,1,0,4,3,98" ten="246,319,299,136" oya="2" hai0="99,32,135,27,60,110,125,73,108,56,76,83,107" hai1="7,87,86,59,105,43,64,44,57,71,111,67,63" hai2="34,30,97,134,112,45,122,78,101,91,121,84,0" hai3="90,4,33,119,26,88,10,109,95,5,80,120,89"/><V61/><F0/><W82/><G119/><T117/><D117/><U100/><E111/><N who="0" m="42537" /><D125/><U52/><E67/><V123/><F112/><W23/><G120/><T94/><D135/><U22/><E7/><V9/><F134/><W41/><G33/><T17/><D107/><U35/><E59/><V36/><F78/><W15/><G109/><T81/><D81/><U3/><E3/><V77/><F77/><W114/><G114/><T133/><D133/><U106/><E22/><V38/><F9/><W62/><G5/><T55/><D17/><U70/><E70/><V8/><F8/><W118/><G118/><T66/><D27/><U126/><E106/><V116/><F116/><W103/><G41/><T28/><D28/><U37/><E35/><V102/><F61/><W18/><REACH who="3" step="1"/><G62/><REACH who="3" ten="246,319,299,126" step="2"/><N who="0" m="36127" /><D32/><U12/><E126/><V31/><F34/><W42/><G42/><T46/><D60/><U19/><E64/><V50/><F123/><W129/><G129/><T69/><D66/><U65/><E65/><V25/><F121/><W132/><G132/><T20/><D69/><U72/><E71/><V58/><F122/><W96/><AGARI ba="1,1" hai="4,10,15,18,23,26,80,82,88,89,90,95,96,103" machi="96" ten="30,8000,1" yaku="1,1,0,1,8,1,52,1,54,1,53,0" doraHai="98" doraHaiUra="124" who="3" fromWho="3" sc="246,-21,319,-21,299,-41,126,93" /><INIT seed="3,0,0,4,3,101" ten="225,298,258,219" oya="3" hai0="87,48,112,104,4,51,42,73,26,13,36,129,57" hai1="5,107,11,34,77,28,62,71,53,118,130,108,117" hai2="54,30,90,126,1,80,21,45,84,6,122,29,100" hai3="74,19,65,27,39,15,69,66,88,110,121,10,131"/><W22/><G121/><T82/><D73/><U25/><E108/><V32/><F32/><W24/><G39/><T93/><D104/><U94/><E107/><V123/><F126/><W41/><G74/><T81/><D112/><U119/><E130/><V47/><F100/><W2/><G131/><T103/><D129/><U67/><E77/><V83/><F83/><W50/><G110/><T49/><D36/><U52/><E94/><V86/><F86/><W58/><G69/><T79/><D82/><U68/><E71/><V97/><F97/><W40/><G2/><AGARI ba="0,0" hai="2,5,11,25,28,34,52,53,62,67,68,117,118,119" machi="2" ten="40,2600,0" yaku="12,1,54,1" doraHai="101" who="1" fromWho="3" sc="225,0,298,26,258,0,219,-26" owari="225,-17.0,324,42.0,258,6.0,193,-31.0" /></mjloggm>