<mjloggm ver="2.3"><GO type="41" lobby="0"/><UN n0="%4B%61%73%75%6D%69%2E%54" n1="%6D%65%7A%61%73%68%69%6F" n2="%E5%B0%B1%E6%B4%BB%E7%94%9F%40%E5%B7%9D%E6%9D%91%E8%BB%8D%E5%9B%A3" n3="%E9%A2%A8%E6%9D%A5%E3%81%AE%E5%81%A5" dan="14,13,15,15" rate="1860.66,1811.45,2014.83,2020.36" sx="M,M,M,M"/><TAIKYOKU oya="0"/><INIT seed="0,0,0,4,3,87" ten="250,250,250,250" oya="0" hai0="94,5,131,65,101,83,122,53,14,81,102,130,42" hai1="121,44,88,75,18,54,61,8,20,60,116,51,9" hai2="99,74,125,72,115,62,32,49,135,27,0,76,67" hai3="13,31,12,47,100,33,70,57,126,29,78,43,85"/><T123/><D65/><U95/><E75/><V28/><F115/><W25/><G70/><T104/><D42/><U120/><E116/><V41/><F125/><W58/><G100/><T66/><D66/><U114/><E114/><V96/><F135/><W55/><G126/><T106/><D53/><U117/><E117/><V77/><F0/><W112/><G112/><T133/><D14/><N who="1" m="9303" /><E120/><V113/><F113/><W23/><G31/><T71/><D5/><U89/><E95/><V63/><F74/><W84/><G33/><T86/><D71/><U69/><E69/><V129/><F129/><W92/><G58/><T26/><D26/><U105/><E105/><V7/><F7/><W22/><G47/><T56/><D56/><U16/><E121/><V35/><F35/><W38/><G38/><T80/><D94/><U128/><E128/><N who="0" m="49193" /><D86/><U68/><E68/><V1/><F1/><W111/><G43/><T21/><D21/><U34/><E34/><V50/><F72/><W82/><G23/><T24/><D24/><U79/><E79/><V93/><F41/><W98/><G85/><T2/><D2/><U118/><E118/><V17/><F93/><W134/><G134/><T48/><D48/><U10/><E16/><V37/><F17/><W36/><G36/><T97/><D133/><U124/><E124/><V119/><F37/><W15/><G15/><T90/><D90/><AGARI ba="0,0" hai="8,9,10,44,51,54,60,61,88,89,90" m="9303" machi="90" ten="30,8000,1" yaku="8,1,52,3,54,1" doraHai="87" who="1" fromWho="0" sc="250,-80,250,80,250,0,250,0" /><INIT seed="1,0,0,0,3,89" ten="170,330,250,250" oya="1" hai0="122,23,49,106,55,38,130,134,64,11,109,44,32" hai1="128,18,0,9,39,118,35,53,21,54,131,59,97" hai2="12,116,42,133,58,15,14,45,47,40,107,24,75" hai3="27,37,126,60,13,101,4,86,104,95,51,57,48"/><U124/><E35/><V50/><F116/><W91/><G37/><T81/><D64/><U110/><E118/><V108/><F107/><W94/><G104/><T33/><D11/><U78/><E39/><V99/><F75/><W114/><G114/><T3/><D23/><U36/><E36/><V19/><F133/><W62/><G126/><T132/><D55/><U26/><E124/><V68/><F68/><W61/><G27/><T85/><D49/><N who="3" m="19017" /><G13/><T67/><D44/><U63/><E78/><V115/><F115/><W41/><G41/><N who="2" m="15977" /><F108/><W70/><G70/><T10/><D67/><U29/><E110/><V82/><F82/><W28/><G28/><T105/><D10/><U31/><E53/><N who="2" m="32055" /><F99/><N who="3" m="59647" /><G4/><T103/><D85/><U65/><E65/><AGARI ba="0,0" hai="57,60,61,62,65,86,91,94" m="59647,19017" machi="65" ten="30,3900,0" yaku="8,1,52,2" doraHai="89" who="3" fromWho="1" sc="170,0,330,-39,250,0,250,39" /><INIT seed="2,0,0,3,0,24" ten="170,291,250,289" oya="2" hai0="6,21,11,47,103,27,84,73,95,15,117,93,58" hai1="96,94,118,18,36,120,34,127,128,123,112,80,1" hai2="32,129,92,44,59,108,79,39,25,77,3,64,119" hai3="85,98,115,67,30,72,134,63,16,78,62,45,23"/><V110/><F119/><W54/><G72/><T52/><D73/><U125/><E118/><V109/><F3/><W71/><G134/><T126/><D126/><N who="1" m="48139" /><E36/><V22/><F32/><W51/><G115/><T107/><D47/><U9/><E80/><V91/><F129/><W49/><G98/><T14/><D117/><U87/><E87/><V55/><F64/><W35/><G71/><T88/><D107/><U26/><E94/><V4/><F4/><W66/><G78/><T133/><D133/><U60/><E60/><N who="3" m="23082" /><G85/><T111/><D111/><U57/><E57/><V10/><F59/><N who="3" m="33231" /><G35/><T70/><D70/><U38/><E96/><N who="2" m="57375" /><F10/><W41/><G30/><N who="0" m="17775" /><D103/><U29/><E38/><V102/><F102/><W28/><G28/><T97/><D14/><AGARI ba="0,0" hai="14,16,23,41,45,51,66,67" m="33231,23082" machi="14" ten="30,2000,0" yaku="8,1,54,1" doraHai="24" who="3" fromWho="0" sc="170,-20,291,0,250,0,289,20" /><INIT seed="3,0,0,4,0,47" ten="150,291,250,309" oya="3" hai0="55,64,73,35,61,29,78,22,3,72,126,45,70" hai1="4,52,69,93,108,36,97,8,96,53,120,110,111" hai2="37,16,42,135,71,75,28,60,46,74,88,11,44" hai3="57,118,54,112,10,18,123,27,92,31,122,66,106"/><W77/><G106/><T33/><D22/><U99/><E36/><V105/><F135/><W131/><G118/><T6/><D55/><N who="1" m="21067" /><E69/><V34/><F105/><W129/><G112/><T125/><D45/><U38/><E38/><V41/><F34/><W51/><G77/><T63/><D61/><U86/><E120/><V109/><F28/><W58/><G92/><T124/><D29/><U132/><E86/><V115/><F115/><W119/><G119/><T128/><D128/><N who="3" m="49225" /><G10/><T50/><D50/><U117/><E117/><V90/><F109/><W1/><G1/><T127/><N who="0" m="32256" /><DORA hai="19" /><T65/><D65/><U5/><E132/><V98/><F37/><W15/><G15/><T121/><D121/><N who="3" m="46089" /><G18/><T130/><D130/><U83/><E83/><V17/><F11/><W7/><G7/><N who="1" m="2634" /><E8/><V79/><F79/><W68/><G68/><T59/><D59/><U24/><E24/><V91/><F71/><W20/><G58/><T21/><D21/><U48/><E48/><V2/><F2/><W26/><G26/><T114/><D114/><U81/><E81/><V102/><F90/><AGARI ba="0,0" hai="90,93,96,97,99,108,110,111" m="2634,21067" machi="90" ten="40,2600,0" yaku="14,1,54,1" doraHai="47,19" who="1" fromWho="2" sc="150,0,291,26,250,-26,309,0" /><INIT seed="4,0,0,4,1,71" ten="150,317,224,309" oya="0" hai0="101,42,112,38,113,52,69,37,82,124,70,77,58" hai1="24,128,39,33,92,55,11,14,76,28,20,89,85" hai2="117,84,126,121,78,115,97,91,94,80,114,107,96" hai3="62,15,48,5,26,0,45,72,16,57,6,7,102"/><T68/><D101/><U27/><E39/><N who="0" m="14857" /><D42/><U23/><E128/><V8/><F8/><W87/><G72/><T56/><D124/><U111/><E111/><V103/><F121/><W104/><G104/><T18/><D18/><U47/><E76/><V65/><F65/><W98/><G102/><T109/><D109/><U110/><E110/><V25/><F25/><W122/><G122/><T53/><D77/><U95/><E33/><V41/><F41/><W21/><G98/><T29/><D82/><U125/><E125/><V93/><F126/><W73/><G73/><T19/><D19/><U44/><E55/><N who="0" m="21065" /><D29/><N who="1" m="17543" /><E95/><V119/><REACH who="2" step="1"/><F107/><REACH who="2" ten="150,317,214,309" step="2"/><W49/><G45/><T74/><D74/><U108/><E108/><V86/><F86/><W40/><G40/><T100/><D100/><U116/><E116/><AGARI ba="0,1" hai="78,80,84,91,93,94,96,97,103,114,115,116,117,119" machi="116" ten="40,8000,1" yaku="1,1,12,1,34,3,53,0" doraHai="71" doraHaiUra="123" who="2" fromWho="1" sc="150,0,317,-80,214,90,309,0" /><INIT seed="5,0,0,1,5,91" ten="150,237,304,309" oya="1" hai0="42,6,100,10,133,18,76,8,47,9,82,50,132" hai1="75,120,5,34,66,88,45,52,113,0,123,30,124" hai2="41,2,28,23,93,27,106,58,11,95,130,77,38" hai3="84,31,40,24,26,37,54,13,79,85,72,92,87"/><U112/><E75/><V114/><F106/><W67/><G67/><T78/><D100/><U68/><E124/><V97/><F130/><W21/><G37/><T20/><D78/><U33/><E66/><V103/><F114/><N who="1" m="44137" /><E68/><V46/><F77/><W7/><G40/><T109/><D109/><U61/><E5/><V121/><F121/><N who="1" m="46665" /><E0/><V64/><F2/><W69/><G69/><T59/><D59/><N who="1" m="35047" /><E45/><V102/><F11/><W80/><G54/><T117/><D117/><U17/><E17/><V36/><F36/><W126/><G126/><T32/><D32/><U22/><E88/><V90/><F64/><W53/><G53/><T62/><D62/><U101/><E101/><V104/><F58/><W74/><G74/><T122/><D122/><U44/><E44/><V118/><F118/><W71/><G71/><T116/><D116/><U107/><E107/><V105/><F90/><W29/><G72/><T65/><D65/><U3/><E3/><V127/><F127/><W51/><G51/><T119/><D119/><U56/><E56/><V108/><F108/><W86/><G86/><N who="0" m="48455" /><D8/><U35/><E22/><V15/><F15/><W1/><G1/><T98/><D10/><U12/><E12/><V25/><F25/><AGARI ba="0,0" hai="25,30,33,34,35" m="35047,46665,44137" machi="25" ten="30,2900,0" yaku="15,1,54,1" doraHai="91" who="1" fromWho="2" sc="150,0,237,29,304,-29,309,0" /><INIT seed="5,1,0,2,5,111" ten="150,266,275,309" oya="1" hai0="34,115,120,89,46,5,88,57,106,85,70,31,78" hai1="51,102,42,8,48,4,22,117,123,39,63,50,77" hai2="64,125,2,110,92,32,93,7,72,87,69,112,116" hai3="15,135,84,121,27,124,49,113,12,73,81,103,40"/><U109/><E117/><V6/><F110/><W16/><G73/><T118/><D106/><U21/><E123/><V122/><F32/><W11/><G121/><T76/><D118/><U65/><E109/><V131/><F116/><W36/><G36/><T101/><D101/><U68/><E102/><V19/><F72/><W62/><G135/><T130/><D120/><U132/><E132/><V126/><F122/><W98/><G124/><N who="2" m="47721" /><F131/><W133/><G133/><T44/><D70/><U61/><E77/><V26/><F2/><W114/><G62/><T79/><D130/><U128/><E128/><V20/><F112/><N who="3" m="43115" /><G49/><T59/><D115/><U127/><E127/><V13/><F87/><W30/><G40/><T54/><D34/><U45/><REACH who="1" step="1"/><E63/><REACH who="1" ten="150,256,275,309" step="2"/><N who="2" m="40095" /><F6/><W104/><G11/><AGARI ba="1,1" hai="7,11,13,19,20,26,92,93" m="40095,47721" machi="11" ten="30,1000,0" yaku="18,1" doraHai="111" who="2" fromWho="3" sc="150,0,256,0,275,23,309,-13" /><INIT seed="6,0,0,2,4,51" ten="150,256,298,296" oya="2" hai0="134,78,69,97,72,104,12,42,65,39,48,123,10" hai1="47,11,120,19,32,31,96,89,106,101,2,35,3" hai2="75,131,56,84,118,67,22,55,1,82,8,58,121" hai3="119,15,127,93,23,125,86,130,28,59,41,29,37"/><V76/><F118/><W110/><G119/><T52/><D123/><U115/><E120/><V135/><F121/><W18/><G110/><T113/><D134/><U6/><E115/><V102/><F135/><W133/><G133/><T0/><D0/><U9/><E31/><V90/><F131/><W21/><G130/><T99/><D104/><U70/><E70/><V117/><F117/><W38/><G41/><T17/><D113/><U63/><E63/><V36/><F36/><N who="3" m="13931" /><G86/><T71/><D71/><U16/><E35/><V33/><F33/><W68/><G68/><T100/><D100/><U77/><E77/><V91/><F102/><W64/><G93/><T61/><D78/><U20/><E32/><V112/><F112/><W57/><G64/><T44/><REACH who="0" step="1"/><D72/><REACH who="0" ten="140,256,298,296" step="2"/><U30/><E2/><V126/><F76/><W53/><G29/><T27/><D27/><N who="1" m="16743" /><E3/><V111/><F75/><W124/><G28/><T7/><D7/><U13/><E6/><V94/><F1/><W66/><G66/><T43/><D43/><U107/><E101/><V34/><F126/><W95/><G95/><T40/><D40/><U49/><E106/><V54/><F67/><W26/><G26/><T116/><D116/><U46/><E107/><V108/><F34/><W45/><G23/><T62/><D62/><U4/><E4/><V122/><F22/><W74/><G74/><T129/><D129/><U87/><E9/><V109/><F8/><W60/><G60/><T85/><D85/><U25/><E11/><V128/><F128/><W114/><G114/><T98/><D98/><U88/><E87/><RYUUKYOKU ba="0,1" sc="140,15,256,-15,298,-15,296,15" hai0="10,12,17,39,42,44,48,52,61,65,69,97,99" hai3="15,18,21,45,53,57,59,124,125,127" /><INIT seed="7,1,1,5,4,109" ten="155,241,283,311" oya="3" hai0="135,121,117,20,118,92,126,125,33,64,127,62,96" hai1="104,26,68,84,133,31,22,102,114,28,13,3,6" hai2="73,83,87,72,111,103,131,74,17,21,115,0,57" hai3="58,105,132,91,32,38,122,39,79,4,41,43,65"/><W12/><G32/><T8/><D33/><U44/><E114/><V100/><F111/><W67/><G105/><T7/><D20/><U11/><E31/><V108/><F108/><W46/><G122/><T119/><D121/><U116/><E68/><V18/><F0/><W66/><G79/><T5/><D8/><U89/><E133/><V54/><F115/><W59/><G91/><T53/><D53/><U24/><E24/><V82/><F131/><W16/><G4/><T14/><D14/><U9/><E102/><V101/><F87/><W71/><G71/><N who="0" m="42391" /><D135/><U27/><E104/><V76/><F76/><W56/><G132/><T15/><D15/><U29/><E44/><V19/><F21/><W85/><G85/><T93/><D93/><U107/><E107/><V86/><F86/><W25/><G25/><T128/><D128/><U75/><E75/><V42/><F42/><W37/><G46/><T77/><D77/><U48/><E48/><AGARI ba="1,1" hai="17,18,19,48,54,57,72,73,74,82,83,100,101,103" machi="48" ten="50,3200,0" yaku="29,2" doraHai="109" who="2" fromWho="1" sc="155,0,241,-35,283,45,311,0" owari="155,-34.0,206,-19.0,328,42.0,311,11.0" /></mjloggm>