<mjloggm ver="2.3"><GO type="169" lobby="0"/><UN n0="%E3%82%A6%E3%83%AB%E3%83%88%E3%83%A9%E7%AB%8B%E7%9B%B4" n1="%72%75%6C%79%30%32%30%38" n2="%E3%81%8D%E3%81%8F%E3%81%A6%E3%81%83%E3%81%99%E2%98%86" n3="%E8%8D%89%E5%8E%9F%E3%81%AE%E6%B6%BC%E9%A2%A8" dan="17,16,18,16" rate="2149.23,2055.66,2286.16,2046.92" sx="M,M,F,F"/><TAIKYOKU oya="0"/><INIT seed="0,0,0,4,3,77" ten="250,250,250,250" oya="0" hai0="29,132,64,25,36,26,83,57,58,107,46,92,45" hai1="48,5,13,47,122,35,28,95,54,99,109,68,34" hai2="22,51,93,30,16,94,39,24,14,120,21,12,66" hai3="104,123,101,121,129,31,70,55,44,86,69,110,15"/><T75/><D107/><U102/><E122/><N who="3" m="46602" /><G110/><T97/><D132/><U127/><E68/><V19/><F39/><W82/><G129/><T7/><D7/><U111/><E127/><V49/><F120/><W96/><G31/><T23/><D36/><U8/><REACH who="1" step="1"/><E28/><REACH who="1" ten="250,240,250,250" step="2"/><V74/><F30/><W126/><G126/><T87/><D26/><U108/><AGARI ba="0,1" hai="5,8,13,34,35,47,48,54,95,99,102,108,109,111" machi="108" ten="30,7900,0" yaku="1,1,2,1,0,1,14,1,53,0" doraHai="77" doraHaiUra="18" who="1" fromWho="1" sc="250,-39,240,89,250,-20,250,-20" /><INIT seed="1,0,0,5,0,5" ten="211,329,230,230" oya="1" hai0="67,108,61,115,33,37,96,34,30,120,49,52,118" hai1="79,35,48,26,90,38,130,111,73,135,92,19,18" hai2="11,62,132,15,24,20,75,91,53,57,110,117,98" hai3="97,44,39,74,89,16,46,36,42,86,13,76,69"/><U122/><E38/><V80/><F117/><W8/><G69/><N who="0" m="42223" /><D30/><U71/><E71/><V105/><F110/><W4/><G74/><T6/><D6/><U82/><E122/><V25/><F132/><W27/><G76/><T64/><D96/><U28/><E135/><V114/><F114/><W84/><G97/><T116/><D64/><U123/><E123/><V41/><F75/><W21/><REACH who="3" step="1"/><G89/><REACH who="3" ten="211,329,230,220" step="2"/><T32/><D115/><U77/><E77/><V66/><F98/><W40/><AGARI ba="0,1" hai="4,8,13,16,21,27,36,39,40,42,44,46,84,86" machi="40" ten="30,12000,2" yaku="1,1,2,1,0,1,9,1,52,1,54,1,53,0" doraHai="5" doraHaiUra="60" who="3" fromWho="3" sc="211,-30,329,-60,230,-30,220,130" /><INIT seed="2,0,0,0,2,116" ten="181,269,200,350" oya="2" hai0="119,22,26,0,88,31,24,98,117,81,68,101,71" hai1="67,8,35,103,42,83,130,14,85,125,64,25,62" hai2="19,104,120,60,99,37,102,21,66,132,18,92,121" hai3="43,134,96,97,54,41,61,73,112,44,38,79,48"/><V108/><F37/><W69/><G112/><T106/><D0/><U124/><E130/><V105/><F132/><W86/><G73/><T122/><D122/><U20/><E103/><V46/><F108/><W127/><G127/><N who="1" m="48714" /><E35/><V135/><F135/><W33/><G33/><T77/><D26/><U11/><E42/><V2/><F2/><W58/><G41/><T110/><D110/><U133/><E133/><V115/><F115/><W72/><G72/><T40/><D40/><U3/><E3/><V80/><F46/><W70/><G134/><T90/><D77/><N who="1" m="46319" /><E14/><V128/><F80/><N who="3" m="47391" /><G70/><T9/><D9/><N who="1" m="3659" /><E62/><V87/><F128/><W63/><G63/><T118/><REACH who="0" step="1"/><D81/><REACH who="0" ten="171,269,200,350" step="2"/><U10/><E10/><V29/><F29/><AGARI ba="0,1" hai="20,25,29,64,67" m="3659,46319,48714" machi="29" ten="30,1000,0" yaku="18,1" doraHai="116" who="1" fromWho="2" sc="171,0,269,20,200,-10,350,0" /><INIT seed="3,0,0,5,0,88" ten="171,289,190,350" oya="3" hai0="14,104,121,75,106,93,43,120,103,67,70,125,18" hai1="24,6,51,12,78,15,118,119,32,115,9,2,129" hai2="56,26,124,101,46,74,54,28,42,89,21,96,59" hai3="100,73,81,16,48,98,25,40,52,68,63,11,128"/><W36/><G128/><T53/><D75/><U80/><E115/><V57/><F74/><W79/><G36/><T65/><D43/><U94/><E129/><V112/><F112/><W126/><G126/><T38/><D38/><U61/><E61/><V29/><F124/><W108/><G108/><T50/><D125/><U4/><E51/><V86/><F29/><W76/><G76/><T30/><D106/><U47/><E47/><V127/><F127/><W135/><G135/><T102/><D104/><U111/><E111/><V109/><F109/><W66/><G40/><T92/><D30/><N who="1" m="19527" /><E94/><N who="0" m="36457" /><D70/><U91/><E91/><V13/><F13/><W113/><G113/><T133/><D133/><U60/><E60/><V77/><F77/><W17/><G11/><N who="0" m="6495" /><D121/><U23/><E2/><V41/><F101/><N who="0" m="38410" /><D120/><U44/><E119/><V116/><F116/><W132/><G132/><T5/><D5/><U64/><E4/><V7/><F7/><W107/><REACH who="3" step="1"/><G25/><REACH who="3" ten="171,289,190,340" step="2"/><T122/><D122/><U105/><E118/><V134/><F134/><W20/><G20/><T33/><D33/><U99/><E23/><V39/><F42/><W85/><G85/><T19/><D19/><U10/><E6/><V72/><F72/><W3/><G3/><T49/><D49/><U82/><E9/><V71/><F86/><W0/><G0/><T27/><D27/><U1/><E10/><V130/><F26/><W58/><AGARI ba="0,1" hai="16,17,48,52,58,63,66,68,73,79,81,98,100,107" machi="58" ten="20,12000,1" yaku="1,1,0,1,7,1,54,2,53,0" doraHai="88" doraHaiUra="83" who="3" fromWho="3" sc="171,-40,289,-40,190,-40,340,130" /><INIT seed="3,1,0,0,0,127" ten="131,249,150,470" oya="3" hai0="21,79,39,28,78,41,4,68,123,48,74,69,54" hai1="40,49,131,105,119,134,16,46,71,51,107,59,83" hai2="91,121,6,104,111,113,77,90,110,81,56,93,126" hai3="30,58,120,112,61,13,32,25,96,19,132,1,0"/><W124/><G124/><T87/><D123/><U103/><E71/><V76/><F6/><W75/><G120/><T31/><D74/><U44/><E119/><V133/><F126/><W92/><G112/><T130/><D4/><U20/><E103/><V84/><F56/><W99/><G75/><T3/><D3/><U118/><E118/><V37/><F37/><W85/><G85/><T22/><D41/><U42/><E134/><V18/><F18/><W115/><G115/><T106/><D106/><U101/><E101/><V47/><F47/><W100/><G99/><T122/><D48/><U82/><E59/><V95/><F121/><W52/><REACH who="3" step="1"/><G132/><REACH who="3" ten="131,249,150,460" step="2"/><T55/><D122/><U15/><E131/><V8/><F113/><W109/><G109/><T5/><D87/><U108/><E108/><V12/><F133/><W94/><G94/><T26/><D130/><U98/><E98/><V43/><F104/><AGARI ba="1,1" hai="15,16,20,40,42,44,46,49,51,82,83,104,105,107" machi="104" ten="40,2600,0" yaku="9,1,54,1" doraHai="127" who="1" fromWho="2" sc="131,0,249,39,150,-29,460,0" /><INIT seed="4,0,0,4,0,125" ten="131,288,121,460" oya="0" hai0="68,117,122,95,30,1,64,74,57,31,19,119,67" hai1="28,63,113,102,100,92,70,80,51,39,49,133,41" hai2="101,85,126,104,132,22,40,116,69,15,2,37,134" hai3="82,5,9,123,44,76,131,50,47,109,27,11,65"/><T24/><D122/><U103/><E39/><V53/><F2/><W90/><G123/><T43/><D74/><U129/><E41/><V99/><F126/><W73/><G109/><T98/><D1/><U81/><E63/><V83/><F69/><W56/><G131/><T108/><D68/><U89/><E129/><V20/><F116/><W36/><G36/><T0/><D0/><U128/><E28/><N who="0" m="10793" /><D117/><U12/><E70/><V35/><F35/><W25/><G90/><N who="0" m="55671" /><D119/><U75/><E75/><V110/><F110/><W59/><G9/><T16/><D108/><U48/><E128/><V23/><F15/><W106/><G106/><T4/><D4/><U26/><E12/><V105/><F105/><W61/><G11/><T94/><D43/><U42/><E42/><V17/><F17/><N who="0" m="6730" /><D24/><U111/><E26/><V79/><REACH who="2" step="1"/><F53/><REACH who="2" ten="131,288,111,460" step="2"/><N who="3" m="31799" /><G25/><T8/><D8/><U115/><E111/><V87/><F87/><N who="3" m="48583" /><G27/><T3/><D3/><U45/><E115/><V78/><F78/><W88/><G73/><T33/><D33/><U112/><E113/><V114/><F114/><W6/><G5/><T107/><D107/><U84/><E112/><V52/><F52/><W71/><G6/><T124/><D124/><U7/><E7/><V118/><F118/><W54/><G71/><T34/><D34/><U127/><E127/><V32/><F32/><W60/><G54/><T135/><D64/><U86/><E86/><V10/><F10/><W97/><G61/><N who="0" m="38319" /><D135/><U66/><E133/><V18/><F18/><W130/><G130/><T38/><D38/><U13/><E66/><V62/><F62/><RYUUKYOKU ba="0,1" sc="131,10,288,-30,111,10,460,10" hai0="94" hai2="20,22,23,37,40,79,83,85,99,101,104,132,134" hai3="44,47,59,60,65,88,97" /><INIT seed="4,1,1,5,5,13" ten="141,258,121,470" oya="0" hai0="3,113,18,45,9,94,124,50,121,5,132,59,78" hai1="61,80,125,41,88,26,100,99,32,73,77,15,47" hai2="2,115,57,85,28,12,1,7,108,6,17,24,46" hai3="128,8,27,126,87,38,117,131,89,23,110,112,71"/><T98/><D121/><U35/><E125/><V92/><F108/><W105/><G110/><T72/><D124/><U4/><E26/><V81/><F92/><W119/><G126/><T22/><D113/><U43/><E43/><V25/><F115/><W95/><G112/><T30/><D30/><U90/><E61/><V74/><F74/><W120/><G120/><T39/><D132/><U70/><E70/><V56/><F46/><W84/><G105/><T44/><D39/><U37/><E4/><N who="2" m="1579" /><F85/><W69/><G8/><T65/><D78/><U29/><E29/><V51/><F51/><W79/><G38/><T96/><D72/><U52/><E52/><V58/><F81/><W67/><G84/><T106/><D106/><U75/><E75/><V31/><F58/><W34/><G34/><T82/><D82/><U20/><E35/><N who="2" m="20871" /><F57/><W0/><G79/><T10/><D5/><U55/><E32/><N who="2" m="20591" /><F56/><W133/><G71/><T33/><D45/><U97/><E55/><V62/><F62/><W16/><G69/><T36/><D36/><U91/><E100/><V107/><F107/><W129/><G67/><T104/><D104/><U48/><E48/><V127/><F127/><W21/><G133/><T54/><D44/><U109/><E109/><V111/><F111/><W60/><G60/><T122/><D65/><U114/><E114/><V103/><F103/><W76/><G76/><T11/><D122/><U19/><AGARI ba="1,1" hai="15,19,20,37,41,47,73,77,80,88,90,91,97,99" machi="19" ten="30,4000,0" yaku="0,1,52,1,54,1" doraHai="13" who="1" fromWho="1" sc="141,-21,258,53,121,-11,470,-11" /><INIT seed="5,0,0,1,4,56" ten="120,311,110,459" oya="1" hai0="57,48,29,42,59,13,77,99,1,67,61,31,103" hai1="132,63,15,73,11,135,133,62,65,2,37,50,117" hai2="105,21,72,79,22,108,36,0,80,26,122,123,20" hai3="75,10,95,96,116,98,53,17,45,104,3,4,74"/><U121/><E73/><V28/><F108/><W87/><G116/><T100/><D1/><U66/><E37/><V92/><F0/><W86/><G104/><T23/><D77/><U70/><E117/><V129/><F105/><W60/><G74/><T6/><D100/><U85/><E121/><V16/><F36/><W30/><G75/><T97/><D99/><U131/><E131/><V84/><F129/><W76/><G30/><T47/><D57/><U40/><E2/><V102/><F21/><W109/><G109/><T38/><D38/><U113/><E113/><V35/><F35/><W119/><G119/><T44/><D44/><N who="1" m="25863" /><E85/><V49/><F49/><W25/><G76/><T82/><D82/><U106/><E106/><V58/><F58/><N who="3" m="34895" /><G45/><T68/><D68/><N who="1" m="42039" /><E15/><V101/><F101/><W125/><G98/><T111/><D111/><U126/><E11/><V32/><F32/><W110/><G110/><T24/><D13/><U91/><E91/><V114/><F114/><W14/><G3/><T5/><REACH who="0" step="1"/><D31/><REACH who="0" ten="110,311,110,459" step="2"/><U8/><E126/><V12/><REACH who="2" step="1"/><F84/><REACH who="2" ten="110,311,100,459" step="2"/><W51/><G125/><T134/><D134/><U93/><E135/><V41/><F41/><W54/><G86/><T128/><D128/><U107/><E133/><V9/><F9/><W46/><G87/><T90/><D90/><U18/><E132/><V55/><F55/><W124/><G124/><T127/><D127/><U94/><E107/><AGARI ba="0,2" hai="5,6,23,24,29,42,47,48,59,61,67,97,103,107" machi="107" ten="30,3900,0" yaku="1,1,7,1,52,1,53,0" doraHai="56" doraHaiUra="83" who="0" fromWho="1" sc="110,59,311,-39,100,0,459,0" /><INIT seed="6,0,0,2,4,66" ten="169,272,100,459" oya="2" hai0="86,103,40,101,62,31,77,125,15,120,128,46,99" hai1="67,131,53,76,97,134,121,104,11,4,108,119,37" hai2="113,39,17,114,80,112,49,111,55,79,24,126,30" hai3="123,133,5,87,73,109,124,59,95,117,127,105,110"/><V0/><F39/><W36/><G36/><T96/><D120/><U35/><E53/><V83/><F0/><W26/><G123/><T27/><D125/><N who="3" m="48201" /><G117/><T93/><D128/><U85/><E35/><V54/><F126/><W41/><G133/><T44/><D15/><U129/><E104/><V71/><F111/><W28/><G105/><T75/><D75/><U118/><E37/><V84/><F17/><W78/><G73/><T88/><D77/><U2/><E67/><V29/><F83/><N who="3" m="47607" /><G41/><T12/><D12/><U69/><E118/><V23/><F30/><W18/><G5/><T13/><D13/><U34/><E4/><V106/><F106/><W130/><G18/><T22/><D62/><U48/><E119/><V60/><REACH who="2" step="1"/><F49/><REACH who="2" ten="169,272,90,459" step="2"/><W57/><G130/><T122/><D122/><U89/><E48/><V20/><F20/><N who="3" m="15431" /><G110/><T116/><D116/><U82/><E2/><V45/><F45/><W7/><G109/><T64/><D46/><U32/><E108/><V16/><F16/><W14/><G7/><T6/><D6/><U1/><E1/><V21/><F21/><W19/><G19/><T43/><D44/><U72/><E82/><V68/><F68/><W47/><G47/><T58/><D22/><U98/><E69/><V102/><F102/><W90/><G14/><T25/><D103/><U65/><E131/><V74/><F74/><W42/><G42/><N who="0" m="15915" /><D101/><U56/><E129/><V135/><F135/><W8/><G8/><T52/><D31/><U115/><E134/><V63/><F63/><W107/><G107/><T70/><D70/><U3/><E3/><RYUUKYOKU ba="0,1" sc="169,-15,272,-15,90,15,459,15" hai2="23,24,29,54,55,60,71,79,80,84,112,113,114" hai3="57,59,90,95" /><INIT seed="6,1,1,0,1,74" ten="154,257,105,474" oya="2" hai0="69,87,68,86,116,114,133,62,39,49,97,35,17" hai1="77,12,34,91,132,13,32,118,53,79,111,130,81" hai2="112,2,131,70,95,63,117,99,84,96,38,55,90" hai3="64,25,16,60,125,56,44,28,14,102,20,98,83"/><V31/><F117/><W120/><G120/><T124/><D97/><U46/><E111/><V113/><F2/><W80/><G44/><T71/><D17/><U85/><E118/><V8/><F38/><W105/><G125/><T11/><D11/><AGARI ba="1,1" hai="11,14,16,20,25,28,56,60,64,80,83,98,102,105" machi="11" ten="30,2000,0" yaku="7,1,54,1" doraHai="74" who="3" fromWho="0" sc="154,-23,257,0,105,0,474,33" /><INIT seed="7,0,0,3,3,3" ten="131,257,105,507" oya="3" hai0="70,12,90,78,76,133,15,117,73,96,80,7,62" hai1="126,124,45,10,29,72,65,54,55,111,34,58,120" hai2="103,57,19,44,42,23,97,9,13,51,102,16,94" hai3="108,79,8,27,24,129,25,130,99,2,134,107,74"/><W91/><G108/><T112/><D117/><U37/><E10/><V101/><REACH who="2" step="1"/><F57/><REACH who="2" ten="131,257,95,507" step="2"/><W48/><G134/><T43/><D133/><U61/><E58/><V21/><F21/><W87/><G48/><T18/><D112/><U11/><E111/><V93/><F93/><W86/><G74/><T5/><D70/><U14/><E72/><V30/><F30/><W35/><G79/><N who="0" m="30251" /><D73/><U39/><E29/><V71/><F71/><W123/><G35/><T100/><D62/><U106/><E34/><V110/><F110/><W33/><G33/><T88/><D43/><U98/><E61/><V22/><F22/><W20/><G20/><N who="0" m="11335" /><D15/><AGARI ba="0,1" hai="9,13,15,16,19,23,42,44,51,94,97,101,102,103" machi="15" ten="30,8000,1" yaku="21,2,7,1,8,1,54,1,53,0" doraHai="3" doraHaiUra="67" who="2" fromWho="0" sc="131,-80,257,0,95,90,507,0" owari="51,-45.0,257,6.0,185,-21.0,507,60.0" /></mjloggm>