<mjloggm ver="2.3"><GO type="169" lobby="0"/><UN n0="%68%69%72%6F%30%30%30%37" n1="%4A%57%49%4C%4C" n2="%E3%83%AD%E3%83%83%E3%83%86%E9%9B%80%E7%90%83" n3="%E3%83%88%E3%83%88%E3%83%AA%E5%85%88%E7%94%9F%31%39%E6%AD%B3" dan="16,16,16,18" rate="2046.29,2127.77,2124.88,2282.38" sx="M,M,M,F"/><TAIKYOKU oya="0"/><INIT seed="0,0,0,0,1,123" ten="250,250,250,250" oya="0" hai0="13,128,98,82,117,70,120,121,23,135,16,65,53" hai1="63,100,83,69,115,33,119,118,81,126,111,22,131" hai2="44,27,99,72,34,104,67,10,96,58,88,5,45" hai3="4,77,6,7,102,113,103,61,130,18,43,46,12"/><T62/><D117/><U47/><E22/><V24/><F72/><W9/><G113/><T122/><D135/><U40/><E100/><V30/><F27/><W15/><G130/><T84/><D128/><U1/><E83/><V48/><F104/><W29/><G77/><T73/><D73/><U32/><E81/><V39/><F39/><W124/><G124/><T64/><D64/><U97/><E97/><V76/><F76/><W107/><G107/><T78/><D121/><U105/><E63/><V57/><F67/><W95/><G29/><T14/><D98/><U31/><E47/><V21/><F34/><W110/><G110/><T11/><REACH who="0" step="1"/><D53/><REACH who="0" ten="240,250,250,250" step="2"/><U41/><E118/><V17/><F99/><W108/><G108/><T91/><D91/><U49/><E111/><V55/><F88/><W60/><G103/><T101/><D101/><U85/><E131/><V94/><F96/><W116/><G116/><T93/><D93/><U38/><E119/><V3/><F94/><W71/><G95/><T20/><D20/><U114/><E105/><V74/><F21/><N who="3" m="11463" /><G102/><T54/><D54/><U106/><E106/><V92/><F55/><W28/><G71/><T59/><D59/><U133/><E69/><V132/><F58/><W50/><G28/><T75/><D75/><U129/><E31/><V86/><F74/><W19/><AGARI ba="0,1" hai="4,6,7,9,15,19,43,46,50,60,61" m="11463" machi="19" ten="30,1100,0" yaku="8,1" doraHai="123" who="3" fromWho="3" sc="240,-5,250,-3,250,-3,250,21" /><INIT seed="1,0,0,4,3,134" ten="235,247,247,271" oya="1" hai0="131,76,43,75,27,80,98,12,33,68,34,96,107" hai1="41,6,105,90,110,71,88,58,93,120,122,118,51" hai2="126,114,60,83,57,135,44,115,130,9,64,101,100" hai3="87,25,112,24,38,125,104,0,123,67,18,85,79"/><U95/><E71/><V94/><F135/><W127/><G112/><N who="2" m="43049" /><F130/><W13/><G123/><T22/><D131/><U91/><E105/><V111/><F111/><W99/><G0/><T92/><D68/><U52/><E118/><V66/><F66/><W47/><G67/><T63/><D63/><U20/><E110/><V54/><F83/><N who="3" m="47359" /><G87/><T116/><D116/><U103/><E6/><V46/><F9/><W29/><G29/><T124/><D107/><U19/><E41/><V69/><F126/><N who="3" m="48139" /><G47/><T132/><D124/><U10/><E10/><V70/><F44/><W28/><G38/><T84/><D84/><N who="1" m="52359" /><E122/><V62/><F46/><W117/><G117/><T3/><D3/><U26/><E120/><V7/><F70/><W65/><G65/><T21/><D43/><U8/><E8/><V49/><F64/><W61/><G61/><T11/><D11/><U39/><E39/><V72/><F62/><W133/><G133/><T32/><D132/><U55/><E55/><V23/><F54/><W102/><G28/><T14/><D98/><AGARI ba="0,0" hai="19,20,26,51,52,58,90,91,95,98,103" m="52359" machi="98" ten="30,5800,0" yaku="8,1,54,2" doraHai="134" who="1" fromWho="0" sc="235,-58,247,58,247,0,271,0" /><INIT seed="1,1,0,1,5,38" ten="177,305,247,271" oya="1" hai0="78,32,62,129,20,91,33,87,125,11,80,63,22" hai1="64,5,74,19,6,82,118,89,121,86,51,41,112" hai2="30,85,39,123,73,126,81,90,57,47,105,130,12" hai3="128,54,10,116,93,98,111,66,103,108,61,102,26"/><U14/><E121/><V69/><F123/><W97/><G128/><T18/><D129/><U84/><E118/><V59/><F130/><W72/><G72/><T106/><D125/><U122/><E122/><V88/><F126/><W27/><G116/><T58/><D106/><U117/><E117/><V44/><F69/><W132/><G54/><T96/><D11/><U76/><E112/><V34/><F105/><W50/><G50/><T107/><D63/><U67/><E74/><V79/><F90/><W92/><G132/><T135/><D135/><U8/><E6/><V2/><F2/><W127/><G10/><T21/><D18/><U49/><E19/><V75/><F12/><W42/><G42/><T0/><D0/><U46/><REACH who="1" step="1"/><E51/><REACH who="1" ten="177,295,247,271" step="2"/><V131/><F75/><W120/><G120/><T55/><D62/><U13/><E13/><V7/><F7/><W71/><G127/><T133/><D133/><U110/><E110/><AGARI ba="1,1" hai="26,27,61,66,71,92,93,97,98,102,103,108,110,111" machi="110" ten="40,2600,0" yaku="9,1,14,1" doraHai="38" who="3" fromWho="1" sc="177,0,295,-29,247,0,271,39" /><INIT seed="2,0,0,2,4,133" ten="177,266,247,310" oya="2" hai0="20,105,55,120,123,59,68,71,73,95,7,45,121" hai1="41,122,82,63,118,11,74,99,100,14,69,106,15" hai2="107,96,78,98,48,33,124,9,91,128,24,39,29" hai3="76,12,83,3,103,116,60,5,40,88,8,61,56"/><V27/><F39/><W94/><G116/><T101/><D105/><U84/><E118/><V0/><F128/><W16/><G103/><T79/><D7/><U93/><E122/><V66/><F78/><W134/><G134/><T53/><D45/><U72/><E41/><V67/><F107/><W87/><G40/><T90/><D101/><U130/><E130/><V43/><F27/><W113/><G113/><T129/><D129/><U132/><E132/><V51/><F43/><W58/><G58/><T77/><D20/><U81/><E106/><V22/><F33/><W75/><REACH who="3" step="1"/><G56/><REACH who="3" ten="177,266,247,300" step="2"/><T110/><D59/><U89/><E100/><V10/><F67/><W54/><G54/><T102/><D102/><U49/><E69/><V62/><F66/><W21/><AGARI ba="0,1" hai="3,5,8,12,16,21,60,61,75,76,83,87,88,94" machi="21" ten="20,12000,2" yaku="1,1,0,1,7,1,54,2,53,1" doraHai="133" doraHaiUra="2" who="3" fromWho="3" sc="177,-30,266,-30,247,-60,300,130" /><INIT seed="3,0,0,5,1,80" ten="147,236,187,430" oya="3" hai0="74,85,48,94,98,46,89,64,66,77,82,42,70" hai1="40,97,20,5,81,123,107,120,21,112,62,78,35" hai2="126,15,51,34,84,129,24,19,38,131,128,92,55" hai3="67,90,54,45,100,33,37,117,14,122,29,132,57"/><W12/><G117/><T71/><REACH who="0" step="1"/><D74/><REACH who="0" ten="137,236,187,430" step="2"/><U75/><E75/><V65/><F129/><W53/><G122/><T3/><D3/><U61/><E120/><V11/><F131/><W113/><G132/><T22/><D22/><U56/><E21/><V9/><F128/><W0/><G0/><T121/><D121/><U133/><E20/><V134/><F134/><W108/><G33/><T23/><D23/><U135/><E35/><V115/><F34/><W27/><G29/><T30/><D30/><U101/><E123/><V17/><F24/><W86/><G27/><T95/><D95/><U47/><E135/><V50/><F92/><W99/><G12/><T76/><D76/><U93/><E78/><V39/><F15/><W73/><G14/><T83/><D83/><U28/><E81/><V59/><F9/><W32/><G73/><T8/><D8/><U125/><E93/><V127/><F11/><W119/><G32/><T6/><D6/><U118/><E5/><V130/><F130/><W87/><G119/><T116/><D116/><U13/><E13/><V69/><F17/><W103/><G113/><T26/><D26/><U124/><E112/><V31/><F19/><W96/><G108/><T102/><D102/><U106/><E133/><V36/><F31/><W88/><G103/><T16/><D16/><U109/><E118/><V49/><F115/><W52/><G100/><T60/><D60/><U114/><E114/><V111/><F111/><W44/><G90/><T18/><D18/><U91/><E109/><V7/><F7/><W43/><G88/><T25/><D25/><RYUUKYOKU ba="0,1" sc="137,30,236,-10,187,-10,430,-10" hai0="42,46,48,64,66,70,71,77,82,85,89,94,98" /><INIT seed="4,1,1,4,1,44" ten="167,226,177,420" oya="0" hai0="77,127,42,134,58,80,43,133,112,21,91,29,20" hai1="31,81,90,101,9,106,82,23,53,39,55,83,107" hai2="56,33,51,67,34,57,68,1,46,85,28,54,18" hai3="87,10,105,11,128,48,47,116,27,122,120,135,0"/><T26/><D112/><U70/><E39/><V76/><F1/><W3/><G116/><T121/><D121/><N who="3" m="46697" /><G105/><T118/><D118/><U49/><E70/><V22/><F68/><W32/><G128/><T25/><D127/><U89/><E9/><N who="3" m="3082" /><G135/><N who="0" m="51723" /><D91/><U36/><E36/><V125/><F125/><W111/><G111/><T98/><D58/><U103/><E107/><V114/><F114/><W131/><G131/><T108/><D98/><U60/><E60/><V95/><F28/><N who="3" m="19487" /><G87/><N who="0" m="48527" /><D108/><U117/><E117/><V45/><F67/><W88/><G88/><N who="1" m="33898" /><E106/><V86/><F86/><W130/><G130/><T94/><D94/><U66/><E66/><V30/><F85/><W129/><G129/><T17/><AGARI ba="1,1" hai="17,20,21,25,26,29,42,43" m="48527,51723" machi="17" ten="30,1500,0" yaku="20,1" doraHai="44" who="0" fromWho="0" sc="167,28,226,-6,177,-6,420,-6" /><INIT seed="4,2,0,0,5,111" ten="195,220,171,414" oya="0" hai0="13,69,135,118,5,72,62,88,19,101,123,1,127" hai1="38,132,117,103,80,63,61,20,50,7,77,129,82" hai2="102,99,65,21,27,124,25,73,59,14,116,122,76" hai3="34,84,71,35,115,108,75,60,54,66,64,93,97"/><T70/><D123/><U120/><E120/><V68/><F122/><W43/><G108/><T47/><D118/><U10/><E117/><V28/><F116/><W37/><G75/><T11/><D72/><U0/><E129/><V125/><F68/><W100/><G64/><T55/><D127/><N who="2" m="48714" /><F27/><W26/><G26/><T42/><D135/><U58/><E132/><V57/><F65/><W52/><G35/><T113/><D113/><U121/><E121/><V96/><F14/><W56/><G115/><T128/><D128/><U39/><E103/><V6/><F6/><W41/><G34/><T36/><D101/><U29/><E50/><V67/><F67/><W126/><G126/><T107/><D107/><U24/><E80/><N who="2" m="45071" /><F96/><W119/><G119/><T95/><D55/><U12/><E0/><V94/><AGARI ba="2,0" hai="21,25,28,57,59,94,99,102" m="45071,48714" machi="94" ten="30,1100,0" yaku="18,1" doraHai="111" who="2" fromWho="2" sc="195,-7,220,-5,171,17,414,-5" /><INIT seed="5,0,0,0,2,97" ten="188,215,188,409" oya="1" hai0="116,39,59,134,45,69,65,121,26,54,24,53,131" hai1="15,107,36,82,21,62,25,102,67,77,80,127,0" hai2="130,101,120,94,47,99,72,51,73,129,2,75,60" hai3="76,16,64,70,9,61,22,31,44,30,11,50,132"/><U110/><E0/><V33/><F120/><W106/><G132/><T63/><D116/><U113/><E36/><V3/><F33/><W55/><G106/><T85/><D85/><U6/><E113/><V124/><F124/><W100/><G100/><T52/><D26/><U84/><E127/><V23/><F23/><W57/><G70/><T119/><D119/><U117/><E117/><V104/><F60/><W81/><G11/><T90/><D90/><U68/><E110/><V28/><F28/><W40/><G9/><T42/><D24/><U98/><E15/><V88/><F2/><W74/><G64/><T86/><D86/><U5/><REACH who="1" step="1"/><E80/><REACH who="1" ten="188,205,188,409" step="2"/><V1/><F1/><W133/><G133/><T13/><D13/><AGARI ba="0,1" hai="13,16,22,30,31,40,44,50,55,57,61,74,76,81" machi="13" ten="30,2000,0" yaku="7,1,54,1" doraHai="97" who="3" fromWho="0" sc="188,-20,205,0,188,0,409,30" /><INIT seed="6,0,0,2,5,30" ten="168,205,188,439" oya="2" hai0="81,135,107,33,19,59,26,10,117,76,125,134,39" hai1="45,68,34,18,0,75,15,130,23,71,58,51,53" hai2="69,83,17,21,57,54,22,31,103,109,43,63,3" hai3="80,14,98,100,46,127,20,72,112,82,49,48,101"/><V110/><F3/><W118/><G118/><T128/><D117/><U115/><E115/><V120/><F120/><W50/><G112/><T96/><D39/><U37/><E130/><V85/><F43/><W89/><G127/><T78/><D128/><U123/><E123/><V24/><F103/><W84/><G72/><T79/><D125/><U32/><E75/><V91/><REACH who="2" step="1"/><F69/><REACH who="2" ten="168,205,178,439" step="2"/><W87/><G101/><N who="0" m="62887" /><D59/><U16/><E0/><V25/><AGARI ba="0,1" hai="17,21,22,24,25,31,54,57,63,83,85,91,109,110" machi="25" ten="30,6000,0" yaku="1,1,0,1,53,1" doraHai="30" doraHaiUra="27" who="2" fromWho="2" sc="168,-20,205,-20,178,70,439,-20" /><INIT seed="6,1,0,3,0,56" ten="148,185,248,419" oya="2" hai0="127,58,27,109,37,81,78,54,111,107,126,13,31" hai1="104,76,125,17,23,57,95,102,18,114,88,3,40" hai2="21,69,99,85,28,112,132,1,2,110,96,82,91" hai3="48,122,14,86,43,4,19,120,73,44,115,15,80"/><V42/><F112/><W103/><G115/><T47/><D107/><U39/><E114/><V75/><F75/><W74/><G103/><T30/><D13/><U16/><E3/><V8/><F132/><W50/><G50/><N who="0" m="31063" /><D37/><U72/><E125/><N who="0" m="47625" /><D47/><U5/><E5/><V11/><F11/><N who="3" m="4455" /><G122/><T67/><D67/><U45/><E102/><V119/><F8/><N who="3" m="6631" /><G120/><T7/><D7/><U113/><E104/><V12/><F12/><W41/><G41/><T79/><D79/><AGARI ba="1,0" hai="43,44,48,73,74,79,80,86" m="6631,4455" machi="79" ten="30,1000,0" yaku="25,1" doraHai="56" who="3" fromWho="0" sc="148,-13,185,0,248,0,419,13" /><INIT seed="7,0,0,0,5,102" ten="135,185,248,432" oya="3" hai0="86,70,88,104,63,46,120,126,22,17,77,80,56" hai1="132,123,62,93,54,30,13,95,27,6,91,74,87" hai2="81,134,94,0,135,100,15,38,11,16,72,45,92" hai3="128,96,110,34,7,122,99,109,107,76,68,42,105"/><W2/><G76/><T60/><D126/><U50/><E123/><V57/><F100/><W5/><G42/><T35/><D120/><U12/><E74/><V31/><F31/><W18/><G122/><T117/><D117/><U115/><E115/><V66/><F66/><W101/><G18/><T116/><D116/><U129/><E129/><V64/><F64/><W43/><G43/><T75/><D35/><U82/><E62/><V73/><F57/><W32/><G101/><T84/><D70/><U1/><E1/><V103/><F0/><W119/><G2/><T28/><D28/><U9/><E13/><V113/><F113/><W33/><G33/><T85/><D46/><U39/><E39/><V25/><F103/><W14/><G14/><T58/><D58/><U69/><E69/><V89/><F25/><W97/><G97/><T133/><D133/><U44/><REACH who="1" step="1"/><E132/><REACH who="1" ten="135,175,248,432" step="2"/><V65/><F15/><W108/><G108/><T71/><D71/><U52/><E52/><V4/><F38/><W37/><G37/><T23/><D63/><U83/><E83/><V124/><F81/><W49/><G119/><T90/><D104/><U112/><E112/><V67/><F134/><W10/><G68/><T79/><D75/><U3/><E3/><V78/><F73/><W53/><G128/><T106/><D106/><U51/><E51/><V8/><F72/><W29/><G49/><T41/><D41/><U127/><E127/><V26/><F124/><W131/><G131/><T118/><D118/><U125/><E125/><V61/><F135/><W121/><G121/><T24/><D60/><RYUUKYOKU ba="0,1" sc="135,-10,175,30,248,-10,432,-10" hai1="6,9,12,27,30,44,50,54,82,87,91,93,95" owari="125,-37.0,205,-19.0,238,4.0,432,52.0" /></mjloggm>