<mjloggm ver="2.3"><GO type="169" lobby="0"/><UN n0="%E9%BB%92%E7%8A%AC%40%E3%81%A6%E3%82%93%E3%81%BB%E3%83%BC" n1="%E3%81%82%E3%81%B2%E3%82%8B%E3%81%95%E3%82%93" n2="%E3%81%BF%E3%81%8D%E3%81%BF%E3%81%8D%E2%99%AA" n3="%E3%82%A6%E3%83%AB%E3%83%88%E3%83%A9%E7%AB%8B%E7%9B%B4" dan="16,16,17,17" rate="2023.06,2130.10,2128.50,2157.93" sx="F,M,M,M"/><TAIKYOKU oya="0"/><INIT seed="0,0,0,5,3,14" ten="250,250,250,250" oya="0" hai0="91,88,92,49,109,6,101,94,128,129,77,41,11" hai1="114,36,74,115,131,4,121,55,83,17,104,8,130" hai2="122,99,27,47,108,48,79,75,105,54,65,71,50" hai3="100,52,111,46,64,133,5,106,32,135,126,18,80"/><T10/><D77/><N who="1" m="44471" /><E121/><V63/><F122/><W59/><G32/><T86/><D101/><U13/><E104/><V42/><F108/><W81/><G111/><T120/><D109/><U118/><E118/><V93/><F27/><W2/><G126/><T69/><D69/><U45/><E55/><V30/><F30/><W66/><G100/><T84/><D120/><U31/><E31/><V44/><F105/><W132/><G106/><T43/><D49/><U24/><E45/><V73/><REACH who="2" step="1"/><F79/><REACH who="2" ten="250,250,240,250" step="2"/><W3/><G133/><T53/><REACH who="0" step="1"/><D53/><REACH who="0" ten="240,250,240,250" step="2"/><U127/><E127/><V76/><F76/><W12/><G52/><T9/><D9/><U1/><E8/><V51/><F51/><W35/><G135/><T61/><D61/><U116/><E115/><V95/><F95/><W22/><G132/><T98/><D98/><U16/><E114/><V87/><F87/><W72/><G72/><T33/><D33/><U85/><E85/><V56/><F56/><W15/><G59/><T123/><D123/><U125/><E125/><V102/><AGARI ba="0,2" hai="42,44,47,48,50,54,63,65,71,73,75,93,99,102" machi="102" ten="20,2700,0" yaku="1,1,0,1,7,1,53,0" doraHai="14" doraHaiUra="26" who="2" fromWho="2" sc="240,-13,250,-7,240,47,250,-7" /><INIT seed="1,0,0,3,4,21" ten="227,243,287,243" oya="1" hai0="39,3,44,48,43,42,20,55,47,115,66,72,126" hai1="84,105,45,52,59,132,9,58,87,76,0,71,18" hai2="88,79,35,103,81,22,111,37,4,8,36,123,106" hai3="77,114,125,100,117,30,133,53,107,56,16,95,74"/><U83/><E71/><V70/><F70/><W78/><G114/><T134/><D72/><U91/><E105/><V63/><F123/><W19/><G125/><T28/><D3/><U23/><E132/><V69/><F35/><W85/><G133/><T99/><D134/><U101/><E101/><V120/><F120/><W128/><G128/><T40/><D115/><U113/><E113/><V41/><F111/><W68/><G68/><T93/><D126/><U104/><E104/><V94/><F22/><W89/><G117/><T57/><D66/><U50/><E0/><V12/><F41/><W109/><G109/><T33/><D33/><U127/><E127/><V13/><F13/><W31/><G107/><T135/><D39/><U60/><E60/><V32/><F32/><W92/><G74/><T98/><D135/><U62/><E62/><V6/><F6/><W110/><G110/><T121/><D121/><U65/><E65/><V131/><F131/><W49/><G31/><T51/><D47/><U26/><E9/><V15/><F69/><W116/><G30/><T82/><D82/><AGARI ba="0,0" hai="18,23,26,45,50,52,58,59,76,82,83,84,87,91" machi="82" ten="30,11600,0" yaku="7,1,8,1,52,1,54,1" doraHai="21" who="1" fromWho="0" sc="227,-116,243,116,287,0,243,0" /><INIT seed="1,1,0,0,3,126" ten="111,359,287,243" oya="1" hai0="54,36,4,66,49,18,98,30,19,128,2,37,75" hai1="9,91,107,93,17,94,76,57,88,52,68,35,27" hai2="48,119,110,16,102,62,5,29,96,87,81,50,26" hai3="25,84,124,43,82,106,132,15,10,33,122,56,44"/><U115/><E68/><V108/><F119/><W79/><G106/><T55/><D75/><U47/><E107/><V22/><F5/><W112/><G112/><T38/><D30/><U51/><E115/><V8/><F62/><W46/><G124/><T90/><D66/><U60/><E76/><V134/><F134/><W86/><G122/><T39/><D54/><N who="1" m="30079" /><E35/><V99/><F8/><W125/><G125/><T103/><D90/><N who="1" m="34347" /><E9/><V73/><F73/><W77/><G132/><T41/><D4/><U20/><AGARI ba="1,0" hai="17,20,27,52,57,60,93,94" m="34347,30079" machi="20" ten="30,6000,0" yaku="8,1,54,2" doraHai="126" who="1" fromWho="1" sc="111,-21,359,63,287,-21,243,-21" /><INIT seed="1,2,0,3,2,131" ten="90,422,266,222" oya="1" hai0="54,79,5,114,133,42,70,106,76,0,25,116,28" hai1="108,30,6,14,109,103,66,40,83,94,97,41,46" hai2="2,12,10,16,91,21,62,113,82,65,75,3,127" hai3="92,48,4,78,81,64,110,11,36,24,101,55,115"/><U102/><E66/><V100/><F127/><W87/><G36/><T23/><D106/><U35/><E103/><V38/><F38/><W71/><G115/><T47/><D70/><U68/><E68/><V50/><F113/><W58/><G110/><N who="1" m="42602" /><E83/><V60/><F50/><W44/><G24/><T9/><D116/><U8/><E46/><V34/><F34/><W51/><G71/><T107/><D114/><U74/><E74/><V19/><F100/><W49/><G64/><T67/><D107/><U52/><E30/><V33/><F62/><W63/><G92/><T122/><D67/><U84/><E35/><V39/><F33/><W98/><G98/><T132/><D122/><U125/><E84/><V86/><F75/><W85/><G85/><T43/><D54/><U118/><E118/><V69/><F39/><W57/><G101/><T53/><D53/><U88/><E102/><V121/><F121/><W7/><G58/><T32/><D32/><U135/><E125/><V105/><F105/><W104/><G104/><T20/><D20/><U59/><E135/><N who="0" m="51785" /><D47/><U95/><E94/><V45/><F45/><W123/><G123/><T29/><D29/><U1/><E1/><V72/><F72/><W99/><G44/><T26/><D26/><AGARI ba="2,0" hai="2,3,10,12,16,19,21,26,60,65,69,82,86,91" machi="26" ten="30,2000,0" yaku="7,1,54,1" doraHai="131" who="2" fromWho="0" sc="90,-26,422,0,266,26,222,0" /><INIT seed="2,0,0,4,3,31" ten="64,422,292,222" oya="2" hai0="113,25,39,131,119,47,50,133,122,125,108,84,21" hai1="82,56,62,52,85,37,1,12,61,124,75,94,130" hai2="132,92,89,100,80,96,107,105,79,6,110,43,109" hai3="69,93,17,104,86,49,112,28,126,66,44,48,99"/><V114/><F43/><W98/><G126/><T53/><D84/><U20/><E1/><V134/><F6/><W59/><G112/><T103/><D103/><U45/><E130/><V77/><F114/><W65/><G69/><T106/><D25/><U101/><E124/><V38/><F38/><W128/><G128/><T118/><D21/><U72/><E37/><V10/><F10/><W60/><G28/><T8/><D8/><U120/><E120/><V74/><F77/><W32/><G32/><T117/><D118/><U19/><E45/><V35/><F35/><W58/><G104/><N who="2" m="40009" /><F100/><W129/><G129/><T83/><D83/><U7/><E7/><V121/><F121/><W70/><G70/><T87/><D87/><U135/><E75/><V68/><F68/><W16/><G86/><T13/><D13/><U5/><E72/><V64/><F64/><W81/><G81/><T3/><D53/><U111/><E5/><V0/><F0/><W40/><G98/><T23/><D23/><U24/><E101/><V4/><F4/><W29/><G29/><T42/><D50/><U97/><E97/><V90/><F90/><N who="3" m="55735" /><G49/><T34/><D42/><U63/><E62/><AGARI ba="0,0" hai="16,17,40,44,48,58,59,60,62,65,66" m="55735" machi="62" ten="30,2000,0" yaku="8,1,54,1" doraHai="31" who="3" fromWho="1" sc="64,0,422,-20,292,0,222,20" /><INIT seed="3,0,0,1,3,70" ten="64,402,292,242" oya="3" hai0="4,132,81,60,50,80,75,67,82,51,73,24,74" hai1="63,108,117,94,57,40,1,77,35,112,113,16,42" hai2="129,59,92,14,15,32,6,76,102,2,37,33,101" hai3="10,114,135,69,110,62,109,39,44,111,8,28,9"/><W36/><G135/><T58/><D132/><U98/><E1/><V78/><F129/><W122/><G122/><T95/><D4/><U93/><E35/><V48/><F59/><W45/><G114/><T103/><D24/><U97/><E77/><V31/><F48/><W87/><G87/><T118/><D118/><U123/><E123/><V5/><F92/><W104/><G104/><T27/><D27/><U83/><E83/><V47/><F47/><N who="3" m="17995" /><G28/><T91/><REACH who="0" step="1"/><D103/><REACH who="0" ten="54,402,292,242" step="2"/><U49/><E117/><V107/><F101/><W12/><G12/><T38/><D38/><U105/><E113/><V65/><F102/><W53/><G53/><T133/><D133/><U20/><E112/><V89/><F6/><W56/><G56/><T116/><D116/><U55/><E57/><V126/><F5/><W127/><G127/><T22/><D22/><U106/><E20/><V128/><F126/><W30/><G30/><T0/><D0/><U46/><E55/><V134/><F31/><W115/><G115/><T119/><D119/><U86/><E46/><V19/><F2/><W130/><G130/><T121/><D121/><U125/><E125/><V120/><F128/><W18/><G18/><T64/><D64/><AGARI ba="0,1" hai="8,9,10,36,39,62,64,69,109,110,111" m="17995" machi="64" ten="40,12000,1" yaku="14,1,10,1,52,2" doraHai="70" who="3" fromWho="0" sc="54,-120,402,0,292,0,242,130" owari="-66,-57.0,402,51.0,292,-11.0,372,17.0" /></mjloggm>