<mjloggm ver="2.3"><GO type="169" lobby="0"/><UN n0="%E4%BD%93%E8%82%B2%E9%A4%A8%E9%87%8E%E7%90%83%E9%83%A8%E5%93%A1" n1="%E5%B0%B1%E6%B4%BB%E7%94%9F%40%E5%B7%9D%E6%9D%91%E8%BB%8D%E5%9B%A3" n2="%6E%65%75%74%72%6F%6E" n3="%74%61%63%6F%73" dan="16,16,16,17" rate="2036.46,2118.07,2189.19,2165.10" sx="M,M,M,M"/><TAIKYOKU oya="0"/><INIT seed="0,0,0,4,3,54" ten="250,250,250,250" oya="0" hai0="56,2,65,35,22,73,1,58,123,57,69,68,14" hai1="55,104,31,4,119,88,120,10,39,49,28,8,78" hai2="34,70,64,16,53,25,131,86,44,91,23,37,11" hai3="79,99,43,124,87,46,62,29,106,61,93,101,115"/><T116/><D116/><U82/><E39/><V129/><F64/><W20/><G115/><T113/><D35/><U13/><E104/><V74/><F70/><W51/><G124/><T26/><D113/><U9/><E119/><V132/><F74/><W130/><G130/><N who="2" m="49673" /><F132/><W59/><G106/><T52/><D123/><U12/><E120/><V135/><F135/><W134/><G134/><T66/><D73/><U75/><E10/><V21/><F11/><W128/><G128/><T90/><D14/><U0/><E88/><V98/><F98/><W41/><G41/><T60/><D52/><U133/><E0/><V32/><F23/><W47/><G47/><T45/><D45/><U72/><E72/><V77/><F77/><W121/><G121/><T95/><D90/><U109/><E109/><V108/><F108/><W107/><G107/><T33/><D33/><U110/><E110/><V19/><F19/><W97/><G97/><T125/><D125/><U112/><E112/><V3/><F3/><W17/><G29/><T96/><D96/><U126/><E126/><V67/><F67/><W48/><G79/><T7/><D7/><U122/><E122/><V105/><F105/><W15/><G87/><T36/><D36/><U127/><E127/><V40/><F53/><AGARI ba="0,0" hai="15,17,20,43,46,48,51,53,59,61,62,93,99,101" machi="53" ten="40,2600,0" yaku="8,1,52,1" doraHai="54" who="3" fromWho="2" sc="250,0,250,0,250,-26,250,26" /><INIT seed="1,0,0,4,0,131" ten="250,250,224,276" oya="1" hai0="87,21,5,7,36,91,46,52,27,55,2,124,20" hai1="70,29,130,14,31,103,127,34,33,90,122,97,104" hai2="132,89,18,79,96,113,67,40,133,102,57,74,41" hai3="114,86,25,19,17,58,92,94,0,83,51,16,112"/><U53/><E122/><V84/><F113/><W129/><G0/><T15/><D124/><U1/><E1/><V77/><F18/><W4/><G129/><T78/><D78/><U117/><E127/><V44/><F74/><W43/><G4/><T71/><D71/><U68/><E117/><V12/><F12/><W95/><G25/><T108/><D108/><U11/><E70/><V69/><F69/><W82/><G82/><N who="0" m="49655" /><D36/><U6/><E68/><V134/><F40/><W99/><G99/><T59/><D2/><U60/><E90/><V110/><F110/><W30/><G30/><N who="0" m="17767" /><D21/><U3/><E3/><V38/><F67/><W109/><G109/><T128/><D128/><U81/><E81/><N who="2" m="49295" /><F57/><W61/><G51/><N who="0" m="28791" /><D15/><U62/><E130/><V26/><F26/><W49/><G49/><AGARI ba="0,0" hai="5,7,49,55,59" m="28791,17767,49655" machi="49" ten="30,2000,0" yaku="8,1,54,1" doraHai="131" who="0" fromWho="3" sc="250,20,250,0,224,0,276,-20" /><INIT seed="2,0,0,0,3,74" ten="270,250,224,256" oya="2" hai0="11,25,91,38,108,47,110,30,23,95,111,102,128" hai1="55,104,44,121,56,129,99,112,8,125,70,127,123" hai2="5,36,24,98,51,59,12,61,68,65,80,130,116" hai3="21,43,73,84,2,26,114,18,49,67,22,107,6"/><V39/><F116/><W133/><G73/><T86/><D128/><U48/><E104/><V77/><F130/><W109/><G107/><T83/><D102/><U50/><E99/><V17/><F98/><W126/><G67/><T45/><D38/><U27/><E27/><V0/><F0/><W9/><G84/><T29/><D29/><U58/><E70/><V46/><F24/><N who="3" m="14391" /><G49/><T97/><REACH who="0" step="1"/><D11/><REACH who="0" ten="260,250,224,256" step="2"/><U94/><E129/><V34/><F36/><W69/><G9/><T16/><D16/><U4/><E112/><V28/><F39/><W101/><G101/><T82/><D82/><U81/><E81/><V79/><F28/><W52/><G114/><T117/><D117/><U13/><E94/><V103/><F5/><W118/><G6/><T135/><D135/><U62/><E123/><V31/><F31/><W33/><G133/><T71/><D71/><U63/><E121/><V85/><F68/><W113/><G69/><T60/><D60/><U19/><E19/><V131/><F131/><W120/><G113/><T15/><D15/><U57/><REACH who="1" step="1"/><E50/><REACH who="1" ten="260,240,224,256" step="2"/><V76/><F80/><W35/><G120/><T53/><D53/><U119/><E119/><V90/><F17/><W1/><G52/><T64/><D64/><U134/><E134/><V7/><F65/><W92/><G118/><T42/><D42/><U72/><E72/><V41/><F41/><W89/><G43/><T66/><D66/><U54/><E54/><V122/><F122/><W75/><G75/><T93/><D93/><U106/><E106/><V78/><F51/><W132/><G92/><T105/><D105/><RYUUKYOKU ba="0,2" sc="260,15,240,15,224,-15,256,-15" hai0="23,25,30,45,47,83,86,91,95,97,108,110,111" hai1="4,8,13,44,48,55,56,57,58,62,63,125,127" /><INIT seed="3,1,2,4,0,21" ten="275,255,209,241" oya="3" hai0="69,121,20,47,16,35,83,113,15,10,129,9,76" hai1="1,61,89,100,53,48,70,97,26,55,127,112,90" hai2="124,132,81,126,74,45,51,133,17,105,109,135,108" hai3="12,88,99,85,58,101,78,28,62,36,80,14,39"/><W24/><G36/><T38/><D113/><U107/><E1/><V68/><F105/><W27/><G39/><T19/><D121/><U72/><E127/><N who="2" m="48683" /><F68/><W91/><G78/><T57/><D69/><U77/><E77/><N who="2" m="44215" /><F17/><W98/><G91/><T43/><D35/><U119/><E72/><V67/><F67/><W116/><G116/><T59/><D129/><U71/><E119/><V33/><F33/><W96/><G101/><T63/><D63/><U123/><E123/><V95/><F95/><W32/><REACH who="3" step="1"/><G27/><REACH who="3" ten="275,255,209,231" step="2"/><T102/><D102/><U134/><E26/><V79/><F79/><W13/><G13/><T46/><D38/><U8/><E100/><V122/><F122/><W2/><G2/><T86/><D76/><U115/><E90/><V22/><F22/><W5/><G5/><T64/><D20/><U65/><E89/><V103/><F103/><W29/><G29/><T87/><D15/><U75/><E75/><V118/><F118/><W3/><G3/><T128/><D87/><U131/><E112/><V56/><F56/><W11/><G11/><T66/><D57/><U44/><E8/><V120/><F120/><W111/><G111/><T42/><D59/><U52/><E115/><V7/><F7/><W54/><AGARI ba="1,3" hai="12,14,24,28,32,54,58,62,80,85,88,96,98,99" machi="54" ten="30,11700,0" yaku="1,1,0,1,52,1,54,1,53,0" doraHai="21" doraHaiUra="34" who="3" fromWho="3" sc="275,-40,255,-40,209,-40,231,150" /><INIT seed="3,2,0,0,4,120" ten="235,215,169,381" oya="3" hai0="34,88,107,85,33,28,31,51,43,72,41,8,95" hai1="129,78,106,26,131,24,108,18,7,13,70,53,92" hai2="59,57,81,127,67,93,54,49,1,130,94,22,14" hai3="112,62,105,64,110,77,29,135,66,132,10,69,0"/><W55/><G112/><T97/><D72/><U50/><E106/><V56/><F1/><W128/><G105/><T101/><D8/><U15/><E70/><V37/><F37/><W61/><G128/><N who="1" m="49226" /><E78/><V6/><F130/><W86/><G29/><T109/><D109/><U52/><E7/><V102/><F127/><W65/><G55/><N who="1" m="21066" /><E50/><V99/><F81/><N who="3" m="47407" /><G10/><T2/><D2/><U39/><E39/><V87/><F67/><N who="3" m="25675" /><G0/><T73/><D73/><U83/><E83/><V4/><F4/><W114/><G61/><T100/><D41/><U80/><E108/><V63/><F63/><W35/><G35/><T76/><D33/><U32/><E80/><V20/><F6/><W42/><G42/><T134/><D34/><U82/><E82/><V23/><F14/><N who="1" m="5129" /><E18/><V104/><F104/><W68/><G69/><T115/><D107/><U60/><E60/><V19/><F19/><W90/><G114/><T126/><D76/><U46/><E46/><V84/><REACH who="2" step="1"/><F93/><REACH who="2" ten="235,215,159,381" step="2"/><W21/><G68/><T71/><D71/><U16/><E92/><V74/><F74/><W30/><G66/><T124/><D124/><U133/><E133/><V36/><F36/><W103/><G62/><T98/><D134/><U12/><E32/><V40/><F40/><W116/><G132/><T3/><D126/><U91/><E24/><V122/><F122/><W5/><G135/><T11/><D115/><U123/><E26/><V125/><F125/><W47/><G110/><T38/><D38/><U45/><E123/><V48/><F48/><W117/><G5/><N who="0" m="1471" /><D51/><U96/><N who="1" m="5137" /><U113/><DORA hai="79" /><E16/><RYUUKYOKU ba="2,1" sc="235,-10,215,-10,159,30,381,-10" hai2="20,22,23,49,54,56,57,59,84,87,94,99,102" /><INIT seed="4,3,1,1,2,21" ten="225,205,189,371" oya="0" hai0="109,43,94,28,5,90,117,29,34,106,89,78,26" hai1="54,32,126,107,16,72,127,41,53,39,3,24,0" hai2="108,20,49,48,133,52,31,6,50,122,15,81,62" hai3="99,121,4,70,82,13,110,58,88,23,1,38,83"/><T75/><D117/><U55/><E107/><V116/><F108/><W56/><G70/><T97/><D106/><U104/><E104/><V17/><F122/><W103/><G38/><T113/><D113/><U65/><E72/><V64/><F133/><W119/><G119/><T67/><D109/><U124/><E65/><V60/><F116/><W85/><G1/><T114/><D114/><U40/><E32/><V91/><F6/><W27/><G110/><T84/><D75/><U63/><E63/><V77/><F91/><W9/><G83/><N who="0" m="47223" /><D34/><U129/><E129/><V2/><F2/><N who="1" m="553" /><E39/><V71/><F31/><W44/><G44/><T125/><D125/><U11/><E11/><V80/><F80/><W12/><G12/><T10/><D67/><U101/><E101/><V132/><F132/><W45/><G45/><T18/><D43/><U102/><E102/><V92/><F92/><N who="3" m="58855" /><G121/><T14/><D90/><U46/><E46/><V42/><F42/><W76/><G76/><T111/><D111/><U86/><E86/><V30/><F30/><AGARI ba="3,1" hai="4,9,13,23,27,30,56,58,82,85,88" m="58855" machi="30" ten="30,3900,0" yaku="8,1,52,1,54,1" doraHai="21" who="3" fromWho="2" sc="225,0,205,0,189,-48,371,58" /><INIT seed="5,0,0,5,5,24" ten="225,205,141,429" oya="1" hai0="121,22,0,51,133,81,60,38,12,73,88,115,129" hai1="25,62,3,58,50,106,17,111,1,77,21,5,49" hai2="15,56,83,30,132,45,39,18,11,48,19,71,37" hai3="61,84,32,16,130,35,27,101,59,53,23,7,117"/><U119/><E106/><V6/><F71/><W64/><G130/><T65/><D0/><U74/><E119/><V33/><F37/><W124/><G117/><T67/><D38/><U76/><E111/><V92/><F39/><W69/><G124/><T116/><D116/><U55/><E74/><V44/><F132/><W90/><G7/><T9/><D129/><U72/><E72/><V70/><F70/><W125/><G101/><T128/><D128/><U107/><E107/><V80/><F56/><W85/><G85/><N who="0" m="50223" /><D73/><U118/><E118/><V95/><F33/><W127/><G127/><T28/><D133/><U66/><E50/><V14/><F48/><W87/><G87/><T78/><D115/><U20/><E20/><V52/><F6/><W97/><G97/><T120/><D78/><U40/><E40/><V122/><F11/><W29/><G16/><N who="0" m="8207" /><D60/><U100/><E100/><V102/><F102/><W134/><G134/><T79/><D79/><U105/><E105/><V99/><F99/><W43/><G125/><T13/><D13/><U4/><E3/><V94/><F94/><W63/><G32/><T89/><D89/><U31/><E1/><V8/><F8/><W112/><G35/><T46/><D120/><U42/><E77/><V68/><F68/><W131/><G131/><T109/><D121/><U108/><E76/><V75/><F122/><W96/><G112/><T86/><D109/><U98/><E98/><V2/><F75/><W113/><G96/><T103/><D86/><U135/><E135/><V34/><F2/><W93/><G113/><T123/><D123/><RYUUKYOKU ba="0,0" sc="225,-10,205,-10,141,-10,429,30" hai3="23,27,29,43,53,59,61,63,64,69,84,90,93" /><INIT seed="6,1,0,2,5,48" ten="215,195,131,459" oya="2" hai0="128,124,69,39,43,42,28,99,77,55,3,130,13" hai1="9,17,19,95,87,102,64,56,38,12,119,88,10" hai2="54,37,61,15,5,8,93,86,98,75,53,16,30" hai3="0,11,57,66,134,127,110,113,80,122,34,52,123"/><V133/><F75/><W105/><G105/><T32/><D3/><U103/><E38/><V108/><F37/><W49/><G34/><T116/><D124/><U92/><E119/><V31/><F133/><W104/><G104/><T68/><D116/><U96/><E64/><V81/><F108/><W79/><G127/><T27/><D77/><U100/><E56/><V35/><F35/><W120/><G110/><T58/><D99/><U132/><E132/><V111/><F61/><W70/><G134/><T94/><D94/><U114/><E114/><V112/><F112/><W44/><G70/><N who="0" m="27243" /><D13/><AGARI ba="1,0" hai="9,10,12,13,17,19,87,88,92,95,96,100,102,103" machi="13" ten="40,5200,0" yaku="9,1,8,1,54,1" doraHai="48" who="1" fromWho="0" sc="215,-55,195,55,131,0,459,0" /><INIT seed="7,0,0,1,5,47" ten="160,250,131,459" oya="3" hai0="9,65,76,113,10,111,19,108,54,28,103,46,130" hai1="80,100,4,37,30,118,95,8,35,5,12,53,41" hai2="135,79,14,20,127,44,60,133,91,55,66,87,62" hai3="72,75,67,64,51,126,73,1,131,50,104,78,132"/><W24/><G104/><T43/><D130/><U112/><E41/><V52/><F127/><W34/><G1/><T6/><D65/><U7/><E37/><V32/><F32/><W96/><G78/><T42/><D113/><U63/><E30/><V109/><F109/><W125/><G131/><T123/><D123/><U22/><E35/><V89/><F79/><W59/><G96/><T85/><D108/><U39/><E80/><V94/><F89/><W92/><G92/><T57/><D111/><U70/><E22/><V45/><F14/><W23/><G34/><T88/><D76/><U124/><E39/><V129/><F129/><W29/><G132/><T84/><D103/><U40/><E40/><N who="0" m="15401" /><D46/><U106/><E106/><V101/><F101/><W107/><G107/><T105/><D105/><U3/><E3/><V27/><F135/><W2/><G2/><T99/><D28/><U11/><E70/><V74/><F74/><W120/><G120/><T102/><D102/><U97/><E124/><N who="3" m="47722" /><G59/><T110/><D110/><U117/><E112/><V121/><F121/><W25/><G25/><T134/><D134/><U56/><E11/><N who="0" m="4105" /><D19/><U71/><E71/><V86/><F133/><W77/><G77/><T48/><D6/><U122/><E122/><V38/><F38/><W36/><G36/><T114/><D114/><U98/><E98/><V13/><F13/><W119/><G119/><AGARI ba="0,0" hai="4,5,7,8,12,53,56,63,95,97,100,117,118,119" machi="119" ten="40,1300,0" yaku="12,1" doraHai="47" who="1" fromWho="3" sc="160,0,250,13,131,0,459,-13" owari="160,-24.0,263,6.0,131,-37.0,446,55.0" /></mjloggm>