<mjloggm ver="2.3"><GO type="41" lobby="0"/><UN n0="%70%69%65%79%61%6D%61" n1="%53%53%52%49" n2="%52%6F%6D%6F%39%39%39%39" n3="%E5%B0%B1%E6%B4%BB%E7%94%9F%40%E5%B7%9D%E6%9D%91%E8%BB%8D%E5%9B%A3" dan="16,14,15,16" rate="2033.42,1949.60,1972.80,2166.67" sx="M,M,M,M"/><TAIKYOKU oya="0"/><INIT seed="0,0,0,4,2,8" ten="250,250,250,250" oya="0" hai0="13,60,100,65,127,120,22,19,81,89,114,68,57" hai1="2,40,61,17,72,34,101,87,70,54,43,49,14" hai2="51,78,27,3,108,24,116,77,5,21,80,123,37" hai3="41,69,71,95,46,130,83,103,122,66,79,56,30"/><T118/><D114/><U16/><E72/><V76/><F37/><W97/><G122/><T26/><D118/><U67/><E34/><V96/><F116/><W134/><G130/><T135/><D135/><U44/><E2/><V59/><F123/><W106/><G134/><T132/><D132/><U121/><E121/><V75/><F108/><W36/><G30/><T11/><D127/><U50/><E101/><V110/><F24/><W109/><G109/><T6/><D120/><U9/><E50/><V18/><F110/><W0/><G0/><T94/><D100/><U62/><E62/><V45/><F59/><W129/><G129/><T15/><D81/><U126/><E126/><V86/><F75/><W63/><REACH who="3" step="1"/><G106/><REACH who="3" ten="250,250,250,240" step="2"/><T48/><D48/><U131/><E131/><V115/><F115/><W82/><G82/><T99/><REACH who="0" step="1"/><D68/><REACH who="0" ten="240,250,250,240" step="2"/><U52/><E43/><V28/><F80/><W33/><G33/><T102/><D102/><U112/><E112/><V42/><F51/><W10/><G10/><T124/><D124/><U32/><E32/><V117/><F42/><W39/><G39/><T29/><D29/><U92/><REACH who="1" step="1"/><E17/><REACH who="1" ten="240,240,250,240" step="2"/><V64/><F117/><W23/><G23/><T58/><D58/><U1/><E1/><AGARI ba="0,3" hai="1,6,11,13,15,19,22,26,57,60,65,89,94,99" machi="1" ten="30,12000,1" yaku="1,1,7,1,52,2,53,1" doraHai="8" doraHaiUra="93" who="0" fromWho="1" sc="240,150,240,-120,250,0,240,0" /><INIT seed="0,1,0,1,1,24" ten="390,120,250,240" oya="0" hai0="19,132,76,49,26,37,59,121,57,72,44,27,25" hai1="134,122,50,109,110,43,0,8,41,107,89,133,16" hai2="10,38,99,86,129,13,62,85,2,55,127,87,63" hai3="6,90,45,15,67,70,34,11,108,81,77,95,79"/><T73/><D121/><U33/><E122/><V58/><F38/><W32/><G108/><N who="1" m="41578" /><E107/><V124/><F2/><W47/><G70/><T82/><D132/><N who="1" m="50795" /><E0/><V18/><F129/><W51/><G67/><T29/><D37/><U125/><E125/><N who="2" m="48203" /><F99/><W36/><G36/><T91/><D72/><U131/><E131/><V94/><F63/><W53/><G47/><T40/><D29/><U106/><E106/><V78/><F94/><W84/><REACH who="3" step="1"/><G79/><AGARI ba="1,0" hai="10,13,18,55,58,62,78,79,85,86,87" m="48203" machi="79" ten="30,1000,0" yaku="18,1" doraHai="24" who="2" fromWho="3" sc="390,0,120,0,250,13,240,-13" /><INIT seed="1,0,0,0,2,115" ten="390,120,263,227" oya="1" hai0="132,99,113,11,62,45,87,119,128,64,42,2,15" hai1="38,108,91,31,0,40,110,23,77,131,32,82,74" hai2="100,51,135,112,5,111,133,127,34,68,126,89,81" hai3="26,109,52,20,104,60,94,67,13,107,47,8,96"/><U98/><E32/><V80/><F68/><W21/><G109/><N who="1" m="42090" /><E131/><V66/><F66/><W71/><G21/><T105/><D113/><U129/><E129/><V85/><F112/><W57/><G47/><T3/><D128/><U101/><E0/><V16/><F5/><W122/><G122/><T120/><D119/><U102/><E38/><V44/><F100/><W75/><G75/><T19/><D132/><N who="2" m="50762" /><F34/><W24/><G24/><T9/><D87/><U17/><E31/><V29/><F29/><W90/><G67/><T95/><D105/><U106/><E40/><V79/><F111/><W48/><G48/><T121/><D11/><U117/><E117/><V1/><F1/><W58/><G58/><T41/><D3/><U88/><E102/><V59/><F59/><W56/><G56/><N who="0" m="36935" /><D2/><U72/><E72/><V50/><F50/><W118/><G71/><T37/><D37/><U86/><E74/><V25/><F81/><W36/><G36/><T49/><D121/><U84/><E84/><V7/><F7/><N who="3" m="3231" /><G118/><T33/><D33/><U114/><E114/><V27/><F79/><W83/><G83/><T70/><D70/><U116/><E116/><V46/><F46/><W93/><G57/><T35/><D35/><U65/><E65/><V12/><F127/><W73/><G73/><T103/><D120/><U4/><E4/><V30/><F126/><W22/><G60/><T76/><D76/><U78/><E78/><V134/><F134/><W92/><G52/><AGARI ba="0,0" hai="9,15,19,41,42,45,49,52,95,99,103" m="36935" machi="52" ten="30,2000,0" yaku="8,1,54,1" doraHai="115" who="0" fromWho="3" sc="390,20,120,0,263,0,227,-20" /><INIT seed="2,0,0,4,4,101" ten="410,120,263,207" oya="2" hai0="123,37,102,63,78,34,76,112,20,99,33,71,81" hai1="48,40,39,26,19,74,88,29,24,75,54,89,59" hai2="70,65,98,53,86,36,118,134,3,104,96,133,116" hai3="64,85,43,58,55,44,25,22,80,32,28,12,9"/><V87/><F53/><W110/><G64/><T129/><D112/><U105/><E105/><V94/><F3/><W93/><G110/><T7/><D123/><U106/><E106/><V6/><F6/><W21/><G93/><T17/><D37/><U91/><E39/><V8/><F8/><W114/><G114/><T119/><D129/><U35/><E40/><V38/><F65/><W69/><G69/><T14/><D119/><U45/><E45/><V109/><F70/><W97/><G97/><N who="2" m="37481" /><F94/><W83/><G83/><T52/><D7/><U41/><E41/><V117/><F36/><W84/><G84/><N who="2" m="32297" /><F104/><W1/><G1/><T2/><D2/><U18/><REACH who="1" step="1"/><E26/><REACH who="1" ten="410,110,263,207" step="2"/><V79/><F38/><W16/><G44/><T121/><D81/><U72/><AGARI ba="0,1" hai="18,19,24,29,35,48,54,59,72,74,75,88,89,91" machi="72" ten="40,8000,1" yaku="1,1,2,1,0,1,54,1,53,0" doraHai="101" doraHaiUra="103" who="1" fromWho="1" sc="410,-20,110,90,263,-40,207,-20" /><INIT seed="3,0,0,3,2,35" ten="390,200,223,187" oya="3" hai0="121,17,83,86,98,16,79,46,22,39,55,103,74" hai1="23,110,12,59,57,122,131,7,27,66,53,1,3" hai2="71,119,32,73,85,92,69,56,30,26,105,29,0" hai3="135,91,106,115,100,102,89,87,123,132,44,58,118"/><W116/><G44/><T43/><D121/><U10/><E122/><V52/><F119/><N who="3" m="45611" /><G58/><T41/><D41/><U40/><E40/><V51/><F69/><W42/><G42/><T8/><D8/><U14/><E131/><V37/><F71/><W97/><G123/><T126/><D126/><U63/><E110/><V49/><F37/><W101/><G115/><T4/><D4/><U6/><E6/><V36/><F51/><W5/><G5/><T113/><D113/><U72/><E72/><V108/><F36/><W15/><G15/><T104/><D74/><U60/><REACH who="1" step="1"/><E14/><REACH who="1" ten="390,190,223,187" step="2"/><V62/><F108/><W21/><G21/><T94/><D22/><U31/><AGARI ba="0,1" hai="1,3,7,10,12,23,27,31,53,57,59,60,63,66" machi="31" ten="20,16000,3" yaku="1,1,2,1,0,1,7,1,52,2,53,2" doraHai="35" doraHaiUra="54" who="1" fromWho="1" sc="390,-40,190,170,223,-40,187,-80" /><INIT seed="4,0,0,3,0,125" ten="350,360,183,107" oya="0" hai0="27,13,21,92,31,72,124,9,58,128,119,80,5" hai1="55,95,16,129,70,19,98,43,34,135,63,134,59" hai2="126,28,101,120,78,33,17,53,93,109,54,66,39" hai3="102,50,106,71,2,65,117,81,25,12,8,91,46"/><T64/><D124/><U132/><E70/><V14/><F39/><W110/><G117/><T79/><D119/><U96/><E34/><V6/><F6/><W118/><G110/><T114/><D114/><U7/><E7/><V38/><F78/><W85/><G118/><T48/><D128/><U74/><E74/><V100/><F38/><W42/><G2/><T57/><D64/><U75/><E75/><V83/><F83/><W62/><G25/><T97/><REACH who="0" step="1"/><D48/><REACH who="0" ten="340,360,183,107" step="2"/><U113/><E113/><V18/><F66/><W77/><G102/><AGARI ba="0,1" hai="5,9,13,21,27,31,57,58,72,79,80,92,97,102" machi="102" ten="30,11600,0" yaku="1,1,2,1,7,1,53,1" doraHai="125" doraHaiUra="89" who="0" fromWho="3" sc="340,126,360,0,183,0,107,-116" owari="466,57.0,360,16.0,183,-22.0,-9,-51.0" /></mjloggm>