<mjloggm ver="2.3"><GO type="225" lobby="0"/><UN n0="%E5%B0%B1%E6%B4%BB%E7%94%9F%40%E5%B7%9D%E6%9D%91%E8%BB%8D%E5%9B%A3" n1="%E5%B7%9D%E6%9D%91%E6%99%83%E8%A3%95%EF%BC%88%E4%B8%A1%E6%96%B9%EF%BC%89" n2="%73%61%72%61%6B" n3="%E3%81%A1%E3%83%BC%E3%81%A6%E3%82%93" dan="16,16,16,16" rate="2123.81,2071.10,2109.25,2027.98" sx="M,M,M,M"/><TAIKYOKU oya="0"/><INIT seed="0,0,0,0,1,93" ten="250,250,250,250" oya="0" hai0="15,118,88,69,34,122,21,8,96,97,18,59,65" hai1="66,51,38,128,58,73,127,13,24,17,70,48,71" hai2="60,27,80,82,121,125,120,92,22,23,41,89,84" hai3="4,116,115,30,132,78,9,29,110,95,126,76,85"/><T113/><D69/><N who="1" m="26123" /><E17/><V81/><F125/><W33/><G115/><T103/><D34/><U133/><E13/><V11/><F41/><W37/><G37/><T1/><D122/><U107/><E24/><V106/><F106/><W44/><G126/><T54/><D118/><U7/><E7/><V46/><F46/><W57/><G44/><T91/><D65/><U72/><E107/><V112/><F112/><W5/><G116/><T14/><D1/><U12/><E12/><V32/><F11/><W109/><G132/><T35/><D35/><U102/><E102/><V101/><F101/><W108/><G57/><T25/><D113/><U86/><E86/><V61/><F32/><W75/><G75/><T131/><D131/><U26/><E26/><V129/><F129/><W63/><G63/><N who="2" m="24137" /><F121/><W50/><G50/><N who="1" m="18986" /><E38/><V31/><F120/><W79/><G33/><T90/><D103/><U100/><E100/><V52/><F23/><W20/><G20/><T36/><D36/><U43/><E127/><V134/><F134/><W56/><G5/><N who="0" m="3343" /><D15/><U62/><E43/><V124/><F124/><W53/><G4/><T111/><D111/><U2/><E2/><V114/><F114/><W28/><G9/><T16/><D18/><U67/><E133/><V39/><F39/><W49/><G95/><T119/><D119/><U94/><E128/><V98/><F84/><AGARI ba="0,0" hai="28,29,30,49,53,56,76,78,79,84,85,108,109,110" machi="84" ten="50,6400,0" yaku="29,2,14,1" doraHai="93" who="3" fromWho="2" sc="250,0,250,0,250,-64,250,64" /><INIT seed="1,0,0,3,2,94" ten="250,250,186,314" oya="1" hai0="71,98,109,14,31,86,120,30,130,79,24,90,87" hai1="28,63,113,35,85,101,12,117,40,125,38,106,60" hai2="22,46,115,111,43,119,93,91,7,15,99,64,97" hai3="77,70,65,131,44,21,19,104,42,121,122,25,61"/><U78/><E113/><V16/><F119/><W17/><G131/><T11/><D71/><U92/><E117/><V126/><F111/><W32/><G32/><T75/><D109/><U127/><E106/><V8/><F126/><N who="1" m="48137" /><E12/><V108/><F108/><W73/><G104/><T23/><D130/><U74/><E74/><V52/><F64/><W132/><G132/><T51/><D120/><U133/><E133/><V81/><F115/><W124/><G124/><T53/><D75/><U48/><E38/><V58/><F81/><W69/><G69/><T3/><D3/><U114/><E114/><V36/><F99/><W59/><G70/><T134/><D31/><U26/><E78/><V5/><REACH who="2" step="1"/><F8/><REACH who="2" ten="250,250,176,314" step="2"/><W47/><G121/><T18/><D134/><U39/><E101/><V88/><F88/><W10/><G10/><T76/><D98/><U80/><E80/><V72/><F72/><W4/><G122/><T112/><D112/><U9/><E92/><V57/><F57/><W68/><G59/><N who="0" m="33215" /><D87/><U49/><E85/><V67/><F67/><W41/><G65/><T95/><AGARI ba="0,1" hai="11,14,18,23,24,30,76,79,86,90,95" m="33215" machi="95" ten="30,1100,0" yaku="8,1" doraHai="94" who="0" fromWho="0" sc="250,21,250,-5,176,-3,314,-3" /><INIT seed="2,0,0,3,5,4" ten="271,245,173,311" oya="2" hai0="57,58,113,128,32,40,68,83,8,1,41,108,49" hai1="37,115,76,86,23,38,53,107,135,24,0,12,62" hai2="30,56,103,19,67,125,118,122,52,44,35,61,90" hai3="97,9,70,120,11,45,50,130,116,2,27,33,124"/><V123/><F118/><W6/><G116/><T110/><D32/><U34/><E0/><V20/><F125/><W133/><G120/><T106/><D106/><U28/><E107/><V132/><F132/><W47/><G133/><T18/><D68/><U66/><E135/><V51/><F103/><W78/><G70/><T71/><D71/><U87/><E53/><V100/><F100/><W95/><G124/><T15/><D1/><U112/><E38/><V21/><F90/><W92/><G78/><T127/><D128/><U77/><E37/><V134/><F134/><W117/><G117/><T89/><D113/><U14/><E76/><V81/><F81/><W129/><G11/><T3/><D3/><U42/><E42/><N who="0" m="16489" /><D49/><U96/><E96/><V48/><F48/><W111/><G111/><N who="0" m="42539" /><D127/><U98/><E34/><V5/><F5/><W7/><G7/><T109/><D109/><U74/><E115/><V91/><F91/><W75/><G50/><T69/><D69/><U104/><E112/><V84/><F84/><AGARI ba="0,0" hai="8,15,18,57,58,83,84,89" m="42539,16489" machi="84" ten="30,2000,0" yaku="14,1,52,1" doraHai="4" who="0" fromWho="2" sc="271,20,245,0,173,-20,311,0" /><INIT seed="3,0,0,5,0,10" ten="291,245,153,311" oya="3" hai0="133,78,101,111,36,134,22,47,46,55,116,12,93" hai1="114,53,81,69,60,100,97,126,80,96,90,58,128" hai2="26,135,54,28,39,82,20,74,1,112,44,52,121" hai3="131,123,49,48,107,98,56,5,30,89,64,118,33"/><W8/><G118/><T117/><D111/><U0/><E114/><V86/><F135/><N who="0" m="51722" /><D78/><U24/><E0/><V32/><F112/><W7/><G123/><T127/><D127/><U41/><E126/><V109/><F109/><W34/><G131/><T95/><D55/><U65/><E128/><V120/><F74/><W15/><G7/><T40/><D47/><U16/><E41/><V42/><F1/><W59/><G59/><T91/><D101/><U35/><E90/><V103/><F103/><W71/><G71/><T25/><D25/><U11/><E35/><V9/><F9/><W23/><G34/><T125/><D125/><U57/><E69/><V31/><F31/><W3/><G33/><T73/><D73/><U13/><E24/><V18/><F121/><W94/><G107/><T77/><D77/><U62/><E97/><V132/><F132/><W75/><G75/><T129/><D129/><U130/><E130/><V19/><F120/><W66/><G3/><T4/><D95/><AGARI ba="0,0" hai="11,13,16,53,57,58,60,62,65,80,81,95,96,100" machi="95" ten="30,7700,0" yaku="7,1,8,1,52,1,54,1" doraHai="10" who="1" fromWho="0" sc="291,-77,245,77,153,0,311,0" owari="214,-19.0,322,43.0,153,-35.0,311,11.0" /></mjloggm>