<mjloggm ver="2.3"><GO type="97" lobby="0"/><UN n0="%E9%9B%80%E5%A3%AB%E3%81%AC%E3%82%8B%E3%82%8A%E3%82%93" n1="%E6%B5%B7%E6%9C%AA" n2="%E3%83%88%E3%83%88%E3%83%AA%E5%85%88%E7%94%9F%31%39%E6%AD%B3" n3="%E6%AC%A1%E4%BA%9C%E5%A1%A9%E7%B4%A0%E9%85%B8" dan="15,14,15,14" rate="2000.83,1924.76,2043.08,1881.70" sx="M,F,F,M"/><TAIKYOKU oya="0"/><INIT seed="0,0,0,0,5,121" ten="250,250,250,250" oya="0" hai0="125,59,74,70,71,7,36,115,51,110,133,86,15" hai1="77,43,107,92,38,39,119,108,103,97,1,41,53" hai2="122,32,11,8,16,20,34,22,62,84,101,30,25" hai3="75,131,55,116,46,129,90,66,87,19,114,21,42"/><T126/><D74/><U95/><E119/><V132/><F101/><W80/><G116/><T120/><D36/><U76/><E1/><V68/><F68/><W67/><G114/><T128/><D120/><U112/><E112/><V135/><F122/><W44/><G75/><T2/><D2/><U96/><E53/><V63/><F84/><W58/><G19/><T0/><D0/><U94/><E94/><V130/><F63/><N who="3" m="36319" /><G21/><T127/><D115/><U14/><E14/><N who="2" m="9239" /><F62/><W65/><G44/><T64/><D133/><N who="2" m="51274" /><F130/><N who="3" m="49675" /><G46/><T54/><D128/><U28/><E103/><V79/><F79/><W5/><G42/><T106/><D106/><U50/><E107/><V17/><F34/><W81/><G81/><T37/><D37/><U98/><E39/><V4/><F4/><AGARI ba="0,0" hai="4,5,65,66,67,80,87,90" m="49675,36319" machi="4" ten="30,1000,0" yaku="19,1" doraHai="121" who="3" fromWho="2" sc="250,0,250,0,250,-10,250,10" /><INIT seed="1,0,0,5,5,63" ten="250,250,240,260" oya="1" hai0="21,94,6,89,109,35,97,15,30,74,5,83,134" hai1="126,112,53,93,25,47,114,67,91,92,108,68,0" hai2="50,57,73,61,124,1,111,13,87,72,121,100,27" hai3="24,31,42,28,12,130,95,69,129,19,36,64,113"/><U88/><E0/><V3/><F121/><W106/><G106/><T103/><D109/><U115/><E108/><V9/><F111/><W55/><G113/><T4/><D134/><U62/><E126/><V101/><F124/><W41/><G55/><T75/><D35/><U135/><E135/><V82/><F50/><W66/><G69/><T14/><D75/><U11/><E11/><V125/><F125/><W20/><G95/><T123/><D123/><U22/><E47/><V52/><F73/><W37/><G28/><T23/><D74/><U48/><E48/><V132/><F72/><W117/><G117/><T2/><D2/><U105/><E53/><V43/><F132/><W127/><G127/><T32/><D32/><U131/><E131/><N who="3" m="50186" /><G41/><T45/><D45/><U107/><E92/><V17/><F43/><W76/><G76/><T58/><D58/><U99/><REACH who="1" step="1"/><E91/><REACH who="1" ten="250,240,240,260" step="2"/><N who="2" m="51703" /><F1/><W86/><G42/><T49/><D49/><U54/><E54/><V133/><F3/><W110/><G110/><T80/><D89/><U46/><E46/><V34/><F133/><W118/><G118/><T119/><D119/><U77/><E77/><V16/><F34/><W44/><G44/><T81/><D23/><AGARI ba="0,1" hai="9,13,16,17,23,27,52,57,61,100,101" m="51703" machi="23" ten="30,3900,0" yaku="8,1,54,2" doraHai="63" who="2" fromWho="0" sc="250,-39,240,0,240,49,260,0" /><INIT seed="2,0,0,4,1,19" ten="211,240,289,260" oya="2" hai0="62,118,119,46,132,78,116,35,53,17,115,52,82" hai1="90,69,133,10,130,63,103,31,22,94,60,65,128" hai2="111,80,33,27,68,12,79,99,59,88,93,109,102" hai3="14,61,114,37,67,127,6,107,40,30,117,13,70"/><V43/><F68/><W120/><G117/><T121/><D115/><U39/><E39/><V96/><F43/><W5/><G120/><T20/><D35/><U23/><E133/><V0/><F0/><W95/><G107/><T4/><D132/><U100/><E31/><V125/><F125/><W104/><G104/><T135/><D121/><U91/><E10/><V105/><F59/><W57/><G127/><T134/><D4/><U45/><E45/><V15/><F27/><W29/><G37/><T108/><D108/><N who="2" m="41546" /><F33/><W16/><G40/><T81/><D81/><U3/><E3/><V21/><F21/><N who="1" m="7689" /><E60/><V112/><F112/><W101/><G70/><T1/><D1/><U113/><E113/><V76/><F76/><W122/><G122/><T129/><D62/><U72/><E72/><AGARI ba="0,0" hai="12,15,72,79,80,88,93,96,99,102,105" m="41546" machi="72" ten="30,5800,0" yaku="14,1,10,1,54,1" doraHai="19" who="2" fromWho="1" sc="211,0,240,-58,289,58,260,0" /><INIT seed="2,1,0,2,5,52" ten="211,182,347,260" oya="2" hai0="116,27,106,26,97,21,56,76,82,5,30,84,75" hai1="7,126,135,111,107,94,95,101,96,120,3,19,63" hai2="92,31,88,10,55,68,112,50,73,121,80,70,64" hai3="81,74,109,134,90,79,46,105,16,129,87,114,9"/><V69/><F112/><W41/><G114/><T132/><D5/><U57/><E111/><V37/><F121/><W54/><G109/><T22/><D132/><U59/><E120/><V1/><F37/><W86/><G105/><T25/><D116/><U65/><E135/><V93/><F64/><W51/><G134/><T71/><D71/><U38/><E38/><V122/><F122/><W118/><G118/><T36/><D36/><U130/><E130/><V103/><F31/><W39/><G129/><T45/><D45/><U23/><E126/><V35/><F35/><W12/><REACH who="3" step="1"/><G90/><REACH who="3" ten="211,182,347,250" step="2"/><T4/><D106/><U100/><E100/><V85/><F103/><W117/><G117/><T61/><D75/><U28/><E28/><V131/><F73/><W11/><G11/><T78/><D30/><U49/><E3/><V8/><F131/><W17/><G17/><T15/><D76/><U113/><E7/><V6/><REACH who="2" step="1"/><F8/><REACH who="2" ten="211,182,337,250" step="2"/><W48/><G48/><T34/><D34/><U127/><E113/><V110/><F110/><W119/><G119/><T32/><D32/><U13/><REACH who="1" step="1"/><E127/><REACH who="1" ten="211,172,337,250" step="2"/><V44/><AGARI ba="1,3" hai="1,6,10,44,50,55,68,69,70,80,85,88,92,93" machi="44" ten="30,11700,0" yaku="1,1,0,1,54,1,53,1" doraHai="52" doraHaiUra="42" who="2" fromWho="2" sc="211,-40,172,-40,337,150,250,-40" /><INIT seed="2,2,0,0,2,14" ten="171,132,487,210" oya="2" hai0="13,126,63,119,133,5,123,60,95,135,47,50,11" hai1="32,29,12,53,26,72,3,128,56,120,112,10,41" hai2="71,102,129,68,30,77,4,51,73,130,108,99,7" hai3="89,40,76,19,43,66,44,37,114,45,113,104,55"/><V61/><F108/><W59/><G104/><T1/><D123/><U8/><E112/><N who="3" m="43114" /><G76/><T92/><D126/><U74/><E120/><V131/><F30/><W49/><G89/><T23/><D119/><U87/><E128/><V78/><F51/><N who="3" m="27015" /><G19/><N who="0" m="10735" /><D92/><U67/><E67/><AGARI ba="2,0" hai="37,43,45,49,55,59,66,67" m="27015,43114" machi="67" ten="30,3900,0" yaku="11,1,34,2" doraHai="14" who="3" fromWho="1" sc="171,0,132,-45,487,0,210,45" /><INIT seed="3,0,0,3,5,22" ten="171,87,487,255" oya="3" hai0="90,49,121,98,29,52,130,26,123,120,86,110,105" hai1="21,82,106,67,100,102,23,12,135,33,2,64,35" hai2="59,1,50,70,27,48,79,92,129,73,46,93,111" hai3="117,34,15,3,74,72,131,113,7,25,78,108,128"/><W132/><G3/><T14/><D110/><U19/><E135/><V94/><F70/><W89/><G108/><T112/><D130/><U122/><E122/><V81/><F1/><W0/><G0/><T53/><D112/><U24/><E2/><V16/><F111/><W31/><G132/><T125/><D125/><U18/><E35/><V134/><F129/><N who="3" m="49739" /><G117/><T17/><D98/><U109/><E109/><V58/><F134/><W41/><G41/><T66/><D66/><U47/><E33/><V116/><F116/><W104/><G104/><T40/><D40/><U126/><E126/><V20/><F50/><W38/><G38/><T4/><D4/><U11/><E11/><V45/><F45/><W54/><G54/><T107/><D53/><U88/><E47/><V63/><F63/><W69/><G69/><T56/><D17/><U97/><REACH who="1" step="1"/><E102/><REACH who="1" ten="171,77,487,255" step="2"/><V115/><F115/><W83/><G34/><T44/><D44/><U85/><AGARI ba="0,1" hai="12,18,19,21,23,24,64,67,82,85,88,97,100,106" machi="85" ten="30,8000,1" yaku="1,1,2,1,0,1,52,1,54,1,53,0" doraHai="22" doraHaiUra="68" who="1" fromWho="1" sc="171,-20,77,90,487,-20,255,-40" owari="151,-35.0,167,-23.0,467,56.0,215,2.0" /></mjloggm>