<mjloggm ver="2.3"><GO type="41" lobby="0"/><UN n0="%6A%65%6A%75%6E" n1="%E5%B0%B1%E6%B4%BB%E7%94%9F%40%E5%B7%9D%E6%9D%91%E8%BB%8D%E5%9B%A3" n2="%74%61%67%74%61%6B" n3="%E5%B9%B3%E4%BA%95%E9%8A%80%E4%BA%8C" dan="14,14,13,14" rate="1865.54,1955.15,1806.42,1959.78" sx="M,M,M,M"/><TAIKYOKU oya="0"/><INIT seed="0,0,0,1,0,95" ten="250,250,250,250" oya="0" hai0="87,56,72,31,35,73,5,25,88,109,86,41,33" hai1="6,94,4,13,82,42,11,131,84,118,74,128,12" hai2="135,76,83,9,130,7,117,15,80,69,34,62,38" hai3="29,110,93,97,44,49,22,66,75,39,70,132,91"/><T37/><D109/><U17/><E118/><V57/><F34/><W115/><G115/><T98/><D5/><U101/><E74/><V124/><F38/><W36/><G110/><T103/><D35/><U65/><E65/><V50/><F117/><W40/><G75/><T61/><D41/><U54/><E42/><V32/><F32/><W106/><G132/><T119/><D37/><U127/><E127/><V24/><F135/><W26/><REACH who="3" step="1"/><G106/><REACH who="3" ten="250,250,250,240" step="2"/><T85/><D119/><U114/><E114/><V108/><F108/><W30/><G30/><T89/><D73/><U19/><E128/><V0/><F69/><W112/><G112/><T46/><D72/><U68/><E131/><V129/><F129/><W16/><G16/><T58/><D31/><U104/><E68/><V48/><F130/><W99/><G99/><T134/><D98/><N who="1" m="59607" /><E104/><V67/><F124/><W122/><G122/><T77/><D134/><U20/><E54/><V1/><F1/><W78/><G78/><AGARI ba="0,1" hai="4,6,11,12,13,17,19,20,78,82,84" m="59607" machi="78" ten="30,2000,0" yaku="8,1,52,1" doraHai="95" who="1" fromWho="3" sc="250,0,250,30,250,0,240,-20" /><INIT seed="1,0,0,2,4,28" ten="250,280,250,220" oya="1" hai0="4,38,62,107,48,116,70,33,130,98,72,27,50" hai1="1,15,122,120,43,119,61,39,51,14,46,3,133" hai2="112,21,36,34,88,128,10,117,82,125,56,54,6" hai3="13,9,108,132,102,18,95,26,20,111,75,123,91"/><U42/><E119/><V49/><F117/><W126/><G123/><T104/><D116/><U66/><E133/><V53/><F36/><W131/><G132/><T5/><D72/><U85/><E39/><V135/><F135/><W86/><G131/><T0/><D38/><U81/><E43/><V23/><F128/><W32/><G75/><T65/><D130/><U11/><E15/><V74/><F34/><W17/><G126/><T92/><D107/><U60/><E122/><V44/><F125/><W115/><G115/><T47/><D104/><U134/><E134/><V30/><F30/><W40/><G40/><T73/><D73/><U97/><E97/><V2/><F112/><W80/><G32/><T93/><D0/><U118/><E118/><V29/><F29/><W124/><G124/><T8/><D8/><U52/><E42/><V89/><F74/><W110/><REACH who="3" step="1"/><G102/><REACH who="3" ten="250,280,250,210" step="2"/><T71/><D33/><U129/><E129/><V121/><F121/><W67/><G67/><T12/><D65/><U64/><E120/><V25/><F21/><W106/><G106/><T59/><D71/><U68/><E64/><V58/><F89/><W90/><G90/><T127/><D70/><U45/><E66/><V22/><F22/><W96/><G96/><T103/><D103/><U109/><E68/><V35/><F35/><W79/><G79/><T69/><D69/><U24/><E85/><V87/><F54/><W7/><G7/><T37/><D4/><U77/><E77/><V78/><F78/><W41/><G41/><T83/><D127/><U84/><E84/><V101/><F101/><RYUUKYOKU ba="0,1" sc="250,-15,280,-15,250,15,210,15" hai2="2,6,10,23,25,44,49,53,56,58,82,87,88" hai3="9,13,17,18,20,26,80,86,91,95,108,110,111" /><INIT seed="2,1,1,2,4,17" ten="235,265,265,225" oya="2" hai0="87,37,32,58,2,130,96,98,11,29,79,10,111" hai1="120,101,22,41,124,49,76,122,97,44,52,24,67" hai2="7,91,74,80,117,20,66,127,125,12,55,51,59" hai3="8,110,82,23,62,102,75,47,40,35,129,72,116"/><V34/><F34/><W135/><G116/><T38/><D111/><U48/><E124/><V39/><F39/><W134/><G110/><T121/><D121/><N who="1" m="46699" /><E67/><V95/><F117/><W43/><G35/><T21/><D32/><U89/><E76/><V115/><F115/><W78/><G129/><T18/><D29/><N who="1" m="17559" /><E89/><V46/><F80/><W94/><G8/><T119/><D11/><U113/><E113/><V1/><F1/><W13/><G72/><T57/><D10/><U9/><E9/><V15/><F74/><W42/><G62/><T61/><D2/><U19/><E19/><N who="2" m="10343" /><F15/><W131/><G131/><T28/><D18/><U65/><E65/><V50/><F7/><W3/><G3/><T4/><D61/><U103/><E97/><N who="2" m="57599" /><F66/><W27/><G13/><T5/><D4/><U63/><E63/><N who="2" m="36351" /><F46/><AGARI ba="1,1" hai="41,44,46,48,49,52,101,103" m="17559,46699" machi="46" ten="30,3900,0" yaku="13,1,52,1,54,1" doraHai="17" who="1" fromWho="2" sc="235,0,265,52,265,-42,225,0" /><INIT seed="3,0,0,5,3,21" ten="235,317,223,225" oya="3" hai0="44,9,35,92,12,112,129,42,81,54,135,60,26" hai1="31,6,89,71,57,121,7,19,65,113,5,114,93" hai2="124,36,70,22,119,10,123,125,83,116,67,55,32" hai3="95,131,23,97,62,122,106,105,1,73,61,43,110"/><W115/><G122/><T111/><D111/><U2/><E71/><V51/><F36/><W30/><G115/><T66/><D135/><U127/><E2/><V117/><F32/><W108/><G1/><T77/><D112/><U45/><E121/><V72/><F10/><W53/><G73/><T102/><D129/><U46/><E127/><N who="2" m="48715" /><F72/><W33/><G33/><T27/><D54/><U100/><E100/><V88/><F22/><W24/><G43/><T40/><D102/><U86/><E31/><V82/><F67/><W69/><G131/><T120/><D120/><U28/><E28/><V78/><F70/><W49/><G69/><T133/><D133/><U47/><E19/><V64/><F64/><W107/><G49/><T8/><D92/><U68/><E68/><V128/><F78/><W25/><G25/><T13/><D35/><U74/><E74/><V132/><F132/><W91/><REACH who="3" step="1"/><G53/><REACH who="3" ten="235,317,223,215" step="2"/><T16/><D27/><U34/><E34/><V18/><F128/><W29/><G29/><T50/><D26/><U90/><E114/><V63/><F18/><W48/><G48/><T118/><D42/><U0/><E0/><V15/><F15/><W126/><G126/><T101/><D13/><U52/><E113/><V84/><F63/><AGARI ba="0,1" hai="23,24,30,61,62,63,91,95,97,105,106,107,108,110" machi="63" ten="50,4800,0" yaku="1,1,52,1,53,0" doraHai="21" doraHaiUra="11" who="3" fromWho="2" sc="235,0,317,0,223,-48,215,58" /><INIT seed="3,1,0,3,3,87" ten="235,317,175,273" oya="3" hai0="20,105,43,46,77,78,9,15,48,134,99,14,58" hai1="5,81,128,26,73,112,133,61,92,25,82,62,68" hai2="29,95,35,49,83,126,108,8,52,130,84,0,70" hai3="90,21,74,33,23,41,85,114,1,120,118,103,124"/><W4/><G114/><T65/><D134/><U2/><E112/><V17/><F70/><W98/><G120/><T13/><D105/><U135/><E2/><V89/><F108/><W93/><G118/><T12/><D99/><U132/><E5/><V22/><F130/><W36/><G33/><T47/><D20/><U30/><E128/><V18/><F35/><W76/><G124/><T38/><D58/><U117/><E117/><V119/><F126/><W54/><G54/><T56/><D56/><U91/><E26/><V16/><F29/><W123/><G123/><T107/><D65/><N who="1" m="41007" /><E62/><V59/><F119/><W63/><G63/><T28/><D28/><U31/><E73/><V131/><F131/><W39/><G39/><T50/><D107/><U94/><E94/><V34/><F34/><W71/><G71/><T11/><D38/><U7/><E7/><V101/><F101/><W115/><G115/><T45/><N who="0" m="3584" /><DORA hai="106" /><T55/><REACH who="0" step="1"/><D47/><REACH who="0" ten="225,317,175,273" step="2"/><U129/><E129/><V24/><F8/><AGARI ba="1,1" hai="8,9,11,43,45,46,48,50,55,77,78" m="3584" machi="8" ten="50,8000,1" yaku="1,1,2,1,8,1,53,2" doraHai="87,106" doraHaiUra="67,75" who="0" fromWho="2" sc="225,93,317,0,175,-83,273,0" /><INIT seed="4,0,0,3,2,15" ten="318,317,92,273" oya="0" hai0="123,73,80,77,114,132,46,111,94,72,56,99,66" hai1="2,12,106,135,42,101,117,41,103,5,1,60,116" hai2="11,61,53,95,48,31,20,59,87,3,96,118,29" hai3="30,74,129,92,64,75,119,70,110,38,0,51,127"/><T88/><D46/><U65/><E135/><V33/><F118/><W25/><G119/><T49/><D49/><U133/><E133/><V91/><F33/><W55/><G110/><T113/><D56/><U7/><E12/><V16/><F11/><W45/><G0/><T40/><D40/><U128/><E128/><V97/><F3/><W86/><G129/><T57/><D57/><U134/><E134/><V52/><F97/><W18/><G127/><T28/><D66/><U62/><E106/><V115/><F115/><N who="0" m="44042" /><D28/><U43/><E43/><V37/><F37/><W4/><G4/><T35/><D35/><U89/><E89/><V122/><F122/><W17/><G38/><T82/><D132/><U44/><E44/><N who="2" m="27655" /><F96/><W131/><G131/><T13/><D13/><AGARI ba="0,0" hai="13,16,20,29,31,53,59,61,87,91,95" m="27655" machi="13" ten="30,7700,0" yaku="8,1,52,1,54,2" doraHai="15" who="2" fromWho="0" sc="318,-77,317,0,92,77,273,0" /><INIT seed="5,0,0,1,3,74" ten="241,317,169,273" oya="1" hai0="13,50,81,111,124,75,85,49,93,17,46,123,34" hai1="103,79,61,0,47,52,8,40,99,108,55,60,113" hai2="104,57,128,135,122,73,117,36,107,45,37,11,29" hai3="42,130,127,133,102,16,23,18,19,78,66,70,134"/><U14/><E0/><V92/><F122/><W51/><G130/><T67/><D111/><U95/><E108/><V3/><F117/><W69/><G102/><T87/><D34/><U120/><E120/><V2/><F57/><W59/><G127/><T33/><D33/><U58/><E113/><V28/><F92/><W119/><G119/><T131/><D123/><U20/><E20/><V72/><F128/><W56/><G23/><T4/><D4/><U132/><E132/><N who="3" m="50794" /><G78/><T101/><D131/><U21/><E21/><V125/><F135/><W97/><G97/><N who="0" m="59567" /><D75/><N who="2" m="28746" /><F45/><N who="3" m="26039" /><G70/><T96/><D124/><U86/><E40/><V35/><F11/><W105/><G105/><N who="2" m="40521" /><F125/><W7/><G7/><T6/><D6/><N who="1" m="3351" /><E47/><V115/><F35/><W112/><G59/><T41/><D67/><N who="1" m="39319" /><E61/><V121/><F121/><W53/><G69/><T100/><D50/><U106/><E106/><V126/><F126/><W116/><G116/><T48/><D48/><U129/><E129/><V1/><F115/><W114/><G66/><T15/><D17/><U71/><E71/><V77/><F77/><W90/><G90/><N who="0" m="51503" /><D87/><U31/><E31/><AGARI ba="0,0" hai="1,2,3,28,29,31,36,37" m="40521,28746" machi="31" ten="40,2600,0" yaku="28,2" doraHai="74" who="2" fromWho="1" sc="241,0,317,-26,169,26,273,0" /><INIT seed="6,0,0,2,4,99" ten="241,291,195,273" oya="2" hai0="37,127,106,122,22,44,51,8,93,85,64,112,75" hai1="2,71,82,73,24,43,1,38,11,125,80,95,126" hai2="26,28,58,84,4,91,111,41,36,40,67,35,90" hai3="89,45,115,129,31,100,123,47,116,72,109,32,110"/><V132/><F36/><W118/><G31/><T86/><D122/><U42/><E71/><V50/><F111/><N who="3" m="42507" /><G32/><T13/><D75/><U30/><E95/><V124/><F4/><W108/><G45/><T19/><D106/><U76/><E80/><V104/><F104/><W49/><G49/><T39/><D112/><U18/><E18/><V15/><F132/><W97/><G47/><T33/><D33/><U83/><E83/><V77/><F77/><W98/><N who="3" m="42515" /><W29/><DORA hai="3" /><G29/><T53/><D127/><N who="1" m="48651" /><E38/><V134/><F124/><W54/><G54/><T70/><D22/><N who="1" m="15639" /><E2/><V12/><F91/><W10/><G123/><T87/><REACH who="0" step="1"/><D93/><REACH who="0" ten="231,291,195,273" step="2"/><U60/><E60/><AGARI ba="0,1" hai="8,13,19,37,39,44,51,53,60,64,70,85,86,87" machi="60" ten="40,2600,0" yaku="1,1,2,1,53,0" doraHai="99,3" doraHaiUra="121,130" who="0" fromWho="1" sc="231,36,291,-26,195,0,273,0" /><INIT seed="7,0,0,5,1,40" ten="267,265,195,273" oya="3" hai0="35,37,10,7,52,43,134,39,54,36,118,126,109" hai1="89,41,129,44,60,23,117,121,108,64,71,29,38" hai2="0,93,53,72,135,101,76,119,59,9,2,86,120" hai3="1,48,22,99,104,125,50,66,46,20,56,31,13"/><W73/><G1/><T16/><D118/><U34/><E108/><V122/><F119/><W98/><G73/><T18/><D109/><U15/><E121/><V111/><F111/><W11/><G104/><T69/><D35/><U103/><E117/><V116/><F116/><W95/><G125/><T61/><D126/><U115/><E115/><V91/><F135/><W65/><G31/><T6/><D134/><U92/><E129/><V68/><F68/><W96/><G95/><T49/><D43/><U112/><E112/><V19/><F101/><W78/><G78/><T17/><D10/><U75/><E75/><V51/><F76/><W85/><G85/><T33/><D33/><U32/><E103/><V132/><F72/><W130/><G130/><T82/><D82/><U21/><E21/><N who="3" m="8298" /><G50/><T128/><D128/><U24/><REACH who="1" step="1"/><E15/><REACH who="1" ten="267,255,195,273" step="2"/><V110/><F110/><W55/><G56/><T81/><D81/><U87/><AGARI ba="0,1" hai="23,24,29,32,34,38,41,44,60,64,71,87,89,92" machi="87" ten="20,12000,2" yaku="1,1,2,1,0,1,7,1,52,1,53,1" doraHai="40" doraHaiUra="27" who="1" fromWho="1" sc="267,-30,255,130,195,-30,273,-60" owari="237,4.0,385,48.0,165,-33.0,213,-19.0" /></mjloggm>