<mjloggm ver="2.3"><GO type="41" lobby="0"/><UN n0="%E3%83%8F%E3%83%AA%E3%83%8D%E3%82%BA%E3%83%9F%E5%91%BD" n1="%E5%90%88%E8%A1%86%E5%9B%BD" n2="%E3%81%A8%E3%82%80%E3%82%84%E3%82%93" n3="%E5%B0%B1%E6%B4%BB%E7%94%9F%40%E5%B7%9D%E6%9D%91%E8%BB%8D%E5%9B%A3" dan="14,13,13,15" rate="1989.51,1829.80,1877.71,1990.69" sx="M,M,M,M"/><TAIKYOKU oya="0"/><INIT seed="0,0,0,3,1,66" ten="250,250,250,250" oya="0" hai0="89,3,34,56,33,117,36,84,105,87,0,103,58" hai1="99,57,79,93,125,40,114,14,8,15,21,31,6" hai2="80,116,129,44,111,76,109,39,29,102,90,122,19" hai3="49,50,20,62,81,68,130,41,72,65,48,12,13"/><T70/><D36/><U30/><E125/><V11/><F122/><W1/><G130/><T101/><D117/><U98/><E79/><V112/><F129/><W110/><G1/><T121/><D89/><U128/><E114/><V86/><F29/><W133/><G133/><T51/><D51/><U2/><E40/><V32/><F32/><W73/><G110/><N who="2" m="41993" /><F112/><W5/><G41/><T94/><D94/><U63/><E2/><V85/><F102/><W77/><G5/><T47/><D47/><U113/><E128/><V52/><F39/><W61/><G73/><T35/><D121/><U97/><E93/><V127/><F127/><W126/><G126/><T37/><D37/><U88/><E31/><V106/><F106/><W23/><G23/><T83/><D35/><U43/><E43/><V17/><F11/><W132/><G132/><T95/><D95/><N who="1" m="56551" /><E113/><V46/><F46/><W92/><G92/><T120/><D83/><U71/><E71/><V22/><F22/><W82/><G82/><T26/><D105/><U75/><E75/><N who="2" m="43039" /><F90/><W78/><G78/><T108/><D120/><U25/><E14/><V96/><F96/><W119/><G119/><T4/><D108/><U53/><AGARI ba="0,0" hai="6,8,15,21,25,30,53,57,63,98,99" m="56551" machi="53" ten="30,2000,0" yaku="8,1,54,1" doraHai="66" who="1" fromWho="1" sc="250,-10,250,20,250,-5,250,-5" /><INIT seed="1,0,0,1,1,78" ten="240,270,245,245" oya="1" hai0="71,54,44,115,97,94,60,50,103,122,99,1,75" hai1="25,129,93,82,121,73,110,90,100,130,102,17,119" hai2="9,38,118,3,26,23,86,32,49,133,63,74,92" hai3="112,11,21,20,76,89,18,126,45,131,68,67,7"/><U12/><E119/><V98/><F74/><W47/><G112/><T116/><D75/><U4/><E121/><V22/><F38/><W69/><G126/><T65/><D116/><U77/><E4/><V19/><F133/><W83/><G131/><N who="1" m="50186" /><E110/><V70/><F70/><W35/><G35/><T53/><D122/><U127/><E127/><V132/><F132/><W57/><G89/><T107/><D1/><U62/><E62/><V108/><F32/><W36/><G57/><T55/><REACH who="0" step="1"/><D115/><REACH who="0" ten="230,270,245,245" step="2"/><U111/><E111/><V64/><F118/><W13/><G67/><T15/><D15/><U41/><E25/><V66/><F108/><W27/><G21/><T124/><D124/><U104/><E104/><V125/><F125/><W34/><G34/><T85/><D85/><N who="1" m="52431" /><E41/><V88/><F66/><W56/><G36/><T109/><D109/><U91/><E12/><V40/><F3/><W24/><G24/><T42/><D42/><U29/><E29/><V61/><F64/><W95/><G27/><T81/><D81/><N who="1" m="45231" /><E17/><V84/><F19/><W79/><G18/><T87/><D87/><AGARI ba="0,1" hai="82,87,91,100,102" m="45231,52431,50186" machi="87" ten="30,12000,1" yaku="19,1,34,2,52,2" doraHai="78" who="1" fromWho="0" sc="230,-120,270,130,245,0,245,0" /><INIT seed="1,1,0,0,1,108" ten="110,400,245,245" oya="1" hai0="117,112,57,119,124,35,58,38,31,41,63,93,52" hai1="116,44,90,98,111,12,83,87,3,13,50,17,9" hai2="115,23,6,125,102,67,56,82,53,94,25,47,72" hai3="48,27,75,131,49,96,34,11,66,64,76,106,45"/><U78/><E116/><V104/><F104/><W133/><G131/><T4/><D4/><U113/><E113/><V59/><F115/><W114/><G114/><T61/><D31/><U79/><E111/><V99/><F125/><W110/><G110/><T29/><D29/><U71/><E71/><V122/><F122/><W69/><G133/><T14/><D35/><U123/><E123/><V81/><F6/><W32/><G11/><T15/><D112/><U129/><E129/><V132/><F132/><W97/><G76/><T80/><D80/><U89/><E3/><V118/><F72/><W37/><G75/><T126/><D93/><N who="1" m="56623" /><E13/><V103/><F103/><W2/><G2/><T120/><D120/><U10/><E9/><V18/><F47/><W121/><G45/><N who="0" m="23735" /><D14/><U68/><E68/><V85/><F85/><W0/><G0/><T33/><D15/><U22/><E22/><V19/><F18/><W130/><G27/><T16/><D16/><U77/><E77/><V39/><F39/><W21/><G21/><T7/><D33/><U135/><E135/><V100/><F102/><W60/><G130/><T51/><D7/><U127/><E127/><N who="0" m="48681" /><D63/><U24/><E24/><V88/><F100/><W95/><G60/><T26/><D26/><U92/><E92/><V109/><F25/><W86/><G121/><T84/><D84/><U105/><E105/><V65/><F109/><W1/><G86/><T74/><D74/><U91/><E91/><V107/><F88/><W30/><G106/><T36/><D36/><U70/><E70/><V5/><F107/><W20/><G37/><RYUUKYOKU ba="1,0" sc="110,15,400,15,245,-15,245,-15" hai0="51,52,57,58,61,117,119" hai1="10,12,17,44,50,78,79,83,87,90" /><INIT seed="1,2,0,5,1,55" ten="125,415,230,230" oya="1" hai0="31,2,29,74,123,3,34,17,9,57,133,18,26" hai1="103,11,16,111,72,33,113,96,25,88,20,90,50" hai2="75,69,104,108,61,112,53,117,124,73,49,59,44" hai3="134,56,41,132,4,116,37,15,126,65,30,22,110"/><U62/><E113/><V51/><F117/><W83/><G116/><T12/><D74/><U67/><E72/><V91/><F112/><W81/><G126/><T10/><D123/><U82/><E11/><N who="0" m="4105" /><D133/><N who="3" m="51305" /><G4/><T109/><D57/><U40/><E33/><V63/><F108/><W87/><G110/><T23/><D109/><U128/><E82/><V8/><F104/><W58/><G65/><T0/><D34/><U84/><E128/><V131/><F131/><W115/><G115/><T47/><D47/><U14/><E111/><V46/><F8/><AGARI ba="2,0" hai="0,2,3,8,12,17,18,23,26,29,31" m="4105" machi="8" ten="30,8000,1" yaku="35,5" doraHai="55" who="0" fromWho="2" sc="125,86,415,0,230,-86,230,0" /><INIT seed="2,0,0,4,0,15" ten="211,415,144,230" oya="2" hai0="113,88,2,14,129,94,64,34,107,96,33,8,79" hai1="60,70,22,91,101,74,130,54,25,83,127,3,102" hai2="55,97,126,135,95,51,42,18,27,109,103,62,124" hai3="87,1,28,110,112,120,43,7,47,131,67,11,108"/><V30/><F135/><W13/><G120/><T71/><D2/><U16/><E3/><V81/><F81/><W122/><G122/><T86/><D113/><U69/><E130/><V49/><F109/><N who="3" m="42091" /><G112/><T37/><D37/><U40/><E40/><V90/><F90/><W80/><G131/><T128/><D107/><U46/><E127/><N who="2" m="48683" /><F42/><W41/><G67/><T68/><D79/><U100/><E74/><V121/><F121/><W31/><G1/><T73/><D73/><U111/><E111/><V35/><F18/><W118/><G118/><T52/><D86/><U53/><E83/><V84/><F84/><W132/><G132/><T12/><D68/><U72/><E91/><V85/><F85/><W19/><G7/><T116/><D71/><U61/><E72/><V21/><F35/><W93/><G93/><T59/><D116/><U32/><E32/><N who="0" m="12393" /><D64/><U44/><E69/><V38/><F38/><N who="3" m="21943" /><G43/><T78/><D78/><AGARI ba="0,0" hai="11,13,19,28,31,78,80,87" m="21943,42091" machi="78" ten="30,2000,0" yaku="14,1,52,1" doraHai="15" who="3" fromWho="0" sc="211,-20,415,0,144,0,230,20" /><INIT seed="3,0,0,2,0,109" ten="191,415,144,250" oya="3" hai0="15,8,26,14,106,60,52,69,61,62,128,74,55" hai1="32,39,49,19,123,122,88,28,46,115,42,24,98" hai2="2,63,3,86,130,110,105,38,56,97,95,51,48" hai3="50,80,108,0,127,54,6,1,41,114,34,37,89"/><W4/><G34/><T116/><D74/><U93/><E115/><V81/><F110/><W99/><G108/><T111/><D106/><U45/><E19/><V135/><F135/><W112/><G37/><T12/><D111/><U77/><REACH who="1" step="1"/><E77/><REACH who="1" ten="191,405,144,250" step="2"/><V72/><F130/><W67/><G6/><T65/><D128/><U44/><E44/><V33/><F33/><W104/><G4/><T68/><D116/><U78/><E78/><V17/><F72/><W18/><G18/><T107/><D69/><U57/><E57/><V85/><F105/><W102/><G127/><T58/><D107/><U76/><E76/><V31/><F38/><W70/><G41/><AGARI ba="0,1" hai="24,28,32,39,41,42,45,46,49,88,93,98,122,123" machi="41" ten="30,3900,0" yaku="1,1,7,1,54,1,53,0" doraHai="109" doraHaiUra="121" who="1" fromWho="3" sc="191,0,405,49,144,0,250,-39" /><INIT seed="4,0,0,0,1,118" ten="191,454,144,211" oya="0" hai0="116,93,16,61,127,10,121,135,111,76,40,105,37" hai1="62,17,31,122,132,11,96,80,97,53,87,32,100" hai2="128,73,55,18,1,101,82,43,119,106,50,125,58" hai3="33,6,84,54,39,108,91,59,89,95,26,29,60"/><T44/><D116/><U123/><E132/><V134/><F134/><W13/><G108/><T24/><D105/><U102/><E32/><V28/><F119/><W104/><G104/><T52/><D135/><U20/><E31/><V48/><F1/><W86/><G39/><T99/><D111/><U64/><E53/><V57/><F128/><W103/><G103/><T115/><D127/><U88/><E11/><V25/><F125/><W114/><G114/><T27/><D115/><U72/><E72/><V120/><F18/><W14/><REACH who="3" step="1"/><G6/><REACH who="3" ten="191,454,144,201" step="2"/><T38/><D38/><U131/><E102/><V78/><F101/><W126/><G126/><T110/><D110/><U124/><E124/><V47/><F106/><W67/><G67/><T81/><D37/><U42/><E131/><V41/><F41/><W129/><G129/><T22/><D40/><U109/><E42/><V23/><REACH who="2" step="1"/><F58/><REACH who="2" ten="191,454,134,201" step="2"/><W34/><G34/><T2/><D44/><U65/><E109/><V113/><F113/><W7/><G7/><T92/><D2/><U3/><E3/><V79/><F79/><W15/><G15/><T90/><D76/><U77/><E77/><V71/><F71/><W107/><G107/><T94/><D27/><U130/><E130/><V68/><F68/><W85/><G85/><T69/><D24/><U36/><E100/><V30/><F30/><W46/><G46/><T4/><D4/><U35/><E35/><V51/><F51/><W112/><G112/><T74/><D74/><U0/><E36/><V49/><F49/><W5/><G5/><T45/><D45/><U21/><E0/><RYUUKYOKU ba="0,2" sc="191,-15,454,-15,134,15,201,15" hai2="23,25,28,43,47,48,50,55,57,73,78,82,120" hai3="13,14,26,29,33,54,59,60,84,86,89,91,95" /><INIT seed="5,1,2,3,4,100" ten="176,439,149,216" oya="1" hai0="106,25,52,27,115,33,78,68,70,97,89,126,55" hai1="24,91,77,94,83,123,50,6,131,102,121,16,64" hai2="2,19,62,81,120,15,76,130,34,107,125,32,101" hai3="132,129,92,5,42,103,60,128,51,135,40,124,3"/><U82/><E6/><V63/><F120/><W17/><G3/><T9/><D78/><U119/><E119/><V109/><F109/><W14/><G5/><T4/><D33/><U118/><E118/><V49/><F125/><W98/><G60/><T116/><D116/><U28/><E131/><N who="3" m="50250" /><G124/><T134/><D126/><U43/><E102/><V41/><F130/><W75/><G75/><T12/><D134/><N who="3" m="51241" /><G51/><T69/><D115/><U0/><E50/><V96/><F2/><W117/><G117/><T53/><REACH who="0" step="1"/><D89/><REACH who="0" ten="166,439,149,216" step="2"/><U26/><E91/><V111/><F111/><W90/><G90/><T57/><D57/><U99/><E123/><V46/><F63/><W1/><G1/><T122/><D122/><U21/><E0/><V18/><F62/><W22/><AGARI ba="1,3" hai="14,17,22,40,42,92,98,103" m="51241,50250" machi="22" ten="30,2000,0" yaku="19,1,20,1" doraHai="100" who="3" fromWho="3" sc="166,-6,439,-11,149,-6,216,53" /><INIT seed="6,0,0,0,3,10" ten="160,428,143,269" oya="2" hai0="82,23,19,113,96,110,36,8,103,91,93,58,72" hai1="41,18,122,102,106,34,6,71,92,45,65,130,46" hai2="29,98,20,97,105,28,75,86,74,100,90,134,104" hai3="118,15,78,123,111,38,99,87,31,54,128,131,61"/><V7/><F134/><W64/><G38/><T112/><D110/><U77/><E106/><V127/><F127/><W124/><G111/><T114/><D36/><U73/><E34/><V13/><F29/><W25/><G123/><T48/><D8/><U94/><E6/><V50/><F50/><W69/><G118/><T0/><D0/><U27/><E130/><V116/><F116/><W108/><G99/><T119/><D119/><U16/><E122/><V125/><F125/><W5/><G54/><T32/><D32/><U135/><E135/><V109/><F109/><W47/><G47/><T57/><D48/><U63/><E46/><V40/><F40/><W62/><G62/><T42/><D42/><U26/><E45/><V17/><F28/><W56/><G69/><T126/><D126/><U70/><E41/><V3/><F3/><W68/><G68/><T12/><D72/><U66/><E73/><V53/><F53/><W88/><G78/><T22/><D23/><U132/><E77/><V79/><F79/><W120/><G120/><T39/><D39/><U24/><E132/><V37/><F37/><W107/><G107/><T59/><D82/><U2/><E2/><V21/><F20/><N who="3" m="15783" /><G108/><T11/><D22/><U49/><E27/><V117/><F117/><W84/><G124/><T121/><D121/><U55/><E49/><V83/><REACH who="2" step="1"/><F7/><REACH who="2" ten="160,428,133,269" step="2"/><W9/><G128/><T95/><D112/><U1/><E1/><V14/><F14/><W67/><G131/><T4/><D4/><U44/><E55/><V30/><F30/><W115/><G5/><T80/><D80/><RYUUKYOKU ba="0,1" sc="160,15,428,-15,133,15,269,-15" hai0="11,12,19,57,58,59,91,93,95,96,103,113,114" hai2="13,17,21,74,75,83,86,90,97,98,100,104,105" /><INIT seed="6,1,1,2,4,10" ten="175,413,148,254" oya="2" hai0="114,15,76,64,80,13,74,36,101,59,41,60,2" hai1="93,12,27,123,55,120,34,129,99,25,56,9,18" hai2="134,115,111,96,46,133,14,119,38,32,100,105,107" hai3="83,7,48,40,17,22,71,42,91,95,125,108,21"/><V31/><F119/><W78/><G108/><T131/><D101/><N who="1" m="60655" /><E34/><V86/><F115/><W67/><G125/><T117/><D117/><U62/><E129/><V61/><F111/><W37/><G37/><T28/><D28/><U43/><E43/><N who="2" m="22903" /><F61/><W113/><G113/><T6/><D131/><U126/><E126/><V47/><F47/><W65/><G7/><T63/><D114/><U109/><E109/><V127/><F127/><W70/><G22/><T24/><D24/><N who="1" m="9291" /><E123/><V98/><F14/><N who="3" m="9399" /><G71/><T85/><D85/><U30/><E120/><V112/><F86/><N who="3" m="48503" /><G70/><T50/><D50/><U84/><E84/><V11/><F11/><W68/><G68/><T29/><D29/><AGARI ba="1,1" hai="9,12,18,29,30,55,56,62" m="9291,60655" machi="29" ten="30,2000,0" yaku="8,1,52,1" doraHai="10" who="1" fromWho="0" sc="175,-23,413,33,148,0,254,0" /><INIT seed="7,0,0,3,5,11" ten="152,446,148,254" oya="3" hai0="29,26,52,33,130,46,41,115,88,3,38,117,92" hai1="73,66,56,57,119,65,24,106,121,84,51,71,34" hai2="69,128,131,59,19,61,68,86,4,39,118,60,37" hai3="12,72,13,78,107,94,83,133,48,67,54,1,31"/><W53/><G1/><T104/><D104/><U96/><E121/><V10/><F118/><W135/><G107/><T124/><D117/><U7/><E73/><V36/><F86/><W123/><G123/><T111/><D111/><U108/><E108/><V42/><F19/><W44/><G67/><T103/><D103/><U110/><E110/><V81/><F81/><W76/><G76/><T102/><D102/><U17/><E17/><V97/><F97/><W120/><G120/><T15/><D3/><U101/><E84/><V55/><F4/><W93/><G31/><T82/><D124/><U32/><E7/><V63/><F10/><W74/><G54/><T79/><D115/><U49/><E119/><V14/><F14/><N who="3" m="5739" /><G74/><T70/><D130/><N who="2" m="49706" /><F42/><W43/><G43/><T58/><D70/><AGARI ba="0,0" hai="36,37,39,55,59,60,61,63,68,69,70" m="49706" machi="70" ten="40,5200,0" yaku="19,1,34,2" doraHai="11" who="2" fromWho="0" sc="152,-52,446,0,148,52,254,0" owari="100,-40.0,446,55.0,200,-20.0,254,5.0" /></mjloggm>