<mjloggm ver="2.3"><GO type="97" lobby="0"/><UN n0="%6D%69%6F" n1="%E5%92%B2%EF%BC%A0%E7%9B%A3%E7%9D%A3" n2="%E3%83%88%E3%83%88%E3%83%AA%E5%85%88%E7%94%9F%31%39%E6%AD%B3" n3="%E3%83%A1%E3%83%AB%E3%82%AF" dan="13,13,15,15" rate="1823.47,1890.57,2081.62,2005.59" sx="F,M,F,M"/><TAIKYOKU oya="0"/><INIT seed="0,0,0,4,5,23" ten="250,250,250,250" oya="0" hai0="81,122,75,16,20,126,11,22,12,71,48,35,103" hai1="69,59,83,117,26,21,4,121,90,114,128,46,38" hai2="47,50,76,17,28,10,98,36,70,15,32,112,72" hai3="88,106,5,93,33,3,14,115,56,9,66,63,78"/><T61/><D122/><U77/><E121/><V27/><F112/><W124/><G106/><T13/><D126/><U107/><E114/><V109/><F109/><W51/><G115/><T108/><D103/><U6/><E117/><V123/><F123/><W60/><G124/><T120/><D120/><U130/><E107/><V125/><F125/><W30/><G78/><T104/><D104/><U49/><E69/><V52/><F70/><W94/><G94/><T8/><D35/><U18/><E38/><V25/><F36/><W45/><G63/><T53/><D108/><U44/><E90/><V111/><F111/><W39/><G39/><T99/><D99/><U127/><E127/><V24/><REACH who="2" step="1"/><F98/><BYE who="2" /><REACH who="2" ten="250,250,240,250" step="2"/><W54/><G30/><T102/><D61/><U65/><E65/><V105/><F105/><W0/><REACH who="3" step="1"/><G33/><REACH who="3" ten="250,250,240,240" step="2"/><T91/><D71/><U41/><E130/><V62/><F62/><W101/><G101/><T82/><D102/><U64/><E128/><V29/><F29/><W19/><G19/><T110/><D110/><U131/><E131/><V134/><F134/><W58/><G58/><T55/><D48/><U57/><E64/><V43/><F43/><W133/><G133/><T89/><D16/><U97/><E57/><V74/><F74/><AGARI ba="0,2" hai="8,11,12,13,20,22,53,55,74,75,81,82,89,91" machi="74" ten="25,2400,0" yaku="22,2" doraHai="23" who="0" fromWho="2" sc="250,44,250,0,240,-24,240,0" /><INIT seed="0,1,0,0,5,95" ten="294,250,216,240" oya="0" hai0="68,69,72,62,2,74,77,59,76,7,94,6,91" hai1="53,48,123,10,111,46,28,33,125,108,80,37,9" hai2="100,31,20,128,120,8,106,13,104,93,64,65,112" hai3="41,56,101,96,66,67,85,26,50,110,115,117,3"/><T38/><D38/><U45/><E123/><V30/><F30/><W79/><G117/><T24/><D24/><U61/><E125/><V127/><F127/><W49/><G115/><T55/><D2/><U73/><E33/><UN n2="%E3%83%88%E3%83%88%E3%83%AA%E5%85%88%E7%94%9F%31%39%E6%AD%B3" /><V78/><F112/><W75/><G3/><T116/><D116/><U52/><E28/><V71/><F120/><W18/><G110/><N who="1" m="42026" /><E73/><V92/><F128/><W89/><G79/><T57/><D69/><U129/><E129/><V114/><BYE who="1" /><F114/><W47/><G75/><T118/><D68/><U81/><E81/><V17/><F78/><N who="0" m="30314" /><D74/><UN n1="%E5%92%B2%EF%BC%A0%E7%9B%A3%E7%9D%A3" /><U134/><E134/><V99/><F71/><W58/><G18/><T82/><D82/><U0/><E80/><V39/><F39/><W29/><G67/><N who="0" m="39375" /><D118/><U135/><E135/><V109/><F109/><W70/><G70/><T63/><D72/><U98/><E0/><V5/><F31/><W36/><G36/><T1/><D1/><U124/><E124/><V16/><F17/><W84/><G66/><T51/><D63/><U27/><E37/><V34/><F34/><W4/><G4/><T40/><D40/><U83/><E61/><V132/><F132/><W113/><G113/><T102/><D102/><U25/><E83/><V122/><F122/><W133/><G41/><T119/><D119/><U22/><E25/><N who="2" m="14471" /><F104/><W121/><G121/><T12/><D12/><U23/><E27/><V21/><F21/><W87/><G133/><T60/><D60/><U97/><E23/><V90/><F106/><W44/><G44/><T11/><D11/><N who="1" m="4107" /><E22/><V130/><F130/><W103/><G47/><T54/><D54/><RYUUKYOKU ba="1,0" sc="294,10,250,10,216,10,240,-30" hai0="6,7,51,55,59,91,94" hai1="45,46,48,52,53,97,98" hai2="5,8,13,64,65,90,92,93,99,100" /><INIT seed="0,2,0,1,3,64" ten="304,260,226,210" oya="0" hai0="57,113,21,15,76,131,35,81,32,68,124,26,14" hai1="129,17,52,60,89,101,51,98,42,127,125,50,134" hai2="99,74,121,135,70,93,9,49,119,36,31,56,86" hai3="117,72,43,71,29,24,5,63,12,112,100,41,79"/><T116/><D113/><U96/><E134/><V84/><F121/><W133/><G117/><T85/><D116/><U19/><E129/><V2/><F119/><W8/><G133/><T6/><D124/><N who="1" m="47691" /><E96/><V58/><F135/><W27/><G100/><T94/><D131/><U83/><E42/><V82/><F36/><W11/><G112/><T122/><D122/><U128/><E128/><V46/><F70/><W3/><G79/><T16/><D68/><U111/><E111/><V4/><F31/><W66/><G72/><T1/><D57/><N who="1" m="34855" /><E83/><V118/><F118/><W69/><G69/><T115/><D94/><N who="1" m="56655" /><E101/><V20/><F74/><W108/><G108/><T33/><D115/><U7/><E7/><V103/><F84/><W114/><G114/><T102/><D102/><U65/><E65/><V88/><REACH who="2" step="1"/><F20/><REACH who="2" ten="304,260,216,210" step="2"/><W97/><G97/><T62/><REACH who="0" step="1"/><D62/><REACH who="0" ten="294,260,216,210" step="2"/><U78/><E50/><V54/><AGARI ba="2,2" hai="2,4,9,46,49,54,56,58,82,86,88,93,99,103" machi="54" ten="20,12000,2" yaku="1,1,2,1,0,1,7,1,54,1,53,1" doraHai="64" doraHaiUra="80" who="2" fromWho="2" sc="294,-62,260,-32,216,146,210,-32" /><INIT seed="1,0,0,4,0,98" ten="232,228,362,178" oya="1" hai0="23,94,118,124,36,127,69,14,38,7,92,50,54" hai1="109,108,61,31,26,132,83,37,4,41,130,128,10" hai2="5,3,17,71,110,63,99,102,107,86,44,129,52" hai3="6,135,66,34,56,121,21,82,20,39,35,67,48"/><U88/><E132/><V89/><F110/><N who="1" m="42601" /><E41/><V58/><F129/><N who="1" m="49769" /><E37/><V85/><F71/><W8/><G39/><T27/><D118/><U125/><E61/><V114/><F114/><W28/><G121/><T117/><D69/><U97/><E125/><N who="0" m="48201" /><D117/><U68/><E68/><V43/><F17/><W25/><G135/><T45/><D38/><U105/><E105/><V40/><F85/><W84/><G21/><T81/><D81/><U46/><E46/><V103/><F44/><W16/><G48/><T87/><D87/><N who="1" m="50303" /><E97/><V91/><F107/><W111/><G56/><T116/><D116/><U11/><E4/><V30/><F5/><W0/><G0/><T75/><D75/><U2/><E2/><V74/><F3/><N who="3" m="95" /><G34/><T90/><BYE who="1" /><D36/><U22/><E22/><V93/><F74/><W113/><G113/><T78/><D90/><UN n1="%E5%92%B2%EF%BC%A0%E7%9B%A3%E7%9D%A3" /><U13/><E13/><V12/><F12/><N who="3" m="9223" /><G111/><T115/><D78/><AGARI ba="0,0" hai="25,28,35,66,67,78,82,84" m="9223,95" machi="78" ten="30,2000,0" yaku="24,1,54,1" doraHai="98" who="3" fromWho="0" sc="232,-20,228,0,362,0,178,20" /><INIT seed="2,0,0,3,1,99" ten="212,228,362,198" oya="2" hai0="14,2,27,23,45,11,75,132,41,5,51,79,56" hai1="107,126,98,25,6,77,49,83,22,80,115,76,24" hai2="120,134,92,131,64,40,66,68,122,21,32,124,10" hai3="110,59,133,54,55,16,106,57,0,86,70,47,35"/><V117/><F32/><W102/><G0/><T97/><D132/><U38/><E38/><V135/><F21/><W12/><G35/><T113/><D56/><U71/><E115/><V123/><F10/><W108/><G133/><N who="2" m="50697" /><F92/><W63/><G70/><T34/><D113/><U82/><E126/><V111/><F124/><W26/><G26/><T112/><D97/><U105/><E71/><V89/><F89/><W94/><G47/><T87/><D75/><U109/><E109/><N who="3" m="42090" /><G106/><T15/><D112/><U30/><E6/><V61/><F111/><W95/><G86/><T69/><D69/><U1/><E1/><V119/><F66/><W8/><G102/><T125/><D34/><U50/><E25/><V53/><F131/><W37/><G37/><T62/><D62/><AGARI ba="0,0" hai="8,12,16,54,55,57,59,62,63,94,95" m="42090" machi="62" ten="30,2000,0" yaku="14,1,54,1" doraHai="99" who="3" fromWho="0" sc="212,-20,228,0,362,0,198,20" /><INIT seed="3,0,0,4,2,98" ten="192,228,362,218" oya="3" hai0="47,84,14,113,108,19,45,129,62,100,73,37,1" hai1="79,70,40,28,11,30,104,109,22,68,95,0,71" hai2="87,128,31,50,63,58,32,114,130,119,83,6,46" hai3="10,44,3,123,60,127,29,34,81,110,126,9,80"/><W24/><G123/><T54/><D73/><U23/><E104/><V115/><F119/><W17/><G110/><T52/><D1/><U77/><E109/><V25/><F6/><N who="3" m="1247" /><G60/><T85/><D129/><N who="2" m="49770" /><F58/><W5/><G44/><T91/><D113/><U101/><E0/><V120/><F63/><W90/><G90/><T74/><D74/><U20/><E11/><V105/><F105/><W59/><G59/><T2/><D2/><U111/><E111/><V132/><F132/><W39/><G39/><T102/><D85/><U122/><E122/><V106/><F106/><W116/><G116/><T56/><D54/><U107/><E107/><V7/><F7/><W131/><G131/><T88/><D91/><U89/><E40/><N who="2" m="24903" /><F120/><W124/><G80/><T57/><D57/><U27/><E101/><N who="0" m="39017" /><D37/><U16/><E30/><V36/><F36/><W97/><G81/><N who="0" m="49167" /><D108/><U61/><E61/><V8/><BYE who="1" /><F114/><W103/><G103/><T4/><D4/><U86/><E86/><V33/><F115/><W78/><G78/><T117/><D117/><U112/><E112/><V64/><F87/><W18/><G97/><T51/><D62/><U42/><E42/><V26/><F83/><UN n1="%E5%92%B2%EF%BC%A0%E7%9B%A3%E7%9D%A3" /><W94/><G94/><T67/><BYE who="1" /><D67/><UN n1="%E5%92%B2%EF%BC%A0%E7%9B%A3%E7%9D%A3" /><U82/><E82/><V118/><F64/><W125/><N who="3" m="31744" /><DORA hai="13" /><W72/><G72/><T53/><D53/><U96/><E28/><N who="2" m="19479" /><F118/><W38/><G38/><T76/><D76/><U134/><E134/><V49/><F49/><W48/><G48/><T55/><D55/><U69/><N who="1" m="17408" /><DORA hai="92" /><U75/><E77/><V21/><F31/><W35/><G35/><RYUUKYOKU ba="0,0" sc="192,10,228,10,362,-30,218,10" hai0="14,19,45,47,51,52,56" hai1="16,20,22,23,27,75,79,89,95,96" hai3="5,10,17,18,24,29,34" /><INIT seed="3,1,0,0,0,36" ten="202,238,332,228" oya="3" hai0="62,89,99,61,48,59,66,120,100,113,46,90,80" hai1="115,29,109,4,21,78,93,118,95,84,76,20,83" hai2="58,87,129,50,18,130,70,49,72,15,17,45,103" hai3="35,126,5,105,106,13,122,88,96,92,9,91,108"/><W124/><G122/><T110/><D120/><U63/><E115/><V121/><F70/><W23/><G108/><T85/><D110/><U60/><E109/><V12/><F72/><W30/><G35/><T19/><D62/><U55/><E118/><V56/><F121/><W111/><G111/><T11/><D113/><U97/><E4/><V38/><F38/><W40/><G40/><T94/><D11/><U79/><E29/><V54/><F103/><W14/><G91/><T102/><REACH who="0" step="1"/><D19/><REACH who="0" ten="192,238,332,228" step="2"/><U69/><E60/><N who="2" m="35863" /><F18/><N who="3" m="10711" /><G30/><T10/><D10/><U116/><E116/><V73/><F17/><W25/><G25/><T81/><D81/><U68/><E63/><V75/><F130/><W26/><G26/><T128/><D128/><U65/><E83/><V119/><F129/><W132/><G132/><T0/><D0/><U74/><E21/><V22/><F22/><W37/><G37/><T42/><AGARI ba="1,1" hai="42,46,48,59,61,66,80,85,89,90,94,99,100,102" machi="42" ten="20,8000,1" yaku="1,1,0,1,7,1,8,1,52,1,53,0" doraHai="36" doraHaiUra="6" who="0" fromWho="0" sc="192,93,238,-21,332,-21,228,-41" owari="285,9.0,217,-18.0,311,40.0,187,-31.0" /></mjloggm>