<mjloggm ver="2.3"><GO type="169" lobby="0"/><UN n0="%55%52%41%4E" n1="%E9%BB%92%E7%8C%AB%40%E3%81%BA%E3%82%8D%E3%81%BA%E3%82%8D%E2%98%86" n2="%E3%82%A6%E3%83%AB%E3%83%88%E3%83%A9%E7%AB%8B%E7%9B%B4" n3="%73%68%61%6F" dan="16,18,17,17" rate="2071.31,2240.75,2197.20,2171.64" sx="F,F,M,M"/><TAIKYOKU oya="0"/><INIT seed="0,0,0,4,1,64" ten="250,250,250,250" oya="0" hai0="63,1,88,107,44,129,109,124,18,11,133,32,59" hai1="31,110,90,30,6,4,16,38,48,39,117,99,119" hai2="21,89,128,79,82,24,49,68,84,111,127,3,52" hai3="106,7,95,75,54,98,2,81,14,85,114,60,118"/><T105/><D32/><U36/><E110/><V113/><F113/><W96/><G2/><T67/><D109/><U42/><E42/><V132/><F111/><W123/><G114/><T131/><D124/><U13/><E48/><V120/><F120/><W65/><G75/><T112/><D112/><U35/><E99/><V70/><F3/><W28/><G118/><T22/><D133/><U134/><E90/><V92/><F132/><W5/><G123/><T125/><D125/><U45/><E45/><V23/><F128/><N who="0" m="49226" /><D44/><U8/><E134/><V76/><F127/><W61/><G28/><T135/><D135/><U34/><E36/><V78/><F92/><W41/><G41/><T83/><D11/><U57/><E57/><V69/><REACH who="2" step="1"/><F24/><REACH who="2" ten="250,250,240,250" step="2"/><W130/><G130/><T12/><D1/><U27/><E119/><V37/><F37/><W94/><G94/><T40/><D40/><U71/><E38/><V100/><F100/><W47/><G95/><T102/><D102/><U58/><E39/><V97/><F97/><W72/><G98/><T55/><D55/><U62/><E117/><V87/><F87/><AGARI ba="0,1" hai="12,18,22,59,63,67,83,87,88,105,107" m="49226" machi="87" ten="30,2900,0" yaku="19,1,54,1" doraHai="64" who="0" fromWho="2" sc="250,39,250,0,240,-29,250,0" /><INIT seed="0,1,0,1,1,42" ten="289,250,211,250" oya="0" hai0="55,26,129,45,112,48,109,71,65,127,47,83,113" hai1="1,14,18,27,86,88,38,96,29,34,39,36,118" hai2="16,93,53,128,66,37,111,76,69,85,87,3,6" hai3="58,35,114,78,57,130,31,17,115,30,132,43,84"/><T5/><D5/><U61/><E118/><V99/><F111/><W90/><G78/><T89/><D26/><U13/><E1/><V24/><F128/><W110/><G110/><T73/><D109/><U126/><E126/><V133/><F133/><W0/><G0/><T19/><D19/><U60/><E96/><V116/><F116/><W125/><G125/><T103/><D103/><U62/><REACH who="1" step="1"/><E18/><REACH who="1" ten="289,240,211,250" step="2"/><V67/><F16/><W80/><G17/><T23/><D127/><U70/><E70/><V119/><F99/><W21/><G130/><T91/><D129/><U75/><E75/><V51/><F69/><W101/><G132/><T123/><D73/><U44/><E44/><V68/><F3/><W11/><G115/><T102/><D45/><U134/><E134/><V94/><F68/><W124/><G114/><T72/><D72/><U63/><E63/><V105/><F119/><W82/><G124/><T74/><D74/><U33/><E33/><V117/><F117/><W108/><G35/><T32/><D32/><U20/><E20/><V28/><F87/><W49/><G84/><N who="0" m="50335" /><D23/><U12/><E12/><V135/><F85/><W22/><G22/><T97/><D113/><U25/><E25/><V41/><F24/><W121/><G21/><T77/><D112/><U9/><E9/><V7/><F135/><W40/><G11/><T122/><D71/><U131/><E131/><V64/><F7/><W52/><G108/><T81/><D122/><U107/><E107/><V59/><F6/><W4/><G121/><T10/><D123/><U15/><E15/><V56/><F105/><RYUUKYOKU ba="1,1" sc="289,-10,240,30,211,-10,250,-10" hai1="13,14,27,29,34,36,38,39,60,61,62,86,88" /><INIT seed="1,2,1,4,1,31" ten="279,270,201,240" oya="1" hai0="118,105,79,3,2,72,19,126,36,48,71,12,23" hai1="125,120,127,81,8,108,74,41,61,91,80,77,112" hai2="109,103,59,16,70,101,35,121,87,134,111,78,62" hai3="25,42,128,10,83,107,0,124,33,133,67,93,49"/><U50/><E120/><V96/><F121/><W38/><G107/><T117/><D71/><U30/><E112/><V99/><F70/><W100/><G38/><T123/><D105/><U102/><E108/><N who="2" m="41547" /><F134/><W88/><G133/><T129/><D36/><U64/><E102/><N who="2" m="38923" /><F16/><W58/><G128/><T27/><D129/><U18/><E18/><V69/><F69/><W95/><G124/><T32/><D126/><U68/><E8/><V119/><F35/><W116/><G116/><T60/><D123/><U1/><E1/><V47/><F47/><W7/><G100/><T132/><D60/><U73/><E30/><V113/><F113/><W28/><G42/><T37/><D37/><U6/><E6/><V51/><F51/><W89/><G49/><T17/><D48/><U94/><E41/><V9/><F9/><W86/><REACH who="3" step="1"/><G89/><REACH who="3" ten="279,270,201,230" step="2"/><T84/><D132/><U65/><E50/><V15/><F119/><W76/><G76/><T26/><D79/><U114/><E114/><V135/><F135/><W115/><G115/><T34/><D117/><U66/><E127/><V40/><F40/><W46/><G46/><T104/><D118/><U39/><E39/><V5/><F78/><W53/><G53/><T90/><D104/><U20/><E125/><V106/><F106/><W52/><G52/><T98/><D90/><U11/><E77/><V92/><F62/><AGARI ba="2,2" hai="0,7,10,25,28,33,58,62,67,83,86,88,93,95" machi="62" ten="40,5200,0" yaku="1,1,52,1,54,1,53,0" doraHai="31" doraHaiUra="14" who="3" fromWho="2" sc="279,0,270,0,201,-58,230,78" /><INIT seed="2,0,0,3,4,128" ten="279,270,143,308" oya="2" hai0="122,61,30,87,43,31,70,25,63,50,124,88,33" hai1="73,13,17,110,10,52,19,99,39,84,113,60,117" hai2="45,82,75,59,7,106,74,16,80,40,24,62,34" hai3="85,83,3,26,56,69,20,15,18,103,42,102,130"/><V121/><F121/><W101/><G69/><T68/><D122/><U104/><E73/><V38/><F106/><W116/><G3/><T89/><D124/><U109/><E117/><V105/><F105/><W96/><G116/><T58/><D30/><U53/><E113/><V47/><F7/><W95/><G130/><T44/><D63/><U125/><E39/><V65/><F47/><W64/><G42/><T23/><D33/><U107/><E125/><V94/><F94/><W114/><G114/><T111/><D111/><N who="1" m="42507" /><E107/><V112/><F112/><W135/><G135/><T129/><D129/><U86/><E19/><V51/><F38/><W77/><G64/><T97/><D97/><U78/><E78/><V22/><REACH who="2" step="1"/><F34/><REACH who="2" ten="279,270,133,308" step="2"/><W115/><G115/><T46/><D46/><U120/><E120/><V126/><F126/><W1/><G1/><T29/><D44/><U127/><E127/><V132/><F132/><W133/><G133/><T119/><D119/><U8/><E104/><V55/><F55/><W76/><G95/><T54/><D54/><U32/><E32/><V27/><F27/><W72/><G26/><T67/><D25/><U11/><E53/><V48/><F48/><W118/><G118/><T5/><D50/><U4/><E4/><V14/><F14/><W71/><G15/><T93/><D5/><U81/><E52/><V0/><F0/><W98/><G103/><T12/><D12/><U91/><E13/><V2/><F2/><W123/><G102/><T92/><D92/><U66/><E11/><V9/><F9/><W90/><G123/><T28/><D93/><RYUUKYOKU ba="0,1" sc="279,-10,270,-10,133,30,308,-10" hai2="16,22,24,40,45,51,59,62,65,74,75,80,82" /><INIT seed="2,1,1,1,2,29" ten="269,260,163,298" oya="2" hai0="66,121,107,26,1,78,30,108,99,17,4,46,21" hai1="70,83,117,110,37,23,98,104,82,13,123,24,68" hai2="35,72,122,33,120,86,25,65,103,127,45,128,87" hai3="6,43,74,95,3,80,134,126,112,73,40,97,52"/><V16/><F72/><W109/><G109/><T76/><D121/><N who="2" m="46698" /><F45/><W124/><G112/><T20/><D108/><U62/><E110/><V44/><F44/><W119/><G6/><T28/><D66/><U67/><E123/><V69/><F65/><W0/><G80/><T105/><D105/><U39/><E117/><V59/><F59/><W9/><G9/><T93/><D107/><U58/><E39/><V31/><F103/><W106/><G106/><T55/><D1/><U49/><E37/><V132/><F69/><W135/><G119/><T131/><D4/><U100/><E70/><V27/><F127/><N who="3" m="48683" /><G52/><T75/><D131/><U48/><E48/><V5/><F128/><W111/><G95/><T129/><D129/><U32/><E49/><V10/><F132/><N who="3" m="50731" /><G97/><T50/><D75/><N who="3" m="28681" /><G111/><T57/><D93/><U12/><E58/><V53/><F53/><W7/><G7/><T130/><D99/><U51/><E82/><V85/><F5/><W114/><G114/><T81/><D57/><U84/><E83/><V19/><F10/><W14/><G14/><N who="0" m="9271" /><D81/><U61/><E104/><V94/><F94/><W22/><G22/><N who="0" m="15447" /><D130/><U18/><E98/><V101/><F101/><W118/><G118/><T77/><D77/><U89/><E100/><V63/><F63/><W8/><G8/><T54/><D55/><U2/><E67/><V91/><F91/><W34/><G34/><T15/><D15/><U42/><E89/><V90/><F90/><W116/><G116/><T79/><D78/><U88/><E88/><V11/><F11/><W71/><G71/><T102/><D102/><RYUUKYOKU ba="1,1" sc="269,10,260,-30,163,10,298,10" hai0="21,30,46,50,54,76,79" hai2="16,19,25,27,31,33,35,85,86,87" hai3="0,3,40,43" /><INIT seed="2,2,1,0,2,29" ten="279,230,173,308" oya="2" hai0="117,115,2,53,17,92,6,80,15,66,134,19,59" hai1="30,130,108,99,54,26,52,5,76,35,24,28,135" hai2="27,49,8,58,83,22,106,70,11,4,47,51,90" hai3="122,95,119,25,113,45,43,120,133,40,21,101,129"/><V91/><F70/><W0/><G0/><T60/><D115/><U125/><E108/><V100/><F106/><W36/><G119/><T10/><D117/><U102/><E135/><V116/><F116/><W46/><G133/><T85/><D134/><U74/><E125/><V96/><F100/><W105/><G105/><T55/><D92/><U39/><E39/><V14/><F11/><W3/><G3/><T109/><D109/><U131/><E5/><V7/><F7/><W67/><G113/><T71/><D71/><U77/><E74/><V56/><F96/><W87/><G67/><T89/><REACH who="0" step="1"/><D17/><REACH who="0" ten="269,230,173,308" step="2"/><U132/><E132/><V37/><F37/><W9/><G95/><T13/><D13/><U18/><E18/><N who="2" m="12759" /><F51/><W44/><G36/><T82/><D82/><U72/><E131/><V65/><F83/><W68/><G129/><T98/><D98/><U126/><E130/><V110/><F110/><W61/><G68/><T84/><D84/><U86/><E86/><V31/><F31/><W111/><G87/><T81/><D81/><U103/><E126/><V64/><F58/><W93/><G111/><T38/><D38/><U50/><E50/><V121/><F121/><W20/><G122/><T57/><D57/><U75/><E99/><V34/><F56/><W107/><G120/><T62/><D62/><U69/><E69/><V12/><F12/><W78/><G61/><T114/><D114/><U124/><E124/><V63/><F63/><W97/><G97/><T73/><D73/><U48/><E48/><V33/><F49/><N who="3" m="26759" /><G107/><T41/><D41/><U23/><E75/><RYUUKYOKU ba="2,2" sc="269,30,230,-10,173,-10,308,-10" hai0="2,6,10,15,19,53,55,59,60,66,80,85,89" /><INIT seed="3,3,2,1,5,25" ten="299,220,163,298" oya="3" hai0="60,116,104,91,100,113,55,13,22,44,35,118,135" hai1="76,21,74,11,122,125,2,99,105,0,14,115,53" hai2="41,72,63,65,23,134,90,34,78,26,30,89,51" hai3="24,132,69,121,70,84,103,58,8,17,48,114,66"/><W12/><G121/><T4/><D35/><U62/><E122/><V36/><F36/><W130/><G114/><T97/><D113/><U109/><E115/><V46/><F134/><W110/><G132/><T54/><D135/><U133/><E133/><V107/><F107/><W64/><G130/><T3/><D3/><U67/><E109/><V124/><F124/><W131/><G131/><T19/><D4/><U83/><E53/><V15/><F78/><W123/><G123/><T16/><D91/><U7/><E125/><V45/><F72/><W29/><G110/><T38/><D38/><U73/><E73/><V18/><REACH who="2" step="1"/><F46/><REACH who="2" ten="299,220,153,298" step="2"/><W86/><G70/><AGARI ba="3,3" hai="15,18,23,26,30,34,41,45,51,63,65,70,89,90" machi="70" ten="30,7700,0" yaku="1,1,2,1,7,1,52,1,53,0" doraHai="25" doraHaiUra="71" who="2" fromWho="3" sc="299,0,220,0,153,116,298,-86" /><INIT seed="4,0,0,2,5,109" ten="299,220,269,212" oya="0" hai0="30,50,56,123,24,42,19,117,20,127,98,100,7" hai1="97,33,106,37,66,13,128,35,103,130,25,31,86" hai2="92,12,90,48,16,8,108,110,40,120,15,118,94" hai3="84,52,60,51,134,41,44,63,121,27,111,124,39"/><T46/><D123/><U126/><E37/><V57/><F120/><W2/><G121/><T114/><D117/><U81/><E126/><V77/><F118/><W76/><G2/><T18/><D127/><U21/><E66/><V43/><F77/><W95/><G124/><T68/><D68/><U113/><E113/><V80/><F80/><W17/><G111/><T79/><D79/><U6/><E6/><V102/><F102/><W82/><G134/><T131/><D131/><U64/><E64/><V88/><F15/><W45/><REACH who="3" step="1"/><G95/><REACH who="3" ten="299,220,269,202" step="2"/><T22/><D114/><U11/><E130/><V34/><F94/><W32/><G32/><T4/><D30/><U93/><E93/><V72/><F92/><W122/><G122/><T1/><D1/><U69/><E128/><V107/><F34/><W65/><G65/><T29/><D29/><U74/><E35/><V38/><F108/><W58/><G58/><T83/><D56/><U62/><E33/><V5/><F57/><W78/><G78/><T49/><D100/><U55/><E69/><V85/><F107/><W115/><G115/><T125/><D125/><U28/><E28/><V71/><F71/><W9/><G9/><T23/><D98/><U75/><E11/><V105/><F8/><W87/><G87/><T3/><D3/><U119/><E119/><V36/><F85/><W132/><G132/><T116/><D116/><U59/><E86/><V67/><F105/><W0/><G0/><T129/><D129/><U96/><E96/><V133/><F110/><W73/><G73/><N who="1" m="27658" /><E81/><V10/><F72/><W104/><G104/><RYUUKYOKU ba="0,1" sc="299,-15,220,15,269,-15,202,15" hai1="13,21,25,31,55,59,62,97,103,106" hai3="17,27,39,41,44,45,51,52,60,63,76,82,84" /><INIT seed="5,1,1,0,5,15" ten="284,235,254,217" oya="1" hai0="64,1,17,52,32,88,75,112,58,107,18,13,80" hai1="25,124,94,115,34,59,2,122,57,8,70,103,130" hai2="50,5,28,49,66,56,74,114,16,12,40,79,123" hai3="111,99,97,61,98,93,134,65,31,101,39,26,135"/><U95/><E122/><V110/><F110/><W30/><G39/><T67/><D107/><U42/><E70/><V76/><F74/><W87/><G111/><T109/><D109/><U36/><E130/><V55/><F66/><N who="0" m="25130" /><D32/><U78/><E115/><V92/><F114/><W60/><G87/><N who="0" m="50279" /><D75/><U46/><E124/><V125/><F28/><W14/><G14/><T71/><D71/><U82/><E25/><V126/><F5/><W47/><G47/><T121/><D1/><U38/><E34/><V3/><F3/><W54/><G54/><T4/><D112/><U127/><E127/><N who="2" m="48651" /><F92/><W45/><G45/><T118/><D118/><U108/><E38/><V73/><F73/><W106/><G99/><T27/><D27/><U0/><E0/><V68/><F68/><W86/><G30/><T20/><D121/><U51/><E108/><V33/><F33/><W77/><G65/><T53/><D53/><U90/><E36/><V96/><F96/><W10/><G98/><T9/><D20/><U128/><E2/><V19/><F123/><W120/><G120/><T41/><D41/><U85/><E128/><V37/><F37/><W89/><G106/><T116/><D116/><U102/><E102/><V83/><F12/><W131/><G101/><T104/><D104/><U91/><E103/><V129/><F129/><W29/><G131/><T6/><D4/><U119/><E119/><V7/><F7/><W22/><G97/><T72/><D72/><N who="1" m="43335" /><E8/><V105/><F105/><W43/><G10/><T48/><AGARI ba="1,1" hai="6,9,13,17,18,48,52,58" m="50279,25130" machi="48" ten="30,8000,1" yaku="8,1,52,2,54,2" doraHai="15" who="0" fromWho="0" sc="284,93,235,-41,254,-21,217,-21" /><INIT seed="6,0,0,3,0,126" ten="377,194,233,196" oya="2" hai0="41,123,104,88,47,9,57,30,93,29,102,10,8" hai1="110,7,54,64,60,77,107,15,48,111,3,4,26" hai2="91,71,103,127,12,101,61,114,25,105,59,62,118" hai3="125,115,19,23,113,53,21,84,1,42,89,68,117"/><V97/><F118/><W83/><G117/><T72/><D72/><U108/><E3/><V44/><F103/><W86/><G1/><T37/><D123/><U50/><E107/><V95/><F114/><N who="3" m="43531" /><G68/><T0/><D0/><U11/><E4/><V122/><F122/><W94/><G42/><T100/><D57/><U20/><E54/><V81/><F71/><W120/><G120/><T36/><D37/><U135/><E77/><V92/><F61/><W58/><G19/><T132/><D132/><U39/><E39/><V52/><F127/><W43/><G43/><T116/><D116/><U17/><REACH who="1" step="1"/><E135/><REACH who="1" ten="377,184,233,196" step="2"/><V96/><F52/><W90/><G125/><T75/><D104/><U40/><E40/><V70/><F105/><W28/><G28/><T45/><D36/><U33/><E33/><V76/><F76/><W80/><G94/><T49/><D30/><U34/><E34/><V85/><F95/><W22/><G22/><T79/><D29/><U24/><E24/><V134/><F25/><W106/><G106/><T5/><D41/><U112/><E112/><V2/><F92/><W130/><G130/><T109/><D93/><U78/><E78/><V56/><F2/><W51/><AGARI ba="0,1" hai="21,23,51,53,58,80,83,84,86,89,90" m="43531" machi="51" ten="30,2000,0" yaku="15,1,11,1" doraHai="126" who="3" fromWho="3" sc="377,-5,184,-5,233,-10,196,30" /><INIT seed="7,0,0,4,5,127" ten="372,179,223,226" oya="3" hai0="98,73,54,120,7,30,87,53,23,104,99,129,59" hai1="122,32,65,28,50,89,97,81,8,123,34,84,118" hai2="24,38,22,90,20,70,40,60,21,0,108,55,125" hai3="105,42,66,96,15,76,52,115,12,102,47,112,56"/><W46/><G76/><T93/><D129/><U11/><E118/><V64/><F0/><W10/><G66/><T111/><D111/><U101/><E123/><V114/><F108/><W29/><G29/><T61/><D73/><U57/><E122/><V124/><F40/><W91/><G91/><T130/><D130/><U119/><E119/><V41/><F41/><W71/><G71/><T107/><D7/><U103/><E103/><V135/><F38/><W49/><G10/><T68/><D68/><U3/><E28/><V95/><F55/><W17/><G47/><T80/><D53/><U134/><E134/><V83/><F83/><W94/><G105/><T43/><D43/><U110/><E110/><V1/><F1/><W37/><G17/><T132/><D132/><U72/><E72/><V25/><F135/><W44/><G44/><T16/><D30/><U106/><E11/><V126/><F114/><AGARI ba="0,0" hai="12,15,37,42,46,49,52,56,94,96,102,112,114,115" machi="114" ten="40,3900,0" yaku="15,1,54,1" doraHai="127" who="3" fromWho="2" sc="372,0,179,0,223,-39,226,39" /><INIT seed="7,1,0,2,3,59" ten="372,179,184,265" oya="3" hai0="74,45,125,23,107,20,104,134,128,8,16,95,92" hai1="86,14,124,109,46,100,81,78,41,127,67,42,88" hai2="50,105,56,62,21,91,60,3,111,36,11,110,47" hai3="5,89,53,72,64,69,33,122,73,70,4,120,37"/><W121/><G33/><T2/><D74/><U68/><E109/><V83/><F105/><W96/><G37/><T13/><D2/><U44/><E100/><V12/><F36/><W130/><G53/><T99/><D125/><N who="1" m="48203" /><E67/><V85/><F3/><W129/><G89/><T135/><D45/><N who="1" m="17515" /><E68/><V22/><F111/><W19/><G96/><T101/><D95/><N who="1" m="54679" /><E14/><V87/><F110/><W63/><G70/><T38/><D38/><U55/><E55/><N who="2" m="30175" /><F87/><AGARI ba="1,0" hai="41,42,78,81,87" m="54679,17515,48203" machi="87" ten="30,2000,0" yaku="18,1,54,1" doraHai="59" who="1" fromWho="2" sc="372,0,179,23,184,-23,265,0" owari="372,47.0,202,-20.0,161,-34.0,265,7.0" /></mjloggm>