<mjloggm ver="2.3"><GO type="169" lobby="0"/><UN n0="%E5%B0%B1%E6%B4%BB%E7%94%9F%40%E5%B7%9D%E6%9D%91%E8%BB%8D%E5%9B%A3" n1="%E3%82%B9%E3%82%B1%E3%83%BC%E3%82%BF%E3%83%BC" n2="%43%2D%E3%83%93%E3%83%83%E3%82%AF" n3="%E6%9C%88%E8%A9%A0%E3%81%95%E3%82%93" dan="17,16,16,16" rate="2208.34,2091.48,2127.11,2119.73" sx="M,M,M,F"/><TAIKYOKU oya="0"/><INIT seed="0,0,0,1,2,66" ten="250,250,250,250" oya="0" hai0="99,89,46,110,1,123,97,16,40,82,77,73,23" hai1="56,75,135,76,9,57,87,42,39,111,105,13,6" hai2="2,11,61,28,113,108,55,127,129,117,71,43,91" hai3="83,109,15,104,20,131,93,90,17,112,26,30,53"/><T69/><D123/><U36/><E111/><V19/><F108/><W126/><G109/><T124/><D110/><U122/><E105/><V29/><F113/><W34/><G104/><T27/><D124/><U119/><E119/><V128/><F127/><W4/><G126/><T38/><D1/><U60/><E135/><V86/><F43/><W7/><G112/><T130/><D130/><N who="2" m="50282" /><F117/><W102/><G131/><T92/><REACH who="0" step="1"/><D69/><REACH who="0" ten="240,250,250,250" step="2"/><U115/><E122/><V62/><F2/><W100/><G53/><T8/><D8/><U88/><E115/><V68/><F29/><W120/><G120/><T63/><D63/><N who="2" m="24074" /><F28/><W44/><G30/><T48/><D48/><U121/><E121/><V107/><F55/><W94/><G34/><T24/><D24/><U79/><E60/><V65/><F65/><W103/><G26/><T132/><D132/><U5/><E9/><V84/><F68/><W35/><G35/><T101/><D101/><U31/><E31/><V98/><F71/><W133/><G133/><T70/><D70/><U114/><E114/><V25/><F25/><W54/><G54/><T85/><AGARI ba="0,1" hai="16,23,27,38,40,46,73,77,82,85,89,92,97,99" machi="85" ten="20,7800,0" yaku="1,1,0,1,7,1,54,1,53,0" doraHai="66" doraHaiUra="59" who="0" fromWho="0" sc="240,88,250,-26,250,-26,250,-26" /><INIT seed="0,1,0,3,3,30" ten="328,224,224,224" oya="0" hai0="16,106,43,119,64,84,81,116,11,39,108,118,38" hai1="46,57,22,7,56,105,117,131,68,58,54,26,29" hai2="23,89,104,66,121,88,44,63,72,71,24,135,94" hai3="92,5,128,52,61,31,28,18,86,133,19,0,112"/><T124/><D106/><U101/><E117/><V36/><F121/><W91/><G112/><T102/><D102/><U69/><E131/><V41/><F104/><W8/><G128/><T59/><D124/><U55/><E7/><V90/><F72/><W79/><G133/><T70/><D70/><U123/><E123/><V17/><REACH who="2" step="1"/><F135/><REACH who="2" ten="328,224,214,224" step="2"/><W49/><G79/><T113/><D113/><U50/><E105/><V100/><F100/><W32/><G61/><T80/><D116/><U115/><E101/><V25/><F25/><W125/><G125/><T87/><D118/><U12/><E115/><V35/><F35/><W10/><G32/><T14/><D119/><U65/><E65/><V83/><F83/><W2/><G92/><AGARI ba="1,1" hai="17,23,24,36,41,44,63,66,71,88,89,90,92,94" machi="92" ten="40,2600,0" yaku="1,1,54,1,53,0" doraHai="30" doraHaiUra="95" who="2" fromWho="3" sc="328,0,224,0,214,39,224,-29" /><INIT seed="1,0,0,2,4,95" ten="328,224,253,195" oya="1" hai0="127,98,55,14,65,101,112,24,35,113,5,64,105" hai1="19,120,96,11,31,77,104,123,85,70,128,99,25" hai2="122,4,107,36,43,114,83,103,52,20,129,91,3" hai3="13,49,116,82,38,32,69,79,58,109,125,2,9"/><U0/><E70/><V84/><F122/><W97/><G38/><T74/><D74/><U33/><E128/><V16/><F129/><W26/><G2/><T41/><D41/><U37/><E37/><V17/><F43/><W53/><G69/><T68/><D127/><U29/><E29/><V76/><F36/><W46/><G125/><T93/><D93/><U54/><E104/><V81/><F114/><W92/><G109/><T72/><D72/><U23/><E54/><V12/><F3/><W51/><G116/><T117/><D55/><U126/><E126/><V59/><F107/><W50/><G26/><T1/><D14/><N who="1" m="9719" /><E85/><N who="2" m="48295" /><F103/><W108/><G32/><T18/><D65/><U30/><E77/><V10/><F20/><W75/><G46/><T28/><D18/><U44/><E31/><V119/><F119/><W110/><G110/><T132/><D132/><U130/><E44/><V118/><F118/><W73/><G73/><T7/><D117/><U135/><E135/><V67/><F67/><W6/><REACH who="3" step="1"/><G108/><REACH who="3" ten="328,224,253,185" step="2"/><T78/><D1/><U15/><E130/><V61/><AGARI ba="0,1" hai="4,10,12,16,17,52,59,61,83,84,91" m="48295" machi="61" ten="30,4000,0" yaku="8,1,54,2" doraHai="95" who="2" fromWho="2" sc="328,-10,224,-20,253,50,185,-10" /><INIT seed="2,0,0,5,4,111" ten="318,204,303,175" oya="2" hai0="124,100,69,105,40,56,12,78,77,26,2,97,58" hai1="20,63,76,83,53,35,24,96,128,71,54,8,17" hai2="23,103,113,115,59,9,13,47,22,116,114,131,50" hai3="36,16,73,68,107,117,95,94,118,88,108,129,106"/><V72/><F116/><W134/><G68/><T51/><D2/><U32/><E128/><V57/><F72/><W102/><G36/><T86/><D69/><U49/><E96/><V87/><F131/><W121/><G129/><T52/><D40/><U7/><E71/><V92/><F59/><W10/><G10/><T110/><D110/><U39/><E63/><V38/><F57/><W125/><G108/><T14/><D124/><U89/><E89/><V122/><F122/><W27/><G121/><T30/><D58/><U18/><E18/><V43/><F38/><W82/><G27/><T119/><D119/><U127/><E127/><V65/><F65/><W109/><G16/><T84/><D84/><U1/><E39/><V0/><F0/><W126/><G109/><T41/><D41/><U5/><E5/><V25/><F25/><W98/><G118/><T48/><D48/><U60/><E60/><V70/><F70/><W132/><G117/><T120/><D120/><U11/><E11/><V93/><F93/><W133/><G126/><T81/><REACH who="0" step="1"/><D77/><REACH who="0" ten="308,204,303,175" step="2"/><U123/><E123/><V130/><F130/><W28/><G125/><T19/><D19/><U21/><E49/><V31/><F31/><W64/><G28/><T90/><D90/><U80/><E76/><V45/><F45/><W55/><G64/><T15/><D15/><U6/><E1/><V46/><F47/><W44/><G44/><T3/><D3/><U135/><E17/><N who="2" m="8367" /><F87/><N who="3" m="52511" /><G55/><T62/><D62/><U66/><E66/><V85/><F85/><W37/><G37/><T74/><D74/><U104/><E24/><RYUUKYOKU ba="0,1" sc="308,10,204,-30,303,10,175,10" hai0="12,14,26,30,51,52,56,78,81,86,97,100,105" hai2="22,23,43,46,50,92,103,113,114,115" hai3="73,82,95,98,102,106,107,132,133,134" /><INIT seed="2,1,1,2,2,64" ten="318,174,313,185" oya="2" hai0="48,52,5,39,65,113,57,30,102,76,34,111,4" hai1="46,93,121,74,106,58,47,131,135,81,17,100,44" hai2="26,125,22,126,61,31,63,50,122,38,43,27,105" hai3="87,20,73,84,23,11,7,40,45,119,108,98,66"/><V78/><F122/><W51/><G119/><T127/><D113/><U59/><E121/><V115/><F115/><W32/><G73/><T107/><D39/><U1/><E1/><V129/><F105/><W60/><G32/><T13/><D111/><U85/><E135/><V101/><F101/><W18/><G108/><T109/><D109/><U91/><E131/><V16/><F38/><W72/><G72/><T24/><D76/><N who="1" m="44183" /><E17/><V19/><F78/><W36/><G98/><AGARI ba="1,1" hai="44,46,47,58,59,85,91,93,98,100,106" m="44183" machi="98" ten="30,1000,0" yaku="24,1" doraHai="64" who="1" fromWho="3" sc="318,0,174,23,313,0,185,-13" /><INIT seed="3,0,0,4,1,38" ten="318,197,313,172" oya="3" hai0="26,57,64,114,93,47,54,34,122,78,124,99,128" hai1="15,135,100,109,7,86,87,63,55,6,11,25,24" hai2="126,106,77,85,73,67,46,134,71,51,36,53,113" hai3="131,52,31,105,32,22,129,127,119,82,40,83,48"/><W90/><G119/><T66/><D122/><U98/><E109/><V3/><F113/><W50/><G105/><T95/><D114/><U18/><E135/><V75/><F106/><W5/><G32/><T104/><D128/><N who="3" m="49225" /><G90/><T69/><D78/><U76/><E87/><V23/><F134/><W74/><G74/><T20/><D124/><U72/><E72/><V92/><F126/><W112/><G112/><T101/><D47/><U29/><E86/><V132/><F132/><W79/><G79/><T133/><D133/><U45/><E76/><V10/><F23/><W19/><G5/><T116/><D116/><U61/><E25/><V80/><F92/><W117/><G31/><N who="0" m="19831" /><D64/><U2/><E7/><V130/><F130/><W33/><G33/><T120/><D20/><U123/><E123/><V70/><F73/><W9/><G9/><T89/><D89/><U94/><E6/><V59/><F75/><W39/><G127/><T14/><D14/><U30/><E30/><V88/><F77/><W21/><G21/><T108/><D108/><U56/><E15/><V96/><F10/><W42/><G39/><T65/><D65/><U103/><E11/><V1/><F96/><W84/><G84/><T13/><D13/><U49/><E98/><V115/><F115/><W17/><G117/><T121/><D121/><U28/><E29/><V58/><F36/><W16/><G22/><T27/><D27/><U68/><E24/><V97/><F97/><W110/><G110/><T111/><D111/><U43/><E28/><V4/><F85/><W0/><G0/><T91/><D120/><RYUUKYOKU ba="0,0" sc="318,0,197,0,313,0,172,0" /><INIT seed="4,1,0,3,3,22" ten="318,197,313,172" oya="0" hai0="26,93,112,118,21,128,125,39,92,80,25,62,126" hai1="134,79,27,0,116,66,7,9,101,108,64,40,61" hai2="113,130,53,133,16,51,55,73,98,106,29,115,76" hai3="6,86,18,35,110,129,13,17,91,38,120,1,71"/><T122/><D39/><U69/><E108/><V24/><F130/><W11/><G110/><T4/><D118/><U60/><E116/><V78/><F133/><W47/><G71/><T97/><D122/><U52/><E134/><V127/><F127/><N who="0" m="48650" /><D112/><N who="2" m="43082" /><F73/><W63/><G129/><T45/><D21/><U20/><E40/><V107/><F16/><W90/><G120/><T89/><D4/><U41/><E41/><V34/><F55/><W77/><G35/><T123/><D123/><U42/><E42/><V54/><F54/><W81/><G47/><T44/><D80/><U111/><E111/><V104/><F98/><W70/><G38/><T74/><D74/><U83/><E52/><V3/><F3/><W135/><G135/><T85/><D62/><U117/><E117/><V2/><F2/><W8/><REACH who="3" step="1"/><G18/><REACH who="3" ten="318,197,313,162" step="2"/><T12/><D128/><U43/><E43/><V56/><AGARI ba="1,1" hai="24,29,34,51,53,56,76,78,104,106,107" m="43082" machi="56" ten="40,2700,0" yaku="15,1,52,1" doraHai="22" who="2" fromWho="2" sc="318,-14,197,-8,313,40,162,-8" /><INIT seed="5,0,0,4,1,34" ten="304,189,353,154" oya="1" hai0="77,112,102,89,63,16,132,73,45,35,80,90,62" hai1="120,67,106,18,1,105,134,7,92,49,56,8,46" hai2="65,72,61,85,36,3,81,83,31,130,60,74,128" hai3="42,44,26,113,101,99,125,119,126,11,78,117,38"/><U41/><E120/><V53/><F36/><W129/><G113/><T86/><D35/><U75/><E134/><V87/><F31/><W121/><G121/><T107/><D112/><U69/><E75/><V116/><F53/><W29/><G78/><T58/><D45/><U23/><E69/><V100/><F100/><W20/><G129/><T15/><D132/><U51/><E92/><V115/><F115/><W33/><G20/><T84/><D107/><U96/><E96/><V22/><F22/><W103/><G11/><T98/><D102/><U6/><E6/><V123/><F123/><W93/><REACH who="3" step="1"/><G103/><REACH who="3" ten="304,189,353,144" step="2"/><T108/><D77/><U79/><E79/><V122/><F122/><W13/><G13/><T68/><D15/><U114/><E114/><V131/><F131/><W111/><G111/><T43/><D73/><U95/><E23/><V50/><F128/><W94/><G94/><T133/><D133/><U40/><E95/><V64/><F130/><W109/><G109/><T21/><D90/><U10/><E10/><V2/><F116/><AGARI ba="0,1" hai="26,29,33,38,42,44,93,99,101,116,117,119,125,126" machi="116" ten="40,2600,0" yaku="1,1,12,1,53,0" doraHai="34" doraHaiUra="118" who="3" fromWho="2" sc="304,0,189,0,353,-26,144,36" /><INIT seed="6,0,0,0,0,7" ten="304,189,327,180" oya="2" hai0="115,1,18,19,71,49,119,100,32,107,4,89,40" hai1="6,23,128,67,95,21,58,51,69,27,76,31,104" hai2="118,44,33,46,9,41,48,77,8,24,2,64,59" hai3="70,131,54,81,55,73,3,60,92,113,110,99,15"/><V130/><F118/><W101/><G3/><T53/><D71/><U127/><E104/><V63/><F2/><W134/><G110/><T35/><D40/><U37/><E37/><V42/><F130/><W17/><G131/><T126/><D89/><U30/><E128/><V122/><F122/><W103/><G134/><T14/><D1/><U117/><E117/><V85/><F33/><W45/><G103/><T52/><D14/><U78/><E69/><V80/><REACH who="2" step="1"/><F24/><REACH who="2" ten="304,189,317,180" step="2"/><W111/><G111/><T36/><D119/><U68/><E27/><V0/><F0/><W114/><G114/><T38/><D115/><U112/><E112/><V124/><F124/><W116/><G113/><T5/><D126/><U121/><E121/><V91/><F91/><W47/><G116/><T75/><D100/><U106/><E127/><V105/><F105/><W12/><G101/><T16/><D107/><U82/><E106/><V132/><F132/><W50/><G15/><T84/><D35/><U97/><E78/><V83/><F83/><W108/><G81/><T29/><D32/><U129/><E76/><V56/><F56/><N who="3" m="34847" /><G108/><T34/><D34/><U65/><E82/><V109/><F109/><W98/><G70/><T20/><D29/><U39/><E129/><V133/><F133/><W102/><G73/><T43/><D75/><U22/><E68/><V66/><F66/><N who="1" m="25097" /><E31/><V120/><F120/><W135/><G135/><T13/><D13/><U96/><E30/><V11/><F11/><N who="3" m="6303" /><G45/><N who="0" m="25791" /><D20/><U88/><E23/><V25/><F25/><W86/><G102/><T125/><D125/><U61/><E22/><RYUUKYOKU ba="0,1" sc="304,-15,189,-15,317,15,180,15" hai2="8,9,41,42,44,46,48,59,63,64,77,80,85" hai3="47,50,54,86,92,98,99" /><INIT seed="6,1,1,3,2,88" ten="289,174,332,195" oya="2" hai0="85,69,15,70,28,50,34,122,90,12,66,49,22" hai1="127,71,135,3,112,82,115,97,17,1,81,105,26" hai2="38,4,29,76,14,99,60,30,114,55,52,108,109" hai3="9,44,77,89,119,113,21,0,118,37,64,126,80"/><V13/><F38/><W42/><G126/><T51/><D122/><U35/><E71/><V31/><F114/><N who="1" m="43561" /><E127/><V43/><F43/><W98/><G113/><T86/><D34/><U54/><E135/><V46/><F76/><W7/><G64/><T87/><D90/><U104/><E54/><N who="2" m="20523" /><F46/><W133/><G133/><T100/><D100/><N who="1" m="62479" /><E105/><V6/><F60/><W83/><G21/><T79/><D79/><U132/><E132/><V63/><F63/><W91/><G91/><T101/><D101/><U56/><E56/><V11/><F99/><W25/><G25/><N who="0" m="16439" /><D66/><U65/><E65/><V116/><F116/><W27/><G27/><T62/><D62/><U96/><E96/><V120/><F120/><W58/><G58/><T32/><D32/><U125/><E125/><V95/><F109/><W45/><G45/><T68/><AGARI ba="1,1" hai="12,15,49,50,51,68,69,70,85,86,87" m="16439" machi="68" ten="40,2700,0" yaku="29,2" doraHai="88" who="0" fromWho="0" sc="289,40,174,-8,332,-14,195,-8" /><INIT seed="7,0,0,2,4,37" ten="329,166,318,187" oya="3" hai0="83,31,7,41,67,76,39,105,52,97,114,116,118" hai1="130,58,51,120,74,88,72,93,46,135,122,27,131" hai2="96,9,132,117,129,20,32,16,108,65,95,35,50" hai3="87,56,99,64,92,19,123,78,33,2,29,45,11"/><W30/><G123/><T55/><D67/><U34/><E135/><V103/><F108/><W59/><G33/><T42/><D114/><U70/><E70/><V66/><F117/><W124/><G124/><T1/><D31/><N who="1" m="19839" /><E58/><N who="3" m="22058" /><G2/><T109/><D109/><U60/><E60/><V94/><F35/><W3/><G3/><T54/><D42/><N who="1" m="25047" /><E122/><V82/><F32/><W63/><G45/><N who="0" m="23743" /><D97/><N who="1" m="57511" /><E120/><V90/><F132/><W80/><G63/><T28/><D28/><U48/><E48/><V89/><F65/><W121/><G64/><T14/><D14/><U134/><E134/><V100/><F66/><W61/><G61/><T23/><D23/><U133/><E133/><V106/><F20/><W81/><G121/><T113/><D105/><U22/><E22/><V40/><F106/><W5/><G5/><T126/><D126/><U8/><E8/><V107/><F107/><W84/><G11/><N who="0" m="2543" /><D113/><U44/><E44/><V69/><F9/><W17/><G30/><T110/><D110/><U18/><E18/><V85/><F16/><W111/><G29/><T68/><D68/><U10/><E10/><V62/><F69/><W26/><G111/><T21/><D21/><U86/><E86/><V6/><F62/><W91/><G26/><T47/><D47/><U49/><E49/><V75/><F50/><W43/><G43/><T128/><D118/><U98/><E98/><V38/><F40/><W0/><G0/><T119/><D116/><U36/><E36/><V73/><F38/><W57/><N who="3" m="22066" /><W71/><DORA hai="79" /><G71/><T24/><D119/><U77/><E77/><AGARI ba="0,0" hai="17,19,77,78,80,81,84,87,91,92,99" m="22066" machi="77" ten="30,5800,0" yaku="8,1,52,2" doraHai="37,79" who="3" fromWho="1" sc="329,0,166,-58,318,0,187,58" /><INIT seed="7,1,0,4,1,25" ten="329,108,318,245" oya="3" hai0="64,59,2,91,104,128,124,49,82,15,95,130,83" hai1="86,16,43,42,113,68,103,48,38,110,116,23,54" hai2="26,61,34,97,73,60,18,44,7,80,74,17,125" hai3="50,99,101,20,6,121,19,81,79,70,106,13,31"/><W55/><G121/><T94/><D2/><U118/><E110/><V134/><F7/><W4/><G70/><T0/><D0/><U100/><E68/><V114/><F114/><W76/><G76/><T24/><D104/><U8/><E113/><V3/><F3/><W30/><G6/><T37/><D37/><U117/><E8/><V52/><F74/><W46/><REACH who="3" step="1"/><G4/><REACH who="3" ten="329,108,318,235" step="2"/><T71/><D71/><U53/><E38/><V84/><F134/><W132/><G132/><T32/><D128/><U131/><E131/><V72/><F72/><AGARI ba="1,1" hai="13,19,20,30,31,46,50,55,72,79,81,99,101,106" machi="72" ten="30,11600,0" yaku="1,1,7,1,52,2,53,0" doraHai="25" doraHaiUra="122" who="3" fromWho="2" sc="329,0,108,0,318,-119,235,129" owari="329,13.0,108,-39.0,199,-20.0,364,46.0" /></mjloggm>