<mjloggm ver="2.3"><GO type="169" lobby="0"/><UN n0="%6A%69%6E%6B%61%69" n1="%67%61%6D%6F%33" n2="%E3%82%A6%E3%83%AB%E3%83%88%E3%83%A9%E7%AB%8B%E7%9B%B4" n3="%E7%A9%B6%E6%A5%B5%41%49" dan="16,16,17,16" rate="2048.98,2105.84,2187.49,2064.91" sx="M,M,M,M"/><TAIKYOKU oya="0"/><INIT seed="0,0,0,2,3,133" ten="250,250,250,250" oya="0" hai0="0,131,46,3,79,98,27,121,54,60,17,56,104" hai1="127,80,125,42,6,16,24,77,37,52,13,45,10" hai2="128,117,115,122,86,69,129,32,59,67,88,51,87" hai3="112,33,28,123,29,101,40,113,49,106,7,68,65"/><T76/><D121/><U70/><E70/><V97/><F115/><W11/><G123/><T22/><D131/><N who="2" m="50250" /><F122/><W111/><G111/><T25/><D25/><U114/><E114/><V78/><F32/><W103/><G49/><T95/><D104/><U89/><E89/><V44/><F69/><W61/><G40/><T9/><D46/><U53/><E24/><V62/><F78/><W83/><G83/><T41/><D41/><U93/><E93/><N who="2" m="56487" /><F117/><W102/><G106/><T99/><D99/><U108/><E108/><V8/><F8/><W82/><G82/><T132/><D132/><U4/><E4/><V57/><F57/><W130/><G130/><T110/><D110/><U38/><E38/><V126/><F126/><N who="1" m="48137" /><E6/><V109/><F109/><W75/><G113/><T74/><D76/><U47/><E47/><V100/><F100/><W116/><G112/><T48/><D79/><U50/><E37/><V58/><F58/><W43/><G103/><T12/><D74/><AGARI ba="0,0" hai="10,13,16,42,45,50,52,53,74,77,80" m="48137" machi="74" ten="30,12000,2" yaku="18,1,52,3,54,2" doraHai="133" who="1" fromWho="0" sc="250,-120,250,120,250,0,250,0" /><INIT seed="1,0,0,1,1,102" ten="130,370,250,250" oya="1" hai0="80,126,29,17,27,37,52,67,24,16,114,109,66" hai1="50,4,82,39,101,7,122,2,6,115,132,95,48" hai2="56,134,40,10,98,11,42,0,78,26,129,123,8" hai3="3,9,94,1,55,59,49,68,111,36,25,135,97"/><U35/><E115/><V84/><F123/><W72/><G72/><T90/><D37/><U64/><E39/><V33/><F0/><W93/><G111/><T60/><D109/><U54/><E35/><V103/><F129/><W41/><G135/><T99/><D114/><U19/><E122/><V77/><F134/><W65/><G25/><N who="0" m="9803" /><D29/><U119/><E119/><V63/><F33/><W18/><G18/><N who="0" m="7275" /><D126/><U76/><E64/><V51/><F26/><W12/><G12/><T45/><D99/><U104/><E19/><V133/><F133/><W15/><G15/><T121/><D121/><U31/><E31/><V47/><F42/><W130/><G130/><T71/><D71/><U96/><E132/><V117/><F117/><W100/><G93/><T88/><D80/><U5/><E95/><N who="2" m="58847" /><F84/><W34/><G34/><T108/><D108/><U58/><E2/><V38/><F38/><W70/><G9/><T128/><D128/><U28/><E28/><V69/><F69/><W79/><G79/><T61/><D45/><U44/><E4/><V62/><F78/><W22/><G22/><T83/><D83/><U57/><E57/><V131/><F77/><W20/><G20/><T32/><D32/><U53/><REACH who="1" step="1"/><E6/><REACH who="1" ten="130,360,250,250" step="2"/><V105/><F56/><W86/><G70/><T118/><D118/><U91/><E91/><N who="0" m="34857" /><D60/><N who="2" m="23082" /><F131/><W14/><G3/><T81/><D81/><U125/><E125/><V21/><F21/><W46/><G1/><T116/><D116/><U75/><AGARI ba="0,1" hai="5,7,44,48,50,53,54,58,75,76,82,96,101,104" machi="75" ten="20,7800,0" yaku="1,1,0,1,7,1,52,1,53,0" doraHai="102" doraHaiUra="13" who="1" fromWho="1" sc="130,-26,360,88,250,-26,250,-26" /><INIT seed="1,1,0,3,4,2" ten="104,448,224,224" oya="1" hai0="70,117,8,1,102,106,41,30,86,29,107,63,69" hai1="14,87,59,66,53,115,48,65,126,9,3,99,43" hai2="6,67,95,39,125,135,52,84,134,111,114,123,31" hai3="18,92,51,133,103,25,27,113,22,20,10,11,42"/><U118/><E118/><V13/><F39/><W101/><G113/><T68/><D117/><U33/><E115/><V46/><F123/><W94/><G133/><N who="2" m="50697" /><F114/><W98/><G42/><T110/><D110/><U88/><E33/><V7/><F111/><W91/><G51/><T76/><D41/><U19/><E126/><V81/><F125/><W104/><G104/><T16/><D63/><U54/><E43/><V97/><F67/><W130/><G130/><T122/><D122/><U89/><E3/><V75/><F75/><W57/><G57/><T132/><D132/><U37/><E37/><V5/><F31/><W121/><G121/><T124/><D124/><U12/><E53/><V79/><F13/><W24/><G27/><T40/><D40/><U61/><E14/><V80/><F80/><W96/><REACH who="3" step="1"/><G91/><REACH who="3" ten="104,448,224,214" step="2"/><T36/><D36/><U73/><E48/><N who="2" m="28695" /><F7/><W32/><G32/><T71/><D68/><U128/><E59/><V38/><F38/><W34/><G34/><T17/><D69/><U21/><E128/><V129/><F129/><W112/><G112/><T47/><D70/><U85/><E61/><V119/><F119/><W105/><G105/><T58/><D58/><U83/><E89/><AGARI ba="1,1" hai="5,6,79,81,84,89,95,97" m="28695,50697" machi="89" ten="30,7700,0" yaku="20,1,52,2,54,1" doraHai="2" who="2" fromWho="1" sc="104,0,448,-80,224,90,214,0" /><INIT seed="2,0,0,5,3,87" ten="104,368,314,214" oya="2" hai0="11,95,12,97,56,134,103,21,108,72,122,96,115" hai1="113,14,77,92,45,42,74,10,114,0,38,81,130" hai2="23,5,125,105,123,34,116,84,66,2,35,70,16" hai3="78,4,93,91,83,121,71,49,15,25,89,68,101"/><V63/><F123/><W79/><G121/><T59/><D108/><U60/><E130/><V112/><F112/><W126/><G126/><T18/><D72/><U118/><E118/><V94/><F105/><W133/><G133/><T80/><D80/><U22/><E60/><V124/><F116/><W3/><G3/><T75/><D75/><U8/><E8/><V109/><F5/><W98/><G71/><T106/><D115/><U120/><E120/><V132/><F2/><W76/><G68/><T24/><D122/><U19/><REACH who="1" step="1"/><E92/><REACH who="1" ten="104,358,314,214" step="2"/><V32/><F132/><W119/><G119/><T26/><D134/><U67/><E67/><V9/><F9/><N who="3" m="4519" /><G83/><T36/><D36/><U41/><E41/><V85/><F109/><W62/><G62/><T37/><D37/><U52/><E52/><V58/><F70/><W33/><G33/><T51/><D51/><U73/><E73/><V65/><F65/><W111/><G111/><T104/><D104/><U135/><E135/><V7/><F7/><AGARI ba="0,1" hai="0,7,10,14,19,22,38,42,45,74,77,81,113,114" machi="7" ten="40,8000,1" yaku="1,1,25,2,53,1" doraHai="87" doraHaiUra="39" who="1" fromWho="2" sc="104,0,358,90,314,-80,214,0" /><INIT seed="3,0,0,5,3,118" ten="104,448,234,214" oya="3" hai0="89,49,116,15,24,50,43,34,134,3,124,7,119" hai1="107,21,112,114,54,130,9,53,10,96,135,36,94" hai2="73,66,79,76,19,111,133,93,87,20,1,48,91" hai3="127,77,117,100,12,120,61,131,101,115,121,69,32"/><W113/><G32/><T46/><D134/><U74/><E107/><V17/><F1/><W40/><G77/><T13/><D124/><U56/><E74/><V62/><F111/><W99/><G40/><T103/><D103/><N who="3" m="39497" /><G99/><T38/><D38/><U11/><E36/><V126/><F126/><W29/><G29/><T104/><D104/><U106/><E106/><V8/><F133/><W59/><G69/><T25/><D7/><U108/><E108/><V70/><F73/><W105/><G105/><T55/><D3/><U37/><E37/><V90/><F90/><W14/><G127/><T23/><D89/><U44/><E135/><V86/><F86/><W82/><G82/><T65/><D65/><U83/><E83/><V6/><F48/><W128/><G117/><T129/><D34/><U75/><E75/><V67/><F67/><W64/><G14/><T42/><D23/><U5/><E21/><V18/><F20/><W125/><G12/><T16/><D55/><U92/><E96/><V30/><F30/><W80/><G80/><T26/><D129/><N who="3" m="49737" /><G125/><T35/><D35/><U45/><E130/><V33/><F33/><W110/><G110/><T27/><N who="0" m="6144" /><DORA hai="2" /><T122/><D13/><U88/><E11/><V68/><F68/><W85/><G85/><T0/><D0/><U102/><E102/><V58/><F70/><W41/><G41/><T95/><D116/><U52/><E10/><V123/><F79/><W98/><G98/><T84/><D119/><U28/><E28/><V109/><F76/><W47/><G47/><T72/><D46/><U39/><E44/><RYUUKYOKU ba="0,0" sc="104,-10,448,-10,234,-10,214,30" hai3="59,61,64,113,115,120,121" /><INIT seed="3,1,0,0,5,84" ten="94,438,224,244" oya="3" hai0="109,61,76,98,56,104,45,12,57,91,116,79,131" hai1="120,41,11,7,89,128,124,63,53,135,103,95,6" hai2="118,132,51,2,23,78,27,97,20,43,17,100,81" hai3="92,73,50,32,74,125,21,123,119,42,22,65,35"/><W59/><G92/><N who="0" m="56607" /><D104/><U1/><E120/><V38/><F2/><W129/><G59/><T66/><D109/><U101/><E128/><V80/><F118/><W126/><G50/><T36/><D36/><U55/><E41/><V8/><F132/><W105/><G42/><T30/><D45/><U111/><E111/><V4/><F38/><W86/><G86/><T87/><D116/><U54/><E135/><V133/><F133/><W114/><G119/><T19/><D30/><U99/><E124/><N who="3" m="47722" /><G105/><T102/><D102/><U110/><E110/><V58/><F58/><W88/><G65/><T90/><D57/><U39/><E39/><V49/><F43/><W64/><G64/><T9/><D131/><U130/><E130/><V47/><F47/><W13/><G13/><T33/><D33/><N who="3" m="12873" /><G129/><T117/><D117/><U28/><E63/><V72/><F51/><W85/><G85/><T107/><D107/><U44/><E44/><V0/><F49/><W106/><G106/><T26/><D26/><U108/><E108/><V16/><F72/><N who="3" m="27755" /><G123/><T77/><D77/><U83/><E54/><V34/><F78/><W82/><G82/><AGARI ba="1,0" hai="9,12,19,56,61,66,76,79,82,87,90" m="56607" machi="82" ten="30,3900,0" yaku="8,1,52,2" doraHai="84" who="0" fromWho="3" sc="94,42,438,0,224,0,244,-42" /><INIT seed="4,0,0,0,3,117" ten="136,438,224,202" oya="0" hai0="125,88,67,80,38,57,21,9,32,131,15,18,45" hai1="119,66,50,11,91,33,31,27,47,65,4,62,60" hai2="69,84,72,8,49,108,19,113,30,46,37,36,35" hai3="22,12,123,96,39,104,133,17,115,26,63,0,116"/><T41/><D32/><U83/><E119/><V61/><F72/><W112/><G0/><T14/><D125/><U114/><E114/><N who="3" m="43562" /><G116/><T128/><D57/><U102/><E102/><V106/><F106/><W135/><G39/><T86/><REACH who="0" step="1"/><D67/><REACH who="0" ten="126,438,224,202" step="2"/><U43/><E65/><V53/><F35/><W52/><G123/><T129/><D129/><U76/><E66/><V77/><F113/><W75/><G75/><T97/><D97/><U59/><E59/><V90/><F108/><W87/><G87/><T99/><D99/><U44/><E47/><V56/><F46/><W105/><G105/><T127/><D127/><U28/><E33/><V71/><F56/><N who="3" m="35207" /><G12/><T24/><D24/><U101/><E27/><V20/><F84/><W3/><G3/><T98/><D98/><U81/><E44/><V121/><F121/><W54/><G54/><T100/><D100/><AGARI ba="0,1" hai="17,22,26,96,100,104,133,135" m="35207,43562" machi="100" ten="30,2000,0" yaku="15,1,54,1" doraHai="117" who="3" fromWho="0" sc="126,-20,438,0,224,0,202,30" /><INIT seed="5,0,0,0,0,128" ten="106,438,224,232" oya="1" hai0="109,71,41,106,115,24,90,133,28,77,55,75,80" hai1="79,129,125,59,5,124,54,43,118,37,35,96,104" hai2="56,29,85,19,20,127,21,48,30,31,108,97,78" hai3="135,47,102,111,39,100,25,4,16,51,103,10,119"/><U94/><E129/><V18/><F108/><W9/><G111/><T101/><D109/><U132/><E118/><V60/><F127/><W131/><G39/><T130/><D130/><U72/><E35/><V23/><F48/><W33/><G131/><T11/><D55/><U58/><E104/><V112/><F112/><W40/><G119/><T26/><D115/><U64/><E5/><V1/><F1/><W49/><G33/><T68/><D41/><U61/><E79/><V44/><F44/><N who="3" m="25735" /><G4/><T87/><D11/><U134/><E72/><V74/><F97/><W34/><G34/><T69/><D28/><U105/><E105/><V122/><F122/><W114/><G114/><T63/><D63/><N who="1" m="36311" /><E43/><V36/><F74/><W0/><G135/><N who="1" m="51754" /><E37/><V123/><F36/><W116/><G116/><T81/><D133/><U89/><AGARI ba="0,0" hai="59,61,64,89,94,96,124,125" m="51754,36311" machi="89" ten="30,11700,0" yaku="20,1,52,3" doraHai="128" who="1" fromWho="1" sc="106,-39,438,117,224,-39,232,-39" /><INIT seed="5,1,0,1,0,4" ten="67,555,185,193" oya="1" hai0="14,60,12,105,102,134,17,50,55,39,19,42,7" hai1="9,37,41,123,100,23,26,109,110,56,92,24,88" hai2="99,18,117,52,121,46,95,113,70,31,116,65,64" hai3="58,74,51,63,47,11,32,8,72,69,71,87,128"/><U124/><E123/><V85/><F121/><W53/><G32/><T59/><D7/><U101/><E124/><V16/><F70/><W21/><G128/><T82/><D134/><U84/><E56/><V10/><F116/><W1/><G1/><T15/><D102/><U133/><E133/><V83/><F117/><W27/><G71/><T25/><D105/><U103/><E9/><N who="3" m="3658" /><G72/><T127/><D127/><U20/><E41/><V94/><F31/><W118/><G74/><T40/><D39/><U98/><E37/><V130/><F18/><W76/><G69/><T89/><D25/><N who="1" m="9835" /><E98/><V114/><F130/><W2/><G2/><T81/><D89/><U126/><E126/><V44/><F114/><W61/><G118/><T34/><D34/><U122/><E122/><V91/><F113/><W67/><G63/><T54/><D42/><U62/><E62/><V68/><F68/><W48/><G48/><T78/><D40/><U29/><E29/><V33/><F33/><W120/><G120/><T111/><D111/><AGARI ba="1,0" hai="20,23,84,88,92,100,101,103,109,110,111" m="9835" machi="111" ten="30,2900,0" yaku="10,1,54,1" doraHai="4" who="1" fromWho="0" sc="67,-32,555,32,185,0,193,0" /><INIT seed="5,2,0,4,0,19" ten="35,587,185,193" oya="1" hai0="55,48,9,134,88,115,25,53,52,29,1,107,103" hai1="28,57,132,118,46,69,41,38,75,81,4,113,77" hai2="104,92,85,89,10,129,18,71,95,106,96,128,23" hai3="32,16,90,94,49,58,123,3,80,36,105,6,0"/><U59/><E118/><V24/><F71/><W45/><G105/><T40/><D115/><U87/><E113/><V64/><F64/><W119/><G123/><T8/><D134/><U20/><E69/><V93/><F10/><W60/><G36/><T120/><D120/><U5/><E132/><V62/><F62/><W91/><G32/><T121/><D121/><U43/><E43/><V39/><F39/><W110/><G110/><T114/><D114/><U76/><E76/><V51/><F51/><W126/><G119/><T13/><D1/><U109/><E109/><V50/><F50/><W125/><G80/><T97/><D13/><U35/><E35/><V12/><F12/><W102/><G102/><T27/><D27/><U63/><E75/><V131/><F93/><W33/><G33/><T31/><D31/><U100/><E100/><AGARI ba="2,0" hai="18,23,24,85,89,92,95,96,100,104,106,128,129,131" machi="100" ten="40,2600,0" yaku="19,1,52,1" doraHai="19" who="2" fromWho="1" sc="35,0,587,-32,185,32,193,0" /><INIT seed="6,0,0,3,5,6" ten="35,555,217,193" oya="2" hai0="102,121,4,51,34,15,62,76,128,130,108,20,97" hai1="44,109,127,23,43,124,40,30,123,104,28,13,118" hai2="17,47,18,3,82,98,59,38,35,27,36,105,80" hai3="85,48,84,77,29,24,131,12,9,99,86,54,133"/><V81/><F3/><W119/><G119/><T68/><D34/><U122/><E104/><V69/><F69/><W116/><G116/><T135/><D121/><N who="1" m="46091" /><E109/><V94/><F105/><W64/><G133/><T129/><D108/><U91/><E118/><V126/><F126/><W19/><G131/><T22/><D135/><U21/><E91/><V88/><F38/><W75/><G64/><T93/><D76/><U63/><E63/><V55/><F36/><W103/><G75/><T53/><D62/><U57/><E57/><V1/><F1/><W87/><G87/><T71/><D22/><U33/><E33/><V31/><F47/><W5/><G5/><T32/><D32/><U25/><E40/><V41/><F41/><W70/><G70/><T42/><D42/><U132/><E132/><V72/><F72/><W61/><G61/><T45/><REACH who="0" step="1"/><D20/><REACH who="0" ten="25,555,217,193" step="2"/><U26/><E43/><V14/><F35/><W115/><G77/><T66/><D66/><U111/><E111/><V2/><F55/><W125/><G54/><T83/><D83/><U112/><E21/><V96/><F81/><W117/><G117/><T8/><AGARI ba="0,1" hai="4,8,15,45,51,53,68,71,93,97,102,128,129,130" machi="8" ten="40,8000,1" yaku="1,1,0,1,19,1,52,1,53,0" doraHai="6" doraHaiUra="134" who="0" fromWho="0" sc="25,90,555,-20,217,-40,193,-20" /><INIT seed="7,0,0,2,5,95" ten="115,535,177,173" oya="3" hai0="88,85,12,65,37,87,41,127,75,96,123,116,104" hai1="120,101,39,130,44,74,113,81,111,66,57,19,131" hai2="20,83,126,76,40,0,103,109,106,58,24,48,69" hai3="62,128,60,133,59,30,14,31,15,21,8,118,98"/><W18/><G118/><T56/><D116/><U125/><E111/><V36/><F0/><W114/><G114/><T33/><D33/><U47/><E113/><V42/><F69/><W38/><G38/><T63/><D75/><U16/><E101/><V34/><F34/><W112/><G112/><T67/><D123/><U105/><E105/><V124/><F36/><W50/><G133/><T54/><D127/><U89/><E125/><V107/><F107/><W27/><G128/><T92/><D12/><U115/><E115/><V1/><F1/><W91/><G15/><T29/><D29/><U132/><E132/><V26/><F109/><W10/><G50/><T25/><D25/><U52/><E66/><V86/><F26/><W32/><G31/><T35/><D35/><U71/><E47/><V99/><F24/><W97/><G62/><T5/><D5/><U46/><E57/><V11/><F58/><W23/><G32/><T49/><D104/><U28/><E19/><V70/><F106/><W77/><G77/><T13/><D13/><U45/><E28/><V51/><F76/><W134/><G134/><T117/><D117/><U108/><E39/><V93/><F124/><W55/><G91/><T3/><D3/><U7/><E89/><V135/><F135/><W61/><G61/><T73/><D73/><U4/><E74/><V72/><F72/><W129/><G129/><T80/><D37/><U94/><E130/><V9/><F126/><W102/><G102/><N who="0" m="60679" /><D85/><U121/><E131/><V22/><F86/><W2/><G2/><T100/><D100/><U17/><E108/><RYUUKYOKU ba="0,0" sc="115,15,535,-15,177,-15,173,15" hai0="41,49,54,56,63,65,67,80,87,88" hai3="8,10,14,18,21,23,27,30,55,59,60,97,98" /><INIT seed="7,1,0,1,4,113" ten="130,520,162,188" oya="3" hai0="36,107,65,18,80,67,13,30,81,37,122,41,11" hai1="83,56,19,93,50,46,88,2,131,10,34,125,49" hai2="135,71,4,40,44,111,7,134,0,115,91,76,57" hai3="64,129,106,116,60,31,25,123,61,105,84,29,75"/><W47/><G75/><T108/><D107/><U6/><E34/><V77/><F71/><W3/><G123/><T63/><D122/><U38/><E131/><V33/><F33/><W119/><G3/><T8/><D108/><U54/><E83/><V130/><F111/><W69/><G129/><T52/><D30/><U94/><E125/><V85/><F57/><W90/><G61/><T28/><D28/><U42/><E19/><V15/><F15/><W22/><G31/><T43/><D13/><U97/><E93/><N who="2" m="54511" /><F115/><W32/><G32/><T100/><D63/><AGARI ba="1,0" hai="2,6,10,38,42,46,49,50,54,56,63,88,94,97" machi="63" ten="30,2000,0" yaku="7,1,54,1" doraHai="113" who="1" fromWho="0" sc="130,-23,520,23,162,0,188,0" owari="107,-39.0,543,64.0,162,-24.0,188,-1.0" /></mjloggm>