<mjloggm ver="2.3"><GO type="169" lobby="0"/><UN n0="%66%75%6B%75%30%32" n1="%E5%B0%B1%E6%B4%BB%E7%94%9F%40%E5%B7%9D%E6%9D%91%E8%BB%8D%E5%9B%A3" n2="%E3%81%90%E3%81%9C%E3%82%93%40%4C%69%42" n3="%61%6C%75%63%61%72%64" dan="16,16,16,17" rate="2122.82,2182.23,2159.42,2083.06" sx="M,M,M,M"/><TAIKYOKU oya="0"/><INIT seed="0,0,0,2,1,107" ten="250,250,250,250" oya="0" hai0="87,76,32,82,18,126,113,62,101,124,131,38,52" hai1="92,98,80,130,125,41,35,7,77,53,78,10,46" hai2="114,55,63,1,97,134,133,51,20,112,37,45,132" hai3="119,60,118,65,75,12,44,61,39,123,86,79,13"/><T122/><D122/><U56/><E125/><N who="0" m="48233" /><D113/><N who="2" m="43626" /><F97/><W47/><G123/><T127/><D127/><U81/><E35/><V68/><F20/><W40/><G86/><T99/><D32/><U21/><E21/><V72/><F72/><W69/><G47/><T121/><D121/><U91/><E130/><V6/><F6/><W30/><G30/><T66/><D131/><U90/><E90/><V9/><F9/><W128/><G61/><T34/><D34/><U3/><E78/><V17/><F134/><W83/><REACH who="3" step="1"/><G128/><REACH who="3" ten="250,250,250,240" step="2"/><T103/><D87/><U74/><E46/><V8/><F45/><W58/><G58/><T85/><D85/><U49/><E41/><V59/><F63/><W4/><G4/><T50/><D62/><U33/><E80/><V14/><F68/><W16/><G16/><T106/><D18/><U19/><E19/><V110/><F133/><W28/><G28/><T104/><D82/><U26/><E33/><V102/><F17/><W29/><G29/><T23/><D23/><U42/><E42/><V43/><F59/><W64/><G64/><T27/><D66/><U15/><REACH who="1" step="1"/><E26/><REACH who="1" ten="250,240,250,240" step="2"/><V95/><F43/><W89/><G89/><T120/><D27/><U67/><E67/><V70/><F132/><W71/><G71/><T36/><D120/><U25/><E25/><V96/><F70/><W105/><G105/><T108/><D106/><U135/><E135/><V115/><F115/><W100/><G100/><T111/><D103/><U129/><E129/><V54/><F102/><W11/><G11/><T22/><D101/><U84/><E84/><V117/><F8/><RYUUKYOKU ba="0,2" sc="250,-15,240,15,250,-15,240,15" hai1="3,7,10,15,49,53,56,74,77,81,91,92,98" hai3="12,13,39,40,44,60,65,69,75,79,83,118,119" /><INIT seed="1,1,2,4,1,109" ten="235,255,235,255" oya="1" hai0="122,81,53,25,108,3,43,124,28,114,102,82,80" hai1="50,126,96,86,60,127,125,89,72,133,76,37,129" hai2="29,55,1,16,57,70,21,69,62,134,44,54,47" hai3="20,52,9,33,75,40,59,65,121,128,95,42,103"/><U90/><E37/><V12/><F134/><W78/><G33/><T74/><D108/><U15/><E133/><V5/><F29/><W0/><G121/><T92/><D3/><U77/><E60/><V91/><F91/><W34/><G34/><T17/><D122/><U24/><E24/><V63/><F70/><W41/><G65/><T113/><D74/><U105/><E50/><V93/><F93/><W23/><G75/><T51/><D43/><U66/><E66/><V7/><F69/><W131/><G78/><N who="1" m="30314" /><E15/><V119/><F119/><W94/><G0/><T118/><D118/><U64/><E64/><V11/><REACH who="2" step="1"/><F7/><REACH who="2" ten="235,255,225,255" step="2"/><W99/><G94/><T123/><D123/><U13/><E90/><V112/><F112/><W106/><G95/><T38/><D28/><U101/><E129/><N who="3" m="49738" /><G9/><T35/><D114/><U68/><E68/><V22/><F22/><W18/><G18/><T26/><D113/><U4/><E4/><V132/><F132/><W10/><G10/><T36/><D17/><U27/><E126/><V61/><F61/><AGARI ba="1,3" hai="20,23,40,41,42,52,59,61,99,103,106" m="49738" machi="61" ten="30,2000,0" yaku="19,1,54,1" doraHai="109" who="3" fromWho="2" sc="235,0,255,0,225,-23,255,53" /><INIT seed="2,0,0,1,2,20" ten="235,255,202,308" oya="2" hai0="128,64,41,135,98,26,117,108,132,125,77,97,91" hai1="71,32,127,74,61,110,62,4,102,99,57,113,51" hai2="88,69,0,12,90,52,122,54,107,24,131,42,45" hai3="133,58,82,119,103,35,123,44,66,134,130,95,111"/><V72/><F0/><W49/><G123/><T124/><D108/><U75/><E32/><V8/><F122/><W47/><G119/><T40/><D117/><U37/><E37/><V9/><F72/><W81/><G35/><T70/><D77/><U53/><E110/><V129/><F69/><W68/><G68/><T31/><D64/><U46/><E113/><V30/><F107/><W13/><G130/><N who="2" m="49673" /><F42/><N who="0" m="16490" /><D70/><U76/><E76/><V6/><F9/><W48/><G111/><T96/><D91/><N who="2" m="34858" /><F45/><W50/><G44/><T115/><D115/><U121/><E71/><V67/><F67/><W21/><G47/><T25/><D128/><U39/><E39/><V63/><F63/><W36/><G36/><T59/><D59/><U112/><E62/><V100/><F100/><W43/><G43/><T87/><D87/><U34/><E75/><V22/><AGARI ba="0,0" hai="6,8,12,22,24,30,52,54" m="34858,49673" machi="22" ten="30,11700,0" yaku="19,1,52,1,54,2" doraHai="20" who="2" fromWho="2" sc="235,-39,255,-39,202,117,308,-39" /><INIT seed="2,1,0,1,4,19" ten="196,216,319,269" oya="2" hai0="1,76,88,30,71,118,47,112,101,58,64,45,74" hai1="90,20,116,49,66,94,114,50,78,42,61,22,7" hai2="132,35,12,117,131,72,105,102,124,91,27,92,21" hai3="10,9,82,6,122,67,41,126,40,4,99,43,69"/><V36/><F117/><W125/><G122/><T98/><D112/><U39/><E114/><V86/><F124/><N who="3" m="47723" /><G99/><T70/><D1/><U16/><E116/><V111/><F131/><W81/><G67/><T24/><D118/><U48/><E7/><N who="3" m="2602" /><G69/><T37/><D58/><N who="1" m="37175" /><E39/><V113/><F72/><W29/><G29/><T75/><D71/><U5/><E5/><V109/><F36/><W34/><G34/><T55/><D76/><U11/><E78/><V3/><F3/><W115/><G115/><T85/><D64/><U23/><E11/><AGARI ba="1,0" hai="9,10,11,40,41,43,81,82" m="2602,47723" machi="11" ten="40,5200,0" yaku="28,2,18,1" doraHai="19" who="3" fromWho="1" sc="196,0,216,-55,319,0,269,55" /><INIT seed="3,0,0,4,1,53" ten="196,161,319,324" oya="3" hai0="51,110,99,117,119,13,28,4,79,66,109,58,111" hai1="106,39,112,33,59,47,16,5,77,22,62,120,6" hai2="81,9,87,19,46,56,64,80,72,116,68,3,14" hai3="97,101,63,32,133,15,34,50,84,29,7,54,103"/><W17/><G7/><T73/><D28/><U25/><E120/><V48/><F116/><W70/><G133/><T43/><D99/><U20/><E33/><V86/><F72/><W124/><G124/><T96/><D96/><U27/><E106/><V31/><F68/><W49/><G84/><T74/><D43/><U23/><E112/><V98/><F98/><W89/><G89/><T36/><D36/><U115/><E115/><V135/><F135/><W129/><G129/><T57/><D51/><U69/><E69/><V52/><F31/><W10/><G101/><T134/><D134/><U128/><E77/><V67/><F3/><W114/><G114/><T61/><D58/><U121/><E121/><V38/><F38/><W35/><G29/><T42/><D42/><U102/><E102/><V123/><F123/><W104/><REACH who="3" step="1"/><G54/><REACH who="3" ten="196,161,319,314" step="2"/><T45/><D74/><U71/><E6/><V75/><F75/><W93/><G93/><T41/><D73/><U24/><E5/><V65/><F46/><W91/><G91/><T40/><D79/><U78/><E78/><V11/><F87/><W12/><G12/><T95/><D95/><U90/><E90/><N who="2" m="51527" /><F81/><W88/><G88/><T100/><D100/><U1/><E1/><V122/><F122/><W2/><G2/><T105/><D105/><U76/><E76/><V82/><F82/><W26/><G26/><T92/><D92/><U60/><E128/><V8/><AGARI ba="0,1" hai="8,9,11,14,19,48,52,56,64,65,67" m="51527" machi="8" ten="30,4000,0" yaku="8,1,52,1,54,1" doraHai="53" who="2" fromWho="2" sc="196,-10,161,-10,319,50,314,-20" /><INIT seed="4,0,0,3,1,47" ten="186,151,369,294" oya="0" hai0="21,97,127,82,53,42,2,115,83,94,81,135,17" hai1="125,26,46,124,51,59,91,89,102,104,27,119,113" hai2="80,12,16,14,85,32,3,133,50,6,134,44,49" hai3="105,29,117,13,1,110,15,56,126,20,62,69,60"/><T79/><D2/><U64/><E119/><V68/><F32/><W35/><G1/><T111/><D115/><U19/><E104/><V120/><F68/><W96/><G110/><T39/><D111/><U70/><E70/><V71/><F71/><W48/><G35/><T7/><D127/><N who="1" m="48715" /><E102/><V108/><F108/><W36/><G36/><T18/><D7/><U63/><E113/><V34/><F34/><W41/><G69/><T61/><D135/><N who="2" m="51722" /><F44/><W4/><G117/><T37/><D37/><U84/><E19/><N who="0" m="7177" /><D39/><U116/><E116/><V95/><F95/><W123/><G105/><T30/><D42/><N who="1" m="25047" /><E91/><N who="2" m="51623" /><F3/><W10/><G126/><T66/><D79/><U129/><E129/><V23/><F120/><W98/><G123/><T65/><D94/><AGARI ba="0,0" hai="26,27,59,63,64,84,89,94" m="25047,48715" machi="94" ten="30,2000,0" yaku="18,1,52,1" doraHai="47" who="1" fromWho="0" sc="186,-20,151,20,369,0,294,0" /><INIT seed="5,0,0,3,5,123" ten="166,171,369,294" oya="1" hai0="53,70,75,42,13,132,104,55,89,0,52,31,10" hai1="116,64,9,109,73,135,103,61,105,35,118,66,18" hai2="127,34,114,125,100,120,95,60,68,54,26,76,19" hai3="45,62,57,83,2,12,112,121,8,128,101,4,87"/><U21/><E35/><V92/><F120/><W82/><G121/><T115/><D70/><U111/><E73/><V48/><F76/><W30/><G112/><T84/><D75/><U113/><E113/><V29/><F114/><W78/><G128/><T41/><D115/><U15/><E135/><V11/><F60/><W131/><G131/><T107/><D0/><U97/><E64/><V102/><F68/><W3/><G101/><T7/><D132/><U72/><E72/><V39/><F39/><W94/><G94/><T49/><D31/><U80/><E80/><V50/><F50/><W47/><G30/><T124/><D124/><N who="2" m="47690" /><F100/><W74/><G3/><T98/><D98/><U117/><REACH who="1" step="1"/><E9/><REACH who="1" ten="166,161,369,294" step="2"/><V14/><F102/><W56/><G83/><T46/><REACH who="0" step="1"/><D42/><REACH who="0" ten="156,161,369,294" step="2"/><U106/><E106/><V108/><F108/><W65/><G74/><T32/><D32/><U79/><E79/><V119/><F119/><W33/><G33/><T51/><D51/><U91/><E91/><V58/><AGARI ba="0,2" hai="11,14,19,26,29,34,48,54,58,92,95" m="47690" machi="58" ten="30,1100,0" yaku="18,1" doraHai="123" who="2" fromWho="2" sc="156,-3,161,-5,369,31,294,-3" /><INIT seed="6,0,0,1,5,101" ten="153,156,400,291" oya="2" hai0="20,133,1,109,58,120,43,52,103,56,30,2,70" hai1="49,79,122,132,91,47,112,7,50,32,63,104,14" hai2="125,12,87,21,18,127,121,89,35,71,31,3,83" hai3="126,26,124,54,17,110,19,111,96,78,98,82,39"/><V33/><F121/><W48/><G39/><T37/><D70/><U51/><E32/><V11/><F71/><W128/><G128/><T72/><D120/><U123/><E104/><V69/><F69/><W46/><G110/><T60/><D109/><U22/><E112/><V16/><F31/><W62/><G111/><T65/><D72/><U129/><E132/><V59/><F59/><W57/><G96/><T92/><D133/><U102/><E129/><V90/><F90/><W76/><G98/><N who="0" m="59847" /><D43/><U108/><E102/><V73/><F73/><W36/><G36/><T119/><D37/><U95/><E108/><V88/><F89/><W93/><G93/><T135/><D119/><U74/><E74/><V86/><F86/><N who="3" m="48455" /><G26/><N who="0" m="16711" /><D135/><U117/><E79/><V100/><F100/><W107/><G107/><T66/><D66/><U84/><E117/><V45/><F45/><W113/><G78/><T9/><D9/><N who="1" m="4415" /><E122/><V53/><F53/><N who="3" m="34095" /><G113/><T131/><D131/><U114/><E114/><V105/><F105/><W64/><G64/><T4/><D4/><U77/><E77/><V99/><F99/><W0/><G0/><T24/><D24/><U94/><E123/><V106/><F106/><W13/><G13/><T8/><D8/><U97/><E22/><V28/><F28/><W44/><G44/><T67/><D67/><U85/><E47/><V81/><F81/><W5/><G5/><T15/><D15/><U115/><E115/><V25/><F3/><W75/><G75/><T34/><D34/><U61/><E95/><V134/><F134/><W118/><G118/><T38/><D38/><RYUUKYOKU ba="0,0" sc="153,0,156,0,400,0,291,0" hai0="1,2,52,56,58,60,65" hai1="49,50,51,61,63,84,85,91,94,97" hai2="11,12,16,18,21,25,33,35,83,87,88,125,127" hai3="17,19,46,48,54,124,126" /><INIT seed="6,1,0,3,3,99" ten="153,156,400,291" oya="2" hai0="19,33,120,46,76,54,5,117,20,40,106,6,29" hai1="115,11,28,8,109,127,91,80,75,116,55,12,134" hai2="24,94,64,112,102,86,57,61,132,104,92,70,47" hai3="15,90,1,14,83,130,41,4,72,66,96,118,16"/><V108/><F108/><W60/><G118/><T50/><D120/><U67/><E109/><V3/><F132/><W110/><G1/><T93/><D117/><U100/><E116/><V74/><F112/><W122/><G122/><T21/><D106/><U27/><E67/><V25/><F74/><W71/><G130/><T63/><D33/><U103/><E127/><V26/><F3/><W38/><G4/><T85/><D29/><U124/><E124/><V98/><F47/><W126/><G15/><T125/><D125/><U52/><E75/><V10/><F10/><N who="1" m="3625" /><E12/><V53/><REACH who="2" step="1"/><F86/><REACH who="2" ten="153,156,390,291" step="2"/><W9/><G72/><T35/><D85/><N who="1" m="50599" /><E134/><V81/><F81/><W2/><G2/><T114/><D114/><U84/><E84/><V123/><F123/><W59/><G83/><T101/><D46/><U73/><E73/><V56/><F56/><W111/><G59/><T32/><D5/><U119/><E119/><V89/><F89/><W0/><G0/><T51/><D6/><U39/><E39/><V36/><F36/><W121/><G126/><T133/><D133/><U45/><E45/><V7/><F7/><W97/><G90/><T105/><D76/><U31/><E115/><V23/><F23/><W48/><G38/><T30/><D21/><N who="1" m="15471" /><E31/><V87/><F87/><W82/><G82/><T129/><D30/><U58/><E58/><V88/><F88/><W79/><G79/><T13/><D20/><U18/><E18/><V95/><F95/><W113/><G121/><T44/><D93/><U77/><E77/><V78/><F78/><W62/><G113/><T135/><D135/><RYUUKYOKU ba="1,1" sc="153,-15,156,15,390,15,291,-15" hai1="52,55,100,103" hai2="24,25,26,53,57,61,64,70,92,94,98,102,104" /><INIT seed="6,2,1,2,3,27" ten="138,171,405,276" oya="2" hai0="7,100,75,65,28,46,97,21,63,120,50,51,34" hai1="33,36,40,9,94,121,32,112,102,39,110,73,2" hai2="109,123,89,78,117,11,107,25,49,58,37,6,116" hai3="126,83,71,38,52,60,108,67,69,62,19,66,29"/><V93/><F107/><W12/><G108/><T4/><D120/><U76/><E110/><V96/><F123/><W131/><G131/><T59/><D75/><U30/><E112/><V104/><F104/><W48/><G126/><T31/><D34/><U118/><E118/><V16/><F37/><W130/><G38/><T105/><D51/><U82/><E30/><V106/><F106/><W74/><G29/><T103/><D103/><U86/><E121/><V80/><F109/><W55/><G130/><T115/><D115/><U0/><E0/><V1/><F49/><W134/><G134/><T81/><D81/><U111/><E111/><V20/><REACH who="2" step="1"/><F58/><REACH who="2" ten="138,171,395,276" step="2"/><W26/><G48/><T124/><D124/><U72/><E36/><V45/><F45/><W15/><G71/><T22/><D46/><U101/><E39/><V64/><F64/><W88/><G69/><T128/><D50/><U79/><E72/><AGARI ba="2,2" hai="1,6,11,16,20,25,72,78,80,89,93,96,116,117" machi="72" ten="30,11600,0" yaku="1,1,7,1,54,1,53,1" doraHai="27" doraHaiUra="91" who="2" fromWho="1" sc="138,0,171,-122,395,142,276,0" /><INIT seed="6,3,0,3,5,72" ten="138,49,537,276" oya="2" hai0="94,108,114,127,135,122,30,53,51,115,16,129,42" hai1="113,59,71,100,8,76,55,49,37,56,105,45,117" hai2="107,17,69,132,22,131,86,11,118,75,80,13,110" hai3="25,1,38,14,66,119,46,125,116,67,134,88,126"/><V23/><F75/><W19/><G1/><T7/><D108/><U123/><E117/><V44/><F110/><W9/><G134/><T20/><D122/><U64/><E123/><V78/><F131/><W87/><G116/><T57/><D135/><U85/><E113/><N who="0" m="43017" /><D129/><U47/><E105/><V90/><F132/><W10/><G119/><T68/><D68/><U112/><E112/><V4/><F118/><W128/><G128/><T24/><D127/><N who="3" m="48649" /><G25/><T97/><D7/><U6/><E100/><V102/><F69/><W58/><G10/><T40/><D30/><U120/><E120/><V91/><F23/><W15/><G15/><T26/><D26/><U31/><E31/><V121/><F121/><W63/><G46/><T65/><D65/><U111/><E111/><V83/><F44/><W95/><G66/><T2/><D2/><U124/><E124/><V21/><F21/><W60/><G60/><T36/><D36/><AGARI ba="3,0" hai="9,14,19,36,38,58,63,67,87,88,95" m="48649" machi="36" ten="30,2000,0" yaku="18,1,54,1" doraHai="72" who="3" fromWho="0" sc="138,-29,49,0,537,0,276,29" /><INIT seed="7,0,0,3,5,27" ten="109,49,537,305" oya="3" hai0="113,88,85,93,101,127,54,78,82,107,134,51,114" hai1="76,16,125,63,132,0,110,53,15,66,111,128,100" hai2="120,22,70,87,30,80,9,90,11,98,44,84,37" hai3="108,50,23,38,106,104,19,123,49,4,45,112,35"/><W69/><G35/><T119/><D119/><U99/><E0/><V102/><F70/><W74/><G74/><N who="0" m="43351" /><D127/><U92/><E128/><V36/><F84/><W71/><G123/><T67/><D67/><U40/><E125/><V31/><F22/><W42/><G112/><T97/><D134/><U3/><E3/><V6/><F9/><W24/><G108/><T91/><D91/><U48/><E132/><V116/><F116/><W115/><G115/><T83/><D83/><U41/><E76/><V13/><F37/><W109/><G109/><T61/><D61/><U64/><E110/><V72/><F72/><W55/><G4/><T57/><AGARI ba="0,0" hai="51,54,57,85,88,93,97,101,107,113,114" m="43351" machi="57" ten="30,2000,0" yaku="24,1,54,1" doraHai="27" who="0" fromWho="0" sc="109,20,49,-5,537,-5,305,-10" owari="129,-27.0,44,-46.0,532,63.0,295,10.0" /></mjloggm>