<mjloggm ver="2.3"><GO type="41" lobby="0"/><UN n0="%E5%B0%B1%E6%B4%BB%E7%94%9F%40%E5%B7%9D%E6%9D%91%E8%BB%8D%E5%9B%A3" n1="%74%2E%61%2E%6B%2E" n2="%E3%81%B8%E3%82%93%E3%81%A6%E3%81%93" n3="%E9%9B%80%5A" dan="15,15,14,15" rate="2036.30,2090.48,1863.72,1971.02" sx="M,M,M,M"/><TAIKYOKU oya="0"/><INIT seed="0,0,0,1,2,109" ten="250,250,250,250" oya="0" hai0="86,8,18,41,128,45,79,50,33,99,74,25,90" hai1="28,104,2,117,53,22,52,125,121,67,114,82,27" hai2="30,88,0,130,6,98,68,37,40,127,107,94,10" hai3="93,24,11,51,7,119,89,4,16,112,60,43,81"/><T77/><D128/><U69/><E117/><V108/><F108/><W3/><G119/><T80/><D33/><U54/><E121/><V38/><F130/><W116/><G116/><T87/><D74/><U42/><E125/><V56/><F127/><W92/><G112/><T14/><D99/><U75/><E104/><V96/><F68/><W132/><G132/><T21/><REACH who="0" step="1"/><D87/><REACH who="0" ten="240,250,250,250" step="2"/><U57/><E75/><V97/><F97/><W1/><G1/><T39/><D39/><U64/><E69/><V71/><F98/><W55/><G3/><T115/><D115/><U66/><E2/><V123/><F96/><W101/><G101/><T110/><D110/><U84/><E114/><V34/><F37/><W83/><G93/><T9/><D9/><U17/><E28/><AGARI ba="0,1" hai="8,14,18,21,25,28,41,45,50,77,79,80,86,90" machi="28" ten="30,12000,1" yaku="1,1,7,1,8,1,53,2" doraHai="109" doraHaiUra="72" who="0" fromWho="1" sc="240,130,250,-120,250,0,250,0" /><INIT seed="0,1,0,2,1,6" ten="370,130,250,250" oya="0" hai0="26,31,19,91,80,125,11,93,8,117,126,47,104" hai1="103,44,95,23,0,100,78,51,63,123,34,108,127" hai2="61,13,49,33,15,133,4,122,115,119,41,45,101" hai3="50,71,107,79,110,2,35,1,18,88,86,64,132"/><T135/><D104/><U134/><E34/><V106/><F119/><W3/><G107/><T83/><D117/><U66/><E0/><V76/><F122/><W12/><G35/><T60/><D135/><U111/><E123/><V109/><F115/><W90/><G132/><T131/><D131/><U105/><E105/><V54/><F133/><W89/><G110/><N who="1" m="42026" /><E134/><V75/><F33/><W114/><G114/><T96/><D31/><U9/><E127/><N who="0" m="48649" /><D60/><U118/><E118/><V112/><F112/><W97/><G97/><T130/><D130/><U124/><E124/><V42/><F109/><W53/><G64/><T7/><D47/><U87/><E23/><V65/><F106/><W24/><G71/><T58/><D58/><N who="1" m="37239" /><E9/><N who="0" m="3657" /><D7/><U21/><E21/><AGARI ba="1,0" hai="19,21,26,80,83,91,93,96" m="3657,48649" machi="21" ten="30,11600,0" yaku="18,1,52,3" doraHai="6" who="0" fromWho="1" sc="370,119,130,-119,250,0,250,0" /><INIT seed="0,2,0,4,5,51" ten="489,11,250,250" oya="0" hai0="102,33,77,13,26,54,10,47,86,104,79,128,56" hai1="123,96,24,7,2,63,23,125,93,57,61,114,134" hai2="16,1,18,115,15,48,74,39,76,11,117,97,43" hai3="127,92,126,87,6,22,36,91,113,45,78,122,120"/><T31/><D128/><U90/><E114/><V132/><F115/><W62/><G113/><T110/><D110/><U101/><E123/><N who="3" m="47146" /><G6/><T83/><D47/><U88/><E125/><N who="3" m="47626" /><G78/><T38/><D38/><U67/><E134/><V84/><F117/><W111/><G62/><T37/><D37/><U103/><E7/><V80/><F132/><W55/><G22/><T68/><D68/><U119/><E2/><V73/><F97/><W72/><G72/><T118/><D118/><U12/><E12/><V32/><F32/><W82/><G82/><T19/><D104/><U27/><E101/><V41/><F39/><W40/><G55/><T53/><D102/><U106/><E106/><V131/><F131/><W105/><G105/><T21/><D33/><U98/><E98/><V116/><F116/><W14/><G14/><T30/><D79/><U100/><E100/><V65/><F65/><W20/><G20/><T129/><D129/><U44/><E44/><N who="2" m="25615" /><F43/><W50/><G36/><T95/><D95/><U107/><E107/><V49/><F1/><W66/><G66/><T0/><D0/><U34/><E119/><V42/><F73/><W108/><AGARI ba="2,0" hai="40,45,50,87,91,92,108,111" m="47626,47146" machi="108" ten="40,2700,0" yaku="13,1,18,1" doraHai="51" who="3" fromWho="3" sc="489,-15,11,-9,250,-9,250,33" /><INIT seed="1,0,0,1,0,116" ten="474,2,241,283" oya="1" hai0="65,12,91,56,75,51,67,49,81,66,36,86,26" hai1="131,127,96,40,62,68,69,71,94,10,46,70,135" hai2="106,134,73,41,57,59,89,54,22,20,120,0,9" hai3="35,105,15,23,64,16,25,101,72,93,107,18,17"/><U43/><E94/><V76/><F134/><W33/><G72/><T34/><D36/><N who="1" m="21767" /><E96/><V30/><F106/><W77/><G77/><T113/><D113/><U133/><E10/><V13/><F0/><W53/><G107/><T97/><D34/><U58/><E127/><V79/><F41/><W129/><G105/><T130/><D130/><U11/><E11/><V90/><F73/><W84/><G64/><T103/><D75/><U110/><N who="1" m="17408" /><DORA hai="99" /><U6/><E6/><V98/><F30/><W4/><G129/><T109/><D26/><U50/><E131/><V112/><F112/><W47/><G35/><T92/><D56/><U126/><E126/><V124/><F124/><W5/><G33/><T52/><D12/><U100/><E100/><V82/><F98/><N who="3" m="59599" /><G84/><T45/><D49/><U2/><E2/><V125/><F125/><W128/><G128/><T74/><D74/><U44/><E110/><V80/><F13/><W7/><G15/><T87/><D109/><U38/><E38/><V39/><F39/><W118/><G118/><T61/><D87/><U102/><E102/><V95/><F95/><W111/><G111/><T29/><D29/><U31/><E31/><V28/><F28/><W32/><G32/><T14/><D14/><U122/><E122/><V85/><F120/><W83/><G83/><T132/><D132/><U8/><E8/><V115/><F85/><W60/><G60/><T27/><D61/><U63/><E63/><V108/><F115/><W117/><G117/><T37/><D27/><U19/><E19/><V21/><F108/><W114/><G114/><RYUUKYOKU ba="0,0" sc="474,10,2,10,241,-30,283,10" hai0="37,45,51,52,65,66,67,81,86,91,92,97,103" hai1="43,44,50,58,62,133,135" hai3="4,5,7,16,17,18,23,25,47,53" /><INIT seed="1,1,0,2,2,111" ten="484,12,211,293" oya="1" hai0="46,18,103,55,118,56,115,1,37,88,32,25,0" hai1="117,125,93,112,98,15,104,21,24,51,65,85,66" hai2="73,83,13,81,107,17,109,23,49,71,19,64,48" hai3="89,74,87,38,41,44,33,108,62,102,70,114,53"/><U12/><E117/><V121/><F109/><W47/><G108/><T22/><D118/><U31/><E104/><V131/><F107/><W91/><G74/><T80/><D115/><U36/><E36/><V30/><F121/><W77/><G33/><T82/><D32/><U61/><E125/><V29/><F131/><W133/><G114/><T67/><D103/><U120/><E120/><V8/><F71/><W60/><G102/><T54/><D67/><N who="1" m="25611" /><E61/><V76/><F64/><W130/><G70/><T59/><D37/><U34/><E34/><V124/><F124/><W134/><G130/><T127/><D127/><U72/><E72/><V9/><F73/><W75/><G75/><T105/><D105/><U5/><E112/><V123/><F123/><W28/><G28/><T45/><D1/><U14/><E85/><V79/><F23/><W42/><G60/><N who="0" m="35863" /><D0/><U86/><E86/><V16/><REACH who="2" step="1"/><F19/><REACH who="2" ten="484,12,201,293" step="2"/><W39/><G38/><T90/><D22/><U110/><E110/><V119/><F119/><W7/><G39/><T129/><D18/><U99/><E5/><V116/><F116/><W92/><G7/><T69/><D129/><U40/><E93/><V135/><F135/><W11/><G134/><T106/><D69/><U84/><E84/><V63/><F63/><W27/><G133/><T126/><D106/><U132/><E132/><V94/><F94/><W122/><G62/><N who="0" m="36223" /><D126/><U58/><E58/><V57/><F57/><W50/><G92/><T113/><D113/><U52/><E52/><V35/><F35/><W6/><G53/><T68/><D68/><U4/><E4/><RYUUKYOKU ba="1,1" sc="484,-15,12,15,201,15,293,-15" hai1="12,14,15,21,24,31,40,51,98,99" hai2="8,9,13,16,17,29,30,48,49,76,79,81,83" /><INIT seed="1,2,1,0,5,49" ten="469,27,216,278" oya="1" hai0="3,52,107,10,42,62,82,93,17,78,19,69,70" hai1="114,54,43,123,59,126,133,106,48,128,40,55,91" hai2="34,96,24,9,131,67,118,14,84,116,85,135,122" hai3="50,117,63,30,111,80,99,36,66,16,32,71,113"/><U57/><E106/><V23/><F122/><W100/><G113/><T81/><D107/><U108/><E114/><V127/><F135/><W110/><G36/><T1/><D42/><N who="1" m="15915" /><E123/><V61/><F131/><W44/><G80/><T125/><D125/><U64/><E133/><V39/><F39/><W74/><G74/><T58/><D93/><U11/><E128/><V8/><F127/><W121/><G121/><T130/><D130/><U37/><E37/><V87/><F34/><W79/><G79/><T4/><D1/><U7/><E126/><V20/><F96/><W132/><G132/><T29/><D29/><U75/><E75/><V65/><F61/><W124/><G124/><T28/><D28/><U35/><E35/><V18/><F116/><W56/><G56/><T89/><D89/><U112/><E112/><V109/><F109/><N who="3" m="41483" /><G16/><T0/><D82/><U53/><E108/><V86/><F118/><W105/><G117/><T68/><REACH who="0" step="1"/><D3/><REACH who="0" ten="459,27,216,278" step="2"/><U13/><E91/><V26/><F65/><W72/><G30/><T115/><D115/><U98/><E98/><V31/><F67/><W38/><G32/><T104/><D104/><U95/><E95/><V101/><F101/><W76/><G38/><T73/><AGARI ba="2,2" hai="0,4,10,17,19,52,58,62,68,69,70,73,78,81" machi="73" ten="30,7900,0" yaku="1,1,0,1,52,1,54,1,53,0" doraHai="49" doraHaiUra="97" who="0" fromWho="0" sc="459,105,27,-41,216,-22,278,-22" owari="564,66.0,-14,-51.0,194,-21.0,256,6.0" /></mjloggm>