<mjloggm ver="2.3"><GO type="97" lobby="0"/><UN n0="%E9%B7%B9%EF%BC%93" n1="%E3%83%88%E3%83%88%E3%83%AA%E5%85%88%E7%94%9F%31%39%E6%AD%B3" n2="%E2%80%90%E8%B5%A4%E7%8A%AC%E2%80%90" n3="%E3%81%AE%E3%81%82%E3%83%9E%E3%82%B9%E3%82%BF%E3%83%BC" dan="15,14,15,14" rate="1944.82,2042.52,1982.02,1930.51" sx="M,F,F,M"/><TAIKYOKU oya="0"/><INIT seed="0,0,0,0,4,104" ten="250,250,250,250" oya="0" hai0="83,82,80,128,126,119,135,100,18,3,39,113,2" hai1="124,24,49,14,50,77,99,13,52,84,105,117,5" hai2="54,6,92,96,30,63,115,38,125,97,46,106,116" hai3="79,56,20,60,95,121,123,67,10,131,108,43,62"/><T90/><D119/><U42/><E117/><V65/><F125/><W88/><G131/><T25/><D113/><U15/><E124/><V120/><F54/><W12/><G108/><T45/><D126/><U98/><E5/><V75/><F92/><W129/><G129/><T0/><D128/><U58/><E105/><V33/><F6/><W26/><G79/><T35/><D100/><U122/><E122/><V4/><F46/><W71/><G43/><T94/><D135/><U47/><REACH who="1" step="1"/><E24/><REACH who="1" ten="250,240,250,250" step="2"/><V27/><F27/><W59/><G121/><T114/><D25/><U44/><E44/><V109/><F106/><W134/><G123/><T101/><D45/><U64/><E64/><V34/><F116/><W23/><G26/><T70/><D114/><U132/><E132/><V93/><F115/><W111/><G134/><T8/><D8/><U72/><E72/><V32/><F75/><W81/><G67/><T9/><D9/><U41/><E41/><V28/><F120/><W22/><G10/><T130/><D130/><U48/><E48/><V133/><F133/><W7/><G7/><T91/><D39/><U76/><E76/><V17/><F34/><W112/><G112/><T40/><D35/><U29/><E29/><V53/><F32/><W11/><G11/><T86/><D40/><U55/><E55/><V118/><F33/><W89/><G62/><T69/><D2/><U68/><E68/><V37/><F30/><W61/><G71/><N who="0" m="27147" /><D3/><U103/><E103/><N who="2" m="60815" /><F28/><W51/><G61/><T102/><D0/><U73/><E73/><V19/><F63/><W57/><G60/><RYUUKYOKU ba="0,1" sc="250,-10,240,30,250,-10,250,-10" hai1="13,14,15,42,47,49,50,52,58,77,84,98,99" /><INIT seed="1,1,1,0,2,114" ten="240,270,240,240" oya="1" hai0="112,46,50,2,101,79,131,95,70,47,89,82,21" hai1="40,10,32,127,96,23,126,49,51,99,72,75,29" hai2="9,34,38,4,103,62,135,111,25,41,26,37,57" hai3="59,16,56,18,8,39,64,109,27,19,36,33,87"/><U94/><E32/><V132/><F103/><W30/><G109/><T83/><D112/><U117/><E10/><V1/><F111/><W55/><G8/><T68/><D2/><U66/><E66/><N who="2" m="39247" /><F34/><W12/><G12/><T6/><D6/><U71/><E71/><V65/><F65/><W7/><G7/><T52/><D131/><U69/><E69/><V54/><F54/><W129/><G129/><T93/><D47/><U44/><E117/><V20/><F41/><W124/><G124/><N who="1" m="47658" /><E99/><V97/><F97/><W61/><REACH who="3" step="1"/><G87/><REACH who="3" ten="240,270,240,230" step="2"/><N who="0" m="48607" /><D70/><U105/><E72/><V121/><F121/><W42/><G42/><T74/><D68/><U128/><E75/><V98/><F25/><W84/><G84/><N who="0" m="50335" /><D74/><U28/><E128/><V115/><F115/><W24/><G24/><T58/><D101/><N who="1" m="60567" /><E105/><V63/><F98/><W53/><G53/><N who="0" m="29911" /><D21/><U81/><E23/><V0/><F0/><W60/><AGARI ba="1,2" hai="16,18,19,27,30,33,36,39,55,56,59,60,61,64" machi="60" ten="30,4000,0" yaku="1,1,0,1,54,1,53,0" doraHai="114" doraHaiUra="116" who="3" fromWho="3" sc="240,-11,270,-21,240,-11,230,63" /><INIT seed="2,0,0,2,3,26" ten="229,249,229,293" oya="2" hai0="104,53,89,4,0,120,94,98,128,114,39,59,13" hai1="67,103,130,113,55,72,32,79,109,30,118,38,35" hai2="24,122,45,60,73,65,95,21,40,87,84,117,54" hai3="116,133,102,110,42,85,68,50,108,135,105,28,11"/><V93/><F122/><W125/><G116/><T58/><D120/><U81/><E118/><V31/><F73/><W46/><G125/><T107/><D114/><U37/><E113/><V90/><F117/><W3/><G68/><T49/><D128/><U12/><E130/><V29/><F65/><W97/><G85/><T131/><D131/><U48/><E109/><N who="3" m="42090" /><G28/><N who="2" m="10825" /><F40/><W121/><G121/><T126/><D126/><U134/><E67/><V132/><F132/><N who="3" m="50763" /><G11/><T56/><D39/><U33/><E134/><V57/><F45/><W69/><G69/><T9/><REACH who="0" step="1"/><D0/><AGARI ba="0,0" hai="0,3,42,46,50,97,102,105" m="50763,42090" machi="0" ten="30,2000,0" yaku="14,1,20,1" doraHai="26" who="3" fromWho="0" sc="229,-20,249,0,229,0,293,20" /><INIT seed="3,0,0,3,1,57" ten="209,249,229,313" oya="3" hai0="129,85,9,110,16,48,108,66,4,133,32,61,83" hai1="49,77,73,97,84,91,19,126,123,76,135,42,70" hai2="55,79,114,112,64,111,56,6,88,3,72,68,30" hai3="7,122,74,45,130,21,60,26,41,117,75,105,46"/><W113/><G117/><T38/><D38/><U18/><E123/><V80/><F30/><W5/><G122/><T124/><D32/><U20/><E73/><V121/><F111/><N who="0" m="42538" /><D129/><U98/><E70/><V81/><F121/><W15/><G130/><T67/><D133/><U63/><E126/><V35/><F35/><W51/><G105/><T99/><D124/><U0/><E0/><V93/><F81/><W116/><G116/><T22/><D48/><U28/><E28/><V103/><F68/><W134/><G134/><T40/><D40/><U65/><E19/><V27/><F64/><W50/><G50/><T125/><D125/><U104/><E135/><V1/><F27/><W90/><G51/><T131/><D131/><U89/><E89/><V119/><F119/><W47/><G41/><T102/><D61/><U71/><E104/><V107/><F112/><W17/><G60/><T95/><D4/><U78/><E49/><N who="2" m="30831" /><F6/><W33/><G7/><T37/><D9/><U109/><E42/><V53/><F114/><W118/><G5/><T31/><D31/><U43/><E43/><V120/><F120/><W24/><G118/><T2/><D2/><U11/><E11/><V8/><F8/><W39/><G113/><T62/><D37/><U23/><E109/><V82/><F82/><W44/><N who="3" m="11776" /><DORA hai="29" /><W106/><G39/><T96/><D62/><U14/><REACH who="1" step="1"/><E23/><REACH who="1" ten="209,239,229,313" step="2"/><V87/><F53/><W59/><G21/><T10/><D10/><U128/><E128/><V36/><F36/><W132/><G33/><T25/><D99/><AGARI ba="0,1" hai="1,3,72,79,80,87,88,93,99,103,107" m="30831" machi="99" ten="30,2000,0" yaku="24,1,54,1" doraHai="57,29" who="2" fromWho="0" sc="209,-20,239,0,229,30,313,0" owari="189,-31.0,239,-16.0,259,6.0,313,41.0" /></mjloggm>