<mjloggm ver="2.3"><GO type="169" lobby="0"/><UN n0="%4B%2E%59%2E%E3%81%AA%E3%83%88%E3%83%88%E3%83%AD" n1="%E5%B0%B1%E6%B4%BB%E7%94%9F%40%E5%B7%9D%E6%9D%91%E8%BB%8D%E5%9B%A3" n2="%E6%AE%8B%E5%B0%BF%E6%84%9F%E3%81%AA%E3%81%84%EF%BC%9F" n3="%E3%82%AF%E3%83%AD%E3%83%8E%E3%82%B9%40" dan="16,17,16,16" rate="2068.17,2168.53,2159.05,2120.58" sx="M,M,F,M"/><TAIKYOKU oya="0"/><INIT seed="0,0,0,4,5,64" ten="250,250,250,250" oya="0" hai0="1,24,114,44,111,14,74,122,105,72,82,81,58" hai1="120,121,128,9,54,87,53,80,134,77,31,103,13" hai2="51,26,22,108,102,23,131,27,96,3,126,50,66" hai3="25,0,69,5,135,35,34,41,21,32,98,97,63"/><T12/><D114/><U29/><E128/><V93/><F3/><W86/><G135/><T18/><D122/><U4/><E134/><V11/><F108/><W109/><G109/><T17/><D105/><U55/><REACH who="1" step="1"/><E103/><REACH who="1" ten="250,240,250,250" step="2"/><V88/><F131/><W38/><G35/><T15/><D111/><U85/><E85/><V106/><F126/><W49/><G34/><T107/><D74/><U46/><E46/><V61/><F11/><W57/><G86/><T125/><D72/><U10/><E10/><V94/><F106/><W7/><G32/><T73/><D73/><U115/><E115/><V8/><F8/><W100/><G100/><T36/><D107/><U119/><E119/><V104/><F104/><W59/><G97/><T48/><D44/><U113/><E113/><V70/><F102/><W116/><G98/><T76/><D125/><U117/><E117/><V33/><F33/><W89/><G116/><T2/><D2/><U60/><E60/><V45/><F45/><W99/><G0/><T91/><D1/><U118/><E118/><V90/><F23/><W62/><G62/><T43/><D36/><U16/><E16/><V56/><F22/><W65/><G38/><T83/><D17/><U132/><E132/><V39/><F39/><W78/><G99/><T127/><D127/><U75/><E75/><V124/><F124/><W101/><G63/><T40/><D18/><U42/><E42/><V67/><F61/><N who="3" m="38063" /><G41/><T112/><D40/><U68/><E68/><V123/><F96/><W52/><G101/><T30/><D43/><U92/><E92/><V19/><F70/><RYUUKYOKU ba="0,1" sc="250,-10,240,30,250,-10,250,-10" hai1="4,9,13,29,31,53,54,55,77,80,87,120,121" /><INIT seed="1,1,1,1,2,110" ten="240,270,240,240" oya="1" hai0="8,50,87,127,39,63,37,123,16,25,20,106,61" hai1="34,68,125,48,121,64,134,57,4,124,22,78,36" hai2="58,109,15,133,43,33,114,13,92,105,10,77,79" hai3="101,52,88,32,118,67,90,38,86,98,96,93,85"/><U104/><E34/><V7/><F109/><W126/><G38/><T108/><D108/><U26/><E104/><V11/><F33/><W0/><G32/><T91/><D106/><U40/><E78/><V135/><F105/><W1/><G126/><T35/><D127/><U44/><E4/><V83/><F43/><W132/><G132/><N who="2" m="50761" /><F114/><W19/><G67/><T111/><D111/><U59/><E134/><V69/><F69/><W89/><G118/><T94/><D123/><U18/><E121/><V28/><F28/><W54/><G19/><T103/><D50/><U31/><E31/><V73/><F79/><W53/><REACH who="3" step="1"/><G98/><REACH who="3" ten="240,270,240,230" step="2"/><T6/><D39/><U115/><E115/><V84/><F7/><W47/><G47/><T117/><D37/><U3/><E59/><V27/><F58/><W82/><G82/><T45/><D117/><U72/><E68/><V2/><F83/><W71/><G71/><T23/><D45/><U99/><E99/><V128/><F11/><W107/><G107/><T75/><D35/><U29/><E64/><V122/><F10/><W42/><G42/><T12/><D16/><U24/><E57/><V51/><F122/><W70/><G70/><T60/><D8/><U76/><E124/><V130/><F130/><W97/><G97/><T62/><N who="0" m="15360" /><DORA hai="9" /><T74/><D6/><U5/><E125/><V41/><F128/><W65/><G65/><T113/><D113/><U100/><E5/><V112/><F112/><W46/><G46/><T66/><D66/><U129/><E44/><V120/><F120/><W95/><G95/><T17/><D94/><RYUUKYOKU ba="1,2" sc="240,-10,270,-10,240,-10,230,30" hai3="0,1,52,53,54,85,86,88,89,90,93,96,101" /><INIT seed="2,2,2,5,2,100" ten="230,260,230,260" oya="2" hai0="120,56,28,55,58,51,132,25,108,96,30,85,95" hai1="88,99,24,106,72,126,29,47,103,93,114,63,6" hai2="14,19,3,122,71,11,44,2,34,92,107,59,104" hai3="121,0,23,48,78,15,94,134,77,9,33,117,81"/><V5/><F122/><W68/><G117/><T101/><D120/><U118/><E114/><V130/><F71/><W31/><G121/><T54/><D108/><U46/><E118/><V69/><F69/><W112/><G68/><T49/><D132/><U64/><E72/><V105/><F34/><W127/><G134/><T74/><D74/><U73/><E73/><V27/><F130/><W75/><G112/><T57/><D57/><U32/><E6/><V135/><F135/><W97/><G127/><T43/><D43/><U124/><E63/><V16/><F59/><W40/><G78/><T37/><D37/><U125/><REACH who="1" step="1"/><E64/><REACH who="1" ten="230,250,230,260" step="2"/><V36/><F5/><W50/><G75/><T128/><D128/><U102/><E102/><V119/><F119/><W18/><G0/><T131/><D131/><U7/><E7/><V60/><F60/><W52/><G40/><T42/><D42/><U12/><E12/><V115/><F115/><W53/><G33/><T66/><D66/><U13/><E13/><V35/><F35/><W20/><G48/><T83/><REACH who="0" step="1"/><D25/><REACH who="0" ten="220,250,230,260" step="2"/><U4/><E4/><V39/><F39/><W129/><G129/><T21/><D21/><U111/><E111/><V80/><F36/><W61/><G23/><T86/><D86/><AGARI ba="2,4" hai="24,29,32,46,47,86,88,93,99,103,106,124,125,126" machi="86" ten="40,8000,1" yaku="1,1,18,1,52,1,54,1,53,0" doraHai="100" doraHaiUra="113" who="1" fromWho="0" sc="220,-86,250,126,230,0,260,0" /><INIT seed="3,0,0,1,3,99" ten="134,376,230,260" oya="3" hai0="84,29,113,69,81,102,117,15,120,70,30,109,55" hai1="97,112,53,111,122,21,7,77,3,65,63,91,33" hai2="89,94,85,121,32,11,80,17,115,116,101,31,41" hai3="135,118,24,36,52,5,57,76,110,6,46,79,92"/><W119/><G135/><T68/><D117/><U88/><E33/><V1/><F115/><W9/><G110/><T19/><D120/><U44/><E112/><V131/><F41/><W125/><G125/><T132/><D113/><U26/><E111/><V4/><F116/><W86/><G24/><T105/><D109/><U108/><E108/><V51/><F131/><W43/><G5/><T127/><D127/><U96/><E77/><V20/><F121/><W67/><G67/><T23/><D132/><U37/><E7/><V0/><F0/><W103/><G79/><T74/><D74/><U66/><E3/><V8/><F8/><W54/><G54/><T78/><REACH who="0" step="1"/><D55/><REACH who="0" ten="124,376,230,260" step="2"/><U134/><E53/><V114/><F114/><W129/><G129/><T12/><D12/><U124/><E124/><V34/><F1/><W2/><G118/><T27/><D27/><U25/><E26/><V83/><F34/><W40/><G119/><T35/><D35/><U18/><E66/><V123/><F32/><W16/><G43/><T64/><D64/><U72/><E72/><V58/><F123/><W93/><G2/><T95/><D95/><U133/><E122/><V28/><F94/><W130/><G130/><T90/><D90/><U59/><E91/><V42/><F89/><N who="3" m="53303" /><G76/><T61/><D61/><U62/><E63/><V82/><F42/><W104/><G93/><T100/><D100/><U98/><E88/><V87/><F101/><W48/><G103/><T10/><D10/><U128/><E128/><V22/><F11/><W75/><G75/><T107/><D107/><U13/><E13/><RYUUKYOKU ba="0,1" sc="124,15,376,15,230,-15,260,-15" hai0="15,19,23,29,30,68,69,70,78,81,84,102,105" hai1="18,21,25,37,44,59,62,65,96,97,98,133,134" /><INIT seed="4,1,1,3,5,101" ten="139,391,215,245" oya="0" hai0="12,50,59,118,42,24,128,119,9,30,55,89,49" hai1="25,102,63,76,64,71,37,45,112,67,74,109,117" hai2="80,135,35,3,21,33,122,75,32,103,113,39,46" hai3="70,6,116,27,53,94,36,44,4,79,115,99,84"/><T29/><D128/><U62/><E117/><V123/><F21/><W68/><G116/><T26/><D118/><U97/><E109/><V95/><F95/><W85/><G115/><T83/><D119/><U98/><E112/><V5/><F103/><W131/><G131/><T54/><D42/><U11/><E11/><N who="2" m="2495" /><F135/><W65/><G27/><N who="0" m="10283" /><D89/><U38/><E97/><V106/><F106/><W93/><G65/><T100/><D100/><U130/><E130/><V31/><F31/><W121/><G121/><T56/><D83/><N who="1" m="45463" /><E45/><V17/><F17/><AGARI ba="1,1" hai="9,12,17,29,30,49,50,54,55,56,59" m="10283" machi="17" ten="30,1500,0" yaku="8,1" doraHai="101" who="0" fromWho="2" sc="139,28,391,0,215,-18,245,0" /><INIT seed="4,2,0,3,2,120" ten="167,391,197,245" oya="0" hai0="65,97,46,41,124,134,7,32,25,11,37,40,12" hai1="14,13,30,55,119,61,110,87,90,48,50,126,71" hai2="100,70,60,108,88,49,99,43,80,95,98,91,24" hai3="96,4,26,86,21,125,121,93,15,23,92,42,102"/><T53/><D40/><U29/><E119/><V75/><F108/><W28/><G121/><T36/><D36/><U17/><E126/><V106/><F43/><W72/><G72/><T73/><D73/><U76/><E110/><V127/><F49/><W3/><G125/><T112/><D124/><U132/><E76/><N who="2" m="44063" /><F24/><W63/><G3/><T8/><D134/><U74/><E74/><V118/><F60/><W47/><G63/><T52/><D112/><U10/><E132/><V2/><F2/><W59/><G59/><T135/><D135/><U104/><E104/><V101/><F70/><W115/><G115/><T94/><D65/><U78/><E78/><V114/><F127/><W82/><G93/><T20/><D11/><U34/><E34/><V85/><F114/><W68/><G68/><T5/><D5/><U66/><E14/><V129/><F129/><W6/><G23/><T22/><D32/><U89/><E50/><V33/><F33/><W69/><G69/><T79/><D79/><U117/><E89/><N who="2" m="53679" /><F118/><W84/><G15/><T128/><D128/><U122/><E122/><V16/><F16/><W111/><G111/><T83/><D83/><N who="1" m="49535" /><E117/><V51/><F51/><N who="3" m="27127" /><G82/><T67/><D67/><U57/><E71/><V131/><F131/><W0/><G0/><T123/><D123/><U81/><E81/><V64/><F64/><W113/><G113/><T35/><D35/><U133/><E133/><V44/><F44/><W58/><G58/><T45/><D45/><U109/><E109/><V38/><F38/><W103/><G4/><T19/><D22/><U77/><E77/><RYUUKYOKU ba="2,0" sc="167,10,391,10,197,10,245,-30" hai0="7,8,12,19,20,25,37,41,46,52,53,94,97" hai1="10,13,17,29,30,48,55,57,61,66" hai2="88,91,98,99,100,101,106" /><INIT seed="4,3,0,5,1,9" ten="177,401,207,215" oya="0" hai0="88,85,105,115,37,69,73,4,93,127,6,14,116" hai1="83,49,47,111,22,46,78,41,128,120,28,62,55" hai2="125,113,133,51,27,92,59,40,134,35,60,135,3" hai3="8,129,84,5,71,0,15,16,11,91,32,61,90"/><T44/><D116/><U89/><E111/><V33/><F113/><W58/><G32/><T19/><D69/><U96/><E128/><V87/><F125/><W103/><G129/><T108/><D115/><U42/><E120/><V131/><F3/><W121/><G121/><T107/><D127/><U21/><E28/><V23/><F131/><W65/><G103/><T75/><D108/><U114/><E114/><V100/><F51/><W56/><REACH who="3" step="1"/><G91/><REACH who="3" ten="177,401,207,205" step="2"/><T29/><D107/><U39/><E89/><N who="2" m="53311" /><F100/><W86/><G86/><T81/><D105/><U110/><E110/><V72/><F72/><W102/><G102/><T10/><D73/><U45/><E96/><V25/><F35/><W70/><G70/><T38/><D29/><U118/><E118/><V57/><F33/><W52/><G52/><T67/><D67/><U54/><E78/><V80/><F40/><W104/><G104/><T79/><REACH who="0" step="1"/><D37/><REACH who="0" ten="167,401,207,205" step="2"/><U117/><E39/><V36/><F36/><W99/><G99/><T97/><D97/><U123/><E123/><V26/><F135/><W68/><G68/><T119/><D119/><U30/><E117/><V132/><F132/><W17/><G17/><T77/><D77/><U13/><E30/><V94/><F134/><W20/><G20/><T126/><D126/><U74/><E21/><V34/><F133/><W124/><G124/><T2/><D2/><U130/><E22/><V82/><F34/><W1/><G1/><T64/><D64/><U98/><E98/><V50/><F23/><W112/><G112/><T106/><D106/><U122/><E122/><V48/><F27/><RYUUKYOKU ba="3,2" sc="167,15,401,-15,207,-15,205,15" hai0="4,6,10,14,19,38,44,75,79,81,85,88,93" hai3="0,5,8,11,15,16,56,58,61,65,71,84,90" /><INIT seed="4,4,2,2,3,124" ten="182,386,192,220" oya="0" hai0="122,127,5,27,31,12,95,17,11,94,110,41,58" hai1="40,74,120,92,1,66,109,103,105,44,33,126,87" hai2="22,63,24,131,99,13,53,113,83,3,125,6,18" hai3="84,68,0,26,77,108,73,112,64,98,34,96,51"/><T19/><D122/><U70/><E87/><V104/><F3/><W57/><G108/><T116/><D116/><U88/><E92/><V52/><F113/><W59/><G0/><T102/><D127/><U28/><E88/><V38/><F38/><W45/><G68/><T47/><D110/><U48/><E48/><V46/><F125/><W32/><G73/><T123/><D123/><U54/><E54/><V20/><F6/><W16/><G112/><T135/><D135/><U118/><E44/><V2/><F2/><W50/><G34/><T43/><D58/><N who="3" m="22025" /><G32/><T67/><D67/><U90/><E103/><V117/><F63/><W93/><G64/><T115/><D115/><U97/><E66/><V60/><F60/><W79/><G51/><N who="0" m="27119" /><D43/><U129/><E90/><V101/><F46/><W56/><N who="3" m="22033" /><W62/><DORA hai="25" /><G62/><T130/><D130/><U35/><E97/><N who="3" m="37482" /><G93/><N who="0" m="35339" /><D102/><U133/><E40/><V65/><F131/><W55/><G84/><T42/><D42/><U132/><E28/><V36/><F65/><W134/><G134/><T4/><D4/><U23/><E133/><V10/><F36/><W111/><G111/><T39/><D39/><U69/><E69/><V75/><F117/><W9/><G79/><T114/><D114/><U121/><E132/><V14/><F75/><W30/><G77/><T21/><AGARI ba="4,2" hai="5,11,12,17,19,21,27,31" m="35339,27119" machi="21" ten="30,3000,0" yaku="8,1,52,1" doraHai="124,25" who="0" fromWho="0" sc="182,62,386,-14,192,-14,220,-14" /><INIT seed="4,5,0,5,1,15" ten="244,372,178,206" oya="0" hai0="13,38,124,25,46,71,87,111,63,36,29,43,118" hai1="28,55,90,67,94,117,39,6,73,113,70,16,19" hai2="89,119,68,112,52,7,103,92,126,41,96,2,51" hai3="69,134,3,91,5,135,121,104,99,131,88,133,26"/><T34/><D118/><U8/><E73/><V32/><F68/><W11/><G69/><T18/><D124/><U123/><E117/><V75/><F32/><W82/><G131/><T33/><D111/><U80/><E39/><V61/><F75/><W0/><G0/><T102/><D102/><U47/><E123/><V128/><F41/><W53/><G121/><T57/><D87/><U81/><E28/><V62/><F119/><W95/><G104/><T24/><D71/><U65/><E6/><V54/><F112/><W115/><G115/><T100/><D100/><U44/><E8/><V12/><F2/><W120/><G120/><T17/><D25/><U106/><E106/><V42/><F42/><W101/><G82/><N who="1" m="31850" /><E70/><V78/><F78/><W9/><G9/><T97/><D97/><N who="1" m="57559" /><E47/><V109/><F109/><W21/><REACH who="3" step="1"/><G53/><REACH who="3" ten="244,372,178,196" step="2"/><T58/><D34/><U98/><E113/><V27/><F54/><W129/><G129/><T1/><D1/><U76/><E76/><V22/><F128/><W74/><G74/><T45/><D43/><U60/><E65/><V50/><F52/><W122/><G122/><T107/><D107/><U10/><E10/><N who="2" m="4191" /><F126/><W130/><G130/><T125/><D125/><U116/><E116/><V79/><F79/><W110/><G110/><T48/><D38/><U85/><E67/><V64/><F64/><W23/><G23/><N who="0" m="11695" /><D36/><U86/><E44/><V105/><F105/><W93/><G93/><T108/><D108/><U83/><E83/><V66/><F66/><W56/><G56/><T30/><D57/><U84/><E55/><V114/><F114/><RYUUKYOKU ba="5,1" sc="244,-10,372,-10,178,-10,196,30" hai3="3,5,11,21,26,88,91,95,99,101,133,134,135" /><INIT seed="5,6,1,2,5,17" ten="234,362,168,226" oya="1" hai0="11,102,95,7,114,56,80,6,106,34,29,82,42" hai1="86,85,59,37,121,130,64,87,111,12,126,40,81" hai2="24,99,0,65,26,113,116,134,45,129,70,18,67" hai3="50,101,32,89,52,127,98,63,122,15,54,88,71"/><U9/><E121/><V69/><F116/><W128/><G122/><T109/><D109/><U62/><E111/><V20/><F0/><W25/><G128/><T19/><D106/><U2/><E126/><V33/><F129/><W118/><G127/><T16/><D114/><U68/><E130/><V66/><F113/><W1/><G1/><T105/><D105/><U124/><E124/><V115/><F115/><W100/><G118/><T94/><D34/><U77/><E2/><V132/><F99/><W61/><G71/><T131/><D29/><U96/><E96/><V57/><F57/><N who="3" m="32919" /><G32/><T93/><D131/><U108/><E108/><V123/><F123/><W90/><G25/><T112/><D112/><U58/><E40/><V79/><F79/><W27/><G27/><T48/><D102/><N who="3" m="39529" /><G98/><T60/><D42/><U51/><E37/><V84/><F84/><W75/><G75/><T21/><D48/><U22/><E51/><V78/><F78/><W104/><G104/><T4/><D11/><U107/><E107/><V110/><F110/><W74/><G74/><T30/><D80/><U91/><E9/><V92/><F92/><W49/><G15/><T72/><D72/><U46/><E85/><V44/><F70/><W35/><G35/><T135/><D82/><U83/><E46/><AGARI ba="6,1" hai="46,49,54,61,63,88,89,90" m="39529,32919" machi="46" ten="30,3900,0" yaku="8,1,54,2" doraHai="17" who="3" fromWho="1" sc="234,0,362,-57,168,0,226,67" /><INIT seed="6,0,0,4,2,90" ten="234,305,168,293" oya="2" hai0="21,117,37,56,29,63,43,32,8,95,40,96,121" hai1="131,67,28,122,72,35,59,99,9,39,114,75,27" hai2="80,135,91,6,106,104,61,26,71,0,107,101,58" hai3="100,132,89,134,42,119,112,30,130,11,13,20,17"/><V1/><F71/><W47/><G119/><T22/><D121/><U97/><E39/><V23/><F101/><W15/><G100/><T2/><D117/><U74/><E122/><V41/><F41/><W129/><G112/><T82/><D32/><U34/><E114/><V84/><F135/><N who="3" m="51755" /><G89/><T79/><D2/><U103/><E131/><N who="3" m="50186" /><G47/><T133/><D133/><U36/><E36/><V64/><REACH who="2" step="1"/><F6/><REACH who="2" ten="234,305,158,293" step="2"/><N who="3" m="3319" /><G30/><AGARI ba="0,1" hai="0,1,23,26,30,58,61,64,80,84,91,104,106,107" machi="30" ten="40,2000,0" yaku="1,1,53,0" doraHai="90" doraHaiUra="68" who="2" fromWho="3" sc="234,0,305,0,158,30,293,-20" /><INIT seed="6,1,0,4,2,56" ten="234,305,188,273" oya="2" hai0="118,64,5,43,37,60,41,66,96,21,46,83,59" hai1="27,30,33,81,104,93,101,135,90,97,107,86,87" hai2="73,10,34,71,20,113,48,23,123,14,92,129,82" hai3="128,111,65,53,11,8,115,44,103,85,13,1,109"/><V62/><F113/><W29/><G115/><T6/><D118/><U58/><E135/><V39/><F123/><W16/><G128/><T25/><D83/><U57/><E104/><V52/><F34/><W134/><G134/><T4/><D43/><U18/><E18/><V2/><F39/><W127/><G29/><T42/><D42/><U126/><E126/><V124/><F2/><W84/><G127/><T40/><D40/><U55/><E55/><V79/><F124/><W3/><G103/><T94/><D66/><U89/><AGARI ba="1,0" hai="27,30,33,57,58,81,86,87,89,90,93,97,101,107" machi="89" ten="20,1500,0" yaku="0,1,7,1" doraHai="56" who="1" fromWho="1" sc="234,-5,305,18,188,-8,273,-5" /><INIT seed="7,0,0,0,0,95" ten="229,323,180,268" oya="3" hai0="112,123,7,43,79,126,130,59,57,98,128,36,108" hai1="21,5,18,4,80,44,99,2,90,62,87,85,125" hai2="86,105,16,93,103,31,63,83,115,30,55,26,51" hai3="131,101,134,9,97,120,104,73,32,117,37,66,84"/><W68/><RYUUKYOKU type="yao9" ba="0,0" sc="229,0,323,0,180,0,268,0" hai3="9,32,37,66,68,73,84,97,101,104,117,120,131,134" /><INIT seed="7,1,0,3,5,117" ten="229,323,180,268" oya="3" hai0="86,85,75,134,135,27,88,66,47,77,54,50,105" hai1="123,107,13,22,92,130,41,51,99,56,70,42,45" hai2="106,26,108,4,102,111,120,14,38,89,80,44,109" hai3="52,87,71,61,16,37,114,53,5,83,46,64,6"/><W96/><G114/><T23/><D105/><U119/><E123/><V60/><F26/><W18/><G96/><T113/><D113/><U9/><E70/><V57/><F4/><W132/><G132/><N who="0" m="50731" /><D66/><U82/><E107/><V11/><F11/><W39/><G5/><T76/><D75/><U81/><E130/><V58/><F14/><W94/><G6/><T68/><D68/><U93/><E93/><V32/><F32/><W0/><G0/><T31/><D86/><U101/><E42/><N who="2" m="22615" /><F89/><W25/><G94/><AGARI ba="1,0" hai="23,27,31,47,50,54,76,77,85,88,94" m="50731" machi="94" ten="30,2000,0" yaku="20,1,54,1" doraHai="117" who="0" fromWho="3" sc="229,23,323,0,180,0,268,-23" owari="252,5.0,323,42.0,180,-32.0,245,-15.0" /></mjloggm>