<mjloggm ver="2.3"><GO type="41" lobby="0"/><UN n0="%E5%B0%B1%E6%B4%BB%E7%94%9F%40%E5%B7%9D%E6%9D%91%E8%BB%8D%E5%9B%A3" n1="%E3%81%99%E3%81%97%E3%82%93" n2="%E3%82%B4%E3%83%AB%E3%82%B4%33%32" n3="%E3%81%91%E3%83%BC%E3%81%9F%E3%81%84%E3%81%AE%E4%B8%8B%E5%8D%8A%E8%BA%AB" dan="15,15,14,13" rate="2001.54,2020.75,2001.36,1925.53" sx="M,M,M,F"/><TAIKYOKU oya="0"/><INIT seed="0,0,0,5,4,5" ten="250,250,250,250" oya="0" hai0="65,102,14,82,56,16,53,69,35,112,0,2,51" hai1="12,75,26,104,47,90,25,84,15,93,45,98,28" hai2="23,48,109,8,134,50,54,135,113,122,119,19,128" hai3="108,126,11,114,106,95,18,133,40,4,60,103,52"/><T61/><D35/><U10/><E75/><V59/><F122/><W129/><G114/><T67/><D112/><U42/><E15/><V17/><F113/><W63/><G129/><T22/><D67/><U96/><E104/><V111/><F119/><W36/><G133/><T131/><D131/><U57/><E57/><V46/><F128/><W117/><G117/><T83/><D102/><U92/><E92/><V20/><F46/><W94/><G106/><T33/><D33/><U27/><E28/><V110/><F50/><W86/><G126/><T107/><D107/><U79/><E79/><V55/><F55/><W30/><G108/><T76/><REACH who="0" step="1"/><D83/><REACH who="0" ten="240,250,250,250" step="2"/><U116/><E116/><V21/><REACH who="2" step="1"/><F8/><REACH who="2" ten="240,250,240,250" step="2"/><W31/><G11/><T41/><D41/><U81/><E42/><V37/><F37/><W124/><G40/><T24/><D24/><U125/><E26/><V68/><F68/><W123/><G36/><T99/><D99/><U71/><E71/><V9/><F9/><W118/><G118/><T87/><AGARI ba="0,2" hai="0,2,14,16,22,51,53,56,61,65,69,76,82,87" machi="87" ten="20,7800,0" yaku="1,1,0,1,7,1,54,1,53,0" doraHai="5" doraHaiUra="105" who="0" fromWho="0" sc="240,98,250,-26,240,-26,250,-26" /><INIT seed="0,1,0,4,1,59" ten="338,224,214,224" oya="0" hai0="131,121,99,74,39,65,108,116,111,33,47,29,48" hai1="12,80,19,13,102,92,10,101,27,94,7,20,96" hai2="42,11,87,50,51,84,9,46,81,82,109,25,34" hai3="71,106,8,123,126,115,89,98,26,135,53,17,90"/><T1/><D1/><U85/><E94/><V118/><F109/><N who="0" m="42058" /><D116/><U52/><E52/><V18/><F118/><W88/><G71/><T114/><D114/><U56/><E56/><V49/><F34/><W15/><G123/><T61/><D121/><U130/><E130/><V6/><F25/><W60/><G115/><T0/><D0/><U120/><E120/><V103/><F103/><W23/><G126/><T133/><D74/><U35/><E35/><V122/><F122/><W36/><G135/><T86/><D29/><U14/><REACH who="1" step="1"/><E102/><REACH who="1" ten="338,214,214,224" step="2"/><V44/><F44/><W95/><G106/><T77/><D33/><U104/><E104/><V62/><F62/><W28/><G36/><T55/><D131/><U54/><E54/><V45/><F45/><W76/><G76/><AGARI ba="1,1" hai="7,10,12,13,14,19,20,27,76,80,85,92,96,101" machi="76" ten="30,3900,0" yaku="1,1,7,1,8,1,53,0" doraHai="59" doraHaiUra="24" who="1" fromWho="3" sc="338,0,214,52,214,0,224,-42" /><INIT seed="1,0,0,5,5,41" ten="338,266,214,182" oya="1" hai0="95,104,67,92,85,2,45,27,9,69,123,40,124" hai1="94,75,103,32,19,49,77,86,82,89,116,61,10" hai2="29,87,134,24,42,107,105,108,111,117,129,4,119" hai3="39,97,47,78,36,120,80,71,43,68,125,54,21"/><U7/><E116/><V88/><F42/><W0/><G125/><T112/><D104/><N who="2" m="40010" /><F4/><W52/><G0/><T35/><D123/><U115/><E115/><V48/><F48/><N who="3" m="26751" /><G21/><T109/><D112/><U64/><E32/><V100/><F24/><W22/><G97/><T127/><D109/><N who="2" m="42058" /><F29/><W28/><G28/><N who="0" m="19871" /><D85/><U53/><E19/><V13/><F13/><W58/><G22/><T16/><D67/><U23/><E23/><V121/><F121/><W99/><G78/><T8/><D69/><N who="3" m="26697" /><G80/><T34/><D34/><U102/><E64/><V55/><F55/><N who="3" m="21035" /><G99/><T90/><D90/><U113/><E113/><V65/><F65/><W110/><G120/><T46/><D2/><U25/><E25/><V50/><F50/><W135/><G110/><T17/><D95/><U51/><E10/><N who="0" m="4201" /><D92/><U66/><E94/><V96/><F134/><W126/><G135/><T72/><D72/><U133/><E133/><V128/><F96/><W130/><G126/><N who="0" m="48171" /><D40/><U20/><E75/><V63/><F100/><W118/><G118/><N who="2" m="45065" /><F63/><W3/><G3/><T76/><D76/><U44/><E103/><V18/><F18/><AGARI ba="0,0" hai="16,17,18,45,46" m="48171,4201,19871" machi="18" ten="30,7700,0" yaku="18,1,52,2,54,1" doraHai="41" who="0" fromWho="2" sc="338,77,266,0,214,-77,182,0" /><INIT seed="2,0,0,0,4,16" ten="415,266,137,182" oya="2" hai0="47,13,94,10,95,50,33,111,61,103,20,116,119" hai1="36,83,76,97,17,93,21,30,109,59,58,63,123" hai2="35,82,5,64,14,65,115,104,68,4,71,9,129" hai3="46,98,25,0,6,74,133,53,101,42,69,2,19"/><V96/><F35/><W62/><G133/><T118/><D33/><U43/><E109/><V3/><F115/><W100/><G74/><T114/><D114/><U23/><E123/><V11/><F129/><W41/><G100/><T52/><D111/><U86/><E36/><V32/><F32/><W121/><G121/><T113/><D113/><U117/><E117/><V12/><F3/><W77/><G77/><T89/><D103/><N who="1" m="60847" /><E43/><V105/><F82/><W130/><G130/><T135/><D135/><U44/><E44/><V55/><F96/><W70/><G2/><T56/><D89/><U67/><E30/><V84/><F84/><W48/><G6/><T102/><D102/><U92/><E17/><V124/><REACH who="2" step="1"/><F55/><REACH who="2" ten="415,266,127,182" step="2"/><W85/><G0/><T91/><D91/><U22/><E92/><V80/><F80/><W112/><G112/><T29/><D95/><U87/><E86/><V75/><F75/><W81/><G85/><T38/><D94/><U78/><E76/><V128/><F128/><W88/><G81/><T106/><D106/><U15/><E78/><V28/><F28/><W31/><G31/><T120/><D29/><U110/><E110/><V51/><F51/><W18/><G48/><T107/><D107/><U57/><E83/><V134/><F134/><W34/><G34/><T54/><D38/><U122/><E87/><V108/><F108/><W8/><G53/><T99/><D99/><U72/><E72/><V79/><F79/><W127/><G98/><T90/><D90/><U7/><E122/><V45/><F45/><W125/><G46/><T24/><D120/><RYUUKYOKU ba="0,1" sc="415,-15,266,15,127,15,182,-15" hai1="7,15,21,22,23,57,58,59,63,67" hai2="4,5,9,11,12,14,64,65,68,71,104,105,124" /><INIT seed="2,1,1,1,2,106" ten="400,281,142,167" oya="2" hai0="90,127,7,103,95,88,40,119,18,101,87,93,133" hai1="89,113,20,4,13,9,79,5,60,6,98,21,50" hai2="92,72,102,73,29,47,105,83,97,42,35,33,37" hai3="59,2,11,100,28,64,121,61,109,85,32,51,110"/><V17/><F83/><W65/><G121/><T19/><D119/><U26/><E113/><V108/><F108/><N who="3" m="41579" /><G100/><N who="0" m="38475" /><D127/><U128/><E128/><V120/><F92/><N who="0" m="35402" /><D133/><U31/><E89/><N who="0" m="34409" /><D40/><U86/><E98/><V96/><F96/><W43/><G28/><T68/><D68/><U76/><E60/><V91/><F91/><W78/><G32/><N who="2" m="12361" /><F17/><N who="0" m="6154" /><D7/><U14/><E6/><V69/><F29/><W55/><G2/><T132/><D132/><U58/><E5/><V27/><F27/><W36/><G36/><T82/><D82/><U23/><E31/><V135/><F120/><W0/><G0/><T49/><D49/><U126/><E26/><V94/><F94/><W1/><G1/><T24/><D24/><U99/><E50/><V10/><F135/><W129/><G129/><T63/><D63/><U114/><E4/><V134/><F134/><W107/><G107/><T57/><D57/><U112/><E58/><V45/><F10/><W80/><G11/><T52/><D52/><U117/><E9/><V25/><F25/><W111/><G111/><T70/><D70/><U54/><E54/><V122/><F122/><W71/><G71/><T15/><D15/><U130/><E14/><V30/><F30/><W104/><G104/><T44/><D44/><AGARI ba="1,1" hai="43,44,51,55,59,61,64,65,78,80,85" m="41579" machi="44" ten="30,1000,0" yaku="14,1" doraHai="106" who="3" fromWho="0" sc="400,-13,281,0,142,0,167,23" /><INIT seed="3,0,0,3,1,124" ten="387,281,142,190" oya="3" hai0="105,9,125,61,67,122,120,2,135,17,33,51,39" hai1="84,21,8,70,23,43,59,74,62,129,118,28,97" hai2="113,126,65,54,36,85,7,42,72,87,27,48,75" hai3="132,3,95,20,35,38,96,107,133,63,81,32,5"/><W56/><G38/><T53/><D33/><U77/><E74/><V44/><F113/><W19/><G107/><T123/><D105/><U15/><E70/><V68/><F126/><W93/><G5/><T110/><D39/><U22/><E118/><V58/><F7/><W86/><G3/><T55/><D125/><U99/><E43/><V78/><F27/><W130/><G130/><T76/><D135/><N who="3" m="51785" /><G81/><T24/><D110/><U40/><E40/><V10/><F10/><W101/><G86/><N who="2" m="32777" /><F78/><W0/><G95/><T94/><D76/><U47/><E47/><V82/><F82/><W50/><G50/><T90/><D2/><U127/><E129/><V111/><F111/><W109/><G0/><T13/><D24/><U49/><E49/><V83/><F83/><W18/><G109/><T112/><D112/><U106/><E106/><V30/><F30/><W60/><G60/><AGARI ba="0,0" hai="36,42,44,48,54,58,60,65,68,72,75" m="32777" machi="60" ten="30,1000,0" yaku="24,1" doraHai="124" who="2" fromWho="3" sc="387,0,281,0,142,10,190,-10" /><INIT seed="4,0,0,4,0,15" ten="387,281,152,180" oya="0" hai0="129,85,51,37,47,84,122,61,86,24,126,121,23" hai1="56,89,18,102,88,63,123,9,135,119,110,53,107" hai2="21,69,52,42,29,92,94,71,127,76,133,80,31" hai3="19,95,58,112,5,8,32,114,70,68,79,17,55"/><T72/><D72/><U131/><E110/><V26/><F127/><W115/><G79/><T43/><D126/><U105/><E123/><V2/><F2/><N who="3" m="55" /><G32/><T14/><D129/><U93/><E119/><V74/><F133/><W132/><G132/><T101/><D101/><U36/><E36/><V54/><F42/><W13/><G13/><T44/><D61/><U67/><E131/><V30/><F71/><N who="3" m="27179" /><G95/><T41/><D14/><N who="1" m="7503" /><E107/><V25/><F69/><W134/><G134/><T82/><REACH who="0" step="1"/><D82/><REACH who="0" ten="377,281,152,180" step="2"/><U7/><E102/><V100/><F100/><W10/><G10/><T49/><D49/><AGARI ba="0,1" hai="17,19,49,55,58,112,114,115" m="27179,55" machi="49" ten="40,5200,0" yaku="15,1,52,2" doraHai="15" who="3" fromWho="0" sc="377,-52,281,0,152,0,180,62" /><INIT seed="5,0,0,3,0,45" ten="325,281,152,242" oya="1" hai0="37,52,59,22,53,83,134,96,92,117,90,54,97" hai1="44,80,21,86,68,13,128,42,17,126,87,84,65" hai2="111,89,18,75,19,4,15,60,73,129,9,1,95" hai3="118,29,3,70,106,94,7,76,46,27,11,24,25"/><U123/><E123/><V82/><F111/><W135/><G106/><T10/><D117/><U23/><E128/><V74/><F129/><W67/><G118/><T58/><D37/><U28/><E126/><V115/><F115/><W91/><G135/><T101/><D134/><U104/><E104/><V31/><F31/><W112/><G112/><T114/><D114/><U20/><E65/><V105/><F105/><W93/><G76/><T77/><D10/><U64/><E64/><V6/><F6/><W63/><G46/><T48/><D22/><U35/><E68/><V122/><F122/><W133/><G133/><T32/><D32/><U79/><E35/><V66/><F82/><W130/><G130/><T51/><D96/><U55/><E55/><V2/><F2/><W132/><G132/><T5/><D5/><U121/><E121/><V116/><F116/><W50/><G50/><N who="0" m="18987" /><D77/><U34/><E34/><V26/><F26/><W38/><G38/><T78/><D78/><U49/><E23/><V124/><F124/><W109/><G109/><T43/><D43/><U125/><E125/><V85/><REACH who="2" step="1"/><F1/><REACH who="2" ten="325,281,142,242" step="2"/><W71/><G3/><T113/><D113/><U8/><E28/><V81/><F81/><W88/><G29/><T100/><D83/><U61/><E80/><V62/><F62/><W30/><G30/><T99/><D99/><U56/><E79/><V12/><F12/><W16/><G63/><T107/><D107/><U103/><E61/><V127/><F127/><W33/><G7/><T98/><D98/><U14/><E42/><V40/><F40/><W36/><G33/><RYUUKYOKU ba="0,1" sc="325,15,281,-15,142,15,242,-15" hai0="52,53,54,58,59,90,92,97,100,101" hai2="4,9,15,18,19,60,66,73,74,75,85,89,95" /><INIT seed="6,1,1,4,5,3" ten="340,266,157,227" oya="2" hai0="87,20,103,69,98,12,24,86,37,107,88,127,129" hai1="124,61,83,38,8,54,112,77,128,97,72,135,102" hai2="101,66,78,71,115,34,60,120,56,74,31,33,18" hai3="9,131,62,64,30,19,82,48,125,91,123,93,49"/><V67/><F120/><W121/><G123/><T10/><D69/><U21/><E38/><V84/><F74/><W94/><G125/><T73/><D37/><U46/><E124/><V14/><F115/><W122/><G122/><T45/><D127/><U39/><E112/><V59/><F71/><W126/><G131/><T11/><D129/><U130/><E135/><V44/><F101/><W13/><G126/><T114/><D73/><U85/><E21/><V108/><F108/><W2/><G2/><T1/><D114/><U134/><E134/><V51/><F31/><W68/><G121/><T47/><D86/><U81/><E39/><V50/><F34/><W90/><G30/><T43/><D1/><U117/><E117/><V57/><F33/><W0/><G82/><T89/><D89/><U52/><E8/><V35/><F35/><W118/><G118/><T36/><D12/><U17/><E17/><V58/><F67/><W65/><G65/><T80/><D47/><U25/><E25/><V27/><F27/><W96/><REACH who="3" step="1"/><G0/><REACH who="3" ten="340,266,157,217" step="2"/><T113/><D113/><U79/><E130/><V70/><N who="2" m="14848" /><DORA hai="106" /><V29/><F29/><AGARI ba="1,2" hai="10,11,20,24,29,36,43,45,80,87,88,98,103,107" machi="29" ten="30,2000,0" yaku="7,1,54,1" doraHai="3,106" who="0" fromWho="2" sc="340,43,266,0,157,-23,217,0" /><INIT seed="7,0,0,3,5,5" ten="383,266,134,217" oya="3" hai0="71,25,9,125,104,86,18,111,1,84,73,17,76" hai1="24,64,0,22,105,83,129,59,112,60,107,45,119" hai2="80,108,118,8,41,32,54,94,56,130,135,81,74" hai3="30,23,20,4,124,52,14,62,49,78,46,13,3"/><W11/><G124/><T120/><D104/><U42/><E0/><V34/><F108/><W50/><G78/><T2/><D71/><U33/><E33/><V132/><F118/><W47/><G62/><T134/><D120/><U48/><E119/><V70/><F41/><W90/><G90/><T127/><D111/><U109/><E109/><V95/><F70/><W27/><REACH who="3" step="1"/><G23/><REACH who="3" ten="383,266,134,207" step="2"/><T68/><D76/><U10/><E22/><V28/><F74/><W37/><G37/><T16/><D73/><U77/><E77/><V39/><F39/><W61/><G61/><T101/><D101/><U65/><E60/><V121/><F121/><W57/><G57/><T97/><D68/><U63/><E59/><V103/><F56/><W92/><G92/><T82/><D127/><U87/><E63/><V122/><F122/><W55/><AGARI ba="0,1" hai="3,4,11,13,14,20,27,30,46,47,49,50,52,55" machi="55" ten="20,18000,2" yaku="1,1,0,1,7,1,9,1,52,1,54,1,53,0" doraHai="5" doraHaiUra="96" who="3" fromWho="3" sc="383,-60,266,-60,134,-60,207,190" owari="323,12.0,206,-19.0,74,-43.0,397,50.0" /></mjloggm>