<mjloggm ver="2.3"><GO type="97" lobby="0"/><UN n0="%31%71%32%77%33%65%34%72" n1="%E3%83%88%E3%83%88%E3%83%AA%E5%85%88%E7%94%9F%31%39%E6%AD%B3" n2="%E3%83%9E%E3%83%9C" n3="%4F%68%74%61%6B%65" dan="13,14,14,15" rate="1839.07,2038.82,1901.42,1958.84" sx="F,F,M,M"/><TAIKYOKU oya="0"/><INIT seed="0,0,0,2,3,11" ten="250,250,250,250" oya="0" hai0="10,128,50,19,84,9,34,131,7,97,75,134,109" hai1="126,25,3,105,27,93,12,22,133,107,120,32,132" hai2="8,64,68,44,0,1,47,112,72,66,78,94,86" hai3="4,73,33,14,98,24,69,81,115,30,35,18,51"/><T122/><D75/><U43/><E120/><V91/><F112/><W60/><G115/><T2/><D122/><U57/><E3/><V121/><F121/><W101/><G4/><T106/><D34/><U29/><E126/><V41/><F47/><W118/><G118/><T13/><D134/><N who="1" m="51819" /><E43/><V104/><F104/><W63/><G35/><T113/><D113/><U52/><E93/><V67/><F68/><W55/><G73/><T5/><D84/><U82/><E82/><V54/><F54/><W53/><G81/><T108/><D97/><U74/><E74/><V114/><F114/><W125/><G125/><T130/><D50/><N who="1" m="30871" /><E12/><V135/><F135/><W96/><G96/><T62/><D62/><U117/><E117/><V40/><F40/><W76/><G76/><T80/><D80/><U31/><AGARI ba="0,0" hai="22,25,27,29,31,32,105,107" m="30871,51819" machi="31" ten="30,2000,0" yaku="20,1,54,1" doraHai="11" who="1" fromWho="1" sc="250,-10,250,20,250,-5,250,-5" /><INIT seed="1,0,0,2,0,1" ten="240,270,245,245" oya="1" hai0="115,12,30,63,77,28,53,123,45,38,88,97,61" hai1="104,91,82,57,17,33,102,124,99,83,132,46,92" hai2="31,48,29,98,14,8,37,122,128,133,26,126,32" hai3="43,13,16,40,79,87,49,54,125,0,4,69,25"/><U109/><E33/><V23/><F37/><W93/><G69/><T105/><D115/><U67/><E132/><V72/><F72/><W80/><G125/><T75/><D105/><U51/><E124/><V2/><F122/><W34/><G0/><T44/><D75/><U5/><E109/><V18/><F48/><W35/><G4/><T50/><D77/><U107/><E107/><V47/><F47/><W71/><G71/><T52/><D38/><U55/><E17/><V7/><F98/><W95/><G35/><T66/><D123/><U135/><E135/><V9/><F126/><W113/><G34/><T129/><D129/><U130/><E130/><V65/><F65/><W94/><G25/><T114/><D114/><U27/><E27/><N who="2" m="18495" /><F128/><W131/><G113/><T24/><D12/><U70/><E70/><V100/><F100/><W78/><G78/><T134/><D134/><AGARI ba="0,0" hai="2,7,8,9,14,18,23,26,31,133,134" m="18495" machi="134" ten="30,3900,0" yaku="34,2,52,1" doraHai="1" who="2" fromWho="0" sc="240,-39,270,0,245,39,245,0" /><INIT seed="2,0,0,4,0,80" ten="201,270,284,245" oya="2" hai0="41,104,92,32,122,36,84,26,60,22,59,31,76" hai1="110,70,17,97,100,67,40,101,58,99,4,88,116" hai2="47,132,123,133,113,106,103,13,34,119,3,19,7" hai3="77,91,115,46,1,25,108,21,78,128,63,89,135"/><V48/><F119/><W130/><G1/><T52/><D104/><U112/><E112/><V86/><F113/><W49/><G115/><T16/><D122/><U44/><E116/><V126/><F123/><W90/><G135/><N who="2" m="51785" /><F34/><W118/><G63/><T43/><D36/><U38/><E70/><V57/><F126/><W9/><G108/><T131/><D131/><N who="3" m="50217" /><G9/><T14/><REACH who="0" step="1"/><D92/><REACH who="0" ten="191,270,284,245" step="2"/><U51/><E38/><V27/><F106/><W111/><G118/><T93/><D93/><U20/><E110/><V61/><F3/><W28/><G111/><T117/><D117/><U129/><E129/><V96/><F7/><W12/><G12/><T81/><AGARI ba="0,1" hai="14,16,22,26,31,32,41,43,52,59,60,76,81,84" machi="81" ten="30,8000,1" yaku="1,1,0,1,52,1,54,2,53,0" doraHai="80" doraHaiUra="107" who="0" fromWho="0" sc="191,90,270,-20,284,-40,245,-20" /><INIT seed="3,0,0,2,3,22" ten="281,250,244,225" oya="3" hai0="71,131,37,124,3,19,105,41,10,95,107,60,24" hai1="129,14,18,70,52,119,111,90,39,80,69,130,23" hai2="75,67,1,102,106,126,118,109,7,114,127,89,30" hai3="4,12,108,20,32,44,28,53,134,2,94,57,68"/><W47/><G68/><T27/><D37/><U43/><E111/><V87/><F118/><W110/><G2/><T9/><D41/><U38/><E119/><V98/><F114/><W64/><G64/><T123/><D123/><U8/><E70/><V74/><F109/><N who="3" m="42091" /><G32/><T49/><D49/><U73/><E69/><V34/><F67/><W65/><G65/><T117/><D60/><U82/><E43/><V91/><F7/><W84/><G134/><T16/><D71/><U101/><E101/><V104/><F1/><W128/><G128/><N who="1" m="49258" /><E73/><N who="2" m="27659" /><F34/><W11/><G28/><T77/><D131/><U97/><E52/><V17/><F17/><W36/><G20/><T6/><D117/><U61/><E61/><V133/><F30/><W103/><G36/><N who="1" m="13866" /><E8/><V29/><F29/><W72/><G72/><T66/><D66/><U96/><E90/><N who="2" m="34315" /><F133/><W45/><G84/><T83/><D3/><U93/><E93/><N who="2" m="58703" /><F87/><W63/><G94/><T54/><D95/><U115/><E115/><V125/><AGARI ba="0,0" hai="104,106,125,126,127" m="58703,34315,27659" machi="125" ten="40,5200,0" yaku="18,1,34,2" doraHai="22" who="2" fromWho="2" sc="281,-13,250,-13,244,52,225,-26" /><INIT seed="4,0,0,0,0,36" ten="268,237,296,199" oya="0" hai0="57,6,94,39,5,65,72,132,105,89,64,92,128" hai1="35,32,107,47,110,84,81,111,125,96,66,58,45" hai2="98,69,54,20,108,103,114,48,17,28,22,116,51" hai3="11,52,74,56,91,118,76,63,46,0,106,75,119"/><T129/><D39/><U73/><E73/><V16/><F69/><W83/><G106/><T80/><D105/><U18/><E125/><V115/><F116/><W7/><G75/><T97/><D132/><U133/><E133/><V34/><F34/><W10/><G10/><T31/><D31/><U117/><E117/><V95/><F108/><W43/><REACH who="3" step="1"/><G91/><REACH who="3" ten="268,237,296,189" step="2"/><N who="0" m="55455" /><D72/><U29/><E107/><V23/><F115/><W9/><G9/><T120/><D120/><U26/><E110/><V93/><F114/><W126/><G126/><T127/><D127/><U55/><E111/><V62/><F28/><W33/><G33/><T102/><D102/><U19/><E35/><V42/><F42/><W100/><G100/><T67/><D80/><U3/><E81/><V71/><F71/><W41/><G41/><T77/><D77/><U131/><E29/><V104/><F104/><W70/><G70/><T37/><D37/><AGARI ba="0,1" hai="0,7,11,37,43,46,52,56,63,74,76,83,118,119" machi="37" ten="30,12000,2" yaku="1,1,7,1,25,2,52,1,54,1,53,0" doraHai="36" doraHaiUra="25" who="3" fromWho="0" sc="268,-120,237,0,296,0,189,130" owari="148,-35.0,237,-16.0,296,10.0,319,41.0" /></mjloggm>