<mjloggm ver="2.3"><GO type="97" lobby="0"/><UN n0="%E3%82%AB%E3%83%A9%E3%82%B9%E3%81%AE%E5%AD%90" n1="%E5%B0%B1%E6%B4%BB%E7%94%9F%40%E5%B7%9D%E6%9D%91%E8%BB%8D%E5%9B%A3" n2="%75%6F%6B%6B%61%34%39%34" n3="%59%61%6B%6B%75%72%75" dan="15,15,14,14" rate="1961.62,2046.92,1920.18,1843.48" sx="M,M,M,M"/><TAIKYOKU oya="0"/><INIT seed="0,0,0,5,0,96" ten="250,250,250,250" oya="0" hai0="33,57,39,61,87,22,40,93,135,5,49,17,28" hai1="128,126,36,75,24,81,125,56,91,119,84,26,71" hai2="130,29,82,118,65,25,101,68,51,34,108,78,132" hai3="4,66,3,89,94,98,38,102,133,20,105,32,86"/><T99/><D39/><U27/><E71/><V47/><F118/><W107/><G133/><T54/><D135/><U52/><E119/><V110/><F132/><W14/><G38/><T1/><D1/><U112/><E112/><V31/><F130/><W79/><G32/><T131/><D5/><U9/><E128/><V113/><F113/><W0/><G66/><T100/><D131/><U122/><E122/><V50/><F29/><W11/><G20/><T92/><D33/><U80/><E36/><V8/><F101/><W53/><G53/><T77/><D28/><U90/><E9/><V58/><F68/><W12/><G107/><T43/><D49/><U23/><E23/><V45/><F8/><W46/><G46/><T123/><D123/><U74/><E74/><V7/><F7/><W44/><G44/><T64/><D64/><U129/><E129/><V117/><F117/><W70/><G70/><T76/><D76/><U63/><E75/><V62/><F45/><W73/><G14/><T124/><D124/><U55/><E55/><V106/><F106/><W35/><G35/><T21/><D21/><U6/><E6/><V60/><F60/><W114/><G114/><T120/><D120/><U59/><E59/><V48/><REACH who="2" step="1"/><F47/><REACH who="2" ten="250,250,240,250" step="2"/><W121/><G121/><T103/><D103/><U116/><E116/><V37/><F37/><W72/><G72/><AGARI ba="0,1" hai="25,31,34,48,50,51,58,62,65,72,78,82,108,110" machi="72" ten="40,1300,0" yaku="1,1,53,0" doraHai="96" doraHaiUra="85" who="2" fromWho="3" sc="250,0,250,0,240,23,250,-13" /><INIT seed="1,0,0,2,4,30" ten="250,250,263,237" oya="1" hai0="117,61,21,51,43,47,26,106,128,24,110,101,27" hai1="126,38,63,124,9,90,74,93,10,14,5,79,3" hai2="0,94,108,75,91,20,12,59,96,58,66,118,7" hai3="102,127,50,64,29,67,123,46,11,83,122,52,71"/><U80/><E38/><V44/><F0/><W104/><G83/><T60/><D117/><U121/><E121/><V105/><F118/><W62/><G127/><T13/><D110/><U98/><REACH who="1" step="1"/><E63/><REACH who="1" ten="250,240,263,237" step="2"/><V34/><F108/><W32/><G123/><T39/><D39/><U65/><E65/><V2/><F66/><W22/><G67/><T18/><D128/><U85/><E85/><V48/><F75/><W69/><G122/><T99/><AGARI ba="0,1" hai="13,18,21,24,26,27,43,47,51,60,61,99,101,106" machi="99" ten="30,1100,0" yaku="0,1" doraHai="30" who="0" fromWho="0" sc="250,21,240,-5,263,-3,237,-3" /><INIT seed="2,0,0,0,4,72" ten="271,235,260,234" oya="2" hai0="63,30,110,126,34,15,71,99,7,88,54,127,106" hai1="77,87,101,131,118,116,55,21,128,115,64,60,85" hai2="29,50,32,17,46,69,81,3,80,26,12,125,78" hai3="105,31,65,19,22,1,68,38,58,35,96,70,10"/><V16/><F69/><W134/><G38/><T59/><D71/><U111/><E115/><V5/><F125/><N who="0" m="47626" /><D106/><U40/><E40/><V123/><F123/><W9/><G134/><T113/><D113/><U133/><E133/><V117/><F117/><W56/><G70/><T124/><D124/><U52/><E101/><V53/><F81/><W97/><G1/><T24/><D110/><U18/><E87/><V108/><F3/><W100/><G97/><T103/><D103/><U74/><E74/><V109/><F5/><W0/><G10/><N who="0" m="4575" /><D99/><U84/><E84/><N who="2" m="48151" /><F109/><W43/><G43/><T93/><D93/><U75/><E75/><V27/><F108/><W37/><G37/><T132/><D132/><U41/><E111/><V107/><F107/><W66/><G66/><T39/><D39/><U33/><E118/><V49/><F32/><W2/><G2/><T114/><D114/><U89/><E116/><V42/><F29/><W44/><G44/><T129/><D129/><N who="1" m="49739" /><E33/><V8/><F17/><W61/><G9/><T94/><D94/><N who="1" m="54575" /><E41/><V20/><F8/><W112/><G0/><T11/><D11/><U57/><E77/><V67/><F67/><W48/><G48/><T92/><D92/><U120/><E120/><V28/><F28/><W14/><REACH who="3" step="1"/><G112/><REACH who="3" ten="271,235,260,224" step="2"/><T36/><D36/><U135/><E135/><V62/><F62/><W6/><G6/><T45/><D45/><AGARI ba="0,1" hai="12,16,20,26,27,42,45,46,49,50,53" m="48151" machi="45" ten="30,5800,0" yaku="8,1,52,1,54,1" doraHai="72" who="2" fromWho="0" sc="271,-58,235,0,260,68,224,0" /><INIT seed="2,1,0,1,1,95" ten="213,235,328,224" oya="2" hai0="99,22,4,31,94,7,112,88,42,124,52,24,82" hai1="8,63,83,125,93,25,74,107,45,32,59,78,40" hai2="36,85,90,113,17,54,12,27,20,98,120,127,26" hai3="87,118,77,23,104,3,84,71,117,55,19,76,73"/><V132/><F120/><W28/><G71/><T10/><D112/><U65/><E107/><V122/><F122/><W67/><G3/><T37/><D124/><U130/><E130/><V79/><F113/><W43/><G104/><T18/><D37/><U100/><E125/><V49/><F36/><W16/><G73/><T123/><D42/><U0/><E32/><V133/><F127/><W35/><G23/><T61/><D123/><U48/><E25/><V5/><F79/><W46/><G55/><T47/><D82/><U115/><E115/><V128/><F128/><W58/><G58/><N who="0" m="35015" /><D47/><U15/><E0/><V121/><F121/><W57/><G57/><T70/><D70/><U134/><E134/><V114/><F114/><W2/><G2/><T1/><D1/><U110/><E110/><V111/><F111/><W75/><G75/><T96/><D99/><U108/><E108/><V14/><F98/><W106/><G106/><T60/><D60/><U51/><E51/><V92/><F12/><AGARI ba="1,0" hai="4,7,10,12,18,22,24,31,88,94,96" m="35015" machi="12" ten="30,7700,0" yaku="8,1,52,1,54,2" doraHai="95" who="0" fromWho="2" sc="213,80,235,0,328,-80,224,0" /><INIT seed="3,0,0,3,4,81" ten="293,235,248,224" oya="3" hai0="129,72,108,32,97,71,51,53,39,70,93,18,59" hai1="9,3,116,110,49,2,15,123,62,25,55,68,120" hai2="79,52,109,19,84,66,128,122,117,95,41,78,11" hai3="56,94,118,121,33,64,107,40,35,57,7,82,127"/><W91/><G121/><T96/><D72/><U115/><E116/><V44/><F117/><W112/><G118/><T29/><D39/><U102/><E115/><V61/><F122/><W77/><G112/><T22/><D108/><U60/><E110/><V5/><F109/><W54/><G127/><T27/><D129/><U111/><E111/><V24/><F128/><W43/><G107/><T12/><D97/><U92/><E120/><V100/><F5/><W48/><G7/><T105/><D105/><U103/><E123/><V134/><F134/><W36/><G33/><T101/><AGARI ba="0,0" hai="12,18,22,27,29,32,51,53,59,70,71,93,96,101" machi="101" ten="20,1500,0" yaku="0,1,7,1" doraHai="81" who="0" fromWho="0" sc="293,15,235,-4,248,-4,224,-7" owari="308,41.0,231,-17.0,244,4.0,217,-28.0" /></mjloggm>