<mjloggm ver="2.3"><GO type="41" lobby="0"/><UN n0="%E5%B0%B1%E6%B4%BB%E7%94%9F%40%E5%B7%9D%E6%9D%91%E8%BB%8D%E5%9B%A3" n1="%E6%9D%BE%E5%AE%9F%E7%8E%84%E3%81%98%E3%82%83%E3%81%AA%E3%81%84" n2="%4A%62%72" n3="%E5%A4%A9%E4%B8%8B%E7%88%B6%E6%AF%8D%E5%BF%83" dan="15,15,13,14" rate="2003.45,2099.67,1890.72,1923.00" sx="M,F,M,M"/><TAIKYOKU oya="0"/><INIT seed="0,0,0,3,3,46" ten="250,250,250,250" oya="0" hai0="39,34,123,6,135,94,97,110,87,0,59,12,69" hai1="111,37,100,41,83,28,75,96,108,99,79,17,98" hai2="52,54,133,26,18,77,25,9,82,122,16,43,72" hai3="107,86,84,80,78,30,116,49,29,76,42,15,7"/><T121/><D69/><U127/><E28/><V71/><F122/><W47/><G107/><T81/><D0/><U2/><E2/><V109/><F71/><W56/><G56/><T130/><D39/><U134/><E17/><V61/><F109/><N who="1" m="42057" /><E41/><V112/><F112/><W92/><G116/><T27/><D110/><U10/><E10/><V13/><F18/><W20/><G78/><T124/><D124/><U68/><E37/><V66/><F43/><W3/><G3/><T40/><D130/><U118/><E68/><V50/><F54/><W115/><G115/><T67/><D135/><U36/><E36/><V132/><F66/><W93/><G86/><T113/><D40/><U91/><E118/><V51/><F132/><W19/><REACH who="3" step="1"/><G7/><REACH who="3" ten="250,250,250,240" step="2"/><T48/><D113/><U14/><E134/><V102/><F133/><W35/><G35/><T125/><D125/><U21/><E127/><V53/><F102/><W126/><G126/><T106/><D34/><U63/><E100/><V38/><F38/><W73/><G73/><T88/><D6/><U45/><E91/><V128/><F128/><W58/><G58/><T44/><D121/><U85/><E75/><V31/><F72/><W101/><G101/><T5/><D123/><U55/><E85/><N who="2" m="48335" /><F61/><W70/><G70/><T32/><D32/><U95/><E63/><V117/><F117/><W8/><G8/><N who="0" m="4111" /><D59/><U131/><E131/><V4/><F4/><W120/><G120/><T57/><D57/><U23/><E79/><V89/><F89/><W62/><G62/><T103/><D67/><U90/><E90/><V1/><F1/><RYUUKYOKU ba="0,1" sc="250,-10,250,-10,250,-10,240,30" hai3="15,19,20,29,30,42,47,49,76,80,84,92,93" /><INIT seed="1,1,1,1,0,31" ten="240,240,240,270" oya="1" hai0="123,67,10,100,118,63,54,50,57,131,59,61,84" hai1="5,70,108,17,117,60,93,121,36,20,120,101,130" hai2="29,51,116,39,80,23,115,86,2,103,14,132,55" hai3="48,16,94,102,15,40,24,81,58,90,19,22,12"/><U33/><E117/><V98/><F116/><W124/><G124/><T111/><D118/><U96/><E36/><V11/><F2/><W62/><G102/><T46/><D123/><U25/><E130/><V49/><F39/><W53/><G81/><T88/><D131/><U128/><E128/><V91/><F132/><W18/><G40/><T77/><D111/><U35/><E108/><V8/><F115/><W72/><G72/><T122/><D122/><U1/><E121/><V41/><F41/><W87/><REACH who="3" step="1"/><G48/><REACH who="3" ten="240,240,240,260" step="2"/><T104/><D104/><U129/><E120/><V52/><F51/><W37/><G37/><T30/><D100/><U42/><E129/><V75/><F49/><W38/><G38/><T27/><D77/><U107/><E42/><V78/><F75/><W3/><G3/><T4/><D4/><U119/><E107/><V95/><F103/><W99/><G99/><T110/><D110/><U73/><E73/><V127/><F127/><W9/><G9/><T7/><D10/><U92/><E119/><V83/><F11/><W125/><G125/><T44/><D7/><U85/><E5/><N who="2" m="3343" /><F83/><W0/><G0/><T135/><D50/><U106/><E1/><V34/><F98/><W13/><AGARI ba="1,2" hai="12,13,15,16,18,19,22,24,53,58,62,87,90,94" machi="13" ten="30,7900,0" yaku="1,1,0,1,8,1,54,1,53,0" doraHai="31" doraHaiUra="114" who="3" fromWho="3" sc="240,-21,240,-40,240,-21,260,102" /><INIT seed="2,0,0,5,2,121" ten="219,200,219,362" oya="2" hai0="125,78,42,100,33,47,62,1,116,45,81,49,102" hai1="118,80,79,50,8,52,97,85,17,113,73,40,110" hai2="38,22,70,39,126,6,2,115,67,0,66,88,122" hai3="23,132,14,111,57,108,92,95,129,60,127,134,26"/><V65/><F122/><W7/><G127/><T13/><D1/><U117/><E113/><V119/><F115/><W9/><G129/><T91/><D116/><U71/><E71/><V32/><F119/><W87/><G87/><T74/><D33/><U114/><E114/><V112/><F32/><W36/><G36/><N who="2" m="13865" /><F22/><W94/><G23/><T27/><D125/><U29/><E29/><V16/><F70/><W11/><G26/><T104/><D104/><U24/><E40/><V109/><F6/><W58/><G11/><T43/><D13/><U15/><E24/><V53/><F53/><N who="3" m="33839" /><G58/><T77/><D62/><U98/><E73/><V4/><F16/><W46/><G46/><T83/><D91/><U63/><E63/><V106/><F4/><W82/><G82/><T133/><D27/><U130/><E130/><V75/><F106/><W55/><G55/><T59/><D59/><N who="1" m="33175" /><E118/><V51/><F75/><W44/><G44/><T69/><D69/><U48/><E117/><V31/><F112/><W18/><G7/><T96/><D96/><N who="1" m="36971" /><E48/><V120/><F126/><W56/><G56/><T89/><D133/><AGARI ba="0,0" hai="9,14,18,92,94,95,108,111,132,133,134" m="33839" machi="133" ten="30,3900,0" yaku="20,1,52,2" doraHai="121" who="3" fromWho="0" sc="219,-39,200,0,219,0,362,39" /><INIT seed="3,0,0,0,5,77" ten="180,200,219,401" oya="3" hai0="40,107,2,95,14,109,104,12,47,58,78,1,94" hai1="93,28,110,117,36,122,66,76,83,124,20,101,30" hai2="69,16,81,118,34,125,35,84,70,17,71,128,64" hai3="50,115,113,80,68,132,3,7,112,41,75,39,38"/><W52/><G132/><T92/><D78/><U126/><E36/><V67/><F118/><W135/><G135/><T11/><D109/><U120/><E110/><V99/><F99/><W98/><G68/><T100/><D58/><U97/><E117/><V106/><F106/><W25/><G98/><T129/><D129/><U85/><E66/><V116/><F125/><N who="1" m="48233" /><E20/><V57/><F116/><W33/><G33/><T45/><D100/><U114/><E114/><V43/><F43/><W4/><G25/><T82/><D40/><U53/><E53/><V22/><F128/><W32/><G32/><T72/><D11/><U127/><N who="1" m="48241" /><U21/><DORA hai="46" /><E21/><V9/><F35/><W0/><G41/><T73/><REACH who="0" step="1"/><D94/><REACH who="0" ten="170,200,219,401" step="2"/><U13/><E13/><V27/><F57/><W111/><G111/><T130/><D130/><U49/><E122/><V133/><F133/><W26/><G112/><T87/><D87/><U105/><E120/><V6/><F9/><W29/><G113/><T51/><D51/><U15/><E15/><V23/><F71/><W5/><G50/><T24/><D24/><U37/><E37/><V96/><F70/><W61/><G39/><T62/><D62/><U108/><E108/><V79/><F69/><W90/><G61/><T56/><D56/><U44/><E93/><V18/><F27/><W54/><G26/><T42/><D42/><U102/><E102/><V131/><F131/><W48/><G38/><T103/><D103/><U134/><E134/><V89/><F96/><W10/><G115/><T59/><D59/><U19/><E97/><V31/><F79/><RYUUKYOKU ba="0,1" sc="170,30,200,-10,219,-10,401,-10" hai0="1,2,12,14,45,47,72,73,82,92,95,104,107" /><INIT seed="4,1,1,3,3,53" ten="200,190,209,391" oya="0" hai0="119,59,79,111,83,20,133,15,34,123,121,130,67" hai1="122,54,99,36,17,42,107,51,129,1,3,18,117" hai2="104,116,100,38,10,33,128,88,96,40,46,48,127" hai3="8,70,56,106,39,16,102,61,84,14,45,124,109"/><T95/><D34/><U30/><E117/><V86/><F33/><W72/><G109/><T103/><D119/><U44/><E122/><V41/><F116/><W31/><G124/><T68/><D68/><U110/><E110/><V85/><F127/><W90/><G72/><T87/><D111/><U21/><E129/><V132/><F128/><W60/><G31/><T120/><D130/><U112/><E30/><V37/><F132/><W35/><G35/><T125/><D133/><U13/><E112/><V29/><F29/><W2/><G2/><T74/><D125/><U6/><E6/><V64/><F64/><W108/><G108/><T43/><D43/><U81/><E81/><V25/><F86/><W89/><G70/><T0/><D0/><U78/><E78/><V5/><F25/><W52/><G61/><T118/><D118/><U11/><E99/><V135/><F41/><W101/><G106/><T24/><D15/><U63/><E63/><V22/><F22/><W131/><G131/><T98/><D74/><U113/><E107/><V49/><F38/><W12/><G12/><T126/><D126/><U94/><E94/><V93/><REACH who="2" step="1"/><F135/><REACH who="2" ten="200,190,199,391" step="2"/><W23/><G23/><T82/><D82/><U7/><E113/><V57/><F57/><W32/><G32/><T58/><REACH who="0" step="1"/><D67/><REACH who="0" ten="190,190,199,391" step="2"/><U114/><E114/><V77/><F77/><W47/><G14/><AGARI ba="1,3" hai="5,10,14,37,40,46,48,49,85,88,93,96,100,104" machi="14" ten="30,3900,0" yaku="1,1,7,1,54,1,53,0" doraHai="53" doraHaiUra="27" who="2" fromWho="3" sc="190,0,190,0,199,72,391,-42" /><INIT seed="5,0,0,2,5,38" ten="190,190,271,349" oya="1" hai0="47,8,57,109,23,61,51,96,114,14,89,100,102" hai1="55,41,44,84,29,104,106,34,133,17,11,85,117" hai2="52,95,46,54,13,18,65,26,132,99,80,129,119" hai3="42,12,68,78,6,123,122,40,37,118,67,81,59"/><U127/><E117/><V90/><F119/><W79/><G118/><T16/><D109/><U64/><E64/><V22/><F129/><W49/><G6/><T82/><D114/><U45/><E133/><V112/><F112/><W31/><G12/><T4/><D82/><U36/><E127/><V75/><F132/><W3/><G31/><T94/><D51/><U126/><E126/><V131/><F131/><W97/><G3/><T71/><D71/><U76/><E34/><V83/><F75/><W105/><G105/><T63/><D63/><U56/><E29/><V7/><F65/><W0/><G0/><T72/><D47/><U86/><E76/><V35/><F46/><W66/><G97/><T32/><D32/><U5/><E17/><V116/><F35/><W92/><G92/><T130/><D130/><U128/><E45/><V108/><F108/><W101/><G101/><T110/><D72/><U43/><E43/><N who="3" m="16426" /><G81/><N who="2" m="31305" /><F116/><W60/><G79/><T10/><D10/><AGARI ba="0,0" hai="7,10,13,18,22,26,52,54,90,95,99" m="31305" machi="10" ten="30,2000,0" yaku="8,1,54,1" doraHai="38" who="2" fromWho="0" sc="190,-20,190,0,271,20,349,0" /><INIT seed="6,0,0,5,0,58" ten="170,190,291,349" oya="2" hai0="25,99,30,133,27,79,18,0,129,45,105,5,93" hai1="109,8,132,20,124,67,49,70,71,61,94,31,6" hai2="89,113,56,46,120,88,82,21,84,72,62,115,103" hai3="123,40,32,116,60,64,119,118,16,125,96,48,22"/><V54/><F120/><W2/><G123/><T97/><D133/><U66/><E109/><V28/><F72/><W36/><G125/><T39/><D129/><U128/><E128/><V53/><F103/><W1/><G32/><T69/><D69/><U101/><E124/><V86/><F46/><W112/><G36/><T91/><D79/><U130/><E130/><V104/><F54/><W122/><G122/><T126/><D126/><U43/><E132/><V33/><F104/><W19/><G96/><T90/><D18/><U131/><E131/><V50/><F33/><W34/><G34/><T108/><D108/><U68/><E67/><V80/><F62/><W59/><G112/><T107/><D5/><U114/><E114/><V14/><REACH who="2" step="1"/><F14/><REACH who="2" ten="170,190,281,349" step="2"/><W47/><REACH who="3" step="1"/><G19/><REACH who="3" ten="170,190,281,339" step="2"/><T4/><D39/><U17/><E17/><V76/><F76/><W3/><G3/><T11/><D45/><U9/><E31/><V63/><F63/><W13/><AGARI ba="0,2" hai="1,2,13,16,22,40,47,48,59,60,64,116,118,119" machi="13" ten="30,7900,0" yaku="1,1,0,1,52,1,54,1,53,0" doraHai="58" doraHaiUra="134" who="3" fromWho="3" sc="170,-20,190,-20,281,-39,339,99" /><INIT seed="7,0,0,3,0,57" ten="150,170,242,438" oya="3" hai0="102,120,59,9,66,18,44,51,54,130,81,84,99" hai1="30,106,31,36,86,89,6,94,82,42,34,60,12" hai2="77,23,134,64,47,13,118,10,45,125,105,27,78" hai3="2,5,72,115,114,113,131,127,17,124,55,79,62"/><W15/><G131/><T88/><D130/><U87/><E106/><V58/><F105/><W14/><G72/><T49/><D120/><U122/><E122/><V98/><F118/><W1/><G79/><T70/><D70/><U90/><E34/><V119/><F119/><W46/><G5/><T41/><D66/><U4/><E36/><V126/><F134/><W132/><G132/><T20/><D9/><N who="1" m="4135" /><E42/><V32/><F98/><W75/><G75/><T80/><D102/><U121/><E121/><V53/><F64/><W109/><G109/><T0/><D0/><N who="3" m="105" /><G15/><N who="0" m="9311" /><D99/><U129/><E129/><V92/><F78/><W69/><G69/><T56/><D56/><U104/><E104/><V103/><F32/><W110/><G110/><T117/><D117/><U38/><E38/><V48/><F77/><W76/><G76/><T112/><D112/><U135/><E135/><V85/><F103/><W74/><G74/><T43/><D43/><U93/><E6/><V63/><F47/><W50/><G62/><T71/><D71/><U29/><E60/><V25/><F45/><W24/><G24/><T97/><D97/><U52/><E52/><V35/><F27/><W65/><G65/><T91/><D91/><U11/><E11/><AGARI ba="0,0" hai="11,14,17,46,50,55,113,114,115,124,127" m="105" machi="11" ten="40,2000,0" yaku="15,1" doraHai="57" who="3" fromWho="1" sc="150,0,170,-20,242,0,438,20" owari="150,-25.0,150,-35.0,242,4.0,458,56.0" /></mjloggm>