<mjloggm ver="2.3"><GO type="169" lobby="0"/><UN n0="%72%79%6F%E2%80%A6%31%35" n1="%E3%82%B7%E3%83%A3%E3%83%B3%E3%83%86%E3%83%B3%E5%9C%B0%E7%8D%84%E2%98%86" n2="%E5%B0%B1%E6%B4%BB%E7%94%9F%40%E5%B7%9D%E6%9D%91%E8%BB%8D%E5%9B%A3" n3="%68%61%79%61%74%6F%E2%98%86" dan="16,16,17,16" rate="2094.03,2048.30,2164.99,2085.28" sx="M,M,M,M"/><TAIKYOKU oya="0"/><INIT seed="0,0,0,5,4,116" ten="250,250,250,250" oya="0" hai0="128,119,37,11,99,13,80,71,127,29,76,83,85" hai1="57,19,7,23,133,16,130,101,96,125,74,42,69" hai2="104,100,22,15,84,63,40,97,28,129,131,1,64" hai3="70,44,105,126,82,75,61,41,92,33,2,25,55"/><T132/><D119/><U60/><E74/><V111/><F1/><W49/><G105/><T118/><D118/><U8/><E133/><V93/><F111/><W10/><G126/><T20/><D132/><U95/><E130/><V46/><F84/><W102/><G102/><T39/><D128/><U135/><E135/><V59/><F104/><W110/><G110/><T67/><D127/><U43/><E69/><V66/><F66/><W108/><G108/><T113/><D113/><U98/><E98/><V89/><F89/><W124/><G124/><T90/><D99/><U134/><E134/><V77/><F77/><W114/><G114/><T14/><D67/><U88/><E101/><V30/><F30/><W120/><G92/><T94/><D71/><U45/><E125/><V54/><F54/><W123/><G55/><T78/><D83/><U24/><E19/><V86/><F86/><W38/><G49/><T103/><D103/><U106/><E45/><V117/><F117/><W50/><G50/><T3/><D3/><U12/><E106/><V56/><F56/><W35/><G25/><T48/><D48/><U79/><E79/><V58/><F58/><W115/><G115/><T26/><D78/><U62/><E62/><V5/><F46/><W17/><G17/><T73/><REACH who="0" step="1"/><D14/><REACH who="0" ten="240,250,250,250" step="2"/><U47/><E47/><V91/><F91/><W68/><G82/><T18/><AGARI ba="0,1" hai="11,13,18,20,26,29,37,39,73,76,80,85,90,94" machi="18" ten="20,7800,0" yaku="1,1,2,1,0,1,7,1,53,0" doraHai="116" doraHaiUra="65" who="0" fromWho="0" sc="240,88,250,-26,250,-26,250,-26" /><INIT seed="0,1,0,4,1,133" ten="328,224,224,224" oya="0" hai0="53,79,77,54,85,14,5,29,2,18,76,105,124" hai1="6,72,83,101,21,65,86,96,52,62,99,97,100" hai2="36,118,81,26,91,123,28,1,7,32,73,11,75" hai3="47,51,103,50,121,63,125,82,110,67,57,129,112"/><T93/><D105/><U22/><E72/><V122/><F118/><W78/><G112/><T130/><D130/><U64/><E6/><V114/><F114/><W58/><G121/><T10/><D29/><U8/><E8/><V80/><F91/><W46/><G103/><N who="1" m="39498" /><E65/><V135/><F135/><W116/><G82/><T66/><D66/><U37/><E37/><V126/><F126/><W134/><G78/><T132/><D124/><U23/><E64/><V56/><F56/><N who="3" m="21611" /><G125/><T39/><D39/><U108/><E108/><V111/><F111/><W117/><G110/><T92/><D132/><U41/><E41/><V113/><F113/><W3/><G3/><T13/><D2/><U88/><E62/><V74/><F80/><W19/><G19/><T25/><D25/><U31/><E31/><V27/><F81/><W48/><G129/><T106/><D106/><U0/><E0/><V33/><F36/><W30/><G30/><AGARI ba="1,0" hai="1,7,11,26,27,28,30,32,33,73,74,75,122,123" machi="30" ten="40,5200,0" yaku="9,1,23,2" doraHai="133" who="2" fromWho="3" sc="328,0,224,0,224,55,224,-55" /><INIT seed="1,0,0,3,1,20" ten="328,224,279,169" oya="1" hai0="104,58,21,2,56,86,83,42,34,61,111,114,81" hai1="70,98,63,74,65,25,60,84,131,11,18,32,115" hai2="19,91,109,75,30,68,121,12,99,50,112,24,37" hai3="47,93,27,88,52,113,26,6,127,29,7,0,124"/><U122/><E122/><V105/><F37/><W14/><G113/><T78/><D34/><U80/><E115/><V89/><F75/><W5/><G0/><T17/><D111/><U102/><E131/><V64/><F109/><W72/><G14/><T119/><D119/><U8/><E74/><V4/><F121/><W108/><G72/><T23/><D2/><U9/><E63/><V103/><F112/><W77/><G77/><T133/><D133/><U79/><E18/><V95/><F4/><W130/><G130/><T22/><D104/><U55/><E55/><V59/><F68/><W129/><G129/><T44/><D114/><U135/><E135/><V97/><F50/><N who="3" m="28767" /><G29/><T117/><D117/><U126/><E126/><N who="3" m="48170" /><G108/><T43/><D78/><U106/><E8/><V51/><F51/><W67/><G67/><T31/><D31/><AGARI ba="0,0" hai="9,11,25,31,32,60,65,70,79,80,84,98,102,106" machi="31" ten="40,7700,0" yaku="25,2,52,1" doraHai="20" who="1" fromWho="0" sc="328,-77,224,77,279,0,169,0" /><INIT seed="1,1,0,0,5,30" ten="251,301,279,169" oya="1" hai0="131,41,107,83,17,103,7,124,35,120,119,10,74" hai1="43,61,62,94,38,106,29,114,37,57,112,54,19" hai2="113,33,126,90,55,93,14,135,12,75,2,45,86" hai3="50,102,59,76,5,116,130,47,134,65,133,53,63"/><U115/><E106/><V0/><F75/><W89/><G76/><T80/><D17/><U24/><E19/><V39/><F113/><W15/><G102/><T127/><D119/><U99/><E61/><V49/><F126/><N who="0" m="48170" /><D131/><U32/><REACH who="1" step="1"/><E43/><REACH who="1" ten="251,291,279,169" step="2"/><V117/><F117/><W79/><G116/><T66/><D41/><U82/><E82/><V128/><F128/><W4/><G130/><T84/><D83/><U97/><E97/><V6/><F135/><W101/><G133/><T13/><D80/><U21/><E21/><V73/><F33/><W72/><G134/><T92/><D35/><U68/><E68/><V81/><F6/><W98/><G98/><T26/><D7/><U22/><E22/><V42/><F2/><W132/><G132/><T56/><D107/><U25/><E25/><V118/><F0/><W87/><G63/><T9/><D26/><U104/><E104/><V123/><F118/><W71/><G71/><T40/><D40/><U125/><E125/><V121/><F121/><W96/><G96/><T46/><D120/><U8/><E8/><V58/><F123/><W23/><G23/><T129/><D9/><U77/><E77/><V95/><F73/><W11/><G79/><T3/><D10/><U91/><AGARI ba="1,1" hai="24,29,32,37,38,54,57,62,91,94,99,112,114,115" machi="91" ten="30,6000,0" yaku="1,1,0,1,52,1,53,0" doraHai="30" doraHaiUra="34" who="1" fromWho="1" sc="251,-21,291,73,279,-21,169,-21" /><INIT seed="1,2,0,5,0,18" ten="230,364,258,148" oya="1" hai0="64,54,59,52,84,63,17,41,11,53,9,115,56" hai1="15,111,14,126,51,26,30,70,105,120,135,95,62" hai2="39,134,1,71,122,125,43,46,42,24,3,87,123" hai3="121,7,19,0,86,97,57,4,16,45,96,99,83"/><U8/><E120/><N who="2" m="46123" /><F87/><W107/><G107/><T48/><D115/><U106/><E135/><V12/><F12/><W22/><G121/><T74/><D74/><U20/><E126/><V60/><F42/><W113/><G0/><N who="2" m="73" /><F24/><N who="3" m="14407" /><G113/><T79/><D41/><U128/><E105/><V27/><F27/><W81/><G19/><T10/><REACH who="0" step="1"/><D17/><REACH who="0" ten="220,364,258,148" step="2"/><U33/><E30/><V29/><F29/><W5/><G45/><T76/><D76/><U37/><E128/><V131/><F131/><W31/><G31/><T94/><D94/><U109/><E95/><V47/><F46/><W50/><G86/><T129/><D129/><U117/><E106/><V88/><F47/><W90/><G90/><T89/><D89/><U36/><E37/><V49/><F88/><W93/><G93/><T116/><D116/><U85/><E36/><V55/><F39/><W98/><G98/><T112/><D112/><U2/><E85/><V25/><F134/><W21/><G81/><AGARI ba="2,1" hai="9,10,11,48,52,53,54,56,59,63,64,79,81,84" machi="81" ten="40,5200,0" yaku="1,1,8,1,54,1,53,0" doraHai="18" doraHaiUra="38" who="0" fromWho="3" sc="220,68,364,0,258,0,148,-58" /><INIT seed="2,0,0,2,1,52" ten="288,364,258,90" oya="2" hai0="91,10,99,95,19,47,111,97,24,41,106,48,69" hai1="15,16,133,75,119,82,110,42,67,13,129,57,17" hai2="27,6,74,73,104,38,131,36,20,60,58,32,18" hai3="112,102,134,28,71,77,54,3,81,125,25,34,51"/><V37/><F104/><W118/><G118/><T100/><D111/><U0/><E0/><V127/><F127/><W26/><G125/><T121/><D121/><U8/><E119/><V117/><F117/><W130/><G134/><T70/><D10/><U72/><E110/><V65/><F131/><W123/><G123/><T113/><D113/><U61/><E133/><V126/><F126/><W103/><G130/><T94/><D19/><U46/><E82/><V101/><F101/><W105/><G3/><T12/><D12/><U62/><E62/><V23/><F32/><W120/><G120/><T87/><REACH who="0" step="1"/><D24/><REACH who="0" ten="278,364,258,90" step="2"/><U116/><E116/><V53/><F6/><W83/><G112/><T92/><D92/><U66/><E129/><V1/><F1/><W5/><G5/><T64/><D64/><U122/><E67/><V107/><F107/><W93/><G93/><T22/><D22/><U45/><E122/><V40/><F40/><W96/><G26/><T63/><D63/><U50/><E45/><V30/><REACH who="2" step="1"/><F65/><REACH who="2" ten="278,364,248,90" step="2"/><W78/><G105/><T115/><D115/><U124/><E124/><V132/><F132/><W31/><G34/><T98/><D98/><U49/><E66/><V76/><F76/><W44/><G96/><T86/><D86/><U109/><E109/><V2/><F2/><W114/><G114/><T59/><D59/><U33/><E33/><V128/><F128/><W84/><G77/><T7/><D7/><U9/><E57/><V39/><N who="2" m="9728" /><DORA hai="79" /><V14/><AGARI ba="0,2" hai="14,18,20,23,27,30,53,58,60,73,74" m="9728" machi="14" ten="60,12000,1" yaku="1,1,4,1,0,1,52,1,53,1" doraHai="52,79" doraHaiUra="21,29" who="2" fromWho="2" sc="278,-40,364,-40,248,140,90,-40" /><INIT seed="2,1,0,3,0,61" ten="238,324,388,50" oya="2" hai0="21,107,128,115,109,67,105,63,24,5,134,125,36" hai1="130,7,23,131,96,114,116,14,93,112,98,56,59" hai2="64,37,65,45,85,90,25,111,31,42,113,13,41" hai3="0,10,22,120,44,127,51,2,118,38,34,126,106"/><V86/><F113/><W95/><G106/><T39/><D115/><U135/><E116/><V11/><F111/><W92/><G34/><T74/><D109/><U43/><E43/><V83/><F42/><W68/><G38/><T46/><D74/><U3/><E3/><V66/><F86/><W18/><G118/><T122/><D122/><U12/><E135/><V129/><F129/><W28/><G120/><T50/><D134/><U52/><E7/><V57/><F57/><W84/><G68/><T16/><D128/><N who="1" m="49195" /><E56/><V58/><F58/><W99/><G84/><T20/><D5/><U87/><E87/><V102/><F102/><W88/><G92/><T124/><D21/><U62/><E96/><V104/><F104/><W97/><G99/><T123/><D123/><U4/><E12/><V121/><F121/><W108/><G28/><T15/><D15/><U78/><E78/><V19/><REACH who="2" step="1"/><F66/><REACH who="2" ten="238,324,378,50" step="2"/><W54/><G108/><T17/><D107/><U47/><E47/><V71/><F71/><W79/><G79/><T53/><D105/><U82/><E114/><V1/><F1/><W72/><G72/><T33/><D67/><U117/><E112/><V6/><F6/><W40/><G40/><T60/><D46/><U32/><E117/><V69/><F69/><W103/><G103/><T133/><D133/><U29/><E4/><V110/><F110/><W94/><G0/><T26/><D39/><U80/><E98/><V89/><F89/><W119/><G119/><T9/><D36/><U76/><E76/><V27/><F27/><N who="3" m="14807" /><G95/><T70/><D70/><U8/><E93/><RYUUKYOKU ba="1,1" sc="238,-15,324,-15,378,15,50,15" hai2="11,13,19,25,31,37,41,45,64,65,83,85,90" hai3="2,10,44,51,54,88,94,97,126,127" /><INIT seed="2,2,1,0,1,64" ten="223,309,393,65" oya="2" hai0="57,25,42,39,74,27,99,70,75,129,7,49,21" hai1="46,121,93,101,24,3,53,9,58,36,61,15,23" hai2="87,123,108,50,102,6,54,22,35,117,71,98,92" hai3="122,84,72,41,91,1,17,62,18,109,110,77,106"/><V38/><F35/><W125/><G122/><T55/><D70/><U86/><E121/><V128/><F38/><W29/><G106/><T111/><D111/><U31/><E3/><V37/><F37/><W34/><G1/><T94/><D129/><U120/><E120/><V48/><F71/><W96/><G96/><T132/><D132/><U11/><E36/><V127/><F117/><W65/><G41/><T63/><D7/><U26/><E46/><V66/><F123/><W60/><G77/><T97/><D97/><N who="1" m="59567" /><E26/><V13/><F66/><W90/><G72/><T16/><D39/><U14/><E86/><V79/><F108/><W130/><G130/><T45/><REACH who="0" step="1"/><D27/><REACH who="0" ten="213,309,393,65" step="2"/><U80/><E80/><N who="2" m="47519" /><F127/><W126/><G110/><T114/><D114/><U51/><E15/><V30/><F128/><W118/><G109/><T81/><D81/><U67/><E14/><V135/><F135/><W105/><G118/><T107/><D107/><U85/><E85/><V52/><F6/><W115/><G84/><T0/><D0/><U83/><E83/><V68/><F68/><W78/><G105/><T8/><D8/><U10/><E10/><V73/><F73/><W76/><G115/><T119/><D119/><U56/><AGARI ba="2,2" hai="9,11,23,24,31,51,53,56,58,61,67" m="59567" machi="56" ten="30,2000,0" yaku="25,1,8,1" doraHai="64" who="1" fromWho="1" sc="213,-7,309,46,393,-12,65,-7" /><INIT seed="3,0,0,3,3,1" ten="206,355,381,58" oya="3" hai0="42,13,117,36,68,10,22,14,100,70,82,133,108" hai1="115,16,50,54,80,3,35,43,89,66,119,23,33" hai2="95,62,109,132,110,77,61,78,88,67,97,107,17" hai3="114,45,120,8,58,31,131,5,76,65,129,25,56"/><W41/><G120/><T73/><D108/><N who="2" m="41578" /><F132/><W69/><G114/><T12/><D117/><U48/><E3/><V30/><F30/><W122/><G76/><N who="2" m="29289" /><F107/><W57/><G122/><T101/><D82/><U64/><E35/><V94/><F67/><W38/><G69/><T135/><D73/><U124/><E33/><V40/><F40/><W118/><G118/><T104/><D42/><U2/><E2/><V32/><F32/><W55/><G65/><T34/><D34/><U134/><E124/><V103/><F17/><W113/><G113/><T112/><D36/><U24/><E134/><N who="0" m="51209" /><D104/><U11/><E115/><V37/><F37/><W74/><G74/><T130/><D130/><N who="3" m="49673" /><G25/><T85/><D112/><U116/><E66/><V86/><AGARI ba="0,0" hai="61,62,86,88,94,95,97,103" m="29289,41578" machi="86" ten="30,2000,0" yaku="14,1,54,1" doraHai="1" who="2" fromWho="2" sc="206,-5,355,-5,381,20,58,-10" /><INIT seed="4,0,0,4,3,108" ten="201,350,401,48" oya="0" hai0="51,71,31,77,3,9,130,33,32,15,26,47,41" hai1="5,127,91,107,42,16,28,97,99,80,73,134,62" hai2="116,36,75,7,35,34,82,122,65,58,111,131,22" hai3="55,123,29,92,94,106,74,23,66,44,17,120,72"/><T45/><D130/><U128/><E128/><V118/><F111/><W85/><G29/><T88/><D71/><U68/><E5/><V18/><F7/><W24/><G66/><T50/><D3/><U4/><E4/><V76/><F36/><W87/><G106/><T121/><D121/><N who="3" m="46665" /><G44/><T126/><D126/><U133/><E42/><V52/><F65/><W125/><G55/><T103/><D103/><U83/><E28/><V67/><F67/><W25/><G125/><T84/><D77/><U135/><E68/><V13/><F131/><W70/><G70/><T46/><D33/><U96/><E62/><N who="2" m="36167" /><F122/><W48/><G48/><T114/><D114/><U110/><E110/><V95/><F95/><N who="3" m="36395" /><G25/><T115/><D47/><U117/><E107/><V102/><F102/><W101/><G101/><T30/><D30/><U129/><E129/><V105/><F105/><W21/><G21/><T20/><D32/><U93/><E127/><V124/><F124/><W6/><G6/><T86/><D46/><U40/><E40/><V8/><F8/><W54/><G54/><T90/><D51/><U89/><E99/><V79/><F79/><W43/><G43/><T11/><D11/><U104/><E104/><V81/><F81/><W19/><G19/><T10/><D10/><U59/><E16/><V69/><F69/><W132/><G132/><T78/><D9/><U12/><E97/><V98/><F98/><W37/><G37/><T113/><D15/><U100/><E12/><V39/><F39/><W14/><G14/><T56/><D41/><U38/><E38/><V60/><F60/><RYUUKYOKU ba="0,0" sc="201,-15,350,-15,401,15,48,15" hai2="13,18,22,34,35,75,76,82,116,118" hai3="17,23,24,72,74,85,87" /><INIT seed="5,1,0,3,0,38" ten="186,335,416,63" oya="1" hai0="107,33,87,39,4,58,112,0,126,89,17,66,13" hai1="81,123,48,115,23,28,46,130,71,18,132,118,100" hai2="1,63,85,19,25,47,104,37,97,56,35,129,52" hai3="74,79,88,26,122,101,11,102,84,67,96,135,90"/><U73/><E118/><V7/><F129/><W5/><G122/><T128/><D112/><U108/><E123/><V76/><F1/><W45/><G67/><T59/><D33/><U125/><E71/><V32/><F7/><W83/><G135/><T92/><D39/><U70/><E70/><V15/><F104/><W69/><G69/><T30/><D128/><U60/><E115/><V40/><F97/><W44/><G26/><T62/><D30/><U16/><E125/><V120/><F25/><W75/><G75/><T103/><D126/><U106/><E60/><V109/><F109/><W110/><G110/><T3/><D4/><U9/><E132/><V14/><F14/><W99/><G99/><T121/><D121/><U34/><E34/><V29/><F29/><W53/><G53/><T43/><D103/><U131/><E108/><V42/><F42/><W12/><G90/><T119/><D43/><N who="1" m="24671" /><E28/><V64/><F64/><W86/><G86/><T22/><D107/><U68/><E68/><V124/><F124/><W2/><G2/><T50/><D119/><U51/><E100/><V80/><F120/><W54/><G54/><AGARI ba="1,0" hai="0,3,13,17,22,50,54,58,59,62,66,87,89,92" machi="54" ten="40,2600,0" yaku="25,2" doraHai="38" who="0" fromWho="3" sc="186,29,335,0,416,0,63,-29" /><INIT seed="6,0,0,5,0,19" ten="215,335,416,34" oya="2" hai0="20,50,93,47,10,120,75,86,70,66,44,73,27" hai1="5,25,29,87,105,94,108,74,36,69,40,58,31" hai2="76,41,4,60,134,95,12,133,101,126,99,131,9" hai3="88,2,135,78,15,53,52,42,113,103,13,92,100"/><V63/><F126/><W61/><G2/><T77/><D120/><U39/><E69/><V62/><F131/><W23/><G135/><T54/><D70/><U28/><E74/><V124/><F124/><W59/><G78/><T57/><D66/><U132/><E105/><V97/><F76/><W45/><G113/><T80/><D10/><U16/><E108/><V79/><F79/><W109/><G109/><T48/><D93/><U125/><E5/><V26/><F41/><W130/><G130/><T7/><D7/><U89/><E132/><V35/><F35/><W117/><G117/><T98/><D98/><U91/><E125/><V71/><F71/><W38/><G53/><T84/><D75/><U104/><E104/><V37/><F37/><W81/><G81/><T8/><D8/><U121/><E40/><V90/><F26/><W106/><G106/><T122/><D122/><U33/><E33/><V127/><F127/><W72/><G72/><T3/><D3/><U30/><E30/><V32/><F32/><W82/><G82/><T67/><D73/><U18/><E121/><V68/><F68/><W34/><G34/><T64/><D80/><U22/><E18/><V114/><F114/><W11/><G13/><T14/><D14/><U111/><E111/><V123/><F123/><W55/><G55/><T118/><D77/><U1/><E1/><V85/><F133/><W128/><G128/><T46/><D118/><U116/><E116/><V6/><F134/><W0/><G0/><T119/><D119/><U24/><E94/><V129/><F129/><W83/><G92/><RYUUKYOKU ba="0,0" sc="215,0,335,0,416,0,34,0" /><INIT seed="7,1,0,2,2,86" ten="215,335,416,34" oya="3" hai0="8,50,67,99,59,130,14,97,24,89,64,91,42" hai1="112,16,93,57,120,40,135,13,90,95,65,104,61" hai2="62,27,56,60,32,34,47,72,84,7,73,49,129" hai3="82,69,55,54,127,102,105,103,123,22,20,98,21"/><W110/><G123/><T6/><D130/><U115/><E120/><V35/><F129/><W36/><G36/><T19/><D24/><U78/><E104/><V81/><F7/><W30/><G69/><T87/><D19/><U58/><E78/><V68/><F68/><W122/><G122/><T92/><D99/><U41/><E135/><V18/><F18/><W101/><G127/><T48/><D42/><U26/><E26/><V80/><F27/><W25/><G110/><T116/><D116/><U113/><E58/><V85/><F56/><W71/><G71/><T39/><D39/><U79/><E79/><V29/><F29/><W108/><G108/><T134/><D134/><U15/><E95/><V43/><F73/><W75/><G75/><T31/><D31/><U0/><E13/><V51/><F72/><W125/><G125/><T46/><D46/><U124/><E0/><V37/><F37/><W100/><REACH who="3" step="1"/><G82/><REACH who="3" ten="215,335,416,24" step="2"/><N who="0" m="49399" /><D67/><U96/><E124/><V76/><F80/><W83/><G83/><T38/><D38/><U28/><E28/><V4/><F81/><W74/><G74/><T111/><D111/><U70/><E70/><V131/><F76/><W44/><G44/><T53/><D64/><U1/><E1/><V63/><F131/><W117/><G117/><T133/><D133/><U3/><E3/><V11/><F47/><W23/><AGARI ba="1,1" hai="20,21,22,23,25,30,54,55,98,100,101,102,103,105" machi="23" ten="30,3000,0" yaku="1,1,0,1,53,0" doraHai="86" doraHaiUra="114" who="3" fromWho="3" sc="215,-11,335,-11,416,-11,24,43" /><INIT seed="7,2,0,4,2,97" ten="204,324,405,67" oya="3" hai0="80,12,39,120,89,65,110,126,113,45,4,47,23" hai1="27,61,44,28,128,37,51,72,54,76,81,41,67" hai2="134,63,36,13,86,52,1,100,17,7,91,117,74" hai3="115,73,21,20,112,15,55,92,122,87,94,96,42"/><W77/><G73/><T119/><D110/><U79/><E128/><V84/><F74/><W102/><G42/><T88/><D120/><U105/><E105/><V85/><F36/><W49/><G122/><T43/><D119/><U66/><E79/><V101/><F134/><W10/><G77/><T50/><D126/><U57/><E37/><V118/><F1/><W26/><G87/><N who="2" m="33353" /><F7/><W131/><G92/><T90/><D80/><U114/><E114/><N who="3" m="43562" /><G26/><T40/><D113/><U60/><E60/><V48/><F63/><W99/><G96/><T135/><D135/><U46/><E46/><N who="2" m="27671" /><F118/><W130/><G131/><T56/><D65/><U109/><E109/><V103/><F117/><W104/><G104/><T82/><D82/><U14/><E14/><V34/><F34/><AGARI ba="2,0" hai="27,28,34,41,44,51,54,57,61,66,67,72,76,81" machi="34" ten="30,1000,0" yaku="7,1" doraHai="97" who="1" fromWho="2" sc="204,0,324,16,405,-16,67,0" owari="204,-20.0,340,14.0,389,49.0,67,-43.0" /></mjloggm>