<mjloggm ver="2.3"><GO type="41" lobby="0"/><UN n0="%E5%B0%B1%E6%B4%BB%E7%94%9F%40%E5%B7%9D%E6%9D%91%E8%BB%8D%E5%9B%A3" n1="%E3%82%A6%E3%83%AB%E3%82%B8%E3%82%B9%E3%83%88" n2="%E6%B0%B4%E9%81%93%E6%A9%8B%E9%BA%BB%E9%9B%80" n3="%6B%61%65%73%61%72%75%37" dan="17,13,13,14" rate="2129.88,1833.21,1863.23,1884.30" sx="M,M,M,M"/><TAIKYOKU oya="0"/><INIT seed="0,0,0,2,0,72" ten="250,250,250,250" oya="0" hai0="99,65,91,33,97,13,101,82,120,48,31,6,20" hai1="34,7,87,9,77,26,85,89,37,51,0,15,10" hai2="118,79,134,52,112,132,42,116,73,56,117,8,47" hai3="125,111,80,100,96,40,93,83,27,17,106,39,98"/><T115/><D120/><U123/><E123/><V1/><F1/><W64/><G125/><T62/><D115/><U113/><E113/><V18/><F112/><W67/><G111/><T104/><D33/><U127/><E127/><V41/><F8/><W119/><G119/><T81/><D48/><U121/><E121/><V78/><F18/><W24/><G40/><N who="2" m="15465" /><F73/><W94/><G39/><T21/><D21/><U126/><E126/><V11/><F11/><W105/><G17/><T55/><D55/><U70/><E70/><V5/><F5/><W49/><G49/><T92/><D6/><U131/><E37/><V135/><F47/><W4/><G4/><T129/><D129/><U71/><E71/><V69/><F69/><W110/><REACH who="3" step="1"/><G110/><REACH who="3" ten="250,250,250,240" step="2"/><T107/><D31/><U122/><E51/><AGARI ba="0,1" hai="51,52,56,78,79,116,117,118,132,134,135" m="15465" machi="51" ten="40,8000,1" yaku="12,1,20,1,52,2,54,1" doraHai="72" who="2" fromWho="1" sc="250,0,250,-80,250,90,240,0" /><INIT seed="1,0,0,2,5,11" ten="250,170,340,240" oya="1" hai0="50,32,103,122,16,69,89,24,83,48,22,97,102" hai1="62,59,12,135,129,110,6,66,10,40,49,54,77" hai2="80,7,36,21,114,34,43,105,74,41,95,60,2" hai3="71,28,115,20,130,42,65,15,3,88,123,132,86"/><U107/><E107/><V84/><F105/><W44/><G115/><T93/><D69/><U17/><E135/><V125/><F34/><W127/><G123/><T52/><D122/><U39/><E129/><V100/><F114/><W131/><G127/><T118/><D32/><U113/><E113/><V106/><F125/><W57/><G3/><T133/><D133/><U94/><E77/><V53/><F74/><W112/><G112/><T0/><D0/><U1/><E110/><V23/><F106/><W5/><G71/><T111/><D111/><U31/><E31/><V99/><F7/><W128/><G132/><T120/><D120/><U121/><E121/><V68/><F2/><W33/><G33/><T35/><D35/><U37/><E94/><V51/><F36/><N who="3" m="21575" /><G65/><T46/><D118/><U134/><E40/><N who="2" m="15435" /><F60/><W90/><G57/><N who="0" m="32903" /><D83/><U55/><E134/><V79/><F68/><W126/><G126/><T78/><D78/><U116/><E116/><V82/><F82/><W56/><G56/><AGARI ba="0,0" hai="21,23,51,53,56,79,80,84,95,99,100" m="15435" machi="56" ten="30,1000,0" yaku="8,1" doraHai="11" who="2" fromWho="3" sc="250,0,170,0,340,10,240,-10" /><INIT seed="2,0,0,2,5,94" ten="250,170,350,230" oya="2" hai0="123,105,109,44,73,32,55,96,0,76,103,122,21" hai1="59,25,99,28,34,37,83,8,3,35,97,102,26" hai2="56,104,45,60,121,23,126,85,31,101,64,114,62" hai3="111,110,46,125,6,91,36,13,27,116,117,10,87"/><V72/><F121/><W106/><G106/><T18/><D32/><U14/><E37/><V124/><F72/><W15/><G125/><N who="2" m="48233" /><F114/><W65/><G65/><T89/><D0/><U92/><E83/><V29/><F45/><W81/><G27/><T38/><D109/><N who="3" m="41481" /><G15/><T68/><D68/><U39/><E39/><V2/><F2/><W127/><G127/><T43/><D55/><U128/><E128/><V12/><F12/><W61/><G61/><T80/><REACH who="0" step="1"/><D89/><REACH who="0" ten="240,170,350,230" step="2"/><U77/><E77/><V47/><F64/><W51/><G36/><T54/><D54/><AGARI ba="0,1" hai="6,10,13,46,51,54,81,87,91,116,117" m="41481" machi="54" ten="30,1000,0" yaku="14,1" doraHai="94" who="3" fromWho="0" sc="240,-10,170,0,350,0,230,20" /><INIT seed="3,0,0,5,1,100" ten="230,170,350,250" oya="3" hai0="45,119,126,113,85,15,55,71,19,107,105,70,42" hai1="67,81,62,58,84,43,44,95,60,50,9,59,61" hai2="130,76,14,87,115,27,52,86,75,0,117,89,34" hai3="16,11,127,82,132,72,1,131,38,98,51,66,54"/><W93/><G38/><T80/><D119/><U135/><E95/><V64/><F117/><W10/><G127/><T69/><D113/><U68/><E9/><V53/><F115/><W103/><G132/><T125/><D55/><U109/><E81/><V57/><F0/><W6/><G131/><T128/><D128/><U99/><E99/><V33/><F130/><W116/><G66/><T36/><D125/><U88/><E135/><V83/><F75/><W111/><G111/><T41/><D41/><U29/><E29/><V121/><F121/><W94/><G116/><T108/><D108/><U30/><E30/><V104/><F104/><W114/><G114/><T134/><D134/><U101/><E101/><V23/><F14/><N who="3" m="7255" /><G72/><T73/><D73/><U92/><E109/><V77/><F77/><W40/><G82/><T124/><D126/><U21/><E21/><V17/><F33/><W78/><G78/><T2/><D2/><U122/><E122/><V96/><F96/><W22/><G40/><T129/><D129/><U97/><E97/><V37/><F37/><W65/><G22/><T26/><D26/><U12/><E12/><V110/><F110/><W25/><G25/><T7/><D7/><U118/><E118/><V13/><F13/><W63/><G65/><T120/><D120/><U112/><E112/><V3/><F34/><W49/><G63/><T31/><D31/><U102/><E102/><V56/><F3/><W106/><G51/><T90/><REACH who="0" step="1"/><D124/><REACH who="0" ten="220,170,350,250" step="2"/><U28/><E28/><V133/><F133/><W46/><G54/><N who="2" m="21097" /><F64/><W74/><G74/><T79/><D79/><RYUUKYOKU ba="0,1" sc="220,0,170,0,350,0,250,0" hai0="15,19,36,42,45,69,70,71,80,85,90,105,107" hai1="43,44,50,58,59,60,61,62,67,68,84,88,92" hai2="17,23,27,56,57,76,83,86,87,89" hai3="1,6,11,46,49,93,94,98,103,106" /><INIT seed="3,1,1,3,1,122" ten="220,170,350,250" oya="3" hai0="41,105,94,98,117,72,95,5,48,11,30,101,9" hai1="109,28,120,36,25,112,125,116,114,34,20,135,96" hai2="83,55,22,103,33,102,99,59,49,8,44,111,132" hai3="113,133,60,67,16,129,106,115,57,23,127,12,75"/><W78/><G106/><T126/><D117/><U81/><E36/><V37/><F33/><W0/><G0/><T52/><D126/><U77/><E96/><V15/><F132/><W66/><G127/><T130/><D72/><U108/><E125/><V97/><F22/><W38/><G38/><T87/><D130/><U18/><E120/><V118/><F118/><W121/><G121/><T73/><D73/><U68/><E68/><V1/><F1/><W107/><G107/><T100/><D41/><U13/><E116/><V32/><F32/><W65/><G133/><T119/><D119/><U19/><E135/><V131/><F131/><W134/><G134/><T82/><D30/><U56/><E56/><V40/><F83/><W80/><REACH who="3" step="1"/><G129/><REACH who="3" ten="220,170,350,240" step="2"/><T51/><D105/><U35/><E77/><V2/><F2/><W123/><G123/><T31/><D31/><U86/><E81/><V124/><F124/><W7/><G7/><T74/><D5/><U24/><E86/><V29/><F29/><W21/><G21/><T110/><D74/><U84/><E84/><V58/><F99/><W79/><G79/><T92/><D82/><U47/><E35/><V71/><F97/><W76/><G76/><T128/><D87/><U46/><E47/><V10/><F37/><W53/><AGARI ba="1,2" hai="12,16,23,53,57,60,65,66,67,75,78,80,113,115" machi="53" ten="30,6000,0" yaku="1,1,0,1,54,1,53,0" doraHai="122" doraHaiUra="39" who="3" fromWho="3" sc="220,-21,170,-21,350,-21,240,83" /><INIT seed="3,2,0,1,1,3" ten="199,149,329,323" oya="3" hai0="115,24,86,4,127,17,7,29,46,65,16,19,111" hai1="131,124,102,122,101,92,93,84,108,53,27,128,100" hai2="97,121,87,77,66,64,88,18,34,120,37,73,94" hai3="41,98,85,60,78,61,82,45,36,31,48,50,6"/><W113/><G113/><T5/><D111/><U105/><E27/><V71/><F37/><W112/><G112/><T126/><D115/><U68/><E68/><V109/><F34/><W33/><G33/><N who="0" m="20647" /><D65/><U125/><E53/><V11/><F109/><W44/><G31/><T134/><D46/><U106/><E108/><V76/><F66/><W135/><G135/><T72/><D72/><U75/><E84/><V81/><F76/><W129/><G129/><N who="1" m="49738" /><E75/><V26/><F64/><W40/><G36/><T99/><D99/><U32/><E32/><V8/><F71/><W96/><G6/><T52/><D52/><U30/><E30/><V83/><F26/><W12/><G12/><T10/><D86/><U79/><E79/><N who="2" m="44271" /><F18/><N who="0" m="7274" /><D134/><U55/><E55/><V43/><F43/><W118/><G118/><T22/><D10/><U104/><E122/><N who="2" m="47211" /><F11/><W49/><G49/><T1/><D1/><U21/><E21/><V20/><F8/><W23/><G23/><AGARI ba="2,0" hai="20,23,77,83,87,88,94,97" m="47211,44271" machi="23" ten="30,2000,0" yaku="13,1,54,1" doraHai="3" who="2" fromWho="3" sc="199,0,149,0,329,26,323,-26" /><INIT seed="4,0,0,4,3,77" ten="199,149,355,297" oya="0" hai0="69,36,91,38,85,124,48,44,49,35,90,5,93" hai1="86,132,57,133,17,97,9,60,72,99,4,34,62" hai2="102,92,61,7,26,117,43,101,1,53,76,131,110" hai3="81,45,31,121,40,74,2,112,30,65,123,47,95"/><T18/><D35/><U39/><E72/><V103/><F110/><W58/><G2/><T127/><D69/><U8/><E39/><V6/><F131/><W29/><G112/><T111/><D5/><U128/><E34/><V78/><F117/><W80/><G95/><T126/><D111/><U25/><E62/><V125/><F125/><W129/><G129/><T79/><D79/><N who="2" m="30250" /><F1/><W113/><G113/><T67/><D67/><U88/><E128/><V82/><F82/><N who="3" m="31851" /><G74/><T119/><D91/><U63/><E63/><V100/><F43/><W71/><G71/><T134/><D134/><N who="1" m="51819" /><E25/><V104/><F104/><W19/><G19/><T56/><D119/><U73/><E17/><V68/><F68/><W3/><G3/><T37/><D18/><U14/><E9/><V94/><F100/><W64/><G58/><T12/><D12/><U109/><E109/><V118/><F26/><W75/><G75/><T0/><D0/><U107/><E107/><V11/><F118/><W66/><G40/><T106/><D106/><U54/><E73/><V20/><F20/><W98/><G98/><T23/><D56/><U10/><E8/><V83/><F11/><W115/><G115/><T32/><D32/><U108/><E108/><V114/><F114/><W87/><G87/><T130/><D130/><U28/><E28/><N who="3" m="7170" /><W50/><DORA hai="122" /><G50/><N who="0" m="19563" /><D23/><U120/><E120/><AGARI ba="0,0" hai="45,47,64,65,66,120,121,123" m="7170,31851" machi="120" ten="40,12000,2" yaku="28,2,13,1,52,3" doraHai="77,122" who="3" fromWho="1" sc="199,0,149,-120,355,0,297,120" /><INIT seed="5,0,0,3,1,116" ten="199,29,355,417" oya="1" hai0="73,10,41,103,127,61,96,124,24,9,29,86,11" hai1="126,113,48,81,84,1,131,107,91,23,3,2,125" hai2="63,47,120,31,97,18,19,134,119,80,108,51,132" hai3="62,104,135,78,38,0,53,89,56,115,16,28,133"/><U87/><E113/><V5/><F119/><W74/><G115/><T85/><D73/><U49/><E107/><V88/><F108/><W44/><G104/><T45/><D61/><U20/><E131/><V39/><F39/><W95/><G0/><T77/><D103/><U117/><E117/><V67/><F31/><W43/><G28/><T129/><D96/><U36/><E36/><V121/><F5/><W42/><G74/><T123/><D129/><U7/><E7/><V66/><F63/><W34/><G78/><T118/><D118/><U57/><E57/><V4/><F4/><W105/><G34/><T25/><D123/><N who="2" m="47178" /><F80/><W37/><G105/><T112/><D112/><U60/><E60/><V65/><F88/><W94/><G16/><N who="2" m="6185" /><F97/><W72/><G72/><T69/><D69/><U99/><E99/><V68/><F68/><W101/><G101/><T100/><D100/><U52/><E52/><V114/><F114/><W90/><G90/><T50/><D77/><U64/><E64/><V128/><F128/><W12/><G12/><T32/><D25/><U122/><E122/><V58/><F58/><W102/><G102/><T21/><D32/><U109/><E109/><V8/><F8/><W79/><G79/><T71/><D71/><U106/><E106/><V110/><F110/><W40/><G40/><T26/><D26/><U75/><E75/><V13/><F13/><W46/><G95/><T76/><D76/><U59/><E59/><V17/><F17/><W70/><G70/><T33/><D33/><U6/><E1/><V55/><F65/><W111/><G111/><RYUUKYOKU ba="0,0" sc="199,10,29,-30,355,10,417,10" hai0="9,10,11,21,24,29,41,45,50,85,86,124,127" hai2="47,51,55,66,67,132,134" hai3="37,38,42,43,44,46,53,56,62,89,94,133,135" owari="209,-19.0,-1,-50.0,365,17.0,427,52.0" /></mjloggm>