<mjloggm ver="2.3"><GO type="169" lobby="0"/><UN n0="%7A%68%6B%64%73%68%67%79" n1="%E3%82%A6%E3%83%AB%E3%83%88%E3%83%A9%E7%AB%8B%E7%9B%B4" n2="%E3%82%B3%E3%83%BC%E3%83%A9%E4%B8%8B%E3%81%95%E3%81%84" n3="%41%79%65%73%68%61" dan="16,16,16,16" rate="2081.01,2104.66,2165.38,2174.50" sx="M,M,M,F"/><TAIKYOKU oya="0"/><INIT seed="0,0,0,5,1,88" ten="250,250,250,250" oya="0" hai0="115,123,0,124,59,39,77,66,131,97,85,47,24" hai1="101,134,108,2,9,120,10,70,83,82,23,3,6" hai2="22,122,75,54,13,46,32,98,79,58,52,37,87" hai3="61,114,95,29,89,7,45,125,86,94,111,31,64"/><T72/><D123/><U90/><E120/><V121/><F32/><W20/><G114/><T65/><D115/><U28/><E70/><V57/><F75/><W53/><G111/><T100/><D124/><U105/><E108/><V103/><F37/><W63/><G125/><T130/><D0/><U55/><E134/><V21/><F46/><W126/><G126/><T5/><D5/><U117/><E117/><V99/><F79/><W74/><G74/><T112/><D112/><U38/><E38/><V48/><F87/><W25/><G7/><T81/><D24/><U56/><E101/><V73/><F73/><W80/><G31/><T132/><D132/><U133/><E105/><V60/><F98/><W109/><G109/><T104/><D72/><U49/><E133/><V92/><F21/><W78/><G64/><T44/><D65/><U93/><E2/><V43/><F43/><W110/><G110/><T51/><D39/><U67/><E67/><V76/><F76/><W91/><G78/><T84/><D84/><U50/><E10/><V34/><F34/><W1/><G1/><T41/><REACH who="0" step="1"/><D47/><REACH who="0" ten="240,250,250,250" step="2"/><U8/><E6/><V18/><AGARI ba="0,1" hai="13,18,22,48,52,54,57,58,60,92,99,103,121,122" machi="18" ten="30,4000,0" yaku="0,1,52,1,54,1" doraHai="88" who="2" fromWho="2" sc="240,-20,250,-10,250,50,250,-10" /><INIT seed="1,0,0,4,1,41" ten="220,240,300,240" oya="1" hai0="7,51,14,36,88,101,56,80,115,2,22,105,49" hai1="44,5,65,84,96,57,85,125,120,48,0,24,119" hai2="55,94,112,75,118,47,74,117,32,61,27,102,66" hai3="99,91,97,50,21,3,87,76,64,58,71,34,33"/><U16/><E120/><V63/><F112/><W69/><G3/><T15/><D115/><U128/><E119/><V40/><F55/><W19/><G76/><T89/><D36/><U17/><E125/><V59/><F63/><W38/><G38/><T90/><D2/><U79/><E128/><V11/><F11/><W82/><G71/><T39/><D39/><U25/><E96/><V10/><F102/><W29/><G69/><T92/><D80/><N who="1" m="47135" /><E85/><V42/><F42/><W62/><G34/><T4/><D105/><U123/><E5/><N who="0" m="2121" /><D56/><U54/><E123/><V78/><F10/><W26/><G50/><N who="0" m="18955" /><D22/><U81/><E25/><AGARI ba="0,0" hai="19,21,25,26,29,33,58,62,64,82,87,91,97,99" machi="25" ten="30,1000,0" yaku="7,1" doraHai="41" who="3" fromWho="1" sc="220,0,240,-10,300,0,240,10" /><INIT seed="2,0,0,1,3,19" ten="220,230,300,250" oya="2" hai0="105,5,108,112,126,42,78,8,134,12,26,38,51" hai1="133,104,110,53,90,131,24,48,3,40,4,62,55" hai2="46,117,101,64,13,0,102,116,79,94,74,59,121" hai3="54,129,76,43,70,66,77,97,68,33,95,118,25"/><V28/><F0/><W128/><G118/><T122/><D122/><U34/><E104/><V49/><F121/><W89/><G43/><T132/><D112/><U83/><E110/><V100/><F28/><N who="3" m="19599" /><G54/><T9/><D108/><U120/><E40/><V30/><F30/><W115/><G115/><T82/><D126/><U98/><E4/><V11/><F94/><W18/><G18/><T15/><D105/><U56/><E3/><V106/><F106/><W20/><G20/><T75/><D38/><U23/><E120/><V35/><F35/><W29/><G29/><T36/><D36/><U14/><E14/><V31/><F31/><W63/><G68/><T93/><D93/><U123/><E34/><V41/><F79/><W85/><G85/><T81/><D81/><U27/><E27/><V80/><F80/><W92/><G95/><T37/><D37/><U45/><E123/><V21/><F74/><W125/><G125/><T44/><REACH who="0" step="1"/><D26/><REACH who="0" ten="210,230,300,250" step="2"/><U88/><E131/><AGARI ba="0,1" hai="63,66,70,76,77,89,92,97,128,129,131" m="19599" machi="131" ten="30,1000,0" yaku="19,1" doraHai="19" who="3" fromWho="1" sc="210,0,230,-10,300,0,250,20" /><INIT seed="3,0,0,2,2,66" ten="210,220,300,270" oya="3" hai0="127,59,19,133,119,121,101,53,128,88,70,50,89" hai1="40,13,96,93,112,76,110,132,106,26,27,7,111" hai2="134,37,72,102,28,23,36,9,11,131,20,56,91" hai3="108,62,86,113,73,120,49,65,125,18,85,109,16"/><W83/><G120/><T39/><D121/><U52/><E106/><V84/><F72/><W35/><G113/><T21/><D119/><U8/><E112/><V24/><F131/><W58/><G125/><T115/><D115/><U80/><E132/><V123/><F134/><W105/><G35/><T34/><D133/><U116/><E40/><V97/><F123/><W103/><G105/><T79/><D127/><U6/><E6/><V82/><F37/><W69/><G103/><T0/><D128/><U130/><E130/><V54/><F23/><W57/><G73/><T10/><D39/><U98/><E116/><V46/><F46/><W99/><G99/><T63/><D101/><U12/><E12/><V92/><REACH who="2" step="1"/><F36/><REACH who="2" ten="210,220,290,270" step="2"/><W126/><G126/><T87/><D34/><U55/><E111/><N who="3" m="42570" /><G86/><T45/><D87/><U15/><E110/><V43/><F43/><W75/><G75/><T41/><D41/><U95/><E98/><V71/><F71/><W81/><G81/><T30/><D70/><U114/><E96/><V129/><F129/><W100/><G100/><T22/><D45/><U33/><E80/><V51/><AGARI ba="0,1" hai="9,11,20,24,28,51,54,56,82,84,91,92,97,102" machi="51" ten="20,5200,0" yaku="1,1,0,1,7,1,8,1,53,0" doraHai="66" doraHaiUra="60" who="2" fromWho="2" sc="210,-13,220,-13,290,62,270,-26" /><INIT seed="4,0,0,5,4,77" ten="197,207,352,244" oya="0" hai0="128,12,124,9,129,73,67,113,71,121,122,134,92" hai1="36,51,29,59,25,106,107,105,3,135,23,118,33" hai2="32,4,18,70,56,119,109,120,97,19,68,82,13" hai3="49,35,89,95,30,85,110,63,52,41,104,84,47"/><T48/><D73/><U26/><E118/><V5/><F109/><W79/><G104/><T123/><D92/><U37/><E3/><V50/><F32/><W111/><G30/><T108/><D108/><U61/><E51/><V55/><F120/><W28/><G35/><T31/><D31/><U91/><E91/><V65/><F70/><W27/><G27/><T88/><D88/><U94/><E94/><V10/><F68/><W117/><G28/><T112/><D124/><U115/><E135/><V22/><F65/><W90/><G79/><T39/><D39/><U34/><E115/><N who="0" m="44105" /><D134/><U83/><E33/><V17/><F5/><W78/><G78/><T66/><D48/><U64/><REACH who="1" step="1"/><E83/><REACH who="1" ten="197,197,352,244" step="2"/><V130/><F82/><W40/><G117/><T0/><D0/><U42/><E42/><V62/><F119/><W72/><G72/><T93/><D93/><U133/><E133/><V21/><F50/><W76/><G76/><T16/><D71/><U44/><E44/><V15/><F97/><W114/><G114/><T14/><D14/><U8/><E8/><N who="2" m="4231" /><F130/><AGARI ba="0,1" hai="9,12,16,66,67,121,122,123,128,129,130" m="44105" machi="130" ten="40,7700,0" yaku="19,1,15,1,54,1" doraHai="77" who="0" fromWho="2" sc="197,87,197,0,352,-77,244,0" /><INIT seed="4,1,0,5,4,28" ten="284,197,275,244" oya="0" hai0="7,47,32,106,23,38,102,22,86,20,65,67,129" hai1="6,114,119,37,128,4,33,110,91,88,107,93,90" hai2="55,132,14,54,0,59,104,73,94,29,48,92,133" hai3="130,111,27,10,80,39,135,70,13,81,31,134,96"/><T82/><D129/><U58/><E107/><V49/><F0/><W66/><G39/><T11/><D32/><U45/><E119/><V16/><F104/><W121/><G130/><T12/><D102/><U8/><E128/><V108/><F29/><W85/><G111/><T44/><D106/><U15/><E110/><V105/><F105/><W95/><G121/><T131/><D131/><U2/><E114/><V9/><F73/><W97/><G66/><N who="0" m="25099" /><D38/><U115/><E115/><V62/><F62/><W101/><G70/><T64/><N who="0" m="25107" /><T71/><DORA hai="117" /><D71/><U75/><E75/><V1/><F1/><W30/><G96/><T50/><D50/><U122/><E122/><V109/><F109/><W125/><G125/><T79/><AGARI ba="1,0" hai="7,11,12,20,22,23,44,47,79,82,86" m="25107" machi="79" ten="40,2100,0" yaku="8,1" doraHai="28,117" who="0" fromWho="0" sc="284,24,197,-8,275,-8,244,-8" /><INIT seed="4,2,0,4,2,58" ten="308,189,267,236" oya="0" hai0="86,25,51,30,119,94,73,63,99,18,81,108,19" hai1="133,65,3,129,38,103,69,56,87,28,52,8,34" hai2="48,16,77,55,46,60,14,92,75,0,32,43,44" hai3="79,82,122,2,107,100,72,110,90,29,70,36,109"/><T135/><D119/><U93/><E129/><V97/><F0/><W41/><G70/><T114/><D114/><U91/><E133/><V5/><F32/><W47/><G29/><T126/><D126/><U74/><E74/><V21/><F75/><W120/><G90/><T11/><D135/><U83/><E38/><V76/><F5/><W127/><G127/><T15/><D108/><N who="3" m="41577" /><G2/><T116/><D116/><U66/><E69/><V95/><F95/><W1/><G1/><T104/><D104/><U27/><E3/><V50/><REACH who="2" step="1"/><F60/><REACH who="2" ten="308,189,257,236" step="2"/><W53/><G107/><T112/><D73/><U42/><E93/><V20/><F20/><W40/><G120/><T64/><D112/><U113/><E113/><V37/><F37/><W80/><G122/><T134/><D134/><U102/><E8/><V106/><F106/><W111/><G111/><T125/><D125/><U118/><E118/><V57/><F57/><W6/><G36/><T124/><D124/><U39/><E102/><AGARI ba="2,1" hai="14,16,21,43,44,46,48,50,55,76,77,92,97,102" machi="102" ten="30,8000,1" yaku="1,1,7,1,8,1,54,1,53,1" doraHai="58" doraHaiUra="88" who="2" fromWho="1" sc="308,0,189,-86,257,96,236,0" /><INIT seed="5,0,0,3,2,84" ten="308,103,353,236" oya="1" hai0="61,82,0,11,89,14,28,57,93,9,94,71,107" hai1="130,106,123,134,121,49,59,56,133,10,42,31,21" hai2="119,98,128,127,91,35,55,120,50,41,118,30,96" hai3="83,43,126,45,113,62,1,36,105,108,52,87,124"/><U73/><E73/><V114/><F120/><W29/><G113/><T46/><D107/><U70/><E106/><V81/><F41/><W78/><G108/><T112/><D71/><U16/><E70/><V18/><F30/><W75/><G1/><T85/><D112/><U64/><E130/><V117/><F35/><W6/><G105/><T103/><D0/><U101/><E101/><V68/><F68/><W51/><G6/><T77/><D28/><U3/><E31/><V38/><F38/><W22/><G62/><T60/><D61/><N who="1" m="37927" /><E3/><V5/><F5/><W2/><G2/><T19/><D103/><U131/><E10/><V125/><F114/><W76/><G29/><T20/><D46/><N who="1" m="25815" /><E59/><V86/><F128/><W104/><G104/><T72/><REACH who="0" step="1"/><D94/><REACH who="0" ten="298,103,353,236" step="2"/><U110/><E110/><V63/><F63/><W13/><G124/><T17/><D17/><U7/><E7/><V54/><F18/><W39/><G126/><N who="2" m="48137" /><F55/><AGARI ba="0,1" hai="9,11,14,19,20,55,57,60,72,77,82,85,89,93" machi="55" ten="30,3900,0" yaku="1,1,7,1,52,1,53,0" doraHai="84" doraHaiUra="129" who="0" fromWho="2" sc="298,49,103,0,353,-39,236,0" /><INIT seed="6,0,0,1,5,79" ten="347,103,314,236" oya="2" hai0="113,74,133,52,128,50,58,126,82,28,114,98,39" hai1="89,124,106,94,11,135,34,54,131,105,7,86,32" hai2="10,84,37,9,60,45,53,99,95,117,103,96,19" hai3="100,47,22,2,69,73,23,66,111,63,0,116,102"/><V80/><F117/><W42/><G116/><T21/><D39/><U108/><E108/><V97/><F37/><W29/><G111/><T40/><D40/><U18/><E124/><V61/><F96/><W70/><G73/><T31/><D126/><U4/><E131/><V46/><F97/><W51/><G70/><T43/><D128/><U75/><E75/><V72/><F72/><W20/><REACH who="3" step="1"/><G29/><REACH who="3" ten="347,103,314,226" step="2"/><T129/><D28/><U123/><E123/><V8/><F19/><W57/><G57/><T1/><D129/><U13/><E135/><V6/><F6/><W134/><G134/><T71/><D31/><U130/><E130/><V104/><F104/><W49/><G49/><T112/><D133/><U38/><E38/><V27/><F27/><W77/><G77/><N who="0" m="44343" /><D71/><U68/><E68/><V25/><F25/><W83/><G83/><T67/><D113/><U62/><E106/><V107/><F107/><W109/><G109/><T88/><D114/><U5/><E105/><V12/><F12/><W33/><G33/><T92/><D112/><U101/><E34/><V91/><F46/><W93/><G93/><T41/><D92/><U78/><E32/><V56/><F45/><W48/><G48/><AGARI ba="0,1" hai="8,9,10,48,53,56,60,61,80,84,91,95,99,103" machi="48" ten="40,3900,0" yaku="8,1,52,1" doraHai="79" who="2" fromWho="3" sc="347,0,103,0,314,49,226,-39" /><INIT seed="6,1,0,3,1,66" ten="347,103,363,187" oya="2" hai0="88,97,107,7,72,85,133,58,121,50,20,70,93" hai1="17,25,13,104,68,23,45,1,94,118,0,116,11" hai2="115,60,73,87,21,123,135,22,111,52,43,40,90" hai3="124,12,95,117,126,76,131,102,19,114,100,80,108"/><V30/><F73/><W134/><G114/><T82/><D121/><U69/><E104/><V29/><F123/><W62/><G117/><T130/><D133/><U119/><E94/><V28/><F115/><W8/><G134/><T51/><D130/><U74/><E74/><V16/><F111/><W38/><G131/><T3/><D70/><U49/><E0/><V65/><F22/><W71/><G108/><T6/><D3/><U75/><E1/><V26/><F135/><W81/><G38/><T113/><D113/><U103/><E103/><N who="3" m="39466" /><G95/><T32/><D32/><U47/><E75/><V105/><F105/><W91/><G91/><N who="0" m="55487" /><D72/><U15/><E15/><V41/><F52/><W39/><G39/><T120/><D120/><U122/><E122/><V112/><F112/><W128/><G128/><T129/><D129/><U125/><E125/><N who="3" m="48234" /><G76/><T35/><D107/><U24/><E24/><V36/><F36/><W34/><G34/><T132/><D35/><U48/><E47/><V86/><REACH who="2" step="1"/><F90/><REACH who="2" ten="347,103,353,187" step="2"/><W63/><G8/><T42/><D132/><U14/><E48/><V5/><F5/><W96/><G62/><T56/><D20/><U46/><E46/><V18/><F18/><W33/><G33/><T106/><D106/><U64/><E64/><V4/><F4/><N who="0" m="1578" /><D51/><U37/><E37/><V101/><F101/><W79/><G63/><T55/><D42/><U31/><REACH who="1" step="1"/><E13/><REACH who="1" ten="347,93,353,187" step="2"/><V83/><F83/><W89/><G80/><T2/><D2/><U92/><E92/><V54/><F54/><AGARI ba="1,2" hai="11,14,17,23,25,31,45,49,54,68,69,116,118,119" machi="54" ten="40,5200,0" yaku="1,1,52,2,53,0" doraHai="66" doraHaiUra="78" who="1" fromWho="2" sc="347,0,93,75,353,-55,187,0" /><INIT seed="7,0,0,1,1,103" ten="347,168,298,187" oya="3" hai0="126,59,71,77,55,7,132,78,130,70,8,19,81" hai1="135,67,128,91,102,14,52,54,28,109,63,101,124" hai2="125,24,121,25,108,22,49,23,13,4,120,0,89" hai3="16,3,53,29,48,110,20,79,33,21,97,86,6"/><W94/><G110/><T129/><D126/><U47/><E109/><V115/><F89/><W45/><G33/><T1/><D19/><U107/><E124/><V84/><F84/><W34/><G34/><T5/><D5/><U61/><E107/><V88/><F88/><N who="3" m="55495" /><G3/><T46/><D46/><U42/><E128/><N who="0" m="49257" /><D132/><U62/><E135/><V37/><F49/><W2/><G2/><T31/><D31/><U114/><E114/><V111/><F37/><W50/><G29/><T26/><D26/><U83/><E67/><V66/><F66/><W69/><G6/><T41/><D41/><U106/><E106/><V113/><F0/><W65/><G69/><N who="0" m="26123" /><D81/><U85/><E28/><V10/><F125/><W133/><G133/><T27/><D27/><N who="2" m="10314" /><F108/><W98/><G16/><T104/><D104/><U73/><E73/><V40/><F111/><W127/><G127/><T90/><D90/><U96/><E14/><V36/><F36/><W17/><G98/><T35/><D35/><U11/><E11/><V56/><F40/><N who="3" m="24615" /><G65/><T80/><D80/><U99/><E99/><V95/><F95/><W82/><G17/><T74/><D74/><U100/><REACH who="1" step="1"/><E96/><REACH who="1" ten="347,158,298,187" step="2"/><V51/><F113/><W72/><G72/><T123/><D1/><U9/><E9/><V92/><F115/><W93/><G93/><T117/><D8/><U30/><E30/><V134/><F92/><W75/><G75/><T118/><D7/><U131/><E131/><V58/><F134/><W105/><G105/><T116/><D116/><U15/><E15/><V43/><F22/><W57/><AGARI ba="0,1" hai="20,21,50,53,57,79,82,86" m="24615,55495" machi="57" ten="30,3000,0" yaku="8,1,54,1" doraHai="103" who="3" fromWho="3" sc="347,-10,158,-10,298,-10,187,40" /><INIT seed="7,1,0,1,0,113" ten="337,148,288,227" oya="3" hai0="26,132,117,12,18,59,9,92,128,42,108,122,94" hai1="134,21,23,121,91,49,36,63,118,127,84,102,50" hai2="64,126,100,111,6,19,0,85,103,97,73,10,5" hai3="79,96,101,62,32,35,13,124,99,51,69,29,33"/><W15/><G124/><T54/><D117/><U20/><E121/><V109/><F73/><W105/><G79/><T110/><D122/><U57/><E127/><V80/><F126/><W67/><G96/><T17/><D128/><U25/><E36/><V14/><F64/><W7/><G7/><T30/><D132/><U114/><E114/><V58/><F58/><W2/><G2/><T24/><D42/><U31/><E134/><V133/><F6/><W66/><G66/><T44/><D110/><U39/><E39/><V98/><F98/><W82/><G82/><T90/><D108/><U119/><E102/><V71/><F71/><W86/><G86/><N who="0" m="52311" /><D30/><U123/><E123/><V34/><F34/><N who="3" m="13419" /><G51/><N who="1" m="19466" /><E84/><V28/><F28/><W130/><G130/><T55/><D94/><U125/><E91/><V16/><F100/><W104/><G104/><T3/><D3/><U78/><E78/><V81/><F81/><W107/><G107/><T47/><D55/><N who="1" m="34239" /><E125/><V87/><F87/><W53/><G53/><T61/><D18/><N who="2" m="6698" /><F0/><W43/><G43/><T56/><D56/><U106/><E106/><V60/><F60/><W40/><G40/><T89/><D89/><U4/><E4/><V70/><F70/><W115/><G115/><T1/><D1/><U95/><E95/><N who="2" m="58815" /><F133/><W93/><G93/><T27/><AGARI ba="1,0" hai="9,12,17,24,26,27,44,47,54,59,61" m="52311" machi="27" ten="30,1100,0" yaku="8,1" doraHai="113" who="0" fromWho="0" sc="337,14,148,-4,288,-4,227,-6" owari="351,46.0,144,-36.0,284,8.0,221,-18.0" /></mjloggm>