<mjloggm ver="2.3"><GO type="97" lobby="0"/><UN n0="%E3%82%8F%E3%81%93%E3%81%A4%E3%81%A7%E3%81%99%E3%81%AE%EF%BD%9E" n1="%41%6F%79%61%67%69%5F%39" n2="%E3%82%B1%E3%82%A4%E3%83%88" n3="%E5%B0%B1%E6%B4%BB%E7%94%9F%40%E5%B7%9D%E6%9D%91%E8%BB%8D%E5%9B%A3" dan="13,13,13,14" rate="1836.15,1884.35,1928.46,1996.35" sx="M,M,M,M"/><TAIKYOKU oya="0"/><INIT seed="0,0,0,0,3,4" ten="250,250,250,250" oya="0" hai0="57,127,87,12,1,10,131,0,36,104,97,117,121" hai1="38,33,64,82,109,75,79,9,120,54,74,70,73" hai2="114,15,101,60,16,50,99,96,67,66,94,39,68" hai3="7,59,90,113,18,19,132,47,95,80,69,84,46"/><T42/><D117/><U45/><E120/><V122/><F39/><W133/><G69/><T53/><D121/><U105/><E109/><V76/><F122/><W124/><G113/><T123/><D123/><U24/><E54/><V25/><F114/><W98/><G124/><T26/><D127/><U111/><E111/><V43/><F76/><W55/><G7/><T20/><D87/><U52/><E105/><V63/><F25/><W118/><G118/><T40/><D36/><U128/><E128/><V93/><F50/><W102/><G133/><T5/><D131/><U2/><E52/><V6/><F6/><W91/><G132/><T56/><D56/><U21/><E21/><V116/><F43/><W11/><G102/><T89/><D104/><U77/><E77/><V61/><F116/><W17/><REACH who="3" step="1"/><G11/><REACH who="3" ten="250,250,250,240" step="2"/><T100/><D100/><U14/><E2/><V115/><F68/><W108/><G108/><T112/><D112/><U134/><E134/><V71/><F71/><W103/><G103/><T32/><D1/><U31/><E70/><V13/><F115/><W35/><G35/><T106/><D0/><U27/><E33/><V126/><F126/><W62/><AGARI ba="0,1" hai="17,18,19,46,47,55,59,62,80,84,90,91,95,98" machi="62" ten="30,4000,0" yaku="1,1,0,1,8,1,53,0" doraHai="4" doraHaiUra="107" who="3" fromWho="3" sc="250,-20,250,-10,250,-10,240,50" /><INIT seed="1,0,0,4,4,69" ten="230,240,240,290" oya="1" hai0="49,68,60,32,5,41,47,112,125,82,81,104,42" hai1="120,28,94,80,34,115,103,102,87,66,8,133,67" hai2="27,25,38,93,45,13,9,51,123,65,108,129,106" hai3="46,19,72,30,24,36,70,39,10,57,29,26,85"/><U92/><E120/><V101/><F123/><W117/><G70/><T83/><D104/><U109/><E115/><V100/><F106/><W17/><G72/><T113/><D125/><U121/><E121/><V18/><F108/><W62/><G117/><T96/><D96/><U119/><E119/><V105/><F105/><W130/><G130/><T89/><D32/><U77/><E34/><V132/><F132/><W48/><G85/><T40/><D5/><U111/><E28/><V21/><F129/><W7/><G26/><T97/><D68/><U116/><E8/><V63/><F38/><W58/><G29/><T11/><D11/><U14/><E14/><V74/><F74/><W126/><G126/><T128/><D128/><U107/><E107/><V71/><F93/><N who="1" m="35945" /><E116/><V90/><F90/><W95/><G17/><T122/><D122/><U110/><E133/><V135/><F27/><W43/><G19/><T64/><D97/><U124/><E124/><V56/><F71/><W20/><G95/><T23/><D23/><U12/><E12/><V52/><REACH who="2" step="1"/><F135/><REACH who="2" ten="230,240,230,290" step="2"/><W54/><G58/><N who="0" m="36887" /><D89/><U88/><E77/><V76/><F76/><W3/><AGARI ba="0,1" hai="3,7,10,20,24,30,36,39,43,46,48,54,57,62" machi="3" ten="20,5200,0" yaku="0,1,7,1,52,2" doraHai="69" who="3" fromWho="3" sc="230,-13,240,-26,230,-13,290,62" /><INIT seed="2,0,0,3,4,90" ten="217,214,217,352" oya="2" hai0="42,127,72,58,38,129,51,67,96,119,13,97,50" hai1="31,9,5,48,118,15,14,32,20,95,28,109,105" hai2="10,93,61,111,117,43,29,98,114,81,121,49,47" hai3="94,135,73,39,77,112,87,110,6,126,21,11,54"/><V131/><F121/><W57/><G39/><T78/><D72/><U16/><E105/><V75/><F117/><W40/><G112/><T37/><D119/><U30/><E48/><V2/><F114/><W22/><G126/><T18/><D127/><U116/><E95/><V91/><F131/><W74/><G135/><T0/><D0/><N who="1" m="167" /><E109/><V133/><F133/><W83/><G110/><T122/><D122/><U80/><E80/><V55/><F29/><N who="1" m="11369" /><E118/><V45/><F111/><W106/><G40/><T7/><D129/><U79/><E79/><V99/><F99/><W1/><G106/><T82/><D38/><U71/><E71/><V3/><F10/><W88/><REACH who="3" step="1"/><G74/><REACH who="3" ten="217,214,217,342" step="2"/><T123/><D37/><U66/><E116/><V33/><F75/><W23/><G23/><T53/><D42/><U92/><E92/><V120/><F120/><W134/><G134/><T34/><D123/><U69/><E69/><V64/><F33/><W104/><G104/><T60/><D34/><U108/><E108/><V125/><F125/><W85/><G85/><N who="0" m="48343" /><D67/><U27/><E66/><V17/><F43/><W102/><G102/><T25/><D25/><AGARI ba="0,1" hai="14,15,16,20,25,27,31,32" m="11369,167" machi="25" ten="30,12000,2" yaku="35,5,54,1" doraHai="90" who="1" fromWho="0" sc="217,-120,214,130,217,0,342,0" /><INIT seed="3,0,0,4,1,97" ten="97,344,217,342" oya="3" hai0="17,18,55,65,86,62,125,67,34,3,33,42,47" hai1="63,105,10,48,30,45,72,0,90,57,111,126,133" hai2="110,6,114,117,68,77,60,44,96,101,54,9,16" hai3="75,108,106,112,35,41,71,84,24,78,15,123,107"/><W66/><G123/><T89/><D3/><U28/><E105/><V94/><F117/><W43/><G112/><T27/><D125/><U52/><E72/><V91/><F114/><W61/><G108/><T73/><D73/><U58/><E133/><V74/><F110/><W100/><G15/><T85/><D33/><U135/><E126/><V38/><F68/><W121/><G121/><T102/><D34/><U93/><E111/><V103/><F60/><W53/><G53/><T11/><D11/><U76/><E76/><V40/><F54/><W13/><G13/><T21/><D18/><U80/><E80/><N who="2" m="45111" /><F16/><W129/><G129/><T128/><D128/><U14/><E0/><AGARI ba="0,0" hai="0,6,9,38,40,44,91,94,96,101,103" m="45111" machi="0" ten="30,3900,0" yaku="25,1,52,2" doraHai="97" who="2" fromWho="1" sc="97,0,344,-39,217,39,342,0" owari="97,-40.0,305,11.0,256,-14.0,342,43.0" /></mjloggm>