<mjloggm ver="2.3"><GO type="169" lobby="0"/><UN n0="%E9%A2%A8%E8%BB%8A%E3%81%AE%E7%B5%B5%E7%90%86%E5%AD%90" n1="%E3%81%8F%E3%82%89%E3%81%BF%E3%81%98%E3%81%82" n2="%E3%82%A6%E3%83%AB%E3%83%88%E3%83%A9%E7%AB%8B%E7%9B%B4" n3="%E3%82%B3%E3%83%BC%E3%83%A9%E4%B8%8B%E3%81%95%E3%81%84" dan="16,17,17,16" rate="2073.56,2244.16,2168.02,2160.14" sx="F,M,M,M"/><TAIKYOKU oya="0"/><INIT seed="0,0,0,4,2,75" ten="250,250,250,250" oya="0" hai0="106,107,36,131,58,52,31,16,73,117,28,97,32" hai1="54,110,89,129,11,135,44,109,62,12,27,77,78" hai2="43,67,70,84,50,6,80,112,47,61,91,9,118" hai3="26,39,53,128,66,41,94,45,82,96,122,5,104"/><T95/><D36/><U59/><E129/><V38/><F118/><W10/><G104/><T57/><D73/><U37/><E135/><V60/><F60/><W87/><G128/><T113/><D131/><U65/><E89/><V23/><F23/><W100/><G122/><T1/><D1/><U99/><E99/><V79/><F112/><W125/><G125/><T14/><D113/><U72/><E72/><V35/><F35/><W76/><G66/><T120/><D120/><U88/><E27/><V33/><F33/><W24/><REACH who="3" step="1"/><G53/><REACH who="3" ten="250,250,250,240" step="2"/><T98/><D107/><U8/><E54/><V34/><F34/><W18/><G18/><T71/><D117/><U74/><E109/><V130/><F130/><W85/><G85/><T114/><D114/><U13/><E110/><V17/><F17/><W30/><G30/><T133/><D106/><U4/><E74/><V25/><F67/><W48/><G48/><T126/><D126/><U7/><E37/><V132/><F38/><W123/><G123/><T93/><D32/><U2/><E2/><AGARI ba="0,1" hai="2,5,10,24,26,39,41,45,76,82,87,94,96,100" machi="2" ten="30,3900,0" yaku="1,1,7,1,52,1,53,0" doraHai="75" doraHaiUra="116" who="3" fromWho="1" sc="250,0,250,-39,250,0,240,49" /><INIT seed="1,0,0,0,1,99" ten="250,211,250,289" oya="1" hai0="51,101,102,25,34,7,124,126,55,128,103,22,131" hai1="41,0,64,129,132,14,78,65,53,86,20,130,24" hai2="66,108,106,4,89,58,81,82,59,95,80,77,109" hai3="127,91,21,121,114,100,2,134,97,70,62,15,61"/><U96/><E0/><V105/><F4/><W116/><G2/><T94/><D34/><U3/><E3/><V16/><F66/><W118/><G121/><T45/><D7/><U104/><E41/><V42/><F42/><W107/><G114/><T38/><D38/><U93/><E132/><V113/><F16/><N who="3" m="10399" /><G70/><T76/><D76/><U27/><E104/><V48/><F48/><W49/><G127/><N who="0" m="48683" /><D94/><U83/><E53/><V87/><F113/><W1/><G1/><T10/><D10/><U120/><E120/><V57/><REACH who="2" step="1"/><F77/><REACH who="2" ten="250,211,240,289" step="2"/><W8/><G8/><T72/><D72/><U123/><E123/><V71/><F71/><W54/><G134/><T52/><D55/><U88/><E65/><V117/><F117/><N who="3" m="45163" /><G91/><T125/><D125/><U110/><E64/><V19/><F19/><AGARI ba="0,1" hai="19,22,25,45,51,52,101,102,103,128,131" m="48683" machi="19" ten="30,8000,1" yaku="18,1,52,3,54,1" doraHai="99" who="0" fromWho="2" sc="250,90,211,0,240,-80,289,0" /><INIT seed="2,0,0,1,5,61" ten="340,211,160,289" oya="2" hai0="102,44,21,67,88,84,120,91,36,95,110,34,54" hai1="18,121,111,74,64,2,80,133,51,124,123,3,122" hai2="43,106,68,114,125,65,17,128,19,23,96,29,92" hai3="99,130,38,60,47,135,105,93,4,129,134,83,132"/><V13/><F114/><W87/><G4/><T40/><D34/><U31/><E111/><V59/><F106/><W115/><G115/><T10/><D120/><U15/><E124/><V73/><F73/><W53/><G38/><T57/><D110/><U94/><E133/><V108/><F68/><W119/><G119/><T22/><D102/><U116/><E116/><V98/><F108/><W0/><G0/><T90/><D67/><U11/><E31/><V70/><F70/><W27/><G27/><T118/><D118/><U41/><E94/><V24/><F125/><W104/><G60/><T117/><D117/><U89/><E64/><V58/><F128/><N who="3" m="49259" /><G53/><T66/><D66/><U7/><E7/><V26/><F43/><W32/><G47/><T76/><D10/><U30/><E30/><V48/><F65/><W20/><G20/><T5/><D5/><U126/><E126/><V85/><F48/><W79/><G32/><T100/><D76/><U63/><E63/><V8/><F59/><W52/><G52/><T81/><D100/><AGARI ba="0,0" hai="79,83,87,93,99,100,104,105,132,134,135" m="49259" machi="100" ten="40,8000,1" yaku="20,1,19,1,34,2" doraHai="61" who="3" fromWho="0" sc="340,-80,211,0,160,0,289,80" /><INIT seed="3,0,0,1,1,93" ten="260,211,160,369" oya="3" hai0="134,112,122,54,135,64,61,90,53,47,99,66,0" hai1="67,125,40,12,101,58,105,113,83,81,78,75,27" hai2="39,46,1,103,70,43,74,34,94,73,129,13,84" hai3="11,69,49,119,88,17,118,107,111,50,41,9,35"/><W89/><G69/><T120/><D0/><U24/><E113/><V44/><F70/><W97/><G35/><T8/><D8/><U38/><E125/><V36/><F1/><W31/><G31/><T127/><D90/><U32/><E81/><V6/><F34/><W126/><G126/><T77/><D77/><U16/><E32/><V114/><F114/><W133/><G133/><T121/><D99/><U14/><E14/><V56/><F56/><W45/><G111/><T132/><D112/><U116/><E116/><V28/><F28/><W123/><G123/><T7/><D7/><U37/><E67/><V117/><F117/><W95/><G107/><T55/><D127/><U100/><E58/><V60/><F60/><W104/><G104/><T68/><D47/><U91/><E91/><V65/><F65/><AGARI ba="0,0" hai="53,54,55,61,64,65,66,68,120,121,122,132,134,135" machi="65" ten="60,12000,2" yaku="29,2,20,1,34,3" doraHai="93" who="0" fromWho="2" sc="260,120,211,0,160,-120,369,0" /><INIT seed="4,0,0,0,3,33" ten="380,211,40,369" oya="0" hai0="34,130,118,45,79,8,81,54,62,115,111,124,117" hai1="103,88,35,22,97,41,120,100,85,72,122,68,127" hai2="52,105,46,133,38,109,121,104,53,15,89,101,58" hai3="48,59,123,134,95,125,78,129,5,128,49,20,114"/><T0/><D34/><U26/><E72/><V29/><F109/><W42/><G78/><T64/><D115/><U10/><E35/><V110/><F110/><W11/><G114/><T61/><D111/><U106/><E100/><V31/><F121/><W66/><G125/><T50/><D130/><N who="3" m="50281" /><G134/><T18/><D124/><U23/><E127/><V27/><F133/><W82/><G82/><T36/><D36/><U77/><E68/><V131/><F131/><W86/><G123/><T2/><D118/><U91/><E77/><V3/><F15/><W6/><G6/><T94/><D117/><U55/><E41/><V28/><F27/><W1/><G42/><T92/><D61/><U93/><E91/><V69/><F89/><N who="3" m="53687" /><G20/><T21/><D8/><U43/><E43/><V74/><F74/><W107/><G107/><T19/><D92/><U60/><E10/><V63/><F104/><W116/><G116/><T135/><D94/><U24/><E55/><V13/><F105/><W132/><G132/><T14/><D19/><U57/><E57/><V51/><F69/><W12/><G12/><T76/><D135/><U4/><E60/><AGARI ba="0,0" hai="1,5,11,48,49,59,60,66" m="53687,50281" machi="60" ten="30,2000,0" yaku="19,1,52,1" doraHai="33" who="3" fromWho="1" sc="380,0,211,-20,40,0,369,20" /><INIT seed="5,0,0,2,2,17" ten="380,191,40,389" oya="1" hai0="81,67,62,73,111,70,65,24,68,88,44,2,46" hai1="108,41,109,90,9,129,4,1,103,89,31,125,99" hai2="122,104,64,43,0,27,131,52,82,76,20,117,105" hai3="10,134,34,98,53,60,33,23,95,42,22,69,121"/><U92/><E129/><V124/><F0/><W85/><G121/><T50/><D2/><U126/><E31/><V29/><F122/><W132/><G42/><T40/><D111/><N who="1" m="42571" /><E41/><V54/><F117/><W101/><G10/><T128/><D128/><U120/><E120/><V119/><F119/><W14/><G14/><T16/><D73/><U94/><E94/><V80/><F131/><W57/><G69/><T45/><D70/><U25/><E25/><V35/><F124/><AGARI ba="0,0" hai="1,4,9,89,90,92,99,103,124,125,126" m="42571" machi="124" ten="30,2900,0" yaku="18,1,10,1" doraHai="17" who="1" fromWho="2" sc="380,0,191,29,40,-29,389,0" /><INIT seed="5,1,0,3,0,127" ten="380,220,11,389" oya="1" hai0="109,38,100,42,112,57,2,114,55,91,119,0,20" hai1="62,18,15,78,50,102,103,123,31,41,47,77,19" hai2="124,74,116,118,24,85,121,65,90,110,46,122,10" hai3="97,34,126,1,82,80,48,21,63,13,6,8,54"/><U70/><E123/><V98/><F65/><W101/><G126/><T105/><D109/><U72/><E31/><V106/><F46/><W14/><G34/><T130/><D119/><U7/><E7/><V43/><F43/><W132/><G132/><T16/><D105/><U33/><E33/><V125/><F24/><W29/><G63/><T11/><D100/><U9/><E19/><V131/><F10/><W52/><G54/><T40/><D38/><U44/><E44/><V23/><F23/><W108/><G108/><T30/><D30/><U107/><E107/><V115/><F110/><W79/><G80/><T88/><D55/><U51/><E51/><V22/><F22/><W35/><G35/><T73/><D57/><U133/><E133/><V61/><F61/><W66/><G66/><T96/><D20/><U99/><E99/><V58/><F58/><W60/><G60/><T92/><D96/><U69/><E69/><V117/><F74/><W64/><G64/><T5/><D73/><U68/><E68/><V128/><F115/><W49/><G49/><T67/><D67/><U36/><E36/><V113/><F113/><W95/><G21/><T56/><D56/><U134/><E134/><V84/><F116/><W104/><G104/><T93/><D11/><U111/><E111/><V25/><F106/><W83/><G29/><T129/><D5/><U135/><E135/><V4/><F25/><W27/><G27/><T45/><D45/><U28/><E28/><V94/><F4/><W3/><G3/><T59/><D59/><U76/><E72/><V87/><F118/><RYUUKYOKU ba="1,0" sc="380,15,220,15,11,-15,389,-15" hai0="0,2,16,40,42,88,91,92,93,112,114,129,130" hai1="9,15,18,41,47,50,62,70,76,77,78,102,103" owari="395,49.0,235,-16.0,-4,-50.0,374,17.0" /></mjloggm>