<mjloggm ver="2.3"><GO type="97" lobby="0"/><UN n0="%E3%83%95%E3%82%A7%E3%83%8D%E3%83%83%E3%82%AF" n1="%E9%A7%92%E5%BD%A2%E9%BE%8D" n2="%E3%82%B0%E3%83%AA%E3%82%BB%E3%83%AA%E3%83%B3%E6%9C%AB%E5%BC%9F" n3="%E5%B0%B1%E6%B4%BB%E7%94%9F%40%E5%B7%9D%E6%9D%91%E8%BB%8D%E5%9B%A3" dan="15,13,14,15" rate="2063.20,1894.91,1961.93,2040.40" sx="M,M,M,M"/><TAIKYOKU oya="0"/><INIT seed="0,0,0,3,1,121" ten="250,250,250,250" oya="0" hai0="106,0,71,38,31,112,70,85,89,86,56,98,95" hai1="118,100,110,7,4,19,103,124,35,29,51,64,23" hai2="30,127,72,107,59,73,115,18,80,61,116,36,55" hai3="104,93,74,109,114,128,28,17,77,53,120,58,47"/><T5/><D112/><U81/><E118/><V2/><F116/><W92/><G104/><T34/><D38/><U22/><E35/><V135/><F115/><W44/><G120/><T119/><D119/><U52/><E64/><V90/><F107/><W79/><G114/><T123/><D123/><U37/><E37/><V96/><F36/><W131/><G109/><T130/><D130/><N who="3" m="49705" /><G28/><T12/><D0/><U9/><E124/><V24/><F2/><W129/><G17/><T69/><D106/><U45/><E81/><V134/><F127/><W39/><G129/><T46/><D46/><N who="3" m="17449" /><G39/><T62/><D31/><U27/><E110/><V76/><F73/><W57/><G53/><T25/><D25/><U105/><E105/><V48/><F18/><W97/><G97/><T26/><D26/><U94/><E94/><N who="3" m="36458" /><G74/><T8/><REACH who="0" step="1"/><D34/><REACH who="0" ten="240,250,250,250" step="2"/><U66/><E29/><V13/><F30/><W75/><G75/><T67/><AGARI ba="0,1" hai="5,8,12,56,62,67,69,70,71,85,86,89,95,98" machi="67" ten="30,12000,1" yaku="1,1,2,1,0,1,53,2" doraHai="121" doraHaiUra="82" who="0" fromWho="0" sc="240,130,250,-40,250,-40,250,-40" /><INIT seed="0,1,0,2,2,3" ten="370,210,210,210" oya="0" hai0="83,70,53,77,32,101,96,124,5,63,109,130,0" hai1="100,72,110,18,22,108,27,44,10,57,64,91,46" hai2="12,103,78,84,135,66,9,50,71,21,67,15,28" hai3="129,106,126,87,41,55,85,34,23,131,35,29,48"/><T97/><D124/><U88/><E72/><V39/><F39/><W54/><G106/><T121/><D121/><U92/><E100/><V56/><F71/><W115/><G115/><T65/><D130/><N who="3" m="49673" /><G126/><T8/><D109/><U117/><E91/><V76/><F135/><W36/><G36/><T16/><D53/><N who="3" m="19977" /><G23/><T7/><D7/><U74/><E74/><V14/><F103/><W132/><G132/><T111/><D111/><N who="1" m="42539" /><E117/><V105/><F105/><W1/><G1/><T120/><D120/><U112/><E112/><V30/><F50/><W133/><G133/><T99/><D32/><N who="3" m="12329" /><G29/><N who="2" m="11369" /><F56/><W82/><G82/><T80/><D80/><U68/><E68/><V90/><F21/><W52/><N who="3" m="19985" /><W4/><DORA hai="61" /><G4/><T128/><D128/><U17/><E10/><V58/><F9/><W20/><G20/><T69/><D69/><U26/><E27/><V49/><F49/><W104/><G104/><T125/><D125/><U73/><E18/><V31/><F31/><W107/><G107/><T24/><D16/><U119/><E119/><V47/><F58/><W75/><G75/><T113/><D24/><U81/><E73/><V59/><F59/><W37/><G37/><T123/><D123/><U79/><E81/><N who="2" m="49423" /><F47/><AGARI ba="1,0" hai="41,47,48,85,87" m="12329,19985,49673" machi="47" ten="40,2600,0" yaku="19,1,54,1" doraHai="3,61" who="3" fromWho="2" sc="370,0,210,0,210,-29,210,29" /><INIT seed="1,0,0,1,0,18" ten="370,210,181,239" oya="1" hai0="126,68,67,45,91,33,38,55,96,79,85,36,51" hai1="69,20,50,84,114,119,78,71,113,23,41,103,11" hai2="19,86,26,30,61,115,112,101,14,44,106,104,22" hai3="118,5,76,122,1,31,2,0,133,130,98,109,70"/><U135/><E119/><V88/><F44/><W25/><G70/><T80/><D33/><U128/><E103/><V27/><F61/><W35/><G76/><T134/><D126/><U117/><E117/><V124/><F124/><W94/><G122/><T34/><D34/><U95/><E71/><V42/><F42/><W57/><G118/><T73/><D134/><U131/><E69/><V93/><F27/><W107/><G107/><T58/><D68/><U29/><E135/><V6/><F6/><W43/><G43/><T17/><D96/><U127/><E127/><V110/><F110/><W82/><G133/><T32/><D32/><U21/><E29/><V63/><F63/><W39/><G39/><T116/><D116/><U125/><E125/><V9/><REACH who="2" step="1"/><F101/><REACH who="2" ten="370,210,171,239" step="2"/><W4/><G109/><T60/><REACH who="0" step="1"/><D17/><REACH who="0" ten="360,210,171,239" step="2"/><U123/><E123/><V87/><F87/><W100/><G100/><T15/><D15/><U49/><E41/><V99/><F99/><W74/><G98/><T97/><D97/><U102/><E102/><V10/><F10/><W52/><G0/><T62/><D62/><U75/><E11/><V8/><F8/><W120/><G1/><T47/><D47/><U53/><E75/><V7/><F7/><W64/><G4/><T12/><D12/><U92/><E84/><V108/><F108/><W40/><G5/><T105/><D105/><AGARI ba="0,2" hai="9,14,19,22,26,30,86,88,93,104,105,106,112,115" machi="105" ten="40,8000,1" yaku="1,1,52,1,54,1,53,1" doraHai="18" doraHaiUra="90" who="2" fromWho="0" sc="360,-80,210,0,171,100,239,0" /><INIT seed="2,0,0,3,1,96" ten="280,210,271,239" oya="2" hai0="60,17,120,116,80,13,29,74,11,62,25,55,93" hai1="100,44,23,92,128,118,111,15,47,36,38,119,49" hai2="24,20,76,109,132,19,18,72,99,64,8,135,106" hai3="59,31,2,73,9,91,43,97,79,56,66,33,89"/><V21/><F109/><W95/><G43/><T58/><D120/><U14/><E111/><V75/><F64/><W94/><G73/><T12/><D116/><U30/><E128/><V121/><F121/><W86/><G79/><T122/><D122/><U81/><E81/><V35/><F76/><W61/><G33/><T22/><D74/><U63/><E63/><V40/><F40/><W113/><G113/><T104/><D104/><U101/><E92/><V7/><F35/><W48/><G31/><T85/><D93/><U110/><E110/><V0/><F99/><W67/><G48/><N who="0" m="31079" /><D12/><U83/><E83/><V124/><F124/><W53/><G59/><T4/><D29/><U102/><E30/><V98/><F98/><W3/><G3/><T126/><D126/><U117/><E23/><V103/><F106/><W45/><G45/><N who="1" m="17482" /><E49/><V46/><F75/><W42/><G42/><T52/><D52/><U65/><E65/><V107/><F72/><W82/><G82/><T112/><D112/><U114/><E114/><V134/><F20/><W129/><G129/><T87/><D87/><U78/><E78/><AGARI ba="0,0" hai="4,11,13,17,22,25,60,62,78,80,85" m="31079" machi="78" ten="30,1000,0" yaku="8,1" doraHai="96" who="0" fromWho="1" sc="280,10,210,-10,271,0,239,0" /><INIT seed="3,0,0,3,5,50" ten="290,200,271,239" oya="3" hai0="119,112,109,129,59,41,12,4,53,110,124,57,36" hai1="113,13,56,97,15,126,48,22,71,118,60,114,58" hai2="23,37,106,84,32,74,125,25,65,47,100,107,94" hai3="54,101,68,8,45,29,76,31,66,72,26,87,95"/><W19/><G72/><T30/><D119/><U11/><E118/><V89/><F74/><W20/><G68/><T120/><D120/><U105/><E126/><V42/><F32/><W73/><G73/><T75/><D124/><U64/><E114/><V134/><F125/><W38/><G66/><T7/><D75/><U103/><E113/><V43/><F43/><W34/><G38/><T62/><D112/><U63/><E22/><V93/><F65/><W69/><G69/><T115/><D115/><U130/><E130/><V80/><F134/><W91/><G76/><T61/><D30/><U108/><E108/><N who="0" m="41577" /><D129/><U133/><E133/><V117/><F117/><W131/><G131/><T99/><D99/><U85/><E85/><V40/><F40/><W21/><G101/><T83/><D83/><U104/><E104/><V79/><F100/><W135/><G135/><T14/><D41/><U52/><E11/><V9/><F9/><W33/><G33/><T16/><D36/><U2/><E2/><V6/><F6/><N who="0" m="2090" /><D16/><U121/><E121/><V127/><F127/><W35/><G35/><T102/><D102/><U18/><E18/><N who="2" m="12535" /><F79/><W86/><G86/><T24/><D24/><U28/><E28/><V67/><F67/><AGARI ba="0,0" hai="12,14,53,57,59,61,62,67" m="2090,41577" machi="67" ten="30,2000,0" yaku="14,1,52,1" doraHai="50" who="0" fromWho="2" sc="290,20,200,0,271,-20,239,0" /><AGARI ba="0,0" hai="13,15,48,52,56,58,60,63,64,67,71,97,103,105" machi="67" ten="30,3900,0" yaku="7,1,52,1,54,1" doraHai="50" who="1" fromWho="2" sc="310,0,200,39,251,-39,239,0" owari="310,41.0,239,4.0,212,-29.0,239,-16.0" /></mjloggm>