<mjloggm ver="2.3"><GO type="169" lobby="0"/><UN n0="%6D%6F%6D%6F%2D" n1="%E3%82%A6%E3%83%AB%E3%83%88%E3%83%A9%E7%AB%8B%E7%9B%B4" n2="%EF%BD%9E%E9%9A%BC%EF%BD%9E" n3="%62%75%74%69%74%61%6D%61" dan="16,17,16,17" rate="2050.55,2132.39,2114.96,2156.53" sx="M,M,M,M"/><TAIKYOKU oya="0"/><INIT seed="0,0,0,4,3,118" ten="250,250,250,250" oya="0" hai0="49,57,109,95,11,119,106,2,55,117,130,60,27" hai1="22,72,87,99,126,83,77,50,12,124,18,48,29" hai2="96,76,91,112,41,71,17,6,43,66,122,1,28" hai3="131,78,107,44,121,123,75,68,116,30,33,88,23"/><T128/><D106/><U24/><E72/><V129/><F112/><W36/><G33/><T102/><D27/><U120/><E99/><V32/><F17/><W97/><G68/><T58/><D2/><U73/><E73/><V56/><F76/><W14/><G116/><N who="0" m="44619" /><D11/><U111/><E120/><N who="3" m="46154" /><G131/><N who="0" m="50219" /><D95/><U64/><E111/><V31/><F32/><W74/><G78/><T104/><D104/><U3/><E3/><V45/><F71/><W47/><G36/><T63/><D102/><U135/><E135/><V39/><F39/><W16/><G30/><T8/><D8/><U101/><E101/><V79/><F79/><W103/><G88/><T80/><D80/><U7/><E7/><V81/><F91/><W62/><G62/><N who="0" m="23595" /><D109/><U5/><E5/><V98/><F81/><W34/><G34/><T89/><D89/><U54/><E83/><V4/><F4/><W0/><G0/><T59/><AGARI ba="0,0" hai="49,55,57,58,59" m="23595,50219,44619" machi="59" ten="40,7800,0" yaku="19,1,34,2" doraHai="118" who="0" fromWho="0" sc="250,78,250,-26,250,-26,250,-26" /><INIT seed="0,1,0,2,4,23" ten="328,224,224,224" oya="0" hai0="48,70,9,39,116,30,49,95,32,8,5,93,82" hai1="84,108,36,131,123,62,64,0,60,54,121,72,1" hai2="15,61,31,86,55,29,68,4,77,63,120,37,102" hai3="7,19,133,100,83,76,16,21,109,88,2,24,27"/><T110/><D39/><U74/><E36/><V114/><F120/><W66/><G109/><T47/><D116/><U57/><E108/><V94/><F114/><W35/><G133/><T124/><D70/><U112/><E84/><V14/><F37/><W118/><G118/><T20/><D110/><U90/><E90/><V96/><F61/><W80/><G100/><T117/><D117/><U106/><E106/><V41/><F41/><W125/><G125/><T50/><D124/><U42/><E57/><V17/><F4/><W126/><G126/><T69/><D69/><U130/><E54/><V78/><F15/><W34/><G66/><T79/><D32/><U129/><E42/><V75/><F75/><N who="1" m="28713" /><E112/><V81/><F77/><W122/><G122/><N who="1" m="46602" /><E64/><V132/><F68/><W91/><G21/><T58/><D58/><U13/><E13/><V111/><F111/><W73/><G73/><T26/><D47/><U52/><E52/><V11/><F132/><W53/><G53/><T127/><D127/><U59/><E59/><AGARI ba="1,0" hai="11,14,17,29,31,55,59,63,78,81,86,94,96,102" machi="59" ten="40,1300,0" yaku="8,1" doraHai="23" who="2" fromWho="1" sc="328,0,224,-16,224,16,224,0" /><INIT seed="1,0,0,5,4,81" ten="328,208,240,224" oya="1" hai0="14,124,20,61,131,2,122,98,72,133,35,87,134" hai1="110,7,18,29,43,34,9,33,101,100,77,82,47" hai2="40,27,95,39,111,44,62,71,17,85,8,114,96" hai3="1,51,4,36,117,5,119,129,6,31,38,79,67"/><U107/><E110/><V118/><F118/><N who="3" m="45067" /><G1/><T126/><D2/><U89/><E89/><V45/><F111/><W12/><G67/><T128/><D35/><U74/><E18/><V116/><F116/><W80/><G31/><T30/><D72/><U84/><E74/><V127/><F127/><N who="0" m="48682" /><D122/><U108/><E108/><V3/><F45/><W23/><G129/><N who="0" m="49739" /><D98/><U41/><E41/><V70/><F40/><W105/><G105/><T37/><D37/><U103/><E107/><V19/><F96/><W86/><G51/><T25/><D61/><U130/><E130/><V99/><F62/><W106/><G106/><T16/><D87/><U24/><E34/><V53/><F85/><W132/><G38/><T28/><D25/><U56/><E101/><V66/><F27/><W69/><G36/><T48/><D48/><N who="1" m="26751" /><E56/><V0/><F39/><W42/><G42/><T15/><D15/><AGARI ba="0,0" hai="7,9,15,24,29,33,77,82,84,100,103" m="26751" machi="15" ten="30,2900,0" yaku="25,1,52,1" doraHai="81" who="1" fromWho="0" sc="328,-29,208,29,240,0,224,0" /><INIT seed="1,1,0,3,5,86" ten="299,237,240,224" oya="1" hai0="52,2,71,80,69,42,26,29,118,49,12,17,18" hai1="85,108,75,126,97,33,16,87,53,31,36,135,67" hai2="94,1,124,125,34,91,58,112,64,56,109,11,30" hai3="99,96,35,38,122,77,8,55,111,54,123,4,22"/><U100/><E75/><V40/><F109/><W84/><G35/><T46/><D118/><U130/><E36/><V66/><F112/><W15/><G38/><T32/><D2/><U129/><E67/><N who="2" m="25643" /><F40/><W24/><G111/><T62/><D80/><U47/><E108/><V101/><F101/><W95/><G123/><T74/><D74/><U89/><E85/><N who="2" m="52591" /><F30/><W61/><G122/><T82/><D82/><N who="1" m="49399" /><E31/><V92/><F34/><W132/><G132/><T59/><REACH who="0" step="1"/><D18/><REACH who="0" ten="289,237,240,224" step="2"/><U88/><E16/><V107/><F125/><W78/><G78/><T121/><D121/><U5/><E126/><V104/><F124/><W102/><G77/><T63/><D63/><U110/><E110/><V128/><F1/><W57/><G61/><T0/><D0/><U21/><E135/><V83/><F83/><W23/><G4/><T114/><D114/><U117/><E5/><V45/><F128/><W48/><G102/><T51/><D51/><N who="1" m="28927" /><E117/><V60/><F60/><W44/><G48/><T131/><D131/><U120/><E120/><V93/><F104/><W68/><G95/><T134/><D134/><U10/><E100/><V7/><F107/><W39/><G39/><T105/><D105/><U76/><E76/><V3/><F92/><W115/><G115/><T65/><D65/><U116/><E116/><V37/><F93/><W98/><G98/><T90/><D90/><U119/><E97/><V50/><F37/><W19/><G99/><T81/><D81/><U25/><E119/><V113/><F113/><W27/><G96/><T6/><D6/><U43/><E130/><V133/><F133/><RYUUKYOKU ba="1,1" sc="289,15,237,-15,240,15,224,-15" hai0="12,17,26,29,32,42,46,49,52,59,62,69,71" hai2="3,7,11,45,50,56,58" /><INIT seed="2,2,1,0,1,25" ten="304,222,255,209" oya="2" hai0="62,55,59,61,64,86,80,40,82,27,37,60,131" hai1="22,13,134,66,38,15,4,57,113,9,121,135,71" hai2="87,119,77,100,65,104,34,94,90,28,122,78,2" hai3="83,106,48,91,44,0,114,36,33,6,92,109,47"/><V79/><F2/><W30/><G106/><T129/><D27/><U32/><E38/><V72/><F65/><W53/><G109/><T123/><D123/><U120/><E71/><V26/><F119/><W127/><G127/><T51/><D82/><U76/><E32/><V12/><F122/><N who="1" m="47209" /><E76/><V10/><F100/><W8/><G83/><T67/><D86/><U56/><E113/><V68/><F104/><W31/><G33/><T46/><REACH who="0" step="1"/><D80/><REACH who="0" ten="294,222,255,209" step="2"/><U11/><E135/><V21/><F72/><W128/><G114/><T130/><AGARI ba="2,2" hai="37,40,46,51,55,59,60,61,62,64,67,129,130,131" machi="130" ten="40,12000,2" yaku="1,1,2,1,0,1,19,1,34,3,53,0" doraHai="25" doraHaiUra="17" who="0" fromWho="0" sc="294,146,222,-32,255,-62,209,-32" /><INIT seed="3,0,0,4,2,8" ten="440,190,193,177" oya="3" hai0="11,99,2,96,104,54,121,81,109,40,122,26,78" hai1="74,5,127,61,111,119,23,126,59,44,133,80,71" hai2="16,22,114,19,64,120,43,28,34,84,21,48,51" hai3="101,72,92,14,15,128,52,76,55,129,70,57,0"/><W13/><G70/><T134/><D40/><U63/><E111/><V106/><F114/><W79/><G0/><T89/><D99/><U29/><E5/><V49/><F106/><W95/><G101/><T27/><D27/><N who="1" m="16639" /><E44/><V87/><F120/><W33/><G33/><T18/><D54/><N who="3" m="20521" /><G57/><T39/><D39/><U123/><E123/><V3/><F3/><W112/><G112/><T124/><D109/><U35/><E35/><V66/><F43/><W32/><G32/><T115/><D115/><U113/><E71/><V132/><F34/><W107/><G107/><T125/><D2/><U88/><E59/><V75/><F75/><W73/><G73/><T1/><D1/><U77/><E113/><V91/><F28/><W135/><G135/><T17/><D134/><U9/><E133/><V94/><F84/><W68/><G68/><T62/><D62/><U36/><E36/><V97/><F87/><W20/><G20/><N who="2" m="7785" /><F132/><W31/><G31/><T24/><D121/><U47/><E63/><V50/><F49/><W108/><G108/><T65/><D122/><U60/><E61/><V46/><F46/><W130/><G72/><T30/><D104/><U67/><E47/><V117/><F117/><W116/><G116/><T102/><D30/><U98/><E119/><V86/><F97/><W41/><G41/><T83/><D26/><U4/><E60/><V37/><F37/><W6/><G6/><T118/><D24/><U10/><E4/><V38/><F38/><W45/><G45/><T25/><D25/><U7/><E7/><V90/><F90/><W53/><G53/><RYUUKYOKU ba="0,0" sc="440,-15,190,-15,193,15,177,15" hai2="16,19,48,50,51,64,66,86,91,94" hai3="13,14,15,76,79,92,95,128,129,130" /><INIT seed="3,1,0,4,0,7" ten="425,175,208,192" oya="3" hai0="27,26,45,85,91,123,21,92,28,8,109,93,127" hai1="108,54,110,11,72,44,14,119,97,39,6,32,124" hai2="62,52,104,61,9,74,106,43,19,103,25,94,88" hai3="67,75,5,2,132,24,29,116,12,48,46,135,1"/><W112/><G75/><T77/><D123/><U41/><E72/><V113/><F74/><W79/><G79/><T51/><D127/><U15/><E32/><V37/><F113/><W83/><G83/><N who="0" m="47343" /><D109/><N who="1" m="42091" /><E124/><V23/><F43/><W78/><G78/><T47/><D27/><U56/><E97/><V3/><F37/><W22/><G67/><T86/><D8/><N who="1" m="4375" /><E119/><V0/><F103/><W95/><G95/><N who="0" m="54775" /><D47/><U128/><E128/><V57/><F61/><W105/><G105/><N who="2" m="40553" /><F9/><N who="3" m="4143" /><G112/><T111/><D111/><U10/><E15/><V76/><F76/><W34/><G116/><T33/><D33/><U35/><E35/><V81/><F81/><W20/><G48/><AGARI ba="1,0" hai="10,11,39,41,44,48,54,56" m="4375,42091" machi="48" ten="30,7700,0" yaku="14,1,52,3" doraHai="7" who="1" fromWho="3" sc="425,0,175,80,208,0,192,-80" /><INIT seed="4,0,0,5,2,119" ten="425,255,208,112" oya="0" hai0="21,134,67,31,18,117,99,33,78,102,56,39,20" hai1="116,19,74,88,109,14,80,32,8,2,58,110,126" hai2="59,25,55,63,69,29,47,66,71,113,57,115,11" hai3="15,114,106,112,1,36,65,120,95,43,48,129,35"/><T30/><D117/><U100/><E116/><V131/><F11/><W84/><G1/><T79/><D39/><U42/><E32/><V51/><F131/><W127/><G106/><T92/><D134/><U9/><E126/><V17/><F17/><W91/><G36/><T73/><D33/><U75/><E75/><V81/><F81/><W68/><G35/><T3/><D3/><U52/><E100/><V41/><F25/><W98/><G127/><T61/><D73/><U97/><E74/><V111/><F29/><W40/><G129/><T22/><REACH who="0" step="1"/><D18/><REACH who="0" ten="415,255,208,112" step="2"/><U123/><E2/><V83/><F111/><W53/><G114/><N who="2" m="43529" /><F83/><W105/><G112/><T103/><D103/><U28/><E80/><V70/><F59/><N who="3" m="33191" /><G68/><T85/><D85/><U4/><E58/><V45/><F45/><W0/><G84/><T23/><N who="0" m="5120" /><DORA hai="90" /><T34/><D34/><U5/><E19/><V130/><F130/><W82/><G82/><T101/><D101/><U60/><E110/><V77/><F77/><AGARI ba="0,1" hai="30,31,56,61,67,77,78,79,92,99,102" m="5120" machi="77" ten="50,12000,1" yaku="1,1,8,1,52,1,53,1" doraHai="119,90" doraHaiUra="87,94" who="0" fromWho="2" sc="415,130,255,0,208,-120,112,0" /><INIT seed="4,1,0,3,4,104" ten="545,255,88,112" oya="0" hai0="13,52,112,134,12,70,7,11,5,10,120,58,83" hai1="0,27,28,23,32,92,121,24,108,14,73,97,21" hai2="127,126,107,20,78,95,42,1,55,131,6,96,115" hai3="9,103,65,16,111,90,45,94,49,35,88,54,129"/><T76/><D70/><U91/><E0/><V26/><F107/><W113/><G35/><T124/><D120/><U132/><E108/><V117/><F115/><W36/><G111/><T29/><D112/><U64/><E73/><V79/><F131/><W89/><G113/><T56/><D134/><U50/><E132/><V47/><F55/><W43/><G129/><T31/><D58/><U130/><E130/><V77/><F6/><W119/><G119/><T105/><D105/><U84/><E32/><V40/><F1/><W62/><G103/><T99/><D99/><U118/><E118/><V69/><F69/><W122/><G122/><T67/><D67/><U74/><E74/><V17/><F117/><W93/><G36/><T19/><D19/><U37/><E37/><V128/><F128/><W133/><G43/><T53/><D124/><N who="2" m="47658" /><F47/><W38/><G38/><T101/><D101/><AGARI ba="1,0" hai="17,20,26,40,42,77,78,79,95,96,101" m="47658" machi="101" ten="30,1000,0" yaku="18,1" doraHai="104" who="2" fromWho="0" sc="545,-13,255,0,88,13,112,0" /><INIT seed="5,0,0,3,5,13" ten="532,255,101,112" oya="1" hai0="41,69,21,127,84,77,128,87,33,114,75,63,8" hai1="60,42,23,59,46,5,90,55,19,122,117,93,82" hai2="85,67,62,65,31,95,47,10,100,79,83,30,124" hai3="51,123,88,96,32,111,91,118,133,28,57,74,97"/><U54/><E5/><V35/><F124/><W48/><G74/><T116/><D33/><U81/><E55/><V1/><F35/><W72/><G72/><T98/><D75/><U108/><E122/><V22/><F47/><W9/><G123/><T103/><D69/><U2/><E2/><V37/><F37/><W80/><G111/><T24/><D41/><U129/><E129/><V73/><F65/><W106/><G32/><T92/><D8/><U40/><E117/><V49/><F49/><W99/><G28/><T27/><D63/><U113/><E113/><V16/><F10/><W38/><G106/><T102/><D77/><U12/><E108/><V119/><F1/><W76/><G38/><T39/><D39/><U18/><E18/><V70/><F119/><W126/><G118/><T14/><D127/><U3/><E3/><V125/><F125/><W78/><G126/><T25/><D116/><U131/><E131/><V109/><F109/><W43/><G43/><N who="1" m="16426" /><E46/><V94/><F73/><W58/><G51/><T130/><D114/><U86/><AGARI ba="0,0" hai="12,19,23,54,59,60,81,82,86,90,93" m="16426" machi="86" ten="30,3000,0" yaku="8,1,52,1" doraHai="13" who="1" fromWho="1" sc="532,-10,255,30,101,-10,112,-10" /><INIT seed="5,1,0,3,0,47" ten="522,285,91,102" oya="1" hai0="122,26,114,83,92,79,53,9,99,119,62,63,22" hai1="10,31,120,38,125,73,108,93,72,37,42,58,103" hai2="89,5,85,12,54,130,95,4,111,76,131,88,17" hai3="126,16,134,87,105,49,7,101,11,29,66,78,33"/><U27/><E120/><V43/><F76/><W21/><G134/><T13/><D119/><U123/><E123/><V97/><F43/><W0/><G126/><T90/><D53/><U52/><E125/><V75/><F75/><W104/><G66/><T6/><D114/><U121/><E121/><V135/><F111/><W51/><G101/><T112/><D112/><U14/><E108/><V81/><F135/><W91/><G78/><T36/><D36/><U28/><E38/><V41/><F41/><W132/><G132/><T102/><D102/><U80/><E42/><V86/><F97/><W23/><G23/><T40/><D40/><U127/><E37/><V118/><F118/><W65/><G65/><T44/><D44/><U109/><E73/><V94/><F81/><W70/><G70/><T2/><D2/><U25/><E80/><V64/><F64/><W50/><G29/><N who="1" m="11338" /><E72/><V32/><F32/><W74/><G33/><T98/><D122/><U48/><E127/><V67/><F67/><W116/><G74/><T34/><D34/><U82/><E82/><V69/><F69/><W19/><G116/><T129/><D83/><U115/><E115/><V117/><F117/><W35/><G35/><T113/><D79/><U128/><E128/><N who="2" m="49195" /><F54/><W1/><G1/><T100/><D129/><U84/><E109/><V24/><F24/><W30/><G104/><N who="0" m="63511" /><D113/><U8/><E103/><V110/><F110/><W45/><G105/><T55/><D55/><U3/><E84/><V39/><F39/><W77/><G77/><T57/><D57/><U71/><E71/><V56/><F56/><RYUUKYOKU ba="1,0" sc="522,15,285,-15,91,15,102,-15" hai0="6,9,13,22,26,62,63,90,92,99" hai2="4,5,12,17,85,86,88,89,94,95" /><INIT seed="6,2,0,1,2,100" ten="537,270,106,87" oya="2" hai0="78,12,1,49,53,39,19,61,111,73,32,134,125" hai1="89,114,23,94,118,112,102,24,104,51,81,0,106" hai2="20,22,50,17,37,70,58,26,18,80,83,135,77" hai3="124,31,62,74,93,91,110,55,68,9,133,34,8"/><V2/><F70/><W97/><G74/><T48/><D39/><U120/><E0/><V15/><F37/><W16/><G110/><T113/><D32/><U57/><E102/><V36/><F36/><W84/><G133/><T85/><D1/><U56/><E81/><V33/><F2/><W54/><G124/><T132/><D73/><U115/><E118/><V5/><F135/><W30/><G68/><T128/><D61/><U92/><E92/><V13/><F33/><W11/><G34/><T41/><D111/><U14/><E14/><V130/><F130/><W76/><G62/><T95/><D128/><U109/><E109/><V28/><F77/><W52/><G16/><T107/><D107/><N who="1" m="41003" /><E51/><V21/><REACH who="2" step="1"/><F5/><REACH who="2" ten="537,270,96,87" step="2"/><W40/><G40/><T96/><D78/><U86/><E120/><V3/><F3/><W90/><REACH who="3" step="1"/><G76/><REACH who="3" ten="537,270,96,77" step="2"/><T129/><D132/><U7/><E7/><V65/><F65/><W64/><G64/><T127/><D134/><U38/><E38/><V98/><F98/><W72/><G72/><T10/><D96/><U27/><E114/><V121/><F121/><W122/><G122/><T59/><D113/><U69/><E115/><V43/><F43/><W99/><G99/><T60/><D129/><U108/><E112/><V35/><F35/><W45/><G45/><N who="0" m="25647" /><D125/><U67/><E67/><V42/><F42/><W25/><G25/><T29/><D127/><U126/><E126/><V123/><F123/><W71/><G71/><T63/><D53/><AGARI ba="2,2" hai="13,15,17,18,20,21,22,26,28,50,53,58,80,83" machi="53" ten="40,7700,0" yaku="1,1,9,1,8,1,53,0" doraHai="100" doraHaiUra="103" who="2" fromWho="0" sc="537,-83,270,0,96,103,77,0" /><INIT seed="6,3,0,1,2,4" ten="454,270,199,77" oya="2" hai0="88,103,8,14,80,27,5,24,18,77,50,40,35" hai1="2,42,97,129,102,56,48,54,52,85,25,135,94" hai2="101,90,64,63,69,87,107,47,44,105,132,70,71" hai3="21,68,82,118,1,124,108,36,84,98,65,49,86"/><V3/><F3/><W10/><G36/><T55/><D35/><U100/><E2/><V39/><F132/><W66/><G108/><T75/><D40/><U62/><E129/><V111/><F111/><W81/><G118/><T123/><D123/><U37/><E37/><V43/><F47/><W91/><G124/><T127/><D103/><N who="1" m="60855" /><E42/><V133/><F133/><W104/><G68/><T22/><D88/><U95/><E25/><V76/><F76/><W9/><G1/><T34/><D127/><U106/><E106/><V11/><F11/><N who="3" m="4107" /><G104/><T113/><D113/><U46/><E135/><V19/><F105/><W114/><G98/><T116/><D116/><U16/><E16/><V20/><F107/><W67/><G114/><T125/><D125/><U28/><E28/><V126/><F126/><W26/><G49/><T59/><D34/><U17/><E17/><V130/><F130/><W61/><G61/><T32/><D32/><U23/><E23/><V72/><F72/><W0/><G0/><AGARI ba="3,0" hai="0,5,8,14,18,22,24,27,50,55,59,75,77,80" machi="0" ten="30,2000,0" yaku="7,1,52,1" doraHai="4" who="0" fromWho="3" sc="454,29,270,0,199,0,77,-29" /><INIT seed="7,0,0,4,1,59" ten="483,270,199,48" oya="3" hai0="62,47,115,32,123,111,91,60,6,11,19,135,74" hai1="30,95,75,128,4,84,34,79,130,86,105,9,22" hai2="103,97,38,56,17,119,36,107,120,96,76,133,126" hai3="15,46,8,109,61,72,50,81,55,39,5,43,2"/><W33/><G33/><T18/><D47/><U114/><E105/><V54/><F119/><W13/><G109/><T80/><D80/><N who="1" m="45183" /><E95/><V104/><F133/><W44/><REACH who="3" step="1"/><G61/><REACH who="3" ten="483,270,199,38" step="2"/><T28/><D62/><U68/><E34/><V45/><F120/><W113/><G113/><T134/><D60/><U12/><E114/><V64/><F126/><W85/><G85/><T78/><D115/><U35/><E35/><V99/><F99/><W7/><G7/><T83/><D32/><U53/><E86/><V58/><F96/><W21/><G21/><T67/><D134/><U41/><E84/><V82/><F97/><W101/><G101/><T3/><D135/><U100/><E100/><V89/><F103/><W102/><G102/><T29/><D6/><U65/><E22/><V14/><F104/><W117/><G117/><T57/><D111/><U23/><E23/><V69/><F107/><W10/><G10/><T51/><D11/><U63/><E9/><V122/><F122/><W121/><G121/><T37/><D123/><U26/><E4/><V124/><F124/><W106/><G106/><T24/><D74/><U66/><E63/><V77/><F69/><W93/><G93/><T1/><D67/><U25/><E66/><V116/><F64/><W112/><G112/><T132/><D132/><U118/><E65/><V52/><F116/><W40/><G40/><T20/><D20/><U71/><E41/><V16/><F54/><W127/><G127/><T131/><D29/><U42/><E71/><V129/><F52/><W31/><G31/><T90/><D28/><U88/><E30/><RYUUKYOKU ba="0,1" sc="483,-10,270,-10,199,-10,38,30" hai3="2,5,8,13,15,39,43,44,46,50,55,72,81" /><INIT seed="7,1,1,2,5,13" ten="473,260,189,68" oya="3" hai0="107,72,39,108,121,6,49,77,86,122,15,29,114" hai1="20,25,68,24,134,2,19,101,79,54,128,9,17" hai2="41,61,38,76,62,120,12,34,113,110,95,59,1" hai3="8,10,33,67,78,118,125,124,129,22,123,132,14"/><W48/><G78/><T75/><D49/><U27/><E68/><V88/><F1/><W52/><G33/><T44/><D44/><U89/><E101/><V119/><F110/><W85/><G123/><T91/><D91/><U83/><E128/><V73/><F119/><W135/><G67/><T26/><D86/><N who="1" m="50399" /><E2/><V130/><F130/><W53/><G118/><T35/><D15/><N who="1" m="7407" /><E134/><N who="3" m="51242" /><G85/><T23/><D23/><U56/><E79/><V11/><F34/><W40/><G40/><T47/><D47/><U60/><AGARI ba="1,1" hai="19,20,24,25,27,54,56,60" m="7407,50399" machi="60" ten="30,4000,0" yaku="8,1,52,2" doraHai="13" who="1" fromWho="1" sc="473,-11,260,53,189,-11,68,-21" owari="462,56.0,313,11.0,178,-22.0,47,-45.0" /></mjloggm>