<mjloggm ver="2.3"><GO type="97" lobby="0"/><UN n0="%59%61%6B%6B%75%72%75" n1="%E3%83%9E%E3%82%A4%E3%82%A2%E3%83%9F%44" n2="%E9%B3%B4%E3%81%8D%E3%81%AB%E8%87%AA%E4%BF%A1%E3%83%8B%E3%82%AD" n3="%E5%B0%B1%E6%B4%BB%E7%94%9F%40%E5%B7%9D%E6%9D%91%E8%BB%8D%E5%9B%A3" dan="14,14,14,14" rate="1911.24,2013.94,1962.79,1987.02" sx="M,M,F,M"/><TAIKYOKU oya="0"/><INIT seed="0,0,0,0,5,41" ten="250,250,250,250" oya="0" hai0="57,98,109,33,38,36,105,97,104,21,20,13,2" hai1="50,90,29,26,91,18,88,81,25,35,77,82,111" hai2="4,80,119,121,31,58,30,59,94,76,83,123,125" hai3="73,12,53,11,132,16,89,9,34,112,45,39,37"/><T118/><D118/><U8/><E111/><V23/><F125/><W64/><G34/><T49/><D13/><U51/><E81/><N who="2" m="31307" /><F94/><W133/><G112/><T6/><D6/><U22/><REACH who="1" step="1"/><E8/><REACH who="1" ten="250,240,250,250" step="2"/><V10/><F10/><W107/><G11/><T46/><D109/><U63/><E63/><V65/><F121/><W130/><G9/><T7/><D33/><U17/><E17/><V72/><F123/><W116/><G16/><T102/><D7/><U70/><E70/><V60/><F4/><W120/><G120/><T96/><D2/><U1/><E1/><V106/><F119/><W85/><G116/><T135/><D135/><U124/><E124/><V103/><F60/><W54/><G132/><T79/><D20/><U68/><E68/><V47/><F23/><W117/><G133/><T78/><D21/><U101/><E101/><V71/><F71/><W114/><G114/><T128/><D102/><U92/><E92/><V44/><F103/><W32/><G117/><T86/><D105/><U74/><AGARI ba="0,1" hai="18,22,25,26,29,35,50,51,74,77,82,88,90,91" machi="74" ten="30,4000,0" yaku="1,1,0,1,54,1,53,0" doraHai="41" doraHaiUra="62" who="1" fromWho="1" sc="250,-20,240,50,250,-10,250,-10" /><INIT seed="1,0,0,2,0,69" ten="230,290,240,240" oya="1" hai0="73,48,28,94,55,135,118,54,103,127,122,43,4" hai1="2,133,93,119,100,130,42,8,31,95,113,91,99" hai2="23,120,16,10,97,74,67,61,34,66,37,125,82" hai3="52,36,134,115,58,5,62,89,0,51,87,105,90"/><U13/><E119/><V101/><F120/><W111/><G115/><T49/><D118/><U15/><E113/><V53/><F125/><W22/><G105/><T47/><D73/><U25/><E133/><V104/><F34/><W102/><G36/><N who="0" m="21991" /><D4/><U68/><E68/><V26/><F37/><W116/><G116/><T106/><D28/><U117/><E117/><V17/><F74/><W123/><G123/><T32/><D94/><U75/><E75/><V38/><F38/><W39/><G39/><T114/><D103/><U107/><E130/><V84/><F61/><W80/><G134/><T20/><D20/><U126/><E126/><V24/><F53/><N who="0" m="19978" /><D106/><U45/><E107/><V44/><F44/><W57/><G111/><T77/><D77/><U92/><E2/><V108/><F108/><W64/><G102/><T86/><D86/><U30/><E30/><V96/><F96/><W59/><G5/><T98/><D98/><U11/><E11/><V131/><F131/><W29/><G0/><T14/><D14/><U21/><E8/><V33/><F33/><W112/><G112/><T12/><D12/><U41/><E41/><V3/><F3/><W19/><G29/><T81/><D32/><U63/><E93/><N who="2" m="58543" /><F10/><W40/><G40/><T132/><D81/><U79/><E79/><N who="2" m="46175" /><F104/><W46/><G90/><T85/><D127/><U27/><E27/><AGARI ba="0,0" hai="19,22,27,46,51,52,57,58,59,62,64,80,87,89" machi="27" ten="30,3900,0" yaku="7,1,8,1,54,1" doraHai="69" who="3" fromWho="1" sc="230,0,290,-39,240,0,240,39" /><INIT seed="2,0,0,0,2,110" ten="230,251,240,279" oya="2" hai0="44,56,18,126,24,115,108,63,90,130,2,85,106" hai1="25,7,131,38,52,94,78,107,10,113,129,117,23" hai2="103,71,123,39,47,8,105,5,42,30,102,32,122" hai3="96,17,93,109,121,1,69,88,125,68,59,92,62"/><V53/><F53/><W81/><G109/><T12/><D106/><U111/><E111/><V83/><F103/><W15/><G121/><T35/><D108/><U76/><E107/><V72/><F71/><W54/><G125/><T22/><D2/><U28/><E38/><V58/><F58/><W55/><G1/><T133/><D133/><U91/><E117/><V20/><F20/><W127/><G127/><T33/><D130/><N who="1" m="49675" /><E52/><V74/><F102/><W116/><G116/><T104/><D115/><U41/><E41/><V37/><F105/><W124/><G124/><T80/><D126/><U11/><E11/><V89/><F37/><W48/><G81/><T99/><D44/><U65/><E65/><V114/><F114/><W31/><G31/><T43/><D43/><U132/><E132/><V82/><F89/><W118/><G118/><T77/><D104/><U98/><E113/><V27/><F82/><W64/><G92/><T128/><D12/><AGARI ba="0,0" hai="7,10,12,23,25,28,76,78,91,94,98" m="49675" machi="12" ten="30,1000,0" yaku="19,1" doraHai="110" who="1" fromWho="0" sc="230,-10,251,10,240,0,279,0" /><INIT seed="3,0,0,2,1,36" ten="220,261,240,279" oya="3" hai0="10,63,135,84,101,49,61,8,11,73,79,48,115" hai1="94,102,100,38,0,128,107,18,77,80,82,67,85" hai2="4,114,31,92,5,40,116,37,109,95,3,25,131" hai3="26,13,52,129,51,32,41,30,42,34,72,19,45"/><W104/><G34/><T68/><D68/><U53/><E128/><V118/><F114/><W43/><G129/><T64/><D73/><U60/><E38/><V1/><F131/><W22/><G72/><T120/><D120/><U44/><E0/><N who="2" m="75" /><F37/><W14/><G104/><T27/><D135/><U125/><E125/><V23/><F23/><W59/><REACH who="3" step="1"/><G14/><REACH who="3" ten="220,261,240,269" step="2"/><T96/><D115/><U127/><E107/><V74/><F74/><W66/><G66/><T46/><D64/><U65/><E127/><V86/><F116/><W76/><G76/><T112/><D112/><U126/><E126/><V50/><F118/><W69/><G69/><T47/><D27/><U54/><E65/><V6/><F25/><W29/><G29/><T55/><D79/><U33/><E33/><V2/><F31/><W130/><G130/><T88/><D61/><AGARI ba="0,1" hai="13,19,22,26,30,32,41,42,43,45,51,52,59,61" machi="61" ten="30,18000,2" yaku="1,1,7,1,52,3,54,1,53,0" doraHai="36" doraHaiUra="133" who="3" fromWho="0" sc="220,-180,261,0,240,0,269,190" owari="40,-46.0,261,6.0,240,-16.0,459,56.0" /></mjloggm>