<mjloggm ver="2.3"><GO type="41" lobby="0"/><UN n0="%4E%61%4B%75" n1="%4A%65%66%66" n2="%E5%B0%B1%E6%B4%BB%E7%94%9F%40%E5%B7%9D%E6%9D%91%E8%BB%8D%E5%9B%A3" n3="%E3%81%AA%E3%82%93%E3%81%A7%E3%82%84%E3%82%8D%EF%BC%98%E7%95%AA" dan="13,13,17,14" rate="2086.03,1885.35,2115.06,1962.04" sx="M,M,M,M"/><TAIKYOKU oya="0"/><INIT seed="0,0,0,5,3,37" ten="250,250,250,250" oya="0" hai0="34,0,110,6,58,31,21,132,87,68,113,83,123" hai1="44,66,1,120,82,15,52,134,51,30,106,69,135" hai2="124,39,33,88,108,56,10,8,47,71,64,73,26" hai3="105,55,133,84,23,91,45,128,95,36,78,116,16"/><T90/><D123/><U76/><E1/><V122/><F71/><W125/><G133/><N who="1" m="50698" /><E106/><V107/><F73/><W53/><G128/><T42/><D68/><U4/><E30/><V25/><F107/><W129/><G125/><T2/><D132/><U11/><E120/><V41/><F122/><W99/><G116/><T130/><D34/><U97/><E69/><V94/><F124/><W38/><G105/><T5/><D113/><U75/><E66/><V79/><F79/><W17/><G78/><T85/><D31/><U93/><E93/><V9/><F108/><W14/><G129/><T61/><D21/><U20/><E20/><V57/><F64/><W67/><G99/><AGARI ba="0,0" hai="4,11,15,44,51,52,75,76,82,97,99" m="50698" machi="99" ten="30,2000,0" yaku="20,1,54,1" doraHai="37" who="1" fromWho="3" sc="250,0,250,20,250,0,250,-20" /><INIT seed="1,0,0,5,4,73" ten="250,270,250,230" oya="1" hai0="61,80,106,20,119,46,79,81,95,32,107,59,21" hai1="112,71,99,26,37,14,31,126,84,12,135,134,102" hai2="88,4,11,49,3,114,118,116,53,97,44,63,75" hai3="36,5,24,77,123,129,120,117,47,51,111,6,76"/><U124/><E37/><V70/><F75/><W50/><G36/><T122/><D32/><U15/><E71/><V83/><F114/><W92/><G111/><T35/><D35/><U78/><E78/><V54/><F54/><W38/><G38/><T2/><D95/><N who="1" m="58751" /><E84/><V22/><F22/><W52/><G129/><T8/><D8/><U9/><E112/><V98/><F98/><W66/><G66/><T91/><D2/><U57/><E57/><V115/><F115/><W125/><G125/><N who="1" m="48234" /><E9/><V60/><F60/><W42/><G117/><T16/><D91/><U62/><E62/><V101/><F63/><W121/><G92/><T33/><D33/><AGARI ba="0,0" hai="12,14,15,26,31,33,134,135" m="48234,58751" machi="33" ten="30,1500,0" yaku="18,1" doraHai="73" who="1" fromWho="0" sc="250,-15,270,15,250,0,230,0" /><INIT seed="1,1,0,0,3,0" ten="235,285,250,230" oya="1" hai0="61,90,127,121,84,2,23,73,110,65,8,47,102" hai1="30,26,3,52,105,97,5,63,70,71,72,18,92" hai2="4,114,76,37,135,82,12,89,79,27,101,116,131" hai3="44,77,130,36,100,129,107,59,112,103,123,108,57"/><U48/><E105/><V69/><F69/><W68/><G108/><T60/><D110/><U93/><E72/><V99/><F37/><W13/><G13/><T11/><D73/><U106/><E18/><V38/><F38/><W21/><G21/><T14/><D2/><U113/><E106/><V31/><F116/><W6/><G6/><T20/><D47/><U119/><E92/><V49/><F114/><W15/><G15/><T128/><D102/><U111/><E63/><N who="0" m="24137" /><D127/><U9/><E113/><V75/><F79/><W17/><G17/><T16/><D128/><U1/><E1/><V19/><F131/><W50/><G77/><T134/><D134/><U28/><E28/><V45/><F135/><W117/><G107/><T24/><D121/><U126/><E126/><V85/><F4/><W64/><G68/><T39/><D39/><U115/><E115/><V74/><F76/><W42/><G64/><T133/><D65/><U67/><E67/><V56/><F56/><W34/><G123/><T83/><D133/><U94/><E94/><V124/><F99/><W86/><G112/><T25/><D11/><U46/><E111/><V96/><F96/><W104/><G104/><T55/><D55/><U95/><E95/><V118/><F101/><W125/><G125/><T62/><N who="0" m="24145" /><T51/><DORA hai="29" /><D51/><U80/><E80/><V43/><F124/><W88/><G130/><T81/><D81/><U53/><E53/><V35/><REACH who="2" step="1"/><F118/><REACH who="2" ten="235,285,240,230" step="2"/><W58/><G117/><T78/><D78/><U98/><E97/><V40/><F40/><W109/><G129/><T120/><D120/><RYUUKYOKU ba="1,1" sc="235,15,285,-15,240,15,230,-15" hai0="8,14,16,20,23,24,25,83,84,90" hai2="12,19,27,31,35,43,45,49,74,75,82,85,89" /><INIT seed="2,2,1,0,3,30" ten="250,270,255,215" oya="2" hai0="133,26,109,108,17,100,51,128,63,61,121,127,111" hai1="12,98,74,130,52,48,66,91,134,96,103,95,42" hai2="47,77,69,24,78,68,122,38,90,28,3,2,34" hai3="129,39,119,93,80,82,13,132,46,92,31,73,64"/><V87/><F122/><W89/><G119/><T102/><D121/><U27/><E130/><V83/><F69/><W125/><G132/><T62/><D133/><U86/><E134/><V54/><F68/><W56/><G125/><T32/><D127/><U35/><E74/><V112/><F112/><W107/><G129/><T115/><D51/><U104/><E42/><V60/><F60/><W0/><G0/><T99/><D128/><U20/><E66/><V21/><F21/><W18/><G107/><T71/><D115/><U9/><E35/><V15/><F15/><W116/><G116/><T113/><D113/><U33/><E33/><V57/><F57/><W11/><G31/><N who="0" m="19575" /><D100/><U114/><E114/><V8/><F8/><W124/><G124/><T5/><D17/><N who="1" m="8335" /><E104/><V84/><F77/><W118/><G73/><T29/><D29/><N who="1" m="17639" /><E103/><V85/><F85/><W14/><G64/><N who="0" m="41359" /><D5/><U97/><E86/><V19/><F19/><W65/><G65/><T41/><D41/><U70/><E70/><V131/><F131/><W105/><G105/><AGARI ba="2,1" hai="62,63,99,102,105,108,109,111" m="41359,19575" machi="105" ten="30,3900,0" yaku="25,1,14,1,52,1" doraHai="30" who="0" fromWho="3" sc="250,55,270,0,255,0,215,-45" /><INIT seed="3,0,0,2,0,57" ten="305,270,255,170" oya="3" hai0="106,1,21,11,66,84,47,70,45,126,134,72,121" hai1="10,53,25,76,38,17,93,61,55,82,86,50,108" hai2="2,51,124,129,127,29,120,65,107,73,98,85,89" hai3="115,33,79,32,103,4,128,37,23,104,26,96,71"/><W54/><G115/><T130/><D72/><U19/><E108/><V109/><F2/><W18/><G128/><T133/><D106/><U44/><E38/><V135/><F65/><W74/><G54/><T80/><D11/><U31/><E10/><V34/><F34/><W88/><G4/><T27/><D1/><U112/><E93/><N who="2" m="54447" /><F51/><W36/><G88/><N who="0" m="51207" /><D130/><U43/><E112/><V15/><F15/><W22/><G22/><T68/><D121/><U58/><REACH who="1" step="1"/><E53/><REACH who="1" ten="305,260,255,170" step="2"/><V122/><F109/><W5/><G5/><T99/><D70/><U102/><E102/><N who="2" m="62935" /><F129/><W78/><G71/><T28/><D68/><U6/><E6/><V20/><F135/><W63/><G37/><T95/><D134/><U118/><E118/><V46/><F122/><W52/><G36/><T60/><D133/><U105/><E105/><V90/><F120/><W40/><G33/><AGARI ba="0,1" hai="17,19,25,31,33,43,44,50,55,58,61,76,82,86" machi="33" ten="30,3900,0" yaku="1,1,7,1,52,1,53,0" doraHai="57" doraHaiUra="131" who="1" fromWho="3" sc="305,0,260,49,255,0,170,-39" /><INIT seed="4,0,0,5,3,35" ten="305,309,255,131" oya="0" hai0="16,103,107,114,93,68,58,27,130,122,95,21,60" hai1="17,42,11,108,39,65,110,44,78,87,10,33,91" hai2="99,61,109,13,96,51,62,52,135,132,121,134,112" hai3="26,94,81,77,22,129,97,89,115,30,34,23,92"/><T32/><D122/><U50/><E33/><V24/><F121/><W123/><G129/><T63/><D130/><U25/><E78/><V126/><F109/><W14/><G115/><T15/><D114/><U0/><E65/><V3/><F3/><W5/><G123/><T101/><D32/><U64/><E64/><V49/><F112/><W53/><G94/><N who="0" m="35851" /><D107/><U117/><E117/><V56/><F126/><W1/><G53/><N who="0" m="33871" /><D68/><U38/><E39/><V4/><F24/><W45/><G45/><T124/><D124/><U41/><E108/><V111/><F111/><W47/><G47/><T67/><D67/><U84/><E110/><V98/><REACH who="2" step="1"/><F62/><REACH who="2" ten="305,309,245,131" step="2"/><W131/><G131/><T69/><D63/><U37/><E0/><V88/><F88/><W119/><G119/><T36/><D69/><U55/><E91/><V73/><F73/><W118/><G118/><T128/><D128/><U116/><E116/><V105/><F105/><W106/><G106/><T18/><D36/><U70/><E37/><V28/><F28/><W20/><G14/><T9/><AGARI ba="0,1" hai="9,15,16,18,21,27,101,103" m="33871,35851" machi="9" ten="30,3000,0" yaku="8,1,54,1" doraHai="35" who="0" fromWho="0" sc="305,40,309,-10,245,-10,131,-10" /><INIT seed="4,1,0,3,4,135" ten="345,299,235,121" oya="0" hai0="75,21,116,10,129,103,43,132,0,46,128,12,79" hai1="30,16,63,62,95,17,9,24,89,121,107,87,78" hai2="23,99,74,72,92,93,68,34,81,57,53,130,40" hai3="114,31,35,110,67,126,7,19,5,117,112,54,51"/><T29/><D132/><U37/><E121/><V64/><F130/><N who="0" m="50282" /><D103/><U131/><E107/><V20/><F34/><W3/><G112/><T27/><D0/><U59/><E37/><V85/><F68/><W25/><G110/><T52/><D116/><U108/><E108/><V18/><F64/><W80/><G114/><T41/><D79/><U4/><E78/><V94/><F40/><W6/><G67/><T70/><D70/><U58/><E131/><V28/><F28/><N who="3" m="19855" /><G80/><T71/><D71/><U1/><E59/><V76/><F23/><W13/><G54/><T22/><D22/><U61/><REACH who="1" step="1"/><E58/><REACH who="1" ten="345,289,235,121" step="2"/><V102/><F74/><W38/><G117/><T39/><D75/><U84/><E84/><V106/><F72/><W33/><G38/><T91/><D39/><U120/><E120/><V48/><REACH who="2" step="1"/><F106/><REACH who="2" ten="345,289,225,121" step="2"/><W49/><G3/><T83/><D43/><U104/><E104/><V60/><F60/><W15/><G33/><AGARI ba="1,2" hai="1,4,9,16,17,24,30,33,61,62,63,87,89,95" machi="33" ten="40,8000,1" yaku="1,1,54,1,53,3" doraHai="135" doraHaiUra="56" who="1" fromWho="3" sc="345,0,289,103,225,0,121,-83" /><INIT seed="5,0,0,4,3,25" ten="345,392,225,38" oya="1" hai0="113,31,86,100,57,30,105,132,29,122,98,46,85" hai1="47,117,20,135,14,89,81,13,7,51,82,84,64" hai2="28,123,55,6,17,58,63,45,9,42,108,106,35" hai3="93,1,60,73,5,19,95,3,71,101,97,0,26"/><U67/><E117/><V87/><F106/><W48/><G73/><T107/><D46/><U69/><E135/><V68/><F123/><W21/><G5/><T119/><D119/><U112/><E112/><V62/><F108/><W22/><G48/><T70/><D70/><U103/><E103/><V75/><F75/><W53/><G71/><T127/><D132/><U4/><E69/><V2/><F17/><W121/><G121/><T37/><D37/><U72/><E72/><V74/><F74/><W23/><REACH who="3" step="1"/><G95/><REACH who="3" ten="345,392,225,28" step="2"/><T61/><D122/><U27/><E7/><V65/><F68/><W126/><G126/><T39/><D127/><U33/><E4/><V12/><F2/><W109/><G109/><T94/><D39/><U32/><E51/><V104/><F104/><W54/><G54/><T10/><D107/><U15/><E67/><V102/><F55/><W90/><G90/><N who="0" m="53591" /><D105/><U96/><E64/><V131/><F65/><W133/><G133/><T50/><D50/><U49/><E49/><V8/><F42/><W44/><G44/><T16/><D113/><U134/><E47/><V92/><F6/><W76/><G76/><T11/><D100/><U124/><E134/><V91/><F102/><W125/><G125/><T43/><D43/><U18/><E124/><V83/><F45/><W36/><G36/><T88/><D98/><U80/><E96/><V24/><F92/><W129/><G129/><T41/><D41/><U128/><E128/><V110/><F131/><W116/><G116/><T79/><D79/><U56/><E56/><AGARI ba="0,1" hai="0,1,3,19,21,22,23,26,53,56,60,93,97,101" machi="56" ten="40,1300,0" yaku="1,1,53,0" doraHai="25" doraHaiUra="118" who="3" fromWho="1" sc="345,0,392,-13,225,0,28,23" /><INIT seed="6,0,0,1,5,20" ten="345,379,225,51" oya="2" hai0="69,86,51,117,17,77,47,89,121,90,133,76,129" hai1="134,23,49,55,61,127,11,54,85,128,67,13,125" hai2="36,15,35,6,99,115,52,101,57,80,2,135,82" hai3="4,100,123,33,79,1,28,84,74,71,30,81,91"/><V60/><F2/><W114/><G114/><T93/><D121/><U66/><E128/><V97/><F36/><W42/><G123/><T14/><D129/><U102/><E134/><V132/><F35/><W96/><G71/><T62/><D62/><U108/><E108/><V130/><F130/><W10/><G33/><T29/><D29/><U46/><E102/><V131/><F131/><W45/><G91/><T26/><D69/><U19/><E85/><V37/><F37/><W111/><G84/><T112/><D90/><U21/><E55/><V0/><F0/><W75/><G75/><T120/><D120/><U119/><E119/><V68/><F68/><W72/><G72/><T59/><D59/><N who="1" m="37183" /><E67/><V31/><F31/><W56/><G56/><T83/><D112/><U73/><E73/><V106/><F99/><W25/><G25/><T22/><D77/><U107/><E107/><V9/><REACH who="2" step="1"/><F115/><REACH who="2" ten="345,379,215,51" step="2"/><W63/><G111/><T58/><D117/><U39/><E39/><V8/><F8/><W98/><G96/><T122/><D122/><U41/><E11/><V12/><F12/><W116/><G116/><T105/><D14/><U7/><E21/><V5/><F5/><W92/><REACH who="3" step="1"/><G63/><REACH who="3" ten="345,379,215,41" step="2"/><T78/><D105/><U18/><E7/><V110/><F110/><W94/><G94/><T24/><D93/><U48/><E13/><V88/><F88/><W40/><G40/><T44/><D89/><U87/><E41/><V124/><F124/><W65/><G65/><T95/><D95/><U38/><E125/><V113/><F113/><W43/><G43/><T109/><D109/><RYUUKYOKU ba="0,2" sc="345,-15,379,-15,215,15,41,15" hai2="6,9,15,52,57,60,80,82,97,101,106,132,135" hai3="1,4,10,28,30,42,45,74,79,81,92,98,100" /><INIT seed="6,1,2,4,4,96" ten="330,364,230,56" oya="2" hai0="125,45,129,110,46,123,39,108,112,79,18,27,80" hai1="20,124,126,68,58,36,103,120,5,109,31,117,42" hai2="4,14,55,15,104,65,134,75,99,0,61,8,22" hai3="60,26,107,76,84,69,95,89,41,50,106,44,114"/><V23/><F75/><W21/><G76/><T2/><D123/><U82/><E68/><V57/><F134/><W101/><G114/><T63/><D2/><U113/><E113/><V130/><F130/><W30/><REACH who="3" step="1"/><G101/><REACH who="3" ten="330,364,230,46" step="2"/><T17/><D112/><U111/><E103/><V1/><F1/><W83/><G83/><T10/><D80/><U33/><E82/><V87/><F0/><W91/><G91/><T90/><D90/><U119/><E120/><V40/><F104/><W67/><AGARI ba="1,3" hai="21,26,30,41,44,50,60,67,69,84,89,95,106,107" machi="67" ten="30,2000,0" yaku="1,1,0,1,53,0" doraHai="96" doraHaiUra="35" who="3" fromWho="3" sc="330,-6,364,-6,230,-11,46,53" /><INIT seed="7,0,0,3,0,18" ten="324,358,219,99" oya="3" hai0="62,86,23,99,70,28,68,52,0,7,120,33,20" hai1="76,134,32,59,111,82,78,73,113,58,11,125,109" hai2="119,26,49,60,122,40,107,21,105,34,5,91,97" hai3="89,48,117,43,24,3,108,2,101,90,115,67,44"/><W10/><G117/><T123/><D28/><U39/><E78/><V51/><F34/><W35/><G67/><T135/><D33/><U22/><E32/><V42/><F119/><W72/><G72/><T15/><D0/><U103/><E39/><V93/><F122/><W61/><G61/><T129/><D99/><U17/><E113/><V6/><F105/><W104/><G115/><T50/><D62/><U114/><E114/><V95/><F107/><W56/><G56/><N who="0" m="32791" /><D20/><U37/><E37/><V38/><F60/><W132/><G132/><T71/><D7/><N who="2" m="2570" /><F93/><W98/><G108/><T75/><D135/><U19/><E134/><V8/><F8/><W36/><G10/><T77/><D75/><U64/><E111/><V46/><F38/><W66/><G66/><T74/><D74/><U126/><E64/><V53/><F51/><W110/><G110/><T127/><D77/><U102/><E109/><V27/><F27/><W31/><REACH who="3" step="1"/><G36/><REACH who="3" ten="324,358,219,89" step="2"/><T47/><D123/><U128/><E59/><V4/><F4/><W85/><G85/><T92/><D120/><U1/><E58/><V94/><F94/><W54/><G54/><T84/><D84/><U9/><E73/><V133/><F133/><W100/><G100/><T83/><D86/><U16/><E102/><V80/><F80/><W13/><G13/><T65/><D83/><U14/><E103/><V88/><F91/><AGARI ba="0,1" hai="2,3,24,31,35,43,44,48,89,90,91,98,101,104" machi="91" ten="40,3900,0" yaku="1,1,53,1" doraHai="18" doraHaiUra="25" who="3" fromWho="2" sc="324,0,358,0,219,-39,89,49" /><INIT seed="7,1,0,3,4,27" ten="324,358,180,138" oya="3" hai0="26,17,79,98,123,96,70,14,66,92,51,114,1" hai1="16,131,38,76,85,121,59,25,36,5,40,33,97" hai2="124,23,110,72,57,2,112,99,19,20,52,34,46" hai3="118,103,90,4,44,111,0,117,122,9,132,18,77"/><W39/><G122/><T15/><D123/><U68/><E68/><V87/><F34/><W113/><G90/><T43/><D79/><U80/><E121/><V108/><F72/><W135/><G103/><T81/><D1/><U83/><E131/><V47/><F2/><W91/><G91/><T88/><D81/><U73/><E5/><V49/><F124/><W109/><G77/><T63/><D98/><U42/><E38/><V35/><F112/><W129/><G44/><N who="2" m="16937" /><F35/><W54/><G54/><T65/><D43/><U134/><E42/><V10/><F108/><N who="3" m="41547" /><G39/><T94/><D51/><U126/><E59/><V45/><F110/><W37/><G37/><T74/><D74/><U71/><E71/><V116/><F116/><N who="3" m="44651" /><G113/><T64/><D114/><U28/><E40/><N who="2" m="24743" /><F87/><W82/><G82/><T6/><D70/><U75/><E36/><V89/><F89/><W13/><G129/><T119/><D94/><U29/><E126/><V84/><F84/><W58/><G58/><N who="0" m="36983" /><D119/><U11/><E75/><V30/><F99/><W100/><G100/><T86/><D86/><U48/><E97/><V106/><F106/><W8/><AGARI ba="1,0" hai="0,4,8,9,13,18,132,135" m="44651,41547" machi="8" ten="40,7800,0" yaku="10,1,34,2" doraHai="27" who="3" fromWho="3" sc="324,-27,358,-27,180,-27,138,81" /><INIT seed="7,2,0,2,3,36" ten="297,331,153,219" oya="3" hai0="75,83,119,39,85,54,28,13,49,73,76,89,122" hai1="103,81,51,65,44,19,56,104,20,133,105,91,2" hai2="107,17,47,123,113,12,64,100,98,84,130,21,88" hai3="101,1,69,112,116,129,14,41,125,106,9,5,33"/><W94/><G116/><T15/><D122/><U8/><E133/><V40/><F130/><W6/><G129/><T52/><D39/><U96/><E2/><V35/><F113/><W53/><G33/><T90/><D28/><U95/><E8/><V70/><F123/><W34/><G34/><T127/><D54/><U23/><E65/><V42/><F35/><W50/><G69/><T4/><D119/><U24/><E56/><V16/><F17/><N who="3" m="8399" /><G106/><T66/><D66/><U74/><E23/><V86/><F86/><W135/><G1/><T131/><D131/><U3/><E3/><V99/><F99/><N who="3" m="59639" /><G135/><T121/><D121/><U0/><E0/><V10/><F10/><W72/><G72/><T22/><D15/><U79/><E103/><V57/><F70/><W92/><G125/><T25/><D127/><U102/><E102/><V71/><F71/><W55/><G92/><T30/><D75/><U11/><E11/><V60/><REACH who="2" step="1"/><F47/><REACH who="2" ten="297,331,143,219" step="2"/><N who="3" m="25967" /><G112/><T110/><D73/><U7/><E7/><AGARI ba="2,1" hai="5,6,7,53,55" m="25967,59639,8399" machi="7" ten="30,2900,0" yaku="8,1,52,1" doraHai="36" who="3" fromWho="1" sc="297,0,331,-35,143,0,219,45" /><INIT seed="7,3,0,3,3,71" ten="297,296,143,264" oya="3" hai0="95,62,73,83,51,124,36,99,108,0,118,13,33" hai1="129,102,93,8,116,113,119,41,32,19,80,24,127" hai2="20,128,126,85,104,60,1,121,16,101,79,90,109" hai3="132,18,82,133,31,86,105,92,12,26,68,100,106"/><W103/><G68/><T30/><D0/><U55/><E41/><V10/><F109/><W7/><G7/><T46/><D36/><U56/><E113/><V69/><F121/><W17/><G92/><T89/><D108/><U135/><E135/><N who="3" m="51786" /><G12/><T123/><D123/><U87/><E129/><V45/><F128/><W25/><G86/><T107/><D62/><U130/><E130/><V44/><F126/><W23/><G82/><T14/><D124/><U134/><E127/><V48/><F79/><W117/><G117/><N who="1" m="45130" /><E134/><V11/><F101/><N who="3" m="38987" /><G25/><T78/><D107/><AGARI ba="3,0" hai="17,18,23,26,31,105,106,107" m="38987,51786" machi="107" ten="30,1500,0" yaku="20,1" doraHai="71" who="3" fromWho="0" sc="297,-24,296,0,143,0,264,24" /><INIT seed="7,4,0,0,0,3" ten="273,296,143,288" oya="3" hai0="28,26,79,111,112,98,46,94,45,49,101,122,99" hai1="29,18,127,10,110,102,62,41,80,128,43,75,16" hai2="37,27,133,8,130,131,126,78,36,40,115,19,89" hai3="119,48,64,113,77,109,91,118,123,68,93,114,85"/><W66/><G68/><T39/><D39/><U54/><E110/><V90/><F78/><W134/><G48/><T61/><D122/><U132/><E128/><N who="2" m="49195" /><F40/><N who="1" m="15433" /><E75/><V88/><F27/><W44/><G44/><T84/><D111/><U14/><E132/><V6/><F133/><W76/><G134/><T121/><D61/><U106/><E106/><V92/><F19/><W15/><G15/><T59/><D121/><U38/><E38/><N who="2" m="14955" /><F126/><W42/><G42/><T21/><D99/><U125/><E102/><V23/><F23/><W53/><G53/><N who="0" m="32175" /><D112/><N who="3" m="43113" /><G123/><T4/><D4/><N who="1" m="3399" /><E29/><V65/><F65/><N who="3" m="25195" /><G109/><T105/><D105/><U74/><E74/><V108/><F108/><W129/><G129/><T20/><D20/><U95/><E95/><V55/><F55/><W25/><G25/><T31/><D31/><U47/><E80/><AGARI ba="4,0" hai="21,26,28,45,46,79,80,84,94,98,101" m="32175" machi="80" ten="30,1000,0" yaku="8,1" doraHai="3" who="0" fromWho="1" sc="273,22,296,-22,143,0,288,0" /><INIT seed="8,0,0,2,1,69" ten="295,274,143,288" oya="0" hai0="32,82,71,70,31,42,68,44,1,105,121,131,8" hai1="108,67,17,50,89,34,132,78,97,23,35,126,9" hai2="106,133,58,61,41,12,80,92,107,73,79,29,53" hai3="36,10,111,20,27,90,22,129,28,16,101,11,43"/><T48/><D121/><U116/><E108/><V85/><F133/><W49/><G111/><T63/><D105/><U122/><E116/><V19/><F29/><W37/><G129/><T81/><D131/><U33/><E122/><V46/><F73/><W21/><G101/><T45/><D63/><U55/><E78/><V7/><F7/><W13/><G90/><T84/><D84/><U99/><E67/><V91/><F79/><W102/><G102/><T74/><D74/><U25/><E132/><V47/><F80/><W98/><G98/><T112/><D112/><U94/><E126/><V118/><F47/><W114/><G114/><T134/><D45/><U103/><E9/><N who="3" m="3082" /><G49/><T2/><D134/><U39/><E39/><N who="3" m="14922" /><G43/><T124/><D124/><U88/><REACH who="1" step="1"/><E97/><REACH who="1" ten="295,264,143,288" step="2"/><V59/><F118/><W56/><G28/><T26/><REACH who="0" step="1"/><D2/><REACH who="0" ten="285,264,143,288" step="2"/><U77/><E77/><V127/><F127/><W120/><G120/><T83/><D83/><U110/><E110/><V117/><F117/><W62/><G27/><T40/><D40/><U113/><E113/><V86/><F86/><W5/><G13/><T66/><D66/><U14/><E14/><V30/><F30/><W24/><G24/><T15/><D15/><U38/><E38/><V18/><F18/><W123/><G123/><T130/><D130/><U3/><E3/><V96/><F85/><W51/><G5/><AGARI ba="0,2" hai="1,5,8,26,31,32,42,44,48,68,70,71,81,82" machi="5" ten="40,3900,0" yaku="1,1,53,1" doraHai="69" doraHaiUra="0" who="0" fromWho="3" sc="285,59,264,0,143,0,288,-39" owari="344,45.0,264,6.0,143,-36.0,249,-15.0" /></mjloggm>