<mjloggm ver="2.3"><GO type="169" lobby="0"/><UN n0="%65%72%61%6E%76%69%74%61" n1="%E3%83%93%E3%83%83%E3%82%B0%E7%8F%8D%E7%8F%8D" n2="%61%73%73%65%72%74%69%76" n3="%E3%82%A6%E3%83%AB%E3%83%88%E3%83%A9%E7%AB%8B%E7%9B%B4" dan="16,16,17,17" rate="2072.79,2054.31,2175.50,2138.01" sx="M,M,M,M"/><TAIKYOKU oya="0"/><INIT seed="0,0,0,3,4,17" ten="250,250,250,250" oya="0" hai0="101,43,8,46,69,52,102,93,123,76,65,3,32" hai1="99,90,24,121,0,13,87,134,64,60,75,23,129" hai2="39,117,37,34,125,97,10,38,25,128,11,4,74" hai3="27,80,131,116,42,107,51,72,59,95,41,56,110"/><T2/><D32/><U79/><E0/><V36/><F125/><W118/><G107/><T28/><D28/><U53/><E121/><V66/><F128/><W115/><G115/><T108/><D123/><U106/><E129/><V12/><F74/><W112/><G112/><T20/><D76/><U94/><E134/><V55/><F66/><W29/><G131/><T16/><D69/><U120/><E120/><V92/><F117/><W135/><G135/><T35/><D35/><U88/><E13/><V57/><F11/><W50/><G110/><T113/><D65/><U82/><E53/><V21/><F34/><W84/><G72/><T73/><D73/><U33/><E33/><V18/><F39/><W54/><G95/><T47/><D108/><U100/><E90/><V44/><F44/><W26/><G116/><T31/><D31/><U83/><E83/><V40/><F40/><W114/><G114/><T104/><D104/><U85/><E85/><V6/><F6/><W91/><G118/><T127/><D127/><U5/><E5/><V130/><F130/><W49/><G27/><T98/><D102/><U124/><E124/><V133/><F133/><W77/><G77/><T68/><D68/><U119/><E119/><V109/><F109/><W14/><G14/><N who="0" m="9239" /><D8/><U122/><E122/><V103/><REACH who="2" step="1"/><F38/><REACH who="2" ten="250,250,240,250" step="2"/><W22/><REACH who="3" step="1"/><G59/><REACH who="3" ten="250,250,240,240" step="2"/><T105/><D113/><U61/><E64/><V96/><F96/><W9/><G9/><T45/><D43/><AGARI ba="0,2" hai="22,26,29,41,42,43,49,50,51,54,56,80,84,91" machi="43" ten="40,5200,0" yaku="1,1,8,1,52,1,53,0" doraHai="17" doraHaiUra="89" who="3" fromWho="0" sc="250,-52,250,0,240,0,240,72" /><INIT seed="1,0,0,0,1,126" ten="198,250,240,312" oya="1" hai0="127,1,58,132,27,16,104,57,12,38,40,109,131" hai1="51,7,85,22,130,26,41,88,125,87,62,108,105" hai2="92,76,48,46,67,50,106,70,75,44,69,114,0" hai3="135,4,5,101,36,134,8,37,99,49,123,86,66"/><U93/><E105/><V79/><F0/><W77/><G66/><T23/><D1/><U83/><E125/><V90/><F106/><W110/><G49/><T107/><D127/><U3/><E3/><V128/><F114/><W14/><G5/><T121/><D121/><U81/><E108/><V129/><F75/><W24/><G24/><T35/><D107/><U82/><E7/><V2/><F2/><W71/><G71/><T29/><D104/><U34/><E34/><V19/><F19/><W94/><G123/><T56/><D109/><U120/><E120/><V39/><F39/><W116/><G116/><T122/><D122/><U84/><E62/><V103/><F103/><W96/><G96/><T55/><D132/><N who="3" m="50729" /><G110/><T91/><D91/><U100/><E100/><V20/><F20/><W80/><AGARI ba="0,0" hai="4,8,14,36,37,77,80,86,94,99,101" m="50729" machi="80" ten="30,1100,0" yaku="20,1" doraHai="126" who="3" fromWho="3" sc="198,-3,250,-5,240,-3,312,11" /><INIT seed="2,0,0,5,0,103" ten="195,245,237,323" oya="2" hai0="57,135,85,31,95,4,27,62,42,65,118,102,67" hai1="78,50,28,40,79,1,101,111,104,21,59,115,5" hai2="120,117,133,87,93,127,19,132,49,83,55,76,124" hai3="113,24,110,30,18,56,58,7,126,89,34,92,116"/><V53/><F117/><W45/><G116/><T70/><D135/><N who="2" m="51786" /><F120/><W123/><G123/><T131/><D131/><U46/><E111/><V100/><F19/><W129/><G110/><T106/><D118/><U88/><E115/><V77/><F49/><W107/><G18/><T51/><D4/><U39/><E5/><V134/><N who="2" m="51794" /><V130/><DORA hai="128" /><F77/><W25/><G24/><T81/><D95/><U41/><E1/><V43/><F43/><W74/><G92/><T8/><D8/><U122/><E122/><V23/><F23/><W33/><G25/><T47/><D65/><U69/><E21/><V80/><F80/><W108/><G7/><T75/><D75/><U29/><E78/><V36/><F36/><W9/><G74/><T97/><D70/><U12/><E79/><V96/><F130/><W17/><G17/><T20/><D81/><U98/><E69/><V109/><F109/><W14/><G108/><T16/><REACH who="0" step="1"/><D85/><REACH who="0" ten="185,245,237,323" step="2"/><U22/><E39/><V66/><F66/><W73/><G73/><T72/><D72/><U52/><E40/><V119/><F119/><W84/><G84/><T99/><D99/><U64/><E64/><V6/><F6/><W61/><G129/><T38/><D38/><U125/><E41/><V3/><F3/><W37/><G37/><T105/><D105/><U86/><E104/><V82/><F82/><W63/><G107/><T54/><D54/><AGARI ba="0,1" hai="53,54,55,76,83,87,93,96,100,124,127" m="51794" machi="54" ten="40,12000,1" yaku="20,1,52,4" doraHai="103,128" who="2" fromWho="0" sc="185,-120,245,0,237,130,323,0" /><INIT seed="2,1,0,1,2,18" ten="65,245,367,323" oya="2" hai0="39,1,118,61,24,96,45,84,40,54,51,113,63" hai1="120,122,21,16,41,85,37,43,75,19,94,90,14" hai2="80,119,130,131,87,106,59,135,133,68,76,134,20" hai3="124,28,110,0,12,4,108,99,81,58,60,91,17"/><V38/><F68/><W46/><G124/><T66/><D1/><U9/><E75/><V101/><F38/><W56/><G28/><T25/><D118/><U67/><E67/><V111/><F119/><W83/><G46/><T78/><D113/><U65/><E65/><V10/><F10/><W127/><G4/><T22/><D24/><U44/><REACH who="1" step="1"/><E41/><REACH who="1" ten="65,235,367,323" step="2"/><V98/><F111/><W69/><G110/><T64/><D64/><U93/><E93/><V7/><F7/><W92/><G108/><T126/><D66/><U116/><E116/><V6/><F6/><W27/><G69/><T15/><D126/><U95/><E95/><V71/><F71/><W72/><G92/><T109/><D109/><U107/><E107/><V36/><F36/><W26/><G72/><T42/><D39/><U34/><E34/><V13/><F59/><W47/><G58/><T52/><D40/><U3/><E3/><V82/><F80/><W30/><G81/><N who="0" m="47159" /><D42/><U8/><E8/><V53/><F53/><W105/><G83/><T117/><D54/><U77/><E77/><V129/><F130/><W73/><G56/><T123/><D117/><U121/><E121/><V11/><F11/><W48/><G0/><T5/><D123/><U29/><E29/><V104/><F104/><W35/><G105/><T89/><D96/><U79/><E79/><V132/><F132/><W97/><G99/><T125/><D125/><U100/><E100/><V50/><F50/><W74/><G48/><T88/><D63/><U102/><E102/><V31/><F31/><W114/><G127/><T70/><D61/><RYUUKYOKU ba="1,1" sc="65,-15,235,15,367,15,323,-15" hai1="9,14,16,19,21,37,43,44,85,90,94,120,122" hai2="13,20,76,82,87,98,101,106,129,131,133,134,135" /><INIT seed="2,2,1,0,4,26" ten="50,250,382,308" oya="2" hai0="96,119,93,118,99,16,132,19,65,106,30,50,36" hai1="23,54,89,112,127,115,120,128,105,49,94,64,0" hai2="6,107,52,15,73,98,131,100,122,129,27,5,24" hai3="114,72,40,21,104,90,116,108,81,47,79,126,78"/><V41/><F73/><W44/><G116/><N who="0" m="44587" /><D36/><U91/><E105/><V32/><F122/><W28/><G104/><T7/><D7/><N who="2" m="2570" /><F41/><W31/><G108/><T9/><D65/><U130/><E0/><V22/><F32/><W17/><G126/><T14/><D132/><U121/><E64/><V87/><F87/><N who="3" m="50543" /><G72/><T34/><D106/><U63/><E63/><V71/><F71/><W95/><G95/><T135/><D135/><U67/><E67/><V57/><F15/><N who="3" m="9407" /><G114/><N who="1" m="43562" /><E23/><V109/><F22/><W134/><G134/><T102/><D50/><U45/><E127/><V69/><F69/><W2/><G2/><T92/><D19/><U110/><E110/><V66/><F66/><W11/><G11/><T77/><D77/><N who="3" m="29193" /><G40/><T111/><D111/><U12/><E12/><V83/><F83/><W8/><G8/><T13/><D13/><U39/><E39/><V113/><F113/><W75/><G75/><T70/><D70/><U125/><E125/><V10/><F10/><W133/><G133/><T43/><D43/><U74/><E74/><V103/><F109/><W86/><G86/><T18/><D18/><U55/><E94/><N who="0" m="36457" /><D102/><U53/><E91/><V4/><F103/><W33/><G33/><T60/><D60/><U58/><E89/><V80/><F80/><W117/><G117/><T3/><D3/><U84/><E84/><V56/><F4/><W25/><G25/><AGARI ba="2,1" hai="9,14,16,25,30,34,96,99" m="36457,44587" machi="25" ten="30,3900,0" yaku="12,1,52,1,54,1" doraHai="26" who="0" fromWho="3" sc="50,55,250,0,382,0,308,-45" /><INIT seed="3,0,0,0,2,29" ten="105,250,382,263" oya="3" hai0="53,7,54,63,43,83,14,86,91,3,124,44,23" hai1="115,125,32,49,39,57,102,71,95,129,5,61,36" hai2="93,42,105,118,58,69,135,46,117,85,121,79,100" hai3="11,87,122,89,0,4,112,62,74,67,25,13,17"/><W35/><G74/><T76/><D3/><U31/><E115/><V30/><F69/><W21/><G122/><T33/><D33/><U10/><E129/><V127/><F30/><W114/><G0/><T20/><D124/><U60/><E125/><V68/><F68/><W45/><G45/><T94/><D63/><U50/><E50/><V64/><F105/><W110/><G110/><T56/><D56/><U131/><E49/><V101/><F121/><W120/><G120/><T126/><D23/><U90/><E131/><V106/><F106/><W109/><G109/><T55/><D126/><U34/><E61/><N who="2" m="37943" /><F135/><W52/><G35/><T48/><D20/><U134/><E31/><V113/><F113/><W8/><G8/><T80/><REACH who="0" step="1"/><D76/><REACH who="0" ten="95,250,382,263" step="2"/><U92/><E71/><V16/><F79/><W77/><G77/><T66/><D66/><U15/><E134/><V84/><F127/><W104/><G67/><T22/><D22/><U78/><E78/><V111/><F111/><W107/><G114/><T1/><D1/><U24/><E60/><V130/><F130/><W99/><G112/><T70/><D70/><U12/><E57/><V119/><F119/><W81/><G62/><T73/><D73/><U65/><E65/><V19/><F118/><W98/><G104/><T40/><D40/><U59/><E59/><V41/><F117/><W28/><G107/><T97/><D97/><N who="3" m="36873" /><G52/><T6/><D6/><AGARI ba="0,1" hai="4,6,11,13,17,21,25,28,81,87,89" m="36873" machi="6" ten="30,1500,0" yaku="8,1" doraHai="29" who="3" fromWho="0" sc="95,-15,250,0,382,0,263,25" /><INIT seed="3,1,0,1,1,85" ten="80,250,382,288" oya="3" hai0="54,101,129,36,10,63,68,89,58,44,77,91,79" hai1="42,114,87,13,26,127,11,112,50,111,47,55,67" hai2="51,131,86,66,107,69,132,19,92,52,95,62,135" hai3="38,14,64,120,39,20,99,60,45,115,53,29,22"/><W117/><G117/><T72/><D72/><U46/><E111/><V33/><F131/><W121/><G115/><T104/><D129/><U1/><E1/><V74/><F74/><W28/><G39/><T31/><D31/><U41/><E67/><V83/><F107/><W12/><G99/><T27/><D27/><U90/><E55/><V106/><F106/><W59/><G38/><T98/><D68/><U134/><E26/><V0/><F0/><W133/><G133/><N who="2" m="51273" /><F19/><N who="3" m="10343" /><G121/><T70/><D70/><U34/><E34/><V123/><F33/><W116/><G116/><T8/><D8/><U71/><E71/><V113/><F113/><W108/><G108/><T118/><D118/><U93/><E127/><V94/><F123/><W105/><G105/><T78/><REACH who="0" step="1"/><D10/><REACH who="0" ten="70,250,382,288" step="2"/><U24/><E24/><V15/><F15/><W6/><G120/><T23/><D23/><U61/><E134/><V122/><F122/><W57/><G22/><T5/><D5/><U17/><REACH who="1" step="1"/><E61/><REACH who="1" ten="70,240,382,288" step="2"/><V43/><F62/><N who="3" m="36143" /><G29/><T130/><D130/><U109/><E109/><V124/><F69/><W110/><G28/><T37/><D37/><AGARI ba="1,2" hai="11,13,17,37,41,42,46,47,50,87,90,93,112,114" machi="37" ten="30,3900,0" yaku="1,1,7,1,52,1,53,0" doraHai="85" doraHaiUra="49" who="1" fromWho="0" sc="70,-42,240,62,382,0,288,0" /><INIT seed="4,0,0,3,2,82" ten="28,302,382,288" oya="0" hai0="100,8,11,107,112,25,33,38,56,73,93,86,125" hai1="31,123,131,54,49,69,62,113,66,14,129,47,58" hai2="6,132,130,77,135,28,63,124,24,126,60,79,16" hai3="128,39,29,34,61,97,75,40,41,45,64,88,95"/><T53/><D38/><U37/><E31/><V15/><F6/><W21/><G128/><N who="1" m="49226" /><E14/><V5/><F5/><W52/><G75/><T99/><D73/><U36/><E123/><V71/><F130/><W134/><G34/><T118/><D125/><N who="2" m="48234" /><F79/><W101/><G134/><N who="2" m="51241" /><F77/><W65/><G41/><T89/><D112/><U106/><E106/><V120/><F120/><W133/><G133/><T22/><D33/><U96/><E96/><V104/><F104/><W111/><G111/><T59/><D118/><U46/><E113/><V30/><F71/><W55/><G64/><T121/><D59/><U13/><E13/><V114/><F114/><W92/><G29/><N who="2" m="11369" /><F24/><W51/><G21/><AGARI ba="0,0" hai="15,16,21,60,63" m="11369,51241,48234" machi="21" ten="30,3900,0" yaku="18,1,20,1,54,1" doraHai="82" who="2" fromWho="3" sc="28,0,302,0,382,39,288,-39" /><INIT seed="5,0,0,2,2,27" ten="28,302,421,249" oya="1" hai0="6,131,3,77,7,84,130,81,71,104,18,20,76" hai1="47,121,52,99,28,119,54,92,125,93,5,100,42" hai2="26,101,114,25,1,8,133,98,32,110,135,23,69" hai3="10,124,70,24,22,51,75,16,120,73,115,39,116"/><U132/><E119/><V83/><F110/><W66/><G39/><T107/><D71/><U45/><E121/><V105/><F69/><W123/><G75/><T111/><D111/><U80/><E132/><N who="2" m="50763" /><F114/><W21/><G73/><T33/><D33/><U102/><E125/><V118/><F118/><W103/><G116/><T67/><D67/><U44/><E80/><V90/><F32/><W91/><G103/><T12/><D77/><U15/><E42/><V126/><F126/><W17/><G124/><T48/><D48/><U108/><E108/><V112/><F112/><W40/><G115/><T49/><D49/><U85/><E28/><V129/><F129/><N who="0" m="49162" /><D3/><U134/><E134/><V0/><F8/><W113/><G10/><T50/><D50/><U53/><E85/><N who="2" m="50495" /><F26/><W41/><G113/><T109/><D109/><U72/><E72/><V59/><F59/><W30/><G120/><T122/><D122/><U74/><E74/><V96/><F98/><W65/><G123/><T63/><D63/><U82/><E82/><V128/><F128/><W43/><G70/><T35/><D35/><U29/><E29/><AGARI ba="0,0" hai="0,1,23,25,29,96,101,105" m="50495,50763" machi="29" ten="30,2000,0" yaku="20,1,52,1" doraHai="27" who="2" fromWho="1" sc="28,0,302,-20,421,20,249,0" /><INIT seed="6,0,0,2,5,86" ten="28,282,441,249" oya="2" hai0="5,121,75,31,36,0,52,76,63,116,54,89,62" hai1="58,114,35,18,88,21,32,90,103,100,105,70,51" hai2="71,104,95,56,135,26,17,67,42,132,28,30,50" hai3="7,98,79,55,23,12,39,2,117,73,78,45,92"/><V19/><F104/><W68/><G68/><T123/><D36/><U112/><E70/><V82/><F71/><W10/><G117/><T38/><D38/><U124/><E124/><V129/><F129/><W120/><G73/><T118/><D75/><U22/><E18/><N who="2" m="6667" /><F26/><W40/><G120/><T53/><D31/><U119/><E105/><V60/><F82/><W24/><G2/><T47/><D76/><U87/><E87/><V3/><F3/><W6/><G6/><T44/><D5/><U74/><E74/><V109/><F109/><W97/><G97/><T127/><D0/><U133/><E58/><V80/><F80/><W20/><G55/><T1/><D1/><U48/><E133/><V102/><F102/><W43/><G43/><T106/><D106/><U107/><E107/><V64/><F95/><W69/><G69/><T101/><D101/><U8/><E8/><V93/><F93/><W115/><G23/><T91/><REACH who="0" step="1"/><D54/><REACH who="0" ten="18,282,441,249" step="2"/><U72/><E72/><V130/><F28/><N who="3" m="17415" /><G39/><T41/><D41/><U96/><E96/><V46/><F30/><W77/><G40/><T131/><D131/><U134/><E134/><N who="2" m="51243" /><F130/><W11/><G78/><T59/><D59/><U85/><E85/><V66/><AGARI ba="0,1" hai="42,46,50,56,60,64,66,67" m="51243,6667" machi="66" ten="30,1500,0" yaku="20,1" doraHai="86" who="2" fromWho="2" sc="18,-5,282,-5,441,25,249,-5" /><INIT seed="6,1,0,3,5,26" ten="13,277,466,244" oya="2" hai0="63,9,66,100,51,23,82,58,33,118,62,134,74" hai1="20,122,94,115,29,75,111,35,25,97,126,59,16" hai2="103,85,47,53,42,44,127,101,0,70,34,1,4" hai3="43,83,69,121,102,129,68,123,61,132,119,3,22"/><V92/><F70/><W5/><G119/><T49/><D33/><U86/><E75/><V87/><F34/><W37/><G22/><T39/><D100/><U73/><E73/><V96/><F53/><W130/><G83/><T91/><D74/><U19/><E111/><V17/><F17/><W114/><G102/><T72/><D9/><U12/><E115/><V120/><F92/><W89/><G89/><T133/><D23/><U84/><E122/><N who="3" m="46602" /><G132/><T41/><D72/><U108/><E108/><V55/><F4/><W117/><G117/><T50/><D82/><U113/><E126/><V48/><F55/><W13/><G13/><T125/><D91/><U77/><E113/><V107/><F107/><W32/><G32/><T79/><D79/><U38/><E38/><V10/><F127/><W18/><G18/><T36/><D118/><U99/><E59/><V78/><F78/><W128/><G61/><T80/><D80/><U7/><E7/><V135/><F101/><W65/><G65/><T56/><D125/><U31/><E77/><V67/><F67/><W95/><G95/><T98/><D98/><N who="1" m="37387" /><E35/><V109/><F96/><W52/><G114/><T30/><D30/><N who="1" m="11275" /><E94/><V24/><F109/><W15/><G3/><T60/><D66/><U40/><E40/><V76/><F42/><W8/><G43/><T54/><D54/><U81/><E81/><V27/><F76/><W90/><G52/><T131/><D131/><U71/><E71/><N who="3" m="27210" /><G90/><T14/><D14/><U104/><E104/><V110/><F110/><W106/><G106/><T116/><D116/><U2/><E2/><RYUUKYOKU ba="1,0" sc="13,-15,277,15,466,-15,244,15" hai1="12,16,19,20,25,84,86" hai3="5,8,15,37,128,129,130" owari="-2,-50.0,292,9.0,451,55.0,259,-14.0" /></mjloggm>