<mjloggm ver="2.3"><GO type="169" lobby="0"/><UN n0="%E5%B7%9D%E6%9D%91%E6%99%83%E8%A3%95%EF%BC%88%E4%B8%A1%E6%96%B9%EF%BC%89" n1="%69%6B%65%69%6B%65%69" n2="%E3%82%A6%E3%83%AB%E3%83%88%E3%83%A9%E7%AB%8B%E7%9B%B4" n3="%E9%A7%84%E5%A6%B9" dan="16,16,16,17" rate="2129.35,2061.07,2105.38,2128.23" sx="M,M,M,F"/><TAIKYOKU oya="0"/><INIT seed="0,0,0,0,1,111" ten="250,250,250,250" oya="0" hai0="74,97,52,21,78,100,26,42,58,48,65,94,75" hai1="92,56,103,131,122,135,30,133,130,106,118,121,19" hai2="14,98,29,38,120,71,12,90,32,10,77,66,3" hai3="72,6,134,13,86,15,51,101,60,43,96,89,35"/><T69/><D42/><U107/><E30/><V39/><F120/><N who="1" m="46185" /><E19/><N who="2" m="8599" /><F90/><W81/><G35/><T87/><D69/><U49/><E49/><V93/><F93/><N who="3" m="58511" /><G72/><T33/><D33/><U53/><E53/><V67/><F98/><W76/><G134/><N who="1" m="51210" /><E56/><V128/><F77/><W55/><G6/><T37/><D37/><U116/><E92/><V23/><F66/><W104/><G104/><N who="1" m="39978" /><E103/><V47/><F67/><W57/><G76/><T62/><D48/><U44/><E44/><AGARI ba="0,0" hai="13,15,43,44,51,55,57,60,81,86,89" m="58511" machi="44" ten="30,1000,0" yaku="8,1" doraHai="111" who="3" fromWho="1" sc="250,0,250,-10,250,0,250,10" /><INIT seed="1,0,0,1,2,112" ten="250,240,250,260" oya="1" hai0="66,0,1,91,39,60,6,67,101,121,81,75,14" hai1="114,96,88,21,119,83,78,72,3,65,125,5,116" hai2="131,46,28,70,93,133,34,95,50,61,69,71,36" hai3="68,19,76,120,94,27,135,134,97,17,122,38,4"/><U64/><E114/><V37/><F34/><W7/><G68/><N who="2" m="26217" /><F28/><W109/><G38/><N who="2" m="14953" /><F93/><W124/><G109/><T33/><D39/><U41/><E41/><N who="2" m="24911" /><F95/><W9/><G124/><T10/><D91/><U15/><E3/><V52/><F131/><W106/><G106/><T73/><D14/><U31/><E125/><V29/><F29/><W30/><G76/><T59/><D10/><U11/><E96/><V89/><F89/><W79/><G79/><T22/><D22/><U92/><E64/><N who="2" m="41359" /><F133/><N who="3" m="50699" /><G94/><T104/><D81/><U63/><E63/><V132/><F132/><W100/><G100/><T54/><D33/><U123/><E65/><V130/><F130/><W128/><G128/><T102/><D6/><N who="3" m="2089" /><G97/><T74/><D104/><U24/><REACH who="1" step="1"/><E123/><REACH who="1" ten="250,230,250,260" step="2"/><N who="3" m="47146" /><G9/><T86/><D121/><U129/><E129/><V118/><F118/><W18/><G30/><T20/><D67/><U48/><E48/><V111/><F111/><W16/><N who="3" m="4608" /><DORA hai="55" /><W32/><G32/><T8/><D66/><U26/><E26/><AGARI ba="0,1" hai="26,27" m="4608,47146,2089,50699" machi="26" ten="50,12000,2" yaku="28,2,20,1,34,2,54,1" doraHai="112,55" who="3" fromWho="1" sc="250,0,230,-120,250,0,260,130" /><INIT seed="2,0,0,2,2,108" ten="250,110,250,390" oya="2" hai0="3,128,131,19,91,129,70,107,74,58,110,10,27" hai1="36,41,99,4,123,26,86,2,83,135,50,65,93" hai2="62,97,118,40,116,54,133,57,20,7,113,87,53" hai3="79,100,17,101,115,34,29,46,130,49,59,127,12"/><V84/><F40/><W80/><G130/><T5/><D110/><U51/><E36/><V43/><F43/><W15/><G127/><T21/><D70/><U95/><E123/><V22/><F7/><W28/><G59/><T77/><D107/><U33/><E135/><V44/><F133/><W8/><G15/><T0/><D91/><U11/><E65/><V76/><F97/><W64/><G64/><T25/><D58/><U126/><E126/><V105/><F105/><W106/><G115/><T73/><D77/><U48/><E41/><V42/><F113/><W63/><G63/><T102/><D102/><N who="3" m="39529" /><G34/><T6/><REACH who="0" step="1"/><D27/><REACH who="0" ten="240,110,250,390" step="2"/><U13/><E99/><V122/><F122/><W96/><G106/><T103/><D103/><U55/><E55/><V66/><F54/><N who="3" m="30007" /><G96/><T89/><D89/><U37/><E37/><V61/><F76/><W117/><G117/><T119/><D119/><U92/><E26/><V85/><F116/><W16/><G79/><T124/><D124/><U134/><E134/><V32/><F118/><W90/><G90/><T24/><D24/><U121/><E121/><V112/><F112/><W82/><G82/><T67/><D67/><U9/><E33/><V72/><F32/><W35/><G80/><T47/><D47/><U38/><E38/><V31/><F44/><W78/><G78/><T132/><D132/><U109/><E109/><V125/><F125/><W88/><G35/><T75/><D75/><U18/><REACH who="1" step="1"/><E83/><REACH who="1" ten="240,100,250,390" step="2"/><V98/><F66/><W39/><G39/><T104/><D104/><U68/><E68/><V14/><F42/><W45/><G45/><RYUUKYOKU ba="0,2" sc="240,15,100,15,250,-15,390,-15" hai0="0,3,5,6,10,19,21,25,73,74,128,129,131" hai1="2,4,9,11,13,18,48,50,51,86,92,93,95" /><INIT seed="3,1,2,4,5,14" ten="255,115,235,375" oya="3" hai0="11,35,63,6,127,62,25,75,9,100,29,130,118" hai1="2,98,28,20,0,97,43,74,115,33,56,91,57" hai2="3,12,114,88,92,124,68,134,71,64,73,23,52" hai3="106,65,49,5,34,112,78,116,42,54,132,30,86"/><W21/><G106/><T85/><D118/><U67/><E74/><V7/><F73/><W120/><G34/><T128/><D75/><U10/><E33/><V46/><F114/><W8/><G120/><T70/><D127/><U45/><E115/><V37/><F124/><W96/><G132/><T13/><D100/><U72/><E72/><V53/><F134/><W66/><G96/><T108/><D108/><U111/><E111/><V93/><F3/><W17/><G30/><T99/><D99/><U47/><E28/><V83/><F37/><W22/><G22/><T48/><D70/><U84/><E20/><V81/><F64/><W110/><G42/><T133/><D133/><U104/><E10/><N who="2" m="4191" /><F68/><W129/><G129/><N who="0" m="49771" /><D48/><U41/><E84/><N who="2" m="52231" /><F71/><W123/><G112/><T31/><D31/><U76/><E91/><V90/><F23/><W95/><G110/><T60/><D85/><U109/><E109/><V38/><F38/><W126/><G126/><T77/><D11/><U16/><E76/><AGARI ba="1,2" hai="6,9,13,25,29,35,60,62,63,76,77" m="49771" machi="76" ten="30,1000,0" yaku="19,1" doraHai="14" who="0" fromWho="1" sc="255,33,115,-13,235,0,375,0" /><INIT seed="4,0,0,5,1,32" ten="288,102,235,375" oya="0" hai0="72,61,59,36,121,101,126,62,45,92,85,37,108" hai1="4,60,54,43,63,10,110,133,51,131,23,65,15" hai2="21,47,20,14,33,86,53,74,11,115,128,123,88" hai3="13,125,120,134,91,50,69,34,84,77,94,35,39"/><T87/><D72/><U8/><E110/><V7/><F74/><W76/><G39/><T0/><D121/><U17/><E133/><V95/><F33/><W114/><G69/><T122/><D122/><U29/><E131/><V97/><F123/><W111/><G111/><T1/><D101/><U105/><E105/><V107/><F115/><W40/><G114/><T99/><D108/><U116/><E43/><V135/><F135/><W52/><G40/><T28/><D28/><U42/><E42/><V79/><F128/><W93/><G35/><T96/><D59/><U103/><E103/><V46/><F107/><W27/><G125/><T82/><D92/><U129/><E129/><V30/><F30/><W44/><G134/><T73/><D73/><U57/><E116/><V67/><F67/><W26/><G34/><T117/><D82/><U41/><E41/><V89/><F79/><N who="3" m="30283" /><G120/><T56/><D56/><U106/><E106/><V112/><F112/><W71/><G71/><T127/><D45/><N who="2" m="16906" /><F53/><W55/><G55/><T38/><D38/><U75/><E75/><V24/><F24/><W113/><G13/><T5/><D5/><U48/><E29/><V64/><F64/><W66/><G66/><T68/><D68/><U130/><E130/><V49/><F49/><N who="1" m="19017" /><E4/><V119/><F119/><AGARI ba="0,0" hai="0,1,36,37,61,62,85,87,96,99,117,119,126,127" machi="119" ten="25,9600,0" yaku="22,2,52,2" doraHai="32" who="0" fromWho="2" sc="288,96,102,0,235,-96,375,0" /><INIT seed="4,1,0,5,3,74" ten="384,102,139,375" oya="0" hai0="105,42,57,34,86,51,116,114,17,122,53,89,43" hai1="131,7,111,49,121,79,93,107,78,104,15,39,27" hai2="5,18,61,103,54,106,117,12,80,134,62,102,8" hai3="59,110,65,90,2,60,30,96,0,66,21,126,4"/><T3/><D122/><U129/><E39/><V133/><F117/><W13/><G110/><T95/><D116/><U73/><E27/><V56/><F62/><W33/><G33/><T40/><D3/><U120/><E49/><V64/><F64/><W9/><G66/><T70/><D70/><U92/><E15/><V19/><F19/><W45/><G45/><T128/><D105/><U72/><REACH who="1" step="1"/><E7/><REACH who="1" ten="384,92,139,375" step="2"/><V68/><F5/><N who="3" m="3247" /><G2/><T112/><D51/><U22/><E22/><V1/><F1/><W32/><G0/><T38/><D38/><U91/><E91/><V26/><F26/><N who="3" m="16719" /><G4/><T47/><D89/><U76/><E76/><V28/><F12/><W11/><G32/><T63/><D34/><U97/><E97/><V83/><F8/><W67/><G11/><T48/><D48/><U55/><E55/><V16/><F54/><N who="3" m="33911" /><G126/><T135/><D53/><U85/><E85/><V31/><F31/><W58/><G96/><T88/><D86/><U37/><E37/><V99/><F28/><W119/><G90/><T69/><D88/><U75/><E75/><V94/><F99/><W125/><G125/><T24/><D24/><U115/><E115/><V6/><F6/><W87/><G87/><T50/><D50/><U123/><E123/><V101/><F18/><W113/><G113/><T130/><D17/><U132/><E132/><V77/><F16/><W36/><G36/><T124/><D114/><U118/><E118/><V109/><F134/><W41/><G119/><T71/><D135/><U20/><E20/><V81/><F133/><W14/><G14/><T25/><D112/><RYUUKYOKU ba="1,1" sc="384,-10,92,30,139,-10,375,-10" hai1="72,73,78,79,92,93,104,107,111,120,121,129,131" /><INIT seed="5,2,1,1,4,35" ten="374,122,129,365" oya="1" hai0="104,0,6,94,50,34,130,115,11,106,103,112,81" hai1="59,80,78,29,63,70,101,128,14,15,37,79,7" hai2="55,109,39,60,124,110,22,89,41,44,18,3,113" hai3="120,131,77,119,64,42,97,95,122,49,21,126,88"/><U47/><E70/><V46/><F124/><W132/><G119/><T5/><D34/><U74/><E29/><V9/><F113/><N who="0" m="43594" /><D130/><U27/><E128/><V65/><F89/><W54/><G126/><T133/><D133/><U76/><E101/><V56/><F46/><W118/><G118/><T87/><D5/><U114/><E114/><V99/><F99/><W90/><G90/><N who="0" m="51567" /><D50/><U45/><E27/><V10/><F55/><W12/><G12/><T30/><D30/><U43/><E47/><V48/><F39/><W129/><G132/><T82/><D82/><U127/><E127/><V135/><F135/><W68/><G42/><T69/><D69/><U98/><E98/><AGARI ba="2,1" hai="0,6,11,94,98,103,104,106" m="51567,43594" machi="98" ten="30,2000,0" yaku="15,1,52,1" doraHai="35" who="0" fromWho="1" sc="374,36,122,-26,129,0,365,0" /><INIT seed="6,0,0,5,0,54" ten="410,96,129,365" oya="2" hai0="120,6,7,90,58,112,17,82,119,62,99,102,0" hai1="122,41,27,23,47,48,133,92,53,125,36,117,37" hai2="28,116,14,16,34,12,77,4,69,11,89,30,87" hai3="39,1,128,132,72,19,108,101,52,84,85,110,135"/><V115/><F69/><W113/><G72/><T35/><D120/><U67/><E117/><V75/><F116/><W15/><G39/><T33/><D119/><U59/><E122/><V79/><F115/><W66/><G66/><T107/><D112/><U78/><E133/><V61/><F75/><W51/><G1/><T18/><D35/><U86/><E125/><V93/><F61/><W65/><G65/><T71/><D33/><U127/><E67/><V111/><F111/><W73/><G73/><T94/><D71/><U29/><E127/><V42/><F42/><W88/><G101/><T40/><D40/><U81/><REACH who="1" step="1"/><E92/><REACH who="1" ten="410,86,129,365" step="2"/><V2/><F2/><W20/><G113/><T104/><D104/><U100/><E100/><V57/><F57/><N who="3" m="32927" /><G128/><T95/><D94/><U44/><E44/><V76/><REACH who="2" step="1"/><F34/><REACH who="2" ten="410,86,119,365" step="2"/><W129/><G129/><T68/><D58/><U134/><E134/><V114/><F114/><W118/><G118/><T98/><D68/><U9/><E9/><AGARI ba="0,2" hai="4,9,11,12,14,16,28,30,76,77,79,87,89,93" machi="9" ten="40,7700,0" yaku="1,1,8,1,54,1,53,0" doraHai="54" doraHaiUra="96" who="2" fromWho="1" sc="410,0,86,-77,119,97,365,0" /><INIT seed="6,1,0,5,5,49" ten="410,9,216,365" oya="2" hai0="113,12,48,14,103,22,78,126,80,34,101,104,13" hai1="8,0,100,83,75,41,127,108,135,31,96,84,19" hai2="65,117,5,116,27,28,4,53,128,63,18,111,10" hai3="47,44,132,2,7,86,52,124,105,43,77,32,23"/><V16/><F117/><W37/><G32/><T1/><D1/><U76/><E31/><V87/><F116/><W130/><G105/><T98/><D34/><U54/><E108/><V115/><F115/><W118/><G118/><T36/><D36/><U133/><E41/><V21/><F128/><W3/><G130/><T6/><D113/><U39/><E39/><V60/><F111/><W25/><G7/><T89/><D126/><U55/><E127/><V73/><F73/><W88/><G77/><T125/><D125/><U57/><E75/><V61/><F65/><W30/><G132/><N who="1" m="50762" /><E57/><N who="2" m="34863" /><F87/><W91/><G124/><T106/><D89/><U102/><E102/><V35/><F35/><W90/><G86/><T40/><D6/><N who="2" m="2666" /><F10/><W81/><G81/><T68/><D68/><U120/><E120/><V79/><F79/><W112/><G112/><T93/><D78/><U15/><E0/><V29/><F29/><W72/><G72/><T131/><D131/><U107/><AGARI ba="1,0" hai="8,15,19,54,55,76,83,84,96,100,107" m="50762" machi="107" ten="30,4000,0" yaku="20,1,52,2" doraHai="49" who="1" fromWho="1" sc="410,-11,9,43,216,-21,365,-11" /><INIT seed="7,0,0,1,4,32" ten="399,52,195,354" oya="3" hai0="25,129,131,3,51,24,75,11,1,89,46,113,74" hai1="28,72,88,61,70,7,105,130,120,107,49,37,17" hai2="126,78,90,55,109,10,117,26,40,58,71,99,98" hai3="36,30,66,47,132,85,81,128,44,86,27,53,16"/><W100/><G128/><N who="0" m="49227" /><D113/><U134/><E17/><V112/><F71/><W12/><G132/><T91/><D91/><U56/><E7/><V6/><F78/><W35/><G66/><T52/><D89/><U19/><E19/><V4/><F40/><W39/><G100/><T57/><D24/><U59/><E88/><V111/><F90/><W68/><G68/><T79/><D25/><U34/><E28/><V95/><F95/><W8/><G85/><T54/><D11/><U80/><E80/><V5/><F5/><W67/><G67/><T63/><D79/><U127/><E49/><V82/><F82/><W21/><G30/><T121/><D121/><U106/><E59/><V2/><F58/><W104/><G104/><T33/><D33/><U101/><E56/><V92/><F6/><W60/><G35/><T125/><D125/><U118/><E61/><V14/><F14/><W73/><G73/><AGARI ba="0,0" hai="1,3,46,51,52,54,57,63,73,74,75" m="49227" machi="73" ten="30,7700,0" yaku="19,1,52,2,54,1" doraHai="32" who="0" fromWho="3" sc="399,77,52,0,195,0,354,-77" owari="476,57.0,52,-45.0,195,-20.0,277,8.0" /></mjloggm>