<mjloggm ver="2.3"><GO type="97" lobby="0"/><UN n0="%62%61%6B%61%7A%6F%6E%6E" n1="%E3%83%AD%E3%83%BC%E3%82%BA%E6%9C%80%E9%AB%98" n2="%E5%B0%B1%E6%B4%BB%E7%94%9F%40%E5%B7%9D%E6%9D%91%E8%BB%8D%E5%9B%A3" n3="%E7%AB%8B%E6%B5%AA%E5%92%8C%E7%BE%A9%EF%BC%A0%E4%B8%AD%E6%97%A5" dan="14,13,15,13" rate="1909.30,1931.17,2049.86,1990.73" sx="M,M,M,M"/><TAIKYOKU oya="0"/><INIT seed="0,0,0,0,3,125" ten="250,250,250,250" oya="0" hai0="45,129,114,113,35,111,24,1,17,11,43,30,126" hai1="104,78,81,52,99,74,109,19,16,131,87,94,38" hai2="51,15,103,75,28,116,44,107,123,49,29,69,96" hai3="100,119,133,53,6,89,80,31,25,62,5,93,40"/><T132/><D126/><U135/><E38/><V36/><F123/><W56/><G119/><T102/><D132/><U7/><E135/><V117/><F69/><W13/><G133/><T61/><D102/><U23/><E109/><V59/><F75/><W121/><G121/><T4/><D111/><U79/><E79/><V101/><F101/><W130/><G130/><T68/><D129/><U88/><E7/><V2/><F2/><W27/><G40/><T58/><D17/><U73/><E73/><V105/><F105/><W72/><G100/><T46/><D68/><U10/><E131/><V22/><F36/><W65/><G72/><T3/><D3/><U33/><E33/><V134/><F134/><W55/><G80/><T60/><D60/><U32/><E32/><V108/><F108/><W50/><G53/><T122/><D122/><U0/><E52/><N who="2" m="32143" /><F15/><W97/><G13/><T112/><REACH who="0" step="1"/><D43/><REACH who="0" ten="240,250,250,250" step="2"/><U85/><E0/><V64/><F64/><AGARI ba="0,1" hai="1,4,11,24,30,35,45,46,58,61,64,112,113,114" machi="64" ten="40,3900,0" yaku="1,1,2,1,53,0" doraHai="125" doraHaiUra="83" who="0" fromWho="2" sc="240,49,250,0,250,-39,250,0" /><INIT seed="0,1,0,1,3,1" ten="289,250,211,250" oya="0" hai0="104,39,101,93,5,69,99,88,46,87,43,63,133" hai1="85,120,135,53,111,48,25,71,119,18,92,14,8" hai2="86,130,17,129,51,106,41,108,100,117,11,12,44" hai3="54,132,105,28,36,96,52,58,49,102,125,20,57"/><T47/><D133/><U84/><E120/><V26/><F108/><W68/><G132/><T16/><D5/><U76/><E135/><V60/><F117/><W113/><G113/><T50/><D69/><U34/><E119/><V122/><F122/><W128/><G128/><N who="2" m="49257" /><F106/><W110/><G110/><T118/><D118/><U55/><E71/><V127/><F127/><W72/><G125/><T75/><D63/><U83/><E111/><V123/><F123/><W114/><G114/><T27/><D75/><U56/><E34/><V37/><F100/><W81/><G68/><T30/><D16/><U90/><E55/><V0/><F0/><W33/><G36/><T107/><D47/><U21/><REACH who="1" step="1"/><E25/><REACH who="1" ten="289,240,211,250" step="2"/><V32/><F32/><W10/><G33/><T24/><D30/><U112/><E112/><V62/><F26/><W134/><G134/><T82/><D39/><U77/><E77/><V70/><F70/><W91/><G28/><T79/><D107/><U6/><E6/><V103/><F62/><W116/><G116/><T66/><D66/><U23/><AGARI ba="1,1" hai="8,14,18,21,23,48,53,56,76,83,84,85,90,92" machi="23" ten="30,4000,0" yaku="1,1,0,1,8,1,53,0" doraHai="1" doraHaiUra="40" who="1" fromWho="1" sc="289,-21,240,53,211,-11,250,-11" /><INIT seed="1,0,0,2,4,32" ten="268,293,200,239" oya="1" hai0="47,107,92,56,98,49,60,39,8,43,63,36,25" hai1="95,54,64,119,135,69,9,87,10,104,86,27,70" hai2="82,33,123,45,112,134,28,97,0,78,76,84,103" hai3="50,13,126,118,18,65,83,106,66,130,133,41,127"/><U11/><E119/><V29/><F123/><W20/><G118/><T113/><D107/><U1/><E104/><V91/><F112/><W81/><G106/><T16/><D113/><U79/><E135/><V59/><F134/><W46/><G133/><T110/><D110/><U129/><E129/><V117/><F117/><W44/><G130/><T102/><D60/><U99/><E69/><V96/><F0/><W93/><G93/><T89/><D102/><U23/><E54/><V62/><F45/><W2/><G2/><T37/><D37/><U80/><E86/><V111/><F111/><W31/><G31/><N who="2" m="11849" /><F33/><W6/><G6/><T17/><D17/><U74/><E74/><V109/><F109/><W115/><G115/><T14/><REACH who="0" step="1"/><D25/><REACH who="0" ten="258,293,200,239" step="2"/><U124/><E27/><V88/><F103/><W55/><G126/><T40/><D40/><U75/><E124/><V121/><F121/><W131/><G127/><T100/><D100/><U67/><E70/><V3/><F3/><W94/><G131/><T7/><D7/><U4/><E1/><V108/><F108/><W26/><G26/><T101/><D101/><U116/><E4/><V73/><F73/><W77/><G94/><T68/><D68/><U35/><E116/><V105/><F105/><W34/><G34/><T114/><D114/><U125/><E35/><V51/><F51/><N who="3" m="29159" /><G83/><T72/><D72/><U19/><E75/><V22/><F22/><W53/><G41/><T15/><D15/><N who="1" m="9727" /><E125/><V42/><F42/><W57/><G46/><T61/><D61/><U52/><E79/><N who="2" m="30251" /><F91/><W120/><G120/><T71/><D71/><RYUUKYOKU ba="0,1" sc="258,10,293,-30,200,10,239,10" hai0="8,14,16,36,39,43,47,49,56,63,89,92,98" hai2="59,62,82,84,88,96,97" hai3="13,18,20,50,53,57,65,66,77,81" /><INIT seed="2,1,1,1,2,74" ten="268,263,210,249" oya="2" hai0="40,98,84,18,15,3,79,44,31,122,64,89,54" hai1="16,65,24,23,103,117,85,20,114,13,2,7,130" hai2="112,9,11,69,110,32,50,99,118,58,131,27,73" hai3="34,51,119,48,80,29,17,62,47,102,66,4,19"/><V39/><F69/><W14/><G119/><T41/><D3/><U43/><E117/><V70/><F118/><W8/><G102/><T90/><D64/><U87/><E114/><V94/><F70/><W59/><G80/><N who="0" m="47135" /><D31/><U68/><E130/><V35/><F39/><W72/><G72/><T83/><D122/><U76/><E103/><V92/><F112/><W67/><G67/><T100/><D100/><U63/><E43/><N who="0" m="16457" /><D98/><U36/><E36/><V116/><F116/><W57/><G57/><T95/><D95/><U52/><E52/><N who="2" m="32023" /><F73/><W134/><G134/><T111/><D111/><U115/><E115/><V91/><F35/><W88/><G29/><T75/><D75/><U45/><E45/><V60/><F32/><W125/><G34/><T133/><D83/><U128/><E128/><V38/><F38/><W56/><G56/><T135/><D44/><U49/><E49/><V97/><F131/><W108/><G108/><T12/><D54/><U126/><E2/><V33/><F33/><W127/><G51/><T81/><D81/><U101/><E63/><V30/><F110/><W120/><G120/><T106/><D106/><U25/><E65/><V21/><F60/><W5/><G5/><T77/><D77/><U104/><E7/><V26/><F26/><W107/><G107/><T93/><D93/><U71/><E25/><V53/><F53/><W124/><REACH who="3" step="1"/><G88/><AGARI ba="1,1" hai="9,11,21,27,30,88,91,92,94,97,99" m="32023" machi="88" ten="30,5800,0" yaku="8,1,54,2" doraHai="74" who="2" fromWho="3" sc="268,0,263,0,210,71,249,-61" /><INIT seed="2,2,0,2,1,80" ten="268,263,281,188" oya="2" hai0="62,83,16,99,95,43,17,38,107,56,132,129,31" hai1="25,90,86,1,54,100,127,106,9,53,4,87,98" hai2="128,75,18,125,113,76,81,135,93,109,65,79,63" hai3="67,44,85,102,11,5,91,28,39,115,130,34,66"/><V30/><F113/><W42/><G130/><T10/><D107/><U13/><E127/><V24/><F125/><W59/><G115/><T52/><D129/><U2/><E2/><V122/><F122/><W72/><G72/><T110/><D132/><U105/><E105/><V50/><F128/><W123/><G123/><T78/><D110/><U77/><E1/><V15/><F135/><W104/><G28/><T114/><D31/><U96/><E96/><V19/><F109/><W119/><G34/><T118/><D118/><U12/><E12/><V124/><F124/><W111/><G111/><T47/><D114/><U51/><E25/><V26/><F76/><W21/><G21/><T41/><D41/><U74/><E51/><V3/><F3/><W22/><G22/><T97/><D10/><U32/><E32/><V55/><F93/><W57/><G119/><T58/><D58/><U60/><E60/><V134/><F134/><W69/><G102/><T82/><D82/><U70/><E70/><V116/><F116/><W108/><G104/><T133/><D133/><U48/><E48/><V94/><F94/><W36/><G36/><T131/><D131/><U7/><E7/><V89/><F89/><W117/><G117/><T0/><D0/><U61/><E61/><V73/><F73/><W120/><G120/><T68/><D68/><U45/><E74/><V14/><F30/><W64/><G69/><T101/><D97/><U88/><E77/><V33/><F33/><W126/><G126/><T35/><D35/><U71/><E71/><N who="2" m="42431" /><F24/><W92/><G108/><T40/><D40/><RYUUKYOKU ba="2,0" sc="268,15,263,-15,281,-15,188,15" hai0="16,17,38,43,47,52,56,62,78,83,95,99,101" hai3="5,11,39,42,44,57,59,64,66,67,85,91,92" /><INIT seed="3,3,0,5,4,49" ten="283,248,266,203" oya="3" hai0="134,106,6,71,132,3,33,15,125,47,32,21,17" hai1="130,24,77,108,97,52,113,73,50,37,44,102,8" hai2="62,127,14,20,31,39,128,120,96,0,22,51,42" hai3="67,88,86,99,53,112,56,124,104,87,58,95,79"/><W1/><G112/><T93/><D106/><U4/><E113/><V118/><F0/><W26/><G1/><T131/><D71/><U35/><E130/><V11/><F118/><W60/><G124/><T107/><D107/><U111/><E37/><V103/><F39/><W48/><G26/><T9/><D131/><U36/><E36/><V2/><F2/><W83/><REACH who="3" step="1"/><G104/><REACH who="3" ten="283,248,266,193" step="2"/><T40/><D125/><U41/><E24/><V55/><F127/><W72/><AGARI ba="3,1" hai="48,53,56,58,60,67,72,79,83,86,87,88,95,99" machi="72" ten="20,18000,2" yaku="1,1,2,1,0,1,7,1,52,1,54,1,53,1" doraHai="49" doraHaiUra="46" who="3" fromWho="3" sc="283,-63,248,-63,266,-63,193,199" owari="220,2.0,185,-31.0,203,-20.0,392,49.0" /></mjloggm>