<mjloggm ver="2.3"><GO type="97" lobby="0"/><UN n0="%E3%83%88%E3%83%88%E3%83%AA%E5%85%88%E7%94%9F%31%39%E6%AD%B3" n1="%28%E3%83%BB%EF%BC%8E%E3%83%BB%29" n2="%4E%45%57%2D%54%59%50%45" n3="%E6%9F%B3%E7%94%9F%E5%AE%97%E5%8E%B3" dan="13,14,14,14" rate="1966.62,1976.80,1954.01,1963.70" sx="F,F,M,M"/><TAIKYOKU oya="0"/><INIT seed="0,0,0,1,2,126" ten="250,250,250,250" oya="0" hai0="108,69,55,107,102,0,52,70,127,28,79,33,68" hai1="47,36,44,78,17,19,131,25,46,48,90,105,81" hai2="101,75,109,97,129,23,132,64,86,89,133,59,41" hai3="71,66,18,54,3,128,123,119,99,22,31,8,40"/><T117/><D117/><U15/><E105/><N who="2" m="63663" /><F109/><W50/><G119/><T74/><D127/><U122/><E122/><V125/><F75/><W121/><G31/><T82/><D0/><U88/><E36/><V51/><F125/><W7/><G40/><T29/><D108/><U37/><E37/><V87/><F23/><W110/><G110/><T106/><D102/><U115/><E115/><V5/><F5/><W73/><G73/><T58/><D55/><U76/><E48/><V9/><F9/><W12/><G99/><T43/><D43/><U24/><E131/><V84/><F129/><W42/><G42/><T14/><D14/><U61/><E61/><N who="2" m="37951" /><F41/><W103/><G103/><T124/><D124/><U65/><E65/><V130/><F51/><W35/><G66/><T30/><REACH who="0" step="1"/><D33/><REACH who="0" ten="240,250,250,250" step="2"/><U53/><E53/><V26/><F130/><W116/><G35/><T135/><D135/><U98/><E15/><V39/><F39/><W1/><G128/><T80/><D80/><U91/><E81/><N who="2" m="49295" /><F26/><N who="1" m="10345" /><E98/><V114/><F114/><W60/><G71/><T20/><D20/><U38/><E38/><V4/><F133/><W56/><G116/><T96/><D96/><U83/><E83/><V92/><F132/><W62/><G1/><T21/><D21/><U49/><E49/><AGARI ba="0,1" hai="28,29,30,49,52,58,68,69,70,74,79,82,106,107" machi="49" ten="50,12000,1" yaku="1,1,54,1,53,3" doraHai="126" doraHaiUra="67" who="0" fromWho="1" sc="240,130,250,-120,250,0,250,0" /><INIT seed="0,1,0,5,1,116" ten="370,130,250,250" oya="0" hai0="77,78,80,12,13,97,39,50,27,14,135,10,68" hai1="71,64,73,114,85,3,42,110,62,101,96,72,87" hai2="120,20,119,127,112,121,113,38,111,66,29,108,43" hai3="26,99,21,128,40,83,4,25,89,41,52,104,53"/><T19/><D39/><U8/><E110/><N who="2" m="42027" /><F66/><W134/><G134/><T102/><D68/><U63/><E114/><N who="2" m="44139" /><F43/><N who="3" m="16459" /><G104/><T118/><D118/><U47/><E63/><V70/><F38/><W74/><G74/><T45/><D135/><U23/><E23/><V6/><F70/><W129/><G4/><T5/><D27/><N who="3" m="10249" /><G21/><T95/><D80/><U55/><E85/><V125/><F6/><W117/><G117/><T30/><D30/><U32/><E87/><V31/><F119/><W88/><G83/><T79/><D19/><U16/><E55/><AGARI ba="1,0" hai="5,10,12,13,14,45,50,55,77,78,79,95,97,102" machi="55" ten="40,2000,0" yaku="8,1" doraHai="116" who="0" fromWho="1" sc="370,23,130,-23,250,0,250,0" /><INIT seed="0,2,0,5,3,42" ten="393,107,250,250" oya="0" hai0="115,69,62,23,78,114,113,116,124,46,17,109,128" hai1="28,118,3,15,48,6,57,32,86,123,2,89,58" hai2="81,70,105,79,127,7,43,99,60,95,135,4,50" hai3="5,10,22,52,80,108,36,53,120,38,44,73,16"/><T51/><D116/><U107/><E118/><V29/><F135/><W125/><G108/><T64/><D78/><U134/><E123/><V1/><F127/><W110/><G110/><T13/><D109/><U37/><E37/><V49/><F105/><W83/><G125/><T11/><D124/><U24/><E134/><V20/><F1/><W111/><G120/><T59/><D128/><U82/><E107/><V27/><F50/><W103/><G111/><T68/><REACH who="0" step="1"/><D11/><REACH who="0" ten="383,107,250,250" step="2"/><U30/><E30/><V67/><F79/><W101/><G73/><T131/><D131/><U39/><E39/><V88/><REACH who="2" step="1"/><F81/><REACH who="2" ten="383,107,240,250" step="2"/><N who="3" m="31307" /><G38/><T77/><D77/><U12/><E82/><V132/><F132/><W45/><G36/><T0/><D0/><U63/><E2/><V129/><F129/><W8/><G5/><T85/><D85/><U117/><E3/><V21/><F21/><W55/><G22/><T98/><D98/><U18/><E117/><V9/><F9/><N who="3" m="3691" /><G16/><T121/><D121/><U33/><E6/><V130/><F130/><W61/><G61/><T102/><D102/><AGARI ba="2,2" hai="44,45,52,53,55,101,102,103" m="3691,31307" machi="102" ten="30,12000,2" yaku="28,2,8,1,52,2,54,1" doraHai="42" who="3" fromWho="0" sc="383,-126,107,0,240,0,250,146" /><INIT seed="1,0,0,2,4,45" ten="257,107,240,396" oya="1" hai0="6,3,89,51,135,104,64,52,86,134,108,70,93" hai1="60,8,119,67,7,22,41,71,32,133,68,31,77" hai2="44,26,13,90,127,129,74,37,106,84,36,76,118" hai3="83,79,17,126,18,80,92,56,1,99,115,47,20"/><U114/><E114/><V15/><F118/><W35/><G115/><T40/><D104/><U2/><E119/><V113/><F127/><W54/><G1/><T53/><D108/><U46/><E133/><N who="0" m="50697" /><D3/><U0/><E0/><V91/><F113/><W123/><G35/><T112/><D112/><U14/><E77/><V87/><F129/><W124/><G123/><T131/><D6/><U130/><E130/><V16/><F106/><W49/><G17/><T24/><D131/><U100/><E100/><V102/><F102/><W105/><G105/><T121/><D121/><U30/><E30/><V122/><F122/><W62/><G79/><T5/><D5/><U125/><E125/><V117/><F117/><W132/><G132/><T103/><D103/><U95/><E95/><V33/><F33/><W111/><G111/><T101/><D101/><U97/><E97/><V58/><F58/><W38/><G38/><T110/><D110/><U59/><E32/><V9/><F26/><N who="3" m="14615" /><G124/><T48/><D40/><U66/><E66/><V4/><F76/><W78/><G78/><T98/><D24/><N who="1" m="16791" /><E2/><V116/><F74/><W42/><G126/><T75/><D75/><U88/><E88/><AGARI ba="0,0" hai="42,47,49,54,56,62,80,83,88,92,99" m="14615" machi="88" ten="30,7700,0" yaku="25,1,8,1,52,1,54,1" doraHai="45" who="3" fromWho="1" sc="257,0,107,-77,240,0,396,77" /><INIT seed="2,0,0,1,2,60" ten="257,30,240,473" oya="2" hai0="127,117,116,35,120,41,135,10,100,74,17,84,49" hai1="57,31,59,0,6,45,23,119,98,39,80,28,86" hai2="96,83,26,18,8,2,14,103,37,3,20,118,4" hai3="108,124,22,52,121,50,129,72,123,34,24,92,73"/><V78/><F118/><N who="0" m="45674" /><D74/><U19/><E119/><V42/><F42/><W75/><G34/><T110/><D120/><U90/><E0/><V11/><F37/><W38/><G38/><T62/><D35/><U12/><E39/><V122/><F122/><W99/><G108/><T82/><D110/><U88/><E6/><V79/><F11/><W125/><G129/><T76/><D135/><U95/><E45/><V115/><F115/><W56/><G123/><T67/><D127/><N who="3" m="48713" /><G121/><T27/><D100/><U65/><REACH who="1" step="1"/><E59/><REACH who="1" ten="257,20,240,473" step="2"/><V126/><F3/><W71/><G71/><T132/><D132/><U106/><E106/><V102/><F2/><W69/><G69/><T16/><D27/><U58/><E58/><V15/><F126/><W40/><G40/><T111/><D111/><U85/><E85/><V109/><F4/><W9/><G75/><T107/><D107/><U61/><AGARI ba="0,1" hai="12,19,23,28,31,57,61,65,80,86,88,90,95,98" machi="61" ten="30,8000,1" yaku="1,1,0,1,8,1,52,1,54,1,53,0" doraHai="60" doraHaiUra="105" who="1" fromWho="1" sc="257,-20,20,90,240,-40,473,-20" /><INIT seed="3,0,0,3,3,29" ten="237,110,200,453" oya="3" hai0="1,121,3,28,2,47,27,9,129,34,84,115,111" hai1="77,102,106,17,79,20,64,135,76,54,72,98,85" hai2="119,99,19,21,12,128,100,40,67,16,63,51,132" hai3="22,82,37,123,113,105,78,124,87,48,50,32,35"/><W42/><G113/><T58/><D121/><U90/><E64/><V8/><F119/><W107/><G123/><T97/><D115/><U25/><E54/><V24/><F128/><W110/><G37/><T89/><D129/><U13/><E13/><V26/><F132/><W120/><G120/><T101/><D111/><U127/><E127/><V86/><F26/><W103/><G110/><T18/><D58/><U30/><E17/><V118/><F118/><W53/><G124/><T108/><D108/><U14/><E14/><V11/><F86/><W91/><G42/><T31/><D31/><U7/><E7/><V80/><F80/><W73/><G107/><T93/><D18/><U94/><REACH who="1" step="1"/><E135/><REACH who="1" ten="237,100,200,453" step="2"/><V33/><F19/><W75/><G53/><T104/><D3/><U95/><E95/><V134/><F134/><W68/><G68/><T126/><D126/><U112/><E112/><V116/><F12/><W131/><G131/><T61/><D2/><U125/><E125/><V57/><F116/><W55/><G55/><T52/><D1/><U71/><E71/><V114/><F114/><W39/><G105/><T69/><D69/><U6/><E6/><V23/><F67/><W66/><G66/><T83/><D104/><U15/><E15/><V56/><F16/><W96/><G73/><T70/><D70/><U38/><E38/><V81/><F24/><W4/><G39/><T109/><D52/><U62/><E62/><V0/><F63/><W60/><G60/><T36/><D61/><U43/><E43/><V130/><F40/><W92/><G75/><T59/><D36/><RYUUKYOKU ba="0,1" sc="237,-10,100,30,200,-10,453,-10" hai1="20,25,30,72,76,77,79,85,90,94,98,102,106" owari="227,3.0,130,-37.0,190,-21.0,453,55.0" /></mjloggm>