<mjloggm ver="2.3"><GO type="41" lobby="0"/><UN n0="%E5%B0%B1%E6%B4%BB%E7%94%9F%40%E5%B7%9D%E6%9D%91%E8%BB%8D%E5%9B%A3" n1="%70%69%67%6E%61%74%74%61" n2="%E3%80%93%42%41%4C%53%E3%80%93" n3="%E3%81%8B%E3%81%98%E3%81%9D" dan="17,13,14,17" rate="2160.10,1855.67,1954.88,2121.99" sx="M,M,M,M"/><TAIKYOKU oya="0"/><INIT seed="0,0,0,2,4,113" ten="250,250,250,250" oya="0" hai0="130,98,69,37,18,1,127,26,54,35,59,134,2" hai1="105,40,36,11,70,124,81,49,48,44,79,22,50" hai2="133,6,115,112,128,60,102,9,64,101,82,78,10" hai3="58,83,67,15,29,76,31,46,27,12,90,61,86"/><T65/><D37/><U25/><E105/><V116/><F133/><W68/><G31/><T125/><D134/><U119/><E70/><V91/><F128/><W13/><G46/><T21/><D130/><U42/><E124/><N who="0" m="47689" /><D35/><U106/><E106/><V47/><F47/><W38/><G38/><T107/><D65/><U129/><E11/><V121/><F121/><W96/><G96/><T5/><D5/><U77/><E42/><V3/><F10/><W103/><G103/><N who="0" m="62967" /><D69/><U8/><E129/><V100/><F91/><W20/><REACH who="3" step="1"/><G68/><REACH who="3" ten="250,250,250,240" step="2"/><T72/><D72/><U123/><E36/><V135/><F135/><W92/><G92/><T55/><D55/><U52/><E52/><V108/><F115/><W39/><G39/><T19/><D19/><U88/><E44/><V122/><F112/><W51/><G51/><AGARI ba="0,1" hai="1,2,18,21,26,51,54,59" m="62967,47689" machi="51" ten="30,1500,0" yaku="18,1" doraHai="113" who="0" fromWho="3" sc="250,25,250,0,250,0,240,-15" /><INIT seed="0,1,0,2,3,131" ten="275,250,250,225" oya="0" hai0="64,103,63,135,44,51,92,1,119,74,19,84,90" hai1="49,69,66,83,55,37,29,94,87,26,17,89,104" hai2="106,27,73,28,75,76,22,124,47,40,93,41,5" hai3="50,14,111,78,52,113,23,120,98,85,91,45,112"/><T2/><D119/><U105/><E37/><V56/><F106/><W125/><G120/><T70/><D74/><U53/><E17/><V100/><F124/><W6/><G125/><T18/><D135/><U102/><E66/><V128/><F128/><W57/><G111/><T107/><D107/><U110/><E110/><V108/><F108/><W77/><G112/><T109/><D103/><U130/><E69/><V30/><F5/><W21/><G113/><T60/><D109/><U35/><E55/><V134/><F134/><W8/><G98/><T54/><D18/><U80/><E130/><V123/><F123/><W95/><G23/><T0/><D60/><U61/><E61/><V81/><F73/><W65/><G21/><T62/><D62/><AGARI ba="1,0" hai="6,8,14,45,50,52,57,62,65,77,78,85,91,95" machi="62" ten="40,2600,0" yaku="8,1,54,1" doraHai="131" who="3" fromWho="0" sc="275,-29,250,0,250,0,225,29" /><INIT seed="1,0,0,0,3,48" ten="246,250,250,254" oya="1" hai0="9,75,16,8,52,6,42,2,50,101,74,84,33" hai1="58,76,118,38,127,112,98,49,5,19,96,115,67" hai2="3,128,95,94,4,104,134,86,7,62,90,125,119" hai3="59,71,92,130,30,25,45,78,116,91,14,131,97"/><U73/><E38/><V32/><F119/><W89/><G71/><T80/><D33/><U124/><E118/><V103/><F32/><W108/><G116/><T132/><D42/><U29/><E5/><V61/><F104/><W120/><G120/><T100/><D132/><U56/><E29/><V81/><F134/><W121/><G121/><T70/><D70/><U87/><E73/><V35/><F35/><W27/><G78/><T26/><D75/><U31/><E31/><V0/><F128/><W69/><G69/><T77/><D74/><U88/><E76/><V110/><F110/><W65/><G108/><T37/><D37/><U39/><E19/><V64/><F125/><N who="1" m="48201" /><E39/><V1/><F62/><N who="3" m="38111" /><G30/><T57/><REACH who="0" step="1"/><D9/><REACH who="0" ten="236,250,250,254" step="2"/><U46/><E112/><V66/><F66/><W34/><G131/><T53/><D53/><U126/><E67/><V36/><F36/><W20/><G34/><T129/><D129/><U60/><E115/><V93/><REACH who="2" step="1"/><F103/><REACH who="2" ten="236,250,240,254" step="2"/><N who="3" m="60839" /><G130/><T105/><D105/><U43/><E126/><V79/><F79/><W40/><G40/><T111/><D111/><U82/><E43/><V117/><F117/><W44/><G20/><AGARI ba="0,2" hai="2,6,8,16,20,26,50,52,57,77,80,84,100,101" machi="20" ten="40,8000,1" yaku="1,1,52,1,54,2,53,1" doraHai="48" doraHaiUra="22" who="0" fromWho="3" sc="236,100,250,0,240,0,254,-80" /><INIT seed="2,0,0,0,4,69" ten="336,250,240,174" oya="2" hai0="82,93,76,57,13,5,12,33,20,128,16,127,59" hai1="115,133,50,120,29,64,61,53,131,10,1,14,125" hai2="111,62,105,60,114,41,118,129,27,107,102,86,21" hai3="85,17,98,68,79,38,89,52,48,124,135,106,11"/><V77/><F118/><W66/><G79/><T119/><D33/><U88/><E115/><V70/><F114/><W55/><G124/><T81/><D119/><U40/><E1/><V65/><F129/><W90/><G135/><T97/><D128/><U75/><E131/><V58/><F111/><W22/><G11/><N who="0" m="4207" /><D127/><U63/><E75/><V99/><F41/><W15/><G68/><T134/><D134/><U18/><E133/><V42/><F42/><W2/><G66/><T25/><D25/><U126/><E29/><V9/><F9/><W123/><G2/><T0/><D0/><U103/><E120/><V95/><F86/><W92/><G123/><T100/><D76/><U104/><E63/><V39/><F77/><W87/><G106/><T108/><D108/><U109/><E109/><V46/><F46/><W121/><G38/><T78/><D78/><U49/><E104/><V112/><F39/><W94/><G121/><T43/><D43/><U54/><E40/><V24/><F112/><W71/><G71/><T116/><D116/><U101/><E125/><V23/><F23/><W34/><G34/><T132/><D132/><U30/><E126/><V37/><F37/><W44/><G98/><T74/><D74/><U35/><E35/><V72/><F72/><W110/><G110/><T32/><D32/><U117/><E117/><V56/><F56/><AGARI ba="0,0" hai="13,16,20,56,57,59,81,82,93,97,100" m="4207" machi="56" ten="30,2000,0" yaku="8,1,54,1" doraHai="69" who="0" fromWho="2" sc="336,20,250,0,240,-20,174,0" /><INIT seed="3,0,0,2,2,105" ten="356,250,220,174" oya="3" hai0="46,15,90,84,118,60,59,4,87,135,21,45,126" hai1="43,14,134,111,12,103,108,69,65,57,55,22,39" hai2="123,130,28,120,63,44,121,3,80,64,0,10,58" hai3="34,27,51,11,133,112,83,1,62,131,16,128,119"/><W40/><G119/><T92/><D118/><U75/><E103/><V52/><F130/><N who="3" m="49707" /><G112/><T66/><D135/><U36/><E134/><V67/><F28/><N who="3" m="19743" /><G133/><T31/><D126/><U132/><E132/><V73/><F44/><N who="3" m="25991" /><G62/><T77/><D4/><U25/><E36/><V41/><F41/><W26/><G83/><N who="0" m="47215" /><D15/><U56/><E14/><V110/><F110/><W35/><G35/><T2/><D2/><N who="2" m="554" /><F10/><W18/><G26/><AGARI ba="0,0" hai="21,26,31,45,46,59,60,66,87,90,92" m="47215" machi="26" ten="30,1000,0" yaku="8,1" doraHai="105" who="0" fromWho="3" sc="356,10,250,0,220,0,174,-10" /><INIT seed="4,0,0,4,1,45" ten="366,250,220,164" oya="0" hai0="81,103,116,52,102,1,21,57,79,58,6,10,74" hai1="70,75,124,71,106,5,30,72,77,25,33,46,43" hai2="18,47,93,48,7,38,131,84,37,67,65,31,129" hai3="36,130,126,19,88,41,28,59,132,53,15,12,92"/><T96/><D116/><U60/><E124/><V16/><F7/><W64/><G126/><T76/><D76/><U17/><E60/><V32/><F32/><W133/><G130/><N who="2" m="49673" /><F31/><W85/><G28/><T26/><D58/><U54/><E5/><V55/><F93/><W23/><G64/><N who="2" m="24649" /><F84/><W68/><G68/><T115/><D115/><U100/><E17/><AGARI ba="0,0" hai="16,17,18,37,38,47,48,55" m="24649,49673" machi="17" ten="30,3900,0" yaku="19,1,52,1,54,1" doraHai="45" who="2" fromWho="1" sc="366,0,250,-39,220,39,164,0" /><INIT seed="5,0,0,4,4,123" ten="366,211,259,164" oya="1" hai0="56,86,98,112,88,118,131,125,19,130,31,58,21" hai1="68,127,66,89,57,33,82,55,122,79,70,76,59" hai2="34,10,29,129,87,0,53,96,92,48,115,95,26" hai3="49,119,46,61,121,64,9,65,51,101,39,37,23"/><U14/><E122/><V7/><F129/><N who="0" m="49162" /><D112/><U12/><E33/><V126/><F126/><W2/><G101/><T97/><D118/><U40/><E40/><V28/><F115/><W117/><G2/><T18/><D125/><U111/><E127/><V69/><F69/><W90/><G121/><T105/><D31/><U5/><E5/><V104/><F29/><W73/><G73/><T93/><D19/><U1/><E1/><V108/><F108/><W134/><G9/><T22/><D21/><U102/><E102/><V38/><F38/><W110/><G23/><T113/><D113/><U74/><E89/><V6/><F6/><W36/><G90/><T25/><D105/><U99/><E99/><AGARI ba="0,0" hai="18,22,25,56,58,86,88,93,97,98,99" m="49162" machi="99" ten="30,2000,0" yaku="19,1,54,1" doraHai="123" who="0" fromWho="1" sc="366,20,211,-20,259,0,164,0" /><INIT seed="6,0,0,1,5,80" ten="386,191,259,164" oya="2" hai0="43,10,7,121,46,109,68,93,1,49,27,45,57" hai1="78,74,37,13,90,63,97,87,55,125,132,4,31" hai2="58,19,130,20,11,95,64,92,29,65,6,103,76" hai3="66,82,12,17,41,2,32,33,135,60,99,129,51"/><V113/><F113/><W133/><G2/><T8/><D109/><U28/><E37/><V48/><F130/><W108/><G108/><T67/><D121/><U69/><E69/><V21/><F29/><N who="1" m="11337" /><E74/><V71/><F71/><W123/><G123/><T120/><D120/><U86/><E132/><N who="3" m="50762" /><G129/><T15/><D68/><U39/><E125/><V91/><F76/><W81/><G99/><T128/><D128/><U115/><E39/><V70/><F70/><N who="3" m="42311" /><G41/><T104/><D104/><U53/><E115/><V14/><F21/><N who="3" m="11431" /><G51/><T101/><D27/><U5/><E63/><V30/><F30/><W102/><G102/><T79/><D79/><U89/><E78/><V56/><F103/><W98/><G98/><T26/><D26/><U22/><E97/><N who="2" m="57503" /><F95/><W77/><G82/><T112/><D112/><U116/><E116/><V83/><F83/><W107/><G107/><T106/><D106/><U18/><E90/><V50/><F65/><W34/><G34/><T131/><D131/><U24/><E89/><V117/><F117/><W100/><G100/><T127/><D127/><U44/><E44/><V119/><F119/><W122/><G122/><T84/><D46/><U47/><E47/><V94/><F94/><W118/><G118/><T124/><D124/><U105/><E105/><V85/><F64/><W72/><AGARI ba="0,0" hai="32,33,72,77,81" m="11431,42311,50762" machi="72" ten="30,1100,0" yaku="20,1" doraHai="80" who="3" fromWho="3" sc="386,-3,191,-3,259,-5,164,11" /><INIT seed="7,0,0,2,4,26" ten="383,188,254,175" oya="3" hai0="9,17,99,117,81,32,33,109,56,116,72,63,84" hai1="93,113,97,58,70,13,90,18,85,74,21,45,5" hai2="61,110,76,87,133,19,73,125,27,59,49,119,28" hai3="40,57,24,1,53,106,48,36,101,80,71,91,102"/><W52/><G1/><T118/><D109/><U103/><E70/><V79/><F49/><W66/><G106/><T4/><D72/><U120/><E120/><V22/><F73/><W29/><G36/><T100/><D17/><U69/><E69/><V126/><F133/><W75/><G40/><T46/><D46/><U7/><E74/><V108/><F119/><W130/><G130/><T35/><D99/><U54/><E113/><V55/><F19/><W77/><G91/><T98/><D98/><U37/><E45/><V128/><F128/><W92/><G92/><T38/><D38/><U42/><E42/><V31/><F31/><W12/><G53/><T11/><D100/><U134/><E134/><V129/><F129/><W0/><G0/><T105/><D105/><U68/><E68/><V122/><F122/><W112/><G112/><T111/><D111/><N who="2" m="42538" /><F87/><W94/><G94/><T96/><D96/><U67/><E67/><V114/><F114/><W14/><G102/><T132/><D132/><U104/><REACH who="1" step="1"/><E37/><REACH who="1" ten="383,178,254,175" step="2"/><V51/><F61/><AGARI ba="0,1" hai="5,7,13,18,21,54,58,61,85,90,93,97,103,104" machi="61" ten="30,3900,0" yaku="1,1,2,1,7,1,53,0" doraHai="26" doraHaiUra="41" who="1" fromWho="2" sc="383,0,178,49,254,-39,175,0" owari="383,47.0,227,3.0,215,-18.0,175,-32.0" /></mjloggm>