<mjloggm ver="2.3"><GO type="97" lobby="0"/><UN n0="%E9%81%94%E6%B5%B7%E7%8C%9B" n1="%E7%A7%8B%E5%88%80%E9%AD%9A%E5%B0%8F%E5%83%A7" n2="%34%2D%46%6F%72%63%65" n3="%E5%B0%B1%E6%B4%BB%E7%94%9F%40%E5%B7%9D%E6%9D%91%E8%BB%8D%E5%9B%A3" dan="15,15,14,15" rate="1977.88,2041.75,1947.49,2049.77" sx="M,M,M,M"/><TAIKYOKU oya="0"/><INIT seed="0,0,0,4,2,101" ten="250,250,250,250" oya="0" hai0="112,77,73,20,71,27,43,83,12,120,33,130,29" hai1="42,23,98,14,17,88,84,22,105,32,37,76,35" hai2="25,106,46,6,34,65,92,74,24,117,118,48,49" hai3="9,75,129,10,108,94,110,69,15,123,2,28,30"/><T95/><D120/><U16/><E76/><V68/><F74/><W5/><G75/><T70/><D112/><U91/><E42/><V102/><F6/><N who="3" m="3543" /><G69/><T116/><D116/><N who="2" m="44650" /><F92/><W93/><G93/><T109/><D130/><U60/><E37/><V80/><F80/><W18/><G94/><T45/><D95/><U58/><E35/><V82/><F82/><W113/><G113/><T3/><D109/><N who="3" m="42089" /><G129/><T62/><D62/><U122/><E32/><V31/><F24/><W128/><G128/><T61/><D61/><U111/><E122/><V50/><F68/><W99/><G99/><T132/><D70/><U55/><E84/><V54/><F65/><W21/><G123/><T135/><D71/><U86/><E86/><V64/><F64/><W131/><G131/><T81/><D81/><U125/><E111/><V103/><F102/><W56/><G56/><T124/><D3/><U100/><REACH who="1" step="1"/><E125/><REACH who="1" ten="250,240,250,250" step="2"/><V121/><F121/><W115/><G115/><T67/><D124/><U96/><E96/><AGARI ba="0,1" hai="25,31,34,46,48,49,50,54,96,103,106" m="44650" machi="96" ten="30,2000,0" yaku="12,1,52,1" doraHai="101" who="2" fromWho="1" sc="250,0,240,-20,250,30,250,0" /><INIT seed="1,0,0,1,3,80" ten="250,220,280,250" oya="1" hai0="85,8,132,48,9,97,63,103,27,116,40,125,44" hai1="93,61,113,37,92,52,13,28,64,87,114,38,110" hai2="60,11,25,130,24,77,120,99,36,16,70,29,88" hai3="17,6,57,104,112,95,54,128,111,131,39,41,106"/><U51/><E28/><V4/><F120/><W20/><G6/><T79/><D116/><U123/><E123/><V105/><F36/><W101/><G39/><T78/><D125/><U133/><E38/><V76/><F130/><N who="3" m="49707" /><G41/><T71/><D132/><U19/><E37/><V75/><F75/><W98/><G111/><T58/><D71/><U118/><E118/><V102/><F4/><W86/><G86/><T42/><D42/><U124/><E124/><V56/><F24/><N who="3" m="14351" /><G112/><T91/><D27/><U35/><E35/><N who="2" m="20911" /><F56/><W89/><G101/><T21/><D21/><N who="1" m="11503" /><E133/><V134/><F134/><W15/><G15/><T31/><D31/><U33/><E33/><V23/><F11/><W115/><G115/><T14/><D103/><U59/><E110/><V72/><F72/><W121/><G121/><T1/><D1/><U82/><E114/><V83/><F23/><W45/><G45/><T84/><D97/><U69/><E69/><V127/><F127/><W107/><G107/><T12/><D14/><U10/><E10/><V22/><F22/><W2/><G2/><T90/><D12/><U73/><E73/><V7/><F7/><W129/><N who="3" m="49715" /><W66/><DORA hai="5" /><G66/><N who="0" m="39287" /><D84/><U49/><E113/><V74/><F74/><W47/><G47/><T50/><D85/><U68/><E68/><V67/><F16/><W26/><G26/><T46/><D44/><U53/><E64/><V117/><F117/><W65/><G65/><T100/><D100/><U43/><E43/><V3/><F3/><W109/><G109/><T119/><D119/><U18/><E53/><V32/><F32/><RYUUKYOKU ba="0,0" sc="250,-15,220,-15,280,15,250,15" hai2="60,67,70,76,77,83,88,99,102,105" hai3="54,57,89,95,98,104,106" /><INIT seed="2,1,0,3,3,76" ten="235,205,295,265" oya="2" hai0="96,19,44,100,90,40,128,71,133,8,125,113,99" hai1="79,43,34,9,84,98,70,92,83,66,4,88,31" hai2="67,47,105,118,60,27,120,130,13,51,89,87,23" hai3="20,29,56,58,82,91,74,50,0,15,94,72,39"/><V1/><F120/><W11/><G39/><T33/><D113/><U121/><E121/><V16/><F118/><W86/><G0/><T81/><D71/><U77/><E70/><V131/><F1/><W93/><G74/><T101/><D33/><U80/><E66/><V119/><F105/><W123/><G123/><T65/><D65/><U61/><E61/><V69/><F27/><N who="3" m="16615" /><G72/><T108/><D125/><U115/><E115/><V106/><F106/><W41/><G41/><T26/><D133/><U37/><E31/><V107/><F107/><W49/><G49/><N who="0" m="26759" /><D128/><U129/><E34/><V85/><F119/><W3/><G3/><T7/><D7/><U30/><E30/><V48/><F87/><W124/><G124/><T109/><D101/><U68/><E68/><V111/><F111/><N who="0" m="42570" /><D100/><U64/><E64/><V135/><F135/><W32/><G32/><T97/><D26/><U103/><E129/><N who="2" m="49163" /><F47/><W6/><G50/><T38/><D38/><U36/><E43/><V134/><F134/><W127/><G127/><T46/><D46/><U17/><E17/><V21/><F21/><W35/><G35/><T63/><D63/><U62/><E62/><V73/><F73/><W59/><AGARI ba="1,0" hai="6,11,15,56,58,59,82,86,91,93,94" m="16615" machi="59" ten="30,2000,0" yaku="8,1,52,1" doraHai="76" who="3" fromWho="3" sc="235,-6,205,-6,295,-11,265,23" /><INIT seed="3,0,0,5,4,41" ten="229,199,284,288" oya="3" hai0="60,75,47,107,6,1,131,68,51,16,104,22,110" hai1="84,49,61,101,40,34,54,20,59,56,130,111,66" hai2="74,15,30,13,48,80,2,70,14,122,17,27,67" hai3="53,37,90,33,109,89,112,106,134,25,121,115,45"/><W58/><G106/><T116/><D116/><U97/><E111/><V32/><F70/><W71/><G71/><T102/><D110/><U91/><E130/><V46/><F67/><W114/><G109/><T50/><D75/><U83/><E34/><V127/><F2/><W128/><G121/><T9/><D131/><U10/><E10/><V87/><F74/><W86/><G128/><T11/><D51/><U29/><E40/><V79/><F122/><W92/><G134/><T28/><D28/><U38/><E38/><V129/><F129/><W57/><G90/><T120/><D11/><U103/><REACH who="1" step="1"/><E97/><REACH who="1" ten="229,189,284,288" step="2"/><V3/><F127/><W113/><G113/><T96/><D120/><U99/><E99/><V4/><F32/><W31/><G37/><T19/><D22/><U44/><E44/><V82/><F46/><W123/><G123/><T98/><D98/><U133/><E133/><V0/><F3/><W72/><G72/><T94/><D104/><U26/><AGARI ba="0,1" hai="20,26,29,49,54,56,59,61,66,83,84,91,101,103" machi="26" ten="30,7900,0" yaku="1,1,0,1,8,1,53,1" doraHai="41" doraHaiUra="21" who="1" fromWho="1" sc="229,-20,189,89,284,-20,288,-39" /><INIT seed="4,0,0,5,3,74" ten="209,278,264,249" oya="0" hai0="9,102,4,127,25,59,126,118,97,51,1,114,82" hai1="28,124,121,93,98,23,31,29,64,6,89,128,96" hai2="132,41,134,120,133,12,112,83,49,5,16,85,113" hai3="3,27,55,10,7,22,75,53,58,73,87,90,115"/><T35/><D118/><U117/><E117/><V86/><F120/><W47/><G47/><T67/><D114/><N who="2" m="44138" /><F5/><W68/><G68/><T79/><D35/><U33/><E33/><V61/><F61/><W24/><G55/><N who="0" m="32255" /><D25/><U71/><E121/><V105/><F105/><W123/><G27/><T14/><D67/><U39/><E39/><V70/><F70/><W95/><G123/><T15/><D97/><U45/><E128/><V77/><F85/><W19/><REACH who="3" step="1"/><G115/><REACH who="3" ten="209,278,264,239" step="2"/><T60/><D60/><AGARI ba="0,1" hai="3,7,10,19,22,24,53,58,60,73,75,87,90,95" machi="60" ten="30,7700,0" yaku="1,1,2,1,7,1,53,1" doraHai="74" doraHaiUra="84" who="3" fromWho="0" sc="209,-77,278,0,264,0,239,87" owari="132,-37.0,278,8.0,264,-14.0,326,43.0" /></mjloggm>