<mjloggm ver="2.3"><GO type="169" lobby="0"/><UN n0="%E3%83%88%E3%83%88%E3%83%AA%E5%85%88%E7%94%9F%31%39%E6%AD%B3" n1="%E3%83%AF%E3%82%A4%E3%83%AB%E3%83%89" n2="%E9%BE%8D%E9%96%80%E6%B8%95%E9%80%8F%E8%8A%B1" n3="%74%61%72%6F%6F" dan="18,16,19,18" rate="2187.36,2152.87,2322.28,2169.68" sx="F,M,M,M"/><TAIKYOKU oya="0"/><INIT seed="0,0,0,5,3,44" ten="250,250,250,250" oya="0" hai0="59,121,86,0,41,35,10,9,65,133,61,73,116" hai1="22,85,103,32,131,6,50,34,87,97,75,68,98" hai2="125,132,102,70,134,66,81,55,19,117,71,12,1" hai3="112,124,3,92,57,106,77,74,113,20,115,13,45"/><T130/><D121/><U53/><E68/><V46/><F1/><W38/><G3/><T30/><D116/><U63/><E75/><V5/><F5/><W62/><G106/><T110/><D73/><U80/><E131/><V64/><F125/><W101/><G124/><T94/><D130/><U23/><E63/><V96/><F117/><W51/><G38/><T27/><D0/><U91/><E6/><V15/><F81/><W111/><G111/><T28/><D133/><N who="2" m="51306" /><F15/><W11/><G20/><T84/><D110/><U56/><E32/><V109/><F109/><W72/><G77/><T31/><D35/><U95/><E34/><V120/><F120/><W54/><G92/><T8/><D27/><U69/><E69/><N who="2" m="26123" /><F55/><W82/><G101/><T49/><REACH who="0" step="1"/><D94/><REACH who="0" ten="240,250,250,250" step="2"/><N who="1" m="58839" /><E85/><V114/><F114/><W26/><G26/><T52/><D52/><U7/><E7/><V18/><F64/><W93/><G112/><T90/><D90/><AGARI ba="0,1" hai="22,23,50,53,56,80,87,90,91,95,97" m="58839" machi="90" ten="30,2000,0" yaku="8,1,52,1" doraHai="44" who="1" fromWho="0" sc="240,-20,250,30,250,0,250,0" /><INIT seed="1,0,0,3,2,107" ten="220,280,250,250" oya="1" hai0="69,48,21,68,16,53,118,92,52,75,94,65,116" hai1="117,135,67,74,24,54,28,111,128,79,9,110,41" hai2="81,130,88,7,13,37,14,90,91,124,114,127,39" hai3="71,55,11,112,5,123,132,62,45,77,95,120,125"/><U122/><E122/><V49/><F130/><W18/><G112/><T100/><D75/><U25/><E117/><V78/><F114/><W134/><G95/><T61/><D69/><U93/><E128/><V22/><F49/><N who="3" m="29103" /><G18/><T133/><D53/><U50/><E41/><V42/><F22/><W4/><G77/><T85/><D133/><N who="3" m="51305" /><G125/><N who="2" m="48201" /><F7/><N who="3" m="2635" /><G11/><T34/><D34/><U131/><E135/><V115/><F115/><W44/><G44/><T64/><D94/><U73/><E131/><V83/><F42/><W98/><G98/><T76/><D76/><U126/><E126/><V60/><F78/><W36/><G36/><N who="2" m="13897" /><F60/><W33/><G33/><T32/><D32/><U104/><E79/><V20/><F20/><W119/><G119/><T1/><D118/><U72/><E9/><V10/><F10/><W80/><G80/><AGARI ba="0,0" hai="13,14,80,81,83,88,90,91" m="13897,48201" machi="80" ten="40,8000,1" yaku="28,2,18,1,54,1" doraHai="107" who="2" fromWho="3" sc="220,0,280,0,250,80,250,-80" /><INIT seed="2,0,0,5,5,23" ten="220,280,330,170" oya="2" hai0="73,22,12,127,128,55,118,54,125,42,130,39,104" hai1="35,34,111,59,21,15,93,107,91,43,33,44,68" hai2="2,131,89,78,31,81,3,49,112,25,119,65,17" hai3="32,82,97,116,56,124,74,27,72,117,58,70,45"/><V110/><F112/><W105/><G70/><T85/><D73/><U123/><E107/><V87/><F119/><W133/><G45/><N who="0" m="23775" /><D104/><U48/><E68/><V77/><F131/><N who="0" m="50218" /><D85/><U53/><E111/><V37/><F37/><W109/><G82/><T135/><D118/><U94/><E123/><V62/><F110/><W28/><G109/><T20/><D20/><U19/><REACH who="1" step="1"/><E91/><REACH who="1" ten="220,270,330,170" step="2"/><V121/><F89/><W103/><G116/><T84/><D127/><U13/><E13/><V106/><F106/><W16/><G117/><T115/><D125/><U30/><E30/><V46/><F31/><W41/><G124/><T129/><D129/><U11/><E11/><V36/><F121/><W79/><G105/><T47/><D115/><U24/><E24/><V99/><F25/><W18/><G28/><T122/><D122/><U88/><E88/><V102/><F3/><W120/><G27/><T29/><D12/><U126/><E126/><V108/><F2/><W50/><G120/><T76/><D22/><U100/><E100/><V40/><F108/><W57/><G103/><T86/><D29/><U113/><E113/><V98/><F102/><W51/><G32/><T52/><D135/><U67/><E67/><V6/><F65/><W71/><G133/><T101/><D101/><U4/><E4/><V1/><F6/><W114/><G114/><T8/><D8/><U26/><E26/><V7/><F1/><W9/><G9/><T64/><D64/><U0/><E0/><V66/><F7/><W90/><G90/><T10/><D10/><U69/><E69/><V134/><F134/><RYUUKYOKU ba="0,1" sc="220,-10,270,30,330,-10,170,-10" hai1="15,19,21,33,34,35,43,44,48,53,59,93,94" /><INIT seed="3,1,1,5,5,64" ten="210,300,320,160" oya="3" hai0="93,43,26,130,108,50,36,30,7,6,13,120,121" hai1="117,112,103,34,86,46,4,109,124,11,51,17,107" hai2="80,65,72,79,32,9,57,71,89,29,100,96,135" hai3="8,115,14,83,99,66,2,128,45,126,110,41,54"/><W58/><G115/><T104/><D104/><U84/><E34/><V97/><F135/><W15/><G126/><T134/><D36/><U73/><E73/><V81/><F57/><W88/><G128/><T12/><D130/><U59/><E112/><V60/><F9/><W78/><G66/><T113/><D113/><U10/><E124/><V94/><F79/><W129/><G129/><T74/><D74/><U125/><E125/><V91/><F72/><W61/><G2/><T3/><D134/><U39/><E39/><V105/><F91/><W132/><G132/><T68/><D108/><U28/><E28/><V116/><F116/><W19/><G14/><T42/><D93/><U31/><E31/><V62/><F62/><W25/><G25/><AGARI ba="1,1" hai="25,29,32,60,65,71,80,81,89,94,96,97,100,105" machi="25" ten="40,5200,0" yaku="25,2,52,1" doraHai="64" who="2" fromWho="3" sc="210,0,300,0,320,65,160,-55" /><INIT seed="4,0,0,4,1,41" ten="210,300,385,105" oya="0" hai0="96,76,79,108,31,73,92,95,86,67,1,3,64" hai1="93,66,133,80,134,27,28,110,117,15,23,16,24" hai2="85,36,40,10,45,83,103,99,59,118,127,105,121" hai3="44,114,119,4,100,33,63,62,0,107,13,6,124"/><T57/><D73/><U101/><E80/><V120/><F127/><W18/><G119/><T81/><D108/><U19/><E66/><V54/><F10/><W122/><G124/><T131/><D131/><U11/><E101/><V25/><F25/><W43/><G114/><T20/><D79/><U84/><E84/><V7/><F7/><W98/><G33/><T130/><D130/><U132/><E93/><V61/><F118/><W8/><G122/><T39/><D39/><U70/><E70/><V89/><AGARI ba="0,0" hai="36,40,45,54,59,61,83,85,89,99,103,105,120,121" machi="89" ten="20,2700,0" yaku="0,1,7,1,52,1" doraHai="41" who="2" fromWho="2" sc="210,-13,300,-7,385,27,105,-7" /><INIT seed="5,0,0,3,0,3" ten="197,293,412,98" oya="1" hai0="95,1,127,19,88,86,9,125,10,81,102,41,70" hai1="52,22,111,68,63,4,16,75,65,17,53,39,101" hai2="13,8,78,62,5,6,89,58,30,46,130,37,92" hai3="27,25,12,26,66,107,80,33,126,79,34,115,128"/><U23/><E39/><V124/><F124/><N who="0" m="47690" /><D70/><U45/><E75/><V7/><F130/><W64/><G107/><T38/><D38/><U59/><E101/><V96/><F30/><W132/><G126/><T121/><D41/><U2/><E45/><V104/><F104/><W35/><G128/><T116/><D116/><U112/><E112/><V97/><F78/><W122/><G122/><T135/><D135/><U108/><E53/><N who="2" m="34127" /><F37/><W24/><N who="3" m="6144" /><DORA hai="85" /><W0/><G0/><T82/><D121/><U18/><E2/><V21/><F21/><W76/><G115/><T14/><D102/><U47/><E47/><V84/><F46/><W71/><G132/><T56/><D56/><U43/><E43/><V48/><F48/><W110/><G110/><N who="1" m="42026" /><E4/><AGARI ba="0,0" hai="4,5,6,7,8,13,84,89,92,96,97" m="34127" machi="4" ten="30,12000,2" yaku="8,1,52,5" doraHai="3,85" who="2" fromWho="1" sc="197,0,293,-120,412,120,98,0" /><AGARI ba="0,0" hai="1,4,9,10,14,19,81,82,86,88,95" m="47690" machi="4" ten="30,7700,0" yaku="18,1,52,2,54,1" doraHai="3,85" who="0" fromWho="1" sc="197,77,173,-77,532,0,98,0" /><INIT seed="6,0,0,4,4,35" ten="274,96,532,98" oya="2" hai0="46,112,124,117,118,19,101,23,41,82,69,89,119" hai1="8,28,99,18,40,43,79,92,83,60,122,62,39" hai2="65,73,34,44,72,10,95,77,126,21,36,120,98" hai3="105,129,27,75,55,132,29,109,87,134,31,68,48"/><V6/><F34/><W56/><G109/><T91/><D69/><U88/><E122/><V30/><F126/><W0/><G75/><T113/><D124/><U100/><E28/><V47/><F65/><W14/><G129/><T116/><D101/><U85/><E39/><V111/><F77/><W74/><G74/><T63/><D63/><N who="1" m="24107" /><E100/><V107/><F107/><W80/><G68/><T125/><D125/><U49/><E49/><V123/><F47/><W106/><G0/><T54/><D54/><U59/><E59/><V93/><F44/><W26/><G14/><AGARI ba="0,0" hai="8,14,18,40,43,79,83,85,88,92,99" m="24107" machi="14" ten="30,2000,0" yaku="8,1,54,1" doraHai="35" who="1" fromWho="3" sc="274,0,96,20,532,0,98,-20" /><INIT seed="7,0,0,4,5,94" ten="274,116,532,78" oya="3" hai0="19,91,35,41,62,52,118,50,108,26,37,15,49" hai1="127,39,30,133,29,71,53,122,90,72,115,86,56" hai2="77,87,109,23,120,78,85,110,82,113,89,106,135" hai3="65,92,64,38,42,67,48,1,11,55,17,9,117"/><W74/><G117/><T79/><D108/><U100/><E72/><V10/><F106/><W105/><G105/><T28/><D118/><U46/><E71/><V25/><F113/><W59/><G74/><T124/><D124/><U14/><E122/><V34/><F34/><W24/><G38/><T69/><D79/><U7/><E115/><V8/><F135/><W96/><G42/><T60/><D69/><U61/><E127/><V98/><F98/><W13/><G24/><T129/><D37/><U126/><E126/><V16/><F120/><W57/><G1/><T18/><D18/><U51/><E39/><V81/><F89/><W68/><G68/><T80/><D129/><U99/><E133/><V131/><F131/><W121/><G121/><T40/><D40/><U134/><E134/><V44/><F44/><W119/><G119/><T125/><D125/><U132/><E132/><V20/><F20/><W33/><G33/><T32/><D32/><U70/><E70/><V114/><F114/><W83/><G83/><T66/><D66/><U104/><E14/><V27/><F27/><W112/><G112/><T107/><D107/><U45/><E7/><V4/><F8/><N who="3" m="6311" /><G57/><T103/><D41/><U76/><E76/><V93/><F93/><W58/><G58/><T95/><D35/><U123/><E123/><V88/><F77/><W75/><G75/><T130/><D26/><U31/><REACH who="1" step="1"/><E61/><REACH who="1" ten="274,106,532,78" step="2"/><V43/><F110/><W116/><G116/><T12/><D62/><U47/><E47/><V97/><F109/><W5/><G5/><T21/><D60/><U36/><E36/><RYUUKYOKU ba="0,1" sc="274,-15,106,15,532,-15,78,15" hai1="29,30,31,45,46,51,53,56,86,90,99,100,104" hai3="9,11,48,55,59,64,65,67,92,96" /><INIT seed="7,1,1,0,0,73" ten="259,121,517,93" oya="3" hai0="58,20,133,127,3,7,22,94,109,113,24,72,117" hai1="61,77,80,39,82,64,132,90,57,104,78,93,107" hai2="75,81,46,26,71,47,67,42,37,54,32,110,0" hai3="125,70,15,11,91,123,103,114,126,101,85,4,68"/><W10/><G123/><T53/><D109/><U44/><E132/><V65/><F71/><W95/><G114/><T9/><D117/><U124/><E124/><N who="3" m="47722" /><G11/><T130/><D72/><U105/><E39/><V120/><F0/><W17/><G17/><T14/><D130/><U135/><E135/><V86/><F75/><W35/><G35/><T1/><D133/><U134/><E134/><V51/><F110/><W129/><G129/><T112/><D127/><U111/><E111/><V36/><F36/><W52/><G52/><T5/><D94/><U48/><E82/><V41/><F54/><W62/><G62/><N who="0" m="36175" /><D7/><U116/><E80/><V74/><F74/><W23/><G23/><N who="0" m="8747" /><D24/><U34/><E34/><V115/><F120/><W21/><G21/><T56/><D56/><U102/><E102/><AGARI ba="1,1" hai="4,10,15,68,70,85,91,95,101,102,103" m="47722" machi="102" ten="30,1500,0" yaku="18,1" doraHai="73" who="3" fromWho="1" sc="259,0,121,-18,517,0,93,28" /><INIT seed="7,2,0,3,5,97" ten="259,103,517,121" oya="3" hai0="24,88,74,115,61,27,41,135,35,119,58,106,72" hai1="85,32,93,3,25,0,56,120,99,73,53,124,8" hai2="80,16,95,98,84,94,91,76,13,125,14,54,100" hai3="19,50,23,11,70,59,71,22,117,4,49,81,39"/><W113/><G39/><T29/><D119/><U96/><E73/><V105/><F125/><W134/><G117/><T43/><D106/><U45/><E120/><V36/><F36/><W122/><G122/><T31/><D135/><U92/><E124/><V129/><F129/><W28/><G113/><T7/><D115/><U79/><E45/><V34/><F34/><W86/><G28/><T112/><D112/><U101/><E8/><V20/><F54/><W116/><G23/><T30/><D30/><U60/><E32/><V1/><F1/><W17/><G17/><T103/><D103/><N who="1" m="60815" /><E0/><V109/><F109/><W121/><G134/><T48/><D7/><U62/><E3/><V21/><F76/><W10/><G121/><T132/><D48/><N who="1" m="30759" /><E25/><V2/><F2/><W68/><G116/><T6/><D6/><U57/><E57/><V37/><F37/><W111/><G111/><T44/><D44/><U108/><E108/><V104/><F104/><W46/><G4/><T126/><D126/><U64/><E64/><V130/><F130/><W12/><G59/><T63/><D58/><U5/><E5/><V9/><F20/><W78/><REACH who="3" step="1"/><G49/><REACH who="3" ten="259,103,517,111" step="2"/><T38/><D29/><U33/><E33/><V83/><F16/><W55/><AGARI ba="2,1" hai="10,11,12,19,22,46,50,55,68,70,71,78,81,86" machi="55" ten="30,11700,0" yaku="1,1,2,1,0,1,53,1" doraHai="97" doraHaiUra="40" who="3" fromWho="3" sc="259,-41,103,-41,517,-41,111,133" /><INIT seed="7,3,0,0,2,92" ten="218,62,476,244" oya="3" hai0="130,71,55,86,110,36,112,80,62,106,93,17,10" hai1="39,133,48,51,41,46,27,113,124,111,109,12,9" hai2="8,22,43,4,7,102,56,128,105,100,57,118,108" hai3="13,77,82,94,84,85,20,91,79,45,75,21,49"/><W58/><G58/><N who="0" m="35167" /><D36/><U64/><E27/><V25/><F108/><W117/><G117/><T89/><D106/><U114/><E12/><V120/><F128/><W98/><G13/><N who="0" m="7351" /><D71/><U135/><E9/><V66/><F120/><W3/><G3/><T63/><D110/><U68/><E124/><V87/><F43/><W37/><G37/><T35/><D35/><U26/><E26/><V96/><F102/><N who="3" m="60759" /><G75/><T6/><D112/><U53/><E68/><V115/><F115/><W99/><G99/><N who="0" m="57775" /><D130/><U123/><E39/><V121/><F121/><W76/><G85/><T73/><D73/><U0/><E0/><V103/><F103/><W47/><G47/><T83/><D6/><U31/><E31/><V122/><F122/><W74/><G74/><T29/><D29/><U88/><E88/><V67/><F7/><W38/><G38/><T101/><D101/><U97/><E97/><V129/><F118/><W90/><G90/><T52/><D86/><U5/><E5/><V19/><F87/><W16/><G16/><T34/><D34/><U40/><E123/><V42/><F129/><W44/><G44/><T131/><D131/><U119/><E46/><V11/><F4/><W69/><G69/><T60/><D60/><U132/><E132/><V72/><F72/><W104/><G104/><T65/><D65/><U125/><E125/><V23/><F105/><W33/><G33/><T70/><D70/><U107/><E107/><V18/><F18/><W134/><G134/><T78/><D78/><N who="3" m="19969" /><W30/><DORA hai="127" /><G30/><T126/><D126/><U15/><E119/><V32/><F32/><RYUUKYOKU ba="3,0" sc="218,15,62,-15,476,-15,244,15" hai0="52,63,80,83" hai3="20,21,45,49,82,84,91" /><INIT seed="7,4,0,2,5,103" ten="233,47,461,259" oya="3" hai0="11,120,126,48,61,74,56,51,105,85,24,14,76" hai1="41,39,86,130,94,31,6,82,133,100,4,110,66" hai2="30,111,107,116,87,36,57,35,108,3,25,71,129" hai3="22,0,5,8,96,88,34,124,65,99,37,72,7"/><W123/><G123/><T58/><D120/><U16/><E110/><V102/><F116/><W118/><G118/><T2/><D74/><U101/><E130/><V47/><F129/><W49/><G37/><T75/><D75/><U28/><E133/><V63/><F3/><W97/><G34/><T84/><D105/><U67/><E39/><V40/><F87/><N who="0" m="33354" /><D2/><U21/><E41/><V81/><F81/><W73/><G124/><T32/><D32/><U128/><E128/><V104/><F104/><W43/><G7/><N who="0" m="3455" /><D126/><U62/><E86/><V33/><F33/><W70/><G88/><T77/><D24/><U64/><E62/><V119/><F119/><W55/><G43/><T68/><D68/><U91/><E82/><V90/><F90/><W45/><REACH who="3" step="1"/><G22/><REACH who="3" ten="233,47,461,249" step="2"/><T18/><D18/><U10/><E91/><V83/><F108/><W125/><G125/><T112/><D112/><U132/><E16/><V50/><F111/><W69/><G69/><T19/><D19/><U13/><E21/><V60/><F71/><W134/><G134/><T46/><D46/><U12/><E132/><V106/><F47/><W127/><G127/><T1/><D1/><U131/><E131/><V29/><F40/><W92/><G92/><T113/><D113/><U53/><E94/><V26/><F35/><W20/><G20/><T54/><D58/><U89/><E89/><V27/><F57/><W17/><G17/><T23/><D23/><U15/><E10/><V78/><F78/><AGARI ba="4,1" hai="48,51,54,56,61,76,77,78" m="3455,33354" machi="78" ten="30,1000,0" yaku="8,1" doraHai="103" who="0" fromWho="2" sc="233,32,47,0,461,-22,249,0" owari="265,7.0,47,-45.0,439,53.0,249,-15.0" /></mjloggm>