<mjloggm ver="2.3"><GO type="41" lobby="0"/><UN n0="%45%76%65%72%31%34" n1="%E3%81%9F%E3%81%8B%E3%81%82%E3%81%8D" n2="%E5%B0%B1%E6%B4%BB%E7%94%9F%40%E5%B7%9D%E6%9D%91%E8%BB%8D%E5%9B%A3" n3="%E8%AC%8E%E3%81%AE%E4%BA%94%E4%BD%8D%E5%8A%9B" dan="15,13,17,14" rate="1964.83,1832.44,2162.19,1945.69" sx="F,M,M,M"/><TAIKYOKU oya="0"/><INIT seed="0,0,0,2,1,51" ten="250,250,250,250" oya="0" hai0="112,77,53,103,39,91,96,90,11,68,130,99,127" hai1="113,129,114,85,35,30,48,110,49,36,4,133,98" hai2="76,108,121,89,88,72,135,7,45,71,56,61,116" hai3="111,59,83,120,46,37,14,41,9,17,95,80,58"/><T52/><D112/><U109/><E36/><V47/><F121/><W82/><G111/><N who="1" m="42506" /><E4/><V2/><F108/><W40/><G120/><T132/><D68/><U74/><E74/><V106/><F71/><W12/><G41/><T16/><D39/><U65/><E65/><V6/><F106/><W42/><G42/><T126/><D130/><U117/><E129/><V33/><F33/><W124/><G124/><N who="0" m="47659" /><D77/><U118/><E133/><V73/><F135/><W119/><G119/><N who="1" m="45578" /><E98/><N who="0" m="37417" /><D103/><U134/><E134/><V18/><F2/><W123/><G123/><T97/><D132/><U23/><E35/><V57/><F76/><W32/><G32/><T102/><D102/><U21/><E85/><V69/><F116/><W29/><G29/><T34/><D34/><U64/><E64/><V70/><F61/><W63/><G95/><N who="0" m="56567" /><D91/><U115/><E30/><V92/><F92/><W27/><G27/><T84/><D84/><U79/><E79/><V62/><F62/><W128/><G128/><T67/><D67/><U66/><E66/><V94/><F94/><W28/><G28/><T101/><D101/><U86/><E86/><V81/><F81/><W131/><G131/><T15/><AGARI ba="0,0" hai="11,15,16,52,53" m="56567,37417,47659" machi="15" ten="30,12000,1" yaku="18,1,52,2,54,2" doraHai="51" who="0" fromWho="0" sc="250,120,250,-40,250,-40,250,-40" /><INIT seed="0,1,0,2,5,81" ten="370,210,210,210" oya="0" hai0="51,11,53,77,126,56,5,109,101,38,1,100,12" hai1="76,118,4,24,110,94,79,3,39,20,45,121,103" hai2="125,88,6,102,64,44,30,17,22,107,123,115,55" hai3="35,91,129,41,82,67,59,13,98,34,119,86,68"/><T40/><D126/><U92/><E121/><V104/><F125/><W57/><G119/><T95/><D109/><U52/><E118/><V133/><F115/><W135/><G135/><T78/><D1/><U71/><E110/><V127/><F127/><W32/><G129/><T130/><D130/><U27/><E71/><V113/><F113/><W0/><G0/><T66/><D66/><U75/><E75/><V97/><F123/><W93/><G41/><T72/><D38/><U85/><E39/><V124/><F133/><W73/><G73/><T16/><D40/><U43/><E43/><V131/><F107/><W23/><G23/><T37/><D37/><U112/><E112/><V89/><F30/><W80/><G67/><T117/><D117/><U2/><E4/><V87/><F64/><W83/><G68/><T60/><D72/><U90/><E2/><V50/><F124/><W106/><G13/><N who="0" m="5359" /><D60/><U18/><E3/><V70/><F70/><W19/><G19/><T36/><D36/><U7/><E7/><V63/><F63/><W48/><G48/><T8/><D101/><U99/><E27/><V65/><F65/><W105/><REACH who="3" step="1"/><G98/><AGARI ba="1,0" hai="8,12,16,51,53,56,77,78,95,98,100" m="5359" machi="98" ten="30,2900,0" yaku="8,1,54,1" doraHai="81" who="0" fromWho="3" sc="370,32,210,0,210,0,210,-32" /><INIT seed="0,2,0,4,0,6" ten="402,210,210,178" oya="0" hai0="47,44,117,63,89,135,39,20,75,68,91,57,96" hai1="102,71,2,13,77,94,34,78,90,64,3,30,10" hai2="58,115,129,35,98,114,126,32,21,106,27,43,48" hai3="134,14,50,100,36,130,80,62,49,109,60,70,29"/><T7/><D117/><U132/><E132/><V131/><F106/><W4/><G36/><T119/><D119/><U99/><E3/><V5/><F98/><W81/><G134/><T76/><D68/><U82/><E2/><V118/><F118/><W107/><G130/><N who="2" m="49673" /><F43/><W0/><G0/><T55/><D135/><U74/><E77/><V37/><F37/><W125/><G125/><T116/><D116/><U46/><E46/><V101/><F101/><W84/><G109/><T133/><D133/><U15/><E15/><V113/><F48/><N who="3" m="18539" /><G80/><T120/><D120/><U18/><E71/><V19/><F58/><W26/><G70/><T31/><D57/><U108/><E108/><V105/><F105/><W66/><G66/><T85/><D75/><U17/><E64/><V24/><F126/><W54/><G54/><T103/><D55/><U122/><E122/><V8/><F27/><W9/><G100/><T59/><D103/><U87/><E30/><V128/><N who="2" m="49681" /><V16/><DORA hai="65" /><F19/><W61/><G107/><T86/><D31/><U40/><E40/><V12/><AGARI ba="2,0" hai="5,8,12,16,21,24,32,35,113,114,115" m="49681" machi="12" ten="50,8000,1" yaku="19,1,34,2,52,1,54,1" doraHai="6,65" who="2" fromWho="2" sc="402,-42,210,-22,210,86,178,-22" /><INIT seed="1,0,0,0,0,66" ten="360,188,296,156" oya="1" hai0="106,35,14,119,47,113,34,41,103,84,85,44,16" hai1="29,5,118,133,0,30,88,71,134,109,65,101,60" hai2="26,57,62,117,112,50,42,73,93,125,97,82,3" hai3="46,128,20,24,6,21,49,33,51,40,15,104,7"/><U121/><E121/><V114/><F3/><W122/><G104/><T111/><D113/><N who="2" m="43626" /><F125/><W130/><G122/><T92/><D119/><U74/><E118/><V19/><F117/><W52/><G33/><T127/><D127/><U83/><E101/><N who="2" m="60591" /><F42/><W1/><G1/><T23/><D111/><U43/><E74/><V9/><F50/><W89/><G89/><T95/><D106/><U124/><E124/><V100/><F100/><W68/><G68/><T81/><D103/><U91/><E109/><V87/><F73/><W102/><G102/><T58/><D58/><U22/><E43/><V78/><F26/><W2/><G2/><T99/><D99/><U32/><E32/><V98/><F98/><W8/><G7/><T72/><D72/><U37/><E37/><V27/><F27/><W67/><G67/><T115/><D115/><U75/><E75/><V13/><F57/><W135/><G135/><N who="1" m="51722" /><E22/><V105/><F105/><W12/><G12/><T11/><D35/><U90/><E83/><V61/><AGARI ba="0,0" hai="9,13,19,61,62,78,82,87" m="60591,43626" machi="61" ten="30,1100,0" yaku="11,1" doraHai="66" who="2" fromWho="2" sc="360,-3,188,-5,296,11,156,-3" /><INIT seed="2,0,0,4,5,94" ten="357,183,307,153" oya="2" hai0="90,38,54,119,11,30,125,111,63,114,32,57,60" hai1="20,104,45,134,36,71,127,102,128,123,78,9,28" hai2="43,80,14,108,130,8,110,84,74,31,95,101,73" hai3="112,33,81,35,49,105,5,61,122,99,131,46,109"/><V23/><F130/><W56/><G122/><T42/><D114/><U17/><E123/><V86/><F43/><W103/><G109/><T22/><D119/><U135/><E71/><V29/><F74/><W106/><G131/><T6/><D111/><N who="2" m="42538" /><F73/><W66/><G5/><T121/><D121/><U59/><E128/><V21/><F101/><W41/><G112/><T116/><D32/><U26/><E127/><V18/><F95/><W62/><G105/><T88/><D125/><U133/><E78/><N who="2" m="46103" /><F86/><W129/><G129/><T75/><D75/><U118/><E118/><V40/><F40/><W64/><REACH who="3" step="1"/><G81/><REACH who="3" ten="357,183,307,143" step="2"/><T4/><D6/><U12/><E36/><V25/><F31/><W58/><AGARI ba="0,1" hai="33,35,41,46,49,56,58,61,62,64,66,99,103,106" machi="58" ten="20,12000,2" yaku="1,1,2,1,0,1,7,1,9,1,52,1,53,0" doraHai="94" doraHaiUra="107" who="3" fromWho="3" sc="357,-30,183,-30,307,-60,143,130" /><INIT seed="3,0,0,0,2,56" ten="327,153,247,273" oya="3" hai0="54,84,26,104,132,135,6,45,116,63,22,121,105" hai1="38,88,64,16,66,60,108,58,111,86,40,34,14" hai2="70,123,15,78,28,90,100,82,81,1,4,73,5" hai3="27,92,103,125,50,71,95,87,77,129,29,39,106"/><W80/><G39/><T57/><D116/><U85/><E34/><V89/><F1/><W68/><G125/><T97/><D121/><U10/><E85/><V61/><F123/><W47/><G129/><T20/><D6/><U101/><E101/><V59/><F70/><W115/><G115/><T43/><D84/><U124/><E124/><V33/><F100/><W72/><G72/><T94/><D132/><U9/><E9/><V69/><F69/><W0/><G0/><T96/><D97/><U37/><E66/><V48/><F48/><W35/><G103/><T98/><D96/><U32/><E32/><V62/><F59/><W112/><G106/><T107/><D26/><U55/><E64/><V93/><F33/><W17/><G112/><T41/><D41/><U126/><E126/><V118/><F118/><W44/><G44/><T131/><D131/><U67/><E67/><V3/><F3/><W128/><G128/><T36/><REACH who="0" step="1"/><D135/><REACH who="0" ten="317,153,247,273" step="2"/><U24/><E24/><V19/><F28/><W18/><G18/><T42/><D42/><U49/><E40/><V113/><F113/><W130/><G17/><T46/><D46/><U109/><E49/><V83/><F73/><W7/><G130/><T133/><D133/><U21/><REACH who="1" step="1"/><E10/><REACH who="1" ten="317,143,247,273" step="2"/><N who="2" m="6647" /><F78/><W51/><G51/><T8/><D8/><U120/><E120/><V99/><F89/><AGARI ba="0,2" hai="20,22,36,43,45,54,57,63,89,94,98,104,105,107" machi="89" ten="40,2600,0" yaku="1,1,52,1,53,0" doraHai="56" doraHaiUra="117" who="0" fromWho="2" sc="317,46,143,0,247,-26,273,0" /><INIT seed="4,0,0,2,0,41" ten="363,143,221,273" oya="0" hai0="104,86,35,11,21,72,47,10,62,77,113,110,125" hai1="44,87,8,121,103,91,20,80,128,71,78,16,22" hai2="116,32,105,109,130,40,132,34,2,25,65,81,0" hai3="31,88,24,64,129,42,49,119,54,55,63,52,23"/><T61/><D35/><U70/><E121/><V46/><F109/><W68/><G119/><T127/><D110/><U51/><E128/><V96/><F132/><W6/><G129/><T114/><D104/><U37/><E37/><N who="2" m="21775" /><F130/><W122/><G122/><T26/><D72/><U126/><E126/><N who="0" m="48137" /><D47/><U15/><E103/><N who="2" m="62695" /><F116/><W57/><G6/><T17/><D86/><U112/><E112/><N who="0" m="43113" /><D77/><U75/><E71/><V84/><F65/><W60/><G42/><T38/><D38/><U106/><E106/><V120/><F84/><W13/><G13/><N who="0" m="7359" /><D10/><U66/><E70/><V79/><F120/><W73/><G73/><T39/><D39/><U85/><E75/><N who="2" m="43263" /><F34/><W69/><REACH who="3" step="1"/><G88/><REACH who="3" ten="363,143,221,263" step="2"/><T83/><D83/><N who="1" m="49663" /><E66/><AGARI ba="0,1" hai="23,24,31,49,52,54,55,57,60,63,64,66,68,69" machi="66" ten="40,8000,1" yaku="1,1,9,1,54,1,53,2" doraHai="41" doraHaiUra="56" who="3" fromWho="1" sc="363,0,143,-80,221,0,263,90" /><INIT seed="5,0,0,3,3,94" ten="363,63,221,353" oya="1" hai0="80,37,118,34,86,72,18,19,20,131,49,82,83" hai1="98,121,23,114,1,106,68,122,57,77,24,35,73" hai2="76,109,84,110,26,64,116,88,123,78,66,55,134" hai3="53,91,85,6,14,2,28,25,59,104,47,45,67"/><U22/><E1/><V100/><F116/><W127/><G104/><T79/><D37/><U63/><E114/><V115/><F123/><W51/><G127/><T15/><D34/><U3/><E3/><V7/><F134/><W102/><G102/><T29/><D118/><U40/><E40/><V101/><F115/><W30/><G2/><T31/><D131/><U50/><E50/><V132/><F132/><W41/><G67/><N who="2" m="25641" /><F109/><W133/><G133/><T111/><D111/><U11/><E68/><V124/><F124/><W52/><G25/><N who="0" m="14495" /><D72/><U119/><E119/><V56/><F7/><W96/><G96/><T4/><D4/><U44/><E35/><V13/><F13/><W8/><G45/><T39/><D39/><U93/><E44/><V113/><F26/><W130/><G130/><T38/><D38/><U0/><E106/><V27/><F27/><W103/><G103/><N who="2" m="39497" /><F110/><W92/><REACH who="3" step="1"/><G53/><REACH who="3" ten="363,63,221,343" step="2"/><T62/><D31/><U97/><E0/><V61/><F113/><W21/><G21/><T5/><D29/><U87/><E24/><V90/><F90/><W16/><G16/><T12/><D18/><U69/><E11/><V81/><AGARI ba="0,1" hai="55,56,61,76,78,81,84,88" m="39497,25641" machi="81" ten="30,2000,0" yaku="8,1,54,1" doraHai="94" who="2" fromWho="2" sc="363,-5,63,-10,221,30,343,-5" /><INIT seed="6,0,0,3,0,8" ten="358,53,251,338" oya="2" hai0="104,113,121,4,42,28,40,86,94,18,100,10,11" hai1="56,36,118,123,22,66,126,77,61,41,102,70,135" hai2="101,109,133,90,117,73,21,116,6,34,95,89,65" hai3="1,58,43,62,59,47,57,44,3,92,49,52,97"/><V119/><F34/><W54/><G44/><T38/><D121/><U35/><E35/><V14/><F109/><W129/><G129/><T51/><D104/><U110/><E77/><V29/><F133/><W79/><G79/><T81/><D38/><U20/><E102/><V105/><F73/><W13/><G13/><T48/><D28/><U63/><E22/><V45/><F105/><W103/><REACH who="3" step="1"/><G59/><REACH who="3" ten="358,53,251,328" step="2"/><T132/><D132/><U46/><E20/><V25/><F45/><W30/><G30/><T17/><D113/><U23/><E23/><V88/><F65/><W83/><G83/><T27/><D100/><U115/><E135/><V125/><F125/><W68/><G68/><T64/><D64/><U131/><E126/><V78/><F78/><W76/><G76/><N who="0" m="46375" /><D94/><U127/><E127/><V93/><REACH who="2" step="1"/><F101/><REACH who="2" ten="358,53,241,328" step="2"/><W26/><G26/><T96/><D27/><U19/><E123/><V55/><F55/><W106/><G106/><T120/><D120/><U111/><E131/><V24/><F24/><W75/><G75/><T50/><D42/><U82/><E82/><V16/><F16/><W85/><G85/><T80/><D40/><U98/><E19/><V108/><F108/><W67/><G67/><T99/><D17/><U15/><E98/><N who="0" m="37417" /><D80/><U32/><E32/><V124/><F124/><W114/><G114/><T71/><D18/><U72/><E72/><V39/><F39/><AGARI ba="0,2" hai="1,3,39,43,47,49,52,54,57,58,62,92,97,103" machi="39" ten="30,3900,0" yaku="1,1,7,1,54,1,53,0" doraHai="8" doraHaiUra="128" who="3" fromWho="2" sc="358,0,53,0,241,-39,328,59" /><INIT seed="7,0,0,2,1,57" ten="358,53,202,387" oya="3" hai0="80,119,94,29,79,40,28,64,128,1,7,75,16" hai1="84,18,70,123,42,36,50,100,20,135,17,90,132" hai2="107,129,53,2,115,24,87,77,8,85,12,97,35" hai3="114,39,48,133,130,81,19,6,120,27,108,127,103"/><W76/><G39/><T44/><D119/><U124/><E70/><V14/><F2/><W54/><G6/><T11/><D128/><U34/><E34/><V62/><F129/><W25/><G103/><T41/><D41/><U63/><E36/><V43/><F115/><W98/><G114/><T38/><D64/><U61/><E123/><V89/><F43/><W49/><G108/><T117/><D117/><U51/><E100/><V3/><F3/><W65/><G130/><T131/><D131/><U109/><E109/><V78/><F35/><W125/><G65/><T99/><D16/><N who="1" m="6251" /><E124/><V72/><F72/><W45/><G19/><T10/><D10/><U83/><E20/><V105/><F24/><W21/><G98/><T122/><D122/><U59/><E59/><V104/><F8/><W37/><G25/><T111/><D111/><U126/><E126/><V47/><F97/><W30/><G37/><T5/><D5/><U82/><E42/><V26/><F26/><W60/><G125/><T15/><D15/><U22/><E22/><V32/><F32/><W4/><G127/><T118/><D118/><U116/><E116/><V86/><F89/><AGARI ba="0,0" hai="1,7,11,28,29,38,40,44,75,79,80,89,94,99" machi="89" ten="30,3900,0" yaku="7,1,25,2" doraHai="57" who="0" fromWho="2" sc="358,39,53,0,202,-39,387,0" owari="397,50.0,53,-45.0,163,-24.0,387,19.0" /></mjloggm>