<mjloggm ver="2.3"><GO type="169" lobby="0"/><UN n0="%EF%BC%A4%EF%BC%B2%EF%BC%AF%EF%BC%B0" n1="%E4%B8%AD%E6%9D%91%E8%B1%AA" n2="%E9%BA%BB%E7%94%9F%E9%9B%80%E5%AD%90" n3="%E3%82%A6%E3%83%AB%E3%83%88%E3%83%A9%E7%AB%8B%E7%9B%B4" dan="16,16,16,17" rate="2040.09,2161.11,2069.32,2187.37" sx="M,M,F,M"/><TAIKYOKU oya="0"/><INIT seed="0,0,0,5,4,35" ten="250,250,250,250" oya="0" hai0="74,53,38,125,122,130,72,81,48,107,79,9,56" hai1="65,99,18,101,91,131,62,52,92,69,31,12,23" hai2="109,83,43,87,115,61,7,126,51,4,113,28,82" hai3="11,114,98,2,1,64,123,66,42,49,14,93,27"/><T105/><D122/><U34/><E131/><V26/><F61/><W41/><G114/><T30/><D130/><U121/><E121/><V58/><F109/><W45/><G123/><T71/><D71/><U103/><E34/><V96/><F96/><W36/><G27/><T128/><D128/><U117/><E117/><V89/><F113/><W120/><G120/><T104/><D125/><U102/><E31/><V33/><F126/><W37/><G66/><T6/><D30/><U10/><E10/><V67/><F115/><W5/><G64/><T94/><D94/><U0/><REACH who="1" step="1"/><E52/><REACH who="1" ten="250,240,250,250" step="2"/><V116/><F116/><W50/><G42/><T32/><D32/><U44/><E44/><V39/><F67/><W88/><REACH who="3" step="1"/><G50/><REACH who="3" ten="250,240,250,240" step="2"/><T54/><D38/><AGARI ba="0,2" hai="1,2,5,11,14,36,37,38,41,45,49,88,93,98" machi="38" ten="40,16000,3" yaku="1,1,2,1,52,2,54,1,53,3" doraHai="35" doraHaiUra="70" who="3" fromWho="0" sc="250,-160,240,0,250,0,240,180" /><INIT seed="1,0,0,3,0,89" ten="90,240,250,420" oya="1" hai0="21,118,39,34,0,132,127,42,103,61,85,102,26" hai1="37,51,10,108,18,46,12,35,100,106,111,121,82" hai2="93,70,92,135,65,123,72,124,88,8,7,101,6" hai3="58,59,36,48,5,114,9,3,77,29,30,109,40"/><U62/><E35/><V63/><F72/><W38/><G114/><T31/><D118/><U2/><E121/><V25/><F123/><W90/><G109/><N who="1" m="42058" /><E37/><V128/><F128/><W14/><G77/><T47/><D0/><U134/><E62/><V50/><F135/><W95/><G3/><T57/><D132/><U110/><N who="1" m="42066" /><U83/><DORA hai="67" /><E134/><V43/><F25/><W71/><G71/><T125/><D34/><U81/><E2/><V32/><F32/><W105/><G105/><T64/><REACH who="0" step="1"/><D85/><REACH who="0" ten="80,240,250,420" step="2"/><U54/><E106/><V113/><F113/><W22/><G38/><T129/><D129/><U97/><E100/><AGARI ba="0,1" hai="21,26,31,39,42,47,57,61,64,100,102,103,125,127" machi="100" ten="40,2600,0" yaku="1,1,53,1" doraHai="89,67" doraHaiUra="119,69" who="0" fromWho="1" sc="80,36,240,-26,250,0,420,0" /><INIT seed="2,0,0,3,5,30" ten="116,214,250,420" oya="2" hai0="130,9,52,26,61,27,23,96,76,69,48,8,133" hai1="91,29,17,124,54,97,74,11,75,110,116,123,6" hai2="132,34,72,78,15,41,93,1,10,28,65,38,37" hai3="46,112,108,66,104,73,33,111,113,85,47,50,13"/><V125/><F132/><W5/><G73/><T31/><D133/><U3/><E116/><V103/><F125/><W128/><G104/><T129/><D76/><U58/><E110/><V32/><F65/><W80/><G66/><N who="0" m="41167" /><D27/><U120/><E124/><V92/><F28/><W100/><G100/><T22/><D96/><U119/><E119/><V60/><F60/><W18/><G5/><T95/><D95/><N who="1" m="56575" /><E17/><V53/><F53/><N who="3" m="29911" /><G47/><N who="0" m="27679" /><D23/><U107/><E29/><V0/><F0/><W94/><G94/><T102/><D102/><U49/><E107/><V25/><F25/><W21/><G128/><AGARI ba="0,0" hai="8,9,22,26,31,128,129,130" m="27679,41167" machi="128" ten="30,2000,0" yaku="19,1,54,1" doraHai="30" who="0" fromWho="3" sc="116,20,214,0,250,0,420,-20" /><INIT seed="3,0,0,4,4,80" ten="136,214,250,400" oya="3" hai0="50,1,94,29,104,49,122,98,115,100,82,11,125" hai1="17,20,75,83,5,124,72,86,108,13,3,61,130" hai2="58,127,0,73,79,55,52,101,10,78,88,99,133" hai3="121,119,105,7,74,91,34,32,42,134,60,70,77"/><W123/><G105/><T90/><D122/><U89/><E108/><V48/><F133/><W109/><G77/><T76/><D125/><U21/><E124/><V6/><F127/><W66/><G74/><T68/><D68/><U45/><E130/><V43/><F43/><W92/><G119/><T24/><D115/><U65/><E45/><V116/><F73/><W62/><G134/><T64/><D64/><U71/><REACH who="1" step="1"/><E20/><REACH who="1" ten="136,204,250,400" step="2"/><V36/><F116/><W96/><G109/><T25/><D11/><AGARI ba="0,1" hai="3,5,11,13,17,21,61,65,71,72,75,83,86,89" machi="11" ten="40,5200,0" yaku="1,1,2,1,52,1,53,0" doraHai="80" doraHaiUra="97" who="1" fromWho="0" sc="136,-52,204,62,250,0,400,0" /><INIT seed="4,0,0,1,2,74" ten="84,266,250,400" oya="0" hai0="82,11,135,52,120,99,100,68,31,38,3,114,54" hai1="18,113,48,123,106,104,5,44,7,71,108,1,19" hai2="49,63,25,37,95,13,21,105,109,91,124,35,2" hai3="92,90,58,129,40,56,86,51,33,110,128,66,73"/><T39/><D120/><U107/><E71/><V98/><F37/><W14/><G73/><T97/><D68/><U125/><E108/><V112/><F2/><W126/><G33/><T111/><D111/><U42/><E123/><V79/><F112/><W77/><G110/><T10/><D114/><U24/><E125/><V59/><F35/><W55/><G40/><T28/><D82/><U36/><E113/><V60/><F109/><W61/><G126/><T27/><D27/><U70/><E70/><V65/><F124/><W130/><G14/><T119/><D100/><U81/><E48/><V133/><F105/><W96/><G96/><T75/><D75/><U78/><E24/><V20/><F63/><W50/><G50/><T43/><D43/><U88/><E88/><V94/><F133/><W72/><G72/><T84/><D84/><U8/><REACH who="1" step="1"/><E7/><REACH who="1" ten="84,256,250,400" step="2"/><V4/><F49/><W80/><G80/><T23/><D135/><U85/><AGARI ba="0,1" hai="1,5,8,18,19,36,42,44,78,81,85,104,106,107" machi="85" ten="30,7900,0" yaku="1,1,2,1,0,1,52,1,53,0" doraHai="74" doraHaiUra="26" who="1" fromWho="1" sc="84,-39,256,89,250,-20,400,-20" /><INIT seed="5,0,0,0,0,75" ten="45,345,230,380" oya="1" hai0="38,60,5,48,14,77,46,21,86,81,134,30,70" hai1="128,65,18,44,41,118,131,90,103,106,67,120,89" hai2="19,127,113,51,10,32,100,108,130,116,74,7,101" hai3="107,12,3,76,71,55,16,37,53,115,122,1,102"/><U58/><E118/><V54/><F32/><W28/><G71/><T62/><D38/><U112/><E120/><V135/><F116/><W8/><G37/><T4/><D70/><U99/><E112/><V49/><F108/><W23/><G122/><T124/><D124/><U36/><E18/><V125/><F19/><W17/><G28/><T111/><D134/><U0/><E0/><V9/><F135/><W91/><G102/><T87/><D111/><U68/><E68/><V105/><F130/><N who="1" m="49705" /><E58/><N who="2" m="33103" /><F113/><W121/><G107/><T114/><D114/><U20/><E20/><V64/><F64/><AGARI ba="0,0" hai="36,41,44,64,65,67,89,90,99,103,106" m="49705" machi="64" ten="30,1500,0" yaku="19,1" doraHai="75" who="1" fromWho="2" sc="45,0,345,15,230,-15,380,0" /><INIT seed="5,1,0,3,5,108" ten="45,360,215,380" oya="1" hai0="62,64,69,50,67,122,66,112,53,22,95,56,131" hai1="121,58,17,125,59,34,96,42,94,102,27,78,82" hai2="89,33,126,115,120,40,8,105,99,85,80,14,26" hai3="74,2,10,31,93,55,49,41,1,44,71,3,39"/><U88/><E121/><V117/><F120/><W90/><G74/><T98/><D122/><U130/><E130/><V24/><F117/><W114/><G71/><T36/><D22/><U48/><E125/><V73/><F73/><W70/><G70/><T79/><D79/><U23/><E34/><V32/><F126/><W104/><G104/><T45/><D95/><U91/><E42/><V113/><F33/><W129/><G129/><T116/><D98/><U103/><E91/><V12/><F40/><W7/><G31/><T51/><D131/><U60/><E48/><N who="0" m="18473" /><D116/><U46/><E46/><V81/><F81/><W109/><G114/><N who="2" m="43529" /><F32/><W61/><G109/><T100/><D100/><U38/><E38/><V68/><F68/><W9/><G39/><T15/><D15/><N who="2" m="5674" /><F8/><W52/><G10/><T4/><D4/><U132/><E132/><V47/><F47/><W128/><G128/><T63/><D112/><U37/><E37/><V20/><F20/><W101/><G41/><AGARI ba="1,0" hai="36,41,45,53,56,62,63,64,66,67,69" m="18473" machi="41" ten="30,8000,1" yaku="35,5" doraHai="108" who="0" fromWho="3" sc="45,83,360,0,215,0,380,-83" /><INIT seed="6,0,0,1,2,16" ten="128,360,215,297" oya="2" hai0="91,44,59,101,98,128,130,82,67,37,10,39,11" hai1="29,77,112,125,13,106,88,76,61,90,131,25,46" hai2="5,43,122,20,99,45,23,22,2,62,100,102,15" hai3="78,96,94,35,56,107,73,48,133,66,118,33,83"/><V30/><F2/><W105/><G118/><T64/><D82/><U134/><E106/><V49/><F122/><W58/><G133/><T123/><D91/><U6/><E112/><V97/><F30/><W108/><G108/><T75/><D75/><U87/><E131/><V7/><F62/><W24/><G58/><T103/><D59/><U51/><E61/><V4/><F15/><W47/><G56/><T127/><D98/><AGARI ba="0,0" hai="4,5,7,20,22,23,43,45,49,97,98,99,100,102" machi="98" ten="40,12000,1" yaku="8,1,52,3" doraHai="16" who="2" fromWho="0" sc="128,-120,360,0,215,120,297,0" /><INIT seed="6,1,0,3,0,125" ten="8,360,335,297" oya="2" hai0="60,52,50,124,121,92,28,87,44,133,81,59,113" hai1="63,13,27,126,119,20,102,70,25,19,99,61,55" hai2="3,117,90,69,51,62,116,132,57,23,38,123,82" hai3="134,10,107,105,33,16,32,43,80,56,67,74,78"/><V72/><F123/><W29/><G134/><T65/><D124/><U108/><E108/><V77/><F38/><W128/><G43/><T71/><D121/><U114/><E119/><V11/><F132/><W30/><G56/><T66/><D133/><U115/><E126/><V109/><F109/><W58/><G58/><T22/><D113/><N who="1" m="43019" /><E55/><V112/><F112/><W1/><G67/><N who="0" m="39327" /><D71/><U122/><E122/><V96/><F69/><W95/><G95/><T12/><D92/><N who="1" m="58727" /><E70/><V73/><F73/><W8/><G1/><T21/><D21/><N who="1" m="11503" /><E25/><V45/><F23/><W101/><G30/><AGARI ba="1,0" hai="20,27,30,61,63" m="11503,58727,43019" machi="30" ten="30,1000,0" yaku="15,1" doraHai="125" who="1" fromWho="3" sc="8,0,360,13,335,0,297,-13" /><INIT seed="7,0,0,1,4,15" ten="8,373,335,284" oya="3" hai0="120,117,47,32,73,5,3,9,125,82,54,1,111" hai1="31,2,76,10,30,109,87,14,37,44,132,126,118" hai2="103,105,42,29,36,115,58,128,68,94,46,65,135" hai3="41,45,100,23,70,81,26,28,67,122,0,7,130"/><W59/><G122/><T104/><D54/><U107/><E107/><V6/><F115/><W71/><G130/><T110/><D47/><U74/><E109/><V101/><F128/><W114/><G114/><T56/><D56/><U84/><E132/><V64/><F135/><W27/><G7/><T8/><D82/><N who="1" m="45335" /><E14/><V72/><F72/><W75/><G0/><T18/><D18/><U48/><E48/><V35/><F6/><W34/><G100/><T95/><D95/><U53/><E53/><V108/><F108/><W79/><G59/><T124/><D9/><U92/><E126/><V134/><F134/><W127/><G67/><T90/><D90/><N who="1" m="53319" /><E118/><V80/><F80/><W116/><G116/><T12/><D12/><U69/><E69/><V133/><F133/><W20/><G127/><T66/><D8/><U119/><E87/><V22/><F35/><W113/><G113/><T51/><D51/><U93/><E93/><V98/><F68/><W21/><REACH who="3" step="1"/><G27/><REACH who="3" ten="8,373,335,274" step="2"/><T24/><D24/><U43/><E119/><V52/><F103/><W123/><G123/><T19/><D66/><U16/><E2/><V49/><F105/><W77/><G77/><T96/><D1/><U91/><E91/><V89/><REACH who="2" step="1"/><F89/><REACH who="2" ten="8,373,325,274" step="2"/><W4/><G4/><T11/><D5/><U97/><E44/><V83/><F83/><W106/><G106/><T85/><D125/><U129/><E129/><V40/><F40/><W112/><G112/><T63/><D124/><U38/><E43/><V62/><F62/><W88/><G88/><T131/><D111/><U13/><E97/><V57/><F57/><RYUUKYOKU ba="0,2" sc="8,-30,373,10,325,10,274,10" hai1="10,13,16,30,31,37,38" hai2="22,29,36,42,46,49,52,58,64,65,94,98,101" hai3="20,21,23,26,28,34,41,45,70,71,75,79,81" owari="-22,-52.0,403,50.0,335,14.0,284,-12.0" /></mjloggm>