<mjloggm ver="2.3"><GO type="41" lobby="0"/><UN n0="%E3%83%90%E3%82%B1%E3%83%83%E3%83%88%E3%83%98%E3%83%83%E3%83%89" n1="%E5%B0%B1%E6%B4%BB%E7%94%9F%40%E5%B7%9D%E6%9D%91%E8%BB%8D%E5%9B%A3" n2="%E5%A4%A9%E4%BD%BF%E3%81%AE%E3%83%AC%E3%82%AA%E3%82%BF%E3%83%BC%E3%83%89" n3="%4E%61%72%75%6B%61" dan="13,14,14,13" rate="1901.30,1952.53,1966.15,1949.07" sx="F,M,M,F"/><TAIKYOKU oya="0"/><INIT seed="0,0,0,5,2,97" ten="250,250,250,250" oya="0" hai0="46,37,71,80,11,129,14,119,132,17,76,74,130" hai1="54,104,6,30,0,18,126,86,57,22,62,114,77" hai2="90,78,51,34,67,16,19,98,79,123,72,48,56" hai3="53,118,70,127,93,94,26,128,112,58,55,2,108"/><T8/><D119/><U25/><E114/><V111/><F34/><W9/><G108/><T3/><D71/><U81/><E126/><V133/><F111/><W69/><G112/><T124/><D132/><U75/><E104/><V32/><F32/><W52/><G128/><T101/><D101/><U49/><E0/><V36/><F36/><W33/><G127/><T47/><D124/><U42/><E6/><V106/><F133/><W27/><G118/><T107/><D107/><U39/><E39/><V89/><F123/><W59/><G33/><T110/><D110/><U21/><E42/><V116/><F116/><W88/><G9/><T92/><D92/><U40/><E40/><V125/><F125/><W45/><G55/><T50/><D37/><U41/><E41/><V20/><F72/><W113/><G113/><T60/><D60/><U115/><E115/><V64/><F106/><W5/><G5/><T24/><D24/><U23/><E75/><V120/><F120/><W1/><REACH who="3" step="1"/><G88/><REACH who="3" ten="250,250,250,240" step="2"/><T65/><D129/><U63/><E22/><V73/><F20/><W122/><G122/><T134/><D134/><U66/><E66/><V105/><F67/><W10/><G10/><T99/><D65/><U131/><REACH who="1" step="1"/><E131/><REACH who="1" ten="250,240,250,240" step="2"/><V31/><F64/><W13/><G13/><AGARI ba="0,2" hai="13,18,21,23,25,30,49,54,57,62,63,77,81,86" machi="13" ten="30,7700,0" yaku="1,1,2,1,7,1,8,1,53,0" doraHai="97" doraHaiUra="87" who="1" fromWho="3" sc="250,0,240,97,250,0,240,-77" /><INIT seed="1,0,0,5,4,75" ten="250,337,250,163" oya="1" hai0="2,134,40,73,43,114,127,59,21,27,129,103,74" hai1="11,131,39,58,20,32,23,61,110,31,92,132,10" hai2="109,18,69,53,22,128,34,33,52,96,36,108,55" hai3="65,70,126,120,107,16,4,90,28,8,83,5,51"/><U26/><E39/><V7/><F36/><W133/><G120/><T119/><D119/><U79/><E131/><V99/><F69/><W29/><G133/><T50/><D114/><U91/><E132/><V14/><F7/><N who="3" m="2635" /><G107/><T12/><D134/><U86/><E110/><N who="2" m="42603" /><F128/><W42/><G126/><T48/><D2/><U77/><E32/><AGARI ba="0,0" hai="14,18,22,32,33,34,52,53,55,96,99" m="42603" machi="32" ten="40,2600,0" yaku="14,1,54,1" doraHai="75" who="2" fromWho="1" sc="250,0,337,-26,250,26,163,0" /><INIT seed="2,0,0,0,0,131" ten="250,311,276,163" oya="2" hai0="125,74,29,61,47,6,42,3,54,52,82,50,10" hai1="130,21,1,40,20,5,90,11,22,105,7,126,27" hai2="23,122,83,112,71,41,84,128,101,73,81,14,53" hai3="107,99,86,87,120,115,95,132,31,2,123,124,106"/><V60/><F122/><W63/><G2/><T0/><D0/><U33/><E105/><N who="3" m="39946" /><G31/><T12/><D125/><U94/><E126/><V104/><F128/><W79/><G63/><T78/><D29/><U34/><E130/><V15/><F41/><W135/><G124/><T18/><REACH who="0" step="1"/><D61/><REACH who="0" ten="240,311,276,163" step="2"/><U127/><E127/><V75/><F60/><W68/><G115/><T133/><D133/><N who="3" m="51273" /><G68/><T48/><D48/><U32/><E7/><V39/><F112/><W67/><G67/><T43/><D43/><U96/><REACH who="1" step="1"/><E40/><REACH who="1" ten="240,301,276,163" step="2"/><V134/><F134/><W65/><G65/><T44/><D44/><U9/><E9/><AGARI ba="0,2" hai="3,6,9,10,12,18,42,47,50,52,54,74,78,82" machi="9" ten="30,3900,0" yaku="1,1,7,1,54,1,53,0" doraHai="131" doraHaiUra="97" who="0" fromWho="1" sc="240,59,301,-39,276,0,163,0" /><INIT seed="3,0,0,3,0,10" ten="299,262,276,163" oya="3" hai0="64,134,63,115,56,87,70,17,95,83,14,81,4" hai1="39,13,79,97,8,59,132,128,49,127,58,50,103" hai2="69,131,37,82,47,53,68,86,120,32,57,107,29" hai3="36,33,99,125,21,112,94,75,31,110,85,62,7"/><W18/><G112/><T67/><D115/><U91/><E39/><V96/><F131/><W61/><G125/><T22/><D134/><U101/><E128/><V108/><F108/><W2/><G75/><T124/><D124/><U109/><E127/><V26/><F120/><W122/><G122/><T43/><D43/><U119/><E109/><V106/><F37/><W104/><G110/><T100/><D70/><U71/><E71/><V38/><F38/><W130/><G130/><T9/><D67/><U118/><E79/><V129/><F47/><W102/><G36/><T133/><D133/><U3/><E3/><V73/><F73/><W77/><G104/><T40/><D40/><U51/><E132/><V114/><F114/><W60/><G33/><T84/><D100/><U135/><E135/><V23/><F129/><W1/><G31/><T126/><D126/><U34/><E34/><V20/><F20/><W72/><G72/><T15/><D95/><U30/><E30/><V113/><F113/><W90/><G77/><T45/><D45/><U78/><E78/><V66/><F66/><W48/><G48/><T117/><D117/><N who="1" m="44555" /><E91/><V98/><F32/><W54/><G54/><T123/><D123/><U92/><E103/><V19/><F69/><W11/><G1/><T111/><D111/><U46/><E46/><V105/><F68/><W0/><G0/><T88/><D88/><U42/><E42/><V121/><F29/><W44/><G44/><T28/><D28/><U55/><E55/><V12/><F121/><W27/><G90/><T24/><D24/><U16/><AGARI ba="0,0" hai="8,13,16,49,50,51,58,59,92,97,101" m="44555" machi="16" ten="30,7900,0" yaku="5,1,12,1,52,1,54,1" doraHai="10" who="1" fromWho="1" sc="299,-20,262,79,276,-20,163,-39" /><INIT seed="4,0,0,2,1,92" ten="279,341,256,124" oya="0" hai0="1,30,34,9,62,116,64,58,93,74,28,53,94" hai1="32,134,89,76,101,98,107,18,80,42,128,109,6" hai2="78,39,43,111,90,72,131,60,99,130,96,55,20" hai3="48,23,84,5,122,77,65,71,117,40,8,110,88"/><T29/><D74/><U127/><E32/><V0/><F111/><W56/><G110/><T106/><D106/><U33/><E109/><V59/><F0/><W31/><G117/><T25/><D116/><U121/><E33/><V102/><F102/><W87/><G122/><T85/><D85/><U69/><E69/><V119/><F119/><W38/><G77/><T66/><D34/><U83/><E121/><V11/><F11/><W50/><G71/><T61/><D25/><U135/><E42/><V67/><F90/><W13/><G38/><T52/><D53/><U46/><E6/><V105/><F105/><W14/><G40/><T44/><D44/><U57/><E18/><V68/><F78/><W118/><G118/><T113/><D113/><U2/><E57/><V24/><F72/><W21/><G21/><T12/><D1/><U75/><E46/><N who="2" m="23935" /><F24/><N who="3" m="16799" /><G14/><T86/><D86/><N who="1" m="50399" /><E2/><V10/><F10/><W3/><G3/><T16/><REACH who="0" step="1"/><D66/><REACH who="0" ten="269,341,256,124" step="2"/><U4/><E128/><N who="2" m="49195" /><F20/><W47/><G87/><T51/><D51/><AGARI ba="0,1" hai="51,55,59,60,67,68,96,99" m="49195,23935" machi="51" ten="30,7700,0" yaku="24,1,19,1,52,2" doraHai="92" who="2" fromWho="0" sc="269,-77,341,0,256,87,124,0" /><INIT seed="5,0,0,3,4,66" ten="192,341,343,124" oya="1" hai0="10,125,7,101,63,119,109,117,39,32,40,110,135" hai1="18,105,67,106,44,86,16,51,81,53,25,128,73" hai2="65,102,129,115,69,19,34,75,29,6,123,91,122" hai3="60,27,3,89,84,12,118,90,94,120,20,96,0"/><U58/><E73/><V97/><F75/><W93/><G120/><T28/><D135/><U83/><E128/><V68/><F129/><W108/><G108/><T22/><D125/><U127/><E127/><V130/><F130/><W99/><G118/><T61/><D101/><U126/><E126/><V50/><F6/><W5/><G84/><T26/><D40/><U62/><E83/><V52/><F65/><W133/><G133/><T100/><D100/><U9/><E18/><V70/><F91/><W104/><G104/><T114/><D39/><U78/><E25/><V72/><F72/><W80/><G80/><T107/><D107/><U48/><E48/><V124/><F124/><W56/><G12/><T116/><D114/><U71/><REACH who="1" step="1"/><E44/><REACH who="1" ten="192,331,343,124" step="2"/><V113/><F19/><W38/><G38/><T55/><D63/><U76/><E76/><V54/><F29/><W4/><G0/><T92/><D61/><U87/><E87/><V17/><F17/><W45/><G45/><T23/><D110/><U134/><E134/><V98/><F122/><W36/><G36/><T121/><D109/><U42/><E42/><V103/><F123/><W37/><G99/><T2/><D121/><U88/><E88/><V95/><F50/><W46/><G37/><T24/><D119/><U77/><E77/><V47/><F47/><W30/><G46/><T64/><D117/><U14/><AGARI ba="0,1" hai="9,14,16,51,53,58,62,67,71,78,81,86,105,106" machi="14" ten="30,11700,0" yaku="1,1,0,1,52,1,54,1,53,0" doraHai="66" doraHaiUra="1" who="1" fromWho="1" sc="192,-39,331,127,343,-39,124,-39" /><INIT seed="5,1,0,2,1,43" ten="153,458,304,85" oya="1" hai0="60,132,64,124,22,58,87,54,127,133,85,89,37" hai1="100,74,95,21,114,122,108,28,97,44,24,94,39" hai2="16,50,23,0,46,62,126,48,59,9,71,40,53" hai3="83,29,4,117,45,135,120,42,36,69,3,96,5"/><U106/><E122/><V31/><F31/><W20/><G120/><T101/><D101/><U15/><E114/><V26/><F126/><N who="0" m="48170" /><D37/><U115/><E74/><V41/><F71/><W18/><G135/><N who="0" m="51787" /><D22/><U90/><E115/><V34/><F34/><W25/><G117/><T19/><D19/><U75/><E108/><V66/><REACH who="2" step="1"/><F50/><REACH who="2" ten="153,458,294,85" step="2"/><W93/><G69/><N who="0" m="42119" /><D89/><U68/><E68/><V77/><F77/><W130/><G130/><T10/><D10/><U80/><E90/><V111/><F111/><W110/><G110/><T76/><D76/><U128/><E28/><V88/><F88/><W91/><G3/><T67/><D67/><U32/><E39/><V84/><F84/><W123/><G123/><T35/><D35/><U86/><E32/><V118/><F118/><W125/><G125/><T134/><N who="0" m="51795" /><T7/><DORA hai="14" /><D7/><AGARI ba="1,1" hai="0,7,9,16,23,26,40,41,46,48,53,59,62,66" machi="7" ten="40,8000,1" yaku="1,1,52,2,54,1,53,0" doraHai="43,14" doraHaiUra="116,109" who="2" fromWho="0" sc="153,-83,458,0,294,93,85,0" /><INIT seed="6,0,0,2,0,36" ten="70,458,387,85" oya="2" hai0="87,121,34,76,23,0,112,14,81,102,69,57,20" hai1="78,51,9,118,3,25,125,54,15,59,38,101,27" hai2="16,73,22,113,130,61,48,100,19,66,64,110,91" hai3="30,68,82,8,17,131,96,65,49,127,58,53,75"/><V71/><F73/><W6/><G131/><T83/><D69/><U56/><E118/><V26/><F130/><W84/><G127/><T93/><D121/><U92/><E3/><V41/><F113/><W85/><G30/><T116/><D34/><U31/><E38/><V43/><F110/><W80/><G17/><T114/><D0/><U126/><E78/><V117/><F117/><W37/><G96/><N who="0" m="59663" /><D116/><U55/><E92/><V104/><F104/><W2/><G37/><T10/><D83/><U79/><E101/><V128/><F100/><W95/><G95/><T60/><D57/><U70/><E79/><V18/><F128/><W42/><G42/><N who="2" m="15881" /><F71/><W77/><REACH who="3" step="1"/><G82/><REACH who="3" ten="70,458,387,75" step="2"/><T94/><D94/><U44/><E31/><N who="2" m="17879" /><F48/><W7/><G7/><N who="0" m="3423" /><D60/><AGARI ba="0,1" hai="2,6,8,49,53,58,60,65,68,75,77,80,84,85" machi="60" ten="40,1300,0" yaku="1,1,53,0" doraHai="36" doraHaiUra="108" who="3" fromWho="0" sc="70,-13,458,0,387,0,75,23" /><INIT seed="7,0,0,3,3,118" ten="57,458,387,98" oya="3" hai0="111,94,95,12,34,41,120,96,74,36,63,16,5" hai1="1,59,21,77,122,109,19,78,38,42,103,6,88" hai2="66,112,4,37,60,84,18,102,114,44,68,79,13" hai3="17,117,35,7,129,93,76,97,128,31,87,123,33"/><W23/><G117/><T64/><D111/><U101/><E122/><V10/><F102/><N who="3" m="60719" /><G7/><T89/><D74/><U49/><E38/><V82/><F18/><W104/><G104/><T99/><D34/><U98/><E6/><V85/><F85/><W52/><G31/><T67/><D5/><U9/><E9/><V53/><F37/><W22/><G22/><T26/><D26/><N who="1" m="14655" /><E1/><V134/><F134/><W57/><G123/><T24/><D24/><U11/><E11/><V91/><F79/><N who="1" m="30217" /><E103/><V55/><REACH who="2" step="1"/><F44/><REACH who="2" ten="57,458,377,98" step="2"/><W113/><G87/><T20/><D120/><U105/><E101/><V8/><F8/><W71/><G76/><T28/><D28/><U130/><E105/><V15/><F15/><N who="3" m="9663" /><G113/><AGARI ba="0,1" hai="4,10,13,53,55,60,66,68,82,84,91,112,113,114" machi="113" ten="40,5200,0" yaku="1,1,15,1,53,1" doraHai="118" doraHaiUra="61" who="2" fromWho="3" sc="57,0,458,0,377,62,98,-52" owari="57,-34.0,458,55.0,439,24.0,46,-45.0" /></mjloggm>