<mjloggm ver="2.3"><GO type="169" lobby="0"/><UN n0="%E3%83%86%E3%83%AC%E3%83%93%E3%81%A3%E5%AD%90" n1="%E3%83%9F%E3%82%B9%E3%83%86%E3%82%A3%E3%82%B3" n2="%E3%82%A6%E3%83%AB%E3%83%88%E3%83%A9%E7%AB%8B%E7%9B%B4" n3="%E2%98%85%E6%96%B0%E5%9E%A3%E3%81%82%E3%82%84%E3%81%9B%E2%98%85" dan="16,16,17,16" rate="2109.43,2074.29,2141.61,2061.39" sx="M,M,M,F"/><TAIKYOKU oya="0"/><INIT seed="0,0,0,2,2,106" ten="250,250,250,250" oya="0" hai0="123,61,76,80,26,53,39,125,119,51,3,58,130" hai1="40,28,88,99,4,12,31,18,34,102,97,0,47" hai2="29,116,68,22,103,62,30,45,73,79,109,113,6" hai3="69,84,63,21,60,15,129,135,101,35,95,118,127"/><T81/><D39/><U120/><E120/><V55/><F113/><W70/><G118/><T32/><D3/><U78/><E78/><V49/><F109/><W37/><G35/><T24/><D123/><U36/><E0/><V59/><F116/><W128/><G37/><T1/><D1/><U52/><E4/><V65/><F103/><W124/><G101/><T66/><D119/><U20/><E34/><V77/><F6/><W14/><G95/><T54/><D130/><N who="3" m="50281" /><G84/><T87/><D125/><N who="3" m="48201" /><G21/><T122/><D122/><U89/><E52/><N who="0" m="20073" /><D32/><U132/><E132/><V44/><F22/><W48/><G48/><T91/><D51/><U92/><REACH who="1" step="1"/><E89/><REACH who="1" ten="250,240,250,250" step="2"/><V72/><F77/><W27/><G135/><T82/><D76/><U94/><AGARI ba="0,1" hai="12,18,20,28,31,36,40,47,88,92,94,97,99,102" machi="94" ten="20,8000,1" yaku="1,1,2,1,0,1,7,1,54,1,53,0" doraHai="106" doraHaiUra="64" who="1" fromWho="1" sc="250,-40,240,90,250,-20,250,-20" /><INIT seed="1,0,0,4,1,26" ten="210,330,230,230" oya="1" hai0="95,123,56,35,111,28,2,8,128,14,48,83,75" hai1="49,22,47,101,57,59,60,34,13,120,43,93,84" hai2="15,110,77,68,100,125,62,46,82,130,5,24,67" hai3="1,58,115,107,92,52,37,21,116,17,134,0,91"/><U113/><E34/><V131/><F110/><W124/><G115/><T106/><D106/><U89/><E113/><V19/><F125/><W41/><G107/><T27/><D111/><U32/><E32/><V71/><F100/><W4/><G124/><T108/><D108/><U88/><E120/><V53/><F5/><W76/><G76/><T114/><D114/><U70/><E70/><V65/><F24/><W118/><G134/><T16/><D123/><U44/><E101/><V73/><F53/><W81/><G81/><T97/><D128/><N who="2" m="49194" /><F46/><W12/><G37/><T126/><D126/><U55/><E89/><V40/><F40/><W121/><G41/><T135/><D135/><U18/><REACH who="1" step="1"/><E43/><REACH who="1" ten="210,320,230,230" step="2"/><V103/><F103/><W30/><G121/><T23/><D35/><U86/><E86/><V36/><F71/><W94/><G91/><T66/><D75/><U79/><E79/><V85/><F85/><W98/><G118/><T117/><D117/><U10/><E10/><V64/><F68/><W80/><G116/><T51/><D8/><U119/><E119/><V122/><F122/><W87/><G87/><T78/><D78/><U50/><E50/><V127/><F127/><W61/><G98/><T69/><D69/><U6/><E6/><V129/><F129/><W31/><G4/><T25/><D51/><U99/><E99/><V133/><F77/><W132/><G132/><T39/><D48/><U9/><E9/><V72/><F133/><W33/><G33/><T104/><D97/><U54/><AGARI ba="0,1" hai="13,18,22,44,47,49,54,55,57,59,60,84,88,93" machi="54" ten="20,18000,2" yaku="1,1,0,1,7,1,25,2,8,1,54,1,53,0" doraHai="26" doraHaiUra="38" who="1" fromWho="1" sc="210,-60,320,190,230,-60,230,-60" /><INIT seed="1,1,0,1,3,84" ten="150,510,170,170" oya="1" hai0="6,111,57,53,23,41,0,66,19,8,99,98,55" hai1="17,96,24,37,91,95,36,83,81,97,43,127,128" hai2="112,16,71,90,1,123,29,42,132,65,75,3,4" hai3="22,82,101,113,122,79,126,44,119,35,5,108,72"/><U118/><E118/><V7/><F75/><W12/><G119/><T115/><D115/><U69/><E69/><V93/><F123/><W28/><G122/><T38/><D111/><U18/><E128/><V33/><F112/><W46/><G108/><T104/><D38/><U21/><E127/><V120/><F120/><W116/><G116/><T110/><D41/><U114/><E114/><V129/><F129/><W76/><G126/><T56/><D110/><U51/><E37/><V58/><F71/><W34/><G113/><T13/><D66/><U52/><E36/><V64/><F33/><W45/><G101/><T27/><D104/><U48/><E17/><V134/><F29/><W105/><G105/><T62/><REACH who="0" step="1"/><D0/><REACH who="0" ten="140,510,170,170" step="2"/><U14/><E43/><V63/><F64/><W102/><G34/><T87/><D87/><U54/><E97/><N who="2" m="57527" /><F42/><W89/><G35/><T77/><D77/><U106/><E106/><V70/><F3/><W86/><G76/><T9/><D9/><U133/><E133/><V11/><F1/><W73/><G79/><T20/><D20/><U94/><E94/><V117/><F117/><W68/><G73/><T25/><D25/><U26/><E26/><V100/><F132/><W47/><G72/><T78/><D78/><U59/><REACH who="1" step="1"/><E24/><REACH who="1" ten="140,500,170,170" step="2"/><V85/><F134/><W67/><G68/><T107/><D107/><U39/><E39/><V10/><F70/><W88/><N who="3" m="11264" /><DORA hai="125" /><W2/><G2/><T92/><D92/><U50/><E50/><AGARI ba="1,2" hai="6,8,13,19,23,27,50,53,55,56,57,62,98,99" machi="50" ten="30,3900,0" yaku="1,1,7,1,8,1,53,0" doraHai="84,125" doraHaiUra="74,109" who="0" fromWho="1" sc="140,62,500,-42,170,0,170,0" /><INIT seed="2,0,0,2,5,126" ten="202,458,170,170" oya="2" hai0="71,66,87,70,4,19,2,65,111,64,74,53,59" hai1="54,48,7,72,97,20,61,132,93,104,113,0,23" hai2="105,50,13,57,80,67,95,134,100,107,38,76,33" hai3="119,117,114,63,55,127,69,5,27,25,44,56,17"/><V122/><F38/><W133/><G133/><T62/><D74/><U24/><E132/><V15/><F134/><W112/><G127/><T78/><D4/><U118/><E113/><N who="3" m="43626" /><G5/><T88/><D2/><U85/><E118/><N who="3" m="45066" /><G69/><T120/><D111/><U131/><E104/><V135/><F135/><W52/><G17/><T77/><D120/><U121/><E72/><V73/><F122/><W98/><G98/><T37/><D37/><U68/><E121/><V35/><F105/><W49/><AGARI ba="0,0" hai="25,27,44,49,52,55,56,63" m="45066,43626" machi="49" ten="40,2700,0" yaku="11,1,54,1" doraHai="126" who="3" fromWho="3" sc="202,-7,458,-7,170,-13,170,27" /><INIT seed="3,0,0,3,3,85" ten="195,451,157,197" oya="3" hai0="8,69,82,19,128,73,66,36,57,24,107,67,127" hai1="3,15,83,1,14,2,38,133,34,64,44,126,104" hai2="90,98,130,11,95,116,123,29,115,124,118,97,91" hai3="109,16,129,113,49,71,92,58,28,132,119,23,9"/><W12/><G113/><T27/><D107/><U77/><E104/><V86/><F115/><W32/><G119/><N who="2" m="45609" /><F29/><W35/><G71/><T20/><D36/><U42/><E34/><V117/><F11/><W10/><G132/><T93/><D128/><U52/><E133/><V40/><F40/><W125/><G129/><T31/><D69/><U131/><E131/><V45/><F45/><W21/><G58/><T78/><D127/><U6/><E126/><V25/><F25/><N who="3" m="16447" /><G92/><T46/><D46/><U59/><E64/><V33/><N who="2" m="45617" /><V50/><DORA hai="79" /><F50/><W100/><G100/><T18/><D57/><U114/><E6/><V99/><F33/><N who="3" m="12875" /><G109/><T48/><D48/><U47/><E47/><V110/><F130/><W120/><G49/><T17/><D24/><U63/><REACH who="1" step="1"/><E114/><REACH who="1" ten="195,441,157,197" step="2"/><V111/><F124/><W56/><G125/><T68/><D66/><U102/><E102/><V30/><F123/><W76/><G120/><T70/><D67/><U134/><E134/><V39/><F39/><W0/><G56/><T4/><D70/><U121/><E121/><V5/><F5/><N who="3" m="1191" /><G76/><T112/><D68/><U135/><E135/><V89/><F30/><W41/><G41/><T26/><D112/><U7/><E7/><V51/><F51/><W53/><G53/><T84/><D4/><U62/><E62/><V43/><F43/><W61/><G61/><T87/><D78/><U88/><E88/><AGARI ba="0,1" hai="86,88,89,90,91,95,97,98,99,110,111" m="45617" machi="88" ten="50,12000,2" yaku="34,2,52,4,54,1" doraHai="85,79" who="2" fromWho="1" sc="195,0,441,-120,157,130,197,0" /><INIT seed="4,0,0,0,3,125" ten="195,321,287,197" oya="0" hai0="87,15,25,22,38,107,108,20,29,2,73,89,133" hai1="24,18,6,94,31,35,100,82,132,30,111,21,68" hai2="117,58,88,91,99,126,49,127,76,129,48,81,102" hai3="78,44,36,11,86,7,51,39,61,122,121,118,63"/><T69/><D73/><U67/><E132/><V5/><F5/><W103/><G118/><T56/><D2/><U9/><E111/><V45/><F117/><W90/><G103/><T79/><D69/><U13/><E68/><V46/><F58/><W23/><G78/><T60/><D38/><N who="3" m="14377" /><G23/><T135/><D107/><U105/><E105/><V113/><F113/><W26/><G26/><T95/><D79/><U97/><E67/><V77/><F102/><W1/><G90/><T130/><D108/><U40/><E40/><V19/><F19/><W43/><G86/><T83/><D83/><U96/><E96/><V120/><F99/><W104/><G104/><T66/><REACH who="0" step="1"/><D130/><REACH who="0" ten="185,321,287,197" step="2"/><U16/><E82/><V70/><F70/><W59/><G122/><T53/><D53/><U71/><E71/><V27/><F81/><W93/><G121/><T116/><D116/><U92/><E92/><V114/><F120/><W74/><G74/><T72/><D72/><U32/><E94/><V12/><F129/><W112/><G93/><T28/><D28/><N who="1" m="10795" /><E97/><V115/><F77/><W101/><G101/><T50/><D50/><U85/><E85/><V65/><F76/><W34/><G51/><T109/><D109/><U62/><E62/><V119/><F49/><W37/><G63/><T55/><D55/><U106/><E106/><V98/><F48/><W64/><G112/><T128/><D128/><U84/><E84/><V4/><F115/><W80/><G80/><T3/><D3/><N who="1" m="223" /><E100/><V52/><F114/><W47/><G47/><T75/><D75/><U33/><E33/><V54/><F45/><RYUUKYOKU ba="0,1" sc="185,10,321,10,287,-30,197,10" hai0="15,20,22,25,29,56,60,66,87,89,95,133,135" hai1="13,16,18,21,24,32,35" hai3="1,7,11,34,37,43,44,59,61,64" /><INIT seed="4,1,1,1,1,50" ten="195,331,257,207" oya="0" hai0="32,134,122,129,8,52,24,106,74,18,132,12,113" hai1="125,67,15,65,89,112,108,71,11,82,87,70,5" hai2="21,9,104,90,130,69,57,48,7,94,43,66,23" hai3="83,40,109,38,88,64,98,26,116,53,35,72,119"/><T59/><D106/><U28/><E108/><V51/><F104/><W44/><G109/><T101/><D122/><U128/><E125/><V13/><F130/><W60/><G72/><T25/><D129/><U14/><E128/><V114/><F69/><W6/><G6/><T22/><D101/><U124/><E124/><V47/><F114/><W4/><G4/><T97/><D97/><U126/><E126/><V121/><F121/><W31/><G53/><T84/><D74/><U56/><E112/><V135/><F135/><N who="0" m="51754" /><D113/><U68/><E28/><V20/><F66/><W111/><G111/><T42/><D42/><U123/><E123/><V81/><F81/><W92/><REACH who="3" step="1"/><G83/><REACH who="3" ten="195,331,257,197" step="2"/><T91/><D32/><U86/><E82/><V77/><F43/><W107/><G107/><T45/><D45/><U37/><E65/><V96/><F47/><W58/><AGARI ba="1,2" hai="26,31,35,38,40,44,58,60,64,88,92,98,116,119" machi="58" ten="20,5200,0" yaku="1,1,0,1,7,1,54,1,53,0" doraHai="50" doraHaiUra="76" who="3" fromWho="3" sc="195,-27,331,-14,257,-14,197,75" /><INIT seed="5,0,0,2,2,31" ten="168,317,243,272" oya="1" hai0="122,1,114,23,113,20,40,127,26,13,55,74,63" hai1="32,78,68,51,89,52,41,66,45,42,69,33,119" hai2="39,82,116,0,11,135,67,64,85,22,8,108,4" hai3="117,25,93,48,98,112,17,37,47,99,100,16,104"/><U18/><E119/><V15/><F116/><W96/><G112/><N who="0" m="43115" /><D74/><U28/><E78/><V87/><F108/><W38/><G117/><T21/><D40/><U94/><E28/><V61/><F135/><W115/><G115/><T5/><D63/><U130/><E130/><V80/><F39/><W54/><G96/><T126/><D55/><U29/><E29/><V106/><F106/><W92/><G104/><T86/><D86/><U59/><E18/><V91/><F22/><N who="0" m="8810" /><D1/><U70/><E66/><V101/><F101/><W34/><G38/><T125/><D122/><U19/><E19/><V97/><F97/><W123/><G123/><T131/><D131/><U132/><E132/><V83/><F61/><W107/><G37/><T77/><D77/><U124/><E124/><V56/><F56/><W121/><G121/><T50/><D50/><U53/><E53/><V60/><F60/><W118/><G118/><T109/><D109/><U24/><E24/><V58/><F58/><W111/><G111/><T75/><D75/><U44/><E44/><V84/><F91/><W2/><G2/><T79/><D79/><U95/><E42/><V76/><F76/><W35/><G107/><T46/><N who="0" m="8818" /><T9/><DORA hai="88" /><D46/><U49/><REACH who="1" step="1"/><E89/><REACH who="1" ten="168,307,243,272" step="2"/><V71/><F67/><W73/><G47/><T120/><D120/><U103/><E103/><V128/><F64/><W129/><G100/><T7/><D7/><U6/><E6/><N who="2" m="3575" /><F128/><W10/><G129/><T12/><D12/><U134/><E134/><V57/><F4/><W72/><G72/><T105/><D26/><U43/><E43/><RYUUKYOKU ba="0,1" sc="168,15,307,15,243,-15,272,-15" hai0="5,9,13,105,125,126,127" hai1="32,33,41,45,49,51,52,59,68,69,70,94,95" /><INIT seed="5,1,1,2,5,15" ten="183,322,228,257" oya="1" hai0="94,4,126,90,51,32,24,102,18,45,75,67,97" hai1="118,23,11,86,30,110,57,60,79,16,115,20,95" hai2="88,2,46,47,132,0,6,41,38,78,8,74,44" hai3="36,92,105,31,72,123,98,83,34,64,129,89,63"/><U107/><E118/><V77/><F132/><W127/><G123/><T113/><D113/><U96/><E107/><V52/><F2/><W28/><G36/><T61/><D75/><U21/><E110/><V116/><F116/><W33/><G127/><T1/><D126/><U69/><E69/><V114/><F114/><W62/><G129/><T71/><D1/><U104/><E104/><V130/><F130/><W50/><G50/><T35/><D4/><U5/><E115/><V68/><F68/><W19/><G19/><T9/><D102/><U122/><E122/><V39/><F88/><W37/><G37/><T48/><D48/><U91/><E30/><V53/><F47/><W29/><G105/><T117/><D117/><U100/><E79/><V128/><F78/><W76/><REACH who="3" step="1"/><G63/><REACH who="3" ten="183,322,228,247" step="2"/><T59/><D9/><U55/><E11/><V43/><F128/><W22/><G22/><T85/><D18/><U111/><E5/><V40/><F40/><W14/><G14/><T120/><D120/><U112/><E112/><V58/><F58/><AGARI ba="1,2" hai="28,29,31,33,34,58,62,64,72,76,83,89,92,98" machi="58" ten="40,2600,0" yaku="1,1,53,1" doraHai="15" doraHaiUra="56" who="3" fromWho="2" sc="183,0,322,0,228,-29,247,49" /><INIT seed="6,0,0,0,2,67" ten="183,322,199,296" oya="2" hai0="81,3,17,41,119,66,4,11,27,110,116,109,91" hai1="31,83,40,79,82,94,129,45,121,39,51,23,12" hai2="118,69,106,131,65,100,130,90,37,77,53,128,132" hai3="21,74,48,49,33,19,99,108,14,55,2,70,115"/><V28/><F118/><N who="0" m="45098" /><D66/><U57/><E129/><V126/><F126/><W9/><G49/><T0/><D41/><U87/><E121/><V58/><F37/><W93/><G93/><T16/><D3/><U8/><E39/><V125/><F125/><W30/><G99/><T18/><D81/><U104/><E83/><V35/><F132/><W36/><G19/><N who="0" m="7243" /><D91/><U113/><E104/><V73/><F90/><W47/><G36/><T24/><N who="0" m="7251" /><T123/><DORA hai="117" /><D123/><U111/><E113/><V68/><F65/><W107/><G2/><T34/><D34/><U38/><E111/><AGARI ba="0,0" hai="0,4,11,24,27,109,110,111" m="7251,45098" machi="111" ten="40,8000,1" yaku="12,1,34,2,54,1" doraHai="67,117" who="0" fromWho="1" sc="183,80,322,-80,199,0,296,0" /><INIT seed="7,0,0,3,0,22" ten="263,242,199,296" oya="3" hai0="69,41,56,88,109,114,96,67,29,39,31,2,103" hai1="59,122,47,81,104,133,45,15,48,42,55,123,13" hai2="118,60,95,92,119,34,73,9,78,94,117,25,23" hai3="64,105,102,87,126,44,4,128,82,91,79,80,97"/><W76/><G128/><T77/><D2/><U130/><E104/><V53/><F34/><W8/><G126/><T116/><D116/><U72/><E130/><V111/><F111/><W46/><G64/><T93/><D109/><U112/><E133/><V37/><F37/><W108/><G108/><T75/><D69/><U83/><E112/><V16/><F9/><W30/><G30/><T10/><D10/><U24/><E72/><V124/><F124/><W127/><G91/><T19/><D19/><U18/><E123/><V43/><F43/><W132/><G132/><T32/><D32/><U7/><E122/><V131/><F131/><W107/><G107/><T26/><D29/><U38/><E7/><V98/><F78/><W70/><G70/><T40/><D77/><U121/><E121/><V1/><F73/><W100/><G100/><T99/><D75/><U71/><E71/><V35/><F35/><W74/><G127/><T21/><D39/><U0/><E0/><AGARI ba="0,0" hai="0,4,8,44,46,74,76,79,80,82,87,97,102,105" machi="0" ten="30,1500,0" yaku="7,1" doraHai="22" who="3" fromWho="1" sc="263,0,242,-15,199,0,296,15" owari="263,6.0,227,-17.0,199,-30.0,311,41.0" /></mjloggm>