<mjloggm ver="2.3"><GO type="97" lobby="0"/><UN n0="%E5%B0%B1%E6%B4%BB%E7%94%9F%40%E5%B7%9D%E6%9D%91%E8%BB%8D%E5%9B%A3" n1="%6D%61%6B%69%67%65" n2="%E6%9C%88%E3%83%9F%E7%85%A7%E2%98%86" n3="%E4%BD%90%E5%80%89%E6%9D%8F%E5%AD%90%28%EF%BD%92%EF%BD%99" dan="14,14,15,14" rate="2027.60,1863.29,2059.08,1988.27" sx="M,M,M,F"/><TAIKYOKU oya="0"/><INIT seed="0,0,0,0,2,81" ten="250,250,250,250" oya="0" hai0="85,45,91,100,6,27,10,102,95,62,49,40,116" hai1="94,11,36,60,55,34,41,75,78,28,104,42,7" hai2="24,134,122,129,98,19,119,29,131,106,115,135,0" hai3="79,86,13,67,105,68,46,74,58,48,31,96,111"/><T56/><D116/><U87/><E104/><V15/><F122/><W77/><G68/><T43/><D43/><U133/><E133/><N who="2" m="50699" /><F106/><W30/><G111/><T65/><REACH who="0" step="1"/><D27/><REACH who="0" ten="240,250,250,250" step="2"/><U83/><E41/><V113/><F119/><W52/><G105/><T51/><D51/><U8/><E42/><V117/><F117/><W69/><G48/><T2/><AGARI ba="0,1" hai="2,6,10,40,45,49,56,62,65,85,91,95,100,102" machi="2" ten="20,7800,0" yaku="1,1,0,1,7,1,52,1,53,0" doraHai="81" doraHaiUra="121" who="0" fromWho="0" sc="240,88,250,-26,250,-26,250,-26" /><INIT seed="0,1,0,3,4,128" ten="328,224,224,224" oya="0" hai0="70,94,4,28,43,30,25,8,34,100,5,62,15" hai1="19,81,129,10,42,51,117,69,85,46,89,92,134" hai2="65,78,118,11,45,0,1,116,104,110,38,93,101" hai3="80,23,20,99,64,97,126,115,114,82,49,12,83"/><T127/><D127/><U132/><E117/><N who="2" m="45163" /><F104/><W105/><G126/><T111/><D111/><U40/><E69/><V108/><F78/><W26/><G64/><T50/><D30/><U59/><E129/><V112/><F112/><W95/><G105/><T133/><D5/><U44/><E59/><V131/><F131/><W35/><G35/><T123/><D123/><U125/><E125/><V41/><F65/><W120/><G120/><T109/><D109/><N who="2" m="42090" /><F11/><W86/><G49/><T53/><D43/><U39/><E92/><V135/><F135/><N who="1" m="51753" /><E10/><V47/><F47/><W73/><G95/><T56/><D94/><U13/><E13/><V6/><F6/><W37/><G12/><T36/><D133/><U16/><AGARI ba="1,0" hai="16,19,39,40,42,44,46,51,81,85,89" m="51753" machi="16" ten="30,8000,1" yaku="20,1,52,3,54,1" doraHai="128" who="1" fromWho="1" sc="328,-41,224,83,224,-21,224,-21" /><INIT seed="1,0,0,0,5,123" ten="287,307,203,203" oya="1" hai0="45,66,81,105,70,29,122,52,109,131,30,127,132" hai1="84,33,130,62,119,79,44,98,87,42,112,74,53" hai2="63,23,18,117,12,129,24,76,115,92,1,4,6" hai3="114,3,43,26,75,21,118,11,59,61,107,71,28"/><U46/><E119/><V99/><F117/><W94/><G114/><T93/><D105/><U89/><E112/><V16/><F115/><W108/><G107/><T13/><D122/><U111/><E130/><V25/><F76/><W134/><G75/><T67/><D127/><U77/><E33/><V65/><F129/><W0/><G71/><T103/><D131/><U9/><E9/><V55/><F1/><W133/><G118/><T88/><D109/><U120/><E120/><V54/><F54/><W22/><G43/><T34/><D34/><U27/><E27/><V86/><F86/><W5/><G0/><T90/><D132/><N who="3" m="50793" /><G94/><T19/><D70/><U32/><E32/><V78/><F78/><W15/><G59/><T102/><D81/><U101/><E74/><V10/><F25/><N who="3" m="16431" /><G61/><T57/><D45/><U2/><E2/><V85/><F85/><W80/><G80/><T110/><D110/><U31/><E31/><N who="0" m="11785" /><D66/><U56/><E79/><V37/><F55/><W36/><G36/><T125/><D67/><U97/><E77/><V104/><F37/><W17/><G108/><T95/><D125/><U58/><E42/><V116/><F104/><W68/><G68/><T124/><D93/><U135/><E135/><V121/><F121/><W82/><G82/><T49/><D124/><U20/><E20/><V100/><F116/><W38/><G38/><T69/><D69/><AGARI ba="0,0" hai="4,6,10,12,16,18,23,24,63,65,69,92,99,100" machi="69" ten="30,2000,0" yaku="7,1,54,1" doraHai="123" who="2" fromWho="0" sc="287,-20,307,0,203,20,203,0" /><INIT seed="2,0,0,1,3,80" ten="267,307,223,203" oya="2" hai0="59,109,61,97,16,81,112,86,71,53,76,34,32" hai1="131,28,48,37,9,43,120,41,19,11,7,39,95" hai2="23,21,132,60,110,93,98,54,3,56,64,29,58" hai3="125,114,128,44,122,70,45,100,92,87,82,67,38"/><V65/><BYE who="1" /><F3/><W24/><G122/><UN n1="%6D%61%6B%69%67%65" /><T75/><D112/><U6/><E120/><V73/><F73/><W94/><G114/><T119/><D119/><U22/><E131/><V121/><F121/><W46/><G128/><T133/><D133/><U2/><E28/><V17/><F132/><W117/><G117/><T13/><D109/><U88/><E39/><V27/><F110/><W79/><G125/><T118/><D118/><U126/><E37/><V99/><F58/><W105/><G38/><T33/><D97/><U25/><E126/><V69/><F69/><W42/><G42/><T51/><D71/><U63/><E63/><V106/><F106/><W101/><G24/><T116/><D116/><U129/><E129/><V104/><F104/><W52/><G105/><T31/><D31/><U35/><E35/><V91/><REACH who="2" step="1"/><F99/><REACH who="2" ten="267,307,213,203" step="2"/><N who="3" m="59495" /><G70/><T8/><REACH who="0" step="1"/><D61/><REACH who="0" ten="257,307,213,203" step="2"/><U12/><E48/><V113/><F113/><W102/><G102/><T18/><D18/><U108/><E108/><V84/><F84/><AGARI ba="0,2" hai="8,13,16,32,33,34,51,53,59,75,76,81,84,86" machi="84" ten="40,8000,1" yaku="1,1,52,2,54,1,53,0" doraHai="80" doraHaiUra="57" who="0" fromWho="2" sc="257,100,307,0,213,-80,203,0" /><AGARI ba="0,0" hai="2,6,7,9,11,12,19,22,25,41,43,84,88,95" machi="84" ten="30,3900,0" yaku="7,1,52,1,54,1" doraHai="80" who="1" fromWho="2" sc="357,0,307,39,133,-39,203,0" /><INIT seed="3,0,0,2,2,66" ten="357,346,94,203" oya="3" hai0="15,130,56,129,26,85,28,68,34,67,79,11,1" hai1="2,31,33,45,0,52,44,69,16,116,35,134,49" hai2="32,8,39,78,50,17,13,104,96,3,4,37,63" hai3="118,90,60,18,107,123,38,29,54,98,10,6,19"/><W103/><G118/><T46/><D1/><U53/><E116/><V65/><F78/><W135/><G38/><T72/><D72/><U41/><E69/><V27/><F50/><W20/><G123/><T120/><D120/><U75/><E75/><V124/><F124/><W92/><G135/><T132/><D132/><U112/><E112/><V100/><F17/><W43/><G43/><T9/><D68/><U105/><E134/><V83/><F83/><W95/><G29/><T109/><D109/><U80/><E105/><V86/><F13/><W22/><G18/><T127/><D127/><U77/><E53/><V61/><F61/><W88/><G107/><T55/><D67/><U73/><E16/><V94/><F86/><N who="3" m="52247" /><G103/><T108/><D108/><U59/><E44/><V82/><F82/><W74/><G74/><T40/><D85/><U47/><E47/><V128/><F94/><W125/><G125/><T14/><D79/><U131/><E131/><N who="0" m="50185" /><D46/><U114/><E114/><V23/><F128/><W121/><G121/><T51/><D40/><U24/><E35/><V57/><F23/><W126/><G126/><T99/><D99/><U113/><E113/><V115/><F115/><W48/><G60/><AGARI ba="0,0" hai="0,2,24,31,33,41,45,49,52,59,60,73,77,80" machi="60" ten="30,2000,0" yaku="7,1,54,1" doraHai="66" who="1" fromWho="3" sc="357,0,346,20,94,0,203,-20" owari="357,16.0,366,47.0,94,-41.0,183,-22.0" /></mjloggm>