<mjloggm ver="2.3"><GO type="97" lobby="0"/><UN n0="%E3%83%88%E3%83%88%E3%83%AA%E5%85%88%E7%94%9F%31%39%E6%AD%B3" n1="%E5%92%B2%EF%BC%A0%E7%9B%A3%E7%9D%A3" n2="%E8%84%B1%E8%90%BD%E8%80%85%40%51%4C%26%CE%B2" n3="%E8%8C%A8%E6%9C%A8%E8%8F%AF%E6%89%87" dan="15,13,15,14" rate="2057.50,1836.76,1984.22,1997.89" sx="F,M,M,F"/><TAIKYOKU oya="0"/><INIT seed="0,0,0,4,2,37" ten="250,250,250,250" oya="0" hai0="123,10,53,24,67,31,86,92,14,4,26,7,83" hai1="87,120,113,118,39,55,38,17,106,117,133,68,66" hai2="104,114,59,84,34,93,47,21,101,0,2,88,109" hai3="29,44,51,127,3,18,70,25,72,62,40,81,46"/><T91/><D123/><U80/><E120/><V130/><F34/><W126/><G18/><T74/><D67/><U96/><E113/><V41/><F114/><W102/><G102/><T58/><D74/><U12/><E133/><V79/><F59/><W115/><G3/><T108/><D108/><U82/><E82/><V23/><F130/><W89/><G70/><T9/><D31/><U116/><E68/><V124/><F124/><N who="3" m="47659" /><G62/><T76/><D76/><U132/><E66/><V28/><F109/><W134/><G134/><T135/><D83/><U98/><E106/><V128/><F79/><N who="3" m="44263" /><G46/><T11/><D135/><U60/><E132/><V61/><F128/><W15/><G15/><T111/><D111/><U129/><E129/><V8/><F61/><W20/><G89/><T97/><D97/><U90/><E98/><V119/><F119/><W52/><G115/><T16/><D9/><U56/><REACH who="1" step="1"/><E96/><REACH who="1" ten="250,240,250,250" step="2"/><N who="2" m="61479" /><F93/><W5/><G5/><T131/><D131/><U6/><E6/><V69/><F69/><W100/><G100/><T94/><D7/><U54/><E54/><AGARI ba="0,1" hai="20,25,29,40,44,51,52,54" m="44263,47659" machi="54" ten="30,3900,0" yaku="18,1,52,1,54,1" doraHai="37" who="3" fromWho="1" sc="250,0,240,-39,250,0,250,49" /><INIT seed="1,0,0,0,0,51" ten="250,201,250,299" oya="1" hai0="41,119,80,104,68,132,45,35,67,13,105,121,46" hai1="38,81,60,135,5,23,54,114,128,74,2,87,11" hai2="82,116,133,92,53,14,124,42,78,26,22,130,99" hai3="117,47,12,59,110,61,109,129,73,79,43,34,32"/><U98/><E114/><V100/><F116/><W15/><G129/><T62/><D119/><U24/><E38/><V75/><F133/><W56/><G73/><T49/><D132/><U96/><E128/><V33/><F130/><W95/><G79/><T1/><D1/><U111/><E111/><N who="3" m="42506" /><G95/><T115/><D115/><U57/><E135/><V93/><F42/><W86/><G86/><T66/><D35/><N who="3" m="13353" /><G117/><T83/><D121/><U122/><E74/><V112/><F112/><W84/><G84/><T18/><D67/><U17/><REACH who="1" step="1"/><E122/><REACH who="1" ten="250,191,250,299" step="2"/><V27/><F124/><W29/><G29/><T131/><D131/><U76/><AGARI ba="0,1" hai="2,5,11,17,23,24,54,57,60,76,81,87,96,98" machi="76" ten="20,12000,1" yaku="1,1,2,1,0,1,7,1,52,1,53,0" doraHai="51" doraHaiUra="97" who="1" fromWho="1" sc="250,-40,191,130,250,-40,299,-40" /><INIT seed="1,1,0,1,5,101" ten="210,321,210,259" oya="1" hai0="63,68,25,73,2,61,121,7,18,74,75,109,62" hai1="113,15,19,83,100,51,69,28,45,134,81,90,21" hai2="131,133,79,85,17,5,115,95,135,119,116,71,38" hai3="126,32,99,104,55,13,44,132,103,60,114,72,108"/><U31/><E69/><V36/><F5/><W106/><G72/><T27/><D68/><U41/><E113/><V30/><F30/><W4/><G32/><T9/><D109/><U53/><E134/><N who="2" m="51211" /><F71/><W37/><G114/><T59/><D121/><U125/><E125/><V42/><F42/><W93/><G4/><T97/><D59/><U8/><E100/><V3/><F115/><W86/><G132/><T11/><D11/><U40/><E81/><N who="2" m="47295" /><F3/><W102/><G13/><T52/><D18/><U118/><E118/><N who="2" m="45099" /><F131/><W92/><G37/><T16/><D16/><N who="1" m="8295" /><E28/><V80/><F80/><W87/><G44/><T117/><D117/><U33/><E31/><V66/><F66/><W105/><G60/><T123/><D123/><U29/><E29/><V22/><F95/><W94/><G55/><T12/><D52/><N who="1" m="29807" /><E33/><V48/><F48/><W98/><G108/><T24/><D2/><U128/><E53/><V56/><F56/><W50/><G50/><T82/><D82/><U76/><E76/><V96/><F96/><AGARI ba="1,0" hai="7,9,12,24,25,27,61,62,63,73,74,75,96,97" machi="96" ten="50,3200,0" yaku="29,2" doraHai="101" who="0" fromWho="2" sc="210,35,321,0,210,-35,259,0" /><INIT seed="2,0,0,0,4,37" ten="245,321,175,259" oya="2" hai0="93,4,49,100,79,105,104,117,92,17,8,126,31" hai1="2,38,46,39,53,128,62,127,0,87,5,56,41" hai2="42,132,67,107,122,97,115,51,106,54,124,123,73" hai3="64,80,48,24,33,16,125,36,26,131,32,55,116"/><V70/><F73/><W47/><G116/><T57/><D117/><U111/><E111/><V112/><F97/><W99/><G125/><T50/><D126/><U86/><E127/><V6/><F124/><W91/><G131/><T96/><D79/><U129/><E39/><V103/><F6/><W72/><G64/><T58/><D31/><U133/><E133/><V3/><F3/><N who="1" m="1065" /><E5/><V19/><F19/><W121/><G121/><N who="2" m="46089" /><F103/><W40/><G72/><T89/><D17/><U76/><E76/><V110/><F132/><W83/><G83/><T65/><D104/><U135/><E135/><V22/><F22/><W28/><G80/><T18/><D18/><U21/><E21/><V7/><F7/><W10/><G91/><T75/><D105/><U102/><E102/><V66/><F107/><W71/><G99/><N who="0" m="57775" /><D65/><N who="2" m="24586" /><F106/><W9/><G33/><T44/><D50/><U120/><E120/><V114/><F110/><W98/><G98/><T94/><D94/><U13/><E13/><V20/><F20/><W63/><G26/><T34/><D34/><U25/><E25/><V29/><F29/><W35/><G35/><T43/><D75/><U113/><E113/><V77/><F77/><W134/><G28/><T1/><D1/><U52/><E53/><V61/><F61/><W59/><G134/><T14/><AGARI ba="0,0" hai="4,8,14,43,44,49,57,58,92,96,100" m="57775" machi="14" ten="30,2000,0" yaku="8,1,52,1" doraHai="37" who="0" fromWho="0" sc="245,20,321,-5,175,-10,259,-5" /><INIT seed="3,0,0,3,3,41" ten="265,316,165,254" oya="3" hai0="93,125,46,121,30,22,65,67,95,3,44,23,76" hai1="88,105,24,124,74,84,94,98,59,58,104,83,10" hai2="29,82,127,100,68,15,101,131,16,5,99,37,40" hai3="34,55,2,108,91,25,51,123,6,97,72,134,128"/><W14/><G123/><T126/><D76/><U118/><E118/><V13/><F131/><W115/><G72/><T1/><D30/><U4/><E124/><V103/><F127/><W19/><G115/><T39/><D39/><U0/><E24/><V120/><F120/><AGARI ba="0,0" hai="1,3,22,23,44,46,65,67,93,95,120,121,125,126" machi="120" ten="25,6400,0" yaku="22,2,52,2" doraHai="41" who="0" fromWho="2" sc="265,64,316,0,165,-64,254,0" owari="329,43.0,316,12.0,101,-40.0,254,-15.0" /></mjloggm>