<mjloggm ver="2.3"><GO type="169" lobby="0"/><UN n0="%E3%83%95%E3%83%AA%E3%83%86%E3%83%B3" n1="%E9%BE%8D%E9%96%80%E6%B8%95%E9%80%8F%E8%8A%B1" n2="%E5%91%89%E8%82%B2%E9%83%8E" n3="%E3%82%A6%E3%83%AB%E3%83%88%E3%83%A9%E7%AB%8B%E7%9B%B4" dan="19,16,16,17" rate="2235.03,2159.89,2077.93,2129.79" sx="M,M,M,M"/><TAIKYOKU oya="0"/><INIT seed="0,0,0,0,1,83" ten="250,250,250,250" oya="0" hai0="4,47,18,59,88,75,86,70,12,124,41,134,93" hai1="40,23,135,33,131,99,36,106,66,120,123,94,67" hai2="113,132,25,114,127,29,64,112,128,85,37,104,28" hai3="22,57,8,44,34,77,38,71,95,80,50,56,115"/><T61/><D75/><U9/><E33/><V51/><F37/><W35/><G71/><T17/><D70/><U39/><E106/><V78/><F104/><W107/><G107/><T10/><D134/><U133/><E9/><V24/><F132/><N who="1" m="50761" /><E23/><V121/><F121/><N who="1" m="46665" /><E131/><V52/><F128/><W27/><G38/><N who="1" m="14378" /><E40/><V76/><F112/><W126/><G8/><T72/><D72/><U2/><E2/><V89/><F113/><W19/><G115/><T3/><D3/><U105/><E105/><V49/><F114/><W45/><G35/><T91/><D124/><U32/><E32/><V122/><F127/><W15/><G34/><T69/><D69/><U58/><E58/><V16/><F122/><W53/><G27/><T48/><REACH who="0" step="1"/><D91/><AGARI ba="0,0" hai="66,67,91,94,99" m="14378,46665,50761" machi="91" ten="40,1300,0" yaku="20,1" doraHai="83" who="1" fromWho="0" sc="250,-13,250,13,250,0,250,0" /><INIT seed="1,0,0,5,0,94" ten="237,263,250,250" oya="1" hai0="39,119,107,82,10,78,84,34,93,109,61,124,111" hai1="76,51,114,127,118,24,115,58,56,66,3,75,104" hai2="37,23,130,43,91,49,100,2,99,131,120,45,42" hai3="16,80,72,101,122,62,95,112,30,106,108,54,29"/><U74/><E118/><V15/><F2/><W59/><G112/><T12/><D119/><U73/><E3/><V46/><F120/><W33/><G33/><T50/><D39/><U1/><E1/><V52/><F91/><W7/><G7/><T6/><D107/><U89/><E104/><V86/><F86/><W0/><G0/><T8/><D34/><U47/><E76/><V87/><F87/><W71/><G71/><T57/><D10/><U40/><E127/><V68/><F68/><W17/><G106/><T13/><D13/><U64/><E24/><V5/><F43/><W125/><G125/><T110/><D124/><U67/><REACH who="1" step="1"/><E89/><REACH who="1" ten="237,253,250,250" step="2"/><V105/><F130/><W11/><G122/><T79/><D79/><U35/><E35/><V69/><F131/><W4/><G72/><T116/><D116/><U27/><E27/><V113/><F113/><AGARI ba="0,1" hai="40,47,51,56,58,64,66,67,73,74,75,113,114,115" machi="113" ten="50,2400,0" yaku="1,1,53,0" doraHai="94" doraHaiUra="21" who="1" fromWho="2" sc="237,0,253,34,250,-24,250,0" /><INIT seed="1,1,0,5,5,124" ten="237,287,226,250" oya="1" hai0="53,130,27,133,93,85,28,29,17,26,35,2,65" hai1="49,10,63,0,77,66,7,67,103,76,79,74,11" hai2="102,20,45,32,112,34,38,80,23,52,108,87,61" hai3="16,21,91,41,105,6,120,135,31,58,44,84,107"/><U47/><E103/><V70/><F108/><W83/><G120/><T86/><D2/><U22/><E74/><V94/><F112/><W113/><G113/><T115/><D17/><U100/><E100/><V5/><F5/><W37/><G135/><T71/><D133/><U64/><E11/><V24/><F38/><W25/><G6/><T30/><D30/><U3/><E22/><V104/><F20/><W68/><G68/><T72/><D72/><U116/><E116/><V111/><F70/><W51/><G37/><T33/><D115/><U92/><E92/><V101/><F111/><W55/><REACH who="3" step="1"/><G31/><REACH who="3" ten="237,287,226,240" step="2"/><T14/><D71/><U99/><E0/><V127/><F104/><W36/><AGARI ba="1,1" hai="16,21,25,36,41,44,51,55,58,83,84,91,105,107" machi="36" ten="20,12000,2" yaku="1,1,2,1,0,1,7,1,54,1,53,1" doraHai="124" doraHaiUra="13" who="3" fromWho="3" sc="237,-31,287,-61,226,-31,240,133" /><INIT seed="2,0,0,1,4,106" ten="206,226,195,373" oya="2" hai0="67,62,50,72,23,79,10,55,134,100,93,103,63" hai1="92,13,17,37,39,12,125,20,59,75,58,51,68" hai2="84,135,126,9,82,101,2,81,109,44,66,48,83" hai3="129,88,34,5,112,130,6,104,127,99,128,7,133"/><V119/><F119/><W65/><G34/><T114/><D114/><U33/><E68/><V123/><F123/><W36/><G36/><T94/><D134/><U1/><E1/><V45/><F135/><W11/><G133/><T121/><D121/><U46/><E33/><V47/><F126/><W70/><G127/><T78/><D23/><U42/><E125/><V57/><F101/><W120/><G112/><T56/><D63/><U43/><E75/><V30/><F30/><W131/><G120/><T105/><D105/><U98/><E39/><V87/><F109/><W107/><G131/><T32/><D32/><U27/><E42/><V0/><F0/><W97/><G11/><T122/><D122/><U64/><E37/><V24/><F24/><W25/><G25/><T54/><D54/><U53/><E64/><V96/><F96/><N who="3" m="36939" /><G88/><T35/><D35/><U40/><E40/><V18/><F2/><W41/><G41/><T85/><D10/><U89/><REACH who="1" step="1"/><E43/><REACH who="1" ten="206,216,195,373" step="2"/><V69/><F69/><W38/><G38/><T14/><D72/><U116/><E116/><V111/><F111/><W73/><G73/><T80/><D79/><U77/><E77/><V91/><F84/><W124/><G124/><T90/><D78/><U108/><E108/><V60/><REACH who="2" step="1"/><F48/><REACH who="2" ten="206,216,185,373" step="2"/><W26/><G128/><T28/><D50/><U15/><AGARI ba="0,2" hai="12,13,15,17,20,27,46,51,53,58,59,89,92,98" machi="15" ten="30,4000,0" yaku="1,1,0,1,8,1,53,0" doraHai="106" doraHaiUra="29" who="1" fromWho="1" sc="206,-10,216,60,185,-20,373,-10" /><INIT seed="3,0,0,3,2,29" ten="196,276,165,363" oya="3" hai0="31,12,53,116,56,87,23,85,47,66,33,13,3" hai1="51,78,35,89,135,49,93,8,98,122,92,43,2" hai2="110,82,6,26,125,7,132,133,10,62,77,27,75" hai3="0,41,11,64,46,81,115,28,60,73,36,58,37"/><W101/><G101/><T127/><D3/><U119/><E122/><V55/><F110/><W113/><G28/><T25/><D116/><U96/><E119/><V80/><F125/><W61/><G61/><T117/><D117/><U129/><E35/><V1/><F7/><N who="3" m="1511" /><G37/><T84/><D127/><U114/><E114/><V131/><F131/><W128/><G128/><T20/><D66/><U88/><E135/><N who="2" m="51787" /><F82/><W21/><G21/><T99/><D47/><U83/><E129/><V4/><F4/><W9/><G9/><T95/><D23/><U22/><E43/><V5/><F5/><W107/><G107/><T120/><D33/><U18/><E8/><V112/><F112/><W86/><G86/><T118/><D120/><U106/><E106/><V72/><F72/><W48/><G48/><T91/><REACH who="0" step="1"/><D118/><REACH who="0" ten="186,276,165,363" step="2"/><U69/><E2/><V111/><F111/><W45/><G45/><T134/><D134/><U70/><E70/><V100/><F1/><W32/><G32/><T108/><D108/><U76/><E69/><V103/><F103/><W52/><G64/><T102/><D102/><U30/><E22/><V42/><F100/><W90/><G115/><T38/><D38/><U15/><E30/><V65/><F65/><W109/><G113/><T54/><D54/><U68/><E68/><V59/><F55/><W74/><G109/><T44/><D44/><U121/><E121/><V105/><F105/><W71/><G71/><T50/><AGARI ba="0,1" hai="12,13,20,25,31,50,53,56,84,85,87,91,95,99" machi="50" ten="30,4000,0" yaku="1,1,0,1,8,1,53,0" doraHai="29" doraHaiUra="79" who="0" fromWho="0" sc="186,50,276,-10,165,-10,363,-20" /><INIT seed="4,0,0,5,1,87" ten="236,266,155,343" oya="0" hai0="119,56,18,121,36,107,13,71,97,120,115,128,108" hai1="124,28,125,32,52,58,34,129,35,62,131,78,123" hai2="134,41,72,112,25,130,24,132,80,12,99,1,118" hai3="39,100,49,54,109,0,27,73,40,5,21,88,83"/><T68/><D36/><U55/><E123/><V9/><F41/><W37/><G73/><T114/><D56/><U95/><E78/><V96/><F1/><W67/><G100/><N who="0" m="62863" /><D119/><U6/><E6/><V4/><F118/><W15/><G0/><T92/><D128/><N who="1" m="49227" /><E28/><V101/><F130/><W135/><G40/><T105/><D105/><U17/><E17/><V113/><F80/><W7/><G7/><T45/><D45/><U89/><E55/><V90/><F72/><W76/><G67/><T91/><D108/><U106/><E106/><V98/><F101/><W26/><G54/><T133/><D133/><N who="2" m="51306" /><F96/><AGARI ba="0,0" hai="32,34,35,52,58,62,89,95,96,124,125" m="49227" machi="96" ten="40,5200,0" yaku="19,1,52,1,54,1" doraHai="87" who="1" fromWho="2" sc="236,0,266,52,155,-52,343,0" /><INIT seed="5,0,0,5,5,70" ten="236,318,103,343" oya="1" hai0="28,46,18,112,3,26,134,39,67,107,104,93,83" hai1="101,59,0,128,72,55,94,123,82,73,116,77,84" hai2="135,32,121,10,31,45,86,88,129,100,35,57,49" hai3="90,25,76,78,108,64,6,106,68,127,119,102,126"/><U52/><E116/><V111/><F121/><W71/><G108/><T54/><D3/><U4/><E123/><V117/><F111/><W125/><G119/><T63/><D18/><U79/><E128/><V98/><F129/><W130/><G130/><T34/><D112/><U97/><E79/><V115/><F115/><W41/><G6/><T51/><D134/><U103/><E103/><V91/><F135/><W37/><G102/><T74/><D93/><U113/><E113/><V133/><F133/><W132/><G106/><T114/><D114/><U56/><E4/><V1/><F117/><W81/><G25/><T95/><D95/><U22/><E0/><V29/><F35/><W7/><G7/><T30/><D30/><U14/><E14/><V38/><F32/><W11/><G11/><T20/><D34/><U16/><E56/><V24/><F1/><W85/><G132/><T87/><D74/><U118/><E118/><V131/><F38/><W80/><G64/><T42/><D54/><U58/><E58/><V60/><F131/><W36/><G41/><T92/><D92/><U65/><E65/><V9/><F100/><W105/><G105/><T27/><D51/><N who="1" m="31135" /><E55/><N who="2" m="33855" /><F24/><W62/><G62/><T61/><D27/><N who="1" m="14791" /><E73/><V120/><F120/><W17/><G17/><T99/><D61/><U23/><E72/><V66/><F66/><W13/><G13/><T21/><D21/><AGARI ba="0,0" hai="21,23,77,82,84,94,97,101" m="14791,31135" machi="21" ten="30,5800,0" yaku="8,1,54,2" doraHai="70" who="1" fromWho="0" sc="236,-58,318,58,103,0,343,0" /><INIT seed="5,1,0,1,0,88" ten="178,376,103,343" oya="1" hai0="16,28,12,129,26,51,104,119,7,32,44,102,56" hai1="112,50,64,123,47,72,107,19,111,92,125,40,73" hai2="17,128,86,62,95,55,98,127,130,0,101,106,114" hai3="81,82,30,132,58,61,20,97,83,94,68,43,53"/><U37/><E107/><V31/><F127/><W45/><G68/><T5/><D119/><U80/><E123/><V48/><F0/><W84/><G132/><T42/><D129/><N who="2" m="49770" /><F31/><W15/><G84/><T79/><D79/><U77/><E125/><V78/><F114/><W35/><G35/><T76/><D76/><U11/><E112/><V131/><N who="2" m="49778" /><V120/><DORA hai="99" /><F120/><W29/><G15/><T60/><D102/><U67/><E73/><V90/><F78/><W34/><G20/><T115/><D104/><U33/><E33/><V108/><F62/><W105/><G105/><T38/><D38/><U124/><E124/><V52/><F108/><W85/><G85/><T122/><D115/><U133/><E133/><V121/><F121/><W9/><G9/><T126/><D126/><U22/><E111/><V65/><F65/><W110/><G34/><T100/><D100/><U1/><E37/><V24/><F48/><N who="3" m="26687" /><G110/><T13/><D13/><U96/><E1/><V66/><F66/><W135/><G135/><T103/><D122/><U23/><E11/><V113/><F113/><W117/><G117/><T87/><D32/><U89/><REACH who="1" step="1"/><E23/><AGARI ba="1,0" hai="17,23,24,52,55,86,90,95,98,101,106" m="49778" machi="23" ten="40,8000,1" yaku="19,1,52,2,54,1" doraHai="88,99" who="2" fromWho="1" sc="178,0,376,-83,103,83,343,0" /><INIT seed="6,0,0,0,3,67" ten="178,293,186,343" oya="2" hai0="126,81,135,63,24,94,41,127,134,101,124,123,97" hai1="10,11,75,103,85,96,102,112,32,117,44,69,64" hai2="33,1,34,128,23,0,88,95,104,47,13,108,39" hai3="6,129,52,27,114,57,31,118,65,20,105,68,2"/><V116/><F116/><W66/><G105/><T132/><D123/><U5/><E75/><V40/><F104/><W83/><G68/><T89/><D41/><U72/><E72/><V76/><F76/><W55/><G118/><T73/><D24/><U71/><E32/><V121/><F121/><W36/><G36/><T93/><D63/><U15/><E64/><V60/><F128/><W125/><G125/><T19/><D19/><U99/><E117/><V16/><F108/><W58/><G114/><T25/><D25/><U61/><E61/><V30/><F60/><N who="3" m="35879" /><G2/><T109/><D109/><U43/><E112/><V45/><F45/><W111/><G129/><T78/><D89/><U115/><E115/><V18/><F30/><W90/><G6/><T48/><D48/><U74/><E74/><V53/><F53/><W79/><G79/><T26/><D26/><U28/><E28/><V38/><F38/><W80/><G80/><T106/><AGARI ba="0,0" hai="73,78,81,93,94,97,101,106,124,126,127,132,134,135" machi="106" ten="40,12000,2" yaku="0,1,18,1,20,1,34,3" doraHai="67" who="0" fromWho="0" sc="178,120,293,-30,186,-60,343,-30" /><INIT seed="7,0,0,2,5,89" ten="298,263,126,313" oya="3" hai0="34,74,24,11,58,18,103,61,43,92,130,39,10" hai1="66,133,84,99,63,26,7,29,22,107,73,79,83" hai2="90,5,57,127,80,2,56,91,59,28,118,105,20" hai3="38,72,64,48,131,109,101,97,52,46,37,94,31"/><W106/><G72/><T14/><D74/><U30/><E133/><V78/><F118/><W17/><G31/><T111/><D111/><U86/><E7/><V15/><F105/><W70/><G109/><T108/><D108/><U32/><E29/><V4/><F127/><W13/><G131/><T12/><D130/><U68/><REACH who="1" step="1"/><E22/><REACH who="1" ten="298,253,126,313" step="2"/><V116/><F2/><W95/><G37/><T88/><D34/><U8/><E8/><V132/><F116/><W93/><G38/><T135/><D135/><U117/><E117/><V100/><F132/><W3/><G3/><T40/><D39/><U82/><E82/><V55/><F100/><AGARI ba="0,1" hai="26,30,32,63,66,68,73,79,83,84,86,99,100,107" machi="100" ten="40,8000,1" yaku="1,1,25,2,53,1" doraHai="89" doraHaiUra="104" who="1" fromWho="2" sc="298,0,253,90,126,-80,313,0" owari="298,-10.0,343,44.0,46,-45.0,313,11.0" /></mjloggm>