<mjloggm ver="2.3"><GO type="225" lobby="0"/><UN n0="%E8%92%BC%E6%9C%88%E6%BD%AE" n1="%53%65%6E%61%72" n2="%E3%82%AB%E3%83%9C%E3%83%81%E3%83%A3%E3%82%BF%E3%83%8D" n3="%E5%B0%B1%E6%B4%BB%E7%94%9F%40%E5%B7%9D%E6%9D%91%E8%BB%8D%E5%9B%A3" dan="17,16,16,17" rate="2204.10,2142.92,2143.29,2218.41" sx="M,M,M,M"/><TAIKYOKU oya="0"/><INIT seed="0,0,0,5,4,128" ten="250,250,250,250" oya="0" hai0="107,118,74,51,120,11,65,113,15,7,97,21,126" hai1="1,100,101,69,40,73,116,133,102,45,28,89,91" hai2="131,44,0,60,61,12,109,123,26,20,93,10,59" hai3="29,77,75,55,18,114,94,104,87,16,103,23,37"/><T86/><D113/><U35/><E116/><V30/><F123/><W82/><G37/><T13/><D74/><U42/><E69/><V31/><F131/><W119/><G119/><T57/><D118/><U88/><E73/><V108/><F0/><W92/><G114/><T5/><D120/><U99/><E99/><V46/><F93/><W78/><G78/><T58/><D126/><U34/><E1/><V90/><F90/><N who="3" m="53343" /><G94/><T106/><D86/><U47/><E133/><V17/><F31/><W67/><G67/><T33/><D33/><N who="1" m="12299" /><E28/><V9/><F9/><W132/><G55/><T122/><D122/><U72/><E72/><V6/><F6/><W127/><G127/><T36/><D36/><U64/><E64/><V85/><F85/><W3/><G3/><T124/><D124/><U125/><E125/><V22/><F61/><W41/><G41/><AGARI ba="0,0" hai="40,41,42,45,47,88,89,91,100,101,102" m="12299" machi="41" ten="40,5200,0" yaku="28,2,54,1" doraHai="128" who="1" fromWho="3" sc="250,0,250,52,250,0,250,-52" /><INIT seed="1,0,0,1,3,68" ten="250,302,250,198" oya="1" hai0="133,76,26,15,124,71,83,67,17,102,126,81,96" hai1="60,118,29,16,19,43,23,63,20,131,65,22,103" hai2="108,94,121,30,33,87,48,53,56,61,47,70,39" hai3="3,123,107,74,80,91,73,127,32,114,134,40,38"/><U97/><E118/><V119/><F119/><W45/><RYUUKYOKU type="yao9" ba="0,0" sc="250,0,302,0,250,0,198,0" hai3="3,32,38,40,45,73,74,80,91,107,114,123,127,134" /><INIT seed="1,1,0,0,0,20" ten="250,302,250,198" oya="1" hai0="52,104,71,91,135,14,24,131,46,126,114,132,122" hai1="60,57,63,70,25,17,51,40,123,105,81,116,67" hai2="36,120,93,26,44,134,103,109,75,0,128,129,100" hai3="107,87,72,76,49,18,121,127,111,19,97,92,47"/><U64/><E105/><V33/><F120/><W74/><G121/><T39/><D122/><U27/><E116/><V16/><F109/><W84/><G111/><T113/><D104/><U59/><E123/><V9/><F134/><N who="0" m="51242" /><D71/><U85/><E17/><V62/><F75/><W102/><G127/><T34/><D126/><U96/><E96/><V117/><F117/><W133/><G133/><T86/><D14/><U95/><E95/><V15/><F0/><W106/><G74/><T101/><D101/><U115/><E115/><V7/><F62/><W79/><G106/><T45/><D131/><N who="2" m="50250" /><F93/><W50/><G50/><N who="0" m="28751" /><D46/><N who="1" m="26055" /><E70/><V53/><F53/><W89/><G84/><T98/><D98/><U1/><E1/><V65/><F65/><W73/><G73/><T80/><D39/><U5/><E5/><V4/><F4/><W28/><G28/><AGARI ba="1,0" hai="24,28,34,80,86,91,113,114" m="28751,51242" machi="28" ten="30,3900,0" yaku="20,1,52,1,54,1" doraHai="20" who="0" fromWho="3" sc="250,42,302,0,250,0,198,-42" /><INIT seed="2,0,0,3,2,88" ten="292,302,250,156" oya="2" hai0="0,46,117,19,121,112,20,92,91,105,65,22,135" hai1="28,57,74,51,48,87,133,114,100,30,27,10,95" hai2="102,125,113,60,77,82,7,25,78,55,122,127,106" hai3="94,118,98,5,29,1,83,6,21,119,17,124,67"/><V86/><F122/><W34/><G124/><N who="2" m="47689" /><F7/><W11/><G67/><T53/><D105/><U134/><E74/><V26/><F113/><W44/><G6/><T115/><D0/><U56/><E114/><V8/><F8/><W12/><G83/><T58/><D121/><U41/><E10/><V23/><F78/><W107/><G107/><T70/><D117/><U130/><E130/><V110/><F110/><W103/><REACH who="3" step="1"/><G44/><REACH who="3" ten="292,302,250,146" step="2"/><T132/><D46/><U75/><E133/><V40/><F106/><W33/><G33/><T50/><D132/><U89/><E134/><V52/><F82/><W80/><G80/><T69/><D135/><U120/><E120/><V93/><F93/><W54/><G54/><T101/><D92/><U76/><E95/><V111/><F52/><W36/><G36/><T62/><D53/><U45/><E45/><V61/><F55/><W35/><G35/><T42/><D112/><U96/><E75/><V2/><F111/><W49/><G49/><T15/><D50/><U39/><E39/><V131/><F61/><W59/><G59/><T13/><D58/><U16/><E51/><V14/><F60/><W81/><G81/><T18/><D115/><U123/><E123/><V73/><F73/><W108/><G108/><T3/><D62/><U37/><E37/><V90/><F77/><W97/><G97/><T43/><D65/><U116/><E76/><V64/><F64/><W129/><G129/><T126/><D126/><U128/><E128/><V47/><F131/><W38/><G38/><T85/><D69/><U72/><E72/><V84/><F47/><RYUUKYOKU ba="0,1" sc="292,-10,302,-10,250,-10,146,30" hai3="1,5,11,12,17,21,29,34,94,98,103,118,119" /><INIT seed="3,1,1,2,0,74" ten="282,292,240,176" oya="3" hai0="52,77,101,56,69,96,59,4,90,30,99,34,117" hai1="3,83,82,50,13,112,32,71,130,63,84,33,95" hai2="116,54,65,110,88,35,25,128,73,61,70,16,103" hai3="124,121,134,132,6,106,104,105,79,36,43,37,24"/><W8/><G121/><T31/><D69/><U78/><E3/><V2/><F116/><W12/><G124/><T120/><D120/><U5/><E112/><V45/><F2/><W14/><G24/><T23/><D34/><U111/><E111/><V114/><F110/><W89/><G89/><T93/><D117/><U98/><E83/><V72/><F114/><W20/><G43/><T0/><D77/><U118/><E130/><V107/><F128/><W11/><G20/><T19/><D4/><U108/><E108/><V119/><F119/><W48/><G48/><N who="0" m="30727" /><D59/><U85/><E85/><V28/><F88/><W135/><REACH who="3" step="1"/><G79/><REACH who="3" ten="282,292,240,166" step="2"/><T7/><D23/><U17/><E118/><V133/><F25/><W10/><G10/><T91/><D90/><U60/><E33/><V15/><F35/><W68/><G68/><T49/><D91/><N who="1" m="55679" /><E71/><V113/><F70/><W26/><G26/><T100/><D49/><U62/><E32/><V102/><F113/><W64/><G64/><T27/><D27/><U29/><E50/><V97/><F65/><W55/><G55/><T44/><D30/><U38/><E29/><V1/><F28/><W40/><G40/><T87/><D31/><U58/><E58/><V122/><F54/><W46/><G46/><T67/><D44/><U42/><E42/><V80/><F45/><W51/><G51/><T131/><D131/><U109/><E109/><V92/><F122/><W21/><G21/><T47/><D47/><U22/><E38/><V126/><F126/><W81/><G81/><T57/><D57/><U115/><E115/><V41/><F80/><RYUUKYOKU ba="1,2" sc="282,-15,292,15,240,-15,166,15" hai1="5,13,17,22,60,62,63,78,82,84" hai3="6,8,11,12,14,36,37,104,105,106,132,134,135" /><INIT seed="3,2,2,0,3,19" ten="267,307,225,181" oya="3" hai0="72,41,114,88,99,49,3,46,96,21,97,63,84" hai1="105,34,80,100,6,111,132,56,74,33,81,37,40" hai2="20,79,22,13,12,7,14,133,66,82,64,75,125" hai3="18,91,68,101,73,86,124,35,17,83,51,30,113"/><W135/><G113/><T94/><D114/><U29/><E111/><V129/><F129/><W89/><G68/><T9/><D72/><U59/><E80/><V43/><F125/><W44/><G73/><T115/><D115/><U39/><E59/><V28/><F133/><W127/><G135/><T69/><D21/><U128/><E56/><V26/><F7/><W119/><G119/><T85/><D85/><U126/><E132/><V23/><REACH who="2" step="1"/><F43/><REACH who="2" ten="267,307,215,181" step="2"/><N who="3" m="24991" /><G101/><T54/><D3/><U87/><E6/><V98/><F98/><W5/><G5/><T42/><REACH who="0" step="1"/><D9/><REACH who="0" ten="257,307,215,181" step="2"/><U11/><E11/><V70/><F70/><W67/><G124/><T2/><D2/><U15/><E126/><V16/><F16/><N who="3" m="6251" /><G127/><T32/><D32/><AGARI ba="2,4" hai="12,13,14,20,22,23,26,28,32,64,66,75,79,82" machi="32" ten="40,12000,2" yaku="1,1,52,3,53,3" doraHai="19" doraHaiUra="10" who="2" fromWho="0" sc="257,-126,307,0,215,166,181,0" owari="131,-37.0,307,11.0,381,48.0,181,-22.0" /></mjloggm>