<mjloggm ver="2.3"><GO type="97" lobby="0"/><UN n0="%E3%83%88%E3%83%88%E3%83%AA%E5%85%88%E7%94%9F%31%39%E6%AD%B3" n1="%64%6B%67" n2="%E5%85%83%E7%A6%84" n3="%73%69%6E%65%68%69%6D%65" dan="15,13,15,13" rate="2082.40,1881.81,2051.35,2006.37" sx="F,M,M,F"/><TAIKYOKU oya="0"/><INIT seed="0,0,0,2,2,76" ten="250,250,250,250" oya="0" hai0="77,87,108,109,103,134,13,116,50,62,51,30,119" hai1="115,63,34,79,81,101,39,48,25,121,73,60,124" hai2="66,2,53,67,8,64,93,133,20,18,5,69,129" hai3="27,88,117,56,126,44,24,71,7,4,82,122,17"/><T59/><D134/><U6/><E121/><V33/><F33/><W84/><G71/><T12/><D103/><U68/><E101/><V106/><F106/><W41/><G117/><T98/><D98/><U57/><E6/><N who="3" m="2090" /><G122/><T131/><D131/><U125/><E48/><N who="0" m="18473" /><D30/><N who="1" m="19791" /><E39/><V11/><F11/><W52/><G126/><N who="1" m="48746" /><E57/><V10/><F10/><W46/><G41/><T99/><D99/><U112/><E63/><V113/><F69/><W123/><G123/><T19/><D19/><U130/><E130/><V96/><F129/><W120/><G120/><T40/><D40/><U55/><E55/><V35/><F35/><W85/><G85/><T29/><D29/><U132/><E132/><V37/><F53/><W32/><G32/><T3/><D116/><U61/><E61/><V38/><F133/><W70/><G70/><T14/><D119/><U110/><E110/><N who="0" m="42601" /><D3/><U74/><E74/><V31/><F31/><W100/><G100/><T105/><D105/><U97/><E97/><V111/><F111/><W91/><G91/><T43/><D43/><U36/><E36/><V92/><F92/><W47/><G17/><T83/><D62/><AGARI ba="0,0" hai="24,27,44,46,47,52,56,62,82,84,88" m="2090" machi="62" ten="30,7700,0" yaku="8,1,52,1,54,2" doraHai="76" who="3" fromWho="0" sc="250,-77,250,0,250,0,250,77" /><INIT seed="1,0,0,3,0,134" ten="173,250,250,327" oya="1" hai0="126,77,37,9,13,131,109,19,107,113,103,67,51" hai1="115,71,86,49,128,35,48,117,102,64,42,95,21" hai2="116,40,61,24,135,29,25,91,6,36,23,30,122" hai3="38,127,60,32,114,121,112,54,28,88,90,87,59"/><U97/><E35/><V27/><F122/><W33/><G121/><T118/><D113/><U8/><E115/><V72/><F72/><W92/><G38/><T16/><D118/><U56/><E117/><V98/><F135/><W100/><G100/><T3/><D37/><U26/><E128/><V120/><F120/><W12/><G127/><T96/><D3/><U73/><E71/><V83/><F40/><W15/><G114/><T22/><D131/><U82/><E73/><V10/><F36/><W47/><G112/><T93/><D109/><U123/><E8/><V76/><F61/><W133/><G133/><T79/><D126/><U41/><E42/><V63/><F63/><W0/><G0/><T2/><D67/><U1/><E1/><V50/><F50/><N who="1" m="19561" /><E123/><V66/><F66/><W111/><G47/><T5/><D107/><U94/><E41/><V78/><F116/><W4/><G111/><T69/><D69/><U81/><E56/><V129/><F129/><W85/><G28/><T20/><REACH who="0" step="1"/><D51/><REACH who="0" ten="163,250,250,327" step="2"/><U7/><E64/><V31/><F31/><W130/><G130/><T70/><D70/><U75/><E7/><V68/><F30/><W80/><G4/><T124/><D124/><U125/><E75/><V34/><F34/><W74/><G74/><T17/><D17/><N who="1" m="12591" /><E125/><V11/><F68/><W101/><G33/><T44/><D44/><U89/><AGARI ba="0,1" hai="81,82,86,89,94,95,97,102" m="12591,19561" machi="89" ten="30,1500,0" yaku="8,1" doraHai="134" who="1" fromWho="1" sc="163,-5,250,25,250,-5,327,-5" /><INIT seed="1,1,0,3,4,98" ten="158,275,245,322" oya="1" hai0="35,32,6,17,73,135,61,89,81,65,3,14,127" hai1="25,132,60,96,119,16,122,84,34,94,42,91,15" hai2="118,23,58,134,33,113,111,115,59,99,128,39,52" hai3="78,108,116,50,47,56,93,7,20,97,54,45,105"/><U66/><E122/><V44/><F33/><W114/><G105/><T107/><D107/><U40/><E119/><V102/><F118/><W92/><G114/><N who="2" m="43529" /><F134/><W117/><G108/><T125/><D135/><U46/><E132/><V37/><F111/><W2/><G117/><T64/><D3/><U110/><E34/><V63/><F128/><W28/><G116/><T133/><D6/><U31/><E46/><V70/><F70/><W124/><G124/><N who="0" m="47691" /><D65/><U21/><E110/><V0/><F0/><W48/><G78/><N who="0" m="44239" /><D89/><U85/><E40/><V126/><F44/><N who="3" m="16971" /><G7/><T112/><D112/><U82/><E42/><V72/><F72/><W8/><G8/><N who="0" m="6343" /><D133/><U71/><REACH who="1" step="1"/><E82/><REACH who="1" ten="158,265,245,322" step="2"/><V4/><F126/><W129/><G129/><T86/><D35/><U26/><E26/><V43/><F43/><W18/><G2/><T80/><D32/><U51/><E51/><V101/><F39/><W24/><G50/><T1/><D1/><U22/><AGARI ba="1,1" hai="15,16,21,22,25,31,60,66,71,84,85,91,94,96" machi="22" ten="20,7800,0" yaku="1,1,0,1,7,1,54,1,53,0" doraHai="98" doraHaiUra="68" who="1" fromWho="1" sc="158,-27,265,91,245,-27,322,-27" /><INIT seed="1,2,0,0,1,74" ten="131,356,218,295" oya="1" hai0="59,56,23,18,79,72,73,76,52,78,6,38,51" hai1="50,43,47,28,37,14,117,48,66,67,30,41,4" hai2="19,27,110,126,82,83,111,60,62,20,104,113,128" hai3="97,31,42,16,53,125,84,107,40,29,33,131,80"/><U99/><E117/><V12/><F104/><W102/><G131/><T108/><D38/><U71/><E37/><V45/><F128/><W95/><G125/><T11/><D108/><N who="2" m="41514" /><F126/><W26/><G107/><T92/><D92/><U124/><E124/><V61/><F113/><W81/><G31/><T127/><D127/><U130/><E130/><V35/><F35/><W24/><G80/><N who="2" m="30761" /><F45/><W70/><G70/><T94/><D94/><U103/><E71/><V8/><F62/><W121/><G121/><T116/><D116/><U25/><E50/><V106/><F106/><W13/><G26/><T105/><D105/><U44/><E44/><V135/><F135/><W88/><REACH who="3" step="1"/><G53/><REACH who="3" ten="131,356,218,285" step="2"/><T0/><REACH who="0" step="1"/><D59/><REACH who="0" ten="121,356,218,285" step="2"/><U122/><E122/><V63/><F63/><W64/><G64/><T112/><D112/><U36/><E67/><V75/><F61/><W34/><G34/><T87/><D87/><U17/><E66/><V134/><F60/><W49/><G49/><T9/><D9/><AGARI ba="2,2" hai="9,13,16,24,29,33,40,42,81,84,88,95,97,102" machi="9" ten="30,8000,1" yaku="1,1,7,1,54,2,53,1" doraHai="74" doraHaiUra="7" who="3" fromWho="0" sc="121,-86,356,0,218,0,285,106" /><INIT seed="2,0,0,0,3,59" ten="35,356,218,391" oya="2" hai0="60,19,120,97,12,114,50,80,9,20,8,83,47" hai1="25,5,61,10,62,11,22,101,34,133,92,91,2" hai2="64,29,15,63,125,49,13,69,52,107,72,86,117" hai3="35,111,14,6,55,41,93,38,68,27,4,54,71"/><V31/><F72/><W46/><G111/><T132/><D114/><U129/><E129/><V115/><F107/><W37/><G37/><T32/><D120/><U119/><E133/><V57/><F115/><W103/><G54/><T23/><D132/><U124/><E124/><V110/><F117/><W88/><G103/><T7/><D32/><U118/><E11/><V33/><F33/><W89/><G89/><T65/><D97/><U104/><E34/><V36/><F125/><W106/><G106/><T26/><D9/><U112/><E112/><V77/><F36/><W94/><G94/><T0/><D0/><U135/><E135/><V21/><F110/><W24/><G24/><T30/><D23/><U134/><E134/><V126/><F126/><W43/><G43/><T95/><D7/><U82/><E82/><N who="2" m="47439" /><F69/><W100/><G100/><T56/><REACH who="0" step="1"/><D95/><REACH who="0" ten="25,356,218,391" step="2"/><U73/><E118/><V130/><F130/><W16/><G35/><T18/><D18/><U105/><E119/><V99/><F99/><W81/><G16/><T42/><AGARI ba="0,1" hai="8,12,19,20,26,30,42,47,50,56,60,65,80,83" machi="42" ten="20,8000,1" yaku="1,1,0,1,7,1,8,1,52,1,53,0" doraHai="59" doraHaiUra="113" who="0" fromWho="0" sc="25,90,356,-20,218,-40,391,-20" /><INIT seed="3,0,0,5,5,20" ten="115,336,178,371" oya="3" hai0="72,54,47,89,56,57,106,0,7,19,130,90,118" hai1="117,66,71,134,31,124,69,49,42,115,119,28,77" hai2="88,26,79,30,122,39,100,48,10,16,23,62,133" hai3="132,9,109,45,61,78,58,32,51,1,114,76,82"/><W131/><G114/><T73/><D118/><N who="1" m="45067" /><E77/><V103/><F39/><W101/><G32/><T68/><D68/><N who="1" m="26187" /><E115/><V11/><F122/><W34/><G34/><T53/><D106/><U102/><E102/><N who="2" m="38955" /><F62/><W108/><G131/><T91/><D130/><U6/><E6/><V21/><F79/><W125/><G125/><T75/><D47/><N who="1" m="25847" /><E28/><V94/><F48/><W99/><G132/><T3/><D19/><U2/><E2/><N who="0" m="553" /><D7/><U98/><E31/><V113/><F133/><W59/><G9/><T64/><D64/><U86/><E98/><N who="2" m="57671" /><F113/><W110/><G1/><T60/><D60/><U135/><E86/><V95/><F95/><N who="3" m="58623" /><G61/><T18/><D18/><U44/><E124/><V36/><F36/><W105/><G105/><T83/><D83/><U121/><E66/><V67/><F67/><W92/><G92/><T8/><D8/><U50/><E121/><V63/><F63/><W70/><G70/><T33/><D33/><U29/><E29/><V46/><F46/><W112/><G112/><T111/><D111/><U14/><E14/><AGARI ba="0,0" hai="10,11,14,16,21,23,26,30" m="57671,38955" machi="14" ten="30,7700,0" yaku="8,1,52,1,54,2" doraHai="20" who="2" fromWho="1" sc="115,0,336,-77,178,77,371,0" owari="115,-38.0,259,6.0,255,-14.0,371,46.0" /></mjloggm>