<mjloggm ver="2.3"><GO type="41" lobby="0"/><UN n0="%E3%83%9E%E3%83%AB%E3%83%9E%E3%82%A4%E3%83%B3" n1="%6D%61%72%6F%6E%30%37%38" n2="%E6%97%A9%E7%94%B0%E9%80%B2" n3="%E5%B0%B1%E6%B4%BB%E7%94%9F%40%E5%B7%9D%E6%9D%91%E8%BB%8D%E5%9B%A3" dan="16,15,15,16" rate="2046.47,2071.98,2029.62,2099.26" sx="M,M,M,M"/><TAIKYOKU oya="0"/><INIT seed="0,0,0,2,2,121" ten="250,250,250,250" oya="0" hai0="46,13,122,131,83,7,107,117,10,94,128,58,57" hai1="62,72,9,20,79,105,135,65,59,26,41,2,81" hai2="101,125,36,129,66,3,97,111,89,123,64,74,16" hai3="12,34,8,40,98,91,35,116,69,114,126,78,47"/><T109/><D122/><U130/><E130/><N who="0" m="49705" /><D107/><U52/><E135/><V38/><F129/><W76/><G69/><T24/><D117/><U50/><E41/><V86/><F123/><W85/><G114/><T4/><D94/><U95/><E105/><V54/><F74/><W17/><G126/><T104/><D104/><U19/><E95/><V33/><F125/><W82/><G116/><T124/><D124/><U27/><E2/><V127/><F127/><W132/><G132/><T0/><D24/><U30/><E9/><V113/><F113/><W96/><G35/><T88/><D46/><U29/><REACH who="1" step="1"/><E26/><REACH who="1" ten="250,240,250,250" step="2"/><V63/><F3/><W92/><G98/><T73/><D0/><U43/><E43/><V75/><F97/><W84/><G96/><T53/><D10/><U45/><AGARI ba="0,1" hai="19,20,27,29,30,45,50,52,59,62,65,72,79,81" machi="45" ten="20,5200,0" yaku="1,1,0,1,7,1,54,1,53,0" doraHai="121" doraHaiUra="39" who="1" fromWho="1" sc="250,-26,240,62,250,-13,250,-13" /><INIT seed="1,0,0,5,2,111" ten="224,302,237,237" oya="1" hai0="6,12,105,43,57,108,132,126,53,81,11,109,129" hai1="50,77,56,118,113,60,29,74,15,63,115,0,41" hai2="131,73,91,67,106,97,24,27,13,46,44,75,120" hai3="68,25,61,3,127,70,54,102,103,82,121,5,35"/><U85/><E74/><V20/><F120/><W32/><G121/><T88/><D105/><U134/><E118/><V52/><F131/><W33/><G127/><T107/><D107/><U94/><E0/><V16/><F67/><W65/><G70/><T42/><D81/><U38/><E29/><V72/><F46/><W40/><G40/><T26/><D26/><U55/><E15/><V21/><F21/><W22/><G54/><T110/><D126/><U122/><E122/><V18/><F18/><W87/><G5/><T128/><D132/><U49/><E94/><V92/><REACH who="2" step="1"/><F106/><REACH who="2" ten="224,302,227,237" step="2"/><W37/><G37/><T89/><D129/><U130/><E130/><V47/><F47/><W23/><G23/><T80/><D128/><U83/><E134/><V36/><F36/><W79/><REACH who="3" step="1"/><G3/><REACH who="3" ten="224,302,227,227" step="2"/><T31/><D110/><U10/><E38/><V101/><F101/><W69/><G69/><T119/><D109/><U39/><E39/><V71/><F71/><W4/><G4/><T99/><D108/><U78/><E41/><V104/><F104/><W7/><G7/><T123/><D123/><U93/><E10/><V135/><F135/><W124/><G124/><T116/><D42/><U30/><E55/><V62/><F62/><W34/><N who="3" m="8704" /><DORA hai="17" /><W90/><G90/><T86/><D43/><U51/><E63/><V19/><F19/><AGARI ba="0,2" hai="19,22,25,61,65,68,79,82,87,102,103" m="8704" machi="19" ten="70,4500,0" yaku="1,1,52,1,53,0" doraHai="111,17" doraHaiUra="133,95" who="3" fromWho="2" sc="224,0,302,0,227,-45,227,65" /><INIT seed="2,0,0,4,4,38" ten="224,302,182,292" oya="2" hai0="2,39,6,28,117,110,56,89,24,61,78,23,22" hai1="15,45,106,51,50,126,132,109,58,111,33,107,67" hai2="29,5,121,11,96,1,21,12,95,94,8,135,42" hai3="18,81,118,76,7,16,93,119,80,66,70,108,9"/><V71/><F135/><W103/><G70/><T13/><D78/><U43/><E33/><V102/><F121/><W116/><G66/><T60/><D2/><U115/><E115/><V82/><F71/><W35/><G35/><T124/><D39/><U91/><E91/><V99/><F82/><W0/><G108/><N who="1" m="41546" /><E132/><V86/><F86/><W123/><G123/><T32/><D56/><U72/><E72/><V48/><F29/><W128/><G128/><T134/><D61/><U75/><E75/><V20/><F48/><W125/><G125/><T54/><D13/><U34/><E34/><V84/><F84/><W27/><G27/><T49/><D49/><U122/><E122/><V127/><F127/><W40/><G40/><T63/><D63/><N who="1" m="38391" /><E126/><V92/><F42/><W44/><G80/><T37/><D110/><U100/><E100/><V30/><F30/><W87/><G93/><T101/><D101/><U62/><E51/><V4/><REACH who="2" step="1"/><F99/><REACH who="2" ten="224,302,172,292" step="2"/><W98/><G98/><T90/><D134/><U47/><E47/><V133/><F133/><W64/><G44/><T130/><D124/><U25/><E62/><V88/><F88/><W59/><G103/><T41/><D90/><U19/><E25/><V68/><F68/><W105/><G116/><T74/><D117/><U97/><E97/><V65/><F65/><W17/><G118/><T14/><D60/><U114/><E114/><V85/><F85/><W31/><G119/><T69/><D69/><U53/><E53/><V83/><F83/><W77/><G31/><T3/><D28/><U36/><E36/><V46/><F46/><RYUUKYOKU ba="0,1" sc="224,-15,302,15,172,15,292,-15" hai1="15,19,43,45,50,106,107" hai2="1,4,5,8,11,12,20,21,92,94,95,96,102" /><INIT seed="2,1,1,5,1,14" ten="209,317,187,277" oya="2" hai0="124,36,95,21,129,61,97,104,58,115,69,133,47" hai1="70,90,84,126,12,73,121,16,52,31,112,110,85" hai2="28,17,79,7,53,94,37,44,40,67,107,39,98" hai3="8,25,54,116,122,100,109,118,6,75,59,10,127"/><V128/><F128/><W42/><G75/><T68/><D104/><U78/><E78/><V72/><F39/><W63/><G122/><T117/><D115/><U92/><E92/><V106/><F28/><W51/><G109/><T86/><D86/><U111/><E70/><V134/><F134/><W50/><G127/><T91/><D129/><U19/><E73/><V57/><F7/><W93/><G116/><T15/><D124/><U32/><E121/><V33/><F33/><W13/><G118/><T62/><D117/><U120/><E120/><V30/><F30/><W60/><G25/><T89/><D133/><U4/><E4/><V64/><F64/><W132/><G132/><T0/><D0/><U88/><E12/><V5/><F5/><W55/><G42/><T43/><D91/><U101/><E101/><V41/><F41/><W56/><G10/><T20/><D62/><U102/><E102/><V80/><F67/><W82/><G82/><T27/><D15/><U66/><E66/><V77/><F77/><W99/><AGARI ba="1,1" hai="6,8,13,50,51,54,55,56,59,60,63,93,99,100" machi="99" ten="30,4000,0" yaku="0,1,9,1,8,1" doraHai="14" who="3" fromWho="3" sc="209,-11,317,-11,187,-21,277,53" /><INIT seed="3,0,0,5,3,100" ten="198,306,166,330" oya="3" hai0="50,21,124,53,22,62,135,65,60,84,8,10,115" hai1="20,118,107,61,74,134,123,48,31,68,120,99,128" hai2="126,23,89,80,40,45,75,19,2,105,93,4,34" hai3="17,92,76,41,1,63,12,132,125,28,67,77,88"/><W129/><G1/><T38/><D38/><U85/><E48/><V130/><F126/><W79/><G125/><T35/><D35/><U42/><E118/><V96/><F130/><W59/><G129/><T25/><D124/><U122/><E128/><V55/><F34/><W112/><G132/><T32/><D32/><U36/><E85/><V26/><F55/><W57/><G112/><T78/><D135/><U94/><E94/><V106/><F4/><W113/><G28/><T133/><D133/><U90/><E90/><V116/><F116/><W47/><G59/><T121/><D121/><U103/><E31/><V69/><F69/><W71/><G71/><T83/><D115/><U6/><E20/><N who="0" m="7785" /><D25/><U37/><E6/><V33/><F33/><W13/><G113/><T27/><D27/><U102/><E134/><V95/><F95/><W9/><G13/><T43/><D43/><U49/><E74/><V131/><F2/><W119/><G119/><T101/><D101/><U56/><E103/><V66/><F66/><W86/><REACH who="3" step="1"/><G76/><REACH who="3" ten="198,306,166,320" step="2"/><T14/><D14/><U30/><E30/><V114/><F131/><W18/><G18/><T51/><D78/><U117/><E117/><V97/><F114/><W54/><G54/><T81/><D53/><N who="1" m="33935" /><E68/><V0/><F0/><W82/><G82/><T46/><D83/><U109/><E120/><V39/><F80/><W98/><G98/><T3/><D3/><U58/><E122/><V16/><F97/><W24/><G24/><T44/><D81/><U72/><E58/><V70/><F70/><W29/><G29/><T87/><D65/><RYUUKYOKU ba="0,1" sc="198,-10,306,-10,166,-10,320,30" hai3="9,12,17,41,47,57,63,67,77,79,86,88,92" /><INIT seed="3,1,1,5,5,129" ten="188,296,156,350" oya="3" hai0="15,31,130,121,60,118,38,102,94,44,101,127,22" hai1="83,84,77,78,8,123,52,116,105,57,2,50,12" hai2="85,117,86,10,115,126,75,87,42,89,88,134,45" hai3="40,93,63,51,4,16,96,62,13,23,1,61,26"/><W90/><G1/><T39/><D121/><U122/><E105/><V132/><F117/><W65/><G4/><T113/><D118/><U32/><E32/><V21/><F115/><W64/><REACH who="3" step="1"/><G26/><REACH who="3" ten="188,296,156,340" step="2"/><N who="0" m="16855" /><D113/><U120/><E116/><V36/><F126/><W81/><G81/><T131/><D127/><U0/><REACH who="1" step="1"/><E78/><REACH who="1" ten="188,286,156,340" step="2"/><V9/><F75/><W100/><G100/><T72/><D102/><U33/><E33/><V68/><F89/><W20/><G20/><T73/><D73/><U103/><E103/><V104/><F88/><W47/><AGARI ba="1,3" hai="13,16,23,40,47,51,61,62,63,64,65,90,93,96" machi="47" ten="30,11700,0" yaku="1,1,0,1,8,1,54,1,53,0" doraHai="129" doraHaiUra="30" who="3" fromWho="3" sc="188,-40,286,-40,156,-40,340,150" /><INIT seed="3,2,0,3,5,49" ten="148,246,116,490" oya="3" hai0="85,10,15,5,117,101,7,59,103,112,25,108,97" hai1="80,83,82,26,43,126,35,130,93,105,24,21,65" hai2="84,56,66,92,131,39,110,45,77,96,14,2,61" hai3="40,74,44,121,134,122,127,107,8,36,30,31,22"/><W4/><G107/><T125/><D117/><U41/><E105/><V3/><F110/><W52/><G74/><T95/><D108/><U18/><E130/><V86/><F131/><W90/><G127/><T63/><D125/><U47/><E65/><V62/><F14/><W20/><G134/><T0/><D112/><U19/><E126/><V69/><F86/><W71/><G71/><T67/><D0/><U88/><E47/><V17/><F17/><W1/><G22/><T104/><D104/><U68/><E68/><V50/><F39/><W58/><G90/><T100/><D5/><U60/><E60/><V51/><F51/><W29/><REACH who="3" step="1"/><G20/><REACH who="3" ten="148,246,116,480" step="2"/><T6/><D103/><U33/><E33/><V28/><F77/><W119/><G119/><T42/><D101/><U12/><E35/><V123/><F69/><W132/><G132/><T13/><D100/><U109/><E109/><V48/><F123/><W38/><G38/><T75/><D75/><U115/><E115/><V113/><F113/><W133/><G133/><T64/><D6/><U32/><E32/><V78/><F78/><W135/><G135/><T98/><D7/><U72/><E72/><V118/><F118/><W128/><G128/><T9/><D9/><N who="1" m="6415" /><E24/><V27/><F27/><W114/><G114/><T76/><D25/><U116/><E116/><V70/><F70/><W94/><G94/><T37/><D10/><U99/><AGARI ba="2,1" hai="19,21,26,41,43,80,82,83,88,93,99" m="6415" machi="99" ten="30,2000,0" yaku="8,1,54,1" doraHai="49" who="1" fromWho="1" sc="148,-7,246,36,116,-7,480,-12" /><INIT seed="4,0,0,5,2,0" ten="141,282,109,468" oya="0" hai0="89,94,108,34,122,52,59,91,60,65,33,135,101" hai1="22,70,12,13,102,132,98,21,6,25,1,28,105" hai2="72,109,113,129,117,41,84,64,90,114,2,14,57" hai3="134,127,61,112,56,48,40,93,115,73,29,87,11"/><T30/><D122/><U86/><E132/><V96/><F2/><W69/><G73/><T39/><D39/><U120/><E120/><V121/><F121/><W80/><G127/><T20/><D34/><U5/><E1/><V35/><F109/><W49/><G134/><T128/><D135/><U8/><E70/><V53/><F72/><W104/><G104/><T74/><D33/><U9/><E22/><V99/><F35/><W45/><G69/><T75/><D75/><U15/><E15/><V106/><F41/><W10/><G29/><T77/><D108/><U119/><REACH who="1" step="1"/><E86/><REACH who="1" ten="141,272,109,468" step="2"/><V16/><F117/><AGARI ba="0,1" hai="5,6,8,9,12,13,21,25,28,98,102,105,117,119" machi="117" ten="40,8000,1" yaku="1,1,2,1,9,1,52,2,53,0" doraHai="0" doraHaiUra="31" who="1" fromWho="2" sc="141,0,272,90,109,-80,468,0" /><INIT seed="5,0,0,3,2,1" ten="141,362,29,468" oya="1" hai0="93,99,77,135,111,15,23,41,17,115,19,131,123" hai1="67,75,60,83,71,3,134,50,85,96,0,55,125" hai2="14,56,57,105,87,34,113,47,65,122,4,39,120" hai3="82,128,110,10,89,66,70,2,37,92,118,43,42"/><U35/><E35/><V133/><F113/><W78/><G110/><T104/><D111/><U61/><E75/><V32/><F105/><W86/><G118/><T31/><D104/><U101/><E61/><V121/><F133/><W103/><G128/><T49/><D77/><U25/><E25/><V52/><F87/><W81/><G37/><T11/><D41/><U30/><E30/><V106/><F106/><W107/><G70/><T28/><D49/><U53/><E53/><V95/><F95/><W48/><G66/><T98/><D99/><U119/><E134/><V80/><F80/><W6/><G82/><T38/><D38/><U18/><E18/><V126/><F126/><W63/><G63/><T45/><D135/><U74/><E125/><V36/><F36/><W46/><G103/><T130/><D45/><U27/><E74/><V127/><F127/><W72/><G107/><T24/><D98/><U124/><E124/><V97/><F97/><W76/><G76/><T102/><D102/><U54/><E96/><V58/><F65/><W132/><G132/><T5/><D93/><U29/><E101/><V117/><F117/><W16/><G16/><N who="0" m="6219" /><D115/><U9/><E119/><V22/><F22/><W59/><G59/><T64/><D64/><U12/><E54/><AGARI ba="0,0" hai="2,6,10,42,43,46,48,54,72,78,81,86,89,92" machi="54" ten="30,2000,0" yaku="7,1,52,1" doraHai="1" who="3" fromWho="1" sc="141,0,362,-20,29,0,468,20" /><INIT seed="6,0,0,1,3,81" ten="141,342,29,488" oya="2" hai0="86,135,57,70,77,119,33,111,121,115,54,41,82" hai1="127,53,97,15,117,27,25,114,29,18,5,2,99" hai2="98,90,118,78,72,11,12,73,49,92,125,123,45" hai3="55,91,40,46,58,65,51,44,31,74,61,108,8"/><V47/><F123/><W79/><G108/><T16/><D111/><U130/><E117/><V9/><F118/><W63/><G74/><T24/><D119/><U50/><E2/><V101/><F125/><W84/><G79/><T17/><D121/><U94/><E5/><V34/><F34/><W22/><G8/><T109/><D109/><U52/><E127/><V128/><F128/><W89/><G84/><T93/><D70/><U103/><E29/><V36/><F78/><W122/><G122/><T131/><D41/><U124/><E124/><V75/><F101/><W105/><G105/><T23/><D33/><U67/><E67/><V87/><F98/><W80/><G80/><T62/><D135/><U102/><E53/><V10/><F36/><W132/><G132/><T0/><D0/><U116/><E116/><V85/><F85/><W4/><G4/><T3/><D3/><U7/><E7/><V133/><F133/><W112/><G112/><T68/><D115/><U69/><E69/><V66/><F66/><W126/><G126/><T113/><D113/><U83/><E83/><V106/><F106/><W60/><G46/><T129/><D68/><U95/><E114/><V21/><REACH who="2" step="1"/><F49/><REACH who="2" ten="141,342,19,488" step="2"/><N who="3" m="26759" /><G65/><T71/><D131/><U104/><E104/><V96/><F96/><W56/><G89/><T30/><D129/><U6/><E130/><V38/><F38/><W39/><G39/><T28/><D86/><U59/><E6/><V76/><F76/><W1/><G91/><T100/><D77/><U42/><E102/><V35/><F35/><W26/><G1/><T88/><D100/><RYUUKYOKU ba="0,1" sc="141,-15,342,-15,19,15,488,15" hai2="9,10,11,12,21,45,47,72,73,75,87,90,92" hai3="22,26,31,51,55,56,58,60,61,63" /><INIT seed="6,1,1,3,1,96" ten="126,327,34,503" oya="2" hai0="115,116,114,18,120,111,109,26,55,25,16,124,2" hai1="82,113,7,110,11,34,107,37,94,15,83,41,102" hai2="57,42,24,75,31,85,72,132,19,88,49,117,101" hai3="13,66,0,44,84,63,12,89,100,35,119,77,74"/><V61/><F117/><W32/><G0/><T4/><D120/><U5/><E34/><V27/><F132/><W40/><G119/><T122/><D122/><U118/><E107/><V47/><F101/><W86/><G100/><T6/><D116/><U99/><E118/><V128/><F128/><W43/><G74/><T121/><D121/><U28/><E28/><V1/><F1/><W38/><G77/><T3/><REACH who="0" step="1"/><D55/><REACH who="0" ten="116,327,34,503" step="2"/><U29/><E110/><V67/><F19/><W92/><G43/><T45/><D45/><U8/><E8/><V80/><REACH who="2" step="1"/><F27/><REACH who="2" ten="116,327,24,503" step="2"/><W70/><G13/><T76/><D76/><U39/><E15/><V60/><F60/><W17/><G12/><T91/><D91/><U62/><E102/><V81/><F81/><W50/><G17/><T10/><D10/><U125/><E82/><V59/><F59/><W23/><G63/><T33/><D33/><AGARI ba="1,3" hai="24,31,33,42,47,49,57,61,67,72,75,80,85,88" machi="33" ten="30,12000,1" yaku="1,1,7,1,54,1,53,2" doraHai="96" doraHaiUra="106" who="2" fromWho="0" sc="116,-123,327,0,24,153,503,0" owari="-7,-51.0,327,13.0,177,-22.0,503,60.0" /></mjloggm>