<mjloggm ver="2.3"><GO type="169" lobby="0"/><UN n0="%E3%80%90%E7%BD%AA%E6%AD%8C%E3%80%91" n1="%E3%81%AC%E3%82%8B%E3%82%8A%E3%82%93%E3%81%93" n2="%E3%81%B5%E3%81%98%E3%81%8A" n3="%E3%83%88%E3%83%88%E3%83%AA%E5%85%88%E7%94%9F%31%39%E6%AD%B3" dan="18,16,18,18" rate="2287.96,2105.04,2210.78,2276.14" sx="F,F,M,F"/><TAIKYOKU oya="0"/><INIT seed="0,0,0,0,1,76" ten="250,250,250,250" oya="0" hai0="52,75,134,113,123,57,82,71,37,69,91,13,117" hai1="105,93,96,103,84,132,92,46,54,53,27,78,130" hai2="12,129,131,112,88,128,70,34,20,3,90,79,133" hai3="48,60,68,49,94,5,99,85,33,21,17,26,43"/><T107/><D123/><U19/><E132/><V41/><F70/><W118/><G118/><T115/><D117/><U64/><E130/><V38/><F34/><W30/><G43/><T18/><D107/><U9/><E64/><V116/><F116/><W80/><G5/><T1/><D1/><U16/><E105/><V124/><F112/><W10/><G60/><T108/><D37/><U83/><E46/><N who="2" m="23863" /><F3/><W56/><G56/><T47/><D47/><U62/><E62/><V24/><F133/><W63/><G63/><T97/><D134/><U74/><E74/><V111/><F111/><W15/><G33/><T45/><D57/><U98/><E27/><V87/><F12/><W127/><G127/><T40/><D40/><U58/><E9/><V61/><F61/><W81/><G68/><N who="0" m="26187" /><D97/><U109/><E109/><V65/><F65/><W32/><G32/><T135/><D75/><U122/><E122/><V2/><F2/><W44/><G85/><N who="0" m="50615" /><D108/><U11/><E58/><V67/><F67/><W89/><G44/><T119/><D119/><U28/><E28/><N who="2" m="17415" /><F124/><W73/><G73/><T95/><D95/><U126/><E126/><V7/><F7/><W31/><G31/><T110/><D110/><U102/><E11/><V36/><F36/><W66/><G66/><T35/><D35/><U55/><AGARI ba="0,0" hai="16,19,53,54,55,78,83,84,92,93,96,98,102,103" machi="55" ten="30,8000,1" yaku="0,1,9,1,8,1,52,1,54,1" doraHai="76" who="1" fromWho="1" sc="250,-40,250,80,250,-20,250,-20" /><INIT seed="1,0,0,2,2,30" ten="210,330,230,230" oya="1" hai0="59,109,132,79,99,47,123,121,6,126,94,135,92" hai1="80,41,113,55,85,81,107,60,7,117,1,61,62" hai2="70,83,89,35,103,37,17,58,100,111,97,116,122" hai3="50,76,93,128,52,44,53,87,21,131,45,68,88"/><U96/><E113/><V48/><F70/><W84/><G68/><T10/><D47/><U9/><E117/><V63/><F37/><W13/><G76/><T14/><D126/><U64/><E41/><V74/><F122/><N who="0" m="46602" /><D109/><U106/><E80/><V112/><F111/><W15/><G84/><T120/><N who="0" m="46610" /><T125/><DORA hai="51" /><D125/><U90/><E64/><V67/><F116/><W33/><G33/><T91/><D79/><U31/><E31/><V119/><F119/><W34/><G34/><T57/><D94/><U115/><E115/><V46/><F112/><W75/><G75/><T104/><D104/><U127/><E127/><V39/><F39/><W73/><G73/><T78/><D78/><U43/><E43/><V32/><F74/><W69/><G69/><T66/><D66/><U12/><E107/><V42/><F17/><W26/><G131/><T72/><D72/><U25/><E106/><V2/><F2/><W23/><G128/><T27/><D27/><U4/><E1/><V54/><F67/><W134/><G134/><AGARI ba="0,0" hai="6,10,14,57,59,91,92,99,132,134,135" m="46610" machi="134" ten="40,2600,0" yaku="20,1,13,1" doraHai="30,51" who="0" fromWho="3" sc="210,26,330,0,230,0,230,-26" /><INIT seed="2,0,0,2,5,41" ten="236,330,230,204" oya="2" hai0="26,133,100,23,28,83,64,99,11,17,56,74,78" hai1="66,54,9,46,36,93,16,116,63,68,91,44,20" hai2="85,62,109,107,128,76,115,117,86,14,61,95,45" hai3="49,101,8,77,25,81,65,10,71,52,113,73,38"/><V22/><F117/><W119/><G119/><T82/><D133/><U98/><E116/><V59/><F115/><W60/><G113/><T123/><D123/><U70/><E70/><V105/><F128/><W29/><G101/><T121/><D121/><U111/><E111/><V87/><F109/><W118/><G38/><T19/><D82/><U57/><E36/><V24/><F76/><W124/><G124/><T90/><D90/><U50/><E9/><V18/><F95/><W120/><G120/><T0/><D0/><U127/><E127/><V35/><F61/><W92/><G92/><N who="0" m="58471" /><D11/><U27/><AGARI ba="0,0" hai="16,20,27,44,46,50,54,57,63,66,68,91,93,98" machi="27" ten="20,8000,1" yaku="0,1,7,1,52,2,54,1" doraHai="41" who="1" fromWho="1" sc="236,-20,330,80,230,-40,204,-20" /><INIT seed="3,0,0,5,3,24" ten="216,410,190,184" oya="3" hai0="74,132,87,39,62,34,120,103,17,47,18,102,116" hai1="118,128,59,88,95,30,125,122,70,89,126,90,38" hai2="28,85,33,50,21,105,100,26,67,114,12,117,111" hai3="1,123,40,99,20,46,119,92,129,8,75,78,31"/><W107/><G119/><T54/><D120/><U64/><E122/><V104/><F117/><W44/><G123/><T61/><D74/><U91/><E118/><V73/><F73/><W19/><G107/><T22/><D34/><U6/><E38/><V58/><F114/><W68/><G68/><T135/><D116/><U57/><E128/><V130/><F130/><W84/><G129/><T0/><D0/><U79/><E79/><V48/><F111/><W83/><G75/><T60/><D87/><U108/><E108/><V13/><F13/><W66/><G66/><T14/><D18/><U16/><E6/><V11/><F33/><W15/><G40/><T110/><D110/><U81/><E81/><V112/><F112/><W43/><G43/><T109/><D109/><U56/><E30/><V98/><F85/><W35/><G35/><T94/><D94/><U23/><E70/><V55/><F67/><W77/><G77/><T9/><D9/><U80/><E80/><V41/><F41/><W32/><G32/><T45/><D39/><U71/><E71/><V5/><REACH who="2" step="1"/><F48/><REACH who="2" ten="216,410,180,184" step="2"/><W133/><G1/><T121/><D121/><U29/><E64/><V96/><F96/><W134/><G133/><N who="0" m="51275" /><D54/><U131/><E131/><V2/><F2/><W76/><G134/><T10/><D10/><U82/><E82/><V69/><F69/><W65/><G76/><T113/><D113/><U36/><E36/><V127/><F127/><W106/><G65/><T52/><D52/><U97/><E125/><V3/><F3/><W27/><G106/><AGARI ba="0,1" hai="5,11,12,21,26,28,50,55,58,98,100,104,105,106" machi="106" ten="30,3900,0" yaku="1,1,7,1,52,1,53,0" doraHai="24" doraHaiUra="63" who="2" fromWho="3" sc="216,0,410,0,180,49,184,-39" /><INIT seed="4,0,0,5,2,8" ten="216,410,229,145" oya="0" hai0="92,45,32,57,83,15,131,121,113,54,43,109,91" hai1="2,100,106,18,63,110,50,59,115,112,36,79,19" hai2="80,42,1,116,13,107,135,35,108,52,90,37,55" hai3="61,72,76,65,10,114,17,71,14,103,105,33,129"/><T86/><D121/><U51/><E110/><V38/><F1/><W128/><G114/><N who="1" m="43562" /><E36/><V27/><F116/><W47/><G33/><T6/><D32/><U21/><E2/><V67/><F108/><W39/><G76/><T30/><D109/><U68/><E68/><V93/><F67/><W84/><G72/><T34/><D131/><N who="3" m="50249" /><G84/><T24/><D113/><U56/><E79/><V99/><F107/><W134/><G134/><T74/><D74/><U60/><E100/><V69/><F69/><W111/><G111/><T22/><D83/><U73/><E106/><V133/><F80/><W11/><G11/><T82/><D82/><U120/><E120/><V127/><F127/><W124/><G124/><T26/><D26/><N who="1" m="14647" /><E19/><V0/><F0/><W12/><G17/><T20/><D6/><U117/><E117/><V88/><F38/><W4/><G103/><T23/><D15/><N who="3" m="5673" /><G105/><T48/><REACH who="0" step="1"/><D34/><REACH who="0" ten="206,410,229,145" step="2"/><U101/><E73/><V85/><F13/><N who="3" m="5319" /><G39/><AGARI ba="0,1" hai="20,22,23,24,30,39,43,45,48,54,57,86,91,92" machi="39" ten="30,2900,0" yaku="1,1,7,1,53,0" doraHai="8" doraHaiUra="119" who="0" fromWho="3" sc="206,39,410,0,229,0,145,-29" /><INIT seed="4,1,0,4,4,24" ten="245,410,229,116" oya="0" hai0="61,131,63,118,35,81,27,5,42,50,94,59,62" hai1="100,106,29,67,56,52,46,128,9,105,68,90,32" hai2="92,2,117,83,78,79,69,51,64,93,119,130,11" hai3="112,49,116,57,33,25,91,54,66,22,15,16,21"/><T98/><D118/><N who="2" m="45066" /><F130/><W8/><G116/><T102/><D131/><U133/><E128/><V65/><F51/><W77/><G112/><T0/><D0/><U19/><E133/><V127/><F127/><W18/><G33/><T125/><D5/><U45/><E67/><N who="2" m="25675" /><F69/><W4/><G77/><N who="2" m="29193" /><F83/><W71/><G66/><T39/><D125/><U30/><E68/><V85/><F85/><W88/><REACH who="3" step="1"/><G71/><REACH who="3" ten="245,410,229,106" step="2"/><T70/><D70/><U60/><E32/><V103/><F103/><W38/><G38/><T41/><D39/><U72/><E100/><V31/><F31/><W122/><G122/><T40/><D35/><U121/><E29/><V53/><F53/><W95/><G95/><N who="2" m="36425" /><F11/><W12/><AGARI ba="1,1" hai="4,8,12,15,16,18,21,22,25,49,54,57,88,91" machi="12" ten="20,12000,2" yaku="1,1,0,1,7,1,8,1,54,2,53,1" doraHai="24" doraHaiUra="1" who="3" fromWho="3" sc="245,-61,410,-31,229,-31,106,133" /><INIT seed="5,0,0,1,2,1" ten="184,379,198,239" oya="1" hai0="91,2,108,130,100,111,60,44,90,102,72,116,96" hai1="123,81,48,51,36,105,87,128,76,55,17,57,121" hai2="79,134,16,99,94,63,33,101,37,41,45,69,97" hai3="22,74,113,118,58,85,77,133,109,124,9,54,78"/><U32/><E36/><V4/><F134/><W30/><G109/><T27/><D2/><U47/><E128/><V5/><F33/><W52/><G74/><T135/><D44/><U11/><E105/><V18/><F79/><W35/><G35/><T132/><D60/><U13/><REACH who="1" step="1"/><E32/><REACH who="1" ten="184,369,198,239" step="2"/><V65/><REACH who="2" step="1"/><F99/><REACH who="2" ten="184,369,188,239" step="2"/><W56/><G133/><T75/><D96/><U129/><E129/><V98/><F98/><W117/><G118/><T86/><D116/><U15/><E15/><V107/><F107/><W112/><G117/><T40/><D130/><U28/><E28/><V62/><F62/><W29/><G30/><T115/><D135/><U46/><E46/><V23/><F23/><W92/><G22/><T80/><D132/><U114/><E114/><V7/><AGARI ba="0,2" hai="4,5,7,16,18,37,41,45,63,65,69,94,97,101" machi="7" ten="30,12000,2" yaku="1,1,0,1,52,3,54,1,53,1" doraHai="1" doraHaiUra="39" who="2" fromWho="2" sc="184,-30,369,-60,188,140,239,-30" /><INIT seed="6,0,0,4,2,120" ten="154,309,328,209" oya="2" hai0="19,71,5,45,65,41,132,0,55,63,37,98,127" hai1="100,101,52,2,83,3,43,78,111,32,66,44,109" hai2="48,53,76,92,69,107,61,105,129,75,26,117,94" hai3="115,25,59,16,14,126,125,51,39,29,97,87,7"/><V73/><F117/><W36/><G7/><T6/><D132/><U112/><E32/><V35/><F129/><W131/><G131/><T122/><D122/><U49/><E112/><V67/><F92/><W88/><G97/><T24/><D127/><N who="3" m="48649" /><G115/><T91/><D0/><U93/><E66/><V21/><F35/><N who="3" m="20911" /><G51/><T81/><D24/><U82/><E82/><V95/><F95/><N who="3" m="54687" /><G59/><T86/><D19/><U90/><E43/><V8/><F94/><W134/><G134/><T128/><D98/><U22/><E22/><AGARI ba="0,0" hai="14,16,22,36,39" m="54687,20911,48649" machi="22" ten="30,3900,0" yaku="18,1,54,2" doraHai="120" who="3" fromWho="1" sc="154,0,309,-39,328,0,209,39" /><INIT seed="7,0,0,3,3,34" ten="154,270,328,248" oya="3" hai0="47,106,26,116,67,122,133,32,97,89,80,93,94" hai1="78,45,48,29,24,124,63,103,31,41,109,125,69" hai2="102,108,130,21,55,0,77,128,11,20,131,9,23" hai3="8,46,58,71,91,18,7,3,76,84,119,113,59"/><W64/><G119/><T14/><D116/><U126/><E109/><V5/><F108/><W114/><G76/><T99/><D122/><U92/><E78/><V19/><F77/><W51/><G18/><T104/><D133/><U117/><E117/><V81/><F81/><W121/><G71/><T98/><D67/><N who="1" m="41215" /><E24/><N who="2" m="14367" /><F102/><W44/><G44/><T115/><D14/><U123/><E123/><V10/><F55/><W42/><G121/><T86/><D47/><U90/><E103/><V88/><F88/><W61/><REACH who="3" step="1"/><G59/><REACH who="3" ten="154,270,328,238" step="2"/><T27/><D115/><U57/><E57/><V118/><F118/><W120/><G120/><T107/><D27/><U85/><AGARI ba="0,1" hai="29,31,41,45,48,85,90,92,124,125,126" m="41215" machi="85" ten="30,1100,0" yaku="18,1" doraHai="34" who="1" fromWho="1" sc="154,-3,270,21,328,-3,238,-5" owari="151,-35.0,291,9.0,325,43.0,233,-17.0" /></mjloggm>