<mjloggm ver="2.3"><GO type="169" lobby="0"/><UN n0="%E5%B0%B1%E6%B4%BB%E7%94%9F%40%E5%B7%9D%E6%9D%91%E8%BB%8D%E5%9B%A3" n1="%6D%6F%65%2E%6E" n2="%E3%82%82%E3%82%81%E3%82%93%E3%81%AA%E3%81%A1%E3%82%83%E3%81%84" n3="%E2%98%86%E2%98%85%E5%A4%A9%E6%B1%9F%E8%A1%A3%E2%98%85%E2%98%86" dan="17,16,17,16" rate="2216.46,2069.07,2239.14,2092.21" sx="M,F,M,M"/><TAIKYOKU oya="0"/><INIT seed="0,0,0,4,1,10" ten="250,250,250,250" oya="0" hai0="30,16,27,15,65,83,60,89,26,38,133,128,84" hai1="111,36,22,24,80,75,113,58,51,8,2,92,3" hai2="76,17,131,115,109,70,41,108,86,57,40,125,19" hai3="35,56,123,64,44,68,95,29,97,37,117,91,120"/><T110/><D38/><U88/><E36/><V130/><F70/><W90/><G117/><T54/><D128/><N who="2" m="49194" /><F115/><W71/><G56/><N who="0" m="36999" /><D133/><U20/><E113/><V78/><F57/><W33/><G91/><T31/><D110/><N who="2" m="42602" /><F125/><W23/><G23/><N who="0" m="11679" /><D54/><U59/><E58/><V103/><F103/><W1/><G1/><T77/><D77/><N who="2" m="29802" /><F86/><W18/><G68/><T53/><D53/><U66/><E59/><V0/><F0/><W132/><G71/><T79/><D79/><U124/><E2/><V98/><F98/><W52/><G52/><T67/><D67/><U104/><E3/><V135/><F135/><W101/><G64/><T9/><D9/><U116/><E8/><V42/><AGARI ba="0,0" hai="17,19,40,41,42" m="29802,42602,49194" machi="42" ten="40,8000,1" yaku="28,2,19,1,14,1" doraHai="10" who="2" fromWho="2" sc="250,-40,250,-20,250,80,250,-20" /><INIT seed="1,0,0,4,1,109" ten="210,230,330,230" oya="1" hai0="10,18,131,15,19,49,17,27,53,66,118,110,121" hai1="40,89,113,81,133,135,6,44,77,64,74,86,35" hai2="76,114,56,100,87,80,3,95,5,99,31,115,32" hai3="0,123,46,22,79,94,20,101,68,55,48,116,70"/><U130/><E130/><V91/><F32/><W93/><G123/><T28/><D110/><U37/><E35/><V75/><F31/><W92/><G0/><T21/><D121/><U57/><E113/><N who="2" m="43019" /><F56/><W98/><G116/><T8/><D118/><U83/><E6/><V88/><F5/><W59/><G79/><T36/><D36/><U108/><E108/><V126/><F3/><W129/><G129/><T45/><D131/><U104/><E104/><N who="2" m="63519" /><F91/><W124/><G124/><AGARI ba="0,0" hai="75,76,80,87,88,95,124,126" m="63519,43019" machi="124" ten="30,16000,3" yaku="24,1,11,1,34,2,52,3,54,1" doraHai="109" who="2" fromWho="3" sc="210,0,230,0,330,160,230,-160" /><INIT seed="2,0,0,1,5,55" ten="210,230,490,70" oya="2" hai0="49,11,48,61,108,100,68,91,104,8,112,106,27" hai1="85,135,26,0,116,129,59,95,13,33,132,46,119" hai2="99,89,16,19,17,77,113,5,4,21,74,109,127" hai3="63,70,3,9,23,31,111,1,54,86,56,10,114"/><V6/><F113/><W78/><G114/><T103/><D112/><U88/><E0/><V41/><F127/><W66/><G111/><T123/><D27/><U75/><E129/><V90/><F109/><W52/><G3/><T130/><D108/><U37/><E75/><V69/><F69/><W34/><G34/><T43/><D61/><U101/><E101/><V128/><F128/><W39/><G39/><T42/><D130/><U67/><E13/><V53/><F41/><W84/><G1/><T96/><D68/><U134/><E37/><V107/><F21/><W122/><G122/><T82/><D82/><U81/><E46/><V12/><F12/><W57/><G70/><T15/><D15/><U97/><E26/><V105/><F53/><W14/><G66/><T29/><D96/><U28/><E28/><V117/><F117/><W79/><G31/><T2/><D29/><U7/><E7/><V65/><F65/><W45/><G45/><T120/><D2/><U87/><E33/><V30/><F30/><W51/><G23/><T121/><D120/><U36/><E36/><V47/><F47/><W25/><G25/><T73/><D73/><U102/><REACH who="1" step="1"/><E87/><REACH who="1" ten="210,220,490,70" step="2"/><N who="3" m="33322" /><G10/><T131/><D131/><U44/><E44/><V32/><F32/><W98/><G98/><T126/><D126/><U24/><E24/><V22/><F99/><W124/><G124/><T40/><D40/><U35/><E35/><V92/><F22/><W62/><G62/><AGARI ba="0,1" hai="59,62,67,81,85,88,95,97,102,116,119,132,134,135" machi="62" ten="40,8000,1" yaku="1,1,20,1,52,1,54,1,53,1" doraHai="55" doraHaiUra="93" who="1" fromWho="3" sc="210,0,220,90,490,0,70,-80" owari="210,-19.0,310,11.0,490,59.0,-10,-51.0" /></mjloggm>