<mjloggm ver="2.3"><GO type="225" lobby="0"/><UN n0="%E3%83%88%E3%83%88%E3%83%AA%E5%85%88%E7%94%9F%31%39%E6%AD%B3" n1="%E3%83%86%E3%82%A3%E3%82%AB%2D%CE%B3" n2="%E7%B7%8B%E3%81%84%E7%8C%AB%EF%BC%9E%EF%BC%9C%EF%BC%81" n3="%E3%83%A1%E3%82%AD%E3%83%AD%E3%82%B9" dan="16,17,16,17" rate="2117.93,2092.97,2026.06,2165.86" sx="F,M,F,M"/><TAIKYOKU oya="0"/><INIT seed="0,0,0,3,2,115" ten="250,250,250,250" oya="0" hai0="110,101,84,12,117,17,129,104,15,31,120,103,18" hai1="59,7,113,130,116,34,128,105,96,121,40,5,33" hai2="100,74,108,45,112,10,0,51,72,91,98,47,90" hai3="6,60,87,126,69,124,106,68,81,55,79,107,62"/><T57/><D120/><U67/><E40/><V127/><F112/><W65/><G6/><T9/><D117/><U16/><E113/><V97/><F108/><W24/><G24/><T13/><D129/><U118/><E121/><V85/><F100/><W122/><G122/><T66/><D110/><U123/><E123/><V56/><F56/><N who="3" m="34847" /><G69/><T37/><D37/><U35/><E67/><V71/><F71/><W75/><G87/><T1/><D1/><U3/><E59/><V50/><F85/><W133/><G133/><T4/><D31/><U95/><E105/><V27/><F27/><W78/><G78/><T58/><D104/><U22/><E95/><V28/><F28/><W135/><G135/><T64/><D13/><N who="1" m="9487" /><E96/><V76/><F76/><W32/><G32/><T134/><D134/><U131/><E3/><V46/><F0/><W14/><G14/><T48/><D4/><AGARI ba="0,0" hai="4,5,7,33,34,35,116,118,128,130,131" m="9487" machi="4" ten="40,12000,2" yaku="19,1,34,2,52,2,54,1" doraHai="115" who="1" fromWho="0" sc="250,-120,250,120,250,0,250,0" /><INIT seed="1,0,0,4,4,97" ten="130,370,250,250" oya="1" hai0="4,127,11,50,48,13,131,85,40,77,78,52,119" hai1="2,18,44,47,30,110,22,46,83,67,89,91,15" hai2="57,134,33,0,29,73,129,116,28,113,107,70,42" hai3="62,32,76,108,54,39,96,1,126,7,43,72,56"/><U100/><E2/><V71/><RYUUKYOKU type="yao9" ba="0,0" sc="130,0,370,0,250,0,250,0" hai2="0,28,29,33,42,57,70,71,73,107,113,116,129,134" /><INIT seed="1,1,0,0,5,31" ten="130,370,250,250" oya="1" hai0="80,53,94,60,128,129,65,55,124,63,1,47,112" hai1="44,30,119,101,91,82,25,125,107,42,57,66,89" hai2="67,106,110,59,120,54,24,43,40,64,77,115,28" hai3="97,29,13,79,61,32,70,62,34,10,58,2,9"/><U37/><E125/><V108/><F120/><W4/><G29/><T3/><D124/><U23/><E119/><V27/><F106/><W72/><G70/><T122/><D94/><U18/><E82/><V126/><F126/><W92/><G79/><T76/><D112/><U19/><E101/><V35/><F77/><W109/><G72/><T41/><D76/><U12/><E107/><V21/><F115/><W75/><G75/><T15/><D15/><U102/><E102/><V73/><F73/><W96/><G109/><N who="2" m="42089" /><F67/><W100/><G96/><T51/><D80/><U48/><E18/><N who="2" m="12343" /><F64/><W81/><G81/><T103/><D103/><U114/><E114/><V93/><F93/><W118/><G118/><T69/><D1/><U84/><E84/><V36/><F36/><W98/><G98/><T46/><D3/><U123/><E123/><V52/><F54/><W16/><G62/><AGARI ba="1,0" hai="27,28,35,40,43,52,59,62" m="12343,42089" machi="62" ten="30,3900,0" yaku="14,1,52,1,54,1" doraHai="31" who="2" fromWho="3" sc="130,0,370,0,250,42,250,-42" /><INIT seed="2,0,0,0,5,91" ten="130,370,292,208" oya="2" hai0="69,96,53,104,48,34,106,87,108,70,83,5,67" hai1="57,66,84,102,130,109,98,61,105,19,37,7,17" hai2="23,30,72,58,33,46,24,82,120,15,71,117,0" hai3="10,32,75,78,94,25,54,38,50,52,12,76,132"/><V119/><F120/><W26/><G38/><T9/><D34/><U135/><E37/><V62/><F71/><W8/><G132/><T131/><D108/><U73/><E73/><V118/><F0/><W31/><G75/><T124/><D124/><U97/><E135/><V55/><F46/><W51/><G94/><T13/><D131/><U101/><E7/><V93/><F72/><W68/><G68/><T128/><D128/><U103/><E103/><V123/><F82/><W65/><G65/><T42/><D69/><U63/><E84/><V6/><F123/><W134/><G134/><T11/><D67/><U40/><E40/><V126/><F126/><W116/><G116/><T59/><D70/><U36/><E36/><V110/><F110/><W114/><G114/><T125/><D125/><U43/><E43/><V99/><F6/><W20/><G32/><T18/><D96/><U41/><E41/><V14/><REACH who="2" step="1"/><F33/><REACH who="2" ten="130,370,282,208" step="2"/><W100/><G76/><T88/><REACH who="0" step="1"/><D42/><REACH who="0" ten="120,370,282,208" step="2"/><U4/><E109/><V27/><F27/><W81/><G25/><T86/><D86/><U80/><E130/><V89/><AGARI ba="0,2" hai="14,15,23,24,30,55,58,62,89,93,99,117,118,119" machi="89" ten="30,6000,0" yaku="1,1,0,1,52,1,53,0" doraHai="91" doraHaiUra="74" who="2" fromWho="2" sc="120,-20,370,-20,282,80,208,-20" /><INIT seed="2,1,0,4,3,97" ten="100,350,362,188" oya="2" hai0="103,51,77,125,18,52,35,80,106,92,100,60,75" hai1="15,46,31,118,22,111,90,30,78,88,71,69,23" hai2="17,127,13,29,8,67,2,119,54,56,134,24,36" hai3="87,26,58,133,28,73,37,49,65,74,79,7,86"/><V48/><F119/><W94/><G37/><T43/><D35/><U63/><E78/><V16/><F134/><W132/><G7/><T34/><D34/><U130/><E118/><V4/><F36/><W128/><G128/><T96/><D125/><U44/><E15/><V50/><F127/><W57/><G65/><T83/><D43/><U1/><E63/><V108/><F108/><W42/><G42/><T84/><D60/><U120/><E1/><V104/><F104/><W40/><G40/><T39/><D39/><U6/><E6/><V5/><F67/><W135/><G94/><T20/><D106/><U107/><E107/><V45/><F4/><W126/><G126/><T68/><D68/><U95/><E95/><V41/><REACH who="2" step="1"/><F2/><REACH who="2" ten="100,350,352,188" step="2"/><W0/><G0/><T93/><D93/><U116/><E116/><V53/><F53/><W9/><G135/><T129/><D129/><U82/><E130/><V61/><F61/><W27/><G133/><T131/><D131/><U117/><E117/><V109/><F109/><W121/><G132/><T91/><D83/><U105/><E105/><V11/><F11/><W76/><G9/><T10/><D10/><U62/><E62/><V89/><F89/><W59/><G49/><T14/><REACH who="0" step="1"/><D75/><REACH who="0" ten="90,350,352,188" step="2"/><U25/><E82/><V112/><F112/><W102/><G74/><T47/><AGARI ba="1,2" hai="14,18,20,47,51,52,77,80,84,91,92,96,100,103" machi="47" ten="20,16000,3" yaku="1,1,2,1,0,1,7,1,8,1,52,2,54,1,53,0" doraHai="97" doraHaiUra="123" who="0" fromWho="0" sc="90,183,350,-41,352,-81,188,-41" /><INIT seed="3,0,0,0,5,100" ten="273,309,271,147" oya="3" hai0="51,102,21,53,4,119,43,89,8,120,19,9,93" hai1="6,41,10,20,3,126,84,28,110,76,132,62,79" hai2="128,67,77,44,124,34,23,118,122,57,112,48,99" hai3="46,64,97,109,27,135,116,5,88,90,107,106,117"/><W29/><G5/><T72/><D119/><U2/><E2/><V83/><F118/><W45/><G117/><T129/><D120/><U73/><E73/><V59/><F112/><W103/><G116/><T101/><D72/><U82/><E110/><V71/><F34/><W36/><G109/><T92/><D43/><U94/><E126/><V104/><F122/><W42/><G107/><T31/><D31/><U22/><E41/><V26/><F124/><W49/><G135/><T74/><D74/><U24/><E76/><V95/><F128/><W131/><G131/><T66/><D66/><U39/><E39/><V40/><F104/><W123/><G123/><T13/><D129/><U60/><E132/><V70/><F70/><W15/><G15/><N who="0" m="5511" /><D21/><U16/><E94/><N who="0" m="36457" /><D89/><U14/><AGARI ba="0,0" hai="3,6,10,14,16,20,22,24,28,60,62,79,82,84" machi="14" ten="20,2700,0" yaku="0,1,7,1,54,1" doraHai="100" who="1" fromWho="1" sc="273,-7,309,27,271,-7,147,-13" owari="266,7.0,336,44.0,264,-14.0,134,-37.0" /></mjloggm>