<mjloggm ver="2.3"><GO type="41" lobby="0"/><UN n0="%6D%75%62%6F%75" n1="%E5%B0%B1%E6%B4%BB%E7%94%9F%40%E5%B7%9D%E6%9D%91%E8%BB%8D%E5%9B%A3" n2="%66%61%62%65%72%67%65" n3="%E5%9B%9E%E7%B7%9A%E5%88%87%E4%B8%B8" dan="13,17,15,13" rate="1885.43,2146.36,2004.42,1841.21" sx="M,M,F,M"/><TAIKYOKU oya="0"/><INIT seed="0,0,0,1,2,134" ten="250,250,250,250" oya="0" hai0="28,20,30,57,104,133,106,17,127,56,59,6,5" hai1="67,99,14,120,126,53,87,107,123,58,125,92,23" hai2="98,32,75,76,4,46,61,8,121,29,95,16,44" hai3="60,38,130,63,122,64,80,135,70,24,114,42,49"/><T55/><D133/><U48/><E107/><V84/><F75/><W100/><G135/><T77/><D55/><U112/><E112/><V105/><F121/><W9/><G100/><T83/><D83/><U102/><E67/><V119/><F119/><W81/><G38/><T103/><D77/><U74/><E74/><V91/><F61/><W89/><G130/><T2/><D103/><U117/><E117/><V3/><F16/><W25/><G114/><T86/><D86/><U78/><E87/><V47/><F76/><W93/><G122/><T68/><D17/><N who="1" m="10679" /><E78/><V129/><F129/><W43/><G63/><T26/><D68/><U41/><E41/><V131/><F131/><W116/><G116/><T27/><D127/><AGARI ba="0,0" hai="48,53,58,92,99,102,120,123,125,126,127" m="10679" machi="127" ten="30,7700,0" yaku="18,1,52,3" doraHai="134" who="1" fromWho="0" sc="250,-77,250,77,250,0,250,0" /><INIT seed="1,0,0,1,5,56" ten="173,327,250,250" oya="1" hai0="67,125,88,15,72,78,41,53,19,71,44,37,42" hai1="103,94,116,68,131,63,24,86,74,84,107,35,76" hai2="100,22,123,58,75,110,23,119,121,128,27,70,4" hai3="33,96,59,99,83,7,31,10,61,8,46,57,102"/><U3/><E116/><V113/><F70/><W109/><G109/><T134/><D134/><U38/><E38/><V118/><F75/><W135/><G135/><T13/><D42/><U93/><E131/><V132/><F100/><W126/><G126/><T51/><D125/><U124/><E3/><V49/><F49/><W114/><G114/><T127/><D127/><U117/><E124/><V11/><F58/><W87/><G59/><T65/><D71/><U12/><E12/><N who="2" m="5223" /><F132/><W39/><G33/><T112/><D112/><U108/><E108/><V16/><F110/><W2/><G31/><T80/><D15/><U55/><E117/><N who="2" m="44555" /><F113/><W111/><G10/><T54/><D54/><U79/><E74/><V122/><F23/><W45/><G111/><T20/><REACH who="0" step="1"/><D88/><REACH who="0" ten="163,327,250,250" step="2"/><U14/><E14/><V82/><F82/><W104/><G39/><T90/><D90/><U69/><E55/><V85/><F85/><W17/><G96/><T30/><D30/><U21/><E84/><V25/><F128/><W40/><G87/><T43/><D43/><U64/><E86/><V92/><F92/><W48/><G83/><T133/><D133/><U81/><E93/><V95/><F95/><W62/><G40/><T89/><D89/><U26/><E94/><V36/><F36/><W105/><G99/><T98/><D98/><N who="1" m="61943" /><E69/><V1/><F1/><W34/><G2/><T29/><D29/><N who="1" m="19879" /><E81/><V50/><F50/><W130/><G130/><T66/><D66/><U77/><E79/><V6/><F6/><W18/><G48/><T60/><D60/><U5/><E5/><V129/><F129/><RYUUKYOKU ba="0,1" sc="163,10,327,10,250,10,250,-30" hai0="13,19,20,37,41,44,51,53,65,67,72,78,80" hai1="21,26,63,64,68,76,77" hai2="16,22,25,27,121,122,123" /><INIT seed="1,1,1,0,3,2" ten="173,337,260,220" oya="1" hai0="34,103,12,124,85,102,37,3,71,36,62,33,56" hai1="5,4,15,88,130,26,44,110,0,99,118,45,65" hai2="63,30,16,108,109,89,105,43,87,81,23,39,13" hai3="133,125,53,75,28,117,123,70,131,7,93,11,6"/><U9/><E118/><V25/><F105/><W126/><G123/><T21/><D3/><U60/><E130/><V86/><F63/><W78/><G131/><T1/><D1/><U66/><E110/><N who="2" m="42603" /><F87/><W100/><G133/><T113/><D71/><U10/><E26/><V18/><F13/><W46/><G70/><T48/><D48/><U77/><E77/><V42/><F39/><W128/><G117/><T27/><D124/><U17/><E17/><AGARI ba="1,1" hai="16,17,18,23,25,30,42,43,81,86,89" m="42603" machi="17" ten="30,2000,0" yaku="14,1,54,1" doraHai="2" who="2" fromWho="1" sc="173,0,337,-23,260,33,220,0" /><INIT seed="2,0,0,4,2,17" ten="173,314,293,220" oya="2" hai0="131,79,26,54,65,0,55,22,127,121,116,73,104" hai1="43,77,31,23,61,81,123,106,18,99,13,89,71" hai2="94,115,21,95,36,105,20,51,64,92,93,109,19" hai3="70,59,97,87,122,38,134,82,66,62,52,72,47"/><V7/><F36/><W83/><G122/><T49/><D0/><U107/><E123/><V4/><F105/><W84/><G134/><T1/><D104/><U125/><E43/><V102/><F115/><W45/><G72/><T91/><D1/><U113/><E113/><V118/><F118/><W78/><G97/><T10/><D116/><U58/><E71/><V57/><F109/><W63/><REACH who="3" step="1"/><G38/><REACH who="3" ten="173,314,293,210" step="2"/><T86/><D121/><U76/><E106/><V11/><F102/><W108/><G108/><T50/><D73/><U120/><E120/><V53/><F64/><W42/><G42/><T124/><D65/><U67/><E125/><V39/><F39/><W129/><G129/><T85/><D124/><U28/><E107/><V69/><F69/><W37/><G37/><T8/><D127/><U128/><E128/><V48/><F48/><W56/><G56/><N who="0" m="32847" /><D131/><U96/><E96/><V103/><F103/><W24/><G24/><T130/><D130/><U135/><E135/><V88/><F51/><W117/><G117/><T9/><D50/><U41/><E41/><V6/><F57/><W114/><G114/><T12/><D55/><U27/><E27/><V101/><F53/><W32/><G32/><T14/><D26/><U74/><E77/><AGARI ba="0,1" hai="45,47,52,59,62,63,66,70,77,78,82,83,84,87" machi="77" ten="30,7700,0" yaku="1,1,7,1,9,1,54,1,53,0" doraHai="17" doraHaiUra="3" who="3" fromWho="1" sc="173,0,314,-77,293,0,210,87" /><INIT seed="3,0,0,3,0,76" ten="173,237,293,297" oya="3" hai0="93,65,39,70,21,121,129,108,103,52,118,115,68" hai1="67,48,60,35,29,75,58,40,56,110,50,101,128" hai2="1,54,3,42,97,6,19,33,106,79,32,61,86" hai3="49,34,13,15,116,71,82,87,92,5,28,41,134"/><W31/><G116/><T114/><D39/><U36/><E75/><V25/><F42/><W133/><G71/><N who="0" m="27179" /><D21/><U44/><E35/><V84/><F33/><W113/><G113/><N who="0" m="43019" /><D103/><U120/><E29/><N who="3" m="11338" /><G92/><T100/><D100/><U17/><E17/><V83/><F19/><W2/><G2/><T30/><D30/><U47/><E101/><V22/><F32/><W46/><G5/><T74/><D93/><U23/><E23/><V104/><F6/><W20/><G20/><T9/><D9/><U80/><E80/><V90/><F3/><W109/><G109/><T63/><D74/><U94/><E94/><N who="2" m="56535" /><F1/><W64/><G64/><T111/><D118/><U88/><E88/><V53/><F83/><W27/><G27/><T11/><D11/><U96/><E96/><V57/><F25/><W107/><G107/><T81/><D81/><U14/><E14/><V99/><F79/><N who="3" m="46559" /><G34/><T55/><D129/><U69/><E128/><V12/><F106/><W102/><G102/><T37/><D37/><U122/><E110/><N who="0" m="42025" /><D121/><N who="1" m="46699" /><E36/><V95/><F104/><W105/><G105/><T38/><D38/><U125/><E125/><V0/><F95/><W24/><G24/><T124/><D124/><U16/><E16/><V135/><F0/><W73/><G73/><T132/><D132/><AGARI ba="0,0" hai="13,15,41,46,49,132,133,134" m="46559,11338" machi="132" ten="30,2900,0" yaku="20,1,52,1" doraHai="76" who="3" fromWho="0" sc="173,-29,237,0,293,0,297,29" /><INIT seed="3,1,0,1,0,5" ten="144,237,293,326" oya="3" hai0="41,85,57,40,58,96,26,9,93,14,108,15,134" hai1="101,109,123,6,77,55,110,39,126,122,121,68,69" hai2="1,95,54,2,37,117,125,129,71,135,24,131,31" hai3="83,113,107,133,103,19,130,88,42,111,90,21,35"/><W43/><G113/><T56/><D108/><N who="1" m="41579" /><E77/><V25/><F117/><W36/><G111/><T65/><D85/><U76/><E76/><V29/><F37/><W7/><G35/><T12/><D134/><U60/><E101/><V23/><F71/><N who="1" m="27209" /><E6/><V44/><F95/><W66/><G36/><T50/><D65/><U4/><E4/><V11/><F135/><W89/><G130/><N who="2" m="49673" /><F125/><W78/><G66/><T30/><D50/><U128/><E128/><V114/><F114/><W86/><G133/><T74/><D74/><U45/><E126/><V64/><F64/><W119/><G119/><T28/><D9/><U94/><E94/><V59/><F44/><W46/><G46/><T105/><D105/><U8/><E8/><V99/><F99/><W27/><REACH who="3" step="1"/><G7/><REACH who="3" ten="144,237,293,316" step="2"/><T22/><REACH who="0" step="1"/><D30/><REACH who="0" ten="134,237,293,316" step="2"/><U73/><E39/><V132/><F31/><W98/><AGARI ba="1,2" hai="19,21,27,42,43,78,83,86,88,89,90,98,103,107" machi="98" ten="30,12000,1" yaku="1,1,2,1,0,1,54,1,53,1" doraHai="5" doraHaiUra="80" who="3" fromWho="3" sc="134,-41,237,-41,293,-41,316,143" /><INIT seed="3,2,0,0,3,13" ten="93,196,252,459" oya="3" hai0="27,75,36,102,43,5,12,25,26,95,40,105,22" hai1="42,52,9,35,4,14,94,86,82,108,116,113,131" hai2="89,2,81,57,31,76,54,106,38,63,104,130,103" hai3="61,65,85,15,73,126,125,91,78,53,55,120,47"/><W101/><G120/><T109/><D109/><U49/><E35/><V114/><F38/><W124/><G101/><T39/><D105/><U107/><E108/><V1/><F114/><W84/><G73/><T16/><D75/><U37/><E107/><V129/><F89/><W118/><G118/><T24/><D5/><U133/><E131/><N who="2" m="50187" /><F31/><W67/><G67/><T100/><D39/><U28/><E133/><V115/><F115/><W132/><G132/><T60/><D36/><U20/><E113/><V34/><F34/><W123/><G47/><T45/><D45/><N who="1" m="27695" /><E37/><V3/><F103/><W23/><G123/><T33/><D33/><U97/><E42/><V83/><F83/><N who="3" m="49567" /><G85/><AGARI ba="2,0" hai="1,2,3,54,57,63,76,81,85,104,106" m="50187" machi="85" ten="40,1300,0" yaku="19,1" doraHai="13" who="2" fromWho="3" sc="93,0,196,0,252,19,459,-19" /><INIT seed="4,0,0,1,1,2" ten="93,196,271,440" oya="0" hai0="123,71,90,96,65,105,58,28,12,17,38,80,99" hai1="107,15,109,128,101,62,29,117,100,51,4,5,83" hai2="37,22,52,0,42,1,11,113,41,46,39,130,127" hai3="87,33,98,93,64,20,110,6,75,94,44,56,10"/><T16/><D38/><U76/><E109/><V49/><F113/><W43/><G110/><T48/><D71/><U120/><E128/><V104/><F104/><W102/><G33/><T79/><D123/><U85/><E120/><V129/><F127/><W70/><G70/><T95/><D28/><U60/><E117/><V13/><F22/><W115/><G75/><T91/><D12/><U92/><E107/><V55/><F55/><W31/><G87/><T9/><D9/><U103/><E92/><V112/><F112/><W59/><G64/><T133/><D133/><U34/><E15/><V3/><F39/><W89/><G20/><T14/><D14/><U124/><E124/><V134/><F134/><W40/><G31/><T24/><D24/><U54/><E29/><V27/><F27/><W97/><G43/><T77/><D105/><U57/><E34/><V131/><REACH who="2" step="1"/><F37/><REACH who="2" ten="93,196,261,440" step="2"/><W132/><G132/><T125/><D125/><U66/><REACH who="1" step="1"/><E62/><REACH who="1" ten="93,186,261,440" step="2"/><V121/><F121/><W116/><G115/><T18/><D80/><U36/><E36/><V67/><F67/><W114/><G114/><T86/><D65/><U21/><E21/><V50/><F50/><N who="3" m="26887" /><G116/><T122/><D122/><U45/><AGARI ba="0,2" hai="4,5,45,51,54,57,60,66,76,83,85,100,101,103" machi="45" ten="30,12000,2" yaku="1,1,0,1,8,1,52,2,53,1" doraHai="2" doraHaiUra="47" who="1" fromWho="1" sc="93,-60,186,140,261,-30,440,-30" /><INIT seed="5,0,0,1,3,74" ten="33,326,231,410" oya="1" hai0="70,107,36,118,108,38,37,30,46,110,45,82,64" hai1="19,25,44,59,56,117,90,95,85,76,29,12,119" hai2="133,40,121,23,35,39,113,60,114,131,18,26,1" hai3="89,51,99,7,52,72,83,0,42,123,78,28,94"/><U5/><E5/><V103/><F121/><W54/><G123/><T10/><D30/><U9/><E119/><V55/><F1/><W63/><G28/><T134/><D10/><U32/><E117/><V126/><F131/><W11/><REACH who="3" step="1"/><G63/><REACH who="3" ten="33,326,231,400" step="2"/><T86/><D107/><U3/><E3/><V115/><F60/><W6/><G6/><T24/><D24/><U41/><REACH who="1" step="1"/><E76/><REACH who="1" ten="33,316,231,400" step="2"/><V61/><F115/><W101/><G101/><T66/><D118/><U22/><E22/><V96/><F103/><W84/><G84/><T79/><D79/><U109/><E109/><V92/><F23/><W8/><G8/><T21/><D110/><U104/><E104/><V57/><F114/><W75/><G75/><T91/><D108/><U53/><E53/><V34/><F55/><W93/><G93/><T4/><D21/><U127/><E127/><V80/><F92/><W105/><G105/><T125/><D4/><U68/><E68/><V81/><F126/><W111/><G111/><T98/><D125/><U122/><E122/><V27/><F113/><W65/><G65/><T69/><D66/><U100/><E100/><V48/><F35/><W2/><G2/><T16/><D64/><U120/><E120/><V135/><F34/><W49/><G49/><AGARI ba="0,2" hai="9,12,19,25,29,32,41,44,49,56,59,85,90,95" machi="49" ten="30,2900,0" yaku="1,1,7,1,53,0" doraHai="74" doraHaiUra="58" who="1" fromWho="3" sc="33,0,316,49,231,0,400,-29" /><INIT seed="5,1,0,5,4,6" ten="33,365,231,371" oya="1" hai0="79,14,61,74,123,51,18,64,92,54,110,43,10" hai1="124,57,66,97,22,8,3,78,128,86,107,68,77" hai2="112,88,104,71,23,46,9,38,93,125,55,69,42" hai3="7,30,67,80,94,108,103,5,91,111,41,17,58"/><U1/><E68/><V53/><F104/><W115/><G103/><T47/><D110/><U72/><E72/><V39/><F39/><W70/><G70/><T56/><D123/><U16/><E124/><V99/><F125/><W87/><G30/><T31/><D31/><U90/><E128/><V116/><F116/><W28/><G28/><T121/><D121/><U126/><E126/><V50/><F23/><W84/><G115/><T44/><D79/><U21/><E107/><V106/><F106/><W134/><G134/><T129/><D74/><U40/><E40/><V73/><F73/><W127/><G127/><T101/><D129/><U119/><E3/><V83/><F83/><W19/><G111/><T100/><REACH who="0" step="1"/><D92/><REACH who="0" ten="23,365,231,371" step="2"/><N who="1" m="56471" /><E119/><V37/><F93/><W120/><G94/><T26/><D26/><U95/><E1/><V130/><F130/><W76/><G108/><T82/><D82/><N who="1" m="47439" /><E95/><V105/><F105/><W131/><G80/><T48/><AGARI ba="1,1" hai="10,14,18,43,44,47,48,51,54,56,61,64,100,101" machi="48" ten="20,8000,1" yaku="1,1,0,1,7,1,8,1,52,1,53,0" doraHai="6" doraHaiUra="32" who="0" fromWho="0" sc="23,93,365,-41,231,-21,371,-21" /><INIT seed="6,0,0,5,0,9" ten="116,324,210,350" oya="2" hai0="79,75,58,122,93,130,20,47,85,63,3,108,127" hai1="31,52,77,24,120,54,68,80,90,126,100,83,36" hai2="98,48,62,41,134,13,66,95,94,23,124,132,38" hai3="60,76,53,61,81,71,67,86,91,51,30,16,65"/><V114/><F38/><W72/><G30/><T19/><D122/><U125/><E36/><V112/><F124/><N who="1" m="47721" /><E68/><N who="2" m="42071" /><F41/><W129/><G129/><T82/><D127/><U1/><E1/><V110/><F48/><W35/><G35/><T56/><D3/><U97/><E120/><V29/><F110/><W46/><G16/><T117/><D130/><U33/><E90/><N who="2" m="55639" /><F95/><W115/><G115/><N who="2" m="44073" /><F13/><W44/><G44/><T135/><D117/><U121/><E121/><V74/><F74/><W0/><G0/><T113/><D113/><U57/><E57/><V32/><F32/><W34/><G34/><T92/><D135/><U8/><E8/><V70/><F70/><W14/><G14/><T55/><D108/><U111/><E111/><V69/><F69/><W87/><G91/><T18/><D47/><U11/><E11/><V116/><F116/><W43/><G43/><T106/><D106/><N who="1" m="63759" /><E83/><V133/><F133/><W50/><G50/><T107/><D107/><U12/><E12/><V37/><F37/><W73/><G73/><AGARI ba="0,0" hai="24,31,33,52,54,73,77,80" m="63759,47721" machi="73" ten="30,2000,0" yaku="18,1,54,1" doraHai="9" who="1" fromWho="3" sc="116,0,324,20,210,0,350,-20" /><INIT seed="7,0,0,3,3,37" ten="116,344,210,330" oya="3" hai0="13,78,0,86,40,131,1,31,12,102,105,9,123" hai1="47,21,56,130,132,108,28,120,32,114,64,63,115" hai2="99,49,33,76,50,92,17,67,36,48,133,126,54" hai3="66,46,101,25,81,112,73,34,110,104,22,53,11"/><W57/><G112/><N who="1" m="43050" /><E108/><V18/><F36/><W20/><G110/><T70/><D123/><U103/><E120/><V38/><F38/><W94/><G104/><T91/><D78/><U45/><E32/><V62/><F33/><W83/><G34/><T65/><D131/><U8/><E130/><V93/><F126/><W134/><G73/><T107/><D12/><U125/><E125/><V74/><F74/><W88/><G134/><T129/><D13/><U85/><E132/><V27/><F76/><W72/><G72/><T19/><D19/><U16/><E103/><N who="2" m="60903" /><F67/><W90/><G101/><T52/><D52/><U26/><E85/><V59/><F133/><W58/><G66/><T44/><D91/><N who="3" m="34857" /><G94/><T127/><D86/><U82/><E82/><N who="3" m="31242" /><G11/><T23/><D23/><N who="3" m="8745" /><G25/><T87/><D87/><U79/><E79/><V30/><F27/><W60/><G58/><T68/><D127/><U15/><AGARI ba="0,0" hai="8,15,16,21,26,28,45,47,56,63,64" m="43050" machi="15" ten="30,2000,0" yaku="15,1,54,1" doraHai="37" who="1" fromWho="1" sc="116,-5,344,20,210,-5,330,-10" owari="111,-39.0,364,46.0,205,-19.0,320,12.0" /></mjloggm>