<mjloggm ver="2.3"><GO type="97" lobby="0"/><UN n0="%E5%B0%B1%E6%B4%BB%E7%94%9F%40%E5%B7%9D%E6%9D%91%E8%BB%8D%E5%9B%A3" n1="%E3%81%84" n2="%E3%83%91%E3%83%91%E3%82%B9%EF%BC%A0%E5%B7%9D%E6%9D%91%E8%BB%8D%E5%9B%A3" n3="%73%61%6B%69%36%33%34%32" dan="15,15,14,15" rate="2038.42,2061.56,1979.81,1963.52" sx="M,F,M,M"/><TAIKYOKU oya="0"/><INIT seed="0,0,0,5,4,126" ten="250,250,250,250" oya="0" hai0="97,16,7,89,119,114,71,52,36,26,90,48,31" hai1="85,116,103,59,6,98,51,50,113,55,9,122,95" hai2="68,13,109,21,42,75,38,5,79,121,14,64,92" hai3="67,128,111,27,133,110,125,117,33,91,32,101,99"/><T77/><D119/><U37/><E37/><V123/><F68/><W17/><G117/><T69/><D114/><U62/><E116/><V87/><F64/><W124/><G67/><T102/><D36/><U39/><E39/><V106/><F106/><N who="3" m="63807" /><G91/><N who="0" m="34827" /><D71/><U2/><E113/><V43/><F75/><W84/><G84/><T30/><D69/><U93/><E122/><V20/><F92/><W47/><G47/><N who="0" m="27679" /><D7/><U80/><E95/><V41/><F5/><W66/><G133/><T108/><D108/><N who="3" m="41513" /><G66/><T35/><D35/><N who="3" m="13385" /><G128/><T74/><D74/><U107/><E107/><V72/><F109/><W24/><G17/><T73/><D73/><U104/><E104/><V115/><F72/><W10/><G10/><T94/><D77/><AGARI ba="0,0" hai="2,6,9,50,51,55,59,62,77,80,85,93,98,103" machi="77" ten="30,1000,0" yaku="7,1" doraHai="126" who="1" fromWho="0" sc="250,-10,250,10,250,0,250,0" /><INIT seed="1,0,0,1,3,122" ten="240,260,250,250" oya="1" hai0="78,19,43,72,58,67,7,28,29,133,0,129,73" hai1="18,106,127,35,102,87,114,105,70,118,99,42,126" hai2="90,55,97,21,94,120,107,104,4,50,109,82,108" hai3="80,41,117,53,89,12,111,24,100,134,44,93,115"/><U88/><E70/><V49/><F120/><W37/><G115/><T116/><D116/><U91/><E35/><V31/><F4/><W85/><G117/><T38/><D129/><U83/><E118/><V45/><F82/><W16/><G134/><T76/><D133/><U15/><E42/><V32/><F32/><W86/><G24/><T11/><D19/><U66/><E66/><V33/><F33/><W20/><G111/><N who="2" m="42569" /><F49/><W64/><G80/><N who="0" m="45063" /><D78/><N who="1" m="46583" /><E114/><V128/><F128/><W23/><G37/><T131/><D73/><U46/><E46/><V132/><F132/><W22/><G44/><N who="0" m="23671" /><D131/><U57/><E57/><V40/><F40/><W1/><G41/><T51/><D51/><U17/><E17/><V34/><F34/><W71/><G16/><T103/><D103/><U123/><E123/><V98/><F98/><W30/><G100/><T5/><D5/><U62/><E18/><V63/><F63/><AGARI ba="0,0" hai="0,7,11,28,29,58,63,67" m="23671,45063" machi="63" ten="30,1000,0" yaku="25,1" doraHai="122" who="0" fromWho="2" sc="240,10,260,0,250,-10,250,0" /><INIT seed="2,0,0,1,1,130" ten="250,260,240,250" oya="2" hai0="110,89,103,134,69,109,55,118,54,125,47,102,10" hai1="72,9,12,128,88,117,112,15,26,105,107,70,129" hai2="16,43,63,2,108,119,39,37,53,99,83,42,29" hai3="31,87,5,25,116,124,0,67,4,120,49,19,34"/><V122/><F122/><W66/><G120/><T97/><D69/><U133/><E72/><V58/><F119/><W82/><G116/><T135/><D125/><U62/><E112/><V121/><F121/><W104/><G104/><N who="0" m="63567" /><D103/><U50/><E117/><V38/><F2/><W85/><G0/><T90/><D118/><U92/><E26/><V22/><F29/><W30/><G124/><T80/><D10/><U79/><E79/><V78/><F108/><N who="0" m="41578" /><D47/><U44/><E62/><V76/><F99/><W24/><G34/><T32/><D32/><U71/><E71/><V65/><F65/><W84/><G67/><T11/><D11/><U8/><E70/><V73/><REACH who="2" step="1"/><F76/><REACH who="2" ten="250,260,230,250" step="2"/><W96/><G66/><T131/><D131/><U77/><E77/><V52/><F52/><N who="0" m="20010" /><D89/><U3/><E128/><V64/><F64/><W75/><G31/><T115/><D115/><U81/><E129/><V123/><F123/><W23/><G30/><T93/><D80/><U27/><E81/><V18/><F18/><W20/><G82/><T48/><D48/><U132/><E88/><V56/><F56/><W41/><G49/><T51/><D51/><U45/><E50/><V101/><F101/><W46/><G46/><T113/><D113/><U98/><E3/><V127/><F127/><W100/><G41/><T1/><D1/><U35/><E98/><AGARI ba="0,1" hai="90,93,98,134,135" m="20010,41578,63567" machi="98" ten="30,7700,0" yaku="14,1,52,2,54,1" doraHai="130" who="0" fromWho="1" sc="250,87,260,-77,230,0,250,0" /><INIT seed="3,0,0,4,2,107" ten="337,183,230,250" oya="3" hai0="48,133,131,94,14,51,24,71,25,64,35,45,84" hai1="125,31,129,112,97,120,15,30,118,52,41,63,75" hai2="20,54,105,47,44,132,135,128,1,55,91,18,130" hai3="36,8,114,134,5,43,95,76,3,92,62,34,42"/><W70/><G114/><T37/><D131/><N who="2" m="50218" /><F1/><W68/><G134/><N who="2" m="51241" /><F105/><W89/><G34/><T123/><D133/><U99/><E120/><V98/><F98/><W87/><G76/><T6/><D37/><U115/><E129/><V7/><F91/><W85/><G62/><T33/><D71/><U57/><E118/><V32/><F7/><W121/><G121/><T65/><D45/><N who="2" m="17482" /><F32/><W83/><G95/><T28/><D6/><U29/><E41/><V61/><F61/><W74/><G43/><T46/><D46/><U101/><E125/><V11/><F11/><W49/><G89/><T124/><D124/><U103/><E15/><AGARI ba="0,0" hai="15,18,20,54,55" m="17482,51241,50218" machi="15" ten="30,2000,0" yaku="19,1,20,1" doraHai="107" who="2" fromWho="1" sc="337,0,183,-20,230,20,250,0" owari="337,44.0,163,-34.0,250,5.0,250,-15.0" /></mjloggm>