<mjloggm ver="2.3"><GO type="97" lobby="0"/><UN n0="%59%4F%47%48%4F%55%52%54" n1="%6F%33%32%38%36" n2="%E5%B0%B1%E6%B4%BB%E7%94%9F%40%E5%B7%9D%E6%9D%91%E8%BB%8D%E5%9B%A3" n3="%E5%A4%A9%E6%89%8D%E3%82%A4%E3%83%99%E3%83%AA%E3%82%B3%E8%B1%9A" dan="13,14,14,15" rate="1862.46,1947.04,1941.26,1990.50" sx="M,M,M,F"/><TAIKYOKU oya="0"/><INIT seed="0,0,0,4,1,129" ten="250,250,250,250" oya="0" hai0="99,32,100,47,77,54,93,12,118,90,9,18,82" hai1="35,125,103,60,10,3,113,94,40,29,110,7,61" hai2="15,86,134,33,63,48,52,92,97,42,55,64,41" hai3="128,83,59,115,37,23,39,4,109,45,111,117,135"/><T1/><D118/><U71/><E113/><V127/><F33/><W85/><G115/><T11/><D32/><U67/><E125/><V106/><F127/><W0/><G117/><T58/><D1/><U114/><E114/><V20/><F106/><W5/><G128/><T98/><D47/><U131/><E131/><V73/><F73/><W28/><G59/><T2/><D2/><U50/><E110/><N who="3" m="41994" /><G0/><T121/><D121/><U13/><E61/><V112/><F134/><W69/><G69/><T88/><D99/><U6/><E6/><N who="3" m="2666" /><G135/><T72/><REACH who="0" step="1"/><D11/><REACH who="0" ten="240,250,250,250" step="2"/><U51/><E35/><V101/><F112/><W107/><G45/><T95/><D95/><U34/><E3/><V16/><F86/><W119/><G107/><T43/><D43/><U8/><E40/><V22/><F22/><W17/><G119/><T14/><D14/><U46/><E7/><V62/><F42/><W108/><G108/><T96/><D96/><N who="1" m="59799" /><E46/><N who="2" m="25679" /><F64/><W24/><G39/><T27/><D27/><U132/><E132/><V87/><F87/><W79/><G37/><T81/><D81/><U84/><E13/><V124/><F124/><W102/><G102/><T57/><D57/><N who="1" m="37263" /><E34/><V31/><F92/><W21/><G21/><T76/><D76/><U89/><E71/><V74/><F97/><W91/><G79/><T133/><D133/><U26/><E10/><N who="2" m="6263" /><F74/><W53/><G53/><N who="2" m="20553" /><F101/><W36/><G36/><T126/><D126/><U68/><E8/><V25/><AGARI ba="0,1" hai="20,25,31,62,63" m="20553,6263,25679" machi="25" ten="30,4000,0" yaku="8,1,54,2" doraHai="129" who="2" fromWho="2" sc="240,-20,250,-10,250,50,250,-10" /><INIT seed="1,0,0,3,5,45" ten="220,240,300,240" oya="1" hai0="112,110,102,89,17,35,10,67,125,30,78,12,26" hai1="7,0,93,27,77,134,108,92,52,87,16,49,100" hai2="64,13,113,57,120,98,39,82,90,115,44,75,1" hai3="47,56,133,29,60,105,94,84,20,6,107,79,99"/><U74/><E74/><V41/><F1/><W32/><G32/><T76/><D110/><U85/><E108/><V88/><F120/><W91/><G133/><T2/><D112/><N who="2" m="43082" /><F13/><W97/><G6/><T63/><D125/><U86/><E134/><V95/><F75/><W71/><G71/><T42/><D42/><U50/><E0/><V19/><F19/><W62/><G62/><T131/><D131/><U81/><E7/><V43/><F43/><W51/><G79/><T109/><D109/><U38/><E38/><V53/><F64/><N who="3" m="38919" /><G107/><T36/><D36/><U65/><E65/><V66/><F66/><W114/><G105/><T83/><D102/><U54/><E100/><N who="2" m="60511" /><F82/><W22/><G114/><T128/><D128/><U55/><E77/><V21/><F21/><N who="3" m="8299" /><G29/><T23/><D89/><U101/><E81/><V9/><F9/><W5/><G5/><N who="0" m="1335" /><D83/><U33/><E33/><V70/><F70/><AGARI ba="0,0" hai="12,17,23,26,30,35,63,67,70,76,78" m="1335" machi="70" ten="30,1000,0" yaku="24,1" doraHai="45" who="0" fromWho="2" sc="220,10,240,0,300,-10,240,0" /><INIT seed="2,0,0,5,0,16" ten="230,240,290,240" oya="2" hai0="6,129,81,68,44,128,95,106,113,102,78,24,50" hai1="46,89,120,35,45,104,20,30,91,108,57,79,41" hai2="80,88,116,125,62,53,29,130,9,59,135,36,103" hai3="87,32,7,93,48,127,99,13,72,14,18,76,110"/><V70/><F116/><W118/><G110/><T90/><D68/><U49/><E108/><V66/><F36/><W28/><G118/><T1/><D1/><U73/><E120/><V85/><F130/><N who="0" m="50282" /><D6/><U101/><E35/><V4/><F135/><W115/><G72/><N who="0" m="43207" /><D24/><N who="1" m="16647" /><E104/><V54/><F125/><W33/><G115/><T37/><D50/><N who="1" m="26927" /><E73/><V75/><F75/><W38/><G38/><T86/><D44/><U21/><E101/><V22/><F103/><W123/><G127/><T124/><D37/><U31/><E79/><V3/><REACH who="2" step="1"/><F70/><REACH who="2" ten="230,240,280,240" step="2"/><W55/><G123/><T84/><D124/><U5/><E5/><V131/><F131/><W94/><G7/><T56/><D113/><U25/><E57/><V52/><F52/><AGARI ba="0,1" hai="21,25,31,46,49,52,89,91" m="26927,16647" machi="52" ten="30,7700,0" yaku="8,1,52,2,54,1" doraHai="16" who="1" fromWho="2" sc="230,0,240,87,280,-77,240,0" /><INIT seed="3,0,0,1,2,73" ten="230,327,203,240" oya="3" hai0="127,65,21,115,17,118,126,20,103,18,15,49,55" hai1="125,117,30,86,52,63,67,31,51,3,32,87,24" hai2="131,94,1,81,26,82,41,72,13,76,10,74,36" hai3="6,34,92,88,46,121,78,93,2,40,62,114,120"/><W111/><G114/><T84/><D115/><U105/><E3/><V124/><F131/><W71/><G34/><T123/><D118/><U134/><E105/><V60/><F124/><N who="0" m="47658" /><D123/><U4/><E125/><V70/><F1/><W39/><G78/><T106/><D65/><U128/><E128/><V22/><F94/><W53/><G111/><T45/><D84/><N who="1" m="32299" /><E32/><V130/><F130/><W104/><G93/><T107/><D103/><U29/><E117/><V47/><F70/><W19/><G104/><T44/><D44/><N who="1" m="27751" /><E134/><V8/><F60/><W61/><G2/><T12/><AGARI ba="0,0" hai="12,15,17,18,20,21,45,49,55,106,107" m="47658" machi="12" ten="30,1100,0" yaku="18,1" doraHai="73" who="0" fromWho="0" sc="230,11,327,-3,203,-3,240,-5" owari="241,4.0,324,42.0,200,-30.0,235,-16.0" /></mjloggm>