<mjloggm ver="2.3"><GO type="169" lobby="0"/><UN n0="%E8%B1%86%E7%89%B9%EF%BC%A0%E6%B2%B3%E6%9D%91%E8%BB%8D%E5%9B%A3" n1="%E3%82%A6%E3%83%AB%E3%83%88%E3%83%A9%E7%AB%8B%E7%9B%B4" n2="%3A%63%6F%63%75%61%3A" n3="%E3%81%8A%E3%83%BC%E3%81%84%E3%81%8A%E8%8C%B6" dan="16,17,16,17" rate="2099.24,2122.55,2058.99,2171.81" sx="M,M,M,M"/><TAIKYOKU oya="0"/><INIT seed="0,0,0,5,5,47" ten="250,250,250,250" oya="0" hai0="1,51,127,115,17,18,121,21,113,64,35,2,89" hai1="42,44,128,99,124,16,94,23,107,108,86,37,13" hai2="135,57,9,105,100,77,55,71,43,45,103,123,111" hai3="39,83,109,75,60,28,82,125,15,126,62,69,84"/><T50/><D121/><U76/><E124/><V32/><F111/><W74/><G39/><T10/><D35/><U120/><E108/><V41/><F71/><W118/><G109/><T68/><D127/><U5/><E120/><V66/><F32/><W133/><G28/><T7/><D2/><U63/><E128/><V67/><F77/><W102/><G102/><N who="2" m="38953" /><F105/><W24/><G24/><T25/><D18/><U26/><E107/><V132/><F9/><W97/><G118/><T81/><D81/><U78/><E86/><V61/><F123/><W4/><G84/><T122/><D89/><U65/><E13/><V101/><F101/><W95/><G15/><T134/><D134/><N who="2" m="51242" /><F43/><W53/><G133/><T112/><REACH who="0" step="1"/><D122/><REACH who="0" ten="240,250,250,250" step="2"/><U12/><E5/><V36/><AGARI ba="0,1" hai="36,41,45,55,57,61,66,67" m="51242,38953" machi="36" ten="30,1100,0" yaku="20,1" doraHai="47" who="2" fromWho="2" sc="240,-5,250,-3,250,21,250,-3" /><INIT seed="1,0,0,0,4,69" ten="235,247,271,247" oya="1" hai0="16,21,80,0,117,88,89,68,30,125,79,109,59" hai1="10,32,71,118,56,83,81,66,86,12,38,7,11" hai2="108,74,14,95,64,61,90,53,22,129,9,123,131" hai3="99,55,104,120,102,76,1,121,98,34,73,92,58"/><U135/><E118/><V39/><F108/><W103/><G1/><T107/><D117/><U36/><E71/><V91/><F123/><W6/><G6/><T4/><D68/><U31/><E135/><V24/><F74/><W51/><REACH who="3" step="1"/><G34/><REACH who="3" ten="235,247,271,237" step="2"/><T43/><D4/><U37/><E11/><V3/><F3/><W112/><G112/><T33/><D0/><U82/><E32/><V2/><F2/><W48/><G48/><T75/><D33/><U119/><E119/><V130/><F9/><W47/><G47/><T49/><D109/><U23/><E23/><V101/><F22/><W134/><G134/><T20/><D20/><U13/><E31/><V132/><F132/><W42/><G42/><T19/><D30/><U126/><E126/><V133/><F133/><W85/><G85/><N who="0" m="48287" /><D125/><U116/><E116/><V105/><F129/><W113/><G113/><T28/><D75/><U46/><E46/><V57/><F130/><W106/><G106/><T17/><D107/><U29/><E29/><V124/><F105/><W77/><G77/><T122/><D122/><U40/><E40/><V60/><F124/><W94/><G94/><T70/><D43/><U8/><E86/><V84/><F95/><W50/><G50/><T44/><D44/><U97/><E97/><V93/><F84/><W100/><G100/><T35/><D35/><U52/><E10/><V18/><F101/><W25/><G25/><T115/><D115/><U63/><REACH who="1" step="1"/><E13/><REACH who="1" ten="235,237,271,237" step="2"/><V67/><F14/><W15/><G15/><T27/><D70/><U45/><E45/><V65/><F131/><W110/><G110/><RYUUKYOKU ba="0,2" sc="235,10,237,10,271,-30,237,10" hai0="16,17,19,21,27,28,49,59,88,89" hai1="7,8,12,36,37,38,52,56,63,66,81,82,83" hai3="51,55,58,73,76,92,98,99,102,103,104,120,121" /><INIT seed="1,1,2,1,4,111" ten="245,247,241,247" oya="1" hai0="108,114,67,39,16,68,97,45,37,86,32,110,27" hai1="94,43,113,2,8,117,33,66,101,119,100,98,85" hai2="129,79,30,91,90,65,18,89,29,17,42,84,20" hai3="115,44,109,31,107,22,133,87,26,75,24,121,47"/><U40/><E33/><V82/><F129/><W132/><G121/><T53/><D114/><U128/><E113/><V96/><F42/><W88/><G109/><N who="0" m="42091" /><D32/><U3/><E128/><V106/><F65/><W131/><G131/><T93/><D86/><U69/><E66/><V59/><F59/><W6/><G75/><T125/><D125/><U95/><E69/><V77/><F77/><W13/><G107/><T61/><D53/><U64/><E64/><V104/><F18/><W51/><G26/><T76/><D76/><U36/><E85/><V123/><F123/><W71/><G71/><T41/><D16/><U72/><E72/><V70/><F70/><W74/><G74/><T56/><D27/><U60/><E60/><V58/><F58/><W15/><G115/><T11/><D11/><U55/><E55/><V23/><F23/><W135/><G6/><T28/><D28/><U50/><E50/><V10/><F10/><W34/><G34/><T46/><D68/><U103/><E8/><V83/><F82/><N who="3" m="49271" /><G44/><N who="0" m="17003" /><D41/><AGARI ba="1,2" hai="13,15,22,24,31,41,47,51,132,133,135" m="49271" machi="41" ten="30,2000,0" yaku="20,1,54,1" doraHai="111" who="3" fromWho="0" sc="245,-23,247,0,241,0,247,43" /><INIT seed="2,0,0,2,3,31" ten="222,247,241,290" oya="2" hai0="46,104,129,96,91,30,75,0,86,81,16,4,9" hai1="117,51,90,61,3,110,93,62,126,40,64,33,125" hai2="94,83,116,95,106,99,88,107,45,113,57,20,74" hai3="102,47,101,66,5,35,7,50,23,114,103,42,11"/><V63/><F113/><W120/><G120/><T109/><D109/><U34/><E3/><V43/><F116/><W41/><G114/><T72/><D129/><U58/><E117/><V124/><F124/><N who="1" m="47721" /><E110/><V130/><F130/><W89/><G35/><N who="1" m="13322" /><E62/><V105/><F20/><W69/><G23/><T32/><D16/><U52/><E40/><V48/><F74/><W14/><G5/><T111/><D111/><U24/><E24/><V98/><F83/><W135/><G135/><T85/><D85/><N who="1" m="52431" /><E51/><V132/><F132/><W67/><G42/><T122/><D122/><U54/><AGARI ba="0,0" hai="52,54,58,61,64" m="52431,13322,47721" machi="54" ten="40,8000,1" yaku="18,1,52,3,54,1" doraHai="31" who="1" fromWho="1" sc="222,-20,247,80,241,-40,290,-20" /><INIT seed="3,0,0,1,3,109" ten="202,327,201,270" oya="3" hai0="44,92,128,12,43,22,59,16,106,121,96,55,23" hai1="132,51,6,60,103,78,105,3,9,63,26,131,21" hai2="124,27,11,110,71,115,8,37,57,114,35,129,97" hai3="101,85,83,126,40,75,104,120,42,49,95,127,70"/><W45/><G70/><T123/><D106/><U112/><E112/><V61/><F110/><W100/><G120/><T50/><D128/><U31/><E131/><V65/><F129/><W14/><G104/><T56/><D56/><U102/><E132/><V7/><F37/><W118/><G118/><T18/><D18/><U134/><E134/><V82/><F11/><W33/><G33/><T93/><D93/><U80/><E51/><V98/><F124/><N who="3" m="47659" /><G14/><T90/><REACH who="0" step="1"/><D23/><REACH who="0" ten="192,327,201,270" step="2"/><U5/><E5/><V4/><F4/><W0/><G0/><T99/><D99/><U73/><REACH who="1" step="1"/><E105/><REACH who="1" ten="192,317,201,270" step="2"/><V17/><F7/><W39/><G39/><AGARI ba="0,2" hai="12,16,22,39,43,44,50,55,59,90,92,96,121,123" machi="39" ten="30,3900,0" yaku="1,1,7,1,54,1,53,0" doraHai="109" doraHaiUra="25" who="0" fromWho="3" sc="192,59,317,0,201,0,270,-39" /><INIT seed="4,0,0,0,5,28" ten="251,317,201,231" oya="0" hai0="109,41,20,25,13,52,51,60,132,22,5,44,112" hai1="42,113,57,127,125,19,2,83,78,95,123,16,68" hai2="116,18,130,100,37,26,120,38,58,75,65,35,82" hai3="106,63,72,115,77,131,50,24,31,89,108,61,105"/><T96/><D132/><U45/><E68/><V12/><F120/><W69/><G108/><T6/><D109/><U32/><E2/><V47/><F130/><W84/><G131/><T64/><D112/><U133/><E123/><V62/><F116/><W126/><G115/><T70/><D96/><U40/><E113/><V102/><F75/><W114/><G114/><T86/><D86/><U98/><E57/><V73/><F73/><W30/><G126/><N who="1" m="48138" /><E32/><V128/><F82/><W46/><G77/><T59/><D13/><U87/><E42/><V93/><F128/><W49/><G72/><T1/><D1/><U71/><E71/><V124/><F124/><W88/><G69/><T107/><D107/><U0/><E0/><V8/><F93/><W14/><G14/><T111/><D111/><U23/><E23/><V67/><F67/><W17/><G24/><T122/><D122/><U43/><E43/><V94/><F94/><W21/><G21/><T119/><D119/><U4/><E4/><V91/><F47/><W7/><G7/><T134/><D134/><U80/><E80/><V135/><F135/><W53/><G46/><T76/><D22/><U66/><E66/><V29/><REACH who="2" step="1"/><F91/><REACH who="2" ten="251,317,191,231" step="2"/><W55/><G17/><N who="0" m="12431" /><D76/><U33/><E133/><V90/><F90/><W36/><G36/><AGARI ba="0,1" hai="5,6,36,41,44,51,52,59,60,64,70" m="12431" machi="36" ten="30,2900,0" yaku="24,1,54,1" doraHai="28" who="0" fromWho="3" sc="251,39,317,0,191,0,231,-29" /><AGARI ba="0,0" hai="8,12,18,26,29,35,36,37,38,58,62,65,100,102" machi="36" ten="40,5200,0" yaku="1,1,52,1,53,1" doraHai="28" doraHaiUra="15" who="2" fromWho="3" sc="290,0,317,0,191,52,202,-52" /><INIT seed="4,1,0,0,4,113" ten="290,317,243,150" oya="0" hai0="102,38,121,108,47,12,19,92,10,35,7,29,109" hai1="90,17,124,130,2,56,82,28,55,78,95,57,129" hai2="4,0,50,23,59,3,58,111,39,72,9,114,115" hai3="77,131,60,54,20,87,119,64,96,33,27,91,135"/><T71/><D71/><U70/><E70/><V32/><F39/><W105/><G131/><T36/><D121/><U123/><E28/><V63/><F72/><W99/><G135/><T97/><D35/><U11/><E123/><V93/><F111/><N who="0" m="42570" /><D29/><U22/><E11/><V69/><F32/><W43/><G43/><N who="0" m="23015" /><D38/><U26/><E2/><V42/><F69/><W126/><G126/><T103/><D103/><U106/><E106/><V79/><F23/><W68/><G77/><T81/><D81/><U73/><E124/><V134/><F79/><W80/><G33/><T14/><D14/><U24/><E24/><V101/><F134/><W1/><G1/><T30/><D30/><U132/><E132/><V122/><F0/><W120/><G120/><T48/><D48/><U16/><E17/><AGARI ba="1,0" hai="7,10,12,17,19,92,97,102" m="23015,42570" machi="17" ten="30,1500,0" yaku="10,1" doraHai="113" who="0" fromWho="1" sc="290,18,317,-18,243,0,150,0" /><INIT seed="4,2,0,4,5,132" ten="308,299,243,150" oya="0" hai0="125,9,111,100,105,7,33,115,97,4,116,68,135" hai1="123,80,16,130,122,5,23,74,40,69,58,92,79" hai2="113,60,44,39,101,52,73,64,114,127,34,20,104" hai3="35,95,47,70,78,10,29,90,126,120,112,67,46"/><T107/><D116/><U21/><E69/><V27/><F73/><W124/><G112/><N who="2" m="43113" /><F34/><W83/><G10/><T106/><D115/><U19/><E130/><V42/><F101/><W87/><G120/><T129/><D4/><U59/><E40/><V55/><F104/><W128/><G128/><T82/><D129/><U121/><E92/><V25/><F127/><N who="3" m="48683" /><G70/><T89/><D135/><U71/><E71/><N who="2" m="42375" /><F27/><N who="3" m="18879" /><G67/><T85/><D68/><U62/><E5/><V12/><F12/><W76/><G76/><T13/><D125/><U103/><E23/><V75/><F75/><AGARI ba="2,0" hai="46,47,75,78,83,87,90,95" m="18879,48683" machi="75" ten="30,7700,0" yaku="18,1,52,3" doraHai="132" who="3" fromWho="2" sc="308,0,299,0,243,-83,150,83" /><INIT seed="5,0,0,5,5,31" ten="308,299,160,233" oya="1" hai0="118,106,40,121,120,66,24,83,19,117,67,8,108" hai1="65,81,62,135,48,100,132,68,39,103,2,104,126" hai2="3,114,85,98,95,123,38,12,116,41,102,134,78" hai3="113,46,77,50,36,109,88,87,0,82,11,110,61"/><U30/><E39/><V89/><F116/><N who="0" m="44650" /><D108/><U47/><E2/><V94/><F123/><N who="0" m="47178" /><D106/><U130/><E126/><V59/><F3/><W28/><G28/><T76/><D40/><U122/><E122/><V124/><F124/><W15/><G0/><T56/><D56/><U70/><E70/><V37/><F134/><N who="1" m="51241" /><E130/><V29/><F114/><W133/><G113/><T80/><D80/><U101/><E81/><V26/><F78/><W71/><G36/><T55/><D55/><N who="1" m="30111" /><E30/><V97/><F97/><AGARI ba="0,0" hai="62,65,68,97,100,101,103,104" m="30111,51241" machi="97" ten="30,1500,0" yaku="20,1" doraHai="31" who="1" fromWho="2" sc="308,0,299,15,160,-15,233,0" /><INIT seed="5,1,0,2,1,129" ten="308,314,145,233" oya="1" hai0="107,21,101,1,86,95,117,87,69,126,67,58,20" hai1="43,51,122,17,4,56,118,128,121,111,19,12,24" hai2="49,70,8,81,135,10,3,46,73,35,66,32,38" hai3="14,54,53,105,60,27,5,59,89,62,97,125,45"/><U57/><E118/><V41/><F38/><W104/><G125/><T65/><D117/><U15/><E128/><V50/><F50/><W127/><G127/><T134/><D126/><U18/><E111/><V52/><F41/><W114/><G114/><T88/><D1/><U71/><E71/><V31/><F3/><W132/><G45/><T26/><D69/><U80/><E24/><V113/><F113/><W7/><G27/><T23/><D134/><U30/><E30/><V16/><F135/><W123/><G123/><T55/><D86/><U44/><E80/><V78/><F31/><W116/><G132/><T84/><D84/><U76/><E76/><V29/><F29/><W47/><G116/><T40/><D40/><U94/><E94/><V90/><F90/><W98/><G47/><T75/><D75/><U39/><E39/><V99/><F99/><W92/><G14/><T33/><D33/><U100/><E100/><V133/><F133/><W37/><G37/><T64/><D107/><U42/><E42/><V83/><F83/><W82/><G82/><T115/><D101/><U106/><E106/><V91/><F91/><W109/><G109/><T6/><D115/><U85/><E85/><V124/><F124/><W22/><G104/><T108/><D108/><U103/><E103/><V120/><F120/><N who="1" m="46185" /><E15/><N who="2" m="7271" /><F10/><W34/><G105/><T77/><D77/><U9/><E43/><V48/><F48/><W28/><G98/><T131/><D131/><U11/><E11/><V63/><F32/><W68/><G34/><T36/><D36/><U13/><E13/><V102/><F35/><RYUUKYOKU ba="1,0" sc="308,-15,314,15,145,15,233,-15" hai1="4,9,12,17,18,19,44,51,56,57" hai2="46,49,52,63,66,70,73,78,81,102" /><INIT seed="5,2,0,4,0,60" ten="293,329,160,218" oya="1" hai0="11,30,79,97,45,13,92,1,100,17,101,46,70" hai1="133,26,0,8,61,114,84,54,113,105,82,109,16" hai2="78,66,119,44,106,34,14,135,51,87,62,56,25" hai3="59,95,4,111,57,35,120,42,117,104,33,85,126"/><U77/><E105/><V118/><F135/><W91/><G111/><T88/><D70/><U50/><E133/><V107/><F14/><W94/><G120/><T47/><D1/><U122/><E122/><V36/><F36/><W6/><G104/><T110/><D110/><U116/><E116/><V5/><F5/><W58/><G117/><T19/><D30/><U129/><E109/><V68/><F106/><W63/><G126/><T73/><REACH who="0" step="1"/><D19/><REACH who="0" ten="283,329,160,218" step="2"/><U72/><E16/><V65/><F118/><W131/><G4/><T15/><D15/><U48/><E26/><V67/><F119/><W130/><G6/><T90/><D90/><U69/><E69/><V43/><F68/><W24/><G24/><T18/><D18/><U80/><E0/><V3/><F3/><W38/><G91/><T55/><D55/><U40/><E54/><V41/><F41/><W121/><G42/><T52/><D52/><U108/><E108/><V32/><F107/><W134/><G134/><T93/><D93/><U75/><E40/><V23/><F32/><W123/><G33/><T31/><D31/><U102/><E114/><V99/><F34/><W39/><G35/><T9/><D9/><U29/><E8/><V115/><F115/><W22/><G121/><T83/><AGARI ba="2,1" hai="11,13,17,45,46,47,73,79,83,88,92,97,100,101" machi="83" ten="30,4000,0" yaku="1,1,0,1,54,1,53,0" doraHai="60" doraHaiUra="71" who="0" fromWho="0" sc="283,56,329,-22,160,-12,218,-12" /><INIT seed="6,0,0,3,5,77" ten="339,307,148,206" oya="2" hai0="72,63,40,124,122,134,10,52,2,35,84,97,50" hai1="47,49,55,128,88,98,20,67,127,8,0,135,118" hai2="113,95,43,28,57,48,41,129,107,110,83,17,93" hai3="62,80,123,91,12,19,104,116,96,92,33,131,23"/><V34/><F107/><W120/><G116/><T102/><D122/><U85/><E118/><V3/><F3/><W25/><G131/><T132/><D72/><U126/><E128/><V90/><F113/><W13/><G62/><T66/><D35/><U54/><E67/><V11/><F129/><W9/><G104/><T119/><D40/><N who="2" m="15434" /><F34/><W56/><G56/><N who="0" m="37223" /><D119/><U4/><E135/><N who="0" m="51753" /><D124/><N who="1" m="47659" /><E20/><V108/><F28/><W69/><G69/><T18/><D84/><U82/><E55/><N who="2" m="31975" /><F83/><W5/><G80/><T99/><D102/><U42/><E42/><V44/><F44/><W133/><G133/><T26/><D2/><U87/><E87/><V53/><F90/><W24/><G33/><T101/><D101/><U76/><E98/><V86/><F86/><W74/><G74/><T105/><D105/><U46/><E46/><V68/><F53/><W100/><G100/><T30/><D99/><U36/><E36/><V39/><F68/><W16/><G120/><T31/><D97/><U64/><E64/><V111/><F39/><W21/><G123/><T14/><D26/><AGARI ba="0,0" hai="5,9,12,13,16,19,21,23,24,25,26,91,92,96" machi="26" ten="30,3900,0" yaku="7,1,8,1,54,1" doraHai="77" who="3" fromWho="0" sc="339,-39,307,0,148,0,206,39" /><INIT seed="7,0,0,0,2,109" ten="300,307,148,245" oya="3" hai0="74,96,21,100,104,82,22,26,48,66,76,81,110" hai1="14,37,27,91,9,0,28,16,83,64,105,31,60" hai2="106,57,63,107,123,103,92,2,18,46,29,17,122" hai3="135,15,112,73,40,133,111,134,119,52,65,39,53"/><W59/><G73/><T23/><D110/><U131/><E105/><V128/><F2/><W126/><G112/><T117/><D117/><U7/><E37/><V12/><F29/><W61/><G119/><T13/><D82/><U38/><E38/><V94/><F46/><N who="3" m="23839" /><G111/><T6/><D66/><U102/><E102/><V11/><F103/><W125/><G15/><T47/><D6/><U84/><E27/><V71/><F71/><W88/><G88/><T44/><D13/><U58/><E131/><V77/><F128/><W30/><G30/><T34/><D34/><U113/><E113/><V114/><F114/><W49/><G53/><T20/><REACH who="0" step="1"/><D48/><REACH who="0" ten="290,307,148,245" step="2"/><U87/><E87/><V4/><F77/><W25/><G25/><T10/><D10/><AGARI ba="0,1" hai="0,7,9,10,14,16,28,31,58,60,64,83,84,91" machi="10" ten="30,2000,0" yaku="7,1,54,1" doraHai="109" who="1" fromWho="0" sc="290,-20,307,30,148,0,245,0" owari="270,7.0,337,43.0,148,-35.0,245,-15.0" /></mjloggm>