<mjloggm ver="2.3"><GO type="41" lobby="0"/><UN n0="%70%6C%65%75%76%6F%69%72" n1="%E5%B0%B1%E6%B4%BB%E7%94%9F%40%E5%B7%9D%E6%9D%91%E8%BB%8D%E5%9B%A3" n2="%EF%BC%A1%EF%BC%AF" n3="%E3%81%84%E3%81%AC%E3%81%8B%E3%81%84" dan="13,14,14,14" rate="1825.41,1933.31,1950.69,1875.57" sx="M,M,M,M"/><TAIKYOKU oya="0"/><INIT seed="0,0,0,3,0,133" ten="250,250,250,250" oya="0" hai0="66,39,53,4,129,52,2,5,77,88,81,23,128" hai1="96,114,78,18,91,67,120,35,34,47,103,93,75" hai2="119,58,79,98,134,24,70,56,132,89,25,45,10" hai3="74,105,63,37,84,72,92,130,20,40,36,86,69"/><T107/><D39/><U85/><E120/><V97/><F10/><W21/><G105/><T54/><D107/><U135/><E114/><V50/><F70/><W106/><G106/><T49/><D66/><U14/><E135/><N who="2" m="51755" /><F79/><W65/><G130/><N who="0" m="50283" /><D2/><U31/><E67/><V109/><F109/><W80/><G92/><T13/><D77/><U115/><E115/><V7/><F7/><W11/><G11/><T127/><D127/><U29/><E78/><V76/><F76/><W61/><G65/><T30/><D49/><U38/><E75/><V113/><F119/><W94/><G94/><T68/><D68/><U59/><E59/><N who="2" m="22571" /><F89/><W71/><G80/><T101/><D101/><U8/><E35/><V32/><F113/><W48/><G48/><T9/><D30/><U73/><E34/><V44/><F32/><W42/><AGARI ba="0,0" hai="20,21,36,37,40,42,61,63,69,71,72,74,84,86" machi="42" ten="25,3200,0" yaku="0,1,22,2" doraHai="133" who="3" fromWho="3" sc="250,-16,250,-8,250,-8,250,32" /><INIT seed="1,0,0,3,1,79" ten="234,242,242,282" oya="1" hai0="20,26,94,127,110,13,62,123,23,113,12,34,45" hai1="0,85,132,54,56,84,80,44,105,92,36,65,118" hai2="107,102,39,16,96,37,128,103,131,43,28,10,98" hai3="90,14,108,57,68,7,117,6,88,2,111,24,59"/><U32/><E118/><V97/><F28/><W121/><G117/><T46/><D113/><U73/><E105/><V19/><F43/><W15/><G121/><T86/><D123/><U50/><E32/><V72/><F72/><W109/><G68/><T126/><D110/><U40/><E0/><V42/><F42/><W116/><G116/><T41/><D34/><U91/><E132/><V71/><F71/><W52/><G24/><T66/><D86/><U87/><E65/><V17/><F10/><W89/><G2/><T21/><D94/><U114/><E114/><V53/><F53/><W70/><G70/><T76/><D76/><U130/><E130/><V74/><F74/><W93/><G93/><T27/><D62/><U69/><E69/><V64/><F64/><W78/><G78/><T122/><D66/><U58/><E73/><V47/><F47/><N who="0" m="17930" /><D122/><U33/><E33/><V81/><F81/><W18/><G18/><T99/><D99/><U75/><E75/><V124/><F124/><N who="0" m="47658" /><D41/><U119/><E119/><V11/><F11/><W31/><G31/><T38/><D38/><U55/><REACH who="1" step="1"/><E92/><REACH who="1" ten="234,232,242,282" step="2"/><V129/><REACH who="2" step="1"/><F107/><REACH who="2" ten="234,232,232,282" step="2"/><W3/><G3/><T30/><D30/><U35/><E35/><V8/><F8/><W5/><REACH who="3" step="1"/><G52/><REACH who="3" ten="234,232,232,272" step="2"/><T135/><D135/><U83/><E83/><V4/><F4/><W48/><G48/><AGARI ba="0,3" hai="36,40,44,48,50,54,55,56,58,80,84,85,87,91" machi="48" ten="30,11600,0" yaku="1,1,7,1,9,1,52,1,53,0" doraHai="79" doraHaiUra="106" who="1" fromWho="3" sc="234,0,232,146,232,0,272,-116" /><INIT seed="1,1,0,3,3,13" ten="234,378,232,156" oya="1" hai0="27,69,37,89,103,40,5,128,104,127,129,7,4" hai1="47,57,38,31,108,105,122,61,96,87,20,66,75" hai2="132,123,15,43,124,33,10,80,107,83,35,60,102" hai3="62,67,39,55,68,2,79,109,78,135,29,130,26"/><U28/><E75/><V74/><F132/><W88/><G135/><T46/><D69/><U92/><E122/><V52/><F43/><W114/><G114/><T24/><D127/><U85/><E105/><V16/><F123/><W71/><G130/><N who="0" m="50283" /><D89/><U58/><E108/><V32/><F124/><W25/><G109/><T53/><D53/><U73/><E73/><V48/><F74/><W112/><G112/><T3/><D3/><U119/><E119/><V51/><F51/><W8/><G26/><T0/><D0/><U34/><E34/><V63/><F102/><W82/><G39/><T97/><AGARI ba="1,0" hai="4,5,7,24,27,37,40,46,97,103,104" m="50283" machi="97" ten="40,1500,0" yaku="19,1" doraHai="13" who="0" fromWho="0" sc="234,18,378,-8,232,-5,156,-5" /><INIT seed="2,0,0,3,3,114" ten="252,370,227,151" oya="2" hai0="106,135,126,56,125,71,18,63,133,21,59,134,131" hai1="24,132,76,3,82,39,70,32,102,33,27,75,103" hai2="79,4,48,54,52,86,9,61,98,49,77,51,5" hai3="43,87,81,58,116,99,53,47,85,46,107,8,96"/><V6/><F9/><W115/><G115/><T73/><D106/><U22/><E70/><V93/><F61/><W78/><G107/><T37/><D73/><U123/><E123/><V38/><F38/><W62/><G116/><T120/><D120/><U121/><E121/><V72/><F72/><W1/><G47/><T122/><D122/><U20/><E39/><V40/><F40/><W50/><G1/><T10/><D37/><U57/><E3/><V35/><F35/><W90/><REACH who="3" step="1"/><G8/><REACH who="3" ten="252,370,227,141" step="2"/><T26/><D10/><U74/><E132/><V89/><REACH who="2" step="1"/><F98/><REACH who="2" ten="252,370,217,141" step="2"/><W67/><G67/><N who="0" m="41471" /><D131/><U11/><E33/><V129/><F129/><W118/><G118/><T68/><D68/><U105/><E32/><V34/><F34/><W60/><G60/><T97/><D97/><U127/><E127/><AGARI ba="0,2" hai="18,21,26,56,59,125,126,127,133,134,135" m="41471" machi="127" ten="40,2600,0" yaku="18,1,20,1" doraHai="114" who="0" fromWho="1" sc="252,46,370,-26,217,0,141,0" /><INIT seed="3,0,0,3,2,15" ten="298,344,217,141" oya="3" hai0="132,24,131,104,98,10,9,46,0,64,127,48,5" hai1="91,1,133,66,119,12,122,60,23,100,28,17,94" hai2="71,57,85,97,43,65,16,89,69,55,6,30,56" hai3="107,129,77,109,53,115,120,84,113,117,101,7,70"/><W102/><G70/><T36/><D127/><U61/><E1/><V39/><F6/><W103/><G120/><T20/><D131/><U128/><E119/><V42/><F39/><W35/><G117/><T40/><D132/><U96/><E122/><V18/><F30/><W11/><G129/><T52/><D64/><U80/><E128/><V99/><F65/><W125/><G125/><T126/><D126/><U19/><E133/><V110/><F110/><W41/><G109/><T90/><D5/><U8/><E28/><V75/><F75/><W108/><G108/><T114/><D0/><U44/><E44/><V67/><F67/><W59/><G107/><T81/><D114/><U88/><E80/><V26/><F26/><W33/><G41/><N who="2" m="15369" /><F57/><W121/><G121/><T73/><D73/><U50/><E50/><N who="2" m="30839" /><F69/><W78/><G115/><T14/><D14/><U58/><E61/><V32/><F32/><W123/><G123/><T4/><D4/><U134/><E134/><V49/><F49/><W3/><G113/><T87/><D104/><U45/><E45/><V31/><F31/><W68/><G68/><T79/><D79/><U82/><E82/><N who="2" m="49335" /><F71/><W86/><G35/><T51/><D36/><U112/><E112/><V118/><F118/><W21/><G33/><T116/><D98/><AGARI ba="0,0" hai="16,18,97,98,99" m="49335,30839,15369" machi="98" ten="30,7700,0" yaku="8,1,52,2,54,1" doraHai="15" who="2" fromWho="0" sc="298,-77,344,0,217,77,141,0" /><INIT seed="4,0,0,5,5,47" ten="221,344,294,141" oya="0" hai0="16,10,54,103,32,131,36,87,17,85,59,97,126" hai1="122,15,46,83,104,28,21,39,40,22,101,18,84" hai2="76,35,89,9,56,20,135,127,73,12,118,133,5" hai3="2,68,29,52,7,105,132,70,86,114,14,60,82"/><T53/><D32/><U65/><E122/><V6/><F73/><W121/><G121/><T43/><D126/><U111/><E111/><V115/><F76/><W45/><G2/><T19/><D131/><U124/><E124/><V119/><F127/><W38/><G132/><N who="2" m="50761" /><F89/><W26/><G114/><T88/><D10/><U33/><E33/><V27/><F115/><W1/><G1/><T58/><D43/><U41/><E41/><V67/><F67/><W113/><G113/><T134/><D36/><U94/><E104/><V106/><F106/><W4/><G105/><T69/><D69/><U80/><E65/><V128/><F35/><W129/><G129/><T90/><D134/><U78/><E83/><V93/><F56/><N who="0" m="21546" /><D103/><U66/><E66/><V123/><F93/><W24/><G60/><T34/><D97/><U120/><E120/><V64/><F64/><W30/><G38/><T98/><D98/><U48/><E39/><V117/><F128/><W61/><G61/><T108/><D108/><U96/><E28/><N who="3" m="10858" /><G70/><T51/><D34/><U112/><E112/><V13/><F123/><W81/><G68/><T25/><D25/><N who="3" m="9833" /><G82/><N who="0" m="49207" /><D51/><U102/><E102/><V55/><F27/><W44/><G44/><T8/><D8/><AGARI ba="0,0" hai="8,15,18,21,22,40,46,48,78,80,84,94,96,101" machi="8" ten="30,3900,0" yaku="7,1,8,1,52,1" doraHai="47" who="1" fromWho="0" sc="221,-39,344,39,294,0,141,0" /><INIT seed="5,0,0,2,3,14" ten="182,383,294,141" oya="1" hai0="120,111,91,57,50,44,64,112,11,40,35,94,87" hai1="118,102,131,70,88,68,135,60,25,113,9,104,20" hai2="130,65,23,67,109,122,16,116,103,117,90,32,84" hai3="53,86,110,31,18,107,81,2,75,100,19,76,54"/><U71/><E118/><V61/><F32/><W29/><G110/><T125/><D111/><U7/><E113/><V83/><F122/><W17/><G2/><T43/><D120/><U24/><E131/><V101/><F130/><W124/><G124/><T30/><D125/><U10/><E135/><V66/><F109/><W97/><G54/><T49/><D112/><U52/><E104/><V6/><F6/><W123/><G123/><T28/><D35/><U134/><E102/><V45/><F45/><W3/><G3/><T41/><D11/><U82/><E134/><V15/><REACH who="2" step="1"/><F61/><REACH who="2" ten="182,383,284,141" step="2"/><W33/><G33/><T51/><D44/><U98/><E60/><AGARI ba="0,1" hai="28,30,40,41,43,49,50,51,57,60,64,87,91,94" machi="60" ten="40,1300,0" yaku="8,1" doraHai="14" who="0" fromWho="1" sc="182,23,383,-13,284,0,141,0" /><INIT seed="6,0,0,3,3,109" ten="205,370,284,141" oya="2" hai0="126,120,52,56,39,70,3,59,46,68,77,32,41" hai1="116,134,42,64,110,91,83,24,90,54,127,11,84" hai2="22,104,130,45,40,31,37,108,100,107,89,23,81" hai3="51,25,10,71,119,131,95,6,122,106,61,79,85"/><V74/><F130/><W53/><G131/><T82/><D32/><U13/><E110/><V19/><F108/><W121/><G119/><T34/><D34/><U35/><E116/><V87/><F74/><W99/><G106/><T101/><D3/><U27/><E134/><V12/><F100/><W96/><G25/><N who="1" m="9802" /><E35/><V0/><F0/><W124/><G124/><T8/><D101/><U62/><E42/><V21/><REACH who="2" step="1"/><F31/><REACH who="2" ten="205,370,274,141" step="2"/><W129/><G129/><T17/><D120/><U92/><E127/><V26/><F26/><W2/><G122/><T58/><D126/><U78/><E64/><V86/><F86/><W14/><G121/><T9/><D17/><N who="1" m="8383" /><E92/><V47/><F47/><W20/><G2/><T111/><D111/><U113/><E113/><V38/><F38/><W57/><G99/><T105/><D105/><AGARI ba="0,1" hai="12,19,21,22,23,37,40,45,81,87,89,104,105,107" machi="105" ten="40,2000,0" yaku="1,1,53,0" doraHai="109" doraHaiUra="1" who="2" fromWho="0" sc="205,-20,370,0,274,30,141,0" /><INIT seed="6,1,0,1,2,35" ten="185,370,304,141" oya="2" hai0="33,68,72,63,75,126,81,70,55,32,57,39,132" hai1="119,47,105,16,76,104,95,49,67,84,4,2,130" hai2="41,17,0,83,64,98,80,121,36,96,14,12,59" hai3="38,20,37,100,82,86,127,89,108,54,1,90,125"/><V23/><F121/><W7/><G108/><T5/><D39/><U62/><E119/><V109/><F36/><W43/><G100/><T3/><D126/><N who="3" m="48137" /><G20/><T134/><D32/><U73/><E73/><V11/><F41/><W88/><G54/><T107/><D33/><U46/><E130/><V61/><F0/><W65/><G65/><T60/><D107/><U51/><E4/><V77/><F109/><W34/><G34/><T123/><D123/><U24/><E2/><V30/><F30/><W99/><G38/><T44/><D81/><U28/><E28/><V103/><F103/><W40/><G99/><N who="2" m="37929" /><F77/><N who="3" m="46415" /><G37/><T58/><D44/><U66/><E104/><V92/><F92/><W6/><G6/><AGARI ba="1,0" hai="6,11,12,14,17,23,59,61,64,80,83" m="37929" machi="6" ten="30,1500,0" yaku="8,1" doraHai="35" who="2" fromWho="3" sc="185,0,370,0,304,18,141,-18" /><INIT seed="6,2,0,0,2,70" ten="185,370,322,123" oya="2" hai0="79,11,34,88,98,30,45,64,127,51,96,75,95" hai1="2,115,43,9,49,17,19,39,8,32,123,69,6" hai2="106,4,60,108,128,66,61,99,124,73,109,24,134" hai3="21,47,5,83,22,102,57,105,3,91,104,29,80"/><V44/><F73/><W28/><G57/><T86/><D127/><U94/><E69/><V38/><F4/><W81/><G47/><T126/><D126/><U84/><E39/><V130/><F24/><W114/><G114/><T121/><D121/><U31/><E115/><V122/><F122/><W62/><G62/><N who="2" m="24169" /><F66/><W131/><G131/><N who="2" m="50217" /><F134/><W41/><G41/><T50/><D64/><U10/><E123/><V33/><F33/><W132/><G132/><T117/><D117/><U58/><E32/><V120/><F120/><W54/><G54/><T85/><D75/><U100/><E31/><V16/><F16/><N who="1" m="6217" /><E2/><V90/><F90/><W110/><G91/><T101/><D34/><U87/><E6/><V46/><F124/><W0/><G5/><T113/><D30/><U107/><E107/><V56/><F56/><W59/><G59/><T27/><D113/><U42/><E58/><V103/><F46/><W92/><G92/><N who="0" m="58567" /><D27/><U72/><E72/><V135/><F135/><W36/><G81/><N who="0" m="47295" /><D11/><U78/><E78/><V65/><F65/><W129/><G129/><T23/><D23/><U74/><E74/><V116/><F116/><W89/><G89/><N who="0" m="55407" /><D45/><N who="1" m="25783" /><E43/><AGARI ba="2,0" hai="38,43,44,99,103,106,108,109" m="50217,24169" machi="43" ten="30,2900,0" yaku="19,1,52,1" doraHai="70" who="2" fromWho="1" sc="185,0,370,-35,322,35,123,0" /><INIT seed="6,3,0,2,3,92" ten="185,335,357,123" oya="2" hai0="81,83,44,76,15,129,93,1,112,32,105,51,82" hai1="22,123,104,73,110,130,34,0,131,68,16,98,67" hai2="19,13,91,62,30,26,95,119,75,50,86,117,78" hai3="69,115,106,52,8,12,46,71,56,31,29,124,33"/><V49/><F75/><W18/><G124/><T25/><D112/><U6/><E110/><V116/><F78/><W27/><G115/><T42/><D1/><U7/><E73/><V54/><F62/><W17/><G31/><T14/><D105/><U125/><E125/><V113/><F113/><W41/><G106/><T2/><D2/><U65/><E123/><V60/><F60/><W20/><G41/><T89/><D129/><N who="1" m="49163" /><E34/><V77/><F77/><W103/><G103/><T122/><D122/><U66/><E68/><V120/><F120/><W90/><G46/><T134/><D134/><U59/><E59/><V111/><F111/><W64/><G64/><T72/><D32/><U57/><E57/><V63/><F63/><W11/><G90/><T97/><D72/><U121/><E0/><V100/><F100/><W38/><G38/><T24/><D76/><U109/><E109/><V10/><REACH who="2" step="1"/><F54/><REACH who="2" ten="185,335,347,123" step="2"/><W53/><G53/><T47/><D44/><U40/><E121/><V35/><AGARI ba="3,1" hai="10,13,19,26,30,35,49,50,86,91,95,116,117,119" machi="35" ten="30,6000,0" yaku="1,1,2,1,0,1,53,0" doraHai="92" doraHaiUra="102" who="2" fromWho="2" sc="185,-23,335,-23,347,79,123,-23" /><INIT seed="6,4,0,2,5,113" ten="162,312,426,100" oya="2" hai0="22,77,41,79,90,33,111,52,16,131,38,98,94" hai1="88,82,135,60,48,91,129,18,105,30,107,116,15" hai2="85,119,75,17,70,39,23,46,101,31,64,13,134" hai3="28,115,68,25,63,114,55,47,59,58,125,83,56"/><V104/><F75/><W6/><G6/><T0/><D0/><U65/><E129/><V87/><F119/><W86/><G125/><T14/><D131/><U95/><E116/><V92/><F104/><W89/><G68/><T66/><D111/><U10/><E135/><V40/><F134/><W4/><G4/><T27/><D66/><U53/><E30/><V37/><F37/><W21/><REACH who="3" step="1"/><G47/><REACH who="3" ten="162,312,426,90" step="2"/><T76/><D38/><U71/><E107/><V8/><F70/><W2/><G2/><T120/><D120/><U42/><E105/><V72/><F72/><W103/><G103/><T19/><D33/><U26/><E71/><V81/><F64/><W51/><G51/><T117/><D41/><U36/><E65/><V1/><F1/><W7/><G7/><T67/><D67/><U100/><E48/><V62/><F62/><W35/><G35/><T123/><D123/><U54/><E100/><V121/><F121/><W43/><G43/><T93/><D117/><U29/><E42/><V132/><F132/><W128/><G128/><T3/><D3/><U127/><E127/><V9/><F101/><W20/><G20/><N who="0" m="11287" /><D93/><U108/><E95/><V74/><F92/><W122/><G122/><T130/><D130/><U80/><E108/><V126/><F126/><W61/><G61/><T106/><D106/><U45/><E36/><V99/><F46/><W112/><AGARI ba="4,1" hai="21,25,28,55,56,58,59,63,83,86,89,112,114,115" machi="112" ten="30,7900,0" yaku="1,1,0,1,15,1,11,1,53,0" doraHai="113" doraHaiUra="97" who="3" fromWho="3" sc="162,-24,312,-24,426,-43,90,101" /><INIT seed="7,0,0,2,5,42" ten="138,288,383,191" oya="3" hai0="38,87,48,29,92,69,102,7,2,90,95,5,120" hai1="52,107,45,101,4,36,37,10,58,19,16,66,103" hai2="83,111,110,64,77,17,135,24,126,21,8,70,28" hai3="22,68,26,59,104,109,125,65,78,61,75,46,54"/><W18/><G125/><T108/><D108/><U3/><E66/><V93/><F126/><W127/><G127/><T34/><D120/><U94/><E107/><V40/><F135/><W85/><G109/><T35/><D69/><U130/><E130/><V63/><F40/><W57/><G104/><T56/><D38/><U134/><E134/><V123/><F123/><W9/><G75/><T51/><D2/><U118/><E118/><V20/><F8/><W33/><G33/><T114/><D114/><U1/><E1/><V89/><F93/><W49/><REACH who="3" step="1"/><G9/><REACH who="3" ten="138,288,383,181" step="2"/><T100/><D29/><U73/><E73/><V55/><F111/><W132/><G132/><T31/><D31/><U62/><E37/><V44/><F110/><W91/><G91/><T0/><D90/><U23/><E101/><V86/><F89/><W115/><G115/><T131/><D0/><U60/><E103/><V13/><F21/><W117/><G117/><T47/><D131/><U76/><E76/><V80/><F28/><W32/><G32/><T43/><D87/><U15/><E23/><V25/><F86/><W84/><G84/><T82/><D43/><U129/><E10/><V79/><F79/><W113/><G113/><T116/><D82/><AGARI ba="0,1" hai="18,22,26,46,49,54,57,59,61,65,68,78,82,85" machi="82" ten="40,3900,0" yaku="1,1,52,1,53,0" doraHai="42" doraHaiUra="105" who="3" fromWho="0" sc="138,-39,288,0,383,0,181,49" /><INIT seed="7,1,0,1,2,71" ten="99,288,383,230" oya="3" hai0="64,51,21,2,107,6,118,82,102,104,47,84,15" hai1="89,37,113,11,111,114,44,83,99,134,40,52,132" hai2="125,19,54,41,59,57,4,73,119,120,108,115,10" hai3="65,74,33,31,38,79,20,123,32,25,43,50,58"/><W49/><G123/><T135/><D118/><U68/><E68/><V16/><F73/><W94/><G94/><T127/><D135/><N who="1" m="51755" /><E11/><V62/><F108/><W28/><G38/><T23/><D127/><U98/><E83/><V14/><F119/><W116/><G116/><T3/><D102/><U121/><E121/><V13/><F125/><W81/><G43/><T36/><D64/><U85/><E111/><V133/><F115/><N who="1" m="44041" /><E85/><V35/><F35/><W8/><G8/><T46/><D6/><U24/><E24/><V72/><F72/><W9/><G9/><T110/><D15/><U12/><E12/><V48/><F120/><W90/><G90/><T101/><D110/><U128/><E89/><V5/><F133/><W124/><G124/><T130/><D101/><U103/><E128/><V63/><F13/><W1/><G1/><T56/><D84/><U42/><E42/><V122/><F122/><W17/><G65/><T78/><D78/><U112/><E103/><V7/><F41/><W69/><G69/><T131/><D82/><U22/><E22/><V88/><F88/><W0/><G0/><T26/><D51/><N who="1" m="28775" /><E112/><V53/><F48/><W75/><G75/><T60/><D26/><U100/><E100/><V29/><F29/><N who="3" m="11339" /><G49/><T106/><D106/><U117/><E117/><V93/><F93/><W66/><G66/><T92/><D92/><U97/><E40/><V34/><F34/><W109/><G109/><T45/><D56/><U129/><E129/><N who="0" m="49161" /><D60/><U95/><E95/><V91/><F91/><W67/><G67/><T77/><D77/><U126/><E126/><RYUUKYOKU ba="1,0" sc="99,-30,288,10,383,10,230,10" hai1="37,97,98,99" hai2="4,5,7,10,14,16,19,53,54,57,59,62,63" hai3="17,20,25,32,33,50,58,74,79,81" /><INIT seed="7,2,0,5,4,90" ten="69,298,393,240" oya="3" hai0="87,50,26,72,25,82,7,110,10,17,97,59,40" hai1="23,24,32,41,30,86,79,49,75,8,116,11,93" hai2="99,85,71,100,28,133,89,135,92,63,121,35,42" hai3="69,120,76,70,27,130,66,3,112,29,101,84,55"/><W47/><G120/><T38/><D38/><U129/><BYE who="0" /><E116/><V58/><F42/><W131/><G3/><T1/><D1/><U15/><E129/><N who="3" m="49162" /><G112/><T73/><D73/><U78/><E75/><V81/><F71/><UN n0="%70%6C%65%75%76%6F%69%72" /><W48/><G101/><T33/><D110/><U119/><E32/><V19/><F121/><W12/><G66/><T20/><D72/><U122/><E122/><V22/><F28/><W123/><G123/><T104/><D104/><U102/><E119/><V5/><F35/><N who="3" m="20927" /><G12/><N who="0" m="5215" /><D97/><N who="1" m="59695" /><E86/><V21/><F5/><W113/><G113/><T111/><D111/><U45/><E11/><V83/><F19/><AGARI ba="2,0" hai="8,15,19,23,24,30,41,45,49,78,79" m="59695" machi="19" ten="30,2000,0" yaku="8,1,52,1" doraHai="90" who="1" fromWho="2" sc="69,0,298,26,393,-26,240,0" owari="69,-43.0,324,12.0,367,47.0,240,-16.0" /></mjloggm>