<mjloggm ver="2.3"><GO type="97" lobby="0"/><UN n0="%74%65%6E%65%72%74%6B" n1="%6B%6F%79%6F%35%31%33" n2="%E5%B0%B1%E6%B4%BB%E7%94%9F%40%E5%B7%9D%E6%9D%91%E8%BB%8D%E5%9B%A3" n3="%43%68%61%74%65%6C%65%74" dan="15,14,15,13" rate="1993.87,1853.25,2018.41,1834.94" sx="M,M,M,M"/><TAIKYOKU oya="0"/><INIT seed="0,0,0,0,1,117" ten="250,250,250,250" oya="0" hai0="12,90,27,51,6,17,95,3,102,56,10,43,46" hai1="62,121,128,39,124,45,76,73,110,2,35,58,101" hai2="40,132,21,115,23,9,15,122,31,108,68,63,67" hai3="133,48,114,97,25,66,109,30,111,131,105,34,100"/><T103/><D56/><U0/><E35/><V65/><F115/><W24/><G114/><T64/><D64/><U129/><E110/><N who="3" m="41994" /><G48/><T59/><D59/><U118/><E118/><V11/><F108/><W1/><G25/><T19/><D27/><U69/><E69/><V96/><F67/><W112/><G112/><T119/><D119/><U85/><E73/><V120/><F132/><W83/><G133/><T49/><D49/><U104/><E124/><V75/><F75/><W106/><G131/><T4/><D4/><U86/><E101/><V20/><F31/><W52/><G52/><T98/><REACH who="0" step="1"/><D19/><REACH who="0" ten="240,250,250,250" step="2"/><U28/><E128/><V89/><F40/><W7/><G66/><T94/><D94/><U77/><E129/><V42/><F42/><W123/><G83/><T78/><D78/><U29/><E76/><V70/><F70/><W53/><G53/><T50/><D50/><U37/><E77/><V72/><F68/><W130/><G130/><T79/><D79/><U134/><E37/><V74/><F65/><W107/><G7/><T44/><D44/><U26/><E45/><V82/><F63/><W71/><G1/><T38/><D38/><U55/><E0/><V57/><F74/><W33/><G71/><T125/><D125/><U88/><E2/><V5/><F72/><W81/><G34/><T13/><D13/><U113/><E113/><V16/><F57/><W80/><G81/><T47/><D47/><U32/><E58/><V54/><F54/><W8/><G80/><T14/><D14/><U18/><E55/><V84/><F96/><W93/><G8/><AGARI ba="0,1" hai="3,6,8,10,12,17,43,46,51,90,95,98,102,103" machi="8" ten="30,11600,0" yaku="1,1,6,1,7,1,53,1" doraHai="117" doraHaiUra="91" who="0" fromWho="3" sc="240,126,250,0,250,0,250,-116" /><INIT seed="0,1,0,3,2,92" ten="366,250,250,134" oya="0" hai0="32,106,93,113,71,102,8,48,15,33,34,91,131" hai1="73,67,0,11,104,56,53,80,47,44,50,87,122" hai2="40,97,36,25,10,31,119,6,19,78,23,126,94" hai3="61,134,72,3,98,14,74,89,109,37,96,43,28"/><T65/><D113/><U5/><E122/><V129/><F119/><W76/><G3/><T130/><D102/><U135/><E104/><V99/><F126/><W59/><G28/><T123/><D106/><U2/><E73/><V60/><F129/><N who="0" m="49162" /><D123/><U112/><E135/><V111/><F111/><W22/><G134/><T79/><D79/><U110/><E110/><V77/><F36/><W16/><G109/><T20/><D20/><U95/><E112/><V120/><F40/><W132/><G132/><T69/><D48/><U85/><E0/><V39/><F39/><W127/><G127/><T54/><D54/><U30/><E30/><V45/><F45/><W68/><G68/><T105/><D105/><U51/><E95/><V103/><F120/><W101/><G76/><T108/><D65/><U4/><E4/><V24/><F60/><W26/><G14/><T13/><D108/><U82/><E67/><V58/><F58/><W63/><G63/><T42/><D42/><U38/><E38/><V29/><F99/><W107/><G43/><T27/><D27/><U41/><REACH who="1" step="1"/><E56/><REACH who="1" ten="366,240,250,134" step="2"/><V57/><F57/><W88/><G37/><T117/><D69/><U114/><E114/><V21/><F19/><W100/><G100/><T81/><D93/><U7/><E7/><V84/><F6/><W121/><G121/><T86/><D71/><U52/><E52/><V125/><F125/><W118/><G118/><T75/><D117/><U66/><E66/><V133/><F31/><W64/><REACH who="3" step="1"/><G89/><REACH who="3" ten="366,240,250,124" step="2"/><T49/><D91/><U46/><E46/><V9/><F133/><W128/><G128/><RYUUKYOKU ba="1,2" sc="366,-15,240,15,250,-15,124,15" hai1="2,5,11,41,44,47,50,51,53,80,82,85,87" hai3="16,22,26,59,61,64,72,74,88,96,98,101,107" /><INIT seed="1,2,2,0,4,23" ten="351,255,235,139" oya="1" hai0="85,115,2,117,135,84,13,111,54,82,50,6,55" hai1="92,123,98,97,99,75,79,103,35,5,89,70,110" hai2="0,56,28,18,48,32,81,90,126,107,131,40,134" hai3="113,100,101,122,21,96,45,49,69,114,44,52,95"/><U61/><E35/><V11/><F107/><W93/><G122/><T64/><D115/><U16/><E123/><V68/><F68/><W15/><G69/><T76/><D111/><U83/><E5/><V88/><F131/><W127/><G127/><T72/><D117/><U105/><E70/><V4/><F126/><W31/><G45/><T104/><D104/><U12/><E61/><V94/><F134/><W60/><G60/><T128/><D2/><U1/><E1/><V24/><F81/><W9/><G9/><N who="0" m="4279" /><D72/><U14/><E14/><V19/><F90/><W124/><G124/><T41/><D128/><U66/><E66/><V36/><F36/><W29/><G29/><T121/><D135/><U53/><E53/><V73/><F73/><W74/><G74/><T20/><D64/><U132/><E132/><V27/><F27/><W133/><G133/><T108/><D108/><U118/><E118/><V25/><F25/><W10/><G10/><T109/><D121/><U8/><E110/><V87/><REACH who="2" step="1"/><F56/><REACH who="2" ten="351,255,225,139" step="2"/><W63/><G63/><T51/><D82/><U102/><REACH who="1" step="1"/><E103/><REACH who="1" ten="351,245,225,139" step="2"/><V37/><F37/><W59/><G44/><AGARI ba="2,4" hai="0,4,11,18,19,24,28,32,40,44,48,87,88,94" machi="44" ten="40,8000,1" yaku="1,1,52,1,54,1,53,1" doraHai="23" doraHaiUra="86" who="2" fromWho="3" sc="351,0,245,0,225,126,139,-86" /><INIT seed="2,0,0,1,0,103" ten="351,245,351,53" oya="2" hai0="124,7,84,52,55,48,116,5,51,133,75,31,83" hai1="120,110,0,23,35,10,6,57,21,92,38,127,14" hai2="1,61,108,91,93,100,117,16,76,135,85,69,106" hai3="62,60,11,42,82,131,22,15,78,56,43,72,90"/><V126/><F117/><W73/><G131/><T101/><D116/><U104/><E38/><V17/><F1/><W37/><G62/><T107/><D124/><U105/><E127/><V13/><F126/><W20/><G73/><T2/><D133/><U58/><E35/><V74/><F135/><W63/><G63/><T9/><D75/><U94/><E110/><V19/><F108/><W45/><G43/><T130/><D130/><U34/><E34/><V118/><F118/><W121/><G90/><T102/><D31/><U49/><E120/><V4/><F4/><N who="0" m="1610" /><D9/><U68/><E68/><V27/><F27/><W70/><G70/><T26/><D107/><U18/><E23/><V28/><F28/><W88/><G121/><T125/><D26/><U53/><REACH who="1" step="1"/><E58/><REACH who="1" ten="351,235,351,53" step="2"/><V47/><F69/><W65/><REACH who="3" step="1"/><G88/><REACH who="3" ten="351,235,351,43" step="2"/><T129/><D125/><U96/><E96/><V3/><F91/><W86/><G86/><T59/><D129/><U29/><E29/><V134/><F85/><W113/><G113/><T81/><D84/><U24/><E24/><V98/><F134/><W115/><G115/><T54/><D101/><U67/><E67/><V71/><F100/><W99/><G99/><T132/><D102/><U89/><E89/><V80/><F98/><W109/><G109/><T40/><D132/><U25/><E25/><V95/><F71/><W44/><G44/><T12/><D59/><U41/><E41/><V79/><F47/><W66/><G66/><T97/><D40/><U111/><E111/><V128/><F128/><W32/><G32/><T119/><D97/><U64/><E64/><RYUUKYOKU ba="0,2" sc="351,-15,235,15,351,-15,43,15" hai1="0,6,10,14,18,21,49,53,57,92,94,104,105" hai3="11,15,20,22,37,42,45,56,60,65,72,78,82" /><INIT seed="3,1,2,2,1,60" ten="336,250,336,58" oya="3" hai0="126,112,47,76,14,131,134,32,91,49,15,31,73" hai1="13,100,46,71,130,105,0,18,57,77,66,23,135" hai2="96,37,106,123,84,122,97,85,54,5,9,87,59" hai3="107,99,44,65,40,104,133,12,51,20,83,124,26"/><W72/><G133/><T36/><D134/><U8/><E135/><V116/><F37/><W4/><G124/><T29/><D126/><U21/><E130/><V61/><F116/><W121/><G121/><N who="2" m="46089" /><F106/><W52/><G72/><T101/><D36/><U108/><E108/><V75/><F75/><W50/><G83/><T68/><D131/><U125/><E125/><V56/><F56/><W88/><G104/><T10/><D68/><U69/><E77/><V103/><F103/><W90/><G107/><T127/><D127/><U34/><E34/><V53/><F53/><W117/><G117/><T120/><D120/><U132/><E100/><V1/><AGARI ba="1,2" hai="1,5,9,54,59,61,84,85,87,96,97" m="46089" machi="1" ten="30,1100,0" yaku="13,1" doraHai="60" who="2" fromWho="2" sc="336,-4,250,-4,336,34,58,-6" owari="332,13.0,246,-15.0,370,47.0,52,-45.0" /></mjloggm>