<mjloggm ver="2.3"><GO type="169" lobby="0"/><UN n0="%C2%B4%E3%83%BB%CF%89%E3%83%BB%29%79%EF%BC%8D%7E" n1="%E5%B0%B1%E6%B4%BB%E7%94%9F%40%E5%B7%9D%E6%9D%91%E8%BB%8D%E5%9B%A3" n2="%E3%82%86%E3%81%8D%E3%81%AE%E3%81%9D%E3%82%89" n3="%E3%83%96%E3%83%A9%E3%83%95%E3%83%BB%4E%61%76%69" dan="16,16,16,16" rate="2112.32,2077.70,2041.27,2155.75" sx="M,M,F,M"/><TAIKYOKU oya="0"/><INIT seed="0,0,0,1,1,5" ten="250,250,250,250" oya="0" hai0="24,124,113,85,23,86,38,94,2,135,44,116,11" hai1="98,108,82,27,80,122,67,41,49,34,30,53,78" hai2="132,121,7,109,126,125,62,50,77,134,104,88,33" hai3="91,130,36,59,79,75,95,12,83,43,29,76,55"/><T84/><D116/><U72/><E122/><V115/><F121/><W64/><G130/><T69/><D113/><U111/><E41/><V4/><F115/><W28/><G79/><T21/><D69/><U51/><E67/><V3/><F77/><W81/><G81/><T68/><D68/><U129/><E129/><V32/><F104/><W96/><G64/><T133/><D124/><N who="2" m="47722" /><F62/><W9/><G43/><N who="0" m="22647" /><D94/><U1/><E1/><V100/><F100/><W22/><G22/><T63/><D63/><U10/><E98/><V60/><F60/><W47/><G47/><T123/><D123/><U107/><E107/><V58/><F58/><W19/><REACH who="3" step="1"/><G36/><REACH who="3" ten="250,250,250,240" step="2"/><T15/><D23/><U65/><E82/><V70/><F33/><W73/><G73/><T45/><D45/><U56/><E65/><V102/><F32/><W54/><G54/><T101/><D21/><U105/><E80/><V103/><F132/><W18/><G18/><T87/><D135/><U127/><E72/><V74/><F134/><W114/><G114/><T71/><D133/><U89/><E127/><V131/><F74/><W117/><G117/><T0/><D71/><U42/><E78/><V128/><F70/><W46/><G46/><T37/><D37/><U14/><E42/><V31/><F131/><W20/><G20/><T66/><D66/><U61/><E53/><V35/><F128/><W39/><G39/><T8/><D24/><U92/><E27/><V6/><F35/><W13/><G13/><T90/><D15/><U93/><E34/><V52/><F52/><W25/><G25/><T16/><D16/><RYUUKYOKU ba="0,1" sc="250,-10,250,-10,250,-10,240,30" hai3="9,12,19,28,29,55,59,75,76,83,91,95,96" /><INIT seed="1,1,1,1,5,115" ten="240,240,240,270" oya="1" hai0="83,87,117,132,61,69,122,107,20,129,71,73,43" hai1="65,119,106,118,34,127,27,116,18,131,64,68,114" hai2="33,4,74,45,133,63,19,3,121,96,8,16,41" hai3="11,13,9,44,78,110,100,91,104,128,38,7,30"/><U28/><E114/><V56/><F121/><W77/><G110/><T98/><D73/><U40/><E131/><V24/><F133/><W54/><G128/><T124/><D129/><U2/><E127/><V42/><F74/><W12/><G30/><T112/><D112/><U85/><E106/><V31/><F96/><W23/><G23/><T14/><D132/><U75/><E75/><V60/><F60/><W135/><G135/><T108/><D108/><U86/><E2/><V35/><F35/><W59/><G100/><T37/><D124/><U72/><E72/><V103/><F103/><W76/><G91/><T134/><D134/><U1/><E1/><V36/><REACH who="2" step="1"/><F42/><REACH who="2" ten="240,240,230,270" step="2"/><W25/><G104/><T22/><D61/><U21/><E40/><V15/><F15/><W99/><G99/><T113/><D14/><U92/><E68/><V84/><F84/><W130/><G130/><T109/><D98/><U105/><E105/><V97/><F97/><W66/><G25/><T126/><D107/><U48/><E86/><V17/><F17/><W50/><G12/><T53/><D71/><U39/><E85/><V55/><AGARI ba="1,2" hai="3,4,8,16,19,24,31,33,36,41,45,55,56,63" machi="55" ten="20,5200,0" yaku="1,1,0,1,7,1,54,1,53,0" doraHai="115" doraHaiUra="46" who="2" fromWho="2" sc="240,-14,240,-27,230,75,270,-14" /><INIT seed="2,0,0,0,2,59" ten="226,213,305,256" oya="2" hai0="73,20,103,15,70,35,2,125,27,65,71,135,46" hai1="26,130,30,118,47,78,86,90,38,21,110,42,22" hai2="72,24,116,92,9,4,25,113,3,100,14,63,40" hai3="80,106,128,50,84,97,123,13,49,88,58,8,79"/><V61/><F113/><W10/><G123/><T55/><D2/><U87/><E110/><V131/><F72/><W134/><G134/><T68/><D73/><U69/><E130/><V126/><F116/><W74/><G128/><T29/><D135/><U77/><E118/><V31/><F131/><W53/><G49/><T98/><D125/><U57/><E69/><V133/><F126/><W28/><G28/><T60/><D46/><U132/><E132/><V52/><F40/><W104/><G97/><T45/><D45/><U67/><E86/><V122/><F122/><W120/><G120/><T81/><D81/><U64/><E22/><N who="2" m="15767" /><F3/><W94/><REACH who="3" step="1"/><G8/><REACH who="3" ten="226,213,305,246" step="2"/><T102/><D98/><U75/><E30/><V121/><F133/><W127/><G127/><T99/><D29/><U89/><E38/><V114/><F114/><W6/><AGARI ba="0,1" hai="6,10,13,50,53,58,74,79,80,84,88,94,104,106" machi="6" ten="20,5200,0" yaku="1,1,0,1,7,1,54,1,53,0" doraHai="59" doraHaiUra="41" who="3" fromWho="3" sc="226,-13,213,-13,305,-26,246,62" /><INIT seed="3,0,0,4,2,15" ten="213,200,279,308" oya="3" hai0="106,67,38,20,129,59,128,63,74,17,110,55,60" hai1="101,49,99,43,68,104,69,44,98,96,30,46,75" hai2="72,107,132,1,40,4,115,12,90,124,123,122,111" hai3="48,54,10,41,134,37,85,93,87,135,62,119,39"/><W34/><G119/><T77/><D110/><U28/><E75/><V120/><F111/><W70/><G34/><T84/><D38/><U26/><E30/><V79/><F115/><W78/><G10/><T80/><D106/><U130/><E130/><N who="0" m="50281" /><D74/><U7/><E7/><V23/><F132/><N who="3" m="50731" /><G41/><T71/><D20/><U57/><E57/><V66/><F124/><W64/><G93/><T116/><D17/><U105/><E46/><V6/><F107/><W94/><G94/><T118/><AGARI ba="0,0" hai="55,59,60,63,67,71,77,80,84,116,118" m="50281" machi="118" ten="30,1100,0" yaku="19,1" doraHai="15" who="0" fromWho="0" sc="213,11,200,-3,279,-3,308,-5" /><INIT seed="4,0,0,4,1,76" ten="224,197,276,303" oya="0" hai0="45,101,15,115,40,25,21,122,113,125,10,129,56" hai1="119,27,41,20,126,28,17,14,83,87,81,96,65" hai2="95,124,104,12,105,49,103,74,60,1,30,94,121" hai3="51,11,133,62,68,44,70,32,55,8,50,58,66"/><T24/><D122/><U120/><E120/><V90/><F1/><W84/><G32/><T110/><D125/><U77/><E119/><V35/><F124/><W52/><G133/><T75/><D129/><U134/><E134/><V78/><F121/><W127/><G127/><T47/><D110/><U97/><E126/><V53/><F60/><W98/><G70/><T132/><D132/><U39/><E65/><V22/><F103/><W23/><G98/><T86/><D75/><U31/><E31/><V91/><F35/><W72/><G72/><T69/><D69/><U79/><E41/><V107/><F30/><W36/><G36/><T46/><D101/><U37/><E37/><V131/><F131/><W82/><REACH who="3" step="1"/><G23/><REACH who="3" ten="224,197,276,293" step="2"/><T118/><D21/><N who="1" m="15471" /><E39/><V61/><F22/><W48/><G48/><T43/><D118/><U108/><E108/><V7/><F49/><W92/><G92/><T100/><D113/><U102/><E102/><V88/><F95/><W89/><AGARI ba="0,1" hai="8,11,44,50,51,52,55,58,62,66,68,82,84,89" machi="89" ten="20,12000,2" yaku="1,1,0,1,7,1,52,1,54,1,53,1" doraHai="76" doraHaiUra="59" who="3" fromWho="3" sc="224,-60,197,-30,276,-30,293,130" /><INIT seed="5,0,0,0,1,91" ten="164,167,246,423" oya="1" hai0="114,76,27,72,50,70,110,97,29,7,17,124,55" hai1="88,67,31,116,129,89,28,87,119,38,103,122,51" hai2="42,39,52,120,94,108,1,71,23,61,4,126,98" hai3="65,16,112,93,36,62,58,105,30,10,53,130,99"/><U121/><E38/><V60/><F120/><W128/><G105/><T64/><D110/><U104/><E67/><V15/><F108/><W90/><G36/><T106/><D114/><U34/><E34/><V14/><F126/><W75/><G75/><T26/><D124/><U96/><E51/><V135/><F135/><W6/><G30/><T95/><D7/><U2/><E2/><V107/><F107/><W77/><G77/><T113/><D113/><U48/><E48/><V59/><F71/><W111/><G111/><T78/><D106/><U22/><E22/><V25/><F42/><W20/><G112/><T0/><D0/><U69/><E69/><V81/><F81/><W33/><G33/><T83/><D76/><U74/><E31/><N who="2" m="17855" /><F1/><W117/><G117/><N who="1" m="45130" /><E28/><V49/><F39/><W35/><G35/><T63/><D29/><U37/><E37/><V131/><F131/><W132/><G65/><T73/><D17/><U79/><E129/><N who="3" m="49770" /><G132/><T86/><D26/><U24/><E24/><V66/><F66/><W102/><G10/><T41/><D27/><U134/><E134/><V18/><F14/><N who="3" m="9239" /><G6/><T11/><D64/><U92/><E89/><AGARI ba="0,0" hai="53,58,62,89,90,93,99,102" m="9239,49770" machi="89" ten="30,3900,0" yaku="19,1,52,1,54,1" doraHai="91" who="3" fromWho="1" sc="164,0,167,-39,246,0,423,39" /><INIT seed="6,0,0,4,5,80" ten="164,128,246,462" oya="2" hai0="78,41,88,33,111,50,8,64,98,66,56,91,17" hai1="73,132,6,77,37,21,45,31,71,68,104,93,109" hai2="13,65,131,24,61,23,69,110,46,87,96,59,10" hai3="67,55,42,125,120,84,129,117,54,27,4,122,85"/><V19/><F131/><W100/><G117/><T34/><D111/><U16/><E104/><V70/><F110/><W119/><G119/><T57/><D78/><U25/><E109/><V53/><F96/><W128/><G4/><T101/><D34/><U118/><E118/><V12/><F12/><W107/><G107/><T108/><D33/><U43/><E132/><V116/><F116/><W81/><G81/><T97/><D108/><U58/><E6/><V126/><F126/><W106/><G106/><T39/><D39/><U83/><E31/><V102/><F102/><W76/><G100/><T15/><D41/><U3/><E3/><V52/><F87/><W5/><G76/><T20/><D20/><U62/><REACH who="1" step="1"/><E93/><REACH who="1" ten="164,118,246,462" step="2"/><V92/><F92/><W7/><G125/><T103/><D17/><U115/><E115/><V28/><REACH who="2" step="1"/><F46/><REACH who="2" ten="164,118,236,462" step="2"/><W38/><G129/><T18/><D103/><U51/><E51/><V90/><F90/><W22/><G128/><T47/><D101/><U63/><E63/><V133/><F133/><W49/><G49/><T35/><D50/><U89/><E89/><V11/><F11/><W114/><G38/><T26/><D47/><U2/><E2/><V60/><F60/><W40/><G114/><T48/><D91/><U105/><E105/><V32/><F32/><W0/><G0/><T9/><D88/><U30/><E30/><V14/><F14/><W134/><G134/><T94/><D15/><U82/><E82/><V29/><F29/><W112/><G112/><T124/><D35/><U121/><E121/><V44/><F44/><W135/><G135/><RYUUKYOKU ba="0,2" sc="164,-15,118,15,236,15,462,-15" hai1="16,21,25,37,43,45,58,62,68,71,73,77,83" hai2="10,13,19,23,24,28,52,53,59,61,65,69,70" /><INIT seed="6,1,2,1,5,85" ten="149,133,251,447" oya="2" hai0="132,133,130,101,59,58,12,27,87,128,24,7,52" hai1="92,64,106,47,124,86,56,100,102,68,37,105,55" hai2="94,99,115,2,20,81,48,127,11,71,50,45,22" hai3="62,14,111,72,79,135,57,119,17,15,97,123,134"/><V120/><F120/><W3/><G123/><T76/><D101/><U107/><E124/><V122/><F122/><W82/><G3/><T75/><D75/><U113/><E113/><V19/><F71/><W117/><G111/><T65/><D65/><U29/><E29/><V9/><F115/><W104/><G97/><T6/><D76/><U125/><E125/><V89/><F127/><W98/><G98/><T46/><D46/><U51/><E92/><V28/><F2/><W93/><G93/><T31/><D87/><U109/><E86/><N who="2" m="50383" /><F28/><W90/><G90/><T63/><D59/><U129/><E129/><N who="0" m="49769" /><D12/><U66/><E66/><V18/><F48/><W114/><G14/><T112/><D112/><U8/><E109/><V4/><F4/><N who="0" m="1578" /><D27/><U13/><E68/><V49/><F45/><W25/><G25/><T32/><AGARI ba="1,2" hai="24,31,32,52,58,63,132,133" m="1578,49769" machi="32" ten="30,2000,0" yaku="19,1,54,1" doraHai="85" who="0" fromWho="0" sc="149,43,133,-6,251,-11,447,-6" /><INIT seed="7,0,0,5,4,20" ten="192,127,240,441" oya="3" hai0="13,21,32,5,51,82,91,9,35,116,50,93,8" hai1="126,118,0,4,18,72,83,29,26,41,22,88,135" hai2="111,17,121,65,30,103,80,2,89,54,120,69,3" hai3="86,40,113,106,119,112,11,60,130,23,46,129,109"/><W63/><G106/><T108/><D108/><U44/><E118/><V67/><F111/><W117/><G109/><T128/><D116/><N who="3" m="44617" /><G86/><T16/><D128/><N who="3" m="49257" /><G23/><T104/><D104/><U39/><E135/><V24/><F103/><W71/><G11/><T122/><D122/><U78/><E126/><V37/><F121/><W124/><G124/><T56/><D9/><U36/><E36/><V55/><F37/><N who="3" m="21775" /><G71/><T131/><D8/><U27/><E88/><V79/><F89/><W12/><G12/><T95/><D21/><U77/><E77/><V74/><F69/><W90/><G90/><T58/><D13/><U62/><E62/><AGARI ba="0,0" hai="60,62,63,112,113" m="21775,49257,44617" machi="62" ten="40,7700,0" yaku="19,1,34,2" doraHai="20" who="3" fromWho="1" sc="192,0,127,-77,240,0,441,77" owari="192,-21.0,50,-45.0,240,4.0,518,62.0" /></mjloggm>