<mjloggm ver="2.3"><GO type="41" lobby="0"/><UN n0="%74%61%6B%65%70%6F%6E" n1="%4E%6F%4E%61%4D%65%44%58" n2="%E5%B0%B1%E6%B4%BB%E7%94%9F%40%E5%B7%9D%E6%9D%91%E8%BB%8D%E5%9B%A3" n3="%62%75%6E%6B%6F%75" dan="15,14,17,15" rate="1964.06,1910.69,2130.82,2135.57" sx="M,M,M,M"/><TAIKYOKU oya="0"/><INIT seed="0,0,0,2,5,0" ten="250,250,250,250" oya="0" hai0="29,119,72,73,54,108,9,130,58,21,6,43,81" hai1="11,122,31,80,117,99,68,7,26,135,19,134,125" hai2="27,86,69,64,57,70,118,89,78,100,15,76,44" hai3="106,92,124,75,35,109,45,111,66,103,17,52,98"/><T23/><D119/><U133/><E68/><V40/><F118/><W24/><G75/><T77/><D130/><U12/><E117/><V42/><F100/><W28/><G124/><T90/><D108/><N who="3" m="41545" /><G66/><T22/><D43/><U18/><E99/><V84/><F27/><W93/><G17/><N who="1" m="6154" /><E80/><V5/><F57/><W48/><AGARI ba="0,0" hai="24,28,35,45,48,52,92,93,98,103,106" m="41545" machi="48" ten="30,2000,0" yaku="14,1,54,1" doraHai="0" who="3" fromWho="3" sc="250,-10,250,-5,250,-5,250,20" /><INIT seed="1,0,0,1,0,6" ten="240,245,245,270" oya="1" hai0="120,72,30,42,46,73,15,102,104,56,114,99,92" hai1="82,18,108,51,97,124,66,122,86,26,50,1,14" hai2="13,12,96,10,37,65,93,63,88,9,118,2,27" hai3="53,103,74,43,21,7,61,19,100,31,79,59,101"/><U131/><E122/><V90/><F118/><W85/><G74/><T134/><D120/><U28/><E1/><V45/><F2/><W121/><G121/><T20/><D114/><U112/><E112/><V115/><F115/><W129/><G129/><T105/><D134/><U78/><E124/><V91/><F27/><W54/><G43/><T76/><D105/><U44/><E131/><V24/><F24/><W39/><G39/><T110/><D104/><U49/><E108/><V58/><F45/><W109/><G109/><T132/><D132/><U107/><E66/><V71/><F37/><W128/><G31/><T40/><D42/><U106/><E97/><V52/><F71/><W87/><G79/><T119/><D119/><U38/><E38/><V48/><F65/><W80/><G80/><T3/><D3/><U25/><E44/><V81/><F63/><W127/><G7/><T126/><D76/><U125/><E125/><V95/><F81/><W16/><G127/><T5/><D110/><U68/><E26/><V23/><F23/><W130/><G128/><T75/><D126/><U64/><E64/><V35/><F35/><W135/><G135/><T84/><D56/><U57/><E68/><V70/><F70/><W55/><G130/><T34/><D34/><U69/><E69/><V33/><F33/><W62/><G19/><N who="0" m="10367" /><D30/><U111/><E57/><V98/><F91/><W4/><G59/><T36/><D84/><U67/><E67/><V8/><AGARI ba="0,0" hai="8,9,10,12,13,48,52,58,88,90,93,95,96,98" machi="8" ten="30,16000,3" yaku="0,1,9,1,8,1,52,3,54,2" doraHai="6" who="2" fromWho="2" sc="240,-40,245,-80,245,160,270,-40" /><INIT seed="2,0,0,4,1,128" ten="200,165,405,230" oya="2" hai0="22,132,96,77,12,74,2,38,41,104,59,33,49" hai1="69,65,86,68,71,19,87,43,31,56,13,23,21" hai2="70,85,80,130,117,124,28,18,120,125,1,15,112" hai3="95,98,58,36,113,115,3,0,91,55,16,73,76"/><V119/><F70/><W66/><G36/><T121/><D2/><U34/><E43/><V126/><F1/><W109/><G109/><T27/><D33/><U67/><E34/><V107/><F107/><W103/><G66/><T99/><D38/><U123/><E123/><V5/><F5/><W39/><G39/><T64/><D121/><U131/><E131/><V62/><F120/><W29/><G29/><T7/><D104/><U20/><E31/><V53/><F130/><W32/><G32/><T89/><D89/><U40/><E40/><V10/><F28/><W83/><G91/><T110/><D77/><U84/><REACH who="1" step="1"/><E56/><REACH who="1" ten="200,155,405,230" step="2"/><N who="2" m="35087" /><F112/><W116/><G115/><T122/><D41/><U37/><E37/><V79/><AGARI ba="0,1" hai="10,15,18,79,80,85,117,119,124,125,126" m="35087" machi="79" ten="30,1500,0" yaku="18,1" doraHai="128" who="2" fromWho="2" sc="200,-5,155,-5,405,25,230,-5" /><INIT seed="2,1,0,5,4,124" ten="195,150,430,225" oya="2" hai0="55,33,98,0,27,70,53,24,41,45,78,21,50" hai1="7,103,61,46,96,92,17,97,26,63,127,6,66" hai2="16,101,133,93,89,84,112,13,42,75,29,19,131" hai3="4,18,117,40,25,73,15,77,128,113,114,129,80"/><V135/><F75/><W104/><G117/><T64/><D0/><U86/><E127/><V38/><F112/><N who="3" m="43115" /><G104/><T123/><D123/><U52/><E63/><V20/><F29/><W102/><G102/><T37/><D78/><U35/><E96/><V120/><F120/><W79/><G77/><T11/><D11/><U109/><E86/><V57/><F101/><W31/><G4/><T8/><D8/><U90/><E109/><V95/><F57/><W119/><G40/><T43/><D98/><U110/><E110/><V94/><F42/><W39/><G39/><N who="0" m="21695" /><D21/><N who="1" m="13615" /><E66/><V88/><F38/><W71/><G71/><T67/><D27/><U115/><E103/><V62/><F62/><W2/><G2/><T3/><D24/><U122/><E115/><V121/><F121/><W108/><G119/><T83/><D83/><U34/><E122/><V74/><F74/><W105/><G105/><T72/><D72/><U60/><E46/><V116/><F116/><W130/><G108/><T107/><D107/><U65/><E61/><V23/><F133/><W126/><G126/><T30/><D30/><U76/><E65/><N who="0" m="25161" /><D33/><N who="1" m="12299" /><E76/><V51/><F135/><W100/><G100/><T68/><D3/><U48/><E48/><V22/><F51/><W91/><G91/><T44/><D55/><U56/><AGARI ba="1,0" hai="6,7,52,56,60,90,92,97" m="12299,13615" machi="56" ten="30,2000,0" yaku="25,1,54,1" doraHai="124" who="1" fromWho="1" sc="195,-6,150,23,430,-11,225,-6" /><INIT seed="3,0,0,0,0,99" ten="189,173,419,219" oya="3" hai0="59,77,112,5,97,98,9,58,113,56,87,105,53" hai1="125,35,46,63,82,42,51,26,78,0,115,108,135" hai2="11,131,76,101,25,84,21,75,85,55,20,13,126" hai3="7,48,124,10,37,52,106,73,81,57,95,116,12"/><W128/><G116/><T17/><D17/><U111/><E115/><N who="0" m="44105" /><D53/><U102/><E0/><V39/><F39/><W119/><G106/><T67/><D67/><U118/><E118/><V8/><F126/><W15/><G124/><T133/><D87/><U66/><E125/><V134/><F131/><W4/><G128/><T54/><D54/><U1/><E1/><V47/><F134/><W88/><G37/><T109/><D77/><U38/><E51/><N who="2" m="29183" /><F75/><W29/><G119/><T24/><D24/><U14/><E14/><N who="3" m="5162" /><G73/><T2/><D133/><U30/><E135/><V64/><F64/><W61/><G29/><T71/><D71/><U93/><E93/><V69/><F69/><W100/><G10/><N who="2" m="3625" /><F76/><W62/><G62/><T129/><D129/><U127/><E127/><V103/><F13/><W96/><G61/><T110/><D105/><U49/><E49/><V104/><F104/><W3/><G3/><T65/><D65/><U70/><REACH who="1" step="1"/><E102/><REACH who="1" ten="189,163,419,219" step="2"/><N who="2" m="38923" /><F21/><W79/><G79/><T74/><D74/><AGARI ba="0,1" hai="26,30,35,38,42,46,63,66,70,74,78,82,108,111" machi="74" ten="40,5200,0" yaku="1,1,23,2,53,0" doraHai="99" doraHaiUra="91" who="1" fromWho="0" sc="189,-52,163,62,419,0,219,0" /><INIT seed="4,0,0,5,3,31" ten="137,225,419,219" oya="0" hai0="22,39,71,27,52,43,76,114,111,7,53,91,42" hai1="3,66,85,16,131,123,81,67,56,80,116,73,19" hai2="130,44,84,119,9,46,113,121,12,70,112,63,65" hai3="50,108,55,107,33,106,4,82,90,45,51,115,74"/><T93/><D114/><N who="2" m="44138" /><F130/><W134/><G108/><T41/><D111/><U104/><E3/><V32/><F32/><W47/><G115/><T128/><D76/><U26/><E104/><V36/><F121/><W10/><G134/><T109/><D39/><U135/><E123/><V17/><F119/><W40/><G33/><T94/><D109/><U15/><E116/><V99/><F36/><W62/><G62/><T97/><D71/><U98/><E131/><V35/><F35/><W129/><G129/><T37/><D37/><U92/><E73/><V96/><F84/><W60/><G60/><T69/><D69/><U8/><E135/><V49/><F46/><W105/><G74/><T58/><D128/><U101/><E56/><V133/><F133/><W24/><G24/><T5/><D93/><U29/><E19/><V57/><F70/><W23/><G23/><T88/><D91/><U110/><E110/><V59/><F59/><W1/><G82/><N who="1" m="31850" /><E85/><V122/><F122/><W68/><G68/><T126/><D126/><U118/><E118/><V120/><F120/><W13/><REACH who="3" step="1"/><G90/><REACH who="3" ten="137,225,419,209" step="2"/><T124/><D124/><U95/><E26/><V18/><F63/><W89/><G89/><T2/><D2/><AGARI ba="0,1" hai="1,2,4,10,13,40,45,47,50,51,55,105,106,107" machi="2" ten="40,1300,0" yaku="1,1,53,0" doraHai="31" doraHaiUra="87" who="3" fromWho="0" sc="137,-13,225,0,419,0,209,23" /><INIT seed="5,0,0,5,1,119" ten="124,225,419,232" oya="1" hai0="91,5,103,68,62,67,12,109,125,83,9,92,14" hai1="132,101,78,64,20,93,135,22,126,73,39,10,79" hai2="66,23,89,49,16,28,1,48,65,8,31,106,105" hai3="82,124,32,90,13,86,43,129,25,56,54,55,110"/><U95/><E39/><V42/><F105/><W113/><G110/><T94/><D109/><U38/><E38/><V27/><F106/><W108/><G108/><T35/><D35/><U30/><E73/><V51/><F42/><W88/><G113/><T44/><D125/><U59/><E10/><V34/><F89/><W4/><G124/><T47/><D83/><U77/><E126/><V46/><F46/><W117/><G129/><T50/><D103/><U18/><E101/><V15/><F31/><W112/><G112/><T19/><D91/><U116/><E116/><V84/><F84/><N who="3" m="50199" /><G32/><T29/><D29/><U37/><E37/><V24/><F24/><W72/><G43/><T63/><D63/><N who="1" m="38015" /><E30/><V111/><F111/><W118/><G72/><T40/><REACH who="0" step="1"/><D47/><REACH who="0" ten="114,225,419,232" step="2"/><U60/><E60/><V76/><F76/><W128/><G118/><T121/><D121/><U11/><E78/><V98/><F98/><W3/><G117/><T17/><D17/><U97/><E79/><V58/><F58/><W122/><G56/><T0/><D0/><U21/><E77/><V115/><F115/><W57/><G57/><T120/><D120/><U99/><E99/><V70/><F70/><W134/><G3/><T61/><D61/><U2/><E97/><V7/><AGARI ba="0,1" hai="1,7,8,15,16,23,27,28,34,48,49,51,65,66" machi="7" ten="30,7900,0" yaku="0,1,24,2,54,1" doraHai="119" who="2" fromWho="2" sc="114,-20,225,-39,419,89,232,-20" /><INIT seed="6,0,0,3,1,125" ten="94,186,508,212" oya="2" hai0="1,57,48,38,49,25,117,65,33,88,31,127,52" hai1="118,46,53,95,68,19,59,100,107,20,120,44,9" hai2="124,112,63,55,64,2,32,123,17,23,4,5,98" hai3="103,56,111,85,71,131,21,110,126,91,101,108,78"/><V90/><F32/><W26/><G71/><T105/><D127/><U51/><E68/><V6/><F123/><W41/><G126/><T40/><D117/><U66/><E107/><V12/><F124/><W7/><G41/><T82/><D105/><U50/><E118/><V24/><F112/><W8/><G78/><T121/><D121/><U99/><E120/><V73/><F73/><W28/><G56/><T42/><D1/><U37/><E37/><V67/><F2/><W134/><G134/><T94/><D38/><U3/><E3/><V18/><F98/><W60/><G60/><T92/><D82/><U16/><E9/><V13/><F90/><W15/><REACH who="3" step="1"/><G131/><REACH who="3" ten="94,186,508,202" step="2"/><T54/><D65/><U29/><E66/><V62/><F55/><W80/><AGARI ba="0,1" hai="7,8,15,21,26,28,80,85,91,101,103,108,110,111" machi="80" ten="30,7900,0" yaku="1,1,2,1,0,1,53,1" doraHai="125" doraHaiUra="84" who="3" fromWho="3" sc="94,-20,186,-20,508,-39,202,89" /><INIT seed="7,0,0,2,1,124" ten="74,166,469,291" oya="3" hai0="1,95,111,6,101,84,114,116,103,110,34,12,64" hai1="10,41,19,37,18,98,59,27,67,100,108,99,32" hai2="36,120,125,106,92,94,62,113,13,44,93,16,51" hai3="88,61,97,31,89,74,55,76,58,117,105,29,86"/><W66/><G117/><T104/><D64/><U40/><E37/><V127/><F106/><W73/><G73/><T69/><D69/><U30/><E108/><V39/><F120/><W3/><G3/><T83/><D12/><U47/><E99/><V71/><F113/><W132/><G132/><T80/><D6/><U22/><E32/><V65/><F39/><W9/><G74/><T43/><D43/><U2/><E2/><V96/><F36/><W115/><G115/><T8/><D8/><U7/><E7/><V131/><F131/><W121/><G121/><T91/><D34/><U50/><E40/><V133/><F133/><W119/><G119/><T14/><D14/><U4/><E4/><V135/><F135/><W57/><G9/><T28/><D28/><N who="3" m="10825" /><G105/><T112/><D1/><U102/><E102/><N who="0" m="38921" /><D116/><U123/><E123/><V68/><F68/><W126/><G126/><T0/><D0/><U48/><E48/><V5/><F5/><W75/><G97/><N who="0" m="57599" /><D104/><U21/><E21/><V20/><REACH who="2" step="1"/><F96/><REACH who="2" ten="74,166,459,291" step="2"/><W63/><G75/><T33/><D33/><U26/><E98/><V17/><F17/><W46/><G46/><T56/><D56/><U52/><E100/><V24/><F24/><W70/><G70/><T128/><D128/><U35/><E27/><V122/><F122/><W11/><G11/><T109/><D84/><U82/><E19/><V85/><F85/><W134/><G134/><T72/><D72/><U79/><E18/><V42/><AGARI ba="0,1" hai="13,16,20,42,44,51,62,65,71,92,93,94,125,127" machi="42" ten="30,4000,0" yaku="1,1,0,1,54,1,53,0" doraHai="124" doraHaiUra="25" who="2" fromWho="2" sc="74,-10,166,-10,459,50,291,-20" owari="64,-44.0,156,-24.0,509,61.0,271,7.0" /></mjloggm>