<mjloggm ver="2.3"><GO type="41" lobby="0"/><UN n0="%E3%81%BB%E3%82%80%E5%AD%90" n1="%E3%81%A9%E3%81%98%E3%82%87%E3%81%A3%E3%81%93" n2="%E5%B0%B1%E6%B4%BB%E7%94%9F%40%E5%B7%9D%E6%9D%91%E8%BB%8D%E5%9B%A3" n3="%72%6B%6B%69%74%61%39" dan="15,15,14,14" rate="2059.77,1972.37,1974.04,1803.89" sx="M,M,M,M"/><TAIKYOKU oya="0"/><INIT seed="0,0,0,0,1,31" ten="250,250,250,250" oya="0" hai0="121,36,20,55,123,115,14,2,104,74,86,113,76" hai1="11,15,118,129,79,30,119,72,64,116,73,87,28" hai2="70,22,33,83,40,108,44,54,90,111,37,1,47" hai3="46,23,60,122,128,34,18,91,53,52,77,134,82"/><T10/><D104/><U127/><E129/><V32/><F1/><W130/><G134/><T0/><D74/><U110/><E127/><V35/><F70/><W100/><G122/><N who="0" m="46603" /><D55/><U21/><E110/><N who="2" m="42027" /><F22/><W39/><G100/><T75/><D86/><U69/><E69/><V49/><F90/><W105/><G105/><T135/><D76/><U125/><E64/><V102/><F102/><W6/><G6/><N who="0" m="3415" /><D36/><U97/><E125/><V96/><F96/><W17/><G91/><T80/><D80/><AGARI ba="0,0" hai="32,33,35,37,40,44,47,49,54,80,83" m="42027" machi="80" ten="40,8000,1" yaku="14,1,52,3" doraHai="31" who="2" fromWho="0" sc="250,-80,250,0,250,80,250,0" /><INIT seed="1,0,0,1,1,124" ten="170,250,330,250" oya="1" hai0="111,17,67,131,118,29,95,108,44,106,101,121,22" hai1="85,2,34,97,69,119,88,25,104,68,19,123,26" hai2="91,117,125,86,126,87,114,10,15,64,6,43,48" hai3="120,52,65,14,18,81,32,31,36,130,3,78,50"/><U72/><E123/><V99/><F117/><W93/><G120/><T113/><D121/><U105/><E2/><V41/><F114/><W103/><G3/><T102/><D113/><U110/><E72/><V54/><F64/><W53/><G36/><T98/><D118/><U61/><E119/><V89/><F99/><W71/><G130/><T45/><D29/><U60/><E110/><V133/><F133/><W35/><G53/><T4/><D4/><U73/><E73/><V84/><F91/><W76/><G78/><T77/><D67/><U107/><E97/><V62/><F62/><W70/><G70/><T132/><D77/><U134/><E134/><V135/><F135/><W21/><G93/><T83/><D83/><U112/><E112/><V20/><F20/><W39/><G103/><T9/><D9/><U57/><E69/><V8/><F8/><W49/><G50/><T129/><D132/><U100/><E100/><V115/><F115/><W0/><G39/><T30/><D30/><U28/><E68/><V80/><F80/><W96/><G96/><N who="0" m="59551" /><D44/><U24/><E34/><V90/><F90/><W12/><G14/><T5/><D45/><U122/><E122/><V94/><F94/><W46/><G31/><T55/><D55/><U51/><E28/><V13/><F89/><W27/><G0/><T38/><D5/><U7/><E7/><V63/><F6/><W59/><G71/><T79/><D79/><U56/><E88/><V58/><F10/><W37/><G37/><T127/><D38/><U128/><E104/><V116/><F116/><W82/><G32/><RYUUKYOKU ba="0,0" sc="170,0,250,0,330,0,250,0" /><INIT seed="2,1,0,0,3,87" ten="170,250,330,250" oya="2" hai0="57,41,92,17,51,43,4,85,24,49,52,119,123" hai1="69,135,20,33,118,9,63,42,132,12,34,11,90" hai2="39,29,61,112,78,44,117,54,73,5,100,37,40" hai3="19,21,16,121,31,76,111,79,47,23,115,102,101"/><V133/><F117/><W25/><G121/><T0/><D123/><U70/><E118/><V2/><F112/><W105/><G115/><T113/><D119/><U48/><E20/><V72/><F133/><W62/><G111/><T7/><D113/><U45/><E9/><V110/><F39/><W36/><G105/><T67/><D67/><U71/><E63/><V50/><F110/><W94/><G62/><T127/><D127/><U68/><E90/><V65/><F29/><W103/><G36/><T14/><D0/><U93/><E93/><V134/><F100/><W66/><G66/><T84/><D24/><U80/><E80/><V77/><F134/><N who="1" m="51241" /><E68/><V18/><F18/><AGARI ba="1,0" hai="11,12,18,33,34,42,45,48,69,70,71" m="51241" machi="18" ten="40,1300,0" yaku="20,1" doraHai="87" who="1" fromWho="2" sc="170,0,250,16,330,-16,250,0" /><INIT seed="3,0,0,1,3,46" ten="170,266,314,250" oya="3" hai0="10,89,27,37,54,95,110,6,55,69,38,0,74" hai1="42,17,96,41,34,126,45,15,81,24,106,129,84" hai2="44,124,108,4,97,47,114,19,25,61,109,119,9" hai3="28,65,125,73,68,33,67,117,116,88,1,22,100"/><W85/><G1/><T58/><D69/><U78/><E129/><V118/><F114/><W120/><G120/><T48/><D74/><U18/><E126/><V105/><F124/><W131/><G125/><T91/><D110/><N who="2" m="42602" /><F61/><W82/><G131/><T132/><D132/><U43/><E106/><V123/><F123/><W2/><G2/><T72/><D72/><U40/><E96/><V23/><F97/><W102/><G33/><T122/><D122/><U13/><E34/><V98/><F98/><W16/><G28/><T5/><D5/><U135/><E135/><V86/><F86/><W21/><G21/><T30/><D55/><U93/><E93/><V76/><F76/><W64/><G68/><T60/><D60/><U112/><E112/><V70/><F70/><W79/><G116/><N who="2" m="44585" /><F105/><W90/><G90/><T31/><D31/><U92/><E92/><V128/><F128/><W80/><REACH who="3" step="1"/><G117/><REACH who="3" ten="170,266,314,240" step="2"/><T20/><D89/><U29/><E78/><V56/><F23/><W49/><G49/><T11/><D11/><U59/><E29/><V14/><F25/><AGARI ba="0,1" hai="16,22,25,64,65,67,73,79,80,82,85,88,100,102" machi="25" ten="40,7700,0" yaku="1,1,54,2,53,0" doraHai="46" doraHaiUra="52" who="3" fromWho="2" sc="170,0,266,0,314,-77,240,87" /><INIT seed="3,1,0,2,2,24" ten="170,266,237,327" oya="3" hai0="125,103,19,4,132,57,124,0,112,63,117,95,7" hai1="88,130,77,108,98,102,3,97,10,79,92,87,54" hai2="73,42,52,90,29,74,14,116,27,2,13,30,38" hai3="118,18,47,32,105,16,5,11,53,50,6,22,69"/><W100/><G118/><T28/><D117/><U93/><E3/><V99/><F2/><W106/><G69/><T86/><D132/><U131/><E10/><V45/><F116/><W133/><G133/><T36/><D36/><U111/><E54/><V109/><F109/><N who="1" m="42057" /><E87/><V82/><F52/><N who="3" m="29791" /><G32/><T58/><D58/><U115/><E115/><V26/><F74/><W134/><G134/><T31/><D112/><U15/><E15/><V114/><F114/><W65/><G106/><T78/><D19/><U55/><E55/><V44/><F73/><W76/><G105/><T89/><D103/><U39/><E39/><V43/><F82/><W23/><G100/><T46/><D46/><U122/><E122/><V8/><F38/><W68/><G68/><T96/><D0/><U129/><AGARI ba="1,0" hai="77,79,88,92,93,97,98,102,129,130,131" m="42057" machi="129" ten="40,8000,1" yaku="19,1,14,1,34,2,54,1" doraHai="24" who="1" fromWho="1" sc="170,-21,266,83,237,-21,327,-41" /><INIT seed="4,0,0,5,0,47" ten="149,349,216,286" oya="0" hai0="101,27,19,57,28,103,25,33,128,105,26,46,45" hai1="31,14,126,93,21,94,2,123,79,112,102,88,109" hai2="58,87,8,68,61,119,71,30,117,113,38,70,13" hai3="20,125,66,83,118,99,110,18,96,48,135,9,34"/><T60/><D128/><U52/><E109/><V22/><F38/><W7/><G110/><T127/><D127/><U36/><E36/><V44/><F113/><W115/><G125/><T81/><D81/><U41/><E41/><V95/><F44/><W5/><G118/><N who="2" m="45065" /><F30/><W92/><G34/><T10/><D33/><U37/><E2/><V3/><F22/><W56/><G115/><T129/><D28/><U91/><E37/><V100/><F3/><W116/><G116/><T6/><D129/><U132/><E132/><V39/><F39/><W90/><G135/><T50/><D45/><U16/><E31/><V78/><F78/><W86/><G66/><N who="0" m="39183" /><D105/><U124/><E79/><V15/><F8/><W80/><G83/><T23/><D10/><U114/><E123/><V65/><F87/><W130/><G130/><T4/><D4/><N who="3" m="1609" /><G9/><T63/><D63/><U29/><E29/><V53/><F65/><W67/><G80/><T72/><D72/><U107/><E124/><V122/><F122/><W0/><G67/><T24/><D6/><U12/><E126/><V76/><F76/><W51/><G0/><T75/><D75/><U98/><E114/><V131/><F131/><W73/><G73/><T85/><D85/><U121/><E121/><V77/><F77/><W59/><G96/><AGARI ba="0,0" hai="13,15,53,58,61,68,70,71,95,96,100" m="45065" machi="96" ten="40,1300,0" yaku="12,1" doraHai="47" who="2" fromWho="3" sc="149,0,349,0,216,13,286,-13" /><INIT seed="5,0,0,4,5,57" ten="149,349,229,273" oya="1" hai0="42,44,64,16,83,41,2,119,79,54,47,127,132" hai1="80,130,49,71,22,121,4,93,106,39,35,45,98" hai2="36,110,104,102,48,62,19,17,100,38,53,28,20" hai3="1,8,70,55,125,87,7,12,73,33,27,29,66"/><U85/><E35/><V32/><F110/><W96/><G73/><T3/><D119/><U128/><E71/><V10/><F32/><W135/><G135/><T74/><D132/><U118/><E118/><V52/><F28/><W134/><G134/><T23/><D127/><U21/><E39/><V91/><F91/><W129/><G125/><T109/><D109/><U122/><E4/><V103/><F104/><W77/><G129/><N who="1" m="49770" /><E106/><V112/><F112/><W75/><G55/><T68/><D54/><N who="1" m="29999" /><E122/><V31/><F31/><W18/><G75/><T86/><D44/><U58/><E58/><N who="2" m="35143" /><F36/><W124/><G124/><T78/><D41/><U24/><E24/><N who="2" m="14351" /><F38/><W67/><G96/><T114/><D114/><U5/><E121/><V65/><F65/><W111/><G111/><T46/><D46/><U40/><E5/><V69/><F69/><W59/><G70/><T107/><D107/><U123/><E123/><V97/><F97/><W56/><G66/><T101/><D64/><U90/><E98/><V133/><F133/><W84/><G77/><T60/><D68/><U81/><E81/><V14/><F53/><W61/><G59/><T63/><D101/><U94/><E40/><V120/><F120/><W131/><REACH who="3" step="1"/><G131/><REACH who="3" ten="149,349,229,263" step="2"/><T113/><D113/><U13/><E85/><V51/><AGARI ba="0,1" hai="10,14,19,48,51,100,102,103" m="14351,35143" machi="51" ten="30,4000,0" yaku="8,1,52,1,54,1" doraHai="57" who="2" fromWho="2" sc="149,-10,349,-20,229,50,263,-10" /><INIT seed="6,0,0,1,1,115" ten="139,329,279,253" oya="2" hai0="15,39,8,91,6,42,58,14,53,131,78,134,47" hai1="77,46,50,105,130,54,106,62,101,76,22,72,97" hai2="85,60,135,35,0,117,93,51,92,67,65,30,82" hai3="69,74,75,127,23,84,38,113,73,18,21,44,132"/><V79/><F117/><W83/><G69/><T13/><D134/><U119/><E119/><V29/><F0/><W102/><G132/><T12/><D131/><U24/><E130/><V133/><F133/><W55/><G127/><T100/><D100/><U98/><E72/><V114/><F114/><W120/><G120/><T80/><D91/><U20/><E20/><V5/><F5/><W59/><G102/><T48/><D14/><U11/><E11/><V125/><F125/><W96/><G96/><T56/><D56/><U126/><E62/><V33/><F135/><W108/><G108/><T34/><REACH who="0" step="1"/><D34/><REACH who="0" ten="129,329,279,253" step="2"/><U40/><E126/><V32/><F32/><W27/><G113/><T94/><D94/><U66/><E101/><V112/><F35/><W81/><G59/><T109/><D109/><U86/><E105/><V36/><F33/><W26/><G81/><T19/><D19/><U31/><E106/><V70/><F92/><W41/><G55/><T111/><D111/><U16/><E16/><V88/><F112/><W89/><G74/><AGARI ba="0,1" hai="6,8,12,13,15,39,42,47,48,53,58,74,78,80" machi="74" ten="30,3900,0" yaku="1,1,7,1,53,1" doraHai="115" doraHaiUra="1" who="0" fromWho="3" sc="129,49,329,0,279,0,253,-39" /><INIT seed="7,0,0,4,3,40" ten="178,329,279,214" oya="3" hai0="98,57,17,81,126,15,94,118,9,103,102,55,107" hai1="122,50,83,34,14,26,135,77,93,20,114,99,44" hai2="63,18,100,2,67,113,125,97,4,101,89,66,88" hai3="49,87,10,71,120,16,46,36,96,56,31,38,54"/><W92/><G120/><T35/><D118/><U3/><E3/><V131/><F2/><W106/><G71/><T128/><D35/><U90/><E114/><V110/><F110/><W53/><G31/><T52/><D128/><U39/><E39/><V78/><F4/><W85/><G106/><T123/><D123/><U80/><E135/><V25/><F78/><W12/><G38/><T33/><D33/><U58/><E58/><N who="2" m="37239" /><F67/><W76/><G76/><T134/><D134/><U105/><E105/><V95/><F113/><W130/><G36/><T0/><D126/><U24/><E34/><V91/><F131/><W65/><G65/><T111/><D111/><U104/><E104/><V62/><F62/><W13/><G12/><T7/><D81/><U129/><E80/><V127/><F101/><N who="3" m="60551" /><G130/><T28/><D28/><U19/><E122/><V86/><F86/><W108/><G108/><T61/><D55/><N who="1" m="30151" /><E129/><V37/><F37/><W115/><G115/><T79/><D79/><U73/><E73/><V109/><F109/><W22/><G10/><T59/><D59/><U112/><E112/><V82/><F82/><W69/><G69/><T32/><D32/><U72/><E83/><V45/><F127/><W121/><G121/><T119/><D119/><U48/><E77/><V64/><F64/><W1/><G1/><T117/><D117/><U74/><E74/><V51/><F125/><W60/><AGARI ba="0,0" hai="13,16,22,46,49,53,54,56,60,85,87" m="60551" machi="60" ten="30,6000,0" yaku="8,1,52,1,54,1" doraHai="40" who="3" fromWho="3" sc="178,-20,329,-20,279,-20,214,60" /><INIT seed="7,1,0,5,1,14" ten="158,309,259,274" oya="3" hai0="35,114,41,117,76,58,30,110,129,7,89,133,80" hai1="105,102,17,95,79,42,20,40,21,85,15,77,49" hai2="10,124,11,72,13,107,29,97,56,101,9,122,135" hai3="68,0,57,75,46,92,109,83,61,31,26,67,112"/><W123/><G123/><T84/><D117/><U126/><E105/><V39/><F39/><W8/><G112/><T125/><D110/><U16/><E126/><V108/><F108/><W18/><G109/><T87/><D125/><U52/><E102/><V106/><F106/><W63/><G46/><T2/><D133/><U131/><E131/><V98/><F72/><W71/><G92/><T6/><D129/><U55/><E55/><V5/><F122/><W115/><G115/><T32/><D114/><U19/><E19/><V66/><F124/><W23/><G63/><T28/><D41/><N who="1" m="15979" /><E85/><V132/><F97/><W128/><G128/><T48/><D2/><U62/><E62/><N who="2" m="38215" /><F29/><W86/><G75/><T94/><D35/><U104/><E95/><V111/><F111/><W50/><G50/><T33/><D33/><U4/><E104/><V25/><F25/><W54/><G67/><T27/><D30/><U45/><E4/><V69/><F69/><W91/><REACH who="3" step="1"/><G31/><REACH who="3" ten="158,309,259,264" step="2"/><T64/><D64/><U74/><E74/><V47/><F47/><W88/><G88/><T90/><REACH who="0" step="1"/><D89/><REACH who="0" ten="148,309,259,264" step="2"/><U36/><E36/><V3/><F3/><W99/><G99/><T127/><D127/><U53/><E53/><AGARI ba="1,2" hai="6,7,27,28,32,48,53,58,76,80,84,87,90,94" machi="53" ten="40,1300,0" yaku="1,1,53,0" doraHai="14" doraHaiUra="120" who="0" fromWho="1" sc="148,36,309,-16,259,0,264,0" /><INIT seed="8,0,0,1,1,63" ten="184,293,259,264" oya="0" hai0="39,52,28,70,68,45,89,104,65,79,123,15,46" hai1="43,71,3,106,62,124,102,44,85,32,110,129,135" hai2="10,69,7,125,54,75,117,100,114,126,115,91,53" hai3="101,66,121,103,21,109,34,29,118,42,74,67,87"/><T33/><D123/><U131/><E110/><V127/><F75/><W61/><G109/><T107/><D79/><U113/><E3/><V16/><F69/><W27/><G118/><T12/><D28/><U111/><E111/><V24/><F100/><N who="3" m="38475" /><G74/><T134/><D33/><U23/><E32/><V20/><F91/><W73/><G73/><T56/><D134/><U108/><E135/><V64/><F64/><N who="3" m="24619" /><G61/><N who="0" m="39983" /><D70/><U132/><E62/><V30/><F117/><W120/><G42/><N who="0" m="22751" /><D46/><U26/><E71/><V119/><F119/><W94/><G94/><T88/><D12/><U130/><E132/><V60/><F60/><W19/><G87/><T38/><D15/><U84/><E108/><V57/><F57/><W35/><G29/><T77/><D77/><U133/><E133/><V122/><F122/><AGARI ba="0,0" hai="19,21,27,34,35,120,121,122" m="24619,38475" machi="122" ten="30,7700,0" yaku="13,1,52,3" doraHai="63" who="3" fromWho="2" sc="184,0,293,0,259,-77,264,77" owari="184,-22.0,293,9.0,182,-32.0,341,45.0" /></mjloggm>