<mjloggm ver="2.3"><GO type="97" lobby="0"/><UN n0="%77%6F%6C%6C%61%77%73" n1="%75%6F%6B%6B%61%34%39%34" n2="%E8%B5%A4%E9%98%AA%E9%83%81%E4%B9%83" n3="%E5%B0%B1%E6%B4%BB%E7%94%9F%40%E5%B7%9D%E6%9D%91%E8%BB%8D%E5%9B%A3" dan="15,14,15,14" rate="2094.23,1878.75,1979.36,1948.46" sx="M,M,F,M"/><TAIKYOKU oya="0"/><INIT seed="0,0,0,1,1,119" ten="250,250,250,250" oya="0" hai0="32,4,51,104,109,125,2,33,88,73,130,27,96" hai1="81,132,45,83,16,69,39,121,71,129,107,68,30" hai2="75,101,77,106,98,93,46,40,108,19,86,47,100" hai3="134,90,63,57,35,64,91,89,34,79,11,44,117"/><T103/><D73/><U110/><E107/><V118/><F118/><W37/><G117/><T116/><D116/><U70/><E129/><V9/><F108/><W95/><G134/><T48/><D130/><U25/><E132/><V31/><F31/><W123/><G79/><T111/><D125/><U3/><E3/><V36/><F47/><W22/><G22/><T15/><D2/><U65/><E110/><N who="0" m="41993" /><D27/><U94/><E121/><V52/><F101/><W58/><G58/><T92/><D48/><U55/><E65/><V1/><F19/><W114/><G114/><T85/><D51/><U61/><E16/><V0/><F9/><AGARI ba="0,0" hai="4,9,15,32,33,85,88,92,96,103,104" m="41993" machi="9" ten="30,5800,0" yaku="14,1,10,1,54,1" doraHai="119" who="0" fromWho="2" sc="250,58,250,0,250,-58,250,0" /><INIT seed="0,1,0,3,4,17" ten="308,250,192,250" oya="0" hai0="105,85,111,56,95,88,31,45,73,103,101,54,22" hai1="16,72,131,1,107,79,71,116,76,28,25,11,81" hai2="77,119,26,41,14,63,106,60,34,89,8,123,112" hai3="130,120,20,127,78,55,40,48,4,114,24,52,9"/><T104/><D73/><U35/><E116/><V30/><F123/><W43/><G114/><T94/><D111/><U117/><E117/><V6/><F112/><W64/><G120/><T37/><D105/><U47/><E131/><V83/><F119/><W133/><G127/><T18/><D31/><U102/><E79/><V128/><F128/><W21/><G133/><T51/><D104/><U5/><E71/><V32/><F32/><W91/><G130/><T44/><D95/><U19/><REACH who="1" step="1"/><E47/><REACH who="1" ten="308,240,192,250" step="2"/><N who="0" m="17993" /><D37/><U80/><E80/><V36/><F77/><W122/><G78/><T12/><AGARI ba="1,1" hai="12,18,22,51,54,56,85,88,94,101,103" m="17993" machi="12" ten="30,11700,0" yaku="25,1,8,1,52,1,54,1" doraHai="17" who="0" fromWho="0" sc="308,130,240,-40,192,-40,250,-40" /><INIT seed="0,2,0,1,3,84" ten="438,200,152,210" oya="0" hai0="10,32,99,45,31,93,122,78,61,119,120,60,96" hai1="86,125,82,87,62,109,55,40,34,69,16,89,66" hai2="59,115,114,102,76,97,80,94,70,12,11,26,72" hai3="27,118,22,105,29,95,85,50,75,1,7,117,104"/><T24/><D119/><U3/><E34/><V129/><F70/><W18/><G75/><T20/><D99/><U17/><E3/><V101/><F129/><W121/><G121/><T68/><D78/><U132/><E125/><V107/><F26/><W21/><G104/><T92/><D10/><U54/><E132/><V38/><F38/><W33/><G105/><T112/><D112/><U110/><E40/><V6/><F101/><W90/><G22/><T35/><D93/><U83/><E55/><V116/><F116/><W77/><G77/><T41/><D32/><U48/><E110/><V23/><F59/><W28/><G28/><T47/><D47/><U126/><E109/><V51/><F51/><W44/><G7/><T9/><D35/><U53/><E53/><V30/><F23/><W71/><G1/><T43/><D43/><U37/><E37/><V81/><F30/><W79/><G79/><T106/><D106/><U0/><E0/><V100/><F100/><W4/><G4/><T57/><D9/><U133/><E126/><V135/><F135/><W91/><G71/><T36/><D61/><U65/><E65/><V113/><REACH who="2" step="1"/><F80/><REACH who="2" ten="438,200,142,210" step="2"/><W49/><G33/><T123/><D68/><U46/><E133/><V14/><F14/><W98/><G29/><T131/><D131/><U58/><E69/><V19/><F19/><W108/><G108/><T42/><D123/><U8/><E8/><V5/><F5/><W103/><G103/><N who="0" m="60807" /><D42/><U74/><E74/><V64/><F64/><AGARI ba="2,1" hai="20,24,31,36,41,45,57,60,64,120,122" m="60807" machi="64" ten="30,1500,0" yaku="25,1" doraHai="84" who="0" fromWho="2" sc="438,31,200,0,142,-21,210,0" /><INIT seed="0,3,0,2,4,50" ten="469,200,121,210" oya="0" hai0="115,49,61,1,29,129,74,106,21,27,55,99,114" hai1="127,107,66,25,41,97,109,117,44,85,108,84,124" hai2="8,78,83,58,94,93,10,76,100,123,89,45,9" hai3="17,57,133,98,110,4,6,39,91,13,3,35,26"/><T80/><D1/><U54/><E117/><V119/><F119/><W34/><G39/><T68/><D129/><U18/><E66/><V81/><F123/><W125/><G98/><T12/><D12/><U36/><E54/><V0/><F0/><W33/><G91/><T23/><D23/><N who="1" m="13559" /><E84/><V132/><F132/><W75/><G75/><T48/><D48/><U101/><E85/><N who="2" m="52399" /><F45/><W131/><G57/><T24/><D24/><U122/><E122/><V112/><F112/><W71/><G71/><T72/><D72/><U28/><E28/><V70/><F70/><W20/><G131/><T105/><D61/><U59/><E59/><V53/><F94/><W46/><G46/><T30/><D68/><U56/><E56/><V88/><F100/><W22/><G133/><T32/><D114/><U90/><E90/><V92/><F81/><W128/><G128/><T47/><D115/><U135/><E135/><V15/><F15/><W52/><G125/><AGARI ba="3,0" hai="36,41,44,97,101,107,108,109,124,125,127" m="13559" machi="125" ten="30,1000,0" yaku="18,1" doraHai="50" who="1" fromWho="3" sc="469,0,200,19,121,0,210,-19" /><INIT seed="1,0,0,4,1,64" ten="469,219,121,191" oya="1" hai0="126,119,71,135,56,57,84,35,31,87,51,34,99" hai1="70,125,106,88,2,115,101,86,92,16,117,109,12" hai2="42,40,83,15,61,47,80,81,112,93,67,77,69" hai3="41,44,120,52,43,85,23,1,107,98,72,65,73"/><U116/><E2/><V104/><F104/><W25/><G120/><T55/><D119/><U75/><E115/><V28/><F112/><W10/><G65/><T60/><D135/><U100/><E125/><V62/><F28/><W114/><G114/><T58/><D126/><U13/><E75/><V11/><F77/><W33/><G33/><T63/><D31/><U54/><E109/><V89/><F62/><W26/><G85/><T46/><D99/><U20/><E70/><V118/><F47/><W22/><G10/><T19/><D19/><U131/><E131/><V79/><F79/><W124/><G1/><T123/><D123/><U39/><E39/><V128/><F128/><W130/><G130/><T97/><D97/><U3/><E3/><V78/><F78/><W38/><G124/><T133/><D133/><U82/><E82/><V21/><F21/><W36/><G98/><T0/><D0/><U5/><E54/><V110/><F110/><W68/><G107/><T103/><D103/><U122/><E122/><V27/><F27/><W90/><G90/><T9/><D9/><U48/><E106/><V7/><REACH who="2" step="1"/><F118/><REACH who="2" ten="469,219,111,191" step="2"/><W105/><G105/><T6/><D34/><U59/><E117/><V18/><F18/><W50/><G44/><T14/><D35/><U4/><E116/><V45/><F45/><W76/><G76/><T127/><D127/><U74/><E74/><V66/><F66/><W30/><G30/><T102/><D63/><U134/><E134/><V121/><F121/><W37/><G25/><T32/><D60/><U132/><E132/><V17/><F17/><RYUUKYOKU ba="0,1" sc="469,-10,219,-10,111,30,191,-10" hai2="7,11,15,40,42,61,67,69,80,81,83,89,93" /><INIT seed="2,1,1,1,3,89" ten="459,209,141,181" oya="2" hai0="105,62,29,2,82,53,117,14,35,79,63,131,3" hai1="58,64,74,120,15,84,119,90,80,85,41,134,60" hai2="69,18,37,133,28,112,70,13,42,47,115,122,121" hai3="86,57,111,20,71,5,109,77,27,9,55,107,34"/><V48/><F133/><W24/><G107/><T61/><D105/><U7/><E119/><V95/><F28/><N who="3" m="19719" /><G71/><N who="2" m="27145" /><F95/><W97/><G97/><T32/><D117/><U49/><E74/><V132/><F132/><W36/><G36/><T102/><D102/><U67/><E134/><V31/><F31/><N who="3" m="17895" /><G86/><T26/><D35/><U46/><E120/><N who="2" m="46187" /><F18/><W88/><G88/><T65/><D65/><N who="1" m="39063" /><E84/><V104/><F13/><N who="3" m="5295" /><G77/><T50/><D82/><U38/><E38/><V87/><F87/><W23/><G57/><T93/><D93/><U94/><E80/><V98/><F98/><W118/><G55/><T72/><D79/><U128/><E85/><V126/><F126/><W114/><G114/><T8/><D72/><U21/><E90/><V81/><F81/><W30/><G118/><T45/><D63/><U123/><E94/><V25/><F25/><AGARI ba="1,1" hai="23,25,30,109,111" m="5295,17895,19719" machi="25" ten="30,2000,0" yaku="34,2" doraHai="89" who="3" fromWho="2" sc="459,0,209,0,141,-23,181,33" /><INIT seed="3,0,0,4,4,84" ten="459,209,118,214" oya="3" hai0="47,120,73,60,125,62,53,16,126,83,63,43,114" hai1="42,14,64,22,127,67,35,115,133,41,56,98,74" hai2="100,37,79,104,49,30,82,44,124,106,9,116,25" hai3="7,112,51,113,46,34,87,97,123,134,77,31,102"/><W81/><G123/><T8/><D114/><U48/><E115/><V15/><F116/><W117/><G117/><T65/><D120/><U86/><E74/><V1/><F1/><W76/><G134/><T131/><D131/><U103/><E35/><V94/><F37/><W111/><G111/><T55/><D65/><N who="1" m="25163" /><E133/><V27/><F124/><W3/><G76/><T110/><D110/><U66/><E127/><V38/><F38/><W40/><G34/><T68/><D68/><U88/><E98/><V72/><F94/><W11/><REACH who="3" step="1"/><G31/><REACH who="3" ten="459,209,118,204" step="2"/><T78/><D126/><U5/><E66/><V6/><F25/><W69/><G69/><T54/><D125/><U26/><E5/><V4/><F4/><W105/><AGARI ba="0,1" hai="3,7,11,40,46,51,77,81,87,97,102,105,112,113" machi="105" ten="20,3900,0" yaku="1,1,0,1,7,1,53,0" doraHai="84" doraHaiUra="13" who="3" fromWho="3" sc="459,-13,209,-13,118,-13,204,49" /><INIT seed="3,1,0,3,2,55" ten="446,196,105,253" oya="3" hai0="94,135,37,28,52,49,86,58,0,18,7,93,112" hai1="50,42,91,1,20,2,6,108,109,103,92,44,95" hai2="90,79,32,119,128,71,12,63,48,80,24,134,78" hai3="8,53,68,3,35,120,106,9,116,88,70,4,5"/><W13/><G106/><T10/><D112/><U15/><E20/><V130/><F119/><W11/><G35/><T129/><D37/><U23/><E103/><V36/><F134/><W96/><G116/><T25/><D135/><U121/><E121/><V126/><F36/><W19/><G120/><T16/><D129/><U76/><E76/><V127/><F48/><W75/><G75/><T43/><D43/><U107/><E107/><V85/><F12/><W104/><G104/><T29/><D29/><U89/><E23/><V110/><F110/><N who="1" m="42601" /><E95/><V99/><F24/><W72/><G72/><T115/><D115/><U123/><E123/><V64/><F32/><W56/><G9/><T39/><D39/><U117/><E117/><V47/><F47/><W83/><G5/><T105/><D105/><U100/><E100/><V97/><F97/><W45/><G96/><T33/><D86/><N who="1" m="52279" /><E91/><V26/><F99/><W101/><G45/><T61/><D61/><U131/><E131/><V81/><F26/><W132/><G101/><T51/><D51/><U46/><E46/><V60/><F60/><W31/><G31/><T133/><D133/><U84/><E84/><V21/><F21/><W40/><G132/><T14/><D18/><U125/><E125/><V74/><REACH who="2" step="1"/><F78/><REACH who="2" ten="446,196,95,253" step="2"/><W102/><G3/><T124/><D124/><U34/><E34/><V22/><F22/><AGARI ba="1,1" hai="0,7,10,14,16,22,25,28,33,49,52,58,93,94" machi="22" ten="30,12000,2" yaku="7,1,24,2,52,1,54,2" doraHai="55" who="0" fromWho="2" sc="446,133,196,0,95,-123,253,0" owari="579,68.0,196,-20.0,-28,-53.0,253,5.0" /></mjloggm>