<mjloggm ver="2.3"><GO type="97" lobby="0"/><UN n0="%E8%8C%A8%E3%81%AE%E5%90%9B" n1="%E3%83%8B%E3%82%B3%E5%8E%A8%EF%BC%A0%E5%B7%9D%E6%9D%91%E8%BB%8D%E5%9B%A3" n2="%E3%83%88%E3%83%88%E3%83%AA%E5%85%88%E7%94%9F%31%39%E6%AD%B3" n3="%E3%81%B2%E3%82%83%E3%81%8F%E3%81%9F%E3%82%80" dan="14,15,15,13" rate="1894.56,2016.09,2053.27,1881.05" sx="M,F,F,M"/><TAIKYOKU oya="0"/><INIT seed="0,0,0,0,0,93" ten="250,250,250,250" oya="0" hai0="1,135,65,68,5,14,64,90,127,30,44,12,133" hai1="55,32,47,58,31,40,70,115,88,87,131,86,39" hai2="25,50,35,73,82,52,67,41,71,129,97,24,66" hai3="43,57,121,126,91,60,18,72,11,124,101,29,130"/><T114/><D114/><U33/><E115/><V62/><F129/><W98/><G72/><T104/><D127/><N who="3" m="48681" /><G130/><T6/><D30/><U105/><E105/><V3/><F3/><W19/><G91/><T2/><D44/><U9/><E86/><V108/><F108/><W74/><G74/><T118/><D90/><U77/><E77/><V22/><F35/><W42/><G29/><T116/><REACH who="0" step="1"/><D68/><REACH who="0" ten="240,250,250,250" step="2"/><U107/><E70/><V7/><F71/><W81/><G121/><T53/><D53/><U123/><E131/><V28/><F52/><N who="3" m="33831" /><G43/><T112/><D112/><U23/><E123/><V125/><F41/><W45/><G42/><T49/><D49/><U15/><E47/><V48/><F50/><W94/><G45/><T84/><D84/><U51/><E40/><V0/><F48/><W54/><G54/><T27/><D27/><U21/><E39/><V120/><F25/><W46/><G46/><T113/><D113/><U20/><E31/><V89/><F120/><W106/><G81/><T117/><D117/><U38/><E38/><V83/><F125/><W110/><G110/><T10/><D10/><U132/><E88/><V95/><F73/><W79/><G79/><T59/><D59/><U16/><E87/><V69/><F83/><W8/><G106/><AGARI ba="0,1" hai="1,2,5,6,12,14,64,65,104,106,116,118,133,135" machi="106" ten="25,4800,0" yaku="1,1,22,2,53,0" doraHai="93" doraHaiUra="37" who="0" fromWho="3" sc="240,58,250,0,250,0,250,-48" /><INIT seed="0,1,0,2,2,70" ten="298,250,250,202" oya="0" hai0="131,114,115,41,112,66,125,4,28,133,45,46,67" hai1="22,129,95,119,135,126,128,107,110,76,117,60,44" hai2="62,55,90,42,108,13,83,53,84,113,50,31,19" hai3="9,116,20,91,12,124,100,64,6,85,97,103,24"/><T88/><D28/><U38/><E107/><V109/><F113/><W37/><G124/><T99/><D4/><U65/><E76/><V72/><F72/><W2/><G116/><T132/><D125/><U15/><E126/><V7/><F7/><W78/><G78/><T54/><D131/><N who="1" m="50251" /><E95/><V127/><F127/><W39/><G64/><N who="0" m="24619" /><D88/><U122/><E15/><V29/><F42/><W104/><G2/><T30/><D30/><N who="2" m="11274" /><F62/><W102/><G102/><T75/><D99/><U123/><E22/><N who="2" m="11631" /><F50/><W0/><G0/><T59/><D75/><U61/><E135/><N who="0" m="51785" /><D41/><N who="1" m="22583" /><E110/><AGARI ba="1,0" hai="53,55,83,84,90,108,109,110" m="11631,11274" machi="110" ten="30,1000,0" yaku="14,1" doraHai="70" who="2" fromWho="1" sc="298,0,250,-13,250,13,202,0" /><INIT seed="1,0,0,2,0,19" ten="298,237,263,202" oya="1" hai0="44,57,8,15,104,70,40,39,20,126,36,38,94" hai1="116,43,11,21,108,85,64,28,7,120,60,3,27" hai2="5,0,71,124,59,100,67,74,78,110,32,125,96" hai3="133,95,107,35,101,118,134,9,18,16,48,97,81"/><U123/><E116/><V56/><F32/><W115/><G35/><T98/><D70/><U83/><E43/><V80/><F110/><W99/><G115/><T91/><D126/><N who="2" m="48746" /><F5/><W41/><G118/><T31/><D57/><U61/><E108/><V22/><F0/><W47/><G81/><T109/><D104/><U55/><E55/><V52/><F52/><N who="3" m="29727" /><G9/><T121/><D121/><U4/><E4/><V135/><F135/><N who="3" m="51723" /><G41/><T50/><D109/><U106/><E106/><N who="2" m="63751" /><F22/><W87/><G87/><T131/><D131/><U34/><E34/><V12/><F12/><W26/><G26/><T82/><D36/><U54/><E54/><V102/><F102/><AGARI ba="0,0" hai="16,18,95,97,99,101,102,107" m="51723,29727" machi="102" ten="30,3900,0" yaku="20,1,54,2" doraHai="19" who="3" fromWho="2" sc="298,0,237,0,263,-39,202,39" /><INIT seed="2,0,0,2,0,104" ten="298,237,224,241" oya="2" hai0="46,94,130,26,106,12,11,59,109,127,95,129,125" hai1="128,126,77,25,44,8,66,103,81,89,1,132,21" hai2="16,84,61,9,56,108,135,33,36,93,55,83,20" hai3="133,114,80,37,28,53,51,60,75,123,49,30,73"/><V96/><F33/><W45/><G123/><T99/><D46/><U68/><E132/><V92/><F135/><W79/><G133/><T24/><D59/><U19/><E128/><N who="0" m="49257" /><D109/><U69/><E126/><N who="0" m="48137" /><D106/><U118/><E118/><V65/><F36/><W2/><G2/><T86/><BYE who="3" /><D86/><U111/><E111/><V54/><F108/><W131/><G131/><T116/><D116/><UN n3="%E3%81%B2%E3%82%83%E3%81%8F%E3%81%9F%E3%82%80" /><U43/><E103/><N who="2" m="60807" /><F9/><W74/><G114/><T10/><D10/><U35/><E89/><N who="2" m="51359" /><F93/><N who="0" m="35338" /><D99/><U32/><E66/><V39/><F39/><W82/><G37/><T64/><D64/><U100/><E100/><V23/><F23/><W7/><G7/><AGARI ba="0,0" hai="7,11,12,24,26" m="35338,48137,49257" machi="7" ten="30,2000,0" yaku="19,1,18,1" doraHai="104" who="0" fromWho="3" sc="298,20,237,0,224,0,241,-20" /><INIT seed="3,0,0,2,5,122" ten="318,237,224,221" oya="3" hai0="15,40,47,9,117,14,17,86,75,57,97,44,89" hai1="98,129,96,22,62,126,102,79,108,84,63,123,56" hai2="100,78,67,116,50,106,26,38,29,30,25,119,105" hai3="101,27,107,94,12,52,91,31,80,74,69,111,134"/><W10/><G69/><T28/><D75/><U7/><E123/><V81/><F38/><W125/><G125/><T64/><D117/><U35/><E35/><V4/><F4/><W131/><G131/><T73/><D73/><U32/><E126/><V24/><F67/><W68/><G68/><T36/><D97/><U49/><E32/><V71/><F71/><W45/><G134/><T88/><D28/><U60/><E108/><V20/><F50/><W104/><G101/><T19/><D86/><U37/><E37/><V72/><F24/><W16/><G111/><T93/><D93/><N who="1" m="58639" /><E7/><V92/><F92/><W77/><G45/><N who="0" m="17483" /><D40/><U2/><E2/><V54/><F100/><W118/><G52/><T11/><D36/><U53/><E129/><V5/><F54/><W82/><G82/><T59/><D64/><U1/><E1/><V85/><F72/><W95/><G95/><T65/><D65/><U3/><E3/><V6/><F116/><W83/><G83/><T41/><D41/><U99/><E22/><V46/><F119/><W51/><G51/><T76/><D76/><U23/><E23/><N who="2" m="15551" /><F106/><W13/><G13/><T48/><D48/><U130/><E130/><V135/><F105/><W18/><G18/><T70/><D70/><U124/><E124/><V33/><F33/><W0/><G0/><T42/><D42/><U87/><E79/><V114/><F78/><W8/><G8/><T113/><D113/><U132/><E132/><V115/><F135/><W34/><G118/><T127/><D127/><U58/><E58/><AGARI ba="0,0" hai="9,11,14,15,17,19,57,58,59,88,89" m="17483" machi="58" ten="30,2000,0" yaku="8,1,54,1" doraHai="122" who="0" fromWho="1" sc="318,20,237,-20,224,0,221,0" owari="338,44.0,217,-28.0,224,2.0,221,-18.0" /></mjloggm>