<mjloggm ver="2.3"><GO type="97" lobby="0"/><UN n0="%E5%B0%8F%E9%98%AA%E3%81%A1%E3%81%B2%E3%82%8D" n1="%E3%83%A9%E3%83%83%E3%82%AD%E3%83%BC%EF%BC%A4" n2="%E5%B0%B1%E6%B4%BB%E7%94%9F%40%E5%B7%9D%E6%9D%91%E8%BB%8D%E5%9B%A3" n3="%74%6F%72%61%26%61%6C%75" dan="14,15,14,13" rate="1945.41,1995.20,1945.15,1902.69" sx="F,M,M,M"/><TAIKYOKU oya="0"/><INIT seed="0,0,0,0,1,42" ten="250,250,250,250" oya="0" hai0="56,74,107,122,50,39,36,73,32,119,54,65,91" hai1="86,22,53,66,113,76,104,92,97,132,49,84,83" hai2="109,115,55,43,108,52,47,3,37,27,28,112,70" hai3="13,9,25,88,124,85,2,11,7,60,130,75,5"/><T61/><D32/><U29/><E66/><V90/><F3/><W26/><G75/><T18/><D107/><U123/><E123/><V103/><F103/><W79/><G79/><T128/><D122/><U14/><E104/><V71/><F90/><W105/><G130/><T116/><D91/><U38/><E38/><N who="0" m="14377" /><D18/><N who="1" m="10583" /><E132/><V106/><F106/><W59/><G124/><T40/><D73/><U94/><E113/><N who="2" m="43595" /><F27/><W6/><G105/><T131/><D74/><U96/><E29/><V68/><F28/><W110/><G6/><T10/><D10/><U69/><E69/><V120/><F120/><W34/><G110/><AGARI ba="0,0" hai="37,43,47,52,55,68,70,71,108,109,110" m="43595" machi="110" ten="40,8000,1" yaku="14,1,34,2,52,1,54,1" doraHai="42" who="2" fromWho="3" sc="250,0,250,0,250,80,250,-80" /><INIT seed="1,0,0,4,0,1" ten="250,250,330,170" oya="1" hai0="56,51,107,5,22,49,6,95,53,112,87,91,125" hai1="117,29,129,24,63,104,11,17,106,64,37,126,127" hai2="59,46,101,103,105,75,39,12,79,81,28,68,96" hai3="93,33,23,50,86,48,128,84,113,116,118,69,90"/><U109/><E37/><V41/><F68/><W94/><G69/><T27/><D112/><U114/><E114/><V132/><F132/><W70/><G33/><T83/><D107/><U85/><E117/><V7/><F101/><W13/><G70/><T72/><D125/><N who="1" m="47627" /><E129/><V40/><F40/><W134/><G113/><T62/><D72/><U121/><E121/><V21/><F59/><W130/><G23/><T123/><D123/><U99/><E85/><N who="3" m="32874" /><G13/><T74/><D74/><U120/><E120/><V78/><F78/><W108/><G48/><N who="0" m="18507" /><D83/><U135/><E135/><V30/><REACH who="2" step="1"/><F21/><REACH who="2" ten="250,250,320,170" step="2"/><W115/><G134/><T80/><D80/><U71/><E109/><V38/><F38/><W55/><G108/><T61/><D61/><U119/><E119/><N who="3" m="45610" /><G55/><T2/><D2/><U31/><E63/><V131/><F131/><N who="3" m="50219" /><G50/><T18/><AGARI ba="0,1" hai="5,6,18,22,27,53,56,62,87,91,95" m="18507" machi="18" ten="30,4000,0" yaku="8,1,52,2" doraHai="1" who="0" fromWho="0" sc="250,50,250,-20,320,-10,170,-10" /><INIT seed="2,0,0,4,3,1" ten="300,230,310,160" oya="2" hai0="111,114,32,22,98,42,124,94,36,97,25,16,120" hai1="6,59,46,58,105,108,90,118,126,45,121,44,113" hai2="61,14,133,74,56,132,12,100,72,70,109,89,115" hai3="34,122,19,31,116,71,11,49,110,10,64,73,29"/><V131/><F70/><W134/><G116/><T39/><D120/><U37/><E113/><V43/><F115/><W91/><G122/><T107/><D114/><U50/><E105/><V26/><F131/><W55/><G110/><T2/><D2/><U123/><E118/><V67/><F100/><W3/><G73/><T79/><D79/><U103/><E103/><V62/><F43/><W76/><G134/><N who="2" m="51817" /><F109/><W93/><G76/><T48/><D111/><U104/><E104/><V9/><F26/><W33/><G3/><T86/><D32/><U87/><E108/><V77/><F77/><W18/><G71/><T20/><D124/><U38/><E126/><V68/><F89/><W130/><G64/><T41/><D107/><U81/><E123/><V13/><F9/><N who="3" m="3083" /><G91/><N who="0" m="53623" /><D36/><U129/><E121/><V88/><F88/><W30/><G93/><T47/><D39/><U106/><E129/><V21/><F21/><W127/><G49/><N who="0" m="26863" /><D22/><U0/><E106/><V51/><F51/><W66/><G55/><AGARI ba="0,0" hai="12,13,14,55,56,61,62,67,68,72,74" m="51817" machi="55" ten="30,1500,0" yaku="20,1" doraHai="1" who="2" fromWho="3" sc="300,0,230,0,310,15,160,-15" /><INIT seed="2,1,0,5,1,89" ten="300,230,325,145" oya="2" hai0="17,132,54,74,38,56,85,103,22,101,24,114,40" hai1="73,118,57,33,39,105,69,21,65,63,34,133,8" hai2="109,62,58,10,16,46,116,37,59,3,100,7,66" hai3="97,117,113,2,120,104,79,50,135,125,84,86,82"/><V67/><F116/><W19/><G2/><T61/><D74/><U81/><E105/><V71/><F109/><W42/><G19/><T91/><D114/><U129/><E39/><V102/><F71/><W53/><G42/><T51/><D38/><U28/><E118/><V26/><F37/><W111/><G117/><T110/><D110/><U90/><E129/><V128/><F128/><W14/><G111/><T115/><D115/><U27/><E133/><V108/><F108/><W13/><G113/><T0/><D0/><U43/><E43/><V12/><F46/><W36/><G120/><T15/><D132/><U20/><E8/><V75/><F75/><W92/><G36/><T52/><D40/><U94/><E69/><V30/><F59/><W6/><G135/><T5/><D5/><U4/><E4/><V83/><F83/><W48/><G125/><T95/><D24/><U131/><E131/><V127/><F67/><W78/><G104/><T60/><D60/><U70/><E70/><V18/><F127/><W55/><G6/><T88/><D91/><U23/><E34/><N who="2" m="20823" /><F18/><W47/><G97/><T80/><D80/><U41/><E41/><V99/><F99/><W119/><G119/><T49/><D61/><U25/><E81/><V107/><F107/><W44/><G82/><T1/><D1/><U130/><E73/><V72/><F72/><W76/><G76/><T134/><D134/><U29/><REACH who="1" step="1"/><E130/><REACH who="1" ten="300,220,325,145" step="2"/><V68/><F68/><W77/><REACH who="3" step="1"/><G77/><REACH who="3" ten="300,220,325,135" step="2"/><T123/><D123/><U126/><E126/><V124/><F124/><W32/><G32/><T11/><D11/><AGARI ba="1,2" hai="3,7,10,11,12,16,58,62,66,100,102" m="20823" machi="11" ten="30,2900,0" yaku="6,1,54,1" doraHai="89" who="2" fromWho="0" sc="300,-32,220,0,325,52,135,0" /><INIT seed="2,2,0,4,3,130" ten="268,220,377,135" oya="2" hai0="106,78,37,95,103,50,38,67,114,122,97,125,42" hai1="32,11,69,134,4,127,1,62,96,7,14,118,66" hai2="119,61,8,57,116,92,41,47,64,72,13,34,113" hai3="98,33,107,25,83,115,18,29,36,126,135,129,19"/><V30/><F72/><W131/><G36/><T81/><D122/><U55/><E118/><V0/><F113/><W49/><G83/><T16/><D114/><U104/><E32/><V79/><F0/><W99/><G115/><T128/><D67/><U100/><E127/><V102/><F79/><W71/><G71/><T123/><D123/><U35/><E55/><V22/><F34/><W120/><G120/><T58/><D128/><N who="3" m="49225" /><G49/><T112/><D112/><U132/><REACH who="1" step="1"/><E35/><REACH who="1" ten="268,210,377,135" step="2"/><V121/><F116/><W26/><G107/><T39/><D125/><U52/><E52/><V90/><F119/><W12/><G126/><T75/><D58/><U110/><E110/><V28/><F121/><W84/><G99/><T111/><D111/><U48/><E48/><V60/><F64/><W94/><G98/><T86/><D50/><U9/><AGARI ba="2,1" hai="1,4,7,9,11,14,62,66,69,96,100,104,132,134" machi="9" ten="30,8000,1" yaku="1,1,0,1,52,2,53,1" doraHai="130" doraHaiUra="56" who="1" fromWho="1" sc="268,-22,210,96,377,-42,135,-22" /><INIT seed="3,0,0,5,4,46" ten="246,306,335,113" oya="3" hai0="20,25,84,121,101,110,13,42,126,118,96,105,29" hai1="82,53,77,75,9,86,108,69,73,10,89,70,103" hai2="34,41,119,128,117,50,32,99,129,57,100,66,37" hai3="6,5,107,2,52,116,85,80,74,4,55,91,59"/><W16/><G116/><N who="2" m="44617" /><F37/><W124/><G107/><T36/><D121/><U88/><E108/><V1/><F1/><W83/><G124/><T18/><D118/><U26/><E103/><V28/><F28/><W133/><G133/><T79/><D110/><U27/><E53/><N who="2" m="31927" /><F66/><W135/><G135/><T127/><D36/><U24/><E77/><V111/><F41/><W81/><G2/><T54/><D42/><U63/><E63/><V39/><F39/><W31/><G31/><T123/><D123/><U15/><E89/><V72/><F72/><W56/><G74/><T7/><D7/><U61/><E75/><V115/><F115/><W97/><G97/><T109/><D109/><U114/><E73/><V14/><F14/><W51/><G16/><T113/><D113/><U40/><E40/><V11/><F11/><W87/><G91/><T125/><D54/><U120/><E114/><V17/><F17/><W43/><G43/><T130/><D79/><U35/><E120/><V67/><F67/><W33/><G33/><T22/><REACH who="0" step="1"/><D84/><REACH who="0" ten="236,306,335,113" step="2"/><U23/><E35/><V62/><F111/><W21/><REACH who="3" step="1"/><G21/><REACH who="3" ten="236,306,335,103" step="2"/><T71/><D71/><U122/><E122/><V112/><F112/><W65/><G65/><T3/><D3/><U134/><E134/><V8/><F34/><W44/><G44/><T49/><D49/><AGARI ba="0,2" hai="4,5,6,49,51,52,55,56,59,80,81,83,85,87" machi="49" ten="40,18000,2" yaku="1,1,9,1,8,1,52,2,54,1,53,0" doraHai="46" doraHaiUra="92" who="3" fromWho="0" sc="236,-180,306,0,335,0,103,200" /><INIT seed="3,1,0,1,2,101" ten="56,306,335,303" oya="3" hai0="71,37,42,102,121,50,48,86,14,89,103,72,24" hai1="27,73,35,3,69,77,10,11,22,123,95,59,2" hai2="104,57,125,55,115,100,94,9,4,29,87,56,30" hai3="19,26,20,75,17,135,18,127,68,43,66,116,76"/><W82/><G116/><T129/><D72/><U12/><E69/><V70/><F70/><W122/><G122/><T6/><D71/><U51/><E73/><V34/><F34/><W113/><G113/><T80/><D121/><U133/><E77/><V0/><F104/><W110/><G135/><T61/><D129/><U54/><E133/><V134/><F115/><W58/><G68/><T120/><D120/><U16/><E35/><V8/><F134/><W126/><G43/><T106/><D106/><U107/><E107/><V45/><F125/><N who="3" m="47627" /><G110/><T99/><D37/><U108/><E108/><V47/><F0/><W23/><G26/><T52/><D61/><AGARI ba="1,0" hai="17,18,19,20,23,58,61,66,75,76,82" m="47627" machi="61" ten="30,1500,0" yaku="18,1" doraHai="101" who="3" fromWho="0" sc="56,-18,306,0,335,0,303,18" /><INIT seed="3,2,0,1,4,111" ten="38,306,335,321" oya="3" hai0="88,125,133,35,59,87,112,83,18,7,79,98,27" hai1="99,107,31,110,42,104,74,20,86,48,10,100,47" hai2="76,0,92,105,30,43,95,82,109,51,78,85,25" hai3="113,44,129,91,118,128,131,65,14,19,106,102,8"/><W50/><G118/><T23/><D125/><U75/><E110/><V2/><F109/><W94/><G65/><T32/><D133/><U33/><E104/><V63/><F105/><W64/><G64/><T124/><D124/><U1/><E33/><V60/><F0/><W122/><G122/><T9/><D35/><U29/><E29/><V49/><F2/><W71/><G71/><T16/><D32/><U132/><E132/><V46/><F78/><W135/><G135/><T114/><D59/><U56/><E86/><V96/><F51/><W22/><G113/><N who="0" m="43627" /><D98/><U11/><E56/><V66/><F66/><W3/><G106/><T15/><D79/><U77/><E77/><V38/><F38/><W54/><G102/><T72/><D72/><U115/><E115/><V61/><F96/><N who="3" m="57439" /><G3/><T103/><D103/><U97/><E97/><V28/><F28/><W45/><G45/><T81/><D81/><U39/><E39/><V4/><F4/><W41/><G41/><T55/><D55/><U37/><E48/><V90/><F76/><W120/><G120/><T101/><D101/><U12/><E1/><V123/><F123/><W40/><G40/><T117/><D117/><U62/><E62/><V52/><F43/><W67/><G67/><T58/><D58/><U36/><E36/><V108/><F108/><W21/><AGARI ba="2,0" hai="8,14,19,21,22,44,50,54,128,129,131" m="57439" machi="21" ten="40,2100,0" yaku="19,1" doraHai="111" who="3" fromWho="3" sc="38,-9,306,-9,335,-9,321,27" owari="29,-47.0,297,-10.0,326,13.0,348,44.0" /></mjloggm>