<mjloggm ver="2.3"><GO type="169" lobby="0"/><UN n0="%E3%81%84%E3%81%AC%E3%81%98%E3%82%83%E3%82%89%EF%BC%94" n1="%E3%81%A8%E3%81%BE%E3%81%A8%E3%81%BE%E5%90%9B" n2="%E9%AC%BC%E5%8F%A3%E3%81%BE%E3%81%93%E3%81%A8" n3="%E3%82%A6%E3%83%AB%E3%83%88%E3%83%A9%E7%AB%8B%E7%9B%B4" dan="18,16,16,16" rate="2218.96,2120.68,2074.54,2116.52" sx="M,M,M,M"/><TAIKYOKU oya="0"/><INIT seed="0,0,0,5,5,42" ten="250,250,250,250" oya="0" hai0="102,73,130,76,46,125,98,112,66,57,15,63,72" hai1="37,18,54,9,30,20,6,89,44,107,93,74,27" hai2="111,68,62,64,65,39,110,121,81,126,82,53,103" hai3="97,35,99,134,32,113,26,41,33,45,78,83,48"/><T59/><D112/><U101/><E74/><V10/><F121/><W55/><G113/><T60/><D125/><U43/><E107/><V128/><F103/><W12/><G134/><T90/><D90/><U11/><E101/><V49/><F65/><W104/><G12/><T56/><D130/><U58/><E30/><V119/><F128/><W17/><G104/><T7/><D46/><U2/><E6/><V3/><F39/><W25/><G55/><T70/><D63/><U21/><E21/><V22/><F22/><W61/><G61/><T92/><REACH who="0" step="1"/><D76/><REACH who="0" ten="240,250,250,250" step="2"/><U13/><E2/><V16/><F126/><W77/><G78/><T105/><D105/><U47/><E44/><N who="2" m="27815" /><F3/><W94/><G99/><T38/><D38/><U28/><E89/><V24/><F119/><W71/><G97/><T23/><D23/><U124/><E124/><V14/><F24/><W85/><G26/><T51/><D51/><U5/><E11/><AGARI ba="0,1" hai="7,11,15,56,57,59,60,66,70,72,73,92,98,102" machi="11" ten="40,3900,0" yaku="1,1,53,1" doraHai="42" doraHaiUra="91" who="0" fromWho="1" sc="240,49,250,-39,250,0,250,0" /><INIT seed="0,1,0,4,2,44" ten="289,211,250,250" oya="0" hai0="101,113,72,112,103,102,127,55,74,12,71,108,84" hai1="88,27,90,106,31,66,82,5,9,119,25,3,128" hai2="78,98,100,80,36,110,47,18,43,28,8,53,107" hai3="32,1,65,105,2,6,52,29,19,22,120,94,34"/><T87/><D71/><U10/><E119/><V39/><F110/><W92/><G105/><T7/><D55/><U4/><E128/><V51/><F28/><W37/><G37/><T35/><D12/><U135/><E135/><V118/><F118/><W48/><G65/><T95/><D7/><U131/><E131/><V30/><F30/><W86/><G120/><T54/><D54/><U104/><E66/><V20/><F8/><W70/><G70/><T121/><D35/><U89/><E82/><V33/><F33/><W45/><G94/><T116/><D116/><U59/><E59/><V126/><F126/><W85/><G86/><N who="0" m="32811" /><D121/><U16/><E16/><V133/><F133/><W79/><G6/><T60/><D60/><U115/><E115/><N who="0" m="44105" /><D127/><U0/><REACH who="1" step="1"/><E25/><REACH who="1" ten="289,201,250,250" step="2"/><V129/><F129/><W117/><G117/><T114/><D114/><U41/><E41/><V75/><F43/><W50/><G19/><T91/><D108/><U38/><E38/><V21/><F20/><AGARI ba="1,1" hai="0,3,4,5,9,10,20,27,31,88,89,90,104,106" machi="20" ten="40,5200,0" yaku="1,1,9,1,54,1,53,0" doraHai="44" doraHaiUra="73" who="1" fromWho="2" sc="289,0,201,65,250,-55,250,0" /><INIT seed="1,0,0,1,5,105" ten="289,266,195,250" oya="1" hai0="81,85,38,21,60,58,55,83,97,116,92,29,62" hai1="93,1,128,35,73,40,32,27,87,43,22,56,36" hai2="0,120,117,47,16,67,53,113,71,9,98,122,48" hai3="10,121,24,30,79,96,99,118,132,15,129,77,90"/><U109/><E1/><V89/><F117/><W23/><G121/><T106/><D106/><U134/><E128/><V4/><F113/><W54/><G129/><T104/><D104/><U78/><E134/><V127/><F127/><W2/><G132/><T64/><D38/><U135/><E135/><V103/><F71/><W42/><G118/><T76/><D116/><U52/><E35/><V61/><F67/><W45/><G54/><T63/><D83/><N who="1" m="47607" /><E73/><V8/><F61/><W123/><G2/><T112/><D112/><U80/><E32/><V28/><F28/><W25/><G25/><N who="0" m="16559" /><D55/><U72/><E72/><V59/><F47/><W75/><G123/><T94/><D94/><U131/><E36/><V70/><F70/><W34/><G34/><T114/><D114/><U13/><E80/><V74/><F74/><W86/><G75/><T31/><D31/><U130/><E13/><V133/><F133/><W119/><G119/><T110/><D110/><U19/><E109/><V50/><F122/><W111/><G111/><T125/><D125/><U100/><E131/><V11/><F120/><W46/><G79/><T57/><D64/><U101/><E130/><V115/><F115/><W33/><G33/><T82/><D82/><U26/><E26/><V84/><F0/><W91/><G77/><T12/><D12/><U68/><E68/><V49/><F4/><N who="3" m="3527" /><G42/><N who="1" m="15914" /><E93/><V95/><REACH who="2" step="1"/><F16/><REACH who="2" ten="289,266,185,250" step="2"/><W37/><G46/><T108/><D108/><U6/><E6/><V17/><F17/><W3/><G3/><T51/><D51/><AGARI ba="0,1" hai="19,22,27,51,52,56,100,101" m="15914,47607" machi="51" ten="30,2900,0" yaku="8,1,54,1" doraHai="105" who="1" fromWho="0" sc="289,-29,266,39,185,0,250,0" /><INIT seed="1,1,0,5,4,18" ten="260,305,185,250" oya="1" hai0="128,73,122,27,84,71,30,22,55,133,81,5,87" hai1="91,82,44,64,116,60,112,12,59,48,56,3,115" hai2="86,29,102,4,109,101,132,135,53,107,61,68,89" hai3="24,126,131,118,105,76,14,47,31,77,16,21,127"/><U74/><E3/><V58/><F109/><W108/><G108/><T65/><D128/><U98/><E116/><V40/><F40/><W106/><G131/><T49/><D133/><N who="2" m="51274" /><F107/><W111/><G111/><T10/><D122/><U23/><E74/><V37/><F37/><W67/><G118/><T99/><D99/><U7/><E56/><V119/><F119/><W35/><G67/><T13/><D73/><U17/><E7/><V103/><F4/><W97/><G47/><T51/><D51/><U69/><E69/><V45/><F45/><W6/><G6/><T75/><D75/><U42/><REACH who="1" step="1"/><E98/><REACH who="1" ten="260,295,185,250" step="2"/><V134/><F68/><W11/><G97/><T93/><D71/><U130/><E130/><V15/><F134/><W63/><G63/><T1/><D1/><U41/><E41/><V39/><F39/><W117/><G117/><T95/><D84/><AGARI ba="1,1" hai="12,17,23,42,44,48,59,60,64,82,84,91,112,115" machi="84" ten="40,3900,0" yaku="1,1,52,1,53,0" doraHai="18" doraHaiUra="120" who="1" fromWho="0" sc="260,-42,295,52,185,0,250,0" /><INIT seed="1,2,0,1,0,59" ten="218,347,185,250" oya="1" hai0="55,44,61,65,83,6,135,18,52,3,104,2,129" hai1="66,1,69,35,124,4,8,53,121,40,9,126,36" hai2="62,63,72,23,114,43,25,28,67,19,86,106,128" hai3="14,92,115,133,30,74,22,56,42,82,70,71,21"/><U54/><E35/><V17/><F72/><W58/><G115/><T31/><D104/><U77/><E77/><V20/><F106/><W80/><G42/><T0/><D129/><U132/><E121/><V73/><F73/><W95/><G74/><T100/><D100/><U118/><E118/><V105/><F105/><W103/><G103/><T29/><D135/><U33/><E33/><V48/><F128/><W91/><G14/><T134/><D134/><U64/><E132/><V47/><F114/><W116/><G133/><T107/><D107/><U131/><E131/><V16/><F86/><W108/><G30/><T96/><D96/><U11/><E40/><V12/><REACH who="2" step="1"/><F63/><REACH who="2" ten="218,347,175,250" step="2"/><W15/><G116/><T99/><D61/><N who="1" m="40079" /><E126/><V39/><F39/><W38/><G38/><T123/><D123/><U112/><E36/><V101/><F101/><W7/><G95/><T34/><D83/><U60/><E112/><V41/><F41/><W78/><G92/><T81/><D81/><U68/><E124/><V117/><F117/><W102/><G82/><T84/><D84/><U32/><E60/><V93/><F93/><W87/><G102/><T24/><D99/><U97/><E97/><V111/><F111/><W51/><G108/><T75/><D75/><U90/><E66/><V110/><F110/><W89/><G78/><T109/><D65/><U98/><E98/><V76/><F76/><W37/><G37/><T50/><D109/><U125/><E125/><V5/><F5/><W49/><G7/><T94/><D94/><U57/><E4/><V122/><F122/><W79/><G79/><RYUUKYOKU ba="2,1" sc="218,-10,347,-10,175,30,250,-10" hai2="12,16,17,19,20,23,25,28,43,47,48,62,67" /><INIT seed="2,3,1,2,5,116" ten="208,337,205,240" oya="2" hai0="26,90,94,126,42,20,61,15,86,125,47,12,36" hai1="97,131,27,50,133,44,66,53,51,29,81,38,70" hai2="84,69,19,132,24,74,3,68,58,33,65,77,55" hai3="28,134,63,135,129,88,41,60,2,80,35,124,34"/><V102/><F3/><W7/><G41/><T40/><D40/><U57/><E133/><N who="3" m="50698" /><G124/><N who="0" m="47723" /><D61/><N who="3" m="23625" /><G28/><AGARI ba="3,1" hai="12,15,20,26,28,36,42,47,86,90,94" m="47723" machi="28" ten="30,1000,0" yaku="18,1" doraHai="116" who="0" fromWho="3" sc="208,29,337,0,205,0,240,-19" /><INIT seed="3,0,0,5,0,133" ten="237,337,205,221" oya="3" hai0="56,108,101,135,73,88,8,9,120,32,6,48,98" hai1="49,94,3,23,10,66,79,57,27,65,54,104,60" hai2="110,67,114,77,20,41,117,123,130,55,28,62,126" hai3="95,33,87,25,39,46,12,53,82,58,68,134,100"/><W78/><G68/><T37/><D37/><U119/><E104/><V125/><F117/><W118/><G118/><T129/><D120/><U14/><E3/><V69/><F114/><W81/><G134/><T15/><D73/><U11/><E119/><V116/><F116/><W63/><G12/><T24/><D108/><U109/><E109/><V64/><F110/><W112/><G112/><T107/><D129/><U97/><E79/><V111/><F111/><W61/><G61/><T44/><D135/><U132/><E132/><V45/><F77/><W47/><G39/><T90/><D56/><N who="1" m="32847" /><E14/><V121/><F130/><W71/><G71/><T86/><D86/><U83/><E83/><V92/><F92/><W26/><G82/><T29/><REACH who="0" step="1"/><D8/><REACH who="0" ten="227,337,205,221" step="2"/><U59/><E59/><N who="2" m="35199" /><F69/><W91/><G47/><T35/><D35/><U122/><E122/><N who="2" m="46603" /><F20/><W72/><G33/><T70/><D70/><U43/><E10/><V102/><F102/><W76/><G100/><T103/><D103/><U30/><E11/><V16/><F28/><W75/><G75/><T4/><D4/><U22/><E23/><V96/><F96/><W50/><REACH who="3" step="1"/><G78/><REACH who="3" ten="227,337,205,211" step="2"/><T89/><D89/><N who="1" m="55503" /><E66/><AGARI ba="0,2" hai="25,26,46,50,53,58,63,66,72,76,81,87,91,95" machi="66" ten="30,5800,0" yaku="1,1,7,1,53,1" doraHai="133" doraHaiUra="52" who="3" fromWho="1" sc="227,0,337,-58,205,0,211,78" /><INIT seed="3,1,0,1,0,82" ten="227,279,205,289" oya="3" hai0="80,98,33,53,13,58,5,101,130,41,125,67,87" hai1="77,24,88,37,70,21,92,103,38,135,52,96,134" hai2="126,34,127,45,7,10,72,40,0,115,12,68,56" hai3="47,50,128,54,100,129,36,123,15,81,27,63,11"/><W6/><G123/><T83/><D33/><U25/><E70/><V46/><F72/><W117/><G117/><T110/><D110/><U57/><E77/><V65/><F68/><W111/><G36/><N who="1" m="13930" /><E103/><V62/><F34/><W66/><G111/><T95/><D125/><N who="2" m="47626" /><F115/><W74/><G100/><T90/><D130/><N who="3" m="50281" /><G27/><T76/><D41/><U121/><E121/><V19/><F40/><W30/><G30/><T99/><D67/><U79/><E79/><V35/><F35/><W113/><G113/><T133/><D133/><N who="1" m="50699" /><E21/><AGARI ba="1,0" hai="0,7,10,12,19,21,45,46,56,62,65" m="47626" machi="21" ten="30,1000,0" yaku="18,1" doraHai="82" who="2" fromWho="1" sc="227,0,279,-13,205,13,289,0" /><INIT seed="4,0,0,3,5,23" ten="227,266,218,289" oya="0" hai0="96,98,21,69,38,133,79,53,57,15,52,39,59" hai1="10,1,74,100,2,94,99,63,65,5,8,25,22" hai2="117,47,64,76,112,134,49,28,9,45,115,16,120" hai3="103,40,101,104,27,131,119,121,6,32,90,61,106"/><T62/><D69/><U81/><E74/><V113/><F76/><W41/><G90/><T116/><D116/><U0/><E81/><V34/><F120/><W13/><G119/><T56/><D133/><U67/><E10/><V46/><F64/><W60/><G13/><T105/><D79/><U129/><E67/><V107/><F107/><W30/><G6/><T18/><D57/><U7/><E7/><V51/><F134/><W132/><G132/><T58/><D59/><U3/><E129/><V11/><F117/><W93/><G93/><T68/><D68/><U42/><E42/><V95/><F95/><W135/><G135/><T92/><D105/><U111/><E111/><V73/><F73/><W44/><G131/><T26/><D15/><U71/><REACH who="1" step="1"/><E1/><REACH who="1" ten="227,256,218,289" step="2"/><V19/><F9/><W29/><G41/><T97/><REACH who="0" step="1"/><D92/><REACH who="0" ten="217,256,218,289" step="2"/><U122/><E122/><V82/><F82/><W35/><G121/><T87/><D87/><U126/><E126/><V83/><F83/><W80/><G80/><T123/><D123/><U70/><E70/><V127/><F127/><W128/><G128/><T72/><D72/><U66/><E66/><V85/><F85/><W110/><G106/><T48/><AGARI ba="0,2" hai="18,21,26,38,39,48,52,53,56,58,62,96,97,98" machi="48" ten="30,11700,0" yaku="1,1,0,1,52,1,54,1,53,0" doraHai="23" doraHaiUra="84" who="0" fromWho="0" sc="217,137,256,-39,218,-39,289,-39" /><INIT seed="4,1,0,0,0,44" ten="354,217,179,250" oya="0" hai0="112,116,51,39,76,52,99,15,26,1,80,91,123" hai1="36,132,60,125,107,118,10,47,96,22,43,83,34" hai2="28,100,84,37,105,23,120,40,68,19,41,42,74" hai3="24,20,17,53,11,57,110,13,126,9,64,54,73"/><T98/><D39/><U49/><E118/><V115/><F74/><W65/><G73/><T8/><D1/><U55/><E34/><V133/><F120/><W79/><G110/><T33/><D123/><U6/><E132/><V59/><F68/><W56/><G79/><T58/><D112/><U86/><E125/><V35/><F115/><W31/><G11/><T90/><D116/><U16/><E60/><V25/><F133/><W113/><G113/><T81/><D26/><U103/><E6/><V127/><F127/><W4/><G4/><N who="0" m="3463" /><D33/><U72/><E10/><V3/><F3/><W32/><G32/><T63/><D63/><U97/><E97/><N who="0" m="36873" /><D76/><U61/><E61/><V62/><F105/><W134/><G134/><T5/><D5/><U77/><E72/><V0/><F0/><W85/><G85/><T106/><D106/><U102/><E102/><V94/><F100/><W135/><G135/><T12/><D12/><U48/><E55/><V109/><F37/><W82/><G126/><T87/><D87/><U78/><E77/><V38/><F38/><W88/><G54/><T121/><D121/><U18/><E18/><V92/><F84/><N who="3" m="50199" /><G53/><T130/><D130/><U50/><E36/><V131/><F131/><W67/><AGARI ba="1,0" hai="9,13,17,20,24,31,56,57,64,65,67" m="50199" machi="67" ten="30,2000,0" yaku="8,1,54,1" doraHai="44" who="3" fromWho="3" sc="354,-11,217,-6,179,-6,250,23" /><INIT seed="5,0,0,4,4,128" ten="343,211,173,273" oya="1" hai0="53,108,105,3,13,65,76,35,63,10,21,24,126" hai1="33,86,26,52,0,18,38,91,117,116,62,55,28" hai2="12,72,87,36,17,41,98,4,112,44,77,93,123" hai3="124,80,130,115,111,48,120,9,134,50,61,125,43"/><U131/><E131/><V37/><F123/><W49/><G130/><T79/><D105/><U47/><E0/><V68/><F68/><W30/><G120/><T54/><D35/><U56/><E18/><V60/><F60/><W89/><G111/><T85/><D126/><N who="3" m="48745" /><G115/><T57/><D3/><U40/><REACH who="1" step="1"/><E55/><REACH who="1" ten="343,201,173,273" step="2"/><V39/><F112/><W1/><G1/><T73/><D54/><U45/><E45/><V64/><F64/><W119/><G119/><T133/><D53/><U59/><E59/><V100/><F4/><W113/><G113/><T92/><D57/><U82/><AGARI ba="0,1" hai="26,28,33,38,40,47,52,56,62,82,86,91,116,117" machi="82" ten="20,7800,0" yaku="1,1,0,1,7,1,54,1,53,0" doraHai="128" doraHaiUra="96" who="1" fromWho="1" sc="343,-26,201,88,173,-26,273,-26" /><INIT seed="5,1,0,1,0,68" ten="317,289,147,247" oya="1" hai0="125,23,119,84,24,0,10,86,22,44,128,100,54" hai1="16,72,69,25,60,127,43,92,87,7,57,76,121" hai2="27,66,64,116,67,51,94,50,117,15,33,129,65" hai3="95,102,20,5,123,112,62,6,80,70,49,126,12"/><U114/><E121/><V59/><N who="2" m="16384" /><DORA hai="63" /><V89/><F129/><W131/><G62/><T31/><D22/><U29/><E69/><V111/><F111/><W109/><G70/><T77/><D23/><N who="1" m="13543" /><E7/><N who="3" m="2570" /><G80/><T2/><D86/><U3/><E3/><V35/><F15/><W122/><G20/><T30/><D84/><U71/><E72/><V105/><F105/><W83/><G49/><T132/><D31/><U135/><E29/><V96/><F27/><W88/><G95/><T19/><D30/><U113/><E71/><V120/><F120/><W124/><G102/><T14/><D19/><U133/><E43/><V91/><F91/><W39/><G88/><T104/><D24/><U79/><E79/><V9/><F9/><W93/><G93/><T55/><D10/><U103/><E76/><V58/><F51/><W78/><G78/><T1/><D14/><U85/><E103/><V81/><F81/><W37/><G83/><T52/><D100/><U110/><E92/><V11/><F11/><W42/><G12/><T46/><D77/><U134/><E110/><V115/><F115/><N who="1" m="44041" /><E127/><V41/><F41/><W90/><G42/><T18/><D0/><U13/><E13/><V38/><F38/><W73/><G37/><T4/><D1/><U45/><E45/><V34/><REACH who="2" step="1"/><F50/><REACH who="2" ten="317,289,137,247" step="2"/><W36/><G39/><T28/><D2/><U40/><E40/><V32/><N who="2" m="8192" /><DORA hai="47" /><V107/><F107/><W56/><G36/><T8/><D104/><U74/><E74/><V101/><F101/><W108/><G109/><T118/><D128/><U82/><E82/><V61/><F61/><RYUUKYOKU ba="1,1" sc="317,-15,289,15,137,15,247,-15" hai1="57,60,85,87,133,134,135" hai2="58,59,89,94,96,116,117" /><INIT seed="5,2,1,3,0,18" ten="302,304,152,232" oya="1" hai0="62,14,122,36,71,95,105,118,129,92,25,38,28" hai1="83,50,24,27,93,125,81,42,57,115,64,112,133" hai2="79,75,131,55,85,114,96,56,48,116,1,113,135" hai3="51,70,16,132,13,73,89,77,23,94,120,6,17"/><U82/><E133/><V66/><F116/><W32/><G120/><T20/><D105/><U46/><E125/><V8/><F75/><W106/><G106/><T128/><D118/><U126/><E126/><V80/><F135/><W88/><G32/><T67/><D122/><U58/><E93/><N who="0" m="35913" /><D14/><U72/><E72/><V123/><F123/><W74/><G132/><T49/><D49/><U40/><E64/><V84/><F96/><W111/><G111/><T97/><D97/><U134/><E134/><V0/><F85/><W91/><G70/><T22/><D22/><U33/><E33/><V108/><F108/><W65/><G6/><T117/><D117/><U19/><E42/><V44/><F131/><AGARI ba="2,1" hai="20,25,28,36,38,62,67,71,128,129,131" m="35913" machi="131" ten="30,2000,0" yaku="19,1,52,1" doraHai="18" who="0" fromWho="2" sc="302,36,304,0,152,-26,232,0" /><INIT seed="6,0,0,1,2,20" ten="338,304,126,232" oya="2" hai0="52,93,26,80,120,135,76,63,98,88,29,16,97" hai1="121,131,103,83,126,44,30,112,79,2,59,100,21" hai2="82,73,78,15,55,43,95,89,72,23,49,18,129" hai3="134,114,56,7,74,0,133,96,61,3,24,99,118"/><V5/><F129/><W70/><G118/><T9/><D135/><N who="3" m="51721" /><G74/><T86/><D120/><U19/><E2/><N who="3" m="554" /><G114/><T111/><D111/><U32/><E32/><V1/><F43/><W64/><G7/><T38/><D38/><U41/><E30/><V113/><F113/><W75/><G75/><T57/><D98/><N who="3" m="37417" /><G24/><T90/><D90/><U14/><E112/><V81/><F1/><W94/><G94/><T77/><D77/><U62/><E131/><V40/><F40/><W71/><AGARI ba="0,0" hai="56,61,64,70,71" m="37417,554,51721" machi="71" ten="40,1500,0" yaku="20,1" doraHai="20" who="3" fromWho="3" sc="338,-4,304,-4,126,-7,232,15" /><INIT seed="7,0,0,5,4,31" ten="334,300,119,247" oya="3" hai0="20,77,49,64,115,38,71,90,36,27,51,93,72" hai1="10,5,30,25,132,0,22,54,53,75,28,112,24" hai2="86,60,67,102,89,68,57,46,109,59,127,69,134" hai3="73,79,43,103,92,39,9,95,7,116,120,6,2"/><W99/><G120/><T129/><D49/><U105/><E105/><V63/><F102/><W32/><G7/><T11/><D11/><U13/><E75/><V26/><F109/><W21/><G21/><T74/><D51/><U118/><E112/><V124/><F89/><W45/><G116/><T114/><D129/><U113/><E113/><N who="0" m="43017" /><D64/><U125/><E125/><V35/><F86/><W80/><G32/><T126/><D71/><U119/><E132/><V40/><F26/><W3/><G3/><T50/><D50/><U4/><E54/><V18/><F18/><W33/><G33/><T16/><D126/><U82/><E82/><V76/><F76/><W41/><G41/><T97/><D77/><U108/><E53/><V94/><F94/><AGARI ba="0,0" hai="2,6,9,39,43,45,73,79,80,92,94,95,99,103" machi="94" ten="30,5800,0" yaku="7,1,25,2" doraHai="31" who="3" fromWho="2" sc="334,0,300,0,119,-58,247,58" /><INIT seed="7,1,0,3,4,130" ten="334,300,61,305" oya="3" hai0="131,77,112,50,100,61,6,25,96,33,64,44,81" hai1="34,98,14,3,135,126,63,78,115,1,13,31,37" hai2="17,84,107,7,2,101,4,54,21,9,103,67,40" hai3="23,134,106,80,72,20,79,83,105,86,65,127,28"/><W32/><G32/><T117/><D117/><U114/><E37/><V24/><F84/><W52/><G127/><T36/><D36/><U60/><E126/><V29/><F54/><W56/><G134/><T16/><D6/><U10/><E78/><V53/><F67/><W90/><G65/><T12/><D112/><N who="1" m="43051" /><E135/><V0/><F53/><W92/><G92/><T45/><D25/><N who="1" m="18799" /><E98/><V113/><F40/><W97/><G28/><T43/><D33/><U76/><E76/><V59/><F59/><W119/><G119/><T51/><D131/><U57/><E14/><V27/><F103/><W5/><G5/><T132/><D132/><U121/><E121/><V35/><F101/><W87/><G72/><T85/><D96/><U41/><E41/><V133/><F107/><W18/><G97/><T11/><D100/><U109/><E109/><V70/><F70/><W95/><G83/><T30/><D30/><U89/><E89/><V125/><F113/><W19/><G105/><T88/><D77/><U124/><E124/><V123/><F123/><W99/><G99/><T122/><D122/><U108/><E108/><V15/><F133/><W118/><G118/><T62/><D64/><N who="1" m="38927" /><E63/><V55/><F125/><W93/><G93/><T71/><D71/><U74/><E74/><V48/><F48/><N who="3" m="30727" /><G106/><T68/><D68/><U47/><E47/><V42/><F55/><AGARI ba="1,0" hai="11,12,16,43,44,45,50,51,55,61,62,81,85,88" machi="55" ten="30,12000,2" yaku="7,1,25,2,8,1,54,2" doraHai="130" who="0" fromWho="2" sc="334,123,300,0,61,-123,305,0" owari="457,55.0,300,-10.0,-62,-56.0,305,11.0" /></mjloggm>