<mjloggm ver="2.3"><GO type="169" lobby="0"/><UN n0="%E3%81%82%E3%81%B2%E3%82%8B%E3%81%95%E3%82%93" n1="%E3%81%AF%E3%81%9A%E3%81%8D" n2="%E3%81%BE%E3%83%BC%E3%81%A1%E3%82%83%E3%82%80" n3="%E3%82%A6%E3%83%AB%E3%83%88%E3%83%A9%E7%AB%8B%E7%9B%B4" dan="17,16,16,17" rate="2121.63,2107.06,2172.33,2172.62" sx="M,M,F,M"/><TAIKYOKU oya="0"/><INIT seed="0,0,0,3,0,56" ten="250,250,250,250" oya="0" hai0="4,6,46,105,134,99,108,1,78,75,15,49,73" hai1="55,118,97,36,123,41,32,5,88,103,8,24,57" hai2="72,133,89,83,120,25,28,42,113,30,130,14,50" hai3="59,125,33,76,93,115,45,17,26,43,54,22,31"/><T79/><D1/><U61/><E123/><V85/><F120/><W119/><G115/><T71/><D134/><U84/><E118/><V44/><F113/><W20/><G119/><T23/><D71/><U2/><E41/><V12/><F133/><W111/><G125/><T116/><D116/><U77/><E36/><V102/><F130/><W64/><G111/><T51/><D108/><U3/><E77/><V95/><F72/><W21/><G76/><T81/><D51/><U129/><E129/><V91/><F102/><W7/><G7/><T67/><D105/><U29/><E2/><V94/><F83/><W60/><G93/><T96/><D78/><U131/><E131/><V19/><F25/><W100/><G100/><T110/><D75/><U98/><REACH who="1" step="1"/><E103/><REACH who="1" ten="250,240,250,250" step="2"/><V16/><F14/><W121/><G121/><T47/><D79/><U39/><E39/><V90/><F91/><W80/><G43/><T132/><D73/><U124/><E124/><V48/><F12/><W107/><G80/><AGARI ba="0,1" hai="3,5,8,24,29,32,55,57,61,80,84,88,97,98" machi="80" ten="30,7700,0" yaku="1,1,7,1,52,1,54,1,53,0" doraHai="56" doraHaiUra="38" who="1" fromWho="3" sc="250,0,240,87,250,0,250,-77" /><INIT seed="1,0,0,0,3,107" ten="250,327,250,173" oya="1" hai0="60,126,73,58,134,68,4,120,105,74,41,35,103" hai1="11,42,113,114,33,130,64,112,109,92,118,37,82" hai2="34,75,71,127,1,63,78,115,0,98,111,116,38" hai3="121,100,18,119,123,23,72,80,26,7,40,28,69"/><U22/><E33/><V49/><RYUUKYOKU type="yao9" ba="0,0" sc="250,0,327,0,250,0,173,0" hai2="0,1,34,38,49,63,71,75,78,98,111,115,116,127" /><INIT seed="1,1,0,4,1,107" ten="250,327,250,173" oya="1" hai0="18,77,109,124,45,59,128,80,60,94,28,78,120" hai1="114,47,53,92,100,127,93,115,34,5,99,6,82" hai2="131,105,55,116,38,24,37,10,36,2,56,73,17" hai3="121,84,11,23,1,13,71,72,62,26,98,63,49"/><U133/><E34/><V64/><F105/><W20/><G121/><T110/><D128/><U113/><E127/><V32/><F116/><W39/><G39/><T43/><D124/><U125/><E125/><V54/><F131/><W66/><G1/><T33/><D120/><U52/><E133/><V81/><F2/><W67/><G98/><T50/><D78/><U117/><E117/><V21/><F10/><W61/><G61/><T9/><D94/><U79/><E93/><V102/><F102/><W46/><G84/><T22/><D28/><U129/><E129/><V31/><F64/><W89/><G89/><T101/><D101/><U0/><E47/><V58/><F58/><W27/><G72/><T97/><D97/><U91/><E91/><V16/><F17/><W41/><G27/><T111/><D9/><U95/><E95/><V112/><F112/><W48/><G48/><T119/><D33/><U7/><REACH who="1" step="1"/><E0/><REACH who="1" ten="250,317,250,173" step="2"/><V103/><F103/><W19/><REACH who="3" step="1"/><G26/><REACH who="3" ten="250,317,250,163" step="2"/><T30/><D119/><U76/><E76/><V12/><F24/><W90/><G90/><T108/><D108/><U3/><E3/><V86/><F32/><W75/><G75/><AGARI ba="1,2" hai="5,6,7,52,53,75,79,82,92,99,100,113,114,115" machi="75" ten="50,9600,0" yaku="1,1,52,1,54,1,53,0" doraHai="107" doraHaiUra="87" who="1" fromWho="3" sc="250,0,317,119,250,0,163,-99" /><INIT seed="1,2,0,3,0,71" ten="250,436,250,64" oya="1" hai0="114,103,11,30,132,2,101,15,59,92,75,44,128" hai1="94,108,126,93,131,100,79,20,17,29,129,117,50" hai2="18,28,125,52,96,118,91,56,97,127,77,58,45" hai3="104,42,26,63,27,34,3,25,67,78,86,33,14"/><U109/><E117/><V83/><F118/><W68/><G3/><T70/><D70/><U112/><E112/><V24/><F18/><W119/><G119/><T12/><D75/><U40/><E29/><V36/><F58/><W105/><G14/><T121/><D114/><U31/><E31/><V134/><F134/><W110/><G110/><N who="1" m="42602" /><E79/><V0/><F0/><W13/><G13/><T115/><D59/><U99/><E126/><N who="2" m="48139" /><F91/><W89/><G78/><T46/><D101/><U48/><E94/><V122/><F122/><W85/><G42/><T61/><D61/><U16/><E17/><V37/><F45/><W9/><G9/><T43/><D46/><N who="1" m="25671" /><E50/><N who="2" m="30743" /><F97/><W88/><G34/><T7/><D30/><U38/><E38/><V19/><F19/><W95/><REACH who="3" step="1"/><G33/><REACH who="3" ten="250,436,250,54" step="2"/><T123/><D115/><U107/><E107/><V5/><F5/><W41/><G41/><T4/><D43/><U39/><E39/><V90/><F77/><W106/><G106/><T72/><D7/><U111/><E111/><V82/><F37/><W124/><G124/><T130/><D4/><U80/><E80/><AGARI ba="2,1" hai="25,26,27,63,67,68,80,85,86,88,89,95,104,105" machi="80" ten="40,2600,0" yaku="1,1,54,1,53,0" doraHai="71" doraHaiUra="116" who="3" fromWho="1" sc="250,0,436,-32,250,0,54,42" /><INIT seed="2,0,0,1,2,8" ten="250,404,250,96" oya="2" hai0="111,13,81,63,36,101,76,106,98,88,102,38,45" hai1="31,128,11,116,92,20,114,10,125,17,27,113,72" hai2="75,95,60,51,134,91,37,94,90,56,93,24,64" hai3="33,30,122,62,50,66,99,73,54,107,46,74,127"/><V70/><F37/><W59/><G122/><T58/><D111/><U40/><E40/><V14/><F75/><W117/><G117/><T34/><D34/><U115/><E72/><V3/><F3/><W21/><G127/><T15/><D38/><U7/><E92/><V12/><F134/><W103/><G21/><T61/><D61/><U32/><E125/><V23/><F70/><W82/><G82/><T4/><D4/><U68/><E68/><V71/><F71/><W135/><G135/><T80/><D102/><U47/><E47/><V78/><F78/><W35/><G35/><T105/><D105/><U44/><E44/><V110/><F51/><W83/><G83/><T41/><D88/><N who="2" m="33834" /><F110/><W6/><G6/><T86/><REACH who="0" step="1"/><D81/><REACH who="0" ten="240,404,250,96" step="2"/><U87/><E115/><V124/><F124/><W39/><G39/><T79/><D79/><U131/><E114/><V84/><F84/><W123/><G123/><T97/><D97/><U85/><E113/><V109/><F109/><W118/><G118/><T67/><AGARI ba="0,1" hai="13,15,36,41,45,58,63,67,76,80,86,98,101,106" machi="67" ten="20,12000,2" yaku="1,1,0,1,7,1,52,2,53,1" doraHai="8" doraHaiUra="100" who="0" fromWho="0" sc="240,130,404,-30,250,-60,96,-30" /><INIT seed="3,0,0,5,1,51" ten="370,374,190,66" oya="3" hai0="25,75,76,125,115,93,22,58,80,40,34,9,2" hai1="21,135,56,84,61,68,28,0,62,46,63,54,7" hai2="122,71,95,77,118,91,44,4,83,96,92,98,74" hai3="131,101,43,88,50,79,41,3,6,64,66,45,69"/><W48/><G131/><T38/><D125/><U13/><E135/><V110/><F71/><W117/><G117/><T78/><D34/><U70/><E0/><V26/><F4/><W108/><G108/><T18/><D78/><U121/><E121/><V102/><F26/><W111/><G111/><T10/><D115/><U124/><E124/><V104/><F110/><W103/><G79/><T59/><D93/><U86/><E46/><V72/><F44/><N who="3" m="25615" /><G6/><N who="0" m="1239" /><D10/><N who="1" m="4319" /><E70/><V126/><F126/><W12/><G12/><T16/><D18/><U127/><E68/><V14/><F14/><W17/><G17/><T52/><D52/><N who="1" m="33927" /><E127/><V81/><F118/><W90/><G3/><T112/><D112/><U105/><E105/><V130/><F130/><W94/><G69/><T1/><D1/><U49/><E63/><V114/><F114/><W5/><G5/><T133/><D133/><U55/><E62/><V116/><F116/><W120/><G120/><T99/><D38/><U36/><E36/><V39/><F39/><W30/><G30/><T35/><D35/><U109/><E109/><V134/><F134/><W24/><G24/><T11/><D25/><N who="1" m="16431" /><E49/><V123/><F104/><W87/><G90/><T113/><D113/><U119/><E119/><V73/><F123/><W47/><G47/><T27/><D75/><N who="2" m="28746" /><F122/><W132/><G132/><T60/><D40/><U31/><E31/><V15/><F15/><W42/><G42/><T89/><D27/><U106/><E106/><V37/><F37/><W33/><G33/><T23/><D59/><U85/><AGARI ba="0,0" hai="54,55,84,85,86" m="16431,33927,4319" machi="85" ten="30,8000,1" yaku="8,1,52,3,54,1" doraHai="51" who="1" fromWho="1" sc="370,-20,374,80,190,-20,66,-40" /><INIT seed="4,0,0,3,2,51" ten="350,454,170,26" oya="0" hai0="39,71,82,30,11,89,118,112,12,130,92,67,47" hai1="35,37,50,111,126,79,54,40,19,29,53,28,2" hai2="84,108,102,69,5,94,9,13,57,31,119,10,38" hai3="62,106,65,0,41,25,95,132,20,101,61,56,6"/><T26/><D118/><U93/><E2/><V18/><F69/><W32/><G132/><T49/><D112/><U14/><E111/><V44/><F108/><W27/><G41/><T134/><D130/><U55/><E126/><V68/><F68/><W87/><G32/><T23/><D134/><U80/><E37/><V100/><F31/><W42/><G42/><T63/><D39/><U115/><E115/><V24/><F38/><W17/><G106/><T86/><D12/><U81/><E93/><V133/><F44/><W76/><G0/><T91/><D11/><U33/><E33/><V16/><F18/><W105/><G6/><T107/><D107/><U98/><E98/><V90/><F119/><W64/><G105/><T72/><D72/><U78/><E81/><V43/><F43/><W129/><G129/><T4/><D4/><U1/><E1/><V117/><F117/><W22/><G76/><N who="1" m="29226" /><E80/><V59/><F133/><W99/><G87/><T74/><D74/><U36/><E35/><V60/><F59/><W85/><G85/><T124/><D124/><U96/><E96/><V127/><F127/><W8/><G8/><T7/><D7/><U123/><E36/><V75/><F75/><W97/><G95/><T104/><D104/><U121/><E123/><V73/><F73/><W110/><G101/><T88/><REACH who="0" step="1"/><D92/><REACH who="0" ten="340,454,170,26" step="2"/><U77/><E14/><N who="2" m="5423" /><F24/><W122/><G110/><T114/><D114/><U83/><E121/><V15/><F15/><W135/><G122/><T125/><D125/><U46/><E83/><V103/><F103/><W113/><G135/><T109/><D109/><RYUUKYOKU ba="0,1" sc="340,15,454,-15,170,15,26,-15" hai0="23,26,30,47,49,63,67,71,82,86,88,89,91" hai2="10,13,16,57,60,84,90,94,100,102" /><INIT seed="4,1,1,4,2,37" ten="355,439,185,11" oya="0" hai0="16,30,93,91,12,78,76,44,19,74,55,81,133" hai1="132,86,123,97,29,1,98,117,26,53,104,114,102" hai2="72,4,129,111,56,107,87,43,124,6,94,15,65" hai3="126,33,23,79,83,122,106,88,115,116,45,54,7"/><T77/><D133/><U36/><E123/><V51/><F107/><W27/><G116/><T11/><D30/><U61/><E117/><V69/><F69/><W121/><G115/><T92/><D92/><U63/><E1/><V32/><F32/><W75/><G126/><T119/><D119/><U57/><E36/><V68/><F68/><W34/><G106/><T38/><D19/><U58/><E132/><V127/><F72/><W100/><G100/><T52/><D55/><U20/><E114/><V10/><F111/><W22/><G7/><T28/><D28/><U110/><E110/><V103/><F129/><W80/><G23/><T120/><D120/><N who="3" m="46185" /><G54/><T50/><REACH who="0" step="1"/><D38/><REACH who="0" ten="345,439,185,11" step="2"/><U113/><E113/><V0/><F94/><W82/><G45/><T90/><D90/><U112/><E112/><V70/><F127/><W47/><G47/><T131/><D131/><U71/><E29/><V99/><F124/><W39/><G39/><T118/><D118/><U101/><E104/><V89/><F89/><W134/><G134/><T3/><D3/><U62/><E53/><V8/><F0/><W41/><G41/><T14/><D14/><U5/><E5/><V48/><F15/><W49/><G49/><T40/><D40/><U96/><E101/><V2/><F43/><W85/><G82/><T21/><D21/><U35/><E102/><V9/><F2/><W84/><G75/><T66/><D66/><U31/><E20/><V125/><F125/><W46/><G46/><T60/><D60/><U109/><E109/><V108/><F108/><W73/><G73/><T24/><D24/><RYUUKYOKU ba="1,2" sc="345,15,439,-15,185,-15,11,15" hai0="11,12,16,44,50,52,74,76,77,78,81,91,93" hai3="22,27,33,34,79,80,83,84,85,88" /><INIT seed="4,2,2,2,1,68" ten="360,424,170,26" oya="0" hai0="16,100,107,130,19,129,54,132,21,122,31,45,36" hai1="27,92,97,73,89,62,131,51,34,106,50,101,67" hai2="29,115,108,52,14,69,40,110,87,128,25,63,90" hai3="55,77,58,124,71,126,135,121,32,88,84,70,9"/><T81/><D122/><U65/><E131/><N who="0" m="50185" /><D132/><U85/><E67/><V26/><F128/><W1/><G32/><T46/><D31/><U98/><E73/><V18/><F115/><W102/><G135/><T93/><D107/><U103/><E85/><V61/><F40/><W86/><G121/><T64/><D64/><U66/><E66/><V22/><F69/><W96/><G77/><T83/><D54/><U2/><E2/><V80/><F26/><W24/><G24/><N who="0" m="14375" /><D19/><U120/><E120/><V74/><F74/><W57/><G70/><T104/><D104/><U114/><E114/><V133/><F133/><W17/><G71/><T4/><D4/><U13/><E13/><V119/><F119/><W112/><G112/><T72/><D72/><U12/><E106/><V42/><F42/><W125/><G102/><T23/><D23/><U5/><E5/><V117/><F117/><W79/><G79/><T95/><D46/><U43/><E101/><V116/><F116/><W127/><N who="3" m="31744" /><DORA hai="33" /><W94/><G57/><T60/><D60/><U91/><E62/><V123/><F63/><N who="3" m="36319" /><G17/><T0/><D0/><U53/><E65/><V39/><F123/><W41/><G41/><N who="0" m="22695" /><D100/><U59/><E103/><V76/><F61/><W48/><G48/><T28/><D28/><U111/><E34/><V6/><F29/><W109/><G109/><T3/><D3/><U7/><E111/><V75/><F110/><W49/><G49/><T35/><D35/><U44/><E27/><V8/><F108/><W30/><G30/><T105/><D105/><U99/><E91/><V56/><F90/><RYUUKYOKU ba="2,2" sc="360,10,424,10,170,-30,26,10" hai0="81,83,93,95" hai1="7,12,43,44,50,51,53,59,89,92,97,98,99" hai3="1,9,84,86,88,94,96" /><INIT seed="4,3,2,5,5,86" ten="370,434,140,36" oya="0" hai0="98,38,75,71,123,21,66,85,93,63,130,3,90" hai1="11,115,122,109,108,39,15,50,14,9,64,95,101" hai2="100,125,35,67,102,117,0,89,79,131,124,60,114" hai3="13,1,2,97,30,107,91,134,96,99,73,132,26"/><T28/><D123/><U92/><E39/><V43/><F0/><N who="3" m="107" /><G73/><T69/><D75/><U46/><E122/><V24/><F117/><W110/><G13/><T12/><D3/><U5/><E64/><V112/><F79/><W51/><G51/><T31/><D38/><U105/><E105/><V41/><F24/><W59/><G59/><T61/><D130/><U128/><E128/><V78/><F78/><W88/><G107/><T94/><D69/><U121/><E121/><V55/><F35/><N who="3" m="20951" /><G110/><T104/><D104/><U37/><E37/><V62/><F131/><W20/><G20/><T19/><REACH who="0" step="1"/><D63/><REACH who="0" ten="360,434,140,36" step="2"/><U47/><E109/><V34/><F62/><W7/><G7/><T77/><D77/><U103/><E108/><V6/><F60/><W44/><G44/><T57/><D57/><U29/><E115/><V111/><F111/><W127/><G127/><T23/><D23/><U113/><E113/><V106/><F106/><W83/><G83/><T135/><D135/><AGARI ba="3,3" hai="88,91,96,97,99,132,134,135" m="20951,107" machi="135" ten="40,8000,1" yaku="20,1,52,2,54,1" doraHai="86" who="3" fromWho="0" sc="360,-89,434,0,140,0,36,119" /><INIT seed="5,0,0,3,4,116" ten="271,434,140,155" oya="1" hai0="90,12,73,35,25,72,110,3,5,46,50,125,20" hai1="126,81,30,0,54,101,16,28,124,2,76,83,44" hai2="86,19,21,64,91,89,11,117,134,103,52,63,36" hai3="104,129,56,88,100,107,69,130,135,82,106,98,79"/><U24/><E101/><V43/><F117/><W13/><G69/><T123/><D110/><U87/><E83/><V122/><F122/><W99/><G56/><T112/><D35/><U40/><E54/><V120/><F120/><W92/><G13/><T93/><D3/><U78/><E78/><V4/><F134/><W96/><G135/><T59/><D112/><U14/><E0/><V95/><F103/><W41/><G41/><T67/><D125/><N who="1" m="48235" /><E2/><V119/><F119/><W49/><G49/><T77/><D123/><U57/><E24/><V51/><F91/><W84/><REACH who="3" step="1"/><G100/><REACH who="3" ten="271,434,140,145" step="2"/><T70/><D70/><U60/><E57/><V94/><F43/><W111/><G111/><T97/><D59/><U74/><E60/><V102/><F102/><W109/><G109/><T38/><D50/><N who="1" m="26887" /><E74/><AGARI ba="0,1" hai="74,79,82,84,88,92,96,98,99,104,106,107,129,130" machi="74" ten="50,8000,1" yaku="1,1,34,3,54,1,53,0" doraHai="116" doraHaiUra="31" who="3" fromWho="1" sc="271,0,434,-80,140,0,145,90" /><INIT seed="6,0,0,2,1,73" ten="271,354,140,235" oya="2" hai0="23,96,61,116,75,2,112,123,92,129,15,21,100" hai1="47,25,74,0,35,114,107,124,63,46,45,37,16" hai2="119,121,64,108,99,22,5,88,118,68,4,14,44" hai3="34,36,31,51,24,13,76,126,30,7,117,59,53"/><V69/><F121/><W66/><G117/><T50/><D2/><U60/><E107/><V52/><F108/><W132/><G36/><T32/><D32/><U48/><E37/><V54/><F22/><W81/><G126/><T12/><D123/><U18/><E74/><V56/><F44/><W101/><G132/><T86/><D75/><U41/><E0/><V109/><F109/><W95/><G66/><T11/><D112/><U89/><E124/><V113/><F113/><W133/><G133/><T58/><D129/><U115/><E35/><V127/><F127/><W103/><G95/><T130/><D130/><U98/><E114/><V79/><F79/><W28/><G24/><T97/><D116/><U93/><E115/><V125/><F125/><W27/><G27/><T17/><D50/><U6/><E6/><V71/><F64/><W26/><G26/><T122/><D122/><U19/><E25/><V90/><F69/><W49/><G49/><T106/><D15/><U29/><E29/><V87/><F14/><W72/><REACH who="3" step="1"/><G34/><REACH who="3" ten="271,354,140,225" step="2"/><T82/><D92/><U42/><E48/><V105/><F105/><W134/><G134/><T131/><D131/><U62/><AGARI ba="0,1" hai="16,18,19,41,42,45,46,47,60,62,63,89,93,98" machi="62" ten="40,8000,1" yaku="0,1,29,2,8,1,54,1" doraHai="73" who="1" fromWho="1" sc="271,-20,354,90,140,-40,225,-20" /><INIT seed="7,0,0,1,1,72" ten="251,444,100,205" oya="3" hai0="15,70,34,25,17,87,52,3,63,24,118,29,23" hai1="71,44,56,53,127,55,41,99,36,123,96,101,60" hai2="103,64,39,35,5,111,94,68,122,45,61,92,104" hai3="28,117,86,114,20,50,109,98,116,58,37,54,80"/><W12/><G37/><T73/><D73/><U131/><E123/><V74/><F111/><W4/><G114/><T57/><D3/><U10/><E127/><V115/><F115/><W51/><G109/><T120/><D120/><U125/><E125/><V42/><F122/><W93/><G50/><T27/><D118/><U75/><E75/><V22/><F22/><W0/><G0/><T133/><D133/><U124/><E124/><V88/><F5/><W79/><G28/><T102/><D70/><U91/><E131/><V49/><F74/><W69/><G69/><T8/><D102/><U46/><E91/><V78/><F78/><W65/><G65/><T9/><D34/><U83/><E83/><V100/><F94/><W89/><G4/><T47/><D8/><U40/><E10/><V77/><F77/><W2/><G2/><T14/><D14/><U134/><E134/><V6/><F6/><W32/><G32/><T132/><D132/><U82/><E82/><V112/><F112/><W135/><G135/><T33/><D33/><U108/><E108/><V85/><F104/><W95/><G95/><T126/><D126/><U84/><E84/><V11/><F11/><W43/><G43/><T113/><D113/><U90/><E90/><V19/><F35/><W59/><G117/><T66/><D87/><U38/><E71/><V62/><F19/><N who="3" m="10343" /><G116/><T105/><D105/><U76/><E53/><V30/><F30/><W110/><G110/><T129/><D129/><U107/><E99/><V67/><F39/><W1/><G93/><T130/><D130/><U21/><E21/><RYUUKYOKU ba="0,0" sc="251,10,444,10,100,10,205,-30" hai0="9,15,17,23,24,25,27,29,47,52,57,63,66" hai1="36,38,40,41,44,46,55,56,60,76,96,101,107" hai2="42,45,49,61,62,64,67,68,85,88,92,100,103" owari="261,6.0,454,55.0,110,-39.0,175,-22.0" /></mjloggm>