<mjloggm ver="2.3"><GO type="97" lobby="0"/><UN n0="%E3%83%9D%E3%83%97%E3%83%A9%E3%81%A7%E3%81%99" n1="%E5%B0%B1%E6%B4%BB%E7%94%9F%40%E5%B7%9D%E6%9D%91%E8%BB%8D%E5%9B%A3" n2="%72%79%75%2D%74%61%6E" n3="%E6%B0%97%E3%83%AC%E3%83%B3%E3%82%B8%E3%83%A3%E3%83%BC" dan="14,15,13,15" rate="1930.44,2022.26,1862.31,2006.27" sx="M,M,M,M"/><TAIKYOKU oya="0"/><INIT seed="0,0,0,0,2,109" ten="250,250,250,250" oya="0" hai0="8,36,46,60,43,130,29,103,18,19,28,111,12" hai1="52,45,134,93,79,41,88,133,94,4,15,112,98" hai2="82,56,47,120,25,72,61,115,23,113,55,59,114" hai3="104,106,126,0,54,6,50,42,92,83,127,33,66"/><T20/><D130/><U84/><E112/><V26/><F120/><W53/><G33/><T69/><D111/><U100/><E79/><V24/><F47/><N who="3" m="25975" /><G66/><T91/><D103/><U89/><E100/><V16/><REACH who="2" step="1"/><F59/><REACH who="2" ten="250,250,240,250" step="2"/><W110/><G110/><T62/><D69/><U3/><E45/><V80/><F80/><W5/><G83/><T96/><D62/><U123/><E123/><V51/><F51/><W124/><G126/><T132/><D60/><U101/><E41/><V11/><F11/><W135/><G124/><T129/><D129/><U70/><E70/><V121/><F121/><W37/><G127/><T99/><D132/><U30/><E133/><V107/><F107/><W116/><G104/><T64/><D64/><U39/><E134/><V63/><F63/><W68/><G106/><T17/><D96/><U34/><E39/><V105/><F105/><W32/><G37/><T31/><D99/><U13/><E98/><V14/><F14/><W40/><G135/><T58/><D58/><U65/><E15/><V7/><F7/><W117/><G6/><T108/><D108/><U78/><E13/><V57/><F57/><W38/><G68/><T22/><REACH who="0" step="1"/><D91/><REACH who="0" ten="240,250,240,250" step="2"/><U75/><E89/><V21/><F21/><AGARI ba="0,2" hai="8,12,17,18,19,20,21,22,28,29,31,36,43,46" machi="21" ten="40,3900,0" yaku="1,1,2,1,53,0" doraHai="109" doraHaiUra="119" who="0" fromWho="2" sc="240,59,250,0,240,-39,250,0" /><INIT seed="0,1,0,5,0,95" ten="299,250,201,250" oya="0" hai0="35,66,133,96,123,18,102,88,51,62,127,28,52" hai1="56,15,42,111,64,68,70,79,32,48,75,53,110" hai2="50,5,104,134,99,16,84,39,23,117,119,12,90" hai3="97,101,67,89,129,121,124,17,109,69,38,9,74"/><T114/><D123/><U54/><E32/><V126/><F39/><W19/><G38/><T77/><D114/><U26/><E75/><V98/><F126/><W82/><G124/><T22/><D127/><U46/><E79/><V21/><F134/><W1/><G121/><T125/><D125/><U105/><E105/><V71/><F71/><N who="1" m="27177" /><E26/><V85/><F50/><W27/><G69/><T49/><D77/><U55/><E15/><V106/><F5/><W4/><G67/><T91/><D28/><U65/><E56/><V112/><F112/><W107/><G109/><AGARI ba="1,0" hai="42,46,48,53,54,55,64,65,109,110,111" m="27177" machi="109" ten="40,5200,0" yaku="14,1,34,2" doraHai="95" who="1" fromWho="3" sc="299,0,250,55,201,0,250,-55" /><INIT seed="1,0,0,5,5,30" ten="299,305,201,195" oya="1" hai0="98,77,76,111,11,19,127,104,14,129,70,37,29" hai1="131,123,81,72,117,89,121,101,96,106,107,40,114" hai2="99,33,44,7,128,21,93,48,26,86,75,115,103" hai3="25,15,130,2,66,31,27,95,126,56,133,116,120"/><U119/><E40/><V83/><F75/><W112/><G120/><N who="1" m="46154" /><E114/><V97/><F128/><W67/><G2/><T105/><D129/><U135/><E131/><V8/><F115/><W47/><G112/><T79/><D70/><U61/><E61/><V84/><F99/><W43/><G130/><T49/><D37/><U60/><E60/><V92/><F92/><W73/><G73/><T39/><D39/><U35/><E35/><V85/><F83/><W87/><G56/><T94/><D111/><U62/><E62/><V59/><F59/><W122/><G122/><T18/><D127/><U10/><E10/><V134/><F134/><W51/><G133/><T5/><D29/><U125/><E125/><V50/><F44/><W32/><G116/><T4/><D49/><U36/><E36/><V118/><F118/><W90/><G126/><T52/><D105/><U78/><E107/><V3/><REACH who="2" step="1"/><F33/><REACH who="2" ten="299,305,191,195" step="2"/><W124/><G124/><T54/><D104/><U41/><E135/><V24/><F24/><W55/><G27/><T12/><D94/><U53/><E106/><V6/><F6/><N who="0" m="2666" /><D98/><U80/><E96/><V28/><AGARI ba="0,1" hai="3,7,8,21,26,28,48,50,84,85,86,93,97,103" machi="28" ten="30,2000,0" yaku="1,1,0,1,53,0" doraHai="30" doraHaiUra="100" who="2" fromWho="2" sc="299,-5,305,-10,191,30,195,-5" /><INIT seed="2,0,0,4,2,48" ten="294,295,221,190" oya="2" hai0="81,41,11,59,53,23,76,72,12,126,67,90,128" hai1="43,49,75,109,110,133,86,55,92,66,68,24,27" hai2="83,95,33,45,9,135,98,13,1,65,118,82,35" hai3="73,121,40,17,6,102,122,104,69,112,87,34,50"/><V71/><F118/><W58/><G73/><T63/><D128/><U116/><E75/><V106/><F106/><W114/><G69/><T74/><D126/><U8/><E116/><V4/><F135/><W44/><G34/><T22/><D74/><U64/><E133/><V84/><F45/><W125/><G6/><T79/><D79/><U10/><E43/><V26/><F1/><W16/><G87/><T42/><D90/><N who="1" m="53335" /><E10/><V20/><F65/><N who="1" m="25193" /><E8/><V129/><F129/><W78/><G58/><T0/><D0/><U61/><E61/><V62/><F62/><W134/><G78/><T132/><D132/><U2/><E2/><V36/><F36/><W130/><G125/><T70/><D41/><U30/><E30/><V37/><F37/><W117/><G117/><T5/><REACH who="0" step="1"/><D42/><REACH who="0" ten="284,295,221,190" step="2"/><U107/><E68/><V89/><F71/><W105/><G130/><T25/><D25/><U113/><E113/><N who="3" m="43626" /><G134/><T85/><D85/><U52/><E27/><V28/><REACH who="2" step="1"/><F83/><REACH who="2" ten="284,295,211,190" step="2"/><W120/><G102/><AGARI ba="0,2" hai="4,9,13,20,26,28,33,35,82,84,89,95,98,102" machi="102" ten="30,5800,0" yaku="1,1,2,1,7,1,53,0" doraHai="48" doraHaiUra="127" who="2" fromWho="3" sc="284,0,295,0,211,78,190,-58" /><INIT seed="2,1,0,5,3,113" ten="284,295,289,132" oya="2" hai0="123,4,60,20,54,125,44,41,38,92,132,17,96" hai1="65,47,78,53,33,10,69,64,25,76,37,89,14" hai2="16,3,124,7,68,58,27,39,103,23,71,40,86" hai3="117,2,81,73,51,26,9,97,134,115,8,130,122"/><V126/><F103/><W29/><G122/><T57/><D123/><U56/><E37/><V135/><F135/><W67/><G117/><T110/><D132/><U111/><E111/><V48/><F86/><W5/><G134/><T80/><D110/><U118/><E118/><V99/><F99/><W24/><G115/><T94/><D125/><N who="2" m="48234" /><F39/><W15/><G130/><T52/><D80/><U72/><E72/><V13/><F3/><W11/><G67/><N who="1" m="25674" /><E33/><V88/><F88/><W0/><G97/><T128/><D128/><U74/><E69/><V98/><F98/><W82/><G51/><T66/><D4/><N who="1" m="3399" /><E74/><V83/><F83/><W21/><G81/><T93/><REACH who="0" step="1"/><D96/><REACH who="0" ten="274,295,289,132" step="2"/><U42/><E78/><V50/><F50/><W34/><G82/><T114/><D114/><U75/><E76/><V46/><F58/><W105/><G73/><T79/><D79/><U1/><E56/><V121/><F121/><W18/><REACH who="3" step="1"/><G105/><REACH who="3" ten="274,295,289,122" step="2"/><T43/><D43/><U49/><E42/><V109/><F109/><W6/><G6/><T45/><D45/><U35/><E47/><V63/><F63/><W107/><G107/><T102/><D102/><U95/><E75/><V90/><F90/><W108/><G108/><T61/><D61/><U85/><E89/><V116/><F116/><W129/><G129/><T31/><D31/><N who="1" m="19951" /><E49/><V91/><F91/><W77/><G77/><T106/><D106/><U127/><E127/><V30/><F7/><W19/><G19/><T120/><D120/><U70/><E95/><V112/><F112/><W59/><G59/><T32/><D32/><AGARI ba="1,2" hai="13,16,23,27,30,32,40,46,48,68,71" m="48234" machi="32" ten="30,2900,0" yaku="18,1,54,1" doraHai="113" who="2" fromWho="0" sc="274,-32,295,0,289,52,122,0" /><INIT seed="2,2,0,4,1,99" ten="242,295,341,122" oya="2" hai0="119,121,37,67,104,45,22,44,105,114,85,27,117" hai1="113,11,16,24,109,34,68,131,120,29,95,77,72" hai2="33,38,47,112,108,13,84,20,3,39,79,55,86" hai3="100,118,46,35,5,134,90,19,129,101,87,74,4"/><V81/><F112/><W57/><G118/><T36/><D114/><U58/><E68/><V63/><F3/><W73/><G35/><T23/><D121/><U56/><E120/><V51/><F33/><W28/><G28/><T133/><D85/><U48/><E113/><V61/><F108/><W103/><G129/><T14/><D14/><U102/><E109/><V1/><F1/><W126/><G126/><T107/><D67/><U127/><E127/><V8/><F20/><W26/><G134/><T128/><D128/><U30/><E30/><V66/><F86/><W60/><G46/><T124/><D124/><U97/><E48/><V106/><F106/><W111/><G111/><T92/><D92/><U2/><E131/><V62/><REACH who="2" step="1"/><F66/><REACH who="2" ten="242,295,331,122" step="2"/><N who="3" m="39183" /><G73/><T125/><D125/><U49/><E72/><V132/><F132/><W130/><G74/><T80/><D133/><U31/><E2/><V135/><F135/><W25/><G130/><T40/><D107/><U89/><E34/><V65/><F65/><W64/><G64/><T10/><D105/><U18/><E31/><V12/><F12/><W41/><G41/><T43/><D104/><U70/><E29/><V52/><F52/><W115/><G115/><T88/><D117/><U94/><E70/><V21/><F21/><N who="3" m="13503" /><G26/><T71/><D27/><U15/><E24/><V75/><F75/><W59/><G59/><T110/><D71/><U42/><E58/><V76/><F76/><W0/><G0/><T96/><D119/><U123/><E77/><V50/><F50/><W91/><G91/><T69/><D69/><U9/><E89/><RYUUKYOKU ba="2,1" sc="242,-15,295,-15,331,15,122,15" hai2="8,13,38,39,47,51,55,61,62,63,79,81,84" hai3="4,5,87,90,100,101,103" /><INIT seed="2,3,1,3,3,22" ten="227,280,346,137" oya="2" hai0="11,63,67,72,114,50,94,13,113,8,85,56,106" hai1="76,40,132,31,64,103,110,69,111,0,107,24,78" hai2="59,127,74,95,99,115,102,48,83,68,82,77,131" hai3="70,60,119,46,92,58,90,96,128,104,44,9,135"/><V62/><F115/><W37/><G119/><T120/><D106/><U130/><E0/><V53/><F127/><W52/><G128/><T109/><D72/><U15/><E130/><V81/><REACH who="2" step="1"/><F131/><REACH who="2" ten="227,280,336,137" step="2"/><W79/><G135/><T87/><D120/><U39/><E132/><V122/><F122/><W61/><G37/><T112/><D109/><U124/><E111/><V6/><F6/><W117/><G117/><T21/><D114/><U66/><E110/><V71/><F71/><W80/><G104/><T17/><D113/><U10/><E69/><V3/><F3/><W73/><REACH who="3" step="1"/><G9/><REACH who="3" ten="227,280,336,127" step="2"/><T98/><D112/><U38/><E10/><V41/><F41/><W33/><G33/><T20/><D11/><U91/><E40/><V18/><F18/><W2/><G2/><T7/><D20/><U16/><E107/><V134/><F134/><W101/><G101/><T45/><D17/><U126/><E103/><V121/><F121/><W116/><G116/><T1/><D21/><U25/><E39/><V100/><F100/><W97/><G97/><T36/><D36/><U89/><E38/><V65/><AGARI ba="3,3" hai="48,53,59,62,65,68,74,77,81,82,83,95,99,102" machi="65" ten="30,6000,0" yaku="1,1,0,1,53,1" doraHai="22" doraHaiUra="49" who="2" fromWho="2" sc="227,-23,280,-23,336,99,127,-23" /><INIT seed="2,4,0,4,5,134" ten="204,257,435,104" oya="2" hai0="132,31,86,99,110,62,76,16,54,97,19,48,65" hai1="106,122,49,29,78,47,101,33,22,28,60,108,93" hai2="74,25,1,20,10,87,40,116,18,64,117,109,127" hai3="79,90,58,118,113,52,88,94,42,24,81,59,37"/><V61/><F74/><W0/><G118/><T82/><D132/><U69/><E106/><V75/><F75/><W55/><G0/><T98/><D110/><U80/><E33/><V120/><F120/><W95/><G113/><T104/><D104/><U3/><E3/><V14/><F109/><W41/><G24/><T68/><REACH who="0" step="1"/><D31/><REACH who="0" ten="194,257,435,104" step="2"/><U107/><E107/><V128/><F128/><W124/><G37/><T30/><D30/><U46/><E108/><V36/><F117/><W125/><REACH who="3" step="1"/><G81/><REACH who="3" ten="194,257,435,94" step="2"/><T102/><D102/><U111/><E80/><V51/><F116/><W2/><G2/><T45/><AGARI ba="4,2" hai="16,19,45,48,54,62,65,68,76,82,86,97,98,99" machi="45" ten="30,4000,0" yaku="1,1,0,1,54,1,53,0" doraHai="134" doraHaiUra="100" who="0" fromWho="0" sc="194,72,257,-14,435,-24,94,-14" /><INIT seed="3,0,0,0,3,91" ten="266,243,411,80" oya="3" hai0="7,88,31,18,131,4,80,62,14,89,132,38,9" hai1="57,104,119,76,60,107,100,101,86,56,15,66,35" hai2="78,10,43,97,30,48,110,61,36,21,103,108,27" hai3="122,58,114,47,45,29,84,33,116,32,92,135,49"/><W26/><G122/><T133/><D38/><U46/><E119/><V126/><F36/><W17/><G116/><T68/><D131/><U118/><E35/><V109/><F126/><W11/><G114/><T93/><D68/><U123/><E118/><V44/><F78/><W117/><G117/><T51/><D31/><U19/><E123/><V22/><F10/><W72/><G72/><T99/><D62/><U28/><E28/><V125/><F125/><W129/><G129/><T12/><D12/><U112/><E112/><V34/><F61/><W6/><G135/><N who="0" m="51787" /><D51/><U77/><E104/><AGARI ba="0,0" hai="21,22,27,30,34,43,44,48,97,103,104,108,109,110" machi="104" ten="40,1300,0" yaku="14,1" doraHai="91" who="2" fromWho="1" sc="266,0,243,-13,411,13,80,0" owari="266,7.0,230,-17.0,424,52.0,80,-42.0" /></mjloggm>