<mjloggm ver="2.3"><GO type="97" lobby="0"/><UN n0="%E5%B0%B1%E6%B4%BB%E7%94%9F%40%E5%B7%9D%E6%9D%91%E8%BB%8D%E5%9B%A3" n1="%6B%69%74%70%6F%77%35" n2="%E7%B5%B6%E5%AF%BE%E4%B8%8D%E5%8F%AF%E4%BE%B5%E9%A0%98%E5%9F%9F" n3="%67%61%6D%61%67%61%65%72" dan="15,13,16,14" rate="2086.44,1895.10,2068.46,1947.66" sx="M,M,M,M"/><TAIKYOKU oya="0"/><INIT seed="0,0,0,2,0,80" ten="250,250,250,250" oya="0" hai0="2,27,91,18,119,78,126,114,20,72,7,19,131" hai1="70,63,9,132,37,82,15,38,83,3,94,86,98" hai2="121,48,95,13,14,104,129,35,21,100,111,42,44" hai3="118,113,76,16,85,127,31,109,130,71,87,58,56"/><T75/><D114/><U33/><E3/><V117/><F35/><W108/><G113/><T54/><D126/><U128/><E33/><V12/><F104/><W6/><G127/><T57/><D131/><U90/><E128/><V46/><F129/><W28/><G118/><T135/><D135/><U65/><E132/><V97/><F121/><W26/><G71/><T115/><D115/><U60/><E63/><V50/><F111/><N who="3" m="42571" /><G130/><T67/><D67/><U52/><E52/><N who="2" m="29703" /><F117/><W40/><G40/><T103/><D103/><U120/><E120/><V10/><F21/><N who="3" m="13607" /><G6/><AGARI ba="0,0" hai="6,10,12,13,14,42,46,50,95,97,100" m="29703" machi="6" ten="30,2000,0" yaku="8,1,54,1" doraHai="80" who="2" fromWho="3" sc="250,0,250,0,250,20,250,-20" /><INIT seed="1,0,0,4,5,54" ten="250,250,270,230" oya="1" hai0="56,5,132,119,19,66,123,7,69,102,61,52,78" hai1="44,87,46,15,73,72,51,95,45,121,93,2,39" hai2="31,134,108,13,57,83,105,48,124,130,90,101,16" hai3="62,38,97,42,40,30,1,63,81,60,85,70,76"/><U100/><E2/><V107/><F108/><W126/><G1/><T114/><D119/><U25/><E39/><V135/><F31/><W84/><G126/><T111/><D111/><U120/><E51/><V4/><F124/><W112/><G112/><T12/><D114/><U128/><E128/><V58/><F4/><W17/><G30/><T113/><D113/><U131/><E131/><V59/><F130/><W68/><G97/><T89/><D102/><U18/><E25/><V77/><F90/><W115/><G115/><T34/><D34/><U8/><E87/><N who="2" m="48623" /><F101/><W36/><G17/><T32/><D32/><U75/><REACH who="1" step="1"/><E100/><REACH who="1" ten="250,240,270,230" step="2"/><V82/><F48/><W129/><G129/><T0/><D0/><U104/><E104/><V33/><F107/><W55/><G81/><T14/><D123/><AGARI ba="0,1" hai="8,15,18,44,45,46,72,73,75,93,95,120,121,123" machi="123" ten="50,2400,0" yaku="1,1,53,0" doraHai="54" doraHaiUra="49" who="1" fromWho="0" sc="250,-24,240,34,270,0,230,0" /><INIT seed="1,1,0,1,3,10" ten="226,274,270,230" oya="1" hai0="129,89,104,132,110,7,106,8,80,47,121,45,24" hai1="114,1,94,33,4,50,29,53,85,82,75,42,32" hai2="67,28,13,3,120,98,102,123,105,95,76,68,54" hai3="55,111,20,61,93,27,21,79,72,87,36,43,15"/><U51/><E75/><V26/><F3/><W34/><G72/><T103/><D121/><U31/><E114/><V6/><F76/><W78/><G111/><T116/><D110/><U16/><E4/><V23/><F54/><W109/><G109/><T92/><D129/><U81/><E1/><V108/><F108/><W135/><G135/><T60/><D132/><U125/><E125/><V22/><F22/><W122/><G122/><T44/><D24/><U49/><E42/><V115/><F95/><W35/><G36/><T99/><D60/><U5/><E5/><V70/><F70/><W63/><G43/><T18/><D18/><U57/><E33/><N who="2" m="20631" /><F115/><W14/><G93/><T46/><D116/><U69/><E69/><V128/><F128/><W100/><G55/><T2/><N who="0" m="11264" /><DORA hai="48" /><T52/><D52/><N who="1" m="31887" /><E32/><V88/><F6/><W59/><G59/><T17/><D17/><U101/><E16/><N who="2" m="10639" /><F88/><W19/><G19/><T133/><D133/><U127/><E127/><V134/><F134/><W40/><G40/><T107/><REACH who="0" step="1"/><D80/><REACH who="0" ten="216,274,270,230" step="2"/><N who="1" m="30827" /><E53/><V84/><F123/><W56/><G63/><T11/><D11/><U25/><E25/><V74/><F120/><W77/><G61/><T12/><D12/><U119/><E119/><V38/><F38/><W96/><G27/><T64/><D64/><U86/><E51/><V83/><F67/><W126/><G126/><T91/><AGARI ba="1,1" hai="2,7,8,89,91,92,99,103,104,106,107" m="11264" machi="91" ten="50,3200,0" yaku="1,1,0,1,53,0" doraHai="10,48" doraHaiUra="131,37" who="0" fromWho="0" sc="216,45,274,-17,270,-9,230,-9" /><INIT seed="2,0,0,2,1,63" ten="261,257,261,221" oya="2" hai0="107,20,108,45,74,1,51,52,117,123,50,23,61" hai1="22,67,86,40,109,25,42,64,94,3,60,78,88" hai2="69,73,28,62,76,92,81,68,21,114,8,44,4" hai3="48,57,91,93,96,98,116,47,70,17,100,84,43"/><V53/><F114/><W115/><G116/><T125/><D1/><U55/><E3/><V18/><F28/><W41/><G70/><T66/><D107/><U113/><E113/><V19/><F92/><W39/><G115/><T79/><D108/><U5/><E5/><V130/><F130/><W121/><G121/><T65/><D125/><U82/><E109/><V131/><F131/><W101/><G39/><T16/><D123/><U111/><E111/><V127/><F127/><W24/><G57/><N who="0" m="34983" /><D74/><U27/><E27/><V37/><F53/><W46/><G24/><N who="0" m="14343" /><D79/><U124/><E124/><V102/><F21/><W6/><G6/><T118/><D23/><U33/><E33/><V135/><F102/><N who="3" m="39531" /><G17/><T87/><D87/><N who="1" m="48599" /><E55/><V54/><F69/><W132/><G41/><N who="1" m="15978" /><E60/><V120/><F37/><W30/><G47/><T72/><D72/><U13/><E13/><N who="2" m="5255" /><F68/><W128/><G128/><T104/><D104/><U10/><E10/><V26/><F120/><W112/><G112/><T35/><D35/><U11/><E11/><V49/><F62/><W38/><G38/><T119/><D45/><U110/><E110/><V80/><F26/><W134/><G30/><AGARI ba="0,0" hai="22,25,30,64,67,86,88,94" m="15978,48599" machi="30" ten="30,7700,0" yaku="8,1,52,2,54,1" doraHai="63" who="1" fromWho="3" sc="261,0,257,77,261,0,221,-77" /><INIT seed="3,0,0,3,2,92" ten="261,334,261,144" oya="3" hai0="54,59,63,99,0,37,125,49,47,12,38,103,101" hai1="68,33,35,126,51,25,3,77,26,114,130,23,122" hai2="42,75,36,88,78,71,80,118,87,20,40,43,48" hai3="93,5,119,16,61,84,69,89,76,45,52,120,46"/><W6/><G119/><T34/><D0/><U90/><E68/><V4/><F118/><W17/><G120/><T109/><D109/><U41/><E3/><V129/><F36/><W132/><G132/><T81/><D125/><U24/><E122/><V56/><F71/><W95/><G76/><T7/><D34/><U2/><E2/><V91/><F129/><W134/><G134/><T60/><D60/><U85/><E126/><V100/><F4/><N who="3" m="1643" /><G69/><T55/><D81/><U73/><E130/><V102/><F20/><W53/><G95/><T104/><D103/><N who="2" m="39466" /><F75/><W113/><G113/><T57/><D47/><N who="3" m="17929" /><G61/><T135/><D135/><U28/><E114/><V9/><F9/><W29/><G29/><T94/><D104/><U110/><E77/><V74/><F74/><W112/><G112/><T116/><D116/><U39/><E73/><V107/><F107/><W111/><G111/><T123/><D123/><U97/><E39/><V32/><F32/><W19/><AGARI ba="0,0" hai="16,17,19,52,53,84,89,93" m="17929,1643" machi="19" ten="30,6000,0" yaku="8,1,54,2" doraHai="92" who="3" fromWho="3" sc="261,-20,334,-20,261,-20,144,60" /><INIT seed="3,1,0,1,3,131" ten="241,314,241,204" oya="3" hai0="74,35,132,16,75,117,9,88,13,71,122,95,93" hai1="82,66,61,41,120,99,113,118,84,38,60,97,57" hai2="98,121,47,0,48,127,52,124,24,40,90,108,76" hai3="92,11,21,112,58,89,94,26,54,30,62,80,37"/><W50/><G112/><T68/><D132/><U6/><E113/><V87/><F0/><W123/><G123/><T33/><D122/><U85/><E120/><V46/><F121/><W103/><G37/><T2/><D117/><U3/><E118/><V111/><F98/><W45/><G11/><T8/><D2/><U125/><E3/><V67/><F24/><W104/><G104/><T109/><D109/><N who="2" m="42058" /><F76/><W101/><G80/><T53/><D53/><U32/><E32/><V19/><F19/><W36/><G36/><T59/><D59/><U70/><E6/><V129/><F67/><W81/><G81/><T55/><D55/><U106/><E106/><V43/><F129/><W4/><G4/><T86/><D95/><N who="3" m="36393" /><G89/><T18/><D35/><U73/><E73/><V39/><F40/><AGARI ba="1,0" hai="21,26,30,40,45,50,54,58,62,101,103" m="36393" machi="40" ten="30,1500,0" yaku="8,1" doraHai="131" who="3" fromWho="2" sc="241,0,314,0,241,-18,204,18" /><INIT seed="3,2,0,5,4,27" ten="241,314,223,222" oya="3" hai0="37,28,2,103,55,124,10,72,33,84,87,12,20" hai1="54,17,49,81,40,76,59,112,15,5,51,119,98" hai2="46,88,126,52,13,30,120,125,34,90,14,29,106" hai3="47,104,36,57,19,39,31,62,122,7,102,74,3"/><W22/><G122/><T65/><D72/><U92/><E112/><V56/><F106/><W130/><G74/><T96/><D37/><U32/><E32/><V114/><F120/><W127/><G127/><N who="2" m="48649" /><F46/><W18/><G130/><T75/><D75/><U111/><E111/><V105/><F105/><W85/><G7/><N who="0" m="3167" /><D33/><U133/><E119/><V132/><F114/><W64/><G3/><T80/><D2/><U26/><E133/><V79/><F79/><W9/><G47/><T70/><D70/><U118/><E26/><N who="2" m="18743" /><F30/><W109/><G31/><T0/><D28/><U128/><E5/><V97/><F132/><W4/><G4/><T24/><D24/><U91/><E118/><V101/><F101/><W60/><G102/><T21/><D103/><U117/><E117/><V42/><F42/><W45/><G104/><T8/><D124/><U107/><E107/><V135/><F135/><W73/><G45/><T99/><D0/><U121/><E121/><V110/><F110/><W123/><G123/><T129/><D129/><U100/><E128/><V94/><F90/><W82/><G109/><T69/><D69/><U77/><E40/><V116/><F116/><W78/><G73/><T113/><D113/><U48/><E91/><V66/><F66/><W1/><G1/><T134/><D65/><U50/><E81/><V95/><F94/><W25/><REACH who="3" step="1"/><G62/><AGARI ba="2,0" hai="13,14,52,56,62,88,95,97" m="18743,48649" machi="62" ten="30,7700,0" yaku="18,1,52,1,54,2" doraHai="27" who="2" fromWho="3" sc="241,0,314,0,223,83,222,-83" owari="241,-16.0,314,41.0,306,11.0,139,-36.0" /></mjloggm>