<mjloggm ver="2.3"><GO type="169" lobby="0"/><UN n0="%E3%82%BF%E3%82%B1%E3%82%BF%E3%82%B1%E3%82%BF%E3%82%B1" n1="%E5%B0%B1%E6%B4%BB%E7%94%9F%40%E5%B7%9D%E6%9D%91%E8%BB%8D%E5%9B%A3" n2="%E3%82%A6%E3%83%AB%E3%83%88%E3%83%A9%E7%AB%8B%E7%9B%B4" n3="%E3%82%AF%E3%83%AD%E3%83%8E%E3%82%B9%40" dan="16,16,17,18" rate="2069.07,2068.81,2130.36,2242.40" sx="M,M,M,M"/><TAIKYOKU oya="0"/><INIT seed="0,0,0,5,0,134" ten="250,250,250,250" oya="0" hai0="123,76,31,96,116,0,104,98,7,106,66,57,22" hai1="10,125,109,99,71,115,88,21,25,5,103,16,127" hai2="49,52,56,58,133,12,92,72,62,54,6,80,40" hai3="90,43,32,1,37,129,11,135,113,53,38,82,85"/><T119/><D123/><U117/><E71/><V47/><F133/><W48/><G113/><T97/><D76/><U39/><E39/><V105/><F105/><W61/><G129/><T30/><D7/><U102/><E117/><V19/><F6/><W81/><G32/><T70/><D70/><U87/><E115/><V20/><F92/><W122/><G122/><T41/><D41/><U94/><E109/><V29/><F29/><W112/><G112/><T118/><D0/><U46/><E46/><V23/><F72/><W120/><G120/><T121/><D121/><U17/><E17/><V132/><F132/><W14/><G1/><T67/><D57/><U111/><E111/><V59/><F80/><W45/><G135/><T36/><D36/><U18/><E18/><V91/><F91/><W4/><G61/><T44/><D44/><U79/><E79/><V15/><F58/><W74/><G43/><T114/><D114/><U110/><E103/><V28/><F28/><N who="0" m="10794" /><D22/><U83/><REACH who="1" step="1"/><E110/><REACH who="1" ten="250,240,250,250" step="2"/><V93/><F47/><W51/><G38/><T50/><D50/><U75/><E75/><V126/><F49/><N who="3" m="28847" /><G37/><T55/><D55/><U64/><E64/><AGARI ba="0,1" hai="64,66,67,96,97,98,104,106,116,118,119" m="10794" machi="64" ten="40,3900,0" yaku="28,2" doraHai="134" who="0" fromWho="1" sc="250,49,240,-39,250,0,250,0" /><INIT seed="0,1,0,4,0,91" ten="299,201,250,250" oya="0" hai0="29,94,82,68,102,135,13,5,118,54,11,125,134" hai1="36,103,52,1,107,60,27,117,93,6,45,18,114" hai2="73,38,63,78,132,81,59,127,20,75,129,105,17" hai3="128,35,66,10,131,126,79,19,41,101,9,49,62"/><T43/><D118/><U53/><E117/><V7/><F38/><W112/><G35/><T31/><D68/><U120/><E107/><V26/><F105/><W24/><G79/><T87/><D43/><U122/><E114/><V110/><F127/><W67/><G112/><T77/><D125/><U15/><E1/><V83/><F129/><N who="3" m="49739" /><G101/><T21/><D54/><U98/><E6/><V92/><F132/><N who="0" m="50730" /><D21/><U57/><E27/><V47/><F110/><W33/><G67/><T14/><D14/><U51/><REACH who="1" step="1"/><E36/><REACH who="1" ten="299,191,250,250" step="2"/><V0/><F7/><W72/><G126/><T3/><D3/><U39/><E39/><V96/><F0/><W74/><G24/><T106/><D106/><U58/><E58/><V76/><F47/><N who="3" m="25839" /><G33/><T108/><D108/><U109/><E109/><V111/><F111/><W28/><G28/><T44/><D44/><U84/><E84/><V37/><F37/><W123/><G123/><T89/><D102/><U115/><E115/><V99/><F59/><N who="3" m="37215" /><G19/><T116/><D116/><U95/><E95/><V23/><F92/><W61/><G72/><AGARI ba="1,1" hai="5,11,13,29,31,72,77,82,87,89,94" m="50730" machi="72" ten="30,2900,0" yaku="20,1,52,1" doraHai="91" who="0" fromWho="3" sc="299,42,191,0,250,0,250,-32" /><INIT seed="0,2,0,4,0,58" ten="341,191,250,218" oya="0" hai0="12,110,133,119,28,33,90,105,135,5,43,59,45" hai1="26,23,51,55,78,94,2,0,120,35,22,127,85" hai2="131,101,29,32,39,83,54,109,60,86,38,20,97" hai3="24,111,47,53,62,3,56,80,9,99,100,34,112"/><T82/><D105/><U121/><E78/><V63/><F32/><W16/><G112/><T19/><D119/><U117/><E94/><N who="2" m="58551" /><F38/><W57/><G111/><T8/><D110/><U108/><E85/><V126/><F39/><W103/><G3/><N who="1" m="1066" /><E55/><V64/><F64/><N who="3" m="38983" /><G34/><T98/><D28/><N who="1" m="19863" /><E51/><V115/><F115/><W95/><G80/><T104/><D59/><U106/><E106/><V69/><F69/><W61/><G47/><T46/><D46/><U1/><E108/><V70/><F70/><W48/><G48/><T76/><D45/><U73/><E73/><V116/><F54/><W21/><G9/><T72/><D43/><U68/><E68/><V91/><F116/><W66/><G66/><T122/><D104/><U49/><E49/><V102/><F86/><W81/><G81/><T36/><D82/><U30/><E117/><V125/><F91/><AGARI ba="2,0" hai="16,21,24,53,57,61,91,95,99,100,103" m="38983" machi="91" ten="30,8000,1" yaku="25,1,8,1,52,2,54,1" doraHai="58" who="3" fromWho="2" sc="341,0,191,0,250,-86,218,86" /><INIT seed="1,0,0,1,0,46" ten="341,191,164,304" oya="1" hai0="50,80,114,26,14,12,58,3,93,130,18,70,134" hai1="17,96,2,7,56,19,86,31,116,6,102,105,29" hai2="132,21,121,25,87,104,94,44,34,33,69,97,59" hai3="36,126,84,28,110,35,48,66,113,1,109,101,16"/><U71/><E71/><V60/><F121/><W15/><G36/><T91/><D70/><U43/><E116/><V57/><F132/><W0/><G66/><T10/><D3/><U41/><E56/><V61/><F69/><W75/><G75/><T45/><D130/><U95/><E105/><V63/><F104/><W106/><G113/><T76/><D134/><U100/><E2/><V82/><F44/><W64/><G64/><T88/><D58/><U11/><E86/><V135/><F135/><W123/><G123/><T38/><D38/><U122/><E11/><V119/><F119/><W42/><G126/><T53/><D114/><U72/><E72/><V37/><F37/><W79/><G101/><N who="1" m="39018" /><E95/><V62/><N who="2" m="15360" /><DORA hai="55" /><V13/><F94/><W30/><G106/><T128/><D128/><U40/><E96/><V9/><F97/><W51/><G42/><T49/><D26/><U32/><E32/><V4/><F33/><W78/><G35/><T81/><D76/><N who="3" m="29225" /><G84/><T5/><D91/><U108/><E108/><N who="3" m="41578" /><G0/><T92/><D93/><U67/><E67/><V107/><F107/><W27/><G1/><T117/><D117/><U52/><E52/><V24/><F34/><N who="3" m="20767" /><G30/><N who="1" m="11274" /><E122/><V99/><F99/><W22/><AGARI ba="0,0" hai="15,16,22,48,51" m="20767,41578,29225" machi="22" ten="30,7900,0" yaku="14,1,52,2,54,1" doraHai="46,55" who="3" fromWho="3" sc="341,-20,191,-39,164,-20,304,79" /><INIT seed="2,0,0,5,4,54" ten="321,152,144,383" oya="2" hai0="98,15,46,44,93,109,135,26,128,3,66,86,67" hai1="118,131,130,45,107,89,123,92,125,81,65,97,85" hai2="113,124,28,42,39,90,17,75,12,34,8,120,63" hai3="99,134,37,127,24,91,1,22,87,115,133,49,102"/><V23/><F75/><W111/><G37/><T2/><D109/><U9/><E65/><V48/><F120/><W100/><G1/><T51/><D86/><U53/><E53/><V76/><F113/><W57/><G115/><T83/><D83/><U13/><E45/><V25/><F76/><W116/><G127/><T18/><D26/><U70/><E70/><V126/><F39/><W122/><G116/><T0/><D46/><U105/><E118/><V114/><F114/><W7/><G7/><T119/><D135/><N who="3" m="51721" /><G122/><T103/><D128/><N who="1" m="49195" /><E125/><N who="2" m="48235" /><F90/><W80/><G111/><T71/><D71/><U52/><E123/><V10/><F63/><W84/><G84/><T47/><D47/><AGARI ba="0,0" hai="8,10,12,17,23,25,28,34,42,47,48" m="48235" machi="47" ten="30,1500,0" yaku="18,1" doraHai="54" who="2" fromWho="0" sc="321,-15,152,0,144,15,383,0" /><INIT seed="2,1,0,2,0,93" ten="306,152,159,383" oya="2" hai0="35,133,56,78,118,71,2,132,27,96,127,36,4" hai1="23,32,12,5,67,105,30,102,64,47,128,60,58" hai2="16,6,22,94,103,52,98,1,129,21,113,123,91" hai3="111,68,124,20,122,86,100,14,107,97,69,15,120"/><V41/><F123/><W134/><G111/><T77/><D56/><U18/><E128/><V81/><F113/><W80/><G134/><T75/><D27/><U101/><E67/><V51/><F129/><W87/><G124/><T39/><D4/><U130/><E130/><V65/><F65/><W9/><G87/><T88/><D71/><U63/><E63/><V25/><F41/><W74/><G74/><T116/><D35/><U92/><E105/><V40/><F40/><W84/><G84/><T66/><D66/><U76/><E5/><V62/><F62/><W83/><G83/><N who="0" m="45503" /><D78/><U70/><E76/><V7/><F1/><W29/><G69/><T42/><D2/><U119/><E70/><V135/><F22/><W33/><G33/><T82/><D82/><U72/><E72/><V19/><F19/><W95/><G107/><T43/><D43/><U109/><E119/><N who="0" m="45609" /><D127/><U57/><E57/><N who="2" m="32927" /><F135/><N who="0" m="51786" /><D42/><U11/><E32/><V99/><F81/><W17/><G68/><T45/><D45/><U108/><E47/><V89/><F103/><W34/><G34/><T90/><D90/><U55/><E55/><V115/><F115/><W8/><G29/><T85/><D36/><U37/><E37/><V61/><F61/><W13/><G122/><T110/><D39/><U26/><E102/><V125/><F125/><W73/><G73/><T79/><D79/><U28/><E28/><V121/><F121/><W50/><G120/><T106/><D88/><U59/><E59/><V38/><F38/><W112/><G112/><T117/><D117/><U126/><E126/><V131/><F131/><RYUUKYOKU ba="1,0" sc="306,-15,152,15,159,15,383,-15" hai1="11,12,18,23,26,30,58,60,64,92,101,108,109" hai2="6,7,16,21,25,89,91,94,98,99" /><INIT seed="2,2,0,3,3,85" ten="291,167,174,368" oya="2" hai0="73,107,96,113,18,99,80,78,34,57,90,127,6" hai1="46,54,51,71,53,115,81,12,48,134,17,5,106" hai2="117,27,121,62,93,38,52,133,35,23,122,1,92" hai3="9,130,21,50,128,30,63,126,42,13,33,66,47"/><V36/><F35/><W97/><G126/><T101/><D34/><U0/><E115/><V119/><F1/><W111/><G111/><T103/><D6/><U59/><E134/><V15/><F15/><W124/><G33/><T69/><D69/><U94/><E106/><V40/><F23/><W123/><G123/><N who="2" m="47113" /><F27/><W79/><G124/><T7/><D7/><U125/><E125/><V24/><F24/><W60/><G79/><T2/><D2/><U61/><E0/><V16/><F16/><N who="3" m="8239" /><G30/><T64/><D113/><U44/><E5/><V87/><F87/><W102/><G21/><T120/><D127/><U82/><E94/><V39/><F93/><N who="3" m="58671" /><G66/><T77/><D120/><U25/><E25/><V105/><F92/><W116/><G116/><N who="2" m="44617" /><F105/><W95/><G95/><T100/><D18/><U135/><E135/><V28/><F28/><W132/><G132/><T4/><D4/><U19/><E71/><V11/><F11/><W32/><G32/><T70/><D70/><U129/><E129/><AGARI ba="2,0" hai="42,47,50,60,63,128,129,130" m="58671,8239" machi="129" ten="30,2000,0" yaku="19,1,54,1" doraHai="85" who="3" fromWho="1" sc="291,0,167,-26,174,0,368,26" /><INIT seed="3,0,0,5,1,22" ten="291,141,174,394" oya="3" hai0="2,33,12,88,96,63,61,62,59,64,57,26,79" hai1="9,40,35,45,91,122,101,14,1,13,60,41,37" hai2="39,112,3,68,23,65,7,43,108,126,116,81,94" hai3="78,75,82,0,24,16,25,124,113,56,105,76,71"/><W74/><G71/><T110/><D2/><U11/><E122/><V53/><F53/><W38/><G0/><T102/><D110/><U85/><E35/><V48/><F39/><W20/><G38/><T120/><D120/><U36/><E1/><V107/><F23/><W72/><G105/><T90/><D79/><U106/><E106/><V44/><F65/><W92/><G113/><T93/><D12/><U135/><E101/><V98/><F48/><W131/><G131/><T109/><D109/><U104/><E104/><V8/><F44/><W30/><G124/><T69/><D69/><U31/><E31/><V42/><F43/><W21/><G78/><T51/><D51/><U17/><E135/><V100/><F42/><W103/><REACH who="3" step="1"/><G56/><REACH who="3" ten="291,141,174,384" step="2"/><T121/><D121/><U77/><E77/><V80/><F68/><W123/><G123/><T70/><D70/><U133/><E133/><V27/><F107/><W52/><G52/><T128/><D128/><U5/><E60/><V46/><F126/><W49/><G49/><T50/><D50/><U115/><E115/><V58/><F112/><W119/><G119/><T47/><D63/><U29/><E37/><V89/><F58/><W54/><G54/><T118/><D118/><U73/><E40/><V117/><F116/><W10/><G10/><T84/><D61/><U66/><E66/><V99/><F8/><W28/><G28/><T32/><D62/><U67/><E29/><V18/><F117/><W97/><AGARI ba="0,1" hai="16,20,21,24,25,30,72,74,75,76,82,92,97,103" machi="97" ten="30,12000,1" yaku="1,1,0,1,52,2,54,1,53,0" doraHai="22" doraHaiUra="83" who="3" fromWho="3" sc="291,-40,141,-40,174,-40,384,130" /><INIT seed="3,1,0,5,0,71" ten="251,101,134,514" oya="3" hai0="103,79,78,112,97,28,39,18,35,116,61,83,31" hai1="46,60,4,7,134,100,62,107,105,73,95,27,106" hai2="93,120,55,69,114,67,1,23,66,72,89,118,53" hai3="68,19,57,33,81,38,13,129,84,37,49,127,70"/><W91/><G33/><T12/><D116/><U26/><E73/><V74/><F1/><W44/><G129/><T5/><D5/><N who="1" m="2123" /><E46/><V10/><F69/><W17/><G127/><T111/><D111/><U64/><E64/><V109/><F23/><W80/><G70/><T113/><D39/><N who="3" m="14857" /><G68/><T63/><D35/><U75/><E75/><V124/><F109/><W123/><G123/><T90/><D90/><U82/><E82/><V86/><F124/><W88/><G91/><T30/><D63/><N who="1" m="24107" /><E95/><V65/><F93/><N who="3" m="54407" /><G19/><T101/><D61/><U126/><E100/><V59/><F120/><W29/><G29/><T131/><D131/><U76/><E76/><V117/><F89/><W94/><G94/><N who="0" m="58551" /><D103/><U96/><E96/><V50/><F118/><W104/><G44/><T130/><D130/><U24/><E126/><V40/><F117/><W98/><G98/><T22/><D83/><U32/><E32/><V135/><F67/><W8/><G104/><N who="1" m="26626" /><U0/><DORA hai="102" /><E0/><V20/><F66/><W77/><G77/><T110/><D110/><U56/><E56/><V132/><F59/><W42/><G57/><T133/><D79/><U58/><E58/><V25/><F65/><W36/><G36/><T52/><D78/><U3/><E3/><V34/><F74/><W125/><G125/><T45/><D45/><U121/><E121/><V6/><F72/><W15/><G81/><T2/><D2/><U41/><E41/><V128/><F34/><W16/><G80/><T108/><D108/><U11/><E11/><V51/><F10/><W92/><G42/><T54/><D31/><RYUUKYOKU ba="1,0" sc="251,-10,101,30,134,-10,514,-10" hai1="24,26,27,134" /><INIT seed="4,2,0,3,4,16" ten="241,131,124,504" oya="0" hai0="81,20,22,94,87,6,127,30,1,5,96,102,66" hai1="48,92,3,67,42,35,7,71,41,21,26,126,4" hai2="32,14,62,98,19,9,104,75,84,132,103,107,39" hai3="33,12,105,49,112,13,76,74,119,83,40,90,53"/><T128/><D128/><U17/><E126/><V56/><F32/><W10/><G112/><T58/><D127/><U25/><E71/><V80/><F39/><W110/><G33/><T34/><D34/><U54/><E67/><V134/><F75/><W24/><G110/><T131/><D131/><U124/><E124/><V79/><REACH who="2" step="1"/><F104/><REACH who="2" ten="241,131,114,504" step="2"/><W50/><G105/><T101/><D1/><U2/><E92/><V23/><F23/><N who="0" m="8746" /><D30/><U85/><E85/><V99/><F99/><W77/><G74/><T106/><D106/><U122/><E122/><V69/><F69/><W125/><G119/><T135/><D135/><U0/><E35/><V130/><F130/><W97/><G97/><T89/><D102/><U55/><E26/><V82/><F82/><W121/><G83/><T133/><D133/><U29/><E29/><V73/><F73/><W15/><G24/><T115/><D115/><U113/><E113/><V70/><F70/><W59/><G125/><T68/><D68/><U51/><E41/><V44/><F44/><N who="3" m="25735" /><G121/><T95/><D81/><U109/><E42/><V11/><F11/><W72/><G72/><T18/><D18/><U43/><E43/><V93/><F93/><W116/><G116/><T65/><D58/><U36/><E36/><V61/><F61/><W91/><G10/><T27/><D27/><U88/><E109/><V123/><F123/><W57/><G59/><T45/><D45/><U129/><E129/><V78/><F78/><AGARI ba="2,1" hai="12,13,15,50,53,57,76,77,78,90,91" m="25735" machi="78" ten="30,1000,0" yaku="8,1" doraHai="16" who="3" fromWho="2" sc="241,0,131,0,114,-16,504,26" /><INIT seed="5,0,0,4,0,14" ten="241,131,98,530" oya="1" hai0="34,83,110,114,63,66,45,95,69,115,43,35,133" hai1="53,111,16,71,57,22,93,79,31,119,40,128,49" hai2="2,51,104,112,113,72,30,132,47,29,33,127,0" hai3="64,21,85,11,58,134,13,131,9,36,78,102,129"/><U1/><E1/><N who="2" m="619" /><F104/><W124/><G36/><N who="0" m="21735" /><D110/><U32/><E128/><N who="3" m="49226" /><G134/><T39/><D39/><U76/><E111/><V52/><F72/><W15/><G124/><T70/><D70/><U56/><E119/><V126/><F132/><W37/><G102/><T19/><D95/><U100/><E71/><V4/><F4/><W28/><G37/><T3/><D3/><U121/><E121/><V84/><F84/><W20/><G28/><N who="2" m="10857" /><F33/><W44/><G44/><T62/><D62/><N who="1" m="36111" /><E31/><V107/><F107/><W8/><G58/><T24/><D133/><U42/><E32/><V25/><F25/><W75/><G64/><T106/><D106/><U50/><E100/><V18/><F18/><N who="3" m="10319" /><G75/><T118/><D35/><U92/><E57/><V130/><F130/><W97/><G97/><T116/><D34/><U68/><E68/><V96/><F96/><W99/><G99/><T109/><D109/><U6/><E6/><V98/><F98/><W117/><G117/><T65/><D118/><U59/><E92/><V61/><F61/><W125/><G125/><AGARI ba="0,0" hai="47,51,52,112,113,125,126,127" m="10857,619" machi="125" ten="40,2600,0" yaku="18,1,54,1" doraHai="14" who="2" fromWho="3" sc="241,0,131,0,98,26,530,-26" /><INIT seed="6,0,0,0,4,57" ten="241,131,124,504" oya="2" hai0="90,20,95,25,54,122,112,18,121,7,17,86,30" hai1="51,80,67,111,49,94,15,85,101,115,97,81,55" hai2="52,19,120,28,53,0,36,99,119,16,29,70,13" hai3="45,123,116,32,56,84,129,100,31,1,4,106,102"/><V83/><F0/><W103/><G123/><T6/><D112/><U62/><E111/><V74/><F36/><W77/><G129/><T34/><D122/><U46/><E115/><V58/><F70/><W78/><G32/><T44/><D121/><U8/><E51/><N who="2" m="31007" /><F74/><W22/><G22/><T82/><D54/><U132/><E132/><V92/><F119/><W88/><G31/><N who="2" m="11849" /><F120/><W38/><G4/><N who="0" m="1579" /><D44/><U79/><E81/><V91/><F83/><W134/><G45/><T69/><D69/><U113/><E113/><V14/><F53/><W12/><G38/><T73/><D73/><U108/><E108/><V24/><F24/><W63/><G1/><T23/><D34/><U130/><E130/><V96/><F96/><W93/><G116/><T98/><D23/><U59/><E15/><AGARI ba="0,0" hai="13,14,15,16,19,91,92,99" m="11849,31007" machi="15" ten="30,5800,0" yaku="8,1,54,2" doraHai="57" who="2" fromWho="1" sc="241,0,131,-58,124,58,504,0" /><INIT seed="6,1,0,5,2,126" ten="241,73,182,504" oya="2" hai0="34,125,30,77,97,106,9,49,72,71,36,120,51" hai1="124,32,99,98,11,96,135,3,93,35,101,58,103" hai2="60,17,12,85,26,16,76,130,107,105,114,56,44" hai3="47,52,19,54,50,89,57,75,113,62,100,86,66"/><V53/><F114/><W22/><G75/><T29/><D36/><U104/><E124/><V102/><F102/><W43/><G113/><T121/><D71/><U45/><E135/><V28/><F44/><W24/><G100/><T116/><D97/><U117/><E117/><V123/><F123/><W109/><G109/><T90/><D90/><U7/><E58/><V18/><F12/><W46/><G47/><T73/><D77/><U127/><E127/><V108/><F108/><W87/><G87/><T33/><D9/><U23/><E98/><V25/><F130/><W119/><REACH who="3" step="1"/><G119/><REACH who="3" ten="241,73,182,494" step="2"/><T1/><D116/><U68/><E68/><V21/><F107/><W81/><AGARI ba="1,1" hai="19,22,24,43,46,50,52,54,57,62,66,81,86,89" machi="81" ten="20,12000,2" yaku="1,1,2,1,0,1,7,1,8,1,54,1,53,0" doraHai="126" doraHaiUra="95" who="3" fromWho="3" sc="241,-31,73,-31,182,-61,494,133" /><INIT seed="7,0,0,5,3,52" ten="210,42,121,627" oya="3" hai0="74,124,63,82,88,122,12,21,101,26,119,69,40" hai1="39,49,42,104,132,78,83,115,87,22,59,76,48" hai2="109,54,90,110,47,102,53,9,51,62,33,8,135" hai3="131,127,111,129,100,79,32,121,86,25,114,34,27"/><W57/><G121/><T10/><D101/><U84/><E115/><V116/><F33/><W50/><G100/><T1/><D1/><U92/><E104/><V89/><F102/><W98/><G98/><T29/><D124/><U91/><E132/><V0/><F0/><W5/><G111/><T118/><D122/><U95/><E39/><V44/><F62/><W80/><G5/><T20/><D20/><U103/><E42/><V113/><F51/><W35/><G114/><T65/><D40/><U71/><E71/><V60/><F60/><W105/><G105/><T7/><D74/><U28/><E103/><V112/><F135/><W18/><G18/><T120/><D120/><U4/><E4/><V38/><F38/><W75/><G127/><T67/><D67/><U133/><E133/><V61/><F61/><W37/><G37/><T85/><AGARI ba="0,0" hai="7,10,12,21,26,29,63,65,69,82,85,88,118,119" machi="85" ten="30,2000,0" yaku="0,1,54,1" doraHai="52" who="0" fromWho="0" sc="210,20,42,-5,121,-5,627,-10" owari="230,3.0,37,-46.0,116,-28.0,617,71.0" /></mjloggm>