<mjloggm ver="2.3"><GO type="97" lobby="0"/><UN n0="%EF%BC%88%EF%BC%BE%E2%88%80%EF%BC%BE%EF%BC%89" n1="%E5%B0%B1%E6%B4%BB%E7%94%9F%40%E5%B7%9D%E6%9D%91%E8%BB%8D%E5%9B%A3" n2="%E3%83%9D%E3%83%B3%E3%83%89%E3%83%AB" n3="%E9%BB%92%E6%9F%B3" dan="15,14,13,14" rate="2028.61,1980.27,1979.52,1966.40" sx="M,M,M,M"/><TAIKYOKU oya="0"/><INIT seed="0,0,0,4,2,33" ten="250,250,250,250" oya="0" hai0="8,124,40,25,61,60,112,104,71,113,39,122,11" hai1="93,123,38,131,19,83,64,46,117,3,74,73,4" hai2="55,68,14,34,18,132,53,116,69,59,86,26,78" hai3="134,105,28,52,90,114,106,115,41,87,13,21,7"/><T50/><D122/><U109/><E117/><V58/><F132/><W27/><G41/><T43/><D124/><U37/><E123/><V63/><F116/><W30/><G134/><T100/><D39/><U65/><E131/><V101/><F101/><W0/><G0/><T47/><D104/><U118/><E109/><V31/><F86/><W1/><G1/><T5/><D100/><U94/><E19/><V70/><F78/><W88/><G30/><T108/><D108/><U79/><E73/><V72/><F72/><W45/><G7/><T16/><D43/><N who="1" m="22895" /><E38/><V23/><REACH who="2" step="1"/><F70/><REACH who="2" ten="250,250,240,250" step="2"/><W32/><G87/><T36/><D71/><U6/><E79/><V81/><F81/><W85/><G106/><T57/><D36/><U17/><E83/><V67/><F67/><W129/><G105/><T29/><D113/><U44/><E65/><V121/><F121/><W125/><G129/><T89/><D112/><U120/><E64/><V12/><F12/><W96/><G115/><T92/><D89/><U107/><E74/><V130/><F130/><W111/><G114/><T133/><D133/><U84/><E107/><V119/><F119/><W66/><G111/><T54/><D92/><U51/><E120/><V95/><F95/><W82/><G125/><T62/><D11/><U2/><E118/><V126/><F126/><W49/><G66/><T9/><D9/><U99/><E94/><V128/><F128/><W135/><G135/><T24/><D8/><U80/><E93/><V77/><F77/><N who="3" m="46287" /><G96/><T103/><D103/><U42/><E99/><V10/><F10/><W110/><G110/><RYUUKYOKU ba="0,1" sc="250,-15,250,-15,240,15,250,15" hai2="14,18,23,26,31,34,53,55,58,59,63,68,69" hai3="13,21,27,28,32,45,49,52,88,90" /><INIT seed="1,1,1,5,1,100" ten="235,235,255,265" oya="1" hai0="125,99,76,16,80,25,42,13,98,114,46,49,66" hai1="45,79,82,11,58,92,3,131,118,71,57,86,123" hai2="1,60,55,28,87,47,83,32,62,41,89,132,9" hai3="91,88,124,90,18,109,70,30,85,34,10,77,63"/><U50/><E71/><V84/><F132/><W37/><G109/><T21/><D114/><U110/><E123/><V78/><F28/><W119/><G124/><T38/><D125/><U126/><E118/><V64/><F32/><W27/><G119/><T5/><D38/><U135/><E126/><V97/><F97/><W17/><G37/><T130/><D66/><U12/><E3/><V116/><F116/><W0/><G77/><T6/><D130/><U113/><E113/><V61/><F55/><W117/><G117/><T73/><D6/><U112/><E112/><V111/><F111/><W104/><G104/><T20/><REACH who="0" step="1"/><D5/><REACH who="0" ten="225,235,255,265" step="2"/><N who="1" m="3183" /><E110/><V7/><F64/><W23/><G70/><T51/><D51/><U40/><E131/><V96/><F62/><W35/><G63/><T14/><D14/><U33/><E135/><V67/><F67/><W8/><G0/><T102/><D102/><U24/><E92/><V81/><REACH who="2" step="1"/><F96/><REACH who="2" ten="225,235,245,265" step="2"/><W31/><G35/><T36/><D36/><AGARI ba="1,3" hai="1,7,9,36,41,47,60,61,78,81,83,84,87,89" machi="36" ten="30,3900,0" yaku="1,1,2,1,7,1,53,0" doraHai="100" doraHaiUra="53" who="2" fromWho="0" sc="225,-42,235,0,245,72,265,0" /><INIT seed="2,0,0,4,1,32" ten="183,235,317,265" oya="2" hai0="128,58,37,29,107,24,13,30,105,111,47,90,126" hai1="14,66,59,22,71,82,3,46,12,56,83,18,43" hai2="130,87,108,67,60,129,57,28,19,94,85,26,134" hai3="75,80,54,122,11,125,55,78,7,132,120,27,17"/><V76/><F134/><W79/><G132/><T44/><D111/><U62/><E3/><V2/><F2/><W40/><G125/><T53/><D126/><U68/><E68/><V81/><F108/><W52/><G79/><T97/><D128/><N who="2" m="49258" /><F19/><W118/><G118/><T8/><D90/><U121/><E121/><V98/><F85/><W109/><G109/><T113/><D113/><U10/><E71/><V50/><F50/><W110/><G110/><T21/><D30/><U127/><E59/><V103/><F26/><W51/><G17/><T64/><D64/><U38/><REACH who="1" step="1"/><E127/><REACH who="1" ten="183,225,317,265" step="2"/><V31/><AGARI ba="0,1" hai="28,31,57,60,67,76,81,87,94,98,103" m="49258" machi="31" ten="30,1500,0" yaku="19,1" doraHai="32" who="2" fromWho="2" sc="183,-5,225,-5,317,25,265,-5" /><INIT seed="2,1,0,4,2,51" ten="178,220,342,260" oya="2" hai0="12,62,103,99,70,20,32,112,102,69,5,122,30" hai1="16,45,22,61,131,48,25,46,38,96,14,39,53" hai2="50,55,109,15,81,128,52,124,57,9,135,4,127" hai3="31,3,10,123,37,125,104,11,24,59,98,76,58"/><V13/><F135/><W56/><G123/><T74/><D122/><U41/><E131/><V23/><F128/><W91/><G37/><T113/><D74/><U8/><E96/><V44/><F109/><W21/><G125/><N who="2" m="48201" /><F81/><W101/><G76/><T75/><D75/><U6/><E61/><N who="2" m="36007" /><F23/><W35/><G35/><T116/><D116/><U132/><E132/><V92/><F92/><W86/><REACH who="3" step="1"/><G3/><AGARI ba="1,0" hai="3,4,9,13,15,44,50,55" m="36007,48201" machi="3" ten="30,11600,0" yaku="18,1,52,2,54,1" doraHai="51" who="2" fromWho="3" sc="178,0,220,0,342,119,260,-119" /><INIT seed="2,2,0,1,5,0" ten="178,220,461,141" oya="2" hai0="64,54,117,112,47,25,89,39,61,62,65,110,108" hai1="21,3,22,27,69,120,77,83,97,121,92,44,67" hai2="20,94,104,119,106,116,91,23,78,85,5,74,13" hai3="133,128,72,124,63,127,12,14,80,126,93,132,98"/><V109/><F109/><N who="0" m="42090" /><D89/><U90/><E3/><V135/><F135/><N who="3" m="51787" /><G63/><N who="0" m="24075" /><D25/><U84/><E69/><V115/><F115/><W130/><G80/><T33/><D33/><U111/><E111/><V60/><F60/><W24/><G24/><T58/><D112/><U50/><E67/><N who="0" m="25673" /><D117/><U87/><E97/><V123/><F123/><N who="1" m="47177" /><E27/><V103/><F106/><W125/><G125/><T11/><D11/><U8/><E8/><V68/><F68/><W101/><G72/><T42/><D58/><U45/><E45/><V4/><F119/><W105/><G105/><T100/><D100/><U81/><E81/><N who="2" m="45271" /><F116/><W129/><AGARI ba="2,0" hai="12,14,93,98,101,124,126,127,128,129,130" m="51787" machi="129" ten="50,32000,5" yakuman="39" doraHai="0" who="3" fromWho="3" sc="178,-82,220,-82,461,-162,141,326" /><INIT seed="3,0,0,2,5,90" ten="96,138,299,467" oya="3" hai0="60,7,76,118,49,135,99,17,115,44,11,74,101" hai1="5,35,9,63,34,87,82,85,133,68,77,0,92" hai2="103,42,93,94,89,37,112,119,23,52,111,73,69" hai3="121,129,43,61,45,41,24,14,84,126,134,28,116"/><W57/><G84/><T78/><D118/><U38/><E133/><V25/><F73/><W79/><G43/><T109/><D135/><U21/><E38/><V72/><F69/><W58/><G14/><T13/><D115/><U132/><E132/><V2/><F72/><W66/><G58/><T12/><D74/><U15/><E68/><V108/><F2/><W62/><G79/><T96/><D60/><U4/><E63/><V47/><F119/><W30/><G61/><T3/><D3/><U18/><E5/><V120/><F112/><W100/><G30/><T124/><D124/><U97/><E87/><V26/><F120/><W123/><G100/><AGARI ba="0,0" hai="0,4,9,15,18,21,34,35,77,82,85,92,97,100" machi="100" ten="30,2000,0" yaku="7,1,52,1" doraHai="90" who="1" fromWho="3" sc="96,0,138,20,299,0,467,-20" owari="96,-40.0,158,-24.0,299,10.0,447,54.0" /></mjloggm>