<mjloggm ver="2.3"><GO type="41" lobby="0"/><UN n0="%EF%BD%9E%E5%90%89%E7%95%99%E6%9C%AA%E6%98%A5%EF%BD%9E" n1="%E5%B0%B1%E6%B4%BB%E7%94%9F%40%E5%B7%9D%E6%9D%91%E8%BB%8D%E5%9B%A3" n2="%73%61%6E%6B%61%6D%6F" n3="%E5%93%80%E3%83%BB%E6%88%A6%E5%A3%AB" dan="14,15,14,13" rate="1974.99,1976.39,1900.72,1909.56" sx="M,M,M,M"/><TAIKYOKU oya="0"/><INIT seed="0,0,0,3,2,47" ten="250,250,250,250" oya="0" hai0="59,69,17,68,122,116,22,52,62,0,39,35,118" hai1="9,63,51,103,61,45,121,95,73,34,119,120,19" hai2="124,105,25,42,134,123,85,115,64,133,13,90,29" hai3="30,28,101,94,93,78,7,91,113,100,44,82,102"/><T92/><D122/><U89/><E73/><V128/><F123/><W84/><G113/><T27/><D39/><U86/><E34/><V77/><F115/><W129/><G7/><T108/><D0/><U15/><E119/><V117/><F105/><W109/><G109/><T88/><D35/><U87/><E120/><V76/><F124/><W125/><G125/><T8/><D8/><U24/><E121/><V56/><F117/><N who="0" m="45162" /><D108/><U83/><E24/><V57/><F42/><W110/><G110/><T107/><D107/><U97/><REACH who="1" step="1"/><E87/><REACH who="1" ten="250,240,250,250" step="2"/><V99/><F128/><W21/><G129/><T49/><D69/><U67/><E67/><V18/><F99/><W79/><G21/><T20/><D68/><U16/><E16/><V80/><F64/><W40/><G30/><T112/><D22/><U3/><E3/><V33/><F134/><W14/><G28/><T106/><D112/><U54/><AGARI ba="0,1" hai="9,15,19,45,51,54,61,63,83,86,89,95,97,103" machi="54" ten="20,16000,3" yaku="1,1,0,1,7,1,25,2,8,1,52,1,53,2" doraHai="47" doraHaiUra="58" who="1" fromWho="1" sc="250,-80,240,170,250,-40,250,-40" /><INIT seed="1,0,0,4,2,120" ten="170,410,210,210" oya="1" hai0="129,116,13,45,98,11,125,7,44,4,82,33,51" hai1="25,8,107,80,94,19,83,112,24,52,69,73,47" hai2="59,26,57,50,34,32,27,30,43,127,41,62,128" hai3="40,122,131,21,61,90,95,15,117,2,18,3,66"/><U99/><E107/><V36/><F36/><W118/><G122/><T130/><D116/><U46/><E69/><V49/><F128/><N who="0" m="49258" /><D33/><U89/><E112/><V76/><F127/><W38/><G131/><T96/><D125/><U85/><E73/><V121/><F121/><W77/><G77/><T22/><D22/><U119/><E119/><N who="3" m="45578" /><G40/><N who="0" m="24967" /><D45/><U9/><E83/><V5/><F5/><N who="0" m="2122" /><D82/><U53/><E47/><V39/><F39/><W133/><G38/><T78/><D78/><U68/><E68/><V111/><F76/><W72/><G133/><T6/><AGARI ba="0,0" hai="6,11,13,96,98" m="2122,24967,49258" machi="6" ten="30,1100,0" yaku="19,1" doraHai="120" who="0" fromWho="0" sc="170,11,410,-5,210,-3,210,-3" /><INIT seed="2,0,0,3,4,108" ten="181,405,207,207" oya="2" hai0="81,93,12,101,102,99,84,130,86,96,24,120,5" hai1="89,31,71,36,28,78,52,83,118,119,17,18,116" hai2="60,115,70,27,112,107,3,8,121,34,9,45,69" hai3="104,32,98,132,59,90,105,65,129,48,135,61,35"/><V97/><F121/><W2/><G2/><T123/><D24/><U79/><E71/><N who="2" m="27147" /><F60/><W87/><G48/><T128/><D12/><U77/><E36/><V106/><F97/><W111/><G129/><N who="0" m="49771" /><D5/><U125/><E125/><V100/><F100/><W66/><G111/><T85/><D81/><U62/><E89/><V26/><F45/><W73/><G73/><T37/><D37/><U30/><E83/><V91/><F91/><W6/><G6/><T10/><D10/><N who="2" m="4202" /><F3/><W22/><G22/><T43/><D43/><U57/><AGARI ba="0,0" hai="17,18,28,30,31,52,57,62,77,78,79,116,118,119" machi="57" ten="40,8000,1" yaku="0,1,29,2,54,1" doraHai="108" who="1" fromWho="1" sc="181,-20,405,80,207,-40,207,-20" /><INIT seed="3,0,0,0,4,12" ten="161,485,167,187" oya="3" hai0="44,96,128,15,27,49,110,60,83,99,34,13,131" hai1="19,135,55,118,133,105,134,111,89,125,130,5,42" hai2="36,32,9,95,39,47,76,2,63,23,112,127,69" hai3="30,0,43,25,103,122,90,119,121,62,93,84,29"/><W61/><G0/><T108/><D83/><U109/><E105/><V104/><F112/><W74/><G74/><T114/><D60/><U3/><E42/><V71/><F104/><W16/><G119/><T92/><D114/><U73/><E73/><V120/><F32/><W94/><G43/><N who="0" m="24735" /><D34/><U82/><E125/><V21/><F76/><W54/><G121/><T66/><D27/><U46/><E130/><N who="0" m="49705" /><D66/><U38/><E5/><V48/><F127/><W80/><G122/><T67/><D67/><U107/><E3/><V98/><F120/><W123/><G123/><T79/><D79/><U26/><E107/><V129/><F129/><W7/><G7/><T72/><D72/><U4/><E4/><V20/><F2/><W100/><G54/><T85/><D85/><N who="1" m="50359" /><E118/><V126/><F126/><W87/><G62/><T59/><D59/><U124/><E124/><V117/><F117/><W58/><G61/><T57/><D57/><U64/><E64/><V75/><F75/><W6/><G6/><T91/><D96/><U10/><E26/><V40/><F63/><W97/><G58/><T51/><D51/><N who="1" m="29175" /><E38/><V77/><F77/><N who="3" m="46095" /><G103/><T41/><D41/><U45/><E45/><V106/><F106/><W17/><G25/><T31/><D31/><AGARI ba="0,0" hai="16,17,29,30,31,87,90,93,94,97,100" m="46095" machi="31" ten="30,11600,0" yaku="8,1,52,2,54,1" doraHai="12" who="3" fromWho="0" sc="161,-116,485,0,167,0,187,116" /><INIT seed="3,1,0,5,2,121" ten="45,485,167,303" oya="3" hai0="33,102,129,24,120,123,31,135,66,115,20,18,16" hai1="97,34,38,49,5,45,132,14,107,69,43,32,130" hai2="58,39,67,118,23,112,0,29,41,101,70,57,95" hai3="92,88,11,113,77,3,46,93,74,50,17,68,19"/><W116/><G116/><T2/><D102/><U103/><E69/><V60/><F118/><W35/><G113/><T89/><D66/><U96/><E130/><V81/><F112/><W91/><G35/><T54/><D115/><U98/><E132/><V55/><F0/><W30/><G68/><T82/><D135/><U8/><E38/><V127/><F127/><W85/><G30/><T37/><D37/><U65/><E65/><V124/><F124/><W61/><G74/><T79/><D89/><U10/><E97/><V125/><F125/><W80/><G61/><T110/><D129/><U71/><E71/><V27/><F70/><W47/><G3/><T13/><D2/><U28/><E28/><V94/><F81/><W119/><G119/><T59/><D110/><U111/><E111/><V6/><F6/><W12/><G19/><T64/><D18/><U87/><E96/><V134/><F134/><W90/><REACH who="3" step="1"/><G47/><REACH who="3" ten="45,485,167,293" step="2"/><T83/><D64/><U126/><E126/><V100/><F39/><W108/><G108/><T48/><REACH who="0" step="1"/><D82/><REACH who="0" ten="35,485,167,293" step="2"/><U22/><E5/><V26/><F41/><AGARI ba="1,2" hai="11,12,17,41,46,50,77,80,85,88,90,91,92,93" machi="41" ten="40,18000,2" yaku="1,1,8,1,54,1,53,3" doraHai="121" doraHaiUra="86" who="3" fromWho="2" sc="35,0,485,0,167,-183,293,203" owari="35,-36.0,485,29.0,-16,-52.0,496,59.0" /></mjloggm>