<mjloggm ver="2.3"><GO type="233" lobby="0"/><UN n0="%E6%9D%BE%E5%B1%8B%E3%81%8A%E3%81%98%E3%81%95%E3%82%93" n1="%E3%82%A6%E3%83%AB%E3%83%88%E3%83%A9%E7%AB%8B%E7%9B%B4" n2="%6E%61%6B%61%6A%75%75%6E" n3="%E3%83%8C%E3%83%83%E3%83%97" dan="18,17,18,16" rate="2138.10,2203.12,2157.23,2117.70" sx="M,M,M,M"/><TAIKYOKU oya="0"/><INIT seed="0,0,0,5,0,112" ten="250,250,250,250" oya="0" hai0="63,103,3,28,23,97,27,121,16,80,127,24,133" hai1="60,67,65,126,95,71,116,15,38,100,87,90,39" hai2="114,115,119,118,43,50,85,111,129,86,53,78,1" hai3="12,17,9,108,47,69,113,30,120,72,54,36,11"/><T61/><D121/><U33/><E126/><V68/><F1/><W73/><G113/><N who="2" m="43017" /><F68/><W42/><G120/><T40/><D127/><U32/><E67/><V59/><F78/><W124/><G124/><T20/><D3/><U52/><E32/><V74/><F74/><W81/><G69/><T109/><D133/><U62/><E33/><V96/><F96/><W125/><G30/><T51/><D80/><U99/><E38/><V21/><F21/><W101/><G101/><T130/><D130/><U122/><E39/><V110/><F43/><W7/><G54/><T29/><D109/><N who="2" m="41482" /><F129/><W106/><G108/><T34/><D51/><U91/><E122/><V25/><F25/><W26/><G26/><T22/><D40/><U77/><E77/><V102/><F102/><W31/><G73/><T10/><D10/><U88/><E87/><AGARI ba="0,0" hai="50,53,59,85,86,87,118,119" m="41482,43017" machi="87" ten="40,5200,0" yaku="14,1,52,2" doraHai="112" who="2" fromWho="1" sc="250,0,250,-52,250,52,250,0" /><INIT seed="1,0,0,0,1,119" ten="250,198,302,250" oya="1" hai0="134,2,39,76,37,10,31,95,70,7,63,118,125" hai1="133,100,129,94,49,55,38,67,28,104,20,124,102" hai2="51,14,52,8,25,111,110,74,112,59,34,75,121" hai3="87,46,56,123,29,30,91,26,126,92,18,58,69"/><U47/><E104/><V120/><F112/><W89/><G69/><T13/><D118/><U131/><E124/><V5/><F34/><W40/><G126/><T73/><D13/><U86/><E67/><V105/><F105/><W24/><G18/><T12/><D12/><U90/><E38/><V78/><F25/><W54/><G123/><N who="2" m="47177" /><F78/><W42/><G54/><T85/><D85/><U101/><E133/><V1/><F1/><W21/><G91/><T79/><D95/><U32/><E32/><V41/><F41/><W35/><REACH who="3" step="1"/><G42/><REACH who="3" ten="250,198,302,240" step="2"/><T122/><D70/><U45/><E28/><V16/><F16/><W130/><G130/><T108/><D31/><U81/><E129/><V61/><F61/><W0/><G0/><T127/><D63/><U116/><E131/><V57/><F57/><W132/><G132/><T77/><D134/><U50/><E116/><V17/><F17/><W66/><G66/><T48/><D122/><U9/><E9/><V107/><F107/><W62/><G62/><T6/><D125/><U27/><E100/><V109/><AGARI ba="0,1" hai="5,8,14,51,52,59,74,75,109,110,111" m="47177" machi="109" ten="40,8000,1" yaku="14,1,52,3,54,1" doraHai="119" who="2" fromWho="2" sc="250,-20,198,-40,302,90,240,-20" /><INIT seed="2,0,0,1,4,33" ten="230,158,392,220" oya="2" hai0="55,1,38,36,87,58,45,21,129,133,120,16,121" hai1="92,82,113,4,128,51,7,69,95,124,24,46,104" hai2="130,98,13,97,131,2,119,117,100,35,79,102,111" hai3="106,99,44,15,37,11,116,84,123,62,64,68,5"/><V56/><F35/><W77/><G123/><T59/><D133/><U109/><E104/><V41/><F41/><W132/><G116/><N who="2" m="44617" /><F13/><W80/><G132/><T93/><D1/><U103/><E69/><V81/><F56/><W91/><G37/><T75/><D75/><U96/><E113/><V134/><F2/><W114/><G114/><T48/><D129/><N who="2" m="49162" /><F134/><W23/><G23/><T54/><D38/><U20/><E7/><V26/><F26/><W70/><G44/><T3/><D3/><U66/><E4/><V8/><F8/><W125/><G125/><T60/><D36/><U57/><E124/><V10/><F10/><W122/><G122/><T27/><D120/><U34/><E34/><V0/><F0/><W89/><G70/><T9/><D9/><U115/><E20/><V86/><F111/><W31/><G31/><T50/><D121/><U107/><E24/><V14/><F14/><W135/><G135/><T73/><D73/><U112/><E109/><V78/><F78/><W63/><G63/><N who="0" m="36311" /><D45/><U110/><E110/><V90/><F79/><W32/><G32/><T105/><D105/><U53/><E128/><V47/><F47/><W28/><G28/><T72/><D72/><U85/><E115/><V18/><F18/><W6/><G6/><T101/><D60/><N who="1" m="38159" /><E112/><V30/><F30/><W39/><G39/><T127/><D127/><U76/><E107/><V61/><F61/><W74/><G74/><T108/><D108/><U12/><E12/><V126/><F126/><W94/><G106/><T65/><D65/><U118/><E118/><V43/><F43/><RYUUKYOKU ba="0,0" sc="230,-30,158,10,392,10,220,10" hai1="46,51,53,76,82,85,92,95,96,103" hai2="81,86,90,97,98,100,102" hai3="5,11,15,62,64,68,77,80,84,89,91,94,99" /><INIT seed="2,1,0,4,2,18" ten="200,168,402,230" oya="2" hai0="106,28,122,17,46,40,126,75,34,54,111,96,29" hai1="55,73,99,14,63,39,119,107,51,117,52,25,4" hai2="56,65,108,91,53,27,21,64,84,129,125,102,20" hai3="81,61,48,94,6,83,8,47,131,101,114,38,112"/><V92/><F125/><W134/><G38/><T86/><D75/><U44/><E73/><V103/><F129/><W124/><G134/><T9/><D122/><U60/><E39/><V57/><F108/><W113/><G131/><T35/><D111/><U87/><E87/><V93/><F57/><W130/><G61/><T68/><D68/><U105/><E25/><V50/><F21/><W24/><G24/><T74/><D74/><U135/><E135/><V5/><F5/><W11/><G11/><T88/><D54/><U42/><E99/><N who="2" m="59887" /><F102/><W90/><G101/><T10/><D126/><U123/><E4/><V58/><F58/><W70/><G70/><T104/><D96/><U31/><E14/><V79/><F79/><W13/><G124/><T78/><D78/><U133/><E133/><V116/><F116/><W41/><REACH who="3" step="1"/><G130/><REACH who="3" ten="200,168,402,220" step="2"/><T33/><D106/><U0/><E107/><V120/><F120/><W118/><G118/><T72/><D104/><U127/><E105/><V110/><F110/><W32/><G32/><T71/><D71/><U115/><E127/><V36/><F36/><W3/><G3/><T12/><D35/><U100/><E0/><V67/><F67/><W109/><G109/><T16/><D34/><U69/><E100/><V98/><F65/><W30/><G30/><T26/><D29/><U22/><E123/><V1/><F64/><W89/><G89/><T80/><D10/><U19/><E119/><V97/><F1/><W85/><AGARI ba="1,1" hai="6,8,13,41,47,48,81,83,85,90,94,112,113,114" machi="85" ten="30,8000,1" yaku="1,1,0,1,11,1,53,2" doraHai="18" doraHaiUra="77" who="3" fromWho="3" sc="200,-21,168,-21,402,-41,220,93" /><INIT seed="3,0,0,1,3,2" ten="179,147,361,313" oya="3" hai0="68,17,11,84,64,69,23,53,119,126,83,78,105" hai1="95,101,117,121,30,34,107,29,62,22,50,42,110" hai2="31,109,120,102,133,5,59,81,15,115,97,63,16" hai3="35,27,76,129,77,104,128,112,122,12,131,9,51"/><W48/><G104/><T108/><D119/><U96/><E121/><V6/><F115/><W54/><G122/><T13/><D108/><U57/><E110/><V10/><F109/><W116/><G116/><T67/><D126/><U113/><E113/><V58/><F120/><W125/><G125/><T93/><D105/><U14/><E34/><V85/><F31/><N who="3" m="19967" /><G112/><T61/><D93/><U100/><E117/><V70/><F70/><W37/><G37/><T49/><D67/><U56/><E107/><V106/><F133/><W33/><G33/><T26/><D61/><U73/><E73/><V60/><F60/><W123/><G123/><T80/><D80/><U38/><E38/><V1/><F1/><W134/><G134/><T40/><D40/><U92/><E14/><V94/><F106/><W47/><G48/><T130/><D64/><U39/><E39/><V88/><F59/><W55/><G54/><AGARI ba="0,0" hai="5,6,10,15,16,54,58,63,81,85,88,94,97,102" machi="54" ten="30,12000,2" yaku="7,1,8,1,52,2,54,2" doraHai="2" who="2" fromWho="3" sc="179,0,147,0,361,120,313,-120" /><INIT seed="4,0,0,5,2,22" ten="179,147,481,193" oya="0" hai0="132,81,104,82,100,43,99,125,89,117,118,120,27" hai1="1,48,13,93,109,50,64,49,31,12,88,130,67" hai2="91,21,45,69,74,19,57,5,77,0,113,90,6" hai3="111,9,85,119,59,36,7,8,127,103,116,133,20"/><T56/><D120/><U61/><E1/><V28/><F69/><W10/><G36/><T124/><D43/><U58/><E109/><V114/><F28/><W46/><G111/><T14/><D14/><U60/><E31/><V107/><F107/><W70/><G70/><T35/><D56/><U51/><N who="1" m="12288" /><DORA hai="78" /><U29/><E29/><V134/><F57/><W108/><G46/><T68/><D68/><U3/><E3/><V80/><F45/><W11/><G59/><T15/><D15/><N who="1" m="5707" /><E58/><V40/><F40/><W86/><G108/><T39/><D39/><U24/><E24/><N who="2" m="14399" /><F134/><W128/><G133/><T129/><D27/><U66/><E130/><V123/><F123/><W38/><G38/><T73/><D35/><U84/><AGARI ba="0,0" hai="60,61,64,66,67,84,88,93" m="5707,12288" machi="84" ten="50,3200,0" yaku="8,1,54,1" doraHai="22,78" who="1" fromWho="1" sc="179,-16,147,32,481,-8,193,-8" /><INIT seed="5,0,0,1,4,93" ten="163,179,473,185" oya="1" hai0="61,4,11,1,53,3,34,9,47,111,100,46,42" hai1="123,87,126,23,114,30,39,26,108,50,132,55,119" hai2="97,81,83,103,49,62,60,80,0,66,35,41,91" hai3="45,24,117,15,120,116,129,51,56,122,70,112,90"/><U102/><E123/><N who="3" m="47146" /><G90/><T37/><D111/><U124/><E119/><N who="3" m="45642" /><G24/><T33/><D100/><U85/><E39/><V63/><F0/><W44/><G15/><T78/><D78/><U64/><E108/><V105/><F35/><W134/><G134/><T12/><D3/><U14/><E132/><V101/><F66/><W52/><G129/><T88/><D61/><U107/><E64/><V118/><F118/><W109/><G109/><T6/><D53/><U96/><E14/><V86/><F103/><W127/><G127/><N who="1" m="48682" /><E114/><V18/><F18/><W48/><G70/><T133/><D133/><U7/><E7/><V131/><F131/><W19/><G19/><T54/><D88/><U130/><E130/><V10/><F10/><W8/><G8/><T95/><D95/><U76/><E76/><V65/><F65/><W135/><G135/><T106/><D106/><U57/><AGARI ba="0,0" hai="23,26,30,50,55,57,85,87,96,102,107" m="48682" machi="57" ten="30,3000,0" yaku="18,1,52,1" doraHai="93" who="1" fromWho="1" sc="163,-10,179,30,473,-10,185,-10" /><INIT seed="5,1,0,5,2,30" ten="153,209,463,175" oya="1" hai0="133,18,29,16,96,0,41,74,34,90,95,58,38" hai1="78,70,44,40,47,135,2,77,81,110,21,75,84" hai2="31,86,53,106,25,68,50,64,93,17,119,71,111" hai3="109,118,76,82,123,56,59,7,129,4,57,12,33"/><U39/><E70/><V65/><F106/><W26/><G123/><T89/><D133/><U52/><E135/><V6/><F6/><W112/><G109/><T122/><D122/><U54/><E110/><V3/><F3/><W124/><G118/><T27/><D74/><U8/><E78/><V32/><F119/><W46/><G124/><T61/><D0/><U94/><E47/><V85/><F111/><W92/><G112/><T126/><D126/><U116/><E116/><V103/><F17/><W20/><G33/><T60/><D60/><U1/><E1/><V80/><F71/><W79/><G129/><T35/><D35/><U73/><E21/><V98/><F86/><W127/><G127/><T69/><D69/><U37/><E37/><V19/><F19/><W101/><G46/><T128/><D128/><U120/><E120/><V100/><F100/><W72/><G12/><T67/><REACH who="0" step="1"/><D90/><REACH who="0" ten="143,209,463,175" step="2"/><N who="1" m="53575" /><E75/><V121/><F68/><W113/><G113/><T66/><D66/><U108/><E108/><V10/><F121/><W105/><G76/><T91/><D91/><U15/><E2/><V36/><F64/><W43/><G79/><T5/><D5/><U63/><E63/><V104/><F65/><W13/><G7/><T125/><D125/><U117/><E117/><V102/><F32/><W28/><G4/><T97/><D97/><U24/><E73/><V83/><F98/><W42/><G72/><T48/><D48/><U62/><E62/><V23/><F50/><W131/><G131/><T114/><D114/><U45/><E77/><V107/><F36/><W99/><G99/><RYUUKYOKU ba="1,1" sc="143,30,209,-10,463,-10,175,-10" hai0="16,18,27,29,34,38,41,58,61,67,89,95,96" /><INIT seed="6,2,1,1,3,118" ten="173,199,453,165" oya="2" hai0="75,4,85,15,13,2,69,131,43,60,121,122,68" hai1="12,95,59,105,125,86,111,34,90,6,35,135,119" hai2="58,97,36,50,31,71,1,106,61,77,44,66,11" hai3="117,115,80,73,21,110,42,54,67,3,98,133,128"/><V9/><F77/><W82/><G117/><T24/><D85/><U102/><E111/><V129/><F129/><W23/><G110/><T45/><D15/><U32/><E119/><V72/><F72/><W48/><G3/><T76/><D13/><U92/><E105/><V94/><F106/><W99/><G115/><T47/><D24/><U109/><E109/><V63/><F31/><W113/><G113/><T114/><D47/><U101/><E125/><V27/><F27/><W126/><G126/><T83/><D131/><U112/><E135/><V134/><F1/><W74/><G67/><N who="0" m="41063" /><D69/><U53/><E112/><V62/><F36/><W26/><G133/><T52/><D52/><U70/><E70/><V103/><F134/><W22/><G26/><T123/><D114/><U19/><E6/><V51/><F51/><W84/><G54/><T81/><D81/><U107/><E95/><V120/><F71/><W89/><G128/><T40/><D40/><U127/><E127/><V0/><F0/><W78/><REACH who="3" step="1"/><G73/><REACH who="3" ten="173,199,453,155" step="2"/><T29/><D122/><U96/><E53/><N who="2" m="32055" /><F66/><W56/><G56/><T25/><D25/><U130/><E59/><V57/><F57/><W88/><G88/><T8/><D29/><U39/><E130/><V14/><F14/><W17/><G17/><T18/><D18/><U55/><E55/><V37/><F44/><AGARI ba="2,2" hai="21,22,23,42,44,48,74,78,80,82,84,89,98,99" machi="44" ten="40,5200,0" yaku="1,1,53,2" doraHai="118" doraHaiUra="79" who="3" fromWho="2" sc="173,0,199,0,453,-58,155,78" /><INIT seed="7,0,0,2,0,87" ten="173,199,395,233" oya="3" hai0="88,49,2,62,84,43,78,131,135,99,40,32,125" hai1="132,82,122,72,75,15,130,74,68,66,6,29,9" hai2="13,105,92,51,20,26,116,85,46,96,106,17,31" hai3="73,102,77,109,35,55,89,58,57,83,3,93,112"/><W98/><G35/><T64/><D32/><U120/><E130/><V79/><F116/><W52/><G3/><T33/><D33/><U48/><E132/><V19/><F79/><W108/><G112/><T110/><D2/><U94/><E29/><V124/><F85/><W80/><G80/><N who="0" m="47127" /><D110/><N who="3" m="42601" /><G102/><T39/><D39/><U114/><E114/><V69/><F124/><W119/><G119/><T24/><D131/><U4/><E82/><V23/><F31/><W107/><G107/><T28/><D135/><U100/><E4/><V42/><F69/><W1/><G1/><T45/><D125/><U38/><E38/><V126/><F126/><W37/><G37/><T47/><D47/><U56/><E68/><V50/><F50/><W27/><G27/><T34/><D34/><U129/><E129/><V76/><F76/><W61/><G58/><N who="0" m="36951" /><D24/><U121/><E48/><V21/><F105/><W115/><G115/><T67/><D67/><AGARI ba="0,0" hai="52,55,57,61,67,73,77,83,89,93,98" m="42601" machi="67" ten="30,5800,0" yaku="10,1,52,1,54,1" doraHai="87" who="3" fromWho="0" sc="173,-58,199,0,395,0,233,58" /><INIT seed="7,1,0,3,3,41" ten="115,199,395,291" oya="3" hai0="95,39,57,69,61,132,17,26,3,49,38,9,63" hai1="5,106,94,10,35,16,79,67,134,101,121,55,1" hai2="118,43,14,83,2,46,111,53,129,50,62,37,122" hai3="126,103,96,28,42,68,22,64,116,75,0,104,7"/><W6/><G126/><T11/><D132/><U56/><E106/><V19/><F2/><W47/><G116/><T130/><D130/><U70/><E16/><V89/><F111/><W102/><G75/><T36/><D69/><U77/><E55/><V78/><F118/><W18/><G28/><T92/><D63/><U115/><E56/><N who="2" m="35087" /><F37/><W73/><G73/><T98/><D49/><U127/><E94/><V93/><F129/><W85/><G85/><T40/><D92/><U21/><E101/><V13/><F122/><W99/><G0/><T30/><D30/><U86/><E21/><N who="2" m="11503" /><F14/><W80/><G80/><T133/><D133/><U27/><E86/><N who="2" m="52407" /><F83/><W59/><G59/><T82/><D82/><U117/><E67/><V54/><F78/><N who="1" m="29705" /><E5/><V88/><F88/><W90/><G90/><T131/><D131/><U125/><E27/><V12/><F12/><W128/><G64/><T124/><D124/><U110/><E10/><V8/><F8/><W20/><G68/><T24/><D3/><U123/><E115/><V51/><F51/><W97/><G128/><T108/><D108/><U45/><E134/><V15/><F15/><W34/><G103/><N who="0" m="60895" /><D26/><U58/><E58/><V81/><F81/><W52/><G102/><T71/><D71/><U120/><E125/><V4/><F4/><W74/><G104/><T91/><D91/><U107/><E127/><V87/><F87/><W119/><G74/><T23/><D9/><U66/><E123/><V105/><F105/><W31/><G119/><T25/><D11/><U65/><E121/><V33/><F33/><W112/><G34/><RYUUKYOKU ba="1,0" sc="115,-10,199,-10,395,30,291,-10" hai2="43,46,50,54" owari="105,-39.0,189,-21.0,425,52.0,281,8.0" /></mjloggm>