<mjloggm ver="2.3"><GO type="169" lobby="0"/><UN n0="%E3%81%82%E3%81%84%E3%81%82%E3%81%8A%E3%81%84" n1="%E3%82%84%E3%81%BE%E3%83%BC%E3%82%93" n2="%61%73%73%65%72%74%69%76" n3="%E3%82%A6%E3%83%AB%E3%83%88%E3%83%A9%E7%AB%8B%E7%9B%B4" dan="18,17,16,17" rate="2176.73,2193.27,2125.56,2191.91" sx="M,M,M,M"/><TAIKYOKU oya="0"/><INIT seed="0,0,0,4,5,100" ten="250,250,250,250" oya="0" hai0="7,38,19,30,104,62,32,74,107,54,112,69,90" hai1="95,85,101,120,87,78,66,56,18,80,16,88,42" hai2="5,111,121,14,132,41,48,24,127,45,58,76,39" hai3="84,10,117,118,77,92,8,99,61,1,37,105,31"/><T86/><D74/><U35/><E120/><V98/><F121/><W115/><G115/><T44/><D112/><U89/><E35/><V40/><F111/><W26/><G37/><T135/><D7/><U126/><E126/><V33/><F76/><W17/><G8/><T60/><D38/><U71/><E71/><V2/><F2/><W72/><G72/><T70/><D70/><U125/><E125/><V68/><F68/><W73/><G73/><T29/><D44/><U65/><E42/><V110/><F41/><W64/><G84/><T15/><D54/><U52/><E101/><V28/><F132/><W46/><G77/><T67/><D62/><N who="1" m="36103" /><E78/><V114/><F110/><W119/><G46/><T21/><D135/><U49/><E49/><V12/><F5/><W124/><G124/><T11/><D11/><U81/><E81/><V82/><F82/><W93/><G61/><T6/><D6/><U83/><E83/><V106/><F114/><W102/><G64/><AGARI ba="0,0" hai="16,18,64,65,66,80,85,87,88,89,95" m="36103" machi="64" ten="30,7700,0" yaku="8,1,54,3" doraHai="100" who="1" fromWho="3" sc="250,0,250,77,250,0,250,-77" /><INIT seed="1,0,0,0,0,91" ten="250,327,250,173" oya="1" hai0="34,37,26,103,125,51,71,9,79,35,61,40,50" hai1="131,28,74,52,81,67,69,12,59,73,121,124,5" hai2="41,62,4,97,44,104,88,39,85,11,84,89,105" hai3="94,82,21,58,38,83,15,110,57,70,48,36,32"/><U75/><E121/><V17/><F62/><W63/><G32/><T127/><D79/><U19/><E124/><N who="0" m="47689" /><D103/><U123/><E123/><V24/><F97/><W107/><G107/><T45/><D9/><U46/><E131/><V56/><F56/><W43/><G70/><T112/><D112/><U133/><E133/><V76/><F76/><W98/><G110/><T65/><D26/><U114/><E69/><V132/><F132/><W2/><G2/><T122/><D122/><U102/><E102/><V96/><F96/><W111/><G111/><T25/><D25/><U68/><E68/><V119/><F119/><W72/><G72/><T135/><D135/><U6/><E28/><V93/><F24/><W14/><G38/><T10/><D10/><U0/><E0/><V130/><F17/><W66/><G36/><T53/><D50/><U18/><E81/><V87/><F130/><W108/><G108/><T54/><D54/><U106/><E114/><V20/><F20/><W120/><G120/><T30/><D30/><U95/><E106/><V33/><F33/><W7/><G7/><T77/><D77/><U101/><E5/><V92/><F87/><W115/><G115/><T99/><D99/><N who="1" m="59647" /><E6/><V117/><REACH who="2" step="1"/><F117/><REACH who="2" ten="250,327,240,173" step="2"/><W113/><G113/><T42/><D34/><U49/><E12/><AGARI ba="0,1" hai="4,11,12,39,41,44,84,85,88,89,92,93,104,105" machi="12" ten="30,12000,2" yaku="1,1,2,1,7,1,9,1,52,2,54,1,53,0" doraHai="91" doraHaiUra="78" who="2" fromWho="1" sc="250,0,327,-120,240,130,173,0" /><INIT seed="2,0,0,5,1,107" ten="250,207,370,173" oya="2" hai0="0,1,51,62,79,27,97,2,11,80,49,3,75" hai1="129,7,91,70,34,30,44,98,39,56,38,130,83" hai2="90,17,133,119,13,88,41,112,37,82,42,103,120" hai3="96,102,87,126,58,61,12,19,26,81,124,125,135"/><V4/><F119/><W47/><G26/><T22/><D97/><U94/><E70/><V132/><F120/><W35/><G35/><T99/><D99/><U25/><E7/><V127/><F112/><W117/><G117/><T40/><D62/><U53/><E83/><V101/><F127/><W108/><G47/><T66/><D66/><U6/><E6/><V86/><F4/><W121/><G121/><T69/><D69/><U5/><E5/><V89/><F37/><W78/><G135/><N who="2" m="51785" /><F42/><W67/><G108/><T15/><D40/><U106/><E106/><V76/><F41/><W118/><G118/><T131/><D131/><N who="1" m="50187" /><E44/><V104/><F104/><W134/><G134/><T46/><D46/><U95/><E95/><V114/><F114/><W92/><G12/><T45/><D45/><U28/><E30/><V33/><F33/><W100/><REACH who="3" step="1"/><G19/><REACH who="3" ten="250,207,370,163" step="2"/><T85/><D0/><U59/><E59/><V73/><F73/><W21/><G21/><AGARI ba="0,1" hai="13,17,21,76,82,86,88,89,90,101,103" m="51785" machi="21" ten="30,2900,0" yaku="20,1,54,1" doraHai="107" who="2" fromWho="3" sc="250,0,207,0,370,39,163,-29" /><INIT seed="2,1,0,4,0,94" ten="250,207,409,134" oya="2" hai0="62,76,17,116,72,113,75,34,55,103,33,127,96" hai1="2,35,91,118,71,133,117,120,27,0,77,87,42" hai2="32,12,69,3,37,13,46,8,124,111,129,90,28" hai3="19,15,51,110,20,56,1,121,66,134,100,128,61"/><V52/><F69/><W98/><G1/><T97/><D113/><U25/><E77/><V81/><F124/><W132/><G121/><T44/><D127/><U85/><E71/><V59/><F129/><W16/><G128/><T54/><D116/><U21/><E120/><V83/><F3/><W10/><G51/><T7/><D7/><U50/><E133/><V68/><F68/><W122/><G122/><T119/><D119/><U26/><E50/><V126/><F126/><W57/><G57/><T99/><D103/><U22/><E42/><V30/><F32/><W123/><G123/><T102/><D102/><U48/><E48/><N who="2" m="28695" /><F111/><W114/><G114/><T112/><D112/><U115/><E115/><V65/><F37/><W95/><REACH who="3" step="1"/><G110/><REACH who="3" ten="250,207,409,124" step="2"/><T101/><D62/><U64/><E117/><V18/><F59/><W86/><G86/><T5/><D75/><U11/><E87/><N who="2" m="50543" /><F83/><W82/><G82/><T43/><D72/><U47/><E118/><V49/><F49/><W84/><G84/><T38/><D38/><U36/><E85/><V9/><F65/><W130/><G130/><T29/><D76/><U109/><E36/><V53/><F53/><W73/><G73/><T63/><D54/><U89/><E2/><V31/><F31/><W74/><G74/><T80/><D55/><U60/><E0/><V78/><F78/><W79/><G79/><T135/><D29/><U58/><E109/><V92/><F30/><W23/><G23/><T125/><D80/><U104/><E22/><V24/><F28/><W107/><G107/><T14/><D125/><U39/><E104/><RYUUKYOKU ba="1,1" sc="250,-10,207,-10,409,-10,124,30" hai3="10,15,16,19,20,56,61,66,95,98,100,132,134" /><INIT seed="3,2,1,3,2,107" ten="240,197,399,154" oya="3" hai0="28,38,90,20,66,83,27,132,64,42,11,130,46" hai1="115,97,134,75,99,51,74,23,135,106,117,60,40" hai2="56,79,30,48,8,19,36,9,110,50,3,124,21" hai3="53,120,103,54,109,131,63,41,78,121,125,111,108"/><W95/><G41/><T47/><D132/><N who="1" m="50731" /><E115/><V67/><F36/><W73/><G125/><T113/><D113/><U37/><E117/><V76/><F110/><W81/><G131/><T34/><D130/><U92/><E106/><V96/><F3/><W62/><G62/><T59/><D47/><N who="1" m="23951" /><E60/><N who="2" m="38279" /><F96/><N who="1" m="36937" /><E92/><V44/><F30/><W104/><G104/><T18/><D59/><U29/><E51/><N who="2" m="19499" /><F44/><W119/><G119/><T101/><D101/><U126/><E126/><V45/><F45/><W89/><G103/><T82/><D11/><N who="2" m="4170" /><F124/><W80/><G80/><T127/><D127/><U12/><E12/><AGARI ba="2,1" hai="12,19,21,76,79" m="4170,19499,38279" machi="12" ten="30,1000,0" yaku="8,1" doraHai="107" who="2" fromWho="1" sc="240,0,197,-16,399,26,154,0" /><INIT seed="4,0,0,4,0,29" ten="240,181,425,154" oya="0" hai0="67,104,89,57,1,22,65,35,72,34,50,121,127" hai1="86,81,62,66,55,99,30,63,105,76,74,79,98" hai2="91,102,47,8,46,44,124,19,106,107,5,85,0" hai3="10,18,101,117,51,16,70,59,120,131,2,110,42"/><T32/><D1/><U103/><E99/><V88/><F124/><W114/><G70/><T13/><D121/><U134/><E134/><V24/><F91/><W4/><G117/><T56/><D72/><U111/><E111/><V87/><F87/><W3/><G110/><T9/><D104/><U116/><E116/><V77/><F77/><W43/><G120/><T7/><D127/><U53/><E79/><V97/><F106/><W92/><G2/><T40/><D22/><U6/><E6/><V14/><F24/><W96/><G131/><T123/><D123/><U12/><E12/><V93/><F47/><W25/><G114/><T125/><D125/><U95/><E63/><V129/><F129/><W21/><REACH who="3" step="1"/><G18/><REACH who="3" ten="240,181,425,144" step="2"/><T61/><D40/><U109/><E109/><V49/><F49/><W80/><G80/><T94/><D50/><U52/><E30/><V36/><F36/><W73/><G73/><T108/><D108/><U132/><E132/><V122/><F122/><W115/><G115/><T100/><D100/><U60/><REACH who="1" step="1"/><E66/><REACH who="1" ten="240,171,425,144" step="2"/><V64/><F64/><W133/><G133/><T113/><D113/><U71/><E71/><V83/><F83/><W27/><G27/><T39/><D65/><U126/><E126/><V118/><F118/><W26/><G26/><T82/><D82/><U78/><E78/><V48/><F48/><W68/><G68/><T41/><D39/><U135/><E135/><V37/><F37/><W58/><G58/><N who="0" m="37303" /><D41/><U112/><E112/><V75/><F75/><W15/><G15/><T33/><N who="0" m="8192" /><DORA hai="84" /><T23/><D57/><U28/><E28/><RYUUKYOKU ba="0,2" sc="240,-30,171,10,425,10,144,10" hai1="52,53,55,60,62,74,76,81,86,95,98,103,105" hai2="0,5,8,14,19,44,46,85,88,93,97,102,107" hai3="3,4,10,16,21,25,42,43,51,59,92,96,101" /><INIT seed="5,1,2,5,0,42" ten="210,181,435,154" oya="1" hai0="126,93,5,125,25,39,67,113,33,43,109,7,22" hai1="0,57,61,132,23,56,100,10,35,118,38,50,69" hai2="37,108,135,114,16,72,15,90,40,120,26,122,51" hai3="64,129,21,62,111,134,116,88,78,71,18,12,97"/><U80/><E118/><V27/><F108/><W31/><G111/><T52/><D109/><U28/><E38/><V4/><F72/><W11/><G116/><T124/><D33/><U17/><E132/><V45/><F135/><W70/><G134/><T20/><D113/><U133/><E133/><V103/><F114/><W41/><G129/><T95/><D67/><U86/><E100/><V87/><F103/><W46/><G78/><T48/><D22/><U32/><E69/><V63/><F4/><N who="0" m="1610" /><D43/><U13/><E0/><V58/><F37/><W59/><G31/><N who="0" m="17831" /><D39/><U89/><E50/><V73/><F73/><W53/><G21/><T83/><D83/><U79/><E57/><AGARI ba="1,2" hai="48,52,57,93,95,124,125,126" m="17831,1610" machi="57" ten="30,2000,0" yaku="18,1,54,1" doraHai="42" who="0" fromWho="1" sc="210,43,181,-23,435,0,154,0" /><INIT seed="6,0,0,3,3,5" ten="253,158,435,154" oya="2" hai0="73,91,50,55,114,60,129,20,64,92,39,15,22" hai1="117,8,9,48,90,132,108,119,112,3,14,28,110" hai2="10,18,121,127,120,13,58,38,56,118,86,85,62" hai3="52,30,44,35,74,59,133,34,104,72,113,84,82"/><V99/><F127/><W93/><G104/><T125/><D73/><U103/><E103/><V4/><F38/><W87/><G133/><T97/><D39/><U21/><E132/><V101/><F118/><N who="1" m="45065" /><E48/><V68/><F68/><W36/><G34/><T49/><D49/><U23/><E90/><V102/><F120/><W111/><G111/><N who="1" m="42538" /><E112/><V51/><F121/><W29/><G35/><T135/><D125/><U33/><E33/><V105/><F101/><W32/><G32/><T79/><D79/><U71/><E71/><V67/><REACH who="2" step="1"/><F18/><REACH who="2" ten="253,158,425,154" step="2"/><W66/><G36/><T43/><D135/><U116/><E116/><V54/><AGARI ba="0,1" hai="4,10,13,51,54,56,58,62,67,85,86,99,102,105" machi="54" ten="30,11700,0" yaku="1,1,2,1,0,1,52,1,53,0" doraHai="5" doraHaiUra="42" who="2" fromWho="2" sc="253,-39,158,-39,425,127,154,-39" /><INIT seed="6,1,0,5,1,49" ten="214,119,552,115" oya="2" hai0="7,30,82,4,119,23,63,109,0,53,129,126,52" hai1="14,60,78,101,128,25,124,115,92,35,100,40,112" hai2="99,94,34,68,90,83,18,108,61,117,121,5,38" hai3="54,107,16,9,120,125,116,15,31,33,84,37,104"/><V45/><F117/><W6/><G120/><T87/><D109/><U130/><E124/><V1/><F34/><W2/><G116/><T59/><D119/><U133/><E133/><V102/><F121/><W81/><G37/><T79/><D126/><U57/><E40/><V48/><F38/><W28/><G125/><T95/><D129/><N who="1" m="49771" /><E78/><V11/><F108/><W17/><G17/><T118/><D118/><U19/><E35/><V29/><F29/><W66/><G66/><N who="0" m="39295" /><D0/><U64/><E25/><V135/><F61/><W105/><G33/><T41/><D41/><U36/><E36/><V132/><F68/><W93/><G93/><T44/><D44/><U69/><E69/><V70/><F70/><W73/><G73/><T21/><D95/><U75/><E75/><V55/><F18/><W12/><G2/><T127/><D127/><U32/><E32/><V74/><F74/><W65/><G65/><T50/><D50/><U62/><E62/><V76/><F76/><W22/><REACH who="3" step="1"/><G54/><REACH who="3" ten="214,119,552,105" step="2"/><N who="0" m="21099" /><D30/><U122/><E92/><V46/><F46/><W56/><G56/><T96/><D96/><U80/><E122/><V103/><F132/><W67/><G67/><T26/><D26/><U123/><E123/><V42/><F135/><W111/><G111/><T113/><D113/><N who="1" m="43595" /><E80/><V3/><F42/><W47/><G47/><T114/><D114/><U97/><E97/><V134/><F134/><W24/><G24/><T39/><D39/><U86/><E86/><N who="2" m="50527" /><F1/><W77/><AGARI ba="1,1" hai="6,9,12,15,16,22,28,31,77,81,84,104,105,107" machi="77" ten="30,4000,0" yaku="1,1,0,1,54,1,53,0" doraHai="49" doraHaiUra="98" who="3" fromWho="3" sc="214,-11,119,-11,552,-21,105,53" /><INIT seed="7,0,0,0,3,130" ten="203,108,531,158" oya="3" hai0="0,125,18,94,41,67,22,12,5,4,30,71,57" hai1="114,97,16,128,121,31,9,104,19,68,43,99,129" hai2="134,93,106,54,82,64,6,65,47,53,62,75,116" hai3="23,113,124,111,123,61,98,36,72,90,44,26,32"/><W13/><G72/><T89/><D71/><U33/><E114/><V115/><F106/><W20/><G32/><T81/><D0/><U56/><E68/><V109/><F109/><W7/><G36/><T92/><D41/><U34/><E104/><V133/><F116/><W59/><G124/><T58/><D125/><U108/><E43/><V119/><F119/><W122/><G44/><T69/><D69/><U27/><E56/><N who="0" m="21609" /><D30/><U70/><E70/><V51/><F6/><N who="0" m="2666" /><D67/><N who="2" m="25674" /><F62/><W135/><G59/><T21/><D21/><U73/><E73/><V96/><F54/><W8/><G61/><T118/><D118/><U50/><E50/><V14/><F14/><W84/><G113/><T78/><D78/><U46/><E46/><V103/><F82/><W86/><G23/><T131/><D131/><U15/><E108/><V102/><F75/><W35/><G35/><T76/><D76/><U55/><E55/><V17/><F17/><W83/><G20/><T25/><D12/><U85/><E121/><V24/><F24/><W28/><G26/><T77/><D77/><U126/><E126/><V127/><F127/><W11/><G111/><T105/><D105/><U117/><E117/><V100/><F115/><W88/><G28/><T87/><AGARI ba="0,0" hai="18,22,25,81,87,89,92,94" m="2666,21609" machi="87" ten="30,1100,0" yaku="8,1" doraHai="130" who="0" fromWho="0" sc="203,11,108,-3,531,-3,158,-5" owari="214,1.0,105,-39.0,528,63.0,153,-25.0" /></mjloggm>