<mjloggm ver="2.3"><GO type="169" lobby="0"/><UN n0="%6B%75%72%6F%2A" n1="%E9%9B%AA%E2%84%96%E5%87%89" n2="%E3%82%A6%E3%83%AB%E3%83%88%E3%83%A9%E7%AB%8B%E7%9B%B4" n3="%E3%83%95%E3%82%A7%E3%83%AB%E3%83%8A%E3%83%B3%E3%83%89" dan="16,16,17,16" rate="2088.25,2165.28,2133.09,2065.34" sx="M,M,M,M"/><TAIKYOKU oya="0"/><INIT seed="0,0,0,2,1,24" ten="250,250,250,250" oya="0" hai0="114,25,130,54,22,36,135,112,90,85,33,9,51" hai1="14,68,32,82,123,63,0,6,127,34,57,20,48" hai2="81,62,86,47,88,133,17,89,122,52,105,11,53" hai3="91,106,98,126,7,96,132,93,1,95,55,56,75"/><T108/><D36/><U28/><E123/><V15/><F105/><W61/><G106/><T103/><D33/><U30/><E68/><V97/><F122/><W131/><G75/><T49/><D130/><U38/><E38/><V94/><F133/><W107/><G107/><T65/><D135/><U87/><E127/><V5/><F62/><W134/><G126/><T18/><D103/><U2/><E48/><N who="2" m="28703" /><F53/><W67/><G131/><T125/><D125/><U59/><E34/><V29/><F29/><N who="1" m="11369" /><E32/><V71/><F71/><W70/><G7/><AGARI ba="0,0" hai="5,7,11,15,17,81,86,88,89,94,97" m="28703" machi="7" ten="30,7700,0" yaku="25,1,8,1,54,2" doraHai="24" who="2" fromWho="3" sc="250,0,250,0,250,77,250,-77" /><INIT seed="1,0,0,4,2,72" ten="250,250,327,173" oya="1" hai0="113,35,16,83,122,108,45,59,17,62,3,65,86" hai1="100,24,92,79,29,124,28,76,54,61,44,49,80" hai2="36,1,91,106,101,25,75,115,77,133,118,12,30" hai3="32,46,123,89,51,114,87,95,131,84,109,112,57"/><U85/><E124/><V102/><F1/><W38/><G123/><T98/><D113/><U78/><E61/><V21/><F36/><W23/><G32/><T93/><D122/><U126/><E126/><V117/><F115/><W40/><G109/><T56/><D108/><U7/><E7/><V97/><F102/><W125/><G125/><T5/><D35/><U13/><E13/><V4/><F133/><W60/><G131/><T33/><D33/><U34/><REACH who="1" step="1"/><E28/><REACH who="1" ten="250,240,327,173" step="2"/><V121/><F12/><W8/><G114/><T0/><D5/><U58/><E58/><V18/><F4/><W10/><G112/><T69/><D3/><U96/><AGARI ba="0,1" hai="24,29,34,44,49,54,76,78,79,80,85,92,96,100" machi="96" ten="30,18000,2" yaku="1,1,0,1,52,3,53,1" doraHai="72" doraHaiUra="22" who="1" fromWho="1" sc="250,-60,240,190,327,-60,173,-60" /><INIT seed="1,1,0,5,3,45" ten="190,430,267,113" oya="1" hai0="114,126,110,18,49,46,8,115,4,91,130,70,120" hai1="102,116,51,32,39,13,33,135,76,64,2,43,117" hai2="27,21,9,16,122,73,85,119,124,54,95,38,92" hai3="79,127,55,12,20,19,123,89,48,101,62,66,121"/><U6/><E2/><V93/><F73/><W47/><G127/><T84/><D110/><U72/><E135/><V107/><F107/><W96/><G79/><T82/><D130/><U128/><E128/><V44/><F122/><W74/><G74/><T15/><D70/><U69/><E102/><V125/><F119/><W3/><G89/><T52/><D126/><N who="2" m="48746" /><F9/><W61/><G3/><T30/><D120/><U81/><E39/><V112/><F112/><W118/><G62/><T131/><D131/><U88/><E117/><V98/><F85/><W56/><REACH who="3" step="1"/><G118/><REACH who="3" ten="190,430,267,103" step="2"/><T134/><D134/><U83/><E116/><V40/><F98/><W86/><G86/><T58/><D30/><U108/><E76/><V17/><F17/><W99/><G99/><T129/><D129/><U59/><E72/><V90/><F90/><W106/><AGARI ba="1,1" hai="12,19,20,47,48,55,56,61,66,96,101,106,121,123" machi="106" ten="20,5200,0" yaku="1,1,0,1,7,1,52,1,53,0" doraHai="45" doraHaiUra="29" who="3" fromWho="3" sc="190,-14,430,-27,267,-14,103,65" /><INIT seed="2,0,0,4,1,105" ten="176,403,253,168" oya="2" hai0="118,24,122,79,125,35,56,69,34,75,41,8,106" hai1="16,6,135,100,95,101,54,13,18,17,23,93,120" hai2="7,85,39,103,96,61,20,91,127,10,128,88,62" hai3="59,60,133,82,119,33,114,111,53,66,14,58,107"/><V42/><F127/><W134/><G107/><T48/><D48/><U49/><E135/><N who="3" m="51722" /><G33/><T123/><D56/><N who="1" m="32847" /><E120/><V110/><F128/><W25/><G25/><T77/><D77/><U121/><E121/><V38/><F110/><W43/><G14/><T0/><D35/><U28/><E28/><V84/><F20/><W30/><G30/><N who="0" m="19783" /><D125/><U124/><E124/><V94/><F42/><W104/><G104/><T73/><D118/><U102/><E6/><V109/><F109/><W15/><G15/><T50/><D50/><U32/><E32/><V57/><F103/><W74/><G111/><T27/><D27/><N who="1" m="14831" /><E18/><V89/><F89/><W64/><G119/><T37/><D106/><U83/><E83/><V108/><F108/><W115/><G43/><T52/><D69/><U63/><E63/><V2/><F96/><W65/><G59/><T22/><D41/><U70/><E70/><V112/><BYE who="1" /><F112/><N who="3" m="43051" /><G82/><T46/><D0/><U87/><E87/><V44/><F44/><W51/><G51/><T90/><D46/><U26/><E26/><V92/><F62/><W67/><N who="3" m="16384" /><DORA hai="55" /><W86/><G86/><T29/><D123/><UN n1="%E9%9B%AA%E2%84%96%E5%87%89" /><U45/><E45/><V81/><F81/><W12/><G12/><T116/><D122/><U1/><E1/><V5/><F5/><W11/><G11/><AGARI ba="0,0" hai="11,13,16,93,95,100,101,102" m="14831,32847" machi="11" ten="30,3900,0" yaku="8,1,52,1,54,1" doraHai="105,55" who="1" fromWho="3" sc="176,0,403,39,253,0,168,-39" /><INIT seed="3,0,0,1,0,66" ten="176,442,253,129" oya="3" hai0="63,58,81,22,112,16,131,34,107,114,105,24,64" hai1="12,86,130,28,93,134,96,14,69,97,30,18,116" hai2="25,37,118,15,17,26,68,74,109,103,78,61,19" hai3="45,91,27,100,41,44,104,50,75,9,101,6,85"/><W102/><G75/><T40/><D131/><U135/><E130/><V92/><F37/><W2/><G27/><T111/><D111/><U99/><E116/><V87/><F74/><W121/><G121/><T23/><D34/><U0/><E0/><V76/><F68/><W32/><G32/><T83/><D40/><U59/><E69/><V125/><F125/><W48/><G104/><T49/><D49/><U54/><E14/><V43/><F43/><W82/><REACH who="3" step="1"/><G102/><REACH who="3" ten="176,442,253,119" step="2"/><T115/><D105/><U119/><E119/><V124/><F26/><W39/><G39/><T117/><D107/><U53/><E134/><V47/><F25/><W38/><G38/><T122/><D122/><U60/><E135/><V35/><F103/><W10/><G10/><T67/><D117/><U21/><E30/><V5/><F35/><W33/><G33/><T106/><D106/><U77/><E28/><V8/><F118/><W95/><G95/><T13/><D67/><N who="1" m="39327" /><E93/><V73/><F92/><W29/><G29/><AGARI ba="0,1" hai="13,16,22,23,24,29,58,63,64,81,83,112,114,115" machi="29" ten="40,2600,0" yaku="11,1,54,1" doraHai="66" who="0" fromWho="3" sc="176,36,442,0,253,0,119,-26" /><INIT seed="4,0,0,0,1,6" ten="212,442,253,93" oya="0" hai0="37,84,27,66,113,119,100,77,57,46,67,83,90" hai1="18,86,88,103,51,44,28,38,78,82,20,26,61" hai2="130,87,53,56,134,45,30,35,110,19,39,16,98" hai3="94,118,42,49,7,81,111,63,133,1,116,123,115"/><T47/><D119/><U2/><E2/><V106/><F110/><W17/><G111/><T129/><D113/><U99/><E38/><V70/><F70/><W15/><G115/><T131/><D100/><U93/><E61/><V108/><F134/><W89/><G133/><T40/><D46/><U13/><E51/><V55/><F108/><W125/><G125/><T101/><D101/><U128/><E128/><N who="0" m="49225" /><D27/><U74/><E44/><V36/><F30/><W31/><G31/><T76/><D57/><U85/><REACH who="1" step="1"/><E103/><REACH who="1" ten="212,432,253,93" step="2"/><V14/><F45/><W3/><G118/><T73/><D76/><U58/><E58/><V102/><F56/><W59/><G59/><T68/><D68/><U4/><E4/><V54/><F39/><W48/><G7/><T43/><D40/><U8/><AGARI ba="0,1" hai="8,13,18,20,26,28,74,78,82,85,86,88,93,99" machi="8" ten="20,8000,1" yaku="1,1,0,1,7,1,52,1,54,1,53,0" doraHai="6" doraHaiUra="96" who="1" fromWho="1" sc="212,-40,432,90,253,-20,93,-20" /><INIT seed="5,0,0,5,0,131" ten="172,522,233,73" oya="1" hai0="14,132,89,75,115,34,63,60,98,111,67,82,22" hai1="26,17,126,16,68,64,37,108,105,107,20,13,73" hai2="88,106,83,0,124,66,85,62,129,39,95,53,72" hai3="58,44,43,81,11,24,52,133,27,97,65,9,92"/><U110/><E37/><V30/><F0/><W103/><G65/><T4/><D34/><U102/><E73/><V135/><F39/><W101/><G101/><T36/><D36/><U7/><E126/><V15/><F53/><W31/><G81/><T45/><D111/><N who="1" m="42539" /><E7/><V5/><F30/><W84/><G84/><T47/><D75/><U121/><E121/><V29/><F29/><W6/><G133/><T80/><D132/><U77/><E77/><N who="2" m="44455" /><F15/><N who="3" m="5559" /><G11/><T119/><D119/><U56/><E68/><V120/><F120/><W99/><G99/><T96/><D4/><U12/><E102/><V100/><F5/><W70/><G70/><T55/><D14/><N who="1" m="5739" /><E17/><V61/><F124/><W86/><G31/><T32/><D32/><U28/><E28/><V51/><F129/><W117/><G117/><T112/><D22/><U19/><E19/><V123/><F123/><W91/><G103/><T54/><D67/><U46/><E46/><V48/><F135/><W128/><G128/><T74/><D74/><U33/><E33/><V50/><F66/><W90/><G44/><T71/><D71/><U21/><E20/><V134/><F134/><W93/><G43/><T8/><D8/><U109/><E109/><V116/><F116/><W94/><G94/><T69/><D69/><U130/><E130/><V118/><F118/><W35/><G35/><T18/><D18/><U57/><E64/><V78/><F78/><W1/><G1/><T38/><D38/><U23/><E23/><V122/><F122/><W2/><G2/><T42/><D42/><U3/><E3/><V104/><F100/><RYUUKYOKU ba="0,0" sc="172,0,522,0,233,0,73,0" hai0="45,47,54,55,60,63,80,82,89,96,98,112,115" hai1="16,21,26,56,57,105,107" hai2="48,50,51,61,62,85,88,95,104,106" hai3="24,27,52,58,86,90,91,92,93,97" /><INIT seed="5,1,0,4,0,14" ten="172,522,233,73" oya="1" hai0="84,48,56,128,77,36,94,44,7,33,23,53,95" hai1="54,101,41,74,132,6,11,60,116,102,57,37,34" hai2="46,4,39,28,8,17,125,45,10,99,96,9,32" hai3="118,126,69,70,49,51,38,76,24,93,81,127,78"/><U115/><E116/><V42/><F125/><N who="3" m="47627" /><G38/><T130/><D33/><U68/><E34/><V12/><F46/><W64/><G118/><T40/><D7/><U63/><E132/><V66/><F66/><W123/><G123/><T0/><D0/><U104/><E74/><V30/><F10/><W62/><G70/><T87/><D77/><N who="3" m="29801" /><G81/><T133/><BYE who="1" /><D133/><U2/><E2/><V80/><F80/><W75/><G75/><T92/><REACH who="0" step="1"/><D23/><REACH who="0" ten="162,522,233,73" step="2"/><U114/><E114/><V131/><F32/><W25/><G93/><T72/><D72/><U134/><E134/><V22/><F9/><W13/><G13/><T119/><D119/><U91/><E91/><V124/><F124/><W61/><G25/><T90/><D90/><U83/><E83/><V16/><F4/><W135/><G135/><T103/><D103/><U67/><E67/><V35/><F35/><W20/><G20/><T58/><D58/><U120/><E120/><V85/><F22/><W89/><G24/><T97/><D97/><U52/><E52/><V79/><F96/><W111/><G89/><T19/><D19/><U21/><E21/><V43/><F17/><W1/><G1/><T29/><D29/><U98/><E98/><V109/><F16/><W65/><G111/><T129/><AGARI ba="1,1" hai="36,40,44,48,53,56,84,87,92,94,95,128,129,130" machi="129" ten="40,5200,0" yaku="1,1,0,1,19,1,53,0" doraHai="14" doraHaiUra="106" who="0" fromWho="0" sc="162,65,522,-27,233,-14,73,-14" /><INIT seed="6,0,0,5,5,114" ten="227,495,219,59" oya="2" hai0="131,100,109,37,129,98,116,95,103,61,54,40,21" hai1="34,64,79,19,47,107,17,111,104,76,38,118,134" hai2="127,105,93,130,41,125,49,84,133,16,23,35,120" hai3="6,32,33,94,27,28,119,22,55,43,46,4,39"/><V106/><F120/><W77/><G119/><T80/><D109/><U29/><E29/><V42/><F35/><W101/><G77/><T14/><D103/><U112/><E112/><V135/><F49/><W30/><G55/><T89/><D40/><N who="2" m="15466" /><F84/><W85/><G22/><T113/><D113/><U11/><E11/><V67/><F93/><W63/><G63/><T8/><D37/><U51/><E51/><V5/><F5/><W69/><G69/><T10/><D21/><U124/><E124/><N who="2" m="47691" /><F67/><W88/><REACH who="3" step="1"/><G101/><REACH who="3" ten="227,495,219,49" step="2"/><T59/><D100/><U15/><E15/><N who="2" m="9631" /><F130/><W45/><G45/><T26/><D131/><U121/><E121/><V75/><F75/><W13/><G13/><T81/><D14/><U74/><E74/><V122/><F122/><W123/><G123/><T24/><D129/><U31/><E31/><V44/><F44/><W1/><G1/><T90/><D54/><U7/><E7/><V108/><F108/><W52/><G52/><T72/><D61/><U71/><E71/><V126/><F126/><W12/><G12/><T96/><D72/><U9/><E9/><V68/><F68/><W117/><G117/><T86/><D116/><U53/><E53/><V70/><F70/><W82/><G82/><T62/><D62/><U99/><E99/><V65/><F65/><W128/><G128/><T73/><D73/><U48/><E48/><V18/><F18/><W83/><G83/><T36/><D81/><U0/><E0/><V132/><AGARI ba="0,1" hai="105,106,132,133,135" m="9631,47691,15466" machi="132" ten="40,7800,0" yaku="20,1,18,1,54,1" doraHai="114" who="2" fromWho="2" sc="227,-26,495,-26,219,88,49,-26" /><INIT seed="6,1,0,2,4,111" ten="201,469,307,23" oya="2" hai0="87,75,70,130,117,50,49,13,12,76,11,78,39" hai1="98,95,3,122,85,0,129,104,135,69,80,77,47" hai2="9,97,4,19,73,36,66,74,65,132,107,102,113" hai3="81,21,14,28,134,40,24,34,120,17,79,64,88"/><V125/><F36/><W45/><G120/><T27/><D39/><U42/><E42/><V31/><F31/><W60/><G134/><T84/><D70/><U100/><E100/><V5/><F19/><W119/><G119/><T126/><D75/><U38/><E38/><V44/><F44/><W133/><G133/><T83/><D117/><U114/><E114/><V127/><F132/><W72/><G40/><T86/><D130/><U101/><E101/><V99/><F113/><W35/><G45/><T63/><D126/><N who="2" m="48138" /><F99/><W62/><G35/><T30/><D63/><U41/><E41/><V20/><F20/><W121/><G121/><T1/><D1/><U123/><E123/><V6/><F9/><W43/><G43/><T128/><D128/><U23/><E23/><V52/><F52/><W71/><REACH who="3" step="1"/><G62/><REACH who="3" ten="201,469,307,13" step="2"/><T7/><D50/><U116/><E116/><V103/><F103/><W15/><G15/><T58/><D13/><U32/><E32/><V2/><F2/><W109/><G109/><T94/><D12/><U33/><E33/><V90/><F102/><W112/><G112/><T61/><D49/><U18/><E18/><V29/><F107/><W55/><G55/><T106/><D106/><U93/><E93/><N who="2" m="56503" /><F29/><W89/><AGARI ba="1,1" hai="14,17,21,24,28,34,60,64,71,72,79,81,88,89" machi="89" ten="30,7900,0" yaku="1,1,0,1,54,1,53,1" doraHai="111" doraHaiUra="26" who="3" fromWho="3" sc="201,-21,469,-21,307,-40,13,92" /><INIT seed="7,0,0,1,4,29" ten="180,448,267,105" oya="3" hai0="54,95,82,30,71,68,57,131,105,49,4,12,32" hai1="20,84,118,43,62,114,38,6,53,129,19,50,60" hai2="127,58,116,73,37,90,33,89,86,44,42,98,36" hai3="125,3,69,74,10,94,26,28,11,109,31,21,117"/><W96/><G117/><T100/><D105/><U85/><E85/><V24/><F73/><W14/><G69/><T59/><D59/><U5/><E5/><V122/><F116/><W70/><G70/><T81/><D71/><U46/><E46/><V45/><F127/><W133/><G125/><T67/><D67/><U113/><E113/><V120/><F58/><W22/><G74/><T101/><D68/><U66/><E66/><V75/><F75/><W47/><G133/><T106/><D106/><U65/><E65/><V97/><F24/><N who="3" m="16399" /><G3/><T110/><D30/><U16/><E16/><V76/><F33/><W1/><G1/><T56/><D32/><U9/><E9/><V55/><F76/><W18/><G47/><T78/><D57/><U83/><E83/><N who="2" m="49375" /><F37/><W25/><G109/><T41/><D4/><U27/><E27/><N who="3" m="10250" /><G31/><T80/><D110/><U103/><E103/><AGARI ba="0,0" hai="10,11,14,18,22,94,96,103" m="10250,16399" machi="103" ten="30,1500,0" yaku="8,1" doraHai="29" who="3" fromWho="1" sc="180,0,448,-15,267,0,105,15" /><INIT seed="7,1,0,5,4,60" ten="180,433,267,120" oya="3" hai0="19,18,46,75,78,88,69,120,68,29,14,52,89" hai1="4,32,98,24,64,133,23,82,49,119,116,90,127" hai2="118,50,86,83,12,113,51,0,73,126,123,99,20" hai3="61,112,106,100,44,71,76,15,74,42,26,63,66"/><W40/><G112/><T132/><D120/><U67/><E67/><V8/><F73/><W135/><G135/><T105/><D105/><U3/><E3/><V58/><F0/><W53/><G74/><T122/><D122/><U97/><E97/><V57/><F126/><W80/><G106/><T59/><D29/><U2/><E2/><V93/><F20/><W38/><G100/><T17/><D132/><U114/><E114/><V1/><F1/><W10/><G42/><T96/><D75/><U34/><E34/><V109/><F109/><W129/><G129/><T124/><D78/><U5/><E5/><N who="2" m="3087" /><F118/><W103/><G103/><T33/><D33/><U62/><E62/><V16/><F16/><W27/><G53/><T101/><D14/><U41/><E41/><V54/><F113/><W36/><G36/><T131/><D131/><U111/><E111/><V43/><F123/><W128/><G63/><T9/><D9/><U37/><E37/><V108/><F108/><W81/><G128/><T121/><D121/><U79/><E79/><N who="2" m="46463" /><F43/><W28/><G76/><T107/><D124/><U39/><E39/><V70/><F70/><N who="0" m="27242" /><D46/><U92/><E92/><V65/><F65/><W84/><G84/><T35/><D35/><U117/><E117/><V94/><F99/><W45/><G45/><T13/><D13/><U130/><E130/><V102/><F102/><W77/><G77/><T95/><D107/><U56/><E56/><V55/><AGARI ba="1,0" hai="50,51,54,55,57,58,93,94" m="46463,3087" machi="55" ten="30,1100,0" yaku="8,1" doraHai="60" who="2" fromWho="2" sc="180,-4,433,-4,267,14,120,-6" owari="176,-22.0,429,53.0,281,8.0,114,-39.0" /></mjloggm>