<mjloggm ver="2.3"><GO type="41" lobby="0"/><UN n0="%E3%81%9F%E3%83%BC%EF%BC%A0" n1="%E6%B1%9F%E3%83%92%E3%82%AD%E3%82%AC%E3%82%A8%E3%83%AB" n2="%E3%82%A6%E3%82%A3%E3%83%89%E3%82%A5%EF%BC%A0%E9%98%AA%E7%A5%9E" n3="%E5%B0%B1%E6%B4%BB%E7%94%9F%40%E5%B7%9D%E6%9D%91%E8%BB%8D%E5%9B%A3" dan="14,14,17,16" rate="1903.11,1931.09,2115.40,2098.22" sx="M,F,M,M"/><TAIKYOKU oya="0"/><INIT seed="0,0,0,4,4,57" ten="250,250,250,250" oya="0" hai0="125,47,14,102,51,66,71,80,69,120,55,19,114" hai1="45,104,9,84,61,65,75,28,109,34,8,124,48" hai2="103,94,58,20,11,79,68,110,30,16,6,86,97" hai3="10,89,133,132,129,0,67,31,111,122,12,32,100"/><T63/><D120/><U56/><E75/><V26/><F68/><W112/><G112/><T40/><D125/><U108/><E104/><V81/><F110/><N who="1" m="42601" /><E124/><V43/><F43/><W99/><G111/><T74/><D102/><U130/><E130/><V29/><REACH who="2" step="1"/><F58/><REACH who="2" ten="250,250,240,250" step="2"/><W22/><G129/><T1/><D69/><U83/><E56/><V118/><F118/><W91/><G132/><T106/><D40/><U52/><E34/><V115/><F115/><W4/><G32/><T107/><D114/><U82/><E45/><V134/><F134/><W38/><G133/><T50/><D50/><U15/><E61/><V36/><F36/><W98/><G38/><T53/><D53/><U73/><E52/><V62/><F62/><W37/><G37/><T92/><D63/><U54/><E54/><V88/><F88/><W70/><G70/><T131/><D71/><U87/><E48/><V121/><F121/><W35/><G35/><T21/><D55/><U127/><E127/><V128/><F128/><W46/><G122/><T95/><D51/><U126/><E126/><V90/><F90/><W3/><G89/><T42/><D47/><U27/><E65/><V23/><F23/><W25/><G67/><T105/><D42/><U93/><E8/><V33/><F33/><W78/><G46/><T72/><D66/><U113/><E9/><V60/><F60/><W39/><G39/><T135/><D131/><U77/><E113/><V2/><AGARI ba="0,1" hai="2,6,11,16,20,26,29,30,79,81,86,94,97,103" machi="2" ten="20,5200,0" yaku="1,1,0,1,7,1,54,1,53,0" doraHai="57" doraHaiUra="116" who="2" fromWho="2" sc="250,-26,250,-13,240,62,250,-13" /><INIT seed="1,0,0,1,5,75" ten="224,237,302,237" oya="1" hai0="106,113,63,54,60,37,7,102,26,50,135,78,120" hai1="52,13,15,10,27,95,132,77,110,112,23,9,32" hai2="124,71,55,39,59,111,92,56,12,74,46,101,62" hai3="84,24,76,86,126,11,70,80,34,108,65,16,41"/><U72/><E112/><V100/><F111/><W69/><G108/><T105/><D37/><U22/><E95/><V61/><F124/><W53/><G126/><T2/><D135/><U89/><E110/><V3/><F3/><W116/><G41/><T85/><D113/><U122/><E122/><V117/><F117/><W98/><G116/><T33/><D33/><U58/><E89/><V119/><F119/><W29/><G65/><T81/><D26/><U114/><E114/><V73/><F71/><W14/><G98/><T109/><D109/><U43/><E43/><V130/><F130/><W90/><REACH who="3" step="1"/><G53/><REACH who="3" ten="224,237,302,227" step="2"/><T38/><D54/><U129/><E129/><V107/><F55/><W123/><G123/><T67/><D120/><U127/><E127/><V35/><F39/><W88/><G88/><T0/><D67/><U96/><E132/><V1/><F100/><W125/><G125/><T25/><D102/><U30/><E96/><V91/><F91/><W42/><G42/><T66/><D38/><U99/><E99/><V133/><F101/><W20/><G20/><T51/><D66/><U45/><E23/><V4/><F133/><W131/><G131/><T121/><D121/><U5/><E22/><V17/><F35/><W28/><G28/><T47/><D78/><U83/><E10/><V21/><F21/><W36/><G36/><T19/><D106/><U134/><E134/><V68/><F107/><W79/><G79/><T49/><D105/><U104/><E104/><V94/><F68/><W57/><G57/><T93/><D47/><U40/><E40/><V64/><F46/><RYUUKYOKU ba="0,1" sc="224,-10,237,-10,302,-10,227,30" hai3="11,14,16,24,29,34,69,70,76,80,84,86,90" /><INIT seed="2,1,1,4,0,102" ten="214,227,292,257" oya="2" hai0="106,17,22,105,26,113,78,11,68,81,28,39,95" hai1="21,83,125,90,13,47,135,71,74,25,12,110,118" hai2="42,6,23,84,80,86,62,134,129,128,116,112,97" hai3="40,45,55,7,96,132,111,103,69,59,15,127,31"/><V70/><F116/><W120/><G69/><T0/><D39/><U14/><E118/><V109/><F112/><W91/><G120/><T9/><D68/><U79/><E71/><V1/><F134/><W61/><G127/><T108/><D108/><U72/><BYE who="0" /><E135/><UN n0="%E3%81%9F%E3%83%BC%EF%BC%A0" /><V85/><F109/><W117/><G111/><T60/><D60/><U57/><E110/><V36/><F1/><W4/><G132/><T46/><D46/><U29/><E125/><V37/><F6/><W32/><G117/><T53/><D53/><U115/><E115/><V51/><F80/><W44/><G44/><T82/><D95/><U35/><E47/><N who="2" m="26103" /><F23/><W52/><G55/><T34/><D113/><U75/><E57/><V87/><F87/><W16/><G31/><T5/><D11/><U122/><E122/><V19/><F19/><W94/><G32/><T89/><D89/><U33/><REACH who="1" step="1"/><E90/><REACH who="1" ten="214,217,292,257" step="2"/><V104/><F70/><W124/><G91/><T50/><D78/><U58/><E58/><V121/><F121/><W41/><G124/><T131/><D131/><N who="2" m="50250" /><F62/><W54/><G54/><T27/><REACH who="0" step="1"/><D50/><REACH who="0" ten="204,217,292,257" step="2"/><U76/><E76/><V8/><F36/><W88/><G88/><T66/><D66/><U63/><E63/><V126/><F37/><W92/><G61/><T77/><D77/><U20/><E20/><V107/><F126/><W56/><G56/><T133/><D133/><U3/><E3/><V114/><F114/><W24/><G59/><T48/><D48/><U101/><E101/><N who="2" m="62511" /><F8/><W93/><G45/><T73/><D73/><AGARI ba="1,3" hai="12,13,14,21,25,29,33,35,72,73,74,75,79,83" machi="73" ten="50,3200,0" yaku="1,1,53,1" doraHai="102" doraHaiUra="18" who="1" fromWho="0" sc="204,-35,217,65,292,0,257,0" /><INIT seed="3,0,0,0,1,117" ten="169,282,292,257" oya="3" hai0="7,20,33,5,96,22,54,11,99,112,114,120,71" hai1="103,13,108,122,135,123,111,105,15,107,9,129,78" hai2="74,68,124,116,85,133,55,4,30,101,63,72,91" hai3="94,69,12,76,118,130,2,48,40,110,28,32,24"/><W81/><G118/><T56/><D71/><U1/><E129/><V62/><F116/><W119/><G119/><T134/><D33/><U95/><E135/><V47/><F4/><N who="0" m="1610" /><D11/><U59/><E1/><V37/><F124/><W23/><G69/><T89/><D134/><U44/><E78/><V34/><F101/><W128/><G2/><T41/><D41/><U82/><E82/><V109/><F109/><N who="1" m="42057" /><E59/><V52/><F133/><W83/><G110/><T25/><D89/><U65/><E65/><V125/><F125/><W104/><G104/><N who="1" m="40010" /><E44/><V131/><F131/><N who="3" m="50219" /><G83/><T39/><D39/><U49/><E49/><V26/><F37/><W97/><G48/><T70/><D70/><U17/><E13/><V66/><F55/><W50/><G50/><T42/><D42/><U93/><E103/><V29/><F47/><W86/><G40/><T87/><D87/><U121/><AGARI ba="0,0" hai="9,15,17,93,95,121,122,123" m="40010,42057" machi="121" ten="40,8000,1" yaku="14,1,52,3" doraHai="117" who="1" fromWho="1" sc="169,-20,282,80,292,-20,257,-40" /><INIT seed="4,0,0,0,0,114" ten="149,362,272,217" oya="0" hai0="109,97,42,119,8,54,52,56,85,59,0,122,63" hai1="73,33,82,20,78,110,27,5,29,48,16,53,99" hai2="105,94,90,69,106,67,80,37,23,6,126,92,65" hai3="47,62,31,71,107,14,117,96,98,131,130,128,35"/><T12/><D122/><U13/><E110/><V34/><F34/><W108/><G108/><T68/><D68/><U70/><E70/><V121/><F37/><W3/><G3/><T135/><D135/><U17/><E99/><V120/><F6/><W44/><G14/><T129/><D109/><U57/><E33/><V1/><F1/><W4/><G4/><T79/><D0/><U74/><E74/><V124/><F69/><W115/><G115/><T100/><D129/><U66/><E66/><N who="2" m="25099" /><F23/><W132/><G132/><T32/><D32/><U7/><E17/><V36/><F36/><W43/><G62/><T55/><D42/><U113/><E113/><V28/><F28/><W93/><G71/><T77/><D85/><U104/><E104/><N who="2" m="40043" /><F80/><W45/><G43/><T9/><D9/><U19/><E29/><V40/><F40/><W58/><G58/><T38/><D38/><U125/><E125/><N who="2" m="48235" /><F90/><N who="3" m="55351" /><G98/><T101/><D101/><U25/><E27/><V127/><F127/><W41/><G107/><T2/><D2/><U49/><E7/><V95/><AGARI ba="0,0" hai="92,94,95,120,121" m="48235,40043,25099" machi="95" ten="40,5200,0" yaku="28,2,18,1" doraHai="114" who="2" fromWho="2" sc="149,-26,362,-13,272,52,217,-13" /><INIT seed="5,0,0,0,0,7" ten="123,349,324,204" oya="1" hai0="63,3,16,73,38,102,101,0,37,79,30,98,118" hai1="121,10,135,90,111,8,62,122,69,75,112,92,134" hai2="95,31,124,18,49,46,123,125,99,107,4,88,36" hai3="61,76,113,27,89,5,86,64,91,97,71,22,56"/><U84/><E75/><V70/><F123/><W48/><G113/><T105/><D118/><U45/><E112/><V33/><F70/><W39/><G39/><T13/><D30/><U57/><E69/><V93/><F36/><W117/><G117/><T12/><D12/><U130/><E45/><V66/><F66/><W26/><G26/><T77/><D63/><U14/><E130/><V133/><F133/><N who="1" m="50697" /><E111/><V21/><F4/><W40/><G97/><T127/><D127/><U85/><E84/><V74/><F74/><W20/><G20/><T19/><D19/><N who="1" m="8647" /><E10/><V94/><F107/><W87/><G5/><T82/><D79/><U114/><E114/><V80/><F80/><W35/><G76/><T1/><REACH who="0" step="1"/><D102/><REACH who="0" ten="113,349,324,204" step="2"/><U41/><E41/><V2/><F124/><W11/><G40/><T58/><D58/><U6/><E6/><V23/><F125/><W128/><G56/><T106/><D106/><U100/><E100/><V126/><F126/><W116/><G116/><T81/><D81/><U43/><E43/><V52/><F94/><W59/><G71/><T32/><D32/><U83/><E83/><V34/><F93/><W29/><G35/><T60/><D60/><U9/><E122/><V51/><F33/><W53/><G128/><T131/><D131/><U47/><E121/><V68/><F68/><W104/><G104/><T54/><D54/><U67/><E47/><V132/><F132/><W17/><G61/><T50/><D50/><U28/><E28/><V115/><F115/><W65/><G65/><T55/><D55/><U15/><E15/><V42/><F31/><RYUUKYOKU ba="0,1" sc="113,15,349,15,324,-15,204,-15" hai0="0,1,3,13,16,37,38,73,77,82,98,101,105" hai1="9,57,62,67,85,90,92" /><INIT seed="5,1,1,4,3,116" ten="128,364,309,189" oya="1" hai0="34,105,23,64,15,76,44,36,69,48,135,80,111" hai1="66,98,134,40,101,31,109,117,103,108,18,70,73" hai2="43,2,45,106,26,9,86,113,8,97,78,24,61" hai3="75,81,132,51,29,125,11,41,32,82,16,12,114"/><U127/><E117/><V49/><F113/><W63/><G114/><T102/><D36/><U129/><E73/><V30/><F61/><W22/><G125/><T58/><D34/><U124/><E40/><V6/><F9/><W94/><G132/><T122/><D111/><N who="1" m="42571" /><E134/><V5/><F5/><W17/><G32/><T87/><D135/><U56/><E70/><V120/><F120/><W50/><G29/><T10/><D69/><U88/><E129/><V0/><F0/><W112/><G75/><T3/><D3/><U89/><E31/><V100/><F30/><W128/><G128/><T47/><D23/><U57/><E18/><V93/><F106/><W42/><G63/><T55/><D64/><U119/><E119/><V59/><F59/><N who="1" m="22601" /><E66/><V25/><F25/><N who="3" m="14535" /><G112/><T85/><D105/><N who="1" m="63671" /><E103/><V14/><F2/><W84/><G42/><T90/><D102/><U53/><E53/><V67/><F67/><W60/><G60/><T95/><REACH who="0" step="1"/><D122/><REACH who="0" ten="118,364,309,189" step="2"/><U118/><E118/><V74/><F100/><W62/><G62/><T79/><D79/><U19/><E19/><AGARI ba="1,2" hai="10,15,19,44,47,48,55,58,76,80,85,87,90,95" machi="19" ten="30,3900,0" yaku="1,1,7,1,8,1,53,0" doraHai="116" doraHaiUra="126" who="0" fromWho="1" sc="118,62,364,-42,309,0,189,0" /><INIT seed="6,0,0,0,0,70" ten="180,322,309,189" oya="2" hai0="122,18,87,110,59,34,58,65,79,114,55,57,102" hai1="2,13,75,21,97,71,93,63,85,111,39,27,104" hai2="134,115,41,3,131,124,49,43,129,52,86,92,9" hai3="91,31,103,30,95,45,133,62,130,74,99,109,5"/><V135/><F124/><W96/><G74/><T48/><D110/><U127/><E39/><V32/><F32/><W106/><G109/><T44/><D34/><U19/><E111/><V108/><F108/><W88/><G130/><N who="2" m="49673" /><F115/><W101/><G133/><N who="2" m="50697" /><F92/><W120/><G120/><T119/><D122/><U37/><E127/><V38/><F86/><W66/><G5/><T73/><D73/><U50/><E85/><V123/><F123/><W60/><G60/><T94/><D119/><U47/><E93/><V15/><F3/><W98/><G45/><T1/><D1/><U90/><E75/><V4/><F38/><W77/><G77/><T78/><D114/><U100/><E104/><V7/><F7/><W132/><G132/><T0/><D0/><U22/><E2/><V105/><F105/><W113/><G113/><T10/><D65/><U81/><E37/><V80/><F80/><W23/><G99/><N who="0" m="59767" /><D87/><U53/><E81/><V40/><F40/><W72/><G72/><T68/><D68/><U11/><E71/><V116/><F116/><W24/><REACH who="3" step="1"/><G30/><REACH who="3" ten="180,322,309,179" step="2"/><T17/><D17/><U125/><E47/><AGARI ba="0,1" hai="4,9,15,41,43,47,49,52" m="50697,49673" machi="47" ten="30,5800,0" yaku="19,1,20,1,54,1" doraHai="70" who="2" fromWho="1" sc="180,0,322,-58,309,68,179,0" /><INIT seed="6,1,0,3,3,124" ten="180,264,377,179" oya="2" hai0="129,0,69,47,30,1,27,67,43,130,6,21,35" hai1="83,98,86,94,88,80,9,26,62,71,89,42,11" hai2="7,49,53,103,65,121,92,75,82,3,2,13,119" hai3="118,106,110,105,78,104,101,111,39,34,4,91,41"/><V113/><F119/><W10/><G34/><T33/><D67/><U52/><E42/><V54/><F121/><W59/><G118/><T57/><D57/><N who="1" m="35111" /><E71/><V135/><F65/><W107/><G78/><T24/><D69/><U114/><E114/><V134/><F113/><W132/><G132/><T79/><D79/><U123/><E123/><V8/><F103/><W56/><G101/><T117/><D117/><U17/><E83/><V25/><F25/><W55/><N who="3" m="27136" /><DORA hai="100" /><W120/><G120/><T97/><D97/><U96/><E96/><V122/><F92/><W29/><G29/><T12/><D47/><U14/><E26/><V46/><F54/><W72/><G72/><T74/><D43/><U19/><E11/><V77/><REACH who="2" step="1"/><F122/><REACH who="2" ten="180,264,367,179" step="2"/><W116/><G116/><T64/><D64/><U51/><E94/><V112/><F112/><W126/><G126/><T5/><D74/><U48/><E80/><V60/><F60/><W32/><G55/><T84/><D84/><U66/><E66/><V37/><F37/><W102/><G102/><T115/><D115/><U125/><E125/><V85/><F85/><W23/><G39/><T63/><D63/><U81/><E86/><V40/><F40/><W61/><G41/><T22/><D30/><U45/><E81/><V38/><F38/><W31/><G61/><T18/><D18/><U68/><E19/><V20/><F20/><W93/><G32/><T99/><D99/><U87/><E87/><V95/><F95/><W28/><G23/><T76/><D76/><U70/><E68/><V58/><F58/><N who="3" m="22059" /><G31/><T73/><D73/><RYUUKYOKU ba="1,1" sc="180,15,264,-15,367,15,179,-15" hai0="0,1,5,6,12,21,22,24,27,33,35,129,130" hai2="2,3,7,8,13,46,49,53,75,77,82,134,135" /><INIT seed="6,2,1,3,5,61" ten="195,249,382,164" oya="2" hai0="92,15,98,20,3,69,42,17,104,32,108,54,46" hai1="105,28,62,2,1,90,33,22,12,36,40,25,127" hai2="130,10,65,50,114,79,102,14,5,26,64,67,24" hai3="0,57,4,29,66,30,63,111,41,109,77,7,87"/><V71/><F71/><W95/><G109/><T47/><D3/><U122/><E105/><V39/><F39/><W18/><G111/><T23/><D69/><U37/><E127/><V53/><F130/><W76/><G41/><T132/><D104/><U85/><E40/><V99/><F114/><W125/><G125/><T117/><D108/><U27/><E12/><V106/><REACH who="2" step="1"/><F79/><REACH who="2" ten="195,249,372,164" step="2"/><W83/><G76/><T91/><D117/><U80/><E37/><V113/><F113/><W60/><G0/><T44/><D42/><U121/><E36/><V74/><F74/><W94/><G7/><T82/><D132/><U86/><E122/><V96/><F96/><W11/><G4/><T49/><D98/><U97/><E97/><V84/><F84/><W89/><G77/><T133/><D133/><U43/><E43/><V107/><F107/><W21/><G30/><T135/><D135/><U115/><E115/><V45/><AGARI ba="2,2" hai="5,10,14,24,26,45,50,53,64,65,67,99,102,106" machi="45" ten="30,12000,1" yaku="1,1,0,1,52,3,53,0" doraHai="61" doraHaiUra="118" who="2" fromWho="2" sc="195,-42,249,-42,372,146,164,-42" /><INIT seed="6,3,0,3,2,99" ten="153,207,518,122" oya="2" hai0="131,78,76,35,68,135,49,92,11,105,52,28,125" hai1="128,10,29,58,57,53,117,108,123,30,63,13,81" hai2="89,109,62,110,120,44,114,24,20,23,103,38,88" hai3="82,15,96,133,26,41,54,79,12,25,83,39,59"/><V21/><F120/><W17/><G133/><T42/><D105/><U32/><E117/><V127/><F114/><W14/><G39/><T90/><D68/><U55/><E108/><N who="2" m="41579" /><F127/><W51/><G41/><T115/><D125/><U50/><E128/><V107/><F62/><W112/><G112/><T0/><D115/><U19/><E123/><V66/><F66/><W47/><G83/><T65/><D65/><U77/><E32/><V84/><F84/><AGARI ba="3,0" hai="10,13,19,29,30,50,53,55,57,58,63,77,81,84" machi="84" ten="30,2000,0" yaku="7,1,8,1" doraHai="99" who="1" fromWho="2" sc="153,0,207,29,518,-29,122,0" /><INIT seed="7,0,0,3,3,108" ten="153,236,489,122" oya="3" hai0="3,16,96,100,5,92,7,88,50,6,25,130,128" hai1="68,131,60,71,17,89,39,48,98,123,18,42,35" hai2="74,134,125,57,124,70,110,115,103,56,2,116,113" hai3="129,10,4,94,58,111,65,79,84,132,43,91,28"/><W76/><G111/><T117/><D117/><U97/><E123/><V64/><F103/><W83/><G129/><N who="0" m="49771" /><D50/><U14/><E35/><V104/><F104/><W36/><G132/><T102/><D3/><U20/><E131/><V122/><F74/><W54/><G28/><T135/><D135/><U118/><E39/><V133/><F2/><W32/><G32/><T72/><D72/><U95/><E118/><V107/><F107/><W87/><G65/><T41/><D41/><U23/><E60/><V47/><F110/><W40/><G36/><T0/><D0/><U49/><E98/><V1/><F1/><W77/><G10/><T78/><D78/><U86/><E97/><V73/><F73/><W109/><G4/><N who="0" m="1027" /><T51/><DORA hai="34" /><D51/><U55/><E42/><N who="3" m="15914" /><G109/><T26/><D26/><U37/><E37/><V75/><F75/><W29/><G29/><T19/><D25/><U45/><E49/><AGARI ba="0,0" hai="49,54,58,76,77,79,83,84,87,91,94" m="15914" machi="49" ten="30,1500,0" yaku="8,1" doraHai="108,34" who="3" fromWho="1" sc="153,0,236,-15,489,0,122,15" /><INIT seed="7,1,0,2,0,74" ten="153,221,489,137" oya="3" hai0="120,131,80,43,24,10,15,133,49,26,22,98,55" hai1="31,3,87,115,7,67,122,100,68,78,109,20,132" hai2="40,79,90,129,6,36,2,61,121,35,58,92,19" hai3="16,72,124,48,65,88,89,130,123,4,95,119,45"/><W75/><G123/><T84/><D133/><U107/><E109/><V62/><F35/><W102/><G119/><T81/><D131/><U96/><E122/><V77/><F40/><W1/><G130/><T41/><D120/><U51/><E115/><V71/><F36/><W46/><G124/><T110/><D110/><U82/><E132/><V57/><F71/><W17/><G1/><T42/><D98/><U54/><E7/><V125/><F6/><W126/><G4/><T83/><D84/><U70/><E3/><V34/><F2/><W52/><G126/><T94/><D94/><U86/><E86/><V33/><F33/><W18/><G65/><T59/><D22/><U106/><E67/><V108/><F34/><W39/><G75/><T128/><D128/><U13/><E107/><V56/><F108/><W64/><G64/><T134/><D134/><U32/><E32/><V111/><F111/><W21/><G72/><T47/><D47/><U38/><E38/><V101/><F101/><W63/><G63/><T8/><D15/><U93/><E106/><V135/><F135/><W0/><G0/><T53/><REACH who="0" step="1"/><D55/><REACH who="0" ten="143,221,489,137" step="2"/><U11/><E54/><V14/><F62/><W23/><G45/><T30/><D30/><U28/><E31/><V116/><F90/><N who="3" m="34923" /><G39/><T112/><D112/><U103/><E100/><V37/><F116/><W9/><G9/><AGARI ba="1,1" hai="8,9,10,24,26,41,42,43,49,53,59,80,81,83" machi="9" ten="40,2600,0" yaku="1,1,8,1,53,0" doraHai="74" doraHaiUra="117" who="0" fromWho="3" sc="143,39,221,0,489,0,137,-29" owari="182,-22.0,221,2.0,489,59.0,108,-39.0" /></mjloggm>