<mjloggm ver="2.3"><GO type="41" lobby="0"/><UN n0="%E8%97%A4%E7%94%B0" n1="%79%75%73%6B%69" n2="%66%75%6A%69%6D%75%72%61" n3="%E3%83%88%E3%83%88%E3%83%AA%E5%85%88%E7%94%9F%31%39%E6%AD%B3" dan="13,13,14,14" rate="1886.04,1901.82,2013.55,2023.20" sx="M,M,M,F"/><TAIKYOKU oya="0"/><INIT seed="0,0,0,2,1,45" ten="250,250,250,250" oya="0" hai0="105,125,98,69,0,17,89,35,78,119,85,135,18" hai1="114,129,81,2,112,97,102,5,36,106,109,9,80" hai2="15,90,122,41,76,23,70,40,10,95,59,44,111" hai3="28,79,117,132,63,131,113,92,110,64,3,38,128"/><T31/><D119/><U26/><E109/><V61/><F111/><W124/><G110/><T68/><D0/><U65/><E129/><V27/><F70/><W47/><G117/><T51/><D135/><U96/><E36/><V77/><F122/><W126/><G3/><T60/><D125/><N who="3" m="48233" /><G113/><N who="1" m="43626" /><E65/><V56/><F59/><N who="3" m="36991" /><G28/><T33/><D78/><U37/><E37/><V121/><F121/><W34/><G92/><T39/><D39/><U130/><E130/><N who="3" m="49706" /><G34/><T115/><D115/><U30/><E96/><N who="2" m="57463" /><F15/><W16/><G16/><T4/><D4/><U29/><E29/><N who="2" m="17663" /><F10/><W99/><G99/><T53/><D33/><AGARI ba="0,0" hai="2,5,9,26,30,33,80,81,97,102,106" m="43626" machi="33" ten="30,1000,0" yaku="11,1" doraHai="45" who="1" fromWho="0" sc="250,-10,250,10,250,0,250,0" /><INIT seed="1,0,0,5,5,118" ten="240,260,250,250" oya="1" hai0="41,76,1,107,94,90,24,103,42,36,54,23,89" hai1="93,135,51,45,87,113,20,73,47,96,52,33,130" hai2="38,11,97,91,32,68,88,14,37,132,106,6,17" hai3="79,26,117,123,134,77,2,50,61,128,55,127,46"/><U69/><E113/><V59/><F68/><W100/><G2/><T116/><D116/><U67/><E73/><V102/><F32/><W101/><G117/><T58/><D1/><U85/><E33/><V74/><F74/><W119/><G119/><T57/><D107/><U39/><E130/><V53/><F132/><W81/><G134/><T21/><D36/><U34/><E34/><V112/><F112/><W129/><G127/><T72/><D72/><U40/><E135/><V28/><F28/><W71/><G123/><T18/><D76/><U3/><E3/><V124/><F124/><W70/><G26/><N who="0" m="14647" /><D103/><N who="3" m="39497" /><G61/><N who="0" m="36023" /><D58/><U114/><E114/><V83/><F6/><W44/><G44/><T64/><D64/><U30/><E69/><N who="3" m="26122" /><G81/><T86/><D90/><U104/><E104/><V0/><F0/><W126/><G126/><T109/><D109/><U92/><E67/><V108/><F108/><W121/><G121/><T75/><D75/><U22/><E92/><V25/><F25/><W65/><G65/><T7/><D7/><U15/><E22/><V133/><F133/><W4/><G4/><T98/><D86/><U105/><E105/><V56/><F56/><W10/><G10/><T131/><D131/><AGARI ba="0,0" hai="46,50,55,77,79,128,129,131" m="26122,39497" machi="131" ten="30,1000,0" yaku="19,1" doraHai="118" who="3" fromWho="0" sc="240,-10,260,0,250,0,250,10" /><INIT seed="2,0,0,3,2,81" ten="230,260,250,260" oya="2" hai0="8,71,122,38,45,72,2,129,16,55,24,73,53" hai1="5,49,107,91,6,23,95,64,39,63,47,28,54" hai2="61,48,57,4,104,127,34,76,13,97,50,20,82" hai3="94,130,99,29,32,87,42,85,89,121,35,60,59"/><V133/><F34/><W22/><G121/><T98/><D122/><U36/><E107/><V1/><F1/><W106/><G130/><T93/><D71/><U132/><E132/><V111/><F133/><W12/><G42/><T7/><D129/><U118/><E118/><V86/><F127/><W51/><G51/><T120/><D120/><U100/><E100/><V21/><F104/><W74/><G74/><T31/><D55/><U103/><E103/><V19/><F111/><W125/><G125/><T0/><D0/><U115/><E115/><V41/><F97/><W88/><G106/><T112/><D112/><U80/><E39/><V17/><F4/><W30/><G35/><T117/><D117/><U58/><E80/><V46/><F50/><W135/><G32/><T62/><D38/><U101/><E101/><V43/><F43/><W108/><G108/><T65/><D45/><U70/><E28/><N who="3" m="10858" /><G135/><T102/><D53/><U10/><E23/><N who="2" m="8779" /><F13/><W37/><G89/><T75/><D75/><U77/><E77/><V134/><F134/><W69/><G69/><T124/><D124/><U44/><E36/><V96/><F96/><W113/><G113/><T40/><D40/><U131/><E131/><V11/><F11/><W90/><G90/><T92/><D93/><U68/><E68/><V66/><AGARI ba="0,0" hai="17,19,41,46,48,57,61,66,76,82,86" m="8779" machi="66" ten="30,3000,0" yaku="8,1,52,1" doraHai="81" who="2" fromWho="2" sc="230,-10,260,-10,250,30,260,-10" /><INIT seed="2,1,0,3,5,11" ten="220,250,280,250" oya="2" hai0="127,83,132,48,2,65,108,16,20,6,92,98,121" hai1="116,94,52,33,42,21,93,131,40,25,86,7,51" hai2="56,30,63,133,91,80,129,67,111,57,38,103,134" hai3="1,28,130,68,54,125,84,36,115,62,114,135,26"/><V75/><F38/><W66/><G1/><T82/><D121/><U78/><E116/><V3/><F3/><W104/><G36/><T123/><D123/><U71/><E33/><V15/><F103/><W99/><G130/><T113/><D113/><U44/><E71/><V58/><F30/><W53/><G135/><N who="2" m="51721" /><F129/><W18/><G125/><T22/><D132/><U10/><E131/><V49/><F49/><W110/><G110/><T64/><D108/><U55/><E42/><V4/><F111/><W5/><G5/><T23/><D127/><U61/><E61/><V34/><F34/><N who="3" m="20759" /><G84/><T102/><D6/><U24/><E24/><V117/><F117/><W124/><G18/><T77/><D2/><U87/><E87/><N who="2" m="50663" /><F75/><W88/><G124/><T12/><D48/><U31/><E94/><V39/><F39/><W35/><G35/><T97/><D98/><U107/><E107/><V69/><F4/><W43/><G43/><T112/><D112/><N who="3" m="43049" /><G88/><T90/><D102/><AGARI ba="1,0" hai="53,54,62,66,68,99,102,104" m="43049,20759" machi="102" ten="30,2000,0" yaku="25,1,11,1" doraHai="11" who="3" fromWho="0" sc="220,-23,250,0,280,0,250,23" /><INIT seed="3,0,0,5,4,67" ten="197,250,280,273" oya="3" hai0="118,120,99,83,110,25,48,30,6,104,52,28,37" hai1="21,46,70,26,88,135,97,65,27,117,0,102,98" hai2="103,3,133,123,10,42,134,61,14,34,31,11,121" hai3="73,90,105,2,19,89,80,8,63,49,60,23,66"/><W29/><G105/><T96/><D110/><U127/><E0/><V85/><F103/><W128/><G128/><T39/><D118/><U22/><E117/><V131/><F42/><W94/><G29/><T68/><D120/><U111/><E111/><V87/><F61/><W129/><G129/><T132/><D132/><N who="2" m="50794" /><F131/><W13/><G49/><T122/><D122/><N who="2" m="46602" /><F3/><W92/><G63/><T15/><D30/><U71/><E135/><V45/><F45/><W79/><G2/><T58/><D68/><N who="1" m="26155" /><E65/><V20/><F87/><W24/><G90/><T78/><D99/><N who="1" m="37899" /><E102/><V109/><F85/><W51/><G51/><T53/><D96/><U32/><E88/><V62/><F62/><W126/><G89/><T69/><D104/><U56/><E56/><V77/><F77/><W112/><G60/><T84/><D69/><U9/><E46/><V114/><F109/><W18/><G66/><T82/><D82/><U47/><E47/><V36/><F36/><W116/><G116/><T106/><D106/><U41/><E41/><V108/><F108/><W57/><G57/><T64/><D64/><U4/><E32/><V81/><F81/><W95/><G80/><T119/><D119/><U55/><E55/><V16/><F114/><W125/><G112/><T107/><D53/><U75/><E75/><V44/><F44/><W40/><G40/><T100/><D100/><U113/><E113/><V38/><F38/><W1/><G1/><T43/><D107/><U17/><E4/><V101/><F101/><W86/><G73/><T5/><D43/><U72/><E72/><V93/><F93/><RYUUKYOKU ba="0,0" sc="197,-15,250,-15,280,15,273,15" hai2="10,11,14,16,20,31,34" hai3="8,13,18,19,23,24,79,86,92,94,95,125,126" /><INIT seed="3,1,0,5,1,88" ten="182,235,295,288" oya="3" hai0="32,70,83,92,14,117,0,58,17,29,99,75,46" hai1="20,25,72,118,1,16,87,41,10,56,40,42,8" hai2="13,106,91,110,82,84,57,100,119,60,3,7,61" hai3="51,116,132,4,64,55,5,114,65,45,112,67,43"/><W94/><G116/><T128/><D70/><U28/><E118/><V125/><F3/><W35/><G35/><T12/><D117/><U80/><E72/><V97/><F110/><W123/><G123/><T113/><D0/><U66/><E1/><V47/><F125/><W15/><G132/><T2/><D2/><U85/><E28/><V76/><F119/><W108/><G108/><T115/><D128/><U49/><E87/><V79/><F47/><W52/><G114/><N who="0" m="43531" /><D14/><U78/><REACH who="1" step="1"/><E49/><REACH who="1" ten="182,225,295,288" step="2"/><V120/><F120/><W50/><G112/><T69/><D29/><U9/><E9/><V86/><F84/><W71/><G71/><T38/><D69/><U77/><E77/><V31/><F31/><W134/><G134/><T33/><D75/><U11/><E11/><V133/><F133/><W24/><G50/><T131/><D131/><U39/><E39/><V129/><F129/><W22/><G5/><T59/><D83/><U105/><E105/><V23/><F7/><W19/><G4/><T111/><D111/><U135/><E135/><V37/><F37/><W104/><G104/><T30/><D33/><U121/><E121/><V18/><F61/><AGARI ba="1,1" hai="8,10,16,20,25,40,41,42,56,61,66,78,80,85" machi="61" ten="40,5200,0" yaku="1,1,8,1,54,1,53,0" doraHai="88" doraHaiUra="90" who="1" fromWho="2" sc="182,0,225,65,295,-55,288,0" /><INIT seed="4,0,0,4,0,106" ten="182,290,240,288" oya="0" hai0="30,55,58,93,105,131,100,71,2,45,54,132,108" hai1="87,27,11,83,117,49,56,32,123,51,133,13,111" hai2="98,22,118,48,47,112,129,103,46,78,102,119,82" hai3="69,76,52,109,113,18,84,101,0,26,77,115,59"/><T88/><D71/><U12/><E111/><V31/><F112/><W15/><G69/><T134/><D2/><U122/><E117/><N who="2" m="44555" /><F129/><W5/><G109/><T35/><D108/><U39/><E133/><N who="0" m="51305" /><D131/><U20/><E39/><V90/><F90/><W70/><G70/><T34/><D100/><U68/><E68/><V126/><F126/><W135/><G135/><T17/><D105/><U75/><E32/><N who="0" m="12329" /><D30/><U41/><E51/><V65/><F65/><W104/><G0/><T42/><D17/><U44/><E56/><V10/><F10/><W125/><G125/><T64/><D64/><U120/><E11/><V127/><F127/><W28/><G5/><T8/><D8/><U116/><E116/><V89/><F89/><W73/><G101/><T1/><D1/><U72/><E13/><V36/><F36/><W80/><G104/><T19/><D19/><U16/><REACH who="1" step="1"/><E12/><REACH who="1" ten="182,280,240,288" step="2"/><V66/><F48/><N who="3" m="31111" /><G15/><T3/><D3/><U99/><E99/><V85/><F98/><W25/><G113/><T62/><D55/><U7/><E7/><V61/><F47/><W121/><G115/><T74/><D45/><U24/><E24/><N who="2" m="16791" /><F46/><W110/><G110/><T4/><D4/><U33/><E33/><V114/><F114/><W57/><G26/><T40/><D40/><U53/><E53/><V21/><F21/><W94/><G25/><T130/><D42/><U124/><E124/><V86/><F66/><W60/><G57/><T91/><D130/><U79/><AGARI ba="0,1" hai="16,20,27,41,44,49,72,75,79,83,87,120,122,123" machi="79" ten="30,8000,1" yaku="1,1,0,1,52,2,54,1,53,0" doraHai="106" doraHaiUra="92" who="1" fromWho="1" sc="182,-40,280,90,240,-20,288,-20" /><INIT seed="5,0,0,1,4,8" ten="142,370,220,268" oya="1" hai0="36,6,100,40,7,21,59,18,35,73,125,62,119" hai1="43,117,46,103,132,49,14,5,41,106,26,65,130" hai2="77,96,56,88,135,120,74,30,91,105,61,64,79" hai3="33,127,13,16,32,58,81,1,60,134,63,93,87"/><U113/><E117/><V69/><F120/><W70/><G1/><T112/><D119/><U19/><E5/><V129/><F129/><W92/><G134/><T44/><D73/><U37/><E37/><V85/><F135/><W42/><G127/><T29/><D35/><U123/><E43/><V86/><F69/><W38/><G70/><T101/><D112/><U17/><E65/><V76/><F74/><W97/><G42/><T110/><D125/><U133/><E113/><V104/><F30/><W94/><G38/><T50/><D110/><U66/><E66/><V34/><F34/><W118/><G118/><T83/><D29/><U3/><E3/><V122/><F122/><W78/><G63/><T121/><D121/><U48/><E106/><V4/><F4/><N who="0" m="1578" /><D36/><U24/><E103/><V12/><F96/><W51/><G51/><T10/><D10/><U22/><E49/><V54/><F64/><N who="3" m="38935" /><G32/><T47/><D47/><U53/><E46/><V15/><F105/><W75/><G33/><T124/><D83/><U39/><E48/><V28/><F28/><W9/><G75/><T114/><D124/><U102/><E39/><V115/><F104/><W55/><G55/><N who="0" m="34175" /><D114/><U99/><E123/><V27/><F115/><W126/><G126/><T89/><D89/><AGARI ba="0,0" hai="9,13,16,78,81,87,89,92,93,94,97" m="38935" machi="89" ten="30,3900,0" yaku="8,1,52,1,54,1" doraHai="8" who="3" fromWho="0" sc="142,-39,370,0,220,0,268,39" /><INIT seed="6,0,0,2,0,6" ten="103,370,220,307" oya="2" hai0="46,115,68,71,21,107,80,53,27,62,58,31,16" hai1="36,106,81,85,129,124,2,28,75,82,114,105,87" hai2="45,95,77,15,84,79,135,13,120,60,126,33,23" hai3="11,74,98,12,132,49,108,69,8,123,38,25,9"/><V51/><F33/><W128/><G108/><T122/><D115/><U65/><E36/><V14/><F120/><W131/><G123/><T40/><D122/><U130/><E114/><V86/><F135/><W19/><G38/><T73/><D107/><U117/><E117/><V1/><F1/><W63/><G74/><T7/><D7/><U30/><E124/><V24/><F126/><W72/><G72/><T66/><D71/><U70/><E75/><V3/><F3/><W100/><G132/><T20/><D80/><U35/><E2/><V96/><F60/><W29/><G49/><T41/><D73/><U101/><E101/><V89/><F77/><W5/><G5/><T97/><D97/><U113/><E113/><V112/><F112/><W88/><G88/><T92/><D92/><U94/><E94/><V93/><F79/><W10/><G63/><T78/><D78/><U37/><E37/><V32/><F32/><W43/><G43/><T103/><D103/><U109/><E70/><V56/><F56/><W17/><G17/><T116/><D46/><U67/><E35/><V76/><F76/><W110/><G110/><AGARI ba="0,0" hai="28,30,65,67,81,82,85,87,105,106,109,110,129,130" machi="110" ten="25,1600,0" yaku="22,2" doraHai="6" who="1" fromWho="3" sc="103,0,370,16,220,0,307,-16" /><INIT seed="7,0,0,3,1,69" ten="103,386,220,291" oya="3" hai0="49,32,8,91,126,90,73,76,116,106,16,78,79" hai1="132,5,88,36,14,64,21,48,26,63,4,135,89" hai2="40,118,22,95,125,110,108,94,23,39,131,122,33" hai3="10,107,60,127,117,41,57,58,3,129,29,6,134"/><W114/><G117/><T77/><D32/><U81/><E36/><V1/><F33/><W17/><G107/><T15/><D116/><U82/><E48/><V111/><F1/><W86/><G114/><T92/><N who="0" m="19968" /><DORA hai="35" /><T80/><D73/><U54/><E54/><V67/><F67/><W27/><G129/><T84/><D106/><U105/><E105/><V24/><F118/><W113/><G113/><T70/><D70/><U102/><E102/><V83/><F83/><N who="1" m="31753" /><E88/><V62/><F62/><W51/><G86/><T56/><D126/><U71/><E89/><V13/><F125/><W97/><G127/><T50/><REACH who="0" step="1"/><D56/><REACH who="0" ten="93,386,220,291" step="2"/><U20/><E71/><V37/><F131/><W59/><G59/><T12/><D12/><U7/><E14/><V47/><F13/><W19/><G58/><T93/><D93/><U96/><E132/><V85/><F95/><W28/><G134/><T9/><D9/><U61/><E135/><V101/><F108/><W52/><G27/><T100/><D100/><U68/><E68/><V46/><F24/><W65/><G60/><T109/><D109/><U0/><E26/><V42/><F101/><W75/><G75/><T74/><D74/><U98/><E61/><V44/><F94/><W43/><G65/><T25/><D25/><U112/><E63/><V2/><F111/><W115/><G115/><T120/><D120/><U38/><E64/><V99/><F122/><W124/><G124/><T121/><D121/><U130/><E112/><V34/><F110/><W72/><G72/><T133/><D133/><U119/><E119/><V53/><F34/><RYUUKYOKU ba="0,1" sc="93,30,386,-10,220,-10,291,-10" hai0="8,15,16,49,50,80,84,90,91,92" owari="123,-38.0,386,49.0,210,-19.0,281,8.0" /></mjloggm>