<mjloggm ver="2.3"><GO type="97" lobby="0"/><UN n0="%75%73%77" n1="%E3%82%8F%E3%81%B5%E3%82%8F%E3%81%B5" n2="%E3%81%84%E3%82%84%E3%81%95%E3%81%95%E3%82%93%E3%81%A0%E3%82%88" n3="%E5%B0%B1%E6%B4%BB%E7%94%9F%40%E5%B7%9D%E6%9D%91%E8%BB%8D%E5%9B%A3" dan="15,13,13,14" rate="1996.08,1898.91,1929.87,1925.08" sx="M,M,M,M"/><TAIKYOKU oya="0"/><INIT seed="0,0,0,3,2,42" ten="250,250,250,250" oya="0" hai0="128,99,102,38,22,60,29,51,47,7,48,26,43" hai1="21,127,44,67,50,103,10,105,134,13,131,64,45" hai2="113,27,93,73,46,49,41,59,133,32,63,94,76" hai3="62,2,77,8,14,121,16,3,106,96,1,71,12"/><T75/><D75/><U65/><E127/><V58/><F133/><W23/><G121/><T120/><D120/><U18/><E134/><V35/><F113/><W5/><G77/><T74/><D74/><U129/><E50/><V56/><F63/><W92/><G106/><T114/><D114/><U98/><REACH who="1" step="1"/><E10/><REACH who="1" ten="250,240,250,250" step="2"/><V4/><F49/><W20/><G62/><T6/><D60/><U97/><E97/><V87/><F87/><W81/><G71/><T55/><D128/><AGARI ba="0,1" hai="13,18,21,44,45,64,65,67,98,103,105,128,129,131" machi="128" ten="40,8000,1" yaku="1,1,19,1,52,2,53,0" doraHai="42" doraHaiUra="132" who="1" fromWho="0" sc="250,-80,240,90,250,0,250,0" /><INIT seed="1,0,0,2,3,37" ten="170,330,250,250" oya="1" hai0="76,83,34,87,27,111,73,59,133,104,20,54,29" hai1="61,22,78,85,89,41,75,43,128,45,49,2,93" hai2="35,108,77,106,105,36,115,51,135,38,9,44,122" hai3="70,33,80,62,32,126,50,46,18,130,123,67,14"/><U8/><E128/><V125/><F122/><W7/><G123/><T124/><D104/><U26/><E61/><V55/><F35/><W17/><G130/><T101/><D111/><U92/><E75/><V79/><F108/><W102/><G126/><T23/><D124/><U121/><E121/><V127/><F9/><W1/><G1/><T114/><D114/><U88/><E78/><V91/><F51/><W84/><G102/><T100/><D133/><U116/><E2/><V4/><F4/><W132/><G7/><T96/><D73/><U52/><E8/><V72/><F72/><W109/><G109/><T120/><D120/><U63/><E63/><V60/><F60/><W98/><G98/><T95/><REACH who="0" step="1"/><D101/><REACH who="0" ten="160,330,250,250" step="2"/><U82/><E116/><V40/><F125/><W53/><G132/><T110/><D110/><U117/><E117/><V71/><F127/><W47/><G47/><T39/><D39/><U31/><E82/><V107/><F106/><W21/><REACH who="3" step="1"/><G17/><REACH who="3" ten="160,330,250,240" step="2"/><T103/><D103/><U56/><E45/><V48/><F115/><W97/><G97/><AGARI ba="0,2" hai="22,26,31,41,43,49,52,56,85,88,89,92,93,97" machi="97" ten="30,18000,2" yaku="7,1,8,1,52,2,54,2" doraHai="37" who="1" fromWho="3" sc="160,0,330,200,250,0,240,-180" /><INIT seed="1,1,0,2,2,92" ten="160,530,250,60" oya="1" hai0="35,58,61,122,109,87,47,7,120,26,133,99,83" hai1="33,25,19,68,113,1,88,0,29,69,76,55,65" hai2="28,24,89,18,102,59,128,127,114,121,96,72,118" hai3="64,21,98,79,8,17,75,54,52,46,50,45,5"/><U126/><E113/><V11/><F121/><N who="0" m="46698" /><D109/><U42/><E126/><V34/><F118/><W30/><G30/><T91/><D7/><U49/><E76/><V12/><F72/><W39/><G64/><T101/><D47/><U105/><E105/><V53/><F127/><W111/><G111/><T9/><D9/><U14/><E42/><V86/><F114/><W48/><G39/><T81/><D133/><U31/><E31/><V57/><F128/><W37/><G37/><T94/><D26/><U78/><E78/><V32/><F32/><W51/><G79/><T93/><D35/><U112/><E112/><V119/><F119/><W132/><G132/><T62/><D62/><U70/><E88/><V108/><F108/><W60/><G75/><T74/><D74/><U4/><E4/><V130/><F130/><W16/><G60/><T27/><D27/><U3/><E65/><AGARI ba="1,0" hai="58,61,65,81,83,87,91,93,94,99,101" m="46698" machi="65" ten="30,2000,0" yaku="13,1,52,1" doraHai="92" who="0" fromWho="1" sc="160,23,530,-23,250,0,60,0" /><INIT seed="2,0,0,0,3,60" ten="183,507,250,60" oya="2" hai0="36,24,116,84,9,13,58,47,0,99,115,6,130" hai1="71,63,72,80,18,42,50,66,119,44,40,128,15" hai2="89,39,107,85,22,28,17,57,113,49,33,55,67" hai3="64,106,54,53,129,56,19,34,110,61,135,95,109"/><V112/><F107/><W37/><G106/><T93/><D115/><U2/><E2/><V16/><F39/><W46/><G34/><T86/><D130/><U23/><E119/><V1/><F1/><W27/><G27/><T108/><D108/><N who="3" m="41577" /><G19/><T3/><D3/><U10/><E128/><V88/><F89/><W7/><G7/><T5/><D24/><U76/><E10/><V91/><F91/><W25/><G25/><T90/><D116/><U103/><E103/><V51/><F33/><W78/><G78/><T104/><D104/><U29/><E29/><V133/><F133/><W69/><G95/><T127/><D5/><U38/><E38/><V82/><F67/><W68/><G129/><T124/><D0/><U97/><E97/><V41/><F112/><W98/><G98/><T126/><D84/><U75/><E75/><V121/><F121/><W62/><G135/><T125/><D99/><U123/><E123/><V117/><F117/><W8/><G8/><T100/><D100/><U83/><E83/><V43/><F113/><W77/><G77/><T132/><D132/><U81/><E81/><V31/><F17/><W59/><G53/><AGARI ba="0,0" hai="15,18,23,40,42,44,50,53,63,66,71,72,76,80" machi="53" ten="30,2000,0" yaku="7,1,52,1" doraHai="60" who="1" fromWho="3" sc="183,0,507,20,250,0,60,-20" /><INIT seed="3,0,0,3,4,2" ten="183,527,250,40" oya="3" hai0="131,62,58,115,19,24,89,87,65,14,12,54,126" hai1="84,132,23,0,3,121,129,66,16,6,82,17,85" hai2="5,10,104,118,25,92,96,81,43,36,45,99,88" hai3="124,33,72,128,41,37,75,7,130,9,86,55,59"/><W109/><G33/><T108/><D108/><U56/><E121/><V122/><F122/><W113/><G113/><T125/><D131/><N who="3" m="50217" /><G124/><N who="0" m="47723" /><D115/><U64/><E129/><V77/><F118/><W32/><G109/><T49/><D24/><U28/><E132/><V39/><F25/><W134/><G134/><T26/><D26/><U50/><E0/><V111/><F111/><W70/><G32/><T93/><D19/><N who="1" m="7243" /><E6/><V73/><F104/><W79/><G70/><AGARI ba="0,0" hai="12,14,49,54,58,62,65,70,87,89,93" m="47723" machi="70" ten="30,1000,0" yaku="18,1" doraHai="2" who="0" fromWho="3" sc="183,10,527,0,250,0,40,-10" owari="193,-21.0,527,63.0,250,5.0,30,-47.0" /></mjloggm>