<mjloggm ver="2.3"><GO type="169" lobby="0"/><UN n0="%6B%69%79%6F%64%61%69" n1="%E6%93%8D" n2="%E5%B0%B1%E6%B4%BB%E7%94%9F%40%E5%B7%9D%E6%9D%91%E8%BB%8D%E5%9B%A3" n3="%72%63%70%62" dan="17,16,16,16" rate="2227.27,2092.24,2180.82,2046.59" sx="M,M,M,M"/><TAIKYOKU oya="0"/><INIT seed="0,0,0,3,2,130" ten="250,250,250,250" oya="0" hai0="23,9,99,39,73,62,118,97,103,94,81,8,2" hai1="109,88,55,20,3,106,38,114,29,11,128,78,52" hai2="127,92,98,124,135,31,77,4,120,112,45,15,0" hai3="82,44,65,125,133,48,18,56,17,53,34,13,86"/><T68/><D39/><U93/><E106/><V37/><F0/><W113/><G34/><T90/><D118/><U12/><E38/><V100/><F112/><W43/><G113/><T7/><D9/><U24/><E109/><V25/><F120/><W116/><G116/><T19/><D68/><U57/><E128/><V69/><F77/><W117/><G117/><T50/><D50/><U30/><E3/><V33/><F69/><W115/><G115/><T27/><D62/><U104/><E104/><V76/><F76/><W91/><G125/><N who="2" m="48201" /><F15/><W35/><G35/><T6/><D6/><U111/><E111/><V132/><F4/><W21/><G65/><T26/><D73/><U72/><E78/><V40/><AGARI ba="0,0" hai="25,31,33,37,40,45,92,98,100,132,135" m="48201" machi="40" ten="30,4000,0" yaku="18,1,52,2" doraHai="130" who="2" fromWho="2" sc="250,-20,250,-10,250,40,250,-10" /><INIT seed="1,0,0,2,3,1" ten="230,240,290,240" oya="1" hai0="51,18,46,125,128,90,25,4,99,122,132,50,13" hai1="109,5,26,105,96,21,40,94,80,95,129,37,48" hai2="33,107,135,23,84,116,49,8,22,34,100,79,15" hai3="6,45,73,9,97,59,52,39,82,43,56,106,71"/><U16/><E37/><V32/><F116/><W62/><G71/><T130/><D25/><U55/><E40/><V24/><F135/><W119/><G119/><T65/><D65/><U81/><E129/><V17/><F107/><W20/><G20/><T88/><D132/><U14/><E105/><V66/><F100/><W76/><G59/><T64/><D64/><U72/><E72/><V3/><F66/><W123/><G123/><T89/><D51/><U78/><E78/><V30/><F49/><W111/><G111/><T58/><D58/><N who="1" m="33127" /><E109/><V115/><F115/><W118/><G118/><T63/><D63/><U110/><E110/><V101/><F101/><W2/><G106/><T85/><D99/><AGARI ba="0,0" hai="2,6,9,39,43,45,52,56,62,73,76,82,97,99" machi="99" ten="40,8000,1" yaku="25,2,52,1,54,1" doraHai="1" who="3" fromWho="0" sc="230,-80,240,0,290,0,240,80" /><INIT seed="2,0,0,4,0,116" ten="150,240,290,320" oya="2" hai0="44,121,20,92,54,16,57,80,42,135,87,18,72" hai1="4,76,28,85,14,122,30,35,79,98,34,102,73" hai2="69,56,12,96,100,52,75,21,26,51,17,63,39" hai3="83,119,117,81,68,1,5,25,111,110,8,77,53"/><V134/><F134/><W19/><G68/><T15/><D72/><U70/><E70/><V99/><F39/><W23/><G53/><T103/><D135/><U131/><E131/><V40/><F75/><W109/><REACH who="3" step="1"/><G83/><REACH who="3" ten="150,240,290,310" step="2"/><T126/><D126/><U84/><E73/><AGARI ba="0,1" hai="1,5,8,19,23,25,73,77,81,109,110,111,117,119" machi="73" ten="40,8000,1" yaku="1,1,2,1,14,1,53,1" doraHai="116" doraHaiUra="0" who="3" fromWho="1" sc="150,0,240,-80,290,0,310,90" /><INIT seed="3,0,0,0,3,35" ten="150,160,290,400" oya="3" hai0="100,50,48,58,96,77,16,38,40,28,76,64,122" hai1="6,117,18,99,121,84,29,26,79,75,52,109,39" hai2="15,21,49,95,127,133,123,83,134,82,19,62,27" hai3="78,101,47,10,81,24,66,9,33,8,87,34,73"/><W112/><G112/><T118/><D118/><U94/><E121/><V43/><F123/><W65/><G101/><T119/><D119/><U85/><E39/><V53/><F127/><W71/><G71/><T86/><D38/><U124/><E117/><V25/><F62/><W130/><G130/><T74/><D74/><U104/><E104/><V116/><F43/><W91/><G47/><T1/><D1/><U5/><E124/><V4/><F95/><W72/><G72/><T17/><D28/><U3/><E18/><V51/><F51/><W114/><G114/><T93/><D122/><U102/><E75/><V113/><F113/><W23/><G34/><T11/><D17/><U57/><E109/><V36/><F36/><W105/><G33/><T45/><D86/><U128/><E128/><V63/><F63/><W41/><G41/><T55/><REACH who="0" step="1"/><D64/><REACH who="0" ten="140,160,290,400" step="2"/><U0/><E0/><V31/><F116/><W30/><G66/><T37/><D37/><U120/><E120/><V7/><F7/><W88/><G65/><T32/><D32/><U42/><E6/><V115/><F4/><W70/><G73/><T60/><D60/><U61/><E79/><V125/><F115/><W132/><G78/><T131/><D131/><U135/><E135/><V59/><F125/><W92/><G132/><N who="2" m="50793" /><F31/><W20/><G30/><T13/><AGARI ba="0,1" hai="11,13,16,40,45,48,50,55,58,76,77,93,96,100" machi="13" ten="30,7900,0" yaku="1,1,0,1,8,1,54,1,53,0" doraHai="35" doraHaiUra="107" who="0" fromWho="0" sc="140,89,160,-20,290,-20,400,-39" /><INIT seed="4,0,0,3,3,123" ten="229,140,270,361" oya="0" hai0="5,4,98,57,85,27,6,113,56,99,103,111,69" hai1="13,108,43,67,112,88,89,83,114,32,100,116,40" hai2="130,87,51,37,7,135,75,101,133,2,122,104,105" hai3="86,53,11,38,0,134,45,79,35,129,68,26,81"/><T36/><D69/><U59/><E32/><V14/><F75/><W109/><G68/><T17/><D36/><U65/><E100/><V20/><F37/><W70/><G70/><T119/><D119/><U126/><E13/><V115/><F115/><N who="1" m="44073" /><E116/><V91/><F2/><W71/><G53/><T73/><D73/><U102/><E102/><V125/><F130/><W33/><G45/><T1/><D1/><U93/><E83/><V19/><F7/><W23/><G134/><N who="2" m="51209" /><F125/><W60/><G0/><T76/><D113/><U30/><E30/><V77/><F77/><W21/><G79/><T25/><D17/><U22/><E22/><V54/><F101/><W16/><G23/><T106/><D103/><U34/><E34/><V132/><F122/><W117/><G21/><T92/><D5/><U82/><E82/><N who="2" m="49655" /><F132/><W61/><G35/><T78/><D92/><U80/><E80/><V28/><F28/><W121/><G81/><T127/><D127/><U95/><E59/><AGARI ba="0,0" hai="14,19,20,51,54,59,104,105" m="49655,51209" machi="59" ten="30,1000,0" yaku="20,1" doraHai="123" who="2" fromWho="1" sc="229,0,140,-10,270,10,361,0" /><INIT seed="5,0,0,3,5,48" ten="229,130,280,361" oya="1" hai0="30,13,120,84,129,6,64,5,134,93,53,57,116" hai1="75,119,82,89,38,29,24,37,50,123,109,121,88" hai2="106,28,2,44,72,130,128,115,131,19,41,56,78" hai3="117,11,103,18,12,111,68,33,49,73,83,125,124"/><U90/><E119/><V54/><F2/><W79/><G68/><T0/><D0/><U118/><E118/><V51/><F106/><W85/><G111/><T59/><D129/><U96/><E109/><V47/><F28/><W107/><G33/><T1/><D1/><U35/><E96/><V3/><F3/><W17/><G117/><T86/><D30/><U14/><E14/><V110/><F110/><W21/><G107/><T61/><D134/><U66/><E66/><V133/><F133/><W100/><G49/><T105/><D105/><U87/><E75/><V31/><F31/><W95/><G73/><T63/><D120/><U62/><E62/><N who="2" m="36119" /><F19/><W74/><G74/><T46/><D46/><U45/><E38/><N who="2" m="21559" /><F78/><W71/><G71/><T23/><D116/><U76/><REACH who="1" step="1"/><E37/><REACH who="1" ten="229,120,280,361" step="2"/><V112/><F72/><W39/><G39/><T97/><D86/><U69/><E69/><V113/><F131/><W98/><G103/><T22/><D84/><U55/><AGARI ba="0,1" hai="24,29,35,45,50,55,76,82,87,88,89,90,121,123" machi="55" ten="30,11700,0" yaku="1,1,0,1,52,1,54,1,53,0" doraHai="48" doraHaiUra="7" who="1" fromWho="1" sc="229,-39,120,127,280,-39,361,-39" /><INIT seed="5,1,0,0,3,5" ten="190,247,241,322" oya="1" hai0="128,112,30,65,109,104,78,32,132,40,81,44,26" hai1="92,45,119,93,131,25,13,33,68,111,9,11,126" hai2="125,12,75,103,56,127,110,77,97,55,59,6,73" hai3="58,72,118,21,54,47,94,50,34,4,57,76,96"/><U70/><E119/><V98/><F110/><W16/><G34/><T31/><D31/><U133/><E33/><V121/><F121/><W120/><G120/><T1/><D109/><U17/><E25/><V23/><F59/><W134/><G134/><T88/><D1/><U115/><E133/><V69/><F69/><W135/><G135/><T67/><D104/><U14/><E115/><V71/><F71/><W74/><G118/><T122/><D122/><U28/><E28/><V18/><F6/><W37/><G4/><T106/><D106/><U130/><E45/><V15/><F15/><N who="3" m="9375" /><G72/><N who="2" m="27721" /><F77/><W2/><G74/><T0/><D78/><U46/><E46/><V95/><F95/><N who="1" m="36425" /><E111/><V60/><F103/><N who="3" m="60823" /><G37/><T113/><D0/><U29/><E29/><V10/><F23/><W51/><G2/><T129/><D132/><U43/><E43/><V64/><F64/><W52/><G76/><T49/><D67/><U35/><E35/><V114/><F114/><N who="0" m="44138" /><D65/><U85/><E85/><AGARI ba="1,0" hai="26,30,32,40,44,49,81,85,88,128,129" m="44138" machi="85" ten="30,2000,0" yaku="15,1,54,1" doraHai="5" who="0" fromWho="1" sc="190,23,247,-23,241,0,322,0" /><INIT seed="6,0,0,2,1,0" ten="213,224,241,322" oya="2" hai0="72,97,73,75,62,114,69,105,128,46,59,93,35" hai1="89,64,21,28,58,70,81,113,31,54,16,83,134" hai2="6,123,17,38,101,92,49,14,9,32,76,78,120" hai3="135,103,7,106,63,2,124,96,57,52,132,94,82"/><V41/><F38/><W42/><G124/><T109/><D109/><U25/><E134/><N who="3" m="51242" /><G42/><T1/><D105/><U85/><E113/><V60/><F32/><W98/><G82/><T13/><D69/><U133/><E133/><V40/><F120/><W30/><G30/><T129/><D1/><U116/><E116/><V10/><F60/><W50/><G63/><T127/><D35/><U95/><E64/><V55/><F76/><W121/><G121/><T45/><D127/><U119/><E70/><V48/><F48/><W99/><G94/><T3/><D3/><U67/><E67/><V18/><F78/><W90/><G90/><N who="0" m="55479" /><D13/><U20/><E119/><V23/><F92/><W8/><AGARI ba="0,0" hai="2,7,8,50,52,57,96,98,99,103,106" m="51242" machi="8" ten="30,4000,0" yaku="20,1,52,1,54,1" doraHai="0" who="3" fromWho="3" sc="213,-10,224,-10,241,-20,322,40" /><INIT seed="7,0,0,2,4,21" ten="203,214,221,362" oya="3" hai0="119,28,6,62,38,78,81,53,12,22,46,47,104" hai1="54,25,79,19,72,130,27,7,8,61,89,83,93" hai2="9,124,112,34,96,97,24,87,26,31,20,17,70" hai3="5,49,82,99,77,100,63,56,66,117,50,122,98"/><W125/><G5/><T108/><D104/><U39/><E39/><V55/><F70/><W107/><G98/><T116/><D108/><U64/><E130/><V120/><F112/><W16/><G122/><T58/><D38/><U32/><E54/><V23/><F124/><W115/><G115/><T106/><D106/><U48/><E48/><V59/><F120/><W35/><G35/><T41/><D41/><U128/><E19/><V109/><F34/><W126/><G16/><T13/><D119/><U135/><E32/><V121/><F109/><W105/><G105/><T74/><D116/><U52/><E128/><V67/><F67/><W11/><G11/><T85/><D74/><U110/><E110/><V60/><F121/><W129/><G117/><T15/><D6/><U131/><E131/><V95/><F9/><W3/><G3/><T114/><D114/><U113/><E113/><V94/><F94/><W91/><G129/><T0/><D0/><U118/><E118/><V33/><F33/><W40/><G107/><T92/><D92/><U68/><E52/><V10/><F10/><W45/><G66/><T42/><D42/><U2/><E135/><V134/><F134/><W102/><G40/><T30/><D30/><U43/><E43/><V65/><F65/><W4/><G125/><T36/><D36/><U1/><E1/><V14/><F14/><W51/><G126/><T88/><D78/><U57/><E68/><V76/><F76/><W123/><G77/><T101/><D101/><U132/><E132/><V29/><F29/><W127/><G127/><T44/><D28/><RYUUKYOKU ba="0,0" sc="203,10,214,10,221,10,362,-30" hai0="12,13,15,22,44,46,47,53,58,62,81,85,88" hai1="2,7,8,25,27,57,61,64,72,79,83,89,93" hai2="17,20,23,24,26,31,55,59,60,87,95,96,97" owari="213,-29.0,224,-18.0,231,3.0,332,44.0" /></mjloggm>