<mjloggm ver="2.3"><GO type="41" lobby="0"/><UN n0="%53%61%6B%69%6B%61%67%65" n1="%E3%82%BF%E3%82%AD%E3%83%88%E3%83%BC%E3%83%AB" n2="%4D%65%6D%6F%6E%6F%C3%97%32" n3="%E5%B0%B1%E6%B4%BB%E7%94%9F%40%E5%B7%9D%E6%9D%91%E8%BB%8D%E5%9B%A3" dan="13,15,14,15" rate="1827.64,2008.48,1932.46,2010.64" sx="M,M,F,M"/><TAIKYOKU oya="0"/><INIT seed="0,0,0,2,0,25" ten="250,250,250,250" oya="0" hai0="131,77,9,31,107,125,71,109,112,133,111,36,38" hai1="74,60,16,98,69,64,76,121,51,13,135,40,48" hai2="26,23,10,128,34,17,7,124,119,79,129,19,68" hai3="15,33,75,93,65,18,67,30,105,21,72,14,120"/><T73/><RYUUKYOKU type="yao9" ba="0,0" sc="250,0,250,0,250,0,250,0" hai0="9,31,36,38,71,73,77,107,109,111,112,125,131,133" /><INIT seed="0,1,0,0,5,66" ten="250,250,250,250" oya="0" hai0="85,26,59,92,21,93,16,17,24,7,71,118,42" hai1="44,37,116,69,23,134,113,130,119,70,123,107,22" hai2="46,58,67,89,105,60,106,124,2,86,68,78,48" hai3="10,41,15,126,96,75,64,35,3,32,129,54,99"/><T55/><D118/><U84/><E123/><V114/><F2/><W52/><G75/><T53/><D7/><U111/><E107/><V76/><F114/><W34/><G3/><T28/><D42/><U0/><E0/><V43/><F124/><W38/><G126/><T102/><D92/><U97/><E97/><V56/><F106/><W73/><G73/><T117/><D117/><U30/><E84/><V40/><F105/><W135/><G135/><T19/><D26/><U120/><E120/><V47/><F78/><W11/><G129/><T82/><D102/><U27/><E111/><V9/><F9/><W100/><G64/><T63/><D93/><U25/><E44/><V4/><F4/><W12/><G100/><T115/><D115/><U88/><E113/><V29/><F29/><W128/><G128/><T51/><D71/><U95/><E95/><V20/><F20/><W72/><G72/><T131/><D131/><U83/><E130/><V133/><F76/><W18/><G41/><T112/><D112/><U61/><E83/><V45/><F133/><W8/><G38/><T108/><D108/><U33/><E134/><V6/><F6/><W5/><REACH who="3" step="1"/><G8/><REACH who="3" ten="250,250,250,240" step="2"/><T87/><REACH who="0" step="1"/><D82/><REACH who="0" ten="240,250,250,240" step="2"/><U50/><E116/><V127/><F127/><W125/><G125/><T121/><D121/><U81/><E119/><V110/><F110/><W104/><G104/><T49/><D49/><U31/><E50/><V109/><F109/><W80/><G80/><T77/><D77/><U91/><E81/><N who="2" m="49359" /><F48/><W13/><G13/><T122/><D122/><U101/><E37/><V65/><F65/><RYUUKYOKU ba="1,2" sc="240,10,250,-30,250,10,240,10" hai0="16,17,19,21,24,28,51,53,55,59,63,85,87" hai2="40,43,45,46,47,56,58,60,67,68" hai3="5,10,11,12,15,18,32,34,35,52,54,96,99" /><INIT seed="0,2,2,5,2,133" ten="250,220,260,250" oya="0" hai0="87,118,65,111,25,3,47,98,7,104,23,94,100" hai1="134,102,24,61,74,79,69,99,90,64,108,72,5" hai2="58,8,128,12,59,50,52,70,95,124,73,18,135" hai3="39,113,48,38,16,81,1,119,35,51,130,67,97"/><T127/><D118/><U2/><E134/><V112/><F112/><W60/><G119/><T43/><D65/><U71/><E108/><V129/><F135/><W96/><G113/><T117/><D117/><U20/><E90/><V120/><F120/><W6/><G35/><T82/><D104/><U14/><E14/><V121/><F121/><W76/><G130/><N who="2" m="50281" /><F124/><W4/><G39/><T91/><D111/><U125/><E125/><V106/><F106/><W11/><G38/><T53/><D127/><U27/><E27/><V40/><F70/><W56/><G6/><T9/><D53/><U28/><E71/><V131/><N who="2" m="50289" /><V62/><DORA hai="46" /><F73/><W110/><G110/><T15/><D3/><U21/><E21/><V126/><F126/><W132/><G132/><T22/><REACH who="0" step="1"/><D25/><REACH who="0" ten="240,220,260,250" step="2"/><U36/><E24/><V26/><F26/><W75/><G97/><T0/><D0/><U78/><E99/><V29/><F29/><W17/><REACH who="3" step="1"/><G96/><REACH who="3" ten="240,220,260,240" step="2"/><T49/><AGARI ba="2,4" hai="7,9,15,22,23,43,47,49,82,87,91,94,98,100" machi="49" ten="20,12000,1" yaku="1,1,0,1,7,1,8,1,52,1,53,0" doraHai="133,46" doraHaiUra="31,122" who="0" fromWho="0" sc="240,166,220,-42,260,-42,240,-42" /><INIT seed="0,3,0,4,2,85" ten="406,178,218,198" oya="0" hai0="61,87,13,22,75,11,57,55,58,100,131,44,92" hai1="66,38,78,9,17,119,122,116,127,43,81,99,50" hai2="0,49,24,113,130,132,35,64,76,71,42,29,16" hai3="65,121,112,115,18,59,104,4,86,108,77,39,33"/><T52/><D75/><U74/><E122/><V46/><F113/><W51/><G121/><T37/><D37/><U25/><E127/><V30/><F132/><W128/><G104/><T8/><D131/><U110/><E110/><V72/><F130/><W63/><G39/><T23/><D44/><U7/><E66/><V73/><F16/><W26/><G108/><T1/><D1/><U68/><E68/><V96/><F76/><W117/><G117/><T98/><D87/><U15/><E99/><V60/><F0/><W93/><G128/><T125/><D125/><U111/><E111/><V40/><F40/><W28/><G4/><T83/><D83/><U21/><E38/><N who="2" m="21847" /><F30/><W102/><G18/><T84/><D84/><U133/><E133/><V36/><F36/><W41/><G77/><T109/><D109/><U32/><E32/><V20/><F49/><W3/><G3/><T97/><D97/><U82/><E82/><V89/><F89/><W69/><G69/><T10/><REACH who="0" step="1"/><D13/><REACH who="0" ten="396,178,218,198" step="2"/><U6/><E116/><V88/><F96/><W124/><G86/><T45/><D45/><U134/><E119/><V19/><F73/><W118/><G124/><T2/><D2/><U47/><E134/><V80/><F72/><W70/><G118/><T31/><D31/><AGARI ba="3,1" hai="6,7,9,15,17,21,25,31,43,47,50,74,78,81" machi="31" ten="30,1000,0" yaku="7,1" doraHai="85" who="1" fromWho="0" sc="396,-19,178,29,218,0,198,0" /><INIT seed="1,0,0,2,1,0" ten="377,207,218,198" oya="1" hai0="120,61,116,66,37,93,26,54,85,91,107,47,59" hai1="117,119,18,50,90,44,57,35,17,64,76,127,48" hai2="130,33,104,124,15,11,70,55,49,38,21,27,52" hai3="56,122,39,23,87,77,14,97,73,43,22,78,129"/><U100/><E35/><V32/><F104/><W51/><G73/><T74/><D116/><U3/><E127/><V103/><F124/><W132/><G122/><T45/><D120/><U83/><E90/><V126/><F126/><W58/><G39/><T131/><D131/><U133/><E133/><V123/><F130/><W31/><G129/><T68/><D74/><U113/><E113/><V80/><F123/><W62/><G132/><T121/><D121/><U106/><E3/><V94/><F38/><W134/><G134/><T36/><D107/><U92/><E106/><V109/><F70/><W81/><G77/><T28/><D37/><U40/><E119/><V96/><F109/><W101/><G31/><T110/><D110/><U63/><E50/><V30/><F80/><W79/><G79/><T9/><D9/><U95/><E117/><V118/><F49/><W41/><G14/><T46/><D36/><U115/><E115/><V84/><F84/><W112/><G112/><T71/><REACH who="0" step="1"/><D66/><REACH who="0" ten="367,207,218,198" step="2"/><U98/><REACH who="1" step="1"/><E92/><REACH who="1" ten="367,197,218,198" step="2"/><V5/><F118/><W75/><G81/><T111/><D111/><U108/><E108/><V105/><F105/><W7/><G75/><AGARI ba="0,2" hai="17,18,40,44,48,57,63,64,75,76,83,95,98,100" machi="75" ten="30,2900,0" yaku="1,1,7,1,53,0" doraHai="0" doraHaiUra="16" who="1" fromWho="3" sc="367,0,197,49,218,0,198,-29" /><INIT seed="1,1,0,1,1,41" ten="367,246,218,169" oya="1" hai0="28,74,66,85,111,17,10,87,69,68,38,48,109" hai1="119,22,60,0,67,61,130,99,36,29,104,82,120" hai2="64,103,19,5,133,30,21,106,55,92,25,125,95" hai3="16,71,54,37,79,110,83,15,80,84,76,114,117"/><U113/><E120/><V96/><F125/><W102/><G114/><T81/><D74/><U118/><E113/><V46/><F133/><W6/><G71/><T73/><D73/><U98/><E0/><V11/><F64/><W93/><G117/><T86/><D38/><U70/><E130/><V56/><F46/><W121/><G121/><T100/><D28/><U26/><E36/><V50/><REACH who="2" step="1"/><F30/><REACH who="2" ten="367,246,208,169" step="2"/><W18/><G37/><T122/><D66/><U124/><E124/><V51/><F51/><W115/><G115/><T7/><D48/><U20/><E67/><V112/><F112/><W1/><G110/><T134/><D134/><U23/><E29/><V89/><F89/><W32/><G79/><T27/><D109/><U131/><E131/><V90/><F90/><W3/><G76/><T57/><D111/><U77/><E77/><V52/><F52/><W42/><G54/><T97/><D100/><U44/><E44/><V31/><F31/><W2/><G102/><T127/><D127/><U91/><E91/><V35/><F35/><W107/><G42/><T49/><D49/><U78/><E78/><V58/><F58/><W47/><G47/><T65/><D65/><U13/><E118/><V88/><F88/><N who="3" m="53383" /><G32/><T132/><D57/><U8/><E119/><V72/><F72/><W39/><G39/><T4/><D132/><U40/><E40/><V135/><F135/><W105/><G83/><T126/><D126/><U14/><E82/><V101/><F101/><W12/><G80/><T43/><D81/><U34/><E34/><V75/><F75/><W108/><G108/><RYUUKYOKU ba="1,1" sc="367,-10,246,-10,208,30,169,-10" hai2="5,11,19,21,25,50,55,56,92,95,96,103,106" /><INIT seed="2,2,1,2,2,82" ten="357,236,238,159" oya="2" hai0="8,122,21,68,63,109,20,102,121,112,134,127,49" hai1="27,132,53,72,3,35,16,100,45,70,105,11,57" hai2="114,1,25,7,129,26,93,23,123,6,111,79,17" hai3="0,124,86,90,131,33,48,133,54,130,28,125,41"/><V42/><F123/><W75/><G75/><T61/><D112/><U106/><E70/><V110/><F114/><W107/><G0/><T36/><D36/><U77/><E132/><V52/><F129/><N who="3" m="49163" /><G107/><T67/><D134/><U74/><E45/><V76/><F42/><W55/><G133/><T43/><D63/><U50/><E77/><V135/><F135/><W4/><G4/><T98/><D109/><N who="2" m="41482" /><F93/><N who="3" m="54487" /><G33/><T66/><D66/><U78/><E78/><N who="2" m="29739" /><F1/><W87/><G28/><T116/><D116/><U5/><E74/><V24/><F52/><N who="3" m="20011" /><G87/><T103/><D127/><N who="3" m="48713" /><G48/><T51/><D51/><U92/><E72/><V88/><F88/><W30/><G41/><T10/><D43/><U47/><E106/><V85/><F85/><W101/><G30/><T9/><D49/><U2/><E105/><V96/><F96/><W14/><G14/><AGARI ba="2,1" hai="6,7,14,17,23,24,25,26" m="29739,41482" machi="14" ten="30,2900,0" yaku="14,1,10,1" doraHai="82" who="2" fromWho="3" sc="357,0,236,0,238,45,159,-35" /><INIT seed="2,3,0,3,1,20" ten="357,236,283,124" oya="2" hai0="128,108,120,113,63,77,130,109,26,89,42,23,74" hai1="52,54,88,25,51,21,132,64,66,4,73,34,62" hai2="76,121,87,1,30,106,11,92,133,112,91,57,90" hai3="56,61,134,110,75,32,102,103,8,114,33,99,117"/><V14/><F121/><W28/><G75/><T116/><D42/><U84/><E34/><V41/><F112/><W96/><G117/><T125/><D116/><U12/><E73/><V65/><F1/><W22/><G114/><T50/><D113/><U27/><E132/><V82/><F133/><W24/><G134/><T3/><D3/><U38/><E38/><V58/><F106/><W70/><G110/><T44/><D120/><U124/><E124/><V49/><F30/><W105/><G8/><T129/><D63/><U46/><E54/><V118/><F118/><W131/><G70/><T43/><D125/><U95/><E66/><V100/><F100/><W104/><REACH who="3" step="1"/><G131/><REACH who="3" ten="357,236,283,114" step="2"/><T10/><D10/><N who="1" m="4167" /><E21/><V16/><F65/><AGARI ba="3,1" hai="22,24,28,32,33,56,61,65,96,99,102,103,104,105" machi="65" ten="30,7700,0" yaku="1,1,7,1,9,1,52,1,53,0" doraHai="20" doraHaiUra="86" who="3" fromWho="2" sc="357,0,236,0,283,-86,114,96" /><INIT seed="3,0,0,2,1,104" ten="357,236,197,210" oya="3" hai0="78,96,68,77,86,62,80,9,111,44,107,66,63" hai1="57,115,46,65,13,50,55,41,70,110,120,91,1" hai2="28,81,105,15,114,121,48,83,2,92,95,125,64" hai3="26,4,67,130,21,40,11,17,10,135,19,131,60"/><W113/><G40/><T85/><D111/><U129/><E1/><V23/><F114/><W76/><G113/><T73/><D44/><U117/><E115/><V0/><F105/><W69/><G135/><T79/><D9/><U37/><E13/><V133/><F133/><W7/><G76/><T119/><D119/><U56/><E91/><V88/><F125/><W24/><G24/><T39/><D39/><U51/><E120/><V49/><F121/><W5/><REACH who="3" step="1"/><G19/><REACH who="3" ten="357,236,197,200" step="2"/><T8/><D78/><U43/><E117/><V71/><F2/><W102/><G102/><T124/><D77/><U20/><E41/><V33/><F0/><W103/><G103/><T90/><D79/><U128/><E110/><V72/><F72/><W127/><G127/><T108/><D124/><U126/><E126/><V101/><F101/><W18/><G18/><T87/><D108/><U94/><E43/><V123/><F123/><W118/><G118/><T82/><D90/><U12/><E37/><V109/><F109/><W132/><G132/><T116/><D116/><U36/><E36/><V54/><F88/><W47/><G47/><T27/><D27/><U52/><E46/><V89/><F89/><W38/><G38/><T34/><D73/><U22/><E94/><V74/><F74/><W25/><G25/><T35/><D107/><U3/><E128/><AGARI ba="0,1" hai="4,5,7,10,11,17,21,26,60,67,69,128,130,131" machi="128" ten="40,3900,0" yaku="1,1,19,1,53,0" doraHai="104" doraHaiUra="93" who="3" fromWho="1" sc="357,0,236,-39,197,0,200,49" /><INIT seed="3,1,0,4,3,120" ten="357,197,197,249" oya="3" hai0="94,55,91,31,129,112,102,97,128,133,106,52,132" hai1="86,7,127,64,105,19,78,98,59,27,18,101,114" hai2="56,10,13,123,11,121,20,23,134,115,76,100,89" hai3="125,81,29,107,131,22,48,5,49,80,130,25,39"/><W116/><G107/><T34/><D112/><U82/><E114/><V54/><F115/><W43/><G116/><T36/><D36/><U12/><E127/><V99/><F134/><N who="0" m="51818" /><D34/><U117/><E117/><V108/><F76/><W15/><G125/><T66/><D66/><U96/><E96/><V109/><F89/><W47/><G39/><T1/><D1/><U93/><E27/><V95/><F23/><W40/><G5/><T103/><D31/><U83/><E83/><V73/><F73/><W79/><G15/><T122/><D122/><N who="2" m="46602" /><F20/><W88/><G88/><T113/><D113/><U32/><E32/><V87/><F87/><W50/><G80/><T46/><D46/><U26/><E26/><V45/><F45/><W90/><G90/><T61/><D61/><N who="1" m="37951" /><E105/><V53/><F11/><AGARI ba="1,0" hai="7,11,12,18,19,78,82,86,93,98,101" m="37951" machi="11" ten="30,1000,0" yaku="8,1" doraHai="120" who="1" fromWho="2" sc="357,0,197,13,197,-13,249,0" /><INIT seed="4,0,0,0,2,20" ten="357,210,184,249" oya="0" hai0="21,72,2,102,25,15,95,47,125,109,80,101,23" hai1="128,63,75,121,89,110,61,38,57,0,29,24,119" hai2="41,87,17,112,98,114,94,122,117,64,120,100,50" hai3="30,10,68,67,9,59,108,7,19,134,26,37,16"/><T84/><D2/><U85/><E121/><N who="2" m="46699" /><F64/><W129/><G68/><T52/><D72/><U126/><E110/><V32/><F32/><W111/><G37/><T77/><D109/><N who="3" m="42057" /><G67/><T81/><D125/><U78/><E126/><V79/><F41/><W86/><G59/><T71/><D71/><U107/><E38/><V35/><F35/><N who="3" m="20951" /><G86/><T97/><D15/><U3/><E63/><V40/><F40/><W53/><G53/><T14/><D14/><U118/><E107/><N who="2" m="63895" /><F17/><N who="3" m="6731" /><G134/><T44/><D102/><U27/><E57/><V130/><F50/><W104/><G104/><T132/><D132/><U83/><E61/><V54/><F54/><W74/><G74/><T60/><D60/><U46/><E46/><V48/><F48/><W55/><G55/><T1/><D52/><U8/><E29/><V5/><F117/><W13/><G10/><T131/><D131/><AGARI ba="0,0" hai="7,9,13,129,131" m="6731,20951,42057" machi="131" ten="30,7700,0" yaku="34,2,52,1,54,1" doraHai="20" who="3" fromWho="0" sc="357,-77,210,0,184,0,249,77" /><INIT seed="5,0,0,0,3,134" ten="280,210,184,326" oya="1" hai0="135,57,41,118,72,42,56,102,53,6,29,50,101" hai1="111,63,48,78,87,104,44,43,11,82,7,122,114" hai2="77,76,15,109,105,33,89,92,86,20,23,5,71" hai3="51,55,12,117,59,99,69,85,95,31,103,100,94"/><U40/><E122/><V110/><F105/><W132/><G69/><T66/><D135/><U90/><E104/><V14/><F71/><W3/><G3/><T4/><D118/><U106/><E106/><V112/><F33/><W52/><G132/><T121/><D121/><U21/><E111/><V68/><F68/><W124/><G124/><T18/><D29/><U0/><E114/><V37/><F37/><W107/><G117/><T1/><D1/><U120/><E120/><V79/><F112/><W17/><G31/><T47/><D72/><U38/><E63/><V24/><F5/><W64/><G64/><T13/><D66/><U58/><E58/><V32/><F32/><W46/><G85/><T62/><D56/><U84/><E21/><V25/><F25/><W45/><G45/><T116/><D116/><U70/><E70/><V39/><F39/><W10/><G103/><T129/><D129/><U133/><E133/><V80/><F92/><W128/><G128/><T119/><D119/><U81/><REACH who="1" step="1"/><E38/><REACH who="1" ten="280,200,184,326" step="2"/><V75/><F75/><W19/><G19/><T67/><D62/><AGARI ba="0,1" hai="10,12,17,46,51,52,55,59,62,94,95,99,100,107" machi="62" ten="30,2000,0" yaku="7,1,54,1" doraHai="134" who="3" fromWho="0" sc="280,-20,200,0,184,0,326,30" /><INIT seed="6,0,0,4,5,107" ten="260,200,184,356" oya="2" hai0="94,127,110,98,35,82,104,6,109,31,53,79,113" hai1="65,120,130,8,96,55,100,60,24,51,83,13,40" hai2="112,133,129,14,67,125,27,92,89,33,39,61,18" hai3="86,111,101,26,58,7,54,106,37,72,34,66,131"/><V95/><F125/><W21/><G72/><T20/><D127/><U28/><E120/><V4/><F112/><W0/><G37/><T132/><D113/><U99/><E40/><V30/><F129/><W84/><G34/><T118/><D35/><U87/><E130/><V11/><F133/><W77/><G111/><T90/><D132/><U102/><E96/><V42/><F42/><W116/><G116/><T50/><D104/><U70/><E99/><V119/><F119/><W103/><G0/><T22/><D118/><U25/><E25/><V68/><F39/><W59/><G7/><T97/><D97/><U36/><E36/><V5/><REACH who="2" step="1"/><F95/><REACH who="2" ten="260,200,174,356" step="2"/><W41/><G41/><T105/><D105/><U122/><E122/><V9/><F9/><W91/><G106/><T44/><D109/><U16/><E24/><V74/><F74/><W126/><G126/><T49/><D110/><U23/><E23/><V19/><F19/><W62/><G131/><T80/><D20/><U124/><E124/><V38/><F38/><W63/><G21/><T47/><D22/><U10/><E10/><V32/><F32/><W135/><G26/><T134/><D134/><U115/><E115/><V29/><F29/><W121/><G135/><T108/><D31/><U2/><E28/><V64/><F64/><W43/><G43/><T93/><D108/><U85/><E2/><V128/><F128/><W57/><G121/><T73/><D93/><U45/><E87/><AGARI ba="0,1" hai="4,5,11,14,18,27,30,33,61,67,68,87,89,92" machi="87" ten="30,2900,0" yaku="1,1,7,1,53,0" doraHai="107" doraHaiUra="46" who="2" fromWho="1" sc="260,0,200,-29,174,39,356,0" /><INIT seed="6,1,0,0,4,132" ten="260,171,213,356" oya="2" hai0="9,100,109,115,49,27,69,14,119,46,31,68,91" hai1="23,54,39,114,65,67,71,44,105,38,73,28,7" hai2="122,89,88,90,74,99,19,111,35,130,64,62,59" hai3="12,11,128,112,79,66,95,113,116,107,110,8,17"/><V96/><F122/><W50/><G107/><T93/><D109/><U56/><E105/><V83/><F111/><W53/><G110/><T20/><D100/><U43/><E73/><V118/><F118/><W0/><G116/><T1/><D119/><U80/><E7/><V52/><F130/><W26/><G128/><T92/><D115/><N who="3" m="44105" /><G66/><T70/><D1/><U41/><E114/><V4/><F4/><N who="3" m="1031" /><G95/><T18/><REACH who="0" step="1"/><D91/><REACH who="0" ten="250,171,213,356" step="2"/><U25/><E71/><V120/><F120/><W77/><G26/><T87/><D87/><U127/><E80/><V82/><F74/><W13/><G13/><T51/><D51/><U42/><E42/><AGARI ba="1,1" hai="9,14,18,20,27,31,42,46,49,68,69,70,92,93" machi="42" ten="40,1300,0" yaku="1,1,53,0" doraHai="132" doraHaiUra="94" who="0" fromWho="1" sc="250,26,171,-16,213,0,356,0" /><INIT seed="7,0,0,4,5,116" ten="276,155,213,356" oya="3" hai0="10,51,23,5,34,109,81,14,47,96,95,121,112" hai1="74,80,57,115,104,77,101,58,84,9,62,133,135" hai2="97,128,134,19,8,68,46,72,48,36,2,120,20" hai3="108,56,64,65,13,35,59,131,52,129,98,37,69"/><W15/><G35/><T90/><D34/><U27/><E115/><V118/><F118/><W110/><G37/><T76/><D109/><N who="3" m="42089" /><G98/><T55/><D112/><U17/><E57/><N who="3" m="22090" /><G52/><T111/><D111/><U105/><E74/><V28/><F68/><W0/><G0/><T79/><D121/><U12/><E101/><V41/><F128/><N who="3" m="49227" /><G69/><T45/><D45/><U33/><E33/><V29/><F134/><W127/><G127/><T7/><D23/><U61/><E61/><V30/><F72/><W22/><G22/><T44/><D44/><U16/><E27/><V106/><F120/><W78/><G78/><T94/><D94/><U60/><E60/><V4/><F36/><W26/><G26/><T31/><D31/><U53/><REACH who="1" step="1"/><E17/><REACH who="1" ten="276,145,213,356" step="2"/><V25/><F106/><AGARI ba="0,1" hai="9,12,16,53,58,62,77,80,84,104,105,106,133,135" machi="106" ten="40,5200,0" yaku="1,1,2,1,54,1,53,0" doraHai="116" doraHaiUra="86" who="1" fromWho="2" sc="276,0,145,62,213,-52,356,0" owari="276,8.0,207,-19.0,161,-34.0,356,45.0" /></mjloggm>