<mjloggm ver="2.3"><GO type="169" lobby="0"/><UN n0="%E3%81%BD%E3%81%BF%E3%82%85" n1="%E3%82%82%E3%82%81%E3%82%93%E3%81%AA%E3%81%A1%E3%82%83%E3%81%84" n2="%E5%B7%9D%E6%9D%91%E6%99%83%E8%A3%95%EF%BC%88%E4%B8%A1%E6%96%B9%EF%BC%89" n3="%E5%B0%B1%E6%B4%BB%E7%94%9F%40%E5%B7%9D%E6%9D%91%E8%BB%8D%E5%9B%A3" dan="16,16,16,16" rate="2084.47,2172.31,2096.72,2026.69" sx="F,F,M,M"/><TAIKYOKU oya="0"/><INIT seed="0,0,0,3,3,134" ten="250,250,250,250" oya="0" hai0="63,61,46,119,41,57,17,37,3,13,20,121,122" hai1="133,132,24,64,53,19,15,55,38,42,106,101,97" hai2="2,130,43,110,48,69,129,59,75,21,44,77,4" hai3="12,31,112,76,96,7,120,85,124,72,34,127,23"/><T111/><D3/><U16/><E64/><V103/><F69/><W30/><G112/><T126/><D119/><U108/><E108/><V82/><F110/><W86/><G34/><T115/><D115/><U0/><E0/><V116/><F116/><W90/><G120/><T27/><D111/><U102/><E102/><V1/><F103/><W50/><G72/><T104/><D104/><U94/><E106/><V107/><F107/><W71/><G71/><T9/><D63/><U14/><E24/><V92/><F92/><W88/><G96/><T95/><D95/><U10/><E42/><V32/><F32/><W29/><G76/><T49/><D37/><U60/><E38/><V99/><F99/><W58/><G86/><T25/><D25/><U79/><E79/><V118/><F118/><W131/><G131/><N who="2" m="50185" /><F4/><W70/><G70/><T123/><D126/><N who="3" m="48169" /><G85/><T98/><D98/><U11/><REACH who="1" step="1"/><E60/><REACH who="1" ten="250,240,250,250" step="2"/><V125/><F125/><W51/><G50/><T33/><D123/><U80/><E80/><V5/><F82/><W78/><G78/><T87/><D33/><U74/><E74/><V52/><F77/><W68/><G68/><T83/><D122/><U18/><E18/><V22/><F75/><W117/><G117/><T84/><D83/><U47/><E47/><V40/><F44/><W54/><G7/><N who="0" m="3263" /><D121/><U109/><E109/><V93/><F5/><W114/><G114/><T62/><D61/><U91/><E91/><N who="3" m="34858" /><G12/><T73/><D73/><U26/><E26/><AGARI ba="0,1" hai="23,26,29,30,31,51,54,58" m="34858,48169" machi="26" ten="30,8000,1" yaku="18,1,52,3,54,1" doraHai="134" who="3" fromWho="1" sc="250,0,240,-80,250,0,250,90" /><INIT seed="1,0,0,4,4,7" ten="250,160,250,340" oya="1" hai0="125,49,38,3,35,95,76,108,86,34,130,90,67" hai1="103,30,134,8,52,62,74,80,20,70,47,54,16" hai2="31,81,9,71,84,89,109,33,100,131,10,73,25" hai3="29,45,6,18,43,37,19,69,46,87,114,53,94"/><U123/><E123/><V24/><F71/><W50/><G114/><T1/><D38/><U102/><E134/><V111/><F131/><W56/><G69/><T117/><D117/><U120/><E120/><V127/><F127/><W72/><G72/><T115/><D115/><U135/><E135/><V44/><F100/><N who="1" m="38441" /><E70/><V13/><F73/><W58/><G29/><T61/><D130/><U64/><E74/><V124/><F124/><W22/><G19/><T88/><D125/><U132/><E132/><V68/><F68/><W26/><G6/><T60/><D76/><U14/><E80/><V12/><F44/><W118/><G118/><T15/><D1/><U65/><E62/><V99/><F99/><W97/><G87/><T21/><D3/><U101/><E101/><AGARI ba="0,0" hai="18,22,26,37,43,45,46,50,53,56,58,94,97,101" machi="101" ten="30,1000,0" yaku="7,1" doraHai="7" who="3" fromWho="1" sc="250,0,160,-10,250,0,340,10" /><INIT seed="2,0,0,4,2,36" ten="250,150,250,350" oya="2" hai0="49,35,118,96,5,46,117,130,9,77,99,70,111" hai1="119,125,108,87,21,13,12,133,104,8,88,22,25" hai2="71,26,79,84,120,42,61,82,123,60,37,105,10" hai3="112,47,113,101,54,75,58,27,85,131,31,78,91"/><V114/><F114/><N who="3" m="44139" /><G131/><T4/><D70/><U128/><E119/><N who="0" m="45577" /><D35/><U89/><E108/><V103/><F26/><W95/><G101/><T20/><D111/><U116/><E116/><V106/><F10/><W1/><G1/><T98/><D130/><U65/><E128/><V3/><F3/><W6/><G6/><T81/><D20/><U28/><E104/><V109/><F109/><W0/><G0/><T93/><D9/><U62/><E133/><V121/><F103/><W74/><G78/><T17/><D17/><U107/><E107/><V55/><F71/><W68/><G68/><T14/><D14/><U69/><E125/><V90/><F79/><W94/><G94/><T52/><D93/><U102/><E102/><V115/><F115/><W41/><G54/><T24/><D24/><U7/><E87/><AGARI ba="0,0" hai="4,5,46,49,52,77,81,87,96,98,99" m="45577" machi="87" ten="30,2000,0" yaku="12,1,54,1" doraHai="36" who="0" fromWho="1" sc="250,20,150,-20,250,0,350,0" /><INIT seed="3,0,0,5,2,50" ten="270,130,250,350" oya="3" hai0="49,27,94,135,1,103,112,30,47,102,48,5,23" hai1="59,63,131,114,10,22,8,16,91,58,127,77,44" hai2="76,81,88,104,95,54,75,113,96,2,9,40,41" hai3="60,92,124,98,85,78,68,25,86,71,35,67,107"/><W73/><G124/><T121/><D121/><U42/><E127/><V51/><F113/><W14/><G71/><T130/><D112/><U26/><E114/><V134/><F134/><W32/><G14/><T101/><D135/><U64/><E131/><V100/><F9/><W82/><G35/><T62/><D130/><U83/><E91/><V20/><F20/><W115/><G115/><T21/><D1/><U0/><E0/><V89/><F2/><W118/><G118/><T11/><D11/><U87/><REACH who="1" step="1"/><E59/><REACH who="1" ten="270,120,250,350" step="2"/><N who="2" m="33247" /><F89/><W65/><G65/><T117/><D117/><U3/><E3/><V57/><F57/><W74/><G74/><T109/><D109/><U132/><E132/><V66/><F66/><W99/><G98/><T12/><D47/><U133/><E133/><V126/><F126/><W90/><G107/><T72/><D103/><U15/><E15/><V29/><F104/><W84/><G73/><T19/><D72/><U122/><E122/><V46/><F100/><W69/><G69/><T39/><D102/><U52/><E52/><V53/><F53/><W93/><G93/><T111/><D111/><U34/><E34/><V38/><F40/><W18/><G32/><T55/><D94/><U33/><E33/><V106/><F106/><W4/><G90/><T36/><D101/><U116/><E116/><V6/><F6/><W105/><G92/><T7/><D7/><U28/><E28/><V79/><F29/><W13/><G4/><T43/><D5/><U37/><AGARI ba="0,1" hai="8,10,16,22,26,37,42,44,58,63,64,77,83,87" machi="37" ten="20,8000,1" yaku="1,1,0,1,7,1,54,1,53,1" doraHai="50" doraHaiUra="17" who="1" fromWho="1" sc="270,-20,120,90,250,-20,350,-40" /><INIT seed="4,0,0,2,0,81" ten="250,210,230,310" oya="0" hai0="37,50,118,114,40,100,85,4,31,83,46,47,74" hai1="61,70,39,99,33,1,5,76,21,32,109,56,12" hai2="128,86,13,95,45,11,94,30,122,101,87,35,97" hai3="14,54,119,102,103,113,9,0,24,19,20,38,132"/><T43/><D118/><U71/><E39/><V3/><F3/><W60/><G38/><T130/><D74/><U127/><E109/><V78/><F122/><W15/><G119/><T53/><D114/><U62/><E127/><V28/><F128/><W117/><G117/><T7/><D130/><U88/><E1/><V120/><F120/><W23/><G113/><T72/><D72/><U79/><E33/><V18/><F35/><W96/><G0/><T65/><D100/><U77/><E32/><V69/><F69/><W125/><G125/><T67/><D31/><N who="2" m="11818" /><F78/><W89/><G132/><T123/><D123/><U27/><E71/><V55/><F95/><N who="3" m="56431" /><G20/><T48/><D37/><U126/><E126/><V93/><F94/><W80/><G80/><T90/><REACH who="0" step="1"/><D53/><REACH who="0" ten="240,210,230,310" step="2"/><U42/><E42/><V92/><F55/><W68/><G103/><T52/><D52/><U82/><E70/><V107/><F101/><W17/><G102/><T8/><D8/><U59/><E62/><V22/><F11/><W111/><G68/><T75/><D75/><U6/><E61/><V98/><F107/><W36/><G36/><T124/><D124/><U115/><E115/><V29/><F29/><W131/><G131/><T10/><D10/><U134/><E134/><V58/><F58/><N who="3" m="34903" /><G111/><T57/><D57/><U133/><E133/><V64/><F98/><W49/><G49/><T129/><D129/><U2/><E99/><V34/><F97/><W112/><G112/><T63/><D63/><U25/><E59/><V105/><F105/><W106/><G106/><T84/><D84/><N who="2" m="32298" /><F34/><W135/><G135/><RYUUKYOKU ba="0,1" sc="240,15,210,-15,230,-15,310,15" hai0="4,7,40,43,46,47,48,50,65,67,83,85,90" hai3="9,14,15,17,19,23,24" /><INIT seed="4,1,1,5,2,135" ten="255,195,215,325" oya="0" hai0="51,70,122,79,67,76,83,86,48,93,11,127,109" hai1="19,77,35,125,117,110,3,113,49,112,103,41,88" hai2="123,37,17,128,106,50,68,14,115,94,130,21,39" hai3="43,23,34,30,56,74,52,5,73,75,2,98,42"/><T85/><D122/><U118/><E110/><V53/><F106/><W105/><G34/><T28/><D109/><U15/><E3/><V18/><F123/><W97/><G2/><T69/><D28/><U24/><E103/><V95/><F68/><W4/><G5/><T25/><D25/><U22/><E77/><V46/><F115/><N who="1" m="44105" /><E125/><V61/><F61/><W0/><G0/><T132/><D132/><U64/><E64/><V62/><F62/><W27/><G4/><T7/><D67/><U47/><E88/><V120/><F120/><W80/><G80/><T92/><D83/><U131/><E131/><N who="2" m="50219" /><F18/><W20/><G20/><T40/><D7/><U45/><E45/><V107/><F107/><W96/><REACH who="3" step="1"/><G105/><REACH who="3" ten="255,195,215,315" step="2"/><T90/><D11/><N who="1" m="6655" /><E35/><V6/><F6/><W87/><G87/><T78/><D85/><U29/><AGARI ba="1,2" hai="22,24,29,41,47,49,117,118" m="6655,44105" machi="29" ten="30,2000,0" yaku="15,1,11,1" doraHai="135" who="1" fromWho="1" sc="255,-11,195,43,215,-6,315,-6" /><INIT seed="5,0,0,2,3,101" ten="244,238,209,309" oya="1" hai0="42,72,116,47,126,23,93,106,98,66,65,90,21" hai1="24,29,96,35,43,51,11,1,97,37,45,7,128" hai2="12,85,48,79,111,82,46,114,133,125,0,99,91" hai3="81,26,50,70,64,122,13,71,9,130,62,6,107"/><U39/><REACH who="1" step="1"/><E128/><REACH who="1" ten="244,228,209,309" step="2"/><V59/><F125/><W109/><G130/><T44/><D126/><U83/><E83/><V60/><F82/><W25/><G122/><T53/><D116/><U68/><E68/><V14/><F133/><W124/><G71/><T34/><D72/><U19/><E19/><V16/><F16/><W121/><G124/><T8/><D106/><U2/><E2/><V61/><F0/><W104/><G121/><T123/><D123/><U118/><E118/><V20/><F111/><W80/><G109/><T27/><D93/><U89/><E89/><V112/><F91/><W110/><G110/><T40/><D90/><U127/><E127/><V49/><F114/><W120/><G120/><T28/><D28/><U17/><E17/><V10/><F112/><W18/><G81/><T38/><D47/><U84/><E84/><V15/><F85/><W58/><G80/><T119/><D44/><U115/><E115/><V63/><F46/><W3/><G26/><T76/><D119/><U54/><E54/><V135/><F135/><W134/><G25/><T41/><D53/><U86/><E86/><V113/><F113/><W95/><G95/><T33/><D27/><U75/><E75/><V132/><F132/><W30/><G30/><T105/><D105/><U57/><E57/><V55/><F59/><W74/><G74/><T32/><D76/><U88/><E88/><V22/><F79/><W4/><G134/><T67/><D98/><AGARI ba="0,1" hai="1,7,11,24,29,35,37,39,43,45,51,96,97,98" machi="98" ten="40,3900,0" yaku="21,2,53,0" doraHai="101" doraHaiUra="87" who="1" fromWho="0" sc="244,-39,228,49,209,0,309,0" /><INIT seed="5,1,0,3,1,125" ten="205,277,209,309" oya="1" hai0="91,1,88,89,115,106,7,77,11,29,34,46,50" hai1="24,38,28,59,41,33,20,126,117,54,21,32,120" hai2="114,18,48,109,99,100,47,6,56,64,16,57,53" hai3="3,55,79,101,5,25,103,87,2,65,129,111,73"/><U107/><E120/><V112/><F109/><W61/><G129/><T74/><D106/><U90/><E117/><V95/><F6/><W118/><G111/><T68/><D68/><U44/><E126/><V43/><F64/><W132/><G73/><T4/><D115/><N who="2" m="44074" /><F57/><W35/><G55/><T128/><D128/><U26/><E107/><V84/><F84/><W13/><G13/><T135/><D135/><U45/><E45/><V37/><AGARI ba="1,0" hai="16,18,37,43,47,48,53,56,95,99,100" m="44074" machi="37" ten="30,4000,0" yaku="15,1,11,1,54,1" doraHai="125" who="2" fromWho="2" sc="205,-11,277,-21,209,43,309,-11" /><INIT seed="6,0,0,5,5,86" ten="194,256,252,298" oya="2" hai0="116,15,9,67,28,19,111,125,29,37,49,77,127" hai1="85,98,36,60,87,70,74,90,16,93,119,106,35" hai2="1,95,33,64,112,13,55,102,30,42,113,23,133" hai3="105,24,63,14,43,51,44,73,45,31,120,104,54"/><V41/><F1/><W18/><G120/><T91/><D37/><U83/><E119/><V52/><F64/><W47/><G73/><T101/><D111/><U50/><E36/><V62/><F33/><W68/><G68/><T20/><D116/><U94/><E35/><V126/><F126/><N who="0" m="48138" /><D101/><U22/><E106/><V78/><F78/><W38/><G47/><T134/><D134/><U65/><E74/><V110/><F133/><W135/><G63/><T53/><D77/><U96/><E50/><V66/><F110/><W115/><G115/><N who="2" m="44105" /><F95/><W108/><G108/><T103/><D103/><U3/><E3/><V7/><F102/><W117/><G117/><T58/><D67/><U48/><E48/><V56/><F7/><W88/><G135/><T61/><D61/><U11/><E83/><V34/><F34/><W4/><G4/><N who="0" m="3495" /><D91/><U100/><E11/><V132/><F132/><W2/><G88/><T109/><D109/><U25/><AGARI ba="0,0" hai="16,22,25,60,65,70,85,87,90,93,94,96,98,100" machi="25" ten="20,5200,0" yaku="0,1,7,1,52,1,54,1" doraHai="86" who="1" fromWho="1" sc="194,-13,256,52,252,-26,298,-13" /><INIT seed="7,0,0,3,2,13" ten="181,308,226,285" oya="3" hai0="27,63,120,47,1,102,54,58,104,106,88,108,109" hai1="20,99,16,83,0,4,12,36,78,52,51,37,33" hai2="93,96,82,53,57,31,50,89,134,130,135,41,103" hai3="84,119,21,132,127,62,30,25,110,17,113,114,92"/><W90/><G119/><T118/><D1/><U112/><E33/><V131/><F31/><W97/><G110/><T107/><D118/><U95/><E4/><V100/><F41/><W125/><G132/><N who="2" m="50729" /><F82/><N who="3" m="49431" /><G30/><T71/><D120/><U56/><E0/><V39/><F39/><W94/><G62/><T121/><D121/><U10/><E10/><V18/><F18/><W3/><G3/><T79/><D79/><U28/><E28/><V129/><AGARI ba="0,0" hai="50,53,57,89,93,96,100,103,129,130,131" m="50729" machi="129" ten="40,2700,0" yaku="19,1,20,1" doraHai="13" who="2" fromWho="2" sc="181,-7,308,-7,226,27,285,-13" owari="174,-33.0,301,41.0,253,-15.0,272,7.0" /></mjloggm>