<mjloggm ver="2.3"><GO type="169" lobby="0"/><UN n0="%E3%82%A6%E3%83%AB%E3%83%88%E3%83%A9%E7%AB%8B%E7%9B%B4" n1="%E6%99%82%E9%9B%A8%E6%A1%9C%28%E7%9C%9F%29" n2="%E3%81%94%E3%81%86%EF%BC%AA%EF%BC%B0%EF%BC%AE" n3="%E3%83%9C%E3%83%A4%E3%83%83%E3%82%AD%E3%83%BC" dan="17,16,16,16" rate="2174.36,2024.65,2139.19,2088.45" sx="M,M,M,M"/><TAIKYOKU oya="0"/><INIT seed="0,0,0,4,5,34" ten="250,250,250,250" oya="0" hai0="49,79,25,77,97,117,115,55,45,125,114,60,62" hai1="105,112,39,57,9,36,7,73,3,108,15,95,23" hai2="78,126,33,109,31,40,134,101,65,48,81,130,47" hai3="58,16,46,51,17,106,44,70,88,2,8,26,52"/><T85/><D117/><U91/><E105/><V22/><F109/><W118/><G118/><T50/><D125/><U84/><E108/><V19/><F134/><W94/><G70/><T113/><D97/><U76/><E76/><V93/><F130/><W6/><G106/><T80/><D77/><U124/><E124/><V0/><F126/><W11/><G17/><T20/><REACH who="0" step="1"/><D50/><REACH who="0" ten="240,250,250,250" step="2"/><U54/><E112/><V13/><F65/><W30/><G11/><T111/><D111/><U96/><E96/><V82/><F78/><W120/><G120/><T131/><D131/><U63/><E73/><V64/><F64/><W21/><REACH who="3" step="1"/><G30/><AGARI ba="0,1" hai="20,25,30,45,49,55,60,62,79,80,85,113,114,115" machi="30" ten="40,2000,0" yaku="1,1,53,0" doraHai="34" doraHaiUra="67" who="0" fromWho="3" sc="240,30,250,0,250,0,250,-20" /><INIT seed="0,1,0,5,2,65" ten="270,250,250,230" oya="0" hai0="109,20,49,5,44,84,100,32,46,133,3,101,73" hai1="37,121,96,85,28,22,71,41,26,23,122,74,24" hai2="40,48,45,86,67,54,98,120,62,134,19,7,99" hai3="128,13,43,124,4,83,63,111,123,70,58,125,10"/><T132/><D73/><U57/><E74/><V53/><F120/><W130/><G123/><T78/><D32/><U31/><E85/><V39/><F134/><N who="0" m="51818" /><D5/><U18/><E57/><V110/><F110/><W29/><G29/><T113/><D3/><U25/><E96/><V47/><F54/><W118/><G118/><T14/><D113/><U94/><E94/><V6/><F19/><W76/><G111/><T12/><D109/><U61/><E26/><V15/><F86/><W95/><G95/><T126/><D126/><N who="3" m="48745" /><G43/><T1/><D1/><U64/><E18/><V127/><F127/><W116/><G116/><T60/><D60/><U97/><E97/><V16/><F99/><W17/><G4/><T104/><D104/><U77/><E77/><V93/><F93/><W52/><G70/><T0/><D0/><U79/><E79/><V55/><F55/><W51/><G63/><T131/><D131/><N who="3" m="50217" /><G76/><T106/><D106/><U72/><E72/><V66/><F98/><W80/><AGARI ba="1,0" hai="10,13,17,51,52,58,80,83" m="50217,48745" machi="80" ten="40,5200,0" yaku="18,1,19,1,54,1" doraHai="65" who="3" fromWho="3" sc="270,-27,250,-14,250,-14,230,55" /><INIT seed="1,0,0,3,1,54" ten="243,236,236,285" oya="1" hai0="17,93,87,49,38,91,25,41,40,15,31,83,14" hai1="11,108,2,48,77,56,26,45,90,76,34,105,44" hai2="39,23,82,131,61,62,6,117,115,71,67,59,113" hai3="122,94,124,135,53,4,86,96,132,33,111,101,128"/><U35/><E105/><V110/><F6/><W43/><G122/><T50/><D38/><U36/><E36/><V68/><F23/><W9/><G111/><T88/><D25/><U42/><E2/><V89/><F82/><W107/><G33/><T79/><D31/><U27/><E108/><V85/><F89/><N who="0" m="34378" /><D93/><U106/><E106/><V22/><F85/><W0/><G86/><T112/><D112/><N who="2" m="43082" /><F22/><W24/><G43/><N who="0" m="16459" /><D15/><U69/><E69/><N who="2" m="26699" /><F117/><W7/><G107/><T52/><D52/><U74/><E74/><V8/><F8/><AGARI ba="0,0" hai="8,14,17,49,50,79,83,87" m="16459,34378" machi="8" ten="30,2000,0" yaku="8,1,54,1" doraHai="54" who="0" fromWho="2" sc="243,20,236,0,236,-20,285,0" /><INIT seed="2,0,0,4,0,85" ten="263,236,216,285" oya="2" hai0="46,32,91,5,44,71,17,78,40,1,89,133,118" hai1="124,22,113,4,15,23,74,107,70,56,77,127,57" hai2="81,96,34,83,73,59,38,103,72,61,33,135,43" hai3="37,129,35,14,26,123,54,67,0,120,108,24,117"/><V65/><F135/><W114/><G37/><T110/><D32/><U16/><E107/><V86/><F38/><W111/><G67/><T58/><D71/><U64/><E4/><V131/><F43/><W21/><G54/><T119/><D133/><U30/><E113/><V100/><F100/><W116/><G129/><T97/><D110/><N who="3" m="42025" /><G0/><T106/><D78/><U80/><E70/><V122/><F122/><N who="3" m="46635" /><G14/><T41/><D58/><U53/><E64/><V28/><F131/><W6/><G6/><T93/><D106/><U87/><E74/><V2/><F2/><W94/><G94/><N who="0" m="56527" /><D5/><U18/><E30/><V7/><F7/><W66/><G66/><T92/><D1/><U112/><E112/><V90/><F28/><W102/><G102/><T45/><D93/><U68/><E68/><V115/><F115/><W128/><G128/><T36/><D36/><U88/><E77/><V95/><REACH who="2" step="1"/><F72/><REACH who="2" ten="263,236,206,285" step="2"/><W130/><G130/><T47/><D40/><U125/><REACH who="1" step="1"/><E53/><REACH who="1" ten="263,226,206,285" step="2"/><V99/><F99/><W55/><G114/><T49/><D41/><U132/><E132/><V48/><F48/><W3/><G55/><T69/><D49/><U9/><E9/><V39/><F39/><W19/><G3/><T11/><D11/><U27/><AGARI ba="0,2" hai="15,16,18,22,23,27,56,57,80,87,88,124,125,127" machi="27" ten="30,12000,2" yaku="1,1,0,1,18,1,52,1,54,2,53,1" doraHai="85" doraHaiUra="10" who="1" fromWho="1" sc="263,-30,226,140,206,-60,285,-30" /><INIT seed="3,0,0,0,1,67" ten="233,366,146,255" oya="3" hai0="91,8,62,104,106,131,56,37,83,33,122,111,89" hai1="7,41,123,1,55,21,34,99,6,96,43,102,44" hai2="76,125,22,24,108,70,133,51,105,18,26,29,134" hai3="115,72,13,94,74,92,75,64,27,109,80,45,36"/><W15/><G115/><T84/><D37/><U2/><E34/><V38/><F38/><W32/><G64/><T135/><D33/><U17/><E55/><V47/><F108/><W88/><G109/><T114/><D111/><U128/><E128/><V97/><F125/><W4/><G4/><T39/><D39/><U93/><E99/><V85/><F70/><W77/><G94/><T81/><D131/><U11/><E44/><V129/><F129/><W86/><G32/><T69/><D69/><U61/><E61/><V66/><F66/><W14/><G27/><T3/><D135/><U120/><E120/><V50/><F76/><W16/><REACH who="3" step="1"/><G16/><REACH who="3" ten="233,366,146,245" step="2"/><T98/><D114/><U113/><E113/><V117/><F117/><W30/><G30/><T35/><D35/><U119/><E119/><V12/><F26/><W31/><G31/><T49/><D8/><U78/><E11/><V59/><F134/><W63/><G63/><T23/><D62/><U127/><E7/><V46/><F133/><W130/><G130/><T100/><D23/><U42/><E21/><V107/><F24/><W53/><G53/><T10/><D10/><U116/><E17/><V28/><F29/><W71/><G71/><T118/><D118/><U126/><E6/><V103/><F28/><W25/><G25/><T52/><D52/><U132/><E116/><V90/><F18/><W79/><G79/><T57/><D106/><U68/><E78/><V0/><F107/><W110/><G110/><T60/><D104/><U58/><E93/><V112/><F112/><W40/><AGARI ba="0,1" hai="13,14,15,36,40,45,72,74,75,77,80,86,88,92" machi="40" ten="30,11700,0" yaku="1,1,0,1,54,1,53,1" doraHai="67" doraHaiUra="73" who="3" fromWho="3" sc="233,-39,366,-39,146,-39,245,127" /><INIT seed="3,1,0,3,2,118" ten="194,327,107,372" oya="3" hai0="53,119,58,27,30,90,134,39,99,117,121,54,40" hai1="15,33,9,103,63,26,0,67,22,20,129,93,23" hai2="13,126,91,108,73,57,42,48,95,113,41,35,36" hai3="7,122,45,10,97,2,106,132,52,125,96,50,44"/><W68/><G68/><T55/><D90/><U61/><E0/><V102/><F113/><W32/><G32/><T62/><D99/><N who="1" m="59887" /><E129/><V109/><F36/><W100/><G132/><T89/><D89/><U6/><E33/><V60/><F126/><W43/><G125/><T12/><D12/><U127/><E127/><V4/><F35/><W70/><G70/><T56/><D27/><U78/><E78/><V28/><F28/><W38/><REACH who="3" step="1"/><G97/><REACH who="3" ten="194,327,107,362" step="2"/><T128/><D134/><U77/><E67/><V21/><F109/><W8/><G8/><T25/><D119/><U86/><E26/><V66/><F108/><W116/><G116/><T19/><D25/><U107/><E107/><V1/><F1/><W94/><G94/><T115/><D117/><U46/><E46/><V88/><F21/><W80/><G80/><AGARI ba="1,1" hai="6,9,15,20,22,23,61,63,77,80,86" m="59887" machi="80" ten="30,1000,0" yaku="8,1" doraHai="118" who="1" fromWho="3" sc="194,0,327,23,107,0,362,-13" /><INIT seed="4,0,0,1,4,6" ten="194,350,107,349" oya="0" hai0="5,21,119,70,77,19,59,4,28,27,65,132,85" hai1="3,97,86,110,7,69,18,8,34,38,41,45,61" hai2="91,2,126,62,12,95,89,10,0,80,29,11,66" hai3="14,125,124,71,50,118,75,57,117,98,131,67,72"/><T60/><D132/><U103/><E86/><V9/><F126/><N who="3" m="48747" /><G14/><T116/><D70/><U52/><E110/><V79/><F29/><W55/><G98/><T20/><D119/><N who="3" m="45577" /><G131/><T99/><D116/><U96/><E34/><V94/><F12/><W83/><G83/><N who="0" m="47343" /><D99/><U16/><E96/><V134/><F134/><W49/><G49/><T58/><D58/><U30/><E30/><V73/><F94/><W106/><G106/><T111/><D111/><U109/><E109/><V107/><F107/><W1/><G1/><T78/><D78/><U43/><E41/><V36/><F36/><W74/><G74/><T35/><D35/><U17/><E17/><V42/><F42/><W120/><G120/><T127/><D127/><U68/><E69/><V87/><REACH who="2" step="1"/><F91/><REACH who="2" ten="194,350,97,349" step="2"/><W102/><G102/><T44/><D28/><U121/><E121/><V53/><F53/><W101/><G101/><T15/><D15/><U130/><E52/><V100/><F100/><W23/><G23/><T122/><D21/><U112/><E130/><V64/><F64/><W114/><G114/><T25/><D122/><U39/><E112/><V48/><F48/><W92/><G92/><T88/><D88/><U108/><E39/><V33/><F33/><W128/><G128/><T13/><D27/><U113/><E113/><V84/><F84/><W81/><G81/><T133/><D133/><U47/><E108/><V24/><F24/><W31/><G31/><T135/><D135/><U26/><E26/><V82/><F82/><W46/><G71/><AGARI ba="0,1" hai="0,2,9,10,11,62,66,71,73,79,80,87,89,95" machi="71" ten="40,8000,1" yaku="1,1,52,3,53,0" doraHai="6" doraHaiUra="93" who="2" fromWho="3" sc="194,0,350,0,97,90,349,-80" /><INIT seed="5,0,0,1,3,11" ten="194,350,187,269" oya="1" hai0="89,110,125,113,77,62,126,13,78,33,22,117,133" hai1="95,47,6,44,98,130,20,18,17,34,64,75,112" hai2="51,79,87,66,119,5,134,67,43,108,38,129,86" hai3="73,105,80,131,94,39,118,61,68,50,116,102,53"/><U88/><E75/><V30/><F108/><W27/><G39/><T101/><D33/><U132/><E130/><V103/><F119/><W124/><G131/><T121/><D117/><U63/><E34/><V54/><F129/><W114/><G114/><T23/><D110/><U71/><E132/><V4/><F134/><W82/><G124/><N who="0" m="47723" /><D133/><U93/><E6/><V58/><F30/><W7/><G105/><T28/><D101/><U65/><E65/><V92/><F38/><W55/><G73/><T59/><D113/><U21/><E93/><V19/><F43/><W83/><G7/><T8/><D89/><U56/><E71/><V127/><F127/><W104/><G104/><T0/><D0/><U48/><E48/><V42/><F42/><W135/><G135/><T57/><D57/><U74/><E74/><V90/><F103/><W91/><G102/><T36/><D36/><U123/><E112/><V35/><F35/><W24/><G118/><T46/><D46/><N who="1" m="17451" /><E123/><V72/><F72/><W2/><G2/><T40/><D40/><U3/><E3/><V70/><F70/><W97/><G116/><T52/><D121/><U49/><E49/><V115/><F115/><W106/><G106/><T32/><D32/><U31/><E31/><V84/><F79/><N who="0" m="30218" /><D28/><U29/><E29/><V15/><F67/><W37/><G37/><T12/><D8/><U81/><E81/><V41/><F66/><W120/><G120/><T69/><D69/><U109/><E109/><V1/><F41/><W107/><G107/><T96/><D96/><U60/><E98/><N who="2" m="57623" /><F1/><W25/><G50/><RYUUKYOKU ba="0,0" sc="194,10,350,-30,187,10,269,10" hai0="12,13,22,23,52,59,62" hai2="4,5,15,19,51,54,58,84,86,87" hai3="24,25,27,53,55,61,68,80,82,83,91,94,97" /><INIT seed="6,1,0,5,0,24" ten="204,320,197,279" oya="2" hai0="16,71,106,41,102,6,101,127,135,45,87,77,76" hai1="8,2,96,4,65,27,52,93,35,7,97,25,0" hai2="85,73,117,130,29,54,111,121,66,98,58,126,70" hai3="122,34,50,53,116,91,1,94,68,64,123,132,31"/><V67/><F73/><W44/><G1/><T23/><D71/><U11/><E65/><V17/><F121/><W99/><G132/><T92/><D106/><U80/><E80/><V19/><F117/><W118/><G118/><T15/><D127/><U51/><E35/><V38/><F38/><W57/><G116/><T74/><D135/><U103/><E96/><V134/><F134/><W30/><G34/><T26/><D74/><U60/><E60/><V107/><F130/><W28/><REACH who="3" step="1"/><G68/><REACH who="3" ten="204,320,197,269" step="2"/><T133/><D133/><U115/><E115/><V79/><F126/><W108/><G108/><T82/><D77/><U61/><E61/><AGARI ba="1,1" hai="28,30,31,44,50,53,57,61,64,91,94,99,122,123" machi="61" ten="40,8000,1" yaku="1,1,52,3,53,1" doraHai="24" doraHaiUra="86" who="3" fromWho="1" sc="204,0,320,-83,197,0,269,93" /><INIT seed="7,0,0,5,3,7" ten="204,237,197,362" oya="3" hai0="27,20,38,21,46,14,67,53,122,61,112,54,26" hai1="124,86,39,101,83,40,72,63,68,1,94,0,77" hai2="95,48,15,117,80,9,120,90,129,62,96,88,79" hai3="35,4,133,52,82,3,130,59,2,125,104,116,19"/><W47/><G104/><T29/><D122/><U75/><E124/><V25/><F117/><W107/><G107/><T23/><D112/><U58/><E68/><V110/><F110/><W115/><G115/><T45/><D38/><U132/><E132/><V108/><F108/><W89/><G35/><T33/><D14/><U69/><E69/><V84/><F129/><W28/><G28/><N who="0" m="17487" /><D33/><U30/><E30/><V111/><F111/><W12/><G116/><T98/><D23/><U22/><E22/><V131/><F131/><W109/><G109/><T81/><D81/><U16/><E40/><V123/><F62/><W11/><G47/><N who="0" m="17931" /><D98/><U31/><E31/><V43/><F43/><W17/><G130/><T106/><D106/><U44/><E39/><V93/><F48/><W105/><G105/><T42/><D42/><U99/><E44/><V13/><F25/><W87/><G133/><T78/><D78/><U18/><E0/><V32/><F32/><W127/><G19/><T102/><D102/><U85/><E1/><V51/><F51/><N who="3" m="31135" /><G4/><T71/><D71/><U126/><E126/><AGARI ba="0,0" hai="2,3,11,12,17,82,87,89,125,126,127" m="31135" machi="126" ten="30,5800,0" yaku="18,1,52,1,54,1" doraHai="7" who="3" fromWho="1" sc="204,0,237,-58,197,0,362,58" owari="204,0.0,179,-32.0,197,-20.0,420,52.0" /></mjloggm>