<mjloggm ver="2.3"><GO type="97" lobby="0"/><UN n0="%E5%B0%B1%E6%B4%BB%E7%94%9F%40%E5%B7%9D%E6%9D%91%E8%BB%8D%E5%9B%A3" n1="%E3%82%82%E3%82%93%E5%A4%AA" n2="%75%6F%6B%6B%61%34%39%34" n3="%E3%83%AA%E3%83%AA%EF%BC%8D%E3%83%8A" dan="14,13,14,13" rate="1972.67,1926.73,1887.17,1888.50" sx="M,M,M,F"/><TAIKYOKU oya="0"/><INIT seed="0,0,0,2,4,42" ten="250,250,250,250" oya="0" hai0="25,120,50,24,107,30,94,70,130,128,106,43,123" hai1="132,61,131,62,54,75,77,57,63,32,114,18,84" hai2="126,127,45,115,16,83,55,72,56,86,69,65,124" hai3="135,1,7,2,79,100,46,40,93,47,125,111,21"/><T26/><D70/><U88/><E32/><V92/><F115/><W122/><G125/><T35/><D43/><U4/><E114/><V48/><F72/><W91/><G122/><N who="0" m="46635" /><D50/><U129/><E77/><N who="2" m="46447" /><F92/><W95/><G111/><T3/><D94/><U44/><E75/><V39/><F16/><W81/><G135/><T53/><D53/><U20/><E132/><V34/><F34/><W23/><G1/><T22/><D3/><U36/><E4/><V60/><F39/><W49/><G2/><T82/><D82/><U11/><E11/><V12/><F12/><W64/><G64/><T15/><D107/><U14/><E57/><AGARI ba="0,0" hai="45,48,55,56,57,60,65,69,124,126,127" m="46447" machi="57" ten="30,2000,0" yaku="18,1,52,1" doraHai="42" who="2" fromWho="1" sc="250,0,250,-20,250,20,250,0" /><INIT seed="1,0,0,3,2,0" ten="250,230,270,250" oya="1" hai0="64,66,69,2,100,124,40,82,47,5,120,3,7" hai1="127,76,101,123,118,96,119,102,91,61,22,63,53" hai2="13,11,107,50,93,14,4,21,99,86,46,65,38" hai3="70,30,105,41,132,34,16,88,126,83,48,10,26"/><U75/><E123/><V130/><F38/><W131/><G105/><T58/><D120/><U115/><E115/><V87/><F107/><W28/><G126/><T116/><D116/><U52/><E127/><V33/><F33/><W62/><G131/><T135/><D124/><U71/><E119/><V37/><F37/><W79/><G132/><T133/><D100/><U68/><E118/><V36/><F36/><W103/><G103/><T73/><D69/><U15/><E76/><V8/><F21/><W109/><G109/><T113/><D113/><U98/><E75/><V84/><F130/><W42/><G70/><T67/><D58/><U17/><E71/><V104/><F104/><W49/><G30/><T97/><D97/><N who="1" m="37483" /><E68/><V6/><F65/><W1/><G62/><N who="1" m="23562" /><E91/><N who="2" m="53479" /><F99/><W81/><G79/><N who="0" m="44399" /><D3/><U92/><E92/><V57/><F57/><W72/><G72/><T85/><D85/><U18/><E102/><V39/><F39/><W78/><G78/><T56/><D56/><U114/><E114/><V90/><F90/><W29/><G88/><T121/><D2/><U45/><E101/><V27/><F27/><W25/><G1/><T23/><D121/><U9/><E45/><V134/><F134/><N who="0" m="51210" /><D47/><U89/><E89/><V122/><F122/><W129/><G129/><T94/><D94/><U59/><E59/><V95/><F95/><W24/><G34/><T32/><D32/><U74/><E74/><V44/><F44/><W20/><G26/><AGARI ba="0,0" hai="9,15,17,18,22,26,52,53" m="23562,37483" machi="26" ten="30,2900,0" yaku="8,1,54,1" doraHai="0" who="1" fromWho="3" sc="250,0,230,29,270,0,250,-29" /><INIT seed="1,1,0,2,1,66" ten="250,259,270,221" oya="1" hai0="34,54,44,23,134,131,91,110,100,4,94,69,68" hai1="126,36,103,30,125,84,24,50,88,116,98,93,62" hai2="80,102,78,92,129,64,121,81,27,8,32,59,45" hai3="107,0,113,87,53,77,10,3,58,65,119,115,85"/><U75/><E36/><V74/><F121/><W118/><G107/><T105/><D34/><U61/><E75/><V117/><F117/><N who="3" m="44555" /><G65/><T31/><D131/><U96/><E116/><V13/><F129/><W90/><G77/><T21/><D110/><U2/><E2/><N who="3" m="554" /><G10/><T97/><D134/><U60/><E50/><V114/><F114/><N who="3" m="43531" /><G90/><T51/><D4/><U108/><E108/><V89/><F102/><W39/><G39/><T1/><D1/><U95/><REACH who="1" step="1"/><E98/><REACH who="1" ten="250,249,270,221" step="2"/><V56/><F74/><W70/><G70/><T6/><D6/><U5/><E5/><V82/><F78/><W55/><G58/><T9/><D69/><U47/><E47/><V111/><F45/><W128/><G128/><T42/><D68/><U63/><N who="1" m="15872" /><DORA hai="130" /><U101/><E101/><V49/><F56/><W14/><G14/><T41/><D100/><U52/><E52/><AGARI ba="1,1" hai="52,53,55,85,87" m="43531,554,44555" machi="52" ten="40,8000,1" yaku="28,2,12,1,54,1" doraHai="66,130" who="3" fromWho="1" sc="250,0,249,-83,270,0,221,93" /><INIT seed="2,0,0,4,2,13" ten="250,166,270,314" oya="2" hai0="59,110,129,127,109,45,27,52,64,90,105,119,70" hai1="6,125,43,50,33,84,99,107,81,115,1,48,108" hai2="77,91,22,41,62,58,32,20,78,47,54,34,56" hai3="73,68,72,71,120,134,37,92,15,44,126,83,74"/><V128/><F128/><W17/><G120/><T117/><D105/><U96/><E33/><V118/><F118/><N who="0" m="45066" /><D129/><U121/><E115/><V31/><F22/><W69/><G126/><T12/><D27/><U124/><E121/><V2/><F2/><W16/><G134/><T11/><D127/><U122/><E122/><V131/><F131/><W130/><G130/><T123/><D123/><U55/><E108/><N who="0" m="41577" /><D90/><U7/><E107/><V113/><F113/><W88/><G83/><T24/><D24/><U26/><E26/><V66/><F20/><W23/><G17/><N who="0" m="8351" /><D45/><U53/><E81/><V36/><F32/><W49/><G37/><T98/><D98/><U67/><E84/><V82/><F31/><W61/><G61/><N who="0" m="36071" /><D64/><U60/><E60/><V30/><F30/><W89/><REACH who="3" step="1"/><G92/><REACH who="3" ten="250,166,270,304" step="2"/><T116/><D116/><U94/><E94/><V65/><F34/><W112/><G112/><T104/><D104/><U79/><E125/><V100/><F82/><W8/><G8/><T63/><D63/><U103/><E124/><V25/><F62/><W4/><G4/><T135/><D135/><U29/><E7/><V46/><F36/><W3/><G3/><T40/><D70/><U9/><E6/><V14/><F77/><W114/><G114/><T132/><D132/><U21/><E79/><V5/><F78/><W80/><G80/><T28/><D28/><U111/><E29/><V95/><F5/><W75/><N who="3" m="18944" /><DORA hai="38" /><W87/><G87/><T0/><D0/><U10/><E111/><V85/><F85/><W19/><G19/><T18/><D18/><U97/><E1/><RYUUKYOKU ba="0,1" sc="250,15,166,-15,270,-15,304,15" hai0="40" hai3="15,16,23,44,49,68,69,71,88,89" /><INIT seed="3,1,1,2,0,129" ten="265,151,255,319" oya="3" hai0="125,33,102,78,100,41,51,112,73,30,61,135,2" hai1="72,124,82,95,43,83,20,132,104,80,88,59,94" hai2="34,106,131,47,23,68,19,117,8,60,32,10,85" hai3="0,46,115,134,58,103,101,116,118,133,54,67,16"/><W5/><G115/><T81/><D2/><U35/><E35/><V113/><F106/><W77/><G77/><T84/><D112/><U1/><E1/><V6/><F113/><W18/><G67/><T91/><D125/><U37/><E37/><V64/><F117/><N who="3" m="45163" /><G46/><T26/><D135/><N who="3" m="51721" /><G5/><T114/><D114/><U87/><E104/><V120/><F131/><W22/><G0/><T119/><D61/><U108/><E132/><V92/><F120/><W65/><G65/><T62/><D62/><U17/><E124/><V48/><F6/><W11/><G11/><T122/><D122/><U42/><E108/><V57/><F8/><W45/><G45/><T12/><D119/><U9/><E9/><V93/><F10/><W27/><G18/><T56/><D78/><U15/><E72/><V66/><F66/><W105/><G105/><T111/><D73/><U28/><E28/><V14/><F57/><W63/><AGARI ba="1,1" hai="16,22,27,54,58,63,101,103" m="51721,45163" machi="63" ten="30,12000,1" yaku="20,1,52,3,54,1" doraHai="129" who="3" fromWho="3" sc="265,-41,151,-41,255,-41,319,133" owari="224,2.0,110,-39.0,214,-19.0,452,56.0" /></mjloggm>