<mjloggm ver="2.3"><GO type="169" lobby="0"/><UN n0="%E3%81%BE%E3%81%AA%E3%81%84%E3%81%9F%E3%82%88%E3%81%86%E3%81%98%E3%82%87" n1="%E7%B4%85%E3%81%84%E7%9E%B3%E3%81%AE%E6%AD%A6%E4%B8%B8" n2="%E5%B0%B1%E6%B4%BB%E7%94%9F%40%E5%B7%9D%E6%9D%91%E8%BB%8D%E5%9B%A3" n3="%E9%9C%8D%E9%9D%92%E5%A8%A5" dan="16,17,16,16" rate="2077.74,2111.82,2054.91,2071.79" sx="M,M,M,F"/><TAIKYOKU oya="0"/><INIT seed="0,0,0,4,5,28" ten="250,250,250,250" oya="0" hai0="19,37,97,85,24,31,52,79,13,45,119,128,107" hai1="15,40,124,39,6,55,129,70,29,66,50,88,106" hai2="58,27,91,100,125,71,94,102,5,64,26,126,74" hai3="116,130,12,92,122,77,67,49,0,56,53,23,78"/><T105/><D119/><U123/><E123/><V7/><F74/><W59/><G116/><T96/><D107/><U131/><E106/><V62/><F71/><W93/><G0/><T2/><D2/><U81/><E124/><N who="2" m="47723" /><F27/><W117/><G117/><T111/><D128/><U83/><E29/><V103/><F26/><W132/><G130/><T69/><D69/><U35/><E35/><V44/><F44/><W89/><G122/><T18/><D37/><U16/><E6/><V135/><F135/><W47/><G132/><T118/><D118/><U65/><E40/><V109/><F109/><W98/><G93/><T14/><D105/><U8/><E39/><V46/><F46/><W99/><G99/><AGARI ba="0,0" hai="5,7,58,62,64,91,94,99,100,102,103" m="47723" machi="99" ten="30,1000,0" yaku="18,1" doraHai="28" who="2" fromWho="3" sc="250,0,250,0,250,10,250,-10" /><INIT seed="1,0,0,3,0,57" ten="250,250,260,240" oya="1" hai0="106,103,67,26,119,9,83,8,98,43,28,13,92" hai1="1,81,50,94,46,51,41,86,52,116,78,10,129" hai2="39,96,21,118,69,63,121,40,102,23,35,27,75" hai3="68,38,53,99,36,134,93,107,117,18,108,30,4"/><U5/><E129/><V82/><F118/><W19/><G117/><T131/><D119/><U6/><E116/><V114/><F114/><W122/><G122/><T113/><D113/><U132/><E132/><V84/><F35/><W74/><G134/><T3/><D131/><U0/><E94/><V91/><F75/><W100/><G108/><T29/><D43/><U71/><E71/><V42/><F39/><W128/><G128/><T125/><D125/><U2/><REACH who="1" step="1"/><E6/><REACH who="1" ten="250,240,260,240" step="2"/><V109/><F121/><W80/><G68/><T90/><D92/><U24/><E24/><V64/><F109/><W7/><G7/><T32/><D26/><U85/><E85/><V95/><REACH who="2" step="1"/><F23/><REACH who="2" ten="250,240,250,240" step="2"/><W37/><G74/><T72/><D72/><U133/><E133/><V124/><F124/><W135/><G135/><T77/><D32/><U44/><AGARI ba="0,2" hai="0,1,2,5,10,41,44,46,50,51,52,78,81,86" machi="44" ten="20,18000,2" yaku="1,1,0,1,7,1,54,1,53,3" doraHai="57" doraHaiUra="34" who="1" fromWho="1" sc="250,-60,240,200,250,-60,240,-60" /><INIT seed="1,1,0,3,3,109" ten="190,440,190,180" oya="1" hai0="56,85,69,127,83,125,113,89,122,46,58,28,110" hai1="63,3,1,126,100,88,8,59,105,96,36,128,94" hai2="27,16,87,41,51,117,30,23,54,22,114,4,2" hai3="65,26,76,70,35,10,18,102,92,9,134,25,40"/><U93/><E36/><V112/><F117/><W38/><G134/><T104/><D69/><U121/><E121/><V67/><F67/><W50/><G38/><T90/><D104/><U39/><E39/><V61/><F61/><W111/><G111/><T124/><D110/><U130/><E126/><V97/><F97/><W74/><G76/><T37/><D122/><U99/><E105/><V123/><F41/><W72/><G65/><T21/><D90/><U82/><E82/><V106/><F106/><W78/><G70/><T24/><REACH who="0" step="1"/><D113/><REACH who="0" ten="180,440,190,180" step="2"/><N who="2" m="43626" /><F123/><W5/><G78/><T101/><D101/><U129/><REACH who="1" step="1"/><E8/><REACH who="1" ten="180,430,190,180" step="2"/><N who="2" m="2071" /><F87/><W75/><G75/><T107/><D107/><U80/><E80/><V52/><F51/><W103/><G50/><T29/><D29/><U13/><E13/><AGARI ba="1,2" hai="13,16,22,23,27,30,52,54" m="2071,43626" machi="13" ten="30,12000,2" yaku="11,1,52,3,54,2" doraHai="109" who="2" fromWho="1" sc="180,0,430,-123,190,143,180,0" /><INIT seed="2,0,0,3,4,93" ten="180,307,333,180" oya="2" hai0="126,55,121,58,87,24,27,105,59,72,107,46,32" hai1="38,14,134,111,132,92,41,99,74,30,22,101,135" hai2="124,117,66,56,53,108,116,128,10,109,83,115,16" hai3="20,94,75,54,62,100,31,76,70,110,61,7,36"/><V123/><F66/><W2/><G36/><T5/><D121/><U82/><E111/><N who="2" m="42571" /><F123/><W42/><G42/><T80/><D72/><U17/><E30/><V34/><F34/><W39/><G39/><T37/><D32/><U125/><E125/><V11/><F124/><W81/><G110/><T90/><D126/><U13/><E13/><N who="2" m="7223" /><F128/><W1/><G7/><T129/><D129/><U21/><E21/><V25/><F115/><W103/><G20/><T3/><D107/><U106/><E106/><V91/><F25/><W29/><G2/><T9/><D105/><U119/><E119/><V112/><F11/><W43/><G1/><T85/><D58/><U118/><E118/><V95/><F83/><W64/><G81/><T113/><D113/><U127/><E127/><V49/><F112/><W63/><G64/><T79/><D27/><U44/><E82/><V133/><F133/><W97/><G70/><T45/><D24/><U96/><E74/><V114/><F114/><W6/><G75/><T51/><D37/><U131/><E131/><V0/><F0/><W8/><G8/><T65/><D65/><U77/><E77/><V84/><AGARI ba="0,0" hai="49,53,56,84,91,95,116,117" m="7223,42571" machi="84" ten="30,6000,0" yaku="14,1,10,1,54,1" doraHai="93" who="2" fromWho="2" sc="180,-20,307,-20,333,60,180,-20" /><INIT seed="2,1,0,4,0,43" ten="160,287,393,160" oya="2" hai0="129,71,57,98,105,116,38,108,67,114,52,58,30" hai1="113,11,65,84,107,78,103,69,23,76,85,68,44" hai2="118,35,46,117,87,94,54,41,119,4,86,110,82" hai3="18,63,14,96,5,101,28,56,72,133,47,90,50"/><V97/><F35/><W39/><G133/><T15/><D114/><U130/><E113/><V134/><F134/><W93/><G72/><T74/><D74/><U124/><E103/><V73/><F4/><W25/><G39/><T7/><D108/><U120/><E107/><V66/><F66/><W59/><G5/><T22/><D129/><U12/><E130/><V127/><F127/><W104/><G104/><T81/><D81/><U37/><E124/><V17/><F54/><W64/><G59/><T83/><D83/><U26/><E120/><V128/><F128/><W21/><G90/><T55/><D38/><U8/><E65/><V32/><F32/><W60/><G60/><T70/><D67/><U33/><E33/><V88/><F110/><W45/><REACH who="3" step="1"/><G50/><REACH who="3" ten="160,287,393,150" step="2"/><N who="0" m="30871" /><D7/><U40/><E76/><V42/><F73/><W62/><G62/><T19/><D70/><U61/><E69/><V29/><F117/><W131/><G131/><T100/><D71/><U91/><E78/><V36/><F36/><W3/><G3/><T135/><D116/><U27/><E91/><V34/><F88/><W121/><G121/><T122/><D122/><U75/><E61/><V92/><F118/><W24/><G24/><T10/><D135/><U2/><E26/><V79/><F79/><W132/><G132/><T102/><D102/><U48/><E75/><V126/><F126/><W123/><G123/><T109/><D109/><U80/><E68/><V9/><F119/><W125/><G125/><T51/><D105/><U106/><E106/><V31/><F82/><W13/><G13/><T6/><D100/><RYUUKYOKU ba="1,1" sc="160,-10,287,-10,393,-10,150,30" hai3="14,18,21,25,28,45,47,56,63,64,93,96,101" /><INIT seed="3,2,1,1,5,118" ten="150,277,383,180" oya="3" hai0="22,13,117,82,16,17,96,52,1,0,55,18,93" hai1="15,33,71,24,43,133,92,87,26,37,70,34,111" hai2="125,128,80,63,66,51,107,126,45,100,78,68,112" hai3="12,123,7,3,124,39,110,40,65,97,108,106,73"/><W41/><G3/><T6/><D117/><U101/><E111/><N who="3" m="42538" /><G124/><N who="2" m="47721" /><F128/><W53/><G39/><T32/><D32/><U121/><E133/><V42/><F112/><W4/><G73/><T76/><D1/><U2/><E2/><V134/><F134/><W49/><G65/><T91/><D0/><U5/><E43/><N who="3" m="16458" /><G12/><T62/><D62/><U20/><E37/><V57/><F100/><N who="3" m="62735" /><G123/><T79/><D79/><U47/><E121/><V8/><F107/><W114/><G114/><T69/><D69/><U119/><E15/><V54/><F8/><W113/><G113/><T103/><D103/><U98/><E71/><V81/><F78/><W14/><G14/><T83/><D83/><U116/><E70/><V28/><F81/><W58/><AGARI ba="2,1" hai="4,7,49,53,58" m="62735,16458,42538" machi="58" ten="30,3000,0" yaku="14,1,10,1" doraHai="118" who="3" fromWho="3" sc="150,-12,277,-12,383,-12,180,46" /><INIT seed="3,3,0,5,5,63" ten="138,265,371,226" oya="3" hai0="121,131,80,98,59,84,85,94,47,106,101,105,66" hai1="71,114,6,103,51,120,90,135,9,118,76,128,2" hai2="91,15,92,38,56,35,12,119,37,54,44,126,67" hai3="99,127,43,30,31,107,21,57,111,125,108,5,28"/><W19/><G43/><T53/><D121/><U93/><E114/><V42/><F35/><W124/><G57/><T117/><D117/><U73/><E120/><V69/><F126/><W8/><G99/><T55/><D131/><U115/><E115/><V10/><F38/><W97/><G97/><T82/><D47/><U81/><E128/><V86/><F119/><W41/><G41/><T87/><D66/><U45/><E118/><V58/><F58/><W109/><G107/><T20/><D20/><U3/><E71/><V36/><F36/><W88/><G88/><T52/><REACH who="0" step="1"/><D59/><REACH who="0" ten="128,265,371,226" step="2"/><U29/><E45/><V49/><F10/><W78/><G78/><T89/><D89/><U18/><E9/><V26/><F67/><W34/><G34/><T70/><D70/><U132/><E90/><V32/><F69/><W23/><G19/><T61/><D61/><U46/><E18/><V112/><F112/><W14/><AGARI ba="3,1" hai="5,8,14,21,23,28,30,31,108,109,111,124,125,127" machi="14" ten="50,24000,3" yaku="0,1,29,2,14,1,10,1,18,1,34,3" doraHai="63" who="3" fromWho="3" sc="128,-83,265,-83,371,-83,226,259" /><INIT seed="3,4,0,1,3,34" ten="45,182,288,485" oya="3" hai0="86,35,40,76,24,94,113,127,5,4,49,22,25" hai1="77,126,50,88,3,19,47,56,59,30,15,37,133" hai2="103,28,31,83,16,119,71,131,81,9,84,14,85" hai3="134,132,87,6,10,32,0,70,7,118,89,123,45"/><W78/><G118/><T107/><D107/><U72/><E37/><V64/><F119/><W91/><G123/><T117/><D117/><U97/><E126/><V116/><F116/><W111/><G111/><T26/><D35/><U95/><E133/><V2/><F2/><W120/><G120/><T75/><D75/><U114/><E30/><V106/><F131/><W43/><G32/><T18/><D127/><U46/><E46/><V125/><F125/><W55/><G70/><T67/><D67/><U11/><E114/><V42/><F42/><W1/><G78/><T69/><D69/><U96/><E3/><N who="3" m="1098" /><G55/><T58/><D113/><U8/><E8/><V115/><F115/><W99/><G99/><T54/><D40/><U124/><E124/><V39/><F39/><N who="3" m="21759" /><G10/><T130/><D130/><U21/><E11/><V61/><F84/><W104/><G104/><T101/><D76/><U63/><E72/><V12/><F12/><W90/><G87/><T92/><D101/><U135/><E135/><AGARI ba="4,0" hai="6,7,89,90,91,132,134,135" m="21759,1098" machi="135" ten="40,12000,1" yaku="20,1,52,3" doraHai="34" who="3" fromWho="1" sc="45,0,182,-132,288,0,485,132" /><INIT seed="3,5,0,3,1,72" ten="45,50,288,617" oya="3" hai0="27,81,91,132,92,51,3,111,7,109,22,100,105" hai1="120,74,108,45,47,26,97,0,87,62,125,80,58" hai2="88,25,117,83,89,42,118,53,31,28,49,129,61" hai3="106,54,107,8,46,23,103,43,65,10,66,33,52"/><W93/><G33/><T70/><D70/><U9/><E74/><V39/><F129/><W86/><G23/><T84/><D132/><U30/><E108/><N who="0" m="41545" /><D105/><U78/><E120/><V14/><F39/><W112/><G112/><T32/><D32/><U35/><E125/><V95/><F42/><W94/><G86/><T38/><D38/><U113/><E113/><V29/><F61/><W24/><G24/><T99/><D51/><U17/><E97/><V122/><F122/><W34/><G34/><T114/><D114/><U20/><E9/><V5/><F25/><W85/><G85/><T68/><D68/><U2/><E2/><V59/><F83/><W12/><G12/><T60/><D60/><U82/><E82/><V71/><F71/><W55/><G103/><T76/><D7/><U57/><E0/><V1/><F1/><W135/><G135/><T79/><D3/><U75/><E75/><V37/><F37/><W77/><G106/><T48/><D48/><U44/><REACH who="1" step="1"/><E62/><REACH who="1" ten="45,40,288,617" step="2"/><N who="2" m="36207" /><F117/><W40/><G107/><T21/><D21/><U104/><E104/><V41/><F118/><W133/><G133/><T64/><D64/><U119/><E119/><V15/><F5/><W69/><G66/><T73/><D73/><U67/><E67/><V4/><F4/><W36/><G65/><T102/><D102/><U127/><E127/><V128/><F128/><W98/><G69/><T19/><AGARI ba="5,1" hai="19,22,27,76,79,81,84,91,92,99,100" m="41545" machi="19" ten="30,4000,0" yaku="14,1,52,2" doraHai="72" who="0" fromWho="0" sc="45,65,40,-15,288,-15,617,-25" /><INIT seed="4,0,0,2,2,12" ten="110,25,273,592" oya="0" hai0="43,122,89,129,70,49,97,119,1,52,92,31,134" hai1="35,73,106,11,130,29,67,72,87,45,128,96,60" hai2="6,5,17,83,99,85,116,74,22,47,80,69,131" hai3="105,111,132,51,44,117,108,88,24,107,0,102,30"/><T120/><D119/><U9/><E87/><V42/><F69/><W62/><G0/><T135/><D1/><U19/><E45/><V133/><F116/><W61/><G88/><N who="0" m="55431" /><D70/><U54/><E54/><V103/><F131/><N who="1" m="50217" /><E29/><V125/><F125/><W25/><G44/><N who="0" m="27687" /><D129/><U57/><E35/><V114/><F114/><W15/><G30/><T13/><D43/><U2/><E2/><V113/><F74/><N who="1" m="28777" /><E19/><V110/><F83/><W104/><G117/><T66/><D66/><U112/><E112/><V78/><F113/><W118/><G118/><T21/><D89/><U48/><E48/><V16/><F6/><W27/><G51/><T63/><D63/><U71/><E71/><V20/><F5/><W46/><G61/><T53/><D53/><U10/><E96/><V41/><F47/><W95/><G46/><T38/><D31/><U76/><E106/><V81/><F103/><W98/><G102/><T86/><D86/><U115/><E115/><V18/><F99/><W101/><G98/><T28/><D28/><U4/><E4/><V127/><F85/><W100/><G100/><T82/><D82/><U58/><E58/><V68/><F68/><W37/><G101/><T32/><D32/><U50/><E50/><V34/><F78/><AGARI ba="0,0" hai="9,10,11,57,60,67,76,78" m="28777,50217" machi="78" ten="40,1300,0" yaku="19,1" doraHai="12" who="1" fromWho="2" sc="110,0,25,13,273,-13,592,0" /><INIT seed="5,0,0,5,4,125" ten="110,38,260,592" oya="1" hai0="73,67,2,3,131,44,52,21,102,81,115,41,68" hai1="119,55,51,29,6,105,11,117,70,78,71,18,95" hai2="26,113,40,58,130,100,23,103,74,24,49,123,85" hai3="30,5,83,93,59,46,28,112,57,82,106,19,65"/><U76/><E105/><V134/><F130/><W98/><G106/><T109/><D109/><U34/><E18/><V72/><F74/><W63/><G5/><T39/><D115/><U4/><E4/><V64/><F72/><W122/><G46/><T69/><D102/><U66/><E119/><V32/><F32/><W97/><G19/><T27/><D68/><U22/><E34/><V80/><F134/><W133/><G93/><T48/><D73/><U42/><E42/><V104/><F104/><W13/><G13/><T37/><D81/><U33/><E33/><V96/><F96/><W9/><G9/><T132/><D132/><U53/><E117/><V108/><F108/><W77/><G77/><T38/><D131/><U114/><E114/><V87/><F87/><W1/><G63/><N who="0" m="40191" /><D37/><U35/><E35/><V118/><F123/><W62/><G62/><T43/><D39/><U107/><E107/><V12/><F118/><W90/><G90/><T31/><D41/><U127/><E127/><V120/><F120/><W91/><G91/><T128/><D128/><U36/><E36/><V0/><F0/><W110/><G110/><T129/><D129/><U111/><E111/><V121/><F121/><W94/><G94/><T88/><D88/><U75/><E95/><V15/><F40/><W99/><G1/><T126/><D126/><U16/><E75/><V8/><F113/><W60/><G133/><T25/><D25/><N who="2" m="9834" /><F103/><W86/><G112/><T124/><D124/><U89/><E76/><V92/><F100/><W84/><G122/><T7/><D7/><U17/><E6/><RYUUKYOKU ba="0,0" sc="110,30,38,-10,260,-10,592,-10" hai0="2,3,21,27,31,38,43,44,48,52" /><INIT seed="6,1,0,0,4,18" ten="140,28,250,582" oya="2" hai0="47,73,61,103,2,118,62,1,23,117,31,60,25" hai1="106,3,14,129,21,131,130,53,76,107,100,50,64" hai2="75,77,24,125,82,35,32,59,72,112,4,124,74" hai3="84,96,116,123,95,42,66,28,6,101,52,78,87"/><V109/><F4/><W127/><G42/><T67/><D73/><U49/><E3/><V30/><F35/><W85/><G66/><T126/><D126/><N who="2" m="48746" /><F112/><W132/><G78/><T114/><D114/><U94/><E76/><V54/><F109/><W29/><G116/><N who="0" m="44651" /><D103/><U26/><E64/><V13/><F13/><W133/><G52/><T71/><D47/><U15/><E50/><AGARI ba="1,0" hai="24,30,32,50,54,59,72,74,75,77,82" m="48746" machi="50" ten="30,1500,0" yaku="18,1" doraHai="18" who="2" fromWho="1" sc="140,0,28,-18,250,18,582,0" /><INIT seed="6,2,0,2,0,25" ten="140,10,268,582" oya="2" hai0="75,38,123,102,45,47,62,37,96,70,73,44,97" hai1="66,121,112,116,109,30,65,34,108,105,83,19,113" hai2="16,67,32,79,23,114,55,48,131,31,49,17,57" hai3="40,3,20,88,69,103,94,80,33,1,61,93,111"/><V2/><F2/><W26/><G33/><T10/><D123/><U84/><E105/><V98/><F32/><W54/><G40/><T71/><D10/><U5/><E121/><V24/><F114/><N who="1" m="44137" /><E116/><V91/><F131/><W106/><G106/><T122/><D122/><U130/><E130/><V110/><F79/><W68/><G103/><T63/><D45/><U128/><E128/><V35/><F110/><N who="1" m="42601" /><E5/><V59/><F35/><W124/><G80/><T18/><D18/><N who="2" m="7274" /><F67/><N who="1" m="25609" /><E19/><V89/><F98/><W100/><G1/><T78/><D102/><U125/><E125/><V82/><F82/><W27/><G124/><T81/><D81/><U95/><E95/><V53/><AGARI ba="2,0" hai="23,24,31,48,49,53,55,57,59,89,91" m="7274" machi="53" ten="30,6000,0" yaku="8,1,52,1,54,1" doraHai="25" who="2" fromWho="2" sc="140,-22,10,-22,268,66,582,-22" owari="118,-28.0,-12,-51.0,334,13.0,560,66.0" /></mjloggm>