<mjloggm ver="2.3"><GO type="225" lobby="0"/><UN n0="%6B%79%6F%6E%6B%6F%31%31" n1="%6E%65%70%6F%72%69%68" n2="%E3%83%80%E3%83%B3%E3%83%86" n3="%E3%83%88%E3%83%88%E3%83%AA%E5%85%88%E7%94%9F%31%39%E6%AD%B3" dan="16,16,17,17" rate="2201.70,2045.00,2187.07,2228.79" sx="M,M,M,F"/><TAIKYOKU oya="0"/><INIT seed="0,0,0,2,1,70" ten="250,250,250,250" oya="0" hai0="42,110,46,54,71,81,52,6,104,103,7,25,67" hai1="39,3,53,34,27,74,129,105,16,8,51,56,13" hai2="19,64,88,18,99,115,9,119,118,41,89,109,66" hai3="49,84,126,86,112,68,30,87,45,36,121,59,1"/><T26/><D71/><U98/><E74/><V10/><F41/><W48/><G68/><T32/><D67/><U22/><E129/><V57/><F115/><W97/><G1/><T72/><D104/><U82/><E82/><V102/><F109/><W50/><G112/><T5/><D103/><U79/><E79/><V63/><F102/><W4/><G4/><T96/><D110/><U21/><E39/><V127/><F127/><W124/><G30/><T40/><D96/><U35/><E21/><V116/><F66/><W28/><G28/><T31/><D42/><U55/><E3/><V44/><F44/><W91/><G121/><T95/><D95/><U69/><E69/><V114/><F114/><W134/><G59/><T107/><D26/><U58/><E98/><V38/><F38/><W120/><G120/><T2/><D107/><U47/><E47/><V62/><F62/><W83/><G97/><T12/><D12/><U131/><E105/><V37/><F37/><W78/><G134/><T132/><D132/><U0/><E0/><V128/><F128/><W123/><G123/><T130/><D130/><U106/><E106/><V14/><F99/><W94/><G86/><T117/><D117/><U125/><E125/><N who="3" m="48234" /><G36/><N who="0" m="21767" /><D2/><U65/><E65/><V135/><F135/><W11/><G45/><T33/><D33/><U75/><E75/><V17/><F10/><AGARI ba="0,0" hai="10,11,48,49,50,78,83,84,87,91,94" m="48234" machi="10" ten="30,1000,0" yaku="18,1" doraHai="70" who="3" fromWho="2" sc="250,0,250,0,250,-10,250,10" /><INIT seed="1,0,0,2,5,128" ten="250,250,240,260" oya="1" hai0="20,95,1,53,120,62,101,65,9,10,97,17,8" hai1="82,28,49,92,81,23,61,12,80,41,123,26,114" hai2="115,18,30,108,126,43,70,85,21,42,37,50,36" hai3="109,47,6,3,60,69,7,98,117,88,44,64,57"/><U110/><E110/><V78/><F70/><W135/><G109/><T27/><D120/><U133/><E133/><V66/><F115/><W31/><G135/><T77/><D77/><U106/><E106/><V103/><F103/><W14/><G3/><T68/><REACH who="0" step="1"/><D53/><REACH who="0" ten="240,250,240,260" step="2"/><U73/><E123/><V87/><F78/><W51/><G117/><T46/><D46/><U52/><E114/><V11/><F108/><W91/><G47/><T0/><AGARI ba="0,1" hai="0,1,8,9,10,17,20,27,62,65,68,95,97,101" machi="0" ten="30,2000,0" yaku="1,1,0,1,53,0" doraHai="128" doraHaiUra="131" who="0" fromWho="0" sc="240,30,250,-10,240,-5,260,-5" /><INIT seed="2,0,0,1,2,6" ten="270,240,235,255" oya="2" hai0="60,97,74,105,18,54,61,131,13,127,65,17,99" hai1="43,76,128,85,5,132,25,16,118,116,44,91,49" hai2="80,14,110,21,125,20,94,100,3,50,96,129,59" hai3="109,107,31,35,48,93,36,39,37,84,108,45,133"/><V134/><F3/><W62/><G107/><T15/><D74/><U22/><E128/><V123/><F123/><W126/><G126/><T30/><D30/><U29/><E132/><V71/><F71/><W88/><G133/><T2/><D2/><U64/><E76/><V87/><F134/><W53/><REACH who="3" step="1"/><G62/><REACH who="3" ten="270,240,235,245" step="2"/><T86/><D127/><U70/><E118/><V81/><F125/><W24/><AGARI ba="0,1" hai="24,31,35,36,37,39,45,48,53,84,88,93,108,109" machi="24" ten="40,8000,1" yaku="1,1,2,1,0,1,54,1,53,0" doraHai="6" doraHaiUra="1" who="3" fromWho="3" sc="270,-20,240,-20,235,-40,245,90" /><INIT seed="3,0,0,4,5,59" ten="250,220,195,335" oya="3" hai0="41,90,10,121,14,97,120,32,51,58,54,44,12" hai1="15,74,52,33,40,3,131,4,61,107,39,108,31" hai2="2,67,78,132,35,95,80,34,76,114,93,20,29" hai3="72,9,87,96,56,68,62,123,36,100,7,45,94"/><W16/><G72/><T6/><D32/><U65/><E107/><V0/><F114/><W46/><G68/><T53/><D53/><U110/><E15/><V92/><F20/><W83/><G36/><T113/><D113/><U13/><E13/><V64/><F80/><W77/><G16/><T134/><D134/><U18/><E18/><V8/><F8/><W116/><G116/><T49/><D14/><U129/><E74/><V127/><F29/><W5/><G123/><T69/><D69/><N who="1" m="42159" /><E52/><V115/><F115/><W26/><G26/><T60/><D97/><U101/><E101/><V104/><F104/><W27/><G27/><T111/><D111/><N who="1" m="42539" /><E39/><V119/><F119/><W63/><G9/><T118/><D118/><U37/><E37/><V75/><F75/><W24/><G24/><T103/><D103/><U50/><E50/><V71/><F71/><W47/><G56/><T73/><D73/><U81/><E40/><V19/><F19/><W48/><G48/><T133/><D133/><U122/><E81/><V11/><F11/><W66/><G66/><N who="2" m="25129" /><F132/><W124/><G5/><T82/><REACH who="0" step="1"/><D51/><REACH who="0" ten="240,220,195,335" step="2"/><U28/><E122/><V91/><F91/><W86/><G100/><T84/><AGARI ba="0,1" hai="6,10,12,41,44,49,54,58,60,82,84,90,120,121" machi="84" ten="30,7900,0" yaku="1,1,2,1,0,1,52,1,53,0" doraHai="59" doraHaiUra="112" who="0" fromWho="0" sc="240,89,220,-20,195,-20,335,-39" owari="329,42.0,200,-20.0,175,-32.0,296,10.0" /></mjloggm>