<mjloggm ver="2.3"><GO type="41" lobby="0"/><UN n0="%E3%83%87%E3%82%B9%E3%83%86%E3%83%8B%E3%83%BC%E3%83%84%E3%83%A2" n1="%54%E3%83%9C%E3%83%BC%E3%83%B3%E3%82%B9%E3%83%86%E3%83%BC%E3%82%AD" n2="%E2%94%90%28%C2%B4%EF%BD%9E%EF%BD%80%29%E2%94%8C" n3="%E5%B0%B1%E6%B4%BB%E7%94%9F%40%E5%B7%9D%E6%9D%91%E8%BB%8D%E5%9B%A3" dan="14,16,13,14" rate="1907.70,2084.90,1904.98,1996.85" sx="F,M,M,M"/><TAIKYOKU oya="0"/><INIT seed="0,0,0,2,3,26" ten="250,250,250,250" oya="0" hai0="29,9,2,22,73,118,121,54,13,78,133,101,83" hai1="47,81,18,64,131,91,35,20,95,6,120,117,0" hai2="72,110,41,45,84,57,67,31,23,48,71,134,16" hai3="93,3,38,112,114,56,55,86,126,130,88,102,11"/><T132/><D118/><U34/><E120/><V14/><F72/><W19/><G126/><T69/><D121/><U74/><E117/><V103/><F110/><W115/><G130/><T98/><D69/><U92/><E131/><V27/><F134/><W28/><G38/><T96/><D2/><U5/><E64/><V44/><F103/><W129/><G129/><T128/><D128/><U116/><E116/><V125/><F125/><W80/><G28/><T87/><D73/><U100/><E100/><V85/><F71/><W21/><G11/><T15/><D54/><U124/><E124/><V17/><F17/><W135/><G3/><T37/><D37/><U36/><E92/><V66/><F45/><W40/><G40/><T1/><D1/><U12/><E5/><V119/><F119/><W105/><G105/><T59/><D59/><U25/><E36/><V42/><F42/><W8/><G8/><T4/><D101/><U82/><E47/><V61/><REACH who="2" step="1"/><F67/><REACH who="2" ten="250,250,240,250" step="2"/><W49/><G135/><T51/><D133/><U32/><E74/><V75/><F75/><W46/><G102/><T53/><D132/><U58/><E58/><V94/><F94/><W111/><G111/><T99/><D4/><U76/><E81/><V106/><F106/><W50/><G80/><T79/><D83/><U39/><E82/><V90/><F90/><W52/><G115/><T62/><D79/><U77/><E77/><V108/><F108/><W123/><G123/><T104/><D78/><U122/><E76/><V7/><F7/><W60/><G60/><T70/><D62/><U113/><E122/><RYUUKYOKU ba="0,1" sc="250,-15,250,-15,240,15,250,15" hai2="14,16,23,27,31,41,44,48,57,61,66,84,85" hai3="19,21,46,49,50,52,55,56,86,88,93,112,114" /><INIT seed="1,1,1,4,2,84" ten="235,235,255,265" oya="1" hai0="26,79,88,0,40,62,2,106,81,104,108,126,45" hai1="65,80,17,102,54,21,68,87,73,82,119,95,118" hai2="122,58,12,35,134,115,34,96,33,48,107,116,57" hai3="93,25,70,130,36,76,7,69,30,127,10,60,5"/><U124/><E124/><V18/><F122/><W110/><G127/><T89/><D126/><U13/><E73/><V121/><F121/><W97/><G36/><T101/><D26/><U6/><E80/><V135/><F116/><W29/><G130/><T9/><D108/><U103/><E6/><V37/><F37/><W11/><G110/><T46/><D62/><U91/><E65/><V56/><F115/><W114/><G76/><T44/><D40/><U90/><E68/><V133/><F96/><W78/><G78/><T77/><D101/><U3/><E3/><N who="0" m="1065" /><D81/><U100/><REACH who="1" step="1"/><E54/><REACH who="1" ten="235,225,255,265" step="2"/><V32/><N who="2" m="8704" /><DORA hai="72" /><V52/><REACH who="2" step="1"/><F107/><REACH who="2" ten="235,225,245,265" step="2"/><N who="0" m="41002" /><D9/><AGARI ba="1,3" hai="9,12,18,48,52,56,57,58,133,134,135" m="8704" machi="9" ten="70,8000,1" yaku="1,1,20,1,54,1,53,1" doraHai="84,72" doraHaiUra="15,67" who="2" fromWho="0" sc="235,-83,225,0,245,113,265,0" /><INIT seed="2,0,0,3,5,53" ten="152,225,358,265" oya="2" hai0="134,130,10,80,61,54,111,43,11,62,3,7,106" hai1="26,119,125,115,129,2,74,57,122,120,86,27,51" hai2="24,55,135,82,67,58,38,84,70,9,4,127,29" hai3="83,132,18,85,50,131,113,116,79,47,6,66,99"/><V21/><F38/><W37/><G116/><T128/><D106/><U126/><E74/><V64/><F70/><W114/><G37/><T49/><D11/><U20/><E2/><V0/><F135/><W109/><G132/><T5/><D5/><U124/><E119/><V72/><F72/><W89/><G6/><T31/><D134/><U102/><E115/><N who="3" m="44042" /><G131/><N who="0" m="50219" /><D31/><U25/><E102/><V48/><REACH who="2" step="1"/><F127/><REACH who="2" ten="152,225,348,265" step="2"/><W30/><G109/><T77/><D111/><U101/><E129/><V22/><F22/><W103/><G30/><T32/><D32/><U93/><E20/><V91/><AGARI ba="0,1" hai="0,4,9,21,24,29,48,55,58,64,67,82,84,91" machi="91" ten="20,7800,0" yaku="1,1,0,1,7,1,52,1,53,0" doraHai="53" doraHaiUra="92" who="2" fromWho="2" sc="152,-26,225,-26,348,88,265,-26" /><INIT seed="2,1,0,5,5,26" ten="126,199,436,239" oya="2" hai0="88,103,6,51,41,83,77,73,15,71,126,14,18" hai1="21,34,68,80,19,66,16,52,99,118,49,50,22" hai2="114,121,55,48,53,5,27,109,9,63,40,123,70" hai3="100,95,67,90,20,75,84,131,104,129,37,76,29"/><V44/><F114/><W10/><G37/><T39/><D71/><U96/><E118/><V97/><F109/><W74/><G67/><T45/><D126/><U61/><E34/><V128/><F128/><N who="3" m="49227" /><G10/><T33/><D33/><U81/><E68/><V134/><F134/><W42/><G42/><T91/><D103/><U102/><E66/><V12/><F70/><W4/><G4/><T57/><D6/><U24/><E61/><V38/><F63/><W36/><G36/><T47/><D57/><U79/><E49/><V101/><F27/><N who="3" m="16615" /><G76/><T133/><D133/><U112/><E112/><V107/><F55/><W125/><G125/><T23/><REACH who="0" step="1"/><D15/><REACH who="0" ten="116,199,436,239" step="2"/><U65/><E65/><V0/><F12/><W130/><G130/><T105/><D105/><U135/><E135/><V78/><F107/><W7/><G7/><T89/><D89/><U127/><E127/><V8/><F101/><W31/><G100/><T122/><D122/><U115/><E115/><V3/><F5/><W132/><G132/><T60/><D60/><U54/><E102/><V30/><F123/><W111/><G104/><T59/><D59/><U117/><E117/><V25/><F121/><W108/><G108/><T72/><D72/><U120/><E120/><V86/><F0/><W28/><G111/><T64/><D64/><U106/><E106/><V2/><F2/><W116/><G116/><T94/><D94/><U58/><E58/><V119/><F3/><W69/><G69/><T62/><D62/><U87/><E79/><V92/><F78/><W93/><G93/><T46/><D46/><U85/><E80/><RYUUKYOKU ba="1,1" sc="116,15,199,-15,436,-15,239,15" hai0="14,18,23,39,41,45,47,51,73,77,83,88,91" hai3="28,31,74,75,84,90,95" /><INIT seed="3,2,1,5,0,26" ten="131,184,421,254" oya="3" hai0="69,59,68,87,39,46,120,118,57,30,111,60,61" hai1="67,64,113,122,99,66,98,41,95,4,96,89,40" hai2="97,42,86,51,2,16,101,129,93,48,62,0,119" hai3="7,9,63,13,24,125,82,102,85,28,25,83,130"/><W134/><G125/><T117/><D120/><U73/><E73/><V77/><F119/><W35/><G130/><T22/><D87/><U75/><E75/><V56/><F129/><W10/><G134/><T133/><D22/><U124/><E113/><V121/><F121/><W47/><G102/><T74/><D74/><U70/><E70/><V52/><F42/><W1/><G25/><T72/><D72/><U71/><E71/><V108/><F108/><W114/><G114/><T58/><D111/><U23/><E122/><V116/><F116/><W32/><G32/><T123/><D123/><U12/><E124/><V36/><F36/><W44/><G63/><T14/><D14/><U126/><E126/><V81/><F2/><W27/><G27/><T65/><D133/><U17/><REACH who="1" step="1"/><E4/><REACH who="1" ten="131,174,421,254" step="2"/><V128/><F128/><W110/><G110/><T6/><D118/><U107/><E107/><V109/><F109/><W103/><G103/><T45/><D6/><U3/><E3/><V131/><F0/><W80/><REACH who="3" step="1"/><G85/><AGARI ba="2,2" hai="12,17,23,40,41,64,66,67,85,89,95,96,98,99" machi="85" ten="40,2600,0" yaku="1,1,8,1,53,0" doraHai="26" doraHaiUra="54" who="1" fromWho="3" sc="131,0,174,52,421,0,254,-32" /><INIT seed="4,0,0,3,3,62" ten="131,226,421,222" oya="0" hai0="28,77,108,125,100,133,110,126,75,56,61,118,89" hai1="11,92,30,19,112,1,94,72,127,44,101,132,80" hai2="52,98,55,40,131,97,96,129,7,17,68,5,79" hai3="128,9,65,114,43,37,87,36,18,124,47,88,64"/><T78/><D100/><U134/><E30/><V10/><F40/><W119/><G119/><T83/><D78/><U63/><E127/><N who="0" m="48649" /><D118/><U120/><E120/><V86/><F68/><W99/><G124/><T130/><D28/><U74/><E112/><V39/><F39/><W71/><G37/><T106/><D106/><U54/><E101/><V2/><F5/><W12/><G71/><T117/><D117/><U32/><E32/><V81/><F17/><W4/><G114/><T59/><D59/><N who="1" m="35319" /><E44/><V22/><F22/><W0/><G99/><T15/><D15/><N who="1" m="7679" /><E1/><V45/><F45/><W91/><G128/><AGARI ba="0,0" hai="2,7,10,52,55,79,81,86,96,97,98,128,129,131" machi="128" ten="40,2600,0" yaku="19,1,54,1" doraHai="62" who="2" fromWho="3" sc="131,0,226,0,421,26,222,-26" /><INIT seed="5,0,0,0,4,50" ten="131,226,447,196" oya="1" hai0="84,61,16,109,82,52,37,120,131,125,45,66,83" hai1="25,99,122,123,22,29,53,121,33,114,106,46,68" hai2="80,88,91,134,67,54,59,20,6,47,102,43,100" hai3="105,95,27,85,51,132,115,12,118,116,2,117,119"/><U26/><E68/><V70/><F134/><W133/><G2/><T93/><D109/><U4/><E4/><V49/><F6/><W104/><N who="3" m="30208" /><DORA hai="19" /><W13/><G115/><T89/><D125/><U130/><E114/><V127/><F127/><W10/><G27/><T124/><D131/><U103/><E130/><V111/><F111/><W76/><G51/><N who="0" m="28783" /><D124/><U56/><E46/><V11/><F11/><W113/><G113/><T96/><D37/><U8/><E8/><V28/><F70/><W3/><G3/><T30/><D30/><U75/><E75/><V126/><F67/><W7/><G13/><T58/><D120/><U18/><REACH who="1" step="1"/><E123/><REACH who="1" ten="131,216,447,196" step="2"/><V87/><F126/><W63/><G132/><T86/><D83/><U90/><E90/><V41/><F91/><N who="3" m="53743" /><G133/><T40/><D40/><U32/><E32/><V71/><F71/><W44/><G44/><T5/><D5/><U9/><E9/><V72/><F72/><W31/><G10/><T92/><D82/><U79/><E79/><V77/><F77/><W107/><G7/><T135/><D135/><U112/><E112/><V78/><F78/><W101/><G76/><T24/><D93/><U110/><E110/><V1/><F1/><W108/><G108/><T62/><D62/><AGARI ba="0,1" hai="18,22,25,26,29,33,53,56,62,99,103,106,121,122" machi="62" ten="30,12000,1" yaku="1,1,7,1,52,2,53,1" doraHai="50,19" doraHaiUra="0,57" who="1" fromWho="0" sc="131,-120,216,130,447,0,196,0" /><INIT seed="5,1,0,1,3,75" ten="11,346,447,196" oya="1" hai0="126,6,65,84,11,123,70,114,131,40,52,33,78" hai1="83,9,134,117,14,82,73,109,64,135,38,87,112" hai2="108,89,122,88,93,97,68,66,67,23,101,47,113" hai3="119,62,105,69,106,35,79,24,43,15,39,74,27"/><U116/><E38/><V107/><F122/><W19/><G119/><T42/><D33/><U72/><E64/><V22/><F108/><W99/><G15/><T48/><D123/><U95/><E14/><V17/><F113/><W28/><G24/><T96/><D114/><U91/><E9/><V127/><F127/><W7/><G19/><T77/><D126/><U94/><E112/><V71/><F71/><W10/><G10/><T100/><D131/><U85/><E91/><N who="2" m="34891" /><F107/><W50/><G50/><T0/><D84/><U133/><E133/><V103/><F103/><W120/><G7/><T56/><D65/><U5/><E5/><V104/><F104/><W115/><G115/><T125/><D125/><U124/><E124/><V16/><F47/><N who="3" m="24063" /><G99/><T58/><D70/><U129/><E129/><V8/><F8/><W110/><G110/><AGARI ba="1,0" hai="72,73,82,83,85,87,94,95,109,110,116,117,134,135" machi="110" ten="25,12000,1" yaku="22,2,34,3" doraHai="75" who="1" fromWho="3" sc="11,0,346,123,447,0,196,-123" /><INIT seed="5,2,0,2,3,89" ten="11,469,447,73" oya="1" hai0="123,121,49,18,56,17,86,119,32,72,73,124,37" hai1="28,111,9,65,99,66,55,19,59,106,70,58,14" hai2="57,114,107,78,81,16,60,15,93,67,64,92,45" hai3="68,51,117,115,132,128,95,110,96,118,50,34,39"/><U25/><E111/><V31/><F107/><W100/><G39/><T87/><D37/><U1/><E1/><V23/><F114/><W29/><G68/><T33/><D56/><U130/><E130/><V88/><F31/><W52/><G128/><T104/><D104/><U38/><E38/><V6/><F6/><W43/><G110/><T20/><D20/><U85/><E70/><V41/><F67/><W135/><G115/><T131/><D131/><U113/><E113/><V75/><F88/><W102/><G43/><T2/><D2/><U74/><E74/><V11/><F23/><W21/><G34/><T97/><D97/><U0/><E0/><V47/><F47/><N who="3" m="27743" /><G51/><AGARI ba="2,0" hai="11,15,16,41,45,51,57,60,64,75,78,81,92,93" machi="51" ten="30,7700,0" yaku="7,1,52,2,54,1" doraHai="89" who="2" fromWho="3" sc="11,0,469,0,447,83,73,-83" owari="11,-39.0,469,27.0,530,63.0,-10,-51.0" /></mjloggm>