<mjloggm ver="2.3"><GO type="97" lobby="0"/><UN n0="%36%4E%39" n1="%E7%89%8C%E9%9F%B3%33%39" n2="%E3%83%88%E3%83%88%E3%83%AA%E5%85%88%E7%94%9F%31%39%E6%AD%B3" n3="%E9%9A%BC%E9%A8%8E" dan="14,13,13,14" rate="1919.48,1915.05,1991.08,1915.31" sx="M,M,F,M"/><TAIKYOKU oya="0"/><INIT seed="0,0,0,3,1,22" ten="250,250,250,250" oya="0" hai0="72,12,75,35,125,133,54,128,116,46,71,30,105" hai1="69,24,103,93,21,66,33,114,70,4,80,1,81" hai2="107,31,62,3,97,59,9,99,61,131,109,52,23" hai3="38,83,65,10,84,34,108,113,121,77,135,63,56"/><T39/><RYUUKYOKU type="yao9" ba="0,0" sc="250,0,250,0,250,0,250,0" hai0="12,30,35,39,46,54,71,72,75,105,116,125,128,133" /><INIT seed="0,1,0,1,2,99" ten="250,250,250,250" oya="0" hai0="19,32,90,41,65,109,46,59,3,61,9,67,87" hai1="57,108,16,89,56,83,86,20,104,96,29,10,69" hai2="36,127,44,120,110,74,112,12,64,18,33,106,91" hai3="123,31,72,126,21,119,124,53,47,73,75,26,79"/><T116/><D116/><U35/><E69/><V94/><F120/><W63/><G119/><T60/><D109/><U107/><E108/><V76/><F110/><W122/><G79/><T134/><D134/><U42/><E42/><V101/><F33/><W97/><G97/><T48/><D32/><U70/><E70/><V39/><F112/><W121/><G63/><N who="0" m="24139" /><D3/><U111/><E111/><V68/><F127/><N who="3" m="48683" /><G53/><T52/><D41/><U30/><E35/><V100/><F106/><W135/><G47/><T117/><D117/><U24/><E107/><V43/><F36/><W14/><G135/><T113/><D113/><U85/><E85/><V131/><F64/><W125/><N who="3" m="48691" /><W88/><DORA hai="5" /><G88/><T132/><D132/><U6/><E104/><V130/><F68/><W27/><G14/><N who="0" m="7631" /><D59/><N who="1" m="22603" /><E96/><N who="2" m="57439" /><F76/><W17/><G75/><T23/><D23/><AGARI ba="1,0" hai="17,21,23,26,27,31,72,73,121,122,123" m="48691" machi="23" ten="50,3200,0" yaku="13,1,18,1" doraHai="99,5" who="3" fromWho="0" sc="250,-35,250,0,250,0,250,35" /><INIT seed="1,0,0,0,2,11" ten="215,250,250,285" oya="1" hai0="27,45,91,95,18,29,12,28,51,121,120,88,66" hai1="43,7,131,74,99,114,87,53,10,116,106,8,110" hai2="134,0,31,89,119,75,127,90,26,107,122,61,81" hai3="30,70,117,24,16,118,44,78,133,13,40,113,56"/><U92/><E74/><V102/><F119/><W14/><G113/><T72/><D72/><U2/><E114/><V49/><F122/><N who="0" m="47210" /><D66/><U104/><E116/><N who="3" m="44650" /><G70/><T57/><D57/><U4/><E131/><V83/><F0/><W128/><G128/><T20/><D27/><U71/><E71/><V35/><F134/><W59/><G133/><T73/><D73/><U68/><E68/><V42/><F127/><W65/><G78/><T9/><D9/><U33/><E33/><V17/><F61/><N who="3" m="38055" /><G59/><T3/><D3/><U36/><E110/><V84/><F75/><W60/><G60/><T32/><D32/><U125/><E125/><V34/><F34/><N who="3" m="20807" /><G16/><T82/><D82/><U52/><E87/><V111/><F17/><W124/><G124/><T112/><D112/><U15/><E106/><V105/><F105/><W123/><G123/><T39/><D39/><AGARI ba="0,0" hai="13,14,39,40,44" m="20807,38055,44650" machi="39" ten="30,3900,0" yaku="12,1,52,2" doraHai="11" who="3" fromWho="0" sc="215,-39,250,0,250,0,285,39" /><INIT seed="2,0,0,2,0,88" ten="176,250,250,324" oya="2" hai0="93,94,64,45,114,100,39,41,83,89,67,105,125" hai1="126,8,14,47,127,7,117,58,12,129,81,66,20" hai2="25,73,87,32,124,5,131,35,77,121,104,115,55" hai3="128,130,134,38,133,123,69,4,68,28,122,113,30"/><V118/><F115/><W22/><G38/><T33/><D33/><U31/><E117/><V43/><F118/><W79/><G79/><T91/><D114/><U51/><E129/><N who="3" m="49770" /><G113/><T60/><D105/><U80/><E66/><V54/><F104/><W97/><G97/><T16/><D125/><N who="1" m="47627" /><E58/><V46/><F73/><W95/><G95/><N who="0" m="36363" /><D100/><U34/><E34/><V40/><F35/><W27/><G4/><T13/><D39/><U99/><E99/><V78/><F32/><W107/><G30/><T50/><D83/><N who="1" m="31819" /><E31/><V106/><F106/><W110/><G28/><T85/><D85/><U62/><E62/><V21/><F131/><W53/><G69/><T26/><D26/><U29/><E29/><V76/><F25/><W9/><G27/><T92/><N who="0" m="36371" /><T49/><DORA hai="10" /><D49/><U70/><E70/><V52/><F124/><W57/><G68/><T44/><D44/><U6/><E20/><V61/><F21/><W120/><G22/><N who="0" m="11535" /><D60/><U3/><E7/><V96/><F5/><W116/><G107/><T90/><AGARI ba="0,0" hai="41,45,50,64,67,89,90,91" m="11535,36371" machi="90" ten="40,12000,2" yaku="8,1,52,5,54,1" doraHai="88,10" who="0" fromWho="0" sc="176,120,250,-30,250,-60,324,-30" /><INIT seed="3,0,0,4,0,73" ten="296,220,190,294" oya="3" hai0="116,77,30,126,32,79,71,41,66,124,63,21,110" hai1="91,122,115,94,34,123,50,128,101,64,2,125,57" hai2="72,39,133,59,62,105,86,107,22,111,19,70,52" hai3="83,127,119,81,75,35,8,15,106,80,48,131,87"/><W40/><G119/><T68/><D116/><U113/><E2/><V112/><F112/><N who="1" m="43081" /><E34/><V24/><F111/><W3/><G106/><T108/><D32/><U55/><E101/><V92/><F72/><W29/><G131/><T4/><D4/><U11/><E11/><V43/><F133/><W10/><G127/><N who="0" m="48683" /><D41/><U33/><E125/><V67/><F92/><W117/><G75/><T16/><D30/><U89/><E33/><V7/><F86/><W118/><G3/><T20/><D71/><U18/><E18/><V58/><F58/><W93/><G10/><T53/><D21/><U26/><E26/><V132/><F132/><W5/><G29/><T100/><D100/><U51/><E91/><V46/><REACH who="2" step="1"/><F7/><REACH who="2" ten="296,220,180,294" step="2"/><W78/><G118/><T102/><D110/><U12/><E94/><V17/><F17/><W109/><G117/><T38/><D16/><U114/><E89/><V103/><F103/><W95/><G93/><T121/><D102/><U25/><E25/><V65/><F65/><W47/><G95/><T23/><D121/><N who="1" m="46091" /><E12/><V31/><F31/><W84/><G109/><T9/><D108/><U27/><E27/><V90/><F90/><W6/><G6/><T60/><D66/><U14/><E14/><V28/><F28/><W99/><G87/><T96/><D96/><U129/><N who="1" m="43089" /><U0/><DORA hai="69" /><E0/><V104/><F104/><W130/><G99/><T76/><D9/><U97/><E97/><V13/><F13/><W1/><G1/><T36/><D23/><U88/><E88/><V98/><F98/><W82/><G35/><T85/><D20/><RYUUKYOKU ba="0,1" sc="296,-15,220,-15,180,15,294,15" hai2="19,22,24,39,43,46,52,59,62,67,70,105,107" hai3="5,8,15,40,47,48,78,80,81,82,83,84,130" owari="281,8.0,205,-19.0,195,-30.0,319,41.0" /></mjloggm>