<mjloggm ver="2.3"><GO type="41" lobby="0"/><UN n0="%52%69%62%65%72%79" n1="%E3%81%BE%E3%81%BF%E3%81%AD%E3%81%93" n2="%E5%B0%B1%E6%B4%BB%E7%94%9F%40%E5%B7%9D%E6%9D%91%E8%BB%8D%E5%9B%A3" n3="%53%74%65%61%6C%74%68%47" dan="13,15,15,14" rate="1821.06,2021.83,2000.77,1945.96" sx="M,F,M,M"/><TAIKYOKU oya="0"/><INIT seed="0,0,0,2,5,85" ten="250,250,250,250" oya="0" hai0="8,80,51,27,55,109,84,23,99,40,18,73,75" hai1="0,38,87,92,128,95,26,129,14,5,12,6,71" hai2="88,36,114,30,47,81,15,68,110,78,79,72,113" hai3="121,60,3,125,24,34,102,2,115,97,41,31,82"/><T45/><D109/><U122/><E122/><V11/><F68/><W46/><G121/><T1/><D99/><U134/><E134/><V43/><F110/><W76/><G115/><T94/><D94/><U126/><E126/><V22/><F78/><W108/><G108/><T28/><D40/><U48/><E38/><V50/><F36/><W4/><G125/><T127/><D127/><U20/><E71/><V32/><F32/><W118/><G118/><T135/><D135/><U10/><E48/><V123/><F123/><W17/><G4/><T66/><D66/><U120/><E120/><V7/><F30/><W111/><G111/><T39/><D39/><U133/><E133/><V119/><F22/><W131/><G131/><N who="1" m="50250" /><E87/><V117/><F117/><W53/><G17/><T96/><D96/><U59/><E59/><V106/><F106/><W54/><G60/><T98/><D98/><U58/><E58/><V52/><F119/><W70/><G70/><T101/><D101/><U105/><E105/><V67/><F67/><W130/><G130/><T13/><D1/><U104/><E104/><V103/><F103/><W62/><G62/><T132/><D132/><U63/><E63/><V65/><F65/><W42/><G42/><T35/><D35/><U49/><E49/><V89/><REACH who="2" step="1"/><F43/><REACH who="2" ten="250,250,240,250" step="2"/><W9/><G76/><AGARI ba="0,1" hai="8,13,18,23,27,28,45,51,55,73,75,76,80,84" machi="76" ten="30,1500,0" yaku="7,1" doraHai="85" who="0" fromWho="3" sc="250,25,250,0,240,0,250,-15" /><INIT seed="0,1,0,0,0,88" ten="275,250,240,235" oya="0" hai0="14,101,55,16,125,132,5,40,20,64,62,31,65" hai1="98,99,133,129,34,25,102,97,106,8,96,74,78" hai2="37,61,49,69,24,1,117,7,104,81,86,110,80" hai3="90,77,13,105,21,45,58,89,123,19,119,27,100"/><T53/><D125/><U76/><E8/><V32/><F37/><W92/><G123/><T18/><D132/><U60/><E60/><V28/><F104/><W4/><G119/><T46/><D31/><U33/><E25/><V116/><F110/><W43/><G77/><N who="1" m="29802" /><E33/><V39/><F39/><W118/><G118/><N who="2" m="45673" /><F1/><W79/><G79/><T84/><D5/><U63/><E63/><V17/><F7/><W11/><G105/><T23/><D64/><U73/><E34/><V10/><F10/><W15/><G58/><T48/><D84/><U12/><E12/><V95/><F17/><W135/><G135/><T108/><D101/><N who="1" m="62759" /><E133/><V112/><F112/><W52/><G27/><T9/><D9/><U42/><E42/><V131/><F131/><W22/><G21/><T82/><D82/><U30/><E30/><V47/><F61/><W91/><G43/><T83/><D83/><U6/><E6/><V68/><F68/><W56/><G45/><T122/><D108/><U41/><E41/><N who="2" m="24815" /><F69/><W2/><G2/><T121/><D122/><U93/><E129/><V59/><F59/><W94/><G100/><T126/><D126/><U54/><E54/><V128/><F128/><W85/><G94/><T38/><D121/><U50/><E50/><AGARI ba="1,0" hai="4,11,13,15,19,22,50,52,56,85,89,90,91,92" machi="50" ten="30,12000,2" yaku="7,1,25,2,8,1,52,1,54,1" doraHai="88" who="3" fromWho="1" sc="275,0,250,-123,240,0,235,123" /><INIT seed="1,0,0,1,1,110" ten="275,127,240,358" oya="1" hai0="62,87,128,99,65,61,8,127,38,6,23,107,101" hai1="80,44,83,60,7,20,51,90,134,102,33,131,49" hai2="45,119,30,17,4,55,14,26,73,42,89,69,105" hai3="76,124,122,21,70,117,15,0,52,35,114,24,41"/><U63/><E134/><V93/><F119/><W85/><G122/><T2/><D128/><U5/><E33/><V3/><F105/><W56/><G117/><T1/><D127/><U57/><E131/><V120/><F120/><W113/><G124/><T32/><D62/><U98/><E102/><V106/><F106/><W68/><G0/><T40/><D23/><U132/><E132/><V29/><F73/><W47/><G35/><T112/><D1/><U118/><E118/><V39/><F69/><W43/><G15/><T27/><D87/><U71/><E71/><V67/><F67/><W11/><G11/><T59/><D112/><U50/><E20/><V130/><F130/><W64/><G64/><T84/><D84/><U37/><E37/><V125/><F125/><W92/><G68/><N who="0" m="42031" /><D40/><U82/><E44/><V77/><F77/><W133/><G70/><T58/><D59/><U129/><E129/><V94/><F29/><W97/><G133/><T108/><D58/><U18/><E18/><V36/><F36/><W111/><G111/><T91/><D91/><U9/><E9/><V86/><F4/><N who="1" m="1609" /><E57/><V46/><F3/><W10/><G10/><T16/><D108/><U79/><E79/><V48/><F26/><W115/><G47/><T123/><D123/><U66/><E66/><V95/><F30/><W121/><G121/><T34/><D34/><U31/><E31/><V96/><F96/><W103/><G24/><T72/><D38/><U100/><E100/><V25/><F25/><W104/><G21/><AGARI ba="0,0" hai="14,17,21,39,42,45,46,48,55,86,89,93,94,95" machi="21" ten="30,1000,0" yaku="7,1" doraHai="110" who="2" fromWho="3" sc="275,0,127,0,240,10,358,-10" /><INIT seed="2,0,0,3,1,44" ten="275,127,250,348" oya="2" hai0="32,68,10,48,43,87,54,57,13,119,86,127,20" hai1="108,51,89,72,121,107,84,27,64,76,104,29,126" hai2="82,37,93,30,120,106,78,81,115,117,47,124,45" hai3="118,112,6,111,130,88,59,134,3,38,25,36,4"/><V94/><F106/><W66/><G118/><T116/><D127/><U61/><E121/><V17/><F120/><W129/><G134/><T53/><D68/><U5/><E108/><V16/><F117/><N who="0" m="45130" /><D43/><U26/><E126/><V40/><F115/><W80/><G111/><T60/><D32/><U97/><E5/><V74/><F124/><W18/><G112/><T99/><D20/><U123/><E123/><V9/><F30/><W73/><G25/><T22/><D22/><U67/><E51/><V105/><F105/><W135/><G135/><T14/><D99/><U2/><E2/><V69/><F69/><W15/><G66/><T122/><D122/><U71/><E64/><V1/><F82/><W33/><G33/><T95/><D95/><N who="2" m="36362" /><F47/><W75/><G59/><N who="0" m="33191" /><D14/><U8/><E107/><V56/><F56/><W114/><G114/><T96/><D96/><U12/><E76/><V55/><F55/><W62/><G3/><T77/><D77/><U39/><E72/><V31/><F31/><W83/><G15/><T113/><D113/><U65/><E67/><V46/><F46/><W63/><G18/><AGARI ba="0,0" hai="10,13,18,54,57,60,86,87" m="33191,45130" machi="18" ten="30,2000,0" yaku="12,1,52,1" doraHai="44" who="0" fromWho="3" sc="275,20,127,0,250,0,348,-20" /><INIT seed="3,0,0,3,4,76" ten="295,127,250,328" oya="3" hai0="123,115,82,94,59,74,53,48,87,27,71,17,79" hai1="9,105,20,85,117,78,95,107,114,88,33,110,12" hai2="29,11,58,120,36,54,39,125,61,5,31,112,77" hai3="89,127,118,116,26,32,43,34,66,65,124,7,22"/><W67/><G43/><T131/><D123/><U3/><E33/><N who="3" m="12906" /><G7/><T69/><D131/><U109/><E117/><N who="3" m="45162" /><G89/><T135/><D135/><U93/><E114/><V91/><F120/><W21/><G26/><T14/><D27/><U73/><E107/><V63/><F112/><W84/><G84/><T13/><D115/><U101/><E95/><V132/><F125/><AGARI ba="0,0" hai="21,22,65,66,67,124,125,127" m="45162,12906" machi="125" ten="40,7700,0" yaku="28,2,18,1" doraHai="76" who="3" fromWho="2" sc="295,0,127,0,250,-77,328,77" /><INIT seed="3,1,0,0,4,21" ten="295,127,173,405" oya="3" hai0="109,67,134,17,69,24,61,19,27,29,13,47,5" hai1="49,59,100,22,11,90,37,32,112,123,52,3,121" hai2="97,108,18,103,16,1,62,72,130,114,88,42,15" hai3="101,92,107,98,30,12,128,70,87,6,75,132,58"/><W53/><G128/><T99/><D109/><U14/><E32/><V35/><F1/><W34/><G132/><T31/><D99/><U48/><E112/><V129/><F72/><W33/><G70/><T76/><D76/><U102/><E37/><V39/><F114/><W74/><G6/><T80/><D80/><U127/><E127/><V133/><F133/><W8/><G8/><N who="0" m="4239" /><D47/><U86/><E123/><V50/><F108/><W95/><G12/><T45/><D45/><U89/><E89/><V68/><F35/><W96/><G87/><T111/><D61/><U28/><E121/><V131/><F39/><W46/><G46/><T120/><D67/><U40/><E3/><V124/><F124/><W85/><G85/><T36/><D69/><U118/><E48/><V57/><F68/><W55/><G107/><T125/><D36/><U26/><E118/><V54/><F15/><W116/><G116/><T43/><D111/><U64/><E64/><V56/><F42/><W93/><G95/><T73/><D43/><U104/><E104/><V126/><F126/><W110/><G110/><T81/><D73/><U51/><E51/><V20/><F20/><W105/><G105/><T115/><D81/><N who="1" m="49487" /><E40/><V41/><F41/><W84/><G84/><T66/><D125/><U119/><E119/><V94/><F103/><W38/><G38/><T78/><D134/><U122/><E122/><V44/><F44/><W77/><G77/><T113/><D78/><U79/><E79/><V65/><AGARI ba="1,0" hai="16,18,50,54,56,57,62,65,88,94,97,129,130,131" machi="65" ten="30,7900,0" yaku="0,1,19,1,54,2" doraHai="21" who="2" fromWho="2" sc="295,-21,127,-21,173,82,405,-40" /><INIT seed="4,0,0,2,1,8" ten="274,106,255,365" oya="0" hai0="4,93,18,88,68,9,84,25,32,6,74,64,92" hai1="44,5,124,100,31,135,56,71,26,77,70,107,98" hai2="49,45,130,131,90,3,12,72,43,52,50,125,86" hai3="110,33,17,128,39,28,133,117,41,19,38,76,35"/><T53/><D74/><U16/><E135/><V62/><F3/><W47/><G117/><T1/><D68/><U122/><E122/><V78/><F125/><W15/><G110/><T127/><D127/><U96/><E124/><V81/><F62/><W59/><G133/><T10/><D64/><U108/><E108/><V40/><F12/><W34/><G128/><N who="2" m="49193" /><F49/><W63/><G28/><T121/><D121/><U20/><E77/><V89/><F90/><W111/><G111/><T22/><D32/><U0/><E44/><V29/><F29/><W120/><G120/><T7/><D6/><U102/><E56/><V104/><F104/><W73/><G39/><T36/><D36/><U54/><E54/><V103/><F103/><W79/><G73/><T82/><REACH who="0" step="1"/><D53/><REACH who="0" ten="264,106,255,365" step="2"/><U80/><E5/><V13/><F40/><W57/><G34/><T66/><D66/><U51/><E0/><AGARI ba="0,1" hai="0,1,4,7,9,10,18,22,25,82,84,88,92,93" machi="0" ten="30,11600,0" yaku="1,1,7,1,9,1,54,1,53,0" doraHai="8" doraHaiUra="55" who="0" fromWho="1" sc="264,126,106,-116,255,0,365,0" owari="390,48.0,-10,-51.0,255,-14.0,365,17.0" /></mjloggm>