<mjloggm ver="2.3"><GO type="41" lobby="0"/><UN n0="%E3%81%AF%E3%81%A3%E3%81%B1%E3%81%AE%E3%81%B1" n1="%64%61%69%64%61%6F%72%65" n2="%E5%B0%B1%E6%B4%BB%E7%94%9F%40%E5%B7%9D%E6%9D%91%E8%BB%8D%E5%9B%A3" n3="%67%6F%69%73%75%62%61%69" dan="15,14,17,15" rate="1959.51,1882.20,2124.32,1948.56" sx="M,M,M,M"/><TAIKYOKU oya="0"/><INIT seed="0,0,0,5,2,81" ten="250,250,250,250" oya="0" hai0="67,92,133,95,76,28,115,99,62,74,122,12,3" hai1="38,40,66,126,82,65,104,52,33,70,108,55,11" hai2="109,73,42,53,21,61,68,23,22,50,89,19,103" hai3="98,54,10,37,114,121,30,2,105,135,113,9,49"/><T124/><D122/><U5/><E108/><V17/><F73/><W101/><G37/><T58/><D115/><U14/><E126/><V117/><F109/><W102/><G121/><T116/><D116/><U123/><E33/><V0/><F0/><W1/><G135/><T59/><D124/><U7/><E104/><V93/><F117/><W20/><G102/><T6/><D133/><U39/><E123/><V36/><F36/><W64/><G64/><T112/><D112/><U63/><E66/><V46/><F103/><W44/><G10/><T96/><D3/><U84/><E5/><V78/><F78/><W41/><G41/><T132/><D74/><U32/><E32/><V47/><F68/><W80/><G80/><T97/><D28/><U129/><E129/><V119/><F119/><W72/><G72/><T90/><D76/><U29/><E29/><V88/><F89/><W26/><G1/><T106/><D106/><U69/><E69/><V120/><F120/><W107/><REACH who="3" step="1"/><G105/><REACH who="3" ten="250,250,250,240" step="2"/><T27/><D132/><U130/><E39/><V15/><F19/><W60/><G60/><T45/><D62/><U134/><E134/><V118/><F118/><W31/><G31/><T77/><D67/><U100/><E100/><V34/><F61/><W4/><AGARI ba="0,1" hai="2,4,9,20,26,30,44,49,54,98,101,107,113,114" machi="4" ten="30,2000,0" yaku="1,1,0,1,53,0" doraHai="81" doraHaiUra="87" who="3" fromWho="3" sc="250,-10,250,-5,250,-5,240,30" /><INIT seed="1,0,0,0,5,50" ten="240,245,245,270" oya="1" hai0="4,42,44,104,112,132,15,121,47,130,116,22,84" hai1="122,9,55,51,0,109,23,102,64,78,54,6,48" hai2="97,37,124,92,81,33,20,28,3,12,8,89,35" hai3="49,85,14,83,69,59,24,86,11,123,127,135,53"/><U118/><E122/><V110/><F124/><W120/><G69/><T108/><D104/><U31/><E118/><V128/><F110/><W88/><G127/><T61/><D116/><U34/><E109/><V46/><F128/><W107/><G107/><T103/><D108/><U73/><E102/><V68/><F68/><W96/><G135/><T117/><D117/><U106/><E106/><V65/><F65/><W1/><G1/><T113/><D113/><U60/><E34/><V72/><F28/><W77/><G96/><T75/><D112/><U98/><E98/><V74/><F20/><W119/><G24/><T66/><D75/><U91/><E91/><V21/><F21/><W95/><REACH who="3" step="1"/><G119/><REACH who="3" ten="240,245,245,260" step="2"/><T32/><D132/><U25/><E73/><V131/><F3/><W45/><G45/><T126/><D47/><U79/><E79/><V38/><F72/><W94/><G94/><T93/><D93/><U29/><E78/><V56/><F46/><W67/><G67/><T16/><D66/><U87/><E87/><V111/><F74/><W115/><G115/><T41/><D84/><U58/><REACH who="1" step="1"/><E29/><REACH who="1" ten="240,235,245,260" step="2"/><V129/><F111/><W10/><G10/><T18/><D121/><U82/><E82/><V90/><F8/><W62/><G62/><T105/><D61/><U7/><E7/><AGARI ba="0,2" hai="7,11,14,49,53,59,77,83,85,86,88,95,120,123" machi="7" ten="30,7700,0" yaku="1,1,7,1,52,1,54,1,53,0" doraHai="50" doraHaiUra="71" who="3" fromWho="1" sc="240,0,235,-77,245,0,260,97" /><INIT seed="2,0,0,3,4,57" ten="240,158,245,357" oya="2" hai0="20,18,99,14,19,16,52,40,73,90,129,92,54" hai1="101,25,68,23,0,118,38,37,35,12,124,29,2" hai2="127,34,67,55,115,85,10,94,117,113,33,112,39" hai3="100,13,3,114,120,88,30,49,105,58,91,42,60"/><V56/><F39/><W87/><G3/><T7/><D73/><U106/><E118/><V70/><F117/><W97/><G120/><T53/><D129/><U107/><E124/><V76/><F127/><W78/><G114/><T80/><D40/><U63/><E12/><V6/><F70/><W130/><G130/><T109/><D109/><U47/><E23/><V122/><F67/><W108/><G108/><T86/><REACH who="0" step="1"/><D7/><REACH who="0" ten="230,158,245,357" step="2"/><U98/><E107/><V82/><F122/><W110/><G110/><T64/><D64/><N who="1" m="40991" /><E37/><V31/><F31/><W8/><G30/><T61/><D61/><U96/><E96/><V69/><F69/><W111/><G111/><T11/><D11/><U15/><E15/><V21/><F10/><W5/><G42/><AGARI ba="0,1" hai="0,2,25,29,35,38,42,47,98,101,106" m="40991" machi="42" ten="30,7700,0" yaku="25,1,33,2,52,1" doraHai="57" who="1" fromWho="3" sc="230,0,158,87,245,0,357,-77" /><INIT seed="3,0,0,4,0,98" ten="230,245,245,280" oya="3" hai0="96,34,52,97,91,0,126,108,121,71,61,133,44" hai1="3,127,4,54,87,41,55,135,36,117,50,72,31" hai2="28,83,103,29,128,57,134,80,9,38,93,88,92" hai3="66,20,65,49,46,90,62,47,60,19,129,114,39"/><W26/><G114/><T53/><D121/><U43/><E72/><V118/><F38/><W27/><G129/><T124/><D34/><U110/><E110/><V125/><F118/><W89/><G39/><T24/><D0/><U102/><E117/><V107/><F107/><W76/><G76/><T63/><D108/><U95/><E135/><V15/><F125/><N who="0" m="48234" /><D133/><U86/><E127/><V56/><F128/><W105/><G105/><T8/><D8/><U112/><E112/><V2/><F134/><W113/><G113/><T67/><D24/><U1/><E31/><N who="2" m="11851" /><F2/><W111/><G111/><T106/><D91/><U78/><E36/><V99/><F80/><W79/><G79/><T109/><D109/><U120/><E120/><V17/><F83/><W5/><G5/><T33/><D33/><U101/><E78/><V82/><F82/><W48/><G20/><T94/><D94/><U7/><E50/><V30/><N who="2" m="11859" /><V22/><DORA hai="32" /><F22/><W70/><G19/><T14/><D14/><U6/><E6/><V23/><F9/><W25/><G25/><T16/><D16/><U64/><E95/><V11/><F11/><W68/><AGARI ba="0,0" hai="26,27,46,47,48,49,60,62,65,66,68,70,89,90" machi="68" ten="25,4800,0" yaku="0,1,22,2" doraHai="98,32" who="3" fromWho="3" sc="230,-16,245,-16,245,-16,280,48" /><INIT seed="3,1,0,5,3,67" ten="214,229,229,328" oya="3" hai0="13,86,10,28,83,61,22,91,132,87,129,1,49" hai1="76,25,131,126,17,110,114,100,102,80,59,53,68" hai2="56,106,73,30,16,119,107,47,7,23,54,55,8" hai3="43,118,62,115,85,103,39,64,70,81,90,113,34"/><W123/><G118/><T42/><D132/><U88/><E114/><V20/><F119/><W125/><G123/><T40/><D129/><U45/><E131/><V99/><F73/><W19/><G125/><T120/><D1/><U36/><E126/><V105/><F30/><W31/><G103/><T9/><D61/><U27/><E110/><V92/><F47/><W11/><G34/><T124/><D124/><U24/><E17/><V71/><F71/><W26/><G31/><T93/><D120/><U135/><E135/><V95/><F20/><W65/><G65/><T117/><D117/><U33/><E33/><V134/><F134/><W84/><G43/><T29/><D9/><U112/><E112/><V111/><F111/><W3/><G39/><T104/><D104/><U89/><E68/><V94/><F56/><W50/><G50/><T121/><D121/><U37/><E37/><V96/><F96/><W69/><G69/><T128/><D128/><U32/><E32/><V38/><F99/><W57/><G57/><T6/><D22/><U66/><E36/><V48/><F48/><W74/><G74/><T0/><D0/><U35/><E35/><V122/><F38/><W78/><G26/><T133/><D133/><U75/><E66/><V21/><F21/><W14/><REACH who="3" step="1"/><G3/><REACH who="3" ten="214,229,229,318" step="2"/><T127/><D127/><U18/><E45/><V5/><F122/><W72/><G72/><T63/><D63/><N who="1" m="36335" /><E102/><V109/><F109/><W41/><G41/><N who="0" m="15979" /><D49/><U44/><E44/><V98/><F55/><W58/><G58/><T12/><D13/><U108/><E108/><V2/><F54/><RYUUKYOKU ba="1,1" sc="214,15,229,-15,229,-15,318,15" hai0="6,10,12,28,29,83,86,87,91,93" hai3="11,14,19,62,64,70,78,81,84,85,90,113,115" /><INIT seed="3,2,1,2,5,125" ten="229,214,214,333" oya="3" hai0="21,94,52,86,14,59,19,123,7,42,26,111,41" hai1="127,106,62,49,72,101,58,70,13,15,18,34,54" hai2="124,35,80,75,78,64,81,46,37,100,88,48,135" hai3="4,112,6,40,63,3,65,128,45,30,24,93,67"/><W27/><G112/><T99/><D111/><U122/><E122/><V110/><F35/><W22/><G67/><T56/><D56/><U1/><E127/><V10/><F37/><W36/><G128/><T5/><D123/><U8/><E72/><V33/><F33/><W119/><G119/><T98/><D99/><U109/><E109/><V23/><F124/><W66/><G66/><T69/><D69/><U44/><E70/><V77/><F110/><W102/><G3/><T9/><D86/><U90/><E34/><V0/><F135/><W132/><G132/><T91/><REACH who="0" step="1"/><D5/><REACH who="0" ten="219,214,214,333" step="2"/><U20/><E58/><V104/><F75/><W97/><G24/><T76/><D76/><U116/><E116/><V51/><F78/><W55/><G55/><T25/><D25/><U16/><E54/><V114/><F77/><W74/><G74/><T118/><D118/><U107/><E62/><AGARI ba="2,2" hai="7,9,14,19,21,26,41,42,52,59,62,91,94,98" machi="62" ten="30,12000,2" yaku="1,1,7,1,25,2,8,1,54,1,53,0" doraHai="125" doraHaiUra="117" who="0" fromWho="1" sc="219,146,214,-126,214,0,333,0" /><INIT seed="4,0,0,4,0,48" ten="365,88,214,333" oya="0" hai0="101,72,95,62,44,97,18,111,22,61,54,71,92" hai1="40,64,12,65,75,46,125,33,58,60,103,113,66" hai2="93,56,39,127,122,63,42,21,70,11,55,23,2" hai3="114,74,31,109,59,89,5,8,7,106,47,67,76"/><T14/><D72/><U87/><E75/><V27/><F122/><W81/><G109/><T50/><D111/><U4/><E33/><V69/><F127/><W32/><G114/><T107/><D71/><U37/><E103/><V112/><F112/><W119/><G119/><T41/><D107/><U110/><E110/><V6/><F23/><W1/><G5/><T135/><D135/><U130/><E113/><V20/><F20/><W118/><G118/><T133/><D133/><U49/><E125/><V117/><F117/><W26/><G89/><T90/><D41/><U94/><E130/><V86/><F42/><W102/><G47/><T134/><D134/><U108/><E108/><V85/><F39/><W3/><G59/><T24/><D24/><U132/><E132/><V30/><REACH who="2" step="1"/><F85/><AGARI ba="0,0" hai="14,18,22,44,50,54,61,62,85,90,92,95,97,101" machi="85" ten="30,5800,0" yaku="7,1,8,1,52,1" doraHai="48" who="0" fromWho="2" sc="365,58,88,0,214,-58,333,0" /><INIT seed="4,1,0,1,3,28" ten="423,88,156,333" oya="0" hai0="75,87,135,39,132,21,58,91,105,83,40,26,18" hai1="27,119,116,114,16,34,14,57,131,76,4,99,112" hai2="81,37,102,29,93,54,96,78,129,7,50,107,32" hai3="71,10,56,41,117,9,106,121,3,118,31,104,113"/><T69/><D105/><U1/><E57/><V92/><F37/><W123/><G71/><T111/><D69/><U23/><E99/><V45/><F129/><W59/><G41/><T46/><D75/><U90/><E90/><V13/><F7/><W98/><G31/><T61/><REACH who="0" step="1"/><D111/><REACH who="0" ten="413,88,156,333" step="2"/><U77/><E131/><V6/><F107/><W65/><G106/><T110/><D110/><U128/><E128/><V38/><F93/><W74/><G104/><T22/><D22/><U73/><E73/><V101/><F92/><W5/><G74/><T33/><D33/><U60/><E60/><V11/><F32/><W72/><G72/><T97/><D97/><U51/><E34/><V88/><F96/><W103/><G98/><T84/><D84/><U89/><E119/><V8/><F8/><W115/><G9/><T36/><D36/><U15/><E116/><V68/><F38/><W122/><G103/><T125/><D125/><U19/><E51/><V48/><F68/><W44/><G118/><T63/><D63/><U0/><E4/><V109/><F48/><W130/><G117/><T25/><D25/><U2/><E27/><V35/><F35/><W126/><G130/><T49/><D49/><U55/><E23/><V127/><F6/><W67/><G126/><T20/><D20/><U12/><E114/><V42/><F50/><W86/><G86/><T79/><D79/><U80/><E112/><N who="3" m="43082" /><G44/><T52/><AGARI ba="1,1" hai="18,21,26,39,40,46,52,58,61,83,87,91,132,135" machi="52" ten="30,6000,0" yaku="1,1,0,1,54,1,53,0" doraHai="28" doraHaiUra="94" who="0" fromWho="0" sc="413,73,88,-21,156,-21,333,-21" /><INIT seed="4,2,0,1,1,99" ten="486,67,135,312" oya="0" hai0="68,97,84,101,90,96,11,8,135,15,100,58,115" hai1="128,110,28,133,114,47,72,32,87,35,53,129,71" hai2="85,86,49,92,12,103,124,60,70,63,45,22,113" hai3="105,51,46,89,14,29,23,10,40,77,127,125,1"/><T76/><D115/><U108/><E71/><V34/><F34/><W123/><G1/><T69/><D135/><U43/><E72/><V54/><F113/><W48/><G123/><T106/><D76/><U65/><E87/><N who="2" m="33291" /><F70/><W119/><G119/><T57/><D84/><U9/><E65/><V107/><F107/><W73/><G105/><T33/><D106/><U52/><E133/><V13/><F124/><W81/><G89/><T95/><D90/><U42/><E9/><V37/><F37/><W78/><G78/><T24/><D24/><U30/><REACH who="1" step="1"/><E114/><REACH who="1" ten="486,57,135,312" step="2"/><V130/><F130/><W91/><G10/><T36/><D11/><U59/><E59/><V98/><F22/><W50/><G23/><T83/><D8/><U7/><E7/><V118/><F118/><W75/><G75/><T64/><D64/><U104/><E104/><V39/><F39/><W38/><G38/><T79/><D36/><U66/><E66/><V4/><F4/><W121/><G121/><T94/><D69/><U88/><E88/><V93/><F93/><W82/><G91/><T109/><D68/><U116/><E116/><V120/><F120/><W74/><G74/><T27/><D95/><U122/><E122/><V126/><F126/><W80/><G127/><T132/><D94/><U117/><E117/><V18/><F18/><W44/><G125/><T62/><D132/><U20/><E20/><V131/><F131/><W61/><G73/><T55/><D33/><U111/><E111/><V21/><F21/><W16/><G16/><T56/><D109/><U5/><E5/><V41/><F92/><RYUUKYOKU ba="2,1" sc="486,-10,57,30,135,-10,312,-10" hai1="28,30,32,35,42,43,47,52,53,108,110,128,129" /><INIT seed="5,3,1,0,4,30" ten="476,87,125,302" oya="1" hai0="106,46,19,108,50,134,27,104,41,64,21,71,44" hai1="24,81,23,93,115,107,36,84,80,69,91,40,131" hai2="9,56,121,116,102,72,68,52,53,78,34,33,2" hai3="16,122,123,12,10,89,100,61,11,59,105,20,128"/><U113/><E131/><V47/><F68/><W26/><G105/><T38/><D108/><U126/><E126/><V124/><F116/><W48/><G100/><T66/><D134/><U92/><E107/><V96/><F121/><W8/><G48/><T55/><D66/><U86/><E69/><V76/><F124/><W94/><G128/><T3/><D3/><U119/><E119/><V111/><F111/><W77/><G77/><T73/><D73/><U65/><E65/><V83/><F76/><W5/><G123/><T32/><D32/><U45/><E115/><V133/><F133/><W39/><G39/><T125/><D125/><U7/><E7/><V112/><F112/><W42/><G42/><T57/><D46/><U35/><E113/><V70/><F70/><W129/><G129/><T101/><D101/><U17/><REACH who="1" step="1"/><E35/><REACH who="1" ten="476,77,125,302" step="2"/><V63/><F2/><W1/><G1/><T22/><D64/><U75/><E75/><V67/><F9/><W49/><G122/><T85/><D71/><U6/><E6/><V79/><F79/><AGARI ba="3,2" hai="17,23,24,36,40,45,79,80,81,84,86,91,92,93" machi="79" ten="30,5800,0" yaku="1,1,7,1,53,1" doraHai="30" doraHaiUra="13" who="1" fromWho="2" sc="476,0,77,87,125,-67,302,0" /><INIT seed="5,4,0,5,0,119" ten="476,164,58,302" oya="1" hai0="31,25,69,131,6,2,12,88,109,129,68,47,113" hai1="121,130,53,21,124,86,122,28,59,107,126,80,44" hai2="89,29,66,67,22,83,57,79,49,100,40,11,111" hai3="133,96,1,118,101,42,112,5,108,18,45,106,90"/><U63/><E107/><V38/><F111/><W94/><G108/><T14/><D109/><U61/><E130/><V15/><F38/><W93/><G118/><T30/><D113/><U51/><E28/><N who="0" m="10793" /><D25/><U102/><E102/><V117/><F100/><W7/><G112/><T33/><D88/><N who="1" m="51271" /><E21/><V104/><F117/><W135/><G18/><T34/><D68/><U132/><E132/><N who="3" m="50762" /><G1/><T73/><D69/><U20/><E20/><V65/><F104/><W98/><G106/><T16/><D73/><U64/><E61/><V0/><F0/><W110/><G110/><T75/><D75/><U95/><E95/><V99/><F99/><W26/><G26/><T3/><D2/><U74/><E74/><V85/><F79/><W13/><G13/><T82/><D3/><U81/><E81/><V56/><F22/><W9/><G9/><N who="0" m="4151" /><D82/><U35/><E35/><N who="0" m="13321" /><D47/><U116/><E116/><V134/><F29/><W84/><G98/><T78/><D78/><U32/><E32/><V123/><F123/><W55/><G96/><T43/><D43/><U71/><E71/><V62/><F134/><W114/><G42/><T128/><D128/><U120/><E120/><V8/><F8/><AGARI ba="4,0" hai="8,14,16,129,131" m="13321,4151,10793" machi="8" ten="30,3900,0" yaku="34,2,54,1" doraHai="119" who="0" fromWho="2" sc="476,51,164,0,58,-51,302,0" /><INIT seed="6,0,0,3,2,79" ten="527,164,7,302" oya="2" hai0="98,63,62,90,68,134,38,33,81,76,82,116,47" hai1="121,99,5,7,55,88,129,27,106,72,107,53,20" hai2="44,10,125,97,131,78,52,17,69,60,133,100,16" hai3="127,26,122,51,128,9,85,112,96,21,115,64,114"/><V56/><F69/><W132/><G122/><T119/><D33/><U45/><E121/><V94/><F131/><W75/><G75/><T83/><D76/><U117/><E117/><V70/><F70/><W37/><G37/><T24/><D134/><U3/><E72/><V35/><F35/><W67/><G132/><T124/><D124/><U108/><E129/><V48/><F133/><W59/><G128/><T89/><D68/><U14/><E3/><V32/><F32/><W28/><G127/><T12/><D24/><U13/><E107/><V104/><F125/><W25/><G96/><T15/><D98/><U30/><E106/><V105/><F78/><W74/><G74/><T8/><D47/><U92/><E108/><V43/><F105/><W80/><G26/><T130/><D38/><U103/><E103/><V41/><F104/><W1/><G51/><T29/><D29/><U73/><E73/><V95/><F95/><W91/><G59/><T36/><D8/><N who="1" m="4239" /><E45/><V50/><F10/><AGARI ba="0,0" hai="7,10,14,20,27,30,53,55,88,92,99" m="4239" machi="10" ten="30,2000,0" yaku="8,1,54,1" doraHai="79" who="1" fromWho="2" sc="527,0,164,20,7,-20,302,0" owari="527,63.0,184,-22.0,-13,-51.0,302,10.0" /></mjloggm>