<mjloggm ver="2.3"><GO type="169" lobby="0"/><UN n0="%E4%BB%AE%E9%B3%B3%E5%87%B0%E6%B0%91" n1="%E3%82%A6%E3%83%AB%E3%83%88%E3%83%A9%E7%AB%8B%E7%9B%B4" n2="%E9%81%8A%E8%B5%B0" n3="%E8%8A%B1%E6%BE%AA" dan="17,17,17,16" rate="2153.31,2148.29,2199.96,2079.70" sx="M,M,M,F"/><TAIKYOKU oya="0"/><INIT seed="0,0,0,5,1,88" ten="250,250,250,250" oya="0" hai0="28,70,12,82,50,129,44,135,77,120,56,68,20" hai1="16,4,21,63,41,23,101,54,114,92,34,85,67" hai2="52,97,22,102,2,127,26,66,121,49,110,96,47" hai3="131,99,79,25,17,123,45,133,51,103,19,38,100"/><T71/><D120/><U81/><E34/><V65/><F121/><W125/><G123/><T61/><D129/><U69/><E4/><V36/><F127/><W93/><G131/><T27/><D135/><U78/><E41/><V90/><F110/><W24/><G125/><T83/><D12/><U105/><E114/><V62/><F2/><W128/><G128/><T58/><D61/><U111/><E111/><V57/><F36/><W30/><G38/><T87/><REACH who="0" step="1"/><D83/><REACH who="0" ten="240,250,250,250" step="2"/><U116/><E63/><V134/><F134/><W29/><G133/><T124/><D124/><U59/><E81/><V31/><F66/><W37/><G25/><T3/><D3/><U39/><E67/><V15/><F102/><W91/><G24/><T106/><D106/><U8/><E105/><V107/><F107/><W132/><G132/><T55/><AGARI ba="0,1" hai="20,27,28,44,50,55,56,58,68,70,71,77,82,87" machi="55" ten="30,3000,0" yaku="1,1,0,1,53,0" doraHai="88" doraHaiUra="5" who="0" fromWho="0" sc="240,40,250,-10,250,-10,250,-10" /><INIT seed="0,1,0,5,5,3" ten="280,240,240,240" oya="0" hai0="118,97,29,25,57,27,17,61,23,38,111,116,0" hai1="54,112,108,103,2,89,67,77,16,76,59,115,88" hai2="121,11,94,127,114,30,12,44,10,134,26,73,13" hai3="81,122,92,43,109,117,129,8,6,65,102,70,85"/><T46/><D0/><U1/><E67/><V37/><F121/><W98/><G117/><T74/><D74/><U87/><E103/><V133/><F73/><W78/><G122/><T91/><D111/><U131/><E108/><V132/><F114/><N who="1" m="43561" /><E2/><V9/><F94/><W45/><G109/><T104/><D46/><U110/><E110/><V41/><REACH who="2" step="1"/><F127/><REACH who="2" ten="280,240,230,240" step="2"/><W14/><G129/><T123/><D123/><U68/><E131/><V93/><F93/><W90/><G70/><T4/><D116/><U120/><E68/><V71/><F71/><W5/><G65/><T24/><D118/><U53/><E120/><V75/><F75/><W22/><G102/><T126/><D126/><U107/><E107/><V28/><F28/><W130/><G130/><T60/><D104/><U42/><E42/><V34/><AGARI ba="1,1" hai="9,10,11,12,13,26,30,34,37,41,44,132,133,134" machi="34" ten="40,12000,2" yaku="1,1,0,1,20,1,53,3" doraHai="3" doraHaiUra="7" who="2" fromWho="2" sc="280,-61,240,-31,230,133,240,-31" /><INIT seed="1,0,0,2,0,63" ten="219,209,363,209" oya="1" hai0="32,56,92,133,49,80,117,45,31,20,18,2,74" hai1="129,42,8,9,121,109,13,5,0,110,48,103,62" hai2="36,123,97,16,118,111,51,44,4,64,90,84,120" hai3="67,34,53,99,58,108,85,11,39,82,1,59,17"/><U35/><E103/><V132/><F118/><W113/><G113/><T68/><D68/><U124/><E42/><V66/><F36/><W26/><G39/><T23/><D2/><U93/><E48/><V43/><F132/><W96/><G108/><N who="1" m="41578" /><E93/><V33/><F111/><W38/><G38/><T88/><D56/><U14/><E121/><V30/><F4/><W95/><G1/><T52/><D133/><U54/><E35/><V83/><F120/><W94/><G34/><T70/><D32/><U47/><E47/><V28/><F123/><W65/><G11/><T105/><D105/><U57/><E124/><V40/><F40/><W75/><G75/><T73/><D117/><U27/><E129/><V61/><F33/><W114/><G114/><T55/><D70/><U41/><E41/><V37/><F37/><W112/><G112/><T72/><D80/><U77/><E27/><V106/><F61/><N who="3" m="36047" /><G59/><T15/><D55/><U81/><E9/><V126/><F126/><W19/><G95/><T21/><D72/><AGARI ba="0,0" hai="0,5,8,13,14,54,57,62,72,77,81" m="41578" machi="72" ten="30,2900,0" yaku="14,1,10,1" doraHai="63" who="1" fromWho="0" sc="219,-29,209,29,363,0,209,0" /><INIT seed="1,1,0,2,0,12" ten="190,238,363,209" oya="1" hai0="40,94,55,44,86,74,125,90,79,32,77,36,135" hai1="53,126,131,20,114,97,58,82,124,45,26,10,102" hai2="41,25,119,6,61,48,85,98,47,116,108,123,121" hai3="112,49,50,95,129,34,28,31,63,30,122,107,42"/><U92/><E114/><V39/><F98/><W78/><G112/><T7/><D32/><U87/><E10/><V96/><F96/><W43/><G122/><T132/><D125/><U134/><E45/><N who="2" m="23743" /><F85/><W1/><G107/><T18/><D7/><U93/><E93/><V117/><F25/><W15/><G1/><T5/><D5/><U127/><E131/><V89/><F89/><W17/><G129/><T37/><D37/><U54/><E58/><V100/><F100/><W111/><G111/><T29/><D29/><U84/><E134/><N who="0" m="51241" /><D74/><U110/><E110/><V133/><F6/><W105/><G105/><T109/><D109/><U51/><E51/><N who="3" m="19466" /><G34/><T71/><D71/><U60/><E60/><V35/><F35/><W99/><G78/><T80/><D55/><N who="1" m="21003" /><E82/><V64/><F108/><W68/><G63/><T16/><D80/><U24/><E24/><V14/><F14/><W88/><G68/><T13/><D13/><U130/><E130/><V19/><F133/><W104/><G104/><T115/><D115/><U52/><N who="1" m="21011" /><U65/><DORA hai="101" /><E65/><V21/><F64/><W103/><G103/><T8/><D8/><AGARI ba="1,0" hai="8,15,17,28,30,31,42,43,88,95,99" m="19466" machi="8" ten="30,3900,0" yaku="8,1,52,1,54,1" doraHai="12,101" who="3" fromWho="0" sc="190,-42,238,0,363,0,209,42" /><INIT seed="2,0,0,3,2,33" ten="148,238,363,251" oya="2" hai0="42,22,133,65,13,4,64,74,103,98,28,100,15" hai1="96,89,32,119,106,39,54,27,87,84,8,117,121" hai2="131,97,128,120,114,90,105,85,56,95,49,78,134" hai3="113,107,41,38,88,5,23,12,101,102,60,10,16"/><V44/><F120/><W1/><G113/><T14/><D74/><U80/><E121/><V111/><F114/><W59/><G107/><T0/><D133/><U126/><E39/><V94/><F56/><W91/><G41/><T50/><D0/><U17/><E126/><V75/><F49/><W63/><G38/><T125/><D4/><U2/><E54/><V115/><F44/><W108/><G108/><T92/><D100/><U47/><E47/><V24/><F24/><W130/><G130/><N who="2" m="49705" /><F115/><W110/><G110/><T25/><D125/><U81/><E32/><V123/><F111/><W135/><G135/><T57/><D42/><U129/><E129/><V48/><F48/><W72/><G72/><T68/><D68/><U3/><E119/><V99/><F123/><W93/><G63/><T11/><D11/><U116/><E117/><V21/><F21/><W26/><G1/><T43/><REACH who="0" step="1"/><D57/><REACH who="0" ten="138,238,363,251" step="2"/><U77/><E116/><V86/><F134/><W9/><G9/><T109/><D109/><U127/><E127/><V37/><F105/><W6/><G6/><T35/><D35/><U79/><E106/><V62/><F37/><W118/><G118/><T124/><D124/><U40/><E40/><V7/><F7/><W71/><G71/><T66/><D66/><U69/><E69/><V53/><F75/><W51/><G102/><T132/><D132/><U52/><E8/><V58/><F78/><W73/><G73/><T19/><D19/><U61/><E79/><V112/><F112/><W18/><G18/><T104/><D104/><U36/><E77/><V67/><F67/><RYUUKYOKU ba="0,1" sc="138,15,238,-15,363,15,251,-15" hai0="13,14,15,22,25,28,43,50,64,65,92,98,103" hai2="53,58,62,85,86,90,94,95,97,99" /><INIT seed="2,1,1,0,1,76" ten="153,223,378,236" oya="2" hai0="53,78,5,56,13,73,133,70,127,126,15,124,4" hai1="0,117,32,83,20,125,37,57,112,48,74,40,51" hai2="31,85,102,45,82,17,87,64,90,36,41,19,47" hai3="108,21,114,93,43,122,46,131,106,98,103,67,84"/><V29/><F102/><W22/><G122/><T7/><D70/><U89/><E32/><V104/><F104/><W62/><G108/><T113/><D113/><U109/><E117/><V49/><F64/><W105/><G114/><T94/><D133/><U118/><E118/><V134/><F134/><W8/><G131/><T33/><D33/><U129/><E129/><V119/><F119/><W24/><G8/><T11/><D94/><U88/><E109/><V23/><F87/><W72/><G72/><T26/><D26/><U50/><E125/><V55/><F17/><W111/><G111/><T66/><D66/><U60/><E112/><V18/><REACH who="2" step="1"/><F18/><REACH who="2" ten="153,223,368,236" step="2"/><W123/><G106/><T130/><D130/><U52/><E74/><V69/><F69/><W107/><G105/><T86/><D73/><U38/><E0/><V96/><F96/><W80/><G107/><T77/><D86/><U100/><E100/><V121/><F121/><W59/><G123/><T10/><REACH who="0" step="1"/><D5/><REACH who="0" ten="143,223,368,236" step="2"/><U128/><E128/><V6/><F6/><W71/><G71/><T30/><D30/><U27/><E27/><AGARI ba="1,3" hai="19,23,27,29,31,36,41,45,47,49,55,82,85,90" machi="27" ten="30,5800,0" yaku="1,1,7,1,52,1,53,0" doraHai="76" doraHaiUra="28" who="2" fromWho="1" sc="143,0,223,-61,368,91,236,0" /><INIT seed="2,2,0,0,3,77" ten="143,162,459,236" oya="2" hai0="58,69,61,56,70,74,65,99,33,83,4,38,120" hai1="112,79,130,71,90,17,53,59,13,111,123,49,12" hai2="51,118,126,72,19,30,1,84,116,36,50,134,129" hai3="64,125,68,16,23,124,60,47,104,37,31,89,40"/><V105/><F72/><W43/><G104/><T88/><D120/><U107/><E112/><V86/><F1/><W108/><G108/><T21/><D33/><U26/><E123/><V34/><F105/><W96/><G31/><T3/><D38/><U48/><E130/><V6/><F36/><W25/><REACH who="3" step="1"/><G43/><REACH who="3" ten="143,162,459,226" step="2"/><T109/><D109/><U9/><E107/><V52/><F129/><W95/><AGARI ba="2,1" hai="16,23,25,37,40,47,60,64,68,89,95,96,124,125" machi="95" ten="30,7900,0" yaku="1,1,2,1,0,1,54,1,53,0" doraHai="77" doraHaiUra="106" who="3" fromWho="3" sc="143,-22,162,-22,459,-41,226,95" /><INIT seed="3,0,0,1,5,34" ten="121,140,418,321" oya="3" hai0="54,23,52,93,114,65,104,122,81,69,84,116,89" hai1="110,36,51,68,74,99,28,40,12,4,10,82,102" hai2="55,86,21,61,48,128,13,117,62,24,105,129,33" hai3="35,133,71,46,44,7,43,123,103,0,38,64,17"/><W108/><G123/><T15/><D104/><U77/><E68/><V134/><F117/><W3/><G35/><T126/><D116/><U30/><E110/><V31/><F105/><W20/><G133/><T27/><D122/><U66/><E66/><V98/><F134/><W106/><G108/><T58/><D126/><U49/><E49/><V92/><F86/><W59/><G7/><T78/><D15/><U72/><E72/><V115/><F115/><W45/><G71/><T50/><D114/><U113/><E113/><V118/><F118/><W42/><G103/><T130/><D130/><N who="2" m="50282" /><F13/><W91/><G106/><T67/><D54/><U73/><E73/><V90/><F21/><W41/><G91/><T127/><D69/><U119/><E51/><V94/><F94/><W101/><G101/><T107/><D107/><U132/><E132/><V124/><F124/><W60/><REACH who="3" step="1"/><G38/><REACH who="3" ten="121,140,418,311" step="2"/><T37/><D37/><U87/><E119/><V11/><F90/><W47/><N who="3" m="11264" /><DORA hai="120" /><W14/><AGARI ba="0,1" hai="0,3,14,17,20,41,42,43,59,60,64" m="11264" machi="14" ten="50,12000,1" yaku="1,1,4,1,0,1,52,2,53,0" doraHai="34,120" doraHaiUra="70,79" who="3" fromWho="3" sc="121,-40,140,-40,418,-40,311,130" /><INIT seed="3,1,0,2,5,27" ten="81,100,378,441" oya="3" hai0="35,33,3,11,77,14,117,32,36,4,0,125,123" hai1="64,1,94,5,40,91,60,44,62,129,107,34,89" hai2="68,116,127,79,10,25,38,102,28,100,121,39,92" hai3="73,103,109,16,47,93,19,2,9,45,78,90,70"/><W8/><G70/><T76/><D36/><U7/><E107/><V56/><F116/><W135/><G135/><T37/><D37/><U6/><E129/><V84/><F68/><W96/><G109/><T119/><D77/><U75/><E75/><V49/><F121/><W122/><G122/><T126/><D123/><U59/><E34/><V22/><F127/><N who="0" m="48650" /><D76/><U29/><E1/><AGARI ba="1,0" hai="0,1,3,4,11,14,32,33,35,117,119" m="48650" machi="1" ten="40,5200,0" yaku="18,1,34,2" doraHai="27" who="0" fromWho="1" sc="81,55,100,-55,378,0,441,0" /><INIT seed="4,0,0,0,0,16" ten="136,45,378,441" oya="0" hai0="10,18,12,34,124,80,60,127,129,101,53,117,37" hai1="88,112,125,78,52,36,5,107,72,111,86,29,28" hai2="83,26,114,17,73,46,32,65,71,54,40,92,3" hai3="6,95,68,4,19,22,51,31,94,91,1,133,48"/><T38/><D117/><U11/><E111/><V35/><F3/><W93/><G68/><T23/><D34/><U104/><E125/><N who="0" m="48201" /><D129/><U8/><E36/><N who="0" m="13929" /><D101/><U122/><E122/><V121/><F121/><W67/><G133/><T131/><D131/><U44/><E112/><V82/><F114/><W14/><G1/><T49/><D60/><U97/><E72/><V74/><F54/><W103/><G67/><T119/><D119/><U130/><E130/><V108/><F108/><W87/><G103/><T134/><D80/><N who="1" m="47383" /><E107/><V47/><F92/><N who="3" m="54399" /><G31/><N who="1" m="11850" /><E104/><V13/><F65/><W85/><G85/><T98/><D98/><U100/><E100/><V42/><F71/><W41/><G41/><T2/><D134/><U105/><E105/><V33/><F74/><W55/><G51/><T116/><D116/><U21/><E5/><V63/><F73/><W99/><G99/><T113/><D113/><U61/><E97/><V69/><F63/><W7/><G7/><T90/><D90/><U45/><E88/><V59/><F69/><W118/><G118/><T135/><D135/><U75/><E75/><V84/><F84/><W70/><G70/><T66/><D2/><U79/><E79/><V123/><F123/><W62/><G62/><T56/><D66/><U25/><E61/><V102/><F102/><W128/><G128/><T27/><D49/><N who="1" m="28711" /><E45/><AGARI ba="0,0" hai="4,6,14,19,22,45,48,55,93,94,95" m="54399" machi="45" ten="30,2000,0" yaku="8,1,52,1" doraHai="16" who="3" fromWho="1" sc="136,0,45,-20,378,0,441,20" /><INIT seed="5,0,0,3,3,41" ten="136,25,378,461" oya="1" hai0="102,15,123,86,3,61,133,32,14,130,22,60,38" hai1="94,30,95,19,11,104,127,118,28,37,135,12,42" hai2="101,91,58,108,62,96,116,109,107,67,23,119,88" hai3="26,97,39,54,56,50,35,84,1,69,25,105,17"/><U46/><E118/><V53/><F119/><W126/><G69/><T87/><D32/><U24/><E127/><V21/><F116/><W29/><G126/><T121/><D3/><U48/><E135/><V59/><F109/><W40/><G1/><T82/><D133/><U129/><E129/><V55/><F108/><W75/><G75/><T36/><D102/><U74/><E104/><V45/><F67/><W131/><G131/><T44/><D130/><U5/><E74/><V79/><F79/><W106/><G84/><T4/><D4/><U100/><E37/><V78/><F78/><W9/><G97/><T112/><D112/><U47/><E47/><V111/><F111/><W115/><G115/><T114/><D114/><U90/><E100/><V18/><F21/><W65/><G65/><T49/><D49/><U70/><E70/><V98/><F98/><W85/><G85/><T0/><D0/><U57/><E57/><V2/><F2/><W34/><G9/><T64/><D22/><N who="1" m="13407" /><E94/><V92/><F107/><W103/><G103/><T76/><D76/><U52/><E42/><V72/><F72/><W81/><G106/><T128/><D128/><U89/><E89/><V83/><F83/><W120/><G105/><T13/><D82/><U117/><E117/><V27/><F45/><W43/><G81/><T68/><D38/><U6/><E6/><V7/><F7/><W66/><G39/><T134/><D134/><U77/><E77/><V80/><F80/><W73/><G73/><T33/><D36/><U99/><AGARI ba="0,0" hai="5,11,12,28,30,46,48,52,90,95,99" m="13407" machi="99" ten="30,6000,0" yaku="8,1,52,1,54,1" doraHai="41" who="1" fromWho="1" sc="136,-20,25,60,378,-20,461,-20" /><INIT seed="5,1,0,4,0,23" ten="116,85,358,441" oya="1" hai0="88,121,39,62,82,13,36,81,80,87,26,97,124" hai1="92,27,78,43,75,56,50,71,35,61,104,112,94" hai2="96,114,85,102,48,95,58,2,83,15,59,10,128" hai3="119,93,31,100,20,12,3,122,131,45,21,64,53"/><U72/><E104/><V79/><F128/><W107/><G122/><T74/><D121/><U68/><E112/><V101/><F114/><W125/><G131/><T117/><D117/><U16/><E71/><V37/><F37/><W116/><G125/><T63/><D124/><U118/><E118/><N who="3" m="45098" /><G3/><T42/><D97/><U38/><E75/><V52/><F2/><W55/><G107/><T25/><D74/><U6/><E6/><V40/><F40/><W76/><G76/><T51/><D39/><U60/><E38/><V113/><F113/><W14/><G64/><T90/><D13/><N who="3" m="5225" /><G45/><N who="0" m="26039" /><D36/><U91/><E78/><V84/><F84/><W133/><G133/><T120/><D120/><U123/><E72/><V105/><F105/><W109/><G109/><T130/><D130/><U67/><E123/><V66/><F66/><W34/><G34/><T103/><D103/><U22/><E35/><V24/><F24/><N who="0" m="9322" /><D90/><U41/><E91/><N who="2" m="55423" /><F59/><W111/><G100/><T106/><D106/><U110/><E110/><V4/><AGARI ba="1,0" hai="4,10,15,48,52,58,79,83,85,101,102" m="55423" machi="4" ten="30,2000,0" yaku="8,1,54,1" doraHai="23" who="2" fromWho="2" sc="116,-6,85,-11,358,23,441,-6" /><INIT seed="6,0,0,5,2,119" ten="110,74,381,435" oya="2" hai0="54,68,59,135,129,69,76,63,120,56,48,126,42" hai1="131,132,134,26,80,4,89,101,47,90,3,23,75" hai2="94,74,115,29,121,30,12,108,107,102,106,44,14" hai3="45,6,10,95,64,9,53,128,112,15,57,8,25"/><V114/><F74/><W91/><G128/><T85/><D76/><N who="1" m="44063" /><E4/><V66/><F66/><W133/><G133/><N who="1" m="51306" /><E3/><V20/><F44/><W17/><G112/><N who="2" m="43049" /><F121/><W96/><G64/><T7/><D7/><U116/><E116/><V130/><F130/><W125/><G45/><N who="0" m="25655" /><D85/><U37/><E131/><V46/><F46/><W81/><G125/><T49/><D129/><U41/><E101/><V109/><F94/><W124/><G124/><T98/><D98/><U27/><E27/><N who="2" m="16615" /><F30/><AGARI ba="0,0" hai="23,26,30,37,41,47,89,90" m="51306,44063" machi="30" ten="30,1000,0" yaku="20,1" doraHai="119" who="1" fromWho="2" sc="110,0,74,10,381,-10,435,0" /><INIT seed="7,0,0,2,3,105" ten="110,84,371,435" oya="3" hai0="74,64,53,69,125,13,115,67,2,85,35,63,76" hai1="18,92,80,71,70,95,28,68,107,50,94,7,89" hai2="100,121,117,123,34,99,79,77,129,130,113,93,104" hai3="37,26,12,29,114,128,97,127,78,126,6,23,24"/><W1/><G114/><T122/><D122/><N who="2" m="46602" /><F34/><W42/><G128/><N who="2" m="49257" /><F113/><W91/><G78/><N who="2" m="29705" /><F117/><W19/><G37/><T46/><D115/><U102/><E28/><V96/><F96/><W111/><G97/><T124/><D35/><U133/><E133/><V40/><F40/><W134/><G134/><T8/><D2/><U45/><E7/><V11/><F11/><N who="3" m="2511" /><G42/><T103/><D8/><U36/><E36/><V4/><F4/><W131/><G131/><T51/><D124/><N who="3" m="47657" /><G111/><T58/><D125/><U49/><E107/><AGARI ba="0,0" hai="93,99,100,104,107" m="29705,49257,46602" machi="107" ten="40,8000,1" yaku="13,1,19,1,34,2" doraHai="105" who="2" fromWho="1" sc="110,0,84,-80,371,80,435,0" owari="110,-29.0,4,-50.0,451,55.0,435,24.0" /></mjloggm>