<mjloggm ver="2.3"><GO type="97" lobby="0"/><UN n0="%31%33%E3%83%A2%E3%83%B3%E3%82%AD%E3%83%BC" n1="%E5%B0%B1%E6%B4%BB%E7%94%9F%40%E5%B7%9D%E6%9D%91%E8%BB%8D%E5%9B%A3" n2="%E8%B5%A4%E3%81%AE%E6%B4%9E%E7%AA%9F" n3="%E5%8D%B0%E5%8D%97%E3%81%BE%E3%81%B2%E3%82%8B" dan="13,15,14,14" rate="1827.68,1961.74,1976.20,1962.75" sx="M,M,M,F"/><TAIKYOKU oya="0"/><INIT seed="0,0,0,5,4,4" ten="250,250,250,250" oya="0" hai0="28,65,88,89,14,9,32,34,16,46,135,29,102" hai1="48,30,61,99,103,2,129,118,92,114,106,107,76" hai2="127,3,67,132,57,116,115,82,128,19,133,79,85" hai3="12,66,56,101,10,130,111,0,122,21,45,117,80"/><T131/><D102/><U95/><E118/><V35/><F35/><W120/><G117/><T54/><D65/><U97/><E114/><V105/><F105/><W18/><G111/><T41/><D34/><U58/><E129/><V40/><F115/><W126/><G126/><T60/><D32/><U124/><E124/><V84/><F127/><W63/><G130/><T77/><D131/><U123/><E123/><N who="3" m="47146" /><G45/><T22/><D77/><U91/><E2/><V108/><F128/><W1/><G80/><T20/><D135/><N who="2" m="51786" /><F108/><W73/><G73/><T6/><D41/><U52/><E76/><V49/><F116/><W100/><G21/><N who="0" m="8299" /><D6/><U121/><E121/><V119/><F119/><W74/><G74/><T24/><D24/><U112/><E112/><V81/><F3/><AGARI ba="0,0" hai="0,1,3,10,12,18,56,63,66,100,101" m="47146" machi="3" ten="30,2000,0" yaku="13,1,52,1" doraHai="4" who="3" fromWho="2" sc="250,0,250,0,250,-20,250,20" /><INIT seed="1,0,0,1,0,113" ten="250,250,230,270" oya="1" hai0="65,90,93,36,79,84,35,106,125,17,107,26,115" hai1="132,131,123,47,87,86,66,100,73,74,7,118,134" hai2="99,21,126,75,119,37,60,4,128,94,50,20,10" hai3="95,64,124,40,48,33,3,57,130,18,76,101,67"/><U11/><E123/><V88/><F75/><W127/><G3/><T27/><D115/><U38/><E131/><V34/><F34/><W59/><G33/><T89/><D36/><U61/><E100/><V44/><F37/><W41/><G76/><T23/><D79/><U13/><E118/><V98/><F128/><W1/><G1/><T120/><D65/><N who="3" m="25161" /><G18/><T111/><D120/><U25/><E25/><V116/><F126/><N who="3" m="48171" /><G130/><T83/><D125/><U78/><E78/><V110/><F110/><W12/><G12/><T16/><D111/><U46/><E74/><V55/><F60/><W68/><G68/><T0/><D0/><U29/><E29/><V92/><F21/><W69/><G69/><T5/><D5/><U22/><E22/><V49/><F20/><W28/><G28/><T58/><D58/><N who="3" m="22025" /><G48/><T103/><D103/><U45/><E73/><V81/><F49/><W71/><G71/><T39/><D39/><U8/><E8/><V19/><F19/><W122/><G122/><T24/><D17/><U9/><E9/><V109/><F109/><W102/><G95/><T6/><D6/><U117/><E117/><N who="2" m="45131" /><F81/><W54/><G54/><T15/><REACH who="0" step="1"/><D35/><REACH who="0" ten="240,250,230,270" step="2"/><U108/><E38/><V121/><F121/><W2/><G2/><T32/><D32/><U72/><E108/><V114/><F114/><W133/><G101/><T97/><AGARI ba="0,1" hai="15,16,23,24,26,27,83,84,89,90,93,97,106,107" machi="97" ten="30,7900,0" yaku="1,1,0,1,54,1,53,1" doraHai="113" doraHaiUra="82" who="0" fromWho="0" sc="240,89,250,-39,230,-20,270,-20" /><INIT seed="2,0,0,3,2,21" ten="329,211,210,250" oya="2" hai0="41,112,8,117,51,64,11,135,12,104,93,94,107" hai1="101,132,89,9,124,23,128,108,68,34,113,76,120" hai2="47,42,18,106,134,19,90,79,86,38,52,40,130" hai3="73,84,36,114,5,54,102,17,88,69,121,2,0"/><V1/><F134/><W28/><G121/><T95/><D112/><U70/><E34/><V103/><F130/><W100/><G73/><T78/><D78/><U87/><E113/><V30/><F1/><W35/><G114/><T66/><D8/><U58/><E120/><V50/><F79/><W115/><G115/><T126/><D135/><U25/><E108/><V14/><F30/><W118/><G118/><T15/><D15/><U45/><E132/><V109/><F109/><W20/><G36/><T33/><D33/><U71/><E128/><V77/><F77/><W105/><G69/><T39/><D39/><U46/><E124/><V49/><F19/><W32/><G32/><T133/><D133/><U116/><E116/><V16/><F18/><W4/><G105/><T125/><D117/><U111/><E111/><V119/><F119/><W27/><G2/><T97/><D107/><U37/><E76/><V59/><F106/><W83/><G54/><T110/><D110/><U55/><E101/><V7/><F103/><W48/><G48/><T29/><D29/><U74/><E74/><V3/><F3/><W129/><G129/><T98/><D104/><U10/><E37/><V96/><F96/><N who="0" m="36970" /><D126/><U122/><E122/><V62/><F7/><W63/><G63/><T131/><D131/><U44/><E87/><V24/><F24/><N who="3" m="14351" /><G0/><T57/><D125/><U72/><E89/><V92/><REACH who="2" step="1"/><F42/><REACH who="2" ten="329,211,200,250" step="2"/><W31/><G28/><T43/><D43/><U85/><E72/><V60/><F60/><W123/><G123/><T65/><D41/><U81/><E25/><V22/><AGARI ba="0,1" hai="14,16,22,38,40,47,49,50,52,59,62,86,90,92" machi="22" ten="20,18000,2" yaku="1,1,5,1,0,1,7,1,54,2,53,0" doraHai="21" doraHaiUra="67" who="2" fromWho="2" sc="329,-60,211,-60,200,190,250,-60" /><INIT seed="2,1,0,2,1,31" ten="269,151,390,190" oya="2" hai0="75,127,55,58,7,120,97,27,100,5,24,77,79" hai1="52,54,21,73,78,64,104,96,114,46,85,109,13" hai2="30,4,20,25,48,22,11,126,105,122,116,3,92" hai3="66,9,57,130,47,50,112,118,68,8,71,34,110"/><V72/><F105/><W35/><G118/><T125/><D120/><U40/><E114/><V102/><F72/><W80/><G112/><T42/><D42/><U56/><E109/><V18/><F122/><W69/><G110/><T124/><D75/><U38/><E73/><V59/><F116/><W117/><G117/><T91/><D91/><U67/><E104/><V133/><F133/><W131/><G80/><T23/><D5/><U99/><E99/><V33/><F126/><W37/><G37/><T107/><D7/><U81/><E96/><V89/><F102/><W53/><G47/><T113/><D113/><U134/><E134/><V101/><F101/><W36/><G66/><T115/><D115/><U103/><E103/><V0/><F0/><W2/><G36/><T43/><D43/><U19/><REACH who="1" step="1"/><E54/><REACH who="1" ten="269,141,390,190" step="2"/><N who="2" m="32199" /><F92/><W32/><REACH who="3" step="1"/><G2/><REACH who="3" ten="269,141,390,180" step="2"/><T88/><D125/><U94/><E94/><V123/><F3/><W86/><G86/><T28/><D127/><U95/><E95/><V10/><F123/><W14/><G14/><T61/><D124/><U6/><E6/><V1/><F1/><W39/><G39/><T17/><D107/><U83/><E83/><V82/><F4/><W90/><G90/><T15/><D88/><U62/><AGARI ba="1,2" hai="13,19,21,38,40,46,52,56,62,64,67,78,81,85" machi="62" ten="20,5200,0" yaku="1,1,0,1,7,1,54,1,53,0" doraHai="31" doraHaiUra="121" who="1" fromWho="1" sc="269,-14,141,75,390,-27,180,-14" /><INIT seed="3,0,0,0,1,71" ten="255,216,363,166" oya="3" hai0="18,109,77,28,98,13,63,65,54,35,94,110,32" hai1="80,55,84,45,122,78,64,125,101,50,90,34,12" hai2="75,39,66,38,11,7,67,87,132,99,92,82,116" hai3="88,53,97,31,95,128,126,17,49,100,131,40,24"/><W61/><G126/><T0/><D0/><U91/><E122/><V70/><F75/><W105/><G40/><T102/><D54/><U36/><E34/><V112/><F112/><W10/><G10/><T127/><D77/><U133/><E125/><V23/><F23/><W16/><G61/><T93/><D93/><U134/><E101/><V89/><F132/><N who="1" m="50793" /><E64/><V123/><F123/><W57/><G105/><T135/><D135/><U59/><E12/><V86/><F86/><W83/><G83/><T56/><D127/><U33/><E33/><V113/><F113/><W114/><G100/><T107/><D28/><U2/><E2/><V76/><F70/><W85/><G97/><T29/><D29/><U25/><E25/><V60/><F60/><W3/><G3/><T51/><D51/><U27/><E27/><V6/><F6/><W58/><G58/><T111/><D107/><U1/><E1/><V69/><F69/><W129/><REACH who="3" step="1"/><G114/><REACH who="3" ten="255,216,363,156" step="2"/><T79/><D110/><U74/><E74/><V43/><F99/><W46/><G46/><T41/><D111/><U52/><E36/><V5/><F11/><W9/><G9/><T47/><D109/><U121/><E121/><V73/><F39/><W72/><G72/><T96/><D47/><U119/><E119/><V42/><F38/><W8/><G8/><N who="0" m="6439" /><D41/><U81/><E81/><V104/><F116/><W115/><G115/><T26/><D98/><U48/><AGARI ba="0,1" hai="45,48,50,52,55,59,78,80,84,90,91" m="50793" machi="48" ten="30,2000,0" yaku="20,1,54,1" doraHai="71" who="1" fromWho="1" sc="255,-5,216,30,363,-5,156,-10" owari="250,5.0,246,-15.0,358,45.0,146,-35.0" /></mjloggm>