<mjloggm ver="2.3"><GO type="97" lobby="0"/><UN n0="%E3%83%88%E3%83%88%E3%83%AA%E5%85%88%E7%94%9F%31%39%E6%AD%B3" n1="%4D%35%37%30" n2="%6B%69%72%69%6E%7A%69" n3="%41%55%52%4F%52%41" dan="14,13,15,15" rate="1994.32,1860.12,1996.65,1920.82" sx="F,M,M,M"/><TAIKYOKU oya="0"/><INIT seed="0,0,0,3,2,82" ten="250,250,250,250" oya="0" hai0="131,109,69,102,94,98,93,134,66,86,19,90,21" hai1="104,117,0,130,1,49,41,80,103,89,101,13,70" hai2="42,85,135,65,129,64,58,76,25,108,18,53,62" hai3="67,38,17,23,16,95,10,12,48,7,37,24,30"/><T35/><D35/><U20/><E117/><V44/><F129/><W72/><G72/><T84/><D131/><U105/><E130/><V22/><F135/><W110/><G67/><T96/><D134/><U114/><E70/><V46/><F108/><W14/><G110/><T75/><D75/><U71/><E71/><V88/><F76/><W123/><G123/><T100/><D109/><U111/><E111/><V81/><REACH who="2" step="1"/><F44/><REACH who="2" ten="250,250,240,250" step="2"/><W83/><G38/><AGARI ba="0,1" hai="18,22,25,38,42,46,53,58,62,64,65,81,85,88" machi="38" ten="30,8000,1" yaku="1,1,2,1,7,1,52,1,54,1,53,0" doraHai="82" doraHaiUra="126" who="2" fromWho="3" sc="250,0,250,0,240,90,250,-80" /><INIT seed="1,0,0,4,0,104" ten="250,250,330,170" oya="1" hai0="64,70,120,45,5,29,69,0,90,55,134,51,75" hai1="110,67,8,65,35,109,128,34,20,93,98,32,66" hai2="81,122,47,84,91,40,23,31,100,87,1,79,72" hai3="9,115,26,24,59,103,17,6,112,107,111,86,113"/><U50/><E128/><V83/><F122/><W125/><G107/><T108/><D120/><U42/><E8/><V127/><F127/><W74/><G103/><T126/><D126/><U97/><E20/><V119/><F119/><W10/><G125/><T38/><D108/><N who="1" m="41579" /><E93/><V2/><F100/><W14/><G111/><T30/><D134/><U57/><E57/><V133/><F133/><W117/><G86/><T39/><D70/><U16/><E16/><V77/><F72/><W121/><G59/><T82/><D5/><U96/><E50/><V105/><F105/><W132/><G74/><T4/><D4/><U21/><E21/><V101/><F101/><W129/><G121/><T124/><D0/><U11/><E11/><V3/><F91/><W43/><G43/><AGARI ba="0,0" hai="32,34,35,42,43,65,66,67,96,97,98" m="41579" machi="43" ten="50,18000,2" yaku="29,2,28,2,14,1,10,1" doraHai="104" who="1" fromWho="3" sc="250,0,250,180,330,0,170,-180" owari="250,-15.0,430,53.0,330,13.0,-10,-51.0" /></mjloggm>