<mjloggm ver="2.3"><GO type="169" lobby="0"/><UN n0="%61%6B%69%21%21%21" n1="%E8%B5%A4%E8%A3%8F%E3%83%9B%E3%82%B7%E3%83%BC%E3%83%8E" n2="%E6%96%B0%E6%BD%9F%E3%83%89%E3%83%A9%E3%82%B4%E3%83%B3" n3="%E3%82%A6%E3%83%AB%E3%83%88%E3%83%A9%E7%AB%8B%E7%9B%B4" dan="17,16,16,17" rate="2161.35,2144.83,2133.87,2163.64" sx="M,M,M,M"/><TAIKYOKU oya="0"/><INIT seed="0,0,0,0,0,59" ten="250,250,250,250" oya="0" hai0="48,72,17,123,3,111,119,4,19,69,0,107,105" hai1="115,82,1,12,129,79,83,65,68,11,6,80,25" hai2="118,99,40,102,120,133,100,5,50,53,54,60,13" hai3="29,95,109,121,128,9,104,27,93,22,81,33,28"/><T98/><D48/><U131/><E115/><V130/><F120/><W112/><G112/><T126/><D98/><U31/><E1/><V76/><F130/><N who="1" m="49673" /><E65/><V44/><F133/><W75/><G128/><T66/><D119/><U39/><E39/><V2/><F2/><W135/><G135/><T20/><D123/><U52/><E52/><V127/><F127/><W21/><G104/><T73/><D66/><U41/><E41/><V125/><F125/><W36/><G109/><T35/><D69/><U63/><E63/><V61/><F76/><W106/><G106/><T43/><D43/><U14/><E14/><V71/><F118/><W86/><G36/><T97/><D111/><U70/><E79/><V51/><F71/><W92/><G121/><T46/><D46/><U85/><E85/><V38/><F38/><W47/><G47/><T78/><D78/><U87/><E87/><V67/><F67/><W124/><G124/><T18/><D126/><U74/><E74/><V30/><F30/><W10/><G75/><T56/><D56/><U134/><E134/><V57/><F40/><W42/><G42/><T114/><D73/><U101/><E101/><N who="2" m="39019" /><F99/><W84/><G84/><T103/><D72/><U96/><E96/><V64/><F64/><W32/><G86/><T16/><D107/><U90/><E90/><V113/><F113/><W58/><G81/><N who="1" m="20738" /><U91/><DORA hai="110" /><E91/><V24/><F24/><W37/><G37/><T34/><D114/><U108/><E108/><V88/><F88/><W8/><G58/><T15/><D0/><U77/><E77/><V94/><F94/><RYUUKYOKU ba="0,0" sc="250,0,250,0,250,0,250,0" hai0="3,4,15,16,17,18,19,20,34,35,97,103,105" hai1="6,11,12,25,31,68,70" hai2="5,13,44,50,51,53,54,57,60,61" hai3="8,9,10,21,22,27,28,29,32,33,92,93,95" /><INIT seed="0,1,0,3,4,71" ten="250,250,250,250" oya="0" hai0="80,8,5,74,69,14,83,94,13,115,20,22,108" hai1="129,107,81,128,44,12,93,114,134,121,96,65,7" hai2="68,123,100,11,110,50,105,26,102,62,43,84,46" hai3="76,29,124,91,109,98,54,4,48,113,33,37,17"/><T55/><D69/><U118/><E65/><V126/><F123/><W72/><G113/><T60/><D115/><U21/><E107/><V112/><F112/><W1/><G124/><T78/><D108/><U104/><E104/><V47/><F105/><W23/><G109/><T40/><D83/><U77/><E114/><V10/><F110/><W30/><G37/><T101/><D40/><U133/><E121/><V116/><F26/><W132/><G132/><N who="1" m="50794" /><E44/><V97/><F84/><W2/><G33/><T53/><D55/><U99/><E99/><V61/><F68/><W103/><G103/><T39/><D39/><U38/><E38/><V131/><F126/><W27/><G1/><T130/><D130/><U90/><E118/><V31/><F31/><W89/><G76/><T24/><D14/><U52/><E52/><V127/><F127/><W36/><G36/><T42/><D42/><U45/><E45/><V59/><F43/><W0/><G72/><T41/><D41/><U88/><E90/><V58/><F97/><W64/><G64/><T75/><D24/><U82/><E7/><V51/><REACH who="2" step="1"/><F131/><REACH who="2" ten="250,250,240,250" step="2"/><N who="1" m="50249" /><E77/><V73/><F73/><W56/><G98/><N who="0" m="59607" /><D74/><U32/><E32/><V9/><F9/><N who="3" m="2183" /><G91/><T70/><D70/><U6/><E6/><V122/><F122/><W18/><G89/><T15/><D8/><U117/><E117/><AGARI ba="1,1" hai="10,11,46,47,50,51,58,59,61,62,100,102,116,117" machi="117" ten="25,3200,0" yaku="1,1,22,2,53,0" doraHai="71" doraHaiUra="66" who="2" fromWho="1" sc="250,0,250,-35,240,45,250,0" /><INIT seed="1,0,0,4,2,41" ten="250,215,285,250" oya="1" hai0="25,98,27,31,130,89,44,15,5,30,61,77,80" hai1="104,133,67,127,88,124,85,83,47,126,121,58,117" hai2="1,16,29,2,43,112,91,115,20,86,82,33,46" hai3="106,107,102,19,93,74,34,94,103,48,101,129,81"/><U10/><E117/><V3/><F29/><W92/><G34/><T68/><D130/><U76/><E104/><N who="3" m="39978" /><G48/><T116/><D116/><U32/><E32/><V95/><F33/><W62/><G19/><T45/><D77/><U49/><E121/><V18/><F95/><N who="3" m="36427" /><G62/><T96/><D61/><N who="1" m="38327" /><E10/><V132/><F132/><W11/><G11/><N who="0" m="4591" /><D68/><U9/><E9/><V97/><F97/><N who="0" m="37482" /><D80/><U37/><E37/><V21/><F18/><W51/><G51/><T36/><D89/><U66/><E76/><V22/><REACH who="2" step="1"/><F16/><REACH who="2" ten="250,215,275,250" step="2"/><W65/><G129/><T14/><D14/><U109/><E133/><V79/><F79/><N who="3" m="44279" /><G65/><T63/><D31/><U69/><E66/><V110/><F110/><W90/><G103/><T35/><D30/><U99/><E99/><AGARI ba="0,1" hai="90,94,99,101,102" m="44279,36427,39978" machi="99" ten="30,8000,1" yaku="35,5" doraHai="41" who="3" fromWho="1" sc="250,0,215,-80,275,0,250,90" /><INIT seed="2,0,0,4,0,118" ten="250,135,275,340" oya="2" hai0="21,43,108,1,61,11,127,122,130,19,31,115,0" hai1="45,93,66,3,101,29,133,78,105,65,55,5,46" hai2="56,58,76,50,114,90,88,30,25,68,10,34,86" hai3="95,80,15,100,89,87,16,104,42,91,22,72,123"/><V44/><F68/><W84/><G72/><T20/><D61/><U74/><E29/><V135/><F135/><W121/><REACH who="3" step="1"/><G42/><REACH who="3" ten="250,135,275,330" step="2"/><T96/><D43/><U97/><E133/><V17/><F114/><W49/><G49/><T37/><D115/><U113/><E74/><V98/><F50/><W7/><G7/><T38/><D38/><U70/><E5/><V107/><F44/><W48/><G48/><T81/><D37/><U125/><E113/><V27/><F76/><W2/><G2/><T28/><D0/><U92/><E78/><V24/><F30/><W83/><G83/><T69/><D81/><U51/><E51/><V41/><F41/><W40/><G40/><T60/><D1/><U132/><E45/><V102/><F34/><W94/><G94/><T6/><D6/><U128/><E132/><V18/><F90/><W119/><G119/><T77/><D31/><U124/><E46/><V12/><REACH who="2" step="1"/><F18/><REACH who="2" ten="250,135,265,330" step="2"/><W116/><G116/><T134/><D19/><U117/><E117/><V9/><F9/><W33/><G33/><T39/><D11/><U110/><E124/><V62/><F62/><W63/><G63/><T99/><D127/><U53/><E125/><V4/><F4/><W109/><G109/><T75/><D108/><U36/><E110/><V47/><F47/><W14/><G14/><T131/><D134/><U67/><E3/><V82/><AGARI ba="0,2" hai="10,12,17,24,25,27,56,58,82,86,88,98,102,107" machi="82" ten="30,6000,0" yaku="1,1,0,1,54,1,53,0" doraHai="118" doraHaiUra="35" who="2" fromWho="2" sc="250,-20,135,-20,265,80,330,-20" /><INIT seed="2,1,0,4,2,126" ten="230,115,345,310" oya="2" hai0="14,15,17,66,38,58,83,99,80,112,54,20,32" hai1="44,81,37,72,46,30,117,27,96,61,57,92,106" hai2="132,33,73,124,71,50,93,74,16,45,51,88,127" hai3="105,23,113,129,82,39,2,7,26,25,12,41,87"/><V49/><F71/><W3/><G105/><T67/><D32/><U108/><E106/><V111/><F132/><W121/><G121/><T55/><D38/><U21/><E37/><V1/><F111/><W52/><G113/><T103/><D55/><U56/><E56/><V64/><F64/><N who="0" m="24618" /><D14/><U79/><E117/><V40/><F33/><W98/><G98/><T22/><D20/><U53/><REACH who="1" step="1"/><E108/><REACH who="1" ten="230,105,345,310" step="2"/><V5/><F127/><W31/><G39/><T43/><D112/><U125/><E125/><V110/><F124/><W34/><G2/><T89/><D58/><U94/><E94/><V42/><F110/><W122/><G3/><T69/><D69/><U104/><E104/><V95/><F1/><W6/><G122/><T18/><D43/><U107/><E107/><V63/><F42/><W70/><G41/><T114/><D54/><U119/><E119/><V76/><F40/><W128/><G52/><T10/><D114/><U97/><E97/><V8/><F95/><W59/><G59/><T13/><D99/><U29/><E29/><V24/><F93/><W120/><G70/><T36/><D36/><U4/><E4/><V118/><F5/><W115/><G120/><T60/><D60/><U101/><AGARI ba="1,1" hai="21,27,30,44,46,53,57,61,72,79,81,92,96,101" machi="101" ten="20,2700,0" yaku="1,1,0,1,7,1,53,0" doraHai="126" doraHaiUra="123" who="1" fromWho="1" sc="230,-8,105,40,345,-14,310,-8" /><INIT seed="3,0,0,3,5,5" ten="222,145,331,302" oya="3" hai0="89,19,15,42,8,9,123,75,53,17,31,45,20" hai1="26,97,133,57,108,52,36,3,4,22,116,134,99" hai2="58,91,66,118,120,56,76,63,35,129,33,1,6" hai3="60,55,88,10,94,12,40,130,98,47,119,2,82"/><W131/><G2/><T92/><D75/><U126/><E36/><V73/><F118/><W21/><G21/><N who="0" m="11455" /><D31/><U0/><E116/><V93/><F129/><N who="3" m="49163" /><G119/><T62/><D42/><U74/><E74/><V128/><F128/><W125/><G125/><T71/><D71/><U23/><E126/><V54/><F120/><W38/><G82/><T81/><D81/><U114/><E23/><V16/><F16/><N who="3" m="8215" /><G55/><T27/><D123/><U64/><E64/><V117/><F117/><W80/><G80/><T44/><D62/><AGARI ba="0,0" hai="38,40,47,60,62,88,94,98" m="8215,49163" machi="62" ten="30,11600,0" yaku="19,1,52,1,54,2" doraHai="5" who="3" fromWho="0" sc="222,-116,145,0,331,0,302,116" /><INIT seed="3,1,0,3,1,113" ten="106,145,331,418" oya="3" hai0="66,18,53,123,14,64,108,70,0,80,48,86,15" hai1="62,60,110,105,16,46,98,42,95,8,118,21,49" hai2="40,50,27,84,73,116,117,103,128,89,102,107,121" hai3="34,76,115,114,72,92,97,129,90,67,93,135,134"/><W19/><G34/><T104/><D0/><U126/><E105/><V119/><F73/><W32/><G32/><T6/><D123/><U20/><E110/><V122/><F27/><W75/><G67/><T24/><D104/><U2/><E126/><V111/><F111/><W47/><G47/><T29/><D6/><U106/><E106/><V55/><F40/><W127/><G19/><T52/><D70/><U30/><E118/><V37/><F37/><W39/><G39/><T130/><D130/><U87/><E87/><V112/><F112/><W17/><G17/><T83/><D108/><U44/><E44/><N who="2" m="28103" /><F107/><W81/><G127/><T28/><D18/><U22/><E30/><V69/><F69/><W33/><G33/><T63/><D48/><U59/><E2/><V38/><F38/><W43/><G43/><T131/><D86/><U26/><E8/><V61/><F61/><W133/><G129/><T31/><D131/><U4/><E62/><V78/><F78/><W88/><G72/><T56/><D24/><U41/><E4/><V1/><F1/><W132/><G132/><T45/><D45/><U65/><REACH who="1" step="1"/><E41/><REACH who="1" ten="106,135,331,418" step="2"/><V100/><F128/><W58/><G58/><T51/><D51/><U54/><E54/><N who="0" m="21097" /><D66/><U35/><E35/><V10/><F10/><W94/><G94/><T120/><D120/><N who="2" m="46186" /><F103/><AGARI ba="1,1" hai="16,20,21,22,26,42,46,49,59,60,65,95,98,103" machi="103" ten="30,8000,1" yaku="1,1,7,1,8,1,54,1,53,1" doraHai="113" doraHaiUra="13" who="1" fromWho="2" sc="106,0,135,93,331,-83,418,0" /><INIT seed="4,0,0,4,4,122" ten="106,228,248,418" oya="0" hai0="126,48,4,57,66,81,46,26,106,124,0,34,12" hai1="131,27,51,115,7,102,119,74,3,5,13,134,58" hai2="89,50,69,15,44,10,20,104,75,28,54,132,86" hai3="129,83,63,43,23,72,8,41,33,6,38,100,14"/><T99/><D0/><U92/><E74/><V135/><F75/><W65/><G129/><T121/><D121/><U47/><E131/><V53/><F69/><W61/><G33/><T114/><D114/><U71/><E71/><V95/><F104/><W39/><G100/><T116/><D116/><U64/><E27/><N who="2" m="16487" /><F132/><W78/><G65/><T52/><D81/><U1/><E1/><V84/><F135/><W133/><G133/><T62/><D106/><U17/><E3/><V120/><F120/><W96/><G96/><T108/><D99/><U79/><E79/><V101/><F101/><W2/><G41/><T22/><D34/><U87/><E102/><V111/><F111/><W25/><G14/><T88/><D88/><U56/><E87/><N who="2" m="52671" /><F54/><W30/><G38/><T68/><D108/><U35/><E92/><V123/><F123/><W98/><G98/><T19/><REACH who="0" step="1"/><D68/><REACH who="0" ten="96,228,248,418" step="2"/><U77/><E35/><V31/><F31/><W59/><G83/><T94/><D94/><U117/><E117/><V113/><F113/><W110/><G110/><T18/><D18/><AGARI ba="0,1" hai="10,15,18,44,50,53,84,86" m="52671,16487" machi="18" ten="30,1000,0" yaku="8,1" doraHai="122" who="2" fromWho="0" sc="96,-10,228,0,248,20,418,0" /><INIT seed="5,0,0,3,4,118" ten="86,228,268,418" oya="1" hai0="105,88,99,35,6,3,10,91,11,128,130,72,80" hai1="119,106,82,115,46,17,25,53,1,79,103,50,26" hai2="29,31,114,12,73,84,52,100,60,4,83,9,19" hai3="69,14,59,113,13,98,96,5,127,78,65,67,33"/><U41/><E119/><V64/><F73/><W71/><G33/><T125/><D35/><U16/><E1/><V21/><F100/><W132/><G78/><T117/><D117/><U23/><E115/><V81/><F81/><W110/><G113/><T55/><D125/><U8/><E106/><V126/><F126/><W54/><G127/><T43/><D43/><U116/><E116/><V18/><F18/><W92/><G132/><T104/><D11/><U112/><E103/><V76/><F114/><W7/><G59/><T89/><D55/><U135/><E135/><V86/><F86/><W122/><G54/><T109/><D109/><U61/><E112/><V58/><REACH who="2" step="1"/><F64/><REACH who="2" ten="86,228,258,418" step="2"/><W30/><G65/><T90/><N who="0" m="22528" /><DORA hai="93" /><T123/><D123/><U44/><E82/><V134/><F134/><W66/><G122/><T94/><D94/><U63/><E79/><V37/><F37/><W40/><G92/><T70/><D70/><U75/><E75/><V42/><F42/><W85/><G40/><T47/><D99/><U15/><REACH who="1" step="1"/><E25/><AGARI ba="0,1" hai="4,9,12,19,21,25,29,31,52,58,60,76,83,84" machi="25" ten="30,7700,0" yaku="1,1,7,1,8,1,54,1,53,0" doraHai="118,93" doraHaiUra="39,36" who="2" fromWho="1" sc="86,0,228,-77,258,87,418,0" /><INIT seed="6,0,0,1,2,74" ten="86,151,345,418" oya="2" hai0="102,43,34,111,113,79,33,86,67,65,62,123,31" hai1="23,120,0,76,91,54,122,10,110,27,134,20,88" hai2="21,28,51,50,48,87,55,7,103,108,53,25,69" hai3="96,57,52,135,115,94,109,14,8,49,13,70,129"/><V44/><F69/><W121/><G109/><T78/><D123/><N who="1" m="47147" /><E110/><V36/><F108/><W2/><G121/><T35/><D111/><U107/><E107/><V118/><F118/><W80/><G70/><T5/><D31/><U84/><E134/><V98/><F7/><W114/><G135/><T93/><D5/><N who="1" m="1319" /><E54/><V112/><F112/><N who="3" m="43051" /><G129/><T128/><D113/><U42/><E42/><V16/><F28/><W106/><G106/><T124/><D128/><U18/><E23/><V46/><F87/><W61/><G61/><T77/><D124/><U130/><E130/><V6/><F6/><N who="3" m="1111" /><G80/><AGARI ba="0,0" hai="18,20,27,76,80,84,88,91" m="1319,47147" machi="80" ten="30,3900,0" yaku="13,1,52,1,54,1" doraHai="74" who="1" fromWho="3" sc="86,0,151,39,345,0,418,-39" /><INIT seed="7,0,0,2,3,95" ten="86,190,345,379" oya="3" hai0="59,87,43,96,120,63,81,84,78,132,91,131,60" hai1="8,109,27,104,20,47,123,58,72,5,39,52,130" hai2="64,122,33,4,67,12,23,41,127,128,10,82,62" hai3="106,113,75,38,71,7,86,55,73,90,40,74,49"/><W115/><G71/><T50/><D131/><U54/><E104/><V101/><F33/><W111/><G106/><T117/><D132/><U98/><E72/><V26/><F128/><W28/><G111/><T69/><D120/><U53/><E123/><V112/><F122/><W17/><G7/><T46/><D117/><U22/><E22/><V1/><F112/><N who="3" m="43083" /><G28/><T29/><D69/><U37/><E37/><V32/><F127/><W88/><G86/><T102/><D29/><U61/><E47/><V77/><F41/><W57/><G17/><T118/><D59/><U97/><E39/><V103/><F32/><W114/><G114/><T9/><D9/><U121/><E109/><V107/><F1/><W51/><G51/><T44/><D118/><U31/><E130/><V13/><F13/><W6/><G6/><T16/><D46/><AGARI ba="0,0" hai="38,40,46,49,55,57,73,74,75,88,90" m="43083" machi="46" ten="40,3900,0" yaku="15,1,54,1" doraHai="95" who="3" fromWho="0" sc="86,-39,190,0,345,0,379,39" owari="47,-45.0,190,-21.0,345,15.0,418,51.0" /></mjloggm>