<mjloggm ver="2.3"><GO type="169" lobby="0"/><UN n0="%E3%83%A4%E3%82%AD%E3%83%B3" n1="%E7%8A%AC%E4%BE%8D" n2="%E3%83%84%E3%83%AC%E3%82%AA" n3="%E3%82%A6%E3%83%AB%E3%83%88%E3%83%A9%E7%AB%8B%E7%9B%B4" dan="17,16,16,17" rate="2135.81,2087.04,2075.39,2129.47" sx="M,M,M,M"/><TAIKYOKU oya="0"/><INIT seed="0,0,0,1,2,99" ten="250,250,250,250" oya="0" hai0="61,95,69,17,49,124,86,59,106,11,112,15,96" hai1="115,120,0,133,47,74,25,135,1,116,23,19,57" hai2="43,107,10,90,108,42,66,132,87,109,7,79,105" hai3="111,64,98,84,46,53,18,72,8,81,44,5,9"/><T103/><D112/><U65/><E116/><V50/><F79/><W131/><G131/><T92/><D124/><U26/><E120/><V130/><F130/><W30/><G111/><N who="2" m="42569" /><F132/><N who="1" m="50761" /><E74/><V127/><F127/><W114/><G30/><T28/><D28/><U45/><E115/><V51/><F66/><W52/><G64/><T123/><D123/><U56/><E26/><V122/><F122/><W80/><G72/><T101/><D69/><U54/><E65/><V4/><F50/><W41/><G18/><T48/><D106/><N who="2" m="40458" /><F51/><W55/><G114/><T78/><D78/><U126/><E126/><V16/><F16/><W21/><G44/><N who="1" m="16970" /><E57/><V14/><F4/><W35/><G5/><T39/><D39/><U24/><E25/><V13/><F13/><W129/><G46/><T82/><D59/><U70/><E70/><V60/><F60/><AGARI ba="0,0" hai="0,1,19,23,24,54,56,60" m="16970,50761" machi="60" ten="30,1000,0" yaku="20,1" doraHai="99" who="1" fromWho="2" sc="250,0,250,10,250,-10,250,0" /><INIT seed="1,0,0,3,0,47" ten="250,260,240,250" oya="1" hai0="14,35,107,74,7,58,60,54,12,37,16,91,65" hai1="33,109,1,9,75,13,67,90,32,0,131,72,30" hai2="121,108,124,106,57,71,26,29,8,18,45,133,128" hai3="48,98,97,34,117,99,92,119,36,46,77,61,120"/><U69/><E131/><V53/><F71/><W129/><G120/><T21/><D35/><U41/><E109/><V93/><F106/><W96/><G34/><T79/><D107/><U122/><E122/><V64/><F121/><W38/><G129/><T15/><D37/><U127/><E127/><V27/><F128/><W6/><G6/><T52/><D91/><U22/><E33/><V49/><F124/><W76/><G61/><T103/><D103/><U43/><E32/><V102/><F133/><W110/><G110/><T80/><REACH who="0" step="1"/><D7/><REACH who="0" ten="240,260,240,250" step="2"/><U111/><E90/><V44/><F108/><W11/><G38/><T94/><D94/><U86/><E111/><V95/><F95/><W17/><G36/><T123/><D123/><U23/><E0/><V62/><F93/><W130/><G130/><T78/><D78/><U101/><E1/><V63/><F102/><W132/><G76/><T100/><D100/><U70/><E101/><V115/><F115/><W105/><G77/><T73/><D73/><U83/><E75/><V10/><F64/><W55/><G105/><T31/><D31/><U87/><E72/><V126/><F29/><W3/><G3/><T88/><D88/><U42/><E30/><V39/><F39/><W5/><G92/><T51/><D51/><U28/><E28/><V114/><F49/><W50/><G50/><T24/><AGARI ba="0,1" hai="12,14,15,16,21,24,52,54,58,60,65,74,79,80" machi="24" ten="30,7900,0" yaku="1,1,0,1,54,2,53,0" doraHai="47" doraHaiUra="125" who="0" fromWho="0" sc="240,89,260,-39,240,-20,250,-20" /><INIT seed="2,0,0,2,0,122" ten="329,221,220,230" oya="2" hai0="45,72,98,97,103,128,28,110,60,31,84,50,101" hai1="124,66,54,3,63,24,62,79,37,38,100,118,5" hai2="120,58,68,73,36,86,85,127,130,82,107,71,123" hai3="6,81,4,9,91,47,19,76,27,121,51,13,16"/><V126/><F36/><W22/><G121/><N who="2" m="46665" /><F82/><W109/><G109/><T41/><D72/><U116/><E124/><N who="2" m="47659" /><F58/><W44/><G91/><T15/><D110/><U75/><E100/><V56/><F56/><W94/><G94/><T40/><D60/><U46/><E79/><V52/><F73/><W14/><G27/><T106/><D128/><U90/><E75/><V7/><F7/><W134/><G134/><T69/><D69/><N who="2" m="26698" /><F107/><W104/><G104/><T99/><D106/><U70/><E5/><V20/><F20/><W57/><G57/><T17/><D41/><U114/><E70/><V77/><F77/><W26/><G26/><T78/><D103/><U89/><E24/><V30/><F30/><W21/><G9/><N who="0" m="6383" /><D101/><U102/><E102/><V67/><F67/><W113/><G113/><T8/><D8/><U49/><E66/><V32/><F32/><W92/><G92/><T74/><D74/><U88/><E114/><V119/><F119/><W108/><G81/><AGARI ba="0,0" hai="28,31,40,45,50,78,81,84,97,98,99" m="6383" machi="81" ten="30,1000,0" yaku="8,1" doraHai="122" who="0" fromWho="3" sc="329,10,221,0,220,0,230,-10" /><INIT seed="3,0,0,2,1,130" ten="339,221,220,220" oya="3" hai0="14,9,64,20,76,61,31,48,117,28,123,24,1" hai1="57,32,68,120,0,50,88,128,73,119,22,58,60" hai2="18,70,6,99,81,83,71,109,115,7,116,122,52" hai3="10,16,46,114,40,66,105,102,93,112,11,62,131"/><W26/><G105/><T126/><D117/><U23/><E32/><V79/><F116/><W37/><G131/><T59/><D1/><U78/><E119/><V135/><F115/><W63/><G11/><T67/><D123/><U5/><E120/><V17/><F122/><W43/><G43/><T36/><D36/><U38/><E38/><V21/><F99/><W30/><G63/><T118/><D118/><U96/><E128/><V56/><F109/><W75/><G75/><T121/><D121/><U3/><E68/><V44/><F44/><W108/><G108/><T41/><D126/><U92/><E78/><V42/><F42/><W106/><G106/><T33/><D76/><U86/><E73/><V45/><F45/><W127/><G127/><T27/><D48/><U110/><E110/><V69/><F79/><W113/><G93/><T101/><D101/><U103/><E5/><V95/><F95/><W107/><G102/><T65/><D41/><U80/><E3/><V91/><F18/><AGARI ba="0,0" hai="9,14,18,20,24,27,28,31,33,59,61,64,65,67" machi="18" ten="30,1000,0" yaku="7,1" doraHai="130" who="0" fromWho="2" sc="339,10,221,0,220,-10,220,0" /><INIT seed="4,0,0,0,1,121" ten="349,221,210,220" oya="0" hai0="17,105,97,51,4,24,70,25,133,65,55,100,0" hai1="68,39,112,102,72,111,61,27,44,36,88,89,75" hai2="84,58,34,6,62,131,128,91,110,59,9,82,90" hai3="2,14,30,98,116,118,19,40,74,123,13,95,125"/><T134/><D4/><U126/><E126/><V22/><F34/><W63/><G2/><T54/><D0/><U42/><E39/><V57/><F62/><W60/><G74/><T135/><D17/><U26/><E112/><V45/><F45/><W86/><G30/><T37/><D37/><U21/><E21/><V78/><F22/><W41/><G125/><T48/><D65/><U129/><E102/><V31/><F31/><W10/><G123/><T119/><D70/><U106/><E106/><V46/><F46/><W5/><G86/><T124/><D119/><U49/><E36/><V104/><F104/><W109/><G109/><T1/><D1/><U43/><E43/><N who="3" m="16458" /><G118/><T18/><D124/><U108/><E129/><N who="2" m="49739" /><F110/><W8/><G116/><T130/><D130/><U23/><E72/><V66/><F66/><W132/><G132/><T33/><D18/><U69/><E75/><V92/><F92/><W101/><AGARI ba="0,0" hai="5,8,10,13,14,19,60,63,95,98,101" m="16458" machi="101" ten="30,1100,0" yaku="8,1" doraHai="121" who="3" fromWho="3" sc="349,-5,221,-3,210,-3,220,11" /><INIT seed="5,0,0,3,4,73" ten="344,218,207,231" oya="1" hai0="11,119,1,33,99,28,18,83,94,44,2,48,86" hai1="37,100,22,109,65,113,15,93,8,116,85,30,121" hai2="5,50,25,74,122,19,0,21,112,46,38,89,34" hai3="96,118,125,60,114,55,53,79,52,43,59,45,115"/><U32/><E116/><V12/><F122/><W123/><G123/><T128/><D119/><U66/><E121/><V82/><F112/><N who="3" m="43051" /><G118/><T107/><D107/><U54/><E37/><V27/><F38/><N who="3" m="21751" /><G96/><T87/><D87/><U77/><E32/><V130/><F130/><W64/><G79/><T90/><D28/><U101/><E113/><V103/><F103/><N who="1" m="39497" /><E54/><V131/><F131/><W61/><G125/><T120/><D33/><U72/><E72/><V134/><F134/><W135/><G135/><T56/><D56/><AGARI ba="0,0" hai="52,53,55,56,59,60,61,64" m="21751,43051" machi="56" ten="30,7700,0" yaku="15,1,34,2,54,1" doraHai="73" who="3" fromWho="0" sc="344,-77,218,0,207,0,231,77" /><INIT seed="6,0,0,3,2,19" ten="267,218,207,308" oya="2" hai0="134,18,48,75,25,59,14,122,29,80,32,45,0" hai1="104,121,74,55,6,17,99,127,105,101,89,38,44" hai2="133,9,126,83,107,92,77,56,68,91,34,40,15" hai3="102,85,37,53,30,58,65,7,63,67,123,108,66"/><V96/><F126/><W50/><G37/><T64/><D0/><U3/><E127/><V57/><F68/><W1/><G108/><T4/><D4/><U109/><E109/><V35/><F133/><W54/><G1/><T112/><D122/><U61/><E121/><V21/><F40/><W135/><G135/><T10/><D112/><U125/><E125/><V41/><F41/><W8/><G30/><T115/><D115/><U43/><E74/><V71/><F71/><W42/><G102/><T5/><D134/><U119/><E119/><V49/><F107/><W11/><G42/><T33/><D5/><U78/><E78/><V93/><F93/><W26/><G26/><T16/><D18/><U36/><E105/><V87/><F21/><W129/><G129/><T27/><D45/><U69/><E89/><V117/><F117/><W118/><G118/><T130/><D130/><U52/><E38/><V62/><F49/><W60/><G60/><T82/><D75/><U100/><E100/><V46/><F46/><N who="3" m="27863" /><G7/><T51/><D51/><U120/><E120/><V31/><F31/><W128/><G128/><T114/><D114/><U111/><E111/><V110/><F110/><W24/><G24/><T81/><D27/><U103/><E103/><V98/><F98/><W84/><G123/><T90/><D33/><N who="2" m="12298" /><F62/><W13/><G13/><T28/><D28/><U86/><E86/><AGARI ba="0,0" hai="8,11,54,58,63,65,66,67,84,85,86" m="27863" machi="86" ten="30,1000,0" yaku="8,1" doraHai="19" who="3" fromWho="1" sc="267,0,218,-10,207,0,308,10" /><INIT seed="7,0,0,0,5,65" ten="267,208,207,318" oya="3" hai0="102,121,117,134,13,112,86,98,116,39,27,5,82" hai1="46,128,105,20,49,100,107,4,74,93,0,58,70" hai2="99,51,37,56,45,133,24,41,50,60,72,19,34" hai3="101,28,75,92,118,106,110,63,113,104,109,129,7"/><W36/><G36/><T38/><D121/><U32/><E32/><V52/><F72/><W30/><G75/><T95/><D134/><U6/><E74/><V12/><F133/><W73/><G73/><T85/><D27/><U61/><E128/><V79/><F79/><W125/><G118/><T11/><D86/><U9/><E6/><V84/><F84/><W44/><G7/><T76/><REACH who="0" step="1"/><D112/><REACH who="0" ten="257,208,207,318" step="2"/><U103/><E107/><V90/><F34/><W1/><G113/><T59/><D59/><U111/><E105/><V48/><F24/><W64/><G106/><T135/><D135/><U130/><E58/><V57/><F57/><W18/><G104/><T124/><D124/><U26/><E130/><V94/><REACH who="2" step="1"/><F37/><AGARI ba="0,1" hai="5,11,13,37,38,39,76,82,85,95,98,102,116,117" machi="37" ten="40,1300,0" yaku="1,1,53,0" doraHai="65" doraHaiUra="87" who="0" fromWho="2" sc="257,23,208,0,207,-13,318,0" owari="280,8.0,208,-19.0,194,-31.0,318,42.0" /></mjloggm>