<mjloggm ver="2.3"><GO type="169" lobby="0"/><UN n0="%E3%82%A6%E3%83%AB%E3%83%88%E3%83%A9%E7%AB%8B%E7%9B%B4" n1="%E7%84%A1%E7%A5%9E%E8%AB%96%E8%80%85" n2="%61%6E%64%72%69%79" n3="%E3%81%8A%E7%9F%A5%E3%82%89%E3%81%9B" dan="17,17,16,16" rate="2173.40,2192.21,2112.40,2080.50" sx="M,M,F,M"/><TAIKYOKU oya="0"/><INIT seed="0,0,0,5,1,42" ten="250,250,250,250" oya="0" hai0="12,43,74,111,52,68,8,114,126,17,57,0,73" hai1="16,91,7,33,76,62,25,94,3,130,4,6,120" hai2="86,36,103,115,31,24,89,18,56,80,44,13,61" hai3="38,84,104,45,60,135,105,21,5,132,10,97,117"/><T87/><D114/><U81/><E120/><V118/><F115/><W34/><G34/><T116/><D116/><U129/><E62/><V100/><F118/><W109/><G117/><T119/><D119/><U106/><E106/><V23/><F36/><W29/><G109/><T71/><D111/><U75/><E3/><V67/><REACH who="2" step="1"/><F44/><REACH who="2" ten="250,250,240,250" step="2"/><W122/><G45/><T63/><D126/><U70/><E130/><V39/><F39/><W72/><G38/><T55/><D43/><U19/><E129/><V93/><F93/><W11/><G105/><T28/><D71/><U85/><REACH who="1" step="1"/><E70/><REACH who="1" ten="250,240,240,250" step="2"/><V78/><F78/><W51/><G104/><T49/><D68/><U1/><E1/><V95/><F95/><W133/><G133/><T15/><D0/><U14/><E14/><V22/><AGARI ba="0,2" hai="13,18,22,23,24,31,56,61,67,80,86,89,100,103" machi="22" ten="20,5200,0" yaku="1,1,0,1,7,1,8,1,53,0" doraHai="42" doraHaiUra="50" who="2" fromWho="2" sc="250,-26,240,-13,240,72,250,-13" /><INIT seed="1,0,0,4,0,14" ten="224,227,312,237" oya="1" hai0="20,10,55,2,25,31,135,87,97,29,90,104,80" hai1="89,119,131,26,112,58,49,69,127,57,24,65,122" hai2="111,103,42,134,27,84,110,48,121,35,126,124,98" hai3="128,51,8,73,75,7,37,66,85,54,67,6,120"/><U36/><E122/><V129/><F121/><W34/><G37/><T21/><D135/><U1/><E1/><V59/><F134/><W107/><G120/><T79/><D55/><U33/><E36/><V95/><F129/><W45/><G34/><T17/><D21/><U113/><E119/><V117/><F117/><W86/><G107/><T64/><D64/><U96/><E69/><V53/><F42/><W72/><G128/><T101/><D2/><U52/><E131/><V70/><F70/><W23/><G23/><T60/><D60/><N who="1" m="38039" /><E33/><V68/><F68/><W108/><G108/><N who="2" m="41513" /><F84/><W83/><G85/><T39/><D39/><U30/><E127/><V38/><F38/><W76/><REACH who="3" step="1"/><G6/><REACH who="3" ten="224,227,312,227" step="2"/><T81/><D10/><U19/><E113/><V12/><F35/><W92/><G92/><T99/><D97/><U102/><E112/><V56/><F126/><W47/><G47/><T16/><D31/><U125/><E125/><V46/><F124/><W93/><G93/><T11/><D11/><U63/><E30/><V123/><F123/><W18/><G18/><T4/><D4/><U22/><E26/><V0/><F95/><W41/><G41/><T114/><D114/><U82/><E102/><V74/><F27/><W100/><G100/><T116/><D116/><U77/><E96/><V5/><F74/><AGARI ba="0,1" hai="16,17,20,25,29,74,79,80,81,87,90,99,101,104" machi="74" ten="30,7700,0" yaku="7,1,52,2,54,1" doraHai="14" who="0" fromWho="2" sc="224,87,227,0,312,-77,227,0" /><INIT seed="2,0,0,5,4,41" ten="311,227,235,227" oya="2" hai0="34,0,64,121,17,118,52,97,123,40,81,65,49" hai1="76,5,44,31,135,61,110,102,133,109,99,92,10" hai2="6,96,51,27,48,57,77,1,37,132,43,7,85" hai3="3,134,72,93,39,122,66,12,24,46,23,22,20"/><V60/><F132/><N who="1" m="50761" /><E31/><V69/><F69/><W128/><G134/><T98/><D0/><N who="1" m="295" /><E76/><V68/><F68/><W15/><G3/><T56/><D34/><U129/><E129/><V58/><F27/><W126/><G72/><T67/><D118/><U74/><E74/><V11/><F7/><W114/><G114/><T111/><D111/><N who="1" m="42507" /><E61/><V29/><F29/><W131/><G131/><T101/><D81/><U84/><E84/><V32/><F32/><W54/><G128/><T125/><D97/><U71/><E71/><V117/><F96/><W127/><G127/><T86/><D86/><U21/><E21/><V103/><F117/><W95/><G126/><T35/><D35/><U91/><E44/><N who="2" m="23663" /><F60/><W26/><G26/><T124/><D124/><U42/><E42/><V107/><F85/><W113/><G24/><T25/><D40/><U50/><E50/><N who="2" m="18987" /><F77/><W8/><G22/><T59/><D125/><U130/><E130/><V89/><F89/><AGARI ba="0,0" hai="89,91,92,99,102" m="42507,295,50761" machi="89" ten="30,2000,0" yaku="20,1,14,1" doraHai="41" who="1" fromWho="2" sc="311,0,227,20,235,-20,227,0" /><INIT seed="3,0,0,5,3,22" ten="311,247,215,227" oya="3" hai0="83,110,109,10,86,27,41,11,5,100,90,14,46" hai1="60,9,67,37,65,70,7,6,40,124,43,88,50" hai2="19,116,129,29,59,16,71,45,134,62,8,28,4" hai3="0,89,47,121,97,31,63,106,93,135,126,99,118"/><W12/><G0/><T34/><D100/><U133/><E6/><V117/><F71/><W107/><G121/><T24/><D11/><U122/><E122/><V25/><F45/><W78/><G118/><N who="2" m="45673" /><F59/><W52/><G78/><T55/><D55/><U82/><E124/><V3/><F62/><W2/><G2/><T132/><D132/><U72/><E133/><V80/><F134/><W102/><G126/><T36/><D34/><U18/><E37/><V68/><F68/><W74/><G74/><T51/><D36/><U57/><E18/><N who="2" m="6699" /><F80/><W113/><G135/><T81/><D83/><U20/><E72/><V53/><F53/><W48/><G63/><T127/><D127/><U98/><E67/><V77/><F77/><W32/><G106/><T44/><D46/><U131/><E50/><V17/><F129/><W15/><REACH who="3" step="1"/><G113/><REACH who="3" ten="311,247,215,217" step="2"/><T123/><D123/><U130/><E130/><V101/><F101/><W105/><G105/><T79/><D90/><U13/><E131/><V35/><F35/><W75/><G75/><T125/><D125/><U112/><E112/><V87/><F87/><W114/><G114/><T128/><D128/><U91/><E91/><V108/><F108/><AGARI ba="0,1" hai="5,10,14,24,27,41,44,51,79,81,86,108,109,110" machi="108" ten="40,8000,1" yaku="25,2,14,1,52,2" doraHai="22" who="0" fromWho="2" sc="311,90,247,0,215,-80,217,0" /><INIT seed="4,0,0,3,4,10" ten="401,247,135,217" oya="0" hai0="65,115,28,33,135,118,126,84,43,111,50,3,87" hai1="29,99,86,19,20,32,18,117,110,52,91,14,81" hai2="82,70,80,15,122,58,119,13,129,59,21,68,131" hai3="106,56,88,11,133,9,102,41,103,85,27,101,121"/><T55/><D118/><U67/><E110/><V1/><F21/><W25/><G133/><T128/><D135/><U61/><E117/><V54/><F119/><W4/><G106/><T53/><D3/><U44/><E32/><V105/><F105/><W0/><G121/><T51/><D43/><U71/><E29/><V109/><F109/><W26/><G41/><T48/><D111/><U16/><REACH who="1" step="1"/><E99/><REACH who="1" ten="401,237,135,217" step="2"/><V79/><F122/><W7/><G56/><T107/><D28/><U12/><E12/><V114/><F1/><W74/><G74/><T83/><D33/><U8/><E8/><V104/><F114/><W5/><G0/><T60/><D115/><U112/><E112/><V116/><F116/><W46/><G46/><T134/><D134/><U120/><E120/><V34/><F34/><W22/><REACH who="3" step="1"/><G22/><REACH who="3" ten="401,237,135,207" step="2"/><T69/><D69/><U78/><E78/><V100/><F79/><W35/><G35/><T93/><D126/><U36/><E36/><V96/><F59/><W30/><G30/><T127/><D127/><U37/><E37/><V98/><F68/><W125/><G125/><T57/><D57/><U124/><E124/><V23/><F70/><W97/><G97/><T72/><D72/><U17/><E17/><V49/><F98/><W94/><AGARI ba="0,2" hai="4,5,7,9,11,25,26,27,85,88,94,101,102,103" machi="94" ten="40,12000,2" yaku="1,1,0,1,29,2,8,1,54,1,53,0" doraHai="10" doraHaiUra="42" who="3" fromWho="3" sc="401,-60,237,-30,135,-30,207,140" /><INIT seed="5,0,0,2,4,104" ten="341,207,105,347" oya="1" hai0="95,11,112,134,120,62,6,93,113,135,106,0,19" hai1="88,94,131,25,9,74,55,122,26,46,33,30,27" hai2="3,102,14,97,36,49,60,98,64,125,107,39,118" hai3="81,13,84,34,12,132,56,54,23,40,1,32,57"/><U129/><E74/><V87/><F118/><W123/><G1/><T115/><D120/><U52/><E122/><V4/><F3/><W15/><G132/><N who="0" m="50731" /><D106/><U111/><E9/><V69/><F125/><W58/><G123/><T22/><D62/><U133/><E133/><V126/><F126/><W50/><G40/><T41/><D41/><U8/><E8/><V80/><F97/><W59/><REACH who="3" step="1"/><G23/><REACH who="3" ten="341,207,105,337" step="2"/><T128/><D128/><N who="1" m="49227" /><E111/><V92/><F39/><W130/><G130/><T127/><D127/><U72/><E72/><V121/><F36/><W20/><G20/><T48/><D48/><N who="1" m="28695" /><E55/><V21/><F49/><W103/><G103/><T35/><D35/><U2/><E2/><V5/><F121/><W31/><G31/><T38/><D38/><U28/><E33/><V63/><F63/><W89/><AGARI ba="0,1" hai="12,13,15,32,34,50,54,56,57,58,59,81,84,89" machi="89" ten="30,4000,0" yaku="1,1,0,1,53,1" doraHai="104" doraHaiUra="79" who="3" fromWho="3" sc="341,-10,207,-20,105,-10,337,50" /><INIT seed="6,0,0,2,0,20" ten="331,187,95,387" oya="2" hai0="89,95,99,122,70,34,103,84,43,13,59,37,114" hai1="31,63,133,45,75,97,21,98,73,19,109,41,92" hai2="26,118,130,108,111,83,25,119,81,18,106,134,68" hai3="94,6,135,39,55,24,61,112,124,77,10,1,32"/><V30/><F106/><W110/><G39/><T23/><D70/><U2/><E2/><V46/><F68/><W29/><G110/><N who="2" m="42025" /><F30/><W104/><G104/><T125/><D34/><U14/><E133/><V42/><F18/><W50/><G135/><T0/><D0/><U57/><E109/><V100/><F100/><W101/><G124/><T51/><D125/><U7/><E31/><V47/><F134/><W102/><G112/><T74/><D74/><U127/><E127/><V123/><F123/><W121/><G121/><T17/><D114/><U38/><E7/><V113/><F113/><W79/><G61/><T52/><D122/><U96/><REACH who="1" step="1"/><E92/><REACH who="1" ten="331,177,95,387" step="2"/><V3/><F3/><W36/><G94/><N who="0" m="54567" /><D37/><U64/><AGARI ba="0,1" hai="14,19,21,38,41,45,57,63,64,73,75,96,97,98" machi="64" ten="30,2000,0" yaku="1,1,0,1,53,0" doraHai="20" doraHaiUra="27" who="1" fromWho="1" sc="331,-5,177,30,95,-10,387,-5" /><INIT seed="7,0,0,1,1,52" ten="326,207,85,382" oya="3" hai0="44,123,114,108,99,18,42,47,5,21,130,101,24" hai1="82,63,10,1,19,102,49,62,27,96,133,61,45" hai2="78,6,124,103,54,120,132,74,95,3,90,85,75" hai3="67,35,134,51,72,70,111,59,4,117,128,34,60"/><W109/><G72/><T32/><D123/><U68/><E68/><V129/><F6/><W41/><G117/><T38/><D108/><N who="3" m="41545" /><G134/><T94/><D130/><U29/><E19/><V16/><F3/><W46/><G128/><T14/><D114/><U92/><E10/><V79/><F129/><W66/><G4/><T33/><D5/><U15/><E27/><V50/><F120/><W112/><G112/><T48/><REACH who="0" step="1"/><D24/><REACH who="0" ten="316,207,85,382" step="2"/><U55/><E15/><V98/><F132/><W126/><G126/><T91/><D91/><U37/><E37/><V121/><F121/><W2/><G2/><T86/><D86/><U25/><E1/><V31/><F31/><W113/><G113/><T125/><D125/><U83/><REACH who="1" step="1"/><E133/><REACH who="1" ten="316,197,85,382" step="2"/><V97/><F124/><W69/><G69/><T30/><D30/><U127/><E127/><V110/><F110/><W13/><G13/><T100/><D100/><U107/><E107/><V65/><F65/><W87/><G67/><T43/><AGARI ba="0,2" hai="14,18,21,32,33,38,42,43,44,47,48,94,99,101" machi="43" ten="20,2700,0" yaku="1,1,0,1,7,1,53,0" doraHai="52" doraHaiUra="26" who="0" fromWho="0" sc="316,47,197,-7,85,-7,382,-13" owari="363,16.0,190,-21.0,78,-42.0,369,47.0" /></mjloggm>