<mjloggm ver="2.3"><GO type="169" lobby="0"/><UN n0="%E5%B0%B1%E6%B4%BB%E7%94%9F%40%E5%B7%9D%E6%9D%91%E8%BB%8D%E5%9B%A3" n1="%E3%82%A4%E3%83%8B%E3%82%A8%E3%82%B9%E3%82%BF" n2="%E3%81%AE%E3%81%A9%E3%81%94%E3%81%97%E3%80%88%E7%94%9F%E3%80%89" n3="%E3%82%A8%E3%82%B9%E3%83%86%E3%83%BC" dan="16,18,17,17" rate="2038.36,2150.59,2064.93,2195.25" sx="M,M,M,M"/><TAIKYOKU oya="0"/><INIT seed="0,0,0,0,5,52" ten="250,250,250,250" oya="0" hai0="89,51,26,63,83,135,55,122,43,123,38,20,115" hai1="6,8,129,104,85,78,16,88,35,32,1,100,127" hai2="41,50,75,114,125,15,0,69,17,27,124,53,106" hai3="37,34,119,22,117,9,56,133,74,97,42,64,14"/><T132/><D38/><U84/><E129/><V24/><F75/><W94/><G34/><T2/><D2/><U62/><E127/><V60/><F106/><W58/><G74/><T107/><D107/><U130/><E130/><V72/><F72/><W36/><G133/><N who="0" m="51275" /><D43/><U67/><E84/><V79/><F79/><W23/><G64/><T112/><D63/><U118/><E78/><V128/><F114/><N who="0" m="43562" /><D89/><U46/><E46/><N who="2" m="25935" /><F69/><W18/><G37/><T47/><D83/><U113/><E118/><V91/><F91/><N who="3" m="55519" /><G36/><T103/><D103/><U25/><E100/><V61/><F61/><W110/><G117/><T76/><D76/><U111/><E104/><V45/><F0/><W31/><G42/><T86/><D86/><U19/><E113/><V95/><F95/><W120/><G119/><T66/><D66/><U121/><E62/><V131/><F131/><W87/><G87/><T44/><D44/><U93/><E67/><V10/><F128/><W134/><G134/><T54/><D54/><U90/><E85/><V40/><F40/><W33/><G58/><T11/><D11/><U65/><E65/><V73/><F73/><W80/><G56/><T96/><D96/><U98/><E98/><V28/><F45/><W59/><G59/><T29/><AGARI ba="0,0" hai="20,26,29,47,51,55,122,123" m="43562,51275" machi="29" ten="30,1500,0" yaku="20,1" doraHai="52" who="0" fromWho="0" sc="250,15,250,-5,250,-5,250,-5" /><INIT seed="0,1,0,4,0,3" ten="265,245,245,245" oya="0" hai0="109,46,103,78,12,15,17,42,60,38,110,132,90" hai1="27,116,4,59,115,33,75,64,85,26,123,131,86" hai2="80,52,61,71,44,51,56,53,7,91,84,45,114" hai3="100,32,67,58,128,18,93,20,125,74,121,94,69"/><T8/><D78/><U25/><E33/><V54/><F71/><W23/><G32/><T118/><D103/><U96/><E75/><V28/><F28/><W49/><G74/><T88/><D118/><U16/><E123/><V31/><F31/><W120/><G125/><T41/><D41/><U30/><E30/><V79/><F114/><W63/><G128/><T89/><D132/><U117/><E131/><V102/><F102/><W73/><G73/><T70/><D70/><U108/><E108/><N who="0" m="41577" /><D60/><U83/><E115/><V36/><F36/><W129/><G129/><T57/><D57/><U21/><E96/><V2/><F2/><W48/><G69/><T82/><D15/><U34/><E34/><V5/><F79/><W39/><G39/><T62/><D62/><N who="1" m="37983" /><E116/><V50/><AGARI ba="1,0" hai="5,7,44,45,50,51,52,53,54,56,61,80,84,91" machi="50" ten="30,12000,2" yaku="0,1,9,1,8,1,52,2,54,1" doraHai="3" who="2" fromWho="2" sc="265,-61,245,-31,245,123,245,-31" /><INIT seed="1,0,0,1,1,40" ten="204,214,368,214" oya="1" hai0="1,12,79,37,49,63,92,127,96,113,99,51,74" hai1="80,89,19,6,69,43,5,94,17,32,123,34,71" hai2="106,59,3,129,60,14,134,81,47,73,27,54,16" hai3="121,15,50,132,90,62,128,4,116,24,130,126,133"/><U0/><E123/><V66/><F106/><W119/><G90/><T110/><D37/><U46/><E80/><V95/><F3/><W109/><G121/><T77/><D1/><U93/><E0/><V70/><F129/><N who="3" m="49771" /><G109/><T125/><D110/><U86/><E69/><V105/><F134/><N who="3" m="51819" /><G62/><T100/><D113/><U118/><E71/><V10/><F105/><W30/><G50/><T8/><D96/><U124/><E118/><V26/><F95/><W131/><G131/><T108/><D63/><U7/><E93/><V112/><F112/><W120/><G120/><T23/><D23/><U41/><E32/><V104/><F104/><W84/><G84/><T75/><D108/><U9/><E34/><V38/><F81/><W31/><G126/><N who="0" m="48139" /><D77/><U28/><E124/><V65/><F73/><N who="0" m="27658" /><D79/><U135/><E135/><V97/><F97/><W72/><G72/><T88/><D100/><U57/><E86/><V68/><F68/><W52/><G52/><T85/><D85/><U111/><E111/><V78/><F78/><W22/><G31/><T83/><D83/><U82/><E28/><V87/><F87/><W55/><G55/><T45/><D45/><U42/><E82/><V115/><F66/><W21/><G21/><T11/><D11/><AGARI ba="0,0" hai="4,11,15,22,24,30,116,119" m="51819,49771" machi="11" ten="40,8000,1" yaku="19,1,20,1,34,2" doraHai="40" who="3" fromWho="0" sc="204,-80,214,0,368,0,214,80" /><INIT seed="2,0,0,4,2,44" ten="124,214,368,294" oya="2" hai0="109,21,90,68,104,72,108,112,17,24,13,131,95" hai1="26,50,34,130,25,31,120,16,87,7,20,80,61" hai2="56,8,132,114,41,11,86,63,1,93,57,60,115" hai3="15,117,4,110,55,99,46,123,94,38,62,73,47"/><V79/><F132/><W54/><G117/><T96/><D112/><U118/><E118/><V30/><F41/><W126/><G123/><T18/><D68/><U40/><E130/><V58/><F30/><W124/><G110/><T121/><D121/><U100/><E120/><V71/><F71/><W48/><G73/><T28/><D131/><U33/><E100/><V84/><F1/><W59/><G15/><T97/><D72/><U14/><E61/><V32/><F32/><W49/><G4/><T29/><D104/><U37/><E37/><V133/><F58/><W36/><G94/><T43/><D43/><U116/><E116/><V127/><F93/><W119/><G99/><T103/><D103/><U27/><E7/><V135/><REACH who="2" step="1"/><F79/><REACH who="2" ten="124,214,358,294" step="2"/><W122/><G119/><T42/><D42/><U81/><E33/><V70/><F70/><W98/><G122/><T39/><D39/><N who="3" m="14889" /><G98/><T5/><D97/><U92/><E34/><V6/><F6/><W22/><G22/><N who="0" m="11567" /><D5/><U125/><E31/><N who="0" m="11849" /><D109/><U78/><E78/><V23/><F23/><W19/><G19/><T64/><D108/><U2/><E2/><V10/><F10/><W75/><G75/><T45/><D45/><U111/><E111/><V3/><F3/><W91/><G91/><T53/><D18/><U113/><E16/><V107/><F107/><W88/><G88/><T85/><D96/><U66/><E20/><V12/><F12/><W65/><AGARI ba="0,1" hai="46,47,48,49,54,55,59,62,65,124,126" m="14889" machi="65" ten="30,7900,0" yaku="34,2,52,2" doraHai="44" who="3" fromWho="3" sc="124,-20,214,-20,358,-39,294,89" /><INIT seed="3,0,0,0,4,23" ten="104,194,319,383" oya="3" hai0="107,1,13,11,128,96,85,9,79,123,106,93,28" hai1="117,33,55,71,108,25,34,105,118,127,64,62,18" hai2="27,52,21,14,41,121,56,89,75,63,31,101,67" hai3="22,10,81,17,77,83,19,82,61,54,99,103,30"/><W119/><G119/><N who="1" m="45578" /><E108/><V131/><F131/><W42/><G42/><T3/><D123/><U133/><E105/><V57/><F75/><W124/><G124/><T100/><D128/><U4/><E4/><V15/><F121/><W122/><G122/><T59/><D28/><U7/><E7/><V44/><F89/><W97/><G77/><T113/><D113/><U74/><E74/><V2/><F2/><W95/><G97/><T69/><D69/><U94/><E133/><V8/><F101/><W70/><G10/><T78/><D11/><U86/><E55/><V35/><F35/><W12/><G70/><T39/><D39/><U104/><E104/><V50/><REACH who="2" step="1"/><F8/><REACH who="2" ten="104,194,309,383" step="2"/><W120/><G120/><T88/><D107/><U73/><E73/><V109/><F109/><W135/><G135/><T38/><D3/><U60/><E34/><V92/><F92/><W26/><G81/><T5/><D1/><U58/><E33/><V72/><F72/><W65/><G82/><T90/><D90/><U111/><E111/><V46/><F46/><W32/><G83/><T132/><D132/><U51/><E94/><V43/><F43/><W114/><G32/><T130/><D130/><U102/><E102/><V0/><F0/><W36/><G95/><T6/><D6/><U16/><E127/><V91/><F91/><W80/><G103/><T115/><D115/><U87/><E87/><V126/><F126/><W84/><G84/><T98/><D85/><U116/><E86/><V129/><F129/><W112/><G80/><T66/><D38/><AGARI ba="0,1" hai="14,15,21,27,31,38,41,44,50,52,56,57,63,67" machi="38" ten="30,8000,1" yaku="1,1,7,1,52,1,54,1,53,1" doraHai="23" doraHaiUra="68" who="2" fromWho="0" sc="104,-80,194,0,309,90,383,0" /><INIT seed="4,0,0,0,4,113" ten="24,194,399,383" oya="0" hai0="110,12,81,39,101,37,44,7,118,80,120,56,34" hai1="76,83,33,57,21,117,104,68,92,18,112,1,109" hai2="40,55,130,103,133,131,116,51,127,124,2,62,22" hai3="3,125,86,95,75,43,88,134,19,63,64,96,121"/><T73/><D120/><U28/><E104/><V38/><F2/><W69/><G75/><T123/><D34/><U9/><E68/><V90/><F103/><W108/><G108/><T29/><D123/><U100/><E109/><V5/><F5/><W74/><G74/><T135/><D110/><U111/><E111/><V49/><F90/><W128/><G121/><T105/><D29/><U59/><E117/><V79/><F79/><W132/><G3/><T11/><D118/><U47/><E47/><V70/><F38/><W60/><G125/><N who="2" m="48201" /><F40/><W8/><G128/><N who="2" m="49193" /><F116/><W77/><G43/><T36/><D135/><U114/><E100/><V87/><F87/><W89/><G77/><T129/><D129/><U26/><E92/><V25/><F133/><W61/><G132/><T23/><D44/><U126/><E126/><V106/><F106/><W24/><G134/><T42/><D42/><U35/><E83/><V54/><F70/><W4/><G4/><T6/><D6/><N who="1" m="1231" /><E76/><V50/><F62/><W122/><G122/><T115/><D115/><N who="1" m="44075" /><E33/><V10/><F10/><W41/><G41/><T52/><D23/><U32/><E35/><V14/><F14/><AGARI ba="0,0" hai="14,18,21,26,28,32,57,59" m="44075,1231" machi="14" ten="30,3900,0" yaku="24,1,15,1,11,1" doraHai="113" who="1" fromWho="2" sc="24,0,194,39,399,-39,383,0" /><INIT seed="5,0,0,1,2,45" ten="24,233,360,383" oya="1" hai0="94,128,117,134,89,110,54,97,95,100,35,1,69" hai1="60,52,65,98,34,0,79,75,88,112,122,111,77" hai2="16,6,119,4,59,83,133,115,38,12,74,64,125" hai3="62,40,21,48,31,46,47,25,93,37,99,56,13"/><U116/><E116/><V7/><F38/><W106/><G106/><T66/><D54/><U27/><E122/><V82/><F74/><W33/><G13/><T8/><D66/><U53/><E0/><V84/><F125/><W127/><G127/><T105/><D8/><U126/><E126/><V9/><F133/><W32/><G47/><T19/><D19/><U101/><E112/><V36/><F36/><W63/><G37/><T76/><D69/><U20/><E111/><V51/><F115/><W44/><G44/><T92/><D35/><U107/><E88/><N who="2" m="51223" /><F119/><W91/><G91/><T73/><D1/><U67/><E67/><V81/><F64/><W70/><G70/><T68/><D68/><U123/><E123/><V108/><F108/><W80/><G80/><N who="0" m="45071" /><D110/><U41/><E41/><V23/><F9/><W30/><G32/><T18/><D18/><U61/><E34/><V24/><F24/><W49/><G33/><T87/><D117/><U135/><E135/><V104/><F104/><W15/><G31/><T129/><D134/><U55/><E75/><V120/><F120/><W42/><G15/><T102/><D102/><U11/><E11/><V10/><F10/><W130/><G40/><T90/><D90/><U85/><E65/><V57/><F57/><W103/><G56/><T2/><D2/><U118/><E118/><V17/><F17/><W26/><G26/><T14/><D14/><U43/><E27/><V29/><F29/><W28/><G28/><T96/><D96/><U5/><E98/><V109/><F109/><W71/><G71/><T124/><D124/><RYUUKYOKU ba="0,0" sc="24,15,233,-15,360,15,383,-15" hai0="87,89,92,94,95,97,100,105,128,129" hai2="4,6,7,12,16,23,51,59,81,83" /><INIT seed="6,1,0,5,4,41" ten="39,218,375,368" oya="2" hai0="108,74,9,28,71,66,133,43,121,7,113,123,80" hai1="29,25,13,62,94,81,68,120,27,126,129,88,33" hai2="64,30,84,35,96,118,117,104,97,61,53,15,46" hai3="72,49,22,106,24,59,70,112,114,48,57,0,92"/><V73/><F73/><W63/><G106/><T34/><D43/><U77/><E129/><V98/><F104/><W26/><G0/><T125/><D66/><U6/><E126/><V37/><F37/><W75/><G92/><T107/><D80/><U17/><E6/><V54/><F35/><W40/><G40/><T56/><D56/><U14/><E120/><V44/><F30/><W67/><G70/><T18/><D18/><U55/><E25/><V99/><F117/><W78/><G78/><T134/><D28/><U20/><E14/><V31/><F118/><W10/><G10/><T95/><D9/><U85/><E68/><V23/><F84/><W115/><G26/><T42/><D7/><U109/><E109/><V5/><F5/><W8/><G8/><T102/><D42/><U135/><E135/><V105/><F105/><W2/><G2/><T103/><D95/><U130/><E130/><V93/><F64/><W89/><G89/><T21/><D21/><U4/><E4/><V32/><F32/><W76/><G57/><T122/><D103/><U119/><E119/><V16/><F31/><N who="3" m="17815" /><G75/><T58/><D58/><U3/><E3/><V79/><F79/><W1/><G1/><T110/><D102/><U111/><E111/><N who="0" m="42537" /><D107/><U91/><E94/><V11/><F11/><W52/><G67/><T124/><D71/><U38/><E38/><V50/><F61/><W128/><G128/><T19/><D19/><U47/><E62/><V86/><F86/><W116/><G116/><T45/><D74/><U12/><E12/><V82/><F82/><AGARI ba="1,0" hai="48,49,52,59,63,72,76,82,112,114,115" m="17815" machi="82" ten="30,3900,0" yaku="15,1,11,1,54,1" doraHai="41" who="3" fromWho="2" sc="39,0,218,0,375,-42,368,42" /><INIT seed="7,0,0,4,3,92" ten="39,218,333,410" oya="3" hai0="41,33,72,18,71,118,52,22,60,3,21,44,116" hai1="40,132,113,1,30,65,117,76,2,111,4,133,13" hai2="64,53,8,75,26,19,114,120,103,11,25,98,126" hai3="110,83,5,127,101,108,93,37,125,29,95,134,28"/><W9/><G37/><T63/><D33/><U74/><E65/><V57/><F75/><W39/><G39/><T135/><D3/><U81/><E40/><V130/><F130/><W55/><G55/><T20/><D72/><U84/><E30/><N who="3" m="11882" /><G83/><T24/><D135/><U73/><E13/><V38/><F38/><W107/><G107/><T78/><D78/><U85/><E4/><V90/><F120/><W43/><G43/><T15/><D71/><U32/><E32/><V79/><F79/><W82/><G82/><T129/><D41/><U34/><E34/><V42/><F42/><W88/><G134/><T46/><D129/><U6/><E6/><V89/><F64/><W100/><G95/><T112/><D112/><U97/><E2/><V104/><F126/><N who="3" m="48139" /><G100/><T49/><D24/><U17/><E1/><V69/><F69/><W45/><G101/><T12/><D18/><U119/><E17/><V123/><F123/><W105/><G105/><T58/><D58/><U102/><E81/><V124/><F124/><W80/><G80/><T7/><D7/><U61/><E76/><V70/><F70/><W31/><G45/><T94/><D94/><U51/><E133/><V66/><F114/><W121/><G31/><T50/><D52/><U36/><E132/><V109/><F66/><W48/><G121/><T62/><D46/><U35/><E113/><V115/><F115/><W54/><G5/><T27/><D27/><U68/><E74/><V131/><F131/><W122/><G54/><T106/><D44/><U128/><E73/><V10/><F104/><W16/><G122/><RYUUKYOKU ba="0,0" sc="39,0,218,0,333,0,410,0" owari="39,-46.0,218,-18.0,333,13.0,410,51.0" /></mjloggm>