<mjloggm ver="2.3"><GO type="97" lobby="0"/><UN n0="%E5%B0%B1%E6%B4%BB%E7%94%9F%40%E5%B7%9D%E6%9D%91%E8%BB%8D%E5%9B%A3" n1="%E3%81%97%E3%81%84%E3%82%84" n2="%6D%61%6B%69%73%68%69%6E" n3="%71%61%7A%78%73%77%65%64" dan="14,13,14,13" rate="1908.13,1880.31,1930.39,1863.57" sx="M,M,M,M"/><TAIKYOKU oya="0"/><INIT seed="0,0,0,3,0,117" ten="250,250,250,250" oya="0" hai0="113,78,104,40,97,35,106,91,5,41,12,69,66" hai1="135,95,89,82,130,38,87,31,88,48,39,8,70" hai2="60,17,42,21,51,63,54,83,65,3,2,114,103" hai3="118,23,50,71,7,99,126,120,9,32,68,34,72"/><T1/><D113/><U79/><E70/><V102/><F114/><W128/><G118/><T57/><D69/><U85/><E135/><V109/><F109/><W112/><G72/><T132/><D35/><U74/><E130/><V47/><F2/><W64/><G112/><T59/><D1/><U111/><E111/><V15/><F3/><W129/><G64/><T116/><D116/><U36/><E31/><V131/><F131/><N who="3" m="50251" /><G71/><T121/><D121/><U4/><E48/><V92/><F63/><W93/><G68/><T0/><D0/><U20/><E20/><V61/><F61/><W84/><G84/><T134/><D78/><U53/><E53/><V33/><F33/><N who="3" m="12907" /><G126/><T75/><D75/><U44/><E8/><V127/><F127/><W11/><G7/><T100/><D106/><U30/><E30/><V107/><F107/><W10/><G50/><T123/><D123/><U13/><E13/><V26/><F65/><W125/><G125/><T115/><D115/><U62/><E62/><V133/><F133/><N who="0" m="51306" /><D66/><U28/><E4/><V25/><F42/><N who="0" m="16490" /><D97/><U122/><E28/><V6/><F6/><W18/><G120/><T55/><D55/><U86/><E122/><V19/><F60/><W37/><G37/><T45/><D45/><U56/><E56/><V29/><F47/><W101/><G9/><N who="0" m="4143" /><D91/><U110/><E110/><V27/><F103/><W80/><G80/><T76/><D76/><U43/><E74/><V52/><F83/><AGARI ba="0,0" hai="36,38,39,43,44,79,82,83,85,86,87,88,89,95" machi="83" ten="30,2000,0" yaku="7,1,54,1" doraHai="117" who="1" fromWho="2" sc="250,0,250,20,250,-20,250,0" /><INIT seed="1,0,0,1,5,67" ten="250,270,230,250" oya="1" hai0="17,122,21,90,69,130,9,62,124,107,134,120,111" hai1="109,108,70,89,22,55,78,91,81,112,83,36,19" hai2="68,32,132,119,61,74,103,0,94,48,92,77,53" hai3="113,40,52,16,41,58,97,114,2,35,102,44,65"/><U104/><E112/><V6/><F32/><W135/><G35/><T128/><D107/><U57/><E104/><V49/><F119/><W11/><G135/><T28/><D111/><N who="1" m="42571" /><E36/><V29/><F132/><W63/><G40/><T76/><D134/><U60/><E81/><V121/><F29/><W8/><G8/><T18/><D76/><U1/><E1/><V87/><F74/><W86/><G86/><T95/><D124/><U24/><E78/><V116/><F116/><W66/><G66/><N who="0" m="41175" /><D9/><U98/><E98/><V12/><F0/><W117/><G117/><T96/><D28/><U110/><N who="1" m="42579" /><U129/><DORA hai="34" /><E129/><N who="0" m="49769" /><D18/><U45/><E45/><V85/><F77/><W64/><G64/><T33/><D33/><U14/><E24/><AGARI ba="0,0" hai="17,21,24,90,95,96,120,122" m="49769,41175" machi="24" ten="30,2000,0" yaku="19,1,52,1" doraHai="67,34" who="0" fromWho="1" sc="250,20,270,-20,230,0,250,0" /><INIT seed="2,0,0,4,2,29" ten="270,250,230,250" oya="2" hai0="132,100,54,61,68,56,125,85,49,89,130,82,116" hai1="81,23,71,30,65,109,42,50,129,36,3,134,88" hai2="105,27,91,55,41,34,0,127,103,21,102,94,84" hai3="133,63,118,101,92,70,86,44,5,13,62,111,72"/><V124/><F0/><W104/><G72/><T122/><D122/><U90/><E36/><V64/><F41/><W18/><G118/><T37/><D37/><U59/><E71/><V40/><F40/><W12/><G104/><T45/><D116/><U69/><E3/><V20/><F64/><W106/><G106/><T25/><D125/><N who="2" m="48202" /><F55/><W117/><G117/><T24/><D68/><U8/><E8/><V135/><F135/><W43/><G133/><T99/><D132/><U26/><E134/><V123/><F123/><W87/><G111/><T95/><REACH who="0" step="1"/><D130/><REACH who="0" ten="260,250,230,250" step="2"/><U131/><E69/><V22/><F105/><W110/><G70/><T78/><D78/><U58/><E129/><V11/><F11/><W79/><G86/><T93/><D93/><U28/><E131/><V17/><F17/><W7/><G13/><T121/><D121/><U76/><E109/><V128/><F128/><W96/><G110/><T2/><D2/><U16/><E65/><AGARI ba="0,1" hai="24,25,45,49,54,56,61,65,82,85,89,95,99,100" machi="65" ten="30,7700,0" yaku="1,1,7,1,8,1,53,1" doraHai="29" doraHaiUra="48" who="0" fromWho="1" sc="260,87,250,-77,230,0,250,0" /><INIT seed="3,0,0,3,0,129" ten="347,173,230,250" oya="3" hai0="85,131,71,62,98,69,114,126,111,8,12,118,110" hai1="72,117,57,86,51,40,25,80,32,41,15,135,4" hai2="101,46,112,13,73,127,121,82,27,22,26,74,5" hai3="0,34,53,52,81,113,11,23,61,3,125,30,44"/><W56/><G113/><T16/><D131/><U100/><E117/><V55/><F112/><W35/><G125/><T83/><D118/><U124/><E72/><V103/><F127/><W108/><G108/><N who="0" m="41515" /><D126/><U92/><E124/><V84/><F121/><W128/><G128/><T76/><D114/><U58/><E32/><V63/><F74/><W134/><G134/><T130/><D130/><U109/><E25/><V106/><F73/><W79/><G35/><T132/><D132/><U28/><E109/><V33/><F33/><W89/><G34/><T38/><D38/><U37/><E28/><V43/><F106/><W116/><G116/><T88/><D62/><U36/><E51/><V115/><F27/><N who="3" m="16767" /><G0/><T45/><D45/><U102/><E92/><AGARI ba="0,0" hai="8,12,16,69,71,76,83,85,88,92,98" m="41515" machi="92" ten="30,3900,0" yaku="14,1,54,2" doraHai="129" who="0" fromWho="1" sc="347,39,173,-39,230,0,250,0" owari="386,49.0,134,-37.0,230,-17.0,250,5.0" /></mjloggm>