<mjloggm ver="2.3"><GO type="225" lobby="0"/><UN n0="%E3%83%8C%E3%83%83%E3%82%AD%E3%83%BC%E3%83%8A" n1="%E3%83%9A%E3%83%81%E3%83%A7%E3%83%BC%E3%83%AA%E3%83%B3" n2="%E5%B0%B1%E6%B4%BB%E7%94%9F%40%E5%B7%9D%E6%9D%91%E8%BB%8D%E5%9B%A3" n3="%E4%BA%9E%E5%9B%B3%E9%8E%96%E2%88%9E%E2%88%9E%E2%88%9E%E2%88%9E%E2%88%9E" dan="16,17,16,17" rate="2132.95,2138.72,2102.44,2096.32" sx="M,M,M,F"/><TAIKYOKU oya="0"/><INIT seed="0,0,0,1,2,32" ten="250,250,250,250" oya="0" hai0="43,63,57,47,108,38,114,58,42,51,126,127,71" hai1="135,129,111,52,117,90,9,34,28,64,18,24,7" hai2="4,31,1,128,62,113,92,115,59,55,6,84,69" hai3="81,13,8,20,76,45,30,133,17,122,46,99,53"/><T83/><D83/><U25/><E64/><V131/><F69/><W124/><G133/><T41/><D114/><N who="2" m="43530" /><F31/><W21/><G124/><N who="0" m="47659" /><D108/><U12/><E117/><V48/><F92/><W39/><G122/><T109/><D109/><U91/><E111/><V3/><F84/><W11/><G99/><T87/><D87/><U73/><E73/><V29/><F29/><W19/><G30/><T2/><D2/><N who="2" m="522" /><F48/><W80/><G39/><T77/><D77/><U27/><E135/><V37/><F37/><W75/><G81/><T66/><D38/><U82/><E82/><V61/><F61/><W67/><G80/><T88/><D88/><U125/><E125/><V74/><F74/><W130/><G75/><T98/><D98/><U121/><E121/><V5/><F62/><W22/><G76/><T23/><D23/><U101/><E90/><V102/><F102/><W68/><G22/><T103/><D103/><U107/><E91/><V49/><F49/><W120/><G120/><T123/><D123/><U134/><E101/><V95/><F95/><W104/><G21/><T132/><D132/><U70/><E134/><V97/><F97/><W36/><G20/><T26/><D26/><U10/><E25/><V110/><F110/><W86/><G36/><T15/><D15/><U16/><E12/><V112/><N who="2" m="43538" /><V100/><DORA hai="89" /><F100/><W40/><G13/><T56/><AGARI ba="0,0" hai="41,42,43,47,51,56,57,58,63,66,71" m="47659" machi="56" ten="30,6000,0" yaku="18,1,34,2" doraHai="32,89" who="0" fromWho="0" sc="250,60,250,-20,250,-20,250,-20" /><INIT seed="0,1,0,2,1,3" ten="310,230,230,230" oya="0" hai0="5,26,14,36,47,93,78,42,23,102,115,94,13" hai1="48,80,34,32,40,79,77,134,50,128,60,119,41" hai2="69,74,91,1,43,89,72,88,122,82,105,90,76" hai3="57,27,65,63,35,29,9,10,68,46,123,83,70"/><T61/><D61/><U98/><E119/><V25/><F69/><W71/><G123/><T17/><D115/><U110/><E110/><V16/><F1/><W92/><G83/><T126/><D126/><U73/><E134/><V113/><F113/><W62/><G46/><T86/><D102/><U125/><E125/><V131/><F122/><W58/><REACH who="3" step="1"/><G92/><REACH who="3" ten="310,230,230,220" step="2"/><N who="0" m="35435" /><D36/><U118/><E80/><V24/><F131/><W112/><G112/><T106/><D106/><U109/><E109/><V52/><F105/><W84/><G84/><T135/><D135/><U12/><E128/><V107/><F107/><W51/><G51/><N who="0" m="27127" /><D78/><U30/><E79/><V49/><F74/><W53/><AGARI ba="1,1" hai="9,10,27,29,35,53,57,58,62,63,65,68,70,71" machi="53" ten="30,2000,0" yaku="1,1,0,1,53,0" doraHai="3" doraHaiUra="38" who="3" fromWho="3" sc="310,-11,230,-6,230,-6,220,33" /><INIT seed="1,0,0,1,2,35" ten="299,224,224,253" oya="1" hai0="120,50,54,76,32,49,58,132,57,0,25,121,5" hai1="21,89,34,97,123,23,44,107,83,48,106,80,110" hai2="28,66,95,85,74,68,43,124,116,119,78,60,135" hai3="77,47,6,65,39,90,64,11,103,73,101,29,105"/><U100/><E123/><N who="0" m="47177" /><D132/><U13/><E34/><V27/><F135/><W37/><G29/><N who="0" m="19503" /><D76/><U36/><E110/><V4/><F124/><W45/><G90/><T130/><D130/><U14/><E36/><V88/><F4/><W9/><G105/><T70/><D70/><U104/><E106/><V133/><F133/><W84/><G84/><T98/><D98/><U94/><E104/><V118/><F43/><W125/><G125/><T24/><D24/><U30/><E107/><V112/><F112/><W99/><G99/><T131/><D131/><U79/><E100/><V20/><F78/><W17/><G77/><T38/><D38/><U122/><E122/><V102/><F102/><W92/><G92/><T19/><D19/><U46/><E46/><V114/><F114/><W22/><G6/><T113/><D113/><U59/><E97/><V33/><REACH who="2" step="1"/><F74/><REACH who="2" ten="299,224,214,253" step="2"/><W91/><G73/><T75/><D75/><U61/><E79/><V69/><F69/><W55/><G91/><T108/><D108/><U1/><E89/><V115/><F115/><W96/><G103/><T51/><D57/><U40/><E59/><V93/><F93/><W10/><G101/><T129/><D129/><U127/><E40/><V128/><F128/><W42/><G42/><T3/><D5/><U82/><E127/><V111/><F111/><W2/><G39/><T8/><D0/><U72/><E94/><V86/><F86/><W62/><G37/><T52/><D58/><U15/><E1/><V41/><F41/><W56/><G2/><T31/><D3/><U26/><E72/><V87/><F87/><RYUUKYOKU ba="0,1" sc="299,-10,224,-10,214,30,253,-10" hai2="20,27,28,33,60,66,68,85,88,95,116,118,119" /><INIT seed="2,1,1,4,5,100" ten="289,214,244,243" oya="2" hai0="96,102,103,13,88,8,41,135,54,95,64,40,52" hai1="84,43,94,30,98,39,46,86,75,107,35,79,74" hai2="127,65,7,66,2,87,1,0,68,48,53,121,9" hai3="89,56,110,51,85,106,10,16,44,36,119,99,58"/><V115/><F121/><W101/><G119/><T131/><D131/><U4/><E4/><V19/><F115/><W59/><G36/><T61/><D135/><U108/><E108/><V29/><F127/><W83/><G110/><T55/><D40/><U33/><E107/><V22/><F29/><W124/><G124/><T70/><REACH who="0" step="1"/><D41/><REACH who="0" ten="279,214,244,243" step="2"/><U47/><E43/><V38/><F38/><W125/><G125/><T67/><D67/><U80/><E39/><V116/><F116/><W12/><G59/><T71/><D71/><U3/><E75/><V134/><F134/><W90/><G90/><T91/><D91/><U26/><E35/><V122/><F122/><W45/><G45/><T76/><D76/><U123/><E123/><V25/><F68/><W120/><G120/><T112/><D112/><U132/><E132/><V78/><F66/><W105/><G105/><T81/><D81/><U130/><E130/><V117/><F65/><W23/><G58/><T34/><D34/><U92/><E47/><V21/><F117/><W49/><G56/><T77/><D77/><U129/><E46/><V114/><F114/><W133/><G133/><T27/><D27/><U28/><E129/><V24/><F78/><W5/><G44/><T104/><D104/><U57/><E57/><V32/><F32/><W113/><G113/><T97/><D97/><U82/><E33/><V93/><F25/><AGARI ba="1,2" hai="5,10,12,16,23,25,49,51,83,85,89,99,101,106" machi="25" ten="30,3900,0" yaku="7,1,52,1,54,1" doraHai="100" who="3" fromWho="2" sc="279,0,214,0,244,-42,243,62" /><INIT seed="3,0,0,1,4,67" ten="279,214,202,305" oya="3" hai0="43,82,95,77,110,52,86,19,29,20,87,64,59" hai1="102,127,92,119,85,12,108,126,93,45,1,38,9" hai2="46,28,109,125,69,30,47,32,100,121,66,106,22" hai3="71,115,107,129,79,78,134,75,58,62,40,89,51"/><W72/><G115/><T41/><D110/><U63/><E1/><V5/><F109/><W76/><G129/><T53/><D29/><U8/><E108/><V39/><F121/><W90/><G134/><T131/><D131/><U96/><E119/><V55/><F125/><N who="1" m="47625" /><E63/><N who="2" m="40159" /><F28/><W84/><G107/><T27/><D64/><U57/><E57/><V111/><F111/><W16/><G16/><T83/><D95/><N who="1" m="58655" /><E85/><V61/><F22/><W123/><G84/><T81/><D53/><U56/><E56/><N who="2" m="34975" /><F5/><W99/><G123/><T113/><D113/><U118/><E118/><V132/><F132/><W114/><G114/><T133/><D133/><U0/><E0/><V117/><F39/><W98/><G75/><T7/><D7/><N who="1" m="3103" /><E9/><V10/><F10/><W60/><G72/><T4/><D4/><U48/><E38/><V6/><F6/><W18/><G98/><T13/><D13/><U49/><E49/><V120/><F120/><W104/><G51/><N who="0" m="31135" /><D81/><U103/><E103/><V34/><F34/><W15/><G15/><T112/><D112/><U70/><E70/><V105/><F117/><W91/><G99/><T2/><D2/><U88/><E88/><AGARI ba="0,0" hai="19,20,27,41,43,77,82,83,86,87,88" m="31135" machi="88" ten="30,3900,0" yaku="8,1,54,2" doraHai="67" who="0" fromWho="1" sc="279,39,214,-39,202,0,305,0" owari="318,41.0,175,-32.0,202,-20.0,305,11.0" /></mjloggm>