<mjloggm ver="2.3"><GO type="97" lobby="0"/><UN n0="%E3%83%9F%E3%83%AB%E3%82%AD%E3%83%BC%E3%83%91%E3%82%A4" n1="%E3%83%9C%E3%83%BC%E3%83%89%E3%83%93%E3%83%A5%E3%83%A9%E3%83%BC%E3%83%89" n2="%E5%B0%B1%E6%B4%BB%E7%94%9F%40%E5%B7%9D%E6%9D%91%E8%BB%8D%E5%9B%A3" n3="%E3%80%8A%E6%84%9B%E7%94%9F%E3%80%8B" dan="13,14,15,13" rate="1887.57,1891.02,2008.62,1838.11" sx="F,M,M,M"/><TAIKYOKU oya="0"/><INIT seed="0,0,0,2,4,135" ten="250,250,250,250" oya="0" hai0="108,78,14,23,12,80,76,103,40,125,97,56,38" hai1="112,7,129,133,53,69,65,89,27,20,39,17,82" hai2="90,49,26,110,104,92,120,84,25,44,30,22,122" hai3="52,74,132,106,47,101,61,0,86,83,123,134,113"/><T11/><D14/><U5/><E129/><V36/><F104/><W95/><G0/><T81/><D38/><U114/><E133/><N who="3" m="51306" /><G113/><T62/><D40/><U34/><E39/><V6/><F36/><W4/><G4/><T96/><D23/><U42/><E42/><V102/><F110/><W2/><G2/><T57/><D108/><U131/><E131/><V105/><F6/><W10/><G10/><T109/><D109/><U32/><E53/><V67/><F67/><W107/><G74/><T119/><D119/><U91/><E69/><V75/><F75/><W77/><G47/><T58/><D62/><U64/><E82/><V29/><F102/><W54/><G61/><T72/><D97/><U128/><E128/><V18/><F105/><N who="3" m="39947" /><G123/><T87/><D103/><U94/><E91/><V35/><REACH who="2" step="1"/><F30/><REACH who="2" ten="250,250,240,250" step="2"/><W16/><G101/><T68/><D68/><U13/><E65/><V71/><F71/><W126/><G95/><T117/><D117/><U100/><E64/><V15/><F15/><W28/><G28/><T66/><D66/><U19/><E100/><V8/><F8/><W3/><G3/><T93/><D96/><U70/><E94/><V85/><F85/><W63/><G16/><T88/><D93/><U130/><E70/><V41/><AGARI ba="0,1" hai="18,22,25,26,29,35,41,44,49,84,90,92,120,122" machi="41" ten="20,5200,0" yaku="1,1,0,1,7,1,53,1" doraHai="135" doraHaiUra="37" who="2" fromWho="2" sc="250,-26,250,-13,240,62,250,-13" /><INIT seed="1,0,0,5,4,58" ten="224,237,302,237" oya="1" hai0="21,70,117,127,113,90,121,103,101,36,129,73,56" hai1="72,42,27,64,45,104,128,13,118,78,50,86,22" hai2="76,79,107,114,44,119,71,54,67,46,33,97,89" hai3="34,59,75,83,125,28,17,20,77,25,40,94,15"/><U24/><E104/><V26/><F119/><W115/><G125/><T49/><D21/><U99/><E118/><V14/><F114/><W68/><G68/><T98/><D49/><U12/><E128/><V19/><F71/><W100/><G40/><T84/><D56/><U4/><E72/><V66/><F33/><W60/><G115/><T39/><D98/><U65/><E99/><V131/><F26/><W0/><G0/><T8/><D8/><U124/><E124/><V5/><F5/><W106/><G106/><T32/><D90/><U111/><E111/><V133/><F133/><W102/><REACH who="3" step="1"/><G94/><REACH who="3" ten="224,237,302,227" step="2"/><T126/><D127/><U132/><E132/><V57/><F131/><W47/><G47/><T116/><D117/><U91/><E42/><V10/><F46/><W18/><G18/><T82/><D82/><U135/><E135/><V30/><F44/><W62/><G62/><T38/><D126/><U96/><E45/><V3/><F30/><W95/><G95/><T122/><D129/><U35/><E50/><V9/><F3/><W43/><G43/><T41/><D41/><U120/><E120/><V74/><F107/><W7/><G7/><T109/><D113/><U2/><E4/><V29/><F29/><W23/><G23/><T31/><D31/><U80/><E2/><V1/><F1/><W112/><G112/><T69/><D122/><U81/><E35/><V53/><F19/><W6/><G6/><T130/><D32/><U51/><E51/><V123/><F123/><W52/><AGARI ba="0,1" hai="15,17,20,25,28,34,52,59,60,75,77,83,100,102" machi="52" ten="20,8000,1" yaku="1,1,0,1,7,1,52,1,54,1,53,0" doraHai="58" doraHaiUra="108" who="3" fromWho="3" sc="224,-20,237,-40,302,-20,227,90" /><INIT seed="2,0,0,1,3,112" ten="204,197,282,317" oya="2" hai0="122,45,63,104,61,42,135,41,105,29,6,18,0" hai1="44,33,132,114,2,72,57,7,53,46,62,90,100" hai2="66,89,80,75,91,107,101,23,8,32,14,93,110" hai3="55,88,11,123,71,76,129,124,31,133,27,4,77"/><V20/><F32/><W3/><G133/><T86/><D122/><U128/><E114/><V9/><F110/><W111/><G129/><T95/><D135/><U48/><E132/><V73/><F107/><W119/><G124/><T67/><D29/><U35/><E128/><V43/><F43/><W28/><G119/><T39/><D42/><U13/><E72/><V97/><F75/><W126/><G111/><T134/><D134/><U17/><E100/><V21/><F66/><W5/><G126/><T36/><D63/><U118/><E118/><V108/><F108/><W47/><G71/><T127/><D127/><U60/><E90/><V74/><F74/><W70/><G70/><T96/><D86/><U16/><E2/><V52/><F73/><W15/><G31/><T85/><D85/><U10/><E35/><V83/><F52/><W82/><G5/><T99/><D18/><N who="1" m="7275" /><E33/><V34/><F34/><W125/><G123/><T12/><D12/><U25/><E25/><V131/><F131/><W87/><G3/><T113/><D39/><U56/><E62/><V102/><F14/><W120/><G120/><T19/><D19/><U1/><E1/><V22/><N who="2" m="5632" /><DORA hai="50" /><V40/><F40/><W98/><G125/><T117/><D113/><U109/><E109/><V58/><F58/><W94/><G27/><T65/><D117/><U64/><AGARI ba="0,0" hai="7,10,13,44,46,48,53,56,57,60,64" m="7275" machi="64" ten="30,4000,0" yaku="8,1,52,1,54,1" doraHai="112,50" who="1" fromWho="1" sc="204,-10,197,40,282,-20,317,-10" /><INIT seed="3,0,0,1,2,68" ten="194,237,262,307" oya="3" hai0="95,18,109,57,11,1,31,12,48,35,23,121,130" hai1="52,9,3,41,21,112,103,72,89,134,97,10,56" hai2="79,38,99,36,83,15,127,74,7,77,102,27,100" hai3="47,26,120,33,119,20,61,88,86,128,45,114,71"/><W108/><G128/><T55/><D130/><U81/><E112/><V73/><F127/><W43/><G114/><T124/><D124/><U76/><E134/><V44/><F27/><W49/><G120/><T123/><D109/><U93/><E41/><V84/><F44/><W69/><G33/><T14/><D12/><U40/><E40/><V101/><F99/><W8/><G119/><T66/><D66/><U78/><E21/><V129/><F129/><W106/><G106/><T4/><REACH who="0" step="1"/><D95/><REACH who="0" ten="184,237,262,307" step="2"/><U2/><E2/><V17/><F7/><W65/><G108/><T0/><D0/><U122/><E3/><V133/><F133/><W19/><G71/><T62/><D62/><U63/><E122/><V113/><F113/><W28/><G61/><T75/><D75/><U50/><E63/><V126/><F126/><W80/><G65/><T42/><D42/><U132/><E132/><V37/><REACH who="2" step="1"/><F77/><REACH who="2" ten="184,237,252,307" step="2"/><N who="1" m="29801" /><E72/><V82/><F82/><W125/><G125/><T46/><D46/><U39/><E39/><V51/><F51/><W34/><G47/><T5/><D5/><U116/><E116/><V87/><F87/><AGARI ba="0,2" hai="9,10,50,52,56,81,87,89,93,97,103" m="29801" machi="87" ten="30,2000,0" yaku="8,1,54,1" doraHai="68" who="1" fromWho="2" sc="184,0,237,40,252,-20,307,0" owari="184,-32.0,277,8.0,232,-17.0,307,41.0" /></mjloggm>