<mjloggm ver="2.3"><GO type="41" lobby="0"/><UN n0="%74%75%6F%6D%75%32" n1="%57%61%76%65" n2="%E5%B0%B1%E6%B4%BB%E7%94%9F%40%E5%B7%9D%E6%9D%91%E8%BB%8D%E5%9B%A3" n3="%73%61%6B%75%72%61%31%32" dan="14,13,15,13" rate="1901.85,1835.34,2018.69,1939.65" sx="M,M,M,M"/><TAIKYOKU oya="0"/><INIT seed="0,0,0,3,2,3" ten="250,250,250,250" oya="0" hai0="8,80,105,10,17,109,117,21,91,123,89,24,5" hai1="64,45,11,97,98,124,96,57,87,29,19,82,84" hai2="52,90,62,20,60,79,88,66,95,74,6,107,132" hai3="34,127,128,77,30,0,119,25,93,101,83,27,14"/><T31/><D117/><U1/><E124/><V114/><F107/><W23/><G119/><T53/><D123/><U102/><E1/><V115/><F132/><W120/><G0/><T41/><D105/><U125/><E125/><V134/><F134/><W61/><G127/><T85/><D41/><U67/><E29/><V135/><F74/><W111/><G111/><T38/><D38/><U133/><E133/><V49/><F79/><W16/><G128/><T75/><D75/><U35/><E35/><V15/><F90/><W78/><G120/><T130/><D130/><U37/><E37/><V94/><F95/><W18/><G61/><T126/><D126/><U42/><E102/><V33/><F33/><W9/><REACH who="3" step="1"/><G83/><REACH who="3" ten="250,250,250,240" step="2"/><T71/><D109/><U55/><E82/><V65/><F135/><W4/><G4/><T63/><D63/><U50/><E19/><V100/><F62/><W28/><G28/><T106/><D31/><U54/><E11/><V129/><F65/><W7/><G7/><T12/><D10/><U108/><E108/><V92/><F129/><W39/><G39/><T73/><D80/><U40/><E67/><V68/><F6/><W51/><G51/><T103/><D17/><U43/><E64/><V131/><F131/><W48/><G48/><AGARI ba="0,1" hai="40,42,43,45,48,50,54,55,57,84,87,96,97,98" machi="48" ten="40,1300,0" yaku="8,1" doraHai="3" who="1" fromWho="3" sc="250,0,250,23,250,0,240,-13" /><INIT seed="1,0,0,0,2,129" ten="250,273,250,227" oya="1" hai0="118,110,7,130,76,17,14,135,133,12,101,117,68" hai1="51,0,73,56,103,10,24,109,95,125,98,132,15" hai2="77,39,71,81,104,94,72,54,70,66,26,62,100" hai3="123,34,122,58,47,13,67,64,33,79,121,49,84"/><U31/><E73/><V6/><F104/><W27/><G13/><T11/><D68/><U115/><E115/><V116/><F116/><W128/><G128/><T36/><D36/><U57/><E0/><V89/><F39/><W126/><G126/><T9/><D130/><U23/><E125/><V50/><F6/><W105/><G105/><T32/><D76/><U38/><E38/><V52/><F100/><W85/><G27/><T48/><D101/><U91/><E109/><V90/><F71/><W99/><G99/><T74/><D74/><U40/><E103/><V120/><F120/><W28/><G28/><T30/><D48/><U87/><E98/><V83/><F26/><W5/><G5/><T22/><D110/><U37/><E37/><V80/><F54/><W112/><G112/><T82/><D82/><U59/><E40/><V44/><REACH who="2" step="1"/><F90/><REACH who="2" ten="250,273,240,227" step="2"/><W21/><G123/><T1/><D117/><U114/><E114/><V65/><F65/><W108/><G67/><T4/><D118/><U41/><E41/><V25/><F25/><AGARI ba="0,1" hai="1,4,7,9,11,12,14,17,22,25,30,32,133,135" machi="25" ten="40,12000,2" yaku="24,2,34,3,52,2" doraHai="129" who="0" fromWho="2" sc="250,130,273,0,240,-120,227,0" /><INIT seed="2,0,0,1,0,64" ten="380,273,120,227" oya="2" hai0="124,4,70,31,3,74,11,115,106,86,121,40,127" hai1="59,126,130,66,96,29,108,37,23,19,25,72,107" hai2="65,47,79,5,57,73,101,45,55,43,85,120,123" hai3="119,105,42,50,129,0,134,71,116,61,93,117,8"/><V38/><F101/><W36/><G129/><T112/><D121/><U125/><E37/><V114/><F114/><W110/><G110/><T26/><D106/><U118/><E72/><V113/><F113/><W10/><G134/><T133/><D74/><U111/><E118/><V62/><F73/><W24/><G105/><T28/><D40/><U60/><E19/><V82/><F5/><W80/><G80/><T88/><D31/><U17/><E17/><V48/><REACH who="2" step="1"/><F45/><REACH who="2" ten="380,273,110,227" step="2"/><N who="3" m="25911" /><G116/><T39/><D133/><U109/><E130/><V22/><F22/><W83/><G117/><T18/><D115/><U12/><E12/><V32/><F32/><W90/><G119/><T20/><D112/><U95/><E107/><V27/><F27/><W34/><G24/><T81/><D4/><U132/><E132/><V89/><F89/><AGARI ba="0,1" hai="23,25,29,59,60,66,89,95,96,108,109,111,125,126" machi="89" ten="40,1300,0" yaku="14,1" doraHai="64" who="1" fromWho="2" sc="380,0,273,23,110,-13,227,0" /><INIT seed="3,0,0,2,1,0" ten="380,296,97,227" oya="3" hai0="121,32,92,125,28,72,48,61,71,20,4,57,78" hai1="6,63,23,52,79,47,114,40,29,17,59,13,85" hai2="131,128,95,89,103,88,33,91,135,9,116,124,12" hai3="102,54,84,14,100,68,7,58,80,73,34,16,96"/><W133/><G68/><T109/><D121/><U60/><E114/><V26/><F116/><W19/><G73/><T55/><D32/><U11/><E63/><V18/><F135/><W118/><G133/><T37/><D125/><U8/><E29/><V120/><F120/><W74/><G74/><T93/><D109/><U51/><E6/><V104/><F104/><W10/><G34/><T127/><D37/><U81/><AGARI ba="0,0" hai="8,11,13,17,23,40,47,51,52,59,60,79,81,85" machi="81" ten="30,4000,0" yaku="0,1,8,1,54,1" doraHai="0" who="1" fromWho="1" sc="380,-10,296,40,97,-10,227,-20" /><INIT seed="4,0,0,3,4,92" ten="370,336,87,207" oya="0" hai0="103,57,96,74,1,49,111,27,105,32,85,4,23" hai1="59,22,43,64,0,35,66,114,7,100,11,77,47" hai2="72,118,10,46,55,51,82,107,81,31,26,90,125" hai3="69,95,79,3,73,131,34,40,98,13,17,76,65"/><T102/><D32/><U89/><E35/><V113/><F118/><W8/><G131/><T97/><D74/><U126/><E126/><V135/><F125/><W70/><G34/><T67/><D111/><U116/><E116/><V54/><F113/><W108/><G108/><T41/><D1/><U18/><E114/><V134/><F107/><W71/><G3/><T9/><D85/><U112/><E112/><V88/><F10/><W119/><G119/><T84/><D84/><U2/><E2/><V104/><F104/><W62/><G40/><T44/><D4/><U87/><E59/><V128/><F128/><W109/><G109/><T15/><D9/><U29/><E29/><V16/><F54/><W132/><G132/><T6/><D6/><U42/><E42/><V83/><F72/><W110/><G110/><T75/><D75/><U133/><E133/><N who="2" m="50699" /><F31/><W94/><G94/><T93/><D15/><U37/><E100/><V36/><F36/><W121/><G121/><T123/><D123/><U124/><E77/><V80/><N who="2" m="20480" /><DORA hai="58" /><V52/><F55/><W12/><G73/><T33/><D33/><U20/><E124/><V56/><F46/><W53/><G53/><T122/><D122/><U60/><E47/><V28/><F28/><W25/><G25/><T129/><D129/><U86/><E43/><V30/><F30/><W50/><G76/><T63/><D27/><U38/><E38/><V5/><F5/><N who="3" m="3087" /><G79/><T91/><D23/><AGARI ba="0,0" hai="16,23,26,51,52,56,88,90" m="20480,50699" machi="23" ten="50,8000,1" yaku="20,1,54,3" doraHai="92,58" who="2" fromWho="0" sc="370,-80,336,0,87,80,207,0" /><INIT seed="5,0,0,2,3,108" ten="290,336,167,207" oya="1" hai0="92,10,38,37,81,6,18,22,102,126,32,128,46" hai1="0,28,125,131,50,110,97,52,118,98,116,62,55" hai2="77,82,71,83,5,67,8,1,12,112,29,95,132" hai3="99,66,96,64,69,49,123,68,65,43,80,35,26"/><U13/><E0/><V103/><F132/><W115/><G123/><T24/><D32/><U114/><E110/><V17/><F29/><W134/><G134/><T113/><D126/><U11/><E28/><V61/><F83/><W53/><G35/><T59/><D128/><U109/><E109/><V85/><F95/><W31/><G80/><T3/><D81/><U72/><E72/><V119/><F119/><W19/><G43/><T2/><D2/><U15/><E50/><V56/><F103/><W74/><G19/><T100/><D59/><U105/><E11/><V90/><F71/><W20/><G74/><T60/><D60/><U45/><E45/><V21/><REACH who="2" step="1"/><F77/><REACH who="2" ten="290,336,157,207" step="2"/><W63/><G69/><T129/><D102/><U57/><E131/><V70/><F70/><W23/><G68/><T135/><D129/><U94/><E94/><V25/><F25/><W104/><G31/><T73/><D135/><U34/><E34/><V33/><F33/><W14/><G26/><T58/><D100/><U130/><E130/><V121/><F121/><W54/><G104/><T133/><D133/><U87/><E105/><V47/><F47/><W122/><G122/><T89/><D46/><U30/><E30/><V124/><F124/><W48/><G99/><T101/><D101/><U9/><E125/><V39/><F39/><W41/><G96/><T88/><D38/><U42/><E98/><V16/><F16/><W86/><G41/><T120/><D37/><U93/><E42/><V91/><F91/><W40/><G40/><T4/><D120/><U84/><E97/><V27/><F27/><RYUUKYOKU ba="0,1" sc="290,-10,336,-10,157,30,207,-10" hai2="1,5,8,12,17,21,56,61,67,82,85,90,112" /><INIT seed="6,1,1,5,2,107" ten="280,326,187,197" oya="2" hai0="67,70,28,89,80,11,79,41,105,84,103,75,46" hai1="61,88,34,18,123,2,92,47,77,63,30,113,72" hai2="48,33,125,44,104,128,76,135,90,3,115,35,102" hai3="29,130,25,5,4,96,78,52,50,122,112,87,7"/><V118/><F118/><W127/><G122/><T42/><D28/><U24/><E2/><V32/><F3/><W17/><G130/><T27/><D27/><U133/><E133/><V126/><F128/><W58/><G127/><N who="2" m="48649" /><F135/><W86/><G112/><T1/><D70/><U116/><E116/><V66/><F115/><W85/><G96/><T57/><D1/><U15/><E113/><V64/><F76/><W55/><G17/><T54/><D67/><N who="2" m="25642" /><F90/><W36/><G36/><T132/><D132/><U91/><E91/><V40/><F102/><W38/><G38/><T129/><D129/><U124/><E124/><V62/><F62/><W97/><G97/><N who="0" m="61679" /><D11/><U71/><E123/><V95/><F95/><W106/><G106/><AGARI ba="1,1" hai="32,33,35,40,44,48,104,106" m="25642,48649" machi="106" ten="40,2000,0" yaku="18,1" doraHai="107" who="2" fromWho="3" sc="280,0,326,0,187,33,197,-23" /><INIT seed="6,2,0,4,0,34" ten="280,326,220,174" oya="2" hai0="102,107,54,25,51,83,72,52,132,55,24,29,134" hai1="86,85,19,13,23,117,45,56,135,39,84,44,68" hai2="9,35,59,28,74,115,30,76,119,110,33,6,91" hai3="58,113,96,71,82,67,11,98,101,90,3,131,0"/><V130/><F119/><W124/><G71/><T88/><D107/><U2/><E117/><V22/><F110/><W21/><G124/><T93/><D102/><U89/><E68/><V66/><F115/><W114/><G131/><T78/><D51/><U75/><E75/><V133/><F130/><W27/><G11/><T57/><D57/><U125/><E125/><V20/><F133/><N who="0" m="51306" /><D29/><U10/><E135/><V7/><F91/><W118/><G118/><T5/><D5/><U16/><E2/><V37/><F37/><W31/><G67/><T128/><D128/><U108/><E108/><V126/><F126/><W32/><G58/><T104/><D104/><U80/><E39/><V129/><F129/><W14/><G82/><T116/><D116/><U73/><E73/><V63/><F76/><W92/><G32/><T105/><D105/><U106/><E106/><V17/><F74/><W38/><G38/><T64/><D64/><U112/><E112/><N who="3" m="43114" /><G14/><T122/><D122/><U120/><E120/><V18/><F59/><W103/><G101/><T8/><D8/><U12/><E56/><V70/><F66/><W111/><G111/><T46/><D46/><AGARI ba="2,0" hai="10,12,13,16,19,23,44,45,46,80,84,85,86,89" machi="46" ten="40,2600,0" yaku="8,1,54,1" doraHai="34" who="1" fromWho="0" sc="280,-32,326,32,220,0,174,0" /><INIT seed="7,0,0,1,2,40" ten="248,358,220,174" oya="3" hai0="59,97,112,1,31,9,22,3,74,54,60,42,32" hai1="34,134,115,53,135,124,24,45,17,110,67,99,57" hai2="107,36,98,103,82,88,133,26,128,16,56,131,120" hai3="101,96,39,66,86,84,30,48,0,44,118,33,37"/><W71/><G118/><T90/><D74/><U104/><E110/><V21/><F36/><W79/><G0/><T18/><D32/><U43/><E67/><V8/><F120/><W130/><G130/><N who="2" m="49705" /><F133/><N who="1" m="50697" /><E104/><V68/><F68/><W15/><G15/><T106/><D31/><N who="1" m="19815" /><E17/><V41/><F41/><N who="3" m="24591" /><G39/><T29/><D29/><U129/><E99/><V35/><F35/><W126/><G37/><T28/><D28/><U11/><E11/><V77/><F8/><W58/><G79/><T78/><D78/><U119/><E129/><V93/><F56/><W69/><G58/><T87/><D9/><U14/><E14/><V5/><F5/><W125/><G71/><T95/><D112/><U100/><E100/><V91/><F107/><N who="3" m="63911" /><G84/><AGARI ba="0,0" hai="16,21,26,77,82,84,88,91,93,98,103" m="49705" machi="84" ten="30,3900,0" yaku="19,1,54,2" doraHai="40" who="2" fromWho="3" sc="248,0,358,0,220,39,174,-39" owari="248,-15.0,358,45.0,259,6.0,135,-36.0" /></mjloggm>