<mjloggm ver="2.3"><GO type="169" lobby="0"/><UN n0="%E3%81%B5%E3%81%81%E3%81%84%E3%81%A1%E3%82%83%E3%82%80%E2%98%85" n1="%E3%82%A6%E3%83%AB%E3%83%88%E3%83%A9%E7%AB%8B%E7%9B%B4" n2="%E3%81%8B%E3%82%89%E3%83%BC%E3%81%9C" n3="%E3%83%90%E3%83%90%E3%82%A2%E3%81%AE%E6%97%A5%E5%82%98" dan="17,17,17,16" rate="2191.42,2204.32,2103.42,2099.69" sx="M,M,M,F"/><TAIKYOKU oya="0"/><INIT seed="0,0,0,0,4,13" ten="250,250,250,250" oya="0" hai0="87,125,115,118,65,9,63,0,117,133,105,8,75" hai1="48,28,12,27,119,49,55,64,95,122,126,104,26" hai2="29,121,129,59,35,46,124,31,101,69,98,38,24" hai3="72,33,41,57,22,93,114,37,112,16,71,47,113"/><T34/><D87/><U120/><E104/><V82/><F121/><W128/><G71/><T39/><D9/><U1/><E1/><V81/><F124/><W77/><G33/><T100/><D8/><U68/><E64/><V58/><F129/><W76/><G128/><T50/><D50/><U53/><E68/><V132/><F132/><W97/><G57/><T45/><D45/><U106/><E106/><V111/><F111/><W43/><G43/><T18/><D18/><U32/><E126/><V14/><F69/><W80/><G77/><T56/><D56/><U103/><E119/><V94/><F31/><W66/><G66/><T92/><D92/><U17/><E26/><V67/><F14/><W88/><G113/><T79/><D63/><U86/><E49/><V73/><F73/><W6/><G6/><T84/><D84/><U51/><E51/><V2/><F2/><W36/><G37/><T61/><D61/><U42/><E42/><V30/><F30/><W54/><G54/><T109/><D100/><U83/><E95/><V107/><F107/><W130/><G130/><T74/><D79/><U21/><E103/><V70/><F70/><W116/><G116/><T90/><D118/><U131/><E131/><V91/><F101/><W4/><G4/><T44/><D117/><U3/><E3/><V134/><F134/><W85/><G72/><T96/><D74/><U99/><E99/><V10/><F67/><W7/><G7/><T78/><D65/><U60/><E60/><V23/><F38/><W123/><G123/><N who="1" m="47146" /><E48/><V127/><F127/><W40/><G41/><RYUUKYOKU ba="0,0" sc="250,-15,250,15,250,-15,250,15" hai1="12,17,21,27,28,32,53,55,83,86" hai3="16,22,36,40,47,76,80,85,88,93,97,112,114" /><INIT seed="1,1,0,0,1,7" ten="235,265,235,265" oya="1" hai0="98,27,51,50,16,125,29,124,59,1,44,9,79" hai1="86,133,6,25,130,110,109,37,58,62,81,39,116" hai2="57,55,84,32,105,128,42,66,100,129,14,92,18" hai3="71,20,31,111,87,47,123,117,76,75,22,64,78"/><U30/><E116/><V43/><F32/><W24/><G111/><N who="1" m="42506" /><E130/><N who="2" m="50283" /><F105/><W56/><G71/><T112/><D112/><U72/><E72/><V101/><F66/><W13/><G75/><T65/><D79/><N who="1" m="46399" /><E6/><V97/><F84/><W121/><G117/><T5/><D98/><U85/><E85/><V104/><F101/><W80/><G47/><T82/><D82/><U102/><E102/><V40/><F104/><W12/><G121/><T33/><D65/><N who="1" m="39127" /><E133/><V94/><F94/><W67/><G78/><T95/><D95/><U61/><E61/><N who="2" m="36031" /><F43/><W10/><G123/><T73/><D73/><U126/><E126/><N who="0" m="48745" /><D59/><U48/><E48/><N who="0" m="18473" /><D44/><U41/><E41/><V46/><F46/><W3/><G56/><T83/><D83/><U60/><E60/><V89/><F100/><W49/><G49/><T107/><D107/><U99/><E99/><V54/><F54/><W11/><G67/><T90/><D90/><U19/><E19/><AGARI ba="1,0" hai="1,5,9,16,19,27,29,33" m="18473,48745" machi="19" ten="30,3900,0" yaku="18,1,52,1,54,1" doraHai="7" who="0" fromWho="1" sc="235,42,265,-42,235,0,265,0" /><INIT seed="2,0,0,1,0,119" ten="277,223,235,265" oya="2" hai0="60,35,88,104,17,117,14,84,54,56,100,127,130" hai1="86,22,129,5,124,94,7,72,42,135,59,76,70" hai2="93,111,71,26,50,0,37,55,47,89,23,99,85" hai3="68,121,133,132,113,44,49,128,20,21,75,53,96"/><V125/><F125/><W123/><G68/><T29/><D117/><U43/><E70/><V13/><F71/><W102/><G75/><T27/><D127/><U112/><E72/><V6/><F0/><W31/><G128/><T91/><D130/><U115/><E124/><V80/><F111/><W79/><G79/><T28/><D28/><U92/><E129/><V110/><F37/><W109/><G109/><T82/><D104/><U74/><E74/><V101/><F110/><W90/><G90/><T48/><D100/><U134/><E76/><V69/><F69/><W107/><G113/><T103/><D103/><U32/><E22/><N who="3" m="8810" /><G31/><T67/><D17/><U11/><E59/><V33/><F33/><W38/><G38/><T98/><D14/><U15/><E15/><V16/><REACH who="2" step="1"/><F6/><REACH who="2" ten="277,223,225,265" step="2"/><W24/><G133/><T30/><D35/><U95/><E32/><V131/><F131/><W10/><G132/><T8/><D27/><AGARI ba="0,1" hai="13,16,23,26,27,47,50,55,80,85,89,93,99,101" machi="27" ten="40,7700,0" yaku="1,1,8,1,54,1,53,0" doraHai="119" doraHaiUra="126" who="2" fromWho="0" sc="277,-77,223,0,225,87,265,0" /><INIT seed="2,1,0,0,4,69" ten="200,223,312,265" oya="2" hai0="128,58,7,114,124,12,109,74,34,105,3,132,110" hai1="96,39,89,16,1,28,80,121,41,47,22,73,24" hai2="86,51,18,17,53,13,46,61,112,133,14,118,68" hai3="83,35,43,26,116,93,97,27,30,82,11,76,54"/><V99/><F112/><W56/><G116/><T32/><D58/><U44/><E1/><V120/><F120/><W103/><G43/><T81/><D81/><U49/><E121/><V108/><F118/><W135/><G135/><T38/><D12/><U115/><E115/><V48/><F133/><W65/><G65/><T125/><D7/><U64/><E64/><V84/><F68/><W71/><G71/><T123/><D34/><U0/><E0/><V21/><F61/><W87/><G26/><T101/><D101/><U107/><E107/><V100/><F51/><W20/><G11/><T104/><D104/><U130/><E130/><V126/><F126/><W70/><G70/><T111/><D105/><U95/><E80/><V45/><F45/><W91/><G35/><T88/><D74/><U94/><E94/><N who="2" m="58487" /><F108/><N who="0" m="27650" /><T33/><DORA hai="15" /><D3/><U40/><REACH who="1" step="1"/><E73/><REACH who="1" ten="200,213,312,265" step="2"/><V36/><F36/><W77/><G82/><T66/><D128/><U63/><E63/><AGARI ba="1,1" hai="20,27,30,54,56,63,76,77,83,87,91,93,97,103" machi="63" ten="30,2000,0" yaku="7,1,8,1" doraHai="69,15" who="3" fromWho="1" sc="200,0,213,-23,312,0,265,33" /><INIT seed="3,0,0,4,5,128" ten="200,190,312,298" oya="3" hai0="120,14,93,23,30,121,89,65,112,1,91,129,103" hai1="19,90,3,11,9,13,38,118,46,82,134,15,122" hai2="4,21,56,97,68,132,115,25,96,12,105,123,69" hai3="100,125,108,78,57,43,40,8,49,75,114,48,16"/><W130/><G130/><T135/><D1/><U32/><E122/><V85/><F115/><W113/><G125/><T63/><D129/><U54/><E32/><V52/><F123/><W127/><G127/><T27/><D112/><U2/><E118/><V87/><F132/><W110/><G100/><T81/><D135/><U109/><E134/><V51/><F69/><W98/><G98/><N who="2" m="37993" /><F68/><W80/><G113/><T70/><D103/><U17/><E109/><N who="3" m="42090" /><G114/><T42/><D42/><N who="3" m="15913" /><G57/><T88/><D93/><U50/><REACH who="1" step="1"/><E38/><REACH who="1" ten="200,180,312,298" step="2"/><V116/><F116/><W106/><G106/><T66/><D121/><U62/><E62/><V99/><F105/><W111/><G111/><T22/><D120/><U29/><E29/><N who="2" m="17583" /><F99/><W55/><G55/><T39/><D39/><U86/><AGARI ba="0,1" hai="2,3,9,11,13,15,17,19,46,50,54,82,86,90" machi="86" ten="30,12000,2" yaku="1,1,0,1,9,1,25,2,53,2" doraHai="128" doraHaiUra="6" who="1" fromWho="1" sc="200,-30,180,130,312,-30,298,-60" /><INIT seed="4,0,0,4,2,70" ten="170,310,282,238" oya="0" hai0="127,129,65,126,85,99,27,5,8,55,1,35,14" hai1="62,40,125,53,61,19,75,23,13,44,33,9,98" hai2="49,118,90,86,76,72,91,117,95,105,46,29,135" hai3="52,80,133,107,15,43,24,93,47,60,88,64,113"/><T31/><D129/><U45/><E33/><V123/><F123/><W17/><G107/><T115/><D65/><U26/><E75/><V116/><F105/><W34/><G113/><T100/><D115/><U68/><E125/><N who="0" m="47625" /><D55/><U66/><E98/><V57/><F135/><W41/><G133/><T119/><D85/><U16/><E40/><N who="2" m="24775" /><F72/><W103/><G103/><T121/><D121/><U94/><E94/><V77/><F29/><W87/><G34/><T106/><D119/><U82/><E82/><N who="2" m="49623" /><F57/><N who="3" m="34855" /><G24/><T38/><D14/><U22/><E53/><V7/><F7/><W2/><G64/><T30/><D30/><U114/><E114/><V102/><F102/><W48/><G2/><T59/><D59/><U58/><E68/><V20/><F20/><N who="3" m="11327" /><G41/><T39/><AGARI ba="0,0" hai="1,5,8,27,31,35,38,39,99,100,106" m="47625" machi="39" ten="30,11700,0" yaku="18,1,23,1,52,2" doraHai="70" who="0" fromWho="0" sc="170,117,310,-39,282,-39,238,-39" /><INIT seed="4,1,0,2,4,16" ten="287,271,243,199" oya="0" hai0="17,10,133,78,21,7,103,6,19,132,71,110,15" hai1="106,112,73,129,63,84,62,123,46,13,75,48,36" hai2="65,88,130,2,134,101,59,104,81,20,49,89,5" hai3="70,98,66,56,0,30,116,35,12,119,94,92,124"/><T3/><D71/><U29/><E36/><V24/><F134/><N who="0" m="51818" /><D103/><U82/><E106/><V128/><F2/><W83/><G0/><T111/><D78/><U118/><E123/><V69/><F5/><N who="0" m="1546" /><D3/><U109/><E118/><V108/><F69/><W91/><G70/><T38/><D38/><U74/><E109/><V45/><F108/><W76/><G124/><T126/><D126/><U72/><E129/><N who="2" m="49771" /><F81/><W121/><G121/><T26/><AGARI ba="1,0" hai="10,15,17,19,21,26,110,111" m="1546,51818" machi="26" ten="30,11700,0" yaku="20,1,34,2,52,1" doraHai="16" who="0" fromWho="0" sc="287,120,271,-40,243,-40,199,-40" /><INIT seed="4,2,0,2,2,116" ten="407,231,203,159" oya="0" hai0="54,90,16,30,113,74,40,5,127,106,48,126,111" hai1="1,21,3,79,75,51,41,28,65,4,39,114,67" hai2="70,31,47,109,82,78,83,2,61,56,125,135,55" hai3="20,95,123,132,76,17,42,92,12,101,115,133,14"/><T0/><D74/><U13/><E51/><V104/><F109/><W68/><G68/><T8/><D106/><U97/><E97/><V100/><F125/><N who="0" m="47626" /><D111/><U87/><E87/><V22/><F135/><N who="3" m="51787" /><G115/><T117/><D117/><U122/><E1/><V91/><F2/><W81/><G42/><T60/><D113/><U119/><E65/><V18/><F31/><W7/><G101/><T53/><D30/><U129/><E67/><V46/><F70/><W110/><G110/><T93/><D60/><U120/><E129/><V89/><F100/><W33/><G33/><T37/><D37/><U107/><E107/><V9/><F9/><N who="3" m="4159" /><G123/><T118/><D118/><U72/><E72/><AGARI ba="2,0" hai="14,17,20,72,76,81,92,95" m="4159,51787" machi="72" ten="30,1000,0" yaku="20,1" doraHai="116" who="3" fromWho="1" sc="407,0,231,-16,203,0,159,16" /><INIT seed="5,0,0,3,2,58" ten="407,215,203,175" oya="1" hai0="46,92,67,128,9,77,85,97,79,14,112,39,76" hai1="61,74,47,34,10,131,125,49,41,99,110,107,83" hai2="111,16,37,18,100,105,130,24,116,15,96,38,80" hai3="121,60,108,25,129,84,66,19,118,64,91,69,26"/><U102/><E34/><V50/><F111/><W42/><G108/><T88/><D128/><U6/><E131/><V124/><F116/><W21/><G129/><T114/><D67/><U120/><E120/><V117/><F117/><W106/><G118/><T93/><D39/><U134/><E125/><V43/><F130/><W27/><G121/><T20/><D20/><U22/><E22/><V87/><F124/><W12/><G106/><T0/><D0/><U86/><E74/><V78/><F24/><W123/><G123/><T122/><D46/><U82/><E134/><V55/><F43/><W63/><G42/><T62/><D62/><N who="3" m="23593" /><G69/><T54/><D54/><U11/><E110/><V75/><F75/><W98/><G98/><T29/><D29/><U35/><E35/><V72/><F72/><W32/><G32/><T1/><D1/><U135/><E135/><V4/><F4/><W70/><G70/><T59/><D59/><U8/><E61/><V113/><F113/><N who="0" m="43626" /><D122/><U51/><E51/><V81/><F37/><W94/><AGARI ba="0,0" hai="12,19,21,25,26,27,64,66,84,91,94" m="23593" machi="94" ten="30,7900,0" yaku="8,1,52,3" doraHai="58" who="3" fromWho="3" sc="407,-20,215,-39,203,-20,175,79" /><INIT seed="6,0,0,4,2,44" ten="387,176,183,254" oya="2" hai0="73,31,55,24,91,62,83,13,69,67,75,100,14" hai1="22,95,105,45,58,77,99,108,25,74,104,48,86" hai2="40,102,72,6,88,41,51,129,2,46,118,3,90" hai3="110,39,85,133,12,93,130,50,68,103,23,30,63"/><V32/><F118/><W27/><G39/><T87/><D100/><U94/><E108/><V18/><F32/><W115/><G110/><T126/><D126/><U49/><E74/><V82/><F129/><W113/><G130/><T98/><D98/><U35/><E35/><V47/><F102/><W15/><G133/><T109/><D109/><U124/><E124/><V112/><F112/><N who="3" m="43083" /><G50/><N who="1" m="19562" /><E105/><V111/><F111/><W127/><G127/><T20/><D75/><U116/><E104/><V57/><F57/><W97/><G85/><T132/><D73/><U76/><E116/><V120/><F18/><W125/><G125/><T29/><D132/><U43/><E43/><V37/><F120/><W78/><G78/><T106/><D106/><U26/><E45/><V61/><F61/><W36/><G36/><T122/><D122/><U79/><E58/><V1/><REACH who="2" step="1"/><F6/><REACH who="2" ten="387,176,173,254" step="2"/><W81/><G68/><T89/><D62/><U42/><E42/><V10/><F10/><W123/><G123/><T59/><D69/><U66/><E66/><V134/><F134/><W33/><G63/><N who="0" m="36351" /><D67/><U101/><E22/><V60/><F60/><W17/><G33/><T52/><D31/><U19/><E19/><V8/><F8/><W53/><G30/><T28/><D29/><U0/><E0/><V56/><F56/><W114/><G114/><T80/><D52/><U119/><E119/><V131/><F131/><W107/><G53/><T9/><D9/><U121/><E121/><V16/><F16/><W34/><G34/><T70/><D70/><U11/><E11/><V135/><F135/><W64/><G17/><RYUUKYOKU ba="0,1" sc="387,10,176,10,173,10,254,-30" hai0="13,14,20,24,28,80,83,87,89,91" hai1="25,26,76,77,79,86,94,95,99,101" hai2="1,2,3,37,40,41,46,47,51,72,82,88,90" /><INIT seed="6,1,1,1,1,61" ten="397,186,183,224" oya="2" hai0="6,102,103,116,44,121,52,82,26,71,67,13,11" hai1="35,125,98,79,94,127,56,123,124,128,133,126,114" hai2="91,17,117,2,33,115,45,89,54,20,42,81,95" hai3="59,73,113,31,135,53,55,3,24,14,132,18,109"/><V96/><F117/><W69/><G109/><T0/><D116/><U93/><N who="1" m="31744" /><DORA hai="92" /><U87/><E35/><V122/><F122/><W129/><G69/><T86/><D121/><U74/><E123/><V51/><F33/><W84/><G3/><T106/><D106/><U110/><E110/><V88/><F2/><W65/><G73/><T131/><D131/><U85/><E128/><V47/><F115/><W66/><G84/><N who="1" m="32330" /><E56/><V12/><F81/><W10/><G129/><T25/><D0/><U80/><E114/><V30/><F30/><W111/><G111/><T46/><D25/><U118/><E118/><V90/><F90/><W104/><G104/><T99/><D6/><U68/><E68/><V39/><AGARI ba="1,1" hai="12,17,20,39,42,45,47,51,54,88,89,91,95,96" machi="39" ten="20,7800,0" yaku="0,1,7,1,52,1,54,1" doraHai="61,92" who="2" fromWho="2" sc="397,-27,186,-27,183,91,224,-27" /><INIT seed="6,2,0,0,0,72" ten="370,159,274,197" oya="2" hai0="43,4,12,92,114,94,31,51,46,89,87,76,68" hai1="115,60,82,100,10,79,131,48,15,127,32,121,91" hai2="38,97,134,61,119,22,18,21,90,58,59,39,70" hai3="3,71,86,13,123,29,34,55,9,84,111,118,95"/><V41/><F119/><W112/><G111/><T1/><D68/><U74/><E32/><V56/><F134/><W122/><G3/><T109/><D1/><U19/><E127/><V83/><F22/><W110/><G110/><T25/><D109/><U133/><E131/><V67/><F41/><W63/><G118/><T85/><D114/><U113/><E133/><V78/><F90/><W16/><G112/><N who="1" m="43082" /><E121/><V53/><F97/><W45/><G122/><T20/><D76/><U5/><E100/><V81/><F53/><W69/><G123/><T24/><D24/><U108/><E108/><V36/><REACH who="2" step="1"/><F78/><REACH who="2" ten="370,159,264,197" step="2"/><W33/><G33/><T64/><D64/><U125/><E91/><V7/><F7/><W2/><G34/><T120/><D120/><U14/><E125/><V80/><F80/><W26/><G55/><T66/><D66/><U40/><E40/><V98/><F98/><W116/><G116/><T124/><D124/><U50/><E60/><V129/><F129/><W77/><G63/><T0/><D4/><U6/><E6/><V135/><F135/><W35/><G77/><T105/><D89/><U132/><E132/><V117/><F117/><W126/><G126/><T106/><D20/><AGARI ba="2,1" hai="5,10,14,15,19,20,48,50,74,79,82" m="43082" machi="20" ten="30,2000,0" yaku="15,1,52,1" doraHai="72" who="1" fromWho="0" sc="370,-26,159,36,264,0,197,0" /><INIT seed="7,0,0,1,4,30" ten="344,195,264,197" oya="3" hai0="124,121,18,17,56,129,72,107,80,89,50,34,1" hai1="28,39,88,126,33,55,118,117,71,57,81,51,27" hai2="122,105,29,24,45,93,31,116,123,48,127,84,119" hai3="42,83,38,104,5,3,79,76,60,70,7,91,11"/><W14/><G104/><T44/><D1/><U47/><E71/><V8/><F105/><W26/><G38/><T102/><D34/><U37/><E126/><V134/><F127/><W61/><G42/><T114/><D56/><U97/><E57/><V99/><F134/><W109/><G109/><T131/><D50/><U95/><E81/><V52/><F84/><N who="3" m="50591" /><G3/><T25/><D114/><U53/><REACH who="1" step="1"/><E55/><REACH who="1" ten="344,185,264,197" step="2"/><V19/><F52/><W4/><G70/><T128/><D124/><U103/><E103/><V100/><F100/><W36/><G36/><AGARI ba="0,1" hai="27,28,33,36,37,39,47,51,53,88,95,97,117,118" machi="36" ten="40,5200,0" yaku="1,1,52,1,54,1,53,0" doraHai="30" doraHaiUra="133" who="1" fromWho="3" sc="344,0,185,62,264,0,197,-52" owari="344,44.0,247,-15.0,264,6.0,145,-35.0" /></mjloggm>