<mjloggm ver="2.3"><GO type="225" lobby="0"/><UN n0="%E3%83%88%E3%83%88%E3%83%AA%E5%85%88%E7%94%9F%31%39%E6%AD%B3" n1="%E6%9D%89%E6%B5%A6%E7%B6%BE%E4%B9%83%76" n2="%E6%A9%8B%E6%9C%AC%E5%8D%83%E5%85%89%E5%B9%B4" n3="%E3%82%BB%E3%82%A4%E3%83%A8%E3%82%A6%E3%83%AA%E3%83%B3%E3%82%B4" dan="17,16,16,16" rate="2185.76,2097.99,2166.09,2120.21" sx="F,M,M,M"/><TAIKYOKU oya="0"/><INIT seed="0,0,0,3,2,132" ten="250,250,250,250" oya="0" hai0="23,15,47,18,78,75,134,90,31,4,26,67,103" hai1="98,40,92,115,128,51,5,11,29,111,125,37,129" hai2="30,28,124,49,64,104,0,93,135,84,56,57,122" hai3="114,81,131,20,106,127,77,86,71,88,79,62,1"/><T65/><D134/><U7/><E111/><V102/><F122/><W96/><G114/><T13/><D103/><U85/><E37/><V22/><F0/><W117/><G117/><T59/><D75/><U38/><E38/><V74/><F74/><W19/><G1/><T45/><D78/><U3/><E7/><V130/><F135/><W119/><G119/><T95/><D4/><U46/><E85/><V14/><F130/><N who="1" m="50281" /><E29/><N who="2" m="11371" /><F104/><W12/><G131/><T6/><D6/><U101/><E115/><V108/><F108/><W97/><G127/><AGARI ba="0,0" hai="3,5,11,40,46,51,92,98,101,125,127" m="50281" machi="127" ten="30,3900,0" yaku="19,1,52,2" doraHai="132" who="1" fromWho="3" sc="250,0,250,39,250,0,250,-39" /><INIT seed="1,0,0,3,4,106" ten="250,289,250,211" oya="1" hai0="99,49,88,107,5,123,2,32,80,83,8,50,11" hai1="127,78,111,28,115,131,34,55,31,98,71,37,135" hai2="63,56,65,75,39,26,94,1,90,27,112,77,52" hai3="104,14,61,89,47,19,72,121,120,33,6,35,67"/><U74/><RYUUKYOKU type="yao9" ba="0,0" sc="250,0,289,0,250,0,211,0" hai1="28,31,34,37,55,71,74,78,98,111,115,127,131,135" /><INIT seed="1,1,0,3,1,11" ten="250,289,250,211" oya="1" hai0="73,36,45,60,50,71,122,76,23,40,118,130,128" hai1="6,78,86,123,57,10,110,5,115,131,88,89,120" hai2="127,107,51,54,97,119,93,101,109,134,35,44,105" hai3="58,75,25,32,53,15,103,55,85,27,94,9,125"/><U99/><E115/><V77/><F119/><W20/><G75/><T80/><D118/><U59/><E120/><V129/><F109/><W79/><G125/><T90/><D122/><U72/><E72/><V30/><F127/><W95/><G32/><T0/><D0/><U108/><E123/><V19/><F129/><N who="0" m="49770" /><D90/><N who="1" m="34923" /><E99/><V28/><F134/><W117/><G117/><T48/><D23/><U24/><E24/><V16/><F77/><W4/><G103/><T126/><D126/><U31/><E31/><N who="2" m="11819" /><F107/><W67/><G67/><AGARI ba="1,0" hai="36,40,45,48,50,60,67,71,73,76,80" m="49770" machi="67" ten="30,1000,0" yaku="19,1" doraHai="11" who="0" fromWho="3" sc="250,13,289,0,250,0,211,-13" /><INIT seed="2,0,0,3,3,123" ten="263,289,250,198" oya="2" hai0="5,40,61,68,83,32,82,34,91,64,107,38,67" hai1="72,66,63,4,89,25,14,17,78,99,98,124,12" hai2="26,85,10,49,96,90,33,70,111,117,127,1,92" hai3="131,54,79,133,109,41,112,39,48,135,51,36,95"/><V130/><F117/><W105/><G105/><T57/><D107/><U53/><E124/><V30/><F70/><W74/><G74/><T60/><D5/><U73/><E25/><V120/><F120/><W132/><G79/><T86/><D38/><N who="3" m="14377" /><G131/><T129/><D40/><U113/><E113/><V71/><F71/><W125/><G95/><T55/><D129/><U110/><E110/><V24/><F127/><W2/><G125/><T11/><D11/><N who="1" m="4199" /><E73/><V81/><F130/><W46/><G2/><T106/><D106/><U88/><E66/><V23/><F49/><W18/><G18/><T116/><D116/><U108/><E108/><V126/><F111/><W119/><G109/><T47/><D47/><U29/><E29/><V97/><F126/><W56/><G119/><T103/><D103/><U65/><E65/><V43/><F43/><W6/><G6/><T114/><D114/><AGARI ba="0,0" hai="41,46,48,51,54,56,112,114,132,133,135" m="14377" machi="114" ten="40,5200,0" yaku="20,1,34,2" doraHai="123" who="3" fromWho="0" sc="263,-52,289,0,250,0,198,52" /><INIT seed="3,0,0,0,4,0" ten="211,289,250,250" oya="3" hai0="2,123,101,64,3,109,92,96,49,125,111,51,56" hai1="85,53,104,36,65,13,15,135,61,12,62,88,87" hai2="105,124,130,29,23,67,90,99,81,75,84,120,86" hai3="54,74,94,1,45,20,24,50,32,22,103,134,129"/><W21/><G134/><T59/><D123/><U8/><E104/><V91/><F120/><W33/><G74/><T98/><D125/><U42/><E42/><V4/><F124/><W95/><G1/><N who="0" m="11" /><D64/><U28/><E36/><V63/><F130/><W14/><G129/><T121/><D121/><U115/><E115/><V78/><F75/><W17/><G32/><T71/><D71/><U25/><E135/><V57/><F78/><W73/><G33/><T106/><D92/><N who="3" m="35369" /><G103/><T119/><D101/><U93/><E53/><V76/><F105/><W44/><G73/><T116/><D106/><U39/><E39/><V97/><F4/><W26/><G45/><T40/><D40/><U131/><E131/><V48/><F48/><N who="0" m="18506" /><D59/><N who="1" m="37055" /><E62/><V9/><F9/><AGARI ba="0,0" hai="9,14,17,20,21,22,24,26,44,50,54" m="35369" machi="9" ten="30,1500,0" yaku="8,1" doraHai="0" who="3" fromWho="2" sc="211,0,289,0,250,-15,250,15" /><INIT seed="3,1,0,4,1,63" ten="211,289,235,265" oya="3" hai0="84,67,15,27,4,95,98,18,113,127,21,130,40" hai1="34,11,106,25,120,76,12,0,90,72,74,59,79" hai2="68,1,28,129,119,91,108,3,31,131,19,14,45" hai3="100,87,47,64,128,107,66,35,85,125,133,41,29"/><W94/><G107/><T55/><D130/><N who="2" m="49674" /><F45/><W7/><G128/><T70/><D127/><U73/><E120/><V114/><F68/><W42/><G125/><T78/><D113/><U52/><E106/><V26/><F91/><W49/><G7/><T8/><D40/><U9/><E0/><N who="2" m="75" /><F114/><W93/><G42/><T118/><D118/><U80/><E90/><V2/><N who="2" m="83" /><V88/><DORA hai="96" /><F119/><W116/><G116/><T101/><D55/><U50/><E76/><V126/><F126/><W75/><G75/><T60/><D84/><N who="3" m="32329" /><G133/><T97/><REACH who="0" step="1"/><D98/><REACH who="0" ten="201,289,235,265" step="2"/><U123/><E123/><V104/><F104/><W10/><G41/><T36/><D36/><U124/><E124/><V53/><F53/><W30/><G49/><T82/><D82/><U20/><E73/><V115/><F115/><W65/><G47/><T61/><D61/><U121/><E74/><V23/><F108/><W71/><G71/><T83/><D83/><U112/><E112/><V13/><F88/><W109/><G109/><T54/><D54/><U44/><E121/><V37/><F37/><W69/><G69/><T89/><D89/><U32/><E44/><V46/><F46/><W17/><G100/><T117/><D117/><U58/><E58/><V99/><F99/><W57/><G57/><T77/><AGARI ba="1,1" hai="4,8,15,18,21,27,60,67,70,77,78,95,97,101" machi="77" ten="30,7900,0" yaku="1,1,0,1,52,2,53,0" doraHai="63,96" doraHaiUra="39,135" who="0" fromWho="0" sc="201,92,289,-21,235,-21,265,-40" /><INIT seed="4,0,0,4,2,61" ten="293,268,214,225" oya="0" hai0="135,129,14,133,47,31,109,35,83,82,24,75,91" hai1="19,96,104,56,120,122,126,66,71,21,29,58,9" hai2="12,65,8,69,32,97,79,3,5,15,92,74,81" hai3="1,43,131,86,111,60,20,116,90,27,22,84,48"/><T72/><D129/><U63/><E126/><V68/><F32/><W127/><G116/><T6/><D109/><U7/><E29/><V67/><F69/><W64/><G111/><T108/><D108/><U119/><E119/><V13/><REACH who="2" step="1"/><F68/><REACH who="2" ten="293,268,204,225" step="2"/><W50/><G127/><T124/><D124/><U134/><E71/><V59/><F59/><N who="3" m="36895" /><G131/><T89/><D35/><U33/><E58/><V57/><F57/><W130/><G130/><T125/><D125/><U36/><E33/><V4/><F4/><W37/><G1/><T34/><D6/><U25/><E122/><V28/><F28/><N who="3" m="17511" /><G37/><T44/><D34/><U115/><E120/><V114/><F114/><W38/><G38/><T55/><D31/><U70/><E115/><V45/><F45/><N who="3" m="25663" /><G22/><T40/><D44/><U53/><E36/><V98/><F98/><W80/><G50/><T128/><D47/><U88/><E70/><V52/><F52/><W17/><G17/><T107/><D128/><U94/><E53/><V30/><F30/><W121/><G121/><T0/><D55/><U99/><E99/><V85/><F85/><AGARI ba="0,1" hai="80,84,85,86,90" m="25663,17511,36895" machi="85" ten="30,2000,0" yaku="8,1,52,1" doraHai="61" who="3" fromWho="2" sc="293,0,268,0,204,-20,225,30" /><INIT seed="5,0,0,4,1,133" ten="293,268,184,255" oya="1" hai0="110,28,108,66,85,6,39,30,130,63,35,94,129" hai1="45,81,82,99,100,119,0,127,27,8,75,112,96" hai2="107,134,59,32,43,124,120,1,34,74,113,52,10" hai3="104,68,31,73,114,65,64,15,26,126,135,79,98"/><U38/><E112/><V54/><F120/><W62/><G114/><T9/><D39/><U80/><E119/><V102/><F74/><W37/><G65/><T36/><D36/><U95/><E27/><V84/><F43/><W57/><G37/><T117/><D117/><U19/><E99/><V92/><F113/><W58/><G135/><T16/><D16/><U3/><E75/><V22/><F134/><W131/><G15/><N who="0" m="5559" /><D94/><U115/><E115/><V118/><F118/><W105/><G105/><T12/><D12/><U20/><E8/><V109/><F109/><W125/><G131/><N who="0" m="50187" /><D85/><U44/><E38/><V106/><F54/><W90/><G73/><T29/><D35/><U132/><E132/><V101/><F124/><N who="3" m="47723" /><G79/><T121/><D121/><U61/><E127/><V72/><F72/><W51/><G51/><T25/><D25/><U24/><REACH who="1" step="1"/><E61/><REACH who="1" ten="293,258,184,255" step="2"/><V42/><F107/><W123/><G123/><T17/><D108/><U122/><E122/><V14/><F106/><W78/><G104/><T4/><D110/><U97/><E97/><V41/><F34/><N who="3" m="20855" /><G78/><T46/><D63/><U76/><E76/><V71/><F32/><W40/><G40/><T93/><D30/><U69/><E69/><V7/><F71/><W67/><G67/><T55/><D66/><U5/><E5/><V23/><F42/><W83/><G98/><T50/><D4/><U47/><AGARI ba="0,1" hai="0,3,19,20,24,44,45,47,80,81,82,95,96,100" machi="47" ten="30,3000,0" yaku="1,1,0,1,53,0" doraHai="133" doraHaiUra="49" who="1" fromWho="1" sc="293,-10,258,40,184,-10,255,-10" /><INIT seed="5,1,0,2,0,32" ten="283,298,174,245" oya="1" hai0="38,128,68,130,107,115,8,108,94,111,63,61,44" hai1="102,15,37,104,90,76,4,34,42,81,127,116,11" hai2="57,67,114,134,10,124,16,65,3,129,25,14,93" hai3="135,18,58,66,91,87,41,62,95,119,71,131,92"/><U36/><E116/><V9/><F129/><N who="0" m="49770" /><D107/><U43/><E34/><V48/><F134/><W45/><G131/><T133/><D133/><U99/><E90/><V56/><F124/><W31/><G135/><T106/><D106/><U51/><E127/><V70/><F70/><W5/><G31/><T118/><D118/><U100/><E100/><V112/><F25/><W46/><G5/><T85/><D115/><N who="2" m="44074" /><F93/><W29/><G29/><T1/><D85/><N who="1" m="48295" /><E43/><V77/><F77/><W110/><G110/><N who="0" m="42027" /><D94/><U84/><E84/><V23/><F10/><W60/><G119/><T33/><D33/><U83/><E83/><V30/><F30/><W97/><G18/><T28/><D68/><U123/><E123/><V13/><F13/><W53/><REACH who="3" step="1"/><G41/><REACH who="3" ten="283,298,174,235" step="2"/><N who="0" m="22583" /><D28/><U17/><E17/><V12/><F12/><W121/><G121/><T24/><D24/><U22/><E22/><V35/><F35/><W109/><G109/><T78/><D78/><U120/><E120/><V101/><F101/><AGARI ba="1,1" hai="45,46,53,58,60,62,66,71,87,91,92,95,97,101" machi="101" ten="30,3900,0" yaku="1,1,7,1,53,1" doraHai="32" doraHaiUra="98" who="3" fromWho="2" sc="283,0,298,0,174,-42,235,52" /><INIT seed="6,0,0,5,4,4" ten="283,298,132,287" oya="2" hai0="132,116,17,2,71,59,34,19,49,94,113,7,121" hai1="24,46,25,35,27,29,117,91,103,95,67,42,14" hai2="55,88,124,135,75,130,61,99,134,74,40,123,9" hai3="16,86,1,85,12,20,43,128,58,76,114,104,5"/><V56/><F123/><W21/><G104/><T93/><D121/><U37/><E117/><V68/><F124/><W77/><G114/><T18/><D34/><U3/><E3/><V101/><F130/><W31/><G128/><T48/><D71/><U33/><E103/><V30/><F40/><W102/><G43/><T133/><D113/><U38/><E67/><V63/><F30/><W79/><G102/><T45/><D116/><U81/><E81/><V131/><F131/><W82/><G85/><T90/><D59/><U36/><E14/><V11/><F63/><W87/><G87/><N who="0" m="52447" /><D94/><U53/><E53/><V22/><F22/><W54/><G5/><T60/><D60/><U26/><REACH who="1" step="1"/><E35/><REACH who="1" ten="283,288,132,287" step="2"/><V78/><F68/><W39/><G1/><T96/><D45/><U51/><E51/><V80/><F75/><W109/><G39/><T62/><D62/><U112/><E112/><V64/><F64/><W98/><G109/><T89/><D7/><U110/><E110/><V69/><F69/><W10/><G82/><T83/><D2/><U100/><E100/><V0/><F0/><W70/><G54/><T57/><D83/><U105/><E105/><N who="2" m="63679" /><F88/><W106/><G106/><T73/><D73/><U107/><E107/><V126/><F126/><W120/><G120/><T8/><D8/><U84/><AGARI ba="0,1" hai="24,25,26,27,29,33,36,37,38,42,46,84,91,95" machi="84" ten="30,2000,0" yaku="1,1,0,1,53,0" doraHai="4" doraHaiUra="13" who="1" fromWho="1" sc="283,-5,288,30,132,-10,287,-5" owari="278,-12.0,318,42.0,122,-38.0,282,8.0" /></mjloggm>