<mjloggm ver="2.3"><GO type="169" lobby="0"/><UN n0="%E3%81%9B%E3%81%95%E3%81%BF%E3%82%93%E2%99%AA" n1="%E3%82%A6%E3%83%AB%E3%83%88%E3%83%A9%E7%AB%8B%E7%9B%B4" n2="%E3%81%86%E3%81%83%E3%83%BC%E3%81%A1%E3%82%83%E3%82%93" n3="%69%74%61%6C%69%61%6E" dan="16,17,17,16" rate="2158.97,2234.46,2207.34,2030.12" sx="F,M,M,M"/><TAIKYOKU oya="0"/><INIT seed="0,0,0,5,3,29" ten="250,250,250,250" oya="0" hai0="1,61,52,41,98,63,100,96,67,87,70,124,45" hai1="37,3,5,36,91,105,7,72,33,116,55,79,60" hai2="111,16,71,80,59,73,18,49,83,12,14,21,57" hai3="82,121,104,53,66,135,20,10,56,93,51,89,69"/><T102/><D1/><U114/><E91/><V42/><F71/><W74/><G104/><T65/><D124/><U24/><E55/><V27/><F111/><W109/><G109/><T32/><D87/><U39/><E7/><V75/><F27/><W47/><G135/><T35/><D52/><U126/><E60/><V54/><F42/><W112/><G112/><T99/><D41/><U43/><E116/><V127/><F127/><W68/><G121/><T108/><D108/><U131/><E126/><V90/><F57/><W130/><G130/><T6/><D6/><U11/><E131/><V30/><F30/><W128/><G128/><T107/><D45/><N who="1" m="23783" /><E105/><V23/><REACH who="2" step="1"/><F90/><REACH who="2" ten="250,250,240,250" step="2"/><W86/><G69/><T46/><D46/><U94/><E114/><V133/><F133/><W64/><G68/><T113/><D113/><U58/><E58/><V38/><F38/><W85/><G56/><T19/><D70/><U31/><E94/><V15/><F15/><W84/><G93/><T26/><D26/><U77/><E77/><V50/><F50/><W134/><G89/><T2/><D2/><U88/><E88/><V8/><F8/><W119/><G10/><T25/><D107/><U92/><E92/><V48/><F48/><W81/><G134/><T76/><D25/><U129/><E129/><V101/><F101/><W125/><G125/><T120/><D120/><U122/><E122/><V13/><F13/><W34/><G51/><T4/><D102/><U40/><E40/><V9/><F9/><W97/><G47/><T17/><D100/><U78/><E78/><V106/><F106/><RYUUKYOKU ba="0,1" sc="250,-15,250,15,240,15,250,-15" hai1="3,5,11,24,31,33,37,39,72,79" hai2="12,14,16,18,21,23,49,54,59,73,75,80,83" /><INIT seed="1,1,1,0,4,111" ten="235,265,255,235" oya="1" hai0="50,91,30,4,34,40,9,23,66,98,132,42,88" hai1="97,44,52,81,60,102,79,57,58,47,99,53,21" hai2="93,92,83,22,26,118,101,46,116,3,54,56,45" hai3="77,15,63,24,39,109,2,73,75,90,131,84,86"/><U67/><E21/><V107/><F3/><W134/><G2/><T11/><D132/><U122/><E122/><V103/><F83/><W33/><G134/><T105/><D34/><U25/><E25/><V87/><F107/><W78/><G109/><T80/><D66/><U20/><E20/><V96/><F116/><W64/><G131/><T10/><D4/><U48/><E67/><V43/><F118/><W5/><G39/><T37/><D37/><U82/><E82/><V100/><F87/><W0/><G0/><T125/><D125/><U108/><E108/><V117/><F117/><W61/><G24/><N who="0" m="16671" /><D105/><U121/><E121/><V95/><F96/><W115/><G90/><N who="0" m="34347" /><D80/><U74/><REACH who="1" step="1"/><E99/><REACH who="1" ten="235,255,255,235" step="2"/><V94/><F94/><AGARI ba="1,2" hai="44,47,48,52,53,57,58,60,74,79,81,94,97,102" machi="94" ten="30,12000,1" yaku="1,1,2,1,7,1,54,1,53,1" doraHai="111" doraHaiUra="104" who="1" fromWho="2" sc="235,0,255,143,255,-123,235,0" /><INIT seed="1,2,0,3,3,78" ten="235,398,132,235" oya="1" hai0="123,99,96,46,97,90,31,45,72,59,127,44,19" hai1="71,101,17,39,64,10,89,129,82,121,21,117,42" hai2="13,48,98,88,8,49,77,66,9,22,5,6,50" hai3="100,113,58,116,0,122,124,68,128,112,76,52,70"/><U63/><E121/><V7/><F66/><W37/><G122/><T57/><D72/><U110/><E117/><V130/><F130/><W67/><G128/><T107/><D123/><U47/><E129/><V81/><F22/><W91/><G116/><T85/><D31/><U51/><E101/><V109/><F109/><W61/><G0/><T115/><D115/><U25/><E110/><V103/><F13/><W26/><G100/><T43/><D43/><U38/><E10/><V75/><REACH who="2" step="1"/><F88/><REACH who="2" ten="235,398,122,235" step="2"/><W118/><G91/><T23/><D127/><U95/><E82/><V55/><F55/><W106/><G124/><T3/><D3/><U105/><E105/><AGARI ba="2,1" hai="5,6,7,8,9,48,49,50,75,77,81,98,103,105" machi="105" ten="40,5200,0" yaku="1,1,52,1,53,1" doraHai="78" doraHaiUra="79" who="2" fromWho="1" sc="235,0,398,-58,122,68,235,0" /><INIT seed="2,0,0,2,5,39" ten="235,340,190,235" oya="2" hai0="30,0,91,103,36,17,32,109,124,77,4,110,89" hai1="75,65,68,118,121,13,111,60,26,53,129,28,88" hai2="92,62,133,6,106,98,126,35,131,81,78,2,43" hai3="57,49,46,24,83,93,12,74,38,117,1,132,19"/><V66/><F126/><W120/><G1/><T119/><D124/><U23/><E118/><V29/><F131/><W80/><G117/><T9/><D119/><U15/><E75/><V113/><F106/><W107/><G120/><T42/><D103/><U108/><E121/><V102/><F133/><W31/><G107/><T3/><D3/><U56/><E88/><V58/><F113/><W40/><G132/><T97/><D17/><U11/><E129/><V7/><F2/><W135/><G135/><T69/><D69/><U25/><E25/><V82/><F82/><W50/><G93/><T8/><D8/><U54/><E15/><V20/><F43/><W37/><G74/><T59/><D59/><U41/><E41/><V27/><REACH who="2" step="1"/><F35/><REACH who="2" ten="235,340,180,235" step="2"/><W116/><G116/><T45/><D32/><U123/><E123/><V44/><F44/><W114/><G114/><T76/><D45/><U94/><E94/><V130/><F130/><W18/><G83/><T101/><D42/><U115/><E115/><V67/><F67/><W128/><G80/><T127/><D127/><U34/><E34/><V125/><F125/><W71/><G128/><T112/><D112/><U48/><E54/><V22/><F22/><W79/><G46/><T70/><D0/><U105/><E105/><V14/><F14/><W61/><G40/><T87/><D36/><U90/><E13/><V86/><AGARI ba="0,1" hai="6,7,20,27,29,58,62,66,78,81,86,92,98,102" machi="86" ten="20,18000,2" yaku="1,1,0,1,7,1,25,2,8,1,53,0" doraHai="39" doraHaiUra="84" who="2" fromWho="2" sc="235,-60,340,-60,180,190,235,-60" /><INIT seed="2,1,0,5,0,75" ten="175,280,370,175" oya="2" hai0="135,11,6,10,9,58,124,98,86,90,30,29,51" hai1="23,0,92,115,2,26,121,16,28,49,4,25,106" hai2="61,134,7,48,40,31,71,35,22,53,78,3,34" hai3="117,111,74,110,65,133,12,67,33,94,52,101,105"/><V109/><F134/><W96/><G117/><T112/><D112/><U37/><E106/><V119/><F119/><W131/><G133/><T83/><D135/><U57/><E37/><V99/><F40/><W132/><G132/><T102/><D124/><U8/><E115/><V15/><F109/><W120/><G120/><T43/><D6/><U60/><E121/><V72/><F3/><W59/><G33/><T66/><D43/><U127/><E127/><V32/><F99/><W128/><G12/><T36/><D36/><U55/><E92/><V103/><F103/><W88/><G74/><T13/><D13/><U42/><E42/><V1/><F1/><W123/><G67/><T64/><D64/><U69/><E69/><V129/><F129/><N who="3" m="49739" /><G65/><T113/><D113/><U39/><E39/><V19/><F71/><W18/><G18/><T104/><D66/><U89/><E89/><V17/><F17/><W45/><G45/><T126/><D126/><U54/><E2/><V63/><F7/><W93/><G123/><T77/><REACH who="0" step="1"/><D90/><REACH who="0" ten="165,280,370,175" step="2"/><U38/><E38/><V130/><F130/><W73/><G88/><T91/><D91/><U87/><E4/><V114/><F114/><W108/><G108/><T122/><D122/><U44/><E0/><V50/><F53/><AGARI ba="1,1" hai="9,10,11,29,30,51,53,58,77,83,86,98,102,104" machi="53" ten="40,5200,0" yaku="1,1,52,1,53,1" doraHai="75" doraHaiUra="97" who="0" fromWho="2" sc="165,65,280,0,370,-55,175,0" /><INIT seed="3,0,0,3,2,0" ten="230,280,315,175" oya="3" hai0="20,41,66,129,63,130,48,81,94,80,30,75,120" hai1="122,72,99,23,17,26,85,117,54,110,97,119,101" hai2="79,56,132,90,10,28,18,49,105,95,68,21,109" hai3="84,103,73,123,88,34,113,100,57,9,45,135,14"/><W125/><G123/><T74/><D120/><U58/><E122/><V46/><F68/><W55/><G73/><N who="0" m="27659" /><D94/><U3/><E72/><V116/><F105/><W69/><G69/><N who="0" m="42207" /><D30/><U76/><E110/><V70/><F132/><W62/><G34/><T128/><D20/><U83/><E3/><V52/><F109/><W82/><G135/><T44/><AGARI ba="0,0" hai="41,44,48,80,81,128,129,130" m="42207,27659" machi="44" ten="40,1500,0" yaku="19,1" doraHai="0" who="0" fromWho="0" sc="230,15,280,-4,315,-4,175,-7" /><INIT seed="4,0,0,5,3,130" ten="245,276,311,168" oya="0" hai0="18,68,47,110,95,90,83,87,77,131,11,116,125" hai1="93,61,20,51,73,62,36,66,30,58,29,4,59" hai2="72,132,86,124,133,84,65,120,98,82,25,38,12" hai3="64,46,0,63,39,52,92,8,48,13,43,69,49"/><T118/><D131/><U37/><E73/><V88/><F38/><W103/><G0/><T14/><D125/><U3/><E51/><V107/><F120/><W121/><G121/><T22/><D68/><U102/><E4/><V128/><F65/><W123/><G123/><T26/><D110/><U89/><E3/><V55/><F128/><W99/><G13/><T71/><D71/><U45/><E45/><V16/><F72/><W50/><REACH who="3" step="1"/><G8/><REACH who="3" ten="245,276,311,158" step="2"/><T2/><D2/><U94/><E37/><V113/><F124/><W42/><G42/><T28/><REACH who="0" step="1"/><D47/><AGARI ba="0,1" hai="39,43,46,47,48,49,50,52,63,64,69,92,99,103" machi="47" ten="30,7700,0" yaku="1,1,7,1,54,1,53,1" doraHai="130" doraHaiUra="57" who="3" fromWho="0" sc="245,-77,276,0,311,0,158,87" /><INIT seed="5,0,0,3,2,53" ten="168,276,311,245" oya="1" hai0="134,44,106,130,93,9,101,59,115,67,5,85,113" hai1="39,56,76,77,129,110,104,38,50,70,78,99,58" hai2="45,97,120,122,73,0,62,66,2,55,7,121,15" hai3="25,108,116,14,132,49,87,32,98,8,11,63,96"/><U124/><E70/><V127/><F73/><W61/><G108/><T52/><D134/><U114/><E110/><V64/><F127/><W17/><G132/><T128/><D106/><U35/><E35/><V94/><F15/><W26/><G116/><T126/><D126/><U74/><E74/><V37/><F64/><W131/><G131/><N who="0" m="50219" /><D67/><U111/><E111/><V13/><F13/><W16/><G87/><T84/><D44/><U90/><E129/><V68/><F7/><W100/><G49/><N who="0" m="31119" /><D101/><U51/><E124/><V75/><F45/><W103/><G14/><N who="0" m="5423" /><D93/><N who="1" m="56759" /><E104/><V18/><F122/><W88/><G32/><T23/><D23/><U118/><E118/><V72/><F121/><W71/><G71/><T133/><D133/><U65/><E39/><V42/><F37/><W95/><G95/><T43/><D43/><U79/><E38/><V20/><F68/><W1/><G1/><T135/><D135/><U83/><E114/><AGARI ba="0,0" hai="84,85,113,114,115" m="5423,31119,50219" machi="114" ten="30,7700,0" yaku="15,1,19,1,52,1,54,1" doraHai="53" who="0" fromWho="1" sc="168,77,276,-77,311,0,245,0" /><INIT seed="6,0,0,1,4,81" ten="245,199,311,245" oya="2" hai0="122,118,70,53,108,133,5,93,102,65,6,130,55" hai1="84,36,42,23,134,41,46,132,98,58,60,51,13" hai2="92,38,113,106,9,17,4,99,64,18,71,115,2" hai3="15,3,73,80,30,48,12,125,31,32,82,56,83"/><V112/><F38/><W69/><G3/><T43/><D122/><U63/><E98/><V22/><F106/><W126/><G69/><T40/><D108/><U116/><E23/><V103/><REACH who="2" step="1"/><F22/><REACH who="2" ten="245,199,301,245" step="2"/><W52/><G32/><T124/><D118/><U94/><E116/><V57/><F57/><W90/><G126/><T45/><D124/><U104/><E104/><V27/><F27/><W62/><G125/><T79/><D70/><U61/><E13/><V10/><F10/><W21/><G21/><T7/><D130/><U87/><E94/><V95/><F95/><W28/><G12/><T11/><D93/><U77/><E77/><V128/><F128/><W33/><G15/><T121/><D11/><U123/><E123/><V131/><F131/><W19/><G33/><T114/><D79/><U14/><E14/><V68/><F68/><W110/><G73/><T119/><D119/><U120/><E120/><V109/><F109/><W117/><G110/><T39/><D121/><U67/><E67/><V135/><F135/><N who="1" m="51753" /><E58/><V66/><F66/><W78/><G117/><T96/><D133/><U24/><E24/><V97/><F97/><W34/><G34/><T37/><D65/><U16/><E16/><V44/><F44/><AGARI ba="0,1" hai="36,41,42,44,46,51,60,61,63,84,87" m="51753" machi="44" ten="30,3900,0" yaku="20,1,52,2" doraHai="81" who="1" fromWho="2" sc="245,0,199,49,301,-39,245,0" /><INIT seed="7,0,0,3,0,107" ten="245,248,262,245" oya="3" hai0="13,103,57,87,5,130,39,112,43,100,19,77,70" hai1="18,132,44,85,41,63,88,121,92,34,8,12,84" hai2="71,93,127,32,59,96,46,0,73,108,20,22,64" hai3="117,135,119,122,7,95,124,16,83,9,17,120,128"/><W111/><G95/><T3/><D70/><U81/><E34/><V52/><F73/><W14/><G83/><T36/><D130/><U35/><E35/><V72/><F72/><W28/><G128/><T10/><D112/><U48/><E132/><V134/><F32/><W67/><G67/><T133/><D133/><U74/><E121/><N who="3" m="46698" /><G135/><T54/><D103/><U97/><REACH who="1" step="1"/><E63/><REACH who="1" ten="245,238,262,245" step="2"/><V116/><F134/><W94/><G111/><T11/><D100/><U102/><E102/><V99/><F108/><W31/><G124/><T110/><D110/><U15/><E15/><V131/><F127/><W125/><G125/><T68/><D3/><U2/><E2/><V23/><F0/><W50/><G50/><T6/><D13/><U115/><E115/><V49/><F131/><W118/><G94/><T58/><D39/><U33/><E33/><V42/><F93/><W123/><G123/><T129/><D36/><U25/><E25/><V114/><F114/><W60/><G60/><T113/><D113/><U27/><E27/><V4/><F49/><W82/><G82/><T21/><D129/><U66/><E66/><V24/><F64/><W126/><G126/><T40/><D5/><U105/><E105/><V1/><F4/><W26/><G26/><T76/><D6/><U65/><E65/><V38/><F24/><W90/><G90/><T104/><D104/><U47/><E47/><V106/><F106/><W101/><G101/><T89/><D89/><U29/><E29/><AGARI ba="0,1" hai="7,9,14,16,17,28,29,31,117,118,119" m="46698" machi="29" ten="40,7700,0" yaku="34,2,54,1" doraHai="107" who="3" fromWho="1" sc="245,0,238,-77,262,0,245,87" owari="245,-15.0,161,-34.0,262,6.0,332,43.0" /></mjloggm>