<mjloggm ver="2.3"><GO type="171" lobby="0"/><UN n0="%E3%81%94%E3%82%8A%E3%81%94%E3%82%8A%E3%81%94%E3%82%8A%E3%82%89" n1="%E9%BA%BB%E9%9B%80%E4%B8%96%E7%95%8C" n2="%62%75%67%79%61%77%69" n3="%E3%82%A6%E3%83%AB%E3%83%88%E3%83%A9%E7%AB%8B%E7%9B%B4" dan="17,18,17,17" rate="2181.66,2158.75,2168.56,2166.25" sx="M,M,M,M"/><TAIKYOKU oya="0"/><INIT seed="0,0,0,3,4,44" ten="250,250,250,250" oya="0" hai0="39,19,123,90,65,115,58,5,4,15,73,54,75" hai1="23,93,11,6,76,12,56,106,53,98,61,14,48" hai2="62,43,25,89,85,2,60,128,36,26,131,87,10" hai3="121,24,52,112,7,117,79,57,102,110,8,118,94"/><T100/><D123/><U51/><E106/><V69/><F2/><W13/><G112/><T41/><D115/><U45/><E76/><V72/><F72/><W107/><G107/><T82/><D100/><U84/><E84/><V99/><F43/><W127/><G121/><T28/><D28/><U113/><E113/><V101/><F36/><W120/><G120/><T135/><D135/><U17/><E45/><V47/><F47/><W97/><G127/><T55/><D65/><U20/><E23/><V119/><F10/><W1/><G110/><T129/><D129/><U103/><AGARI ba="0,0" hai="6,11,12,14,17,20,48,51,53,56,61,93,98,103" machi="103" ten="20,8000,1" yaku="0,1,7,1,8,1,52,2" doraHai="44" who="1" fromWho="1" sc="250,-40,250,80,250,-20,250,-20" /><INIT seed="1,0,0,3,3,73" ten="210,330,230,230" oya="1" hai0="84,126,27,17,30,53,46,112,60,92,117,107,51" hai1="96,109,94,118,35,134,28,9,64,123,95,90,31" hai2="10,71,116,61,18,63,99,103,8,127,65,86,47" hai3="3,52,23,131,70,1,88,39,81,111,40,49,62"/><U97/><E118/><V7/><F116/><W67/><G131/><T98/><D117/><U129/><E123/><V0/><F127/><W41/><G41/><T120/><D112/><U34/><E129/><V57/><F47/><W89/><G111/><T122/><D126/><U87/><E109/><V55/><F86/><W20/><G20/><T82/><D107/><U125/><E125/><V45/><F45/><W133/><G133/><T6/><D17/><U130/><E134/><V77/><F77/><W119/><G119/><T68/><D6/><U16/><E64/><V24/><F10/><W105/><G105/><T110/><D60/><U114/><E114/><V80/><F80/><W19/><G88/><T78/><D68/><U22/><E9/><V135/><F135/><W102/><G102/><T5/><D5/><U75/><E75/><V12/><F24/><W42/><G42/><T108/><D110/><U113/><E113/><V26/><F26/><W21/><G89/><T85/><D85/><U56/><E130/><V76/><F76/><W128/><G81/><T44/><D108/><U54/><E35/><V14/><REACH who="2" step="1"/><F18/><REACH who="2" ten="210,330,220,230" step="2"/><W72/><G72/><T93/><D46/><U124/><E124/><V79/><F79/><W32/><G19/><T121/><REACH who="0" step="1"/><D98/><REACH who="0" ten="200,330,220,230" step="2"/><U58/><E97/><V132/><F132/><W13/><G128/><T83/><D83/><U25/><E96/><V104/><AGARI ba="0,2" hai="0,7,8,12,14,55,57,61,63,65,71,99,103,104" machi="104" ten="20,5200,0" yaku="1,1,0,1,7,1,53,1" doraHai="73" doraHaiUra="66" who="2" fromWho="2" sc="200,-13,330,-26,220,72,230,-13" /><INIT seed="2,0,0,3,3,38" ten="187,304,292,217" oya="2" hai0="3,27,12,74,110,14,105,37,119,109,98,22,36" hai1="106,135,29,25,8,118,90,68,56,115,43,94,51" hai2="34,69,112,129,19,113,16,93,84,21,39,1,7" hai3="71,6,81,87,48,44,5,30,97,126,26,31,131"/><V63/><F39/><N who="0" m="14922" /><D3/><U134/><E106/><V101/><F69/><W67/><G31/><N who="0" m="17911" /><D74/><U79/><E68/><V52/><F63/><W92/><G67/><T107/><D119/><U123/><E118/><V58/><F58/><W32/><G71/><T0/><D0/><U133/><E115/><V61/><F61/><W57/><G57/><T42/><D42/><U75/><E8/><N who="2" m="2159" /><F93/><W40/><G126/><T9/><D98/><U46/><E123/><V104/><F84/><W82/><G131/><T50/><D50/><U130/><E130/><V103/><F52/><W18/><G18/><N who="2" m="6697" /><F34/><W59/><G59/><T78/><D78/><U23/><E56/><V54/><F54/><W89/><G82/><T60/><D60/><U33/><E79/><AGARI ba="0,0" hai="5,6,26,30,32,40,44,48,79,81,87,89,92,97" machi="79" ten="30,2000,0" yaku="7,1,52,1" doraHai="38" who="3" fromWho="1" sc="187,0,304,-20,292,0,217,20" /><INIT seed="3,0,0,2,3,123" ten="187,284,292,237" oya="3" hai0="38,108,57,100,34,22,59,51,39,54,60,107,95" hai1="89,125,56,116,49,132,80,19,126,99,135,30,86" hai2="113,36,70,71,13,1,122,41,33,64,37,15,63" hai3="12,115,47,104,46,69,68,2,23,55,81,105,58"/><W93/><G2/><T50/><D34/><U25/><E19/><V134/><F1/><W120/><G120/><T18/><D107/><U75/><E75/><V11/><F33/><W66/><G115/><T29/><D108/><U133/><E116/><V7/><F122/><W31/><G68/><T10/><D10/><U76/><E56/><V24/><F113/><W114/><G114/><T92/><D29/><U94/><REACH who="1" step="1"/><E49/><REACH who="1" ten="187,274,292,237" step="2"/><V78/><F71/><W14/><G69/><T79/><D50/><U42/><E42/><V26/><F41/><W103/><G66/><T90/><D39/><U43/><E43/><V74/><F37/><W91/><G58/><T20/><D38/><U40/><E40/><V27/><F36/><W77/><G55/><T4/><D18/><U118/><E118/><V97/><F70/><W3/><G47/><T98/><D4/><U0/><E0/><V124/><F64/><W62/><G46/><T6/><D6/><U130/><E130/><V106/><F74/><W109/><G3/><T85/><REACH who="0" step="1"/><D79/><REACH who="0" ten="177,274,292,237" step="2"/><U128/><E128/><V112/><F78/><W35/><G77/><T129/><D129/><U65/><E65/><AGARI ba="0,2" hai="20,22,51,54,57,59,60,65,85,90,92,95,98,100" machi="65" ten="30,3900,0" yaku="1,1,7,1,8,1,53,0" doraHai="123" doraHaiUra="21" who="0" fromWho="1" sc="177,59,274,-39,292,0,237,0" /><INIT seed="4,0,0,4,3,117" ten="236,235,292,237" oya="0" hai0="98,31,119,133,84,92,19,89,58,108,114,96,73" hai1="69,24,21,126,43,110,134,27,8,0,100,37,123" hai2="72,33,29,125,63,87,45,65,50,76,101,6,102" hai3="49,115,25,86,15,64,36,16,48,30,55,20,132"/><T85/><D119/><U3/><E69/><V99/><F72/><W34/><G36/><T47/><D114/><U82/><E100/><V90/><F76/><W105/><G115/><T61/><D73/><U32/><E43/><V1/><F125/><W40/><G105/><T107/><D133/><U67/><E67/><V120/><F120/><W59/><G132/><T53/><D108/><U68/><E68/><V12/><F1/><W11/><G64/><T52/><D31/><U28/><E37/><V74/><F74/><W75/><G75/><T79/><D19/><U128/><E82/><V18/><F6/><W135/><G135/><T94/><D107/><U88/><E88/><V9/><F33/><W104/><G104/><T124/><D124/><U62/><E62/><V38/><F38/><W2/><G86/><T95/><D79/><U26/><E134/><V129/><F129/><W44/><REACH who="3" step="1"/><G2/><REACH who="3" ten="236,235,292,227" step="2"/><T97/><D85/><U4/><E126/><V41/><F87/><W14/><G14/><T130/><D130/><U77/><E128/><V127/><F127/><W60/><G60/><T10/><D10/><AGARI ba="0,1" hai="10,11,15,16,20,25,30,34,40,44,48,49,55,59" machi="10" ten="40,1300,0" yaku="1,1,53,0" doraHai="117" doraHaiUra="112" who="3" fromWho="0" sc="236,-13,235,0,292,0,227,23" /><INIT seed="5,0,0,4,3,76" ten="223,235,292,250" oya="1" hai0="43,68,90,130,23,98,45,69,65,50,61,12,52" hai1="36,126,94,86,134,53,48,70,32,107,34,84,125" hai2="81,115,35,133,38,31,22,7,4,96,33,20,15" hai3="75,121,110,59,74,88,135,41,128,66,71,62,79"/><U101/><E70/><V99/><F38/><W3/><G3/><T21/><D130/><U111/><E36/><V89/><F35/><W100/><G75/><T2/><D2/><U6/><E6/><N who="2" m="2091" /><F33/><W117/><G100/><T11/><D69/><U18/><E107/><V108/><F108/><W14/><G79/><T39/><D98/><N who="2" m="37418" /><F133/><W26/><G74/><T19/><REACH who="0" step="1"/><D90/><REACH who="0" ten="213,235,292,250" step="2"/><N who="1" m="53575" /><E111/><V106/><F106/><W127/><G88/><T67/><D67/><U25/><E101/><V131/><F131/><W9/><G66/><T114/><D114/><U16/><E134/><V92/><F115/><W120/><G71/><T124/><D124/><U27/><E126/><V56/><F89/><W116/><G127/><T103/><D103/><U97/><E125/><V54/><F31/><W17/><G128/><T91/><D91/><U77/><E97/><V105/><F105/><W85/><G135/><T109/><D109/><U132/><E132/><V51/><F92/><W72/><G110/><T119/><D119/><U83/><E34/><V42/><F81/><W80/><G80/><T24/><D24/><N who="1" m="9291" /><E32/><V113/><F113/><W30/><G117/><T93/><D93/><U28/><E28/><V57/><F57/><AGARI ba="0,1" hai="11,12,19,21,23,39,43,45,50,52,57,61,65,68" machi="57" ten="30,8000,1" yaku="1,1,7,1,24,2,53,1" doraHai="76" doraHaiUra="5" who="0" fromWho="2" sc="213,90,235,0,292,-80,250,0" /><AGARI ba="0,0" hai="16,18,48,53,57,77,83,86" m="9291,53575" machi="57" ten="30,2900,0" yaku="8,1,52,1" doraHai="76" who="1" fromWho="2" sc="303,0,235,29,212,-29,250,0" /><INIT seed="5,1,0,2,4,76" ten="303,264,183,250" oya="1" hai0="45,16,29,28,110,131,34,31,18,63,1,103,113" hai1="133,94,127,30,69,44,116,11,13,88,99,125,75" hai2="122,83,27,10,85,68,17,61,55,84,132,114,23" hai3="40,111,39,35,38,108,46,53,54,22,82,109,0"/><U57/><E69/><V91/><F122/><W26/><G0/><T41/><D34/><U124/><E116/><V77/><F132/><W92/><G35/><T3/><D110/><U107/><E133/><V86/><F114/><W14/><G38/><T87/><D113/><U115/><E115/><V123/><F123/><W19/><G92/><T9/><D103/><U50/><E57/><V72/><F72/><W12/><G12/><T101/><D101/><U59/><E59/><N who="2" m="35071" /><F68/><W66/><G66/><T65/><D87/><N who="2" m="33354" /><F10/><W6/><G6/><T33/><D33/><U112/><E112/><V62/><N who="2" m="33362" /><V89/><DORA hai="70" /><F62/><W97/><G97/><T135/><D9/><U73/><E30/><V20/><F77/><W79/><REACH who="3" step="1"/><G14/><REACH who="3" ten="303,264,183,240" step="2"/><T129/><D1/><U52/><E107/><V32/><F32/><W60/><G60/><T15/><D63/><U104/><E104/><V102/><F83/><W134/><G134/><T106/><D3/><U36/><E36/><V98/><F98/><W37/><G37/><T117/><D15/><U96/><E99/><V120/><F102/><W49/><G49/><N who="0" m="26799" /><D106/><U74/><E13/><N who="2" m="9263" /><F120/><W81/><G81/><T100/><D135/><U2/><E11/><V21/><F21/><W67/><G67/><T8/><D65/><U64/><E64/><V105/><F105/><W78/><G78/><T48/><D100/><U121/><E2/><V80/><F80/><W4/><G4/><T95/><D48/><U56/><E121/><V58/><F58/><W25/><G25/><T118/><D95/><U51/><E56/><V90/><F27/><RYUUKYOKU ba="1,1" sc="303,-30,264,10,183,10,240,10" hai1="44,50,51,52,73,74,75,88,94,96,124,125,127" hai2="23,89,90,91" hai3="19,22,26,39,40,46,53,54,79,82,108,109,111" /><INIT seed="5,2,1,5,4,45" ten="273,274,193,250" oya="1" hai0="14,63,33,67,44,97,86,78,39,104,5,20,128" hai1="108,16,2,103,51,91,46,55,112,82,56,54,81" hai2="96,22,105,133,123,47,117,99,120,100,125,88,83" hai3="64,11,126,6,115,38,77,85,1,65,127,37,62"/><U28/><E112/><V94/><F22/><W23/><G115/><T3/><D33/><U30/><E2/><V135/><F47/><W61/><G23/><T53/><D128/><U107/><E107/><V8/><F8/><W92/><G77/><T7/><D3/><U124/><E103/><V101/><F117/><W35/><G35/><T95/><D104/><U131/><E131/><V24/><F24/><W71/><G85/><T59/><D78/><U79/><E108/><V70/><F70/><N who="3" m="42255" /><G92/><T129/><D86/><U111/><E111/><V113/><F113/><W90/><G90/><T60/><D129/><U114/><E114/><V32/><F32/><W89/><G89/><T98/><D39/><AGARI ba="2,1" hai="1,6,11,37,38,39,62,65,71,126,127" m="42255" machi="39" ten="30,1000,0" yaku="23,1" doraHai="45" who="3" fromWho="0" sc="273,-16,274,0,193,0,250,26" /><INIT seed="6,0,0,2,3,103" ten="257,274,193,276" oya="2" hai0="15,121,135,55,118,101,71,119,110,98,49,127,113" hai1="40,94,97,76,133,13,99,19,73,38,23,32,82" hai2="6,96,2,37,116,100,93,46,122,0,60,102,52" hai3="42,84,70,128,28,134,64,34,109,130,80,67,91"/><V131/><F116/><N who="0" m="44586" /><D110/><U43/><E133/><V54/><F122/><W117/><G109/><T3/><D3/><U18/><E32/><V129/><F102/><W88/><G117/><T81/><D71/><U126/><E126/><V51/><F37/><W92/><G42/><T104/><D113/><U79/><E79/><V39/><F39/><W114/><G70/><T21/><D81/><U1/><E1/><V75/><F75/><W16/><G28/><T17/><D135/><U57/><E99/><V63/><F2/><W31/><G31/><T12/><D127/><U68/><E68/><V14/><F14/><W61/><G34/><T58/><D121/><U26/><E57/><V33/><F33/><W9/><G114/><T30/><D30/><U108/><E38/><V59/><REACH who="2" step="1"/><F63/><REACH who="2" ten="257,274,183,276" step="2"/><W36/><G61/><T62/><D62/><U44/><E108/><V41/><F41/><W35/><G36/><T74/><D74/><U85/><E73/><V90/><F90/><W123/><G35/><T65/><D12/><U87/><E43/><V78/><F78/><W11/><G123/><T5/><D5/><U25/><E13/><V45/><F45/><W95/><G88/><T120/><D120/><U107/><E44/><V125/><F125/><W47/><G47/><T105/><D65/><U132/><E40/><V20/><F20/><W27/><G67/><T112/><D112/><U77/><E77/><V10/><AGARI ba="0,1" hai="0,6,10,46,51,52,54,59,60,93,96,100,129,131" machi="10" ten="30,6000,0" yaku="1,1,0,1,53,1" doraHai="103" doraHaiUra="56" who="2" fromWho="2" sc="257,-20,274,-20,183,70,276,-20" /><INIT seed="6,1,0,1,2,30" ten="237,254,253,256" oya="2" hai0="99,34,63,105,31,123,113,47,81,62,50,98,100" hai1="28,114,52,129,72,48,128,15,42,130,96,112,87" hai2="58,23,118,111,59,39,102,115,103,17,10,86,49" hai3="104,16,11,26,41,2,61,3,85,13,94,38,55"/><V7/><F118/><W83/><G104/><T77/><D123/><U4/><E72/><V107/><F39/><W6/><G41/><T18/><D113/><N who="1" m="43627" /><E28/><V0/><F115/><W14/><G38/><T93/><D18/><U92/><E87/><V134/><F134/><W33/><G94/><T127/><D127/><U79/><E79/><V110/><F86/><W44/><G26/><T66/><D31/><U5/><E15/><N who="2" m="9663" /><F107/><W126/><G33/><T21/><D21/><U109/><E42/><V76/><F76/><W74/><G74/><T45/><D34/><U54/><E109/><N who="2" m="41483" /><F49/><W82/><G82/><T120/><D120/><U40/><E40/><V68/><F68/><W131/><G85/><T53/><D45/><N who="1" m="27663" /><E54/><V29/><F29/><W133/><G55/><T73/><REACH who="0" step="1"/><D66/><REACH who="0" ten="227,254,253,256" step="2"/><U101/><AGARI ba="1,1" hai="4,5,92,96,101,128,129,130" m="27663,43627" machi="101" ten="40,2700,0" yaku="19,1,15,1" doraHai="30" who="1" fromWho="1" sc="227,-8,254,40,253,-14,256,-8" /><INIT seed="7,0,0,3,2,88" ten="219,294,239,248" oya="3" hai0="23,15,27,106,126,58,108,32,47,31,69,134,70" hai1="41,100,98,46,132,115,63,50,66,35,81,2,53" hai2="18,25,52,96,45,125,6,101,109,28,133,95,86" hai3="40,93,105,3,8,16,33,11,38,17,43,30,128"/><W123/><G105/><T19/><D108/><U77/><E115/><V85/><F109/><W9/><G3/><T117/><D106/><U65/><E132/><V20/><F133/><W135/><G123/><T87/><D134/><U130/><E130/><V113/><F113/><W124/><G38/><T112/><D117/><U74/><E35/><V48/><F125/><W73/><G73/><T110/><D112/><U71/><E2/><V57/><F6/><W54/><G33/><T75/><D75/><U114/><E114/><V83/><F83/><W34/><G30/><T89/><D110/><U62/><E53/><V51/><REACH who="2" step="1"/><F28/><REACH who="2" ten="219,294,229,248" step="2"/><W22/><G124/><T107/><D126/><U122/><E122/><V1/><F1/><W97/><G135/><T104/><D47/><U10/><E46/><V91/><F91/><W37/><G128/><T90/><D89/><U131/><E77/><V61/><F61/><W7/><G7/><T103/><D58/><U4/><E131/><V127/><F127/><W36/><G36/><T14/><D107/><U13/><E71/><V79/><F79/><W82/><G37/><T26/><D70/><U111/><E63/><V5/><F5/><W56/><G82/><N who="0" m="49527" /><D69/><U99/><E62/><V0/><F0/><W120/><G120/><T12/><D103/><U76/><E100/><V59/><F59/><W29/><G56/><T72/><D104/><U129/><E129/><V116/><F116/><W39/><G39/><T119/><D119/><U55/><E111/><V121/><F121/><W118/><G118/><T21/><D72/><U92/><E74/><RYUUKYOKU ba="0,1" sc="219,15,294,-15,229,15,248,-15" hai0="12,14,15,19,21,23,26,27,31,32" hai2="18,20,25,45,48,51,52,57,85,86,95,96,101" /><INIT seed="8,1,1,0,4,126" ten="234,279,244,233" oya="0" hai0="68,47,20,132,27,109,34,45,48,18,5,32,117" hai1="115,38,103,123,120,134,110,36,107,80,67,22,101" hai2="84,130,25,125,37,6,91,58,61,76,105,41,57" hai3="113,87,128,108,1,28,72,112,54,63,98,52,23"/><T49/><D68/><U12/><E110/><V69/><F105/><W9/><G72/><T46/><D109/><U118/><E67/><V3/><F76/><W53/><G108/><T2/><D117/><U133/><E118/><V116/><F116/><W78/><G63/><T89/><D132/><N who="1" m="50795" /><E115/><V97/><F97/><W95/><G128/><T43/><D89/><U31/><E80/><V59/><F69/><W64/><G64/><T14/><D2/><U122/><E12/><V50/><F37/><N who="1" m="14441" /><E107/><V119/><F119/><W106/><G106/><T33/><REACH who="0" step="1"/><D43/><REACH who="0" ten="224,279,244,233" step="2"/><U17/><E101/><V60/><F3/><W35/><G1/><T39/><D39/><U19/><E103/><V111/><F111/><W4/><G113/><T30/><D30/><U10/><E31/><V11/><F41/><W29/><G112/><T44/><N who="0" m="11264" /><DORA hai="81" /><T55/><D55/><U129/><E123/><V66/><F91/><N who="3" m="55679" /><G29/><T82/><D82/><U0/><E0/><V62/><F66/><W75/><G53/><T114/><D114/><U24/><E122/><V42/><F42/><W16/><G54/><T51/><D51/><U56/><E120/><V21/><F50/><W73/><G52/><T83/><D83/><U26/><E56/><V92/><F59/><W135/><G135/><T90/><D90/><U93/><E129/><V77/><F130/><W99/><G28/><T100/><D100/><U40/><E40/><V65/><F65/><W13/><G78/><T7/><D7/><U86/><E17/><V71/><F71/><W74/><G16/><T8/><AGARI ba="1,2" hai="5,8,14,18,20,27,32,33,34,48,49" m="11264" machi="8" ten="50,4800,0" yaku="1,1,0,1,53,0" doraHai="126,81" doraHaiUra="79,104" who="0" fromWho="0" sc="224,71,279,-17,244,-17,233,-17" /><INIT seed="8,2,0,4,1,44" ten="295,262,227,216" oya="0" hai0="68,54,125,108,28,9,6,76,46,67,20,131,12" hai1="15,35,33,39,63,2,119,100,133,11,109,40,61" hai2="18,45,93,27,4,21,74,130,7,107,52,37,59" hai3="122,5,124,117,75,57,51,23,79,129,96,103,32"/><T83/><D67/><U55/><E2/><V115/><F107/><W106/><G32/><T85/><D68/><U105/><E109/><V127/><F115/><W47/><G122/><T29/><D108/><U71/><E40/><V113/><F113/><W88/><G117/><T118/><D118/><U66/><E39/><V95/><F74/><W90/><G124/><T72/><D131/><U102/><E102/><V92/><F130/><W62/><G129/><T41/><D54/><U134/><E61/><V94/><N who="2" m="23552" /><DORA hai="99" /><V116/><F116/><W91/><G5/><T31/><D72/><U80/><E80/><V86/><F86/><W65/><G79/><T0/><D0/><U25/><E55/><V82/><F82/><W56/><G75/><T16/><D125/><U97/><E119/><V87/><F87/><W104/><G104/><T81/><D81/><U48/><E48/><V49/><REACH who="2" step="1"/><F127/><REACH who="2" ten="295,262,217,216" step="2"/><W70/><REACH who="3" step="1"/><G23/><REACH who="3" ten="295,262,217,206" step="2"/><T114/><D114/><U38/><E35/><V30/><F30/><W17/><G17/><T3/><D29/><N who="1" m="19631" /><E38/><AGARI ba="2,2" hai="3,6,9,12,16,20,28,31,38,41,46,76,83,85" machi="38" ten="30,1500,0" yaku="7,1" doraHai="44,99" who="0" fromWho="1" sc="295,41,262,-21,217,0,206,0" owari="336,43.0,241,4.0,217,-18.0,206,-29.0" /></mjloggm>