<mjloggm ver="2.3"><GO type="193" lobby="0"/><UN n0="%68%69%64%65%6D%61%63%6B" n1="%E3%83%88%E3%83%88%E3%83%AA%E5%85%88%E7%94%9F%31%39%E6%AD%B3" n2="%6B%65%69%40%72%6F%6E" n3="%E3%81%A9%E3%81%A7%E3%81%99%E3%82%93" dan="12,12,12,12" rate="1712.77,1896.00,1796.48,1965.89" sx="M,F,M,M"/><TAIKYOKU oya="0"/><INIT seed="0,0,0,1,2,52" ten="250,250,250,250" oya="0" hai0="69,121,22,127,123,35,27,5,107,131,82,0,42" hai1="63,119,24,45,102,90,98,129,74,31,132,29,100" hai2="134,91,51,58,112,73,97,16,54,61,53,94,96" hai3="104,41,37,56,76,72,75,14,30,106,11,133,88"/><T117/><D107/><U28/><E119/><V62/><F112/><W114/><G114/><T17/><D69/><U34/><E129/><V39/><F134/><W46/><G133/><T116/><D42/><U84/><E132/><V9/><F73/><W57/><G30/><N who="0" m="19935" /><D82/><U86/><E74/><V89/><F39/><W36/><G36/><T32/><D32/><U122/><E122/><N who="0" m="46601" /><D131/><U26/><E45/><V93/><F54/><W15/><G37/><T85/><D85/><U81/><E98/><V71/><F71/><W60/><G60/><T33/><D33/><U2/><E2/><V78/><F78/><W126/><G46/><T115/><D115/><U83/><E34/><V108/><F108/><W105/><G41/><T118/><D127/><U124/><E124/><V40/><F40/><W66/><G126/><T43/><D43/><U50/><E50/><V13/><AGARI ba="0,0" hai="9,13,16,51,53,58,61,62,89,91,93,94,96,97" machi="13" ten="30,8000,1" yaku="0,1,9,1,8,1,52,1,54,1" doraHai="52" who="2" fromWho="2" sc="250,-40,250,-20,250,80,250,-20" /><INIT seed="1,0,0,0,2,18" ten="210,230,330,230" oya="1" hai0="108,7,22,94,124,26,107,112,122,65,82,19,101" hai1="8,125,52,41,116,33,29,87,123,135,12,75,120" hai2="15,131,104,133,77,24,10,98,85,132,72,34,83" hai3="0,44,97,48,88,13,9,30,5,127,119,17,57"/><U20/><E116/><V61/><F131/><W11/><G127/><T46/><D122/><U102/><E75/><V91/><F61/><W6/><G119/><T32/><D112/><U117/><E117/><V126/><F126/><W129/><G129/><T25/><D124/><U109/><E33/><V128/><F128/><W63/><G30/><T50/><D107/><U42/><E125/><V106/><F34/><W78/><G78/><T60/><D7/><U93/><E135/><N who="2" m="51787" /><F24/><W118/><G118/><T2/><D2/><U121/><E109/><V71/><F71/><W49/><G6/><T51/><D108/><U56/><E87/><V54/><F54/><W80/><G44/><T53/><D32/><U69/><E69/><V95/><F98/><W45/><G45/><T47/><D82/><U28/><E28/><V62/><F62/><W79/><G79/><T92/><D101/><U103/><E8/><V38/><F38/><W115/><G115/><T84/><D84/><U3/><E3/><V35/><F35/><W31/><G31/><T130/><D130/><U40/><E93/><V70/><F70/><W14/><G0/><T90/><D90/><U134/><E134/><V1/><F1/><W4/><G17/><AGARI ba="0,0" hai="10,15,17,72,77,83,85,91,95,104,106" m="51787" machi="17" ten="30,1000,0" yaku="20,1" doraHai="18" who="2" fromWho="3" sc="210,0,230,0,330,10,230,-10" /><INIT seed="2,0,0,5,3,36" ten="210,230,340,220" oya="2" hai0="124,25,102,111,46,28,7,114,41,13,53,134,64" hai1="12,52,4,62,127,14,105,48,35,122,49,89,2" hai2="117,79,107,39,63,87,54,103,19,42,106,24,73" hai3="82,22,123,15,130,116,80,81,10,88,104,93,83"/><V33/><F117/><W115/><G116/><T16/><D114/><U129/><E35/><V118/><F118/><W135/><G123/><T55/><D134/><U9/><E105/><V57/><F103/><W11/><G135/><T112/><D112/><U37/><E122/><V125/><F125/><W101/><G115/><T128/><D124/><U43/><E127/><V66/><F73/><W59/><G130/><T72/><D72/><U97/><E129/><V131/><F131/><W1/><G1/><T95/><D128/><U98/><E37/><V44/><F66/><W3/><G3/><T120/><D64/><U21/><E21/><V65/><F65/><W32/><G32/><T121/><D121/><U50/><E89/><V74/><F74/><W38/><G38/><T26/><D7/><U90/><E90/><V119/><F119/><W17/><G104/><T94/><D120/><U23/><E2/><V56/><F56/><W67/><G101/><T20/><D102/><U31/><E62/><V109/><F109/><W133/><G133/><T110/><D26/><N who="1" m="16863" /><E14/><V60/><F60/><N who="3" m="38303" /><G81/><T91/><D95/><U29/><E29/><V77/><F107/><W132/><G132/><T6/><D6/><U58/><E50/><V69/><F106/><W34/><G34/><T78/><D78/><U99/><E49/><V40/><F33/><W18/><G18/><T108/><D46/><U45/><E58/><V100/><F39/><W75/><G75/><T86/><REACH who="0" step="1"/><D41/><AGARI ba="0,0" hai="4,9,12,41,43,45,48,52,97,98,99" m="16863" machi="41" ten="30,7700,0" yaku="8,1,52,2,54,1" doraHai="36" who="1" fromWho="0" sc="210,-77,230,77,340,0,220,0" /><INIT seed="3,0,0,3,0,9" ten="133,307,340,220" oya="3" hai0="67,3,132,102,57,56,125,93,83,27,77,40,90" hai1="32,88,66,85,10,44,51,16,121,60,47,53,107" hai2="48,55,24,46,20,73,103,79,0,110,54,112,4" hai3="76,6,33,43,86,118,75,92,35,94,98,49,122"/><W52/><G118/><T64/><D3/><U1/><E121/><V97/><F110/><W101/><G122/><T15/><D102/><U74/><E74/><V78/><F112/><W124/><G124/><T116/><D125/><U2/><E32/><V23/><F73/><W63/><G43/><T95/><D116/><U68/><E107/><V30/><F23/><W100/><G63/><T36/><D36/><U21/><E47/><V120/><F120/><W69/><G69/><T119/><D40/><U104/><E104/><V13/><F0/><W65/><G65/><T38/><D38/><U135/><E135/><V129/><F129/><W58/><G6/><T19/><D27/><U81/><E10/><N who="2" m="4295" /><F55/><W82/><REACH who="3" step="1"/><G75/><REACH who="3" ten="133,307,340,210" step="2"/><T89/><D119/><U71/><E71/><V8/><F8/><W128/><G128/><T70/><D70/><U31/><E31/><V108/><F108/><W25/><G25/><AGARI ba="0,1" hai="1,2,16,21,25,44,51,53,60,66,68,81,85,88" machi="25" ten="30,3900,0" yaku="7,1,54,2" doraHai="9" who="1" fromWho="3" sc="133,0,307,49,340,0,210,-39" owari="133,-37.0,356,46.0,340,14.0,171,-23.0" /></mjloggm>