<mjloggm ver="2.3"><GO type="225" lobby="0"/><UN n0="%4E%61%6E%6F%4E%61%6E%6F" n1="%E3%81%88%E3%82%8B%E3%81%9F%E3%81%9D" n2="%67%72%61%64%6C%69%6E%65" n3="%E3%83%88%E3%83%88%E3%83%AA%E5%85%88%E7%94%9F%31%39%E6%AD%B3" dan="16,16,16,18" rate="2053.78,2113.80,2133.81,2259.36" sx="M,F,M,F"/><TAIKYOKU oya="0"/><INIT seed="0,0,0,3,5,12" ten="250,250,250,250" oya="0" hai0="40,32,14,50,69,105,7,92,35,125,31,74,85" hai1="95,102,135,28,3,129,38,88,78,96,103,8,121" hai2="65,70,123,97,61,60,131,108,71,68,114,30,54" hai3="59,2,77,55,94,53,120,80,64,99,6,124,86"/><T62/><D74/><U37/><E121/><V79/><F79/><W39/><G39/><T10/><D105/><U73/><E129/><V5/><F5/><W42/><G42/><T15/><D125/><U128/><E128/><V36/><F131/><W17/><G124/><T90/><D31/><U51/><E135/><V126/><F30/><W82/><G120/><T21/><D69/><N who="2" m="26730" /><F97/><W87/><G6/><T41/><D62/><U101/><E28/><V19/><F19/><W91/><G2/><T63/><D63/><U83/><E3/><V134/><F123/><W52/><G64/><T117/><D117/><U84/><E8/><V66/><F126/><W48/><REACH who="3" step="1"/><G17/><REACH who="3" ten="250,250,250,240" step="2"/><N who="0" m="10431" /><D32/><U72/><E37/><V119/><F66/><W113/><G113/><T98/><D35/><U111/><E38/><V116/><F114/><W107/><G107/><T104/><D104/><N who="1" m="63527" /><E111/><V1/><F36/><W106/><G106/><T109/><D109/><U115/><E115/><V93/><F108/><W89/><AGARI ba="0,1" hai="48,52,53,55,59,77,80,82,86,87,89,91,94,99" machi="89" ten="20,8000,1" yaku="1,1,0,1,7,1,8,1,54,1,53,0" doraHai="12" doraHaiUra="112" who="3" fromWho="3" sc="250,-40,250,-20,250,-20,240,90" /><INIT seed="1,0,0,5,1,43" ten="210,230,230,330" oya="1" hai0="63,135,53,112,76,129,133,38,102,65,18,69,91" hai1="6,56,17,107,36,28,130,111,114,26,2,85,104" hai2="74,23,16,100,30,118,82,108,70,62,39,121,93" hai3="115,68,40,4,24,95,79,97,48,71,0,55,14"/><U123/><E123/><V59/><F70/><W117/><G115/><T83/><D112/><U32/><E114/><V60/><F39/><W7/><G0/><T51/><D129/><U127/><E130/><V105/><F105/><W11/><G117/><T52/><D102/><U25/><E127/><V19/><F108/><W41/><G71/><T90/><D38/><U33/><E111/><V110/><F121/><W113/><G68/><T27/><D27/><U64/><E36/><V98/><F110/><W109/><G113/><T80/><D18/><U131/><E131/><V126/><F126/><W75/><G7/><T92/><D53/><U106/><E85/><V57/><F118/><W125/><G125/><T15/><D15/><U88/><E88/><N who="0" m="33833" /><D92/><U13/><E6/><V3/><F3/><W120/><G120/><T72/><D72/><U44/><E2/><V94/><F94/><W87/><G75/><T101/><D101/><U35/><E35/><V8/><F8/><W34/><G109/><T132/><D76/><U22/><E107/><V54/><F82/><N who="3" m="47583" /><G24/><T42/><D42/><U73/><E73/><V122/><F74/><W5/><G5/><T96/><D96/><U46/><E104/><V67/><F122/><W124/><G34/><T49/><D49/><U20/><E106/><V66/><F66/><W9/><G124/><T1/><D1/><U103/><E33/><V116/><F116/><W58/><G9/><T89/><N who="0" m="33841" /><AGARI ba="0,0" hai="4,11,14,40,41,48,55,58,89,95,97" m="47583" machi="89" ten="30,2000,0" yaku="3,1,8,1" doraHai="43" who="3" fromWho="0" sc="210,-20,230,0,230,0,330,20" /><INIT seed="2,0,0,4,2,11" ten="190,230,230,350" oya="2" hai0="21,5,2,111,88,118,81,135,68,64,96,0,12" hai1="86,33,83,126,84,92,18,117,61,94,45,132,40" hai2="60,125,16,130,91,134,24,17,75,87,41,65,121" hai3="30,74,29,97,133,66,32,115,71,25,113,36,22"/><V3/><F75/><W14/><G36/><T70/><D111/><U72/><E117/><V78/><F121/><W31/><G74/><T107/><D118/><U108/><E108/><V123/><F3/><W102/><G133/><T79/><D135/><U34/><E126/><V104/><F123/><W122/><G122/><T89/><D2/><U85/><E132/><V55/><F104/><N who="3" m="63567" /><G14/><T100/><D0/><U35/><E61/><V101/><F130/><W37/><G37/><T57/><D68/><U54/><E54/><V52/><F125/><W28/><G22/><T98/><D70/><U127/><E127/><V131/><F78/><W103/><G103/><T105/><D105/><U38/><REACH who="1" step="1"/><E18/><REACH who="1" ten="190,220,230,350" step="2"/><V48/><F134/><W43/><G43/><T80/><D64/><U51/><E51/><V120/><F120/><W53/><G53/><N who="2" m="20553" /><F17/><W90/><G66/><T93/><D5/><U39/><E39/><V26/><F131/><W19/><G19/><T13/><D57/><U9/><E9/><V6/><F16/><W56/><G56/><T119/><D119/><U76/><AGARI ba="0,1" hai="33,34,35,38,40,45,72,76,83,84,85,86,92,94" machi="76" ten="40,2700,0" yaku="1,1,0,1,53,0" doraHai="11" doraHaiUra="99" who="1" fromWho="1" sc="190,-7,220,37,230,-13,350,-7" /><INIT seed="3,0,0,3,3,113" ten="183,257,217,343" oya="3" hai0="29,48,53,73,102,23,80,101,17,129,58,40,9" hai1="109,81,52,36,51,35,105,74,95,119,108,132,66" hai2="27,83,93,85,98,34,20,45,41,104,5,46,25" hai3="3,12,26,6,14,100,124,33,126,63,70,76,117"/><W1/><G117/><T75/><D129/><U62/><E105/><V118/><F104/><W90/><G100/><T64/><D75/><U19/><E36/><V78/><F34/><W61/><G76/><T47/><D73/><U39/><E39/><V121/><F121/><W84/><G33/><T55/><D80/><U68/><E132/><V103/><F5/><W30/><G26/><T24/><D64/><U44/><E35/><V130/><F130/><W15/><G30/><T115/><D115/><U86/><E19/><V32/><F32/><W57/><G70/><T65/><D65/><U128/><E128/><V16/><F118/><W50/><G50/><T10/><D55/><U37/><E37/><V125/><F125/><N who="3" m="48235" /><G6/><T71/><D71/><U122/><E119/><V4/><F4/><W127/><G127/><T43/><D43/><U112/><E112/><V107/><F107/><W2/><G57/><T0/><D0/><U123/><E74/><V96/><F96/><W99/><G99/><T7/><D7/><U38/><E38/><V89/><F41/><W92/><AGARI ba="0,0" hai="1,2,3,12,14,15,61,63,84,90,92" m="48235" machi="92" ten="40,2100,0" yaku="18,1" doraHai="113" who="3" fromWho="3" sc="183,-7,257,-7,217,-7,343,21" owari="176,-32.0,250,5.0,210,-19.0,364,46.0" /></mjloggm>