<mjloggm ver="2.3"><GO type="97" lobby="0"/><UN n0="%E5%87%9B%E3%81%A1%E3%82%83%E3%82%93%E3%81%AF%EF%BC%95%E6%AD%B3" n1="%E7%AD%92%E5%B1%8B" n2="%E5%B0%B1%E6%B4%BB%E7%94%9F%40%E5%B7%9D%E6%9D%91%E8%BB%8D%E5%9B%A3" n3="%2D%E3%83%AC%E3%82%A4%E3%83%B3%2D" dan="13,13,14,14" rate="1854.47,1894.73,1968.47,1937.20" sx="M,M,M,M"/><TAIKYOKU oya="0"/><INIT seed="0,0,0,2,0,94" ten="250,250,250,250" oya="0" hai0="93,89,132,134,47,42,103,22,130,18,110,131,37" hai1="112,113,10,56,15,75,133,24,104,4,25,122,26" hai2="105,60,106,13,5,49,88,126,0,55,62,67,116" hai3="50,135,71,33,91,117,58,82,128,52,17,57,119"/><T35/><D35/><U95/><E104/><V8/><F116/><W34/><G71/><T63/><D63/><U77/><E122/><V74/><F74/><W46/><G128/><N who="0" m="49195" /><D103/><U81/><E133/><N who="0" m="51305" /><D110/><U59/><REACH who="1" step="1"/><E95/><REACH who="1" ten="250,240,250,250" step="2"/><V32/><F106/><W109/><G135/><T1/><D93/><U123/><E123/><V102/><F105/><W9/><G119/><T39/><D1/><U2/><E2/><V125/><F0/><W68/><G117/><T3/><D3/><U41/><E41/><V101/><F32/><W90/><G34/><T99/><D99/><U66/><E66/><V124/><F67/><W120/><G33/><T114/><D114/><AGARI ba="0,1" hai="4,10,15,24,25,26,56,59,75,77,81,112,113,114" machi="114" ten="40,8000,1" yaku="1,1,11,1,53,3" doraHai="94" doraHaiUra="23" who="1" fromWho="0" sc="250,-80,240,90,250,0,250,0" /><INIT seed="1,0,0,0,2,113" ten="170,330,250,250" oya="1" hai0="100,63,55,36,105,117,61,107,80,11,9,4,50" hai1="48,17,39,74,82,66,16,44,115,12,106,85,87" hai2="58,33,29,129,38,104,6,13,122,131,126,91,10" hai3="57,51,41,111,64,47,62,49,97,86,59,5,52"/><U83/><E106/><V127/><F104/><W0/><G0/><T128/><D36/><U103/><E115/><V20/><F38/><N who="3" m="21943" /><G5/><T8/><D128/><N who="2" m="49226" /><F58/><N who="3" m="33055" /><G86/><T77/><D100/><U21/><E66/><V65/><F65/><N who="3" m="39119" /><G97/><T118/><D4/><U28/><E39/><V123/><F91/><W72/><G72/><T19/><D19/><U45/><E74/><V125/><F33/><W102/><G102/><T101/><D101/><U71/><E71/><V15/><F29/><W31/><G31/><T98/><D98/><U2/><E2/><V92/><F92/><W94/><G94/><T1/><D1/><U89/><E103/><V134/><F134/><W24/><G24/><T46/><D107/><U54/><E28/><V42/><F42/><W27/><G27/><T119/><REACH who="0" step="1"/><D105/><REACH who="0" ten="160,330,250,250" step="2"/><U110/><E17/><AGARI ba="0,1" hai="6,10,13,15,17,20,122,123,125,126,127" m="49226" machi="17" ten="40,8000,1" yaku="18,1,19,1,34,2" doraHai="113" who="2" fromWho="1" sc="160,0,330,-80,250,90,250,0" /><INIT seed="2,0,0,0,0,49" ten="160,250,340,250" oya="2" hai0="65,48,89,80,3,18,125,19,133,101,111,37,25" hai1="88,106,122,42,71,87,68,103,116,99,10,38,59" hai2="53,22,20,123,30,40,17,26,34,90,128,29,60" hai3="102,13,8,46,100,55,82,118,113,131,135,61,73"/><V67/><F123/><W91/><G118/><T24/><D37/><U15/><E122/><V62/><F128/><W58/><G131/><T54/><D3/><U33/><E33/><V70/><F40/><W51/><G135/><T85/><D65/><U72/><E116/><V66/><F90/><W63/><G113/><T27/><D133/><U36/><E36/><V0/><F0/><W112/><G112/><T129/><D129/><U96/><E96/><V78/><F78/><W109/><G109/><T4/><D4/><U134/><E134/><V93/><F93/><W105/><G105/><T92/><D111/><U7/><E72/><V104/><F104/><W84/><G73/><T74/><D125/><U69/><E59/><V6/><F6/><W64/><REACH who="3" step="1"/><G63/><REACH who="3" ten="160,250,340,240" step="2"/><T107/><D107/><U121/><E121/><V130/><F62/><W126/><G126/><T32/><D32/><U81/><E38/><V39/><F60/><W43/><G43/><T95/><D74/><U76/><E76/><V9/><F130/><W12/><G12/><T119/><D119/><U11/><E11/><V31/><BYE who="1" /><F9/><W86/><G86/><T35/><D35/><U45/><E45/><V110/><F34/><W127/><G127/><T132/><D132/><U14/><E14/><V94/><F110/><W47/><G47/><T23/><D19/><AGARI ba="0,1" hai="8,13,19,46,51,55,58,61,64,82,84,91,100,102" machi="19" ten="30,12000,2" yaku="1,1,7,1,25,2,8,1,52,1,53,1" doraHai="49" doraHaiUra="79" who="3" fromWho="0" sc="160,-120,250,0,340,0,240,130" /><INIT seed="3,0,0,4,1,48" ten="40,250,340,370" oya="3" hai0="128,15,107,88,49,26,63,0,118,103,129,97,19" hai1="45,83,104,31,134,4,119,69,102,85,17,65,7" hai2="80,99,68,13,71,21,50,14,22,89,59,75,92" hai3="28,86,93,54,23,117,114,123,20,110,5,60,112"/><W115/><G123/><T113/><D118/><U111/><E111/><V79/><F71/><W121/><G121/><T116/><D116/><U73/><E73/><V133/><F68/><W57/><G117/><T9/><D0/><U41/><E41/><V130/><F130/><N who="0" m="50282" /><D113/><U29/><E29/><V51/><F133/><W6/><G110/><T95/><D63/><U108/><E108/><V42/><F42/><W24/><G23/><T90/><D49/><U25/><E25/><V30/><F51/><W36/><G36/><T47/><D47/><U43/><E43/><V78/><F78/><W53/><G53/><T109/><D109/><U72/><E72/><V84/><F75/><W132/><G132/><T76/><D76/><U122/><E122/><V38/><F38/><W120/><G120/><T3/><D3/><U56/><E56/><V101/><F79/><W2/><G2/><T127/><D127/><U74/><E74/><V61/><F50/><W1/><G1/><T44/><D44/><U58/><E58/><V106/><F106/><W39/><G39/><T87/><D90/><U70/><E70/><V16/><F30/><UN n1="%E7%AD%92%E5%B1%8B" /><W82/><G93/><T77/><D77/><U135/><E134/><V91/><F91/><N who="3" m="51671" /><G115/><T96/><D97/><U64/><E135/><V98/><F98/><W131/><G114/><T105/><D26/><U100/><E119/><V12/><F22/><W34/><G112/><T46/><D46/><U94/><E104/><AGARI ba="0,0" hai="9,15,19,87,88,95,96,103,104,105,107" m="50282" machi="104" ten="30,2000,0" yaku="19,1,54,1" doraHai="48" who="0" fromWho="1" sc="40,20,250,-20,340,0,370,0" owari="60,-44.0,230,-17.0,340,14.0,370,47.0" /></mjloggm>