<mjloggm ver="2.3"><GO type="193" lobby="0"/><UN n0="%E8%B7%B3%E3%81%AD%E4%B8%8A%E3%81%8C%E3%82%8B%E5%BF%83" n1="%E3%83%88%E3%83%88%E3%83%AA%E5%85%88%E7%94%9F%31%39%E6%AD%B3" n2="%6B%65%69%79%75" n3="%4B%35%35" dan="12,0,12,12" rate="1799.25,1466.23,1677.25,1710.54" sx="M,F,M,M"/><TAIKYOKU oya="0"/><INIT seed="0,0,0,0,4,87" ten="250,250,250,250" oya="0" hai0="124,78,135,84,130,46,33,39,125,110,117,5,59" hai1="63,131,75,47,0,26,12,93,40,3,13,29,10" hai2="64,16,25,119,99,134,107,83,21,94,71,9,102" hai3="42,98,115,45,43,23,51,61,58,77,127,121,53"/><T17/><D117/><U118/><E75/><V116/><F134/><W20/><G115/><T86/><D135/><U44/><E118/><N who="2" m="45099" /><F71/><W112/><G112/><T41/><D33/><U104/><E104/><V129/><F64/><W55/><G121/><T22/><D5/><U106/><E106/><V74/><F129/><W126/><G77/><T32/><D32/><U1/><E131/><V95/><F9/><W113/><G113/><T18/><D130/><U36/><E63/><V105/><F105/><W133/><G133/><T122/><D122/><U128/><E128/><V101/><F101/><W15/><G98/><T7/><D7/><U27/><E29/><V60/><F60/><W90/><G15/><T49/><D18/><U72/><E72/><V92/><F74/><W24/><G90/><T14/><D110/><U68/><E68/><V62/><F62/><W97/><G97/><T31/><D31/><U4/><E13/><V67/><F67/><W69/><G69/><T48/><D78/><U34/><E34/><V76/><F76/><W89/><G89/><T82/><D82/><AGARI ba="0,0" hai="16,21,25,82,83,92,94,95,99,102,107" m="45099" machi="82" ten="30,2000,0" yaku="12,1,54,1" doraHai="87" who="2" fromWho="0" sc="250,-20,250,0,250,20,250,0" /><INIT seed="1,0,0,2,2,40" ten="230,250,270,250" oya="1" hai0="56,27,68,73,116,97,67,101,10,109,65,77,78" hai1="120,9,28,8,99,84,85,61,3,51,128,127,98" hai2="113,130,58,125,121,39,75,45,126,53,13,70,66" hai3="129,41,96,83,5,54,90,131,48,15,57,22,108"/><U134/><E120/><V94/><F75/><W49/><G108/><T124/><D116/><U118/><E118/><V20/><F121/><W82/><G41/><T102/><D68/><U43/><E128/><N who="3" m="49226" /><G49/><T7/><D27/><U35/><E134/><V42/><F130/><W91/><G96/><N who="1" m="36906" /><E3/><V14/><F94/><W79/><G5/><T46/><D109/><U59/><E35/><V111/><F111/><W38/><G38/><T26/><D26/><U34/><E28/><V17/><F113/><W2/><G2/><T4/><D73/><U60/><E34/><V69/><F66/><W104/><G104/><T106/><D97/><U19/><E127/><N who="2" m="48651" /><F13/><W30/><G30/><T80/><D124/><U76/><E60/><AGARI ba="0,0" hai="14,17,20,39,42,45,53,58,60,69,70" m="48651" machi="60" ten="30,2000,0" yaku="18,1,52,1" doraHai="40" who="2" fromWho="1" sc="230,0,250,-20,270,20,250,0" /><INIT seed="2,0,0,5,2,16" ten="230,230,290,250" oya="2" hai0="99,60,108,66,98,110,2,83,106,69,78,30,134" hai1="7,87,74,11,41,19,70,100,38,103,59,40,8" hai2="133,33,102,21,52,77,68,107,119,25,130,31,61" hai3="72,84,122,123,50,28,3,71,15,88,76,121,17"/><V43/><F119/><W58/><G71/><T129/><D2/><U109/><E74/><V113/><F113/><W20/><G3/><T126/><D129/><U82/><E70/><V23/><F133/><W29/><G72/><T44/><D134/><U18/><E109/><N who="0" m="42089" /><D106/><U54/><E19/><V81/><F43/><W94/><REACH who="3" step="1"/><G76/><REACH who="3" ten="230,230,290,240" step="2"/><T120/><D120/><U75/><E75/><V89/><F130/><W105/><G105/><T46/><D126/><U132/><E132/><V5/><F89/><W131/><G131/><T51/><D30/><U27/><E103/><V115/><F115/><W13/><G13/><T80/><D78/><N who="1" m="46551" /><E100/><V135/><F135/><W85/><G85/><T117/><D117/><U93/><E38/><V124/><F124/><W34/><G34/><T0/><D0/><U49/><E93/><V37/><F37/><W95/><G95/><T62/><D69/><U22/><E8/><V42/><F107/><W90/><G90/><T101/><D101/><U14/><AGARI ba="0,1" hai="7,11,14,18,22,27,40,41,49,54,59" m="46551" machi="14" ten="30,2000,0" yaku="8,1,52,1" doraHai="16" who="1" fromWho="1" sc="230,-5,230,30,290,-10,240,-5" /><INIT seed="3,0,0,0,3,128" ten="225,260,280,235" oya="3" hai0="125,38,3,0,58,107,130,135,51,56,8,28,13" hai1="23,106,104,18,69,12,32,68,19,112,129,50,105" hai2="86,126,110,118,74,22,108,27,64,77,41,89,109" hai3="88,102,124,75,9,54,80,127,84,29,39,17,7"/><W111/><G39/><T5/><D38/><U26/><E112/><V121/><F118/><W30/><G75/><T35/><D107/><U119/><E119/><V83/><F41/><W78/><G102/><T42/><D130/><U123/><E123/><V90/><F121/><W76/><G111/><T25/><D125/><N who="3" m="48201" /><G17/><T2/><D42/><U133/><E129/><V70/><F126/><W98/><G54/><T132/><REACH who="0" step="1"/><D51/><REACH who="0" ten="215,260,280,235" step="2"/><U4/><E50/><V45/><F45/><W67/><G67/><T65/><D65/><U72/><E106/><V14/><F64/><W6/><G98/><T37/><D37/><U62/><E105/><V73/><F70/><W131/><G131/><T87/><D87/><U20/><E104/><V81/><F14/><N who="3" m="5431" /><G7/><T103/><D103/><U43/><E4/><V44/><F44/><W79/><AGARI ba="0,1" hai="29,30,76,78,79,80,84,88" m="5431,48201" machi="79" ten="30,3000,0" yaku="18,1,54,1" doraHai="128" who="3" fromWho="3" sc="215,-10,260,-10,280,-10,235,40" /><INIT seed="3,1,0,3,2,2" ten="205,250,270,275" oya="3" hai0="95,127,88,11,39,76,108,65,50,96,93,40,99" hai1="116,57,31,36,130,129,107,23,112,38,58,49,82" hai2="67,42,17,61,43,30,48,71,132,70,32,34,92" hai3="0,27,12,118,22,59,19,117,89,100,123,29,72"/><W16/><G123/><T18/><D39/><N who="1" m="14891" /><E107/><V91/><F132/><W75/><G72/><T110/><D127/><U133/><E112/><V119/><F119/><W8/><G75/><T113/><D76/><U51/><E82/><V126/><F126/><W87/><G0/><T68/><D113/><U64/><E23/><V15/><F71/><W4/><G100/><T121/><D121/><U41/><E31/><V101/><F101/><W86/><G118/><T124/><D124/><U98/><E98/><V53/><F30/><W131/><G117/><T20/><D11/><U56/><E116/><V104/><F104/><W69/><G131/><N who="1" m="50186" /><E133/><V135/><F135/><W28/><G69/><T81/><D81/><U13/><E13/><V26/><F26/><W5/><G59/><N who="1" m="22602" /><E41/><V79/><F79/><W46/><G46/><T114/><D114/><U54/><E64/><V1/><F1/><W78/><G78/><T3/><D3/><U77/><E77/><V21/><F34/><W9/><G9/><T33/><D33/><U62/><AGARI ba="1,0" hai="49,51,54,58,62" m="22602,50186,14891" machi="62" ten="40,5200,0" yaku="19,1,34,2" doraHai="2" who="1" fromWho="1" sc="205,-14,250,55,270,-14,275,-27" owari="191,-31.0,305,40.0,256,6.0,248,-15.0" /></mjloggm>