<mjloggm ver="2.3"><GO type="41" lobby="0"/><UN n0="%E5%B0%B1%E6%B4%BB%E7%94%9F%40%E5%B7%9D%E6%9D%91%E8%BB%8D%E5%9B%A3" n1="%6E%6F%62%75%30%30%34%34" n2="%4F%5A%4B%59" n3="%E3%81%A6%E3%82%8B%E5%BD%A6" dan="15,14,14,14" rate="2039.56,1921.03,1981.76,1821.26" sx="M,M,M,M"/><TAIKYOKU oya="0"/><INIT seed="0,0,0,5,2,74" ten="250,250,250,250" oya="0" hai0="132,85,61,80,14,121,3,125,133,118,39,70,34" hai1="130,7,79,26,94,124,9,69,31,19,100,91,71" hai2="55,51,120,123,115,8,52,75,101,106,58,23,127" hai3="12,73,135,117,36,5,104,24,99,116,47,67,68"/><T72/><RYUUKYOKU type="yao9" ba="0,0" sc="250,0,250,0,250,0,250,0" hai0="3,14,34,39,61,70,72,80,85,118,121,125,132,133" /><INIT seed="0,1,0,2,2,72" ten="250,250,250,250" oya="0" hai0="84,46,115,110,124,19,114,6,127,95,4,17,99" hai1="14,108,94,3,123,116,0,88,15,61,36,93,50" hai2="77,30,90,79,85,128,41,45,80,10,70,42,65" hai3="1,7,28,39,107,53,63,82,55,59,119,32,13"/><T29/><D29/><U33/><E36/><V12/><F128/><W76/><G119/><T100/><D110/><U57/><E116/><V118/><F118/><W66/><G1/><T113/><D84/><U44/><E123/><V135/><F135/><W21/><G32/><T109/><D109/><U81/><E33/><V121/><F30/><W51/><G39/><T9/><D46/><U122/><E122/><V120/><F70/><W125/><G107/><T38/><D38/><U97/><E108/><V16/><F65/><W11/><G51/><T25/><D6/><U92/><E3/><V105/><F105/><W129/><G129/><T131/><D131/><U112/><E0/><V104/><F104/><W74/><REACH who="3" step="1"/><G125/><REACH who="3" ten="250,250,250,240" step="2"/><N who="0" m="48203" /><D25/><AGARI ba="1,1" hai="7,11,13,21,25,28,53,55,59,63,66,74,76,82" machi="25" ten="40,2600,0" yaku="1,1,52,1,53,0" doraHai="72" doraHaiUra="132" who="3" fromWho="0" sc="250,-29,250,0,250,0,240,39" /><INIT seed="1,0,0,3,3,62" ten="221,250,250,279" oya="1" hai0="78,44,47,35,30,26,132,40,110,23,31,128,46" hai1="11,96,80,116,19,133,94,10,102,61,67,69,79" hai2="76,21,5,4,56,86,112,92,24,119,130,27,15" hai3="118,117,83,39,127,34,125,22,134,87,45,113,120"/><U18/><E116/><N who="3" m="44650" /><G34/><T37/><D110/><U90/><E133/><V114/><F119/><W36/><G22/><T81/><D132/><U93/><E19/><V122/><F122/><W51/><G120/><T53/><D128/><U131/><E131/><V65/><F130/><W50/><G134/><T6/><D6/><U16/><E10/><V88/><F76/><N who="3" m="46567" /><G113/><N who="2" m="43625" /><F15/><W115/><G115/><T100/><D100/><U8/><E8/><V64/><F27/><W71/><G71/><T77/><D77/><U29/><E29/><N who="2" m="17551" /><F56/><W103/><G103/><T57/><D31/><U60/><E60/><V59/><F59/><W28/><G28/><T121/><D35/><U13/><E18/><V38/><F38/><N who="3" m="14379" /><G51/><T98/><D121/><U124/><E124/><V95/><F95/><W129/><G129/><T85/><D98/><U82/><REACH who="1" step="1"/><E79/><REACH who="1" ten="221,240,250,279" step="2"/><V9/><F9/><W63/><G63/><AGARI ba="0,1" hai="23,26,30,37,40,44,46,47,53,57,63,78,81,85" machi="63" ten="30,1000,0" yaku="7,1" doraHai="62" who="0" fromWho="3" sc="221,20,240,0,250,0,279,-10" /><INIT seed="2,0,0,4,3,67" ten="241,240,250,269" oya="2" hai0="48,59,109,91,135,19,9,25,132,87,92,20,51" hai1="107,34,28,1,63,72,22,119,121,33,116,84,54" hai2="90,69,7,76,111,126,49,61,35,94,45,70,47" hai3="77,103,41,82,30,74,17,88,125,105,97,73,60"/><V85/><F35/><W52/><G125/><T3/><D109/><U81/><E72/><V114/><F126/><W68/><G41/><T5/><REACH who="0" step="1"/><D59/><REACH who="0" ten="231,240,250,269" step="2"/><U106/><E116/><V23/><F111/><W57/><G68/><T129/><D129/><U8/><E119/><V78/><F70/><W44/><G44/><T10/><D10/><U24/><E8/><V38/><F69/><W56/><G30/><T75/><D75/><U66/><E28/><V39/><F114/><W14/><G57/><T43/><D43/><U62/><E121/><V40/><F40/><W131/><G131/><T102/><D102/><U104/><E66/><V50/><F45/><W122/><G122/><T13/><D13/><U98/><E1/><V2/><F47/><W108/><G108/><T130/><D130/><U95/><E34/><V99/><F2/><W16/><G74/><T115/><D115/><U64/><E33/><V65/><F65/><W123/><G123/><T110/><D110/><U18/><E64/><V53/><F39/><W112/><G112/><T83/><D83/><U89/><REACH who="1" step="1"/><E54/><REACH who="1" ten="231,230,250,269" step="2"/><V6/><F53/><W37/><G52/><T58/><D58/><U117/><E117/><V128/><F128/><W134/><G56/><T0/><D0/><U80/><E80/><V118/><F118/><W93/><G82/><T11/><D11/><U36/><E36/><V71/><F38/><W127/><G37/><T31/><D31/><U4/><E4/><V86/><F6/><W15/><G127/><T32/><D32/><U12/><E12/><V100/><F7/><W120/><G15/><RYUUKYOKU ba="0,2" sc="231,15,230,15,250,-15,269,-15" hai0="3,5,9,19,20,25,48,51,87,91,92,132,135" hai1="18,22,24,62,63,81,84,89,95,98,104,106,107" /><INIT seed="3,1,2,5,5,72" ten="246,245,235,254" oya="3" hai0="109,7,115,35,3,9,80,30,20,33,111,61,64" hai1="116,36,98,6,126,66,12,57,41,135,101,93,75" hai2="81,123,14,79,84,5,97,94,58,128,105,51,16" hai3="56,13,65,34,82,48,49,26,107,11,38,87,113"/><W134/><G113/><T53/><D115/><U89/><E126/><V22/><F128/><W118/><G118/><T42/><D42/><U10/><E116/><V119/><F105/><W23/><G34/><T25/><D53/><U76/><E135/><V47/><F119/><W37/><G107/><T44/><D44/><U77/><E75/><V120/><F5/><N who="3" m="3311" /><G38/><T117/><D80/><U39/><E36/><V17/><F17/><N who="3" m="12655" /><G37/><T104/><D104/><U83/><E39/><V31/><F31/><W96/><G96/><T85/><D85/><N who="1" m="50367" /><E41/><V2/><F2/><W60/><G134/><T62/><D62/><AGARI ba="1,2" hai="6,10,12,57,62,66,76,77,93,98,101" m="50367" machi="62" ten="30,3900,0" yaku="8,1,52,2" doraHai="72" who="1" fromWho="0" sc="246,-42,245,62,235,0,254,0" /><INIT seed="4,0,0,3,1,61" ten="204,307,235,254" oya="0" hai0="20,78,81,53,94,0,36,7,2,68,71,31,120" hai1="119,3,56,98,75,15,132,41,126,101,89,121,79" hai2="18,50,23,70,127,38,95,76,1,55,40,11,58" hai3="65,32,17,26,106,103,28,128,80,62,125,116,90"/><T123/><D36/><U9/><E3/><V92/><F70/><W33/><G116/><T86/><D71/><U97/><E121/><V72/><F127/><W42/><G125/><T44/><D68/><U4/><E119/><V83/><F23/><W96/><G128/><T57/><D44/><U129/><E126/><V93/><F18/><W47/><G17/><T10/><D0/><U124/><E129/><V39/><REACH who="2" step="1"/><F40/><REACH who="2" ten="204,307,225,254" step="2"/><W6/><G6/><AGARI ba="0,1" hai="1,6,11,38,39,50,55,58,72,76,83,92,93,95" machi="6" ten="40,2600,0" yaku="1,1,2,1,53,0" doraHai="61" doraHaiUra="64" who="2" fromWho="3" sc="204,0,307,0,225,36,254,-26" /><INIT seed="5,0,0,2,0,108" ten="204,307,261,228" oya="1" hai0="59,75,54,130,105,38,46,2,112,60,35,20,123" hai1="18,22,93,31,98,83,50,0,81,80,122,127,120" hai2="104,77,28,85,10,68,8,16,65,102,49,34,128" hai3="6,26,116,4,30,51,56,40,118,14,84,61,32"/><U43/><E127/><V7/><F128/><W12/><G84/><T17/><D123/><U79/><E0/><V24/><F49/><W119/><G40/><T73/><D130/><U57/><E31/><V72/><F72/><W132/><G51/><T135/><D105/><U52/><E43/><V114/><F114/><W107/><G107/><T113/><D135/><U3/><E3/><V110/><F110/><W88/><G132/><T5/><D35/><U15/><REACH who="1" step="1"/><E79/><REACH who="1" ten="204,297,261,228" step="2"/><V92/><F77/><W66/><G6/><T29/><D29/><U97/><E97/><V69/><F28/><W96/><G4/><T39/><D5/><U58/><E58/><V133/><F7/><W89/><REACH who="3" step="1"/><G96/><REACH who="3" ten="204,297,261,218" step="2"/><T70/><D2/><U76/><E76/><V13/><F133/><W100/><G100/><AGARI ba="0,2" hai="15,18,22,50,52,57,80,81,83,93,98,100,120,122" machi="100" ten="40,3900,0" yaku="1,1,54,1,53,0" doraHai="108" doraHaiUra="111" who="1" fromWho="3" sc="204,0,297,59,261,0,218,-39" /><INIT seed="5,1,0,1,3,12" ten="204,356,261,179" oya="1" hai0="54,104,71,30,13,45,92,135,128,2,11,85,46" hai1="14,114,126,27,40,50,103,47,100,96,132,62,65" hai2="6,107,110,42,79,73,67,26,72,89,95,9,0" hai3="83,122,25,116,129,94,59,28,63,31,80,125,77"/><U49/><E126/><V120/><F107/><W81/><G122/><T15/><D104/><U35/><E132/><V23/><F110/><W10/><G125/><T20/><D71/><U38/><E114/><V111/><F111/><W84/><G116/><T130/><D135/><U119/><E119/><V21/><F120/><W113/><G113/><T112/><D112/><U78/><E78/><V33/><F67/><W105/><G105/><T58/><D2/><U1/><E1/><V24/><F42/><W86/><G31/><T88/><D88/><U115/><E115/><V75/><F79/><W44/><G44/><T36/><D36/><U39/><E39/><V19/><F33/><W41/><G41/><T101/><D101/><U123/><E123/><V52/><F52/><W7/><G129/><T97/><D85/><U5/><E103/><V56/><F56/><W8/><G8/><T48/><D46/><U53/><E38/><V60/><F60/><W91/><G59/><T64/><D58/><U90/><E100/><V17/><REACH who="2" step="1"/><F73/><REACH who="2" ten="204,356,251,179" step="2"/><W131/><G63/><T22/><D54/><U82/><E62/><V68/><F68/><W99/><G131/><T87/><D64/><U76/><E65/><V34/><F34/><W32/><REACH who="3" step="1"/><G77/><REACH who="3" ten="204,356,251,169" step="2"/><T3/><D130/><U4/><E76/><V124/><F124/><W121/><G121/><T117/><D117/><U18/><E40/><V108/><F108/><W16/><G16/><T51/><D128/><U98/><E18/><V133/><F133/><W106/><G106/><T109/><D109/><U70/><E70/><V66/><F66/><RYUUKYOKU ba="1,2" sc="204,-15,356,-15,251,15,169,15" hai2="0,6,9,17,19,21,23,24,26,72,75,89,95" hai3="7,10,25,28,32,80,81,83,84,86,91,94,99" /><INIT seed="6,2,2,2,0,28" ten="189,341,266,184" oya="2" hai0="73,36,101,106,48,69,84,20,64,61,25,134,38" hai1="119,55,10,88,22,67,44,18,57,23,24,19,109" hai2="34,111,4,102,110,114,13,40,63,94,37,92,112" hai3="62,1,132,82,80,46,74,96,123,15,116,87,7"/><V85/><F34/><W59/><G123/><T43/><D73/><U115/><E109/><N who="2" m="41483" /><F102/><W127/><G116/><T99/><D134/><U81/><E119/><V97/><F97/><W104/><G1/><T60/><D60/><U54/><E115/><N who="2" m="44075" /><F85/><W17/><G132/><T58/><D84/><U29/><E67/><V5/><F63/><W130/><G7/><N who="2" m="2633" /><F13/><W105/><G74/><T70/><D99/><U126/><E81/><V75/><F75/><W42/><G82/><T91/><D101/><U32/><E126/><V131/><F131/><W90/><G96/><T79/><D61/><U31/><E88/><V9/><F9/><W113/><G113/><T95/><D91/><U45/><E32/><V12/><F12/><W47/><G127/><T107/><D95/><U78/><E10/><V14/><F14/><W124/><G124/><T39/><D107/><U129/><E78/><V133/><F133/><W86/><G130/><T11/><D106/><U120/><E129/><V21/><F21/><W135/><G135/><T118/><D11/><U68/><E23/><V53/><F53/><W108/><G108/><T121/><D79/><U93/><E55/><V16/><F16/><W56/><G87/><T125/><D118/><U117/><E19/><V77/><F77/><W51/><G104/><T50/><D125/><U52/><E18/><V30/><F30/><W26/><G105/><T27/><D20/><U128/><E22/><V41/><F41/><N who="3" m="25039" /><G62/><T103/><D43/><U3/><E54/><V83/><F83/><W71/><G17/><T100/><D103/><U66/><E128/><RYUUKYOKU ba="2,2" sc="189,-10,341,-10,266,30,184,-10" hai2="37,40,92,94" /><INIT seed="6,3,2,0,1,96" ten="179,331,296,174" oya="2" hai0="127,81,7,114,26,43,75,6,12,11,95,70,38" hai1="132,90,55,106,111,25,113,130,99,121,40,16,123" hai2="112,102,51,76,32,4,83,2,88,124,3,72,69" hai3="29,133,104,108,52,117,87,125,66,60,65,85,47"/><V37/><F69/><W78/><G108/><T57/><D70/><U86/><E40/><V10/><F32/><W27/><G117/><T24/><D114/><U28/><E55/><V21/><F37/><W110/><G110/><T129/><D127/><U68/><E111/><V63/><F3/><W64/><G125/><T73/><D129/><U61/><E61/><V13/><F124/><W35/><G104/><T128/><D128/><U80/><E68/><V46/><F112/><W62/><G133/><T50/><D6/><U33/><E113/><V23/><F63/><W109/><G109/><T17/><D38/><U22/><E130/><V56/><F56/><W91/><G78/><T82/><D75/><U8/><E132/><V49/><F102/><W67/><G87/><T1/><D95/><U115/><E115/><V135/><F135/><W41/><G52/><N who="0" m="31895" /><D73/><U5/><E99/><V100/><F100/><W89/><G89/><T126/><D126/><U14/><REACH who="1" step="1"/><E106/><REACH who="1" ten="179,321,296,174" step="2"/><V93/><F2/><AGARI ba="3,3" hai="2,5,8,14,16,22,25,28,33,80,86,90,121,123" machi="2" ten="40,8000,1" yaku="1,1,2,1,24,2,54,1,53,0" doraHai="96" doraHaiUra="101" who="1" fromWho="2" sc="179,0,321,119,296,-89,174,0" /><INIT seed="7,0,0,2,1,127" ten="179,440,207,174" oya="3" hai0="73,28,55,72,107,51,87,113,125,43,100,126,67" hai1="89,57,118,9,129,12,58,25,48,68,109,133,98" hai2="19,1,92,104,62,103,83,2,38,41,30,60,105" hai3="111,123,70,75,16,35,76,134,120,32,97,5,37"/><W56/><G70/><T40/><D113/><U45/><E68/><V3/><F30/><W78/><G37/><T0/><D0/><U59/><E109/><V46/><F83/><W116/><G116/><T18/><D28/><U122/><E133/><V47/><F47/><W36/><G36/><T14/><D67/><U64/><E118/><V77/><F77/><W86/><G75/><N who="0" m="28747" /><D100/><U69/><E25/><V27/><F92/><W20/><G111/><T10/><D107/><U52/><E122/><V135/><F135/><W65/><G134/><T31/><D87/><U6/><E129/><V81/><F81/><W93/><G78/><T15/><D15/><U13/><E13/><V114/><F114/><W7/><G120/><T23/><D31/><U54/><E69/><V42/><F42/><W88/><G123/><T33/><D33/><U82/><E64/><V119/><F119/><W128/><G35/><T96/><D10/><U84/><REACH who="1" step="1"/><E98/><REACH who="1" ten="179,430,207,174" step="2"/><V34/><F27/><N who="3" m="14727" /><G32/><T74/><D96/><U8/><E8/><V79/><F34/><W112/><G112/><T115/><D115/><U95/><E95/><V99/><F105/><W102/><G128/><T106/><D106/><U80/><E80/><V66/><F104/><W130/><G130/><T90/><D14/><U94/><E94/><V49/><F66/><W63/><G76/><T24/><D24/><U108/><E108/><V21/><F79/><W50/><G50/><AGARI ba="0,1" hai="6,9,12,45,48,50,52,54,57,58,59,82,84,89" machi="50" ten="30,8000,1" yaku="1,1,7,1,8,1,54,1,53,1" doraHai="127" doraHaiUra="4" who="1" fromWho="3" sc="179,0,430,90,207,0,174,-80" owari="179,-22.0,520,62.0,207,1.0,94,-41.0" /></mjloggm>