<mjloggm ver="2.3"><GO type="41" lobby="0"/><UN n0="%E5%B0%B1%E6%B4%BB%E7%94%9F%40%E5%B7%9D%E6%9D%91%E8%BB%8D%E5%9B%A3" n1="%52%61%66%69%6E" n2="%73%63%61%72%6C%65%74%2E" n3="%E5%A4%A9%E7%9A%87%E9%99%9B%E4%B8%8B" dan="16,13,13,14" rate="2068.04,1935.05,1873.20,1912.18" sx="M,M,M,M"/><TAIKYOKU oya="0"/><INIT seed="0,0,0,5,3,19" ten="250,250,250,250" oya="0" hai0="122,49,111,23,21,121,43,27,131,133,127,14,39" hai1="52,78,85,63,103,17,1,57,70,54,96,104,55" hai2="25,15,75,3,91,115,77,128,58,50,102,32,18" hai3="130,16,13,107,64,35,87,11,10,51,129,82,67"/><T0/><D0/><U56/><E1/><V94/><F115/><W84/><G107/><T59/><D39/><U109/><E109/><V41/><F3/><W97/><G35/><T71/><D71/><U100/><E100/><V134/><F128/><W101/><G97/><T61/><D131/><N who="3" m="50185" /><G101/><T2/><D2/><U7/><E7/><V65/><F102/><W126/><G51/><T69/><D111/><U113/><E113/><V47/><F75/><W34/><G34/><T90/><D127/><U112/><E112/><V66/><F77/><N who="3" m="46159" /><G87/><T33/><D133/><U72/><E72/><V76/><F76/><W120/><G120/><T110/><D110/><U6/><E6/><V12/><F134/><W117/><G117/><T46/><D69/><U108/><E108/><V20/><F32/><W5/><G126/><T118/><D118/><U73/><E73/><V92/><F92/><W114/><G114/><T79/><D79/><U93/><E104/><V135/><F135/><W125/><G125/><T74/><D74/><U30/><E70/><V62/><REACH who="2" step="1"/><F66/><REACH who="2" ten="250,250,240,250" step="2"/><W88/><G88/><T44/><D33/><U29/><E78/><V37/><F37/><W81/><G81/><T68/><D90/><U105/><E93/><V83/><F83/><W116/><G116/><T123/><D121/><U8/><E103/><V26/><F26/><W9/><G5/><T38/><D122/><U119/><E119/><V45/><F45/><W31/><G31/><N who="0" m="17903" /><D123/><U24/><E29/><V4/><F4/><W42/><G42/><N who="0" m="24791" /><D44/><U86/><E30/><V106/><F106/><W98/><G98/><AGARI ba="0,1" hai="12,15,18,20,25,41,47,50,58,62,65,91,94,98" machi="98" ten="30,8000,1" yaku="1,1,6,1,7,1,8,1,52,1,53,0" doraHai="19" doraHaiUra="80" who="2" fromWho="3" sc="250,0,250,0,240,90,250,-80" /><INIT seed="1,0,0,4,5,106" ten="250,250,330,170" oya="1" hai0="67,33,54,114,14,82,61,21,6,39,107,40,5" hai1="130,135,49,88,26,17,98,83,58,92,34,38,18" hai2="126,129,20,122,56,72,12,68,0,63,117,15,48" hai3="133,43,53,75,119,55,108,35,97,7,118,128,47"/><U27/><E38/><V125/><F117/><W94/><G108/><T66/><D33/><U10/><E130/><V120/><F0/><W37/><G35/><T89/><D107/><U111/><E135/><V70/><F129/><W24/><G24/><N who="1" m="9258" /><E34/><V65/><F48/><W36/><G7/><T113/><D39/><U44/><E111/><V29/><F29/><W102/><G128/><T109/><D109/><U110/><E110/><V4/><F4/><W45/><G133/><T100/><D40/><N who="1" m="24711" /><E10/><V28/><F28/><W32/><G32/><T104/><D104/><U19/><E19/><V112/><F112/><W80/><G45/><T85/><D5/><U42/><E42/><V124/><F72/><W8/><G8/><T81/><D100/><N who="1" m="60487" /><E58/><V1/><F1/><W123/><G36/><T131/><D131/><U91/><E91/><V134/><F134/><W74/><G123/><T76/><D113/><U86/><AGARI ba="0,0" hai="17,18,83,86,88" m="60487,24711,9258" machi="86" ten="30,3000,0" yaku="8,1,54,1" doraHai="106" who="1" fromWho="1" sc="250,-10,250,30,330,-10,170,-10" /><INIT seed="1,1,0,3,5,70" ten="240,280,320,160" oya="1" hai0="123,100,27,119,65,107,17,74,52,14,109,88,43" hai1="6,30,127,85,33,132,112,105,51,39,96,72,133" hai2="68,98,83,126,57,73,63,117,121,79,110,10,22" hai3="81,95,12,114,102,16,93,84,4,115,53,36,135"/><U89/><E112/><V48/><F117/><W56/><G135/><N who="1" m="51786" /><E72/><V91/><F121/><W124/><G36/><T55/><D119/><U64/><E127/><V58/><F126/><W32/><G4/><T87/><D74/><U130/><E130/><V108/><F10/><W20/><G32/><T5/><D123/><U19/><E6/><V66/><F22/><W104/><G124/><T11/><D109/><N who="2" m="42090" /><F48/><W125/><G125/><T40/><D65/><U62/><E51/><V42/><F42/><N who="0" m="15914" /><D100/><N who="1" m="62599" /><E39/><V99/><F99/><W86/><G115/><T35/><D35/><U80/><E19/><V34/><F34/><W28/><G28/><T38/><D38/><U21/><E21/><V15/><F15/><W23/><G23/><N who="0" m="13807" /><D107/><U116/><E116/><V7/><F7/><W31/><G31/><T78/><D78/><U24/><E64/><V45/><F45/><W94/><G114/><T90/><D90/><U82/><E62/><V0/><F0/><W69/><G69/><T60/><D60/><U128/><E128/><V9/><F9/><W3/><G3/><T41/><N who="0" m="15922" /><T18/><DORA hai="44" /><D5/><U37/><E37/><V118/><F118/><W54/><G104/><T111/><D111/><U8/><E8/><V71/><F71/><W101/><G84/><T61/><D61/><U134/><N who="1" m="51794" /><U46/><DORA hai="13" /><E46/><V59/><F59/><W67/><G67/><T106/><D106/><U113/><E113/><V131/><F131/><W50/><G54/><T97/><D97/><U76/><E76/><AGARI ba="1,0" hai="12,16,20,50,53,56,76,81,86,93,94,95,101,102" machi="76" ten="40,8000,1" yaku="8,1,52,2,54,1" doraHai="70,44,13" who="3" fromWho="1" sc="240,0,280,-83,320,0,160,83" /><INIT seed="2,0,0,1,2,88" ten="240,197,320,243" oya="2" hai0="0,118,36,81,25,77,130,99,54,55,98,115,110" hai1="44,93,18,80,58,57,132,72,101,87,86,23,17" hai2="49,92,120,39,60,109,66,20,89,83,75,119,16" hai3="3,67,126,6,7,30,56,133,69,74,38,31,73"/><V61/><F120/><W68/><G126/><T62/><D36/><U84/><E132/><V29/><F119/><W52/><G133/><T65/><D115/><U134/><E134/><V33/><F39/><W85/><G38/><T28/><D0/><U71/><E71/><V103/><F49/><W104/><G104/><T64/><D118/><U10/><E72/><V27/><F109/><W32/><G32/><T121/><D110/><U51/><E10/><V8/><F8/><W59/><G85/><T128/><D121/><U100/><E80/><V114/><F114/><W47/><G47/><T9/><D9/><U95/><E101/><V125/><F125/><W90/><G90/><T96/><D55/><N who="1" m="30183" /><E100/><V76/><F103/><W21/><G67/><T117/><D54/><U13/><E17/><V45/><F45/><W2/><G21/><T94/><D117/><U111/><E111/><V42/><F42/><W15/><G15/><T107/><D107/><U82/><E82/><V131/><F66/><W35/><G35/><T112/><D112/><U24/><E24/><V41/><F41/><W1/><G1/><T135/><D135/><U37/><E37/><V4/><F4/><W14/><G14/><T78/><D64/><U34/><E34/><V91/><F131/><N who="0" m="50218" /><D62/><U123/><E123/><V79/><F79/><N who="0" m="30218" /><D65/><U127/><E127/><V26/><F91/><W97/><REACH who="3" step="1"/><G52/><REACH who="3" ten="240,197,320,233" step="2"/><T5/><D81/><U124/><E124/><V53/><F53/><W122/><G122/><T43/><D43/><U116/><E116/><V105/><F105/><W19/><G19/><T48/><D5/><RYUUKYOKU ba="0,1" sc="240,-30,197,10,320,10,233,10" hai1="13,18,23,57,58,84,86,87,93,95" hai2="16,20,26,27,29,33,60,61,75,76,83,89,92" hai3="2,3,6,7,30,31,56,59,68,69,73,74,97" /><INIT seed="2,1,1,4,5,124" ten="210,207,330,243" oya="2" hai0="134,40,117,102,91,27,120,109,21,24,129,11,13" hai1="25,70,90,72,94,121,80,62,135,3,55,56,119" hai2="131,104,92,130,30,87,28,53,86,5,37,41,116" hai3="83,52,68,50,9,7,0,35,106,103,4,60,122"/><V47/><F116/><W48/><G122/><T127/><D120/><U125/><E121/><V64/><F104/><W63/><G35/><T105/><D117/><U132/><E119/><V23/><F64/><W111/><G111/><T58/><D127/><U110/><E125/><V89/><F5/><W71/><G83/><T14/><D40/><U16/><E3/><V39/><F39/><W42/><G42/><T73/><D73/><U100/><E100/><V78/><F53/><W115/><G115/><T96/><D109/><U66/><E110/><V61/><F61/><W65/><G7/><T108/><D108/><U19/><E80/><V133/><F133/><N who="1" m="51273" /><E25/><V1/><F1/><W31/><G31/><T51/><D134/><U128/><E72/><V118/><F118/><W20/><G20/><T126/><D126/><U114/><E114/><V85/><F78/><W22/><G22/><T69/><D69/><U107/><E107/><V123/><F123/><W113/><G113/><T26/><D91/><U6/><E6/><V75/><F75/><W82/><G82/><T84/><D84/><N who="2" m="32362" /><F23/><W81/><G81/><T79/><D79/><U34/><E34/><V49/><F37/><W59/><G71/><T2/><D21/><U112/><E112/><V29/><F29/><W17/><REACH who="3" step="1"/><G17/><REACH who="3" ten="210,207,330,233" step="2"/><N who="0" m="8383" /><D2/><U57/><E70/><V15/><F30/><W33/><G33/><T99/><D14/><U93/><E19/><V101/><F28/><W8/><G8/><T77/><D77/><U43/><E16/><V45/><F15/><W10/><G10/><T44/><D26/><U67/><E43/><RYUUKYOKU ba="1,2" sc="210,-10,207,-10,330,-10,233,30" hai3="0,4,9,48,50,52,59,60,63,65,68,103,106" /><INIT seed="3,2,2,2,3,97" ten="200,197,320,263" oya="3" hai0="76,9,105,62,70,106,63,135,65,41,96,85,107" hai1="52,133,71,7,53,49,91,51,57,27,1,5,69" hai2="18,10,21,86,109,110,60,61,95,89,35,99,29" hai3="102,100,58,36,93,128,117,55,134,92,101,75,129"/><W83/><G36/><T48/><D135/><U88/><E133/><V108/><F35/><W94/><G134/><T112/><D112/><U2/><E57/><V8/><F86/><W78/><REACH who="3" step="1"/><G117/><REACH who="3" ten="200,197,320,253" step="2"/><T17/><D63/><AGARI ba="2,3" hai="55,58,63,75,78,83,92,93,94,100,101,102,128,129" machi="63" ten="40,12000,1" yaku="1,1,2,1,52,3,53,0" doraHai="97" doraHaiUra="81" who="3" fromWho="0" sc="200,-126,197,0,320,0,253,156" /><INIT seed="3,3,0,1,3,49" ten="74,197,320,409" oya="3" hai0="92,83,54,45,3,28,12,59,132,46,122,121,62" hai1="18,30,1,96,95,40,116,60,131,81,93,36,44" hai2="35,43,114,64,80,87,72,8,125,47,126,90,42" hai3="0,34,99,123,23,100,38,128,86,31,17,22,75"/><W106/><G38/><T130/><D3/><U32/><E131/><V21/><F35/><W129/><G75/><T124/><D130/><N who="3" m="50281" /><G123/><T13/><D124/><N who="2" m="47722" /><F114/><W48/><G0/><T67/><D132/><U6/><E116/><V118/><F118/><W98/><G34/><T94/><D122/><U135/><E135/><V10/><F64/><W88/><G98/><T109/><D121/><U73/><E18/><V56/><F72/><W51/><G31/><T55/><D109/><U58/><E30/><V16/><F56/><W104/><G106/><T133/><D28/><U112/><E32/><V52/><F52/><N who="0" m="20010" /><D83/><U4/><E96/><V76/><F76/><W50/><G17/><T89/><D133/><U68/><E68/><V110/><F110/><W39/><G39/><T85/><D94/><AGARI ba="3,0" hai="22,23,48,50,51,86,88,94,99,100,104" m="50281" machi="94" ten="30,2900,0" yaku="19,1,54,1" doraHai="49" who="3" fromWho="0" sc="74,-38,197,0,320,0,409,38" /><INIT seed="3,4,0,5,0,49" ten="36,197,320,447" oya="3" hai0="41,135,120,53,127,21,134,63,100,33,67,128,82" hai1="37,133,78,86,39,6,12,29,110,130,123,129,122" hai2="116,105,132,64,28,18,36,93,80,30,34,71,125" hai3="15,113,56,43,51,44,72,9,119,23,32,98,97"/><W40/><G113/><T54/><D33/><U66/><E110/><V104/><F116/><W77/><G32/><T73/><D73/><U13/><E133/><N who="0" m="50697" /><D100/><U101/><E101/><V65/><F132/><W70/><G70/><N who="0" m="42367" /><D82/><N who="1" m="47447" /><E66/><V96/><F36/><N who="1" m="13897" /><E29/><V75/><F18/><W47/><G119/><T61/><D21/><U52/><E52/><N who="0" m="20073" /><D120/><U121/><E6/><V92/><F75/><W2/><G23/><T38/><D127/><U62/><E62/><V10/><F125/><W7/><G2/><T118/><D118/><U57/><E57/><V22/><F22/><W14/><G14/><T74/><D74/><U124/><E124/><V31/><F80/><W19/><G7/><T4/><D4/><U11/><E11/><V5/><F71/><W107/><G107/><T45/><D128/><AGARI ba="4,0" hai="12,13,121,122,123,128,129,130" m="13897,47447" machi="128" ten="40,1300,0" yaku="19,1" doraHai="49" who="1" fromWho="0" sc="36,-25,197,25,320,0,447,0" /><INIT seed="4,0,0,3,5,100" ten="11,222,320,447" oya="0" hai0="90,1,77,83,59,24,131,11,40,108,111,117,120" hai1="44,48,9,123,35,27,98,10,53,17,7,19,36" hai2="4,12,127,82,133,97,30,79,110,129,50,52,72" hai3="57,122,89,14,55,135,91,118,104,38,92,28,65"/><T88/><D117/><U39/><E123/><V116/><F110/><N who="0" m="42026" /><D120/><U3/><E98/><V29/><F127/><W5/><G135/><T2/><D40/><U121/><E121/><V101/><F133/><W126/><G38/><T23/><D131/><U71/><E71/><V45/><F129/><W96/><G126/><T64/><D59/><U34/><E34/><V15/><F116/><W26/><G118/><T107/><D64/><U51/><E51/><V84/><F72/><W69/><G122/><T134/><D134/><U18/><E10/><V109/><F109/><W70/><G104/><T99/><D11/><U81/><E81/><V74/><F74/><W124/><G124/><T128/><D128/><U130/><E130/><V103/><F103/><W125/><G125/><T80/><D1/><U63/><E63/><V21/><F4/><W49/><G89/><N who="0" m="34411" /><D2/><U85/><E85/><V58/><F58/><W87/><G96/><T41/><D41/><U31/><AGARI ba="0,0" hai="3,7,9,17,18,19,27,31,35,36,39,44,48,53" machi="31" ten="30,1100,0" yaku="0,1" doraHai="100" who="1" fromWho="1" sc="11,-5,222,11,320,-3,447,-3" /><INIT seed="5,0,0,2,3,27" ten="6,233,317,444" oya="1" hai0="85,40,48,100,45,60,133,4,105,14,3,20,92" hai1="8,83,54,76,121,17,135,81,35,79,104,112,106" hai2="89,94,99,98,103,51,53,125,42,109,102,132,116" hai3="75,80,57,1,19,67,93,22,26,25,126,111,11"/><U82/><E35/><V23/><F116/><W41/><G111/><T63/><D105/><N who="1" m="40555" /><E54/><V49/><F109/><W12/><G126/><T120/><D120/><U44/><E44/><V123/><F123/><W18/><G41/><T13/><D3/><U65/><E17/><V43/><F125/><W130/><G130/><T46/><D133/><U108/><E8/><V24/><F132/><W21/><G93/><T134/><D134/><U32/><E65/><V64/><F64/><W113/><G1/><T39/><D14/><U73/><E32/><V16/><F99/><W59/><G113/><T9/><D20/><U56/><E56/><N who="2" m="32815" /><F43/><W86/><G75/><T78/><D100/><U74/><E108/><V29/><F29/><N who="3" m="17583" /><G67/><T77/><D77/><AGARI ba="0,0" hai="11,12,18,19,22,26,57,59,77,80,86" m="17583" machi="77" ten="30,2000,0" yaku="8,1,52,1" doraHai="27" who="3" fromWho="0" sc="6,-20,233,0,317,0,444,20" owari="-14,-51.0,233,-17.0,317,12.0,464,56.0" /></mjloggm>