<mjloggm ver="2.3"><GO type="41" lobby="0"/><UN n0="%E4%BE%8D%E3%81%B2%E3%82%8D%E3%81%97" n1="%E7%A0%82%E3%81%8F%E3%81%98%E3%82%89" n2="%E3%83%93%E3%83%83%E3%82%B0%E7%8F%8D%E7%8F%8D" n3="%E5%B0%B1%E6%B4%BB%E7%94%9F%40%E5%B7%9D%E6%9D%91%E8%BB%8D%E5%9B%A3" dan="13,14,14,17" rate="1810.05,1880.11,1943.88,2151.19" sx="M,M,M,M"/><TAIKYOKU oya="0"/><INIT seed="0,0,0,4,2,32" ten="250,250,250,250" oya="0" hai0="23,113,117,56,62,102,76,106,92,107,64,114,15" hai1="65,100,35,70,109,29,120,26,121,79,48,112,68" hai2="52,84,111,77,27,103,98,74,85,75,13,93,49" hai3="14,41,133,3,60,18,10,132,127,28,9,88,108"/><T25/><D117/><U59/><E109/><V94/><F111/><W30/><G41/><T95/><D114/><U24/><E112/><V101/><F27/><W20/><G108/><T45/><D113/><U31/><E79/><V36/><F36/><W57/><G127/><T66/><D76/><U86/><E86/><V134/><F134/><N who="3" m="51819" /><G88/><T8/><D66/><U80/><E121/><V123/><F123/><W6/><G10/><T33/><D33/><U63/><E120/><V40/><F40/><W118/><G118/><T130/><D130/><U43/><E80/><V47/><F13/><W44/><G44/><T135/><D135/><U97/><E43/><V12/><F12/><W115/><G115/><T122/><D122/><U53/><E31/><V39/><F39/><W7/><G7/><T0/><D45/><U96/><E26/><V34/><F34/><W46/><G46/><T22/><D102/><U124/><E124/><V50/><F75/><W5/><G5/><T38/><D38/><U125/><E125/><V83/><F50/><W61/><G61/><T42/><D42/><U126/><E126/><V69/><F69/><W73/><G73/><T89/><D62/><U51/><E70/><V78/><F78/><W19/><G19/><T116/><D116/><U11/><E68/><V90/><F103/><W17/><G17/><T104/><D89/><U91/><E91/><V72/><AGARI ba="0,0" hai="47,49,52,72,74,77,83,84,85,90,93,94,98,101" machi="72" ten="30,2000,0" yaku="0,1,54,1" doraHai="32" who="2" fromWho="2" sc="250,-10,250,-5,250,20,250,-5" /><INIT seed="1,0,0,1,0,130" ten="240,245,270,245" oya="1" hai0="18,41,39,124,65,6,128,133,85,123,64,24,3" hai1="78,83,82,27,109,19,92,15,71,31,45,84,108" hai2="30,106,55,54,37,13,49,0,134,131,104,69,72" hai3="112,44,10,98,36,119,75,102,91,70,29,38,88"/><U34/><E71/><V132/><F72/><W120/><G112/><T81/><D128/><U121/><E121/><V111/><F0/><W103/><G70/><T67/><D123/><U22/><E45/><V135/><F131/><W21/><G120/><T5/><D124/><U90/><REACH who="1" step="1"/><E78/><REACH who="1" ten="240,235,270,245" step="2"/><V14/><F69/><W118/><G44/><T11/><D3/><U99/><E99/><V8/><F111/><AGARI ba="0,1" hai="15,19,22,27,31,34,82,83,84,90,92,108,109,111" machi="111" ten="40,7700,0" yaku="1,1,14,1,10,1,53,0" doraHai="130" doraHaiUra="100" who="1" fromWho="2" sc="240,0,235,87,270,-77,245,0" /><INIT seed="1,1,0,2,1,31" ten="240,322,193,245" oya="1" hai0="131,132,98,47,36,74,110,127,73,23,78,3,28" hai1="4,128,82,88,81,7,39,60,59,15,114,9,5" hai2="122,118,95,104,8,134,25,51,86,52,91,106,11" hai3="83,24,107,48,113,43,18,50,116,37,90,77,101"/><U75/><E39/><V20/><F122/><W105/><G113/><T61/><D3/><U0/><E0/><V79/><F118/><W93/><G116/><T80/><D110/><U99/><E114/><V112/><F112/><W26/><G37/><T94/><D127/><U32/><E32/><V45/><F134/><W121/><G121/><T58/><D132/><U29/><E29/><V54/><F79/><W22/><G26/><T67/><D131/><U34/><E34/><V66/><F66/><W35/><G35/><T102/><D36/><U72/><E128/><V119/><F119/><W27/><G27/><N who="0" m="16511" /><D47/><U133/><E75/><AGARI ba="1,0" hai="58,61,67,73,74,75,78,80,94,98,102" m="16511" machi="75" ten="30,1000,0" yaku="25,1" doraHai="31" who="0" fromWho="1" sc="240,13,322,-13,193,0,245,0" /><INIT seed="2,0,0,3,3,3" ten="253,309,193,245" oya="2" hai0="18,95,94,64,52,66,126,91,8,43,130,20,21" hai1="1,106,101,45,56,50,30,117,25,84,87,12,72" hai2="60,29,76,44,34,39,57,22,119,41,0,31,102" hai3="133,129,36,114,51,46,112,4,78,35,19,48,110"/><V89/><F119/><W132/><G35/><T62/><D43/><U82/><E1/><V16/><F102/><W63/><G78/><T100/><D130/><U96/><E117/><V131/><F131/><W118/><G129/><T108/><D108/><U125/><E125/><V115/><F115/><N who="3" m="44075" /><G118/><T15/><D126/><U77/><E56/><V75/><F34/><W113/><G110/><T86/><D100/><U38/><E38/><V55/><F0/><W88/><G19/><T68/><D95/><U123/><E123/><V74/><F89/><W53/><G4/><T42/><D42/><U92/><E106/><V7/><F7/><W54/><G88/><T103/><D103/><U28/><E28/><V67/><F67/><W17/><G17/><T70/><D52/><N who="3" m="20073" /><G113/><T99/><D99/><U10/><E30/><V9/><F76/><W111/><G111/><T58/><REACH who="0" step="1"/><D58/><REACH who="0" ten="243,309,193,245" step="2"/><U127/><E96/><V120/><F120/><W128/><G128/><T37/><D37/><U104/><E92/><V59/><F59/><W124/><G124/><T85/><D85/><U5/><E84/><V116/><F116/><W11/><G36/><T107/><D107/><U23/><E104/><V122/><F122/><W6/><G46/><T2/><D2/><U97/><E101/><V71/><F75/><W80/><G80/><T98/><D98/><U93/><E127/><V105/><F74/><W73/><G73/><T27/><D27/><U32/><E72/><V134/><F105/><W79/><G51/><T40/><D40/><N who="1" m="24871" /><E97/><V90/><F39/><W61/><G48/><T24/><D24/><RYUUKYOKU ba="0,1" sc="243,30,309,-10,193,-10,245,-10" hai0="8,15,18,20,21,62,64,66,68,70,86,91,94" /><INIT seed="3,1,1,4,1,83" ten="273,299,183,235" oya="3" hai0="43,57,87,56,79,22,123,42,93,130,128,16,3" hai1="30,21,60,53,122,13,18,110,67,72,73,17,84" hai2="100,106,114,34,134,38,65,90,107,70,23,10,94" hai3="4,49,33,31,120,117,133,81,99,25,91,12,36"/><W9/><G117/><T75/><D75/><U58/><E122/><V24/><F38/><W74/><G120/><T8/><D123/><U88/><E110/><V35/><F114/><W32/><G36/><T26/><D8/><U127/><E127/><V103/><F134/><W69/><G69/><T11/><D11/><U77/><E77/><V82/><F10/><W115/><G115/><T109/><D3/><U105/><E105/><V111/><F82/><W78/><G133/><T66/><D109/><U119/><E17/><V104/><F111/><W101/><G49/><T113/><D113/><U92/><E119/><V0/><F0/><W52/><G52/><T40/><D66/><U112/><E112/><V15/><F15/><W86/><G33/><T62/><D62/><U126/><E126/><V47/><F47/><W44/><G44/><T1/><D1/><U28/><E73/><V50/><F50/><W98/><REACH who="3" step="1"/><G101/><REACH who="3" ten="273,299,183,225" step="2"/><T97/><D79/><U7/><E53/><V39/><F35/><W108/><G108/><T46/><D46/><U89/><E72/><V48/><F34/><W41/><G41/><T14/><D43/><U102/><E102/><V118/><F39/><W59/><G59/><T124/><D42/><U2/><E2/><V131/><F104/><W6/><G6/><T121/><D40/><U27/><E7/><V71/><F106/><W61/><G61/><T135/><D121/><U45/><E45/><V116/><F107/><W125/><G125/><T51/><D135/><U19/><E60/><V64/><F116/><W54/><G54/><T96/><D124/><RYUUKYOKU ba="1,2" sc="273,-10,299,-10,183,-10,225,30" hai3="4,9,12,25,31,32,74,78,81,86,91,98,99" /><INIT seed="3,2,2,5,2,52" ten="263,289,173,255" oya="3" hai0="110,114,78,3,33,57,6,58,75,19,87,95,133" hai1="91,101,93,27,30,73,81,55,17,61,22,118,14" hai2="107,24,16,111,122,8,38,37,29,115,69,54,116" hai3="23,31,43,56,25,40,117,34,4,45,104,100,89"/><W102/><G117/><T86/><D33/><U32/><E118/><V35/><F107/><W9/><G34/><T128/><D128/><U71/><E101/><N who="3" m="39018" /><G104/><T121/><D121/><U1/><E73/><V53/><F111/><W74/><G74/><T0/><D110/><U50/><E81/><V103/><F69/><W106/><G106/><T70/><D70/><U105/><E105/><V108/><F103/><W88/><G45/><T63/><D63/><U62/><E1/><V127/><F115/><W72/><G72/><T84/><D114/><U90/><E91/><N who="3" m="34890" /><G56/><T96/><D19/><U66/><E66/><V44/><F116/><W94/><G94/><T48/><D48/><U80/><E71/><V134/><F44/><W67/><G67/><T68/><D68/><U36/><E80/><V119/><F38/><W12/><AGARI ba="2,2" hai="4,9,12,23,25,31,40,43" m="34890,39018" machi="12" ten="30,3000,0" yaku="8,1,54,1" doraHai="52" who="3" fromWho="3" sc="263,-12,289,-12,173,-12,255,56" /><INIT seed="3,3,0,0,4,38" ten="251,277,161,311" oya="3" hai0="50,84,39,114,96,9,7,123,120,113,24,59,131" hai1="28,126,35,21,71,89,17,105,40,133,46,74,88" hai2="2,25,111,20,85,61,135,27,106,45,52,127,103" hai3="110,48,58,44,31,64,42,118,93,19,63,13,132"/><W119/><G132/><T0/><D131/><U78/><E133/><V76/><F111/><W53/><G31/><T22/><D39/><U72/><E105/><V121/><F2/><W34/><G34/><T117/><D96/><U73/><E71/><V15/><F121/><W122/><G122/><T67/><D84/><U109/><E109/><V98/><F127/><W130/><G130/><T134/><D67/><U66/><E66/><V116/><F116/><W125/><G125/><T49/><D59/><U90/><E126/><V77/><F135/><W18/><G110/><T37/><D37/><U97/><E28/><V104/><F106/><W83/><G19/><T29/><D50/><U65/><E65/><V81/><F77/><W79/><G93/><T6/><D49/><U80/><E97/><V128/><F128/><W11/><REACH who="3" step="1"/><G64/><REACH who="3" ten="251,277,161,301" step="2"/><T112/><D134/><U14/><REACH who="1" step="1"/><E35/><REACH who="1" ten="251,267,161,301" step="2"/><V43/><F104/><W124/><G124/><T3/><D117/><U26/><E26/><V62/><F27/><W68/><G68/><T36/><REACH who="0" step="1"/><D36/><AGARI ba="3,2" hai="14,17,21,36,40,46,72,73,74,78,80,88,89,90" machi="36" ten="40,12000,2" yaku="1,1,52,1,54,1,53,3" doraHai="38" doraHaiUra="86" who="1" fromWho="0" sc="251,-129,267,149,161,0,301,0" /><INIT seed="4,0,0,2,3,43" ten="122,416,161,301" oya="0" hai0="117,121,70,41,119,33,36,27,127,106,96,134,109" hai1="102,67,12,56,14,128,39,0,42,63,62,132,60" hai2="81,49,73,26,125,32,126,6,23,77,118,38,82" hai3="113,44,86,46,16,2,130,110,48,84,52,57,51"/><T124/><RYUUKYOKU type="yao9" ba="0,0" sc="122,0,416,0,161,0,301,0" hai0="27,33,36,41,70,96,106,109,117,119,121,124,127,134" /><INIT seed="4,1,0,2,4,22" ten="122,416,161,301" oya="0" hai0="33,116,13,119,110,113,71,40,7,103,117,31,8" hai1="112,44,1,10,48,30,62,60,23,123,93,102,51" hai2="111,41,70,58,134,133,76,132,52,135,61,83,46" hai3="108,15,49,35,91,106,94,85,124,16,122,9,28"/><T87/><D71/><U130/><E123/><V120/><F133/><W18/><G106/><T3/><D103/><U17/><E30/><V98/><F120/><W24/><G108/><T59/><D113/><U34/><E34/><V26/><F70/><W131/><G124/><T90/><D110/><U36/><E130/><V75/><F111/><W6/><G131/><T121/><D121/><U104/><E51/><V19/><F98/><W127/><G127/><T12/><D40/><U56/><E62/><V67/><F67/><W20/><G122/><T97/><D59/><U0/><E56/><V53/><F53/><W72/><G72/><T77/><D97/><U81/><E36/><V64/><F64/><W29/><G29/><T105/><D77/><U95/><E104/><V47/><F41/><W128/><G128/><T69/><D105/><U100/><E100/><V125/><F125/><W27/><G49/><T79/><D79/><U37/><E48/><V38/><F38/><W63/><G63/><T118/><D69/><U82/><E60/><V45/><F19/><W66/><G66/><T4/><D4/><U129/><E17/><V88/><F88/><W55/><G6/><T107/><D107/><U2/><E112/><V101/><F101/><W74/><G74/><T80/><N who="0" m="30208" /><DORA hai="109" /><T32/><D32/><U14/><E102/><V86/><F75/><W39/><G39/><T78/><D90/><U50/><E37/><V25/><AGARI ba="1,0" hai="25,26,45,46,47,52,58,61,76,83,86,132,134,135" machi="25" ten="40,8000,1" yaku="0,1,20,1,52,2,54,1" doraHai="22,109" who="2" fromWho="2" sc="122,-41,416,-21,161,83,301,-21" /><INIT seed="5,0,0,2,4,47" ten="81,395,244,280" oya="1" hai0="23,62,32,40,93,24,108,66,124,134,89,5,22" hai1="99,86,15,95,73,74,126,17,129,107,13,56,103" hai2="11,98,16,131,0,100,71,34,105,36,97,54,132" hai3="92,76,135,69,77,31,10,70,67,45,121,6,59"/><U21/><E129/><V102/><F36/><W52/><G121/><T104/><D108/><U65/><E126/><V94/><F131/><W110/><G110/><T61/><D104/><U1/><E1/><V19/><F34/><W48/><G135/><T130/><D124/><U84/><E15/><V38/><F71/><W14/><G31/><T51/><D134/><U81/><E84/><V57/><F38/><W128/><G128/><T101/><D130/><U8/><E8/><V2/><F132/><W7/><G7/><T60/><D101/><U80/><E80/><V83/><F83/><W29/><G29/><T115/><D115/><U82/><E82/><V39/><F39/><W85/><G70/><T20/><D32/><U111/><E107/><V44/><F44/><W50/><G69/><T118/><D118/><U90/><E111/><V125/><F125/><W117/><G117/><T133/><D133/><U127/><E127/><V37/><F37/><W53/><G67/><T43/><D5/><U33/><E33/><V18/><REACH who="2" step="1"/><F11/><REACH who="2" ten="81,395,234,280" step="2"/><W26/><G26/><T91/><D24/><U112/><E112/><V27/><F27/><W122/><G122/><T119/><D119/><U55/><REACH who="1" step="1"/><E65/><REACH who="1" ten="81,385,234,280" step="2"/><V87/><F87/><W106/><G106/><T25/><D66/><U96/><E96/><V58/><F58/><W88/><AGARI ba="0,2" hai="6,10,14,45,48,50,52,53,59,76,77,85,88,92" machi="88" ten="30,12000,2" yaku="0,1,8,1,52,2,54,2" doraHai="47" who="3" fromWho="3" sc="81,-30,385,-60,234,-30,280,140" /><INIT seed="6,0,0,4,5,45" ten="51,325,204,420" oya="2" hai0="47,76,95,49,32,134,93,83,55,29,12,99,120" hai1="39,22,129,77,44,51,67,80,94,10,66,106,40" hai2="118,130,4,2,16,73,91,119,30,36,50,89,135" hai3="31,56,112,3,13,115,123,79,111,82,110,121,98"/><V60/><F36/><W20/><G3/><T42/><D120/><N who="3" m="46153" /><G98/><T105/><D134/><U68/><E106/><V1/><F135/><W69/><G69/><T27/><D105/><U87/><E129/><V84/><F73/><W8/><G56/><T59/><D12/><U61/><E67/><V52/><F130/><W113/><G20/><T131/><D131/><U0/><E22/><V103/><F30/><W9/><G31/><T62/><REACH who="0" step="1"/><D99/><REACH who="0" ten="41,325,204,420" step="2"/><U18/><E0/><V58/><F2/><W127/><G13/><T85/><AGARI ba="0,1" hai="27,29,32,42,47,49,55,59,62,76,83,85,93,95" machi="85" ten="20,8000,1" yaku="1,1,2,1,0,1,7,1,52,1,53,0" doraHai="45" doraHaiUra="128" who="0" fromWho="0" sc="41,90,325,-20,204,-40,420,-20" /><INIT seed="7,0,0,1,2,27" ten="131,305,164,400" oya="3" hai0="121,54,25,44,75,56,32,91,46,21,78,16,82" hai1="38,100,41,31,24,8,14,17,39,117,80,134,96" hai2="1,79,5,49,69,40,59,126,103,77,131,72,19" hai3="33,130,88,71,107,110,30,102,64,13,10,42,83"/><W129/><G110/><T122/><D122/><U127/><E134/><V101/><F69/><W135/><G135/><T48/><D121/><U89/><E127/><V84/><F126/><W26/><G42/><T51/><D51/><U108/><E108/><V68/><F68/><W47/><G47/><T86/><REACH who="0" step="1"/><D32/><REACH who="0" ten="121,305,164,400" step="2"/><U11/><E39/><V0/><F131/><N who="3" m="50187" /><G64/><T123/><D123/><U81/><E38/><V52/><F72/><W109/><G71/><T128/><D128/><U114/><E117/><V87/><F40/><W98/><G109/><T73/><D73/><U58/><E41/><V132/><F132/><W99/><G99/><T20/><D20/><U18/><E96/><V67/><F87/><N who="3" m="50303" /><G13/><T97/><D97/><U62/><E14/><V116/><F84/><W4/><G10/><T3/><D3/><U22/><E8/><V6/><F1/><W112/><G4/><T43/><D43/><U50/><E11/><V63/><F6/><W37/><G37/><T94/><AGARI ba="0,1" hai="16,21,25,44,46,48,54,56,75,78,82,86,91,94" machi="94" ten="20,5200,0" yaku="1,1,0,1,7,1,54,1,53,0" doraHai="27" doraHaiUra="60" who="0" fromWho="0" sc="121,62,305,-13,164,-13,400,-26" owari="183,-22.0,292,9.0,151,-35.0,374,48.0" /></mjloggm>