<mjloggm ver="2.3"><GO type="169" lobby="0"/><UN n0="%E6%A1%83%E3%82%84%E3%82%93" n1="%E7%AB%8B%E8%8F%AF%E5%A5%8F" n2="%E3%82%A6%E3%83%AB%E3%83%88%E3%83%A9%E7%AB%8B%E7%9B%B4" n3="%E3%81%BE%E3%82%8B" dan="16,17,17,16" rate="2086.99,2170.06,2169.93,2091.97" sx="M,F,M,M"/><TAIKYOKU oya="0"/><INIT seed="0,0,0,4,3,57" ten="250,250,250,250" oya="0" hai0="127,45,123,71,53,42,3,85,97,10,84,7,93" hai1="89,9,77,33,47,18,66,92,54,69,41,103,27" hai2="80,63,44,16,78,15,107,51,29,31,118,94,38" hai3="75,23,108,114,119,62,0,121,83,20,56,112,109"/><T74/><D123/><U100/><E77/><V131/><F107/><W91/><G0/><T86/><D74/><U8/><E54/><V76/><F38/><W124/><G121/><T72/><D72/><U21/><E33/><V81/><F131/><W2/><G2/><T22/><D127/><U129/><E129/><V95/><F118/><W113/><G119/><T87/><N who="0" m="21504" /><DORA hai="70" /><T125/><D125/><U90/><E90/><V36/><F36/><W48/><G48/><T4/><D4/><U104/><E104/><V32/><F32/><W68/><G68/><T110/><D71/><U24/><E24/><V46/><F51/><W120/><G120/><T106/><D53/><U37/><E89/><V122/><F122/><W49/><G91/><T11/><D11/><U60/><REACH who="1" step="1"/><E92/><REACH who="1" ten="250,240,250,250" step="2"/><V28/><F94/><W133/><G124/><T130/><D106/><U88/><E88/><V55/><F95/><W101/><G114/><T14/><D130/><U1/><E1/><V40/><F78/><N who="3" m="44511" /><G113/><T19/><D110/><U134/><E134/><V17/><F76/><W25/><G112/><T26/><D26/><U50/><E50/><V82/><F81/><W102/><G133/><T58/><D93/><U105/><E105/><V52/><F82/><W6/><G49/><N who="0" m="26807" /><D97/><U64/><E64/><V128/><F80/><W98/><G98/><T135/><D135/><U126/><E126/><V117/><F128/><W73/><G109/><T111/><D111/><U30/><E30/><V115/><F29/><W65/><G108/><T59/><D3/><U116/><E116/><V35/><F117/><RYUUKYOKU ba="0,1" sc="250,15,240,15,250,-15,250,-15" hai0="7,10,14,19,22,58,59" hai1="8,9,18,21,27,37,41,47,60,66,69,100,103" /><INIT seed="0,1,1,0,5,78" ten="265,255,235,235" oya="0" hai0="28,58,91,134,39,0,88,70,123,95,2,103,130" hai1="125,80,121,73,59,128,49,114,74,47,76,72,102" hai2="119,22,60,37,3,52,107,115,10,71,108,113,112" hai3="122,23,94,25,46,117,38,87,35,7,64,129,9"/><T48/><D123/><U79/><E121/><V8/><F107/><W124/><G122/><T126/><D39/><U18/><E125/><V96/><F37/><W127/><G35/><T33/><D70/><U53/><E128/><V5/><F119/><W92/><G117/><T29/><D126/><N who="3" m="48169" /><G129/><T63/><D130/><U131/><E131/><V106/><F108/><W15/><G64/><T83/><D134/><U34/><E34/><V57/><F71/><W40/><G87/><T111/><D111/><U99/><E114/><V44/><F44/><W82/><G82/><T61/><D103/><U24/><E76/><V16/><F10/><W62/><G62/><T41/><D33/><U26/><E47/><V42/><F42/><W132/><G132/><T54/><D2/><U104/><REACH who="1" step="1"/><E18/><AGARI ba="1,1" hai="7,9,15,18,23,25,38,40,46,92,94" m="48169" machi="18" ten="30,1000,0" yaku="18,1" doraHai="78" who="3" fromWho="1" sc="265,0,255,-13,235,0,235,23" /><INIT seed="1,0,0,1,5,53" ten="265,242,235,258" oya="1" hai0="27,131,25,91,126,30,41,127,20,60,13,94,115" hai1="110,0,78,76,133,11,43,26,119,32,3,34,66" hai2="75,80,108,87,4,52,84,95,124,97,62,135,48" hai3="89,2,111,132,73,44,83,37,12,42,93,105,116"/><U107/><E107/><V114/><F108/><W134/><G111/><T58/><D115/><U103/><E110/><V70/><F114/><W109/><G109/><T57/><D60/><U100/><E119/><V68/><F124/><N who="0" m="47658" /><D131/><U23/><E133/><N who="3" m="51306" /><G105/><T118/><D118/><U90/><E43/><V101/><F135/><W56/><G116/><T54/><D54/><U6/><E66/><V121/><F121/><W125/><G2/><T130/><D130/><U112/><E112/><V35/><F35/><W45/><G45/><T69/><D69/><U19/><E0/><V117/><F117/><W9/><G125/><T1/><D1/><U64/><E64/><V7/><F70/><W99/><G56/><N who="0" m="21611" /><D41/><U46/><E46/><V88/><F68/><W77/><G12/><T71/><D71/><U33/><REACH who="1" step="1"/><E90/><REACH who="1" ten="265,232,235,258" step="2"/><V82/><F88/><W59/><G42/><T120/><D120/><U106/><E106/><V47/><F47/><W85/><G44/><T22/><D13/><U38/><E38/><V18/><F52/><W98/><G37/><T102/><D102/><AGARI ba="0,1" hai="3,6,11,19,23,26,32,33,34,76,78,100,102,103" machi="102" ten="40,2000,0" yaku="1,1,53,0" doraHai="53" doraHaiUra="40" who="1" fromWho="0" sc="265,-20,232,30,235,0,258,0" /><INIT seed="1,1,0,2,2,123" ten="245,262,235,258" oya="1" hai0="0,94,91,105,25,53,15,79,131,21,128,134,44" hai1="35,8,6,100,76,4,135,43,104,95,80,118,41" hai2="70,109,19,1,74,88,47,111,61,63,29,107,82" hai3="81,37,83,55,45,9,31,5,26,62,119,72,40"/><U59/><E104/><V116/><F107/><W69/><G119/><T16/><D0/><U7/><E118/><V102/><F102/><W10/><G10/><T51/><D105/><U27/><E135/><V58/><F1/><W133/><G133/><T34/><D79/><U124/><E124/><V11/><F116/><W127/><G127/><T2/><D2/><U89/><E100/><V3/><F29/><W28/><G28/><T120/><D120/><U115/><E115/><V117/><F117/><W60/><G69/><T126/><D126/><U113/><E113/><V36/><F70/><W33/><G55/><T130/><D134/><U14/><E27/><V99/><F74/><W71/><G71/><T56/><D34/><U66/><E35/><V129/><F129/><W52/><G52/><T125/><D125/><U57/><E57/><V24/><F3/><N who="3" m="191" /><G83/><T65/><D65/><U46/><E59/><V50/><F36/><W67/><G67/><T101/><D101/><U92/><E66/><V114/><F114/><W110/><G110/><N who="2" m="41993" /><F58/><W78/><AGARI ba="1,0" hai="26,31,33,37,40,45,60,62,72,78,81" m="191" machi="78" ten="30,1100,0" yaku="25,1" doraHai="123" who="3" fromWho="3" sc="245,-4,262,-6,235,-4,258,14" /><INIT seed="2,0,0,2,1,75" ten="241,256,231,272" oya="2" hai0="24,61,71,108,124,30,97,13,92,131,65,31,79" hai1="83,104,132,9,3,90,47,34,123,126,135,14,93" hai2="44,120,106,94,69,113,102,16,48,26,73,100,41" hai3="66,85,88,80,107,42,50,116,112,8,54,96,99"/><V27/><F106/><W17/><G116/><T76/><D108/><U28/><E126/><V98/><F69/><W111/><G111/><T49/><D124/><U51/><E104/><V35/><F113/><W86/><G112/><T78/><D131/><U114/><E114/><V130/><F120/><W77/><G66/><T23/><D13/><U39/><E39/><V52/><F73/><W67/><G67/><T87/><D49/><U32/><E3/><V68/><F68/><W5/><G42/><T105/><D105/><U81/><E123/><V129/><F102/><W36/><G36/><T46/><D46/><U101/><E101/><V95/><F95/><W43/><G43/><T74/><D87/><U1/><E1/><V7/><F7/><W60/><G60/><T22/><D74/><U2/><E2/><V29/><REACH who="2" step="1"/><F41/><REACH who="2" ten="241,256,221,272" step="2"/><W110/><G110/><T18/><REACH who="0" step="1"/><D22/><AGARI ba="0,1" hai="16,22,26,27,29,35,44,48,52,94,98,100,129,130" machi="22" ten="40,12000,1" yaku="1,1,2,1,54,2,53,0" doraHai="75" doraHaiUra="133" who="2" fromWho="0" sc="241,-120,256,0,221,130,272,0" /><INIT seed="2,1,0,4,3,125" ten="121,256,351,272" oya="2" hai0="119,37,130,69,70,19,72,18,51,105,26,98,112" hai1="116,42,121,71,123,88,11,27,110,13,34,2,129" hai2="100,56,74,103,131,44,49,5,134,135,91,20,7" hai3="55,75,120,62,122,78,0,12,77,93,87,96,15"/><V10/><F74/><W118/><G0/><T24/><D37/><U4/><E71/><V66/><F91/><W92/><G75/><T65/><D72/><U57/><E42/><V30/><F20/><W14/><G118/><T16/><D112/><U124/><E57/><V76/><F30/><W31/><G31/><T48/><D119/><U6/><E116/><V73/><F76/><W28/><G28/><T46/><D65/><U107/><E107/><V39/><F73/><W53/><G122/><N who="1" m="46602" /><E88/><V29/><F29/><W128/><G120/><T33/><D33/><U90/><E90/><V40/><F100/><N who="3" m="60423" /><G128/><T41/><D51/><U114/><E114/><V25/><F103/><W94/><G62/><T95/><D105/><U60/><E60/><N who="2" m="38151" /><F25/><W38/><G38/><T3/><D3/><U97/><E97/><V80/><F39/><W117/><G117/><T9/><D9/><N who="1" m="2199" /><E34/><V45/><F45/><W102/><G87/><T104/><D104/><U59/><E27/><V64/><F64/><W111/><G102/><T109/><D69/><U21/><E21/><V63/><F63/><W113/><G113/><T81/><D70/><U17/><E17/><V22/><F22/><W32/><G32/><T8/><D8/><U108/><E13/><N who="2" m="5327" /><F80/><W132/><G78/><T86/><D26/><U61/><E11/><V126/><F7/><W58/><G77/><T35/><D24/><U47/><E6/><V99/><F99/><W83/><G83/><T50/><D35/><U101/><E101/><V67/><F67/><W36/><G36/><T89/><D98/><U133/><E47/><RYUUKYOKU ba="1,0" sc="121,0,256,0,351,0,272,0" /><INIT seed="3,2,0,3,5,44" ten="121,256,351,272" oya="3" hai0="41,83,130,111,34,85,5,125,66,134,105,123,88" hai1="122,52,19,124,30,8,131,118,42,45,71,35,46" hai2="106,51,24,7,14,32,133,23,62,21,28,59,11" hai3="89,47,57,50,80,132,49,6,78,79,109,69,95"/><W90/><G69/><T93/><D34/><U9/><E122/><V75/><F106/><W58/><G132/><T67/><D123/><U99/><E71/><V82/><F133/><W84/><G6/><T73/><D134/><U135/><E135/><V119/><F119/><W86/><G109/><T68/><D111/><U112/><E112/><V98/><F98/><W22/><G22/><T94/><D130/><U40/><E131/><V72/><F72/><W55/><REACH who="3" step="1"/><G58/><REACH who="3" ten="121,256,351,262" step="2"/><T31/><D68/><U96/><E118/><V15/><F23/><W115/><G115/><T4/><D4/><U100/><E35/><V63/><F21/><W3/><G3/><T1/><D5/><U26/><E9/><V29/><F59/><W13/><G13/><T25/><D1/><U70/><E8/><V74/><F7/><W120/><G120/><T121/><D121/><U10/><E10/><V107/><F11/><W64/><G64/><T12/><D66/><U101/><E70/><V53/><F14/><W126/><G126/><T102/><D67/><U18/><E124/><V17/><F15/><W36/><G36/><T56/><D12/><U43/><E26/><V0/><F24/><W97/><G97/><T103/><D125/><U65/><E65/><V127/><F0/><W39/><G39/><T116/><D25/><U81/><E100/><V114/><F127/><W117/><G117/><T27/><D116/><U91/><E101/><V60/><F114/><W108/><G108/><T77/><D103/><U61/><E99/><V37/><F37/><W92/><G92/><T2/><D102/><RYUUKYOKU ba="2,1" sc="121,-10,256,-10,351,-10,262,30" hai3="47,49,50,55,57,78,79,80,84,86,89,90,95" /><INIT seed="3,3,1,4,3,12" ten="111,246,341,292" oya="3" hai0="45,40,134,70,3,0,44,65,59,111,24,52,75" hai1="64,36,18,69,107,87,30,92,79,98,72,106,23" hai2="25,54,82,14,105,31,131,43,120,38,104,39,135" hai3="67,128,17,35,49,50,5,77,95,127,113,48,63"/><W11/><G113/><T129/><D75/><U76/><E36/><V41/><F82/><W88/><G77/><T16/><D111/><U74/><E30/><V130/><F54/><W71/><G127/><T19/><D129/><U26/><E64/><V55/><F55/><W114/><G114/><T51/><D134/><U93/><E69/><V21/><F135/><W121/><G128/><N who="2" m="49193" /><F120/><W53/><G121/><T1/><D24/><U7/><E7/><V80/><F80/><W61/><G35/><T47/><REACH who="0" step="1"/><D40/><REACH who="0" ten="101,246,341,292" step="2"/><U85/><E26/><V34/><F43/><W133/><G133/><T110/><D110/><U73/><E73/><V116/><F41/><W27/><G27/><T112/><D112/><U102/><E72/><V33/><F116/><W15/><G53/><T90/><D90/><U123/><E74/><V42/><F34/><W101/><G101/><T66/><D66/><U28/><E102/><V2/><F42/><W68/><G67/><T83/><D83/><U13/><E123/><V97/><F38/><W117/><G117/><T81/><D81/><U20/><E79/><V89/><F39/><W118/><G118/><T132/><D132/><U108/><E76/><V125/><F25/><W126/><G88/><T115/><D115/><U94/><E108/><V103/><F89/><W6/><G126/><T37/><D37/><U96/><E96/><V4/><F33/><W58/><G71/><T122/><D122/><U8/><E98/><V78/><F97/><W62/><G68/><T32/><D32/><U46/><E85/><V57/><F125/><W84/><G84/><RYUUKYOKU ba="3,2" sc="101,30,246,-10,341,-10,292,-10" hai0="0,1,3,16,19,44,45,47,51,52,59,65,70" /><INIT seed="4,4,2,1,4,88" ten="131,236,331,282" oya="0" hai0="63,86,87,114,46,71,48,23,112,77,39,126,32" hai1="35,104,125,3,11,134,95,96,50,42,109,75,113" hai2="34,89,78,81,74,124,9,108,72,119,66,55,18" hai3="80,97,13,16,0,8,22,135,68,10,64,79,67"/><T127/><D32/><U103/><E109/><V54/><F34/><W19/><G135/><T37/><D23/><U106/><E35/><V41/><F72/><W98/><G0/><T70/><D77/><U116/><E116/><V100/><F108/><W24/><G8/><T57/><D87/><U84/><E134/><V62/><F124/><N who="0" m="47658" /><D86/><U30/><E30/><V111/><F111/><W101/><G68/><N who="0" m="26155" /><D48/><U115/><E75/><V110/><F110/><W121/><G121/><T5/><D5/><N who="1" m="1471" /><E125/><V33/><F33/><W2/><G2/><T28/><D28/><U49/><E84/><V27/><F74/><W118/><G118/><T15/><D15/><U91/><E50/><V14/><F14/><W47/><G80/><T6/><D6/><U1/><E1/><V52/><F81/><W93/><G79/><T120/><D120/><U94/><E104/><V60/><F78/><W12/><G24/><T44/><D44/><N who="1" m="25751" /><E91/><V7/><F89/><N who="3" m="55471" /><G47/><T25/><D25/><U31/><E31/><V99/><F119/><W45/><G45/><T83/><D83/><U105/><E105/><V133/><F133/><W61/><G61/><T53/><D46/><U129/><E129/><V56/><F27/><W69/><G69/><T90/><D90/><U65/><E65/><V4/><F66/><W92/><AGARI ba="4,2" hai="10,12,13,16,19,22,64,67,92,98,101" m="55471" machi="92" ten="30,7900,0" yaku="8,1,52,2,54,1" doraHai="88" who="3" fromWho="3" sc="131,-43,236,-24,331,-24,282,111" /><INIT seed="5,0,0,2,4,26" ten="88,212,307,393" oya="1" hai0="52,4,65,58,73,117,113,63,43,21,93,87,80" hai1="133,115,126,132,103,18,135,23,48,56,51,14,123" hai2="28,29,129,16,70,105,110,98,7,109,111,124,74" hai3="127,78,88,3,71,102,10,85,59,13,35,62,97"/><U42/><E123/><V112/><F74/><W30/><G78/><T131/><D117/><U84/><E115/><V67/><F67/><W82/><G3/><T0/><D113/><U68/><E68/><V119/><F70/><W92/><G71/><T8/><D73/><U57/><E126/><V95/><F105/><W90/><G127/><T130/><D43/><U34/><E34/><V36/><F36/><W72/><G72/><T120/><D93/><U101/><E84/><V45/><F124/><W6/><G102/><T46/><D120/><U75/><E75/><V31/><F112/><W49/><G49/><T81/><D21/><U106/><E106/><V86/><F119/><W89/><G89/><T83/><D46/><U22/><E42/><V100/><F7/><W2/><G2/><T5/><D87/><U116/><E116/><V107/><F129/><W17/><G6/><T27/><D4/><U61/><E61/><V94/><F45/><W79/><G79/><T121/><D121/><U9/><E9/><V11/><REACH who="2" step="1"/><F86/><REACH who="2" ten="88,212,297,393" step="2"/><W118/><G118/><T50/><REACH who="0" step="1"/><D27/><REACH who="0" ten="78,212,297,393" step="2"/><U44/><E44/><V25/><F25/><W12/><G85/><T32/><D32/><U40/><E40/><V54/><F54/><W91/><G35/><T69/><AGARI ba="0,2" hai="0,5,8,50,52,58,63,65,69,80,81,83,130,131" machi="69" ten="30,7900,0" yaku="1,1,0,1,54,1,53,1" doraHai="26" doraHaiUra="55" who="0" fromWho="0" sc="78,99,212,-39,297,-20,393,-20" /><INIT seed="6,0,0,4,1,66" ten="177,173,277,373" oya="2" hai0="103,20,11,26,19,116,124,110,56,27,96,3,34" hai1="68,17,58,104,0,123,29,23,47,128,61,45,55" hai2="62,95,125,92,42,59,87,18,129,114,135,126,106" hai3="35,81,107,90,51,33,46,93,43,63,84,15,131"/><V1/><F106/><W57/><G107/><T32/><D110/><U73/><E104/><V6/><F6/><W41/><G131/><T36/><D36/><U65/><E73/><V119/><F1/><W83/><G43/><T4/><D56/><U70/><E29/><V127/><F119/><W40/><G40/><T97/><D97/><U89/><E0/><V31/><F31/><W109/><G109/><T94/><D116/><U12/><E128/><V112/><F129/><W37/><G37/><T49/><D124/><U82/><E123/><V52/><F42/><W60/><G60/><T48/><D34/><U72/><E89/><V24/><F135/><W50/><G50/><T10/><D10/><U115/><E115/><N who="2" m="44075" /><F87/><W86/><G86/><T8/><D8/><U118/><E118/><V105/><F105/><W21/><G35/><T74/><D74/><U101/><E101/><V5/><F5/><W79/><G33/><T122/><D122/><U108/><E108/><V132/><F132/><W120/><G120/><T121/><D121/><U85/><E85/><V99/><F99/><W25/><G79/><T2/><D2/><U78/><REACH who="1" step="1"/><E70/><REACH who="1" ten="177,163,277,373" step="2"/><V91/><F91/><W28/><G84/><T67/><D32/><U14/><E14/><V69/><F69/><W53/><G15/><T75/><D75/><U7/><E7/><V111/><F111/><W39/><G90/><T102/><D102/><U134/><E134/><V113/><F113/><W98/><G28/><T88/><D103/><U80/><E80/><V44/><F126/><W30/><G83/><T117/><D117/><RYUUKYOKU ba="0,1" sc="177,-10,163,30,277,-10,373,-10" hai1="12,17,23,45,47,55,58,61,65,68,72,78,82" /><INIT seed="7,1,1,1,1,58" ten="167,193,267,363" oya="3" hai0="108,135,37,59,54,7,129,13,22,24,97,99,134" hai1="69,67,12,86,117,94,104,10,4,87,107,83,8" hai2="63,21,48,96,36,121,47,66,101,128,42,114,45" hai3="133,115,76,27,0,46,61,25,39,74,113,131,116"/><W68/><G116/><T38/><D108/><U65/><E117/><V73/><F73/><W72/><G0/><T71/><D71/><U98/><E69/><V35/><F35/><W17/><G39/><T105/><D129/><U89/><E107/><V3/><F3/><W57/><G131/><T106/><D13/><N who="1" m="5255" /><E104/><V55/><F114/><W92/><G68/><T2/><D2/><U75/><E75/><V5/><F5/><W82/><G74/><T56/><D7/><N who="1" m="3167" /><E86/><V1/><F1/><W126/><G72/><T43/><D43/><U110/><E110/><V50/><F21/><W124/><G115/><T84/><D84/><U18/><E18/><V52/><F121/><W44/><G113/><T93/><D106/><U34/><E34/><V111/><F111/><W9/><G17/><N who="0" m="12367" /><D56/><U95/><E95/><V51/><F128/><W14/><G92/><T85/><D85/><U30/><E30/><V122/><F122/><W23/><G57/><T77/><D77/><AGARI ba="1,1" hai="65,67,77,83,87,89,94,98" m="3167,5255" machi="77" ten="30,1000,0" yaku="8,1" doraHai="58" who="1" fromWho="0" sc="167,-13,193,23,267,0,363,0" owari="154,-35.0,216,-18.0,267,7.0,363,46.0" /></mjloggm>