<mjloggm ver="2.3"><GO type="225" lobby="0"/><UN n0="%E2%98%86%E6%A8%AA%E5%B1%B1%E7%94%B1%E4%BE%9D%E2%98%86" n1="%E6%9C%9D%E5%80%89%E6%9C%88%E5%A5%88" n2="%79%69%6E%6E%65%72%30%36" n3="%E5%B0%B1%E6%B4%BB%E7%94%9F%40%E5%B7%9D%E6%9D%91%E8%BB%8D%E5%9B%A3" dan="16,17,16,16" rate="2019.11,2191.17,2160.21,2175.68" sx="F,M,M,M"/><TAIKYOKU oya="0"/><INIT seed="0,0,0,2,0,79" ten="250,250,250,250" oya="0" hai0="47,28,13,17,55,115,93,107,89,32,67,69,77" hai1="61,16,3,14,116,92,105,21,108,40,70,72,113" hai2="19,71,51,98,15,125,96,80,57,135,94,9,127" hai3="74,10,83,34,7,54,112,88,128,24,5,58,87"/><T114/><D107/><U106/><E72/><V48/><F71/><W45/><G112/><T37/><D77/><U110/><E113/><V62/><F135/><W103/><G128/><T129/><D129/><U31/><E3/><V23/><F80/><W65/><G103/><T53/><D69/><U35/><E116/><V73/><F73/><W25/><G34/><T85/><D67/><N who="1" m="41327" /><E40/><V2/><F2/><W132/><G132/><T68/><D68/><U119/><E92/><V30/><F30/><W84/><G74/><T44/><D115/><U66/><E66/><V4/><F4/><N who="3" m="1611" /><G10/><T78/><D114/><U27/><E119/><V131/><F131/><W91/><G45/><T43/><D47/><U124/><E124/><N who="2" m="47691" /><F9/><W1/><G1/><T82/><D32/><U133/><E133/><V11/><F11/><W8/><G8/><T38/><D38/><U46/><E46/><V102/><F98/><W18/><G18/><T26/><D28/><U104/><E104/><V126/><N who="2" m="47699" /><V99/><DORA hai="0" /><F99/><W20/><G20/><T50/><D37/><U63/><E106/><V49/><F62/><N who="3" m="36183" /><G65/><T111/><D26/><U12/><E105/><V22/><F22/><W118/><G118/><T123/><D123/><U97/><E97/><V81/><F57/><W75/><G75/><T6/><D6/><U101/><E101/><V64/><F64/><W134/><G134/><T33/><D33/><U122/><E35/><V41/><F41/><W117/><G117/><T100/><D100/><U76/><E31/><V121/><F121/><W59/><G59/><T120/><D120/><RYUUKYOKU ba="0,0" sc="250,-15,250,-15,250,15,250,15" hai2="15,19,23,48,49,51,81,94,96,102" hai3="24,25,83,84,87,88,91" /><INIT seed="1,1,0,5,0,110" ten="235,235,265,265" oya="1" hai0="83,118,72,46,111,101,15,80,128,108,73,109,11" hai1="132,105,61,97,1,21,78,77,82,56,62,107,22" hai2="8,24,30,38,123,69,58,99,27,29,19,92,39" hai3="84,55,40,90,65,51,79,67,91,45,26,28,32"/><U48/><E1/><V60/><F69/><W104/><G104/><T36/><D118/><U125/><E125/><V95/><F123/><W57/><G79/><T133/><D128/><U127/><E127/><V16/><F8/><W102/><G102/><T37/><D101/><U131/><E131/><V71/><F71/><W121/><G121/><T3/><D133/><U34/><E34/><V86/><F86/><W75/><G75/><N who="0" m="28747" /><D3/><U63/><E132/><V113/><F113/><W122/><G91/><T42/><D37/><U31/><E48/><V96/><F60/><W49/><REACH who="3" step="1"/><G122/><REACH who="3" ten="235,235,265,255" step="2"/><T10/><D10/><U50/><E107/><V85/><F85/><W116/><G116/><T134/><D134/><U47/><E105/><V33/><F33/><W6/><G6/><AGARI ba="1,1" hai="6,11,15,36,42,46,80,83,108,109,111" m="28747" machi="6" ten="40,1300,0" yaku="14,1" doraHai="110" who="0" fromWho="3" sc="235,26,235,0,265,0,255,-16" /><INIT seed="2,0,0,4,1,103" ten="261,235,265,239" oya="2" hai0="90,57,24,135,12,62,44,43,64,23,112,18,69" hai1="46,65,108,35,109,60,86,114,82,11,9,2,113" hai2="59,91,21,61,55,70,124,38,28,93,115,49,45" hai3="133,14,111,117,96,88,7,26,51,131,126,53,76"/><V84/><F115/><N who="1" m="44041" /><E35/><V4/><F124/><W94/><G117/><T3/><D135/><U47/><E2/><V120/><F120/><W77/><G126/><T105/><D112/><U81/><E11/><V42/><F4/><W68/><G68/><T104/><D3/><U92/><E92/><V16/><F28/><W33/><G133/><T83/><D69/><U40/><E9/><V130/><F130/><W58/><G131/><T128/><D128/><U107/><E107/><V10/><F10/><N who="3" m="4447" /><G33/><T67/><D67/><U52/><E52/><V125/><F125/><W127/><G127/><T27/><D83/><N who="1" m="31755" /><E86/><V129/><F129/><W102/><G111/><N who="1" m="42570" /><E40/><V54/><F70/><AGARI ba="0,0" hai="46,47,60,65,70" m="42570,31755,44041" machi="70" ten="30,1000,0" yaku="14,1" doraHai="103" who="1" fromWho="2" sc="261,0,235,10,265,-10,239,0" /><INIT seed="3,0,0,1,5,68" ten="261,245,255,239" oya="3" hai0="25,2,28,69,85,35,60,80,30,26,102,21,109" hai1="63,51,45,93,44,3,50,71,11,103,41,117,104" hai2="73,128,4,95,13,33,46,57,55,92,64,97,58" hai3="47,12,106,118,120,36,62,53,20,77,52,115,0"/><W10/><G115/><T82/><D2/><U132/><E104/><V78/><F33/><W123/><G106/><T134/><D109/><U22/><E117/><V135/><F73/><W76/><G118/><T125/><D125/><U108/><E108/><V83/><F64/><W38/><G0/><T127/><D127/><U99/><E132/><V119/><F135/><W17/><G62/><T5/><D134/><U65/><E22/><V39/><F83/><W24/><G77/><T107/><D5/><U129/><E129/><V75/><F78/><W43/><G76/><T49/><D49/><U32/><E32/><V124/><F75/><W89/><G89/><T126/><D126/><U91/><E91/><V72/><F72/><W100/><G100/><T81/><D60/><U74/><E74/><V70/><F128/><W105/><G105/><T37/><D69/><U87/><E87/><V79/><F70/><W101/><G101/><T122/><D122/><U96/><E96/><V18/><F97/><W1/><G1/><T116/><D116/><U34/><E34/><V86/><F79/><W31/><REACH who="3" step="1"/><G36/><REACH who="3" ten="261,245,255,229" step="2"/><T110/><D37/><U14/><E3/><V113/><F39/><W54/><AGARI ba="0,1" hai="10,12,17,20,24,31,38,43,47,52,53,54,120,123" machi="54" ten="30,12000,1" yaku="1,1,2,1,0,1,52,1,54,1,53,0" doraHai="68" doraHaiUra="121" who="3" fromWho="3" sc="261,-40,245,-40,255,-40,229,130" owari="221,2.0,205,-29.0,215,-18.0,359,45.0" /></mjloggm>