<mjloggm ver="2.3"><GO type="41" lobby="0"/><UN n0="%E9%80%9F%E6%B0%B4%E6%9D%A5%E5%A4%A2" n1="%E5%B0%B1%E6%B4%BB%E7%94%9F%40%E5%B7%9D%E6%9D%91%E8%BB%8D%E5%9B%A3" n2="%73%65%72%65%6E%61%64%65" n3="%28%2A%2D%2A%29" dan="14,14,13,14" rate="1943.80,1976.58,1860.43,1947.68" sx="M,M,F,M"/><TAIKYOKU oya="0"/><INIT seed="0,0,0,2,2,75" ten="250,250,250,250" oya="0" hai0="23,1,131,40,9,82,117,46,87,31,12,54,30" hai1="3,36,74,7,104,51,125,48,63,16,72,111,68" hai2="86,47,34,107,109,92,132,24,15,106,21,121,18" hai3="119,0,94,20,89,99,29,49,124,88,58,52,103"/><T2/><D117/><U64/><E36/><V10/><F109/><W78/><G0/><T26/><D131/><U53/><E104/><V102/><F34/><W133/><G119/><T112/><D112/><U91/><E111/><V98/><F121/><W73/><G124/><T56/><D31/><U122/><E122/><V129/><F132/><W66/><G133/><T43/><D40/><U134/><E125/><V130/><F47/><W85/><G66/><T96/><D96/><U4/><E134/><V41/><F41/><W65/><G65/><T33/><D33/><U61/><E3/><V69/><F69/><W13/><G73/><T62/><D43/><U39/><E39/><V127/><F127/><W14/><G78/><T114/><D114/><U28/><E28/><V115/><F115/><W32/><G32/><T80/><D46/><U37/><E37/><V128/><REACH who="2" step="1"/><F86/><REACH who="2" ten="250,250,240,250" step="2"/><W67/><G67/><T71/><D71/><U57/><E72/><V11/><F11/><W81/><G103/><T5/><REACH who="0" step="1"/><D82/><REACH who="0" ten="240,250,240,250" step="2"/><U105/><E68/><V70/><F70/><W95/><G81/><T116/><D116/><U42/><E42/><V108/><F108/><W60/><G60/><T50/><D50/><U22/><E51/><V59/><F59/><W27/><AGARI ba="0,2" hai="13,14,20,27,29,49,52,58,85,88,89,94,95,99" machi="27" ten="30,7900,0" yaku="0,1,8,1,54,2" doraHai="75" who="3" fromWho="3" sc="240,-39,250,-20,240,-20,250,99" /><INIT seed="1,0,0,0,1,43" ten="201,230,220,349" oya="1" hai0="39,103,92,8,95,129,38,66,73,107,85,105,67" hai1="134,74,3,53,41,42,16,15,62,6,122,70,35" hai2="7,18,34,114,82,72,4,54,1,76,112,20,80" hai3="52,47,118,78,84,91,28,64,48,29,125,86,40"/><U111/><E74/><V89/><F34/><W113/><G118/><T61/><D73/><U45/><E122/><V102/><F102/><W14/><G113/><N who="2" m="43625" /><F1/><W98/><G125/><T19/><D129/><U132/><E35/><V10/><F10/><W124/><G124/><T135/><D8/><N who="1" m="2143" /><E111/><V51/><F89/><W63/><G40/><T127/><D127/><U26/><E26/><N who="2" m="14615" /><F82/><W32/><G32/><T97/><D19/><U83/><E70/><V117/><F117/><W90/><G78/><T75/><D75/><U50/><E62/><V44/><AGARI ba="0,0" hai="4,7,44,51,54,72,76,80" m="14615,43625" machi="44" ten="30,2000,0" yaku="11,1,52,1" doraHai="43" who="2" fromWho="2" sc="201,-5,230,-10,220,20,349,-5" /><INIT seed="2,0,0,2,5,79" ten="196,220,240,344" oya="2" hai0="0,128,60,103,47,51,107,71,91,92,135,31,122" hai1="113,123,127,5,19,23,86,24,69,73,56,96,88" hai2="67,14,129,125,59,27,37,120,106,58,93,39,68" hai3="84,6,118,53,99,130,3,64,34,18,35,32,62"/><V76/><F120/><W114/><G118/><T2/><D122/><U25/><E69/><V7/><F106/><W126/><G114/><T133/><D128/><U45/><E73/><V77/><F68/><W100/><G126/><T55/><D31/><U20/><E123/><V30/><F30/><W83/><G130/><T112/><D112/><U134/><E127/><V102/><F102/><W95/><G3/><T89/><D107/><U98/><E134/><N who="0" m="51209" /><D103/><U28/><E5/><V29/><F29/><W36/><G36/><T121/><D121/><U94/><E113/><V115/><F115/><W70/><G6/><T11/><D11/><U63/><REACH who="1" step="1"/><E45/><REACH who="1" ten="196,210,240,344" step="2"/><V16/><F125/><W117/><G117/><T52/><D47/><U1/><E1/><V131/><F129/><W8/><G53/><AGARI ba="0,1" hai="19,20,23,24,25,28,53,56,63,86,88,94,96,98" machi="53" ten="30,7700,0" yaku="1,1,7,1,8,1,54,1,53,0" doraHai="79" doraHaiUra="38" who="1" fromWho="3" sc="196,0,210,87,240,0,344,-77" /><INIT seed="3,0,0,1,0,88" ten="196,297,240,267" oya="3" hai0="21,38,42,35,119,51,48,110,112,66,135,33,84" hai1="11,49,27,60,19,43,63,76,37,97,113,109,130" hai2="123,94,28,117,70,90,67,32,17,41,100,58,14" hai3="72,16,102,59,95,78,111,125,91,81,26,79,87"/><W65/><G125/><T7/><D119/><U57/><E113/><V101/><F70/><W108/><G102/><T68/><D112/><U105/><E130/><V126/><F117/><W24/><G79/><T86/><D110/><N who="3" m="42025" /><G16/><T23/><D38/><U96/><E109/><V104/><F104/><W118/><G118/><T71/><D7/><U47/><E76/><V80/><F80/><W34/><G34/><T75/><D66/><U82/><E82/><V20/><F41/><W83/><G83/><T133/><REACH who="0" step="1"/><D42/><REACH who="0" ten="186,297,240,267" step="2"/><U128/><E37/><V56/><F126/><W99/><G72/><AGARI ba="0,1" hai="21,23,33,35,48,51,68,71,72,75,84,86,133,135" machi="72" ten="25,6400,0" yaku="1,1,2,1,22,2,53,0" doraHai="88" doraHaiUra="40" who="0" fromWho="3" sc="186,74,297,0,240,0,267,-64" /><INIT seed="4,0,0,0,0,78" ten="260,297,240,203" oya="0" hai0="122,67,79,80,49,91,30,23,70,90,111,83,123" hai1="8,93,18,0,75,46,124,65,14,12,6,68,101" hai2="103,60,69,116,19,133,76,53,95,77,98,134,1" hai3="89,58,87,48,125,11,47,36,115,39,131,33,104"/><T88/><D111/><U9/><E124/><V119/><F1/><W92/><G125/><T66/><D79/><N who="2" m="30282" /><F69/><W94/><G33/><T81/><D49/><U44/><E75/><V129/><F19/><W5/><G104/><T13/><D70/><U71/><E0/><V20/><F20/><W16/><G131/><T112/><D112/><U52/><E65/><N who="0" m="24585" /><D13/><U3/><E3/><V118/><F129/><W121/><G121/><N who="0" m="46091" /><D23/><U37/><E37/><V132/><F60/><W107/><G107/><T50/><D50/><U106/><E106/><V15/><F15/><W17/><G115/><T96/><D96/><N who="1" m="59535" /><E71/><V32/><F32/><W117/><G117/><T45/><D45/><N who="1" m="17515" /><E68/><V108/><F53/><AGARI ba="0,0" hai="6,8,9,12,14,18,52,53" m="17515,59535" machi="53" ten="30,2000,0" yaku="8,1,54,1" doraHai="78" who="1" fromWho="2" sc="260,0,297,20,240,-20,203,0" /><INIT seed="5,0,0,5,1,121" ten="260,317,220,203" oya="1" hai0="117,35,123,39,27,87,12,130,79,96,17,4,104" hai1="90,58,49,15,52,100,43,105,37,56,6,126,45" hai2="75,73,34,50,89,11,106,68,5,76,128,78,82" hai3="69,66,127,114,29,133,134,3,36,62,32,98,63"/><U88/><E126/><V20/><F68/><W59/><G127/><T86/><D117/><U120/><E120/><V80/><F106/><W74/><G74/><T23/><D123/><U18/><E6/><V132/><F34/><W72/><G72/><T33/><D39/><U57/><E105/><V47/><F132/><N who="3" m="50795" /><G114/><T93/><D130/><U101/><E37/><V129/><F20/><W92/><G36/><T22/><D104/><U116/><E43/><V109/><F89/><N who="1" m="34409" /><E116/><V54/><REACH who="2" step="1"/><F109/><REACH who="2" ten="260,317,210,203" step="2"/><W113/><G113/><T125/><D125/><U110/><E110/><V8/><F8/><AGARI ba="0,1" hai="8,15,18,45,49,52,56,57,58,100,101" m="34409" machi="8" ten="30,5800,0" yaku="8,1,54,2" doraHai="121" who="1" fromWho="2" sc="260,0,317,68,210,-58,203,0" /><INIT seed="5,1,0,3,3,83" ten="260,385,152,203" oya="1" hai0="48,43,71,70,24,77,9,62,61,47,12,117,10" hai1="0,123,63,56,5,16,49,79,120,125,15,51,11" hai2="2,98,103,93,30,6,32,1,68,38,67,100,45" hai3="90,108,91,64,36,95,40,41,55,44,101,97,78"/><U129/><E125/><V99/><F6/><W127/><G108/><T28/><D117/><U18/><E129/><V118/><F118/><W107/><G127/><T26/><D77/><U133/><E133/><V66/><F66/><W85/><G64/><T53/><D26/><U74/><E74/><V110/><F110/><W19/><G41/><T50/><D71/><U88/><E79/><V69/><F69/><W46/><G46/><T104/><D104/><U54/><E18/><V131/><F131/><W94/><G78/><T132/><D132/><U72/><E72/><V25/><F38/><W76/><G76/><T73/><D73/><U109/><E109/><V29/><F45/><W113/><G113/><T87/><D70/><U4/><E4/><V58/><F58/><W121/><G121/><T59/><D10/><U27/><E27/><V134/><F134/><W92/><G107/><T105/><D105/><U111/><E111/><V126/><F126/><W81/><G81/><T124/><D124/><U17/><E17/><V8/><F8/><W14/><G55/><T20/><D12/><U60/><E60/><N who="0" m="23145" /><D9/><U23/><E120/><V115/><F115/><W52/><G52/><T122/><D122/><U75/><E75/><V112/><F112/><W89/><REACH who="3" step="1"/><G95/><REACH who="3" ten="260,385,152,193" step="2"/><T37/><D37/><U128/><E123/><V65/><F93/><W34/><G34/><T135/><D135/><U119/><E128/><V7/><F32/><W86/><G86/><AGARI ba="1,1" hai="20,24,28,43,47,48,50,53,59,86,87" m="23145" machi="86" ten="30,3900,0" yaku="8,1,52,2" doraHai="83" who="0" fromWho="3" sc="260,52,385,0,152,0,193,-42" /><INIT seed="6,0,0,2,2,118" ten="312,385,152,151" oya="2" hai0="121,43,109,113,37,8,82,107,55,42,38,86,57" hai1="105,110,120,97,4,73,128,19,33,32,69,56,2" hai2="122,115,61,84,10,66,41,40,70,81,130,104,22" hai3="134,83,36,92,46,135,101,11,133,62,103,98,16"/><V129/><F104/><W100/><G62/><T124/><D107/><U132/><RYUUKYOKU type="yao9" ba="0,0" sc="312,0,385,0,152,0,151,0" hai1="2,4,19,32,33,56,69,73,97,105,110,120,128,132" /><INIT seed="6,1,0,5,3,19" ten="312,385,152,151" oya="2" hai0="73,113,29,53,25,41,64,134,84,132,4,70,77" hai1="60,27,131,43,14,31,2,33,69,95,85,67,118" hai2="36,71,30,103,86,119,124,39,126,62,82,57,21" hai3="76,56,72,80,12,78,65,105,102,91,20,9,135"/><V50/><F119/><W13/><G135/><N who="0" m="51755" /><D73/><U74/><E118/><V106/><F71/><W96/><G91/><T47/><D4/><U51/><E74/><V3/><F3/><W133/><G133/><T34/><D53/><U28/><E2/><V6/><F6/><W0/><G78/><T114/><D64/><U83/><E131/><V88/><F50/><W16/><G0/><T46/><D70/><U123/><E123/><V97/><F30/><W104/><G65/><T54/><D54/><U122/><E122/><V22/><F39/><W107/><REACH who="3" step="1"/><G56/><REACH who="3" ten="312,385,152,141" step="2"/><T44/><D41/><U63/><E67/><N who="2" m="39375" /><F36/><W108/><G108/><T38/><D38/><U37/><E69/><V75/><F75/><W99/><G99/><T15/><D77/><U66/><E37/><V127/><AGARI ba="1,1" hai="21,22,82,86,88,97,103,106,124,126,127" m="39375" machi="127" ten="30,11700,0" yaku="18,1,52,2,54,1" doraHai="19" who="2" fromWho="2" sc="312,-40,385,-40,152,130,141,-40" /><INIT seed="6,2,0,0,3,101" ten="272,345,282,101" oya="2" hai0="95,60,21,128,96,97,133,113,111,50,94,16,56" hai1="109,47,92,53,33,129,69,79,54,11,93,62,117" hai2="37,100,35,64,7,119,25,31,74,34,75,26,87" hai3="98,90,81,22,42,65,68,23,6,2,8,39,27"/><V70/><F37/><W132/><G39/><T61/><D111/><U99/><E33/><V118/><F7/><W59/><G42/><T105/><D105/><U58/><E109/><V48/><F48/><W83/><G68/><T103/><D133/><U72/><E129/><V107/><F87/><W91/><G132/><T19/><D128/><U84/><E117/><V124/><F124/><W135/><G135/><T45/><D113/><U77/><E72/><N who="2" m="27691" /><F25/><W134/><G134/><T82/><D82/><U116/><E69/><V12/><F12/><W121/><G121/><T10/><D10/><U125/><E125/><V40/><F40/><W112/><G112/><T80/><D80/><U44/><E116/><V49/><F49/><W63/><G23/><T1/><D1/><U5/><E79/><V110/><F110/><W85/><G98/><T15/><D19/><U17/><E5/><V55/><F55/><W57/><G57/><T29/><D29/><U127/><E127/><V13/><F13/><W38/><G38/><T115/><D115/><U78/><E78/><V66/><F66/><W67/><G67/><T41/><D56/><U30/><E30/><V123/><F123/><W120/><G120/><T9/><D9/><U104/><E53/><V89/><F35/><W88/><REACH who="3" step="1"/><G83/><REACH who="3" ten="272,345,282,91" step="2"/><T36/><D36/><U130/><E58/><V32/><F119/><W28/><AGARI ba="2,1" hai="2,6,8,22,27,28,59,63,65,81,85,88,90,91" machi="28" ten="20,12000,2" yaku="1,1,2,1,0,1,7,1,54,1,53,1" doraHai="101" doraHaiUra="76" who="3" fromWho="3" sc="272,-32,345,-32,282,-62,91,136" /><INIT seed="7,0,0,5,3,41" ten="240,313,220,227" oya="3" hai0="111,123,13,21,63,108,51,19,0,129,88,106,128" hai1="130,80,58,104,93,102,15,36,30,82,83,75,109" hai2="101,87,135,54,45,24,90,44,89,27,17,16,107" hai3="5,53,127,3,84,28,76,103,85,50,72,23,14"/><W73/><G103/><T100/><D123/><U134/><E109/><V33/><F33/><W126/><G3/><T121/><D121/><U12/><E36/><V113/><F113/><W29/><G5/><T116/><D116/><U95/><E104/><V67/><F67/><W99/><G99/><N who="0" m="61727" /><D0/><U43/><E75/><N who="3" m="28746" /><G14/><N who="1" m="5162" /><E130/><N who="0" m="50281" /><D63/><U105/><E105/><V62/><F107/><W118/><G118/><T86/><D51/><U46/><E134/><V114/><F101/><W38/><G38/><T94/><AGARI ba="0,0" hai="13,19,21,86,88,94,108,111" m="50281,61727" machi="94" ten="30,2000,0" yaku="19,1,54,1" doraHai="41" who="0" fromWho="0" sc="240,20,313,-5,220,-5,227,-10" owari="260,6.0,308,40.0,215,-28.0,217,-18.0" /></mjloggm>