<mjloggm ver="2.3"><GO type="97" lobby="0"/><UN n0="%E5%B0%B1%E6%B4%BB%E7%94%9F%40%E5%B7%9D%E6%9D%91%E8%BB%8D%E5%9B%A3" n1="%E3%81%A9%E3%81%90%E3%81%95%E3%82%8C%E3%81%86%E3%81%AA%E3%81%8E" n2="%E5%A4%A9%E6%88%91%E4%BC%AF%E5%B8%9D" n3="%74%61%69%68%65%69" dan="15,15,15,14" rate="1983.39,2031.28,2071.31,1887.57" sx="M,M,M,M"/><TAIKYOKU oya="0"/><INIT seed="0,0,0,4,3,44" ten="250,250,250,250" oya="0" hai0="101,87,35,98,54,63,75,95,23,78,33,106,58" hai1="0,56,133,50,119,15,43,45,74,131,9,80,100" hai2="12,14,91,26,8,4,71,7,11,81,88,135,127" hai3="110,32,62,49,125,29,20,3,64,129,90,6,25"/><T18/><D75/><U69/><E69/><V31/><F71/><W118/><G110/><T46/><D46/><U114/><E119/><V48/><F135/><W39/><G39/><T17/><D17/><U27/><E133/><V132/><F127/><W30/><G125/><T36/><D36/><U52/><E0/><V103/><F103/><W1/><G118/><T42/><D42/><U115/><E100/><V79/><F48/><W112/><G129/><T128/><D128/><U84/><E27/><V85/><REACH who="2" step="1"/><F132/><REACH who="2" ten="250,250,240,250" step="2"/><W107/><G112/><T76/><D106/><U19/><E131/><V89/><F89/><W51/><G90/><T41/><D41/><U13/><E43/><V2/><F2/><W109/><G107/><T34/><REACH who="0" step="1"/><D87/><REACH who="0" ten="240,250,240,250" step="2"/><U82/><E114/><V83/><F83/><W77/><G109/><T108/><D108/><U59/><E115/><V120/><F120/><W126/><G126/><T92/><D92/><U121/><E121/><V60/><F60/><W10/><G1/><T55/><D55/><U65/><E82/><V68/><F68/><W124/><G124/><T105/><D105/><U94/><E94/><V117/><F117/><W40/><G40/><T61/><D61/><U116/><E116/><V99/><F99/><W86/><G62/><T96/><D96/><U102/><E80/><V24/><F24/><AGARI ba="0,2" hai="18,23,24,33,34,35,54,58,63,76,78,95,98,101" machi="24" ten="40,3900,0" yaku="1,1,53,1" doraHai="44" doraHaiUra="97" who="0" fromWho="2" sc="240,59,250,0,240,-39,250,0" /><INIT seed="0,1,0,4,1,81" ten="299,250,201,250" oya="0" hai0="112,82,90,1,134,26,122,120,135,55,128,62,37" hai1="35,114,116,119,126,95,88,50,109,22,68,115,79" hai2="23,74,57,61,36,66,129,24,9,19,105,98,127" hai3="52,85,121,5,4,12,16,18,39,64,87,49,27"/><T40/><D1/><U32/><E68/><V47/><F127/><W25/><G121/><N who="0" m="46699" /><D26/><N who="3" m="9737" /><G39/><T48/><D82/><U65/><E22/><V84/><F129/><W28/><G28/><T13/><D13/><U46/><E65/><V131/><F131/><W100/><G100/><T77/><D77/><U38/><E38/><V63/><F74/><W102/><G102/><T108/><D90/><U101/><E79/><V118/><F118/><W86/><G64/><T6/><D6/><N who="3" m="2665" /><G12/><T70/><D112/><N who="1" m="43051" /><E101/><V94/><F105/><W30/><G30/><T107/><D107/><U7/><E7/><V14/><F63/><W133/><G133/><N who="0" m="50699" /><D128/><U10/><E126/><V110/><F110/><W124/><G124/><T60/><D108/><U53/><E109/><V29/><F47/><AGARI ba="1,0" hai="16,18,47,49,52,85,86,87" m="2665,9737" machi="47" ten="30,12000,2" yaku="8,1,52,3,54,2" doraHai="81" who="3" fromWho="2" sc="299,0,250,0,201,-123,250,123" /><INIT seed="1,0,0,3,0,36" ten="299,250,78,373" oya="1" hai0="38,113,51,5,78,87,33,96,59,7,86,101,93" hai1="32,104,24,29,116,54,28,70,123,95,91,63,84" hai2="110,58,21,69,49,85,118,12,106,55,34,128,37" hai3="48,111,76,105,42,114,134,120,103,14,18,129,17"/><U52/><E116/><V117/><F110/><W127/><G114/><T61/><D38/><U30/><E123/><V16/><F128/><W73/><G103/><T99/><D113/><U0/><E0/><V77/><F106/><W107/><G120/><T100/><D33/><U3/><E3/><V62/><F34/><W11/><G111/><T125/><D125/><U13/><E13/><V23/><F37/><W98/><G98/><T119/><D119/><U121/><E121/><V71/><F23/><W27/><G105/><T47/><D78/><U25/><E104/><V64/><F77/><W88/><G107/><T97/><D7/><U46/><E25/><V115/><F115/><W132/><G129/><T6/><D6/><U68/><E70/><V66/><F66/><W109/><G76/><T53/><D5/><U41/><E54/><V130/><F130/><W39/><G73/><T82/><D93/><U22/><E32/><V80/><F80/><W57/><G39/><T26/><D26/><U65/><E52/><V45/><REACH who="2" step="1"/><F85/><REACH who="2" ten="299,250,68,373" step="2"/><N who="0" m="32266" /><D82/><U135/><E135/><V60/><F60/><W102/><G134/><T35/><D35/><U92/><E92/><V108/><F108/><W89/><G109/><T15/><D101/><U56/><E68/><AGARI ba="0,1" hai="12,16,21,45,49,55,58,62,64,68,69,71,117,118" machi="68" ten="40,2600,0" yaku="1,1,54,1,53,0" doraHai="36" doraHaiUra="122" who="2" fromWho="1" sc="299,0,250,-26,68,36,373,0" /><INIT seed="2,0,0,1,2,127" ten="299,224,104,373" oya="2" hai0="78,116,0,71,130,31,111,13,80,72,70,81,118" hai1="112,51,94,69,65,18,54,74,122,24,40,133,48" hai2="126,100,98,49,46,32,28,5,92,85,55,66,62" hai3="76,42,57,79,61,23,20,106,60,114,102,35,25"/><V2/><F126/><W135/><G114/><T21/><D0/><U3/><E112/><V34/><F85/><W50/><G35/><T84/><D111/><U39/><E3/><V117/><F117/><N who="0" m="45162" /><D130/><U93/><E74/><V30/><F34/><W12/><G135/><T134/><D134/><U10/><E122/><V11/><REACH who="2" step="1"/><F32/><REACH who="2" ten="299,224,94,373" step="2"/><W120/><G120/><T86/><D72/><U9/><E133/><V119/><F119/><W37/><G79/><T115/><D115/><U91/><E9/><V58/><AGARI ba="0,1" hai="2,5,11,28,30,46,49,55,58,62,66,92,98,100" machi="58" ten="20,12000,1" yaku="1,1,0,1,7,1,53,2" doraHai="127" doraHaiUra="26" who="2" fromWho="2" sc="299,-40,224,-40,94,130,373,-40" /><INIT seed="2,1,0,1,5,81" ten="259,184,224,333" oya="2" hai0="32,58,74,55,97,86,134,26,69,7,128,112,132" hai1="42,37,123,43,24,83,65,38,21,35,100,18,49" hai2="77,14,79,116,52,75,108,28,60,33,46,19,70" hai3="117,90,113,22,85,59,73,87,99,95,91,84,40"/><V9/><F116/><W109/><G117/><T1/><D74/><U71/><E123/><V120/><F120/><W98/><G73/><T34/><D69/><U133/><E133/><N who="0" m="51305" /><D128/><U106/><E43/><V54/><F108/><W102/><G109/><T67/><D67/><U10/><E106/><V111/><F111/><W92/><G40/><T64/><D64/><U63/><E100/><V78/><F70/><W122/><G122/><T50/><D112/><U17/><E35/><V57/><F75/><W121/><G121/><T94/><D26/><U93/><E93/><V129/><F129/><W61/><G22/><T115/><D115/><U31/><E31/><V104/><F104/><W47/><G47/><T20/><D20/><U15/><E42/><V125/><F125/><W25/><G25/><T62/><D62/><U124/><E124/><V82/><F33/><W114/><G102/><N who="0" m="60727" /><D86/><U56/><E71/><V13/><F28/><W41/><G41/><T72/><D72/><U135/><E135/><V127/><F127/><W8/><G8/><AGARI ba="1,0" hai="1,7,8,32,34,50,55,58" m="60727,51305" machi="8" ten="30,1000,0" yaku="20,1" doraHai="81" who="0" fromWho="3" sc="259,13,184,0,224,0,333,-13" /><INIT seed="3,0,0,1,4,94" ten="272,184,224,320" oya="3" hai0="4,2,128,85,87,69,43,108,0,54,107,3,53" hai1="65,88,7,41,30,103,78,59,35,130,26,28,70" hai2="6,39,58,12,64,49,109,121,32,91,14,61,5" hai3="40,117,56,11,112,105,126,125,89,8,17,48,42"/><W47/><G112/><T115/><D69/><U29/><E78/><V81/><F109/><W134/><G117/><T15/><D108/><U96/><E41/><V1/><F39/><W10/><G42/><T60/><D107/><N who="1" m="63975" /><E59/><V83/><F32/><W67/><G105/><T37/><D115/><U93/><E7/><N who="2" m="2571" /><F1/><W44/><G47/><T79/><D128/><U95/><E95/><V75/><F75/><W101/><G101/><T129/><D129/><U99/><E130/><V135/><F135/><W82/><G134/><T71/><D79/><U45/><E45/><V84/><F121/><W100/><G100/><T124/><D124/><N who="3" m="47721" /><G67/><T120/><D120/><U55/><E55/><V92/><F49/><W31/><G31/><T86/><D37/><U20/><E20/><V23/><F23/><W51/><G17/><T98/><D43/><U114/><E114/><V52/><F64/><W127/><G127/><T104/><D71/><U22/><E22/><V132/><F132/><W18/><G18/><T131/><D131/><U38/><E38/><V80/><AGARI ba="0,0" hai="12,14,52,58,61,80,81,83,84,91,92" m="2571" machi="80" ten="30,2000,0" yaku="8,1,54,1" doraHai="94" who="2" fromWho="2" sc="272,-5,184,-5,224,20,320,-10" owari="267,7.0,179,-32.0,244,-16.0,310,41.0" /></mjloggm>