<mjloggm ver="2.3"><GO type="225" lobby="0"/><UN n0="%E4%B8%8A%E5%AE%B6%E3%81%AF%E6%80%AA%E3%81%97%E3%81%84%EF%BC%81%EF%BC%81" n1="%E5%B0%B1%E6%B4%BB%E7%94%9F%40%E5%B7%9D%E6%9D%91%E8%BB%8D%E5%9B%A3" n2="%E6%B7%AB%E7%8D%A3%E5%AE%AE%E8%97%A4" n3="%E3%81%AB%E3%81%8F%E3%82%84" dan="17,16,16,16" rate="2118.19,2053.18,2110.42,2147.00" sx="M,M,M,M"/><TAIKYOKU oya="0"/><INIT seed="0,0,0,0,1,80" ten="250,250,250,250" oya="0" hai0="60,19,34,8,92,0,132,121,122,28,82,56,101" hai1="102,61,58,46,79,105,12,16,53,50,135,75,54" hai2="74,95,93,11,35,32,90,133,70,68,52,83,39" hai3="107,115,62,22,15,72,94,126,125,131,14,116,98"/><T44/><D132/><U26/><E135/><V65/><F39/><W31/><G116/><T76/><D34/><U103/><E105/><V99/><F65/><W27/><G115/><T21/><D44/><U43/><E75/><V71/><F133/><W37/><G72/><T33/><D33/><U87/><E26/><V106/><F93/><W89/><G37/><T40/><D40/><U49/><E79/><V25/><F25/><W123/><G123/><T134/><D134/><U63/><E87/><V2/><F106/><W86/><G131/><T47/><D47/><N who="1" m="27839" /><E61/><V112/><F112/><W59/><G125/><T6/><D28/><U45/><E45/><V3/><F74/><W57/><G57/><T78/><D78/><U109/><E109/><V77/><F77/><W114/><G126/><T7/><D7/><U18/><E18/><V38/><F38/><W17/><G17/><T5/><D5/><U48/><E48/><V1/><F83/><W51/><G51/><T104/><D104/><U73/><E73/><V23/><F23/><AGARI ba="0,0" hai="12,16,23,43,46,50,54,58,63,102,103" m="27839" machi="23" ten="30,2000,0" yaku="8,1,54,1" doraHai="80" who="1" fromWho="2" sc="250,0,250,20,250,-20,250,0" /><INIT seed="1,0,0,1,0,81" ten="250,270,230,250" oya="1" hai0="82,90,53,88,73,45,105,104,38,68,3,19,31" hai1="134,121,84,129,51,48,89,103,130,71,24,30,2" hai2="120,34,118,80,39,98,76,133,29,49,114,62,14" hai3="35,64,108,50,10,65,59,9,127,69,56,92,85"/><U110/><E71/><V60/><F39/><W95/><G35/><T36/><D68/><U55/><E2/><V12/><F120/><W27/><G69/><T23/><D31/><U57/><E121/><V135/><F118/><W96/><G108/><T75/><D36/><U5/><E5/><V72/><F114/><W37/><G37/><T115/><D115/><U91/><E110/><V63/><F98/><W67/><G127/><T18/><D3/><U0/><E0/><V94/><F94/><W107/><G107/><T119/><D119/><U132/><E103/><V20/><F34/><W40/><G27/><T61/><D104/><U86/><E51/><V8/><F14/><W26/><G26/><T70/><D105/><U43/><E43/><V125/><F125/><W78/><G40/><T126/><D126/><U15/><E15/><V58/><F29/><W123/><G123/><T1/><D1/><U122/><E122/><V21/><F49/><W93/><G96/><T33/><D33/><N who="1" m="20679" /><E89/><V131/><F131/><N who="1" m="50185" /><E91/><V97/><F58/><N who="3" m="22059" /><G50/><T42/><D90/><U6/><E6/><V128/><F128/><W4/><G4/><T116/><D116/><U47/><E47/><V74/><F74/><W22/><G22/><T99/><D23/><N who="2" m="8778" /><F97/><W13/><G13/><T77/><D73/><U111/><E111/><V113/><F113/><W28/><G28/><T101/><D70/><U7/><E7/><N who="2" m="3103" /><F60/><W17/><G17/><T106/><D19/><U79/><E79/><V46/><F46/><W11/><G11/><T16/><BYE who="3" /><D18/><U102/><E102/><V100/><F100/><RYUUKYOKU ba="0,0" sc="250,-30,270,10,230,10,250,10" hai1="48,55,57,84,86,132,134" hai2="62,63,72,76,80,133,135" hai3="9,10,64,65,67,78,85,92,93,95" /><UN n3="%E3%81%AB%E3%81%8F%E3%82%84" /><INIT seed="1,1,0,3,1,15" ten="220,280,240,260" oya="1" hai0="20,79,119,48,111,121,16,6,60,100,65,115,104" hai1="17,118,108,128,107,129,58,98,85,88,131,25,86" hai2="92,123,124,91,74,76,70,69,36,12,110,75,63" hai3="10,77,30,71,133,68,122,89,105,132,1,114,72"/><U101/><E118/><V116/><F116/><W41/><G114/><T49/><D119/><U14/><E108/><V32/><F123/><W96/><G122/><T38/><D38/><U87/><E25/><V45/><F32/><W117/><G117/><T81/><D111/><U4/><E4/><V102/><F102/><N who="3" m="62663" /><G30/><T43/><D115/><U57/><REACH who="1" step="1"/><E88/><REACH who="1" ten="220,270,240,260" step="2"/><V46/><F91/><W8/><G89/><T84/><D6/><U97/><E97/><V56/><F110/><W54/><G132/><T78/><D121/><U130/><N who="1" m="33280" /><DORA hai="93" /><U28/><E28/><V3/><F76/><W126/><G77/><T24/><D79/><U34/><E34/><V103/><F103/><W40/><G133/><T134/><D134/><U22/><AGARI ba="1,1" hai="14,17,22,57,58,85,86,87,98,101,107" m="33280" machi="22" ten="60,24000,3" yaku="1,1,0,1,19,1,52,2,53,3" doraHai="15,93" doraHaiUra="90,80" who="1" fromWho="1" sc="220,-81,270,253,240,-81,260,-81" /><INIT seed="1,2,0,3,2,99" ten="139,523,159,179" oya="1" hai0="89,38,119,57,2,107,36,91,93,100,53,54,121" hai1="108,16,26,27,48,132,14,7,90,102,87,86,127" hai2="115,8,74,122,126,9,112,41,94,101,64,77,10" hai3="59,117,12,35,5,85,24,69,120,33,118,63,51"/><U125/><E7/><V73/><F122/><W62/><G120/><T123/><D119/><N who="3" m="45577" /><G51/><T105/><D93/><U124/><E132/><V43/><F126/><W92/><G24/><T82/><D82/><U104/><E108/><V135/><F135/><W106/><G106/><T96/><D2/><U37/><E37/><V29/><F64/><N who="3" m="41119" /><G5/><T110/><D96/><N who="1" m="61511" /><E48/><V30/><F43/><W40/><G12/><T97/><D97/><U113/><E113/><N who="2" m="43595" /><F41/><W18/><G18/><T68/><D110/><U56/><E56/><V66/><F66/><N who="3" m="39263" /><G40/><T88/><D68/><U61/><E61/><V72/><F77/><W42/><G42/><T46/><D121/><U131/><E131/><V60/><F60/><W128/><G128/><T28/><D123/><U44/><E44/><V47/><F47/><W129/><G129/><T98/><D107/><U134/><E134/><V23/><F23/><W21/><G21/><T80/><D38/><U1/><E1/><V45/><F45/><W20/><G20/><T67/><D36/><U52/><E52/><V116/><F116/><W3/><G3/><T25/><D46/><U95/><E87/><V130/><F130/><W79/><G79/><T13/><D53/><U109/><E109/><V75/><N who="2" m="18432" /><DORA hai="111" /><V103/><F94/><W22/><G22/><AGARI ba="2,0" hai="14,16,22,26,27,86,90,95,124,125,127" m="61511" machi="22" ten="30,5800,0" yaku="18,1,52,1,54,1" doraHai="99,111" who="1" fromWho="3" sc="139,0,523,64,159,0,179,-64" /><INIT seed="1,3,0,1,1,48" ten="139,587,159,115" oya="1" hai0="4,76,0,71,73,61,45,105,85,96,121,30,113" hai1="135,70,99,116,112,93,101,15,129,35,77,89,128" hai2="104,26,56,68,118,107,9,6,65,53,125,91,43" hai3="87,106,27,39,34,50,58,126,14,79,72,19,5"/><U22/><E35/><V28/><F125/><W98/><G39/><T32/><D113/><U7/><E70/><V120/><F65/><W47/><G126/><T36/><D85/><U18/><E7/><V122/><F68/><W94/><G72/><T10/><D121/><U41/><E112/><V111/><F118/><W95/><G106/><T1/><D0/><U31/><E116/><V64/><F64/><W115/><G115/><T102/><D30/><U24/><E135/><V38/><F111/><W130/><G130/><N who="1" m="50282" /><E41/><V54/><F104/><W8/><G34/><T33/><D61/><U60/><E60/><V75/><F107/><W110/><G110/><T40/><D71/><U42/><E77/><V74/><F122/><W44/><G27/><T55/><D55/><U81/><E42/><V92/><F54/><N who="3" m="32087" /><G5/><T69/><D69/><U119/><E119/><V12/><F120/><W25/><G25/><T84/><D84/><U131/><E131/><V114/><F114/><W78/><G78/><T82/><AGARI ba="3,0" hai="1,4,10,32,33,36,40,45,73,76,82,96,102,105" machi="82" ten="30,12000,2" yaku="0,1,25,2,33,3" doraHai="48" who="0" fromWho="0" sc="139,129,587,-63,159,-33,115,-33" /><INIT seed="2,0,0,0,0,60" ten="268,524,126,82" oya="2" hai0="32,29,55,69,124,12,119,33,11,121,62,26,115" hai1="116,84,64,118,83,128,85,61,17,39,43,99,7" hai2="34,67,40,76,87,125,92,112,117,65,93,133,36" hai3="3,70,80,111,108,45,28,5,18,135,66,30,103"/><V104/><F104/><W27/><G103/><T52/><D115/><U20/><E128/><V6/><F117/><W25/><G45/><T88/><D121/><U90/><E7/><V107/><F107/><W63/><G135/><T15/><D119/><U97/><E43/><V37/><F112/><W38/><G38/><T44/><D33/><U82/><E39/><V9/><F34/><N who="3" m="20767" /><G18/><T131/><D124/><U134/><E134/><V109/><F133/><W42/><G42/><T73/><D73/><U126/><E126/><V106/><F106/><W51/><G51/><T24/><D24/><U102/><E102/><V77/><F125/><W47/><G47/><T19/><D12/><N who="1" m="9255" /><E116/><V113/><F113/><W98/><G80/><T53/><D131/><U78/><E118/><V94/><F109/><N who="3" m="42059" /><G98/><T31/><D31/><U50/><E50/><V49/><F37/><W132/><G132/><T16/><D19/><U14/><E14/><N who="2" m="5431" /><F36/><W71/><G71/><T54/><D44/><U46/><E46/><N who="2" m="25799" /><F87/><W58/><G70/><T10/><D69/><U91/><E78/><AGARI ba="0,0" hai="65,67,76,77,78,92,93,94" m="25799,5431" machi="78" ten="30,5800,0" yaku="8,1,52,2" doraHai="60" who="2" fromWho="1" sc="268,0,524,-58,126,58,82,0" /><INIT seed="2,1,0,3,2,128" ten="268,466,184,82" oya="2" hai0="46,91,33,18,96,40,11,88,32,53,98,115,108" hai1="29,50,89,56,9,27,123,72,66,81,7,5,41" hai2="65,126,28,13,131,35,77,130,109,16,64,55,62" hai3="116,48,94,111,80,129,8,117,31,75,25,121,36"/><V85/><F109/><W110/><G36/><T12/><D115/><U114/><E123/><V21/><F126/><W78/><G48/><N who="0" m="26695" /><D33/><U135/><E114/><V100/><F100/><W76/><G121/><T107/><D32/><U54/><E135/><V59/><F35/><W30/><G129/><N who="2" m="49161" /><F28/><W68/><G68/><T44/><D107/><U26/><E41/><V124/><F124/><W120/><G120/><T3/><D3/><U122/><E122/><V95/><F95/><W105/><G105/><T71/><D71/><U82/><E72/><V97/><F97/><N who="0" m="37482" /><D108/><U74/><E74/><V93/><F93/><W118/><G31/><T103/><D103/><U19/><E66/><V70/><F70/><W87/><G30/><T24/><D24/><N who="1" m="9259" /><E29/><V39/><F39/><W83/><G25/><T133/><D133/><U37/><E37/><V49/><F49/><AGARI ba="1,0" hai="11,12,18,44,49,53,88,91" m="37482,26695" machi="49" ten="30,2000,0" yaku="8,1,54,1" doraHai="128" who="0" fromWho="2" sc="268,23,466,0,184,-23,82,0" /><INIT seed="3,0,0,1,5,85" ten="291,466,161,82" oya="3" hai0="28,70,91,11,119,108,26,106,123,32,49,118,129" hai1="16,111,105,60,132,126,107,1,65,22,45,88,41" hai2="50,131,125,58,47,117,46,102,17,27,116,97,33" hai3="24,57,40,62,103,18,64,92,104,38,10,82,122"/><W19/><G122/><T121/><D70/><U2/><E111/><V30/><F125/><W90/><G38/><T63/><D106/><U25/><E132/><V67/><F131/><W115/><G115/><T87/><D129/><U7/><E126/><V51/><F17/><W133/><G133/><T36/><D36/><U42/><E88/><V124/><F124/><W61/><G104/><T44/><D63/><U112/><E112/><V34/><F67/><W3/><G3/><T94/><D108/><U52/><E52/><V69/><F69/><W15/><G40/><T35/><D32/><U75/><E75/><V37/><F37/><W39/><G39/><T21/><D35/><U55/><E55/><V31/><F58/><W77/><G103/><T59/><D59/><U54/><E54/><V80/><F102/><W73/><G61/><T93/><D11/><U72/><E72/><V8/><F8/><W120/><G120/><T81/><D121/><U135/><E135/><V14/><F14/><W12/><G24/><T83/><D123/><U114/><E114/><V127/><F127/><W4/><REACH who="3" step="1"/><G12/><REACH who="3" ten="291,466,161,72" step="2"/><T99/><D118/><U13/><E42/><V0/><F0/><W78/><G78/><T71/><D119/><U101/><E101/><V110/><F27/><W130/><G130/><T76/><D76/><U113/><E113/><V84/><F110/><W128/><G128/><T96/><D26/><U43/><E105/><V56/><F117/><W109/><G109/><T53/><D49/><U74/><E107/><V89/><F116/><W66/><G66/><T134/><D134/><RYUUKYOKU ba="0,1" sc="291,-10,466,-10,161,-10,72,30" hai3="4,10,15,18,19,57,62,64,73,77,82,90,92" /><INIT seed="3,1,1,1,5,11" ten="281,456,151,102" oya="3" hai0="16,20,81,80,59,40,125,71,43,26,106,100,110" hai1="60,127,17,68,7,94,49,37,61,35,42,70,56" hai2="128,52,91,114,90,39,2,69,28,50,129,33,104" hai3="84,82,99,126,31,62,64,132,13,115,124,9,111"/><W24/><G115/><T53/><D71/><U48/><E35/><V65/><F114/><W74/><G74/><T98/><D110/><U96/><E127/><N who="3" m="48682" /><G99/><T78/><D125/><U133/><E133/><V109/><F109/><W66/><G111/><T135/><D135/><U130/><E130/><N who="2" m="50283" /><F2/><W73/><G73/><T4/><D4/><U122/><E7/><V72/><F72/><W93/><G93/><T44/><D44/><U131/><E96/><V117/><F117/><W46/><G46/><T77/><D81/><U29/><E61/><N who="2" m="40111" /><F39/><W105/><G62/><T57/><D80/><U121/><E42/><V87/><F104/><W67/><G105/><T97/><D98/><U12/><E49/><V92/><F91/><N who="3" m="51607" /><G132/><T0/><D97/><U76/><E94/><V34/><F28/><W5/><G66/><T47/><D106/><U79/><E60/><V14/><F14/><W27/><G27/><T30/><D0/><U25/><E25/><V101/><F101/><W22/><AGARI ba="1,1" hai="5,9,13,22,24,31,64,67" m="51607,48682" machi="22" ten="30,3000,0" yaku="18,1,52,1" doraHai="11" who="3" fromWho="3" sc="281,-11,456,-11,151,-11,102,43" /><INIT seed="3,2,0,2,0,99" ten="270,445,140,145" oya="3" hai0="125,35,21,80,11,14,38,128,67,55,13,105,90" hai1="43,73,117,25,42,101,6,111,64,36,120,96,134" hai2="94,56,104,16,66,123,78,97,124,77,75,46,23" hai3="100,53,9,109,45,86,27,32,49,91,29,76,110"/><W74/><G74/><T79/><D35/><U39/><E120/><V119/><F104/><W18/><G76/><N who="2" m="29289" /><F75/><W12/><REACH who="3" step="1"/><G100/><REACH who="3" ten="270,445,140,135" step="2"/><T113/><D113/><U72/><E101/><N who="2" m="60599" /><F119/><W48/><G48/><T65/><D38/><U121/><E121/><V89/><F123/><W24/><G24/><T118/><D118/><U102/><E25/><N who="2" m="14567" /><F124/><W115/><G115/><T1/><D125/><U131/><E102/><V22/><F46/><W116/><G116/><T81/><D79/><U47/><E47/><V20/><F89/><W103/><G103/><T3/><D90/><U2/><E39/><V83/><F83/><AGARI ba="2,1" hai="9,12,18,27,29,32,45,49,53,83,86,91,109,110" machi="83" ten="40,7700,0" yaku="1,1,25,2,53,0" doraHai="99" doraHaiUra="98" who="3" fromWho="2" sc="270,0,445,0,140,-83,135,93" /><INIT seed="3,3,0,5,3,132" ten="270,445,57,228" oya="3" hai0="72,118,100,55,131,70,23,16,126,65,28,5,75" hai1="74,31,124,114,95,6,89,86,21,25,41,35,78" hai2="120,57,19,119,92,61,104,11,0,107,48,32,128" hai3="9,84,109,81,69,42,134,34,56,62,13,121,94"/><W51/><G121/><T99/><D118/><U106/><E124/><V26/><F120/><W127/><G34/><T37/><D126/><U135/><E106/><V90/><F119/><W112/><G112/><T123/><D37/><U18/><E114/><V103/><F128/><W49/><G134/><T12/><D131/><U36/><E135/><V63/><F32/><W39/><G69/><T113/><D113/><U129/><E129/><V73/><F73/><W80/><G127/><T67/><D123/><U71/><E71/><V117/><F117/><W98/><G39/><T87/><D28/><U83/><E6/><V43/><F0/><W22/><G22/><T77/><D5/><U14/><E36/><V102/><F107/><W27/><G27/><T47/><D70/><U24/><E41/><V3/><F3/><W122/><G122/><T54/><D75/><U1/><E1/><V110/><F104/><W88/><G109/><T97/><D72/><U7/><E7/><V10/><F110/><W82/><G42/><T111/><D111/><U46/><E46/><V30/><F30/><W68/><G68/><T115/><D115/><U17/><E17/><V133/><F133/><W4/><REACH who="3" step="1"/><G98/><REACH who="3" ten="270,445,57,218" step="2"/><T15/><D99/><U20/><E25/><V29/><F29/><W60/><G60/><N who="2" m="23113" /><F11/><AGARI ba="3,1" hai="11,14,18,20,21,24,31,35,74,78,83,86,89,95" machi="11" ten="30,1000,0" yaku="7,1" doraHai="132" who="1" fromWho="2" sc="270,0,445,29,57,-19,218,0" owari="270,7.0,474,57.0,38,-46.0,218,-18.0" /></mjloggm>