<mjloggm ver="2.3"><GO type="169" lobby="0"/><UN n0="%E3%82%A6%E3%83%AB%E3%83%88%E3%83%A9%E7%AB%8B%E7%9B%B4" n1="%E3%81%84%E3%82%82%E3%81%91%E3%82%93%70" n2="%79%61%6D%69" n3="%74%61%6E%61%4B%61" dan="17,16,16,17" rate="2225.47,2161.17,2165.72,2153.01" sx="M,M,M,M"/><TAIKYOKU oya="0"/><INIT seed="0,0,0,5,0,105" ten="250,250,250,250" oya="0" hai0="3,58,127,30,96,77,66,75,111,51,44,21,71" hai1="38,104,130,89,123,84,108,129,120,29,53,125,5" hai2="33,17,37,47,76,35,117,91,90,79,60,26,78" hai3="102,112,132,23,72,41,48,13,64,87,69,12,46"/><T24/><D3/><U70/><E38/><V122/><F122/><N who="1" m="46633" /><E70/><V65/><F117/><W52/><G112/><T36/><D127/><U100/><E29/><V92/><F37/><W135/><G72/><T128/><D111/><U18/><E5/><V14/><F47/><W19/><G102/><T118/><D128/><N who="1" m="49259" /><E108/><V107/><F107/><W73/><G73/><T97/><D118/><U20/><E125/><V61/><F26/><N who="3" m="14719" /><G87/><T81/><D71/><U131/><E53/><V34/><F92/><W45/><G64/><T115/><D115/><U11/><E11/><V4/><F4/><W106/><G106/><T54/><REACH who="0" step="1"/><D36/><REACH who="0" ten="240,250,250,250" step="2"/><U9/><E131/><V1/><F1/><W126/><G69/><T8/><D8/><U62/><E9/><V134/><F134/><W57/><G126/><T121/><D121/><U55/><E104/><V82/><F65/><W98/><G132/><T40/><D40/><U68/><E68/><V67/><F67/><W16/><G135/><T31/><D31/><U42/><E42/><V124/><F124/><W103/><G41/><T59/><D59/><U114/><E114/><V6/><F6/><W56/><G57/><T101/><D101/><U15/><E100/><V27/><F27/><W85/><G56/><T86/><D86/><U119/><E119/><V74/><F74/><W95/><G85/><T50/><D50/><U88/><E84/><V63/><F82/><W7/><G48/><T28/><D28/><U133/><E133/><V83/><F83/><W39/><G39/><T2/><D2/><U25/><E25/><V22/><AGARI ba="0,1" hai="14,17,22,33,34,35,60,61,63,76,78,79,90,91" machi="22" ten="40,8000,1" yaku="5,1,0,1,29,2" doraHai="105" who="2" fromWho="2" sc="240,-40,250,-20,250,90,250,-20" /><INIT seed="1,0,0,0,2,53" ten="200,230,340,230" oya="1" hai0="70,30,78,7,75,72,1,120,9,97,24,84,28" hai1="86,73,15,102,22,20,43,47,90,81,13,46,76" hai2="60,0,124,26,54,133,114,34,41,18,135,57,61" hai3="88,58,119,33,134,32,127,117,14,110,56,77,63"/><U74/><E102/><V132/><F124/><W98/><G110/><T118/><D118/><N who="3" m="45065" /><G127/><T116/><D116/><U40/><E90/><V113/><F0/><W89/><G134/><T111/><D111/><U27/><E86/><V8/><F41/><W112/><G112/><N who="2" m="43113" /><F8/><W12/><G77/><T17/><D120/><U49/><E73/><V115/><F115/><W83/><G83/><T68/><D84/><U106/><E106/><V82/><F82/><W2/><G2/><T62/><D17/><U3/><E3/><V87/><F87/><W51/><G51/><T52/><D30/><U66/><E66/><V105/><F105/><W123/><G123/><T131/><D131/><U100/><E100/><V6/><F6/><W35/><G98/><T38/><D38/><U50/><REACH who="1" step="1"/><E22/><REACH who="1" ten="200,220,340,230" step="2"/><N who="2" m="13655" /><F34/><W91/><G63/><AGARI ba="0,1" hai="54,57,60,61,63,132,133,135" m="13655,43113" machi="63" ten="40,5200,0" yaku="20,1,11,1,52,1" doraHai="53" who="2" fromWho="3" sc="200,0,220,0,340,62,230,-52" /><INIT seed="2,0,0,3,4,93" ten="200,220,402,178" oya="2" hai0="60,100,99,43,115,13,123,118,32,62,0,122,109" hai1="24,55,58,72,114,78,67,10,47,33,116,35,34" hai2="117,23,44,66,29,119,134,121,57,70,26,41,96" hai3="90,4,56,110,21,82,107,126,132,111,14,48,86"/><V18/><F121/><W83/><G107/><T3/><D32/><U77/><E116/><V97/><F70/><W36/><G36/><T39/><D115/><U64/><E114/><V103/><F134/><W37/><G37/><T16/><D118/><U76/><E72/><V59/><F117/><W87/><G132/><T94/><D109/><N who="3" m="41481" /><G126/><T28/><D28/><U27/><E47/><V50/><F119/><W2/><G2/><T42/><D0/><U46/><E46/><V17/><F97/><W98/><G98/><T101/><D3/><U7/><E55/><V85/><F85/><N who="3" m="32267" /><G90/><N who="0" m="55767" /><D39/><U113/><E113/><V125/><F125/><W120/><G120/><T79/><D79/><U104/><E104/><V68/><F68/><W80/><G56/><T52/><D123/><U65/><REACH who="1" step="1"/><E58/><REACH who="1" ten="200,210,402,178" step="2"/><V49/><F59/><W73/><G73/><T88/><D122/><U25/><E25/><V5/><F57/><W105/><G105/><T106/><D106/><U129/><E129/><V102/><F44/><W133/><G133/><T40/><D52/><U112/><E112/><V71/><F71/><W9/><G48/><T61/><D42/><U1/><AGARI ba="0,1" hai="1,7,10,24,27,33,34,35,64,65,67,76,77,78" machi="1" ten="40,12000,2" yaku="1,1,0,1,29,2,53,3" doraHai="93" doraHaiUra="75" who="1" fromWho="1" sc="200,-30,210,130,402,-60,178,-30" /><INIT seed="3,0,0,1,4,75" ten="170,340,342,148" oya="3" hai0="107,84,34,131,82,51,113,77,21,20,116,91,115" hai1="23,85,100,6,15,43,111,114,39,37,118,52,79" hai2="8,125,46,27,123,130,74,30,70,3,5,129,12" hai3="81,28,68,99,0,106,97,92,4,38,2,60,98"/><W110/><G38/><T41/><D107/><U86/><E114/><N who="0" m="43529" /><D34/><U120/><E120/><V102/><F70/><W90/><G110/><T61/><D116/><U101/><E118/><V80/><F102/><W103/><G98/><T132/><D132/><U31/><E111/><V109/><F109/><W62/><G4/><T63/><D131/><N who="2" m="50186" /><F46/><W83/><G28/><T40/><D51/><U112/><E112/><V59/><F59/><W49/><G49/><T126/><D126/><U117/><E117/><V11/><F125/><W10/><G10/><T44/><D44/><U94/><E43/><N who="0" m="16457" /><D91/><N who="1" m="53623" /><E37/><V93/><F93/><W66/><REACH who="3" step="1"/><G60/><AGARI ba="0,0" hai="20,21,60,61,63,77,82,84" m="16457,43529" machi="60" ten="30,2000,0" yaku="11,1,52,1" doraHai="75" who="0" fromWho="3" sc="170,20,340,0,342,0,148,-20" /><INIT seed="4,0,0,1,5,82" ten="190,340,342,128" oya="0" hai0="56,69,48,120,2,24,32,6,42,86,5,117,59" hai1="107,39,127,132,40,103,114,99,90,112,63,26,80" hai2="55,133,29,101,93,58,44,37,68,15,116,18,89" hai3="16,123,31,46,91,72,118,25,115,65,100,17,27"/><T61/><D120/><U96/><E26/><V38/><F68/><W77/><G118/><T128/><D117/><U83/><E63/><V84/><F116/><W79/><G115/><N who="1" m="44074" /><E40/><V11/><F133/><W36/><G100/><T73/><D73/><U121/><E39/><V130/><F130/><W28/><G123/><T51/><D128/><U49/><E49/><N who="0" m="19017" /><D32/><U71/><E71/><V129/><F129/><W88/><G65/><T21/><D69/><U113/><E121/><V45/><F29/><W10/><G10/><T20/><D2/><U95/><E113/><V98/><F38/><W104/><G36/><T74/><D74/><U13/><E132/><V35/><F35/><W9/><G9/><T76/><D42/><U70/><E70/><V134/><F134/><W111/><G72/><T108/><D108/><U122/><E122/><V105/><REACH who="2" step="1"/><F37/><REACH who="2" ten="190,340,332,128" step="2"/><W47/><REACH who="3" step="1"/><G104/><REACH who="3" ten="190,340,332,118" step="2"/><T102/><D102/><N who="1" m="62943" /><E127/><V8/><F8/><W78/><G78/><T87/><D76/><U109/><E109/><AGARI ba="0,2" hai="16,17,25,27,28,31,46,47,77,79,88,91,109,111" machi="109" ten="25,8000,1" yaku="1,1,22,2,54,2,53,0" doraHai="82" doraHaiUra="81" who="3" fromWho="1" sc="190,0,340,-80,332,0,118,100" /><INIT seed="5,0,0,2,2,24" ten="190,260,332,218" oya="1" hai0="135,81,65,13,32,70,33,83,39,56,17,54,66" hai1="62,134,35,104,120,37,88,0,102,26,12,59,49" hai2="124,84,74,64,45,22,5,99,1,106,71,14,30" hai3="34,98,48,82,93,36,60,50,19,73,105,131,63"/><U118/><E0/><V114/><F84/><W58/><G105/><T79/><D39/><U94/><E37/><V25/><F74/><W121/><G36/><T77/><D135/><U67/><E120/><V40/><F1/><W11/><G121/><T97/><D97/><U95/><E118/><V68/><F64/><W101/><G131/><T92/><D92/><U119/><E119/><V10/><F124/><W87/><G73/><T7/><D7/><U21/><E35/><V133/><F133/><W16/><G34/><T9/><D70/><U8/><E104/><V27/><F114/><W89/><G63/><T42/><D42/><U116/><E134/><V90/><F25/><W51/><REACH who="3" step="1"/><G11/><REACH who="3" ten="190,260,332,208" step="2"/><T69/><D32/><U61/><E116/><V122/><F122/><W2/><G2/><T85/><D33/><U129/><E129/><V72/><F72/><W44/><G44/><T15/><D69/><U125/><E62/><V112/><F106/><W109/><G109/><T117/><D117/><U130/><E130/><V18/><F68/><W23/><G23/><T123/><D123/><U75/><E75/><V29/><F71/><W57/><G57/><T78/><D15/><U52/><E125/><V132/><F132/><W6/><G6/><T107/><D107/><U103/><E8/><V128/><F128/><W86/><G86/><T111/><D111/><U76/><E12/><V113/><F112/><W3/><G3/><T47/><D47/><U55/><E59/><V20/><F113/><W110/><G110/><T53/><D56/><U28/><E61/><V31/><F22/><RYUUKYOKU ba="0,1" sc="190,-10,260,-10,332,-10,208,30" hai3="16,19,48,50,51,58,60,82,87,89,93,98,101" /><INIT seed="6,1,1,4,3,121" ten="180,250,322,238" oya="2" hai0="94,106,21,100,75,5,70,128,58,15,60,113,12" hai1="26,97,17,7,3,134,72,68,118,129,2,84,32" hai2="52,63,4,20,110,130,124,95,11,117,107,42,55" hai3="76,45,33,40,85,90,13,103,34,104,49,24,102"/><V135/><F107/><W120/><G120/><T8/><D75/><U66/><E72/><V23/><F117/><W101/><G104/><T22/><D106/><U51/><E118/><V81/><F42/><W115/><G115/><T35/><D35/><U9/><E129/><V57/><F130/><W27/><G76/><T71/><D128/><U132/><E97/><V89/><F124/><W114/><G114/><T91/><D113/><U16/><E2/><V78/><F110/><W96/><G96/><T133/><D133/><N who="1" m="51307" /><E51/><V92/><F55/><W37/><G37/><T116/><D116/><U54/><E54/><V56/><F56/><W10/><G33/><T83/><D100/><U14/><E84/><V50/><F50/><W29/><G29/><T86/><D70/><U28/><E68/><V123/><F123/><W105/><G34/><T73/><D71/><U30/><E66/><V38/><F38/><W0/><G0/><T25/><D73/><U46/><E46/><V127/><F127/><W109/><G109/><T119/><D119/><U93/><E93/><V36/><F36/><W31/><G31/><T122/><D122/><U77/><E77/><V53/><F53/><W79/><G79/><T125/><D125/><U112/><E112/><V6/><F135/><W82/><G105/><T69/><D69/><U64/><E30/><V18/><F78/><W41/><G41/><T74/><D25/><U108/><E108/><V98/><F92/><W47/><G47/><T87/><D15/><U126/><E126/><V39/><F39/><W88/><G90/><N who="0" m="51551" /><D74/><U65/><E14/><RYUUKYOKU ba="1,1" sc="180,10,250,10,322,-30,238,10" hai0="5,8,12,21,22,58,60,87,91,94" hai1="3,7,9,16,17,26,28,32,64,65" hai3="10,13,24,27,40,45,49,82,85,88,101,102,103" /><INIT seed="7,2,1,4,1,31" ten="190,260,292,248" oya="3" hai0="108,22,121,96,104,97,133,74,132,70,126,3,18" hai1="40,6,119,92,38,110,50,9,28,127,61,34,131" hai2="116,129,124,91,101,106,71,57,84,41,135,25,1" hai3="39,89,53,0,112,125,115,75,4,80,21,111,11"/><W42/><G125/><T64/><D121/><U105/><E105/><V36/><F57/><W73/><G53/><T15/><D108/><U102/><E110/><V83/><F25/><W27/><G111/><T5/><D74/><U123/><E38/><V8/><F71/><W107/><G107/><T51/><D126/><U93/><E123/><V49/><F49/><W62/><G62/><T7/><D51/><U30/><E127/><V76/><F116/><W47/><G89/><T58/><D70/><U59/><E119/><V82/><F124/><W32/><G21/><T37/><D37/><U55/><E131/><V29/><F129/><W77/><G73/><T46/><D46/><N who="1" m="25927" /><E34/><V13/><F106/><W118/><G118/><T87/><D87/><U90/><E102/><V113/><F101/><W14/><G14/><T56/><D104/><U88/><E6/><N who="0" m="2057" /><D3/><U66/><E9/><V23/><F1/><W109/><G109/><T19/><D19/><U26/><E26/><V45/><F36/><W99/><G99/><N who="0" m="37963" /><D64/><U44/><E92/><V52/><F8/><W72/><G72/><T103/><D103/><U98/><E90/><V35/><F91/><W48/><G48/><AGARI ba="2,1" hai="28,30,44,48,55,59,61,66,88,93,98" m="25927" machi="48" ten="30,2000,0" yaku="8,1,54,1" doraHai="31" who="1" fromWho="3" sc="190,0,260,36,292,0,248,-26" /><INIT seed="8,0,0,5,2,49" ten="190,296,292,222" oya="0" hai0="122,15,95,86,97,42,4,91,78,88,110,11,74" hai1="129,113,79,60,100,102,63,128,14,61,120,33,82" hai2="52,39,10,57,103,123,31,75,41,116,51,64,127" hai3="108,13,48,22,12,65,30,76,56,55,111,73,62"/><T105/><D122/><U77/><E120/><V126/><F75/><W7/><G76/><N who="1" m="29258" /><E33/><V44/><F123/><W16/><G73/><T24/><D110/><U6/><E82/><V43/><F116/><W85/><G30/><T98/><D74/><U46/><E46/><V93/><F31/><W35/><G35/><T1/><D1/><U18/><E6/><V107/><F107/><W72/><G85/><N who="0" m="52623" /><D105/><U8/><E113/><V104/><F104/><W70/><REACH who="3" step="1"/><G72/><REACH who="3" ten="190,296,292,212" step="2"/><T92/><D78/><U89/><E129/><V29/><F29/><W115/><G115/><T26/><D42/><U45/><E128/><V106/><F43/><W0/><G0/><T99/><AGARI ba="0,1" hai="4,11,15,24,26,86,91,92,97,98,99" m="52623" machi="99" ten="30,3000,0" yaku="8,1,54,1" doraHai="49" who="0" fromWho="0" sc="190,40,296,-10,292,-10,212,-10" /><INIT seed="8,1,0,4,1,93" ten="230,286,282,202" oya="0" hai0="129,134,37,109,74,31,87,39,128,82,103,63,72" hai1="36,10,44,122,100,15,66,113,126,29,40,108,94" hai2="28,86,11,8,83,71,76,54,123,78,16,91,30" hai3="17,21,118,97,85,77,69,125,22,48,3,135,117"/><T84/><D31/><N who="2" m="11818" /><F71/><W67/><G3/><T4/><D4/><U89/><E108/><V132/><F123/><W99/><G125/><T79/><D63/><U9/><E122/><V80/><F132/><W124/><G124/><T61/><D61/><U27/><E113/><V133/><F133/><W49/><G135/><T92/><D134/><U12/><E126/><V32/><F32/><W81/><G67/><T116/><D116/><N who="3" m="44649" /><G69/><T115/><D115/><U14/><E100/><V60/><F83/><W35/><G35/><T25/><D25/><U64/><E9/><V53/><F11/><W88/><G22/><T65/><D65/><U70/><E10/><V33/><F33/><W7/><G7/><T62/><D62/><U52/><E52/><N who="2" m="20075" /><F60/><W42/><G77/><T2/><D109/><U23/><REACH who="1" step="1"/><E70/><REACH who="1" ten="230,276,282,202" step="2"/><V106/><F106/><W131/><G131/><T104/><D104/><U73/><E73/><V38/><F38/><W1/><G1/><T50/><D2/><U119/><E119/><V59/><F59/><W13/><G42/><T130/><D72/><U111/><E111/><V43/><F43/><W5/><G5/><T68/><D68/><U47/><E47/><V127/><F127/><W24/><G24/><T45/><D37/><U110/><E110/><V112/><F112/><W20/><G20/><T120/><D39/><U46/><E46/><V18/><F8/><W26/><G26/><T51/><D120/><U19/><E19/><AGARI ba="1,1" hai="16,18,19,76,78,80,86,91" m="20075,11818" machi="19" ten="30,3900,0" yaku="8,1,54,2" doraHai="93" who="2" fromWho="1" sc="230,0,276,-42,282,52,202,0" owari="230,-17.0,234,3.0,334,44.0,202,-30.0" /></mjloggm>