<mjloggm ver="2.3"><GO type="169" lobby="0"/><UN n0="%E3%82%A6%E3%83%AB%E3%83%88%E3%83%A9%E7%AB%8B%E7%9B%B4" n1="%E8%B5%A4%E6%9C%A8%E3%81%97%E3%81%92%E3%82%8C" n2="%70%69%2D%70%6F" n3="%77%61%64%6F%70%72%6F" dan="17,16,16,16" rate="2134.15,2064.52,2109.26,2144.81" sx="M,M,M,M"/><TAIKYOKU oya="0"/><INIT seed="0,0,0,5,2,107" ten="250,250,250,250" oya="0" hai0="68,60,31,42,4,43,51,50,67,6,102,84,5" hai1="120,46,108,13,77,12,133,24,29,75,48,19,125" hai2="28,85,104,115,39,87,132,62,113,61,135,44,114" hai3="93,58,33,90,18,70,83,81,66,101,96,100,10"/><T47/><D102/><U36/><E120/><V82/><F104/><W9/><G33/><T14/><D31/><U0/><E0/><V86/><F82/><W53/><G70/><T97/><D97/><U122/><E122/><V72/><F28/><W26/><G66/><T103/><D103/><N who="3" m="39497" /><G26/><T38/><D14/><U7/><E36/><V128/><F128/><W105/><G105/><T63/><D43/><U45/><E29/><V64/><F72/><W49/><G9/><T15/><D15/><AGARI ba="0,0" hai="10,15,18,49,53,58,81,83,90,93,96" m="39497" machi="15" ten="30,1000,0" yaku="8,1" doraHai="107" who="3" fromWho="0" sc="250,-10,250,0,250,0,250,10" /><INIT seed="1,0,0,0,1,134" ten="240,250,250,260" oya="1" hai0="69,11,48,24,97,104,126,45,96,132,36,58,44" hai1="76,122,52,91,1,21,75,2,74,7,26,41,68" hai2="22,85,46,19,18,87,47,109,71,59,30,83,4" hai3="128,105,82,66,28,116,5,94,135,112,92,98,100"/><U131/><E122/><V39/><F71/><W38/><G38/><T35/><D11/><U89/><E68/><V62/><F4/><W53/><G112/><T81/><D81/><U95/><E41/><V13/><F109/><W10/><G135/><T15/><D15/><U23/><E131/><V55/><F30/><W73/><G128/><T115/><D115/><U0/><E7/><V9/><F39/><W50/><G116/><T67/><D96/><U56/><E23/><V51/><F83/><W102/><G66/><T25/><D25/><U114/><E114/><V108/><F47/><W42/><G42/><T90/><D90/><U86/><E89/><V31/><F31/><W65/><G65/><T121/><D58/><U12/><E12/><N who="2" m="9543" /><F108/><W123/><G28/><N who="0" m="19847" /><D45/><U88/><E91/><V64/><AGARI ba="0,0" hai="9,13,19,46,51,55,59,62,64,85,87" m="9543" machi="64" ten="30,1100,0" yaku="8,1" doraHai="134" who="2" fromWho="2" sc="240,-3,250,-5,250,11,260,-3" /><INIT seed="2,0,0,2,1,79" ten="237,245,261,257" oya="2" hai0="128,52,38,73,131,7,4,24,27,102,123,65,53" hai1="12,86,71,83,105,96,20,117,114,107,116,22,110" hai2="93,37,132,33,8,9,72,60,39,58,35,67,89" hai3="99,106,77,88,32,23,47,61,55,44,76,36,42"/><V34/><F72/><W66/><G32/><T31/><D73/><U121/><E71/><V134/><F9/><W0/><G0/><T49/><D65/><U80/><E12/><V64/><F64/><W41/><G55/><T124/><D102/><U87/><E96/><V15/><F39/><W2/><G23/><T92/><D92/><U68/><E68/><V62/><F62/><W113/><G2/><T57/><D38/><U126/><E110/><V46/><F46/><W109/><G109/><T103/><D103/><U120/><REACH who="1" step="1"/><E126/><REACH who="1" ten="237,235,261,257" step="2"/><V70/><F70/><W63/><G99/><T119/><D124/><U5/><E5/><V111/><F111/><W69/><G69/><T59/><D119/><U84/><E84/><V40/><F15/><W122/><G113/><AGARI ba="0,1" hai="20,22,80,83,86,87,105,107,113,114,116,117,120,121" machi="113" ten="25,12000,2" yaku="1,1,22,2,52,2,53,2" doraHai="79" doraHaiUra="16" who="1" fromWho="3" sc="237,0,235,130,261,0,257,-120" /><INIT seed="3,0,0,2,0,51" ten="237,365,261,137" oya="3" hai0="121,57,13,6,111,112,83,33,1,134,94,7,90" hai1="116,43,87,76,56,115,127,44,30,25,40,59,48" hai2="96,120,133,22,103,100,32,24,52,118,3,91,21" hai3="113,36,97,10,20,129,132,131,101,47,130,109,99"/><W18/><G113/><T12/><D33/><U16/><E115/><V102/><F118/><W23/><G132/><T123/><D111/><U2/><E2/><V75/><F75/><W74/><G74/><T53/><D1/><U31/><E127/><V73/><F73/><W49/><G36/><T114/><D134/><U55/><E116/><V108/><F3/><W122/><G122/><T72/><D72/><U79/><E16/><N who="2" m="12327" /><F32/><W63/><G109/><T0/><D0/><U71/><E71/><V4/><F108/><W124/><G124/><T128/><D83/><N who="1" m="47591" /><E79/><V82/><F133/><W104/><G99/><T39/><D94/><U110/><E110/><V58/><F120/><W46/><G46/><T65/><D57/><N who="1" m="22091" /><E25/><V81/><F4/><W35/><G35/><T92/><D7/><U88/><E88/><V60/><F22/><W14/><REACH who="3" step="1"/><G63/><REACH who="3" ten="237,365,261,127" step="2"/><T66/><D39/><U34/><E34/><V93/><AGARI ba="0,1" hai="52,58,60,81,82,91,93,96,100,102,103" m="12327" machi="93" ten="30,8000,1" yaku="25,1,8,1,52,1,54,2" doraHai="51" who="2" fromWho="2" sc="237,-20,365,-20,261,90,127,-40" /><INIT seed="4,0,0,0,1,130" ten="217,345,351,87" oya="0" hai0="20,133,131,61,94,56,120,93,75,71,19,98,111" hai1="107,29,96,6,21,102,84,18,38,135,121,81,10" hai2="52,97,23,67,32,54,88,11,24,64,4,132,83" hai3="128,95,13,50,87,26,46,40,45,86,110,2,3"/><T30/><D75/><U48/><E38/><V77/><F32/><W49/><G110/><T80/><D71/><U47/><E121/><V89/><F132/><W118/><G118/><T41/><D120/><U8/><E29/><V33/><F33/><W117/><G117/><T25/><D133/><U91/><E6/><V16/><F67/><W9/><G128/><T31/><D131/><U1/><E1/><V12/><F64/><W37/><G37/><T7/><D111/><U100/><E100/><V119/><F119/><W122/><G122/><T104/><D104/><U63/><E63/><V44/><F44/><W22/><G95/><T134/><D134/><U59/><E59/><V127/><F127/><W70/><G70/><T58/><D80/><U124/><E124/><V85/><F97/><W68/><G68/><T65/><D7/><U28/><E28/><N who="0" m="10793" /><D41/><U0/><E0/><V27/><F27/><W62/><G62/><N who="0" m="38087" /><D98/><U35/><E35/><V82/><F89/><W106/><G106/><T101/><D101/><U73/><E73/><AGARI ba="0,0" hai="4,11,12,16,23,24,52,54,73,77,82,83,85,88" machi="73" ten="30,7700,0" yaku="7,1,54,3" doraHai="130" who="2" fromWho="1" sc="217,0,345,-77,351,77,87,0" /><INIT seed="5,0,0,4,4,15" ten="217,268,428,87" oya="1" hai0="88,79,42,62,0,114,52,7,129,69,14,56,28" hai1="128,5,4,71,102,35,74,125,126,91,99,13,11" hai2="124,29,73,72,116,95,57,54,20,123,33,49,130" hai3="132,61,24,34,82,113,50,51,86,80,46,87,18"/><U27/><E71/><V98/><F33/><W76/><G132/><T45/><D0/><U59/><E74/><V77/><F116/><W75/><G113/><T2/><D2/><U58/><E91/><V106/><F106/><W31/><G75/><T65/><D79/><U53/><E4/><V83/><F123/><W84/><G82/><T8/><D129/><U25/><E128/><V19/><F29/><W107/><G107/><T32/><D114/><U94/><E59/><V1/><F1/><W122/><G122/><T39/><D28/><U109/><E109/><V63/><F124/><N who="1" m="47721" /><E35/><V36/><F36/><W90/><G90/><T67/><D32/><U131/><E131/><V6/><F49/><AGARI ba="0,0" hai="5,11,13,25,27,49,53,58,94,99,102" m="47721" machi="49" ten="30,1500,0" yaku="18,1" doraHai="15" who="1" fromWho="2" sc="217,0,268,15,428,-15,87,0" /><INIT seed="5,1,0,2,5,36" ten="217,283,413,87" oya="1" hai0="39,41,5,85,65,56,129,11,112,69,34,128,79" hai1="15,100,120,135,23,127,57,123,25,24,67,114,44" hai2="0,17,33,82,101,63,73,19,110,38,94,54,107" hai3="77,121,50,125,124,6,42,28,132,96,3,83,122"/><U111/><E114/><V16/><F107/><W31/><G96/><T52/><D34/><U99/><E127/><N who="3" m="48714" /><G6/><T86/><D79/><U53/><E135/><V49/><F38/><W26/><G3/><T61/><D112/><U76/><E76/><V115/><F63/><W93/><G93/><T14/><D86/><U37/><E67/><V113/><F33/><W134/><G50/><N who="0" m="30743" /><D85/><U59/><E111/><V40/><F0/><W87/><G42/><T119/><D119/><U80/><E80/><V10/><F40/><W21/><G31/><T7/><D7/><U130/><E130/><V131/><F131/><W88/><G77/><T70/><D70/><U9/><E37/><V105/><F110/><W74/><G74/><T92/><D92/><N who="1" m="58471" /><E123/><AGARI ba="1,0" hai="21,26,28,83,87,88,121,122,123,132,134" m="48714" machi="123" ten="30,2000,0" yaku="18,1,54,1" doraHai="36" who="3" fromWho="1" sc="217,0,283,-23,413,0,87,23" /><INIT seed="6,0,0,3,4,94" ten="217,260,413,110" oya="2" hai0="83,60,4,12,3,107,22,18,122,77,39,130,131" hai1="38,53,105,111,74,27,51,126,124,106,11,98,110" hai2="82,5,28,75,25,133,86,2,20,84,8,128,46" hai3="36,49,125,68,76,66,85,19,90,71,14,135,93"/><V40/><F128/><W123/><G36/><T26/><D107/><U57/><E74/><V100/><F100/><W24/><G123/><T30/><D39/><U69/><E69/><V121/><F133/><W117/><G117/><T43/><D43/><U21/><E11/><V67/><F67/><W134/><G125/><N who="1" m="48234" /><E38/><N who="2" m="21783" /><F121/><W95/><G24/><T54/><D122/><U61/><E51/><V109/><F109/><N who="1" m="41481" /><E98/><V63/><F63/><W78/><G71/><T1/><D60/><U118/><E118/><V72/><F72/><W16/><G49/><T64/><D64/><U132/><E132/><N who="3" m="50730" /><G66/><T9/><D54/><U81/><E81/><V15/><F15/><W127/><G68/><T10/><D83/><U13/><E13/><V41/><F41/><W116/><G116/><T101/><D101/><U92/><E92/><N who="3" m="35402" /><G127/><T32/><D77/><AGARI ba="0,0" hai="2,5,8,20,25,28,75,77,82,84,86" m="21783" machi="77" ten="30,1500,0" yaku="25,1" doraHai="94" who="2" fromWho="0" sc="217,-15,260,0,413,15,110,0" /><INIT seed="6,1,0,0,1,93" ten="202,260,428,110" oya="2" hai0="100,5,91,10,65,125,4,27,16,52,39,132,11" hai1="103,121,35,6,71,116,33,43,107,128,58,90,34" hai2="131,106,12,9,99,15,77,1,76,24,30,101,19" hai3="104,75,23,96,49,32,97,115,38,85,41,105,79"/><V102/><F131/><W47/><G32/><T92/><D39/><U98/><E71/><V8/><F1/><W18/><G75/><T51/><D65/><U127/><E116/><V95/><F106/><W48/><G115/><T45/><D100/><U14/><E128/><V56/><F101/><W42/><G105/><T94/><D94/><U130/><E130/><V110/><F56/><W20/><G104/><T134/><D125/><U117/><E117/><V70/><F70/><W66/><G66/><T74/><D74/><U123/><E127/><V64/><F64/><W81/><G38/><T113/><D113/><U126/><E126/><V120/><F110/><W40/><G23/><N who="0" m="13799" /><D134/><U122/><E43/><V44/><F44/><W87/><G87/><N who="0" m="52351" /><D132/><U108/><E108/><V21/><F120/><W26/><REACH who="3" step="1"/><G49/><REACH who="3" ten="202,260,428,100" step="2"/><T60/><D60/><U109/><E109/><V3/><F21/><W133/><G133/><T73/><D73/><U28/><E35/><V57/><F9/><AGARI ba="1,1" hai="4,5,9,10,11,45,51,52" m="52351,13799" machi="9" ten="30,3900,0" yaku="8,1,54,2" doraHai="93" who="0" fromWho="2" sc="202,52,260,0,428,-42,100,0" /><INIT seed="7,0,0,2,2,33" ten="254,260,386,100" oya="3" hai0="73,63,25,32,123,38,58,101,57,36,1,83,5" hai1="26,70,40,65,8,67,68,51,114,69,71,78,56" hai2="60,20,121,100,66,91,90,10,48,55,24,4,81" hai3="15,3,34,2,133,44,14,85,54,96,0,108,37"/><W17/><G34/><T43/><D101/><U6/><E78/><V27/><F100/><W86/><G15/><T118/><D118/><U52/><E26/><V28/><F27/><W95/><G133/><T35/><D58/><N who="1" m="33055" /><E8/><V105/><F105/><W129/><G129/><T59/><D25/><U92/><E92/><V18/><F81/><W7/><G7/><T23/><D23/><U112/><E6/><V21/><F21/><W13/><G13/><T98/><D98/><U127/><E127/><V46/><F28/><W119/><G119/><T79/><D38/><U76/><E76/><V120/><F120/><W88/><G108/><T39/><D39/><U61/><E40/><V106/><F106/><W72/><G72/><T49/><D49/><U103/><E103/><V116/><F121/><W134/><G134/><T89/><D89/><U130/><E130/><V124/><F124/><W125/><G125/><T99/><D99/><U75/><E75/><V117/><F117/><W77/><G77/><T104/><D104/><U128/><E128/><V12/><F116/><W93/><G93/><T22/><D22/><U122/><E122/><V30/><F30/><W50/><REACH who="3" step="1"/><G37/><REACH who="3" ten="254,260,386,90" step="2"/><T31/><D35/><U131/><E131/><V62/><F4/><W64/><G64/><T84/><D73/><U53/><E67/><V87/><F66/><W107/><G107/><T16/><D5/><U74/><E74/><V135/><F135/><W19/><G19/><T45/><D16/><U102/><E102/><V80/><F12/><W9/><AGARI ba="0,1" hai="0,2,3,9,14,17,44,50,54,85,86,88,95,96" machi="9" ten="30,18000,2" yaku="1,1,0,1,52,3,54,1,53,0" doraHai="33" doraHaiUra="109" who="3" fromWho="3" sc="254,-60,260,-60,386,-60,90,190" /><INIT seed="7,1,0,4,2,68" ten="194,200,326,280" oya="3" hai0="46,114,126,40,99,31,70,111,112,79,94,110,42" hai1="58,13,5,131,74,88,133,129,87,84,10,27,53" hai2="80,32,122,18,109,78,56,48,103,65,49,135,105" hai3="97,12,130,61,67,25,76,15,37,100,66,95,43"/><W108/><G130/><N who="1" m="49674" /><E74/><V7/><F18/><W119/><G119/><T101/><D70/><U24/><E133/><V123/><F32/><W73/><G108/><N who="0" m="41515" /><D79/><U54/><E54/><V14/><F135/><W82/><G25/><N who="1" m="9802" /><E88/><V64/><F103/><W20/><G67/><N who="2" m="25673" /><F105/><W60/><G60/><AGARI ba="1,0" hai="5,10,13,53,58,60,84,87" m="9802,49674" machi="60" ten="30,1000,0" yaku="19,1" doraHai="68" who="1" fromWho="3" sc="194,0,200,13,326,0,280,-13" owari="194,-31.0,213,-19.0,326,43.0,267,7.0" /></mjloggm>