<mjloggm ver="2.3"><GO type="169" lobby="0"/><UN n0="%E3%83%8B%E3%83%A3%E3%83%83%E3%83%94%E3%83%BC%E5%A4%8F%E7%9B%AE" n1="%E3%83%88%E3%83%88%E3%83%AA%E5%85%88%E7%94%9F%31%39%E6%AD%B3" n2="%E3%83%AB%E3%83%BC%E3%82%B7%E3%82%A2%E3%81%AE%E3%82%88%E3%81%86%E3%81%AB" n3="%E3%81%BE%E3%81%A4%E3%82%86%E3%81%8D" dan="19,18,16,16" rate="2286.22,2272.38,2088.28,2189.90" sx="M,F,M,M"/><TAIKYOKU oya="0"/><INIT seed="0,0,0,3,1,123" ten="250,250,250,250" oya="0" hai0="33,106,18,100,102,125,61,29,36,15,34,64,113" hai1="111,132,131,59,39,128,89,16,7,46,92,44,88" hai2="129,50,21,58,66,68,86,72,22,25,55,112,77" hai3="56,17,99,5,62,23,110,10,69,28,48,41,57"/><T65/><D113/><U67/><E132/><V32/><F72/><W3/><G69/><T11/><D36/><U12/><E7/><V71/><F112/><W52/><G28/><T117/><D117/><U4/><E4/><V121/><F121/><W107/><G110/><T37/><D37/><U83/><E111/><V82/><F129/><N who="1" m="49737" /><E83/><V79/><F79/><W120/><G120/><T134/><D134/><U94/><E67/><V98/><F98/><W51/><G41/><T90/><D125/><U49/><E59/><V2/><F2/><W27/><REACH who="3" step="1"/><G57/><REACH who="3" ten="250,250,250,240" step="2"/><T96/><D29/><U30/><E30/><V109/><F109/><W76/><G76/><T115/><D115/><U1/><E39/><V118/><F71/><W20/><G20/><T70/><D34/><U47/><E1/><V24/><F32/><W40/><G40/><T26/><D33/><U42/><E47/><V63/><F118/><W53/><G53/><T75/><D70/><U73/><E46/><N who="2" m="28119" /><F68/><W74/><G74/><T133/><D75/><U122/><E73/><V78/><F77/><W14/><G14/><T126/><D15/><U119/><E122/><V38/><F38/><W135/><G135/><T116/><D133/><U8/><E119/><V43/><F43/><W60/><G60/><T127/><D61/><U97/><E42/><V35/><F35/><W114/><G114/><T54/><D116/><U81/><E44/><V6/><F58/><W0/><G0/><T130/><D54/><U87/><E49/><V105/><F63/><W124/><G124/><T104/><D127/><U95/><AGARI ba="0,1" hai="8,12,16,81,87,88,89,92,94,95,97" m="49737" machi="95" ten="30,7900,0" yaku="5,1,19,1,54,2" doraHai="123" who="1" fromWho="1" sc="250,-39,250,89,250,-20,240,-20" /><INIT seed="1,0,0,0,1,70" ten="211,339,230,220" oya="1" hai0="117,55,62,94,67,21,0,132,102,40,59,29,2" hai1="126,121,116,106,23,28,86,92,38,9,88,100,134" hai2="25,111,56,77,99,91,104,122,50,105,85,65,131" hai3="97,54,76,17,80,74,123,15,78,7,57,71,69"/><U95/><E121/><V127/><F122/><W4/><G123/><T87/><D117/><U130/><E116/><V133/><F25/><W125/><G71/><T1/><D132/><U47/><E106/><V51/><F65/><W33/><G69/><T72/><D72/><U44/><E134/><V98/><F133/><W52/><G33/><T93/><D40/><U32/><E32/><V135/><F135/><W20/><G125/><T58/><D87/><U6/><E130/><V10/><F10/><W60/><G78/><T75/><D75/><U82/><E126/><V42/><F42/><W27/><G15/><T18/><D29/><U110/><E110/><V113/><F77/><W49/><REACH who="3" step="1"/><G97/><REACH who="3" ten="211,339,230,210" step="2"/><T107/><D0/><U68/><E68/><V109/><F127/><W84/><G84/><T119/><D1/><U81/><E86/><V37/><F85/><W22/><G22/><T46/><D2/><U66/><E23/><V120/><F120/><W79/><G79/><T128/><D21/><U5/><E9/><V26/><F99/><W11/><G11/><T129/><D119/><U39/><E82/><V118/><F98/><W96/><G96/><T108/><D128/><U115/><E81/><V89/><F131/><W101/><G101/><T64/><D102/><U13/><E100/><V63/><F118/><W3/><G3/><T31/><D129/><U103/><E103/><V34/><F34/><W53/><G53/><T112/><D55/><U24/><E13/><V12/><F12/><W45/><AGARI ba="0,1" hai="4,7,17,20,27,45,49,52,54,57,60,74,76,80" machi="45" ten="20,12000,2" yaku="1,1,0,1,7,1,54,1,53,2" doraHai="70" doraHaiUra="48" who="3" fromWho="3" sc="211,-30,339,-60,230,-30,210,130" /><INIT seed="2,0,0,0,0,91" ten="181,279,200,340" oya="2" hai0="130,31,85,34,125,129,132,37,8,110,48,100,16" hai1="52,71,89,124,120,113,104,36,65,72,97,68,88" hai2="126,93,66,23,19,73,17,94,70,41,40,96,134" hai3="114,3,83,105,20,26,45,25,47,51,49,30,15"/><V131/><F73/><W22/><G3/><T133/><D37/><U38/><E113/><V5/><F70/><W67/><G114/><T0/><D100/><U24/><E72/><V58/><F5/><W33/><G105/><T95/><D48/><U18/><E124/><V82/><F82/><W101/><G101/><T11/><D110/><U29/><E120/><V121/><F121/><W81/><G33/><T123/><D123/><U60/><E71/><V117/><F117/><W119/><G15/><N who="0" m="7295" /><D125/><U76/><E18/><V84/><F126/><W108/><G108/><T64/><D64/><U115/><E76/><V46/><F134/><N who="0" m="51818" /><D95/><N who="2" m="36362" /><F96/><W39/><G39/><T2/><D85/><U57/><E115/><V78/><F131/><N who="0" m="50186" /><D8/><U107/><E36/><V79/><F84/><W128/><G128/><T59/><D59/><U6/><E38/><V127/><F127/><W12/><G67/><T21/><D34/><N who="1" m="20775" /><E107/><V90/><F90/><W7/><G83/><T27/><AGARI ba="0,0" hai="0,2,21,27,31" m="50186,51818,7295" machi="27" ten="40,8000,1" yaku="20,1,19,1,34,2,54,1" doraHai="91" who="0" fromWho="0" sc="181,80,279,-20,200,-40,340,-20" /><INIT seed="3,0,0,1,4,102" ten="261,259,160,320" oya="3" hai0="27,70,61,12,113,35,34,94,1,88,80,53,43" hai1="91,16,7,76,71,29,87,11,68,124,77,0,36" hai2="37,73,67,15,95,116,99,120,82,38,40,92,17" hai3="104,128,117,3,103,47,54,63,55,30,6,96,69"/><W101/><G117/><T83/><D1/><U64/><E36/><V79/><F116/><W8/><G128/><T5/><D113/><U46/><E124/><V90/><F120/><W56/><G69/><T118/><D118/><U48/><E29/><V42/><F67/><W97/><G30/><T41/><D35/><U107/><E107/><V25/><F25/><W119/><G119/><T50/><D34/><U21/><E68/><V85/><F38/><W93/><REACH who="3" step="1"/><G47/><REACH who="3" ten="261,259,160,310" step="2"/><T122/><D70/><U74/><E71/><V32/><F32/><W22/><G22/><T18/><D122/><U59/><E21/><V109/><F109/><W58/><G58/><T9/><D61/><U60/><E46/><V44/><F44/><W52/><AGARI ba="0,1" hai="3,6,8,52,54,55,56,63,93,96,97,101,103,104" machi="52" ten="20,12000,1" yaku="1,1,0,1,7,1,52,1,54,1,53,0" doraHai="102" doraHaiUra="112" who="3" fromWho="3" sc="261,-40,259,-40,160,-40,310,130" /><INIT seed="3,1,0,5,1,15" ten="221,219,120,440" oya="3" hai0="7,79,107,5,21,130,111,134,83,74,41,16,121" hai1="29,46,55,122,40,108,98,64,96,22,103,120,14" hai2="61,26,123,124,117,100,118,126,86,33,13,91,131" hai3="90,53,114,119,132,19,0,73,34,47,59,78,66"/><W12/><G0/><T43/><D121/><U52/><E108/><V116/><F61/><W68/><G114/><T3/><D107/><U1/><E1/><V20/><F100/><W45/><G34/><T104/><D104/><U18/><E64/><V42/><F42/><W77/><G68/><T72/><D72/><U58/><E29/><N who="2" m="19639" /><F86/><W84/><G66/><T25/><D111/><U32/><E32/><V57/><F57/><W23/><G73/><T38/><D134/><U27/><E27/><V95/><F95/><N who="3" m="54727" /><G132/><T102/><D102/><U8/><E8/><V60/><F60/><W36/><G36/><T110/><D110/><U101/><E101/><V31/><F91/><W109/><G109/><T93/><D93/><U113/><E113/><V56/><F56/><W28/><G28/><T129/><D43/><U69/><E69/><V6/><F123/><W4/><G4/><T70/><D70/><U30/><E30/><V2/><F2/><W88/><G119/><N who="2" m="30465" /><V128/><DORA hai="62" /><F128/><N who="0" m="49258" /><D3/><U37/><E55/><V75/><F75/><W133/><G133/><T48/><D38/><U54/><E54/><V99/><F99/><W105/><G105/><T112/><D112/><U71/><E98/><V67/><F67/><W10/><G53/><T51/><D41/><U35/><E71/><V50/><F50/><AGARI ba="1,0" hai="5,7,16,21,25,48,50,51,74,79,83" m="49258" machi="50" ten="30,3900,0" yaku="19,1,52,1,54,1" doraHai="15,62" who="0" fromWho="2" sc="221,42,219,0,120,-42,440,0" /><INIT seed="4,0,0,2,0,83" ten="263,219,78,440" oya="0" hai0="8,135,36,122,29,111,91,118,6,70,129,7,24" hai1="23,3,64,34,56,107,0,43,69,4,85,60,1" hai2="10,92,96,124,22,15,46,30,65,18,95,47,57" hai3="41,114,53,13,103,49,33,121,134,68,130,127,67"/><T93/><D70/><U31/><E107/><V108/><F124/><W42/><G33/><T45/><D118/><U115/><E34/><V131/><F108/><W76/><G103/><T19/><D122/><U105/><E105/><V72/><F131/><W17/><G130/><T102/><D129/><U126/><E126/><V117/><F72/><W39/><G127/><T40/><D135/><U20/><E115/><V73/><F95/><W99/><G99/><T55/><D111/><U94/><E69/><V90/><F73/><W28/><G28/><T2/><D102/><U82/><E94/><V9/><F9/><W27/><G27/><T128/><D128/><U79/><E31/><V26/><F117/><W86/><G114/><T104/><D104/><U16/><E23/><V63/><REACH who="2" step="1"/><F30/><REACH who="2" ten="263,219,68,440" step="2"/><W97/><G121/><T123/><D29/><U75/><E75/><V50/><F50/><W106/><G49/><T71/><D93/><U51/><E51/><V12/><F12/><W37/><G106/><T125/><D8/><U132/><E132/><V109/><F109/><W80/><G13/><T89/><D123/><U25/><REACH who="1" step="1"/><E43/><REACH who="1" ten="263,209,68,440" step="2"/><V74/><F74/><N who="3" m="43031" /><G42/><T66/><D40/><U48/><E48/><V84/><F84/><W116/><G41/><T35/><D125/><U58/><E58/><V14/><F14/><W120/><G134/><T101/><D71/><U38/><E38/><V78/><F78/><W81/><G68/><T52/><D36/><U61/><E61/><V11/><F11/><AGARI ba="0,2" hai="0,1,3,4,11,16,20,25,56,60,64,79,82,85" machi="11" ten="40,5200,0" yaku="1,1,52,1,54,1,53,0" doraHai="83" doraHaiUra="88" who="1" fromWho="2" sc="263,0,209,72,68,-52,440,0" /><INIT seed="5,0,0,2,3,89" ten="263,281,16,440" oya="1" hai0="98,25,32,97,120,127,19,62,30,17,74,103,116" hai1="12,42,102,35,33,15,93,23,4,1,8,37,78" hai2="131,38,124,18,2,59,92,117,111,53,10,135,115" hai3="31,39,50,112,28,130,49,51,109,13,123,134,90"/><U47/><E15/><V36/><F111/><W114/><G109/><T63/><D74/><U119/><E119/><V52/><F117/><W58/><G39/><T54/><D116/><U29/><E29/><N who="3" m="11338" /><G123/><T113/><D113/><N who="3" m="43625" /><G134/><T80/><D80/><U11/><E23/><V0/><F115/><W107/><G107/><T77/><D77/><U86/><E78/><V61/><F135/><W46/><G130/><T73/><D73/><U133/><E133/><V87/><F131/><W118/><G118/><T16/><D120/><U69/><E69/><V104/><F124/><W67/><G13/><T41/><D127/><U84/><E84/><V40/><F104/><W76/><G76/><T99/><D41/><U82/><E82/><V96/><F53/><W65/><G46/><T20/><D32/><U125/><E125/><V75/><F87/><W56/><G90/><T94/><D54/><U85/><E85/><V71/><F75/><W7/><G7/><T70/><D70/><U60/><E86/><V22/><F71/><W110/><G110/><T126/><D126/><U101/><E101/><V3/><F10/><W44/><G44/><T45/><D45/><U26/><E26/><V43/><F38/><W9/><G9/><T34/><D34/><N who="1" m="12811" /><E8/><V88/><REACH who="2" step="1"/><F36/><REACH who="2" ten="263,281,6,440" step="2"/><W91/><G67/><T48/><D99/><N who="1" m="59759" /><E1/><V68/><F68/><W108/><G65/><T64/><D98/><U100/><E60/><N who="0" m="23081" /><D64/><U57/><E57/><N who="3" m="22122" /><G108/><T122/><D122/><U121/><E121/><V95/><F95/><W27/><G27/><AGARI ba="0,1" hai="0,2,3,18,22,27,40,43,52,59,61,88,92,96" machi="27" ten="40,12000,2" yaku="1,1,25,2,52,1,54,2,53,1" doraHai="89" doraHaiUra="14" who="2" fromWho="3" sc="263,0,281,0,6,130,440,-120" /><INIT seed="6,0,0,2,0,58" ten="263,281,136,320" oya="2" hai0="111,36,35,128,108,51,119,53,95,39,100,71,54" hai1="43,80,101,76,77,93,125,38,74,68,19,112,86" hai2="123,56,126,92,110,64,65,4,41,94,5,27,102" hai3="9,46,104,70,50,63,15,21,117,113,90,109,45"/><V12/><F123/><W118/><G109/><N who="0" m="42059" /><D95/><N who="2" m="36394" /><F110/><W6/><G104/><T1/><D100/><U106/><E68/><V52/><F126/><W10/><G46/><N who="0" m="27895" /><D1/><U23/><E125/><V81/><F41/><W88/><G118/><T84/><D84/><U60/><E112/><V75/><F75/><W98/><G113/><T14/><D14/><U7/><E7/><N who="2" m="2635" /><F102/><W69/><G117/><T29/><D29/><U67/><E43/><V124/><F124/><W66/><G10/><T115/><D35/><U105/><E38/><V79/><F27/><W99/><G70/><T61/><D115/><U85/><E74/><V13/><F81/><W131/><G21/><T134/><D119/><U18/><E101/><V127/><F127/><W129/><G99/><T16/><D16/><U132/><E23/><V31/><F79/><W49/><G98/><T57/><D134/><U107/><E132/><V59/><F59/><W103/><G103/><T40/><D128/><N who="3" m="49225" /><G50/><N who="0" m="30935" /><D40/><AGARI ba="0,0" hai="6,9,15,40,45,49,63,66,69,88,90" m="49225" machi="40" ten="30,3900,0" yaku="19,1,52,1,54,1" doraHai="58" who="3" fromWho="0" sc="263,-39,281,0,136,0,320,39" /><INIT seed="7,0,0,5,5,75" ten="224,281,136,359" oya="3" hai0="135,28,58,42,59,81,108,5,73,85,57,103,89" hai1="87,8,61,76,91,25,40,44,83,50,1,105,129" hai2="112,68,46,10,20,78,11,7,124,128,132,2,102" hai3="65,120,39,52,3,24,16,67,119,97,63,118,9"/><W23/><G120/><T127/><D108/><U123/><E129/><V82/><F68/><W114/><G39/><T53/><D135/><U111/><E111/><V88/><F128/><W84/><G114/><T98/><D127/><U90/><E123/><V49/><F132/><W96/><G119/><T74/><D42/><U55/><E105/><V115/><F124/><W17/><G118/><T54/><D74/><U99/><E1/><V36/><F102/><W33/><G33/><T72/><D72/><U43/><E8/><V92/><F11/><W131/><G131/><T95/><D73/><U41/><E99/><N who="3" m="37962" /><G3/><T101/><D5/><U60/><E25/><V62/><F62/><AGARI ba="0,0" hai="40,41,43,44,50,55,60,61,62,76,83,87,90,91" machi="62" ten="40,2600,0" yaku="8,1,52,1" doraHai="75" who="1" fromWho="2" sc="224,0,281,26,136,-26,359,0" owari="224,-18.0,307,11.0,110,-39.0,359,46.0" /></mjloggm>