<mjloggm ver="2.3"><GO type="169" lobby="0"/><UN n0="%E3%82%A6%E3%83%AB%E3%83%88%E3%83%A9%E7%AB%8B%E7%9B%B4" n1="%E3%81%8A%E3%83%BC%E3%81%8F%E3%82%8A%E3%83%BC%E2%99%AA" n2="%E7%B4%A0%E6%9C%B4%E3%81%AA%E5%91%B3%E3%82%8F%E3%81%84" n3="%EF%BC%91%EF%BC%93%EF%BC%91%EF%BC%90" dan="16,16,16,16" rate="2116.17,2182.56,2101.16,2097.12" sx="M,M,M,F"/><TAIKYOKU oya="0"/><INIT seed="0,0,0,4,4,134" ten="250,250,250,250" oya="0" hai0="73,51,50,114,95,53,97,91,121,30,81,108,85" hai1="15,17,7,46,38,123,111,105,120,109,24,19,54" hai2="135,118,82,92,75,103,119,3,57,2,131,86,106" hai3="80,100,110,22,16,129,33,37,62,32,44,65,20"/><T72/><D121/><N who="1" m="46667" /><E54/><V89/><F57/><W68/><G110/><N who="1" m="41994" /><E46/><V74/><F2/><W124/><G129/><T79/><D114/><U84/><E84/><V61/><F61/><W122/><G122/><T126/><D108/><U64/><E64/><V102/><F3/><W13/><G124/><T23/><D126/><U6/><E105/><V60/><F60/><W9/><G100/><N who="2" m="38441" /><F135/><W21/><REACH who="3" step="1"/><G80/><REACH who="3" ten="250,250,250,240" step="2"/><T42/><D81/><U35/><E38/><V132/><F131/><W43/><AGARI ba="0,1" hai="9,13,16,20,21,22,32,33,37,43,44,62,65,68" machi="43" ten="30,8000,1" yaku="1,1,2,1,0,1,54,1,53,1" doraHai="134" doraHaiUra="36" who="3" fromWho="3" sc="250,-40,250,-20,250,-20,240,90" /><INIT seed="1,0,0,1,5,113" ten="210,230,230,330" oya="1" hai0="58,2,110,70,80,53,44,101,55,112,122,130,78" hai1="54,132,11,6,117,42,72,3,84,77,65,51,4" hai2="27,8,119,25,34,26,38,126,133,10,125,29,106" hai3="45,107,41,32,0,18,131,1,61,56,96,15,62"/><U43/><E132/><V31/><F106/><W37/><G32/><T5/><D70/><U19/><E4/><V81/><F38/><W128/><G107/><T24/><D112/><U63/><E72/><V95/><F81/><W120/><G96/><T39/><D110/><U87/><E117/><V121/><F95/><W23/><G120/><T48/><D130/><N who="3" m="49705" /><G62/><T14/><D101/><U111/><E111/><V64/><F64/><AGARI ba="0,0" hai="0,1,15,18,23,37,41,45,56,61,64" m="49705" machi="64" ten="30,1000,0" yaku="19,1" doraHai="113" who="3" fromWho="2" sc="210,0,230,0,230,-10,330,10" /><INIT seed="2,0,0,4,1,17" ten="210,230,220,340" oya="2" hai0="77,134,91,121,71,7,98,105,21,1,2,126,19" hai1="116,54,113,133,64,67,75,70,76,100,87,31,83" hai2="28,25,49,20,44,124,120,8,57,14,12,82,132" hai3="135,86,125,90,89,103,114,72,85,24,46,109,36"/><V118/><F118/><W0/><G0/><T69/><D121/><U104/><E116/><V107/><F120/><W94/><G109/><T27/><D126/><U47/><E113/><V108/><F107/><W96/><G125/><T9/><D134/><U102/><E133/><V18/><F124/><W6/><G6/><T37/><D37/><U106/><E31/><V78/><F132/><W99/><G135/><T59/><D1/><U74/><E70/><V5/><F108/><W45/><G114/><T3/><D3/><U131/><E131/><V117/><F117/><W30/><G72/><N who="1" m="27690" /><E54/><V35/><F57/><W63/><G63/><T112/><D112/><U52/><E52/><V38/><F38/><W127/><G127/><T51/><D51/><U22/><E47/><V115/><F115/><W93/><G36/><T41/><D41/><U43/><E43/><V23/><F44/><W95/><G99/><T123/><D59/><U40/><E40/><V60/><F60/><W79/><G79/><T111/><D123/><U39/><E39/><V34/><REACH who="2" step="1"/><F49/><REACH who="2" ten="210,230,210,340" step="2"/><W32/><AGARI ba="0,1" hai="24,30,32,45,46,85,86,89,90,93,94,95,96,103" machi="32" ten="20,2700,0" yaku="0,1,7,1,9,1" doraHai="17" who="3" fromWho="3" sc="210,-7,230,-7,210,-13,340,37" /><INIT seed="3,0,0,0,5,56" ten="203,223,197,377" oya="3" hai0="123,101,113,111,48,38,85,73,89,35,28,3,82" hai1="79,30,58,54,21,115,44,74,25,31,39,61,22" hai2="75,57,114,81,130,23,103,88,52,51,112,66,119" hai3="87,134,118,96,127,84,105,104,78,108,77,120,135"/><W60/><G60/><T14/><D3/><U24/><E115/><V26/><F119/><W110/><G118/><T109/><D38/><U95/><E95/><V116/><F116/><W128/><G128/><T59/><D123/><U71/><E71/><V46/><F130/><W49/><G49/><T37/><D37/><U126/><E126/><V18/><F103/><W10/><G10/><T132/><D73/><U106/><E106/><N who="3" m="41066" /><G96/><T7/><D35/><U76/><REACH who="1" step="1"/><E74/><REACH who="1" ten="203,213,197,377" step="2"/><V65/><F75/><W62/><G127/><T64/><D113/><U9/><E9/><V47/><F114/><W8/><G8/><T83/><D111/><N who="3" m="42537" /><G120/><T34/><D109/><U50/><E50/><V86/><REACH who="2" step="1"/><F112/><REACH who="2" ten="203,213,187,377" step="2"/><W100/><G100/><T11/><D101/><U92/><E92/><V36/><F36/><W29/><G134/><T12/><D132/><U20/><E20/><V68/><F68/><W42/><G135/><T107/><D107/><U5/><E5/><V13/><F13/><W93/><G93/><T27/><D14/><U122/><E122/><V90/><F90/><W67/><G77/><T121/><D121/><U53/><E53/><V131/><F131/><W2/><G78/><T91/><D12/><U17/><E17/><V41/><F41/><AGARI ba="0,2" hai="21,22,24,25,30,31,39,41,44,54,58,61,76,79" machi="41" ten="40,5200,0" yaku="1,1,9,1,52,1,53,0" doraHai="56" doraHaiUra="98" who="1" fromWho="2" sc="203,0,213,72,187,-52,377,0" /><INIT seed="4,0,0,5,2,62" ten="203,285,135,377" oya="0" hai0="56,22,13,95,83,60,97,92,47,1,20,106,57" hai1="73,51,59,123,63,4,77,75,53,111,66,82,29" hai2="119,91,80,120,121,24,34,117,25,7,41,131,36" hai3="37,105,68,110,103,132,114,58,127,6,70,104,96"/><T122/><D1/><U33/><E123/><V133/><F41/><W90/><G105/><T35/><D35/><U15/><E111/><V23/><F36/><W72/><G37/><T27/><D106/><U32/><E73/><V71/><F71/><W115/><G110/><T124/><D122/><U130/><E130/><V30/><F80/><W44/><G44/><T3/><D3/><U94/><E29/><N who="2" m="17567" /><F91/><W67/><G72/><T5/><D124/><U42/><E42/><V81/><F81/><W113/><G132/><T78/><D47/><U31/><E31/><V125/><F133/><W26/><G26/><T109/><D109/><U116/><E116/><N who="2" m="44619" /><F131/><W61/><G127/><T86/><D57/><U28/><E28/><V2/><F125/><W112/><G6/><T39/><D39/><U45/><E94/><N who="0" m="35881" /><D97/><U38/><E38/><V9/><AGARI ba="0,0" hai="2,7,9,25,30,34,120,121" m="44619,17567" machi="9" ten="30,4000,0" yaku="12,1,34,2" doraHai="62" who="2" fromWho="2" sc="203,-20,285,-10,135,40,377,-10" /><INIT seed="5,0,0,0,5,118" ten="183,275,175,367" oya="1" hai0="97,72,109,75,13,65,113,87,21,16,122,96,28" hai1="134,110,8,52,102,130,117,40,45,121,6,51,133" hai2="25,67,99,46,26,10,29,42,22,127,30,82,89" hai3="35,11,86,88,48,103,135,63,84,43,58,76,119"/><U116/><E102/><V106/><F127/><W34/><G119/><T49/><D109/><U124/><E110/><V5/><F67/><W132/><G103/><T68/><D65/><U104/><E104/><V60/><F106/><W78/><G11/><T31/><D68/><U131/><E40/><V4/><F60/><W93/><G48/><T77/><D75/><U100/><E100/><V74/><F74/><W64/><G43/><T24/><D72/><U129/><E121/><V36/><F10/><W62/><G62/><T115/><D49/><U17/><E17/><V57/><F57/><W80/><REACH who="3" step="1"/><G78/><REACH who="3" ten="183,275,175,357" step="2"/><T95/><D77/><U18/><E124/><V39/><F42/><W37/><G37/><T54/><D54/><U123/><E117/><V53/><F36/><W128/><G128/><T50/><D50/><U2/><E116/><V126/><F53/><W101/><G101/><T94/><D115/><U108/><E108/><V0/><F39/><W38/><G38/><T14/><D113/><U56/><E129/><V9/><F126/><W125/><G125/><T73/><D21/><U120/><E130/><V79/><F22/><W71/><G71/><T7/><D7/><U12/><E131/><V61/><F5/><W66/><G66/><T92/><D97/><U32/><E120/><V15/><F99/><W27/><G27/><T83/><D24/><U3/><E123/><V112/><F26/><W33/><AGARI ba="0,1" hai="33,34,35,58,63,64,76,80,84,86,88,93,132,135" machi="33" ten="40,5200,0" yaku="1,1,0,1,54,1,53,0" doraHai="118" doraHaiUra="19" who="3" fromWho="3" sc="183,-13,275,-26,175,-13,357,62" /><INIT seed="6,0,0,3,2,29" ten="170,249,162,419" oya="2" hai0="123,116,36,109,118,32,55,80,41,3,25,69,113" hai1="90,70,37,44,124,96,100,1,8,26,97,65,48" hai2="77,112,47,4,42,93,125,11,13,73,2,62,34" hai3="66,54,46,87,82,105,57,111,107,121,74,15,28"/><V133/><F112/><W64/><G74/><T132/><RYUUKYOKU type="yao9" ba="0,0" sc="170,0,249,0,162,0,419,0" hai0="3,25,32,36,41,55,69,80,109,113,116,118,123,132" /><INIT seed="6,1,0,4,1,87" ten="170,249,162,419" oya="2" hai0="120,121,56,43,27,25,133,78,89,37,96,107,118" hai1="11,131,113,0,18,20,46,65,14,19,34,95,50" hai2="39,32,99,101,114,54,57,16,71,103,60,86,51" hai3="76,123,126,111,40,26,125,124,100,66,9,128,30"/><V84/><F114/><W23/><G111/><T112/><D78/><U49/><E34/><V52/><F39/><W90/><G123/><T31/><D112/><U15/><E113/><V104/><F103/><W55/><G128/><T47/><D118/><U116/><E116/><V81/><F32/><W29/><G76/><T41/><D133/><U115/><E115/><V98/><F98/><W13/><G66/><T92/><D107/><U77/><E0/><V74/><F74/><W7/><G40/><T59/><D43/><U3/><E3/><V119/><F119/><W12/><G100/><T135/><D135/><U38/><E65/><V108/><F108/><W80/><G55/><T127/><D127/><U91/><E77/><V130/><F130/><W58/><G58/><T21/><REACH who="0" step="1"/><D27/><REACH who="0" ten="160,249,162,419" step="2"/><U70/><E131/><V109/><F109/><W17/><G26/><T73/><D73/><U1/><E38/><V68/><F71/><W106/><G106/><T85/><D85/><AGARI ba="1,1" hai="7,9,12,13,17,23,29,30,80,85,90,124,125,126" machi="85" ten="40,2600,0" yaku="18,1,52,1" doraHai="87" who="3" fromWho="0" sc="160,-29,249,0,162,0,419,39" /><INIT seed="7,0,0,0,2,103" ten="131,249,162,458" oya="3" hai0="56,102,51,96,133,99,94,90,63,64,44,116,117" hai1="78,81,74,105,3,39,57,61,110,41,66,120,34" hai2="135,97,53,88,25,85,6,109,55,121,10,112,46" hai3="113,22,17,76,124,127,30,7,67,131,122,52,107"/><W59/><G67/><T106/><REACH who="0" step="1"/><D133/><REACH who="0" ten="121,249,162,458" step="2"/><U89/><E110/><V128/><F135/><W129/><G129/><T42/><AGARI ba="0,1" hai="42,44,51,56,63,64,90,94,96,99,102,106,116,117" machi="42" ten="20,12000,2" yaku="21,2,2,1,0,1,7,1,52,1,53,0" doraHai="103" doraHaiUra="48" who="0" fromWho="0" sc="121,130,249,-30,162,-30,458,-60" owari="251,5.0,219,-18.0,132,-37.0,398,50.0" /></mjloggm>