<mjloggm ver="2.3"><GO type="169" lobby="0"/><UN n0="%E3%82%A6%E3%83%AB%E3%83%88%E3%83%A9%E7%AB%8B%E7%9B%B4" n1="%E3%83%95%E3%83%AA%E3%83%86%E3%83%B3" n2="%E4%BB%8A%E5%A4%9C%E3%81%AF%E5%BD%B9%E7%89%8C%E3%83%90%E3%83%83%E3%82%AF" n3="%E3%83%8A%E3%82%AC%E3%83%A4%E3%83%9E" dan="16,17,16,16" rate="2114.78,2113.81,2075.31,2127.24" sx="M,M,M,M"/><TAIKYOKU oya="0"/><INIT seed="0,0,0,0,5,66" ten="250,250,250,250" oya="0" hai0="8,93,107,73,126,52,67,6,55,48,57,12,128" hai1="51,9,56,97,89,110,72,3,43,4,86,40,90" hai2="54,47,81,101,95,119,17,113,76,106,64,2,20" hai3="58,125,104,38,103,127,109,34,19,70,96,78,85"/><T87/><D126/><N who="3" m="48137" /><G38/><T50/><D128/><U46/><E110/><V28/><F113/><W130/><G34/><T42/><D107/><U36/><E72/><V60/><F2/><W65/><G109/><T25/><D73/><U63/><E97/><V135/><F135/><W84/><G130/><T131/><D131/><U77/><E36/><V16/><F106/><W68/><G19/><T99/><D25/><U24/><E40/><V21/><F101/><W30/><G30/><T88/><D42/><U23/><E77/><V117/><F95/><W44/><G44/><N who="0" m="27719" /><D67/><U32/><E86/><AGARI ba="0,0" hai="6,8,12,48,55,57,86,87,88,93,99" m="27719" machi="86" ten="30,5800,0" yaku="8,1,54,2" doraHai="66" who="0" fromWho="1" sc="250,58,250,-58,250,0,250,0" /><INIT seed="0,1,0,4,3,71" ten="308,192,250,250" oya="0" hai0="22,84,0,126,114,54,88,83,115,19,63,62,125" hai1="55,78,31,130,44,2,52,105,77,95,8,128,56" hai2="11,118,129,100,121,119,108,49,60,66,98,132,65" hai3="99,134,50,103,48,25,70,96,24,23,111,21,37"/><T20/><D0/><U107/><E31/><V38/><F121/><W73/><G70/><T68/><D22/><U13/><E2/><V36/><F108/><W12/><G73/><T127/><D54/><N who="1" m="20523" /><E56/><N who="2" m="36999" /><F132/><W67/><G67/><N who="0" m="41079" /><D63/><U30/><E30/><V10/><F129/><N who="1" m="49769" /><E95/><N who="2" m="58463" /><F66/><W3/><G3/><T14/><AGARI ba="1,0" hai="14,19,20,83,84,88,114,115,125,126,127" m="41079" machi="14" ten="30,3000,0" yaku="18,1,54,1" doraHai="71" who="0" fromWho="0" sc="308,33,192,-11,250,-11,250,-11" /><INIT seed="0,2,0,3,2,39" ten="341,181,239,239" oya="0" hai0="83,79,67,135,78,72,19,18,13,124,120,11,117" hai1="75,53,92,110,118,23,93,133,10,33,81,20,60" hai2="104,28,80,55,37,22,16,77,61,126,70,82,122" hai3="85,114,47,48,49,2,9,59,1,63,27,115,123"/><T50/><D120/><U24/><E118/><V7/><F122/><W30/><G123/><T112/><D117/><U31/><E110/><V12/><F104/><W127/><G127/><T17/><D112/><U42/><E133/><V45/><F126/><W54/><G85/><T40/><D124/><U44/><E10/><V109/><F109/><W58/><G49/><T14/><D135/><U5/><E5/><V113/><F113/><W68/><G68/><T4/><D67/><U64/><E53/><V125/><F125/><W103/><G103/><T121/><D79/><U95/><E81/><V69/><F80/><W132/><G59/><T25/><D25/><U74/><E74/><V101/><F101/><W32/><G132/><T91/><D91/><U86/><E86/><V71/><F7/><W15/><G114/><T3/><REACH who="0" step="1"/><D121/><REACH who="0" ten="331,181,239,239" step="2"/><U6/><E75/><V29/><F77/><W57/><G115/><T21/><D21/><U73/><E73/><V90/><F90/><W52/><REACH who="3" step="1"/><G58/><REACH who="3" ten="331,181,239,229" step="2"/><T46/><AGARI ba="2,2" hai="3,4,11,13,14,17,18,19,40,46,50,72,78,83" machi="46" ten="30,6000,0" yaku="1,1,0,1,52,1,53,0" doraHai="39" doraHaiUra="51" who="0" fromWho="0" sc="331,86,181,-22,239,-22,229,-22" /><INIT seed="0,3,0,3,3,72" ten="417,159,217,207" oya="0" hai0="118,115,135,96,18,116,73,57,41,125,45,15,29" hai1="28,52,46,113,3,89,12,43,71,24,70,56,47" hai2="120,0,81,93,76,34,58,61,36,91,64,97,39" hai3="1,121,92,55,30,104,111,100,9,85,31,78,53"/><T27/><D115/><U119/><E3/><V112/><F112/><W60/><G121/><T102/><D125/><U105/><E119/><V75/><F120/><W54/><G111/><T117/><D135/><U19/><E105/><V26/><REACH who="2" step="1"/><F0/><REACH who="2" ten="417,159,207,207" step="2"/><W103/><G1/><T22/><D116/><U95/><E113/><V62/><F62/><W88/><G60/><T42/><D117/><U6/><E70/><V132/><F132/><W25/><G104/><T80/><D118/><U50/><E71/><V32/><F32/><W83/><G9/><T51/><D57/><U4/><E56/><V123/><F123/><W130/><G130/><T134/><D134/><U67/><E47/><V109/><F109/><W37/><G37/><T33/><D45/><U128/><E128/><V16/><F16/><W94/><G30/><AGARI ba="3,1" hai="26,30,34,36,39,58,61,64,75,76,81,91,93,97" machi="30" ten="40,2600,0" yaku="1,1,52,1,53,0" doraHai="72" doraHaiUra="65" who="2" fromWho="3" sc="417,0,159,0,207,45,207,-35" /><INIT seed="1,0,0,0,5,133" ten="417,159,252,172" oya="1" hai0="71,8,126,50,2,16,79,101,14,111,81,17,35" hai1="118,45,84,75,26,49,82,56,13,54,113,4,6" hai2="46,132,103,57,55,127,125,110,119,88,53,31,99" hai3="108,36,30,128,96,27,39,130,93,15,104,24,21"/><U0/><E113/><V18/><F132/><W1/><G1/><T98/><D71/><U129/><E118/><V77/><F119/><W85/><G108/><T7/><D35/><U11/><E75/><V62/><F110/><W67/><G67/><T114/><D114/><U66/><E129/><N who="3" m="49770" /><G15/><T107/><D111/><U32/><E32/><V109/><F109/><W83/><G104/><T59/><D126/><N who="2" m="48138" /><F77/><N who="3" m="46319" /><G27/><T70/><D70/><U65/><E26/><V131/><F131/><W19/><G19/><T34/><D34/><U12/><E0/><V38/><F31/><W117/><G117/><T97/><D14/><U120/><E120/><V90/><F18/><W124/><G124/><T121/><D121/><U58/><E65/><V69/><F69/><W100/><AGARI ba="0,0" hai="21,24,30,36,39,93,96,100" m="46319,49770" machi="100" ten="30,1100,0" yaku="19,1" doraHai="133" who="3" fromWho="3" sc="417,-3,159,-5,252,-3,172,11" /><INIT seed="2,0,0,4,3,73" ten="414,154,249,183" oya="2" hai0="118,55,116,67,112,95,33,76,16,60,135,66,90" hai1="45,2,20,34,125,6,17,71,126,15,56,28,29" hai2="44,62,129,131,8,105,91,109,114,51,122,57,100" hai3="121,78,10,106,82,107,84,65,128,96,123,48,4"/><V70/><F122/><W94/><G128/><N who="2" m="49225" /><F114/><W64/><G48/><T21/><D33/><U25/><E71/><V93/><F70/><W13/><G123/><T26/><D112/><U86/><E56/><V87/><F109/><W14/><G121/><T36/><D36/><U49/><E29/><V7/><F105/><W113/><G113/><T99/><D135/><U124/><E86/><V46/><F100/><W19/><G107/><T68/><D66/><U101/><E101/><V92/><F92/><W11/><REACH who="3" step="1"/><G106/><REACH who="3" ten="414,154,249,173" step="2"/><T47/><D116/><U117/><E117/><V132/><F51/><W80/><G80/><T27/><D118/><U83/><E83/><V52/><F132/><W72/><G72/><T12/><D47/><U39/><E39/><V37/><F37/><W58/><G58/><T89/><D68/><U53/><E125/><V127/><F127/><W102/><AGARI ba="0,1" hai="4,10,11,13,14,19,64,65,78,82,84,94,96,102" machi="102" ten="20,12000,2" yaku="1,1,0,1,7,1,8,1,52,1,53,1" doraHai="73" doraHaiUra="3" who="3" fromWho="3" sc="414,-30,154,-30,249,-60,173,130" /><INIT seed="3,0,0,5,1,75" ten="384,124,189,303" oya="3" hai0="105,53,28,50,34,56,8,2,95,55,102,32,12" hai1="63,119,60,49,74,43,58,117,61,109,19,127,27" hai2="130,65,115,35,126,128,84,24,71,107,13,15,114" hai3="81,91,89,131,133,57,124,51,103,29,87,78,101"/><W135/><G29/><T111/><D2/><U77/><E109/><V6/><F107/><W23/><G23/><T5/><D111/><U41/><E127/><V90/><F126/><W52/><G124/><T40/><D40/><U59/><E27/><V25/><F65/><W33/><G33/><T80/><D28/><U116/><E19/><V16/><F71/><W86/><G131/><N who="2" m="50217" /><F6/><W7/><G7/><T93/><D105/><U69/><E69/><V14/><F35/><W20/><G20/><T110/><D110/><U100/><E100/><N who="3" m="38474" /><G87/><T42/><D102/><U10/><E10/><V83/><F16/><W48/><G51/><T125/><D8/><U120/><E120/><V31/><F31/><W47/><G57/><N who="1" m="21514" /><E49/><V104/><F104/><W92/><G92/><T113/><D93/><U85/><E85/><V132/><F132/><AGARI ba="0,0" hai="47,48,52,78,81,86,89,91,132,133,135" m="38474" machi="132" ten="30,5800,0" yaku="20,1,52,1,54,1" doraHai="75" who="3" fromWho="2" sc="384,0,124,0,189,-58,303,58" /><INIT seed="3,1,0,5,3,5" ten="384,124,131,361" oya="3" hai0="80,17,4,103,24,74,77,66,79,94,55,38,121" hai1="32,98,58,72,114,52,118,99,76,51,9,133,31" hai2="78,85,59,135,106,63,134,86,68,112,53,6,101" hai3="61,91,0,126,12,21,105,111,102,7,50,73,129"/><W65/><G73/><T30/><D121/><U29/><E114/><V25/><F112/><W13/><G126/><T43/><D79/><U54/><E133/><N who="2" m="50699" /><F6/><W49/><G129/><T28/><D66/><U116/><E54/><V124/><F124/><W45/><G111/><T127/><D55/><U81/><E9/><V10/><F10/><W90/><G102/><T130/><D17/><U113/><E113/><V131/><F131/><W19/><G105/><T75/><D75/><U56/><E56/><V71/><F25/><W2/><G2/><T107/><D94/><U97/><REACH who="1" step="1"/><E32/><REACH who="1" ten="384,114,131,361" step="2"/><V14/><F71/><W95/><G0/><T41/><D127/><U84/><E84/><V48/><F85/><W132/><G132/><T57/><D57/><U20/><E20/><V92/><F68/><W64/><G64/><T36/><D130/><U125/><E125/><V42/><F42/><W1/><G1/><T104/><D43/><U35/><E35/><V108/><F59/><N who="3" m="37055" /><G45/><T123/><D74/><U87/><E87/><V39/><F86/><N who="3" m="52695" /><G91/><T62/><D41/><U119/><AGARI ba="1,1" hai="29,31,51,52,58,72,76,81,97,98,99,116,118,119" machi="119" ten="40,8000,1" yaku="1,1,0,1,12,1,54,1,53,0" doraHai="5" doraHaiUra="16" who="1" fromWho="1" sc="384,-21,114,93,131,-21,361,-41" /><INIT seed="4,0,0,0,2,73" ten="363,207,110,320" oya="0" hai0="116,41,86,113,33,100,1,80,57,128,14,27,53" hai1="79,23,74,4,132,6,8,89,91,125,126,109,44" hai2="12,110,62,18,103,60,30,107,10,135,37,25,55" hai3="95,49,129,111,2,21,61,29,20,96,65,17,118"/><T114/><D1/><N who="1" m="15" /><E109/><V78/><F110/><W115/><G111/><T36/><D100/><U72/><E6/><V119/><F37/><W7/><G118/><T97/><D97/><U56/><E132/><V106/><F135/><W99/><G115/><N who="0" m="44043" /><D14/><U59/><E44/><V51/><F107/><W34/><G129/><T32/><D128/><U76/><E23/><V39/><F39/><W81/><G34/><T64/><D64/><U85/><E74/><V84/><F103/><W90/><G29/><T105/><D105/><U52/><E72/><V47/><F106/><W124/><G124/><N who="1" m="47722" /><E59/><V87/><F119/><W26/><G21/><T31/><D116/><U112/><E112/><V63/><REACH who="2" step="1"/><F78/><REACH who="2" ten="363,207,100,320" step="2"/><N who="1" m="29737" /><E85/><V122/><F122/><W102/><G2/><T0/><D0/><U108/><E108/><V69/><F69/><W46/><G7/><T15/><D86/><U54/><E54/><V38/><F38/><W16/><G20/><AGARI ba="0,1" hai="10,12,18,20,25,30,47,51,55,60,62,63,84,87" machi="20" ten="40,5200,0" yaku="1,1,8,1,53,1" doraHai="73" doraHaiUra="50" who="2" fromWho="3" sc="363,0,207,0,100,62,320,-52" /><INIT seed="5,0,0,3,5,106" ten="363,207,162,268" oya="1" hai0="98,72,77,93,85,56,68,13,33,76,112,123,31" hai1="1,94,122,125,107,63,40,119,130,66,21,7,67" hai2="9,71,73,100,132,113,124,8,42,6,26,81,30" hai3="12,0,55,41,34,97,45,90,80,129,75,2,95"/><U110/><E107/><V52/><F71/><W11/><G34/><T39/><D68/><U114/><E119/><V59/><F124/><W83/><G129/><T111/><D39/><U49/><E122/><V38/><F132/><W19/><G55/><T35/><D35/><U32/><E32/><V116/><F100/><W102/><G83/><T53/><D72/><U36/><E36/><V47/><F116/><W104/><G80/><T27/><D85/><U20/><E67/><V105/><F105/><W126/><G75/><T28/><D28/><U79/><E79/><V91/><F113/><W62/><G62/><T17/><D112/><U108/><E130/><V48/><F6/><W16/><G19/><T54/><D53/><U92/><E114/><V88/><F91/><W134/><G126/><T65/><D65/><U128/><E128/><V127/><F127/><W117/><G134/><T58/><D56/><U96/><E125/><V15/><F15/><W99/><REACH who="3" step="1"/><G117/><REACH who="3" ten="363,207,162,258" step="2"/><T87/><D54/><U22/><E63/><V51/><F38/><AGARI ba="0,1" hai="0,2,11,12,16,38,41,45,90,95,97,99,102,104" machi="38" ten="30,7700,0" yaku="1,1,2,1,7,1,54,1,53,0" doraHai="106" doraHaiUra="44" who="3" fromWho="2" sc="363,0,207,0,162,-77,258,87" /><INIT seed="6,0,0,1,4,61" ten="363,207,85,345" oya="2" hai0="17,89,85,119,110,102,42,83,86,93,20,55,113" hai1="123,97,122,72,101,127,19,36,16,24,131,133,22" hai2="90,10,44,45,115,15,63,91,64,35,3,27,103" hai3="125,124,66,77,71,1,94,5,111,25,135,84,30"/><V96/><F3/><W74/><G111/><T48/><D110/><U59/><E72/><V132/><F132/><W62/><G135/><T40/><D113/><U6/><E36/><V57/><F115/><W33/><G84/><T75/><D75/><U23/><E6/><V12/><F35/><W54/><G94/><T43/><D119/><U99/><E133/><V9/><F27/><W130/><G54/><T81/><D102/><U13/><E127/><N who="3" m="48714" /><G130/><T18/><D86/><U95/><E131/><V47/><F103/><W121/><G121/><N who="1" m="46090" /><E99/><V112/><F112/><W98/><G98/><T4/><D4/><U50/><E50/><V34/><F34/><W108/><G108/><T100/><D100/><U65/><E59/><V39/><F39/><W68/><G68/><T129/><D129/><U2/><E2/><V46/><N who="2" m="11264" /><DORA hai="126" /><V105/><F105/><W31/><G31/><T11/><D48/><U107/><E65/><V106/><F106/><AGARI ba="0,0" hai="13,16,19,22,23,24,95,97,101,106,107" m="46090" machi="106" ten="30,2000,0" yaku="13,1,54,1" doraHai="61,126" who="1" fromWho="2" sc="363,0,207,20,85,-20,345,0" /><INIT seed="7,0,0,2,3,8" ten="363,227,65,345" oya="3" hai0="19,67,7,127,123,79,132,131,21,53,92,80,49" hai1="124,39,33,42,70,15,87,106,98,111,14,29,54" hai2="102,37,16,50,112,12,68,82,59,119,22,69,93" hai3="133,120,61,26,116,89,66,32,128,76,104,95,86"/><W83/><G120/><T91/><D123/><U30/><E111/><V109/><F37/><W81/><G116/><T10/><D67/><U41/><E70/><V72/><F119/><W84/><G104/><T135/><D127/><U44/><E124/><V115/><F109/><W17/><G128/><T51/><D131/><U130/><E130/><V73/><F69/><W64/><G133/><T134/><D10/><U2/><E2/><V52/><F68/><W28/><G17/><T9/><D21/><U97/><E87/><V101/><F93/><W62/><REACH who="3" step="1"/><G95/><REACH who="3" ten="363,227,65,335" step="2"/><T0/><D19/><U110/><E106/><V126/><F126/><W18/><G18/><T58/><D92/><U88/><E110/><V40/><F40/><W31/><G31/><T3/><D91/><U23/><E33/><V60/><F60/><AGARI ba="0,1" hai="26,28,32,60,61,62,64,66,76,81,83,84,86,89" machi="60" ten="40,2000,0" yaku="1,1,53,0" doraHai="8" doraHaiUra="94" who="3" fromWho="2" sc="363,0,227,0,65,-20,335,30" owari="363,16.0,227,-17.0,45,-45.0,365,46.0" /></mjloggm>