<mjloggm ver="2.3"><GO type="97" lobby="0"/><UN n0="%E5%B0%B1%E6%B4%BB%E7%94%9F%40%E5%B7%9D%E6%9D%91%E8%BB%8D%E5%9B%A3" n1="%31%33%36%30" n2="%6D%61%72%6F%72%6F%6E" n3="%79%61%6D%61%68%69%72%6F" dan="15,14,13,15" rate="1982.04,1989.37,1855.84,2003.70" sx="M,M,M,M"/><TAIKYOKU oya="0"/><INIT seed="0,0,0,1,4,45" ten="250,250,250,250" oya="0" hai0="62,11,88,131,135,125,96,31,18,41,24,76,64" hai1="109,34,85,52,91,37,122,8,87,47,124,71,9" hai2="113,65,102,66,106,127,120,107,23,68,104,51,123" hai3="59,43,103,57,36,93,116,27,15,80,29,128,54"/><T77/><D125/><U97/><E34/><V100/><F127/><W38/><G116/><T56/><D135/><U69/><E122/><V6/><F6/><W49/><G128/><T84/><D131/><U42/><E124/><V39/><F39/><W0/><G0/><T48/><D96/><U12/><E109/><V63/><F113/><W44/><G80/><N who="0" m="49159" /><D31/><U32/><E32/><V30/><F23/><W3/><G3/><T115/><D115/><U7/><E97/><V14/><F14/><W22/><G15/><N who="0" m="7551" /><D24/><U19/><E87/><V86/><F86/><W83/><G83/><T28/><D28/><U98/><E98/><V35/><F35/><W117/><G117/><T94/><D94/><U89/><E91/><V72/><F30/><W60/><G103/><T108/><D108/><U119/><E119/><V70/><F72/><W81/><G93/><T16/><D16/><U33/><E33/><V58/><F58/><W130/><G81/><T53/><D41/><U129/><E129/><V50/><F107/><W75/><G130/><T1/><D1/><U4/><E19/><V101/><F101/><W67/><G75/><T55/><D64/><U92/><REACH who="1" step="1"/><E52/><REACH who="1" ten="250,240,250,250" step="2"/><V132/><F132/><W99/><REACH who="3" step="1"/><G99/><REACH who="3" ten="250,240,250,240" step="2"/><T10/><D10/><U105/><E105/><V13/><F106/><W82/><G82/><T126/><D126/><U17/><E17/><V46/><F104/><W112/><G112/><T78/><D78/><U118/><E118/><V21/><F123/><W79/><G79/><T111/><D111/><U134/><E134/><V25/><F120/><W5/><G5/><RYUUKYOKU ba="0,2" sc="250,10,240,10,250,-30,240,10" hai0="48,53,55,56,62,76,77" hai1="4,7,8,9,12,37,42,47,69,71,85,89,92" hai3="22,27,29,36,38,43,44,49,54,57,59,60,67" /><INIT seed="0,1,2,5,0,85" ten="260,250,220,250" oya="0" hai0="84,64,20,95,18,53,75,27,116,10,107,35,30" hai1="39,52,73,44,2,114,36,74,7,122,106,58,111" hai2="9,1,21,3,16,96,93,128,94,11,131,63,130" hai3="103,90,13,23,69,127,126,79,62,0,113,8,129"/><T135/><D107/><U28/><E122/><V71/><F71/><W66/><G113/><T133/><D116/><U112/><E106/><V78/><F78/><W5/><G129/><T97/><D75/><N who="1" m="28683" /><E28/><V38/><F38/><N who="1" m="14377" /><E44/><V57/><F93/><W33/><G33/><T51/><D64/><U67/><E67/><N who="2" m="39407" /><F11/><W59/><G79/><T104/><D104/><U56/><E111/><V86/><F86/><W41/><G41/><T32/><D84/><U70/><E70/><V48/><F48/><W25/><G0/><T6/><D6/><U45/><E7/><V132/><F132/><N who="0" m="50762" /><D10/><U121/><E121/><V81/><F81/><W92/><G69/><T109/><D109/><U37/><N who="1" m="14385" /><U42/><DORA hai="77" /><E42/><V34/><F9/><W15/><G15/><T65/><D65/><U80/><E80/><V40/><F40/><W101/><G103/><N who="0" m="60863" /><D30/><U31/><E31/><V17/><F34/><W72/><G72/><T120/><D120/><U46/><E2/><N who="2" m="523" /><F21/><W24/><G101/><AGARI ba="1,2" hai="16,17,94,96,101,128,130,131" m="523,39407" machi="101" ten="40,2600,0" yaku="19,1,54,1" doraHai="85,77" who="2" fromWho="3" sc="260,0,250,0,220,49,250,-29" /><INIT seed="1,0,0,1,4,56" ten="260,250,269,221" oya="1" hai0="61,36,53,10,8,24,114,37,27,60,115,29,87" hai1="26,14,103,80,5,54,101,71,86,6,78,104,67" hai2="11,105,126,12,93,34,55,107,3,31,42,49,124" hai3="45,82,106,135,90,72,131,7,70,32,120,69,127"/><U122/><E122/><V17/><F3/><W66/><G120/><T30/><REACH who="0" step="1"/><D87/><REACH who="0" ten="250,250,269,221" step="2"/><U0/><E0/><V83/><F126/><W28/><G127/><T74/><D74/><U75/><E75/><V81/><F124/><W65/><G72/><T102/><D102/><U96/><E101/><V84/><F84/><W121/><G121/><T100/><D100/><U128/><E128/><V110/><F107/><W13/><G135/><T112/><D112/><U1/><E1/><V91/><F105/><W133/><G131/><T44/><D44/><U59/><E26/><V113/><F113/><W109/><G133/><T134/><D134/><U63/><REACH who="1" step="1"/><E14/><REACH who="1" ten="250,240,269,221" step="2"/><V111/><F12/><W25/><G13/><T117/><D117/><U85/><E85/><V94/><F111/><W18/><G25/><T118/><D118/><U57/><E57/><V52/><F110/><W39/><G109/><T35/><D35/><U2/><E2/><V43/><F34/><W108/><G32/><T58/><D58/><U119/><E119/><V51/><F91/><W41/><G108/><T77/><D77/><U46/><E46/><V62/><F43/><W99/><G45/><T47/><D47/><U88/><E88/><V98/><F42/><W89/><G41/><T4/><D4/><U64/><E64/><V73/><F73/><W38/><G7/><T20/><D20/><U22/><E22/><V76/><F76/><W130/><G130/><T21/><D21/><U125/><E125/><V33/><F33/><W95/><G90/><T19/><D19/><U97/><E97/><V40/><F98/><RYUUKYOKU ba="0,2" sc="250,15,240,15,269,-15,221,-15" hai0="8,10,24,27,29,30,36,37,53,60,61,114,115" hai1="5,6,54,59,63,67,71,78,80,86,96,103,104" /><INIT seed="1,1,2,2,2,29" ten="265,255,254,206" oya="1" hai0="30,64,106,68,102,3,114,110,119,132,18,22,32" hai1="100,16,10,113,120,108,49,89,91,41,97,86,103" hai2="45,121,63,109,70,20,95,81,99,28,92,116,54" hai3="7,69,47,14,122,126,6,72,46,130,36,61,34"/><U98/><E113/><V78/><F116/><W125/><G72/><T57/><D114/><U51/><E120/><V42/><F121/><W128/><G122/><T25/><D119/><U12/><E108/><V37/><F109/><W80/><G80/><T94/><D110/><U19/><E41/><V66/><F54/><W117/><G117/><T93/><D3/><U38/><E38/><V44/><F44/><N who="3" m="16939" /><G36/><T1/><D1/><U33/><E33/><V73/><REACH who="2" step="1"/><F99/><REACH who="2" ten="265,255,244,206" step="2"/><W101/><G61/><T133/><D133/><U11/><E86/><V111/><F111/><W0/><G69/><T107/><D132/><U83/><E83/><V129/><F129/><N who="3" m="49771" /><G101/><T4/><D68/><U104/><E104/><V84/><F84/><W87/><G87/><T62/><D102/><U58/><E58/><V9/><F9/><N who="3" m="2247" /><G34/><T2/><D106/><U65/><E12/><V15/><F15/><W26/><G26/><AGARI ba="1,3" hai="20,26,28,37,42,45,63,66,70,73,78,81,92,95" machi="26" ten="40,2600,0" yaku="1,1,53,1" doraHai="29" doraHaiUra="39" who="2" fromWho="3" sc="265,0,255,0,244,59,206,-29" /><INIT seed="2,0,0,2,3,34" ten="265,255,303,177" oya="2" hai0="104,97,112,102,77,116,66,32,74,73,30,14,90" hai1="2,88,121,103,40,13,42,26,56,115,70,114,120" hai2="52,72,133,48,89,131,94,19,124,27,41,118,119" hai3="129,128,99,36,24,22,57,81,132,35,76,93,106"/><V85/><F72/><W135/><G36/><T87/><D112/><N who="1" m="43051" /><E103/><V67/><F133/><N who="3" m="51275" /><G35/><T10/><D116/><U107/><E107/><V117/><F131/><N who="3" m="50251" /><G57/><T65/><D30/><U111/><E13/><V110/><F110/><W82/><G24/><T60/><D32/><U46/><E26/><V1/><F67/><W64/><G22/><T4/><D77/><U126/><E111/><V80/><F41/><N who="1" m="15977" /><E70/><V130/><F130/><W96/><G64/><T113/><D113/><U43/><E88/><V0/><F27/><W18/><G18/><T122/><D66/><U38/><E2/><V92/><F19/><W53/><G53/><T7/><D122/><N who="1" m="47211" /><E56/><V83/><F83/><N who="3" m="31755" /><G76/><T62/><D4/><U91/><E91/><V44/><F117/><W45/><G45/><T20/><D20/><U63/><E63/><V86/><F118/><W8/><G8/><T134/><D62/><U16/><E16/><V109/><F119/><W33/><G33/><T108/><D134/><U69/><E69/><V37/><F37/><W17/><G17/><T58/><D108/><U39/><E38/><V51/><F109/><W95/><G106/><T12/><D12/><U47/><E46/><V59/><F59/><W49/><G49/><T11/><D11/><U101/><E101/><V71/><F71/><W79/><G79/><T98/><D10/><U28/><E28/><V15/><F51/><W55/><G55/><T61/><D61/><U84/><E84/><V125/><F15/><W68/><G68/><T105/><D14/><U9/><E9/><V29/><F86/><W25/><G25/><RYUUKYOKU ba="0,0" sc="265,-15,255,15,303,-15,177,15" hai1="39,43,47,126" hai3="93,95,96,99" /><INIT seed="3,1,0,4,0,98" ten="250,270,288,192" oya="3" hai0="10,101,34,22,2,88,41,132,109,64,134,119,51" hai1="45,69,102,110,26,107,87,60,4,23,28,112,104" hai2="32,9,40,52,65,89,18,117,91,118,44,17,62" hai3="16,31,75,36,128,123,86,74,93,55,12,120,130"/><W111/><G36/><T63/><D34/><U39/><E112/><V105/><F32/><W73/><G31/><T106/><D119/><U49/><E39/><V85/><F105/><W0/><G0/><T14/><D109/><U13/><E110/><V20/><F118/><W61/><G111/><T115/><D115/><U78/><E107/><V108/><F108/><W3/><G3/><T46/><D2/><U27/><E27/><V99/><F117/><W114/><G114/><T77/><D77/><U6/><E13/><N who="2" m="7343" /><F99/><W83/><G93/><T29/><D29/><U43/><E87/><V121/><F121/><W81/><G55/><T15/><D22/><U124/><E78/><V7/><F7/><W21/><G61/><T47/><D47/><U33/><E23/><V103/><F103/><W94/><G94/><T67/><D67/><N who="1" m="41191" /><E124/><V71/><F71/><W96/><G96/><AGARI ba="1,0" hai="4,6,26,28,33,43,45,49,96,102,104" m="41191" machi="96" ten="30,2000,0" yaku="25,1,52,1" doraHai="98" who="1" fromWho="3" sc="250,0,270,23,288,0,192,-23" /><INIT seed="4,0,0,4,5,48" ten="250,293,288,169" oya="0" hai0="110,93,40,12,75,89,50,79,68,72,96,83,109" hai1="114,8,5,103,82,2,39,108,36,124,84,4,56" hai2="25,126,113,117,116,20,30,88,57,87,18,42,112" hai3="44,9,43,11,99,23,6,70,101,61,118,45,67"/><T22/><D68/><U104/><E108/><N who="0" m="41577" /><D40/><U106/><E5/><V105/><F105/><W134/><G118/><N who="2" m="45673" /><F126/><W91/><G134/><T77/><D50/><U19/><E124/><V76/><F76/><N who="0" m="29258" /><D22/><U59/><E114/><N who="2" m="44139" /><F57/><W37/><G91/><N who="0" m="55359" /><D12/><U13/><E39/><V41/><F30/><W90/><G90/><T10/><D10/><U95/><E36/><V7/><F7/><W54/><G23/><T62/><D62/><U16/><E19/><V71/><F71/><W120/><G120/><T14/><D14/><U49/><E2/><V81/><AGARI ba="0,0" hai="18,20,25,41,42,81,87,88" m="44139,45673" machi="81" ten="30,4000,0" yaku="12,1,15,1,54,1" doraHai="48" who="2" fromWho="2" sc="250,-20,293,-10,288,40,169,-10" owari="230,-17.0,283,8.0,328,43.0,159,-34.0" /></mjloggm>