<mjloggm ver="2.3"><GO type="169" lobby="0"/><UN n0="%41%49%53%4C%49%4E%4E" n1="%53%48%49%53%55%4B%45" n2="%E3%82%A6%E3%83%AB%E3%83%88%E3%83%A9%E7%AB%8B%E7%9B%B4" n3="%7A%6B%75%72%74" dan="16,16,18,18" rate="2122.27,2110.02,2237.39,2185.40" sx="F,M,M,M"/><TAIKYOKU oya="0"/><INIT seed="0,0,0,2,5,40" ten="250,250,250,250" oya="0" hai0="89,48,51,110,63,96,28,69,116,24,134,81,113" hai1="126,78,25,83,125,70,79,9,91,108,15,95,14" hai2="67,117,98,1,53,104,42,135,17,119,27,23,86" hai3="102,0,76,47,74,26,115,131,105,31,65,72,49"/><T57/><D113/><U123/><E70/><V56/><F135/><W54/><G0/><T97/><D116/><N who="2" m="44618" /><F1/><W66/><G115/><T92/><D134/><U87/><E123/><V88/><F67/><W2/><G2/><T7/><D7/><U44/><E108/><V124/><F124/><N who="1" m="47721" /><E25/><V55/><F42/><W58/><G131/><T71/><D110/><U62/><E62/><V103/><F56/><W93/><G105/><T68/><D81/><AGARI ba="0,0" hai="17,23,27,53,55,81,86,88,98,103,104" m="44618" machi="81" ten="30,2000,0" yaku="12,1,54,1" doraHai="40" who="2" fromWho="0" sc="250,-20,250,0,250,20,250,0" /><INIT seed="1,0,0,4,4,104" ten="230,250,270,250" oya="1" hai0="123,107,81,78,51,126,115,38,3,30,32,98,80" hai1="117,4,2,22,112,87,35,9,31,46,18,44,114" hai2="41,57,47,118,90,7,66,121,1,74,48,86,116" hai3="106,13,122,132,70,96,28,72,125,27,111,85,108"/><U61/><E117/><V68/><F121/><W84/><G122/><T5/><D115/><U0/><E0/><V100/><F100/><W69/><G125/><T76/><D126/><U64/><E112/><V8/><F68/><W88/><G132/><T135/><D135/><U113/><E113/><V16/><F74/><W54/><G54/><T94/><D107/><U83/><E31/><V103/><F103/><N who="3" m="62823" /><G13/><T53/><D38/><U42/><E35/><V12/><F66/><W89/><G72/><T97/><D123/><U59/><E114/><V14/><F57/><W40/><G40/><T43/><D43/><U63/><E63/><V93/><REACH who="2" step="1"/><F1/><REACH who="2" ten="230,250,260,250" step="2"/><W133/><G133/><T79/><D3/><U119/><E119/><V37/><F37/><W127/><G127/><T101/><D5/><U92/><E42/><V10/><AGARI ba="0,1" hai="7,8,10,12,14,16,41,47,48,86,90,93,116,118" machi="10" ten="20,5200,0" yaku="1,1,0,1,7,1,54,1,53,0" doraHai="104" doraHaiUra="99" who="2" fromWho="2" sc="230,-13,250,-26,260,62,250,-13" /><INIT seed="2,0,0,2,4,53" ten="217,224,322,237" oya="2" hai0="13,133,75,67,23,116,45,15,58,66,113,47,70" hai1="5,102,32,87,123,126,84,89,19,80,85,81,127" hai2="61,10,31,76,71,114,121,48,26,115,86,74,24" hai3="108,34,56,6,129,99,79,16,11,100,122,36,57"/><V83/><F121/><W77/><G122/><T63/><D75/><U135/><E32/><V111/><F111/><W128/><G34/><T90/><D113/><U132/><E5/><V42/><F26/><W106/><G36/><T107/><D107/><U33/><E33/><V73/><F10/><W14/><G108/><T28/><D133/><N who="1" m="51275" /><E19/><V72/><F48/><W103/><G103/><T39/><D116/><U2/><E2/><V88/><F42/><W110/><G110/><T43/><D45/><U59/><E123/><V52/><F76/><N who="3" m="29259" /><G6/><T35/><D35/><U29/><E29/><V104/><F104/><W60/><G60/><T134/><D134/><U105/><E59/><V131/><F131/><W82/><G82/><N who="1" m="31850" /><E89/><V78/><F78/><W92/><G106/><T64/><D70/><U0/><E0/><V101/><F71/><W65/><G65/><T93/><D28/><U125/><E105/><V30/><F30/><W25/><G25/><T68/><D68/><U120/><E120/><V8/><F24/><W21/><G11/><T9/><D23/><U117/><E102/><V49/><F8/><W98/><G98/><T12/><REACH who="0" step="1"/><D9/><REACH who="0" ten="207,224,322,237" step="2"/><U69/><E69/><V97/><F31/><W37/><G37/><T46/><D46/><U38/><E38/><V18/><F114/><W27/><G27/><T3/><D3/><U51/><E51/><V55/><F49/><W95/><G129/><T118/><D118/><AGARI ba="0,1" hai="84,85,87,117,118,125,126,127" m="31850,51275" machi="118" ten="40,12000,2" yaku="28,2,18,1,20,1,34,2" doraHai="53" who="1" fromWho="0" sc="207,-120,224,130,322,0,237,0" /><INIT seed="3,0,0,2,0,43" ten="87,354,322,237" oya="3" hai0="57,69,76,42,106,9,97,38,47,27,1,60,20" hai1="18,6,90,131,117,74,101,45,72,134,130,77,0" hai2="23,88,41,11,40,70,85,135,35,98,14,64,91" hai3="111,113,16,114,7,87,2,66,92,75,63,56,8"/><W84/><G75/><T53/><D76/><U102/><E6/><V116/><F35/><W68/><G111/><T127/><D127/><U67/><E0/><V39/><F116/><W82/><G68/><T120/><D120/><U86/><E67/><V109/><F109/><W126/><G126/><T119/><D119/><U17/><E17/><V103/><F135/><W31/><G31/><T121/><D121/><U112/><E18/><V15/><F64/><W89/><REACH who="3" step="1"/><G16/><REACH who="3" ten="87,354,322,227" step="2"/><T44/><D69/><U28/><E28/><V48/><F70/><W110/><G110/><T59/><D27/><U105/><E74/><V129/><F11/><W22/><G22/><T24/><D24/><U65/><E72/><V83/><F23/><W30/><G30/><T123/><D20/><U96/><E117/><V132/><F132/><W133/><G133/><T54/><D123/><U3/><E134/><V5/><F129/><W78/><AGARI ba="0,1" hai="2,7,8,56,63,66,78,82,84,87,89,92,113,114" machi="78" ten="20,3900,0" yaku="1,1,0,1,7,1,53,0" doraHai="43" doraHaiUra="12" who="3" fromWho="3" sc="87,-13,354,-13,322,-13,227,49" /><INIT seed="3,1,0,2,4,56" ten="74,341,309,276" oya="3" hai0="42,27,43,96,92,94,63,61,101,55,26,72,11" hai1="25,133,41,110,38,115,75,46,37,89,113,86,81" hai2="119,45,59,116,105,57,13,109,36,88,20,40,50" hai3="60,18,65,104,31,131,85,58,21,70,3,97,91"/><W125/><G3/><T134/><D72/><U32/><E110/><V28/><F105/><W118/><G118/><T87/><D134/><U80/><E133/><V35/><F35/><W5/><G125/><T67/><D11/><U6/><E6/><V95/><F109/><W130/><G5/><T73/><D73/><U12/><E12/><V29/><F29/><W16/><G70/><T1/><D1/><U117/><E117/><V8/><F36/><W68/><G68/><T4/><D4/><U120/><E120/><V39/><F39/><W123/><G123/><T99/><D87/><U24/><E38/><V124/><F124/><W9/><G9/><T64/><D55/><U107/><E107/><V93/><F93/><W2/><G2/><T52/><D52/><U23/><E32/><V33/><F33/><W10/><G10/><T112/><REACH who="0" step="1"/><D101/><REACH who="0" ten="64,341,309,276" step="2"/><U14/><E75/><V49/><F8/><W90/><G130/><T98/><D98/><U53/><E53/><V128/><F128/><W48/><G131/><T22/><D22/><U103/><E103/><V62/><F20/><W76/><G21/><T129/><D129/><U84/><E84/><V135/><F135/><W83/><G31/><T121/><D121/><U47/><E23/><V54/><F28/><W7/><G7/><T66/><D66/><U126/><E126/><V0/><F0/><W34/><G34/><T71/><D71/><U51/><E86/><N who="2" m="52631" /><F13/><W82/><G48/><T108/><D108/><U19/><E51/><V44/><F59/><W122/><G122/><T102/><D102/><U127/><E127/><RYUUKYOKU ba="1,1" sc="64,15,341,-15,309,15,276,-15" hai0="26,27,42,43,61,63,64,67,92,94,96,99,112" hai2="40,44,45,49,50,54,57,62,116,119" /><INIT seed="4,2,1,3,0,135" ten="79,326,324,261" oya="0" hai0="63,84,97,43,24,132,83,80,126,90,81,116,0" hai1="2,36,96,74,106,73,12,71,133,86,27,92,35" hai2="64,20,53,11,125,47,42,57,95,103,41,66,46" hai3="19,100,108,118,30,48,122,111,128,87,60,10,28"/><T69/><D116/><U4/><E71/><V98/><F11/><W94/><G118/><T55/><D132/><U121/><E133/><V85/><F85/><W33/><G122/><T105/><D0/><U114/><E36/><V75/><F75/><W76/><G128/><T99/><D43/><N who="2" m="16394" /><F125/><W15/><G33/><T112/><D112/><U123/><E2/><V17/><F64/><W82/><G60/><T6/><D6/><U78/><E114/><V77/><F66/><W14/><G108/><T113/><D113/><U39/><E39/><V50/><F77/><W31/><G111/><T68/><D126/><U21/><E35/><V70/><F70/><W107/><G107/><T134/><D134/><U29/><E106/><V117/><F117/><W38/><G38/><T25/><D69/><U51/><E51/><V58/><F58/><W89/><G100/><T22/><D25/><AGARI ba="2,1" hai="17,20,25,46,47,50,53,57,95,98,103" m="16394" machi="25" ten="30,1000,0" yaku="8,1" doraHai="135" who="2" fromWho="0" sc="79,-16,326,0,324,26,261,0" /><INIT seed="5,0,0,1,3,78" ten="63,326,350,261" oya="1" hai0="46,48,52,71,58,11,69,24,49,25,26,106,128" hai1="87,115,57,104,14,45,33,126,43,98,17,99,124" hai2="42,67,125,59,41,18,80,75,34,68,74,108,27" hai3="39,6,132,2,117,73,0,50,92,62,29,103,94"/><U28/><E115/><V82/><F68/><W85/><G39/><T97/><D128/><U51/><E33/><V30/><F108/><W79/><G132/><T12/><D106/><U131/><E28/><V116/><F116/><W135/><G135/><T35/><D35/><U7/><E7/><V127/><F18/><W22/><G117/><T119/><D119/><U53/><E131/><V130/><F130/><W10/><G73/><T70/><D97/><U4/><E4/><V112/><F112/><W134/><G134/><T91/><D69/><U93/><E104/><V47/><F59/><W55/><G62/><T83/><D48/><U37/><E87/><V15/><F15/><W38/><G38/><T21/><D58/><U66/><E66/><V9/><F9/><W54/><G54/><T102/><D102/><U16/><E17/><V31/><F67/><W89/><G79/><T40/><D40/><U60/><E37/><N who="2" m="21935" /><F31/><W77/><G77/><T65/><D65/><U72/><E72/><N who="2" m="27691" /><F42/><W61/><G61/><T88/><D91/><U121/><E121/><V84/><F84/><W129/><G129/><T8/><D8/><N who="1" m="6215" /><E93/><V63/><F63/><W114/><G114/><T13/><D13/><U5/><E5/><V105/><F105/><W122/><G122/><T123/><D123/><U96/><E60/><V118/><F118/><W86/><G103/><T20/><D71/><U32/><E32/><V23/><F34/><W100/><G100/><T107/><D70/><U81/><E81/><V1/><F1/><W3/><G3/><T110/><D107/><U19/><E19/><RYUUKYOKU ba="0,0" sc="63,-15,326,15,350,15,261,-15" hai1="43,45,51,53,57,96,98,99,124,126" hai2="23,27,30,80,82,125,127" /><INIT seed="5,1,0,2,0,50" ten="48,341,365,246" oya="1" hai0="114,54,68,116,75,70,98,4,93,5,59,41,123" hai1="131,133,7,12,57,103,0,130,132,102,113,81,34" hai2="17,62,53,64,126,39,78,45,100,99,20,94,27" hai3="67,15,96,129,79,125,14,33,6,109,85,95,124"/><U66/><E0/><V106/><F126/><N who="3" m="48747" /><G109/><T110/><D110/><U101/><E34/><V84/><F39/><W72/><G33/><T48/><D116/><U25/><E25/><V65/><F106/><W135/><G72/><T40/><D75/><U23/><E81/><N who="2" m="47159" /><F45/><W118/><G67/><T3/><D123/><U36/><E36/><V19/><F19/><W35/><G35/><T24/><D114/><U49/><E66/><V11/><F11/><W76/><G6/><T120/><D120/><U90/><E90/><V82/><F82/><N who="3" m="47303" /><G79/><T77/><D77/><U105/><E105/><V16/><F17/><W37/><G37/><T88/><D24/><U58/><E113/><V115/><F115/><W28/><G28/><T2/><D4/><U31/><E31/><V10/><F10/><W121/><G121/><T43/><REACH who="0" step="1"/><D5/><REACH who="0" ten="38,341,365,246" step="2"/><U42/><E7/><V1/><F1/><AGARI ba="1,1" hai="1,2,3,40,41,43,48,54,59,68,70,88,93,98" machi="1" ten="40,8000,1" yaku="1,1,2,1,52,1,54,1,53,0" doraHai="50" doraHaiUra="13" who="0" fromWho="2" sc="38,93,341,0,365,-83,246,0" /><INIT seed="6,0,0,4,2,128" ten="131,341,282,246" oya="2" hai0="38,35,77,105,102,0,88,15,64,70,133,75,66" hai1="65,12,82,4,3,36,40,117,91,18,120,49,83" hai2="16,85,96,106,80,53,134,76,46,131,61,115,8" hai3="73,68,22,107,124,47,34,50,25,20,28,100,67"/><V84/><F131/><W29/><G73/><T90/><D0/><U56/><E117/><V17/><F115/><W42/><G124/><T5/><D38/><U132/><E132/><V121/><F121/><W81/><G81/><T69/><D35/><U135/><E135/><V2/><F134/><W93/><G93/><T24/><D133/><U63/><E120/><V95/><F106/><W1/><G29/><T60/><D24/><U127/><E127/><V32/><F32/><W71/><G71/><T130/><D130/><U30/><E30/><V87/><F2/><W52/><G42/><T126/><D126/><U110/><E110/><V99/><F99/><N who="3" m="61855" /><G1/><T54/><D54/><U55/><E4/><V48/><F61/><AGARI ba="0,0" hai="20,22,25,28,34,47,50,52,61,67,68" m="61855" machi="61" ten="30,2000,0" yaku="25,1,54,1" doraHai="128" who="3" fromWho="2" sc="131,0,341,0,282,-20,246,20" /><INIT seed="7,0,0,1,1,135" ten="131,341,262,266" oya="3" hai0="0,97,41,86,3,92,130,59,23,12,38,110,39" hai1="111,76,67,108,107,27,42,20,33,124,114,121,5" hai2="65,129,13,87,4,25,102,109,29,84,100,19,94" hai3="89,96,83,21,77,91,35,46,11,99,106,53,104"/><W26/><G35/><T10/><D110/><U31/><E107/><V75/><F75/><W69/><G69/><T85/><D130/><U60/><E124/><V56/><F4/><W22/><G11/><T57/><D41/><U40/><E121/><V112/><F112/><W36/><G106/><T117/><D10/><U133/><E114/><V98/><F102/><W6/><G6/><T78/><D92/><U116/><E133/><V127/><F127/><W103/><G96/><T52/><D23/><U119/><E76/><V113/><F113/><W47/><G47/><T132/><D97/><U45/><E5/><V55/><F65/><W48/><G36/><T32/><D78/><U134/><E134/><V43/><F43/><N who="1" m="16425" /><E45/><V2/><F2/><W80/><G80/><T64/><D132/><U50/><E50/><N who="2" m="30839" /><F129/><W34/><G34/><T17/><D32/><U24/><E24/><V82/><F82/><W131/><G21/><T44/><D44/><U62/><E33/><V15/><F109/><N who="1" m="42057" /><E67/><V14/><F29/><W88/><G131/><T54/><D64/><U9/><E9/><V95/><F95/><W1/><G1/><T72/><D12/><N who="2" m="4714" /><F25/><W28/><G91/><T81/><D81/><U105/><E105/><V93/><F93/><W128/><G128/><T120/><D17/><U30/><E31/><V125/><F125/><W63/><G63/><T70/><D70/><U71/><E71/><V74/><F74/><AGARI ba="0,0" hai="22,26,28,46,48,53,74,77,83,88,89,99,103,104" machi="74" ten="30,2900,0" yaku="7,1,54,1" doraHai="135" who="3" fromWho="2" sc="131,0,341,0,262,-29,266,29" /><INIT seed="7,1,0,2,0,38" ten="131,341,233,295" oya="3" hai0="37,50,49,9,31,109,61,84,41,48,72,93,99" hai1="121,13,23,96,108,33,69,117,10,11,21,17,36" hai2="53,29,18,55,6,98,16,129,46,130,63,39,94" hai3="103,7,110,4,68,32,127,92,113,101,88,70,35"/><W26/><G113/><T2/><D109/><U102/><E108/><V134/><F134/><W133/><G110/><T42/><D72/><U122/><E33/><V15/><F29/><W71/><G133/><T120/><D37/><U27/><E36/><V90/><F6/><W135/><G135/><T74/><D74/><U76/><E69/><V45/><F18/><W0/><G127/><T107/><D120/><U64/><E64/><V14/><F15/><W62/><G62/><T123/><D123/><U58/><E58/><V67/><F46/><W87/><G35/><T89/><D31/><U112/><E112/><V106/><F106/><W118/><G118/><T115/><D115/><U19/><E76/><V116/><F116/><W83/><G83/><T1/><D61/><U40/><E40/><N who="0" m="15465" /><D107/><U8/><E117/><V25/><F63/><W24/><G32/><T131/><D2/><U56/><E121/><V82/><F82/><W66/><G0/><T60/><D1/><U28/><E122/><V59/><F39/><W54/><G66/><T75/><D75/><U57/><E28/><V73/><F67/><W95/><G70/><T43/><D131/><U79/><E79/><V51/><F73/><W81/><G71/><T47/><D60/><U85/><E85/><V80/><F130/><W22/><G68/><T52/><D9/><U5/><E5/><V12/><F129/><W100/><G4/><T20/><D20/><U30/><E30/><V124/><F51/><N who="0" m="19530" /><D43/><U132/><E132/><V86/><F124/><W111/><G111/><T119/><D119/><U91/><E23/><RYUUKYOKU ba="1,0" sc="131,30,341,-10,233,-10,295,-10" hai0="47,50,52,84,89,93,99" owari="161,-34.0,331,43.0,223,-18.0,285,9.0" /></mjloggm>