<mjloggm ver="2.3"><GO type="97" lobby="0"/><UN n0="%E5%B0%B1%E6%B4%BB%E7%94%9F%40%E5%B7%9D%E6%9D%91%E8%BB%8D%E5%9B%A3" n1="%E9%AB%98%E6%A7%BB%E3%82%84%E3%82%88%E3%81%84%E2%98%86" n2="%73%61%6C%74%79%64%6F%67" n3="%E3%83%8B%E3%83%A3%E3%83%BC%E5%8A%A9" dan="15,15,13,14" rate="2073.73,1929.22,1869.31,1976.96" sx="M,F,M,M"/><TAIKYOKU oya="0"/><INIT seed="0,0,0,1,0,49" ten="250,250,250,250" oya="0" hai0="16,45,22,108,68,120,13,116,122,37,61,130,84" hai1="133,92,62,135,77,131,2,90,118,105,20,4,70" hai2="17,109,50,44,46,54,56,117,71,89,64,101,11" hai3="85,129,106,99,15,66,63,0,40,23,93,14,86"/><T97/><D116/><U121/><E118/><V5/><F101/><W58/><G0/><T111/><D97/><U59/><E105/><V21/><F117/><W31/><G129/><T26/><D130/><U72/><E70/><V98/><F109/><N who="0" m="42058" /><D84/><N who="3" m="32361" /><G106/><T39/><D26/><U96/><E121/><N who="0" m="46697" /><D45/><U80/><E20/><V55/><F71/><W82/><G40/><T78/><D78/><U51/><E51/><V115/><F115/><W41/><G41/><T65/><AGARI ba="0,0" hai="13,16,22,37,39,61,65,68" m="46697,42058" machi="65" ten="40,7800,0" yaku="14,1,10,1,54,1" doraHai="49" who="0" fromWho="0" sc="250,78,250,-26,250,-26,250,-26" /><INIT seed="0,1,0,1,5,81" ten="328,224,224,224" oya="0" hai0="120,15,123,22,10,104,33,80,128,54,129,86,112" hai1="59,83,3,118,61,60,26,110,64,95,107,38,108" hai2="13,5,82,2,47,115,45,52,76,103,34,40,126" hai3="7,55,96,46,130,91,127,89,14,90,43,11,41"/><T92/><D104/><U85/><E107/><V62/><F115/><W70/><G70/><T20/><D33/><U122/><E122/><V50/><F2/><W74/><G74/><T9/><D92/><U109/><E3/><V6/><F34/><W1/><G130/><N who="0" m="50283" /><D54/><U125/><E125/><V28/><F126/><W78/><G1/><T36/><D36/><U0/><E0/><V121/><F121/><N who="0" m="46666" /><D9/><U4/><E118/><V18/><F103/><W73/><G127/><T51/><D51/><U97/><E4/><V124/><F124/><W131/><G131/><T111/><D111/><U35/><E38/><V84/><F62/><W65/><G65/><T31/><D31/><U25/><E35/><V42/><F28/><W105/><G105/><T77/><D112/><U48/><E48/><N who="2" m="26679" /><F40/><W135/><G135/><T30/><D30/><U93/><E61/><V16/><F18/><AGARI ba="1,0" hai="10,15,18,20,22,77,80,86" m="46666,50283" machi="18" ten="30,2900,0" yaku="19,1,52,1" doraHai="81" who="0" fromWho="2" sc="328,32,224,0,224,-32,224,0" /><INIT seed="0,2,0,1,5,91" ten="360,224,192,224" oya="0" hai0="107,50,90,101,85,54,114,77,96,15,46,67,3" hai1="120,61,71,102,59,21,66,1,12,16,97,87,60" hai2="92,37,108,98,6,118,43,49,73,32,18,11,14" hai3="31,29,119,30,0,99,62,124,75,53,44,23,69"/><T106/><D3/><U88/><E1/><V40/><F37/><W27/><G75/><T129/><D129/><U111/><E111/><V93/><F73/><W42/><G119/><T48/><D77/><U9/><E120/><V117/><F32/><W13/><G0/><T22/><D67/><U104/><E9/><V8/><F108/><W36/><G124/><T10/><D22/><U56/><REACH who="1" step="1"/><E61/><REACH who="1" ten="360,214,192,224" step="2"/><V84/><F118/><W7/><G62/><T65/><D10/><U63/><E63/><V94/><F117/><W105/><G69/><T28/><D106/><U86/><E86/><V95/><F84/><W115/><G105/><T131/><D85/><U81/><AGARI ba="2,1" hai="12,16,21,56,59,60,66,71,81,87,88,97,102,104" machi="81" ten="20,12000,2" yaku="1,1,0,1,7,1,54,2,53,1" doraHai="91" doraHaiUra="80" who="1" fromWho="1" sc="360,-62,214,136,192,-32,224,-32" /><INIT seed="1,0,0,0,0,34" ten="298,350,160,192" oya="1" hai0="85,113,33,73,127,4,67,76,106,77,102,22,110" hai1="83,58,35,17,134,81,72,92,10,69,120,9,79" hai2="99,36,108,12,66,95,94,2,119,129,25,6,56" hai3="121,57,47,133,71,20,125,38,32,44,122,59,39"/><U97/><E69/><V27/><F119/><W11/><G32/><T80/><D33/><U130/><E35/><V135/><F36/><N who="3" m="13867" /><G20/><T42/><D42/><U53/><E120/><N who="3" m="46186" /><G11/><T74/><D67/><U40/><E40/><V63/><F2/><W21/><G21/><T101/><D22/><U26/><E83/><V68/><F68/><W30/><G30/><T115/><D4/><U103/><E134/><V88/><F135/><W5/><G5/><T100/><D106/><U112/><E112/><V65/><F129/><W18/><G18/><T114/><D127/><U52/><E130/><V126/><F126/><W91/><G91/><T96/><D96/><U29/><E17/><V87/><F108/><W41/><G133/><T98/><D98/><U111/><E111/><V86/><F66/><W7/><G7/><T61/><D61/><U16/><E29/><V93/><F6/><W70/><G125/><T37/><D110/><U89/><E103/><N who="2" m="60911" /><F12/><W62/><G41/><T123/><D37/><U15/><E26/><V28/><F28/><W78/><G78/><N who="0" m="30315" /><D123/><U124/><E124/><V105/><F105/><W19/><G19/><T90/><AGARI ba="0,0" hai="73,74,80,85,90,100,101,102,113,114,115" m="30315" machi="90" ten="40,2700,0" yaku="34,2" doraHai="34" who="0" fromWho="0" sc="298,27,350,-13,160,-7,192,-7" /><INIT seed="2,0,0,3,1,113" ten="325,337,153,185" oya="2" hai0="111,121,87,85,9,88,18,29,122,101,108,37,93" hai1="74,54,67,24,58,41,94,61,21,60,104,124,131" hai2="98,25,133,132,38,14,32,8,125,76,63,107,119" hai3="43,52,16,1,65,49,19,48,80,2,118,86,50"/><V47/><F76/><W34/><G34/><T105/><D37/><U57/><E104/><V99/><F63/><W56/><G118/><T77/><D29/><U20/><E74/><V28/><F125/><W97/><G97/><N who="0" m="61615" /><D18/><U12/><E124/><V71/><F71/><W59/><G43/><T17/><D17/><N who="1" m="10279" /><E41/><N who="2" m="22967" /><F98/><W112/><G112/><T4/><D4/><U66/><E131/><V39/><F39/><W55/><G65/><T90/><D9/><U68/><E68/><V23/><F23/><W22/><G49/><T78/><D78/><U110/><E110/><N who="0" m="42025" /><D77/><U0/><E94/><AGARI ba="0,0" hai="85,87,88,90,93,94,121,122" m="42025,61615" machi="94" ten="30,7700,0" yaku="14,1,34,2,54,1" doraHai="113" who="0" fromWho="1" sc="325,77,337,-77,153,0,185,0" /><INIT seed="3,0,0,1,2,84" ten="402,260,153,185" oya="3" hai0="41,118,38,65,83,106,93,112,10,46,51,117,90" hai1="124,12,133,131,19,23,48,116,103,45,79,64,78" hai2="67,1,27,0,44,76,49,40,91,22,85,50,98" hai3="75,96,54,5,3,99,55,62,126,87,36,73,68"/><W28/><G126/><T128/><D106/><U8/><E124/><V24/><F67/><W31/><G36/><T30/><D128/><U29/><E116/><V120/><F120/><W70/><G87/><T111/><D111/><U104/><E131/><V123/><F123/><W72/><G5/><T82/><D30/><N who="3" m="11305" /><G62/><T110/><D110/><U86/><E64/><V113/><F113/><W52/><G3/><T119/><D112/><U15/><E29/><V53/><F27/><W4/><G4/><T33/><D33/><U42/><E86/><V129/><F129/><W56/><G56/><T71/><D10/><U97/><E133/><V105/><F105/><W81/><G81/><T6/><D6/><AGARI ba="0,0" hai="6,8,12,15,19,23,42,45,48,78,79,97,103,104" machi="6" ten="30,1000,0" yaku="7,1" doraHai="84" who="1" fromWho="0" sc="402,-10,260,10,153,0,185,0" owari="392,49.0,270,7.0,153,-35.0,185,-21.0" /></mjloggm>