<mjloggm ver="2.3"><GO type="97" lobby="0"/><UN n0="%E3%82%BF%E3%82%B3%EF%BC%92%EF%BC%95%EF%BC%92%EF%BC%95" n1="%4D%2D%53%41%49%4B%41" n2="%4B%61%6E%33%70%69%6E" n3="%E5%B0%B1%E6%B4%BB%E7%94%9F%40%E5%B7%9D%E6%9D%91%E8%BB%8D%E5%9B%A3" dan="14,14,15,14" rate="1955.76,1885.09,2006.64,1947.24" sx="M,F,M,M"/><TAIKYOKU oya="0"/><INIT seed="0,0,0,3,5,67" ten="250,250,250,250" oya="0" hai0="87,25,135,89,54,50,134,118,14,133,62,13,30" hai1="21,4,79,45,99,6,39,84,38,85,11,115,77" hai2="107,126,128,34,55,117,29,127,78,96,33,35,43" hai3="109,9,122,104,18,98,49,17,41,32,80,53,95"/><T31/><D30/><U59/><E99/><V23/><F78/><W125/><G32/><T51/><D118/><U76/><E115/><V48/><F43/><W82/><G104/><T8/><D62/><U44/><E59/><V70/><F117/><W28/><G122/><T47/><D51/><U119/><E21/><V64/><F128/><W58/><G109/><T68/><D68/><U103/><E103/><V24/><F107/><W69/><G125/><N who="2" m="47625" /><F96/><W7/><G69/><T129/><D129/><U63/><E63/><N who="2" m="40223" /><F34/><W0/><G28/><T106/><D106/><U26/><E26/><V57/><AGARI ba="0,0" hai="23,24,29,33,35,48,55,57" m="40223,47625" machi="57" ten="30,2000,0" yaku="18,1,52,1" doraHai="67" who="2" fromWho="2" sc="250,-10,250,-5,250,20,250,-5" /><INIT seed="1,0,0,0,4,76" ten="240,245,270,245" oya="1" hai0="79,25,62,81,1,121,112,4,26,108,64,123,35" hai1="53,100,22,83,73,86,109,15,82,95,124,127,0" hai2="84,131,48,31,135,36,78,68,88,27,47,43,99" hai3="113,8,5,32,55,19,107,90,45,71,61,60,72"/><U33/><E0/><V69/><F135/><W29/><G113/><T59/><D112/><U96/><E33/><V49/><F131/><W46/><G107/><T56/><D108/><U125/><E109/><V116/><F116/><W89/><G72/><T51/><D4/><U77/><E53/><V120/><F120/><N who="0" m="46154" /><D1/><U85/><E22/><V57/><F78/><W39/><G39/><T134/><D134/><U114/><E15/><V117/><F117/><W67/><G19/><T122/><N who="0" m="46162" /><T102/><DORA hai="104" /><D102/><U14/><E14/><V3/><F3/><W92/><G29/><T91/><D91/><N who="1" m="51639" /><E114/><V66/><F99/><W37/><G32/><T63/><D51/><U6/><E6/><V105/><F105/><W115/><G115/><T34/><D25/><U50/><E50/><V80/><F36/><W74/><G89/><T13/><D13/><U126/><N who="1" m="32256" /><DORA hai="21" /><U129/><E129/><V54/><REACH who="2" step="1"/><F66/><REACH who="2" ten="240,245,260,245" step="2"/><W42/><G37/><T23/><D35/><AGARI ba="0,1" hai="27,31,35,43,47,48,49,54,57,68,69,80,84,88" machi="35" ten="30,12000,2" yaku="1,1,2,1,7,1,52,2,54,1,53,1" doraHai="76,104,21" doraHaiUra="75,28,106" who="2" fromWho="0" sc="240,-120,245,0,260,130,245,0" /><INIT seed="2,0,0,0,4,124" ten="120,245,390,245" oya="2" hai0="74,99,126,95,15,23,48,101,81,4,82,94,92" hai1="3,114,19,63,77,85,26,134,61,16,122,88,135" hai2="10,20,28,129,130,9,40,7,60,73,80,25,89" hai3="68,106,71,79,14,12,117,62,2,54,125,58,57"/><V108/><F40/><W104/><G2/><T8/><D126/><U115/><E3/><V44/><F44/><W128/><G117/><T56/><D74/><U0/><E0/><V84/><F73/><W118/><G125/><T93/><D23/><U131/><E77/><V33/><F108/><W90/><G118/><T83/><D56/><U103/><E103/><V121/><F121/><W123/><G123/><T87/><REACH who="0" step="1"/><D48/><REACH who="0" ten="110,245,390,245" step="2"/><U119/><E122/><V120/><F120/><W70/><G57/><T100/><D100/><U45/><E119/><V64/><F33/><W97/><G71/><T46/><D46/><U78/><E45/><V133/><F133/><W65/><G70/><T39/><D39/><U102/><E102/><V75/><F75/><W113/><G68/><T1/><D1/><U27/><E135/><V67/><F9/><W43/><G58/><T47/><D47/><U49/><E49/><V55/><F60/><W98/><G62/><T109/><D109/><U111/><E111/><V53/><F64/><W31/><G113/><T36/><D36/><U72/><E134/><V6/><F67/><W22/><G22/><T17/><D17/><U112/><E72/><V96/><F10/><W32/><G32/><T127/><D127/><U11/><E114/><V86/><F7/><W76/><G31/><T51/><D51/><U35/><E11/><V29/><F6/><W21/><G65/><T105/><D105/><U69/><E35/><V5/><F5/><W13/><G104/><T110/><D110/><U34/><E34/><V38/><F28/><W59/><G106/><RYUUKYOKU ba="0,1" sc="110,30,245,-10,390,-10,245,-10" hai0="4,8,15,81,82,83,87,92,93,94,95,99,101" /><INIT seed="3,1,1,3,4,80" ten="140,235,380,235" oya="3" hai0="7,32,6,58,112,86,134,43,41,110,88,128,117" hai1="133,63,54,35,22,19,27,25,70,64,85,20,108" hai2="15,81,100,75,66,3,61,57,59,96,114,55,105" hai3="83,42,124,11,44,72,118,109,46,4,45,2,49"/><W9/><G118/><T28/><D117/><U115/><E133/><V67/><F3/><W76/><G124/><T121/><D121/><U39/><E108/><V12/><F114/><W90/><G109/><T98/><D110/><U65/><E39/><V103/><F103/><W34/><G34/><T125/><D134/><U119/><E119/><V95/><F105/><W122/><G122/><T94/><D125/><U132/><E132/><V0/><F0/><W135/><G135/><T38/><D112/><U13/><E35/><V131/><F131/><W123/><G123/><T36/><D128/><U69/><E115/><V40/><F40/><W93/><REACH who="3" step="1"/><G9/><REACH who="3" ten="140,235,380,225" step="2"/><T84/><D36/><U17/><E70/><V104/><F104/><W23/><G23/><T56/><D38/><U10/><E69/><V79/><F66/><W5/><G5/><N who="0" m="1547" /><D32/><U107/><E64/><V18/><F18/><W26/><G26/><T126/><D28/><U14/><E65/><V78/><F78/><W116/><G116/><T50/><D126/><U31/><E107/><V92/><F67/><W111/><G111/><T91/><D98/><AGARI ba="1,2" hai="2,4,11,42,44,45,46,49,72,76,83,90,93,98" machi="98" ten="30,2900,0" yaku="1,1,7,1,53,0" doraHai="80" doraHaiUra="52" who="3" fromWho="0" sc="140,-32,235,0,380,0,225,52" /><INIT seed="3,2,0,0,1,53" ten="108,235,380,277" oya="3" hai0="8,123,100,69,135,114,58,112,89,67,78,119,21" hai1="33,95,129,105,38,98,120,118,14,92,59,64,50" hai2="96,2,71,51,102,54,12,40,41,124,128,85,60" hai3="130,3,121,62,10,73,94,134,32,20,72,45,122"/><W48/><G32/><T125/><D89/><U25/><E38/><V91/><F2/><W61/><G130/><T101/><D78/><U65/><E120/><V34/><F34/><W110/><G134/><T87/><D87/><U76/><E118/><V0/><F0/><W116/><G116/><T42/><D21/><U46/><E76/><V4/><F124/><W117/><G117/><T1/><D8/><U44/><E129/><V111/><F128/><W75/><G110/><T13/><D13/><U36/><E36/><V66/><F12/><W109/><G109/><T22/><D22/><U90/><E105/><V15/><F15/><W104/><G104/><T56/><D42/><U37/><E37/><V84/><F4/><W35/><G35/><T55/><D55/><N who="1" m="32247" /><E33/><V52/><F84/><W31/><G3/><T27/><D1/><U131/><E25/><V115/><F115/><W49/><G10/><T11/><D119/><U57/><E14/><V103/><F85/><W88/><G20/><T63/><D11/><U108/><E131/><V80/><F96/><W9/><G31/><T77/><D77/><U107/><E107/><V82/><F82/><W16/><G72/><T6/><D6/><U132/><E132/><V68/><F80/><W19/><G75/><T26/><D135/><U29/><E29/><V97/><F97/><W70/><G19/><T133/><D133/><U126/><E126/><V83/><F83/><W99/><G73/><T74/><D123/><U7/><E108/><V47/><F111/><W30/><G121/><T79/><D79/><U18/><E98/><RYUUKYOKU ba="2,0" sc="108,0,235,0,380,0,277,0" owari="108,-39.0,235,-16.0,380,47.0,277,8.0" /></mjloggm>