<mjloggm ver="2.3"><GO type="97" lobby="0"/><UN n0="%E9%A6%99%E8%8F%9C%40%E6%9D%8F%E6%9D%8F%E8%BB%8D%E5%9B%A3" n1="%E3%83%AD%E3%83%A0%E5%B0%82%EF%BC%A0%E5%B7%9D%E6%9D%91%E8%BB%8D%E5%9B%A3" n2="%6B%2D%74%61%6B%61%74%6F" n3="%E5%B0%B1%E6%B4%BB%E7%94%9F%40%E5%B7%9D%E6%9D%91%E8%BB%8D%E5%9B%A3" dan="14,15,15,14" rate="2058.07,2013.37,1935.68,1963.09" sx="M,M,M,M"/><TAIKYOKU oya="0"/><INIT seed="0,0,0,3,1,79" ten="250,250,250,250" oya="0" hai0="125,65,70,114,133,109,76,28,132,104,120,74,6" hai1="22,9,117,131,106,16,15,113,88,37,21,2,110" hai2="59,63,38,49,17,111,30,94,24,78,57,123,73" hai3="116,87,26,100,54,34,135,31,68,95,102,130,46"/><T45/><D120/><U48/><E117/><V25/><F38/><W61/><G116/><T33/><D114/><U89/><E113/><V5/><F123/><W118/><G118/><T29/><D104/><U55/><E37/><V101/><F111/><W0/><G0/><T75/><D125/><U14/><E110/><V8/><F17/><W3/><G3/><T7/><D109/><U64/><E131/><V23/><F25/><W86/><G130/><T69/><D45/><U82/><E2/><V47/><F73/><W1/><G1/><T121/><D121/><U126/><E126/><V80/><F101/><W10/><G135/><T81/><D33/><U66/><E106/><V93/><F57/><W97/><G102/><T71/><D65/><U99/><E89/><V40/><F59/><W107/><G10/><T128/><D128/><U41/><E41/><V39/><F63/><W27/><G27/><T42/><D42/><U91/><E91/><V51/><F51/><N who="3" m="29047" /><G95/><T52/><D75/><U92/><E82/><V119/><F39/><W60/><G60/><T53/><D6/><U11/><E64/><AGARI ba="0,0" hai="26,31,34,61,64,68,86,87,97,100,107" m="29047" machi="64" ten="30,1000,0" yaku="25,1" doraHai="79" who="3" fromWho="1" sc="250,0,250,-10,250,0,250,10" /><INIT seed="1,0,0,3,5,46" ten="250,240,250,260" oya="1" hai0="98,38,112,73,134,43,113,120,5,22,51,76,52" hai1="56,89,74,128,0,125,55,26,34,62,48,111,58" hai2="72,44,90,107,114,102,82,47,126,123,7,86,68" hai3="71,16,23,95,18,75,129,97,53,8,61,117,24"/><U122/><E122/><V105/><F68/><W45/><G75/><T121/><D134/><U110/><E125/><V54/><F123/><N who="0" m="47178" /><D38/><U59/><E128/><V33/><F33/><W77/><G117/><T65/><D43/><U91/><E0/><V118/><F118/><W6/><G129/><T124/><D124/><U4/><E74/><V115/><F126/><W99/><G71/><T83/><D65/><U31/><E4/><V88/><F7/><W2/><G77/><T80/><D5/><U94/><E89/><V85/><F72/><W17/><G97/><T13/><D98/><U15/><E15/><V36/><F36/><W49/><REACH who="3" step="1"/><G61/><REACH who="3" ten="250,240,250,250" step="2"/><T92/><D113/><N who="2" m="43018" /><F102/><AGARI ba="0,1" hai="2,6,8,16,17,18,23,24,45,49,53,95,99,102" machi="102" ten="30,8000,1" yaku="1,1,7,1,52,1,54,1,53,1" doraHai="46" doraHaiUra="3" who="3" fromWho="2" sc="250,0,240,0,250,-80,250,90" /><INIT seed="2,0,0,4,5,133" ten="250,240,170,340" oya="2" hai0="5,34,41,1,132,85,82,131,52,49,51,17,6" hai1="107,11,15,116,119,10,56,26,37,129,54,47,45" hai2="70,122,79,25,35,50,108,28,104,109,84,63,32" hai3="16,115,87,88,117,86,90,7,125,110,57,124,127"/><V112/><F122/><W76/><G117/><T20/><D132/><U99/><E129/><V39/><F112/><W18/><G115/><T113/><D34/><U21/><E10/><V58/><F39/><W89/><G110/><N who="2" m="42601" /><F104/><W22/><G7/><T3/><D131/><U68/><E68/><V30/><F70/><W24/><G76/><N who="0" m="46279" /><D1/><U23/><E23/><N who="2" m="15423" /><F50/><W114/><G114/><T33/><D3/><U46/><E37/><V81/><F30/><W0/><G0/><T100/><D33/><U91/><E107/><V101/><F101/><W40/><G40/><T97/><D100/><U4/><E91/><V9/><F9/><W2/><G2/><T73/><D113/><U13/><E13/><V72/><F72/><W19/><G57/><N who="0" m="32911" /><D73/><U103/><E116/><V105/><F105/><W62/><G62/><T135/><D135/><U60/><E119/><V92/><F92/><W78/><G78/><T123/><D123/><U111/><E103/><V69/><F69/><W77/><G77/><T130/><D130/><U128/><E128/><V75/><F75/><W55/><G87/><T48/><D97/><U29/><E111/><V12/><F12/><W134/><G86/><T71/><D71/><U96/><AGARI ba="0,0" hai="4,11,15,21,26,29,45,46,47,54,56,60,96,99" machi="96" ten="30,2000,0" yaku="0,1,8,1" doraHai="133" who="1" fromWho="1" sc="250,-5,240,20,170,-10,340,-5" /><INIT seed="3,0,0,3,0,20" ten="245,260,160,335" oya="3" hai0="133,90,94,48,56,66,89,103,64,110,123,21,5" hai1="61,97,17,12,86,120,25,118,29,111,116,99,9" hai2="11,46,4,101,45,100,42,135,36,55,78,63,60" hai3="30,131,115,102,85,72,44,51,122,52,74,130,7"/><W92/><G122/><T77/><D123/><U47/><E120/><V19/><F135/><W69/><G69/><T40/><D133/><U28/><E111/><V113/><F113/><W112/><G30/><T49/><D77/><U81/><E61/><V35/><F35/><W73/><G7/><T96/><D5/><U70/><E70/><V10/><F10/><W91/><REACH who="3" step="1"/><G102/><REACH who="3" ten="245,260,160,325" step="2"/><T126/><D103/><U24/><E29/><V129/><F129/><AGARI ba="0,1" hai="44,51,52,72,73,74,85,91,92,112,115,129,130,131" machi="129" ten="50,18000,2" yaku="1,1,2,1,19,1,54,1,53,3" doraHai="20" doraHaiUra="127" who="3" fromWho="2" sc="245,0,260,0,160,-180,325,190" owari="245,-15.0,260,6.0,-20,-52.0,515,61.0" /></mjloggm>