<mjloggm ver="2.3"><GO type="97" lobby="0"/><UN n0="%E5%B0%B1%E6%B4%BB%E7%94%9F%40%E5%B7%9D%E6%9D%91%E8%BB%8D%E5%9B%A3" n1="%E5%AF%8C%E7%94%B7%E3%81%A7%E3%81%99" n2="%E3%82%AD%E3%83%B3%E3%82%B0%E2%98%86%E3%82%B9%E3%82%BF%E3%83%BC" n3="%43%41%52%50%E5%90%9B" dan="15,13,14,14" rate="2047.88,1829.94,1904.91,1943.70" sx="M,M,M,M"/><TAIKYOKU oya="0"/><INIT seed="0,0,0,0,0,8" ten="250,250,250,250" oya="0" hai0="9,53,56,38,68,32,72,4,23,14,109,69,89" hai1="86,95,114,79,25,29,108,117,131,48,49,90,15" hai2="61,66,27,121,119,47,105,21,113,135,102,3,123" hai3="96,64,34,74,60,43,116,77,33,54,103,99,1"/><T40/><D32/><U11/><E108/><V129/><F113/><W120/><G120/><T2/><D72/><U0/><E131/><V122/><F129/><W10/><G116/><T70/><D109/><U37/><E117/><V52/><F119/><W106/><G43/><T18/><D89/><U45/><E0/><V101/><F3/><W127/><G54/><T58/><REACH who="0" step="1"/><D53/><REACH who="0" ten="240,250,250,250" step="2"/><U115/><E115/><V100/><F52/><W44/><G127/><T67/><D67/><U126/><E114/><V35/><F35/><W78/><G78/><T50/><D50/><U46/><E126/><V57/><F121/><W104/><G77/><T82/><D82/><U130/><E130/><V16/><F122/><W118/><G74/><T20/><D20/><N who="1" m="15527" /><E79/><V24/><F123/><W107/><G118/><T12/><D12/><U128/><E128/><V62/><F66/><W93/><G44/><AGARI ba="0,1" hai="2,4,9,14,18,23,38,40,44,56,58,68,69,70" machi="44" ten="40,7700,0" yaku="1,1,52,1,53,1" doraHai="8" doraHaiUra="19" who="0" fromWho="3" sc="240,87,250,0,250,0,250,-77" /><INIT seed="0,1,0,3,5,81" ten="327,250,250,173" oya="0" hai0="89,96,84,106,48,30,47,42,21,36,50,95,73" hai1="53,6,22,131,104,2,79,17,25,129,103,130,57" hai2="108,97,102,83,37,64,38,20,39,113,7,75,46" hai3="105,13,91,68,90,115,49,31,134,33,43,54,118"/><T110/><D73/><U67/><E79/><V125/><F113/><W101/><G68/><T82/><D106/><U88/><E67/><V120/><F120/><W23/><G115/><T41/><D110/><U55/><E103/><V1/><F108/><W56/><G118/><T100/><REACH who="0" step="1"/><D41/><REACH who="0" ten="317,250,250,173" step="2"/><U72/><E104/><V32/><F75/><W77/><G43/><T117/><D117/><U24/><E72/><V40/><F40/><W99/><G134/><T80/><D80/><U109/><E109/><V59/><F125/><W74/><G33/><T94/><D94/><U27/><E129/><V12/><F83/><W9/><G74/><T61/><D61/><U51/><E130/><V76/><F37/><W60/><G60/><T107/><D107/><U34/><E131/><V70/><F38/><W19/><G77/><T5/><D5/><U122/><E6/><V93/><F7/><W63/><G63/><T86/><D86/><U78/><E78/><V62/><F76/><W135/><G135/><T18/><D18/><U132/><E132/><V0/><F62/><W121/><G121/><T127/><D127/><U16/><E122/><V8/><F39/><W11/><G31/><T28/><D28/><U119/><E119/><V65/><F93/><W123/><G123/><T126/><D126/><U85/><E17/><V111/><F111/><W124/><G124/><T3/><D3/><U10/><E2/><V35/><F0/><W92/><G105/><T15/><D15/><U4/><E4/><V52/><F12/><W29/><G29/><T114/><D114/><U116/><E116/><RYUUKYOKU ba="1,1" sc="317,15,250,-15,250,-15,173,15" hai0="21,30,36,42,47,48,50,82,84,89,95,96,100" hai3="9,11,13,19,23,49,54,56,90,91,92,99,101" /><INIT seed="0,2,1,4,3,8" ten="332,235,235,188" oya="0" hai0="54,133,118,94,41,57,9,90,131,92,21,87,79" hai1="6,102,134,64,130,124,75,100,109,73,122,14,66" hai2="128,25,50,32,105,20,16,42,106,33,24,40,126" hai3="116,19,67,27,5,104,51,17,11,83,35,47,121"/><T99/><D118/><U31/><E122/><V23/><F126/><W96/><G116/><T15/><D131/><U4/><E124/><V88/><F128/><W95/><G121/><T49/><D133/><U115/><E130/><V59/><F33/><W58/><G104/><T112/><D112/><U43/><E134/><V111/><F32/><W3/><G83/><T119/><D119/><U135/><E135/><V10/><F10/><W97/><G97/><T12/><D41/><U78/><E43/><V113/><F113/><W48/><G35/><T110/><D110/><U68/><E115/><V39/><F39/><W38/><G27/><T101/><D79/><U18/><E78/><V127/><F127/><W65/><G38/><T22/><REACH who="0" step="1"/><D15/><REACH who="0" ten="322,235,235,188" step="2"/><U76/><E76/><V81/><F40/><W37/><G37/><T69/><D69/><U103/><E68/><V26/><F42/><W1/><G1/><T80/><D80/><U117/><E109/><V70/><F111/><W82/><G82/><T0/><D0/><U63/><E117/><V123/><F81/><W98/><G3/><T2/><D2/><U61/><E75/><V93/><F70/><W13/><G67/><T29/><D29/><U52/><E31/><V53/><F123/><W28/><G28/><T62/><D62/><N who="1" m="23563" /><E73/><V85/><F26/><W132/><G132/><T77/><D77/><U71/><E71/><V72/><F72/><W74/><G74/><T34/><D34/><U60/><E64/><V129/><F129/><W108/><G65/><T91/><D91/><U107/><E66/><V56/><F88/><RYUUKYOKU ba="2,2" sc="322,30,235,-10,235,-10,188,-10" hai0="9,12,21,22,49,54,57,87,90,92,94,99,101" /><INIT seed="0,3,2,3,0,126" ten="352,225,225,178" oya="0" hai0="56,121,78,18,69,30,87,84,43,104,7,91,63" hai1="6,81,106,45,70,72,15,0,33,123,61,31,122" hai2="36,28,3,79,17,26,46,100,85,62,74,57,109" hai3="83,35,42,41,75,86,25,131,12,112,115,50,48"/><T39/><D121/><U67/><E15/><V65/><F109/><W58/><G75/><T22/><D104/><U13/><E13/><V8/><F74/><W113/><G12/><T71/><D7/><U49/><E49/><V32/><F100/><W99/><G99/><T82/><D30/><U93/><E93/><V118/><F118/><W90/><G58/><T73/><D43/><U95/><E95/><V103/><F103/><W34/><G25/><T40/><D40/><U55/><E55/><V44/><F36/><W51/><REACH who="3" step="1"/><G131/><REACH who="3" ten="352,225,225,168" step="2"/><T66/><D73/><U116/><E116/><V80/><F3/><W29/><G29/><T52/><D66/><U68/><E70/><V76/><F28/><W134/><G134/><T97/><D97/><U130/><E130/><V10/><F26/><W4/><G4/><T101/><D101/><U94/><E106/><V125/><F57/><W14/><G14/><T98/><D98/><U120/><E120/><V64/><F125/><W127/><G127/><T53/><D71/><U47/><E47/><V105/><F44/><W117/><G117/><T96/><D96/><U102/><E45/><V107/><F46/><W60/><G60/><T114/><D69/><U37/><E102/><V92/><F62/><W119/><G119/><T59/><D59/><U16/><E37/><V111/><F107/><W108/><G108/><T2/><D2/><U88/><E122/><V110/><F105/><W9/><G9/><T89/><D56/><U135/><E135/><V23/><F8/><W27/><G27/><T5/><D39/><U54/><E123/><RYUUKYOKU ba="3,3" sc="352,-10,225,-10,225,-10,168,30" hai3="34,35,41,42,48,50,51,83,86,90,112,113,115" /><INIT seed="1,4,3,4,1,67" ten="342,215,215,198" oya="1" hai0="110,86,25,130,95,99,19,3,39,117,66,63,45" hai1="41,102,29,80,131,111,75,125,12,96,37,82,89" hai2="93,6,58,46,23,76,87,91,38,60,17,64,8" hai3="83,16,107,13,73,74,7,4,79,123,104,50,101"/><U135/><E125/><V134/><F134/><W1/><G123/><T112/><D3/><U56/><E135/><V78/><F38/><W69/><G73/><T20/><D117/><U54/><E131/><V55/><F6/><W71/><G50/><T10/><D112/><U48/><E75/><V31/><F8/><W35/><G35/><T68/><D130/><U88/><E29/><V52/><F31/><W113/><G113/><T30/><D110/><U65/><E111/><V61/><F61/><W127/><G127/><T32/><D86/><U43/><E65/><V105/><F105/><W26/><G26/><T119/><D119/><U94/><E37/><V34/><F34/><W97/><G104/><T11/><D45/><U28/><E28/><V57/><F46/><W114/><G114/><T106/><D39/><U90/><REACH who="1" step="1"/><E12/><REACH who="1" ten="342,205,215,198" step="2"/><N who="2" m="9639" /><F57/><W100/><G100/><N who="0" m="62751" /><D95/><U98/><E98/><V49/><F49/><W2/><G2/><T133/><D133/><U121/><E121/><V116/><F116/><W59/><G1/><T81/><D81/><AGARI ba="4,4" hai="41,43,48,54,56,80,81,82,88,89,90,94,96,102" machi="81" ten="40,7700,0" yaku="1,1,8,1,54,1,53,0" doraHai="67" doraHaiUra="33" who="1" fromWho="0" sc="342,-89,205,129,215,0,198,0" /><INIT seed="1,5,0,2,5,100" ten="253,334,215,198" oya="1" hai0="129,50,87,16,127,72,47,99,8,128,27,102,96" hai1="108,48,104,81,111,66,121,0,106,70,105,71,101" hai2="107,95,38,125,29,18,32,11,133,75,73,97,19" hai3="60,103,7,3,119,122,20,41,1,53,134,49,12"/><U42/><E121/><V114/><F114/><W36/><G122/><T58/><D72/><U135/><E135/><V92/><F133/><W45/><G119/><T67/><D127/><U88/><E101/><V10/><F125/><W86/><G134/><T62/><D87/><N who="1" m="50287" /><E0/><V46/><F32/><W31/><G103/><T115/><D115/><U25/><E66/><V44/><F29/><W117/><G117/><T118/><D118/><U26/><E42/><V39/><REACH who="2" step="1"/><F97/><REACH who="2" ten="253,334,205,198" step="2"/><W68/><G31/><T123/><D123/><U56/><E26/><V126/><F126/><W52/><G86/><T14/><D27/><U69/><E25/><V79/><F79/><W21/><G3/><T116/><D116/><U61/><E69/><V76/><F76/><W22/><G1/><T130/><REACH who="0" step="1"/><D102/><REACH who="0" ten="243,334,205,198" step="2"/><U131/><E108/><V82/><F82/><W4/><G12/><T2/><D2/><U13/><E13/><V90/><F90/><W91/><G91/><T120/><D120/><U30/><E111/><V110/><F110/><W80/><G80/><T74/><D74/><U34/><E34/><V93/><F93/><W17/><G17/><T40/><AGARI ba="5,2" hai="8,14,16,40,47,50,58,62,67,96,99,128,129,130" machi="40" ten="30,7900,0" yaku="1,1,0,1,19,1,54,1,53,0" doraHai="100" doraHaiUra="65" who="0" fromWho="0" sc="243,114,334,-44,205,-25,198,-25" /><INIT seed="2,0,0,4,0,116" ten="357,290,180,173" oya="2" hai0="18,60,92,24,64,86,39,50,5,51,46,90,77" hai1="55,62,30,58,129,21,131,19,123,22,74,25,3" hai2="11,45,114,104,124,16,57,95,43,121,87,82,67" hai3="122,125,117,96,7,8,101,1,4,17,48,38,132"/><V65/><F114/><W72/><G117/><T54/><D39/><U120/><E74/><V26/><F124/><W115/><G115/><T84/><D5/><U81/><E81/><V63/><F104/><W106/><G125/><T70/><D51/><U15/><E3/><V66/><F121/><AGARI ba="0,0" hai="15,19,21,22,25,30,55,58,62,120,121,123,129,131" machi="121" ten="40,8000,1" yaku="13,1,52,3" doraHai="116" who="1" fromWho="2" sc="357,0,290,80,180,-80,173,0" /><INIT seed="3,0,0,1,4,62" ten="357,370,100,173" oya="3" hai0="3,15,61,103,83,57,129,16,97,75,42,87,6" hai1="126,64,127,52,108,2,114,65,113,14,31,131,118" hai2="21,34,85,122,88,99,56,79,32,116,125,20,67" hai3="111,12,4,110,47,98,58,48,78,81,115,50,96"/><W95/><G115/><T73/><D129/><U24/><E131/><V9/><F116/><W86/><G58/><T30/><D30/><U94/><E118/><V29/><F125/><N who="1" m="47625" /><E2/><V106/><F122/><W69/><G69/><T45/><D3/><U44/><E94/><V13/><F79/><W10/><G50/><N who="0" m="26935" /><D73/><U28/><E14/><V37/><F37/><W130/><G130/><T60/><D75/><U23/><E31/><V93/><F29/><W18/><G18/><T120/><D120/><U5/><E5/><V107/><F32/><W33/><G33/><T39/><D39/><U121/><E121/><V55/><F34/><W35/><G35/><T27/><D6/><U11/><E11/><V128/><F128/><W90/><REACH who="3" step="1"/><G98/><REACH who="3" ten="357,370,100,163" step="2"/><T53/><D27/><U7/><E113/><V22/><F99/><W84/><G84/><T123/><D123/><U100/><E114/><V109/><F109/><W59/><G59/><T72/><D72/><U135/><E108/><V49/><REACH who="2" step="1"/><F67/><REACH who="2" ten="357,370,90,163" step="2"/><W105/><G105/><T70/><D97/><U76/><E64/><V74/><F74/><W19/><G19/><AGARI ba="0,2" hai="9,13,19,20,21,22,49,55,56,85,88,93,106,107" machi="19" ten="40,2600,0" yaku="1,1,54,1,53,0" doraHai="62" doraHaiUra="124" who="2" fromWho="3" sc="357,0,370,0,90,46,163,-26" owari="357,16.0,370,46.0,136,-36.0,137,-26.0" /></mjloggm>