<mjloggm ver="2.3"><GO type="41" lobby="0"/><UN n0="%E5%8F%A3%E5%86%85%E7%82%8E%E3%81%8C%E3%81%A7%E3%81%8D%E3%81%A6%E3%82%8B" n1="%4D%49%58%58%30%35" n2="%E5%B0%B1%E6%B4%BB%E7%94%9F%40%E5%B7%9D%E6%9D%91%E8%BB%8D%E5%9B%A3" n3="%E3%82%A2%E3%83%89%E3%83%AA%E3%83%96%E2%98%86%E7%8E%8B%E5%AD%90" dan="13,14,15,14" rate="1946.67,1903.82,1996.42,1928.69" sx="F,M,M,M"/><TAIKYOKU oya="0"/><INIT seed="0,0,0,4,5,110" ten="250,250,250,250" oya="0" hai0="107,9,102,49,57,112,90,85,65,59,37,2,127" hai1="129,122,10,34,135,66,53,103,104,51,101,25,114" hai2="55,45,47,41,12,91,33,109,20,89,82,98,106" hai3="87,48,113,121,73,84,134,120,83,24,80,21,123"/><T119/><D37/><U11/><E122/><V116/><F33/><W79/><G134/><T81/><D119/><U61/><E129/><V115/><F116/><W108/><G108/><T28/><D127/><U60/><E135/><V128/><F109/><W63/><G63/><T30/><D2/><U69/><E61/><V39/><F128/><W14/><G14/><T22/><D9/><U13/><E114/><V42/><F55/><W88/><G48/><T36/><D36/><U130/><E130/><V5/><F115/><W23/><G113/><T7/><D7/><U125/><E125/><V100/><F82/><W1/><G1/><T35/><D35/><U54/><E54/><V67/><F67/><W131/><G131/><T86/><D112/><U62/><E62/><V72/><F72/><W96/><G96/><T94/><D102/><U97/><E101/><V46/><F46/><W95/><G24/><N who="0" m="16407" /><D30/><N who="1" m="19791" /><E13/><V99/><F99/><W18/><G18/><T117/><D117/><U64/><E64/><V75/><F75/><W126/><G126/><T74/><D74/><U16/><E16/><V76/><F76/><AGARI ba="0,0" hai="21,23,73,76,79,80,83,84,87,88,95,120,121,123" machi="76" ten="40,2600,0" yaku="13,1,54,1" doraHai="110" who="3" fromWho="2" sc="250,0,250,0,250,-26,250,26" /><INIT seed="1,0,0,2,4,20" ten="250,250,224,276" oya="1" hai0="68,83,6,119,78,52,39,134,104,50,72,80,131" hai1="24,133,53,22,73,99,54,8,26,94,132,12,7" hai2="98,90,88,84,135,103,11,62,89,14,66,81,85" hai3="55,126,13,100,45,42,121,60,91,123,63,57,111"/><U16/><E73/><V41/><F135/><N who="1" m="51785" /><E26/><V18/><F41/><W127/><G100/><AGARI ba="0,0" hai="7,8,12,16,22,24,53,54,94,99,100" m="51785" machi="100" ten="30,5800,0" yaku="20,1,52,1,54,1" doraHai="20" who="1" fromWho="3" sc="250,0,250,58,224,0,276,-58" /><INIT seed="1,1,0,3,5,26" ten="250,308,224,218" oya="1" hai0="134,74,88,36,97,117,95,76,45,5,107,127,29" hai1="61,120,35,98,8,83,55,24,135,18,16,87,23" hai2="52,94,108,34,7,25,13,81,125,132,77,50,38" hai3="66,133,57,2,64,37,93,53,115,48,42,0,118"/><U54/><E120/><V130/><F38/><W47/><G118/><T21/><D117/><U41/><E35/><V86/><F108/><W22/><G115/><T124/><D107/><U112/><E112/><V91/><F130/><W43/><G133/><T113/><D134/><U31/><E135/><V116/><F132/><W123/><G123/><T92/><D5/><U39/><E39/><V78/><F116/><W67/><G43/><T20/><D20/><N who="1" m="15751" /><E41/><V80/><F125/><W128/><G128/><T102/><D36/><U105/><E105/><V30/><F7/><W73/><G73/><T104/><D45/><U103/><E103/><V51/><F13/><W96/><REACH who="3" step="1"/><G22/><REACH who="3" ten="250,308,224,208" step="2"/><T1/><D21/><U15/><E23/><V101/><F101/><AGARI ba="1,1" hai="0,2,37,42,47,48,53,57,64,66,67,93,96,101" machi="101" ten="40,2600,0" yaku="1,1,2,1,53,0" doraHai="26" doraHaiUra="119" who="3" fromWho="2" sc="250,0,308,0,224,-29,208,39" /><INIT seed="2,0,0,3,3,61" ten="250,308,195,247" oya="2" hai0="74,36,54,10,44,131,120,80,34,126,39,13,107" hai1="60,16,112,132,103,4,106,48,12,78,91,98,135" hai2="43,89,69,116,99,90,100,124,8,117,95,64,114" hai3="130,70,93,133,14,40,1,6,17,113,18,63,105"/><V68/><F114/><W55/><G105/><T62/><D120/><U52/><E112/><V57/><F124/><W134/><G40/><T38/><D126/><U27/><E78/><V102/><F43/><W28/><G113/><T24/><D107/><U96/><E4/><V121/><F121/><W82/><G28/><T29/><D131/><U25/><E60/><V49/><F116/><W128/><G82/><T5/><D80/><U65/><E91/><V72/><F117/><W119/><G119/><T31/><D74/><U21/><E96/><V77/><F72/><W59/><G70/><T7/><D31/><U122/><E122/><V127/><F77/><W41/><G41/><T118/><D118/><U94/><E106/><V97/><F127/><W108/><G108/><T129/><D129/><N who="3" m="49769" /><G1/><T88/><D38/><U66/><E135/><N who="3" m="51722" /><G93/><T58/><D39/><U73/><E132/><V111/><F111/><W123/><G123/><T85/><D44/><N who="1" m="27655" /><E73/><V53/><F8/><AGARI ba="0,0" hai="6,8,14,17,18,55,59,63" m="51722,49769" machi="8" ten="30,2000,0" yaku="19,1,20,1" doraHai="61" who="3" fromWho="2" sc="250,0,308,0,195,-20,247,20" /><INIT seed="3,0,0,1,0,8" ten="250,308,175,267" oya="3" hai0="82,90,89,29,106,86,88,99,47,24,129,13,75" hai1="63,2,22,83,100,21,66,76,61,25,33,62,0" hai2="74,18,72,57,135,30,130,19,117,105,102,110,41" hai3="70,56,114,49,80,40,112,4,3,48,45,42,79"/><W39/><G70/><T12/><D129/><U124/><E124/><V27/><F117/><W37/><G56/><T59/><D47/><U28/><E100/><V1/><F130/><W121/><G121/><T44/><D44/><U123/><E123/><V31/><F1/><W125/><G125/><T7/><D75/><U97/><E97/><V94/><F135/><W120/><G120/><T104/><D7/><U69/><E62/><V108/><F105/><W52/><G49/><T50/><D50/><U51/><E61/><V131/><F131/><W118/><G118/><T95/><D59/><U116/><E51/><V92/><F41/><W60/><G60/><T77/><D104/><U133/><E133/><V96/><F57/><W128/><G128/><T46/><D46/><U134/><E134/><V10/><F10/><W126/><G126/><T81/><D81/><U107/><E107/><V85/><F85/><W16/><G40/><T84/><D84/><U20/><REACH who="1" step="1"/><E116/><REACH who="1" ten="250,298,175,267" step="2"/><V122/><F122/><W34/><G39/><T11/><D106/><U67/><E67/><V68/><F96/><W101/><G101/><T55/><D99/><U6/><E6/><V91/><F102/><W9/><G48/><T54/><D95/><U115/><E115/><V78/><F108/><W103/><G103/><T14/><REACH who="0" step="1"/><D11/><REACH who="0" ten="240,298,175,267" step="2"/><U98/><E98/><V38/><F110/><W73/><G114/><T58/><D58/><U43/><E43/><V32/><F68/><W36/><G112/><T5/><D5/><U111/><E111/><V26/><F38/><W93/><G37/><T113/><D113/><RYUUKYOKU ba="0,2" sc="240,15,298,15,175,-15,267,-15" hai0="12,13,14,24,29,54,55,77,82,86,88,89,90" hai1="0,2,20,21,22,25,28,33,63,66,69,76,83" /><INIT seed="4,1,2,0,3,5" ten="255,313,160,252" oya="0" hai0="118,69,50,28,129,65,127,79,30,119,25,38,81" hai1="93,24,110,22,101,11,97,98,88,85,103,113,21" hai2="17,122,49,12,114,54,61,70,77,68,48,74,135" hai3="31,57,131,44,14,37,39,105,130,56,63,108,18"/><T62/><D38/><U72/><E110/><V83/><F122/><W132/><G108/><T45/><D127/><U124/><E113/><V78/><F114/><W58/><G105/><T16/><D129/><U64/><E124/><V6/><F135/><W41/><G132/><T126/><D126/><U60/><E72/><V8/><F77/><W111/><G31/><T121/><D121/><U29/><E22/><V73/><F73/><W67/><G111/><T90/><D90/><U59/><REACH who="1" step="1"/><E11/><REACH who="1" ten="255,303,160,252" step="2"/><V94/><F70/><W66/><G131/><T100/><D69/><U9/><E9/><V128/><F128/><W23/><G130/><T52/><D118/><U2/><E2/><V43/><F6/><W10/><G67/><T55/><D119/><U92/><E92/><V106/><F106/><W120/><G120/><T107/><D107/><U26/><E26/><V117/><F117/><W40/><G10/><T109/><D109/><U7/><E7/><V15/><F15/><W3/><G3/><T51/><D65/><U86/><E86/><V1/><F1/><W71/><G71/><T53/><D30/><U0/><E0/><V19/><F68/><W76/><G66/><T104/><D104/><U123/><E123/><V99/><F19/><W112/><G112/><T133/><D133/><U95/><E95/><V42/><F94/><W13/><G13/><T46/><D16/><U32/><E32/><V27/><F99/><AGARI ba="1,3" hai="21,24,29,59,60,64,85,88,93,97,98,99,101,103" machi="99" ten="40,8000,1" yaku="1,1,8,1,54,1,53,1" doraHai="5" doraHaiUra="20" who="1" fromWho="2" sc="255,0,303,113,160,-83,252,0" /><INIT seed="5,0,0,3,0,102" ten="255,416,77,252" oya="1" hai0="135,74,124,75,26,23,73,28,22,8,72,35,14" hai1="118,70,92,71,97,123,4,1,61,50,106,60,43" hai2="64,109,119,117,122,125,21,121,114,36,126,10,30" hai3="59,9,131,57,51,24,48,132,111,20,27,53,98"/><U6/><E118/><N who="2" m="45067" /><F36/><W133/><G131/><T33/><D124/><N who="2" m="47722" /><F64/><W16/><G9/><T80/><D135/><N who="3" m="51785" /><G111/><T120/><D120/><N who="2" m="46186" /><F10/><W91/><G27/><T63/><D63/><U19/><E61/><V55/><F55/><W34/><G34/><T69/><D69/><U129/><E60/><V12/><F12/><W18/><G18/><T11/><D11/><U45/><E70/><V134/><F134/><W58/><G51/><T101/><D8/><U66/><E71/><V40/><F40/><W7/><G7/><T96/><D14/><U100/><E19/><V94/><F94/><AGARI ba="0,0" hai="16,20,24,48,53,57,58,59,91,94,98" m="51785" machi="94" ten="30,2000,0" yaku="20,1,54,1" doraHai="102" who="3" fromWho="2" sc="255,0,416,0,77,-20,252,20" /><INIT seed="6,0,0,4,5,20" ten="255,416,57,272" oya="2" hai0="135,114,72,84,66,81,55,17,118,79,46,128,62" hai1="98,60,42,0,131,1,94,116,56,77,83,109,70" hai2="21,133,104,93,10,38,48,90,32,18,23,11,39" hai3="108,99,36,26,91,35,87,13,31,80,115,28,3"/><V92/><F104/><W19/><G108/><T130/><D114/><U22/><E70/><V12/><F32/><W102/><G36/><T2/><D2/><U7/><E116/><V74/><F133/><W8/><G115/><T41/><D118/><U71/><E71/><V14/><F74/><W69/><G69/><T6/><D6/><U63/><E131/><V110/><F110/><W105/><G31/><T119/><D119/><U40/><E22/><V9/><F48/><W97/><G97/><T124/><D135/><U101/><E63/><V67/><F67/><W121/><G121/><T112/><D112/><U59/><E59/><V53/><F53/><W45/><G45/><T58/><D124/><U68/><E68/><V57/><F57/><W37/><G37/><T123/><D123/><U65/><E1/><V127/><F127/><W95/><REACH who="3" step="1"/><G3/><REACH who="3" ten="255,416,57,262" step="2"/><T78/><D46/><U44/><E44/><V120/><F120/><W30/><G30/><T86/><D128/><U33/><E98/><V117/><F117/><W5/><G5/><T129/><D130/><U34/><E7/><V29/><F92/><AGARI ba="0,1" hai="8,13,19,26,28,35,80,87,91,92,95,99,102,105" machi="92" ten="40,5200,0" yaku="1,1,52,1,53,1" doraHai="20" doraHaiUra="82" who="3" fromWho="2" sc="255,0,416,0,57,-52,262,62" /><INIT seed="7,0,0,4,1,25" ten="255,416,5,324" oya="3" hai0="94,6,18,13,21,113,131,108,129,19,105,71,118" hai1="56,124,42,88,77,45,39,115,69,54,53,30,1" hai2="86,61,14,109,48,2,112,87,16,24,127,37,81" hai3="96,111,82,95,133,107,93,52,0,44,17,102,3"/><W128/><G133/><T120/><D71/><U11/><E69/><V46/><F16/><W27/><G111/><T121/><D105/><U47/><E115/><V40/><F86/><W33/><G128/><N who="0" m="49227" /><D94/><U73/><E124/><V97/><F14/><W36/><G107/><T126/><D126/><U12/><E1/><V58/><F24/><W116/><G36/><T89/><D89/><U51/><E77/><V92/><F87/><W132/><G116/><T10/><D113/><U60/><E73/><V64/><F92/><W49/><G132/><T59/><D59/><U32/><E88/><V55/><F97/><W67/><G93/><T31/><D108/><U76/><E76/><V75/><F81/><W66/><G67/><T90/><D90/><U104/><E104/><V34/><F75/><W125/><G125/><T78/><D78/><U7/><E32/><V72/><F2/><W119/><G119/><T79/><D79/><U122/><E122/><N who="0" m="47209" /><D118/><U106/><E106/><V5/><F34/><W8/><G66/><T114/><D114/><U135/><E135/><V4/><F5/><W85/><G82/><T83/><D83/><U110/><E110/><V20/><F4/><W80/><G80/><T98/><D98/><U9/><E9/><V134/><F20/><W41/><G85/><T29/><D19/><U65/><E39/><V62/><F72/><W103/><G41/><T130/><N who="0" m="49235" /><T68/><DORA hai="38" /><D68/><U101/><E101/><V15/><F127/><W22/><G103/><T26/><AGARI ba="0,0" hai="6,10,13,18,21,26,29,31" m="47209,49235" machi="26" ten="50,8000,1" yaku="19,1,34,2,52,2" doraHai="25,38" who="0" fromWho="0" sc="255,80,416,-20,5,-20,324,-40" owari="335,14.0,396,50.0,-15,-52.0,284,-12.0" /></mjloggm>