<mjloggm ver="2.3"><GO type="169" lobby="0"/><UN n0="%EF%BC%88%EF%BC%8D%EF%BD%97%EF%BC%8D%EF%BC%89" n1="%E3%82%A6%E3%83%AB%E3%83%88%E3%83%A9%E7%AB%8B%E7%9B%B4" n2="%E3%83%98%E3%82%AF%E3%82%B5%E3%83%BC" n3="%E3%83%86%E3%83%AC%E3%83%93%E3%81%A3%E5%AD%90" dan="16,17,19,17" rate="2059.01,2125.33,2298.82,2150.70" sx="M,M,M,M"/><TAIKYOKU oya="0"/><INIT seed="0,0,0,0,1,54" ten="250,250,250,250" oya="0" hai0="78,92,130,86,23,98,56,44,29,32,94,76,108" hai1="117,97,20,64,35,39,71,50,126,12,84,116,28" hai2="11,103,10,22,91,128,122,93,106,70,3,73,62" hai3="6,131,133,45,72,66,113,48,52,74,15,8,80"/><T63/><D32/><U96/><E39/><V18/><F122/><W58/><G113/><T30/><D130/><U100/><E97/><V115/><F73/><W19/><G131/><T69/><D69/><U88/><E126/><V65/><F128/><W37/><G133/><T60/><D60/><U33/><E33/><V75/><F75/><W43/><G66/><N who="0" m="39271" /><D108/><U127/><E127/><V67/><F115/><W109/><G109/><T82/><D76/><U121/><E121/><V87/><F3/><W2/><REACH who="3" step="1"/><G80/><REACH who="3" ten="250,250,250,240" step="2"/><T105/><D105/><U1/><E64/><V132/><F132/><W21/><AGARI ba="0,1" hai="2,6,8,15,19,21,37,43,45,48,52,58,72,74" machi="21" ten="20,12000,2" yaku="1,1,2,1,0,1,7,1,52,1,54,1,53,1" doraHai="54" doraHaiUra="34" who="3" fromWho="3" sc="250,-60,250,-30,250,-30,240,130" /><INIT seed="1,0,0,5,0,60" ten="190,220,220,370" oya="1" hai0="45,11,93,117,54,36,126,78,9,57,27,76,68" hai1="29,10,132,31,48,127,122,103,104,39,59,79,0" hai2="98,94,21,55,124,83,41,77,51,2,90,135,19" hai3="53,23,123,75,24,100,92,89,125,38,131,109,101"/><U3/><E39/><V7/><F135/><W107/><G75/><T13/><D117/><U119/><E119/><V113/><F124/><W4/><G38/><T87/><D126/><U20/><E127/><V15/><F113/><W14/><G107/><T42/><D68/><U43/><E122/><V18/><F2/><W30/><G123/><T22/><D93/><U128/><E132/><V63/><F7/><W1/><G131/><T116/><D116/><U47/><E128/><V114/><F114/><W91/><G109/><T17/><D87/><U25/><E79/><V130/><F130/><W32/><G91/><T96/><D96/><U72/><E72/><V120/><F120/><W99/><G125/><T133/><D133/><U33/><E10/><V58/><F19/><W84/><G99/><T61/><REACH who="0" step="1"/><D9/><REACH who="0" ten="180,220,220,370" step="2"/><U110/><E110/><V81/><F77/><W50/><G100/><T8/><D8/><U49/><E103/><V37/><F98/><W67/><G101/><T115/><D115/><U97/><E97/><V73/><F94/><W82/><G92/><T112/><D112/><U86/><E86/><V40/><F90/><W64/><G89/><T108/><D108/><U111/><E111/><V129/><F129/><W118/><G118/><T28/><AGARI ba="0,1" hai="11,13,17,22,27,28,36,42,45,54,57,61,76,78" machi="28" ten="20,2700,0" yaku="1,1,0,1,7,1,53,0" doraHai="60" doraHaiUra="44" who="0" fromWho="0" sc="180,37,220,-13,220,-7,370,-7" /><INIT seed="2,0,0,4,4,28" ten="217,207,213,363" oya="2" hai0="76,83,10,54,14,106,53,68,57,11,13,20,80" hai1="99,9,92,93,111,132,129,95,126,89,65,78,109" hai2="127,100,15,40,120,19,0,69,94,82,21,35,103" hai3="72,44,112,27,135,52,85,43,42,62,31,22,5"/><V25/><F120/><W48/><G72/><T108/><D106/><U33/><E65/><V32/><F69/><W110/><G110/><N who="1" m="41994" /><E9/><V116/><F116/><W16/><G135/><T38/><D38/><U75/><E33/><V71/><F71/><W119/><G119/><T96/><D68/><U66/><E66/><V37/><F0/><W88/><G5/><T7/><D20/><U123/><E132/><V107/><F127/><W101/><G101/><T131/><D131/><U91/><E129/><V4/><F107/><W117/><G112/><T102/><D76/><U104/><E126/><V58/><F82/><N who="3" m="49207" /><G117/><T60/><D54/><U55/><E55/><V77/><F77/><W45/><G62/><T3/><D3/><U30/><E30/><V124/><F124/><W46/><G31/><T63/><D63/><U97/><E123/><V41/><F58/><AGARI ba="0,0" hai="16,22,27,42,43,44,45,46,48,52,58" m="49207" machi="58" ten="30,7700,0" yaku="8,1,54,3" doraHai="28" who="3" fromWho="2" sc="217,0,207,0,213,-77,363,77" /><INIT seed="3,0,0,4,5,7" ten="217,207,136,440" oya="3" hai0="42,29,87,69,65,128,125,34,27,96,95,100,117" hai1="56,120,118,30,38,75,35,89,119,59,107,49,73" hai2="6,94,44,111,26,83,37,114,126,41,36,17,60" hai3="0,62,39,131,98,13,97,63,103,76,46,54,33"/><W15/><G0/><T31/><D117/><U115/><E38/><V25/><F114/><W5/><G33/><T122/><D122/><U74/><E115/><V68/><F126/><W77/><G131/><T4/><D31/><U21/><E35/><V121/><F121/><W1/><G1/><T71/><D42/><U64/><E120/><V124/><F124/><W135/><G135/><T48/><D48/><U105/><E89/><V51/><F111/><W101/><G5/><T23/><D125/><U133/><E133/><V2/><F94/><W110/><G110/><T108/><D108/><U61/><E21/><V47/><F83/><W19/><G39/><T70/><D128/><U116/><E30/><V20/><F26/><W66/><G46/><T85/><D65/><U55/><AGARI ba="0,0" hai="49,55,56,59,61,64,73,74,75,105,107,116,118,119" machi="55" ten="40,2700,0" yaku="0,1,12,1" doraHai="7" who="1" fromWho="1" sc="217,-7,207,27,136,-7,440,-13" /><INIT seed="4,0,0,3,1,9" ten="210,234,129,427" oya="0" hai0="60,54,61,49,135,19,116,56,43,31,118,33,45" hai1="100,99,115,3,27,127,96,21,122,86,102,126,82" hai2="109,111,131,55,62,124,72,4,18,110,28,59,79" hai3="50,64,47,20,121,68,112,108,97,75,17,5,89"/><T95/><D33/><U134/><E3/><V69/><F131/><W104/><G75/><T71/><D31/><U41/><E41/><V22/><F124/><N who="1" m="47657" /><E122/><V58/><F69/><W38/><G38/><T114/><D114/><U44/><E44/><V11/><F28/><W34/><G34/><T88/><D135/><U53/><E53/><V128/><F128/><W77/><G77/><T24/><D71/><U2/><E2/><V1/><F79/><W46/><G5/><T63/><D118/><U57/><E57/><V6/><F72/><W74/><G74/><T129/><D129/><U7/><E7/><V92/><F92/><W81/><G64/><T25/><D116/><U35/><E35/><V16/><F4/><W13/><G68/><T113/><D113/><U80/><E134/><V8/><F8/><W132/><G132/><T78/><D78/><N who="1" m="46359" /><E82/><V106/><F22/><W23/><G23/><N who="0" m="13439" /><D25/><U76/><E76/><V40/><F40/><W85/><G112/><T123/><D123/><U29/><E115/><V70/><F70/><W36/><G121/><T0/><D0/><U117/><E117/><V90/><F59/><W39/><G39/><T10/><D10/><U12/><E27/><V42/><F106/><W133/><G36/><T66/><D66/><U107/><E29/><V32/><F32/><W15/><G133/><T48/><D48/><U26/><E26/><V30/><F30/><W120/><G120/><T103/><D103/><N who="1" m="39467" /><E107/><V83/><REACH who="2" step="1"/><F42/><REACH who="2" ten="210,234,119,427" step="2"/><N who="3" m="24919" /><G104/><T101/><D101/><U73/><E73/><V67/><F67/><W93/><G20/><T105/><D105/><RYUUKYOKU ba="0,1" sc="210,10,234,10,119,10,427,-30" hai0="43,45,49,54,56,60,61,63,88,95" hai1="12,21,96,99" hai2="1,6,11,16,18,55,58,62,83,90,109,110,111" /><INIT seed="4,1,1,1,2,40" ten="220,244,129,397" oya="0" hai0="0,32,16,50,119,25,8,58,3,57,114,116,107" hai1="6,117,26,34,131,19,29,5,38,24,85,55,45" hai2="11,46,93,17,88,30,133,2,67,99,70,79,87" hai3="76,15,83,103,97,109,7,35,64,75,13,94,132"/><T104/><D114/><U44/><E117/><V82/><F133/><W124/><G109/><T74/><D74/><U121/><E121/><V84/><F30/><W59/><G132/><T62/><D32/><U39/><E85/><V90/><F70/><W63/><G124/><T31/><D31/><U81/><E81/><V71/><F71/><W102/><G35/><T23/><D116/><U53/><E29/><V118/><F118/><W56/><G7/><T126/><D126/><U66/><E34/><V49/><F67/><W47/><G103/><T27/><D27/><U28/><E28/><V20/><F2/><W41/><REACH who="3" step="1"/><G56/><REACH who="3" ten="220,244,129,387" step="2"/><T36/><D119/><U112/><E5/><V9/><F90/><W92/><G92/><T91/><D91/><U98/><E6/><V123/><F123/><W89/><G89/><T80/><D104/><U135/><E135/><V100/><F100/><W1/><G1/><T106/><D107/><U108/><E108/><V122/><F122/><W111/><G111/><T21/><D106/><U78/><E112/><V4/><F4/><W125/><G125/><T18/><D0/><U128/><E78/><V33/><F33/><W129/><G129/><T60/><D3/><U96/><E131/><V105/><F105/><W43/><G43/><T51/><D58/><U42/><E42/><N who="2" m="24791" /><F99/><W65/><G65/><T120/><D120/><U69/><E128/><V14/><AGARI ba="1,2" hai="9,11,14,17,20,79,82,84,87,88,93" m="24791" machi="14" ten="30,4000,0" yaku="8,1,52,1,54,1" doraHai="40" who="2" fromWho="2" sc="220,-21,244,-11,129,63,387,-11" /><INIT seed="5,0,0,4,2,107" ten="199,233,192,376" oya="1" hai0="49,46,89,85,19,87,29,102,40,27,105,94,12" hai1="113,48,95,26,23,31,118,129,33,1,127,60,111" hai2="58,50,59,47,91,114,81,22,124,103,108,97,125" hai3="64,38,57,68,51,88,117,69,77,17,71,112,18"/><U16/><E118/><V90/><F108/><W98/><G38/><T53/><D105/><U30/><E111/><V54/><F114/><W20/><G112/><T21/><D102/><U39/><E39/><V35/><F35/><W25/><G77/><T110/><D110/><U126/><E113/><V65/><F22/><W8/><G117/><T119/><D119/><U61/><E1/><V7/><F7/><W43/><G43/><T109/><D109/><U100/><E48/><V42/><F65/><W5/><G17/><T135/><D135/><U84/><E129/><V120/><F120/><W106/><G106/><T93/><D85/><U99/><E84/><V14/><F14/><W101/><G101/><T92/><REACH who="0" step="1"/><D40/><REACH who="0" ten="189,233,192,376" step="2"/><U121/><E121/><V37/><F81/><W10/><G98/><T72/><D72/><U128/><E128/><V134/><F134/><W122/><G122/><T70/><D70/><U73/><E73/><V56/><F103/><W78/><G68/><T24/><D24/><N who="1" m="14439" /><E31/><V55/><F97/><W11/><G69/><T86/><D86/><U0/><E0/><V67/><F125/><AGARI ba="0,1" hai="26,30,33,60,61,95,99,100,125,126,127" m="14439" machi="125" ten="30,2900,0" yaku="18,1,54,1" doraHai="107" who="1" fromWho="2" sc="189,0,233,39,192,-29,376,0" /><INIT seed="5,1,0,5,2,20" ten="189,272,163,376" oya="1" hai0="37,46,5,124,9,44,19,36,120,39,113,116,79" hai1="35,57,99,16,92,101,38,105,40,55,121,109,89" hai2="58,8,123,3,1,90,24,31,15,59,0,6,10" hai3="23,70,100,17,71,94,77,2,108,129,126,22,18"/><U21/><E35/><V81/><F123/><W131/><G77/><T119/><D120/><U47/><E121/><V106/><F106/><W88/><G2/><T67/><D124/><U69/><E69/><V64/><F64/><W110/><G100/><T135/><D135/><U102/><E105/><V4/><F81/><W33/><G33/><T114/><D79/><U27/><E109/><V96/><F59/><W130/><G126/><T42/><D19/><U75/><E75/><V43/><F58/><W93/><G130/><T82/><D82/><U73/><E73/><V98/><F43/><W25/><G88/><T112/><D67/><U134/><E134/><V48/><F48/><AGARI ba="1,0" hai="16,21,27,38,40,47,48,55,57,89,92,99,101,102" machi="48" ten="30,5800,0" yaku="7,1,52,1,54,1" doraHai="20" who="1" fromWho="2" sc="189,0,272,61,163,-61,376,0" /><INIT seed="5,2,0,2,3,72" ten="189,333,102,376" oya="1" hai0="99,19,112,113,18,83,24,11,80,40,46,39,108" hai1="70,37,120,71,44,129,63,14,0,82,62,54,92" hai2="33,36,106,107,130,118,78,29,53,121,47,30,79" hai3="32,49,15,12,124,10,56,93,51,95,34,50,38"/><U59/><E0/><V102/><F121/><W60/><G38/><T81/><D108/><U42/><E120/><V98/><F118/><W55/><G124/><T22/><D11/><U4/><E4/><V61/><F130/><W73/><G73/><T21/><REACH who="0" step="1"/><D99/><REACH who="0" ten="179,333,102,376" step="2"/><U65/><E129/><V28/><F33/><W116/><G34/><T125/><D125/><U132/><E132/><V69/><F107/><W94/><G32/><T66/><D66/><U74/><E92/><V26/><F26/><AGARI ba="2,1" hai="18,19,21,22,24,26,39,40,46,80,81,83,112,113" machi="26" ten="40,2600,0" yaku="1,1,9,1,53,0" doraHai="72" doraHaiUra="86" who="0" fromWho="2" sc="179,42,333,0,102,-32,376,0" /><INIT seed="6,0,0,3,2,95" ten="221,333,70,376" oya="2" hai0="40,80,34,107,8,52,12,0,15,47,117,87,122" hai1="77,59,126,120,37,103,104,74,56,22,36,18,73" hai2="4,21,60,133,58,78,69,119,41,33,49,96,43" hai3="19,128,88,5,134,111,99,125,81,76,114,10,124"/><V66/><F33/><W31/><G31/><T26/><D122/><U131/><E77/><V75/><F119/><W55/><G111/><T20/><D117/><U71/><E71/><V35/><F35/><W7/><G55/><T45/><D107/><U86/><E86/><V50/><F133/><W3/><G134/><T24/><D0/><U32/><E32/><V27/><F4/><W9/><G19/><N who="0" m="10367" /><D40/><U38/><E126/><V61/><F75/><W63/><G63/><T79/><D34/><U70/><E70/><V127/><F78/><W2/><G128/><T72/><D72/><U110/><E110/><V106/><F127/><W46/><G46/><N who="0" m="17419" /><D52/><U123/><E131/><V97/><F106/><W57/><G114/><T30/><D30/><U129/><E129/><V85/><F85/><W101/><G57/><T42/><D42/><N who="2" m="15882" /><F61/><W25/><G76/><T102/><D102/><U54/><E74/><V29/><F69/><W90/><G101/><T115/><D115/><U14/><E73/><V92/><F92/><W109/><G109/><T16/><AGARI ba="0,0" hai="8,12,16,24,26,79,80,87" m="17419,10367" machi="16" ten="30,2000,0" yaku="8,1,54,1" doraHai="95" who="0" fromWho="0" sc="221,20,333,-5,70,-10,376,-5" /><INIT seed="7,0,0,2,1,44" ten="241,328,60,371" oya="3" hai0="62,53,106,91,72,101,36,24,132,35,21,4,113" hai1="67,122,110,46,126,0,51,20,32,129,83,117,31" hai2="123,94,38,111,2,33,81,40,77,57,47,108,41" hai3="70,28,55,8,118,74,29,93,7,23,65,119,63"/><W22/><G74/><T86/><D36/><U16/><E0/><V18/><F94/><W76/><G76/><T115/><D35/><U6/><E6/><V45/><F18/><W95/><G55/><T66/><D4/><U97/><E110/><V104/><F57/><W30/><G95/><T61/><D72/><U58/><E122/><V105/><F123/><W26/><G93/><T134/><D101/><U37/><E37/><V107/><F33/><W85/><G85/><T50/><D106/><U49/><E32/><V13/><F13/><W17/><G23/><T52/><D86/><U43/><E31/><V39/><F111/><W82/><G82/><T90/><D21/><U98/><E117/><V59/><F59/><W88/><G88/><N who="0" m="33835" /><D66/><U133/><E83/><V42/><F108/><W112/><G112/><N who="0" m="43083" /><D24/><N who="1" m="14343" /><E126/><V19/><F19/><W99/><G99/><N who="1" m="37898" /><E129/><V109/><F109/><W75/><G75/><T114/><N who="0" m="43091" /><T78/><DORA hai="121" /><D78/><U103/><E133/><N who="0" m="51305" /><D50/><N who="1" m="26975" /><E103/><V1/><REACH who="2" step="1"/><F41/><REACH who="2" ten="241,328,50,371" step="2"/><W64/><G17/><T48/><D48/><U27/><E27/><V14/><F14/><W73/><G26/><T34/><D34/><U127/><E127/><V89/><F89/><W124/><G124/><T79/><D79/><U11/><E11/><V120/><F120/><W54/><G8/><T130/><D130/><U87/><E87/><V128/><F128/><W3/><G22/><T60/><AGARI ba="0,1" hai="52,53,60,61,62" m="51305,43091,33835" machi="60" ten="50,12000,2" yaku="28,2,15,1,11,1,20,1,54,2" doraHai="44,121" who="0" fromWho="0" sc="241,130,328,-30,50,-30,371,-60" owari="371,47.0,298,-10.0,20,-48.0,311,11.0" /></mjloggm>