<mjloggm ver="2.3"><GO type="97" lobby="0"/><UN n0="%E3%82%A2%E3%83%A1%E3%83%AA%E3%82%A2" n1="%E5%B0%B1%E6%B4%BB%E7%94%9F%40%E5%B7%9D%E6%9D%91%E8%BB%8D%E5%9B%A3" n2="%63%6F%61" n3="%E2%98%85%E6%98%9F%E9%A6%AC%E3%83%88%E3%83%83%E3%82%B7%E3%82%A4%E2%98%85" dan="13,15,15,14" rate="1836.50,2048.43,2012.06,1998.31" sx="M,M,M,M"/><TAIKYOKU oya="0"/><INIT seed="0,0,0,5,5,42" ten="250,250,250,250" oya="0" hai0="99,127,17,60,46,70,120,109,34,69,85,63,48" hai1="81,67,52,64,26,65,102,13,73,87,108,131,49" hai2="19,66,0,72,28,38,123,45,16,135,12,56,41" hai3="6,121,104,133,47,54,51,75,59,83,107,95,80"/><T68/><D120/><U57/><E73/><V94/><F123/><W43/><G121/><T21/><D34/><U7/><E131/><V112/><F112/><W125/><G133/><T50/><D127/><U84/><E108/><V32/><F135/><W74/><G125/><T3/><D3/><U33/><E102/><V103/><F72/><W14/><G75/><T91/><D99/><U22/><E33/><V97/><F0/><W88/><G80/><T101/><D101/><U24/><E84/><V1/><F1/><W10/><G74/><T29/><D29/><U4/><E13/><V116/><F116/><W11/><G83/><T39/><D39/><U23/><E22/><V20/><F19/><W126/><G11/><T79/><D79/><U118/><E118/><V124/><F124/><W106/><G126/><T82/><D50/><U93/><E93/><V132/><F132/><W119/><G119/><T40/><REACH who="0" step="1"/><D109/><REACH who="0" ten="240,250,250,250" step="2"/><U110/><E110/><V31/><F32/><W61/><G107/><T117/><D117/><U9/><E49/><V92/><F92/><W25/><G25/><AGARI ba="0,1" hai="17,21,25,40,46,48,60,63,68,69,70,82,85,91" machi="25" ten="40,7700,0" yaku="1,1,52,1,53,1" doraHai="42" doraHaiUra="36" who="0" fromWho="3" sc="240,87,250,0,250,0,250,-77" /><INIT seed="0,1,0,0,4,130" ten="327,250,250,173" oya="0" hai0="45,126,41,100,117,61,34,9,73,58,56,132,121" hai1="15,110,74,123,124,43,81,70,76,10,105,42,71" hai2="80,84,112,106,21,129,83,57,96,85,114,116,53" hai3="47,22,59,5,103,25,64,89,48,119,13,46,78"/><T27/><D121/><U97/><E123/><V39/><F129/><W52/><G119/><T8/><D73/><U54/><E110/><V77/><F39/><W107/><G78/><T68/><D117/><U2/><E124/><V102/><F21/><W60/><G107/><T36/><D126/><U1/><E54/><V122/><F116/><W69/><G103/><T51/><D58/><U95/><E105/><V49/><REACH who="2" step="1"/><F122/><REACH who="2" ten="327,250,240,173" step="2"/><W113/><G113/><T127/><D127/><U111/><E111/><V72/><F72/><W67/><G67/><T134/><D100/><U7/><E71/><V65/><F65/><W11/><REACH who="3" step="1"/><G89/><AGARI ba="1,1" hai="49,53,57,77,80,83,84,85,89,96,102,106,112,114" machi="89" ten="30,2000,0" yaku="1,1,7,1,53,0" doraHai="130" doraHaiUra="63" who="2" fromWho="3" sc="327,0,250,0,240,33,173,-23" /><INIT seed="1,0,0,5,4,87" ten="327,250,273,150" oya="1" hai0="16,108,8,77,78,73,124,74,68,45,17,82,56" hai1="13,51,64,128,76,42,71,0,101,105,97,131,57" hai2="98,133,30,54,112,80,43,29,130,113,75,132,65" hai3="83,118,37,58,119,90,117,106,63,69,50,21,107"/><U31/><E0/><V96/><F65/><W7/><G37/><T116/><D116/><U25/><E76/><N who="2" m="44063" /><F43/><W55/><G7/><T48/><D124/><U122/><E122/><V121/><F121/><W34/><G34/><T92/><D68/><U59/><E13/><V91/><F54/><W5/><G5/><T46/><D108/><U23/><E42/><V100/><F130/><N who="1" m="49705" /><E51/><V66/><F66/><W12/><G69/><T60/><D8/><U62/><AGARI ba="0,0" hai="23,25,31,57,59,62,64,71,97,101,105" m="49705" machi="62" ten="30,1500,0" yaku="19,1" doraHai="87" who="1" fromWho="1" sc="327,-5,250,15,273,-5,150,-5" /><INIT seed="1,1,0,4,1,134" ten="322,265,268,145" oya="1" hai0="17,90,44,96,127,4,95,8,102,123,83,32,7" hai1="133,115,117,94,12,10,118,125,131,63,13,31,62" hai2="26,66,22,36,99,85,61,47,11,77,128,60,104" hai3="0,100,91,46,57,52,75,105,126,25,79,103,54"/><U29/><E115/><V73/><F128/><W132/><G132/><T120/><D32/><U111/><E133/><V38/><F73/><W87/><G0/><T106/><D127/><U84/><E131/><V69/><F77/><W107/><G126/><T23/><D44/><U37/><E37/><V68/><F85/><W98/><G25/><T65/><D65/><U82/><E125/><V67/><F11/><W48/><G75/><T97/><D83/><U49/><E111/><V76/><F76/><W50/><G79/><T114/><D114/><U108/><E108/><V89/><F47/><W2/><G2/><T40/><D40/><U27/><E94/><V33/><F89/><W55/><G55/><T16/><D17/><U116/><E49/><V92/><F92/><W15/><G15/><N who="0" m="9631" /><D8/><U130/><E130/><V43/><F43/><W41/><G103/><T1/><D1/><U14/><E10/><V28/><F22/><W121/><G121/><AGARI ba="1,0" hai="4,7,90,95,96,97,102,106,120,121,123" m="9631" machi="121" ten="30,2000,0" yaku="13,1,54,1" doraHai="134" who="0" fromWho="3" sc="322,23,265,0,268,0,145,-23" /><INIT seed="2,0,0,4,1,122" ten="345,265,268,122" oya="2" hai0="127,26,117,104,105,65,0,72,18,110,118,86,45" hai1="128,35,95,1,25,115,108,8,4,121,109,42,53" hai2="100,123,63,9,89,3,74,19,66,43,60,49,21" hai3="133,56,107,30,85,54,52,103,59,131,92,48,10"/><V46/><F123/><W33/><G133/><T29/><D0/><U126/><E121/><V61/><F74/><W32/><G131/><T44/><D72/><U34/><E115/><V90/><F100/><W12/><G107/><T27/><D127/><U91/><E128/><V47/><F66/><W38/><G38/><T113/><D113/><U55/><E42/><V23/><F47/><W71/><G71/><T111/><D65/><U83/><E83/><V96/><F96/><W11/><G30/><T129/><D29/><N who="1" m="19759" /><E35/><V16/><F3/><W87/><G10/><T64/><D64/><U101/><E101/><V2/><F2/><W82/><G103/><T99/><D99/><N who="1" m="57855" /><E126/><V79/><F79/><W22/><G22/><N who="2" m="8201" /><F9/><W58/><G92/><T88/><D86/><U94/><E94/><V81/><F90/><W102/><G102/><T67/><D67/><U124/><E124/><V5/><F5/><W76/><G87/><AGARI ba="0,0" hai="16,19,43,46,49,60,61,63,81,87,89" m="8201" machi="87" ten="30,2900,0" yaku="8,1,54,1" doraHai="122" who="2" fromWho="3" sc="345,0,265,0,268,29,122,-29" /><INIT seed="2,1,0,0,3,130" ten="345,265,297,93" oya="2" hai0="83,133,37,1,6,14,125,25,99,70,105,134,84" hai1="89,0,88,101,131,135,53,95,17,36,63,66,74" hai2="69,54,73,106,92,123,52,97,33,39,114,42,9" hai3="20,51,24,67,98,31,72,65,90,115,81,132,91"/><V4/><F114/><W120/><G115/><T108/><D70/><U27/><E36/><V29/><F123/><W15/><G120/><T40/><D1/><U55/><E0/><V112/><F112/><W49/><G132/><N who="0" m="50795" /><D125/><U64/><E74/><V34/><F69/><W80/><G15/><T13/><D25/><U78/><E78/><V2/><F73/><W100/><G49/><T56/><D108/><U109/><E135/><V86/><F106/><W71/><G71/><T3/><D56/><N who="1" m="35215" /><E55/><V10/><F34/><W103/><G90/><N who="1" m="34922" /><E109/><V57/><F33/><W50/><G81/><T11/><D105/><U76/><E76/><V7/><F39/><W118/><G118/><T23/><D99/><N who="1" m="59647" /><E131/><V43/><F86/><W127/><G127/><T22/><D40/><U111/><E111/><V85/><F85/><W47/><G72/><T35/><D37/><U107/><E107/><V21/><F43/><W48/><G47/><T28/><D28/><U129/><E129/><V26/><F42/><W68/><G68/><T32/><D83/><U104/><E104/><V79/><F79/><W16/><G31/><T102/><D102/><U96/><E96/><V30/><F30/><W5/><G5/><T110/><D110/><U62/><E62/><V117/><F117/><W41/><G41/><T124/><D124/><U87/><E87/><V19/><F29/><W75/><G75/><T8/><D84/><U45/><E45/><V119/><F119/><W121/><G121/><T18/><D3/><U128/><E128/><V82/><F82/><W113/><G113/><T46/><D46/><RYUUKYOKU ba="1,0" sc="345,15,265,15,297,-15,93,-15" hai0="6,8,11,13,14,18,22,23,32,35" hai1="17,27,64,66" /><INIT seed="3,2,0,5,0,1" ten="360,280,282,78" oya="3" hai0="20,26,13,133,19,14,51,87,38,11,52,23,77" hai1="79,91,123,44,84,92,115,65,43,121,48,120,73" hai2="28,74,99,112,78,83,15,70,134,34,37,17,127" hai3="7,4,113,129,42,40,68,132,45,126,69,57,72"/><W25/><G113/><T56/><D38/><U24/><E115/><V85/><F112/><W81/><G126/><T101/><D101/><U61/><E24/><V62/><F37/><W22/><G132/><T100/><D100/><U135/><E135/><V98/><F134/><W102/><G129/><T29/><D133/><U89/><E89/><V67/><F127/><W6/><G102/><T111/><D111/><U59/><E79/><V106/><F106/><W71/><G57/><T90/><D77/><U27/><E27/><V96/><F34/><W35/><G35/><T8/><D14/><U108/><E108/><V50/><F28/><W64/><G64/><T33/><D33/><U82/><E73/><V128/><F128/><W105/><G105/><T0/><D0/><U86/><REACH who="1" step="1"/><E84/><REACH who="1" ten="360,270,282,78" step="2"/><V109/><F109/><W39/><G42/><T95/><AGARI ba="2,1" hai="8,11,13,19,20,23,26,29,51,52,56,87,90,95" machi="95" ten="20,12000,2" yaku="0,1,7,1,25,2,8,1,54,1" doraHai="1" who="0" fromWho="0" sc="360,136,270,-32,282,-32,78,-62" owari="496,59.0,238,-16.0,250,5.0,16,-48.0" /></mjloggm>